{"id":"gen9championsvgc2026regmbbo3-2674858829","format":"[Gen 9 Champions] VGC 2026 Reg M-B (Bo3)","players":["okkia3","hellofellowtrainer"],"log":"|j|☆okkia3\n|j|☆hellofellowtrainer\n|html|<table width=\"100%\"><tr><td align=\"left\">okkia3</td><td align=\"right\">hellofellowtrainer</tr><tr><td align=\"left\"><i class=\"fa fa-circle-o\"></i> <i class=\"fa fa-circle-o\"></i> </td><td align=\"right\"><i class=\"fa fa-circle-o\"></i> <i class=\"fa fa-circle-o\"></i> </tr></table>\n|uhtml|bestof|<h2><strong>Game 1</strong> of <a href=\"/game-bestof3-gen9championsvgc2026regmbbo3-2674858828\">a best-of-3</a></h2>\n|t:|1788422935\n|gametype|doubles\n|player|p1|okkia3|102|1000\n|player|p2|hellofellowtrainer|2|1069\n|gen|9\n|tier|[Gen 9 Champions] VGC 2026 Reg M-B (Bo3)\n|rated|\n|rule|Species Clause: Limit one of each Pokémon\n|rule|Item Clause: Limit 1 of each item\n|clearpoke\n|poke|p1|Charizard, L50, M|\n|poke|p1|Whimsicott, L50, F|\n|poke|p1|Basculegion, L50, M|\n|poke|p1|Farigiraf, L50, M|\n|poke|p1|Kangaskhan, L50, F|\n|poke|p1|Sneasler, L50, M|\n|poke|p2|Oranguru, L50, F|\n|poke|p2|Hatterene, L50, F|\n|poke|p2|Armarouge, L50, M|\n|poke|p2|Raichu, L50, M|\n|poke|p2|Staraptor, L50, F|\n|poke|p2|Bastiodon, L50, M|\n|teampreview|4\n|showteam|p1|Charizard||CharizarditeY|SolarPower|WeatherBall,HeatWave,SolarBeam,Protect|Timid||M|||50|]Whimsicott||FocusSash|Prankster|Moonblast,Tailwind,SunnyDay,Encore|Timid||F|||50|]Basculegion||ChoiceScarf|Adaptability|WaveCrash,AquaJet,LastRespects,FlipTurn|Adamant||M|||50|]Farigiraf||SitrusBerry|ArmorTail|Psychic,HyperVoice,HelpingHand,TrickRoom|Modest||M|||50|]Kangaskhan||Kangaskhanite|Scrappy|FakeOut,DoubleEdge,DrainPunch,SuckerPunch|Adamant||F|||50|]Sneasler||WhiteHerb|Unburden|FakeOut,CloseCombat,DireClaw,RockTomb|Adamant||M|||50|\n|showteam|p2|Oranguru||MentalHerb|InnerFocus|ExpandingForce,PsychicTerrain,TrickRoom,Instruct|Quiet||F|||50|]Hatterene||Leftovers|MagicBounce|Psychic,DazzlingGleam,LifeDew,TrickRoom|Quiet||F|||50|]Armarouge||IronBall|FlashFire|ExpandingForce,AuraSphere,HeatWave,Protect|Quiet||M|||50|]Raichu||RaichuniteX|LightningRod|RisingVoltage,AlluringVoice,FakeOut,Protect|Serious||M|||50|]Staraptor||FocusSash|Intimidate|CloseCombat,BraveBird,BlazeKick,Tailwind|Jolly||F|||50|]Bastiodon||WhiteHerb|Sturdy|IronDefense,BodyPress,MetalBurst,Protect|Impish||M|||50|\n|inactive|Battle timer is ON: inactive players will automatically lose when time's up. (requested by okkia3)\n|\n|t:|1788422948\n|teamsize|p1|4\n|teamsize|p2|4\n|start\n|switch|p1a: Basculegion|Basculegion, L50, M|100/100\n|switch|p1b: Farigiraf|Farigiraf, L50, M|100/100\n|switch|p2a: Staraptor|Staraptor, L50, F|100/100\n|switch|p2b: Raichu|Raichu, L50, M|100/100\n|-ability|p2a: Staraptor|Intimidate|boost\n|-unboost|p1a: Basculegion|atk|1\n|-unboost|p1b: Farigiraf|atk|1\n|turn|1\n|\n|t:|1788422967\n|detailschange|p2b: Raichu|Raichu-Mega-X, L50, M\n|-mega|p2b: Raichu|Raichu|Raichunite X\n|-fieldstart|move: Electric Terrain|[from] ability: Electric Surge|[of] p2b: Raichu\n|move|p1a: Basculegion|Wave Crash|p2b: Raichu\n|-damage|p2b: Raichu|25/100\n|-damage|p1a: Basculegion|82/100|[from] Recoil\n|move|p2a: Staraptor|Brave Bird|p1b: Farigiraf\n|-damage|p1b: Farigiraf|42/100\n|-enditem|p1b: Farigiraf|Sitrus Berry|[eat]\n|-heal|p1b: Farigiraf|67/100|[from] item: Sitrus Berry\n|-damage|p2a: Staraptor|73/100|[from] Recoil\n|move|p2b: Raichu|Rising Voltage|p1b: Farigiraf\n|-hint|Rising Voltage's BP doubled on grounded target.\n|-damage|p1b: Farigiraf|0 fnt\n|faint|p1b: Farigiraf\n|\n|upkeep\n|\n|t:|1788422967\n|switch|p1b: Sneasler|Sneasler, L50, M|100/100\n|turn|2\n|j| ArmouredWing\n|\n|t:|1788422986\n|move|p2b: Raichu|Protect|p2b: Raichu\n|-singleturn|p2b: Raichu|Protect\n|move|p1a: Basculegion|Wave Crash|p2b: Raichu\n|-activate|p2b: Raichu|move: Protect\n|move|p1b: Sneasler|Rock Tomb|p2a: Staraptor\n|-supereffective|p2a: Staraptor|1\n|-crit|p2a: Staraptor\n|-damage|p2a: Staraptor|0 fnt\n|faint|p2a: Staraptor\n|\n|upkeep\n|\n|t:|1788422995\n|switch|p2a: Oranguru|Oranguru, L50, F|100/100\n|turn|3\n|\n|t:|1788423000\n|switch|p1b: Kangaskhan|Kangaskhan, L50, F|100/100\n|move|p1a: Basculegion|Wave Crash|p2b: Raichu\n|-damage|p2b: Raichu|0 fnt\n|faint|p2b: Raichu\n|-damage|p1a: Basculegion|76/100|[from] Recoil\n|move|p2a: Oranguru|Trick Room|p2a: Oranguru\n|-fieldstart|move: Trick Room|[of] p2a: Oranguru\n|\n|upkeep\n|\n|t:|1788423005\n|switch|p2b: Armarouge|Armarouge, L50, M|100/100\n|turn|4\n|\n|t:|1788423008\n|detailschange|p1b: Kangaskhan|Kangaskhan-Mega, L50, F\n|-mega|p1b: Kangaskhan|Kangaskhan|Kangaskhanite\n|move|p2b: Armarouge|Protect|p2b: Armarouge\n|-singleturn|p2b: Armarouge|Protect\n|move|p2a: Oranguru|Psychic Terrain|p2a: Oranguru\n|-fieldstart|move: Psychic Terrain\n|move|p1b: Kangaskhan|Double-Edge|p2a: Oranguru\n|-damage|p2a: Oranguru|32/100\n|-damage|p2a: Oranguru|15/100\n|-hitcount|p2a: Oranguru|2\n|-damage|p1b: Kangaskhan|69/100|[from] Recoil\n|move|p1a: Basculegion|Wave Crash|p2b: Armarouge\n|-activate|p2b: Armarouge|move: Protect\n|\n|upkeep\n|turn|5\n|\n|t:|1788423023\n|move|p2b: Armarouge|Expanding Force|p1a: Basculegion|[spread] p1a,p1b\n|-damage|p1a: Basculegion|0 fnt\n|-damage|p1b: Kangaskhan|5/100\n|faint|p1a: Basculegion\n|move|p2a: Oranguru|Instruct|p2b: Armarouge\n|-singleturn|p2b: Armarouge|move: Instruct|[of] p2a: Oranguru\n|move|p2b: Armarouge|Expanding Force|p1b: Kangaskhan\n|-damage|p1b: Kangaskhan|0 fnt\n|faint|p1b: Kangaskhan\n|\n|upkeep\n|\n|t:|1788423023\n|switch|p1a: Sneasler|Sneasler, L50, M|100/100\n|turn|6\n|\n|t:|1788423034\n|move|p2b: Armarouge|Expanding Force|p1a: Sneasler\n|-supereffective|p1a: Sneasler|2\n|-damage|p1a: Sneasler|0 fnt\n|faint|p1a: Sneasler\n|\n|win|hellofellowtrainer\n","uploadtime":1788423034,"views":"0","formatid":"gen9championsvgc2026regmbbo3","rating":null,"private":0,"password":null}