{"id":"gen9championsvgc2026regmb-2674265253","format":"[Gen 9 Champions] VGC 2026 Reg M-B","players":["ani 0304","nerd159"],"log":"|j|☆ani 0304\n|j|☆nerd159\n|t:|1788326770\n|gametype|doubles\n|player|p1|ani 0304|169|1665\n|player|p2|nerd159|2|1712\n|gen|9\n|tier|[Gen 9 Champions] VGC 2026 Reg M-B\n|rated|\n|rule|Species Clause: Limit one of each Pokémon\n|rule|Item Clause: Limit 1 of each item\n|clearpoke\n|poke|p1|Charizard, L50, F|\n|poke|p1|Venusaur, L50, F|\n|poke|p1|Incineroar, L50, M|\n|poke|p1|Garchomp, L50, M|\n|poke|p1|Sylveon, L50, F|\n|poke|p1|Toxapex, L50, M|\n|poke|p2|Rotom-Wash, L50|\n|poke|p2|Sinistcha, L50|\n|poke|p2|Kommo-o, L50, F|\n|poke|p2|Incineroar, L50, F|\n|poke|p2|Scizor, L50, M|\n|poke|p2|Aerodactyl, L50, M|\n|teampreview|4\n|inactive|Battle timer is ON: inactive players will automatically lose when time's up. (requested by nerd159)\n|\n|t:|1788326806\n|teamsize|p1|4\n|teamsize|p2|4\n|start\n|switch|p1a: Venusaur|Venusaur, L50, F|100/100\n|switch|p1b: Charizard|Charizard, L50, F|100/100\n|switch|p2a: Rotom|Rotom-Wash, L50|100/100\n|switch|p2b: Incineroar|Incineroar, L50, F|100/100\n|-ability|p2b: Incineroar|Intimidate|boost\n|-unboost|p1a: Venusaur|atk|1\n|-unboost|p1b: Charizard|atk|1\n|turn|1\n|\n|t:|1788326820\n|switch|p1b: Incineroar|Incineroar, L50, M|100/100\n|-ability|p1b: Incineroar|Intimidate|boost\n|-unboost|p2a: Rotom|atk|1\n|-unboost|p2b: Incineroar|atk|1\n|switch|p2a: Scizor|Scizor, L50, M|100/100\n|move|p2b: Incineroar|Fake Out|p1b: Incineroar\n|-damage|p1b: Incineroar|94/100\n|move|p1a: Venusaur|Leaf Storm|p2a: Scizor|[miss]\n|-miss|p1a: Venusaur|p2a: Scizor\n|\n|upkeep\n|turn|2\n|j| metayarrak\n|\n|t:|1788326843\n|switch|p2b: Aerodactyl|Aerodactyl, L50, M|100/100\n|-ability|p2b: Aerodactyl|Unnerve\n|move|p1a: Venusaur|Protect|p1a: Venusaur\n|-singleturn|p1a: Venusaur|Protect\n|move|p2a: Scizor|Protect|p2a: Scizor\n|-singleturn|p2a: Scizor|Protect\n|move|p1b: Incineroar|Parting Shot|p2b: Aerodactyl\n|-unboost|p2b: Aerodactyl|atk|1\n|-unboost|p2b: Aerodactyl|spa|1\n|\n|t:|1788326856\n|switch|p1b: Charizard|Charizard, L50, F|100/100|[from] Parting Shot\n|\n|upkeep\n|turn|3\n|\n|t:|1788326869\n|switch|p1b: Toxapex|Toxapex, L50, M|100/100\n|switch|p1a: Incineroar|Incineroar, L50, M|94/100\n|-ability|p1a: Incineroar|Intimidate|boost\n|-unboost|p2a: Scizor|atk|1\n|-unboost|p2b: Aerodactyl|atk|1\n|switch|p2a: Incineroar|Incineroar, L50, F|100/100\n|-ability|p2a: Incineroar|Intimidate|boost\n|-unboost|p1a: Incineroar|atk|1\n|-unboost|p1b: Toxapex|atk|1\n|detailschange|p2b: Aerodactyl|Aerodactyl-Mega, L50, M\n|-mega|p2b: Aerodactyl|Aerodactyl|Aerodactylite\n|move|p2b: Aerodactyl|Protect||[still]\n|-fail|p2b: Aerodactyl\n|\n|upkeep\n|turn|4\n|inactive|ani 0304 has 30 seconds left.\n|\n|t:|1788326900\n|switch|p2b: Rotom|Rotom-Wash, L50|100/100\n|switch|p1a: Venusaur|Venusaur, L50, F|100/100\n|move|p2a: Incineroar|Throat Chop|p1a: Venusaur\n|-damage|p1a: Venusaur|60/100\n|-start|p1a: Venusaur|Throat Chop|[silent]\n|move|p1b: Toxapex|Infestation|p2b: Rotom\n|-damage|p2b: Rotom|96/100\n|-activate|p2b: Rotom|move: Infestation|[of] p1b: Toxapex\n|\n|-damage|p2b: Rotom|84/100|[from] move: Infestation|[partiallytrapped]\n|upkeep\n|turn|5\n|\n|t:|1788326920\n|switch|p1b: Incineroar|Incineroar, L50, M|94/100\n|-ability|p1b: Incineroar|Intimidate|boost\n|-unboost|p2a: Incineroar|atk|1\n|-unboost|p2b: Rotom|atk|1\n|move|p1a: Venusaur|Protect|p1a: Venusaur\n|-singleturn|p1a: Venusaur|Protect\n|move|p2b: Rotom|Thunderbolt|p1b: Incineroar\n|-damage|p1b: Incineroar|64/100\n|move|p2a: Incineroar|Flare Blitz|p1a: Venusaur\n|-activate|p1a: Venusaur|move: Protect\n|\n|-end|p2b: Rotom|Infestation|[partiallytrapped]|[silent]\n|-end|p1a: Venusaur|Throat Chop|[silent]\n|upkeep\n|turn|6\n|\n|t:|1788326940\n|switch|p1a: Toxapex|Toxapex, L50, M|100/100\n|switch|p2b: Scizor|Scizor, L50, M|100/100\n|move|p2a: Incineroar|Throat Chop|p1b: Incineroar\n|-resisted|p1b: Incineroar|1\n|-damage|p1b: Incineroar|57/100\n|-start|p1b: Incineroar|Throat Chop|[silent]\n|cant|p1b: Incineroar|move: Throat Chop\n|\n|upkeep\n|turn|7\n|\n|t:|1788326961\n|switch|p1b: Charizard|Charizard, L50, F|100/100\n|move|p2b: Scizor|Close Combat|p1b: Charizard\n|-resisted|p1b: Charizard|1\n|-damage|p1b: Charizard|76/100\n|-unboost|p2b: Scizor|def|1\n|-unboost|p2b: Scizor|spd|1\n|move|p2a: Incineroar|Parting Shot|p1a: Toxapex\n|-unboost|p1a: Toxapex|atk|1\n|-unboost|p1a: Toxapex|spa|1\n|\n|t:|1788326969\n|switch|p2a: Aerodactyl|Aerodactyl-Mega, L50, M|100/100|[from] Parting Shot\n|move|p1a: Toxapex|Toxic|p2a: Aerodactyl\n|-status|p2a: Aerodactyl|tox\n|\n|-damage|p2a: Aerodactyl|94/100 tox|[from] psn\n|upkeep\n|turn|8\n|\n|t:|1788326991\n|move|p1b: Charizard|Protect|p1b: Charizard\n|-singleturn|p1b: Charizard|Protect\n|move|p2b: Scizor|Bullet Punch|p1b: Charizard\n|-activate|p1b: Charizard|move: Protect\n|move|p2a: Aerodactyl|Dual Wingbeat|p1b: Charizard\n|-activate|p1b: Charizard|move: Protect\n|move|p1a: Toxapex|Infestation|p2a: Aerodactyl\n|-resisted|p2a: Aerodactyl|1\n|-damage|p2a: Aerodactyl|93/100 tox\n|-activate|p2a: Aerodactyl|move: Infestation|[of] p1a: Toxapex\n|\n|-damage|p2a: Aerodactyl|81/100 tox|[from] psn\n|-damage|p2a: Aerodactyl|69/100 tox|[from] move: Infestation|[partiallytrapped]\n|upkeep\n|turn|9\n|\n|t:|1788327011\n|switch|p1b: Incineroar|Incineroar, L50, M|57/100\n|-ability|p1b: Incineroar|Intimidate|boost\n|-unboost|p2a: Aerodactyl|atk|1\n|-unboost|p2b: Scizor|atk|1\n|switch|p2b: Incineroar|Incineroar, L50, F|100/100\n|-ability|p2b: Incineroar|Intimidate|boost\n|-unboost|p1a: Toxapex|atk|1\n|-unboost|p1b: Incineroar|atk|1\n|move|p2a: Aerodactyl|Rock Slide|p1a: Toxapex|[spread] p1a,p1b\n|-supereffective|p1b: Incineroar|1\n|-damage|p1a: Toxapex|87/100\n|-damage|p1b: Incineroar|27/100\n|-enditem|p1b: Incineroar|Sitrus Berry|[eat]\n|-heal|p1b: Incineroar|52/100|[from] item: Sitrus Berry\n|move|p1a: Toxapex|Infestation|p2b: Incineroar\n|-damage|p2b: Incineroar|98/100\n|-activate|p2b: Incineroar|move: Infestation|[of] p1a: Toxapex\n|\n|-heal|p1a: Toxapex|93/100|[from] item: Leftovers\n|-damage|p2a: Aerodactyl|51/100 tox|[from] psn\n|-damage|p2a: Aerodactyl|39/100 tox|[from] move: Infestation|[partiallytrapped]\n|-damage|p2b: Incineroar|86/100|[from] move: Infestation|[partiallytrapped]\n|upkeep\n|turn|10\n|inactive|ani 0304 has 30 seconds left.\n|\n|t:|1788327044\n|move|p2b: Incineroar|Fake Out|p1b: Incineroar\n|-damage|p1b: Incineroar|44/100\n|move|p2a: Aerodactyl|Dual Wingbeat|p1b: Incineroar\n|-damage|p1b: Incineroar|29/100\n|-damage|p1b: Incineroar|14/100\n|-hitcount|p1b: Incineroar|2\n|cant|p1b: Incineroar|flinch\n|move|p1a: Toxapex|Toxic|p2b: Incineroar\n|-status|p2b: Incineroar|tox\n|\n|-heal|p1a: Toxapex|99/100|[from] item: Leftovers\n|-damage|p2a: Aerodactyl|16/100 tox|[from] psn\n|-damage|p2b: Incineroar|80/100 tox|[from] psn\n|-damage|p2a: Aerodactyl|4/100 tox|[from] move: Infestation|[partiallytrapped]\n|-damage|p2b: Incineroar|67/100 tox|[from] move: Infestation|[partiallytrapped]\n|upkeep\n|turn|11\n|\n|t:|1788327068\n|move|p1a: Toxapex|Baneful Bunker|p1a: Toxapex\n|-singleturn|p1a: Toxapex|move: Protect\n|move|p2a: Aerodactyl|Rock Slide|p1b: Incineroar|[spread] p1b\n|-activate|p1a: Toxapex|move: Protect\n|-supereffective|p1b: Incineroar|1\n|-damage|p1b: Incineroar|0 fnt\n|faint|p1b: Incineroar\n|move|p2b: Incineroar|Parting Shot|p1a: Toxapex\n|-activate|p1a: Toxapex|move: Protect\n|\n|-heal|p1a: Toxapex|100/100|[from] item: Leftovers\n|-damage|p2a: Aerodactyl|0 fnt|[from] psn\n|faint|p2a: Aerodactyl\n|-damage|p2b: Incineroar|55/100 tox|[from] psn\n|-damage|p2b: Incineroar|43/100 tox|[from] move: Infestation|[partiallytrapped]\n|upkeep\n|\n|t:|1788327089\n|switch|p2a: Rotom|Rotom-Wash, L50|84/100\n|switch|p1b: Venusaur|Venusaur, L50, F|60/100\n|turn|12\n|inactive|ani 0304 has 30 seconds left.\n|\n|t:|1788327124\n|switch|p2a: Scizor|Scizor, L50, M|100/100\n|move|p1b: Venusaur|Earth Power|p2b: Incineroar\n|-supereffective|p2b: Incineroar|1\n|-damage|p2b: Incineroar|0 fnt\n|faint|p2b: Incineroar\n|-damage|p1b: Venusaur|50/100g|[from] item: Life Orb\n|move|p1a: Toxapex|Infestation|p2a: Scizor\n|-resisted|p2a: Scizor|1\n|-damage|p2a: Scizor|98/100\n|-activate|p2a: Scizor|move: Infestation|[of] p1a: Toxapex\n|\n|-damage|p2a: Scizor|86/100|[from] move: Infestation|[partiallytrapped]\n|upkeep\n|\n|t:|1788327126\n|switch|p2b: Rotom|Rotom-Wash, L50|84/100\n|turn|13\n|\n|t:|1788327146\n|move|p1b: Venusaur|Protect|p1b: Venusaur\n|-singleturn|p1b: Venusaur|Protect\n|move|p2b: Rotom|Thunderbolt|p1a: Toxapex\n|-supereffective|p1a: Toxapex|1\n|-damage|p1a: Toxapex|46/100\n|move|p2a: Scizor|Swords Dance|p2a: Scizor\n|-boost|p2a: Scizor|atk|2\n|move|p1a: Toxapex|Toxic|p2b: Rotom\n|-status|p2b: Rotom|tox\n|\n|-heal|p1a: Toxapex|51/100|[from] item: Leftovers\n|-damage|p2b: Rotom|78/100 tox|[from] psn\n|-damage|p2a: Scizor|74/100|[from] move: Infestation|[partiallytrapped]\n|upkeep\n|turn|14\n|\n|t:|1788327163\n|switch|p1b: Charizard|Charizard, L50, F|76/100\n|move|p1a: Toxapex|Baneful Bunker|p1a: Toxapex\n|-singleturn|p1a: Toxapex|move: Protect\n|move|p2a: Scizor|Bullet Punch|p1b: Charizard\n|-resisted|p1b: Charizard|1\n|-damage|p1b: Charizard|44/100\n|move|p2b: Rotom|Thunderbolt|p1a: Toxapex\n|-activate|p1a: Toxapex|move: Protect\n|\n|-heal|p1a: Toxapex|57/100|[from] item: Leftovers\n|-damage|p2b: Rotom|67/100 tox|[from] psn\n|-damage|p2a: Scizor|61/100|[from] move: Infestation|[partiallytrapped]\n|upkeep\n|turn|15\n|\n|t:|1788327187\n|detailschange|p1b: Charizard|Charizard-Mega-Y, L50, F\n|-mega|p1b: Charizard|Charizard|Charizardite Y\n|-weather|SunnyDay|[from] ability: Drought|[of] p1b: Charizard\n|move|p2a: Scizor|Bullet Punch|p1a: Toxapex\n|-resisted|p1a: Toxapex|1\n|-damage|p1a: Toxapex|34/100\n|move|p1b: Charizard|Heat Wave|p2a: Scizor|[spread] p2a,p2b\n|-supereffective|p2a: Scizor|2\n|-resisted|p2b: Rotom|1\n|-damage|p2a: Scizor|0 fnt\n|-damage|p2b: Rotom|34/100 tox\n|-enditem|p2b: Rotom|Sitrus Berry|[eat]\n|-heal|p2b: Rotom|59/100 tox|[from] item: Sitrus Berry\n|faint|p2a: Scizor\n|move|p2b: Rotom|Thunderbolt|p1a: Toxapex\n|-supereffective|p1a: Toxapex|1\n|-crit|p1a: Toxapex\n|-damage|p1a: Toxapex|0 fnt\n|faint|p1a: Toxapex\n|\n|-weather|SunnyDay|[upkeep]\n|-damage|p2b: Rotom|42/100 tox|[from] psn\n|upkeep\n|-message|nerd159 forfeited.\n|\n|win|ani 0304\n|raw|ani 0304's rating: 1665 &rarr; <strong>1688</strong><br />(+23 for winning)\n|raw|nerd159's rating: 1712 &rarr; <strong>1689</strong><br />(-23 for losing)\n|l|☆nerd159\n|player|p2|\n","uploadtime":1788327215,"views":"1","formatid":"gen9championsvgc2026regmb","rating":1688,"private":0,"password":null}