{"id":"gen9championsvgc2026regmbbo3-2673877732","format":"[Gen 9 Champions] VGC 2026 Reg M-B (Bo3)","players":["mellowflight","javivaarela"],"log":"|j|☆mellowflight\n|j|☆javivaarela\n|html|<table width=\"100%\"><tr><td align=\"left\">mellowflight</td><td align=\"right\">javivaarela</tr><tr><td align=\"left\"><i class=\"fa fa-circle-o\"></i> <i class=\"fa fa-circle-o\"></i> </td><td align=\"right\"><i class=\"fa fa-circle-o\"></i> <i class=\"fa fa-circle\"></i> </tr></table>\n|uhtml|bestof|<h2><strong>Game 2</strong> of <a href=\"/game-bestof3-gen9championsvgc2026regmbbo3-2673876508\">a best-of-3</a></h2>\n|t:|1788272043\n|gametype|doubles\n|player|p1|mellowflight|rhi|1389\n|player|p2|javivaarela|102|1385\n|gen|9\n|tier|[Gen 9 Champions] VGC 2026 Reg M-B (Bo3)\n|rated|\n|rule|Species Clause: Limit one of each Pokémon\n|rule|Item Clause: Limit 1 of each item\n|clearpoke\n|poke|p1|Staraptor, L50, M|\n|poke|p1|Glimmora, L50, M|\n|poke|p1|Basculegion, L50, M|\n|poke|p1|Whimsicott, L50, F|\n|poke|p1|Kingambit, L50, M|\n|poke|p1|Floette-Eternal, L50, F|\n|poke|p2|Staraptor, L50, F, shiny|\n|poke|p2|Arcanine-Hisui, L50, F, shiny|\n|poke|p2|Kingambit, L50, F, shiny|\n|poke|p2|Sylveon, L50, M, shiny|\n|poke|p2|Raichu, L50, M, shiny|\n|poke|p2|Farigiraf, L50, F, shiny|\n|teampreview|4\n|showteam|p1|Staraptor||Staraptite|Intimidate|CloseCombat,Roost,Protect,BraveBird|Jolly||M|||50|]Glimmora||LifeOrb|ToxicDebris|PowerGem,EarthPower,SludgeBomb,SpikyShield|Timid||M|||50|]Basculegion||SitrusBerry|Adaptability|LastRespects,AquaJet,WaveCrash,Protect|Adamant||M|||50|]Whimsicott||FocusSash|Prankster|Tailwind,Moonblast,Encore,Protect|Timid||F|||50|]Kingambit||ChopleBerry|Defiant|SuckerPunch,LowKick,KowtowCleave,IronHead|Adamant||M|||50|]Floette-Eternal||Floettite|FlowerVeil|Moonblast,DazzlingGleam,Protect,LightofRuin|Timid||F|||50|\n|showteam|p2|Staraptor||Staraptite|Intimidate|DualWingbeat,CloseCombat,Tailwind,Protect|Jolly||F|||50|]Arcanine-Hisui||FocusSash|RockHead|FlareBlitz,HeadSmash,ExtremeSpeed,Protect|Jolly||F|||50|]Kingambit||LifeOrb|Defiant|KowtowCleave,SuckerPunch,SwordsDance,Protect|Adamant||F|||50|]Sylveon||FairyFeather|Pixilate|HyperVoice,HyperBeam,QuickAttack,Detect|Modest||M|||50|]Raichu||RaichuniteY|LightningRod|ZapCannon,FocusBlast,FakeOut,Protect|Timid||M|||50|]Farigiraf||SitrusBerry|ArmorTail|Psychic,HelpingHand,TrickRoom,Protect|Calm||F|||50|\n|inactive|Battle timer is ON: inactive players will automatically lose when time's up. (requested by javivaarela)\n|\n|t:|1788272057\n|teamsize|p1|4\n|teamsize|p2|4\n|start\n|switch|p1a: Kingambit|Kingambit, L50, M|100/100\n|switch|p1b: Glimmora|Glimmora, L50, M|100/100\n|switch|p2a: Big Chu|Raichu, L50, M, shiny|100/100\n|switch|p2b: Sadie Sink|Sylveon, L50, M, shiny|100/100\n|turn|1\n|\n|t:|1788272069\n|detailschange|p2a: Big Chu|Raichu-Mega-Y, L50, M, shiny\n|-mega|p2a: Big Chu|Raichu|Raichunite Y\n|move|p2a: Big Chu|Zap Cannon|p1b: Glimmora\n|-damage|p1b: Glimmora|20/100y\n|-status|p1b: Glimmora|par\n|move|p2b: Sadie Sink|Hyper Voice|p1b: Glimmora|[spread] p1a,p1b\n|-resisted|p1b: Glimmora|1\n|-damage|p1a: Kingambit|63/100\n|-damage|p1b: Glimmora|0 fnt\n|faint|p1b: Glimmora\n|move|p1a: Kingambit|Iron Head|p2b: Sadie Sink\n|-supereffective|p2b: Sadie Sink|1\n|-damage|p2b: Sadie Sink|1/100\n|\n|upkeep\n|\n|t:|1788272083\n|switch|p1b: Floette|Floette-Eternal, L50, F|100/100\n|turn|2\n|\n|t:|1788272094\n|switch|p2b: Fridge|Farigiraf, L50, F, shiny|100/100\n|detailschange|p1b: Floette|Floette-Mega, L50, F\n|-mega|p1b: Floette|Floette|Floettite\n|-ability|p1b: Floette|Fairy Aura\n|move|p1a: Kingambit|Sucker Punch||[still]\n|cant|p2b: Fridge|ability: Armor Tail|Sucker Punch|[of] p1a: Kingambit\n|move|p2a: Big Chu|Focus Blast|p1a: Kingambit\n|-supereffective|p1a: Kingambit|2\n|-enditem|p1a: Kingambit|Chople Berry|[eat]\n|-enditem|p1a: Kingambit|Chople Berry|[weaken]\n|-damage|p1a: Kingambit|0 fnt\n|faint|p1a: Kingambit\n|move|p1b: Floette|Dazzling Gleam|p2b: Fridge|[spread] p2a,p2b\n|-damage|p2a: Big Chu|41/100\n|-damage|p2b: Fridge|62/100\n|\n|upkeep\n|\n|t:|1788272099\n|switch|p1a: Basculegion|Basculegion, L50, M|100/100\n|turn|3\n|\n|t:|1788272111\n|move|p2a: Big Chu|Protect|p2a: Big Chu\n|-singleturn|p2a: Big Chu|Protect\n|move|p1b: Floette|Protect|p1b: Floette\n|-singleturn|p1b: Floette|Protect\n|move|p1a: Basculegion|Wave Crash|p2a: Big Chu\n|-activate|p2a: Big Chu|move: Protect\n|move|p2b: Fridge|Psychic|p1b: Floette\n|-activate|p1b: Floette|move: Protect\n|\n|upkeep\n|turn|4\n|\n|t:|1788272119\n|move|p2b: Fridge|Helping Hand|p2a: Big Chu\n|-singleturn|p2a: Big Chu|Helping Hand|[of] p2b: Fridge\n|move|p1a: Basculegion|Protect|p1a: Basculegion\n|-singleturn|p1a: Basculegion|Protect\n|move|p2a: Big Chu|Zap Cannon|p1b: Floette\n|-damage|p1b: Floette|21/100\n|-status|p1b: Floette|par\n|move|p1b: Floette|Dazzling Gleam|p2b: Fridge|[spread] p2a,p2b\n|-damage|p2a: Big Chu|0 fnt\n|-damage|p2b: Fridge|29/100\n|-enditem|p2b: Fridge|Sitrus Berry|[eat]\n|-heal|p2b: Fridge|54/100|[from] item: Sitrus Berry\n|faint|p2a: Big Chu\n|\n|upkeep\n|\n|t:|1788272136\n|switch|p2a: Wasabi|Arcanine-Hisui, L50, F, shiny|100/100\n|turn|5\n|\n|t:|1788272148\n|move|p1b: Floette|Protect|p1b: Floette\n|-singleturn|p1b: Floette|Protect\n|move|p2a: Wasabi|Head Smash|p1a: Basculegion|[miss]\n|-miss|p2a: Wasabi|p1a: Basculegion\n|move|p1a: Basculegion|Last Respects|p2a: Wasabi\n|-enditem|p2a: Wasabi|Focus Sash\n|-damage|p2a: Wasabi|1/100\n|move|p2b: Fridge|Psychic|p1b: Floette\n|-activate|p1b: Floette|move: Protect\n|\n|upkeep\n|turn|6\n|\n|t:|1788272167\n|move|p1a: Basculegion|Protect|p1a: Basculegion\n|-singleturn|p1a: Basculegion|Protect\n|move|p2a: Wasabi|Extreme Speed|p1b: Floette\n|-damage|p1b: Floette|0 fnt\n|faint|p1b: Floette\n|move|p2b: Fridge|Trick Room|p2b: Fridge\n|-fieldstart|move: Trick Room|[of] p2b: Fridge\n|\n|upkeep\n|turn|7\n|\n|t:|1788272178\n|move|p2b: Fridge|Psychic|p1a: Basculegion\n|-damage|p1a: Basculegion|63/100\n|move|p1a: Basculegion|Wave Crash|p2b: Fridge\n|-damage|p2b: Fridge|0 fnt\n|faint|p2b: Fridge\n|-damage|p1a: Basculegion|43/100|[from] Recoil\n|-enditem|p1a: Basculegion|Sitrus Berry|[eat]\n|-heal|p1a: Basculegion|68/100|[from] item: Sitrus Berry\n|move|p2a: Wasabi|Head Smash|p1a: Basculegion\n|-damage|p1a: Basculegion|0 fnt\n|faint|p1a: Basculegion\n|\n|win|javivaarela\n|raw|mellowflight's rating: 1389 &rarr; <strong>1369</strong><br />(-20 for losing)\n|raw|javivaarela's rating: 1385 &rarr; <strong>1405</strong><br />(+20 for winning)\n","uploadtime":1788272178,"views":"0","formatid":"gen9championsvgc2026regmbbo3","rating":1369,"private":0,"password":null}