{"id":"gen9championsvgc2026regmbbo3-2673617812","format":"[Gen 9 Champions] VGC 2026 Reg M-B (Bo3)","players":["AkirCS","saturnineblue"],"log":"|j|☆AkirCS\n|j|☆saturnineblue\n|html|<table width=\"100%\"><tr><td align=\"left\">AkirCS</td><td align=\"right\">saturnineblue</tr><tr><td align=\"left\"><i class=\"fa fa-circle\"></i> <i class=\"fa fa-circle-o\"></i> </td><td align=\"right\"><i class=\"fa fa-circle-o\"></i> <i class=\"fa fa-circle\"></i> </tr></table>\n|uhtml|bestof|<h2><strong>Game 3</strong> of <a href=\"/game-bestof3-gen9championsvgc2026regmbbo3-2673613266\">a best-of-3</a></h2>\n|t:|1788222055\n|gametype|doubles\n|player|p1|AkirCS|pryce|\n|player|p2|saturnineblue|melli|\n|gen|9\n|tier|[Gen 9 Champions] VGC 2026 Reg M-B (Bo3)\n|rule|Species Clause: Limit one of each Pokémon\n|rule|Item Clause: Limit 1 of each item\n|raw|<div class=\"infobox\"><details class=\"readmore\" open><summary><strong>1 custom rule:</strong></summary> !Force Open Team Sheets</details></div>\n|clearpoke\n|poke|p1|Basculegion, L50, M|\n|poke|p1|Kingambit, L50, M|\n|poke|p1|Pelipper, L50, M|\n|poke|p1|Grimmsnarl, L50, M|\n|poke|p1|Gardevoir, L50, M|\n|poke|p1|Emboar, L50, M|\n|poke|p2|Glimmora, L50, M|\n|poke|p2|Dragapult, L50, M, shiny|\n|poke|p2|Scovillain, L50, F, shiny|\n|poke|p2|Tinkaton, L50, F|\n|poke|p2|Meowscarada, L50, M, shiny|\n|poke|p2|Meowstic, L50, M|\n|teampreview|4\n|inactive|Battle timer is ON: inactive players will automatically lose when time's up. (requested by AkirCS)\n|inactive|AkirCS has 60 seconds left.\n|inactive|AkirCS has 30 seconds left.\n|\n|t:|1788222122\n|teamsize|p1|4\n|teamsize|p2|4\n|start\n|switch|p1a: I'M BOARD|Emboar, L50, M|100/100\n|switch|p1b: Grimace Shake|Grimmsnarl, L50, M|100/100\n|switch|p2a: Salt & Pepper|Scovillain, L50, F, shiny|100/100\n|switch|p2b: The Tinker|Tinkaton, L50, F|100/100\n|-ability|p2b: The Tinker|Mold Breaker\n|turn|1\n|inactive|AkirCS has 30 seconds left.\n|inactive|saturnineblue has 30 seconds left.\n|inactive|AkirCS has 20 seconds left.\n|\n|t:|1788222158\n|detailschange|p1a: I'M BOARD|Emboar-Mega, L50, M\n|-mega|p1a: I'M BOARD|Emboar|Emboarite\n|-ability|p1a: I'M BOARD|Mold Breaker\n|detailschange|p2a: Salt & Pepper|Scovillain-Mega, L50, F, shiny\n|-mega|p2a: Salt & Pepper|Scovillain|Scovillainite\n|move|p2b: The Tinker|Fake Out|p1a: I'M BOARD\n|-damage|p1a: I'M BOARD|87/100\n|move|p1b: Grimace Shake|Reflect|p1b: Grimace Shake\n|-sidestart|p1: AkirCS|Reflect\n|cant|p1a: I'M BOARD|flinch\n|move|p2a: Salt & Pepper|Giga Drain|p1a: I'M BOARD\n|-resisted|p1a: I'M BOARD|1\n|-damage|p1a: I'M BOARD|72/100\n|\n|upkeep\n|turn|2\n|inactive|AkirCS has 30 seconds left.\n|inactive|saturnineblue has 30 seconds left.\n|inactive|AkirCS has 20 seconds left.\n|inactive|AkirCS has 15 seconds left.\n|\n|t:|1788222199\n|move|p1a: I'M BOARD|Protect|p1a: I'M BOARD\n|-singleturn|p1a: I'M BOARD|Protect\n|move|p2a: Salt & Pepper|Rage Powder|p2a: Salt & Pepper\n|-singleturn|p2a: Salt & Pepper|move: Rage Powder\n|move|p1b: Grimace Shake|Taunt|p2a: Salt & Pepper\n|-start|p2a: Salt & Pepper|move: Taunt\n|move|p2b: The Tinker|Play Rough|p1a: I'M BOARD\n|-activate|p1a: I'M BOARD|move: Protect\n|\n|upkeep\n|turn|3\n|\n|t:|1788222220\n|move|p1b: Grimace Shake|Light Screen|p1b: Grimace Shake\n|-sidestart|p1: AkirCS|move: Light Screen\n|move|p1a: I'M BOARD|Flare Blitz|p2b: The Tinker\n|-supereffective|p2b: The Tinker|1\n|-damage|p2b: The Tinker|0 fnt\n|faint|p2b: The Tinker\n|-damage|p1a: I'M BOARD|38/100|[from] Recoil\n|move|p2a: Salt & Pepper|Flamethrower|p1b: Grimace Shake\n|-damage|p1b: Grimace Shake|67/100\n|\n|upkeep\n|\n|t:|1788222230\n|switch|p2b: Oh Wyrm?|Dragapult, L50, M, shiny|100/100\n|turn|4\n|inactive|AkirCS has 30 seconds left.\n|\n|t:|1788222256\n|move|p1a: I'M BOARD|Protect|p1a: I'M BOARD\n|-singleturn|p1a: I'M BOARD|Protect\n|move|p2b: Oh Wyrm?|Hex|p1a: I'M BOARD\n|-activate|p1a: I'M BOARD|move: Protect\n|move|p2a: Salt & Pepper|Flamethrower|p1b: Grimace Shake\n|-damage|p1b: Grimace Shake|35/100\n|move|p1b: Grimace Shake|Spirit Break|p2b: Oh Wyrm?\n|-supereffective|p2b: Oh Wyrm?|1\n|-damage|p2b: Oh Wyrm?|22/100\n|-unboost|p2b: Oh Wyrm?|spa|1\n|\n|upkeep\n|turn|5\n|inactive|AkirCS has 30 seconds left.\n|inactive|AkirCS has 20 seconds left.\n|\n|t:|1788222296\n|switch|p1b: PRESS F|Basculegion, L50, M|100/100\n|move|p1a: I'M BOARD|Sucker Punch|p2b: Oh Wyrm?\n|-supereffective|p2b: Oh Wyrm?|1\n|-damage|p2b: Oh Wyrm?|0 fnt\n|faint|p2b: Oh Wyrm?\n|move|p2a: Salt & Pepper|Flamethrower|p1b: PRESS F\n|-resisted|p1b: PRESS F|1\n|-damage|p1b: PRESS F|83/100\n|-status|p1b: PRESS F|brn\n|\n|-damage|p1b: PRESS F|77/100 brn|[from] brn\n|-end|p2a: Salt & Pepper|move: Taunt\n|upkeep\n|\n|t:|1788222309\n|switch|p2b: Kit Kat|Meowscarada, L50, M, shiny|100/100\n|turn|6\n|inactive|AkirCS has 30 seconds left.\n|inactive|AkirCS has 20 seconds left.\n|\n|t:|1788222347\n|move|p1a: I'M BOARD|Protect|p1a: I'M BOARD\n|-singleturn|p1a: I'M BOARD|Protect\n|move|p2a: Salt & Pepper|Rage Powder|p2a: Salt & Pepper\n|-singleturn|p2a: Salt & Pepper|move: Rage Powder\n|move|p1b: PRESS F|Wave Crash|p2a: Salt & Pepper\n|-damage|p2a: Salt & Pepper|59/100\n|-damage|p1b: PRESS F|65/100 brn|[from] Recoil\n|move|p2b: Kit Kat|Knock Off|p1a: I'M BOARD\n|-start|p2b: Kit Kat|typechange|Dark|[from] ability: Protean\n|-activate|p1a: I'M BOARD|move: Protect\n|\n|-damage|p1b: PRESS F|59/100 brn|[from] brn\n|upkeep\n|turn|7\n|inactive|AkirCS has 30 seconds left.\n|inactive|AkirCS has 20 seconds left.\n|\n|t:|1788222386\n|switch|p1b: We Cringe On|Kingambit, L50, M|100/100\n|switch|p1a: Grimace Shake|Grimmsnarl, L50, M|35/100\n|move|p2a: Salt & Pepper|Rage Powder|p2a: Salt & Pepper\n|-singleturn|p2a: Salt & Pepper|move: Rage Powder\n|move|p2b: Kit Kat|Knock Off|p1a: Grimace Shake\n|-resisted|p1a: Grimace Shake|2\n|-damage|p1a: Grimace Shake|28/100\n|-enditem|p1a: Grimace Shake|Light Clay|[from] move: Knock Off|[of] p2b: Kit Kat\n|\n|upkeep\n|turn|8\n|\n|t:|1788222407\n|move|p1b: We Cringe On|Protect|p1b: We Cringe On\n|-singleturn|p1b: We Cringe On|Protect\n|move|p1a: Grimace Shake|Taunt|p2a: Salt & Pepper\n|-start|p2a: Salt & Pepper|move: Taunt\n|move|p2b: Kit Kat|Brick Break|p1b: We Cringe On\n|-activate|p1b: We Cringe On|move: Protect\n|move|p2a: Salt & Pepper|Flamethrower|p1b: We Cringe On\n|-activate|p1b: We Cringe On|move: Protect\n|\n|-sideend|p1: AkirCS|Reflect\n|upkeep\n|turn|9\n|\n|t:|1788222428\n|-end|p1b: We Cringe On|fallenundefined|[silent]\n|switch|p1b: PRESS F|Basculegion, L50, M|59/100 brn\n|move|p2b: Kit Kat|Flower Trick|p1a: Grimace Shake\n|-crit|p1a: Grimace Shake\n|-damage|p1a: Grimace Shake|1/100\n|move|p2a: Salt & Pepper|Flamethrower|p1b: PRESS F\n|-resisted|p1b: PRESS F|1\n|-damage|p1b: PRESS F|45/100 brn\n|move|p1a: Grimace Shake|Spirit Break|p2b: Kit Kat\n|-supereffective|p2b: Kit Kat|1\n|-damage|p2b: Kit Kat|1/100\n|-unboost|p2b: Kit Kat|spa|1\n|\n|-damage|p1b: PRESS F|39/100 brn|[from] brn\n|upkeep\n|turn|10\n|inactive|AkirCS has 30 seconds left.\n|\n|t:|1788222463\n|move|p2b: Kit Kat|Sucker Punch||[still]\n|-fail|p2b: Kit Kat\n|move|p1a: Grimace Shake|Reflect|p1a: Grimace Shake\n|-sidestart|p1: AkirCS|Reflect\n|move|p1b: PRESS F|Flip Turn|p2b: Kit Kat\n|-damage|p2b: Kit Kat|0 fnt\n|faint|p2b: Kit Kat\n|\n|t:|1788222474\n|switch|p1b: We Cringe On|Kingambit, L50, M|100/100|[from] Flip Turn\n|move|p2a: Salt & Pepper|Flamethrower|p1b: We Cringe On\n|-supereffective|p1b: We Cringe On|1\n|-damage|p1b: We Cringe On|40/100\n|\n|-end|p2a: Salt & Pepper|move: Taunt\n|-sideend|p1: AkirCS|move: Light Screen\n|upkeep\n|turn|11\n|\n|t:|1788222488\n|move|p1b: We Cringe On|Sucker Punch|p2a: Salt & Pepper\n|-damage|p2a: Salt & Pepper|20/100y\n|-status|p1b: We Cringe On|brn|[from] ability: Spicy Spray|[of] p2a: Salt & Pepper\n|move|p1a: Grimace Shake|Light Screen|p1a: Grimace Shake\n|-sidestart|p1: AkirCS|move: Light Screen\n|move|p2a: Salt & Pepper|Flamethrower|p1b: We Cringe On\n|-supereffective|p1b: We Cringe On|1\n|-damage|p1b: We Cringe On|0 fnt\n|faint|p1b: We Cringe On\n|-end|p1b: We Cringe On|fallenundefined|[silent]\n|\n|upkeep\n|\n|t:|1788222496\n|switch|p1b: PRESS F|Basculegion, L50, M|39/100 brn\n|turn|12\n|\n|t:|1788222505\n|move|p2a: Salt & Pepper|Protect|p2a: Salt & Pepper\n|-singleturn|p2a: Salt & Pepper|Protect\n|move|p1b: PRESS F|Last Respects|p2a: Salt & Pepper\n|-activate|p2a: Salt & Pepper|move: Protect\n|move|p1a: Grimace Shake|Spirit Break|p2a: Salt & Pepper\n|-activate|p2a: Salt & Pepper|move: Protect\n|\n|-damage|p1b: PRESS F|32/100 brn|[from] brn\n|upkeep\n|turn|13\n|\n|t:|1788222515\n|move|p1b: PRESS F|Last Respects|p2a: Salt & Pepper\n|-damage|p2a: Salt & Pepper|0 fnt\n|faint|p2a: Salt & Pepper\n|\n|win|AkirCS\n|c|☆AkirCS|press F to pay your last respects\n|c|☆AkirCS|ggwp\n","uploadtime":1788222529,"views":"7","formatid":"gen9championsvgc2026regmbbo3","rating":null,"private":0,"password":null}