{"id":"gen9championsvgc2026regmb-2674507571","format":"[Gen 9 Champions] VGC 2026 Reg M-B","players":["Anchor7","hiidot"],"log":"|j|☆Anchor7\n|j|☆hiidot\n|t:|1788367975\n|gametype|doubles\n|player|p1|Anchor7|fisherman-gen4|1147\n|player|p2|hiidot|1|1213\n|gen|9\n|tier|[Gen 9 Champions] VGC 2026 Reg M-B\n|rated|\n|rule|Species Clause: Limit one of each Pokémon\n|rule|Item Clause: Limit 1 of each item\n|clearpoke\n|poke|p1|Archaludon, L50, M, shiny|\n|poke|p1|Oranguru, L50, M|\n|poke|p1|Sylveon, L50, F|\n|poke|p1|Chimecho, L50, M|\n|poke|p1|Staraptor, L50, M|\n|poke|p1|Kommo-o, L50, M|\n|poke|p2|Blaziken, L50, M|\n|poke|p2|Kingambit, L50, M|\n|poke|p2|Basculegion, L50, M|\n|poke|p2|Ninetales-Alola, L50, F|\n|poke|p2|Gengar, L50, M|\n|poke|p2|Incineroar, L50, M|\n|teampreview|4\n|\n|t:|1788368038\n|teamsize|p1|4\n|teamsize|p2|4\n|start\n|switch|p1a: Ringtone|Chimecho, L50, M|100/100\n|switch|p1b: diddy ☠️🙏|Oranguru, L50, M|100/100\n|switch|p2a: Gengar|Gengar, L50, M|100/100\n|switch|p2b: Kingambit|Kingambit, L50, M|100/100\n|turn|1\n|\n|t:|1788368060\n|switch|p1a: Larp Monster|Kommo-o, L50, M|100/100\n|detailschange|p2a: Gengar|Gengar-Mega, L50, M\n|-mega|p2a: Gengar|Gengar|Gengarite\n|move|p2a: Gengar|Perish Song|p2a: Gengar\n|-immune|p1a: Larp Monster|[from] ability: Soundproof\n|-start|p1b: diddy ☠️🙏|perish3|[silent]\n|-start|p2a: Gengar|perish3|[silent]\n|-start|p2b: Kingambit|perish3|[silent]\n|-fieldactivate|move: Perish Song\n|move|p1b: diddy ☠️🙏|Psychic|p2a: Gengar\n|-supereffective|p2a: Gengar|1\n|-damage|p2a: Gengar|48/100\n|move|p2b: Kingambit|Kowtow Cleave|p1b: diddy ☠️🙏\n|-supereffective|p1b: diddy ☠️🙏|1\n|-damage|p1b: diddy ☠️🙏|5/100\n|-damage|p2b: Kingambit|90/100|[from] item: Life Orb\n|\n|-heal|p1b: diddy ☠️🙏|11/100|[from] item: Leftovers\n|-start|p2a: Gengar|perish3\n|-start|p1b: diddy ☠️🙏|perish3\n|-start|p2b: Kingambit|perish3\n|upkeep\n|turn|2\n|\n|t:|1788368090\n|move|p2b: Kingambit|Sucker Punch||[still]\n|-fail|p2b: Kingambit\n|move|p2a: Gengar|Shadow Ball|p1a: Larp Monster\n|-damage|p1a: Larp Monster|56/100\n|move|p1a: Larp Monster|Close Combat|p2b: Kingambit\n|-supereffective|p2b: Kingambit|2\n|-damage|p2b: Kingambit|0 fnt\n|-unboost|p1a: Larp Monster|def|1\n|-unboost|p1a: Larp Monster|spd|1\n|faint|p2b: Kingambit\n|-damage|p1a: Larp Monster|46/100|[from] item: Life Orb\n|move|p1b: diddy ☠️🙏|Trick Room|p1b: diddy ☠️🙏\n|-fieldstart|move: Trick Room|[of] p1b: diddy ☠️🙏\n|\n|-heal|p1b: diddy ☠️🙏|17/100|[from] item: Leftovers\n|-start|p1b: diddy ☠️🙏|perish2\n|-start|p2a: Gengar|perish2\n|upkeep\n|\n|t:|1788368108\n|switch|p2b: Incineroar|Incineroar, L50, M|100/100\n|-ability|p2b: Incineroar|Intimidate|boost\n|-unboost|p1a: Larp Monster|atk|1\n|-unboost|p1b: diddy ☠️🙏|atk|1\n|turn|3\n|\n|t:|1788368122\n|move|p2b: Incineroar|Fake Out|p1a: Larp Monster\n|-damage|p1a: Larp Monster|34/100\n|move|p1b: diddy ☠️🙏|Psychic|p2a: Gengar\n|-supereffective|p2a: Gengar|1\n|-damage|p2a: Gengar|0 fnt\n|faint|p2a: Gengar\n|cant|p1a: Larp Monster|flinch\n|\n|-heal|p1b: diddy ☠️🙏|23/100|[from] item: Leftovers\n|-start|p1b: diddy ☠️🙏|perish1\n|upkeep\n|\n|t:|1788368131\n|switch|p2a: Ninetales|Ninetales-Alola, L50, F|100/100\n|-weather|Snowscape|[from] ability: Snow Warning|[of] p2a: Ninetales\n|turn|4\n|\n|t:|1788368152\n|move|p2b: Incineroar|Protect|p2b: Incineroar\n|-singleturn|p2b: Incineroar|Protect\n|move|p2a: Ninetales|Protect|p2a: Ninetales\n|-singleturn|p2a: Ninetales|Protect\n|move|p1b: diddy ☠️🙏|Psychic|p2a: Ninetales\n|-activate|p2a: Ninetales|move: Protect\n|move|p1a: Larp Monster|Boomburst|p2a: Ninetales|[spread] \n|-activate|p2a: Ninetales|move: Protect\n|-activate|p2b: Incineroar|move: Protect\n|-activate|p1b: diddy ☠️🙏|ability: Telepathy\n|\n|-weather|Snowscape|[upkeep]\n|-heal|p1b: diddy ☠️🙏|29/100|[from] item: Leftovers\n|-start|p1b: diddy ☠️🙏|perish0\n|faint|p1b: diddy ☠️🙏\n|upkeep\n|\n|t:|1788368186\n|switch|p1b: Ringtone|Chimecho, L50, M|100/100\n|turn|5\n|\n|t:|1788368196\n|detailschange|p1b: Ringtone|Chimecho-Mega, L50, M\n|-mega|p1b: Ringtone|Chimecho|Chimechite\n|move|p2b: Incineroar|Flare Blitz|p1b: Ringtone\n|-supereffective|p1b: Ringtone|1\n|-damage|p1b: Ringtone|14/100\n|-damage|p2b: Incineroar|74/100|[from] Recoil\n|move|p1b: Ringtone|Boomburst|p2a: Ninetales|[spread] p2a,p2b\n|-immune|p1a: Larp Monster|[from] ability: Soundproof\n|-damage|p2a: Ninetales|55/100\n|-damage|p2b: Incineroar|36/100\n|move|p1a: Larp Monster|Boomburst|p2a: Ninetales|[spread] p1b,p2a,p2b\n|-resisted|p1b: Ringtone|1\n|-damage|p1b: Ringtone|0 fnt\n|-damage|p2a: Ninetales|4/100\n|-damage|p2b: Incineroar|0 fnt\n|faint|p1b: Ringtone\n|faint|p2b: Incineroar\n|-damage|p1a: Larp Monster|24/100|[from] item: Life Orb\n|move|p2a: Ninetales|Blizzard|p1a: Larp Monster\n|-supereffective|p1a: Larp Monster|1\n|-damage|p1a: Larp Monster|0 fnt\n|faint|p1a: Larp Monster\n|\n|-weather|Snowscape|[upkeep]\n|upkeep\n|\n|t:|1788368220\n|switch|p1b: Or or or or|Sylveon, L50, F|100/100\n|turn|6\n|\n|t:|1788368226\n|move|p2a: Ninetales|Protect|p2a: Ninetales\n|-singleturn|p2a: Ninetales|Protect\n|move|p1b: Or or or or|Quick Attack|p2a: Ninetales\n|-activate|p2a: Ninetales|move: Protect\n|\n|-weather|Snowscape|[upkeep]\n|-fieldend|move: Trick Room\n|upkeep\n|turn|7\n|\n|t:|1788368234\n|move|p1b: Or or or or|Quick Attack|p2a: Ninetales\n|-damage|p2a: Ninetales|0 fnt\n|faint|p2a: Ninetales\n|\n|win|Anchor7\n|raw|Anchor7's rating: 1147 &rarr; <strong>1177</strong><br />(+30 for winning)\n|raw|hiidot's rating: 1213 &rarr; <strong>1183</strong><br />(-30 for losing)\n|c|☆hiidot|gg\n|c|☆Anchor7|gg\n|l|☆hiidot\n|player|p2|\n","uploadtime":1788368244,"views":"1","formatid":"gen9championsvgc2026regmb","rating":1177,"private":0,"password":null}