{"id":"gen9championsvgc2026regmb-2674704286","format":"[Gen 9 Champions] VGC 2026 Reg M-B","players":["sunyata","xiaoyang2004"],"log":"|j|☆sunyata\n|j|☆xiaoyang2004\n|t:|1788393190\n|gametype|doubles\n|player|p1|sunyata|2|1468\n|player|p2|xiaoyang2004|dawn-gen4pt|1377\n|gen|9\n|tier|[Gen 9 Champions] VGC 2026 Reg M-B\n|rated|\n|rule|Species Clause: Limit one of each Pokémon\n|rule|Item Clause: Limit 1 of each item\n|clearpoke\n|poke|p1|Starmie, L50|\n|poke|p1|Kingambit, L50, M|\n|poke|p1|Ninetales-Alola, L50, M|\n|poke|p1|Basculegion, L50, M|\n|poke|p1|Delphox, L50, M|\n|poke|p1|Excadrill, L50, F|\n|poke|p2|Charizard, L50, M, shiny|\n|poke|p2|Garchomp, L50, M, shiny|\n|poke|p2|Rotom-Wash, L50, shiny|\n|poke|p2|Whimsicott, L50, F, shiny|\n|poke|p2|Incineroar, L50, M, shiny|\n|poke|p2|Hydreigon, L50, M, shiny|\n|teampreview|4\n|\n|t:|1788393224\n|teamsize|p1|4\n|teamsize|p2|4\n|start\n|switch|p1a: Starmie|Starmie, L50|100/100\n|switch|p1b: Ninetales|Ninetales-Alola, L50, M|100/100\n|switch|p2a: Charizard|Charizard, L50, M, shiny|100/100\n|switch|p2b: Whimsicott|Whimsicott, L50, F, shiny|100/100\n|-weather|Snowscape|[from] ability: Snow Warning|[of] p1b: Ninetales\n|turn|1\n|\n|t:|1788393244\n|switch|p1b: Basculegion|Basculegion, L50, M|100/100\n|detailschange|p1a: Starmie|Starmie-Mega, L50\n|-mega|p1a: Starmie|Starmie|Starminite\n|detailschange|p2a: Charizard|Charizard-Mega-Y, L50, M, shiny\n|-mega|p2a: Charizard|Charizard|Charizardite Y\n|-weather|SunnyDay|[from] ability: Drought|[of] p2a: Charizard\n|move|p2b: Whimsicott|Tailwind|p2b: Whimsicott\n|-sidestart|p2: xiaoyang2004|move: Tailwind\n|move|p2a: Charizard|Solar Beam||[still]\n|-prepare|p2a: Charizard|Solar Beam\n|-anim|p2a: Charizard|Solar Beam|p1a: Starmie\n|-supereffective|p1a: Starmie|1\n|-damage|p1a: Starmie|0 fnt\n|faint|p1a: Starmie\n|\n|-weather|SunnyDay|[upkeep]\n|upkeep\n|\n|t:|1788393256\n|switch|p1a: Ninetales|Ninetales-Alola, L50, M|100/100\n|-weather|Snowscape|[from] ability: Snow Warning|[of] p1a: Ninetales\n|turn|2\n|\n|t:|1788393270\n|move|p2b: Whimsicott|Moonblast|p1a: Ninetales\n|-damage|p1a: Ninetales|67/100\n|-unboost|p1a: Ninetales|spa|1\n|move|p2a: Charizard|Heat Wave|p1a: Ninetales|[spread] p1b\n|-miss|p2a: Charizard|p1a: Ninetales\n|-resisted|p1b: Basculegion|1\n|-damage|p1b: Basculegion|74/100\n|move|p1b: Basculegion|Head Smash|p2a: Charizard\n|-supereffective|p2a: Charizard|2\n|-damage|p2a: Charizard|0 fnt\n|faint|p2a: Charizard\n|-damage|p1b: Basculegion|30/100|[from] Recoil\n|move|p1a: Ninetales|Blizzard|p2b: Whimsicott\n|-supereffective|p2b: Whimsicott|1\n|-damage|p2b: Whimsicott|6/100\n|\n|-weather|Snowscape|[upkeep]\n|upkeep\n|\n|t:|1788393296\n|switch|p2a: Hydreigon|Hydreigon, L50, M, shiny|100/100\n|turn|3\n|\n|t:|1788393320\n|switch|p1b: Excadrill|Excadrill, L50, F|100/100\n|move|p2a: Hydreigon|Flamethrower|p1a: Ninetales\n|-supereffective|p1a: Ninetales|1\n|-damage|p1a: Ninetales|8/100\n|-enditem|p1a: Ninetales|Sitrus Berry|[eat]\n|-heal|p1a: Ninetales|33/100|[from] item: Sitrus Berry\n|move|p2b: Whimsicott|Moonblast|p1b: Excadrill\n|-resisted|p1b: Excadrill|1\n|-damage|p1b: Excadrill|78/100\n|move|p1a: Ninetales|Moonblast|p2a: Hydreigon\n|-supereffective|p2a: Hydreigon|2\n|-damage|p2a: Hydreigon|0 fnt\n|faint|p2a: Hydreigon\n|\n|-weather|Snowscape|[upkeep]\n|upkeep\n|\n|t:|1788393334\n|switch|p2a: Garchomp|Garchomp, L50, M, shiny|100/100\n|turn|4\n|\n|t:|1788393344\n|move|p2b: Whimsicott|Protect|p2b: Whimsicott\n|-singleturn|p2b: Whimsicott|Protect\n|move|p1a: Ninetales|Protect|p1a: Ninetales\n|-singleturn|p1a: Ninetales|Protect\n|move|p2a: Garchomp|Earthquake|p1b: Excadrill|[spread] p1b\n|-activate|p2b: Whimsicott|move: Protect\n|-activate|p1a: Ninetales|move: Protect\n|-supereffective|p1b: Excadrill|1\n|-damage|p1b: Excadrill|0 fnt\n|faint|p1b: Excadrill\n|-damage|p2a: Garchomp|90/100|[from] item: Life Orb\n|\n|-weather|Snowscape|[upkeep]\n|-sideend|p2: xiaoyang2004|move: Tailwind\n|upkeep\n|\n|t:|1788393349\n|switch|p1b: Basculegion|Basculegion, L50, M|30/100\n|turn|5\n|\n|t:|1788393404\n|move|p2b: Whimsicott|Tailwind|p2b: Whimsicott\n|-sidestart|p2: xiaoyang2004|move: Tailwind\n|move|p2a: Garchomp|Earthquake|p1b: Basculegion|[spread] p2b,p1a,p1b\n|-resisted|p2b: Whimsicott|1\n|-damage|p2b: Whimsicott|0 fnt\n|-damage|p1a: Ninetales|0 fnt\n|-damage|p1b: Basculegion|0 fnt\n|faint|p2b: Whimsicott\n|faint|p1a: Ninetales\n|faint|p1b: Basculegion\n|-damage|p2a: Garchomp|80/100|[from] item: Life Orb\n|\n|win|xiaoyang2004\n|raw|sunyata's rating: 1468 &rarr; <strong>1443</strong><br />(-25 for losing)\n|raw|xiaoyang2004's rating: 1377 &rarr; <strong>1402</strong><br />(+25 for winning)\n","uploadtime":1788393430,"views":"3","formatid":"gen9championsvgc2026regmb","rating":1402,"private":0,"password":null}