{"id":"gen9championsvgc2026regmb-2674777233","format":"[Gen 9 Champions] VGC 2026 Reg M-B","players":["slyvesterccd","Provoleta Quemada"],"log":"|j|☆slyvesterccd\n|j|☆Provoleta Quemada\n|t:|1788404728\n|gametype|doubles\n|player|p1|slyvesterccd|169|1067\n|player|p2|Provoleta Quemada|skyla|1000\n|gen|9\n|tier|[Gen 9 Champions] VGC 2026 Reg M-B\n|rated|\n|rule|Species Clause: Limit one of each Pokémon\n|rule|Item Clause: Limit 1 of each item\n|clearpoke\n|poke|p1|Crabominable, L50, M|\n|poke|p1|Mr. Rime, L50, M|\n|poke|p1|Sinistcha, L50|\n|poke|p1|Empoleon, L50, M, shiny|\n|poke|p1|Slowking, L50, M|\n|poke|p1|Incineroar, L50, M|\n|poke|p2|Sneasler, L50, M|\n|poke|p2|Kingambit, L50, M|\n|poke|p2|Basculegion, L50, M|\n|poke|p2|Charizard, L50, F|\n|poke|p2|Garchomp, L50, M|\n|poke|p2|Whimsicott, L50, M|\n|teampreview|4\n|\n|t:|1788404773\n|teamsize|p1|4\n|teamsize|p2|4\n|start\n|switch|p1a: Slowking|Slowking, L50, M|100/100\n|switch|p1b: Empoleon|Empoleon, L50, M, shiny|100/100\n|switch|p2a: Charizard|Charizard, L50, F|100/100\n|switch|p2b: Sneasler|Sneasler, L50, M|100/100\n|turn|1\n|\n|t:|1788404801\n|detailschange|p2a: Charizard|Charizard-Mega-Y, L50, F\n|-mega|p2a: Charizard|Charizard|Charizardite Y\n|-weather|SunnyDay|[from] ability: Drought|[of] p2a: Charizard\n|move|p2b: Sneasler|Fake Out|p1b: Empoleon\n|-resisted|p1b: Empoleon|1\n|-damage|p1b: Empoleon|91/100\n|move|p2a: Charizard|Ancient Power|p1a: Slowking\n|-damage|p1a: Slowking|79/100\n|cant|p1b: Empoleon|flinch\n|move|p1a: Slowking|Trick Room|p1a: Slowking\n|-fieldstart|move: Trick Room|[of] p1a: Slowking\n|\n|-weather|SunnyDay|[upkeep]\n|upkeep\n|turn|2\n|\n|t:|1788404820\n|move|p2a: Charizard|Protect|p2a: Charizard\n|-singleturn|p2a: Charizard|Protect\n|-prepare|p1a: Slowking|Chilly Reception|[premajor]\n|move|p1a: Slowking|Chilly Reception|p1a: Slowking\n|-weather|Snowscape\n|\n|t:|1788404827\n|-heal|p1a: Slowking|100/100|[from] ability: Regenerator|[silent]\n|switch|p1a: Sinistcha|Sinistcha, L50|100/100|[from] Chilly Reception\n|-heal|p1b: Empoleon|100/100|[from] ability: Hospitality|[of] p1a: Sinistcha\n|move|p1b: Empoleon|Surf|p2b: Sneasler|[spread] p1a,p2b\n|-activate|p2a: Charizard|move: Protect\n|-resisted|p1a: Sinistcha|1\n|-damage|p1a: Sinistcha|74/100\n|-damage|p2b: Sneasler|42/100\n|-damage|p1b: Empoleon|90/100|[from] item: Life Orb\n|move|p2b: Sneasler|Close Combat|p1b: Empoleon\n|-supereffective|p1b: Empoleon|1\n|-damage|p1b: Empoleon|0 fnt\n|-unboost|p2b: Sneasler|def|1\n|-unboost|p2b: Sneasler|spd|1\n|faint|p1b: Empoleon\n|-enditem|p2b: Sneasler|White Herb\n|-clearnegativeboost|p2b: Sneasler|[silent]\n|\n|-weather|Snowscape|[upkeep]\n|upkeep\n|\n|t:|1788404833\n|switch|p1b: Crabominable|Crabominable, L50, M|100/100\n|turn|3\n|\n|t:|1788404860\n|switch|p2b: Whimsicott|Whimsicott, L50, M|100/100\n|detailschange|p1b: Crabominable|Crabominable-Mega, L50, M\n|-mega|p1b: Crabominable|Crabominable|Crabominite\n|move|p1a: Sinistcha|Rage Powder|p1a: Sinistcha\n|-singleturn|p1a: Sinistcha|move: Rage Powder\n|move|p1b: Crabominable|Thunder Punch|p2a: Charizard\n|-supereffective|p2a: Charizard|1\n|-damage|p2a: Charizard|0 fnt\n|faint|p2a: Charizard\n|\n|-weather|Snowscape|[upkeep]\n|upkeep\n|\n|t:|1788404873\n|switch|p2a: Sneasler|Sneasler, L50, M|42/100\n|turn|4\n|\n|t:|1788404882\n|move|p1b: Crabominable|Protect|p1b: Crabominable\n|-singleturn|p1b: Crabominable|Protect\n|move|p2a: Sneasler|Fake Out|p1b: Crabominable\n|-activate|p1b: Crabominable|move: Protect\n|move|p2b: Whimsicott|Tailwind|p2b: Whimsicott\n|-sidestart|p2: Provoleta Quemada|move: Tailwind\n|move|p1a: Sinistcha|Life Dew||[still]|[spread] p1a,p1b\n|-heal|p1a: Sinistcha|100/100\n|-fail|p1b: Crabominable|heal\n|\n|-weather|Snowscape|[upkeep]\n|upkeep\n|turn|5\n|\n|t:|1788404902\n|move|p2b: Whimsicott|Encore|p1b: Crabominable\n|-start|p1b: Crabominable|Encore\n|move|p1b: Crabominable|Protect|p1b: Crabominable\n|-singleturn|p1b: Crabominable|Protect\n|move|p1a: Sinistcha|Matcha Gotcha|p2b: Whimsicott|[spread] p2a,p2b\n|-resisted|p2a: Sneasler|1\n|-resisted|p2b: Whimsicott|1\n|-damage|p2a: Sneasler|26/100\n|-damage|p2b: Whimsicott|84/100\n|move|p2a: Sneasler|Close Combat|p1b: Crabominable\n|-activate|p1b: Crabominable|move: Protect\n|\n|-weather|Snowscape|[upkeep]\n|-fieldend|move: Trick Room\n|upkeep\n|turn|6\n|\n|t:|1788404921\n|switch|p1b: Slowking|Slowking, L50, M|100/100\n|move|p2b: Whimsicott|Moonblast|p1b: Slowking\n|-damage|p1b: Slowking|77/100\n|move|p2a: Sneasler|Dire Claw|p1a: Sinistcha\n|-damage|p1a: Sinistcha|66/100\n|move|p1a: Sinistcha|Trick Room|p1a: Sinistcha\n|-fieldstart|move: Trick Room|[of] p1a: Sinistcha\n|\n|-weather|none\n|upkeep\n|turn|7\n|\n|t:|1788404943\n|switch|p1a: Crabominable|Crabominable-Mega, L50, M|100/100\n|switch|p2a: Garchomp|Garchomp, L50, M|100/100\n|move|p2b: Whimsicott|Protect|p2b: Whimsicott\n|-singleturn|p2b: Whimsicott|Protect\n|move|p1b: Slowking|Psyshock|p2a: Garchomp\n|-damage|p2a: Garchomp|62/100\n|\n|-sideend|p2: Provoleta Quemada|move: Tailwind\n|upkeep\n|turn|8\n|\n|t:|1788404973\n|-prepare|p1b: Slowking|Chilly Reception|[premajor]\n|move|p1b: Slowking|Chilly Reception|p1b: Slowking\n|-weather|Snowscape\n|\n|t:|1788404982\n|-heal|p1b: Slowking|100/100|[from] ability: Regenerator|[silent]\n|switch|p1b: Sinistcha|Sinistcha, L50|66/100|[from] Chilly Reception\n|move|p1a: Crabominable|Icicle Spear|p2a: Garchomp\n|-supereffective|p2a: Garchomp|2\n|-damage|p2a: Garchomp|0 fnt\n|faint|p2a: Garchomp\n|-hitcount|p2: Garchomp|1\n|move|p2b: Whimsicott|Moonblast|p1a: Crabominable\n|-supereffective|p1a: Crabominable|1\n|-damage|p1a: Crabominable|52/100\n|\n|-weather|Snowscape|[upkeep]\n|upkeep\n|\n|t:|1788404989\n|switch|p2a: Sneasler|Sneasler, L50, M|26/100\n|turn|9\n|\n|t:|1788405005\n|move|p1a: Crabominable|Protect|p1a: Crabominable\n|-singleturn|p1a: Crabominable|Protect\n|move|p1b: Sinistcha|Life Dew|p1b: Sinistcha|[spread] p1a,p1b\n|-heal|p1a: Crabominable|77/100\n|-heal|p1b: Sinistcha|91/100\n|move|p2a: Sneasler|Close Combat|p1a: Crabominable\n|-activate|p1a: Crabominable|move: Protect\n|move|p2b: Whimsicott|Moonblast|p1a: Crabominable\n|-activate|p1a: Crabominable|move: Protect\n|\n|-weather|Snowscape|[upkeep]\n|upkeep\n|turn|10\n|-message|Provoleta Quemada forfeited.\n|\n|win|slyvesterccd\n|raw|slyvesterccd's rating: 1067 &rarr; <strong>1091</strong><br />(+24 for winning)\n|raw|Provoleta Quemada's rating: 1000 &rarr; <strong>1000</strong><br />(+0 for losing)\n|l|☆Provoleta Quemada\n|player|p2|\n","uploadtime":1788405029,"views":"1","formatid":"gen9championsvgc2026regmb","rating":1000,"private":0,"password":null}