{"id":"gen9championsvgc2026regmb-2674635087","format":"[Gen 9 Champions] VGC 2026 Reg M-B","players":["Megachamp100","prettylillis"],"log":"|j|☆Megachamp100\n|j|☆prettylillis\n|html|<table width=\"100%\"><tr><td align=\"left\">Megachamp100</td><td align=\"right\">prettylillis</tr><tr><td align=\"left\"><i class=\"fa fa-circle-o\"></i> <i class=\"fa fa-circle-o\"></i> </td><td align=\"right\"><i class=\"fa fa-circle-o\"></i> <i class=\"fa fa-circle\"></i> </tr></table>\n|uhtml|bestof|<h2><strong>Game 2</strong> of <a href=\"/game-bestof3-gen9championsvgc2026regmb-2674631065\">a best-of-3</a></h2>\n|t:|1788383076\n|gametype|doubles\n|player|p1|Megachamp100|marshal|\n|player|p2|prettylillis|parasollady|\n|gen|9\n|tier|[Gen 9 Champions] VGC 2026 Reg M-B\n|rule|Species Clause: Limit one of each Pokémon\n|rule|Item Clause: Limit 1 of each item\n|raw|<div class=\"infobox\"><details class=\"readmore\" open><summary><strong>1 custom rule:</strong></summary> Best of = 3</details></div>\n|clearpoke\n|poke|p1|Gengar, L50, M, shiny|\n|poke|p1|Primarina, L50, F|\n|poke|p1|Sinistcha, L50, shiny|\n|poke|p1|Krookodile, L50, M, shiny|\n|poke|p1|Altaria, L50, F, shiny|\n|poke|p1|Kangaskhan, L50, F|\n|poke|p2|Sharpedo, L50, M|\n|poke|p2|Grimmsnarl, L50, M|\n|poke|p2|Steelix, L50, M|\n|poke|p2|Wyrdeer, L50, F|\n|poke|p2|Venusaur, L50, F|\n|poke|p2|Gliscor, L50, M|\n|teampreview|4\nprettylillis rejected open team sheets.\n|\n|t:|1788383096\n|teamsize|p1|4\n|teamsize|p2|4\n|start\n|switch|p1a: Gengis Khan|Kangaskhan, L50, F|100/100\n|switch|p1b: Gatorade|Krookodile, L50, M, shiny|100/100\n|switch|p2a: Sharpedo|Sharpedo, L50, M|100/100\n|switch|p2b: Gliscor|Gliscor, L50, M|100/100\n|turn|1\n|\n|t:|1788383122\n|move|p2a: Sharpedo|Protect|p2a: Sharpedo\n|-singleturn|p2a: Sharpedo|Protect\n|move|p1a: Gengis Khan|Fake Out|p2b: Gliscor\n|-damage|p2b: Gliscor|76/100\n|-damage|p1a: Gengis Khan|90/100|[from] item: Life Orb\n|cant|p2b: Gliscor|flinch\n|move|p1b: Gatorade|Thunder Fang|p2a: Sharpedo\n|-activate|p2a: Sharpedo|move: Protect\n|\n|-ability|p2a: Sharpedo|Speed Boost|boost\n|-boost|p2a: Sharpedo|spe|1\n|upkeep\n|turn|2\n|\n|t:|1788383147\n|switch|p1b: Primarina|Primarina, L50, F|100/100\n|move|p2a: Sharpedo|Liquidation|p1b: Primarina\n|-resisted|p1b: Primarina|1\n|-damage|p1b: Primarina|73/100\n|move|p2b: Gliscor|High Horsepower|p1b: Primarina\n|-damage|p1b: Primarina|19/100\n|move|p1a: Gengis Khan|Ice Punch|p2b: Gliscor\n|-supereffective|p2b: Gliscor|2\n|-damage|p2b: Gliscor|0 fnt\n|faint|p2b: Gliscor\n|-damage|p1a: Gengis Khan|80/100|[from] item: Life Orb\n|\n|-ability|p2a: Sharpedo|Speed Boost|boost\n|-boost|p2a: Sharpedo|spe|1\n|upkeep\n|\n|t:|1788383161\n|switch|p2b: Grimmsnarl|Grimmsnarl, L50, M|100/100\n|turn|3\n|\n|t:|1788383169\n|move|p1b: Primarina|Protect|p1b: Primarina\n|-singleturn|p1b: Primarina|Protect\n|move|p2b: Grimmsnarl|Fake Out|p1a: Gengis Khan\n|-damage|p1a: Gengis Khan|66/100\n|move|p2a: Sharpedo|Liquidation|p1b: Primarina\n|-activate|p1b: Primarina|move: Protect\n|cant|p1a: Gengis Khan|flinch\n|\n|-ability|p2a: Sharpedo|Speed Boost|boost\n|-boost|p2a: Sharpedo|spe|1\n|upkeep\n|turn|4\n|\n|t:|1788383188\n|switch|p1b: Lipton|Sinistcha, L50, shiny|100/100\n|-heal|p1a: Gengis Khan|91/100|[from] ability: Hospitality|[of] p1b: Lipton\n|move|p2b: Grimmsnarl|Sucker Punch|p1a: Gengis Khan\n|-damage|p1a: Gengis Khan|50/100y\n|move|p2a: Sharpedo|Liquidation|p1b: Lipton\n|-resisted|p1b: Lipton|1\n|-damage|p1b: Lipton|84/100\n|move|p1a: Gengis Khan|Drain Punch|p2a: Sharpedo\n|-supereffective|p2a: Sharpedo|1\n|-enditem|p2a: Sharpedo|Focus Sash\n|-damage|p2a: Sharpedo|1/100\n|-heal|p1a: Gengis Khan|84/100|[from] drain|[of] p2a: Sharpedo\n|-damage|p1a: Gengis Khan|74/100|[from] item: Life Orb\n|\n|-ability|p2a: Sharpedo|Speed Boost|boost\n|-boost|p2a: Sharpedo|spe|1\n|upkeep\n|turn|5\n|\n|t:|1788383212\n|move|p2a: Sharpedo|Protect|p2a: Sharpedo\n|-singleturn|p2a: Sharpedo|Protect\n|move|p1b: Lipton|Protect|p1b: Lipton\n|-singleturn|p1b: Lipton|Protect\n|move|p1a: Gengis Khan|Drain Punch|p2b: Grimmsnarl\n|-damage|p2b: Grimmsnarl|61/100\n|-heal|p1a: Gengis Khan|92/100|[from] drain|[of] p2b: Grimmsnarl\n|-damage|p1a: Gengis Khan|83/100|[from] item: Life Orb\n|move|p2b: Grimmsnarl|Crunch|p1b: Lipton\n|-activate|p1b: Lipton|move: Protect\n|\n|-ability|p2a: Sharpedo|Speed Boost|boost\n|-boost|p2a: Sharpedo|spe|1\n|upkeep\n|turn|6\n|\n|t:|1788383229\n|switch|p1b: Primarina|Primarina, L50, F|19/100\n|move|p2a: Sharpedo|Crunch|p1b: Primarina\n|-resisted|p1b: Primarina|1\n|-damage|p1b: Primarina|0 fnt\n|faint|p1b: Primarina\n|move|p1a: Gengis Khan|Thunder Punch|p2a: Sharpedo\n|-supereffective|p2a: Sharpedo|1\n|-damage|p2a: Sharpedo|0 fnt\n|faint|p2a: Sharpedo\n|-damage|p1a: Gengis Khan|73/100|[from] item: Life Orb\n|move|p2b: Grimmsnarl|Crunch|p1a: Gengis Khan\n|-damage|p1a: Gengis Khan|25/100\n|-unboost|p1a: Gengis Khan|def|1\n|\n|upkeep\n|\n|t:|1788383244\n|switch|p2a: Venusaur|Venusaur, L50, F|100/100\n|switch|p1b: Lipton|Sinistcha, L50, shiny|84/100\n|-heal|p1a: Gengis Khan|50/100y|[from] ability: Hospitality|[of] p1b: Lipton\n|turn|7\n|\n|t:|1788383267\n|detailschange|p2a: Venusaur|Venusaur-Mega, L50, F\n|-mega|p2a: Venusaur|Venusaur|Venusaurite\n|move|p1b: Lipton|Rage Powder|p1b: Lipton\n|-singleturn|p1b: Lipton|move: Rage Powder\n|move|p1a: Gengis Khan|Drain Punch|p2b: Grimmsnarl\n|-damage|p2b: Grimmsnarl|23/100\n|-heal|p1a: Gengis Khan|68/100|[from] drain|[of] p2b: Grimmsnarl\n|-damage|p1a: Gengis Khan|58/100|[from] item: Life Orb\n|move|p2a: Venusaur|Sludge Bomb|p1a: Gengis Khan\n|-damage|p1a: Gengis Khan|12/100\n|move|p2b: Grimmsnarl|Spirit Break|p1b: Lipton\n|-damage|p1b: Lipton|52/100\n|-unboost|p1b: Lipton|spa|1\n|\n|upkeep\n|turn|8\n|\n|t:|1788383289\n|move|p1b: Lipton|Protect|p1b: Lipton\n|-singleturn|p1b: Lipton|Protect\n|move|p2b: Grimmsnarl|Sucker Punch|p1a: Gengis Khan\n|-damage|p1a: Gengis Khan|0 fnt\n|faint|p1a: Gengis Khan\n|move|p2a: Venusaur|Sludge Bomb|p1b: Lipton\n|-activate|p1b: Lipton|move: Protect\n|\n|upkeep\n|\n|t:|1788383297\n|switch|p1a: Gatorade|Krookodile, L50, M, shiny|100/100\n|turn|9\n|\n|t:|1788383310\n|move|p1a: Gatorade|Crunch|p2a: Venusaur\n|-damage|p2a: Venusaur|63/100\n|move|p2a: Venusaur|Energy Ball|p1a: Gatorade\n|-supereffective|p1a: Gatorade|1\n|-damage|p1a: Gatorade|0 fnt\n|faint|p1a: Gatorade\n|move|p1b: Lipton|Shadow Ball|p2a: Venusaur\n|-damage|p2a: Venusaur|43/100\n|move|p2b: Grimmsnarl|Spirit Break|p1b: Lipton\n|-damage|p1b: Lipton|19/100\n|-unboost|p1b: Lipton|spa|1\n|\n|upkeep\n|turn|10\n|\n|t:|1788383325\n|move|p1b: Lipton|Protect|p1b: Lipton\n|-singleturn|p1b: Lipton|Protect\n|move|p2a: Venusaur|Sludge Bomb|p1b: Lipton\n|-activate|p1b: Lipton|move: Protect\n|move|p2b: Grimmsnarl|Crunch|p1b: Lipton\n|-activate|p1b: Lipton|move: Protect\n|\n|upkeep\n|turn|11\n|\n|t:|1788383334\n|move|p2a: Venusaur|Sludge Bomb|p1b: Lipton\n|-damage|p1b: Lipton|0 fnt\n|faint|p1b: Lipton\n|\n|win|prettylillis\n|c|☆Megachamp100|gg\n|c|☆prettylillis|ggs!\n","uploadtime":1788383343,"views":"16","formatid":"gen9championsvgc2026regmb","rating":null,"private":0,"password":null}