{"id":"gen9championsvgc2026regmbbo3-2674729447","format":"[Gen 9 Champions] VGC 2026 Reg M-B (Bo3)","players":["Kevin-V8","svnzv"],"log":"|j|☆Kevin-V8\n|j|☆svnzv\n|html|<table width=\"100%\"><tr><td align=\"left\">Kevin-V8</td><td align=\"right\">svnzv</tr><tr><td align=\"left\"><i class=\"fa fa-circle\"></i> <i class=\"fa fa-circle-o\"></i> </td><td align=\"right\"><i class=\"fa fa-circle-o\"></i> <i class=\"fa fa-circle-o\"></i> </tr></table>\n|uhtml|bestof|<h2><strong>Game 2</strong> of <a href=\"/game-bestof3-gen9championsvgc2026regmbbo3-2674727791\">a best-of-3</a></h2>\n|t:|1788397096\n|gametype|doubles\n|player|p1|Kevin-V8|ethan|1187\n|player|p2|svnzv|iris-gen5bw2|1256\n|gen|9\n|tier|[Gen 9 Champions] VGC 2026 Reg M-B (Bo3)\n|rated|\n|rule|Species Clause: Limit one of each Pokémon\n|rule|Item Clause: Limit 1 of each item\n|clearpoke\n|poke|p1|Tyranitar, L50, M|\n|poke|p1|Excadrill, L50, M|\n|poke|p1|Whimsicott, L50, F|\n|poke|p1|Floette-Eternal, L50, F|\n|poke|p1|Incineroar, L50, M|\n|poke|p1|Sinistcha, L50|\n|poke|p2|Blaziken, L50, F, shiny|\n|poke|p2|Kingambit, L50, F|\n|poke|p2|Garchomp, L50, F|\n|poke|p2|Incineroar, L50, F|\n|poke|p2|Vivillon-High Plains, L50, M|\n|poke|p2|Gardevoir, L50, M|\n|teampreview|4\n|showteam|p1|Tyranitar||FocusSash|SandStream|KnockOff,RockSlide,LowKick,Protect|Adamant||M|||50|]Excadrill||LifeOrb|SandRush|HighHorsepower,IronHead,RockTomb,Protect|Adamant||M|||50|]Whimsicott||OccaBerry|Prankster|Moonblast,Encore,Tailwind,LightScreen|Calm||F|||50|]Floette-Eternal||Floettite|FlowerVeil|Moonblast,DazzlingGleam,CalmMind,Protect|Modest||F|||50|]Incineroar||SitrusBerry|Intimidate|FlareBlitz,FakeOut,PartingShot,HelpingHand|Impish||M|||50|]Sinistcha||Leftovers|Hospitality|ShadowBall,RagePowder,TrickRoom,Protect|Calm|||||50|\n|showteam|p2|Blaziken||Blazikenite|SpeedBoost|FlareBlitz,CloseCombat,RockSlide,Detect|Adamant||F|||50|]Kingambit||ChopleBerry|Defiant|KowtowCleave,SuckerPunch,IronHead,LowKick|Brave||F|||50|]Garchomp||SitrusBerry|RoughSkin|DragonClaw,Earthquake,RockTomb,Protect|Jolly||F|||50|]Incineroar||PasshoBerry|Intimidate|FlareBlitz,ThroatChop,PartingShot,FakeOut|Careful||F|||50|]Vivillon-High Plains||FocusSash|CompoundEyes|RagePowder,Hurricane,SleepPowder,Protect|Naive||M|||50|]Gardevoir||Gardevoirite|Synchronize|Psychic,HyperVoice,TrickRoom,Protect|Bold||M|||50|\n|inactive|Battle timer is ON: inactive players will automatically lose when time's up. (requested by svnzv)\n|inactive|Kevin-V8 also wants the timer to be on.\n|\n|t:|1788397119\n|teamsize|p1|4\n|teamsize|p2|4\n|start\n|switch|p1a: Incineroar|Incineroar, L50, M|100/100\n|switch|p1b: Floette|Floette-Eternal, L50, F|100/100\n|switch|p2a: Vivillon|Vivillon-High Plains, L50, M|100/100\n|switch|p2b: Blaziken|Blaziken, L50, F, shiny|100/100\n|-ability|p1a: Incineroar|Intimidate|boost\n|-unboost|p2a: Vivillon|atk|1\n|-unboost|p2b: Blaziken|atk|1\n|turn|1\n|\n|t:|1788397131\n|switch|p2b: Incineroar|Incineroar, L50, F|100/100\n|-ability|p2b: Incineroar|Intimidate|boost\n|-unboost|p1a: Incineroar|atk|1\n|-unboost|p1b: Floette|atk|1\n|detailschange|p1b: Floette|Floette-Mega, L50, F\n|-mega|p1b: Floette|Floette|Floettite\n|-ability|p1b: Floette|Fairy Aura\n|move|p2a: Vivillon|Protect|p2a: Vivillon\n|-singleturn|p2a: Vivillon|Protect\n|move|p1a: Incineroar|Fake Out|p2a: Vivillon\n|-activate|p2a: Vivillon|move: Protect\n|move|p1b: Floette|Calm Mind|p1b: Floette\n|-boost|p1b: Floette|spa|1\n|-boost|p1b: Floette|spd|1\n|\n|upkeep\n|turn|2\n|\n|t:|1788397151\n|switch|p1a: Whimsicott|Whimsicott, L50, F|100/100\n|move|p1b: Floette|Protect|p1b: Floette\n|-singleturn|p1b: Floette|Protect\n|move|p2a: Vivillon|Sleep Powder|p1a: Whimsicott\n|-immune|p1a: Whimsicott\n|move|p2b: Incineroar|Parting Shot|p1a: Whimsicott\n|-unboost|p1a: Whimsicott|atk|1\n|-unboost|p1a: Whimsicott|spa|1\n|\n|t:|1788397156\n|switch|p2b: Kingambit|Kingambit, L50, F|100/100|[from] Parting Shot\n|\n|upkeep\n|turn|3\n|\n|t:|1788397170\n|move|p1a: Whimsicott|Tailwind|p1a: Whimsicott\n|-sidestart|p1: Kevin-V8|move: Tailwind\n|move|p1b: Floette|Dazzling Gleam|p2b: Kingambit|[spread] p2a,p2b\n|-enditem|p2a: Vivillon|Focus Sash\n|-damage|p2a: Vivillon|1/100\n|-damage|p2b: Kingambit|36/100\n|move|p2a: Vivillon|Sleep Powder|p1b: Floette\n|-status|p1b: Floette|slp|[from] move: Sleep Powder\n|move|p2b: Kingambit|Iron Head|p1b: Floette\n|-supereffective|p1b: Floette|1\n|-damage|p1b: Floette|6/100 slp\n|\n|upkeep\n|turn|4\n|inactive|Kevin-V8 has 30 seconds left.\n|\n|t:|1788397198\n|switch|p1b: Sinistcha|Sinistcha, L50|100/100\n|move|p2a: Vivillon|Rage Powder|p2a: Vivillon\n|-singleturn|p2a: Vivillon|move: Rage Powder\n|move|p1a: Whimsicott|Moonblast|p2b: Kingambit\n|-damage|p2b: Kingambit|22/100\n|move|p2b: Kingambit|Iron Head|p1a: Whimsicott\n|-supereffective|p1a: Whimsicott|1\n|-damage|p1a: Whimsicott|13/100\n|\n|upkeep\n|turn|5\n|\n|t:|1788397217\n|switch|p2a: Incineroar|Incineroar, L50, F|100/100\n|-ability|p2a: Incineroar|Intimidate|boost\n|-unboost|p1a: Whimsicott|atk|1\n|-unboost|p1b: Sinistcha|atk|1\n|move|p1b: Sinistcha|Rage Powder|p1b: Sinistcha\n|-singleturn|p1b: Sinistcha|move: Rage Powder\n|move|p1a: Whimsicott|Moonblast|p2b: Kingambit\n|-damage|p2b: Kingambit|7/100\n|move|p2b: Kingambit|Kowtow Cleave|p1b: Sinistcha\n|-supereffective|p1b: Sinistcha|1\n|-damage|p1b: Sinistcha|5/100\n|\n|-heal|p1b: Sinistcha|11/100|[from] item: Leftovers\n|upkeep\n|turn|6\n|\n|t:|1788397238\n|switch|p1a: Incineroar|Incineroar, L50, M|100/100\n|-ability|p1a: Incineroar|Intimidate|boost\n|-unboost|p2a: Incineroar|atk|1\n|-unboost|p2b: Kingambit|atk|1\n|-ability|p2b: Kingambit|Defiant|boost\n|-boost|p2b: Kingambit|atk|2\n|switch|p2b: Blaziken|Blaziken, L50, F, shiny|100/100\n|move|p1b: Sinistcha|Shadow Ball|p2b: Blaziken\n|-crit|p2b: Blaziken\n|-damage|p2b: Blaziken|22/100\n|move|p2a: Incineroar|Flare Blitz|p1a: Incineroar\n|-resisted|p1a: Incineroar|1\n|-damage|p1a: Incineroar|88/100\n|-damage|p2a: Incineroar|95/100|[from] Recoil\n|\n|-heal|p1b: Sinistcha|17/100|[from] item: Leftovers\n|-sideend|p1: Kevin-V8|move: Tailwind\n|upkeep\n|turn|7\n|inactive|Kevin-V8 has 30 seconds left.\n|\n|t:|1788397264\n|detailschange|p2b: Blaziken|Blaziken-Mega, L50, F, shiny\n|-mega|p2b: Blaziken|Blaziken|Blazikenite\n|move|p1a: Incineroar|Fake Out|p2b: Blaziken\n|-damage|p2b: Blaziken|8/100\n|cant|p2b: Blaziken|flinch\n|move|p1b: Sinistcha|Shadow Ball|p2a: Incineroar\n|-resisted|p2a: Incineroar|1\n|-damage|p2a: Incineroar|82/100\n|move|p2a: Incineroar|Parting Shot|p1a: Incineroar\n|-unboost|p1a: Incineroar|atk|1\n|-unboost|p1a: Incineroar|spa|1\n|\n|t:|1788397274\n|switch|p2a: Vivillon|Vivillon-High Plains, L50, M|1/100|[from] Parting Shot\n|\n|-heal|p1b: Sinistcha|23/100|[from] item: Leftovers\n|-ability|p2b: Blaziken|Speed Boost|boost\n|-boost|p2b: Blaziken|spe|1\n|upkeep\n|turn|8\n|\n|t:|1788397284\n|move|p1b: Sinistcha|Rage Powder|p1b: Sinistcha\n|-singleturn|p1b: Sinistcha|move: Rage Powder\n|move|p2b: Blaziken|Rock Slide|p1a: Incineroar|[spread] p1a,p1b\n|-supereffective|p1a: Incineroar|1\n|-damage|p1a: Incineroar|45/100\n|-damage|p1b: Sinistcha|1/100\n|-enditem|p1a: Incineroar|Sitrus Berry|[eat]\n|-heal|p1a: Incineroar|70/100|[from] item: Sitrus Berry\n|move|p2a: Vivillon|Sleep Powder|p1b: Sinistcha\n|-immune|p1b: Sinistcha\n|cant|p1a: Incineroar|flinch\n|\n|-heal|p1b: Sinistcha|7/100|[from] item: Leftovers\n|-ability|p2b: Blaziken|Speed Boost|boost\n|-boost|p2b: Blaziken|spe|1\n|upkeep\n|turn|9\n|\n|t:|1788397301\n|move|p1b: Sinistcha|Rage Powder|p1b: Sinistcha\n|-singleturn|p1b: Sinistcha|move: Rage Powder\n|move|p2b: Blaziken|Rock Slide|p1b: Sinistcha|[spread] p1b\n|-miss|p2b: Blaziken|p1a: Incineroar\n|-damage|p1b: Sinistcha|0 fnt\n|faint|p1b: Sinistcha\n|move|p2a: Vivillon|Hurricane|p1a: Incineroar\n|-damage|p1a: Incineroar|29/100\n|move|p1a: Incineroar|Flare Blitz|p2b: Blaziken\n|-resisted|p2b: Blaziken|1\n|-damage|p2b: Blaziken|0 fnt\n|faint|p2b: Blaziken\n|-damage|p1a: Incineroar|26/100|[from] Recoil\n|\n|upkeep\n|\n|t:|1788397314\n|switch|p2b: Incineroar|Incineroar, L50, F|82/100\n|switch|p1b: Whimsicott|Whimsicott, L50, F|13/100\n|-ability|p2b: Incineroar|Intimidate|boost\n|-unboost|p1a: Incineroar|atk|1\n|-unboost|p1b: Whimsicott|atk|1\n|turn|10\n|\n|t:|1788397328\n|move|p1a: Incineroar|Helping Hand|p1b: Whimsicott\n|-singleturn|p1b: Whimsicott|Helping Hand|[of] p1a: Incineroar\n|move|p2b: Incineroar|Fake Out|p1b: Whimsicott\n|-damage|p1b: Whimsicott|1/100\n|move|p2a: Vivillon|Sleep Powder|p1a: Incineroar\n|-status|p1a: Incineroar|slp|[from] move: Sleep Powder\n|cant|p1b: Whimsicott|flinch\n|\n|upkeep\n|turn|11\n|\n|t:|1788397347\n|move|p2a: Vivillon|Protect|p2a: Vivillon\n|-singleturn|p2a: Vivillon|Protect\n|move|p1b: Whimsicott|Tailwind|p1b: Whimsicott\n|-sidestart|p1: Kevin-V8|move: Tailwind\n|cant|p1a: Incineroar|slp\n|move|p2b: Incineroar|Flare Blitz|p1b: Whimsicott\n|-supereffective|p1b: Whimsicott|1\n|-enditem|p1b: Whimsicott|Occa Berry|[eat]\n|-enditem|p1b: Whimsicott|Occa Berry|[weaken]\n|-damage|p1b: Whimsicott|0 fnt\n|faint|p1b: Whimsicott\n|-damage|p2b: Incineroar|81/100|[from] Recoil\n|\n|upkeep\n|\n|t:|1788397359\n|switch|p1b: Floette|Floette-Mega, L50, F|6/100 slp\n|-ability|p1b: Floette|Fairy Aura\n|turn|12\n|\n|t:|1788397367\n|cant|p1a: Incineroar|slp\n|cant|p1b: Floette|slp\n|move|p2a: Vivillon|Hurricane|p1a: Incineroar\n|-damage|p1a: Incineroar|0 fnt\n|faint|p1a: Incineroar\n|move|p2b: Incineroar|Flare Blitz|p1b: Floette\n|-damage|p1b: Floette|0 fnt\n|faint|p1b: Floette\n|-damage|p2b: Incineroar|79/100|[from] Recoil\n|\n|win|svnzv\n||Kevin-V8 is ready for game 3.\n|inactive|svnzv has 30 seconds to confirm battle start!\n|l|☆svnzv\n|player|p2|\n||svnzv is ready for game 3.\n|uhtml|next|Next: <a href=\"/battle-gen9championsvgc2026regmbbo3-2674731255\"><strong>Game 3 of 3</strong></a>\n","uploadtime":1788397727,"views":"2","formatid":"gen9championsvgc2026regmbbo3","rating":null,"private":0,"password":null}