{"id":"gen9championsvgc2026regmbbo3-2673252881","format":"[Gen 9 Champions] VGC 2026 Reg M-B (Bo3)","players":["CaratroncoSun","veryreally"],"log":"|j|☆CaratroncoSun\n|j|☆veryreally\n|html|<table width=\"100%\"><tr><td align=\"left\">CaratroncoSun</td><td align=\"right\">veryreally</tr><tr><td align=\"left\"><i class=\"fa fa-circle-o\"></i> <i class=\"fa fa-circle-o\"></i> </td><td align=\"right\"><i class=\"fa fa-circle-o\"></i> <i class=\"fa fa-circle-o\"></i> </tr></table>\n|uhtml|bestof|<h2><strong>Game 1</strong> of <a href=\"/game-bestof3-gen9championsvgc2026regmbbo3-2673252880\">a best-of-3</a></h2>\n|t:|1788169873\n|gametype|doubles\n|player|p1|CaratroncoSun|265|1358\n|player|p2|veryreally|170|1252\n|gen|9\n|tier|[Gen 9 Champions] VGC 2026 Reg M-B (Bo3)\n|rated|\n|rule|Species Clause: Limit one of each Pokémon\n|rule|Item Clause: Limit 1 of each item\n|clearpoke\n|poke|p1|Charizard, L50, F, shiny|\n|poke|p1|Venusaur, L50, M, shiny|\n|poke|p1|Whimsicott, L50, F, shiny|\n|poke|p1|Basculegion, L50, M|\n|poke|p1|Tyranitar, L50, F|\n|poke|p1|Mamoswine, L50, F|\n|poke|p2|Swampert, L50, F|\n|poke|p2|Gengar, L50, F|\n|poke|p2|Incineroar, L50, M|\n|poke|p2|Ninetales-Alola, L50, M|\n|poke|p2|Sneasler, L50, F|\n|poke|p2|Dragonite, L50, F|\n|teampreview|4\n|showteam|p1|Charizard||CharizarditeY|Blaze|Protect,SolarBeam,HeatWave,AirSlash|Modest||F|||50|]Venusaur||WideLens|Chlorophyll|Protect,GigaDrain,EarthPower,SleepPowder|Modest||M|||50|]Whimsicott||FocusSash|Prankster|Protect,Moonblast,Tailwind,Encore|Timid||F|||50|]Basculegion||MysticWater|Adaptability|Protect,AquaJet,WaveCrash,LastRespects|Adamant||M|||50|]Tyranitar||Tyranitarite|SandStream|Protect,RockSlide,KnockOff,LowKick|Adamant||F|||50|]Mamoswine||LifeOrb|Oblivious|Protect,HighHorsepower,RockSlide,IceShard|Adamant||F|||50|\n|showteam|p2|Swampert||Leftovers|Torrent|FlipTurn,HighHorsepower,Protect,Yawn|Brave||F|||50|]Gengar||Gengarite|CursedBody|SludgeBomb,ShadowBall,Protect,Substitute|Modest||F|||50|]Incineroar||SitrusBerry|Intimidate|FakeOut,ThroatChop,PartingShot,FlareBlitz|Impish||M|||50|]Ninetales-Alola||ChoiceScarf|SnowWarning|Blizzard,IcyWind,Encore,FreezeDry|Timid||M|||50|]Sneasler||FocusSash|Unburden|DireClaw,RockSlide,Protect,CloseCombat|Adamant||F|||50|]Dragonite||LifeOrb|InnerFocus|DragonClaw,ExtremeSpeed,Protect,Superpower|Adamant||F|||50|\n|inactive|Battle timer is ON: inactive players will automatically lose when time's up. (requested by veryreally)\n|\n|t:|1788169902\n|teamsize|p1|4\n|teamsize|p2|4\n|start\n|switch|p1a: Charizard|Charizard, L50, F, shiny|100/100\n|switch|p1b: Venusaur|Venusaur, L50, M, shiny|100/100\n|switch|p2a: Sneasler|Sneasler, L50, F|100/100\n|switch|p2b: Gengar|Gengar, L50, F|100/100\n|turn|1\n|inactive|CaratroncoSun has 30 seconds left.\n|\n|t:|1788169931\n|detailschange|p2b: Gengar|Gengar-Mega, L50, F\n|-mega|p2b: Gengar|Gengar|Gengarite\n|detailschange|p1a: Charizard|Charizard-Mega-Y, L50, F, shiny\n|-mega|p1a: Charizard|Charizard|Charizardite Y\n|-weather|SunnyDay|[from] ability: Drought|[of] p1a: Charizard\n|move|p2b: Gengar|Protect|p2b: Gengar\n|-singleturn|p2b: Gengar|Protect\n|move|p2a: Sneasler|Protect|p2a: Sneasler\n|-singleturn|p2a: Sneasler|Protect\n|move|p1b: Venusaur|Sleep Powder|p2a: Sneasler\n|-activate|p2a: Sneasler|move: Protect\n|move|p1a: Charizard|Heat Wave|p2a: Sneasler|[spread] \n|-activate|p2a: Sneasler|move: Protect\n|-activate|p2b: Gengar|move: Protect\n|\n|-weather|SunnyDay|[upkeep]\n|upkeep\n|turn|2\n|inactive|CaratroncoSun has 30 seconds left.\n|\n|t:|1788169957\n|switch|p2b: Ninetales|Ninetales-Alola, L50, M|100/100\n|-weather|Snowscape|[from] ability: Snow Warning|[of] p2b: Ninetales\n|move|p1a: Charizard|Protect|p1a: Charizard\n|-singleturn|p1a: Charizard|Protect\n|move|p2a: Sneasler|Rock Slide|p1a: Charizard|[spread] p1b\n|-activate|p1a: Charizard|move: Protect\n|-damage|p1b: Venusaur|73/100\n|cant|p1b: Venusaur|flinch\n|\n|-weather|Snowscape|[upkeep]\n|upkeep\n|turn|3\n|inactive|veryreally has 30 seconds left.\n|inactive|veryreally has 20 seconds left.\n|\n|t:|1788169996\n|switch|p1a: Tyranitar|Tyranitar, L50, F|100/100\n|-weather|Sandstorm|[from] ability: Sand Stream|[of] p1a: Tyranitar\n|move|p2b: Ninetales|Blizzard|p1b: Venusaur|[spread] p1a,p1b\n|-supereffective|p1b: Venusaur|1\n|-damage|p1a: Tyranitar|79/100\n|-damage|p1b: Venusaur|3/100\n|move|p2a: Sneasler|Rock Slide|p1b: Venusaur|[spread] p1a,p1b\n|-damage|p1a: Tyranitar|59/100\n|-damage|p1b: Venusaur|0 fnt\n|faint|p1b: Venusaur\n|\n|-weather|Sandstorm|[upkeep]\n|-damage|p2b: Ninetales|94/100|[from] Sandstorm\n|-damage|p2a: Sneasler|94/100|[from] Sandstorm\n|upkeep\n|\n|t:|1788170013\n|switch|p1b: Charizard|Charizard-Mega-Y, L50, F, shiny|100/100\n|-weather|SunnyDay|[from] ability: Drought|[of] p1b: Charizard\n|turn|4\n|inactive|veryreally has 30 seconds left.\n|inactive|veryreally has 20 seconds left.\n|\n|t:|1788170051\n|switch|p2b: Incineroar|Incineroar, L50, M|100/100\n|-ability|p2b: Incineroar|Intimidate|boost\n|-unboost|p1a: Tyranitar|atk|1\n|-unboost|p1b: Charizard|atk|1\n|switch|p1a: Mamoswine|Mamoswine, L50, F|100/100\n|move|p2a: Sneasler|Rock Slide|p1b: Charizard|[spread] p1a,p1b\n|-supereffective|p1b: Charizard|2\n|-damage|p1a: Mamoswine|77/100\n|-damage|p1b: Charizard|7/100\n|move|p1b: Charizard|Heat Wave|p2a: Sneasler|[spread] p2a,p2b\n|-resisted|p2b: Incineroar|1\n|-damage|p2a: Sneasler|2/100\n|-damage|p2b: Incineroar|73/100\n|\n|-weather|SunnyDay|[upkeep]\n|upkeep\n|turn|5\n|inactive|veryreally has 30 seconds left.\n|\n|t:|1788170079\n|switch|p2a: Ninetales|Ninetales-Alola, L50, M|94/100\n|-weather|Snowscape|[from] ability: Snow Warning|[of] p2a: Ninetales\n|move|p1b: Charizard|Protect|p1b: Charizard\n|-singleturn|p1b: Charizard|Protect\n|move|p1a: Mamoswine|Protect|p1a: Mamoswine\n|-singleturn|p1a: Mamoswine|Protect\n|move|p2b: Incineroar|Flare Blitz|p1a: Mamoswine\n|-activate|p1a: Mamoswine|move: Protect\n|\n|-weather|Snowscape|[upkeep]\n|upkeep\n|turn|6\n|\n|t:|1788170094\n|switch|p1b: Tyranitar|Tyranitar, L50, F|59/100\n|-weather|Sandstorm|[from] ability: Sand Stream|[of] p1b: Tyranitar\n|move|p2a: Ninetales|Icy Wind|p1b: Tyranitar|[spread] p1a,p1b\n|-damage|p1a: Mamoswine|56/100\n|-damage|p1b: Tyranitar|49/100\n|-unboost|p1a: Mamoswine|spe|1\n|-unboost|p1b: Tyranitar|spe|1\n|move|p1a: Mamoswine|High Horsepower|p2b: Incineroar\n|-supereffective|p2b: Incineroar|1\n|-damage|p2b: Incineroar|0 fnt\n|faint|p2b: Incineroar\n|-damage|p1a: Mamoswine|47/100|[from] item: Life Orb\n|\n|-weather|Sandstorm|[upkeep]\n|-damage|p2a: Ninetales|88/100|[from] Sandstorm\n|upkeep\n|\n|t:|1788170112\n|switch|p2b: Gengar|Gengar-Mega, L50, F|100/100\n|turn|7\n|\n|t:|1788170126\n|move|p1a: Mamoswine|Protect|p1a: Mamoswine\n|-singleturn|p1a: Mamoswine|Protect\n|move|p2a: Ninetales|Icy Wind|p1b: Tyranitar|[spread] p1b\n|-activate|p1a: Mamoswine|move: Protect\n|-damage|p1b: Tyranitar|41/100\n|-unboost|p1b: Tyranitar|spe|1\n|move|p2b: Gengar|Shadow Ball|p1b: Tyranitar\n|-resisted|p1b: Tyranitar|1\n|-damage|p1b: Tyranitar|25/100\n|move|p1b: Tyranitar|Knock Off|p2b: Gengar\n|-supereffective|p2b: Gengar|1\n|-damage|p2b: Gengar|0 fnt\n|faint|p2b: Gengar\n|\n|-weather|Sandstorm|[upkeep]\n|-damage|p2a: Ninetales|82/100|[from] Sandstorm\n|upkeep\n|\n|t:|1788170131\n|switch|p2b: Sneasler|Sneasler, L50, F|2/100\n|turn|8\n|\n|t:|1788170151\n|move|p1a: Mamoswine|Ice Shard|p2b: Sneasler\n|-crit|p2b: Sneasler\n|-damage|p2b: Sneasler|0 fnt\n|faint|p2b: Sneasler\n|-damage|p1a: Mamoswine|37/100|[from] item: Life Orb\n|move|p2a: Ninetales|Icy Wind|p1a: Mamoswine|[spread] p1a,p1b\n|-damage|p1a: Mamoswine|15/100\n|-damage|p1b: Tyranitar|15/100\n|-unboost|p1a: Mamoswine|spe|1\n|-unboost|p1b: Tyranitar|spe|1\n|move|p1b: Tyranitar|Rock Slide|p2a: Ninetales\n|-supereffective|p2a: Ninetales|1\n|-damage|p2a: Ninetales|0 fnt\n|faint|p2a: Ninetales\n|\n|win|CaratroncoSun\n","uploadtime":1788170152,"views":"1","formatid":"gen9championsvgc2026regmbbo3","rating":null,"private":0,"password":null}