{"id":"gen9championsvgc2026regmbbo3-2675031289","format":"[Gen 9 Champions] VGC 2026 Reg M-B (Bo3)","players":["JadeLiberte","ufhednarvgc"],"log":"|j|☆JadeLiberte\n|j|☆ufhednarvgc\n|html|<table width=\"100%\"><tr><td align=\"left\">JadeLiberte</td><td align=\"right\">ufhednarvgc</tr><tr><td align=\"left\"><i class=\"fa fa-circle-o\"></i> <i class=\"fa fa-circle-o\"></i> </td><td align=\"right\"><i class=\"fa fa-circle-o\"></i> <i class=\"fa fa-circle-o\"></i> </tr></table>\n|uhtml|bestof|<h2><strong>Game 1</strong> of <a href=\"/game-bestof3-gen9championsvgc2026regmbbo3-2675031288\">a best-of-3</a></h2>\n|t:|1788450808\n|gametype|doubles\n|player|p1|JadeLiberte|steven|1160\n|player|p2|ufhednarvgc|lance|1260\n|gen|9\n|tier|[Gen 9 Champions] VGC 2026 Reg M-B (Bo3)\n|rated|\n|rule|Species Clause: Limit one of each Pokémon\n|rule|Item Clause: Limit 1 of each item\n|clearpoke\n|poke|p1|Whimsicott, L50, F|\n|poke|p1|Kingambit, L50, F|\n|poke|p1|Sneasler, L50, F|\n|poke|p1|Garchomp, L50, F|\n|poke|p1|Charizard, L50, F, shiny|\n|poke|p1|Froslass, L50, F|\n|poke|p2|Dragonite, L50, F|\n|poke|p2|Sneasler, L50, M|\n|poke|p2|Basculegion, L50, M|\n|poke|p2|Kingambit, L50, M|\n|poke|p2|Garchomp, L50, F|\n|poke|p2|Floette-Eternal, L50, F|\n|teampreview|4\n|showteam|p1|Whimsicott||FocusSash|Prankster|Tailwind,Moonblast,Encore,Protect|Timid||F|||50|]Kingambit||BlackGlasses|Defiant|SuckerPunch,IronHead,KowtowCleave,Protect|Adamant||F|||50|]Sneasler||WhiteHerb|PoisonTouch|FakeOut,CloseCombat,DireClaw,Protect|Jolly||F|||50|]Garchomp||LifeOrb|RoughSkin|DragonClaw,Earthquake,RockSlide,Protect|Jolly||F|||50|]Charizard||CharizarditeY|SolarPower|HeatWave,AirSlash,SolarBeam,Protect|Modest||F|||50|]Froslass||Froslassite|CursedBody|AuroraVeil,ShadowBall,Blizzard,Protect|Timid||F|||50|\n|showteam|p2|Dragonite||Dragoninite|Multiscale|DragonPulse,HeatWave,ExtremeSpeed,Protect|Modest||F|||50|]Sneasler||FocusSash|PoisonTouch|CloseCombat,DireClaw,FakeOut,Feint|Jolly||M|||50|]Basculegion||LifeOrb|Adaptability|WaveCrash,LastRespects,AquaJet,Protect|Adamant||M|||50|]Kingambit||ChopleBerry|Defiant|SuckerPunch,KowtowCleave,LowKick,IronHead|Adamant||M|||50|]Garchomp||ChoiceScarf|RoughSkin|DragonClaw,StompingTantrum,Earthquake,RockSlide|Adamant||F|||50|]Floette-Eternal||Floettite|FlowerVeil|Moonblast,DazzlingGleam,LightofRuin,Protect|Timid||F|||50|\n|inactive|Battle timer is ON: inactive players will automatically lose when time's up. (requested by JadeLiberte)\n|inactive|ufhednarvgc has 60 seconds left.\n|\n|t:|1788450843\n|teamsize|p1|4\n|teamsize|p2|4\n|start\n|switch|p1a: Whimsicott|Whimsicott, L50, F|100/100\n|switch|p1b: Sneasler|Sneasler, L50, F|100/100\n|switch|p2a: Sneasler|Sneasler, L50, M|100/100\n|switch|p2b: Kingambit|Kingambit, L50, M|100/100\n|turn|1\n|\n|t:|1788450867\n|move|p1b: Sneasler|Fake Out|p2a: Sneasler\n|-damage|p2a: Sneasler|77/100\n|cant|p2a: Sneasler|flinch\n|move|p1a: Whimsicott|Tailwind|p1a: Whimsicott\n|-sidestart|p1: JadeLiberte|move: Tailwind\n|move|p2b: Kingambit|Iron Head|p1b: Sneasler\n|-damage|p1b: Sneasler|26/100\n|\n|upkeep\n|turn|2\n|\n|t:|1788450890\n|move|p2b: Kingambit|Sucker Punch|p1b: Sneasler\n|-resisted|p1b: Sneasler|1\n|-damage|p1b: Sneasler|0 fnt\n|faint|p1b: Sneasler\n|move|p1a: Whimsicott|Moonblast|p2a: Sneasler\n|-damage|p2a: Sneasler|28/100\n|move|p2a: Sneasler|Dire Claw|p1a: Whimsicott\n|-supereffective|p1a: Whimsicott|2\n|-crit|p1a: Whimsicott\n|-enditem|p1a: Whimsicott|Focus Sash\n|-damage|p1a: Whimsicott|1/100\n|\n|upkeep\n|inactive|JadeLiberte has 30 seconds left.\n|\n|t:|1788450919\n|switch|p1b: Garchomp|Garchomp, L50, F|100/100\n|turn|3\n|\n|t:|1788450932\n|move|p1a: Whimsicott|Protect|p1a: Whimsicott\n|-singleturn|p1a: Whimsicott|Protect\n|move|p2a: Sneasler|Feint|p1a: Whimsicott\n|-activate|p1a: Whimsicott|move: Feint\n|-damage|p1a: Whimsicott|0 fnt\n|faint|p1a: Whimsicott\n|move|p1b: Garchomp|Earthquake|p2a: Sneasler|[spread] p2a,p2b\n|-supereffective|p2a: Sneasler|1\n|-supereffective|p2b: Kingambit|1\n|-damage|p2a: Sneasler|0 fnt\n|-damage|p2b: Kingambit|24/100\n|faint|p2a: Sneasler\n|-damage|p1b: Garchomp|90/100|[from] item: Life Orb\n|move|p2b: Kingambit|Kowtow Cleave|p1b: Garchomp\n|-damage|p1b: Garchomp|44/100\n|-damage|p2b: Kingambit|12/100|[from] ability: Rough Skin|[of] p1b: Garchomp\n|\n|upkeep\n|\n|t:|1788450953\n|switch|p2a: Floette|Floette-Eternal, L50, F|100/100\n|switch|p1a: Charizard|Charizard, L50, F, shiny|100/100\n|turn|4\n|\n|t:|1788450969\n|detailschange|p1a: Charizard|Charizard-Mega-Y, L50, F, shiny\n|-mega|p1a: Charizard|Charizard|Charizardite Y\n|-weather|SunnyDay|[from] ability: Drought|[of] p1a: Charizard\n|detailschange|p2a: Floette|Floette-Mega, L50, F\n|-mega|p2a: Floette|Floette|Floettite\n|-ability|p2a: Floette|Fairy Aura\n|move|p2b: Kingambit|Sucker Punch|p1a: Charizard\n|-damage|p1a: Charizard|49/100\n|move|p1b: Garchomp|Earthquake|p2a: Floette|[spread] p2a,p2b\n|-immune|p1a: Charizard\n|-supereffective|p2b: Kingambit|1\n|-damage|p2a: Floette|36/100\n|-damage|p2b: Kingambit|0 fnt\n|faint|p2b: Kingambit\n|-damage|p1b: Garchomp|35/100|[from] item: Life Orb\n|move|p1a: Charizard|Heat Wave|p2a: Floette\n|-damage|p2a: Floette|0 fnt\n|faint|p2a: Floette\n|\n|-weather|SunnyDay|[upkeep]\n|-sideend|p1: JadeLiberte|move: Tailwind\n|upkeep\n|\n|t:|1788450988\n|switch|p2b: Basculegion|Basculegion, L50, M|100/100\n|turn|5\n|\n|t:|1788451000\n|move|p2b: Basculegion|Aqua Jet|p1a: Charizard\n|-supereffective|p1a: Charizard|1\n|-damage|p1a: Charizard|2/100\n|-damage|p2b: Basculegion|90/100|[from] item: Life Orb\n|move|p1b: Garchomp|Earthquake|p2b: Basculegion|[spread] p2b\n|-immune|p1a: Charizard\n|-damage|p2b: Basculegion|20/100y\n|-damage|p1b: Garchomp|25/100|[from] item: Life Orb\n|move|p1a: Charizard|Solar Beam||[still]\n|-prepare|p1a: Charizard|Solar Beam\n|-anim|p1a: Charizard|Solar Beam|p2b: Basculegion\n|-supereffective|p2b: Basculegion|1\n|-damage|p2b: Basculegion|0 fnt\n|faint|p2b: Basculegion\n|\n|win|JadeLiberte\n||JadeLiberte is ready for game 2.\n||ufhednarvgc is ready for game 2.\n|uhtml|next|Next: <a href=\"/battle-gen9championsvgc2026regmbbo3-2675032967\"><strong>Game 2 of 3</strong></a>\n|l|☆JadeLiberte\n|player|p1|\n","uploadtime":1788451386,"views":"0","formatid":"gen9championsvgc2026regmbbo3","rating":null,"private":0,"password":null}