{"id":"gen9championsvgc2026regmb-2674339760","format":"[Gen 9 Champions] VGC 2026 Reg M-B","players":["mobmasher99","chark0l"],"log":"|j|☆mobmasher99\n|j|☆chark0l\n|t:|1788344568\n|gametype|doubles\n|player|p1|mobmasher99|1|\n|player|p2|chark0l|265|\n|gen|9\n|tier|[Gen 9 Champions] VGC 2026 Reg M-B\n|rule|Species Clause: Limit one of each Pokémon\n|rule|Item Clause: Limit 1 of each item\n|clearpoke\n|poke|p1|Charizard, L50, F|\n|poke|p1|Venusaur, L50, F|\n|poke|p1|Heliolisk, L50, F|\n|poke|p1|Manectric, L50, F|\n|poke|p1|Forretress, L50, F|\n|poke|p1|Kingambit, L50, M|\n|poke|p2|Basculegion, L50, M|\n|poke|p2|Archaludon, L50, M, shiny|\n|poke|p2|Politoed, L50, F, shiny|\n|poke|p2|Grimmsnarl, L50, M, shiny|\n|poke|p2|Raichu, L50, F|\n|poke|p2|Orthworm, L50, F, shiny|\n|teampreview|4\n|inactive|Battle timer is ON: inactive players will automatically lose when time's up. (requested by mobmasher99)\n|inactive|chark0l has 60 seconds left.\n|inactive|chark0l has 30 seconds left.\n|inactive|chark0l has 20 seconds left.\n|inactive|chark0l has 15 seconds left.\n|inactive|chark0l has 10 seconds left.\n|\n|t:|1788344652\n|teamsize|p1|4\n|teamsize|p2|4\n|start\n|switch|p1a: Charizard|Charizard, L50, F|100/100\n|switch|p1b: Venusaur|Venusaur, L50, F|100/100\n|switch|p2a: Raichu|Raichu, L50, F|100/100\n|switch|p2b: Archaludon|Archaludon, L50, M, shiny|100/100\n|turn|1\n|inactive|mobmasher99 has 30 seconds left.\n|inactive|chark0l has 30 seconds left.\n|inactive|chark0l has 20 seconds left.\n|inactive|chark0l has 15 seconds left.\n|inactive|chark0l has 10 seconds left.\n|inactive|chark0l has 5 seconds left.\n|\n|t:|1788344705\n|switch|p2b: Basculegion|Basculegion, L50, M|100/100\n|move|p1a: Charizard|Protect|p1a: Charizard\n|-singleturn|p1a: Charizard|Protect\n|move|p2a: Raichu|Fake Out|p1a: Charizard\n|-activate|p1a: Charizard|move: Protect\n|move|p1b: Venusaur|Earth Power|p2b: Basculegion\n|-crit|p2b: Basculegion\n|-damage|p2b: Basculegion|34/100\n|-damage|p1b: Venusaur|90/100|[from] item: Life Orb\n|\n|upkeep\n|turn|2\n|inactive|mobmasher99 has 30 seconds left.\n|inactive|chark0l has 30 seconds left.\n|inactive|mobmasher99 has 20 seconds left.\n|inactive|chark0l has 20 seconds left.\n|inactive|mobmasher99 has 15 seconds left.\n|\n|t:|1788344749\n|switch|p1a: Heliolisk|Heliolisk, L50, F|100/100\n|switch|p2b: Politoed|Politoed, L50, F, shiny|100/100\n|-weather|RainDance|[from] ability: Drizzle|[of] p2b: Politoed\n|detailschange|p2a: Raichu|Raichu-Mega-X, L50, F\n|-mega|p2a: Raichu|Raichu|Raichunite X\n|-fieldstart|move: Electric Terrain|[from] ability: Electric Surge|[of] p2a: Raichu\n|move|p2a: Raichu|Volt Tackle|p1a: Heliolisk\n|-resisted|p1a: Heliolisk|1\n|-damage|p1a: Heliolisk|21/100\n|-damage|p2a: Raichu|71/100|[from] Recoil\n|move|p1b: Venusaur|Earth Power|p2a: Raichu\n|-supereffective|p2a: Raichu|1\n|-damage|p2a: Raichu|0 fnt\n|faint|p2a: Raichu\n|-damage|p1b: Venusaur|80/100|[from] item: Life Orb\n|\n|-weather|RainDance|[upkeep]\n|-heal|p1a: Heliolisk|33/100|[from] ability: Dry Skin\n|-heal|p1a: Heliolisk|39/100|[from] item: Leftovers\n|upkeep\n|inactive|chark0l has 30 seconds left.\n|\n|t:|1788344778\n|switch|p2a: Basculegion|Basculegion, L50, M|34/100\n|turn|3\n|inactive|chark0l has 30 seconds left.\n|inactive|chark0l has 20 seconds left.\n|inactive|chark0l has 15 seconds left.\n|inactive|chark0l has 10 seconds left.\n|\n|t:|1788344826\n|switch|p1a: Charizard|Charizard, L50, F|100/100\n|move|p2b: Politoed|Helping Hand|p2a: Basculegion\n|-singleturn|p2a: Basculegion|Helping Hand|[of] p2b: Politoed\n|move|p1b: Venusaur|Protect|p1b: Venusaur\n|-singleturn|p1b: Venusaur|Protect\n|move|p2a: Basculegion|Last Respects|p1b: Venusaur\n|-activate|p1b: Venusaur|move: Protect\n|\n|-weather|RainDance|[upkeep]\n|upkeep\n|turn|4\n|inactive|chark0l has 30 seconds left.\n|inactive|chark0l has 20 seconds left.\n|\n|t:|1788344865\n|switch|p2b: Archaludon|Archaludon, L50, M, shiny|100/100\n|detailschange|p1a: Charizard|Charizard-Mega-Y, L50, F\n|-mega|p1a: Charizard|Charizard|Charizardite Y\n|-weather|SunnyDay|[from] ability: Drought|[of] p1a: Charizard\n|move|p2a: Basculegion|Protect|p2a: Basculegion\n|-singleturn|p2a: Basculegion|Protect\n|move|p1b: Venusaur|Energy Ball|p2b: Archaludon\n|-resisted|p2b: Archaludon|2\n|-damage|p2b: Archaludon|80/100\n|-unboost|p2b: Archaludon|spd|1\n|-ability|p2b: Archaludon|Stamina|boost\n|-boost|p2b: Archaludon|def|1\n|-damage|p1b: Venusaur|70/100|[from] item: Life Orb\n|move|p1a: Charizard|Solar Beam||[still]\n|-prepare|p1a: Charizard|Solar Beam\n|-anim|p1a: Charizard|Solar Beam|p2a: Basculegion\n|-activate|p2a: Basculegion|move: Protect\n|\n|-weather|SunnyDay|[upkeep]\n|-heal|p2b: Archaludon|86/100|[from] item: Leftovers\n|upkeep\n|turn|5\n|inactive|mobmasher99 has 30 seconds left.\n|inactive|chark0l has 30 seconds left.\n|inactive|chark0l has 20 seconds left.\n|inactive|chark0l has 15 seconds left.\n|inactive|chark0l has 10 seconds left.\n|inactive|chark0l has 5 seconds left.\n|\n|t:|1788344916\n|switch|p2b: Politoed|Politoed, L50, F, shiny|100/100\n|-weather|RainDance|[from] ability: Drizzle|[of] p2b: Politoed\n|move|p1a: Charizard|Protect|p1a: Charizard\n|-singleturn|p1a: Charizard|Protect\n|move|p2a: Basculegion|Last Respects|p1b: Venusaur\n|-damage|p1b: Venusaur|0 fnt\n|faint|p1b: Venusaur\n|-damage|p2a: Basculegion|24/100|[from] item: Life Orb\n|\n|-weather|RainDance|[upkeep]\n|upkeep\n|\n|t:|1788344930\n|switch|p1b: Heliolisk|Heliolisk, L50, F|39/100\n|turn|6\n|\n|t:|1788344951\n|switch|p1a: Manectric|Manectric, L50, F|100/100\n|move|p1b: Heliolisk|Ally Switch|p1b: Heliolisk\n|swap|p1b: Heliolisk|0|[from] move: Ally Switch\n|move|p2a: Basculegion|Liquidation|p1a: Heliolisk\n|-heal|p1a: Heliolisk|64/100|[from] ability: Dry Skin|[of] p2a: Basculegion\n|move|p2b: Politoed|Weather Ball|p1b: Manectric\n|-damage|p1b: Manectric|15/100\n|\n|-weather|RainDance|[upkeep]\n|-heal|p1a: Heliolisk|76/100|[from] ability: Dry Skin\n|-heal|p1a: Heliolisk|82/100|[from] item: Leftovers\n|-fieldend|move: Electric Terrain\n|upkeep\n|turn|7\n|inactive|mobmasher99 has 30 seconds left.\n|\n|t:|1788344977\n|move|p1b: Manectric|Protect|p1b: Manectric\n|-singleturn|p1b: Manectric|Protect\n|move|p2a: Basculegion|Last Respects|p1a: Heliolisk\n|-immune|p1a: Heliolisk\n|move|p1a: Heliolisk|Discharge|p2a: Basculegion|[spread] p2a,p2b\n|-activate|p1b: Manectric|move: Protect\n|-supereffective|p2a: Basculegion|1\n|-supereffective|p2b: Politoed|1\n|-damage|p2a: Basculegion|0 fnt\n|-damage|p2b: Politoed|68/100\n|faint|p2a: Basculegion\n|move|p2b: Politoed|Focus Blast|p1b: Manectric\n|-activate|p1b: Manectric|move: Protect\n|\n|-weather|RainDance|[upkeep]\n|-heal|p1a: Heliolisk|94/100|[from] ability: Dry Skin\n|-heal|p1a: Heliolisk|100/100|[from] item: Leftovers\n|upkeep\n|\n|t:|1788344997\n|switch|p2a: Archaludon|Archaludon, L50, M, shiny|86/100\n|turn|8\n|inactive|chark0l has 30 seconds left.\n|\n|t:|1788345022\n|move|p2b: Politoed|Protect|p2b: Politoed\n|-singleturn|p2b: Politoed|Protect\n|move|p1a: Heliolisk|Discharge|p2b: Politoed|[spread] p2a\n|-activate|p2b: Politoed|move: Protect\n|-ability|p1b: Manectric|Lightning Rod|boost\n|-boost|p1b: Manectric|spa|1\n|-resisted|p2a: Archaludon|1\n|-damage|p2a: Archaludon|68/100\n|-ability|p2a: Archaludon|Stamina|boost\n|-boost|p2a: Archaludon|def|1\n|move|p1b: Manectric|Thunderbolt|p2b: Politoed\n|-activate|p2b: Politoed|move: Protect\n|move|p2a: Archaludon|Aura Sphere|p1b: Manectric\n|-crit|p1b: Manectric\n|-damage|p1b: Manectric|0 fnt\n|faint|p1b: Manectric\n|\n|-weather|RainDance|[upkeep]\n|-heal|p2a: Archaludon|74/100|[from] item: Leftovers\n|upkeep\n|\n|t:|1788345025\n|switch|p1b: Charizard|Charizard-Mega-Y, L50, F|100/100\n|-weather|SunnyDay|[from] ability: Drought|[of] p1b: Charizard\n|turn|9\n|inactive|chark0l has 30 seconds left.\n|inactive|mobmasher99 has 30 seconds left.\n|inactive|chark0l has 20 seconds left.\n|inactive|chark0l has 15 seconds left.\n|inactive|chark0l has 10 seconds left.\n|inactive|chark0l has 5 seconds left.\n|\n|t:|1788345077\n|move|p2b: Politoed|Helping Hand|p2a: Archaludon\n|-singleturn|p2a: Archaludon|Helping Hand|[of] p2b: Politoed\n|move|p1a: Heliolisk|Ally Switch|p1a: Heliolisk\n|swap|p1a: Heliolisk|1|[from] move: Ally Switch\n|move|p1a: Charizard|Solar Beam||[still]\n|-prepare|p1a: Charizard|Solar Beam\n|-anim|p1a: Charizard|Solar Beam|p2b: Politoed\n|-supereffective|p2b: Politoed|1\n|-crit|p2b: Politoed\n|-damage|p2b: Politoed|0 fnt\n|faint|p2b: Politoed\n|move|p2a: Archaludon|Dragon Pulse|p1b: Heliolisk\n|-damage|p1b: Heliolisk|33/100\n|\n|-weather|SunnyDay|[upkeep]\n|-damage|p1b: Heliolisk|21/100|[from] ability: Dry Skin|[of] p1b: Heliolisk\n|-heal|p1b: Heliolisk|27/100|[from] item: Leftovers\n|-heal|p2a: Archaludon|80/100|[from] item: Leftovers\n|upkeep\n|turn|10\n|\n|t:|1788345098\n|move|p1b: Heliolisk|Protect|p1b: Heliolisk\n|-singleturn|p1b: Heliolisk|Protect\n|move|p2a: Archaludon|Protect|p2a: Archaludon\n|-singleturn|p2a: Archaludon|Protect\n|move|p1a: Charizard|Weather Ball|p2a: Archaludon\n|-activate|p2a: Archaludon|move: Protect\n|\n|-weather|SunnyDay|[upkeep]\n|-damage|p1b: Heliolisk|15/100|[from] ability: Dry Skin|[of] p1b: Heliolisk\n|-heal|p1b: Heliolisk|21/100|[from] item: Leftovers\n|-heal|p2a: Archaludon|86/100|[from] item: Leftovers\n|upkeep\n|turn|11\n|inactive|chark0l has 30 seconds left.\n|inactive|chark0l has 20 seconds left.\n|\n|t:|1788345114\n|move|p1b: Heliolisk|Ally Switch|p1b: Heliolisk\n|swap|p1b: Heliolisk|0|[from] move: Ally Switch\n|move|p1b: Charizard|Weather Ball|p2a: Archaludon\n|-damage|p2a: Archaludon|0 fnt\n|faint|p2a: Archaludon\n|\n|win|mobmasher99\n|l|☆chark0l\n|player|p2|\n","uploadtime":1788345134,"views":"4","formatid":"gen9championsvgc2026regmb","rating":null,"private":0,"password":null}