{"id":"gen9championsvgc2026regmbbo3-2673294337","format":"[Gen 9 Champions] VGC 2026 Reg M-B (Bo3)","players":["Javichicaino","tuckered out1"],"log":"|j|☆Javichicaino\n|j|☆tuckered out1\n|html|<table width=\"100%\"><tr><td align=\"left\">Javichicaino</td><td align=\"right\">tuckered out1</tr><tr><td align=\"left\"><i class=\"fa fa-circle-o\"></i> <i class=\"fa fa-circle-o\"></i> </td><td align=\"right\"><i class=\"fa fa-circle-o\"></i> <i class=\"fa fa-circle-o\"></i> </tr></table>\n|uhtml|bestof|<h2><strong>Game 1</strong> of <a href=\"/game-bestof3-gen9championsvgc2026regmbbo3-2673294335\">a best-of-3</a></h2>\n|t:|1788178645\n|gametype|doubles\n|player|p1|Javichicaino|102|1251\n|player|p2|tuckered out1|169|1170\n|gen|9\n|tier|[Gen 9 Champions] VGC 2026 Reg M-B (Bo3)\n|rated|\n|rule|Species Clause: Limit one of each Pokémon\n|rule|Item Clause: Limit 1 of each item\n|clearpoke\n|poke|p1|Charizard, L50, F|\n|poke|p1|Swampert, L50, M|\n|poke|p1|Venusaur, L50, F|\n|poke|p1|Pelipper, L50, F|\n|poke|p1|Archaludon, L50, F|\n|poke|p1|Grimmsnarl, L50, M|\n|poke|p2|Dragonite, L50, F|\n|poke|p2|Swampert, L50, M|\n|poke|p2|Sneasler, L50, M|\n|poke|p2|Archaludon, L50, M|\n|poke|p2|Pelipper, L50, F|\n|poke|p2|Sinistcha, L50|\n|teampreview|4\n|showteam|p1|Charizard||CharizarditeY|Blaze|HeatWave,WeatherBall,SolarBeam,Protect|Modest||F|||50|]Swampert||Swampertite|Torrent|WaveCrash,Earthquake,IcePunch,Protect|Adamant||M|||50|]Venusaur||LifeOrb|Chlorophyll|SludgeBomb,EarthPower,SleepPowder,Protect|Modest||F|||50|]Pelipper||SitrusBerry|Drizzle|Tailwind,WeatherBall,Hurricane,WideGuard|Modest||F|||50|]Archaludon||Leftovers|Stamina|ElectroShot,DragonPulse,FlashCannon,Protect|Modest||F|||50|]Grimmsnarl||LightClay|Prankster|Reflect,LightScreen,PartingShot,SpiritBreak|Careful||M|||50|\n|showteam|p2|Dragonite||Dragoninite|Multiscale|Hurricane,Thunder,DracoMeteor,Protect|Modest||F|||50|]Swampert||Swampertite|Torrent|WaveCrash,Protect,Earthquake,FlipTurn|Adamant||M|||50|]Sneasler||WhiteHerb|Unburden|FakeOut,Protect,CloseCombat,DireClaw|Adamant||M|||50|]Archaludon||ChoiceScarf|Sturdy|DracoMeteor,ElectroShot,FlashCannon,AuraSphere|Timid||M|||50|]Pelipper||DampRock|Drizzle|Tailwind,WideGuard,MuddyWater,Protect|Bold||F|||50|]Sinistcha||SitrusBerry|Hospitality|LifeDew,StrengthSap,MatchaGotcha,RagePowder|Sassy|||||50|\n|\n|t:|1788178686\n|teamsize|p1|4\n|teamsize|p2|4\n|start\n|switch|p1a: Charizard|Charizard, L50, F|100/100\n|switch|p1b: Grimmsnarl|Grimmsnarl, L50, M|100/100\n|switch|p2a: Dragonite|Dragonite, L50, F|100/100\n|switch|p2b: Swampert|Swampert, L50, M|100/100\n|turn|1\n|j| trestkon\n|\n|t:|1788178706\n|detailschange|p1a: Charizard|Charizard-Mega-Y, L50, F\n|-mega|p1a: Charizard|Charizard|Charizardite Y\n|-weather|SunnyDay|[from] ability: Drought|[of] p1a: Charizard\n|move|p1a: Charizard|Protect|p1a: Charizard\n|-singleturn|p1a: Charizard|Protect\n|move|p2a: Dragonite|Protect|p2a: Dragonite\n|-singleturn|p2a: Dragonite|Protect\n|move|p2b: Swampert|Protect|p2b: Swampert\n|-singleturn|p2b: Swampert|Protect\n|move|p1b: Grimmsnarl|Light Screen|p1b: Grimmsnarl\n|-sidestart|p1: Javichicaino|move: Light Screen\n|\n|-weather|SunnyDay|[upkeep]\n|upkeep\n|turn|2\n|\n|t:|1788178739\n|switch|p1a: Archaludon|Archaludon, L50, F|100/100\n|switch|p2a: Pelipper|Pelipper, L50, F|100/100\n|-weather|RainDance|[from] ability: Drizzle|[of] p2a: Pelipper\n|detailschange|p2b: Swampert|Swampert-Mega, L50, M\n|-mega|p2b: Swampert|Swampert|Swampertite\n|move|p2b: Swampert|Flip Turn|p1a: Archaludon\n|-resisted|p1a: Archaludon|1\n|-damage|p1a: Archaludon|80/100\n|-ability|p1a: Archaludon|Stamina|boost\n|-boost|p1a: Archaludon|def|1\n|\n|t:|1788178752\n|switch|p2b: Archaludon|Archaludon, L50, M|100/100|[from] Flip Turn\n|move|p1b: Grimmsnarl|Spirit Break|p2a: Pelipper\n|-damage|p2a: Pelipper|69/100\n|-unboost|p2a: Pelipper|spa|1\n|\n|-weather|RainDance|[upkeep]\n|-heal|p1a: Archaludon|86/100|[from] item: Leftovers\n|upkeep\n|turn|3\n|\n|t:|1788178776\n|switch|p2a: Swampert|Swampert-Mega, L50, M|100/100\n|move|p1b: Grimmsnarl|Reflect|p1b: Grimmsnarl\n|-sidestart|p1: Javichicaino|Reflect\n|move|p2b: Archaludon|Draco Meteor|p1a: Archaludon\n|-damage|p1a: Archaludon|47/100\n|-unboost|p2b: Archaludon|spa|2\n|-ability|p1a: Archaludon|Stamina|boost\n|-boost|p1a: Archaludon|def|1\n|move|p1a: Archaludon|Electro Shot||[still]\n|-prepare|p1a: Archaludon|Electro Shot\n|-boost|p1a: Archaludon|spa|1\n|-anim|p1a: Archaludon|Electro Shot|p2a: Swampert\n|-immune|p2a: Swampert\n|\n|-weather|RainDance|[upkeep]\n|-heal|p1a: Archaludon|53/100|[from] item: Leftovers\n|upkeep\n|turn|4\n|l|☆tuckered out1\n|player|p2|\n|\n|t:|1788178800\n|switch|p2b: Dragonite|Dragonite, L50, F|100/100\n|move|p1b: Grimmsnarl|Parting Shot|p2a: Swampert\n|-unboost|p2a: Swampert|atk|1\n|-unboost|p2a: Swampert|spa|1\n|j|☆tuckered out1\n|player|p2|tuckered out1|169|\n|\n|t:|1788178805\n|switch|p1b: Pelipper|Pelipper, L50, F|100/100|[from] Parting Shot\n|move|p2a: Swampert|Earthquake|p1b: Pelipper|[spread] p1a\n|-immune|p2b: Dragonite\n|-immune|p1b: Pelipper\n|-supereffective|p1a: Archaludon|1\n|-damage|p1a: Archaludon|39/100\n|-ability|p1a: Archaludon|Stamina|boost\n|-boost|p1a: Archaludon|def|1\n|move|p1a: Archaludon|Electro Shot||[still]\n|-prepare|p1a: Archaludon|Electro Shot\n|-boost|p1a: Archaludon|spa|1\n|-anim|p1a: Archaludon|Electro Shot|p2b: Dragonite\n|-damage|p2b: Dragonite|54/100\n|\n|-weather|RainDance|[upkeep]\n|-heal|p1a: Archaludon|45/100|[from] item: Leftovers\n|upkeep\n|turn|5\n|\n|t:|1788178823\n|move|p1a: Archaludon|Protect|p1a: Archaludon\n|-singleturn|p1a: Archaludon|Protect\n|move|p2a: Swampert|Earthquake|p1a: Archaludon|[spread] \n|-activate|p1a: Archaludon|move: Protect\n|-immune|p2b: Dragonite\n|-immune|p1b: Pelipper\n|move|p2b: Dragonite|Thunder|p1b: Pelipper\n|-supereffective|p1b: Pelipper|2\n|-damage|p1b: Pelipper|0 fnt\n|faint|p1b: Pelipper\n|\n|-weather|RainDance|[upkeep]\n|-heal|p1a: Archaludon|51/100|[from] item: Leftovers\n|upkeep\n|\n|t:|1788178834\n|switch|p1b: Grimmsnarl|Grimmsnarl, L50, M|100/100\n|turn|6\n|\n|t:|1788178856\n|move|p1b: Grimmsnarl|Light Screen||[still]\n|-fail|p1b: Grimmsnarl\n|move|p2a: Swampert|Flip Turn|p1b: Grimmsnarl\n|-crit|p1b: Grimmsnarl\n|-damage|p1b: Grimmsnarl|0 fnt\n|faint|p1b: Grimmsnarl\n|\n|t:|1788178866\n|switch|p2a: Archaludon|Archaludon, L50, M|100/100|[from] Flip Turn\n|move|p2b: Dragonite|Draco Meteor|p1a: Archaludon\n|-damage|p1a: Archaludon|8/100\n|-unboost|p2b: Dragonite|spa|2\n|-ability|p1a: Archaludon|Stamina|boost\n|-boost|p1a: Archaludon|def|1\n|move|p1a: Archaludon|Dragon Pulse|p2b: Dragonite\n|-supereffective|p2b: Dragonite|1\n|-damage|p2b: Dragonite|0 fnt\n|faint|p2b: Dragonite\n|\n|-weather|RainDance|[upkeep]\n|-heal|p1a: Archaludon|14/100|[from] item: Leftovers\n|upkeep\n|\n|t:|1788178876\n|switch|p2b: Swampert|Swampert-Mega, L50, M|100/100\n|switch|p1b: Charizard|Charizard-Mega-Y, L50, F|100/100\n|-weather|SunnyDay|[from] ability: Drought|[of] p1b: Charizard\n|turn|7\n|inactive|Battle timer is ON: inactive players will automatically lose when time's up. (requested by tuckered out1)\n|\n|t:|1788178910\n|switch|p2a: Pelipper|Pelipper, L50, F|69/100\n|-weather|RainDance|[from] ability: Drizzle|[of] p2a: Pelipper\n|move|p2b: Swampert|Earthquake|p1a: Archaludon|[spread] p1a\n|-immune|p2a: Pelipper\n|-immune|p1b: Charizard\n|-supereffective|p1a: Archaludon|1\n|-damage|p1a: Archaludon|0 fnt\n|faint|p1a: Archaludon\n|move|p1b: Charizard|Weather Ball|p2b: Swampert\n|-damage|p2b: Swampert|47/100\n|\n|-weather|RainDance|[upkeep]\n|upkeep\n|turn|8\n|\n|t:|1788178923\n|move|p2b: Swampert|Wave Crash|p1b: Charizard\n|-supereffective|p1b: Charizard|1\n|-damage|p1b: Charizard|0 fnt\n|faint|p1b: Charizard\n|-damage|p2b: Swampert|13/100|[from] Recoil\n|\n|win|tuckered out1\n||tuckered out1 is ready for game 2.\n","uploadtime":1788178929,"views":"1","formatid":"gen9championsvgc2026regmbbo3","rating":null,"private":0,"password":null}