{"id":"gen9championsvgc2026regmbbo3-2674848995","format":"[Gen 9 Champions] VGC 2026 Reg M-B (Bo3)","players":["okkia3","Jose ccarlos"],"log":"|j|☆okkia3\n|j|☆Jose ccarlos\n|html|<table width=\"100%\"><tr><td align=\"left\">okkia3</td><td align=\"right\">Jose ccarlos</tr><tr><td align=\"left\"><i class=\"fa fa-circle-o\"></i> <i class=\"fa fa-circle-o\"></i> </td><td align=\"right\"><i class=\"fa fa-circle-o\"></i> <i class=\"fa fa-circle-o\"></i> </tr></table>\n|uhtml|bestof|<h2><strong>Game 1</strong> of <a href=\"/game-bestof3-gen9championsvgc2026regmbbo3-2674848994\">a best-of-3</a></h2>\n|t:|1788420611\n|gametype|doubles\n|player|p1|okkia3|102|1024\n|player|p2|Jose ccarlos|steven|1126\n|gen|9\n|tier|[Gen 9 Champions] VGC 2026 Reg M-B (Bo3)\n|rated|\n|rule|Species Clause: Limit one of each Pokémon\n|rule|Item Clause: Limit 1 of each item\n|clearpoke\n|poke|p1|Charizard, L50, F|\n|poke|p1|Whimsicott, L50, M|\n|poke|p1|Basculegion, L50, M|\n|poke|p1|Farigiraf, L50, F|\n|poke|p1|Kangaskhan, L50, F|\n|poke|p1|Sneasler, L50, F|\n|poke|p2|Staraptor, L50, M|\n|poke|p2|Tyranitar, L50, M|\n|poke|p2|Excadrill, L50, F|\n|poke|p2|Milotic, L50, F|\n|poke|p2|Sinistcha, L50|\n|poke|p2|Gholdengo, L50|\n|teampreview|4\n|showteam|p1|Charizard||CharizarditeY|SolarPower|WeatherBall,HeatWave,SolarBeam,Protect|Timid||F|||50|]Whimsicott||FocusSash|Prankster|Moonblast,Tailwind,SunnyDay,Encore|Timid||M|||50|]Basculegion||ChoiceScarf|Adaptability|WaveCrash,AquaJet,LastRespects,FlipTurn|Adamant||M|||50|]Farigiraf||SitrusBerry|ArmorTail|Psychic,HyperVoice,HelpingHand,TrickRoom|Modest||F|||50|]Kangaskhan||Kangaskhanite|Scrappy|FakeOut,DoubleEdge,DrainPunch,SuckerPunch|Adamant||F|||50|]Sneasler||WhiteHerb|Unburden|FakeOut,CloseCombat,DireClaw,RockTomb|Adamant||F|||50|\n|showteam|p2|Staraptor||Staraptite|Intimidate|CloseCombat,BraveBird,Tailwind,Protect|Jolly||M|||50|]Tyranitar||Tyranitarite|SandStream|KnockOff,RockSlide,LowKick,Protect|Jolly||M|||50|]Excadrill||FocusSash|SandRush|HighHorsepower,IronHead,RockSlide,Protect|Adamant||F|||50|]Milotic||SitrusBerry|Competitive|Scald,IceBeam,IcyWind,Protect|Calm||F|||50|]Sinistcha||ColburBerry|Hospitality|MatchaGotcha,TrickRoom,RagePowder,Protect|Bold|||||50|]Gholdengo||LifeOrb|GoodasGold|MakeItRain,ShadowBall,NastyPlot,Protect|Modest|||||50|\n|inactive|Battle timer is ON: inactive players will automatically lose when time's up. (requested by okkia3)\n|inactive|Jose ccarlos also wants the timer to be on.\n|inactive|Jose ccarlos has 60 seconds left.\n|\n|t:|1788420642\n|teamsize|p1|4\n|teamsize|p2|4\n|start\n|switch|p1a: Charizard|Charizard, L50, F|100/100\n|switch|p1b: Basculegion|Basculegion, L50, M|100/100\n|switch|p2a: Tyranitar|Tyranitar, L50, M|100/100\n|switch|p2b: Excadrill|Excadrill, L50, F|100/100\n|-weather|Sandstorm|[from] ability: Sand Stream|[of] p2a: Tyranitar\n|turn|1\n|inactive|Jose ccarlos has 30 seconds left.\n|inactive|Jose ccarlos has 20 seconds left.\n|inactive|Jose ccarlos has 15 seconds left.\n|\n|t:|1788420682\n|move|p1a: Charizard|Protect|p1a: Charizard\n|-singleturn|p1a: Charizard|Protect\n|move|p2a: Tyranitar|Protect|p2a: Tyranitar\n|-singleturn|p2a: Tyranitar|Protect\n|move|p2b: Excadrill|Rock Slide|p1a: Charizard|[spread] p1b\n|-activate|p1a: Charizard|move: Protect\n|-damage|p1b: Basculegion|70/100\n|move|p1b: Basculegion|Wave Crash|p2a: Tyranitar\n|-activate|p2a: Tyranitar|move: Protect\n|\n|-weather|Sandstorm|[upkeep]\n|-damage|p1b: Basculegion|64/100|[from] Sandstorm\n|-damage|p1a: Charizard|94/100|[from] Sandstorm\n|upkeep\n|turn|2\n|\n|t:|1788420704\n|detailschange|p1a: Charizard|Charizard-Mega-Y, L50, F\n|-mega|p1a: Charizard|Charizard|Charizardite Y\n|-weather|SunnyDay|[from] ability: Drought|[of] p1a: Charizard\n|detailschange|p2a: Tyranitar|Tyranitar-Mega, L50, M\n|-mega|p2a: Tyranitar|Tyranitar|Tyranitarite\n|-weather|Sandstorm|[from] ability: Sand Stream|[of] p2a: Tyranitar\n|move|p2b: Excadrill|High Horsepower|p1b: Basculegion\n|-damage|p1b: Basculegion|0 fnt\n|faint|p1b: Basculegion\n|move|p1a: Charizard|Heat Wave|p2b: Excadrill|[spread] p2a,p2b\n|-resisted|p2a: Tyranitar|1\n|-supereffective|p2b: Excadrill|1\n|-damage|p2a: Tyranitar|88/100\n|-enditem|p2b: Excadrill|Focus Sash\n|-damage|p2b: Excadrill|1/100\n|move|p2a: Tyranitar|Rock Slide|p1a: Charizard\n|-supereffective|p1a: Charizard|2\n|-damage|p1a: Charizard|0 fnt\n|faint|p1a: Charizard\n|\n|-weather|Sandstorm|[upkeep]\n|upkeep\n|\n|t:|1788420704\n|switch|p1a: Farigiraf|Farigiraf, L50, F|100/100\n|switch|p1b: Sneasler|Sneasler, L50, F|100/100\n|turn|3\n|inactive|Jose ccarlos has 30 seconds left.\n|inactive|Jose ccarlos has 20 seconds left.\n|inactive|Jose ccarlos has 15 seconds left.\n|\n|t:|1788420745\n|move|p2b: Excadrill|Protect|p2b: Excadrill\n|-singleturn|p2b: Excadrill|Protect\n|move|p1b: Sneasler|Close Combat|p2a: Tyranitar\n|-supereffective|p2a: Tyranitar|2\n|-damage|p2a: Tyranitar|0 fnt\n|-unboost|p1b: Sneasler|def|1\n|-unboost|p1b: Sneasler|spd|1\n|faint|p2a: Tyranitar\n|-enditem|p1b: Sneasler|White Herb\n|-clearnegativeboost|p1b: Sneasler|[silent]\n|move|p1a: Farigiraf|Hyper Voice|p2b: Excadrill\n|-activate|p2b: Excadrill|move: Protect\n|\n|-weather|Sandstorm|[upkeep]\n|-damage|p1b: Sneasler|94/100|[from] Sandstorm\n|-damage|p1a: Farigiraf|93/100|[from] Sandstorm\n|upkeep\n|\n|t:|1788420765\n|switch|p2a: Sinistcha|Sinistcha, L50|100/100\n|-heal|p2b: Excadrill|25/100|[from] ability: Hospitality|[of] p2a: Sinistcha\n|turn|4\n|inactive|Jose ccarlos has 30 seconds left.\n|\n|t:|1788420797\n|move|p2a: Sinistcha|Rage Powder|p2a: Sinistcha\n|-singleturn|p2a: Sinistcha|move: Rage Powder\n|move|p1b: Sneasler|Close Combat|p2a: Sinistcha\n|-immune|p2a: Sinistcha\n|move|p2b: Excadrill|High Horsepower|p1b: Sneasler|[miss]\n|-miss|p2b: Excadrill|p1b: Sneasler\n|move|p1a: Farigiraf|Psychic|p2a: Sinistcha\n|-damage|p2a: Sinistcha|64/100\n|\n|-weather|Sandstorm|[upkeep]\n|-damage|p1b: Sneasler|88/100|[from] Sandstorm\n|-damage|p2a: Sinistcha|57/100|[from] Sandstorm\n|-damage|p1a: Farigiraf|87/100|[from] Sandstorm\n|upkeep\n|turn|5\n|\n|t:|1788420821\n|move|p1b: Sneasler|Close Combat|p2b: Excadrill\n|-supereffective|p2b: Excadrill|1\n|-damage|p2b: Excadrill|0 fnt\n|-unboost|p1b: Sneasler|def|1\n|-unboost|p1b: Sneasler|spd|1\n|faint|p2b: Excadrill\n|move|p2a: Sinistcha|Matcha Gotcha|p1b: Sneasler|[spread] p1b\n|-miss|p2a: Sinistcha|p1a: Farigiraf\n|-resisted|p1b: Sneasler|1\n|-damage|p1b: Sneasler|63/100\n|-heal|p2a: Sinistcha|69/100|[from] drain|[of] p1b: Sneasler\n|move|p1a: Farigiraf|Psychic|p2a: Sinistcha\n|-damage|p2a: Sinistcha|30/100\n|\n|-weather|Sandstorm|[upkeep]\n|-damage|p1b: Sneasler|57/100|[from] Sandstorm\n|-damage|p2a: Sinistcha|24/100|[from] Sandstorm\n|-damage|p1a: Farigiraf|81/100|[from] Sandstorm\n|upkeep\n|\n|t:|1788420838\n|switch|p2b: Gholdengo|Gholdengo, L50|100/100\n|turn|6\n|\n|t:|1788420849\n|move|p2a: Sinistcha|Protect|p2a: Sinistcha\n|-singleturn|p2a: Sinistcha|Protect\n|move|p1b: Sneasler|Dire Claw|p2a: Sinistcha\n|-activate|p2a: Sinistcha|move: Protect\n|move|p2b: Gholdengo|Make It Rain|p1a: Farigiraf|[spread] p1a,p1b\n|-damage|p1a: Farigiraf|29/100\n|-damage|p1b: Sneasler|0 fnt\n|-unboost|p2b: Gholdengo|spa|2\n|-enditem|p1a: Farigiraf|Sitrus Berry|[eat]\n|-heal|p1a: Farigiraf|53/100|[from] item: Sitrus Berry\n|faint|p1b: Sneasler\n|-damage|p2b: Gholdengo|90/100|[from] item: Life Orb\n|move|p1a: Farigiraf|Psychic|p2a: Sinistcha\n|-activate|p2a: Sinistcha|move: Protect\n|\n|-weather|none\n|upkeep\n|turn|7\n|inactive|Jose ccarlos has 30 seconds left.\n|\n|t:|1788420875\n|move|p2b: Gholdengo|Make It Rain|p1a: Farigiraf\n|-crit|p1a: Farigiraf\n|-damage|p1a: Farigiraf|0 fnt\n|-unboost|p2b: Gholdengo|spa|2\n|faint|p1a: Farigiraf\n|-damage|p2b: Gholdengo|81/100|[from] item: Life Orb\n|\n|win|Jose ccarlos\n","uploadtime":1788420875,"views":"3","formatid":"gen9championsvgc2026regmbbo3","rating":null,"private":0,"password":null}