{"id":"gen9championsvgc2026regmbbo3-2673508854","format":"[Gen 9 Champions] VGC 2026 Reg M-B (Bo3)","players":["gyaradosagent93","EuSouLento"],"log":"|j|☆gyaradosagent93\n|j|☆EuSouLento\n|html|<table width=\"100%\"><tr><td align=\"left\">gyaradosagent93</td><td align=\"right\">EuSouLento</tr><tr><td align=\"left\"><i class=\"fa fa-circle-o\"></i> <i class=\"fa fa-circle-o\"></i> </td><td align=\"right\"><i class=\"fa fa-circle-o\"></i> <i class=\"fa fa-circle-o\"></i> </tr></table>\n|uhtml|bestof|<h2><strong>Game 1</strong> of <a href=\"/game-bestof3-gen9championsvgc2026regmbbo3-2673508853\">a best-of-3</a></h2>\n|t:|1788206370\n|gametype|doubles\n|player|p1|gyaradosagent93|1|1299\n|player|p2|EuSouLento|hilda|1238\n|gen|9\n|tier|[Gen 9 Champions] VGC 2026 Reg M-B (Bo3)\n|rated|\n|rule|Species Clause: Limit one of each Pokémon\n|rule|Item Clause: Limit 1 of each item\n|clearpoke\n|poke|p1|Dragonite, L50, M|\n|poke|p1|Kingambit, L50, F|\n|poke|p1|Whimsicott, L50, F|\n|poke|p1|Ninetales-Alola, L50, M|\n|poke|p1|Glimmora, L50, M|\n|poke|p1|Basculegion, L50, M|\n|poke|p2|Whimsicott, L50, F|\n|poke|p2|Garchomp, L50, M|\n|poke|p2|Basculegion, L50, M|\n|poke|p2|Kingambit, L50, M|\n|poke|p2|Floette-Eternal, L50, F|\n|poke|p2|Charizard, L50, F|\n|teampreview|4\n|showteam|p1|Dragonite||Dragoninite|InnerFocus|DragonPulse,HeatWave,Thunderbolt,Protect|Modest||M|||50|]Kingambit||ChopleBerry|Defiant|KowtowCleave,IronHead,LowKick,SuckerPunch|Adamant||F|||50|]Whimsicott||FocusSash|Prankster|Moonblast,Tailwind,Encore,Protect|Timid||F|||50|]Ninetales-Alola||NeverMeltIce|SnowWarning|Blizzard,FreezeDry,AuroraVeil,Protect|Timid||M|||50|]Glimmora||Glimmoranite|ToxicDebris|PowerGem,SludgeBomb,EarthPower,SpikyShield|Modest||M|||50|]Basculegion||LifeOrb|Adaptability|WaveCrash,LastRespects,AquaJet,Protect|Adamant||M|||50|\n|showteam|p2|Whimsicott||FocusSash|Prankster|Moonblast,Tailwind,Encore,Protect|Timid||F|||50|]Garchomp||SitrusBerry|RoughSkin|DragonClaw,StompingTantrum,RockSlide,Protect|Adamant||M|||50|]Basculegion||LifeOrb|Adaptability|WaveCrash,AquaJet,LastRespects,Protect|Adamant||M|||50|]Kingambit||ChopleBerry|Defiant|KowtowCleave,SuckerPunch,IronHead,LowKick|Adamant||M|||50|]Floette-Eternal||Floettite|FlowerVeil|Moonblast,DazzlingGleam,LightofRuin,Protect|Timid||F|||50|]Charizard||CharizarditeY|Blaze|HeatWave,WeatherBall,SolarBeam,Protect|Bold||F|||50|\n|inactive|Battle timer is ON: inactive players will automatically lose when time's up. (requested by EuSouLento)\n|c|☆gyaradosagent93|glhf\n|inactive|EuSouLento has 60 seconds left.\n|\n|t:|1788206421\n|teamsize|p1|4\n|teamsize|p2|4\n|start\n|switch|p1a: Whimsicott|Whimsicott, L50, F|100/100\n|switch|p1b: Glimmora|Glimmora, L50, M|100/100\n|switch|p2a: Whimsicott|Whimsicott, L50, F|100/100\n|switch|p2b: Basculegion|Basculegion, L50, M|100/100\n|turn|1\n|inactive|gyaradosagent93 has 30 seconds left.\n|inactive|gyaradosagent93 has 20 seconds left.\n|inactive|gyaradosagent93 has 15 seconds left.\n|inactive|gyaradosagent93 has 10 seconds left.\n|inactive|gyaradosagent93 has 5 seconds left.\n|\n|t:|1788206471\n|switch|p1b: Kingambit|Kingambit, L50, F|100/100\n|move|p2a: Whimsicott|Tailwind|p2a: Whimsicott\n|-sidestart|p2: EuSouLento|move: Tailwind\n|move|p2b: Basculegion|Aqua Jet|p1b: Kingambit\n|-damage|p1b: Kingambit|74/100\n|-damage|p2b: Basculegion|90/100|[from] item: Life Orb\n|move|p1a: Whimsicott|Tailwind|p1a: Whimsicott\n|-sidestart|p1: gyaradosagent93|move: Tailwind\n|\n|upkeep\n|turn|2\n|inactive|gyaradosagent93 has 30 seconds left.\n|\n|t:|1788206506\n|switch|p2b: Charizard|Charizard, L50, F|100/100\n|move|p1a: Whimsicott|Encore||[still]\n|-fail|p1a: Whimsicott\n|move|p2a: Whimsicott|Encore||[still]\n|-fail|p2a: Whimsicott\n|move|p1b: Kingambit|Kowtow Cleave|p2b: Charizard\n|-crit|p2b: Charizard\n|-damage|p2b: Charizard|42/100\n|\n|upkeep\n|turn|3\n|inactive|gyaradosagent93 has 30 seconds left.\n|\n|t:|1788206538\n|detailschange|p2b: Charizard|Charizard-Mega-Y, L50, F\n|-mega|p2b: Charizard|Charizard|Charizardite Y\n|-weather|SunnyDay|[from] ability: Drought|[of] p2b: Charizard\n|move|p1b: Kingambit|Sucker Punch|p2b: Charizard\n|-damage|p2b: Charizard|10/100\n|move|p1a: Whimsicott|Moonblast|p2a: Whimsicott\n|-damage|p2a: Whimsicott|37/100\n|move|p2a: Whimsicott|Moonblast|p1a: Whimsicott\n|-damage|p1a: Whimsicott|45/100\n|move|p2b: Charizard|Heat Wave|p1b: Kingambit|[spread] p1a,p1b\n|-supereffective|p1a: Whimsicott|1\n|-supereffective|p1b: Kingambit|1\n|-damage|p1a: Whimsicott|0 fnt\n|-damage|p1b: Kingambit|0 fnt\n|faint|p1a: Whimsicott\n|faint|p1b: Kingambit\n|\n|-weather|SunnyDay|[upkeep]\n|upkeep\n|\n|t:|1788206554\n|switch|p1a: Ninetales|Ninetales-Alola, L50, M|100/100\n|switch|p1b: Glimmora|Glimmora, L50, M|100/100\n|-weather|Snowscape|[from] ability: Snow Warning|[of] p1a: Ninetales\n|turn|4\n|inactive|gyaradosagent93 has 30 seconds left.\n|\n|t:|1788206583\n|detailschange|p1b: Glimmora|Glimmora-Mega, L50, M\n|-mega|p1b: Glimmora|Glimmora|Glimmoranite\n|move|p2a: Whimsicott|Protect|p2a: Whimsicott\n|-singleturn|p2a: Whimsicott|Protect\n|move|p2b: Charizard|Protect|p2b: Charizard\n|-singleturn|p2b: Charizard|Protect\n|move|p1a: Ninetales|Blizzard|p2b: Charizard|[spread] \n|-activate|p2a: Whimsicott|move: Protect\n|-activate|p2b: Charizard|move: Protect\n|move|p1b: Glimmora|Power Gem|p2b: Charizard\n|-activate|p2b: Charizard|move: Protect\n|\n|-weather|Snowscape|[upkeep]\n|-sideend|p2: EuSouLento|move: Tailwind\n|-sideend|p1: gyaradosagent93|move: Tailwind\n|upkeep\n|turn|5\n|\n|t:|1788206599\n|move|p1b: Glimmora|Spiky Shield|p1b: Glimmora\n|-singleturn|p1b: Glimmora|move: Protect\n|move|p2a: Whimsicott|Tailwind|p2a: Whimsicott\n|-sidestart|p2: EuSouLento|move: Tailwind\n|move|p2b: Charizard|Heat Wave|p1a: Ninetales|[spread] p1a\n|-activate|p1b: Glimmora|move: Protect\n|-supereffective|p1a: Ninetales|1\n|-damage|p1a: Ninetales|6/100\n|move|p1a: Ninetales|Blizzard|p2a: Whimsicott|[spread] p2a,p2b\n|-supereffective|p2a: Whimsicott|1\n|-damage|p2a: Whimsicott|0 fnt\n|-damage|p2b: Charizard|0 fnt\n|faint|p2a: Whimsicott\n|faint|p2b: Charizard\n|\n|-weather|Snowscape|[upkeep]\n|upkeep\n|\n|t:|1788206613\n|switch|p2a: Kingambit|Kingambit, L50, M|100/100\n|switch|p2b: Basculegion|Basculegion, L50, M|90/100\n|turn|6\n|\n|t:|1788206621\n|move|p1a: Ninetales|Protect|p1a: Ninetales\n|-singleturn|p1a: Ninetales|Protect\n|move|p2b: Basculegion|Wave Crash|p1b: Glimmora\n|-supereffective|p1b: Glimmora|1\n|-damage|p1b: Glimmora|0 fnt\n|faint|p1b: Glimmora\n|-damage|p2b: Basculegion|64/100|[from] Recoil\n|-damage|p2b: Basculegion|54/100|[from] item: Life Orb\n|move|p2a: Kingambit|Iron Head|p1a: Ninetales\n|-activate|p1a: Ninetales|move: Protect\n|\n|-weather|Snowscape|[upkeep]\n|upkeep\n|turn|7\n|\n|t:|1788206634\n|move|p2b: Basculegion|Aqua Jet|p1a: Ninetales\n|-damage|p1a: Ninetales|0 fnt\n|faint|p1a: Ninetales\n|-damage|p2b: Basculegion|45/100|[from] item: Life Orb\n|\n|win|EuSouLento\n||gyaradosagent93 is ready for game 2.\n||EuSouLento is ready for game 2.\n|uhtml|next|Next: <a href=\"/battle-gen9championsvgc2026regmbbo3-2673510962\"><strong>Game 2 of 3</strong></a>\n","uploadtime":1788206855,"views":"1","formatid":"gen9championsvgc2026regmbbo3","rating":null,"private":0,"password":null}