{"id":"gen9championsvgc2026regmbbo3-2674929263","format":"[Gen 9 Champions] VGC 2026 Reg M-B (Bo3)","players":["Divine Monkey King","Eredostheuseless"],"log":"|j|☆Divine Monkey King\n|j|☆Eredostheuseless\n|html|<table width=\"100%\"><tr><td align=\"left\">Divine Monkey King</td><td align=\"right\">Eredostheuseless</tr><tr><td align=\"left\"><i class=\"fa fa-circle-o\"></i> <i class=\"fa fa-circle-o\"></i> </td><td align=\"right\"><i class=\"fa fa-circle-o\"></i> <i class=\"fa fa-circle\"></i> </tr></table>\n|uhtml|bestof|<h2><strong>Game 2</strong> of <a href=\"/game-bestof3-gen9championsvgc2026regmbbo3-2674927475\">a best-of-3</a></h2>\n|t:|1788437619\n|gametype|doubles\n|player|p1|Divine Monkey King|silver|1185\n|player|p2|Eredostheuseless|169|1241\n|gen|9\n|tier|[Gen 9 Champions] VGC 2026 Reg M-B (Bo3)\n|rated|\n|rule|Species Clause: Limit one of each Pokémon\n|rule|Item Clause: Limit 1 of each item\n|clearpoke\n|poke|p1|Chesnaught, L50, M, shiny|\n|poke|p1|Farigiraf, L50, M, shiny|\n|poke|p1|Sinistcha-Masterpiece, L50, shiny|\n|poke|p1|Tyranitar, L50, M, shiny|\n|poke|p1|Kingambit, L50, M, shiny|\n|poke|p1|Alakazam, L50, M, shiny|\n|poke|p2|Raichu, L50, F|\n|poke|p2|Archaludon, L50, F|\n|poke|p2|Pelipper, L50, M|\n|poke|p2|Basculegion, L50, M|\n|poke|p2|Weavile, L50, F|\n|poke|p2|Tsareena, L50, F|\n|teampreview|4\n|showteam|p1|Chesnaught||Chesnaughtite|Bulletproof|DrainPunch,SeedBomb,SpikyShield,BellyDrum|Adamant||M|||50|]Farigiraf||MentalHerb|ArmorTail|Protect,PsychicNoise,Thunderbolt,TrickRoom|Sassy||M|||50|]Sinistcha-Masterpiece||Leftovers|Hospitality|MatchaGotcha,Protect,ShadowBall,TrickRoom|Relaxed|||||50|]Tyranitar||Tyranitarite|SandStream|BrickBreak,KnockOff,Protect,RockSlide|Adamant||M|||50|]Kingambit||ExpertBelt|Defiant|IronHead,KowtowCleave,Protect,SuckerPunch|Adamant||M|||50|]Alakazam||FocusSash|InnerFocus|LightScreen,Protect,Psychic,SpeedSwap|Timid||M|||50|\n|showteam|p2|Raichu||RaichuniteY|Static|FakeOut,ZapCannon,FocusBlast,Protect|Timid||F|||50|]Archaludon||Leftovers|Stamina|ElectroShot,FlashCannon,AuraSphere,Protect|Modest||F|||50|]Pelipper||FocusSash|Drizzle|Hurricane,WeatherBall,Tailwind,WideGuard|Modest||M|||50|]Basculegion||ChoiceScarf|Adaptability|WaveCrash,LastRespects,FlipTurn,AquaJet|Adamant||M|||50|]Weavile||LifeOrb|Pressure|FakeOut,LowKick,IceSpinner,KnockOff|Jolly||F|||50|]Tsareena||OccaBerry|QueenlyMajesty|TropKick,TripleAxel,HelpingHand,Protect|Adamant||F|||50|\n|\n|t:|1788437665\n|teamsize|p1|4\n|teamsize|p2|4\n|start\n|switch|p1a: Farigiraf|Farigiraf, L50, M, shiny|100/100\n|switch|p1b: Chesnaught|Chesnaught, L50, M, shiny|100/100\n|switch|p2a: Raichu|Raichu, L50, F|100/100\n|switch|p2b: Basculegion|Basculegion, L50, M|100/100\n|turn|1\n|\n|t:|1788437694\n|detailschange|p2a: Raichu|Raichu-Mega-Y, L50, F\n|-mega|p2a: Raichu|Raichu|Raichunite Y\n|detailschange|p1b: Chesnaught|Chesnaught-Mega, L50, M, shiny\n|-mega|p1b: Chesnaught|Chesnaught|Chesnaughtite\n|move|p1a: Farigiraf|Protect|p1a: Farigiraf\n|-singleturn|p1a: Farigiraf|Protect\n|move|p2b: Basculegion|Flip Turn|p1a: Farigiraf\n|-activate|p1a: Farigiraf|move: Protect\n|move|p2a: Raichu|Zap Cannon|p1a: Farigiraf\n|-activate|p1a: Farigiraf|move: Protect\n|move|p1b: Chesnaught|Belly Drum|p1b: Chesnaught\n|-damage|p1b: Chesnaught|50/100g\n|-setboost|p1b: Chesnaught|atk|6|[from] move: Belly Drum\n|\n|upkeep\n|turn|2\n|\n|t:|1788437711\n|move|p1b: Chesnaught|Spiky Shield|p1b: Chesnaught\n|-singleturn|p1b: Chesnaught|move: Protect\n|move|p2b: Basculegion|Flip Turn|p1a: Farigiraf\n|-crit|p1a: Farigiraf\n|-damage|p1a: Farigiraf|43/100\n|\n|t:|1788437717\n|switch|p2b: Pelipper|Pelipper, L50, M|100/100|[from] Flip Turn\n|-weather|RainDance|[from] ability: Drizzle|[of] p2b: Pelipper\n|move|p2a: Raichu|Zap Cannon|p1a: Farigiraf\n|-damage|p1a: Farigiraf|0 fnt\n|faint|p1a: Farigiraf\n|\n|-weather|RainDance|[upkeep]\n|upkeep\n|\n|t:|1788437727\n|switch|p1a: Sinistcha|Sinistcha-Masterpiece, L50, shiny|100/100\n|-heal|p1b: Chesnaught|74/100|[from] ability: Hospitality|[of] p1a: Sinistcha\n|turn|3\n|\n|t:|1788437737\n|switch|p1a: Tyranitar|Tyranitar, L50, M, shiny|100/100\n|-weather|Sandstorm|[from] ability: Sand Stream|[of] p1a: Tyranitar\n|move|p2a: Raichu|Zap Cannon|p1b: Chesnaught\n|-immune|p1b: Chesnaught|[from] ability: Bulletproof\n|move|p2b: Pelipper|Hurricane|p1a: Tyranitar\n|-resisted|p1a: Tyranitar|1\n|-damage|p1a: Tyranitar|85/100\n|move|p1b: Chesnaught|Drain Punch|p2b: Pelipper\n|-resisted|p2b: Pelipper|1\n|-enditem|p2b: Pelipper|Focus Sash\n|-damage|p2b: Pelipper|1/100\n|-heal|p1b: Chesnaught|100/100|[from] drain|[of] p2b: Pelipper\n|\n|-weather|Sandstorm|[upkeep]\n|-damage|p2a: Raichu|94/100|[from] Sandstorm\n|-damage|p2b: Pelipper|0 fnt|[from] Sandstorm\n|-damage|p1b: Chesnaught|93/100|[from] Sandstorm\n|faint|p2b: Pelipper\n|upkeep\n|\n|t:|1788437762\n|switch|p2b: Archaludon|Archaludon, L50, F|100/100\n|turn|4\n|\n|t:|1788437779\n|switch|p1a: Sinistcha|Sinistcha-Masterpiece, L50, shiny|100/100\n|-heal|p1b: Chesnaught|100/100|[from] ability: Hospitality|[of] p1a: Sinistcha\n|move|p2a: Raichu|Zap Cannon|p1a: Sinistcha\n|-resisted|p1a: Sinistcha|1\n|-damage|p1a: Sinistcha|67/100\n|-status|p1a: Sinistcha|par\n|move|p2b: Archaludon|Flash Cannon|p1a: Sinistcha\n|-damage|p1a: Sinistcha|32/100 par\n|move|p1b: Chesnaught|Drain Punch|p2a: Raichu\n|-damage|p2a: Raichu|0 fnt\n|faint|p2a: Raichu\n|\n|-weather|Sandstorm|[upkeep]\n|-damage|p1b: Chesnaught|93/100|[from] Sandstorm\n|-damage|p1a: Sinistcha|26/100 par|[from] Sandstorm\n|-heal|p1a: Sinistcha|32/100 par|[from] item: Leftovers\n|upkeep\n|\n|t:|1788437798\n|switch|p2a: Basculegion|Basculegion, L50, M|100/100\n|turn|5\n|\n|t:|1788437808\n|move|p2a: Basculegion|Last Respects|p1b: Chesnaught\n|-damage|p1b: Chesnaught|35/100\n|move|p2b: Archaludon|Flash Cannon|p1b: Chesnaught\n|-damage|p1b: Chesnaught|4/100\n|move|p1b: Chesnaught|Drain Punch|p2b: Archaludon\n|-supereffective|p2b: Archaludon|1\n|-damage|p2b: Archaludon|0 fnt\n|-heal|p1b: Chesnaught|54/100|[from] drain|[of] p2b: Archaludon\n|faint|p2b: Archaludon\n|move|p1a: Sinistcha|Trick Room|p1a: Sinistcha\n|-fieldstart|move: Trick Room|[of] p1a: Sinistcha\n|\n|-weather|Sandstorm|[upkeep]\n|-damage|p1a: Sinistcha|26/100 par|[from] Sandstorm\n|-damage|p1b: Chesnaught|48/100|[from] Sandstorm\n|-damage|p2a: Basculegion|93/100|[from] Sandstorm\n|-heal|p1a: Sinistcha|32/100 par|[from] item: Leftovers\n|upkeep\n|turn|6\n|\n|t:|1788437829\n|switch|p1a: Tyranitar|Tyranitar, L50, M, shiny|85/100\n|move|p1b: Chesnaught|Seed Bomb|p2a: Basculegion\n|-supereffective|p2a: Basculegion|1\n|-damage|p2a: Basculegion|0 fnt\n|faint|p2a: Basculegion\n|\n|win|Divine Monkey King\n||Eredostheuseless is ready for game 3.\n||Divine Monkey King is ready for game 3.\n|uhtml|next|Next: <a href=\"/battle-gen9championsvgc2026regmbbo3-2674930582\"><strong>Game 3 of 3</strong></a>\n|l|☆Eredostheuseless\n|player|p2|\n","uploadtime":1788438086,"views":"2","formatid":"gen9championsvgc2026regmbbo3","rating":null,"private":0,"password":null}