{"id":"gen9championsvgc2026regmbbo3-2673515772","format":"[Gen 9 Champions] VGC 2026 Reg M-B (Bo3)","players":["w0rms4f1ng3rs","tmjp01"],"log":"|j|☆w0rms4f1ng3rs\n|j|☆tmjp01\n|html|<table width=\"100%\"><tr><td align=\"left\">w0rms4f1ng3rs</td><td align=\"right\">tmjp01</tr><tr><td align=\"left\"><i class=\"fa fa-circle-o\"></i> <i class=\"fa fa-circle-o\"></i> </td><td align=\"right\"><i class=\"fa fa-circle-o\"></i> <i class=\"fa fa-circle-o\"></i> </tr></table>\n|uhtml|bestof|<h2><strong>Game 1</strong> of <a href=\"/game-bestof3-gen9championsvgc2026regmbbo3-2673515771\">a best-of-3</a></h2>\n|t:|1788207263\n|gametype|doubles\n|player|p1|w0rms4f1ng3rs|zinzolin|1211\n|player|p2|tmjp01|266|1298\n|gen|9\n|tier|[Gen 9 Champions] VGC 2026 Reg M-B (Bo3)\n|rated|\n|rule|Species Clause: Limit one of each Pokémon\n|rule|Item Clause: Limit 1 of each item\n|clearpoke\n|poke|p1|Charizard, L50, F, shiny|\n|poke|p1|Whimsicott, L50, M|\n|poke|p1|Kingambit, L50, M|\n|poke|p1|Basculegion, L50, M|\n|poke|p1|Garchomp, L50, F|\n|poke|p1|Floette-Eternal, L50, F|\n|poke|p2|Basculegion, L50, M|\n|poke|p2|Whimsicott, L50, M|\n|poke|p2|Kommo-o, L50, M|\n|poke|p2|Ninetales-Alola, L50, M|\n|poke|p2|Glimmora, L50, F|\n|poke|p2|Kingambit, L50, F|\n|teampreview|4\n|showteam|p1|Charizard||CharizarditeY|Blaze|HeatWave,WeatherBall,SolarBeam,Protect|Modest||F|||50|]Whimsicott||FocusSash|Prankster|Moonblast,Encore,Tailwind,Protect|Timid||M|||50|]Kingambit||OccaBerry|Defiant|KowtowCleave,SuckerPunch,IronHead,LowKick|Adamant||M|||50|]Basculegion||MysticWater|Adaptability|WaveCrash,LastRespects,AquaJet,Protect|Adamant||M|||50|]Garchomp||LifeOrb|RoughSkin|Earthquake,DragonClaw,RockSlide,Protect|Jolly||F|||50|]Floette-Eternal||Floettite|FlowerVeil|Moonblast,DazzlingGleam,LightofRuin,Protect|Timid||F|||50|\n|showteam|p2|Basculegion||ChoiceScarf|Adaptability|FlipTurn,AquaJet,LastRespects,WaveCrash|Jolly||M|||50|]Whimsicott||FocusSash|Prankster|Moonblast,Protect,Encore,Tailwind|Timid||M|||50|]Kommo-o||LifeOrb|Soundproof|ClangingScales,AuraSphere,VacuumWave,Protect|Modest||M|||50|]Ninetales-Alola||NeverMeltIce|SnowWarning|Protect,Encore,Blizzard,FreezeDry|Timid||M|||50|]Glimmora||Glimmoranite|ToxicDebris|SludgeBomb,PowerGem,SpikyShield,EarthPower|Modest||F|||50|]Kingambit||ChopleBerry|Defiant|KowtowCleave,SuckerPunch,IronHead,LowKick|Adamant||F|||50|\n|inactive|Battle timer is ON: inactive players will automatically lose when time's up. (requested by tmjp01)\n|inactive|w0rms4f1ng3rs has 60 seconds left.\n|\n|t:|1788207336\n|teamsize|p1|4\n|teamsize|p2|4\n|start\n|switch|p1a: Garchomp|Garchomp, L50, F|100/100\n|switch|p1b: Charizard|Charizard, L50, F, shiny|100/100\n|switch|p2a: Whimsicott|Whimsicott, L50, M|100/100\n|switch|p2b: Glimmora|Glimmora, L50, F|100/100\n|turn|1\n|\n|t:|1788207352\n|switch|p1b: Whimsicott|Whimsicott, L50, M|100/100\n|move|p2b: Glimmora|Spiky Shield|p2b: Glimmora\n|-singleturn|p2b: Glimmora|move: Protect\n|move|p2a: Whimsicott|Moonblast|p1a: Garchomp\n|-supereffective|p1a: Garchomp|1\n|-damage|p1a: Garchomp|24/100\n|move|p1a: Garchomp|Earthquake|p2a: Whimsicott|[spread] p1b,p2a\n|-activate|p2b: Glimmora|move: Protect\n|-resisted|p1b: Whimsicott|1\n|-resisted|p2a: Whimsicott|1\n|-damage|p1b: Whimsicott|65/100\n|-damage|p2a: Whimsicott|64/100\n|-damage|p1a: Garchomp|14/100|[from] item: Life Orb\n|\n|upkeep\n|turn|2\n|inactive|tmjp01 has 30 seconds left.\n|inactive|tmjp01 has 20 seconds left.\n|\n|t:|1788207391\n|detailschange|p2b: Glimmora|Glimmora-Mega, L50, F\n|-mega|p2b: Glimmora|Glimmora|Glimmoranite\n|move|p2a: Whimsicott|Tailwind|p2a: Whimsicott\n|-sidestart|p2: tmjp01|move: Tailwind\n|move|p1b: Whimsicott|Tailwind|p1b: Whimsicott\n|-sidestart|p1: w0rms4f1ng3rs|move: Tailwind\n|move|p1a: Garchomp|Earthquake|p2b: Glimmora|[spread] p1b,p2a,p2b\n|-resisted|p1b: Whimsicott|1\n|-resisted|p2a: Whimsicott|1\n|-supereffective|p2b: Glimmora|2\n|-damage|p1b: Whimsicott|31/100\n|-damage|p2a: Whimsicott|23/100\n|-damage|p2b: Glimmora|0 fnt\n|faint|p2b: Glimmora\n|-damage|p1a: Garchomp|4/100|[from] item: Life Orb\n|\n|upkeep\n|\n|t:|1788207405\n|switch|p2b: Ninetales|Ninetales-Alola, L50, M|100/100\n|-weather|Snowscape|[from] ability: Snow Warning|[of] p2b: Ninetales\n|turn|3\n|\n|t:|1788207417\n|switch|p2a: Kingambit|Kingambit, L50, F|100/100\n|move|p1a: Garchomp|Protect|p1a: Garchomp\n|-singleturn|p1a: Garchomp|Protect\n|move|p1b: Whimsicott|Moonblast|p2a: Kingambit\n|-damage|p2a: Kingambit|71/100\n|move|p2b: Ninetales|Blizzard|p1a: Garchomp|[spread] p1b\n|-activate|p1a: Garchomp|move: Protect\n|-supereffective|p1b: Whimsicott|1\n|-damage|p1b: Whimsicott|0 fnt\n|faint|p1b: Whimsicott\n|\n|-weather|Snowscape|[upkeep]\n|upkeep\n|\n|t:|1788207425\n|switch|p1b: Charizard|Charizard, L50, F, shiny|100/100\n|turn|4\n|\n|t:|1788207444\n|detailschange|p1b: Charizard|Charizard-Mega-Y, L50, F, shiny\n|-mega|p1b: Charizard|Charizard|Charizardite Y\n|-weather|SunnyDay|[from] ability: Drought|[of] p1b: Charizard\n|move|p2b: Ninetales|Protect|p2b: Ninetales\n|-singleturn|p2b: Ninetales|Protect\n|move|p2a: Kingambit|Sucker Punch|p1b: Charizard\n|-damage|p1b: Charizard|68/100\n|move|p1a: Garchomp|Earthquake|p2b: Ninetales|[spread] p2a\n|-activate|p2b: Ninetales|move: Protect\n|-immune|p1b: Charizard\n|-supereffective|p2a: Kingambit|1\n|-damage|p2a: Kingambit|0 fnt\n|faint|p2a: Kingambit\n|-damage|p1a: Garchomp|0 fnt|[from] item: Life Orb\n|faint|p1a: Garchomp\n|move|p1b: Charizard|Heat Wave|p2b: Ninetales\n|-activate|p2b: Ninetales|move: Protect\n|\n|-weather|SunnyDay|[upkeep]\n|upkeep\n|\n|t:|1788207461\n|switch|p1a: Kingambit|Kingambit, L50, M|100/100\n|switch|p2a: Whimsicott|Whimsicott, L50, M|23/100\n|turn|5\n|\n|t:|1788207472\n|move|p2a: Whimsicott|Moonblast|p1a: Kingambit\n|-damage|p1a: Kingambit|64/100\n|move|p2b: Ninetales|Blizzard|p1b: Charizard|[spread] p1a,p1b\n|-resisted|p1a: Kingambit|1\n|-damage|p1a: Kingambit|48/100\n|-damage|p1b: Charizard|35/100\n|move|p1b: Charizard|Heat Wave|p2a: Whimsicott|[spread] p2a,p2b\n|-supereffective|p2a: Whimsicott|1\n|-supereffective|p2b: Ninetales|1\n|-damage|p2a: Whimsicott|0 fnt\n|-damage|p2b: Ninetales|0 fnt\n|faint|p2a: Whimsicott\n|faint|p2b: Ninetales\n|\n|win|w0rms4f1ng3rs\n","uploadtime":1788207472,"views":"0","formatid":"gen9championsvgc2026regmbbo3","rating":null,"private":0,"password":null}