{"id":"gen9championsvgc2026regmbbo3-2674599025","format":"[Gen 9 Champions] VGC 2026 Reg M-B (Bo3)","players":["ClasiusClap","mrlotobvious"],"log":"|j|☆ClasiusClap\n|j|☆mrlotobvious\n|html|<table width=\"100%\"><tr><td align=\"left\">ClasiusClap</td><td align=\"right\">mrlotobvious</tr><tr><td align=\"left\"><i class=\"fa fa-circle\"></i> <i class=\"fa fa-circle-o\"></i> </td><td align=\"right\"><i class=\"fa fa-circle-o\"></i> <i class=\"fa fa-circle-o\"></i> </tr></table>\n|uhtml|bestof|<h2><strong>Game 2</strong> of <a href=\"/game-bestof3-gen9championsvgc2026regmbbo3-2674597529\">a best-of-3</a></h2>\n|t:|1788378595\n|gametype|doubles\n|player|p1|ClasiusClap|2|1128\n|player|p2|mrlotobvious|swimmer-gen4dp|1055\n|gen|9\n|tier|[Gen 9 Champions] VGC 2026 Reg M-B (Bo3)\n|rated|\n|rule|Species Clause: Limit one of each Pokémon\n|rule|Item Clause: Limit 1 of each item\n|clearpoke\n|poke|p1|Charizard, L50, M|\n|poke|p1|Garchomp, L50, F|\n|poke|p1|Sylveon, L50, M|\n|poke|p1|Incineroar, L50, F|\n|poke|p1|Whimsicott, L50, F|\n|poke|p1|Basculegion, L50, M|\n|poke|p2|Staraptor, L50, M|\n|poke|p2|Feraligatr, L50, F|\n|poke|p2|Whimsicott, L50, F|\n|poke|p2|Incineroar, L50, F|\n|poke|p2|Ninetales-Alola, L50, M|\n|poke|p2|Froslass, L50, F|\n|teampreview|4\n|showteam|p1|Charizard||CharizarditeY|Blaze|HeatWave,AncientPower,WeatherBall,Protect|Timid||M|||50|]Garchomp||LifeOrb|RoughSkin|Earthquake,DragonClaw,StompingTantrum,Protect|Jolly||F|||50|]Sylveon||FairyFeather|Pixilate|HyperVoice,HyperBeam,Yawn,Detect|Modest||M|||50|]Incineroar||PasshoBerry|Intimidate|ThroatChop,FlareBlitz,FakeOut,PartingShot|Impish||F|||50|]Whimsicott||FocusSash|Prankster|Tailwind,Moonblast,Encore,Protect|Timid||F|||50|]Basculegion||MysticWater|Adaptability|WaveCrash,AquaJet,LastRespects,Protect|Adamant||M|||50|\n|showteam|p2|Staraptor||Staraptite|Intimidate|DualWingbeat,CloseCombat,Roost,Protect|Impish||M|||50|]Feraligatr||LifeOrb|SheerForce|Liquidation,IcePunch,Screech,FakeTears|Adamant||F|||50|]Whimsicott||FocusSash|Prankster|LightScreen,Charm,Tailwind,Moonblast|Modest||F|||50|]Incineroar||ShedShell|Intimidate|FakeOut,PartingShot,FlareBlitz,DarkestLariat|Adamant||F|||50|]Ninetales-Alola||SitrusBerry|SnowWarning|AuroraVeil,Moonblast,DazzlingGleam,Protect|Bold||M|||50|]Froslass||Froslassite|SnowCloak|AuroraVeil,Blizzard,FrostBreath,Protect|Timid||F|||50|\n|inactive|Battle timer is ON: inactive players will automatically lose when time's up. (requested by mrlotobvious)\n|\n|t:|1788378647\n|teamsize|p1|4\n|teamsize|p2|4\n|start\n|switch|p1a: Whimsicott|Whimsicott, L50, F|100/100\n|switch|p1b: Basculegion|Basculegion, L50, M|100/100\n|switch|p2a: Whimsicott|Whimsicott, L50, F|100/100\n|switch|p2b: Ninetales|Ninetales-Alola, L50, M|100/100\n|-weather|Snowscape|[from] ability: Snow Warning|[of] p2b: Ninetales\n|turn|1\n|\n|t:|1788378660\n|move|p1a: Whimsicott|Tailwind|p1a: Whimsicott\n|-sidestart|p1: ClasiusClap|move: Tailwind\n|move|p2a: Whimsicott|Tailwind|p2a: Whimsicott\n|-sidestart|p2: mrlotobvious|move: Tailwind\n|move|p2b: Ninetales|Aurora Veil|p2b: Ninetales\n|-sidestart|p2: mrlotobvious|move: Aurora Veil\n|move|p1b: Basculegion|Wave Crash|p2b: Ninetales\n|-damage|p2b: Ninetales|55/100\n|-damage|p1b: Basculegion|86/100|[from] Recoil\n|\n|-weather|Snowscape|[upkeep]\n|upkeep\n|turn|2\n|inactive|ClasiusClap has 30 seconds left.\n|\n|t:|1788378688\n|switch|p1b: Charizard|Charizard, L50, M|100/100\n|move|p2b: Ninetales|Protect|p2b: Ninetales\n|-singleturn|p2b: Ninetales|Protect\n|move|p1a: Whimsicott|Encore|p2b: Ninetales\n|-activate|p2b: Ninetales|move: Protect\n|move|p2a: Whimsicott|Light Screen|p2a: Whimsicott\n|-sidestart|p2: mrlotobvious|move: Light Screen\n|\n|-weather|Snowscape|[upkeep]\n|upkeep\n|turn|3\n|inactive|ClasiusClap has 30 seconds left.\n|inactive|mrlotobvious has 30 seconds left.\n|inactive|ClasiusClap has 20 seconds left.\n|inactive|mrlotobvious has 20 seconds left.\n|inactive|ClasiusClap has 15 seconds left.\n|inactive|mrlotobvious has 15 seconds left.\n|\n|t:|1788378732\n|switch|p2b: Feraligatr|Feraligatr, L50, F|100/100\n|detailschange|p1b: Charizard|Charizard-Mega-Y, L50, M\n|-mega|p1b: Charizard|Charizard|Charizardite Y\n|-weather|SunnyDay|[from] ability: Drought|[of] p1b: Charizard\n|move|p1a: Whimsicott|Moonblast|p2a: Whimsicott\n|-damage|p2a: Whimsicott|67/100\n|move|p2a: Whimsicott|Moonblast|p1b: Charizard\n|-resisted|p1b: Charizard|1\n|-damage|p1b: Charizard|86/100\n|move|p1b: Charizard|Heat Wave|p2a: Whimsicott|[spread] p2a,p2b\n|-supereffective|p2a: Whimsicott|1\n|-resisted|p2b: Feraligatr|1\n|-damage|p2a: Whimsicott|0 fnt\n|-damage|p2b: Feraligatr|79/100\n|faint|p2a: Whimsicott\n|\n|-weather|SunnyDay|[upkeep]\n|upkeep\n|\n|t:|1788378750\n|switch|p2a: Ninetales|Ninetales-Alola, L50, M|55/100\n|-weather|Snowscape|[from] ability: Snow Warning|[of] p2a: Ninetales\n|turn|4\n|\n|t:|1788378767\n|switch|p1b: Incineroar|Incineroar, L50, F|100/100\n|-ability|p1b: Incineroar|Intimidate|boost\n|-unboost|p2a: Ninetales|atk|1\n|-unboost|p2b: Feraligatr|atk|1\n|move|p1a: Whimsicott|Protect|p1a: Whimsicott\n|-singleturn|p1a: Whimsicott|Protect\n|move|p2a: Ninetales|Moonblast|p1a: Whimsicott\n|-activate|p1a: Whimsicott|move: Protect\n|move|p2b: Feraligatr|Liquidation|p1b: Incineroar\n|-supereffective|p1b: Incineroar|1\n|-enditem|p1b: Incineroar|Passho Berry|[eat]\n|-enditem|p1b: Incineroar|Passho Berry|[weaken]\n|-damage|p1b: Incineroar|71/100\n|\n|-weather|Snowscape|[upkeep]\n|-sideend|p2: mrlotobvious|move: Tailwind\n|-sideend|p1: ClasiusClap|move: Tailwind\n|upkeep\n|turn|5\n|inactive|ClasiusClap has 30 seconds left.\n|\n|t:|1788378796\n|move|p1a: Whimsicott|Tailwind|p1a: Whimsicott\n|-sidestart|p1: ClasiusClap|move: Tailwind\n|move|p1b: Incineroar|Flare Blitz|p2a: Ninetales\n|-supereffective|p2a: Ninetales|1\n|-damage|p2a: Ninetales|10/100\n|-enditem|p2a: Ninetales|Sitrus Berry|[eat]\n|-heal|p2a: Ninetales|35/100|[from] item: Sitrus Berry\n|-damage|p1b: Incineroar|58/100|[from] Recoil\n|move|p2a: Ninetales|Dazzling Gleam|p1b: Incineroar|[spread] p1a,p1b\n|-damage|p1a: Whimsicott|60/100\n|-damage|p1b: Incineroar|37/100\n|move|p2b: Feraligatr|Ice Punch|p1a: Whimsicott\n|-supereffective|p1a: Whimsicott|1\n|-damage|p1a: Whimsicott|0 fnt\n|faint|p1a: Whimsicott\n|\n|-weather|Snowscape|[upkeep]\n|-sideend|p2: mrlotobvious|move: Aurora Veil\n|upkeep\n|\n|t:|1788378811\n|switch|p1a: Charizard|Charizard-Mega-Y, L50, M|86/100\n|-weather|SunnyDay|[from] ability: Drought|[of] p1a: Charizard\n|turn|6\n|inactive|ClasiusClap has 30 seconds left.\n|\n|t:|1788378843\n|move|p2a: Ninetales|Protect|p2a: Ninetales\n|-singleturn|p2a: Ninetales|Protect\n|move|p1a: Charizard|Heat Wave|p2a: Ninetales|[spread] p2b\n|-activate|p2a: Ninetales|move: Protect\n|-resisted|p2b: Feraligatr|1\n|-damage|p2b: Feraligatr|58/100\n|move|p1b: Incineroar|Parting Shot|p2b: Feraligatr\n|-unboost|p2b: Feraligatr|atk|1\n|-unboost|p2b: Feraligatr|spa|1\n|\n|t:|1788378852\n|switch|p1b: Basculegion|Basculegion, L50, M|86/100|[from] Parting Shot\n|move|p2b: Feraligatr|Liquidation|p1a: Charizard\n|-supereffective|p1a: Charizard|1\n|-damage|p1a: Charizard|51/100\n|\n|-weather|SunnyDay|[upkeep]\n|-sideend|p2: mrlotobvious|move: Light Screen\n|upkeep\n|turn|7\n|inactive|mrlotobvious has 30 seconds left.\n|\n|t:|1788378884\n|switch|p2a: Staraptor|Staraptor, L50, M|100/100\n|-ability|p2a: Staraptor|Intimidate|boost\n|-unboost|p1a: Charizard|atk|1\n|-unboost|p1b: Basculegion|atk|1\n|move|p1a: Charizard|Heat Wave|p2b: Feraligatr|[spread] p2a,p2b\n|-resisted|p2b: Feraligatr|1\n|-damage|p2a: Staraptor|0 fnt\n|-damage|p2b: Feraligatr|30/100\n|-status|p2b: Feraligatr|brn\n|faint|p2a: Staraptor\n|move|p1b: Basculegion|Last Respects|p2b: Feraligatr\n|-damage|p2b: Feraligatr|0 fnt\n|faint|p2b: Feraligatr\n|\n|-weather|SunnyDay|[upkeep]\n|upkeep\n|-message|mrlotobvious forfeited.\n|\n|win|ClasiusClap\n|raw|ClasiusClap's rating: 1128 &rarr; <strong>1148</strong><br />(+20 for winning)\n|raw|mrlotobvious's rating: 1055 &rarr; <strong>1041</strong><br />(-14 for losing)\n|l|☆mrlotobvious\n|player|p2|\n","uploadtime":1788378900,"views":"0","formatid":"gen9championsvgc2026regmbbo3","rating":1041,"private":0,"password":null}