{"id":"gen9championsvgc2026regmb-2674190219","format":"[Gen 9 Champions] VGC 2026 Reg M-B","players":["UzShock","AncientBaby"],"log":"|j|☆UzShock\n|j|☆AncientBaby\n|html|<table width=\"100%\"><tr><td align=\"left\">UzShock</td><td align=\"right\">AncientBaby</tr><tr><td align=\"left\"><i class=\"fa fa-circle\"></i> <i class=\"fa fa-circle-o\"></i> </td><td align=\"right\"><i class=\"fa fa-circle-o\"></i> <i class=\"fa fa-circle\"></i> </tr></table>\n|uhtml|bestof|<h2><strong>Game 3</strong> of <a href=\"/game-bestof3-gen9championsvgc2026regmb-2674185730\">a best-of-3</a></h2>\n|t:|1788312806\n|gametype|doubles\n|player|p1|UzShock|169|\n|player|p2|AncientBaby|drayden|\n|gen|9\n|tier|[Gen 9 Champions] VGC 2026 Reg M-B\n|rule|Species Clause: Limit one of each Pokémon\n|rule|Item Clause: Limit 1 of each item\n|raw|<div class=\"infobox\"><details class=\"readmore\" open><summary><strong>1 custom rule:</strong></summary> Best of = 3</details></div>\n|clearpoke\n|poke|p1|Pelipper, L50, F|\n|poke|p1|Grimmsnarl, L50, M|\n|poke|p1|Swampert, L50, F|\n|poke|p1|Greninja, L50, F|\n|poke|p1|Slowking-Galar, L50, M|\n|poke|p1|Scizor, L50, F|\n|poke|p2|Staraptor, L50, M|\n|poke|p2|Farigiraf, L50, F|\n|poke|p2|Sylveon, L50, M|\n|poke|p2|Garchomp, L50, M|\n|poke|p2|Torkoal, L50, F|\n|poke|p2|Rotom-Mow, L50|\n|teampreview|4\n|\n|t:|1788312856\n|teamsize|p1|4\n|teamsize|p2|4\n|start\n|switch|p1a: Pelipper|Pelipper, L50, F|100/100\n|switch|p1b: Swampert|Swampert, L50, F|100/100\n|switch|p2a: Rotom-Law|Rotom-Mow, L50|100/100\n|switch|p2b: Lawraptor|Staraptor, L50, M|100/100\n|-ability|p2b: Lawraptor|Intimidate|boost\n|-unboost|p1a: Pelipper|atk|1\n|-unboost|p1b: Swampert|atk|1\n|-weather|RainDance|[from] ability: Drizzle|[of] p1a: Pelipper\n|turn|1\n|\n|t:|1788312905\n|switch|p2b: Sylveaw|Sylveon, L50, M|100/100\n|switch|p1a: Scizor|Scizor, L50, F|100/100\n|detailschange|p1b: Swampert|Swampert-Mega, L50, F\n|-mega|p1b: Swampert|Swampert|Swampertite\n|move|p1b: Swampert|Ice Punch|p2b: Sylveaw\n|-damage|p2b: Sylveaw|79/100\n|move|p2a: Rotom-Law|Volt Switch|p1a: Scizor\n|-damage|p1a: Scizor|59/100\n|\n|t:|1788312929\n|switch|p2a: Lawraptor|Staraptor, L50, M|100/100|[from] Volt Switch\n|-ability|p2a: Lawraptor|Intimidate|boost\n|-unboost|p1a: Scizor|atk|1\n|-unboost|p1b: Swampert|atk|1\n|\n|-weather|RainDance|[upkeep]\n|upkeep\n|turn|2\n|\n|t:|1788312955\n|switch|p1b: Slowking|Slowking-Galar, L50, M|100/100\n|switch|p2b: Rotom-Law|Rotom-Mow, L50|100/100\n|detailschange|p2a: Lawraptor|Staraptor-Mega, L50, M\n|-mega|p2a: Lawraptor|Staraptor|Staraptite\n|move|p2a: Lawraptor|Protect|p2a: Lawraptor\n|-singleturn|p2a: Lawraptor|Protect\n|move|p1a: Scizor|Bullet Punch|p2b: Rotom-Law\n|-resisted|p2b: Rotom-Law|1\n|-damage|p2b: Rotom-Law|80/100\n|\n|-weather|RainDance|[upkeep]\n|-heal|p2b: Rotom-Law|85/100|[from] item: Leftovers\n|upkeep\n|turn|3\n|\n|t:|1788312999\n|switch|p1a: Swampert|Swampert-Mega, L50, F|100/100\n|move|p2a: Lawraptor|Close Combat|p1a: Swampert\n|-damage|p1a: Swampert|48/100\n|-boost|p2a: Lawraptor|def|1\n|-boost|p2a: Lawraptor|spd|1\n|move|p2b: Rotom-Law|Will-O-Wisp|p1a: Swampert|[miss]\n|-miss|p2b: Rotom-Law|p1a: Swampert\n|move|p1b: Slowking|Thunder Wave|p2a: Lawraptor\n|-status|p2a: Lawraptor|par\n|\n|-weather|RainDance|[upkeep]\n|-heal|p2b: Rotom-Law|91/100|[from] item: Leftovers\n|upkeep\n|turn|4\n|\n|t:|1788313035\n|move|p1a: Swampert|Protect|p1a: Swampert\n|-singleturn|p1a: Swampert|Protect\n|move|p2a: Lawraptor|Protect|p2a: Lawraptor\n|-singleturn|p2a: Lawraptor|Protect\n|move|p2b: Rotom-Law|Leaf Storm|p1a: Swampert\n|-activate|p1a: Swampert|move: Protect\n|move|p1b: Slowking|Sludge Bomb|p2b: Rotom-Law\n|-supereffective|p2b: Rotom-Law|1\n|-damage|p2b: Rotom-Law|0 fnt\n|faint|p2b: Rotom-Law\n|\n|-weather|RainDance|[upkeep]\n|upkeep\n|\n|t:|1788313062\n|switch|p2b: Sylveaw|Sylveon, L50, M|79/100\n|turn|5\n|\n|t:|1788313078\n|move|p2b: Sylveaw|Detect|p2b: Sylveaw\n|-singleturn|p2b: Sylveaw|Protect\n|move|p1a: Swampert|Ice Punch|p2a: Lawraptor\n|-supereffective|p2a: Lawraptor|1\n|-damage|p2a: Lawraptor|54/100 par\n|move|p2a: Lawraptor|Close Combat|p1a: Swampert\n|-damage|p1a: Swampert|0 fnt\n|-boost|p2a: Lawraptor|def|1\n|-boost|p2a: Lawraptor|spd|1\n|faint|p1a: Swampert\n|move|p1b: Slowking|Sludge Bomb|p2a: Lawraptor\n|-damage|p2a: Lawraptor|28/100 par\n|\n|-weather|none\n|upkeep\n|\n|t:|1788313105\n|switch|p1a: Pelipper|Pelipper, L50, F|100/100\n|-weather|RainDance|[from] ability: Drizzle|[of] p1a: Pelipper\n|turn|6\n|\n|t:|1788313133\n|switch|p2b: Larchomp|Garchomp, L50, M|100/100\n|move|p2a: Lawraptor|Roost|p2a: Lawraptor\n|-heal|p2a: Lawraptor|79/100 par\n|-singleturn|p2a: Lawraptor|move: Roost\n|move|p1a: Pelipper|Hurricane|p2a: Lawraptor\n|-supereffective|p2a: Lawraptor|1\n|-damage|p2a: Lawraptor|31/100 par\n|move|p1b: Slowking|Sludge Bomb|p2b: Larchomp\n|-resisted|p2b: Larchomp|1\n|-damage|p2b: Larchomp|75/100\n|-status|p2b: Larchomp|psn\n|\n|-weather|RainDance|[upkeep]\n|-damage|p2b: Larchomp|63/100 psn|[from] psn\n|upkeep\n|turn|7\n|\n|t:|1788313175\n|move|p2a: Lawraptor|Protect|p2a: Lawraptor\n|-singleturn|p2a: Lawraptor|Protect\n|move|p2b: Larchomp|Earthquake|p1a: Pelipper|[spread] p1b\n|-activate|p2a: Lawraptor|move: Protect\n|-immune|p1a: Pelipper\n|-supereffective|p1b: Slowking|1\n|-damage|p1b: Slowking|25/100\n|move|p1a: Pelipper|Hurricane|p2a: Lawraptor\n|-activate|p2a: Lawraptor|move: Protect\n|move|p1b: Slowking|Sludge Bomb|p2a: Lawraptor\n|-activate|p2a: Lawraptor|move: Protect\n|\n|-weather|RainDance|[upkeep]\n|-damage|p2b: Larchomp|50/100g psn|[from] psn\n|upkeep\n|turn|8\n|\n|t:|1788313218\n|move|p2b: Larchomp|Protect|p2b: Larchomp\n|-singleturn|p2b: Larchomp|Protect\n|move|p2a: Lawraptor|Roost|p2a: Lawraptor\n|-heal|p2a: Lawraptor|81/100 par\n|-singleturn|p2a: Lawraptor|move: Roost\n|move|p1a: Pelipper|Hurricane|p2a: Lawraptor\n|-supereffective|p2a: Lawraptor|1\n|-damage|p2a: Lawraptor|36/100 par\n|move|p1b: Slowking|Sludge Bomb|p2a: Lawraptor\n|-damage|p2a: Lawraptor|11/100 par\n|\n|-weather|RainDance|[upkeep]\n|-damage|p2b: Larchomp|38/100 psn|[from] psn\n|upkeep\n|turn|9\n|\n|t:|1788313258\n|switch|p2b: Sylveaw|Sylveon, L50, M|79/100\n|-heal|p1b: Slowking|58/100|[from] ability: Regenerator|[silent]\n|switch|p1b: Scizor|Scizor, L50, F|59/100\n|move|p2a: Lawraptor|Brave Bird|p1b: Scizor\n|-damage|p1b: Scizor|0 fnt\n|faint|p1b: Scizor\n|-damage|p2a: Lawraptor|0 fnt|[from] Recoil\n|faint|p2a: Lawraptor\n|move|p1a: Pelipper|Hurricane|p2b: Sylveaw\n|-damage|p2b: Sylveaw|47/100\n|-start|p2b: Sylveaw|confusion\n|\n|-weather|RainDance|[upkeep]\n|upkeep\n|\n|t:|1788313284\n|switch|p2a: Larchomp|Garchomp, L50, M|38/100 psn\n|switch|p1b: Slowking|Slowking-Galar, L50, M|58/100\n|turn|10\n|\n|t:|1788313312\n|-activate|p2b: Sylveaw|confusion\n|move|p2b: Sylveaw|Detect|p2b: Sylveaw\n|-singleturn|p2b: Sylveaw|Protect\n|move|p2a: Larchomp|Earthquake|p1a: Pelipper|[spread] p1b\n|-activate|p2b: Sylveaw|move: Protect\n|-immune|p1a: Pelipper\n|-supereffective|p1b: Slowking|1\n|-damage|p1b: Slowking|0 fnt\n|faint|p1b: Slowking\n|move|p1a: Pelipper|Hurricane|p2a: Larchomp\n|-damage|p2a: Larchomp|0 fnt\n|faint|p2a: Larchomp\n|\n|-weather|none\n|upkeep\n|turn|11\n|\n|t:|1788313345\n|move|p1a: Pelipper|Wide Guard|p1a: Pelipper\n|-singleturn|p1a: Pelipper|Wide Guard\n|-activate|p2b: Sylveaw|confusion\n|move|p2b: Sylveaw|Hyper Beam|p1a: Pelipper\n|-damage|p1a: Pelipper|2/100\n|-mustrecharge|p2b: Sylveaw\n|-enditem|p1a: Pelipper|Sitrus Berry|[eat]\n|-heal|p1a: Pelipper|27/100|[from] item: Sitrus Berry\n|\n|upkeep\n|turn|12\n|c|☆AncientBaby|Whoops, so close.\n|\n|t:|1788313362\n|cant|p2b: Sylveaw|recharge\n|move|p1a: Pelipper|Hurricane|p2b: Sylveaw\n|-damage|p2b: Sylveaw|19/100\n|\n|upkeep\n|turn|13\n|\n|t:|1788313372\n|-end|p2b: Sylveaw|confusion\n|move|p2b: Sylveaw|Hyper Beam|p1a: Pelipper\n|-damage|p1a: Pelipper|0 fnt\n|-mustrecharge|p2b: Sylveaw\n|faint|p1a: Pelipper\n|\n|win|AncientBaby\n|c|☆AncientBaby|gggggggggggggggggggg\n|c|☆UzShock|Ggs!!!!\n|c|☆UzShock|So close!\n|c|☆AncientBaby|It really was!\n|c|☆AncientBaby|Do you want to upload or should I?\n|c|☆UzShock|Can you do it haha\n|c|☆AncientBaby|Yep!\n","uploadtime":1788313557,"views":"8","formatid":"gen9championsvgc2026regmb","rating":null,"private":0,"password":null}