{"id":"gen9championsvgc2026regmb-2674294836","format":"[Gen 9 Champions] VGC 2026 Reg M-B","players":["BeckStreaker","granite blast"],"log":"|j|☆BeckStreaker\n|j|☆granite blast\n|t:|1788334090\n|gametype|doubles\n|player|p1|BeckStreaker|ltsurge|1486\n|player|p2|granite blast|1|1608\n|gen|9\n|tier|[Gen 9 Champions] VGC 2026 Reg M-B\n|rated|\n|rule|Species Clause: Limit one of each Pokémon\n|rule|Item Clause: Limit 1 of each item\n|clearpoke\n|poke|p1|Sylveon, L50, F|\n|poke|p1|Whimsicott, L50, F, shiny|\n|poke|p1|Farigiraf, L50, F|\n|poke|p1|Charizard, L50, M, shiny|\n|poke|p1|Blastoise, L50, M|\n|poke|p1|Garchomp, L50, M, shiny|\n|poke|p2|Ninetales-Alola, L50, F|\n|poke|p2|Blaziken, L50, F|\n|poke|p2|Sinistcha, L50|\n|poke|p2|Kingambit, L50, F|\n|poke|p2|Basculegion, L50, M|\n|poke|p2|Dragonite, L50, F|\n|teampreview|4\n|inactive|Battle timer is ON: inactive players will automatically lose when time's up. (requested by BeckStreaker)\n|\n|t:|1788334127\n|teamsize|p1|4\n|teamsize|p2|4\n|start\n|switch|p1a: Buttercup|Whimsicott, L50, F, shiny|100/100\n|switch|p1b: Mojo Jojo|Blastoise, L50, M|100/100\n|switch|p2a: Basculegion|Basculegion, L50, M|100/100\n|switch|p2b: Kingambit|Kingambit, L50, F|100/100\n|turn|1\n|inactive|BeckStreaker has 30 seconds left.\n|\n|t:|1788334153\n|detailschange|p1b: Mojo Jojo|Blastoise-Mega, L50, M\n|-mega|p1b: Mojo Jojo|Blastoise|Blastoisinite\n|move|p1a: Buttercup|Tailwind|p1a: Buttercup\n|-sidestart|p1: BeckStreaker|move: Tailwind\n|move|p1b: Mojo Jojo|Dark Pulse|p2a: Basculegion\n|-supereffective|p2a: Basculegion|1\n|-damage|p2a: Basculegion|9/100\n|move|p2a: Basculegion|Wave Crash|p1b: Mojo Jojo\n|-resisted|p1b: Mojo Jojo|1\n|-damage|p1b: Mojo Jojo|62/100\n|-damage|p2a: Basculegion|0 fnt|[from] Recoil\n|faint|p2a: Basculegion\n|move|p2b: Kingambit|Kowtow Cleave|p1b: Mojo Jojo\n|-damage|p1b: Mojo Jojo|19/100\n|\n|upkeep\n|\n|t:|1788334167\n|switch|p2a: Ninetales|Ninetales-Alola, L50, F|100/100\n|-weather|Snowscape|[from] ability: Snow Warning|[of] p2a: Ninetales\n|turn|2\n|\n|t:|1788334176\n|switch|p1b: Prof. Utonium|Charizard, L50, M, shiny|100/100\n|move|p1a: Buttercup|Sunny Day|p1a: Buttercup\n|-weather|SunnyDay\n|move|p2b: Kingambit|Sucker Punch||[still]\n|-fail|p2b: Kingambit\n|move|p2a: Ninetales|Blizzard|p1a: Buttercup|[spread] p1a\n|-miss|p2a: Ninetales|p1b: Prof. Utonium\n|-supereffective|p1a: Buttercup|1\n|-damage|p1a: Buttercup|17/100\n|\n|-weather|SunnyDay|[upkeep]\n|upkeep\n|turn|3\n|\n|t:|1788334194\n|switch|p1a: Mojo Jojo|Blastoise-Mega, L50, M|19/100\n|switch|p2a: Dragonite|Dragonite, L50, F|100/100\n|move|p1b: Prof. Utonium|Protect|p1b: Prof. Utonium\n|-singleturn|p1b: Prof. Utonium|Protect\n|move|p2b: Kingambit|Sucker Punch||[still]\n|-fail|p2b: Kingambit\n|\n|-weather|SunnyDay|[upkeep]\n|upkeep\n|turn|4\n|inactive|BeckStreaker has 30 seconds left.\n|\n|t:|1788334221\n|switch|p2b: Ninetales|Ninetales-Alola, L50, F|100/100\n|-weather|Snowscape|[from] ability: Snow Warning|[of] p2b: Ninetales\n|detailschange|p2a: Dragonite|Dragonite-Mega, L50, F\n|-mega|p2a: Dragonite|Dragonite|Dragoninite\n|move|p1b: Prof. Utonium|Heat Wave|p2a: Dragonite|[spread] p2a,p2b\n|-resisted|p2a: Dragonite|1\n|-supereffective|p2b: Ninetales|1\n|-damage|p2a: Dragonite|94/100\n|-damage|p2b: Ninetales|26/100\n|-status|p2a: Dragonite|brn\n|move|p1a: Mojo Jojo|Dark Pulse|p2a: Dragonite\n|-damage|p2a: Dragonite|61/100 brn\n|move|p2a: Dragonite|Thunderbolt|p1b: Prof. Utonium\n|-supereffective|p1b: Prof. Utonium|1\n|-crit|p1b: Prof. Utonium\n|-damage|p1b: Prof. Utonium|0 fnt\n|faint|p1b: Prof. Utonium\n|\n|-weather|Snowscape|[upkeep]\n|-damage|p2a: Dragonite|55/100 brn|[from] brn\n|-sideend|p1: BeckStreaker|move: Tailwind\n|upkeep\n|\n|t:|1788334234\n|switch|p1b: Buttercup|Whimsicott, L50, F, shiny|17/100\n|turn|5\n|\n|t:|1788334256\n|move|p1b: Buttercup|Moonblast|p2a: Dragonite\n|-supereffective|p2a: Dragonite|1\n|-damage|p2a: Dragonite|14/100 brn\n|move|p2b: Ninetales|Blizzard|p1b: Buttercup|[spread] p1a,p1b\n|-resisted|p1a: Mojo Jojo|1\n|-supereffective|p1b: Buttercup|1\n|-damage|p1a: Mojo Jojo|5/100\n|-damage|p1b: Buttercup|0 fnt\n|faint|p1b: Buttercup\n|move|p2a: Dragonite|Thunderbolt|p1a: Mojo Jojo\n|-supereffective|p1a: Mojo Jojo|1\n|-damage|p1a: Mojo Jojo|0 fnt\n|faint|p1a: Mojo Jojo\n|\n|-weather|Snowscape|[upkeep]\n|-damage|p2a: Dragonite|8/100 brn|[from] brn\n|upkeep\n|\n|t:|1788334259\n|switch|p1b: Mitch Mitchelson|Garchomp, L50, M, shiny|100/100\n|turn|6\n|-message|BeckStreaker forfeited.\n|\n|win|granite blast\n|raw|BeckStreaker's rating: 1486 &rarr; <strong>1473</strong><br />(-13 for losing)\n|raw|granite blast's rating: 1608 &rarr; <strong>1621</strong><br />(+13 for winning)\n|l|☆BeckStreaker\n|player|p1|\n","uploadtime":1788334271,"views":"0","formatid":"gen9championsvgc2026regmb","rating":1473,"private":0,"password":null}