{"id":"gen9championsvgc2026regmb-2674916276","format":"[Gen 9 Champions] VGC 2026 Reg M-B","players":["FlameGoddess","ester7stars"],"log":"|j|☆FlameGoddess\n|j|☆ester7stars\n|t:|1788435395\n|gametype|doubles\n|player|p1|FlameGoddess|2|1050\n|player|p2|ester7stars|265|1050\n|gen|9\n|tier|[Gen 9 Champions] VGC 2026 Reg M-B\n|rated|\n|rule|Species Clause: Limit one of each Pokémon\n|rule|Item Clause: Limit 1 of each item\n|clearpoke\n|poke|p1|Mimikyu, L50, M, shiny|\n|poke|p1|Camerupt, L50, M, shiny|\n|poke|p1|Sinistcha, L50, shiny|\n|poke|p1|Sneasler, L50, M, shiny|\n|poke|p1|Dragonite, L50, M, shiny|\n|poke|p1|Tsareena, L50, F, shiny|\n|poke|p2|Toxapex, L50, M, shiny|\n|poke|p2|Gengar, L50, F|\n|poke|p2|Sinistcha, L50|\n|poke|p2|Corviknight, L50, M|\n|poke|p2|Tauros-Paldea-Aqua, L50, M|\n|poke|p2|Whimsicott, L50, F, shiny|\n|teampreview|4\n|inactive|Battle timer is ON: inactive players will automatically lose when time's up. (requested by ester7stars)\nester7stars rejected open team sheets.\n|\n|t:|1788435450\n|teamsize|p1|4\n|teamsize|p2|4\n|start\n|switch|p1a: moria|Mimikyu, L50, M, shiny|100/100\n|switch|p1b: akainu|Camerupt, L50, M, shiny|100/100\n|switch|p2a: Aegis|Corviknight, L50, M|100/100\n|switch|p2b: Twig|Whimsicott, L50, F, shiny|100/100\n|turn|1\n|\n|t:|1788435469\n|switch|p1b: queen|Tsareena, L50, F, shiny|100/100\n|move|p2b: Twig|Tailwind|p2b: Twig\n|-sidestart|p2: ester7stars|move: Tailwind\n|move|p2a: Aegis|Body Press|p1b: queen\n|-damage|p1b: queen|75/100\n|move|p1a: moria|Trick Room|p1a: moria\n|-fieldstart|move: Trick Room|[of] p1a: moria\n|\n|upkeep\n|turn|2\n|inactive|ester7stars has 30 seconds left.\n|\n|t:|1788435495\n|move|p2b: Twig|Encore||[still]\n|cant|p1b: queen|ability: Queenly Majesty|Encore|[of] p2b: Twig\n|move|p1a: moria|Will-O-Wisp|p2a: Aegis\n|-status|p2a: Aegis|brn\n|move|p1b: queen|Triple Axel|p2b: Twig\n|-supereffective|p2b: Twig|1\n|-crit|p2b: Twig\n|-damage|p2b: Twig|78/100\n|-supereffective|p2b: Twig|1\n|-damage|p2b: Twig|50/100g\n|-supereffective|p2b: Twig|1\n|-damage|p2b: Twig|13/100\n|-hitcount|p2b: Twig|3\n|move|p2a: Aegis|Iron Defense|p2a: Aegis\n|-boost|p2a: Aegis|def|2\n|\n|-damage|p2a: Aegis|94/100 brn|[from] brn\n|upkeep\n|turn|3\n|inactive|ester7stars has 30 seconds left.\n|inactive|ester7stars has 20 seconds left.\n|\n|t:|1788435530\n|move|p2b: Twig|Protect|p2b: Twig\n|-singleturn|p2b: Twig|Protect\n|move|p1a: moria|Taunt|p2a: Aegis\n|-start|p2a: Aegis|move: Taunt\n|move|p1b: queen|Triple Axel|p2b: Twig\n|-activate|p2b: Twig|move: Protect\n|move|p2a: Aegis|Body Press|p1b: queen\n|-damage|p1b: queen|51/100\n|\n|-heal|p2a: Aegis|100/100 brn|[from] item: Leftovers\n|-damage|p2a: Aegis|94/100 brn|[from] brn\n|upkeep\n|turn|4\n|inactive|ester7stars has 30 seconds left.\n|inactive|ester7stars has 20 seconds left.\n|inactive|ester7stars has 15 seconds left.\n|\n|t:|1788435575\n|move|p2b: Twig|Protect||[still]\n|-fail|p2b: Twig\n|move|p1a: moria|Shadow Sneak|p2b: Twig\n|-damage|p2b: Twig|2/100\n|move|p1b: queen|Low Kick|p2a: Aegis\n|-damage|p2a: Aegis|81/100 brn\n|move|p2a: Aegis|Body Press|p1b: queen\n|-damage|p1b: queen|27/100\n|\n|-heal|p2a: Aegis|87/100 brn|[from] item: Leftovers\n|-damage|p2a: Aegis|81/100 brn|[from] brn\n|-sideend|p2: ester7stars|move: Tailwind\n|upkeep\n|turn|5\n|inactive|FlameGoddess has 30 seconds left.\n|\n|t:|1788435609\n|switch|p1a: brook|Sinistcha, L50, shiny|100/100\n|-heal|p1b: queen|52/100|[from] ability: Hospitality|[of] p1a: brook\n|move|p2b: Twig|Tailwind|p2b: Twig\n|-sidestart|p2: ester7stars|move: Tailwind\n|move|p1b: queen|Triple Axel|p2a: Aegis\n|-damage|p2a: Aegis|78/100 brn\n|-damage|p2a: Aegis|71/100 brn\n|-damage|p2a: Aegis|63/100 brn\n|-hitcount|p2a: Aegis|3\n|move|p2a: Aegis|Body Press|p1b: queen\n|-damage|p1b: queen|29/100\n|\n|-heal|p2a: Aegis|69/100 brn|[from] item: Leftovers\n|-damage|p2a: Aegis|63/100 brn|[from] brn\n|-end|p2a: Aegis|move: Taunt\n|-fieldend|move: Trick Room\n|upkeep\n|turn|6\n|inactive|ester7stars has 30 seconds left.\n|inactive|ester7stars has 20 seconds left.\n|inactive|ester7stars has 15 seconds left.\n|\n|t:|1788435652\n|move|p1b: queen|Protect|p1b: queen\n|-singleturn|p1b: queen|Protect\n|move|p2b: Twig|Moonblast|p1b: queen\n|-activate|p1b: queen|move: Protect\n|move|p2a: Aegis|Iron Defense|p2a: Aegis\n|-boost|p2a: Aegis|def|2\n|move|p1a: brook|Trick Room|p1a: brook\n|-fieldstart|move: Trick Room|[of] p1a: brook\n|\n|-heal|p2a: Aegis|69/100 brn|[from] item: Leftovers\n|-damage|p2a: Aegis|63/100 brn|[from] brn\n|upkeep\n|turn|7\n|\n|t:|1788435677\n|switch|p1b: moria|Mimikyu, L50, M, shiny|100/100\n|move|p2b: Twig|Protect|p2b: Twig\n|-singleturn|p2b: Twig|Protect\n|move|p1a: brook|Matcha Gotcha|p2a: Aegis|[spread] p2a\n|-activate|p2b: Twig|move: Protect\n|-resisted|p2a: Aegis|2\n|-damage|p2a: Aegis|59/100 brn\n|move|p2a: Aegis|Body Press|p1b: moria\n|-immune|p1b: moria\n|\n|-heal|p2a: Aegis|65/100 brn|[from] item: Leftovers\n|-damage|p2a: Aegis|59/100 brn|[from] brn\n|upkeep\n|turn|8\n|inactive|FlameGoddess has 30 seconds left.\n|inactive|ester7stars has 30 seconds left.\n|inactive|ester7stars has 20 seconds left.\n|\n|t:|1788435712\n|move|p1a: brook|Rage Powder|p1a: brook\n|-singleturn|p1a: brook|move: Rage Powder\n|move|p1b: moria|Shadow Sneak|p2b: Twig\n|-damage|p2b: Twig|0 fnt\n|faint|p2b: Twig\n|move|p2a: Aegis|Roost|p2a: Aegis\n|-heal|p2a: Aegis|100/100 brn\n|-singleturn|p2a: Aegis|move: Roost\n|\n|-damage|p2a: Aegis|94/100 brn|[from] brn\n|-sideend|p2: ester7stars|move: Tailwind\n|upkeep\n|\n|t:|1788435729\n|switch|p2b: Jail|Gengar, L50, F|100/100\n|turn|9\n|inactive|ester7stars has 30 seconds left.\n|inactive|ester7stars has 20 seconds left.\n|\n|t:|1788435764\n|switch|p1a: queen|Tsareena, L50, F, shiny|29/100\n|detailschange|p2b: Jail|Gengar-Mega, L50, F\n|-mega|p2b: Jail|Gengar|Gengarite\n|move|p2b: Jail|Protect|p2b: Jail\n|-singleturn|p2b: Jail|Protect\n|move|p2a: Aegis|Body Press|p1a: queen\n|-damage|p1a: queen|0 fnt\n|faint|p1a: queen\n|move|p1b: moria|Taunt|p2a: Aegis\n|-start|p2a: Aegis|move: Taunt\n|\n|-heal|p2a: Aegis|100/100 brn|[from] item: Leftovers\n|-damage|p2a: Aegis|94/100 brn|[from] brn\n|upkeep\n|\n|t:|1788435778\n|switch|p1a: akainu|Camerupt, L50, M, shiny|100/100\n|turn|10\n|\n|t:|1788435795\n|detailschange|p1a: akainu|Camerupt-Mega, L50, M, shiny\n|-mega|p1a: akainu|Camerupt|Cameruptite\n|move|p1b: moria|Shadow Sneak|p2b: Jail\n|-supereffective|p2b: Jail|1\n|-damage|p2b: Jail|74/100\n|move|p1a: akainu|Eruption|p2a: Aegis|[spread] p2a,p2b\n|-supereffective|p2a: Aegis|1\n|-damage|p2a: Aegis|0 fnt\n|-damage|p2b: Jail|9/100\n|faint|p2a: Aegis\n|move|p2b: Jail|Perish Song|p2b: Jail\n|-start|p1a: akainu|perish3|[silent]\n|-start|p1b: moria|perish3|[silent]\n|-start|p2b: Jail|perish3|[silent]\n|-fieldactivate|move: Perish Song\n|\n|-start|p1a: akainu|perish3\n|-start|p1b: moria|perish3\n|-start|p2b: Jail|perish3\n|-fieldend|move: Trick Room\n|upkeep\n|\n|t:|1788435811\n|switch|p2a: Missile|Tauros-Paldea-Aqua, L50, M|100/100\n|-ability|p2a: Missile|Intimidate|boost\n|-unboost|p1a: akainu|atk|1\n|-unboost|p1b: moria|atk|1\n|turn|11\n|\n|t:|1788435835\n|move|p1a: akainu|Protect|p1a: akainu\n|-singleturn|p1a: akainu|Protect\n|move|p2a: Missile|Wave Crash|p1a: akainu\n|-activate|p1a: akainu|move: Protect\n|move|p2b: Jail|Shadow Ball|p1b: moria\n|-activate|p1b: moria|ability: Disguise\n|-damage|p1b: moria|100/100\n|detailschange|p1b: moria|Mimikyu-Busted, L50, M, shiny\n|-damage|p1b: moria|87/100|[from] pokemon: Mimikyu-Busted\n|move|p1b: moria|Trick Room|p1b: moria\n|-fieldstart|move: Trick Room|[of] p1b: moria\n|\n|-start|p1a: akainu|perish2\n|-start|p1b: moria|perish2\n|-start|p2b: Jail|perish2\n|upkeep\n|turn|12\n|\n|t:|1788435859\n|move|p2b: Jail|Protect|p2b: Jail\n|-singleturn|p2b: Jail|Protect\n|move|p1b: moria|Shadow Sneak|p2a: Missile\n|-crit|p2a: Missile\n|-damage|p2a: Missile|78/100\n|move|p1a: akainu|Eruption|p2b: Jail|[spread] p2a\n|-activate|p2b: Jail|move: Protect\n|-resisted|p2a: Missile|1\n|-damage|p2a: Missile|27/100\n|move|p2a: Missile|Wave Crash|p1a: akainu\n|-supereffective|p1a: akainu|2\n|-damage|p1a: akainu|0 fnt\n|faint|p1a: akainu\n|-damage|p2a: Missile|0 fnt|[from] Recoil\n|faint|p2a: Missile\n|\n|-start|p1b: moria|perish1\n|-start|p2b: Jail|perish1\n|upkeep\n|\n|t:|1788435876\n|switch|p1a: brook|Sinistcha, L50, shiny|100/100\n|-heal|p1b: moria|100/100|[from] ability: Hospitality|[of] p1a: brook\n|turn|13\n|\n|t:|1788435887\n|move|p2b: Jail|Protect||[still]\n|-fail|p2b: Jail\n|move|p1a: brook|Rage Powder|p1a: brook\n|-singleturn|p1a: brook|move: Rage Powder\n|move|p1b: moria|Shadow Sneak|p2b: Jail\n|-supereffective|p2b: Jail|1\n|-damage|p2b: Jail|0 fnt\n|faint|p2b: Jail\n|\n|win|FlameGoddess\n|raw|FlameGoddess's rating: 1050 &rarr; <strong>1083</strong><br />(+33 for winning)\n|raw|ester7stars's rating: 1050 &rarr; <strong>1033</strong><br />(-17 for losing)\n|c|☆ester7stars|gg\n|l|☆ester7stars\n|player|p2|\n","uploadtime":1788435898,"views":"8","formatid":"gen9championsvgc2026regmb","rating":1033,"private":0,"password":null}