{"id":"gen9championsvgc2026regmb-2674713974","format":"[Gen 9 Champions] VGC 2026 Reg M-B","players":["ImSoCalamari","Luhf2236"],"log":"|j|☆ImSoCalamari\n|j|☆Luhf2236\n|t:|1788394698\n|gametype|doubles\n|player|p1|ImSoCalamari|aromalady|1195\n|player|p2|Luhf2236|scientist|1115\n|gen|9\n|tier|[Gen 9 Champions] VGC 2026 Reg M-B\n|rated|\n|rule|Species Clause: Limit one of each Pokémon\n|rule|Item Clause: Limit 1 of each item\n|clearpoke\n|poke|p1|Sylveon, L50, F|\n|poke|p1|Raichu, L50, M|\n|poke|p1|Staraptor, L50, M|\n|poke|p1|Arcanine-Hisui, L50, F|\n|poke|p1|Farigiraf, L50, F|\n|poke|p1|Kingambit, L50, M|\n|poke|p2|Incineroar, L50, F|\n|poke|p2|Maushold-Four, L50|\n|poke|p2|Sinistcha-Masterpiece, L50|\n|poke|p2|Gengar, L50, F|\n|poke|p2|Sylveon, L50, F|\n|poke|p2|Altaria, L50, M|\n|teampreview|4\n|inactive|Battle timer is ON: inactive players will automatically lose when time's up. (requested by Luhf2236)\n|inactive|ImSoCalamari has 60 seconds left.\n|inactive|Luhf2236 has 60 seconds left.\n|\n|t:|1788394742\n|teamsize|p1|4\n|teamsize|p2|4\n|start\n|switch|p1a: Farigiraf|Farigiraf, L50, F|100/100\n|switch|p1b: Kingambit|Kingambit, L50, M|100/100\n|switch|p2a: Gengar|Gengar, L50, F|100/100\n|switch|p2b: Sylveon|Sylveon, L50, F|100/100\n|turn|1\n|inactive|ImSoCalamari has 30 seconds left.\n|\n|t:|1788394769\n|detailschange|p2a: Gengar|Gengar-Mega, L50, F\n|-mega|p2a: Gengar|Gengar|Gengarite\n|move|p2a: Gengar|Round|p1b: Kingambit\n|-resisted|p1b: Kingambit|1\n|-damage|p1b: Kingambit|87/100\n|move|p2b: Sylveon|Round|p1b: Kingambit|[from] move: Round\n|-damage|p1b: Kingambit|5/100\n|move|p1a: Farigiraf|Psychic|p2a: Gengar\n|-supereffective|p2a: Gengar|1\n|-damage|p2a: Gengar|0 fnt\n|faint|p2a: Gengar\n|move|p1b: Kingambit|Kowtow Cleave|p2b: Sylveon\n|-resisted|p2b: Sylveon|1\n|-damage|p2b: Sylveon|59/100\n|-damage|p1b: Kingambit|0 fnt|[from] item: Life Orb\n|faint|p1b: Kingambit\n|\n|upkeep\n|\n|t:|1788394793\n|switch|p2a: Maushold|Maushold-Four, L50|100/100\n|switch|p1b: Arcanine|Arcanine-Hisui, L50, F|100/100\n|turn|2\n|\n|t:|1788394812\n|move|p2a: Maushold|Population Bomb|p1b: Arcanine\n|-resisted|p1b: Arcanine|1\n|-damage|p1b: Arcanine|92/100\n|-resisted|p1b: Arcanine|1\n|-damage|p1b: Arcanine|86/100\n|-resisted|p1b: Arcanine|1\n|-damage|p1b: Arcanine|79/100\n|-resisted|p1b: Arcanine|1\n|-damage|p1b: Arcanine|72/100\n|-resisted|p1b: Arcanine|1\n|-damage|p1b: Arcanine|65/100\n|-resisted|p1b: Arcanine|1\n|-damage|p1b: Arcanine|58/100\n|-resisted|p1b: Arcanine|1\n|-damage|p1b: Arcanine|51/100\n|-resisted|p1b: Arcanine|1\n|-damage|p1b: Arcanine|44/100\n|-resisted|p1b: Arcanine|1\n|-damage|p1b: Arcanine|37/100\n|-resisted|p1b: Arcanine|1\n|-damage|p1b: Arcanine|30/100\n|-hitcount|p1b: Arcanine|10\n|move|p1b: Arcanine|Flare Blitz|p2b: Sylveon\n|-damage|p2b: Sylveon|0 fnt\n|faint|p2b: Sylveon\n|move|p1a: Farigiraf|Psychic|p2a: Maushold\n|-damage|p2a: Maushold|44/100\n|\n|upkeep\n|\n|t:|1788394836\n|switch|p2b: Sinistcha|Sinistcha-Masterpiece, L50|100/100\n|-heal|p2a: Maushold|68/100|[from] ability: Hospitality|[of] p2b: Sinistcha\n|turn|3\n|\n|t:|1788394856\n|move|p2a: Maushold|Population Bomb|p1b: Arcanine\n|-resisted|p1b: Arcanine|1\n|-damage|p1b: Arcanine|22/100\n|-resisted|p1b: Arcanine|1\n|-crit|p1b: Arcanine\n|-damage|p1b: Arcanine|12/100\n|-resisted|p1b: Arcanine|1\n|-damage|p1b: Arcanine|5/100\n|-resisted|p1b: Arcanine|1\n|-damage|p1b: Arcanine|0 fnt\n|faint|p1b: Arcanine\n|-hitcount|p1: Arcanine|4\n|move|p2b: Sinistcha|Matcha Gotcha|p1a: Farigiraf\n|-damage|p1a: Farigiraf|72/100\n|move|p1a: Farigiraf|Psychic|p2a: Maushold\n|-damage|p2a: Maushold|17/100\n|\n|upkeep\n|\n|t:|1788394859\n|switch|p1b: Raichu|Raichu, L50, M|100/100\n|turn|4\n|inactive|ImSoCalamari has 30 seconds left.\n|inactive|Luhf2236 has 30 seconds left.\n|\n|t:|1788394890\n|detailschange|p1b: Raichu|Raichu-Mega-Y, L50, M\n|-mega|p1b: Raichu|Raichu|Raichunite Y\n|move|p2a: Maushold|Protect|p2a: Maushold\n|-singleturn|p2a: Maushold|Protect\n|move|p1b: Raichu|Fake Out|p2a: Maushold\n|-activate|p2a: Maushold|move: Protect\n|move|p2b: Sinistcha|Matcha Gotcha|p1a: Farigiraf|[spread] p1a,p1b\n|-damage|p1a: Farigiraf|52/100\n|-damage|p1b: Raichu|65/100\n|move|p1a: Farigiraf|Psychic|p2b: Sinistcha\n|-damage|p2b: Sinistcha|73/100\n|\n|upkeep\n|turn|5\n|\n|t:|1788394915\n|move|p2b: Sinistcha|Rage Powder|p2b: Sinistcha\n|-singleturn|p2b: Sinistcha|move: Rage Powder\n|move|p1b: Raichu|Zap Cannon|p2b: Sinistcha\n|-resisted|p2b: Sinistcha|1\n|-damage|p2b: Sinistcha|47/100\n|-status|p2b: Sinistcha|par\n|move|p2a: Maushold|Population Bomb|p1b: Raichu\n|-damage|p1b: Raichu|49/100\n|-damage|p1b: Raichu|32/100\n|-damage|p1b: Raichu|16/100\n|-damage|p1b: Raichu|0 fnt\n|faint|p1b: Raichu\n|-hitcount|p1: Raichu|4\n|move|p1a: Farigiraf|Psychic|p2b: Sinistcha\n|-damage|p2b: Sinistcha|18/100 par\n|\n|upkeep\n|turn|6\n|\n|t:|1788394937\n|move|p2a: Maushold|Population Bomb|p1a: Farigiraf\n|-damage|p1a: Farigiraf|42/100\n|-enditem|p1a: Farigiraf|Sitrus Berry|[eat]\n|-heal|p1a: Farigiraf|67/100|[from] item: Sitrus Berry\n|-damage|p1a: Farigiraf|56/100\n|-damage|p1a: Farigiraf|46/100\n|-damage|p1a: Farigiraf|35/100\n|-damage|p1a: Farigiraf|24/100\n|-damage|p1a: Farigiraf|13/100\n|-damage|p1a: Farigiraf|2/100\n|-damage|p1a: Farigiraf|0 fnt\n|faint|p1a: Farigiraf\n|-hitcount|p1: Farigiraf|8\n|\n|win|Luhf2236\n|raw|ImSoCalamari's rating: 1195 &rarr; <strong>1164</strong><br />(-31 for losing)\n|raw|Luhf2236's rating: 1115 &rarr; <strong>1146</strong><br />(+31 for winning)\n","uploadtime":1788394945,"views":"2","formatid":"gen9championsvgc2026regmb","rating":1146,"private":0,"password":null}