{"id":"gen9championsvgc2026regmbbo3-2673672619","format":"[Gen 9 Champions] VGC 2026 Reg M-B (Bo3)","players":["eklyst","thecrazur"],"log":"|j|☆eklyst\n|j|☆thecrazur\n|html|<table width=\"100%\"><tr><td align=\"left\">eklyst</td><td align=\"right\">thecrazur</tr><tr><td align=\"left\"><i class=\"fa fa-circle-o\"></i> <i class=\"fa fa-circle-o\"></i> </td><td align=\"right\"><i class=\"fa fa-circle-o\"></i> <i class=\"fa fa-circle-o\"></i> </tr></table>\n|uhtml|bestof|<h2><strong>Game 1</strong> of <a href=\"/game-bestof3-gen9championsvgc2026regmbbo3-2673672618\">a best-of-3</a></h2>\n|t:|1788230733\n|gametype|doubles\n|player|p1|eklyst|pokemaniac|1337\n|player|p2|thecrazur|265|1231\n|gen|9\n|tier|[Gen 9 Champions] VGC 2026 Reg M-B (Bo3)\n|rated|\n|rule|Species Clause: Limit one of each Pokémon\n|rule|Item Clause: Limit 1 of each item\n|clearpoke\n|poke|p1|Sinistcha, L50|\n|poke|p1|Incineroar, L50, M|\n|poke|p1|Blaziken, L50, F|\n|poke|p1|Ninetales-Alola, L50, F|\n|poke|p1|Mawile, L50, F|\n|poke|p1|Basculegion, L50, M|\n|poke|p2|Blaziken, L50, F|\n|poke|p2|Ninetales-Alola, L50, M|\n|poke|p2|Araquanid, L50, F|\n|poke|p2|Gholdengo, L50|\n|poke|p2|Whimsicott, L50, M|\n|poke|p2|Staraptor, L50, M|\n|teampreview|4\n|showteam|p1|Sinistcha||KasibBerry|Hospitality|MatchaGotcha,RagePowder,TrickRoom,Protect|Relaxed|||||50|]Incineroar||SitrusBerry|Intimidate|FlareBlitz,FakeOut,PartingShot,HelpingHand|Careful||M|||50|]Blaziken||Blazikenite|SpeedBoost|CloseCombat,FlareBlitz,RockSlide,Detect|Adamant||F|||50|]Ninetales-Alola||NeverMeltIce|SnowWarning|Blizzard,FreezeDry,Encore,Protect|Timid||F|||50|]Mawile||Mawilite|HyperCutter|PlayRough,IronHead,SuckerPunch,Protect|Adamant||F|||50|]Basculegion||LifeOrb|Adaptability|WaveCrash,LastRespects,AquaJet,Protect|Adamant||M|||50|\n|showteam|p2|Blaziken||Blazikenite|SpeedBoost|AuraSphere,HeatWave,ScorchingSands,Detect|Modest||F|||50|]Ninetales-Alola||LifeOrb|SnowWarning|Blizzard,FreezeDry,Moonblast,Protect|Timid||M|||50|]Araquanid||MysticWater|WaterBubble|Liquidation,WideGuard,LeechLife,Protect|Brave||F|||50|]Gholdengo||ChoiceScarf|GoodasGold|MakeItRain,PowerGem,ShadowBall,Trick|Timid|||||50|]Whimsicott||FocusSash|Prankster|Moonblast,Tailwind,Protect,Charm|Timid||M|||50|]Staraptor||Staraptite|Intimidate|CloseCombat,BraveBird,Protect,Roost|Jolly||M|||50|\n|inactive|Battle timer is ON: inactive players will automatically lose when time's up. (requested by eklyst)\n|inactive|eklyst has 60 seconds left.\n|inactive|thecrazur has 60 seconds left.\n|inactive|eklyst has 30 seconds left.\n|inactive|thecrazur has 30 seconds left.\n|inactive|thecrazur has 20 seconds left.\n|inactive|thecrazur has 15 seconds left.\n|inactive|thecrazur has 10 seconds left.\n|inactive|thecrazur has 5 seconds left.\n|\n|t:|1788230822\n|teamsize|p1|4\n|teamsize|p2|4\n|start\n|switch|p1a: Sinistcha|Sinistcha, L50|100/100\n|switch|p1b: Incineroar|Incineroar, L50, M|100/100\n|switch|p2a: Gholdengo|Gholdengo, L50|100/100\n|switch|p2b: Blaziken|Blaziken, L50, F|100/100\n|-ability|p1b: Incineroar|Intimidate|boost\n|-unboost|p2a: Gholdengo|atk|1\n|-unboost|p2b: Blaziken|atk|1\n|turn|1\n|inactive|thecrazur has 30 seconds left.\n|\n|t:|1788230854\n|switch|p2b: Araquanid|Araquanid, L50, F|100/100\n|move|p1b: Incineroar|Fake Out|p2b: Araquanid\n|-crit|p2b: Araquanid\n|-damage|p2b: Araquanid|82/100\n|move|p2a: Gholdengo|Shadow Ball|p1a: Sinistcha\n|-supereffective|p1a: Sinistcha|1\n|-enditem|p1a: Sinistcha|Kasib Berry|[eat]\n|-enditem|p1a: Sinistcha|Kasib Berry|[weaken]\n|-damage|p1a: Sinistcha|57/100\n|move|p1a: Sinistcha|Trick Room|p1a: Sinistcha\n|-fieldstart|move: Trick Room|[of] p1a: Sinistcha\n|\n|upkeep\n|turn|2\n|\n|t:|1788230875\n|switch|p1b: Mawile|Mawile, L50, F|100/100\n|switch|p2a: Blaziken|Blaziken, L50, F|100/100\n|move|p2b: Araquanid|Liquidation|p1b: Mawile\n|-damage|p1b: Mawile|0 fnt\n|faint|p1b: Mawile\n|move|p1a: Sinistcha|Matcha Gotcha|p2b: Araquanid|[spread] p2b\n|-miss|p1a: Sinistcha|p2a: Blaziken\n|-damage|p2b: Araquanid|64/100\n|-heal|p1a: Sinistcha|66/100|[from] drain|[of] p2b: Araquanid\n|\n|upkeep\n|\n|t:|1788230882\n|switch|p1b: Basculegion|Basculegion, L50, M|100/100\n|turn|3\n|\n|t:|1788230897\n|switch|p2a: Whimsicott|Whimsicott, L50, M|100/100\n|move|p2b: Araquanid|Liquidation|p1b: Basculegion\n|-resisted|p1b: Basculegion|1\n|-damage|p1b: Basculegion|53/100\n|-unboost|p1b: Basculegion|def|1\n|move|p1a: Sinistcha|Matcha Gotcha|p2a: Whimsicott|[spread] p2a,p2b\n|-resisted|p2a: Whimsicott|1\n|-damage|p2a: Whimsicott|81/100\n|-heal|p1a: Sinistcha|74/100|[from] drain|[of] p2a: Whimsicott\n|-damage|p2b: Araquanid|45/100\n|-heal|p1a: Sinistcha|83/100|[from] drain|[of] p2b: Araquanid\n|move|p1b: Basculegion|Wave Crash|p2a: Whimsicott\n|-resisted|p2a: Whimsicott|1\n|-damage|p2a: Whimsicott|6/100\n|-damage|p1b: Basculegion|36/100|[from] Recoil\n|-damage|p1b: Basculegion|26/100|[from] item: Life Orb\n|\n|upkeep\n|turn|4\n|inactive|eklyst has 30 seconds left.\n|\n|t:|1788230923\n|move|p1b: Basculegion|Protect|p1b: Basculegion\n|-singleturn|p1b: Basculegion|Protect\n|move|p2a: Whimsicott|Charm|p1b: Basculegion\n|-activate|p1b: Basculegion|move: Protect\n|move|p2b: Araquanid|Leech Life|p1a: Sinistcha\n|-damage|p1a: Sinistcha|57/100\n|-heal|p2b: Araquanid|58/100|[from] drain|[of] p1a: Sinistcha\n|move|p1a: Sinistcha|Matcha Gotcha|p2a: Whimsicott|[spread] p2a,p2b\n|-resisted|p2a: Whimsicott|1\n|-damage|p2a: Whimsicott|0 fnt\n|-heal|p1a: Sinistcha|60/100|[from] drain|[of] p2a: Whimsicott\n|-damage|p2b: Araquanid|40/100\n|-heal|p1a: Sinistcha|69/100|[from] drain|[of] p2b: Araquanid\n|faint|p2a: Whimsicott\n|\n|upkeep\n|\n|t:|1788230940\n|switch|p2a: Blaziken|Blaziken, L50, F|100/100\n|turn|5\n|\n|t:|1788230947\n|switch|p1b: Incineroar|Incineroar, L50, M|100/100\n|-ability|p1b: Incineroar|Intimidate|boost\n|-unboost|p2a: Blaziken|atk|1\n|-unboost|p2b: Araquanid|atk|1\n|detailschange|p2a: Blaziken|Blaziken-Mega, L50, F\n|-mega|p2a: Blaziken|Blaziken|Blazikenite\n|move|p2b: Araquanid|Protect|p2b: Araquanid\n|-singleturn|p2b: Araquanid|Protect\n|move|p2a: Blaziken|Detect|p2a: Blaziken\n|-singleturn|p2a: Blaziken|Protect\n|move|p1a: Sinistcha|Matcha Gotcha|p2b: Araquanid|[spread] \n|-activate|p2a: Blaziken|move: Protect\n|-activate|p2b: Araquanid|move: Protect\n|\n|-fieldend|move: Trick Room\n|-ability|p2a: Blaziken|Speed Boost|boost\n|-boost|p2a: Blaziken|spe|1\n|upkeep\n|turn|6\n|inactive|eklyst has 30 seconds left.\n|inactive|thecrazur has 30 seconds left.\n|inactive|thecrazur has 20 seconds left.\n|inactive|thecrazur has 15 seconds left.\n|inactive|thecrazur has 10 seconds left.\n|\n|t:|1788230993\n|switch|p2a: Gholdengo|Gholdengo, L50|100/100\n|move|p1b: Incineroar|Fake Out|p2a: Gholdengo\n|-immune|p2a: Gholdengo\n|move|p2b: Araquanid|Liquidation|p1b: Incineroar\n|-supereffective|p1b: Incineroar|1\n|-damage|p1b: Incineroar|16/100\n|-unboost|p1b: Incineroar|def|1\n|-enditem|p1b: Incineroar|Sitrus Berry|[eat]\n|-heal|p1b: Incineroar|41/100|[from] item: Sitrus Berry\n|move|p1a: Sinistcha|Trick Room|p1a: Sinistcha\n|-fieldstart|move: Trick Room|[of] p1a: Sinistcha\n|\n|upkeep\n|turn|7\n|\n|t:|1788231015\n|switch|p2a: Blaziken|Blaziken-Mega, L50, F|100/100\n|move|p1b: Incineroar|Helping Hand|p1a: Sinistcha\n|-singleturn|p1a: Sinistcha|Helping Hand|[of] p1b: Incineroar\n|move|p2b: Araquanid|Liquidation|p1b: Incineroar\n|-supereffective|p1b: Incineroar|1\n|-damage|p1b: Incineroar|0 fnt\n|faint|p1b: Incineroar\n|move|p1a: Sinistcha|Matcha Gotcha|p2a: Blaziken|[spread] p2a,p2b\n|-resisted|p2a: Blaziken|1\n|-damage|p2a: Blaziken|78/100\n|-heal|p1a: Sinistcha|79/100|[from] drain|[of] p2a: Blaziken\n|-damage|p2b: Araquanid|12/100\n|-heal|p1a: Sinistcha|93/100|[from] drain|[of] p2b: Araquanid\n|\n|upkeep\n|\n|t:|1788231030\n|switch|p1b: Basculegion|Basculegion, L50, M|26/100\n|turn|8\n|\n|t:|1788231052\n|move|p2a: Blaziken|Detect|p2a: Blaziken\n|-singleturn|p2a: Blaziken|Protect\n|move|p2b: Araquanid|Liquidation|p1b: Basculegion\n|-resisted|p1b: Basculegion|1\n|-damage|p1b: Basculegion|0 fnt\n|faint|p1b: Basculegion\n|move|p1a: Sinistcha|Matcha Gotcha|p2a: Blaziken|[spread] p2b\n|-activate|p2a: Blaziken|move: Protect\n|-damage|p2b: Araquanid|0 fnt\n|-heal|p1a: Sinistcha|100/100|[from] drain|[of] p2b: Araquanid\n|faint|p2b: Araquanid\n|\n|-ability|p2a: Blaziken|Speed Boost|boost\n|-boost|p2a: Blaziken|spe|1\n|upkeep\n|\n|t:|1788231066\n|switch|p2b: Gholdengo|Gholdengo, L50|100/100\n|turn|9\n|\n|t:|1788231071\n|move|p1a: Sinistcha|Matcha Gotcha|p2a: Blaziken|[spread] p2a,p2b\n|-resisted|p2a: Blaziken|1\n|-resisted|p2b: Gholdengo|1\n|-damage|p2a: Blaziken|63/100\n|-damage|p2b: Gholdengo|87/100\n|move|p2a: Blaziken|Heat Wave|p1a: Sinistcha\n|-supereffective|p1a: Sinistcha|1\n|-crit|p1a: Sinistcha\n|-damage|p1a: Sinistcha|0 fnt\n|faint|p1a: Sinistcha\n|\n|win|thecrazur\n||eklyst is ready for game 2.\n||thecrazur is ready for game 2.\n|uhtml|next|Next: <a href=\"/battle-gen9championsvgc2026regmbbo3-2673674728\"><strong>Game 2 of 3</strong></a>\n|l|☆thecrazur\n|player|p2|\n","uploadtime":1788231071,"views":"1","formatid":"gen9championsvgc2026regmbbo3","rating":null,"private":0,"password":null}