{"id":"gen9championsvgc2026regmbbo3-2674139167","format":"[Gen 9 Champions] VGC 2026 Reg M-B (Bo3)","players":["kememe","bartcr0987"],"log":"|j|☆kememe\n|j|☆bartcr0987\n|html|<table width=\"100%\"><tr><td align=\"left\">kememe</td><td align=\"right\">bartcr0987</tr><tr><td align=\"left\"><i class=\"fa fa-circle-o\"></i> <i class=\"fa fa-circle-o\"></i> </td><td align=\"right\"><i class=\"fa fa-circle-o\"></i> <i class=\"fa fa-circle\"></i> </tr></table>\n|uhtml|bestof|<h2><strong>Game 2</strong> of <a href=\"/game-bestof3-gen9championsvgc2026regmbbo3-2674137737\">a best-of-3</a></h2>\n|t:|1788304925\n|gametype|doubles\n|player|p1|kememe|cheren-gen5bw2|1132\n|player|p2|bartcr0987|2|1243\n|gen|9\n|tier|[Gen 9 Champions] VGC 2026 Reg M-B (Bo3)\n|rated|\n|rule|Species Clause: Limit one of each Pokémon\n|rule|Item Clause: Limit 1 of each item\n|clearpoke\n|poke|p1|Basculegion, L50, M|\n|poke|p1|Maushold, L50|\n|poke|p1|Sneasler, L50, F|\n|poke|p1|Delphox, L50, M|\n|poke|p1|Floette-Eternal, L50, F|\n|poke|p1|Farigiraf, L50, M|\n|poke|p2|Charizard, L50, M, shiny|\n|poke|p2|Sneasler, L50, M, shiny|\n|poke|p2|Floette-Eternal, L50, F|\n|poke|p2|Kingambit, L50, F, shiny|\n|poke|p2|Farigiraf, L50, F|\n|poke|p2|Gliscor, L50, M|\n|teampreview|4\n|showteam|p1|Basculegion||ChoiceScarf|Adaptability|AquaJet,FlipTurn,WaveCrash,LastRespects|Adamant||M|||50|]Maushold||FocusSash|FriendGuard|RainDance,FollowMe,Protect,SuperFang|Timid|||||50|]Sneasler||WhiteHerb|Unburden|CloseCombat,FakeOut,Protect,DireClaw|Adamant||F|||50|]Delphox||Delphoxite|Blaze|CalmMind,Protect,HeatWave,Psychic|Modest||M|||50|]Floette-Eternal||Floettite|FlowerVeil|DazzlingGleam,Protect,Moonblast,CalmMind|Modest||F|||50|]Farigiraf||Leftovers|ArmorTail|Psychic,GrassKnot,Protect,TrickRoom|Modest||M|||50|\n|showteam|p2|Charizard||CharizarditeY|SolarPower|HeatWave,SolarBeam,WeatherBall,Protect|Modest||M|||50|]Sneasler||FocusSash|Unburden|DireClaw,CloseCombat,Protect,RockSlide|Jolly||M|||50|]Floette-Eternal||Floettite|FlowerVeil|Moonblast,DazzlingGleam,LightofRuin,Protect|Modest||F|||50|]Kingambit||ChopleBerry|Defiant|KowtowCleave,SuckerPunch,LowKick,Protect|Brave||F|||50|]Farigiraf||SitrusBerry|ArmorTail|TrickRoom,Protect,Psychic,Thunderbolt|Calm||F|||50|]Gliscor||LifeOrb|HyperCutter|Protect,HighHorsepower,Tailwind,DualWingbeat|Careful||M|||50|\n|\n|t:|1788304945\n|teamsize|p1|4\n|teamsize|p2|4\n|start\n|switch|p1a: Basculegion|Basculegion, L50, M|100/100\n|switch|p1b: Maushold|Maushold, L50|100/100\n|switch|p2a: Charizard|Charizard, L50, M, shiny|100/100\n|switch|p2b: Kingambit|Kingambit, L50, F, shiny|100/100\n|turn|1\n|\n|t:|1788304966\n|move|p2a: Charizard|Protect|p2a: Charizard\n|-singleturn|p2a: Charizard|Protect\n|move|p1b: Maushold|Follow Me|p1b: Maushold\n|-singleturn|p1b: Maushold|move: Follow Me\n|move|p1a: Basculegion|Wave Crash|p2b: Kingambit\n|-damage|p2b: Kingambit|38/100\n|-damage|p1a: Basculegion|78/100|[from] Recoil\n|move|p2b: Kingambit|Low Kick|p1b: Maushold\n|-supereffective|p1b: Maushold|1\n|-damage|p1b: Maushold|82/100\n|\n|upkeep\n|turn|2\n|\n|t:|1788304982\n|switch|p2a: Sneasler|Sneasler, L50, M, shiny|100/100\n|move|p2b: Kingambit|Protect|p2b: Kingambit\n|-singleturn|p2b: Kingambit|Protect\n|move|p1b: Maushold|Follow Me|p1b: Maushold\n|-singleturn|p1b: Maushold|move: Follow Me\n|move|p1a: Basculegion|Wave Crash|p2a: Sneasler\n|-enditem|p2a: Sneasler|Focus Sash\n|-damage|p2a: Sneasler|1/100\n|-damage|p1a: Basculegion|52/100|[from] Recoil\n|\n|upkeep\n|turn|3\n|\n|t:|1788304994\n|switch|p1b: Farigiraf|Farigiraf, L50, M|100/100\n|move|p2a: Sneasler|Close Combat|p1b: Farigiraf\n|-damage|p1b: Farigiraf|30/100\n|-unboost|p2a: Sneasler|def|1\n|-unboost|p2a: Sneasler|spd|1\n|move|p1a: Basculegion|Wave Crash|p2b: Kingambit\n|-damage|p2b: Kingambit|0 fnt\n|faint|p2b: Kingambit\n|-damage|p1a: Basculegion|38/100|[from] Recoil\n|\n|-heal|p1b: Farigiraf|36/100|[from] item: Leftovers\n|upkeep\n|\n|t:|1788305003\n|switch|p2b: Farigiraf|Farigiraf, L50, F|100/100\n|turn|4\n|\n|t:|1788305015\n|move|p2a: Sneasler|Protect|p2a: Sneasler\n|-singleturn|p2a: Sneasler|Protect\n|move|p1a: Basculegion|Wave Crash|p2b: Farigiraf\n|-damage|p2b: Farigiraf|36/100\n|-enditem|p2b: Farigiraf|Sitrus Berry|[eat]\n|-heal|p2b: Farigiraf|61/100|[from] item: Sitrus Berry\n|-damage|p1a: Basculegion|15/100|[from] Recoil\n|move|p1b: Farigiraf|Psychic|p2b: Farigiraf\n|-resisted|p2b: Farigiraf|1\n|-damage|p2b: Farigiraf|41/100\n|-unboost|p2b: Farigiraf|spd|1\n|move|p2b: Farigiraf|Psychic|p1a: Basculegion\n|-damage|p1a: Basculegion|0 fnt\n|faint|p1a: Basculegion\n|\n|-heal|p1b: Farigiraf|42/100|[from] item: Leftovers\n|upkeep\n|\n|t:|1788305031\n|switch|p1a: Delphox|Delphox, L50, M|100/100\n|turn|5\n|\n|t:|1788305074\n|detailschange|p1a: Delphox|Delphox-Mega, L50, M\n|-mega|p1a: Delphox|Delphox|Delphoxite\n|move|p1b: Farigiraf|Protect|p1b: Farigiraf\n|-singleturn|p1b: Farigiraf|Protect\n|move|p2a: Sneasler|Rock Slide|p1a: Delphox|[spread] p1a\n|-activate|p1b: Farigiraf|move: Protect\n|-supereffective|p1a: Delphox|1\n|-damage|p1a: Delphox|42/100\n|move|p1a: Delphox|Heat Wave|p2a: Sneasler|[spread] p2a,p2b\n|-damage|p2a: Sneasler|0 fnt\n|-damage|p2b: Farigiraf|0 fnt\n|faint|p2a: Sneasler\n|faint|p2b: Farigiraf\n|\n|-heal|p1b: Farigiraf|48/100|[from] item: Leftovers\n|upkeep\n|\n|t:|1788305079\n|switch|p2b: Charizard|Charizard, L50, M, shiny|100/100\n|turn|6\n|inactive|Battle timer is ON: inactive players will automatically lose when time's up. (requested by bartcr0987)\n|\n|t:|1788305093\n|detailschange|p2b: Charizard|Charizard-Mega-Y, L50, M, shiny\n|-mega|p2b: Charizard|Charizard|Charizardite Y\n|-weather|SunnyDay|[from] ability: Drought|[of] p2b: Charizard\n|move|p1a: Delphox|Psychic|p2b: Charizard\n|-damage|p2b: Charizard|42/100\n|move|p2b: Charizard|Heat Wave|p1a: Delphox|[spread] p1a,p1b\n|-resisted|p1a: Delphox|1\n|-damage|p1a: Delphox|14/100\n|-damage|p1b: Farigiraf|0 fnt\n|faint|p1b: Farigiraf\n|\n|-weather|SunnyDay|[upkeep]\n|upkeep\n|\n|t:|1788305101\n|switch|p1b: Maushold|Maushold, L50|82/100\n|turn|7\n|\n|t:|1788305114\n|move|p1a: Delphox|Psychic|p2b: Charizard\n|-damage|p2b: Charizard|0 fnt\n|faint|p2b: Charizard\n|\n|win|kememe\n||bartcr0987 is ready for game 3.\n||kememe is ready for game 3.\n|uhtml|next|Next: <a href=\"/battle-gen9championsvgc2026regmbbo3-2674140393\"><strong>Game 3 of 3</strong></a>\n|l|☆kememe\n|player|p1|\n","uploadtime":1788305269,"views":"8","formatid":"gen9championsvgc2026regmbbo3","rating":null,"private":0,"password":null}