{"id":"gen9championsvgc2026regmb-2674727591","format":"[Gen 9 Champions] VGC 2026 Reg M-B","players":["Heyiment","kaze007"],"log":"|j|☆Heyiment\n|j|☆kaze007\n|t:|1788396806\n|gametype|doubles\n|player|p1|Heyiment|ethan|1121\n|player|p2|kaze007|riley|1032\n|gen|9\n|tier|[Gen 9 Champions] VGC 2026 Reg M-B\n|rated|\n|rule|Species Clause: Limit one of each Pokémon\n|rule|Item Clause: Limit 1 of each item\n|clearpoke\n|poke|p1|Dragonite, L50, M, shiny|\n|poke|p1|Kingambit, L50, F, shiny|\n|poke|p1|Torkoal, L50, F, shiny|\n|poke|p1|Whimsicott, L50, F, shiny|\n|poke|p1|Sinistcha, L50|\n|poke|p1|Farigiraf, L50, M|\n|poke|p2|Torkoal, L50, F|\n|poke|p2|Camerupt, L50, M, shiny|\n|poke|p2|Typhlosion, L50, F|\n|poke|p2|Farigiraf, L50, M|\n|poke|p2|Raichu, L50, M|\n|poke|p2|Charizard, L50, M, shiny|\n|teampreview|4\n|inactive|Battle timer is ON: inactive players will automatically lose when time's up. (requested by Heyiment)\n|inactive|Heyiment has 60 seconds left.\nHeyiment has agreed to open team sheets.\n|\n|t:|1788396848\n|teamsize|p1|4\n|teamsize|p2|4\n|start\n|switch|p1a: Scale|Dragonite, L50, M, shiny|100/100\n|switch|p1b: Check|Kingambit, L50, F, shiny|100/100\n|switch|p2a: Farigiraf|Farigiraf, L50, M|100/100\n|switch|p2b: Torkoal|Torkoal, L50, F|100/100\n|-weather|SunnyDay|[from] ability: Drought|[of] p2b: Torkoal\n|turn|1\n|\n|t:|1788396863\n|detailschange|p1a: Scale|Dragonite-Mega, L50, M, shiny\n|-mega|p1a: Scale|Dragonite|Dragoninite\n|move|p2b: Torkoal|Protect|p2b: Torkoal\n|-singleturn|p2b: Torkoal|Protect\n|move|p1a: Scale|Dragon Pulse|p2b: Torkoal\n|-activate|p2b: Torkoal|move: Protect\n|move|p1b: Check|Kowtow Cleave|p2b: Torkoal\n|-activate|p2b: Torkoal|move: Protect\n|move|p2a: Farigiraf|Trick Room|p2a: Farigiraf\n|-fieldstart|move: Trick Room|[of] p2a: Farigiraf\n|\n|-weather|SunnyDay|[upkeep]\n|upkeep\n|turn|2\n|\n|t:|1788396874\n|switch|p1b: Queen|Torkoal, L50, F, shiny|100/100\n|move|p2a: Farigiraf|Helping Hand|p2b: Torkoal\n|-singleturn|p2b: Torkoal|Helping Hand|[of] p2a: Farigiraf\n|move|p2b: Torkoal|Eruption|p1b: Queen|[spread] p1a,p1b\n|-resisted|p1a: Scale|1\n|-resisted|p1b: Queen|1\n|-damage|p1a: Scale|72/100\n|-damage|p1b: Queen|18/100\n|-damage|p2b: Torkoal|90/100|[from] item: Life Orb\n|move|p1a: Scale|Heat Wave|p2a: Farigiraf|[spread] p2a,p2b\n|-resisted|p2b: Torkoal|1\n|-damage|p2a: Farigiraf|54/100\n|-damage|p2b: Torkoal|62/100\n|\n|-weather|SunnyDay|[upkeep]\n|-heal|p1b: Queen|24/100|[from] item: Leftovers\n|upkeep\n|turn|3\n|\n|t:|1788396896\n|move|p2a: Farigiraf|Helping Hand|p2b: Torkoal\n|-singleturn|p2b: Torkoal|Helping Hand|[of] p2a: Farigiraf\n|move|p1b: Queen|Protect|p1b: Queen\n|-singleturn|p1b: Queen|Protect\n|move|p1a: Scale|Protect|p1a: Scale\n|-singleturn|p1a: Scale|Protect\n|move|p2b: Torkoal|Eruption|p1a: Scale|[spread] \n|-activate|p1a: Scale|move: Protect\n|-activate|p1b: Queen|move: Protect\n|\n|-weather|SunnyDay|[upkeep]\n|-heal|p1b: Queen|30/100|[from] item: Leftovers\n|upkeep\n|turn|4\n|\n|t:|1788396910\n|switch|p1b: Knight|Farigiraf, L50, M|100/100\n|move|p2a: Farigiraf|Helping Hand|p2b: Torkoal\n|-singleturn|p2b: Torkoal|Helping Hand|[of] p2a: Farigiraf\n|move|p2b: Torkoal|Eruption|p1a: Scale|[spread] p1a,p1b\n|-resisted|p1a: Scale|1\n|-damage|p1a: Scale|37/100\n|-damage|p1b: Knight|24/100\n|-damage|p2b: Torkoal|53/100|[from] item: Life Orb\n|move|p1a: Scale|Roost|p1a: Scale\n|-heal|p1a: Scale|87/100\n|-singleturn|p1a: Scale|move: Roost\n|\n|-weather|SunnyDay|[upkeep]\n|upkeep\n|turn|5\n|-message|kaze007 forfeited.\n|\n|win|Heyiment\n|raw|Heyiment's rating: 1121 &rarr; <strong>1140</strong><br />(+19 for winning)\n|raw|kaze007's rating: 1032 &rarr; <strong>1021</strong><br />(-11 for losing)\n|l|☆kaze007\n|player|p2|\n","uploadtime":1788396933,"views":"2","formatid":"gen9championsvgc2026regmb","rating":1021,"private":0,"password":null}