{"id":"gen9championsvgc2026regmbbo3-2674029137","format":"[Gen 9 Champions] VGC 2026 Reg M-B (Bo3)","players":["JakAttack626","hawaiianshaymin"],"log":"|j|☆JakAttack626\n|j|☆hawaiianshaymin\n|html|<table width=\"100%\"><tr><td align=\"left\">JakAttack626</td><td align=\"right\">hawaiianshaymin</tr><tr><td align=\"left\"><i class=\"fa fa-circle-o\"></i> <i class=\"fa fa-circle-o\"></i> </td><td align=\"right\"><i class=\"fa fa-circle-o\"></i> <i class=\"fa fa-circle-o\"></i> </tr></table>\n|uhtml|bestof|<h2><strong>Game 1</strong> of <a href=\"/game-bestof3-gen9championsvgc2026regmbbo3-2674029136\">a best-of-3</a></h2>\n|t:|1788290102\n|gametype|doubles\n|player|p1|JakAttack626|pryce|1125\n|player|p2|hawaiianshaymin|102|1096\n|gen|9\n|tier|[Gen 9 Champions] VGC 2026 Reg M-B (Bo3)\n|rated|\n|rule|Species Clause: Limit one of each Pokémon\n|rule|Item Clause: Limit 1 of each item\n|clearpoke\n|poke|p1|Scovillain, L50, M, shiny|\n|poke|p1|Basculegion, L50, M|\n|poke|p1|Kingambit, L50, F|\n|poke|p1|Sneasler, L50, F|\n|poke|p1|Lycanroc-Dusk, L50, F|\n|poke|p1|Froslass, L50, F|\n|poke|p2|Lycanroc, L50, F, shiny|\n|poke|p2|Tyranitar, L50, M, shiny|\n|poke|p2|Staraptor, L50, F, shiny|\n|poke|p2|Whimsicott, L50, F, shiny|\n|poke|p2|Gholdengo, L50|\n|poke|p2|Farigiraf, L50, M, shiny|\n|teampreview|4\n|showteam|p1|Scovillain||Scovillainite|Moody|GigaDrain,Overheat,RagePowder,Protect|Bold||M|||50|]Basculegion||LifeOrb|Adaptability|WaveCrash,AquaJet,LastRespects,Protect|Adamant||M|||50|]Kingambit||BlackGlasses|Defiant|KowtowCleave,SuckerPunch,SwordsDance,Protect|Adamant||F|||50|]Sneasler||WhiteHerb|Unburden|DireClaw,CloseCombat,FakeOut,Protect|Adamant||F|||50|]Lycanroc-Dusk||FocusSash|ToughClaws|RockSlide,CloseCombat,Accelerock,Protect|Adamant||F|||50|]Froslass||Froslassite|CursedBody|Blizzard,ShadowBall,AuroraVeil,Protect|Timid||F|||50|\n|showteam|p2|Lycanroc||FocusSash|SandRush|RockSlide,CloseCombat,Endeavor,Protect|Adamant||F|||50|]Tyranitar||Tyranitarite|SandStream|KnockOff,RockSlide,LowKick,Protect|Adamant||M|||50|]Staraptor||Staraptite|Intimidate|BraveBird,CloseCombat,Roost,Protect|Jolly||F|||50|]Whimsicott||FairyFeather|Prankster|Moonblast,Tailwind,Encore,Tickle|Timid||F|||50|]Gholdengo||LifeOrb|GoodasGold|MakeItRain,ShadowBall,NastyPlot,Protect|Modest|||||50|]Farigiraf||SitrusBerry|ArmorTail|PsychicNoise,Thunderbolt,HelpingHand,TrickRoom|Serious||M|||50|\n|inactive|Battle timer is ON: inactive players will automatically lose when time's up. (requested by JakAttack626)\n|inactive|hawaiianshaymin has 60 seconds left.\n|\n|t:|1788290161\n|teamsize|p1|4\n|teamsize|p2|4\n|start\n|switch|p1a: Dirt road|Lycanroc-Dusk, L50, F|100/100\n|switch|p1b: Hot One|Scovillain, L50, M, shiny|100/100\n|switch|p2a: Whimsicott|Whimsicott, L50, F, shiny|100/100\n|switch|p2b: Staraptor|Staraptor, L50, F, shiny|100/100\n|-ability|p2b: Staraptor|Intimidate|boost\n|-unboost|p1a: Dirt road|atk|1\n|-unboost|p1b: Hot One|atk|1\n|turn|1\n|\n|t:|1788290180\n|detailschange|p2b: Staraptor|Staraptor-Mega, L50, F, shiny\n|-mega|p2b: Staraptor|Staraptor|Staraptite\n|detailschange|p1b: Hot One|Scovillain-Mega, L50, M, shiny\n|-mega|p1b: Hot One|Scovillain|Scovillainite\n|move|p1b: Hot One|Rage Powder|p1b: Hot One\n|-singleturn|p1b: Hot One|move: Rage Powder\n|move|p2a: Whimsicott|Tailwind|p2a: Whimsicott\n|-sidestart|p2: hawaiianshaymin|move: Tailwind\n|move|p2b: Staraptor|Close Combat|p1b: Hot One\n|-damage|p1b: Hot One|33/100\n|-boost|p2b: Staraptor|def|1\n|-boost|p2b: Staraptor|spd|1\n|-status|p2b: Staraptor|brn|[from] ability: Spicy Spray|[of] p1b: Hot One\n|move|p1a: Dirt road|Rock Slide|p2a: Whimsicott|[spread] p2a\n|-miss|p1a: Dirt road|p2b: Staraptor\n|-damage|p2a: Whimsicott|77/100\n|\n|-damage|p2b: Staraptor|93/100 brn|[from] brn\n|upkeep\n|turn|2\n|\n|t:|1788290197\n|move|p2a: Whimsicott|Tickle|p2b: Staraptor\n|-boost|p2b: Staraptor|atk|1\n|-boost|p2b: Staraptor|def|1\n|move|p2b: Staraptor|Close Combat|p1a: Dirt road\n|-supereffective|p1a: Dirt road|1\n|-enditem|p1a: Dirt road|Focus Sash\n|-damage|p1a: Dirt road|1/100\n|-boost|p2b: Staraptor|def|1\n|-boost|p2b: Staraptor|spd|1\n|move|p1a: Dirt road|Rock Slide|p2b: Staraptor|[spread] p2a,p2b\n|-crit|p2a: Whimsicott\n|-damage|p2a: Whimsicott|23/100\n|-damage|p2b: Staraptor|84/100 brn\n|move|p1b: Hot One|Overheat|p2a: Whimsicott\n|-supereffective|p2a: Whimsicott|1\n|-damage|p2a: Whimsicott|0 fnt\n|-unboost|p1b: Hot One|spa|2\n|faint|p2a: Whimsicott\n|\n|-damage|p2b: Staraptor|78/100 brn|[from] brn\n|upkeep\n|\n|t:|1788290212\n|switch|p2a: Gholdengo|Gholdengo, L50|100/100\n|turn|3\n|\n|t:|1788290226\n|move|p1a: Dirt road|Protect|p1a: Dirt road\n|-singleturn|p1a: Dirt road|Protect\n|move|p2b: Staraptor|Close Combat|p1b: Hot One\n|-damage|p1b: Hot One|0 fnt\n|-boost|p2b: Staraptor|def|1\n|-boost|p2b: Staraptor|spd|1\n|faint|p1b: Hot One\n|move|p2a: Gholdengo|Nasty Plot|p2a: Gholdengo\n|-boost|p2a: Gholdengo|spa|2\n|\n|-damage|p2b: Staraptor|72/100 brn|[from] brn\n|upkeep\n|\n|t:|1788290235\n|switch|p1b: Beetle|Kingambit, L50, F|100/100\n|turn|4\n|inactive|hawaiianshaymin has 30 seconds left.\n|\n|t:|1788290263\n|move|p1a: Dirt road|Protect||[still]\n|-fail|p1a: Dirt road\n|move|p1b: Beetle|Sucker Punch|p2a: Gholdengo\n|-supereffective|p2a: Gholdengo|1\n|-damage|p2a: Gholdengo|0 fnt\n|faint|p2a: Gholdengo\n|move|p2b: Staraptor|Close Combat|p1b: Beetle\n|-supereffective|p1b: Beetle|2\n|-damage|p1b: Beetle|0 fnt\n|-boost|p2b: Staraptor|def|1\n|-boost|p2b: Staraptor|spd|1\n|faint|p1b: Beetle\n|\n|-damage|p2b: Staraptor|66/100 brn|[from] brn\n|-sideend|p2: hawaiianshaymin|move: Tailwind\n|upkeep\n|\n|t:|1788290272\n|switch|p2a: Farigiraf|Farigiraf, L50, M, shiny|100/100\n|switch|p1b: SeaWater|Basculegion, L50, M|100/100\n|turn|5\n|\n|t:|1788290286\n|move|p1a: Dirt road|Protect|p1a: Dirt road\n|-singleturn|p1a: Dirt road|Protect\n|move|p2b: Staraptor|Brave Bird|p1b: SeaWater\n|-damage|p1b: SeaWater|44/100\n|-damage|p2b: Staraptor|43/100 brn|[from] Recoil\n|move|p1b: SeaWater|Wave Crash|p2b: Staraptor\n|-damage|p2b: Staraptor|8/100 brn\n|-damage|p1b: SeaWater|35/100|[from] Recoil\n|-damage|p1b: SeaWater|25/100|[from] item: Life Orb\n|move|p2a: Farigiraf|Thunderbolt|p1b: SeaWater\n|-supereffective|p1b: SeaWater|1\n|-damage|p1b: SeaWater|0 fnt\n|faint|p1b: SeaWater\n|\n|-damage|p2b: Staraptor|2/100 brn|[from] brn\n|upkeep\n|turn|6\n|\n|t:|1788290300\n|move|p1a: Dirt road|Protect||[still]\n|-fail|p1a: Dirt road\n|move|p2b: Staraptor|Close Combat|p1a: Dirt road\n|-supereffective|p1a: Dirt road|1\n|-damage|p1a: Dirt road|0 fnt\n|-boost|p2b: Staraptor|def|1\n|-boost|p2b: Staraptor|spd|1\n|faint|p1a: Dirt road\n|\n|win|hawaiianshaymin\n||hawaiianshaymin is ready for game 2.\n","uploadtime":1788290300,"views":"0","formatid":"gen9championsvgc2026regmbbo3","rating":null,"private":0,"password":null}