{"id":"gen9championsvgc2026regmb-2674682196","format":"[Gen 9 Champions] VGC 2026 Reg M-B","players":["Captain Clean 13","Zard6453"],"log":"|j|☆Captain Clean 13\n|j|☆Zard6453\n|t:|1788389801\n|gametype|doubles\n|player|p1|Captain Clean 13|steven|1494\n|player|p2|Zard6453|102|1398\n|gen|9\n|tier|[Gen 9 Champions] VGC 2026 Reg M-B\n|rated|\n|rule|Species Clause: Limit one of each Pokémon\n|rule|Item Clause: Limit 1 of each item\n|clearpoke\n|poke|p1|Incineroar, L50, M|\n|poke|p1|Mawile, L50, F|\n|poke|p1|Farigiraf, L50, F|\n|poke|p1|Gallade, L50, M, shiny|\n|poke|p1|Maushold-Four, L50|\n|poke|p1|Kingambit, L50, F, shiny|\n|poke|p2|Metagross, L50|\n|poke|p2|Swampert, L50, F|\n|poke|p2|Sableye, L50, M|\n|poke|p2|Sneasler, L50, F|\n|poke|p2|Hydreigon, L50, M|\n|poke|p2|Basculegion, L50, M|\n|teampreview|4\n|inactive|Battle timer is ON: inactive players will automatically lose when time's up. (requested by Captain Clean 13)\n|c|☆Captain Clean 13|glhf!\n|inactive|Captain Clean 13 has 60 seconds left.\n|inactive|Zard6453 has 60 seconds left.\n|inactive|Captain Clean 13 has 30 seconds left.\n|\n|t:|1788389862\n|teamsize|p1|4\n|teamsize|p2|4\n|start\n|switch|p1a: Maushold|Maushold-Four, L50|100/100\n|switch|p1b: Rameses II|Incineroar, L50, M|100/100\n|switch|p2a: Sableye|Sableye, L50, M|100/100\n|switch|p2b: Metagross|Metagross, L50|100/100\n|-ability|p1b: Rameses II|Intimidate|boost\n|-unboost|p2a: Sableye|atk|1\n|-fail|p2b: Metagross|unboost|[from] ability: Clear Body|[of] p2b: Metagross\n|turn|1\n|\n|t:|1788389883\n|switch|p1b: Pure Vessel|Gallade, L50, M, shiny|100/100\n|detailschange|p2b: Metagross|Metagross-Mega, L50\n|-mega|p2b: Metagross|Metagross|Metagrossite\n|move|p2a: Sableye|Fake Out|p1b: Pure Vessel\n|-damage|p1b: Pure Vessel|95/100\n|move|p1a: Maushold|Beat Up|p1b: Pure Vessel\n|-damage|p1b: Pure Vessel|93/100\n|-ability|p1b: Pure Vessel|Justified|boost\n|-boost|p1b: Pure Vessel|atk|1\n|-damage|p1b: Pure Vessel|89/100\n|-ability|p1b: Pure Vessel|Justified|boost\n|-boost|p1b: Pure Vessel|atk|1\n|-damage|p1b: Pure Vessel|86/100\n|-ability|p1b: Pure Vessel|Justified|boost\n|-boost|p1b: Pure Vessel|atk|1\n|-damage|p1b: Pure Vessel|82/100\n|-ability|p1b: Pure Vessel|Justified|boost\n|-boost|p1b: Pure Vessel|atk|1\n|-hitcount|p1b: Pure Vessel|4\n|move|p2b: Metagross|Hammer Arm|p1a: Maushold\n|-supereffective|p1a: Maushold|1\n|-enditem|p1a: Maushold|Focus Sash\n|-damage|p1a: Maushold|1/100\n|-unboost|p2b: Metagross|spe|1\n|\n|upkeep\n|turn|2\n|\n|t:|1788389902\n|switch|p2b: Basculegion|Basculegion, L50, M|100/100\n|detailschange|p1b: Pure Vessel|Gallade-Mega, L50, M, shiny\n|-mega|p1b: Pure Vessel|Gallade|Galladite\n|move|p1a: Maushold|Follow Me|p1a: Maushold\n|-singleturn|p1a: Maushold|move: Follow Me\n|move|p1b: Pure Vessel|Throat Chop|p2a: Sableye\n|-damage|p2a: Sableye|0 fnt\n|faint|p2a: Sableye\n|\n|upkeep\n|\n|t:|1788389912\n|switch|p2a: Sneasler|Sneasler, L50, F|100/100\n|turn|3\n|\n|t:|1788389935\n|move|p1b: Pure Vessel|Protect|p1b: Pure Vessel\n|-singleturn|p1b: Pure Vessel|Protect\n|move|p1a: Maushold|Follow Me|p1a: Maushold\n|-singleturn|p1a: Maushold|move: Follow Me\n|move|p2a: Sneasler|Close Combat|p1a: Maushold\n|-supereffective|p1a: Maushold|1\n|-damage|p1a: Maushold|0 fnt\n|-unboost|p2a: Sneasler|def|1\n|-unboost|p2a: Sneasler|spd|1\n|faint|p1a: Maushold\n|move|p2b: Basculegion|Last Respects|p1b: Pure Vessel\n|-activate|p1b: Pure Vessel|move: Protect\n|\n|upkeep\n|\n|t:|1788389946\n|switch|p1a: Rameses II|Incineroar, L50, M|100/100\n|-ability|p1a: Rameses II|Intimidate|boost\n|-unboost|p2a: Sneasler|atk|1\n|-unboost|p2b: Basculegion|atk|1\n|turn|4\n|inactive|Captain Clean 13 has 30 seconds left.\n|inactive|Zard6453 has 30 seconds left.\n|\n|t:|1788389975\n|move|p1a: Rameses II|Fake Out|p2a: Sneasler\n|-damage|p2a: Sneasler|64/100\n|cant|p2a: Sneasler|flinch\n|move|p1b: Pure Vessel|Throat Chop|p2b: Basculegion\n|-supereffective|p2b: Basculegion|1\n|-damage|p2b: Basculegion|0 fnt\n|faint|p2b: Basculegion\n|\n|upkeep\n|\n|t:|1788389978\n|switch|p2b: Metagross|Metagross-Mega, L50|100/100\n|turn|5\n|\n|t:|1788389992\n|move|p2a: Sneasler|Close Combat|p1a: Rameses II\n|-supereffective|p1a: Rameses II|1\n|-damage|p1a: Rameses II|24/100\n|-unboost|p2a: Sneasler|def|1\n|-unboost|p2a: Sneasler|spd|1\n|move|p1b: Pure Vessel|Psycho Cut|p2a: Sneasler\n|-supereffective|p2a: Sneasler|2\n|-damage|p2a: Sneasler|0 fnt\n|faint|p2a: Sneasler\n|move|p2b: Metagross|Agility|p2b: Metagross\n|-boost|p2b: Metagross|spe|2\n|move|p1a: Rameses II|Darkest Lariat|p2b: Metagross\n|-supereffective|p2b: Metagross|1\n|-damage|p2b: Metagross|34/100\n|\n|upkeep\n|turn|6\n|l|☆Zard6453\n|inactive|Zard6453 disconnected and has a minute to reconnect!\n|player|p2|\n|inactive|Zard6453 has 30 seconds left.\n|inactive|Zard6453 has 20 seconds left.\n|inactive|Zard6453 has 15 seconds left.\n|inactive|Zard6453 has 10 seconds left.\n|inactive|Zard6453 has 5 seconds left.\n|-message|Zard6453 lost due to inactivity.\n|\n|win|Captain Clean 13\n|raw|Captain Clean 13's rating: 1494 &rarr; <strong>1509</strong><br />(+15 for winning)\n|raw|Zard6453's rating: 1398 &rarr; <strong>1383</strong><br />(-15 for losing)\n|c|☆Captain Clean 13|the very honorable ragequit strat\n|c|☆Captain Clean 13|classic\n|c|☆Captain Clean 13|you know, I would've been in a bit more trouble if that had been Scarf Basculegion\n|c|☆Captain Clean 13|or Sash\n","uploadtime":1788390081,"views":"11","formatid":"gen9championsvgc2026regmb","rating":1383,"private":0,"password":null}