{"id":"gen9championsvgc2026regmbbo3-2674880201","format":"[Gen 9 Champions] VGC 2026 Reg M-B (Bo3)","players":["looger02","snowyyyy123123"],"log":"|j|☆looger02\n|j|☆snowyyyy123123\n|html|<table width=\"100%\"><tr><td align=\"left\">looger02</td><td align=\"right\">snowyyyy123123</tr><tr><td align=\"left\"><i class=\"fa fa-circle\"></i> <i class=\"fa fa-circle-o\"></i> </td><td align=\"right\"><i class=\"fa fa-circle-o\"></i> <i class=\"fa fa-circle\"></i> </tr></table>\n|uhtml|bestof|<h2><strong>Game 3</strong> of <a href=\"/game-bestof3-gen9championsvgc2026regmbbo3-2674877827\">a best-of-3</a></h2>\n|t:|1788427891\n|gametype|doubles\n|player|p1|looger02|gardenia|1074\n|player|p2|snowyyyy123123|102|1076\n|gen|9\n|tier|[Gen 9 Champions] VGC 2026 Reg M-B (Bo3)\n|rated|\n|rule|Species Clause: Limit one of each Pokémon\n|rule|Item Clause: Limit 1 of each item\n|clearpoke\n|poke|p1|Gyarados, L50, F, shiny|\n|poke|p1|Sinistcha, L50|\n|poke|p1|Weavile, L50, M|\n|poke|p1|Toxapex, L50, M, shiny|\n|poke|p1|Metagross, L50, shiny|\n|poke|p1|Kommo-o, L50, F, shiny|\n|poke|p2|Azumarill, L50, F|\n|poke|p2|Maushold, L50|\n|poke|p2|Sableye, L50, M|\n|poke|p2|Ariados, L50, F|\n|poke|p2|Qwilfish, L50, M|\n|poke|p2|Pelipper, L50, F|\n|teampreview|4\n|showteam|p1|Gyarados||Gyaradosite|Intimidate|Waterfall,LashOut,DragonDance,Protect|Adamant||F|||50|]Sinistcha||SitrusBerry|Hospitality|MatchaGotcha,RagePowder,StrengthSap,Protect|Calm|||||50|]Weavile||FocusSash|Pickpocket|FakeOut,KnockOff,TripleAxel,Protect|Jolly||M|||50|]Toxapex||Leftovers|Regenerator|Infestation,Toxic,BanefulBunker,WideGuard|Bold||M|||50|]Metagross||Metagrossite|ClearBody|PsychicFangs,BodyPress,BulletPunch,Protect|Jolly|||||50|]Kommo-o||HabanBerry|Bulletproof|AuraSphere,ClangingScales,VacuumWave,Protect|Modest||F|||50|\n|showteam|p2|Azumarill||SitrusBerry|HugePower|AquaJet,PlayRough,BellyDrum,Protect|Adamant||F|||50|]Maushold||ChopleBerry|FriendGuard|FollowMe,SuperFang,Feint,Protect|Impish|||||50|]Sableye||RoseliBerry|Prankster|FakeOut,Quash,FoulPlay,WillOWisp|Careful||M|||50|]Ariados||OccaBerry|Insomnia|FirstImpression,RagePowder,ShadowSneak,PoisonJab|Adamant||F|||50|]Qwilfish||LifeOrb|SwiftSwim|PoisonJab,Liquidation,SelfDestruct,Protect|Adamant||M|||50|]Pelipper||FocusSash|Drizzle|Hurricane,WeatherBall,Tailwind,WideGuard|Modest||F|||50|\n|inactive|Battle timer is ON: inactive players will automatically lose when time's up. (requested by looger02)\n|inactive|looger02 has 60 seconds left.\n|\n|t:|1788427926\n|teamsize|p1|4\n|teamsize|p2|4\n|start\n|switch|p1a: Metagross|Metagross, L50, shiny|100/100\n|switch|p1b: Weavile|Weavile, L50, M|100/100\n|switch|p2a: Sableye|Sableye, L50, M|100/100\n|switch|p2b: Azumarill|Azumarill, L50, F|100/100\n|turn|1\n|inactive|looger02 has 30 seconds left.\n|inactive|looger02 has 20 seconds left.\n|inactive|looger02 has 15 seconds left.\n|\n|t:|1788427969\n|detailschange|p1a: Metagross|Metagross-Mega, L50, shiny\n|-mega|p1a: Metagross|Metagross|Metagrossite\n|move|p2b: Azumarill|Protect|p2b: Azumarill\n|-singleturn|p2b: Azumarill|Protect\n|move|p1b: Weavile|Fake Out|p2a: Sableye\n|-immune|p2a: Sableye\n|move|p1a: Metagross|Bullet Punch|p2b: Azumarill\n|-activate|p2b: Azumarill|move: Protect\n|move|p2a: Sableye|Will-O-Wisp|p1a: Metagross\n|-status|p1a: Metagross|brn\n|\n|-damage|p1a: Metagross|94/100 brn|[from] brn\n|upkeep\n|turn|2\n|\n|t:|1788427989\n|switch|p2b: Pelipper|Pelipper, L50, F|100/100\n|-weather|RainDance|[from] ability: Drizzle|[of] p2b: Pelipper\n|move|p1a: Metagross|Bullet Punch|p2b: Pelipper\n|-resisted|p2b: Pelipper|1\n|-damage|p2b: Pelipper|92/100\n|move|p2a: Sableye|Will-O-Wisp|p1b: Weavile\n|-hint|Since gen 7, Dark is immune to Prankster moves.\n|-immune|p1b: Weavile\n|move|p1b: Weavile|Knock Off|p2b: Pelipper\n|-damage|p2b: Pelipper|34/100\n|-enditem|p2b: Pelipper|Focus Sash|[from] move: Knock Off|[of] p1b: Weavile\n|\n|-weather|RainDance|[upkeep]\n|-damage|p1a: Metagross|88/100 brn|[from] brn\n|upkeep\n|turn|3\n|inactive|looger02 has 30 seconds left.\n|inactive|snowyyyy123123 has 30 seconds left.\n|inactive|looger02 has 20 seconds left.\n|\n|t:|1788428026\n|switch|p1a: Toxapex|Toxapex, L50, M, shiny|100/100\n|move|p1b: Weavile|Triple Axel|p2a: Sableye\n|-damage|p2a: Sableye|81/100\n|-crit|p2a: Sableye\n|-damage|p2a: Sableye|24/100\n|-damage|p2a: Sableye|0 fnt\n|faint|p2a: Sableye\n|-hitcount|p2: Sableye|3\n|move|p2b: Pelipper|Hurricane|p1b: Weavile\n|-damage|p1b: Weavile|30/100\n|\n|-weather|RainDance|[upkeep]\n|upkeep\n|\n|t:|1788428040\n|switch|p2a: Qwilfish|Qwilfish, L50, M|100/100\n|turn|4\n|\n|t:|1788428061\n|switch|p1b: Metagross|Metagross-Mega, L50, shiny|88/100 brn\n|move|p2a: Qwilfish|Liquidation|p1b: Metagross\n|-damage|p1b: Metagross|25/100 brn\n|-damage|p2a: Qwilfish|90/100|[from] item: Life Orb\n|move|p2b: Pelipper|Hurricane|p1a: Toxapex\n|-damage|p1a: Toxapex|59/100\n|move|p1a: Toxapex|Infestation|p2a: Qwilfish\n|-resisted|p2a: Qwilfish|1\n|-damage|p2a: Qwilfish|87/100\n|-activate|p2a: Qwilfish|move: Infestation|[of] p1a: Toxapex\n|\n|-weather|RainDance|[upkeep]\n|-heal|p1a: Toxapex|65/100|[from] item: Leftovers\n|-damage|p1b: Metagross|19/100 brn|[from] brn\n|-damage|p2a: Qwilfish|75/100|[from] move: Infestation|[partiallytrapped]\n|upkeep\n|turn|5\n|\n|t:|1788428083\n|move|p2a: Qwilfish|Protect|p2a: Qwilfish\n|-singleturn|p2a: Qwilfish|Protect\n|move|p1b: Metagross|Protect|p1b: Metagross\n|-singleturn|p1b: Metagross|Protect\n|move|p1a: Toxapex|Baneful Bunker|p1a: Toxapex\n|-singleturn|p1a: Toxapex|move: Protect\n|move|p2b: Pelipper|Weather Ball|p1b: Metagross\n|-activate|p1b: Metagross|move: Protect\n|\n|-weather|RainDance|[upkeep]\n|-heal|p1a: Toxapex|71/100|[from] item: Leftovers\n|-damage|p1b: Metagross|14/100 brn|[from] brn\n|-damage|p2a: Qwilfish|62/100|[from] move: Infestation|[partiallytrapped]\n|upkeep\n|turn|6\n|inactive|looger02 has 30 seconds left.\n|\n|t:|1788428112\n|move|p1b: Metagross|Bullet Punch|p2b: Pelipper\n|-resisted|p2b: Pelipper|1\n|-damage|p2b: Pelipper|26/100\n|move|p2a: Qwilfish|Liquidation|p1b: Metagross\n|-damage|p1b: Metagross|0 fnt\n|faint|p1b: Metagross\n|-damage|p2a: Qwilfish|52/100|[from] item: Life Orb\n|move|p2b: Pelipper|Hurricane|p1a: Toxapex\n|-damage|p1a: Toxapex|30/100\n|-start|p1a: Toxapex|confusion\n|-activate|p1a: Toxapex|confusion\n|move|p1a: Toxapex|Toxic|p2b: Pelipper\n|-status|p2b: Pelipper|tox\n|\n|-weather|none\n|-heal|p1a: Toxapex|36/100|[from] item: Leftovers\n|-damage|p2b: Pelipper|20/100y tox|[from] psn\n|-damage|p2a: Qwilfish|40/100|[from] move: Infestation|[partiallytrapped]\n|upkeep\n|\n|t:|1788428134\n|switch|p1b: Weavile|Weavile, L50, M|30/100\n|turn|7\n|inactive|looger02 has 30 seconds left.\n|inactive|looger02 has 20 seconds left.\n|inactive|looger02 has 15 seconds left.\n|\n|t:|1788428177\n|-heal|p1a: Toxapex|69/100|[from] ability: Regenerator|[silent]\n|switch|p1a: Kommo-o|Kommo-o, L50, F, shiny|100/100\n|move|p2b: Pelipper|Wide Guard|p2b: Pelipper\n|-singleturn|p2b: Pelipper|Wide Guard\n|move|p1b: Weavile|Triple Axel|p2b: Pelipper\n|-damage|p2b: Pelipper|9/100 tox\n|-hitcount|p2b: Pelipper|1\n|move|p2a: Qwilfish|Self-Destruct|p1a: Kommo-o|[spread] p1a,p1b\n|-activate|p2b: Pelipper|move: Wide Guard\n|-damage|p1a: Kommo-o|54/100\n|-damage|p1b: Weavile|0 fnt\n|faint|p2a: Qwilfish\n|faint|p1b: Weavile\n|\n|-damage|p2b: Pelipper|0 fnt|[from] psn\n|faint|p2b: Pelipper\n|upkeep\n|\n|t:|1788428202\n|switch|p1b: Toxapex|Toxapex, L50, M, shiny|69/100\n|switch|p2b: Azumarill|Azumarill, L50, F|100/100\n|turn|8\n|inactive|looger02 has 30 seconds left.\n|\n|t:|1788428231\n|move|p1a: Kommo-o|Aura Sphere|p2b: Azumarill\n|-resisted|p2b: Azumarill|1\n|-damage|p2b: Azumarill|82/100\n|move|p2b: Azumarill|Play Rough|p1a: Kommo-o\n|-supereffective|p1a: Kommo-o|2\n|-damage|p1a: Kommo-o|0 fnt\n|faint|p1a: Kommo-o\n|move|p1b: Toxapex|Toxic|p2b: Azumarill\n|-status|p2b: Azumarill|tox\n|\n|-heal|p1b: Toxapex|75/100|[from] item: Leftovers\n|-damage|p2b: Azumarill|76/100 tox|[from] psn\n|upkeep\n|turn|9\n|\n|t:|1788428255\n|move|p1b: Toxapex|Baneful Bunker|p1b: Toxapex\n|-singleturn|p1b: Toxapex|move: Protect\n|move|p2b: Azumarill|Belly Drum|p2b: Azumarill\n|-damage|p2b: Azumarill|26/100 tox\n|-setboost|p2b: Azumarill|atk|6|[from] move: Belly Drum\n|-enditem|p2b: Azumarill|Sitrus Berry|[eat]\n|-heal|p2b: Azumarill|51/100 tox|[from] item: Sitrus Berry\n|\n|-heal|p1b: Toxapex|80/100|[from] item: Leftovers\n|-damage|p2b: Azumarill|39/100 tox|[from] psn\n|upkeep\n|turn|10\n|\n|t:|1788428271\n|move|p2b: Azumarill|Play Rough|p1b: Toxapex\n|-resisted|p1b: Toxapex|1\n|-damage|p1b: Toxapex|5/100\n|-unboost|p1b: Toxapex|atk|1\n|move|p1b: Toxapex|Infestation|p2b: Azumarill\n|-resisted|p2b: Azumarill|1\n|-damage|p2b: Azumarill|38/100 tox\n|-activate|p2b: Azumarill|move: Infestation|[of] p1b: Toxapex\n|\n|-heal|p1b: Toxapex|10/100|[from] item: Leftovers\n|-damage|p2b: Azumarill|20/100y tox|[from] psn\n|-damage|p2b: Azumarill|8/100 tox|[from] move: Infestation|[partiallytrapped]\n|upkeep\n|turn|11\n|\n|t:|1788428285\n|move|p1b: Toxapex|Baneful Bunker|p1b: Toxapex\n|-singleturn|p1b: Toxapex|move: Protect\n|move|p2b: Azumarill|Aqua Jet|p1b: Toxapex\n|-activate|p1b: Toxapex|move: Protect\n|\n|-heal|p1b: Toxapex|16/100|[from] item: Leftovers\n|-damage|p2b: Azumarill|0 fnt|[from] psn\n|faint|p2b: Azumarill\n|\n|win|looger02\n|raw|looger02's rating: 1074 &rarr; <strong>1101</strong><br />(+27 for winning)\n|raw|snowyyyy123123's rating: 1055 &rarr; <strong>1038</strong><br />(-17 for losing)\n","uploadtime":1788428287,"views":"1","formatid":"gen9championsvgc2026regmbbo3","rating":1038,"private":0,"password":null}