{"id":"gen9championsvgc2026regmbbo3-2674412160","format":"[Gen 9 Champions] VGC 2026 Reg M-B (Bo3)","players":["TrunksSsj06","erimiyyy"],"log":"|j|☆TrunksSsj06\n|j|☆erimiyyy\n|html|<table width=\"100%\"><tr><td align=\"left\">TrunksSsj06</td><td align=\"right\">erimiyyy</tr><tr><td align=\"left\"><i class=\"fa fa-circle-o\"></i> <i class=\"fa fa-circle-o\"></i> </td><td align=\"right\"><i class=\"fa fa-circle-o\"></i> <i class=\"fa fa-circle-o\"></i> </tr></table>\n|uhtml|bestof|<h2><strong>Game 1</strong> of <a href=\"/game-bestof3-gen9championsvgc2026regmbbo3-2674412156\">a best-of-3</a></h2>\n|t:|1788356607\n|gametype|doubles\n|player|p1|TrunksSsj06|265|1089\n|player|p2|erimiyyy|170|1084\n|gen|9\n|tier|[Gen 9 Champions] VGC 2026 Reg M-B (Bo3)\n|rated|\n|rule|Species Clause: Limit one of each Pokémon\n|rule|Item Clause: Limit 1 of each item\n|clearpoke\n|poke|p1|Farigiraf, L50, F|\n|poke|p1|Tyranitar, L50, F|\n|poke|p1|Sinistcha, L50|\n|poke|p1|Primarina, L50, F|\n|poke|p1|Heracross, L50, M|\n|poke|p1|Corviknight, L50, F|\n|poke|p2|Sneasler, L50, M|\n|poke|p2|Blastoise, L50, M|\n|poke|p2|Kingambit, L50, M|\n|poke|p2|Incineroar, L50, M|\n|poke|p2|Delphox, L50, F|\n|poke|p2|Sinistcha, L50|\n|teampreview|4\n|showteam|p1|Farigiraf||ColburBerry|ArmorTail|TrickRoom,Psychic,Thunderbolt,HelpingHand|Sassy||F|||50|]Tyranitar||Tyranitarite|SandStream|RockSlide,Curse,KnockOff,Protect|Brave||F|||50|]Sinistcha||SitrusBerry|Hospitality|MatchaGotcha,RagePowder,CalmMind,TrickRoom|Quiet|||||50|]Primarina||LifeOrb|LiquidVoice|HyperVoice,Moonblast,Haze,Protect|Quiet||F|||50|]Heracross||Heracronite|Moxie|PinMissile,CloseCombat,Curse,KnockOff|Brave||M|||50|]Corviknight||Leftovers|MirrorArmor|Protect,Roost,IronHead,BraveBird|Relaxed||F|||50|\n|showteam|p2|Sneasler||FocusSash|PoisonTouch|PoisonJab,CloseCombat,FakeOut,QuickGuard|Jolly||M|||50|]Blastoise||Blastoisinite|RainDish|DarkPulse,WaterSpout,ShellSmash,Protect|Modest||M|||50|]Kingambit||LifeOrb|Defiant|KowtowCleave,SuckerPunch,SwordsDance,Protect|Adamant||M|||50|]Incineroar||SitrusBerry|Intimidate|FlareBlitz,HelpingHand,PartingShot,FakeOut|Careful||M|||50|]Delphox||Delphoxite|Blaze|HeatWave,NastyPlot,Protect,Psyshock|Timid||F|||50|]Sinistcha||KasibBerry|Hospitality|MatchaGotcha,RagePowder,TrickRoom,Protect|Bold|||||50|\n|inactive|Battle timer is ON: inactive players will automatically lose when time's up. (requested by TrunksSsj06)\n|inactive|TrunksSsj06 has 60 seconds left.\n|inactive|erimiyyy has 60 seconds left.\n|\n|t:|1788356672\n|teamsize|p1|4\n|teamsize|p2|4\n|start\n|switch|p1a: Farigiraf|Farigiraf, L50, F|100/100\n|switch|p1b: Tyranitar|Tyranitar, L50, F|100/100\n|switch|p2a: Incineroar|Incineroar, L50, M|100/100\n|switch|p2b: Kingambit|Kingambit, L50, M|100/100\n|-ability|p2a: Incineroar|Intimidate|boost\n|-unboost|p1a: Farigiraf|atk|1\n|-unboost|p1b: Tyranitar|atk|1\n|-weather|Sandstorm|[from] ability: Sand Stream|[of] p1b: Tyranitar\n|turn|1\n|inactive|erimiyyy has 30 seconds left.\n|\n|t:|1788356698\n|move|p2a: Incineroar|Parting Shot|p1b: Tyranitar\n|-unboost|p1b: Tyranitar|atk|1\n|-unboost|p1b: Tyranitar|spa|1\n|\n|t:|1788356711\n|switch|p2a: Sneasler|Sneasler, L50, M|100/100|[from] Parting Shot\n|move|p1b: Tyranitar|Curse|p1b: Tyranitar\n|-unboost|p1b: Tyranitar|spe|1\n|-boost|p1b: Tyranitar|atk|1\n|-boost|p1b: Tyranitar|def|1\n|move|p2b: Kingambit|Swords Dance|p2b: Kingambit\n|-boost|p2b: Kingambit|atk|2\n|move|p1a: Farigiraf|Trick Room|p1a: Farigiraf\n|-fieldstart|move: Trick Room|[of] p1a: Farigiraf\n|\n|-weather|Sandstorm|[upkeep]\n|-damage|p1a: Farigiraf|93/100|[from] Sandstorm\n|-damage|p2a: Sneasler|94/100|[from] Sandstorm\n|upkeep\n|turn|2\n|\n|t:|1788356735\n|switch|p2a: Incineroar|Incineroar, L50, M|100/100\n|-ability|p2a: Incineroar|Intimidate|boost\n|-unboost|p1a: Farigiraf|atk|1\n|-unboost|p1b: Tyranitar|atk|1\n|move|p1a: Farigiraf|Helping Hand|p1b: Tyranitar\n|-singleturn|p1b: Tyranitar|Helping Hand|[of] p1a: Farigiraf\n|move|p1b: Tyranitar|Knock Off|p2b: Kingambit\n|-resisted|p2b: Kingambit|1\n|-damage|p2b: Kingambit|82/100\n|-enditem|p2b: Kingambit|Life Orb|[from] move: Knock Off|[of] p1b: Tyranitar\n|move|p2b: Kingambit|Swords Dance|p2b: Kingambit\n|-boost|p2b: Kingambit|atk|2\n|\n|-weather|Sandstorm|[upkeep]\n|-damage|p1a: Farigiraf|87/100|[from] Sandstorm\n|-damage|p2a: Incineroar|94/100|[from] Sandstorm\n|upkeep\n|turn|3\n|\n|t:|1788356756\n|switch|p1a: Primarina|Primarina, L50, F|100/100\n|move|p2a: Incineroar|Helping Hand|p2b: Kingambit\n|-singleturn|p2b: Kingambit|Helping Hand|[of] p2a: Incineroar\n|move|p1b: Tyranitar|Rock Slide|p2b: Kingambit|[spread] p2a,p2b\n|-supereffective|p2a: Incineroar|1\n|-resisted|p2b: Kingambit|1\n|-damage|p2a: Incineroar|60/100\n|-damage|p2b: Kingambit|76/100\n|move|p2b: Kingambit|Kowtow Cleave|p1b: Tyranitar\n|-resisted|p1b: Tyranitar|1\n|-damage|p1b: Tyranitar|46/100\n|\n|-weather|Sandstorm|[upkeep]\n|-damage|p1a: Primarina|94/100|[from] Sandstorm\n|-damage|p2a: Incineroar|54/100|[from] Sandstorm\n|upkeep\n|turn|4\n|inactive|TrunksSsj06 has 30 seconds left.\n|inactive|erimiyyy has 30 seconds left.\n|inactive|TrunksSsj06 has 20 seconds left.\n|\n|t:|1788356791\n|switch|p2a: Blastoise|Blastoise, L50, M|100/100\n|move|p2b: Kingambit|Protect|p2b: Kingambit\n|-singleturn|p2b: Kingambit|Protect\n|move|p1b: Tyranitar|Curse|p1b: Tyranitar\n|-unboost|p1b: Tyranitar|spe|1\n|-boost|p1b: Tyranitar|atk|1\n|-boost|p1b: Tyranitar|def|1\n|move|p1a: Primarina|Hyper Voice|p2b: Kingambit|[spread] p2a\n|-activate|p2b: Kingambit|move: Protect\n|-resisted|p2a: Blastoise|1\n|-damage|p2a: Blastoise|74/100\n|-damage|p1a: Primarina|84/100|[from] item: Life Orb\n|\n|-weather|Sandstorm|[upkeep]\n|-damage|p1a: Primarina|78/100|[from] Sandstorm\n|-damage|p2a: Blastoise|68/100|[from] Sandstorm\n|upkeep\n|turn|5\n|\n|t:|1788356812\n|switch|p1a: Sinistcha|Sinistcha, L50|100/100\n|-heal|p1b: Tyranitar|71/100|[from] ability: Hospitality|[of] p1a: Sinistcha\n|switch|p2a: Incineroar|Incineroar, L50, M|54/100\n|-ability|p2a: Incineroar|Intimidate|boost\n|-unboost|p1a: Sinistcha|atk|1\n|-unboost|p1b: Tyranitar|atk|1\n|move|p1b: Tyranitar|Protect|p1b: Tyranitar\n|-singleturn|p1b: Tyranitar|Protect\n|move|p2b: Kingambit|Kowtow Cleave|p1b: Tyranitar\n|-activate|p1b: Tyranitar|move: Protect\n|\n|-weather|none\n|-fieldend|move: Trick Room\n|upkeep\n|turn|6\n|inactive|erimiyyy has 30 seconds left.\n|\n|t:|1788356839\n|switch|p1a: Farigiraf|Farigiraf, L50, F|87/100\n|move|p2a: Incineroar|Parting Shot|p1b: Tyranitar\n|-unboost|p1b: Tyranitar|atk|1\n|-unboost|p1b: Tyranitar|spa|1\n|\n|t:|1788356845\n|switch|p2a: Blastoise|Blastoise, L50, M|68/100|[from] Parting Shot\n|move|p2b: Kingambit|Kowtow Cleave|p1a: Farigiraf\n|-supereffective|p1a: Farigiraf|1\n|-enditem|p1a: Farigiraf|Colbur Berry|[eat]\n|-enditem|p1a: Farigiraf|Colbur Berry|[weaken]\n|-damage|p1a: Farigiraf|0 fnt\n|faint|p1a: Farigiraf\n|move|p1b: Tyranitar|Rock Slide|p2b: Kingambit|[spread] p2a,p2b\n|-resisted|p2b: Kingambit|1\n|-damage|p2a: Blastoise|54/100\n|-damage|p2b: Kingambit|71/100\n|\n|upkeep\n|\n|t:|1788356852\n|switch|p1a: Primarina|Primarina, L50, F|78/100\n|turn|7\n|\n|t:|1788356867\n|detailschange|p2a: Blastoise|Blastoise-Mega, L50, M\n|-mega|p2a: Blastoise|Blastoise|Blastoisinite\n|detailschange|p1b: Tyranitar|Tyranitar-Mega, L50, F\n|-mega|p1b: Tyranitar|Tyranitar|Tyranitarite\n|-weather|Sandstorm|[from] ability: Sand Stream|[of] p1b: Tyranitar\n|move|p2b: Kingambit|Sucker Punch||[still]\n|-fail|p2b: Kingambit\n|move|p2a: Blastoise|Water Spout|p1a: Primarina|[spread] p1a,p1b\n|-resisted|p1a: Primarina|1\n|-supereffective|p1b: Tyranitar|1\n|-damage|p1a: Primarina|64/100\n|-damage|p1b: Tyranitar|36/100\n|move|p1a: Primarina|Haze|p1a: Primarina\n|-clearallboost\n|move|p1b: Tyranitar|Rock Slide|p2b: Kingambit|[spread] p2a,p2b\n|-resisted|p2b: Kingambit|1\n|-damage|p2a: Blastoise|16/100\n|-damage|p2b: Kingambit|57/100\n|\n|-weather|Sandstorm|[upkeep]\n|-damage|p2a: Blastoise|10/100|[from] Sandstorm\n|-damage|p1a: Primarina|58/100|[from] Sandstorm\n|upkeep\n|turn|8\n|inactive|erimiyyy has 30 seconds left.\n|\n|t:|1788356893\n|switch|p2a: Incineroar|Incineroar, L50, M|54/100\n|-ability|p2a: Incineroar|Intimidate|boost\n|-unboost|p1a: Primarina|atk|1\n|-unboost|p1b: Tyranitar|atk|1\n|switch|p1a: Sinistcha|Sinistcha, L50|100/100\n|-heal|p1b: Tyranitar|60/100|[from] ability: Hospitality|[of] p1a: Sinistcha\n|move|p2b: Kingambit|Sucker Punch|p1b: Tyranitar\n|-resisted|p1b: Tyranitar|1\n|-damage|p1b: Tyranitar|50/100g\n|move|p1b: Tyranitar|Rock Slide|p2b: Kingambit|[spread] p2a,p2b\n|-supereffective|p2a: Incineroar|1\n|-resisted|p2b: Kingambit|1\n|-damage|p2a: Incineroar|1/100\n|-damage|p2b: Kingambit|47/100\n|-enditem|p2a: Incineroar|Sitrus Berry|[eat]\n|-heal|p2a: Incineroar|25/100|[from] item: Sitrus Berry\n|\n|-weather|Sandstorm|[upkeep]\n|-damage|p2a: Incineroar|19/100|[from] Sandstorm\n|-damage|p1a: Sinistcha|93/100|[from] Sandstorm\n|upkeep\n|turn|9\n|inactive|TrunksSsj06 has 30 seconds left.\n|inactive|erimiyyy has 30 seconds left.\n|inactive|TrunksSsj06 has 20 seconds left.\n|inactive|TrunksSsj06 has 15 seconds left.\n|inactive|TrunksSsj06 has 10 seconds left.\n|\n|t:|1788356939\n|move|p2a: Incineroar|Flare Blitz|p1a: Sinistcha\n|-supereffective|p1a: Sinistcha|1\n|-damage|p1a: Sinistcha|25/100\n|-enditem|p1a: Sinistcha|Sitrus Berry|[eat]\n|-heal|p1a: Sinistcha|50/100y|[from] item: Sitrus Berry\n|-damage|p2a: Incineroar|0 fnt|[from] Recoil\n|faint|p2a: Incineroar\n|move|p1a: Sinistcha|Matcha Gotcha|p2b: Kingambit\n|-resisted|p2b: Kingambit|1\n|-damage|p2b: Kingambit|33/100\n|-heal|p1a: Sinistcha|58/100|[from] drain|[of] p2b: Kingambit\n|-status|p2b: Kingambit|brn\n|move|p1b: Tyranitar|Rock Slide|p2b: Kingambit\n|-resisted|p2b: Kingambit|1\n|-damage|p2b: Kingambit|18/100 brn\n|move|p2b: Kingambit|Kowtow Cleave|p1a: Sinistcha\n|-supereffective|p1a: Sinistcha|1\n|-damage|p1a: Sinistcha|23/100\n|\n|-weather|Sandstorm|[upkeep]\n|-damage|p1a: Sinistcha|16/100|[from] Sandstorm\n|-damage|p2b: Kingambit|12/100 brn|[from] brn\n|upkeep\n|-message|erimiyyy forfeited.\n|\n|win|TrunksSsj06\n","uploadtime":1788356961,"views":"0","formatid":"gen9championsvgc2026regmbbo3","rating":null,"private":0,"password":null}