{"id":"gen9championsvgc2026regmb-2674289070","format":"[Gen 9 Champions] VGC 2026 Reg M-B","players":["Xiao Shi","nonight"],"log":"|j|☆Xiao Shi\n|j|☆nonight\n|html|<table width=\"100%\"><tr><td align=\"left\">Xiao Shi</td><td align=\"right\">nonight</tr><tr><td align=\"left\"><i class=\"fa fa-circle-o\"></i> <i class=\"fa fa-circle-o\"></i> </td><td align=\"right\"><i class=\"fa fa-circle-o\"></i> <i class=\"fa fa-circle-o\"></i> </tr></table>\n|uhtml|bestof|<h2><strong>Game 1</strong> of <a href=\"/game-bestof3-gen9championsvgc2026regmb-2674289069\">a best-of-3</a></h2>\n|t:|1788332675\n|gametype|doubles\n|player|p1|Xiao Shi|169|\n|player|p2|nonight|roxie|\n|gen|9\n|tier|[Gen 9 Champions] VGC 2026 Reg M-B\n|rule|Species Clause: Limit one of each Pokémon\n|rule|Item Clause: Limit 1 of each item\n|raw|<div class=\"infobox\"><details class=\"readmore\" open><summary><strong>1 custom rule:</strong></summary> Best of = 3</details></div>\n|clearpoke\n|poke|p1|Froslass, L50, F|\n|poke|p1|Sneasler, L50, M|\n|poke|p1|Lycanroc-Dusk, L50, F|\n|poke|p1|Basculegion, L50, M|\n|poke|p1|Kingambit, L50, M|\n|poke|p1|Scovillain, L50, F|\n|poke|p2|Houndstone, L50, F|\n|poke|p2|Tyranitar, L50, F|\n|poke|p2|Milotic, L50, M|\n|poke|p2|Excadrill, L50, F|\n|poke|p2|Gholdengo, L50|\n|poke|p2|Staraptor, L50, F|\n|teampreview|4\n|inactive|Battle timer is ON: inactive players will automatically lose when time's up. (requested by Xiao Shi)\n|inactive|nonight has 60 seconds left.\n|inactive|Xiao Shi has 60 seconds left.\n|inactive|nonight has 30 seconds left.\n|\n|t:|1788332759\n|teamsize|p1|4\n|teamsize|p2|4\n|start\n|switch|p1a: Scovillain|Scovillain, L50, F|100/100\n|switch|p1b: Lycanroc|Lycanroc-Dusk, L50, F|100/100\n|switch|p2a: Staraptor|Staraptor, L50, F|100/100\n|switch|p2b: Gholdengo|Gholdengo, L50|100/100\n|-ability|p2a: Staraptor|Intimidate|boost\n|-unboost|p1a: Scovillain|atk|1\n|-unboost|p1b: Lycanroc|atk|1\n|turn|1\n|\n|t:|1788332769\n|detailschange|p2a: Staraptor|Staraptor-Mega, L50, F\n|-mega|p2a: Staraptor|Staraptor|Staraptite\n|move|p1a: Scovillain|Protect|p1a: Scovillain\n|-singleturn|p1a: Scovillain|Protect\n|move|p2a: Staraptor|Brave Bird|p1a: Scovillain\n|-activate|p1a: Scovillain|move: Protect\n|move|p1b: Lycanroc|Rock Slide|p2a: Staraptor|[spread] p2a,p2b\n|-resisted|p2b: Gholdengo|1\n|-damage|p2a: Staraptor|84/100\n|-damage|p2b: Gholdengo|91/100\n|move|p2b: Gholdengo|Nasty Plot|p2b: Gholdengo\n|-boost|p2b: Gholdengo|spa|2\n|\n|-ability|p1a: Scovillain|Moody|boost\n|-boost|p1a: Scovillain|atk|2\n|-unboost|p1a: Scovillain|spa|1\n|upkeep\n|turn|2\n|inactive|Xiao Shi has 30 seconds left.\n|inactive|nonight has 30 seconds left.\n|inactive|nonight has 20 seconds left.\n|inactive|nonight has 15 seconds left.\n|inactive|nonight has 10 seconds left.\n|\n|t:|1788332815\n|detailschange|p1a: Scovillain|Scovillain-Mega, L50, F\n|-mega|p1a: Scovillain|Scovillain|Scovillainite\n|move|p1a: Scovillain|Rage Powder|p1a: Scovillain\n|-singleturn|p1a: Scovillain|move: Rage Powder\n|move|p2a: Staraptor|Close Combat|p1a: Scovillain\n|-damage|p1a: Scovillain|50/100g\n|-boost|p2a: Staraptor|def|1\n|-boost|p2a: Staraptor|spd|1\n|-status|p2a: Staraptor|brn|[from] ability: Spicy Spray|[of] p1a: Scovillain\n|move|p1b: Lycanroc|Rock Slide|p2a: Staraptor|[spread] p2a,p2b\n|-resisted|p2b: Gholdengo|1\n|-damage|p2a: Staraptor|72/100 brn\n|-damage|p2b: Gholdengo|82/100\n|move|p2b: Gholdengo|Shadow Ball|p1a: Scovillain\n|-damage|p1a: Scovillain|0 fnt\n|-status|p2b: Gholdengo|brn|[from] ability: Spicy Spray|[of] p1a: Scovillain\n|faint|p1a: Scovillain\n|-damage|p2b: Gholdengo|73/100 brn|[from] item: Life Orb\n|\n|-damage|p2a: Staraptor|66/100 brn|[from] brn\n|-damage|p2b: Gholdengo|67/100 brn|[from] brn\n|upkeep\n|\n|t:|1788332836\n|switch|p1a: Kingambit|Kingambit, L50, M|100/100\n|turn|3\n|inactive|nonight has 30 seconds left.\n|inactive|nonight has 20 seconds left.\n|\n|t:|1788332875\n|switch|p1b: Basculegion|Basculegion, L50, M|100/100\n|switch|p2b: Excadrill|Excadrill, L50, F|100/100\n|move|p1a: Kingambit|Protect|p1a: Kingambit\n|-singleturn|p1a: Kingambit|Protect\n|move|p2a: Staraptor|Close Combat|p1b: Basculegion\n|-immune|p1b: Basculegion\n|\n|-damage|p2a: Staraptor|61/100 brn|[from] brn\n|upkeep\n|turn|4\n|\n|t:|1788332898\n|switch|p1a: Lycanroc|Lycanroc-Dusk, L50, F|100/100\n|move|p2a: Staraptor|Close Combat|p1a: Lycanroc\n|-supereffective|p1a: Lycanroc|1\n|-damage|p1a: Lycanroc|3/100\n|-boost|p2a: Staraptor|def|1\n|-boost|p2a: Staraptor|spd|1\n|move|p2b: Excadrill|High Horsepower|p1a: Lycanroc\n|-supereffective|p1a: Lycanroc|1\n|-damage|p1a: Lycanroc|0 fnt\n|faint|p1a: Lycanroc\n|move|p1b: Basculegion|Last Respects|p2a: Staraptor\n|-damage|p2a: Staraptor|16/100 brn\n|\n|-damage|p2a: Staraptor|11/100 brn|[from] brn\n|upkeep\n|\n|t:|1788332912\n|switch|p1a: Kingambit|Kingambit, L50, M|100/100\n|turn|5\n|inactive|nonight has 30 seconds left.\n|inactive|nonight has 20 seconds left.\n|\n|t:|1788332948\n|move|p1a: Kingambit|Protect|p1a: Kingambit\n|-singleturn|p1a: Kingambit|Protect\n|move|p2a: Staraptor|Tailwind|p2a: Staraptor\n|-sidestart|p2: nonight|move: Tailwind\n|move|p2b: Excadrill|High Horsepower|p1a: Kingambit\n|-activate|p1a: Kingambit|move: Protect\n|move|p1b: Basculegion|Last Respects|p2b: Excadrill\n|-enditem|p2b: Excadrill|Focus Sash\n|-damage|p2b: Excadrill|1/100\n|\n|-damage|p2a: Staraptor|5/100 brn|[from] brn\n|upkeep\n|turn|6\n|\n|t:|1788332969\n|move|p1b: Basculegion|Aqua Jet|p2a: Staraptor\n|-damage|p2a: Staraptor|0 fnt\n|faint|p2a: Staraptor\n|move|p1a: Kingambit|Sucker Punch|p2b: Excadrill\n|-damage|p2b: Excadrill|0 fnt\n|faint|p2b: Excadrill\n|-damage|p1a: Kingambit|90/100|[from] item: Life Orb\n|\n|upkeep\n|\n|t:|1788332972\n|switch|p2a: Tyranitar|Tyranitar, L50, F|100/100\n|switch|p2b: Gholdengo|Gholdengo, L50|67/100 brn\n|-weather|Sandstorm|[from] ability: Sand Stream|[of] p2a: Tyranitar\n|turn|7\n|inactive|nonight has 30 seconds left.\n|inactive|nonight has 20 seconds left.\n|inactive|nonight has 15 seconds left.\n|inactive|nonight has 10 seconds left.\n|\n|t:|1788333022\n|move|p1b: Basculegion|Protect|p1b: Basculegion\n|-singleturn|p1b: Basculegion|Protect\n|move|p2b: Gholdengo|Nasty Plot|p2b: Gholdengo\n|-boost|p2b: Gholdengo|spa|2\n|move|p2a: Tyranitar|Knock Off|p1b: Basculegion\n|-activate|p1b: Basculegion|move: Protect\n|move|p1a: Kingambit|Iron Head|p2a: Tyranitar\n|-supereffective|p2a: Tyranitar|1\n|-damage|p2a: Tyranitar|0 fnt\n|faint|p2a: Tyranitar\n|-damage|p1a: Kingambit|80/100|[from] item: Life Orb\n|\n|-weather|Sandstorm|[upkeep]\n|-damage|p1b: Basculegion|94/100|[from] Sandstorm\n|-damage|p2b: Gholdengo|61/100 brn|[from] brn\n|upkeep\n|turn|8\n|\n|t:|1788333032\n|move|p2b: Gholdengo|Shadow Ball|p1b: Basculegion\n|-supereffective|p1b: Basculegion|1\n|-damage|p1b: Basculegion|0 fnt\n|faint|p1b: Basculegion\n|-damage|p2b: Gholdengo|51/100 brn|[from] item: Life Orb\n|move|p1a: Kingambit|Kowtow Cleave|p2b: Gholdengo\n|-supereffective|p2b: Gholdengo|1\n|-crit|p2b: Gholdengo\n|-damage|p2b: Gholdengo|0 fnt\n|faint|p2b: Gholdengo\n|-damage|p1a: Kingambit|71/100|[from] item: Life Orb\n|\n|win|Xiao Shi\n||nonight is ready for game 2.\n","uploadtime":1788333037,"views":"12","formatid":"gen9championsvgc2026regmb","rating":null,"private":0,"password":null}