{"id":"gen9championsvgc2026regmbbo3-2674090666","format":"[Gen 9 Champions] VGC 2026 Reg M-B (Bo3)","players":["DINOLONK","trevyah"],"log":"|j|☆DINOLONK\n|j|☆trevyah\n|html|<table width=\"100%\"><tr><td align=\"left\">DINOLONK</td><td align=\"right\">trevyah</tr><tr><td align=\"left\"><i class=\"fa fa-circle\"></i> <i class=\"fa fa-circle-o\"></i> </td><td align=\"right\"><i class=\"fa fa-circle-o\"></i> <i class=\"fa fa-circle\"></i> </tr></table>\n|uhtml|bestof|<h2><strong>Game 3</strong> of <a href=\"/game-bestof3-gen9championsvgc2026regmbbo3-2674088919\">a best-of-3</a></h2>\n|t:|1788297839\n|gametype|doubles\n|player|p1|DINOLONK|parasollady-gen4|1387\n|player|p2|trevyah|trevor|1518\n|gen|9\n|tier|[Gen 9 Champions] VGC 2026 Reg M-B (Bo3)\n|rated|\n|rule|Species Clause: Limit one of each Pokémon\n|rule|Item Clause: Limit 1 of each item\n|clearpoke\n|poke|p1|Dragonite, L50, M|\n|poke|p1|Sneasler, L50, M|\n|poke|p1|Kingambit, L50, F|\n|poke|p1|Basculegion, L50, M|\n|poke|p1|Whimsicott, L50, M|\n|poke|p1|Floette-Eternal, L50, F|\n|poke|p2|Blaziken, L50, F|\n|poke|p2|Venusaur, L50, F|\n|poke|p2|Torkoal, L50, M|\n|poke|p2|Kingambit, L50, F|\n|poke|p2|Farigiraf, L50, F|\n|poke|p2|Primarina, L50, F|\n|teampreview|4\n|showteam|p1|Dragonite||Dragoninite|InnerFocus|DragonPulse,HeatWave,Thunderbolt,Protect|Modest||M|||50|]Sneasler||WhiteHerb|Unburden|DireClaw,CloseCombat,RockSlide,FakeOut|Jolly||M|||50|]Kingambit||ChopleBerry|Defiant|KowtowCleave,SuckerPunch,LowKick,IronHead|Adamant||F|||50|]Basculegion||LifeOrb|Adaptability|WaveCrash,LastRespects,AquaJet,Protect|Adamant||M|||50|]Whimsicott||FocusSash|Prankster|Moonblast,Tailwind,Encore,Protect|Timid||M|||50|]Floette-Eternal||Floettite|FlowerVeil|Moonblast,DazzlingGleam,LightofRuin,Protect|Timid||F|||50|\n|showteam|p2|Blaziken||Blazikenite|SpeedBoost|CloseCombat,FlareBlitz,RockSlide,Detect|Adamant||F|||50|]Venusaur||Venusaurite|Chlorophyll|SludgeBomb,EarthPower,GigaDrain,SleepPowder|Modest||F|||50|]Torkoal||Charcoal|Drought|Eruption,HeatWave,HelpingHand,Protect|Quiet||M|||50|]Kingambit||FocusSash|Defiant|KowtowCleave,IronHead,SuckerPunch,Protect|Adamant||F|||50|]Farigiraf||SitrusBerry|ArmorTail|Psychic,Thunderbolt,TrickRoom,Protect|Bold||F|||50|]Primarina||LifeOrb|LiquidVoice|Moonblast,HyperVoice,AquaJet,Protect|Quiet||F|||50|\n|inactive|Battle timer is ON: inactive players will automatically lose when time's up. (requested by DINOLONK)\n|\n|t:|1788297868\n|teamsize|p1|4\n|teamsize|p2|4\n|start\n|switch|p1a: Sneasler|Sneasler, L50, M|100/100\n|switch|p1b: Floette|Floette-Eternal, L50, F|100/100\n|switch|p2a: Venusaur|Venusaur, L50, F|100/100\n|switch|p2b: Torkoal|Torkoal, L50, M|100/100\n|-weather|SunnyDay|[from] ability: Drought|[of] p2b: Torkoal\n|turn|1\n|inactive|DINOLONK has 30 seconds left.\n|inactive|trevyah has 30 seconds left.\n|\n|t:|1788297899\n|detailschange|p1b: Floette|Floette-Mega, L50, F\n|-mega|p1b: Floette|Floette|Floettite\n|-ability|p1b: Floette|Fairy Aura\n|move|p1a: Sneasler|Fake Out|p2a: Venusaur\n|-damage|p2a: Venusaur|83/100\n|cant|p2a: Venusaur|flinch\n|move|p1b: Floette|Light of Ruin|p2b: Torkoal\n|-resisted|p2b: Torkoal|1\n|-damage|p2b: Torkoal|19/100\n|-damage|p1b: Floette|52/100|[from] Recoil\n|move|p2b: Torkoal|Heat Wave|p1a: Sneasler|[spread] p1b\n|-miss|p2b: Torkoal|p1a: Sneasler\n|-damage|p1b: Floette|4/100\n|\n|-weather|SunnyDay|[upkeep]\n|upkeep\n|turn|2\n|\n|t:|1788297918\n|move|p2b: Torkoal|Protect|p2b: Torkoal\n|-singleturn|p2b: Torkoal|Protect\n|move|p2a: Venusaur|Sleep Powder|p1a: Sneasler\n|-status|p1a: Sneasler|slp|[from] move: Sleep Powder\n|cant|p1a: Sneasler|slp\n|move|p1b: Floette|Dazzling Gleam|p2a: Venusaur|[spread] p2a\n|-activate|p2b: Torkoal|move: Protect\n|-resisted|p2a: Venusaur|1\n|-crit|p2a: Venusaur\n|-damage|p2a: Venusaur|50/100g\n|\n|-weather|SunnyDay|[upkeep]\n|upkeep\n|turn|3\n|\n|t:|1788297930\n|move|p1b: Floette|Protect|p1b: Floette\n|-singleturn|p1b: Floette|Protect\n|move|p2a: Venusaur|Sludge Bomb|p1b: Floette\n|-activate|p1b: Floette|move: Protect\n|cant|p1a: Sneasler|slp\n|move|p2b: Torkoal|Heat Wave|p1a: Sneasler|[spread] p1a\n|-activate|p1b: Floette|move: Protect\n|-damage|p1a: Sneasler|29/100 slp\n|\n|-weather|SunnyDay|[upkeep]\n|upkeep\n|turn|4\n|\n|t:|1788297948\n|move|p2a: Venusaur|Giga Drain|p1b: Floette\n|-damage|p1b: Floette|0 fnt\n|-heal|p2a: Venusaur|53/100|[from] drain|[of] p1b: Floette\n|faint|p1b: Floette\n|-curestatus|p1a: Sneasler|slp|[msg]\n|move|p1a: Sneasler|Rock Slide|p2a: Venusaur|[spread] p2a,p2b\n|-supereffective|p2b: Torkoal|1\n|-damage|p2a: Venusaur|31/100\n|-damage|p2b: Torkoal|0 fnt\n|faint|p2b: Torkoal\n|\n|-weather|SunnyDay|[upkeep]\n|upkeep\n|\n|t:|1788297961\n|switch|p1b: Kingambit|Kingambit, L50, F|100/100\n|switch|p2b: Blaziken|Blaziken, L50, F|100/100\n|turn|5\n|\n|t:|1788297976\n|detailschange|p2b: Blaziken|Blaziken-Mega, L50, F\n|-mega|p2b: Blaziken|Blaziken|Blazikenite\n|move|p1b: Kingambit|Sucker Punch||[still]\n|-fail|p1b: Kingambit\n|move|p2a: Venusaur|Sleep Powder|p1a: Sneasler\n|-status|p1a: Sneasler|slp|[from] move: Sleep Powder\n|cant|p1a: Sneasler|slp\n|move|p2b: Blaziken|Close Combat|p1b: Kingambit\n|-supereffective|p1b: Kingambit|2\n|-enditem|p1b: Kingambit|Chople Berry|[eat]\n|-enditem|p1b: Kingambit|Chople Berry|[weaken]\n|-damage|p1b: Kingambit|0 fnt\n|-unboost|p2b: Blaziken|def|1\n|-unboost|p2b: Blaziken|spd|1\n|faint|p1b: Kingambit\n|\n|-weather|none\n|-ability|p2b: Blaziken|Speed Boost|boost\n|-boost|p2b: Blaziken|spe|1\n|upkeep\n|\n|t:|1788297981\n|switch|p1b: Basculegion|Basculegion, L50, M|100/100\n|turn|6\n|\n|t:|1788297993\n|move|p1b: Basculegion|Protect|p1b: Basculegion\n|-singleturn|p1b: Basculegion|Protect\n|move|p2b: Blaziken|Flare Blitz|p1a: Sneasler\n|-damage|p1a: Sneasler|0 fnt\n|faint|p1a: Sneasler\n|-damage|p2b: Blaziken|90/100|[from] Recoil\n|move|p2a: Venusaur|Giga Drain|p1b: Basculegion\n|-activate|p1b: Basculegion|move: Protect\n|\n|-ability|p2b: Blaziken|Speed Boost|boost\n|-boost|p2b: Blaziken|spe|1\n|upkeep\n|turn|7\n|\n|t:|1788298001\n|move|p2b: Blaziken|Rock Slide|p1b: Basculegion|[miss]\n|-miss|p2b: Blaziken|p1b: Basculegion\n|move|p1b: Basculegion|Last Respects|p2a: Venusaur\n|-damage|p2a: Venusaur|0 fnt\n|faint|p2a: Venusaur\n|-damage|p1b: Basculegion|90/100|[from] item: Life Orb\n|\n|-ability|p2b: Blaziken|Speed Boost|boost\n|-boost|p2b: Blaziken|spe|1\n|upkeep\n|\n|t:|1788298003\n|switch|p2a: Farigiraf|Farigiraf, L50, F|100/100\n|turn|8\n|\n|t:|1788298017\n|move|p2b: Blaziken|Rock Slide|p1b: Basculegion\n|-damage|p1b: Basculegion|51/100\n|move|p1b: Basculegion|Wave Crash|p2a: Farigiraf\n|-damage|p2a: Farigiraf|18/100\n|-enditem|p2a: Farigiraf|Sitrus Berry|[eat]\n|-heal|p2a: Farigiraf|43/100|[from] item: Sitrus Berry\n|-damage|p1b: Basculegion|21/100|[from] Recoil\n|-damage|p1b: Basculegion|11/100|[from] item: Life Orb\n|move|p2a: Farigiraf|Thunderbolt|p1b: Basculegion\n|-supereffective|p1b: Basculegion|1\n|-crit|p1b: Basculegion\n|-damage|p1b: Basculegion|0 fnt\n|faint|p1b: Basculegion\n|\n|win|trevyah\n|raw|DINOLONK's rating: 1387 &rarr; <strong>1374</strong><br />(-13 for losing)\n|raw|trevyah's rating: 1518 &rarr; <strong>1531</strong><br />(+13 for winning)\n","uploadtime":1788298017,"views":"0","formatid":"gen9championsvgc2026regmbbo3","rating":1374,"private":0,"password":null}