{"id":"gen9championsvgc2026regmbbo3-2674230119","format":"[Gen 9 Champions] VGC 2026 Reg M-B (Bo3)","players":["Singaporedeeznuts","tayluhautumn"],"log":"|j|☆Singaporedeeznuts\n|j|☆tayluhautumn\n|html|<table width=\"100%\"><tr><td align=\"left\">Singaporedeeznuts</td><td align=\"right\">tayluhautumn</tr><tr><td align=\"left\"><i class=\"fa fa-circle\"></i> <i class=\"fa fa-circle-o\"></i> </td><td align=\"right\"><i class=\"fa fa-circle-o\"></i> <i class=\"fa fa-circle-o\"></i> </tr></table>\n|uhtml|bestof|<h2><strong>Game 2</strong> of <a href=\"/game-bestof3-gen9championsvgc2026regmbbo3-2674229076\">a best-of-3</a></h2>\n|t:|1788319371\n|gametype|doubles\n|player|p1|Singaporedeeznuts|2|1150\n|player|p2|tayluhautumn|2|1146\n|gen|9\n|tier|[Gen 9 Champions] VGC 2026 Reg M-B (Bo3)\n|rated|\n|rule|Species Clause: Limit one of each Pokémon\n|rule|Item Clause: Limit 1 of each item\n|clearpoke\n|poke|p1|Aerodactyl, L50, M|\n|poke|p1|Kingambit, L50, M, shiny|\n|poke|p1|Farigiraf, L50, F, shiny|\n|poke|p1|Sylveon, L50, F, shiny|\n|poke|p1|Charizard, L50, M|\n|poke|p1|Garchomp, L50, M|\n|poke|p2|Garchomp, L50, F|\n|poke|p2|Kingambit, L50, M|\n|poke|p2|Ceruledge, L50, F|\n|poke|p2|Sylveon, L50, M|\n|poke|p2|Raichu, L50, F|\n|poke|p2|Staraptor, L50, F|\n|teampreview|4\n|showteam|p1|Aerodactyl||Aerodactylite|Unnerve|RockSlide,DualWingbeat,IceFang,Tailwind|Jolly||M|||50|]Kingambit||FocusSash|Defiant|KowtowCleave,IronHead,SuckerPunch,LowKick|Adamant||M|||50|]Farigiraf||SitrusBerry|ArmorTail|Psychic,Thunderbolt,TrickRoom,Protect|Quiet||F|||50|]Sylveon||FairyFeather|Pixilate|HyperVoice,CalmMind,QuickAttack,Detect|Modest||F|||50|]Charizard||CharizarditeY|Blaze|HeatWave,SolarBeam,WeatherBall,Protect|Modest||M|||50|]Garchomp||LifeOrb|RoughSkin|Earthquake,DragonClaw,StompingTantrum,Protect|Jolly||M|||50|\n|showteam|p2|Garchomp||ExpertBelt|RoughSkin|Protect,DragonClaw,Earthquake,RockSlide|Jolly||F|||50|]Kingambit||Leftovers|Defiant|Protect,KowtowCleave,IronHead,SuckerPunch|Adamant||M|||50|]Ceruledge||LifeOrb|FlashFire|Protect,BitterBlade,ShadowSneak,BulkUp|Naughty||F|||50|]Sylveon||FairyFeather|Pixilate|Protect,ShadowBall,HyperVoice,WeatherBall|Modest||M|||50|]Raichu||RaichuniteY|Static|Protect,ZapCannon,FocusBlast,FakeOut|Mild||F|||50|]Staraptor||Staraptite|Intimidate|Roost,CloseCombat,BraveBird,Tailwind|Adamant||F|||50|\n|inactive|Battle timer is ON: inactive players will automatically lose when time's up. (requested by tayluhautumn)\n|inactive|Singaporedeeznuts has 60 seconds left.\n|\n|t:|1788319404\n|teamsize|p1|4\n|teamsize|p2|4\n|start\n|switch|p1a: Aerodactyl|Aerodactyl, L50, M|100/100\n|switch|p1b: Garchomp|Garchomp, L50, M|100/100\n|switch|p2a: Sylveon|Sylveon, L50, M|100/100\n|switch|p2b: Staraptor|Staraptor, L50, F|100/100\n|-ability|p1a: Aerodactyl|Unnerve\n|-ability|p2b: Staraptor|Intimidate|boost\n|-unboost|p1a: Aerodactyl|atk|1\n|-unboost|p1b: Garchomp|atk|1\n|turn|1\n|inactive|Singaporedeeznuts has 30 seconds left.\n|inactive|Singaporedeeznuts has 20 seconds left.\n|\n|t:|1788319444\n|detailschange|p1a: Aerodactyl|Aerodactyl-Mega, L50, M\n|-mega|p1a: Aerodactyl|Aerodactyl|Aerodactylite\n|move|p1b: Garchomp|Protect|p1b: Garchomp\n|-singleturn|p1b: Garchomp|Protect\n|move|p1a: Aerodactyl|Dual Wingbeat|p2b: Staraptor\n|-damage|p2b: Staraptor|77/100\n|-crit|p2b: Staraptor\n|-damage|p2b: Staraptor|23/100\n|-hitcount|p2b: Staraptor|2\n|move|p2b: Staraptor|Tailwind|p2b: Staraptor\n|-sidestart|p2: tayluhautumn|move: Tailwind\n|move|p2a: Sylveon|Hyper Voice|p1a: Aerodactyl|[spread] p1a\n|-activate|p1b: Garchomp|move: Protect\n|-damage|p1a: Aerodactyl|49/100\n|\n|upkeep\n|turn|2\n|inactive|Singaporedeeznuts has 30 seconds left.\n|inactive|Singaporedeeznuts has 20 seconds left.\n|\n|t:|1788319480\n|detailschange|p2b: Staraptor|Staraptor-Mega, L50, F\n|-mega|p2b: Staraptor|Staraptor|Staraptite\n|move|p2b: Staraptor|Close Combat|p1a: Aerodactyl\n|-damage|p1a: Aerodactyl|0 fnt\n|-boost|p2b: Staraptor|def|1\n|-boost|p2b: Staraptor|spd|1\n|faint|p1a: Aerodactyl\n|move|p2a: Sylveon|Hyper Voice|p1b: Garchomp\n|-supereffective|p1b: Garchomp|1\n|-crit|p1b: Garchomp\n|-damage|p1b: Garchomp|0 fnt\n|faint|p1b: Garchomp\n|\n|upkeep\n|\n|t:|1788319484\n|switch|p1a: Farigiraf|Farigiraf, L50, F, shiny|100/100\n|switch|p1b: Kingambit|Kingambit, L50, M, shiny|100/100\n|turn|3\n|\n|t:|1788319496\n|move|p1b: Kingambit|Sucker Punch||[still]\n|-fail|p1b: Kingambit\n|move|p2b: Staraptor|Roost|p2b: Staraptor\n|-heal|p2b: Staraptor|73/100\n|-singleturn|p2b: Staraptor|move: Roost\n|move|p2a: Sylveon|Hyper Voice|p1b: Kingambit|[spread] p1a,p1b\n|-damage|p1a: Farigiraf|56/100\n|-damage|p1b: Kingambit|43/100\n|move|p1a: Farigiraf|Trick Room|p1a: Farigiraf\n|-fieldstart|move: Trick Room|[of] p1a: Farigiraf\n|\n|upkeep\n|turn|4\n|\n|t:|1788319514\n|switch|p2b: Kingambit|Kingambit, L50, M|100/100\n|move|p1a: Farigiraf|Psychic|p2b: Kingambit\n|-immune|p2b: Kingambit\n|move|p1b: Kingambit|Iron Head|p2a: Sylveon\n|-supereffective|p2a: Sylveon|1\n|-damage|p2a: Sylveon|0 fnt\n|faint|p2a: Sylveon\n|\n|-sideend|p2: tayluhautumn|move: Tailwind\n|upkeep\n|\n|t:|1788319523\n|switch|p2a: Staraptor|Staraptor-Mega, L50, F|73/100\n|turn|5\n|\n|t:|1788319536\n|move|p2b: Kingambit|Protect|p2b: Kingambit\n|-singleturn|p2b: Kingambit|Protect\n|move|p1a: Farigiraf|Psychic|p2a: Staraptor\n|-supereffective|p2a: Staraptor|1\n|-damage|p2a: Staraptor|0 fnt\n|faint|p2a: Staraptor\n|move|p1b: Kingambit|Low Kick|p2b: Kingambit\n|-activate|p2b: Kingambit|move: Protect\n|\n|upkeep\n|\n|t:|1788319543\n|switch|p2a: Ceruledge|Ceruledge, L50, F|100/100\n|turn|6\n|\n|t:|1788319561\n|move|p1a: Farigiraf|Protect|p1a: Farigiraf\n|-singleturn|p1a: Farigiraf|Protect\n|move|p2b: Kingambit|Sucker Punch||[still]\n|cant|p1a: Farigiraf|ability: Armor Tail|Sucker Punch|[of] p2b: Kingambit\n|move|p1b: Kingambit|Kowtow Cleave|p2a: Ceruledge\n|-supereffective|p2a: Ceruledge|1\n|-damage|p2a: Ceruledge|0 fnt\n|faint|p2a: Ceruledge\n|\n|upkeep\n|turn|7\n|\n|t:|1788319574\n|move|p2b: Kingambit|Protect|p2b: Kingambit\n|-singleturn|p2b: Kingambit|Protect\n|move|p1a: Farigiraf|Thunderbolt|p2b: Kingambit\n|-activate|p2b: Kingambit|move: Protect\n|move|p1b: Kingambit|Low Kick|p2b: Kingambit\n|-activate|p2b: Kingambit|move: Protect\n|\n|-fieldend|move: Trick Room\n|upkeep\n|turn|8\n|\n|t:|1788319590\n|move|p1b: Kingambit|Low Kick|p2b: Kingambit\n|-supereffective|p2b: Kingambit|2\n|-damage|p2b: Kingambit|0 fnt\n|faint|p2b: Kingambit\n|\n|win|Singaporedeeznuts\n|raw|Singaporedeeznuts's rating: 1150 &rarr; <strong>1175</strong><br />(+25 for winning)\n|raw|tayluhautumn's rating: 1146 &rarr; <strong>1121</strong><br />(-25 for losing)\n","uploadtime":1788319592,"views":"3","formatid":"gen9championsvgc2026regmbbo3","rating":1121,"private":0,"password":null}