{"id":"gen9championsvgc2026regmb-2674416733","format":"[Gen 9 Champions] VGC 2026 Reg M-B","players":["777skills","its cold today"],"log":"|j|☆777skills\n|j|☆its cold today\n|t:|1788357203\n|gametype|doubles\n|player|p1|777skills|1|1211\n|player|p2|its cold today|169|1139\n|gen|9\n|tier|[Gen 9 Champions] VGC 2026 Reg M-B\n|rated|\n|rule|Species Clause: Limit one of each Pokémon\n|rule|Item Clause: Limit 1 of each item\n|clearpoke\n|poke|p1|Gengar, L50, M|\n|poke|p1|Clefable, L50, F|\n|poke|p1|Rotom-Heat, L50|\n|poke|p1|Zoroark-Hisui, L50, F|\n|poke|p1|Lucario, L50, M|\n|poke|p1|Meganium, L50, F|\n|poke|p2|Tsareena, L50, F|\n|poke|p2|Farigiraf, L50, M|\n|poke|p2|Meganium, L50, F|\n|poke|p2|Abomasnow, L50, F|\n|poke|p2|Hydrapple, L50, F|\n|poke|p2|Serperior, L50, F|\n|teampreview|4\n|inactive|Battle timer is ON: inactive players will automatically lose when time's up. (requested by 777skills)\n|\n|t:|1788357234\n|teamsize|p1|4\n|teamsize|p2|4\n|start\n|switch|p1a: Rotom|Rotom-Heat, L50|100/100\n|switch|p1b: Gengar|Gengar, L50, M|100/100\n|switch|p2a: Farigiraf|Farigiraf, L50, M|100/100\n|switch|p2b: Abomasnow|Abomasnow, L50, F|100/100\n|-weather|Snowscape|[from] ability: Snow Warning|[of] p2b: Abomasnow\n|turn|1\n|\n|t:|1788357254\n|detailschange|p1b: Gengar|Gengar-Mega, L50, M\n|-mega|p1b: Gengar|Gengar|Gengarite\n|move|p2b: Abomasnow|Protect|p2b: Abomasnow\n|-singleturn|p2b: Abomasnow|Protect\n|move|p1b: Gengar|Perish Song|p1b: Gengar\n|-start|p1a: Rotom|perish3|[silent]\n|-start|p1b: Gengar|perish3|[silent]\n|-start|p2a: Farigiraf|perish3|[silent]\n|-start|p2b: Abomasnow|perish3|[silent]\n|-fieldactivate|move: Perish Song\n|move|p1a: Rotom|Overheat|p2a: Farigiraf\n|-crit|p2a: Farigiraf\n|-damage|p2a: Farigiraf|21/100\n|-unboost|p1a: Rotom|spa|2\n|-enditem|p2a: Farigiraf|Sitrus Berry|[eat]\n|-heal|p2a: Farigiraf|46/100|[from] item: Sitrus Berry\n|move|p2a: Farigiraf|Trick Room|p2a: Farigiraf\n|-fieldstart|move: Trick Room|[of] p2a: Farigiraf\n|\n|-weather|Snowscape|[upkeep]\n|-start|p2a: Farigiraf|perish3\n|-start|p2b: Abomasnow|perish3\n|-start|p1a: Rotom|perish3\n|-start|p1b: Gengar|perish3\n|upkeep\n|turn|2\n|\n|t:|1788357275\n|move|p1b: Gengar|Protect|p1b: Gengar\n|-singleturn|p1b: Gengar|Protect\n|move|p2a: Farigiraf|Twin Beam|p1b: Gengar\n|-activate|p1b: Gengar|move: Protect\n|move|p2b: Abomasnow|Aurora Veil|p2b: Abomasnow\n|-sidestart|p2: its cold today|move: Aurora Veil\n|move|p1a: Rotom|Overheat|p2b: Abomasnow\n|-supereffective|p2b: Abomasnow|2\n|-damage|p2b: Abomasnow|29/100\n|-unboost|p1a: Rotom|spa|2\n|\n|-weather|Snowscape|[upkeep]\n|-start|p2a: Farigiraf|perish2\n|-start|p2b: Abomasnow|perish2\n|-start|p1a: Rotom|perish2\n|-start|p1b: Gengar|perish2\n|-activate|p2a: Farigiraf|ability: Cud Chew\n|-enditem|p2a: Farigiraf|Sitrus Berry|[eat]\n|-heal|p2a: Farigiraf|70/100|[from] item: Sitrus Berry\n|upkeep\n|turn|3\n|inactive|its cold today has 30 seconds left.\n|\n|t:|1788357303\n|switch|p1b: Clefable|Clefable, L50, F|100/100\n|move|p2a: Farigiraf|Twin Beam|p1b: Clefable\n|-damage|p1b: Clefable|83/100\n|-damage|p1b: Clefable|69/100\n|-hitcount|p1b: Clefable|2\n|move|p2b: Abomasnow|Blizzard|p1b: Clefable|[spread] p1a,p1b\n|-resisted|p1a: Rotom|1\n|-damage|p1a: Rotom|80/100\n|-damage|p1b: Clefable|44/100\n|move|p1a: Rotom|Overheat|p2b: Abomasnow\n|-supereffective|p2b: Abomasnow|2\n|-damage|p2b: Abomasnow|0 fnt\n|-unboost|p1a: Rotom|spa|2\n|faint|p2b: Abomasnow\n|\n|-weather|Snowscape|[upkeep]\n|-start|p2a: Farigiraf|perish1\n|-start|p1a: Rotom|perish1\n|upkeep\n|\n|t:|1788357321\n|switch|p2b: Serperior|Serperior, L50, F|100/100\n|turn|4\n|\n|t:|1788357338\n|switch|p1a: Gengar|Gengar-Mega, L50, M|100/100\n|move|p1b: Clefable|Drain Punch|p2b: Serperior\n|-damage|p2b: Serperior|91/100\n|-heal|p1b: Clefable|48/100|[from] drain|[of] p2b: Serperior\n|move|p2a: Farigiraf|Rain Dance|p2a: Farigiraf\n|-weather|RainDance\n|move|p2b: Serperior|Glare|p1a: Gengar\n|-status|p1a: Gengar|par\n|\n|-weather|RainDance|[upkeep]\n|-start|p2a: Farigiraf|perish0\n|faint|p2a: Farigiraf\n|upkeep\n|\n|t:|1788357349\n|switch|p2a: Meganium|Meganium, L50, F|100/100\n|turn|5\n|\n|t:|1788357365\n|detailschange|p2a: Meganium|Meganium-Mega, L50, F\n|-mega|p2a: Meganium|Meganium|Meganiumite\n|move|p1b: Clefable|Follow Me|p1b: Clefable\n|-singleturn|p1b: Clefable|move: Follow Me\n|cant|p1a: Gengar|par\n|move|p2a: Meganium|Weather Ball|p1b: Clefable\n|-damage|p1b: Clefable|0 fnt\n|faint|p1b: Clefable\n|move|p2b: Serperior|Leaf Storm|p1a: Gengar|[miss]\n|-miss|p2b: Serperior|p1a: Gengar\n|\n|-weather|RainDance|[upkeep]\n|-fieldend|move: Trick Room\n|upkeep\n|\n|t:|1788357375\n|switch|p1b: Rotom|Rotom-Heat, L50|80/100\n|turn|6\n|\n|t:|1788357391\n|move|p1b: Rotom|Overheat|p2a: Meganium|[miss]\n|-miss|p1b: Rotom|p2a: Meganium\n|move|p2b: Serperior|Leaf Storm|p1b: Rotom\n|-resisted|p1b: Rotom|1\n|-damage|p1b: Rotom|40/100\n|-boost|p2b: Serperior|spa|2\n|-damage|p2b: Serperior|81/100|[from] item: Life Orb\n|move|p1a: Gengar|Perish Song|p1a: Gengar\n|-start|p1a: Gengar|perish3|[silent]\n|-start|p1b: Rotom|perish3|[silent]\n|-start|p2a: Meganium|perish3|[silent]\n|-start|p2b: Serperior|perish3|[silent]\n|-fieldactivate|move: Perish Song\n|move|p2a: Meganium|Weather Ball|p1a: Gengar\n|-damage|p1a: Gengar|16/100 par\n|\n|-weather|RainDance|[upkeep]\n|-start|p1b: Rotom|perish3\n|-start|p2b: Serperior|perish3\n|-start|p2a: Meganium|perish3\n|-start|p1a: Gengar|perish3\n|-sideend|p2: its cold today|move: Aurora Veil\n|upkeep\n|turn|7\n|inactive|its cold today has 30 seconds left.\n|\n|t:|1788357421\n|move|p1b: Rotom|Protect|p1b: Rotom\n|-singleturn|p1b: Rotom|Protect\n|move|p1a: Gengar|Protect|p1a: Gengar\n|-singleturn|p1a: Gengar|Protect\n|move|p2b: Serperior|Leaf Storm|p1a: Gengar\n|-activate|p1a: Gengar|move: Protect\n|move|p2a: Meganium|Dazzling Gleam|p1b: Rotom|[spread] \n|-activate|p1a: Gengar|move: Protect\n|-activate|p1b: Rotom|move: Protect\n|\n|-weather|RainDance|[upkeep]\n|-start|p1b: Rotom|perish2\n|-start|p2b: Serperior|perish2\n|-start|p2a: Meganium|perish2\n|-start|p1a: Gengar|perish2\n|upkeep\n|turn|8\n|inactive|its cold today has 30 seconds left.\n|\n|t:|1788357450\n|move|p1a: Gengar|Protect||[still]\n|-fail|p1a: Gengar\n|move|p1b: Rotom|Overheat|p2a: Meganium\n|-supereffective|p2a: Meganium|1\n|-damage|p2a: Meganium|54/100\n|-unboost|p1b: Rotom|spa|2\n|move|p2b: Serperior|Giga Drain|p1b: Rotom\n|-resisted|p1b: Rotom|1\n|-damage|p1b: Rotom|0 fnt\n|-heal|p2b: Serperior|95/100|[from] drain|[of] p1b: Rotom\n|faint|p1b: Rotom\n|-damage|p2b: Serperior|85/100|[from] item: Life Orb\n|move|p2a: Meganium|Weather Ball|p1a: Gengar\n|-crit|p1a: Gengar\n|-damage|p1a: Gengar|0 fnt\n|faint|p1a: Gengar\n|\n|-weather|none\n|-start|p2b: Serperior|perish1\n|-start|p2a: Meganium|perish1\n|upkeep\n|\n|t:|1788357458\n|switch|p1b: Meganium|Meganium, L50, F|100/100\n|turn|9\n|\n|t:|1788357474\n|move|p1b: Meganium|Protect|p1b: Meganium\n|-singleturn|p1b: Meganium|Protect\n|move|p2b: Serperior|Leaf Storm|p1b: Meganium\n|-activate|p1b: Meganium|move: Protect\n|move|p2a: Meganium|Weather Ball|p1b: Meganium\n|-activate|p1b: Meganium|move: Protect\n|\n|-start|p2b: Serperior|perish0\n|-start|p2a: Meganium|perish0\n|faint|p2b: Serperior\n|faint|p2a: Meganium\n|\n|win|777skills\n|raw|777skills's rating: 1211 &rarr; <strong>1231</strong><br />(+20 for winning)\n|raw|its cold today's rating: 1139 &rarr; <strong>1119</strong><br />(-20 for losing)\n|l|☆its cold today\n|player|p2|\n","uploadtime":1788357487,"views":"0","formatid":"gen9championsvgc2026regmb","rating":1119,"private":0,"password":null}