{"id":"gen9championsvgc2026regmbbo3-2674237942","format":"[Gen 9 Champions] VGC 2026 Reg M-B (Bo3)","players":["DiositoSlurpuff","andres1006"],"log":"|j|☆DiositoSlurpuff\n|j|☆andres1006\n|html|<table width=\"100%\"><tr><td align=\"left\">DiositoSlurpuff</td><td align=\"right\">andres1006</tr><tr><td align=\"left\"><i class=\"fa fa-circle\"></i> <i class=\"fa fa-circle-o\"></i> </td><td align=\"right\"><i class=\"fa fa-circle-o\"></i> <i class=\"fa fa-circle-o\"></i> </tr></table>\n|uhtml|bestof|<h2><strong>Game 2</strong> of <a href=\"/game-bestof3-gen9championsvgc2026regmbbo3-2674236524\">a best-of-3</a></h2>\n|t:|1788320829\n|gametype|doubles\n|player|p1|DiositoSlurpuff|unknown|1043\n|player|p2|andres1006|169|1120\n|gen|9\n|tier|[Gen 9 Champions] VGC 2026 Reg M-B (Bo3)\n|rated|\n|rule|Species Clause: Limit one of each Pokémon\n|rule|Item Clause: Limit 1 of each item\n|clearpoke\n|poke|p1|Incineroar, L50, M|\n|poke|p1|Samurott-Hisui, L50, F|\n|poke|p1|Sinistcha-Masterpiece, L50|\n|poke|p1|Sneasler, L50, M|\n|poke|p1|Floette-Eternal, L50, F|\n|poke|p1|Delphox, L50, M|\n|poke|p2|Basculegion, L50, M|\n|poke|p2|Pelipper, L50, M|\n|poke|p2|Archaludon, L50, F|\n|poke|p2|Garchomp, L50, M|\n|poke|p2|Floette-Eternal, L50, F|\n|poke|p2|Sneasler, L50, M|\n|teampreview|4\n|showteam|p1|Incineroar||SitrusBerry|Intimidate|FakeOut,FlareBlitz,PartingShot,DarkestLariat|Careful||M|||50|]Samurott-Hisui||ChoiceScarf|Sharpness|SacredSword,CeaselessEdge,XScissor,RazorShell|Jolly||F|||50|]Sinistcha-Masterpiece||OccaBerry|Hospitality|MatchaGotcha,LifeDew,RagePowder,Protect|Relaxed|||||50|]Sneasler||FocusSash|PoisonTouch|FakeOut,CloseCombat,PoisonJab,QuickGuard|Jolly||M|||50|]Floette-Eternal||Floettite|FlowerVeil|Moonblast,DazzlingGleam,CalmMind,Protect|Modest||F|||50|]Delphox||Delphoxite|Magician|HeatWave,Psychic,Protect,NastyPlot|Timid||M|||50|\n|showteam|p2|Basculegion||ChoiceScarf|Adaptability|AquaJet,FlipTurn,LastRespects,WaveCrash|Jolly||M|||50|]Pelipper||FocusSash|Drizzle|Uturn,Tailwind,Hurricane,WideGuard|Bold||M|||50|]Archaludon||LifeOrb|Stamina|ElectroShot,DracoMeteor,FlashCannon,DragonPulse|Timid||F|||50|]Garchomp||Garchompite|RoughSkin|Earthquake,RockSlide,Protect,PoisonJab|Adamant||M|||50|]Floette-Eternal||Floettite|FlowerVeil|LightofRuin,DazzlingGleam,EnergyBall,Psychic|Timid||F|||50|]Sneasler||WhiteHerb|Unburden|FakeOut,Uturn,CloseCombat,DireClaw|Adamant||M|||50|\n|inactive|Battle timer is ON: inactive players will automatically lose when time's up. (requested by DiositoSlurpuff)\n|\n|t:|1788320849\n|teamsize|p1|4\n|teamsize|p2|4\n|start\n|switch|p1a: Floette|Floette-Eternal, L50, F|100/100\n|switch|p1b: Incineroar|Incineroar, L50, M|100/100\n|switch|p2a: Pelipper|Pelipper, L50, M|100/100\n|switch|p2b: Archaludon|Archaludon, L50, F|100/100\n|-weather|RainDance|[from] ability: Drizzle|[of] p2a: Pelipper\n|-ability|p1b: Incineroar|Intimidate|boost\n|-unboost|p2a: Pelipper|atk|1\n|-unboost|p2b: Archaludon|atk|1\n|turn|1\n|\n|t:|1788320882\n|detailschange|p1a: Floette|Floette-Mega, L50, F\n|-mega|p1a: Floette|Floette|Floettite\n|-ability|p1a: Floette|Fairy Aura\n|move|p1b: Incineroar|Fake Out|p2b: Archaludon\n|-resisted|p2b: Archaludon|1\n|-damage|p2b: Archaludon|95/100\n|-ability|p2b: Archaludon|Stamina|boost\n|-boost|p2b: Archaludon|def|1\n|cant|p2b: Archaludon|flinch\n|move|p1a: Floette|Moonblast|p2b: Archaludon\n|-damage|p2b: Archaludon|0 fnt\n|faint|p2b: Archaludon\n|move|p2a: Pelipper|Hurricane|p1a: Floette\n|-damage|p1a: Floette|73/100\n|\n|-weather|RainDance|[upkeep]\n|upkeep\n|\n|t:|1788320894\n|switch|p2b: Basculegion|Basculegion, L50, M|100/100\n|turn|2\n|\n|t:|1788320905\n|move|p1a: Floette|Protect|p1a: Floette\n|-singleturn|p1a: Floette|Protect\n|move|p2b: Basculegion|Wave Crash|p1b: Incineroar\n|-supereffective|p1b: Incineroar|1\n|-damage|p1b: Incineroar|0 fnt\n|faint|p1b: Incineroar\n|-damage|p2b: Basculegion|65/100|[from] Recoil\n|move|p2a: Pelipper|Hurricane|p1a: Floette\n|-activate|p1a: Floette|move: Protect\n|\n|-weather|RainDance|[upkeep]\n|upkeep\n|\n|t:|1788320916\n|switch|p1b: Samurott|Samurott-Hisui, L50, F|100/100\n|turn|3\n|\n|t:|1788320928\n|move|p1b: Samurott|Ceaseless Edge|p2b: Basculegion\n|-supereffective|p2b: Basculegion|1\n|-damage|p2b: Basculegion|0 fnt\n|-sidestart|p2: andres1006|Spikes\n|faint|p2b: Basculegion\n|move|p1a: Floette|Dazzling Gleam|p2a: Pelipper\n|-damage|p2a: Pelipper|18/100\n|move|p2a: Pelipper|U-turn|p1b: Samurott\n|-supereffective|p1b: Samurott|1\n|-crit|p1b: Samurott\n|-damage|p1b: Samurott|68/100\n|\n|t:|1788320933\n|switch|p2a: Garchomp|Garchomp, L50, M|100/100|[from] U-turn\n|-damage|p2a: Garchomp|87/100|[from] Spikes\n|\n|-weather|RainDance|[upkeep]\n|upkeep\n|\n|t:|1788320935\n|switch|p2b: Pelipper|Pelipper, L50, M|18/100\n|turn|4\n|\n|t:|1788320950\n|move|p1a: Floette|Protect|p1a: Floette\n|-singleturn|p1a: Floette|Protect\n|move|p2a: Garchomp|Protect|p2a: Garchomp\n|-singleturn|p2a: Garchomp|Protect\n|move|p1b: Samurott|Ceaseless Edge|p2a: Garchomp\n|-activate|p2a: Garchomp|move: Protect\n|move|p2b: Pelipper|Tailwind|p2b: Pelipper\n|-sidestart|p2: andres1006|move: Tailwind\n|\n|-weather|RainDance|[upkeep]\n|upkeep\n|turn|5\n|\n|t:|1788320967\n|switch|p1a: Sinistcha|Sinistcha-Masterpiece, L50|100/100\n|-heal|p1b: Samurott|93/100|[from] ability: Hospitality|[of] p1a: Sinistcha\n|detailschange|p2a: Garchomp|Garchomp-Mega, L50, M\n|-mega|p2a: Garchomp|Garchomp|Garchompite\n|move|p2a: Garchomp|Poison Jab|p1a: Sinistcha\n|-damage|p1a: Sinistcha|73/100\n|move|p1b: Samurott|Ceaseless Edge|p2b: Pelipper\n|-damage|p2b: Pelipper|0 fnt\n|-sidestart|p2: andres1006|Spikes\n|faint|p2b: Pelipper\n|\n|-weather|none\n|upkeep\n|turn|6\n|\n|t:|1788320989\n|move|p2a: Garchomp|Rock Slide|p1b: Samurott|[spread] p1a,p1b\n|-damage|p1a: Sinistcha|53/100\n|-damage|p1b: Samurott|61/100\n|move|p1b: Samurott|Ceaseless Edge|p2a: Garchomp\n|-damage|p2a: Garchomp|55/100\n|-sidestart|p2: andres1006|Spikes\n|move|p1a: Sinistcha|Matcha Gotcha|p2a: Garchomp\n|-damage|p2a: Garchomp|26/100\n|-heal|p1a: Sinistcha|71/100|[from] drain|[of] p2a: Garchomp\n|\n|upkeep\n|turn|7\n|\n|t:|1788321002\n|switch|p1a: Floette|Floette-Mega, L50, F|73/100\n|-ability|p1a: Floette|Fairy Aura\n|move|p2a: Garchomp|Rock Slide|p1b: Samurott|[spread] p1a,p1b\n|-damage|p1a: Floette|48/100\n|-damage|p1b: Samurott|26/100\n|cant|p1b: Samurott|flinch\n|\n|-sideend|p2: andres1006|move: Tailwind\n|upkeep\n|turn|8\n|\n|t:|1788321015\n|move|p1a: Floette|Protect|p1a: Floette\n|-singleturn|p1a: Floette|Protect\n|move|p1b: Samurott|Ceaseless Edge|p2a: Garchomp|[miss]\n|-miss|p1b: Samurott|p2a: Garchomp\n|move|p2a: Garchomp|Rock Slide|p1a: Floette|[spread] p1b\n|-activate|p1a: Floette|move: Protect\n|-damage|p1b: Samurott|0 fnt\n|faint|p1b: Samurott\n|\n|upkeep\n|\n|t:|1788321024\n|switch|p1b: Sinistcha|Sinistcha-Masterpiece, L50|71/100\n|-heal|p1a: Floette|73/100|[from] ability: Hospitality|[of] p1b: Sinistcha\n|turn|9\n|c|☆DiositoSlurpuff|gg\n|\n|t:|1788321034\n|move|p1b: Sinistcha|Rage Powder|p1b: Sinistcha\n|-singleturn|p1b: Sinistcha|move: Rage Powder\n|move|p1a: Floette|Moonblast|p2a: Garchomp\n|-supereffective|p2a: Garchomp|1\n|-damage|p2a: Garchomp|0 fnt\n|faint|p2a: Garchomp\n|\n|win|DiositoSlurpuff\n|raw|DiositoSlurpuff's rating: 1043 &rarr; <strong>1084</strong><br />(+41 for winning)\n|raw|andres1006's rating: 1120 &rarr; <strong>1090</strong><br />(-30 for losing)\n|c|☆andres1006|gg\n","uploadtime":1788321323,"views":"10","formatid":"gen9championsvgc2026regmbbo3","rating":1084,"private":0,"password":null}