{"id":"gen9championsvgc2026regmb-2674544420","format":"[Gen 9 Champions] VGC 2026 Reg M-B","players":["mattcrystal","Llama_Bill"],"log":"|j|☆mattcrystal\n|j|☆Llama_Bill\n|html|<table width=\"100%\"><tr><td align=\"left\">mattcrystal</td><td align=\"right\">Llama_Bill</tr><tr><td align=\"left\"><i class=\"fa fa-circle-o\"></i> <i class=\"fa fa-circle-o\"></i> </td><td align=\"right\"><i class=\"fa fa-circle-o\"></i> <i class=\"fa fa-circle-o\"></i> </tr></table>\n|uhtml|bestof|<h2><strong>Game 1</strong> of <a href=\"/game-bestof3-gen9championsvgc2026regmb-2674544419\">a best-of-3</a></h2>\n|t:|1788372218\n|gametype|doubles\n|player|p1|mattcrystal|pokemonrangerf-gen4|\n|player|p2|Llama_Bill|ingo|\n|gen|9\n|tier|[Gen 9 Champions] VGC 2026 Reg M-B\n|rule|Species Clause: Limit one of each Pokémon\n|rule|Item Clause: Limit 1 of each item\n|raw|<div class=\"infobox\"><details class=\"readmore\" open><summary><strong>2 custom rules:</strong></summary> !open team sheets, best of=3</details></div>\n|clearpoke\n|poke|p1|Farigiraf, L50, M|\n|poke|p1|Sinistcha-Masterpiece, L50|\n|poke|p1|Morpeko, L50, F|\n|poke|p1|Mawile, L50, F, shiny|\n|poke|p1|Aurorus, L50, F, shiny|\n|poke|p1|Camerupt, L50, F, shiny|\n|poke|p2|Charizard, L50, M, shiny|\n|poke|p2|Aerodactyl, L50, F|\n|poke|p2|Venusaur, L50, M|\n|poke|p2|Basculegion, L50, M, shiny|\n|poke|p2|Manectric, L50, F, shiny|\n|poke|p2|Mawile, L50, M|\n|teampreview|4\n|inactive|Battle timer is ON: inactive players will automatically lose when time's up. (requested by Llama_Bill)\n|c|☆mattcrystal|Gl Hf!\n|c|☆Llama_Bill|glhf\n|inactive|mattcrystal has 60 seconds left.\n|\n|t:|1788372253\n|teamsize|p1|4\n|teamsize|p2|4\n|start\n|switch|p1a: Casnewydd|Farigiraf, L50, M|100/100\n|switch|p1b: Abertawe|Morpeko, L50, F|100/100\n|switch|p2a: Charizard|Charizard, L50, M, shiny|100/100\n|switch|p2b: Aerodactyl|Aerodactyl, L50, F|100/100\n|-ability|p2b: Aerodactyl|Unnerve\n|turn|1\n|inactive|Llama_Bill has 30 seconds left.\n|\n|t:|1788372280\n|switch|p2b: Venusaur|Venusaur, L50, M|100/100\n|detailschange|p2a: Charizard|Charizard-Mega-Y, L50, M, shiny\n|-mega|p2a: Charizard|Charizard|Charizardite Y\n|-weather|SunnyDay|[from] ability: Drought|[of] p2a: Charizard\n|move|p2a: Charizard|Protect|p2a: Charizard\n|-singleturn|p2a: Charizard|Protect\n|move|p1b: Abertawe|Fake Out|p2b: Venusaur\n|-damage|p2b: Venusaur|84/100\n|move|p1a: Casnewydd|Trick Room|p1a: Casnewydd\n|-fieldstart|move: Trick Room|[of] p1a: Casnewydd\n|\n|-weather|SunnyDay|[upkeep]\n|-formechange|p1b: Abertawe|Morpeko-Hangry|\n|upkeep\n|turn|2\n|\n|t:|1788372298\n|switch|p2a: Manectric|Manectric, L50, F, shiny|100/100\n|move|p1a: Casnewydd|Psychic|p2b: Venusaur\n|-supereffective|p2b: Venusaur|1\n|-damage|p2b: Venusaur|8/100\n|move|p1b: Abertawe|Parting Shot|p2a: Manectric\n|-unboost|p2a: Manectric|atk|1\n|-unboost|p2a: Manectric|spa|1\n|\n|t:|1788372315\n|switch|p1b: Cwmbran|Camerupt, L50, F, shiny|100/100|[from] Parting Shot\n|move|p2b: Venusaur|Earth Power|p1b: Cwmbran\n|-supereffective|p1b: Cwmbran|1\n|-crit|p1b: Cwmbran\n|-damage|p1b: Cwmbran|0 fnt\n|faint|p1b: Cwmbran\n|-damage|p2b: Venusaur|0 fnt|[from] item: Life Orb\n|faint|p2b: Venusaur\n|\n|-weather|SunnyDay|[upkeep]\n|upkeep\n|\n|t:|1788372335\n|switch|p1b: Aberdyfi|Aurorus, L50, F, shiny|100/100\n|switch|p2b: Charizard|Charizard-Mega-Y, L50, M, shiny|100/100\n|-weather|Snowscape|[from] ability: Snow Warning|[of] p1b: Aberdyfi\n|-weather|SunnyDay|[from] ability: Drought|[of] p2b: Charizard\n|turn|3\n|\n|t:|1788372351\n|move|p1b: Aberdyfi|Ancient Power|p2b: Charizard\n|-supereffective|p2b: Charizard|2\n|-damage|p2b: Charizard|0 fnt\n|faint|p2b: Charizard\n|-damage|p1b: Aberdyfi|90/100|[from] item: Life Orb\n|move|p1a: Casnewydd|Thunderbolt|p2a: Manectric\n|-ability|p2a: Manectric|Lightning Rod|boost\n|-boost|p2a: Manectric|spa|1\n|move|p2a: Manectric|Crunch|p1a: Casnewydd\n|-supereffective|p1a: Casnewydd|1\n|-damage|p1a: Casnewydd|84/100\n|\n|-weather|SunnyDay|[upkeep]\n|upkeep\n|\n|t:|1788372362\n|switch|p2b: Aerodactyl|Aerodactyl, L50, F|100/100\n|-ability|p2b: Aerodactyl|Unnerve\n|turn|4\n|\n|t:|1788372376\n|move|p1b: Aberdyfi|Ancient Power|p2b: Aerodactyl\n|-supereffective|p2b: Aerodactyl|1\n|-damage|p2b: Aerodactyl|1/100\n|-damage|p1b: Aberdyfi|80/100|[from] item: Life Orb\n|move|p1a: Casnewydd|Psychic|p2a: Manectric\n|-damage|p2a: Manectric|34/100\n|move|p2a: Manectric|Thunderbolt|p1b: Aberdyfi\n|-damage|p1b: Aberdyfi|40/100\n|move|p2b: Aerodactyl|Rock Slide|p1a: Casnewydd|[spread] p1a,p1b\n|-supereffective|p1b: Aberdyfi|1\n|-damage|p1a: Casnewydd|60/100\n|-damage|p1b: Aberdyfi|0 fnt\n|faint|p1b: Aberdyfi\n|\n|-weather|SunnyDay|[upkeep]\n|upkeep\n|\n|t:|1788372389\n|switch|p1b: Abertawe|Morpeko, L50, F|100/100\n|turn|5\n|\n|t:|1788372410\n|move|p1b: Abertawe|Fake Out|p2b: Aerodactyl\n|-resisted|p2b: Aerodactyl|1\n|-damage|p2b: Aerodactyl|0 fnt\n|faint|p2b: Aerodactyl\n|move|p1a: Casnewydd|Psychic|p2a: Manectric\n|-damage|p2a: Manectric|0 fnt\n|faint|p2a: Manectric\n|\n|win|mattcrystal\n||Llama_Bill is ready for game 2.\n|inactive|mattcrystal has 30 seconds to confirm battle start!\n||mattcrystal is ready for game 2.\n|uhtml|next|Next: <a href=\"/battle-gen9championsvgc2026regmb-2674546315\"><strong>Game 2 of 3</strong></a>\n","uploadtime":1788372706,"views":"6","formatid":"gen9championsvgc2026regmb","rating":null,"private":0,"password":null}