{"id":"gen9championsvgc2026regmb-2674228197","format":"[Gen 9 Champions] VGC 2026 Reg M-B","players":["oNeoKni","korzan meal"],"log":"|j|☆oNeoKni\n|j|☆korzan meal\n|html|<table width=\"100%\"><tr><td align=\"left\">oNeoKni</td><td align=\"right\">korzan meal</tr><tr><td align=\"left\"><i class=\"fa fa-circle-o\"></i> <i class=\"fa fa-circle-o\"></i> </td><td align=\"right\"><i class=\"fa fa-circle-o\"></i> <i class=\"fa fa-circle-o\"></i> </tr></table>\n|uhtml|bestof|<h2><strong>Game 1</strong> of <a href=\"/game-bestof3-gen9championsvgc2026regmb-2674228196\">a best-of-3</a></h2>\n|t:|1788319031\n|gametype|doubles\n|player|p1|oNeoKni|unknown|\n|player|p2|korzan meal|falkner|\n|gen|9\n|tier|[Gen 9 Champions] VGC 2026 Reg M-B\n|rule|Species Clause: Limit one of each Pokémon\n|rule|Item Clause: Limit 1 of each item\n|raw|<div class=\"infobox\"><details class=\"readmore\" open><summary><strong>1 custom rule:</strong></summary> Best of = 3</details></div>\n|clearpoke\n|poke|p1|Gyarados, L50, F, shiny|\n|poke|p1|Toxicroak, L50, F, shiny|\n|poke|p1|Talonflame, L50, M, shiny|\n|poke|p1|Politoed, L50, F, shiny|\n|poke|p1|Ditto, L50, shiny|\n|poke|p1|Meganium, L50, F, shiny|\n|poke|p2|Swampert, L50, M|\n|poke|p2|Sinistcha, L50|\n|poke|p2|Grimmsnarl, L50, M|\n|poke|p2|Infernape, L50, M|\n|poke|p2|Pelipper, L50, F|\n|poke|p2|Decidueye-Hisui, L50, M|\n|teampreview|4\n|inactive|Battle timer is ON: inactive players will automatically lose when time's up. (requested by oNeoKni)\n|j| nidoking445\n|c| nidoking445|best of luck folk\nkorzan meal rejected open team sheets.\n|\n|t:|1788319060\n|teamsize|p1|4\n|teamsize|p2|4\n|start\n|switch|p1a: Rudeus|Gyarados, L50, F, shiny|100/100\n|switch|p1b: Eria|Talonflame, L50, M, shiny|100/100\n|switch|p2a: Kenpachi|Swampert, L50, M|100/100\n|switch|p2b: Toshiro|Pelipper, L50, F|100/100\n|-ability|p1a: Rudeus|Intimidate|boost\n|-unboost|p2a: Kenpachi|atk|1\n|-unboost|p2b: Toshiro|atk|1\n|-weather|RainDance|[from] ability: Drizzle|[of] p2b: Toshiro\n|turn|1\n|inactive|korzan meal has 30 seconds left.\n|\n|t:|1788319094\n|detailschange|p2a: Kenpachi|Swampert-Mega, L50, M\n|-mega|p2a: Kenpachi|Swampert|Swampertite\n|move|p2a: Kenpachi|Wave Crash|p1b: Eria\n|-supereffective|p1b: Eria|1\n|-damage|p1b: Eria|0 fnt\n|faint|p1b: Eria\n|-damage|p2a: Kenpachi|74/100|[from] Recoil\n|move|p1a: Rudeus|Power Whip|p2a: Kenpachi\n|-supereffective|p2a: Kenpachi|2\n|-damage|p2a: Kenpachi|0 fnt\n|faint|p2a: Kenpachi\n|move|p2b: Toshiro|Tailwind|p2b: Toshiro\n|-sidestart|p2: korzan meal|move: Tailwind\n|\n|-weather|RainDance|[upkeep]\n|upkeep\n|\n|t:|1788319112\n|switch|p1b: Paul|Meganium, L50, F, shiny|100/100\n|switch|p2a: Shinji|Sinistcha, L50|100/100\n|turn|2\n|\n|t:|1788319137\n|move|p2a: Shinji|Protect|p2a: Shinji\n|-singleturn|p2a: Shinji|Protect\n|move|p2b: Toshiro|Hurricane|p1b: Paul\n|-supereffective|p1b: Paul|1\n|-damage|p1b: Paul|4/100\n|move|p1a: Rudeus|Hurricane|p2a: Shinji\n|-activate|p2a: Shinji|move: Protect\n|move|p1b: Paul|Solar Beam||[still]\n|-prepare|p1b: Paul|Solar Beam\n|\n|-weather|RainDance|[upkeep]\n|upkeep\n|turn|3\n|inactive|oNeoKni has 30 seconds left.\n|inactive|korzan meal has 30 seconds left.\n|inactive|korzan meal has 20 seconds left.\n|\n|t:|1788319174\n|detailschange|p1a: Rudeus|Gyarados-Mega, L50, F, shiny\n|-mega|p1a: Rudeus|Gyarados|Gyaradosite\n|-ability|p1a: Rudeus|Mold Breaker\n|move|p2b: Toshiro|Hurricane|p1b: Paul\n|-supereffective|p1b: Paul|1\n|-damage|p1b: Paul|0 fnt\n|faint|p1b: Paul\n|move|p2a: Shinji|Matcha Gotcha|p1a: Rudeus\n|-supereffective|p1a: Rudeus|1\n|-damage|p1a: Rudeus|43/100\n|move|p1a: Rudeus|Crunch|p2a: Shinji\n|-supereffective|p2a: Shinji|1\n|-damage|p2a: Shinji|8/100\n|-unboost|p2a: Shinji|def|1\n|-enditem|p2a: Shinji|Sitrus Berry|[eat]\n|-heal|p2a: Shinji|33/100|[from] item: Sitrus Berry\n|\n|-weather|RainDance|[upkeep]\n|upkeep\n|c|☆oNeoKni|i forgor\n|\n|t:|1788319189\n|switch|p1b: Sylphiette|Politoed, L50, F, shiny|100/100\n|turn|4\n|\n|t:|1788319211\n|move|p1a: Rudeus|Protect|p1a: Rudeus\n|-singleturn|p1a: Rudeus|Protect\n|move|p1b: Sylphiette|Protect|p1b: Sylphiette\n|-singleturn|p1b: Sylphiette|Protect\n|move|p2b: Toshiro|Hurricane|p1b: Sylphiette\n|-activate|p1b: Sylphiette|move: Protect\n|move|p2a: Shinji|Matcha Gotcha|p1b: Sylphiette|[spread] \n|-activate|p1a: Rudeus|move: Protect\n|-activate|p1b: Sylphiette|move: Protect\n|\n|-weather|RainDance|[upkeep]\n|-sideend|p2: korzan meal|move: Tailwind\n|upkeep\n|turn|5\n|inactive|korzan meal has 30 seconds left.\n|inactive|korzan meal has 20 seconds left.\n|\n|t:|1788319247\n|switch|p2a: Byakuya|Decidueye-Hisui, L50, M|100/100\n|move|p1a: Rudeus|Hurricane|p2a: Byakuya\n|-supereffective|p2a: Byakuya|2\n|-damage|p2a: Byakuya|28/100\n|-start|p2a: Byakuya|confusion\n|move|p2b: Toshiro|Hurricane|p1a: Rudeus\n|-damage|p1a: Rudeus|1/100\n|-start|p1a: Rudeus|confusion\n|move|p1b: Sylphiette|Hypnosis|p2b: Toshiro\n|-status|p2b: Toshiro|slp|[from] move: Hypnosis\n|\n|-weather|none\n|upkeep\n|turn|6\n|inactive|oNeoKni has 30 seconds left.\n|inactive|oNeoKni has 20 seconds left.\n|inactive|oNeoKni has 15 seconds left.\n|inactive|oNeoKni has 10 seconds left.\n|\n|t:|1788319297\n|switch|p2b: Shinji|Sinistcha, L50|33/100\n|-heal|p2a: Byakuya|53/100|[from] ability: Hospitality|[of] p2b: Shinji\n|-activate|p2a: Byakuya|confusion\n|-damage|p2a: Byakuya|36/100|[from] confusion\n|-activate|p1a: Rudeus|confusion\n|-damage|p1a: Rudeus|0 fnt|[from] confusion\n|faint|p1a: Rudeus\n|move|p1b: Sylphiette|Muddy Water|p2b: Shinji|[spread] p2a,p2b\n|-resisted|p2a: Byakuya|1\n|-resisted|p2b: Shinji|1\n|-damage|p2a: Byakuya|25/100\n|-damage|p2b: Shinji|25/100\n|\n|upkeep\n|turn|7\n|inactive|korzan meal has 30 seconds left.\n|\n|t:|1788319325\n|-activate|p2a: Byakuya|confusion\n|move|p2a: Byakuya|Leaf Blade|p1b: Sylphiette\n|-supereffective|p1b: Sylphiette|1\n|-damage|p1b: Sylphiette|0 fnt\n|faint|p1b: Sylphiette\n|-damage|p2a: Byakuya|15/100|[from] item: Life Orb\n|\n|win|korzan meal\n||oNeoKni is ready for game 2.\n||korzan meal is ready for game 2.\n|uhtml|next|Next: <a href=\"/battle-gen9championsvgc2026regmb-2674229903\"><strong>Game 2 of 3</strong></a>\n","uploadtime":1788319338,"views":"19","formatid":"gen9championsvgc2026regmb","rating":null,"private":0,"password":null}