{"id":"gen9championsvgc2026regmb-2673922497","format":"[Gen 9 Champions] VGC 2026 Reg M-B","players":["fish do be delish","VictoriousDancing"],"log":"|j|☆fish do be delish\n|j|☆VictoriousDancing\n|t:|1788277501\n|gametype|doubles\n|player|p1|fish do be delish|1|1201\n|player|p2|VictoriousDancing|cynthia|1215\n|gen|9\n|tier|[Gen 9 Champions] VGC 2026 Reg M-B\n|rated|\n|rule|Species Clause: Limit one of each Pokémon\n|rule|Item Clause: Limit 1 of each item\n|clearpoke\n|poke|p1|Tyranitar, L50, M|\n|poke|p1|Reuniclus, L50, M|\n|poke|p1|Arcanine-Hisui, L50, F|\n|poke|p1|Houndstone, L50, F|\n|poke|p1|Swampert, L50, F|\n|poke|p1|Scizor, L50, M|\n|poke|p2|Charizard, L50, M, shiny|\n|poke|p2|Basculegion, L50, M, shiny|\n|poke|p2|Whimsicott, L50, F, shiny|\n|poke|p2|Garchomp, L50, M, shiny|\n|poke|p2|Kingambit, L50, F, shiny|\n|poke|p2|Incineroar, L50, M, shiny|\n|teampreview|4\nVictoriousDancing rejected open team sheets.\n|inactive|Battle timer is ON: inactive players will automatically lose when time's up. (requested by VictoriousDancing)\n|\n|t:|1788277532\n|teamsize|p1|4\n|teamsize|p2|4\n|start\n|switch|p1a: ashy doggo|Arcanine-Hisui, L50, F|100/100\n|switch|p1b: soap|Reuniclus, L50, M|100/100\n|switch|p2a: Whimsicott|Whimsicott, L50, F, shiny|100/100\n|switch|p2b: Incineroar|Incineroar, L50, M, shiny|100/100\n|-ability|p2b: Incineroar|Intimidate|boost\n|-unboost|p1a: ashy doggo|atk|1\n|-unboost|p1b: soap|atk|1\n|turn|1\n|\n|t:|1788277548\n|move|p2b: Incineroar|Fake Out|p1b: soap\n|-damage|p1b: soap|90/100\n|move|p2a: Whimsicott|Tailwind|p2a: Whimsicott\n|-sidestart|p2: VictoriousDancing|move: Tailwind\n|move|p1a: ashy doggo|Head Smash|p2b: Incineroar|[miss]\n|-miss|p1a: ashy doggo|p2b: Incineroar\n|cant|p1b: soap|flinch\n|\n|upkeep\n|turn|2\n|\n|t:|1788277562\n|move|p2a: Whimsicott|Encore|p1a: ashy doggo\n|-start|p1a: ashy doggo|Encore\n|move|p2b: Incineroar|Throat Chop|p1b: soap\n|-supereffective|p1b: soap|1\n|-damage|p1b: soap|36/100\n|-start|p1b: soap|Throat Chop|[silent]\n|move|p1a: ashy doggo|Head Smash|p2b: Incineroar|[miss]\n|-miss|p1a: ashy doggo|p2b: Incineroar\n|move|p1b: soap|Trick Room|p1b: soap\n|-fieldstart|move: Trick Room|[of] p1b: soap\n|\n|upkeep\n|turn|3\n|\n|t:|1788277578\n|switch|p1b: ttar|Tyranitar, L50, M|100/100\n|-weather|Sandstorm|[from] ability: Sand Stream|[of] p1b: ttar\n|move|p2a: Whimsicott|Encore|p1b: ttar\n|-hint|Since gen 7, Dark is immune to Prankster moves.\n|-immune|p1b: ttar\n|move|p1a: ashy doggo|Head Smash|p2b: Incineroar\n|-supereffective|p2b: Incineroar|1\n|-damage|p2b: Incineroar|28/100\n|-enditem|p2b: Incineroar|Sitrus Berry|[eat]\n|-heal|p2b: Incineroar|53/100|[from] item: Sitrus Berry\n|move|p2b: Incineroar|Parting Shot|p1a: ashy doggo\n|-unboost|p1a: ashy doggo|atk|1\n|-unboost|p1a: ashy doggo|spa|1\n|\n|t:|1788277578\n|switch|p2b: Charizard|Charizard, L50, M, shiny|100/100|[from] Parting Shot\n|\n|-weather|Sandstorm|[upkeep]\n|-damage|p2b: Charizard|94/100|[from] Sandstorm\n|-damage|p2a: Whimsicott|94/100|[from] Sandstorm\n|upkeep\n|turn|4\n|inactive|fish do be delish has 30 seconds left.\n|\n|t:|1788277606\n|detailschange|p1b: ttar|Tyranitar-Mega, L50, M\n|-mega|p1b: ttar|Tyranitar|Tyranitarite\n|detailschange|p2b: Charizard|Charizard-Mega-Y, L50, M, shiny\n|-mega|p2b: Charizard|Charizard|Charizardite Y\n|-weather|SunnyDay|[from] ability: Drought|[of] p2b: Charizard\n|move|p2b: Charizard|Protect|p2b: Charizard\n|-singleturn|p2b: Charizard|Protect\n|move|p1b: ttar|Rock Slide|p2a: Whimsicott|[spread] p2a\n|-activate|p2b: Charizard|move: Protect\n|-damage|p2a: Whimsicott|42/100\n|move|p1a: ashy doggo|Head Smash|p2a: Whimsicott\n|-damage|p2a: Whimsicott|0 fnt\n|faint|p2a: Whimsicott\n|\n|-weather|SunnyDay|[upkeep]\n|-end|p1a: ashy doggo|Encore\n|-sideend|p2: VictoriousDancing|move: Tailwind\n|upkeep\n|\n|t:|1788277607\n|switch|p2a: Basculegion|Basculegion, L50, M, shiny|100/100\n|turn|5\n|inactive|fish do be delish has 30 seconds left.\n|\n|t:|1788277633\n|switch|p2b: Incineroar|Incineroar, L50, M, shiny|53/100\n|-ability|p2b: Incineroar|Intimidate|boost\n|-unboost|p1a: ashy doggo|atk|1\n|-unboost|p1b: ttar|atk|1\n|move|p1b: ttar|Rock Slide|p2b: Incineroar|[spread] p2a,p2b\n|-supereffective|p2b: Incineroar|1\n|-damage|p2a: Basculegion|71/100\n|-damage|p2b: Incineroar|19/100\n|move|p1a: ashy doggo|Wild Charge|p2a: Basculegion\n|-supereffective|p2a: Basculegion|1\n|-crit|p2a: Basculegion\n|-damage|p2a: Basculegion|0 fnt\n|faint|p2a: Basculegion\n|\n|-weather|SunnyDay|[upkeep]\n|upkeep\n|\n|t:|1788277633\n|switch|p2a: Charizard|Charizard-Mega-Y, L50, M, shiny|94/100\n|turn|6\n|\n|t:|1788277655\n|switch|p1b: soap|Reuniclus, L50, M|36/100\n|move|p2b: Incineroar|Fake Out|p1b: soap\n|-damage|p1b: soap|27/100\n|move|p2a: Charizard|Solar Beam||[still]\n|-prepare|p2a: Charizard|Solar Beam\n|-anim|p2a: Charizard|Solar Beam|p1a: ashy doggo\n|-damage|p1a: ashy doggo|39/100\n|move|p1a: ashy doggo|Head Smash|p2a: Charizard|[miss]\n|-miss|p1a: ashy doggo|p2a: Charizard\n|\n|-weather|SunnyDay|[upkeep]\n|-fieldend|move: Trick Room\n|upkeep\n|turn|7\n|\n|t:|1788277673\n|move|p1a: ashy doggo|Head Smash|p2a: Charizard|[miss]\n|-miss|p1a: ashy doggo|p2a: Charizard\n|move|p2a: Charizard|Solar Beam||[still]\n|-prepare|p2a: Charizard|Solar Beam\n|-anim|p2a: Charizard|Solar Beam|p1a: ashy doggo\n|-damage|p1a: ashy doggo|0 fnt\n|faint|p1a: ashy doggo\n|move|p2b: Incineroar|Throat Chop|p1b: soap\n|-supereffective|p1b: soap|1\n|-damage|p1b: soap|0 fnt\n|faint|p1b: soap\n|\n|-weather|SunnyDay|[upkeep]\n|upkeep\n|\n|t:|1788277686\n|switch|p1a: ttar|Tyranitar-Mega, L50, M|100/100\n|switch|p1b: wave crash|Swampert, L50, F|100/100\n|-weather|Sandstorm|[from] ability: Sand Stream|[of] p1a: ttar\n|turn|8\n|\n|t:|1788277698\n|move|p2a: Charizard|Solar Beam||[still]\n|-prepare|p2a: Charizard|Solar Beam\n|move|p1b: wave crash|Earth Power|p2b: Incineroar\n|-supereffective|p2b: Incineroar|1\n|-damage|p2b: Incineroar|0 fnt\n|faint|p2b: Incineroar\n|move|p1a: ttar|Rock Slide|p2a: Charizard\n|-supereffective|p2a: Charizard|2\n|-damage|p2a: Charizard|0 fnt\n|faint|p2a: Charizard\n|\n|win|fish do be delish\n|raw|fish do be delish's rating: 1201 &rarr; <strong>1227</strong><br />(+26 for winning)\n|raw|VictoriousDancing's rating: 1215 &rarr; <strong>1189</strong><br />(-26 for losing)\n|l|☆VictoriousDancing\n|player|p2|\n","uploadtime":1788277712,"views":"10","formatid":"gen9championsvgc2026regmb","rating":1189,"private":0,"password":null}