{"id":"gen9championsvgc2026regmb-2674227516","format":"[Gen 9 Champions] VGC 2026 Reg M-B","players":["bluedinocar","verd1squo"],"log":"|j|☆bluedinocar\n|j|☆verd1squo\n|t:|1788318910\n|gametype|doubles\n|player|p1|bluedinocar|265|1101\n|player|p2|verd1squo|steven|1140\n|gen|9\n|tier|[Gen 9 Champions] VGC 2026 Reg M-B\n|rated|\n|rule|Species Clause: Limit one of each Pokémon\n|rule|Item Clause: Limit 1 of each item\n|clearpoke\n|poke|p1|Staraptor, L50, F|\n|poke|p1|Basculegion, L50, M|\n|poke|p1|Garchomp, L50, F|\n|poke|p1|Arcanine-Hisui, L50, M|\n|poke|p1|Sinistcha, L50|\n|poke|p1|Morpeko, L50, M|\n|poke|p2|Dragonite, L50, M, shiny|\n|poke|p2|Floette-Eternal, L50, F|\n|poke|p2|Basculegion, L50, M, shiny|\n|poke|p2|Garchomp, L50, M, shiny|\n|poke|p2|Kingambit, L50, M, shiny|\n|poke|p2|Sneasler, L50, M, shiny|\n|teampreview|4\nverd1squo rejected open team sheets.\n|inactive|Battle timer is ON: inactive players will automatically lose when time's up. (requested by verd1squo)\n|inactive|bluedinocar has 60 seconds left.\n|\n|t:|1788318958\n|teamsize|p1|4\n|teamsize|p2|4\n|start\n|switch|p1a: Morpeko|Morpeko, L50, M|100/100\n|switch|p1b: Arcanine|Arcanine-Hisui, L50, M|100/100\n|switch|p2a: Floette|Floette-Eternal, L50, F|100/100\n|switch|p2b: Sneasler|Sneasler, L50, M, shiny|100/100\n|turn|1\n|inactive|bluedinocar has 30 seconds left.\n|\n|t:|1788318988\n|detailschange|p2a: Floette|Floette-Mega, L50, F\n|-mega|p2a: Floette|Floette|Floettite\n|-ability|p2a: Floette|Fairy Aura\n|move|p1b: Arcanine|Protect|p1b: Arcanine\n|-singleturn|p1b: Arcanine|Protect\n|move|p2b: Sneasler|Close Combat|p1b: Arcanine\n|-activate|p1b: Arcanine|move: Protect\n|move|p1a: Morpeko|Aura Wheel|p2b: Sneasler\n|-damage|p2b: Sneasler|17/100\n|-boost|p1a: Morpeko|spe|1\n|move|p2a: Floette|Dazzling Gleam|p1a: Morpeko|[spread] p1a\n|-activate|p1b: Arcanine|move: Protect\n|-supereffective|p1a: Morpeko|1\n|-enditem|p1a: Morpeko|Focus Sash\n|-damage|p1a: Morpeko|1/100\n|\n|-formechange|p1a: Morpeko|Morpeko-Hangry|\n|upkeep\n|turn|2\n|inactive|bluedinocar has 30 seconds left.\n|inactive|verd1squo has 30 seconds left.\n|inactive|bluedinocar has 20 seconds left.\n|\n|t:|1788319024\n|move|p2a: Floette|Protect|p2a: Floette\n|-singleturn|p2a: Floette|Protect\n|move|p1a: Morpeko|Endeavor|p2a: Floette\n|-activate|p2a: Floette|move: Protect\n|move|p2b: Sneasler|Close Combat|p1a: Morpeko\n|-supereffective|p1a: Morpeko|1\n|-damage|p1a: Morpeko|0 fnt\n|-unboost|p2b: Sneasler|def|1\n|-unboost|p2b: Sneasler|spd|1\n|faint|p1a: Morpeko\n|move|p1b: Arcanine|Flare Blitz|p2a: Floette\n|-activate|p2a: Floette|move: Protect\n|\n|upkeep\n|c|☆bluedinocar|D:<\n|\n|t:|1788319042\n|switch|p1a: Staraptor|Staraptor, L50, F|100/100\n|-ability|p1a: Staraptor|Intimidate|boost\n|-unboost|p2a: Floette|atk|1\n|-unboost|p2b: Sneasler|atk|1\n|turn|3\n|\n|t:|1788319063\n|switch|p2b: Basculegion|Basculegion, L50, M, shiny|100/100\n|detailschange|p1a: Staraptor|Staraptor-Mega, L50, F\n|-mega|p1a: Staraptor|Staraptor|Staraptite\n|move|p2a: Floette|Dazzling Gleam|p1b: Arcanine|[spread] p1a,p1b\n|-supereffective|p1a: Staraptor|1\n|-resisted|p1b: Arcanine|1\n|-damage|p1a: Staraptor|25/100\n|-damage|p1b: Arcanine|73/100\n|move|p1b: Arcanine|Head Smash|p2a: Floette\n|-damage|p2a: Floette|13/100\n|move|p1a: Staraptor|Close Combat|p2b: Basculegion\n|-immune|p2b: Basculegion\n|\n|upkeep\n|turn|4\n|\n|t:|1788319082\n|move|p1b: Arcanine|Protect|p1b: Arcanine\n|-singleturn|p1b: Arcanine|Protect\n|move|p2b: Basculegion|Aqua Jet|p1b: Arcanine\n|-activate|p1b: Arcanine|move: Protect\n|move|p2a: Floette|Dazzling Gleam|p1b: Arcanine|[spread] p1a\n|-activate|p1b: Arcanine|move: Protect\n|-supereffective|p1a: Staraptor|1\n|-damage|p1a: Staraptor|0 fnt\n|faint|p1a: Staraptor\n|\n|upkeep\n|\n|t:|1788319092\n|switch|p1a: Sinistcha|Sinistcha, L50|100/100\n|-heal|p1b: Arcanine|97/100|[from] ability: Hospitality|[of] p1a: Sinistcha\n|turn|5\n|\n|t:|1788319110\n|move|p1a: Sinistcha|Rage Powder|p1a: Sinistcha\n|-singleturn|p1a: Sinistcha|move: Rage Powder\n|move|p2a: Floette|Dazzling Gleam|p1a: Sinistcha|[spread] p1a,p1b\n|-resisted|p1b: Arcanine|1\n|-damage|p1a: Sinistcha|48/100\n|-damage|p1b: Arcanine|69/100\n|-enditem|p1a: Sinistcha|Sitrus Berry|[eat]\n|-heal|p1a: Sinistcha|73/100|[from] item: Sitrus Berry\n|move|p1b: Arcanine|Head Smash|p2b: Basculegion\n|-damage|p2b: Basculegion|1/100\n|move|p2b: Basculegion|Wave Crash|p1a: Sinistcha\n|-resisted|p1a: Sinistcha|1\n|-damage|p1a: Sinistcha|37/100\n|-damage|p2b: Basculegion|0 fnt|[from] Recoil\n|faint|p2b: Basculegion\n|\n|upkeep\n|\n|t:|1788319123\n|switch|p2b: Sneasler|Sneasler, L50, M, shiny|17/100\n|turn|6\n|\n|t:|1788319133\n|move|p1b: Arcanine|Extreme Speed|p2a: Floette\n|-damage|p2a: Floette|0 fnt\n|faint|p2a: Floette\n|move|p1a: Sinistcha|Rage Powder|p1a: Sinistcha\n|-singleturn|p1a: Sinistcha|move: Rage Powder\n|move|p2b: Sneasler|Close Combat|p1a: Sinistcha\n|-immune|p1a: Sinistcha\n|\n|upkeep\n|\n|t:|1788319141\n|switch|p2a: Kingambit|Kingambit, L50, M, shiny|100/100\n|-activate|p2a: Kingambit|ability: Supreme Overlord\n|-start|p2a: Kingambit|fallen2|[silent]\n|turn|7\n|\n|t:|1788319162\n|move|p1b: Arcanine|Extreme Speed|p2b: Sneasler\n|-damage|p2b: Sneasler|0 fnt\n|faint|p2b: Sneasler\n|move|p1a: Sinistcha|Rage Powder|p1a: Sinistcha\n|-singleturn|p1a: Sinistcha|move: Rage Powder\n|move|p2a: Kingambit|Sucker Punch||[still]\n|-fail|p2a: Kingambit\n|\n|upkeep\n|turn|8\n|\n|t:|1788319176\n|move|p1b: Arcanine|Extreme Speed|p2a: Kingambit\n|-resisted|p2a: Kingambit|1\n|-damage|p2a: Kingambit|90/100\n|move|p2a: Kingambit|Sucker Punch||[still]\n|-fail|p2a: Kingambit\n|move|p1a: Sinistcha|Life Dew|p1a: Sinistcha|[spread] p1a,p1b\n|-heal|p1a: Sinistcha|62/100\n|-heal|p1b: Arcanine|94/100\n|\n|upkeep\n|turn|9\n|\n|t:|1788319189\n|move|p1a: Sinistcha|Rage Powder|p1a: Sinistcha\n|-singleturn|p1a: Sinistcha|move: Rage Powder\n|move|p1b: Arcanine|Flare Blitz|p2a: Kingambit\n|-supereffective|p2a: Kingambit|1\n|-damage|p2a: Kingambit|0 fnt\n|faint|p2a: Kingambit\n|-end|p2a: Kingambit|fallen2|[silent]\n|\n|win|bluedinocar\n|raw|bluedinocar's rating: 1101 &rarr; <strong>1129</strong><br />(+28 for winning)\n|raw|verd1squo's rating: 1140 &rarr; <strong>1112</strong><br />(-28 for losing)\n|c|☆bluedinocar|gg\n|c|☆verd1squo|gg\n|c|☆bluedinocar|wow what the arcanine carry\n|l|☆verd1squo\n|player|p2|\n|c|☆bluedinocar|lwk ive been falling down the ladder with the troll team\n","uploadtime":1788319208,"views":"2","formatid":"gen9championsvgc2026regmb","rating":1112,"private":0,"password":null}