{"id":"gen9championsvgc2026regmb-2674148731","format":"[Gen 9 Champions] VGC 2026 Reg M-B","players":["ravenskeeper","EBITDA420"],"log":"|j|☆ravenskeeper\n|j|☆EBITDA420\n|t:|1788306389\n|gametype|doubles\n|player|p1|ravenskeeper|102|\n|player|p2|EBITDA420|170|\n|gen|9\n|tier|[Gen 9 Champions] VGC 2026 Reg M-B\n|rule|Species Clause: Limit one of each Pokémon\n|rule|Item Clause: Limit 1 of each item\n|clearpoke\n|poke|p1|Tyranitar, L50, M|\n|poke|p1|Excadrill, L50, F|\n|poke|p1|Houndstone, L50, M|\n|poke|p1|Scizor, L50, F|\n|poke|p1|Rotom-Mow, L50|\n|poke|p1|Altaria, L50, M|\n|poke|p2|Charizard, L50, M|\n|poke|p2|Clefable, L50, F|\n|poke|p2|Garganacl, L50, F|\n|poke|p2|Garchomp, L50, M|\n|poke|p2|Incineroar, L50, F|\n|poke|p2|Whimsicott, L50, F|\n|teampreview|4\n|\n|t:|1788306426\n|teamsize|p1|4\n|teamsize|p2|4\n|start\n|switch|p1a: Excadrill|Excadrill, L50, F|100/100\n|switch|p1b: Rotom|Rotom-Mow, L50|100/100\n|switch|p2a: Charizard|Charizard, L50, M|100/100\n|switch|p2b: Whimsicott|Whimsicott, L50, F|100/100\n|turn|1\n|\n|t:|1788306508\n|move|p2a: Charizard|Protect|p2a: Charizard\n|-singleturn|p2a: Charizard|Protect\n|move|p2b: Whimsicott|Tailwind|p2b: Whimsicott\n|-sidestart|p2: EBITDA420|move: Tailwind\n|move|p1a: Excadrill|Rock Slide|p2b: Whimsicott|[spread] p2b\n|-activate|p2a: Charizard|move: Protect\n|-damage|p2b: Whimsicott|67/100\n|move|p1b: Rotom|Volt Switch|p2b: Whimsicott\n|-resisted|p2b: Whimsicott|1\n|-damage|p2b: Whimsicott|35/100\n|\n|t:|1788306530\n|switch|p1b: Tyranitar|Tyranitar, L50, M|100/100|[from] Volt Switch\n|-weather|Sandstorm|[from] ability: Sand Stream|[of] p1b: Tyranitar\n|\n|-weather|Sandstorm|[upkeep]\n|-damage|p2b: Whimsicott|29/100|[from] Sandstorm\n|-damage|p2a: Charizard|94/100|[from] Sandstorm\n|upkeep\n|turn|2\n|\n|t:|1788306577\n|switch|p2a: Incineroar|Incineroar, L50, F|100/100\n|-ability|p2a: Incineroar|Intimidate|boost\n|-unboost|p1a: Excadrill|atk|1\n|-unboost|p1b: Tyranitar|atk|1\n|move|p1a: Excadrill|Protect|p1a: Excadrill\n|-singleturn|p1a: Excadrill|Protect\n|move|p2b: Whimsicott|Moonblast|p1b: Tyranitar\n|-supereffective|p1b: Tyranitar|1\n|-damage|p1b: Tyranitar|54/100\n|move|p1b: Tyranitar|Rock Slide|p2a: Incineroar|[spread] p2a,p2b\n|-supereffective|p2a: Incineroar|1\n|-crit|p2b: Whimsicott\n|-damage|p2a: Incineroar|61/100\n|-damage|p2b: Whimsicott|0 fnt\n|faint|p2b: Whimsicott\n|\n|-weather|Sandstorm|[upkeep]\n|-damage|p2a: Incineroar|55/100|[from] Sandstorm\n|upkeep\n|\n|t:|1788306595\n|switch|p2b: Charizard|Charizard, L50, M|94/100\n|turn|3\n|\n|t:|1788306654\n|detailschange|p2b: Charizard|Charizard-Mega-Y, L50, M\n|-mega|p2b: Charizard|Charizard|Charizardite Y\n|-weather|SunnyDay|[from] ability: Drought|[of] p2b: Charizard\n|move|p2a: Incineroar|Fake Out|p1b: Tyranitar\n|-resisted|p1b: Tyranitar|1\n|-damage|p1b: Tyranitar|48/100\n|move|p2b: Charizard|Weather Ball|p1a: Excadrill\n|-supereffective|p1a: Excadrill|1\n|-enditem|p1a: Excadrill|Focus Sash\n|-damage|p1a: Excadrill|1/100\n|cant|p1b: Tyranitar|flinch\n|move|p1a: Excadrill|Rock Slide|p2b: Charizard|[spread] p2b\n|-miss|p1a: Excadrill|p2a: Incineroar\n|-supereffective|p2b: Charizard|2\n|-damage|p2b: Charizard|9/100\n|\n|-weather|SunnyDay|[upkeep]\n|upkeep\n|turn|4\n|\n|t:|1788306713\n|switch|p2a: Garchomp|Garchomp, L50, M|100/100\n|move|p2b: Charizard|Protect|p2b: Charizard\n|-singleturn|p2b: Charizard|Protect\n|move|p1a: Excadrill|Protect|p1a: Excadrill\n|-singleturn|p1a: Excadrill|Protect\n|move|p1b: Tyranitar|Rock Slide|p2a: Garchomp|[spread] p2a\n|-activate|p2b: Charizard|move: Protect\n|-resisted|p2a: Garchomp|1\n|-damage|p2a: Garchomp|89/100\n|\n|-weather|SunnyDay|[upkeep]\n|-sideend|p2: EBITDA420|move: Tailwind\n|upkeep\n|turn|5\n|\n|t:|1788306781\n|switch|p1a: Rotom|Rotom-Mow, L50|100/100\n|move|p1b: Tyranitar|Rock Slide|p2b: Charizard|[spread] p2a,p2b\n|-resisted|p2a: Garchomp|1\n|-supereffective|p2b: Charizard|2\n|-damage|p2a: Garchomp|78/100\n|-damage|p2b: Charizard|0 fnt\n|faint|p2b: Charizard\n|move|p2a: Garchomp|Earthquake|p1b: Tyranitar|[spread] p1b\n|-immune|p1a: Rotom|[from] ability: Levitate\n|-supereffective|p1b: Tyranitar|1\n|-damage|p1b: Tyranitar|0 fnt\n|faint|p1b: Tyranitar\n|-damage|p2a: Garchomp|69/100|[from] item: Life Orb\n|\n|-weather|SunnyDay|[upkeep]\n|upkeep\n|\n|t:|1788306824\n|switch|p2b: Incineroar|Incineroar, L50, F|55/100\n|switch|p1b: Excadrill|Excadrill, L50, F|1/100\n|-ability|p2b: Incineroar|Intimidate|boost\n|-unboost|p1a: Rotom|atk|1\n|-unboost|p1b: Excadrill|atk|1\n|turn|6\n|\n|t:|1788306853\n|move|p1b: Excadrill|Protect|p1b: Excadrill\n|-singleturn|p1b: Excadrill|Protect\n|move|p1a: Rotom|Protect|p1a: Rotom\n|-singleturn|p1a: Rotom|Protect\n|move|p2a: Garchomp|Rock Slide|p1a: Rotom|[spread] \n|-activate|p1a: Rotom|move: Protect\n|-activate|p1b: Excadrill|move: Protect\n|move|p2b: Incineroar|Flare Blitz|p1a: Rotom\n|-activate|p1a: Rotom|move: Protect\n|\n|-weather|SunnyDay|[upkeep]\n|upkeep\n|turn|7\n|\n|t:|1788306886\n|move|p2a: Garchomp|Rock Slide|p1a: Rotom|[spread] p1a,p1b\n|-resisted|p1b: Excadrill|2\n|-damage|p1a: Rotom|72/100\n|-damage|p1b: Excadrill|0 fnt\n|faint|p1b: Excadrill\n|-damage|p2a: Garchomp|59/100|[from] item: Life Orb\n|move|p1a: Rotom|Leaf Storm|p2a: Garchomp\n|-damage|p2a: Garchomp|0 fnt\n|-unboost|p1a: Rotom|spa|2\n|faint|p2a: Garchomp\n|move|p2b: Incineroar|Flare Blitz|p1a: Rotom\n|-supereffective|p1a: Rotom|1\n|-damage|p1a: Rotom|0 fnt\n|faint|p1a: Rotom\n|-damage|p2b: Incineroar|36/100|[from] Recoil\n|-enditem|p2b: Incineroar|Sitrus Berry|[eat]\n|-heal|p2b: Incineroar|61/100|[from] item: Sitrus Berry\n|\n|-weather|none\n|upkeep\n|\n|t:|1788306906\n|switch|p1b: Scizor|Scizor, L50, F|100/100\n|turn|8\n|c|☆EBITDA420|Stand off\n|c|☆ravenskeeper|CHARDIZARD DOESNT LIKE ROCKS\n|\n|t:|1788306951\n|detailschange|p1b: Scizor|Scizor-Mega, L50, F\n|-mega|p1b: Scizor|Scizor|Scizorite\n|move|p1b: Scizor|Bullet Punch|p2b: Incineroar\n|-resisted|p2b: Incineroar|1\n|-damage|p2b: Incineroar|41/100\n|move|p2b: Incineroar|Flare Blitz|p1b: Scizor\n|-supereffective|p1b: Scizor|2\n|-damage|p1b: Scizor|0 fnt\n|faint|p1b: Scizor\n|-damage|p2b: Incineroar|12/100|[from] Recoil\n|\n|win|EBITDA420\n|c|☆ravenskeeper|GG\n|c|☆EBITDA420|gg\n|c|☆ravenskeeper|ill record\n|c|☆EBITDA420|Kk ty\n|l|☆EBITDA420\n|player|p2|\n","uploadtime":1788307018,"views":"17","formatid":"gen9championsvgc2026regmb","rating":null,"private":0,"password":null}