{"id":"gen9championsvgc2026regmb-2673928553","format":"[Gen 9 Champions] VGC 2026 Reg M-B","players":["Cantoc","jishade22"],"log":"|j|☆Cantoc\n|j|☆jishade22\n|html|<table width=\"100%\"><tr><td align=\"left\">Cantoc</td><td align=\"right\">jishade22</tr><tr><td align=\"left\"><i class=\"fa fa-circle-o\"></i> <i class=\"fa fa-circle-o\"></i> </td><td align=\"right\"><i class=\"fa fa-circle-o\"></i> <i class=\"fa fa-circle-o\"></i> </tr></table>\n|uhtml|bestof|<h2><strong>Game 1</strong> of <a href=\"/game-bestof3-gen9championsvgc2026regmb-2673928552\">a best-of-3</a></h2>\n|t:|1788278236\n|gametype|doubles\n|player|p1|Cantoc|marlon|\n|player|p2|jishade22|gambler|\n|gen|9\n|tier|[Gen 9 Champions] VGC 2026 Reg M-B\n|rule|Species Clause: Limit one of each Pokémon\n|rule|Item Clause: Limit 1 of each item\n|raw|<div class=\"infobox\"><details class=\"readmore\" open><summary><strong>1 custom rule:</strong></summary> Best of = 3</details></div>\n|clearpoke\n|poke|p1|Skarmory, L50, M, shiny|\n|poke|p1|Eelektross, L50, M, shiny|\n|poke|p1|Ninetales-Alola, L50, M|\n|poke|p1|Mamoswine, L50, F, shiny|\n|poke|p1|Grimmsnarl, L50, M|\n|poke|p1|Toxapex, L50, M|\n|poke|p2|Camerupt, L50, M|\n|poke|p2|Malamar, L50, M|\n|poke|p2|Sylveon, L50, M|\n|poke|p2|Metagross, L50|\n|poke|p2|Goodra, L50, M|\n|poke|p2|Krookodile, L50, F|\n|teampreview|4\nCantoc rejected open team sheets.\n|c|☆Cantoc|hello hello\n|n|☆jishade22|jishade22\n|c|☆jishade22|hello! :D\n|c|☆jishade22|if it isn't my favorite BU faculty turned student\n|\n|t:|1788278321\n|teamsize|p1|4\n|teamsize|p2|4\n|start\n|switch|p1a: Marshmallow Fluff|Ninetales-Alola, L50, M|100/100\n|switch|p1b: Grimm Day|Grimmsnarl, L50, M|100/100\n|switch|p2a: Camerupt|Camerupt, L50, M|100/100\n|switch|p2b: Malamar|Malamar, L50, M|100/100\n|-weather|Snowscape|[from] ability: Snow Warning|[of] p1a: Marshmallow Fluff\n|turn|1\n|c|☆Cantoc|its true\n|\n|t:|1788278357\n|move|p2a: Camerupt|Protect|p2a: Camerupt\n|-singleturn|p2a: Camerupt|Protect\n|move|p1b: Grimm Day|Fake Out|p2a: Camerupt\n|-activate|p2a: Camerupt|move: Protect\n|move|p1a: Marshmallow Fluff|Moonblast|p2b: Malamar\n|-supereffective|p2b: Malamar|1\n|-damage|p2b: Malamar|0 fnt\n|faint|p2b: Malamar\n|\n|-weather|Snowscape|[upkeep]\n|upkeep\n|\n|t:|1788278370\n|switch|p2b: Goodra|Goodra, L50, M|100/100\n|turn|2\n|\n|t:|1788278382\n|detailschange|p2a: Camerupt|Camerupt-Mega, L50, M\n|-mega|p2a: Camerupt|Camerupt|Cameruptite\n|move|p1b: Grimm Day|Light Screen|p1b: Grimm Day\n|-sidestart|p1: Cantoc|move: Light Screen\n|move|p2b: Goodra|Fire Blast|p1a: Marshmallow Fluff\n|-supereffective|p1a: Marshmallow Fluff|1\n|-damage|p1a: Marshmallow Fluff|51/100\n|move|p1a: Marshmallow Fluff|Blizzard|p2a: Camerupt|[spread] p2a,p2b\n|-supereffective|p2b: Goodra|1\n|-damage|p2a: Camerupt|80/100\n|-damage|p2b: Goodra|60/100\n|move|p2a: Camerupt|Heat Wave|p1a: Marshmallow Fluff|[spread] p1a,p1b\n|-supereffective|p1a: Marshmallow Fluff|1\n|-damage|p1a: Marshmallow Fluff|0 fnt\n|-damage|p1b: Grimm Day|70/100\n|faint|p1a: Marshmallow Fluff\n|\n|-weather|Snowscape|[upkeep]\n|upkeep\n|\n|t:|1788278423\n|switch|p1a: Worm on a String|Eelektross, L50, M, shiny|100/100\n|turn|3\n|\n|t:|1788278444\n|detailschange|p1a: Worm on a String|Eelektross-Mega, L50, M, shiny\n|-mega|p1a: Worm on a String|Eelektross|Eelektrossite\n|move|p2b: Goodra|Fire Blast|p1b: Grimm Day\n|-damage|p1b: Grimm Day|44/100\n|move|p1a: Worm on a String|Muddy Water|p2a: Camerupt|[spread] p2a,p2b\n|-supereffective|p2a: Camerupt|2\n|-resisted|p2b: Goodra|1\n|-damage|p2a: Camerupt|8/100\n|-damage|p2b: Goodra|50/100g\n|-unboost|p2a: Camerupt|accuracy|1\n|move|p1b: Grimm Day|Spirit Break|p2b: Goodra\n|-supereffective|p2b: Goodra|1\n|-damage|p2b: Goodra|0 fnt\n|faint|p2b: Goodra\n|move|p2a: Camerupt|Earth Power|p1a: Worm on a String\n|-immune|p1a: Worm on a String|[from] ability: Eelevate\n|\n|-weather|Snowscape|[upkeep]\n|upkeep\n|\n|t:|1788278462\n|switch|p2b: Krookodile|Krookodile, L50, F|100/100\n|-ability|p2b: Krookodile|Intimidate|boost\n|-unboost|p1a: Worm on a String|atk|1\n|-unboost|p1b: Grimm Day|atk|1\n|turn|4\n|\n|t:|1788278482\n|move|p2a: Camerupt|Protect|p2a: Camerupt\n|-singleturn|p2a: Camerupt|Protect\n|move|p1b: Grimm Day|Reflect|p1b: Grimm Day\n|-sidestart|p1: Cantoc|Reflect\n|move|p1a: Worm on a String|Muddy Water|p2a: Camerupt|[spread] p2b\n|-activate|p2a: Camerupt|move: Protect\n|-supereffective|p2b: Krookodile|1\n|-damage|p2b: Krookodile|38/100\n|-unboost|p2b: Krookodile|accuracy|1\n|move|p2b: Krookodile|Roar|p1a: Worm on a String\n|drag|p1a: Swine Flu|Mamoswine, L50, F, shiny|100/100\n|\n|-weather|Snowscape|[upkeep]\n|upkeep\n|turn|5\n|\n|t:|1788278508\n|switch|p1b: Worm on a String|Eelektross-Mega, L50, M, shiny|100/100\n|move|p1a: Swine Flu|Ice Shard|p2a: Camerupt\n|-damage|p2a: Camerupt|0 fnt\n|faint|p2a: Camerupt\n|move|p2b: Krookodile|Crunch|p1a: Swine Flu|[miss]\n|-miss|p2b: Krookodile|p1a: Swine Flu\n|\n|-weather|none\n|upkeep\n|turn|6\n|\n|t:|1788278528\n|move|p1a: Swine Flu|Ice Shard|p2b: Krookodile\n|-supereffective|p2b: Krookodile|1\n|-damage|p2b: Krookodile|0 fnt\n|faint|p2b: Krookodile\n|\n|win|Cantoc\n||Cantoc is ready for game 2.\n","uploadtime":1788278535,"views":"1","formatid":"gen9championsvgc2026regmb","rating":null,"private":0,"password":null}