{"id":"gen9championsvgc2026regmbbo3-2675019225","format":"[Gen 9 Champions] VGC 2026 Reg M-B (Bo3)","players":["chocapicorascapico","fashoooo"],"log":"|j|☆chocapicorascapico\n|j|☆fashoooo\n|html|<table width=\"100%\"><tr><td align=\"left\">chocapicorascapico</td><td align=\"right\">fashoooo</tr><tr><td align=\"left\"><i class=\"fa fa-circle-o\"></i> <i class=\"fa fa-circle-o\"></i> </td><td align=\"right\"><i class=\"fa fa-circle-o\"></i> <i class=\"fa fa-circle-o\"></i> </tr></table>\n|uhtml|bestof|<h2><strong>Game 1</strong> of <a href=\"/game-bestof3-gen9championsvgc2026regmbbo3-2675019224\">a best-of-3</a></h2>\n|t:|1788449385\n|gametype|doubles\n|player|p1|chocapicorascapico|benga|1064\n|player|p2|fashoooo|101|1078\n|gen|9\n|tier|[Gen 9 Champions] VGC 2026 Reg M-B (Bo3)\n|rated|\n|rule|Species Clause: Limit one of each Pokémon\n|rule|Item Clause: Limit 1 of each item\n|clearpoke\n|poke|p1|Swampert, L50, F|\n|poke|p1|Farigiraf, L50, M|\n|poke|p1|Incineroar, L50, M|\n|poke|p1|Pelipper, L50, F|\n|poke|p1|Hatterene, L50, F|\n|poke|p1|Hydrapple, L50, M|\n|poke|p2|Tyranitar, L50, M|\n|poke|p2|Excadrill, L50, M|\n|poke|p2|Milotic, L50, M|\n|poke|p2|Sinistcha, L50|\n|poke|p2|Staraptor, L50, F|\n|poke|p2|Gholdengo, L50|\n|teampreview|4\n|showteam|p1|Swampert||Swampertite|Torrent|Earthquake,Waterfall,PoisonJab,BulkUp|Brave||F|||50|]Farigiraf||MentalHerb|ArmorTail|TrickRoom,AllySwitch,HyperVoice,Protect|Sassy||M|||50|]Incineroar||Leftovers|Intimidate|FakeOut,PartingShot,FlareBlitz,LashOut|Relaxed||M|||50|]Pelipper||SharpBeak|Drizzle|Hurricane,KnockOff,Roost,Protect|Sassy||F|||50|]Hatterene||WiseGlasses|MagicBounce|TrickRoom,MysticalFire,Protect,HealPulse|Sassy||F|||50|]Hydrapple||LifeOrb|Regenerator|EnergyBall,NastyPlot,FickleBeam,Protect|Quiet||M|||50|\n|showteam|p2|Tyranitar||Tyranitarite|SandStream|KnockOff,RockSlide,HighHorsepower,Protect|Jolly||M|||50|]Excadrill||FocusSash|SandRush|Earthquake,IronHead,RockSlide,Protect|Adamant||M|||50|]Milotic||SitrusBerry|Competitive|Scald,IcyWind,Haze,Protect|Calm||M|||50|]Sinistcha||ColburBerry|Hospitality|MatchaGotcha,ShadowBall,RagePowder,Protect|Bold|||||50|]Staraptor||Staraptite|Intimidate|CloseCombat,BraveBird,Tailwind,Protect|Jolly||F|||50|]Gholdengo||LifeOrb|GoodasGold|MakeItRain,ShadowBall,NastyPlot,Protect|Modest|||||50|\n|inactive|Battle timer is ON: inactive players will automatically lose when time's up. (requested by chocapicorascapico)\n|\n|t:|1788449413\n|teamsize|p1|4\n|teamsize|p2|4\n|start\n|switch|p1a: Swampert|Swampert, L50, F|100/100\n|switch|p1b: Incineroar|Incineroar, L50, M|100/100\n|switch|p2a: Milotic|Milotic, L50, M|100/100\n|switch|p2b: Tyranitar|Tyranitar, L50, M|100/100\n|-weather|Sandstorm|[from] ability: Sand Stream|[of] p2b: Tyranitar\n|-ability|p1b: Incineroar|Intimidate|boost\n|-unboost|p2a: Milotic|atk|1\n|-ability|p2a: Milotic|Competitive|boost\n|-boost|p2a: Milotic|spa|2\n|-unboost|p2b: Tyranitar|atk|1\n|turn|1\n|\n|t:|1788449425\n|switch|p2b: Staraptor|Staraptor, L50, F|100/100\n|-ability|p2b: Staraptor|Intimidate|boost\n|-unboost|p1a: Swampert|atk|1\n|-unboost|p1b: Incineroar|atk|1\n|detailschange|p1a: Swampert|Swampert-Mega, L50, F\n|-mega|p1a: Swampert|Swampert|Swampertite\n|move|p1b: Incineroar|Fake Out|p2a: Milotic\n|-damage|p2a: Milotic|93/100\n|cant|p2a: Milotic|flinch\n|move|p1a: Swampert|Waterfall|p2b: Staraptor\n|-damage|p2b: Staraptor|59/100\n|\n|-weather|Sandstorm|[upkeep]\n|-damage|p2b: Staraptor|53/100|[from] Sandstorm\n|-damage|p2a: Milotic|87/100|[from] Sandstorm\n|-damage|p1b: Incineroar|93/100|[from] Sandstorm\n|-heal|p1b: Incineroar|100/100|[from] item: Leftovers\n|upkeep\n|turn|2\n|inactive|chocapicorascapico has 30 seconds left.\n|inactive|chocapicorascapico has 20 seconds left.\n|inactive|chocapicorascapico has 15 seconds left.\n|inactive|fashoooo has 30 seconds left.\n|\n|t:|1788449466\n|switch|p1b: Pelipper|Pelipper, L50, F|100/100\n|-weather|RainDance|[from] ability: Drizzle|[of] p1b: Pelipper\n|move|p2b: Staraptor|Close Combat|p1a: Swampert\n|-damage|p1a: Swampert|73/100\n|-unboost|p2b: Staraptor|def|1\n|-unboost|p2b: Staraptor|spd|1\n|move|p1a: Swampert|Poison Jab|p2a: Milotic\n|-damage|p2a: Milotic|65/100\n|move|p2a: Milotic|Scald|p1b: Pelipper\n|-resisted|p1b: Pelipper|1\n|-damage|p1b: Pelipper|53/100\n|\n|-weather|RainDance|[upkeep]\n|upkeep\n|turn|3\n|\n|t:|1788449490\n|switch|p2b: Tyranitar|Tyranitar, L50, M|100/100\n|-weather|Sandstorm|[from] ability: Sand Stream|[of] p2b: Tyranitar\n|switch|p1a: Incineroar|Incineroar, L50, M|100/100\n|-ability|p1a: Incineroar|Intimidate|boost\n|-unboost|p2a: Milotic|atk|1\n|-ability|p2a: Milotic|Competitive|boost\n|-boost|p2a: Milotic|spa|2\n|-unboost|p2b: Tyranitar|atk|1\n|move|p2a: Milotic|Protect|p2a: Milotic\n|-singleturn|p2a: Milotic|Protect\n|move|p1b: Pelipper|Hurricane|p2a: Milotic\n|-activate|p2a: Milotic|move: Protect\n|\n|-weather|Sandstorm|[upkeep]\n|-damage|p2a: Milotic|60/100|[from] Sandstorm\n|-damage|p1b: Pelipper|47/100|[from] Sandstorm\n|-damage|p1a: Incineroar|93/100|[from] Sandstorm\n|-heal|p1a: Incineroar|100/100|[from] item: Leftovers\n|upkeep\n|turn|4\n|\n|t:|1788449508\n|move|p2b: Tyranitar|Protect|p2b: Tyranitar\n|-singleturn|p2b: Tyranitar|Protect\n|move|p2a: Milotic|Protect|p2a: Milotic\n|-singleturn|p2a: Milotic|Protect\n|move|p1a: Incineroar|Fake Out|p2a: Milotic\n|-activate|p2a: Milotic|move: Protect\n|move|p1b: Pelipper|Hurricane|p2a: Milotic\n|-activate|p2a: Milotic|move: Protect\n|\n|-weather|Sandstorm|[upkeep]\n|-damage|p2a: Milotic|54/100|[from] Sandstorm\n|-damage|p1b: Pelipper|41/100|[from] Sandstorm\n|-damage|p1a: Incineroar|93/100|[from] Sandstorm\n|-heal|p1a: Incineroar|100/100|[from] item: Leftovers\n|upkeep\n|turn|5\n|inactive|chocapicorascapico has 30 seconds left.\n|\n|t:|1788449538\n|switch|p1b: Swampert|Swampert-Mega, L50, F|73/100\n|detailschange|p2b: Tyranitar|Tyranitar-Mega, L50, M\n|-mega|p2b: Tyranitar|Tyranitar|Tyranitarite\n|move|p2b: Tyranitar|High Horsepower|p1a: Incineroar\n|-supereffective|p1a: Incineroar|1\n|-damage|p1a: Incineroar|63/100\n|move|p2a: Milotic|Scald|p1b: Swampert\n|-damage|p1b: Swampert|3/100\n|move|p1a: Incineroar|Parting Shot|p2b: Tyranitar\n|-unboost|p2b: Tyranitar|atk|1\n|-unboost|p2b: Tyranitar|spa|1\n|\n|t:|1788449550\n|switch|p1a: Hydrapple|Hydrapple, L50, M|100/100|[from] Parting Shot\n|\n|-weather|Sandstorm|[upkeep]\n|-damage|p2a: Milotic|48/100|[from] Sandstorm\n|-damage|p1a: Hydrapple|93/100|[from] Sandstorm\n|-enditem|p2a: Milotic|Sitrus Berry|[eat]\n|-heal|p2a: Milotic|73/100|[from] item: Sitrus Berry\n|upkeep\n|turn|6\n|\n|t:|1788449563\n|switch|p2b: Staraptor|Staraptor, L50, F|53/100\n|-ability|p2b: Staraptor|Intimidate|boost\n|-unboost|p1a: Hydrapple|atk|1\n|-unboost|p1b: Swampert|atk|1\n|move|p2a: Milotic|Icy Wind|p1b: Swampert|[spread] p1a,p1b\n|-supereffective|p1a: Hydrapple|2\n|-damage|p1a: Hydrapple|0 fnt\n|-damage|p1b: Swampert|0 fnt\n|faint|p1a: Hydrapple\n|faint|p1b: Swampert\n|\n|-weather|Sandstorm|[upkeep]\n|-damage|p2b: Staraptor|48/100|[from] Sandstorm\n|-damage|p2a: Milotic|67/100|[from] Sandstorm\n|upkeep\n|\n|t:|1788449572\n|switch|p1b: Incineroar|Incineroar, L50, M|63/100\n|switch|p1a: Pelipper|Pelipper, L50, F|41/100\n|-weather|RainDance|[from] ability: Drizzle|[of] p1a: Pelipper\n|-ability|p1b: Incineroar|Intimidate|boost\n|-unboost|p2a: Milotic|atk|1\n|-ability|p2a: Milotic|Competitive|boost\n|-boost|p2a: Milotic|spa|2\n|-unboost|p2b: Staraptor|atk|1\n|turn|7\n|\n|t:|1788449582\n|switch|p2b: Tyranitar|Tyranitar-Mega, L50, M|100/100\n|-weather|Sandstorm|[from] ability: Sand Stream|[of] p2b: Tyranitar\n|move|p2a: Milotic|Protect|p2a: Milotic\n|-singleturn|p2a: Milotic|Protect\n|move|p1b: Incineroar|Fake Out|p2a: Milotic\n|-activate|p2a: Milotic|move: Protect\n|move|p1a: Pelipper|Hurricane|p2a: Milotic\n|-activate|p2a: Milotic|move: Protect\n|\n|-weather|Sandstorm|[upkeep]\n|-damage|p2a: Milotic|61/100|[from] Sandstorm\n|-damage|p1a: Pelipper|35/100|[from] Sandstorm\n|-damage|p1b: Incineroar|57/100|[from] Sandstorm\n|-heal|p1b: Incineroar|63/100|[from] item: Leftovers\n|upkeep\n|turn|8\n|\n|t:|1788449593\n|move|p2b: Tyranitar|Rock Slide|p1b: Incineroar|[spread] p1a,p1b\n|-supereffective|p1a: Pelipper|1\n|-supereffective|p1b: Incineroar|1\n|-damage|p1a: Pelipper|0 fnt\n|-damage|p1b: Incineroar|12/100\n|faint|p1a: Pelipper\n|move|p2a: Milotic|Scald|p1b: Incineroar\n|-supereffective|p1b: Incineroar|1\n|-damage|p1b: Incineroar|0 fnt\n|faint|p1b: Incineroar\n|\n|win|fashoooo\n","uploadtime":1788449594,"views":"1","formatid":"gen9championsvgc2026regmbbo3","rating":null,"private":0,"password":null}