{"id":"gen9championsvgc2026regmb-2674287639","format":"[Gen 9 Champions] VGC 2026 Reg M-B","players":["alexismydog","yanhaoag"],"log":"|j|☆alexismydog\n|j|☆yanhaoag\n|t:|1788332310\n|gametype|doubles\n|player|p1|alexismydog|265|1467\n|player|p2|yanhaoag|1|1545\n|gen|9\n|tier|[Gen 9 Champions] VGC 2026 Reg M-B\n|rated|\n|rule|Species Clause: Limit one of each Pokémon\n|rule|Item Clause: Limit 1 of each item\n|clearpoke\n|poke|p1|Tyranitar, L50, M|\n|poke|p1|Excadrill, L50, M|\n|poke|p1|Sinistcha, L50|\n|poke|p1|Gholdengo, L50|\n|poke|p1|Staraptor, L50, F|\n|poke|p1|Milotic, L50, F|\n|poke|p2|Delphox, L50, F|\n|poke|p2|Pelipper, L50, M|\n|poke|p2|Archaludon, L50, F|\n|poke|p2|Basculegion, L50, M|\n|poke|p2|Staraptor, L50, M|\n|poke|p2|Whimsicott, L50, F|\n|teampreview|4\n|inactive|Battle timer is ON: inactive players will automatically lose when time's up. (requested by alexismydog)\n|\n|t:|1788332330\n|teamsize|p1|4\n|teamsize|p2|4\n|start\n|switch|p1a: Staraptor|Staraptor, L50, F|100/100\n|switch|p1b: Sinistcha|Sinistcha, L50|100/100\n|switch|p2a: Delphox|Delphox, L50, F|100/100\n|switch|p2b: Basculegion|Basculegion, L50, M|100/100\n|-ability|p1a: Staraptor|Intimidate|boost\n|-unboost|p2a: Delphox|atk|1\n|-unboost|p2b: Basculegion|atk|1\n|turn|1\n|\n|t:|1788332345\n|switch|p1a: Tyranitar|Tyranitar, L50, M|100/100\n|-weather|Sandstorm|[from] ability: Sand Stream|[of] p1a: Tyranitar\n|detailschange|p2a: Delphox|Delphox-Mega, L50, F\n|-mega|p2a: Delphox|Delphox|Delphoxite\n|move|p2b: Basculegion|Flip Turn|p1b: Sinistcha\n|-resisted|p1b: Sinistcha|1\n|-damage|p1b: Sinistcha|87/100\n|\n|t:|1788332354\n|switch|p2b: Archaludon|Archaludon, L50, F|100/100|[from] Flip Turn\n|move|p2a: Delphox|Nasty Plot|p2a: Delphox\n|-boost|p2a: Delphox|spa|2\n|move|p1b: Sinistcha|Matcha Gotcha|p2b: Archaludon|[spread] p2b\n|-miss|p1b: Sinistcha|p2a: Delphox\n|-resisted|p2b: Archaludon|2\n|-damage|p2b: Archaludon|93/100\n|-heal|p1b: Sinistcha|91/100|[from] drain|[of] p2b: Archaludon\n|-status|p2b: Archaludon|brn\n|-ability|p2b: Archaludon|Stamina|boost\n|-boost|p2b: Archaludon|def|1\n|\n|-weather|Sandstorm|[upkeep]\n|-damage|p2a: Delphox|93/100|[from] Sandstorm\n|-damage|p1b: Sinistcha|85/100|[from] Sandstorm\n|-heal|p2b: Archaludon|100/100 brn|[from] item: Leftovers\n|-heal|p1b: Sinistcha|91/100|[from] item: Leftovers\n|-damage|p2b: Archaludon|93/100 brn|[from] brn\n|upkeep\n|turn|2\n|inactive|alexismydog has 30 seconds left.\n|\n|t:|1788332381\n|move|p2a: Delphox|Protect|p2a: Delphox\n|-singleturn|p2a: Delphox|Protect\n|move|p1b: Sinistcha|Rage Powder|p1b: Sinistcha\n|-singleturn|p1b: Sinistcha|move: Rage Powder\n|move|p1a: Tyranitar|Dragon Dance|p1a: Tyranitar\n|-boost|p1a: Tyranitar|atk|1\n|-boost|p1a: Tyranitar|spe|1\n|move|p2b: Archaludon|Flash Cannon|p1b: Sinistcha\n|-damage|p1b: Sinistcha|57/100\n|\n|-weather|Sandstorm|[upkeep]\n|-damage|p2a: Delphox|87/100|[from] Sandstorm\n|-damage|p1b: Sinistcha|51/100|[from] Sandstorm\n|-heal|p2b: Archaludon|100/100 brn|[from] item: Leftovers\n|-heal|p1b: Sinistcha|57/100|[from] item: Leftovers\n|-damage|p2b: Archaludon|93/100 brn|[from] brn\n|upkeep\n|turn|3\n|\n|t:|1788332397\n|move|p1b: Sinistcha|Rage Powder|p1b: Sinistcha\n|-singleturn|p1b: Sinistcha|move: Rage Powder\n|move|p2a: Delphox|Heat Wave|p1a: Tyranitar|[spread] p1b\n|-miss|p2a: Delphox|p1a: Tyranitar\n|-supereffective|p1b: Sinistcha|1\n|-damage|p1b: Sinistcha|0 fnt\n|faint|p1b: Sinistcha\n|move|p1a: Tyranitar|Dragon Dance|p1a: Tyranitar\n|-boost|p1a: Tyranitar|atk|1\n|-boost|p1a: Tyranitar|spe|1\n|move|p2b: Archaludon|Flash Cannon|p1a: Tyranitar\n|-supereffective|p1a: Tyranitar|1\n|-damage|p1a: Tyranitar|44/100\n|\n|-weather|Sandstorm|[upkeep]\n|-damage|p2a: Delphox|81/100|[from] Sandstorm\n|-heal|p2b: Archaludon|100/100 brn|[from] item: Leftovers\n|-damage|p2b: Archaludon|93/100 brn|[from] brn\n|upkeep\n|\n|t:|1788332412\n|switch|p1b: Staraptor|Staraptor, L50, F|100/100\n|-ability|p1b: Staraptor|Intimidate|boost\n|-unboost|p2a: Delphox|atk|1\n|-unboost|p2b: Archaludon|atk|1\n|turn|4\n|\n|t:|1788332432\n|detailschange|p1b: Staraptor|Staraptor-Mega, L50, F\n|-mega|p1b: Staraptor|Staraptor|Staraptite\n|move|p1a: Tyranitar|Protect|p1a: Tyranitar\n|-singleturn|p1a: Tyranitar|Protect\n|move|p2a: Delphox|Protect|p2a: Delphox\n|-singleturn|p2a: Delphox|Protect\n|move|p1b: Staraptor|Close Combat|p2b: Archaludon\n|-supereffective|p2b: Archaludon|1\n|-damage|p2b: Archaludon|32/100 brn\n|-boost|p1b: Staraptor|def|1\n|-boost|p1b: Staraptor|spd|1\n|-ability|p2b: Archaludon|Stamina|boost\n|-boost|p2b: Archaludon|def|1\n|move|p2b: Archaludon|Flash Cannon|p1a: Tyranitar\n|-activate|p1a: Tyranitar|move: Protect\n|\n|-weather|Sandstorm|[upkeep]\n|-damage|p2a: Delphox|75/100|[from] Sandstorm\n|-damage|p1b: Staraptor|93/100|[from] Sandstorm\n|-heal|p2b: Archaludon|39/100 brn|[from] item: Leftovers\n|-damage|p2b: Archaludon|32/100 brn|[from] brn\n|upkeep\n|turn|5\n|\n|t:|1788332453\n|move|p1a: Tyranitar|Knock Off|p2a: Delphox\n|-supereffective|p2a: Delphox|1\n|-damage|p2a: Delphox|0 fnt\n|faint|p2a: Delphox\n|move|p1b: Staraptor|Close Combat|p2b: Archaludon\n|-supereffective|p2b: Archaludon|1\n|-crit|p2b: Archaludon\n|-damage|p2b: Archaludon|0 fnt\n|-boost|p1b: Staraptor|def|1\n|-boost|p1b: Staraptor|spd|1\n|faint|p2b: Archaludon\n|\n|-weather|none\n|upkeep\n|\n|t:|1788332460\n|switch|p2a: Basculegion|Basculegion, L50, M|100/100\n|switch|p2b: Pelipper|Pelipper, L50, M|100/100\n|-weather|RainDance|[from] ability: Drizzle|[of] p2b: Pelipper\n|turn|6\n|\n|t:|1788332469\n|move|p1a: Tyranitar|Protect|p1a: Tyranitar\n|-singleturn|p1a: Tyranitar|Protect\n|move|p2a: Basculegion|Aqua Jet|p1a: Tyranitar\n|-activate|p1a: Tyranitar|move: Protect\n|move|p1b: Staraptor|Tailwind|p1b: Staraptor\n|-sidestart|p1: alexismydog|move: Tailwind\n|move|p2b: Pelipper|Hurricane|p1b: Staraptor\n|-supereffective|p1b: Staraptor|1\n|-damage|p1b: Staraptor|53/100\n|-start|p1b: Staraptor|confusion\n|\n|-weather|RainDance|[upkeep]\n|upkeep\n|turn|7\n|\n|t:|1788332488\n|switch|p1a: Gholdengo|Gholdengo, L50|100/100\n|move|p2a: Basculegion|Aqua Jet|p1a: Gholdengo\n|-damage|p1a: Gholdengo|60/100\n|-activate|p1b: Staraptor|confusion\n|move|p1b: Staraptor|Brave Bird|p2a: Basculegion\n|-damage|p2a: Basculegion|33/100\n|-damage|p1b: Staraptor|30/100|[from] Recoil\n|move|p2b: Pelipper|Hurricane|p1b: Staraptor\n|-supereffective|p1b: Staraptor|1\n|-damage|p1b: Staraptor|0 fnt\n|faint|p1b: Staraptor\n|\n|-weather|RainDance|[upkeep]\n|upkeep\n|\n|t:|1788332501\n|switch|p1b: Tyranitar|Tyranitar, L50, M|44/100\n|-weather|Sandstorm|[from] ability: Sand Stream|[of] p1b: Tyranitar\n|turn|8\n|\n|t:|1788332514\n|move|p1b: Tyranitar|Protect|p1b: Tyranitar\n|-singleturn|p1b: Tyranitar|Protect\n|move|p2a: Basculegion|Aqua Jet|p1b: Tyranitar\n|-activate|p1b: Tyranitar|move: Protect\n|move|p1a: Gholdengo|Shadow Ball|p2a: Basculegion\n|-supereffective|p2a: Basculegion|1\n|-damage|p2a: Basculegion|0 fnt\n|faint|p2a: Basculegion\n|move|p2b: Pelipper|Hurricane|p1b: Tyranitar\n|-activate|p1b: Tyranitar|move: Protect\n|\n|-weather|Sandstorm|[upkeep]\n|-damage|p2b: Pelipper|93/100|[from] Sandstorm\n|upkeep\n|turn|9\n|-message|yanhaoag forfeited.\n|\n|win|alexismydog\n|raw|alexismydog's rating: 1467 &rarr; <strong>1491</strong><br />(+24 for winning)\n|raw|yanhaoag's rating: 1545 &rarr; <strong>1521</strong><br />(-24 for losing)\n|l|☆yanhaoag\n|player|p2|\n","uploadtime":1788332529,"views":"1","formatid":"gen9championsvgc2026regmb","rating":1491,"private":0,"password":null}