{"id":"gen9championsvgc2026regmb-2674024252","format":"[Gen 9 Champions] VGC 2026 Reg M-B","players":["Whatever_sait","DINOLONK"],"log":"|j|☆Whatever_sait\n|j|☆DINOLONK\n|t:|1788289515\n|gametype|doubles\n|player|p1|Whatever_sait|red|1189\n|player|p2|DINOLONK|parasollady-gen4|1224\n|gen|9\n|tier|[Gen 9 Champions] VGC 2026 Reg M-B\n|rated|\n|rule|Species Clause: Limit one of each Pokémon\n|rule|Item Clause: Limit 1 of each item\n|clearpoke\n|poke|p1|Garchomp, L50, M|\n|poke|p1|Kingambit, L50, M|\n|poke|p1|Sneasler, L50, M|\n|poke|p1|Sinistcha, L50|\n|poke|p1|Incineroar, L50, M|\n|poke|p1|Floette-Eternal, L50, F|\n|poke|p2|Dragonite, L50, M|\n|poke|p2|Sneasler, L50, M|\n|poke|p2|Kingambit, L50, F|\n|poke|p2|Basculegion, L50, M|\n|poke|p2|Whimsicott, L50, M|\n|poke|p2|Floette-Eternal, L50, F|\n|teampreview|4\n|inactive|Battle timer is ON: inactive players will automatically lose when time's up. (requested by DINOLONK)\n|\n|t:|1788289541\n|teamsize|p1|4\n|teamsize|p2|4\n|start\n|switch|p1a: Sneasler|Sneasler, L50, M|100/100\n|switch|p1b: Floette|Floette-Eternal, L50, F|100/100\n|switch|p2a: Sneasler|Sneasler, L50, M|100/100\n|switch|p2b: Whimsicott|Whimsicott, L50, M|100/100\n|turn|1\n|inactive|DINOLONK has 30 seconds left.\n|\n|t:|1788289573\n|switch|p1b: Incineroar|Incineroar, L50, M|100/100\n|-ability|p1b: Incineroar|Intimidate|boost\n|-unboost|p2a: Sneasler|atk|1\n|-unboost|p2b: Whimsicott|atk|1\n|-enditem|p2a: Sneasler|White Herb\n|-clearnegativeboost|p2a: Sneasler|[silent]\n|move|p2b: Whimsicott|Tailwind|p2b: Whimsicott\n|-sidestart|p2: DINOLONK|move: Tailwind\n|move|p2a: Sneasler|Dire Claw|p1b: Incineroar\n|-damage|p1b: Incineroar|63/100\n|move|p1a: Sneasler|Dire Claw|p2b: Whimsicott\n|-supereffective|p2b: Whimsicott|2\n|-enditem|p2b: Whimsicott|Focus Sash\n|-damage|p2b: Whimsicott|1/100\n|\n|-heal|p1b: Incineroar|69/100|[from] item: Leftovers\n|upkeep\n|turn|2\n|inactive|Whatever_sait has 30 seconds left.\n|\n|t:|1788289605\n|switch|p1a: Sinistcha|Sinistcha, L50|100/100\n|-heal|p1b: Incineroar|94/100|[from] ability: Hospitality|[of] p1a: Sinistcha\n|move|p2b: Whimsicott|Protect|p2b: Whimsicott\n|-singleturn|p2b: Whimsicott|Protect\n|move|p1b: Incineroar|Fake Out|p2a: Sneasler\n|-crit|p2a: Sneasler\n|-damage|p2a: Sneasler|74/100\n|cant|p2a: Sneasler|flinch\n|\n|-heal|p1b: Incineroar|100/100|[from] item: Leftovers\n|upkeep\n|turn|3\n|\n|t:|1788289626\n|switch|p2b: Floette|Floette-Eternal, L50, F|100/100\n|move|p2a: Sneasler|Dire Claw|p1a: Sinistcha\n|-damage|p1a: Sinistcha|65/100\n|move|p1a: Sinistcha|Matcha Gotcha|p2b: Floette|[spread] p2a,p2b\n|-resisted|p2a: Sneasler|1\n|-damage|p2a: Sneasler|60/100\n|-heal|p1a: Sinistcha|72/100|[from] drain|[of] p2a: Sneasler\n|-damage|p2b: Floette|76/100\n|-heal|p1a: Sinistcha|82/100|[from] drain|[of] p2b: Floette\n|-status|p2a: Sneasler|brn\n|-status|p2b: Floette|brn\n|move|p1b: Incineroar|Flare Blitz|p2a: Sneasler\n|-damage|p2a: Sneasler|0 fnt\n|faint|p2a: Sneasler\n|-damage|p1b: Incineroar|83/100|[from] Recoil\n|\n|-heal|p1b: Incineroar|89/100|[from] item: Leftovers\n|-damage|p2b: Floette|70/100 brn|[from] brn\n|upkeep\n|\n|t:|1788289642\n|switch|p2a: Basculegion|Basculegion, L50, M|100/100\n|turn|4\n|inactive|Whatever_sait has 30 seconds left.\n|\n|t:|1788289672\n|detailschange|p2b: Floette|Floette-Mega, L50, F\n|-mega|p2b: Floette|Floette|Floettite\n|-ability|p2b: Floette|Fairy Aura\n|move|p1a: Sinistcha|Protect|p1a: Sinistcha\n|-singleturn|p1a: Sinistcha|Protect\n|move|p2b: Floette|Light of Ruin|p1a: Sinistcha\n|-activate|p1a: Sinistcha|move: Protect\n|move|p2a: Basculegion|Wave Crash|p1b: Incineroar\n|-supereffective|p1b: Incineroar|1\n|-damage|p1b: Incineroar|0 fnt\n|faint|p1b: Incineroar\n|-damage|p2a: Basculegion|69/100|[from] Recoil\n|-damage|p2a: Basculegion|59/100|[from] item: Life Orb\n|\n|-damage|p2b: Floette|64/100 brn|[from] brn\n|-sideend|p2: DINOLONK|move: Tailwind\n|upkeep\n|\n|t:|1788289693\n|switch|p1b: Sneasler|Sneasler, L50, M|100/100\n|turn|5\n|\n|t:|1788289704\n|move|p2b: Floette|Protect|p2b: Floette\n|-singleturn|p2b: Floette|Protect\n|move|p1b: Sneasler|Coaching|p1a: Sinistcha\n|-boost|p1a: Sinistcha|atk|1\n|-boost|p1a: Sinistcha|def|1\n|move|p2a: Basculegion|Last Respects|p1b: Sneasler\n|-enditem|p1b: Sneasler|Focus Sash\n|-damage|p1b: Sneasler|1/100\n|-damage|p2a: Basculegion|49/100|[from] item: Life Orb\n|move|p1a: Sinistcha|Matcha Gotcha|p2b: Floette|[spread] p2a\n|-activate|p2b: Floette|move: Protect\n|-supereffective|p2a: Basculegion|1\n|-damage|p2a: Basculegion|0 fnt\n|-heal|p1a: Sinistcha|100/100|[from] drain|[of] p2a: Basculegion\n|faint|p2a: Basculegion\n|\n|-damage|p2b: Floette|58/100 brn|[from] brn\n|upkeep\n|\n|t:|1788289712\n|switch|p2a: Whimsicott|Whimsicott, L50, M|1/100\n|turn|6\n|inactive|Whatever_sait has 30 seconds left.\n|\n|t:|1788289740\n|switch|p1b: Floette|Floette-Eternal, L50, F|100/100\n|move|p2a: Whimsicott|Tailwind|p2a: Whimsicott\n|-sidestart|p2: DINOLONK|move: Tailwind\n|move|p2b: Floette|Dazzling Gleam|p1a: Sinistcha|[spread] p1a,p1b\n|-damage|p1a: Sinistcha|49/100\n|-damage|p1b: Floette|56/100\n|-enditem|p1a: Sinistcha|Sitrus Berry|[eat]\n|-heal|p1a: Sinistcha|74/100|[from] item: Sitrus Berry\n|move|p1a: Sinistcha|Trick Room|p1a: Sinistcha\n|-fieldstart|move: Trick Room|[of] p1a: Sinistcha\n|\n|-damage|p2b: Floette|52/100 brn|[from] brn\n|upkeep\n|turn|7\n|\n|t:|1788289760\n|detailschange|p1b: Floette|Floette-Mega, L50, F\n|-mega|p1b: Floette|Floette|Floettite\n|-ability|p1b: Floette|Fairy Aura\n|move|p2a: Whimsicott|Encore|p1a: Sinistcha\n|-start|p1a: Sinistcha|Encore\n|move|p1b: Floette|Calm Mind|p1b: Floette\n|-boost|p1b: Floette|spa|1\n|-boost|p1b: Floette|spd|1\n|move|p2b: Floette|Dazzling Gleam|p1b: Floette|[spread] p1a,p1b\n|-damage|p1a: Sinistcha|26/100\n|-damage|p1b: Floette|29/100\n|move|p1a: Sinistcha|Trick Room|p1a: Sinistcha\n|-fieldend|move: Trick Room\n|\n|-damage|p2b: Floette|46/100 brn|[from] brn\n|upkeep\n|turn|8\n|\n|t:|1788289779\n|move|p1b: Floette|Protect|p1b: Floette\n|-singleturn|p1b: Floette|Protect\n|move|p2a: Whimsicott|Encore|p1b: Floette\n|-activate|p1b: Floette|move: Protect\n|move|p2b: Floette|Dazzling Gleam|p1b: Floette|[spread] p1a\n|-activate|p1b: Floette|move: Protect\n|-damage|p1a: Sinistcha|0 fnt\n|faint|p1a: Sinistcha\n|\n|-damage|p2b: Floette|40/100 brn|[from] brn\n|upkeep\n|\n|t:|1788289791\n|switch|p1a: Sneasler|Sneasler, L50, M|1/100\n|turn|9\n|\n|t:|1788289799\n|move|p2a: Whimsicott|Protect|p2a: Whimsicott\n|-singleturn|p2a: Whimsicott|Protect\n|move|p2b: Floette|Protect|p2b: Floette\n|-singleturn|p2b: Floette|Protect\n|move|p1a: Sneasler|Fake Out|p2b: Floette\n|-activate|p2b: Floette|move: Protect\n|move|p1b: Floette|Dazzling Gleam|p2a: Whimsicott|[spread] \n|-activate|p2a: Whimsicott|move: Protect\n|-activate|p2b: Floette|move: Protect\n|\n|-damage|p2b: Floette|34/100 brn|[from] brn\n|-sideend|p2: DINOLONK|move: Tailwind\n|upkeep\n|turn|10\n|\n|t:|1788289822\n|move|p2a: Whimsicott|Tailwind|p2a: Whimsicott\n|-sidestart|p2: DINOLONK|move: Tailwind\n|move|p2b: Floette|Moonblast|p1b: Floette\n|-damage|p1b: Floette|0 fnt\n|faint|p1b: Floette\n|move|p1a: Sneasler|Dire Claw|p2b: Floette\n|-supereffective|p2b: Floette|1\n|-damage|p2b: Floette|0 fnt\n|faint|p2b: Floette\n|\n|upkeep\n|turn|11\n|\n|t:|1788289834\n|move|p2a: Whimsicott|Moonblast|p1a: Sneasler\n|-damage|p1a: Sneasler|0 fnt\n|faint|p1a: Sneasler\n|\n|win|DINOLONK\n|raw|Whatever_sait's rating: 1189 &rarr; <strong>1167</strong><br />(-22 for losing)\n|raw|DINOLONK's rating: 1224 &rarr; <strong>1246</strong><br />(+22 for winning)\n","uploadtime":1788289834,"views":"0","formatid":"gen9championsvgc2026regmb","rating":1167,"private":0,"password":null}