{"id":"gen9championsvgc2026regmb-2674162259","format":"[Gen 9 Champions] VGC 2026 Reg M-B","players":["mythicalfire21","Newyiddyboy"],"log":"|j|☆mythicalfire21\n|j|☆Newyiddyboy\n|t:|1788308453\n|gametype|doubles\n|player|p1|mythicalfire21|lucas|1156\n|player|p2|Newyiddyboy|magmagrunt-rse|1185\n|gen|9\n|tier|[Gen 9 Champions] VGC 2026 Reg M-B\n|rated|\n|rule|Species Clause: Limit one of each Pokémon\n|rule|Item Clause: Limit 1 of each item\n|clearpoke\n|poke|p1|Staraptor, L50, F|\n|poke|p1|Raichu, L50, M|\n|poke|p1|Whimsicott, L50, F|\n|poke|p1|Arcanine-Hisui, L50, M|\n|poke|p1|Sylveon, L50, M|\n|poke|p1|Kingambit, L50, M|\n|poke|p2|Grimmsnarl, L50, M|\n|poke|p2|Sinistcha, L50|\n|poke|p2|Pelipper, L50, F|\n|poke|p2|Incineroar, L50, F|\n|poke|p2|Kingambit, L50, M|\n|poke|p2|Swampert, L50, M|\n|teampreview|4\n|\n|t:|1788308495\n|teamsize|p1|4\n|teamsize|p2|4\n|start\n|switch|p1a: Whimsicott|Whimsicott, L50, F|100/100\n|switch|p1b: Staraptor|Staraptor, L50, F|100/100\n|switch|p2a: Incineroar|Incineroar, L50, F|100/100\n|switch|p2b: Swampert|Swampert, L50, M|100/100\n|-ability|p1b: Staraptor|Intimidate|boost\n|-unboost|p2a: Incineroar|atk|1\n|-unboost|p2b: Swampert|atk|1\n|-ability|p2a: Incineroar|Intimidate|boost\n|-unboost|p1a: Whimsicott|atk|1\n|-unboost|p1b: Staraptor|atk|1\n|turn|1\n|inactive|Battle timer is ON: inactive players will automatically lose when time's up. (requested by mythicalfire21)\n|\n|t:|1788308536\n|switch|p2b: Kingambit|Kingambit, L50, M|100/100\n|move|p1b: Staraptor|Protect|p1b: Staraptor\n|-singleturn|p1b: Staraptor|Protect\n|move|p2a: Incineroar|Fake Out|p1b: Staraptor\n|-activate|p1b: Staraptor|move: Protect\n|move|p1a: Whimsicott|Charm|p2b: Kingambit\n|-hint|Since gen 7, Dark is immune to Prankster moves.\n|-immune|p2b: Kingambit\n|\n|upkeep\n|turn|2\n|inactive|Newyiddyboy has 30 seconds left.\n|inactive|Newyiddyboy has 20 seconds left.\n|inactive|Newyiddyboy has 15 seconds left.\n|\n|t:|1788308579\n|detailschange|p1b: Staraptor|Staraptor-Mega, L50, F\n|-mega|p1b: Staraptor|Staraptor|Staraptite\n|move|p1a: Whimsicott|Charm|p1b: Staraptor\n|-boost|p1b: Staraptor|atk|2\n|move|p1b: Staraptor|Close Combat|p2a: Incineroar\n|-supereffective|p2a: Incineroar|1\n|-damage|p2a: Incineroar|0 fnt\n|-boost|p1b: Staraptor|def|1\n|-boost|p1b: Staraptor|spd|1\n|faint|p2a: Incineroar\n|move|p2b: Kingambit|Iron Head|p1a: Whimsicott\n|-supereffective|p1a: Whimsicott|1\n|-damage|p1a: Whimsicott|0 fnt\n|faint|p1a: Whimsicott\n|\n|upkeep\n|\n|t:|1788308596\n|switch|p1a: Sylveon|Sylveon, L50, M|100/100\n|switch|p2a: Pelipper|Pelipper, L50, F|100/100\n|-weather|RainDance|[from] ability: Drizzle|[of] p2a: Pelipper\n|turn|3\n|\n|t:|1788308621\n|move|p2b: Kingambit|Protect|p2b: Kingambit\n|-singleturn|p2b: Kingambit|Protect\n|move|p1b: Staraptor|Close Combat|p2a: Pelipper\n|-resisted|p2a: Pelipper|1\n|-damage|p2a: Pelipper|58/100\n|-boost|p1b: Staraptor|def|1\n|-boost|p1b: Staraptor|spd|1\n|move|p1a: Sylveon|Hyper Voice|p2a: Pelipper|[spread] p2a\n|-activate|p2b: Kingambit|move: Protect\n|-damage|p2a: Pelipper|0 fnt\n|faint|p2a: Pelipper\n|\n|-weather|RainDance|[upkeep]\n|upkeep\n|\n|t:|1788308631\n|switch|p2a: Swampert|Swampert, L50, M|100/100\n|turn|4\n|\n|t:|1788308644\n|detailschange|p2a: Swampert|Swampert-Mega, L50, M\n|-mega|p2a: Swampert|Swampert|Swampertite\n|move|p2a: Swampert|Wave Crash|p1b: Staraptor\n|-damage|p1b: Staraptor|45/100\n|-damage|p2a: Swampert|81/100|[from] Recoil\n|move|p1b: Staraptor|Close Combat|p2b: Kingambit\n|-supereffective|p2b: Kingambit|2\n|-enditem|p2b: Kingambit|Chople Berry|[eat]\n|-enditem|p2b: Kingambit|Chople Berry|[weaken]\n|-damage|p2b: Kingambit|0 fnt\n|-boost|p1b: Staraptor|def|1\n|-boost|p1b: Staraptor|spd|1\n|faint|p2b: Kingambit\n|move|p1a: Sylveon|Yawn|p2a: Swampert\n|-start|p2a: Swampert|move: Yawn|[of] p1a: Sylveon\n|\n|-weather|RainDance|[upkeep]\n|upkeep\n|turn|5\n|\n|t:|1788308663\n|move|p1b: Staraptor|Protect|p1b: Staraptor\n|-singleturn|p1b: Staraptor|Protect\n|move|p1a: Sylveon|Protect|p1a: Sylveon\n|-singleturn|p1a: Sylveon|Protect\n|move|p2a: Swampert|Wave Crash|p1b: Staraptor\n|-activate|p1b: Staraptor|move: Protect\n|\n|-weather|RainDance|[upkeep]\n|-end|p2a: Swampert|move: Yawn|[silent]\n|-status|p2a: Swampert|slp\n|upkeep\n|turn|6\n|\n|t:|1788308669\n|cant|p2a: Swampert|slp\n|move|p1b: Staraptor|Roost|p1b: Staraptor\n|-heal|p1b: Staraptor|95/100\n|-singleturn|p1b: Staraptor|move: Roost\n|move|p1a: Sylveon|Hyper Voice|p2a: Swampert\n|-damage|p2a: Swampert|28/100 slp\n|\n|-weather|RainDance|[upkeep]\n|upkeep\n|turn|7\n|\n|t:|1788308684\n|cant|p2a: Swampert|slp\n|move|p1b: Staraptor|Close Combat|p2a: Swampert\n|-damage|p2a: Swampert|0 fnt\n|-boost|p1b: Staraptor|def|1\n|-boost|p1b: Staraptor|spd|1\n|faint|p2a: Swampert\n|\n|win|mythicalfire21\n|raw|mythicalfire21's rating: 1156 &rarr; <strong>1183</strong><br />(+27 for winning)\n|raw|Newyiddyboy's rating: 1185 &rarr; <strong>1158</strong><br />(-27 for losing)\n|l|☆Newyiddyboy\n|player|p2|\n","uploadtime":1788308786,"views":"12","formatid":"gen9championsvgc2026regmb","rating":1158,"private":0,"password":null}