{"id":"gen9championsvgc2026regmbbo3-2674807386","format":"[Gen 9 Champions] VGC 2026 Reg M-B (Bo3)","players":["kingsrowbajax","That_Leek"],"log":"|j|☆kingsrowbajax\n|j|☆That_Leek\n|html|<table width=\"100%\"><tr><td align=\"left\">kingsrowbajax</td><td align=\"right\">That_Leek</tr><tr><td align=\"left\"><i class=\"fa fa-circle\"></i> <i class=\"fa fa-circle-o\"></i> </td><td align=\"right\"><i class=\"fa fa-circle-o\"></i> <i class=\"fa fa-circle-o\"></i> </tr></table>\n|uhtml|bestof|<h2><strong>Game 2</strong> of <a href=\"/game-bestof3-gen9championsvgc2026regmbbo3-2674806765\">a best-of-3</a></h2>\n|t:|1788410726\n|gametype|doubles\n|player|p1|kingsrowbajax|265|1303\n|player|p2|That_Leek|blue-masters|1215\n|gen|9\n|tier|[Gen 9 Champions] VGC 2026 Reg M-B (Bo3)\n|rated|\n|rule|Species Clause: Limit one of each Pokémon\n|rule|Item Clause: Limit 1 of each item\n|clearpoke\n|poke|p1|Blastoise, L50, M|\n|poke|p1|Delphox, L50, M|\n|poke|p1|Sinistcha-Masterpiece, L50|\n|poke|p1|Sneasler, L50, F|\n|poke|p1|Kingambit, L50, M|\n|poke|p1|Incineroar, L50, M|\n|poke|p2|Raichu, L50, F|\n|poke|p2|Kingambit, L50, F|\n|poke|p2|Dragonite, L50, M|\n|poke|p2|Ninetales-Alola, L50, M|\n|poke|p2|Sylveon, L50, M|\n|poke|p2|Incineroar, L50, F|\n|teampreview|4\n|showteam|p1|Blastoise||Blastoisinite|RainDish|WaterSpout,DarkPulse,ShellSmash,Protect|Modest||M|||50|]Delphox||Delphoxite|Blaze|HeatWave,Psychic,NastyPlot,Protect|Timid||M|||50|]Sinistcha-Masterpiece||ColburBerry|Hospitality|MatchaGotcha,RagePowder,TrickRoom,Protect|Bold|||||50|]Sneasler||FocusSash|PoisonTouch|FakeOut,PoisonJab,CloseCombat,QuickGuard|Jolly||F|||50|]Kingambit||LifeOrb|Defiant|KowtowCleave,SuckerPunch,SwordsDance,Protect|Adamant||M|||50|]Incineroar||SitrusBerry|Intimidate|FakeOut,FlareBlitz,ThroatChop,PartingShot|Careful||M|||50|\n|showteam|p2|Raichu||RaichuniteY|LightningRod|FakeOut,ZapCannon,FocusBlast,Protect|Timid||F|||50|]Kingambit||BlackGlasses|Defiant|KowtowCleave,SuckerPunch,Protect,SwordsDance|Adamant||F|||50|]Dragonite||LifeOrb|InnerFocus|DragonClaw,Tailwind,Superpower,Protect|Adamant||M|||50|]Ninetales-Alola||FocusSash|SnowWarning|Blizzard,IcyWind,Protect,FreezeDry|Timid||M|||50|]Sylveon||FairyFeather|Pixilate|HyperVoice,QuickAttack,CalmMind,Detect|Modest||M|||50|]Incineroar||LumBerry|Intimidate|FakeOut,FlareBlitz,PartingShot,ThroatChop|Impish||F|||50|\n|\n|t:|1788410743\n|teamsize|p1|4\n|teamsize|p2|4\n|start\n|switch|p1a: Delphox|Delphox, L50, M|100/100\n|switch|p1b: Sneasler|Sneasler, L50, F|100/100\n|switch|p2a: Raichu|Raichu, L50, F|100/100\n|switch|p2b: Dragonite|Dragonite, L50, M|100/100\n|turn|1\n|\n|t:|1788410767\n|detailschange|p2a: Raichu|Raichu-Mega-Y, L50, F\n|-mega|p2a: Raichu|Raichu|Raichunite Y\n|detailschange|p1a: Delphox|Delphox-Mega, L50, M\n|-mega|p1a: Delphox|Delphox|Delphoxite\n|move|p2a: Raichu|Fake Out|p1a: Delphox\n|-damage|p1a: Delphox|89/100\n|move|p1b: Sneasler|Quick Guard|p1b: Sneasler\n|-singleturn|p1b: Sneasler|Quick Guard\n|cant|p1a: Delphox|flinch\n|move|p2b: Dragonite|Tailwind|p2b: Dragonite\n|-sidestart|p2: That_Leek|move: Tailwind\n|\n|upkeep\n|turn|2\n|\n|t:|1788410795\n|switch|p1b: Incineroar|Incineroar, L50, M|100/100\n|-ability|p1b: Incineroar|Intimidate|boost\n|-unboost|p2a: Raichu|atk|1\n|-fail|p2b: Dragonite|unboost|atk|[from] ability: Inner Focus|[of] p2b: Dragonite\n|move|p1a: Delphox|Protect|p1a: Delphox\n|-singleturn|p1a: Delphox|Protect\n|move|p2a: Raichu|Zap Cannon|p1b: Incineroar\n|-damage|p1b: Incineroar|46/100\n|-status|p1b: Incineroar|par\n|-enditem|p1b: Incineroar|Sitrus Berry|[eat]\n|-heal|p1b: Incineroar|71/100 par|[from] item: Sitrus Berry\n|move|p2b: Dragonite|Dragon Claw|p1b: Incineroar\n|-damage|p1b: Incineroar|13/100 par\n|-damage|p2b: Dragonite|90/100|[from] item: Life Orb\n|\n|upkeep\n|turn|3\n|\n|t:|1788410813\n|move|p2a: Raichu|Protect|p2a: Raichu\n|-singleturn|p2a: Raichu|Protect\n|move|p1b: Incineroar|Fake Out|p2a: Raichu\n|-activate|p2a: Raichu|move: Protect\n|move|p2b: Dragonite|Dragon Claw|p1a: Delphox\n|-damage|p1a: Delphox|13/100\n|-damage|p2b: Dragonite|80/100|[from] item: Life Orb\n|move|p1a: Delphox|Nasty Plot|p1a: Delphox\n|-boost|p1a: Delphox|spa|2\n|\n|upkeep\n|turn|4\n|\n|t:|1788410839\n|switch|p2a: Sylveon|Sylveon, L50, M|100/100\n|move|p1a: Delphox|Protect|p1a: Delphox\n|-singleturn|p1a: Delphox|Protect\n|move|p2b: Dragonite|Dragon Claw|p1b: Incineroar\n|-damage|p1b: Incineroar|0 fnt\n|faint|p1b: Incineroar\n|-damage|p2b: Dragonite|71/100|[from] item: Life Orb\n|\n|-sideend|p2: That_Leek|move: Tailwind\n|upkeep\n|\n|t:|1788410849\n|switch|p1b: Sneasler|Sneasler, L50, F|100/100\n|turn|5\n|\n|t:|1788410869\n|move|p1a: Delphox|Psychic|p2b: Dragonite\n|-damage|p2b: Dragonite|0 fnt\n|faint|p2b: Dragonite\n|move|p1b: Sneasler|Poison Jab|p2a: Sylveon\n|-supereffective|p2a: Sylveon|1\n|-damage|p2a: Sylveon|0 fnt\n|faint|p2a: Sylveon\n|\n|upkeep\n|\n|t:|1788410873\n|switch|p2b: Kingambit|Kingambit, L50, F|100/100\n|switch|p2a: Raichu|Raichu-Mega-Y, L50, F|100/100\n|turn|6\n|\n|t:|1788410894\n|move|p2a: Raichu|Fake Out|p1b: Sneasler\n|-damage|p1b: Sneasler|85/100\n|move|p2b: Kingambit|Sucker Punch|p1a: Delphox\n|-supereffective|p1a: Delphox|1\n|-damage|p1a: Delphox|0 fnt\n|faint|p1a: Delphox\n|cant|p1b: Sneasler|flinch\n|\n|upkeep\n|\n|t:|1788410901\n|switch|p1a: Sinistcha|Sinistcha-Masterpiece, L50|100/100\n|-heal|p1b: Sneasler|100/100|[from] ability: Hospitality|[of] p1a: Sinistcha\n|turn|7\n|\n|t:|1788410923\n|move|p2b: Kingambit|Protect|p2b: Kingambit\n|-singleturn|p2b: Kingambit|Protect\n|move|p1a: Sinistcha|Rage Powder|p1a: Sinistcha\n|-singleturn|p1a: Sinistcha|move: Rage Powder\n|move|p2a: Raichu|Zap Cannon|p1a: Sinistcha\n|-resisted|p1a: Sinistcha|1\n|-damage|p1a: Sinistcha|67/100\n|-status|p1a: Sinistcha|par\n|move|p1b: Sneasler|Poison Jab|p2a: Raichu\n|-damage|p2a: Raichu|23/100\n|-status|p2a: Raichu|psn|[from] ability: Poison Touch|[of] p1b: Sneasler\n|\n|-damage|p2a: Raichu|11/100 psn|[from] psn\n|upkeep\n|turn|8\n|\n|t:|1788410938\n|move|p2b: Kingambit|Protect||[still]\n|-fail|p2b: Kingambit\n|move|p1a: Sinistcha|Rage Powder|p1a: Sinistcha\n|-singleturn|p1a: Sinistcha|move: Rage Powder\n|move|p2a: Raichu|Zap Cannon|p1a: Sinistcha\n|-resisted|p1a: Sinistcha|1\n|-damage|p1a: Sinistcha|37/100 par\n|move|p1b: Sneasler|Close Combat|p2b: Kingambit\n|-supereffective|p2b: Kingambit|2\n|-damage|p2b: Kingambit|0 fnt\n|-unboost|p1b: Sneasler|def|1\n|-unboost|p1b: Sneasler|spd|1\n|faint|p2b: Kingambit\n|\n|-damage|p2a: Raichu|0 fnt|[from] psn\n|faint|p2a: Raichu\n|\n|win|kingsrowbajax\n|raw|kingsrowbajax's rating: 1303 &rarr; <strong>1318</strong><br />(+15 for winning)\n|raw|That_Leek's rating: 1215 &rarr; <strong>1196</strong><br />(-19 for losing)\n","uploadtime":1788410939,"views":"0","formatid":"gen9championsvgc2026regmbbo3","rating":1196,"private":0,"password":null}