{"id":"gen9championsvgc2026regmbbo3-2675012741","format":"[Gen 9 Champions] VGC 2026 Reg M-B (Bo3)","players":["knekun10","Qalumngg"],"log":"|j|☆knekun10\n|j|☆Qalumngg\n|html|<table width=\"100%\"><tr><td align=\"left\">knekun10</td><td align=\"right\">Qalumngg</tr><tr><td align=\"left\"><i class=\"fa fa-circle-o\"></i> <i class=\"fa fa-circle-o\"></i> </td><td align=\"right\"><i class=\"fa fa-circle-o\"></i> <i class=\"fa fa-circle-o\"></i> </tr></table>\n|uhtml|bestof|<h2><strong>Game 1</strong> of <a href=\"/game-bestof3-gen9championsvgc2026regmbbo3-2675012740\">a best-of-3</a></h2>\n|t:|1788448634\n|gametype|doubles\n|player|p1|knekun10|101|1078\n|player|p2|Qalumngg|richboy|1000\n|gen|9\n|tier|[Gen 9 Champions] VGC 2026 Reg M-B (Bo3)\n|rated|\n|rule|Species Clause: Limit one of each Pokémon\n|rule|Item Clause: Limit 1 of each item\n|clearpoke\n|poke|p1|Dragonite, L50, M|\n|poke|p1|Sneasler, L50, M|\n|poke|p1|Kingambit, L50, F|\n|poke|p1|Basculegion, L50, M|\n|poke|p1|Whimsicott, L50, M|\n|poke|p1|Floette-Eternal, L50, F|\n|poke|p2|Swampert, L50, F|\n|poke|p2|Pelipper, L50, M|\n|poke|p2|Archaludon, L50, F|\n|poke|p2|Meganium, L50, M|\n|poke|p2|Overqwil, L50, M|\n|poke|p2|Clefable, L50, F|\n|teampreview|4\n|showteam|p1|Dragonite||Dragoninite|InnerFocus|DragonPulse,HeatWave,Thunderbolt,Protect|Modest||M|||50|]Sneasler||WhiteHerb|Unburden|DireClaw,CloseCombat,RockSlide,FakeOut|Jolly||M|||50|]Kingambit||ChopleBerry|Defiant|KowtowCleave,SuckerPunch,LowKick,IronHead|Adamant||F|||50|]Basculegion||LifeOrb|Adaptability|WaveCrash,LastRespects,AquaJet,Protect|Adamant||M|||50|]Whimsicott||FocusSash|Prankster|Moonblast,Tailwind,Encore,Protect|Timid||M|||50|]Floette-Eternal||Floettite|FlowerVeil|Moonblast,DazzlingGleam,LightofRuin,Protect|Timid||F|||50|\n|showteam|p2|Swampert||Swampertite|Torrent|WaveCrash,Earthquake,HighHorsepower,Protect|Jolly||F|||50|]Pelipper||DampRock|Drizzle|Tailwind,WideGuard,RainDance,Hurricane|Bold||M|||50|]Archaludon||Leftovers|Stamina|ElectroShot,Protect,FlashCannon,DragonPulse|Modest||F|||50|]Meganium||Meganiumite|Overgrow|SolarBeam,Synthesis,Protect,WeatherBall|Timid||M|||50|]Overqwil||PoisonBarb|SwiftSwim|Waterfall,BarbBarrage,ThroatChop,Protect|Adamant||M|||50|]Clefable||SitrusBerry|Unaware|FollowMe,Moonblast,Protect,HelpingHand|Bold||F|||50|\n|c|☆Qalumngg|i wonder where ive seen this team before\n|inactive|Battle timer is ON: inactive players will automatically lose when time's up. (requested by knekun10)\n|\n|t:|1788448695\n|teamsize|p1|4\n|teamsize|p2|4\n|start\n|switch|p1a: Basculegion|Basculegion, L50, M|100/100\n|switch|p1b: Whimsicott|Whimsicott, L50, M|100/100\n|switch|p2a: Pelipper|Pelipper, L50, M|100/100\n|switch|p2b: Overqwil|Overqwil, L50, M|100/100\n|-weather|RainDance|[from] ability: Drizzle|[of] p2a: Pelipper\n|turn|1\n|\n|t:|1788448718\n|move|p1b: Whimsicott|Protect|p1b: Whimsicott\n|-singleturn|p1b: Whimsicott|Protect\n|move|p2b: Overqwil|Protect|p2b: Overqwil\n|-singleturn|p2b: Overqwil|Protect\n|move|p1a: Basculegion|Wave Crash|p2b: Overqwil\n|-activate|p2b: Overqwil|move: Protect\n|move|p2a: Pelipper|Tailwind|p2a: Pelipper\n|-sidestart|p2: Qalumngg|move: Tailwind\n|\n|-weather|RainDance|[upkeep]\n|upkeep\n|turn|2\n|inactive|knekun10 has 30 seconds left.\n|inactive|Qalumngg has 30 seconds left.\n|inactive|knekun10 has 20 seconds left.\n|inactive|Qalumngg has 20 seconds left.\n|\n|t:|1788448760\n|move|p1a: Basculegion|Protect|p1a: Basculegion\n|-singleturn|p1a: Basculegion|Protect\n|move|p1b: Whimsicott|Tailwind|p1b: Whimsicott\n|-sidestart|p1: knekun10|move: Tailwind\n|move|p2b: Overqwil|Barb Barrage|p1b: Whimsicott\n|-supereffective|p1b: Whimsicott|2\n|-enditem|p1b: Whimsicott|Focus Sash\n|-damage|p1b: Whimsicott|1/100\n|move|p2a: Pelipper|Hurricane|p1b: Whimsicott\n|-supereffective|p1b: Whimsicott|1\n|-damage|p1b: Whimsicott|0 fnt\n|faint|p1b: Whimsicott\n|\n|-weather|RainDance|[upkeep]\n|upkeep\n|\n|t:|1788448775\n|switch|p1b: Dragonite|Dragonite, L50, M|100/100\n|turn|3\n|\n|t:|1788448785\n|switch|p2a: Archaludon|Archaludon, L50, F|100/100\n|detailschange|p1b: Dragonite|Dragonite-Mega, L50, M\n|-mega|p1b: Dragonite|Dragonite|Dragoninite\n|move|p2b: Overqwil|Throat Chop|p1a: Basculegion\n|-supereffective|p1a: Basculegion|1\n|-damage|p1a: Basculegion|0 fnt\n|faint|p1a: Basculegion\n|move|p1b: Dragonite|Thunderbolt|p2a: Archaludon\n|-resisted|p2a: Archaludon|1\n|-damage|p2a: Archaludon|82/100\n|-ability|p2a: Archaludon|Stamina|boost\n|-boost|p2a: Archaludon|def|1\n|\n|-weather|RainDance|[upkeep]\n|-heal|p2a: Archaludon|88/100|[from] item: Leftovers\n|upkeep\n|\n|t:|1788448799\n|switch|p1a: Kingambit|Kingambit, L50, F|100/100\n|turn|4\n|\n|t:|1788448818\n|move|p2b: Overqwil|Waterfall|p1a: Kingambit\n|-damage|p1a: Kingambit|69/100\n|move|p1b: Dragonite|Dragon Pulse|p2b: Overqwil\n|-damage|p2b: Overqwil|12/100\n|move|p2a: Archaludon|Electro Shot||[still]\n|-prepare|p2a: Archaludon|Electro Shot\n|-boost|p2a: Archaludon|spa|1\n|-anim|p2a: Archaludon|Electro Shot|p1a: Kingambit\n|-damage|p1a: Kingambit|11/100\n|move|p1a: Kingambit|Kowtow Cleave|p2b: Overqwil\n|-resisted|p2b: Overqwil|1\n|-damage|p2b: Overqwil|0 fnt\n|faint|p2b: Overqwil\n|\n|-weather|RainDance|[upkeep]\n|-heal|p2a: Archaludon|94/100|[from] item: Leftovers\n|-sideend|p2: Qalumngg|move: Tailwind\n|upkeep\n|\n|t:|1788448829\n|switch|p2b: Meganium|Meganium, L50, M|100/100\n|turn|5\n|\n|t:|1788448844\n|detailschange|p2b: Meganium|Meganium-Mega, L50, M\n|-mega|p2b: Meganium|Meganium|Meganiumite\n|move|p1b: Dragonite|Dragon Pulse|p2a: Archaludon\n|-damage|p2a: Archaludon|41/100\n|-ability|p2a: Archaludon|Stamina|boost\n|-boost|p2a: Archaludon|def|1\n|move|p1a: Kingambit|Kowtow Cleave|p2b: Meganium\n|-resisted|p2b: Meganium|1\n|-damage|p2b: Meganium|77/100\n|move|p2b: Meganium|Weather Ball|p1a: Kingambit\n|-supereffective|p1a: Kingambit|1\n|-damage|p1a: Kingambit|0 fnt\n|faint|p1a: Kingambit\n|move|p2a: Archaludon|Dragon Pulse|p1b: Dragonite\n|-supereffective|p1b: Dragonite|1\n|-damage|p1b: Dragonite|46/100\n|\n|-weather|RainDance|[upkeep]\n|-heal|p2a: Archaludon|47/100|[from] item: Leftovers\n|-sideend|p1: knekun10|move: Tailwind\n|upkeep\n|turn|6\n|\n|t:|1788448864\n|move|p2a: Archaludon|Protect|p2a: Archaludon\n|-singleturn|p2a: Archaludon|Protect\n|move|p1b: Dragonite|Heat Wave|p2a: Archaludon|[spread] p2b\n|-activate|p2a: Archaludon|move: Protect\n|-supereffective|p2b: Meganium|1\n|-damage|p2b: Meganium|46/100\n|move|p2b: Meganium|Weather Ball|p1b: Dragonite\n|-resisted|p1b: Dragonite|1\n|-damage|p1b: Dragonite|19/100\n|\n|-weather|RainDance|[upkeep]\n|-heal|p2a: Archaludon|53/100|[from] item: Leftovers\n|upkeep\n|turn|7\n|\n|t:|1788448879\n|move|p1b: Dragonite|Dragon Pulse|p2a: Archaludon\n|-damage|p2a: Archaludon|1/100\n|-ability|p2a: Archaludon|Stamina|boost\n|-boost|p2a: Archaludon|def|1\n|move|p2b: Meganium|Weather Ball|p1b: Dragonite\n|-resisted|p1b: Dragonite|1\n|-damage|p1b: Dragonite|0 fnt\n|faint|p1b: Dragonite\n|\n|win|Qalumngg\n||knekun10 is ready for game 2.\n|inactive|Qalumngg has 30 seconds to confirm battle start!\n|inactive|Qalumngg has 20 seconds to confirm battle start!\n||Qalumngg is ready for game 2.\n|uhtml|next|Next: <a href=\"/battle-gen9championsvgc2026regmbbo3-2675015005\"><strong>Game 2 of 3</strong></a>\n|l|☆knekun10\n|player|p1|\n","uploadtime":1788449286,"views":"0","formatid":"gen9championsvgc2026regmbbo3","rating":null,"private":0,"password":null}