{"id":"gen9championsvgc2026regmb-2674472395","format":"[Gen 9 Champions] VGC 2026 Reg M-B","players":["seedance1.2","Bradley Broccoli"],"log":"|j|☆seedance1.2\n|j|☆Bradley Broccoli\n|t:|1788363835\n|gametype|doubles\n|player|p1|seedance1.2|1|1473\n|player|p2|Bradley Broccoli|lucas|1584\n|gen|9\n|tier|[Gen 9 Champions] VGC 2026 Reg M-B\n|rated|\n|rule|Species Clause: Limit one of each Pokémon\n|rule|Item Clause: Limit 1 of each item\n|clearpoke\n|poke|p1|Kleavor, L50, F|\n|poke|p1|Scizor, L50, M|\n|poke|p1|Farigiraf, L50, F|\n|poke|p1|Blastoise, L50, M|\n|poke|p1|Whimsicott, L50, F|\n|poke|p1|Blaziken, L50, F|\n|poke|p2|Meganium, L50, F|\n|poke|p2|Talonflame, L50, M|\n|poke|p2|Gholdengo, L50|\n|poke|p2|Glimmora, L50, F|\n|poke|p2|Garchomp, L50, F|\n|poke|p2|Froslass, L50, F|\n|teampreview|4\n|\n|t:|1788363885\n|teamsize|p1|4\n|teamsize|p2|4\n|start\n|switch|p1a: Kleavor|Kleavor, L50, F|100/100\n|switch|p1b: Farigiraf|Farigiraf, L50, F|100/100\n|switch|p2a: Talonflame|Talonflame, L50, M|100/100\n|switch|p2b: Gholdengo|Gholdengo, L50|100/100\n|turn|1\n|\n|t:|1788363898\n|move|p2a: Talonflame|Tailwind|p2a: Talonflame\n|-sidestart|p2: Bradley Broccoli|move: Tailwind\n|move|p2b: Gholdengo|Make It Rain|p1b: Farigiraf|[spread] p1b\n|-miss|p2b: Gholdengo|p1a: Kleavor\n|-damage|p1b: Farigiraf|55/100\n|-unboost|p2b: Gholdengo|spa|2\n|-enditem|p2b: Gholdengo|White Herb\n|-clearnegativeboost|p2b: Gholdengo|[silent]\n|move|p1a: Kleavor|Stone Axe|p2a: Talonflame\n|-supereffective|p2a: Talonflame|2\n|-damage|p2a: Talonflame|0 fnt\n|-sidestart|p2: Bradley Broccoli|move: Stealth Rock\n|faint|p2a: Talonflame\n|move|p1b: Farigiraf|Trick Room|p1b: Farigiraf\n|-fieldstart|move: Trick Room|[of] p1b: Farigiraf\n|\n|upkeep\n|\n|t:|1788363927\n|switch|p2a: Meganium|Meganium, L50, F|100/100\n|-damage|p2a: Meganium|87/100|[from] Stealth Rock\n|turn|2\n|\n|t:|1788363941\n|move|p2a: Meganium|Protect|p2a: Meganium\n|-singleturn|p2a: Meganium|Protect\n|move|p1b: Farigiraf|Psychic|p2a: Meganium\n|-activate|p2a: Meganium|move: Protect\n|move|p1a: Kleavor|Stone Axe|p2a: Meganium\n|-activate|p2a: Meganium|move: Protect\n|move|p2b: Gholdengo|Make It Rain|p1b: Farigiraf|[spread] p1a,p1b\n|-supereffective|p1a: Kleavor|1\n|-crit|p1b: Farigiraf\n|-enditem|p1a: Kleavor|Focus Sash\n|-damage|p1a: Kleavor|1/100\n|-damage|p1b: Farigiraf|0 fnt\n|-unboost|p2b: Gholdengo|spa|2\n|faint|p1b: Farigiraf\n|\n|upkeep\n|\n|t:|1788363967\n|switch|p1b: Blastoise|Blastoise, L50, M|100/100\n|turn|3\n|\n|t:|1788363983\n|switch|p2b: Garchomp|Garchomp, L50, F|100/100\n|-damage|p2b: Garchomp|94/100|[from] Stealth Rock\n|detailschange|p1b: Blastoise|Blastoise-Mega, L50, M\n|-mega|p1b: Blastoise|Blastoise|Blastoisinite\n|move|p1b: Blastoise|Water Spout|p2b: Garchomp|[spread] p2a,p2b\n|-resisted|p2a: Meganium|1\n|-damage|p2a: Meganium|54/100\n|-damage|p2b: Garchomp|19/100\n|move|p1a: Kleavor|X-Scissor|p2a: Meganium\n|-supereffective|p2a: Meganium|1\n|-damage|p2a: Meganium|0 fnt\n|faint|p2a: Meganium\n|\n|upkeep\n|\n|t:|1788363995\n|switch|p2a: Gholdengo|Gholdengo, L50|100/100\n|-damage|p2a: Gholdengo|93/100|[from] Stealth Rock\n|turn|4\n|\n|t:|1788364005\n|move|p2a: Gholdengo|Protect|p2a: Gholdengo\n|-singleturn|p2a: Gholdengo|Protect\n|move|p2b: Garchomp|Protect|p2b: Garchomp\n|-singleturn|p2b: Garchomp|Protect\n|move|p1b: Blastoise|Dark Pulse|p2a: Gholdengo\n|-activate|p2a: Gholdengo|move: Protect\n|move|p1a: Kleavor|X-Scissor|p2b: Garchomp\n|-activate|p2b: Garchomp|move: Protect\n|\n|-sideend|p2: Bradley Broccoli|move: Tailwind\n|upkeep\n|turn|5\n|\n|t:|1788364020\n|move|p2a: Gholdengo|Protect||[still]\n|-fail|p2a: Gholdengo\n|move|p1b: Blastoise|Water Spout|p2a: Gholdengo|[spread] p2a,p2b\n|-damage|p2a: Gholdengo|12/100\n|-damage|p2b: Garchomp|0 fnt\n|faint|p2b: Garchomp\n|move|p1a: Kleavor|Tailwind|p1a: Kleavor\n|-sidestart|p1: seedance1.2|move: Tailwind\n|\n|-fieldend|move: Trick Room\n|upkeep\n|turn|6\n|-message|Bradley Broccoli forfeited.\n|\n|win|seedance1.2\n|raw|seedance1.2's rating: 1473 &rarr; <strong>1499</strong><br />(+26 for winning)\n|raw|Bradley Broccoli's rating: 1584 &rarr; <strong>1558</strong><br />(-26 for losing)\n|l|☆Bradley Broccoli\n|player|p2|\n","uploadtime":1788364036,"views":"1","formatid":"gen9championsvgc2026regmb","rating":1499,"private":0,"password":null}