{"id":"gen9championsvgc2026regmb-2674565410","format":"[Gen 9 Champions] VGC 2026 Reg M-B","players":["Others sides","azyo"],"log":"|j|☆Others sides\n|j|☆azyo\n|t:|1788374585\n|gametype|doubles\n|player|p1|Others sides|101|1140\n|player|p2|azyo|waiter|1111\n|gen|9\n|tier|[Gen 9 Champions] VGC 2026 Reg M-B\n|rated|\n|rule|Species Clause: Limit one of each Pokémon\n|rule|Item Clause: Limit 1 of each item\n|clearpoke\n|poke|p1|Camerupt, L50, M, shiny|\n|poke|p1|Farigiraf, L50, M|\n|poke|p1|Abomasnow, L50, M, shiny|\n|poke|p1|Sinistcha-Masterpiece, L50|\n|poke|p1|Incineroar, L50, M|\n|poke|p1|Glaceon, L50, M|\n|poke|p2|Garchomp, L50, F|\n|poke|p2|Whimsicott, L50, F|\n|poke|p2|Incineroar, L50, M|\n|poke|p2|Sinistcha-Masterpiece, L50|\n|poke|p2|Tyranitar, L50, M|\n|poke|p2|Umbreon, L50, F|\n|teampreview|4\n|inactive|Battle timer is ON: inactive players will automatically lose when time's up. (requested by Others sides)\n|\n|t:|1788374612\n|teamsize|p1|4\n|teamsize|p2|4\n|start\n|switch|p1a: Farigiraf|Farigiraf, L50, M|100/100\n|switch|p1b: Incineroar|Incineroar, L50, M|100/100\n|switch|p2a: Tyranitar|Tyranitar, L50, M|100/100\n|switch|p2b: Umbreon|Umbreon, L50, F|100/100\n|-weather|Sandstorm|[from] ability: Sand Stream|[of] p2a: Tyranitar\n|turn|1\n|\n|t:|1788374634\n|move|p1b: Incineroar|Fake Out|p2a: Tyranitar\n|-resisted|p2a: Tyranitar|1\n|-damage|p2a: Tyranitar|94/100\n|move|p2b: Umbreon|Curse|p2b: Umbreon\n|-unboost|p2b: Umbreon|spe|1\n|-boost|p2b: Umbreon|atk|1\n|-boost|p2b: Umbreon|def|1\n|cant|p2a: Tyranitar|flinch\n|move|p1a: Farigiraf|Trick Room|p1a: Farigiraf\n|-fieldstart|move: Trick Room|[of] p1a: Farigiraf\n|\n|-weather|Sandstorm|[upkeep]\n|-damage|p1a: Farigiraf|93/100|[from] Sandstorm\n|-damage|p2b: Umbreon|94/100|[from] Sandstorm\n|-damage|p1b: Incineroar|94/100|[from] Sandstorm\n|upkeep\n|turn|2\n|\n|t:|1788374655\n|move|p1a: Farigiraf|Protect|p1a: Farigiraf\n|-singleturn|p1a: Farigiraf|Protect\n|move|p2b: Umbreon|Curse|p2b: Umbreon\n|-unboost|p2b: Umbreon|spe|1\n|-boost|p2b: Umbreon|atk|1\n|-boost|p2b: Umbreon|def|1\n|move|p1b: Incineroar|Flare Blitz|p2b: Umbreon\n|-damage|p2b: Umbreon|65/100\n|-status|p2b: Umbreon|brn\n|-activate|p2b: Umbreon|ability: Synchronize\n|-immune|p1b: Incineroar\n|-damage|p1b: Incineroar|86/100|[from] Recoil\n|move|p2a: Tyranitar|Knock Off|p1a: Farigiraf\n|-activate|p1a: Farigiraf|move: Protect\n|\n|-weather|Sandstorm|[upkeep]\n|-damage|p2b: Umbreon|59/100 brn|[from] Sandstorm\n|-damage|p1a: Farigiraf|87/100|[from] Sandstorm\n|-damage|p1b: Incineroar|80/100|[from] Sandstorm\n|-damage|p2b: Umbreon|53/100 brn|[from] brn\n|upkeep\n|turn|3\n|inactive|Others sides has 30 seconds left.\n|\n|t:|1788374681\n|move|p1a: Farigiraf|Protect||[still]\n|-fail|p1a: Farigiraf\n|move|p2b: Umbreon|Moonlight|p2b: Umbreon\n|-heal|p2b: Umbreon|78/100 brn\n|move|p1b: Incineroar|Parting Shot|p2a: Tyranitar\n|-unboost|p2a: Tyranitar|atk|1\n|-unboost|p2a: Tyranitar|spa|1\n|\n|t:|1788374691\n|switch|p1b: Abomasnow|Abomasnow, L50, M, shiny|100/100|[from] Parting Shot\n|-weather|Snowscape|[from] ability: Snow Warning|[of] p1b: Abomasnow\n|move|p2a: Tyranitar|Knock Off|p1a: Farigiraf\n|-supereffective|p1a: Farigiraf|1\n|-enditem|p1a: Farigiraf|Colbur Berry|[eat]\n|-enditem|p1a: Farigiraf|Colbur Berry|[weaken]\n|-damage|p1a: Farigiraf|44/100\n|\n|-weather|Snowscape|[upkeep]\n|-damage|p2b: Umbreon|72/100 brn|[from] brn\n|upkeep\n|turn|4\n|inactive|azyo has 30 seconds left.\n|\n|t:|1788374718\n|detailschange|p1b: Abomasnow|Abomasnow-Mega, L50, M, shiny\n|-mega|p1b: Abomasnow|Abomasnow|Abomasite\n|move|p1a: Farigiraf|Helping Hand|p1b: Abomasnow\n|-singleturn|p1b: Abomasnow|Helping Hand|[of] p1a: Farigiraf\n|move|p1b: Abomasnow|Giga Drain|p2a: Tyranitar\n|-supereffective|p2a: Tyranitar|1\n|-damage|p2a: Tyranitar|0 fnt\n|faint|p2a: Tyranitar\n|move|p2b: Umbreon|Baton Pass|p2b: Umbreon\n|\n|t:|1788374728\n|switch|p2b: Garchomp|Garchomp, L50, F|100/100|[from] Baton Pass\n|\n|-weather|Snowscape|[upkeep]\n|upkeep\n|\n|t:|1788374733\n|switch|p2a: Sinistcha|Sinistcha-Masterpiece, L50|100/100\n|turn|5\n|\n|t:|1788374752\n|detailschange|p2b: Garchomp|Garchomp-Mega, L50, F\n|-mega|p2b: Garchomp|Garchomp|Garchompite\n|move|p1b: Abomasnow|Protect|p1b: Abomasnow\n|-singleturn|p1b: Abomasnow|Protect\n|move|p2a: Sinistcha|Rage Powder|p2a: Sinistcha\n|-singleturn|p2a: Sinistcha|move: Rage Powder\n|move|p2b: Garchomp|Iron Head|p1b: Abomasnow\n|-activate|p1b: Abomasnow|move: Protect\n|move|p1a: Farigiraf|Psychic|p2a: Sinistcha\n|-damage|p2a: Sinistcha|66/100\n|\n|-weather|Snowscape|[upkeep]\n|-fieldend|move: Trick Room\n|upkeep\n|turn|6\n|inactive|azyo has 30 seconds left.\n|inactive|azyo has 20 seconds left.\n|inactive|azyo has 15 seconds left.\n|inactive|azyo has 10 seconds left.\n|\n|t:|1788374800\n|switch|p2b: Umbreon|Umbreon, L50, F|72/100 brn\n|move|p1a: Farigiraf|Helping Hand|p1b: Abomasnow\n|-singleturn|p1b: Abomasnow|Helping Hand|[of] p1a: Farigiraf\n|move|p1b: Abomasnow|Blizzard|p2a: Sinistcha|[spread] p2a,p2b\n|-supereffective|p2a: Sinistcha|1\n|-damage|p2a: Sinistcha|0 fnt\n|-damage|p2b: Umbreon|12/100 brn\n|faint|p2a: Sinistcha\n|\n|-weather|Snowscape|[upkeep]\n|-damage|p2b: Umbreon|6/100 brn|[from] brn\n|upkeep\n|\n|t:|1788374813\n|switch|p2a: Garchomp|Garchomp-Mega, L50, F|100/100\n|turn|7\n|\n|t:|1788374824\n|move|p1b: Abomasnow|Protect|p1b: Abomasnow\n|-singleturn|p1b: Abomasnow|Protect\n|move|p2a: Garchomp|Dragon Claw|p1a: Farigiraf\n|-damage|p1a: Farigiraf|0 fnt\n|faint|p1a: Farigiraf\n|move|p2b: Umbreon|Moonlight|p2b: Umbreon\n|-heal|p2b: Umbreon|31/100 brn\n|\n|-weather|none\n|-damage|p2b: Umbreon|25/100 brn|[from] brn\n|upkeep\n|\n|t:|1788374835\n|switch|p1a: Glaceon|Glaceon, L50, M|100/100\n|turn|8\n|\n|t:|1788374847\n|switch|p1b: Incineroar|Incineroar, L50, M|80/100\n|move|p1a: Glaceon|Protect|p1a: Glaceon\n|-singleturn|p1a: Glaceon|Protect\n|move|p2a: Garchomp|Iron Head|p1b: Incineroar\n|-resisted|p1b: Incineroar|1\n|-damage|p1b: Incineroar|61/100\n|move|p2b: Umbreon|Moonlight|p2b: Umbreon\n|-heal|p2b: Umbreon|75/100 brn\n|\n|-damage|p2b: Umbreon|69/100 brn|[from] brn\n|upkeep\n|turn|9\n|inactive|azyo has 30 seconds left.\n|\n|t:|1788374874\n|move|p1b: Incineroar|Fake Out|p2a: Garchomp\n|-damage|p2a: Garchomp|87/100\n|cant|p2a: Garchomp|flinch\n|move|p2b: Umbreon|Crunch|p1a: Glaceon\n|-damage|p1a: Glaceon|91/100\n|move|p1a: Glaceon|Freeze-Dry|p2a: Garchomp\n|-supereffective|p2a: Garchomp|2\n|-damage|p2a: Garchomp|0 fnt\n|faint|p2a: Garchomp\n|\n|-damage|p2b: Umbreon|63/100 brn|[from] brn\n|upkeep\n|turn|10\n|-message|azyo forfeited.\n|\n|win|Others sides\n|raw|Others sides's rating: 1140 &rarr; <strong>1163</strong><br />(+23 for winning)\n|raw|azyo's rating: 1111 &rarr; <strong>1088</strong><br />(-23 for losing)\n|l|☆azyo\n|player|p2|\n|c|☆Others sides|Ggs\n","uploadtime":1788375193,"views":"6","formatid":"gen9championsvgc2026regmb","rating":1088,"private":0,"password":null}