{"id":"gen9championsvgc2026regmb-2674698426","format":"[Gen 9 Champions] VGC 2026 Reg M-B","players":["Maks_sim","Zapdos79"],"log":"|j|☆Maks_sim\n|j|☆Zapdos79\n|t:|1788392295\n|gametype|doubles\n|player|p1|Maks_sim|2|1133\n|player|p2|Zapdos79|flannery|1209\n|gen|9\n|tier|[Gen 9 Champions] VGC 2026 Reg M-B\n|rated|\n|rule|Species Clause: Limit one of each Pokémon\n|rule|Item Clause: Limit 1 of each item\n|clearpoke\n|poke|p1|Arbok, L50, M|\n|poke|p1|Meganium, L50, M|\n|poke|p1|Archaludon, L50, F|\n|poke|p1|Grimmsnarl, L50, M|\n|poke|p1|Pelipper, L50, M|\n|poke|p1|Charizard, L50, F|\n|poke|p2|Espathra, L50, M|\n|poke|p2|Floette-Eternal, L50, F|\n|poke|p2|Charizard, L50, M|\n|poke|p2|Zoroark-Hisui, L50, F|\n|poke|p2|Sneasler, L50, M|\n|poke|p2|Kingambit, L50, M|\n|teampreview|4\n|inactive|Battle timer is ON: inactive players will automatically lose when time's up. (requested by Maks_sim)\n|inactive|Zapdos79 has 60 seconds left.\n|inactive|Zapdos79 has 30 seconds left.\n|inactive|Zapdos79 has 20 seconds left.\n|\n|t:|1788392368\n|teamsize|p1|4\n|teamsize|p2|4\n|start\n|switch|p1a: Arbok|Arbok, L50, M|100/100\n|switch|p1b: Charizard|Charizard, L50, F|100/100\n|switch|p2a: Espathra|Espathra, L50, M|100/100\n|switch|p2b: Sneasler|Sneasler, L50, M|100/100\n|-ability|p1a: Arbok|Intimidate|boost\n|-unboost|p2a: Espathra|atk|1\n|-unboost|p2b: Sneasler|atk|1\n|-enditem|p2b: Sneasler|White Herb\n|-clearnegativeboost|p2b: Sneasler|[silent]\n|turn|1\n|\n|t:|1788392385\n|detailschange|p1b: Charizard|Charizard-Mega-Y, L50, F\n|-mega|p1b: Charizard|Charizard|Charizardite Y\n|-weather|SunnyDay|[from] ability: Drought|[of] p1b: Charizard\n|move|p2b: Sneasler|Fake Out|p1a: Arbok\n|-damage|p1a: Arbok|74/100\n|move|p1b: Charizard|Heat Wave|p2b: Sneasler|[spread] p2a,p2b\n|-damage|p2a: Espathra|17/100\n|-damage|p2b: Sneasler|21/100\n|-enditem|p2a: Espathra|Sitrus Berry|[eat]\n|-heal|p2a: Espathra|42/100|[from] item: Sitrus Berry\n|cant|p1a: Arbok|flinch\n|move|p2a: Espathra|Calm Mind|p2a: Espathra\n|-boost|p2a: Espathra|spa|1\n|-boost|p2a: Espathra|spd|1\n|\n|-weather|SunnyDay|[upkeep]\n|-ability|p2a: Espathra|Speed Boost|boost\n|-boost|p2a: Espathra|spe|1\n|upkeep\n|turn|2\n|\n|t:|1788392406\n|move|p2a: Espathra|Protect|p2a: Espathra\n|-singleturn|p2a: Espathra|Protect\n|move|p2b: Sneasler|Dire Claw|p1b: Charizard\n|-damage|p1b: Charizard|43/100\n|move|p1b: Charizard|Heat Wave|p2b: Sneasler|[spread] p2b\n|-activate|p2a: Espathra|move: Protect\n|-damage|p2b: Sneasler|0 fnt\n|faint|p2b: Sneasler\n|move|p1a: Arbok|Knock Off|p2a: Espathra\n|-activate|p2a: Espathra|move: Protect\n|\n|-weather|SunnyDay|[upkeep]\n|-ability|p2a: Espathra|Speed Boost|boost\n|-boost|p2a: Espathra|spe|1\n|upkeep\n|\n|t:|1788392414\n|switch|p2b: Kingambit|Kingambit, L50, M|100/100\n|turn|3\n|\n|t:|1788392429\n|move|p2b: Kingambit|Sucker Punch|p1b: Charizard\n|-damage|p1b: Charizard|0 fnt\n|faint|p1b: Charizard\n|-damage|p2b: Kingambit|90/100|[from] item: Life Orb\n|move|p2a: Espathra|Lumina Crash|p1a: Arbok\n|-supereffective|p1a: Arbok|1\n|-damage|p1a: Arbok|0 fnt\n|faint|p1a: Arbok\n|\n|-weather|SunnyDay|[upkeep]\n|-ability|p2a: Espathra|Speed Boost|boost\n|-boost|p2a: Espathra|spe|1\n|upkeep\n|\n|t:|1788392432\n|switch|p1b: Archaludon|Archaludon, L50, F|100/100\n|switch|p1a: Pelipper|Pelipper, L50, M|100/100\n|-weather|RainDance|[from] ability: Drizzle|[of] p1a: Pelipper\n|turn|4\n|inactive|Zapdos79 has 30 seconds left.\n|inactive|Zapdos79 has 20 seconds left.\n|\n|t:|1788392472\n|move|p2b: Kingambit|Sucker Punch|p1a: Pelipper\n|-damage|p1a: Pelipper|30/100\n|-enditem|p1a: Pelipper|Sitrus Berry|[eat]\n|-heal|p1a: Pelipper|55/100|[from] item: Sitrus Berry\n|-damage|p2b: Kingambit|80/100|[from] item: Life Orb\n|move|p2a: Espathra|Baton Pass|p2a: Espathra\n|\n|t:|1788392478\n|switch|p2a: Charizard|Charizard, L50, M|100/100|[from] Baton Pass\n|move|p1a: Pelipper|Weather Ball|p2b: Kingambit\n|-damage|p2b: Kingambit|23/100\n|move|p1b: Archaludon|Electro Shot||[still]\n|-prepare|p1b: Archaludon|Electro Shot\n|-boost|p1b: Archaludon|spa|1\n|-anim|p1b: Archaludon|Electro Shot|p2b: Kingambit\n|-damage|p2b: Kingambit|0 fnt\n|faint|p2b: Kingambit\n|\n|-weather|RainDance|[upkeep]\n|upkeep\n|\n|t:|1788392481\n|switch|p2b: Espathra|Espathra, L50, M|42/100\n|turn|5\n|\n|t:|1788392502\n|detailschange|p2a: Charizard|Charizard-Mega-Y, L50, M\n|-mega|p2a: Charizard|Charizard|Charizardite Y\n|-weather|SunnyDay|[from] ability: Drought|[of] p2a: Charizard\n|move|p1a: Pelipper|Wide Guard|p1a: Pelipper\n|-singleturn|p1a: Pelipper|Wide Guard\n|move|p2a: Charizard|Ancient Power|p1a: Pelipper\n|-supereffective|p1a: Pelipper|1\n|-damage|p1a: Pelipper|0 fnt\n|faint|p1a: Pelipper\n|move|p2b: Espathra|Lumina Crash|p1b: Archaludon\n|-resisted|p1b: Archaludon|1\n|-crit|p1b: Archaludon\n|-damage|p1b: Archaludon|78/100\n|-unboost|p1b: Archaludon|spd|2\n|-ability|p1b: Archaludon|Stamina|boost\n|-boost|p1b: Archaludon|def|1\n|move|p1b: Archaludon|Dragon Pulse|p2b: Espathra\n|-damage|p2b: Espathra|0 fnt\n|faint|p2b: Espathra\n|\n|-weather|SunnyDay|[upkeep]\n|-heal|p1b: Archaludon|84/100|[from] item: Leftovers\n|upkeep\n|turn|6\n|c|☆Zapdos79|gg\n|\n|t:|1788392522\n|move|p1b: Archaludon|Protect|p1b: Archaludon\n|-singleturn|p1b: Archaludon|Protect\n|move|p2a: Charizard|Weather Ball|p1b: Archaludon\n|-activate|p1b: Archaludon|move: Protect\n|\n|-weather|SunnyDay|[upkeep]\n|-heal|p1b: Archaludon|90/100|[from] item: Leftovers\n|upkeep\n|turn|7\n|\n|t:|1788392530\n|move|p2a: Charizard|Weather Ball|p1b: Archaludon\n|-damage|p1b: Archaludon|0 fnt\n|faint|p1b: Archaludon\n|\n|win|Zapdos79\n|raw|Maks_sim's rating: 1133 &rarr; <strong>1113</strong><br />(-20 for losing)\n|raw|Zapdos79's rating: 1209 &rarr; <strong>1229</strong><br />(+20 for winning)\n","uploadtime":1788392537,"views":"13","formatid":"gen9championsvgc2026regmb","rating":1113,"private":0,"password":null}