{"id":"gen9championsvgc2026regmb-2674910004","format":"[Gen 9 Champions] VGC 2026 Reg M-B","players":["Thornlace48812","affeed"],"log":"|j|☆Thornlace48812\n|j|☆affeed\n|t:|1788434230\n|gametype|doubles\n|player|p1|Thornlace48812|102|1164\n|player|p2|affeed|101|1271\n|gen|9\n|tier|[Gen 9 Champions] VGC 2026 Reg M-B\n|rated|\n|rule|Species Clause: Limit one of each Pokémon\n|rule|Item Clause: Limit 1 of each item\n|clearpoke\n|poke|p1|Garchomp, L50, M|\n|poke|p1|Charizard, L50, M|\n|poke|p1|Whimsicott, L50, F|\n|poke|p1|Sylveon, L50, M|\n|poke|p1|Kingambit, L50, F|\n|poke|p1|Basculegion, L50, M|\n|poke|p2|Milotic, L50, F|\n|poke|p2|Staraptor, L50, M|\n|poke|p2|Sinistcha, L50|\n|poke|p2|Incineroar, L50, M|\n|poke|p2|Grimmsnarl, L50, M|\n|poke|p2|Basculegion, L50, M|\n|teampreview|4\n|inactive|Battle timer is ON: inactive players will automatically lose when time's up. (requested by Thornlace48812)\n|inactive|affeed also wants the timer to be on.\nThornlace48812 rejected open team sheets.\n|\n|t:|1788434253\n|teamsize|p1|4\n|teamsize|p2|4\n|start\n|switch|p1a: Charizard|Charizard, L50, M|100/100\n|switch|p1b: Garchomp|Garchomp, L50, M|100/100\n|switch|p2a: Milotic|Milotic, L50, F|100/100\n|switch|p2b: Grimmsnarl|Grimmsnarl, L50, M|100/100\n|turn|1\n|\n|t:|1788434258\n|detailschange|p1a: Charizard|Charizard-Mega-Y, L50, M\n|-mega|p1a: Charizard|Charizard|Charizardite Y\n|-weather|SunnyDay|[from] ability: Drought|[of] p1a: Charizard\n|move|p2b: Grimmsnarl|Light Screen|p2b: Grimmsnarl\n|-sidestart|p2: affeed|move: Light Screen\n|move|p1b: Garchomp|Earthquake|p2a: Milotic|[spread] p2a,p2b\n|-immune|p1a: Charizard\n|-crit|p2b: Grimmsnarl\n|-damage|p2a: Milotic|56/100\n|-damage|p2b: Grimmsnarl|16/100\n|-damage|p1b: Garchomp|90/100|[from] item: Life Orb\n|move|p1a: Charizard|Heat Wave|p2b: Grimmsnarl|[spread] p2a,p2b\n|-resisted|p2a: Milotic|1\n|-damage|p2a: Milotic|41/100\n|-damage|p2b: Grimmsnarl|0 fnt\n|-enditem|p2a: Milotic|Sitrus Berry|[eat]\n|-heal|p2a: Milotic|65/100|[from] item: Sitrus Berry\n|faint|p2b: Grimmsnarl\n|move|p2a: Milotic|Icy Wind|p1a: Charizard|[spread] p1a,p1b\n|-supereffective|p1b: Garchomp|2\n|-damage|p1a: Charizard|89/100\n|-damage|p1b: Garchomp|49/100\n|-unboost|p1a: Charizard|spe|1\n|-unboost|p1b: Garchomp|spe|1\n|\n|-weather|SunnyDay|[upkeep]\n|upkeep\n|\n|t:|1788434277\n|switch|p2b: Staraptor|Staraptor, L50, M|100/100\n|-ability|p2b: Staraptor|Intimidate|boost\n|-unboost|p1a: Charizard|atk|1\n|-unboost|p1b: Garchomp|atk|1\n|turn|2\n|\n|t:|1788434287\n|switch|p2b: Incineroar|Incineroar, L50, M|100/100\n|-ability|p2b: Incineroar|Intimidate|boost\n|-unboost|p1a: Charizard|atk|1\n|-unboost|p1b: Garchomp|atk|1\n|move|p1b: Garchomp|Dragon Claw|p2b: Incineroar\n|-damage|p2b: Incineroar|76/100\n|-damage|p1b: Garchomp|39/100|[from] item: Life Orb\n|move|p2a: Milotic|Icy Wind|p1b: Garchomp|[spread] p1a,p1b\n|-supereffective|p1b: Garchomp|2\n|-damage|p1a: Charizard|78/100\n|-damage|p1b: Garchomp|0 fnt\n|-unboost|p1a: Charizard|spe|1\n|faint|p1b: Garchomp\n|move|p1a: Charizard|Heat Wave|p2a: Milotic|[spread] p2a,p2b\n|-resisted|p2a: Milotic|1\n|-resisted|p2b: Incineroar|1\n|-damage|p2a: Milotic|50/100y\n|-damage|p2b: Incineroar|54/100\n|\n|-weather|SunnyDay|[upkeep]\n|upkeep\n|\n|t:|1788434288\n|switch|p1b: Whimsicott|Whimsicott, L50, F|100/100\n|turn|3\n|\n|t:|1788434307\n|move|p2b: Incineroar|Fake Out|p1b: Whimsicott\n|-damage|p1b: Whimsicott|80/100\n|cant|p1b: Whimsicott|flinch\n|move|p2a: Milotic|Scald|p1a: Charizard\n|-supereffective|p1a: Charizard|1\n|-damage|p1a: Charizard|54/100\n|move|p1a: Charizard|Heat Wave|p2a: Milotic|[spread] p2a,p2b\n|-resisted|p2a: Milotic|1\n|-resisted|p2b: Incineroar|1\n|-damage|p2a: Milotic|36/100\n|-damage|p2b: Incineroar|34/100\n|\n|-weather|SunnyDay|[upkeep]\n|upkeep\n|turn|4\n|\n|t:|1788434320\n|move|p1b: Whimsicott|Tailwind|p1b: Whimsicott\n|-sidestart|p1: Thornlace48812|move: Tailwind\n|move|p1a: Charizard|Heat Wave|p2a: Milotic|[spread] p2a,p2b\n|-resisted|p2a: Milotic|1\n|-resisted|p2b: Incineroar|1\n|-damage|p2a: Milotic|20/100y\n|-damage|p2b: Incineroar|11/100\n|-status|p2a: Milotic|brn\n|move|p2a: Milotic|Recover|p2a: Milotic\n|-heal|p2a: Milotic|70/100 brn\n|move|p2b: Incineroar|Flare Blitz|p1b: Whimsicott\n|-supereffective|p1b: Whimsicott|1\n|-damage|p1b: Whimsicott|0 fnt\n|faint|p1b: Whimsicott\n|-damage|p2b: Incineroar|0 fnt|[from] Recoil\n|faint|p2b: Incineroar\n|\n|-weather|SunnyDay|[upkeep]\n|-damage|p2a: Milotic|64/100 brn|[from] brn\n|upkeep\n|\n|t:|1788434332\n|switch|p1b: Basculegion|Basculegion, L50, M|100/100\n|switch|p2b: Staraptor|Staraptor, L50, M|100/100\n|-ability|p2b: Staraptor|Intimidate|boost\n|-unboost|p1a: Charizard|atk|1\n|-unboost|p1b: Basculegion|atk|1\n|turn|5\n|\n|t:|1788434340\n|detailschange|p2b: Staraptor|Staraptor-Mega, L50, M\n|-mega|p2b: Staraptor|Staraptor|Staraptite\n|move|p2b: Staraptor|Protect|p2b: Staraptor\n|-singleturn|p2b: Staraptor|Protect\n|move|p1b: Basculegion|Last Respects|p2a: Milotic\n|-damage|p2a: Milotic|5/100 brn\n|move|p1a: Charizard|Heat Wave|p2b: Staraptor|[spread] p2a\n|-activate|p2b: Staraptor|move: Protect\n|-resisted|p2a: Milotic|1\n|-damage|p2a: Milotic|0 fnt\n|faint|p2a: Milotic\n|\n|-weather|none\n|upkeep\n|turn|6\n|\n|t:|1788434355\n|move|p1b: Basculegion|Last Respects|p2b: Staraptor\n|-damage|p2b: Staraptor|36/100\n|move|p1a: Charizard|Heat Wave|p2b: Staraptor\n|-damage|p2b: Staraptor|0 fnt\n|faint|p2b: Staraptor\n|\n|win|Thornlace48812\n|raw|Thornlace48812's rating: 1207 &rarr; <strong>1237</strong><br />(+30 for winning)\n|raw|affeed's rating: 1271 &rarr; <strong>1241</strong><br />(-30 for losing)\n","uploadtime":1788434356,"views":"0","formatid":"gen9championsvgc2026regmb","rating":1237,"private":0,"password":null}