{"id":"gen9championsvgc2026regmb-2674548074","format":"[Gen 9 Champions] VGC 2026 Reg M-B","players":["jinz","conngfan"],"log":"|j|☆jinz\n|j|☆conngfan\n|t:|1788372621\n|gametype|doubles\n|player|p1|jinz|265|1552\n|player|p2|conngfan|arven-s|1570\n|gen|9\n|tier|[Gen 9 Champions] VGC 2026 Reg M-B\n|rated|\n|rule|Species Clause: Limit one of each Pokémon\n|rule|Item Clause: Limit 1 of each item\n|clearpoke\n|poke|p1|Gholdengo, L50|\n|poke|p1|Staraptor, L50, M|\n|poke|p1|Tyranitar, L50, F|\n|poke|p1|Farigiraf, L50, F|\n|poke|p1|Whimsicott, L50, M, shiny|\n|poke|p1|Excadrill, L50, M, shiny|\n|poke|p2|Aerodactyl, L50, M|\n|poke|p2|Raichu, L50, F|\n|poke|p2|Sneasler, L50, M|\n|poke|p2|Sylveon, L50, M|\n|poke|p2|Kingambit, L50, M|\n|poke|p2|Tsareena, L50, F|\n|teampreview|4\n|inactive|Battle timer is ON: inactive players will automatically lose when time's up. (requested by conngfan)\n|inactive|jinz has 60 seconds left.\n|\n|t:|1788372664\n|teamsize|p1|4\n|teamsize|p2|4\n|start\n|switch|p1a: Excadrill|Excadrill, L50, M, shiny|100/100\n|switch|p1b: Staraptor|Staraptor, L50, M|100/100\n|switch|p2a: Tsareena|Tsareena, L50, F|100/100\n|switch|p2b: Raichu|Raichu, L50, F|100/100\n|-ability|p1b: Staraptor|Intimidate|boost\n|-unboost|p2a: Tsareena|atk|1\n|-unboost|p2b: Raichu|atk|1\n|turn|1\n|inactive|jinz has 30 seconds left.\n|\n|t:|1788372694\n|detailschange|p2b: Raichu|Raichu-Mega-Y, L50, F\n|-mega|p2b: Raichu|Raichu|Raichunite Y\n|detailschange|p1b: Staraptor|Staraptor-Mega, L50, M\n|-mega|p1b: Staraptor|Staraptor|Staraptite\n|move|p1a: Excadrill|Protect|p1a: Excadrill\n|-singleturn|p1a: Excadrill|Protect\n|move|p2b: Raichu|Fake Out|p1b: Staraptor\n|-crit|p1b: Staraptor\n|-damage|p1b: Staraptor|87/100\n|cant|p1b: Staraptor|flinch\n|move|p2a: Tsareena|Power Whip|p1a: Excadrill\n|-activate|p1a: Excadrill|move: Protect\n|\n|upkeep\n|turn|2\n|\n|t:|1788372709\n|switch|p1b: Tyranitar|Tyranitar, L50, F|100/100\n|-weather|Sandstorm|[from] ability: Sand Stream|[of] p1b: Tyranitar\n|move|p2b: Raichu|Protect|p2b: Raichu\n|-singleturn|p2b: Raichu|Protect\n|move|p1a: Excadrill|High Horsepower|p2b: Raichu\n|-activate|p2b: Raichu|move: Protect\n|move|p2a: Tsareena|Power Whip|p1b: Tyranitar\n|-supereffective|p1b: Tyranitar|1\n|-damage|p1b: Tyranitar|33/100\n|\n|-weather|Sandstorm|[upkeep]\n|-damage|p2b: Raichu|94/100|[from] Sandstorm\n|-damage|p2a: Tsareena|94/100|[from] Sandstorm\n|upkeep\n|turn|3\n|\n|t:|1788372725\n|switch|p2b: Kingambit|Kingambit, L50, M|100/100\n|switch|p1b: Staraptor|Staraptor-Mega, L50, M|87/100\n|move|p1a: Excadrill|Earthquake|p2a: Tsareena|[spread] p2a,p2b\n|-immune|p1b: Staraptor\n|-resisted|p2a: Tsareena|1\n|-supereffective|p2b: Kingambit|1\n|-damage|p2a: Tsareena|70/100\n|-damage|p2b: Kingambit|25/100\n|move|p2a: Tsareena|Power Whip|p1a: Excadrill|[miss]\n|-miss|p2a: Tsareena|p1a: Excadrill\n|\n|-weather|Sandstorm|[upkeep]\n|-damage|p1b: Staraptor|82/100|[from] Sandstorm\n|-damage|p2a: Tsareena|64/100|[from] Sandstorm\n|upkeep\n|turn|4\n|\n|t:|1788372746\n|move|p2a: Tsareena|Protect|p2a: Tsareena\n|-singleturn|p2a: Tsareena|Protect\n|move|p2b: Kingambit|Sucker Punch|p1a: Excadrill\n|-damage|p1a: Excadrill|36/100\n|-damage|p2b: Kingambit|15/100|[from] item: Life Orb\n|move|p1a: Excadrill|Earthquake|p2a: Tsareena|[spread] p2b\n|-activate|p2a: Tsareena|move: Protect\n|-immune|p1b: Staraptor\n|-supereffective|p2b: Kingambit|1\n|-damage|p2b: Kingambit|0 fnt\n|faint|p2b: Kingambit\n|move|p1b: Staraptor|Tailwind|p1b: Staraptor\n|-sidestart|p1: jinz|move: Tailwind\n|\n|-weather|Sandstorm|[upkeep]\n|-damage|p1b: Staraptor|76/100|[from] Sandstorm\n|-damage|p2a: Tsareena|58/100|[from] Sandstorm\n|upkeep\n|\n|t:|1788372759\n|switch|p2b: Raichu|Raichu-Mega-Y, L50, F|94/100\n|turn|5\n|\n|t:|1788372768\n|switch|p2a: Sneasler|Sneasler, L50, M|100/100\n|move|p1a: Excadrill|Protect|p1a: Excadrill\n|-singleturn|p1a: Excadrill|Protect\n|move|p1b: Staraptor|Protect|p1b: Staraptor\n|-singleturn|p1b: Staraptor|Protect\n|move|p2b: Raichu|Fake Out|p1a: Excadrill\n|-activate|p1a: Excadrill|move: Protect\n|\n|-weather|Sandstorm|[upkeep]\n|-damage|p1b: Staraptor|70/100|[from] Sandstorm\n|-damage|p2b: Raichu|88/100|[from] Sandstorm\n|-damage|p2a: Sneasler|94/100|[from] Sandstorm\n|upkeep\n|turn|6\n|\n|t:|1788372791\n|switch|p1a: Whimsicott|Whimsicott, L50, M, shiny|100/100\n|move|p2a: Sneasler|Fake Out|p1a: Whimsicott\n|-damage|p1a: Whimsicott|78/100\n|move|p1b: Staraptor|Brave Bird|p2a: Sneasler\n|-supereffective|p2a: Sneasler|1\n|-damage|p2a: Sneasler|0 fnt\n|faint|p2a: Sneasler\n|-damage|p1b: Staraptor|40/100|[from] Recoil\n|move|p2b: Raichu|Zap Cannon|p1b: Staraptor\n|-supereffective|p1b: Staraptor|1\n|-damage|p1b: Staraptor|0 fnt\n|faint|p1b: Staraptor\n|\n|-weather|none\n|upkeep\n|\n|t:|1788372806\n|switch|p1b: Excadrill|Excadrill, L50, M, shiny|36/100\n|switch|p2a: Tsareena|Tsareena, L50, F|58/100\n|turn|7\n|\n|t:|1788372829\n|move|p1b: Excadrill|Protect|p1b: Excadrill\n|-singleturn|p1b: Excadrill|Protect\n|move|p1a: Whimsicott|Tailwind||[still]\n|-fail|p1a: Whimsicott\n|move|p2b: Raichu|Focus Blast|p1b: Excadrill\n|-activate|p1b: Excadrill|move: Protect\n|move|p2a: Tsareena|Triple Axel|p1a: Whimsicott\n|-supereffective|p1a: Whimsicott|1\n|-damage|p1a: Whimsicott|56/100\n|-supereffective|p1a: Whimsicott|1\n|-damage|p1a: Whimsicott|16/100\n|-supereffective|p1a: Whimsicott|1\n|-damage|p1a: Whimsicott|0 fnt\n|faint|p1a: Whimsicott\n|-hitcount|p1: Whimsicott|3\n|\n|-sideend|p1: jinz|move: Tailwind\n|upkeep\n|\n|t:|1788372843\n|switch|p1a: Tyranitar|Tyranitar, L50, F|33/100\n|-weather|Sandstorm|[from] ability: Sand Stream|[of] p1a: Tyranitar\n|turn|8\n|\n|t:|1788372859\n|move|p2b: Raichu|Protect|p2b: Raichu\n|-singleturn|p2b: Raichu|Protect\n|move|p1b: Excadrill|High Horsepower|p2b: Raichu\n|-activate|p2b: Raichu|move: Protect\n|move|p2a: Tsareena|Low Kick|p1b: Excadrill\n|-supereffective|p1b: Excadrill|1\n|-damage|p1b: Excadrill|0 fnt\n|faint|p1b: Excadrill\n|move|p1a: Tyranitar|Rock Slide|p2a: Tsareena|[spread] p2a\n|-activate|p2b: Raichu|move: Protect\n|-damage|p2a: Tsareena|23/100\n|\n|-weather|Sandstorm|[upkeep]\n|-damage|p2b: Raichu|82/100|[from] Sandstorm\n|-damage|p2a: Tsareena|17/100|[from] Sandstorm\n|upkeep\n|turn|9\n|\n|t:|1788372875\n|move|p2b: Raichu|Focus Blast|p1a: Tyranitar\n|-supereffective|p1a: Tyranitar|2\n|-enditem|p1a: Tyranitar|Chople Berry|[eat]\n|-enditem|p1a: Tyranitar|Chople Berry|[weaken]\n|-damage|p1a: Tyranitar|0 fnt\n|faint|p1a: Tyranitar\n|\n|win|conngfan\n|raw|jinz's rating: 1552 &rarr; <strong>1533</strong><br />(-19 for losing)\n|raw|conngfan's rating: 1570 &rarr; <strong>1589</strong><br />(+19 for winning)\n","uploadtime":1788372875,"views":"0","formatid":"gen9championsvgc2026regmb","rating":1533,"private":0,"password":null}