{"id":"gen9championsvgc2026regmb-2673943179","format":"[Gen 9 Champions] VGC 2026 Reg M-B","players":["godatbot","notbloodmask"],"log":"|j|☆godatbot\n|j|☆notbloodmask\n|t:|1788280029\n|gametype|doubles\n|player|p1|godatbot|1|1142\n|player|p2|notbloodmask|unknown|1170\n|gen|9\n|tier|[Gen 9 Champions] VGC 2026 Reg M-B\n|rated|\n|rule|Species Clause: Limit one of each Pokémon\n|rule|Item Clause: Limit 1 of each item\n|clearpoke\n|poke|p1|Scovillain, L50, F|\n|poke|p1|Tyranitar, L50, M|\n|poke|p1|Volcarona, L50, M|\n|poke|p1|Basculegion, L50, M|\n|poke|p1|Gholdengo, L50|\n|poke|p1|Vivillon-Pokeball, L50, M|\n|poke|p2|Rotom-Wash, L50|\n|poke|p2|Garchomp, L50, M|\n|poke|p2|Incineroar, L50, F|\n|poke|p2|Sinistcha, L50|\n|poke|p2|Venusaur, L50, M|\n|poke|p2|Dragapult, L50, F|\n|teampreview|4\n|inactive|Battle timer is ON: inactive players will automatically lose when time's up. (requested by godatbot)\n|\n|t:|1788280074\n|teamsize|p1|4\n|teamsize|p2|4\n|start\n|switch|p1a: Scovillain|Scovillain, L50, F|100/100\n|switch|p1b: Vivillon|Vivillon-Pokeball, L50, M|100/100\n|switch|p2a: Incineroar|Incineroar, L50, F|100/100\n|switch|p2b: Venusaur|Venusaur, L50, M|100/100\n|-ability|p2a: Incineroar|Intimidate|boost\n|-unboost|p1a: Scovillain|atk|1\n|-unboost|p1b: Vivillon|atk|1\n|turn|1\n|\n|t:|1788280101\n|detailschange|p2b: Venusaur|Venusaur-Mega, L50, M\n|-mega|p2b: Venusaur|Venusaur|Venusaurite\n|move|p1b: Vivillon|Protect|p1b: Vivillon\n|-singleturn|p1b: Vivillon|Protect\n|move|p1a: Scovillain|Protect|p1a: Scovillain\n|-singleturn|p1a: Scovillain|Protect\n|move|p2a: Incineroar|Fake Out|p1b: Vivillon\n|-activate|p1b: Vivillon|move: Protect\n|move|p2b: Venusaur|Sleep Powder|p1b: Vivillon\n|-activate|p1b: Vivillon|move: Protect\n|\n|-ability|p1a: Scovillain|Moody|boost\n|-boost|p1a: Scovillain|spd|2\n|-unboost|p1a: Scovillain|def|1\n|upkeep\n|turn|2\n|inactive|notbloodmask has 30 seconds left.\n|\n|t:|1788280128\n|detailschange|p1a: Scovillain|Scovillain-Mega, L50, F\n|-mega|p1a: Scovillain|Scovillain|Scovillainite\n|move|p1b: Vivillon|Sleep Powder|p2b: Venusaur\n|-immune|p2b: Venusaur\n|move|p2b: Venusaur|Sludge Bomb|p1a: Scovillain\n|-supereffective|p1a: Scovillain|1\n|-crit|p1a: Scovillain\n|-damage|p1a: Scovillain|0 fnt\n|-status|p2b: Venusaur|brn|[from] ability: Spicy Spray|[of] p1a: Scovillain\n|faint|p1a: Scovillain\n|move|p2a: Incineroar|Flare Blitz|p1b: Vivillon\n|-supereffective|p1b: Vivillon|1\n|-enditem|p1b: Vivillon|Focus Sash\n|-damage|p1b: Vivillon|1/100\n|-damage|p2a: Incineroar|67/100|[from] Recoil\n|\n|-damage|p2b: Venusaur|94/100 brn|[from] brn\n|upkeep\n|\n|t:|1788280137\n|switch|p1a: Volcarona|Volcarona, L50, M|100/100\n|turn|3\n|\n|t:|1788280161\n|switch|p2a: Dragapult|Dragapult, L50, F|100/100\n|move|p2b: Venusaur|Protect|p2b: Venusaur\n|-singleturn|p2b: Venusaur|Protect\n|move|p1a: Volcarona|Quiver Dance|p1a: Volcarona\n|-boost|p1a: Volcarona|spa|1\n|-boost|p1a: Volcarona|spd|1\n|-boost|p1a: Volcarona|spe|1\n|move|p1b: Vivillon|Tailwind|p1b: Vivillon\n|-sidestart|p1: godatbot|move: Tailwind\n|\n|-damage|p2b: Venusaur|88/100 brn|[from] brn\n|upkeep\n|turn|4\n|\n|t:|1788280178\n|move|p1a: Volcarona|Quiver Dance|p1a: Volcarona\n|-boost|p1a: Volcarona|spa|1\n|-boost|p1a: Volcarona|spd|1\n|-boost|p1a: Volcarona|spe|1\n|move|p1b: Vivillon|Sleep Powder|p2a: Dragapult\n|-status|p2a: Dragapult|slp|[from] move: Sleep Powder\n|cant|p2a: Dragapult|slp\n|move|p2b: Venusaur|Sleep Powder|p1a: Volcarona\n|-status|p1a: Volcarona|slp|[from] move: Sleep Powder\n|\n|-damage|p2b: Venusaur|82/100 brn|[from] brn\n|upkeep\n|turn|5\n|\n|t:|1788280196\n|switch|p2a: Incineroar|Incineroar, L50, F|67/100\n|-ability|p2a: Incineroar|Intimidate|boost\n|-unboost|p1a: Volcarona|atk|1\n|-unboost|p1b: Vivillon|atk|1\n|cant|p1a: Volcarona|slp\n|move|p1b: Vivillon|Hurricane|p2b: Venusaur\n|-supereffective|p2b: Venusaur|1\n|-damage|p2b: Venusaur|20/100r brn\n|move|p2b: Venusaur|Sludge Bomb|p1b: Vivillon\n|-damage|p1b: Vivillon|0 fnt\n|faint|p1b: Vivillon\n|\n|-damage|p2b: Venusaur|14/100 brn|[from] brn\n|upkeep\n|\n|t:|1788280205\n|switch|p1b: Basculegion|Basculegion, L50, M|100/100\n|turn|6\n|inactive|notbloodmask has 30 seconds left.\n|\n|t:|1788280230\n|switch|p2a: Sinistcha|Sinistcha, L50|100/100\n|-heal|p2b: Venusaur|38/100 brn|[from] ability: Hospitality|[of] p2a: Sinistcha\n|move|p2b: Venusaur|Protect|p2b: Venusaur\n|-singleturn|p2b: Venusaur|Protect\n|cant|p1a: Volcarona|slp\n|move|p1b: Basculegion|Last Respects|p2b: Venusaur\n|-activate|p2b: Venusaur|move: Protect\n|\n|-damage|p2b: Venusaur|33/100 brn|[from] brn\n|-sideend|p1: godatbot|move: Tailwind\n|upkeep\n|turn|7\n|inactive|notbloodmask has 30 seconds left.\n|\n|t:|1788280256\n|-curestatus|p1a: Volcarona|slp|[msg]\n|move|p1a: Volcarona|Fiery Dance|p2a: Sinistcha\n|-supereffective|p2a: Sinistcha|1\n|-damage|p2a: Sinistcha|0 fnt\n|faint|p2a: Sinistcha\n|move|p2b: Venusaur|Sludge Bomb|p1a: Volcarona\n|-damage|p1a: Volcarona|79/100\n|-status|p1a: Volcarona|psn\n|move|p1b: Basculegion|Last Respects|p2b: Venusaur\n|-damage|p2b: Venusaur|0 fnt\n|faint|p2b: Venusaur\n|-damage|p1b: Basculegion|90/100|[from] item: Life Orb\n|\n|-damage|p1a: Volcarona|66/100 psn|[from] psn\n|upkeep\n|\n|t:|1788280271\n|switch|p2b: Dragapult|Dragapult, L50, F|100/100 slp\n|switch|p2a: Incineroar|Incineroar, L50, F|67/100\n|-ability|p2a: Incineroar|Intimidate|boost\n|-unboost|p1a: Volcarona|atk|1\n|-unboost|p1b: Basculegion|atk|1\n|turn|8\n|inactive|notbloodmask has 30 seconds left.\n|inactive|notbloodmask has 20 seconds left.\n|\n|t:|1788280311\n|move|p2a: Incineroar|Fake Out|p1a: Volcarona\n|-damage|p1a: Volcarona|48/100 psn\n|cant|p1a: Volcarona|flinch\n|cant|p2b: Dragapult|slp\n|move|p1b: Basculegion|Wave Crash|p2a: Incineroar\n|-supereffective|p2a: Incineroar|1\n|-enditem|p2a: Incineroar|Passho Berry|[eat]\n|-enditem|p2a: Incineroar|Passho Berry|[weaken]\n|-damage|p2a: Incineroar|9/100\n|-damage|p1b: Basculegion|72/100|[from] Recoil\n|-damage|p1b: Basculegion|62/100|[from] item: Life Orb\n|\n|-damage|p1a: Volcarona|35/100 psn|[from] psn\n|upkeep\n|turn|9\n|inactive|godatbot has 30 seconds left.\n|\n|t:|1788280341\n|move|p1a: Volcarona|Giga Drain|p2a: Incineroar\n|-resisted|p2a: Incineroar|1\n|-damage|p2a: Incineroar|0 fnt\n|-heal|p1a: Volcarona|41/100 psn|[from] drain|[of] p2a: Incineroar\n|faint|p2a: Incineroar\n|-curestatus|p2b: Dragapult|slp|[msg]\n|move|p2b: Dragapult|Phantom Force||[still]\n|-prepare|p2b: Dragapult|Phantom Force\n|move|p1b: Basculegion|Last Respects|p2b: Dragapult|[miss]\n|-miss|p1b: Basculegion|p2b: Dragapult\n|\n|-damage|p1a: Volcarona|29/100 psn|[from] psn\n|upkeep\n|turn|10\n|\n|t:|1788280357\n|move|p1a: Volcarona|Fiery Dance|p2b: Dragapult|[miss]\n|-miss|p1a: Volcarona|p2b: Dragapult\n|move|p2b: Dragapult|Phantom Force|p1b: Basculegion|[from] lockedmove\n|-supereffective|p1b: Basculegion|1\n|-damage|p1b: Basculegion|0 fnt\n|faint|p1b: Basculegion\n|\n|-damage|p1a: Volcarona|16/100 psn|[from] psn\n|upkeep\n|turn|11\n|\n|t:|1788280371\n|move|p2b: Dragapult|Protect|p2b: Dragapult\n|-singleturn|p2b: Dragapult|Protect\n|move|p1a: Volcarona|Fiery Dance|p2b: Dragapult\n|-activate|p2b: Dragapult|move: Protect\n|\n|-damage|p1a: Volcarona|4/100 psn|[from] psn\n|upkeep\n|turn|12\n|inactive|notbloodmask has 30 seconds left.\n|\n|t:|1788280402\n|move|p1a: Volcarona|Fiery Dance|p2b: Dragapult\n|-resisted|p2b: Dragapult|1\n|-damage|p2b: Dragapult|39/100\n|move|p2b: Dragapult|Phantom Force||[still]\n|-prepare|p2b: Dragapult|Phantom Force\n|\n|-damage|p1a: Volcarona|0 fnt|[from] psn\n|faint|p1a: Volcarona\n|\n|win|notbloodmask\n|raw|godatbot's rating: 1142 &rarr; <strong>1119</strong><br />(-23 for losing)\n|raw|notbloodmask's rating: 1170 &rarr; <strong>1193</strong><br />(+23 for winning)\n|l|☆godatbot\n|player|p1|\n","uploadtime":1788280414,"views":"0","formatid":"gen9championsvgc2026regmb","rating":1119,"private":0,"password":null}