{"id":"gen9championsvgc2026regmbbo3-2674482244","format":"[Gen 9 Champions] VGC 2026 Reg M-B (Bo3)","players":["Sajurnetinutom","Kygres"],"log":"|j|☆Sajurnetinutom\n|j|☆Kygres\n|html|<table width=\"100%\"><tr><td align=\"left\">Sajurnetinutom</td><td align=\"right\">Kygres</tr><tr><td align=\"left\"><i class=\"fa fa-circle-o\"></i> <i class=\"fa fa-circle-o\"></i> </td><td align=\"right\"><i class=\"fa fa-circle-o\"></i> <i class=\"fa fa-circle-o\"></i> </tr></table>\n|uhtml|bestof|<h2><strong>Game 1</strong> of <a href=\"/game-bestof3-gen9championsvgc2026regmbbo3-2674482243\">a best-of-3</a></h2>\n|t:|1788365003\n|gametype|doubles\n|player|p1|Sajurnetinutom|2|1111\n|player|p2|Kygres|265|1092\n|gen|9\n|tier|[Gen 9 Champions] VGC 2026 Reg M-B (Bo3)\n|rated|\n|rule|Species Clause: Limit one of each Pokémon\n|rule|Item Clause: Limit 1 of each item\n|clearpoke\n|poke|p1|Scovillain, L50, M, shiny|\n|poke|p1|Basculegion, L50, M|\n|poke|p1|Kingambit, L50, F|\n|poke|p1|Sneasler, L50, M|\n|poke|p1|Lycanroc-Dusk, L50, M|\n|poke|p1|Froslass, L50, F|\n|poke|p2|Metagross, L50|\n|poke|p2|Pelipper, L50, F|\n|poke|p2|Maushold, L50|\n|poke|p2|Swampert, L50, M|\n|poke|p2|Archaludon, L50, M|\n|poke|p2|Sinistcha-Masterpiece, L50|\n|teampreview|4\n|showteam|p1|Scovillain||Scovillainite|Moody|GigaDrain,Overheat,RagePowder,Protect|Bold||M|||50|]Basculegion||LifeOrb|Adaptability|WaveCrash,LastRespects,AquaJet,Protect|Adamant||M|||50|]Kingambit||BlackGlasses|Defiant|KowtowCleave,SuckerPunch,SwordsDance,Protect|Adamant||F|||50|]Sneasler||WhiteHerb|Unburden|CloseCombat,DireClaw,Protect,FakeOut|Adamant||M|||50|]Lycanroc-Dusk||FocusSash|ToughClaws|CloseCombat,Accelerock,RockSlide,Protect|Adamant||M|||50|]Froslass||Froslassite|CursedBody|Blizzard,ShadowBall,AuroraVeil,Protect|Timid||F|||50|\n|showteam|p2|Metagross||Metagrossite|ClearBody|RockSlide,IronHead,IcePunch,Protect|Jolly|||||50|]Pelipper||FocusSash|Drizzle|Tailwind,WideGuard,WeatherBall,Hurricane|Modest||F|||50|]Maushold||WideLens|Technician|RainDance,FollowMe,PopulationBomb,Feint|Jolly|||||50|]Swampert||Swampertite|Torrent|IcePunch,WaveCrash,HighHorsepower,Protect|Adamant||M|||50|]Archaludon||Leftovers|Stamina|ElectroShot,Protect,AuraSphere,FlashCannon|Calm||M|||50|]Sinistcha-Masterpiece||SitrusBerry|Hospitality|RagePowder,MatchaGotcha,TrickRoom,LifeDew|Relaxed|||||50|\n|inactive|Battle timer is ON: inactive players will automatically lose when time's up. (requested by Sajurnetinutom)\n|\n|t:|1788365071\n|teamsize|p1|4\n|teamsize|p2|4\n|start\n|switch|p1a: Sneasler|Sneasler, L50, M|100/100\n|switch|p1b: Froslass|Froslass, L50, F|100/100\n|switch|p2a: Pelipper|Pelipper, L50, F|100/100\n|switch|p2b: Archaludon|Archaludon, L50, M|100/100\n|-weather|RainDance|[from] ability: Drizzle|[of] p2a: Pelipper\n|turn|1\n|inactive|Kygres has 30 seconds left.\n|inactive|Kygres has 20 seconds left.\n|inactive|Kygres has 15 seconds left.\n|inactive|Kygres has 10 seconds left.\n|\n|t:|1788365116\n|detailschange|p1b: Froslass|Froslass-Mega, L50, F\n|-mega|p1b: Froslass|Froslass|Froslassite\n|-weather|Snowscape|[from] ability: Snow Warning|[of] p1b: Froslass\n|move|p1a: Sneasler|Fake Out|p2a: Pelipper\n|-damage|p2a: Pelipper|85/100\n|cant|p2a: Pelipper|flinch\n|move|p1b: Froslass|Aurora Veil|p1b: Froslass\n|-sidestart|p1: Sajurnetinutom|move: Aurora Veil\n|move|p2b: Archaludon|Flash Cannon|p1b: Froslass\n|-supereffective|p1b: Froslass|1\n|-damage|p1b: Froslass|60/100\n|\n|-weather|Snowscape|[upkeep]\n|upkeep\n|turn|2\n|inactive|Kygres has 30 seconds left.\n|inactive|Kygres has 20 seconds left.\n|inactive|Kygres has 15 seconds left.\n|inactive|Kygres has 10 seconds left.\n|inactive|Kygres has 5 seconds left.\n|\n|t:|1788365167\n|switch|p2a: Maushold|Maushold, L50|100/100\n|move|p1b: Froslass|Shadow Ball|p2a: Maushold\n|-immune|p2a: Maushold\n|move|p1a: Sneasler|Dire Claw|p2a: Maushold\n|-damage|p2a: Maushold|37/100\n|-status|p2a: Maushold|psn\n|move|p2b: Archaludon|Flash Cannon|p1b: Froslass\n|-supereffective|p1b: Froslass|1\n|-damage|p1b: Froslass|20/100r\n|\n|-weather|Snowscape|[upkeep]\n|-damage|p2a: Maushold|25/100 psn|[from] psn\n|upkeep\n|turn|3\n|inactive|Kygres has 30 seconds left.\n|inactive|Kygres has 20 seconds left.\n|\n|t:|1788365204\n|switch|p2a: Pelipper|Pelipper, L50, F|85/100\n|-weather|RainDance|[from] ability: Drizzle|[of] p2a: Pelipper\n|move|p1b: Froslass|Blizzard|p2a: Pelipper|[spread] p2b\n|-miss|p1b: Froslass|p2a: Pelipper\n|-damage|p2b: Archaludon|67/100\n|-ability|p2b: Archaludon|Stamina|boost\n|-boost|p2b: Archaludon|def|1\n|move|p1a: Sneasler|Close Combat|p2b: Archaludon\n|-supereffective|p2b: Archaludon|1\n|-crit|p2b: Archaludon\n|-damage|p2b: Archaludon|0 fnt\n|-unboost|p1a: Sneasler|def|1\n|-unboost|p1a: Sneasler|spd|1\n|faint|p2b: Archaludon\n|-enditem|p1a: Sneasler|White Herb\n|-clearnegativeboost|p1a: Sneasler|[silent]\n|\n|-weather|RainDance|[upkeep]\n|upkeep\n|inactive|Kygres has 30 seconds left.\n|\n|t:|1788365232\n|switch|p2b: Swampert|Swampert, L50, M|100/100\n|turn|4\n|\n|t:|1788365250\n|switch|p1b: Basculegion|Basculegion, L50, M|100/100\n|detailschange|p2b: Swampert|Swampert-Mega, L50, M\n|-mega|p2b: Swampert|Swampert|Swampertite\n|move|p1a: Sneasler|Protect|p1a: Sneasler\n|-singleturn|p1a: Sneasler|Protect\n|move|p2b: Swampert|Wave Crash|p1b: Basculegion\n|-resisted|p1b: Basculegion|1\n|-damage|p1b: Basculegion|55/100\n|-damage|p2b: Swampert|85/100|[from] Recoil\n|move|p2a: Pelipper|Hurricane|p1a: Sneasler\n|-activate|p1a: Sneasler|move: Protect\n|\n|-weather|RainDance|[upkeep]\n|upkeep\n|turn|5\n|inactive|Kygres has 30 seconds left.\n|inactive|Kygres has 20 seconds left.\n|inactive|Kygres has 15 seconds left.\n|\n|t:|1788365291\n|move|p2b: Swampert|Protect|p2b: Swampert\n|-singleturn|p2b: Swampert|Protect\n|move|p1a: Sneasler|Dire Claw|p2a: Pelipper\n|-damage|p2a: Pelipper|37/100\n|-status|p2a: Pelipper|par\n|move|p1b: Basculegion|Wave Crash|p2b: Swampert\n|-activate|p2b: Swampert|move: Protect\n|move|p2a: Pelipper|Tailwind|p2a: Pelipper\n|-sidestart|p2: Kygres|move: Tailwind\n|\n|-weather|RainDance|[upkeep]\n|-sideend|p1: Sajurnetinutom|move: Aurora Veil\n|upkeep\n|turn|6\n|\n|t:|1788365312\n|move|p2b: Swampert|High Horsepower|p1b: Basculegion\n|-damage|p1b: Basculegion|0 fnt\n|faint|p1b: Basculegion\n|move|p1a: Sneasler|Dire Claw|p2a: Pelipper\n|-damage|p2a: Pelipper|0 fnt\n|faint|p2a: Pelipper\n|\n|-weather|RainDance|[upkeep]\n|upkeep\n|\n|t:|1788365321\n|switch|p1b: Froslass|Froslass-Mega, L50, F|20/100r\n|switch|p2a: Maushold|Maushold, L50|25/100 psn\n|-weather|Snowscape|[from] ability: Snow Warning|[of] p1b: Froslass\n|turn|7\n|\n|t:|1788365344\n|move|p1b: Froslass|Protect|p1b: Froslass\n|-singleturn|p1b: Froslass|Protect\n|move|p2a: Maushold|Rain Dance|p2a: Maushold\n|-weather|RainDance\n|move|p2b: Swampert|High Horsepower|p1a: Sneasler\n|-supereffective|p1a: Sneasler|1\n|-damage|p1a: Sneasler|0 fnt\n|faint|p1a: Sneasler\n|\n|-weather|RainDance|[upkeep]\n|-damage|p2a: Maushold|13/100 psn|[from] psn\n|upkeep\n|\n|t:|1788365353\n|switch|p1a: Kingambit|Kingambit, L50, F|100/100\n|turn|8\n|inactive|Kygres has 30 seconds left.\n|inactive|Kygres has 20 seconds left.\n|inactive|Kygres has 15 seconds left.\n|inactive|Kygres has 10 seconds left.\n|inactive|Kygres has 5 seconds left.\n|\n|t:|1788365408\n|move|p1a: Kingambit|Protect|p1a: Kingambit\n|-singleturn|p1a: Kingambit|Protect\n|move|p2b: Swampert|Ice Punch|p1a: Kingambit\n|-activate|p1a: Kingambit|move: Protect\n|move|p2a: Maushold|Rain Dance||[still]\n|-fail|p2a: Maushold\n|move|p1b: Froslass|Shadow Ball|p2b: Swampert\n|-damage|p2b: Swampert|56/100\n|\n|-weather|RainDance|[upkeep]\n|-damage|p2a: Maushold|1/100 psn|[from] psn\n|-sideend|p2: Kygres|move: Tailwind\n|upkeep\n|turn|9\n|\n|t:|1788365434\n|move|p2a: Maushold|Follow Me|p2a: Maushold\n|-singleturn|p2a: Maushold|move: Follow Me\n|move|p1a: Kingambit|Sucker Punch||[still]\n|-fail|p1a: Kingambit\n|move|p1b: Froslass|Shadow Ball|p2a: Maushold\n|-immune|p2a: Maushold\n|move|p2b: Swampert|High Horsepower|p1b: Froslass\n|-damage|p1b: Froslass|0 fnt\n|faint|p1b: Froslass\n|\n|-weather|RainDance|[upkeep]\n|-damage|p2a: Maushold|0 fnt|[from] psn\n|faint|p2a: Maushold\n|upkeep\n|turn|10\n|\n|t:|1788365446\n|move|p1a: Kingambit|Protect|p1a: Kingambit\n|-singleturn|p1a: Kingambit|Protect\n|move|p2b: Swampert|High Horsepower|p1a: Kingambit\n|-activate|p1a: Kingambit|move: Protect\n|\n|-weather|RainDance|[upkeep]\n|upkeep\n|turn|11\n|\n|t:|1788365453\n|move|p1a: Kingambit|Sucker Punch|p2b: Swampert\n|-damage|p2b: Swampert|15/100\n|move|p2b: Swampert|High Horsepower|p1a: Kingambit\n|-supereffective|p1a: Kingambit|1\n|-damage|p1a: Kingambit|9/100\n|\n|-weather|none\n|upkeep\n|turn|12\n|\n|t:|1788365466\n|move|p2b: Swampert|Protect|p2b: Swampert\n|-singleturn|p2b: Swampert|Protect\n|move|p1a: Kingambit|Sucker Punch||[still]\n|-fail|p1a: Kingambit\n|\n|upkeep\n|turn|13\n|\n|t:|1788365470\n|move|p2b: Swampert|Protect||[still]\n|-fail|p2b: Swampert\n|move|p1a: Kingambit|Sucker Punch||[still]\n|-fail|p1a: Kingambit\n|\n|upkeep\n|turn|14\n|\n|t:|1788365474\n|move|p1a: Kingambit|Protect|p1a: Kingambit\n|-singleturn|p1a: Kingambit|Protect\n|move|p2b: Swampert|Wave Crash|p1a: Kingambit\n|-activate|p1a: Kingambit|move: Protect\n|\n|upkeep\n|turn|15\n|\n|t:|1788365479\n|move|p2b: Swampert|Protect|p2b: Swampert\n|-singleturn|p2b: Swampert|Protect\n|move|p1a: Kingambit|Sucker Punch||[still]\n|-fail|p1a: Kingambit\n|\n|upkeep\n|turn|16\n|\n|t:|1788365488\n|move|p1a: Kingambit|Protect|p1a: Kingambit\n|-singleturn|p1a: Kingambit|Protect\n|move|p2b: Swampert|High Horsepower|p1a: Kingambit\n|-activate|p1a: Kingambit|move: Protect\n|\n|upkeep\n|turn|17\n|\n|t:|1788365498\n|move|p2b: Swampert|Protect|p2b: Swampert\n|-singleturn|p2b: Swampert|Protect\n|move|p1a: Kingambit|Sucker Punch||[still]\n|-fail|p1a: Kingambit\n|\n|upkeep\n|turn|18\n|\n|t:|1788365503\n|move|p2b: Swampert|Protect||[still]\n|-fail|p2b: Swampert\n|move|p1a: Kingambit|Sucker Punch||[still]\n|-fail|p1a: Kingambit\n|\n|upkeep\n|turn|19\n|\n|t:|1788365509\n|move|p2b: Swampert|Protect|p2b: Swampert\n|-singleturn|p2b: Swampert|Protect\n|move|p1a: Kingambit|Sucker Punch||[still]\n|-fail|p1a: Kingambit\n|\n|upkeep\n|turn|20\n|\n|t:|1788365514\n|move|p1a: Kingambit|Protect|p1a: Kingambit\n|-singleturn|p1a: Kingambit|Protect\n|move|p2b: Swampert|Wave Crash|p1a: Kingambit\n|-activate|p1a: Kingambit|move: Protect\n|\n|upkeep\n|turn|21\n|\n|t:|1788365517\n|move|p2b: Swampert|High Horsepower|p1a: Kingambit\n|-supereffective|p1a: Kingambit|1\n|-damage|p1a: Kingambit|0 fnt\n|faint|p1a: Kingambit\n|\n|win|Kygres\n||Sajurnetinutom is ready for game 2.\n|l|☆Sajurnetinutom\n|player|p1|\n","uploadtime":1788365526,"views":"2","formatid":"gen9championsvgc2026regmbbo3","rating":null,"private":0,"password":null}