{"id":"gen9championsvgc2026regmb-2674476532","format":"[Gen 9 Champions] VGC 2026 Reg M-B","players":["luckycricket0326","Difjsjc"],"log":"|j|☆luckycricket0326\n|j|☆Difjsjc\n|t:|1788364321\n|gametype|doubles\n|player|p1|luckycricket0326|102|1183\n|player|p2|Difjsjc|clerk-boss|1219\n|gen|9\n|tier|[Gen 9 Champions] VGC 2026 Reg M-B\n|rated|\n|rule|Species Clause: Limit one of each Pokémon\n|rule|Item Clause: Limit 1 of each item\n|clearpoke\n|poke|p1|Raichu, L50, F|\n|poke|p1|Sinistcha, L50|\n|poke|p1|Incineroar, L50, M|\n|poke|p1|Sylveon, L50, F|\n|poke|p1|Hydreigon, L50, M, shiny|\n|poke|p1|Metagross, L50|\n|poke|p2|Toxapex, L50, M|\n|poke|p2|Overqwil, L50, M|\n|poke|p2|Scolipede, L50, F|\n|poke|p2|Sneasler, L50, F, shiny|\n|poke|p2|Venusaur, L50, F|\n|poke|p2|Slowking-Galar, L50, M|\n|teampreview|4\n|inactive|Battle timer is ON: inactive players will automatically lose when time's up. (requested by luckycricket0326)\n|\n|t:|1788364363\n|teamsize|p1|4\n|teamsize|p2|4\n|start\n|switch|p1a: Metagross|Metagross, L50|100/100\n|switch|p1b: Incineroar|Incineroar, L50, M|100/100\n|switch|p2a: Chernobyl|Toxapex, L50, M|100/100\n|switch|p2b: Rotten Banana|Sneasler, L50, F, shiny|100/100\n|-ability|p1b: Incineroar|Intimidate|boost\n|-unboost|p2a: Chernobyl|atk|1\n|-unboost|p2b: Rotten Banana|atk|1\n|-enditem|p2b: Rotten Banana|White Herb\n|-clearnegativeboost|p2b: Rotten Banana|[silent]\n|turn|1\n|inactive|Difjsjc has 30 seconds left.\n|\n|t:|1788364388\n|detailschange|p1a: Metagross|Metagross-Mega, L50\n|-mega|p1a: Metagross|Metagross|Metagrossite\n|move|p2b: Rotten Banana|Fake Out|p1a: Metagross\n|-resisted|p1a: Metagross|1\n|-damage|p1a: Metagross|95/100\n|move|p1b: Incineroar|Fake Out|p2b: Rotten Banana\n|-crit|p2b: Rotten Banana\n|-damage|p2b: Rotten Banana|74/100\n|cant|p1a: Metagross|flinch\n|move|p2a: Chernobyl|Muddy Water|p1b: Incineroar|[spread] p1a,p1b\n|-supereffective|p1b: Incineroar|1\n|-damage|p1a: Metagross|82/100\n|-damage|p1b: Incineroar|79/100\n|\n|upkeep\n|turn|2\n|\n|t:|1788364408\n|switch|p2b: Minesweeper|Overqwil, L50, M|100/100\n|-ability|p2b: Minesweeper|Intimidate|boost\n|-unboost|p1a: Metagross|atk|1\n|-unboost|p1b: Incineroar|atk|1\n|switch|p1b: Sinistcha|Sinistcha, L50|100/100\n|-heal|p1a: Metagross|100/100|[from] ability: Hospitality|[of] p1b: Sinistcha\n|move|p1a: Metagross|Protect|p1a: Metagross\n|-singleturn|p1a: Metagross|Protect\n|move|p2a: Chernobyl|Muddy Water|p1a: Metagross|[spread] p1b\n|-activate|p1a: Metagross|move: Protect\n|-resisted|p1b: Sinistcha|1\n|-damage|p1b: Sinistcha|93/100\n|-unboost|p1b: Sinistcha|accuracy|1\n|\n|upkeep\n|turn|3\n|inactive|luckycricket0326 has 30 seconds left.\n|inactive|luckycricket0326 has 20 seconds left.\n|\n|t:|1788364446\n|switch|p1b: Hydreigon|Hydreigon, L50, M, shiny|100/100\n|move|p1a: Metagross|Hard Press|p2b: Minesweeper\n|-damage|p2b: Minesweeper|50/100y\n|-enditem|p2b: Minesweeper|Sitrus Berry|[eat]\n|-heal|p2b: Minesweeper|75/100|[from] item: Sitrus Berry\n|move|p2b: Minesweeper|Crunch|p1a: Metagross\n|-supereffective|p1a: Metagross|1\n|-damage|p1a: Metagross|40/100\n|move|p2a: Chernobyl|Toxic|p1b: Hydreigon\n|-status|p1b: Hydreigon|tox\n|\n|-damage|p1b: Hydreigon|94/100 tox|[from] psn\n|upkeep\n|turn|4\n|\n|t:|1788364468\n|move|p2b: Minesweeper|Protect|p2b: Minesweeper\n|-singleturn|p2b: Minesweeper|Protect\n|move|p1b: Hydreigon|Earth Power|p2b: Minesweeper\n|-activate|p2b: Minesweeper|move: Protect\n|move|p1a: Metagross|Psychic Fangs|p2a: Chernobyl\n|-supereffective|p2a: Chernobyl|1\n|-damage|p2a: Chernobyl|45/100\n|move|p2a: Chernobyl|Light Screen|p2a: Chernobyl\n|-sidestart|p2: Difjsjc|move: Light Screen\n|\n|-damage|p1b: Hydreigon|82/100 tox|[from] psn\n|upkeep\n|turn|5\n|inactive|Difjsjc has 30 seconds left.\n|inactive|luckycricket0326 has 30 seconds left.\n|\n|t:|1788364498\n|-heal|p2a: Chernobyl|78/100|[from] ability: Regenerator|[silent]\n|switch|p2a: Asparagus|Venusaur, L50, F|100/100\n|move|p1b: Hydreigon|Earth Power|p2b: Minesweeper\n|-supereffective|p2b: Minesweeper|1\n|-damage|p2b: Minesweeper|15/100\n|-unboost|p2b: Minesweeper|spd|1\n|move|p1a: Metagross|Hard Press|p2b: Minesweeper\n|-damage|p2b: Minesweeper|5/100\n|move|p2b: Minesweeper|Crunch|p1a: Metagross\n|-supereffective|p1a: Metagross|1\n|-damage|p1a: Metagross|0 fnt\n|faint|p1a: Metagross\n|\n|-damage|p1b: Hydreigon|64/100 tox|[from] psn\n|upkeep\n|inactive|luckycricket0326 has 30 seconds left.\n|\n|t:|1788364525\n|switch|p1a: Incineroar|Incineroar, L50, M|79/100\n|-ability|p1a: Incineroar|Intimidate|boost\n|-unboost|p2a: Asparagus|atk|1\n|-unboost|p2b: Minesweeper|atk|1\n|turn|6\n|\n|t:|1788364541\n|switch|p2b: Chernobyl|Toxapex, L50, M|78/100\n|detailschange|p2a: Asparagus|Venusaur-Mega, L50, F\n|-mega|p2a: Asparagus|Venusaur|Venusaurite\n|move|p2a: Asparagus|Protect|p2a: Asparagus\n|-singleturn|p2a: Asparagus|Protect\n|move|p1b: Hydreigon|Earth Power|p2b: Chernobyl\n|-supereffective|p2b: Chernobyl|1\n|-damage|p2b: Chernobyl|37/100\n|move|p1a: Incineroar|Flare Blitz|p2a: Asparagus\n|-activate|p2a: Asparagus|move: Protect\n|\n|-damage|p1b: Hydreigon|40/100 tox|[from] psn\n|upkeep\n|turn|7\n|\n|t:|1788364562\n|-heal|p2b: Chernobyl|70/100|[from] ability: Regenerator|[silent]\n|switch|p2b: Minesweeper|Overqwil, L50, M|5/100\n|-ability|p2b: Minesweeper|Intimidate|boost\n|-unboost|p1a: Incineroar|atk|1\n|-unboost|p1b: Hydreigon|atk|1\n|move|p1b: Hydreigon|Earth Power|p2b: Minesweeper\n|-supereffective|p2b: Minesweeper|1\n|-damage|p2b: Minesweeper|0 fnt\n|faint|p2b: Minesweeper\n|move|p2a: Asparagus|Venoshock|p1b: Hydreigon\n|-damage|p1b: Hydreigon|0 fnt\n|faint|p1b: Hydreigon\n|move|p1a: Incineroar|Flare Blitz|p2a: Asparagus\n|-supereffective|p2a: Asparagus|1\n|-damage|p2a: Asparagus|79/100\n|-status|p2a: Asparagus|brn\n|-damage|p1a: Incineroar|72/100|[from] Recoil\n|\n|-damage|p2a: Asparagus|73/100 brn|[from] brn\n|upkeep\n|-message|luckycricket0326 forfeited.\n|\n|win|Difjsjc\n|raw|luckycricket0326's rating: 1183 &rarr; <strong>1161</strong><br />(-22 for losing)\n|raw|Difjsjc's rating: 1219 &rarr; <strong>1241</strong><br />(+22 for winning)\n|l|☆luckycricket0326\n|player|p1|\n","uploadtime":1788364583,"views":"8","formatid":"gen9championsvgc2026regmb","rating":1161,"private":0,"password":null}