{"id":"gen9championsvgc2026regmbbo3-2674972666","format":"[Gen 9 Champions] VGC 2026 Reg M-B (Bo3)","players":["vomitblood27","ZURUYO"],"log":"|j|☆vomitblood27\n|j|☆ZURUYO\n|html|<table width=\"100%\"><tr><td align=\"left\">vomitblood27</td><td align=\"right\">ZURUYO</tr><tr><td align=\"left\"><i class=\"fa fa-circle-o\"></i> <i class=\"fa fa-circle-o\"></i> </td><td align=\"right\"><i class=\"fa fa-circle-o\"></i> <i class=\"fa fa-circle-o\"></i> </tr></table>\n|uhtml|bestof|<h2><strong>Game 1</strong> of <a href=\"/game-bestof3-gen9championsvgc2026regmbbo3-2674972665\">a best-of-3</a></h2>\n|t:|1788443827\n|gametype|doubles\n|player|p1|vomitblood27|clair|1216\n|player|p2|ZURUYO|roxie|1121\n|gen|9\n|tier|[Gen 9 Champions] VGC 2026 Reg M-B (Bo3)\n|rated|\n|rule|Species Clause: Limit one of each Pokémon\n|rule|Item Clause: Limit 1 of each item\n|clearpoke\n|poke|p1|Sylveon, L50, M|\n|poke|p1|Kingambit, L50, M|\n|poke|p1|Charizard, L50, F|\n|poke|p1|Garchomp, L50, F|\n|poke|p1|Aerodactyl, L50, M|\n|poke|p1|Farigiraf, L50, F|\n|poke|p2|Charizard, L50, F|\n|poke|p2|Whimsicott, L50, M|\n|poke|p2|Garchomp, L50, F|\n|poke|p2|Floette-Eternal, L50, F|\n|poke|p2|Basculegion, L50, M|\n|poke|p2|Kingambit, L50, F|\n|teampreview|4\n|showteam|p1|Sylveon||FairyFeather|Pixilate|HyperVoice,QuickAttack,HyperBeam,Protect|Modest||M|||50|]Kingambit||FocusSash|Defiant|KowtowCleave,IronHead,SuckerPunch,LowKick|Adamant||M|||50|]Charizard||CharizarditeY|Blaze|HeatWave,SolarBeam,WeatherBall,Protect|Modest||F|||50|]Garchomp||LifeOrb|RoughSkin|RockTomb,DragonClaw,Earthquake,Protect|Jolly||F|||50|]Aerodactyl||Aerodactylite|Unnerve|RockSlide,DualWingbeat,IceFang,Tailwind|Jolly||M|||50|]Farigiraf||SitrusBerry|ArmorTail|Psychic,Thunderbolt,TrickRoom,Protect|Bold||F|||50|\n|showteam|p2|Charizard||CharizarditeY|Blaze|HeatWave,WeatherBall,AncientPower,Protect|Timid||F|||50|]Whimsicott||FocusSash|Prankster|Moonblast,Tailwind,Encore,Protect|Timid||M|||50|]Garchomp||SitrusBerry|RoughSkin|DragonClaw,Earthquake,RockSlide,Protect|Jolly||F|||50|]Floette-Eternal||Floettite|FlowerVeil|Moonblast,DazzlingGleam,LightofRuin,Protect|Modest||F|||50|]Basculegion||LifeOrb|Adaptability|WaveCrash,LastRespects,AquaJet,Protect|Adamant||M|||50|]Kingambit||OccaBerry|Defiant|KowtowCleave,SuckerPunch,IronHead,LowKick|Adamant||F|||50|\n|inactive|Battle timer is ON: inactive players will automatically lose when time's up. (requested by ZURUYO)\n|\n|t:|1788443896\n|teamsize|p1|4\n|teamsize|p2|4\n|start\n|switch|p1a: Farigiraf|Farigiraf, L50, F|100/100\n|switch|p1b: Kingambit|Kingambit, L50, M|100/100\n|switch|p2a: Whimsicott|Whimsicott, L50, M|100/100\n|switch|p2b: Kingambit|Kingambit, L50, F|100/100\n|turn|1\n|inactive|vomitblood27 has 30 seconds left.\n|\n|t:|1788443921\n|move|p2a: Whimsicott|Moonblast|p1b: Kingambit\n|-damage|p1b: Kingambit|62/100\n|move|p1b: Kingambit|Low Kick|p2b: Kingambit\n|-supereffective|p2b: Kingambit|2\n|-damage|p2b: Kingambit|0 fnt\n|faint|p2b: Kingambit\n|move|p1a: Farigiraf|Trick Room|p1a: Farigiraf\n|-fieldstart|move: Trick Room|[of] p1a: Farigiraf\n|\n|upkeep\n|\n|t:|1788443929\n|switch|p2b: Charizard|Charizard, L50, F|100/100\n|turn|2\n|inactive|vomitblood27 has 30 seconds left.\n|inactive|vomitblood27 has 20 seconds left.\n|inactive|vomitblood27 has 15 seconds left.\n|\n|t:|1788443974\n|detailschange|p2b: Charizard|Charizard-Mega-Y, L50, F\n|-mega|p2b: Charizard|Charizard|Charizardite Y\n|-weather|SunnyDay|[from] ability: Drought|[of] p2b: Charizard\n|move|p2a: Whimsicott|Encore||[still]\n|cant|p1a: Farigiraf|ability: Armor Tail|Encore|[of] p2a: Whimsicott\n|move|p1a: Farigiraf|Thunderbolt|p2b: Charizard\n|-supereffective|p2b: Charizard|1\n|-damage|p2b: Charizard|58/100\n|move|p1b: Kingambit|Iron Head|p2a: Whimsicott\n|-supereffective|p2a: Whimsicott|1\n|-enditem|p2a: Whimsicott|Focus Sash\n|-damage|p2a: Whimsicott|1/100\n|move|p2b: Charizard|Heat Wave|p1a: Farigiraf|[spread] p1b\n|-miss|p2b: Charizard|p1a: Farigiraf\n|-supereffective|p1b: Kingambit|1\n|-damage|p1b: Kingambit|0 fnt\n|faint|p1b: Kingambit\n|\n|-weather|SunnyDay|[upkeep]\n|upkeep\n|\n|t:|1788443991\n|switch|p1b: Garchomp|Garchomp, L50, F|100/100\n|turn|3\n|\n|t:|1788444013\n|switch|p2b: Garchomp|Garchomp, L50, F|100/100\n|move|p2a: Whimsicott|Protect|p2a: Whimsicott\n|-singleturn|p2a: Whimsicott|Protect\n|move|p1a: Farigiraf|Thunderbolt|p2a: Whimsicott\n|-activate|p2a: Whimsicott|move: Protect\n|move|p1b: Garchomp|Rock Tomb|p2b: Garchomp\n|-resisted|p2b: Garchomp|1\n|-damage|p2b: Garchomp|88/100\n|-unboost|p2b: Garchomp|spe|1\n|-damage|p1b: Garchomp|90/100|[from] item: Life Orb\n|\n|-weather|SunnyDay|[upkeep]\n|upkeep\n|turn|4\n|inactive|vomitblood27 has 30 seconds left.\n|inactive|ZURUYO has 30 seconds left.\n|\n|t:|1788444045\n|move|p1b: Garchomp|Protect|p1b: Garchomp\n|-singleturn|p1b: Garchomp|Protect\n|move|p1a: Farigiraf|Thunderbolt|p2a: Whimsicott\n|-resisted|p2a: Whimsicott|1\n|-crit|p2a: Whimsicott\n|-damage|p2a: Whimsicott|0 fnt\n|faint|p2a: Whimsicott\n|move|p2b: Garchomp|Earthquake|p1a: Farigiraf|[spread] p1a\n|-activate|p1b: Garchomp|move: Protect\n|-damage|p1a: Farigiraf|72/100\n|\n|-weather|SunnyDay|[upkeep]\n|upkeep\n|\n|t:|1788444053\n|switch|p2a: Charizard|Charizard-Mega-Y, L50, F|58/100\n|turn|5\n|\n|t:|1788444072\n|move|p2a: Charizard|Protect|p2a: Charizard\n|-singleturn|p2a: Charizard|Protect\n|move|p1a: Farigiraf|Psychic|p2b: Garchomp\n|-damage|p2b: Garchomp|54/100\n|move|p2b: Garchomp|Dragon Claw|p1b: Garchomp\n|-supereffective|p1b: Garchomp|1\n|-damage|p1b: Garchomp|20/100y\n|-damage|p2b: Garchomp|42/100|[from] ability: Rough Skin|[of] p1b: Garchomp\n|-enditem|p2b: Garchomp|Sitrus Berry|[eat]\n|-heal|p2b: Garchomp|67/100|[from] item: Sitrus Berry\n|move|p1b: Garchomp|Dragon Claw|p2b: Garchomp\n|-supereffective|p2b: Garchomp|1\n|-damage|p2b: Garchomp|0 fnt\n|-damage|p1b: Garchomp|8/100|[from] ability: Rough Skin|[of] p2b: Garchomp\n|faint|p2b: Garchomp\n|-damage|p1b: Garchomp|0 fnt|[from] item: Life Orb\n|faint|p1b: Garchomp\n|\n|-weather|SunnyDay|[upkeep]\n|-fieldend|move: Trick Room\n|upkeep\n|\n|t:|1788444094\n|switch|p1b: Charizard|Charizard, L50, F|100/100\n|turn|6\n|\n|t:|1788444101\n|detailschange|p1b: Charizard|Charizard-Mega-Y, L50, F\n|-mega|p1b: Charizard|Charizard|Charizardite Y\n|move|p2a: Charizard|Ancient Power|p1b: Charizard\n|-supereffective|p1b: Charizard|2\n|-damage|p1b: Charizard|20/100r\n|-boost|p2a: Charizard|atk|1\n|-boost|p2a: Charizard|def|1\n|-boost|p2a: Charizard|spa|1\n|-boost|p2a: Charizard|spd|1\n|-boost|p2a: Charizard|spe|1\n|move|p1b: Charizard|Weather Ball|p2a: Charizard\n|-resisted|p2a: Charizard|1\n|-damage|p2a: Charizard|28/100\n|move|p1a: Farigiraf|Thunderbolt|p2a: Charizard\n|-supereffective|p2a: Charizard|1\n|-damage|p2a: Charizard|0 fnt\n|faint|p2a: Charizard\n|\n|win|vomitblood27\n|inactive|vomitblood27 has 30 seconds to confirm battle start!\n|inactive|ZURUYO has 30 seconds to confirm battle start!\n||ZURUYO is ready for game 2.\n","uploadtime":1788444114,"views":"0","formatid":"gen9championsvgc2026regmbbo3","rating":null,"private":0,"password":null}