{"id":"gen9championsvgc2026regmb-2674877058","format":"[Gen 9 Champions] VGC 2026 Reg M-B","players":["bwan","icetray28"],"log":"|j|☆bwan\n|j|☆icetray28\n|t:|1788427185\n|gametype|doubles\n|player|p1|bwan|lucas-gen4pt|1379\n|player|p2|icetray28|2|1368\n|gen|9\n|tier|[Gen 9 Champions] VGC 2026 Reg M-B\n|rated|\n|rule|Species Clause: Limit one of each Pokémon\n|rule|Item Clause: Limit 1 of each item\n|clearpoke\n|poke|p1|Manectric, L50, M|\n|poke|p1|Pelipper, L50, F|\n|poke|p1|Beartic, L50, M|\n|poke|p1|Chesnaught, L50, M|\n|poke|p1|Florges, L50, F|\n|poke|p1|Archaludon, L50, F|\n|poke|p2|Garchomp, L50, F|\n|poke|p2|Sinistcha, L50|\n|poke|p2|Staraptor, L50, F|\n|poke|p2|Whimsicott, L50, F|\n|poke|p2|Basculegion, L50, M|\n|poke|p2|Dragonite, L50, F|\n|teampreview|4\n|inactive|Battle timer is ON: inactive players will automatically lose when time's up. (requested by icetray28)\n|inactive|bwan also wants the timer to be on.\n|\n|t:|1788427207\n|teamsize|p1|4\n|teamsize|p2|4\n|start\n|switch|p1a: Manectric|Manectric, L50, M|100/100\n|switch|p1b: Pelipper|Pelipper, L50, F|100/100\n|switch|p2a: Garchomp|Garchomp, L50, F|100/100\n|switch|p2b: Whimsicott|Whimsicott, L50, F|100/100\n|-weather|RainDance|[from] ability: Drizzle|[of] p1b: Pelipper\n|turn|1\n|\n|t:|1788427240\n|detailschange|p1a: Manectric|Manectric-Mega, L50, M\n|-mega|p1a: Manectric|Manectric|Manectite\n|-ability|p1a: Manectric|Intimidate|boost\n|-unboost|p2a: Garchomp|atk|1\n|-unboost|p2b: Whimsicott|atk|1\n|move|p2b: Whimsicott|Tailwind|p2b: Whimsicott\n|-sidestart|p2: icetray28|move: Tailwind\n|move|p2a: Garchomp|Rock Slide|p1b: Pelipper|[spread] p1a,p1b\n|-supereffective|p1b: Pelipper|1\n|-damage|p1a: Manectric|83/100\n|-damage|p1b: Pelipper|63/100\n|move|p1a: Manectric|Volt Switch|p2b: Whimsicott\n|-resisted|p2b: Whimsicott|1\n|-crit|p2b: Whimsicott\n|-damage|p2b: Whimsicott|59/100\n|\n|t:|1788427249\n|switch|p1a: Beartic|Beartic, L50, M|100/100|[from] Volt Switch\n|move|p1b: Pelipper|Hurricane|p2b: Whimsicott\n|-supereffective|p2b: Whimsicott|1\n|-crit|p2b: Whimsicott\n|-damage|p2b: Whimsicott|0 fnt\n|faint|p2b: Whimsicott\n|\n|-weather|RainDance|[upkeep]\n|upkeep\n|\n|t:|1788427258\n|switch|p2b: Dragonite|Dragonite, L50, F|100/100\n|turn|2\n|\n|t:|1788427268\n|detailschange|p2b: Dragonite|Dragonite-Mega, L50, F\n|-mega|p2b: Dragonite|Dragonite|Dragoninite\n|move|p1b: Pelipper|Wide Guard|p1b: Pelipper\n|-singleturn|p1b: Pelipper|Wide Guard\n|move|p2a: Garchomp|Rock Slide|p1a: Beartic|[spread] \n|-activate|p1a: Beartic|move: Wide Guard\n|-activate|p1b: Pelipper|move: Wide Guard\n|move|p2b: Dragonite|Dragon Pulse|p1a: Beartic\n|-damage|p1a: Beartic|38/100\n|move|p1a: Beartic|Icicle Crash|p2a: Garchomp\n|-supereffective|p2a: Garchomp|2\n|-damage|p2a: Garchomp|0 fnt\n|faint|p2a: Garchomp\n|-damage|p1a: Beartic|29/100|[from] item: Life Orb\n|\n|-weather|RainDance|[upkeep]\n|upkeep\n|\n|t:|1788427273\n|switch|p2a: Sinistcha|Sinistcha, L50|100/100\n|turn|3\n|\n|t:|1788427287\n|switch|p1a: Manectric|Manectric-Mega, L50, M|83/100\n|-ability|p1a: Manectric|Intimidate|boost\n|-unboost|p2a: Sinistcha|atk|1\n|-unboost|p2b: Dragonite|atk|1\n|move|p2b: Dragonite|Dragon Pulse|p1a: Manectric\n|-damage|p1a: Manectric|25/100\n|move|p2a: Sinistcha|Shadow Ball|p1b: Pelipper\n|-damage|p1b: Pelipper|5/100\n|-unboost|p1b: Pelipper|spd|1\n|move|p1b: Pelipper|Hurricane|p2a: Sinistcha\n|-supereffective|p2a: Sinistcha|1\n|-damage|p2a: Sinistcha|0 fnt\n|faint|p2a: Sinistcha\n|\n|-weather|RainDance|[upkeep]\n|upkeep\n|turn|4\n|\n|t:|1788427307\n|switch|p1b: Archaludon|Archaludon, L50, F|100/100\n|move|p1a: Manectric|Protect|p1a: Manectric\n|-singleturn|p1a: Manectric|Protect\n|move|p2b: Dragonite|Dragon Pulse|p1a: Manectric\n|-activate|p1a: Manectric|move: Protect\n|\n|-weather|RainDance|[upkeep]\n|-sideend|p2: icetray28|move: Tailwind\n|upkeep\n|turn|5\n|\n|t:|1788427316\n|move|p1a: Manectric|Volt Switch|p2b: Dragonite\n|-crit|p2b: Dragonite\n|-damage|p2b: Dragonite|80/100\n|\n|t:|1788427319\n|switch|p1a: Beartic|Beartic, L50, M|29/100|[from] Volt Switch\n|move|p2b: Dragonite|Dragon Pulse|p1b: Archaludon\n|-damage|p1b: Archaludon|54/100\n|-ability|p1b: Archaludon|Stamina|boost\n|-boost|p1b: Archaludon|def|1\n|move|p1b: Archaludon|Dragon Pulse|p2b: Dragonite\n|-supereffective|p2b: Dragonite|1\n|-damage|p2b: Dragonite|10/100\n|\n|-weather|none\n|-heal|p1b: Archaludon|60/100|[from] item: Leftovers\n|upkeep\n|turn|6\n|\n|t:|1788427330\n|switch|p1b: Pelipper|Pelipper, L50, F|5/100\n|-weather|RainDance|[from] ability: Drizzle|[of] p1b: Pelipper\n|move|p2b: Dragonite|Extreme Speed|p1a: Beartic\n|-damage|p1a: Beartic|9/100\n|move|p1a: Beartic|Icicle Crash|p2b: Dragonite|[miss]\n|-miss|p1a: Beartic|p2b: Dragonite\n|\n|-weather|RainDance|[upkeep]\n|upkeep\n|turn|7\n|\n|t:|1788427345\n|move|p2b: Dragonite|Extreme Speed|p1a: Beartic\n|-damage|p1a: Beartic|0 fnt\n|faint|p1a: Beartic\n|move|p1b: Pelipper|Tailwind|p1b: Pelipper\n|-sidestart|p1: bwan|move: Tailwind\n|\n|-weather|RainDance|[upkeep]\n|upkeep\n|\n|t:|1788427350\n|switch|p1a: Manectric|Manectric-Mega, L50, M|25/100\n|-ability|p1a: Manectric|Intimidate|boost\n|-unboost|p2b: Dragonite|atk|1\n|turn|8\n|\n|t:|1788427354\n|move|p2b: Dragonite|Extreme Speed|p1b: Pelipper\n|-damage|p1b: Pelipper|0 fnt\n|faint|p1b: Pelipper\n|move|p1a: Manectric|Thunderbolt|p2b: Dragonite\n|-damage|p2b: Dragonite|0 fnt\n|faint|p2b: Dragonite\n|\n|win|bwan\n|raw|bwan's rating: 1379 &rarr; <strong>1398</strong><br />(+19 for winning)\n|raw|icetray28's rating: 1368 &rarr; <strong>1349</strong><br />(-19 for losing)\n","uploadtime":1788427357,"views":"10","formatid":"gen9championsvgc2026regmb","rating":1349,"private":0,"password":null}