{"id":"gen9championsvgc2026regmbbo3-2674166110","format":"[Gen 9 Champions] VGC 2026 Reg M-B (Bo3)","players":["nulce","Luma Tactas"],"log":"|j|☆nulce\n|j|☆Luma Tactas\n|html|<table width=\"100%\"><tr><td align=\"left\">nulce</td><td align=\"right\">Luma Tactas</tr><tr><td align=\"left\"><i class=\"fa fa-circle-o\"></i> <i class=\"fa fa-circle-o\"></i> </td><td align=\"right\"><i class=\"fa fa-circle-o\"></i> <i class=\"fa fa-circle-o\"></i> </tr></table>\n|uhtml|bestof|<h2><strong>Game 1</strong> of <a href=\"/game-bestof3-gen9championsvgc2026regmbbo3-2674166109\">a best-of-3</a></h2>\n|t:|1788309062\n|gametype|doubles\n|player|p1|nulce|marley|1082\n|player|p2|Luma Tactas|acetrainerf|1134\n|gen|9\n|tier|[Gen 9 Champions] VGC 2026 Reg M-B (Bo3)\n|rated|\n|rule|Species Clause: Limit one of each Pokémon\n|rule|Item Clause: Limit 1 of each item\n|clearpoke\n|poke|p1|Rotom-Frost, L50, shiny|\n|poke|p1|Garchomp, L50, F, shiny|\n|poke|p1|Froslass, L50, F, shiny|\n|poke|p1|Kingambit, L50, F, shiny|\n|poke|p1|Whimsicott, L50, F, shiny|\n|poke|p1|Sneasler, L50, M, shiny|\n|poke|p2|Gardevoir, L50, F, shiny|\n|poke|p2|Sneasler, L50, M|\n|poke|p2|Sinistcha, L50|\n|poke|p2|Rotom-Wash, L50|\n|poke|p2|Talonflame, L50, M|\n|poke|p2|Garchomp, L50, F|\n|teampreview|4\n|showteam|p1|Rotom-Frost||ChoiceScarf|Levitate|Blizzard,Trick,Discharge,VoltSwitch|Timid|||||50|]Garchomp||LifeOrb|RoughSkin|DragonClaw,Earthquake,RockSlide,Protect|Jolly||F|||50|]Froslass||Froslassite|CursedBody|AuroraVeil,Blizzard,ShadowBall,Protect|Timid||F|||50|]Kingambit||BlackGlasses|Defiant|KowtowCleave,SuckerPunch,IronHead,Protect|Adamant||F|||50|]Whimsicott||FocusSash|Prankster|Moonblast,Encore,Tailwind,Charm|Timid||F|||50|]Sneasler||WhiteHerb|Unburden|DireClaw,CloseCombat,FakeOut,Protect|Adamant||M|||50|\n|showteam|p2|Gardevoir||Gardevoirite|Synchronize|HyperVoice,Psychic,TrickRoom,Protect|Modest||F|||50|]Sneasler||WhiteHerb|Unburden|FakeOut,CloseCombat,DireClaw,Protect|Jolly||M|||50|]Sinistcha||SitrusBerry|Hospitality|MatchaGotcha,RagePowder,StrengthSap,LifeDew|Bold|||||50|]Rotom-Wash||Leftovers|Levitate|Thunderbolt,WillOWisp,HydroPump,Protect|Modest|||||50|]Talonflame||FocusSash|GaleWings|Tailwind,DualWingbeat,FlareBlitz,Protect|Jolly||M|||50|]Garchomp||LifeOrb|RoughSkin|Crunch,RockSlide,Earthquake,Protect|Jolly||F|||50|\n|inactive|Battle timer is ON: inactive players will automatically lose when time's up. (requested by nulce)\n|inactive|Luma Tactas has 60 seconds left.\n|\n|t:|1788309118\n|teamsize|p1|4\n|teamsize|p2|4\n|start\n|switch|p1a: Garchomp|Garchomp, L50, F, shiny|100/100\n|switch|p1b: Rotom|Rotom-Frost, L50, shiny|100/100\n|switch|p2a: Morganucodon|Talonflame, L50, M|100/100\n|switch|p2b: Unseen|Sneasler, L50, M|100/100\n|turn|1\n|inactive|Luma Tactas has 30 seconds left.\n|inactive|Luma Tactas has 20 seconds left.\n|\n|t:|1788309155\n|move|p2a: Morganucodon|Protect|p2a: Morganucodon\n|-singleturn|p2a: Morganucodon|Protect\n|move|p2b: Unseen|Fake Out|p1a: Garchomp\n|-damage|p1a: Garchomp|85/100\n|-damage|p2b: Unseen|87/100|[from] ability: Rough Skin|[of] p1a: Garchomp\n|move|p1b: Rotom|Discharge|p2b: Unseen|[spread] p2b\n|-activate|p2a: Morganucodon|move: Protect\n|-immune|p1a: Garchomp\n|-damage|p2b: Unseen|52/100\n|cant|p1a: Garchomp|flinch\n|\n|upkeep\n|turn|2\n|\n|t:|1788309173\n|switch|p2a: Iron Mugulis|Sinistcha, L50|100/100\n|-heal|p2b: Unseen|77/100|[from] ability: Hospitality|[of] p2a: Iron Mugulis\n|move|p1b: Rotom|Discharge|p2b: Unseen|[spread] p2a,p2b\n|-immune|p1a: Garchomp\n|-resisted|p2a: Iron Mugulis|1\n|-crit|p2b: Unseen\n|-damage|p2a: Iron Mugulis|84/100\n|-damage|p2b: Unseen|18/100\n|move|p2b: Unseen|Close Combat|p1b: Rotom\n|-supereffective|p1b: Rotom|1\n|-damage|p1b: Rotom|0 fnt\n|-unboost|p2b: Unseen|def|1\n|-unboost|p2b: Unseen|spd|1\n|faint|p1b: Rotom\n|-enditem|p2b: Unseen|White Herb\n|-clearnegativeboost|p2b: Unseen|[silent]\n|move|p1a: Garchomp|Rock Slide|p2a: Iron Mugulis|[spread] p2a,p2b\n|-resisted|p2b: Unseen|1\n|-damage|p2a: Iron Mugulis|65/100\n|-damage|p2b: Unseen|0 fnt\n|faint|p2b: Unseen\n|-damage|p1a: Garchomp|76/100|[from] item: Life Orb\n|\n|upkeep\n|\n|t:|1788309196\n|switch|p2b: Ophelia|Gardevoir, L50, F, shiny|100/100\n|switch|p1b: Sneasler|Sneasler, L50, M, shiny|100/100\n|turn|3\n|\n|t:|1788309210\n|detailschange|p2b: Ophelia|Gardevoir-Mega, L50, F, shiny\n|-mega|p2b: Ophelia|Gardevoir|Gardevoirite\n|move|p1a: Garchomp|Protect|p1a: Garchomp\n|-singleturn|p1a: Garchomp|Protect\n|move|p2b: Ophelia|Protect|p2b: Ophelia\n|-singleturn|p2b: Ophelia|Protect\n|move|p1b: Sneasler|Dire Claw|p2b: Ophelia\n|-activate|p2b: Ophelia|move: Protect\n|move|p2a: Iron Mugulis|Strength Sap|p1a: Garchomp\n|-activate|p1a: Garchomp|move: Protect\n|\n|upkeep\n|turn|4\n|\n|t:|1788309227\n|switch|p1a: Froslass|Froslass, L50, F, shiny|100/100\n|move|p2a: Iron Mugulis|Rage Powder|p2a: Iron Mugulis\n|-singleturn|p2a: Iron Mugulis|move: Rage Powder\n|move|p1b: Sneasler|Dire Claw|p2a: Iron Mugulis\n|-damage|p2a: Iron Mugulis|32/100\n|-enditem|p2a: Iron Mugulis|Sitrus Berry|[eat]\n|-heal|p2a: Iron Mugulis|57/100|[from] item: Sitrus Berry\n|move|p2b: Ophelia|Trick Room|p2b: Ophelia\n|-fieldstart|move: Trick Room|[of] p2b: Ophelia\n|\n|upkeep\n|turn|5\n|inactive|Luma Tactas has 30 seconds left.\n|\n|t:|1788309258\n|detailschange|p1a: Froslass|Froslass-Mega, L50, F, shiny\n|-mega|p1a: Froslass|Froslass|Froslassite\n|-weather|Snowscape|[from] ability: Snow Warning|[of] p1a: Froslass\n|move|p2a: Iron Mugulis|Matcha Gotcha|p1b: Sneasler|[spread] p1a,p1b\n|-resisted|p1b: Sneasler|1\n|-damage|p1a: Froslass|68/100\n|-heal|p2a: Iron Mugulis|70/100|[from] drain|[of] p1a: Froslass\n|-damage|p1b: Sneasler|82/100\n|-heal|p2a: Iron Mugulis|78/100|[from] drain|[of] p1b: Sneasler\n|move|p2b: Ophelia|Hyper Voice|p1a: Froslass|[spread] p1a,p1b\n|-damage|p1a: Froslass|6/100\n|-damage|p1b: Sneasler|7/100\n|move|p1b: Sneasler|Dire Claw|p2b: Ophelia\n|-supereffective|p2b: Ophelia|1\n|-damage|p2b: Ophelia|0 fnt\n|faint|p2b: Ophelia\n|move|p1a: Froslass|Aurora Veil|p1a: Froslass\n|-sidestart|p1: nulce|move: Aurora Veil\n|\n|-weather|Snowscape|[upkeep]\n|upkeep\n|\n|t:|1788309276\n|switch|p2b: Morganucodon|Talonflame, L50, M|100/100\n|turn|6\n|\n|t:|1788309292\n|move|p1b: Sneasler|Protect|p1b: Sneasler\n|-singleturn|p1b: Sneasler|Protect\n|move|p2a: Iron Mugulis|Rage Powder|p2a: Iron Mugulis\n|-singleturn|p2a: Iron Mugulis|move: Rage Powder\n|move|p2b: Morganucodon|Dual Wingbeat|p1a: Froslass\n|-damage|p1a: Froslass|0 fnt\n|faint|p1a: Froslass\n|-hitcount|p1: Froslass|1\n|\n|-weather|Snowscape|[upkeep]\n|upkeep\n|\n|t:|1788309299\n|switch|p1a: Garchomp|Garchomp, L50, F, shiny|76/100\n|turn|7\n|\n|t:|1788309312\n|move|p2b: Morganucodon|Dual Wingbeat|p1b: Sneasler\n|-supereffective|p1b: Sneasler|1\n|-damage|p1b: Sneasler|0 fnt\n|faint|p1b: Sneasler\n|-hitcount|p1: Sneasler|1\n|move|p2a: Iron Mugulis|Strength Sap|p1a: Garchomp\n|-unboost|p1a: Garchomp|atk|1\n|-heal|p2a: Iron Mugulis|100/100\n|move|p1a: Garchomp|Rock Slide|p2a: Iron Mugulis|[spread] p2b\n|-miss|p1a: Garchomp|p2a: Iron Mugulis\n|-supereffective|p2b: Morganucodon|2\n|-enditem|p2b: Morganucodon|Focus Sash\n|-damage|p2b: Morganucodon|1/100\n|-damage|p1a: Garchomp|66/100|[from] item: Life Orb\n|\n|-weather|Snowscape|[upkeep]\n|upkeep\n|turn|8\n|\n|t:|1788309332\n|move|p1a: Garchomp|Protect|p1a: Garchomp\n|-singleturn|p1a: Garchomp|Protect\n|move|p2b: Morganucodon|Protect|p2b: Morganucodon\n|-singleturn|p2b: Morganucodon|Protect\n|move|p2a: Iron Mugulis|Matcha Gotcha|p1a: Garchomp\n|-activate|p1a: Garchomp|move: Protect\n|\n|-weather|Snowscape|[upkeep]\n|-fieldend|move: Trick Room\n|upkeep\n|turn|9\n|\n|t:|1788309351\n|move|p2b: Morganucodon|Dual Wingbeat|p1a: Garchomp\n|-damage|p1a: Garchomp|55/100\n|-damage|p2b: Morganucodon|0 fnt|[from] ability: Rough Skin|[of] p1a: Garchomp\n|faint|p2b: Morganucodon\n|-hitcount|p1a: Garchomp|1\n|move|p1a: Garchomp|Rock Slide|p2a: Iron Mugulis\n|-crit|p2a: Iron Mugulis\n|-damage|p2a: Iron Mugulis|63/100\n|-damage|p1a: Garchomp|45/100|[from] item: Life Orb\n|move|p2a: Iron Mugulis|Matcha Gotcha|p1a: Garchomp\n|-damage|p1a: Garchomp|22/100\n|-heal|p2a: Iron Mugulis|75/100|[from] drain|[of] p1a: Garchomp\n|\n|-weather|none\n|-sideend|p1: nulce|move: Aurora Veil\n|upkeep\n|turn|10\n|\n|t:|1788309368\n|move|p1a: Garchomp|Dragon Claw|p2a: Iron Mugulis\n|-damage|p2a: Iron Mugulis|51/100\n|-damage|p1a: Garchomp|12/100|[from] item: Life Orb\n|move|p2a: Iron Mugulis|Matcha Gotcha|p1a: Garchomp\n|-damage|p1a: Garchomp|0 fnt\n|-heal|p2a: Iron Mugulis|58/100|[from] drain|[of] p1a: Garchomp\n|faint|p1a: Garchomp\n|\n|win|Luma Tactas\n||Luma Tactas is ready for game 2.\n|l|☆nulce\n|player|p1|\n|inactive|nulce has 30 seconds to confirm battle start!\n||nulce is ready for game 2.\n|uhtml|next|Next: <a href=\"/battle-gen9championsvgc2026regmbbo3-2674168181\"><strong>Game 2 of 3</strong></a>\n","uploadtime":1788309744,"views":"9","formatid":"gen9championsvgc2026regmbbo3","rating":null,"private":0,"password":null}