{"id":"gen9championsvgc2026regmb-2674102731","format":"[Gen 9 Champions] VGC 2026 Reg M-B","players":["Skleyt","KingofAyri"],"log":"|j|☆Skleyt\n|j|☆KingofAyri\n|html|<table width=\"100%\"><tr><td align=\"left\">Skleyt</td><td align=\"right\">KingofAyri</tr><tr><td align=\"left\"><i class=\"fa fa-circle-o\"></i> <i class=\"fa fa-circle-o\"></i> </td><td align=\"right\"><i class=\"fa fa-circle-o\"></i> <i class=\"fa fa-circle\"></i> </tr></table>\n|uhtml|bestof|<h2><strong>Game 2</strong> of <a href=\"/game-bestof3-gen9championsvgc2026regmb-2674098310\">a best-of-3</a></h2>\n|t:|1788299487\n|gametype|doubles\n|player|p1|Skleyt|2|\n|player|p2|KingofAyri|265|\n|gen|9\n|tier|[Gen 9 Champions] VGC 2026 Reg M-B\n|rule|Species Clause: Limit one of each Pokémon\n|rule|Item Clause: Limit 1 of each item\n|raw|<div class=\"infobox\"><details class=\"readmore\" open><summary><strong>2 custom rules:</strong></summary> ! Open Team Sheets, Best of = 3</details></div>\n|clearpoke\n|poke|p1|Basculegion, L50, M, shiny|\n|poke|p1|Archaludon, L50, M|\n|poke|p1|Dragonite, L50, F|\n|poke|p1|Politoed, L50, M|\n|poke|p1|Starmie, L50|\n|poke|p1|Liepard, L50, M|\n|poke|p2|Tsareena, L50, F|\n|poke|p2|Staraptor, L50, F|\n|poke|p2|Grimmsnarl, L50, M|\n|poke|p2|Rotom-Wash, L50|\n|poke|p2|Sylveon, L50, F|\n|poke|p2|Polteageist, L50|\n|teampreview|4\n|\n|t:|1788299605\n|teamsize|p1|4\n|teamsize|p2|4\n|start\n|switch|p1a: Politoed|Politoed, L50, M|100/100\n|switch|p1b: Dragonite|Dragonite, L50, F|100/100\n|switch|p2a: Sylveon|Sylveon, L50, F|100/100\n|switch|p2b: Tsareena|Tsareena, L50, F|100/100\n|-weather|RainDance|[from] ability: Drizzle|[of] p1a: Politoed\n|turn|1\n|\n|t:|1788299647\n|switch|p1a: Archaludon|Archaludon, L50, M|100/100\n|detailschange|p1b: Dragonite|Dragonite-Mega, L50, F\n|-mega|p1b: Dragonite|Dragonite|Dragoninite\n|move|p1b: Dragonite|Protect|p1b: Dragonite\n|-singleturn|p1b: Dragonite|Protect\n|move|p2a: Sylveon|Hyper Voice|p1b: Dragonite|[spread] p1a\n|-activate|p1b: Dragonite|move: Protect\n|-damage|p1a: Archaludon|50/100g\n|-ability|p1a: Archaludon|Stamina|boost\n|-boost|p1a: Archaludon|def|1\n|move|p2b: Tsareena|Power Whip|p1a: Archaludon|[miss]\n|-miss|p2b: Tsareena|p1a: Archaludon\n|\n|-weather|RainDance|[upkeep]\n|upkeep\n|turn|2\n|\n|t:|1788299676\n|move|p2a: Sylveon|Hyper Voice|p1a: Archaludon|[spread] p1a,p1b\n|-supereffective|p1b: Dragonite|1\n|-damage|p1a: Archaludon|8/100\n|-damage|p1b: Dragonite|68/100\n|-ability|p1a: Archaludon|Stamina|boost\n|-boost|p1a: Archaludon|def|1\n|move|p1b: Dragonite|Hurricane|p2b: Tsareena\n|-supereffective|p2b: Tsareena|1\n|-enditem|p2b: Tsareena|Coba Berry|[eat]\n|-enditem|p2b: Tsareena|Coba Berry|[weaken]\n|-damage|p2b: Tsareena|31/100\n|-start|p2b: Tsareena|confusion\n|move|p1a: Archaludon|Flash Cannon|p2a: Sylveon\n|-supereffective|p2a: Sylveon|1\n|-damage|p2a: Sylveon|32/100\n|-activate|p2b: Tsareena|confusion\n|move|p2b: Tsareena|Triple Axel|p1b: Dragonite\n|-supereffective|p1b: Dragonite|2\n|-crit|p1b: Dragonite\n|-damage|p1b: Dragonite|27/100\n|-supereffective|p1b: Dragonite|2\n|-damage|p1b: Dragonite|0 fnt\n|faint|p1b: Dragonite\n|-hitcount|p1: Dragonite|2\n|\n|-weather|RainDance|[upkeep]\n|upkeep\n|\n|t:|1788299700\n|switch|p1b: Politoed|Politoed, L50, M|100/100\n|turn|3\n|\n|t:|1788299721\n|move|p2a: Sylveon|Hyper Voice|p1b: Politoed|[spread] p1a,p1b\n|-damage|p1a: Archaludon|0 fnt\n|-damage|p1b: Politoed|73/100\n|faint|p1a: Archaludon\n|-activate|p2b: Tsareena|confusion\n|move|p2b: Tsareena|Power Whip|p1b: Politoed\n|-supereffective|p1b: Politoed|1\n|-damage|p1b: Politoed|0 fnt\n|faint|p1b: Politoed\n|\n|-weather|RainDance|[upkeep]\n|upkeep\n|\n|t:|1788299730\n|switch|p1b: Basculegion|Basculegion, L50, M, shiny|100/100\n|turn|4\n|\n|t:|1788299741\n|move|p2a: Sylveon|Hyper Voice|p1b: Basculegion\n|-damage|p1b: Basculegion|42/100\n|move|p1b: Basculegion|Last Respects|p2b: Tsareena\n|-damage|p2b: Tsareena|0 fnt\n|faint|p2b: Tsareena\n|\n|-weather|RainDance|[upkeep]\n|upkeep\n|\n|t:|1788299756\n|switch|p2b: Rotom|Rotom-Wash, L50|100/100\n|turn|5\n|\n|t:|1788299783\n|move|p2a: Sylveon|Hyper Voice|p1b: Basculegion\n|-damage|p1b: Basculegion|0 fnt\n|faint|p1b: Basculegion\n|\n|win|KingofAyri\n","uploadtime":1788299797,"views":"5","formatid":"gen9championsvgc2026regmb","rating":null,"private":0,"password":null}