{"id":"gen9championsvgc2026regmb-2674169948","format":"[Gen 9 Champions] VGC 2026 Reg M-B","players":["Mixwel10","CJay_13"],"log":"|j|☆Mixwel10\n|j|☆CJay_13\n|t:|1788309654\n|gametype|doubles\n|player|p1|Mixwel10|cynthia-masters|1390\n|player|p2|CJay_13|nate|1292\n|gen|9\n|tier|[Gen 9 Champions] VGC 2026 Reg M-B\n|rated|\n|rule|Species Clause: Limit one of each Pokémon\n|rule|Item Clause: Limit 1 of each item\n|clearpoke\n|poke|p1|Tyranitar, L50, F|\n|poke|p1|Excadrill, L50, F|\n|poke|p1|Milotic, L50, F|\n|poke|p1|Gholdengo, L50|\n|poke|p1|Sinistcha, L50|\n|poke|p1|Staraptor, L50, M|\n|poke|p2|Kingambit, L50, M|\n|poke|p2|Basculegion, L50, M|\n|poke|p2|Garchomp, L50, F|\n|poke|p2|Charizard, L50, M|\n|poke|p2|Whimsicott, L50, F|\n|poke|p2|Floette-Eternal, L50, F|\n|teampreview|4\n|inactive|Battle timer is ON: inactive players will automatically lose when time's up. (requested by Mixwel10)\n|\n|t:|1788309678\n|teamsize|p1|4\n|teamsize|p2|4\n|start\n|switch|p1a: Gholdengo|Gholdengo, L50|100/100\n|switch|p1b: Tyranitar|Tyranitar, L50, F|100/100\n|switch|p2a: Whimsicott|Whimsicott, L50, F|100/100\n|switch|p2b: Basculegion|Basculegion, L50, M|100/100\n|-weather|Sandstorm|[from] ability: Sand Stream|[of] p1b: Tyranitar\n|turn|1\n|\n|t:|1788309691\n|switch|p1b: Staraptor|Staraptor, L50, M|100/100\n|-ability|p1b: Staraptor|Intimidate|boost\n|-unboost|p2a: Whimsicott|atk|1\n|-unboost|p2b: Basculegion|atk|1\n|move|p2a: Whimsicott|Tailwind|p2a: Whimsicott\n|-sidestart|p2: CJay_13|move: Tailwind\n|move|p2b: Basculegion|Wave Crash|p1b: Staraptor\n|-damage|p1b: Staraptor|12/100\n|-damage|p2b: Basculegion|71/100|[from] Recoil\n|-damage|p2b: Basculegion|62/100|[from] item: Life Orb\n|move|p1a: Gholdengo|Shadow Ball|p2b: Basculegion\n|-supereffective|p2b: Basculegion|1\n|-damage|p2b: Basculegion|0 fnt\n|faint|p2b: Basculegion\n|-damage|p1a: Gholdengo|90/100|[from] item: Life Orb\n|\n|-weather|Sandstorm|[upkeep]\n|-damage|p2a: Whimsicott|94/100|[from] Sandstorm\n|-damage|p1b: Staraptor|6/100|[from] Sandstorm\n|upkeep\n|\n|t:|1788309704\n|switch|p2b: Charizard|Charizard, L50, M|100/100\n|turn|2\n|\n|t:|1788309722\n|detailschange|p2b: Charizard|Charizard-Mega-Y, L50, M\n|-mega|p2b: Charizard|Charizard|Charizardite Y\n|-weather|SunnyDay|[from] ability: Drought|[of] p2b: Charizard\n|move|p2a: Whimsicott|Protect|p2a: Whimsicott\n|-singleturn|p2a: Whimsicott|Protect\n|move|p1a: Gholdengo|Protect|p1a: Gholdengo\n|-singleturn|p1a: Gholdengo|Protect\n|move|p2b: Charizard|Heat Wave|p1a: Gholdengo|[spread] p1b\n|-activate|p1a: Gholdengo|move: Protect\n|-damage|p1b: Staraptor|0 fnt\n|faint|p1b: Staraptor\n|\n|-weather|SunnyDay|[upkeep]\n|upkeep\n|\n|t:|1788309730\n|switch|p1b: Tyranitar|Tyranitar, L50, F|100/100\n|-weather|Sandstorm|[from] ability: Sand Stream|[of] p1b: Tyranitar\n|turn|3\n|inactive|Mixwel10 has 30 seconds left.\n|inactive|CJay_13 has 30 seconds left.\n|inactive|Mixwel10 has 20 seconds left.\n|inactive|Mixwel10 has 15 seconds left.\n|inactive|Mixwel10 has 10 seconds left.\n|inactive|Mixwel10 has 5 seconds left.\n|\n|t:|1788309781\n|switch|p1a: Sinistcha|Sinistcha, L50|100/100\n|move|p2b: Charizard|Protect|p2b: Charizard\n|-singleturn|p2b: Charizard|Protect\n|move|p2a: Whimsicott|Moonblast|p1b: Tyranitar\n|-supereffective|p1b: Tyranitar|1\n|-damage|p1b: Tyranitar|52/100\n|move|p1b: Tyranitar|Rock Slide|p2b: Charizard|[spread] p2a\n|-activate|p2b: Charizard|move: Protect\n|-damage|p2a: Whimsicott|53/100\n|\n|-weather|Sandstorm|[upkeep]\n|-damage|p2a: Whimsicott|47/100|[from] Sandstorm\n|-damage|p2b: Charizard|93/100|[from] Sandstorm\n|-damage|p1a: Sinistcha|94/100|[from] Sandstorm\n|upkeep\n|turn|4\n|\n|t:|1788309800\n|switch|p2b: Kingambit|Kingambit, L50, M|100/100\n|move|p1b: Tyranitar|Protect|p1b: Tyranitar\n|-singleturn|p1b: Tyranitar|Protect\n|move|p2a: Whimsicott|Moonblast|p1b: Tyranitar\n|-activate|p1b: Tyranitar|move: Protect\n|move|p1a: Sinistcha|Trick Room|p1a: Sinistcha\n|-fieldstart|move: Trick Room|[of] p1a: Sinistcha\n|\n|-weather|Sandstorm|[upkeep]\n|-damage|p1a: Sinistcha|88/100|[from] Sandstorm\n|-damage|p2a: Whimsicott|41/100|[from] Sandstorm\n|-sideend|p2: CJay_13|move: Tailwind\n|upkeep\n|turn|5\n|inactive|Mixwel10 has 30 seconds left.\n|\n|t:|1788309826\n|switch|p1b: Gholdengo|Gholdengo, L50|90/100\n|move|p1a: Sinistcha|Rage Powder|p1a: Sinistcha\n|-singleturn|p1a: Sinistcha|move: Rage Powder\n|move|p2a: Whimsicott|Encore|p1b: Gholdengo\n|-immune|p1b: Gholdengo|[from] ability: Good as Gold\n|move|p2b: Kingambit|Kowtow Cleave|p1a: Sinistcha\n|-supereffective|p1a: Sinistcha|1\n|-enditem|p1a: Sinistcha|Colbur Berry|[eat]\n|-enditem|p1a: Sinistcha|Colbur Berry|[weaken]\n|-damage|p1a: Sinistcha|47/100\n|\n|-weather|Sandstorm|[upkeep]\n|-damage|p1a: Sinistcha|41/100|[from] Sandstorm\n|-damage|p2a: Whimsicott|35/100|[from] Sandstorm\n|upkeep\n|turn|6\n|\n|t:|1788309849\n|move|p2a: Whimsicott|Protect|p2a: Whimsicott\n|-singleturn|p2a: Whimsicott|Protect\n|move|p1a: Sinistcha|Rage Powder|p1a: Sinistcha\n|-singleturn|p1a: Sinistcha|move: Rage Powder\n|move|p2b: Kingambit|Sucker Punch||[still]\n|-fail|p2b: Kingambit\n|move|p1b: Gholdengo|Shadow Ball|p2a: Whimsicott\n|-activate|p2a: Whimsicott|move: Protect\n|\n|-weather|Sandstorm|[upkeep]\n|-damage|p1a: Sinistcha|36/100|[from] Sandstorm\n|-damage|p2a: Whimsicott|29/100|[from] Sandstorm\n|upkeep\n|turn|7\n|\n|t:|1788309871\n|switch|p2a: Charizard|Charizard-Mega-Y, L50, M|93/100\n|-weather|SunnyDay|[from] ability: Drought|[of] p2a: Charizard\n|move|p1a: Sinistcha|Rage Powder|p1a: Sinistcha\n|-singleturn|p1a: Sinistcha|move: Rage Powder\n|move|p2b: Kingambit|Kowtow Cleave|p1a: Sinistcha\n|-supereffective|p1a: Sinistcha|1\n|-damage|p1a: Sinistcha|0 fnt\n|faint|p1a: Sinistcha\n|move|p1b: Gholdengo|Shadow Ball|p2a: Charizard\n|-damage|p2a: Charizard|47/100\n|-damage|p1b: Gholdengo|80/100|[from] item: Life Orb\n|\n|-weather|SunnyDay|[upkeep]\n|upkeep\n|\n|t:|1788309877\n|switch|p1a: Tyranitar|Tyranitar, L50, F|52/100\n|-weather|Sandstorm|[from] ability: Sand Stream|[of] p1a: Tyranitar\n|turn|8\n|inactive|CJay_13 has 30 seconds left.\n|\n|t:|1788309903\n|move|p2a: Charizard|Protect|p2a: Charizard\n|-singleturn|p2a: Charizard|Protect\n|move|p2b: Kingambit|Kowtow Cleave|p1b: Gholdengo\n|-supereffective|p1b: Gholdengo|1\n|-crit|p1b: Gholdengo\n|-damage|p1b: Gholdengo|0 fnt\n|faint|p1b: Gholdengo\n|move|p1a: Tyranitar|Low Kick|p2b: Kingambit\n|-supereffective|p2b: Kingambit|2\n|-damage|p2b: Kingambit|5/100\n|\n|-weather|Sandstorm|[upkeep]\n|-damage|p2a: Charizard|41/100|[from] Sandstorm\n|-fieldend|move: Trick Room\n|upkeep\n|turn|9\n|inactive|CJay_13 has 30 seconds left.\n|\n|t:|1788309933\n|detailschange|p1a: Tyranitar|Tyranitar-Mega, L50, F\n|-mega|p1a: Tyranitar|Tyranitar|Tyranitarite\n|move|p2b: Kingambit|Sucker Punch|p1a: Tyranitar\n|-resisted|p1a: Tyranitar|1\n|-damage|p1a: Tyranitar|40/100\n|move|p1a: Tyranitar|Rock Slide|p2a: Charizard|[spread] p2a,p2b\n|-supereffective|p2a: Charizard|2\n|-resisted|p2b: Kingambit|1\n|-damage|p2a: Charizard|0 fnt\n|-damage|p2b: Kingambit|0 fnt\n|faint|p2a: Charizard\n|faint|p2b: Kingambit\n|\n|-weather|Sandstorm|[upkeep]\n|upkeep\n|\n|t:|1788309939\n|switch|p2b: Whimsicott|Whimsicott, L50, F|29/100\n|turn|10\n|\n|t:|1788309947\n|move|p2b: Whimsicott|Moonblast|p1a: Tyranitar\n|-supereffective|p1a: Tyranitar|1\n|-damage|p1a: Tyranitar|1/100\n|move|p1a: Tyranitar|Knock Off|p2b: Whimsicott\n|-resisted|p2b: Whimsicott|1\n|-damage|p2b: Whimsicott|0 fnt\n|-enditem|p2b: Whimsicott|Focus Sash|[from] move: Knock Off|[of] p1a: Tyranitar\n|faint|p2b: Whimsicott\n|\n|win|Mixwel10\n|raw|Mixwel10's rating: 1390 &rarr; <strong>1405</strong><br />(+15 for winning)\n|raw|CJay_13's rating: 1292 &rarr; <strong>1274</strong><br />(-18 for losing)\n|l|☆CJay_13\n|player|p2|\n","uploadtime":1788309966,"views":"2","formatid":"gen9championsvgc2026regmb","rating":1274,"private":0,"password":null}