{"id":"gen9championsvgc2026regmb-2674898664","format":"[Gen 9 Champions] VGC 2026 Reg M-B","players":["Honks123","itsvoltage"],"log":"|j|☆Honks123\n|j|☆itsvoltage\n|t:|1788431951\n|gametype|doubles\n|player|p1|Honks123|byron|1155\n|player|p2|itsvoltage|266|1252\n|gen|9\n|tier|[Gen 9 Champions] VGC 2026 Reg M-B\n|rated|\n|rule|Species Clause: Limit one of each Pokémon\n|rule|Item Clause: Limit 1 of each item\n|clearpoke\n|poke|p1|Dragonite, L50, M, shiny|\n|poke|p1|Heliolisk, L50, M|\n|poke|p1|Meowstic, L50, M, shiny|\n|poke|p1|Corviknight, L50, M, shiny|\n|poke|p1|Sinistcha, L50|\n|poke|p1|Gholdengo, L50|\n|poke|p2|Jolteon, L50, M|\n|poke|p2|Dragonite, L50, F|\n|poke|p2|Basculegion, L50, M|\n|poke|p2|Sylveon, L50, F|\n|poke|p2|Kingambit, L50, M|\n|poke|p2|Volcarona, L50, F|\n|teampreview|4\n|inactive|Battle timer is ON: inactive players will automatically lose when time's up. (requested by itsvoltage)\n|\n|t:|1788431973\n|teamsize|p1|4\n|teamsize|p2|4\n|start\n|switch|p1a: Heliolisk|Heliolisk, L50, M|100/100\n|switch|p1b: Meowstic|Meowstic, L50, M, shiny|100/100\n|switch|p2a: Jolteon|Jolteon, L50, M|100/100\n|switch|p2b: Dragonite|Dragonite, L50, F|100/100\n|turn|1\n|\n|t:|1788431991\n|detailschange|p2b: Dragonite|Dragonite-Mega, L50, F\n|-mega|p2b: Dragonite|Dragonite|Dragoninite\n|move|p1b: Meowstic|Fake Out|p2b: Dragonite\n|-damage|p2b: Dragonite|98/100\n|move|p2a: Jolteon|Yawn|p1b: Meowstic\n|-start|p1b: Meowstic|move: Yawn|[of] p2a: Jolteon\n|move|p1a: Heliolisk|Shed Tail|p1a: Heliolisk\n|-start|p1a: Heliolisk|Substitute|[from] move: Shed Tail\n|-damage|p1a: Heliolisk|50/100y\n|-enditem|p1a: Heliolisk|Sitrus Berry|[eat]\n|-heal|p1a: Heliolisk|74/100|[from] item: Sitrus Berry\n|\n|t:|1788432002\n|switch|p1a: Dragonite|Dragonite, L50, M, shiny|100/100|[from] Shed Tail\n|cant|p2b: Dragonite|flinch\n|\n|upkeep\n|turn|2\n|\n|t:|1788432012\n|detailschange|p1a: Dragonite|Dragonite-Mega, L50, M, shiny\n|-mega|p1a: Dragonite|Dragonite|Dragoninite\n|move|p1b: Meowstic|Helping Hand|p1a: Dragonite\n|-singleturn|p1a: Dragonite|Helping Hand|[of] p1b: Meowstic\n|move|p2a: Jolteon|Electroweb|p1a: Dragonite|[spread] p1b\n|-miss|p2a: Jolteon|p1a: Dragonite\n|-damage|p1b: Meowstic|77/100\n|-unboost|p1b: Meowstic|spe|1\n|move|p2b: Dragonite|Tailwind|p2b: Dragonite\n|-sidestart|p2: itsvoltage|move: Tailwind\n|move|p1a: Dragonite|Dragon Pulse|p2b: Dragonite\n|-supereffective|p2b: Dragonite|1\n|-damage|p2b: Dragonite|0 fnt\n|faint|p2b: Dragonite\n|\n|-end|p1b: Meowstic|move: Yawn|[silent]\n|-status|p1b: Meowstic|slp\n|upkeep\n|inactive|itsvoltage has 30 seconds left.\n|\n|t:|1788432043\n|switch|p2b: Kingambit|Kingambit, L50, M|100/100\n|turn|3\n|\n|t:|1788432056\n|cant|p1b: Meowstic|slp\n|move|p2a: Jolteon|Electroweb|p1a: Dragonite|[spread] p1a,p1b\n|-activate|p1a: Dragonite|move: Substitute|[damage]\n|-damage|p1b: Meowstic|55/100 slp\n|-unboost|p1b: Meowstic|spe|1\n|move|p2b: Kingambit|Kowtow Cleave|p1a: Dragonite\n|-end|p1a: Dragonite|Substitute\n|move|p1a: Dragonite|Heat Wave|p2a: Jolteon|[spread] p2a,p2b\n|-supereffective|p2b: Kingambit|1\n|-damage|p2a: Jolteon|61/100\n|-damage|p2b: Kingambit|42/100\n|\n|upkeep\n|turn|4\n|\n|t:|1788432072\n|move|p1a: Dragonite|Protect|p1a: Dragonite\n|-singleturn|p1a: Dragonite|Protect\n|cant|p1b: Meowstic|slp\n|move|p2a: Jolteon|Yawn|p1a: Dragonite\n|-activate|p1a: Dragonite|move: Protect\n|move|p2b: Kingambit|Kowtow Cleave|p1a: Dragonite\n|-activate|p1a: Dragonite|move: Protect\n|\n|upkeep\n|turn|5\n|\n|t:|1788432089\n|switch|p1a: Heliolisk|Heliolisk, L50, M|74/100\n|-curestatus|p1b: Meowstic|slp|[msg]\n|move|p1b: Meowstic|Light Screen|p1b: Meowstic\n|-sidestart|p1: Honks123|move: Light Screen\n|move|p2a: Jolteon|Yawn|p1a: Heliolisk\n|-start|p1a: Heliolisk|move: Yawn|[of] p2a: Jolteon\n|move|p2b: Kingambit|Kowtow Cleave|p1a: Heliolisk\n|-damage|p1a: Heliolisk|0 fnt\n|faint|p1a: Heliolisk\n|\n|-sideend|p2: itsvoltage|move: Tailwind\n|upkeep\n|\n|t:|1788432099\n|switch|p1a: Dragonite|Dragonite-Mega, L50, M, shiny|100/100\n|turn|6\n|\n|t:|1788432110\n|move|p1b: Meowstic|Helping Hand|p1a: Dragonite\n|-singleturn|p1a: Dragonite|Helping Hand|[of] p1b: Meowstic\n|move|p2a: Jolteon|Yawn|p1a: Dragonite\n|-start|p1a: Dragonite|move: Yawn|[of] p2a: Jolteon\n|move|p1a: Dragonite|Heat Wave|p2b: Kingambit|[spread] p2a,p2b\n|-supereffective|p2b: Kingambit|1\n|-damage|p2a: Jolteon|8/100\n|-damage|p2b: Kingambit|0 fnt\n|faint|p2b: Kingambit\n|\n|upkeep\n|\n|t:|1788432119\n|switch|p2b: Volcarona|Volcarona, L50, F|100/100\n|turn|7\n|\n|t:|1788432131\n|move|p1b: Meowstic|Helping Hand|p1a: Dragonite\n|-singleturn|p1a: Dragonite|Helping Hand|[of] p1b: Meowstic\n|move|p2a: Jolteon|Protect|p2a: Jolteon\n|-singleturn|p2a: Jolteon|Protect\n|move|p2b: Volcarona|Protect|p2b: Volcarona\n|-singleturn|p2b: Volcarona|Protect\n|move|p1a: Dragonite|Dragon Pulse|p2b: Volcarona\n|-activate|p2b: Volcarona|move: Protect\n|\n|-end|p1a: Dragonite|move: Yawn|[silent]\n|-status|p1a: Dragonite|slp\n|upkeep\n|turn|8\n|\n|t:|1788432153\n|move|p2a: Jolteon|Electroweb|p1b: Meowstic|[spread] p1a,p1b\n|-damage|p1a: Dragonite|94/100 slp\n|-damage|p1b: Meowstic|39/100\n|-unboost|p1a: Dragonite|spe|1\n|-unboost|p1b: Meowstic|spe|1\n|move|p2b: Volcarona|Quiver Dance|p2b: Volcarona\n|-boost|p2b: Volcarona|spa|1\n|-boost|p2b: Volcarona|spd|1\n|-boost|p2b: Volcarona|spe|1\n|cant|p1a: Dragonite|slp\n|move|p1b: Meowstic|Psychic|p2a: Jolteon\n|-damage|p2a: Jolteon|0 fnt\n|faint|p2a: Jolteon\n|\n|upkeep\n|turn|9\n|\n|t:|1788432171\n|cant|p1a: Dragonite|slp\n|move|p2b: Volcarona|Heat Wave|p1a: Dragonite|[spread] p1a,p1b\n|-resisted|p1a: Dragonite|1\n|-damage|p1a: Dragonite|78/100 slp\n|-damage|p1b: Meowstic|0 fnt\n|faint|p1b: Meowstic\n|\n|upkeep\n|\n|t:|1788432173\n|switch|p1b: Gholdengo|Gholdengo, L50|100/100\n|turn|10\n|\n|t:|1788432183\n|move|p2b: Volcarona|Heat Wave|p1a: Dragonite|[spread] p1b\n|-miss|p2b: Volcarona|p1a: Dragonite\n|-supereffective|p1b: Gholdengo|1\n|-damage|p1b: Gholdengo|16/100\n|move|p1b: Gholdengo|Shadow Ball|p2b: Volcarona\n|-damage|p2b: Volcarona|61/100\n|-damage|p1b: Gholdengo|6/100|[from] item: Life Orb\n|-curestatus|p1a: Dragonite|slp|[msg]\n|move|p1a: Dragonite|Dragon Pulse|p2b: Volcarona\n|-damage|p2b: Volcarona|22/100\n|\n|upkeep\n|turn|11\n|\n|t:|1788432199\n|move|p1a: Dragonite|Extreme Speed|p2b: Volcarona\n|-damage|p2b: Volcarona|0 fnt\n|faint|p2b: Volcarona\n|\n|win|Honks123\n|raw|Honks123's rating: 1155 &rarr; <strong>1187</strong><br />(+32 for winning)\n|raw|itsvoltage's rating: 1252 &rarr; <strong>1220</strong><br />(-32 for losing)\n|l|☆itsvoltage\n|player|p2|\n","uploadtime":1788432204,"views":"9","formatid":"gen9championsvgc2026regmb","rating":1187,"private":0,"password":null}