{"id":"gen9championsvgc2026regmb-2674624874","format":"[Gen 9 Champions] VGC 2026 Reg M-B","players":["Quaaloods","wigberthumthe743rd"],"log":"|j|☆Quaaloods\n|j|☆wigberthumthe743rd\n|t:|1788381765\n|gametype|doubles\n|player|p1|Quaaloods|petrel|1083\n|player|p2|wigberthumthe743rd|101|1175\n|gen|9\n|tier|[Gen 9 Champions] VGC 2026 Reg M-B\n|rated|\n|rule|Species Clause: Limit one of each Pokémon\n|rule|Item Clause: Limit 1 of each item\n|clearpoke\n|poke|p1|Ceruledge, L50, M|\n|poke|p1|Farigiraf, L50, F|\n|poke|p1|Sinistcha, L50|\n|poke|p1|Floette-Eternal, L50, F|\n|poke|p1|Incineroar, L50, M|\n|poke|p1|Golurk, L50|\n|poke|p2|Blaziken, L50, M|\n|poke|p2|Sinistcha, L50|\n|poke|p2|Farigiraf, L50, F|\n|poke|p2|Primarina, L50, F|\n|poke|p2|Arcanine-Hisui, L50, M|\n|poke|p2|Froslass, L50, F|\n|teampreview|4\n|inactive|Battle timer is ON: inactive players will automatically lose when time's up. (requested by wigberthumthe743rd)\n|inactive|Quaaloods has 60 seconds left.\n|inactive|wigberthumthe743rd has 60 seconds left.\n|inactive|Quaaloods has 30 seconds left.\n|inactive|Quaaloods has 20 seconds left.\n|\n|t:|1788381836\n|teamsize|p1|4\n|teamsize|p2|4\n|start\n|switch|p1a: Télétubbies|Farigiraf, L50, F|100/100\n|switch|p1b: Incineroar|Incineroar, L50, M|100/100\n|switch|p2a: Farigiraf|Farigiraf, L50, F|100/100\n|switch|p2b: Primarina|Primarina, L50, F|100/100\n|-ability|p1b: Incineroar|Intimidate|boost\n|-unboost|p2a: Farigiraf|atk|1\n|-unboost|p2b: Primarina|atk|1\n|turn|1\n|\n|t:|1788381846\n|move|p1b: Incineroar|Fake Out||[still]\n|cant|p2a: Farigiraf|ability: Armor Tail|Fake Out|[of] p1b: Incineroar\n|move|p2b: Primarina|Hyper Voice|p1a: Télétubbies|[spread] p1a,p1b\n|-supereffective|p1b: Incineroar|1\n|-damage|p1a: Télétubbies|51/100\n|-damage|p1b: Incineroar|22/100\n|-damage|p2b: Primarina|90/100|[from] item: Life Orb\n|move|p2a: Farigiraf|Imprison|p2a: Farigiraf\n|-start|p2a: Farigiraf|move: Imprison\n|cant|p1a: Télétubbies|move: Imprison|Trick Room\n|\n|upkeep\n|turn|2\n|inactive|Quaaloods has 30 seconds left.\n|c|☆Quaaloods|reeeeeee\n|c|☆Quaaloods|im dumb\n|inactive|Quaaloods has 20 seconds left.\n|inactive|Quaaloods has 15 seconds left.\n|c|☆wigberthumthe743rd|its ok we all make that mistake\n|inactive|Quaaloods has 10 seconds left.\n|inactive|Quaaloods has 5 seconds left.\n|\n|t:|1788381899\n|switch|p1a: Mojito|Sinistcha, L50|100/100\n|-heal|p1b: Incineroar|47/100|[from] ability: Hospitality|[of] p1a: Mojito\n|move|p2b: Primarina|Hyper Voice|p1b: Incineroar|[spread] p1a,p1b\n|-resisted|p1a: Mojito|1\n|-supereffective|p1b: Incineroar|1\n|-damage|p1a: Mojito|75/100\n|-damage|p1b: Incineroar|0 fnt\n|faint|p1b: Incineroar\n|-damage|p2b: Primarina|80/100|[from] item: Life Orb\n|move|p2a: Farigiraf|Psychic|p1a: Mojito\n|-damage|p1a: Mojito|38/100\n|\n|upkeep\n|\n|t:|1788381914\n|switch|p1b: Télétubbies|Farigiraf, L50, F|51/100\n|turn|3\n|\n|t:|1788381923\n|move|p1b: Télétubbies|Helping Hand|p1a: Mojito\n|-singleturn|p1a: Mojito|Helping Hand|[of] p1b: Télétubbies\n|move|p1a: Mojito|Matcha Gotcha|p2a: Farigiraf|[spread] p2b\n|-miss|p1a: Mojito|p2a: Farigiraf\n|-supereffective|p2b: Primarina|1\n|-damage|p2b: Primarina|19/100\n|-heal|p1a: Mojito|70/100|[from] drain|[of] p2b: Primarina\n|move|p2b: Primarina|Hyper Voice|p1b: Télétubbies|[spread] p1a,p1b\n|-resisted|p1a: Mojito|1\n|-damage|p1a: Mojito|48/100\n|-damage|p1b: Télétubbies|9/100\n|-enditem|p1b: Télétubbies|Sitrus Berry|[eat]\n|-heal|p1b: Télétubbies|34/100|[from] item: Sitrus Berry\n|-damage|p2b: Primarina|9/100|[from] item: Life Orb\n|move|p2a: Farigiraf|Psychic|p1b: Télétubbies\n|-resisted|p1b: Télétubbies|1\n|-damage|p1b: Télétubbies|19/100\n|\n|upkeep\n|turn|4\n|\n|t:|1788381946\n|move|p1b: Télétubbies|Helping Hand|p1a: Mojito\n|-singleturn|p1a: Mojito|Helping Hand|[of] p1b: Télétubbies\n|move|p2b: Primarina|Protect|p2b: Primarina\n|-singleturn|p2b: Primarina|Protect\n|move|p1a: Mojito|Matcha Gotcha|p2b: Primarina|[spread] p2a\n|-activate|p2b: Primarina|move: Protect\n|-damage|p2a: Farigiraf|72/100\n|-heal|p1a: Mojito|66/100|[from] drain|[of] p2a: Farigiraf\n|move|p2a: Farigiraf|Psychic|p1b: Télétubbies\n|-resisted|p1b: Télétubbies|1\n|-damage|p1b: Télétubbies|2/100\n|\n|upkeep\n|turn|5\n|\n|t:|1788381968\n|switch|p2b: Arcanine|Arcanine-Hisui, L50, M|100/100\n|switch|p1b: Tomorrowland|Golurk, L50|100/100\n|move|p1a: Mojito|Matcha Gotcha|p2b: Arcanine|[spread] p2a,p2b\n|-damage|p2a: Farigiraf|53/100\n|-heal|p1a: Mojito|78/100|[from] drain|[of] p2a: Farigiraf\n|-damage|p2b: Arcanine|70/100\n|-heal|p1a: Mojito|92/100|[from] drain|[of] p2b: Arcanine\n|-status|p2a: Farigiraf|brn\n|move|p2a: Farigiraf|Psychic|p1b: Tomorrowland\n|-damage|p1b: Tomorrowland|61/100\n|\n|-damage|p2a: Farigiraf|47/100 brn|[from] brn\n|upkeep\n|turn|6\n|inactive|wigberthumthe743rd has 30 seconds left.\n|\n|t:|1788382001\n|detailschange|p1b: Tomorrowland|Golurk-Mega, L50\n|-mega|p1b: Tomorrowland|Golurk|Golurkite\n|move|p1a: Mojito|Rage Powder|p1a: Mojito\n|-singleturn|p1a: Mojito|move: Rage Powder\n|move|p2b: Arcanine|Flare Blitz|p1a: Mojito\n|-supereffective|p1a: Mojito|1\n|-damage|p1a: Mojito|0 fnt\n|faint|p1a: Mojito\n|move|p2a: Farigiraf|Psychic|p1b: Tomorrowland\n|-damage|p1b: Tomorrowland|29/100\n|move|p1b: Tomorrowland|Headlong Rush|p2b: Arcanine\n|-supereffective|p2b: Arcanine|2\n|-damage|p2b: Arcanine|0 fnt\n|-unboost|p1b: Tomorrowland|def|1\n|-unboost|p1b: Tomorrowland|spd|1\n|faint|p2b: Arcanine\n|\n|-damage|p2a: Farigiraf|41/100 brn|[from] brn\n|upkeep\n|\n|t:|1788382016\n|switch|p2b: Froslass|Froslass, L50, F|100/100\n|switch|p1a: Télétubbies|Farigiraf, L50, F|2/100\n|turn|7\n|\n|t:|1788382025\n|detailschange|p2b: Froslass|Froslass-Mega, L50, F\n|-mega|p2b: Froslass|Froslass|Froslassite\n|-weather|Snowscape|[from] ability: Snow Warning|[of] p2b: Froslass\n|move|p1a: Télétubbies|Ally Switch|p1a: Télétubbies\n|swap|p1a: Télétubbies|1|[from] move: Ally Switch\n|move|p2b: Froslass|Blizzard|p1a: Tomorrowland|[spread] p1a,p1b\n|-supereffective|p1a: Tomorrowland|1\n|-damage|p1a: Tomorrowland|0 fnt\n|-damage|p1b: Télétubbies|0 fnt\n|faint|p1a: Tomorrowland\n|faint|p1b: Télétubbies\n|\n|win|wigberthumthe743rd\n|raw|Quaaloods's rating: 1083 &rarr; <strong>1066</strong><br />(-17 for losing)\n|raw|wigberthumthe743rd's rating: 1175 &rarr; <strong>1194</strong><br />(+19 for winning)\n|c|☆wigberthumthe743rd|ggs\n|c|☆Quaaloods|wp\n|l|☆Quaaloods\n|player|p1|\n","uploadtime":1788382065,"views":"21","formatid":"gen9championsvgc2026regmb","rating":1066,"private":0,"password":null}