{"id":"gen9championsvgc2026regmb-2674585797","format":"[Gen 9 Champions] VGC 2026 Reg M-B","players":["Th3tRuSaVi0r","Portable_Hobbit"],"log":"|j|☆Th3tRuSaVi0r\n|j|☆Portable_Hobbit\n|t:|1788376994\n|gametype|doubles\n|player|p1|Th3tRuSaVi0r|rocketgrunt|1610\n|player|p2|Portable_Hobbit|rocketgrunt|1666\n|gen|9\n|tier|[Gen 9 Champions] VGC 2026 Reg M-B\n|rated|\n|rule|Species Clause: Limit one of each Pokémon\n|rule|Item Clause: Limit 1 of each item\n|clearpoke\n|poke|p1|Charizard, L50, M, shiny|\n|poke|p1|Whimsicott, L50, F, shiny|\n|poke|p1|Kingambit, L50, M|\n|poke|p1|Staraptor, L50, F|\n|poke|p1|Basculegion, L50, M|\n|poke|p1|Garchomp, L50, M|\n|poke|p2|Metagross, L50|\n|poke|p2|Charizard, L50, F|\n|poke|p2|Rotom-Wash, L50|\n|poke|p2|Farigiraf, L50, M|\n|poke|p2|Garchomp, L50, M|\n|poke|p2|Incineroar, L50, M|\n|teampreview|4\n|inactive|Battle timer is ON: inactive players will automatically lose when time's up. (requested by Th3tRuSaVi0r)\n|inactive|Th3tRuSaVi0r has 60 seconds left.\n|inactive|Portable_Hobbit has 60 seconds left.\n|\n|t:|1788377035\n|teamsize|p1|4\n|teamsize|p2|4\n|start\n|switch|p1a: Staraptor|Staraptor, L50, F|100/100\n|switch|p1b: Whimsicott|Whimsicott, L50, F, shiny|100/100\n|switch|p2a: Charizard|Charizard, L50, F|100/100\n|switch|p2b: Rotom|Rotom-Wash, L50|100/100\n|-ability|p1a: Staraptor|Intimidate|boost\n|-unboost|p2a: Charizard|atk|1\n|-unboost|p2b: Rotom|atk|1\n|turn|1\n|\n|t:|1788377045\n|switch|p1a: Garchomp|Garchomp, L50, M|100/100\n|detailschange|p2a: Charizard|Charizard-Mega-Y, L50, F\n|-mega|p2a: Charizard|Charizard|Charizardite Y\n|-weather|SunnyDay|[from] ability: Drought|[of] p2a: Charizard\n|move|p1b: Whimsicott|Tailwind|p1b: Whimsicott\n|-sidestart|p1: Th3tRuSaVi0r|move: Tailwind\n|move|p2a: Charizard|Heat Wave|p1b: Whimsicott|[spread] p1a,p1b\n|-resisted|p1a: Garchomp|1\n|-supereffective|p1b: Whimsicott|1\n|-damage|p1a: Garchomp|68/100\n|-enditem|p1b: Whimsicott|Focus Sash\n|-damage|p1b: Whimsicott|1/100\n|move|p2b: Rotom|Will-O-Wisp|p1a: Garchomp\n|-status|p1a: Garchomp|brn\n|\n|-weather|SunnyDay|[upkeep]\n|-damage|p1a: Garchomp|62/100 brn|[from] brn\n|upkeep\n|turn|2\n|\n|t:|1788377068\n|move|p2a: Charizard|Protect|p2a: Charizard\n|-singleturn|p2a: Charizard|Protect\n|move|p1b: Whimsicott|Encore|p2b: Rotom\n|-start|p2b: Rotom|Encore\n|move|p1a: Garchomp|Rock Slide|p2b: Rotom|[spread] p2b\n|-activate|p2a: Charizard|move: Protect\n|-damage|p2b: Rotom|85/100\n|-damage|p1a: Garchomp|52/100 brn|[from] item: Life Orb\n|move|p2b: Rotom|Will-O-Wisp|p1b: Whimsicott\n|-status|p1b: Whimsicott|brn\n|\n|-weather|SunnyDay|[upkeep]\n|-heal|p2b: Rotom|91/100|[from] item: Leftovers\n|-damage|p1b: Whimsicott|0 fnt|[from] brn\n|faint|p1b: Whimsicott\n|-damage|p1a: Garchomp|47/100 brn|[from] brn\n|upkeep\n|\n|t:|1788377074\n|switch|p1b: Staraptor|Staraptor, L50, F|100/100\n|-ability|p1b: Staraptor|Intimidate|boost\n|-unboost|p2a: Charizard|atk|1\n|-unboost|p2b: Rotom|atk|1\n|turn|3\n|\n|t:|1788377081\n|switch|p2a: Incineroar|Incineroar, L50, M|100/100\n|-ability|p2a: Incineroar|Intimidate|boost\n|-unboost|p1a: Garchomp|atk|1\n|-unboost|p1b: Staraptor|atk|1\n|detailschange|p1b: Staraptor|Staraptor-Mega, L50, F\n|-mega|p1b: Staraptor|Staraptor|Staraptite\n|move|p1b: Staraptor|Protect|p1b: Staraptor\n|-singleturn|p1b: Staraptor|Protect\n|move|p1a: Garchomp|Rock Slide|p2a: Incineroar|[spread] p2a,p2b\n|-supereffective|p2a: Incineroar|1\n|-damage|p2a: Incineroar|83/100\n|-damage|p2b: Rotom|81/100\n|-damage|p1a: Garchomp|37/100 brn|[from] item: Life Orb\n|cant|p2b: Rotom|flinch\n|\n|-weather|SunnyDay|[upkeep]\n|-heal|p2b: Rotom|87/100|[from] item: Leftovers\n|-damage|p1a: Garchomp|31/100 brn|[from] brn\n|upkeep\n|turn|4\n|\n|t:|1788377104\n|move|p2a: Incineroar|Fake Out|p1b: Staraptor\n|-damage|p1b: Staraptor|85/100\n|cant|p1b: Staraptor|flinch\n|move|p1a: Garchomp|Rock Slide|p2a: Incineroar|[spread] p2a\n|-miss|p1a: Garchomp|p2b: Rotom\n|-supereffective|p2a: Incineroar|1\n|-damage|p2a: Incineroar|65/100\n|-damage|p1a: Garchomp|21/100 brn|[from] item: Life Orb\n|move|p2b: Rotom|Will-O-Wisp|p1b: Staraptor\n|-status|p1b: Staraptor|brn\n|\n|-weather|SunnyDay|[upkeep]\n|-heal|p2b: Rotom|92/100|[from] item: Leftovers\n|-damage|p1b: Staraptor|79/100 brn|[from] brn\n|-damage|p1a: Garchomp|15/100 brn|[from] brn\n|-end|p2b: Rotom|Encore\n|-sideend|p1: Th3tRuSaVi0r|move: Tailwind\n|upkeep\n|turn|5\n|\n|t:|1788377115\n|switch|p2a: Garchomp|Garchomp, L50, M|100/100\n|move|p1b: Staraptor|Close Combat|p2a: Garchomp\n|-damage|p2a: Garchomp|77/100\n|-boost|p1b: Staraptor|def|1\n|-boost|p1b: Staraptor|spd|1\n|-damage|p1b: Staraptor|67/100 brn|[from] ability: Rough Skin|[of] p2a: Garchomp\n|move|p1a: Garchomp|Rock Slide|p2b: Rotom|[spread] p2b\n|-miss|p1a: Garchomp|p2a: Garchomp\n|-damage|p2b: Rotom|84/100\n|-damage|p1a: Garchomp|5/100 brn|[from] item: Life Orb\n|move|p2b: Rotom|Thunderbolt|p1b: Staraptor\n|-supereffective|p1b: Staraptor|1\n|-damage|p1b: Staraptor|17/100 brn\n|\n|-weather|none\n|-heal|p2b: Rotom|90/100|[from] item: Leftovers\n|-damage|p1b: Staraptor|11/100 brn|[from] brn\n|-damage|p1a: Garchomp|0 fnt|[from] brn\n|faint|p1a: Garchomp\n|upkeep\n|\n|t:|1788377117\n|switch|p1a: Kingambit|Kingambit, L50, M|100/100\n|turn|6\n|-message|Th3tRuSaVi0r forfeited.\n|\n|win|Portable_Hobbit\n|raw|Th3tRuSaVi0r's rating: 1610 &rarr; <strong>1593</strong><br />(-17 for losing)\n|raw|Portable_Hobbit's rating: 1666 &rarr; <strong>1683</strong><br />(+17 for winning)\n|l|☆Th3tRuSaVi0r\n|player|p1|\n","uploadtime":1788377133,"views":"6","formatid":"gen9championsvgc2026regmb","rating":1593,"private":0,"password":null}