{"id":"gen9championsvgc2026regmb-2674257876","format":"[Gen 9 Champions] VGC 2026 Reg M-B","players":["Nocturnalcat","Thornlace48812"],"log":"|j|☆Nocturnalcat\n|j|☆Thornlace48812\n|t:|1788325039\n|gametype|doubles\n|player|p1|Nocturnalcat|scientist-gen4dp|1004\n|player|p2|Thornlace48812|1|1102\n|gen|9\n|tier|[Gen 9 Champions] VGC 2026 Reg M-B\n|rated|\n|rule|Species Clause: Limit one of each Pokémon\n|rule|Item Clause: Limit 1 of each item\n|clearpoke\n|poke|p1|Dragapult, L50, M|\n|poke|p1|Quaquaval, L50, M|\n|poke|p1|Sneasler, L50, M|\n|poke|p1|Delphox, L50, F|\n|poke|p1|Maushold-Four, L50|\n|poke|p1|Metagross, L50|\n|poke|p2|Garchomp, L50, M|\n|poke|p2|Charizard, L50, M|\n|poke|p2|Whimsicott, L50, F|\n|poke|p2|Sylveon, L50, F|\n|poke|p2|Kingambit, L50, F|\n|poke|p2|Basculegion, L50, M|\n|teampreview|4\n|inactive|Battle timer is ON: inactive players will automatically lose when time's up. (requested by Thornlace48812)\nThornlace48812 rejected open team sheets.\n|\n|t:|1788325057\n|teamsize|p1|4\n|teamsize|p2|4\n|start\n|switch|p1a: Donald|Quaquaval, L50, M|100/100\n|switch|p1b: Sneasler|Sneasler, L50, M|100/100\n|switch|p2a: Sylveon|Sylveon, L50, F|100/100\n|switch|p2b: Whimsicott|Whimsicott, L50, F|100/100\n|turn|1\n|\n|t:|1788325077\n|move|p2b: Whimsicott|Protect|p2b: Whimsicott\n|-singleturn|p2b: Whimsicott|Protect\n|move|p2a: Sylveon|Detect|p2a: Sylveon\n|-singleturn|p2a: Sylveon|Protect\n|move|p1b: Sneasler|Fake Out|p2b: Whimsicott\n|-activate|p2b: Whimsicott|move: Protect\n|move|p1a: Donald|Aqua Step|p2a: Sylveon\n|-activate|p2a: Sylveon|move: Protect\n|\n|upkeep\n|turn|2\n|\n|t:|1788325089\n|move|p2b: Whimsicott|Tailwind|p2b: Whimsicott\n|-sidestart|p2: Thornlace48812|move: Tailwind\n|move|p2a: Sylveon|Hyper Voice|p1b: Sneasler|[spread] p1a,p1b\n|-supereffective|p1a: Donald|1\n|-crit|p1b: Sneasler\n|-damage|p1a: Donald|0 fnt\n|-damage|p1b: Sneasler|3/100\n|faint|p1a: Donald\n|move|p1b: Sneasler|Dire Claw|p2a: Sylveon\n|-supereffective|p2a: Sylveon|1\n|-damage|p2a: Sylveon|0 fnt\n|faint|p2a: Sylveon\n|\n|upkeep\n|\n|t:|1788325101\n|switch|p1a: Maushold|Maushold-Four, L50|100/100\n|switch|p2a: Garchomp|Garchomp, L50, M|100/100\n|turn|3\n|\n|t:|1788325108\n|move|p1b: Sneasler|Protect|p1b: Sneasler\n|-singleturn|p1b: Sneasler|Protect\n|move|p2b: Whimsicott|Moonblast|p1a: Maushold\n|-damage|p1a: Maushold|59/100\n|move|p2a: Garchomp|Dragon Claw|p1b: Sneasler\n|-activate|p1b: Sneasler|move: Protect\n|move|p1a: Maushold|Population Bomb|p2b: Whimsicott\n|-damage|p2b: Whimsicott|90/100\n|-damage|p2b: Whimsicott|81/100\n|-damage|p2b: Whimsicott|71/100\n|-hitcount|p2b: Whimsicott|3\n|\n|upkeep\n|turn|4\n|\n|t:|1788325125\n|move|p1a: Maushold|Follow Me|p1a: Maushold\n|-singleturn|p1a: Maushold|move: Follow Me\n|move|p2b: Whimsicott|Moonblast|p1a: Maushold\n|-damage|p1a: Maushold|14/100\n|move|p2a: Garchomp|Earthquake|p1b: Sneasler|[spread] p2b,p1a,p1b\n|-resisted|p2b: Whimsicott|1\n|-supereffective|p1b: Sneasler|1\n|-damage|p2b: Whimsicott|34/100\n|-damage|p1a: Maushold|0 fnt\n|-damage|p1b: Sneasler|0 fnt\n|faint|p1a: Maushold\n|faint|p1b: Sneasler\n|-damage|p2a: Garchomp|90/100|[from] item: Life Orb\n|\n|upkeep\n|\n|t:|1788325136\n|switch|p1b: Delphox|Delphox, L50, F|100/100\n|turn|5\n|\n|t:|1788325140\n|move|p1b: Delphox|Protect|p1b: Delphox\n|-singleturn|p1b: Delphox|Protect\n|move|p2b: Whimsicott|Moonblast|p1b: Delphox\n|-activate|p1b: Delphox|move: Protect\n|move|p2a: Garchomp|Dragon Claw|p1b: Delphox\n|-activate|p1b: Delphox|move: Protect\n|\n|-sideend|p2: Thornlace48812|move: Tailwind\n|upkeep\n|turn|6\n|\n|t:|1788325150\n|detailschange|p1b: Delphox|Delphox-Mega, L50, F\n|-mega|p1b: Delphox|Delphox|Delphoxite\n|move|p2b: Whimsicott|Tailwind|p2b: Whimsicott\n|-sidestart|p2: Thornlace48812|move: Tailwind\n|move|p2a: Garchomp|Rock Slide|p1b: Delphox\n|-supereffective|p1b: Delphox|1\n|-damage|p1b: Delphox|0 fnt\n|faint|p1b: Delphox\n|-damage|p2a: Garchomp|80/100|[from] item: Life Orb\n|\n|win|Thornlace48812\n|raw|Nocturnalcat's rating: 1004 &rarr; <strong>1000</strong><br />(-4 for losing)\n|raw|Thornlace48812's rating: 1105 &rarr; <strong>1123</strong><br />(+18 for winning)\n","uploadtime":1788325150,"views":"4","formatid":"gen9championsvgc2026regmb","rating":1000,"private":0,"password":null}