{"id":"gen9championsvgc2026regmb-2674809820","format":"[Gen 9 Champions] VGC 2026 Reg M-B","players":["Bkiubnn","DarkDevastatorr"],"log":"|j|‽Bkiubnn\n|j|☆DarkDevastatorr\n|t:|1788411228\n|gametype|doubles\n|player|p1|Bkiubnn|102|1000\n|player|p2|DarkDevastatorr|1|1009\n|gen|9\n|tier|[Gen 9 Champions] VGC 2026 Reg M-B\n|rated|\n|rule|Species Clause: Limit one of each Pokémon\n|rule|Item Clause: Limit 1 of each item\n|clearpoke\n|poke|p1|Politoed, L50, F|\n|poke|p1|Venusaur, L50, F|\n|poke|p1|Tinkaton, L50, F|\n|poke|p1|Grimmsnarl, L50, M|\n|poke|p1|Bellibolt, L50, M|\n|poke|p1|Runerigus, L50, M|\n|poke|p2|Sableye, L50, M|\n|poke|p2|Maushold-Four, L50|\n|poke|p2|Weavile, L50, F|\n|poke|p2|Annihilape, L50, F|\n|poke|p2|Scolipede, L50, F|\n|poke|p2|Delphox, L50, M|\n|teampreview|4\n|inactive|Battle timer is ON: inactive players will automatically lose when time's up. (requested by Bkiubnn)\n|inactive|DarkDevastatorr has 60 seconds left.\n|\n|t:|1788411266\n|teamsize|p1|4\n|teamsize|p2|4\n|start\n|switch|p1a: Grimmsnarl|Grimmsnarl, L50, M|100/100\n|switch|p1b: Runerigus|Runerigus, L50, M|100/100\n|switch|p2a: Weavile|Weavile, L50, F|100/100\n|switch|p2b: Delphox|Delphox, L50, M|100/100\n|turn|1\n|\n|t:|1788411285\n|detailschange|p2b: Delphox|Delphox-Mega, L50, M\n|-mega|p2b: Delphox|Delphox|Delphoxite\n|move|p2a: Weavile|Fake Out|p1a: Grimmsnarl\n|-damage|p1a: Grimmsnarl|88/100\n|cant|p1a: Grimmsnarl|flinch\n|move|p2b: Delphox|Nasty Plot|p2b: Delphox\n|-boost|p2b: Delphox|spa|2\n|move|p1b: Runerigus|Trick Room|p1b: Runerigus\n|-fieldstart|move: Trick Room|[of] p1b: Runerigus\n|\n|upkeep\n|turn|2\n|\n|t:|1788411304\n|move|p1b: Runerigus|Earthquake|p2b: Delphox|[spread] p1a,p2a\n|-immune|p2b: Delphox|[from] ability: Levitate\n|-damage|p1a: Grimmsnarl|66/100\n|-damage|p2a: Weavile|57/100\n|move|p1a: Grimmsnarl|Spirit Break|p2a: Weavile\n|-supereffective|p2a: Weavile|1\n|-damage|p2a: Weavile|0 fnt\n|faint|p2a: Weavile\n|move|p2b: Delphox|Heat Wave|p1a: Grimmsnarl|[spread] p1a,p1b\n|-damage|p1a: Grimmsnarl|0 fnt\n|-damage|p1b: Runerigus|33/100\n|faint|p1a: Grimmsnarl\n|\n|upkeep\n|\n|t:|1788411316\n|switch|p1a: Politoed|Politoed, L50, F|100/100\n|switch|p2a: Maushold|Maushold-Four, L50|100/100\n|-weather|RainDance|[from] ability: Drizzle|[of] p1a: Politoed\n|turn|3\n|\n|t:|1788411335\n|switch|p1b: Bellibolt|Bellibolt, L50, M|100/100\n|move|p2a: Maushold|Follow Me|p2a: Maushold\n|-singleturn|p2a: Maushold|move: Follow Me\n|move|p1a: Politoed|Weather Ball|p2a: Maushold\n|-damage|p2a: Maushold|36/100\n|move|p2b: Delphox|Psyshock|p1b: Bellibolt\n|-damage|p1b: Bellibolt|19/100\n|-start|p1b: Bellibolt|Charge|Psyshock|[from] ability: Electromorphosis\n|\n|-weather|RainDance|[upkeep]\n|-heal|p1b: Bellibolt|25/100|[from] item: Leftovers\n|upkeep\n|turn|4\n|inactive|Bkiubnn has 30 seconds left.\n|\n|t:|1788411362\n|switch|p1a: Runerigus|Runerigus, L50, M|33/100\n|move|p2a: Maushold|Protect|p2a: Maushold\n|-singleturn|p2a: Maushold|Protect\n|move|p2b: Delphox|Protect|p2b: Delphox\n|-singleturn|p2b: Delphox|Protect\n|move|p1b: Bellibolt|Parabolic Charge|p2b: Delphox|[spread] \n|-activate|p2a: Maushold|move: Protect\n|-activate|p2b: Delphox|move: Protect\n|-immune|p1a: Runerigus\n|-end|p1b: Bellibolt|Charge|[silent]\n|\n|-weather|RainDance|[upkeep]\n|-heal|p1b: Bellibolt|31/100|[from] item: Leftovers\n|upkeep\n|turn|5\n|inactive|Bkiubnn has 30 seconds left.\n|\n|t:|1788411396\n|move|p2a: Maushold|Follow Me|p2a: Maushold\n|-singleturn|p2a: Maushold|move: Follow Me\n|move|p1a: Runerigus|Fake Tears|p2a: Maushold\n|-unboost|p2a: Maushold|spd|2\n|move|p1b: Bellibolt|Parabolic Charge|p2a: Maushold|[spread] p2a,p2b\n|-immune|p1a: Runerigus\n|-damage|p2a: Maushold|0 fnt\n|-heal|p1b: Bellibolt|46/100|[from] drain|[of] p2a: Maushold\n|-damage|p2b: Delphox|83/100\n|-heal|p1b: Bellibolt|52/100|[from] drain|[of] p2b: Delphox\n|faint|p2a: Maushold\n|move|p2b: Delphox|Heat Wave|p1b: Bellibolt|[spread] p1a,p1b\n|-damage|p1a: Runerigus|0 fnt\n|-damage|p1b: Bellibolt|14/100\n|-start|p1b: Bellibolt|Charge|Heat Wave|[from] ability: Electromorphosis\n|faint|p1a: Runerigus\n|\n|-weather|RainDance|[upkeep]\n|-heal|p1b: Bellibolt|20/100y|[from] item: Leftovers\n|-fieldend|move: Trick Room\n|upkeep\n|\n|t:|1788411414\n|switch|p2a: Annihilape|Annihilape, L50, F|100/100\n|switch|p1a: Politoed|Politoed, L50, F|100/100\n|turn|6\n|\n|t:|1788411435\n|move|p2a: Annihilape|Protect|p2a: Annihilape\n|-singleturn|p2a: Annihilape|Protect\n|move|p2b: Delphox|Psyshock|p1b: Bellibolt\n|-damage|p1b: Bellibolt|0 fnt\n|faint|p1b: Bellibolt\n|move|p1a: Politoed|Perish Song|p1a: Politoed\n|-start|p1a: Politoed|perish3|[silent]\n|-start|p2a: Annihilape|perish3|[silent]\n|-start|p2b: Delphox|perish3|[silent]\n|-fieldactivate|move: Perish Song\n|\n|-weather|RainDance|[upkeep]\n|-start|p2b: Delphox|perish3\n|-start|p2a: Annihilape|perish3\n|-start|p1a: Politoed|perish3\n|upkeep\n|turn|7\n|\n|t:|1788411452\n|move|p1a: Politoed|Protect|p1a: Politoed\n|-singleturn|p1a: Politoed|Protect\n|move|p2b: Delphox|Psyshock|p1a: Politoed\n|-activate|p1a: Politoed|move: Protect\n|move|p2a: Annihilape|Rage Fist|p1a: Politoed\n|-activate|p1a: Politoed|move: Protect\n|\n|-weather|none\n|-start|p2b: Delphox|perish2\n|-start|p2a: Annihilape|perish2\n|-start|p1a: Politoed|perish2\n|upkeep\n|turn|8\n|\n|t:|1788411467\n|move|p1a: Politoed|Protect||[still]\n|-fail|p1a: Politoed\n|move|p2b: Delphox|Psyshock|p1a: Politoed\n|-damage|p1a: Politoed|18/100\n|-enditem|p1a: Politoed|Sitrus Berry|[eat]\n|-heal|p1a: Politoed|43/100|[from] item: Sitrus Berry\n|move|p2a: Annihilape|Drain Punch|p1a: Politoed\n|-damage|p1a: Politoed|14/100\n|\n|-start|p2b: Delphox|perish1\n|-start|p2a: Annihilape|perish1\n|-start|p1a: Politoed|perish1\n|upkeep\n|turn|9\n|\n|t:|1788411483\n|move|p1a: Politoed|Protect|p1a: Politoed\n|-singleturn|p1a: Politoed|Protect\n|move|p2b: Delphox|Psyshock|p1a: Politoed\n|-activate|p1a: Politoed|move: Protect\n|move|p2a: Annihilape|Drain Punch|p1a: Politoed\n|-activate|p1a: Politoed|move: Protect\n|\n|-start|p2b: Delphox|perish0\n|-start|p2a: Annihilape|perish0\n|-start|p1a: Politoed|perish0\n|faint|p2b: Delphox\n|faint|p2a: Annihilape\n|faint|p1a: Politoed\n|\n|win|Bkiubnn\n|raw|Bkiubnn's rating: 1000 &rarr; <strong>1041</strong><br />(+41 for winning)\n|raw|DarkDevastatorr's rating: 1009 &rarr; <strong>1000</strong><br />(-9 for losing)\n|l|☆DarkDevastatorr\n|player|p2|\n","uploadtime":1788411519,"views":"1","formatid":"gen9championsvgc2026regmb","rating":1000,"private":0,"password":null}