{"id":"gen9championsvgc2026regmbbo3-2673633386","format":"[Gen 9 Champions] VGC 2026 Reg M-B (Bo3)","players":["romov","Singaporedeeznuts"],"log":"|j|☆romov\n|j|☆Singaporedeeznuts\n|html|<table width=\"100%\"><tr><td align=\"left\">romov</td><td align=\"right\">Singaporedeeznuts</tr><tr><td align=\"left\"><i class=\"fa fa-circle-o\"></i> <i class=\"fa fa-circle-o\"></i> </td><td align=\"right\"><i class=\"fa fa-circle-o\"></i> <i class=\"fa fa-circle-o\"></i> </tr></table>\n|uhtml|bestof|<h2><strong>Game 1</strong> of <a href=\"/game-bestof3-gen9championsvgc2026regmbbo3-2673633385\">a best-of-3</a></h2>\n|t:|1788224470\n|gametype|doubles\n|player|p1|romov|169|1051\n|player|p2|Singaporedeeznuts|169|1045\n|gen|9\n|tier|[Gen 9 Champions] VGC 2026 Reg M-B (Bo3)\n|rated|\n|rule|Species Clause: Limit one of each Pokémon\n|rule|Item Clause: Limit 1 of each item\n|clearpoke\n|poke|p1|Archaludon, L50, M|\n|poke|p1|Sceptile, L50, F|\n|poke|p1|Rotom-Wash, L50|\n|poke|p1|Sinistcha, L50|\n|poke|p1|Sableye, L50, M|\n|poke|p1|Swampert, L50, F|\n|poke|p2|Aerodactyl, L50, M|\n|poke|p2|Kingambit, L50, M, shiny|\n|poke|p2|Farigiraf, L50, F, shiny|\n|poke|p2|Sylveon, L50, F, shiny|\n|poke|p2|Charizard, L50, M|\n|poke|p2|Garchomp, L50, M|\n|teampreview|4\n|showteam|p1|Archaludon||Leftovers|Stamina|ElectroShot,DragonPulse,FlashCannon,Protect|Timid||M|||50|]Sceptile||Sceptilite|Overgrow|Detect,DragonPulse,EarthPower,LeafStorm|Timid||F|||50|]Rotom-Wash||ChoiceScarf|Levitate|Discharge,VoltSwitch,HydroPump,Trick|Timid|||||50|]Sinistcha||OccaBerry|Hospitality|MatchaGotcha,LifeDew,RagePowder,Protect|Relaxed|||||50|]Sableye||BlackGlasses|Prankster|FoulPlay,Recover,RainDance,FakeOut|Impish||M|||50|]Swampert||Swampertite|Torrent|WaveCrash,Protect,Earthquake,RockSlide|Adamant||F|||50|\n|showteam|p2|Aerodactyl||Aerodactylite|Unnerve|RockSlide,DualWingbeat,IceFang,Tailwind|Jolly||M|||50|]Kingambit||FocusSash|Defiant|KowtowCleave,IronHead,SuckerPunch,LowKick|Adamant||M|||50|]Farigiraf||SitrusBerry|ArmorTail|Psychic,Thunderbolt,TrickRoom,Protect|Quiet||F|||50|]Sylveon||FairyFeather|Pixilate|HyperVoice,HyperBeam,QuickAttack,Detect|Modest||F|||50|]Charizard||CharizarditeY|Blaze|HeatWave,SolarBeam,WeatherBall,Protect|Modest||M|||50|]Garchomp||LifeOrb|RoughSkin|Earthquake,DragonClaw,StompingTantrum,Protect|Jolly||M|||50|\n|inactive|Battle timer is ON: inactive players will automatically lose when time's up. (requested by romov)\n|inactive|Singaporedeeznuts has 60 seconds left.\n|inactive|Singaporedeeznuts has 30 seconds left.\n|\n|t:|1788224538\n|teamsize|p1|4\n|teamsize|p2|4\n|start\n|switch|p1a: Archaludon|Archaludon, L50, M|100/100\n|switch|p1b: Sableye|Sableye, L50, M|100/100\n|switch|p2a: Garchomp|Garchomp, L50, M|100/100\n|switch|p2b: Kingambit|Kingambit, L50, M, shiny|100/100\n|turn|1\n|inactive|Singaporedeeznuts has 30 seconds left.\n|inactive|Singaporedeeznuts has 20 seconds left.\n|\n|t:|1788224573\n|move|p1b: Sableye|Fake Out|p2b: Kingambit\n|-resisted|p2b: Kingambit|1\n|-damage|p2b: Kingambit|96/100\n|move|p2a: Garchomp|Stomping Tantrum|p1a: Archaludon\n|-supereffective|p1a: Archaludon|1\n|-damage|p1a: Archaludon|23/100\n|-ability|p1a: Archaludon|Stamina|boost\n|-boost|p1a: Archaludon|def|1\n|-damage|p2a: Garchomp|90/100|[from] item: Life Orb\n|move|p1a: Archaludon|Dragon Pulse|p2a: Garchomp\n|-supereffective|p2a: Garchomp|1\n|-damage|p2a: Garchomp|3/100\n|cant|p2b: Kingambit|flinch\n|\n|-heal|p1a: Archaludon|29/100|[from] item: Leftovers\n|upkeep\n|turn|2\n|inactive|romov has 30 seconds left.\n|inactive|Singaporedeeznuts has 30 seconds left.\n|inactive|romov has 20 seconds left.\n|inactive|romov has 15 seconds left.\n|\n|t:|1788224617\n|switch|p1b: Sinistcha|Sinistcha, L50|100/100\n|-heal|p1a: Archaludon|54/100|[from] ability: Hospitality|[of] p1b: Sinistcha\n|move|p1a: Archaludon|Protect|p1a: Archaludon\n|-singleturn|p1a: Archaludon|Protect\n|move|p2a: Garchomp|Stomping Tantrum|p1a: Archaludon\n|-activate|p1a: Archaludon|move: Protect\n|move|p2b: Kingambit|Low Kick|p1a: Archaludon\n|-activate|p1a: Archaludon|move: Protect\n|\n|-heal|p1a: Archaludon|60/100|[from] item: Leftovers\n|upkeep\n|turn|3\n|inactive|romov has 30 seconds left.\n|\n|t:|1788224642\n|switch|p2a: Sylveon|Sylveon, L50, F, shiny|100/100\n|move|p1a: Archaludon|Dragon Pulse|p2a: Sylveon\n|-immune|p2a: Sylveon\n|move|p2b: Kingambit|Kowtow Cleave|p1b: Sinistcha\n|-supereffective|p1b: Sinistcha|1\n|-damage|p1b: Sinistcha|28/100\n|move|p1b: Sinistcha|Life Dew|p1b: Sinistcha|[spread] p1a,p1b\n|-heal|p1a: Archaludon|85/100\n|-heal|p1b: Sinistcha|53/100\n|\n|-heal|p1a: Archaludon|91/100|[from] item: Leftovers\n|upkeep\n|turn|4\n|inactive|Singaporedeeznuts has 30 seconds left.\n|\n|t:|1788224669\n|switch|p1b: Sableye|Sableye, L50, M|100/100\n|move|p1a: Archaludon|Protect|p1a: Archaludon\n|-singleturn|p1a: Archaludon|Protect\n|move|p2b: Kingambit|Kowtow Cleave|p1b: Sableye\n|-damage|p1b: Sableye|48/100\n|move|p2a: Sylveon|Hyper Beam|p1a: Archaludon\n|-activate|p1a: Archaludon|move: Protect\n|\n|-heal|p1a: Archaludon|97/100|[from] item: Leftovers\n|upkeep\n|turn|5\n|\n|t:|1788224692\n|move|p1b: Sableye|Recover|p1b: Sableye\n|-heal|p1b: Sableye|98/100\n|move|p1a: Archaludon|Flash Cannon|p2a: Sylveon\n|-supereffective|p2a: Sylveon|1\n|-damage|p2a: Sylveon|40/100\n|-unboost|p2a: Sylveon|spd|1\n|move|p2b: Kingambit|Kowtow Cleave|p1b: Sableye\n|-damage|p1b: Sableye|45/100\n|move|p2a: Sylveon|Hyper Beam|p1a: Archaludon|[miss]\n|-miss|p2a: Sylveon|p1a: Archaludon\n|\n|-heal|p1a: Archaludon|100/100|[from] item: Leftovers\n|upkeep\n|turn|6\n|inactive|Singaporedeeznuts has 30 seconds left.\n|inactive|Singaporedeeznuts has 20 seconds left.\n|inactive|Singaporedeeznuts has 15 seconds left.\n|\n|t:|1788224736\n|switch|p2a: Garchomp|Garchomp, L50, M|3/100\n|move|p1b: Sableye|Recover|p1b: Sableye\n|-heal|p1b: Sableye|95/100\n|move|p1a: Archaludon|Flash Cannon|p2a: Garchomp\n|-damage|p2a: Garchomp|0 fnt\n|faint|p2a: Garchomp\n|move|p2b: Kingambit|Kowtow Cleave|p1b: Sableye\n|-damage|p1b: Sableye|46/100\n|\n|upkeep\n|\n|t:|1788224744\n|switch|p2a: Farigiraf|Farigiraf, L50, F, shiny|100/100\n|turn|7\n|\n|t:|1788224757\n|move|p1b: Sableye|Rain Dance|p1b: Sableye\n|-weather|RainDance\n|move|p1a: Archaludon|Electro Shot||[still]\n|-prepare|p1a: Archaludon|Electro Shot\n|-boost|p1a: Archaludon|spa|1\n|-anim|p1a: Archaludon|Electro Shot|p2b: Kingambit\n|-damage|p2b: Kingambit|16/100\n|move|p2b: Kingambit|Low Kick|p1a: Archaludon\n|-supereffective|p1a: Archaludon|1\n|-damage|p1a: Archaludon|66/100\n|-ability|p1a: Archaludon|Stamina|boost\n|-boost|p1a: Archaludon|def|1\n|move|p2a: Farigiraf|Trick Room|p2a: Farigiraf\n|-fieldstart|move: Trick Room|[of] p2a: Farigiraf\n|\n|-weather|RainDance|[upkeep]\n|-heal|p1a: Archaludon|72/100|[from] item: Leftovers\n|upkeep\n|turn|8\n|inactive|Singaporedeeznuts has 30 seconds left.\n|\n|t:|1788224783\n|switch|p1b: Sinistcha|Sinistcha, L50|53/100\n|-heal|p1a: Archaludon|97/100|[from] ability: Hospitality|[of] p1b: Sinistcha\n|move|p2a: Farigiraf|Psychic|p1a: Archaludon\n|-resisted|p1a: Archaludon|1\n|-damage|p1a: Archaludon|76/100\n|-unboost|p1a: Archaludon|spd|1\n|-ability|p1a: Archaludon|Stamina|boost\n|-boost|p1a: Archaludon|def|1\n|move|p2b: Kingambit|Kowtow Cleave|p1b: Sinistcha\n|-supereffective|p1b: Sinistcha|1\n|-damage|p1b: Sinistcha|0 fnt\n|faint|p1b: Sinistcha\n|move|p1a: Archaludon|Electro Shot||[still]\n|-prepare|p1a: Archaludon|Electro Shot\n|-boost|p1a: Archaludon|spa|1\n|-anim|p1a: Archaludon|Electro Shot|p2b: Kingambit\n|-damage|p2b: Kingambit|0 fnt\n|faint|p2b: Kingambit\n|\n|-weather|RainDance|[upkeep]\n|-heal|p1a: Archaludon|82/100|[from] item: Leftovers\n|upkeep\n|\n|t:|1788224804\n|switch|p1b: Sableye|Sableye, L50, M|46/100\n|switch|p2b: Sylveon|Sylveon, L50, F, shiny|40/100\n|turn|9\n|\n|t:|1788224828\n|move|p1b: Sableye|Recover|p1b: Sableye\n|-heal|p1b: Sableye|96/100\n|move|p2a: Farigiraf|Psychic|p1a: Archaludon\n|-resisted|p1a: Archaludon|1\n|-damage|p1a: Archaludon|46/100\n|-ability|p1a: Archaludon|Stamina|boost\n|-boost|p1a: Archaludon|def|1\n|move|p2b: Sylveon|Hyper Voice|p1a: Archaludon|[spread] p1a,p1b\n|-supereffective|p1b: Sableye|1\n|-damage|p1a: Archaludon|0 fnt\n|-damage|p1b: Sableye|0 fnt\n|faint|p1a: Archaludon\n|faint|p1b: Sableye\n|\n|-weather|RainDance|[upkeep]\n|upkeep\n|\n|t:|1788224841\n|switch|p1b: Swampert|Swampert, L50, F|100/100\n|turn|10\n|inactive|romov has 30 seconds left.\n|\n|t:|1788224875\n|move|p2a: Farigiraf|Psychic|p1b: Swampert\n|-damage|p1b: Swampert|61/100\n|move|p2b: Sylveon|Hyper Voice|p1b: Swampert\n|-damage|p1b: Swampert|2/100\n|move|p1b: Swampert|Earthquake|p2b: Sylveon|[spread] p2a,p2b\n|-damage|p2a: Farigiraf|67/100\n|-damage|p2b: Sylveon|7/100\n|\n|-weather|RainDance|[upkeep]\n|upkeep\n|turn|11\n|\n|t:|1788224888\n|move|p1b: Swampert|Protect|p1b: Swampert\n|-singleturn|p1b: Swampert|Protect\n|move|p2b: Sylveon|Quick Attack|p1b: Swampert\n|-activate|p1b: Swampert|move: Protect\n|move|p2a: Farigiraf|Psychic|p1b: Swampert\n|-activate|p1b: Swampert|move: Protect\n|\n|-weather|none\n|-fieldend|move: Trick Room\n|upkeep\n|turn|12\n|-message|romov forfeited.\n|\n|win|Singaporedeeznuts\n|l|☆romov\n|player|p1|\n|raw|romov's rating: 1051 &rarr; <strong>1033</strong><br />(-18 for losing)\n|raw|Singaporedeeznuts's rating: 1045 &rarr; <strong>1079</strong><br />(+34 for winning)\n","uploadtime":1788224913,"views":"3","formatid":"gen9championsvgc2026regmbbo3","rating":1033,"private":0,"password":null}