{"id":"gen9championsvgc2026regmbbo3-2674854494","format":"[Gen 9 Champions] VGC 2026 Reg M-B (Bo3)","players":["Cannon14","humania1"],"log":"|j|☆Cannon14\n|j|☆humania1\n|html|<table width=\"100%\"><tr><td align=\"left\">Cannon14</td><td align=\"right\">humania1</tr><tr><td align=\"left\"><i class=\"fa fa-circle\"></i> <i class=\"fa fa-circle-o\"></i> </td><td align=\"right\"><i class=\"fa fa-circle-o\"></i> <i class=\"fa fa-circle-o\"></i> </tr></table>\n|uhtml|bestof|<h2><strong>Game 2</strong> of <a href=\"/game-bestof3-gen9championsvgc2026regmbbo3-2674853831\">a best-of-3</a></h2>\n|t:|1788421930\n|gametype|doubles\n|player|p1|Cannon14|gentleman|1139\n|player|p2|humania1|265|1001\n|gen|9\n|tier|[Gen 9 Champions] VGC 2026 Reg M-B (Bo3)\n|rated|\n|rule|Species Clause: Limit one of each Pokémon\n|rule|Item Clause: Limit 1 of each item\n|clearpoke\n|poke|p1|Froslass, L50, F|\n|poke|p1|Kingambit, L50, M|\n|poke|p1|Lycanroc-Dusk, L50, M|\n|poke|p1|Dragonite, L50, M|\n|poke|p1|Sneasler, L50, M|\n|poke|p1|Azumarill, L50, F|\n|poke|p2|Charizard, L50, F|\n|poke|p2|Whimsicott, L50, F|\n|poke|p2|Basculegion, L50, M|\n|poke|p2|Farigiraf, L50, M|\n|poke|p2|Kangaskhan, L50, F|\n|poke|p2|Sneasler, L50, F|\n|teampreview|4\n|showteam|p1|Froslass||Froslassite|SnowCloak|Blizzard,ShadowBall,AuroraVeil,Protect|Timid||F|||50|]Kingambit||LifeOrb|Defiant|KowtowCleave,SuckerPunch,SwordsDance,Protect|Adamant||M|||50|]Lycanroc-Dusk||FocusSash|ToughClaws|Accelerock,Protect,CloseCombat,RockSlide|Jolly||M|||50|]Dragonite||Dragoninite|Multiscale|DragonPulse,Thunderbolt,Flamethrower,Protect|Modest||M|||50|]Sneasler||LumBerry|PoisonTouch|GunkShot,ThroatChop,CloseCombat,FakeOut|Jolly||M|||50|]Azumarill||SitrusBerry|HugePower|AquaJet,Protect,PlayRough,BellyDrum|Impish||F|||50|\n|showteam|p2|Charizard||CharizarditeY|SolarPower|WeatherBall,HeatWave,SolarBeam,Protect|Timid||F|||50|]Whimsicott||FocusSash|Prankster|Moonblast,Tailwind,SunnyDay,Encore|Timid||F|||50|]Basculegion||ChoiceScarf|Adaptability|WaveCrash,AquaJet,LastRespects,FlipTurn|Adamant||M|||50|]Farigiraf||SitrusBerry|ArmorTail|Psychic,HyperVoice,HelpingHand,TrickRoom|Modest||M|||50|]Kangaskhan||Kangaskhanite|Scrappy|FakeOut,DoubleEdge,DrainPunch,SuckerPunch|Adamant||F|||50|]Sneasler||WhiteHerb|Unburden|FakeOut,CloseCombat,DireClaw,RockTomb|Adamant||F|||50|\n|inactive|Battle timer is ON: inactive players will automatically lose when time's up. (requested by humania1)\n|\n|t:|1788421951\n|teamsize|p1|4\n|teamsize|p2|4\n|start\n|switch|p1a: Gojo|Sneasler, L50, M|100/100\n|switch|p1b: Bloop|Dragonite, L50, M|100/100\n|switch|p2a: Farigiraf|Farigiraf, L50, M|100/100\n|switch|p2b: Sneasler|Sneasler, L50, F|100/100\n|turn|1\n|\n|t:|1788421967\n|detailschange|p1b: Bloop|Dragonite-Mega, L50, M\n|-mega|p1b: Bloop|Dragonite|Dragoninite\n|move|p2b: Sneasler|Fake Out|p1a: Gojo\n|-crit|p1a: Gojo\n|-damage|p1a: Gojo|66/100\n|cant|p1a: Gojo|flinch\n|move|p1b: Bloop|Dragon Pulse|p2b: Sneasler\n|-damage|p2b: Sneasler|24/100\n|move|p2a: Farigiraf|Psychic|p1a: Gojo\n|-supereffective|p1a: Gojo|2\n|-damage|p1a: Gojo|0 fnt\n|faint|p1a: Gojo\n|\n|upkeep\n|\n|t:|1788421977\n|switch|p1a: Boba|Azumarill, L50, F|100/100\n|turn|2\n|\n|t:|1788421982\n|move|p1a: Boba|Protect|p1a: Boba\n|-singleturn|p1a: Boba|Protect\n|move|p2b: Sneasler|Dire Claw|p1a: Boba\n|-activate|p1a: Boba|move: Protect\n|move|p1b: Bloop|Dragon Pulse|p2b: Sneasler\n|-damage|p2b: Sneasler|0 fnt\n|faint|p2b: Sneasler\n|move|p2a: Farigiraf|Hyper Voice|p1b: Bloop|[spread] p1b\n|-activate|p1a: Boba|move: Protect\n|-damage|p1b: Bloop|88/100\n|\n|upkeep\n|\n|t:|1788421982\n|switch|p2b: Basculegion|Basculegion, L50, M|100/100\n|turn|3\n|\n|t:|1788421998\n|move|p2b: Basculegion|Last Respects|p1a: Boba\n|-damage|p1a: Boba|31/100\n|-enditem|p1a: Boba|Sitrus Berry|[eat]\n|-heal|p1a: Boba|56/100|[from] item: Sitrus Berry\n|move|p1b: Bloop|Thunderbolt|p2b: Basculegion\n|-supereffective|p2b: Basculegion|1\n|-damage|p2b: Basculegion|8/100\n|move|p2a: Farigiraf|Hyper Voice|p1a: Boba|[spread] p1a,p1b\n|-damage|p1a: Boba|28/100\n|-damage|p1b: Bloop|64/100\n|move|p1a: Boba|Play Rough|p2b: Basculegion\n|-damage|p2b: Basculegion|0 fnt\n|faint|p2b: Basculegion\n|\n|upkeep\n|\n|t:|1788421998\n|switch|p2b: Kangaskhan|Kangaskhan, L50, F|100/100\n|turn|4\n|\n|t:|1788422013\n|detailschange|p2b: Kangaskhan|Kangaskhan-Mega, L50, F\n|-mega|p2b: Kangaskhan|Kangaskhan|Kangaskhanite\n|move|p1b: Bloop|Protect|p1b: Bloop\n|-singleturn|p1b: Bloop|Protect\n|move|p1a: Boba|Protect|p1a: Boba\n|-singleturn|p1a: Boba|Protect\n|move|p2b: Kangaskhan|Double-Edge|p1a: Boba\n|-activate|p1a: Boba|move: Protect\n|move|p2a: Farigiraf|Hyper Voice|p1b: Bloop|[spread] \n|-activate|p1a: Boba|move: Protect\n|-activate|p1b: Bloop|move: Protect\n|\n|upkeep\n|turn|5\n|\n|t:|1788422019\n|move|p2b: Kangaskhan|Double-Edge|p1a: Boba\n|-damage|p1a: Boba|0 fnt\n|faint|p1a: Boba\n|-damage|p2b: Kangaskhan|89/100|[from] Recoil\n|move|p1b: Bloop|Dragon Pulse|p2b: Kangaskhan\n|-damage|p2b: Kangaskhan|41/100\n|move|p2a: Farigiraf|Hyper Voice|p1b: Bloop\n|-damage|p1b: Bloop|32/100\n|\n|upkeep\n|\n|t:|1788422026\n|switch|p1a: Spikes|Lycanroc-Dusk, L50, M|100/100\n|turn|6\n|\n|t:|1788422031\n|move|p1b: Bloop|Protect|p1b: Bloop\n|-singleturn|p1b: Bloop|Protect\n|move|p1a: Spikes|Close Combat|p2b: Kangaskhan\n|-supereffective|p2b: Kangaskhan|1\n|-crit|p2b: Kangaskhan\n|-damage|p2b: Kangaskhan|0 fnt\n|-unboost|p1a: Spikes|def|1\n|-unboost|p1a: Spikes|spd|1\n|faint|p2b: Kangaskhan\n|move|p2a: Farigiraf|Hyper Voice|p1a: Spikes|[spread] p1a\n|-activate|p1b: Bloop|move: Protect\n|-resisted|p1a: Spikes|1\n|-damage|p1a: Spikes|64/100\n|\n|upkeep\n|turn|7\n|\n|t:|1788422039\n|move|p1a: Spikes|Close Combat|p2a: Farigiraf\n|-damage|p2a: Farigiraf|47/100\n|-unboost|p1a: Spikes|def|1\n|-unboost|p1a: Spikes|spd|1\n|-enditem|p2a: Farigiraf|Sitrus Berry|[eat]\n|-heal|p2a: Farigiraf|72/100|[from] item: Sitrus Berry\n|move|p1b: Bloop|Dragon Pulse|p2a: Farigiraf\n|-damage|p2a: Farigiraf|25/100\n|move|p2a: Farigiraf|Psychic|p1a: Spikes\n|-damage|p1a: Spikes|0 fnt\n|faint|p1a: Spikes\n|\n|upkeep\n|turn|8\n|\n|t:|1788422050\n|move|p1b: Bloop|Dragon Pulse|p2a: Farigiraf\n|-damage|p2a: Farigiraf|0 fnt\n|faint|p2a: Farigiraf\n|\n|win|Cannon14\n|raw|Cannon14's rating: 1139 &rarr; <strong>1155</strong><br />(+16 for winning)\n|raw|humania1's rating: 1001 &rarr; <strong>1000</strong><br />(-1 for losing)\n","uploadtime":1788422050,"views":"1","formatid":"gen9championsvgc2026regmbbo3","rating":1000,"private":0,"password":null}