{"id":"gen9championsvgc2026regmb-2674918568","format":"[Gen 9 Champions] VGC 2026 Reg M-B","players":["iwantakebap","Thornlace48812"],"log":"|j|☆iwantakebap\n|j|☆Thornlace48812\n|t:|1788435797\n|gametype|doubles\n|player|p1|iwantakebap|benga|1238\n|player|p2|Thornlace48812|102|1138\n|gen|9\n|tier|[Gen 9 Champions] VGC 2026 Reg M-B\n|rated|\n|rule|Species Clause: Limit one of each Pokémon\n|rule|Item Clause: Limit 1 of each item\n|clearpoke\n|poke|p1|Charizard, L50, F, shiny|\n|poke|p1|Garchomp, L50, M|\n|poke|p1|Whimsicott, L50, M, shiny|\n|poke|p1|Meowscarada, L50, M, shiny|\n|poke|p1|Basculegion, L50, M, shiny|\n|poke|p1|Floette-Eternal, L50, F|\n|poke|p2|Garchomp, L50, F|\n|poke|p2|Charizard, L50, M|\n|poke|p2|Whimsicott, L50, F|\n|poke|p2|Sylveon, L50, F|\n|poke|p2|Kingambit, L50, F|\n|poke|p2|Basculegion, L50, M|\n|teampreview|4\n|inactive|Battle timer is ON: inactive players will automatically lose when time's up. (requested by Thornlace48812)\nThornlace48812 rejected open team sheets.\n|inactive|iwantakebap has 60 seconds left.\n|\n|t:|1788435828\n|teamsize|p1|4\n|teamsize|p2|4\n|start\n|switch|p1a: Garchomp|Garchomp, L50, M|100/100\n|switch|p1b: Whimsicott|Whimsicott, L50, M, shiny|100/100\n|switch|p2a: Charizard|Charizard, L50, M|100/100\n|switch|p2b: Garchomp|Garchomp, L50, F|100/100\n|turn|1\n|\n|t:|1788435840\n|move|p2a: Charizard|Protect|p2a: Charizard\n|-singleturn|p2a: Charizard|Protect\n|move|p1b: Whimsicott|Tailwind|p1b: Whimsicott\n|-sidestart|p1: iwantakebap|move: Tailwind\n|move|p1a: Garchomp|Rock Slide|p2a: Charizard|[spread] p2b\n|-activate|p2a: Charizard|move: Protect\n|-resisted|p2b: Garchomp|1\n|-damage|p2b: Garchomp|90/100\n|cant|p2b: Garchomp|flinch\n|\n|upkeep\n|turn|2\n|\n|t:|1788435858\n|switch|p2a: Whimsicott|Whimsicott, L50, F|100/100\n|move|p1a: Garchomp|Rock Slide|p2b: Garchomp|[spread] p2a,p2b\n|-resisted|p2b: Garchomp|1\n|-damage|p2a: Whimsicott|71/100\n|-damage|p2b: Garchomp|81/100\n|move|p1b: Whimsicott|Moonblast|p2b: Garchomp\n|-supereffective|p2b: Garchomp|1\n|-damage|p2b: Garchomp|0 fnt\n|faint|p2b: Garchomp\n|\n|upkeep\n|\n|t:|1788435859\n|switch|p2b: Charizard|Charizard, L50, M|100/100\n|turn|3\n|inactive|iwantakebap has 30 seconds left.\n|\n|t:|1788435885\n|switch|p1b: Charizard|Charizard, L50, F, shiny|100/100\n|detailschange|p2b: Charizard|Charizard-Mega-Y, L50, M\n|-mega|p2b: Charizard|Charizard|Charizardite Y\n|-weather|SunnyDay|[from] ability: Drought|[of] p2b: Charizard\n|move|p2a: Whimsicott|Tailwind|p2a: Whimsicott\n|-sidestart|p2: Thornlace48812|move: Tailwind\n|move|p1a: Garchomp|Rock Slide|p2a: Whimsicott|[spread] p2a,p2b\n|-supereffective|p2b: Charizard|2\n|-damage|p2a: Whimsicott|44/100\n|-damage|p2b: Charizard|10/100\n|move|p2b: Charizard|Heat Wave|p1a: Garchomp|[spread] p1a,p1b\n|-resisted|p1a: Garchomp|1\n|-resisted|p1b: Charizard|1\n|-damage|p1a: Garchomp|64/100\n|-damage|p1b: Charizard|64/100\n|\n|-weather|SunnyDay|[upkeep]\n|-damage|p1b: Charizard|52/100|[from] ability: Solar Power|[of] p1b: Charizard\n|upkeep\n|turn|4\n|\n|t:|1788435903\n|move|p2a: Whimsicott|Protect|p2a: Whimsicott\n|-singleturn|p2a: Whimsicott|Protect\n|move|p1a: Garchomp|Rock Slide|p2a: Whimsicott|[spread] \n|-activate|p2a: Whimsicott|move: Protect\n|-miss|p1a: Garchomp|p2b: Charizard\n|move|p2b: Charizard|Heat Wave|p1b: Charizard|[spread] p1a,p1b\n|-resisted|p1a: Garchomp|1\n|-resisted|p1b: Charizard|1\n|-damage|p1a: Garchomp|25/100\n|-damage|p1b: Charizard|13/100\n|-enditem|p1a: Garchomp|Sitrus Berry|[eat]\n|-heal|p1a: Garchomp|50/100g|[from] item: Sitrus Berry\n|move|p1b: Charizard|Heat Wave|p2b: Charizard|[spread] p2b\n|-activate|p2a: Whimsicott|move: Protect\n|-resisted|p2b: Charizard|1\n|-damage|p2b: Charizard|0 fnt\n|faint|p2b: Charizard\n|\n|-weather|SunnyDay|[upkeep]\n|-damage|p1b: Charizard|1/100|[from] ability: Solar Power|[of] p1b: Charizard\n|-sideend|p1: iwantakebap|move: Tailwind\n|upkeep\n|\n|t:|1788435904\n|switch|p2b: Basculegion|Basculegion, L50, M|100/100\n|turn|5\n|inactive|iwantakebap has 30 seconds left.\n|\n|t:|1788435933\n|detailschange|p1b: Charizard|Charizard-Mega-Y, L50, F, shiny\n|-mega|p1b: Charizard|Charizard|Charizardite Y\n|move|p1a: Garchomp|Protect|p1a: Garchomp\n|-singleturn|p1a: Garchomp|Protect\n|move|p1b: Charizard|Protect|p1b: Charizard\n|-singleturn|p1b: Charizard|Protect\n|move|p2a: Whimsicott|Moonblast|p1a: Garchomp\n|-activate|p1a: Garchomp|move: Protect\n|move|p2b: Basculegion|Last Respects|p1b: Charizard\n|-activate|p1b: Charizard|move: Protect\n|\n|-weather|SunnyDay|[upkeep]\n|upkeep\n|turn|6\n|\n|t:|1788435956\n|switch|p1a: Whimsicott|Whimsicott, L50, M, shiny|100/100\n|switch|p1b: Basculegion|Basculegion, L50, M, shiny|100/100\n|move|p2a: Whimsicott|Moonblast|p1a: Whimsicott\n|-damage|p1a: Whimsicott|51/100\n|move|p2b: Basculegion|Last Respects|p1b: Basculegion\n|-supereffective|p1b: Basculegion|1\n|-damage|p1b: Basculegion|0 fnt\n|faint|p1b: Basculegion\n|\n|-weather|SunnyDay|[upkeep]\n|-sideend|p2: Thornlace48812|move: Tailwind\n|upkeep\n|\n|t:|1788435973\n|switch|p1b: Charizard|Charizard-Mega-Y, L50, F, shiny|1/100\n|turn|7\n|\n|t:|1788435978\n|move|p2a: Whimsicott|Tailwind|p2a: Whimsicott\n|-sidestart|p2: Thornlace48812|move: Tailwind\n|move|p1a: Whimsicott|Tailwind|p1a: Whimsicott\n|-sidestart|p1: iwantakebap|move: Tailwind\n|move|p1b: Charizard|Solar Beam||[still]\n|-prepare|p1b: Charizard|Solar Beam\n|-anim|p1b: Charizard|Solar Beam|p2b: Basculegion\n|-supereffective|p2b: Basculegion|1\n|-damage|p2b: Basculegion|0 fnt\n|faint|p2b: Basculegion\n|\n|-weather|none\n|upkeep\n|turn|8\n|\n|t:|1788435994\n|move|p2a: Whimsicott|Protect|p2a: Whimsicott\n|-singleturn|p2a: Whimsicott|Protect\n|move|p1a: Whimsicott|Encore|p2a: Whimsicott\n|-activate|p2a: Whimsicott|move: Protect\n|move|p1b: Charizard|Heat Wave|p2a: Whimsicott\n|-activate|p2a: Whimsicott|move: Protect\n|\n|upkeep\n|turn|9\n|\n|t:|1788436005\n|move|p1a: Whimsicott|Encore|p2a: Whimsicott\n|-start|p2a: Whimsicott|Encore\n|move|p2a: Whimsicott|Protect||[still]\n|-fail|p2a: Whimsicott\n|move|p1b: Charizard|Heat Wave|p2a: Whimsicott\n|-supereffective|p2a: Whimsicott|1\n|-damage|p2a: Whimsicott|0 fnt\n|faint|p2a: Whimsicott\n|\n|win|iwantakebap\n|raw|iwantakebap's rating: 1238 &rarr; <strong>1257</strong><br />(+19 for winning)\n|raw|Thornlace48812's rating: 1156 &rarr; <strong>1137</strong><br />(-19 for losing)\n","uploadtime":1788436005,"views":"1","formatid":"gen9championsvgc2026regmb","rating":1137,"private":0,"password":null}