{"id":"gen9championsvgc2026regmbbo3-2673903134","format":"[Gen 9 Champions] VGC 2026 Reg M-B (Bo3)","players":["olciax34","plsbringregi"],"log":"|j|☆olciax34\n|j|☆plsbringregi\n|html|<table width=\"100%\"><tr><td align=\"left\">olciax34</td><td align=\"right\">plsbringregi</tr><tr><td align=\"left\"><i class=\"fa fa-circle-o\"></i> <i class=\"fa fa-circle-o\"></i> </td><td align=\"right\"><i class=\"fa fa-circle-o\"></i> <i class=\"fa fa-circle-o\"></i> </tr></table>\n|uhtml|bestof|<h2><strong>Game 1</strong> of <a href=\"/game-bestof3-gen9championsvgc2026regmbbo3-2673903133\">a best-of-3</a></h2>\n|t:|1788275168\n|gametype|doubles\n|player|p1|olciax34|265|1348\n|player|p2|plsbringregi|266|1359\n|gen|9\n|tier|[Gen 9 Champions] VGC 2026 Reg M-B (Bo3)\n|rated|\n|rule|Species Clause: Limit one of each Pokémon\n|rule|Item Clause: Limit 1 of each item\n|clearpoke\n|poke|p1|Floette-Eternal, L50, F|\n|poke|p1|Sinistcha, L50|\n|poke|p1|Incineroar, L50, M|\n|poke|p1|Basculegion, L50, M|\n|poke|p1|Sneasler, L50, M|\n|poke|p1|Dragonite, L50, M|\n|poke|p2|Dragonite, L50, F|\n|poke|p2|Sneasler, L50, F|\n|poke|p2|Sinistcha, L50|\n|poke|p2|Incineroar, L50, M|\n|poke|p2|Floette-Eternal, L50, F|\n|poke|p2|Gholdengo, L50|\n|teampreview|4\n|showteam|p1|Floette-Eternal||Floettite|FlowerVeil|DazzlingGleam,DrainingKiss,CalmMind,Protect|Modest||F|||50|]Sinistcha||ColburBerry|Hospitality|MatchaGotcha,TrickRoom,RagePowder,Protect|Calm|||||50|]Incineroar||SitrusBerry|Intimidate|FlareBlitz,ThroatChop,PartingShot,FakeOut|Careful||M|||50|]Basculegion||ChoiceScarf|Adaptability|WaveCrash,FlipTurn,AquaJet,LastRespects|Jolly||M|||50|]Sneasler||FocusSash|PoisonTouch|FakeOut,PoisonJab,CloseCombat,Coaching|Jolly||M|||50|]Dragonite||Dragoninite|Multiscale|DragonPulse,HeatWave,ExtremeSpeed,Protect|Modest||M|||50|\n|showteam|p2|Dragonite||Dragoninite|InnerFocus|DragonPulse,HeatWave,Thunderbolt,Protect|Modest||F|||50|]Sneasler||FocusSash|PoisonTouch|PoisonJab,CloseCombat,RockSlide,FakeOut|Jolly||F|||50|]Sinistcha||KasibBerry|Hospitality|MatchaGotcha,RagePowder,TrickRoom,Protect|Relaxed|||||50|]Incineroar||SitrusBerry|Intimidate|FlareBlitz,ThroatChop,PartingShot,FakeOut|Careful||M|||50|]Floette-Eternal||Floettite|FlowerVeil|DazzlingGleam,Moonblast,CalmMind,Protect|Modest||F|||50|]Gholdengo||LifeOrb|GoodasGold|MakeItRain,ShadowBall,NastyPlot,Protect|Timid|||||50|\n|inactive|Battle timer is ON: inactive players will automatically lose when time's up. (requested by olciax34)\n|inactive|olciax34 has 60 seconds left.\n|inactive|plsbringregi has 60 seconds left.\n|inactive|olciax34 has 30 seconds left.\n|\n|t:|1788275235\n|teamsize|p1|4\n|teamsize|p2|4\n|start\n|switch|p1a: Basculegion|Basculegion, L50, M|100/100\n|switch|p1b: Sneasler|Sneasler, L50, M|100/100\n|switch|p2a: Gholdengo|Gholdengo, L50|100/100\n|switch|p2b: Sneasler|Sneasler, L50, F|100/100\n|turn|1\n|\n|t:|1788275256\n|switch|p1b: Incineroar|Incineroar, L50, M|100/100\n|-ability|p1b: Incineroar|Intimidate|boost\n|-unboost|p2a: Gholdengo|atk|1\n|-unboost|p2b: Sneasler|atk|1\n|switch|p2b: WeCanMakeItBetter|Sinistcha, L50|100/100\n|move|p2a: Gholdengo|Protect|p2a: Gholdengo\n|-singleturn|p2a: Gholdengo|Protect\n|move|p1a: Basculegion|Flip Turn|p2b: WeCanMakeItBetter\n|-resisted|p2b: WeCanMakeItBetter|1\n|-damage|p2b: WeCanMakeItBetter|84/100\n|inactive|olciax34 has 30 seconds left.\n|\n|t:|1788275284\n|switch|p1a: Floette|Floette-Eternal, L50, F|100/100|[from] Flip Turn\n|\n|upkeep\n|turn|2\n|\n|t:|1788275294\n|detailschange|p1a: Floette|Floette-Mega, L50, F\n|-mega|p1a: Floette|Floette|Floettite\n|-ability|p1a: Floette|Fairy Aura\n|move|p2b: WeCanMakeItBetter|Rage Powder|p2b: WeCanMakeItBetter\n|-singleturn|p2b: WeCanMakeItBetter|move: Rage Powder\n|move|p2a: Gholdengo|Nasty Plot|p2a: Gholdengo\n|-boost|p2a: Gholdengo|spa|2\n|move|p1a: Floette|Calm Mind|p1a: Floette\n|-boost|p1a: Floette|spa|1\n|-boost|p1a: Floette|spd|1\n|move|p1b: Incineroar|Flare Blitz|p2b: WeCanMakeItBetter\n|-supereffective|p2b: WeCanMakeItBetter|1\n|-damage|p2b: WeCanMakeItBetter|0 fnt\n|faint|p2b: WeCanMakeItBetter\n|-damage|p1b: Incineroar|75/100|[from] Recoil\n|\n|upkeep\n|\n|t:|1788275297\n|switch|p2b: Sneasler|Sneasler, L50, F|100/100\n|turn|3\n|\n|t:|1788275317\n|switch|p1b: Basculegion|Basculegion, L50, M|100/100\n|move|p2a: Gholdengo|Protect|p2a: Gholdengo\n|-singleturn|p2a: Gholdengo|Protect\n|move|p2b: Sneasler|Poison Jab|p1a: Floette\n|-supereffective|p1a: Floette|1\n|-damage|p1a: Floette|20/100y\n|-status|p1a: Floette|psn|[from] ability: Poison Touch|[of] p2b: Sneasler\n|move|p1a: Floette|Draining Kiss|p2b: Sneasler\n|-damage|p2b: Sneasler|19/100\n|-heal|p1a: Floette|75/100 psn|[from] drain|[of] p2b: Sneasler\n|\n|-damage|p1a: Floette|63/100 psn|[from] psn\n|upkeep\n|turn|4\n|\n|t:|1788275334\n|switch|p2b: Incineroar|Incineroar, L50, M|100/100\n|-ability|p2b: Incineroar|Intimidate|boost\n|-unboost|p1a: Floette|atk|1\n|-unboost|p1b: Basculegion|atk|1\n|move|p1a: Floette|Protect|p1a: Floette\n|-singleturn|p1a: Floette|Protect\n|move|p1b: Basculegion|Flip Turn|p2b: Incineroar\n|-supereffective|p2b: Incineroar|1\n|-damage|p2b: Incineroar|52/100\n|\n|t:|1788275351\n|switch|p1b: Incineroar|Incineroar, L50, M|75/100|[from] Flip Turn\n|-ability|p1b: Incineroar|Intimidate|boost\n|-unboost|p2a: Gholdengo|atk|1\n|-unboost|p2b: Incineroar|atk|1\n|move|p2a: Gholdengo|Shadow Ball|p1b: Incineroar\n|-resisted|p1b: Incineroar|1\n|-damage|p1b: Incineroar|38/100\n|-enditem|p1b: Incineroar|Sitrus Berry|[eat]\n|-heal|p1b: Incineroar|62/100|[from] item: Sitrus Berry\n|-damage|p2a: Gholdengo|90/100|[from] item: Life Orb\n|\n|-damage|p1a: Floette|50/100g psn|[from] psn\n|upkeep\n|turn|5\n|inactive|olciax34 has 30 seconds left.\n|inactive|olciax34 has 20 seconds left.\n|inactive|olciax34 has 15 seconds left.\n|inactive|olciax34 has 10 seconds left.\n|inactive|olciax34 has 5 seconds left.\n|\n|t:|1788275402\n|move|p2b: Incineroar|Fake Out|p1b: Incineroar\n|-damage|p1b: Incineroar|56/100\n|move|p2a: Gholdengo|Make It Rain|p1b: Incineroar|[spread] p1a,p1b\n|-supereffective|p1a: Floette|1\n|-resisted|p1b: Incineroar|1\n|-damage|p1a: Floette|0 fnt\n|-damage|p1b: Incineroar|16/100\n|-unboost|p2a: Gholdengo|spa|2\n|faint|p1a: Floette\n|-damage|p2a: Gholdengo|80/100|[from] item: Life Orb\n|cant|p1b: Incineroar|flinch\n|\n|upkeep\n|\n|t:|1788275419\n|switch|p1a: Sneasler|Sneasler, L50, M|100/100\n|turn|6\n|\n|t:|1788275438\n|switch|p2b: Sneasler|Sneasler, L50, F|19/100\n|move|p1a: Sneasler|Close Combat|p2b: Sneasler\n|-resisted|p2b: Sneasler|1\n|-damage|p2b: Sneasler|0 fnt\n|-unboost|p1a: Sneasler|def|1\n|-unboost|p1a: Sneasler|spd|1\n|faint|p2b: Sneasler\n|move|p2a: Gholdengo|Shadow Ball|p1b: Incineroar\n|-resisted|p1b: Incineroar|1\n|-damage|p1b: Incineroar|0 fnt\n|faint|p1b: Incineroar\n|-damage|p2a: Gholdengo|71/100|[from] item: Life Orb\n|\n|upkeep\n|\n|t:|1788275456\n|switch|p2b: Incineroar|Incineroar, L50, M|52/100\n|switch|p1b: Basculegion|Basculegion, L50, M|100/100\n|-ability|p2b: Incineroar|Intimidate|boost\n|-unboost|p1a: Sneasler|atk|1\n|-unboost|p1b: Basculegion|atk|1\n|turn|7\n|\n|t:|1788275471\n|move|p2b: Incineroar|Fake Out|p1a: Sneasler\n|-damage|p1a: Sneasler|71/100\n|move|p1b: Basculegion|Last Respects|p2a: Gholdengo\n|-supereffective|p2a: Gholdengo|1\n|-damage|p2a: Gholdengo|0 fnt\n|faint|p2a: Gholdengo\n|cant|p1a: Sneasler|flinch\n|\n|upkeep\n|turn|8\n|-message|plsbringregi forfeited.\n|\n|win|olciax34\n|l|☆plsbringregi\n|player|p2|\n||plsbringregi is ready for game 2.\n||olciax34 is ready for game 2.\n|uhtml|next|Next: <a href=\"/battle-gen9championsvgc2026regmbbo3-2673905638\"><strong>Game 2 of 3</strong></a>\n","uploadtime":1788275724,"views":"9","formatid":"gen9championsvgc2026regmbbo3","rating":null,"private":0,"password":null}