{"id":"gen9championsvgc2026regmbbo3-2673967286","format":"[Gen 9 Champions] VGC 2026 Reg M-B (Bo3)","players":["Juanttn","humania1"],"log":"|j|☆Juanttn\n|j|☆humania1\n|html|<table width=\"100%\"><tr><td align=\"left\">Juanttn</td><td align=\"right\">humania1</tr><tr><td align=\"left\"><i class=\"fa fa-circle\"></i> <i class=\"fa fa-circle-o\"></i> </td><td align=\"right\"><i class=\"fa fa-circle-o\"></i> <i class=\"fa fa-circle-o\"></i> </tr></table>\n|uhtml|bestof|<h2><strong>Game 2</strong> of <a href=\"/game-bestof3-gen9championsvgc2026regmbbo3-2673965262\">a best-of-3</a></h2>\n|t:|1788282861\n|gametype|doubles\n|player|p1|Juanttn|101|1056\n|player|p2|humania1|266|1040\n|gen|9\n|tier|[Gen 9 Champions] VGC 2026 Reg M-B (Bo3)\n|rated|\n|rule|Species Clause: Limit one of each Pokémon\n|rule|Item Clause: Limit 1 of each item\n|clearpoke\n|poke|p1|Dragonite, L50, M|\n|poke|p1|Sneasler, L50, F|\n|poke|p1|Basculegion, L50, M|\n|poke|p1|Kingambit, L50, M|\n|poke|p1|Garchomp, L50, F|\n|poke|p1|Floette-Eternal, L50, F|\n|poke|p2|Blastoise, L50, M|\n|poke|p2|Delphox, L50, F, shiny|\n|poke|p2|Incineroar, L50, F|\n|poke|p2|Sinistcha, L50|\n|poke|p2|Sneasler, L50, M|\n|poke|p2|Vivillon, L50, M|\n|teampreview|4\n|showteam|p1|Dragonite||Dragoninite|InnerFocus|DragonPulse,HeatWave,ExtremeSpeed,Protect|Modest||M|||50|]Sneasler||FocusSash|Pressure|FakeOut,CloseCombat,DireClaw,Feint|Jolly||F|||50|]Basculegion||LifeOrb|SwiftSwim|WaveCrash,LastRespects,AquaJet,Protect|Adamant||M|||50|]Kingambit||ChopleBerry|Defiant|KowtowCleave,IronDefense,SuckerPunch,LowKick|Adamant||M|||50|]Garchomp||ChoiceScarf|SandVeil|Earthquake,DragonClaw,StompingTantrum,RockSlide|Adamant||F|||50|]Floette-Eternal||Floettite|FlowerVeil|Moonblast,DazzlingGleam,LightofRuin,Protect|Timid||F|||50|\n|showteam|p2|Blastoise||Blastoisinite|Torrent|Protect,ShellSmash,WaterSpout,DarkPulse|Modest||M|||50|]Delphox||Delphoxite|Blaze|Protect,HeatWave,Psyshock,NastyPlot|Timid||F|||50|]Incineroar||PasshoBerry|Intimidate|FakeOut,PartingShot,FlareBlitz,ThroatChop|Impish||F|||50|]Sinistcha||SitrusBerry|Hospitality|Protect,MatchaGotcha,TrickRoom,RagePowder|Bold|||||50|]Sneasler||FocusSash|PoisonTouch|QuickGuard,FakeOut,CloseCombat,DireClaw|Jolly||M|||50|]Vivillon||ChoiceScarf|CompoundEyes|Hurricane,SleepPowder,RagePowder,Uturn|Timid||M|||50|\n|inactive|Battle timer is ON: inactive players will automatically lose when time's up. (requested by humania1)\n|\n|t:|1788282889\n|teamsize|p1|4\n|teamsize|p2|4\n|start\n|switch|p1a: Floette|Floette-Eternal, L50, F|100/100\n|switch|p1b: Sneasler|Sneasler, L50, F|100/100\n|switch|p2a: Blastoise|Blastoise, L50, M|100/100\n|switch|p2b: Incineroar|Incineroar, L50, F|100/100\n|-ability|p1b: Sneasler|Pressure\n|-ability|p2b: Incineroar|Intimidate|boost\n|-unboost|p1a: Floette|atk|1\n|-unboost|p1b: Sneasler|atk|1\n|turn|1\n|\n|t:|1788282903\n|detailschange|p1a: Floette|Floette-Mega, L50, F\n|-mega|p1a: Floette|Floette|Floettite\n|-ability|p1a: Floette|Fairy Aura\n|detailschange|p2a: Blastoise|Blastoise-Mega, L50, M\n|-mega|p2a: Blastoise|Blastoise|Blastoisinite\n|move|p1b: Sneasler|Fake Out|p2b: Incineroar\n|-damage|p2b: Incineroar|92/100\n|cant|p2b: Incineroar|flinch\n|move|p1a: Floette|Dazzling Gleam|p2a: Blastoise|[spread] p2a,p2b\n|-damage|p2a: Blastoise|54/100\n|-damage|p2b: Incineroar|48/100\n|move|p2a: Blastoise|Water Spout|p1a: Floette|[spread] p1a,p1b\n|-damage|p1a: Floette|68/100\n|-damage|p1b: Sneasler|51/100\n|\n|upkeep\n|turn|2\n|\n|t:|1788282925\n|move|p1b: Sneasler|Close Combat|p2b: Incineroar\n|-supereffective|p2b: Incineroar|1\n|-damage|p2b: Incineroar|0 fnt\n|-unboost|p1b: Sneasler|def|1\n|-unboost|p1b: Sneasler|spd|1\n|faint|p2b: Incineroar\n|move|p1a: Floette|Light of Ruin|p2a: Blastoise\n|-damage|p2a: Blastoise|0 fnt\n|faint|p2a: Blastoise\n|-damage|p1a: Floette|39/100|[from] Recoil\n|\n|upkeep\n|\n|t:|1788282925\n|switch|p2a: Sneasler|Sneasler, L50, M|100/100\n|switch|p2b: Sinistcha|Sinistcha, L50|100/100\n|turn|3\n|\n|t:|1788282944\n|move|p1a: Floette|Protect|p1a: Floette\n|-singleturn|p1a: Floette|Protect\n|move|p2a: Sneasler|Close Combat|p1b: Sneasler\n|-resisted|p1b: Sneasler|1\n|-crit|p1b: Sneasler\n|-damage|p1b: Sneasler|0 fnt\n|-unboost|p2a: Sneasler|def|1\n|-unboost|p2a: Sneasler|spd|1\n|faint|p1b: Sneasler\n|move|p2b: Sinistcha|Trick Room|p2b: Sinistcha\n|-fieldstart|move: Trick Room|[of] p2b: Sinistcha\n|\n|upkeep\n|\n|t:|1788282953\n|switch|p1b: Basculegion|Basculegion, L50, M|100/100\n|turn|4\n|\n|t:|1788282968\n|switch|p1a: Garchomp|Garchomp, L50, F|100/100\n|move|p2b: Sinistcha|Protect|p2b: Sinistcha\n|-singleturn|p2b: Sinistcha|Protect\n|move|p1b: Basculegion|Wave Crash|p2a: Sneasler\n|-enditem|p2a: Sneasler|Focus Sash\n|-damage|p2a: Sneasler|1/100\n|-damage|p1b: Basculegion|74/100|[from] Recoil\n|-damage|p1b: Basculegion|64/100|[from] item: Life Orb\n|move|p2a: Sneasler|Dire Claw|p1a: Garchomp\n|-resisted|p1a: Garchomp|1\n|-damage|p1a: Garchomp|81/100\n|\n|upkeep\n|turn|5\n|inactive|Juanttn has 30 seconds left.\n|\n|t:|1788282994\n|move|p1b: Basculegion|Aqua Jet|p2a: Sneasler\n|-damage|p2a: Sneasler|0 fnt\n|faint|p2a: Sneasler\n|-damage|p1b: Basculegion|55/100|[from] item: Life Orb\n|move|p2b: Sinistcha|Matcha Gotcha|p1a: Garchomp|[spread] p1a,p1b\n|-supereffective|p1b: Basculegion|1\n|-damage|p1a: Garchomp|56/100\n|-damage|p1b: Basculegion|9/100\n|move|p1a: Garchomp|Rock Slide|p2b: Sinistcha\n|-damage|p2b: Sinistcha|76/100\n|\n|upkeep\n|turn|6\n|\n|t:|1788283013\n|switch|p1a: Floette|Floette-Mega, L50, F|39/100\n|-ability|p1a: Floette|Fairy Aura\n|move|p2b: Sinistcha|Matcha Gotcha|p1a: Floette|[spread] p1a,p1b\n|-supereffective|p1b: Basculegion|1\n|-damage|p1a: Floette|20/100y\n|-heal|p2b: Sinistcha|84/100|[from] drain|[of] p1a: Floette\n|-damage|p1b: Basculegion|0 fnt\n|-heal|p2b: Sinistcha|89/100|[from] drain|[of] p1b: Basculegion\n|faint|p1b: Basculegion\n|\n|upkeep\n|\n|t:|1788283024\n|switch|p1b: Garchomp|Garchomp, L50, F|56/100\n|turn|7\n|\n|t:|1788283042\n|move|p2b: Sinistcha|Matcha Gotcha|p1b: Garchomp|[spread] p1a\n|-miss|p2b: Sinistcha|p1b: Garchomp\n|-damage|p1a: Floette|1/100\n|-heal|p2b: Sinistcha|97/100|[from] drain|[of] p1a: Floette\n|move|p1a: Floette|Light of Ruin|p2b: Sinistcha\n|-damage|p2b: Sinistcha|1/100\n|-enditem|p2b: Sinistcha|Sitrus Berry|[eat]\n|-heal|p2b: Sinistcha|25/100|[from] item: Sitrus Berry\n|-damage|p1a: Floette|0 fnt|[from] Recoil\n|faint|p1a: Floette\n|move|p1b: Garchomp|Dragon Claw|p2b: Sinistcha\n|-damage|p2b: Sinistcha|0 fnt\n|faint|p2b: Sinistcha\n|\n|win|Juanttn\n|raw|Juanttn's rating: 1056 &rarr; <strong>1086</strong><br />(+30 for winning)\n|raw|humania1's rating: 1040 &rarr; <strong>1025</strong><br />(-15 for losing)\n","uploadtime":1788283042,"views":"1","formatid":"gen9championsvgc2026regmbbo3","rating":1025,"private":0,"password":null}