{"id":"gen9championsvgc2026regmbbo3-2674016489","format":"[Gen 9 Champions] VGC 2026 Reg M-B (Bo3)","players":["DarkMoonbreon","humania1"],"log":"|j|☆DarkMoonbreon\n|j|☆humania1\n|html|<table width=\"100%\"><tr><td align=\"left\">DarkMoonbreon</td><td align=\"right\">humania1</tr><tr><td align=\"left\"><i class=\"fa fa-circle-o\"></i> <i class=\"fa fa-circle-o\"></i> </td><td align=\"right\"><i class=\"fa fa-circle-o\"></i> <i class=\"fa fa-circle-o\"></i> </tr></table>\n|uhtml|bestof|<h2><strong>Game 1</strong> of <a href=\"/game-bestof3-gen9championsvgc2026regmbbo3-2674016488\">a best-of-3</a></h2>\n|t:|1788288574\n|gametype|doubles\n|player|p1|DarkMoonbreon|102|1000\n|player|p2|humania1|266|1055\n|gen|9\n|tier|[Gen 9 Champions] VGC 2026 Reg M-B (Bo3)\n|rated|\n|rule|Species Clause: Limit one of each Pokémon\n|rule|Item Clause: Limit 1 of each item\n|clearpoke\n|poke|p1|Gallade, L50, M, shiny|\n|poke|p1|Maushold-Four, L50|\n|poke|p1|Gholdengo, L50|\n|poke|p1|Weavile, L50, F|\n|poke|p1|Milotic, L50, M|\n|poke|p1|Raichu, L50, M|\n|poke|p2|Blastoise, L50, F|\n|poke|p2|Delphox, L50, F, shiny|\n|poke|p2|Incineroar, L50, F|\n|poke|p2|Sinistcha, L50|\n|poke|p2|Sneasler, L50, M|\n|poke|p2|Vivillon, L50, M|\n|teampreview|4\n|showteam|p1|Gallade||Galladite|Justified|ShadowSneak,DrainPunch,Protect,RockSlide|Jolly||M|||50|]Maushold-Four||ChopleBerry|FriendGuard|BeatUp,FollowMe,SuperFang,Protect|Timid|||||50|]Gholdengo||LifeOrb|GoodasGold|MakeItRain,FocusBlast,ShadowBall,Protect|Modest|||||50|]Weavile||FocusSash|Pressure|TripleAxel,KnockOff,FakeOut,LowKick|Jolly||F|||50|]Milotic||Leftovers|Competitive|MuddyWater,Coil,Hypnosis,Recover|Calm||M|||50|]Raichu||RaichuniteY|LightningRod|ZapCannon,FocusBlast,FakeOut,Feint|Timid||M|||50|\n|showteam|p2|Blastoise||Blastoisinite|Torrent|Protect,ShellSmash,WaterSpout,DarkPulse|Modest||F|||50|]Delphox||Delphoxite|Blaze|Protect,HeatWave,Psyshock,NastyPlot|Timid||F|||50|]Incineroar||PasshoBerry|Intimidate|FakeOut,PartingShot,FlareBlitz,ThroatChop|Impish||F|||50|]Sinistcha||SitrusBerry|Hospitality|Protect,MatchaGotcha,TrickRoom,RagePowder|Bold|||||50|]Sneasler||FocusSash|PoisonTouch|QuickGuard,FakeOut,CloseCombat,DireClaw|Jolly||M|||50|]Vivillon||ChoiceScarf|CompoundEyes|Hurricane,SleepPowder,RagePowder,Uturn|Timid||M|||50|\n|inactive|Battle timer is ON: inactive players will automatically lose when time's up. (requested by humania1)\n|\n|t:|1788288600\n|teamsize|p1|4\n|teamsize|p2|4\n|start\n|switch|p1a: Milotic|Milotic, L50, M|100/100\n|switch|p1b: Maushold|Maushold-Four, L50|100/100\n|switch|p2a: Blastoise|Blastoise, L50, F|100/100\n|switch|p2b: Incineroar|Incineroar, L50, F|100/100\n|-ability|p2b: Incineroar|Intimidate|boost\n|-unboost|p1a: Milotic|atk|1\n|-ability|p1a: Milotic|Competitive|boost\n|-boost|p1a: Milotic|spa|2\n|-unboost|p1b: Maushold|atk|1\n|turn|1\n|\n|t:|1788288613\n|detailschange|p2a: Blastoise|Blastoise-Mega, L50, F\n|-mega|p2a: Blastoise|Blastoise|Blastoisinite\n|move|p1b: Maushold|Protect|p1b: Maushold\n|-singleturn|p1b: Maushold|Protect\n|move|p2a: Blastoise|Water Spout|p1a: Milotic|[spread] p1a\n|-activate|p1b: Maushold|move: Protect\n|-resisted|p1a: Milotic|1\n|-damage|p1a: Milotic|84/100\n|move|p1a: Milotic|Muddy Water|p2a: Blastoise|[spread] p2a,p2b\n|-resisted|p2a: Blastoise|1\n|-supereffective|p2b: Incineroar|1\n|-enditem|p2b: Incineroar|Passho Berry|[eat]\n|-enditem|p2b: Incineroar|Passho Berry|[weaken]\n|-damage|p2a: Blastoise|75/100\n|-damage|p2b: Incineroar|54/100\n|move|p2b: Incineroar|Parting Shot|p1a: Milotic\n|-unboost|p1a: Milotic|atk|1\n|-ability|p1a: Milotic|Competitive|boost\n|-boost|p1a: Milotic|spa|2\n|-unboost|p1a: Milotic|spa|1\n|-ability|p1a: Milotic|Competitive|boost\n|-boost|p1a: Milotic|spa|2\n|\n|t:|1788288614\n|switch|p2b: Sinistcha|Sinistcha, L50|100/100|[from] Parting Shot\n|-heal|p2a: Blastoise|100/100|[from] ability: Hospitality|[of] p2b: Sinistcha\n|\n|-heal|p1a: Milotic|90/100|[from] item: Leftovers\n|upkeep\n|turn|2\n|inactive|DarkMoonbreon has 30 seconds left.\n|\n|t:|1788288646\n|move|p2b: Sinistcha|Rage Powder|p2b: Sinistcha\n|-singleturn|p2b: Sinistcha|move: Rage Powder\n|move|p1b: Maushold|Super Fang|p2b: Sinistcha\n|-immune|p2b: Sinistcha\n|move|p2a: Blastoise|Shell Smash|p2a: Blastoise\n|-unboost|p2a: Blastoise|def|1\n|-unboost|p2a: Blastoise|spd|1\n|-boost|p2a: Blastoise|atk|2\n|-boost|p2a: Blastoise|spa|2\n|-boost|p2a: Blastoise|spe|2\n|move|p1a: Milotic|Hypnosis|p2b: Sinistcha|[miss]\n|-miss|p1a: Milotic|p2b: Sinistcha\n|\n|-heal|p1a: Milotic|96/100|[from] item: Leftovers\n|upkeep\n|turn|3\n|\n|t:|1788288662\n|move|p1b: Maushold|Protect|p1b: Maushold\n|-singleturn|p1b: Maushold|Protect\n|move|p2a: Blastoise|Water Spout|p1b: Maushold|[spread] p1a\n|-activate|p1b: Maushold|move: Protect\n|-resisted|p1a: Milotic|1\n|-damage|p1a: Milotic|64/100\n|move|p1a: Milotic|Hypnosis|p2a: Blastoise|[miss]\n|-miss|p1a: Milotic|p2a: Blastoise\n|move|p2b: Sinistcha|Trick Room|p2b: Sinistcha\n|-fieldstart|move: Trick Room|[of] p2b: Sinistcha\n|\n|-heal|p1a: Milotic|70/100|[from] item: Leftovers\n|upkeep\n|turn|4\n|\n|t:|1788288681\n|move|p2b: Sinistcha|Matcha Gotcha|p1b: Maushold|[spread] p1a,p1b\n|-supereffective|p1a: Milotic|1\n|-damage|p1a: Milotic|44/100\n|-damage|p1b: Maushold|69/100\n|move|p1a: Milotic|Hypnosis|p2a: Blastoise|[miss]\n|-miss|p1a: Milotic|p2a: Blastoise\n|move|p1b: Maushold|Super Fang|p2a: Blastoise|[miss]\n|-miss|p1b: Maushold|p2a: Blastoise\n|move|p2a: Blastoise|Shell Smash|p2a: Blastoise\n|-unboost|p2a: Blastoise|def|1\n|-unboost|p2a: Blastoise|spd|1\n|-boost|p2a: Blastoise|atk|2\n|-boost|p2a: Blastoise|spa|2\n|-boost|p2a: Blastoise|spe|2\n|\n|-heal|p1a: Milotic|50/100g|[from] item: Leftovers\n|upkeep\n|turn|5\n|inactive|DarkMoonbreon has 30 seconds left.\n|\n|t:|1788288708\n|move|p2b: Sinistcha|Protect|p2b: Sinistcha\n|-singleturn|p2b: Sinistcha|Protect\n|move|p1a: Milotic|Recover|p1a: Milotic\n|-heal|p1a: Milotic|100/100\n|move|p1b: Maushold|Super Fang|p2a: Blastoise\n|-damage|p2a: Blastoise|50/100g\n|move|p2a: Blastoise|Water Spout|p1a: Milotic|[spread] p1a,p1b\n|-resisted|p1a: Milotic|1\n|-damage|p1a: Milotic|77/100\n|-damage|p1b: Maushold|0 fnt\n|faint|p1b: Maushold\n|\n|-heal|p1a: Milotic|83/100|[from] item: Leftovers\n|upkeep\n|\n|t:|1788288721\n|switch|p1b: Raichu|Raichu, L50, M|100/100\n|turn|6\n|\n|t:|1788288734\n|detailschange|p1b: Raichu|Raichu-Mega-Y, L50, M\n|-mega|p1b: Raichu|Raichu|Raichunite Y\n|move|p1b: Raichu|Fake Out|p2b: Sinistcha\n|-immune|p2b: Sinistcha\n|move|p2b: Sinistcha|Matcha Gotcha|p1b: Raichu|[spread] p1a,p1b\n|-supereffective|p1a: Milotic|1\n|-damage|p1a: Milotic|48/100\n|-damage|p1b: Raichu|70/100\n|move|p1a: Milotic|Hypnosis|p2b: Sinistcha\n|-status|p2b: Sinistcha|slp|[from] move: Hypnosis\n|move|p2a: Blastoise|Water Spout|p1b: Raichu|[spread] p1a,p1b\n|-resisted|p1a: Milotic|1\n|-damage|p1a: Milotic|15/100\n|-damage|p1b: Raichu|0 fnt\n|faint|p1b: Raichu\n|\n|-heal|p1a: Milotic|21/100|[from] item: Leftovers\n|upkeep\n|\n|t:|1788288750\n|switch|p1b: Gallade|Gallade, L50, M, shiny|100/100\n|turn|7\n|inactive|DarkMoonbreon has 30 seconds left.\n|\n|t:|1788288780\n|move|p1b: Gallade|Protect|p1b: Gallade\n|-singleturn|p1b: Gallade|Protect\n|cant|p2b: Sinistcha|slp\n|move|p1a: Milotic|Hypnosis|p2a: Blastoise|[miss]\n|-miss|p1a: Milotic|p2a: Blastoise\n|move|p2a: Blastoise|Water Spout|p1b: Gallade|[spread] p1a\n|-activate|p1b: Gallade|move: Protect\n|-resisted|p1a: Milotic|1\n|-damage|p1a: Milotic|0 fnt\n|faint|p1a: Milotic\n|\n|-fieldend|move: Trick Room\n|upkeep\n|turn|8\n|\n|t:|1788288799\n|switch|p2b: Incineroar|Incineroar, L50, F|54/100\n|-ability|p2b: Incineroar|Intimidate|boost\n|-unboost|p1b: Gallade|atk|1\n|move|p2a: Blastoise|Water Spout|p1b: Gallade\n|-damage|p1b: Gallade|0 fnt\n|faint|p1b: Gallade\n|\n|win|humania1\n","uploadtime":1788288799,"views":"5","formatid":"gen9championsvgc2026regmbbo3","rating":null,"private":0,"password":null}