{"id":"gen9championsvgc2026regmbbo3-2673621525","format":"[Gen 9 Champions] VGC 2026 Reg M-B (Bo3)","players":["BocataJuridico21","JakAttack626"],"log":"|j|☆BocataJuridico21\n|j|☆JakAttack626\n|html|<table width=\"100%\"><tr><td align=\"left\">BocataJuridico21</td><td align=\"right\">JakAttack626</tr><tr><td align=\"left\"><i class=\"fa fa-circle-o\"></i> <i class=\"fa fa-circle-o\"></i> </td><td align=\"right\"><i class=\"fa fa-circle-o\"></i> <i class=\"fa fa-circle\"></i> </tr></table>\n|uhtml|bestof|<h2><strong>Game 2</strong> of <a href=\"/game-bestof3-gen9championsvgc2026regmbbo3-2673620338\">a best-of-3</a></h2>\n|t:|1788222621\n|gametype|doubles\n|player|p1|BocataJuridico21|harlequin|1054\n|player|p2|JakAttack626|pryce|1195\n|gen|9\n|tier|[Gen 9 Champions] VGC 2026 Reg M-B (Bo3)\n|rated|\n|rule|Species Clause: Limit one of each Pokémon\n|rule|Item Clause: Limit 1 of each item\n|clearpoke\n|poke|p1|Sneasler, L50, F|\n|poke|p1|Basculegion, L50, M|\n|poke|p1|Froslass, L50, F|\n|poke|p1|Kingambit, L50, F|\n|poke|p1|Scovillain, L50, M|\n|poke|p1|Lycanroc-Dusk, L50, M|\n|poke|p2|Scovillain, L50, M, shiny|\n|poke|p2|Basculegion, L50, M|\n|poke|p2|Kingambit, L50, F|\n|poke|p2|Sneasler, L50, F|\n|poke|p2|Lycanroc-Dusk, L50, M|\n|poke|p2|Froslass, L50, F|\n|teampreview|4\n|showteam|p1|Sneasler||WhiteHerb|Unburden|GunkShot,Protect,FakeOut,CloseCombat|Adamant||F|||50|]Basculegion||LifeOrb|Adaptability|AquaJet,LastRespects,WaveCrash,Protect|Jolly||M|||50|]Froslass||Froslassite|CursedBody|Blizzard,Protect,AuroraVeil,ShadowBall|Timid||F|||50|]Kingambit||BlackGlasses|Defiant|SuckerPunch,Protect,SwordsDance,KowtowCleave|Adamant||F|||50|]Scovillain||Scovillainite|Moody|RagePowder,Protect,GigaDrain,Overheat|Bold||M|||50|]Lycanroc-Dusk||FocusSash|ToughClaws|RockSlide,Accelerock,Protect,CloseCombat|Adamant||M|||50|\n|showteam|p2|Scovillain||Scovillainite|Moody|GigaDrain,Overheat,RagePowder,Protect|Bold||M|||50|]Basculegion||LifeOrb|Adaptability|WaveCrash,AquaJet,LastRespects,Protect|Adamant||M|||50|]Kingambit||BlackGlasses|Defiant|KowtowCleave,SuckerPunch,SwordsDance,Protect|Adamant||F|||50|]Sneasler||WhiteHerb|Unburden|DireClaw,CloseCombat,FakeOut,Protect|Adamant||F|||50|]Lycanroc-Dusk||FocusSash|ToughClaws|RockSlide,CloseCombat,Accelerock,Protect|Adamant||M|||50|]Froslass||Froslassite|CursedBody|Blizzard,ShadowBall,AuroraVeil,Protect|Timid||F|||50|\n|inactive|Battle timer is ON: inactive players will automatically lose when time's up. (requested by JakAttack626)\n|inactive|BocataJuridico21 has 60 seconds left.\n|inactive|BocataJuridico21 has 30 seconds left.\n|inactive|BocataJuridico21 has 20 seconds left.\n|\n|t:|1788222716\n|teamsize|p1|4\n|teamsize|p2|4\n|start\n|switch|p1a: Sneasler|Sneasler, L50, F|100/100\n|switch|p1b: Lycanroc|Lycanroc-Dusk, L50, M|100/100\n|switch|p2a: Hot One|Scovillain, L50, M, shiny|100/100\n|switch|p2b: Dirt road|Lycanroc-Dusk, L50, M|100/100\n|turn|1\n|\n|t:|1788222736\n|detailschange|p2a: Hot One|Scovillain-Mega, L50, M, shiny\n|-mega|p2a: Hot One|Scovillain|Scovillainite\n|move|p2b: Dirt road|Protect|p2b: Dirt road\n|-singleturn|p2b: Dirt road|Protect\n|move|p1b: Lycanroc|Protect|p1b: Lycanroc\n|-singleturn|p1b: Lycanroc|Protect\n|move|p1a: Sneasler|Gunk Shot|p2a: Hot One\n|-supereffective|p2a: Hot One|1\n|-damage|p2a: Hot One|0 fnt\n|-status|p1a: Sneasler|brn|[from] ability: Spicy Spray|[of] p2a: Hot One\n|faint|p2a: Hot One\n|\n|-damage|p1a: Sneasler|94/100 brn|[from] brn\n|upkeep\n|\n|t:|1788222750\n|switch|p2a: Kachow|Sneasler, L50, F|100/100\n|turn|2\n|\n|t:|1788222762\n|switch|p1b: Froslass|Froslass, L50, F|100/100\n|move|p2a: Kachow|Close Combat|p1b: Froslass\n|-immune|p1b: Froslass\n|move|p2b: Dirt road|Rock Slide|p1b: Froslass|[spread] p1a,p1b\n|-resisted|p1a: Sneasler|1\n|-supereffective|p1b: Froslass|1\n|-damage|p1a: Sneasler|77/100 brn\n|-damage|p1b: Froslass|18/100\n|move|p1a: Sneasler|Close Combat|p2b: Dirt road\n|-supereffective|p2b: Dirt road|1\n|-damage|p2b: Dirt road|4/100\n|-unboost|p1a: Sneasler|def|1\n|-unboost|p1a: Sneasler|spd|1\n|-enditem|p1a: Sneasler|White Herb\n|-clearnegativeboost|p1a: Sneasler|[silent]\n|\n|-damage|p1a: Sneasler|72/100 brn|[from] brn\n|upkeep\n|turn|3\n|\n|t:|1788222785\n|move|p1b: Froslass|Protect|p1b: Froslass\n|-singleturn|p1b: Froslass|Protect\n|move|p2b: Dirt road|Accelerock|p1b: Froslass\n|-activate|p1b: Froslass|move: Protect\n|move|p1a: Sneasler|Close Combat|p2b: Dirt road\n|-supereffective|p2b: Dirt road|1\n|-damage|p2b: Dirt road|0 fnt\n|-unboost|p1a: Sneasler|def|1\n|-unboost|p1a: Sneasler|spd|1\n|faint|p2b: Dirt road\n|move|p2a: Kachow|Close Combat|p1a: Sneasler\n|-resisted|p1a: Sneasler|1\n|-damage|p1a: Sneasler|17/100 brn\n|-unboost|p2a: Kachow|def|1\n|-unboost|p2a: Kachow|spd|1\n|-enditem|p2a: Kachow|White Herb\n|-clearnegativeboost|p2a: Kachow|[silent]\n|\n|-damage|p1a: Sneasler|11/100 brn|[from] brn\n|upkeep\n|\n|t:|1788222790\n|switch|p2b: Beetle|Kingambit, L50, F|100/100\n|turn|4\n|\n|t:|1788222813\n|detailschange|p1b: Froslass|Froslass-Mega, L50, F\n|-mega|p1b: Froslass|Froslass|Froslassite\n|-weather|Snowscape|[from] ability: Snow Warning|[of] p1b: Froslass\n|move|p1a: Sneasler|Protect|p1a: Sneasler\n|-singleturn|p1a: Sneasler|Protect\n|move|p2b: Beetle|Sucker Punch||[still]\n|-fail|p2b: Beetle\n|move|p2a: Kachow|Dire Claw|p1b: Froslass\n|-resisted|p1b: Froslass|1\n|-damage|p1b: Froslass|1/100\n|-status|p1b: Froslass|psn\n|move|p1b: Froslass|Blizzard|p2b: Beetle|[spread] p2a,p2b\n|-resisted|p2b: Beetle|1\n|-damage|p2a: Kachow|45/100\n|-damage|p2b: Beetle|78/100\n|\n|-weather|Snowscape|[upkeep]\n|-damage|p1b: Froslass|0 fnt|[from] psn\n|faint|p1b: Froslass\n|-damage|p1a: Sneasler|5/100 brn|[from] brn\n|upkeep\n|\n|t:|1788222831\n|switch|p1b: Kingambit|Kingambit, L50, F|100/100\n|turn|5\n|inactive|JakAttack626 has 30 seconds left.\n|\n|t:|1788222859\n|move|p1b: Kingambit|Sucker Punch|p2a: Kachow\n|-resisted|p2a: Kachow|1\n|-damage|p2a: Kachow|10/100\n|move|p2a: Kachow|Close Combat|p1b: Kingambit\n|-supereffective|p1b: Kingambit|2\n|-damage|p1b: Kingambit|0 fnt\n|-unboost|p2a: Kachow|def|1\n|-unboost|p2a: Kachow|spd|1\n|faint|p1b: Kingambit\n|move|p1a: Sneasler|Close Combat|p2b: Beetle\n|-supereffective|p2b: Beetle|2\n|-damage|p2b: Beetle|0 fnt\n|-unboost|p1a: Sneasler|def|1\n|-unboost|p1a: Sneasler|spd|1\n|faint|p2b: Beetle\n|\n|-weather|Snowscape|[upkeep]\n|-damage|p1a: Sneasler|0 fnt|[from] brn\n|faint|p1a: Sneasler\n|upkeep\n|\n|t:|1788222871\n|switch|p1b: Lycanroc|Lycanroc-Dusk, L50, M|100/100\n|turn|6\n|\n|t:|1788222875\n|move|p2a: Kachow|Protect|p2a: Kachow\n|-singleturn|p2a: Kachow|Protect\n|move|p1b: Lycanroc|Accelerock|p2a: Kachow\n|-activate|p2a: Kachow|move: Protect\n|\n|-weather|Snowscape|[upkeep]\n|upkeep\n|turn|7\n|-message|JakAttack626 forfeited.\n|\n|win|BocataJuridico21\n||BocataJuridico21 is ready for game 3.\n||JakAttack626 is ready for game 3.\n|uhtml|next|Next: <a href=\"/battle-gen9championsvgc2026regmbbo3-2673623239\"><strong>Game 3 of 3</strong></a>\n|l|☆BocataJuridico21\n|player|p1|\n","uploadtime":1788222887,"views":"0","formatid":"gen9championsvgc2026regmbbo3","rating":null,"private":0,"password":null}