{"id":"gen9championsvgc2026regmb-2674566188","format":"[Gen 9 Champions] VGC 2026 Reg M-B","players":["melon storme","Ivarthe2ndballon"],"log":"|j|☆melon storme\n|j|☆Ivarthe2ndballon\n|html|<table width=\"100%\"><tr><td align=\"left\">melon storme</td><td align=\"right\">Ivarthe2ndballon</tr><tr><td align=\"left\"><i class=\"fa fa-circle\"></i> <i class=\"fa fa-circle-o\"></i> </td><td align=\"right\"><i class=\"fa fa-circle-o\"></i> <i class=\"fa fa-circle-o\"></i> </tr></table>\n|uhtml|bestof|<h2><strong>Game 2</strong> of <a href=\"/game-bestof3-gen9championsvgc2026regmb-2674564667\">a best-of-3</a></h2>\n|t:|1788374675\n|gametype|doubles\n|player|p1|melon storme|kieran-masters|\n|player|p2|Ivarthe2ndballon|gentleman-gen4dp|\n|gen|9\n|tier|[Gen 9 Champions] VGC 2026 Reg M-B\n|rule|Species Clause: Limit one of each Pokémon\n|rule|Item Clause: Limit 1 of each item\n|raw|<div class=\"infobox\"><details class=\"readmore\" open><summary><strong>1 custom rule:</strong></summary> Best of = 3</details></div>\n|clearpoke\n|poke|p1|Lucario, L50, F|\n|poke|p1|Gardevoir, L50, M|\n|poke|p1|Whimsicott, L50, M|\n|poke|p1|Farigiraf, L50, M|\n|poke|p1|Torterra, L50, F|\n|poke|p1|Aegislash, L50, M|\n|poke|p2|Meowstic-F, L50, F, shiny|\n|poke|p2|Hatterene, L50, F, shiny|\n|poke|p2|Eelektross, L50, M|\n|poke|p2|Hydreigon, L50, M|\n|poke|p2|Blaziken, L50, M|\n|poke|p2|Gholdengo, L50|\n|teampreview|4\n|j| moonlshadowz\nIvarthe2ndballon rejected open team sheets.\n|\n|t:|1788374712\n|teamsize|p1|4\n|teamsize|p2|4\n|start\n|switch|p1a: Gardevoir|Gardevoir, L50, M|100/100\n|switch|p1b: Whimsicott|Whimsicott, L50, M|100/100\n|switch|p2a: Hydreigon|Hydreigon, L50, M|100/100\n|switch|p2b: Blaziken|Blaziken, L50, M|100/100\n|-ability|p1a: Gardevoir|Levitate|Trace|[from] ability: Trace|[of] p2a: Hydreigon\n|turn|1\n|\n|t:|1788374724\n|detailschange|p1a: Gardevoir|Gardevoir-Mega, L50, M\n|-mega|p1a: Gardevoir|Gardevoir|Gardevoirite\n|move|p1b: Whimsicott|Tailwind|p1b: Whimsicott\n|-sidestart|p1: melon storme|move: Tailwind\n|move|p1a: Gardevoir|Calm Mind|p1a: Gardevoir\n|-boost|p1a: Gardevoir|spa|1\n|-boost|p1a: Gardevoir|spd|1\n|move|p2a: Hydreigon|Tailwind|p2a: Hydreigon\n|-sidestart|p2: Ivarthe2ndballon|move: Tailwind\n|move|p2b: Blaziken|Flare Blitz|p1a: Gardevoir\n|-damage|p1a: Gardevoir|1/100\n|-damage|p2b: Blaziken|67/100|[from] Recoil\n|-damage|p2b: Blaziken|57/100|[from] item: Life Orb\n|\n|-ability|p2b: Blaziken|Speed Boost|boost\n|-boost|p2b: Blaziken|spe|1\n|upkeep\n|turn|2\n|\n|t:|1788374739\n|move|p2b: Blaziken|Flare Blitz|p1b: Whimsicott\n|-supereffective|p1b: Whimsicott|1\n|-enditem|p1b: Whimsicott|Focus Sash\n|-damage|p1b: Whimsicott|1/100\n|-damage|p2b: Blaziken|29/100|[from] Recoil\n|-damage|p2b: Blaziken|19/100|[from] item: Life Orb\n|move|p1b: Whimsicott|Round|p2b: Blaziken\n|-damage|p2b: Blaziken|0 fnt\n|faint|p2b: Blaziken\n|move|p1a: Gardevoir|Round|p2a: Hydreigon|[from] move: Round\n|-supereffective|p2a: Hydreigon|2\n|-enditem|p2a: Hydreigon|Focus Sash\n|-damage|p2a: Hydreigon|1/100\n|move|p2a: Hydreigon|Dark Pulse|p1a: Gardevoir\n|-damage|p1a: Gardevoir|0 fnt\n|faint|p1a: Gardevoir\n|\n|upkeep\n|\n|t:|1788374757\n|switch|p2b: Hatterene|Hatterene, L50, F, shiny|100/100\n|switch|p1a: Torterra|Torterra, L50, F|100/100\n|turn|3\n|\n|t:|1788374766\n|move|p1b: Whimsicott|Round|p2b: Hatterene\n|-damage|p2b: Hatterene|84/100\n|move|p2a: Hydreigon|Dark Pulse|p1a: Torterra\n|-damage|p1a: Torterra|60/100\n|move|p1a: Torterra|Shell Smash|p1a: Torterra\n|-unboost|p1a: Torterra|def|1\n|-unboost|p1a: Torterra|spd|1\n|-boost|p1a: Torterra|atk|2\n|-boost|p1a: Torterra|spa|2\n|-boost|p1a: Torterra|spe|2\n|-enditem|p1a: Torterra|White Herb\n|-clearnegativeboost|p1a: Torterra|[silent]\n|move|p2b: Hatterene|Psychic Terrain|p2b: Hatterene\n|-fieldstart|move: Psychic Terrain\n|\n|upkeep\n|turn|4\n|\n|t:|1788374782\n|move|p2a: Hydreigon|Protect|p2a: Hydreigon\n|-singleturn|p2a: Hydreigon|Protect\n|move|p1a: Torterra|Wood Hammer|p2b: Hatterene\n|-damage|p2b: Hatterene|0 fnt\n|faint|p2b: Hatterene\n|-damage|p1a: Torterra|35/100|[from] Recoil\n|move|p1b: Whimsicott|Round|p2a: Hydreigon\n|-activate|p2a: Hydreigon|move: Protect\n|\n|-sideend|p2: Ivarthe2ndballon|move: Tailwind\n|-sideend|p1: melon storme|move: Tailwind\n|upkeep\n|\n|t:|1788374789\n|switch|p2b: Meowstic|Meowstic-F, L50, F, shiny|100/100\n|turn|5\n|\n|t:|1788374800\n|detailschange|p2b: Meowstic|Meowstic-F-Mega, L50, F, shiny\n|-mega|p2b: Meowstic|Meowstic|Meowsticite\n|-ability|p2b: Meowstic|Prankster|Trace|[from] ability: Trace|[of] p1b: Whimsicott\n|move|p1a: Torterra|Protect|p1a: Torterra\n|-singleturn|p1a: Torterra|Protect\n|move|p1b: Whimsicott|Tailwind|p1b: Whimsicott\n|-sidestart|p1: melon storme|move: Tailwind\n|move|p2b: Meowstic|Expanding Force|p1a: Torterra|[spread] p1b\n|-activate|p1a: Torterra|move: Protect\n|-damage|p1b: Whimsicott|0 fnt\n|faint|p1b: Whimsicott\n|move|p2a: Hydreigon|Tailwind|p2a: Hydreigon\n|-sidestart|p2: Ivarthe2ndballon|move: Tailwind\n|\n|upkeep\n|\n|t:|1788374802\n|switch|p1b: Aegislash|Aegislash, L50, M|100/100\n|turn|6\n|\n|t:|1788374814\n|-formechange|p1b: Aegislash|Aegislash-Blade|\n|move|p1b: Aegislash|Shadow Sneak|p2a: Hydreigon\n|-hint|Psychic Terrain doesn't affect airborne Pokémon.\n|-resisted|p2a: Hydreigon|1\n|-damage|p2a: Hydreigon|0 fnt\n|faint|p2a: Hydreigon\n|-damage|p1b: Aegislash|90/100|[from] item: Life Orb\n|move|p1a: Torterra|Wood Hammer|p2b: Meowstic\n|-damage|p2b: Meowstic|0 fnt\n|faint|p2b: Meowstic\n|-damage|p1a: Torterra|7/100|[from] Recoil\n|\n|win|melon storme\n|l|☆Ivarthe2ndballon\n|player|p2|\n|l| moonlshadowz\n|n|☆melon storme|melonstorme\n","uploadtime":1788379764,"views":"9","formatid":"gen9championsvgc2026regmb","rating":null,"private":0,"password":null}