{"id":"gen9championsvgc2026regmb-2674213621","format":"[Gen 9 Champions] VGC 2026 Reg M-B","players":["alqalq","Fish In French"],"log":"|j|☆alqalq\n|j|☆Fish In French\n|t:|1788316554\n|gametype|doubles\n|player|p1|alqalq|101|1142\n|player|p2|Fish In French|dawn|1076\n|gen|9\n|tier|[Gen 9 Champions] VGC 2026 Reg M-B\n|rated|\n|rule|Species Clause: Limit one of each Pokémon\n|rule|Item Clause: Limit 1 of each item\n|clearpoke\n|poke|p1|Swampert, L50, M|\n|poke|p1|Pelipper, L50, F|\n|poke|p1|Sneasler, L50, F|\n|poke|p1|Corviknight, L50, M|\n|poke|p1|Beartic, L50, F|\n|poke|p1|Sinistcha-Masterpiece, L50|\n|poke|p2|Toxapex, L50, M|\n|poke|p2|Glimmora, L50, M|\n|poke|p2|Venusaur, L50, M|\n|poke|p2|Sinistcha-Masterpiece, L50|\n|poke|p2|Incineroar, L50, M|\n|poke|p2|Farigiraf, L50, M|\n|teampreview|4\n|inactive|Battle timer is ON: inactive players will automatically lose when time's up. (requested by Fish In French)\n|\n|t:|1788316595\n|teamsize|p1|4\n|teamsize|p2|4\n|start\n|switch|p1a: Corviknight|Corviknight, L50, M|100/100\n|switch|p1b: Sneasler|Sneasler, L50, F|100/100\n|switch|p2a: Glimmora|Glimmora, L50, M|100/100\n|switch|p2b: Toxapex|Toxapex, L50, M|100/100\n|turn|1\n|inactive|alqalq has 30 seconds left.\n|inactive|alqalq has 20 seconds left.\n|\n|t:|1788316631\n|move|p1b: Sneasler|Fake Out|p2b: Toxapex\n|-damage|p2b: Toxapex|88/100\n|move|p2a: Glimmora|Toxic Spikes|p1a: Corviknight\n|-sidestart|p1: alqalq|move: Toxic Spikes\n|move|p1a: Corviknight|Iron Head|p2a: Glimmora\n|-supereffective|p2a: Glimmora|1\n|-damage|p2a: Glimmora|46/100\n|-activate|p2a: Glimmora|ability: Toxic Debris\n|-sidestart|p1: alqalq|move: Toxic Spikes\n|cant|p2b: Toxapex|flinch\n|\n|-heal|p2b: Toxapex|94/100|[from] item: Leftovers\n|upkeep\n|turn|2\n|\n|t:|1788316648\n|move|p2a: Glimmora|Spiky Shield|p2a: Glimmora\n|-singleturn|p2a: Glimmora|move: Protect\n|move|p1b: Sneasler|Close Combat|p2a: Glimmora\n|-activate|p2a: Glimmora|move: Protect\n|-damage|p1b: Sneasler|87/100|[from] Spiky Shield|[of] p2a: Glimmora\n|move|p1a: Corviknight|Iron Head|p2b: Toxapex\n|-resisted|p2b: Toxapex|1\n|-damage|p2b: Toxapex|85/100\n|move|p2b: Toxapex|Infestation|p1b: Sneasler\n|-resisted|p1b: Sneasler|2\n|-damage|p1b: Sneasler|86/100\n|-activate|p1b: Sneasler|move: Infestation|[of] p2b: Toxapex\n|\n|-heal|p2b: Toxapex|91/100|[from] item: Leftovers\n|-damage|p1b: Sneasler|74/100|[from] move: Infestation|[partiallytrapped]\n|upkeep\n|turn|3\n|\n|t:|1788316670\n|move|p1b: Sneasler|Protect|p1b: Sneasler\n|-singleturn|p1b: Sneasler|Protect\n|move|p2a: Glimmora|Power Gem|p1b: Sneasler\n|-activate|p1b: Sneasler|move: Protect\n|move|p1a: Corviknight|Iron Head|p2a: Glimmora\n|-supereffective|p2a: Glimmora|1\n|-damage|p2a: Glimmora|0 fnt\n|faint|p2a: Glimmora\n|move|p2b: Toxapex|Infestation|p1a: Corviknight\n|-resisted|p1a: Corviknight|2\n|-damage|p1a: Corviknight|99/100\n|-activate|p1a: Corviknight|move: Infestation|[of] p2b: Toxapex\n|\n|-heal|p1a: Corviknight|100/100|[from] item: Leftovers\n|-heal|p2b: Toxapex|96/100|[from] item: Leftovers\n|-damage|p1b: Sneasler|62/100|[from] move: Infestation|[partiallytrapped]\n|-damage|p1a: Corviknight|87/100|[from] move: Infestation|[partiallytrapped]\n|upkeep\n|\n|t:|1788316686\n|switch|p2a: Venusaur|Venusaur, L50, M|100/100\n|turn|4\n|\n|t:|1788316698\n|detailschange|p2a: Venusaur|Venusaur-Mega, L50, M\n|-mega|p2a: Venusaur|Venusaur|Venusaurite\n|move|p1b: Sneasler|Close Combat|p2a: Venusaur\n|-resisted|p2a: Venusaur|1\n|-damage|p2a: Venusaur|81/100\n|-unboost|p1b: Sneasler|def|1\n|-unboost|p1b: Sneasler|spd|1\n|-enditem|p1b: Sneasler|White Herb\n|-clearnegativeboost|p1b: Sneasler|[silent]\n|move|p2a: Venusaur|Leech Seed|p1a: Corviknight\n|-start|p1a: Corviknight|move: Leech Seed\n|move|p1a: Corviknight|Iron Head|p2a: Venusaur\n|-damage|p2a: Venusaur|66/100\n|move|p2b: Toxapex|Infestation|p1b: Sneasler\n|-resisted|p1b: Sneasler|2\n|-damage|p1b: Sneasler|61/100\n|\n|-heal|p1a: Corviknight|93/100|[from] item: Leftovers\n|-heal|p2b: Toxapex|100/100|[from] item: Leftovers\n|-damage|p1a: Corviknight|81/100|[from] Leech Seed|[of] p2a: Venusaur\n|-heal|p2a: Venusaur|80/100|[silent]\n|-damage|p1b: Sneasler|49/100|[from] move: Infestation|[partiallytrapped]\n|-damage|p1a: Corviknight|68/100|[from] move: Infestation|[partiallytrapped]\n|upkeep\n|turn|5\n|inactive|alqalq has 30 seconds left.\n|\n|t:|1788316729\n|move|p1b: Sneasler|Close Combat|p2a: Venusaur\n|-resisted|p2a: Venusaur|1\n|-damage|p2a: Venusaur|60/100\n|-unboost|p1b: Sneasler|def|1\n|-unboost|p1b: Sneasler|spd|1\n|move|p2a: Venusaur|Leech Seed|p1b: Sneasler\n|-start|p1b: Sneasler|move: Leech Seed\n|move|p1a: Corviknight|Body Press|p2b: Toxapex\n|-resisted|p2b: Toxapex|1\n|-damage|p2b: Toxapex|91/100\n|move|p2b: Toxapex|Infestation|p1a: Corviknight\n|-resisted|p1a: Corviknight|2\n|-damage|p1a: Corviknight|68/100\n|\n|-heal|p1a: Corviknight|74/100|[from] item: Leftovers\n|-heal|p2b: Toxapex|96/100|[from] item: Leftovers\n|-damage|p1b: Sneasler|36/100|[from] Leech Seed|[of] p2a: Venusaur\n|-heal|p2a: Venusaur|71/100|[silent]\n|-damage|p1a: Corviknight|61/100|[from] Leech Seed|[of] p2a: Venusaur\n|-heal|p2a: Venusaur|84/100|[silent]\n|-damage|p1b: Sneasler|24/100|[from] move: Infestation|[partiallytrapped]\n|-damage|p1a: Corviknight|49/100|[from] move: Infestation|[partiallytrapped]\n|upkeep\n|turn|6\n|\n|t:|1788316754\n|move|p2b: Toxapex|Baneful Bunker|p2b: Toxapex\n|-singleturn|p2b: Toxapex|move: Protect\n|move|p1b: Sneasler|Close Combat|p2b: Toxapex\n|-activate|p2b: Toxapex|move: Protect\n|move|p2a: Venusaur|Giga Drain|p1b: Sneasler\n|-resisted|p1b: Sneasler|1\n|-damage|p1b: Sneasler|0 fnt\n|-heal|p2a: Venusaur|95/100|[from] drain|[of] p1b: Sneasler\n|faint|p1b: Sneasler\n|move|p1a: Corviknight|Iron Head|p2a: Venusaur\n|-damage|p2a: Venusaur|79/100\n|\n|-heal|p1a: Corviknight|55/100|[from] item: Leftovers\n|-heal|p2b: Toxapex|100/100|[from] item: Leftovers\n|-damage|p1a: Corviknight|42/100|[from] Leech Seed|[of] p2a: Venusaur\n|-heal|p2a: Venusaur|92/100|[silent]\n|-damage|p1a: Corviknight|30/100|[from] move: Infestation|[partiallytrapped]\n|upkeep\n|\n|t:|1788316775\n|switch|p1b: Pelipper|Pelipper, L50, F|100/100\n|-weather|RainDance|[from] ability: Drizzle|[of] p1b: Pelipper\n|turn|7\n|\n|t:|1788316795\n|switch|p2a: Farigiraf|Farigiraf, L50, M|100/100\n|move|p1a: Corviknight|Iron Head|p2a: Farigiraf\n|-damage|p2a: Farigiraf|72/100\n|move|p1b: Pelipper|Hurricane|p2b: Toxapex\n|-damage|p2b: Toxapex|66/100\n|-start|p2b: Toxapex|confusion\n|-activate|p2b: Toxapex|confusion\n|move|p2b: Toxapex|Toxic|p1b: Pelipper\n|-status|p1b: Pelipper|tox\n|\n|-weather|RainDance|[upkeep]\n|-heal|p1a: Corviknight|36/100|[from] item: Leftovers\n|-heal|p2b: Toxapex|71/100|[from] item: Leftovers\n|-damage|p1a: Corviknight|23/100|[from] Leech Seed|[of] p2a: Farigiraf\n|-heal|p2a: Farigiraf|83/100|[silent]\n|-damage|p1b: Pelipper|94/100 tox|[from] psn\n|-damage|p1a: Corviknight|11/100|[from] move: Infestation|[partiallytrapped]\n|upkeep\n|turn|8\n|inactive|Fish In French has 30 seconds left.\n|inactive|Fish In French has 20 seconds left.\n|inactive|Fish In French has 15 seconds left.\n|c|☆alqalq|poisson\n|\n|t:|1788316840\n|move|p1a: Corviknight|Iron Head|p2a: Farigiraf\n|-damage|p2a: Farigiraf|56/100\n|move|p1b: Pelipper|Hurricane|p2a: Farigiraf\n|-damage|p2a: Farigiraf|27/100\n|-activate|p2b: Toxapex|confusion\n|move|p2b: Toxapex|Infestation|p1b: Pelipper\n|-resisted|p1b: Pelipper|1\n|-damage|p1b: Pelipper|92/100 tox\n|-activate|p1b: Pelipper|move: Infestation|[of] p2b: Toxapex\n|move|p2a: Farigiraf|Trick Room|p2a: Farigiraf\n|-fieldstart|move: Trick Room|[of] p2a: Farigiraf\n|\n|-weather|RainDance|[upkeep]\n|-heal|p2b: Toxapex|77/100|[from] item: Leftovers\n|-heal|p1a: Corviknight|17/100|[from] item: Leftovers\n|-damage|p1a: Corviknight|4/100|[from] Leech Seed|[of] p2a: Farigiraf\n|-heal|p2a: Farigiraf|38/100|[silent]\n|-damage|p1b: Pelipper|81/100 tox|[from] psn\n|-damage|p1b: Pelipper|69/100 tox|[from] move: Infestation|[partiallytrapped]\n|-end|p1a: Corviknight|Infestation|[partiallytrapped]\n|upkeep\n|turn|9\n|inactive|alqalq has 30 seconds left.\n|inactive|Fish In French has 30 seconds left.\n|\n|t:|1788316872\n|-end|p2b: Toxapex|confusion\n|move|p2b: Toxapex|Infestation|p1a: Corviknight\n|-resisted|p1a: Corviknight|2\n|-damage|p1a: Corviknight|4/100\n|-activate|p1a: Corviknight|move: Infestation|[of] p2b: Toxapex\n|move|p2a: Farigiraf|Psychic Noise|p1b: Pelipper\n|-damage|p1b: Pelipper|32/100 tox\n|-start|p1b: Pelipper|move: Heal Block\n|move|p1b: Pelipper|Hurricane|p2a: Farigiraf\n|-damage|p2a: Farigiraf|10/100\n|move|p1a: Corviknight|Body Press|p2a: Farigiraf\n|-damage|p2a: Farigiraf|0 fnt\n|faint|p2a: Farigiraf\n|\n|-weather|RainDance|[upkeep]\n|-heal|p2b: Toxapex|82/100|[from] item: Leftovers\n|-heal|p1a: Corviknight|10/100|[from] item: Leftovers\n|-damage|p1b: Pelipper|15/100 tox|[from] psn\n|-damage|p1b: Pelipper|3/100 tox|[from] move: Infestation|[partiallytrapped]\n|-damage|p1a: Corviknight|0 fnt|[from] move: Infestation|[partiallytrapped]\n|faint|p1a: Corviknight\n|upkeep\n|\n|t:|1788316891\n|switch|p2a: Venusaur|Venusaur-Mega, L50, M|92/100\n|switch|p1a: Swampert|Swampert, L50, M|100/100\n|-status|p1a: Swampert|tox\n|turn|10\n|inactive|alqalq has 30 seconds left.\n|\n|t:|1788316920\n|detailschange|p1a: Swampert|Swampert-Mega, L50, M\n|-mega|p1a: Swampert|Swampert|Swampertite\n|move|p2b: Toxapex|Baneful Bunker|p2b: Toxapex\n|-singleturn|p2b: Toxapex|move: Protect\n|move|p1a: Swampert|Protect|p1a: Swampert\n|-singleturn|p1a: Swampert|Protect\n|move|p1b: Pelipper|Hurricane|p2a: Venusaur\n|-supereffective|p2a: Venusaur|1\n|-damage|p2a: Venusaur|24/100\n|-start|p2a: Venusaur|confusion\n|-activate|p2a: Venusaur|confusion\n|-damage|p2a: Venusaur|18/100|[from] confusion\n|\n|-weather|RainDance|[upkeep]\n|-heal|p2b: Toxapex|88/100|[from] item: Leftovers\n|-damage|p1b: Pelipper|0 fnt|[from] psn\n|faint|p1b: Pelipper\n|-damage|p1a: Swampert|94/100 tox|[from] psn\n|upkeep\n|turn|11\n|\n|t:|1788316943\n|move|p2b: Toxapex|Infestation|p1a: Swampert\n|-damage|p1a: Swampert|91/100 tox\n|-activate|p1a: Swampert|move: Infestation|[of] p2b: Toxapex\n|-activate|p2a: Venusaur|confusion\n|move|p2a: Venusaur|Giga Drain|p1a: Swampert\n|-supereffective|p1a: Swampert|2\n|-damage|p1a: Swampert|0 fnt\n|-heal|p2a: Venusaur|69/100|[from] drain|[of] p1a: Swampert\n|faint|p1a: Swampert\n|\n|win|Fish In French\n|raw|alqalq's rating: 1142 &rarr; <strong>1112</strong><br />(-30 for losing)\n|raw|Fish In French's rating: 1076 &rarr; <strong>1110</strong><br />(+34 for winning)\n|l|☆alqalq\n|player|p1|\n","uploadtime":1788317732,"views":"0","formatid":"gen9championsvgc2026regmb","rating":1110,"private":0,"password":null}