{"id":"gen9championsvgc2026regmb-2674169321","format":"[Gen 9 Champions] VGC 2026 Reg M-B","players":["hondourpoker","ravenskeeper"],"log":"|j|☆hondourpoker\n|j|☆ravenskeeper\n|t:|1788309560\n|gametype|doubles\n|player|p1|hondourpoker|170|\n|player|p2|ravenskeeper|102|\n|gen|9\n|tier|[Gen 9 Champions] VGC 2026 Reg M-B\n|rule|Species Clause: Limit one of each Pokémon\n|rule|Item Clause: Limit 1 of each item\n|clearpoke\n|poke|p1|Sableye, L50, F|\n|poke|p1|Gengar, L50, F|\n|poke|p1|Dragapult, L50, M|\n|poke|p1|Tinkaton, L50, F|\n|poke|p1|Incineroar, L50, M|\n|poke|p1|Primarina, L50, M|\n|poke|p2|Tyranitar, L50, M|\n|poke|p2|Excadrill, L50, F|\n|poke|p2|Houndstone, L50, F|\n|poke|p2|Scizor, L50, F|\n|poke|p2|Rotom-Mow, L50|\n|poke|p2|Altaria, L50, M|\n|teampreview|4\n|\n|t:|1788309588\n|teamsize|p1|4\n|teamsize|p2|4\n|start\n|switch|p1a: Primarina|Primarina, L50, M|100/100\n|switch|p1b: Sableye|Sableye, L50, F|100/100\n|switch|p2a: Rotom|Rotom-Mow, L50|100/100\n|switch|p2b: Excadrill|Excadrill, L50, F|100/100\n|turn|1\n|\n|t:|1788309635\n|move|p1a: Primarina|Protect|p1a: Primarina\n|-singleturn|p1a: Primarina|Protect\n|move|p1b: Sableye|Fake Out|p2b: Excadrill\n|-resisted|p2b: Excadrill|1\n|-damage|p2b: Excadrill|95/100\n|cant|p2b: Excadrill|flinch\n|move|p2a: Rotom|Thunderbolt|p1a: Primarina\n|-activate|p1a: Primarina|move: Protect\n|\n|upkeep\n|turn|2\n|\n|t:|1788309672\n|move|p1b: Sableye|Rain Dance|p1b: Sableye\n|-weather|RainDance\n|move|p2b: Excadrill|Earthquake|p1b: Sableye|[spread] p1a,p1b\n|-immune|p2a: Rotom|[from] ability: Levitate\n|-damage|p1a: Primarina|58/100\n|-damage|p1b: Sableye|45/100\n|move|p2a: Rotom|Volt Switch|p1a: Primarina\n|-supereffective|p1a: Primarina|1\n|-damage|p1a: Primarina|0 fnt\n|faint|p1a: Primarina\n|c|☆ravenskeeper|!dt rain\n|error|'rain' has no exact match. Too many approximate matches: Make It Rain, Rain Dance, Rain Dish\n|c|☆ravenskeeper|!dt rain dance\n|c|☆ravenskeeper|/raw <ul class=\"utilichart\"><li class=\"result\"><span class=\"col movenamecol\"><a href=\"https://dex.pokemonshowdown.com/moves/raindance\">Rain Dance</a></span> <span class=\"col typecol\"><img src=\"//play.pokemonshowdown.com/sprites/types/Water.png\" alt=\"Water\" width=\"32\" height=\"14\"><img src=\"//play.pokemonshowdown.com/sprites/categories/Status.png\" alt=\"Status\" width=\"32\" height=\"14\"></span> <span class=\"col widelabelcol\"><em>Accuracy</em><br>—</span> <span class=\"col pplabelcol\"><em>PP</em><br>8</span> </li><li style=\"clear:both\"></li></ul>\n|c|☆ravenskeeper|/raw For 5 turns, the weather becomes Rain. The damage of Water-type attacks is multiplied by 1.5 and the damage of Fire-type attacks is multiplied by 0.5 during the effect. Lasts for 8 turns if the user is holding Damp Rock. Fails if the current weather is Rain.\n|c|☆ravenskeeper|/raw <font size=\"1\"><span class=\"gray\">Priority:</span> 0&nbsp;|&ThickSpace;<span class=\"gray\">Generation:</span> 2&nbsp;|&ThickSpace;&#10003; Bypasses Protect&nbsp;|&ThickSpace;&#10003; Bypasses Magic Bounce&nbsp;|&ThickSpace;<span class=\"gray\">Z-Effect:</span>  Speed +1&nbsp;|&ThickSpace;<span class=\"gray\">Target:</span> Hits all Pokémon</font>\n\n|\n|t:|1788309697\n|switch|p2a: Tyranitar|Tyranitar, L50, M|100/100|[from] Volt Switch\n|-weather|Sandstorm|[from] ability: Sand Stream|[of] p2a: Tyranitar\n|\n|-weather|Sandstorm|[upkeep]\n|-damage|p1b: Sableye|40/100|[from] Sandstorm\n|upkeep\n|\n|t:|1788309712\n|switch|p1a: Gengar|Gengar, L50, F|100/100\n|turn|3\n|\n|t:|1788309739\n|switch|p1b: Incineroar|Incineroar, L50, M|100/100\n|-ability|p1b: Incineroar|Intimidate|boost\n|-unboost|p2a: Tyranitar|atk|1\n|-unboost|p2b: Excadrill|atk|1\n|detailschange|p1a: Gengar|Gengar-Mega, L50, F\n|-mega|p1a: Gengar|Gengar|Gengarite\n|move|p1a: Gengar|Protect|p1a: Gengar\n|-singleturn|p1a: Gengar|Protect\n|move|p2b: Excadrill|Rock Slide|p1a: Gengar|[spread] p1b\n|-activate|p1a: Gengar|move: Protect\n|-supereffective|p1b: Incineroar|1\n|-damage|p1b: Incineroar|79/100\n|move|p2a: Tyranitar|Rock Slide|p1a: Gengar|[spread] p1b\n|-activate|p1a: Gengar|move: Protect\n|-supereffective|p1b: Incineroar|1\n|-crit|p1b: Incineroar\n|-damage|p1b: Incineroar|12/100\n|-enditem|p1b: Incineroar|Sitrus Berry|[eat]\n|-heal|p1b: Incineroar|37/100|[from] item: Sitrus Berry\n|\n|-weather|Sandstorm|[upkeep]\n|-damage|p1a: Gengar|93/100|[from] Sandstorm\n|-damage|p1b: Incineroar|31/100|[from] Sandstorm\n|upkeep\n|turn|4\n|\n|t:|1788309772\n|move|p1b: Incineroar|Fake Out|p2a: Tyranitar\n|-resisted|p2a: Tyranitar|1\n|-damage|p2a: Tyranitar|95/100\n|move|p2b: Excadrill|Rock Slide|p1b: Incineroar|[spread] p1b\n|-miss|p2b: Excadrill|p1a: Gengar\n|-supereffective|p1b: Incineroar|1\n|-damage|p1b: Incineroar|8/100\n|cant|p2a: Tyranitar|flinch\n|move|p1a: Gengar|Perish Song|p1a: Gengar\n|-start|p1a: Gengar|perish3|[silent]\n|-start|p1b: Incineroar|perish3|[silent]\n|-start|p2a: Tyranitar|perish3|[silent]\n|-start|p2b: Excadrill|perish3|[silent]\n|-fieldactivate|move: Perish Song\n|\n|-weather|Sandstorm|[upkeep]\n|-damage|p1a: Gengar|87/100|[from] Sandstorm\n|-damage|p1b: Incineroar|2/100|[from] Sandstorm\n|-start|p2b: Excadrill|perish3\n|-start|p2a: Tyranitar|perish3\n|-start|p1a: Gengar|perish3\n|-start|p1b: Incineroar|perish3\n|upkeep\n|turn|5\n|\n|t:|1788309795\n|move|p1a: Gengar|Protect|p1a: Gengar\n|-singleturn|p1a: Gengar|Protect\n|move|p1b: Incineroar|Protect|p1b: Incineroar\n|-singleturn|p1b: Incineroar|Protect\n|move|p2b: Excadrill|Rock Slide|p1b: Incineroar|[spread] \n|-activate|p1a: Gengar|move: Protect\n|-activate|p1b: Incineroar|move: Protect\n|move|p2a: Tyranitar|Rock Slide|p1b: Incineroar|[spread] \n|-activate|p1a: Gengar|move: Protect\n|-activate|p1b: Incineroar|move: Protect\n|\n|-weather|Sandstorm|[upkeep]\n|-damage|p1a: Gengar|81/100|[from] Sandstorm\n|-damage|p1b: Incineroar|0 fnt|[from] Sandstorm\n|faint|p1b: Incineroar\n|-start|p2b: Excadrill|perish2\n|-start|p2a: Tyranitar|perish2\n|-start|p1a: Gengar|perish2\n|upkeep\n|\n|t:|1788309813\n|switch|p1b: Sableye|Sableye, L50, F|40/100\n|turn|6\n|\n|t:|1788309834\n|move|p1b: Sableye|Protect|p1b: Sableye\n|-singleturn|p1b: Sableye|Protect\n|move|p1a: Gengar|Protect|p1a: Gengar\n|-singleturn|p1a: Gengar|Protect\n|move|p2b: Excadrill|Rock Slide|p1b: Sableye|[spread] \n|-activate|p1a: Gengar|move: Protect\n|-activate|p1b: Sableye|move: Protect\n|move|p2a: Tyranitar|Rock Slide|p1a: Gengar|[spread] \n|-activate|p1a: Gengar|move: Protect\n|-activate|p1b: Sableye|move: Protect\n|\n|-weather|none\n|-start|p2b: Excadrill|perish1\n|-start|p2a: Tyranitar|perish1\n|-start|p1a: Gengar|perish1\n|upkeep\n|turn|7\n|\n|t:|1788309850\n|move|p1b: Sableye|Rain Dance|p1b: Sableye\n|-weather|RainDance\n|move|p2a: Tyranitar|Rock Slide|p1b: Sableye|[spread] p1a,p1b\n|-damage|p1a: Gengar|56/100\n|-damage|p1b: Sableye|17/100\n|move|p1a: Gengar|Disable|p2b: Excadrill\n|-start|p2b: Excadrill|Disable|Rock Slide\n|cant|p2b: Excadrill|Disable|Rock Slide\n|\n|-weather|RainDance|[upkeep]\n|-start|p2a: Tyranitar|perish0\n|-start|p1a: Gengar|perish0\n|-start|p2b: Excadrill|perish0\n|upkeep\n|faint|p2a: Tyranitar\n|faint|p1a: Gengar\n|faint|p2b: Excadrill\n|\n|t:|1788309865\n|switch|p2b: Rotom|Rotom-Mow, L50|100/100\n|switch|p2a: Houndstone|Houndstone, L50, F|100/100\n|turn|8\n|\n|t:|1788309874\n|move|p1b: Sableye|Rain Dance||[still]\n|-fail|p1b: Sableye\n|move|p2b: Rotom|Thunderbolt|p1b: Sableye\n|-damage|p1b: Sableye|0 fnt\n|faint|p1b: Sableye\n|\n|win|ravenskeeper\n","uploadtime":1788310212,"views":"0","formatid":"gen9championsvgc2026regmb","rating":null,"private":0,"password":null}