{"id":"gen9championsvgc2026regmb-2673892664","format":"[Gen 9 Champions] VGC 2026 Reg M-B","players":["IronSerpentFan","Snowball_seer"],"log":"|j|☆IronSerpentFan\n|j|☆Snowball_seer\n|html|<table width=\"100%\"><tr><td align=\"left\">IronSerpentFan</td><td align=\"right\">Snowball_seer</tr><tr><td align=\"left\"><i class=\"fa fa-circle\"></i> <i class=\"fa fa-circle-o\"></i> </td><td align=\"right\"><i class=\"fa fa-circle-o\"></i> <i class=\"fa fa-circle\"></i> </tr></table>\n|uhtml|bestof|<h2><strong>Game 3</strong> of <a href=\"/game-bestof3-gen9championsvgc2026regmb-2673885296\">a best-of-3</a></h2>\n|t:|1788273885\n|gametype|doubles\n|player|p1|IronSerpentFan|schoolkid-gen4|\n|player|p2|Snowball_seer|allister-masters|\n|gen|9\n|tier|[Gen 9 Champions] VGC 2026 Reg M-B\n|rated|Tournament battle\n|rule|Species Clause: Limit one of each Pokémon\n|rule|Item Clause: Limit 1 of each item\n|raw|<div class=\"infobox\"><details class=\"readmore\" open><summary><strong>2 custom rules:</strong></summary> Force Open Team Sheets, Best of = 3</details></div>\n|clearpoke\n|poke|p1|Politoed, L50, M|\n|poke|p1|Gengar, L50, M|\n|poke|p1|Incineroar, L50, F|\n|poke|p1|Sinistcha, L50|\n|poke|p1|Whimsicott, L50, M|\n|poke|p1|Staraptor, L50, M|\n|poke|p2|Mawile, L50, F, shiny|\n|poke|p2|Farigiraf, L50, F|\n|poke|p2|Incineroar, L50, M|\n|poke|p2|Basculegion, L50, M|\n|poke|p2|Ninetales-Alola, L50, M|\n|poke|p2|Raichu, L50, M|\n|teampreview|4\n|showteam|p1|Politoed||SitrusBerry|Drizzle|Protect,Encore,WeatherBall,PerishSong|Modest||M|||50|]Gengar||Gengarite|CursedBody|Protect,Disable,ShadowBall,SludgeBomb|Timid||M|||50|]Incineroar||PasshoBerry|Intimidate|Protect,FakeOut,ThroatChop,PartingShot|Sassy||F|||50|]Sinistcha||ColburBerry|Hospitality|Protect,RagePowder,MatchaGotcha,TrickRoom|Sassy|||||50|]Whimsicott||FocusSash|Prankster|Protect,Tailwind,Moonblast,Charm|Timid||M|||50|]Staraptor||Staraptite|Intimidate|Protect,Roost,CloseCombat,BraveBird|Jolly||M|||50|\n|showteam|p2|Mawile||Mawilite|HyperCutter|Protect,IronHead,PlayRough,SuckerPunch|Brave||F|||50|]Farigiraf||SitrusBerry|ArmorTail|Protect,TwinBeam,HelpingHand,TrickRoom|Relaxed||F|||50|]Incineroar||Charcoal|Intimidate|FakeOut,FlareBlitz,DarkestLariat,PartingShot|Adamant||M|||50|]Basculegion||ChoiceScarf|Adaptability|WaveCrash,LastRespects,AquaJet,FlipTurn|Jolly||M|||50|]Ninetales-Alola||NeverMeltIce|SnowWarning|Blizzard,FreezeDry,Encore,Protect|Timid||M|||50|]Raichu||RaichuniteY|LightningRod|Protect,ZapCannon,FocusBlast,FakeOut|Timid||M|||50|\n|inactive|Battle timer is ON: inactive players will automatically lose when time's up. (requested by IronSerpentFan)\n|\n|t:|1788273898\n|teamsize|p1|4\n|teamsize|p2|4\n|start\n|switch|p1a: Sinistcha|Sinistcha, L50|100/100\n|switch|p1b: Staraptor|Staraptor, L50, M|100/100\n|switch|p2a: Raichu|Raichu, L50, M|100/100\n|switch|p2b: Incineroar|Incineroar, L50, M|100/100\n|-ability|p1b: Staraptor|Intimidate|boost\n|-unboost|p2a: Raichu|atk|1\n|-unboost|p2b: Incineroar|atk|1\n|-ability|p2b: Incineroar|Intimidate|boost\n|-unboost|p1a: Sinistcha|atk|1\n|-unboost|p1b: Staraptor|atk|1\n|turn|1\n|j| ido1234567890\n|\n|t:|1788273910\n|detailschange|p2a: Raichu|Raichu-Mega-Y, L50, M\n|-mega|p2a: Raichu|Raichu|Raichunite Y\n|detailschange|p1b: Staraptor|Staraptor-Mega, L50, M\n|-mega|p1b: Staraptor|Staraptor|Staraptite\n|move|p1b: Staraptor|Protect|p1b: Staraptor\n|-singleturn|p1b: Staraptor|Protect\n|move|p1a: Sinistcha|Protect|p1a: Sinistcha\n|-singleturn|p1a: Sinistcha|Protect\n|move|p2a: Raichu|Fake Out|p1b: Staraptor\n|-activate|p1b: Staraptor|move: Protect\n|move|p2b: Incineroar|Flare Blitz|p1a: Sinistcha\n|-activate|p1a: Sinistcha|move: Protect\n|\n|upkeep\n|turn|2\n|\n|t:|1788273933\n|move|p1a: Sinistcha|Rage Powder|p1a: Sinistcha\n|-singleturn|p1a: Sinistcha|move: Rage Powder\n|move|p2a: Raichu|Zap Cannon|p1a: Sinistcha\n|-resisted|p1a: Sinistcha|1\n|-damage|p1a: Sinistcha|72/100\n|-status|p1a: Sinistcha|par\n|move|p1b: Staraptor|Close Combat|p2b: Incineroar\n|-supereffective|p2b: Incineroar|1\n|-damage|p2b: Incineroar|23/100\n|-boost|p1b: Staraptor|def|1\n|-boost|p1b: Staraptor|spd|1\n|move|p2b: Incineroar|Flare Blitz|p1a: Sinistcha\n|-supereffective|p1a: Sinistcha|1\n|-damage|p1a: Sinistcha|0 fnt\n|faint|p1a: Sinistcha\n|-damage|p2b: Incineroar|2/100|[from] Recoil\n|\n|upkeep\n|\n|t:|1788273949\n|switch|p1a: Whimsicott|Whimsicott, L50, M|100/100\n|turn|3\n|inactive|Snowball_seer has 30 seconds left.\n|\n|t:|1788273982\n|switch|p2b: Ninetales|Ninetales-Alola, L50, M|100/100\n|-weather|Snowscape|[from] ability: Snow Warning|[of] p2b: Ninetales\n|move|p1b: Staraptor|Protect|p1b: Staraptor\n|-singleturn|p1b: Staraptor|Protect\n|move|p1a: Whimsicott|Tailwind|p1a: Whimsicott\n|-sidestart|p1: IronSerpentFan|move: Tailwind\n|move|p2a: Raichu|Zap Cannon|p1b: Staraptor\n|-activate|p1b: Staraptor|move: Protect\n|\n|-weather|Snowscape|[upkeep]\n|upkeep\n|turn|4\n|j| magicalarcher57\n|l| magicalarcher57\n|inactive|IronSerpentFan has 30 seconds left.\n|\n|t:|1788274017\n|switch|p2a: Basculegion|Basculegion, L50, M|100/100\n|move|p1a: Whimsicott|Charm|p1b: Staraptor\n|-boost|p1b: Staraptor|atk|2\n|move|p1b: Staraptor|Close Combat|p2b: Ninetales\n|-damage|p2b: Ninetales|19/100\n|-boost|p1b: Staraptor|def|1\n|-boost|p1b: Staraptor|spd|1\n|move|p2b: Ninetales|Blizzard|p1b: Staraptor|[spread] p1a,p1b\n|-supereffective|p1a: Whimsicott|1\n|-supereffective|p1b: Staraptor|1\n|-enditem|p1a: Whimsicott|Focus Sash\n|-damage|p1a: Whimsicott|1/100\n|-damage|p1b: Staraptor|65/100\n|\n|-weather|Snowscape|[upkeep]\n|upkeep\n|turn|5\n|j|+Ramen Broth\n|\n|t:|1788274038\n|move|p1a: Whimsicott|Charm|p2a: Basculegion\n|-unboost|p2a: Basculegion|atk|2\n|move|p1b: Staraptor|Close Combat|p2b: Ninetales\n|-damage|p2b: Ninetales|0 fnt\n|-boost|p1b: Staraptor|def|1\n|-boost|p1b: Staraptor|spd|1\n|faint|p2b: Ninetales\n|move|p2a: Basculegion|Wave Crash|p1a: Whimsicott\n|-resisted|p1a: Whimsicott|1\n|-damage|p1a: Whimsicott|0 fnt\n|faint|p1a: Whimsicott\n|-damage|p2a: Basculegion|99/100|[from] Recoil\n|\n|-weather|Snowscape|[upkeep]\n|upkeep\n|\n|t:|1788274048\n|switch|p1a: Politoed|Politoed, L50, M|100/100\n|switch|p2b: Incineroar|Incineroar, L50, M|2/100\n|-weather|RainDance|[from] ability: Drizzle|[of] p1a: Politoed\n|-ability|p2b: Incineroar|Intimidate|boost\n|-unboost|p1a: Politoed|atk|1\n|-boost|p1b: Staraptor|atk|1\n|turn|6\n|j| endershovel\n|j| magikarpwithlegs\n|inactive|Snowball_seer has 30 seconds left.\n|inactive|IronSerpentFan has 30 seconds left.\n|\n|t:|1788274083\n|switch|p2a: Raichu|Raichu-Mega-Y, L50, M|100/100\n|move|p1b: Staraptor|Protect|p1b: Staraptor\n|-singleturn|p1b: Staraptor|Protect\n|move|p2b: Incineroar|Fake Out|p1b: Staraptor\n|-activate|p1b: Staraptor|move: Protect\n|move|p1a: Politoed|Weather Ball|p2b: Incineroar\n|-supereffective|p2b: Incineroar|1\n|-damage|p2b: Incineroar|0 fnt\n|faint|p2b: Incineroar\n|\n|-weather|RainDance|[upkeep]\n|-sideend|p1: IronSerpentFan|move: Tailwind\n|upkeep\n|\n|t:|1788274088\n|switch|p2b: Basculegion|Basculegion, L50, M|99/100\n|turn|7\n|inactive|IronSerpentFan has 30 seconds left.\n|inactive|Snowball_seer has 30 seconds left.\n|inactive|IronSerpentFan has 20 seconds left.\n|inactive|IronSerpentFan has 15 seconds left.\n|inactive|Snowball_seer has 20 seconds left.\n|inactive|IronSerpentFan has 10 seconds left.\n|inactive|Snowball_seer has 15 seconds left.\n|inactive|Snowball_seer has 10 seconds left.\n|\n|t:|1788274140\n|move|p2b: Basculegion|Last Respects|p1b: Staraptor\n|-damage|p1b: Staraptor|31/100\n|move|p2a: Raichu|Zap Cannon|p1a: Politoed\n|-supereffective|p1a: Politoed|1\n|-damage|p1a: Politoed|1/100\n|-status|p1a: Politoed|par\n|-enditem|p1a: Politoed|Sitrus Berry|[eat]\n|-heal|p1a: Politoed|26/100 par|[from] item: Sitrus Berry\n|move|p1b: Staraptor|Close Combat|p2a: Raichu\n|-damage|p2a: Raichu|0 fnt\n|-boost|p1b: Staraptor|def|1\n|-boost|p1b: Staraptor|spd|1\n|faint|p2a: Raichu\n|cant|p1a: Politoed|par\n|\n|-weather|RainDance|[upkeep]\n|upkeep\n|turn|8\n|inactive|IronSerpentFan has 30 seconds left.\n|inactive|Snowball_seer has 30 seconds left.\n|\n|t:|1788274171\n|move|p1b: Staraptor|Protect|p1b: Staraptor\n|-singleturn|p1b: Staraptor|Protect\n|move|p2b: Basculegion|Last Respects|p1b: Staraptor\n|-activate|p1b: Staraptor|move: Protect\n|move|p1a: Politoed|Perish Song|p1a: Politoed\n|-start|p1a: Politoed|perish3|[silent]\n|-start|p1b: Staraptor|perish3|[silent]\n|-start|p2b: Basculegion|perish3|[silent]\n|-fieldactivate|move: Perish Song\n|\n|-weather|RainDance|[upkeep]\n|-start|p2b: Basculegion|perish3\n|-start|p1b: Staraptor|perish3\n|-start|p1a: Politoed|perish3\n|upkeep\n|turn|9\n|-message|Snowball_seer forfeited.\n|\n|win|IronSerpentFan\n|l|☆Snowball_seer\n|player|p2|\n|l| Ramen Broth\n|l| magikarpwithlegs\n","uploadtime":1788274179,"views":"1","formatid":"gen9championsvgc2026regmb","rating":null,"private":0,"password":null}