{"id":"gen9championsvgc2026regmb-2674997669","format":"[Gen 9 Champions] VGC 2026 Reg M-B","players":["invertedF","erielhonan"],"log":"|j|☆invertedF\n|j|☆erielhonan\n|t:|1788446867\n|gametype|doubles\n|player|p1|invertedF|caitlin|1582\n|player|p2|erielhonan|102|1608\n|gen|9\n|tier|[Gen 9 Champions] VGC 2026 Reg M-B\n|rated|\n|rule|Species Clause: Limit one of each Pokémon\n|rule|Item Clause: Limit 1 of each item\n|clearpoke\n|poke|p1|Tyranitar, L50, F|\n|poke|p1|Steelix, L50, M|\n|poke|p1|Mamoswine, L50, M|\n|poke|p1|Rotom-Wash, L50|\n|poke|p1|Gholdengo, L50|\n|poke|p1|Sinistcha, L50|\n|poke|p2|Tyranitar, L50, M|\n|poke|p2|Metagross, L50|\n|poke|p2|Farigiraf, L50, F|\n|poke|p2|Sneasler, L50, M|\n|poke|p2|Incineroar, L50, M|\n|poke|p2|Sinistcha, L50|\n|teampreview|4\n|inactive|Battle timer is ON: inactive players will automatically lose when time's up. (requested by invertedF)\n|\n|t:|1788446892\n|teamsize|p1|4\n|teamsize|p2|4\n|start\n|switch|p1a: Sinistcha|Sinistcha, L50|100/100\n|switch|p1b: Mamoswine|Mamoswine, L50, M|100/100\n|switch|p2a: Metagross|Metagross, L50|100/100\n|switch|p2b: Sneasler|Sneasler, L50, M|100/100\n|turn|1\n|\n|t:|1788446910\n|detailschange|p2a: Metagross|Metagross-Mega, L50\n|-mega|p2a: Metagross|Metagross|Metagrossite\n|move|p1b: Mamoswine|Protect|p1b: Mamoswine\n|-singleturn|p1b: Mamoswine|Protect\n|move|p2b: Sneasler|Coaching|p2a: Metagross\n|-boost|p2a: Metagross|atk|1\n|-boost|p2a: Metagross|def|1\n|move|p2a: Metagross|Cosmic Power|p2a: Metagross\n|-boost|p2a: Metagross|def|1\n|-boost|p2a: Metagross|spd|1\n|move|p1a: Sinistcha|Trick Room|p1a: Sinistcha\n|-fieldstart|move: Trick Room|[of] p1a: Sinistcha\n|\n|upkeep\n|turn|2\n|j| ddejdjbdtop10\n|\n|t:|1788446931\n|move|p1a: Sinistcha|Matcha Gotcha|p2b: Sneasler|[spread] p2a,p2b\n|-resisted|p2a: Metagross|1\n|-resisted|p2b: Sneasler|1\n|-damage|p2a: Metagross|93/100\n|-damage|p2b: Sneasler|84/100\n|move|p1b: Mamoswine|High Horsepower|p2b: Sneasler\n|-supereffective|p2b: Sneasler|1\n|-damage|p2b: Sneasler|0 fnt\n|faint|p2b: Sneasler\n|-damage|p1b: Mamoswine|90/100|[from] item: Life Orb\n|move|p2a: Metagross|Psychic Fangs|p1a: Sinistcha\n|-damage|p1a: Sinistcha|34/100\n|-enditem|p1a: Sinistcha|Sitrus Berry|[eat]\n|-heal|p1a: Sinistcha|58/100|[from] item: Sitrus Berry\n|\n|upkeep\n|\n|t:|1788446948\n|switch|p2b: Sinistcha|Sinistcha, L50|100/100\n|-heal|p2a: Metagross|100/100|[from] ability: Hospitality|[of] p2b: Sinistcha\n|turn|3\n|\n|t:|1788446959\n|move|p2b: Sinistcha|Protect|p2b: Sinistcha\n|-singleturn|p2b: Sinistcha|Protect\n|move|p1a: Sinistcha|Rage Powder|p1a: Sinistcha\n|-singleturn|p1a: Sinistcha|move: Rage Powder\n|move|p1b: Mamoswine|Icicle Crash|p2b: Sinistcha\n|-activate|p2b: Sinistcha|move: Protect\n|move|p2a: Metagross|Body Press|p1a: Sinistcha\n|-immune|p1a: Sinistcha\n|\n|upkeep\n|turn|4\n|\n|t:|1788446980\n|move|p1a: Sinistcha|Rage Powder|p1a: Sinistcha\n|-singleturn|p1a: Sinistcha|move: Rage Powder\n|move|p2b: Sinistcha|Life Dew||[still]|[still]|[spread] \n|-fail|p2a: Metagross|heal\n|-fail|p2b: Sinistcha|heal\n|move|p1b: Mamoswine|Icicle Crash|p2b: Sinistcha\n|-supereffective|p2b: Sinistcha|1\n|-damage|p2b: Sinistcha|0 fnt\n|faint|p2b: Sinistcha\n|-damage|p1b: Mamoswine|80/100|[from] item: Life Orb\n|move|p2a: Metagross|Psychic Fangs|p1a: Sinistcha\n|-damage|p1a: Sinistcha|0 fnt\n|faint|p1a: Sinistcha\n|\n|upkeep\n|\n|t:|1788446997\n|switch|p1a: Tyranitar|Tyranitar, L50, F|100/100\n|switch|p2b: Tyranitar|Tyranitar, L50, M|100/100\n|-weather|Sandstorm|[from] ability: Sand Stream|[of] p1a: Tyranitar\n|turn|5\n|c|☆erielhonan|Lol i'm faster\n|c|☆erielhonan|Wp didn't expect\n|\n|t:|1788447019\n|move|p1a: Tyranitar|Knock Off|p2a: Metagross\n|-supereffective|p2a: Metagross|1\n|-damage|p2a: Metagross|73/100\n|move|p1b: Mamoswine|High Horsepower|p2b: Tyranitar\n|-supereffective|p2b: Tyranitar|1\n|-damage|p2b: Tyranitar|0 fnt\n|faint|p2b: Tyranitar\n|-damage|p1b: Mamoswine|71/100|[from] item: Life Orb\n|move|p2a: Metagross|Body Press|p1a: Tyranitar\n|-supereffective|p1a: Tyranitar|2\n|-damage|p1a: Tyranitar|0 fnt\n|faint|p1a: Tyranitar\n|\n|-weather|Sandstorm|[upkeep]\n|-fieldend|move: Trick Room\n|upkeep\n|c|☆invertedF|whats faster?\n|\n|t:|1788447027\n|switch|p1a: Steelix|Steelix, L50, M|100/100\n|turn|6\n|c|☆erielhonan|Sinistcha\n|\n|t:|1788447048\n|detailschange|p1a: Steelix|Steelix-Mega, L50, M\n|-mega|p1a: Steelix|Steelix|Steelixite\n|move|p2a: Metagross|Body Press|p1b: Mamoswine\n|-supereffective|p1b: Mamoswine|1\n|-damage|p1b: Mamoswine|0 fnt\n|faint|p1b: Mamoswine\n|move|p1a: Steelix|High Horsepower|p2a: Metagross\n|-supereffective|p2a: Metagross|1\n|-damage|p2a: Metagross|31/100\n|\n|-weather|Sandstorm|[upkeep]\n|upkeep\n|turn|7\n|c|☆invertedF|oohhhh not - speed I assume\n|\n|t:|1788447069\n|move|p2a: Metagross|Body Press|p1a: Steelix\n|-supereffective|p1a: Steelix|1\n|-damage|p1a: Steelix|32/100\n|move|p1a: Steelix|High Horsepower|p2a: Metagross\n|-supereffective|p2a: Metagross|1\n|-damage|p2a: Metagross|0 fnt\n|faint|p2a: Metagross\n|\n|win|invertedF\n|raw|invertedF's rating: 1582 &rarr; <strong>1603</strong><br />(+21 for winning)\n|raw|erielhonan's rating: 1608 &rarr; <strong>1587</strong><br />(-21 for losing)\n","uploadtime":1788447075,"views":"0","formatid":"gen9championsvgc2026regmb","rating":1587,"private":0,"password":null}