{"id":"gen9championsvgc2026regmb-2673929259","format":"[Gen 9 Champions] VGC 2026 Reg M-B","players":["massdefect","conngfan"],"log":"|j|‽massdefect\n|j|☆conngfan\n|t:|1788278324\n|gametype|doubles\n|player|p1|massdefect|101|1521\n|player|p2|conngfan|arven-s|1570\n|gen|9\n|tier|[Gen 9 Champions] VGC 2026 Reg M-B\n|rated|\n|rule|Species Clause: Limit one of each Pokémon\n|rule|Item Clause: Limit 1 of each item\n|clearpoke\n|poke|p1|Raichu, L50, F|\n|poke|p1|Milotic, L50, M|\n|poke|p1|Staraptor, L50, M|\n|poke|p1|Sylveon, L50, F|\n|poke|p1|Kingambit, L50, M|\n|poke|p1|Wyrdeer, L50, F|\n|poke|p2|Aerodactyl, L50, M|\n|poke|p2|Raichu, L50, F|\n|poke|p2|Sneasler, L50, M|\n|poke|p2|Sylveon, L50, M|\n|poke|p2|Kingambit, L50, M|\n|poke|p2|Tsareena, L50, F|\n|teampreview|4\n|inactive|Battle timer is ON: inactive players will automatically lose when time's up. (requested by conngfan)\n|\n|t:|1788278354\n|teamsize|p1|4\n|teamsize|p2|4\n|start\n|switch|p1a: Raichu|Raichu, L50, F|100/100\n|switch|p1b: Staraptor|Staraptor, L50, M|100/100\n|switch|p2a: Raichu|Raichu, L50, F|100/100\n|switch|p2b: Kingambit|Kingambit, L50, M|100/100\n|-ability|p1b: Staraptor|Intimidate|boost\n|-unboost|p2a: Raichu|atk|1\n|-unboost|p2b: Kingambit|atk|1\n|-ability|p2b: Kingambit|Defiant|boost\n|-boost|p2b: Kingambit|atk|2\n|turn|1\n|\n|t:|1788278370\n|detailschange|p2a: Raichu|Raichu-Mega-Y, L50, F\n|-mega|p2a: Raichu|Raichu|Raichunite Y\n|detailschange|p1b: Staraptor|Staraptor-Mega, L50, M\n|-mega|p1b: Staraptor|Staraptor|Staraptite\n|move|p2a: Raichu|Fake Out|p1b: Staraptor\n|-damage|p1b: Staraptor|93/100\n|move|p1a: Raichu|Fake Out|p2b: Kingambit\n|-resisted|p2b: Kingambit|1\n|-damage|p2b: Kingambit|96/100\n|cant|p1b: Staraptor|flinch\n|cant|p2b: Kingambit|flinch\n|\n|upkeep\n|turn|2\n|\n|t:|1788278385\n|move|p2a: Raichu|Protect|p2a: Raichu\n|-singleturn|p2a: Raichu|Protect\n|move|p1a: Raichu|Protect|p1a: Raichu\n|-singleturn|p1a: Raichu|Protect\n|move|p2b: Kingambit|Sucker Punch||[still]\n|-fail|p2b: Kingambit\n|move|p1b: Staraptor|Close Combat|p2a: Raichu\n|-activate|p2a: Raichu|move: Protect\n|\n|upkeep\n|turn|3\n|\n|t:|1788278398\n|switch|p2a: Sylveon|Sylveon, L50, M|100/100\n|move|p2b: Kingambit|Sucker Punch|p1b: Staraptor\n|-resisted|p1b: Staraptor|1\n|-damage|p1b: Staraptor|51/100\n|-damage|p2b: Kingambit|86/100|[from] item: Life Orb\n|move|p1a: Raichu|Charm|p1b: Staraptor\n|-boost|p1b: Staraptor|atk|2\n|move|p1b: Staraptor|Close Combat|p2b: Kingambit\n|-supereffective|p2b: Kingambit|2\n|-damage|p2b: Kingambit|0 fnt\n|-boost|p1b: Staraptor|def|1\n|-boost|p1b: Staraptor|spd|1\n|faint|p2b: Kingambit\n|\n|upkeep\n|\n|t:|1788278409\n|switch|p2b: Sneasler|Sneasler, L50, M|100/100\n|turn|4\n|\n|t:|1788278415\n|move|p1a: Raichu|Protect|p1a: Raichu\n|-singleturn|p1a: Raichu|Protect\n|move|p1b: Staraptor|Protect|p1b: Staraptor\n|-singleturn|p1b: Staraptor|Protect\n|move|p2b: Sneasler|Close Combat|p2a: Sylveon\n|-resisted|p2a: Sylveon|1\n|-damage|p2a: Sylveon|64/100\n|-unboost|p2b: Sneasler|def|1\n|-unboost|p2b: Sneasler|spd|1\n|-enditem|p2b: Sneasler|White Herb\n|-clearnegativeboost|p2b: Sneasler|[silent]\n|move|p2a: Sylveon|Hyper Voice|p1a: Raichu|[spread] \n|-activate|p1a: Raichu|move: Protect\n|-activate|p1b: Staraptor|move: Protect\n|\n|upkeep\n|turn|5\n|inactive|massdefect has 30 seconds left.\n|inactive|massdefect has 20 seconds left.\n|inactive|massdefect has 15 seconds left.\n|\n|t:|1788278456\n|move|p2a: Sylveon|Protect|p2a: Sylveon\n|-singleturn|p2a: Sylveon|Protect\n|move|p2b: Sneasler|Close Combat|p1a: Raichu\n|-enditem|p1a: Raichu|Focus Sash\n|-damage|p1a: Raichu|1/100\n|-unboost|p2b: Sneasler|def|1\n|-unboost|p2b: Sneasler|spd|1\n|move|p1a: Raichu|Thunderbolt|p2b: Sneasler\n|-damage|p2b: Sneasler|40/100\n|move|p1b: Staraptor|Tailwind|p1b: Staraptor\n|-sidestart|p1: massdefect|move: Tailwind\n|\n|upkeep\n|turn|6\n|\n|t:|1788278471\n|move|p2b: Sneasler|Feint|p1a: Raichu\n|-damage|p1a: Raichu|0 fnt\n|faint|p1a: Raichu\n|move|p1b: Staraptor|Brave Bird|p2a: Sylveon\n|-damage|p2a: Sylveon|0 fnt\n|faint|p2a: Sylveon\n|-damage|p1b: Staraptor|27/100|[from] Recoil\n|\n|upkeep\n|\n|t:|1788278483\n|switch|p1a: Milotic|Milotic, L50, M|100/100\n|switch|p2a: Raichu|Raichu-Mega-Y, L50, F|100/100\n|turn|7\n|inactive|conngfan has 30 seconds left.\n|\n|t:|1788278510\n|move|p2b: Sneasler|Feint|p1b: Staraptor\n|-damage|p1b: Staraptor|20/100r\n|move|p1b: Staraptor|Close Combat|p2a: Raichu\n|-damage|p2a: Raichu|0 fnt\n|-boost|p1b: Staraptor|def|1\n|-boost|p1b: Staraptor|spd|1\n|faint|p2a: Raichu\n|move|p1a: Milotic|Muddy Water|p2b: Sneasler\n|-damage|p2b: Sneasler|0 fnt\n|faint|p2b: Sneasler\n|\n|win|massdefect\n|raw|massdefect's rating: 1521 &rarr; <strong>1544</strong><br />(+23 for winning)\n|raw|conngfan's rating: 1570 &rarr; <strong>1547</strong><br />(-23 for losing)\n","uploadtime":1788278511,"views":"0","formatid":"gen9championsvgc2026regmb","rating":1544,"private":0,"password":null}