{"id":"gen9championsvgc2026regmbbo3-2674888470","format":"[Gen 9 Champions] VGC 2026 Reg M-B (Bo3)","players":["tgate","wqa423weraew"],"log":"|j|☆tgate\n|j|☆wqa423weraew\n|html|<table width=\"100%\"><tr><td align=\"left\">tgate</td><td align=\"right\">wqa423weraew</tr><tr><td align=\"left\"><i class=\"fa fa-circle\"></i> <i class=\"fa fa-circle-o\"></i> </td><td align=\"right\"><i class=\"fa fa-circle-o\"></i> <i class=\"fa fa-circle-o\"></i> </tr></table>\n|uhtml|bestof|<h2><strong>Game 2</strong> of <a href=\"/game-bestof3-gen9championsvgc2026regmbbo3-2674887004\">a best-of-3</a></h2>\n|t:|1788429714\n|gametype|doubles\n|player|p1|tgate|picnicker|1000\n|player|p2|wqa423weraew|266|1008\n|gen|9\n|tier|[Gen 9 Champions] VGC 2026 Reg M-B (Bo3)\n|rated|\n|rule|Species Clause: Limit one of each Pokémon\n|rule|Item Clause: Limit 1 of each item\n|clearpoke\n|poke|p1|Oranguru, L50, M|\n|poke|p1|Drampa, L50, M|\n|poke|p1|Aggron, L50, F|\n|poke|p1|Incineroar, L50, M|\n|poke|p1|Scizor, L50, F|\n|poke|p1|Sinistcha, L50|\n|poke|p2|Toucannon, L50, F|\n|poke|p2|Sneasler, L50, F|\n|poke|p2|Pelipper, L50, M|\n|poke|p2|Dragonite, L50, M|\n|poke|p2|Sableye, L50, F|\n|poke|p2|Scovillain, L50, M|\n|teampreview|4\n|showteam|p1|Oranguru||MentalHerb|InnerFocus|Psychic,TrickRoom,Instruct,Protect|Quiet||M|||50|]Drampa||Drampanite|CloudNine|HyperVoice,DragonPulse,Substitute,Protect|Quiet||M|||50|]Aggron||Aggronite|RockHead|HeavySlam,HeadSmash,IronDefense,Protect|Brave||F|||50|]Incineroar||Charcoal|Intimidate|FakeOut,FlareBlitz,DarkestLariat,PartingShot|Adamant||M|||50|]Scizor||Leftovers|Technician|BulletPunch,BugBite,SwordsDance,Protect|Brave||F|||50|]Sinistcha||FocusSash|Hospitality|MatchaGotcha,ShadowBall,RagePowder,Protect|Relaxed|||||50|\n|showteam|p2|Toucannon||SharpBeak|SheerForce|BeakBlast,Facade,SwordsDance,Tailwind|Jolly||F|||50|]Sneasler||WhiteHerb|Unburden|Coaching,FakeOut,DireClaw,CloseCombat|Impish||F|||50|]Pelipper||ChartiBerry|Drizzle|WeatherBall,WideGuard,Tailwind,Uturn|Serious||M|||50|]Dragonite||Dragoninite|Multiscale|Hurricane,Thunder,DracoMeteor,Protect|Serious||M|||50|]Sableye||Sablenite|Prankster|WonderRoom,Quash,IcyWind,MeanLook|Serious||F|||50|]Scovillain||Scovillainite|Moody|GigaDrain,Flamethrower,LeechSeed,Protect|Calm||M|||50|\n|\n|t:|1788429743\n|teamsize|p1|4\n|teamsize|p2|4\n|start\n|switch|p1a: Incineroar|Incineroar, L50, M|100/100\n|switch|p1b: Scizor|Scizor, L50, F|100/100\n|switch|p2a: Toucannon|Toucannon, L50, F|100/100\n|switch|p2b: Sneasler|Sneasler, L50, F|100/100\n|-ability|p1a: Incineroar|Intimidate|boost\n|-unboost|p2a: Toucannon|atk|1\n|-unboost|p2b: Sneasler|atk|1\n|-enditem|p2b: Sneasler|White Herb\n|-clearnegativeboost|p2b: Sneasler|[silent]\n|turn|1\n|inactive|Battle timer is ON: inactive players will automatically lose when time's up. (requested by tgate)\n|\n|t:|1788429764\n|move|p2b: Sneasler|Fake Out|p1b: Scizor\n|-resisted|p1b: Scizor|1\n|-crit|p1b: Scizor\n|-damage|p1b: Scizor|89/100\n|move|p1a: Incineroar|Fake Out|p2b: Sneasler\n|-damage|p2b: Sneasler|84/100\n|move|p2a: Toucannon|Tailwind|p2a: Toucannon\n|-sidestart|p2: wqa423weraew|move: Tailwind\n|cant|p1b: Scizor|flinch\n|\n|-heal|p1b: Scizor|96/100|[from] item: Leftovers\n|upkeep\n|turn|2\n|\n|t:|1788429781\n|-singleturn|p2a: Toucannon|move: Beak Blast\n|move|p1b: Scizor|Bullet Punch|p2b: Sneasler\n|-damage|p2b: Sneasler|45/100\n|move|p2b: Sneasler|Coaching|p2a: Toucannon\n|-boost|p2a: Toucannon|atk|1\n|-boost|p2a: Toucannon|def|1\n|move|p1a: Incineroar|Parting Shot|p2a: Toucannon\n|-unboost|p2a: Toucannon|atk|1\n|-unboost|p2a: Toucannon|spa|1\n|\n|t:|1788429788\n|switch|p1a: Oranguru|Oranguru, L50, M|100/100|[from] Parting Shot\n|move|p2a: Toucannon|Beak Blast|p1b: Scizor\n|-damage|p1b: Scizor|46/100\n|\n|-heal|p1b: Scizor|52/100|[from] item: Leftovers\n|upkeep\n|turn|3\n|\n|t:|1788429800\n|-singleturn|p2a: Toucannon|move: Beak Blast\n|move|p1b: Scizor|Protect|p1b: Scizor\n|-singleturn|p1b: Scizor|Protect\n|move|p2b: Sneasler|Coaching|p2a: Toucannon\n|-boost|p2a: Toucannon|atk|1\n|-boost|p2a: Toucannon|def|1\n|move|p2a: Toucannon|Beak Blast|p1b: Scizor\n|-activate|p1b: Scizor|move: Protect\n|move|p1a: Oranguru|Trick Room|p1a: Oranguru\n|-fieldstart|move: Trick Room|[of] p1a: Oranguru\n|\n|-heal|p1b: Scizor|58/100|[from] item: Leftovers\n|upkeep\n|turn|4\n|\n|t:|1788429818\n|-singleturn|p2a: Toucannon|move: Beak Blast\n|move|p1b: Scizor|Bullet Punch|p2b: Sneasler\n|-crit|p2b: Sneasler\n|-damage|p2b: Sneasler|0 fnt\n|faint|p2b: Sneasler\n|move|p1a: Oranguru|Psychic|p2a: Toucannon\n|-damage|p2a: Toucannon|38/100\n|move|p2a: Toucannon|Beak Blast|p1b: Scizor\n|-damage|p1b: Scizor|0 fnt\n|faint|p1b: Scizor\n|\n|-sideend|p2: wqa423weraew|move: Tailwind\n|upkeep\n|\n|t:|1788429833\n|switch|p1b: Drampa|Drampa, L50, M|100/100\n|switch|p2b: Sableye|Sableye, L50, F|100/100\n|-ability|p1b: Drampa|Cloud Nine\n|turn|5\n|inactive|wqa423weraew has 30 seconds left.\n|inactive|wqa423weraew has 20 seconds left.\n|inactive|wqa423weraew has 15 seconds left.\n|inactive|wqa423weraew has 10 seconds left.\n|inactive|wqa423weraew has 5 seconds left.\n|\n|t:|1788429886\n|switch|p2a: Scovillain|Scovillain, L50, M|100/100\n|detailschange|p1b: Drampa|Drampa-Mega, L50, M\n|-mega|p1b: Drampa|Drampa|Drampanite\n|move|p2b: Sableye|Quash|p1b: Drampa\n|-activate|p1b: Drampa|move: Quash\n|move|p1a: Oranguru|Instruct||[still]\n|-fail|p1a: Oranguru\n|move|p1b: Drampa|Hyper Voice|p2a: Scovillain|[spread] p2a\n|-immune|p2b: Sableye\n|-damage|p2a: Scovillain|59/100\n|\n|-ability|p2a: Scovillain|Moody|boost\n|-boost|p2a: Scovillain|atk|2\n|-unboost|p2a: Scovillain|spd|1\n|upkeep\n|turn|6\n|inactiveoff|Battle timer is now OFF.\n|\n|t:|1788429909\n|detailschange|p2a: Scovillain|Scovillain-Mega, L50, M\n|-mega|p2a: Scovillain|Scovillain|Scovillainite\n|move|p1a: Oranguru|Protect|p1a: Oranguru\n|-singleturn|p1a: Oranguru|Protect\n|move|p2b: Sableye|Wonder Room|p2b: Sableye\n|-fieldstart|move: Wonder Room|[of] p2b: Sableye\n|move|p1b: Drampa|Substitute|p1b: Drampa\n|-start|p1b: Drampa|Substitute\n|-damage|p1b: Drampa|75/100\n|move|p2a: Scovillain|Leech Seed||[still]\n|-fail|p2a: Scovillain\n|\n|upkeep\n|turn|7\n|\n|t:|1788429935\n|move|p1b: Drampa|Dragon Pulse|p2b: Sableye\n|-damage|p2b: Sableye|34/100\n|move|p2b: Sableye|Icy Wind|p1b: Drampa|[spread] p1a,p1b\n|-supereffective|p1b: Drampa|1\n|-activate|p1b: Drampa|move: Substitute|[damage]\n|-damage|p1a: Oranguru|92/100\n|-unboost|p1a: Oranguru|spe|1\n|move|p1a: Oranguru|Instruct|p1b: Drampa\n|-singleturn|p1b: Drampa|move: Instruct|[of] p1a: Oranguru\n|move|p1b: Drampa|Dragon Pulse|p2b: Sableye\n|-damage|p2b: Sableye|0 fnt\n|faint|p2b: Sableye\n|move|p2a: Scovillain|Leech Seed|p1a: Oranguru\n|-start|p1a: Oranguru|move: Leech Seed\n|\n|-damage|p1a: Oranguru|80/100|[from] Leech Seed|[of] p2a: Scovillain\n|-heal|p2a: Scovillain|73/100|[silent]\n|-fieldend|move: Trick Room\n|upkeep\n|\n|t:|1788429952\n|switch|p2b: Toucannon|Toucannon, L50, F|38/100\n|turn|8\n|\n|t:|1788429968\n|switch|p1a: Incineroar|Incineroar, L50, M|100/100\n|-ability|p1a: Incineroar|Intimidate|boost\n|-unboost|p2a: Scovillain|atk|1\n|-unboost|p2b: Toucannon|atk|1\n|move|p2b: Toucannon|Facade|p1b: Drampa\n|-end|p1b: Drampa|Substitute\n|move|p2a: Scovillain|Flamethrower|p1a: Incineroar\n|-resisted|p1a: Incineroar|1\n|-damage|p1a: Incineroar|80/100\n|move|p1b: Drampa|Hyper Voice|p2b: Toucannon|[spread] p2a,p2b\n|-damage|p2a: Scovillain|0 fnt\n|-damage|p2b: Toucannon|0 fnt\n|-status|p1b: Drampa|brn|[from] ability: Spicy Spray|[of] p2a: Scovillain\n|faint|p2a: Scovillain\n|faint|p2b: Toucannon\n|\n|win|tgate\n|raw|tgate's rating: 1000 &rarr; <strong>1041</strong><br />(+41 for winning)\n|raw|wqa423weraew's rating: 1008 &rarr; <strong>1000</strong><br />(-8 for losing)\n|l|☆wqa423weraew\n|player|p2|\n","uploadtime":1788429983,"views":"4","formatid":"gen9championsvgc2026regmbbo3","rating":1000,"private":0,"password":null}