{"id":"gen9championsvgc2026regmbbo3-2673338412","format":"[Gen 9 Champions] VGC 2026 Reg M-B (Bo3)","players":["ArielcitoTedetona","kpizzle35"],"log":"|j|☆ArielcitoTedetona\n|j|☆kpizzle35\n|html|<table width=\"100%\"><tr><td align=\"left\">ArielcitoTedetona</td><td align=\"right\">kpizzle35</tr><tr><td align=\"left\"><i class=\"fa fa-circle-o\"></i> <i class=\"fa fa-circle-o\"></i> </td><td align=\"right\"><i class=\"fa fa-circle-o\"></i> <i class=\"fa fa-circle-o\"></i> </tr></table>\n|uhtml|bestof|<h2><strong>Game 1</strong> of <a href=\"/game-bestof3-gen9championsvgc2026regmbbo3-2673338411\">a best-of-3</a></h2>\n|t:|1788185389\n|gametype|doubles\n|player|p1|ArielcitoTedetona|265|1120\n|player|p2|kpizzle35|170|1128\n|gen|9\n|tier|[Gen 9 Champions] VGC 2026 Reg M-B (Bo3)\n|rated|\n|rule|Species Clause: Limit one of each Pokémon\n|rule|Item Clause: Limit 1 of each item\n|clearpoke\n|poke|p1|Charizard, L50, M|\n|poke|p1|Incineroar, L50, F|\n|poke|p1|Venusaur, L50, F|\n|poke|p1|Garchomp, L50, M|\n|poke|p1|Sylveon, L50, F|\n|poke|p1|Annihilape, L50, M|\n|poke|p2|Farigiraf, L50, M|\n|poke|p2|Mr. Rime, L50, F|\n|poke|p2|Torkoal, L50, F|\n|poke|p2|Avalugg-Hisui, L50, M|\n|poke|p2|Crabominable, L50, M|\n|poke|p2|Lopunny, L50, F|\n|teampreview|4\n|showteam|p1|Charizard||CharizarditeY|Blaze|WeatherBall,HeatWave,AncientPower,Protect|Modest||M|||50|]Incineroar||SitrusBerry|Intimidate|FakeOut,FlareBlitz,DarkestLariat,PartingShot|Impish||F|||50|]Venusaur||LifeOrb|Chlorophyll|LeafStorm,SludgeBomb,EarthPower,Protect|Modest||F|||50|]Garchomp||ChoiceScarf|RoughSkin|Earthquake,DragonClaw,RockSlide,StompingTantrum|Adamant||M|||50|]Sylveon||FairyFeather|Pixilate|HyperVoice,Yawn,QuickAttack,Detect|Modest||F|||50|]Annihilape||FocusSash|Defiant|RockTomb,CloseCombat,RageFist,Protect|Jolly||M|||50|\n|showteam|p2|Farigiraf||LifeOrb|ArmorTail|Thunderbolt,TrickRoom,ExpandingForce,DazzlingGleam|Quiet||M|||50|]Mr. Rime||IronBall|ScreenCleaner|FakeOut,PsychicTerrain,FreezeDry,FocusBlast|Quiet||F|||50|]Torkoal||Charcoal|Drought|Eruption,HeatWave,EarthPower,SolarBeam|Quiet||F|||50|]Avalugg-Hisui||WideLens|Sturdy|RockSlide,MountainGale,WideGuard,BodyPress|Relaxed||M|||50|]Crabominable||Crabominite|HyperCutter|MachPunch,DrainPunch,IceHammer,ThunderPunch|Brave||M|||50|]Lopunny||Lopunnite|CuteCharm|AfterYou,CloseCombat,FakeOut,HelpingHand|Jolly||F|||50|\n|inactive|Battle timer is ON: inactive players will automatically lose when time's up. (requested by kpizzle35)\n|\n|t:|1788185447\n|teamsize|p1|4\n|teamsize|p2|4\n|start\n|switch|p1a: malozard|Charizard, L50, M|100/100\n|switch|p1b: megaladron|Garchomp, L50, M|100/100\n|switch|p2a: Mr. Rime|Mr. Rime, L50, F|100/100\n|switch|p2b: Farigiraf|Farigiraf, L50, M|100/100\n|turn|1\n|inactive|ArielcitoTedetona has 30 seconds left.\n|\n|t:|1788185473\n|detailschange|p1a: malozard|Charizard-Mega-Y, L50, M\n|-mega|p1a: malozard|Charizard|Charizardite Y\n|-weather|SunnyDay|[from] ability: Drought|[of] p1a: malozard\n|move|p2a: Mr. Rime|Fake Out|p1a: malozard\n|-damage|p1a: malozard|92/100\n|move|p1b: megaladron|Earthquake|p2a: Mr. Rime|[spread] p2a,p2b\n|-immune|p1a: malozard\n|-damage|p2a: Mr. Rime|43/100\n|-damage|p2b: Farigiraf|62/100\n|cant|p1a: malozard|flinch\n|move|p2b: Farigiraf|Trick Room|p2b: Farigiraf\n|-fieldstart|move: Trick Room|[of] p2b: Farigiraf\n|\n|-weather|SunnyDay|[upkeep]\n|upkeep\n|turn|2\n|\n|t:|1788185490\n|switch|p1b: moron|Incineroar, L50, F|100/100\n|-ability|p1b: moron|Intimidate|boost\n|-unboost|p2a: Mr. Rime|atk|1\n|-unboost|p2b: Farigiraf|atk|1\n|move|p2a: Mr. Rime|Freeze-Dry|p1b: moron\n|-resisted|p1b: moron|1\n|-damage|p1b: moron|86/100\n|move|p2b: Farigiraf|Thunderbolt|p1a: malozard\n|-supereffective|p1a: malozard|1\n|-damage|p1a: malozard|23/100\n|-damage|p2b: Farigiraf|53/100|[from] item: Life Orb\n|move|p1a: malozard|Heat Wave|p2a: Mr. Rime|[spread] p2b\n|-miss|p1a: malozard|p2a: Mr. Rime\n|-damage|p2b: Farigiraf|0 fnt\n|faint|p2b: Farigiraf\n|\n|-weather|SunnyDay|[upkeep]\n|upkeep\n|\n|t:|1788185503\n|switch|p2b: Crabominable|Crabominable, L50, M|100/100\n|turn|3\n|\n|t:|1788185518\n|detailschange|p2b: Crabominable|Crabominable-Mega, L50, M\n|-mega|p2b: Crabominable|Crabominable|Crabominite\n|move|p1a: malozard|Protect|p1a: malozard\n|-singleturn|p1a: malozard|Protect\n|move|p1b: moron|Fake Out|p2a: Mr. Rime\n|-damage|p2a: Mr. Rime|31/100\n|cant|p2a: Mr. Rime|flinch\n|move|p2b: Crabominable|Drain Punch|p1b: moron\n|-supereffective|p1b: moron|1\n|-damage|p1b: moron|0 fnt\n|faint|p1b: moron\n|\n|-weather|SunnyDay|[upkeep]\n|upkeep\n|\n|t:|1788185534\n|switch|p1b: tranformer|Sylveon, L50, F|100/100\n|turn|4\n|\n|t:|1788185541\n|move|p1b: tranformer|Detect|p1b: tranformer\n|-singleturn|p1b: tranformer|Protect\n|move|p1a: malozard|Protect|p1a: malozard\n|-singleturn|p1a: malozard|Protect\n|move|p2a: Mr. Rime|Freeze-Dry|p1a: malozard\n|-activate|p1a: malozard|move: Protect\n|move|p2b: Crabominable|Ice Hammer|p1b: tranformer\n|-activate|p1b: tranformer|move: Protect\n|\n|-weather|SunnyDay|[upkeep]\n|upkeep\n|turn|5\n|\n|t:|1788185559\n|switch|p1a: megaladron|Garchomp, L50, M|100/100\n|move|p1b: tranformer|Detect||[still]\n|-fail|p1b: tranformer\n|move|p2a: Mr. Rime|Freeze-Dry|p1b: tranformer\n|-damage|p1b: tranformer|74/100\n|move|p2b: Crabominable|Ice Hammer|p1b: tranformer\n|-damage|p1b: tranformer|0 fnt\n|-unboost|p2b: Crabominable|spe|1\n|faint|p1b: tranformer\n|\n|-weather|none\n|-fieldend|move: Trick Room\n|upkeep\n|\n|t:|1788185572\n|switch|p1b: malozard|Charizard-Mega-Y, L50, M|23/100\n|-weather|SunnyDay|[from] ability: Drought|[of] p1b: malozard\n|turn|6\n|\n|t:|1788185582\n|move|p2b: Crabominable|Mach Punch|p1b: malozard\n|-resisted|p1b: malozard|1\n|-damage|p1b: malozard|8/100\n|move|p1a: megaladron|Earthquake|p2a: Mr. Rime|[spread] p2a,p2b\n|-immune|p1b: malozard\n|-damage|p2a: Mr. Rime|0 fnt\n|-damage|p2b: Crabominable|68/100\n|faint|p2a: Mr. Rime\n|move|p1b: malozard|Weather Ball|p2b: Crabominable\n|-supereffective|p2b: Crabominable|1\n|-damage|p2b: Crabominable|0 fnt\n|faint|p2b: Crabominable\n|\n|-weather|SunnyDay|[upkeep]\n|upkeep\n|\n|t:|1788185589\n|switch|p2b: Torkoal|Torkoal, L50, F|100/100\n|turn|7\n|\n|t:|1788185605\n|move|p1a: megaladron|Earthquake|p2b: Torkoal|[spread] p2b\n|-immune|p1b: malozard\n|-supereffective|p2b: Torkoal|1\n|-damage|p2b: Torkoal|34/100\n|move|p1b: malozard|Ancient Power|p2b: Torkoal\n|-supereffective|p2b: Torkoal|1\n|-damage|p2b: Torkoal|0 fnt\n|faint|p2b: Torkoal\n|\n|win|ArielcitoTedetona\n||kpizzle35 is ready for game 2.\n|l|☆kpizzle35\n|player|p2|\n|inactive|ArielcitoTedetona has 30 seconds to confirm battle start!\n||ArielcitoTedetona is ready for game 2.\n|uhtml|next|Next: <a href=\"/battle-gen9championsvgc2026regmbbo3-2673340148\"><strong>Game 2 of 3</strong></a>\n","uploadtime":1788185615,"views":"0","formatid":"gen9championsvgc2026regmbbo3","rating":null,"private":0,"password":null}