{"id":"gen9championsvgc2026regmbbo3-2673958675","format":"[Gen 9 Champions] VGC 2026 Reg M-B (Bo3)","players":["fritznader002","IBstudios"],"log":"|j|☆fritznader002\n|j|☆IBstudios\n|html|<table width=\"100%\"><tr><td align=\"left\">fritznader002</td><td align=\"right\">IBstudios</tr><tr><td align=\"left\"><i class=\"fa fa-circle\"></i> <i class=\"fa fa-circle-o\"></i> </td><td align=\"right\"><i class=\"fa fa-circle-o\"></i> <i class=\"fa fa-circle\"></i> </tr></table>\n|uhtml|bestof|<h2><strong>Game 3</strong> of <a href=\"/game-bestof3-gen9championsvgc2026regmbbo3-2673955887\">a best-of-3</a></h2>\n|t:|1788281838\n|gametype|doubles\n|player|p1|fritznader002|169|1224\n|player|p2|IBstudios|266|1342\n|gen|9\n|tier|[Gen 9 Champions] VGC 2026 Reg M-B (Bo3)\n|rated|\n|rule|Species Clause: Limit one of each Pokémon\n|rule|Item Clause: Limit 1 of each item\n|clearpoke\n|poke|p1|Staraptor, L50, M, shiny|\n|poke|p1|Arcanine-Hisui, L50, M, shiny|\n|poke|p1|Kingambit, L50, M, shiny|\n|poke|p1|Sylveon, L50, F, shiny|\n|poke|p1|Raichu, L50, M, shiny|\n|poke|p1|Farigiraf, L50, F, shiny|\n|poke|p2|Incineroar, L50, M|\n|poke|p2|Dragonite, L50, F|\n|poke|p2|Metagross, L50|\n|poke|p2|Sneasler, L50, M|\n|poke|p2|Primarina, L50, F|\n|poke|p2|Sinistcha-Masterpiece, L50|\n|teampreview|4\n|showteam|p1|Staraptor||Staraptite|Intimidate|DualWingbeat,CloseCombat,Tailwind,Protect|Jolly||M|||50|]Arcanine-Hisui||FocusSash|RockHead|FlareBlitz,HeadSmash,ExtremeSpeed,Protect|Jolly||M|||50|]Kingambit||LifeOrb|Defiant|KowtowCleave,SuckerPunch,SwordsDance,Protect|Adamant||M|||50|]Sylveon||FairyFeather|Pixilate|HyperVoice,HyperBeam,QuickAttack,Detect|Modest||F|||50|]Raichu||RaichuniteY|LightningRod|ZapCannon,FocusBlast,FakeOut,Protect|Timid||M|||50|]Farigiraf||SitrusBerry|ArmorTail|Psychic,HelpingHand,TrickRoom,Protect|Calm||F|||50|\n|showteam|p2|Incineroar||SitrusBerry|Intimidate|FakeOut,FlareBlitz,ThroatChop,PartingShot|Adamant||M|||50|]Dragonite||Dragoninite|Multiscale|DragonPulse,HeatWave,Tailwind,Protect|Modest||F|||50|]Metagross||Metagrossite|ClearBody|PsychicFangs,BulletPunch,BodyPress,Protect|Jolly|||||50|]Sneasler||FocusSash|PoisonTouch|CloseCombat,PoisonJab,FakeOut,Protect|Jolly||M|||50|]Primarina||LifeOrb|LiquidVoice|HyperVoice,Moonblast,CalmMind,Protect|Modest||F|||50|]Sinistcha-Masterpiece||KasibBerry|Hospitality|MatchaGotcha,TrickRoom,RagePowder,Protect|Modest|||||50|\n|\n|t:|1788281851\n|teamsize|p1|4\n|teamsize|p2|4\n|start\n|switch|p1a: WrathofKhan|Kingambit, L50, M, shiny|100/100\n|switch|p1b: Big Chu|Raichu, L50, M, shiny|100/100\n|switch|p2a: Dragonite|Dragonite, L50, F|100/100\n|switch|p2b: Metagross|Metagross, L50|100/100\n|turn|1\n|\n|t:|1788281873\n|detailschange|p1b: Big Chu|Raichu-Mega-Y, L50, M, shiny\n|-mega|p1b: Big Chu|Raichu|Raichunite Y\n|detailschange|p2a: Dragonite|Dragonite-Mega, L50, F\n|-mega|p2a: Dragonite|Dragonite|Dragoninite\n|move|p2b: Metagross|Protect|p2b: Metagross\n|-singleturn|p2b: Metagross|Protect\n|move|p1b: Big Chu|Zap Cannon|p2b: Metagross\n|-activate|p2b: Metagross|move: Protect\n|move|p2a: Dragonite|Tailwind|p2a: Dragonite\n|-sidestart|p2: IBstudios|move: Tailwind\n|move|p1a: WrathofKhan|Kowtow Cleave|p2b: Metagross\n|-activate|p2b: Metagross|move: Protect\n|\n|upkeep\n|turn|2\n|\n|t:|1788281891\n|switch|p1b: Fridge|Farigiraf, L50, F, shiny|100/100\n|move|p2a: Dragonite|Heat Wave|p1a: WrathofKhan|[spread] p1a,p1b\n|-supereffective|p1a: WrathofKhan|1\n|-damage|p1a: WrathofKhan|41/100\n|-damage|p1b: Fridge|79/100\n|move|p2b: Metagross|Psychic Fangs|p1b: Fridge\n|-resisted|p1b: Fridge|1\n|-damage|p1b: Fridge|59/100\n|move|p1a: WrathofKhan|Kowtow Cleave|p2b: Metagross\n|-supereffective|p2b: Metagross|1\n|-damage|p2b: Metagross|2/100\n|-damage|p1a: WrathofKhan|31/100|[from] item: Life Orb\n|\n|upkeep\n|turn|3\n|\n|t:|1788281911\n|move|p1a: WrathofKhan|Sucker Punch|p2b: Metagross\n|-supereffective|p2b: Metagross|1\n|-damage|p2b: Metagross|0 fnt\n|faint|p2b: Metagross\n|-damage|p1a: WrathofKhan|21/100|[from] item: Life Orb\n|move|p2a: Dragonite|Dragon Pulse|p1b: Fridge\n|-damage|p1b: Fridge|19/100\n|-enditem|p1b: Fridge|Sitrus Berry|[eat]\n|-heal|p1b: Fridge|44/100|[from] item: Sitrus Berry\n|move|p1b: Fridge|Psychic|p2a: Dragonite\n|-damage|p2a: Dragonite|85/100\n|\n|upkeep\n|\n|t:|1788281921\n|switch|p2b: Primarina|Primarina, L50, F|100/100\n|turn|4\n|\n|t:|1788281949\n|switch|p1a: Sadie Sink|Sylveon, L50, F, shiny|100/100\n|move|p1b: Fridge|Protect|p1b: Fridge\n|-singleturn|p1b: Fridge|Protect\n|move|p2a: Dragonite|Heat Wave|p1a: Sadie Sink|[spread] p1a\n|-activate|p1b: Fridge|move: Protect\n|-damage|p1a: Sadie Sink|78/100\n|move|p2b: Primarina|Calm Mind|p2b: Primarina\n|-boost|p2b: Primarina|spa|1\n|-boost|p2b: Primarina|spd|1\n|\n|-sideend|p2: IBstudios|move: Tailwind\n|upkeep\n|turn|5\n|\n|t:|1788281970\n|move|p1b: Fridge|Helping Hand|p1a: Sadie Sink\n|-singleturn|p1a: Sadie Sink|Helping Hand|[of] p1b: Fridge\n|move|p2a: Dragonite|Protect|p2a: Dragonite\n|-singleturn|p2a: Dragonite|Protect\n|move|p1a: Sadie Sink|Hyper Voice|p2b: Primarina|[spread] p2b\n|-activate|p2a: Dragonite|move: Protect\n|-damage|p2b: Primarina|60/100\n|move|p2b: Primarina|Calm Mind|p2b: Primarina\n|-boost|p2b: Primarina|spa|1\n|-boost|p2b: Primarina|spd|1\n|\n|upkeep\n|turn|6\n|\n|t:|1788281981\n|move|p1b: Fridge|Helping Hand|p1a: Sadie Sink\n|-singleturn|p1a: Sadie Sink|Helping Hand|[of] p1b: Fridge\n|move|p2a: Dragonite|Tailwind|p2a: Dragonite\n|-sidestart|p2: IBstudios|move: Tailwind\n|move|p2b: Primarina|Hyper Voice|p1b: Fridge|[spread] p1a,p1b\n|-damage|p1a: Sadie Sink|10/100\n|-damage|p1b: Fridge|0 fnt\n|faint|p1b: Fridge\n|-damage|p2b: Primarina|50/100g|[from] item: Life Orb\n|move|p1a: Sadie Sink|Hyper Voice|p2b: Primarina|[spread] p2a,p2b\n|-supereffective|p2a: Dragonite|1\n|-damage|p2a: Dragonite|0 fnt\n|-damage|p2b: Primarina|22/100\n|faint|p2a: Dragonite\n|\n|upkeep\n|\n|t:|1788281992\n|switch|p2a: Sneasler|Sneasler, L50, M|100/100\n|switch|p1b: Big Chu|Raichu-Mega-Y, L50, M, shiny|100/100\n|turn|7\n|\n|t:|1788282027\n|move|p1b: Big Chu|Protect|p1b: Big Chu\n|-singleturn|p1b: Big Chu|Protect\n|move|p1a: Sadie Sink|Quick Attack|p2b: Primarina\n|-damage|p2b: Primarina|7/100\n|move|p2a: Sneasler|Close Combat|p1b: Big Chu\n|-activate|p1b: Big Chu|move: Protect\n|move|p2b: Primarina|Hyper Voice|p1a: Sadie Sink|[spread] p1a\n|-activate|p1b: Big Chu|move: Protect\n|-damage|p1a: Sadie Sink|0 fnt\n|faint|p1a: Sadie Sink\n|-damage|p2b: Primarina|0 fnt|[from] item: Life Orb\n|faint|p2b: Primarina\n|\n|upkeep\n|\n|t:|1788282031\n|switch|p1a: WrathofKhan|Kingambit, L50, M, shiny|21/100\n|turn|8\n|\n|t:|1788282042\n|move|p2a: Sneasler|Close Combat|p1b: Big Chu\n|-crit|p1b: Big Chu\n|-damage|p1b: Big Chu|0 fnt\n|-unboost|p2a: Sneasler|def|1\n|-unboost|p2a: Sneasler|spd|1\n|faint|p1b: Big Chu\n|move|p1a: WrathofKhan|Kowtow Cleave|p2a: Sneasler\n|-resisted|p2a: Sneasler|1\n|-damage|p2a: Sneasler|20/100y\n|-damage|p1a: WrathofKhan|12/100|[from] item: Life Orb\n|\n|upkeep\n|turn|9\n|\n|t:|1788282055\n|move|p2a: Sneasler|Protect|p2a: Sneasler\n|-singleturn|p2a: Sneasler|Protect\n|move|p1a: WrathofKhan|Sucker Punch||[still]\n|-fail|p1a: WrathofKhan\n|\n|-sideend|p2: IBstudios|move: Tailwind\n|upkeep\n|turn|10\n|\n|t:|1788282064\n|move|p1a: WrathofKhan|Sucker Punch|p2a: Sneasler\n|-resisted|p2a: Sneasler|1\n|-damage|p2a: Sneasler|0 fnt\n|faint|p2a: Sneasler\n|-damage|p1a: WrathofKhan|2/100|[from] item: Life Orb\n|\n|win|fritznader002\n|raw|fritznader002's rating: 1224 &rarr; <strong>1257</strong><br />(+33 for winning)\n|raw|IBstudios's rating: 1342 &rarr; <strong>1315</strong><br />(-27 for losing)\n|c|☆fritznader002|ggs\n|c|☆IBstudios|ggs\n|l|☆fritznader002\n|player|p1|\n","uploadtime":1788282165,"views":"0","formatid":"gen9championsvgc2026regmbbo3","rating":1257,"private":0,"password":null}