{"id":"gen9championsvgc2026regmbbo3-2674441836","format":"[Gen 9 Champions] VGC 2026 Reg M-B (Bo3)","players":["Jorge Saltamontes","Ceuta"],"log":"|j|☆Jorge Saltamontes\n|j|☆Ceuta\n|html|<table width=\"100%\"><tr><td align=\"left\">Jorge Saltamontes</td><td align=\"right\">Ceuta</tr><tr><td align=\"left\"><i class=\"fa fa-circle-o\"></i> <i class=\"fa fa-circle-o\"></i> </td><td align=\"right\"><i class=\"fa fa-circle-o\"></i> <i class=\"fa fa-circle-o\"></i> </tr></table>\n|uhtml|bestof|<h2><strong>Game 1</strong> of <a href=\"/game-bestof3-gen9championsvgc2026regmbbo3-2674441835\">a best-of-3</a></h2>\n|t:|1788360255\n|gametype|doubles\n|player|p1|Jorge Saltamontes|marshal|\n|player|p2|Ceuta|lebanne|\n|gen|9\n|tier|[Gen 9 Champions] VGC 2026 Reg M-B (Bo3)\n|rule|Species Clause: Limit one of each Pokémon\n|rule|Item Clause: Limit 1 of each item\n|clearpoke\n|poke|p1|Charizard, L50, M|\n|poke|p1|Garchomp, L50, F|\n|poke|p1|Incineroar, L50, F|\n|poke|p1|Venusaur, L50, F|\n|poke|p1|Toxapex, L50, M|\n|poke|p1|Sylveon, L50, M|\n|poke|p2|Incineroar, L50, M|\n|poke|p2|Maushold-Four, L50|\n|poke|p2|Sinistcha, L50|\n|poke|p2|Kingambit, L50, F|\n|poke|p2|Floette-Eternal, L50, F|\n|poke|p2|Delphox, L50, F|\n|teampreview|4\n|showteam|p1|Charizard||CharizarditeY|Blaze|WeatherBall,HeatWave,AncientPower,Protect|Modest||M|||50|]Garchomp||ChoiceScarf|RoughSkin|RockSlide,DragonClaw,Earthquake,StompingTantrum|Adamant||F|||50|]Incineroar||SitrusBerry|Intimidate|FlareBlitz,FakeOut,Protect,PartingShot|Impish||F|||50|]Venusaur||FocusSash|Chlorophyll|SludgeBomb,SleepPowder,EarthPower,Protect|Modest||F|||50|]Toxapex||Leftovers|Regenerator|Infestation,Toxic,WideGuard,BanefulBunker|Bold||M|||50|]Sylveon||FairyFeather|Pixilate|HyperVoice,QuickAttack,Yawn,Detect|Modest||M|||50|\n|showteam|p2|Incineroar||SitrusBerry|Intimidate|FakeOut,FlareBlitz,DarkestLariat,PartingShot|Careful||M|||50|]Maushold-Four||FocusSash|FriendGuard|FollowMe,SuperFang,Feint,Protect|Jolly|||||50|]Sinistcha||OccaBerry|Hospitality|MatchaGotcha,LifeDew,RagePowder,Protect|Relaxed|||||50|]Kingambit||LifeOrb|Defiant|KowtowCleave,SuckerPunch,SwordsDance,Protect|Adamant||F|||50|]Floette-Eternal||Floettite|FlowerVeil|Moonblast,DazzlingGleam,CalmMind,Protect|Modest||F|||50|]Delphox||Delphoxite|Blaze|Psychic,HeatWave,NastyPlot,Protect|Timid||F|||50|\n|\n|t:|1788360310\n|teamsize|p1|4\n|teamsize|p2|4\n|start\n|switch|p1a: Charizard|Charizard, L50, M|100/100\n|switch|p1b: Garchomp|Garchomp, L50, F|100/100\n|switch|p2a: Incineroar|Incineroar, L50, M|100/100\n|switch|p2b: Delphox|Delphox, L50, F|100/100\n|-ability|p2a: Incineroar|Intimidate|boost\n|-unboost|p1a: Charizard|atk|1\n|-unboost|p1b: Garchomp|atk|1\n|turn|1\n|\n|t:|1788360329\n|switch|p1b: Incineroar|Incineroar, L50, F|100/100\n|-ability|p1b: Incineroar|Intimidate|boost\n|-unboost|p2a: Incineroar|atk|1\n|-unboost|p2b: Delphox|atk|1\n|detailschange|p2b: Delphox|Delphox-Mega, L50, F\n|-mega|p2b: Delphox|Delphox|Delphoxite\n|detailschange|p1a: Charizard|Charizard-Mega-Y, L50, M\n|-mega|p1a: Charizard|Charizard|Charizardite Y\n|-weather|SunnyDay|[from] ability: Drought|[of] p1a: Charizard\n|move|p2a: Incineroar|Fake Out|p1a: Charizard\n|-damage|p1a: Charizard|91/100\n|move|p2b: Delphox|Nasty Plot|p2b: Delphox\n|-boost|p2b: Delphox|spa|2\n|cant|p1a: Charizard|flinch\n|\n|-weather|SunnyDay|[upkeep]\n|upkeep\n|turn|2\n|\n|t:|1788360348\n|switch|p1a: Venusaur|Venusaur, L50, F|100/100\n|move|p2b: Delphox|Protect|p2b: Delphox\n|-singleturn|p2b: Delphox|Protect\n|move|p1b: Incineroar|Fake Out|p2a: Incineroar\n|-damage|p2a: Incineroar|91/100\n|cant|p2a: Incineroar|flinch\n|\n|-weather|SunnyDay|[upkeep]\n|upkeep\n|turn|3\n|\n|t:|1788360401\n|move|p1a: Venusaur|Sleep Powder|p2b: Delphox\n|-status|p2b: Delphox|slp|[from] move: Sleep Powder\n|cant|p2b: Delphox|slp\n|move|p1b: Incineroar|Parting Shot|p2b: Delphox\n|-unboost|p2b: Delphox|atk|1\n|-unboost|p2b: Delphox|spa|1\n|\n|t:|1788360409\n|switch|p1b: Garchomp|Garchomp, L50, F|100/100|[from] Parting Shot\n|move|p2a: Incineroar|Flare Blitz|p1a: Venusaur\n|-supereffective|p1a: Venusaur|1\n|-enditem|p1a: Venusaur|Focus Sash\n|-damage|p1a: Venusaur|1/100\n|-damage|p2a: Incineroar|65/100|[from] Recoil\n|\n|-weather|SunnyDay|[upkeep]\n|upkeep\n|turn|4\n|\n|t:|1788360424\n|cant|p2b: Delphox|slp\n|move|p1a: Venusaur|Earth Power|p2a: Incineroar\n|-supereffective|p2a: Incineroar|1\n|-damage|p2a: Incineroar|25/100\n|-enditem|p2a: Incineroar|Sitrus Berry|[eat]\n|-heal|p2a: Incineroar|50/100y|[from] item: Sitrus Berry\n|move|p1b: Garchomp|Rock Slide|p2a: Incineroar|[spread] p2b\n|-miss|p1b: Garchomp|p2a: Incineroar\n|-supereffective|p2b: Delphox|1\n|-damage|p2b: Delphox|45/100 slp\n|move|p2a: Incineroar|Parting Shot|p1b: Garchomp\n|-unboost|p1b: Garchomp|atk|1\n|-unboost|p1b: Garchomp|spa|1\n|\n|t:|1788360436\n|switch|p2a: Sinistcha|Sinistcha, L50|100/100|[from] Parting Shot\n|-heal|p2b: Delphox|70/100 slp|[from] ability: Hospitality|[of] p2a: Sinistcha\n|\n|-weather|SunnyDay|[upkeep]\n|upkeep\n|turn|5\n|\n|t:|1788360457\n|switch|p1b: Incineroar|Incineroar, L50, F|100/100\n|-ability|p1b: Incineroar|Intimidate|boost\n|-unboost|p2a: Sinistcha|atk|1\n|-unboost|p2b: Delphox|atk|1\n|switch|p2a: Incineroar|Incineroar, L50, M|50/100y\n|-ability|p2a: Incineroar|Intimidate|boost\n|-unboost|p1a: Venusaur|atk|1\n|-unboost|p1b: Incineroar|atk|1\n|move|p1a: Venusaur|Sludge Bomb|p2b: Delphox\n|-crit|p2b: Delphox\n|-damage|p2b: Delphox|13/100 slp\n|-curestatus|p2b: Delphox|slp|[msg]\n|move|p2b: Delphox|Heat Wave|p1b: Incineroar|[spread] p1a,p1b\n|-supereffective|p1a: Venusaur|1\n|-resisted|p1b: Incineroar|1\n|-damage|p1a: Venusaur|0 fnt\n|-damage|p1b: Incineroar|62/100\n|faint|p1a: Venusaur\n|\n|-weather|none\n|upkeep\n|\n|t:|1788360488\n|switch|p1a: Charizard|Charizard-Mega-Y, L50, M|91/100\n|-weather|SunnyDay|[from] ability: Drought|[of] p1a: Charizard\n|turn|6\n|\n|t:|1788360498\n|move|p2b: Delphox|Protect|p2b: Delphox\n|-singleturn|p2b: Delphox|Protect\n|move|p1b: Incineroar|Fake Out|p2b: Delphox\n|-activate|p2b: Delphox|move: Protect\n|move|p1a: Charizard|Heat Wave|p2b: Delphox|[spread] p2a\n|-activate|p2b: Delphox|move: Protect\n|-resisted|p2a: Incineroar|1\n|-damage|p2a: Incineroar|27/100\n|move|p2a: Incineroar|Parting Shot|p1b: Incineroar\n|-unboost|p1b: Incineroar|atk|1\n|-unboost|p1b: Incineroar|spa|1\n|\n|t:|1788360507\n|switch|p2a: Sinistcha|Sinistcha, L50|100/100|[from] Parting Shot\n|-heal|p2b: Delphox|38/100|[from] ability: Hospitality|[of] p2a: Sinistcha\n|\n|-weather|SunnyDay|[upkeep]\n|upkeep\n|turn|7\n|\n|t:|1788360518\n|move|p2b: Delphox|Psychic|p1a: Charizard\n|-crit|p1a: Charizard\n|-damage|p1a: Charizard|0 fnt\n|faint|p1a: Charizard\n|move|p2a: Sinistcha|Life Dew||[still]|[spread] p2a,p2b\n|-fail|p2a: Sinistcha|heal\n|-heal|p2b: Delphox|63/100\n|move|p1b: Incineroar|Flare Blitz|p2b: Delphox\n|-resisted|p2b: Delphox|1\n|-damage|p2b: Delphox|44/100\n|-damage|p1b: Incineroar|57/100|[from] Recoil\n|\n|-weather|SunnyDay|[upkeep]\n|upkeep\n|\n|t:|1788360530\n|switch|p1a: Garchomp|Garchomp, L50, F|100/100\n|turn|8\n|\n|t:|1788360545\n|switch|p2a: Incineroar|Incineroar, L50, M|27/100\n|-ability|p2a: Incineroar|Intimidate|boost\n|-unboost|p1a: Garchomp|atk|1\n|-unboost|p1b: Incineroar|atk|1\n|move|p2b: Delphox|Protect|p2b: Delphox\n|-singleturn|p2b: Delphox|Protect\n|move|p1a: Garchomp|Rock Slide|p2b: Delphox|[spread] p2a\n|-activate|p2b: Delphox|move: Protect\n|-supereffective|p2a: Incineroar|1\n|-damage|p2a: Incineroar|2/100\n|move|p1b: Incineroar|Flare Blitz|p2a: Incineroar\n|-resisted|p2a: Incineroar|1\n|-damage|p2a: Incineroar|0 fnt\n|faint|p2a: Incineroar\n|-damage|p1b: Incineroar|56/100|[from] Recoil\n|\n|-weather|SunnyDay|[upkeep]\n|upkeep\n|\n|t:|1788360556\n|switch|p2a: Sinistcha|Sinistcha, L50|100/100\n|-heal|p2b: Delphox|69/100|[from] ability: Hospitality|[of] p2a: Sinistcha\n|turn|9\n|\n|t:|1788360595\n|switch|p2a: Maushold|Maushold-Four, L50|100/100\n|move|p1a: Garchomp|Rock Slide|p2b: Delphox|[spread] p2a,p2b\n|-supereffective|p2b: Delphox|1\n|-damage|p2a: Maushold|81/100\n|-damage|p2b: Delphox|41/100\n|cant|p2b: Delphox|flinch\n|move|p1b: Incineroar|Flare Blitz|p2b: Delphox\n|-resisted|p2b: Delphox|1\n|-damage|p2b: Delphox|29/100\n|-damage|p1b: Incineroar|52/100|[from] Recoil\n|\n|-weather|SunnyDay|[upkeep]\n|upkeep\n|turn|10\n|\n|t:|1788360629\n|switch|p2a: Sinistcha|Sinistcha, L50|100/100\n|-heal|p2b: Delphox|53/100|[from] ability: Hospitality|[of] p2a: Sinistcha\n|move|p1a: Garchomp|Rock Slide|p2b: Delphox|[spread] p2a,p2b\n|-supereffective|p2b: Delphox|1\n|-damage|p2a: Sinistcha|89/100\n|-damage|p2b: Delphox|20/100r\n|cant|p2b: Delphox|flinch\n|move|p1b: Incineroar|Flare Blitz|p2a: Sinistcha\n|-supereffective|p2a: Sinistcha|1\n|-enditem|p2a: Sinistcha|Occa Berry|[eat]\n|-enditem|p2a: Sinistcha|Occa Berry|[weaken]\n|-damage|p2a: Sinistcha|65/100\n|-damage|p1b: Incineroar|45/100|[from] Recoil\n|-enditem|p1b: Incineroar|Sitrus Berry|[eat]\n|-heal|p1b: Incineroar|70/100|[from] item: Sitrus Berry\n|\n|-weather|none\n|upkeep\n|turn|11\n|\n|t:|1788360647\n|move|p2b: Delphox|Protect|p2b: Delphox\n|-singleturn|p2b: Delphox|Protect\n|move|p1a: Garchomp|Rock Slide|p2a: Sinistcha|[spread] p2a\n|-activate|p2b: Delphox|move: Protect\n|-damage|p2a: Sinistcha|55/100\n|move|p1b: Incineroar|Flare Blitz|p2a: Sinistcha\n|-supereffective|p2a: Sinistcha|1\n|-damage|p2a: Sinistcha|21/100\n|-damage|p1b: Incineroar|60/100|[from] Recoil\n|cant|p2a: Sinistcha|flinch\n|\n|upkeep\n|turn|12\n|\n|t:|1788360662\n|switch|p2a: Maushold|Maushold-Four, L50|81/100\n|move|p2b: Delphox|Protect||[still]\n|-fail|p2b: Delphox\n|move|p1a: Garchomp|Rock Slide|p2b: Delphox|[spread] p2a,p2b\n|-supereffective|p2b: Delphox|1\n|-damage|p2a: Maushold|63/100\n|-damage|p2b: Delphox|0 fnt\n|faint|p2b: Delphox\n|move|p1b: Incineroar|Flare Blitz|p2a: Maushold\n|-damage|p2a: Maushold|38/100\n|-status|p2a: Maushold|brn\n|-damage|p1b: Incineroar|53/100|[from] Recoil\n|\n|-damage|p2a: Maushold|32/100 brn|[from] brn\n|upkeep\n|\n|t:|1788360673\n|switch|p2b: Sinistcha|Sinistcha, L50|21/100\n|-heal|p2a: Maushold|56/100 brn|[from] ability: Hospitality|[of] p2b: Sinistcha\n|turn|13\n|\n|t:|1788360680\n|move|p2a: Maushold|Follow Me|p2a: Maushold\n|-singleturn|p2a: Maushold|move: Follow Me\n|move|p1a: Garchomp|Rock Slide|p2b: Sinistcha|[spread] p2a,p2b\n|-damage|p2a: Maushold|37/100 brn\n|-damage|p2b: Sinistcha|13/100\n|move|p2b: Sinistcha|Matcha Gotcha|p1b: Incineroar|[spread] p1a,p1b\n|-resisted|p1b: Incineroar|1\n|-crit|p1b: Incineroar\n|-damage|p1a: Garchomp|73/100\n|-heal|p2b: Sinistcha|27/100|[from] drain|[of] p1a: Garchomp\n|-damage|p1b: Incineroar|37/100\n|-heal|p2b: Sinistcha|36/100|[from] drain|[of] p1b: Incineroar\n|-status|p1a: Garchomp|brn\n|move|p1b: Incineroar|Flare Blitz|p2a: Maushold\n|-crit|p2a: Maushold\n|-damage|p2a: Maushold|0 fnt\n|faint|p2a: Maushold\n|-damage|p1b: Incineroar|26/100|[from] Recoil\n|\n|-damage|p1a: Garchomp|67/100 brn|[from] brn\n|upkeep\n|turn|14\n|\n|t:|1788360702\n|move|p2b: Sinistcha|Protect|p2b: Sinistcha\n|-singleturn|p2b: Sinistcha|Protect\n|move|p1a: Garchomp|Rock Slide|p2b: Sinistcha\n|-activate|p2b: Sinistcha|move: Protect\n|move|p1b: Incineroar|Flare Blitz|p2b: Sinistcha\n|-activate|p2b: Sinistcha|move: Protect\n|\n|-damage|p1a: Garchomp|61/100 brn|[from] brn\n|upkeep\n|turn|15\n|\n|t:|1788360712\n|move|p1a: Garchomp|Rock Slide|p2b: Sinistcha\n|-damage|p2b: Sinistcha|28/100\n|move|p1b: Incineroar|Flare Blitz|p2b: Sinistcha\n|-supereffective|p2b: Sinistcha|1\n|-damage|p2b: Sinistcha|0 fnt\n|faint|p2b: Sinistcha\n|-damage|p1b: Incineroar|17/100|[from] Recoil\n|\n|win|Jorge Saltamontes\n||Ceuta is ready for game 2.\n|inactive|Jorge Saltamontes has 30 seconds to confirm battle start!\n||Jorge Saltamontes is ready for game 2.\n|uhtml|next|Next: <a href=\"/battle-gen9championsvgc2026regmbbo3-2674445723\"><strong>Game 2 of 3</strong></a>\n","uploadtime":1788360257,"views":"2","formatid":"gen9championsvgc2026regmbbo3","rating":null,"private":0,"password":null}