{"id":"gen9championsvgc2026regmb-2674169431","format":"[Gen 9 Champions] VGC 2026 Reg M-B","players":["onassi2","majormischief"],"log":"|j|☆onassi2\n|j|☆majormischief\n|html|<table width=\"100%\"><tr><td align=\"left\">onassi2</td><td align=\"right\">majormischief</tr><tr><td align=\"left\"><i class=\"fa fa-circle-o\"></i> <i class=\"fa fa-circle-o\"></i> </td><td align=\"right\"><i class=\"fa fa-circle-o\"></i> <i class=\"fa fa-circle\"></i> </tr></table>\n|uhtml|bestof|<h2><strong>Game 2</strong> of <a href=\"/game-bestof3-gen9championsvgc2026regmb-2674166423\">a best-of-3</a></h2>\n|t:|1788309575\n|gametype|doubles\n|player|p1|onassi2|blue|\n|player|p2|majormischief|169|\n|gen|9\n|tier|[Gen 9 Champions] VGC 2026 Reg M-B\n|rule|Species Clause: Limit one of each Pokémon\n|rule|Item Clause: Limit 1 of each item\n|raw|<div class=\"infobox\"><details class=\"readmore\" open><summary><strong>1 custom rule:</strong></summary> Best of = 3</details></div>\n|clearpoke\n|poke|p1|Torkoal, L50, F|\n|poke|p1|Venusaur, L50, M|\n|poke|p1|Malamar, L50, M|\n|poke|p1|Typhlosion, L50, M|\n|poke|p1|Garganacl, L50, F|\n|poke|p1|Espathra, L50, M|\n|poke|p2|Aggron, L50, M|\n|poke|p2|Basculegion, L50, M|\n|poke|p2|Kangaskhan, L50, F|\n|poke|p2|Tsareena, L50, F|\n|poke|p2|Sylveon, L50, F|\n|poke|p2|Lycanroc, L50, M|\n|teampreview|4\n|j| WindyEng\n|\n|t:|1788309613\n|teamsize|p1|4\n|teamsize|p2|4\n|start\n|switch|p1a: Ramalam|Malamar, L50, M|100/100\n|switch|p1b: Sore Venue|Venusaur, L50, M|100/100\n|switch|p2a: Kangaskhan|Kangaskhan, L50, F|100/100\n|switch|p2b: Lycanroc|Lycanroc, L50, M|100/100\n|turn|1\n|inactive|Battle timer is ON: inactive players will automatically lose when time's up. (requested by onassi2)\n|inactive|onassi2 has 60 seconds left.\n|inactive|majormischief has 60 seconds left.\n|\n|t:|1788309665\n|switch|p2b: Sylveon|Sylveon, L50, F|100/100\n|switch|p1a: Son|Typhlosion, L50, M|100/100\n|detailschange|p2a: Kangaskhan|Kangaskhan-Mega, L50, F\n|-mega|p2a: Kangaskhan|Kangaskhan|Kangaskhanite\n|move|p1b: Sore Venue|Protect|p1b: Sore Venue\n|-singleturn|p1b: Sore Venue|Protect\n|move|p2a: Kangaskhan|Fake Out|p1b: Sore Venue\n|-activate|p1b: Sore Venue|move: Protect\n|\n|upkeep\n|turn|2\n|inactive|onassi2 has 30 seconds left.\n|inactive|majormischief has 30 seconds left.\n|\n|t:|1788309695\n|switch|p1b: torque|Torkoal, L50, F|100/100\n|-weather|SunnyDay|[from] ability: Drought|[of] p1b: torque\n|move|p2b: Sylveon|Detect|p2b: Sylveon\n|-singleturn|p2b: Sylveon|Protect\n|move|p1a: Son|Eruption|p2b: Sylveon|[spread] p2a\n|-activate|p2b: Sylveon|move: Protect\n|-damage|p2a: Kangaskhan|34/100\n|move|p2a: Kangaskhan|Double-Edge|p1b: torque\n|-damage|p1b: torque|51/100\n|-damage|p1b: torque|41/100\n|-enditem|p1b: torque|Sitrus Berry|[eat]\n|-heal|p1b: torque|66/100|[from] item: Sitrus Berry\n|-hitcount|p1b: torque|2\n|-damage|p2a: Kangaskhan|20/100y|[from] Recoil\n|\n|-weather|SunnyDay|[upkeep]\n|upkeep\n|turn|3\n|inactive|majormischief has 30 seconds left.\n|\n|t:|1788309724\n|switch|p2a: Lycanroc|Lycanroc, L50, M|100/100\n|switch|p1b: Sore Venue|Venusaur, L50, M|100/100\n|move|p1a: Son|Eruption|p2a: Lycanroc|[spread] p2a,p2b\n|-resisted|p2a: Lycanroc|1\n|-damage|p2a: Lycanroc|37/100\n|-damage|p2b: Sylveon|38/100\n|move|p2b: Sylveon|Hyper Voice|p1a: Son|[spread] p1a,p1b\n|-resisted|p1a: Son|1\n|-resisted|p1b: Sore Venue|1\n|-damage|p1a: Son|70/100\n|-damage|p1b: Sore Venue|73/100\n|\n|-weather|SunnyDay|[upkeep]\n|upkeep\n|turn|4\n|inactive|onassi2 has 30 seconds left.\n|inactive|majormischief has 30 seconds left.\n|inactive|onassi2 has 20 seconds left.\n|inactive|majormischief has 20 seconds left.\n|inactive|majormischief has 15 seconds left.\n|\n|t:|1788309769\n|move|p2a: Lycanroc|Protect|p2a: Lycanroc\n|-singleturn|p2a: Lycanroc|Protect\n|move|p1b: Sore Venue|Sludge Bomb|p2b: Sylveon\n|-supereffective|p2b: Sylveon|1\n|-damage|p2b: Sylveon|0 fnt\n|faint|p2b: Sylveon\n|move|p1a: Son|Eruption|p2a: Lycanroc\n|-activate|p2a: Lycanroc|move: Protect\n|\n|-weather|SunnyDay|[upkeep]\n|upkeep\n|\n|t:|1788309780\n|switch|p2b: Kangaskhan|Kangaskhan-Mega, L50, F|20/100y\n|turn|5\n|\n|t:|1788309796\n|switch|p1a: Ramalam|Malamar, L50, M|100/100\n|move|p1b: Sore Venue|Protect|p1b: Sore Venue\n|-singleturn|p1b: Sore Venue|Protect\n|move|p2b: Kangaskhan|Fake Out|p1a: Ramalam\n|-damage|p1a: Ramalam|78/100\n|-damage|p1a: Ramalam|74/100\n|-hitcount|p1a: Ramalam|2\n|move|p2a: Lycanroc|Rock Slide|p1a: Ramalam|[spread] p1a\n|-activate|p1b: Sore Venue|move: Protect\n|-damage|p1a: Ramalam|45/100\n|\n|-weather|SunnyDay|[upkeep]\n|upkeep\n|turn|6\n|inactive|onassi2 has 30 seconds left.\n|inactive|majormischief has 30 seconds left.\n|inactive|onassi2 has 20 seconds left.\n|inactive|majormischief has 20 seconds left.\n|inactive|majormischief has 15 seconds left.\n|inactive|majormischief has 10 seconds left.\n|inactive|majormischief has 5 seconds left.\n|\n|t:|1788309847\n|move|p1b: Sore Venue|Sludge Bomb|p2b: Kangaskhan\n|-damage|p2b: Kangaskhan|0 fnt\n|faint|p2b: Kangaskhan\n|move|p2a: Lycanroc|Rock Slide|p1b: Sore Venue|[spread] p1a,p1b\n|-damage|p1a: Ramalam|17/100\n|-damage|p1b: Sore Venue|36/100\n|move|p1a: Ramalam|Superpower|p2a: Lycanroc\n|-supereffective|p2a: Lycanroc|1\n|-damage|p2a: Lycanroc|0 fnt\n|-boost|p1a: Ramalam|atk|1\n|-boost|p1a: Ramalam|def|1\n|faint|p2a: Lycanroc\n|\n|-weather|none\n|upkeep\n|\n|t:|1788309856\n|switch|p2b: Basculegion|Basculegion, L50, M|100/100\n|turn|7\n|\n|t:|1788309873\n|detailschange|p1b: Sore Venue|Venusaur-Mega, L50, M\n|-mega|p1b: Sore Venue|Venusaur|Venusaurite\n|move|p2b: Basculegion|Wave Crash|p1b: Sore Venue\n|-resisted|p1b: Sore Venue|1\n|-damage|p1b: Sore Venue|0 fnt\n|faint|p1b: Sore Venue\n|-damage|p2b: Basculegion|89/100|[from] Recoil\n|move|p1a: Ramalam|Throat Chop|p2b: Basculegion\n|-supereffective|p2b: Basculegion|1\n|-damage|p2b: Basculegion|0 fnt\n|faint|p2b: Basculegion\n|\n|win|onassi2\n|c|☆majormischief|gg!\n|c|☆onassi2|ggwp\n","uploadtime":1788309883,"views":"24","formatid":"gen9championsvgc2026regmb","rating":null,"private":0,"password":null}