{"id":"gen9championsvgc2026regmb-2674266461","format":"[Gen 9 Champions] VGC 2026 Reg M-B","players":["Thornlace48812","DominicGV"],"log":"|j|☆Thornlace48812\n|j|☆DominicGV\n|t:|1788327064\n|gametype|doubles\n|player|p1|Thornlace48812|1|1175\n|player|p2|DominicGV|waiter-gen4dp|1264\n|gen|9\n|tier|[Gen 9 Champions] VGC 2026 Reg M-B\n|rated|\n|rule|Species Clause: Limit one of each Pokémon\n|rule|Item Clause: Limit 1 of each item\n|clearpoke\n|poke|p1|Garchomp, L50, M|\n|poke|p1|Charizard, L50, M|\n|poke|p1|Whimsicott, L50, M|\n|poke|p1|Sylveon, L50, M|\n|poke|p1|Kingambit, L50, M|\n|poke|p1|Basculegion, L50, M|\n|poke|p2|Torkoal, L50, M|\n|poke|p2|Farigiraf, L50, M|\n|poke|p2|Sylveon, L50, M|\n|poke|p2|Kingambit, L50, M|\n|poke|p2|Appletun, L50, F|\n|poke|p2|Kangaskhan, L50, F|\n|teampreview|4\n|inactive|Battle timer is ON: inactive players will automatically lose when time's up. (requested by DominicGV)\n|inactive|Thornlace48812 also wants the timer to be on.\nThornlace48812 rejected open team sheets.\n|inactive|DominicGV has 60 seconds left.\n|\n|t:|1788327110\n|teamsize|p1|4\n|teamsize|p2|4\n|start\n|switch|p1a: Charizard|Charizard, L50, M|100/100\n|switch|p1b: Whimsicott|Whimsicott, L50, M|100/100\n|switch|p2a: Farigiraf|Farigiraf, L50, M|100/100\n|switch|p2b: Kangaskhan|Kangaskhan, L50, F|100/100\n|turn|1\n|\n|t:|1788327120\n|detailschange|p1a: Charizard|Charizard-Mega-Y, L50, M\n|-mega|p1a: Charizard|Charizard|Charizardite Y\n|-weather|SunnyDay|[from] ability: Drought|[of] p1a: Charizard\n|detailschange|p2b: Kangaskhan|Kangaskhan-Mega, L50, F\n|-mega|p2b: Kangaskhan|Kangaskhan|Kangaskhanite\n|move|p2b: Kangaskhan|Fake Out|p1a: Charizard\n|-damage|p1a: Charizard|72/100\n|-damage|p1a: Charizard|66/100\n|-hitcount|p1a: Charizard|2\n|move|p1b: Whimsicott|Moonblast|p2b: Kangaskhan\n|-damage|p2b: Kangaskhan|68/100\n|cant|p1a: Charizard|flinch\n|move|p2a: Farigiraf|Trick Room|p2a: Farigiraf\n|-fieldstart|move: Trick Room|[of] p2a: Farigiraf\n|\n|-weather|SunnyDay|[upkeep]\n|upkeep\n|turn|2\n|\n|t:|1788327133\n|move|p1b: Whimsicott|Tailwind|p1b: Whimsicott\n|-sidestart|p1: Thornlace48812|move: Tailwind\n|move|p2a: Farigiraf|Psychic|p1a: Charizard\n|-damage|p1a: Charizard|33/100\n|move|p2b: Kangaskhan|Double-Edge|p1b: Whimsicott\n|-enditem|p1b: Whimsicott|Focus Sash\n|-damage|p1b: Whimsicott|1/100\n|-damage|p1b: Whimsicott|0 fnt\n|faint|p1b: Whimsicott\n|-hitcount|p1: Whimsicott|2\n|-damage|p2b: Kangaskhan|47/100|[from] Recoil\n|move|p1a: Charizard|Heat Wave|p2a: Farigiraf|[spread] p2a,p2b\n|-damage|p2a: Farigiraf|39/100\n|-damage|p2b: Kangaskhan|0 fnt\n|-enditem|p2a: Farigiraf|Sitrus Berry|[eat]\n|-heal|p2a: Farigiraf|64/100|[from] item: Sitrus Berry\n|faint|p2b: Kangaskhan\n|\n|-weather|SunnyDay|[upkeep]\n|upkeep\n|\n|t:|1788327141\n|switch|p2b: Torkoal|Torkoal, L50, M|100/100\n|switch|p1b: Sylveon|Sylveon, L50, M|100/100\n|turn|3\n|\n|t:|1788327149\n|move|p2b: Torkoal|Eruption|p1a: Charizard|[spread] p1a,p1b\n|-resisted|p1a: Charizard|1\n|-damage|p1a: Charizard|0 fnt\n|-damage|p1b: Sylveon|37/100\n|faint|p1a: Charizard\n|move|p2a: Farigiraf|Psychic|p1b: Sylveon\n|-damage|p1b: Sylveon|11/100\n|move|p1b: Sylveon|Hyper Voice|p2a: Farigiraf|[spread] p2a,p2b\n|-resisted|p2b: Torkoal|1\n|-damage|p2a: Farigiraf|17/100\n|-damage|p2b: Torkoal|63/100\n|\n|-weather|SunnyDay|[upkeep]\n|upkeep\n|\n|t:|1788327149\n|switch|p1a: Basculegion|Basculegion, L50, M|100/100\n|turn|4\n|\n|t:|1788327166\n|move|p2b: Torkoal|Weather Ball|p1a: Basculegion\n|-resisted|p1a: Basculegion|1\n|-damage|p1a: Basculegion|57/100\n|move|p2a: Farigiraf|Psychic|p1b: Sylveon\n|-damage|p1b: Sylveon|0 fnt\n|faint|p1b: Sylveon\n|move|p1a: Basculegion|Last Respects|p2b: Torkoal\n|-damage|p2b: Torkoal|0 fnt\n|faint|p2b: Torkoal\n|\n|-weather|SunnyDay|[upkeep]\n|upkeep\n|\n|t:|1788327169\n|switch|p2b: Appletun|Appletun, L50, F|100/100\n|turn|5\n|\n|t:|1788327173\n|move|p2b: Appletun|Apple Acid|p1a: Basculegion\n|-supereffective|p1a: Basculegion|1\n|-damage|p1a: Basculegion|0 fnt\n|faint|p1a: Basculegion\n|\n|win|DominicGV\n|raw|Thornlace48812's rating: 1244 &rarr; <strong>1220</strong><br />(-24 for losing)\n|raw|DominicGV's rating: 1264 &rarr; <strong>1288</strong><br />(+24 for winning)\n","uploadtime":1788327174,"views":"1","formatid":"gen9championsvgc2026regmb","rating":1220,"private":0,"password":null}