{"id":"gen9championsvgc2026regmb-2674115450","format":"[Gen 9 Champions] VGC 2026 Reg M-B","players":["wc123456789","raiju redloh"],"log":"|j|☆wc123456789\n|j|☆raiju redloh\n|t:|1788301333\n|gametype|doubles\n|player|p1|wc123456789|1|1047\n|player|p2|raiju redloh|whitney|1114\n|gen|9\n|tier|[Gen 9 Champions] VGC 2026 Reg M-B\n|rated|\n|rule|Species Clause: Limit one of each Pokémon\n|rule|Item Clause: Limit 1 of each item\n|clearpoke\n|poke|p1|Dragonite, L50, M|\n|poke|p1|Sneasler, L50, M|\n|poke|p1|Kingambit, L50, F|\n|poke|p1|Basculegion, L50, M|\n|poke|p1|Whimsicott, L50, M|\n|poke|p1|Floette-Eternal, L50, F|\n|poke|p2|Lopunny, L50, F, shiny|\n|poke|p2|Oranguru, L50, F, shiny|\n|poke|p2|Sneasler, L50, F|\n|poke|p2|Torkoal, L50, F|\n|poke|p2|Drampa, L50, F|\n|poke|p2|Sceptile, L50, F|\n|teampreview|4\n|\n|t:|1788301388\n|teamsize|p1|4\n|teamsize|p2|4\n|start\n|switch|p1a: Dragonite|Dragonite, L50, M|100/100\n|switch|p1b: Sneasler|Sneasler, L50, M|100/100\n|switch|p2a: Lopunny|Lopunny, L50, F, shiny|100/100\n|switch|p2b: Torkoal|Torkoal, L50, F|100/100\n|-weather|SunnyDay|[from] ability: Drought|[of] p2b: Torkoal\n|turn|1\n|\n|t:|1788301408\n|detailschange|p2a: Lopunny|Lopunny-Mega, L50, F, shiny\n|-mega|p2a: Lopunny|Lopunny|Lopunnite\n|move|p2b: Torkoal|Protect|p2b: Torkoal\n|-singleturn|p2b: Torkoal|Protect\n|move|p2a: Lopunny|Fake Out|p1b: Sneasler\n|-damage|p1b: Sneasler|67/100\n|cant|p1b: Sneasler|flinch\n|move|p1a: Dragonite|Heat Wave|p2b: Torkoal|[spread] \n|-activate|p2b: Torkoal|move: Protect\n|-miss|p1a: Dragonite|p2a: Lopunny\n|\n|-weather|SunnyDay|[upkeep]\n|upkeep\n|turn|2\n|\n|t:|1788301435\n|move|p2a: Lopunny|After You|p2b: Torkoal\n|-activate|p2b: Torkoal|move: After You\n|move|p2b: Torkoal|Eruption|p1a: Dragonite|[spread] p1a,p1b\n|-resisted|p1a: Dragonite|1\n|-damage|p1a: Dragonite|50/100g\n|-damage|p1b: Sneasler|0 fnt\n|faint|p1b: Sneasler\n|move|p1a: Dragonite|Heat Wave|p2b: Torkoal|[spread] p2b\n|-miss|p1a: Dragonite|p2a: Lopunny\n|-resisted|p2b: Torkoal|1\n|-damage|p2b: Torkoal|78/100\n|\n|-weather|SunnyDay|[upkeep]\n|upkeep\n|\n|t:|1788301447\n|switch|p1b: Whimsicott|Whimsicott, L50, M|100/100\n|turn|3\n|\n|t:|1788301456\n|detailschange|p1a: Dragonite|Dragonite-Mega, L50, M\n|-mega|p1a: Dragonite|Dragonite|Dragoninite\n|move|p1b: Whimsicott|Tailwind|p1b: Whimsicott\n|-sidestart|p1: wc123456789|move: Tailwind\n|move|p1a: Dragonite|Heat Wave|p2b: Torkoal|[spread] p2a,p2b\n|-resisted|p2b: Torkoal|1\n|-damage|p2a: Lopunny|42/100\n|-damage|p2b: Torkoal|53/100\n|move|p2a: Lopunny|After You|p2b: Torkoal\n|-activate|p2b: Torkoal|move: After You\n|move|p2b: Torkoal|Eruption|p1b: Whimsicott|[spread] p1a,p1b\n|-resisted|p1a: Dragonite|1\n|-supereffective|p1b: Whimsicott|1\n|-damage|p1a: Dragonite|27/100\n|-enditem|p1b: Whimsicott|Focus Sash\n|-damage|p1b: Whimsicott|1/100\n|\n|-weather|SunnyDay|[upkeep]\n|upkeep\n|turn|4\n|\n|t:|1788301480\n|move|p2b: Torkoal|Protect|p2b: Torkoal\n|-singleturn|p2b: Torkoal|Protect\n|move|p1b: Whimsicott|Moonblast|p2a: Lopunny\n|-supereffective|p2a: Lopunny|1\n|-damage|p2a: Lopunny|0 fnt\n|faint|p2a: Lopunny\n|move|p1a: Dragonite|Dragon Pulse|p2b: Torkoal\n|-activate|p2b: Torkoal|move: Protect\n|\n|-weather|SunnyDay|[upkeep]\n|upkeep\n|\n|t:|1788301494\n|switch|p2a: Sceptile|Sceptile, L50, F|100/100\n|turn|5\n|\n|t:|1788301507\n|move|p1b: Whimsicott|Moonblast|p2b: Torkoal\n|-resisted|p2b: Torkoal|1\n|-damage|p2b: Torkoal|31/100\n|move|p1a: Dragonite|Heat Wave|p2a: Sceptile|[spread] p2a,p2b\n|-supereffective|p2a: Sceptile|1\n|-crit|p2a: Sceptile\n|-resisted|p2b: Torkoal|1\n|-enditem|p2a: Sceptile|Focus Sash\n|-damage|p2a: Sceptile|1/100\n|-damage|p2b: Torkoal|3/100\n|move|p2a: Sceptile|Dragon Pulse|p1a: Dragonite\n|-supereffective|p1a: Dragonite|1\n|-damage|p1a: Dragonite|0 fnt\n|faint|p1a: Dragonite\n|move|p2b: Torkoal|Heat Wave|p1b: Whimsicott\n|-supereffective|p1b: Whimsicott|1\n|-damage|p1b: Whimsicott|0 fnt\n|faint|p1b: Whimsicott\n|\n|-weather|none\n|upkeep\n|\n|t:|1788301526\n|switch|p1b: Floette|Floette-Eternal, L50, F|100/100\n|turn|6\n|\n|t:|1788301534\n|move|p2a: Sceptile|Energy Ball|p1b: Floette\n|-damage|p1b: Floette|54/100\n|move|p1b: Floette|Dazzling Gleam|p2b: Torkoal|[spread] p2a,p2b\n|-resisted|p2b: Torkoal|1\n|-damage|p2a: Sceptile|0 fnt\n|-damage|p2b: Torkoal|0 fnt\n|faint|p2a: Sceptile\n|faint|p2b: Torkoal\n|\n|-sideend|p1: wc123456789|move: Tailwind\n|upkeep\n|\n|t:|1788301540\n|switch|p2a: Sneasler|Sneasler, L50, F|100/100\n|turn|7\n|\n|t:|1788301544\n|move|p1b: Floette|Protect|p1b: Floette\n|-singleturn|p1b: Floette|Protect\n|move|p2a: Sneasler|Dire Claw|p1b: Floette\n|-activate|p1b: Floette|move: Protect\n|\n|upkeep\n|turn|8\n|\n|t:|1788301557\n|move|p1b: Floette|Light of Ruin|p2a: Sneasler\n|-damage|p2a: Sneasler|1/100\n|-damage|p1b: Floette|0 fnt|[from] Recoil\n|faint|p1b: Floette\n|\n|win|raiju redloh\n|raw|wc123456789's rating: 1047 &rarr; <strong>1033</strong><br />(-14 for losing)\n|raw|raiju redloh's rating: 1114 &rarr; <strong>1134</strong><br />(+20 for winning)\n","uploadtime":1788301577,"views":"25","formatid":"gen9championsvgc2026regmb","rating":1033,"private":0,"password":null}