{"id":"gen9championsvgc2026regmb-2674486526","format":"[Gen 9 Champions] VGC 2026 Reg M-B","players":["busterhavoc","seidifiori"],"log":"|j|☆busterhavoc\n|j|☆seidifiori\n|t:|1788365500\n|gametype|doubles\n|player|p1|busterhavoc|wicke|1535\n|player|p2|seidifiori|n|1531\n|gen|9\n|tier|[Gen 9 Champions] VGC 2026 Reg M-B\n|rated|\n|rule|Species Clause: Limit one of each Pokémon\n|rule|Item Clause: Limit 1 of each item\n|clearpoke\n|poke|p1|Raichu, L50, F|\n|poke|p1|Incineroar, L50, M|\n|poke|p1|Vanilluxe, L50, F|\n|poke|p1|Basculegion, L50, M|\n|poke|p1|Sneasler, L50, F|\n|poke|p1|Farigiraf, L50, M|\n|poke|p2|Sylveon, L50, F|\n|poke|p2|Kingambit, L50, M|\n|poke|p2|Raichu, L50, M|\n|poke|p2|Farigiraf, L50, M|\n|poke|p2|Staraptor, L50, M, shiny|\n|poke|p2|Arcanine-Hisui, L50, M, shiny|\n|teampreview|4\n|inactive|Battle timer is ON: inactive players will automatically lose when time's up. (requested by seidifiori)\n|inactive|busterhavoc also wants the timer to be on.\n|c|☆seidifiori|AYO? vanillish is dope\n|inactive|seidifiori has 60 seconds left.\n|c|☆seidifiori|best of luck twin\n|\n|t:|1788365536\n|teamsize|p1|4\n|teamsize|p2|4\n|start\n|switch|p1a: Sneasler|Sneasler, L50, F|100/100\n|switch|p1b: Basculegion|Basculegion, L50, M|100/100\n|switch|p2a: Ahrabaki|Farigiraf, L50, M|100/100\n|switch|p2b: Orpheus|Arcanine-Hisui, L50, M, shiny|100/100\n|turn|1\n|\n|t:|1788365554\n|move|p2b: Orpheus|Protect|p2b: Orpheus\n|-singleturn|p2b: Orpheus|Protect\n|move|p1a: Sneasler|Poison Jab|p2a: Ahrabaki\n|-damage|p2a: Ahrabaki|65/100\n|move|p1b: Basculegion|Wave Crash|p2b: Orpheus\n|-activate|p2b: Orpheus|move: Protect\n|move|p2a: Ahrabaki|Twin Beam|p1a: Sneasler\n|-supereffective|p1a: Sneasler|2\n|-damage|p1a: Sneasler|7/100\n|-supereffective|p1a: Sneasler|2\n|-damage|p1a: Sneasler|0 fnt\n|faint|p1a: Sneasler\n|-hitcount|p1: Sneasler|2\n|\n|upkeep\n|\n|t:|1788365558\n|switch|p1a: Raichu|Raichu, L50, F|100/100\n|turn|2\n|\n|t:|1788365579\n|switch|p2a: Izanagi|Raichu, L50, M|100/100\n|detailschange|p1a: Raichu|Raichu-Mega-Y, L50, F\n|-mega|p1a: Raichu|Raichu|Raichunite Y\n|move|p1a: Raichu|Focus Blast|p2b: Orpheus\n|-supereffective|p2b: Orpheus|1\n|-damage|p2b: Orpheus|1/100\n|move|p2b: Orpheus|Head Smash|p1b: Basculegion\n|-damage|p1b: Basculegion|5/100\n|-enditem|p1b: Basculegion|Sitrus Berry|[eat]\n|-heal|p1b: Basculegion|30/100|[from] item: Sitrus Berry\n|move|p1b: Basculegion|Wave Crash|p2a: Izanagi\n|-damage|p2a: Izanagi|0 fnt\n|faint|p2a: Izanagi\n|-damage|p1b: Basculegion|4/100|[from] Recoil\n|\n|upkeep\n|c|☆seidifiori|aaah dang\n|\n|t:|1788365594\n|switch|p2a: Ahrabaki|Farigiraf, L50, M|65/100\n|turn|3\n|\n|t:|1788365609\n|move|p1b: Basculegion|Protect|p1b: Basculegion\n|-singleturn|p1b: Basculegion|Protect\n|move|p1a: Raichu|Zap Cannon|p2a: Ahrabaki\n|-damage|p2a: Ahrabaki|11/100\n|-status|p2a: Ahrabaki|par\n|-enditem|p2a: Ahrabaki|Sitrus Berry|[eat]\n|-heal|p2a: Ahrabaki|36/100 par|[from] item: Sitrus Berry\n|move|p2b: Orpheus|Rock Slide|p1b: Basculegion|[spread] p1a\n|-activate|p1b: Basculegion|move: Protect\n|-damage|p1a: Raichu|65/100\n|cant|p2a: Ahrabaki|par\n|\n|upkeep\n|turn|4\n|c|☆seidifiori|fuuck ahahaha\n|\n|t:|1788365628\n|move|p2b: Orpheus|Protect|p2b: Orpheus\n|-singleturn|p2b: Orpheus|Protect\n|move|p1a: Raichu|Zap Cannon|p2a: Ahrabaki\n|-damage|p2a: Ahrabaki|0 fnt\n|faint|p2a: Ahrabaki\n|move|p1b: Basculegion|Wave Crash|p2b: Orpheus\n|-activate|p2b: Orpheus|move: Protect\n|\n|upkeep\n|\n|t:|1788365630\n|switch|p2a: Goemon|Kingambit, L50, M|100/100\n|turn|5\n|\n|t:|1788365640\n|move|p1b: Basculegion|Aqua Jet|p2b: Orpheus\n|-supereffective|p2b: Orpheus|2\n|-damage|p2b: Orpheus|0 fnt\n|faint|p2b: Orpheus\n|move|p2a: Goemon|Sucker Punch|p1a: Raichu\n|-damage|p1a: Raichu|15/100\n|move|p1a: Raichu|Focus Blast|p2a: Goemon\n|-supereffective|p2a: Goemon|2\n|-enditem|p2a: Goemon|Chople Berry|[eat]\n|-enditem|p2a: Goemon|Chople Berry|[weaken]\n|-damage|p2a: Goemon|18/100\n|\n|upkeep\n|turn|6\n|c|☆seidifiori|well gg\n|c|☆busterhavoc|Gg wp.\n|c|☆seidifiori|oh so now you talk,asshole\n|-message|seidifiori forfeited.\n|\n|win|busterhavoc\n","uploadtime":1788365660,"views":"5","formatid":"gen9championsvgc2026regmb","rating":null,"private":0,"password":null}