{"id":"gen9championsvgc2026regmb-2674254059","format":"[Gen 9 Champions] VGC 2026 Reg M-B","players":["unowns-in-owns","Thornlace48812"],"log":"|j|☆unowns-in-owns\n|j|☆Thornlace48812\n|t:|1788324207\n|gametype|doubles\n|player|p1|unowns-in-owns|102|1040\n|player|p2|Thornlace48812|1|1058\n|gen|9\n|tier|[Gen 9 Champions] VGC 2026 Reg M-B\n|rated|\n|rule|Species Clause: Limit one of each Pokémon\n|rule|Item Clause: Limit 1 of each item\n|clearpoke\n|poke|p1|Pyroar, L50, M|\n|poke|p1|Farigiraf, L50, M|\n|poke|p1|Whimsicott, L50, F|\n|poke|p1|Ninetales, L50, M|\n|poke|p1|Aegislash, L50, F|\n|poke|p1|Floette-Eternal, L50, F|\n|poke|p2|Garchomp, L50, F|\n|poke|p2|Charizard, L50, M|\n|poke|p2|Whimsicott, L50, F|\n|poke|p2|Sylveon, L50, M|\n|poke|p2|Kingambit, L50, M|\n|poke|p2|Basculegion, L50, M|\n|teampreview|4\n|inactive|Battle timer is ON: inactive players will automatically lose when time's up. (requested by Thornlace48812)\nThornlace48812 rejected open team sheets.\n|\n|t:|1788324237\n|teamsize|p1|4\n|teamsize|p2|4\n|start\n|switch|p1a: Aegislash|Aegislash, L50, F|100/100\n|switch|p1b: Farigiraf|Farigiraf, L50, M|100/100\n|switch|p2a: Charizard|Charizard, L50, M|100/100\n|switch|p2b: Sylveon|Sylveon, L50, M|100/100\n|turn|1\n|\n|t:|1788324249\n|detailschange|p2a: Charizard|Charizard-Mega-Y, L50, M\n|-mega|p2a: Charizard|Charizard|Charizardite Y\n|-weather|SunnyDay|[from] ability: Drought|[of] p2a: Charizard\n|move|p1a: Aegislash|Wide Guard|p1a: Aegislash\n|-singleturn|p1a: Aegislash|Wide Guard\n|move|p2a: Charizard|Heat Wave|p1a: Aegislash|[spread] \n|-activate|p1a: Aegislash|move: Wide Guard\n|-activate|p1b: Farigiraf|move: Wide Guard\n|move|p2b: Sylveon|Hyper Beam|p1b: Farigiraf\n|-damage|p1b: Farigiraf|0 fnt\n|-mustrecharge|p2b: Sylveon\n|faint|p1b: Farigiraf\n|\n|-weather|SunnyDay|[upkeep]\n|upkeep\n|\n|t:|1788324255\n|switch|p1b: Whimsicott|Whimsicott, L50, F|100/100\n|turn|2\n|\n|t:|1788324261\n|move|p1b: Whimsicott|Tailwind|p1b: Whimsicott\n|-sidestart|p1: unowns-in-owns|move: Tailwind\n|-formechange|p1a: Aegislash|Aegislash-Blade|\n|move|p1a: Aegislash|Iron Head|p2b: Sylveon\n|-supereffective|p2b: Sylveon|1\n|-damage|p2b: Sylveon|0 fnt\n|faint|p2b: Sylveon\n|move|p2a: Charizard|Heat Wave|p1b: Whimsicott|[spread] \n|-miss|p2a: Charizard|p1a: Aegislash\n|-miss|p2a: Charizard|p1b: Whimsicott\n|\n|-weather|SunnyDay|[upkeep]\n|upkeep\n|\n|t:|1788324262\n|switch|p2b: Basculegion|Basculegion, L50, M|100/100\n|turn|3\n|inactive|unowns-in-owns has 30 seconds left.\n|\n|t:|1788324289\n|move|p1b: Whimsicott|Fake Tears|p2a: Charizard\n|-unboost|p2a: Charizard|spd|2\n|move|p2a: Charizard|Heat Wave|p1b: Whimsicott|[spread] p1a,p1b\n|-supereffective|p1a: Aegislash|1\n|-enditem|p1a: Aegislash|Occa Berry|[eat]\n|-enditem|p1a: Aegislash|Occa Berry|[weaken]\n|-supereffective|p1b: Whimsicott|1\n|-damage|p1a: Aegislash|0 fnt\n|-enditem|p1b: Whimsicott|Focus Sash\n|-damage|p1b: Whimsicott|1/100\n|-status|p1b: Whimsicott|brn\n|faint|p1a: Aegislash\n|move|p2b: Basculegion|Wave Crash|p1b: Whimsicott\n|-resisted|p1b: Whimsicott|1\n|-damage|p1b: Whimsicott|0 fnt\n|faint|p1b: Whimsicott\n|-damage|p2b: Basculegion|99/100|[from] Recoil\n|\n|-weather|SunnyDay|[upkeep]\n|upkeep\n|\n|t:|1788324303\n|switch|p1b: Floette|Floette-Eternal, L50, F|100/100\n|turn|4\n|\n|t:|1788324306\n|detailschange|p1b: Floette|Floette-Mega, L50, F\n|-mega|p1b: Floette|Floette|Floettite\n|-ability|p1b: Floette|Fairy Aura\n|move|p2a: Charizard|Protect|p2a: Charizard\n|-singleturn|p2a: Charizard|Protect\n|move|p1b: Floette|Dazzling Gleam|p2a: Charizard|[spread] p2b\n|-activate|p2a: Charizard|move: Protect\n|-damage|p2b: Basculegion|42/100\n|move|p2b: Basculegion|Last Respects|p1b: Floette\n|-damage|p1b: Floette|22/100\n|\n|-weather|SunnyDay|[upkeep]\n|upkeep\n|turn|5\n|\n|t:|1788324312\n|move|p1b: Floette|Dazzling Gleam|p2b: Basculegion|[spread] p2a,p2b\n|-resisted|p2a: Charizard|1\n|-damage|p2a: Charizard|50/100g\n|-damage|p2b: Basculegion|0 fnt\n|faint|p2b: Basculegion\n|move|p2a: Charizard|Ancient Power|p1b: Floette\n|-damage|p1b: Floette|2/100\n|\n|-weather|none\n|-sideend|p1: unowns-in-owns|move: Tailwind\n|upkeep\n|\n|t:|1788324312\n|switch|p2b: Kingambit|Kingambit, L50, M|100/100\n|-activate|p2b: Kingambit|ability: Supreme Overlord\n|-start|p2b: Kingambit|fallen2|[silent]\n|turn|6\n|-message|unowns-in-owns forfeited.\n|\n|win|Thornlace48812\n|raw|unowns-in-owns's rating: 1040 &rarr; <strong>1027</strong><br />(-13 for losing)\n|raw|Thornlace48812's rating: 1097 &rarr; <strong>1118</strong><br />(+21 for winning)\n","uploadtime":1788324316,"views":"2","formatid":"gen9championsvgc2026regmb","rating":1027,"private":0,"password":null}