{"id":"gen9championsvgc2026regmbbo3-2674707447","format":"[Gen 9 Champions] VGC 2026 Reg M-B (Bo3)","players":["lHopi","vilan333"],"log":"|j|☆lHopi\n|j|☆vilan333\n|html|<table width=\"100%\"><tr><td align=\"left\">lHopi</td><td align=\"right\">vilan333</tr><tr><td align=\"left\"><i class=\"fa fa-circle\"></i> <i class=\"fa fa-circle-o\"></i> </td><td align=\"right\"><i class=\"fa fa-circle-o\"></i> <i class=\"fa fa-circle\"></i> </tr></table>\n|uhtml|bestof|<h2><strong>Game 3</strong> of <a href=\"/game-bestof3-gen9championsvgc2026regmbbo3-2674702354\">a best-of-3</a></h2>\n|t:|1788393685\n|gametype|doubles\n|player|p1|lHopi|n|1336\n|player|p2|vilan333|marshal|1284\n|gen|9\n|tier|[Gen 9 Champions] VGC 2026 Reg M-B (Bo3)\n|rated|\n|rule|Species Clause: Limit one of each Pokémon\n|rule|Item Clause: Limit 1 of each item\n|clearpoke\n|poke|p1|Charizard, L50, F|\n|poke|p1|Floette-Eternal, L50, F|\n|poke|p1|Whimsicott, L50, M|\n|poke|p1|Garchomp, L50, F|\n|poke|p1|Kingambit, L50, F|\n|poke|p1|Basculegion, L50, M|\n|poke|p2|Raichu, L50, F|\n|poke|p2|Staraptor, L50, M, shiny|\n|poke|p2|Glimmora, L50, M, shiny|\n|poke|p2|Kingambit, L50, M, shiny|\n|poke|p2|Sylveon, L50, M|\n|poke|p2|Farigiraf, L50, M|\n|teampreview|4\n|showteam|p1|Charizard||CharizarditeY|Blaze|AncientPower,HeatWave,WeatherBall,Protect|Timid||F|||50|]Floette-Eternal||Floettite|FlowerVeil|LightofRuin,DazzlingGleam,Moonblast,Protect|Modest||F|||50|]Whimsicott||FocusSash|Prankster|Moonblast,Tailwind,Encore,Protect|Timid||M|||50|]Garchomp||SitrusBerry|RoughSkin|Earthquake,RockSlide,DragonClaw,Protect|Jolly||F|||50|]Kingambit||OccaBerry|Defiant|KowtowCleave,SuckerPunch,IronHead,LowKick|Adamant||F|||50|]Basculegion||LifeOrb|Adaptability|WaveCrash,LastRespects,AquaJet,Protect|Adamant||M|||50|\n|showteam|p2|Raichu||RaichuniteY|LightningRod|Protect,FakeOut,ZapCannon,FocusBlast|Timid||F|||50|]Staraptor||Staraptite|Intimidate|Protect,CloseCombat,BraveBird,Tailwind|Jolly||M|||50|]Glimmora||FocusSash|ToxicDebris|SpikyShield,PowerGem,EarthPower,SludgeBomb|Timid||M|||50|]Kingambit||ChopleBerry|Defiant|Protect,KowtowCleave,SuckerPunch,SwordsDance|Adamant||M|||50|]Sylveon||FairyFeather|Pixilate|Detect,HyperBeam,HyperVoice,QuickAttack|Modest||M|||50|]Farigiraf||SitrusBerry|ArmorTail|Protect,Psyshock,HelpingHand,TrickRoom|Calm||M|||50|\n|inactive|Battle timer is ON: inactive players will automatically lose when time's up. (requested by vilan333)\n|\n|t:|1788393743\n|teamsize|p1|4\n|teamsize|p2|4\n|start\n|switch|p1a: Whimsicott|Whimsicott, L50, M|100/100\n|switch|p1b: Basculegion|Basculegion, L50, M|100/100\n|switch|p2a: Staraptor|Staraptor, L50, M, shiny|100/100\n|switch|p2b: Glimmora|Glimmora, L50, M, shiny|100/100\n|-ability|p2a: Staraptor|Intimidate|boost\n|-unboost|p1a: Whimsicott|atk|1\n|-unboost|p1b: Basculegion|atk|1\n|turn|1\n|inactive|lHopi has 30 seconds left.\n|inactive|vilan333 has 30 seconds left.\n|inactive|lHopi has 20 seconds left.\n|\n|t:|1788393780\n|switch|p2a: Farigiraf|Farigiraf, L50, M|100/100\n|move|p2b: Glimmora|Spiky Shield|p2b: Glimmora\n|-singleturn|p2b: Glimmora|move: Protect\n|move|p1b: Basculegion|Aqua Jet||[still]\n|cant|p2a: Farigiraf|ability: Armor Tail|Aqua Jet|[of] p1b: Basculegion\n|move|p1a: Whimsicott|Moonblast|p2a: Farigiraf\n|-damage|p2a: Farigiraf|68/100\n|-unboost|p2a: Farigiraf|spa|1\n|\n|upkeep\n|turn|2\n|\n|t:|1788393801\n|switch|p1a: Kingambit|Kingambit, L50, F|100/100\n|switch|p2a: Staraptor|Staraptor, L50, M, shiny|100/100\n|-ability|p2a: Staraptor|Intimidate|boost\n|-unboost|p1a: Kingambit|atk|1\n|-ability|p1a: Kingambit|Defiant|boost\n|-boost|p1a: Kingambit|atk|2\n|-unboost|p1b: Basculegion|atk|1\n|move|p2b: Glimmora|Sludge Bomb|p1a: Kingambit\n|-immune|p1a: Kingambit\n|move|p1b: Basculegion|Wave Crash|p2b: Glimmora\n|-supereffective|p2b: Glimmora|1\n|-enditem|p2b: Glimmora|Focus Sash\n|-damage|p2b: Glimmora|1/100\n|-activate|p2b: Glimmora|ability: Toxic Debris\n|-sidestart|p1: lHopi|move: Toxic Spikes\n|-damage|p1b: Basculegion|73/100|[from] Recoil\n|-damage|p1b: Basculegion|63/100|[from] item: Life Orb\n|\n|upkeep\n|turn|3\n|inactive|lHopi has 30 seconds left.\n|inactive|vilan333 has 30 seconds left.\n|inactive|lHopi has 20 seconds left.\n|inactive|lHopi has 15 seconds left.\n|inactive|lHopi has 10 seconds left.\n|inactive|lHopi has 5 seconds left.\n|\n|t:|1788393851\n|detailschange|p2a: Staraptor|Staraptor-Mega, L50, M, shiny\n|-mega|p2a: Staraptor|Staraptor|Staraptite\n|move|p2b: Glimmora|Spiky Shield|p2b: Glimmora\n|-singleturn|p2b: Glimmora|move: Protect\n|move|p1b: Basculegion|Protect|p1b: Basculegion\n|-singleturn|p1b: Basculegion|Protect\n|move|p2a: Staraptor|Tailwind|p2a: Staraptor\n|-sidestart|p2: vilan333|move: Tailwind\n|move|p1a: Kingambit|Kowtow Cleave|p2a: Staraptor\n|-resisted|p2a: Staraptor|1\n|-damage|p2a: Staraptor|65/100\n|\n|upkeep\n|turn|4\n|inactive|lHopi has 30 seconds left.\n|\n|t:|1788393878\n|switch|p2b: Sylveon|Sylveon, L50, M|100/100\n|move|p1b: Basculegion|Aqua Jet|p2a: Staraptor\n|-damage|p2a: Staraptor|46/100\n|-damage|p1b: Basculegion|53/100|[from] item: Life Orb\n|move|p2a: Staraptor|Close Combat|p1a: Kingambit\n|-supereffective|p1a: Kingambit|2\n|-crit|p1a: Kingambit\n|-damage|p1a: Kingambit|0 fnt\n|-boost|p2a: Staraptor|def|1\n|-boost|p2a: Staraptor|spd|1\n|faint|p1a: Kingambit\n|\n|upkeep\n|\n|t:|1788393892\n|switch|p1a: Whimsicott|Whimsicott, L50, M|100/100\n|-status|p1a: Whimsicott|psn\n|turn|5\n|\n|t:|1788393909\n|move|p2a: Staraptor|Protect|p2a: Staraptor\n|-singleturn|p2a: Staraptor|Protect\n|move|p1a: Whimsicott|Tailwind|p1a: Whimsicott\n|-sidestart|p1: lHopi|move: Tailwind\n|move|p1b: Basculegion|Wave Crash|p2b: Sylveon\n|-damage|p2b: Sylveon|36/100\n|-damage|p1b: Basculegion|33/100|[from] Recoil\n|-damage|p1b: Basculegion|24/100|[from] item: Life Orb\n|move|p2b: Sylveon|Hyper Voice|p1b: Basculegion|[spread] p1a,p1b\n|-damage|p1a: Whimsicott|22/100 psn\n|-damage|p1b: Basculegion|0 fnt\n|faint|p1b: Basculegion\n|\n|-damage|p1a: Whimsicott|10/100 psn|[from] psn\n|upkeep\n|\n|t:|1788393923\n|switch|p1b: Charizard|Charizard, L50, F|100/100\n|turn|6\n|\n|t:|1788393952\n|detailschange|p1b: Charizard|Charizard-Mega-Y, L50, F\n|-mega|p1b: Charizard|Charizard|Charizardite Y\n|-weather|SunnyDay|[from] ability: Drought|[of] p1b: Charizard\n|move|p2b: Sylveon|Quick Attack|p1a: Whimsicott\n|-damage|p1a: Whimsicott|0 fnt\n|faint|p1a: Whimsicott\n|move|p2a: Staraptor|Brave Bird|p1b: Charizard\n|-damage|p1b: Charizard|33/100\n|-damage|p2a: Staraptor|26/100|[from] Recoil\n|move|p1b: Charizard|Heat Wave|p2a: Staraptor|[spread] p2a,p2b\n|-damage|p2a: Staraptor|0 fnt\n|-damage|p2b: Sylveon|0 fnt\n|faint|p2a: Staraptor\n|faint|p2b: Sylveon\n|\n|-weather|SunnyDay|[upkeep]\n|-sideend|p2: vilan333|move: Tailwind\n|upkeep\n|\n|t:|1788393969\n|switch|p2a: Farigiraf|Farigiraf, L50, M|68/100\n|switch|p2b: Glimmora|Glimmora, L50, M, shiny|1/100\n|turn|7\n|\n|t:|1788393983\n|move|p1b: Charizard|Heat Wave|p2a: Farigiraf|[spread] p2a,p2b\n|-crit|p2a: Farigiraf\n|-resisted|p2b: Glimmora|1\n|-damage|p2a: Farigiraf|0 fnt\n|-damage|p2b: Glimmora|0 fnt\n|faint|p2a: Farigiraf\n|faint|p2b: Glimmora\n|\n|win|lHopi\n|raw|lHopi's rating: 1336 &rarr; <strong>1353</strong><br />(+17 for winning)\n|raw|vilan333's rating: 1284 &rarr; <strong>1263</strong><br />(-21 for losing)\n","uploadtime":1788394005,"views":"6","formatid":"gen9championsvgc2026regmbbo3","rating":1263,"private":0,"password":null}