{"id":"gen9championsvgc2026regmbbo3-2673585976","format":"[Gen 9 Champions] VGC 2026 Reg M-B (Bo3)","players":["pablittoo","DINOLONK"],"log":"|j|☆pablittoo\n|j|☆DINOLONK\n|html|<table width=\"100%\"><tr><td align=\"left\">pablittoo</td><td align=\"right\">DINOLONK</tr><tr><td align=\"left\"><i class=\"fa fa-circle-o\"></i> <i class=\"fa fa-circle-o\"></i> </td><td align=\"right\"><i class=\"fa fa-circle-o\"></i> <i class=\"fa fa-circle-o\"></i> </tr></table>\n|uhtml|bestof|<h2><strong>Game 1</strong> of <a href=\"/game-bestof3-gen9championsvgc2026regmbbo3-2673585975\">a best-of-3</a></h2>\n|t:|1788217089\n|gametype|doubles\n|player|p1|pablittoo|102|1389\n|player|p2|DINOLONK|parasollady-gen4|1342\n|gen|9\n|tier|[Gen 9 Champions] VGC 2026 Reg M-B (Bo3)\n|rated|\n|rule|Species Clause: Limit one of each Pokémon\n|rule|Item Clause: Limit 1 of each item\n|clearpoke\n|poke|p1|Farigiraf, L50, F|\n|poke|p1|Whimsicott, L50, F|\n|poke|p1|Gholdengo, L50|\n|poke|p1|Tyranitar, L50, F|\n|poke|p1|Excadrill, L50, M|\n|poke|p1|Staraptor, L50, M|\n|poke|p2|Dragonite, L50, M|\n|poke|p2|Sneasler, L50, M|\n|poke|p2|Kingambit, L50, F|\n|poke|p2|Basculegion, L50, M|\n|poke|p2|Whimsicott, L50, M|\n|poke|p2|Floette-Eternal, L50, F|\n|teampreview|4\n|showteam|p1|Farigiraf||SitrusBerry|ArmorTail|NastyPlot,TrickRoom,Psychic,Thunderbolt|Bold||F|||50|]Whimsicott||FocusSash|Prankster|Moonblast,Tailwind,Encore,Charm|Timid||F|||50|]Gholdengo||LifeOrb|GoodasGold|MakeItRain,PowerGem,ShadowBall,Protect|Timid|||||50|]Tyranitar||ChopleBerry|SandStream|Protect,KnockOff,RockSlide,LowKick|Adamant||F|||50|]Excadrill||ExpertBelt|SandRush|HighHorsepower,Earthquake,IronHead,Protect|Adamant||M|||50|]Staraptor||Staraptite|Intimidate|CloseCombat,BraveBird,Tailwind,Protect|Jolly||M|||50|\n|showteam|p2|Dragonite||Dragoninite|InnerFocus|DragonPulse,HeatWave,Thunderbolt,Protect|Modest||M|||50|]Sneasler||WhiteHerb|Unburden|DireClaw,CloseCombat,RockSlide,FakeOut|Jolly||M|||50|]Kingambit||ChopleBerry|Defiant|KowtowCleave,SuckerPunch,LowKick,IronHead|Adamant||F|||50|]Basculegion||LifeOrb|Adaptability|WaveCrash,LastRespects,AquaJet,Protect|Adamant||M|||50|]Whimsicott||FocusSash|Prankster|Moonblast,Tailwind,Encore,Protect|Timid||M|||50|]Floette-Eternal||Floettite|FlowerVeil|Moonblast,DazzlingGleam,LightofRuin,Protect|Timid||F|||50|\n|inactive|Battle timer is ON: inactive players will automatically lose when time's up. (requested by DINOLONK)\n|inactive|pablittoo has 60 seconds left.\n|\n|t:|1788217149\n|teamsize|p1|4\n|teamsize|p2|4\n|start\n|switch|p1a: Whimsicott|Whimsicott, L50, F|100/100\n|switch|p1b: Tyranitar|Tyranitar, L50, F|100/100\n|switch|p2a: Floette|Floette-Eternal, L50, F|100/100\n|switch|p2b: Sneasler|Sneasler, L50, M|100/100\n|-weather|Sandstorm|[from] ability: Sand Stream|[of] p1b: Tyranitar\n|turn|1\n|\n|t:|1788217170\n|switch|p1b: Excadrill|Excadrill, L50, M|100/100\n|detailschange|p2a: Floette|Floette-Mega, L50, F\n|-mega|p2a: Floette|Floette|Floettite\n|-ability|p2a: Floette|Fairy Aura\n|move|p1a: Whimsicott|Tailwind|p1a: Whimsicott\n|-sidestart|p1: pablittoo|move: Tailwind\n|move|p2b: Sneasler|Dire Claw|p1a: Whimsicott\n|-supereffective|p1a: Whimsicott|2\n|-enditem|p1a: Whimsicott|Focus Sash\n|-damage|p1a: Whimsicott|1/100\n|move|p2a: Floette|Dazzling Gleam|p1b: Excadrill|[spread] p1a,p1b\n|-resisted|p1b: Excadrill|1\n|-damage|p1a: Whimsicott|0 fnt\n|-damage|p1b: Excadrill|71/100\n|faint|p1a: Whimsicott\n|\n|-weather|Sandstorm|[upkeep]\n|-damage|p2b: Sneasler|94/100|[from] Sandstorm\n|-damage|p2a: Floette|94/100|[from] Sandstorm\n|upkeep\n|\n|t:|1788217186\n|switch|p1a: Staraptor|Staraptor, L50, M|100/100\n|-ability|p1a: Staraptor|Intimidate|boost\n|-unboost|p2a: Floette|atk|1\n|-unboost|p2b: Sneasler|atk|1\n|-enditem|p2b: Sneasler|White Herb\n|-clearnegativeboost|p2b: Sneasler|[silent]\n|turn|2\n|\n|t:|1788217201\n|switch|p2b: Kingambit|Kingambit, L50, F|100/100\n|detailschange|p1a: Staraptor|Staraptor-Mega, L50, M\n|-mega|p1a: Staraptor|Staraptor|Staraptite\n|move|p1b: Excadrill|Protect|p1b: Excadrill\n|-singleturn|p1b: Excadrill|Protect\n|move|p2a: Floette|Protect|p2a: Floette\n|-singleturn|p2a: Floette|Protect\n|move|p1a: Staraptor|Brave Bird|p2b: Kingambit\n|-resisted|p2b: Kingambit|1\n|-crit|p2b: Kingambit\n|-damage|p2b: Kingambit|71/100\n|-damage|p1a: Staraptor|89/100|[from] Recoil\n|\n|-weather|Sandstorm|[upkeep]\n|-damage|p1a: Staraptor|84/100|[from] Sandstorm\n|-damage|p2a: Floette|88/100|[from] Sandstorm\n|upkeep\n|turn|3\n|\n|t:|1788217218\n|switch|p2a: Whimsicott|Whimsicott, L50, M|100/100\n|move|p2b: Kingambit|Sucker Punch|p1b: Excadrill\n|-damage|p1b: Excadrill|25/100\n|move|p1b: Excadrill|Iron Head|p2a: Whimsicott\n|-supereffective|p2a: Whimsicott|1\n|-enditem|p2a: Whimsicott|Focus Sash\n|-damage|p2a: Whimsicott|1/100\n|move|p1a: Staraptor|Close Combat|p2b: Kingambit\n|-supereffective|p2b: Kingambit|2\n|-enditem|p2b: Kingambit|Chople Berry|[eat]\n|-enditem|p2b: Kingambit|Chople Berry|[weaken]\n|-damage|p2b: Kingambit|0 fnt\n|-boost|p1a: Staraptor|def|1\n|-boost|p1a: Staraptor|spd|1\n|faint|p2b: Kingambit\n|\n|-weather|Sandstorm|[upkeep]\n|-damage|p1a: Staraptor|78/100|[from] Sandstorm\n|-damage|p2a: Whimsicott|0 fnt|[from] Sandstorm\n|faint|p2a: Whimsicott\n|upkeep\n|\n|t:|1788217226\n|switch|p2a: Floette|Floette-Mega, L50, F|88/100\n|switch|p2b: Sneasler|Sneasler, L50, M|94/100\n|-ability|p2a: Floette|Fairy Aura\n|turn|4\n|\n|t:|1788217254\n|move|p1b: Excadrill|Protect|p1b: Excadrill\n|-singleturn|p1b: Excadrill|Protect\n|move|p1a: Staraptor|Protect|p1a: Staraptor\n|-singleturn|p1a: Staraptor|Protect\n|move|p2b: Sneasler|Fake Out|p1a: Staraptor\n|-activate|p1a: Staraptor|move: Protect\n|move|p2a: Floette|Light of Ruin|p1a: Staraptor\n|-activate|p1a: Staraptor|move: Protect\n|\n|-weather|Sandstorm|[upkeep]\n|-damage|p1a: Staraptor|72/100|[from] Sandstorm\n|-damage|p2b: Sneasler|88/100|[from] Sandstorm\n|-damage|p2a: Floette|82/100|[from] Sandstorm\n|-sideend|p1: pablittoo|move: Tailwind\n|upkeep\n|turn|5\n|\n|t:|1788217274\n|move|p2a: Floette|Protect|p2a: Floette\n|-singleturn|p2a: Floette|Protect\n|move|p1b: Excadrill|Earthquake|p2a: Floette|[spread] p2b\n|-activate|p2a: Floette|move: Protect\n|-immune|p1a: Staraptor\n|-supereffective|p2b: Sneasler|1\n|-damage|p2b: Sneasler|0 fnt\n|faint|p2b: Sneasler\n|move|p1a: Staraptor|Brave Bird|p2a: Floette\n|-activate|p2a: Floette|move: Protect\n|\n|-weather|none\n|upkeep\n|turn|6\n|\n|t:|1788217291\n|switch|p1a: Tyranitar|Tyranitar, L50, F|100/100\n|-weather|Sandstorm|[from] ability: Sand Stream|[of] p1a: Tyranitar\n|move|p1b: Excadrill|Iron Head|p2a: Floette\n|-supereffective|p2a: Floette|1\n|-damage|p2a: Floette|0 fnt\n|faint|p2a: Floette\n|\n|win|pablittoo\n||pablittoo is ready for game 2.\n||DINOLONK is ready for game 2.\n|uhtml|next|Next: <a href=\"/battle-gen9championsvgc2026regmbbo3-2673587290\"><strong>Game 2 of 3</strong></a>\n","uploadtime":1788217291,"views":"10","formatid":"gen9championsvgc2026regmbbo3","rating":null,"private":0,"password":null}