{"id":"gen9championsvgc2026regmbbo3-2673529728","format":"[Gen 9 Champions] VGC 2026 Reg M-B (Bo3)","players":["Sr. Sotomonte","ilyKuronaa"],"log":"|j|☆Sr. Sotomonte\n|j|☆ilyKuronaa\n|html|<table width=\"100%\"><tr><td align=\"left\">Sr. Sotomonte</td><td align=\"right\">ilyKuronaa</tr><tr><td align=\"left\"><i class=\"fa fa-circle-o\"></i> <i class=\"fa fa-circle-o\"></i> </td><td align=\"right\"><i class=\"fa fa-circle-o\"></i> <i class=\"fa fa-circle-o\"></i> </tr></table>\n|uhtml|bestof|<h2><strong>Game 1</strong> of <a href=\"/game-bestof3-gen9championsvgc2026regmbbo3-2673529727\">a best-of-3</a></h2>\n|t:|1788209047\n|gametype|doubles\n|player|p1|Sr. Sotomonte|wattson|1110\n|player|p2|ilyKuronaa|102|1203\n|gen|9\n|tier|[Gen 9 Champions] VGC 2026 Reg M-B (Bo3)\n|rated|\n|rule|Species Clause: Limit one of each Pokémon\n|rule|Item Clause: Limit 1 of each item\n|clearpoke\n|poke|p1|Charizard, L50, F|\n|poke|p1|Toxapex, L50, F|\n|poke|p1|Incineroar, L50, M|\n|poke|p1|Venusaur, L50, F|\n|poke|p1|Sylveon, L50, F|\n|poke|p1|Garchomp, L50, M|\n|poke|p2|Floette-Eternal, L50, F|\n|poke|p2|Basculegion, L50, M|\n|poke|p2|Kingambit, L50, F|\n|poke|p2|Dragonite, L50, M|\n|poke|p2|Garchomp, L50, M|\n|poke|p2|Sneasler, L50, F|\n|teampreview|4\n|showteam|p1|Charizard||CharizarditeY|Blaze|Protect,WeatherBall,HeatWave,AncientPower|Timid||F|||50|]Toxapex||Leftovers|Regenerator|Infestation,Toxic,WideGuard,BanefulBunker|Bold||F|||50|]Incineroar||SitrusBerry|Intimidate|FlareBlitz,DarkestLariat,PartingShot,FakeOut|Careful||M|||50|]Venusaur||LifeOrb|Chlorophyll|LeafStorm,SludgeBomb,EarthPower,Protect|Modest||F|||50|]Sylveon||FairyFeather|Pixilate|HyperVoice,Yawn,QuickAttack,Detect|Sassy||F|||50|]Garchomp||ChoiceScarf|RoughSkin|DragonClaw,StompingTantrum,RockSlide,Earthquake|Jolly||M|||50|\n|showteam|p2|Floette-Eternal||Floettite|FlowerVeil|Moonblast,DazzlingGleam,LightofRuin,Protect|Timid||F|||50|]Basculegion||LifeOrb|Adaptability|WaveCrash,LastRespects,AquaJet,Protect|Adamant||M|||50|]Kingambit||ChopleBerry|Defiant|SuckerPunch,KowtowCleave,LowKick,IronHead|Adamant||F|||50|]Dragonite||Dragoninite|Multiscale|DragonPulse,HeatWave,ExtremeSpeed,Protect|Modest||M|||50|]Garchomp||ChoiceScarf|RoughSkin|DragonClaw,StompingTantrum,Earthquake,RockSlide|Jolly||M|||50|]Sneasler||FocusSash|Unburden|CloseCombat,DireClaw,FakeOut,Feint|Adamant||F|||50|\n|inactive|Battle timer is ON: inactive players will automatically lose when time's up. (requested by ilyKuronaa)\n|\n|t:|1788209122\n|teamsize|p1|4\n|teamsize|p2|4\n|start\n|switch|p1a: Charizard|Charizard, L50, F|100/100\n|switch|p1b: Venusaur|Venusaur, L50, F|100/100\n|switch|p2a: Dragonite|Dragonite, L50, M|100/100\n|switch|p2b: Garchomp|Garchomp, L50, M|100/100\n|turn|1\n|inactive|Sr. Sotomonte has 30 seconds left.\n|inactive|Sr. Sotomonte has 20 seconds left.\n|inactive|Sr. Sotomonte has 15 seconds left.\n|\n|t:|1788209166\n|switch|p1a: Sylveon|Sylveon, L50, F|100/100\n|detailschange|p2a: Dragonite|Dragonite-Mega, L50, M\n|-mega|p2a: Dragonite|Dragonite|Dragoninite\n|move|p2b: Garchomp|Rock Slide|p1a: Sylveon|[spread] p1a,p1b\n|-damage|p1a: Sylveon|74/100\n|-damage|p1b: Venusaur|74/100\n|move|p2a: Dragonite|Heat Wave|p1a: Sylveon|[spread] p1a,p1b\n|-supereffective|p1b: Venusaur|1\n|-damage|p1a: Sylveon|57/100\n|-damage|p1b: Venusaur|8/100\n|move|p1b: Venusaur|Leaf Storm|p2b: Garchomp\n|-damage|p2b: Garchomp|15/100\n|-unboost|p1b: Venusaur|spa|2\n|-damage|p1b: Venusaur|0 fnt|[from] item: Life Orb\n|faint|p1b: Venusaur\n|\n|upkeep\n|\n|t:|1788209183\n|switch|p1b: Garchomp|Garchomp, L50, M|100/100\n|turn|2\n|\n|t:|1788209193\n|switch|p2b: Kingambit|Kingambit, L50, F|100/100\n|move|p1a: Sylveon|Quick Attack|p2b: Kingambit\n|-damage|p2b: Kingambit|87/100\n|move|p1b: Garchomp|Dragon Claw|p2a: Dragonite\n|-supereffective|p2a: Dragonite|1\n|-damage|p2a: Dragonite|62/100\n|move|p2a: Dragonite|Dragon Pulse|p1b: Garchomp\n|-supereffective|p1b: Garchomp|1\n|-damage|p1b: Garchomp|0 fnt\n|faint|p1b: Garchomp\n|\n|upkeep\n|\n|t:|1788209204\n|switch|p1b: Charizard|Charizard, L50, F|100/100\n|turn|3\n|\n|t:|1788209219\n|detailschange|p1b: Charizard|Charizard-Mega-Y, L50, F\n|-mega|p1b: Charizard|Charizard|Charizardite Y\n|-weather|SunnyDay|[from] ability: Drought|[of] p1b: Charizard\n|move|p2a: Dragonite|Extreme Speed|p1b: Charizard\n|-damage|p1b: Charizard|72/100\n|move|p1a: Sylveon|Quick Attack|p2a: Dragonite\n|-supereffective|p2a: Dragonite|1\n|-damage|p2a: Dragonite|30/100\n|move|p1b: Charizard|Weather Ball|p2b: Kingambit\n|-supereffective|p2b: Kingambit|1\n|-damage|p2b: Kingambit|0 fnt\n|faint|p2b: Kingambit\n|\n|-weather|SunnyDay|[upkeep]\n|upkeep\n|\n|t:|1788209233\n|switch|p2b: Basculegion|Basculegion, L50, M|100/100\n|turn|4\n|inactive|ilyKuronaa has 30 seconds left.\n|\n|t:|1788209262\n|move|p1b: Charizard|Protect|p1b: Charizard\n|-singleturn|p1b: Charizard|Protect\n|move|p2a: Dragonite|Extreme Speed|p1a: Sylveon\n|-damage|p1a: Sylveon|30/100\n|move|p2b: Basculegion|Wave Crash|p1b: Charizard\n|-activate|p1b: Charizard|move: Protect\n|move|p1a: Sylveon|Yawn|p2b: Basculegion\n|-start|p2b: Basculegion|move: Yawn|[of] p1a: Sylveon\n|\n|-weather|SunnyDay|[upkeep]\n|upkeep\n|turn|5\n|inactive|Sr. Sotomonte has 30 seconds left.\n|\n|t:|1788209291\n|move|p1a: Sylveon|Detect|p1a: Sylveon\n|-singleturn|p1a: Sylveon|Protect\n|move|p2a: Dragonite|Extreme Speed|p1a: Sylveon\n|-activate|p1a: Sylveon|move: Protect\n|move|p1b: Charizard|Heat Wave|p2b: Basculegion|[spread] p2a,p2b\n|-resisted|p2a: Dragonite|1\n|-resisted|p2b: Basculegion|1\n|-damage|p2a: Dragonite|1/100\n|-damage|p2b: Basculegion|61/100\n|move|p2b: Basculegion|Wave Crash|p1b: Charizard\n|-supereffective|p1b: Charizard|1\n|-crit|p1b: Charizard\n|-damage|p1b: Charizard|0 fnt\n|faint|p1b: Charizard\n|-damage|p2b: Basculegion|42/100|[from] Recoil\n|-damage|p2b: Basculegion|32/100|[from] item: Life Orb\n|\n|-weather|SunnyDay|[upkeep]\n|-end|p2b: Basculegion|move: Yawn|[silent]\n|-status|p2b: Basculegion|slp\n|upkeep\n|turn|6\n|\n|t:|1788209310\n|cant|p2b: Basculegion|slp\n|move|p2a: Dragonite|Heat Wave|p1a: Sylveon\n|-damage|p1a: Sylveon|0 fnt\n|faint|p1a: Sylveon\n|\n|win|ilyKuronaa\n","uploadtime":1788209310,"views":"0","formatid":"gen9championsvgc2026regmbbo3","rating":null,"private":0,"password":null}