{"id":"gen9championsvgc2026regmb-2674706357","format":"[Gen 9 Champions] VGC 2026 Reg M-B","players":["hey we can","Eggplant god"],"log":"|j|☆hey we can\n|j|☆Eggplant god\n|html|<table width=\"100%\"><tr><td align=\"left\">hey we can</td><td align=\"right\">Eggplant god</tr><tr><td align=\"left\"><i class=\"fa fa-circle\"></i> <i class=\"fa fa-circle-o\"></i> </td><td align=\"right\"><i class=\"fa fa-circle-o\"></i> <i class=\"fa fa-circle-o\"></i> </tr></table>\n|uhtml|bestof|<h2><strong>Game 2</strong> of <a href=\"/game-bestof3-gen9championsvgc2026regmb-2674703885\">a best-of-3</a></h2>\n|t:|1788393518\n|gametype|doubles\n|player|p1|hey we can|clown|\n|player|p2|Eggplant god|brycenman|\n|gen|9\n|tier|[Gen 9 Champions] VGC 2026 Reg M-B\n|rule|Species Clause: Limit one of each Pokémon\n|rule|Item Clause: Limit 1 of each item\n|raw|<div class=\"infobox\"><details class=\"readmore\" open><summary><strong>1 custom rule:</strong></summary> Best of = 3</details></div>\n|clearpoke\n|poke|p1|Espeon, L50, F|\n|poke|p1|Floette-Eternal, L50, F|\n|poke|p1|Serperior, L50, F|\n|poke|p1|Tyranitar, L50, M|\n|poke|p1|Aerodactyl, L50, F|\n|poke|p1|Tauros-Paldea-Combat, L50, M|\n|poke|p2|Kingambit, L50, F|\n|poke|p2|Farigiraf, L50, F|\n|poke|p2|Azumarill, L50, M|\n|poke|p2|Drampa, L50, M|\n|poke|p2|Clawitzer, L50, M|\n|poke|p2|Machamp, L50, F|\n|teampreview|4\n|j| admiralroman\nhey we can rejected open team sheets.\n|\n|t:|1788393590\n|teamsize|p1|4\n|teamsize|p2|4\n|start\n|switch|p1a: Espeon|Espeon, L50, F|100/100\n|switch|p1b: Serperior|Serperior, L50, F|100/100\n|switch|p2a: Azumarill|Azumarill, L50, M|100/100\n|switch|p2b: Drampa|Drampa, L50, M|100/100\n|turn|1\n|\n|t:|1788393637\n|switch|p2a: Kingambit|Kingambit, L50, F|100/100\n|detailschange|p2b: Drampa|Drampa-Mega, L50, M\n|-mega|p2b: Drampa|Drampa|Drampanite\n|move|p1a: Espeon|Protect|p1a: Espeon\n|-singleturn|p1a: Espeon|Protect\n|move|p1b: Serperior|Leaf Storm|p2a: Kingambit\n|-resisted|p2a: Kingambit|1\n|-damage|p2a: Kingambit|81/100\n|-boost|p1b: Serperior|spa|2\n|move|p2b: Drampa|Hyper Voice|p1b: Serperior|[spread] p1b\n|-activate|p1a: Espeon|move: Protect\n|-damage|p1b: Serperior|60/100\n|\n|upkeep\n|turn|2\n|\n|t:|1788393684\n|switch|p1a: Tauros|Tauros-Paldea-Combat, L50, M|100/100\n|move|p1b: Serperior|Dragon Pulse|p2b: Drampa\n|-supereffective|p2b: Drampa|1\n|-damage|p2b: Drampa|37/100\n|-ability|p2b: Drampa|Berserk|boost\n|-boost|p2b: Drampa|spa|1\n|move|p2a: Kingambit|Kowtow Cleave|p1a: Tauros\n|-resisted|p1a: Tauros|1\n|-damage|p1a: Tauros|71/100\n|move|p2b: Drampa|Draco Meteor|p1b: Serperior|[miss]\n|-miss|p2b: Drampa|p1b: Serperior\n|\n|upkeep\n|turn|3\n|\n|t:|1788393729\n|switch|p2a: Farigiraf|Farigiraf, L50, F|100/100\n|move|p2b: Drampa|Protect|p2b: Drampa\n|-singleturn|p2b: Drampa|Protect\n|move|p1b: Serperior|Dragon Pulse|p2b: Drampa\n|-activate|p2b: Drampa|move: Protect\n|move|p1a: Tauros|Raging Bull|p2a: Farigiraf\n|-damage|p2a: Farigiraf|51/100\n|\n|upkeep\n|turn|4\n|\n|t:|1788393742\n|move|p1b: Serperior|Dragon Pulse|p2b: Drampa\n|-supereffective|p2b: Drampa|1\n|-damage|p2b: Drampa|0 fnt\n|faint|p2b: Drampa\n|move|p1a: Tauros|Close Combat|p2a: Farigiraf\n|-damage|p2a: Farigiraf|0 fnt\n|-unboost|p1a: Tauros|def|1\n|-unboost|p1a: Tauros|spd|1\n|faint|p2a: Farigiraf\n|\n|upkeep\n|\n|t:|1788393752\n|switch|p2a: Kingambit|Kingambit, L50, F|81/100\n|switch|p2b: Azumarill|Azumarill, L50, M|100/100\n|turn|5\n|\n|t:|1788393793\n|switch|p1a: Espeon|Espeon, L50, F|100/100\n|move|p2a: Kingambit|Sucker Punch|p1b: Serperior\n|-damage|p1b: Serperior|19/100\n|move|p1b: Serperior|Leaf Storm|p2b: Azumarill\n|-supereffective|p2b: Azumarill|1\n|-damage|p2b: Azumarill|0 fnt\n|-boost|p1b: Serperior|spa|2\n|faint|p2b: Azumarill\n|\n|upkeep\n|turn|6\n|\n|t:|1788393809\n|move|p2a: Kingambit|Sucker Punch||[still]\n|-fail|p2a: Kingambit\n|move|p1b: Serperior|Reflect|p1b: Serperior\n|-sidestart|p1: hey we can|Reflect\n|move|p1a: Espeon|Dazzling Gleam|p2a: Kingambit\n|-damage|p2a: Kingambit|57/100\n|\n|upkeep\n|turn|7\n|\n|t:|1788393830\n|switch|p1b: Tauros|Tauros-Paldea-Combat, L50, M|71/100\n|move|p2a: Kingambit|Sucker Punch||[still]\n|-fail|p2a: Kingambit\n|move|p1a: Espeon|Dazzling Gleam|p2a: Kingambit\n|-damage|p2a: Kingambit|36/100\n|\n|upkeep\n|turn|8\n|\n|t:|1788393841\n|move|p1a: Espeon|Protect|p1a: Espeon\n|-singleturn|p1a: Espeon|Protect\n|move|p2a: Kingambit|Sucker Punch||[still]\n|-fail|p2a: Kingambit\n|move|p1b: Tauros|Raging Bull|p2a: Kingambit\n|-supereffective|p2a: Kingambit|2\n|-damage|p2a: Kingambit|0 fnt\n|faint|p2a: Kingambit\n|\n|win|hey we can\n|l|☆Eggplant god\n|player|p2|\n","uploadtime":1788393851,"views":"17","formatid":"gen9championsvgc2026regmb","rating":null,"private":0,"password":null}