{"id":"gen9championsvgc2026regmb-2673932269","format":"[Gen 9 Champions] VGC 2026 Reg M-B","players":["tronbbx22","psychowarz"],"log":"|j|☆tronbbx22\n|j|☆psychowarz\n|t:|1788278700\n|gametype|doubles\n|player|p1|tronbbx22|koga|1318\n|player|p2|psychowarz|guitarist-gen4|1408\n|gen|9\n|tier|[Gen 9 Champions] VGC 2026 Reg M-B\n|rated|\n|rule|Species Clause: Limit one of each Pokémon\n|rule|Item Clause: Limit 1 of each item\n|clearpoke\n|poke|p1|Zoroark-Hisui, L50, F|\n|poke|p1|Audino, L50, F|\n|poke|p1|Overqwil, L50, F|\n|poke|p1|Chimecho, L50, F|\n|poke|p1|Klefki, L50, F|\n|poke|p1|Clefable, L50, F|\n|poke|p2|Charizard, L50, M|\n|poke|p2|Kingambit, L50, M|\n|poke|p2|Garchomp, L50, F|\n|poke|p2|Farigiraf, L50, F|\n|poke|p2|Whimsicott, L50, F|\n|poke|p2|Metagross, L50|\n|teampreview|4\n|inactive|Battle timer is ON: inactive players will automatically lose when time's up. (requested by tronbbx22)\n|inactive|psychowarz has 60 seconds left.\n|\n|t:|1788278737\n|teamsize|p1|4\n|teamsize|p2|4\n|start\n|switch|p1a: Audino|Audino, L50, F|100/100\n|switch|p1b: Overqwil|Overqwil, L50, F|100/100\n|switch|p2a: Charizard|Charizard, L50, M|100/100\n|switch|p2b: Garchomp|Garchomp, L50, F|100/100\n|turn|1\n|\n|t:|1788278744\n|detailschange|p2a: Charizard|Charizard-Mega-Y, L50, M\n|-mega|p2a: Charizard|Charizard|Charizardite Y\n|-weather|SunnyDay|[from] ability: Drought|[of] p2a: Charizard\n|move|p1b: Overqwil|Memento|p2b: Garchomp\n|-unboost|p2b: Garchomp|atk|2\n|-unboost|p2b: Garchomp|spa|2\n|faint|p1b: Overqwil\n|move|p2b: Garchomp|Earthquake|p1a: Audino|[spread] p1a\n|-immune|p2a: Charizard\n|-damage|p1a: Audino|82/100\n|-damage|p2b: Garchomp|90/100|[from] item: Life Orb\n|move|p2a: Charizard|Heat Wave|p1a: Audino|[miss]\n|-miss|p2a: Charizard|p1a: Audino\n|move|p1a: Audino|Trick Room|p1a: Audino\n|-fieldstart|move: Trick Room|[of] p1a: Audino\n|\n|-weather|SunnyDay|[upkeep]\n|upkeep\n|\n|t:|1788278760\n|switch|p1b: Overqwil|Overqwil, L50, F|100/100\n|-ability|p1b: Overqwil|Intimidate|boost\n|-unboost|p2a: Charizard|atk|1\n|-unboost|p2b: Garchomp|atk|1\n|turn|2\n|\n|t:|1788278765\n|move|p1a: Audino|Simple Beam|p1b: Overqwil\n|-ability|p1b: Overqwil|Simple|Intimidate|[from] move: Simple Beam\n|move|p1b: Overqwil|Stockpile|p1b: Overqwil\n|-start|p1b: Overqwil|stockpile1\n|-boost|p1b: Overqwil|def|2\n|-boost|p1b: Overqwil|spd|2\n|move|p2a: Charizard|Heat Wave|p1b: Overqwil|[spread] p1a,p1b\n|-damage|p1a: Audino|20/100r\n|-damage|p1b: Overqwil|66/100\n|move|p2b: Garchomp|Earthquake|p1b: Overqwil|[spread] p1a,p1b\n|-immune|p2a: Charizard\n|-supereffective|p1b: Overqwil|1\n|-damage|p1a: Audino|6/100\n|-damage|p1b: Overqwil|46/100\n|-damage|p2b: Garchomp|80/100|[from] item: Life Orb\n|\n|-weather|SunnyDay|[upkeep]\n|-heal|p1b: Overqwil|52/100|[from] item: Leftovers\n|upkeep\n|turn|3\n|\n|t:|1788278786\n|switch|p2b: Kingambit|Kingambit, L50, M|100/100\n|move|p1a: Audino|Heal Pulse|p1b: Overqwil\n|-heal|p1b: Overqwil|100/100\n|move|p1b: Overqwil|Minimize|p1b: Overqwil\n|-boost|p1b: Overqwil|evasion|4\n|move|p2a: Charizard|Heat Wave|p1a: Audino|[spread] p1a,p1b\n|-damage|p1a: Audino|0 fnt\n|-damage|p1b: Overqwil|68/100\n|faint|p1a: Audino\n|\n|-weather|SunnyDay|[upkeep]\n|-heal|p1b: Overqwil|74/100|[from] item: Leftovers\n|upkeep\n|\n|t:|1788278797\n|switch|p1a: Chimecho|Chimecho, L50, F|100/100\n|turn|4\n|\n|t:|1788278803\n|detailschange|p1a: Chimecho|Chimecho-Mega, L50, F\n|-mega|p1a: Chimecho|Chimecho|Chimechite\n|move|p1a: Chimecho|Psych Up|p1b: Overqwil\n|-copyboost|p1a: Chimecho|p1b: Overqwil|[from] move: Psych Up\n|move|p1b: Overqwil|Minimize|p1b: Overqwil\n|-boost|p1b: Overqwil|evasion|2\n|move|p2b: Kingambit|Kowtow Cleave|p1a: Chimecho\n|-supereffective|p1a: Chimecho|1\n|-damage|p1a: Chimecho|60/100\n|move|p2a: Charizard|Heat Wave|p1b: Overqwil|[spread] p1b\n|-miss|p2a: Charizard|p1a: Chimecho\n|-damage|p1b: Overqwil|41/100\n|\n|-weather|SunnyDay|[upkeep]\n|-heal|p1b: Overqwil|47/100|[from] item: Leftovers\n|upkeep\n|turn|5\n|\n|t:|1788278822\n|move|p1a: Chimecho|Psych Up|p1b: Overqwil\n|-copyboost|p1a: Chimecho|p1b: Overqwil|[from] move: Psych Up\n|move|p1b: Overqwil|Acupressure|p1b: Overqwil\n|-boost|p1b: Overqwil|def|4\n|move|p2b: Kingambit|Kowtow Cleave|p1a: Chimecho\n|-supereffective|p1a: Chimecho|1\n|-damage|p1a: Chimecho|20/100y\n|move|p2a: Charizard|Heat Wave|p1b: Overqwil|[spread] \n|-miss|p2a: Charizard|p1a: Chimecho\n|-miss|p2a: Charizard|p1b: Overqwil\n|\n|-weather|none\n|-heal|p1b: Overqwil|54/100|[from] item: Leftovers\n|-fieldend|move: Trick Room\n|upkeep\n|turn|6\n|\n|t:|1788278838\n|move|p2a: Charizard|Heat Wave|p1b: Overqwil|[spread] \n|-miss|p2a: Charizard|p1a: Chimecho\n|-miss|p2a: Charizard|p1b: Overqwil\n|move|p2b: Kingambit|Kowtow Cleave|p1a: Chimecho\n|-supereffective|p1a: Chimecho|1\n|-damage|p1a: Chimecho|0 fnt\n|faint|p1a: Chimecho\n|move|p1b: Overqwil|Acupressure|p1b: Overqwil\n|-boost|p1b: Overqwil|accuracy|4\n|\n|-heal|p1b: Overqwil|60/100|[from] item: Leftovers\n|upkeep\n|turn|7\n|\n|t:|1788278854\n|switch|p2a: Metagross|Metagross, L50|100/100\n|move|p2b: Kingambit|Brick Break|p1b: Overqwil|[miss]\n|-miss|p2b: Kingambit|p1b: Overqwil\n|move|p1b: Overqwil|Stockpile|p1b: Overqwil\n|-start|p1b: Overqwil|stockpile2\n|-boost|p1b: Overqwil|def|0\n|-boost|p1b: Overqwil|spd|2\n|\n|-heal|p1b: Overqwil|66/100|[from] item: Leftovers\n|upkeep\n|turn|8\n|\n|t:|1788278862\n|move|p2a: Metagross|Meteor Mash|p1b: Overqwil|[miss]\n|-miss|p2a: Metagross|p1b: Overqwil\n|move|p2b: Kingambit|Kowtow Cleave|p1b: Overqwil\n|-resisted|p1b: Overqwil|1\n|-damage|p1b: Overqwil|61/100\n|move|p1b: Overqwil|Minimize|p1b: Overqwil\n|-boost|p1b: Overqwil|evasion|0\n|\n|-heal|p1b: Overqwil|68/100|[from] item: Leftovers\n|upkeep\n|turn|9\n|\n|t:|1788278871\n|switch|p2b: Charizard|Charizard-Mega-Y, L50, M|100/100\n|-weather|SunnyDay|[from] ability: Drought|[of] p2b: Charizard\n|move|p2a: Metagross|Meteor Mash|p1b: Overqwil\n|-damage|p1b: Overqwil|58/100\n|-boost|p2a: Metagross|atk|1\n|move|p1b: Overqwil|Acupressure|p1b: Overqwil\n|-boost|p1b: Overqwil|atk|4\n|\n|-weather|SunnyDay|[upkeep]\n|-heal|p1b: Overqwil|64/100|[from] item: Leftovers\n|upkeep\n|turn|10\n|\n|t:|1788278877\n|move|p2b: Charizard|Heat Wave|p1b: Overqwil|[miss]\n|-miss|p2b: Charizard|p1b: Overqwil\n|move|p2a: Metagross|Meteor Mash|p1b: Overqwil\n|-damage|p1b: Overqwil|50/100y\n|move|p1b: Overqwil|Minimize|p1b: Overqwil\n|-boost|p1b: Overqwil|evasion|0\n|\n|-weather|SunnyDay|[upkeep]\n|-heal|p1b: Overqwil|56/100|[from] item: Leftovers\n|upkeep\n|turn|11\n|inactive|tronbbx22 has 30 seconds left.\n|\n|t:|1788278904\n|move|p2b: Charizard|Heat Wave|p1b: Overqwil\n|-damage|p1b: Overqwil|26/100\n|move|p2a: Metagross|Meteor Mash|p1b: Overqwil|[miss]\n|-miss|p2a: Metagross|p1b: Overqwil\n|move|p1b: Overqwil|Throat Chop|p2a: Metagross\n|-supereffective|p2a: Metagross|1\n|-damage|p2a: Metagross|0 fnt\n|faint|p2a: Metagross\n|\n|-weather|SunnyDay|[upkeep]\n|-heal|p1b: Overqwil|32/100|[from] item: Leftovers\n|upkeep\n|\n|t:|1788278912\n|switch|p2a: Garchomp|Garchomp, L50, F|80/100\n|turn|12\n|\n|t:|1788278920\n|move|p2a: Garchomp|Earthquake|p1b: Overqwil|[spread] \n|-immune|p2b: Charizard\n|-miss|p2a: Garchomp|p1b: Overqwil\n|move|p2b: Charizard|Air Slash|p1b: Overqwil|[miss]\n|-miss|p2b: Charizard|p1b: Overqwil\n|move|p1b: Overqwil|Throat Chop|p2b: Charizard\n|-damage|p2b: Charizard|0 fnt\n|faint|p2b: Charizard\n|\n|-weather|SunnyDay|[upkeep]\n|-heal|p1b: Overqwil|38/100|[from] item: Leftovers\n|upkeep\n|\n|t:|1788278924\n|switch|p2b: Kingambit|Kingambit, L50, M|100/100\n|turn|13\n|\n|t:|1788278932\n|move|p2a: Garchomp|Dragon Claw|p1b: Overqwil|[miss]\n|-miss|p2a: Garchomp|p1b: Overqwil\n|move|p2b: Kingambit|Brick Break|p1b: Overqwil|[miss]\n|-miss|p2b: Kingambit|p1b: Overqwil\n|move|p1b: Overqwil|Throat Chop|p2b: Kingambit\n|-resisted|p2b: Kingambit|1\n|-damage|p2b: Kingambit|61/100\n|-start|p2b: Kingambit|Throat Chop|[silent]\n|\n|-weather|none\n|-heal|p1b: Overqwil|44/100|[from] item: Leftovers\n|upkeep\n|turn|14\n|\n|t:|1788278945\n|move|p2b: Kingambit|Protect|p2b: Kingambit\n|-singleturn|p2b: Kingambit|Protect\n|move|p2a: Garchomp|Earthquake|p1b: Overqwil|[spread] p1b\n|-activate|p2b: Kingambit|move: Protect\n|-supereffective|p1b: Overqwil|1\n|-damage|p1b: Overqwil|24/100\n|-damage|p2a: Garchomp|70/100|[from] item: Life Orb\n|move|p1b: Overqwil|Throat Chop|p2b: Kingambit\n|-activate|p2b: Kingambit|move: Protect\n|\n|-heal|p1b: Overqwil|30/100|[from] item: Leftovers\n|-end|p2b: Kingambit|Throat Chop|[silent]\n|upkeep\n|turn|15\n|\n|t:|1788278950\n|move|p2a: Garchomp|Dragon Claw|p1b: Overqwil|[miss]\n|-miss|p2a: Garchomp|p1b: Overqwil\n|move|p2b: Kingambit|Kowtow Cleave|p1b: Overqwil\n|-resisted|p1b: Overqwil|1\n|-damage|p1b: Overqwil|25/100\n|move|p1b: Overqwil|Throat Chop|p2b: Kingambit\n|-resisted|p2b: Kingambit|1\n|-damage|p2b: Kingambit|25/100\n|-start|p2b: Kingambit|Throat Chop|[silent]\n|\n|-heal|p1b: Overqwil|31/100|[from] item: Leftovers\n|upkeep\n|turn|16\n|\n|t:|1788278962\n|move|p2a: Garchomp|Dragon Claw|p1b: Overqwil\n|-damage|p1b: Overqwil|20/100y\n|-damage|p2a: Garchomp|61/100|[from] item: Life Orb\n|move|p2b: Kingambit|Iron Head|p1b: Overqwil\n|-damage|p1b: Overqwil|10/100\n|cant|p1b: Overqwil|flinch\n|\n|-heal|p1b: Overqwil|16/100|[from] item: Leftovers\n|-end|p2b: Kingambit|Throat Chop|[silent]\n|upkeep\n|turn|17\n|\n|t:|1788278972\n|move|p2a: Garchomp|Dragon Claw|p1b: Overqwil\n|-damage|p1b: Overqwil|5/100\n|-damage|p2a: Garchomp|51/100|[from] item: Life Orb\n|move|p2b: Kingambit|Iron Head|p1b: Overqwil\n|-damage|p1b: Overqwil|0 fnt\n|faint|p1b: Overqwil\n|\n|win|psychowarz\n|raw|tronbbx22's rating: 1318 &rarr; <strong>1303</strong><br />(-15 for losing)\n|raw|psychowarz's rating: 1408 &rarr; <strong>1423</strong><br />(+15 for winning)\n|c|☆psychowarz|Lmao\n","uploadtime":1788278979,"views":"0","formatid":"gen9championsvgc2026regmb","rating":1303,"private":0,"password":null}