{"id":"gen9championsvgc2026regmb-2674902681","format":"[Gen 9 Champions] VGC 2026 Reg M-B","players":["Thornlace48812","Drigby"],"log":"|j|☆Thornlace48812\n|j|☆Drigby\n|t:|1788432790\n|gametype|doubles\n|player|p1|Thornlace48812|102|1318\n|player|p2|Drigby|102|1246\n|gen|9\n|tier|[Gen 9 Champions] VGC 2026 Reg M-B\n|rated|\n|rule|Species Clause: Limit one of each Pokémon\n|rule|Item Clause: Limit 1 of each item\n|clearpoke\n|poke|p1|Garchomp, L50, F|\n|poke|p1|Charizard, L50, M|\n|poke|p1|Whimsicott, L50, F|\n|poke|p1|Sylveon, L50, F|\n|poke|p1|Kingambit, L50, F|\n|poke|p1|Basculegion, L50, M|\n|poke|p2|Incineroar, L50, F|\n|poke|p2|Primarina, L50, F|\n|poke|p2|Kingambit, L50, M|\n|poke|p2|Tyranitar, L50, F|\n|poke|p2|Hatterene, L50, F|\n|poke|p2|Scovillain, L50, F|\n|teampreview|4\n|inactive|Battle timer is ON: inactive players will automatically lose when time's up. (requested by Thornlace48812)\nThornlace48812 rejected open team sheets.\n|\n|t:|1788432804\n|teamsize|p1|4\n|teamsize|p2|4\n|start\n|switch|p1a: Sylveon|Sylveon, L50, F|100/100\n|switch|p1b: Charizard|Charizard, L50, M|100/100\n|switch|p2a: Incineroar|Incineroar, L50, F|100/100\n|switch|p2b: Hatterene|Hatterene, L50, F|100/100\n|-ability|p2a: Incineroar|Intimidate|boost\n|-unboost|p1a: Sylveon|atk|1\n|-unboost|p1b: Charizard|atk|1\n|turn|1\n|\n|t:|1788432812\n|detailschange|p1b: Charizard|Charizard-Mega-Y, L50, M\n|-mega|p1b: Charizard|Charizard|Charizardite Y\n|-weather|SunnyDay|[from] ability: Drought|[of] p1b: Charizard\n|move|p1a: Sylveon|Detect|p1a: Sylveon\n|-singleturn|p1a: Sylveon|Protect\n|move|p2a: Incineroar|Fake Out|p1a: Sylveon\n|-activate|p1a: Sylveon|move: Protect\n|move|p1b: Charizard|Heat Wave|p2b: Hatterene|[spread] p2a,p2b\n|-resisted|p2a: Incineroar|1\n|-damage|p2a: Incineroar|69/100\n|-damage|p2b: Hatterene|35/100\n|move|p2b: Hatterene|Trick Room|p2b: Hatterene\n|-fieldstart|move: Trick Room|[of] p2b: Hatterene\n|\n|-weather|SunnyDay|[upkeep]\n|upkeep\n|turn|2\n|\n|t:|1788432830\n|move|p2b: Hatterene|Protect|p2b: Hatterene\n|-singleturn|p2b: Hatterene|Protect\n|move|p2a: Incineroar|Parting Shot|p1b: Charizard\n|-unboost|p1b: Charizard|atk|1\n|-unboost|p1b: Charizard|spa|1\n|\n|t:|1788432837\n|switch|p2a: Scovillain|Scovillain, L50, F|100/100|[from] Parting Shot\n|move|p1a: Sylveon|Hyper Voice|p2b: Hatterene|[spread] p2a\n|-activate|p2b: Hatterene|move: Protect\n|-resisted|p2a: Scovillain|1\n|-damage|p2a: Scovillain|61/100\n|move|p1b: Charizard|Heat Wave|p2a: Scovillain|[spread] p2a\n|-activate|p2b: Hatterene|move: Protect\n|-damage|p2a: Scovillain|1/100\n|\n|-weather|SunnyDay|[upkeep]\n|upkeep\n|turn|3\n|\n|t:|1788432851\n|detailschange|p2a: Scovillain|Scovillain-Mega, L50, F\n|-mega|p2a: Scovillain|Scovillain|Scovillainite\n|move|p2b: Hatterene|Psychic|p1b: Charizard\n|-damage|p1b: Charizard|38/100\n|-damage|p2b: Hatterene|25/100|[from] item: Life Orb\n|move|p2a: Scovillain|Overheat|p1a: Sylveon|[miss]\n|-miss|p2a: Scovillain|p1a: Sylveon\n|move|p1a: Sylveon|Hyper Voice|p2a: Scovillain|[spread] p2a,p2b\n|-resisted|p2a: Scovillain|1\n|-damage|p2a: Scovillain|0 fnt\n|-damage|p2b: Hatterene|0 fnt\n|-status|p1a: Sylveon|brn|[from] ability: Spicy Spray|[of] p2a: Scovillain\n|faint|p2a: Scovillain\n|faint|p2b: Hatterene\n|move|p1b: Charizard|Heat Wave|p2: Scovillain|[notarget]\n|-fail|p1b: Charizard\n|\n|-weather|SunnyDay|[upkeep]\n|-damage|p1a: Sylveon|94/100 brn|[from] brn\n|upkeep\n|\n|t:|1788432861\n|switch|p2b: Incineroar|Incineroar, L50, F|69/100\n|switch|p2a: Kingambit|Kingambit, L50, M|100/100\n|-ability|p2b: Incineroar|Intimidate|boost\n|-unboost|p1a: Sylveon|atk|1\n|-unboost|p1b: Charizard|atk|1\n|turn|4\n|\n|t:|1788432867\n|move|p1b: Charizard|Protect|p1b: Charizard\n|-singleturn|p1b: Charizard|Protect\n|move|p2b: Incineroar|Fake Out|p1a: Sylveon\n|-damage|p1a: Sylveon|81/100 brn\n|move|p2a: Kingambit|Kowtow Cleave|p1b: Charizard\n|-activate|p1b: Charizard|move: Protect\n|cant|p1a: Sylveon|flinch\n|\n|-weather|SunnyDay|[upkeep]\n|-damage|p1a: Sylveon|75/100 brn|[from] brn\n|upkeep\n|turn|5\n|\n|t:|1788432873\n|move|p2a: Kingambit|Kowtow Cleave|p1b: Charizard\n|-damage|p1b: Charizard|0 fnt\n|faint|p1b: Charizard\n|move|p2b: Incineroar|Flare Blitz|p1a: Sylveon\n|-damage|p1a: Sylveon|0 fnt\n|faint|p1a: Sylveon\n|-damage|p2b: Incineroar|46/100|[from] Recoil\n|-enditem|p2b: Incineroar|Sitrus Berry|[eat]\n|-heal|p2b: Incineroar|70/100|[from] item: Sitrus Berry\n|\n|-weather|none\n|-fieldend|move: Trick Room\n|upkeep\n|\n|t:|1788432874\n|switch|p1b: Basculegion|Basculegion, L50, M|100/100\n|switch|p1a: Garchomp|Garchomp, L50, F|100/100\n|turn|6\n|\n|t:|1788432882\n|move|p1b: Basculegion|Protect|p1b: Basculegion\n|-singleturn|p1b: Basculegion|Protect\n|move|p2a: Kingambit|Sucker Punch||[still]\n|-fail|p2a: Kingambit\n|move|p1a: Garchomp|Earthquake|p2b: Incineroar|[spread] p2a,p2b\n|-activate|p1b: Basculegion|move: Protect\n|-supereffective|p2a: Kingambit|1\n|-supereffective|p2b: Incineroar|1\n|-damage|p2a: Kingambit|23/100\n|-damage|p2b: Incineroar|0 fnt\n|faint|p2b: Incineroar\n|-damage|p1a: Garchomp|90/100|[from] item: Life Orb\n|\n|upkeep\n|turn|7\n|-message|Drigby forfeited.\n|\n|win|Thornlace48812\n|raw|Thornlace48812's rating: 1280 &rarr; <strong>1303</strong><br />(+23 for winning)\n|raw|Drigby's rating: 1246 &rarr; <strong>1223</strong><br />(-23 for losing)\n","uploadtime":1788432891,"views":"0","formatid":"gen9championsvgc2026regmb","rating":1223,"private":0,"password":null}