{"id":"gen9championsvgc2026regmb-2674245909","format":"[Gen 9 Champions] VGC 2026 Reg M-B","players":["Clownbot","Andres03CR"],"log":"|j|☆Clownbot\n|j|☆Andres03CR\n|t:|1788322446\n|gametype|doubles\n|player|p1|Clownbot|brycenman|1145\n|player|p2|Andres03CR|volkner|1219\n|gen|9\n|tier|[Gen 9 Champions] VGC 2026 Reg M-B\n|rated|\n|rule|Species Clause: Limit one of each Pokémon\n|rule|Item Clause: Limit 1 of each item\n|clearpoke\n|poke|p1|Charizard, L50, M|\n|poke|p1|Garchomp, L50, M|\n|poke|p1|Whimsicott, L50, M, shiny|\n|poke|p1|Gholdengo, L50|\n|poke|p1|Farigiraf, L50, F|\n|poke|p1|Sneasler, L50, M|\n|poke|p2|Gengar, L50, F|\n|poke|p2|Sneasler, L50, M|\n|poke|p2|Incineroar, L50, F|\n|poke|p2|Kingambit, L50, F|\n|poke|p2|Sinistcha, L50|\n|poke|p2|Dragonite, L50, M|\n|teampreview|4\n|inactive|Battle timer is ON: inactive players will automatically lose when time's up. (requested by Clownbot)\n|inactive|Clownbot has 60 seconds left.\n|inactive|Andres03CR has 60 seconds left.\n|inactive|Clownbot has 30 seconds left.\n|inactive|Andres03CR has 30 seconds left.\n|inactive|Andres03CR has 20 seconds left.\n|inactive|Andres03CR has 15 seconds left.\n|inactive|Andres03CR has 10 seconds left.\nClownbot rejected open team sheets.\n|\n|t:|1788322532\n|teamsize|p1|4\n|teamsize|p2|4\n|start\n|switch|p1a: Sneasler|Sneasler, L50, M|100/100\n|switch|p1b: Whimsicott|Whimsicott, L50, M, shiny|100/100\n|switch|p2a: Dragonite|Dragonite, L50, M|100/100\n|switch|p2b: Incineroar|Incineroar, L50, F|100/100\n|-ability|p2b: Incineroar|Intimidate|boost\n|-unboost|p1a: Sneasler|atk|1\n|-unboost|p1b: Whimsicott|atk|1\n|-enditem|p1a: Sneasler|White Herb\n|-clearnegativeboost|p1a: Sneasler|[silent]\n|turn|1\n|inactive|Andres03CR has 30 seconds left.\n|inactive|Clownbot has 30 seconds left.\n|inactive|Andres03CR has 20 seconds left.\n|inactive|Clownbot has 20 seconds left.\n|inactive|Andres03CR has 15 seconds left.\n|\n|t:|1788322575\n|switch|p1b: Garchomp|Garchomp, L50, M|100/100\n|detailschange|p2a: Dragonite|Dragonite-Mega, L50, M\n|-mega|p2a: Dragonite|Dragonite|Dragoninite\n|move|p2a: Dragonite|Extreme Speed|p1b: Garchomp\n|-damage|p1b: Garchomp|71/100\n|-damage|p2a: Dragonite|87/100|[from] ability: Rough Skin|[of] p1b: Garchomp\n|move|p1a: Sneasler|Close Combat|p2b: Incineroar\n|-supereffective|p2b: Incineroar|1\n|-damage|p2b: Incineroar|0 fnt\n|-unboost|p1a: Sneasler|def|1\n|-unboost|p1a: Sneasler|spd|1\n|faint|p2b: Incineroar\n|\n|upkeep\n|\n|t:|1788322592\n|switch|p2b: Sneasler|Sneasler, L50, M|100/100\n|turn|2\n|\n|t:|1788322601\n|switch|p1a: Whimsicott|Whimsicott, L50, M, shiny|100/100\n|move|p1b: Garchomp|Protect|p1b: Garchomp\n|-singleturn|p1b: Garchomp|Protect\n|move|p2b: Sneasler|Fake Out|p1a: Whimsicott\n|-damage|p1a: Whimsicott|77/100\n|move|p2a: Dragonite|Dragon Claw|p1b: Garchomp\n|-activate|p1b: Garchomp|move: Protect\n|\n|upkeep\n|turn|3\n|\n|t:|1788322617\n|move|p2b: Sneasler|Dire Claw|p1a: Whimsicott\n|-supereffective|p1a: Whimsicott|2\n|-damage|p1a: Whimsicott|0 fnt\n|faint|p1a: Whimsicott\n|move|p1b: Garchomp|Dragon Claw|p2a: Dragonite\n|-supereffective|p2a: Dragonite|1\n|-damage|p2a: Dragonite|0 fnt\n|faint|p2a: Dragonite\n|-damage|p1b: Garchomp|61/100|[from] item: Life Orb\n|\n|upkeep\n|\n|t:|1788322627\n|switch|p1a: Sneasler|Sneasler, L50, M|100/100\n|switch|p2a: Kingambit|Kingambit, L50, F|100/100\n|turn|4\n|\n|t:|1788322652\n|move|p2a: Kingambit|Protect|p2a: Kingambit\n|-singleturn|p2a: Kingambit|Protect\n|move|p2b: Sneasler|Close Combat|p1a: Sneasler\n|-resisted|p1a: Sneasler|1\n|-damage|p1a: Sneasler|48/100\n|-unboost|p2b: Sneasler|def|1\n|-unboost|p2b: Sneasler|spd|1\n|-enditem|p2b: Sneasler|White Herb\n|-clearnegativeboost|p2b: Sneasler|[silent]\n|move|p1a: Sneasler|Acrobatics|p2b: Sneasler\n|-supereffective|p2b: Sneasler|1\n|-damage|p2b: Sneasler|0 fnt\n|faint|p2b: Sneasler\n|move|p1b: Garchomp|Dragon Claw|p2a: Kingambit\n|-activate|p2a: Kingambit|move: Protect\n|\n|upkeep\n|turn|5\n|\n|t:|1788322672\n|move|p1a: Sneasler|Protect|p1a: Sneasler\n|-singleturn|p1a: Sneasler|Protect\n|move|p2a: Kingambit|Sucker Punch||[still]\n|-fail|p2a: Kingambit\n|move|p1b: Garchomp|Earthquake|p2a: Kingambit|[spread] p2a\n|-activate|p1a: Sneasler|move: Protect\n|-supereffective|p2a: Kingambit|1\n|-damage|p2a: Kingambit|24/100\n|-damage|p1b: Garchomp|51/100|[from] item: Life Orb\n|\n|upkeep\n|turn|6\n|\n|t:|1788322684\n|switch|p1a: Charizard|Charizard, L50, M|100/100\n|move|p2a: Kingambit|Sucker Punch||[still]\n|-fail|p2a: Kingambit\n|move|p1b: Garchomp|Earthquake|p2a: Kingambit|[spread] p2a\n|-immune|p1a: Charizard\n|-supereffective|p2a: Kingambit|1\n|-damage|p2a: Kingambit|0 fnt\n|faint|p2a: Kingambit\n|-damage|p1b: Garchomp|42/100|[from] item: Life Orb\n|\n|win|Clownbot\n|raw|Clownbot's rating: 1145 &rarr; <strong>1175</strong><br />(+30 for winning)\n|raw|Andres03CR's rating: 1219 &rarr; <strong>1189</strong><br />(-30 for losing)\n|l|☆Andres03CR\n|player|p2|\n","uploadtime":1788322703,"views":"2","formatid":"gen9championsvgc2026regmb","rating":1175,"private":0,"password":null}