{"id":"gen9championsvgc2026regmbbo3-2674306100","format":"[Gen 9 Champions] VGC 2026 Reg M-B (Bo3)","players":["CaratroncoSun","NemoAK"],"log":"|j|‽CaratroncoSun\n|j|☆NemoAK\n|html|<table width=\"100%\"><tr><td align=\"left\">CaratroncoSun</td><td align=\"right\">NemoAK</tr><tr><td align=\"left\"><i class=\"fa fa-circle-o\"></i> <i class=\"fa fa-circle-o\"></i> </td><td align=\"right\"><i class=\"fa fa-circle-o\"></i> <i class=\"fa fa-circle-o\"></i> </tr></table>\n|uhtml|bestof|<h2><strong>Game 1</strong> of <a href=\"/game-bestof3-gen9championsvgc2026regmbbo3-2674306099\">a best-of-3</a></h2>\n|t:|1788336810\n|gametype|doubles\n|player|p1|CaratroncoSun|1|1310\n|player|p2|NemoAK|2|1284\n|gen|9\n|tier|[Gen 9 Champions] VGC 2026 Reg M-B (Bo3)\n|rated|\n|rule|Species Clause: Limit one of each Pokémon\n|rule|Item Clause: Limit 1 of each item\n|clearpoke\n|poke|p1|Charizard, L50, M, shiny|\n|poke|p1|Venusaur, L50, F, shiny|\n|poke|p1|Whimsicott, L50, F, shiny|\n|poke|p1|Basculegion, L50, M|\n|poke|p1|Tyranitar, L50, M|\n|poke|p1|Mamoswine, L50, F|\n|poke|p2|Staraptor, L50, M|\n|poke|p2|Kingambit, L50, M|\n|poke|p2|Basculegion, L50, M|\n|poke|p2|Farigiraf, L50, M|\n|poke|p2|Garchomp, L50, M|\n|poke|p2|Meganium, L50, M|\n|teampreview|4\n|showteam|p1|Charizard||CharizarditeY|Blaze|Protect,SolarBeam,HeatWave,AirSlash|Modest||M|||50|]Venusaur||WideLens|Chlorophyll|Protect,GigaDrain,EarthPower,SleepPowder|Modest||F|||50|]Whimsicott||FocusSash|Prankster|Protect,Moonblast,Tailwind,Encore|Timid||F|||50|]Basculegion||MysticWater|Adaptability|Protect,AquaJet,WaveCrash,LastRespects|Adamant||M|||50|]Tyranitar||Tyranitarite|SandStream|Protect,RockSlide,KnockOff,LowKick|Adamant||M|||50|]Mamoswine||LifeOrb|Oblivious|Protect,HighHorsepower,RockSlide,IceShard|Adamant||F|||50|\n|showteam|p2|Staraptor||Staraptite|Intimidate|CloseCombat,BraveBird,Tailwind,Protect|Jolly||M|||50|]Kingambit||FocusSash|Defiant|KowtowCleave,IronHead,SuckerPunch,LowKick|Adamant||M|||50|]Basculegion||ChoiceScarf|Adaptability|WaveCrash,LastRespects,AquaJet,FlipTurn|Adamant||M|||50|]Farigiraf||SitrusBerry|ArmorTail|Psychic,HyperVoice,TrickRoom,HelpingHand|Quiet||M|||50|]Garchomp||LifeOrb|RoughSkin|Earthquake,RockSlide,DragonClaw,Protect|Jolly||M|||50|]Meganium||Meganiumite|Overgrow|SolarBeam,WeatherBall,DazzlingGleam,Protect|Modest||M|||50|\n|\n|t:|1788336869\n|teamsize|p1|4\n|teamsize|p2|4\n|start\n|switch|p1a: Whimsicott|Whimsicott, L50, F, shiny|100/100\n|switch|p1b: Mamoswine|Mamoswine, L50, F|100/100\n|switch|p2a: The Biggest Bird|Staraptor, L50, M|100/100\n|switch|p2b: Toothless|Garchomp, L50, M|100/100\n|-ability|p2a: The Biggest Bird|Intimidate|boost\n|-unboost|p1a: Whimsicott|atk|1\n|-fail|p1b: Mamoswine|unboost|atk|[from] ability: Oblivious|[of] p1b: Mamoswine\n|turn|1\n|\n|t:|1788336883\n|detailschange|p2a: The Biggest Bird|Staraptor-Mega, L50, M\n|-mega|p2a: The Biggest Bird|Staraptor|Staraptite\n|move|p1b: Mamoswine|Ice Shard|p2a: The Biggest Bird\n|-supereffective|p2a: The Biggest Bird|1\n|-damage|p2a: The Biggest Bird|31/100\n|-damage|p1b: Mamoswine|90/100|[from] item: Life Orb\n|move|p1a: Whimsicott|Moonblast|p2a: The Biggest Bird\n|-supereffective|p2a: The Biggest Bird|1\n|-damage|p2a: The Biggest Bird|0 fnt\n|faint|p2a: The Biggest Bird\n|move|p2b: Toothless|Earthquake|p1a: Whimsicott|[spread] p1a,p1b\n|-resisted|p1a: Whimsicott|1\n|-damage|p1a: Whimsicott|64/100\n|-damage|p1b: Mamoswine|33/100\n|-damage|p2b: Toothless|90/100|[from] item: Life Orb\n|\n|upkeep\n|\n|t:|1788336891\n|switch|p2a: 6”3|Farigiraf, L50, M|100/100\n|turn|2\n|\n|t:|1788336902\n|move|p1b: Mamoswine|Protect|p1b: Mamoswine\n|-singleturn|p1b: Mamoswine|Protect\n|move|p1a: Whimsicott|Tailwind|p1a: Whimsicott\n|-sidestart|p1: CaratroncoSun|move: Tailwind\n|move|p2b: Toothless|Rock Slide|p1b: Mamoswine|[spread] p1a\n|-activate|p1b: Mamoswine|move: Protect\n|-damage|p1a: Whimsicott|28/100\n|-damage|p2b: Toothless|80/100|[from] item: Life Orb\n|move|p2a: 6”3|Trick Room|p2a: 6”3\n|-fieldstart|move: Trick Room|[of] p2a: 6”3\n|\n|upkeep\n|turn|3\n|\n|t:|1788336918\n|switch|p2b: Checkmate|Kingambit, L50, M|100/100\n|move|p2a: 6”3|Hyper Voice|p1a: Whimsicott|[spread] p1a,p1b\n|-damage|p1a: Whimsicott|0 fnt\n|-damage|p1b: Mamoswine|0 fnt\n|faint|p1a: Whimsicott\n|faint|p1b: Mamoswine\n|\n|upkeep\n|\n|t:|1788336926\n|switch|p1b: Charizard|Charizard, L50, M, shiny|100/100\n|switch|p1a: Venusaur|Venusaur, L50, F, shiny|100/100\n|turn|4\n|\n|t:|1788336947\n|detailschange|p1b: Charizard|Charizard-Mega-Y, L50, M, shiny\n|-mega|p1b: Charizard|Charizard|Charizardite Y\n|-weather|SunnyDay|[from] ability: Drought|[of] p1b: Charizard\n|move|p2a: 6”3|Psychic|p1a: Venusaur\n|-supereffective|p1a: Venusaur|1\n|-damage|p1a: Venusaur|18/100\n|move|p2b: Checkmate|Kowtow Cleave|p1a: Venusaur\n|-damage|p1a: Venusaur|0 fnt\n|faint|p1a: Venusaur\n|move|p1b: Charizard|Heat Wave|p2a: 6”3|[spread] p2a,p2b\n|-supereffective|p2b: Checkmate|1\n|-damage|p2a: 6”3|39/100\n|-enditem|p2b: Checkmate|Focus Sash\n|-damage|p2b: Checkmate|1/100\n|-enditem|p2a: 6”3|Sitrus Berry|[eat]\n|-heal|p2a: 6”3|64/100|[from] item: Sitrus Berry\n|\n|-weather|SunnyDay|[upkeep]\n|upkeep\n|turn|5\n|\n|t:|1788336972\n|move|p2a: 6”3|Helping Hand|p2b: Checkmate\n|-singleturn|p2b: Checkmate|Helping Hand|[of] p2a: 6”3\n|move|p2b: Checkmate|Kowtow Cleave|p1b: Charizard\n|-damage|p1b: Charizard|11/100\n|move|p1b: Charizard|Heat Wave|p2a: 6”3|[spread] p2a,p2b\n|-supereffective|p2b: Checkmate|1\n|-damage|p2a: 6”3|7/100\n|-damage|p2b: Checkmate|0 fnt\n|-status|p2a: 6”3|brn\n|faint|p2b: Checkmate\n|\n|-weather|SunnyDay|[upkeep]\n|-damage|p2a: 6”3|1/100 brn|[from] brn\n|-sideend|p1: CaratroncoSun|move: Tailwind\n|upkeep\n|\n|t:|1788336982\n|switch|p2b: Toothless|Garchomp, L50, M|80/100\n|turn|6\n|\n|t:|1788336987\n|move|p2a: 6”3|Hyper Voice|p1b: Charizard\n|-damage|p1b: Charizard|0 fnt\n|faint|p1b: Charizard\n|\n|win|NemoAK\n","uploadtime":1788336987,"views":"1","formatid":"gen9championsvgc2026regmbbo3","rating":null,"private":0,"password":null}