{"id":"gen9championsvgc2026regmbbo3-2673961043","format":"[Gen 9 Champions] VGC 2026 Reg M-B (Bo3)","players":["Aeriodon","lankybox098901"],"log":"|j|☆Aeriodon\n|j|☆lankybox098901\n|html|<table width=\"100%\"><tr><td align=\"left\">Aeriodon</td><td align=\"right\">lankybox098901</tr><tr><td align=\"left\"><i class=\"fa fa-circle-o\"></i> <i class=\"fa fa-circle-o\"></i> </td><td align=\"right\"><i class=\"fa fa-circle-o\"></i> <i class=\"fa fa-circle-o\"></i> </tr></table>\n|uhtml|bestof|<h2><strong>Game 1</strong> of <a href=\"/game-bestof3-gen9championsvgc2026regmbbo3-2673961041\">a best-of-3</a></h2>\n|t:|1788282119\n|gametype|doubles\n|player|p1|Aeriodon|byron|1220\n|player|p2|lankybox098901|266|1140\n|gen|9\n|tier|[Gen 9 Champions] VGC 2026 Reg M-B (Bo3)\n|rated|\n|rule|Species Clause: Limit one of each Pokémon\n|rule|Item Clause: Limit 1 of each item\n|clearpoke\n|poke|p1|Tyranitar, L50, F|\n|poke|p1|Delphox, L50, M|\n|poke|p1|Gliscor, L50, F|\n|poke|p1|Sneasler, L50, F|\n|poke|p1|Kingambit, L50, F|\n|poke|p1|Whimsicott, L50, F|\n|poke|p2|Camerupt, L50, F, shiny|\n|poke|p2|Gallade, L50, M|\n|poke|p2|Kingambit, L50, F|\n|poke|p2|Whimsicott, L50, F|\n|poke|p2|Farigiraf, L50, M|\n|poke|p2|Sinistcha, L50|\n|teampreview|4\n|showteam|p1|Tyranitar||Tyranitarite|SandStream|RockSlide,KnockOff,DragonDance,Protect|Adamant||F|||50|]Delphox||Delphoxite|Blaze|HeatWave,Psychic,Substitute,NastyPlot|Timid||M|||50|]Gliscor||BrightPowder|SandVeil|Toxic,Earthquake,Feint,Protect|Impish||F|||50|]Sneasler||LifeOrb|PoisonTouch|FakeOut,CloseCombat,PoisonJab,Protect|Jolly||F|||50|]Kingambit||BlackGlasses|Defiant|KowtowCleave,SuckerPunch,SwordsDance,Protect|Adamant||F|||50|]Whimsicott||FairyFeather|Prankster|Tailwind,Moonblast,Encore,Protect|Timid||F|||50|\n|showteam|p2|Camerupt||Cameruptite|SolidRock|AncientPower,EarthPower,HeatWave,Protect|Quiet||F|||50|]Gallade||LifeOrb|Sharpness|WideGuard,TrickRoom,SacredSword,PsychoCut|Brave||M|||50|]Kingambit||ChopleBerry|Defiant|KowtowCleave,SuckerPunch,Protect,IronHead|Brave||F|||50|]Whimsicott||FocusSash|Prankster|Encore,TrickRoom,Moonblast,SunnyDay|Quiet||F|||50|]Farigiraf||MentalHerb|ArmorTail|TrickRoom,HelpingHand,Psychic,FoulPlay|Sassy||M|||50|]Sinistcha||SitrusBerry|Heatproof|CalmMind,RagePowder,Protect,MatchaGotcha|Quiet|||||50|\n|\n|t:|1788282159\n|teamsize|p1|4\n|teamsize|p2|4\n|start\n|switch|p1a: Kingambit|Kingambit, L50, F|100/100\n|switch|p1b: Gliscor|Gliscor, L50, F|100/100\n|switch|p2a: Farigiraf|Farigiraf, L50, M|100/100\n|switch|p2b: Gallade|Gallade, L50, M|100/100\n|turn|1\n|l|☆lankybox098901\n|player|p2|\n|j|☆lankybox098901\n|player|p2|lankybox098901|266|\n|inactive|Battle timer is ON: inactive players will automatically lose when time's up. (requested by Aeriodon)\n|\n|t:|1788282210\n|move|p1b: Gliscor|Toxic|p2b: Gallade\n|-status|p2b: Gallade|tox\n|move|p2b: Gallade|Sacred Sword|p1a: Kingambit\n|-supereffective|p1a: Kingambit|2\n|-crit|p1a: Kingambit\n|-damage|p1a: Kingambit|0 fnt\n|faint|p1a: Kingambit\n|-damage|p2b: Gallade|90/100 tox|[from] item: Life Orb\n|move|p2a: Farigiraf|Trick Room|p2a: Farigiraf\n|-fieldstart|move: Trick Room|[of] p2a: Farigiraf\n|\n|-damage|p2b: Gallade|84/100 tox|[from] psn\n|upkeep\n|\n|t:|1788282220\n|switch|p1a: Tyranitar|Tyranitar, L50, F|100/100\n|-weather|Sandstorm|[from] ability: Sand Stream|[of] p1a: Tyranitar\n|turn|2\n|\n|t:|1788282233\n|move|p1a: Tyranitar|Protect|p1a: Tyranitar\n|-singleturn|p1a: Tyranitar|Protect\n|move|p2a: Farigiraf|Psychic|p1b: Gliscor\n|-crit|p1b: Gliscor\n|-damage|p1b: Gliscor|39/100\n|move|p2b: Gallade|Sacred Sword|p1a: Tyranitar\n|-activate|p1a: Tyranitar|move: Protect\n|move|p1b: Gliscor|Toxic|p2a: Farigiraf\n|-status|p2a: Farigiraf|tox\n|\n|-weather|Sandstorm|[upkeep]\n|-damage|p2a: Farigiraf|93/100 tox|[from] Sandstorm\n|-damage|p2b: Gallade|78/100 tox|[from] Sandstorm\n|-damage|p2a: Farigiraf|87/100 tox|[from] psn\n|-damage|p2b: Gallade|67/100 tox|[from] psn\n|upkeep\n|turn|3\n|\n|t:|1788282247\n|switch|p1a: Sneasler|Sneasler, L50, F|100/100\n|move|p1b: Gliscor|Protect|p1b: Gliscor\n|-singleturn|p1b: Gliscor|Protect\n|move|p2a: Farigiraf|Psychic|p1b: Gliscor\n|-activate|p1b: Gliscor|move: Protect\n|move|p2b: Gallade|Sacred Sword|p1a: Sneasler\n|-resisted|p1a: Sneasler|1\n|-damage|p1a: Sneasler|20/100y\n|-damage|p2b: Gallade|57/100 tox|[from] item: Life Orb\n|\n|-weather|Sandstorm|[upkeep]\n|-damage|p2a: Farigiraf|81/100 tox|[from] Sandstorm\n|-damage|p2b: Gallade|52/100 tox|[from] Sandstorm\n|-damage|p1a: Sneasler|14/100|[from] Sandstorm\n|-damage|p2a: Farigiraf|69/100 tox|[from] psn\n|-damage|p2b: Gallade|34/100 tox|[from] psn\n|upkeep\n|turn|4\n|\n|t:|1788282261\n|move|p1a: Sneasler|Protect|p1a: Sneasler\n|-singleturn|p1a: Sneasler|Protect\n|move|p2a: Farigiraf|Psychic|p1a: Sneasler\n|-activate|p1a: Sneasler|move: Protect\n|move|p2b: Gallade|Sacred Sword|p1b: Gliscor\n|-resisted|p1b: Gliscor|1\n|-damage|p1b: Gliscor|8/100\n|-damage|p2b: Gallade|25/100 tox|[from] item: Life Orb\n|move|p1b: Gliscor|Earthquake|p2a: Farigiraf|[spread] p2a,p2b\n|-activate|p1a: Sneasler|move: Protect\n|-damage|p2a: Farigiraf|43/100 tox\n|-damage|p2b: Gallade|0 fnt\n|faint|p2b: Gallade\n|\n|-weather|Sandstorm|[upkeep]\n|-damage|p2a: Farigiraf|37/100 tox|[from] Sandstorm\n|-damage|p1a: Sneasler|9/100|[from] Sandstorm\n|-damage|p2a: Farigiraf|18/100 tox|[from] psn\n|upkeep\n|\n|t:|1788282270\n|switch|p2b: Camerupt|Camerupt, L50, F, shiny|100/100\n|turn|5\n|\n|t:|1788282286\n|switch|p2a: Kingambit|Kingambit, L50, F|100/100\n|detailschange|p2b: Camerupt|Camerupt-Mega, L50, F, shiny\n|-mega|p2b: Camerupt|Camerupt|Cameruptite\n|move|p2b: Camerupt|Heat Wave|p1a: Sneasler|[spread] p1a\n|-miss|p2b: Camerupt|p1b: Gliscor\n|-damage|p1a: Sneasler|0 fnt\n|faint|p1a: Sneasler\n|move|p1b: Gliscor|Earthquake|p2a: Kingambit|[spread] p2a,p2b\n|-supereffective|p2a: Kingambit|1\n|-supereffective|p2b: Camerupt|1\n|-damage|p2a: Kingambit|59/100\n|-damage|p2b: Camerupt|52/100\n|\n|-weather|Sandstorm|[upkeep]\n|-fieldend|move: Trick Room\n|upkeep\n|\n|t:|1788282301\n|switch|p1a: Tyranitar|Tyranitar, L50, F|100/100\n|turn|6\n|\n|t:|1788282318\n|move|p1b: Gliscor|Protect|p1b: Gliscor\n|-singleturn|p1b: Gliscor|Protect\n|move|p1a: Tyranitar|Rock Slide|p2a: Kingambit|[spread] p2b\n|-miss|p1a: Tyranitar|p2a: Kingambit\n|-damage|p2b: Camerupt|22/100\n|move|p2a: Kingambit|Iron Head|p1a: Tyranitar\n|-supereffective|p1a: Tyranitar|1\n|-damage|p1a: Tyranitar|24/100\n|move|p2b: Camerupt|Heat Wave|p1a: Tyranitar|[spread] p1a\n|-activate|p1b: Gliscor|move: Protect\n|-resisted|p1a: Tyranitar|1\n|-damage|p1a: Tyranitar|8/100\n|\n|-weather|none\n|upkeep\n|turn|7\n|\n|t:|1788282338\n|detailschange|p1a: Tyranitar|Tyranitar-Mega, L50, F\n|-mega|p1a: Tyranitar|Tyranitar|Tyranitarite\n|-weather|Sandstorm|[from] ability: Sand Stream|[of] p1a: Tyranitar\n|move|p1a: Tyranitar|Protect|p1a: Tyranitar\n|-singleturn|p1a: Tyranitar|Protect\n|move|p2a: Kingambit|Sucker Punch||[still]\n|-fail|p2a: Kingambit\n|move|p1b: Gliscor|Earthquake|p2b: Camerupt|[spread] p2a,p2b\n|-activate|p1a: Tyranitar|move: Protect\n|-supereffective|p2a: Kingambit|1\n|-supereffective|p2b: Camerupt|1\n|-damage|p2a: Kingambit|26/100\n|-damage|p2b: Camerupt|0 fnt\n|faint|p2b: Camerupt\n|\n|-weather|Sandstorm|[upkeep]\n|upkeep\n|\n|t:|1788282344\n|switch|p2b: Farigiraf|Farigiraf, L50, M|18/100 tox\n|turn|8\n|\n|t:|1788282360\n|move|p1a: Tyranitar|Protect||[still]\n|-fail|p1a: Tyranitar\n|move|p2a: Kingambit|Sucker Punch||[still]\n|-fail|p2a: Kingambit\n|move|p1b: Gliscor|Earthquake|p2a: Kingambit|[spread] p1a,p2a,p2b\n|-supereffective|p1a: Tyranitar|1\n|-supereffective|p2a: Kingambit|1\n|-damage|p1a: Tyranitar|0 fnt\n|-damage|p2a: Kingambit|0 fnt\n|-damage|p2b: Farigiraf|0 fnt\n|faint|p1a: Tyranitar\n|faint|p2a: Kingambit\n|faint|p2b: Farigiraf\n|\n|win|Aeriodon\n||Aeriodon is ready for game 2.\n|inactive|lankybox098901 has 30 seconds to confirm battle start!\n||lankybox098901 is ready for game 2.\n|uhtml|next|Next: <a href=\"/battle-gen9championsvgc2026regmbbo3-2673963187\"><strong>Game 2 of 3</strong></a>\n|l|☆lankybox098901\n|player|p2|\n","uploadtime":1788282736,"views":"16","formatid":"gen9championsvgc2026regmbbo3","rating":null,"private":0,"password":null}