{"id":"gen9championsvgc2026regmbbo3-2674270831","format":"[Gen 9 Champions] VGC 2026 Reg M-B (Bo3)","players":["toxiccroc12","ZMegasOnFraudWatch"],"log":"|j|☆toxiccroc12\n|j|☆ZMegasOnFraudWatch\n|html|<table width=\"100%\"><tr><td align=\"left\">toxiccroc12</td><td align=\"right\">ZMegasOnFraudWatch</tr><tr><td align=\"left\"><i class=\"fa fa-circle\"></i> <i class=\"fa fa-circle-o\"></i> </td><td align=\"right\"><i class=\"fa fa-circle-o\"></i> <i class=\"fa fa-circle\"></i> </tr></table>\n|uhtml|bestof|<h2><strong>Game 3</strong> of <a href=\"/game-bestof3-gen9championsvgc2026regmbbo3-2674267830\">a best-of-3</a></h2>\n|t:|1788328111\n|gametype|doubles\n|player|p1|toxiccroc12|169|1119\n|player|p2|ZMegasOnFraudWatch|psychic-gen2|1326\n|gen|9\n|tier|[Gen 9 Champions] VGC 2026 Reg M-B (Bo3)\n|rated|\n|rule|Species Clause: Limit one of each Pokémon\n|rule|Item Clause: Limit 1 of each item\n|clearpoke\n|poke|p1|Froslass, L50, F|\n|poke|p1|Sneasler, L50, F|\n|poke|p1|Lycanroc-Dusk, L50, M|\n|poke|p1|Scovillain, L50, F|\n|poke|p1|Kingambit, L50, F|\n|poke|p1|Basculegion, L50, M|\n|poke|p2|Whimsicott, L50, F|\n|poke|p2|Floette-Eternal, L50, F|\n|poke|p2|Charizard, L50, M|\n|poke|p2|Garchomp, L50, M|\n|poke|p2|Kingambit, L50, M|\n|poke|p2|Basculegion, L50, M|\n|teampreview|4\n|showteam|p1|Froslass||Froslassite|CursedBody|Blizzard,ShadowBall,AuroraVeil,Protect|Modest||F|||50|]Sneasler||WhiteHerb|Unburden|DireClaw,CloseCombat,FakeOut,Protect|Jolly||F|||50|]Lycanroc-Dusk||FocusSash|ToughClaws|RockSlide,Accelerock,CloseCombat,Protect|Adamant||M|||50|]Scovillain||Scovillainite|Moody|Overheat,GigaDrain,RagePowder,Protect|Bold||F|||50|]Kingambit||BlackGlasses|Defiant|KowtowCleave,SuckerPunch,SwordsDance,Protect|Adamant||F|||50|]Basculegion||SitrusBerry|Adaptability|LastRespects,WaveCrash,AquaJet,Protect|Adamant||M|||50|\n|showteam|p2|Whimsicott||FocusSash|Prankster|Tailwind,Encore,Moonblast,Protect|Timid||F|||50|]Floette-Eternal||Floettite|FlowerVeil|LightofRuin,Moonblast,DazzlingGleam,Protect|Modest||F|||50|]Charizard||CharizarditeY|Blaze|HeatWave,WeatherBall,AncientPower,Protect|Timid||M|||50|]Garchomp||SitrusBerry|RoughSkin|Earthquake,DragonClaw,RockSlide,Protect|Jolly||M|||50|]Kingambit||OccaBerry|Defiant|KowtowCleave,SuckerPunch,IronHead,LowKick|Adamant||M|||50|]Basculegion||LifeOrb|Adaptability|WaveCrash,LastRespects,AquaJet,Protect|Adamant||M|||50|\n|\n|t:|1788328167\n|teamsize|p1|4\n|teamsize|p2|4\n|start\n|switch|p1a: Lycanroc|Lycanroc-Dusk, L50, M|100/100\n|switch|p1b: Scovillain|Scovillain, L50, F|100/100\n|switch|p2a: Whimsicott|Whimsicott, L50, F|100/100\n|switch|p2b: Basculegion|Basculegion, L50, M|100/100\n|turn|1\n|\n|t:|1788328181\n|detailschange|p1b: Scovillain|Scovillain-Mega, L50, F\n|-mega|p1b: Scovillain|Scovillain|Scovillainite\n|move|p2b: Basculegion|Protect|p2b: Basculegion\n|-singleturn|p2b: Basculegion|Protect\n|move|p1b: Scovillain|Rage Powder|p1b: Scovillain\n|-singleturn|p1b: Scovillain|move: Rage Powder\n|move|p2a: Whimsicott|Moonblast|p1a: Lycanroc\n|-damage|p1a: Lycanroc|45/100\n|move|p1a: Lycanroc|Rock Slide|p2b: Basculegion|[spread] p2a\n|-activate|p2b: Basculegion|move: Protect\n|-damage|p2a: Whimsicott|56/100\n|\n|upkeep\n|turn|2\n|\n|t:|1788328234\n|move|p1a: Lycanroc|Protect|p1a: Lycanroc\n|-singleturn|p1a: Lycanroc|Protect\n|move|p2a: Whimsicott|Moonblast|p1a: Lycanroc\n|-activate|p1a: Lycanroc|move: Protect\n|move|p2b: Basculegion|Wave Crash|p1b: Scovillain\n|-damage|p1b: Scovillain|8/100\n|-status|p2b: Basculegion|brn|[from] ability: Spicy Spray|[of] p1b: Scovillain\n|-damage|p2b: Basculegion|73/100 brn|[from] Recoil\n|-damage|p2b: Basculegion|64/100 brn|[from] item: Life Orb\n|move|p1b: Scovillain|Overheat|p2a: Whimsicott|[miss]\n|-miss|p1b: Scovillain|p2a: Whimsicott\n|\n|-damage|p2b: Basculegion|57/100 brn|[from] brn\n|upkeep\n|turn|3\n|\n|t:|1788328263\n|switch|p1a: Sneasler|Sneasler, L50, F|100/100\n|move|p1b: Scovillain|Rage Powder|p1b: Scovillain\n|-singleturn|p1b: Scovillain|move: Rage Powder\n|move|p2a: Whimsicott|Encore||[still]\n|-fail|p2a: Whimsicott\n|move|p2b: Basculegion|Wave Crash|p1b: Scovillain\n|-damage|p1b: Scovillain|0 fnt\n|faint|p1b: Scovillain\n|-damage|p2b: Basculegion|55/100 brn|[from] Recoil\n|-damage|p2b: Basculegion|45/100 brn|[from] item: Life Orb\n|\n|-damage|p2b: Basculegion|39/100 brn|[from] brn\n|upkeep\n|\n|t:|1788328276\n|switch|p1b: Basculegion|Basculegion, L50, M|100/100\n|turn|4\n|\n|t:|1788328294\n|move|p2a: Whimsicott|Protect|p2a: Whimsicott\n|-singleturn|p2a: Whimsicott|Protect\n|move|p1b: Basculegion|Protect|p1b: Basculegion\n|-singleturn|p1b: Basculegion|Protect\n|move|p1a: Sneasler|Dire Claw|p2a: Whimsicott\n|-activate|p2a: Whimsicott|move: Protect\n|move|p2b: Basculegion|Wave Crash|p1a: Sneasler\n|-damage|p1a: Sneasler|28/100\n|-damage|p2b: Basculegion|20/100r brn|[from] Recoil\n|-damage|p2b: Basculegion|10/100 brn|[from] item: Life Orb\n|\n|-damage|p2b: Basculegion|4/100 brn|[from] brn\n|upkeep\n|turn|5\n|\n|t:|1788328313\n|switch|p1b: Lycanroc|Lycanroc-Dusk, L50, M|45/100\n|move|p2a: Whimsicott|Encore||[still]\n|-fail|p2a: Whimsicott\n|move|p2b: Basculegion|Aqua Jet|p1a: Sneasler\n|-damage|p1a: Sneasler|1/100\n|-damage|p2b: Basculegion|0 fnt|[from] item: Life Orb\n|faint|p2b: Basculegion\n|move|p1a: Sneasler|Dire Claw|p2a: Whimsicott\n|-supereffective|p2a: Whimsicott|2\n|-damage|p2a: Whimsicott|0 fnt\n|faint|p2a: Whimsicott\n|\n|upkeep\n|\n|t:|1788328317\n|switch|p2a: Garchomp|Garchomp, L50, M|100/100\n|switch|p2b: Charizard|Charizard, L50, M|100/100\n|turn|6\n|\n|t:|1788328340\n|detailschange|p2b: Charizard|Charizard-Mega-Y, L50, M\n|-mega|p2b: Charizard|Charizard|Charizardite Y\n|-weather|SunnyDay|[from] ability: Drought|[of] p2b: Charizard\n|move|p1b: Lycanroc|Protect|p1b: Lycanroc\n|-singleturn|p1b: Lycanroc|Protect\n|move|p1a: Sneasler|Dire Claw|p2a: Garchomp\n|-resisted|p2a: Garchomp|1\n|-damage|p2a: Garchomp|81/100\n|-damage|p1a: Sneasler|0 fnt|[from] ability: Rough Skin|[of] p2a: Garchomp\n|faint|p1a: Sneasler\n|move|p2a: Garchomp|Earthquake|p1b: Lycanroc|[spread] \n|-activate|p1b: Lycanroc|move: Protect\n|-immune|p2b: Charizard\n|move|p2b: Charizard|Heat Wave|p1b: Lycanroc\n|-activate|p1b: Lycanroc|move: Protect\n|\n|-weather|SunnyDay|[upkeep]\n|upkeep\n|\n|t:|1788328352\n|switch|p1a: Basculegion|Basculegion, L50, M|100/100\n|turn|7\n|\n|t:|1788328368\n|move|p2b: Charizard|Protect|p2b: Charizard\n|-singleturn|p2b: Charizard|Protect\n|move|p2a: Garchomp|Earthquake|p1b: Lycanroc|[spread] p1a,p1b\n|-activate|p2b: Charizard|move: Protect\n|-supereffective|p1b: Lycanroc|1\n|-damage|p1a: Basculegion|69/100\n|-damage|p1b: Lycanroc|0 fnt\n|faint|p1b: Lycanroc\n|move|p1a: Basculegion|Last Respects|p2a: Garchomp\n|-damage|p2a: Garchomp|0 fnt\n|faint|p2a: Garchomp\n|\n|-weather|SunnyDay|[upkeep]\n|upkeep\n|turn|8\n|\n|t:|1788328384\n|move|p1a: Basculegion|Protect|p1a: Basculegion\n|-singleturn|p1a: Basculegion|Protect\n|move|p2b: Charizard|Heat Wave|p1a: Basculegion\n|-activate|p1a: Basculegion|move: Protect\n|\n|-weather|SunnyDay|[upkeep]\n|upkeep\n|turn|9\n|\n|t:|1788328393\n|move|p1a: Basculegion|Aqua Jet|p2b: Charizard\n|-supereffective|p2b: Charizard|1\n|-damage|p2b: Charizard|70/100\n|move|p2b: Charizard|Heat Wave|p1a: Basculegion\n|-resisted|p1a: Basculegion|1\n|-damage|p1a: Basculegion|32/100\n|-status|p1a: Basculegion|brn\n|-enditem|p1a: Basculegion|Sitrus Berry|[eat]\n|-heal|p1a: Basculegion|57/100 brn|[from] item: Sitrus Berry\n|\n|-weather|SunnyDay|[upkeep]\n|-damage|p1a: Basculegion|51/100 brn|[from] brn\n|upkeep\n|turn|10\n|c|☆toxiccroc12|oof\n|\n|t:|1788328403\n|move|p2b: Charizard|Protect|p2b: Charizard\n|-singleturn|p2b: Charizard|Protect\n|move|p1a: Basculegion|Protect||[still]\n|-fail|p1a: Basculegion\n|\n|-weather|none\n|-damage|p1a: Basculegion|45/100 brn|[from] brn\n|upkeep\n|turn|11\n|\n|t:|1788328441\n|move|p2b: Charizard|Ancient Power|p1a: Basculegion\n|-damage|p1a: Basculegion|24/100 brn\n|move|p1a: Basculegion|Last Respects|p2b: Charizard\n|-damage|p2b: Charizard|5/100\n|\n|-damage|p1a: Basculegion|18/100 brn|[from] brn\n|upkeep\n|turn|12\n|\n|t:|1788328449\n|move|p2b: Charizard|Protect|p2b: Charizard\n|-singleturn|p2b: Charizard|Protect\n|move|p1a: Basculegion|Aqua Jet|p2b: Charizard\n|-activate|p2b: Charizard|move: Protect\n|\n|-damage|p1a: Basculegion|13/100 brn|[from] brn\n|upkeep\n|turn|13\n|\n|t:|1788328451\n|move|p2b: Charizard|Protect|p2b: Charizard\n|-singleturn|p2b: Charizard|Protect\n|move|p1a: Basculegion|Aqua Jet|p2b: Charizard\n|-activate|p2b: Charizard|move: Protect\n|\n|-damage|p1a: Basculegion|7/100 brn|[from] brn\n|upkeep\n|turn|14\n|\n|t:|1788328454\n|move|p2b: Charizard|Protect||[still]\n|-fail|p2b: Charizard\n|move|p1a: Basculegion|Aqua Jet|p2b: Charizard\n|-supereffective|p2b: Charizard|1\n|-damage|p2b: Charizard|0 fnt\n|faint|p2b: Charizard\n|\n|win|toxiccroc12\n|raw|toxiccroc12's rating: 1119 &rarr; <strong>1157</strong><br />(+38 for winning)\n|raw|ZMegasOnFraudWatch's rating: 1326 &rarr; <strong>1295</strong><br />(-31 for losing)\n|c|☆toxiccroc12|gg\n|l|☆ZMegasOnFraudWatch\n|player|p2|\n","uploadtime":1788328462,"views":"0","formatid":"gen9championsvgc2026regmbbo3","rating":1157,"private":0,"password":null}