{"id":"gen9championsvgc2026regmbbo3-2674591987","format":"[Gen 9 Champions] VGC 2026 Reg M-B (Bo3)","players":["wochienheimer","ClasiusClap"],"log":"|j|☆wochienheimer\n|j|☆ClasiusClap\n|html|<table width=\"100%\"><tr><td align=\"left\">wochienheimer</td><td align=\"right\">ClasiusClap</tr><tr><td align=\"left\"><i class=\"fa fa-circle\"></i> <i class=\"fa fa-circle-o\"></i> </td><td align=\"right\"><i class=\"fa fa-circle-o\"></i> <i class=\"fa fa-circle\"></i> </tr></table>\n|uhtml|bestof|<h2><strong>Game 3</strong> of <a href=\"/game-bestof3-gen9championsvgc2026regmbbo3-2674587321\">a best-of-3</a></h2>\n|t:|1788377741\n|gametype|doubles\n|player|p1|wochienheimer|iris-gen5bw2|1157\n|player|p2|ClasiusClap|2|1153\n|gen|9\n|tier|[Gen 9 Champions] VGC 2026 Reg M-B (Bo3)\n|rated|\n|rule|Species Clause: Limit one of each Pokémon\n|rule|Item Clause: Limit 1 of each item\n|clearpoke\n|poke|p1|Raichu, L50, M|\n|poke|p1|Milotic, L50, F, shiny|\n|poke|p1|Ceruledge, L50, M|\n|poke|p1|Floette-Eternal, L50, F|\n|poke|p1|Incineroar, L50, F|\n|poke|p1|Sinistcha, L50|\n|poke|p2|Charizard, L50, M|\n|poke|p2|Garchomp, L50, M|\n|poke|p2|Sylveon, L50, M|\n|poke|p2|Incineroar, L50, M|\n|poke|p2|Whimsicott, L50, M|\n|poke|p2|Basculegion, L50, M|\n|teampreview|4\n|showteam|p1|Raichu||RaichuniteY|LightningRod|ZapCannon,Protect,FakeOut,FocusBlast|Timid||M|||50|]Milotic||Leftovers|Competitive|MuddyWater,Coil,Hypnosis,Recover|Calm||F|||50|]Ceruledge||ColburBerry|FlashFire|BitterBlade,ShadowSneak,Protect,BulkUp|Adamant||M|||50|]Floette-Eternal||Floettite|FlowerVeil|DazzlingGleam,CalmMind,DrainingKiss,Protect|Modest||F|||50|]Incineroar||SitrusBerry|Intimidate|FakeOut,ThroatChop,FlareBlitz,PartingShot|Careful||F|||50|]Sinistcha||KasibBerry|Hospitality|MatchaGotcha,RagePowder,LifeDew,Protect|Relaxed|||||50|\n|showteam|p2|Charizard||CharizarditeY|Blaze|HeatWave,SolarBeam,WeatherBall,Protect|Timid||M|||50|]Garchomp||LifeOrb|RoughSkin|Earthquake,DragonClaw,StompingTantrum,Protect|Jolly||M|||50|]Sylveon||FairyFeather|Pixilate|HyperVoice,HyperBeam,Yawn,Detect|Modest||M|||50|]Incineroar||PasshoBerry|Intimidate|ThroatChop,FlareBlitz,FakeOut,PartingShot|Impish||M|||50|]Whimsicott||FocusSash|Prankster|Tailwind,Moonblast,Encore,Protect|Timid||M|||50|]Basculegion||MysticWater|Adaptability|WaveCrash,AquaJet,LastRespects,Protect|Adamant||M|||50|\n|inactive|Battle timer is ON: inactive players will automatically lose when time's up. (requested by wochienheimer)\n|inactive|wochienheimer has 60 seconds left.\n|inactive|ClasiusClap has 60 seconds left.\n|inactive|wochienheimer has 30 seconds left.\n|\n|t:|1788377809\n|teamsize|p1|4\n|teamsize|p2|4\n|start\n|switch|p1a: Incineroar|Incineroar, L50, F|100/100\n|switch|p1b: Sinistcha|Sinistcha, L50|100/100\n|switch|p2a: Basculegion|Basculegion, L50, M|100/100\n|switch|p2b: Whimsicott|Whimsicott, L50, M|100/100\n|-ability|p1a: Incineroar|Intimidate|boost\n|-unboost|p2a: Basculegion|atk|1\n|-unboost|p2b: Whimsicott|atk|1\n|turn|1\n|inactive|ClasiusClap has 30 seconds left.\n|inactive|ClasiusClap has 20 seconds left.\n|inactive|ClasiusClap has 15 seconds left.\n|inactive|ClasiusClap has 10 seconds left.\n|\n|t:|1788377856\n|switch|p2a: Charizard|Charizard, L50, M|100/100\n|move|p2b: Whimsicott|Protect|p2b: Whimsicott\n|-singleturn|p2b: Whimsicott|Protect\n|move|p1b: Sinistcha|Matcha Gotcha|p2a: Charizard|[spread] p2a\n|-activate|p2b: Whimsicott|move: Protect\n|-resisted|p2a: Charizard|2\n|-damage|p2a: Charizard|93/100\n|move|p1a: Incineroar|Flare Blitz|p2b: Whimsicott\n|-activate|p2b: Whimsicott|move: Protect\n|\n|upkeep\n|turn|2\n|inactive|ClasiusClap has 30 seconds left.\n|inactive|ClasiusClap has 20 seconds left.\n|\n|t:|1788377894\n|switch|p1b: Ceruledge|Ceruledge, L50, M|100/100\n|detailschange|p2a: Charizard|Charizard-Mega-Y, L50, M\n|-mega|p2a: Charizard|Charizard|Charizardite Y\n|-weather|SunnyDay|[from] ability: Drought|[of] p2a: Charizard\n|move|p2b: Whimsicott|Moonblast|p1a: Incineroar\n|-damage|p1a: Incineroar|74/100\n|move|p2a: Charizard|Heat Wave|p1b: Ceruledge|[spread] p1a\n|-start|p1b: Ceruledge|ability: Flash Fire\n|-resisted|p1a: Incineroar|1\n|-damage|p1a: Incineroar|49/100\n|-enditem|p1a: Incineroar|Sitrus Berry|[eat]\n|-heal|p1a: Incineroar|73/100|[from] item: Sitrus Berry\n|move|p1a: Incineroar|Flare Blitz|p2b: Whimsicott\n|-supereffective|p2b: Whimsicott|1\n|-enditem|p2b: Whimsicott|Focus Sash\n|-damage|p2b: Whimsicott|1/100\n|-damage|p1a: Incineroar|51/100|[from] Recoil\n|\n|-weather|SunnyDay|[upkeep]\n|upkeep\n|turn|3\n|inactive|wochienheimer has 30 seconds left.\n|\n|t:|1788377920\n|move|p2a: Charizard|Protect|p2a: Charizard\n|-singleturn|p2a: Charizard|Protect\n|move|p2b: Whimsicott|Tailwind|p2b: Whimsicott\n|-sidestart|p2: ClasiusClap|move: Tailwind\n|move|p1b: Ceruledge|Shadow Sneak|p2b: Whimsicott\n|-damage|p2b: Whimsicott|0 fnt\n|faint|p2b: Whimsicott\n|move|p1a: Incineroar|Parting Shot|p2a: Charizard\n|-activate|p2a: Charizard|move: Protect\n|\n|-weather|SunnyDay|[upkeep]\n|upkeep\n|\n|t:|1788377933\n|switch|p2b: Garchomp|Garchomp, L50, M|100/100\n|turn|4\n|\n|t:|1788377949\n|switch|p1a: Sinistcha|Sinistcha, L50|100/100\n|move|p1b: Ceruledge|Protect|p1b: Ceruledge\n|-singleturn|p1b: Ceruledge|Protect\n|move|p2b: Garchomp|Earthquake|p1b: Ceruledge|[spread] p1a\n|-activate|p1b: Ceruledge|move: Protect\n|-immune|p2a: Charizard\n|-resisted|p1a: Sinistcha|1\n|-damage|p1a: Sinistcha|83/100\n|-damage|p2b: Garchomp|90/100|[from] item: Life Orb\n|move|p2a: Charizard|Weather Ball|p1a: Sinistcha\n|-supereffective|p1a: Sinistcha|1\n|-damage|p1a: Sinistcha|0 fnt\n|faint|p1a: Sinistcha\n|\n|-weather|SunnyDay|[upkeep]\n|upkeep\n|\n|t:|1788377963\n|switch|p1a: Incineroar|Incineroar, L50, F|51/100\n|-ability|p1a: Incineroar|Intimidate|boost\n|-unboost|p2a: Charizard|atk|1\n|-unboost|p2b: Garchomp|atk|1\n|turn|5\n|inactive|ClasiusClap has 30 seconds left.\n|inactive|ClasiusClap has 20 seconds left.\n|\n|t:|1788378001\n|switch|p2a: Basculegion|Basculegion, L50, M|100/100\n|move|p1a: Incineroar|Fake Out|p2b: Garchomp\n|-damage|p2b: Garchomp|80/100\n|-damage|p1a: Incineroar|39/100|[from] ability: Rough Skin|[of] p2b: Garchomp\n|cant|p2b: Garchomp|flinch\n|move|p1b: Ceruledge|Bulk Up|p1b: Ceruledge\n|-boost|p1b: Ceruledge|atk|1\n|-boost|p1b: Ceruledge|def|1\n|\n|-weather|SunnyDay|[upkeep]\n|upkeep\n|turn|6\n|inactive|ClasiusClap has 30 seconds left.\n|\n|t:|1788378030\n|move|p1b: Ceruledge|Protect|p1b: Ceruledge\n|-singleturn|p1b: Ceruledge|Protect\n|move|p2b: Garchomp|Stomping Tantrum|p1b: Ceruledge\n|-activate|p1b: Ceruledge|move: Protect\n|move|p2a: Basculegion|Wave Crash|p1a: Incineroar\n|-supereffective|p1a: Incineroar|1\n|-damage|p1a: Incineroar|0 fnt\n|faint|p1a: Incineroar\n|-damage|p2a: Basculegion|87/100|[from] Recoil\n|\n|-weather|none\n|-sideend|p2: ClasiusClap|move: Tailwind\n|upkeep\n|\n|t:|1788378038\n|switch|p1a: Raichu|Raichu, L50, M|100/100\n|turn|7\n|inactive|ClasiusClap has 30 seconds left.\n|inactive|ClasiusClap has 20 seconds left.\n|inactive|ClasiusClap has 15 seconds left.\n|\n|t:|1788378083\n|switch|p2b: Charizard|Charizard-Mega-Y, L50, M|93/100\n|-weather|SunnyDay|[from] ability: Drought|[of] p2b: Charizard\n|detailschange|p1a: Raichu|Raichu-Mega-Y, L50, M\n|-mega|p1a: Raichu|Raichu|Raichunite Y\n|move|p2a: Basculegion|Aqua Jet|p1b: Ceruledge\n|-supereffective|p1b: Ceruledge|1\n|-damage|p1b: Ceruledge|77/100\n|move|p1a: Raichu|Zap Cannon|p2a: Basculegion\n|-supereffective|p2a: Basculegion|1\n|-damage|p2a: Basculegion|0 fnt\n|faint|p2a: Basculegion\n|move|p1b: Ceruledge|Bitter Blade|p2b: Charizard\n|-resisted|p2b: Charizard|1\n|-damage|p2b: Charizard|6/100\n|-heal|p1b: Ceruledge|100/100|[from] drain|[of] p2b: Charizard\n|\n|-weather|SunnyDay|[upkeep]\n|upkeep\n|\n|t:|1788378098\n|switch|p2a: Garchomp|Garchomp, L50, M|80/100\n|turn|8\n|\n|t:|1788378112\n|move|p1a: Raichu|Protect|p1a: Raichu\n|-singleturn|p1a: Raichu|Protect\n|move|p1b: Ceruledge|Shadow Sneak|p2b: Charizard\n|-damage|p2b: Charizard|0 fnt\n|faint|p2b: Charizard\n|move|p2a: Garchomp|Earthquake|p1b: Ceruledge|[spread] p1b\n|-activate|p1a: Raichu|move: Protect\n|-supereffective|p1b: Ceruledge|1\n|-damage|p1b: Ceruledge|19/100\n|-damage|p2a: Garchomp|71/100|[from] item: Life Orb\n|\n|-weather|SunnyDay|[upkeep]\n|upkeep\n|turn|9\n|\n|t:|1788378125\n|move|p1b: Ceruledge|Shadow Sneak|p2a: Garchomp\n|-damage|p2a: Garchomp|39/100\n|-damage|p1b: Ceruledge|7/100|[from] ability: Rough Skin|[of] p2a: Garchomp\n|move|p1a: Raichu|Focus Blast|p2a: Garchomp\n|-crit|p2a: Garchomp\n|-damage|p2a: Garchomp|0 fnt\n|faint|p2a: Garchomp\n|\n|win|wochienheimer\n|raw|wochienheimer's rating: 1157 &rarr; <strong>1182</strong><br />(+25 for winning)\n|raw|ClasiusClap's rating: 1153 &rarr; <strong>1128</strong><br />(-25 for losing)\n|l|☆wochienheimer\n|player|p1|\n","uploadtime":1788378133,"views":"0","formatid":"gen9championsvgc2026regmbbo3","rating":1128,"private":0,"password":null}