{"id":"gen9championsvgc2026regmbbo3-2673756976","format":"[Gen 9 Champions] VGC 2026 Reg M-B (Bo3)","players":["CaratroncoSun","ZMegasOnFraudWatch"],"log":"|j|☆CaratroncoSun\n|j|☆ZMegasOnFraudWatch\n|html|<table width=\"100%\"><tr><td align=\"left\">CaratroncoSun</td><td align=\"right\">ZMegasOnFraudWatch</tr><tr><td align=\"left\"><i class=\"fa fa-circle\"></i> <i class=\"fa fa-circle-o\"></i> </td><td align=\"right\"><i class=\"fa fa-circle-o\"></i> <i class=\"fa fa-circle-o\"></i> </tr></table>\n|uhtml|bestof|<h2><strong>Game 2</strong> of <a href=\"/game-bestof3-gen9championsvgc2026regmbbo3-2673755601\">a best-of-3</a></h2>\n|t:|1788249272\n|gametype|doubles\n|player|p1|CaratroncoSun|170|1321\n|player|p2|ZMegasOnFraudWatch|psychic-gen2|1441\n|gen|9\n|tier|[Gen 9 Champions] VGC 2026 Reg M-B (Bo3)\n|rated|\n|rule|Species Clause: Limit one of each Pokémon\n|rule|Item Clause: Limit 1 of each item\n|clearpoke\n|poke|p1|Charizard, L50, F, shiny|\n|poke|p1|Venusaur, L50, M, shiny|\n|poke|p1|Whimsicott, L50, F, shiny|\n|poke|p1|Basculegion, L50, M|\n|poke|p1|Tyranitar, L50, M|\n|poke|p1|Mamoswine, L50, F|\n|poke|p2|Scovillain, L50, M, shiny|\n|poke|p2|Basculegion, L50, M|\n|poke|p2|Kingambit, L50, M|\n|poke|p2|Sneasler, L50, F|\n|poke|p2|Lycanroc-Dusk, L50, M|\n|poke|p2|Froslass, L50, F|\n|teampreview|4\n|showteam|p1|Charizard||CharizarditeY|Blaze|Protect,SolarBeam,HeatWave,AirSlash|Modest||F|||50|]Venusaur||WideLens|Chlorophyll|Protect,GigaDrain,EarthPower,SleepPowder|Modest||M|||50|]Whimsicott||FocusSash|Prankster|Protect,Moonblast,Tailwind,Encore|Timid||F|||50|]Basculegion||MysticWater|Adaptability|Protect,AquaJet,WaveCrash,LastRespects|Adamant||M|||50|]Tyranitar||Tyranitarite|SandStream|Protect,RockSlide,KnockOff,LowKick|Adamant||M|||50|]Mamoswine||LifeOrb|Oblivious|Protect,HighHorsepower,RockSlide,IceShard|Adamant||F|||50|\n|showteam|p2|Scovillain||Scovillainite|Moody|GigaDrain,Overheat,RagePowder,Protect|Bold||M|||50|]Basculegion||LifeOrb|Adaptability|WaveCrash,LastRespects,AquaJet,Protect|Adamant||M|||50|]Kingambit||BlackGlasses|Defiant|KowtowCleave,SuckerPunch,SwordsDance,Protect|Adamant||M|||50|]Sneasler||WhiteHerb|Unburden|CloseCombat,DireClaw,Protect,FakeOut|Adamant||F|||50|]Lycanroc-Dusk||FocusSash|ToughClaws|CloseCombat,Accelerock,RockSlide,Protect|Adamant||M|||50|]Froslass||Froslassite|CursedBody|Blizzard,ShadowBall,AuroraVeil,Protect|Timid||F|||50|\n|\n|t:|1788249295\n|teamsize|p1|4\n|teamsize|p2|4\n|start\n|switch|p1a: Whimsicott|Whimsicott, L50, F, shiny|100/100\n|switch|p1b: Mamoswine|Mamoswine, L50, F|100/100\n|switch|p2a: Hardly Know Her|Sneasler, L50, F|100/100\n|switch|p2b: KTC Choppa|Kingambit, L50, M|100/100\n|turn|1\n|\n|t:|1788249304\n|move|p1a: Whimsicott|Moonblast|p2b: KTC Choppa\n|-damage|p2b: KTC Choppa|67/100\n|move|p2a: Hardly Know Her|Close Combat|p1b: Mamoswine\n|-supereffective|p1b: Mamoswine|1\n|-damage|p1b: Mamoswine|0 fnt\n|-unboost|p2a: Hardly Know Her|def|1\n|-unboost|p2a: Hardly Know Her|spd|1\n|faint|p1b: Mamoswine\n|-enditem|p2a: Hardly Know Her|White Herb\n|-clearnegativeboost|p2a: Hardly Know Her|[silent]\n|move|p2b: KTC Choppa|Swords Dance|p2b: KTC Choppa\n|-boost|p2b: KTC Choppa|atk|2\n|\n|upkeep\n|\n|t:|1788249319\n|switch|p1b: Charizard|Charizard, L50, F, shiny|100/100\n|turn|2\n|\n|t:|1788249341\n|switch|p1b: Tyranitar|Tyranitar, L50, M|100/100\n|-weather|Sandstorm|[from] ability: Sand Stream|[of] p1b: Tyranitar\n|move|p2b: KTC Choppa|Sucker Punch||[still]\n|-fail|p2b: KTC Choppa\n|move|p2a: Hardly Know Her|Dire Claw|p1b: Tyranitar\n|-resisted|p1b: Tyranitar|1\n|-damage|p1b: Tyranitar|81/100\n|move|p1a: Whimsicott|Moonblast|p2b: KTC Choppa\n|-damage|p2b: KTC Choppa|31/100\n|\n|-weather|Sandstorm|[upkeep]\n|-damage|p2a: Hardly Know Her|94/100|[from] Sandstorm\n|-damage|p1a: Whimsicott|94/100|[from] Sandstorm\n|upkeep\n|turn|3\n|\n|t:|1788249369\n|switch|p1b: Charizard|Charizard, L50, F, shiny|100/100\n|move|p1a: Whimsicott|Tailwind|p1a: Whimsicott\n|-sidestart|p1: CaratroncoSun|move: Tailwind\n|move|p2b: KTC Choppa|Sucker Punch||[still]\n|-fail|p2b: KTC Choppa\n|move|p2a: Hardly Know Her|Close Combat|p1b: Charizard\n|-resisted|p1b: Charizard|1\n|-damage|p1b: Charizard|64/100\n|-unboost|p2a: Hardly Know Her|def|1\n|-unboost|p2a: Hardly Know Her|spd|1\n|\n|-weather|Sandstorm|[upkeep]\n|-damage|p1a: Whimsicott|88/100|[from] Sandstorm\n|-damage|p2a: Hardly Know Her|88/100|[from] Sandstorm\n|-damage|p1b: Charizard|58/100|[from] Sandstorm\n|upkeep\n|turn|4\n|\n|t:|1788249389\n|detailschange|p1b: Charizard|Charizard-Mega-Y, L50, F, shiny\n|-mega|p1b: Charizard|Charizard|Charizardite Y\n|-weather|SunnyDay|[from] ability: Drought|[of] p1b: Charizard\n|move|p2b: KTC Choppa|Sucker Punch|p1b: Charizard\n|-damage|p1b: Charizard|0 fnt\n|faint|p1b: Charizard\n|move|p1a: Whimsicott|Moonblast|p2b: KTC Choppa\n|-damage|p2b: KTC Choppa|0 fnt\n|faint|p2b: KTC Choppa\n|move|p2a: Hardly Know Her|Dire Claw|p1a: Whimsicott\n|-supereffective|p1a: Whimsicott|2\n|-damage|p1a: Whimsicott|0 fnt\n|faint|p1a: Whimsicott\n|\n|-weather|SunnyDay|[upkeep]\n|upkeep\n|\n|t:|1788249404\n|switch|p1b: Tyranitar|Tyranitar, L50, M|81/100\n|switch|p2b: In NY I Accelerock|Lycanroc-Dusk, L50, M|100/100\n|-weather|Sandstorm|[from] ability: Sand Stream|[of] p1b: Tyranitar\n|turn|5\n|\n|t:|1788249409\n|move|p2a: Hardly Know Her|Close Combat|p1b: Tyranitar\n|-supereffective|p1b: Tyranitar|2\n|-damage|p1b: Tyranitar|0 fnt\n|-unboost|p2a: Hardly Know Her|def|1\n|-unboost|p2a: Hardly Know Her|spd|1\n|faint|p1b: Tyranitar\n|\n|win|ZMegasOnFraudWatch\n","uploadtime":1788249410,"views":"1","formatid":"gen9championsvgc2026regmbbo3","rating":null,"private":0,"password":null}