{"id":"gen9championsvgc2026regmb-2673981018","format":"[Gen 9 Champions] VGC 2026 Reg M-B","players":["00duzin17","JoeCool12"],"log":"|j|☆00duzin17\n|j|☆JoeCool12\n|t:|1788284462\n|gametype|doubles\n|player|p1|00duzin17|ghetsis-gen5bw|1457\n|player|p2|JoeCool12|169|1531\n|gen|9\n|tier|[Gen 9 Champions] VGC 2026 Reg M-B\n|rated|\n|rule|Species Clause: Limit one of each Pokémon\n|rule|Item Clause: Limit 1 of each item\n|clearpoke\n|poke|p1|Camerupt, L50, M|\n|poke|p1|Grimmsnarl, L50, M|\n|poke|p1|Machamp, L50, M|\n|poke|p1|Farigiraf, L50, M|\n|poke|p1|Empoleon, L50, F|\n|poke|p1|Abomasnow, L50, M|\n|poke|p2|Raichu, L50, F|\n|poke|p2|Staraptor, L50, F|\n|poke|p2|Arcanine-Hisui, L50, M|\n|poke|p2|Farigiraf, L50, M|\n|poke|p2|Sylveon, L50, F|\n|poke|p2|Kingambit, L50, M|\n|teampreview|4\n|inactive|Battle timer is ON: inactive players will automatically lose when time's up. (requested by 00duzin17)\n|\n|t:|1788284505\n|teamsize|p1|4\n|teamsize|p2|4\n|start\n|switch|p1a: Grimmsnarl|Grimmsnarl, L50, M|100/100\n|switch|p1b: Empoleon|Empoleon, L50, F|100/100\n|switch|p2a: Staraptor|Staraptor, L50, F|100/100\n|switch|p2b: Kingambit|Kingambit, L50, M|100/100\n|-ability|p2a: Staraptor|Intimidate|boost\n|-unboost|p1a: Grimmsnarl|atk|1\n|-unboost|p1b: Empoleon|atk|1\n|-ability|p1b: Empoleon|Competitive|boost\n|-boost|p1b: Empoleon|spa|2\n|turn|1\n|\n|t:|1788284523\n|detailschange|p2a: Staraptor|Staraptor-Mega, L50, F\n|-mega|p2a: Staraptor|Staraptor|Staraptite\n|move|p1a: Grimmsnarl|Fake Out|p2a: Staraptor\n|-damage|p2a: Staraptor|92/100\n|cant|p2a: Staraptor|flinch\n|move|p1b: Empoleon|Ice Beam|p2a: Staraptor\n|-supereffective|p2a: Staraptor|1\n|-damage|p2a: Staraptor|0 fnt\n|faint|p2a: Staraptor\n|move|p2b: Kingambit|Swords Dance|p2b: Kingambit\n|-boost|p2b: Kingambit|atk|2\n|\n|upkeep\n|\n|t:|1788284537\n|switch|p2a: Farigiraf|Farigiraf, L50, M|100/100\n|turn|2\n|inactive|JoeCool12 has 30 seconds left.\n|inactive|JoeCool12 has 20 seconds left.\n|\n|t:|1788284574\n|move|p1a: Grimmsnarl|Reflect|p1a: Grimmsnarl\n|-sidestart|p1: 00duzin17|Reflect\n|move|p1b: Empoleon|Hydro Pump|p2b: Kingambit|[miss]\n|-miss|p1b: Empoleon|p2b: Kingambit\n|move|p2b: Kingambit|Swords Dance|p2b: Kingambit\n|-boost|p2b: Kingambit|atk|2\n|move|p2a: Farigiraf|Trick Room|p2a: Farigiraf\n|-fieldstart|move: Trick Room|[of] p2a: Farigiraf\n|\n|upkeep\n|turn|3\n|\n|t:|1788284588\n|switch|p2a: Sylveon|Sylveon, L50, F|100/100\n|switch|p1a: Farigiraf|Farigiraf, L50, M|100/100\n|move|p2b: Kingambit|Kowtow Cleave|p1b: Empoleon\n|-damage|p1b: Empoleon|0 fnt\n|faint|p1b: Empoleon\n|-damage|p2b: Kingambit|90/100|[from] item: Life Orb\n|\n|upkeep\n|\n|t:|1788284602\n|switch|p1b: Camerupt|Camerupt, L50, M|100/100\n|turn|4\n|inactive|00duzin17 has 30 seconds left.\n|inactive|00duzin17 has 20 seconds left.\n|inactive|00duzin17 has 15 seconds left.\n|\n|t:|1788284646\n|detailschange|p1b: Camerupt|Camerupt-Mega, L50, M\n|-mega|p1b: Camerupt|Camerupt|Cameruptite\n|move|p1a: Farigiraf|Helping Hand|p1b: Camerupt\n|-singleturn|p1b: Camerupt|Helping Hand|[of] p1a: Farigiraf\n|move|p2b: Kingambit|Protect|p2b: Kingambit\n|-singleturn|p2b: Kingambit|Protect\n|move|p1b: Camerupt|Heat Wave|p2b: Kingambit|[spread] \n|-activate|p2b: Kingambit|move: Protect\n|-miss|p1b: Camerupt|p2a: Sylveon\n|move|p2a: Sylveon|Hyper Beam|p1a: Farigiraf\n|-damage|p1a: Farigiraf|1/100\n|-mustrecharge|p2a: Sylveon\n|\n|upkeep\n|turn|5\n|\n|t:|1788284670\n|move|p1a: Farigiraf|Helping Hand|p1b: Camerupt\n|-singleturn|p1b: Camerupt|Helping Hand|[of] p1a: Farigiraf\n|move|p1b: Camerupt|Heat Wave|p2b: Kingambit|[spread] p2b\n|-miss|p1b: Camerupt|p2a: Sylveon\n|-supereffective|p2b: Kingambit|1\n|-damage|p2b: Kingambit|0 fnt\n|faint|p2b: Kingambit\n|cant|p2a: Sylveon|recharge\n|\n|upkeep\n|\n|t:|1788284676\n|switch|p2b: Farigiraf|Farigiraf, L50, M|100/100\n|turn|6\n|\n|t:|1788284690\n|move|p1a: Farigiraf|Helping Hand|p1b: Camerupt\n|-singleturn|p1b: Camerupt|Helping Hand|[of] p1a: Farigiraf\n|move|p2b: Farigiraf|Protect|p2b: Farigiraf\n|-singleturn|p2b: Farigiraf|Protect\n|move|p2a: Sylveon|Detect|p2a: Sylveon\n|-singleturn|p2a: Sylveon|Protect\n|move|p1b: Camerupt|Earth Power|p2a: Sylveon\n|-activate|p2a: Sylveon|move: Protect\n|\n|-fieldend|move: Trick Room\n|upkeep\n|turn|7\n|\n|t:|1788284706\n|move|p1b: Camerupt|Protect|p1b: Camerupt\n|-singleturn|p1b: Camerupt|Protect\n|move|p2a: Sylveon|Hyper Voice|p1b: Camerupt|[spread] p1a\n|-activate|p1b: Camerupt|move: Protect\n|-crit|p1a: Farigiraf\n|-damage|p1a: Farigiraf|0 fnt\n|faint|p1a: Farigiraf\n|move|p2b: Farigiraf|Psychic|p1b: Camerupt\n|-activate|p1b: Camerupt|move: Protect\n|\n|upkeep\n|\n|t:|1788284719\n|switch|p1a: Grimmsnarl|Grimmsnarl, L50, M|100/100\n|turn|8\n|\n|t:|1788284735\n|move|p1a: Grimmsnarl|Light Screen|p1a: Grimmsnarl\n|-sidestart|p1: 00duzin17|move: Light Screen\n|move|p2a: Sylveon|Hyper Voice|p1b: Camerupt|[spread] p1a,p1b\n|-supereffective|p1a: Grimmsnarl|1\n|-resisted|p1b: Camerupt|1\n|-damage|p1a: Grimmsnarl|34/100\n|-damage|p1b: Camerupt|84/100\n|move|p2b: Farigiraf|Psychic|p1b: Camerupt\n|-damage|p1b: Camerupt|62/100\n|move|p1b: Camerupt|Earth Power|p2a: Sylveon\n|-damage|p2a: Sylveon|39/100\n|\n|upkeep\n|turn|9\n|\n|t:|1788284755\n|move|p1a: Grimmsnarl|Reflect||[still]\n|-fail|p1a: Grimmsnarl\n|move|p2a: Sylveon|Hyper Voice|p1b: Camerupt|[spread] p1a,p1b\n|-supereffective|p1a: Grimmsnarl|1\n|-resisted|p1b: Camerupt|1\n|-damage|p1a: Grimmsnarl|0 fnt\n|-damage|p1b: Camerupt|48/100\n|faint|p1a: Grimmsnarl\n|move|p2b: Farigiraf|Psychic|p1b: Camerupt\n|-damage|p1b: Camerupt|25/100\n|move|p1b: Camerupt|Heat Wave|p2a: Sylveon|[spread] p2a,p2b\n|-damage|p2a: Sylveon|0 fnt\n|-damage|p2b: Farigiraf|51/100\n|faint|p2a: Sylveon\n|\n|-sideend|p1: 00duzin17|Reflect\n|upkeep\n|turn|10\n|\n|t:|1788284772\n|move|p2b: Farigiraf|Psychic|p1b: Camerupt\n|-damage|p1b: Camerupt|4/100\n|-unboost|p1b: Camerupt|spd|1\n|move|p1b: Camerupt|Earth Power|p2b: Farigiraf\n|-damage|p2b: Farigiraf|0 fnt\n|faint|p2b: Farigiraf\n|\n|win|00duzin17\n|raw|00duzin17's rating: 1457 &rarr; <strong>1481</strong><br />(+24 for winning)\n|raw|JoeCool12's rating: 1531 &rarr; <strong>1507</strong><br />(-24 for losing)\n","uploadtime":1788284782,"views":"0","formatid":"gen9championsvgc2026regmb","rating":1481,"private":0,"password":null}