{"id":"gen9championsvgc2026regmbbo3-2674925886","format":"[Gen 9 Champions] VGC 2026 Reg M-B (Bo3)","players":["Divine Monkey King","gabbovgc"],"log":"|j|☆Divine Monkey King\n|j|☆gabbovgc\n|html|<table width=\"100%\"><tr><td align=\"left\">Divine Monkey King</td><td align=\"right\">gabbovgc</tr><tr><td align=\"left\"><i class=\"fa fa-circle\"></i> <i class=\"fa fa-circle-o\"></i> </td><td align=\"right\"><i class=\"fa fa-circle-o\"></i> <i class=\"fa fa-circle\"></i> </tr></table>\n|uhtml|bestof|<h2><strong>Game 3</strong> of <a href=\"/game-bestof3-gen9championsvgc2026regmbbo3-2674923763\">a best-of-3</a></h2>\n|t:|1788437062\n|gametype|doubles\n|player|p1|Divine Monkey King|silver|1158\n|player|p2|gabbovgc|170|1191\n|gen|9\n|tier|[Gen 9 Champions] VGC 2026 Reg M-B (Bo3)\n|rated|\n|rule|Species Clause: Limit one of each Pokémon\n|rule|Item Clause: Limit 1 of each item\n|clearpoke\n|poke|p1|Chesnaught, L50, M, shiny|\n|poke|p1|Farigiraf, L50, M, shiny|\n|poke|p1|Sinistcha-Masterpiece, L50, shiny|\n|poke|p1|Tyranitar, L50, M, shiny|\n|poke|p1|Kingambit, L50, M, shiny|\n|poke|p1|Alakazam, L50, M, shiny|\n|poke|p2|Blastoise, L50, M|\n|poke|p2|Delphox, L50, M|\n|poke|p2|Sinistcha-Masterpiece, L50|\n|poke|p2|Sneasler, L50, F|\n|poke|p2|Kingambit, L50, M|\n|poke|p2|Incineroar, L50, M|\n|teampreview|4\n|showteam|p1|Chesnaught||Chesnaughtite|Bulletproof|DrainPunch,SeedBomb,SpikyShield,BellyDrum|Adamant||M|||50|]Farigiraf||MentalHerb|ArmorTail|Protect,PsychicNoise,Thunderbolt,TrickRoom|Sassy||M|||50|]Sinistcha-Masterpiece||Leftovers|Hospitality|MatchaGotcha,Protect,ShadowBall,TrickRoom|Relaxed|||||50|]Tyranitar||Tyranitarite|SandStream|BrickBreak,KnockOff,Protect,RockSlide|Adamant||M|||50|]Kingambit||ExpertBelt|Defiant|IronHead,KowtowCleave,Protect,SuckerPunch|Adamant||M|||50|]Alakazam||FocusSash|InnerFocus|LightScreen,Protect,Psychic,SpeedSwap|Timid||M|||50|\n|showteam|p2|Blastoise||Blastoisinite|RainDish|WaterSpout,DarkPulse,ShellSmash,Protect|Modest||M|||50|]Delphox||Delphoxite|Blaze|HeatWave,Psychic,NastyPlot,Protect|Timid||M|||50|]Sinistcha-Masterpiece||ColburBerry|Hospitality|MatchaGotcha,RagePowder,TrickRoom,Protect|Bold|||||50|]Sneasler||FocusSash|PoisonTouch|FakeOut,PoisonJab,CloseCombat,QuickGuard|Jolly||F|||50|]Kingambit||LifeOrb|Defiant|KowtowCleave,SuckerPunch,SwordsDance,Protect|Adamant||M|||50|]Incineroar||SitrusBerry|Intimidate|FakeOut,FlareBlitz,ThroatChop,PartingShot|Careful||M|||50|\n|\n|t:|1788437092\n|teamsize|p1|4\n|teamsize|p2|4\n|start\n|switch|p1a: Alakazam|Alakazam, L50, M, shiny|100/100\n|switch|p1b: Tyranitar|Tyranitar, L50, M, shiny|100/100\n|switch|p2a: Sneasler|Sneasler, L50, F|100/100\n|switch|p2b: Delphox|Delphox, L50, M|100/100\n|-weather|Sandstorm|[from] ability: Sand Stream|[of] p1b: Tyranitar\n|turn|1\n|\n|t:|1788437121\n|detailschange|p2b: Delphox|Delphox-Mega, L50, M\n|-mega|p2b: Delphox|Delphox|Delphoxite\n|move|p1b: Tyranitar|Protect|p1b: Tyranitar\n|-singleturn|p1b: Tyranitar|Protect\n|move|p2a: Sneasler|Fake Out|p1b: Tyranitar\n|-activate|p1b: Tyranitar|move: Protect\n|move|p2b: Delphox|Nasty Plot|p2b: Delphox\n|-boost|p2b: Delphox|spa|2\n|move|p1a: Alakazam|Psychic|p2a: Sneasler\n|-supereffective|p2a: Sneasler|2\n|-enditem|p2a: Sneasler|Focus Sash\n|-damage|p2a: Sneasler|1/100\n|\n|-weather|Sandstorm|[upkeep]\n|-damage|p2b: Delphox|94/100|[from] Sandstorm\n|-damage|p1a: Alakazam|93/100|[from] Sandstorm\n|-damage|p2a: Sneasler|0 fnt|[from] Sandstorm\n|faint|p2a: Sneasler\n|upkeep\n|\n|t:|1788437140\n|switch|p2a: Incineroar|Incineroar, L50, M|100/100\n|-ability|p2a: Incineroar|Intimidate|boost\n|-fail|p1a: Alakazam|unboost|atk|[from] ability: Inner Focus|[of] p1a: Alakazam\n|-unboost|p1b: Tyranitar|atk|1\n|turn|2\n|\n|t:|1788437165\n|switch|p1a: Farigiraf|Farigiraf, L50, M, shiny|100/100\n|detailschange|p1b: Tyranitar|Tyranitar-Mega, L50, M, shiny\n|-mega|p1b: Tyranitar|Tyranitar|Tyranitarite\n|move|p2a: Incineroar|Fake Out||[still]\n|cant|p1a: Farigiraf|ability: Armor Tail|Fake Out|[of] p2a: Incineroar\n|move|p2b: Delphox|Heat Wave|p1a: Farigiraf|[spread] p1a,p1b\n|-resisted|p1b: Tyranitar|1\n|-damage|p1a: Farigiraf|39/100\n|-damage|p1b: Tyranitar|81/100\n|move|p1b: Tyranitar|Knock Off|p2b: Delphox\n|-supereffective|p2b: Delphox|1\n|-damage|p2b: Delphox|11/100\n|\n|-weather|Sandstorm|[upkeep]\n|-damage|p2b: Delphox|5/100|[from] Sandstorm\n|-damage|p2a: Incineroar|93/100|[from] Sandstorm\n|-damage|p1a: Farigiraf|33/100|[from] Sandstorm\n|upkeep\n|turn|3\n|\n|t:|1788437199\n|move|p2b: Delphox|Protect|p2b: Delphox\n|-singleturn|p2b: Delphox|Protect\n|move|p1b: Tyranitar|Protect|p1b: Tyranitar\n|-singleturn|p1b: Tyranitar|Protect\n|move|p1a: Farigiraf|Protect|p1a: Farigiraf\n|-singleturn|p1a: Farigiraf|Protect\n|move|p2a: Incineroar|Parting Shot|p1b: Tyranitar\n|-activate|p1b: Tyranitar|move: Protect\n|\n|-weather|Sandstorm|[upkeep]\n|-damage|p2b: Delphox|0 fnt|[from] Sandstorm\n|-damage|p2a: Incineroar|87/100|[from] Sandstorm\n|-damage|p1a: Farigiraf|26/100|[from] Sandstorm\n|faint|p2b: Delphox\n|upkeep\n|\n|t:|1788437210\n|switch|p2b: Sinistcha|Sinistcha-Masterpiece, L50|100/100\n|-heal|p2a: Incineroar|100/100|[from] ability: Hospitality|[of] p2b: Sinistcha\n|turn|4\n|\n|t:|1788437231\n|move|p2b: Sinistcha|Protect|p2b: Sinistcha\n|-singleturn|p2b: Sinistcha|Protect\n|move|p2a: Incineroar|Parting Shot|p1b: Tyranitar\n|-unboost|p1b: Tyranitar|atk|1\n|-unboost|p1b: Tyranitar|spa|1\n|move|p1b: Tyranitar|Rock Slide|p2a: Incineroar|[spread] p2a\n|-activate|p2b: Sinistcha|move: Protect\n|-supereffective|p2a: Incineroar|1\n|-crit|p2a: Incineroar\n|-damage|p2a: Incineroar|0 fnt\n|faint|p2a: Incineroar\n|move|p1a: Farigiraf|Trick Room|p1a: Farigiraf\n|-fieldstart|move: Trick Room|[of] p1a: Farigiraf\n|\n|-weather|Sandstorm|[upkeep]\n|-damage|p1a: Farigiraf|20/100y|[from] Sandstorm\n|-damage|p2b: Sinistcha|93/100|[from] Sandstorm\n|upkeep\n|turn|5\n|\n|t:|1788437246\n|move|p1a: Farigiraf|Psychic Noise|p2b: Sinistcha\n|-damage|p2b: Sinistcha|61/100\n|-start|p2b: Sinistcha|move: Heal Block\n|cant|p2b: Sinistcha|move: Heal Block|Matcha Gotcha\n|move|p1b: Tyranitar|Knock Off|p2b: Sinistcha\n|-supereffective|p2b: Sinistcha|1\n|-enditem|p2b: Sinistcha|Colbur Berry|[eat]\n|-enditem|p2b: Sinistcha|Colbur Berry|[weaken]\n|-damage|p2b: Sinistcha|34/100\n|\n|-weather|none\n|upkeep\n|turn|6\n|-message|gabbovgc forfeited.\n|\n|win|Divine Monkey King\n|raw|Divine Monkey King's rating: 1158 &rarr; <strong>1185</strong><br />(+27 for winning)\n|raw|gabbovgc's rating: 1191 &rarr; <strong>1164</strong><br />(-27 for losing)\n|l|☆gabbovgc\n|player|p2|\n","uploadtime":1788437316,"views":"5","formatid":"gen9championsvgc2026regmbbo3","rating":1164,"private":0,"password":null}