{"id":"gen9championsvgc2026regmb-2674611050","format":"[Gen 9 Champions] VGC 2026 Reg M-B","players":["Buggy00k","nedea18"],"log":"|j|☆Buggy00k\n|j|☆nedea18\n|t:|1788380061\n|gametype|doubles\n|player|p1|Buggy00k|101|1327\n|player|p2|nedea18|dawn|1230\n|gen|9\n|tier|[Gen 9 Champions] VGC 2026 Reg M-B\n|rated|\n|rule|Species Clause: Limit one of each Pokémon\n|rule|Item Clause: Limit 1 of each item\n|clearpoke\n|poke|p1|Delphox, L50, F, shiny|\n|poke|p1|Garchomp, L50, M|\n|poke|p1|Floette-Eternal, L50, F|\n|poke|p1|Incineroar, L50, F|\n|poke|p1|Sinistcha, L50|\n|poke|p1|Sneasler, L50, F|\n|poke|p2|Charizard, L50, M, shiny|\n|poke|p2|Floette-Eternal, L50, F|\n|poke|p2|Garchomp, L50, M|\n|poke|p2|Basculegion, L50, M|\n|poke|p2|Kingambit, L50, M|\n|poke|p2|Sneasler, L50, F|\n|teampreview|4\n|inactive|Battle timer is ON: inactive players will automatically lose when time's up. (requested by nedea18)\n|inactive|nedea18 has 60 seconds left.\n|c|☆Buggy00k|glhf\n|c|☆nedea18|glhf\n|\n|t:|1788380114\n|teamsize|p1|4\n|teamsize|p2|4\n|start\n|switch|p1a: Delphox|Delphox, L50, F, shiny|100/100\n|switch|p1b: Sneasler|Sneasler, L50, F|100/100\n|switch|p2a: Basculegion|Basculegion, L50, M|100/100\n|switch|p2b: Kingambit|Kingambit, L50, M|100/100\n|turn|1\n|inactive|Buggy00k has 30 seconds left.\n|\n|t:|1788380140\n|switch|p1a: Garchomp|Garchomp, L50, M|100/100\n|move|p2b: Kingambit|Protect|p2b: Kingambit\n|-singleturn|p2b: Kingambit|Protect\n|move|p1b: Sneasler|Coaching|p1a: Garchomp\n|-boost|p1a: Garchomp|atk|1\n|-boost|p1a: Garchomp|def|1\n|move|p2a: Basculegion|Last Respects|p1a: Garchomp\n|-damage|p1a: Garchomp|70/100\n|-damage|p2a: Basculegion|90/100|[from] item: Life Orb\n|\n|upkeep\n|turn|2\n|inactive|nedea18 has 30 seconds left.\n|\n|t:|1788380170\n|move|p2b: Kingambit|Sucker Punch|p1b: Sneasler\n|-resisted|p1b: Sneasler|1\n|-damage|p1b: Sneasler|66/100\n|move|p1b: Sneasler|Close Combat|p2b: Kingambit\n|-supereffective|p2b: Kingambit|2\n|-enditem|p2b: Kingambit|Chople Berry|[eat]\n|-enditem|p2b: Kingambit|Chople Berry|[weaken]\n|-damage|p2b: Kingambit|6/100\n|-unboost|p1b: Sneasler|def|1\n|-unboost|p1b: Sneasler|spd|1\n|move|p1a: Garchomp|Dragon Claw|p2a: Basculegion\n|-damage|p2a: Basculegion|0 fnt\n|faint|p2a: Basculegion\n|-damage|p1a: Garchomp|61/100|[from] item: Life Orb\n|\n|upkeep\n|\n|t:|1788380183\n|switch|p2a: Garchomp|Garchomp, L50, M|100/100\n|turn|3\n|\n|t:|1788380204\n|switch|p1b: Sinistcha|Sinistcha, L50|100/100\n|-heal|p1a: Garchomp|86/100|[from] ability: Hospitality|[of] p1b: Sinistcha\n|move|p1a: Garchomp|Protect|p1a: Garchomp\n|-singleturn|p1a: Garchomp|Protect\n|move|p2b: Kingambit|Sucker Punch||[still]\n|-fail|p2b: Kingambit\n|move|p2a: Garchomp|Earthquake|p1a: Garchomp|[spread] p2b,p1b\n|-activate|p1a: Garchomp|move: Protect\n|-supereffective|p2b: Kingambit|1\n|-resisted|p1b: Sinistcha|1\n|-damage|p2b: Kingambit|0 fnt\n|-damage|p1b: Sinistcha|83/100\n|faint|p2b: Kingambit\n|\n|upkeep\n|\n|t:|1788380224\n|switch|p2b: Floette|Floette-Eternal, L50, F|100/100\n|turn|4\n|inactive|Buggy00k has 30 seconds left.\n|\n|t:|1788380253\n|move|p2a: Garchomp|Earthquake|p1a: Garchomp|[spread] p2b,p1a,p1b\n|-resisted|p1b: Sinistcha|1\n|-damage|p2b: Floette|29/100\n|-damage|p1a: Garchomp|57/100\n|-damage|p1b: Sinistcha|66/100\n|move|p1a: Garchomp|Stomping Tantrum|p2b: Floette\n|-damage|p2b: Floette|0 fnt\n|faint|p2b: Floette\n|-damage|p1a: Garchomp|48/100|[from] item: Life Orb\n|move|p1b: Sinistcha|Matcha Gotcha|p2a: Garchomp\n|-damage|p2a: Garchomp|63/100\n|-heal|p1b: Sinistcha|85/100|[from] drain|[of] p2a: Garchomp\n|\n|upkeep\n|turn|5\n|c|☆nedea18|gg\n|c|☆Buggy00k|gg\n|-message|nedea18 forfeited.\n|\n|win|Buggy00k\n|raw|Buggy00k's rating: 1327 &rarr; <strong>1342</strong><br />(+15 for winning)\n|raw|nedea18's rating: 1230 &rarr; <strong>1212</strong><br />(-18 for losing)\n|l|☆nedea18\n|player|p2|\n","uploadtime":1788380270,"views":"0","formatid":"gen9championsvgc2026regmb","rating":1212,"private":0,"password":null}