{"id":"gen9championsvgc2026regmbbo3-2673395805","format":"[Gen 9 Champions] VGC 2026 Reg M-B (Bo3)","players":["Avalanche766","joguisolo"],"log":"|j|☆Avalanche766\n|j|☆joguisolo\n|html|<table width=\"100%\"><tr><td align=\"left\">Avalanche766</td><td align=\"right\">joguisolo</tr><tr><td align=\"left\"><i class=\"fa fa-circle\"></i> <i class=\"fa fa-circle-o\"></i> </td><td align=\"right\"><i class=\"fa fa-circle-o\"></i> <i class=\"fa fa-circle\"></i> </tr></table>\n|uhtml|bestof|<h2><strong>Game 3</strong> of <a href=\"/game-bestof3-gen9championsvgc2026regmbbo3-2673389352\">a best-of-3</a></h2>\n|t:|1788192663\n|gametype|doubles\n|player|p1|Avalanche766|petrel|\n|player|p2|joguisolo|dragontamer|\n|gen|9\n|tier|[Gen 9 Champions] VGC 2026 Reg M-B (Bo3)\n|rule|Species Clause: Limit one of each Pokémon\n|rule|Item Clause: Limit 1 of each item\n|clearpoke\n|poke|p1|Staraptor, L50, M|\n|poke|p1|Gholdengo, L50|\n|poke|p1|Torkoal, L50, F|\n|poke|p1|Corviknight, L50, F, shiny|\n|poke|p1|Excadrill, L50, M|\n|poke|p1|Mimikyu, L50, M|\n|poke|p2|Gardevoir, L50, M|\n|poke|p2|Gallade, L50, M|\n|poke|p2|Armarouge, L50, F|\n|poke|p2|Primarina, L50, F|\n|poke|p2|Meowstic, L50, M|\n|poke|p2|Rhyperior, L50, F|\n|teampreview|4\n|showteam|p1|Staraptor||Staraptite|Intimidate|CloseCombat,BraveBird,Protect,Roost|Jolly||M|||50|]Gholdengo||LifeOrb|GoodasGold|MakeItRain,ShadowBall,DazzlingGleam,Protect|Modest|||||50|]Torkoal||Charcoal|Drought|Eruption,HeatWave,EarthPower,Protect|Quiet||F|||50|]Corviknight||Leftovers|Pressure|Tailwind,Roost,BodyPress,Taunt|Impish||F|||50|]Excadrill||FocusSash|MoldBreaker|Earthquake,IronHead,RockSlide,Protect|Adamant||M|||50|]Mimikyu||MentalHerb|Disguise|TrickRoom,ShadowSneak,PlayRough,WillOWisp|Brave||M|||50|\n|showteam|p2|Gardevoir||Gardevoirite|Trace|HyperVoice,ShadowBall,TrickRoom,Protect|Timid||M|||50|]Gallade||SitrusBerry|Sharpness|SacredSword,PsychoCut,WideGuard,Protect|Adamant||M|||50|]Armarouge||FocusSash|FlashFire|ArmorCannon,Psychic,WideGuard,TrickRoom|Quiet||F|||50|]Primarina||MysticWater|LiquidVoice|HyperVoice,Moonblast,IceBeam,Protect|Quiet||F|||50|]Meowstic||LightClay|Prankster|Reflect,LightScreen,HelpingHand,FakeOut|Calm||M|||50|]Rhyperior||ExpertBelt|SolidRock|HighHorsepower,RockSlide,HeavySlam,Protect|Brave||F|||50|\n|j| EGG_dude\n|j| PorygonTheBot\n|c| PorygonTheBot|Porygon has digitized into the match... booting up... successfully calibrating stats!\n|\n|t:|1788192721\n|teamsize|p1|4\n|teamsize|p2|4\n|start\n|switch|p1a: Gholdengo|Gholdengo, L50|100/100\n|switch|p1b: Mimikyu|Mimikyu, L50, M|100/100\n|switch|p2a: Gaby Gaby|Meowstic, L50, M|100/100\n|switch|p2b: Neto Bran|Armarouge, L50, F|100/100\n|turn|1\n|\n|t:|1788192751\n|switch|p2b: Esme La Chapina|Primarina, L50, F|100/100\n|move|p2a: Gaby Gaby|Light Screen|p2a: Gaby Gaby\n|-sidestart|p2: joguisolo|move: Light Screen\n|move|p1b: Mimikyu|Shadow Sneak|p2b: Esme La Chapina\n|-damage|p2b: Esme La Chapina|80/100\n|move|p1a: Gholdengo|Shadow Ball|p2b: Esme La Chapina\n|-damage|p2b: Esme La Chapina|43/100\n|-damage|p1a: Gholdengo|90/100|[from] item: Life Orb\n|\n|upkeep\n|turn|2\n|\n|t:|1788192779\n|move|p2b: Esme La Chapina|Protect|p2b: Esme La Chapina\n|-singleturn|p2b: Esme La Chapina|Protect\n|move|p2a: Gaby Gaby|Reflect|p2a: Gaby Gaby\n|-sidestart|p2: joguisolo|Reflect\n|move|p1b: Mimikyu|Shadow Sneak|p2a: Gaby Gaby\n|-supereffective|p2a: Gaby Gaby|1\n|-damage|p2a: Gaby Gaby|73/100\n|move|p1a: Gholdengo|Make It Rain|p2a: Gaby Gaby|[spread] p2a\n|-activate|p2b: Esme La Chapina|move: Protect\n|-damage|p2a: Gaby Gaby|32/100\n|-unboost|p1a: Gholdengo|spa|2\n|-damage|p1a: Gholdengo|80/100|[from] item: Life Orb\n|\n|upkeep\n|turn|3\n|\n|t:|1788192804\n|move|p2a: Gaby Gaby|Helping Hand|p2b: Esme La Chapina\n|-singleturn|p2b: Esme La Chapina|Helping Hand|[of] p2a: Gaby Gaby\n|move|p1b: Mimikyu|Shadow Sneak|p2a: Gaby Gaby\n|-supereffective|p2a: Gaby Gaby|1\n|-damage|p2a: Gaby Gaby|7/100\n|move|p1a: Gholdengo|Make It Rain|p2a: Gaby Gaby|[spread] p2a,p2b\n|-crit|p2b: Esme La Chapina\n|-damage|p2a: Gaby Gaby|0 fnt\n|-damage|p2b: Esme La Chapina|0 fnt\n|-unboost|p1a: Gholdengo|spa|2\n|faint|p2a: Gaby Gaby\n|faint|p2b: Esme La Chapina\n|-damage|p1a: Gholdengo|70/100|[from] item: Life Orb\n|\n|upkeep\n|\n|t:|1788192816\n|switch|p2a: Neto Bran|Armarouge, L50, F|100/100\n|switch|p2b: Peter Veliz|Gallade, L50, M|100/100\n|turn|4\n|\n|t:|1788192855\n|move|p1a: Gholdengo|Protect|p1a: Gholdengo\n|-singleturn|p1a: Gholdengo|Protect\n|move|p2b: Peter Veliz|Wide Guard|p2b: Peter Veliz\n|-singleturn|p2b: Peter Veliz|Wide Guard\n|move|p1b: Mimikyu|Shadow Sneak|p2a: Neto Bran\n|-supereffective|p2a: Neto Bran|1\n|-damage|p2a: Neto Bran|79/100\n|move|p2a: Neto Bran|Armor Cannon|p1a: Gholdengo\n|-activate|p1a: Gholdengo|move: Protect\n|\n|upkeep\n|turn|5\n|\n|t:|1788192900\n|move|p1b: Mimikyu|Shadow Sneak|p2a: Neto Bran\n|-supereffective|p2a: Neto Bran|1\n|-damage|p2a: Neto Bran|56/100\n|move|p1a: Gholdengo|Shadow Ball|p2a: Neto Bran\n|-supereffective|p2a: Neto Bran|1\n|-damage|p2a: Neto Bran|25/100\n|-damage|p1a: Gholdengo|60/100|[from] item: Life Orb\n|move|p2b: Peter Veliz|Psycho Cut|p1b: Mimikyu\n|-activate|p1b: Mimikyu|ability: Disguise\n|-damage|p1b: Mimikyu|100/100\n|detailschange|p1b: Mimikyu|Mimikyu-Busted, L50, M\n|-damage|p1b: Mimikyu|87/100|[from] pokemon: Mimikyu-Busted\n|move|p2a: Neto Bran|Armor Cannon|p1a: Gholdengo\n|-supereffective|p1a: Gholdengo|1\n|-damage|p1a: Gholdengo|0 fnt\n|-unboost|p2a: Neto Bran|def|1\n|-unboost|p2a: Neto Bran|spd|1\n|faint|p1a: Gholdengo\n|\n|upkeep\n|\n|t:|1788192923\n|switch|p1a: Excadrill|Excadrill, L50, M|100/100\n|-ability|p1a: Excadrill|Mold Breaker\n|turn|6\n|\n|t:|1788192980\n|move|p2a: Neto Bran|Wide Guard|p2a: Neto Bran\n|-singleturn|p2a: Neto Bran|Wide Guard\n|move|p1b: Mimikyu|Shadow Sneak|p2a: Neto Bran\n|-supereffective|p2a: Neto Bran|1\n|-damage|p2a: Neto Bran|0 fnt\n|faint|p2a: Neto Bran\n|move|p1a: Excadrill|Rock Slide|p2b: Peter Veliz\n|-activate|p2b: Peter Veliz|move: Wide Guard\n|move|p2b: Peter Veliz|Sacred Sword|p1a: Excadrill\n|-supereffective|p1a: Excadrill|1\n|-enditem|p1a: Excadrill|Focus Sash\n|-damage|p1a: Excadrill|1/100\n|\n|upkeep\n|turn|7\n|\n|t:|1788193001\n|move|p2b: Peter Veliz|Protect|p2b: Peter Veliz\n|-singleturn|p2b: Peter Veliz|Protect\n|move|p1a: Excadrill|Iron Head|p2b: Peter Veliz\n|-activate|p2b: Peter Veliz|move: Protect\n|move|p1b: Mimikyu|Play Rough|p2b: Peter Veliz\n|-activate|p2b: Peter Veliz|move: Protect\n|\n|upkeep\n|turn|8\n|\n|t:|1788193020\n|move|p1a: Excadrill|Protect|p1a: Excadrill\n|-singleturn|p1a: Excadrill|Protect\n|move|p1b: Mimikyu|Play Rough|p2b: Peter Veliz|[miss]\n|-miss|p1b: Mimikyu|p2b: Peter Veliz\n|move|p2b: Peter Veliz|Psycho Cut|p1b: Mimikyu\n|-damage|p1b: Mimikyu|7/100\n|\n|-sideend|p2: joguisolo|move: Light Screen\n|upkeep\n|turn|9\n|\n|t:|1788193037\n|move|p2b: Peter Veliz|Protect|p2b: Peter Veliz\n|-singleturn|p2b: Peter Veliz|Protect\n|move|p1a: Excadrill|Iron Head|p2b: Peter Veliz\n|-activate|p2b: Peter Veliz|move: Protect\n|move|p1b: Mimikyu|Will-O-Wisp|p2b: Peter Veliz\n|-activate|p2b: Peter Veliz|move: Protect\n|\n|-sideend|p2: joguisolo|Reflect\n|upkeep\n|turn|10\n|\n|t:|1788193058\n|move|p1a: Excadrill|Protect|p1a: Excadrill\n|-singleturn|p1a: Excadrill|Protect\n|move|p1b: Mimikyu|Play Rough|p2b: Peter Veliz\n|-supereffective|p2b: Peter Veliz|1\n|-damage|p2b: Peter Veliz|0 fnt\n|faint|p2b: Peter Veliz\n|\n|win|Avalanche766\n","uploadtime":1788193058,"views":"0","formatid":"gen9championsvgc2026regmbbo3","rating":null,"private":0,"password":null}