{"id":"gen9championsvgc2026regmbbo3-2673848075","format":"[Gen 9 Champions] VGC 2026 Reg M-B (Bo3)","players":["polichetodattacco","IronSerpentFan"],"log":"|j|☆polichetodattacco\n|j|☆IronSerpentFan\n|html|<table width=\"100%\"><tr><td align=\"left\">polichetodattacco</td><td align=\"right\">IronSerpentFan</tr><tr><td align=\"left\"><i class=\"fa fa-circle-o\"></i> <i class=\"fa fa-circle-o\"></i> </td><td align=\"right\"><i class=\"fa fa-circle-o\"></i> <i class=\"fa fa-circle-o\"></i> </tr></table>\n|uhtml|bestof|<h2><strong>Game 1</strong> of <a href=\"/game-bestof3-gen9championsvgc2026regmbbo3-2673848074\">a best-of-3</a></h2>\n|t:|1788267981\n|gametype|doubles\n|player|p1|polichetodattacco|medium|1066\n|player|p2|IronSerpentFan|schoolkid-gen4|1118\n|gen|9\n|tier|[Gen 9 Champions] VGC 2026 Reg M-B (Bo3)\n|rated|\n|rule|Species Clause: Limit one of each Pokémon\n|rule|Item Clause: Limit 1 of each item\n|clearpoke\n|poke|p1|Hatterene, L50, F|\n|poke|p1|Chesnaught, L50, F|\n|poke|p1|Incineroar, L50, F|\n|poke|p1|Tyranitar, L50, M|\n|poke|p1|Sneasler, L50, M|\n|poke|p1|Rotom-Wash, L50|\n|poke|p2|Politoed, L50, M|\n|poke|p2|Gengar, L50, F|\n|poke|p2|Incineroar, L50, M|\n|poke|p2|Sinistcha, L50|\n|poke|p2|Whimsicott, L50, M|\n|poke|p2|Staraptor, L50, F|\n|teampreview|4\n|showteam|p1|Hatterene||Leftovers|MagicBounce|TrickRoom,DazzlingGleam,LifeDew,Psychic|Sassy||F|||50|]Chesnaught||Chesnaughtite|Bulletproof|BodyPress,SpikyShield,Curse,SeedBomb|Relaxed||F|||50|]Incineroar||SitrusBerry|Intimidate|PartingShot,ThroatChop,FakeOut,FlareBlitz|Relaxed||F|||50|]Tyranitar||LifeOrb|SandStream|Protect,IcePunch,KnockOff,RockSlide|Brave||M|||50|]Sneasler||WhiteHerb|Unburden|FakeOut,Protect,DireClaw,CloseCombat|Jolly||M|||50|]Rotom-Wash||WideLens|Levitate|Thunderbolt,HydroPump,LightScreen,WillOWisp|Timid|||||50|\n|showteam|p2|Politoed||SitrusBerry|Drizzle|Protect,Encore,WeatherBall,PerishSong|Modest||M|||50|]Gengar||Gengarite|CursedBody|Protect,Disable,ShadowBall,SludgeBomb|Timid||F|||50|]Incineroar||PasshoBerry|Intimidate|Protect,FakeOut,ThroatChop,PartingShot|Sassy||M|||50|]Sinistcha||ColburBerry|Hospitality|Protect,RagePowder,MatchaGotcha,TrickRoom|Sassy|||||50|]Whimsicott||FocusSash|Prankster|Protect,Tailwind,Moonblast,Charm|Timid||M|||50|]Staraptor||Staraptite|Intimidate|Protect,Roost,CloseCombat,BraveBird|Jolly||F|||50|\n|inactive|Battle timer is ON: inactive players will automatically lose when time's up. (requested by IronSerpentFan)\n|c|☆IronSerpentFan|glhf\n|c|☆polichetodattacco|glhf\n|inactive|polichetodattacco has 60 seconds left.\n|inactive|IronSerpentFan has 60 seconds left.\n|inactive|IronSerpentFan has 30 seconds left.\n|inactive|IronSerpentFan has 20 seconds left.\n|inactive|IronSerpentFan has 15 seconds left.\n|inactive|IronSerpentFan has 10 seconds left.\n|inactive|IronSerpentFan has 5 seconds left.\n|\n|t:|1788268068\n|teamsize|p1|4\n|teamsize|p2|4\n|start\n|switch|p1a: Tyranitar|Tyranitar, L50, M|100/100\n|switch|p1b: Sneasler|Sneasler, L50, M|100/100\n|switch|p2a: Gengar|Gengar, L50, F|100/100\n|switch|p2b: Staraptor|Staraptor, L50, F|100/100\n|-ability|p2b: Staraptor|Intimidate|boost\n|-unboost|p1a: Tyranitar|atk|1\n|-unboost|p1b: Sneasler|atk|1\n|-weather|Sandstorm|[from] ability: Sand Stream|[of] p1a: Tyranitar\n|-enditem|p1b: Sneasler|White Herb\n|-clearnegativeboost|p1b: Sneasler|[silent]\n|turn|1\n|inactive|polichetodattacco has 30 seconds left.\n|inactive|polichetodattacco has 20 seconds left.\n|\n|t:|1788268104\n|detailschange|p2a: Gengar|Gengar-Mega, L50, F\n|-mega|p2a: Gengar|Gengar|Gengarite\n|move|p2a: Gengar|Protect|p2a: Gengar\n|-singleturn|p2a: Gengar|Protect\n|move|p2b: Staraptor|Protect|p2b: Staraptor\n|-singleturn|p2b: Staraptor|Protect\n|move|p1b: Sneasler|Fake Out|p2b: Staraptor\n|-activate|p2b: Staraptor|move: Protect\n|move|p1a: Tyranitar|Knock Off|p2a: Gengar\n|-activate|p2a: Gengar|move: Protect\n|\n|-weather|Sandstorm|[upkeep]\n|-damage|p1b: Sneasler|94/100|[from] Sandstorm\n|-damage|p2a: Gengar|94/100|[from] Sandstorm\n|-damage|p2b: Staraptor|94/100|[from] Sandstorm\n|upkeep\n|turn|2\n|inactive|IronSerpentFan has 30 seconds left.\n|inactive|IronSerpentFan has 20 seconds left.\n|\n|t:|1788268139\n|move|p1b: Sneasler|Dire Claw|p2b: Staraptor\n|-damage|p2b: Staraptor|44/100\n|move|p2a: Gengar|Shadow Ball|p1b: Sneasler\n|-damage|p1b: Sneasler|24/100\n|move|p2b: Staraptor|Close Combat|p1a: Tyranitar\n|-supereffective|p1a: Tyranitar|2\n|-damage|p1a: Tyranitar|5/100\n|-unboost|p2b: Staraptor|def|1\n|-unboost|p2b: Staraptor|spd|1\n|move|p1a: Tyranitar|Knock Off|p2a: Gengar\n|-supereffective|p2a: Gengar|1\n|-damage|p2a: Gengar|0 fnt\n|faint|p2a: Gengar\n|-damage|p1a: Tyranitar|0 fnt|[from] item: Life Orb\n|faint|p1a: Tyranitar\n|\n|-weather|Sandstorm|[upkeep]\n|-damage|p1b: Sneasler|19/100|[from] Sandstorm\n|-damage|p2b: Staraptor|39/100|[from] Sandstorm\n|upkeep\n|inactive|polichetodattacco has 30 seconds left.\n|inactive|IronSerpentFan has 30 seconds left.\n|\n|t:|1788268171\n|switch|p2a: Incineroar|Incineroar, L50, M|100/100\n|switch|p1a: Rotom|Rotom-Wash, L50|100/100\n|-ability|p2a: Incineroar|Intimidate|boost\n|-unboost|p1a: Rotom|atk|1\n|-unboost|p1b: Sneasler|atk|1\n|turn|3\n|inactive|polichetodattacco has 30 seconds left.\n|inactive|IronSerpentFan has 30 seconds left.\n|inactive|IronSerpentFan has 20 seconds left.\n|inactive|polichetodattacco has 20 seconds left.\n|inactive|polichetodattacco has 15 seconds left.\n|inactive|IronSerpentFan has 15 seconds left.\n|inactive|polichetodattacco has 10 seconds left.\n|inactive|IronSerpentFan has 10 seconds left.\n|\n|t:|1788268223\n|move|p2a: Incineroar|Fake Out|p1a: Rotom\n|-damage|p1a: Rotom|87/100\n|move|p1b: Sneasler|Close Combat|p2a: Incineroar\n|-supereffective|p2a: Incineroar|1\n|-damage|p2a: Incineroar|25/100\n|-unboost|p1b: Sneasler|def|1\n|-unboost|p1b: Sneasler|spd|1\n|move|p2b: Staraptor|Roost|p2b: Staraptor\n|-heal|p2b: Staraptor|89/100\n|-singleturn|p2b: Staraptor|move: Roost\n|cant|p1a: Rotom|flinch\n|\n|-weather|Sandstorm|[upkeep]\n|-damage|p1b: Sneasler|13/100|[from] Sandstorm\n|-damage|p2b: Staraptor|83/100|[from] Sandstorm\n|-damage|p1a: Rotom|82/100|[from] Sandstorm\n|-damage|p2a: Incineroar|19/100|[from] Sandstorm\n|upkeep\n|turn|4\n|\n|t:|1788268240\n|switch|p2a: Politoed|Politoed, L50, M|100/100\n|-weather|RainDance|[from] ability: Drizzle|[of] p2a: Politoed\n|move|p2b: Staraptor|Protect|p2b: Staraptor\n|-singleturn|p2b: Staraptor|Protect\n|move|p1b: Sneasler|Close Combat|p2a: Politoed\n|-damage|p2a: Politoed|56/100\n|-unboost|p1b: Sneasler|def|1\n|-unboost|p1b: Sneasler|spd|1\n|move|p1a: Rotom|Thunderbolt|p2b: Staraptor\n|-activate|p2b: Staraptor|move: Protect\n|\n|-weather|RainDance|[upkeep]\n|upkeep\n|turn|5\n|inactive|polichetodattacco has 30 seconds left.\n|\n|t:|1788268269\n|switch|p2b: Incineroar|Incineroar, L50, M|19/100\n|-ability|p2b: Incineroar|Intimidate|boost\n|-unboost|p1a: Rotom|atk|1\n|-unboost|p1b: Sneasler|atk|1\n|move|p2a: Politoed|Protect|p2a: Politoed\n|-singleturn|p2a: Politoed|Protect\n|move|p1b: Sneasler|Dire Claw|p2a: Politoed\n|-activate|p2a: Politoed|move: Protect\n|move|p1a: Rotom|Thunderbolt|p2b: Incineroar\n|-damage|p2b: Incineroar|0 fnt\n|faint|p2b: Incineroar\n|\n|-weather|RainDance|[upkeep]\n|upkeep\n|\n|t:|1788268271\n|switch|p2b: Staraptor|Staraptor, L50, F|83/100\n|-ability|p2b: Staraptor|Intimidate|boost\n|-unboost|p1a: Rotom|atk|1\n|-unboost|p1b: Sneasler|atk|1\n|turn|6\n|\n|t:|1788268290\n|move|p1b: Sneasler|Close Combat|p2a: Politoed\n|-crit|p2a: Politoed\n|-damage|p2a: Politoed|0 fnt\n|-unboost|p1b: Sneasler|def|1\n|-unboost|p1b: Sneasler|spd|1\n|faint|p2a: Politoed\n|move|p2b: Staraptor|Close Combat|p1a: Rotom\n|-damage|p1a: Rotom|50/100g\n|-unboost|p2b: Staraptor|def|1\n|-unboost|p2b: Staraptor|spd|1\n|move|p1a: Rotom|Thunderbolt|p2b: Staraptor\n|-supereffective|p2b: Staraptor|1\n|-damage|p2b: Staraptor|0 fnt\n|faint|p2b: Staraptor\n|\n|win|polichetodattacco\n|c|☆IronSerpentFan|ggwp\n||polichetodattacco is ready for game 2.\n","uploadtime":1788268300,"views":"0","formatid":"gen9championsvgc2026regmbbo3","rating":null,"private":0,"password":null}