{"id":"gen9championsvgc2026regmbbo3-2674421611","format":"[Gen 9 Champions] VGC 2026 Reg M-B (Bo3)","players":["Sardinian Angel","kalaluwi"],"log":"|j|☆Sardinian Angel\n|j|☆kalaluwi\n|html|<table width=\"100%\"><tr><td align=\"left\">Sardinian Angel</td><td align=\"right\">kalaluwi</tr><tr><td align=\"left\"><i class=\"fa fa-circle-o\"></i> <i class=\"fa fa-circle-o\"></i> </td><td align=\"right\"><i class=\"fa fa-circle-o\"></i> <i class=\"fa fa-circle-o\"></i> </tr></table>\n|uhtml|bestof|<h2><strong>Game 1</strong> of <a href=\"/game-bestof3-gen9championsvgc2026regmbbo3-2674421610\">a best-of-3</a></h2>\n|t:|1788357815\n|gametype|doubles\n|player|p1|Sardinian Angel|170|1316\n|player|p2|kalaluwi|265|1327\n|gen|9\n|tier|[Gen 9 Champions] VGC 2026 Reg M-B (Bo3)\n|rated|\n|rule|Species Clause: Limit one of each Pokémon\n|rule|Item Clause: Limit 1 of each item\n|clearpoke\n|poke|p1|Sableye, L50, M|\n|poke|p1|Incineroar, L50, F|\n|poke|p1|Pelipper, L50, M|\n|poke|p1|Swampert, L50, M|\n|poke|p1|Archaludon, L50, M|\n|poke|p1|Sinistcha-Masterpiece, L50|\n|poke|p2|Farigiraf, L50, M|\n|poke|p2|Kangaskhan, L50, F|\n|poke|p2|Abomasnow, L50, F|\n|poke|p2|Camerupt, L50, M|\n|poke|p2|Kingambit, L50, M|\n|poke|p2|Basculegion, L50, M|\n|teampreview|4\n|showteam|p1|Sableye||RoseliBerry|Prankster|RainDance,Swagger,FoulPlay,ThunderWave|Calm||M|||50|]Incineroar||SitrusBerry|Intimidate|FakeOut,PartingShot,Snarl,FlareBlitz|Impish||F|||50|]Pelipper||FocusSash|Drizzle|Tailwind,Protect,Hurricane,WeatherBall|Modest||M|||50|]Swampert||Swampertite|Damp|Earthquake,WaveCrash,IcePunch,Protect|Adamant||M|||50|]Archaludon||Leftovers|Stamina|ElectroShot,FlashCannon,DragonPulse,Protect|Calm||M|||50|]Sinistcha-Masterpiece||ColburBerry|Hospitality|RagePowder,MatchaGotcha,TrickRoom,LifeDew|Relaxed|||||50|\n|showteam|p2|Farigiraf||ColburBerry|ArmorTail|TrickRoom,TwinBeam,HelpingHand,Thunderbolt|Modest||M|||50|]Kangaskhan||LifeOrb|Scrappy|FakeOut,DoubleEdge,HammerArm,SuckerPunch|Adamant||F|||50|]Abomasnow||Abomasite|SnowWarning|EarthPower,Blizzard,GigaDrain,Substitute|Modest||F|||50|]Camerupt||Cameruptite|MagmaArmor|HeatWave,AncientPower,EarthPower,Protect|Quiet||M|||50|]Kingambit||FocusSash|Defiant|KowtowCleave,SuckerPunch,IronHead,LowKick|Adamant||M|||50|]Basculegion||ChoiceScarf|Adaptability|WaveCrash,LastRespects,AquaJet,FlipTurn|Adamant||M|||50|\n|inactive|Battle timer is ON: inactive players will automatically lose when time's up. (requested by kalaluwi)\n|\n|t:|1788357858\n|teamsize|p1|4\n|teamsize|p2|4\n|start\n|switch|p1a: Swampert|Swampert, L50, M|100/100\n|switch|p1b: Incineroar|Incineroar, L50, F|100/100\n|switch|p2a: Farigiraf|Farigiraf, L50, M|100/100\n|switch|p2b: Kangaskhan|Kangaskhan, L50, F|100/100\n|-ability|p1b: Incineroar|Intimidate|boost\n|-unboost|p2a: Farigiraf|atk|1\n|-fail|p2b: Kangaskhan|unboost|atk|[from] ability: Scrappy|[of] p2b: Kangaskhan\n|turn|1\n|\n|t:|1788357873\n|switch|p1b: Archaludon|Archaludon, L50, M|100/100\n|detailschange|p1a: Swampert|Swampert-Mega, L50, M\n|-mega|p1a: Swampert|Swampert|Swampertite\n|move|p2a: Farigiraf|Helping Hand|p2b: Kangaskhan\n|-singleturn|p2b: Kangaskhan|Helping Hand|[of] p2a: Farigiraf\n|move|p2b: Kangaskhan|Double-Edge|p1b: Archaludon\n|-resisted|p1b: Archaludon|1\n|-damage|p1b: Archaludon|60/100\n|-ability|p1b: Archaludon|Stamina|boost\n|-boost|p1b: Archaludon|def|1\n|-damage|p2b: Kangaskhan|87/100|[from] Recoil\n|-damage|p2b: Kangaskhan|77/100|[from] item: Life Orb\n|move|p1a: Swampert|Wave Crash|p2b: Kangaskhan\n|-damage|p2b: Kangaskhan|6/100\n|-damage|p1a: Swampert|77/100|[from] Recoil\n|\n|-heal|p1b: Archaludon|66/100|[from] item: Leftovers\n|upkeep\n|turn|2\n|\n|t:|1788357897\n|switch|p1a: Sinistcha|Sinistcha-Masterpiece, L50|100/100\n|-heal|p1b: Archaludon|91/100|[from] ability: Hospitality|[of] p1a: Sinistcha\n|move|p2b: Kangaskhan|Double-Edge|p1a: Sinistcha\n|-damage|p1a: Sinistcha|48/100\n|-damage|p2b: Kangaskhan|0 fnt|[from] Recoil\n|faint|p2b: Kangaskhan\n|move|p1b: Archaludon|Flash Cannon|p2a: Farigiraf\n|-damage|p2a: Farigiraf|69/100\n|move|p2a: Farigiraf|Trick Room|p2a: Farigiraf\n|-fieldstart|move: Trick Room|[of] p2a: Farigiraf\n|\n|-heal|p1b: Archaludon|97/100|[from] item: Leftovers\n|upkeep\n|\n|t:|1788357908\n|switch|p2b: Abomasnow|Abomasnow, L50, F|100/100\n|-weather|Snowscape|[from] ability: Snow Warning|[of] p2b: Abomasnow\n|turn|3\n|inactive|kalaluwi has 30 seconds left.\n|\n|t:|1788357939\n|switch|p1a: Incineroar|Incineroar, L50, F|100/100\n|-ability|p1a: Incineroar|Intimidate|boost\n|-unboost|p2a: Farigiraf|atk|1\n|-unboost|p2b: Abomasnow|atk|1\n|detailschange|p2b: Abomasnow|Abomasnow-Mega, L50, F\n|-mega|p2b: Abomasnow|Abomasnow|Abomasite\n|move|p2a: Farigiraf|Helping Hand|p2b: Abomasnow\n|-singleturn|p2b: Abomasnow|Helping Hand|[of] p2a: Farigiraf\n|move|p2b: Abomasnow|Blizzard|p1a: Incineroar|[spread] p1a,p1b\n|-resisted|p1a: Incineroar|1\n|-damage|p1a: Incineroar|66/100\n|-damage|p1b: Archaludon|33/100\n|-status|p1a: Incineroar|frz\n|-status|p1b: Archaludon|frz\n|-ability|p1b: Archaludon|Stamina|boost\n|-boost|p1b: Archaludon|def|1\n|cant|p1b: Archaludon|frz\n|\n|-weather|Snowscape|[upkeep]\n|-heal|p1b: Archaludon|39/100 frz|[from] item: Leftovers\n|upkeep\n|turn|4\n|inactive|kalaluwi has 30 seconds left.\n|\n|t:|1788357966\n|cant|p1b: Archaludon|frz\n|move|p2b: Abomasnow|Earth Power|p1a: Incineroar\n|-supereffective|p1a: Incineroar|1\n|-damage|p1a: Incineroar|3/100 frz\n|-unboost|p1a: Incineroar|spd|1\n|-enditem|p1a: Incineroar|Sitrus Berry|[eat]\n|-heal|p1a: Incineroar|28/100 frz|[from] item: Sitrus Berry\n|move|p2a: Farigiraf|Thunderbolt|p1b: Archaludon\n|-resisted|p1b: Archaludon|1\n|-damage|p1b: Archaludon|27/100 frz\n|-ability|p1b: Archaludon|Stamina|boost\n|-boost|p1b: Archaludon|def|1\n|-curestatus|p1a: Incineroar|frz|[from] move: Flare Blitz\n|move|p1a: Incineroar|Flare Blitz|p2b: Abomasnow\n|-supereffective|p2b: Abomasnow|2\n|-damage|p2b: Abomasnow|0 fnt\n|faint|p2b: Abomasnow\n|-damage|p1a: Incineroar|0 fnt|[from] Recoil\n|faint|p1a: Incineroar\n|\n|-weather|Snowscape|[upkeep]\n|-heal|p1b: Archaludon|33/100 frz|[from] item: Leftovers\n|upkeep\n|\n|t:|1788357983\n|switch|p2b: Basculegion|Basculegion, L50, M|100/100\n|switch|p1a: Sinistcha|Sinistcha-Masterpiece, L50|48/100\n|-heal|p1b: Archaludon|58/100 frz|[from] ability: Hospitality|[of] p1a: Sinistcha\n|turn|5\n|\n|t:|1788357995\n|move|p2a: Farigiraf|Twin Beam|p1a: Sinistcha\n|-damage|p1a: Sinistcha|29/100\n|-damage|p1a: Sinistcha|11/100\n|-hitcount|p1a: Sinistcha|2\n|move|p1a: Sinistcha|Matcha Gotcha|p2a: Farigiraf|[spread] p2a,p2b\n|-supereffective|p2b: Basculegion|1\n|-damage|p2a: Farigiraf|48/100\n|-heal|p1a: Sinistcha|24/100|[from] drain|[of] p2a: Farigiraf\n|-damage|p2b: Basculegion|48/100\n|-heal|p1a: Sinistcha|53/100|[from] drain|[of] p2b: Basculegion\n|-status|p2a: Farigiraf|brn\n|-curestatus|p1b: Archaludon|frz|[msg]\n|move|p1b: Archaludon|Electro Shot||[still]\n|-prepare|p1b: Archaludon|Electro Shot\n|-boost|p1b: Archaludon|spa|1\n|move|p2b: Basculegion|Last Respects|p1b: Archaludon\n|-damage|p1b: Archaludon|29/100\n|-ability|p1b: Archaludon|Stamina|boost\n|-boost|p1b: Archaludon|def|1\n|\n|-weather|Snowscape|[upkeep]\n|-heal|p1b: Archaludon|35/100|[from] item: Leftovers\n|-damage|p2a: Farigiraf|42/100 brn|[from] brn\n|upkeep\n|turn|6\n|-message|kalaluwi forfeited.\n|\n|win|Sardinian Angel\n","uploadtime":1788358013,"views":"0","formatid":"gen9championsvgc2026regmbbo3","rating":null,"private":0,"password":null}