{"id":"gen9championsvgc2026regmbbo3-2674265753","format":"[Gen 9 Champions] VGC 2026 Reg M-B (Bo3)","players":["wizzcoaster","perenniumfalcon"],"log":"|j|☆wizzcoaster\n|j|☆perenniumfalcon\n|html|<table width=\"100%\"><tr><td align=\"left\">wizzcoaster</td><td align=\"right\">perenniumfalcon</tr><tr><td align=\"left\"><i class=\"fa fa-circle\"></i> <i class=\"fa fa-circle-o\"></i> </td><td align=\"right\"><i class=\"fa fa-circle-o\"></i> <i class=\"fa fa-circle\"></i> </tr></table>\n|uhtml|bestof|<h2><strong>Game 3</strong> of <a href=\"/game-bestof3-gen9championsvgc2026regmbbo3-2674264535\">a best-of-3</a></h2>\n|t:|1788326889\n|gametype|doubles\n|player|p1|wizzcoaster|adaman-masters|1377\n|player|p2|perenniumfalcon|169|1419\n|gen|9\n|tier|[Gen 9 Champions] VGC 2026 Reg M-B (Bo3)\n|rated|\n|rule|Species Clause: Limit one of each Pokémon\n|rule|Item Clause: Limit 1 of each item\n|clearpoke\n|poke|p1|Sneasler, L50, M|\n|poke|p1|Basculegion, L50, M|\n|poke|p1|Kingambit, L50, M|\n|poke|p1|Dragonite, L50, F|\n|poke|p1|Floette-Eternal, L50, F|\n|poke|p1|Garchomp, L50, F|\n|poke|p2|Froslass, L50, F|\n|poke|p2|Kingambit, L50, M|\n|poke|p2|Sneasler, L50, F|\n|poke|p2|Lycanroc-Dusk, L50, M|\n|poke|p2|Basculegion, L50, M|\n|poke|p2|Scovillain, L50, M|\n|teampreview|4\n|showteam|p1|Sneasler||FocusSash|PoisonTouch|FakeOut,CloseCombat,DireClaw,Feint|Jolly||M|||50|]Basculegion||LifeOrb|Adaptability|WaveCrash,LastRespects,AquaJet,Protect|Adamant||M|||50|]Kingambit||ChopleBerry|Defiant|KowtowCleave,SuckerPunch,LowKick,IronHead|Adamant||M|||50|]Dragonite||Dragoninite|Multiscale|DragonPulse,HeatWave,ExtremeSpeed,Protect|Modest||F|||50|]Floette-Eternal||Floettite|FlowerVeil|Moonblast,DazzlingGleam,LightofRuin,Protect|Timid||F|||50|]Garchomp||ChoiceScarf|RoughSkin|DragonClaw,StompingTantrum,RockSlide,Earthquake|Adamant||F|||50|\n|showteam|p2|Froslass||Froslassite|CursedBody|Blizzard,ShadowBall,AuroraVeil,Protect|Timid||F|||50|]Kingambit||BlackGlasses|Defiant|KowtowCleave,SuckerPunch,SwordsDance,Protect|Adamant||M|||50|]Sneasler||WhiteHerb|Unburden|FakeOut,CloseCombat,DireClaw,Protect|Adamant||F|||50|]Lycanroc-Dusk||FocusSash|ToughClaws|Accelerock,CloseCombat,RockSlide,Protect|Adamant||M|||50|]Basculegion||LifeOrb|Adaptability|WaveCrash,LastRespects,AquaJet,Protect|Jolly||M|||50|]Scovillain||Scovillainite|Moody|Overheat,GigaDrain,RagePowder,Protect|Bold||M|||50|\n|j| uytjyukjuhjngf\n|l| uytjyukjuhjngf\n|\n|t:|1788326923\n|teamsize|p1|4\n|teamsize|p2|4\n|start\n|switch|p1a: Dragonite|Dragonite, L50, F|100/100\n|switch|p1b: Sneasler|Sneasler, L50, M|100/100\n|switch|p2a: Lycanroc|Lycanroc-Dusk, L50, M|100/100\n|switch|p2b: Froslass|Froslass, L50, F|100/100\n|turn|1\n|\n|t:|1788326945\n|switch|p2a: Sneasler|Sneasler, L50, F|100/100\n|switch|p1a: Kingambit|Kingambit, L50, M|100/100\n|detailschange|p2b: Froslass|Froslass-Mega, L50, F\n|-mega|p2b: Froslass|Froslass|Froslassite\n|-weather|Snowscape|[from] ability: Snow Warning|[of] p2b: Froslass\n|move|p2b: Froslass|Blizzard|p1a: Kingambit|[spread] p1a,p1b\n|-resisted|p1a: Kingambit|1\n|-damage|p1a: Kingambit|82/100\n|-damage|p1b: Sneasler|40/100\n|-status|p1b: Sneasler|frz\n|cant|p1b: Sneasler|frz\n|\n|-weather|Snowscape|[upkeep]\n|upkeep\n|turn|2\n|\n|t:|1788326968\n|switch|p1a: Basculegion|Basculegion, L50, M|100/100\n|cant|p1b: Sneasler|frz\n|move|p2b: Froslass|Aurora Veil|p2b: Froslass\n|-sidestart|p2: perenniumfalcon|move: Aurora Veil\n|move|p2a: Sneasler|Close Combat|p1a: Basculegion\n|-immune|p1a: Basculegion\n|\n|-weather|Snowscape|[upkeep]\n|upkeep\n|turn|3\n|inactive|Battle timer is ON: inactive players will automatically lose when time's up. (requested by perenniumfalcon)\n|\n|t:|1788327009\n|move|p1a: Basculegion|Protect|p1a: Basculegion\n|-singleturn|p1a: Basculegion|Protect\n|move|p2b: Froslass|Shadow Ball|p1a: Basculegion\n|-activate|p1a: Basculegion|move: Protect\n|-curestatus|p1b: Sneasler|frz|[msg]\n|move|p1b: Sneasler|Close Combat|p2a: Sneasler\n|-resisted|p2a: Sneasler|1\n|-damage|p2a: Sneasler|64/100\n|-unboost|p1b: Sneasler|def|1\n|-unboost|p1b: Sneasler|spd|1\n|move|p2a: Sneasler|Dire Claw|p1a: Basculegion\n|-activate|p1a: Basculegion|move: Protect\n|\n|-weather|Snowscape|[upkeep]\n|upkeep\n|turn|4\n|inactive|wizzcoaster has 30 seconds left.\n|inactive|wizzcoaster has 20 seconds left.\n|inactive|wizzcoaster has 15 seconds left.\n|inactive|wizzcoaster has 10 seconds left.\n|inactive|wizzcoaster has 5 seconds left.\n|\n|t:|1788327059\n|switch|p1a: Kingambit|Kingambit, L50, M|82/100\n|move|p2b: Froslass|Shadow Ball|p1a: Kingambit\n|-resisted|p1a: Kingambit|1\n|-damage|p1a: Kingambit|62/100\n|move|p1b: Sneasler|Close Combat|p2a: Sneasler\n|-resisted|p2a: Sneasler|1\n|-damage|p2a: Sneasler|30/100\n|-unboost|p1b: Sneasler|def|1\n|-unboost|p1b: Sneasler|spd|1\n|move|p2a: Sneasler|Close Combat|p1b: Sneasler\n|-resisted|p1b: Sneasler|1\n|-damage|p1b: Sneasler|0 fnt\n|-unboost|p2a: Sneasler|def|1\n|-unboost|p2a: Sneasler|spd|1\n|faint|p1b: Sneasler\n|-enditem|p2a: Sneasler|White Herb\n|-clearnegativeboost|p2a: Sneasler|[silent]\n|\n|-weather|Snowscape|[upkeep]\n|upkeep\n|\n|t:|1788327062\n|switch|p1b: Basculegion|Basculegion, L50, M|100/100\n|turn|5\n|\n|t:|1788327081\n|move|p2a: Sneasler|Protect|p2a: Sneasler\n|-singleturn|p2a: Sneasler|Protect\n|move|p1a: Kingambit|Sucker Punch|p2b: Froslass\n|-supereffective|p2b: Froslass|1\n|-damage|p2b: Froslass|48/100\n|move|p2b: Froslass|Shadow Ball|p1b: Basculegion\n|-supereffective|p1b: Basculegion|1\n|-crit|p1b: Basculegion\n|-damage|p1b: Basculegion|0 fnt\n|faint|p1b: Basculegion\n|\n|-weather|none\n|upkeep\n|\n|t:|1788327102\n|switch|p1b: Dragonite|Dragonite, L50, F|100/100\n|turn|6\n|\n|t:|1788327109\n|detailschange|p1b: Dragonite|Dragonite-Mega, L50, F\n|-mega|p1b: Dragonite|Dragonite|Dragoninite\n|move|p1a: Kingambit|Sucker Punch|p2a: Sneasler\n|-resisted|p2a: Sneasler|1\n|-damage|p2a: Sneasler|12/100\n|move|p2a: Sneasler|Close Combat|p1a: Kingambit\n|-supereffective|p1a: Kingambit|2\n|-enditem|p1a: Kingambit|Chople Berry|[eat]\n|-enditem|p1a: Kingambit|Chople Berry|[weaken]\n|-damage|p1a: Kingambit|0 fnt\n|-unboost|p2a: Sneasler|def|1\n|-unboost|p2a: Sneasler|spd|1\n|faint|p1a: Kingambit\n|move|p2b: Froslass|Blizzard|p1b: Dragonite|[miss]\n|-miss|p2b: Froslass|p1b: Dragonite\n|move|p1b: Dragonite|Heat Wave|p2a: Sneasler|[spread] p2a,p2b\n|-supereffective|p2b: Froslass|1\n|-damage|p2a: Sneasler|0 fnt\n|-damage|p2b: Froslass|0 fnt\n|faint|p2a: Sneasler\n|faint|p2b: Froslass\n|\n|-sideend|p2: perenniumfalcon|move: Aurora Veil\n|upkeep\n|\n|t:|1788327116\n|switch|p2b: Basculegion|Basculegion, L50, M|100/100\n|switch|p2a: Lycanroc|Lycanroc-Dusk, L50, M|100/100\n|turn|7\n|inactive|wizzcoaster has 30 seconds left.\n|inactive|wizzcoaster has 20 seconds left.\n|inactive|wizzcoaster has 15 seconds left.\n|inactive|wizzcoaster has 10 seconds left.\n|\n|t:|1788327161\n|move|p2a: Lycanroc|Accelerock|p1b: Dragonite\n|-supereffective|p1b: Dragonite|1\n|-damage|p1b: Dragonite|74/100\n|move|p1b: Dragonite|Dragon Pulse|p2b: Basculegion\n|-damage|p2b: Basculegion|42/100\n|move|p2b: Basculegion|Last Respects|p1b: Dragonite\n|-damage|p1b: Dragonite|0 fnt\n|faint|p1b: Dragonite\n|-damage|p2b: Basculegion|32/100|[from] item: Life Orb\n|\n|win|perenniumfalcon\n|raw|wizzcoaster's rating: 1377 &rarr; <strong>1359</strong><br />(-18 for losing)\n|raw|perenniumfalcon's rating: 1419 &rarr; <strong>1437</strong><br />(+18 for winning)\n|c|☆wizzcoaster|:(\n|c|☆perenniumfalcon|ggs\n|l|☆perenniumfalcon\n|player|p2|\n|l|☆wizzcoaster\n|player|p1|\n|j|☆wizzcoaster\n|player|p1|wizzcoaster|adaman-masters|\n","uploadtime":1788327293,"views":"16","formatid":"gen9championsvgc2026regmbbo3","rating":1359,"private":0,"password":null}