{"id":"gen9championsvgc2026regmbbo3-2674625731","format":"[Gen 9 Champions] VGC 2026 Reg M-B (Bo3)","players":["cookingorcooked2","kalaluwi"],"log":"|j|☆cookingorcooked2\n|j|☆kalaluwi\n|html|<table width=\"100%\"><tr><td align=\"left\">cookingorcooked2</td><td align=\"right\">kalaluwi</tr><tr><td align=\"left\"><i class=\"fa fa-circle-o\"></i> <i class=\"fa fa-circle-o\"></i> </td><td align=\"right\"><i class=\"fa fa-circle-o\"></i> <i class=\"fa fa-circle-o\"></i> </tr></table>\n|uhtml|bestof|<h2><strong>Game 1</strong> of <a href=\"/game-bestof3-gen9championsvgc2026regmbbo3-2674625730\">a best-of-3</a></h2>\n|t:|1788381872\n|gametype|doubles\n|player|p1|cookingorcooked2|1|1311\n|player|p2|kalaluwi|266|1323\n|gen|9\n|tier|[Gen 9 Champions] VGC 2026 Reg M-B (Bo3)\n|rated|\n|rule|Species Clause: Limit one of each Pokémon\n|rule|Item Clause: Limit 1 of each item\n|clearpoke\n|poke|p1|Staraptor, L50, F|\n|poke|p1|Whimsicott, L50, M|\n|poke|p1|Basculegion, L50, M|\n|poke|p1|Garchomp, L50, F|\n|poke|p1|Delphox, L50, F|\n|poke|p1|Kingambit, L50, M|\n|poke|p2|Farigiraf, L50, M|\n|poke|p2|Incineroar, L50, F|\n|poke|p2|Camerupt, L50, M|\n|poke|p2|Vanilluxe, L50, M|\n|poke|p2|Kingambit, L50, F|\n|poke|p2|Primarina, L50, F|\n|teampreview|4\n|showteam|p1|Staraptor||Staraptite|Intimidate|CloseCombat,BraveBird,Roost,Protect|Jolly||F|||50|]Whimsicott||MentalHerb|Prankster|Moonblast,Tailwind,Charm,Encore|Timid||M|||50|]Basculegion||LifeOrb|Adaptability|LastRespects,WaveCrash,AquaJet,Protect|Jolly||M|||50|]Garchomp||SitrusBerry|RoughSkin|Earthquake,DragonTail,StoneEdge,Protect|Jolly||F|||50|]Delphox||Delphoxite|Blaze|HeatWave,Substitute,Psychic,Protect|Timid||F|||50|]Kingambit||ChopleBerry|Defiant|SuckerPunch,KowtowCleave,IronHead,LowKick|Adamant||M|||50|\n|showteam|p2|Farigiraf||ColburBerry|ArmorTail|TrickRoom,Psychic,HelpingHand,Thunderbolt|Modest||M|||50|]Incineroar||LifeOrb|Intimidate|FakeOut,CloseCombat,FlareBlitz,DarkestLariat|Adamant||F|||50|]Camerupt||Cameruptite|MagmaArmor|EarthPower,HeatWave,AncientPower,Protect|Modest||M|||50|]Vanilluxe||ChoiceScarf|SnowWarning|Blizzard,IcyWind,FreezeDry,SheerCold|Modest||M|||50|]Kingambit||BlackGlasses|Defiant|LowKick,KowtowCleave,SuckerPunch,Protect|Adamant||F|||50|]Primarina||Leftovers|LiquidVoice|CalmMind,HyperVoice,Moonblast,Protect|Modest||F|||50|\n|\n|t:|1788381924\n|teamsize|p1|4\n|teamsize|p2|4\n|start\n|switch|p1a: Garchomp|Garchomp, L50, F|100/100\n|switch|p1b: Kingambit|Kingambit, L50, M|100/100\n|switch|p2a: Farigiraf|Farigiraf, L50, M|100/100\n|switch|p2b: Incineroar|Incineroar, L50, F|100/100\n|-ability|p2b: Incineroar|Intimidate|boost\n|-unboost|p1a: Garchomp|atk|1\n|-unboost|p1b: Kingambit|atk|1\n|-ability|p1b: Kingambit|Defiant|boost\n|-boost|p1b: Kingambit|atk|2\n|turn|1\n|\n|t:|1788381945\n|move|p2b: Incineroar|Fake Out|p1b: Kingambit\n|-resisted|p1b: Kingambit|1\n|-damage|p1b: Kingambit|93/100\n|-damage|p2b: Incineroar|90/100|[from] item: Life Orb\n|cant|p1b: Kingambit|flinch\n|move|p1a: Garchomp|Dragon Tail|p2a: Farigiraf\n|-damage|p2a: Farigiraf|81/100\n|drag|p2a: Primarina|Primarina, L50, F|100/100\n|\n|upkeep\n|turn|2\n|\n|t:|1788381971\n|move|p1a: Garchomp|Stone Edge|p2b: Incineroar\n|-supereffective|p2b: Incineroar|1\n|-damage|p2b: Incineroar|52/100\n|move|p2b: Incineroar|Flare Blitz|p1b: Kingambit\n|-supereffective|p1b: Kingambit|1\n|-damage|p1b: Kingambit|0 fnt\n|faint|p1b: Kingambit\n|-damage|p2b: Incineroar|20/100y|[from] Recoil\n|-damage|p2b: Incineroar|10/100|[from] item: Life Orb\n|move|p2a: Primarina|Calm Mind|p2a: Primarina\n|-boost|p2a: Primarina|spa|1\n|-boost|p2a: Primarina|spd|1\n|\n|upkeep\n|\n|t:|1788381983\n|switch|p1b: Basculegion|Basculegion, L50, M|100/100\n|turn|3\n|\n|t:|1788381989\n|switch|p2b: Farigiraf|Farigiraf, L50, M|81/100\n|move|p2a: Primarina|Protect|p2a: Primarina\n|-singleturn|p2a: Primarina|Protect\n|move|p1a: Garchomp|Earthquake|p2b: Farigiraf|[spread] p1b,p2b\n|-activate|p2a: Primarina|move: Protect\n|-damage|p1b: Basculegion|72/100\n|-damage|p2b: Farigiraf|59/100\n|move|p1b: Basculegion|Last Respects|p2a: Primarina\n|-activate|p2a: Primarina|move: Protect\n|\n|upkeep\n|turn|4\n|\n|t:|1788382004\n|switch|p2b: Incineroar|Incineroar, L50, F|10/100\n|-ability|p2b: Incineroar|Intimidate|boost\n|-unboost|p1a: Garchomp|atk|1\n|-unboost|p1b: Basculegion|atk|1\n|move|p1a: Garchomp|Stone Edge|p2a: Primarina\n|-damage|p2a: Primarina|81/100\n|move|p1b: Basculegion|Last Respects|p2a: Primarina\n|-damage|p2a: Primarina|21/100\n|-damage|p1b: Basculegion|62/100|[from] item: Life Orb\n|move|p2a: Primarina|Moonblast|p1b: Basculegion\n|-damage|p1b: Basculegion|0 fnt\n|faint|p1b: Basculegion\n|\n|-heal|p2a: Primarina|27/100|[from] item: Leftovers\n|upkeep\n|\n|t:|1788382007\n|switch|p1b: Delphox|Delphox, L50, F|100/100\n|turn|5\n|\n|t:|1788382036\n|move|p1b: Delphox|Protect|p1b: Delphox\n|-singleturn|p1b: Delphox|Protect\n|move|p1a: Garchomp|Protect|p1a: Garchomp\n|-singleturn|p1a: Garchomp|Protect\n|move|p2b: Incineroar|Darkest Lariat|p1b: Delphox\n|-activate|p1b: Delphox|move: Protect\n|move|p2a: Primarina|Hyper Voice|p1a: Garchomp|[spread] \n|-activate|p1a: Garchomp|move: Protect\n|-activate|p1b: Delphox|move: Protect\n|\n|-heal|p2a: Primarina|33/100|[from] item: Leftovers\n|upkeep\n|turn|6\n|\n|t:|1788382044\n|detailschange|p1b: Delphox|Delphox-Mega, L50, F\n|-mega|p1b: Delphox|Delphox|Delphoxite\n|move|p1b: Delphox|Heat Wave|p2b: Incineroar|[spread] p2a\n|-miss|p1b: Delphox|p2b: Incineroar\n|-resisted|p2a: Primarina|1\n|-damage|p2a: Primarina|23/100\n|move|p1a: Garchomp|Earthquake|p2b: Incineroar|[spread] p2a,p2b\n|-immune|p1b: Delphox|[from] ability: Levitate\n|-supereffective|p2b: Incineroar|1\n|-damage|p2a: Primarina|2/100\n|-damage|p2b: Incineroar|0 fnt\n|faint|p2b: Incineroar\n|move|p2a: Primarina|Hyper Voice|p1b: Delphox|[spread] p1a,p1b\n|-supereffective|p1b: Delphox|1\n|-damage|p1a: Garchomp|48/100\n|-damage|p1b: Delphox|1/100\n|-enditem|p1a: Garchomp|Sitrus Berry|[eat]\n|-heal|p1a: Garchomp|73/100|[from] item: Sitrus Berry\n|\n|-heal|p2a: Primarina|8/100|[from] item: Leftovers\n|upkeep\n|\n|t:|1788382060\n|switch|p2b: Farigiraf|Farigiraf, L50, M|59/100\n|turn|7\n|\n|t:|1788382078\n|move|p1b: Delphox|Heat Wave|p2b: Farigiraf|[spread] p2a,p2b\n|-resisted|p2a: Primarina|1\n|-damage|p2a: Primarina|0 fnt\n|-damage|p2b: Farigiraf|27/100\n|faint|p2a: Primarina\n|move|p1a: Garchomp|Earthquake|p2b: Farigiraf|[spread] p2b\n|-immune|p1b: Delphox|[from] ability: Levitate\n|-damage|p2b: Farigiraf|11/100\n|move|p2b: Farigiraf|Psychic|p1b: Delphox\n|-resisted|p1b: Delphox|1\n|-damage|p1b: Delphox|0 fnt\n|faint|p1b: Delphox\n|\n|upkeep\n|\n|t:|1788382086\n|switch|p2a: Camerupt|Camerupt, L50, M|100/100\n|turn|8\n|\n|t:|1788382092\n|detailschange|p2a: Camerupt|Camerupt-Mega, L50, M\n|-mega|p2a: Camerupt|Camerupt|Cameruptite\n|move|p2b: Farigiraf|Helping Hand|p2a: Camerupt\n|-singleturn|p2a: Camerupt|Helping Hand|[of] p2b: Farigiraf\n|move|p1a: Garchomp|Earthquake|p2a: Camerupt|[spread] p2a,p2b\n|-supereffective|p2a: Camerupt|1\n|-crit|p2a: Camerupt\n|-damage|p2a: Camerupt|0 fnt\n|-damage|p2b: Farigiraf|0 fnt\n|faint|p2a: Camerupt\n|faint|p2b: Farigiraf\n|\n|win|cookingorcooked2\n","uploadtime":1788382093,"views":"4","formatid":"gen9championsvgc2026regmbbo3","rating":null,"private":0,"password":null}