{"id":"gen9championsvgc2026regmbbo3-2673287665","format":"[Gen 9 Champions] VGC 2026 Reg M-B (Bo3)","players":["Pawah","Amphbros4Ever"],"log":"|j|☆Pawah\n|j|☆Amphbros4Ever\n|html|<table width=\"100%\"><tr><td align=\"left\">Pawah</td><td align=\"right\">Amphbros4Ever</tr><tr><td align=\"left\"><i class=\"fa fa-circle\"></i> <i class=\"fa fa-circle-o\"></i> </td><td align=\"right\"><i class=\"fa fa-circle-o\"></i> <i class=\"fa fa-circle-o\"></i> </tr></table>\n|uhtml|bestof|<h2><strong>Game 2</strong> of <a href=\"/game-bestof3-gen9championsvgc2026regmbbo3-2673286908\">a best-of-3</a></h2>\n|t:|1788177407\n|gametype|doubles\n|player|p1|Pawah|ethan|1247\n|player|p2|Amphbros4Ever|2|1480\n|gen|9\n|tier|[Gen 9 Champions] VGC 2026 Reg M-B (Bo3)\n|rated|\n|rule|Species Clause: Limit one of each Pokémon\n|rule|Item Clause: Limit 1 of each item\n|clearpoke\n|poke|p1|Incineroar, L50, M|\n|poke|p1|Sinistcha, L50|\n|poke|p1|Floette-Eternal, L50, F|\n|poke|p1|Samurott-Hisui, L50, F|\n|poke|p1|Sneasler, L50, F|\n|poke|p1|Delphox, L50, M|\n|poke|p2|Froslass, L50, F|\n|poke|p2|Whimsicott, L50, M|\n|poke|p2|Sneasler, L50, M|\n|poke|p2|Kingambit, L50, F|\n|poke|p2|Basculegion, L50, M|\n|poke|p2|Dragonite, L50, M|\n|teampreview|4\n|showteam|p1|Incineroar||SitrusBerry|Intimidate|FlareBlitz,DarkestLariat,FakeOut,PartingShot|Careful||M|||50|]Sinistcha||OccaBerry|Hospitality|MatchaGotcha,LifeDew,RagePowder,Protect|Bold|||||50|]Floette-Eternal||Floettite|FlowerVeil|Protect,DazzlingGleam,Moonblast,CalmMind|Modest||F|||50|]Samurott-Hisui||ChoiceScarf|Sharpness|NightSlash,AquaCutter,SacredSword,FlipTurn|Jolly||F|||50|]Sneasler||FocusSash|PoisonTouch|PoisonJab,RockSlide,CloseCombat,FakeOut|Jolly||F|||50|]Delphox||Delphoxite|Blaze|HeatWave,Protect,Psychic,NastyPlot|Timid||M|||50|\n|showteam|p2|Froslass||Froslassite|SnowCloak|Blizzard,ShadowBall,AuroraVeil,Protect|Timid||F|||50|]Whimsicott||FocusSash|Prankster|Moonblast,GrassKnot,Encore,Tailwind|Timid||M|||50|]Sneasler||WhiteHerb|Unburden|DireClaw,CloseCombat,RockSlide,FakeOut|Jolly||M|||50|]Kingambit||ChopleBerry|Defiant|KowtowCleave,SuckerPunch,LowKick,IronHead|Adamant||F|||50|]Basculegion||LifeOrb|Adaptability|WaveCrash,LastRespects,AquaJet,Protect|Adamant||M|||50|]Dragonite||Dragoninite|InnerFocus|DragonPulse,HeatWave,Thunderbolt,Protect|Modest||M|||50|\n|inactive|Battle timer is ON: inactive players will automatically lose when time's up. (requested by Pawah)\n|inactive|Amphbros4Ever has 60 seconds left.\n|\n|t:|1788177443\n|teamsize|p1|4\n|teamsize|p2|4\n|start\n|switch|p1a: Samurott|Samurott-Hisui, L50, F|100/100\n|switch|p1b: Delphox|Delphox, L50, M|100/100\n|switch|p2a: Sneasler|Sneasler, L50, M|100/100\n|switch|p2b: Kingambit|Kingambit, L50, F|100/100\n|turn|1\n|\n|t:|1788177456\n|switch|p1a: Sinistcha|Sinistcha, L50|100/100\n|detailschange|p1b: Delphox|Delphox-Mega, L50, M\n|-mega|p1b: Delphox|Delphox|Delphoxite\n|move|p1b: Delphox|Protect|p1b: Delphox\n|-singleturn|p1b: Delphox|Protect\n|move|p2a: Sneasler|Fake Out|p1a: Sinistcha\n|-immune|p1a: Sinistcha\n|move|p2b: Kingambit|Kowtow Cleave|p1b: Delphox\n|-activate|p1b: Delphox|move: Protect\n|\n|upkeep\n|turn|2\n|\n|t:|1788177470\n|move|p1a: Sinistcha|Rage Powder|p1a: Sinistcha\n|-singleturn|p1a: Sinistcha|move: Rage Powder\n|move|p1b: Delphox|Heat Wave|p2b: Kingambit|[spread] p2a,p2b\n|-supereffective|p2b: Kingambit|1\n|-damage|p2a: Sneasler|55/100\n|-damage|p2b: Kingambit|26/100\n|move|p2a: Sneasler|Rock Slide|p1a: Sinistcha|[spread] p1a,p1b\n|-supereffective|p1b: Delphox|1\n|-damage|p1a: Sinistcha|84/100\n|-damage|p1b: Delphox|56/100\n|move|p2b: Kingambit|Kowtow Cleave|p1a: Sinistcha\n|-supereffective|p1a: Sinistcha|1\n|-crit|p1a: Sinistcha\n|-damage|p1a: Sinistcha|0 fnt\n|faint|p1a: Sinistcha\n|\n|upkeep\n|\n|t:|1788177479\n|switch|p1a: Samurott|Samurott-Hisui, L50, F|100/100\n|turn|3\n|\n|t:|1788177491\n|switch|p2a: Basculegion|Basculegion, L50, M|100/100\n|move|p2b: Kingambit|Sucker Punch|p1b: Delphox\n|-supereffective|p1b: Delphox|1\n|-damage|p1b: Delphox|0 fnt\n|faint|p1b: Delphox\n|move|p1a: Samurott|Aqua Cutter|p2b: Kingambit\n|-damage|p2b: Kingambit|0 fnt\n|faint|p2b: Kingambit\n|\n|upkeep\n|\n|t:|1788177500\n|switch|p1b: Sneasler|Sneasler, L50, F|100/100\n|switch|p2b: Sneasler|Sneasler, L50, M|55/100\n|turn|4\n|\n|t:|1788177509\n|move|p2b: Sneasler|Fake Out|p1a: Samurott\n|-crit|p1a: Samurott\n|-damage|p1a: Samurott|72/100\n|cant|p1a: Samurott|flinch\n|move|p1b: Sneasler|Poison Jab|p2a: Basculegion\n|-resisted|p2a: Basculegion|1\n|-damage|p2a: Basculegion|78/100\n|-status|p2a: Basculegion|psn|[from] ability: Poison Touch|[of] p1b: Sneasler\n|move|p2a: Basculegion|Wave Crash|p1b: Sneasler\n|-enditem|p1b: Sneasler|Focus Sash\n|-damage|p1b: Sneasler|1/100\n|-damage|p2a: Basculegion|52/100 psn|[from] Recoil\n|-damage|p2a: Basculegion|42/100 psn|[from] item: Life Orb\n|\n|-damage|p2a: Basculegion|30/100 psn|[from] psn\n|upkeep\n|turn|5\n|\n|t:|1788177518\n|move|p2a: Basculegion|Aqua Jet|p1b: Sneasler\n|-damage|p1b: Sneasler|0 fnt\n|faint|p1b: Sneasler\n|-damage|p2a: Basculegion|20/100y psn|[from] item: Life Orb\n|move|p1a: Samurott|Aqua Cutter|p2b: Sneasler\n|-damage|p2b: Sneasler|0 fnt\n|faint|p2b: Sneasler\n|\n|-damage|p2a: Basculegion|8/100 psn|[from] psn\n|upkeep\n|\n|t:|1788177520\n|switch|p2b: Froslass|Froslass, L50, F|100/100\n|turn|6\n|\n|t:|1788177534\n|detailschange|p2b: Froslass|Froslass-Mega, L50, F\n|-mega|p2b: Froslass|Froslass|Froslassite\n|-weather|Snowscape|[from] ability: Snow Warning|[of] p2b: Froslass\n|move|p2a: Basculegion|Aqua Jet|p1a: Samurott\n|-resisted|p1a: Samurott|1\n|-damage|p1a: Samurott|51/100\n|-damage|p2a: Basculegion|0 fnt|[from] item: Life Orb\n|faint|p2a: Basculegion\n|move|p1a: Samurott|Aqua Cutter|p2b: Froslass\n|-damage|p2b: Froslass|57/100\n|move|p2b: Froslass|Blizzard|p1a: Samurott\n|-resisted|p1a: Samurott|1\n|-damage|p1a: Samurott|13/100\n|\n|-weather|Snowscape|[upkeep]\n|upkeep\n|turn|7\n|\n|t:|1788177545\n|move|p1a: Samurott|Aqua Cutter|p2b: Froslass\n|-crit|p2b: Froslass\n|-damage|p2b: Froslass|0 fnt\n|faint|p2b: Froslass\n|\n|win|Pawah\n|raw|Pawah's rating: 1247 &rarr; <strong>1287</strong><br />(+40 for winning)\n|raw|Amphbros4Ever's rating: 1480 &rarr; <strong>1448</strong><br />(-32 for losing)\n","uploadtime":1788177545,"views":"0","formatid":"gen9championsvgc2026regmbbo3","rating":1287,"private":0,"password":null}