{"id":"gen9championsvgc2026regmbbo3-2674306891","format":"[Gen 9 Champions] VGC 2026 Reg M-B (Bo3)","players":["CaratroncoSun","NemoAK"],"log":"|j|‽CaratroncoSun\n|j|☆NemoAK\n|html|<table width=\"100%\"><tr><td align=\"left\">CaratroncoSun</td><td align=\"right\">NemoAK</tr><tr><td align=\"left\"><i class=\"fa fa-circle-o\"></i> <i class=\"fa fa-circle-o\"></i> </td><td align=\"right\"><i class=\"fa fa-circle-o\"></i> <i class=\"fa fa-circle\"></i> </tr></table>\n|uhtml|bestof|<h2><strong>Game 2</strong> of <a href=\"/game-bestof3-gen9championsvgc2026regmbbo3-2674306099\">a best-of-3</a></h2>\n|t:|1788336996\n|gametype|doubles\n|player|p1|CaratroncoSun|1|1310\n|player|p2|NemoAK|2|1284\n|gen|9\n|tier|[Gen 9 Champions] VGC 2026 Reg M-B (Bo3)\n|rated|\n|rule|Species Clause: Limit one of each Pokémon\n|rule|Item Clause: Limit 1 of each item\n|clearpoke\n|poke|p1|Charizard, L50, M, shiny|\n|poke|p1|Venusaur, L50, M, shiny|\n|poke|p1|Whimsicott, L50, F, shiny|\n|poke|p1|Basculegion, L50, M|\n|poke|p1|Tyranitar, L50, F|\n|poke|p1|Mamoswine, L50, M|\n|poke|p2|Staraptor, L50, M|\n|poke|p2|Kingambit, L50, M|\n|poke|p2|Basculegion, L50, M|\n|poke|p2|Farigiraf, L50, M|\n|poke|p2|Garchomp, L50, M|\n|poke|p2|Meganium, L50, M|\n|teampreview|4\n|showteam|p1|Charizard||CharizarditeY|Blaze|Protect,SolarBeam,HeatWave,AirSlash|Modest||M|||50|]Venusaur||WideLens|Chlorophyll|Protect,GigaDrain,EarthPower,SleepPowder|Modest||M|||50|]Whimsicott||FocusSash|Prankster|Protect,Moonblast,Tailwind,Encore|Timid||F|||50|]Basculegion||MysticWater|Adaptability|Protect,AquaJet,WaveCrash,LastRespects|Adamant||M|||50|]Tyranitar||Tyranitarite|SandStream|Protect,RockSlide,KnockOff,LowKick|Adamant||F|||50|]Mamoswine||LifeOrb|Oblivious|Protect,HighHorsepower,RockSlide,IceShard|Adamant||M|||50|\n|showteam|p2|Staraptor||Staraptite|Intimidate|CloseCombat,BraveBird,Tailwind,Protect|Jolly||M|||50|]Kingambit||FocusSash|Defiant|KowtowCleave,IronHead,SuckerPunch,LowKick|Adamant||M|||50|]Basculegion||ChoiceScarf|Adaptability|WaveCrash,LastRespects,AquaJet,FlipTurn|Adamant||M|||50|]Farigiraf||SitrusBerry|ArmorTail|Psychic,HyperVoice,TrickRoom,HelpingHand|Quiet||M|||50|]Garchomp||LifeOrb|RoughSkin|Earthquake,RockSlide,DragonClaw,Protect|Jolly||M|||50|]Meganium||Meganiumite|Overgrow|SolarBeam,WeatherBall,DazzlingGleam,Protect|Modest||M|||50|\n|\n|t:|1788337022\n|teamsize|p1|4\n|teamsize|p2|4\n|start\n|switch|p1a: Whimsicott|Whimsicott, L50, F, shiny|100/100\n|switch|p1b: Mamoswine|Mamoswine, L50, M|100/100\n|switch|p2a: The Biggest Bird|Staraptor, L50, M|100/100\n|switch|p2b: Toothless|Garchomp, L50, M|100/100\n|-ability|p2a: The Biggest Bird|Intimidate|boost\n|-unboost|p1a: Whimsicott|atk|1\n|-fail|p1b: Mamoswine|unboost|atk|[from] ability: Oblivious|[of] p1b: Mamoswine\n|turn|1\n|inactive|Battle timer is ON: inactive players will automatically lose when time's up. (requested by NemoAK)\n|\n|t:|1788337039\n|switch|p2b: 6”3|Farigiraf, L50, M|100/100\n|detailschange|p2a: The Biggest Bird|Staraptor-Mega, L50, M\n|-mega|p2a: The Biggest Bird|Staraptor|Staraptite\n|move|p1b: Mamoswine|Ice Shard||[still]\n|cant|p2b: 6”3|ability: Armor Tail|Ice Shard|[of] p1b: Mamoswine\n|move|p1a: Whimsicott|Moonblast|p2a: The Biggest Bird\n|-supereffective|p2a: The Biggest Bird|1\n|-damage|p2a: The Biggest Bird|16/100\n|-boost|p2a: The Biggest Bird|spa|1\n|move|p2a: The Biggest Bird|Close Combat|p1b: Mamoswine\n|-supereffective|p1b: Mamoswine|1\n|-damage|p1b: Mamoswine|0 fnt\n|-boost|p2a: The Biggest Bird|def|1\n|-boost|p2a: The Biggest Bird|spd|1\n|faint|p1b: Mamoswine\n|\n|upkeep\n|\n|t:|1788337055\n|switch|p1b: Venusaur|Venusaur, L50, M, shiny|100/100\n|turn|2\n|\n|t:|1788337066\n|move|p2a: The Biggest Bird|Protect|p2a: The Biggest Bird\n|-singleturn|p2a: The Biggest Bird|Protect\n|move|p1a: Whimsicott|Moonblast|p2a: The Biggest Bird\n|-activate|p2a: The Biggest Bird|move: Protect\n|move|p1b: Venusaur|Sleep Powder|p2b: 6”3|[miss]\n|-miss|p1b: Venusaur|p2b: 6”3\n|move|p2b: 6”3|Trick Room|p2b: 6”3\n|-fieldstart|move: Trick Room|[of] p2b: 6”3\n|\n|upkeep\n|turn|3\n|\n|t:|1788337084\n|move|p2b: 6”3|Psychic|p1b: Venusaur\n|-supereffective|p1b: Venusaur|1\n|-damage|p1b: Venusaur|22/100\n|move|p1b: Venusaur|Sleep Powder|p2a: The Biggest Bird\n|-status|p2a: The Biggest Bird|slp|[from] move: Sleep Powder\n|cant|p2a: The Biggest Bird|slp\n|move|p1a: Whimsicott|Moonblast|p2b: 6”3\n|-damage|p2b: 6”3|71/100\n|-unboost|p2b: 6”3|spa|1\n|\n|upkeep\n|turn|4\n|\n|t:|1788337102\n|switch|p1b: Charizard|Charizard, L50, M, shiny|100/100\n|move|p2b: 6”3|Hyper Voice|p1a: Whimsicott|[spread] p1a,p1b\n|-damage|p1a: Whimsicott|65/100\n|-damage|p1b: Charizard|77/100\n|cant|p2a: The Biggest Bird|slp\n|move|p1a: Whimsicott|Moonblast|p2a: The Biggest Bird\n|-supereffective|p2a: The Biggest Bird|1\n|-damage|p2a: The Biggest Bird|0 fnt\n|faint|p2a: The Biggest Bird\n|\n|upkeep\n|\n|t:|1788337112\n|switch|p2a: Checkmate|Kingambit, L50, M|100/100\n|turn|5\n|\n|t:|1788337130\n|detailschange|p1b: Charizard|Charizard-Mega-Y, L50, M, shiny\n|-mega|p1b: Charizard|Charizard|Charizardite Y\n|-weather|SunnyDay|[from] ability: Drought|[of] p1b: Charizard\n|move|p1b: Charizard|Protect|p1b: Charizard\n|-singleturn|p1b: Charizard|Protect\n|move|p2b: 6”3|Hyper Voice|p1a: Whimsicott|[spread] p1a\n|-activate|p1b: Charizard|move: Protect\n|-damage|p1a: Whimsicott|34/100\n|move|p2a: Checkmate|Iron Head|p1a: Whimsicott\n|-supereffective|p1a: Whimsicott|1\n|-damage|p1a: Whimsicott|0 fnt\n|faint|p1a: Whimsicott\n|\n|-weather|SunnyDay|[upkeep]\n|upkeep\n|\n|t:|1788337143\n|switch|p1a: Venusaur|Venusaur, L50, M, shiny|22/100\n|turn|6\n|\n|t:|1788337147\n|move|p2b: 6”3|Helping Hand|p2a: Checkmate\n|-singleturn|p2a: Checkmate|Helping Hand|[of] p2b: 6”3\n|move|p1b: Charizard|Protect||[still]\n|-fail|p1b: Charizard\n|move|p1a: Venusaur|Protect|p1a: Venusaur\n|-singleturn|p1a: Venusaur|Protect\n|move|p2a: Checkmate|Kowtow Cleave|p1b: Charizard\n|-damage|p1b: Charizard|1/100\n|\n|-weather|SunnyDay|[upkeep]\n|-fieldend|move: Trick Room\n|upkeep\n|turn|7\n|\n|t:|1788337161\n|move|p1b: Charizard|Protect|p1b: Charizard\n|-singleturn|p1b: Charizard|Protect\n|move|p2a: Checkmate|Sucker Punch||[still]\n|-fail|p2a: Checkmate\n|move|p1a: Venusaur|Sleep Powder|p2a: Checkmate\n|-status|p2a: Checkmate|slp|[from] move: Sleep Powder\n|move|p2b: 6”3|Hyper Voice|p1b: Charizard|[spread] p1a\n|-activate|p1b: Charizard|move: Protect\n|-damage|p1a: Venusaur|1/100\n|\n|-weather|SunnyDay|[upkeep]\n|upkeep\n|turn|8\n|\n|t:|1788337177\n|cant|p2a: Checkmate|slp\n|move|p1a: Venusaur|Giga Drain|p2b: 6”3\n|-damage|p2b: 6”3|39/100\n|-heal|p1a: Venusaur|21/100|[from] drain|[of] p2b: 6”3\n|-enditem|p2b: 6”3|Sitrus Berry|[eat]\n|-heal|p2b: 6”3|64/100|[from] item: Sitrus Berry\n|move|p1b: Charizard|Heat Wave|p2b: 6”3|[spread] p2a,p2b\n|-supereffective|p2a: Checkmate|1\n|-enditem|p2a: Checkmate|Focus Sash\n|-damage|p2a: Checkmate|1/100 slp\n|-damage|p2b: 6”3|11/100\n|move|p2b: 6”3|Hyper Voice|p1a: Venusaur|[spread] p1a,p1b\n|-crit|p1b: Charizard\n|-damage|p1a: Venusaur|1/100\n|-damage|p1b: Charizard|0 fnt\n|faint|p1b: Charizard\n|\n|-weather|SunnyDay|[upkeep]\n|upkeep\n|turn|9\n|\n|t:|1788337194\n|-curestatus|p2a: Checkmate|slp|[msg]\n|move|p2a: Checkmate|Sucker Punch|p1a: Venusaur\n|-damage|p1a: Venusaur|0 fnt\n|faint|p1a: Venusaur\n|\n|win|NemoAK\n|raw|CaratroncoSun's rating: 1310 &rarr; <strong>1289</strong><br />(-21 for losing)\n|raw|NemoAK's rating: 1284 &rarr; <strong>1311</strong><br />(+27 for winning)\n","uploadtime":1788337195,"views":"4","formatid":"gen9championsvgc2026regmbbo3","rating":1289,"private":0,"password":null}