{"id":"gen9championsvgc2026regmb-2674606474","format":"[Gen 9 Champions] VGC 2026 Reg M-B","players":["gangganggaaaang","bruhdnigerian"],"log":"|j|☆gangganggaaaang\n|j|☆bruhdnigerian\n|t:|1788379490\n|gametype|doubles\n|player|p1|gangganggaaaang|266|1273\n|player|p2|bruhdnigerian|lance|1197\n|gen|9\n|tier|[Gen 9 Champions] VGC 2026 Reg M-B\n|rated|\n|rule|Species Clause: Limit one of each Pokémon\n|rule|Item Clause: Limit 1 of each item\n|clearpoke\n|poke|p1|Pelipper, L50, M|\n|poke|p1|Swampert, L50, M|\n|poke|p1|Archaludon, L50, F|\n|poke|p1|Sneasler, L50, F|\n|poke|p1|Sableye, L50, M|\n|poke|p1|Meowscarada, L50, F|\n|poke|p2|Pangoro, L50, F|\n|poke|p2|Chandelure, L50, M|\n|poke|p2|Spiritomb, L50, M|\n|poke|p2|Gliscor, L50, F|\n|poke|p2|Farigiraf, L50, M|\n|poke|p2|Glimmora, L50, F|\n|teampreview|4\n|inactive|Battle timer is ON: inactive players will automatically lose when time's up. (requested by bruhdnigerian)\n|inactive|bruhdnigerian has 60 seconds left.\n|\n|t:|1788379530\n|teamsize|p1|4\n|teamsize|p2|4\n|start\n|switch|p1a: Sneasler|Sneasler, L50, F|100/100\n|switch|p1b: Meowscarada|Meowscarada, L50, F|100/100\n|switch|p2a: Glimmora|Glimmora, L50, F|100/100\n|switch|p2b: Spiritomb|Spiritomb, L50, M|100/100\n|turn|1\n|\n|t:|1788379550\n|move|p2a: Glimmora|Sludge Bomb|p1b: Meowscarada\n|-supereffective|p1b: Meowscarada|1\n|-damage|p1b: Meowscarada|0 fnt\n|faint|p1b: Meowscarada\n|move|p1a: Sneasler|Taunt|p2b: Spiritomb\n|-start|p2b: Spiritomb|move: Taunt\n|-enditem|p2b: Spiritomb|Mental Herb\n|-end|p2b: Spiritomb|move: Taunt\n|move|p2b: Spiritomb|Will-O-Wisp|p1a: Sneasler\n|-status|p1a: Sneasler|brn\n|\n|-damage|p1a: Sneasler|94/100 brn|[from] brn\n|upkeep\n|\n|t:|1788379558\n|switch|p1b: Pelipper|Pelipper, L50, M|100/100\n|-weather|RainDance|[from] ability: Drizzle|[of] p1b: Pelipper\n|turn|2\n|\n|t:|1788379566\n|switch|p2a: Farigiraf|Farigiraf, L50, M|100/100\n|move|p1a: Sneasler|Taunt|p2b: Spiritomb\n|-start|p2b: Spiritomb|move: Taunt\n|move|p1b: Pelipper|Weather Ball|p2a: Farigiraf\n|-damage|p2a: Farigiraf|50/100g\n|cant|p2b: Spiritomb|move: Taunt|Trick Room\n|\n|-weather|RainDance|[upkeep]\n|-damage|p1a: Sneasler|88/100 brn|[from] brn\n|upkeep\n|turn|3\n|\n|t:|1788379578\n|move|p1a: Sneasler|Taunt|p2a: Farigiraf\n|-start|p2a: Farigiraf|move: Taunt\n|move|p1b: Pelipper|Weather Ball|p2b: Spiritomb\n|-damage|p2b: Spiritomb|59/100\n|move|p2a: Farigiraf|Thunderbolt|p1b: Pelipper\n|-supereffective|p1b: Pelipper|2\n|-enditem|p1b: Pelipper|Focus Sash\n|-damage|p1b: Pelipper|1/100\n|move|p2b: Spiritomb|Hex|p1a: Sneasler\n|-damage|p1a: Sneasler|33/100 brn\n|\n|-weather|RainDance|[upkeep]\n|-damage|p1a: Sneasler|27/100 brn|[from] brn\n|upkeep\n|turn|4\n|\n|t:|1788379593\n|move|p1a: Sneasler|Close Combat|p2a: Farigiraf\n|-damage|p2a: Farigiraf|12/100\n|-unboost|p1a: Sneasler|def|1\n|-unboost|p1a: Sneasler|spd|1\n|-enditem|p1a: Sneasler|White Herb\n|-clearnegativeboost|p1a: Sneasler|[silent]\n|move|p1b: Pelipper|Weather Ball|p2a: Farigiraf\n|-damage|p2a: Farigiraf|0 fnt\n|faint|p2a: Farigiraf\n|move|p2b: Spiritomb|Hex|p1a: Sneasler\n|-damage|p1a: Sneasler|0 fnt\n|faint|p1a: Sneasler\n|\n|-weather|RainDance|[upkeep]\n|-end|p2b: Spiritomb|move: Taunt\n|upkeep\n|\n|t:|1788379604\n|switch|p1a: Swampert|Swampert, L50, M|100/100\n|switch|p2a: Glimmora|Glimmora, L50, F|100/100\n|turn|5\n|\n|t:|1788379616\n|detailschange|p1a: Swampert|Swampert-Mega, L50, M\n|-mega|p1a: Swampert|Swampert|Swampertite\n|move|p2a: Glimmora|Power Gem|p1b: Pelipper\n|-supereffective|p1b: Pelipper|1\n|-damage|p1b: Pelipper|0 fnt\n|faint|p1b: Pelipper\n|move|p1a: Swampert|Earthquake|p2b: Spiritomb|[spread] p2a,p2b\n|-supereffective|p2a: Glimmora|2\n|-damage|p2a: Glimmora|0 fnt\n|-damage|p2b: Spiritomb|11/100\n|-activate|p2a: Glimmora|ability: Toxic Debris\n|-sidestart|p1: gangganggaaaang|move: Toxic Spikes\n|faint|p2a: Glimmora\n|move|p2b: Spiritomb|Trick Room|p2b: Spiritomb\n|-fieldstart|move: Trick Room|[of] p2b: Spiritomb\n|\n|-weather|RainDance|[upkeep]\n|upkeep\n|\n|t:|1788379619\n|switch|p2a: Pangoro|Pangoro, L50, F|100/100\n|turn|6\n|\n|t:|1788379629\n|move|p2a: Pangoro|Protect|p2a: Pangoro\n|-singleturn|p2a: Pangoro|Protect\n|move|p2b: Spiritomb|Will-O-Wisp|p1a: Swampert\n|-status|p1a: Swampert|brn\n|move|p1a: Swampert|Earthquake|p2b: Spiritomb|[spread] p2b\n|-activate|p2a: Pangoro|move: Protect\n|-damage|p2b: Spiritomb|0 fnt\n|faint|p2b: Spiritomb\n|\n|-weather|none\n|-damage|p1a: Swampert|94/100 brn|[from] brn\n|upkeep\n|turn|7\n|\n|t:|1788379637\n|move|p2a: Pangoro|Storm Throw|p1a: Swampert\n|-crit|p1a: Swampert\n|-damage|p1a: Swampert|52/100 brn\n|move|p1a: Swampert|Earthquake|p2a: Pangoro\n|-damage|p2a: Pangoro|68/100\n|\n|-damage|p1a: Swampert|46/100 brn|[from] brn\n|upkeep\n|turn|8\n|\n|t:|1788379650\n|move|p2a: Pangoro|Storm Throw|p1a: Swampert\n|-crit|p1a: Swampert\n|-damage|p1a: Swampert|5/100 brn\n|move|p1a: Swampert|Earthquake|p2a: Pangoro\n|-damage|p2a: Pangoro|35/100\n|\n|-damage|p1a: Swampert|0 fnt|[from] brn\n|faint|p1a: Swampert\n|\n|win|bruhdnigerian\n|raw|gangganggaaaang's rating: 1273 &rarr; <strong>1243</strong><br />(-30 for losing)\n|raw|bruhdnigerian's rating: 1197 &rarr; <strong>1227</strong><br />(+30 for winning)\n|l|☆gangganggaaaang\n|player|p1|\n","uploadtime":1788379670,"views":"1","formatid":"gen9championsvgc2026regmb","rating":1227,"private":0,"password":null}