{"id":"gen9championsvgc2026regmb-2674620131","format":"[Gen 9 Champions] VGC 2026 Reg M-B","players":["drevi","isen ejwqvd"],"log":"|j|☆drevi\n|j|☆isen ejwqvd\n|t:|1788381192\n|gametype|doubles\n|player|p1|drevi|morty|1044\n|player|p2|isen ejwqvd|1|1000\n|gen|9\n|tier|[Gen 9 Champions] VGC 2026 Reg M-B\n|rated|\n|rule|Species Clause: Limit one of each Pokémon\n|rule|Item Clause: Limit 1 of each item\n|clearpoke\n|poke|p1|Whimsicott, L50, F|\n|poke|p1|Rotom-Wash, L50|\n|poke|p1|Falinks, L50|\n|poke|p1|Dragalge, L50, M|\n|poke|p1|Malamar, L50, M|\n|poke|p1|Pelipper, L50, M|\n|poke|p2|Charizard, L50, M|\n|poke|p2|Oranguru, L50, F|\n|poke|p2|Torkoal, L50, F|\n|poke|p2|Sneasler, L50, M|\n|poke|p2|Blastoise, L50, F|\n|poke|p2|Ceruledge, L50, M|\n|teampreview|4\n|inactive|Battle timer is ON: inactive players will automatically lose when time's up. (requested by isen ejwqvd)\n|inactive|drevi has 60 seconds left.\n|\n|t:|1788381228\n|teamsize|p1|4\n|teamsize|p2|4\n|start\n|switch|p1a: Dragalge|Dragalge, L50, M|100/100\n|switch|p1b: Malamar|Malamar, L50, M|100/100\n|switch|p2a: Charizard|Charizard, L50, M|100/100\n|switch|p2b: Torkoal|Torkoal, L50, F|100/100\n|-weather|SunnyDay|[from] ability: Drought|[of] p2b: Torkoal\n|turn|1\n|\n|t:|1788381248\n|detailschange|p2a: Charizard|Charizard-Mega-Y, L50, M\n|-mega|p2a: Charizard|Charizard|Charizardite Y\n|detailschange|p1a: Dragalge|Dragalge-Mega, L50, M\n|-mega|p1a: Dragalge|Dragalge|Dragalgite\n|move|p2a: Charizard|Heat Wave|p1b: Malamar|[spread] p1a,p1b\n|-resisted|p1a: Dragalge|1\n|-damage|p1a: Dragalge|77/100\n|-damage|p1b: Malamar|25/100\n|-enditem|p1b: Malamar|Sitrus Berry|[eat]\n|-heal|p1b: Malamar|50/100g|[from] item: Sitrus Berry\n|move|p1b: Malamar|Skill Swap|p1a: Dragalge\n|-activate|p1b: Malamar|Skill Swap|||[of] p1a: Dragalge\n|-hint|Skill Swap does not announce the abilities of the Pokémon when used between allies.\n|move|p1a: Dragalge|Draco Meteor|p2a: Charizard\n|-damage|p2a: Charizard|17/100\n|-boost|p1a: Dragalge|spa|2\n|move|p2b: Torkoal|Eruption|p1a: Dragalge|[spread] p1a,p1b\n|-resisted|p1a: Dragalge|1\n|-damage|p1a: Dragalge|48/100\n|-damage|p1b: Malamar|0 fnt\n|faint|p1b: Malamar\n|\n|-weather|SunnyDay|[upkeep]\n|upkeep\n|\n|t:|1788381262\n|switch|p1b: Pelipper|Pelipper, L50, M|100/100\n|-weather|RainDance|[from] ability: Drizzle|[of] p1b: Pelipper\n|turn|2\n|\n|t:|1788381278\n|switch|p2b: Oranguru|Oranguru, L50, F|100/100\n|move|p2a: Charizard|Protect|p2a: Charizard\n|-singleturn|p2a: Charizard|Protect\n|move|p1b: Pelipper|Tailwind|p1b: Pelipper\n|-sidestart|p1: drevi|move: Tailwind\n|move|p1a: Dragalge|Draco Meteor|p2b: Oranguru\n|-damage|p2b: Oranguru|0 fnt\n|-boost|p1a: Dragalge|spa|2\n|faint|p2b: Oranguru\n|\n|-weather|RainDance|[upkeep]\n|upkeep\n|\n|t:|1788381290\n|switch|p2b: Sneasler|Sneasler, L50, M|100/100\n|turn|3\n|\n|t:|1788381301\n|switch|p2a: Torkoal|Torkoal, L50, F|100/100\n|-weather|SunnyDay|[from] ability: Drought|[of] p2a: Torkoal\n|move|p1b: Pelipper|Protect|p1b: Pelipper\n|-singleturn|p1b: Pelipper|Protect\n|move|p1a: Dragalge|Protect|p1a: Dragalge\n|-singleturn|p1a: Dragalge|Protect\n|move|p2b: Sneasler|Fake Out|p1a: Dragalge\n|-activate|p1a: Dragalge|move: Protect\n|\n|-weather|SunnyDay|[upkeep]\n|upkeep\n|turn|4\n|\n|t:|1788381326\n|move|p1b: Pelipper|Wide Guard|p1b: Pelipper\n|-singleturn|p1b: Pelipper|Wide Guard\n|move|p2b: Sneasler|Acid Spray|p1a: Dragalge\n|-resisted|p1a: Dragalge|1\n|-damage|p1a: Dragalge|45/100\n|-boost|p1a: Dragalge|spd|2\n|move|p1a: Dragalge|Draco Meteor|p2a: Torkoal\n|-damage|p2a: Torkoal|0 fnt\n|-boost|p1a: Dragalge|spa|2\n|faint|p2a: Torkoal\n|\n|-weather|SunnyDay|[upkeep]\n|upkeep\n|\n|t:|1788381338\n|switch|p2a: Charizard|Charizard-Mega-Y, L50, M|17/100\n|turn|5\n|\n|t:|1788381342\n|switch|p1b: Rotom|Rotom-Wash, L50|100/100\n|move|p2a: Charizard|Protect|p2a: Charizard\n|-singleturn|p2a: Charizard|Protect\n|move|p2b: Sneasler|Protect|p2b: Sneasler\n|-singleturn|p2b: Sneasler|Protect\n|move|p1a: Dragalge|Protect||[still]\n|-fail|p1a: Dragalge\n|\n|-weather|SunnyDay|[upkeep]\n|-sideend|p1: drevi|move: Tailwind\n|upkeep\n|turn|6\n|\n|t:|1788381360\n|move|p2a: Charizard|Solar Beam||[still]\n|-prepare|p2a: Charizard|Solar Beam\n|-anim|p2a: Charizard|Solar Beam|p1b: Rotom\n|-supereffective|p1b: Rotom|1\n|-damage|p1b: Rotom|0 fnt\n|faint|p1b: Rotom\n|move|p2b: Sneasler|Dire Claw|p1a: Dragalge\n|-resisted|p1a: Dragalge|1\n|-damage|p1a: Dragalge|28/100\n|-status|p1a: Dragalge|par\n|move|p1a: Dragalge|Thunderbolt|p2a: Charizard\n|-supereffective|p2a: Charizard|1\n|-damage|p2a: Charizard|0 fnt\n|faint|p2a: Charizard\n|\n|-weather|SunnyDay|[upkeep]\n|upkeep\n|\n|t:|1788381368\n|switch|p1b: Pelipper|Pelipper, L50, M|100/100\n|-weather|RainDance|[from] ability: Drizzle|[of] p1b: Pelipper\n|turn|7\n|\n|t:|1788381381\n|move|p2b: Sneasler|Dire Claw|p1a: Dragalge\n|-resisted|p1a: Dragalge|1\n|-damage|p1a: Dragalge|11/100 par\n|move|p1b: Pelipper|Hurricane|p2b: Sneasler\n|-supereffective|p2b: Sneasler|1\n|-damage|p2b: Sneasler|24/100\n|-enditem|p2b: Sneasler|Sitrus Berry|[eat]\n|-heal|p2b: Sneasler|48/100|[from] item: Sitrus Berry\n|move|p1a: Dragalge|Draco Meteor|p2b: Sneasler\n|-damage|p2b: Sneasler|0 fnt\n|faint|p2b: Sneasler\n|\n|win|drevi\n|raw|drevi's rating: 1044 &rarr; <strong>1073</strong><br />(+29 for winning)\n|raw|isen ejwqvd's rating: 1000 &rarr; <strong>1000</strong><br />(+0 for losing)\n|l|☆isen ejwqvd\n|player|p2|\n","uploadtime":1788381394,"views":"3","formatid":"gen9championsvgc2026regmb","rating":1000,"private":0,"password":null}