{"id":"gen9championsvgc2026regmbbo3-2674725966","format":"[Gen 9 Champions] VGC 2026 Reg M-B (Bo3)","players":["wolfenite","Yoghurt25"],"log":"|j|☆wolfenite\n|j|☆Yoghurt25\n|html|<table width=\"100%\"><tr><td align=\"left\">wolfenite</td><td align=\"right\">Yoghurt25</tr><tr><td align=\"left\"><i class=\"fa fa-circle\"></i> <i class=\"fa fa-circle-o\"></i> </td><td align=\"right\"><i class=\"fa fa-circle-o\"></i> <i class=\"fa fa-circle\"></i> </tr></table>\n|uhtml|bestof|<h2><strong>Game 3</strong> of <a href=\"/game-bestof3-gen9championsvgc2026regmbbo3-2674722488\">a best-of-3</a></h2>\n|t:|1788396553\n|gametype|doubles\n|player|p1|wolfenite|pokemonranger-gen4|1178\n|player|p2|Yoghurt25|101|1122\n|gen|9\n|tier|[Gen 9 Champions] VGC 2026 Reg M-B (Bo3)\n|rated|\n|rule|Species Clause: Limit one of each Pokémon\n|rule|Item Clause: Limit 1 of each item\n|clearpoke\n|poke|p1|Aerodactyl, L50, M|\n|poke|p1|Kingambit, L50, M|\n|poke|p1|Sylveon, L50, M|\n|poke|p1|Garchomp, L50, M|\n|poke|p1|Charizard, L50, M|\n|poke|p1|Incineroar, L50, M|\n|poke|p2|Sinistcha, L50|\n|poke|p2|Incineroar, L50, F|\n|poke|p2|Blaziken, L50, M|\n|poke|p2|Ninetales-Alola, L50, M|\n|poke|p2|Mawile, L50, F|\n|poke|p2|Basculegion, L50, M|\n|teampreview|4\n|showteam|p1|Aerodactyl||Aerodactylite|Unnerve|RockSlide,IceFang,Tailwind,WideGuard|Jolly||M|||50|]Kingambit||FocusSash|Defiant|KowtowCleave,SuckerPunch,IronHead,Protect|Adamant||M|||50|]Sylveon||FairyFeather|Pixilate|Detect,HyperVoice,HyperBeam,QuickAttack|Modest||M|||50|]Garchomp||LifeOrb|RoughSkin|Earthquake,DragonClaw,StompingTantrum,Protect|Jolly||M|||50|]Charizard||CharizarditeY|Blaze|Protect,HeatWave,SolarBeam,WeatherBall|Modest||M|||50|]Incineroar||SitrusBerry|Intimidate|DarkestLariat,FlareBlitz,FakeOut,PartingShot|Impish||M|||50|\n|showteam|p2|Sinistcha||KasibBerry|Hospitality|MatchaGotcha,RagePowder,TrickRoom,Protect|Relaxed|||||50|]Incineroar||SitrusBerry|Intimidate|FlareBlitz,FakeOut,PartingShot,HelpingHand|Careful||F|||50|]Blaziken||Blazikenite|SpeedBoost|CloseCombat,FlareBlitz,RockSlide,Detect|Adamant||M|||50|]Ninetales-Alola||NeverMeltIce|SnowWarning|Blizzard,FreezeDry,Encore,Protect|Timid||M|||50|]Mawile||Mawilite|HyperCutter|PlayRough,IronHead,SuckerPunch,Protect|Adamant||F|||50|]Basculegion||LifeOrb|Adaptability|WaveCrash,LastRespects,AquaJet,Protect|Adamant||M|||50|\n|inactive|Battle timer is ON: inactive players will automatically lose when time's up. (requested by wolfenite)\n|\n|t:|1788396564\n|teamsize|p1|4\n|teamsize|p2|4\n|start\n|switch|p1a: Incineroar|Incineroar, L50, M|100/100\n|switch|p1b: Aerodactyl|Aerodactyl, L50, M|100/100\n|switch|p2a: Blaziken|Blaziken, L50, M|100/100\n|switch|p2b: Incineroar|Incineroar, L50, F|100/100\n|-ability|p1b: Aerodactyl|Unnerve\n|-ability|p1a: Incineroar|Intimidate|boost\n|-unboost|p2a: Blaziken|atk|1\n|-unboost|p2b: Incineroar|atk|1\n|-ability|p2b: Incineroar|Intimidate|boost\n|-unboost|p1a: Incineroar|atk|1\n|-unboost|p1b: Aerodactyl|atk|1\n|turn|1\n|inactive|wolfenite has 30 seconds left.\n|inactive|wolfenite has 20 seconds left.\n|inactive|wolfenite has 15 seconds left.\n|inactive|wolfenite has 10 seconds left.\n|inactive|wolfenite has 5 seconds left.\n|\n|t:|1788396619\n|move|p2a: Blaziken|Detect|p2a: Blaziken\n|-singleturn|p2a: Blaziken|Protect\n|move|p2b: Incineroar|Fake Out|p1b: Aerodactyl\n|-resisted|p1b: Aerodactyl|1\n|-crit|p1b: Aerodactyl\n|-damage|p1b: Aerodactyl|90/100\n|cant|p1b: Aerodactyl|flinch\n|move|p1a: Incineroar|Darkest Lariat|p2a: Blaziken\n|-activate|p2a: Blaziken|move: Protect\n|\n|-ability|p2a: Blaziken|Speed Boost|boost\n|-boost|p2a: Blaziken|spe|1\n|upkeep\n|turn|2\n|\n|t:|1788396642\n|detailschange|p2a: Blaziken|Blaziken-Mega, L50, M\n|-mega|p2a: Blaziken|Blaziken|Blazikenite\n|move|p2b: Incineroar|Helping Hand|p2a: Blaziken\n|-singleturn|p2a: Blaziken|Helping Hand|[of] p2b: Incineroar\n|move|p2a: Blaziken|Close Combat|p1a: Incineroar\n|-supereffective|p1a: Incineroar|1\n|-damage|p1a: Incineroar|0 fnt\n|-unboost|p2a: Blaziken|def|1\n|-unboost|p2a: Blaziken|spd|1\n|faint|p1a: Incineroar\n|move|p1b: Aerodactyl|Tailwind|p1b: Aerodactyl\n|-sidestart|p1: wolfenite|move: Tailwind\n|\n|-ability|p2a: Blaziken|Speed Boost|boost\n|-boost|p2a: Blaziken|spe|1\n|upkeep\n|\n|t:|1788396650\n|switch|p1a: Sylveon|Sylveon, L50, M|100/100\n|turn|3\n|\n|t:|1788396660\n|move|p2a: Blaziken|Detect|p2a: Blaziken\n|-singleturn|p2a: Blaziken|Protect\n|move|p1b: Aerodactyl|Rock Slide|p2a: Blaziken|[spread] p2b\n|-activate|p2a: Blaziken|move: Protect\n|-supereffective|p2b: Incineroar|1\n|-damage|p2b: Incineroar|75/100\n|move|p1a: Sylveon|Hyper Voice|p2b: Incineroar|[spread] p2b\n|-activate|p2a: Blaziken|move: Protect\n|-damage|p2b: Incineroar|39/100\n|move|p2b: Incineroar|Flare Blitz|p1a: Sylveon\n|-damage|p1a: Sylveon|62/100\n|-damage|p2b: Incineroar|27/100|[from] Recoil\n|\n|-ability|p2a: Blaziken|Speed Boost|boost\n|-boost|p2a: Blaziken|spe|1\n|upkeep\n|turn|4\n|inactive|Yoghurt25 has 30 seconds left.\n|\n|t:|1788396687\n|move|p2b: Incineroar|Helping Hand|p2a: Blaziken\n|-singleturn|p2a: Blaziken|Helping Hand|[of] p2b: Incineroar\n|move|p1b: Aerodactyl|Rock Slide|p2a: Blaziken|[spread] p2a,p2b\n|-supereffective|p2b: Incineroar|1\n|-damage|p2a: Blaziken|73/100\n|-damage|p2b: Incineroar|2/100\n|cant|p2a: Blaziken|flinch\n|move|p1a: Sylveon|Hyper Voice|p2a: Blaziken|[spread] p2a,p2b\n|-damage|p2a: Blaziken|0 fnt\n|-damage|p2b: Incineroar|0 fnt\n|faint|p2a: Blaziken\n|faint|p2b: Incineroar\n|\n|upkeep\n|\n|t:|1788396701\n|switch|p2a: Ninetales|Ninetales-Alola, L50, M|100/100\n|switch|p2b: Basculegion|Basculegion, L50, M|100/100\n|-weather|Snowscape|[from] ability: Snow Warning|[of] p2a: Ninetales\n|turn|5\n|\n|t:|1788396724\n|move|p2a: Ninetales|Protect|p2a: Ninetales\n|-singleturn|p2a: Ninetales|Protect\n|move|p2b: Basculegion|Aqua Jet|p1b: Aerodactyl\n|-supereffective|p1b: Aerodactyl|1\n|-damage|p1b: Aerodactyl|0 fnt\n|faint|p1b: Aerodactyl\n|-damage|p2b: Basculegion|90/100|[from] item: Life Orb\n|move|p1a: Sylveon|Hyper Voice|p2a: Ninetales|[spread] p2b\n|-activate|p2a: Ninetales|move: Protect\n|-damage|p2b: Basculegion|42/100\n|\n|-weather|Snowscape|[upkeep]\n|-sideend|p1: wolfenite|move: Tailwind\n|upkeep\n|\n|t:|1788396744\n|switch|p1b: Charizard|Charizard, L50, M|100/100\n|turn|6\n|\n|t:|1788396758\n|detailschange|p1b: Charizard|Charizard-Mega-Y, L50, M\n|-mega|p1b: Charizard|Charizard|Charizardite Y\n|-weather|SunnyDay|[from] ability: Drought|[of] p1b: Charizard\n|move|p2a: Ninetales|Blizzard|p1a: Sylveon|[spread] p1a\n|-miss|p2a: Ninetales|p1b: Charizard\n|-damage|p1a: Sylveon|36/100\n|move|p1b: Charizard|Heat Wave|p2a: Ninetales|[spread] p2a\n|-miss|p1b: Charizard|p2b: Basculegion\n|-supereffective|p2a: Ninetales|1\n|-damage|p2a: Ninetales|0 fnt\n|faint|p2a: Ninetales\n|move|p2b: Basculegion|Last Respects|p1a: Sylveon\n|-crit|p1a: Sylveon\n|-damage|p1a: Sylveon|0 fnt\n|faint|p1a: Sylveon\n|-damage|p2b: Basculegion|32/100|[from] item: Life Orb\n|\n|-weather|SunnyDay|[upkeep]\n|upkeep\n|turn|7\n|inactive|wolfenite has 30 seconds left.\n|\n|t:|1788396786\n|move|p2b: Basculegion|Protect|p2b: Basculegion\n|-singleturn|p2b: Basculegion|Protect\n|move|p1b: Charizard|Solar Beam||[still]\n|-prepare|p1b: Charizard|Solar Beam\n|-anim|p1b: Charizard|Solar Beam|p2b: Basculegion\n|-activate|p2b: Basculegion|move: Protect\n|\n|-weather|SunnyDay|[upkeep]\n|upkeep\n|turn|8\n|inactive|Yoghurt25 has 30 seconds left.\n|\n|t:|1788396812\n|move|p2b: Basculegion|Protect||[still]\n|-fail|p2b: Basculegion\n|move|p1b: Charizard|Solar Beam||[still]\n|-prepare|p1b: Charizard|Solar Beam\n|-anim|p1b: Charizard|Solar Beam|p2b: Basculegion\n|-supereffective|p2b: Basculegion|1\n|-damage|p2b: Basculegion|0 fnt\n|faint|p2b: Basculegion\n|\n|win|wolfenite\n|raw|wolfenite's rating: 1178 &rarr; <strong>1199</strong><br />(+21 for winning)\n|raw|Yoghurt25's rating: 1122 &rarr; <strong>1101</strong><br />(-21 for losing)\n","uploadtime":1788396822,"views":"6","formatid":"gen9championsvgc2026regmbbo3","rating":1101,"private":0,"password":null}