{"id":"gen9championsvgc2026regmb-2674439046","format":"[Gen 9 Champions] VGC 2026 Reg M-B","players":["Washingtung DC","ItzS1N"],"log":"|j|☆Washingtung DC\n|j|☆ItzS1N\n|html|<table width=\"100%\"><tr><td align=\"left\">Washingtung DC</td><td align=\"right\">ItzS1N</tr><tr><td align=\"left\"><i class=\"fa fa-circle-o\"></i> <i class=\"fa fa-circle-o\"></i> </td><td align=\"right\"><i class=\"fa fa-circle-o\"></i> <i class=\"fa fa-circle-o\"></i> </tr></table>\n|uhtml|bestof|<h2><strong>Game 1</strong> of <a href=\"/game-bestof3-gen9championsvgc2026regmb-2674439045\">a best-of-3</a></h2>\n|t:|1788359932\n|gametype|doubles\n|player|p1|Washingtung DC|roughneck|\n|player|p2|ItzS1N|lucas-gen4pt|\n|gen|9\n|tier|[Gen 9 Champions] VGC 2026 Reg M-B\n|rule|Species Clause: Limit one of each Pokémon\n|rule|Item Clause: Limit 1 of each item\n|raw|<div class=\"infobox\"><details class=\"readmore\" open><summary><strong>1 custom rule:</strong></summary> Best of = 3</details></div>\n|clearpoke\n|poke|p1|Armarouge, L50, F|\n|poke|p1|Meowstic, L50, M|\n|poke|p1|Tyranitar, L50, M|\n|poke|p1|Excadrill, L50, F|\n|poke|p1|Eelektross, L50, M|\n|poke|p1|Sceptile, L50, F|\n|poke|p2|Flapple, L50, M|\n|poke|p2|Sableye, L50, M|\n|poke|p2|Staraptor, L50, F|\n|poke|p2|Kangaskhan, L50, F|\n|poke|p2|Gyarados, L50, M|\n|poke|p2|Delphox, L50, F|\n|teampreview|4\nWashingtung DC rejected open team sheets.\n|c|☆Washingtung DC|yello\n|c|☆ItzS1N|Flapple\n|c|☆Washingtung DC|gimme just 1 sec\n|c|☆ItzS1N|Flapple\n|c|☆Washingtung DC|n o\n|c|☆ItzS1N|Flapple\n|j| dvlavi\n|c|☆ItzS1N|Flapple\n|c|☆ItzS1N|Flapple\n|c|☆ItzS1N|This better have a big set up in ur YT video of this\n|c|☆Washingtung DC|lmao I am setting up obs\n|c|☆Washingtung DC|you will see my live reactions\n|c|☆ItzS1N|Cant wait for flapple to finally get to respect he deserves\n|c| dvlavi|inb4 its all a bait and he doesnt bring it\n|c|☆ItzS1N|shhhh\n|\n|t:|1788360074\n|teamsize|p1|4\n|teamsize|p2|4\n|start\n|switch|p1a: Sceptile|Sceptile, L50, F|100/100\n|switch|p1b: Armarouge|Armarouge, L50, F|100/100\n|switch|p2a: Sableye|Sableye, L50, M|100/100\n|switch|p2b: Flapple|Flapple, L50, M|100/100\n|turn|1\n|\n|t:|1788360169\n|move|p2b: Flapple|Protect|p2b: Flapple\n|-singleturn|p2b: Flapple|Protect\n|move|p1a: Sceptile|Quick Guard|p1a: Sceptile\n|-singleturn|p1a: Sceptile|Quick Guard\n|move|p2a: Sableye|Gravity|p2a: Sableye\n|-fieldstart|move: Gravity\n|move|p1b: Armarouge|Trick Room|p1b: Armarouge\n|-fieldstart|move: Trick Room|[of] p1b: Armarouge\n|\n|upkeep\n|turn|2\n|\n|t:|1788360212\n|move|p2a: Sableye|Encore|p1b: Armarouge\n|-start|p1b: Armarouge|Encore\n|-enditem|p1b: Armarouge|Mental Herb\n|-end|p1b: Armarouge|Encore\n|move|p1b: Armarouge|Heat Wave|p2a: Sableye|[spread] p2a,p2b\n|-damage|p2a: Sableye|33/100\n|-damage|p2b: Flapple|24/100\n|move|p2b: Flapple|Outrage|p1b: Armarouge\n|-damage|p1b: Armarouge|0 fnt\n|faint|p1b: Armarouge\n|-damage|p2b: Flapple|14/100|[from] item: Life Orb\n|move|p1a: Sceptile|Dragon Pulse|p2b: Flapple\n|-supereffective|p2b: Flapple|1\n|-damage|p2b: Flapple|0 fnt\n|faint|p2b: Flapple\n|\n|upkeep\n|\n|t:|1788360229\n|switch|p1b: Eelektross|Eelektross, L50, M|100/100\n|switch|p2b: Staraptor|Staraptor, L50, F|100/100\n|-ability|p2b: Staraptor|Intimidate|boost\n|-unboost|p1a: Sceptile|atk|1\n|-unboost|p1b: Eelektross|atk|1\n|turn|3\n|\n|t:|1788360287\n|detailschange|p1b: Eelektross|Eelektross-Mega, L50, M\n|-mega|p1b: Eelektross|Eelektross|Eelektrossite\n|detailschange|p2b: Staraptor|Staraptor-Mega, L50, F\n|-mega|p2b: Staraptor|Staraptor|Staraptite\n|move|p2a: Sableye|Quash|p1b: Eelektross\n|-activate|p1b: Eelektross|move: Quash\n|move|p2b: Staraptor|Close Combat|p1b: Eelektross\n|-damage|p1b: Eelektross|15/100\n|-boost|p2b: Staraptor|def|1\n|-boost|p2b: Staraptor|spd|1\n|move|p1a: Sceptile|Shed Tail|p1a: Sceptile\n|-start|p1a: Sceptile|Substitute|[from] move: Shed Tail\n|-damage|p1a: Sceptile|49/100\n|\n|t:|1788360297\n|switch|p1a: Tyranitar|Tyranitar, L50, M|100/100|[from] Shed Tail\n|-weather|Sandstorm|[from] ability: Sand Stream|[of] p1a: Tyranitar\n|move|p1b: Eelektross|Muddy Water|p2a: Sableye|[spread] p2a,p2b\n|-damage|p2a: Sableye|0 fnt\n|-damage|p2b: Staraptor|83/100\n|faint|p2a: Sableye\n|-ability|p1b: Eelektross|Eelevate|boost\n|-boost|p1b: Eelektross|spa|1\n|\n|-weather|Sandstorm|[upkeep]\n|-damage|p1b: Eelektross|8/100|[from] Sandstorm\n|-damage|p2b: Staraptor|77/100|[from] Sandstorm\n|upkeep\n|\n|t:|1788360309\n|switch|p2a: Kangaskhan|Kangaskhan, L50, F|100/100\n|turn|4\n|\n|t:|1788360330\n|move|p1b: Eelektross|Protect|p1b: Eelektross\n|-singleturn|p1b: Eelektross|Protect\n|move|p2a: Kangaskhan|Fake Out|p1a: Tyranitar\n|-resisted|p1a: Tyranitar|1\n|-activate|p1a: Tyranitar|move: Substitute|[damage]\n|move|p1a: Tyranitar|Ice Beam|p2b: Staraptor\n|-supereffective|p2b: Staraptor|1\n|-damage|p2b: Staraptor|48/100\n|move|p2b: Staraptor|Close Combat|p1b: Eelektross\n|-activate|p1b: Eelektross|move: Protect\n|\n|-weather|Sandstorm|[upkeep]\n|-damage|p1b: Eelektross|2/100|[from] Sandstorm\n|-damage|p2a: Kangaskhan|93/100|[from] Sandstorm\n|-damage|p2b: Staraptor|42/100|[from] Sandstorm\n|upkeep\n|turn|5\n|\n|t:|1788360357\n|move|p2b: Staraptor|Protect|p2b: Staraptor\n|-singleturn|p2b: Staraptor|Protect\n|move|p1a: Tyranitar|Stone Edge|p2a: Kangaskhan\n|-damage|p2a: Kangaskhan|43/100\n|move|p1b: Eelektross|Thunderbolt|p2a: Kangaskhan\n|-damage|p2a: Kangaskhan|0 fnt\n|faint|p2a: Kangaskhan\n|-ability|p1b: Eelektross|Eelevate|boost\n|-boost|p1b: Eelektross|spa|1\n|\n|-weather|Sandstorm|[upkeep]\n|-damage|p1b: Eelektross|0 fnt|[from] Sandstorm\n|-damage|p2b: Staraptor|36/100|[from] Sandstorm\n|faint|p1b: Eelektross\n|-fieldend|move: Trick Room\n|-fieldend|move: Gravity\n|upkeep\n|\n|t:|1788360363\n|switch|p1b: Sceptile|Sceptile, L50, F|49/100\n|turn|6\n|\n|t:|1788360385\n|move|p1b: Sceptile|Dragon Pulse|p2b: Staraptor\n|-damage|p2b: Staraptor|18/100\n|move|p2b: Staraptor|Close Combat|p1b: Sceptile\n|-damage|p1b: Sceptile|0 fnt\n|-boost|p2b: Staraptor|def|1\n|-boost|p2b: Staraptor|spd|1\n|faint|p1b: Sceptile\n|move|p1a: Tyranitar|Ice Beam|p2b: Staraptor\n|-supereffective|p2b: Staraptor|1\n|-damage|p2b: Staraptor|0 fnt\n|faint|p2b: Staraptor\n|\n|win|Washingtung DC\n|c|☆Washingtung DC|gg\n||Washingtung DC is ready for game 2.\n|inactive|ItzS1N has 30 seconds to confirm battle start!\n||ItzS1N is ready for game 2.\n|uhtml|next|Next: <a href=\"/battle-gen9championsvgc2026regmb-2674442966\"><strong>Game 2 of 3</strong></a>\n|j| SGEPKC203\n|l|☆ItzS1N\n|player|p2|\n|l| SGEPKC203\n|l| dvlavi\n|j|☆ItzS1N\n|player|p2|ItzS1N|lucas-gen4pt|\n","uploadtime":1788360897,"views":"11","formatid":"gen9championsvgc2026regmb","rating":null,"private":0,"password":null}