{"id":"gen9championsvgc2026regmb-2674732345","format":"[Gen 9 Champions] VGC 2026 Reg M-B","players":["SalvadorDS","prasp14"],"log":"|j|☆SalvadorDS\n|j|☆prasp14\n|t:|1788397547\n|gametype|doubles\n|player|p1|SalvadorDS|burglar|1013\n|player|p2|prasp14|clair|1101\n|gen|9\n|tier|[Gen 9 Champions] VGC 2026 Reg M-B\n|rated|\n|rule|Species Clause: Limit one of each Pokémon\n|rule|Item Clause: Limit 1 of each item\n|clearpoke\n|poke|p1|Hydreigon, L50, F|\n|poke|p1|Overqwil, L50, M|\n|poke|p1|Scovillain, L50, M|\n|poke|p1|Klefki, L50, F|\n|poke|p1|Politoed, L50, F, shiny|\n|poke|p1|Vaporeon, L50, M, shiny|\n|poke|p2|Garchomp, L50, F, shiny|\n|poke|p2|Gholdengo, L50, shiny|\n|poke|p2|Sneasler, L50, M, shiny|\n|poke|p2|Raichu, L50, M, shiny|\n|poke|p2|Sylveon, L50, F, shiny|\n|poke|p2|Whimsicott, L50, F, shiny|\n|teampreview|4\n|inactive|Battle timer is ON: inactive players will automatically lose when time's up. (requested by SalvadorDS)\n|inactive|prasp14 also wants the timer to be on.\n|c|☆prasp14|gl\n|inactive|SalvadorDS has 60 seconds left.\n|inactive|prasp14 has 60 seconds left.\n|c|☆SalvadorDS|u2\n|\n|t:|1788397585\n|teamsize|p1|4\n|teamsize|p2|4\n|start\n|switch|p1a: Triton|Vaporeon, L50, M, shiny|100/100\n|switch|p1b: Chiloco|Scovillain, L50, M|100/100\n|switch|p2a: Sneasler|Sneasler, L50, M, shiny|100/100\n|switch|p2b: Gholdengo|Gholdengo, L50, shiny|100/100\n|turn|1\n|\n|t:|1788397605\n|detailschange|p1b: Chiloco|Scovillain-Mega, L50, M\n|-mega|p1b: Chiloco|Scovillain|Scovillainite\n|move|p2a: Sneasler|Fake Out|p1a: Triton\n|-damage|p1a: Triton|84/100\n|move|p2b: Gholdengo|Nasty Plot|p2b: Gholdengo\n|-boost|p2b: Gholdengo|spa|2\n|move|p1b: Chiloco|Flare Blitz|p2b: Gholdengo\n|-supereffective|p2b: Gholdengo|1\n|-damage|p2b: Gholdengo|0 fnt\n|faint|p2b: Gholdengo\n|-damage|p1b: Chiloco|69/100|[from] Recoil\n|cant|p1a: Triton|flinch\n|\n|-heal|p1a: Triton|90/100|[from] item: Leftovers\n|upkeep\n|\n|t:|1788397617\n|switch|p2b: Raichu|Raichu, L50, M, shiny|100/100\n|turn|2\n|\n|t:|1788397637\n|switch|p1b: Ki|Klefki, L50, F|100/100\n|switch|p1a: Mandibulas|Hydreigon, L50, F|100/100\n|move|p2b: Raichu|Protect|p2b: Raichu\n|-singleturn|p2b: Raichu|Protect\n|move|p2a: Sneasler|Dire Claw|p1b: Ki\n|-immune|p1b: Ki\n|\n|upkeep\n|turn|3\n|\n|t:|1788397653\n|switch|p1b: Triton|Vaporeon, L50, M, shiny|90/100\n|detailschange|p2b: Raichu|Raichu-Mega-Y, L50, M, shiny\n|-mega|p2b: Raichu|Raichu|Raichunite Y\n|move|p1a: Mandibulas|Surf|p2a: Sneasler|[spread] p2a,p2b\n|-heal|p1b: Triton|100/100|[from] ability: Water Absorb|[of] p1a: Mandibulas\n|-damage|p2a: Sneasler|70/100\n|-damage|p2b: Raichu|61/100\n|move|p2b: Raichu|Zap Cannon|p1b: Triton\n|-supereffective|p1b: Triton|1\n|-damage|p1b: Triton|15/100\n|-status|p1b: Triton|par\n|move|p2a: Sneasler|Close Combat|p1a: Mandibulas\n|-supereffective|p1a: Mandibulas|1\n|-damage|p1a: Mandibulas|0 fnt\n|-unboost|p2a: Sneasler|def|1\n|-unboost|p2a: Sneasler|spd|1\n|faint|p1a: Mandibulas\n|-enditem|p2a: Sneasler|White Herb\n|-clearnegativeboost|p2a: Sneasler|[silent]\n|\n|-heal|p1b: Triton|21/100 par|[from] item: Leftovers\n|upkeep\n|\n|t:|1788397678\n|switch|p1a: Ki|Klefki, L50, F|100/100\n|turn|4\n|\n|t:|1788397692\n|switch|p1b: Chiloco|Scovillain-Mega, L50, M|69/100\n|move|p1a: Ki|Calm Mind|p1a: Ki\n|-boost|p1a: Ki|spa|1\n|-boost|p1a: Ki|spd|1\n|move|p2a: Sneasler|Close Combat|p1a: Ki\n|-damage|p1a: Ki|46/100\n|-unboost|p2a: Sneasler|def|1\n|-unboost|p2a: Sneasler|spd|1\n|move|p2b: Raichu|Zap Cannon|p1a: Ki\n|-damage|p1a: Ki|0 fnt\n|faint|p1a: Ki\n|\n|upkeep\n|c|☆prasp14|um gg\n|\n|t:|1788397705\n|switch|p1a: Triton|Vaporeon, L50, M, shiny|21/100 par\n|turn|5\n|\n|t:|1788397712\n|move|p1b: Chiloco|Rage Powder|p1b: Chiloco\n|-singleturn|p1b: Chiloco|move: Rage Powder\n|move|p2a: Sneasler|Dire Claw|p1b: Chiloco\n|-supereffective|p1b: Chiloco|1\n|-damage|p1b: Chiloco|0 fnt\n|-status|p2a: Sneasler|brn|[from] ability: Spicy Spray|[of] p1b: Chiloco\n|faint|p1b: Chiloco\n|move|p2b: Raichu|Zap Cannon|p1a: Triton\n|-supereffective|p1a: Triton|1\n|-damage|p1a: Triton|0 fnt\n|faint|p1a: Triton\n|\n|win|prasp14\n|raw|SalvadorDS's rating: 1013 &rarr; <strong>1004</strong><br />(-9 for losing)\n|raw|prasp14's rating: 1101 &rarr; <strong>1120</strong><br />(+19 for winning)\n","uploadtime":1788397720,"views":"7","formatid":"gen9championsvgc2026regmb","rating":1004,"private":0,"password":null}