{"id":"gen9championsvgc2026regmb-2674560013","format":"[Gen 9 Champions] VGC 2026 Reg M-B","players":["Saymonster","Noobiedoobie537"],"log":"|j|☆Saymonster\n|j|☆Noobiedoobie537\n|t:|1788373972\n|gametype|doubles\n|player|p1|Saymonster|shadowtriad|1205\n|player|p2|Noobiedoobie537|lucas-gen4pt|1302\n|gen|9\n|tier|[Gen 9 Champions] VGC 2026 Reg M-B\n|rated|\n|rule|Species Clause: Limit one of each Pokémon\n|rule|Item Clause: Limit 1 of each item\n|clearpoke\n|poke|p1|Tsareena, L50, F|\n|poke|p1|Bellibolt, L50, F|\n|poke|p1|Arcanine, L50, F|\n|poke|p1|Sylveon, L50, F|\n|poke|p1|Mudsdale, L50, F|\n|poke|p1|Raichu, L50, F|\n|poke|p2|Reuniclus, L50, M, shiny|\n|poke|p2|Farigiraf, L50, M|\n|poke|p2|Sneasler, L50, M|\n|poke|p2|Pelipper, L50, M|\n|poke|p2|Swampert, L50, M|\n|poke|p2|Mawile, L50, F|\n|teampreview|4\n|inactive|Battle timer is ON: inactive players will automatically lose when time's up. (requested by Noobiedoobie537)\n|inactive|Saymonster has 60 seconds left.\n|inactive|Saymonster has 30 seconds left.\n|inactive|Saymonster has 20 seconds left.\n|\n|t:|1788374058\n|teamsize|p1|4\n|teamsize|p2|4\n|start\n|switch|p1a: Tsareena|Tsareena, L50, F|100/100\n|switch|p1b: Sylveon|Sylveon, L50, F|100/100\n|switch|p2a: fraud|Pelipper, L50, M|100/100\n|switch|p2b: john wave crash|Swampert, L50, M|100/100\n|-weather|RainDance|[from] ability: Drizzle|[of] p2a: fraud\n|turn|1\n|\n|t:|1788374077\n|detailschange|p2b: john wave crash|Swampert-Mega, L50, M\n|-mega|p2b: john wave crash|Swampert|Swampertite\n|move|p2b: john wave crash|Protect|p2b: john wave crash\n|-singleturn|p2b: john wave crash|Protect\n|move|p1a: Tsareena|Power Whip|p2b: john wave crash\n|-activate|p2b: john wave crash|move: Protect\n|move|p2a: fraud|Tailwind|p2a: fraud\n|-sidestart|p2: Noobiedoobie537|move: Tailwind\n|move|p1b: Sylveon|Hyper Voice|p2b: john wave crash|[spread] p2a\n|-activate|p2b: john wave crash|move: Protect\n|-damage|p2a: fraud|38/100\n|\n|-weather|RainDance|[upkeep]\n|upkeep\n|turn|2\n|inactive|Saymonster has 30 seconds left.\n|inactive|Saymonster has 20 seconds left.\n|\n|t:|1788374117\n|move|p2b: john wave crash|Wave Crash|p1b: Sylveon\n|-damage|p1b: Sylveon|0 fnt\n|faint|p1b: Sylveon\n|-damage|p2b: john wave crash|65/100|[from] Recoil\n|move|p2a: fraud|Hurricane|p1a: Tsareena\n|-supereffective|p1a: Tsareena|1\n|-damage|p1a: Tsareena|0 fnt\n|faint|p1a: Tsareena\n|\n|-weather|RainDance|[upkeep]\n|upkeep\n|\n|t:|1788374121\n|switch|p1a: Arcanine|Arcanine, L50, F|100/100\n|switch|p1b: Raichu|Raichu, L50, F|100/100\n|-ability|p1a: Arcanine|Intimidate|boost\n|-unboost|p2a: fraud|atk|1\n|-unboost|p2b: john wave crash|atk|1\n|turn|3\n|\n|t:|1788374138\n|move|p2a: fraud|Protect|p2a: fraud\n|-singleturn|p2a: fraud|Protect\n|move|p1b: Raichu|Fake Out|p2b: john wave crash\n|-damage|p2b: john wave crash|58/100\n|move|p1a: Arcanine|Extreme Speed|p2a: fraud\n|-activate|p2a: fraud|move: Protect\n|cant|p2b: john wave crash|flinch\n|\n|-weather|RainDance|[upkeep]\n|upkeep\n|turn|4\n|inactive|Saymonster has 30 seconds left.\n|\n|t:|1788374170\n|detailschange|p1b: Raichu|Raichu-Mega-X, L50, F\n|-mega|p1b: Raichu|Raichu|Raichunite X\n|-fieldstart|move: Electric Terrain|[from] ability: Electric Surge|[of] p1b: Raichu\n|move|p2b: john wave crash|Earthquake|p1a: Arcanine|[spread] p1a,p1b\n|-immune|p2a: fraud\n|-supereffective|p1a: Arcanine|1\n|-supereffective|p1b: Raichu|1\n|-damage|p1a: Arcanine|23/100\n|-damage|p1b: Raichu|22/100\n|move|p1b: Raichu|Rising Voltage|p2a: fraud\n|-supereffective|p2a: fraud|2\n|-damage|p2a: fraud|0 fnt\n|faint|p2a: fraud\n|move|p1a: Arcanine|Scorching Sands|p2b: john wave crash\n|-damage|p2b: john wave crash|34/100\n|-damage|p1a: Arcanine|13/100|[from] item: Life Orb\n|\n|-weather|RainDance|[upkeep]\n|-sideend|p2: Noobiedoobie537|move: Tailwind\n|upkeep\n|\n|t:|1788374182\n|switch|p2a: evil mf|Sneasler, L50, M|100/100\n|turn|5\n|\n|t:|1788374196\n|move|p1b: Raichu|Protect|p1b: Raichu\n|-singleturn|p1b: Raichu|Protect\n|move|p1a: Arcanine|Protect|p1a: Arcanine\n|-singleturn|p1a: Arcanine|Protect\n|move|p2a: evil mf|Fake Out|p1a: Arcanine\n|-activate|p1a: Arcanine|move: Protect\n|move|p2b: john wave crash|Wave Crash|p1b: Raichu\n|-activate|p1b: Raichu|move: Protect\n|\n|-weather|none\n|upkeep\n|turn|6\n|\n|t:|1788374219\n|move|p2b: john wave crash|Protect|p2b: john wave crash\n|-singleturn|p2b: john wave crash|Protect\n|move|p1a: Arcanine|Extreme Speed|p2b: john wave crash\n|-activate|p2b: john wave crash|move: Protect\n|move|p1b: Raichu|Encore|p2a: evil mf\n|-start|p2a: evil mf|Encore\n|move|p2a: evil mf|Fake Out||[still]\n|-hint|Fake Out only works on your first turn out.\n|-fail|p2a: evil mf\n|\n|upkeep\n|turn|7\n|\n|t:|1788374242\n|switch|p2a: Harryhardtr|Farigiraf, L50, M|100/100\n|move|p1b: Raichu|Encore|p2b: john wave crash\n|-start|p2b: john wave crash|Encore\n|move|p2b: john wave crash|Protect||[still]\n|-fail|p2b: john wave crash\n|move|p1a: Arcanine|Scorching Sands|p2a: Harryhardtr\n|-damage|p2a: Harryhardtr|74/100\n|-status|p2a: Harryhardtr|brn\n|-damage|p1a: Arcanine|4/100|[from] item: Life Orb\n|\n|-damage|p2a: Harryhardtr|68/100 brn|[from] brn\n|upkeep\n|turn|8\n|\n|t:|1788374263\n|switch|p2b: evil mf|Sneasler, L50, M|100/100\n|move|p1b: Raichu|Rising Voltage|p2a: Harryhardtr\n|-hint|Rising Voltage's BP doubled on grounded target.\n|-damage|p2a: Harryhardtr|7/100 brn\n|-enditem|p2a: Harryhardtr|Sitrus Berry|[eat]\n|-heal|p2a: Harryhardtr|32/100 brn|[from] item: Sitrus Berry\n|move|p1a: Arcanine|Heat Wave|p2a: Harryhardtr|[spread] p2a,p2b\n|-damage|p2a: Harryhardtr|0 fnt\n|-damage|p2b: evil mf|45/100\n|faint|p2a: Harryhardtr\n|-damage|p1a: Arcanine|0 fnt|[from] item: Life Orb\n|faint|p1a: Arcanine\n|\n|-fieldend|move: Electric Terrain\n|upkeep\n|\n|t:|1788374272\n|switch|p2a: john wave crash|Swampert-Mega, L50, M|34/100\n|turn|9\n|\n|t:|1788374282\n|move|p2b: evil mf|Fake Out|p1b: Raichu\n|-damage|p1b: Raichu|1/100\n|cant|p1b: Raichu|flinch\n|move|p2a: john wave crash|Wave Crash|p1b: Raichu\n|-damage|p1b: Raichu|0 fnt\n|faint|p1b: Raichu\n|-damage|p2a: john wave crash|33/100|[from] Recoil\n|\n|win|Noobiedoobie537\n|raw|Saymonster's rating: 1205 &rarr; <strong>1187</strong><br />(-18 for losing)\n|raw|Noobiedoobie537's rating: 1302 &rarr; <strong>1317</strong><br />(+15 for winning)\n|l|☆Saymonster\n|player|p1|\n","uploadtime":1788374287,"views":"0","formatid":"gen9championsvgc2026regmb","rating":1187,"private":0,"password":null}