{"id":"gen9championsvgc2026regmb-2674654663","format":"[Gen 9 Champions] VGC 2026 Reg M-B","players":["PokemonRangerJon","thr33zz"],"log":"|j|☆PokemonRangerJon\n|j|☆thr33zz\n|t:|1788385744\n|gametype|doubles\n|player|p1|PokemonRangerJon|pokemonranger-gen4|1155\n|player|p2|thr33zz|101|1239\n|gen|9\n|tier|[Gen 9 Champions] VGC 2026 Reg M-B\n|rated|\n|rule|Species Clause: Limit one of each Pokémon\n|rule|Item Clause: Limit 1 of each item\n|clearpoke\n|poke|p1|Floette-Eternal, L50, F|\n|poke|p1|Feraligatr, L50, M|\n|poke|p1|Incineroar, L50, M|\n|poke|p1|Sneasler, L50, F|\n|poke|p1|Arcanine-Hisui, L50, F|\n|poke|p1|Azumarill, L50, M|\n|poke|p2|Tyranitar, L50, M|\n|poke|p2|Sinistcha, L50|\n|poke|p2|Gholdengo, L50|\n|poke|p2|Primarina, L50, M|\n|poke|p2|Whimsicott, L50, F, shiny|\n|poke|p2|Steelix, L50, F|\n|teampreview|4\n|inactive|Battle timer is ON: inactive players will automatically lose when time's up. (requested by PokemonRangerJon)\nPokemonRangerJon rejected open team sheets.\n|inactive|thr33zz has 60 seconds left.\n|\n|t:|1788385783\n|teamsize|p1|4\n|teamsize|p2|4\n|start\n|switch|p1a: Sneasler|Sneasler, L50, F|100/100\n|switch|p1b: Incineroar|Incineroar, L50, M|100/100\n|switch|p2a: Whimsicott|Whimsicott, L50, F, shiny|100/100\n|switch|p2b: Gholdengo|Gholdengo, L50|100/100\n|-ability|p1b: Incineroar|Intimidate|boost\n|-unboost|p2a: Whimsicott|atk|1\n|-unboost|p2b: Gholdengo|atk|1\n|-enditem|p2b: Gholdengo|White Herb\n|-clearnegativeboost|p2b: Gholdengo|[silent]\n|turn|1\n|inactive|PokemonRangerJon has 30 seconds left.\n|inactive|thr33zz has 30 seconds left.\n|\n|t:|1788385816\n|switch|p2b: Primarina|Primarina, L50, M|100/100\n|move|p2a: Whimsicott|Protect|p2a: Whimsicott\n|-singleturn|p2a: Whimsicott|Protect\n|move|p1a: Sneasler|Protect|p1a: Sneasler\n|-singleturn|p1a: Sneasler|Protect\n|move|p1b: Incineroar|Flare Blitz|p2b: Primarina\n|-resisted|p2b: Primarina|1\n|-damage|p2b: Primarina|69/100\n|-damage|p1b: Incineroar|90/100|[from] Recoil\n|\n|upkeep\n|turn|2\n|inactive|PokemonRangerJon has 30 seconds left.\n|\n|t:|1788385849\n|move|p2b: Primarina|Protect|p2b: Primarina\n|-singleturn|p2b: Primarina|Protect\n|move|p2a: Whimsicott|Tailwind|p2a: Whimsicott\n|-sidestart|p2: thr33zz|move: Tailwind\n|move|p1a: Sneasler|Dire Claw|p2b: Primarina\n|-activate|p2b: Primarina|move: Protect\n|move|p1b: Incineroar|Flare Blitz|p2b: Primarina\n|-activate|p2b: Primarina|move: Protect\n|\n|upkeep\n|turn|3\n|inactive|PokemonRangerJon has 30 seconds left.\n|\n|t:|1788385879\n|move|p1a: Sneasler|Protect|p1a: Sneasler\n|-singleturn|p1a: Sneasler|Protect\n|move|p2a: Whimsicott|Dazzling Gleam|p1b: Incineroar|[spread] p1b\n|-activate|p1a: Sneasler|move: Protect\n|-damage|p1b: Incineroar|67/100\n|move|p2b: Primarina|Hyper Voice|p1b: Incineroar|[spread] p1b\n|-activate|p1a: Sneasler|move: Protect\n|-supereffective|p1b: Incineroar|1\n|-damage|p1b: Incineroar|0 fnt\n|faint|p1b: Incineroar\n|-damage|p2b: Primarina|59/100|[from] item: Life Orb\n|\n|upkeep\n|\n|t:|1788385880\n|switch|p1b: Arcanine|Arcanine-Hisui, L50, F|100/100\n|turn|4\n|inactive|PokemonRangerJon has 30 seconds left.\n|\n|t:|1788385909\n|move|p1b: Arcanine|Protect|p1b: Arcanine\n|-singleturn|p1b: Arcanine|Protect\n|move|p2a: Whimsicott|Encore|p1a: Sneasler\n|-start|p1a: Sneasler|Encore\n|move|p1a: Sneasler|Protect||[still]\n|-fail|p1a: Sneasler\n|move|p2b: Primarina|Hyper Voice|p1b: Arcanine|[spread] p1a\n|-activate|p1b: Arcanine|move: Protect\n|-damage|p1a: Sneasler|38/100\n|-damage|p2b: Primarina|50/100g|[from] item: Life Orb\n|\n|upkeep\n|turn|5\n|inactive|PokemonRangerJon has 30 seconds left.\n|inactive|thr33zz has 30 seconds left.\n|\n|t:|1788385936\n|move|p1a: Sneasler|Protect|p1a: Sneasler\n|-singleturn|p1a: Sneasler|Protect\n|move|p1b: Arcanine|Extreme Speed|p2a: Whimsicott\n|-damage|p2a: Whimsicott|45/100\n|-damage|p1b: Arcanine|90/100|[from] item: Life Orb\n|move|p2a: Whimsicott|Encore|p1b: Arcanine\n|-start|p1b: Arcanine|Encore\n|move|p2b: Primarina|Dazzling Gleam|p1b: Arcanine|[spread] p1b\n|-activate|p1a: Sneasler|move: Protect\n|-resisted|p1b: Arcanine|1\n|-damage|p1b: Arcanine|65/100\n|-damage|p2b: Primarina|40/100|[from] item: Life Orb\n|\n|-sideend|p2: thr33zz|move: Tailwind\n|upkeep\n|turn|6\n|inactive|PokemonRangerJon has 30 seconds left.\n|inactive|thr33zz has 30 seconds left.\n|\n|t:|1788385967\n|switch|p1a: Floette|Floette-Eternal, L50, F|100/100\n|switch|p2b: Sinistcha|Sinistcha, L50|100/100\n|-heal|p2a: Whimsicott|69/100|[from] ability: Hospitality|[of] p2b: Sinistcha\n|move|p1b: Arcanine|Extreme Speed|p2b: Sinistcha\n|-immune|p2b: Sinistcha\n|move|p2a: Whimsicott|Tailwind|p2a: Whimsicott\n|-sidestart|p2: thr33zz|move: Tailwind\n|\n|upkeep\n|turn|7\n|inactive|PokemonRangerJon has 30 seconds left.\n|\n|t:|1788385993\n|detailschange|p1a: Floette|Floette-Mega, L50, F\n|-mega|p1a: Floette|Floette|Floettite\n|-ability|p1a: Floette|Fairy Aura\n|move|p2a: Whimsicott|Protect|p2a: Whimsicott\n|-singleturn|p2a: Whimsicott|Protect\n|move|p1b: Arcanine|Extreme Speed|p2a: Whimsicott\n|-activate|p2a: Whimsicott|move: Protect\n|move|p2b: Sinistcha|Matcha Gotcha|p1b: Arcanine|[spread] p1a,p1b\n|-damage|p1a: Floette|73/100\n|-damage|p1b: Arcanine|27/100\n|move|p1a: Floette|Moonblast|p2b: Sinistcha\n|-damage|p2b: Sinistcha|5/100\n|-enditem|p2b: Sinistcha|Sitrus Berry|[eat]\n|-heal|p2b: Sinistcha|30/100|[from] item: Sitrus Berry\n|\n|upkeep\n|turn|8\n|inactive|PokemonRangerJon has 30 seconds left.\n|inactive|thr33zz has 30 seconds left.\n|\n|t:|1788386024\n|switch|p2a: Gholdengo|Gholdengo, L50|100/100\n|switch|p1b: Sneasler|Sneasler, L50, F|38/100\n|move|p2b: Sinistcha|Matcha Gotcha|p1a: Floette|[spread] p1a,p1b\n|-resisted|p1b: Sneasler|1\n|-damage|p1a: Floette|45/100\n|-heal|p2b: Sinistcha|42/100|[from] drain|[of] p1a: Floette\n|-damage|p1b: Sneasler|17/100\n|-heal|p2b: Sinistcha|52/100|[from] drain|[of] p1b: Sneasler\n|-status|p1a: Floette|brn\n|move|p1a: Floette|Dazzling Gleam|p2b: Sinistcha|[spread] p2a,p2b\n|-resisted|p2a: Gholdengo|1\n|-damage|p2a: Gholdengo|72/100\n|-damage|p2b: Sinistcha|0 fnt\n|faint|p2b: Sinistcha\n|\n|-damage|p1a: Floette|39/100 brn|[from] brn\n|upkeep\n|\n|t:|1788386042\n|switch|p2b: Whimsicott|Whimsicott, L50, F, shiny|69/100\n|turn|9\n|inactive|PokemonRangerJon has 30 seconds left.\n|\n|t:|1788386075\n|move|p2b: Whimsicott|Protect|p2b: Whimsicott\n|-singleturn|p2b: Whimsicott|Protect\n|move|p1a: Floette|Protect|p1a: Floette\n|-singleturn|p1a: Floette|Protect\n|move|p1b: Sneasler|Fake Out|p2b: Whimsicott\n|-activate|p2b: Whimsicott|move: Protect\n|move|p2a: Gholdengo|Shadow Ball|p1a: Floette\n|-activate|p1a: Floette|move: Protect\n|\n|-damage|p1a: Floette|33/100 brn|[from] brn\n|-sideend|p2: thr33zz|move: Tailwind\n|upkeep\n|turn|10\n|inactive|PokemonRangerJon has 30 seconds left.\n|\n|t:|1788386109\n|move|p1b: Sneasler|Protect|p1b: Sneasler\n|-singleturn|p1b: Sneasler|Protect\n|move|p2b: Whimsicott|Encore|p1a: Floette\n|-start|p1a: Floette|Encore\n|move|p1a: Floette|Protect||[still]\n|-fail|p1a: Floette\n|move|p2a: Gholdengo|Shadow Ball|p1b: Sneasler\n|-activate|p1b: Sneasler|move: Protect\n|\n|-damage|p1a: Floette|27/100 brn|[from] brn\n|upkeep\n|turn|11\n|inactive|PokemonRangerJon has 30 seconds left.\n|inactive|thr33zz has 30 seconds left.\n|\n|t:|1788386136\n|move|p1a: Floette|Protect|p1a: Floette\n|-singleturn|p1a: Floette|Protect\n|move|p2b: Whimsicott|Tailwind|p2b: Whimsicott\n|-sidestart|p2: thr33zz|move: Tailwind\n|move|p2a: Gholdengo|Shadow Ball|p1b: Sneasler\n|-damage|p1b: Sneasler|0 fnt\n|faint|p1b: Sneasler\n|\n|-damage|p1a: Floette|21/100 brn|[from] brn\n|upkeep\n|\n|t:|1788386136\n|switch|p1b: Arcanine|Arcanine-Hisui, L50, F|27/100\n|turn|12\n|inactive|PokemonRangerJon has 30 seconds left.\n|inactive|thr33zz has 30 seconds left.\n|\n|t:|1788386166\n|move|p2b: Whimsicott|Protect|p2b: Whimsicott\n|-singleturn|p2b: Whimsicott|Protect\n|move|p1a: Floette|Protect||[still]\n|-fail|p1a: Floette\n|move|p2a: Gholdengo|Make It Rain|p1a: Floette|[spread] p1a,p1b\n|-supereffective|p1a: Floette|1\n|-damage|p1a: Floette|0 fnt\n|-damage|p1b: Arcanine|0 fnt\n|-unboost|p2a: Gholdengo|spa|2\n|faint|p1a: Floette\n|faint|p1b: Arcanine\n|\n|win|thr33zz\n|raw|PokemonRangerJon's rating: 1155 &rarr; <strong>1136</strong><br />(-19 for losing)\n|raw|thr33zz's rating: 1239 &rarr; <strong>1258</strong><br />(+19 for winning)\n","uploadtime":1788386175,"views":"10","formatid":"gen9championsvgc2026regmb","rating":1136,"private":0,"password":null}