{"id":"gen9championsvgc2026regmb-2673952856","format":"[Gen 9 Champions] VGC 2026 Reg M-B","players":["Frank-alf","notbloodmask"],"log":"|j|☆Frank-alf\n|j|☆notbloodmask\n|t:|1788281163\n|gametype|doubles\n|player|p1|Frank-alf|265|1122\n|player|p2|notbloodmask|unknown|1111\n|gen|9\n|tier|[Gen 9 Champions] VGC 2026 Reg M-B\n|rated|\n|rule|Species Clause: Limit one of each Pokémon\n|rule|Item Clause: Limit 1 of each item\n|clearpoke\n|poke|p1|Basculegion, L50, M|\n|poke|p1|Floette-Eternal, L50, F|\n|poke|p1|Kingambit, L50, M|\n|poke|p1|Dragonite, L50, M, shiny|\n|poke|p1|Whimsicott, L50, F|\n|poke|p1|Sneasler, L50, M|\n|poke|p2|Rotom-Wash, L50|\n|poke|p2|Garchomp, L50, M|\n|poke|p2|Incineroar, L50, M|\n|poke|p2|Sinistcha, L50|\n|poke|p2|Venusaur, L50, F|\n|poke|p2|Dragapult, L50, M|\n|teampreview|4\n|inactive|Battle timer is ON: inactive players will automatically lose when time's up. (requested by Frank-alf)\n|inactive|Frank-alf has 60 seconds left.\n|inactive|notbloodmask has 60 seconds left.\n|inactive|Frank-alf has 30 seconds left.\n|\n|t:|1788281230\n|teamsize|p1|4\n|teamsize|p2|4\n|start\n|switch|p1a: Whimsicott|Whimsicott, L50, F|100/100\n|switch|p1b: Dragonite|Dragonite, L50, M, shiny|100/100\n|switch|p2a: Garchomp|Garchomp, L50, M|100/100\n|switch|p2b: Incineroar|Incineroar, L50, M|100/100\n|-ability|p2b: Incineroar|Intimidate|boost\n|-unboost|p1a: Whimsicott|atk|1\n|-unboost|p1b: Dragonite|atk|1\n|turn|1\n|inactive|notbloodmask has 30 seconds left.\n|inactive|notbloodmask has 20 seconds left.\n|inactive|notbloodmask has 15 seconds left.\n|\n|t:|1788281272\n|switch|p2a: Venusaur|Venusaur, L50, F|100/100\n|detailschange|p1b: Dragonite|Dragonite-Mega, L50, M, shiny\n|-mega|p1b: Dragonite|Dragonite|Dragoninite\n|move|p1a: Whimsicott|Protect|p1a: Whimsicott\n|-singleturn|p1a: Whimsicott|Protect\n|move|p1b: Dragonite|Protect|p1b: Dragonite\n|-singleturn|p1b: Dragonite|Protect\n|move|p2b: Incineroar|Flare Blitz|p1a: Whimsicott\n|-activate|p1a: Whimsicott|move: Protect\n|\n|upkeep\n|turn|2\n|inactive|Frank-alf has 30 seconds left.\n|inactive|Frank-alf has 20 seconds left.\n|inactive|Frank-alf has 15 seconds left.\n|inactive|Frank-alf has 10 seconds left.\n|\n|t:|1788281321\n|switch|p1a: Basculegion|Basculegion, L50, M|100/100\n|detailschange|p2a: Venusaur|Venusaur-Mega, L50, F\n|-mega|p2a: Venusaur|Venusaur|Venusaurite\n|move|p1b: Dragonite|Heat Wave|p2b: Incineroar|[spread] p2a,p2b\n|-supereffective|p2a: Venusaur|1\n|-resisted|p2b: Incineroar|1\n|-damage|p2a: Venusaur|76/100\n|-damage|p2b: Incineroar|88/100\n|move|p2a: Venusaur|Sludge Bomb|p1a: Basculegion\n|-resisted|p1a: Basculegion|1\n|-damage|p1a: Basculegion|76/100\n|move|p2b: Incineroar|Parting Shot|p1b: Dragonite\n|-unboost|p1b: Dragonite|atk|1\n|-unboost|p1b: Dragonite|spa|1\n|\n|t:|1788281334\n|switch|p2b: Garchomp|Garchomp, L50, M|100/100|[from] Parting Shot\n|\n|upkeep\n|turn|3\n|inactive|notbloodmask has 30 seconds left.\n|\n|t:|1788281360\n|switch|p2b: Rotom|Rotom-Wash, L50|100/100\n|switch|p1a: Whimsicott|Whimsicott, L50, F|100/100\n|move|p1b: Dragonite|Protect|p1b: Dragonite\n|-singleturn|p1b: Dragonite|Protect\n|move|p2a: Venusaur|Sleep Powder|p1b: Dragonite\n|-activate|p1b: Dragonite|move: Protect\n|\n|upkeep\n|turn|4\n|inactive|Frank-alf has 30 seconds left.\n|inactive|Frank-alf has 20 seconds left.\n|inactive|Frank-alf has 15 seconds left.\n|inactive|Frank-alf has 10 seconds left.\n|\n|t:|1788281406\n|switch|p1b: Kingambit|Kingambit, L50, M|100/100\n|move|p1a: Whimsicott|Moonblast|p2b: Rotom\n|-damage|p2b: Rotom|62/100\n|-unboost|p2b: Rotom|spa|1\n|move|p2a: Venusaur|Sludge Bomb|p1b: Kingambit\n|-immune|p1b: Kingambit\n|move|p2b: Rotom|Thunderbolt|p1b: Kingambit\n|-damage|p1b: Kingambit|71/100\n|\n|upkeep\n|turn|5\n|inactive|Frank-alf has 30 seconds left.\n|inactive|notbloodmask has 30 seconds left.\n|inactive|notbloodmask has 20 seconds left.\n|inactive|notbloodmask has 15 seconds left.\n|\n|t:|1788281447\n|move|p1a: Whimsicott|Tailwind|p1a: Whimsicott\n|-sidestart|p1: Frank-alf|move: Tailwind\n|move|p1b: Kingambit|Kowtow Cleave|p2a: Venusaur\n|-damage|p2a: Venusaur|34/100\n|move|p2a: Venusaur|Earth Power|p1b: Kingambit\n|-supereffective|p1b: Kingambit|1\n|-damage|p1b: Kingambit|18/100\n|move|p2b: Rotom|Will-O-Wisp|p1a: Whimsicott\n|-status|p1a: Whimsicott|brn\n|\n|-damage|p1a: Whimsicott|94/100 brn|[from] brn\n|upkeep\n|turn|6\n|inactive|Frank-alf has 30 seconds left.\n|inactive|notbloodmask has 30 seconds left.\n|inactive|notbloodmask has 20 seconds left.\n|\n|t:|1788281484\n|switch|p2a: Garchomp|Garchomp, L50, M|100/100\n|move|p2b: Rotom|Protect|p2b: Rotom\n|-singleturn|p2b: Rotom|Protect\n|move|p1a: Whimsicott|Moonblast|p2b: Rotom\n|-activate|p2b: Rotom|move: Protect\n|move|p1b: Kingambit|Kowtow Cleave|p2b: Rotom\n|-activate|p2b: Rotom|move: Protect\n|\n|-damage|p1a: Whimsicott|88/100 brn|[from] brn\n|upkeep\n|turn|7\n|\n|t:|1788281504\n|move|p1a: Whimsicott|Moonblast|p2a: Garchomp\n|-supereffective|p2a: Garchomp|1\n|-damage|p2a: Garchomp|27/100\n|move|p2a: Garchomp|Earthquake|p1a: Whimsicott|[spread] p1a,p1b\n|-immune|p2b: Rotom|[from] ability: Levitate\n|-resisted|p1a: Whimsicott|1\n|-supereffective|p1b: Kingambit|1\n|-damage|p1a: Whimsicott|53/100 brn\n|-damage|p1b: Kingambit|0 fnt\n|faint|p1b: Kingambit\n|-damage|p2a: Garchomp|17/100|[from] item: Life Orb\n|move|p2b: Rotom|Will-O-Wisp|p1a: Whimsicott\n|-fail|p1a: Whimsicott|brn\n|\n|-damage|p1a: Whimsicott|47/100 brn|[from] brn\n|upkeep\n|inactive|Frank-alf has 30 seconds left.\n|\n|t:|1788281534\n|switch|p1b: Basculegion|Basculegion, L50, M|76/100\n|turn|8\n|\n|t:|1788281541\n|move|p2a: Garchomp|Protect|p2a: Garchomp\n|-singleturn|p2a: Garchomp|Protect\n|move|p2b: Rotom|Protect|p2b: Rotom\n|-singleturn|p2b: Rotom|Protect\n|move|p1a: Whimsicott|Moonblast|p2a: Garchomp\n|-activate|p2a: Garchomp|move: Protect\n|move|p1b: Basculegion|Last Respects|p2b: Rotom\n|-activate|p2b: Rotom|move: Protect\n|\n|-damage|p1a: Whimsicott|41/100 brn|[from] brn\n|-sideend|p1: Frank-alf|move: Tailwind\n|upkeep\n|turn|9\n|inactive|Frank-alf has 30 seconds left.\n|\n|t:|1788281567\n|switch|p2b: Incineroar|Incineroar, L50, M|88/100\n|-ability|p2b: Incineroar|Intimidate|boost\n|-unboost|p1a: Whimsicott|atk|1\n|-unboost|p1b: Basculegion|atk|1\n|move|p1a: Whimsicott|Moonblast|p2a: Garchomp\n|-supereffective|p2a: Garchomp|1\n|-damage|p2a: Garchomp|0 fnt\n|faint|p2a: Garchomp\n|move|p1b: Basculegion|Last Respects|p2b: Incineroar\n|-resisted|p2b: Incineroar|1\n|-damage|p2b: Incineroar|65/100\n|-damage|p1b: Basculegion|67/100|[from] item: Life Orb\n|\n|-damage|p1a: Whimsicott|35/100 brn|[from] brn\n|upkeep\n|\n|t:|1788281581\n|switch|p2a: Rotom|Rotom-Wash, L50|62/100\n|turn|10\n|\n|t:|1788281600\n|move|p1a: Whimsicott|Protect|p1a: Whimsicott\n|-singleturn|p1a: Whimsicott|Protect\n|move|p2a: Rotom|Protect|p2a: Rotom\n|-singleturn|p2a: Rotom|Protect\n|move|p1b: Basculegion|Protect|p1b: Basculegion\n|-singleturn|p1b: Basculegion|Protect\n|move|p2b: Incineroar|Fake Out|p1a: Whimsicott\n|-activate|p1a: Whimsicott|move: Protect\n|\n|-damage|p1a: Whimsicott|29/100 brn|[from] brn\n|upkeep\n|turn|11\n|\n|t:|1788281620\n|move|p1a: Whimsicott|Encore|p2a: Rotom\n|-start|p2a: Rotom|Encore\n|move|p2a: Rotom|Protect|p2a: Rotom\n|-singleturn|p2a: Rotom|Protect\n|move|p1b: Basculegion|Wave Crash|p2b: Incineroar\n|-supereffective|p2b: Incineroar|1\n|-enditem|p2b: Incineroar|Passho Berry|[eat]\n|-enditem|p2b: Incineroar|Passho Berry|[weaken]\n|-damage|p2b: Incineroar|3/100\n|-damage|p1b: Basculegion|47/100|[from] Recoil\n|-damage|p1b: Basculegion|37/100|[from] item: Life Orb\n|move|p2b: Incineroar|Flare Blitz|p1a: Whimsicott\n|-supereffective|p1a: Whimsicott|1\n|-crit|p1a: Whimsicott\n|-damage|p1a: Whimsicott|0 fnt\n|faint|p1a: Whimsicott\n|-damage|p2b: Incineroar|0 fnt|[from] Recoil\n|faint|p2b: Incineroar\n|\n|upkeep\n|\n|t:|1788281637\n|switch|p1a: Dragonite|Dragonite-Mega, L50, M, shiny|100/100\n|switch|p2b: Venusaur|Venusaur-Mega, L50, F|34/100\n|turn|12\n|\n|t:|1788281649\n|move|p2a: Rotom|Protect||[still]\n|-fail|p2a: Rotom\n|move|p1a: Dragonite|Dragon Pulse|p2b: Venusaur\n|-damage|p2b: Venusaur|0 fnt\n|faint|p2b: Venusaur\n|move|p1b: Basculegion|Last Respects|p2a: Rotom\n|-damage|p2a: Rotom|0 fnt\n|faint|p2a: Rotom\n|-damage|p1b: Basculegion|28/100|[from] item: Life Orb\n|\n|win|Frank-alf\n|raw|Frank-alf's rating: 1122 &rarr; <strong>1146</strong><br />(+24 for winning)\n|raw|notbloodmask's rating: 1111 &rarr; <strong>1087</strong><br />(-24 for losing)\n","uploadtime":1788281659,"views":"4","formatid":"gen9championsvgc2026regmb","rating":1087,"private":0,"password":null}