{"id":"gen9championsvgc2026regmb-2674729794","format":"[Gen 9 Champions] VGC 2026 Reg M-B","players":["fittyjason","xJacKaz"],"log":"|j|☆fittyjason\n|j|☆xJacKaz\n|html|<table width=\"100%\"><tr><td align=\"left\">fittyjason</td><td align=\"right\">xJacKaz</tr><tr><td align=\"left\"><i class=\"fa fa-circle-o\"></i> <i class=\"fa fa-circle-o\"></i> <i class=\"fa fa-circle-o\"></i> </td><td align=\"right\"><i class=\"fa fa-circle-o\"></i> <i class=\"fa fa-circle\"></i> <i class=\"fa fa-circle\"></i> </tr></table>\n|uhtml|bestof|<h2><strong>Game 3</strong> of <a href=\"/game-bestof5-gen9championsvgc2026regmb-2674725644\">a best-of-5</a></h2>\n|t:|1788397149\n|gametype|doubles\n|player|p1|fittyjason|169|\n|player|p2|xJacKaz|flannery|\n|gen|9\n|tier|[Gen 9 Champions] VGC 2026 Reg M-B\n|rule|Species Clause: Limit one of each Pokémon\n|rule|Item Clause: Limit 1 of each item\n|raw|<div class=\"infobox\"><details class=\"readmore\" open><summary><strong>1 custom rule:</strong></summary> Best of = 5</details></div>\n|clearpoke\n|poke|p1|Metagross, L50|\n|poke|p1|Swampert, L50, M|\n|poke|p1|Pelipper, L50, M|\n|poke|p1|Sinistcha, L50|\n|poke|p1|Archaludon, L50, M|\n|poke|p1|Incineroar, L50, F|\n|poke|p2|Lycanroc-Dusk, L50, M|\n|poke|p2|Basculegion, L50, M|\n|poke|p2|Scovillain, L50, M|\n|poke|p2|Sneasler, L50, F|\n|poke|p2|Kingambit, L50, M|\n|poke|p2|Froslass, L50, F|\n|teampreview|4\n|inactive|Battle timer is ON: inactive players will automatically lose when time's up. (requested by fittyjason)\n|j| silverdwarf\n|\n|t:|1788397186\n|teamsize|p1|4\n|teamsize|p2|4\n|start\n|switch|p1a: Swampert|Swampert, L50, M|100/100\n|switch|p1b: Pelipper|Pelipper, L50, M|100/100\n|switch|p2a: Frieren|Froslass, L50, F|100/100\n|switch|p2b: Skyline Chili|Sneasler, L50, F|100/100\n|-weather|RainDance|[from] ability: Drizzle|[of] p1b: Pelipper\n|turn|1\n|j| Mashed Potoooooooo\n|inactive|fittyjason has 30 seconds left.\n|inactive|xJacKaz has 30 seconds left.\n|inactive|fittyjason has 20 seconds left.\n|\n|t:|1788397222\n|detailschange|p2a: Frieren|Froslass-Mega, L50, F\n|-mega|p2a: Frieren|Froslass|Froslassite\n|-weather|Snowscape|[from] ability: Snow Warning|[of] p2a: Frieren\n|detailschange|p1a: Swampert|Swampert-Mega, L50, M\n|-mega|p1a: Swampert|Swampert|Swampertite\n|move|p2b: Skyline Chili|Fake Out|p1b: Pelipper\n|-damage|p1b: Pelipper|83/100\n|move|p2a: Frieren|Aurora Veil|p2a: Frieren\n|-sidestart|p2: xJacKaz|move: Aurora Veil\n|move|p1a: Swampert|Earthquake|p2a: Frieren|[spread] p2a,p2b\n|-immune|p1b: Pelipper\n|-crit|p2a: Frieren\n|-supereffective|p2b: Skyline Chili|1\n|-damage|p2a: Frieren|35/100\n|-damage|p2b: Skyline Chili|0 fnt\n|faint|p2b: Skyline Chili\n|cant|p1b: Pelipper|flinch\n|\n|-weather|Snowscape|[upkeep]\n|upkeep\n|\n|t:|1788397240\n|switch|p2b: Yorokobe|Kingambit, L50, M|100/100\n|turn|2\n|\n|t:|1788397262\n|switch|p1b: Incineroar|Incineroar, L50, F|100/100\n|-ability|p1b: Incineroar|Intimidate|boost\n|-unboost|p2a: Frieren|atk|1\n|-unboost|p2b: Yorokobe|atk|1\n|-ability|p2b: Yorokobe|Defiant|boost\n|-boost|p2b: Yorokobe|atk|2\n|move|p2b: Yorokobe|Protect|p2b: Yorokobe\n|-singleturn|p2b: Yorokobe|Protect\n|move|p2a: Frieren|Blizzard|p1b: Incineroar|[spread] p1a,p1b\n|-resisted|p1b: Incineroar|1\n|-damage|p1a: Swampert|62/100\n|-damage|p1b: Incineroar|82/100\n|move|p1a: Swampert|Earthquake|p2b: Yorokobe|[spread] p1b,p2a\n|-activate|p2b: Yorokobe|move: Protect\n|-supereffective|p1b: Incineroar|1\n|-damage|p1b: Incineroar|9/100\n|-damage|p2a: Frieren|2/100\n|\n|-weather|Snowscape|[upkeep]\n|upkeep\n|turn|3\n|inactive|fittyjason has 30 seconds left.\n|inactive|fittyjason has 20 seconds left.\n|\n|t:|1788397301\n|move|p2b: Yorokobe|Sucker Punch|p1a: Swampert\n|-damage|p1a: Swampert|0 fnt\n|faint|p1a: Swampert\n|move|p2a: Frieren|Blizzard|p1b: Incineroar\n|-resisted|p1b: Incineroar|1\n|-damage|p1b: Incineroar|0 fnt\n|faint|p1b: Incineroar\n|\n|-weather|Snowscape|[upkeep]\n|upkeep\n|\n|t:|1788397310\n|switch|p1a: Pelipper|Pelipper, L50, M|83/100\n|switch|p1b: Archaludon|Archaludon, L50, M|100/100\n|-weather|RainDance|[from] ability: Drizzle|[of] p1a: Pelipper\n|turn|4\n|inactive|fittyjason has 30 seconds left.\n|inactive|xJacKaz has 30 seconds left.\n|inactive|fittyjason has 20 seconds left.\n|inactive|fittyjason has 15 seconds left.\n|\n|t:|1788397352\n|move|p2b: Yorokobe|Sucker Punch|p1b: Archaludon\n|-damage|p1b: Archaludon|43/100\n|-ability|p1b: Archaludon|Stamina|boost\n|-boost|p1b: Archaludon|def|1\n|move|p2a: Frieren|Shadow Ball|p1a: Pelipper\n|-damage|p1a: Pelipper|30/100\n|-unboost|p1a: Pelipper|spd|1\n|-enditem|p1a: Pelipper|Sitrus Berry|[eat]\n|-heal|p1a: Pelipper|55/100|[from] item: Sitrus Berry\n|move|p1b: Archaludon|Electro Shot||[still]\n|-prepare|p1b: Archaludon|Electro Shot\n|-boost|p1b: Archaludon|spa|1\n|-anim|p1b: Archaludon|Electro Shot|p2b: Yorokobe\n|-damage|p2b: Yorokobe|59/100\n|move|p1a: Pelipper|Weather Ball|p2a: Frieren\n|-damage|p2a: Frieren|0 fnt\n|faint|p2a: Frieren\n|\n|-weather|RainDance|[upkeep]\n|-heal|p1b: Archaludon|49/100|[from] item: Leftovers\n|upkeep\n|\n|t:|1788397372\n|switch|p2a: Kanye|Basculegion, L50, M|100/100\n|turn|5\n|l| Mashed Potoooooooo\n|inactive|xJacKaz has 30 seconds left.\n|inactive|fittyjason has 30 seconds left.\n|inactive|fittyjason has 20 seconds left.\n|inactive|fittyjason has 15 seconds left.\n|inactive|fittyjason has 10 seconds left.\n|inactive|fittyjason has 5 seconds left.\n|\n|t:|1788397428\n|move|p2b: Yorokobe|Sucker Punch||[still]\n|-fail|p2b: Yorokobe\n|move|p1b: Archaludon|Electro Shot||[still]\n|-prepare|p1b: Archaludon|Electro Shot\n|-boost|p1b: Archaludon|spa|1\n|-anim|p1b: Archaludon|Electro Shot|p2a: Kanye\n|-supereffective|p2a: Kanye|1\n|-damage|p2a: Kanye|0 fnt\n|faint|p2a: Kanye\n|move|p1a: Pelipper|Tailwind|p1a: Pelipper\n|-sidestart|p1: fittyjason|move: Tailwind\n|\n|-weather|RainDance|[upkeep]\n|-heal|p1b: Archaludon|55/100|[from] item: Leftovers\n|-sideend|p2: xJacKaz|move: Aurora Veil\n|upkeep\n|turn|6\n|\n|t:|1788397451\n|move|p2b: Yorokobe|Sucker Punch|p1b: Archaludon\n|-damage|p1b: Archaludon|21/100\n|-ability|p1b: Archaludon|Stamina|boost\n|-boost|p1b: Archaludon|def|1\n|move|p1b: Archaludon|Electro Shot||[still]\n|-prepare|p1b: Archaludon|Electro Shot\n|-boost|p1b: Archaludon|spa|1\n|-anim|p1b: Archaludon|Electro Shot|p2b: Yorokobe\n|-damage|p2b: Yorokobe|0 fnt\n|faint|p2b: Yorokobe\n|\n|win|fittyjason\n||xJacKaz is ready for game 4.\n||fittyjason is ready for game 4.\n|uhtml|next|Next: <a href=\"/battle-gen9championsvgc2026regmb-2674731788\"><strong>Game 4 of 5</strong></a>\n|j| Mashed Potoooooooo\n","uploadtime":1788397603,"views":"1","formatid":"gen9championsvgc2026regmb","rating":null,"private":0,"password":null}