{"id":"gen9championsvgc2026regmb-2674617852","format":"[Gen 9 Champions] VGC 2026 Reg M-B","players":["psychowarz","Daap_15"],"log":"|j|☆psychowarz\n|j|☆Daap_15\n|t:|1788380910\n|gametype|doubles\n|player|p1|psychowarz|guitarist-gen4|1340\n|player|p2|Daap_15|pokemaniac|1259\n|gen|9\n|tier|[Gen 9 Champions] VGC 2026 Reg M-B\n|rated|\n|rule|Species Clause: Limit one of each Pokémon\n|rule|Item Clause: Limit 1 of each item\n|clearpoke\n|poke|p1|Charizard, L50, M|\n|poke|p1|Kingambit, L50, M|\n|poke|p1|Garchomp, L50, F|\n|poke|p1|Farigiraf, L50, F|\n|poke|p1|Whimsicott, L50, F|\n|poke|p1|Metagross, L50|\n|poke|p2|Aerodactyl, L50, M, shiny|\n|poke|p2|Kingambit, L50, M, shiny|\n|poke|p2|Charizard, L50, M, shiny|\n|poke|p2|Garchomp, L50, M, shiny|\n|poke|p2|Farigiraf, L50, F, shiny|\n|poke|p2|Whimsicott, L50, F, shiny|\n|teampreview|4\n|inactive|Battle timer is ON: inactive players will automatically lose when time's up. (requested by Daap_15)\nDaap_15 rejected open team sheets.\n|inactive|psychowarz has 60 seconds left.\n|\n|t:|1788380958\n|teamsize|p1|4\n|teamsize|p2|4\n|start\n|switch|p1a: Garchomp|Garchomp, L50, F|100/100\n|switch|p1b: Whimsicott|Whimsicott, L50, F|100/100\n|switch|p2a: Charizard|Charizard, L50, M, shiny|100/100\n|switch|p2b: Whimsicott|Whimsicott, L50, F, shiny|100/100\n|turn|1\n|\n|t:|1788380969\n|move|p1a: Garchomp|Protect|p1a: Garchomp\n|-singleturn|p1a: Garchomp|Protect\n|move|p2a: Charizard|Protect|p2a: Charizard\n|-singleturn|p2a: Charizard|Protect\n|move|p1b: Whimsicott|Tailwind|p1b: Whimsicott\n|-sidestart|p1: psychowarz|move: Tailwind\n|move|p2b: Whimsicott|Moonblast|p1a: Garchomp\n|-activate|p1a: Garchomp|move: Protect\n|\n|upkeep\n|turn|2\n|\n|t:|1788380984\n|switch|p2a: Kingambit|Kingambit, L50, M, shiny|100/100\n|move|p2b: Whimsicott|Tailwind|p2b: Whimsicott\n|-sidestart|p2: Daap_15|move: Tailwind\n|move|p1a: Garchomp|Rock Slide|p2a: Kingambit|[spread] p2a,p2b\n|-resisted|p2a: Kingambit|1\n|-damage|p2a: Kingambit|91/100\n|-damage|p2b: Whimsicott|61/100\n|-damage|p1a: Garchomp|90/100|[from] item: Life Orb\n|move|p1b: Whimsicott|Moonblast|p2b: Whimsicott\n|-damage|p2b: Whimsicott|0 fnt\n|faint|p2b: Whimsicott\n|\n|upkeep\n|\n|t:|1788380996\n|switch|p2b: Garchomp|Garchomp, L50, M, shiny|100/100\n|turn|3\n|\n|t:|1788381002\n|move|p1a: Garchomp|Protect|p1a: Garchomp\n|-singleturn|p1a: Garchomp|Protect\n|move|p2b: Garchomp|Dragon Claw|p1a: Garchomp\n|-activate|p1a: Garchomp|move: Protect\n|move|p1b: Whimsicott|Moonblast|p2b: Garchomp\n|-supereffective|p2b: Garchomp|1\n|-damage|p2b: Garchomp|11/100\n|-unboost|p2b: Garchomp|spa|1\n|move|p2a: Kingambit|Iron Head|p1b: Whimsicott\n|-supereffective|p1b: Whimsicott|1\n|-enditem|p1b: Whimsicott|Focus Sash\n|-damage|p1b: Whimsicott|1/100\n|\n|upkeep\n|turn|4\n|inactive|psychowarz has 30 seconds left.\n|\n|t:|1788381028\n|switch|p1a: Metagross|Metagross, L50|100/100\n|switch|p1b: Kingambit|Kingambit, L50, M|100/100\n|move|p2a: Kingambit|Sucker Punch||[still]\n|-fail|p2a: Kingambit\n|move|p2b: Garchomp|Dragon Claw|p1a: Metagross\n|-resisted|p1a: Metagross|1\n|-damage|p1a: Metagross|74/100\n|-damage|p2b: Garchomp|1/100|[from] item: Life Orb\n|\n|-sideend|p1: psychowarz|move: Tailwind\n|upkeep\n|turn|5\n|\n|t:|1788381052\n|switch|p2b: Charizard|Charizard, L50, M, shiny|100/100\n|detailschange|p1a: Metagross|Metagross-Mega, L50\n|-mega|p1a: Metagross|Metagross|Metagrossite\n|move|p1a: Metagross|Protect|p1a: Metagross\n|-singleturn|p1a: Metagross|Protect\n|move|p2a: Kingambit|Sucker Punch||[still]\n|-fail|p2a: Kingambit\n|move|p1b: Kingambit|Kowtow Cleave|p2b: Charizard\n|-damage|p2b: Charizard|43/100\n|\n|-sideend|p2: Daap_15|move: Tailwind\n|upkeep\n|turn|6\n|\n|t:|1788381069\n|switch|p1a: Garchomp|Garchomp, L50, F|90/100\n|detailschange|p2b: Charizard|Charizard-Mega-Y, L50, M, shiny\n|-mega|p2b: Charizard|Charizard|Charizardite Y\n|-weather|SunnyDay|[from] ability: Drought|[of] p2b: Charizard\n|move|p2a: Kingambit|Sucker Punch||[still]\n|-fail|p2a: Kingambit\n|move|p2b: Charizard|Heat Wave|p1b: Kingambit|[spread] p1a,p1b\n|-resisted|p1a: Garchomp|1\n|-supereffective|p1b: Kingambit|1\n|-damage|p1a: Garchomp|56/100\n|-damage|p1b: Kingambit|0 fnt\n|faint|p1b: Kingambit\n|\n|-weather|SunnyDay|[upkeep]\n|upkeep\n|\n|t:|1788381074\n|switch|p1b: Whimsicott|Whimsicott, L50, F|1/100\n|turn|7\n|\n|t:|1788381086\n|move|p1b: Whimsicott|Tailwind|p1b: Whimsicott\n|-sidestart|p1: psychowarz|move: Tailwind\n|move|p2a: Kingambit|Sucker Punch|p1a: Garchomp\n|-damage|p1a: Garchomp|14/100\n|-damage|p2a: Kingambit|79/100|[from] ability: Rough Skin|[of] p1a: Garchomp\n|move|p1a: Garchomp|Earthquake|p2a: Kingambit|[spread] p1b,p2a\n|-immune|p2b: Charizard\n|-resisted|p1b: Whimsicott|1\n|-supereffective|p2a: Kingambit|1\n|-damage|p1b: Whimsicott|0 fnt\n|-damage|p2a: Kingambit|0 fnt\n|faint|p1b: Whimsicott\n|faint|p2a: Kingambit\n|-damage|p1a: Garchomp|4/100|[from] item: Life Orb\n|move|p2b: Charizard|Heat Wave|p1a: Garchomp\n|-resisted|p1a: Garchomp|1\n|-damage|p1a: Garchomp|0 fnt\n|faint|p1a: Garchomp\n|\n|-weather|SunnyDay|[upkeep]\n|upkeep\n|\n|t:|1788381103\n|switch|p1b: Metagross|Metagross-Mega, L50|74/100\n|switch|p2a: Garchomp|Garchomp, L50, M, shiny|1/100\n|turn|8\n|\n|t:|1788381111\n|move|p1b: Metagross|Psychic Fangs|p2b: Charizard\n|-damage|p2b: Charizard|0 fnt\n|faint|p2b: Charizard\n|move|p2a: Garchomp|Stomping Tantrum|p1b: Metagross\n|-supereffective|p1b: Metagross|1\n|-damage|p1b: Metagross|0 fnt\n|faint|p1b: Metagross\n|-damage|p2a: Garchomp|0 fnt|[from] item: Life Orb\n|faint|p2a: Garchomp\n|\n|win|Daap_15\n|raw|psychowarz's rating: 1340 &rarr; <strong>1315</strong><br />(-25 for losing)\n|raw|Daap_15's rating: 1259 &rarr; <strong>1290</strong><br />(+31 for winning)\n|l|☆psychowarz\n|player|p1|\n","uploadtime":1788381119,"views":"1","formatid":"gen9championsvgc2026regmb","rating":1290,"private":0,"password":null}