{"id":"gen9championsvgc2026regmbbo3-2674138593","format":"[Gen 9 Champions] VGC 2026 Reg M-B (Bo3)","players":["Dtygvddg","platanoso"],"log":"|j|☆Dtygvddg\n|j|☆platanoso\n|html|<table width=\"100%\"><tr><td align=\"left\">Dtygvddg</td><td align=\"right\">platanoso</tr><tr><td align=\"left\"><i class=\"fa fa-circle-o\"></i> <i class=\"fa fa-circle-o\"></i> </td><td align=\"right\"><i class=\"fa fa-circle-o\"></i> <i class=\"fa fa-circle-o\"></i> </tr></table>\n|uhtml|bestof|<h2><strong>Game 1</strong> of <a href=\"/game-bestof3-gen9championsvgc2026regmbbo3-2674138592\">a best-of-3</a></h2>\n|t:|1788304841\n|gametype|doubles\n|player|p1|Dtygvddg|266|1042\n|player|p2|platanoso|madame-gen4|1265\n|gen|9\n|tier|[Gen 9 Champions] VGC 2026 Reg M-B (Bo3)\n|rated|\n|rule|Species Clause: Limit one of each Pokémon\n|rule|Item Clause: Limit 1 of each item\n|clearpoke\n|poke|p1|Scrafty, L50, M|\n|poke|p1|Toxapex, L50, F|\n|poke|p1|Sneasler, L50, F|\n|poke|p1|Rotom-Wash, L50|\n|poke|p1|Ceruledge, L50, F|\n|poke|p1|Scizor, L50, M|\n|poke|p2|Floette-Eternal, L50, F|\n|poke|p2|Sneasler, L50, M|\n|poke|p2|Incineroar, L50, M|\n|poke|p2|Sinistcha, L50|\n|poke|p2|Delphox, L50, F|\n|poke|p2|Garchomp, L50, M|\n|teampreview|4\n|showteam|p1|Scrafty||Scraftinite|Intimidate|FakeOut,Protect,KnockOff,DrainPunch|Adamant||M|||50|]Toxapex||Leftovers|Regenerator|Toxic,BanefulBunker,Infestation,WideGuard|Careful||F|||50|]Sneasler||FocusSash|PoisonTouch|FakeOut,DireClaw,CloseCombat,Protect|Jolly||F|||50|]Rotom-Wash||WideLens|Levitate|WillOWisp,VoltSwitch,HydroPump,Protect|Modest|||||50|]Ceruledge||SitrusBerry|FlashFire|BitterBlade,BulkUp,Protect,ShadowSneak|Adamant||F|||50|]Scizor||LifeOrb|Technician|BulletPunch,BrickBreak,Protect,BugBite|Adamant||M|||50|\n|showteam|p2|Floette-Eternal||Floettite|FlowerVeil|DazzlingGleam,DrainingKiss,CalmMind,Protect|Timid||F|||50|]Sneasler||FocusSash|PoisonTouch|CloseCombat,PoisonJab,FakeOut,Coaching|Jolly||M|||50|]Incineroar||SitrusBerry|Intimidate|FlareBlitz,DarkestLariat,PartingShot,FakeOut|Impish||M|||50|]Sinistcha||OccaBerry|Hospitality|MatchaGotcha,RagePowder,TrickRoom,Protect|Bold|||||50|]Delphox||Delphoxite|Blaze|Psychic,HeatWave,NastyPlot,Protect|Timid||F|||50|]Garchomp||ChoiceScarf|RoughSkin|DragonClaw,StompingTantrum,Earthquake,RockSlide|Adamant||M|||50|\n|inactive|Battle timer is ON: inactive players will automatically lose when time's up. (requested by Dtygvddg)\n|inactive|platanoso has 60 seconds left.\n|inactive|Dtygvddg has 60 seconds left.\n|\n|t:|1788304913\n|teamsize|p1|4\n|teamsize|p2|4\n|start\n|switch|p1a: Scrafty|Scrafty, L50, M|100/100\n|switch|p1b: Rotom|Rotom-Wash, L50|100/100\n|switch|p2a: Delphox|Delphox, L50, F|100/100\n|switch|p2b: Incineroar|Incineroar, L50, M|100/100\n|-ability|p2b: Incineroar|Intimidate|boost\n|-unboost|p1a: Scrafty|atk|1\n|-unboost|p1b: Rotom|atk|1\n|-ability|p1a: Scrafty|Intimidate|boost\n|-unboost|p2a: Delphox|atk|1\n|-unboost|p2b: Incineroar|atk|1\n|turn|1\n|inactive|platanoso has 30 seconds left.\n|inactive|Dtygvddg has 30 seconds left.\n|inactive|platanoso has 20 seconds left.\n|inactive|platanoso has 15 seconds left.\n|\n|t:|1788304956\n|detailschange|p2a: Delphox|Delphox-Mega, L50, F\n|-mega|p2a: Delphox|Delphox|Delphoxite\n|detailschange|p1a: Scrafty|Scrafty-Mega, L50, M\n|-mega|p1a: Scrafty|Scrafty|Scraftinite\n|-ability|p1a: Scrafty|Intimidate|boost\n|-unboost|p2a: Delphox|atk|1\n|-unboost|p2b: Incineroar|atk|1\n|move|p2b: Incineroar|Fake Out|p1b: Rotom\n|-damage|p1b: Rotom|94/100\n|move|p2a: Delphox|Nasty Plot|p2a: Delphox\n|-boost|p2a: Delphox|spa|2\n|cant|p1b: Rotom|flinch\n|move|p1a: Scrafty|Knock Off|p2a: Delphox\n|-supereffective|p2a: Delphox|1\n|-damage|p2a: Delphox|47/100\n|\n|upkeep\n|turn|2\n|inactive|platanoso has 30 seconds left.\n|inactive|platanoso has 20 seconds left.\n|inactive|platanoso has 15 seconds left.\n|\n|t:|1788305000\n|move|p2a: Delphox|Protect|p2a: Delphox\n|-singleturn|p2a: Delphox|Protect\n|move|p1b: Rotom|Protect|p1b: Rotom\n|-singleturn|p1b: Rotom|Protect\n|move|p1a: Scrafty|Knock Off|p2a: Delphox\n|-activate|p2a: Delphox|move: Protect\n|move|p2b: Incineroar|Parting Shot|p1a: Scrafty\n|-unboost|p1a: Scrafty|atk|1\n|-unboost|p1a: Scrafty|spa|1\n|\n|t:|1788305009\n|switch|p2b: Sinistcha|Sinistcha, L50|100/100|[from] Parting Shot\n|-heal|p2a: Delphox|72/100|[from] ability: Hospitality|[of] p2b: Sinistcha\n|\n|upkeep\n|turn|3\n|\n|t:|1788305023\n|switch|p1b: Scizor|Scizor, L50, M|100/100\n|switch|p1a: Ceruledge|Ceruledge, L50, F|100/100\n|move|p2b: Sinistcha|Rage Powder|p2b: Sinistcha\n|-singleturn|p2b: Sinistcha|move: Rage Powder\n|move|p2a: Delphox|Heat Wave|p1b: Scizor|[spread] p1b\n|-start|p1a: Ceruledge|ability: Flash Fire\n|-supereffective|p1b: Scizor|2\n|-damage|p1b: Scizor|0 fnt\n|faint|p1b: Scizor\n|\n|upkeep\n|\n|t:|1788305036\n|switch|p1b: Scrafty|Scrafty-Mega, L50, M|100/100\n|-ability|p1b: Scrafty|Intimidate|boost\n|-unboost|p2a: Delphox|atk|1\n|-unboost|p2b: Sinistcha|atk|1\n|turn|4\n|\n|t:|1788305057\n|switch|p2b: Garchomp|Garchomp, L50, M|100/100\n|move|p2a: Delphox|Protect|p2a: Delphox\n|-singleturn|p2a: Delphox|Protect\n|move|p1b: Scrafty|Fake Out|p2a: Delphox\n|-activate|p2a: Delphox|move: Protect\n|move|p1a: Ceruledge|Bitter Blade|p2b: Garchomp\n|-resisted|p2b: Garchomp|1\n|-damage|p2b: Garchomp|60/100\n|-damage|p1a: Ceruledge|87/100|[from] ability: Rough Skin|[of] p2b: Garchomp\n|\n|upkeep\n|turn|5\n|\n|t:|1788305075\n|switch|p1b: Rotom|Rotom-Wash, L50|94/100\n|move|p1a: Ceruledge|Protect|p1a: Ceruledge\n|-singleturn|p1a: Ceruledge|Protect\n|move|p2b: Garchomp|Earthquake|p1a: Ceruledge|[spread] \n|-activate|p1a: Ceruledge|move: Protect\n|-immune|p2a: Delphox|[from] ability: Levitate\n|-immune|p1b: Rotom|[from] ability: Levitate\n|move|p2a: Delphox|Heat Wave|p1a: Ceruledge|[spread] p1b\n|-activate|p1a: Ceruledge|move: Protect\n|-resisted|p1b: Rotom|1\n|-crit|p1b: Rotom\n|-damage|p1b: Rotom|35/100\n|\n|upkeep\n|turn|6\n|\n|t:|1788305095\n|move|p1a: Ceruledge|Shadow Sneak|p2a: Delphox\n|-supereffective|p2a: Delphox|1\n|-damage|p2a: Delphox|21/100\n|move|p2b: Garchomp|Earthquake|p1b: Rotom|[spread] p1a\n|-immune|p2a: Delphox|[from] ability: Levitate\n|-immune|p1b: Rotom|[from] ability: Levitate\n|-supereffective|p1a: Ceruledge|1\n|-damage|p1a: Ceruledge|0 fnt\n|faint|p1a: Ceruledge\n|move|p2a: Delphox|Psychic|p1b: Rotom\n|-damage|p1b: Rotom|0 fnt\n|faint|p1b: Rotom\n|\n|upkeep\n|-message|Dtygvddg forfeited.\n|\n|win|platanoso\n|l|☆Dtygvddg\n|player|p1|\n|raw|Dtygvddg's rating: 1042 &rarr; <strong>1035</strong><br />(-7 for losing)\n|raw|platanoso's rating: 1265 &rarr; <strong>1276</strong><br />(+11 for winning)\n","uploadtime":1788304843,"views":"3","formatid":"gen9championsvgc2026regmbbo3","rating":1035,"private":0,"password":null}