{"id":"gen9championsvgc2026regmbbo3-2673633493","format":"[Gen 9 Champions] VGC 2026 Reg M-B (Bo3)","players":["Luma Tactas","Miztah Monstur"],"log":"|j|☆Luma Tactas\n|j|☆Miztah Monstur\n|html|<table width=\"100%\"><tr><td align=\"left\">Luma Tactas</td><td align=\"right\">Miztah Monstur</tr><tr><td align=\"left\"><i class=\"fa fa-circle\"></i> <i class=\"fa fa-circle-o\"></i> </td><td align=\"right\"><i class=\"fa fa-circle-o\"></i> <i class=\"fa fa-circle-o\"></i> </tr></table>\n|uhtml|bestof|<h2><strong>Game 2</strong> of <a href=\"/game-bestof3-gen9championsvgc2026regmbbo3-2673631555\">a best-of-3</a></h2>\n|t:|1788224487\n|gametype|doubles\n|player|p1|Luma Tactas|acetrainerf|1053\n|player|p2|Miztah Monstur|morty|1132\n|gen|9\n|tier|[Gen 9 Champions] VGC 2026 Reg M-B (Bo3)\n|rated|\n|rule|Species Clause: Limit one of each Pokémon\n|rule|Item Clause: Limit 1 of each item\n|clearpoke\n|poke|p1|Gardevoir, L50, F, shiny|\n|poke|p1|Sneasler, L50, M|\n|poke|p1|Sinistcha, L50|\n|poke|p1|Rotom-Wash, L50|\n|poke|p1|Talonflame, L50, M|\n|poke|p1|Garchomp, L50, F|\n|poke|p2|Banette, L50, F|\n|poke|p2|Annihilape, L50, M|\n|poke|p2|Skeledirge, L50, M|\n|poke|p2|Basculegion, L50, M, shiny|\n|poke|p2|Zoroark-Hisui, L50, M, shiny|\n|poke|p2|Sinistcha-Masterpiece, L50|\n|teampreview|4\n|showteam|p1|Gardevoir||Gardevoirite|Synchronize|HyperVoice,Psychic,TrickRoom,Protect|Modest||F|||50|]Sneasler||WhiteHerb|Unburden|FakeOut,CloseCombat,DireClaw,Protect|Jolly||M|||50|]Sinistcha||SitrusBerry|Hospitality|MatchaGotcha,RagePowder,StrengthSap,LifeDew|Bold|||||50|]Rotom-Wash||Leftovers|Levitate|Thunderbolt,WillOWisp,HydroPump,Protect|Modest|||||50|]Talonflame||FocusSash|GaleWings|Tailwind,DualWingbeat,FlareBlitz,Protect|Jolly||M|||50|]Garchomp||LifeOrb|RoughSkin|StompingTantrum,RockSlide,Earthquake,Protect|Jolly||F|||50|\n|showteam|p2|Banette||Banettite|CursedBody|ShadowSneak,SkitterSmack,DestinyBond,Screech|Adamant||F|||50|]Annihilape||SitrusBerry|Defiant|RageFist,DrainPunch,RockSlide,Protect|Jolly||M|||50|]Skeledirge||ShucaBerry|Unaware|TorchSong,EarthPower,AlluringVoice,Protect|Bold||M|||50|]Basculegion||MysticWater|Adaptability|AquaJet,WaveCrash,LastRespects,Protect|Adamant||M|||50|]Zoroark-Hisui||FocusSash|Illusion|BitterMalice,FocusBlast,SludgeBomb,WillOWisp|Timid||M|||50|]Sinistcha-Masterpiece||WideLens|Hospitality|MatchaGotcha,StrengthSap,Curse,RagePowder|Bold|||||50|\n|inactive|Battle timer is ON: inactive players will automatically lose when time's up. (requested by Miztah Monstur)\n|inactive|Luma Tactas has 60 seconds left.\n|\n|t:|1788224518\n|teamsize|p1|4\n|teamsize|p2|4\n|start\n|switch|p1a: Morganucodon|Talonflame, L50, M|100/100\n|switch|p1b: Starflare|Garchomp, L50, F|100/100\n|switch|p2a: Annihilape|Annihilape, L50, M|100/100\n|switch|p2b: Sinistcha|Sinistcha-Masterpiece, L50|100/100\n|turn|1\n|\n|t:|1788224540\n|move|p2a: Annihilape|Protect|p2a: Annihilape\n|-singleturn|p2a: Annihilape|Protect\n|move|p1a: Morganucodon|Tailwind|p1a: Morganucodon\n|-sidestart|p1: Luma Tactas|move: Tailwind\n|move|p1b: Starflare|Earthquake|p2b: Sinistcha|[spread] p2b\n|-activate|p2a: Annihilape|move: Protect\n|-immune|p1a: Morganucodon\n|-resisted|p2b: Sinistcha|1\n|-damage|p2b: Sinistcha|80/100\n|-damage|p1b: Starflare|90/100|[from] item: Life Orb\n|move|p2b: Sinistcha|Strength Sap|p1a: Morganucodon\n|-unboost|p1a: Morganucodon|atk|1\n|-heal|p2b: Sinistcha|100/100\n|\n|upkeep\n|turn|2\n|inactive|Luma Tactas has 30 seconds left.\n|inactive|Luma Tactas has 20 seconds left.\n|inactive|Luma Tactas has 15 seconds left.\n|\n|t:|1788224581\n|switch|p1a: Iron Mugulis|Sinistcha, L50|100/100\n|-heal|p1b: Starflare|100/100|[from] ability: Hospitality|[of] p1a: Iron Mugulis\n|move|p1b: Starflare|Earthquake|p2a: Annihilape|[spread] p1a,p2a,p2b\n|-resisted|p1a: Iron Mugulis|1\n|-resisted|p2b: Sinistcha|1\n|-damage|p1a: Iron Mugulis|82/100\n|-damage|p2a: Annihilape|36/100\n|-damage|p2b: Sinistcha|83/100\n|-enditem|p2a: Annihilape|Sitrus Berry|[eat]\n|-heal|p2a: Annihilape|61/100|[from] item: Sitrus Berry\n|-damage|p1b: Starflare|90/100|[from] item: Life Orb\n|move|p2a: Annihilape|Rock Slide|p1a: Iron Mugulis|[spread] p1a,p1b\n|-resisted|p1b: Starflare|1\n|-damage|p1a: Iron Mugulis|69/100\n|-damage|p1b: Starflare|81/100\n|move|p2b: Sinistcha|Strength Sap|p1b: Starflare\n|-unboost|p1b: Starflare|atk|1\n|-heal|p2b: Sinistcha|100/100\n|\n|upkeep\n|turn|3\n|\n|t:|1788224602\n|switch|p1b: Morganucodon|Talonflame, L50, M|100/100\n|move|p2a: Annihilape|Protect|p2a: Annihilape\n|-singleturn|p2a: Annihilape|Protect\n|move|p1a: Iron Mugulis|Rage Powder|p1a: Iron Mugulis\n|-singleturn|p1a: Iron Mugulis|move: Rage Powder\n|move|p2b: Sinistcha|Strength Sap|p1b: Morganucodon\n|-unboost|p1b: Morganucodon|atk|1\n|\n|upkeep\n|turn|4\n|inactive|Luma Tactas has 30 seconds left.\n|\n|t:|1788224633\n|move|p1b: Morganucodon|Protect|p1b: Morganucodon\n|-singleturn|p1b: Morganucodon|Protect\n|move|p2b: Sinistcha|Rage Powder|p2b: Sinistcha\n|-singleturn|p2b: Sinistcha|move: Rage Powder\n|move|p1a: Iron Mugulis|Strength Sap|p2a: Annihilape\n|-unboost|p2a: Annihilape|atk|1\n|-ability|p2a: Annihilape|Defiant|boost\n|-boost|p2a: Annihilape|atk|2\n|-heal|p1a: Iron Mugulis|100/100\n|move|p2a: Annihilape|Rock Slide|p1a: Iron Mugulis|[spread] p1a\n|-activate|p1b: Morganucodon|move: Protect\n|-damage|p1a: Iron Mugulis|82/100\n|\n|-sideend|p1: Luma Tactas|move: Tailwind\n|upkeep\n|turn|5\n|\n|t:|1788224658\n|move|p2b: Sinistcha|Rage Powder|p2b: Sinistcha\n|-singleturn|p2b: Sinistcha|move: Rage Powder\n|move|p1b: Morganucodon|Tailwind|p1b: Morganucodon\n|-sidestart|p1: Luma Tactas|move: Tailwind\n|move|p1a: Iron Mugulis|Matcha Gotcha|p2a: Annihilape|[spread] p2a,p2b\n|-resisted|p2b: Sinistcha|1\n|-damage|p2a: Annihilape|36/100\n|-heal|p1a: Iron Mugulis|94/100|[from] drain|[of] p2a: Annihilape\n|-damage|p2b: Sinistcha|84/100\n|-heal|p1a: Iron Mugulis|100/100|[from] drain|[of] p2b: Sinistcha\n|-status|p2b: Sinistcha|brn\n|move|p2a: Annihilape|Rock Slide|p1a: Iron Mugulis|[spread] p1a,p1b\n|-crit|p1a: Iron Mugulis\n|-supereffective|p1b: Morganucodon|2\n|-damage|p1a: Iron Mugulis|70/100\n|-enditem|p1b: Morganucodon|Focus Sash\n|-damage|p1b: Morganucodon|1/100\n|\n|-damage|p2b: Sinistcha|78/100 brn|[from] brn\n|upkeep\n|turn|6\n|inactive|Luma Tactas has 30 seconds left.\n|inactive|Luma Tactas has 20 seconds left.\n|inactive|Luma Tactas has 15 seconds left.\n|\n|t:|1788224699\n|switch|p1a: Starflare|Garchomp, L50, F|81/100\n|switch|p2b: Skeledirge|Skeledirge, L50, M|100/100\n|move|p1b: Morganucodon|Protect|p1b: Morganucodon\n|-singleturn|p1b: Morganucodon|Protect\n|move|p2a: Annihilape|Protect||[still]\n|-fail|p2a: Annihilape\n|\n|upkeep\n|turn|7\n|inactive|Luma Tactas has 30 seconds left.\n|\n|t:|1788224726\n|switch|p1b: Motorwash|Rotom-Wash, L50|100/100\n|move|p2a: Annihilape|Protect|p2a: Annihilape\n|-singleturn|p2a: Annihilape|Protect\n|move|p1a: Starflare|Earthquake|p2b: Skeledirge|[spread] p2b\n|-activate|p2a: Annihilape|move: Protect\n|-immune|p1b: Motorwash|[from] ability: Levitate\n|-supereffective|p2b: Skeledirge|1\n|-enditem|p2b: Skeledirge|Shuca Berry|[eat]\n|-enditem|p2b: Skeledirge|Shuca Berry|[weaken]\n|-damage|p2b: Skeledirge|68/100\n|-damage|p1a: Starflare|72/100|[from] item: Life Orb\n|move|p2b: Skeledirge|Torch Song|p1a: Starflare\n|-resisted|p1a: Starflare|1\n|-crit|p1a: Starflare\n|-damage|p1a: Starflare|45/100\n|-boost|p2b: Skeledirge|spa|1\n|\n|upkeep\n|turn|8\n|inactive|Luma Tactas has 30 seconds left.\n|\n|t:|1788224752\n|switch|p2b: Sinistcha|Sinistcha-Masterpiece, L50|78/100 brn\n|-heal|p2a: Annihilape|61/100|[from] ability: Hospitality|[of] p2b: Sinistcha\n|move|p1a: Starflare|Earthquake|p2b: Sinistcha|[spread] p2a,p2b\n|-immune|p1b: Motorwash|[from] ability: Levitate\n|-resisted|p2b: Sinistcha|1\n|-damage|p2a: Annihilape|0 fnt\n|-damage|p2b: Sinistcha|61/100 brn\n|faint|p2a: Annihilape\n|-damage|p1a: Starflare|36/100|[from] item: Life Orb\n|move|p1b: Motorwash|Hydro Pump|p2b: Sinistcha|[miss]\n|-miss|p1b: Motorwash|p2b: Sinistcha\n|\n|-damage|p2b: Sinistcha|55/100 brn|[from] brn\n|-sideend|p1: Luma Tactas|move: Tailwind\n|upkeep\n|\n|t:|1788224770\n|switch|p2a: Skeledirge|Skeledirge, L50, M|68/100\n|turn|9\n|inactive|Luma Tactas has 30 seconds left.\n|\n|t:|1788224799\n|switch|p1b: Morganucodon|Talonflame, L50, M|1/100\n|move|p1a: Starflare|Earthquake|p2a: Skeledirge|[spread] p2a,p2b\n|-immune|p1b: Morganucodon\n|-supereffective|p2a: Skeledirge|1\n|-resisted|p2b: Sinistcha|1\n|-damage|p2a: Skeledirge|9/100\n|-damage|p2b: Sinistcha|37/100 brn\n|-damage|p1a: Starflare|26/100|[from] item: Life Orb\n|move|p2b: Sinistcha|Matcha Gotcha|p1b: Morganucodon|[spread] p1a,p1b\n|-resisted|p1b: Morganucodon|2\n|-crit|p1b: Morganucodon\n|-damage|p1a: Starflare|1/100\n|-heal|p2b: Sinistcha|50/100g brn|[from] drain|[of] p1a: Starflare\n|-damage|p1b: Morganucodon|0 fnt\n|-heal|p2b: Sinistcha|51/100 brn|[from] drain|[of] p1b: Morganucodon\n|faint|p1b: Morganucodon\n|move|p2a: Skeledirge|Alluring Voice|p1a: Starflare\n|-supereffective|p1a: Starflare|1\n|-damage|p1a: Starflare|0 fnt\n|faint|p1a: Starflare\n|\n|-damage|p2b: Sinistcha|44/100 brn|[from] brn\n|upkeep\n|\n|t:|1788224809\n|switch|p1b: Iron Mugulis|Sinistcha, L50|70/100\n|switch|p1a: Motorwash|Rotom-Wash, L50|100/100\n|turn|10\n|inactive|Luma Tactas has 30 seconds left.\n|\n|t:|1788224836\n|move|p2a: Skeledirge|Protect|p2a: Skeledirge\n|-singleturn|p2a: Skeledirge|Protect\n|move|p1a: Motorwash|Hydro Pump|p2a: Skeledirge\n|-activate|p2a: Skeledirge|move: Protect\n|move|p1b: Iron Mugulis|Matcha Gotcha|p2a: Skeledirge|[spread] p2b\n|-activate|p2a: Skeledirge|move: Protect\n|-resisted|p2b: Sinistcha|1\n|-damage|p2b: Sinistcha|29/100 brn\n|-heal|p1b: Iron Mugulis|78/100|[from] drain|[of] p2b: Sinistcha\n|move|p2b: Sinistcha|Matcha Gotcha|p1b: Iron Mugulis|[spread] p1a,p1b\n|-supereffective|p1a: Motorwash|1\n|-resisted|p1b: Iron Mugulis|1\n|-damage|p1a: Motorwash|51/100\n|-heal|p2b: Sinistcha|47/100 brn|[from] drain|[of] p1a: Motorwash\n|-damage|p1b: Iron Mugulis|62/100\n|-heal|p2b: Sinistcha|55/100 brn|[from] drain|[of] p1b: Iron Mugulis\n|-status|p1b: Iron Mugulis|brn\n|\n|-heal|p1a: Motorwash|56/100|[from] item: Leftovers\n|-damage|p1b: Iron Mugulis|56/100 brn|[from] brn\n|-damage|p2b: Sinistcha|49/100 brn|[from] brn\n|upkeep\n|turn|11\n|inactive|Miztah Monstur has 30 seconds left.\n|\n|t:|1788224861\n|move|p2b: Sinistcha|Rage Powder|p2b: Sinistcha\n|-singleturn|p2b: Sinistcha|move: Rage Powder\n|move|p1a: Motorwash|Hydro Pump|p2b: Sinistcha\n|-resisted|p2b: Sinistcha|1\n|-damage|p2b: Sinistcha|16/100 brn\n|move|p1b: Iron Mugulis|Matcha Gotcha|p2b: Sinistcha|[spread] p2a,p2b\n|-resisted|p2a: Skeledirge|1\n|-resisted|p2b: Sinistcha|1\n|-damage|p2a: Skeledirge|0 fnt\n|-heal|p1b: Iron Mugulis|61/100 brn|[from] drain|[of] p2a: Skeledirge\n|-damage|p2b: Sinistcha|1/100 brn\n|-heal|p1b: Iron Mugulis|69/100 brn|[from] drain|[of] p2b: Sinistcha\n|faint|p2a: Skeledirge\n|\n|-heal|p1a: Motorwash|62/100|[from] item: Leftovers\n|-damage|p1b: Iron Mugulis|63/100 brn|[from] brn\n|-damage|p2b: Sinistcha|0 fnt|[from] brn\n|faint|p2b: Sinistcha\n|upkeep\n|\n|t:|1788224878\n|switch|p2b: Basculegion|Basculegion, L50, M, shiny|100/100\n|turn|12\n|\n|t:|1788224887\n|move|p1b: Iron Mugulis|Rage Powder|p1b: Iron Mugulis\n|-singleturn|p1b: Iron Mugulis|move: Rage Powder\n|move|p2b: Basculegion|Last Respects|p1b: Iron Mugulis\n|-supereffective|p1b: Iron Mugulis|1\n|-damage|p1b: Iron Mugulis|0 fnt\n|faint|p1b: Iron Mugulis\n|move|p1a: Motorwash|Thunderbolt|p2b: Basculegion\n|-supereffective|p2b: Basculegion|1\n|-damage|p2b: Basculegion|0 fnt\n|faint|p2b: Basculegion\n|\n|win|Luma Tactas\n|raw|Luma Tactas's rating: 1053 &rarr; <strong>1092</strong><br />(+39 for winning)\n|raw|Miztah Monstur's rating: 1132 &rarr; <strong>1101</strong><br />(-31 for losing)\n|l|☆Miztah Monstur\n|player|p2|\n","uploadtime":1788224927,"views":"8","formatid":"gen9championsvgc2026regmbbo3","rating":1092,"private":0,"password":null}