{"id":"gen9championsvgc2026regmbbo3-2674711776","format":"[Gen 9 Champions] VGC 2026 Reg M-B (Bo3)","players":["B0chii!","Millie Jean"],"log":"|j|☆B0chii!\n|j|‽Millie Jean\n|html|<table width=\"100%\"><tr><td align=\"left\">B0chii!</td><td align=\"right\">Millie Jean</tr><tr><td align=\"left\"><i class=\"fa fa-circle-o\"></i> <i class=\"fa fa-circle-o\"></i> </td><td align=\"right\"><i class=\"fa fa-circle-o\"></i> <i class=\"fa fa-circle-o\"></i> </tr></table>\n|uhtml|bestof|<h2><strong>Game 1</strong> of <a href=\"/game-bestof3-gen9championsvgc2026regmbbo3-2674711775\">a best-of-3</a></h2>\n|t:|1788394349\n|gametype|doubles\n|player|p1|B0chii!|skierf|1068\n|player|p2|Millie Jean|hilda-wonderlauncher|1031\n|gen|9\n|tier|[Gen 9 Champions] VGC 2026 Reg M-B (Bo3)\n|rated|\n|rule|Species Clause: Limit one of each Pokémon\n|rule|Item Clause: Limit 1 of each item\n|clearpoke\n|poke|p1|Dragonite, L50, F, shiny|\n|poke|p1|Basculegion, L50, M, shiny|\n|poke|p1|Sylveon, L50, F, shiny|\n|poke|p1|Sneasler, L50, M|\n|poke|p1|Garchomp, L50, M|\n|poke|p1|Froslass, L50, F|\n|poke|p2|Dragalge, L50, F, shiny|\n|poke|p2|Sinistcha, L50|\n|poke|p2|Toxapex, L50, M|\n|poke|p2|Charizard, L50, M|\n|poke|p2|Incineroar, L50, M|\n|poke|p2|Whimsicott, L50, M|\n|teampreview|4\n|showteam|p1|Dragonite||Dragoninite|Multiscale|DragonPulse,Thunderbolt,Protect,HeatWave|Modest||F|||50|]Basculegion||LifeOrb|Adaptability|AquaJet,Protect,LastRespects,WaveCrash|Adamant||M|||50|]Sylveon||FairyFeather|Pixilate|HyperVoice,Protect,QuickAttack,HyperBeam|Modest||F|||50|]Sneasler||FocusSash|Unburden|FakeOut,CloseCombat,DireClaw,Uturn|Jolly||M|||50|]Garchomp||ChoiceScarf|RoughSkin|StompingTantrum,DragonClaw,RockSlide,PoisonJab|Adamant||M|||50|]Froslass||Froslassite|CursedBody|AuroraVeil,Blizzard,Protect,ShadowBall|Timid||F|||50|\n|showteam|p2|Dragalge||Dragalgite|Adaptability|Protect,DragonPulse,SludgeBomb,Thunderbolt|Quiet||F|||50|]Sinistcha||ColburBerry|Hospitality|RagePowder,MatchaGotcha,LifeDew,TrickRoom|Bold|||||50|]Toxapex||Leftovers|Regenerator|BanefulBunker,Toxic,Infestation,WideGuard|Bold||M|||50|]Charizard||CharizarditeY|SolarPower|Protect,AncientPower,HeatWave,SolarBeam|Modest||M|||50|]Incineroar||SitrusBerry|Intimidate|FakeOut,PartingShot,Snarl,FlareBlitz|Careful||M|||50|]Whimsicott||FocusSash|Prankster|Tailwind,FakeTears,HelpingHand,Moonblast|Timid||M|||50|\n|inactive|Battle timer is ON: inactive players will automatically lose when time's up. (requested by Millie Jean)\n|inactive|B0chii! has 60 seconds left.\n|\n|t:|1788394409\n|teamsize|p1|4\n|teamsize|p2|4\n|start\n|switch|p1a: Sneasler|Sneasler, L50, M|100/100\n|switch|p1b: Dragonite|Dragonite, L50, F, shiny|100/100\n|switch|p2a: Toxapex|Toxapex, L50, M|100/100\n|switch|p2b: Incineroar|Incineroar, L50, M|100/100\n|-ability|p2b: Incineroar|Intimidate|boost\n|-unboost|p1a: Sneasler|atk|1\n|-unboost|p1b: Dragonite|atk|1\n|turn|1\n|inactive|Millie Jean has 30 seconds left.\n|inactive|Millie Jean has 20 seconds left.\n|inactive|Millie Jean has 15 seconds left.\n|inactive|Millie Jean has 10 seconds left.\n|inactive|Millie Jean has 5 seconds left.\n|\n|t:|1788394464\n|detailschange|p1b: Dragonite|Dragonite-Mega, L50, F, shiny\n|-mega|p1b: Dragonite|Dragonite|Dragoninite\n|move|p2a: Toxapex|Baneful Bunker|p2a: Toxapex\n|-singleturn|p2a: Toxapex|move: Protect\n|move|p1a: Sneasler|Fake Out|p2b: Incineroar\n|-damage|p2b: Incineroar|91/100\n|cant|p2b: Incineroar|flinch\n|move|p1b: Dragonite|Thunderbolt|p2a: Toxapex\n|-activate|p2a: Toxapex|move: Protect\n|\n|upkeep\n|turn|2\n|inactive|B0chii! has 30 seconds left.\n|\n|t:|1788394490\n|switch|p2b: Whimsicott|Whimsicott, L50, M|100/100\n|move|p1a: Sneasler|U-turn|p2a: Toxapex\n|-resisted|p2a: Toxapex|1\n|-damage|p2a: Toxapex|94/100\n|\n|t:|1788394498\n|switch|p1a: Basculegion|Basculegion, L50, M, shiny|100/100|[from] U-turn\n|move|p1b: Dragonite|Thunderbolt|p2a: Toxapex\n|-supereffective|p2a: Toxapex|1\n|-damage|p2a: Toxapex|40/100\n|move|p2a: Toxapex|Toxic|p1b: Dragonite\n|-status|p1b: Dragonite|tox\n|\n|-heal|p2a: Toxapex|46/100|[from] item: Leftovers\n|-damage|p1b: Dragonite|93/100 tox|[from] psn\n|upkeep\n|turn|3\n|\n|t:|1788394517\n|move|p2a: Toxapex|Baneful Bunker|p2a: Toxapex\n|-singleturn|p2a: Toxapex|move: Protect\n|move|p1a: Basculegion|Aqua Jet|p2b: Whimsicott\n|-resisted|p2b: Whimsicott|1\n|-damage|p2b: Whimsicott|71/100\n|-damage|p1a: Basculegion|90/100|[from] item: Life Orb\n|move|p2b: Whimsicott|Moonblast|p1b: Dragonite\n|-supereffective|p1b: Dragonite|1\n|-damage|p1b: Dragonite|42/100 tox\n|move|p1b: Dragonite|Heat Wave|p2a: Toxapex|[spread] p2b\n|-activate|p2a: Toxapex|move: Protect\n|-supereffective|p2b: Whimsicott|1\n|-damage|p2b: Whimsicott|0 fnt\n|faint|p2b: Whimsicott\n|\n|-heal|p2a: Toxapex|52/100|[from] item: Leftovers\n|-damage|p1b: Dragonite|30/100 tox|[from] psn\n|upkeep\n|\n|t:|1788394535\n|switch|p2b: Charizard|Charizard, L50, M|100/100\n|turn|4\n|inactive|Millie Jean has 30 seconds left.\n|inactive|B0chii! has 30 seconds left.\n|\n|t:|1788394566\n|-heal|p2a: Toxapex|85/100|[from] ability: Regenerator|[silent]\n|switch|p2a: Incineroar|Incineroar, L50, M|91/100\n|-ability|p2a: Incineroar|Intimidate|boost\n|-unboost|p1a: Basculegion|atk|1\n|-unboost|p1b: Dragonite|atk|1\n|detailschange|p2b: Charizard|Charizard-Mega-Y, L50, M\n|-mega|p2b: Charizard|Charizard|Charizardite Y\n|-weather|SunnyDay|[from] ability: Drought|[of] p2b: Charizard\n|move|p1a: Basculegion|Protect|p1a: Basculegion\n|-singleturn|p1a: Basculegion|Protect\n|move|p2b: Charizard|Heat Wave|p1a: Basculegion|[spread] p1b\n|-activate|p1a: Basculegion|move: Protect\n|-resisted|p1b: Dragonite|1\n|-damage|p1b: Dragonite|3/100 tox\n|move|p1b: Dragonite|Thunderbolt|p2a: Incineroar\n|-damage|p2a: Incineroar|65/100\n|\n|-weather|SunnyDay|[upkeep]\n|-damage|p1b: Dragonite|0 fnt|[from] psn\n|faint|p1b: Dragonite\n|upkeep\n|\n|t:|1788394584\n|switch|p1b: Garchomp|Garchomp, L50, M|100/100\n|turn|5\n|\n|t:|1788394600\n|move|p2a: Incineroar|Fake Out|p1b: Garchomp\n|-damage|p1b: Garchomp|90/100\n|-damage|p2a: Incineroar|53/100|[from] ability: Rough Skin|[of] p1b: Garchomp\n|move|p1a: Basculegion|Aqua Jet|p2b: Charizard\n|-supereffective|p2b: Charizard|1\n|-damage|p2b: Charizard|66/100\n|-damage|p1a: Basculegion|80/100|[from] item: Life Orb\n|cant|p1b: Garchomp|flinch\n|move|p2b: Charizard|Solar Beam||[still]\n|-prepare|p2b: Charizard|Solar Beam\n|-anim|p2b: Charizard|Solar Beam|p1a: Basculegion\n|-supereffective|p1a: Basculegion|1\n|-damage|p1a: Basculegion|0 fnt\n|faint|p1a: Basculegion\n|\n|-weather|SunnyDay|[upkeep]\n|upkeep\n|\n|t:|1788394613\n|switch|p1a: Sneasler|Sneasler, L50, M|100/100\n|turn|6\n|inactive|Millie Jean has 30 seconds left.\n|inactive|Millie Jean has 20 seconds left.\n|\n|t:|1788394648\n|move|p2b: Charizard|Protect|p2b: Charizard\n|-singleturn|p2b: Charizard|Protect\n|move|p1a: Sneasler|Fake Out|p2a: Incineroar\n|-damage|p2a: Incineroar|41/100\n|-enditem|p2a: Incineroar|Sitrus Berry|[eat]\n|-heal|p2a: Incineroar|65/100|[from] item: Sitrus Berry\n|move|p1b: Garchomp|Rock Slide|p2a: Incineroar|[spread] \n|-activate|p2b: Charizard|move: Protect\n|-miss|p1b: Garchomp|p2a: Incineroar\n|cant|p2a: Incineroar|flinch\n|\n|-weather|SunnyDay|[upkeep]\n|upkeep\n|turn|7\n|\n|t:|1788394669\n|switch|p2b: Toxapex|Toxapex, L50, M|85/100\n|move|p1b: Garchomp|Rock Slide|p2a: Incineroar|[spread] p2a,p2b\n|-supereffective|p2a: Incineroar|1\n|-damage|p2a: Incineroar|30/100\n|-damage|p2b: Toxapex|71/100\n|move|p1a: Sneasler|Close Combat|p2a: Incineroar\n|-supereffective|p2a: Incineroar|1\n|-damage|p2a: Incineroar|0 fnt\n|-unboost|p1a: Sneasler|def|1\n|-unboost|p1a: Sneasler|spd|1\n|faint|p2a: Incineroar\n|\n|-weather|SunnyDay|[upkeep]\n|-heal|p2b: Toxapex|77/100|[from] item: Leftovers\n|upkeep\n|\n|t:|1788394682\n|switch|p2a: Charizard|Charizard-Mega-Y, L50, M|66/100\n|turn|8\n|\n|t:|1788394700\n|move|p2b: Toxapex|Wide Guard|p2b: Toxapex\n|-singleturn|p2b: Toxapex|Wide Guard\n|move|p1b: Garchomp|Rock Slide|p2b: Toxapex|[spread] \n|-activate|p2a: Charizard|move: Wide Guard\n|-activate|p2b: Toxapex|move: Wide Guard\n|move|p1a: Sneasler|Close Combat|p2b: Toxapex\n|-resisted|p2b: Toxapex|1\n|-damage|p2b: Toxapex|58/100\n|-unboost|p1a: Sneasler|def|1\n|-unboost|p1a: Sneasler|spd|1\n|move|p2a: Charizard|Heat Wave|p1b: Garchomp|[spread] p1b\n|-miss|p2a: Charizard|p1a: Sneasler\n|-resisted|p1b: Garchomp|1\n|-damage|p1b: Garchomp|53/100\n|\n|-weather|none\n|-heal|p2b: Toxapex|64/100|[from] item: Leftovers\n|upkeep\n|turn|9\n|\n|t:|1788394722\n|move|p2a: Charizard|Protect|p2a: Charizard\n|-singleturn|p2a: Charizard|Protect\n|move|p1b: Garchomp|Rock Slide|p2a: Charizard|[spread] p2b\n|-activate|p2a: Charizard|move: Protect\n|-damage|p2b: Toxapex|49/100\n|move|p1a: Sneasler|Close Combat|p2b: Toxapex\n|-resisted|p2b: Toxapex|1\n|-damage|p2b: Toxapex|28/100\n|-unboost|p1a: Sneasler|def|1\n|-unboost|p1a: Sneasler|spd|1\n|cant|p2b: Toxapex|flinch\n|\n|-heal|p2b: Toxapex|33/100|[from] item: Leftovers\n|upkeep\n|turn|10\n|inactive|B0chii! has 30 seconds left.\n|\n|t:|1788394750\n|move|p2b: Toxapex|Wide Guard|p2b: Toxapex\n|-singleturn|p2b: Toxapex|Wide Guard\n|move|p1b: Garchomp|Rock Slide|p2a: Charizard|[spread] \n|-activate|p2a: Charizard|move: Wide Guard\n|-activate|p2b: Toxapex|move: Wide Guard\n|move|p1a: Sneasler|Close Combat|p2b: Toxapex\n|-resisted|p2b: Toxapex|1\n|-damage|p2b: Toxapex|14/100\n|-unboost|p1a: Sneasler|def|1\n|-unboost|p1a: Sneasler|spd|1\n|move|p2a: Charizard|Ancient Power|p1a: Sneasler\n|-resisted|p1a: Sneasler|1\n|-crit|p1a: Sneasler\n|-damage|p1a: Sneasler|23/100\n|\n|-heal|p2b: Toxapex|19/100|[from] item: Leftovers\n|upkeep\n|turn|11\n|\n|t:|1788394768\n|move|p2a: Charizard|Protect|p2a: Charizard\n|-singleturn|p2a: Charizard|Protect\n|move|p2b: Toxapex|Baneful Bunker||[still]\n|-fail|p2b: Toxapex\n|move|p1b: Garchomp|Rock Slide|p2a: Charizard|[spread] p2b\n|-activate|p2a: Charizard|move: Protect\n|-damage|p2b: Toxapex|4/100\n|move|p1a: Sneasler|Close Combat|p2b: Toxapex\n|-resisted|p2b: Toxapex|1\n|-damage|p2b: Toxapex|0 fnt\n|-unboost|p1a: Sneasler|def|1\n|-unboost|p1a: Sneasler|spd|1\n|faint|p2b: Toxapex\n|\n|upkeep\n|turn|12\n|\n|t:|1788394792\n|move|p1b: Garchomp|Rock Slide|p2a: Charizard\n|-supereffective|p2a: Charizard|2\n|-damage|p2a: Charizard|0 fnt\n|faint|p2a: Charizard\n|\n|win|B0chii!\n||Millie Jean is ready for game 2.\n|inactive|B0chii! has 30 seconds to confirm battle start!\n|inactive|B0chii! has 20 seconds to confirm battle start!\n||B0chii! is ready for game 2.\n|uhtml|next|Next: <a href=\"/battle-gen9championsvgc2026regmbbo3-2674714728\"><strong>Game 2 of 3</strong></a>\n","uploadtime":1788395186,"views":"1","formatid":"gen9championsvgc2026regmbbo3","rating":null,"private":0,"password":null}