{"id":"gen9championsvgc2026regmb-2674904319","format":"[Gen 9 Champions] VGC 2026 Reg M-B","players":["Thornlace48812","ElEntrenaitorBunny"],"log":"|j|☆Thornlace48812\n|j|☆ElEntrenaitorBunny\n|t:|1788433111\n|gametype|doubles\n|player|p1|Thornlace48812|102|1358\n|player|p2|ElEntrenaitorBunny|266|1422\n|gen|9\n|tier|[Gen 9 Champions] VGC 2026 Reg M-B\n|rated|\n|rule|Species Clause: Limit one of each Pokémon\n|rule|Item Clause: Limit 1 of each item\n|clearpoke\n|poke|p1|Garchomp, L50, F|\n|poke|p1|Charizard, L50, F|\n|poke|p1|Whimsicott, L50, M|\n|poke|p1|Sylveon, L50, F|\n|poke|p1|Kingambit, L50, F|\n|poke|p1|Basculegion, L50, M|\n|poke|p2|Floette-Eternal, L50, F|\n|poke|p2|Basculegion, L50, M, shiny|\n|poke|p2|Kingambit, L50, M, shiny|\n|poke|p2|Dragonite, L50, M, shiny|\n|poke|p2|Garchomp, L50, M|\n|poke|p2|Sneasler, L50, F, shiny|\n|teampreview|4\n|inactive|Battle timer is ON: inactive players will automatically lose when time's up. (requested by Thornlace48812)\nThornlace48812 rejected open team sheets.\n|\n|t:|1788433128\n|teamsize|p1|4\n|teamsize|p2|4\n|start\n|switch|p1a: Charizard|Charizard, L50, F|100/100\n|switch|p1b: Basculegion|Basculegion, L50, M|100/100\n|switch|p2a: Ferran Torres|Garchomp, L50, M|100/100\n|switch|p2b: toxica culona|Sneasler, L50, F, shiny|100/100\n|turn|1\n|\n|t:|1788433144\n|move|p1a: Charizard|Protect|p1a: Charizard\n|-singleturn|p1a: Charizard|Protect\n|move|p2b: toxica culona|Feint|p1a: Charizard\n|-activate|p1a: Charizard|move: Feint\n|-damage|p1a: Charizard|87/100\n|move|p2a: Ferran Torres|Rock Slide|p1a: Charizard|[spread] p1a,p1b\n|-supereffective|p1a: Charizard|2\n|-damage|p1a: Charizard|0 fnt\n|-damage|p1b: Basculegion|78/100\n|faint|p1a: Charizard\n|move|p1b: Basculegion|Wave Crash|p2a: Ferran Torres\n|-damage|p2a: Ferran Torres|5/100\n|-damage|p1b: Basculegion|66/100|[from] ability: Rough Skin|[of] p2a: Ferran Torres\n|-damage|p1b: Basculegion|35/100|[from] Recoil\n|\n|upkeep\n|\n|t:|1788433146\n|switch|p1a: Sylveon|Sylveon, L50, F|100/100\n|turn|2\n|\n|t:|1788433161\n|move|p1a: Sylveon|Detect|p1a: Sylveon\n|-singleturn|p1a: Sylveon|Protect\n|move|p1b: Basculegion|Aqua Jet|p2b: toxica culona\n|-crit|p2b: toxica culona\n|-damage|p2b: toxica culona|11/100\n|move|p2a: Ferran Torres|Rock Slide|p1b: Basculegion|[spread] p1b\n|-activate|p1a: Sylveon|move: Protect\n|-damage|p1b: Basculegion|12/100\n|move|p2b: toxica culona|Dire Claw|p1a: Sylveon\n|-activate|p1a: Sylveon|move: Protect\n|\n|upkeep\n|turn|3\n|\n|t:|1788433171\n|switch|p2b: Soji Okita|Kingambit, L50, M, shiny|100/100\n|move|p1b: Basculegion|Aqua Jet|p2b: Soji Okita\n|-damage|p2b: Soji Okita|75/100\n|move|p2a: Ferran Torres|Rock Slide|p1b: Basculegion|[spread] p1a,p1b\n|-damage|p1a: Sylveon|72/100\n|-damage|p1b: Basculegion|0 fnt\n|faint|p1b: Basculegion\n|move|p1a: Sylveon|Hyper Voice|p2b: Soji Okita|[spread] p2a,p2b\n|-supereffective|p2a: Ferran Torres|1\n|-crit|p2a: Ferran Torres\n|-damage|p2a: Ferran Torres|0 fnt\n|-damage|p2b: Soji Okita|36/100\n|faint|p2a: Ferran Torres\n|\n|upkeep\n|\n|t:|1788433183\n|switch|p2a: toxica culona|Sneasler, L50, F, shiny|11/100\n|switch|p1b: Whimsicott|Whimsicott, L50, M|100/100\n|turn|4\n|\n|t:|1788433187\n|move|p1a: Sylveon|Detect|p1a: Sylveon\n|-singleturn|p1a: Sylveon|Protect\n|move|p1b: Whimsicott|Tailwind|p1b: Whimsicott\n|-sidestart|p1: Thornlace48812|move: Tailwind\n|move|p2a: toxica culona|Dire Claw|p1a: Sylveon\n|-activate|p1a: Sylveon|move: Protect\n|move|p2b: Soji Okita|Iron Head|p1b: Whimsicott\n|-supereffective|p1b: Whimsicott|1\n|-enditem|p1b: Whimsicott|Focus Sash\n|-damage|p1b: Whimsicott|1/100\n|\n|upkeep\n|turn|5\n|\n|t:|1788433195\n|move|p1b: Whimsicott|Moonblast|p2a: toxica culona\n|-damage|p2a: toxica culona|0 fnt\n|faint|p2a: toxica culona\n|move|p1a: Sylveon|Hyper Voice|p2b: Soji Okita\n|-damage|p2b: Soji Okita|0 fnt\n|faint|p2b: Soji Okita\n|\n|upkeep\n|\n|t:|1788433200\n|switch|p2b: Shenron|Dragonite, L50, M, shiny|100/100\n|turn|6\n|\n|t:|1788433202\n|move|p1b: Whimsicott|Moonblast|p2b: Shenron\n|-supereffective|p2b: Shenron|1\n|-damage|p2b: Shenron|67/100\n|move|p1a: Sylveon|Hyper Beam|p2b: Shenron\n|-supereffective|p2b: Shenron|1\n|-damage|p2b: Shenron|0 fnt\n|-mustrecharge|p1a: Sylveon\n|faint|p2b: Shenron\n|\n|win|Thornlace48812\n|raw|Thornlace48812's rating: 1367 &rarr; <strong>1390</strong><br />(+23 for winning)\n|raw|ElEntrenaitorBunny's rating: 1422 &rarr; <strong>1399</strong><br />(-23 for losing)\n","uploadtime":1788433203,"views":"0","formatid":"gen9championsvgc2026regmb","rating":1390,"private":0,"password":null}