{"id":"gen9championsvgc2026regmb-2674291170","format":"[Gen 9 Champions] VGC 2026 Reg M-B","players":["Kwiper","zenchaos"],"log":"|j|☆Kwiper\n|j|☆zenchaos\n|t:|1788333201\n|gametype|doubles\n|player|p1|Kwiper|sycamore|1585\n|player|p2|zenchaos|102|1636\n|gen|9\n|tier|[Gen 9 Champions] VGC 2026 Reg M-B\n|rated|\n|rule|Species Clause: Limit one of each Pokémon\n|rule|Item Clause: Limit 1 of each item\n|clearpoke\n|poke|p1|Tyranitar, L50, M|\n|poke|p1|Excadrill, L50, M|\n|poke|p1|Milotic, L50, F|\n|poke|p1|Gholdengo, L50|\n|poke|p1|Sinistcha, L50|\n|poke|p1|Staraptor, L50, F|\n|poke|p2|Charizard, L50, F|\n|poke|p2|Pelipper, L50, M|\n|poke|p2|Archaludon, L50, F|\n|poke|p2|Venusaur, L50, F|\n|poke|p2|Swampert, L50, M|\n|poke|p2|Grimmsnarl, L50, M|\n|teampreview|4\n|inactive|Battle timer is ON: inactive players will automatically lose when time's up. (requested by Kwiper)\n|\n|t:|1788333220\n|teamsize|p1|4\n|teamsize|p2|4\n|start\n|switch|p1a: Tyranitar|Tyranitar, L50, M|100/100\n|switch|p1b: Excadrill|Excadrill, L50, M|100/100\n|switch|p2a: Charizard|Charizard, L50, F|100/100\n|switch|p2b: Venusaur|Venusaur, L50, F|100/100\n|-weather|Sandstorm|[from] ability: Sand Stream|[of] p1a: Tyranitar\n|turn|1\n|\n|t:|1788333233\n|switch|p2a: Archaludon|Archaludon, L50, F|100/100\n|move|p1b: Excadrill|High Horsepower|p2b: Venusaur\n|-crit|p2b: Venusaur\n|-damage|p2b: Venusaur|3/100\n|move|p2b: Venusaur|Sleep Powder|p1b: Excadrill\n|-status|p1b: Excadrill|slp|[from] move: Sleep Powder\n|move|p1a: Tyranitar|Rock Slide|p2a: Archaludon|[spread] p2a,p2b\n|-resisted|p2a: Archaludon|1\n|-damage|p2a: Archaludon|89/100\n|-damage|p2b: Venusaur|0 fnt\n|-ability|p2a: Archaludon|Stamina|boost\n|-boost|p2a: Archaludon|def|1\n|faint|p2b: Venusaur\n|\n|-weather|Sandstorm|[upkeep]\n|-heal|p2a: Archaludon|95/100|[from] item: Leftovers\n|upkeep\n|\n|t:|1788333246\n|switch|p2b: Charizard|Charizard, L50, F|100/100\n|turn|2\n|\n|t:|1788333251\n|detailschange|p2b: Charizard|Charizard-Mega-Y, L50, F\n|-mega|p2b: Charizard|Charizard|Charizardite Y\n|-weather|SunnyDay|[from] ability: Drought|[of] p2b: Charizard\n|move|p2b: Charizard|Protect|p2b: Charizard\n|-singleturn|p2b: Charizard|Protect\n|cant|p1b: Excadrill|slp\n|move|p1a: Tyranitar|Rock Slide|p2a: Archaludon|[spread] p2a\n|-activate|p2b: Charizard|move: Protect\n|-resisted|p2a: Archaludon|1\n|-crit|p2a: Archaludon\n|-damage|p2a: Archaludon|81/100\n|-ability|p2a: Archaludon|Stamina|boost\n|-boost|p2a: Archaludon|def|1\n|move|p2a: Archaludon|Flash Cannon|p1a: Tyranitar\n|-supereffective|p1a: Tyranitar|1\n|-damage|p1a: Tyranitar|31/100\n|-unboost|p1a: Tyranitar|spd|1\n|\n|-weather|SunnyDay|[upkeep]\n|-heal|p2a: Archaludon|87/100|[from] item: Leftovers\n|upkeep\n|turn|3\n|\n|t:|1788333267\n|move|p2b: Charizard|Heat Wave|p1b: Excadrill|[spread] p1b\n|-miss|p2b: Charizard|p1a: Tyranitar\n|-supereffective|p1b: Excadrill|1\n|-enditem|p1b: Excadrill|Focus Sash\n|-damage|p1b: Excadrill|1/100 slp\n|cant|p1b: Excadrill|slp\n|move|p1a: Tyranitar|Rock Slide|p2b: Charizard|[spread] p2a,p2b\n|-resisted|p2a: Archaludon|1\n|-supereffective|p2b: Charizard|2\n|-damage|p2a: Archaludon|82/100\n|-damage|p2b: Charizard|0 fnt\n|-ability|p2a: Archaludon|Stamina|boost\n|-boost|p2a: Archaludon|def|1\n|faint|p2b: Charizard\n|move|p2a: Archaludon|Flash Cannon|p1b: Excadrill\n|-resisted|p1b: Excadrill|1\n|-damage|p1b: Excadrill|0 fnt\n|faint|p1b: Excadrill\n|\n|-weather|SunnyDay|[upkeep]\n|-heal|p2a: Archaludon|88/100|[from] item: Leftovers\n|upkeep\n|\n|t:|1788333281\n|switch|p2b: Pelipper|Pelipper, L50, M|100/100\n|switch|p1b: Staraptor|Staraptor, L50, F|100/100\n|-ability|p1b: Staraptor|Intimidate|boost\n|-unboost|p2a: Archaludon|atk|1\n|-unboost|p2b: Pelipper|atk|1\n|-weather|RainDance|[from] ability: Drizzle|[of] p2b: Pelipper\n|turn|4\n|\n|t:|1788333291\n|switch|p1a: Gholdengo|Gholdengo, L50|100/100\n|move|p1b: Staraptor|Tailwind|p1b: Staraptor\n|-sidestart|p1: Kwiper|move: Tailwind\n|move|p2a: Archaludon|Electro Shot||[still]\n|-prepare|p2a: Archaludon|Electro Shot\n|-boost|p2a: Archaludon|spa|1\n|-anim|p2a: Archaludon|Electro Shot|p1b: Staraptor\n|-supereffective|p1b: Staraptor|1\n|-damage|p1b: Staraptor|0 fnt\n|faint|p1b: Staraptor\n|move|p2b: Pelipper|Tailwind|p2b: Pelipper\n|-sidestart|p2: zenchaos|move: Tailwind\n|\n|-weather|RainDance|[upkeep]\n|-heal|p2a: Archaludon|94/100|[from] item: Leftovers\n|upkeep\n|\n|t:|1788333293\n|switch|p1b: Tyranitar|Tyranitar, L50, M|31/100\n|-weather|Sandstorm|[from] ability: Sand Stream|[of] p1b: Tyranitar\n|turn|5\n|\n|t:|1788333306\n|detailschange|p1b: Tyranitar|Tyranitar-Mega, L50, M\n|-mega|p1b: Tyranitar|Tyranitar|Tyranitarite\n|move|p1b: Tyranitar|Rock Slide|p2a: Archaludon|[spread] p2a,p2b\n|-resisted|p2a: Archaludon|1\n|-crit|p2a: Archaludon\n|-supereffective|p2b: Pelipper|1\n|-damage|p2a: Archaludon|75/100\n|-damage|p2b: Pelipper|41/100\n|-ability|p2a: Archaludon|Stamina|boost\n|-boost|p2a: Archaludon|def|1\n|-enditem|p2b: Pelipper|Sitrus Berry|[eat]\n|-heal|p2b: Pelipper|65/100|[from] item: Sitrus Berry\n|move|p1a: Gholdengo|Nasty Plot|p1a: Gholdengo\n|-boost|p1a: Gholdengo|spa|2\n|move|p2a: Archaludon|Electro Shot||[still]\n|-prepare|p2a: Archaludon|Electro Shot\n|-boost|p2a: Archaludon|spa|1\n|cant|p2b: Pelipper|flinch\n|\n|-weather|Sandstorm|[upkeep]\n|-damage|p2b: Pelipper|59/100|[from] Sandstorm\n|-heal|p2a: Archaludon|81/100|[from] item: Leftovers\n|upkeep\n|turn|6\n|\n|t:|1788333324\n|move|p1b: Tyranitar|Knock Off|p2a: Archaludon\n|-damage|p2a: Archaludon|68/100\n|-ability|p2a: Archaludon|Stamina|boost\n|-boost|p2a: Archaludon|def|1\n|-enditem|p2a: Archaludon|Leftovers|[from] move: Knock Off|[of] p1b: Tyranitar\n|move|p1a: Gholdengo|Shadow Ball|p2a: Archaludon\n|-crit|p2a: Archaludon\n|-damage|p2a: Archaludon|0 fnt\n|faint|p2a: Archaludon\n|-damage|p1a: Gholdengo|90/100|[from] item: Life Orb\n|move|p2b: Pelipper|Weather Ball|p1b: Tyranitar\n|-damage|p1b: Tyranitar|17/100\n|\n|-weather|Sandstorm|[upkeep]\n|-damage|p2b: Pelipper|53/100|[from] Sandstorm\n|upkeep\n|turn|7\n|-message|zenchaos forfeited.\n|\n|win|Kwiper\n|raw|Kwiper's rating: 1585 &rarr; <strong>1608</strong><br />(+23 for winning)\n|raw|zenchaos's rating: 1636 &rarr; <strong>1613</strong><br />(-23 for losing)\n","uploadtime":1788333333,"views":"1","formatid":"gen9championsvgc2026regmb","rating":1608,"private":0,"password":null}