{"id":"gen9championsvgc2026regmb-2674229655","format":"[Gen 9 Champions] VGC 2026 Reg M-B","players":["magicalarcher57","tryson69"],"log":"|j|☆magicalarcher57\n|j|☆tryson69\n|html|<table width=\"100%\"><tr><td align=\"left\">magicalarcher57</td><td align=\"right\">tryson69</tr><tr><td align=\"left\"><i class=\"fa fa-circle\"></i> <i class=\"fa fa-circle-o\"></i> </td><td align=\"right\"><i class=\"fa fa-circle-o\"></i> <i class=\"fa fa-circle-o\"></i> </tr></table>\n|uhtml|bestof|<h2><strong>Game 2</strong> of <a href=\"/game-bestof3-gen9championsvgc2026regmb-2674228200\">a best-of-3</a></h2>\n|t:|1788319284\n|gametype|doubles\n|player|p1|magicalarcher57|cynthia-masters|\n|player|p2|tryson69|crasherwake|\n|gen|9\n|tier|[Gen 9 Champions] VGC 2026 Reg M-B\n|rated|Tournament battle\n|rule|Species Clause: Limit one of each Pokémon\n|rule|Item Clause: Limit 1 of each item\n|raw|<div class=\"infobox\"><details class=\"readmore\" open><summary><strong>2 custom rules:</strong></summary> Force Open Team Sheets, Best of = 3</details></div>\n|clearpoke\n|poke|p1|Raichu, L50, F, shiny|\n|poke|p1|Garchomp, L50, F, shiny|\n|poke|p1|Whimsicott, L50, M, shiny|\n|poke|p1|Kingambit, L50, F, shiny|\n|poke|p1|Charizard, L50, F, shiny|\n|poke|p1|Basculegion, L50, M|\n|poke|p2|Raichu, L50, F|\n|poke|p2|Gholdengo, L50|\n|poke|p2|Garchomp, L50, M|\n|poke|p2|Incineroar, L50, F|\n|poke|p2|Slowbro, L50, M|\n|poke|p2|Sinistcha, L50|\n|teampreview|4\n|showteam|p1|Raichu||RaichuniteY|LightningRod|FakeOut,FocusBlast,ZapCannon,Protect|Timid||F|||50|]Garchomp||LifeOrb|RoughSkin|DragonClaw,RockSlide,StompingTantrum,Protect|Jolly||F|||50|]Whimsicott||FocusSash|Prankster|Moonblast,Tailwind,Protect,Encore|Timid||M|||50|]Kingambit||BlackGlasses|Defiant|SuckerPunch,KowtowCleave,IronHead,Protect|Adamant||F|||50|]Charizard||CharizarditeY|Blaze|WeatherBall,AncientPower,HeatWave,Protect|Modest||F|||50|]Basculegion||MysticWater|Adaptability|WaveCrash,LastRespects,AquaJet,Protect|Adamant||M|||50|\n|showteam|p2|Raichu||RaichuniteY|LightningRod|ZapCannon,FocusBlast,Protect,FakeOut|Timid||F|||50|]Gholdengo||SpellTag|GoodasGold|NastyPlot,ShadowBall,Protect,MakeItRain|Modest|||||50|]Garchomp||LifeOrb|RoughSkin|Earthquake,RockSlide,Protect,DragonClaw|Adamant||M|||50|]Incineroar||SitrusBerry|Intimidate|FakeOut,FlareBlitz,DarkestLariat,PartingShot|Impish||F|||50|]Slowbro||Slowbronite|Oblivious|SlackOff,Scald,CalmMind,Psyshock|Quiet||M|||50|]Sinistcha||ColburBerry|Hospitality|MatchaGotcha,TrickRoom,Protect,RagePowder|Bold|||||50|\n|inactive|Battle timer is ON: inactive players will automatically lose when time's up. (requested by magicalarcher57)\n|j| NintendoNed\n|\n|t:|1788319313\n|teamsize|p1|4\n|teamsize|p2|4\n|start\n|switch|p1a: Kingambit|Kingambit, L50, F, shiny|100/100\n|switch|p1b: Whimsicott|Whimsicott, L50, M, shiny|100/100\n|switch|p2a: Raichu|Raichu, L50, F|100/100\n|switch|p2b: Sinistcha|Sinistcha, L50|100/100\n|turn|1\n|inactive|magicalarcher57 has 30 seconds left.\n|inactive|magicalarcher57 has 20 seconds left.\n|\n|t:|1788319352\n|detailschange|p2a: Raichu|Raichu-Mega-Y, L50, F\n|-mega|p2a: Raichu|Raichu|Raichunite Y\n|move|p1b: Whimsicott|Protect|p1b: Whimsicott\n|-singleturn|p1b: Whimsicott|Protect\n|move|p1a: Kingambit|Protect|p1a: Kingambit\n|-singleturn|p1a: Kingambit|Protect\n|move|p2a: Raichu|Zap Cannon|p1a: Kingambit\n|-activate|p1a: Kingambit|move: Protect\n|move|p2b: Sinistcha|Matcha Gotcha|p1b: Whimsicott|[spread] \n|-activate|p1a: Kingambit|move: Protect\n|-activate|p1b: Whimsicott|move: Protect\n|\n|upkeep\n|turn|2\n|\n|t:|1788319359\n|move|p2b: Sinistcha|Rage Powder|p2b: Sinistcha\n|-singleturn|p2b: Sinistcha|move: Rage Powder\n|move|p1b: Whimsicott|Encore|p2a: Raichu\n|-start|p2a: Raichu|Encore\n|move|p2a: Raichu|Zap Cannon|p1a: Kingambit\n|-damage|p1a: Kingambit|14/100\n|-status|p1a: Kingambit|par\n|move|p1a: Kingambit|Kowtow Cleave|p2b: Sinistcha\n|-supereffective|p2b: Sinistcha|1\n|-enditem|p2b: Sinistcha|Colbur Berry|[eat]\n|-enditem|p2b: Sinistcha|Colbur Berry|[weaken]\n|-damage|p2b: Sinistcha|49/100\n|\n|upkeep\n|turn|3\n|j| Tealnotsu\n|inactive|magicalarcher57 has 30 seconds left.\n|inactive|tryson69 has 30 seconds left.\n|\n|t:|1788319398\n|switch|p2a: Garchomp|Garchomp, L50, M|100/100\n|move|p1b: Whimsicott|Tailwind|p1b: Whimsicott\n|-sidestart|p1: magicalarcher57|move: Tailwind\n|move|p1a: Kingambit|Kowtow Cleave|p2b: Sinistcha\n|-supereffective|p2b: Sinistcha|1\n|-damage|p2b: Sinistcha|0 fnt\n|faint|p2b: Sinistcha\n|\n|upkeep\n|\n|t:|1788319408\n|switch|p2b: Raichu|Raichu-Mega-Y, L50, F|100/100\n|turn|4\n|\n|t:|1788319427\n|move|p2b: Raichu|Fake Out|p1b: Whimsicott\n|-damage|p1b: Whimsicott|88/100\n|cant|p1b: Whimsicott|flinch\n|move|p2a: Garchomp|Rock Slide|p1a: Kingambit|[spread] p1b\n|-miss|p2a: Garchomp|p1a: Kingambit\n|-damage|p1b: Whimsicott|51/100\n|-damage|p2a: Garchomp|90/100|[from] item: Life Orb\n|move|p1a: Kingambit|Kowtow Cleave|p2b: Raichu\n|-damage|p2b: Raichu|0 fnt\n|faint|p2b: Raichu\n|\n|upkeep\n|c|☆tryson69|well thats a gg\n|\n|t:|1788319439\n|switch|p2b: Mr Cat|Incineroar, L50, F|100/100\n|-ability|p2b: Mr Cat|Intimidate|boost\n|-unboost|p1a: Kingambit|atk|1\n|-ability|p1a: Kingambit|Defiant|boost\n|-boost|p1a: Kingambit|atk|2\n|-unboost|p1b: Whimsicott|atk|1\n|turn|5\n|\n|t:|1788319447\n|move|p2a: Garchomp|Protect|p2a: Garchomp\n|-singleturn|p2a: Garchomp|Protect\n|move|p1b: Whimsicott|Moonblast|p2a: Garchomp\n|-activate|p2a: Garchomp|move: Protect\n|move|p1a: Kingambit|Kowtow Cleave|p2a: Garchomp\n|-activate|p2a: Garchomp|move: Protect\n|move|p2b: Mr Cat|Flare Blitz|p1b: Whimsicott\n|-supereffective|p1b: Whimsicott|1\n|-damage|p1b: Whimsicott|0 fnt\n|faint|p1b: Whimsicott\n|-damage|p2b: Mr Cat|88/100|[from] Recoil\n|\n|upkeep\n|j| TG511\n|\n|t:|1788319448\n|switch|p1b: Garchomp|Garchomp, L50, F, shiny|100/100\n|turn|6\n|j| TheOneAndOnlyChat\n|\n|t:|1788319453\n|move|p1b: Garchomp|Dragon Claw|p2a: Garchomp\n|-supereffective|p2a: Garchomp|1\n|-damage|p2a: Garchomp|3/100\n|-damage|p1b: Garchomp|87/100|[from] ability: Rough Skin|[of] p2a: Garchomp\n|-damage|p1b: Garchomp|77/100|[from] item: Life Orb\n|move|p2a: Garchomp|Dragon Claw|p1b: Garchomp\n|-supereffective|p1b: Garchomp|1\n|-damage|p1b: Garchomp|0 fnt\n|-damage|p2a: Garchomp|0 fnt|[from] ability: Rough Skin|[of] p1b: Garchomp\n|faint|p1b: Garchomp\n|faint|p2a: Garchomp\n|move|p1a: Kingambit|Kowtow Cleave|p2b: Mr Cat\n|-resisted|p2b: Mr Cat|1\n|-damage|p2b: Mr Cat|48/100\n|-enditem|p2b: Mr Cat|Sitrus Berry|[eat]\n|-heal|p2b: Mr Cat|73/100|[from] item: Sitrus Berry\n|move|p2b: Mr Cat|Flare Blitz|p1a: Kingambit\n|-supereffective|p1a: Kingambit|1\n|-damage|p1a: Kingambit|0 fnt\n|faint|p1a: Kingambit\n|-damage|p2b: Mr Cat|69/100|[from] Recoil\n|\n|-sideend|p1: magicalarcher57|move: Tailwind\n|upkeep\n|\n|t:|1788319469\n|switch|p1b: Charizard|Charizard, L50, F, shiny|100/100\n|turn|7\n|j| Tindall64\n|\n|t:|1788319473\n|detailschange|p1b: Charizard|Charizard-Mega-Y, L50, F, shiny\n|-mega|p1b: Charizard|Charizard|Charizardite Y\n|-weather|SunnyDay|[from] ability: Drought|[of] p1b: Charizard\n|move|p1b: Charizard|Ancient Power|p2b: Mr Cat\n|-supereffective|p2b: Mr Cat|1\n|-damage|p2b: Mr Cat|24/100\n|move|p2b: Mr Cat|Darkest Lariat|p1b: Charizard\n|-damage|p1b: Charizard|54/100\n|\n|-weather|SunnyDay|[upkeep]\n|upkeep\n|turn|8\n|\n|t:|1788319478\n|move|p1b: Charizard|Ancient Power|p2b: Mr Cat\n|-supereffective|p2b: Mr Cat|1\n|-damage|p2b: Mr Cat|0 fnt\n|faint|p2b: Mr Cat\n|\n|win|magicalarcher57\n","uploadtime":1788319478,"views":"5","formatid":"gen9championsvgc2026regmb","rating":null,"private":0,"password":null}