{"id":"gen9championsvgc2026regmb-2674615146","format":"[Gen 9 Champions] VGC 2026 Reg M-B","players":["VJ2511","zenchaos"],"log":"|j|☆VJ2511\n|j|☆zenchaos\n|t:|1788380578\n|gametype|doubles\n|player|p1|VJ2511|1|1622\n|player|p2|zenchaos|2|1628\n|gen|9\n|tier|[Gen 9 Champions] VGC 2026 Reg M-B\n|rated|\n|rule|Species Clause: Limit one of each Pokémon\n|rule|Item Clause: Limit 1 of each item\n|clearpoke\n|poke|p1|Staraptor, L50, F, shiny|\n|poke|p1|Arcanine-Hisui, L50, M, shiny|\n|poke|p1|Kingambit, L50, M, shiny|\n|poke|p1|Sylveon, L50, M, shiny|\n|poke|p1|Raichu, L50, F, shiny|\n|poke|p1|Farigiraf, L50, F, shiny|\n|poke|p2|Charizard, L50, F|\n|poke|p2|Pelipper, L50, M|\n|poke|p2|Archaludon, L50, M|\n|poke|p2|Venusaur, L50, M|\n|poke|p2|Swampert, L50, F|\n|poke|p2|Grimmsnarl, L50, M|\n|teampreview|4\n|inactive|Battle timer is ON: inactive players will automatically lose when time's up. (requested by VJ2511)\n|\n|t:|1788380609\n|teamsize|p1|4\n|teamsize|p2|4\n|start\n|switch|p1a: Raichu|Raichu, L50, F, shiny|100/100\n|switch|p1b: Farigiraf|Farigiraf, L50, F, shiny|100/100\n|switch|p2a: Venusaur|Venusaur, L50, M|100/100\n|switch|p2b: Grimmsnarl|Grimmsnarl, L50, M|100/100\n|turn|1\n|inactive|zenchaos has 30 seconds left.\n|\n|t:|1788380634\n|detailschange|p1a: Raichu|Raichu-Mega-Y, L50, F, shiny\n|-mega|p1a: Raichu|Raichu|Raichunite Y\n|move|p1a: Raichu|Fake Out|p2a: Venusaur\n|-damage|p2a: Venusaur|88/100\n|cant|p2a: Venusaur|flinch\n|move|p1b: Farigiraf|Psychic|p2a: Venusaur\n|-supereffective|p2a: Venusaur|1\n|-damage|p2a: Venusaur|25/100\n|move|p2b: Grimmsnarl|Spirit Break|p1a: Raichu\n|-damage|p1a: Raichu|53/100\n|-unboost|p1a: Raichu|spa|1\n|\n|upkeep\n|turn|2\n|\n|t:|1788380652\n|move|p2a: Venusaur|Protect|p2a: Venusaur\n|-singleturn|p2a: Venusaur|Protect\n|move|p1a: Raichu|Zap Cannon|p2a: Venusaur\n|-activate|p2a: Venusaur|move: Protect\n|move|p1b: Farigiraf|Psychic|p2a: Venusaur\n|-activate|p2a: Venusaur|move: Protect\n|move|p2b: Grimmsnarl|Spirit Break|p1a: Raichu\n|-damage|p1a: Raichu|4/100\n|-unboost|p1a: Raichu|spa|1\n|\n|upkeep\n|turn|3\n|\n|t:|1788380668\n|move|p1a: Raichu|Focus Blast|p2a: Venusaur\n|-resisted|p2a: Venusaur|1\n|-damage|p2a: Venusaur|15/100\n|move|p2a: Venusaur|Sleep Powder|p1b: Farigiraf|[miss]\n|-miss|p2a: Venusaur|p1b: Farigiraf\n|move|p1b: Farigiraf|Psychic|p2a: Venusaur\n|-supereffective|p2a: Venusaur|1\n|-damage|p2a: Venusaur|0 fnt\n|faint|p2a: Venusaur\n|move|p2b: Grimmsnarl|Spirit Break|p1a: Raichu\n|-damage|p1a: Raichu|0 fnt\n|faint|p1a: Raichu\n|\n|upkeep\n|\n|t:|1788380677\n|switch|p1a: Kingambit|Kingambit, L50, M, shiny|100/100\n|switch|p2a: Swampert|Swampert, L50, F|100/100\n|turn|4\n|\n|t:|1788380691\n|detailschange|p2a: Swampert|Swampert-Mega, L50, F\n|-mega|p2a: Swampert|Swampert|Swampertite\n|move|p1a: Kingambit|Protect|p1a: Kingambit\n|-singleturn|p1a: Kingambit|Protect\n|move|p2b: Grimmsnarl|Light Screen|p2b: Grimmsnarl\n|-sidestart|p2: zenchaos|move: Light Screen\n|move|p2a: Swampert|Earthquake|p1a: Kingambit|[spread] p2b,p1b\n|-activate|p1a: Kingambit|move: Protect\n|-damage|p2b: Grimmsnarl|56/100\n|-damage|p1b: Farigiraf|54/100\n|move|p1b: Farigiraf|Trick Room|p1b: Farigiraf\n|-fieldstart|move: Trick Room|[of] p1b: Farigiraf\n|\n|upkeep\n|turn|5\n|\n|t:|1788380716\n|switch|p1b: Sylveon|Sylveon, L50, M, shiny|100/100\n|move|p2a: Swampert|Protect|p2a: Swampert\n|-singleturn|p2a: Swampert|Protect\n|move|p1a: Kingambit|Swords Dance|p1a: Kingambit\n|-boost|p1a: Kingambit|atk|2\n|move|p2b: Grimmsnarl|Spirit Break|p1b: Sylveon\n|-crit|p1b: Sylveon\n|-damage|p1b: Sylveon|46/100\n|-unboost|p1b: Sylveon|spa|1\n|\n|upkeep\n|turn|6\n|\n|t:|1788380727\n|move|p2b: Grimmsnarl|Reflect|p2b: Grimmsnarl\n|-sidestart|p2: zenchaos|Reflect\n|move|p1a: Kingambit|Kowtow Cleave|p2a: Swampert\n|-crit|p2a: Swampert\n|-damage|p2a: Swampert|0 fnt\n|faint|p2a: Swampert\n|-damage|p1a: Kingambit|90/100|[from] item: Life Orb\n|move|p1b: Sylveon|Hyper Voice|p2b: Grimmsnarl\n|-supereffective|p2b: Grimmsnarl|1\n|-damage|p2b: Grimmsnarl|6/100\n|\n|upkeep\n|\n|t:|1788380734\n|switch|p2a: Pelipper|Pelipper, L50, M|100/100\n|-weather|RainDance|[from] ability: Drizzle|[of] p2a: Pelipper\n|turn|7\n|\n|t:|1788380741\n|switch|p1b: Farigiraf|Farigiraf, L50, F, shiny|54/100\n|move|p2b: Grimmsnarl|Parting Shot||[still]\n|cant|p1b: Farigiraf|ability: Armor Tail|Parting Shot|[of] p2b: Grimmsnarl\n|move|p1a: Kingambit|Kowtow Cleave|p2a: Pelipper\n|-damage|p2a: Pelipper|13/100\n|-enditem|p2a: Pelipper|Sitrus Berry|[eat]\n|-heal|p2a: Pelipper|38/100|[from] item: Sitrus Berry\n|-damage|p1a: Kingambit|80/100|[from] item: Life Orb\n|move|p2a: Pelipper|Weather Ball|p1a: Kingambit\n|-damage|p1a: Kingambit|19/100\n|\n|-weather|RainDance|[upkeep]\n|upkeep\n|turn|8\n|-message|zenchaos forfeited.\n|\n|win|VJ2511\n|raw|VJ2511's rating: 1622 &rarr; <strong>1642</strong><br />(+20 for winning)\n|raw|zenchaos's rating: 1628 &rarr; <strong>1608</strong><br />(-20 for losing)\n|l|☆zenchaos\n|player|p2|\n","uploadtime":1788380762,"views":"15","formatid":"gen9championsvgc2026regmb","rating":1608,"private":0,"password":null}