{"id":"gen9championsvgc2026regmb-2674259767","format":"[Gen 9 Champions] VGC 2026 Reg M-B","players":["tajin buu","Thornlace48812"],"log":"|j|☆tajin buu\n|j|☆Thornlace48812\n|t:|1788325475\n|gametype|doubles\n|player|p1|tajin buu|shadowtriad|1137\n|player|p2|Thornlace48812|1|1066\n|gen|9\n|tier|[Gen 9 Champions] VGC 2026 Reg M-B\n|rated|\n|rule|Species Clause: Limit one of each Pokémon\n|rule|Item Clause: Limit 1 of each item\n|clearpoke\n|poke|p1|Gholdengo, L50|\n|poke|p1|Liepard, L50, M, shiny|\n|poke|p1|Staraptor, L50, F, shiny|\n|poke|p1|Garchomp, L50, M|\n|poke|p1|Floette-Eternal, L50, F|\n|poke|p1|Rotom-Wash, L50|\n|poke|p2|Garchomp, L50, M|\n|poke|p2|Charizard, L50, F|\n|poke|p2|Whimsicott, L50, M|\n|poke|p2|Sylveon, L50, F|\n|poke|p2|Kingambit, L50, M|\n|poke|p2|Basculegion, L50, M|\n|teampreview|4\n|inactive|Battle timer is ON: inactive players will automatically lose when time's up. (requested by Thornlace48812)\nThornlace48812 rejected open team sheets.\n|inactive|tajin buu has 60 seconds left.\n|\n|t:|1788325512\n|teamsize|p1|4\n|teamsize|p2|4\n|start\n|switch|p1a: Liepard|Liepard, L50, M, shiny|100/100\n|switch|p1b: Gholdengo|Gholdengo, L50|100/100\n|switch|p2a: Sylveon|Sylveon, L50, F|100/100\n|switch|p2b: Charizard|Charizard, L50, F|100/100\n|turn|1\n|\n|t:|1788325530\n|detailschange|p2b: Charizard|Charizard-Mega-Y, L50, F\n|-mega|p2b: Charizard|Charizard|Charizardite Y\n|-weather|SunnyDay|[from] ability: Drought|[of] p2b: Charizard\n|move|p1a: Liepard|Fake Out|p2a: Sylveon\n|-damage|p2a: Sylveon|84/100\n|move|p1b: Gholdengo|Power Gem|p2b: Charizard\n|-supereffective|p2b: Charizard|2\n|-damage|p2b: Charizard|0 fnt\n|faint|p2b: Charizard\n|cant|p2a: Sylveon|flinch\n|\n|-weather|SunnyDay|[upkeep]\n|upkeep\n|\n|t:|1788325532\n|switch|p2b: Whimsicott|Whimsicott, L50, M|100/100\n|turn|2\n|inactive|tajin buu has 30 seconds left.\n|\n|t:|1788325563\n|move|p2b: Whimsicott|Protect|p2b: Whimsicott\n|-singleturn|p2b: Whimsicott|Protect\n|move|p1a: Liepard|Fake Tears|p2b: Whimsicott\n|-activate|p2b: Whimsicott|move: Protect\n|move|p1b: Gholdengo|Power Gem|p2b: Whimsicott\n|-activate|p2b: Whimsicott|move: Protect\n|move|p2a: Sylveon|Hyper Voice|p1a: Liepard|[spread] p1a,p1b\n|-supereffective|p1a: Liepard|1\n|-resisted|p1b: Gholdengo|1\n|-enditem|p1a: Liepard|Focus Sash\n|-damage|p1a: Liepard|1/100\n|-damage|p1b: Gholdengo|70/100\n|\n|-weather|SunnyDay|[upkeep]\n|upkeep\n|turn|3\n|\n|t:|1788325587\n|move|p2b: Whimsicott|Tailwind|p2b: Whimsicott\n|-sidestart|p2: Thornlace48812|move: Tailwind\n|move|p1a: Liepard|Fake Tears|p2a: Sylveon\n|-unboost|p2a: Sylveon|spd|2\n|move|p1b: Gholdengo|Power Gem|p2a: Sylveon\n|-damage|p2a: Sylveon|42/100\n|move|p2a: Sylveon|Hyper Voice|p1b: Gholdengo|[spread] p1a,p1b\n|-supereffective|p1a: Liepard|1\n|-resisted|p1b: Gholdengo|1\n|-damage|p1a: Liepard|0 fnt\n|-damage|p1b: Gholdengo|42/100\n|faint|p1a: Liepard\n|\n|-weather|SunnyDay|[upkeep]\n|upkeep\n|\n|t:|1788325597\n|switch|p1a: Floette|Floette-Eternal, L50, F|100/100\n|turn|4\n|\n|t:|1788325617\n|detailschange|p1a: Floette|Floette-Mega, L50, F\n|-mega|p1a: Floette|Floette|Floettite\n|-ability|p1a: Floette|Fairy Aura\n|move|p2b: Whimsicott|Moonblast|p1a: Floette\n|-damage|p1a: Floette|64/100\n|move|p1b: Gholdengo|Power Gem|p2a: Sylveon\n|-damage|p2a: Sylveon|0 fnt\n|faint|p2a: Sylveon\n|move|p1a: Floette|Dazzling Gleam|p2b: Whimsicott\n|-damage|p2b: Whimsicott|1/100\n|\n|-weather|SunnyDay|[upkeep]\n|upkeep\n|\n|t:|1788325617\n|switch|p2a: Basculegion|Basculegion, L50, M|100/100\n|turn|5\n|inactive|tajin buu has 30 seconds left.\n|\n|t:|1788325646\n|move|p1a: Floette|Protect|p1a: Floette\n|-singleturn|p1a: Floette|Protect\n|move|p2b: Whimsicott|Moonblast|p1a: Floette\n|-activate|p1a: Floette|move: Protect\n|move|p2a: Basculegion|Last Respects|p1a: Floette\n|-activate|p1a: Floette|move: Protect\n|move|p1b: Gholdengo|Power Gem|p2b: Whimsicott\n|-damage|p2b: Whimsicott|0 fnt\n|faint|p2b: Whimsicott\n|\n|-weather|none\n|upkeep\n|turn|6\n|\n|t:|1788325670\n|switch|p1b: Garchomp|Garchomp, L50, M|100/100\n|move|p2a: Basculegion|Last Respects|p1a: Floette\n|-damage|p1a: Floette|0 fnt\n|faint|p1a: Floette\n|\n|-sideend|p2: Thornlace48812|move: Tailwind\n|upkeep\n|\n|t:|1788325675\n|switch|p1a: Gholdengo|Gholdengo, L50|42/100\n|turn|7\n|\n|t:|1788325686\n|move|p1a: Gholdengo|Shadow Ball|p2a: Basculegion\n|-supereffective|p2a: Basculegion|1\n|-damage|p2a: Basculegion|9/100\n|move|p1b: Garchomp|Dragon Claw|p2a: Basculegion\n|-damage|p2a: Basculegion|0 fnt\n|faint|p2a: Basculegion\n|-damage|p1b: Garchomp|90/100|[from] item: Life Orb\n|\n|win|tajin buu\n|raw|tajin buu's rating: 1137 &rarr; <strong>1156</strong><br />(+19 for winning)\n|raw|Thornlace48812's rating: 1059 &rarr; <strong>1044</strong><br />(-15 for losing)\n","uploadtime":1788325686,"views":"1","formatid":"gen9championsvgc2026regmb","rating":1044,"private":0,"password":null}