{"id":"gen9championsvgc2026regmbbo3-2673362874","format":"[Gen 9 Champions] VGC 2026 Reg M-B (Bo3)","players":["redjaguar","gilletemaster"],"log":"|j|☆redjaguar\n|j|☆gilletemaster\n|html|<table width=\"100%\"><tr><td align=\"left\">redjaguar</td><td align=\"right\">gilletemaster</tr><tr><td align=\"left\"><i class=\"fa fa-circle-o\"></i> <i class=\"fa fa-circle-o\"></i> </td><td align=\"right\"><i class=\"fa fa-circle-o\"></i> <i class=\"fa fa-circle-o\"></i> </tr></table>\n|uhtml|bestof|<h2><strong>Game 1</strong> of <a href=\"/game-bestof3-gen9championsvgc2026regmbbo3-2673362873\">a best-of-3</a></h2>\n|t:|1788188551\n|gametype|doubles\n|player|p1|redjaguar|gambler|1089\n|player|p2|gilletemaster|101|1090\n|gen|9\n|tier|[Gen 9 Champions] VGC 2026 Reg M-B (Bo3)\n|rated|\n|rule|Species Clause: Limit one of each Pokémon\n|rule|Item Clause: Limit 1 of each item\n|clearpoke\n|poke|p1|Farigiraf, L50, F|\n|poke|p1|Aerodactyl, L50, M|\n|poke|p1|Gardevoir, L50, M|\n|poke|p1|Basculegion, L50, M|\n|poke|p1|Infernape, L50, M|\n|poke|p1|Garchomp, L50, F|\n|poke|p2|Sableye, L50, F|\n|poke|p2|Charizard, L50, M|\n|poke|p2|Venusaur, L50, M|\n|poke|p2|Garchomp, L50, M|\n|poke|p2|Basculegion, L50, M|\n|poke|p2|Kingambit, L50, M|\n|teampreview|4\n|showteam|p1|Farigiraf||SitrusBerry|ArmorTail|Psychic,Thunderbolt,Protect,HelpingHand|Bold||F|||50|]Aerodactyl||FocusSash|Unnerve|Tailwind,RockSlide,WideGuard,Protect|Jolly||M|||50|]Gardevoir||Gardevoirite|Telepathy|HyperVoice,Psychic,CalmMind,Protect|Timid||M|||50|]Basculegion||MysticWater|Adaptability|AquaJet,LastRespects,WaveCrash,Protect|Adamant||M|||50|]Infernape||WhiteHerb|IronFist|CloseCombat,Feint,FakeOut,StoneEdge|Jolly||M|||50|]Garchomp||LifeOrb|RoughSkin|Earthquake,RockSlide,DragonClaw,Protect|Jolly||F|||50|\n|showteam|p2|Sableye||RoseliBerry|Prankster|FakeOut,Encore,WillOWisp,Quash|Calm||F|||50|]Charizard||CharizarditeY|Blaze|Protect,WeatherBall,SolarBeam,HeatWave|Modest||M|||50|]Venusaur||FocusSash|Chlorophyll|Protect,SleepPowder,EnergyBall,SludgeBomb|Modest||M|||50|]Garchomp||LifeOrb|RoughSkin|Protect,RockSlide,DragonClaw,Earthquake|Jolly||M|||50|]Basculegion||ChoiceScarf|Adaptability|FlipTurn,WaveCrash,AquaJet,LastRespects|Jolly||M|||50|]Kingambit||BlackGlasses|Defiant|Protect,SuckerPunch,KowtowCleave,SwordsDance|Adamant||M|||50|\n|\n|t:|1788188585\n|teamsize|p1|4\n|teamsize|p2|4\n|start\n|switch|p1a: Aerodactyl|Aerodactyl, L50, M|100/100\n|switch|p1b: Garchomp|Garchomp, L50, F|100/100\n|switch|p2a: Basculegion|Basculegion, L50, M|100/100\n|switch|p2b: Kingambit|Kingambit, L50, M|100/100\n|-ability|p1a: Aerodactyl|Unnerve\n|turn|1\n|\n|t:|1788188612\n|move|p1b: Garchomp|Protect|p1b: Garchomp\n|-singleturn|p1b: Garchomp|Protect\n|move|p2a: Basculegion|Wave Crash|p1a: Aerodactyl\n|-supereffective|p1a: Aerodactyl|1\n|-enditem|p1a: Aerodactyl|Focus Sash\n|-damage|p1a: Aerodactyl|1/100\n|-damage|p2a: Basculegion|74/100|[from] Recoil\n|move|p1a: Aerodactyl|Tailwind|p1a: Aerodactyl\n|-sidestart|p1: redjaguar|move: Tailwind\n|move|p2b: Kingambit|Kowtow Cleave|p1b: Garchomp\n|-activate|p1b: Garchomp|move: Protect\n|\n|upkeep\n|turn|2\n|\n|t:|1788188655\n|move|p1a: Aerodactyl|Protect|p1a: Aerodactyl\n|-singleturn|p1a: Aerodactyl|Protect\n|move|p2b: Kingambit|Protect|p2b: Kingambit\n|-singleturn|p2b: Kingambit|Protect\n|move|p1b: Garchomp|Earthquake|p2a: Basculegion|[spread] p2a\n|-activate|p1a: Aerodactyl|move: Protect\n|-activate|p2b: Kingambit|move: Protect\n|-damage|p2a: Basculegion|10/100\n|-damage|p1b: Garchomp|90/100|[from] item: Life Orb\n|move|p2a: Basculegion|Wave Crash|p1b: Garchomp\n|-damage|p1b: Garchomp|15/100\n|-damage|p2a: Basculegion|0 fnt|[from] ability: Rough Skin|[of] p1b: Garchomp\n|faint|p2a: Basculegion\n|\n|upkeep\n|\n|t:|1788188669\n|switch|p2a: Venusaur|Venusaur, L50, M|100/100\n|turn|3\n|\n|t:|1788188703\n|switch|p1a: Farigiraf|Farigiraf, L50, F|100/100\n|move|p2b: Kingambit|Sucker Punch||[still]\n|cant|p1a: Farigiraf|ability: Armor Tail|Sucker Punch|[of] p2b: Kingambit\n|move|p1b: Garchomp|Earthquake|p2b: Kingambit|[spread] p1a,p2a,p2b\n|-supereffective|p2b: Kingambit|1\n|-damage|p1a: Farigiraf|57/100\n|-damage|p2a: Venusaur|31/100\n|-damage|p2b: Kingambit|24/100\n|-damage|p1b: Garchomp|5/100|[from] item: Life Orb\n|move|p2a: Venusaur|Sludge Bomb|p1a: Farigiraf\n|-damage|p1a: Farigiraf|18/100\n|-enditem|p1a: Farigiraf|Sitrus Berry|[eat]\n|-heal|p1a: Farigiraf|42/100|[from] item: Sitrus Berry\n|\n|upkeep\n|turn|4\n|\n|t:|1788188735\n|switch|p1a: Aerodactyl|Aerodactyl, L50, M|1/100\n|-ability|p1a: Aerodactyl|Unnerve\n|switch|p2b: Charizard|Charizard, L50, M|100/100\n|move|p2a: Venusaur|Protect|p2a: Venusaur\n|-singleturn|p2a: Venusaur|Protect\n|move|p1b: Garchomp|Earthquake|p2b: Charizard|[spread] \n|-activate|p2a: Venusaur|move: Protect\n|-immune|p1a: Aerodactyl\n|-immune|p2b: Charizard\n|\n|-sideend|p1: redjaguar|move: Tailwind\n|upkeep\n|turn|5\n|\n|t:|1788188773\n|detailschange|p2b: Charizard|Charizard-Mega-Y, L50, M\n|-mega|p2b: Charizard|Charizard|Charizardite Y\n|-weather|SunnyDay|[from] ability: Drought|[of] p2b: Charizard\n|move|p1b: Garchomp|Protect|p1b: Garchomp\n|-singleturn|p1b: Garchomp|Protect\n|move|p2b: Charizard|Protect|p2b: Charizard\n|-singleturn|p2b: Charizard|Protect\n|move|p2a: Venusaur|Energy Ball|p1b: Garchomp\n|-activate|p1b: Garchomp|move: Protect\n|move|p1a: Aerodactyl|Tailwind|p1a: Aerodactyl\n|-sidestart|p1: redjaguar|move: Tailwind\n|\n|-weather|SunnyDay|[upkeep]\n|upkeep\n|turn|6\n|-message|gilletemaster forfeited.\n|\n|win|redjaguar\n|l|☆gilletemaster\n|player|p2|\n||gilletemaster is ready for game 2.\n||redjaguar is ready for game 2.\n|uhtml|next|Next: <a href=\"/battle-gen9championsvgc2026regmbbo3-2673364845\"><strong>Game 2 of 3</strong></a>\n","uploadtime":1788189198,"views":"0","formatid":"gen9championsvgc2026regmbbo3","rating":null,"private":0,"password":null}