{"id":"gen9championsvgc2026regmb-2673866687","format":"[Gen 9 Champions] VGC 2026 Reg M-B","players":["LogosVD","nanouqj"],"log":"|j|☆LogosVD\n|j|☆nanouqj\n|t:|1788270610\n|gametype|doubles\n|player|p1|LogosVD|170|1362\n|player|p2|nanouqj|steven|1338\n|gen|9\n|tier|[Gen 9 Champions] VGC 2026 Reg M-B\n|rated|\n|rule|Species Clause: Limit one of each Pokémon\n|rule|Item Clause: Limit 1 of each item\n|clearpoke\n|poke|p1|Sneasler, L50, M|\n|poke|p1|Kingambit, L50, M|\n|poke|p1|Incineroar, L50, M|\n|poke|p1|Blastoise, L50, M, shiny|\n|poke|p1|Delphox, L50, F, shiny|\n|poke|p1|Whimsicott, L50, F|\n|poke|p2|Floette-Eternal, L50, F|\n|poke|p2|Excadrill, L50, F|\n|poke|p2|Whimsicott, L50, F|\n|poke|p2|Garchomp, L50, M|\n|poke|p2|Kingambit, L50, F|\n|poke|p2|Delphox, L50, M|\n|teampreview|4\n|inactive|Battle timer is ON: inactive players will automatically lose when time's up. (requested by LogosVD)\n|inactive|nanouqj also wants the timer to be on.\n|inactive|nanouqj has 60 seconds left.\n|inactive|nanouqj has 30 seconds left.\n|inactive|nanouqj has 20 seconds left.\n|\n|t:|1788270682\n|teamsize|p1|4\n|teamsize|p2|4\n|start\n|switch|p1a: Blastoise|Blastoise, L50, M, shiny|100/100\n|switch|p1b: Sneasler|Sneasler, L50, M|100/100\n|switch|p2a: Whimsicott|Whimsicott, L50, F|100/100\n|switch|p2b: Floette|Floette-Eternal, L50, F|100/100\n|turn|1\n|\n|t:|1788270704\n|detailschange|p1a: Blastoise|Blastoise-Mega, L50, M, shiny\n|-mega|p1a: Blastoise|Blastoise|Blastoisinite\n|move|p2b: Floette|Protect|p2b: Floette\n|-singleturn|p2b: Floette|Protect\n|move|p1b: Sneasler|Fake Out|p2b: Floette\n|-activate|p2b: Floette|move: Protect\n|move|p2a: Whimsicott|Fake Tears|p1b: Sneasler\n|-unboost|p1b: Sneasler|spd|2\n|-enditem|p1b: Sneasler|White Herb\n|-clearnegativeboost|p1b: Sneasler|[silent]\n|move|p1a: Blastoise|Water Spout|p2b: Floette|[spread] p2a\n|-activate|p2b: Floette|move: Protect\n|-resisted|p2a: Whimsicott|1\n|-damage|p2a: Whimsicott|54/100\n|\n|upkeep\n|turn|2\n|\n|t:|1788270721\n|detailschange|p2b: Floette|Floette-Mega, L50, F\n|-mega|p2b: Floette|Floette|Floettite\n|-ability|p2b: Floette|Fairy Aura\n|move|p2a: Whimsicott|Encore|p1b: Sneasler\n|-start|p1b: Sneasler|Encore\n|move|p1b: Sneasler|Fake Out||[still]\n|-hint|Fake Out only works on your first turn out.\n|-fail|p1b: Sneasler\n|move|p2b: Floette|Light of Ruin|p1a: Blastoise\n|-damage|p1a: Blastoise|3/100\n|-damage|p2b: Floette|40/100|[from] Recoil\n|move|p1a: Blastoise|Water Spout|p2a: Whimsicott|[spread] p2a,p2b\n|-resisted|p2a: Whimsicott|1\n|-damage|p2a: Whimsicott|53/100\n|-damage|p2b: Floette|39/100\n|\n|upkeep\n|turn|3\n|\n|t:|1788270743\n|switch|p1a: Incineroar|Incineroar, L50, M|100/100\n|-ability|p1a: Incineroar|Intimidate|boost\n|-unboost|p2a: Whimsicott|atk|1\n|-unboost|p2b: Floette|atk|1\n|-activate|p1b: Sneasler|move: Struggle\n|move|p1b: Sneasler|Struggle|p2b: Floette\n|-damage|p2b: Floette|14/100\n|-damage|p1b: Sneasler|75/100|[from] recoil\n|move|p2a: Whimsicott|Moonblast|p1a: Incineroar\n|-damage|p1a: Incineroar|56/100\n|move|p2b: Floette|Light of Ruin|p1b: Sneasler\n|-damage|p1b: Sneasler|0 fnt\n|faint|p1b: Sneasler\n|-damage|p2b: Floette|0 fnt|[from] Recoil\n|faint|p2b: Floette\n|\n|upkeep\n|\n|t:|1788270763\n|switch|p1b: Kingambit|Kingambit, L50, M|100/100\n|switch|p2b: Excadrill|Excadrill, L50, F|100/100\n|-ability|p2b: Excadrill|Mold Breaker\n|turn|4\n|\n|t:|1788270773\n|move|p1a: Incineroar|Fake Out|p2b: Excadrill\n|-resisted|p2b: Excadrill|1\n|-damage|p2b: Excadrill|92/100\n|cant|p2b: Excadrill|flinch\n|move|p2a: Whimsicott|Moonblast|p1b: Kingambit\n|-damage|p1b: Kingambit|66/100\n|move|p1b: Kingambit|Swords Dance|p1b: Kingambit\n|-boost|p1b: Kingambit|atk|2\n|\n|upkeep\n|turn|5\n|\n|t:|1788270785\n|switch|p2b: Garchomp|Garchomp, L50, M|100/100\n|move|p1b: Kingambit|Sucker Punch||[still]\n|-fail|p1b: Kingambit\n|move|p2a: Whimsicott|Moonblast|p1b: Kingambit\n|-damage|p1b: Kingambit|28/100\n|move|p1a: Incineroar|Flare Blitz|p2a: Whimsicott\n|-supereffective|p2a: Whimsicott|1\n|-damage|p2a: Whimsicott|0 fnt\n|faint|p2a: Whimsicott\n|-damage|p1a: Incineroar|44/100|[from] Recoil\n|-enditem|p1a: Incineroar|Sitrus Berry|[eat]\n|-heal|p1a: Incineroar|69/100|[from] item: Sitrus Berry\n|\n|upkeep\n|\n|t:|1788270795\n|switch|p2a: Excadrill|Excadrill, L50, F|92/100\n|-ability|p2a: Excadrill|Mold Breaker\n|turn|6\n|\n|t:|1788270818\n|move|p1b: Kingambit|Sucker Punch|p2b: Garchomp\n|-damage|p2b: Garchomp|14/100\n|-damage|p1b: Kingambit|16/100|[from] ability: Rough Skin|[of] p2b: Garchomp\n|-enditem|p2b: Garchomp|Sitrus Berry|[eat]\n|-heal|p2b: Garchomp|38/100|[from] item: Sitrus Berry\n|move|p2a: Excadrill|High Horsepower|p1a: Incineroar\n|-supereffective|p1a: Incineroar|1\n|-damage|p1a: Incineroar|0 fnt\n|faint|p1a: Incineroar\n|move|p2b: Garchomp|Earthquake|p1b: Kingambit|[spread] p2a,p1b\n|-supereffective|p2a: Excadrill|1\n|-supereffective|p1b: Kingambit|1\n|-damage|p2a: Excadrill|0 fnt\n|-damage|p1b: Kingambit|0 fnt\n|faint|p2a: Excadrill\n|faint|p1b: Kingambit\n|\n|upkeep\n|\n|t:|1788270831\n|switch|p1b: Blastoise|Blastoise-Mega, L50, M, shiny|3/100\n|turn|7\n|\n|t:|1788270834\n|move|p2b: Garchomp|Earthquake|p1b: Blastoise\n|-damage|p1b: Blastoise|0 fnt\n|faint|p1b: Blastoise\n|\n|win|nanouqj\n|raw|LogosVD's rating: 1362 &rarr; <strong>1341</strong><br />(-21 for losing)\n|raw|nanouqj's rating: 1338 &rarr; <strong>1359</strong><br />(+21 for winning)\n|l|☆LogosVD\n|player|p1|\n","uploadtime":1788270850,"views":"2","formatid":"gen9championsvgc2026regmb","rating":1341,"private":0,"password":null}