{"id":"gen9championsvgc2026regmb-2673903868","format":"[Gen 9 Champions] VGC 2026 Reg M-B","players":["tempest az","notbloodmask"],"log":"|j|☆tempest az\n|j|☆notbloodmask\n|t:|1788275260\n|gametype|doubles\n|player|p1|tempest az|hiker|1195\n|player|p2|notbloodmask|unknown|1140\n|gen|9\n|tier|[Gen 9 Champions] VGC 2026 Reg M-B\n|rated|\n|rule|Species Clause: Limit one of each Pokémon\n|rule|Item Clause: Limit 1 of each item\n|clearpoke\n|poke|p1|Farigiraf, L50, F|\n|poke|p1|Tyranitar, L50, F|\n|poke|p1|Arcanine, L50, M|\n|poke|p1|Eelektross, L50, F|\n|poke|p1|Excadrill, L50, F|\n|poke|p1|Pelipper, L50, M|\n|poke|p2|Absol, L50, F|\n|poke|p2|Rotom-Wash, L50|\n|poke|p2|Garchomp, L50, F|\n|poke|p2|Incineroar, L50, F|\n|poke|p2|Sinistcha, L50|\n|poke|p2|Venusaur, L50, M|\n|teampreview|4\n|inactive|Battle timer is ON: inactive players will automatically lose when time's up. (requested by tempest az)\n|j| SENSHO TEST\n|inactive|notbloodmask has 60 seconds left.\n|\n|t:|1788275297\n|teamsize|p1|4\n|teamsize|p2|4\n|start\n|switch|p1a: Pelipper|Pelipper, L50, M|100/100\n|switch|p1b: Farigiraf|Farigiraf, L50, F|100/100\n|switch|p2a: Venusaur|Venusaur, L50, M|100/100\n|switch|p2b: Rotom|Rotom-Wash, L50|100/100\n|-weather|RainDance|[from] ability: Drizzle|[of] p1a: Pelipper\n|turn|1\n|\n|t:|1788275313\n|detailschange|p2a: Venusaur|Venusaur-Mega, L50, M\n|-mega|p2a: Venusaur|Venusaur|Venusaurite\n|move|p1b: Farigiraf|Ally Switch|p1b: Farigiraf\n|swap|p1b: Farigiraf|0|[from] move: Ally Switch\n|move|p2a: Venusaur|Sleep Powder|p1b: Pelipper|[miss]\n|-miss|p2a: Venusaur|p1b: Pelipper\n|move|p2b: Rotom|Thunderbolt|p1a: Farigiraf\n|-damage|p1a: Farigiraf|54/100\n|move|p1b: Pelipper|Tailwind|p1b: Pelipper\n|-sidestart|p1: tempest az|move: Tailwind\n|\n|-weather|RainDance|[upkeep]\n|upkeep\n|turn|2\n|\n|t:|1788275337\n|switch|p1b: Eelektross|Eelektross, L50, F|100/100\n|move|p1a: Farigiraf|Twin Beam|p2a: Venusaur\n|-supereffective|p2a: Venusaur|1\n|-damage|p2a: Venusaur|72/100\n|-supereffective|p2a: Venusaur|1\n|-damage|p2a: Venusaur|47/100\n|-hitcount|p2a: Venusaur|2\n|move|p2a: Venusaur|Sludge Bomb|p1b: Eelektross\n|-damage|p1b: Eelektross|44/100\n|move|p2b: Rotom|Thunderbolt|p1a: Farigiraf\n|-damage|p1a: Farigiraf|8/100\n|-enditem|p1a: Farigiraf|Sitrus Berry|[eat]\n|-heal|p1a: Farigiraf|33/100|[from] item: Sitrus Berry\n|\n|-weather|RainDance|[upkeep]\n|upkeep\n|turn|3\n|inactive|notbloodmask has 30 seconds left.\n|\n|t:|1788275363\n|detailschange|p1b: Eelektross|Eelektross-Mega, L50, F\n|-mega|p1b: Eelektross|Eelektross|Eelektrossite\n|move|p1a: Farigiraf|Helping Hand|p1b: Eelektross\n|-singleturn|p1b: Eelektross|Helping Hand|[of] p1a: Farigiraf\n|move|p2a: Venusaur|Protect|p2a: Venusaur\n|-singleturn|p2a: Venusaur|Protect\n|move|p1b: Eelektross|Thunder|p2b: Rotom\n|-damage|p2b: Rotom|0 fnt\n|faint|p2b: Rotom\n|-ability|p1b: Eelektross|Eelevate|boost\n|-boost|p1b: Eelektross|spa|1\n|\n|-weather|RainDance|[upkeep]\n|upkeep\n|\n|t:|1788275376\n|switch|p2b: Sinistcha|Sinistcha, L50|100/100\n|-heal|p2a: Venusaur|72/100|[from] ability: Hospitality|[of] p2b: Sinistcha\n|turn|4\n|\n|t:|1788275390\n|move|p2b: Sinistcha|Rage Powder|p2b: Sinistcha\n|-singleturn|p2b: Sinistcha|move: Rage Powder\n|move|p1b: Eelektross|Flamethrower|p2b: Sinistcha\n|-supereffective|p2b: Sinistcha|1\n|-damage|p2b: Sinistcha|48/100\n|move|p2a: Venusaur|Sludge Bomb|p1b: Eelektross\n|-damage|p1b: Eelektross|0 fnt\n|faint|p1b: Eelektross\n|move|p1a: Farigiraf|Roar|p2b: Sinistcha\n|drag|p2b: Incineroar|Incineroar, L50, F|100/100\n|-ability|p2b: Incineroar|Intimidate|boost\n|-unboost|p1a: Farigiraf|atk|1\n|\n|-weather|RainDance|[upkeep]\n|-sideend|p1: tempest az|move: Tailwind\n|upkeep\n|\n|t:|1788275397\n|switch|p1b: Excadrill|Excadrill, L50, F|100/100\n|turn|5\n|\n|t:|1788275415\n|move|p1a: Farigiraf|Helping Hand|p1b: Excadrill\n|-singleturn|p1b: Excadrill|Helping Hand|[of] p1a: Farigiraf\n|move|p2a: Venusaur|Sleep Powder|p1b: Excadrill\n|-status|p1b: Excadrill|slp|[from] move: Sleep Powder\n|cant|p1b: Excadrill|slp\n|move|p2b: Incineroar|Throat Chop|p1a: Farigiraf\n|-supereffective|p1a: Farigiraf|1\n|-damage|p1a: Farigiraf|0 fnt\n|faint|p1a: Farigiraf\n|\n|-weather|none\n|upkeep\n|\n|t:|1788275423\n|switch|p1a: Pelipper|Pelipper, L50, M|100/100\n|-weather|RainDance|[from] ability: Drizzle|[of] p1a: Pelipper\n|turn|6\n|\n|t:|1788275435\n|move|p2a: Venusaur|Earth Power|p1b: Excadrill\n|-supereffective|p1b: Excadrill|1\n|-damage|p1b: Excadrill|31/100 slp\n|-curestatus|p1b: Excadrill|slp|[msg]\n|move|p1b: Excadrill|Earthquake|p2a: Venusaur|[spread] p2a,p2b\n|-immune|p1a: Pelipper\n|-supereffective|p2b: Incineroar|1\n|-damage|p2a: Venusaur|26/100\n|-damage|p2b: Incineroar|2/100\n|-damage|p1b: Excadrill|21/100|[from] item: Life Orb\n|move|p1a: Pelipper|Hurricane|p2a: Venusaur\n|-supereffective|p2a: Venusaur|1\n|-crit|p2a: Venusaur\n|-damage|p2a: Venusaur|0 fnt\n|faint|p2a: Venusaur\n|move|p2b: Incineroar|Parting Shot|p1b: Excadrill\n|-unboost|p1b: Excadrill|atk|1\n|-unboost|p1b: Excadrill|spa|1\n|\n|t:|1788275450\n|switch|p2b: Sinistcha|Sinistcha, L50|48/100|[from] Parting Shot\n|\n|-weather|RainDance|[upkeep]\n|upkeep\n|\n|t:|1788275455\n|switch|p2a: Incineroar|Incineroar, L50, F|2/100\n|-ability|p2a: Incineroar|Intimidate|boost\n|-unboost|p1a: Pelipper|atk|1\n|-unboost|p1b: Excadrill|atk|1\n|turn|7\n|\n|t:|1788275468\n|move|p1a: Pelipper|Wide Guard|p1a: Pelipper\n|-singleturn|p1a: Pelipper|Wide Guard\n|move|p2a: Incineroar|Fake Out|p1a: Pelipper\n|-damage|p1a: Pelipper|87/100\n|move|p1b: Excadrill|Earthquake|p2b: Sinistcha|[spread] p2a,p2b\n|-activate|p1a: Pelipper|move: Wide Guard\n|-supereffective|p2a: Incineroar|1\n|-resisted|p2b: Sinistcha|1\n|-damage|p2a: Incineroar|0 fnt\n|-damage|p2b: Sinistcha|34/100\n|faint|p2a: Incineroar\n|-damage|p1b: Excadrill|12/100|[from] item: Life Orb\n|move|p2b: Sinistcha|Shadow Ball|p1b: Excadrill\n|-damage|p1b: Excadrill|0 fnt\n|faint|p1b: Excadrill\n|\n|-weather|RainDance|[upkeep]\n|upkeep\n|turn|8\n|\n|t:|1788275485\n|move|p2b: Sinistcha|Protect|p2b: Sinistcha\n|-singleturn|p2b: Sinistcha|Protect\n|move|p1a: Pelipper|Hurricane|p2b: Sinistcha\n|-activate|p2b: Sinistcha|move: Protect\n|\n|-weather|RainDance|[upkeep]\n|upkeep\n|turn|9\n|\n|t:|1788275496\n|move|p2b: Sinistcha|Protect||[still]\n|-fail|p2b: Sinistcha\n|move|p1a: Pelipper|Hurricane|p2b: Sinistcha\n|-supereffective|p2b: Sinistcha|1\n|-damage|p2b: Sinistcha|0 fnt\n|faint|p2b: Sinistcha\n|\n|win|tempest az\n|raw|tempest az's rating: 1195 &rarr; <strong>1216</strong><br />(+21 for winning)\n|raw|notbloodmask's rating: 1140 &rarr; <strong>1119</strong><br />(-21 for losing)\n","uploadtime":1788275496,"views":"2","formatid":"gen9championsvgc2026regmb","rating":1119,"private":0,"password":null}