{"id":"gen9championsvgc2026regmbbo3-2673833795","format":"[Gen 9 Champions] VGC 2026 Reg M-B (Bo3)","players":["IronSerpentFan","puli95"],"log":"|j|☆IronSerpentFan\n|j|☆puli95\n|html|<table width=\"100%\"><tr><td align=\"left\">IronSerpentFan</td><td align=\"right\">puli95</tr><tr><td align=\"left\"><i class=\"fa fa-circle-o\"></i> <i class=\"fa fa-circle-o\"></i> </td><td align=\"right\"><i class=\"fa fa-circle-o\"></i> <i class=\"fa fa-circle\"></i> </tr></table>\n|uhtml|bestof|<h2><strong>Game 2</strong> of <a href=\"/game-bestof3-gen9championsvgc2026regmbbo3-2673833067\">a best-of-3</a></h2>\n|t:|1788265765\n|gametype|doubles\n|player|p1|IronSerpentFan|schoolkid-gen4|1081\n|player|p2|puli95|blue|1040\n|gen|9\n|tier|[Gen 9 Champions] VGC 2026 Reg M-B (Bo3)\n|rated|\n|rule|Species Clause: Limit one of each Pokémon\n|rule|Item Clause: Limit 1 of each item\n|clearpoke\n|poke|p1|Politoed, L50, M|\n|poke|p1|Gengar, L50, M|\n|poke|p1|Incineroar, L50, M|\n|poke|p1|Sinistcha, L50|\n|poke|p1|Whimsicott, L50, M|\n|poke|p1|Staraptor, L50, M|\n|poke|p2|Lucario, L50, F|\n|poke|p2|Grimmsnarl, L50, M|\n|poke|p2|Pelipper, L50, M|\n|poke|p2|Swampert, L50, F|\n|poke|p2|Sinistcha, L50|\n|poke|p2|Kingambit, L50, M|\n|teampreview|4\n|showteam|p1|Politoed||SitrusBerry|Drizzle|Protect,Encore,WeatherBall,PerishSong|Modest||M|||50|]Gengar||Gengarite|CursedBody|Protect,Disable,ShadowBall,SludgeBomb|Timid||M|||50|]Incineroar||PasshoBerry|Intimidate|Protect,FakeOut,ThroatChop,PartingShot|Sassy||M|||50|]Sinistcha||ColburBerry|Hospitality|Protect,RagePowder,MatchaGotcha,TrickRoom|Sassy|||||50|]Whimsicott||FocusSash|Prankster|Protect,Tailwind,Moonblast,Charm|Timid||M|||50|]Staraptor||Staraptite|Intimidate|Protect,Roost,CloseCombat,BraveBird|Jolly||M|||50|\n|showteam|p2|Lucario||Lucarionite|InnerFocus|CloseCombat,RockSlide,IcePunch,Protect|Jolly||F|||50|]Grimmsnarl||LightClay|Prankster|FoulPlay,Reflect,LightScreen,PartingShot|Adamant||M|||50|]Pelipper||FocusSash|Drizzle|WeatherBall,Hurricane,Tailwind,WideGuard|Modest||M|||50|]Swampert||Swampertite|Torrent|WaveCrash,HighHorsepower,KnockOff,Protect|Adamant||F|||50|]Sinistcha||SitrusBerry|Hospitality|MatchaGotcha,RagePowder,TrickRoom,Protect|Bold|||||50|]Kingambit||LifeOrb|Defiant|KowtowCleave,SuckerPunch,LowKick,Protect|Adamant||M|||50|\n|inactive|Battle timer is ON: inactive players will automatically lose when time's up. (requested by IronSerpentFan)\n|\n|t:|1788265793\n|teamsize|p1|4\n|teamsize|p2|4\n|start\n|switch|p1a: Whimsicott|Whimsicott, L50, M|100/100\n|switch|p1b: Staraptor|Staraptor, L50, M|100/100\n|switch|p2a: Lucario|Lucario, L50, F|100/100\n|switch|p2b: Sinistcha|Sinistcha, L50|100/100\n|-ability|p1b: Staraptor|Intimidate|boost\n|-fail|p2a: Lucario|unboost|Attack|[from] ability: Inner Focus|[of] p2a: Lucario\n|-unboost|p2b: Sinistcha|atk|1\n|turn|1\n|inactive|IronSerpentFan has 30 seconds left.\n|\n|t:|1788265820\n|detailschange|p1b: Staraptor|Staraptor-Mega, L50, M\n|-mega|p1b: Staraptor|Staraptor|Staraptite\n|detailschange|p2a: Lucario|Lucario-Mega, L50, F\n|-mega|p2a: Lucario|Lucario|Lucarionite\n|move|p2b: Sinistcha|Rage Powder|p2b: Sinistcha\n|-singleturn|p2b: Sinistcha|move: Rage Powder\n|move|p1a: Whimsicott|Charm|p1b: Staraptor\n|-boost|p1b: Staraptor|atk|2\n|move|p2a: Lucario|Close Combat|p1b: Staraptor\n|-resisted|p1b: Staraptor|1\n|-damage|p1b: Staraptor|55/100\n|-unboost|p2a: Lucario|def|1\n|-unboost|p2a: Lucario|spd|1\n|move|p1b: Staraptor|Close Combat|p2b: Sinistcha\n|-immune|p2b: Sinistcha\n|\n|upkeep\n|turn|2\n|inactive|IronSerpentFan has 30 seconds left.\n|\n|t:|1788265847\n|move|p1a: Whimsicott|Charm|p2a: Lucario\n|-unboost|p2a: Lucario|atk|2\n|move|p1b: Staraptor|Roost|p1b: Staraptor\n|-heal|p1b: Staraptor|100/100\n|-singleturn|p1b: Staraptor|move: Roost\n|move|p2a: Lucario|Close Combat|p1b: Staraptor\n|-damage|p1b: Staraptor|57/100\n|-unboost|p2a: Lucario|def|1\n|-unboost|p2a: Lucario|spd|1\n|move|p2b: Sinistcha|Matcha Gotcha|p1a: Whimsicott|[spread] p1a,p1b\n|-resisted|p1a: Whimsicott|1\n|-damage|p1a: Whimsicott|80/100\n|-damage|p1b: Staraptor|33/100\n|-status|p1a: Whimsicott|brn\n|\n|-damage|p1a: Whimsicott|74/100 brn|[from] brn\n|upkeep\n|turn|3\n|\n|t:|1788265870\n|switch|p2a: Pelipper|Pelipper, L50, M|100/100\n|-weather|RainDance|[from] ability: Drizzle|[of] p2a: Pelipper\n|switch|p2b: Kingambit|Kingambit, L50, M|100/100\n|move|p1a: Whimsicott|Charm|p2a: Pelipper\n|-unboost|p2a: Pelipper|atk|2\n|move|p1b: Staraptor|Roost|p1b: Staraptor\n|-heal|p1b: Staraptor|83/100\n|-singleturn|p1b: Staraptor|move: Roost\n|\n|-weather|RainDance|[upkeep]\n|-damage|p1a: Whimsicott|68/100 brn|[from] brn\n|upkeep\n|turn|4\n|\n|t:|1788265888\n|move|p2b: Kingambit|Protect|p2b: Kingambit\n|-singleturn|p2b: Kingambit|Protect\n|move|p1a: Whimsicott|Charm|p1b: Staraptor\n|-boost|p1b: Staraptor|atk|2\n|move|p1b: Staraptor|Close Combat|p2a: Pelipper\n|-resisted|p2a: Pelipper|1\n|-enditem|p2a: Pelipper|Focus Sash\n|-damage|p2a: Pelipper|1/100\n|-boost|p1b: Staraptor|def|1\n|-boost|p1b: Staraptor|spd|1\n|move|p2a: Pelipper|Hurricane|p1b: Staraptor\n|-supereffective|p1b: Staraptor|1\n|-damage|p1b: Staraptor|15/100\n|\n|-weather|RainDance|[upkeep]\n|-damage|p1a: Whimsicott|62/100 brn|[from] brn\n|upkeep\n|turn|5\n|\n|t:|1788265913\n|move|p2b: Kingambit|Sucker Punch||[still]\n|-fail|p2b: Kingambit\n|move|p1a: Whimsicott|Moonblast|p2a: Pelipper\n|-damage|p2a: Pelipper|0 fnt\n|faint|p2a: Pelipper\n|move|p1b: Staraptor|Roost|p1b: Staraptor\n|-heal|p1b: Staraptor|66/100\n|-singleturn|p1b: Staraptor|move: Roost\n|\n|-weather|RainDance|[upkeep]\n|-damage|p1a: Whimsicott|56/100 brn|[from] brn\n|upkeep\n|\n|t:|1788265926\n|switch|p2a: Sinistcha|Sinistcha, L50|100/100\n|turn|6\n|\n|t:|1788265939\n|move|p1a: Whimsicott|Tailwind|p1a: Whimsicott\n|-sidestart|p1: IronSerpentFan|move: Tailwind\n|move|p1b: Staraptor|Brave Bird|p2a: Sinistcha\n|-supereffective|p2a: Sinistcha|1\n|-damage|p2a: Sinistcha|0 fnt\n|faint|p2a: Sinistcha\n|-damage|p1b: Staraptor|34/100|[from] Recoil\n|move|p2b: Kingambit|Kowtow Cleave|p1b: Staraptor\n|-resisted|p1b: Staraptor|1\n|-damage|p1b: Staraptor|14/100\n|-damage|p2b: Kingambit|90/100|[from] item: Life Orb\n|\n|-weather|RainDance|[upkeep]\n|-damage|p1a: Whimsicott|51/100 brn|[from] brn\n|upkeep\n|\n|t:|1788265952\n|switch|p2a: Lucario|Lucario-Mega, L50, F|100/100\n|turn|7\n|\n|t:|1788265964\n|switch|p1a: Politoed|Politoed, L50, M|100/100\n|move|p1b: Staraptor|Protect|p1b: Staraptor\n|-singleturn|p1b: Staraptor|Protect\n|move|p2a: Lucario|Close Combat|p1b: Staraptor\n|-activate|p1b: Staraptor|move: Protect\n|move|p2b: Kingambit|Kowtow Cleave|p1b: Staraptor\n|-activate|p1b: Staraptor|move: Protect\n|\n|-weather|none\n|upkeep\n|turn|8\n|\n|t:|1788265979\n|move|p2b: Kingambit|Sucker Punch|p1b: Staraptor\n|-resisted|p1b: Staraptor|1\n|-damage|p1b: Staraptor|0 fnt\n|faint|p1b: Staraptor\n|-damage|p2b: Kingambit|80/100|[from] item: Life Orb\n|move|p1a: Politoed|Perish Song|p1a: Politoed\n|-start|p1a: Politoed|perish3|[silent]\n|-start|p2a: Lucario|perish3|[silent]\n|-start|p2b: Kingambit|perish3|[silent]\n|-fieldactivate|move: Perish Song\n|move|p2a: Lucario|Rock Slide|p1a: Politoed|[miss]\n|-miss|p2a: Lucario|p1a: Politoed\n|\n|-start|p1a: Politoed|perish3\n|-start|p2a: Lucario|perish3\n|-start|p2b: Kingambit|perish3\n|upkeep\n|\n|t:|1788265985\n|switch|p1b: Whimsicott|Whimsicott, L50, M|51/100 brn\n|turn|9\n|\n|t:|1788266002\n|move|p1b: Whimsicott|Protect|p1b: Whimsicott\n|-singleturn|p1b: Whimsicott|Protect\n|move|p1a: Politoed|Protect|p1a: Politoed\n|-singleturn|p1a: Politoed|Protect\n|move|p2a: Lucario|Close Combat|p1a: Politoed\n|-activate|p1a: Politoed|move: Protect\n|move|p2b: Kingambit|Kowtow Cleave|p1a: Politoed\n|-activate|p1a: Politoed|move: Protect\n|\n|-damage|p1b: Whimsicott|45/100 brn|[from] brn\n|-start|p1a: Politoed|perish2\n|-start|p2a: Lucario|perish2\n|-start|p2b: Kingambit|perish2\n|-sideend|p1: IronSerpentFan|move: Tailwind\n|upkeep\n|turn|10\n|-message|puli95 forfeited.\n|\n|win|IronSerpentFan\n|l|☆puli95\n|player|p2|\n|raw|IronSerpentFan's rating: 1081 &rarr; <strong>1106</strong><br />(+25 for winning)\n|raw|puli95's rating: 1040 &rarr; <strong>1026</strong><br />(-14 for losing)\n","uploadtime":1788266148,"views":"0","formatid":"gen9championsvgc2026regmbbo3","rating":1026,"private":0,"password":null}