{"id":"gen9championsvgc2026regmb-2674578800","format":"[Gen 9 Champions] VGC 2026 Reg M-B","players":["Sykes245","auridan"],"log":"|j|☆Sykes245\n|j|‽auridan\n|t:|1788376164\n|gametype|doubles\n|player|p1|Sykes245|102|1125\n|player|p2|auridan|1|1115\n|gen|9\n|tier|[Gen 9 Champions] VGC 2026 Reg M-B\n|rated|\n|rule|Species Clause: Limit one of each Pokémon\n|rule|Item Clause: Limit 1 of each item\n|clearpoke\n|poke|p1|Tsareena, L50, F, shiny|\n|poke|p1|Aggron, L50, M|\n|poke|p1|Clefable, L50, F|\n|poke|p1|Meowstic, L50, M|\n|poke|p1|Palafin, L50, M|\n|poke|p1|Blastoise, L50, F|\n|poke|p2|Trevenant, L50, M|\n|poke|p2|Oranguru, L50, F, shiny|\n|poke|p2|Farigiraf, L50, F|\n|poke|p2|Crabominable, L50, M|\n|poke|p2|Drampa, L50, M, shiny|\n|poke|p2|Kingambit, L50, M|\n|teampreview|4\n|\n|t:|1788376189\n|teamsize|p1|4\n|teamsize|p2|4\n|start\n|switch|p1a: Palafin|Palafin, L50, M|100/100\n|switch|p1b: Clefable|Clefable, L50, F|100/100\n|switch|p2a: Farigiraf|Farigiraf, L50, F|100/100\n|switch|p2b: Crabominable|Crabominable, L50, M|100/100\n|turn|1\n|\n|t:|1788376216\n|detailschange|p2b: Crabominable|Crabominable-Mega, L50, M\n|-mega|p2b: Crabominable|Crabominable|Crabominite\n|move|p2b: Crabominable|Protect|p2b: Crabominable\n|-singleturn|p2b: Crabominable|Protect\n|move|p1a: Palafin|Flip Turn|p2b: Crabominable\n|-activate|p2b: Crabominable|move: Protect\n|move|p1b: Clefable|Thunder Wave|p2a: Farigiraf\n|-status|p2a: Farigiraf|par\n|move|p2a: Farigiraf|Trick Room|p2a: Farigiraf\n|-fieldstart|move: Trick Room|[of] p2a: Farigiraf\n|\n|upkeep\n|turn|2\n|\n|t:|1788376249\n|move|p2a: Farigiraf|Twin Beam|p1a: Palafin\n|-damage|p1a: Palafin|79/100\n|-damage|p1a: Palafin|62/100\n|-hitcount|p1a: Palafin|2\n|move|p2b: Crabominable|Ice Hammer|p1a: Palafin\n|-resisted|p1a: Palafin|1\n|-crit|p1a: Palafin\n|-damage|p1a: Palafin|0 fnt\n|-unboost|p2b: Crabominable|spe|1\n|faint|p1a: Palafin\n|move|p1b: Clefable|Thunder Wave|p2b: Crabominable\n|-status|p2b: Crabominable|par\n|\n|upkeep\n|\n|t:|1788376257\n|switch|p1a: Aggron|Aggron, L50, M|100/100\n|turn|3\n|\n|t:|1788376298\n|detailschange|p1a: Aggron|Aggron-Mega, L50, M\n|-mega|p1a: Aggron|Aggron|Aggronite\n|move|p2b: Crabominable|Drain Punch|p1a: Aggron\n|-supereffective|p1a: Aggron|1\n|-damage|p1a: Aggron|51/100\n|cant|p2a: Farigiraf|par\n|move|p1a: Aggron|Iron Defense|p1a: Aggron\n|-boost|p1a: Aggron|def|2\n|move|p1b: Clefable|Light Screen|p1b: Clefable\n|-sidestart|p1: Sykes245|move: Light Screen\n|\n|upkeep\n|turn|4\n|inactive|Battle timer is ON: inactive players will automatically lose when time's up. (requested by Sykes245)\n|\n|t:|1788376350\n|cant|p2b: Crabominable|par\n|move|p2a: Farigiraf|Twin Beam|p1a: Aggron\n|-resisted|p1a: Aggron|1\n|-damage|p1a: Aggron|47/100\n|-resisted|p1a: Aggron|1\n|-damage|p1a: Aggron|43/100\n|-hitcount|p1a: Aggron|2\n|move|p1a: Aggron|Body Press|p2b: Crabominable\n|-supereffective|p2b: Crabominable|1\n|-damage|p2b: Crabominable|0 fnt\n|faint|p2b: Crabominable\n|move|p1b: Clefable|Heal Pulse|p1a: Aggron\n|-heal|p1a: Aggron|93/100\n|\n|upkeep\n|\n|t:|1788376357\n|switch|p2b: Kingambit|Kingambit, L50, M|100/100\n|turn|5\n|\n|t:|1788376379\n|switch|p2a: Trevenant|Trevenant, L50, M|100/100\n|-item|p1a: Aggron|Aggronite|[from] ability: Frisk|[of] p2a: Trevenant\n|-item|p1b: Clefable|Bright Powder|[from] ability: Frisk|[of] p2a: Trevenant\n|move|p2b: Kingambit|Protect|p2b: Kingambit\n|-singleturn|p2b: Kingambit|Protect\n|move|p1a: Aggron|Body Press|p2b: Kingambit\n|-activate|p2b: Kingambit|move: Protect\n|move|p1b: Clefable|Heal Pulse|p1a: Aggron\n|-heal|p1a: Aggron|100/100\n|\n|-fieldend|move: Trick Room\n|upkeep\n|turn|6\n|\n|t:|1788376397\n|move|p2a: Trevenant|Ally Switch|p2a: Trevenant\n|swap|p2a: Trevenant|1|[from] move: Ally Switch\n|move|p1b: Clefable|Heal Pulse|p1a: Aggron\n|-fail|p1a: Aggron|heal\n|move|p1a: Aggron|Body Press|p2b: Trevenant\n|-immune|p2b: Trevenant\n|move|p2a: Kingambit|Iron Head|p1b: Clefable\n|-supereffective|p1b: Clefable|1\n|-damage|p1b: Clefable|0 fnt\n|faint|p1b: Clefable\n|-damage|p2a: Kingambit|90/100|[from] item: Life Orb\n|\n|upkeep\n|\n|t:|1788376400\n|switch|p1b: Tsareena|Tsareena, L50, F, shiny|100/100\n|turn|7\n|\n|t:|1788376416\n|move|p2a: Kingambit|Protect|p2a: Kingambit\n|-singleturn|p2a: Kingambit|Protect\n|move|p1b: Tsareena|High Jump Kick|p2b: Trevenant\n|-immune|p2b: Trevenant\n|-damage|p1b: Tsareena|50/100g|[from] highjumpkick\n|move|p1a: Aggron|Body Press|p2a: Kingambit\n|-activate|p2a: Kingambit|move: Protect\n|move|p2b: Trevenant|Trick Room|p2b: Trevenant\n|-fieldstart|move: Trick Room|[of] p2b: Trevenant\n|\n|-sideend|p1: Sykes245|move: Light Screen\n|upkeep\n|turn|8\n|\n|t:|1788376435\n|move|p2b: Trevenant|Ally Switch|p2b: Trevenant\n|swap|p2b: Trevenant|0|[from] move: Ally Switch\n|move|p2b: Kingambit|Iron Head|p1b: Tsareena\n|-damage|p1b: Tsareena|0 fnt\n|faint|p1b: Tsareena\n|-damage|p2b: Kingambit|80/100|[from] item: Life Orb\n|move|p1a: Aggron|Body Press|p2a: Trevenant\n|-immune|p2a: Trevenant\n|\n|upkeep\n|turn|9\n|\n|t:|1788376457\n|move|p2b: Kingambit|Kowtow Cleave|p1a: Aggron\n|-damage|p1a: Aggron|82/100\n|-damage|p2b: Kingambit|71/100|[from] item: Life Orb\n|move|p2a: Trevenant|Poltergeist|p1a: Aggron|[miss]\n|-miss|p2a: Trevenant|p1a: Aggron\n|move|p1a: Aggron|Heavy Slam|p2a: Trevenant\n|-damage|p2a: Trevenant|38/100\n|\n|upkeep\n|turn|10\n|\n|t:|1788376469\n|move|p2a: Trevenant|Ally Switch|p2a: Trevenant\n|swap|p2a: Trevenant|1|[from] move: Ally Switch\n|move|p2a: Kingambit|Kowtow Cleave|p1a: Aggron\n|-damage|p1a: Aggron|67/100\n|-damage|p2a: Kingambit|61/100|[from] item: Life Orb\n|move|p1a: Aggron|Heavy Slam|p2a: Kingambit\n|-resisted|p2a: Kingambit|1\n|-damage|p2a: Kingambit|48/100\n|\n|upkeep\n|turn|11\n|\n|t:|1788376488\n|move|p2a: Kingambit|Kowtow Cleave|p1a: Aggron\n|-damage|p1a: Aggron|49/100\n|-damage|p2a: Kingambit|38/100|[from] item: Life Orb\n|move|p2b: Trevenant|Poltergeist|p1a: Aggron\n|-activate|p1a: Aggron|move: Poltergeist|Aggronite\n|-damage|p1a: Aggron|39/100\n|move|p1a: Aggron|Heavy Slam|p2a: Kingambit\n|-resisted|p2a: Kingambit|1\n|-damage|p2a: Kingambit|25/100\n|\n|-fieldend|move: Trick Room\n|upkeep\n|turn|12\n|\n|t:|1788376504\n|move|p2b: Trevenant|Ally Switch|p2b: Trevenant\n|swap|p2b: Trevenant|0|[from] move: Ally Switch\n|move|p2b: Kingambit|Sucker Punch|p1a: Aggron\n|-damage|p1a: Aggron|26/100\n|-damage|p2b: Kingambit|15/100|[from] item: Life Orb\n|move|p1a: Aggron|Heavy Slam|p2b: Kingambit\n|-resisted|p2b: Kingambit|1\n|-damage|p2b: Kingambit|1/100\n|\n|upkeep\n|turn|13\n|\n|t:|1788376513\n|move|p2b: Kingambit|Protect|p2b: Kingambit\n|-singleturn|p2b: Kingambit|Protect\n|move|p1a: Aggron|Heavy Slam|p2a: Trevenant\n|-damage|p2a: Trevenant|0 fnt\n|faint|p2a: Trevenant\n|\n|upkeep\n|\n|t:|1788376518\n|switch|p2a: Farigiraf|Farigiraf, L50, F|100/100 par\n|turn|14\n|\n|t:|1788376541\n|move|p2b: Kingambit|Sucker Punch||[still]\n|-fail|p2b: Kingambit\n|move|p1a: Aggron|Iron Defense|p1a: Aggron\n|-boost|p1a: Aggron|def|2\n|move|p2a: Farigiraf|Twin Beam|p1a: Aggron\n|-resisted|p1a: Aggron|1\n|-damage|p1a: Aggron|19/100\n|-resisted|p1a: Aggron|1\n|-damage|p1a: Aggron|12/100\n|-hitcount|p1a: Aggron|2\n|\n|upkeep\n|turn|15\n|\n|t:|1788376551\n|move|p2b: Kingambit|Sucker Punch|p1a: Aggron\n|-damage|p1a: Aggron|3/100\n|-damage|p2b: Kingambit|0 fnt|[from] item: Life Orb\n|faint|p2b: Kingambit\n|move|p1a: Aggron|Body Press|p2a: Farigiraf\n|-damage|p2a: Farigiraf|0 fnt\n|faint|p2a: Farigiraf\n|\n|win|Sykes245\n|raw|Sykes245's rating: 1125 &rarr; <strong>1149</strong><br />(+24 for winning)\n|raw|auridan's rating: 1115 &rarr; <strong>1091</strong><br />(-24 for losing)\n|c|☆Sykes245|The wall!!!\n","uploadtime":1788376585,"views":"8","formatid":"gen9championsvgc2026regmb","rating":1091,"private":0,"password":null}