{"id":"gen9championsvgc2026regmb-2674348011","format":"[Gen 9 Champions] VGC 2026 Reg M-B","players":["AryuMyGlamGoat","joobbbb"],"log":"|j|☆AryuMyGlamGoat\n|j|☆joobbbb\n|t:|1788346292\n|gametype|doubles\n|player|p1|AryuMyGlamGoat|265|1102\n|player|p2|joobbbb|266|1000\n|gen|9\n|tier|[Gen 9 Champions] VGC 2026 Reg M-B\n|rated|\n|rule|Species Clause: Limit one of each Pokémon\n|rule|Item Clause: Limit 1 of each item\n|clearpoke\n|poke|p1|Staraptor, L50, M|\n|poke|p1|Whimsicott, L50, M, shiny|\n|poke|p1|Gholdengo, L50|\n|poke|p1|Rotom-Wash, L50|\n|poke|p1|Incineroar, L50, F|\n|poke|p1|Lycanroc-Dusk, L50, M|\n|poke|p2|Espathra, L50, F|\n|poke|p2|Staraptor, L50, M|\n|poke|p2|Alakazam, L50, M|\n|poke|p2|Sableye, L50, M|\n|poke|p2|Ceruledge, L50, M|\n|poke|p2|Quaquaval, L50, M|\n|teampreview|4\n|\n|t:|1788346342\n|teamsize|p1|4\n|teamsize|p2|4\n|start\n|switch|p1a: Incineroar|Incineroar, L50, F|100/100\n|switch|p1b: Whimsicott|Whimsicott, L50, M, shiny|100/100\n|switch|p2a: Staraptor|Staraptor, L50, M|100/100\n|switch|p2b: Espathra|Espathra, L50, F|100/100\n|-ability|p2a: Staraptor|Intimidate|boost\n|-unboost|p1a: Incineroar|atk|1\n|-unboost|p1b: Whimsicott|atk|1\n|-ability|p1a: Incineroar|Intimidate|boost\n|-unboost|p2a: Staraptor|atk|1\n|-unboost|p2b: Espathra|atk|1\n|turn|1\n|\n|t:|1788346404\n|switch|p2a: Ceruledge|Ceruledge, L50, M|100/100\n|move|p1a: Incineroar|Fake Out|p2a: Ceruledge\n|-immune|p2a: Ceruledge\n|move|p1b: Whimsicott|Tailwind|p1b: Whimsicott\n|-sidestart|p1: AryuMyGlamGoat|move: Tailwind\n|move|p2b: Espathra|Psychic Terrain|p2b: Espathra\n|-fieldstart|move: Psychic Terrain\n|\n|-ability|p2b: Espathra|Speed Boost|boost\n|-boost|p2b: Espathra|spe|1\n|upkeep\n|turn|2\n|\n|t:|1788346426\n|switch|p1b: Rotom|Rotom-Wash, L50|100/100\n|move|p2b: Espathra|Lumina Crash|p1b: Rotom\n|-damage|p1b: Rotom|59/100\n|-unboost|p1b: Rotom|spd|2\n|move|p1a: Incineroar|Throat Chop|p2b: Espathra\n|-supereffective|p2b: Espathra|1\n|-damage|p2b: Espathra|51/100\n|-start|p2b: Espathra|Throat Chop|[silent]\n|move|p2a: Ceruledge|Bitter Blade|p1b: Rotom\n|-resisted|p1b: Rotom|1\n|-crit|p1b: Rotom\n|-damage|p1b: Rotom|18/100\n|\n|-ability|p2b: Espathra|Speed Boost|boost\n|-boost|p2b: Espathra|spe|1\n|upkeep\n|turn|3\n|\n|t:|1788346458\n|switch|p2a: Staraptor|Staraptor, L50, M|100/100\n|-ability|p2a: Staraptor|Intimidate|boost\n|-unboost|p1a: Incineroar|atk|1\n|-unboost|p1b: Rotom|atk|1\n|move|p2b: Espathra|Lumina Crash|p1b: Rotom\n|-damage|p1b: Rotom|0 fnt\n|faint|p1b: Rotom\n|move|p1a: Incineroar|Flare Blitz|p2b: Espathra\n|-damage|p2b: Espathra|24/100\n|-damage|p1a: Incineroar|89/100|[from] Recoil\n|\n|-end|p2b: Espathra|Throat Chop|[silent]\n|-ability|p2b: Espathra|Speed Boost|boost\n|-boost|p2b: Espathra|spe|1\n|upkeep\n|\n|t:|1788346473\n|switch|p1b: Staraptor|Staraptor, L50, M|100/100\n|-ability|p1b: Staraptor|Intimidate|boost\n|-unboost|p2a: Staraptor|atk|1\n|-unboost|p2b: Espathra|atk|1\n|turn|4\n|\n|t:|1788346488\n|detailschange|p1b: Staraptor|Staraptor-Mega, L50, M\n|-mega|p1b: Staraptor|Staraptor|Staraptite\n|detailschange|p2a: Staraptor|Staraptor-Mega, L50, M\n|-mega|p2a: Staraptor|Staraptor|Staraptite\n|move|p2b: Espathra|Feather Dance|p2a: Staraptor\n|-boost|p2a: Staraptor|atk|2\n|move|p1b: Staraptor|Close Combat|p2a: Staraptor\n|-resisted|p2a: Staraptor|1\n|-damage|p2a: Staraptor|70/100\n|-boost|p1b: Staraptor|def|1\n|-boost|p1b: Staraptor|spd|1\n|move|p1a: Incineroar|Parting Shot|p2a: Staraptor\n|-boost|p2a: Staraptor|atk|1\n|-boost|p2a: Staraptor|spa|1\n|\n|t:|1788346503\n|switch|p1a: Whimsicott|Whimsicott, L50, M, shiny|100/100|[from] Parting Shot\n|move|p2a: Staraptor|Close Combat|p1a: Whimsicott\n|-resisted|p1a: Whimsicott|1\n|-damage|p1a: Whimsicott|0 fnt\n|-boost|p2a: Staraptor|def|1\n|-boost|p2a: Staraptor|spd|1\n|faint|p1a: Whimsicott\n|\n|-sideend|p1: AryuMyGlamGoat|move: Tailwind\n|-ability|p2b: Espathra|Speed Boost|boost\n|-boost|p2b: Espathra|spe|1\n|upkeep\n|\n|t:|1788346509\n|switch|p1a: Incineroar|Incineroar, L50, F|89/100\n|-ability|p1a: Incineroar|Intimidate|boost\n|-boost|p2a: Staraptor|atk|1\n|-unboost|p2b: Espathra|atk|1\n|turn|5\n|\n|t:|1788346537\n|move|p2b: Espathra|Feather Dance|p2a: Staraptor\n|-boost|p2a: Staraptor|atk|2\n|move|p1b: Staraptor|Brave Bird|p2a: Staraptor\n|-supereffective|p2a: Staraptor|1\n|-damage|p2a: Staraptor|0 fnt\n|faint|p2a: Staraptor\n|-damage|p1b: Staraptor|76/100|[from] Recoil\n|move|p1a: Incineroar|Throat Chop|p2b: Espathra\n|-supereffective|p2b: Espathra|1\n|-damage|p2b: Espathra|0 fnt\n|faint|p2b: Espathra\n|\n|-fieldend|move: Psychic Terrain\n|upkeep\n|\n|t:|1788346549\n|switch|p2b: Quaquaval|Quaquaval, L50, M|100/100\n|switch|p2a: Ceruledge|Ceruledge, L50, M|100/100\n|turn|6\n|\n|t:|1788346563\n|move|p2a: Ceruledge|Protect|p2a: Ceruledge\n|-singleturn|p2a: Ceruledge|Protect\n|move|p1b: Staraptor|Brave Bird|p2b: Quaquaval\n|-supereffective|p2b: Quaquaval|1\n|-damage|p2b: Quaquaval|0 fnt\n|faint|p2b: Quaquaval\n|-damage|p1b: Staraptor|43/100|[from] Recoil\n|move|p1a: Incineroar|Throat Chop|p2a: Ceruledge\n|-activate|p2a: Ceruledge|move: Protect\n|\n|upkeep\n|turn|7\n|\n|t:|1788346579\n|move|p1b: Staraptor|Brave Bird|p2a: Ceruledge\n|-damage|p2a: Ceruledge|0 fnt\n|faint|p2a: Ceruledge\n|-damage|p1b: Staraptor|12/100|[from] Recoil\n|\n|win|AryuMyGlamGoat\n|raw|AryuMyGlamGoat's rating: 1102 &rarr; <strong>1120</strong><br />(+18 for winning)\n|raw|joobbbb's rating: 1000 &rarr; <strong>1000</strong><br />(+0 for losing)\n|l|☆joobbbb\n|player|p2|\n","uploadtime":1788346585,"views":"0","formatid":"gen9championsvgc2026regmb","rating":1000,"private":0,"password":null}