{"id":"gen9championsvgc2026regmbbo3-2674964952","format":"[Gen 9 Champions] VGC 2026 Reg M-B (Bo3)","players":["kalaluwi","Vienna Vaporeons"],"log":"|j|☆kalaluwi\n|j|☆Vienna Vaporeons\n|html|<table width=\"100%\"><tr><td align=\"left\">kalaluwi</td><td align=\"right\">Vienna Vaporeons</tr><tr><td align=\"left\"><i class=\"fa fa-circle-o\"></i> <i class=\"fa fa-circle-o\"></i> </td><td align=\"right\"><i class=\"fa fa-circle-o\"></i> <i class=\"fa fa-circle-o\"></i> </tr></table>\n|uhtml|bestof|<h2><strong>Game 1</strong> of <a href=\"/game-bestof3-gen9championsvgc2026regmbbo3-2674964951\">a best-of-3</a></h2>\n|t:|1788442848\n|gametype|doubles\n|player|p1|kalaluwi|2|1344\n|player|p2|Vienna Vaporeons|1|1421\n|gen|9\n|tier|[Gen 9 Champions] VGC 2026 Reg M-B (Bo3)\n|rated|\n|rule|Species Clause: Limit one of each Pokémon\n|rule|Item Clause: Limit 1 of each item\n|clearpoke\n|poke|p1|Glimmora, L50, M|\n|poke|p1|Farigiraf, L50, M|\n|poke|p1|Vanilluxe, L50, F|\n|poke|p1|Garchomp, L50, F|\n|poke|p1|Whimsicott, L50, F|\n|poke|p1|Charizard, L50, M|\n|poke|p2|Pelipper, L50, F, shiny|\n|poke|p2|Archaludon, L50, F, shiny|\n|poke|p2|Grimmsnarl, L50, M, shiny|\n|poke|p2|Basculegion, L50, M, shiny|\n|poke|p2|Venusaur, L50, M, shiny|\n|poke|p2|Raichu, L50, M, shiny|\n|teampreview|4\n|showteam|p1|Glimmora||Glimmoranite|ToxicDebris|PowerGem,EarthPower,SludgeBomb,SpikyShield|Modest||M|||50|]Farigiraf||ColburBerry|ArmorTail|TrickRoom,Thunderbolt,TwinBeam,HelpingHand|Modest||M|||50|]Vanilluxe||ChoiceScarf|SnowWarning|Blizzard,IcyWind,FreezeDry,SheerCold|Modest||F|||50|]Garchomp||LifeOrb|RoughSkin|DragonClaw,RockSlide,Earthquake,StompingTantrum|Jolly||F|||50|]Whimsicott||FocusSash|Prankster|Tailwind,Encore,Moonblast,Protect|Timid||F|||50|]Charizard||CharizarditeY|Blaze|HeatWave,WeatherBall,AncientPower,Protect|Modest||M|||50|\n|showteam|p2|Pelipper||SitrusBerry|Drizzle|Hurricane,WeatherBall,WideGuard,Tailwind|Modest||F|||50|]Archaludon||Leftovers|Stamina|FlashCannon,DragonPulse,ElectroShot,Protect|Calm||F|||50|]Grimmsnarl||LightClay|Prankster|SpiritBreak,Reflect,LightScreen,PartingShot|Careful||M|||50|]Basculegion||ChoiceScarf|Adaptability|WaveCrash,LastRespects,AquaJet,FlipTurn|Jolly||M|||50|]Venusaur||Venusaurite|Chlorophyll|GigaDrain,SludgeBomb,EarthPower,Protect|Modest||M|||50|]Raichu||RaichuniteY|Static|FakeOut,ZapCannon,FocusBlast,Protect|Hasty||M|||50|\n|\n|t:|1788442860\n|teamsize|p1|4\n|teamsize|p2|4\n|start\n|switch|p1a: Whimsicott|Whimsicott, L50, F|100/100\n|switch|p1b: Glimmora|Glimmora, L50, M|100/100\n|switch|p2a: Grimmsnarl|Grimmsnarl, L50, M, shiny|100/100\n|switch|p2b: Venusaur|Venusaur, L50, M, shiny|100/100\n|turn|1\n|\n|t:|1788442893\n|detailschange|p2b: Venusaur|Venusaur-Mega, L50, M, shiny\n|-mega|p2b: Venusaur|Venusaur|Venusaurite\n|move|p1b: Glimmora|Spiky Shield|p1b: Glimmora\n|-singleturn|p1b: Glimmora|move: Protect\n|move|p2a: Grimmsnarl|Light Screen|p2a: Grimmsnarl\n|-sidestart|p2: Vienna Vaporeons|move: Light Screen\n|move|p1a: Whimsicott|Moonblast|p2a: Grimmsnarl\n|-supereffective|p2a: Grimmsnarl|1\n|-damage|p2a: Grimmsnarl|57/100\n|move|p2b: Venusaur|Sludge Bomb|p1a: Whimsicott\n|-supereffective|p1a: Whimsicott|2\n|-enditem|p1a: Whimsicott|Focus Sash\n|-damage|p1a: Whimsicott|1/100\n|-status|p1a: Whimsicott|psn\n|\n|-damage|p1a: Whimsicott|0 fnt|[from] psn\n|faint|p1a: Whimsicott\n|upkeep\n|\n|t:|1788442908\n|switch|p1a: Vanilluxe|Vanilluxe, L50, F|100/100\n|-weather|Snowscape|[from] ability: Snow Warning|[of] p1a: Vanilluxe\n|turn|2\n|\n|t:|1788442924\n|detailschange|p1b: Glimmora|Glimmora-Mega, L50, M\n|-mega|p1b: Glimmora|Glimmora|Glimmoranite\n|move|p2a: Grimmsnarl|Parting Shot|p1a: Vanilluxe\n|-unboost|p1a: Vanilluxe|atk|1\n|-unboost|p1a: Vanilluxe|spa|1\n|\n|t:|1788442929\n|switch|p2a: Pelipper|Pelipper, L50, F, shiny|100/100|[from] Parting Shot\n|-weather|RainDance|[from] ability: Drizzle|[of] p2a: Pelipper\n|move|p1a: Vanilluxe|Sheer Cold|p2b: Venusaur|[miss]\n|-miss|p1a: Vanilluxe|p2b: Venusaur\n|move|p1b: Glimmora|Sludge Bomb|p2a: Pelipper\n|-crit|p2a: Pelipper\n|-damage|p2a: Pelipper|0 fnt\n|faint|p2a: Pelipper\n|move|p2b: Venusaur|Earth Power|p1b: Glimmora\n|-supereffective|p1b: Glimmora|2\n|-damage|p1b: Glimmora|0 fnt\n|faint|p1b: Glimmora\n|\n|-weather|RainDance|[upkeep]\n|upkeep\n|\n|t:|1788442949\n|switch|p1b: Garchomp|Garchomp, L50, F|100/100\n|switch|p2a: Archaludon|Archaludon, L50, F, shiny|100/100\n|turn|3\n|\n|t:|1788442962\n|move|p1a: Vanilluxe|Sheer Cold|p2a: Archaludon\n|-damage|p2a: Archaludon|0 fnt\n|faint|p2a: Archaludon\n|-ohko\n|move|p1b: Garchomp|Dragon Claw|p2b: Venusaur\n|-damage|p2b: Venusaur|57/100\n|-damage|p1b: Garchomp|90/100|[from] item: Life Orb\n|move|p2b: Venusaur|Sludge Bomb|p1a: Vanilluxe\n|-damage|p1a: Vanilluxe|40/100\n|\n|-weather|RainDance|[upkeep]\n|upkeep\n|\n|t:|1788442969\n|switch|p2a: Grimmsnarl|Grimmsnarl, L50, M, shiny|57/100\n|turn|4\n|c|☆Vienna Vaporeons|cool\n|\n|t:|1788442978\n|move|p2a: Grimmsnarl|Reflect|p2a: Grimmsnarl\n|-sidestart|p2: Vienna Vaporeons|Reflect\n|move|p1a: Vanilluxe|Sheer Cold|p2a: Grimmsnarl|[miss]\n|-miss|p1a: Vanilluxe|p2a: Grimmsnarl\n|move|p1b: Garchomp|Earthquake|p2b: Venusaur|[spread] p1a,p2a,p2b\n|-damage|p1a: Vanilluxe|0 fnt\n|-damage|p2a: Grimmsnarl|21/100\n|-damage|p2b: Venusaur|29/100\n|faint|p1a: Vanilluxe\n|-damage|p1b: Garchomp|80/100|[from] item: Life Orb\n|move|p2b: Venusaur|Sludge Bomb|p1b: Garchomp\n|-resisted|p1b: Garchomp|1\n|-damage|p1b: Garchomp|58/100\n|\n|-weather|RainDance|[upkeep]\n|upkeep\n|turn|5\n|\n|t:|1788442997\n|move|p2a: Grimmsnarl|Parting Shot|p1b: Garchomp\n|-unboost|p1b: Garchomp|atk|1\n|-unboost|p1b: Garchomp|spa|1\n|move|p1b: Garchomp|Earthquake|p2b: Venusaur|[spread] p2a,p2b\n|-damage|p2a: Grimmsnarl|0 fnt\n|-damage|p2b: Venusaur|11/100\n|faint|p2a: Grimmsnarl\n|-damage|p1b: Garchomp|49/100|[from] item: Life Orb\n|move|p2b: Venusaur|Giga Drain|p1b: Garchomp\n|-damage|p1b: Garchomp|8/100\n|-heal|p2b: Venusaur|31/100|[from] drain|[of] p1b: Garchomp\n|\n|-weather|RainDance|[upkeep]\n|upkeep\n|turn|6\n|\n|t:|1788443012\n|move|p1b: Garchomp|Earthquake|p2b: Venusaur\n|-damage|p2b: Venusaur|6/100\n|-damage|p1b: Garchomp|0 fnt|[from] item: Life Orb\n|faint|p1b: Garchomp\n|\n|win|Vienna Vaporeons\n","uploadtime":1788443012,"views":"3","formatid":"gen9championsvgc2026regmbbo3","rating":null,"private":0,"password":null}