{"id":"gen9championsvgc2026regmb-2673902687","format":"[Gen 9 Champions] VGC 2026 Reg M-B","players":["Vh Jux bc go","ReiTolo07"],"log":"|j|☆Vh Jux bc go\n|j|☆ReiTolo07\n|t:|1788275117\n|gametype|doubles\n|player|p1|Vh Jux bc go|lusamine-nihilego|1101\n|player|p2|ReiTolo07|gentleman-gen4|1148\n|gen|9\n|tier|[Gen 9 Champions] VGC 2026 Reg M-B\n|rated|\n|rule|Species Clause: Limit one of each Pokémon\n|rule|Item Clause: Limit 1 of each item\n|clearpoke\n|poke|p1|Sceptile, L50, M|\n|poke|p1|Rotom-Heat, L50|\n|poke|p1|Aegislash, L50, F|\n|poke|p1|Lopunny, L50, M|\n|poke|p1|Whimsicott, L50, F|\n|poke|p1|Garchomp, L50, F|\n|poke|p2|Heracross, L50, M|\n|poke|p2|Farigiraf, L50, M|\n|poke|p2|Incineroar, L50, F|\n|poke|p2|Rhyperior, L50, F|\n|poke|p2|Lopunny, L50, F|\n|poke|p2|Aegislash, L50, M|\n|teampreview|4\n|inactive|Battle timer is ON: inactive players will automatically lose when time's up. (requested by Vh Jux bc go)\n|\n|t:|1788275133\n|teamsize|p1|4\n|teamsize|p2|4\n|start\n|switch|p1a: Whimsicott|Whimsicott, L50, F|100/100\n|switch|p1b: Garchomp|Garchomp, L50, F|100/100\n|switch|p2a: Incineroar|Incineroar, L50, F|100/100\n|switch|p2b: Farigiraf|Farigiraf, L50, M|100/100\n|-ability|p2a: Incineroar|Intimidate|boost\n|-unboost|p1a: Whimsicott|atk|1\n|-unboost|p1b: Garchomp|atk|1\n|turn|1\n|inactive|Vh Jux bc go has 30 seconds left.\n|inactive|Vh Jux bc go has 20 seconds left.\n|\n|t:|1788275169\n|move|p2a: Incineroar|Fake Out|p1a: Whimsicott\n|-damage|p1a: Whimsicott|79/100\n|cant|p1a: Whimsicott|flinch\n|move|p1b: Garchomp|Earthquake|p2a: Incineroar|[spread] p1a,p2a,p2b\n|-resisted|p1a: Whimsicott|1\n|-supereffective|p2a: Incineroar|1\n|-damage|p1a: Whimsicott|55/100\n|-damage|p2a: Incineroar|33/100\n|-damage|p2b: Farigiraf|70/100\n|-enditem|p2a: Incineroar|Sitrus Berry|[eat]\n|-heal|p2a: Incineroar|57/100|[from] item: Sitrus Berry\n|-damage|p1b: Garchomp|90/100|[from] item: Life Orb\n|move|p2b: Farigiraf|Trick Room|p2b: Farigiraf\n|-fieldstart|move: Trick Room|[of] p2b: Farigiraf\n|\n|-heal|p2b: Farigiraf|76/100|[from] item: Leftovers\n|upkeep\n|turn|2\n|inactive|Vh Jux bc go has 30 seconds left.\n|\n|t:|1788275196\n|move|p2b: Farigiraf|Twin Beam|p1a: Whimsicott\n|-damage|p1a: Whimsicott|30/100\n|-damage|p1a: Whimsicott|4/100\n|-hitcount|p1a: Whimsicott|2\n|move|p2a: Incineroar|Parting Shot|p1b: Garchomp\n|-unboost|p1b: Garchomp|atk|1\n|-unboost|p1b: Garchomp|spa|1\n|\n|t:|1788275210\n|switch|p2a: Heracross|Heracross, L50, M|100/100|[from] Parting Shot\n|move|p1b: Garchomp|Earthquake|p2a: Heracross|[spread] p1a,p2a,p2b\n|-resisted|p1a: Whimsicott|1\n|-resisted|p2a: Heracross|1\n|-damage|p1a: Whimsicott|0 fnt\n|-damage|p2a: Heracross|85/100\n|-damage|p2b: Farigiraf|53/100\n|faint|p1a: Whimsicott\n|-damage|p1b: Garchomp|80/100|[from] item: Life Orb\n|\n|-heal|p2b: Farigiraf|59/100|[from] item: Leftovers\n|upkeep\n|\n|t:|1788275213\n|switch|p1a: Aegislash|Aegislash, L50, F|100/100\n|turn|3\n|inactive|ReiTolo07 has 30 seconds left.\n|\n|t:|1788275247\n|detailschange|p2a: Heracross|Heracross-Mega, L50, M\n|-mega|p2a: Heracross|Heracross|Heracronite\n|move|p2b: Farigiraf|Helping Hand|p2a: Heracross\n|-singleturn|p2a: Heracross|Helping Hand|[of] p2b: Farigiraf\n|move|p1a: Aegislash|King's Shield|p1a: Aegislash\n|-singleturn|p1a: Aegislash|Protect\n|move|p2a: Heracross|Bullet Seed|p1b: Garchomp\n|-damage|p1b: Garchomp|61/100\n|-damage|p1b: Garchomp|41/100\n|-damage|p1b: Garchomp|21/100\n|-damage|p1b: Garchomp|2/100\n|-crit|p1b: Garchomp\n|-damage|p1b: Garchomp|0 fnt\n|faint|p1b: Garchomp\n|-hitcount|p1: Garchomp|5\n|\n|-heal|p2b: Farigiraf|65/100|[from] item: Leftovers\n|upkeep\n|\n|t:|1788275262\n|switch|p1b: Lopunny|Lopunny, L50, M|100/100\n|turn|4\n|\n|t:|1788275283\n|move|p2b: Farigiraf|Twin Beam|p1a: Aegislash\n|-resisted|p1a: Aegislash|1\n|-damage|p1a: Aegislash|93/100\n|-resisted|p1a: Aegislash|1\n|-damage|p1a: Aegislash|88/100\n|-hitcount|p1a: Aegislash|2\n|move|p1a: Aegislash|Swords Dance|p1a: Aegislash\n|-boost|p1a: Aegislash|atk|2\n|move|p2a: Heracross|Close Combat|p1b: Lopunny\n|-supereffective|p1b: Lopunny|1\n|-damage|p1b: Lopunny|0 fnt\n|-unboost|p2a: Heracross|def|1\n|-unboost|p2a: Heracross|spd|1\n|faint|p1b: Lopunny\n|\n|-heal|p2b: Farigiraf|71/100|[from] item: Leftovers\n|-heal|p1a: Aegislash|94/100|[from] item: Leftovers\n|upkeep\n|turn|5\n|-message|Vh Jux bc go forfeited.\n|\n|win|ReiTolo07\n|raw|Vh Jux bc go's rating: 1101 &rarr; <strong>1079</strong><br />(-22 for losing)\n|raw|ReiTolo07's rating: 1148 &rarr; <strong>1170</strong><br />(+22 for winning)\n|l|☆Vh Jux bc go\n|player|p1|\n","uploadtime":1788275312,"views":"3","formatid":"gen9championsvgc2026regmb","rating":1079,"private":0,"password":null}