{"id":"gen9championsvgc2026regmbbo3-2674223247","format":"[Gen 9 Champions] VGC 2026 Reg M-B (Bo3)","players":["teyvgc","kk1pper1314"],"log":"|j|☆teyvgc\n|j|☆kk1pper1314\n|html|<table width=\"100%\"><tr><td align=\"left\">teyvgc</td><td align=\"right\">kk1pper1314</tr><tr><td align=\"left\"><i class=\"fa fa-circle\"></i> <i class=\"fa fa-circle-o\"></i> </td><td align=\"right\"><i class=\"fa fa-circle-o\"></i> <i class=\"fa fa-circle\"></i> </tr></table>\n|uhtml|bestof|<h2><strong>Game 3</strong> of <a href=\"/game-bestof3-gen9championsvgc2026regmbbo3-2674219738\">a best-of-3</a></h2>\n|t:|1788318169\n|gametype|doubles\n|player|p1|teyvgc|rood|1376\n|player|p2|kk1pper1314|169|1298\n|gen|9\n|tier|[Gen 9 Champions] VGC 2026 Reg M-B (Bo3)\n|rated|\n|rule|Species Clause: Limit one of each Pokémon\n|rule|Item Clause: Limit 1 of each item\n|clearpoke\n|poke|p1|Delphox, L50, F|\n|poke|p1|Vanilluxe, L50, M|\n|poke|p1|Floette-Eternal, L50, F|\n|poke|p1|Sinistcha, L50|\n|poke|p1|Milotic, L50, M|\n|poke|p1|Incineroar, L50, F|\n|poke|p2|Swampert, L50, F|\n|poke|p2|Grimmsnarl, L50, M|\n|poke|p2|Pelipper, L50, M|\n|poke|p2|Archaludon, L50, F|\n|poke|p2|Venusaur, L50, F|\n|poke|p2|Charizard, L50, M|\n|teampreview|4\n|showteam|p1|Delphox||Delphoxite|Blaze|HeatWave,Psychic,NastyPlot,Protect|Timid||F|||50|]Vanilluxe||ChoiceScarf|SnowWarning|Blizzard,FreezeDry,SheerCold,IcyWind|Timid||M|||50|]Floette-Eternal||Floettite|FlowerVeil|Protect,Moonblast,DazzlingGleam,CalmMind|Modest||F|||50|]Sinistcha||KasibBerry|Hospitality|LifeDew,RagePowder,MatchaGotcha,Protect|Bold|||||50|]Milotic||Leftovers|Competitive|Coil,Protect,MuddyWater,Hypnosis|Bold||M|||50|]Incineroar||SitrusBerry|Intimidate|FakeOut,PartingShot,FlareBlitz,DarkestLariat|Impish||F|||50|\n|showteam|p2|Swampert||Swampertite|Torrent|WaveCrash,Earthquake,IcePunch,Protect|Adamant||F|||50|]Grimmsnarl||LightClay|Prankster|PartingShot,SpiritBreak,LightScreen,Reflect|Careful||M|||50|]Pelipper||SitrusBerry|Drizzle|Hurricane,Tailwind,WeatherBall,Protect|Modest||M|||50|]Archaludon||Leftovers|Stamina|ElectroShot,FlashCannon,DragonPulse,Protect|Calm||F|||50|]Venusaur||FocusSash|Chlorophyll|LeafStorm,SludgeBomb,SleepPowder,Protect|Timid||F|||50|]Charizard||CharizarditeY|Blaze|HeatWave,WeatherBall,SolarBeam,Protect|Modest||M|||50|\n|inactive|Battle timer is ON: inactive players will automatically lose when time's up. (requested by kk1pper1314)\n|inactive|teyvgc has 60 seconds left.\n|\n|t:|1788318204\n|teamsize|p1|4\n|teamsize|p2|4\n|start\n|switch|p1a: Incineroar|Incineroar, L50, F|100/100\n|switch|p1b: Delphox|Delphox, L50, F|100/100\n|switch|p2a: Venusaur|Venusaur, L50, F|100/100\n|switch|p2b: Charizard|Charizard, L50, M|100/100\n|-ability|p1a: Incineroar|Intimidate|boost\n|-unboost|p2a: Venusaur|atk|1\n|-unboost|p2b: Charizard|atk|1\n|turn|1\n|inactive|kk1pper1314 has 30 seconds left.\n|\n|t:|1788318230\n|switch|p2a: Pelipper|Pelipper, L50, M|100/100\n|-weather|RainDance|[from] ability: Drizzle|[of] p2a: Pelipper\n|detailschange|p1b: Delphox|Delphox-Mega, L50, F\n|-mega|p1b: Delphox|Delphox|Delphoxite\n|detailschange|p2b: Charizard|Charizard-Mega-Y, L50, M\n|-mega|p2b: Charizard|Charizard|Charizardite Y\n|-weather|SunnyDay|[from] ability: Drought|[of] p2b: Charizard\n|move|p1a: Incineroar|Fake Out|p2a: Pelipper\n|-damage|p2a: Pelipper|87/100\n|move|p1b: Delphox|Psychic|p2b: Charizard\n|-damage|p2b: Charizard|54/100\n|move|p2b: Charizard|Weather Ball|p1b: Delphox\n|-resisted|p1b: Delphox|1\n|-damage|p1b: Delphox|65/100\n|\n|-weather|SunnyDay|[upkeep]\n|upkeep\n|turn|2\n|\n|t:|1788318249\n|switch|p2a: Archaludon|Archaludon, L50, F|100/100\n|move|p1b: Delphox|Protect|p1b: Delphox\n|-singleturn|p1b: Delphox|Protect\n|move|p2b: Charizard|Protect|p2b: Charizard\n|-singleturn|p2b: Charizard|Protect\n|move|p1a: Incineroar|Darkest Lariat|p2b: Charizard\n|-activate|p2b: Charizard|move: Protect\n|\n|-weather|SunnyDay|[upkeep]\n|upkeep\n|turn|3\n|\n|t:|1788318262\n|switch|p2a: Pelipper|Pelipper, L50, M|87/100\n|-weather|RainDance|[from] ability: Drizzle|[of] p2a: Pelipper\n|switch|p1a: Vanilluxe|Vanilluxe, L50, M|100/100\n|-weather|Snowscape|[from] ability: Snow Warning|[of] p1a: Vanilluxe\n|move|p1b: Delphox|Heat Wave|p2b: Charizard|[spread] p2a,p2b\n|-resisted|p2a: Pelipper|1\n|-resisted|p2b: Charizard|1\n|-damage|p2a: Pelipper|66/100\n|-damage|p2b: Charizard|38/100\n|-status|p2a: Pelipper|brn\n|move|p2b: Charizard|Weather Ball|p1b: Delphox\n|-resisted|p1b: Delphox|1\n|-damage|p1b: Delphox|49/100\n|\n|-weather|Snowscape|[upkeep]\n|-damage|p2a: Pelipper|60/100 brn|[from] brn\n|upkeep\n|turn|4\n|\n|t:|1788318282\n|switch|p2a: Archaludon|Archaludon, L50, F|100/100\n|move|p1a: Vanilluxe|Blizzard|p2b: Charizard|[spread] p2a,p2b\n|-damage|p2a: Archaludon|68/100\n|-damage|p2b: Charizard|2/100\n|-ability|p2a: Archaludon|Stamina|boost\n|-boost|p2a: Archaludon|def|1\n|move|p1b: Delphox|Heat Wave|p2a: Archaludon|[spread] p2a,p2b\n|-resisted|p2b: Charizard|1\n|-damage|p2a: Archaludon|38/100\n|-damage|p2b: Charizard|0 fnt\n|-ability|p2a: Archaludon|Stamina|boost\n|-boost|p2a: Archaludon|def|1\n|faint|p2b: Charizard\n|\n|-weather|Snowscape|[upkeep]\n|-heal|p2a: Archaludon|44/100|[from] item: Leftovers\n|upkeep\n|\n|t:|1788318293\n|switch|p2b: Pelipper|Pelipper, L50, M|60/100 brn\n|-weather|RainDance|[from] ability: Drizzle|[of] p2b: Pelipper\n|turn|5\n|\n|t:|1788318299\n|move|p1a: Vanilluxe|Blizzard|p2b: Pelipper|[spread] p2a,p2b\n|-damage|p2a: Archaludon|14/100\n|-damage|p2b: Pelipper|17/100 brn\n|-ability|p2a: Archaludon|Stamina|boost\n|-boost|p2a: Archaludon|def|1\n|-enditem|p2b: Pelipper|Sitrus Berry|[eat]\n|-heal|p2b: Pelipper|42/100 brn|[from] item: Sitrus Berry\n|move|p1b: Delphox|Psychic|p2a: Archaludon\n|-resisted|p2a: Archaludon|1\n|-damage|p2a: Archaludon|0 fnt\n|faint|p2a: Archaludon\n|move|p2b: Pelipper|Tailwind|p2b: Pelipper\n|-sidestart|p2: kk1pper1314|move: Tailwind\n|\n|-weather|RainDance|[upkeep]\n|-damage|p2b: Pelipper|36/100 brn|[from] brn\n|upkeep\n|\n|t:|1788318308\n|switch|p2a: Venusaur|Venusaur, L50, F|100/100\n|turn|6\n|\n|t:|1788318323\n|switch|p1a: Incineroar|Incineroar, L50, F|100/100\n|-ability|p1a: Incineroar|Intimidate|boost\n|-unboost|p2a: Venusaur|atk|1\n|-unboost|p2b: Pelipper|atk|1\n|move|p1b: Delphox|Protect|p1b: Delphox\n|-singleturn|p1b: Delphox|Protect\n|move|p2a: Venusaur|Sleep Powder|p1a: Incineroar|[miss]\n|-miss|p2a: Venusaur|p1a: Incineroar\n|move|p2b: Pelipper|Weather Ball|p1b: Delphox\n|-activate|p1b: Delphox|move: Protect\n|\n|-weather|RainDance|[upkeep]\n|-damage|p2b: Pelipper|30/100 brn|[from] brn\n|upkeep\n|turn|7\n|-message|kk1pper1314 forfeited.\n|raw|teyvgc's rating: 1376 &rarr; <strong>1392</strong><br />(+16 for winning)\n|raw|kk1pper1314's rating: 1298 &rarr; <strong>1279</strong><br />(-19 for losing)\n|\n|win|teyvgc\n","uploadtime":1788318332,"views":"0","formatid":"gen9championsvgc2026regmbbo3","rating":1279,"private":0,"password":null}