{"id":"gen9championsvgc2026regmb-2674386223","format":"[Gen 9 Champions] VGC 2026 Reg M-B","players":["CrystalUnicorn","WaluigiVGC"],"log":"|j|☆CrystalUnicorn\n|j|☆WaluigiVGC\n|t:|1788352989\n|gametype|doubles\n|player|p1|CrystalUnicorn|265|1173\n|player|p2|WaluigiVGC|170|1167\n|gen|9\n|tier|[Gen 9 Champions] VGC 2026 Reg M-B\n|rated|\n|rule|Species Clause: Limit one of each Pokémon\n|rule|Item Clause: Limit 1 of each item\n|clearpoke\n|poke|p1|Torkoal, L50, M|\n|poke|p1|Oranguru, L50, M|\n|poke|p1|Farigiraf, L50, F|\n|poke|p1|Slowbro-Galar, L50, M|\n|poke|p1|Rampardos, L50, M|\n|poke|p1|Sinistcha-Masterpiece, L50|\n|poke|p2|Venusaur, L50, F|\n|poke|p2|Charizard, L50, M|\n|poke|p2|Garchomp, L50, M|\n|poke|p2|Incineroar, L50, F|\n|poke|p2|Floette-Eternal, L50, F|\n|poke|p2|Sinistcha, L50|\n|teampreview|4\n|inactive|Battle timer is ON: inactive players will automatically lose when time's up. (requested by CrystalUnicorn)\n|\n|t:|1788353015\n|teamsize|p1|4\n|teamsize|p2|4\n|start\n|switch|p1a: Oranguru|Oranguru, L50, M|100/100\n|switch|p1b: Rampardos|Rampardos, L50, M|100/100\n|switch|p2a: Charizard|Charizard, L50, M|100/100\n|switch|p2b: Venusaur|Venusaur, L50, F|100/100\n|turn|1\n|\n|t:|1788353034\n|detailschange|p2a: Charizard|Charizard-Mega-Y, L50, M\n|-mega|p2a: Charizard|Charizard|Charizardite Y\n|-weather|SunnyDay|[from] ability: Drought|[of] p2a: Charizard\n|move|p2b: Venusaur|Sleep Powder|p1a: Oranguru|[miss]\n|-miss|p2b: Venusaur|p1a: Oranguru\n|move|p2a: Charizard|Solar Beam||[still]\n|-prepare|p2a: Charizard|Solar Beam\n|-anim|p2a: Charizard|Solar Beam|p1b: Rampardos\n|-supereffective|p1b: Rampardos|1\n|-damage|p1b: Rampardos|0 fnt\n|faint|p1b: Rampardos\n|move|p1a: Oranguru|Trick Room|p1a: Oranguru\n|-fieldstart|move: Trick Room|[of] p1a: Oranguru\n|\n|-weather|SunnyDay|[upkeep]\n|upkeep\n|\n|t:|1788353046\n|switch|p1b: Torkoal|Torkoal, L50, M|100/100\n|turn|2\n|\n|t:|1788353065\n|switch|p2a: Incineroar|Incineroar, L50, F|100/100\n|-ability|p2a: Incineroar|Intimidate|boost\n|-fail|p1a: Oranguru|unboost|atk|[from] ability: Inner Focus|[of] p1a: Oranguru\n|-unboost|p1b: Torkoal|atk|1\n|move|p2b: Venusaur|Protect|p2b: Venusaur\n|-singleturn|p2b: Venusaur|Protect\n|move|p1b: Torkoal|Eruption|p2b: Venusaur|[spread] p2a\n|-activate|p2b: Venusaur|move: Protect\n|-resisted|p2a: Incineroar|1\n|-damage|p2a: Incineroar|65/100\n|move|p1a: Oranguru|Instruct|p1b: Torkoal\n|-singleturn|p1b: Torkoal|move: Instruct|[of] p1a: Oranguru\n|move|p1b: Torkoal|Eruption|p2b: Venusaur|[spread] p2a\n|-activate|p2b: Venusaur|move: Protect\n|-resisted|p2a: Incineroar|1\n|-crit|p2a: Incineroar\n|-damage|p2a: Incineroar|16/100\n|-enditem|p2a: Incineroar|Sitrus Berry|[eat]\n|-heal|p2a: Incineroar|41/100|[from] item: Sitrus Berry\n|\n|-weather|SunnyDay|[upkeep]\n|upkeep\n|turn|3\n|inactive|WaluigiVGC has 30 seconds left.\n|\n|t:|1788353097\n|switch|p2b: Charizard|Charizard-Mega-Y, L50, M|100/100\n|move|p2a: Incineroar|Fake Out|p1b: Torkoal\n|-damage|p1b: Torkoal|91/100\n|cant|p1b: Torkoal|flinch\n|move|p1a: Oranguru|Instruct|p1b: Torkoal\n|-singleturn|p1b: Torkoal|move: Instruct|[of] p1a: Oranguru\n|cant|p1b: Torkoal|flinch\n|\n|-weather|SunnyDay|[upkeep]\n|upkeep\n|turn|4\n|inactive|WaluigiVGC has 30 seconds left.\n|\n|t:|1788353128\n|move|p1b: Torkoal|Eruption|p2a: Incineroar|[spread] p2a,p2b\n|-resisted|p2a: Incineroar|1\n|-resisted|p2b: Charizard|1\n|-damage|p2a: Incineroar|12/100\n|-damage|p2b: Charizard|64/100\n|move|p1a: Oranguru|Instruct|p1b: Torkoal\n|-singleturn|p1b: Torkoal|move: Instruct|[of] p1a: Oranguru\n|move|p1b: Torkoal|Eruption|p2a: Incineroar|[spread] p2a,p2b\n|-resisted|p2a: Incineroar|1\n|-resisted|p2b: Charizard|1\n|-damage|p2a: Incineroar|0 fnt\n|-damage|p2b: Charizard|29/100\n|faint|p2a: Incineroar\n|move|p2b: Charizard|Heat Wave|p1b: Torkoal|[spread] p1a\n|-miss|p2b: Charizard|p1b: Torkoal\n|-damage|p1a: Oranguru|65/100\n|-status|p1a: Oranguru|brn\n|\n|-weather|SunnyDay|[upkeep]\n|-damage|p1a: Oranguru|59/100 brn|[from] brn\n|upkeep\n|\n|t:|1788353148\n|switch|p2a: Venusaur|Venusaur, L50, F|100/100\n|turn|5\n|\n|t:|1788353155\n|move|p2b: Charizard|Protect|p2b: Charizard\n|-singleturn|p2b: Charizard|Protect\n|move|p2a: Venusaur|Protect|p2a: Venusaur\n|-singleturn|p2a: Venusaur|Protect\n|move|p1b: Torkoal|Eruption|p2b: Charizard|[spread] \n|-activate|p2a: Venusaur|move: Protect\n|-activate|p2b: Charizard|move: Protect\n|move|p1a: Oranguru|Instruct|p1b: Torkoal\n|-singleturn|p1b: Torkoal|move: Instruct|[of] p1a: Oranguru\n|move|p1b: Torkoal|Eruption|p2b: Charizard|[spread] \n|-activate|p2a: Venusaur|move: Protect\n|-activate|p2b: Charizard|move: Protect\n|\n|-weather|none\n|-damage|p1a: Oranguru|53/100 brn|[from] brn\n|-fieldend|move: Trick Room\n|upkeep\n|turn|6\n|inactive|WaluigiVGC has 30 seconds left.\n|\n|t:|1788353190\n|move|p1b: Torkoal|Protect|p1b: Torkoal\n|-singleturn|p1b: Torkoal|Protect\n|move|p2b: Charizard|Heat Wave|p1a: Oranguru|[spread] p1a\n|-activate|p1b: Torkoal|move: Protect\n|-damage|p1a: Oranguru|27/100 brn\n|move|p2a: Venusaur|Earth Power|p1b: Torkoal\n|-activate|p1b: Torkoal|move: Protect\n|move|p1a: Oranguru|Trick Room|p1a: Oranguru\n|-fieldstart|move: Trick Room|[of] p1a: Oranguru\n|\n|-damage|p1a: Oranguru|21/100 brn|[from] brn\n|upkeep\n|turn|7\n|inactive|CrystalUnicorn has 30 seconds left.\n|inactive|WaluigiVGC has 30 seconds left.\n|\n|t:|1788353224\n|switch|p2a: Sinistcha|Sinistcha, L50|100/100\n|-heal|p2b: Charizard|54/100|[from] ability: Hospitality|[of] p2a: Sinistcha\n|move|p2b: Charizard|Protect|p2b: Charizard\n|-singleturn|p2b: Charizard|Protect\n|move|p1b: Torkoal|Eruption|p2b: Charizard|[spread] p2a\n|-activate|p2b: Charizard|move: Protect\n|-supereffective|p2a: Sinistcha|1\n|-damage|p2a: Sinistcha|0 fnt\n|faint|p2a: Sinistcha\n|move|p1a: Oranguru|Instruct|p1b: Torkoal\n|-singleturn|p1b: Torkoal|move: Instruct|[of] p1a: Oranguru\n|move|p1b: Torkoal|Eruption|p2b: Charizard\n|-activate|p2b: Charizard|move: Protect\n|\n|-damage|p1a: Oranguru|15/100 brn|[from] brn\n|upkeep\n|\n|t:|1788353243\n|switch|p2a: Venusaur|Venusaur, L50, F|100/100\n|turn|8\n|\n|t:|1788353255\n|move|p2a: Venusaur|Protect|p2a: Venusaur\n|-singleturn|p2a: Venusaur|Protect\n|move|p2b: Charizard|Protect|p2b: Charizard\n|-singleturn|p2b: Charizard|Protect\n|move|p1b: Torkoal|Heat Wave|p2b: Charizard|[spread] \n|-activate|p2a: Venusaur|move: Protect\n|-activate|p2b: Charizard|move: Protect\n|move|p1a: Oranguru|Instruct|p1b: Torkoal\n|-singleturn|p1b: Torkoal|move: Instruct|[of] p1a: Oranguru\n|move|p1b: Torkoal|Heat Wave|p2a: Venusaur|[spread] \n|-activate|p2a: Venusaur|move: Protect\n|-activate|p2b: Charizard|move: Protect\n|\n|-damage|p1a: Oranguru|9/100 brn|[from] brn\n|upkeep\n|turn|9\n|inactive|CrystalUnicorn has 30 seconds left.\n|\n|t:|1788353281\n|move|p2a: Venusaur|Protect||[still]\n|-fail|p2a: Venusaur\n|move|p2b: Charizard|Protect||[still]\n|-fail|p2b: Charizard\n|move|p1b: Torkoal|Heat Wave|p2b: Charizard|[spread] p2a,p2b\n|-supereffective|p2a: Venusaur|1\n|-resisted|p2b: Charizard|1\n|-damage|p2a: Venusaur|12/100\n|-damage|p2b: Charizard|38/100\n|move|p1a: Oranguru|Instruct|p1b: Torkoal\n|-singleturn|p1b: Torkoal|move: Instruct|[of] p1a: Oranguru\n|move|p1b: Torkoal|Heat Wave|p2b: Charizard|[spread] p2a,p2b\n|-supereffective|p2a: Venusaur|1\n|-resisted|p2b: Charizard|1\n|-damage|p2a: Venusaur|0 fnt\n|-damage|p2b: Charizard|22/100\n|faint|p2a: Venusaur\n|\n|-damage|p1a: Oranguru|3/100 brn|[from] brn\n|upkeep\n|turn|10\n|\n|t:|1788353300\n|move|p2b: Charizard|Protect|p2b: Charizard\n|-singleturn|p2b: Charizard|Protect\n|move|p1b: Torkoal|Heat Wave|p2b: Charizard\n|-activate|p2b: Charizard|move: Protect\n|move|p1a: Oranguru|Instruct|p1b: Torkoal\n|-singleturn|p1b: Torkoal|move: Instruct|[of] p1a: Oranguru\n|move|p1b: Torkoal|Heat Wave|p2b: Charizard\n|-activate|p2b: Charizard|move: Protect\n|\n|-damage|p1a: Oranguru|0 fnt|[from] brn\n|faint|p1a: Oranguru\n|-fieldend|move: Trick Room\n|upkeep\n|\n|t:|1788353312\n|switch|p1a: Slowbro|Slowbro-Galar, L50, M|100/100\n|turn|11\n|-activate|p1a: Slowbro|ability: Quick Draw\n|\n|t:|1788353318\n|move|p1a: Slowbro|Shell Side Arm|p2b: Charizard|[anim] Shell Side Arm Physical\n|-damage|p2b: Charizard|0 fnt\n|-hint|Physical Shell Side Arm\n|faint|p2b: Charizard\n|\n|win|CrystalUnicorn\n|raw|CrystalUnicorn's rating: 1173 &rarr; <strong>1198</strong><br />(+25 for winning)\n|raw|WaluigiVGC's rating: 1167 &rarr; <strong>1142</strong><br />(-25 for losing)\n|l|☆CrystalUnicorn\n|player|p1|\n","uploadtime":1788353326,"views":"1","formatid":"gen9championsvgc2026regmb","rating":1142,"private":0,"password":null}