{"id":"gen9championsvgc2026regmb-2674448371","format":"[Gen 9 Champions] VGC 2026 Reg M-B","players":["Doliolili","Mattia1906"],"log":"|j|☆Doliolili\n|j|☆Mattia1906\n|t:|1788361039\n|gametype|doubles\n|player|p1|Doliolili|veteran|1305\n|player|p2|Mattia1906|265|1291\n|gen|9\n|tier|[Gen 9 Champions] VGC 2026 Reg M-B\n|rated|\n|rule|Species Clause: Limit one of each Pokémon\n|rule|Item Clause: Limit 1 of each item\n|clearpoke\n|poke|p1|Aerodactyl, L50, F|\n|poke|p1|Sneasler, L50, M|\n|poke|p1|Kingambit, L50, M|\n|poke|p1|Charizard, L50, M|\n|poke|p1|Sinistcha, L50|\n|poke|p1|Rotom-Wash, L50|\n|poke|p2|Charizard, L50, M|\n|poke|p2|Venusaur, L50, F|\n|poke|p2|Garchomp, L50, M|\n|poke|p2|Incineroar, L50, M|\n|poke|p2|Sylveon, L50, F|\n|poke|p2|Toxapex, L50, F, shiny|\n|teampreview|4\n|inactive|Battle timer is ON: inactive players will automatically lose when time's up. (requested by Doliolili)\n|inactive|Mattia1906 has 60 seconds left.\n|\n|t:|1788361084\n|teamsize|p1|4\n|teamsize|p2|4\n|start\n|switch|p1a: Aerodactyl|Aerodactyl, L50, F|100/100\n|switch|p1b: Rotom|Rotom-Wash, L50|100/100\n|switch|p2a: Charizard|Charizard, L50, M|100/100\n|switch|p2b: Incineroar|Incineroar, L50, M|100/100\n|-ability|p1a: Aerodactyl|Unnerve\n|-ability|p2b: Incineroar|Intimidate|boost\n|-unboost|p1a: Aerodactyl|atk|1\n|-unboost|p1b: Rotom|atk|1\n|turn|1\n|\n|t:|1788361106\n|switch|p2a: Garchomp|Garchomp, L50, M|100/100\n|move|p2b: Incineroar|Fake Out|p1b: Rotom\n|-damage|p1b: Rotom|89/100\n|move|p1a: Aerodactyl|Rock Slide|p2b: Incineroar|[spread] p2a,p2b\n|-resisted|p2a: Garchomp|1\n|-supereffective|p2b: Incineroar|1\n|-damage|p2a: Garchomp|92/100\n|-damage|p2b: Incineroar|76/100\n|cant|p1b: Rotom|flinch\n|\n|-heal|p1b: Rotom|94/100|[from] item: Leftovers\n|upkeep\n|turn|2\n|\n|t:|1788361124\n|switch|p2a: Charizard|Charizard, L50, M|100/100\n|move|p1a: Aerodactyl|Wide Guard|p1a: Aerodactyl\n|-singleturn|p1a: Aerodactyl|Wide Guard\n|move|p1b: Rotom|Will-O-Wisp|p2a: Charizard\n|-immune|p2a: Charizard\n|move|p2b: Incineroar|Parting Shot|p1a: Aerodactyl\n|-unboost|p1a: Aerodactyl|atk|1\n|-unboost|p1a: Aerodactyl|spa|1\n|\n|t:|1788361140\n|switch|p2b: Garchomp|Garchomp, L50, M|92/100|[from] Parting Shot\n|\n|-heal|p1b: Rotom|100/100|[from] item: Leftovers\n|upkeep\n|turn|3\n|\n|t:|1788361159\n|switch|p2b: Incineroar|Incineroar, L50, M|76/100\n|-ability|p2b: Incineroar|Intimidate|boost\n|-unboost|p1a: Aerodactyl|atk|1\n|-unboost|p1b: Rotom|atk|1\n|detailschange|p2a: Charizard|Charizard-Mega-Y, L50, M\n|-mega|p2a: Charizard|Charizard|Charizardite Y\n|-weather|SunnyDay|[from] ability: Drought|[of] p2a: Charizard\n|move|p1a: Aerodactyl|Tailwind|p1a: Aerodactyl\n|-sidestart|p1: Doliolili|move: Tailwind\n|move|p1b: Rotom|Will-O-Wisp|p2b: Incineroar\n|-immune|p2b: Incineroar\n|move|p2a: Charizard|Ancient Power|p1a: Aerodactyl\n|-supereffective|p1a: Aerodactyl|1\n|-damage|p1a: Aerodactyl|33/100\n|\n|-weather|SunnyDay|[upkeep]\n|upkeep\n|turn|4\n|inactive|Doliolili has 30 seconds left.\n|inactive|Doliolili has 20 seconds left.\n|inactive|Doliolili has 15 seconds left.\n|inactive|Doliolili has 10 seconds left.\n|\n|t:|1788361205\n|move|p2b: Incineroar|Fake Out|p1b: Rotom\n|-damage|p1b: Rotom|90/100\n|move|p1a: Aerodactyl|Rock Slide|p2a: Charizard|[spread] p2a,p2b\n|-supereffective|p2a: Charizard|2\n|-crit|p2a: Charizard\n|-supereffective|p2b: Incineroar|1\n|-damage|p2a: Charizard|0 fnt\n|-damage|p2b: Incineroar|61/100\n|faint|p2a: Charizard\n|cant|p1b: Rotom|flinch\n|\n|-weather|SunnyDay|[upkeep]\n|-heal|p1b: Rotom|96/100|[from] item: Leftovers\n|upkeep\n|\n|t:|1788361217\n|switch|p2a: Garchomp|Garchomp, L50, M|92/100\n|turn|5\n|\n|t:|1788361226\n|switch|p2a: Toxapex|Toxapex, L50, F, shiny|100/100\n|move|p1a: Aerodactyl|Wide Guard|p1a: Aerodactyl\n|-singleturn|p1a: Aerodactyl|Wide Guard\n|move|p1b: Rotom|Will-O-Wisp|p2a: Toxapex\n|-status|p2a: Toxapex|brn\n|move|p2b: Incineroar|Parting Shot|p1b: Rotom\n|-unboost|p1b: Rotom|atk|1\n|-unboost|p1b: Rotom|spa|1\n|\n|t:|1788361235\n|switch|p2b: Garchomp|Garchomp, L50, M|92/100|[from] Parting Shot\n|\n|-weather|SunnyDay|[upkeep]\n|-heal|p1b: Rotom|100/100|[from] item: Leftovers\n|-damage|p2a: Toxapex|94/100 brn|[from] brn\n|upkeep\n|turn|6\n|\n|t:|1788361250\n|move|p1a: Aerodactyl|Wide Guard|p1a: Aerodactyl\n|-singleturn|p1a: Aerodactyl|Wide Guard\n|move|p2b: Garchomp|Rock Slide|p1a: Aerodactyl|[spread] \n|-activate|p1a: Aerodactyl|move: Wide Guard\n|-activate|p1b: Rotom|move: Wide Guard\n|move|p1b: Rotom|Will-O-Wisp|p2b: Garchomp\n|-status|p2b: Garchomp|brn\n|move|p2a: Toxapex|Toxic|p1b: Rotom\n|-status|p1b: Rotom|tox\n|\n|-weather|SunnyDay|[upkeep]\n|-heal|p2a: Toxapex|100/100 brn|[from] item: Leftovers\n|-damage|p1b: Rotom|94/100 tox|[from] psn\n|-damage|p2b: Garchomp|86/100 brn|[from] brn\n|-damage|p2a: Toxapex|94/100 brn|[from] brn\n|-sideend|p1: Doliolili|move: Tailwind\n|upkeep\n|turn|7\n|inactive|Doliolili has 30 seconds left.\n|\n|t:|1788361279\n|switch|p1b: Charizard|Charizard, L50, M|100/100\n|move|p1a: Aerodactyl|Wide Guard|p1a: Aerodactyl\n|-singleturn|p1a: Aerodactyl|Wide Guard\n|move|p2b: Garchomp|Rock Slide|p1a: Aerodactyl|[spread] \n|-activate|p1a: Aerodactyl|move: Wide Guard\n|-activate|p1b: Charizard|move: Wide Guard\n|move|p2a: Toxapex|Infestation|p1b: Charizard\n|-resisted|p1b: Charizard|2\n|-damage|p1b: Charizard|99/100\n|-activate|p1b: Charizard|move: Infestation|[of] p2a: Toxapex\n|\n|-weather|none\n|-heal|p2a: Toxapex|100/100 brn|[from] item: Leftovers\n|-damage|p2b: Garchomp|80/100 brn|[from] brn\n|-damage|p2a: Toxapex|94/100 brn|[from] brn\n|-damage|p1b: Charizard|87/100|[from] move: Infestation|[partiallytrapped]\n|upkeep\n|turn|8\n|\n|t:|1788361304\n|detailschange|p1b: Charizard|Charizard-Mega-Y, L50, M\n|-mega|p1b: Charizard|Charizard|Charizardite Y\n|-weather|SunnyDay|[from] ability: Drought|[of] p1b: Charizard\n|move|p1a: Aerodactyl|Wide Guard|p1a: Aerodactyl\n|-singleturn|p1a: Aerodactyl|Wide Guard\n|move|p2b: Garchomp|Rock Slide|p1b: Charizard|[spread] \n|-activate|p1a: Aerodactyl|move: Wide Guard\n|-activate|p1b: Charizard|move: Wide Guard\n|move|p1b: Charizard|Solar Beam||[still]\n|-prepare|p1b: Charizard|Solar Beam\n|-anim|p1b: Charizard|Solar Beam|p2b: Garchomp\n|-damage|p2b: Garchomp|28/100 brn\n|move|p2a: Toxapex|Toxic|p1b: Charizard\n|-status|p1b: Charizard|tox\n|\n|-weather|SunnyDay|[upkeep]\n|-heal|p2a: Toxapex|100/100 brn|[from] item: Leftovers\n|-damage|p1b: Charizard|81/100 tox|[from] psn\n|-damage|p2b: Garchomp|22/100 brn|[from] brn\n|-damage|p2a: Toxapex|94/100 brn|[from] brn\n|-damage|p1b: Charizard|69/100 tox|[from] move: Infestation|[partiallytrapped]\n|upkeep\n|turn|9\n|inactive|Doliolili has 30 seconds left.\n|\n|t:|1788361332\n|switch|p2b: Incineroar|Incineroar, L50, M|61/100\n|-ability|p2b: Incineroar|Intimidate|boost\n|-unboost|p1a: Aerodactyl|atk|1\n|-unboost|p1b: Charizard|atk|1\n|move|p1a: Aerodactyl|Wide Guard|p1a: Aerodactyl\n|-singleturn|p1a: Aerodactyl|Wide Guard\n|move|p1b: Charizard|Solar Beam||[still]\n|-prepare|p1b: Charizard|Solar Beam\n|-anim|p1b: Charizard|Solar Beam|p2b: Incineroar\n|-resisted|p2b: Incineroar|1\n|-damage|p2b: Incineroar|38/100\n|move|p2a: Toxapex|Toxic|p1a: Aerodactyl\n|-status|p1a: Aerodactyl|tox\n|\n|-weather|SunnyDay|[upkeep]\n|-heal|p2a: Toxapex|100/100 brn|[from] item: Leftovers\n|-damage|p1a: Aerodactyl|28/100 tox|[from] psn\n|-damage|p1b: Charizard|57/100 tox|[from] psn\n|-damage|p2a: Toxapex|94/100 brn|[from] brn\n|-damage|p1b: Charizard|45/100 tox|[from] move: Infestation|[partiallytrapped]\n|upkeep\n|turn|10\n|\n|t:|1788361351\n|move|p1b: Charizard|Protect|p1b: Charizard\n|-singleturn|p1b: Charizard|Protect\n|move|p2b: Incineroar|Fake Out|p1a: Aerodactyl\n|-resisted|p1a: Aerodactyl|1\n|-damage|p1a: Aerodactyl|20/100y tox\n|cant|p1a: Aerodactyl|flinch\n|move|p2a: Toxapex|Infestation|p1a: Aerodactyl\n|-resisted|p1a: Aerodactyl|1\n|-damage|p1a: Aerodactyl|18/100 tox\n|-activate|p1a: Aerodactyl|move: Infestation|[of] p2a: Toxapex\n|\n|-weather|SunnyDay|[upkeep]\n|-heal|p2a: Toxapex|100/100 brn|[from] item: Leftovers\n|-damage|p1a: Aerodactyl|7/100 tox|[from] psn\n|-damage|p1b: Charizard|27/100 tox|[from] psn\n|-damage|p2a: Toxapex|94/100 brn|[from] brn\n|-damage|p1a: Aerodactyl|0 fnt|[from] move: Infestation|[partiallytrapped]\n|faint|p1a: Aerodactyl\n|-damage|p1b: Charizard|15/100 tox|[from] move: Infestation|[partiallytrapped]\n|upkeep\n|-enditem|p2b: Incineroar|Sitrus Berry|[eat]\n|-heal|p2b: Incineroar|63/100|[from] item: Sitrus Berry\n|\n|t:|1788361361\n|switch|p1a: Sneasler|Sneasler, L50, M|100/100\n|turn|11\n|\n|t:|1788361379\n|move|p2b: Incineroar|Protect|p2b: Incineroar\n|-singleturn|p2b: Incineroar|Protect\n|move|p1a: Sneasler|Fake Out|p2a: Toxapex\n|-damage|p2a: Toxapex|83/100 brn\n|move|p1b: Charizard|Solar Beam||[still]\n|-prepare|p1b: Charizard|Solar Beam\n|-anim|p1b: Charizard|Solar Beam|p2a: Toxapex\n|-damage|p2a: Toxapex|49/100 brn\n|cant|p2a: Toxapex|flinch\n|\n|-weather|SunnyDay|[upkeep]\n|-heal|p2a: Toxapex|54/100 brn|[from] item: Leftovers\n|-damage|p1b: Charizard|0 fnt|[from] psn\n|faint|p1b: Charizard\n|-damage|p2a: Toxapex|49/100 brn|[from] brn\n|upkeep\n|\n|t:|1788361387\n|switch|p1b: Rotom|Rotom-Wash, L50|94/100 tox\n|turn|12\n|inactive|Doliolili has 30 seconds left.\n|\n|t:|1788361424\n|-heal|p2a: Toxapex|82/100 brn|[from] ability: Regenerator|[silent]\n|switch|p2a: Garchomp|Garchomp, L50, M|22/100 brn\n|move|p1a: Sneasler|Protect|p1a: Sneasler\n|-singleturn|p1a: Sneasler|Protect\n|move|p1b: Rotom|Thunderbolt|p2a: Garchomp\n|-immune|p2a: Garchomp\n|move|p2b: Incineroar|Flare Blitz|p1a: Sneasler\n|-activate|p1a: Sneasler|move: Protect\n|\n|-weather|none\n|-heal|p1b: Rotom|100/100 tox|[from] item: Leftovers\n|-damage|p1b: Rotom|94/100 tox|[from] psn\n|-damage|p2a: Garchomp|16/100 brn|[from] brn\n|upkeep\n|turn|13\n|\n|t:|1788361441\n|move|p2a: Garchomp|Stomping Tantrum|p1a: Sneasler\n|-supereffective|p1a: Sneasler|1\n|-damage|p1a: Sneasler|28/100\n|move|p1a: Sneasler|Dire Claw|p2a: Garchomp\n|-resisted|p2a: Garchomp|1\n|-damage|p2a: Garchomp|0 fnt\n|-damage|p1a: Sneasler|16/100|[from] ability: Rough Skin|[of] p2a: Garchomp\n|faint|p2a: Garchomp\n|move|p1b: Rotom|Hydro Pump|p2b: Incineroar\n|-supereffective|p2b: Incineroar|1\n|-damage|p2b: Incineroar|0 fnt\n|faint|p2b: Incineroar\n|\n|-heal|p1b: Rotom|100/100 tox|[from] item: Leftovers\n|-damage|p1b: Rotom|88/100 tox|[from] psn\n|upkeep\n|\n|t:|1788361456\n|switch|p2b: Toxapex|Toxapex, L50, F, shiny|82/100 brn\n|turn|14\n|\n|t:|1788361462\n|move|p1a: Sneasler|Protect|p1a: Sneasler\n|-singleturn|p1a: Sneasler|Protect\n|move|p2b: Toxapex|Baneful Bunker|p2b: Toxapex\n|-singleturn|p2b: Toxapex|move: Protect\n|move|p1b: Rotom|Thunderbolt|p2b: Toxapex\n|-activate|p2b: Toxapex|move: Protect\n|\n|-heal|p1b: Rotom|94/100 tox|[from] item: Leftovers\n|-heal|p2b: Toxapex|87/100 brn|[from] item: Leftovers\n|-damage|p1b: Rotom|77/100 tox|[from] psn\n|-damage|p2b: Toxapex|82/100 brn|[from] brn\n|upkeep\n|turn|15\n|\n|t:|1788361473\n|move|p1a: Sneasler|Close Combat|p2b: Toxapex\n|-resisted|p2b: Toxapex|1\n|-damage|p2b: Toxapex|59/100 brn\n|-unboost|p1a: Sneasler|def|1\n|-unboost|p1a: Sneasler|spd|1\n|-enditem|p1a: Sneasler|White Herb\n|-clearnegativeboost|p1a: Sneasler|[silent]\n|move|p1b: Rotom|Thunderbolt|p2b: Toxapex\n|-supereffective|p2b: Toxapex|1\n|-damage|p2b: Toxapex|13/100 brn\n|move|p2b: Toxapex|Infestation|p1a: Sneasler\n|-resisted|p1a: Sneasler|2\n|-damage|p1a: Sneasler|15/100\n|-activate|p1a: Sneasler|move: Infestation|[of] p2b: Toxapex\n|\n|-heal|p1b: Rotom|82/100 tox|[from] item: Leftovers\n|-heal|p2b: Toxapex|19/100 brn|[from] item: Leftovers\n|-damage|p1b: Rotom|59/100 tox|[from] psn\n|-damage|p2b: Toxapex|13/100 brn|[from] brn\n|-damage|p1a: Sneasler|3/100|[from] move: Infestation|[partiallytrapped]\n|upkeep\n|turn|16\n|\n|t:|1788361489\n|move|p2b: Toxapex|Baneful Bunker|p2b: Toxapex\n|-singleturn|p2b: Toxapex|move: Protect\n|move|p1a: Sneasler|Close Combat|p2b: Toxapex\n|-activate|p2b: Toxapex|move: Protect\n|move|p1b: Rotom|Thunderbolt|p2b: Toxapex\n|-activate|p2b: Toxapex|move: Protect\n|\n|-heal|p1b: Rotom|65/100 tox|[from] item: Leftovers\n|-heal|p2b: Toxapex|19/100 brn|[from] item: Leftovers\n|-damage|p1b: Rotom|36/100 tox|[from] psn\n|-damage|p2b: Toxapex|13/100 brn|[from] brn\n|-damage|p1a: Sneasler|0 fnt|[from] move: Infestation|[partiallytrapped]\n|faint|p1a: Sneasler\n|upkeep\n|turn|17\n|\n|t:|1788361503\n|move|p2b: Toxapex|Baneful Bunker||[still]\n|-fail|p2b: Toxapex\n|move|p1b: Rotom|Thunderbolt|p2b: Toxapex\n|-supereffective|p2b: Toxapex|1\n|-damage|p2b: Toxapex|0 fnt\n|faint|p2b: Toxapex\n|\n|win|Doliolili\n|raw|Doliolili's rating: 1305 &rarr; <strong>1324</strong><br />(+19 for winning)\n|raw|Mattia1906's rating: 1291 &rarr; <strong>1267</strong><br />(-24 for losing)\n","uploadtime":1788361507,"views":"2","formatid":"gen9championsvgc2026regmb","rating":1267,"private":0,"password":null}