{"id":"gen9championsvgc2026regmbbo3-2674029449","format":"[Gen 9 Champions] VGC 2026 Reg M-B (Bo3)","players":["DFGXCHRIST","humania1"],"log":"|j|‽DFGXCHRIST\n|j|☆humania1\n|html|<table width=\"100%\"><tr><td align=\"left\">DFGXCHRIST</td><td align=\"right\">humania1</tr><tr><td align=\"left\"><i class=\"fa fa-circle-o\"></i> <i class=\"fa fa-circle-o\"></i> </td><td align=\"right\"><i class=\"fa fa-circle-o\"></i> <i class=\"fa fa-circle\"></i> </tr></table>\n|uhtml|bestof|<h2><strong>Game 2</strong> of <a href=\"/game-bestof3-gen9championsvgc2026regmbbo3-2674027696\">a best-of-3</a></h2>\n|t:|1788290139\n|gametype|doubles\n|player|p1|DFGXCHRIST|170|1125\n|player|p2|humania1|266|1078\n|gen|9\n|tier|[Gen 9 Champions] VGC 2026 Reg M-B (Bo3)\n|rated|\n|rule|Species Clause: Limit one of each Pokémon\n|rule|Item Clause: Limit 1 of each item\n|clearpoke\n|poke|p1|Tyranitar, L50, M, shiny|\n|poke|p1|Swampert, L50, F|\n|poke|p1|Talonflame, L50, F, shiny|\n|poke|p1|Kommo-o, L50, M|\n|poke|p1|Froslass, L50, F|\n|poke|p1|Sinistcha, L50|\n|poke|p2|Blastoise, L50, F|\n|poke|p2|Delphox, L50, M, shiny|\n|poke|p2|Incineroar, L50, F|\n|poke|p2|Sinistcha, L50|\n|poke|p2|Sneasler, L50, F|\n|poke|p2|Vivillon, L50, F|\n|teampreview|4\n|showteam|p1|Tyranitar||Tyranitarite|SandStream|RockSlide,KnockOff,DragonDance,Protect|Adamant||M|||50|]Swampert||SitrusBerry|Torrent|HighHorsepower,WaveCrash,IcePunch,Protect|Adamant||F|||50|]Talonflame||SharpBeak|GaleWings|Tailwind,DualWingbeat,WillOWisp,QuickGuard|Serious||F|||50|]Kommo-o||Leftovers|Soundproof|AuraSphere,VacuumWave,ClangingScales,Protect|Modest||M|||50|]Froslass||Froslassite|SnowCloak|ShadowBall,Taunt,Protect,Blizzard|Timid||F|||50|]Sinistcha||KasibBerry|Hospitality|MatchaGotcha,RagePowder,LifeDew,Protect|Modest|||||50|\n|showteam|p2|Blastoise||Blastoisinite|Torrent|Protect,ShellSmash,WaterSpout,DarkPulse|Modest||F|||50|]Delphox||Delphoxite|Blaze|Protect,HeatWave,Psyshock,NastyPlot|Timid||M|||50|]Incineroar||PasshoBerry|Intimidate|FakeOut,PartingShot,FlareBlitz,ThroatChop|Impish||F|||50|]Sinistcha||SitrusBerry|Hospitality|Protect,MatchaGotcha,TrickRoom,RagePowder|Bold|||||50|]Sneasler||FocusSash|PoisonTouch|QuickGuard,FakeOut,CloseCombat,DireClaw|Jolly||F|||50|]Vivillon||ChoiceScarf|CompoundEyes|Hurricane,SleepPowder,RagePowder,Uturn|Timid||F|||50|\n|inactive|Battle timer is ON: inactive players will automatically lose when time's up. (requested by humania1)\n|inactive|DFGXCHRIST has 60 seconds left.\n|\n|t:|1788290172\n|teamsize|p1|4\n|teamsize|p2|4\n|start\n|switch|p1a: Froslass|Froslass, L50, F|100/100\n|switch|p1b: Sinistcha|Sinistcha, L50|100/100\n|switch|p2a: Blastoise|Blastoise, L50, F|100/100\n|switch|p2b: Incineroar|Incineroar, L50, F|100/100\n|-ability|p2b: Incineroar|Intimidate|boost\n|-unboost|p1a: Froslass|atk|1\n|-unboost|p1b: Sinistcha|atk|1\n|turn|1\n|\n|t:|1788290188\n|detailschange|p1a: Froslass|Froslass-Mega, L50, F\n|-mega|p1a: Froslass|Froslass|Froslassite\n|-weather|Snowscape|[from] ability: Snow Warning|[of] p1a: Froslass\n|move|p1a: Froslass|Protect|p1a: Froslass\n|-singleturn|p1a: Froslass|Protect\n|move|p2a: Blastoise|Protect|p2a: Blastoise\n|-singleturn|p2a: Blastoise|Protect\n|move|p1b: Sinistcha|Protect|p1b: Sinistcha\n|-singleturn|p1b: Sinistcha|Protect\n|move|p2b: Incineroar|Flare Blitz|p1a: Froslass\n|-activate|p1a: Froslass|move: Protect\n|\n|-weather|Snowscape|[upkeep]\n|upkeep\n|turn|2\n|\n|t:|1788290207\n|detailschange|p2a: Blastoise|Blastoise-Mega, L50, F\n|-mega|p2a: Blastoise|Blastoise|Blastoisinite\n|move|p1b: Sinistcha|Rage Powder|p1b: Sinistcha\n|-singleturn|p1b: Sinistcha|move: Rage Powder\n|move|p1a: Froslass|Shadow Ball|p2a: Blastoise\n|-damage|p2a: Blastoise|59/100\n|move|p2a: Blastoise|Water Spout|p1a: Froslass|[spread] p1a,p1b\n|-crit|p1a: Froslass\n|-resisted|p1b: Sinistcha|1\n|-damage|p1a: Froslass|39/100\n|-damage|p1b: Sinistcha|84/100\n|move|p2b: Incineroar|Flare Blitz|p1b: Sinistcha\n|-supereffective|p1b: Sinistcha|1\n|-damage|p1b: Sinistcha|0 fnt\n|faint|p1b: Sinistcha\n|-damage|p2b: Incineroar|75/100|[from] Recoil\n|\n|-weather|Snowscape|[upkeep]\n|upkeep\n|\n|t:|1788290217\n|switch|p1b: Swampert|Swampert, L50, F|100/100\n|turn|3\n|\n|t:|1788290232\n|switch|p2b: Sinistcha|Sinistcha, L50|100/100\n|-heal|p2a: Blastoise|83/100|[from] ability: Hospitality|[of] p2b: Sinistcha\n|move|p1a: Froslass|Shadow Ball|p2a: Blastoise\n|-damage|p2a: Blastoise|42/100\n|move|p2a: Blastoise|Water Spout|p1b: Swampert|[spread] p1a,p1b\n|-damage|p1a: Froslass|11/100\n|-damage|p1b: Swampert|73/100\n|move|p1b: Swampert|Wave Crash|p2b: Sinistcha\n|-resisted|p2b: Sinistcha|1\n|-crit|p2b: Sinistcha\n|-damage|p2b: Sinistcha|60/100\n|-damage|p1b: Swampert|61/100|[from] Recoil\n|\n|-weather|Snowscape|[upkeep]\n|upkeep\n|turn|4\n|\n|t:|1788290252\n|move|p1b: Swampert|Protect|p1b: Swampert\n|-singleturn|p1b: Swampert|Protect\n|move|p1a: Froslass|Shadow Ball|p2b: Sinistcha\n|-supereffective|p2b: Sinistcha|1\n|-damage|p2b: Sinistcha|0 fnt\n|faint|p2b: Sinistcha\n|move|p2a: Blastoise|Water Spout|p1a: Froslass|[spread] p1a\n|-activate|p1b: Swampert|move: Protect\n|-damage|p1a: Froslass|0 fnt\n|faint|p1a: Froslass\n|\n|-weather|Snowscape|[upkeep]\n|upkeep\n|\n|t:|1788290257\n|switch|p1a: Talonflame|Talonflame, L50, F, shiny|100/100\n|switch|p2b: Sneasler|Sneasler, L50, F|100/100\n|turn|5\n|\n|t:|1788290266\n|move|p1a: Talonflame|Quick Guard|p1a: Talonflame\n|-singleturn|p1a: Talonflame|Quick Guard\n|move|p2b: Sneasler|Close Combat|p1b: Swampert\n|-damage|p1b: Swampert|6/100\n|-unboost|p2b: Sneasler|def|1\n|-unboost|p2b: Sneasler|spd|1\n|-enditem|p1b: Swampert|Sitrus Berry|[eat]\n|-heal|p1b: Swampert|31/100|[from] item: Sitrus Berry\n|move|p2a: Blastoise|Water Spout|p1a: Talonflame|[spread] p1a,p1b\n|-supereffective|p1a: Talonflame|1\n|-damage|p1a: Talonflame|21/100\n|-damage|p1b: Swampert|6/100\n|move|p1b: Swampert|High Horsepower|p2b: Sneasler\n|-supereffective|p2b: Sneasler|1\n|-enditem|p2b: Sneasler|Focus Sash\n|-damage|p2b: Sneasler|1/100\n|\n|-weather|none\n|upkeep\n|turn|6\n|inactive|DFGXCHRIST has 30 seconds left.\n|\n|t:|1788290297\n|move|p2b: Sneasler|Close Combat|p1b: Swampert\n|-damage|p1b: Swampert|0 fnt\n|-unboost|p2b: Sneasler|def|1\n|-unboost|p2b: Sneasler|spd|1\n|faint|p1b: Swampert\n|move|p1a: Talonflame|Tailwind|p1a: Talonflame\n|-sidestart|p1: DFGXCHRIST|move: Tailwind\n|move|p2a: Blastoise|Water Spout|p1a: Talonflame\n|-supereffective|p1a: Talonflame|1\n|-damage|p1a: Talonflame|0 fnt\n|faint|p1a: Talonflame\n|\n|win|humania1\n|raw|DFGXCHRIST's rating: 1125 &rarr; <strong>1097</strong><br />(-28 for losing)\n|raw|humania1's rating: 1078 &rarr; <strong>1110</strong><br />(+32 for winning)\n","uploadtime":1788290297,"views":"0","formatid":"gen9championsvgc2026regmbbo3","rating":1097,"private":0,"password":null}