{"id":"gen9championsvgc2026regmbbo3-2675038789","format":"[Gen 9 Champions] VGC 2026 Reg M-B (Bo3)","players":["metvgc","shibikanon"],"log":"|j|☆metvgc\n|j|☆shibikanon\n|html|<table width=\"100%\"><tr><td align=\"left\">metvgc</td><td align=\"right\">shibikanon</tr><tr><td align=\"left\"><i class=\"fa fa-circle\"></i> <i class=\"fa fa-circle-o\"></i> </td><td align=\"right\"><i class=\"fa fa-circle-o\"></i> <i class=\"fa fa-circle-o\"></i> </tr></table>\n|uhtml|bestof|<h2><strong>Game 2</strong> of <a href=\"/game-bestof3-gen9championsvgc2026regmbbo3-2675037199\">a best-of-3</a></h2>\n|t:|1788451698\n|gametype|doubles\n|player|p1|metvgc|linebacker|1252\n|player|p2|shibikanon|skyla-masters3|1424\n|gen|9\n|tier|[Gen 9 Champions] VGC 2026 Reg M-B (Bo3)\n|rated|\n|rule|Species Clause: Limit one of each Pokémon\n|rule|Item Clause: Limit 1 of each item\n|clearpoke\n|poke|p1|Kingambit, L50, F|\n|poke|p1|Sneasler, L50, M|\n|poke|p1|Lycanroc-Dusk, L50, M|\n|poke|p1|Basculegion, L50, M|\n|poke|p1|Scovillain, L50, M|\n|poke|p1|Froslass, L50, F|\n|poke|p2|Charizard, L50, F, shiny|\n|poke|p2|Sylveon, L50, F, shiny|\n|poke|p2|Incineroar, L50, F|\n|poke|p2|Rhyperior, L50, F|\n|poke|p2|Farigiraf, L50, M|\n|poke|p2|Basculegion, L50, M|\n|teampreview|4\n|showteam|p1|Kingambit||BlackGlasses|Defiant|Protect,SwordsDance,SuckerPunch,KowtowCleave|Adamant||F|||50|]Sneasler||WhiteHerb|Unburden|Protect,FakeOut,DireClaw,CloseCombat|Adamant||M|||50|]Lycanroc-Dusk||FocusSash|ToughClaws|Protect,Accelerock,RockSlide,CloseCombat|Adamant||M|||50|]Basculegion||LifeOrb|Adaptability|Protect,AquaJet,WaveCrash,LastRespects|Adamant||M|||50|]Scovillain||Scovillainite|Moody|Protect,RagePowder,GigaDrain,Overheat|Bold||M|||50|]Froslass||Froslassite|CursedBody|Protect,AuroraVeil,Blizzard,ShadowBall|Timid||F|||50|\n|showteam|p2|Charizard||CharizarditeY|Blaze|HeatWave,WeatherBall,SolarBeam,Protect|Modest||F|||50|]Sylveon||FairyFeather|Pixilate|HyperVoice,QuickAttack,HyperBeam,Detect|Modest||F|||50|]Incineroar||SitrusBerry|Intimidate|FlareBlitz,ThroatChop,PartingShot,FakeOut|Adamant||F|||50|]Rhyperior||LifeOrb|SolidRock|HighHorsepower,RockSlide,IcePunch,Protect|Brave||F|||50|]Farigiraf||ColburBerry|ArmorTail|Psychic,Thunderbolt,TrickRoom,Protect|Modest||M|||50|]Basculegion||ChoiceScarf|Adaptability|WaveCrash,LastRespects,AquaJet,FlipTurn|Jolly||M|||50|\n|inactive|Battle timer is ON: inactive players will automatically lose when time's up. (requested by shibikanon)\n|\n|t:|1788451712\n|teamsize|p1|4\n|teamsize|p2|4\n|start\n|switch|p1a: Kingambit|Kingambit, L50, F|100/100\n|switch|p1b: Sneasler|Sneasler, L50, M|100/100\n|switch|p2a: Charizard|Charizard, L50, F, shiny|100/100\n|switch|p2b: Farigiraf|Farigiraf, L50, M|100/100\n|turn|1\n|\n|t:|1788451736\n|detailschange|p2a: Charizard|Charizard-Mega-Y, L50, F, shiny\n|-mega|p2a: Charizard|Charizard|Charizardite Y\n|-weather|SunnyDay|[from] ability: Drought|[of] p2a: Charizard\n|move|p1b: Sneasler|Dire Claw|p2b: Farigiraf\n|-damage|p2b: Farigiraf|60/100\n|move|p2a: Charizard|Heat Wave|p1b: Sneasler|[spread] \n|-miss|p2a: Charizard|p1a: Kingambit\n|-miss|p2a: Charizard|p1b: Sneasler\n|move|p1a: Kingambit|Kowtow Cleave|p2b: Farigiraf\n|-supereffective|p2b: Farigiraf|1\n|-enditem|p2b: Farigiraf|Colbur Berry|[eat]\n|-enditem|p2b: Farigiraf|Colbur Berry|[weaken]\n|-damage|p2b: Farigiraf|8/100\n|move|p2b: Farigiraf|Trick Room|p2b: Farigiraf\n|-fieldstart|move: Trick Room|[of] p2b: Farigiraf\n|\n|-weather|SunnyDay|[upkeep]\n|upkeep\n|turn|2\n|\n|t:|1788451757\n|switch|p1b: Scovillain|Scovillain, L50, M|100/100\n|move|p1a: Kingambit|Kowtow Cleave|p2a: Charizard\n|-damage|p2a: Charizard|38/100\n|move|p2b: Farigiraf|Psychic|p1b: Scovillain\n|-damage|p1b: Scovillain|47/100\n|move|p2a: Charizard|Weather Ball|p1a: Kingambit\n|-supereffective|p1a: Kingambit|1\n|-damage|p1a: Kingambit|0 fnt\n|faint|p1a: Kingambit\n|\n|-weather|SunnyDay|[upkeep]\n|-ability|p1b: Scovillain|Moody|boost\n|-boost|p1b: Scovillain|spa|2\n|-unboost|p1b: Scovillain|atk|1\n|upkeep\n|\n|t:|1788451765\n|switch|p1a: Lycanroc|Lycanroc-Dusk, L50, M|100/100\n|turn|3\n|\n|t:|1788451779\n|switch|p2a: Incineroar|Incineroar, L50, F|100/100\n|-ability|p2a: Incineroar|Intimidate|boost\n|-unboost|p1a: Lycanroc|atk|1\n|-unboost|p1b: Scovillain|atk|1\n|detailschange|p1b: Scovillain|Scovillain-Mega, L50, M\n|-mega|p1b: Scovillain|Scovillain|Scovillainite\n|move|p2b: Farigiraf|Psychic|p1a: Lycanroc\n|-damage|p1a: Lycanroc|31/100\n|move|p1b: Scovillain|Giga Drain|p2b: Farigiraf\n|-damage|p2b: Farigiraf|0 fnt\n|-heal|p1b: Scovillain|53/100|[from] drain|[of] p2b: Farigiraf\n|faint|p2b: Farigiraf\n|move|p1a: Lycanroc|Rock Slide|p2a: Incineroar\n|-supereffective|p2a: Incineroar|1\n|-damage|p2a: Incineroar|55/100\n|\n|-weather|SunnyDay|[upkeep]\n|upkeep\n|\n|t:|1788451788\n|switch|p2b: Rhyperior|Rhyperior, L50, F|100/100\n|turn|4\n|\n|t:|1788451797\n|switch|p1a: Sneasler|Sneasler, L50, M|100/100\n|move|p1b: Scovillain|Protect|p1b: Scovillain\n|-singleturn|p1b: Scovillain|Protect\n|move|p2a: Incineroar|Fake Out|p1b: Scovillain\n|-activate|p1b: Scovillain|move: Protect\n|move|p2b: Rhyperior|Rock Slide|p1b: Scovillain|[spread] p1a\n|-activate|p1b: Scovillain|move: Protect\n|-resisted|p1a: Sneasler|1\n|-damage|p1a: Sneasler|69/100\n|-damage|p2b: Rhyperior|90/100|[from] item: Life Orb\n|\n|-weather|SunnyDay|[upkeep]\n|upkeep\n|turn|5\n|\n|t:|1788451823\n|move|p1a: Sneasler|Fake Out|p2a: Incineroar\n|-damage|p2a: Incineroar|43/100\n|-enditem|p2a: Incineroar|Sitrus Berry|[eat]\n|-heal|p2a: Incineroar|68/100|[from] item: Sitrus Berry\n|move|p2b: Rhyperior|High Horsepower|p1b: Scovillain\n|-damage|p1b: Scovillain|0 fnt\n|-status|p2b: Rhyperior|brn|[from] ability: Spicy Spray|[of] p1b: Scovillain\n|faint|p1b: Scovillain\n|-damage|p2b: Rhyperior|80/100 brn|[from] item: Life Orb\n|cant|p2a: Incineroar|flinch\n|\n|-weather|none\n|-damage|p2b: Rhyperior|74/100 brn|[from] brn\n|-fieldend|move: Trick Room\n|upkeep\n|\n|t:|1788451831\n|switch|p1b: Lycanroc|Lycanroc-Dusk, L50, M|31/100\n|turn|6\n|\n|t:|1788451837\n|switch|p2a: Charizard|Charizard-Mega-Y, L50, F, shiny|38/100\n|-weather|SunnyDay|[from] ability: Drought|[of] p2a: Charizard\n|move|p2b: Rhyperior|Protect|p2b: Rhyperior\n|-singleturn|p2b: Rhyperior|Protect\n|move|p1a: Sneasler|Close Combat|p2b: Rhyperior\n|-activate|p2b: Rhyperior|move: Protect\n|move|p1b: Lycanroc|Rock Slide|p2b: Rhyperior|[spread] p2a\n|-activate|p2b: Rhyperior|move: Protect\n|-supereffective|p2a: Charizard|2\n|-damage|p2a: Charizard|0 fnt\n|faint|p2a: Charizard\n|\n|-weather|SunnyDay|[upkeep]\n|-damage|p2b: Rhyperior|68/100 brn|[from] brn\n|upkeep\n|\n|t:|1788451847\n|switch|p2a: Incineroar|Incineroar, L50, F|68/100\n|-ability|p2a: Incineroar|Intimidate|boost\n|-unboost|p1a: Sneasler|atk|1\n|-unboost|p1b: Lycanroc|atk|1\n|-enditem|p1a: Sneasler|White Herb\n|-clearnegativeboost|p1a: Sneasler|[silent]\n|turn|7\n|\n|t:|1788451855\n|move|p1a: Sneasler|Protect|p1a: Sneasler\n|-singleturn|p1a: Sneasler|Protect\n|move|p1b: Lycanroc|Protect|p1b: Lycanroc\n|-singleturn|p1b: Lycanroc|Protect\n|move|p2a: Incineroar|Fake Out|p1a: Sneasler\n|-activate|p1a: Sneasler|move: Protect\n|move|p2b: Rhyperior|Rock Slide|p1b: Lycanroc|[spread] \n|-activate|p1a: Sneasler|move: Protect\n|-activate|p1b: Lycanroc|move: Protect\n|\n|-weather|SunnyDay|[upkeep]\n|-damage|p2b: Rhyperior|62/100 brn|[from] brn\n|upkeep\n|turn|8\n|\n|t:|1788451866\n|move|p2b: Rhyperior|Protect|p2b: Rhyperior\n|-singleturn|p2b: Rhyperior|Protect\n|move|p1a: Sneasler|Close Combat|p2b: Rhyperior\n|-activate|p2b: Rhyperior|move: Protect\n|move|p1b: Lycanroc|Close Combat|p2a: Incineroar\n|-supereffective|p2a: Incineroar|1\n|-damage|p2a: Incineroar|5/100\n|-unboost|p1b: Lycanroc|def|1\n|-unboost|p1b: Lycanroc|spd|1\n|move|p2a: Incineroar|Flare Blitz|p1a: Sneasler\n|-damage|p1a: Sneasler|0 fnt\n|faint|p1a: Sneasler\n|-damage|p2a: Incineroar|0 fnt|[from] Recoil\n|faint|p2a: Incineroar\n|\n|-weather|SunnyDay|[upkeep]\n|-damage|p2b: Rhyperior|56/100 brn|[from] brn\n|upkeep\n|turn|9\n|\n|t:|1788451881\n|move|p1b: Lycanroc|Protect|p1b: Lycanroc\n|-singleturn|p1b: Lycanroc|Protect\n|move|p2b: Rhyperior|Ice Punch|p1b: Lycanroc\n|-activate|p1b: Lycanroc|move: Protect\n|\n|-weather|SunnyDay|[upkeep]\n|-damage|p2b: Rhyperior|50/100g brn|[from] brn\n|upkeep\n|turn|10\n|\n|t:|1788451889\n|move|p1b: Lycanroc|Close Combat|p2b: Rhyperior\n|-supereffective|p2b: Rhyperior|1\n|-damage|p2b: Rhyperior|11/100 brn\n|-unboost|p1b: Lycanroc|def|1\n|-unboost|p1b: Lycanroc|spd|1\n|move|p2b: Rhyperior|Ice Punch|p1b: Lycanroc\n|-damage|p1b: Lycanroc|0 fnt\n|faint|p1b: Lycanroc\n|-damage|p2b: Rhyperior|1/100 brn|[from] item: Life Orb\n|\n|win|shibikanon\n","uploadtime":1788451889,"views":"0","formatid":"gen9championsvgc2026regmbbo3","rating":null,"private":0,"password":null}