{"id":"gen9championsvgc2026regmb-2674660749","format":"[Gen 9 Champions] VGC 2026 Reg M-B","players":["papertheskeleton","prealpha7"],"log":"|j|☆papertheskeleton\n|j|☆prealpha7\n|t:|1788386618\n|gametype|doubles\n|player|p1|papertheskeleton|miku-ghost|1445\n|player|p2|prealpha7|ghetsis|1399\n|gen|9\n|tier|[Gen 9 Champions] VGC 2026 Reg M-B\n|rated|\n|rule|Species Clause: Limit one of each Pokémon\n|rule|Item Clause: Limit 1 of each item\n|clearpoke\n|poke|p1|Raichu, L50, M|\n|poke|p1|Whimsicott, L50, F|\n|poke|p1|Floette-Eternal, L50, F|\n|poke|p1|Sneasler, L50, F|\n|poke|p1|Kingambit, L50, F|\n|poke|p1|Rotom-Wash, L50|\n|poke|p2|Charizard, L50, M|\n|poke|p2|Venusaur, L50, F|\n|poke|p2|Pelipper, L50, M|\n|poke|p2|Archaludon, L50, M|\n|poke|p2|Grimmsnarl, L50, M|\n|poke|p2|Swampert, L50, F|\n|teampreview|4\n|inactive|Battle timer is ON: inactive players will automatically lose when time's up. (requested by papertheskeleton)\n|inactive|papertheskeleton has 60 seconds left.\n|\n|t:|1788386651\n|teamsize|p1|4\n|teamsize|p2|4\n|start\n|switch|p1a: the rat|Raichu, L50, M|100/100\n|switch|p1b: Levy Rozman|Sneasler, L50, F|100/100\n|switch|p2a: Frog|Swampert, L50, F|100/100\n|switch|p2b: Mordor|Grimmsnarl, L50, M|100/100\n|turn|1\n|\n|t:|1788386661\n|detailschange|p1a: the rat|Raichu-Mega-Y, L50, M\n|-mega|p1a: the rat|Raichu|Raichunite Y\n|detailschange|p2a: Frog|Swampert-Mega, L50, F\n|-mega|p2a: Frog|Swampert|Swampertite\n|move|p2a: Frog|Protect|p2a: Frog\n|-singleturn|p2a: Frog|Protect\n|move|p1b: Levy Rozman|Fake Out|p2a: Frog\n|-activate|p2a: Frog|move: Protect\n|move|p2b: Mordor|Reflect|p2b: Mordor\n|-sidestart|p2: prealpha7|Reflect\n|move|p1a: the rat|Grass Knot|p2a: Frog\n|-activate|p2a: Frog|move: Protect\n|\n|upkeep\n|turn|2\n|\n|t:|1788386676\n|switch|p1b: AHHHHHHHHHHHHHHHHH|Whimsicott, L50, F|100/100\n|switch|p2b: Rainy Day|Pelipper, L50, M|100/100\n|-weather|RainDance|[from] ability: Drizzle|[of] p2b: Rainy Day\n|move|p1a: the rat|Protect|p1a: the rat\n|-singleturn|p1a: the rat|Protect\n|move|p2a: Frog|Earthquake|p1b: AHHHHHHHHHHHHHHHHH|[spread] p1b\n|-activate|p1a: the rat|move: Protect\n|-immune|p2b: Rainy Day\n|-resisted|p1b: AHHHHHHHHHHHHHHHHH|1\n|-damage|p1b: AHHHHHHHHHHHHHHHHH|64/100\n|\n|-weather|RainDance|[upkeep]\n|upkeep\n|turn|3\n|\n|t:|1788386702\n|switch|p2a: Mordor|Grimmsnarl, L50, M|100/100\n|move|p1b: AHHHHHHHHHHHHHHHHH|Tailwind|p1b: AHHHHHHHHHHHHHHHHH\n|-sidestart|p1: papertheskeleton|move: Tailwind\n|move|p1a: the rat|Grass Knot|p2a: Mordor\n|-damage|p2a: Mordor|75/100\n|move|p2b: Rainy Day|Tailwind|p2b: Rainy Day\n|-sidestart|p2: prealpha7|move: Tailwind\n|\n|-weather|RainDance|[upkeep]\n|upkeep\n|turn|4\n|\n|t:|1788386717\n|switch|p2b: Golden Gate|Archaludon, L50, M|100/100\n|move|p1b: AHHHHHHHHHHHHHHHHH|Encore||[still]\n|-fail|p1b: AHHHHHHHHHHHHHHHHH\n|move|p2a: Mordor|Parting Shot|p1a: the rat\n|-unboost|p1a: the rat|atk|1\n|-unboost|p1a: the rat|spa|1\n|\n|t:|1788386723\n|switch|p2a: Frog|Swampert-Mega, L50, F|100/100|[from] Parting Shot\n|move|p1a: the rat|Zap Cannon|p2a: Frog\n|-immune|p2a: Frog\n|\n|-weather|RainDance|[upkeep]\n|upkeep\n|turn|5\n|inactive|papertheskeleton has 30 seconds left.\n|inactive|prealpha7 has 30 seconds left.\n|inactive|papertheskeleton has 20 seconds left.\n|\n|t:|1788386759\n|switch|p2a: Mordor|Grimmsnarl, L50, M|75/100\n|move|p1a: the rat|Protect|p1a: the rat\n|-singleturn|p1a: the rat|Protect\n|move|p1b: AHHHHHHHHHHHHHHHHH|Moonblast|p2b: Golden Gate\n|-damage|p2b: Golden Gate|62/100\n|-ability|p2b: Golden Gate|Stamina|boost\n|-boost|p2b: Golden Gate|def|1\n|move|p2b: Golden Gate|Flash Cannon|p1b: AHHHHHHHHHHHHHHHHH\n|-supereffective|p1b: AHHHHHHHHHHHHHHHHH|1\n|-damage|p1b: AHHHHHHHHHHHHHHHHH|0 fnt\n|faint|p1b: AHHHHHHHHHHHHHHHHH\n|\n|-weather|RainDance|[upkeep]\n|-heal|p2b: Golden Gate|69/100|[from] item: Leftovers\n|upkeep\n|\n|t:|1788386768\n|switch|p1b: Levy Rozman|Sneasler, L50, F|100/100\n|turn|6\n|\n|t:|1788386775\n|move|p1a: the rat|Protect||[still]\n|-fail|p1a: the rat\n|move|p2b: Golden Gate|Protect|p2b: Golden Gate\n|-singleturn|p2b: Golden Gate|Protect\n|move|p2a: Mordor|Light Screen|p2a: Mordor\n|-sidestart|p2: prealpha7|move: Light Screen\n|move|p1b: Levy Rozman|Dire Claw|p2a: Mordor\n|-supereffective|p2a: Mordor|1\n|-damage|p2a: Mordor|11/100\n|-status|p2a: Mordor|par\n|\n|-weather|none\n|-heal|p2b: Golden Gate|75/100|[from] item: Leftovers\n|-sideend|p2: prealpha7|move: Tailwind\n|-sideend|p1: papertheskeleton|move: Tailwind\n|upkeep\n|turn|7\n|\n|t:|1788386792\n|move|p2a: Mordor|Parting Shot|p1b: Levy Rozman\n|-unboost|p1b: Levy Rozman|atk|1\n|-unboost|p1b: Levy Rozman|spa|1\n|\n|t:|1788386796\n|switch|p2a: Rainy Day|Pelipper, L50, M|100/100|[from] Parting Shot\n|-enditem|p1b: Levy Rozman|White Herb\n|-clearnegativeboost|p1b: Levy Rozman|[silent]\n|-weather|RainDance|[from] ability: Drizzle|[of] p2a: Rainy Day\n|move|p1b: Levy Rozman|Dire Claw|p2a: Rainy Day\n|-damage|p2a: Rainy Day|77/100\n|move|p1a: the rat|Focus Blast|p2b: Golden Gate\n|-supereffective|p2b: Golden Gate|1\n|-damage|p2b: Golden Gate|37/100\n|-ability|p2b: Golden Gate|Stamina|boost\n|-boost|p2b: Golden Gate|def|1\n|move|p2b: Golden Gate|Dragon Pulse|p1a: the rat\n|-damage|p1a: the rat|49/100\n|\n|-weather|RainDance|[upkeep]\n|-heal|p2b: Golden Gate|43/100|[from] item: Leftovers\n|upkeep\n|turn|8\n|inactive|papertheskeleton has 30 seconds left.\n|inactive|prealpha7 has 30 seconds left.\n|\n|t:|1788386830\n|switch|p1a: Kingoober|Kingambit, L50, F|100/100\n|switch|p2b: Mordor|Grimmsnarl, L50, M|11/100 par\n|move|p1b: Levy Rozman|Dire Claw|p2a: Rainy Day\n|-damage|p2a: Rainy Day|54/100\n|move|p2a: Rainy Day|Hurricane|p1b: Levy Rozman\n|-supereffective|p1b: Levy Rozman|1\n|-damage|p1b: Levy Rozman|0 fnt\n|faint|p1b: Levy Rozman\n|\n|-weather|RainDance|[upkeep]\n|-sideend|p2: prealpha7|Reflect\n|upkeep\n|\n|t:|1788386839\n|switch|p1b: the rat|Raichu-Mega-Y, L50, M|49/100\n|turn|9\n|inactive|papertheskeleton has 30 seconds left.\n|\n|t:|1788386871\n|move|p1b: the rat|Protect|p1b: the rat\n|-singleturn|p1b: the rat|Protect\n|move|p2b: Mordor|Reflect|p2b: Mordor\n|-sidestart|p2: prealpha7|Reflect\n|move|p2a: Rainy Day|Weather Ball|p1a: Kingoober\n|-damage|p1a: Kingoober|45/100\n|move|p1a: Kingoober|Kowtow Cleave|p2a: Rainy Day\n|-damage|p2a: Rainy Day|23/100\n|-enditem|p2a: Rainy Day|Sitrus Berry|[eat]\n|-heal|p2a: Rainy Day|48/100|[from] item: Sitrus Berry\n|\n|-weather|RainDance|[upkeep]\n|upkeep\n|turn|10\n|-message|papertheskeleton forfeited.\n|\n|win|prealpha7\n|raw|papertheskeleton's rating: 1445 &rarr; <strong>1422</strong><br />(-23 for losing)\n|raw|prealpha7's rating: 1399 &rarr; <strong>1422</strong><br />(+23 for winning)\n|l|☆papertheskeleton\n|player|p1|\n|c|☆prealpha7|gg\n","uploadtime":1788386890,"views":"4","formatid":"gen9championsvgc2026regmb","rating":1422,"private":0,"password":null}