{"id":"gen9championsvgc2026regmb-2674083840","format":"[Gen 9 Champions] VGC 2026 Reg M-B","players":["TyphEnthusiast","VascoAnime"],"log":"|j|☆TyphEnthusiast\n|j|☆VascoAnime\n|t:|1788296891\n|gametype|doubles\n|player|p1|TyphEnthusiast|pokemaniac|1422\n|player|p2|VascoAnime|roxie|1420\n|gen|9\n|tier|[Gen 9 Champions] VGC 2026 Reg M-B\n|rated|\n|rule|Species Clause: Limit one of each Pokémon\n|rule|Item Clause: Limit 1 of each item\n|clearpoke\n|poke|p1|Kingambit, L50, F|\n|poke|p1|Pelipper, L50, F|\n|poke|p1|Basculegion, L50, M|\n|poke|p1|Archaludon, L50, M|\n|poke|p1|Garchomp, L50, F|\n|poke|p1|Floette-Eternal, L50, F|\n|poke|p2|Arbok, L50, M|\n|poke|p2|Floette-Eternal, L50, F|\n|poke|p2|Conkeldurr, L50, F|\n|poke|p2|Espathra, L50, M|\n|poke|p2|Meowstic-F, L50, F|\n|poke|p2|Tsareena, L50, F|\n|teampreview|4\n|inactive|Battle timer is ON: inactive players will automatically lose when time's up. (requested by VascoAnime)\n|inactive|TyphEnthusiast has 60 seconds left.\n|inactive|VascoAnime has 60 seconds left.\n|\n|t:|1788296932\n|teamsize|p1|4\n|teamsize|p2|4\n|start\n|switch|p1a: No Screen|Kingambit, L50, F|100/100\n|switch|p1b: Thermonuclear|Basculegion, L50, M|100/100\n|switch|p2a: Espathra|Espathra, L50, M|100/100\n|switch|p2b: Floette|Floette-Eternal, L50, F|100/100\n|turn|1\n|\n|t:|1788296948\n|detailschange|p2b: Floette|Floette-Mega, L50, F\n|-mega|p2b: Floette|Floette|Floettite\n|-ability|p2b: Floette|Fairy Aura\n|move|p2a: Espathra|Calm Mind|p2a: Espathra\n|-boost|p2a: Espathra|spa|1\n|-boost|p2a: Espathra|spd|1\n|move|p1b: Thermonuclear|Wave Crash|p2a: Espathra\n|-enditem|p2a: Espathra|Focus Sash\n|-damage|p2a: Espathra|1/100\n|-damage|p1b: Thermonuclear|71/100|[from] Recoil\n|-damage|p1b: Thermonuclear|61/100|[from] item: Life Orb\n|move|p2b: Floette|Dazzling Gleam|p1b: Thermonuclear|[spread] p1a,p1b\n|-damage|p1a: No Screen|59/100\n|-damage|p1b: Thermonuclear|11/100\n|move|p1a: No Screen|Iron Head|p2b: Floette\n|-supereffective|p2b: Floette|1\n|-damage|p2b: Floette|5/100\n|\n|-ability|p2a: Espathra|Speed Boost|boost\n|-boost|p2a: Espathra|spe|1\n|upkeep\n|turn|2\n|inactive|VascoAnime has 30 seconds left.\n|\n|t:|1788296973\n|switch|p2b: Tsareena|Tsareena, L50, F|100/100\n|move|p1b: Thermonuclear|Aqua Jet||[still]\n|cant|p2b: Tsareena|ability: Queenly Majesty|Aqua Jet|[of] p1b: Thermonuclear\n|move|p1a: No Screen|Sucker Punch||[still]\n|cant|p2b: Tsareena|ability: Queenly Majesty|Sucker Punch|[of] p1a: No Screen\n|move|p2a: Espathra|Calm Mind|p2a: Espathra\n|-boost|p2a: Espathra|spa|1\n|-boost|p2a: Espathra|spd|1\n|\n|-ability|p2a: Espathra|Speed Boost|boost\n|-boost|p2a: Espathra|spe|1\n|upkeep\n|turn|3\n|\n|t:|1788296987\n|move|p2a: Espathra|Protect|p2a: Espathra\n|-singleturn|p2a: Espathra|Protect\n|move|p2b: Tsareena|High Jump Kick|p1a: No Screen\n|-supereffective|p1a: No Screen|2\n|-damage|p1a: No Screen|0 fnt\n|faint|p1a: No Screen\n|move|p1b: Thermonuclear|Wave Crash|p2b: Tsareena\n|-resisted|p2b: Tsareena|1\n|-crit|p2b: Tsareena\n|-damage|p2b: Tsareena|22/100\n|-enditem|p2b: Tsareena|Sitrus Berry|[eat]\n|-heal|p2b: Tsareena|46/100|[from] item: Sitrus Berry\n|-damage|p1b: Thermonuclear|0 fnt|[from] Recoil\n|faint|p1b: Thermonuclear\n|\n|-ability|p2a: Espathra|Speed Boost|boost\n|-boost|p2a: Espathra|spe|1\n|upkeep\n|\n|t:|1788296995\n|switch|p1b: Shaman|Pelipper, L50, F|100/100\n|switch|p1a: Miguel|Floette-Eternal, L50, F|100/100\n|-weather|RainDance|[from] ability: Drizzle|[of] p1b: Shaman\n|turn|4\n|\n|t:|1788297010\n|detailschange|p1a: Miguel|Floette-Mega, L50, F\n|-mega|p1a: Miguel|Floette|Floettite\n|-ability|p1a: Miguel|Fairy Aura\n|move|p2a: Espathra|Stored Power|p1b: Shaman\n|-enditem|p1b: Shaman|Focus Sash\n|-damage|p1b: Shaman|1/100\n|move|p1a: Miguel|Dazzling Gleam|p2b: Tsareena|[spread] p2a,p2b\n|-damage|p2a: Espathra|0 fnt\n|-damage|p2b: Tsareena|0 fnt\n|faint|p2a: Espathra\n|faint|p2b: Tsareena\n|move|p1b: Shaman|Hurricane|p2: Espathra|[notarget]\n|-fail|p1b: Shaman\n|\n|-weather|RainDance|[upkeep]\n|upkeep\n|\n|t:|1788297022\n|switch|p2a: Arbok|Arbok, L50, M|100/100\n|switch|p2b: Floette|Floette-Mega, L50, F|5/100\n|-ability|p2a: Arbok|Intimidate|boost\n|-unboost|p1a: Miguel|atk|1\n|-unboost|p1b: Shaman|atk|1\n|-ability|p2b: Floette|Fairy Aura\n|turn|5\n|\n|t:|1788297040\n|move|p2a: Arbok|Gunk Shot|p1a: Miguel\n|-supereffective|p1a: Miguel|1\n|-damage|p1a: Miguel|0 fnt\n|faint|p1a: Miguel\n|move|p2b: Floette|Dazzling Gleam|p1b: Shaman\n|-damage|p1b: Shaman|0 fnt\n|faint|p1b: Shaman\n|\n|win|VascoAnime\n|raw|TyphEnthusiast's rating: 1422 &rarr; <strong>1402</strong><br />(-20 for losing)\n|raw|VascoAnime's rating: 1420 &rarr; <strong>1440</strong><br />(+20 for winning)\n|l|☆TyphEnthusiast\n|player|p1|\n","uploadtime":1788297047,"views":"21","formatid":"gen9championsvgc2026regmb","rating":1402,"private":0,"password":null}