{"id":"gen9championsvgc2026regmb-2674120018","format":"[Gen 9 Champions] VGC 2026 Reg M-B","players":["JHONUZI","kajtol"],"log":"|j|☆JHONUZI\n|j|☆kajtol\n|t:|1788302017\n|gametype|doubles\n|player|p1|JHONUZI|ethan|1193\n|player|p2|kajtol|266|1093\n|gen|9\n|tier|[Gen 9 Champions] VGC 2026 Reg M-B\n|rated|\n|rule|Species Clause: Limit one of each Pokémon\n|rule|Item Clause: Limit 1 of each item\n|clearpoke\n|poke|p1|Charizard, L50, M, shiny|\n|poke|p1|Venusaur, L50, M|\n|poke|p1|Pelipper, L50, M|\n|poke|p1|Archaludon, L50, M, shiny|\n|poke|p1|Grimmsnarl, L50, M, shiny|\n|poke|p1|Basculegion, L50, M, shiny|\n|poke|p2|Dragapult, L50, F|\n|poke|p2|Sylveon, L50, M|\n|poke|p2|Basculegion, L50, M|\n|poke|p2|Sneasler, L50, M|\n|poke|p2|Dragonite, L50, F|\n|poke|p2|Sinistcha, L50|\n|teampreview|4\n|inactive|Battle timer is ON: inactive players will automatically lose when time's up. (requested by kajtol)\n|\n|t:|1788302031\n|teamsize|p1|4\n|teamsize|p2|4\n|start\n|switch|p1a: Grimmsnarl|Grimmsnarl, L50, M, shiny|100/100\n|switch|p1b: Charizard|Charizard, L50, M, shiny|100/100\n|switch|p2a: Sylveon|Sylveon, L50, M|100/100\n|switch|p2b: Dragapult|Dragapult, L50, F|100/100\n|turn|1\n|\n|t:|1788302041\n|detailschange|p1b: Charizard|Charizard-Mega-Y, L50, M, shiny\n|-mega|p1b: Charizard|Charizard|Charizardite Y\n|-weather|SunnyDay|[from] ability: Drought|[of] p1b: Charizard\n|move|p1b: Charizard|Protect|p1b: Charizard\n|-singleturn|p1b: Charizard|Protect\n|move|p1a: Grimmsnarl|Parting Shot|p2a: Sylveon\n|-unboost|p2a: Sylveon|atk|1\n|-unboost|p2a: Sylveon|spa|1\n|\n|t:|1788302052\n|switch|p1a: Venusaur|Venusaur, L50, M|100/100|[from] Parting Shot\n|move|p2b: Dragapult|Round|p1b: Charizard\n|-activate|p1b: Charizard|move: Protect\n|move|p2a: Sylveon|Round|p1b: Charizard|[from] move: Round\n|-activate|p1b: Charizard|move: Protect\n|\n|-weather|SunnyDay|[upkeep]\n|upkeep\n|turn|2\n|\n|t:|1788302062\n|switch|p2b: Basculegion|Basculegion, L50, M|100/100\n|switch|p1b: Grimmsnarl|Grimmsnarl, L50, M, shiny|100/100\n|move|p2a: Sylveon|Protect|p2a: Sylveon\n|-singleturn|p2a: Sylveon|Protect\n|move|p1a: Venusaur|Sludge Bomb|p2a: Sylveon\n|-activate|p2a: Sylveon|move: Protect\n|\n|-weather|SunnyDay|[upkeep]\n|upkeep\n|turn|3\n|\n|t:|1788302078\n|switch|p2a: Dragonite|Dragonite, L50, F|100/100\n|move|p2b: Basculegion|Protect|p2b: Basculegion\n|-singleturn|p2b: Basculegion|Protect\n|move|p1b: Grimmsnarl|Light Screen|p1b: Grimmsnarl\n|-sidestart|p1: JHONUZI|move: Light Screen\n|move|p1a: Venusaur|Giga Drain|p2b: Basculegion\n|-activate|p2b: Basculegion|move: Protect\n|\n|-weather|SunnyDay|[upkeep]\n|upkeep\n|turn|4\n|\n|t:|1788302096\n|switch|p2b: Dragapult|Dragapult, L50, F|100/100\n|detailschange|p2a: Dragonite|Dragonite-Mega, L50, F\n|-mega|p2a: Dragonite|Dragonite|Dragoninite\n|move|p1b: Grimmsnarl|Reflect|p1b: Grimmsnarl\n|-sidestart|p1: JHONUZI|Reflect\n|move|p1a: Venusaur|Giga Drain|p2b: Dragapult\n|-resisted|p2b: Dragapult|1\n|-damage|p2b: Dragapult|72/100\n|-damage|p1a: Venusaur|90/100|[from] item: Life Orb\n|move|p2a: Dragonite|Heat Wave|p1a: Venusaur|[spread] p1a,p1b\n|-supereffective|p1a: Venusaur|1\n|-damage|p1a: Venusaur|17/100\n|-damage|p1b: Grimmsnarl|79/100\n|\n|-weather|SunnyDay|[upkeep]\n|upkeep\n|turn|5\n|inactive|kajtol has 30 seconds left.\n|inactive|kajtol has 20 seconds left.\n|\n|t:|1788302133\n|move|p2a: Dragonite|Protect|p2a: Dragonite\n|-singleturn|p2a: Dragonite|Protect\n|move|p1b: Grimmsnarl|Parting Shot|p2a: Dragonite\n|-activate|p2a: Dragonite|move: Protect\n|move|p2b: Dragapult|Flamethrower|p1a: Venusaur\n|-supereffective|p1a: Venusaur|1\n|-damage|p1a: Venusaur|0 fnt\n|faint|p1a: Venusaur\n|\n|-weather|none\n|upkeep\n|\n|t:|1788302137\n|switch|p1a: Charizard|Charizard-Mega-Y, L50, M, shiny|100/100\n|-weather|SunnyDay|[from] ability: Drought|[of] p1a: Charizard\n|turn|6\n|\n|t:|1788302154\n|switch|p2b: Sylveon|Sylveon, L50, M|100/100\n|move|p2a: Dragonite|Protect|p2a: Dragonite\n|-singleturn|p2a: Dragonite|Protect\n|move|p1a: Charizard|Weather Ball|p2b: Sylveon\n|-damage|p2b: Sylveon|19/100\n|move|p1b: Grimmsnarl|Spirit Break|p2a: Dragonite\n|-activate|p2a: Dragonite|move: Protect\n|\n|-weather|SunnyDay|[upkeep]\n|upkeep\n|turn|7\n|\n|t:|1788302178\n|move|p1a: Charizard|Heat Wave|p2b: Sylveon|[spread] p2b\n|-miss|p1a: Charizard|p2a: Dragonite\n|-crit|p2b: Sylveon\n|-damage|p2b: Sylveon|0 fnt\n|faint|p2b: Sylveon\n|move|p2a: Dragonite|Heat Wave|p1b: Grimmsnarl|[spread] p1a,p1b\n|-resisted|p1a: Charizard|1\n|-damage|p1a: Charizard|85/100\n|-damage|p1b: Grimmsnarl|57/100\n|move|p1b: Grimmsnarl|Spirit Break|p2a: Dragonite\n|-supereffective|p2a: Dragonite|1\n|-damage|p2a: Dragonite|71/100\n|-unboost|p2a: Dragonite|spa|1\n|\n|-weather|SunnyDay|[upkeep]\n|upkeep\n|\n|t:|1788302190\n|switch|p2b: Basculegion|Basculegion, L50, M|100/100\n|turn|8\n|\n|t:|1788302198\n|move|p1b: Grimmsnarl|Parting Shot|p2b: Basculegion\n|-unboost|p2b: Basculegion|atk|1\n|-unboost|p2b: Basculegion|spa|1\n|\n|t:|1788302202\n|switch|p1b: Basculegion|Basculegion, L50, M, shiny|100/100|[from] Parting Shot\n|move|p1a: Charizard|Solar Beam||[still]\n|-prepare|p1a: Charizard|Solar Beam\n|-anim|p1a: Charizard|Solar Beam|p2b: Basculegion\n|-supereffective|p2b: Basculegion|1\n|-damage|p2b: Basculegion|0 fnt\n|faint|p2b: Basculegion\n|move|p2a: Dragonite|Heat Wave|p1b: Basculegion|[spread] p1a,p1b\n|-resisted|p1a: Charizard|1\n|-resisted|p1b: Basculegion|1\n|-damage|p1a: Charizard|76/100\n|-damage|p1b: Basculegion|88/100\n|\n|-weather|SunnyDay|[upkeep]\n|upkeep\n|\n|t:|1788302210\n|switch|p2b: Dragapult|Dragapult, L50, F|72/100\n|turn|9\n|\n|t:|1788302227\n|move|p2b: Dragapult|Shadow Ball|p1b: Basculegion\n|-supereffective|p1b: Basculegion|1\n|-damage|p1b: Basculegion|47/100\n|-unboost|p1b: Basculegion|spd|1\n|move|p1b: Basculegion|Last Respects|p2b: Dragapult\n|-supereffective|p2b: Dragapult|1\n|-damage|p2b: Dragapult|0 fnt\n|faint|p2b: Dragapult\n|move|p1a: Charizard|Weather Ball|p2a: Dragonite\n|-resisted|p2a: Dragonite|1\n|-damage|p2a: Dragonite|33/100\n|move|p2a: Dragonite|Dragon Pulse|p1b: Basculegion\n|-damage|p1b: Basculegion|6/100\n|\n|-weather|SunnyDay|[upkeep]\n|upkeep\n|turn|10\n|\n|t:|1788302250\n|move|p2a: Dragonite|Protect|p2a: Dragonite\n|-singleturn|p2a: Dragonite|Protect\n|move|p1b: Basculegion|Last Respects|p2a: Dragonite\n|-activate|p2a: Dragonite|move: Protect\n|move|p1a: Charizard|Weather Ball|p2a: Dragonite\n|-activate|p2a: Dragonite|move: Protect\n|\n|-weather|none\n|-sideend|p1: JHONUZI|move: Light Screen\n|upkeep\n|turn|11\n|\n|t:|1788302267\n|switch|p1a: Grimmsnarl|Grimmsnarl, L50, M, shiny|57/100\n|move|p1b: Basculegion|Last Respects|p2a: Dragonite\n|-damage|p2a: Dragonite|0 fnt\n|faint|p2a: Dragonite\n|\n|win|JHONUZI\n|raw|JHONUZI's rating: 1193 &rarr; <strong>1211</strong><br />(+18 for winning)\n|raw|kajtol's rating: 1093 &rarr; <strong>1076</strong><br />(-17 for losing)\n|l|☆kajtol\n|player|p2|\n","uploadtime":1788302277,"views":"2","formatid":"gen9championsvgc2026regmb","rating":1076,"private":0,"password":null}