{"id":"gen9championsvgc2026regmb-2673930792","format":"[Gen 9 Champions] VGC 2026 Reg M-B","players":["LabutaCostill","conngfan"],"log":"|j|☆LabutaCostill\n|j|☆conngfan\n|t:|1788278517\n|gametype|doubles\n|player|p1|LabutaCostill|hilbert|1523\n|player|p2|conngfan|arven-s|1547\n|gen|9\n|tier|[Gen 9 Champions] VGC 2026 Reg M-B\n|rated|\n|rule|Species Clause: Limit one of each Pokémon\n|rule|Item Clause: Limit 1 of each item\n|clearpoke\n|poke|p1|Torterra, L50, M|\n|poke|p1|Sableye, L50, M|\n|poke|p1|Dragalge, L50, M|\n|poke|p1|Cofagrigus, L50, F|\n|poke|p1|Houndstone, L50, F|\n|poke|p1|Glimmora, L50, M|\n|poke|p2|Aerodactyl, L50, M|\n|poke|p2|Raichu, L50, F|\n|poke|p2|Sneasler, L50, M|\n|poke|p2|Sylveon, L50, M|\n|poke|p2|Kingambit, L50, M|\n|poke|p2|Tsareena, L50, F|\n|teampreview|4\n|inactive|Battle timer is ON: inactive players will automatically lose when time's up. (requested by LabutaCostill)\n|inactive|conngfan also wants the timer to be on.\n|\n|t:|1788278539\n|teamsize|p1|4\n|teamsize|p2|4\n|start\n|switch|p1a: Sableye|Sableye, L50, M|100/100\n|switch|p1b: Cofagrigus|Cofagrigus, L50, F|100/100\n|switch|p2a: Raichu|Raichu, L50, F|100/100\n|switch|p2b: Kingambit|Kingambit, L50, M|100/100\n|turn|1\n|\n|t:|1788278554\n|switch|p2b: Tsareena|Tsareena, L50, F|100/100\n|detailschange|p2a: Raichu|Raichu-Mega-Y, L50, F\n|-mega|p2a: Raichu|Raichu|Raichunite Y\n|move|p1a: Sableye|Fake Out||[still]\n|cant|p2b: Tsareena|ability: Queenly Majesty|Fake Out|[of] p1a: Sableye\n|move|p2a: Raichu|Zap Cannon|p1b: Cofagrigus\n|-damage|p1b: Cofagrigus|45/100\n|-status|p1b: Cofagrigus|par\n|move|p1b: Cofagrigus|Trick Room|p1b: Cofagrigus\n|-fieldstart|move: Trick Room|[of] p1b: Cofagrigus\n|\n|-heal|p1b: Cofagrigus|51/100 par|[from] item: Leftovers\n|upkeep\n|turn|2\n|\n|t:|1788278571\n|switch|p2b: Sylveon|Sylveon, L50, M|100/100\n|move|p1b: Cofagrigus|Will-O-Wisp|p2b: Sylveon\n|-status|p2b: Sylveon|brn\n|move|p1a: Sableye|Foul Play|p2a: Raichu\n|-damage|p2a: Raichu|45/100\n|move|p2a: Raichu|Zap Cannon|p1a: Sableye\n|-damage|p1a: Sableye|21/100\n|-status|p1a: Sableye|par\n|\n|-heal|p1b: Cofagrigus|57/100 par|[from] item: Leftovers\n|-damage|p2b: Sylveon|93/100 brn|[from] brn\n|upkeep\n|turn|3\n|inactive|LabutaCostill has 30 seconds left.\n|inactive|LabutaCostill has 20 seconds left.\n|\n|t:|1788278608\n|switch|p2a: Tsareena|Tsareena, L50, F|100/100\n|move|p1b: Cofagrigus|Body Press|p2b: Sylveon\n|-resisted|p2b: Sylveon|1\n|-damage|p2b: Sylveon|78/100 brn\n|move|p1a: Sableye|Foul Play|p2a: Tsareena\n|-damage|p2a: Tsareena|32/100\n|move|p2b: Sylveon|Hyper Voice|p1a: Sableye|[spread] p1a,p1b\n|-supereffective|p1a: Sableye|1\n|-damage|p1a: Sableye|0 fnt\n|-damage|p1b: Cofagrigus|19/100 par\n|faint|p1a: Sableye\n|\n|-heal|p1b: Cofagrigus|25/100 par|[from] item: Leftovers\n|-damage|p2b: Sylveon|71/100 brn|[from] brn\n|upkeep\n|\n|t:|1788278613\n|switch|p1a: Houndstone|Houndstone, L50, F|100/100\n|turn|4\n|\n|t:|1788278626\n|move|p2b: Sylveon|Protect|p2b: Sylveon\n|-singleturn|p2b: Sylveon|Protect\n|move|p2a: Tsareena|Protect|p2a: Tsareena\n|-singleturn|p2a: Tsareena|Protect\n|cant|p1b: Cofagrigus|par\n|move|p1a: Houndstone|Last Respects|p2b: Sylveon\n|-activate|p2b: Sylveon|move: Protect\n|\n|-heal|p1b: Cofagrigus|31/100 par|[from] item: Leftovers\n|-damage|p2b: Sylveon|65/100 brn|[from] brn\n|upkeep\n|turn|5\n|\n|t:|1788278643\n|move|p1b: Cofagrigus|Will-O-Wisp|p2a: Tsareena\n|-status|p2a: Tsareena|brn\n|move|p1a: Houndstone|Last Respects|p2b: Sylveon\n|-damage|p2b: Sylveon|6/100 brn\n|move|p2b: Sylveon|Hyper Voice|p1a: Houndstone|[spread] p1a,p1b\n|-damage|p1a: Houndstone|53/100\n|-damage|p1b: Cofagrigus|0 fnt\n|faint|p1b: Cofagrigus\n|move|p2a: Tsareena|Power Whip|p1a: Houndstone\n|-damage|p1a: Houndstone|37/100\n|\n|-damage|p2b: Sylveon|0 fnt|[from] brn\n|faint|p2b: Sylveon\n|-damage|p2a: Tsareena|26/100 brn|[from] brn\n|-fieldend|move: Trick Room\n|upkeep\n|\n|t:|1788278653\n|switch|p2b: Raichu|Raichu-Mega-Y, L50, F|45/100\n|switch|p1b: Glimmora|Glimmora, L50, M|100/100\n|turn|6\n|\n|t:|1788278662\n|move|p2b: Raichu|Protect|p2b: Raichu\n|-singleturn|p2b: Raichu|Protect\n|move|p1b: Glimmora|Spiky Shield|p1b: Glimmora\n|-singleturn|p1b: Glimmora|move: Protect\n|move|p2a: Tsareena|Power Whip|p1b: Glimmora\n|-activate|p1b: Glimmora|move: Protect\n|-damage|p2a: Tsareena|14/100 brn|[from] Spiky Shield|[of] p1b: Glimmora\n|move|p1a: Houndstone|Last Respects|p2b: Raichu\n|-activate|p2b: Raichu|move: Protect\n|\n|-damage|p2a: Tsareena|8/100 brn|[from] brn\n|upkeep\n|turn|7\n|\n|t:|1788278672\n|switch|p2b: Kingambit|Kingambit, L50, M|100/100\n|detailschange|p1b: Glimmora|Glimmora-Mega, L50, M\n|-mega|p1b: Glimmora|Glimmora|Glimmoranite\n|move|p1a: Houndstone|Protect|p1a: Houndstone\n|-singleturn|p1a: Houndstone|Protect\n|move|p2a: Tsareena|Power Whip|p1b: Glimmora\n|-damage|p1b: Glimmora|71/100\n|move|p1b: Glimmora|Sludge Wave|p2a: Tsareena|[spread] p2a\n|-activate|p1a: Houndstone|move: Protect\n|-immune|p2b: Kingambit\n|-supereffective|p2a: Tsareena|1\n|-damage|p2a: Tsareena|0 fnt\n|faint|p2a: Tsareena\n|\n|upkeep\n|\n|t:|1788278681\n|switch|p2a: Raichu|Raichu-Mega-Y, L50, F|45/100\n|turn|8\n|\n|t:|1788278688\n|move|p2b: Kingambit|Sucker Punch|p1a: Houndstone\n|-supereffective|p1a: Houndstone|1\n|-damage|p1a: Houndstone|0 fnt\n|faint|p1a: Houndstone\n|-damage|p2b: Kingambit|90/100|[from] item: Life Orb\n|move|p2a: Raichu|Zap Cannon|p1b: Glimmora\n|-damage|p1b: Glimmora|8/100\n|-status|p1b: Glimmora|par\n|move|p1b: Glimmora|Earth Power|p2b: Kingambit\n|-supereffective|p2b: Kingambit|1\n|-damage|p2b: Kingambit|19/100\n|\n|upkeep\n|turn|9\n|-message|LabutaCostill forfeited.\n|\n|win|conngfan\n|raw|LabutaCostill's rating: 1523 &rarr; <strong>1504</strong><br />(-19 for losing)\n|raw|conngfan's rating: 1547 &rarr; <strong>1566</strong><br />(+19 for winning)\n","uploadtime":1788278692,"views":"0","formatid":"gen9championsvgc2026regmb","rating":1504,"private":0,"password":null}