{"id":"gen9championsvgc2026regmb-2674394963","format":"[Gen 9 Champions] VGC 2026 Reg M-B","players":["PotatoesJR","raineyatwork"],"log":"|j|☆PotatoesJR\n|j|☆raineyatwork\n|t:|1788354302\n|gametype|doubles\n|player|p1|PotatoesJR|170|1189\n|player|p2|raineyatwork|101|1307\n|gen|9\n|tier|[Gen 9 Champions] VGC 2026 Reg M-B\n|rated|\n|rule|Species Clause: Limit one of each Pokémon\n|rule|Item Clause: Limit 1 of each item\n|clearpoke\n|poke|p1|Tyranitar, L50, M|\n|poke|p1|Staraptor, L50, F|\n|poke|p1|Sinistcha, L50|\n|poke|p1|Rotom-Wash, L50|\n|poke|p1|Excadrill, L50, F|\n|poke|p1|Gholdengo, L50|\n|poke|p2|Metagross, L50|\n|poke|p2|Blaziken, L50, M|\n|poke|p2|Tsareena, L50, F|\n|poke|p2|Kingambit, L50, M|\n|poke|p2|Swampert, L50, F|\n|poke|p2|Pelipper, L50, M|\n|teampreview|4\n|inactive|Battle timer is ON: inactive players will automatically lose when time's up. (requested by raineyatwork)\n|\n|t:|1788354336\n|teamsize|p1|4\n|teamsize|p2|4\n|start\n|switch|p1a: Pequoad|Staraptor, L50, F|100/100\n|switch|p1b: Rotom|Rotom-Wash, L50|100/100\n|switch|p2a: Blaziken|Blaziken, L50, M|100/100\n|switch|p2b: Metagross|Metagross, L50|100/100\n|-ability|p1a: Pequoad|Intimidate|boost\n|-unboost|p2a: Blaziken|atk|1\n|-fail|p2b: Metagross|unboost|[from] ability: Clear Body|[of] p2b: Metagross\n|turn|1\n|\n|t:|1788354354\n|detailschange|p1a: Pequoad|Staraptor-Mega, L50, F\n|-mega|p1a: Pequoad|Staraptor|Staraptite\n|detailschange|p2b: Metagross|Metagross-Mega, L50\n|-mega|p2b: Metagross|Metagross|Metagrossite\n|move|p1b: Rotom|Electroweb|p2a: Blaziken|[spread] p2a,p2b\n|-damage|p2a: Blaziken|74/100\n|-damage|p2b: Metagross|81/100\n|-unboost|p2a: Blaziken|spe|1\n|-unboost|p2b: Metagross|spe|1\n|move|p1a: Pequoad|Close Combat|p2b: Metagross\n|-damage|p2b: Metagross|37/100\n|-boost|p1a: Pequoad|def|1\n|-boost|p1a: Pequoad|spd|1\n|move|p2b: Metagross|Psychic Fangs|p1a: Pequoad\n|-supereffective|p1a: Pequoad|1\n|-damage|p1a: Pequoad|15/100\n|move|p2a: Blaziken|Coaching|p2b: Metagross\n|-boost|p2b: Metagross|atk|1\n|-boost|p2b: Metagross|def|1\n|\n|-ability|p2a: Blaziken|Speed Boost|boost\n|-boost|p2a: Blaziken|spe|1\n|upkeep\n|turn|2\n|inactive|PotatoesJR has 30 seconds left.\n|inactive|raineyatwork has 30 seconds left.\n|\n|t:|1788354382\n|move|p2b: Metagross|Bullet Punch|p1a: Pequoad\n|-damage|p1a: Pequoad|0 fnt\n|faint|p1a: Pequoad\n|move|p1b: Rotom|Electroweb|p2b: Metagross|[spread] p2a,p2b\n|-damage|p2a: Blaziken|46/100\n|-damage|p2b: Metagross|18/100\n|-unboost|p2a: Blaziken|spe|1\n|-unboost|p2b: Metagross|spe|1\n|move|p2a: Blaziken|Coaching|p2b: Metagross\n|-boost|p2b: Metagross|atk|1\n|-boost|p2b: Metagross|def|1\n|\n|-ability|p2a: Blaziken|Speed Boost|boost\n|-boost|p2a: Blaziken|spe|1\n|upkeep\n|\n|t:|1788354392\n|switch|p1a: War criminal|Gholdengo, L50|100/100\n|turn|3\n|\n|t:|1788354397\n|move|p2b: Metagross|Protect|p2b: Metagross\n|-singleturn|p2b: Metagross|Protect\n|move|p1b: Rotom|Electroweb|p2b: Metagross|[spread] p2a\n|-activate|p2b: Metagross|move: Protect\n|-damage|p2a: Blaziken|20/100y\n|-unboost|p2a: Blaziken|spe|1\n|move|p1a: War criminal|Nasty Plot|p1a: War criminal\n|-boost|p1a: War criminal|spa|2\n|move|p2a: Blaziken|Overheat|p1a: War criminal\n|-supereffective|p1a: War criminal|1\n|-damage|p1a: War criminal|0 fnt\n|-unboost|p2a: Blaziken|spa|2\n|faint|p1a: War criminal\n|\n|-ability|p2a: Blaziken|Speed Boost|boost\n|-boost|p2a: Blaziken|spe|1\n|upkeep\n|\n|t:|1788354403\n|switch|p1a: Po|Sinistcha, L50|100/100\n|turn|4\n|\n|t:|1788354422\n|move|p2b: Metagross|Bullet Punch|p1a: Po\n|-damage|p1a: Po|47/100\n|-enditem|p1a: Po|Sitrus Berry|[eat]\n|-heal|p1a: Po|71/100|[from] item: Sitrus Berry\n|move|p1b: Rotom|Electroweb|p2b: Metagross|[spread] p2a,p2b\n|-crit|p2b: Metagross\n|-damage|p2a: Blaziken|0 fnt\n|-damage|p2b: Metagross|0 fnt\n|faint|p2a: Blaziken\n|faint|p2b: Metagross\n|move|p1a: Po|Matcha Gotcha|p2: Blaziken|[notarget]\n|-fail|p1a: Po\n|\n|upkeep\n|\n|t:|1788354425\n|switch|p2b: Tsareena|Tsareena, L50, F|100/100\n|switch|p2a: Kingambit|Kingambit, L50, M|100/100\n|turn|5\n|-message|PotatoesJR forfeited.\n|\n|win|raineyatwork\n|raw|PotatoesJR's rating: 1189 &rarr; <strong>1172</strong><br />(-17 for losing)\n|raw|raineyatwork's rating: 1307 &rarr; <strong>1320</strong><br />(+13 for winning)\n|l|☆PotatoesJR\n|player|p1|\n","uploadtime":1788354439,"views":"16","formatid":"gen9championsvgc2026regmb","rating":1172,"private":0,"password":null}