{"id":"gen9championsvgc2026regmb-2674484707","format":"[Gen 9 Champions] VGC 2026 Reg M-B","players":["Mameon","yubzhubz"],"log":"|j|☆Mameon\n|j|☆yubzhubz\n|t:|1788365291\n|gametype|doubles\n|player|p1|Mameon|102|1411\n|player|p2|yubzhubz|hiker|1473\n|gen|9\n|tier|[Gen 9 Champions] VGC 2026 Reg M-B\n|rated|\n|rule|Species Clause: Limit one of each Pokémon\n|rule|Item Clause: Limit 1 of each item\n|clearpoke\n|poke|p1|Staraptor, L50, M|\n|poke|p1|Farigiraf, L50, F|\n|poke|p1|Tyranitar, L50, M|\n|poke|p1|Whimsicott, L50, F|\n|poke|p1|Excadrill, L50, M|\n|poke|p1|Gholdengo, L50, shiny|\n|poke|p2|Archaludon, L50, M|\n|poke|p2|Dragonite, L50, F|\n|poke|p2|Sinistcha, L50|\n|poke|p2|Politoed, L50, F|\n|poke|p2|Sableye, L50, F, shiny|\n|poke|p2|Venusaur, L50, F|\n|teampreview|4\n|inactive|Battle timer is ON: inactive players will automatically lose when time's up. (requested by yubzhubz)\n|inactive|Mameon has 60 seconds left.\n|\n|t:|1788365325\n|teamsize|p1|4\n|teamsize|p2|4\n|start\n|switch|p1a: Staraptor|Staraptor, L50, M|100/100\n|switch|p1b: Farigiraf|Farigiraf, L50, F|100/100\n|switch|p2a: Dragonite|Dragonite, L50, F|100/100\n|switch|p2b: Sableye|Sableye, L50, F, shiny|100/100\n|-ability|p1a: Staraptor|Intimidate|boost\n|-unboost|p2a: Dragonite|atk|1\n|-unboost|p2b: Sableye|atk|1\n|turn|1\n|\n|t:|1788365348\n|detailschange|p1a: Staraptor|Staraptor-Mega, L50, M\n|-mega|p1a: Staraptor|Staraptor|Staraptite\n|detailschange|p2a: Dragonite|Dragonite-Mega, L50, F\n|-mega|p2a: Dragonite|Dragonite|Dragoninite\n|move|p2b: Sableye|Will-O-Wisp||[still]\n|cant|p1b: Farigiraf|ability: Armor Tail|Will-O-Wisp|[of] p2b: Sableye\n|move|p1a: Staraptor|Close Combat|p2a: Dragonite\n|-resisted|p2a: Dragonite|1\n|-damage|p2a: Dragonite|88/100\n|-boost|p1a: Staraptor|def|1\n|-boost|p1a: Staraptor|spd|1\n|move|p2a: Dragonite|Dragon Pulse|p1b: Farigiraf\n|-damage|p1b: Farigiraf|50/100g\n|move|p1b: Farigiraf|Nasty Plot|p1b: Farigiraf\n|-boost|p1b: Farigiraf|spa|2\n|\n|upkeep\n|turn|2\n|\n|t:|1788365370\n|switch|p2b: Politoed|Politoed, L50, F|100/100\n|-weather|RainDance|[from] ability: Drizzle|[of] p2b: Politoed\n|move|p1a: Staraptor|Tailwind|p1a: Staraptor\n|-sidestart|p1: Mameon|move: Tailwind\n|move|p1b: Farigiraf|Psychic|p2a: Dragonite\n|-damage|p2a: Dragonite|32/100\n|-unboost|p2a: Dragonite|spd|1\n|move|p2a: Dragonite|Hurricane|p1a: Staraptor\n|-supereffective|p1a: Staraptor|1\n|-damage|p1a: Staraptor|1/100\n|\n|-weather|RainDance|[upkeep]\n|upkeep\n|turn|3\n|inactive|Mameon has 30 seconds left.\n|inactive|yubzhubz has 30 seconds left.\n|\n|t:|1788365400\n|move|p2a: Dragonite|Extreme Speed||[still]\n|cant|p1b: Farigiraf|ability: Armor Tail|Extreme Speed|[of] p2a: Dragonite\n|move|p1a: Staraptor|Close Combat|p2b: Politoed\n|-damage|p2b: Politoed|44/100\n|-boost|p1a: Staraptor|def|1\n|-boost|p1a: Staraptor|spd|1\n|move|p1b: Farigiraf|Thunderbolt|p2a: Dragonite\n|-damage|p2a: Dragonite|0 fnt\n|faint|p2a: Dragonite\n|move|p2b: Politoed|Weather Ball|p1b: Farigiraf\n|-damage|p1b: Farigiraf|0 fnt\n|faint|p1b: Farigiraf\n|\n|-weather|RainDance|[upkeep]\n|upkeep\n|\n|t:|1788365417\n|switch|p2a: Sableye|Sableye, L50, F, shiny|100/100\n|switch|p1b: Gholdengo|Gholdengo, L50, shiny|100/100\n|turn|4\n|\n|t:|1788365432\n|switch|p1a: Tyranitar|Tyranitar, L50, M|100/100\n|-weather|Sandstorm|[from] ability: Sand Stream|[of] p1a: Tyranitar\n|move|p2b: Politoed|Protect|p2b: Politoed\n|-singleturn|p2b: Politoed|Protect\n|move|p2a: Sableye|Will-O-Wisp|p1a: Tyranitar\n|-hint|Since gen 7, Dark is immune to Prankster moves.\n|-immune|p1a: Tyranitar\n|move|p1b: Gholdengo|Shadow Ball|p2a: Sableye\n|-damage|p2a: Sableye|34/100\n|-damage|p1b: Gholdengo|90/100|[from] item: Life Orb\n|\n|-weather|Sandstorm|[upkeep]\n|-damage|p2b: Politoed|38/100|[from] Sandstorm\n|-damage|p2a: Sableye|28/100|[from] Sandstorm\n|upkeep\n|turn|5\n|\n|t:|1788365453\n|move|p2a: Sableye|Rain Dance|p2a: Sableye\n|-weather|RainDance\n|move|p1b: Gholdengo|Shadow Ball|p2b: Politoed\n|-damage|p2b: Politoed|0 fnt\n|faint|p2b: Politoed\n|-damage|p1b: Gholdengo|81/100|[from] item: Life Orb\n|move|p1a: Tyranitar|Knock Off|p2a: Sableye\n|-damage|p2a: Sableye|0 fnt\n|-enditem|p2a: Sableye|Light Clay|[from] move: Knock Off|[of] p1a: Tyranitar\n|faint|p2a: Sableye\n|\n|-weather|RainDance|[upkeep]\n|-sideend|p1: Mameon|move: Tailwind\n|upkeep\n|\n|t:|1788365460\n|switch|p2b: Archaludon|Archaludon, L50, M|100/100\n|turn|6\n|\n|t:|1788365472\n|move|p1b: Gholdengo|Shadow Ball|p2b: Archaludon\n|-damage|p2b: Archaludon|40/100\n|-ability|p2b: Archaludon|Stamina|boost\n|-boost|p2b: Archaludon|def|1\n|-damage|p1b: Gholdengo|71/100|[from] item: Life Orb\n|move|p2b: Archaludon|Aura Sphere|p1a: Tyranitar\n|-supereffective|p1a: Tyranitar|2\n|-enditem|p1a: Tyranitar|Chople Berry|[eat]\n|-enditem|p1a: Tyranitar|Chople Berry|[weaken]\n|-damage|p1a: Tyranitar|52/100\n|move|p1a: Tyranitar|Knock Off|p2b: Archaludon\n|-damage|p2b: Archaludon|17/100\n|-ability|p2b: Archaludon|Stamina|boost\n|-boost|p2b: Archaludon|def|1\n|-enditem|p2b: Archaludon|Leftovers|[from] move: Knock Off|[of] p1a: Tyranitar\n|\n|-weather|RainDance|[upkeep]\n|upkeep\n|turn|7\n|-message|yubzhubz forfeited.\n|\n|win|Mameon\n|raw|Mameon's rating: 1411 &rarr; <strong>1435</strong><br />(+24 for winning)\n|raw|yubzhubz's rating: 1473 &rarr; <strong>1449</strong><br />(-24 for losing)\n|l|☆yubzhubz\n|player|p2|\n","uploadtime":1788365488,"views":"0","formatid":"gen9championsvgc2026regmb","rating":1435,"private":0,"password":null}