{"id":"gen9championsvgc2026regmb-2673915760","format":"[Gen 9 Champions] VGC 2026 Reg M-B","players":["funky93","blindfishptsd"],"log":"|j|☆funky93\n|j|☆blindfishptsd\n|html|<table width=\"100%\"><tr><td align=\"left\">funky93</td><td align=\"right\">blindfishptsd</tr><tr><td align=\"left\"><i class=\"fa fa-circle\"></i> <i class=\"fa fa-circle-o\"></i> </td><td align=\"right\"><i class=\"fa fa-circle-o\"></i> <i class=\"fa fa-circle-o\"></i> </tr></table>\n|uhtml|bestof|<h2><strong>Game 2</strong> of <a href=\"/game-bestof3-gen9championsvgc2026regmb-2673913098\">a best-of-3</a></h2>\n|t:|1788276700\n|gametype|doubles\n|player|p1|funky93|bruno|\n|player|p2|blindfishptsd|169|\n|gen|9\n|tier|[Gen 9 Champions] VGC 2026 Reg M-B\n|rule|Species Clause: Limit one of each Pokémon\n|rule|Item Clause: Limit 1 of each item\n|raw|<div class=\"infobox\"><details class=\"readmore\" open><summary><strong>1 custom rule:</strong></summary> Best of = 3</details></div>\n|clearpoke\n|poke|p1|Gholdengo, L50|\n|poke|p1|Scovillain, L50, F|\n|poke|p1|Pelipper, L50, F|\n|poke|p1|Mr. Rime, L50, M|\n|poke|p1|Swampert, L50, F|\n|poke|p1|Eelektross, L50, M|\n|poke|p2|Staraptor, L50, F|\n|poke|p2|Metagross, L50|\n|poke|p2|Whimsicott, L50, M|\n|poke|p2|Garchomp, L50, M|\n|poke|p2|Rotom-Heat, L50|\n|poke|p2|Simipour, L50, F|\n|teampreview|4\nfunky93 rejected open team sheets.\n|c|☆blindfishptsd|All g?\n|\n|t:|1788276810\n|teamsize|p1|4\n|teamsize|p2|4\n|start\n|switch|p1a: Gholdengo|Gholdengo, L50|100/100\n|switch|p1b: Mr. Rime|Mr. Rime, L50, M|100/100\n|switch|p2a: Staraptor|Staraptor, L50, F|100/100\n|switch|p2b: Rotom|Rotom-Heat, L50|100/100\n|-ability|p2a: Staraptor|Intimidate|boost\n|-unboost|p1a: Gholdengo|atk|1\n|-unboost|p1b: Mr. Rime|atk|1\n|turn|1\n|\n|t:|1788276846\n|detailschange|p2a: Staraptor|Staraptor-Mega, L50, F\n|-mega|p2a: Staraptor|Staraptor|Staraptite\n|move|p1a: Gholdengo|Protect|p1a: Gholdengo\n|-singleturn|p1a: Gholdengo|Protect\n|move|p2a: Staraptor|Close Combat|p1b: Mr. Rime\n|-damage|p1b: Mr. Rime|20/100y\n|-boost|p2a: Staraptor|def|1\n|-boost|p2a: Staraptor|spd|1\n|move|p2b: Rotom|Thunderbolt|p1b: Mr. Rime\n|-damage|p1b: Mr. Rime|0 fnt\n|faint|p1b: Mr. Rime\n|\n|upkeep\n|\n|t:|1788276859\n|switch|p1b: Pelipper|Pelipper, L50, F|100/100\n|-weather|RainDance|[from] ability: Drizzle|[of] p1b: Pelipper\n|turn|2\n|\n|t:|1788276888\n|move|p2a: Staraptor|Close Combat|p1b: Pelipper\n|-resisted|p1b: Pelipper|1\n|-damage|p1b: Pelipper|74/100\n|-boost|p2a: Staraptor|def|1\n|-boost|p2a: Staraptor|spd|1\n|move|p2b: Rotom|Thunderbolt|p1b: Pelipper\n|-supereffective|p1b: Pelipper|2\n|-damage|p1b: Pelipper|0 fnt\n|faint|p1b: Pelipper\n|move|p1a: Gholdengo|Make It Rain|p2a: Staraptor|[spread] p2a,p2b\n|-resisted|p2b: Rotom|2\n|-damage|p2a: Staraptor|68/100\n|-damage|p2b: Rotom|85/100\n|-unboost|p1a: Gholdengo|spa|2\n|-damage|p1a: Gholdengo|90/100|[from] item: Life Orb\n|\n|-weather|RainDance|[upkeep]\n|upkeep\n|\n|t:|1788276902\n|switch|p1b: Swampert|Swampert, L50, F|100/100\n|turn|3\n|\n|t:|1788276913\n|detailschange|p1b: Swampert|Swampert-Mega, L50, F\n|-mega|p1b: Swampert|Swampert|Swampertite\n|move|p1b: Swampert|Wave Crash|p2b: Rotom\n|-supereffective|p2b: Rotom|1\n|-enditem|p2b: Rotom|Passho Berry|[eat]\n|-enditem|p2b: Rotom|Passho Berry|[weaken]\n|-damage|p2b: Rotom|0 fnt\n|faint|p2b: Rotom\n|-damage|p1b: Swampert|75/100|[from] Recoil\n|move|p2a: Staraptor|Close Combat|p1b: Swampert\n|-damage|p1b: Swampert|27/100\n|-boost|p2a: Staraptor|def|1\n|-boost|p2a: Staraptor|spd|1\n|move|p1a: Gholdengo|Nasty Plot|p1a: Gholdengo\n|-boost|p1a: Gholdengo|spa|2\n|\n|-weather|RainDance|[upkeep]\n|upkeep\n|\n|t:|1788276921\n|switch|p2b: Whimsicott|Whimsicott, L50, M|100/100\n|turn|4\n|j| SpadesHS\n|\n|t:|1788276938\n|move|p1b: Swampert|Protect|p1b: Swampert\n|-singleturn|p1b: Swampert|Protect\n|move|p2b: Whimsicott|Sunny Day|p2b: Whimsicott\n|-weather|SunnyDay\n|move|p2a: Staraptor|Blaze Kick|p1a: Gholdengo\n|-supereffective|p1a: Gholdengo|1\n|-damage|p1a: Gholdengo|27/100\n|move|p1a: Gholdengo|Nasty Plot|p1a: Gholdengo\n|-boost|p1a: Gholdengo|spa|2\n|\n|-weather|SunnyDay|[upkeep]\n|upkeep\n|turn|5\n|\n|t:|1788276994\n|move|p2b: Whimsicott|Moonblast|p1b: Swampert\n|-damage|p1b: Swampert|0 fnt\n|faint|p1b: Swampert\n|move|p2a: Staraptor|Blaze Kick|p1a: Gholdengo\n|-supereffective|p1a: Gholdengo|1\n|-crit|p1a: Gholdengo\n|-damage|p1a: Gholdengo|0 fnt\n|faint|p1a: Gholdengo\n|\n|win|blindfishptsd\n||funky93 is ready for game 3.\n||blindfishptsd is ready for game 3.\n|uhtml|next|Next: <a href=\"/battle-gen9championsvgc2026regmb-2673918299\"><strong>Game 3 of 3</strong></a>\n|l|☆funky93\n|player|p1|\n","uploadtime":1788277532,"views":"39","formatid":"gen9championsvgc2026regmb","rating":null,"private":0,"password":null}