{"id":"gen9championsvgc2026regmb-2674892059","format":"[Gen 9 Champions] VGC 2026 Reg M-B","players":["a123as","invertedF"],"log":"|j|☆a123as\n|j|☆invertedF\n|t:|1788430519\n|gametype|doubles\n|player|p1|a123as|102|1520\n|player|p2|invertedF|caitlin|1621\n|gen|9\n|tier|[Gen 9 Champions] VGC 2026 Reg M-B\n|rated|\n|rule|Species Clause: Limit one of each Pokémon\n|rule|Item Clause: Limit 1 of each item\n|clearpoke\n|poke|p1|Espathra, L50, F|\n|poke|p1|Scovillain, L50, F|\n|poke|p1|Sableye, L50, F|\n|poke|p1|Archaludon, L50, M|\n|poke|p1|Milotic, L50, F|\n|poke|p1|Dragapult, L50, F|\n|poke|p2|Sneasler, L50, M|\n|poke|p2|Garchomp, L50, F|\n|poke|p2|Kingambit, L50, F|\n|poke|p2|Arcanine-Hisui, L50, F|\n|poke|p2|Charizard, L50, M, shiny|\n|poke|p2|Whimsicott, L50, F, shiny|\n|teampreview|4\n|inactive|Battle timer is ON: inactive players will automatically lose when time's up. (requested by invertedF)\n|inactive|a123as also wants the timer to be on.\n|inactive|a123as has 60 seconds left.\n|inactive|invertedF has 60 seconds left.\n|\n|t:|1788430573\n|teamsize|p1|4\n|teamsize|p2|4\n|start\n|switch|p1a: Espathra|Espathra, L50, F|100/100\n|switch|p1b: Scovillain|Scovillain, L50, F|100/100\n|switch|p2a: Sneasler|Sneasler, L50, M|100/100\n|switch|p2b: Whimsicott|Whimsicott, L50, F, shiny|100/100\n|turn|1\n|inactive|a123as has 30 seconds left.\n|inactive|a123as has 20 seconds left.\n|inactive|a123as has 15 seconds left.\n|inactive|a123as has 10 seconds left.\n|inactive|a123as has 5 seconds left.\n|\n|t:|1788430626\n|switch|p1b: Archaludon|Archaludon, L50, M|100/100\n|move|p2b: Whimsicott|Protect|p2b: Whimsicott\n|-singleturn|p2b: Whimsicott|Protect\n|move|p2a: Sneasler|Dire Claw|p1b: Archaludon\n|-immune|p1b: Archaludon\n|move|p1a: Espathra|Lumina Crash|p2b: Whimsicott\n|-activate|p2b: Whimsicott|move: Protect\n|\n|-ability|p1a: Espathra|Speed Boost|boost\n|-boost|p1a: Espathra|spe|1\n|upkeep\n|turn|2\n|inactive|a123as has 30 seconds left.\n|inactive|invertedF has 30 seconds left.\n|\n|t:|1788430657\n|move|p1b: Archaludon|Protect|p1b: Archaludon\n|-singleturn|p1b: Archaludon|Protect\n|move|p2b: Whimsicott|Tailwind|p2b: Whimsicott\n|-sidestart|p2: invertedF|move: Tailwind\n|move|p2a: Sneasler|Close Combat|p1b: Archaludon\n|-activate|p1b: Archaludon|move: Protect\n|move|p1a: Espathra|Lumina Crash|p2a: Sneasler\n|-supereffective|p2a: Sneasler|2\n|-enditem|p2a: Sneasler|Focus Sash\n|-damage|p2a: Sneasler|1/100\n|-unboost|p2a: Sneasler|spd|2\n|\n|-ability|p1a: Espathra|Speed Boost|boost\n|-boost|p1a: Espathra|spe|1\n|upkeep\n|turn|3\n|inactive|a123as has 30 seconds left.\n|\n|t:|1788430688\n|switch|p2a: Kingambit|Kingambit, L50, F|100/100\n|switch|p1b: Milotic|Milotic, L50, F|100/100\n|move|p2b: Whimsicott|Moonblast|p1a: Espathra\n|-damage|p1a: Espathra|49/100\n|move|p1a: Espathra|Lumina Crash|p2a: Kingambit\n|-immune|p2a: Kingambit\n|\n|-ability|p1a: Espathra|Speed Boost|boost\n|-boost|p1a: Espathra|spe|1\n|upkeep\n|turn|4\n|\n|t:|1788430705\n|move|p2b: Whimsicott|Protect|p2b: Whimsicott\n|-singleturn|p2b: Whimsicott|Protect\n|move|p1a: Espathra|Baton Pass|p1a: Espathra\n|\n|t:|1788430715\n|switch|p1a: Archaludon|Archaludon, L50, M|100/100|[from] Baton Pass\n|move|p2a: Kingambit|Kowtow Cleave|p1a: Archaludon\n|-damage|p1a: Archaludon|62/100\n|-ability|p1a: Archaludon|Stamina|boost\n|-boost|p1a: Archaludon|def|1\n|move|p1b: Milotic|Scald|p2b: Whimsicott\n|-activate|p2b: Whimsicott|move: Protect\n|\n|-heal|p1a: Archaludon|69/100|[from] item: Leftovers\n|upkeep\n|turn|5\n|\n|t:|1788430739\n|move|p2b: Whimsicott|Moonblast|p1b: Milotic\n|-damage|p1b: Milotic|77/100\n|move|p1a: Archaludon|Flash Cannon|p2b: Whimsicott\n|-supereffective|p2b: Whimsicott|1\n|-damage|p2b: Whimsicott|0 fnt\n|faint|p2b: Whimsicott\n|move|p2a: Kingambit|Kowtow Cleave|p1b: Milotic\n|-damage|p1b: Milotic|39/100\n|-enditem|p1b: Milotic|Sitrus Berry|[eat]\n|-heal|p1b: Milotic|64/100|[from] item: Sitrus Berry\n|move|p1b: Milotic|Scald|p2a: Kingambit\n|-damage|p2a: Kingambit|75/100\n|-status|p2a: Kingambit|brn\n|\n|-heal|p1a: Archaludon|75/100|[from] item: Leftovers\n|-damage|p2a: Kingambit|69/100 brn|[from] brn\n|-sideend|p2: invertedF|move: Tailwind\n|upkeep\n|\n|t:|1788430747\n|switch|p2b: Sneasler|Sneasler, L50, M|1/100\n|turn|6\n|inactive|a123as has 30 seconds left.\n|\n|t:|1788430776\n|move|p2b: Sneasler|Fake Out|p1b: Milotic\n|-damage|p1b: Milotic|52/100\n|move|p1a: Archaludon|Dragon Pulse|p2b: Sneasler\n|-damage|p2b: Sneasler|0 fnt\n|faint|p2b: Sneasler\n|cant|p1b: Milotic|flinch\n|move|p2a: Kingambit|Kowtow Cleave|p1b: Milotic\n|-damage|p1b: Milotic|32/100\n|\n|-heal|p1a: Archaludon|81/100|[from] item: Leftovers\n|-damage|p2a: Kingambit|63/100 brn|[from] brn\n|upkeep\n|\n|t:|1788430779\n|switch|p2b: Garchomp|Garchomp, L50, F|100/100\n|turn|7\n|\n|t:|1788430789\n|move|p1a: Archaludon|Dragon Pulse|p2b: Garchomp\n|-supereffective|p2b: Garchomp|1\n|-damage|p2b: Garchomp|17/100\n|move|p2b: Garchomp|Stomping Tantrum|p1a: Archaludon\n|-supereffective|p1a: Archaludon|1\n|-damage|p1a: Archaludon|33/100\n|-ability|p1a: Archaludon|Stamina|boost\n|-boost|p1a: Archaludon|def|1\n|-damage|p2b: Garchomp|8/100|[from] item: Life Orb\n|move|p1b: Milotic|Life Dew|p1b: Milotic|[spread] p1a,p1b\n|-heal|p1a: Archaludon|58/100\n|-heal|p1b: Milotic|57/100\n|move|p2a: Kingambit|Kowtow Cleave|p1b: Milotic\n|-damage|p1b: Milotic|36/100\n|\n|-heal|p1a: Archaludon|64/100|[from] item: Leftovers\n|-damage|p2a: Kingambit|57/100 brn|[from] brn\n|upkeep\n|turn|8\n|\n|t:|1788430810\n|move|p2b: Garchomp|Protect|p2b: Garchomp\n|-singleturn|p2b: Garchomp|Protect\n|move|p1a: Archaludon|Dragon Pulse|p2b: Garchomp\n|-activate|p2b: Garchomp|move: Protect\n|move|p1b: Milotic|Life Dew|p1b: Milotic|[spread] p1a,p1b\n|-heal|p1a: Archaludon|89/100\n|-heal|p1b: Milotic|61/100\n|move|p2a: Kingambit|Kowtow Cleave|p1a: Archaludon\n|-damage|p1a: Archaludon|79/100\n|-ability|p1a: Archaludon|Stamina|boost\n|-boost|p1a: Archaludon|def|1\n|\n|-heal|p1a: Archaludon|85/100|[from] item: Leftovers\n|-damage|p2a: Kingambit|51/100 brn|[from] brn\n|upkeep\n|turn|9\n|\n|t:|1788430822\n|move|p2b: Garchomp|Protect||[still]\n|-fail|p2b: Garchomp\n|move|p1a: Archaludon|Dragon Pulse|p2b: Garchomp\n|-supereffective|p2b: Garchomp|1\n|-damage|p2b: Garchomp|0 fnt\n|faint|p2b: Garchomp\n|move|p1b: Milotic|Life Dew|p1b: Milotic|[spread] p1a,p1b\n|-heal|p1a: Archaludon|100/100\n|-heal|p1b: Milotic|86/100\n|move|p2a: Kingambit|Kowtow Cleave|p1a: Archaludon\n|-damage|p1a: Archaludon|91/100\n|-ability|p1a: Archaludon|Stamina|boost\n|-boost|p1a: Archaludon|def|1\n|\n|-heal|p1a: Archaludon|97/100|[from] item: Leftovers\n|-damage|p2a: Kingambit|45/100 brn|[from] brn\n|upkeep\n|turn|10\n|-message|invertedF forfeited.\n|\n|win|a123as\n|raw|a123as's rating: 1520 &rarr; <strong>1546</strong><br />(+26 for winning)\n|raw|invertedF's rating: 1621 &rarr; <strong>1595</strong><br />(-26 for losing)\n|l|☆invertedF\n|player|p2|\n","uploadtime":1788430840,"views":"4","formatid":"gen9championsvgc2026regmb","rating":1546,"private":0,"password":null}