{"id":"gen9championsvgc2026regmb-2674982509","format":"[Gen 9 Champions] VGC 2026 Reg M-B","players":["manauser_12","Aleber0991"],"log":"|j|☆manauser_12\n|j|☆Aleber0991\n|t:|1788445055\n|gametype|doubles\n|player|p1|manauser_12|102|1097\n|player|p2|Aleber0991|ruinmaniac|1096\n|gen|9\n|tier|[Gen 9 Champions] VGC 2026 Reg M-B\n|rated|\n|rule|Species Clause: Limit one of each Pokémon\n|rule|Item Clause: Limit 1 of each item\n|clearpoke\n|poke|p1|Abomasnow, L50, M|\n|poke|p1|Weavile, L50, F|\n|poke|p1|Starmie, L50|\n|poke|p1|Barbaracle, L50, M|\n|poke|p1|Gardevoir, L50, F|\n|poke|p1|Luxray, L50, F|\n|poke|p2|Serperior, L50, F|\n|poke|p2|Charizard, L50, M|\n|poke|p2|Garchomp, L50, M|\n|poke|p2|Sneasler, L50, F|\n|poke|p2|Rotom-Wash, L50|\n|poke|p2|Whimsicott, L50, M|\n|teampreview|4\n|inactive|Battle timer is ON: inactive players will automatically lose when time's up. (requested by Aleber0991)\n|inactive|manauser_12 also wants the timer to be on.\n|\n|t:|1788445076\n|teamsize|p1|4\n|teamsize|p2|4\n|start\n|switch|p1a: Barbaracle|Barbaracle, L50, M|100/100\n|switch|p1b: Luxray|Luxray, L50, F|100/100\n|switch|p2a: Sneasler|Sneasler, L50, F|100/100\n|switch|p2b: Charizard|Charizard, L50, M|100/100\n|-ability|p1b: Luxray|Intimidate|boost\n|-unboost|p2a: Sneasler|atk|1\n|-unboost|p2b: Charizard|atk|1\n|turn|1\n|inactive|Aleber0991 has 30 seconds left.\n|\n|t:|1788445105\n|switch|p2b: Garchomp|Garchomp, L50, M|100/100\n|move|p1a: Barbaracle|Protect|p1a: Barbaracle\n|-singleturn|p1a: Barbaracle|Protect\n|move|p2a: Sneasler|Close Combat|p1a: Barbaracle\n|-activate|p1a: Barbaracle|move: Protect\n|move|p1b: Luxray|Electroweb|p2a: Sneasler|[spread] p2a\n|-immune|p2b: Garchomp\n|-damage|p2a: Sneasler|80/100\n|-unboost|p2a: Sneasler|spe|1\n|\n|upkeep\n|turn|2\n|inactive|manauser_12 has 30 seconds left.\n|\n|t:|1788445140\n|switch|p1a: Starmie|Starmie, L50|100/100\n|switch|p2a: Charizard|Charizard, L50, M|100/100\n|move|p1b: Luxray|Protect|p1b: Luxray\n|-singleturn|p1b: Luxray|Protect\n|move|p2b: Garchomp|Stomping Tantrum|p1b: Luxray\n|-activate|p1b: Luxray|move: Protect\n|\n|upkeep\n|turn|3\n|inactive|manauser_12 has 30 seconds left.\n|inactive|Aleber0991 has 30 seconds left.\n|\n|t:|1788445173\n|switch|p2b: Sneasler|Sneasler, L50, F|80/100\n|detailschange|p2a: Charizard|Charizard-Mega-Y, L50, M\n|-mega|p2a: Charizard|Charizard|Charizardite Y\n|-weather|SunnyDay|[from] ability: Drought|[of] p2a: Charizard\n|move|p1b: Luxray|Helping Hand|p1a: Starmie\n|-singleturn|p1a: Starmie|Helping Hand|[of] p1b: Luxray\n|move|p2a: Charizard|Protect|p2a: Charizard\n|-singleturn|p2a: Charizard|Protect\n|move|p1a: Starmie|Hydro Pump|p2b: Sneasler\n|-damage|p2b: Sneasler|11/100\n|-damage|p1a: Starmie|90/100|[from] item: Life Orb\n|\n|-weather|SunnyDay|[upkeep]\n|upkeep\n|turn|4\n|\n|t:|1788445195\n|move|p1a: Starmie|Protect|p1a: Starmie\n|-singleturn|p1a: Starmie|Protect\n|move|p2b: Sneasler|Fake Out|p1b: Luxray\n|-damage|p1b: Luxray|77/100\n|-damage|p2b: Sneasler|1/100|[from] item: Life Orb\n|move|p2a: Charizard|Solar Beam||[still]\n|-prepare|p2a: Charizard|Solar Beam\n|-anim|p2a: Charizard|Solar Beam|p1a: Starmie\n|-activate|p1a: Starmie|move: Protect\n|cant|p1b: Luxray|flinch\n|\n|-weather|SunnyDay|[upkeep]\n|upkeep\n|turn|5\n|inactive|Aleber0991 has 30 seconds left.\n|\n|t:|1788445229\n|move|p2a: Charizard|Protect|p2a: Charizard\n|-singleturn|p2a: Charizard|Protect\n|move|p2b: Sneasler|Dire Claw|p1b: Luxray\n|-damage|p1b: Luxray|18/100\n|-damage|p2b: Sneasler|0 fnt|[from] item: Life Orb\n|faint|p2b: Sneasler\n|move|p1a: Starmie|Thunderbolt|p2a: Charizard\n|-activate|p2a: Charizard|move: Protect\n|move|p1b: Luxray|Electroweb|p2a: Charizard\n|-activate|p2a: Charizard|move: Protect\n|\n|-weather|SunnyDay|[upkeep]\n|upkeep\n|\n|t:|1788445247\n|switch|p2b: Serperior|Serperior, L50, F|100/100\n|turn|6\n|\n|t:|1788445261\n|move|p1b: Luxray|Helping Hand|p1a: Starmie\n|-singleturn|p1a: Starmie|Helping Hand|[of] p1b: Luxray\n|move|p1a: Starmie|Thunderbolt|p2a: Charizard\n|-supereffective|p2a: Charizard|1\n|-damage|p2a: Charizard|0 fnt\n|faint|p2a: Charizard\n|-damage|p1a: Starmie|81/100|[from] item: Life Orb\n|move|p2b: Serperior|Leaf Storm|p1b: Luxray\n|-damage|p1b: Luxray|0 fnt\n|-boost|p2b: Serperior|spa|2\n|faint|p1b: Luxray\n|\n|-weather|SunnyDay|[upkeep]\n|upkeep\n|\n|t:|1788445276\n|switch|p2a: Garchomp|Garchomp, L50, M|100/100\n|switch|p1b: Gardevoir|Gardevoir, L50, F|100/100\n|turn|7\n|\n|t:|1788445291\n|detailschange|p1b: Gardevoir|Gardevoir-Mega, L50, F\n|-mega|p1b: Gardevoir|Gardevoir|Gardevoirite\n|move|p2a: Garchomp|Protect|p2a: Garchomp\n|-singleturn|p2a: Garchomp|Protect\n|move|p1b: Gardevoir|Protect|p1b: Gardevoir\n|-singleturn|p1b: Gardevoir|Protect\n|move|p1a: Starmie|Psychic|p2b: Serperior\n|-damage|p2b: Serperior|36/100\n|-damage|p1a: Starmie|71/100|[from] item: Life Orb\n|move|p2b: Serperior|Leaf Storm|p1b: Gardevoir\n|-activate|p1b: Gardevoir|move: Protect\n|\n|-weather|none\n|upkeep\n|turn|8\n|\n|t:|1788445313\n|move|p1a: Starmie|Psychic|p2b: Serperior\n|-damage|p2b: Serperior|0 fnt\n|faint|p2b: Serperior\n|-damage|p1a: Starmie|62/100|[from] item: Life Orb\n|move|p2a: Garchomp|Rock Slide|p1b: Gardevoir|[spread] p1a,p1b\n|-damage|p1a: Starmie|32/100\n|-damage|p1b: Gardevoir|64/100\n|move|p1b: Gardevoir|Hyper Voice|p2a: Garchomp\n|-supereffective|p2a: Garchomp|1\n|-enditem|p2a: Garchomp|Roseli Berry|[eat]\n|-enditem|p2a: Garchomp|Roseli Berry|[weaken]\n|-damage|p2a: Garchomp|28/100\n|\n|upkeep\n|turn|9\n|-message|Aleber0991 forfeited.\n|\n|win|manauser_12\n|raw|manauser_12's rating: 1097 &rarr; <strong>1122</strong><br />(+25 for winning)\n|raw|Aleber0991's rating: 1096 &rarr; <strong>1072</strong><br />(-24 for losing)\n|l|☆Aleber0991\n|player|p2|\n","uploadtime":1788445333,"views":"3","formatid":"gen9championsvgc2026regmb","rating":1072,"private":0,"password":null}