{"id":"gen9championsvgc2026regmbbo3-2673722445","format":"[Gen 9 Champions] VGC 2026 Reg M-B (Bo3)","players":["w0rms4f1ng3rs","Jorgitomyte331"],"log":"|j|☆w0rms4f1ng3rs\n|j|☆Jorgitomyte331\n|html|<table width=\"100%\"><tr><td align=\"left\">w0rms4f1ng3rs</td><td align=\"right\">Jorgitomyte331</tr><tr><td align=\"left\"><i class=\"fa fa-circle-o\"></i> <i class=\"fa fa-circle-o\"></i> </td><td align=\"right\"><i class=\"fa fa-circle-o\"></i> <i class=\"fa fa-circle\"></i> </tr></table>\n|uhtml|bestof|<h2><strong>Game 2</strong> of <a href=\"/game-bestof3-gen9championsvgc2026regmbbo3-2673721684\">a best-of-3</a></h2>\n|t:|1788240686\n|gametype|doubles\n|player|p1|w0rms4f1ng3rs|zinzolin|1143\n|player|p2|Jorgitomyte331|silver|1407\n|gen|9\n|tier|[Gen 9 Champions] VGC 2026 Reg M-B (Bo3)\n|rated|\n|rule|Species Clause: Limit one of each Pokémon\n|rule|Item Clause: Limit 1 of each item\n|clearpoke\n|poke|p1|Charizard, L50, M, shiny|\n|poke|p1|Whimsicott, L50, F|\n|poke|p1|Kingambit, L50, M|\n|poke|p1|Basculegion, L50, M|\n|poke|p1|Garchomp, L50, F|\n|poke|p1|Floette-Eternal, L50, F|\n|poke|p2|Tsareena, L50, F|\n|poke|p2|Kingambit, L50, F|\n|poke|p2|Sylveon, L50, M|\n|poke|p2|Aerodactyl, L50, F|\n|poke|p2|Raichu, L50, F|\n|poke|p2|Sneasler, L50, M|\n|teampreview|4\n|showteam|p1|Charizard||CharizarditeY|Blaze|HeatWave,WeatherBall,SolarBeam,Protect|Modest||M|||50|]Whimsicott||FocusSash|Prankster|Moonblast,Encore,Tailwind,Protect|Timid||F|||50|]Kingambit||OccaBerry|Defiant|KowtowCleave,SuckerPunch,IronHead,LowKick|Adamant||M|||50|]Basculegion||MysticWater|Adaptability|WaveCrash,LastRespects,AquaJet,Protect|Adamant||M|||50|]Garchomp||LifeOrb|RoughSkin|Earthquake,DragonClaw,RockSlide,Protect|Jolly||F|||50|]Floette-Eternal||Floettite|FlowerVeil|Moonblast,DazzlingGleam,LightofRuin,Protect|Timid||F|||50|\n|showteam|p2|Tsareena||FocusSash|QueenlyMajesty|PowerWhip,LowKick,TripleAxel,Protect|Jolly||F|||50|]Kingambit||LifeOrb|Defiant|KowtowCleave,SuckerPunch,SwordsDance,Protect|Adamant||F|||50|]Sylveon||FairyFeather|Pixilate|HyperVoice,Yawn,HyperBeam,Detect|Modest||M|||50|]Aerodactyl||Aerodactylite|Unnerve|DualWingbeat,RockSlide,Tailwind,Protect|Jolly||F|||50|]Raichu||RaichuniteY|LightningRod|ZapCannon,FocusBlast,FakeOut,Protect|Timid||F|||50|]Sneasler||WhiteHerb|Unburden|FakeOut,CloseCombat,DireClaw,Protect|Jolly||M|||50|\n|\n|t:|1788240707\n|teamsize|p1|4\n|teamsize|p2|4\n|start\n|switch|p1a: Garchomp|Garchomp, L50, F|100/100\n|switch|p1b: Whimsicott|Whimsicott, L50, F|100/100\n|switch|p2a: Aerodactyl|Aerodactyl, L50, F|100/100\n|switch|p2b: Kingambit|Kingambit, L50, F|100/100\n|-ability|p2a: Aerodactyl|Unnerve\n|turn|1\n|\n|t:|1788240717\n|move|p1b: Whimsicott|Tailwind|p1b: Whimsicott\n|-sidestart|p1: w0rms4f1ng3rs|move: Tailwind\n|move|p1a: Garchomp|Earthquake|p2a: Aerodactyl|[spread] p1b,p2b\n|-immune|p2a: Aerodactyl\n|-resisted|p1b: Whimsicott|1\n|-supereffective|p2b: Kingambit|1\n|-damage|p1b: Whimsicott|62/100\n|-damage|p2b: Kingambit|20/100y\n|-damage|p1a: Garchomp|90/100|[from] item: Life Orb\n|move|p2a: Aerodactyl|Dual Wingbeat|p1b: Whimsicott\n|-supereffective|p1b: Whimsicott|1\n|-damage|p1b: Whimsicott|5/100\n|-supereffective|p1b: Whimsicott|1\n|-damage|p1b: Whimsicott|0 fnt\n|faint|p1b: Whimsicott\n|-hitcount|p1: Whimsicott|2\n|move|p2b: Kingambit|Swords Dance|p2b: Kingambit\n|-boost|p2b: Kingambit|atk|2\n|\n|upkeep\n|\n|t:|1788240725\n|switch|p1b: Basculegion|Basculegion, L50, M|100/100\n|turn|2\n|\n|t:|1788240733\n|switch|p2a: Tsareena|Tsareena, L50, F|100/100\n|move|p1b: Basculegion|Aqua Jet||[still]\n|cant|p2a: Tsareena|ability: Queenly Majesty|Aqua Jet|[of] p1b: Basculegion\n|move|p2b: Kingambit|Sucker Punch|p1a: Garchomp\n|-damage|p1a: Garchomp|0 fnt\n|-damage|p2b: Kingambit|8/100|[from] ability: Rough Skin|[of] p1a: Garchomp\n|faint|p1a: Garchomp\n|-damage|p2b: Kingambit|0 fnt|[from] item: Life Orb\n|faint|p2b: Kingambit\n|\n|upkeep\n|\n|t:|1788240744\n|switch|p1a: Floette|Floette-Eternal, L50, F|100/100\n|switch|p2b: Raichu|Raichu, L50, F|100/100\n|turn|3\n|\n|t:|1788240759\n|detailschange|p1a: Floette|Floette-Mega, L50, F\n|-mega|p1a: Floette|Floette|Floettite\n|-ability|p1a: Floette|Fairy Aura\n|move|p1a: Floette|Protect|p1a: Floette\n|-singleturn|p1a: Floette|Protect\n|move|p1b: Basculegion|Protect|p1b: Basculegion\n|-singleturn|p1b: Basculegion|Protect\n|move|p2b: Raichu|Protect|p2b: Raichu\n|-singleturn|p2b: Raichu|Protect\n|move|p2a: Tsareena|Power Whip|p1b: Basculegion\n|-activate|p1b: Basculegion|move: Protect\n|\n|upkeep\n|turn|4\n|\n|t:|1788240781\n|switch|p2b: Aerodactyl|Aerodactyl, L50, F|100/100\n|-ability|p2b: Aerodactyl|Unnerve\n|move|p2a: Tsareena|Protect|p2a: Tsareena\n|-singleturn|p2a: Tsareena|Protect\n|move|p1a: Floette|Moonblast|p2b: Aerodactyl\n|-damage|p2b: Aerodactyl|1/100\n|move|p1b: Basculegion|Last Respects|p2a: Tsareena\n|-activate|p2a: Tsareena|move: Protect\n|\n|-sideend|p1: w0rms4f1ng3rs|move: Tailwind\n|upkeep\n|turn|5\n|\n|t:|1788240796\n|move|p2b: Aerodactyl|Rock Slide|p1a: Floette|[spread] p1a,p1b\n|-damage|p1a: Floette|71/100\n|-damage|p1b: Basculegion|73/100\n|cant|p1a: Floette|flinch\n|move|p2a: Tsareena|Power Whip|p1b: Basculegion\n|-supereffective|p1b: Basculegion|1\n|-damage|p1b: Basculegion|0 fnt\n|faint|p1b: Basculegion\n|\n|upkeep\n|turn|6\n|\n|t:|1788240806\n|move|p2b: Aerodactyl|Rock Slide|p1a: Floette\n|-damage|p1a: Floette|31/100\n|cant|p1a: Floette|flinch\n|move|p2a: Tsareena|Power Whip|p1a: Floette\n|-damage|p1a: Floette|0 fnt\n|faint|p1a: Floette\n|\n|win|Jorgitomyte331\n|raw|w0rms4f1ng3rs's rating: 1143 &rarr; <strong>1134</strong><br />(-9 for losing)\n|raw|Jorgitomyte331's rating: 1407 &rarr; <strong>1414</strong><br />(+7 for winning)\n","uploadtime":1788240806,"views":"1","formatid":"gen9championsvgc2026regmbbo3","rating":1134,"private":0,"password":null}