{"id":"gen9championsvgc2026regmb-2673866877","format":"[Gen 9 Champions] VGC 2026 Reg M-B","players":["Thornlace48812","Andnd"],"log":"|j|☆Thornlace48812\n|j|☆Andnd\n|t:|1788270637\n|gametype|doubles\n|player|p1|Thornlace48812|102|1104\n|player|p2|Andnd|brycen|1098\n|gen|9\n|tier|[Gen 9 Champions] VGC 2026 Reg M-B\n|rated|\n|rule|Species Clause: Limit one of each Pokémon\n|rule|Item Clause: Limit 1 of each item\n|clearpoke\n|poke|p1|Garchomp, L50, F|\n|poke|p1|Charizard, L50, M|\n|poke|p1|Whimsicott, L50, M|\n|poke|p1|Sylveon, L50, F|\n|poke|p1|Kingambit, L50, M|\n|poke|p1|Basculegion, L50, M|\n|poke|p2|Gengar, L50, F, shiny|\n|poke|p2|Incineroar, L50, M|\n|poke|p2|Politoed, L50, F|\n|poke|p2|Sinistcha, L50|\n|poke|p2|Hawlucha, L50, F, shiny|\n|poke|p2|Snorlax, L50, M|\n|teampreview|4\n|inactive|Battle timer is ON: inactive players will automatically lose when time's up. (requested by Thornlace48812)\nThornlace48812 rejected open team sheets.\n|inactive|Andnd has 60 seconds left.\n|\n|t:|1788270668\n|teamsize|p1|4\n|teamsize|p2|4\n|start\n|switch|p1a: Sylveon|Sylveon, L50, F|100/100\n|switch|p1b: Basculegion|Basculegion, L50, M|100/100\n|switch|p2a: Gengar|Gengar, L50, F, shiny|100/100\n|switch|p2b: Incineroar|Incineroar, L50, M|100/100\n|-ability|p2b: Incineroar|Intimidate|boost\n|-unboost|p1a: Sylveon|atk|1\n|-unboost|p1b: Basculegion|atk|1\n|turn|1\n|\n|t:|1788270679\n|detailschange|p2a: Gengar|Gengar-Mega, L50, F, shiny\n|-mega|p2a: Gengar|Gengar|Gengarite\n|move|p2b: Incineroar|Fake Out|p1a: Sylveon\n|-damage|p1a: Sylveon|87/100\n|move|p2a: Gengar|Shadow Ball|p1b: Basculegion\n|-supereffective|p1b: Basculegion|1\n|-damage|p1b: Basculegion|9/100\n|move|p1b: Basculegion|Last Respects|p2a: Gengar\n|-supereffective|p2a: Gengar|1\n|-damage|p2a: Gengar|44/100\n|cant|p1a: Sylveon|flinch\n|\n|upkeep\n|turn|2\n|\n|t:|1788270691\n|move|p2a: Gengar|Shadow Ball|p1b: Basculegion\n|-supereffective|p1b: Basculegion|1\n|-damage|p1b: Basculegion|0 fnt\n|faint|p1b: Basculegion\n|move|p1a: Sylveon|Hyper Voice|p2a: Gengar|[spread] p2a,p2b\n|-resisted|p2a: Gengar|1\n|-damage|p2a: Gengar|16/100\n|-damage|p2b: Incineroar|60/100\n|move|p2b: Incineroar|Parting Shot|p1a: Sylveon\n|-unboost|p1a: Sylveon|atk|1\n|-unboost|p1a: Sylveon|spa|1\n|\n|t:|1788270697\n|switch|p2b: Sinistcha|Sinistcha, L50|100/100|[from] Parting Shot\n|-heal|p2a: Gengar|41/100|[from] ability: Hospitality|[of] p2b: Sinistcha\n|\n|upkeep\n|\n|t:|1788270697\n|switch|p1b: Garchomp|Garchomp, L50, F|100/100\n|turn|3\n|\n|t:|1788270708\n|move|p2a: Gengar|Protect|p2a: Gengar\n|-singleturn|p2a: Gengar|Protect\n|move|p1b: Garchomp|Rock Slide|p2a: Gengar|[spread] p2b\n|-activate|p2a: Gengar|move: Protect\n|-damage|p2b: Sinistcha|80/100\n|-damage|p1b: Garchomp|90/100|[from] item: Life Orb\n|move|p1a: Sylveon|Hyper Voice|p2b: Sinistcha|[spread] p2b\n|-activate|p2a: Gengar|move: Protect\n|-damage|p2b: Sinistcha|47/100\n|move|p2b: Sinistcha|Matcha Gotcha|p1a: Sylveon|[spread] p1a,p1b\n|-damage|p1a: Sylveon|68/100\n|-heal|p2b: Sinistcha|57/100|[from] drain|[of] p1a: Sylveon\n|-damage|p1b: Garchomp|64/100\n|-heal|p2b: Sinistcha|70/100|[from] drain|[of] p1b: Garchomp\n|\n|upkeep\n|turn|4\n|\n|t:|1788270731\n|switch|p2a: Incineroar|Incineroar, L50, M|60/100\n|-ability|p2a: Incineroar|Intimidate|boost\n|-unboost|p1a: Sylveon|atk|1\n|-unboost|p1b: Garchomp|atk|1\n|move|p1b: Garchomp|Rock Slide|p2b: Sinistcha|[spread] p2a,p2b\n|-supereffective|p2a: Incineroar|1\n|-crit|p2a: Incineroar\n|-damage|p2a: Incineroar|0 fnt\n|-damage|p2b: Sinistcha|56/100\n|faint|p2a: Incineroar\n|-damage|p1b: Garchomp|54/100|[from] item: Life Orb\n|move|p1a: Sylveon|Hyper Voice|p2b: Sinistcha\n|-damage|p2b: Sinistcha|11/100\n|move|p2b: Sinistcha|Matcha Gotcha|p1b: Garchomp|[spread] p1a,p1b\n|-damage|p1a: Sylveon|50/100y\n|-heal|p2b: Sinistcha|20/100y|[from] drain|[of] p1a: Sylveon\n|-damage|p1b: Garchomp|25/100\n|-heal|p2b: Sinistcha|35/100|[from] drain|[of] p1b: Garchomp\n|\n|upkeep\n|inactive|Andnd has 30 seconds left.\n|\n|t:|1788270765\n|switch|p2a: Gengar|Gengar-Mega, L50, F, shiny|41/100\n|turn|5\n|\n|t:|1788270773\n|move|p2a: Gengar|Protect|p2a: Gengar\n|-singleturn|p2a: Gengar|Protect\n|move|p1b: Garchomp|Rock Slide|p2a: Gengar|[spread] p2b\n|-activate|p2a: Gengar|move: Protect\n|-damage|p2b: Sinistcha|23/100\n|-damage|p1b: Garchomp|15/100|[from] item: Life Orb\n|move|p1a: Sylveon|Hyper Voice|p2a: Gengar|[spread] p2b\n|-activate|p2a: Gengar|move: Protect\n|-damage|p2b: Sinistcha|0 fnt\n|faint|p2b: Sinistcha\n|\n|upkeep\n|inactive|Andnd has 30 seconds left.\n|inactive|Andnd has 20 seconds left.\n|inactive|Andnd has 15 seconds left.\n|\n|t:|1788270816\n|switch|p2b: Politoed|Politoed, L50, F|100/100\n|-weather|RainDance|[from] ability: Drizzle|[of] p2b: Politoed\n|turn|6\n|\n|t:|1788270820\n|move|p2a: Gengar|Protect||[still]\n|-fail|p2a: Gengar\n|move|p1b: Garchomp|Rock Slide|p2a: Gengar|[spread] p2a,p2b\n|-damage|p2a: Gengar|19/100\n|-damage|p2b: Politoed|83/100\n|-damage|p1b: Garchomp|5/100|[from] item: Life Orb\n|move|p1a: Sylveon|Hyper Voice|p2a: Gengar|[spread] p2a,p2b\n|-resisted|p2a: Gengar|1\n|-damage|p2a: Gengar|2/100\n|-damage|p2b: Politoed|57/100\n|move|p2b: Politoed|Weather Ball|p1b: Garchomp\n|-damage|p1b: Garchomp|0 fnt\n|faint|p1b: Garchomp\n|\n|-weather|RainDance|[upkeep]\n|upkeep\n|\n|t:|1788270820\n|switch|p1b: Charizard|Charizard, L50, M|100/100\n|turn|7\n|-message|Andnd forfeited.\n|\n|win|Thornlace48812\n|raw|Thornlace48812's rating: 1041 &rarr; <strong>1080</strong><br />(+39 for winning)\n|raw|Andnd's rating: 1098 &rarr; <strong>1069</strong><br />(-29 for losing)\n","uploadtime":1788270641,"views":"0","formatid":"gen9championsvgc2026regmb","rating":1069,"private":0,"password":null}