{"id":"gen9championsvgc2026regmbbo3-2674112042","format":"[Gen 9 Champions] VGC 2026 Reg M-B (Bo3)","players":["gurupatak","Pyos"],"log":"|j|☆gurupatak\n|j|☆Pyos\n|html|<table width=\"100%\"><tr><td align=\"left\">gurupatak</td><td align=\"right\">Pyos</tr><tr><td align=\"left\"><i class=\"fa fa-circle-o\"></i> <i class=\"fa fa-circle-o\"></i> </td><td align=\"right\"><i class=\"fa fa-circle-o\"></i> <i class=\"fa fa-circle\"></i> </tr></table>\n|uhtml|bestof|<h2><strong>Game 2</strong> of <a href=\"/game-bestof3-gen9championsvgc2026regmbbo3-2674110399\">a best-of-3</a></h2>\n|t:|1788300830\n|gametype|doubles\n|player|p1|gurupatak|266|1323\n|player|p2|Pyos|tulip|1575\n|gen|9\n|tier|[Gen 9 Champions] VGC 2026 Reg M-B (Bo3)\n|rated|\n|rule|Species Clause: Limit one of each Pokémon\n|rule|Item Clause: Limit 1 of each item\n|clearpoke\n|poke|p1|Tyranitar, L50, F|\n|poke|p1|Garchomp, L50, M|\n|poke|p1|Corviknight, L50, F|\n|poke|p1|Rotom-Wash, L50|\n|poke|p1|Incineroar, L50, M|\n|poke|p1|Clefable, L50, M|\n|poke|p2|Scovillain, L50, M, shiny|\n|poke|p2|Basculegion, L50, M|\n|poke|p2|Kingambit, L50, M|\n|poke|p2|Sneasler, L50, M|\n|poke|p2|Lycanroc-Dusk, L50, M|\n|poke|p2|Froslass, L50, F|\n|teampreview|4\n|showteam|p1|Tyranitar||Tyranitarite|SandStream|KnockOff,RockSlide,DragonDance,Protect|Jolly||F|||50|]Garchomp||ChoiceScarf|RoughSkin|DragonClaw,Earthquake,StompingTantrum,RockSlide|Jolly||M|||50|]Corviknight||Leftovers|MirrorArmor|BulkUp,BraveBird,Tailwind,Protect|Careful||F|||50|]Rotom-Wash||Magnet|Levitate|Protect,HydroPump,Thunderbolt,VoltSwitch|Modest|||||50|]Incineroar||ChopleBerry|Intimidate|FakeOut,PartingShot,FlareBlitz,ThroatChop|Careful||M|||50|]Clefable||SitrusBerry|Unaware|FollowMe,Moonblast,LifeDew,Protect|Bold||M|||50|\n|showteam|p2|Scovillain||Scovillainite|Moody|GigaDrain,Overheat,RagePowder,Protect|Bold||M|||50|]Basculegion||LifeOrb|Adaptability|WaveCrash,LastRespects,AquaJet,Protect|Adamant||M|||50|]Kingambit||BlackGlasses|Defiant|KowtowCleave,SuckerPunch,SwordsDance,Protect|Adamant||M|||50|]Sneasler||WhiteHerb|Unburden|CloseCombat,DireClaw,Protect,FakeOut|Adamant||M|||50|]Lycanroc-Dusk||FocusSash|ToughClaws|CloseCombat,Accelerock,RockSlide,Protect|Adamant||M|||50|]Froslass||Froslassite|CursedBody|Blizzard,ShadowBall,AuroraVeil,Protect|Timid||F|||50|\n|inactive|Battle timer is ON: inactive players will automatically lose when time's up. (requested by gurupatak)\n|inactive|Pyos has 60 seconds left.\n|\n|t:|1788300891\n|teamsize|p1|4\n|teamsize|p2|4\n|start\n|switch|p1a: Rotom|Rotom-Wash, L50|100/100\n|switch|p1b: Corviknight|Corviknight, L50, F|100/100\n|switch|p2a: Sneasler|Sneasler, L50, M|100/100\n|switch|p2b: Scovillain|Scovillain, L50, M, shiny|100/100\n|turn|1\n|inactive|Pyos has 30 seconds left.\n|\n|t:|1788300917\n|detailschange|p2b: Scovillain|Scovillain-Mega, L50, M, shiny\n|-mega|p2b: Scovillain|Scovillain|Scovillainite\n|move|p2a: Sneasler|Fake Out|p1b: Corviknight\n|-resisted|p1b: Corviknight|1\n|-damage|p1b: Corviknight|94/100\n|move|p1a: Rotom|Hydro Pump|p2a: Sneasler|[miss]\n|-miss|p1a: Rotom|p2a: Sneasler\n|move|p2b: Scovillain|Overheat|p1b: Corviknight\n|-supereffective|p1b: Corviknight|1\n|-damage|p1b: Corviknight|6/100\n|-unboost|p2b: Scovillain|spa|2\n|cant|p1b: Corviknight|flinch\n|\n|-heal|p1b: Corviknight|12/100|[from] item: Leftovers\n|upkeep\n|turn|2\n|\n|t:|1788300940\n|switch|p2b: Kingambit|Kingambit, L50, M|100/100\n|move|p2a: Sneasler|Close Combat|p1b: Corviknight\n|-damage|p1b: Corviknight|0 fnt\n|-unboost|p2a: Sneasler|def|1\n|-unboost|p2a: Sneasler|spd|1\n|faint|p1b: Corviknight\n|-enditem|p2a: Sneasler|White Herb\n|-clearnegativeboost|p2a: Sneasler|[silent]\n|move|p1a: Rotom|Hydro Pump|p2a: Sneasler\n|-damage|p2a: Sneasler|38/100\n|\n|upkeep\n|\n|t:|1788300946\n|switch|p1b: Garchomp|Garchomp, L50, M|100/100\n|turn|3\n|\n|t:|1788300954\n|switch|p2b: Scovillain|Scovillain-Mega, L50, M, shiny|100/100\n|move|p2a: Sneasler|Protect|p2a: Sneasler\n|-singleturn|p2a: Sneasler|Protect\n|move|p1b: Garchomp|Earthquake|p2b: Scovillain|[spread] p2b\n|-activate|p2a: Sneasler|move: Protect\n|-immune|p1a: Rotom|[from] ability: Levitate\n|-damage|p2b: Scovillain|64/100\n|-status|p1b: Garchomp|brn|[from] ability: Spicy Spray|[of] p2b: Scovillain\n|move|p1a: Rotom|Thunderbolt|p2b: Scovillain\n|-resisted|p2b: Scovillain|1\n|-damage|p2b: Scovillain|36/100\n|-status|p1a: Rotom|brn|[from] ability: Spicy Spray|[of] p2b: Scovillain\n|\n|-damage|p1b: Garchomp|94/100 brn|[from] brn\n|-damage|p1a: Rotom|94/100 brn|[from] brn\n|upkeep\n|turn|4\n|inactive|Pyos has 30 seconds left.\n|inactive|Pyos has 20 seconds left.\n|inactive|Pyos has 15 seconds left.\n|\n|t:|1788300996\n|move|p2b: Scovillain|Protect|p2b: Scovillain\n|-singleturn|p2b: Scovillain|Protect\n|move|p2a: Sneasler|Close Combat|p1b: Garchomp\n|-damage|p1b: Garchomp|35/100 brn\n|-unboost|p2a: Sneasler|def|1\n|-unboost|p2a: Sneasler|spd|1\n|-damage|p2a: Sneasler|26/100|[from] ability: Rough Skin|[of] p1b: Garchomp\n|move|p1b: Garchomp|Earthquake|p2a: Sneasler|[spread] p2a\n|-activate|p2b: Scovillain|move: Protect\n|-immune|p1a: Rotom|[from] ability: Levitate\n|-supereffective|p2a: Sneasler|1\n|-damage|p2a: Sneasler|0 fnt\n|faint|p2a: Sneasler\n|move|p1a: Rotom|Thunderbolt|p2b: Scovillain\n|-activate|p2b: Scovillain|move: Protect\n|\n|-damage|p1b: Garchomp|29/100 brn|[from] brn\n|-damage|p1a: Rotom|88/100 brn|[from] brn\n|upkeep\n|\n|t:|1788301017\n|switch|p2a: Kingambit|Kingambit, L50, M|100/100\n|turn|5\n|\n|t:|1788301026\n|move|p2a: Kingambit|Sucker Punch|p1b: Garchomp\n|-crit|p1b: Garchomp\n|-damage|p1b: Garchomp|0 fnt\n|-damage|p2a: Kingambit|87/100|[from] ability: Rough Skin|[of] p1b: Garchomp\n|faint|p1b: Garchomp\n|move|p1a: Rotom|Hydro Pump|p2b: Scovillain\n|-damage|p2b: Scovillain|0 fnt\n|faint|p2b: Scovillain\n|\n|-damage|p1a: Rotom|82/100 brn|[from] brn\n|upkeep\n|\n|t:|1788301033\n|switch|p1b: Tyranitar|Tyranitar, L50, F|100/100\n|switch|p2b: Lycanroc|Lycanroc-Dusk, L50, M|100/100\n|-weather|Sandstorm|[from] ability: Sand Stream|[of] p1b: Tyranitar\n|turn|6\n|\n|t:|1788301043\n|detailschange|p1b: Tyranitar|Tyranitar-Mega, L50, F\n|-mega|p1b: Tyranitar|Tyranitar|Tyranitarite\n|move|p2b: Lycanroc|Close Combat|p1b: Tyranitar\n|-supereffective|p1b: Tyranitar|2\n|-damage|p1b: Tyranitar|0 fnt\n|-unboost|p2b: Lycanroc|def|1\n|-unboost|p2b: Lycanroc|spd|1\n|faint|p1b: Tyranitar\n|move|p1a: Rotom|Hydro Pump|p2b: Lycanroc\n|-supereffective|p2b: Lycanroc|1\n|-enditem|p2b: Lycanroc|Focus Sash\n|-damage|p2b: Lycanroc|1/100\n|move|p2a: Kingambit|Kowtow Cleave|p1a: Rotom\n|-damage|p1a: Rotom|18/100 brn\n|\n|-weather|Sandstorm|[upkeep]\n|-damage|p1a: Rotom|12/100 brn|[from] Sandstorm\n|-damage|p1a: Rotom|6/100 brn|[from] brn\n|upkeep\n|turn|7\n|c|☆gurupatak|gg\n|c|☆Pyos|ggs\n|\n|t:|1788301062\n|move|p2b: Lycanroc|Close Combat|p1a: Rotom\n|-damage|p1a: Rotom|0 fnt\n|-unboost|p2b: Lycanroc|def|1\n|-unboost|p2b: Lycanroc|spd|1\n|faint|p1a: Rotom\n|\n|win|Pyos\n|raw|gurupatak's rating: 1323 &rarr; <strong>1315</strong><br />(-8 for losing)\n|raw|Pyos's rating: 1575 &rarr; <strong>1583</strong><br />(+8 for winning)\n|l|☆gurupatak\n|player|p1|\n","uploadtime":1788301097,"views":"17","formatid":"gen9championsvgc2026regmbbo3","rating":1315,"private":0,"password":null}