{"id":"gen9championsvgc2026regmbbo3-2673453383","format":"[Gen 9 Champions] VGC 2026 Reg M-B (Bo3)","players":["redjaguar","zamazentaismart"],"log":"|j|☆redjaguar\n|j|☆zamazentaismart\n|html|<table width=\"100%\"><tr><td align=\"left\">redjaguar</td><td align=\"right\">zamazentaismart</tr><tr><td align=\"left\"><i class=\"fa fa-circle-o\"></i> <i class=\"fa fa-circle-o\"></i> </td><td align=\"right\"><i class=\"fa fa-circle-o\"></i> <i class=\"fa fa-circle-o\"></i> </tr></table>\n|uhtml|bestof|<h2><strong>Game 1</strong> of <a href=\"/game-bestof3-gen9championsvgc2026regmbbo3-2673453382\">a best-of-3</a></h2>\n|t:|1788199616\n|gametype|doubles\n|player|p1|redjaguar|gambler|1143\n|player|p2|zamazentaismart|266|1295\n|gen|9\n|tier|[Gen 9 Champions] VGC 2026 Reg M-B (Bo3)\n|rated|\n|rule|Species Clause: Limit one of each Pokémon\n|rule|Item Clause: Limit 1 of each item\n|clearpoke\n|poke|p1|Farigiraf, L50, F|\n|poke|p1|Aerodactyl, L50, M|\n|poke|p1|Gardevoir, L50, F|\n|poke|p1|Basculegion, L50, M|\n|poke|p1|Infernape, L50, M|\n|poke|p1|Garchomp, L50, M|\n|poke|p2|Venusaur, L50, F|\n|poke|p2|Primarina, L50, M|\n|poke|p2|Kingambit, L50, F|\n|poke|p2|Farigiraf, L50, M|\n|poke|p2|Torkoal, L50, M|\n|poke|p2|Blaziken, L50, F|\n|teampreview|4\n|showteam|p1|Farigiraf||SitrusBerry|ArmorTail|Psychic,TrickRoom,Protect,HelpingHand|Bold||F|||50|]Aerodactyl||FocusSash|Unnerve|Tailwind,RockSlide,WideGuard,Protect|Jolly||M|||50|]Gardevoir||Gardevoirite|Telepathy|HyperVoice,Psychic,CalmMind,Protect|Timid||F|||50|]Basculegion||MysticWater|Adaptability|AquaJet,LastRespects,WaveCrash,Protect|Adamant||M|||50|]Infernape||WhiteHerb|IronFist|CloseCombat,FirePunch,FakeOut,StoneEdge|Jolly||M|||50|]Garchomp||LifeOrb|RoughSkin|Earthquake,RockSlide,DragonClaw,Protect|Jolly||M|||50|\n|showteam|p2|Venusaur||OccaBerry|Chlorophyll|LeafStorm,SludgeBomb,SleepPowder,Protect|Modest||F|||50|]Primarina||LifeOrb|LiquidVoice|Protect,HyperVoice,Moonblast,AquaJet|Quiet||M|||50|]Kingambit||FocusSash|Defiant|KowtowCleave,SuckerPunch,IronHead,Protect|Adamant||F|||50|]Farigiraf||SitrusBerry|ArmorTail|Psychic,Thunderbolt,Protect,TrickRoom|Bold||M|||50|]Torkoal||Charcoal|Drought|WeatherBall,HelpingHand,Eruption,Protect|Modest||M|||50|]Blaziken||Blazikenite|SpeedBoost|FlareBlitz,CloseCombat,RockSlide,Detect|Adamant||F|||50|\n|\n|t:|1788199651\n|teamsize|p1|4\n|teamsize|p2|4\n|start\n|switch|p1a: Aerodactyl|Aerodactyl, L50, M|100/100\n|switch|p1b: Garchomp|Garchomp, L50, M|100/100\n|switch|p2a: Farigiraf|Farigiraf, L50, M|100/100\n|switch|p2b: Blaziken|Blaziken, L50, F|100/100\n|-ability|p1a: Aerodactyl|Unnerve\n|turn|1\n|\n|t:|1788199679\n|detailschange|p2b: Blaziken|Blaziken-Mega, L50, F\n|-mega|p2b: Blaziken|Blaziken|Blazikenite\n|move|p2b: Blaziken|Detect|p2b: Blaziken\n|-singleturn|p2b: Blaziken|Protect\n|move|p2a: Farigiraf|Protect|p2a: Farigiraf\n|-singleturn|p2a: Farigiraf|Protect\n|move|p1a: Aerodactyl|Rock Slide|p2a: Farigiraf|[spread] \n|-activate|p2a: Farigiraf|move: Protect\n|-activate|p2b: Blaziken|move: Protect\n|move|p1b: Garchomp|Earthquake|p2b: Blaziken|[spread] \n|-activate|p2a: Farigiraf|move: Protect\n|-activate|p2b: Blaziken|move: Protect\n|-immune|p1a: Aerodactyl\n|\n|-ability|p2b: Blaziken|Speed Boost|boost\n|-boost|p2b: Blaziken|spe|1\n|upkeep\n|turn|2\n|\n|t:|1788199710\n|move|p2b: Blaziken|Close Combat|p1b: Garchomp\n|-damage|p1b: Garchomp|17/100\n|-unboost|p2b: Blaziken|def|1\n|-unboost|p2b: Blaziken|spd|1\n|-damage|p2b: Blaziken|87/100|[from] ability: Rough Skin|[of] p1b: Garchomp\n|move|p1a: Aerodactyl|Rock Slide|p2a: Farigiraf|[spread] p2a,p2b\n|-damage|p2a: Farigiraf|77/100\n|-damage|p2b: Blaziken|36/100\n|move|p1b: Garchomp|Earthquake|p2b: Blaziken|[spread] p2a,p2b\n|-immune|p1a: Aerodactyl\n|-supereffective|p2b: Blaziken|1\n|-damage|p2a: Farigiraf|31/100\n|-damage|p2b: Blaziken|0 fnt\n|faint|p2b: Blaziken\n|-damage|p1b: Garchomp|7/100|[from] item: Life Orb\n|move|p2a: Farigiraf|Trick Room|p2a: Farigiraf\n|-fieldstart|move: Trick Room|[of] p2a: Farigiraf\n|\n|upkeep\n|\n|t:|1788199719\n|switch|p2b: Primarina|Primarina, L50, M|100/100\n|turn|3\n|\n|t:|1788199739\n|move|p1a: Aerodactyl|Wide Guard|p1a: Aerodactyl\n|-singleturn|p1a: Aerodactyl|Wide Guard\n|move|p2b: Primarina|Hyper Voice|p1a: Aerodactyl|[spread] \n|-activate|p1a: Aerodactyl|move: Wide Guard\n|-activate|p1b: Garchomp|move: Wide Guard\n|move|p2a: Farigiraf|Thunderbolt|p1a: Aerodactyl\n|-supereffective|p1a: Aerodactyl|1\n|-damage|p1a: Aerodactyl|29/100\n|-status|p1a: Aerodactyl|par\n|move|p1b: Garchomp|Earthquake|p2b: Primarina|[spread] p2a,p2b\n|-activate|p1a: Aerodactyl|move: Wide Guard\n|-damage|p2a: Farigiraf|0 fnt\n|-damage|p2b: Primarina|44/100\n|faint|p2a: Farigiraf\n|-damage|p1b: Garchomp|0 fnt|[from] item: Life Orb\n|faint|p1b: Garchomp\n|\n|upkeep\n|\n|t:|1788199758\n|switch|p2a: Kingambit|Kingambit, L50, F|100/100\n|switch|p1b: Gardevoir|Gardevoir, L50, F|100/100\n|turn|4\n|\n|t:|1788199785\n|detailschange|p1b: Gardevoir|Gardevoir-Mega, L50, F\n|-mega|p1b: Gardevoir|Gardevoir|Gardevoirite\n|move|p1a: Aerodactyl|Wide Guard|p1a: Aerodactyl\n|-singleturn|p1a: Aerodactyl|Wide Guard\n|move|p2a: Kingambit|Iron Head|p1b: Gardevoir\n|-supereffective|p1b: Gardevoir|1\n|-damage|p1b: Gardevoir|0 fnt\n|faint|p1b: Gardevoir\n|move|p2b: Primarina|Moonblast|p1a: Aerodactyl\n|-damage|p1a: Aerodactyl|0 fnt\n|faint|p1a: Aerodactyl\n|-damage|p2b: Primarina|34/100|[from] item: Life Orb\n|\n|upkeep\n|\n|t:|1788199800\n|switch|p1b: Basculegion|Basculegion, L50, M|100/100\n|turn|5\n|\n|t:|1788199812\n|move|p1b: Basculegion|Protect|p1b: Basculegion\n|-singleturn|p1b: Basculegion|Protect\n|move|p2a: Kingambit|Kowtow Cleave|p1b: Basculegion\n|-activate|p1b: Basculegion|move: Protect\n|move|p2b: Primarina|Moonblast|p1b: Basculegion\n|-activate|p1b: Basculegion|move: Protect\n|\n|upkeep\n|turn|6\n|\n|t:|1788199824\n|move|p2a: Kingambit|Kowtow Cleave|p1b: Basculegion\n|-supereffective|p1b: Basculegion|1\n|-damage|p1b: Basculegion|0 fnt\n|faint|p1b: Basculegion\n|\n|win|zamazentaismart\n||redjaguar is ready for game 2.\n||zamazentaismart is ready for game 2.\n|uhtml|next|Next: <a href=\"/battle-gen9championsvgc2026regmbbo3-2673455185\"><strong>Game 2 of 3</strong></a>\n|l|☆zamazentaismart\n|player|p2|\n","uploadtime":1788200052,"views":"4","formatid":"gen9championsvgc2026regmbbo3","rating":null,"private":0,"password":null}