{"id":"gen9championsvgc2026regmb-2674766472","format":"[Gen 9 Champions] VGC 2026 Reg M-B","players":["Jakel69","BtC37"],"log":"|j|☆Jakel69\n|j|☆BtC37\n|t:|1788402897\n|gametype|doubles\n|player|p1|Jakel69|steven|1277\n|player|p2|BtC37|ghetsis|1299\n|gen|9\n|tier|[Gen 9 Champions] VGC 2026 Reg M-B\n|rated|\n|rule|Species Clause: Limit one of each Pokémon\n|rule|Item Clause: Limit 1 of each item\n|clearpoke\n|poke|p1|Floette-Eternal, L50, F|\n|poke|p1|Sneasler, L50, F|\n|poke|p1|Basculegion, L50, M|\n|poke|p1|Dragonite, L50, M|\n|poke|p1|Garchomp, L50, M|\n|poke|p1|Kingambit, L50, M, shiny|\n|poke|p2|Charizard, L50, M|\n|poke|p2|Pelipper, L50, F|\n|poke|p2|Archaludon, L50, F|\n|poke|p2|Venusaur, L50, F|\n|poke|p2|Swampert, L50, M|\n|poke|p2|Grimmsnarl, L50, M|\n|teampreview|4\n|inactive|Battle timer is ON: inactive players will automatically lose when time's up. (requested by BtC37)\nJakel69 has agreed to open team sheets.\n|inactive|Jakel69 has 60 seconds left.\n|inactive|BtC37 has 60 seconds left.\n|inactive|BtC37 has 30 seconds left.\n|\n|t:|1788402962\n|teamsize|p1|4\n|teamsize|p2|4\n|start\n|switch|p1a: Sneasler|Sneasler, L50, F|100/100\n|switch|p1b: Kingambit|Kingambit, L50, M, shiny|100/100\n|switch|p2a: Grimmsnarl|Grimmsnarl, L50, M|100/100\n|switch|p2b: Swampert|Swampert, L50, M|100/100\n|turn|1\n|inactive|BtC37 has 30 seconds left.\n|inactive|BtC37 has 20 seconds left.\n|\n|t:|1788402998\n|switch|p2a: Pelipper|Pelipper, L50, F|100/100\n|-weather|RainDance|[from] ability: Drizzle|[of] p2a: Pelipper\n|detailschange|p2b: Swampert|Swampert-Mega, L50, M\n|-mega|p2b: Swampert|Swampert|Swampertite\n|move|p1a: Sneasler|Fake Out|p2b: Swampert\n|-damage|p2b: Swampert|88/100\n|cant|p2b: Swampert|flinch\n|move|p1b: Kingambit|Iron Head|p2a: Pelipper\n|-resisted|p2a: Pelipper|1\n|-crit|p2a: Pelipper\n|-damage|p2a: Pelipper|66/100\n|\n|-weather|RainDance|[upkeep]\n|upkeep\n|turn|2\n|inactive|Jakel69 has 30 seconds left.\n|inactive|BtC37 has 30 seconds left.\n|inactive|Jakel69 has 20 seconds left.\n|inactive|BtC37 has 20 seconds left.\n|inactive|Jakel69 has 15 seconds left.\n|\n|t:|1788403040\n|move|p1b: Kingambit|Sucker Punch|p2b: Swampert\n|-damage|p2b: Swampert|61/100\n|move|p2b: Swampert|Earthquake|p1b: Kingambit|[spread] p1a,p1b\n|-immune|p2a: Pelipper\n|-supereffective|p1a: Sneasler|1\n|-supereffective|p1b: Kingambit|1\n|-enditem|p1a: Sneasler|Focus Sash\n|-damage|p1a: Sneasler|1/100\n|-damage|p1b: Kingambit|32/100\n|move|p1a: Sneasler|Close Combat|p2b: Swampert\n|-damage|p2b: Swampert|12/100\n|-unboost|p1a: Sneasler|def|1\n|-unboost|p1a: Sneasler|spd|1\n|-status|p2b: Swampert|psn|[from] ability: Poison Touch|[of] p1a: Sneasler\n|move|p2a: Pelipper|Hurricane|p1a: Sneasler\n|-supereffective|p1a: Sneasler|1\n|-damage|p1a: Sneasler|0 fnt\n|faint|p1a: Sneasler\n|\n|-weather|RainDance|[upkeep]\n|-damage|p2b: Swampert|0 fnt|[from] psn\n|faint|p2b: Swampert\n|upkeep\n|\n|t:|1788403065\n|switch|p1a: Garchomp|Garchomp, L50, M|100/100\n|switch|p2b: Grimmsnarl|Grimmsnarl, L50, M|100/100\n|turn|3\n|inactive|Jakel69 has 30 seconds left.\n|\n|t:|1788403094\n|move|p2a: Pelipper|Wide Guard|p2a: Pelipper\n|-singleturn|p2a: Pelipper|Wide Guard\n|move|p2b: Grimmsnarl|Reflect|p2b: Grimmsnarl\n|-sidestart|p2: BtC37|Reflect\n|move|p1a: Garchomp|Rock Slide|p2b: Grimmsnarl|[spread] \n|-activate|p2a: Pelipper|move: Wide Guard\n|-activate|p2b: Grimmsnarl|move: Wide Guard\n|move|p1b: Kingambit|Iron Head|p2b: Grimmsnarl\n|-supereffective|p2b: Grimmsnarl|1\n|-damage|p2b: Grimmsnarl|37/100\n|\n|-weather|RainDance|[upkeep]\n|upkeep\n|turn|4\n|\n|t:|1788403117\n|move|p2b: Grimmsnarl|Parting Shot|p1a: Garchomp\n|-unboost|p1a: Garchomp|atk|1\n|-unboost|p1a: Garchomp|spa|1\n|\n|t:|1788403121\n|switch|p2b: Archaludon|Archaludon, L50, F|100/100|[from] Parting Shot\n|move|p1a: Garchomp|Rock Slide|p2b: Archaludon|[spread] p2a,p2b\n|-supereffective|p2a: Pelipper|1\n|-resisted|p2b: Archaludon|1\n|-damage|p2a: Pelipper|49/100\n|-damage|p2b: Archaludon|96/100\n|-ability|p2b: Archaludon|Stamina|boost\n|-boost|p2b: Archaludon|def|1\n|-enditem|p2a: Pelipper|Sitrus Berry|[eat]\n|-heal|p2a: Pelipper|74/100|[from] item: Sitrus Berry\n|move|p2a: Pelipper|Tailwind|p2a: Pelipper\n|-sidestart|p2: BtC37|move: Tailwind\n|move|p1b: Kingambit|Iron Head|p2b: Archaludon\n|-resisted|p2b: Archaludon|1\n|-damage|p2b: Archaludon|89/100\n|-ability|p2b: Archaludon|Stamina|boost\n|-boost|p2b: Archaludon|def|1\n|\n|-weather|RainDance|[upkeep]\n|-heal|p2b: Archaludon|95/100|[from] item: Leftovers\n|upkeep\n|turn|5\n|inactive|Jakel69 has 30 seconds left.\n|inactive|BtC37 has 30 seconds left.\n|inactive|Jakel69 has 20 seconds left.\n|inactive|BtC37 has 20 seconds left.\n|\n|t:|1788403160\n|switch|p1a: Floette|Floette-Eternal, L50, F|100/100\n|switch|p2a: Grimmsnarl|Grimmsnarl, L50, M|37/100\n|move|p2b: Archaludon|Electro Shot||[still]\n|-prepare|p2b: Archaludon|Electro Shot\n|-boost|p2b: Archaludon|spa|1\n|-anim|p2b: Archaludon|Electro Shot|p1b: Kingambit\n|-damage|p1b: Kingambit|0 fnt\n|faint|p1b: Kingambit\n|\n|-weather|none\n|-heal|p2b: Archaludon|100/100|[from] item: Leftovers\n|upkeep\n|\n|t:|1788403172\n|switch|p1b: Garchomp|Garchomp, L50, M|100/100\n|turn|6\n|inactive|Jakel69 has 30 seconds left.\n|\n|t:|1788403200\n|move|p1a: Floette|Protect|p1a: Floette\n|-singleturn|p1a: Floette|Protect\n|move|p2a: Grimmsnarl|Light Screen|p2a: Grimmsnarl\n|-sidestart|p2: BtC37|move: Light Screen\n|move|p2b: Archaludon|Flash Cannon|p1a: Floette\n|-activate|p1a: Floette|move: Protect\n|move|p1b: Garchomp|Earthquake|p2b: Archaludon|[spread] p2a,p2b\n|-activate|p1a: Floette|move: Protect\n|-supereffective|p2b: Archaludon|1\n|-damage|p2a: Grimmsnarl|13/100\n|-damage|p2b: Archaludon|79/100\n|-ability|p2b: Archaludon|Stamina|boost\n|-boost|p2b: Archaludon|def|1\n|\n|-heal|p2b: Archaludon|85/100|[from] item: Leftovers\n|upkeep\n|turn|7\n|\n|t:|1788403222\n|detailschange|p1a: Floette|Floette-Mega, L50, F\n|-mega|p1a: Floette|Floette|Floettite\n|-ability|p1a: Floette|Fairy Aura\n|move|p2a: Grimmsnarl|Parting Shot|p1b: Garchomp\n|-unboost|p1b: Garchomp|atk|1\n|-unboost|p1b: Garchomp|spa|1\n|\n|t:|1788403228\n|switch|p2a: Pelipper|Pelipper, L50, F|74/100|[from] Parting Shot\n|-weather|RainDance|[from] ability: Drizzle|[of] p2a: Pelipper\n|move|p2b: Archaludon|Flash Cannon|p1a: Floette\n|-supereffective|p1a: Floette|1\n|-damage|p1a: Floette|9/100\n|move|p1b: Garchomp|Earthquake|p2b: Archaludon|[spread] p1a,p2b\n|-immune|p2a: Pelipper\n|-supereffective|p2b: Archaludon|1\n|-damage|p1a: Floette|0 fnt\n|-damage|p2b: Archaludon|74/100\n|-ability|p2b: Archaludon|Stamina|boost\n|-boost|p2b: Archaludon|def|1\n|faint|p1a: Floette\n|\n|-weather|RainDance|[upkeep]\n|-heal|p2b: Archaludon|80/100|[from] item: Leftovers\n|-sideend|p2: BtC37|move: Tailwind\n|upkeep\n|turn|8\n|inactive|BtC37 has 30 seconds left.\n|\n|t:|1788403254\n|move|p1b: Garchomp|Earthquake|p2b: Archaludon|[spread] p2b\n|-immune|p2a: Pelipper\n|-supereffective|p2b: Archaludon|1\n|-damage|p2b: Archaludon|72/100\n|-ability|p2b: Archaludon|Stamina|boost\n|-boost|p2b: Archaludon|def|1\n|move|p2b: Archaludon|Dragon Pulse|p1b: Garchomp\n|-supereffective|p1b: Garchomp|1\n|-damage|p1b: Garchomp|0 fnt\n|faint|p1b: Garchomp\n|\n|win|BtC37\n|raw|Jakel69's rating: 1277 &rarr; <strong>1254</strong><br />(-23 for losing)\n|raw|BtC37's rating: 1299 &rarr; <strong>1322</strong><br />(+23 for winning)\n","uploadtime":1788403265,"views":"11","formatid":"gen9championsvgc2026regmb","rating":1254,"private":0,"password":null}