{"id":"gen9championsvgc2026regmb-2674203125","format":"[Gen 9 Champions] VGC 2026 Reg M-B","players":["Maaaak","Gittrpping"],"log":"|j|☆Maaaak\n|j|☆Gittrpping\n|t:|1788314847\n|gametype|doubles\n|player|p1|Maaaak|170|1450\n|player|p2|Gittrpping|101|1421\n|gen|9\n|tier|[Gen 9 Champions] VGC 2026 Reg M-B\n|rated|\n|rule|Species Clause: Limit one of each Pokémon\n|rule|Item Clause: Limit 1 of each item\n|clearpoke\n|poke|p1|Raichu, L50, F|\n|poke|p1|Staraptor, L50, M|\n|poke|p1|Farigiraf, L50, F|\n|poke|p1|Kingambit, L50, F|\n|poke|p1|Sylveon, L50, M|\n|poke|p1|Arcanine-Hisui, L50, M|\n|poke|p2|Tyranitar, L50, M|\n|poke|p2|Excadrill, L50, F|\n|poke|p2|Staraptor, L50, F|\n|poke|p2|Milotic, L50, F|\n|poke|p2|Gholdengo, L50|\n|poke|p2|Sinistcha, L50|\n|teampreview|4\n|inactive|Battle timer is ON: inactive players will automatically lose when time's up. (requested by Maaaak)\n|j| icwo\n|inactive|Maaaak has 60 seconds left.\n|inactive|Gittrpping has 60 seconds left.\n|\n|t:|1788314902\n|teamsize|p1|4\n|teamsize|p2|4\n|start\n|switch|p1a: Sylveon|Sylveon, L50, M|100/100\n|switch|p1b: Raichu|Raichu, L50, F|100/100\n|switch|p2a: Tyranitar|Tyranitar, L50, M|100/100\n|switch|p2b: Excadrill|Excadrill, L50, F|100/100\n|-weather|Sandstorm|[from] ability: Sand Stream|[of] p2a: Tyranitar\n|turn|1\n|\n|t:|1788314917\n|move|p2b: Excadrill|Protect|p2b: Excadrill\n|-singleturn|p2b: Excadrill|Protect\n|move|p1b: Raichu|Fake Out|p2b: Excadrill\n|-activate|p2b: Excadrill|move: Protect\n|move|p2a: Tyranitar|Rock Slide|p1a: Sylveon|[spread] p1a,p1b\n|-damage|p1a: Sylveon|63/100\n|-damage|p1b: Raichu|47/100\n|move|p1a: Sylveon|Hyper Voice|p2b: Excadrill|[spread] p2a\n|-activate|p2b: Excadrill|move: Protect\n|-supereffective|p2a: Tyranitar|1\n|-damage|p2a: Tyranitar|34/100\n|\n|-weather|Sandstorm|[upkeep]\n|-damage|p1b: Raichu|41/100|[from] Sandstorm\n|-damage|p1a: Sylveon|57/100|[from] Sandstorm\n|upkeep\n|turn|2\n|inactive|Maaaak has 30 seconds left.\n|inactive|Maaaak has 20 seconds left.\n|inactive|Maaaak has 15 seconds left.\n|\n|t:|1788314961\n|move|p1b: Raichu|Protect|p1b: Raichu\n|-singleturn|p1b: Raichu|Protect\n|move|p1a: Sylveon|Quick Attack|p2a: Tyranitar\n|-supereffective|p2a: Tyranitar|1\n|-damage|p2a: Tyranitar|12/100\n|move|p2b: Excadrill|Iron Head|p1a: Sylveon\n|-supereffective|p1a: Sylveon|1\n|-damage|p1a: Sylveon|0 fnt\n|faint|p1a: Sylveon\n|move|p2a: Tyranitar|Rock Slide|p1b: Raichu\n|-activate|p1b: Raichu|move: Protect\n|\n|-weather|Sandstorm|[upkeep]\n|-damage|p1b: Raichu|35/100|[from] Sandstorm\n|upkeep\n|\n|t:|1788314973\n|switch|p1a: Kingambit|Kingambit, L50, F|100/100\n|turn|3\n|\n|t:|1788314996\n|switch|p2a: Sinistcha|Sinistcha, L50|100/100\n|switch|p1b: Farigiraf|Farigiraf, L50, F|100/100\n|move|p2b: Excadrill|High Horsepower|p1a: Kingambit\n|-supereffective|p1a: Kingambit|1\n|-damage|p1a: Kingambit|14/100\n|move|p1a: Kingambit|Swords Dance|p1a: Kingambit\n|-boost|p1a: Kingambit|atk|2\n|\n|-weather|Sandstorm|[upkeep]\n|-damage|p2a: Sinistcha|93/100|[from] Sandstorm\n|-damage|p1b: Farigiraf|93/100|[from] Sandstorm\n|-heal|p2a: Sinistcha|100/100|[from] item: Leftovers\n|upkeep\n|turn|4\n|\n|t:|1788315014\n|move|p1a: Kingambit|Protect|p1a: Kingambit\n|-singleturn|p1a: Kingambit|Protect\n|move|p2b: Excadrill|Rock Slide|p1a: Kingambit|[spread] p1b\n|-activate|p1a: Kingambit|move: Protect\n|-damage|p1b: Farigiraf|76/100\n|move|p2a: Sinistcha|Trick Room|p2a: Sinistcha\n|-fieldstart|move: Trick Room|[of] p2a: Sinistcha\n|cant|p1b: Farigiraf|flinch\n|\n|-weather|Sandstorm|[upkeep]\n|-damage|p1b: Farigiraf|70/100|[from] Sandstorm\n|-damage|p2a: Sinistcha|93/100|[from] Sandstorm\n|-heal|p2a: Sinistcha|100/100|[from] item: Leftovers\n|upkeep\n|turn|5\n|\n|t:|1788315038\n|move|p2a: Sinistcha|Rage Powder|p2a: Sinistcha\n|-singleturn|p2a: Sinistcha|move: Rage Powder\n|move|p1a: Kingambit|Kowtow Cleave|p2a: Sinistcha\n|-supereffective|p2a: Sinistcha|1\n|-damage|p2a: Sinistcha|0 fnt\n|faint|p2a: Sinistcha\n|-damage|p1a: Kingambit|5/100|[from] item: Life Orb\n|move|p1b: Farigiraf|Psychic|p2b: Excadrill\n|-resisted|p2b: Excadrill|1\n|-damage|p2b: Excadrill|75/100\n|move|p2b: Excadrill|High Horsepower|p1a: Kingambit\n|-supereffective|p1a: Kingambit|1\n|-damage|p1a: Kingambit|0 fnt\n|faint|p1a: Kingambit\n|\n|-weather|none\n|upkeep\n|\n|t:|1788315055\n|switch|p1a: Raichu|Raichu, L50, F|35/100\n|switch|p2a: Tyranitar|Tyranitar, L50, M|12/100\n|-weather|Sandstorm|[from] ability: Sand Stream|[of] p2a: Tyranitar\n|turn|6\n|\n|t:|1788315073\n|switch|p2a: Staraptor|Staraptor, L50, F|100/100\n|-ability|p2a: Staraptor|Intimidate|boost\n|-unboost|p1a: Raichu|atk|1\n|-unboost|p1b: Farigiraf|atk|1\n|detailschange|p1a: Raichu|Raichu-Mega-Y, L50, F\n|-mega|p1a: Raichu|Raichu|Raichunite Y\n|move|p2b: Excadrill|Protect|p2b: Excadrill\n|-singleturn|p2b: Excadrill|Protect\n|move|p1a: Raichu|Fake Out|p2a: Staraptor\n|-damage|p2a: Staraptor|93/100\n|move|p1b: Farigiraf|Psychic|p2b: Excadrill\n|-activate|p2b: Excadrill|move: Protect\n|\n|-weather|Sandstorm|[upkeep]\n|-damage|p1b: Farigiraf|63/100|[from] Sandstorm\n|-damage|p2a: Staraptor|87/100|[from] Sandstorm\n|-damage|p1a: Raichu|29/100|[from] Sandstorm\n|upkeep\n|turn|7\n|\n|t:|1788315097\n|detailschange|p2a: Staraptor|Staraptor-Mega, L50, F\n|-mega|p2a: Staraptor|Staraptor|Staraptite\n|move|p1a: Raichu|Protect|p1a: Raichu\n|-singleturn|p1a: Raichu|Protect\n|move|p1b: Farigiraf|Psychic|p2a: Staraptor\n|-supereffective|p2a: Staraptor|1\n|-damage|p2a: Staraptor|22/100\n|move|p2a: Staraptor|Close Combat|p1a: Raichu\n|-activate|p1a: Raichu|move: Protect\n|move|p2b: Excadrill|High Horsepower|p1a: Raichu\n|-activate|p1a: Raichu|move: Protect\n|\n|-weather|Sandstorm|[upkeep]\n|-damage|p1b: Farigiraf|57/100|[from] Sandstorm\n|-damage|p2a: Staraptor|16/100|[from] Sandstorm\n|-damage|p1a: Raichu|23/100|[from] Sandstorm\n|upkeep\n|turn|8\n|\n|t:|1788315114\n|move|p1b: Farigiraf|Psychic|p2a: Staraptor\n|-supereffective|p2a: Staraptor|1\n|-damage|p2a: Staraptor|0 fnt\n|faint|p2a: Staraptor\n|move|p1a: Raichu|Focus Blast|p2b: Excadrill\n|-supereffective|p2b: Excadrill|1\n|-damage|p2b: Excadrill|0 fnt\n|faint|p2b: Excadrill\n|\n|-weather|Sandstorm|[upkeep]\n|-damage|p1b: Farigiraf|51/100|[from] Sandstorm\n|-damage|p1a: Raichu|17/100|[from] Sandstorm\n|-fieldend|move: Trick Room\n|upkeep\n|\n|t:|1788315121\n|switch|p2b: Tyranitar|Tyranitar, L50, M|12/100\n|turn|9\n|\n|t:|1788315128\n|move|p1b: Farigiraf|Helping Hand|p1a: Raichu\n|-singleturn|p1a: Raichu|Helping Hand|[of] p1b: Farigiraf\n|move|p1a: Raichu|Focus Blast|p2b: Tyranitar\n|-supereffective|p2b: Tyranitar|2\n|-damage|p2b: Tyranitar|0 fnt\n|faint|p2b: Tyranitar\n|\n|win|Maaaak\n|raw|Maaaak's rating: 1450 &rarr; <strong>1468</strong><br />(+18 for winning)\n|raw|Gittrpping's rating: 1421 &rarr; <strong>1403</strong><br />(-18 for losing)\n|l|☆Gittrpping\n|player|p2|\n","uploadtime":1788315146,"views":"5","formatid":"gen9championsvgc2026regmb","rating":1403,"private":0,"password":null}