{"id":"gen9championsvgc2026regmb-2674757125","format":"[Gen 9 Champions] VGC 2026 Reg M-B","players":["dungdz237","12wrt"],"log":"|j|☆dungdz237\n|j|☆12wrt\n|t:|1788401397\n|gametype|doubles\n|player|p1|dungdz237|red|1098\n|player|p2|12wrt|lyra|1106\n|gen|9\n|tier|[Gen 9 Champions] VGC 2026 Reg M-B\n|rated|\n|rule|Species Clause: Limit one of each Pokémon\n|rule|Item Clause: Limit 1 of each item\n|clearpoke\n|poke|p1|Floette-Eternal, L50, F|\n|poke|p1|Garchomp, L50, F, shiny|\n|poke|p1|Sneasler, L50, F, shiny|\n|poke|p1|Incineroar, L50, M, shiny|\n|poke|p1|Kingambit, L50, F, shiny|\n|poke|p1|Sinistcha, L50, shiny|\n|poke|p2|Meowstic-F, L50, F|\n|poke|p2|Incineroar, L50, M|\n|poke|p2|Sinistcha, L50|\n|poke|p2|Rotom-Wash, L50|\n|poke|p2|Sneasler, L50, F|\n|poke|p2|Greninja, L50, F|\n|teampreview|4\n|\n|t:|1788401413\n|teamsize|p1|4\n|teamsize|p2|4\n|start\n|switch|p1a: Garchomp|Garchomp, L50, F, shiny|100/100\n|switch|p1b: Sneasler|Sneasler, L50, F, shiny|100/100\n|switch|p2a: Greninja|Greninja, L50, F|100/100\n|switch|p2b: Sinistcha|Sinistcha, L50|100/100\n|turn|1\n|\n|t:|1788401426\n|detailschange|p2a: Greninja|Greninja-Mega, L50, F\n|-mega|p2a: Greninja|Greninja|Greninjite\n|move|p1a: Garchomp|Protect|p1a: Garchomp\n|-singleturn|p1a: Garchomp|Protect\n|move|p2b: Sinistcha|Rage Powder|p2b: Sinistcha\n|-singleturn|p2b: Sinistcha|move: Rage Powder\n|move|p1b: Sneasler|Coaching|p1a: Garchomp\n|-boost|p1a: Garchomp|atk|1\n|-boost|p1a: Garchomp|def|1\n|move|p2a: Greninja|Extrasensory|p1b: Sneasler\n|-start|p2a: Greninja|typechange|Psychic|[from] ability: Protean\n|-supereffective|p1b: Sneasler|2\n|-enditem|p1b: Sneasler|Focus Sash\n|-damage|p1b: Sneasler|1/100\n|\n|upkeep\n|turn|2\n|\n|t:|1788401442\n|move|p1b: Sneasler|Coaching|p1a: Garchomp\n|-boost|p1a: Garchomp|atk|1\n|-boost|p1a: Garchomp|def|1\n|move|p2a: Greninja|Ice Beam|p1a: Garchomp\n|-supereffective|p1a: Garchomp|2\n|-damage|p1a: Garchomp|0 fnt\n|faint|p1a: Garchomp\n|move|p2b: Sinistcha|Matcha Gotcha|p1b: Sneasler\n|-resisted|p1b: Sneasler|1\n|-damage|p1b: Sneasler|0 fnt\n|faint|p1b: Sneasler\n|\n|upkeep\n|\n|t:|1788401454\n|switch|p1b: Floette|Floette-Eternal, L50, F|100/100\n|switch|p1a: Sinistcha|Sinistcha, L50, shiny|100/100\n|turn|3\n|\n|t:|1788401468\n|detailschange|p1b: Floette|Floette-Mega, L50, F\n|-mega|p1b: Floette|Floette|Floettite\n|-ability|p1b: Floette|Fairy Aura\n|move|p1a: Sinistcha|Rage Powder|p1a: Sinistcha\n|-singleturn|p1a: Sinistcha|move: Rage Powder\n|move|p2a: Greninja|Gunk Shot|p1a: Sinistcha\n|-damage|p1a: Sinistcha|75/100\n|move|p1b: Floette|Calm Mind|p1b: Floette\n|-boost|p1b: Floette|spa|1\n|-boost|p1b: Floette|spd|1\n|move|p2b: Sinistcha|Shadow Ball|p1a: Sinistcha\n|-supereffective|p1a: Sinistcha|1\n|-damage|p1a: Sinistcha|0 fnt\n|faint|p1a: Sinistcha\n|\n|upkeep\n|turn|4\n|\n|t:|1788401484\n|move|p2a: Greninja|Gunk Shot|p1b: Floette\n|-supereffective|p1b: Floette|1\n|-damage|p1b: Floette|35/100\n|move|p1b: Floette|Dazzling Gleam|p2a: Greninja|[spread] p2a,p2b\n|-damage|p2a: Greninja|23/100\n|-damage|p2b: Sinistcha|21/100\n|move|p2b: Sinistcha|Shadow Ball|p1b: Floette\n|-damage|p1b: Floette|13/100\n|\n|upkeep\n|turn|5\n|\n|t:|1788401495\n|move|p1b: Floette|Protect|p1b: Floette\n|-singleturn|p1b: Floette|Protect\n|move|p2a: Greninja|Extrasensory|p1b: Floette\n|-activate|p1b: Floette|move: Protect\n|move|p2b: Sinistcha|Shadow Ball|p1b: Floette\n|-activate|p1b: Floette|move: Protect\n|\n|upkeep\n|turn|6\n|\n|t:|1788401504\n|move|p2a: Greninja|Extrasensory|p1b: Floette\n|-damage|p1b: Floette|0 fnt\n|faint|p1b: Floette\n|\n|win|12wrt\n|raw|dungdz237's rating: 1098 &rarr; <strong>1074</strong><br />(-24 for losing)\n|raw|12wrt's rating: 1106 &rarr; <strong>1130</strong><br />(+24 for winning)\n","uploadtime":1788401507,"views":"0","formatid":"gen9championsvgc2026regmb","rating":1074,"private":0,"password":null}