{"id":"gen9championsvgc2026regmbbo3-2674767578","format":"[Gen 9 Champions] VGC 2026 Reg M-B (Bo3)","players":["absurdjoseph","fr3aky b1lly"],"log":"|j|☆absurdjoseph\n|j|☆fr3aky b1lly\n|html|<table width=\"100%\"><tr><td align=\"left\">absurdjoseph</td><td align=\"right\">fr3aky b1lly</tr><tr><td align=\"left\"><i class=\"fa fa-circle\"></i> <i class=\"fa fa-circle-o\"></i> </td><td align=\"right\"><i class=\"fa fa-circle-o\"></i> <i class=\"fa fa-circle\"></i> </tr></table>\n|uhtml|bestof|<h2><strong>Game 3</strong> of <a href=\"/game-bestof3-gen9championsvgc2026regmbbo3-2674763606\">a best-of-3</a></h2>\n|t:|1788403082\n|gametype|doubles\n|player|p1|absurdjoseph|cheren-masters|\n|player|p2|fr3aky b1lly|jacinthe|\n|gen|9\n|tier|[Gen 9 Champions] VGC 2026 Reg M-B (Bo3)\n|rule|Species Clause: Limit one of each Pokémon\n|rule|Item Clause: Limit 1 of each item\n|clearpoke\n|poke|p1|Camerupt, L50, M, shiny|\n|poke|p1|Sylveon, L50, M, shiny|\n|poke|p1|Kingambit, L50, F, shiny|\n|poke|p1|Farigiraf, L50, F, shiny|\n|poke|p1|Sneasler, L50, F, shiny|\n|poke|p1|Dragonite, L50, F, shiny|\n|poke|p2|Charizard, L50, F, shiny|\n|poke|p2|Garchomp, L50, M|\n|poke|p2|Incineroar, L50, M|\n|poke|p2|Toxapex, L50, F|\n|poke|p2|Kingambit, L50, M|\n|poke|p2|Venusaur, L50, F|\n|teampreview|4\n|showteam|p1|Camerupt||Cameruptite|MagmaArmor|HeatWave,EarthPower,AncientPower,Protect|Quiet||M|||50|]Sylveon||FairyFeather|Pixilate|HyperVoice,HyperBeam,QuickAttack,Protect|Quiet||M|||50|]Kingambit||LifeOrb|Defiant|KowtowCleave,SuckerPunch,IronHead,LowKick|Brave||F|||50|]Farigiraf||SitrusBerry|ArmorTail|Psychic,Thunderbolt,TrickRoom,HelpingHand|Modest||F|||50|]Sneasler||FocusSash|PoisonTouch|CloseCombat,DireClaw,FakeOut,Protect|Jolly||F|||50|]Dragonite||Dragoninite|InnerFocus|DragonPulse,Thunderbolt,ExtremeSpeed,Protect|Timid||F|||50|\n|showteam|p2|Charizard||CharizarditeY|Blaze|HeatWave,WeatherBall,HelpingHand,Protect|Modest||F|||50|]Garchomp||SitrusBerry|RoughSkin|Earthquake,DragonClaw,RockTomb,Protect|Adamant||M|||50|]Incineroar||PasshoBerry|Intimidate|FlareBlitz,DarkestLariat,FakeOut,PartingShot|Adamant||M|||50|]Toxapex||Leftovers|Regenerator|Infestation,Toxic,BanefulBunker,WideGuard|Relaxed||F|||50|]Kingambit||FocusSash|Defiant|KowtowCleave,SuckerPunch,LowKick,IronHead|Adamant||M|||50|]Venusaur||LifeOrb|Chlorophyll|SludgeBomb,EnergyBall,EarthPower,Protect|Modest||F|||50|\n|inactive|Battle timer is ON: inactive players will automatically lose when time's up. (requested by absurdjoseph)\n|c|☆absurdjoseph|glhf pt 3\n|c|☆fr3aky b1lly|timid dnite fucks me :sob:\n|c|☆absurdjoseph|it's kind of the perfect little ball of stats\n|inactive|fr3aky b1lly has 60 seconds left.\n|\n|t:|1788403137\n|teamsize|p1|4\n|teamsize|p2|4\n|start\n|switch|p1a: Gorgonzola|Camerupt, L50, M, shiny|100/100\n|switch|p1b: Lon'glu|Farigiraf, L50, F, shiny|100/100\n|switch|p2a: Kingambit|Kingambit, L50, M|100/100\n|switch|p2b: Charizard|Charizard, L50, F, shiny|100/100\n|turn|1\n|inactive|absurdjoseph has 30 seconds left.\n|inactive|fr3aky b1lly has 30 seconds left.\n|\n|t:|1788403171\n|switch|p1b: HHGregg|Sylveon, L50, M, shiny|100/100\n|detailschange|p2b: Charizard|Charizard-Mega-Y, L50, F, shiny\n|-mega|p2b: Charizard|Charizard|Charizardite Y\n|-weather|SunnyDay|[from] ability: Drought|[of] p2b: Charizard\n|detailschange|p1a: Gorgonzola|Camerupt-Mega, L50, M, shiny\n|-mega|p1a: Gorgonzola|Camerupt|Cameruptite\n|move|p2b: Charizard|Helping Hand|p2a: Kingambit\n|-singleturn|p2a: Kingambit|Helping Hand|[of] p2b: Charizard\n|move|p2a: Kingambit|Kowtow Cleave|p1b: HHGregg\n|-resisted|p1b: HHGregg|1\n|-damage|p1b: HHGregg|55/100\n|move|p1a: Gorgonzola|Heat Wave|p2a: Kingambit|[spread] p2a,p2b\n|-supereffective|p2a: Kingambit|1\n|-resisted|p2b: Charizard|1\n|-enditem|p2a: Kingambit|Focus Sash\n|-damage|p2a: Kingambit|1/100\n|-damage|p2b: Charizard|63/100\n|\n|-weather|SunnyDay|[upkeep]\n|upkeep\n|turn|2\n|inactive|fr3aky b1lly has 30 seconds left.\n|\n|t:|1788403197\n|switch|p2a: Incineroar|Incineroar, L50, M|100/100\n|-ability|p2a: Incineroar|Intimidate|boost\n|-unboost|p1a: Gorgonzola|atk|1\n|-unboost|p1b: HHGregg|atk|1\n|move|p1b: HHGregg|Quick Attack|p2a: Incineroar\n|-damage|p2a: Incineroar|91/100\n|move|p2b: Charizard|Weather Ball|p1b: HHGregg\n|-damage|p1b: HHGregg|0 fnt\n|faint|p1b: HHGregg\n|move|p1a: Gorgonzola|Ancient Power|p2b: Charizard\n|-supereffective|p2b: Charizard|2\n|-damage|p2b: Charizard|0 fnt\n|faint|p2b: Charizard\n|\n|-weather|SunnyDay|[upkeep]\n|upkeep\n|inactive|absurdjoseph has 30 seconds left.\n|\n|t:|1788403223\n|switch|p2b: Kingambit|Kingambit, L50, M|1/100\n|switch|p1b: Lon'glu|Farigiraf, L50, F, shiny|100/100\n|turn|3\n|\n|t:|1788403240\n|move|p2b: Kingambit|Kowtow Cleave|p1a: Gorgonzola\n|-damage|p1a: Gorgonzola|51/100\n|move|p2a: Incineroar|Parting Shot|p1a: Gorgonzola\n|-unboost|p1a: Gorgonzola|atk|1\n|-unboost|p1a: Gorgonzola|spa|1\n|\n|t:|1788403246\n|switch|p2a: Toxapex|Toxapex, L50, F|100/100|[from] Parting Shot\n|move|p1a: Gorgonzola|Heat Wave|p2b: Kingambit|[spread] p2a\n|-miss|p1a: Gorgonzola|p2b: Kingambit\n|-resisted|p2a: Toxapex|1\n|-damage|p2a: Toxapex|77/100\n|move|p1b: Lon'glu|Trick Room|p1b: Lon'glu\n|-fieldstart|move: Trick Room|[of] p1b: Lon'glu\n|\n|-weather|SunnyDay|[upkeep]\n|-heal|p2a: Toxapex|82/100|[from] item: Leftovers\n|upkeep\n|turn|4\n|inactive|fr3aky b1lly has 30 seconds left.\n|inactive|fr3aky b1lly has 20 seconds left.\n|inactive|fr3aky b1lly has 15 seconds left.\n|\n|t:|1788403290\n|switch|p1b: REDACTED|Kingambit, L50, F, shiny|100/100\n|move|p2b: Kingambit|Sucker Punch|p1a: Gorgonzola\n|-damage|p1a: Gorgonzola|13/100\n|move|p1a: Gorgonzola|Heat Wave|p2b: Kingambit|[spread] p2a,p2b\n|-resisted|p2a: Toxapex|1\n|-supereffective|p2b: Kingambit|1\n|-damage|p2a: Toxapex|60/100\n|-damage|p2b: Kingambit|0 fnt\n|faint|p2b: Kingambit\n|move|p2a: Toxapex|Infestation|p1a: Gorgonzola\n|-resisted|p1a: Gorgonzola|1\n|-damage|p1a: Gorgonzola|11/100\n|-activate|p1a: Gorgonzola|move: Infestation|[of] p2a: Toxapex\n|\n|-weather|SunnyDay|[upkeep]\n|-heal|p2a: Toxapex|66/100|[from] item: Leftovers\n|-damage|p1a: Gorgonzola|0 fnt|[from] move: Infestation|[partiallytrapped]\n|faint|p1a: Gorgonzola\n|upkeep\n|c|☆fr3aky b1lly|LMAO??\n|c|☆fr3aky b1lly|read of the century\n|c|☆absurdjoseph|;o;\n|inactive|absurdjoseph has 30 seconds left.\n|c|☆absurdjoseph|Literally obliterated\n|inactive|absurdjoseph has 20 seconds left.\n|\n|t:|1788403329\n|switch|p1a: Lon'glu|Farigiraf, L50, F, shiny|100/100\n|switch|p2b: Incineroar|Incineroar, L50, M|91/100\n|-ability|p2b: Incineroar|Intimidate|boost\n|-unboost|p1a: Lon'glu|atk|1\n|-unboost|p1b: REDACTED|atk|1\n|-ability|p1b: REDACTED|Defiant|boost\n|-boost|p1b: REDACTED|atk|2\n|turn|5\n|\n|t:|1788403347\n|move|p2a: Toxapex|Infestation|p1a: Lon'glu\n|-supereffective|p1a: Lon'glu|1\n|-damage|p1a: Lon'glu|93/100\n|-activate|p1a: Lon'glu|move: Infestation|[of] p2a: Toxapex\n|move|p1b: REDACTED|Low Kick|p2b: Incineroar\n|-supereffective|p2b: Incineroar|1\n|-damage|p2b: Incineroar|0 fnt\n|faint|p2b: Incineroar\n|-damage|p1b: REDACTED|90/100|[from] item: Life Orb\n|move|p1a: Lon'glu|Psychic|p2a: Toxapex\n|-supereffective|p2a: Toxapex|1\n|-damage|p2a: Toxapex|0 fnt\n|faint|p2a: Toxapex\n|\n|win|absurdjoseph\n|c|☆absurdjoseph|gg amazingly played\n","uploadtime":1788403356,"views":"0","formatid":"gen9championsvgc2026regmbbo3","rating":null,"private":0,"password":null}