{"id":"gen9championsvgc2026regmb-2674258378","format":"[Gen 9 Champions] VGC 2026 Reg M-B","players":["mnjademn","Thornlace48812"],"log":"|j|☆mnjademn\n|j|☆Thornlace48812\n|t:|1788325155\n|gametype|doubles\n|player|p1|mnjademn|2|1118\n|player|p2|Thornlace48812|1|1123\n|gen|9\n|tier|[Gen 9 Champions] VGC 2026 Reg M-B\n|rated|\n|rule|Species Clause: Limit one of each Pokémon\n|rule|Item Clause: Limit 1 of each item\n|clearpoke\n|poke|p1|Kingambit, L50, M|\n|poke|p1|Aerodactyl, L50, M|\n|poke|p1|Tyranitar, L50, F|\n|poke|p1|Whimsicott, L50, F|\n|poke|p1|Sinistcha-Masterpiece, L50|\n|poke|p1|Garchomp, L50, F|\n|poke|p2|Garchomp, L50, F|\n|poke|p2|Charizard, L50, F|\n|poke|p2|Whimsicott, L50, F|\n|poke|p2|Sylveon, L50, M|\n|poke|p2|Kingambit, L50, F|\n|poke|p2|Basculegion, L50, M|\n|teampreview|4\n|inactive|Battle timer is ON: inactive players will automatically lose when time's up. (requested by Thornlace48812)\nThornlace48812 rejected open team sheets.\n|inactive|mnjademn has 60 seconds left.\n|\n|t:|1788325188\n|teamsize|p1|4\n|teamsize|p2|4\n|start\n|switch|p1a: Tyranitar|Tyranitar, L50, F|100/100\n|switch|p1b: Aerodactyl|Aerodactyl, L50, M|100/100\n|switch|p2a: Charizard|Charizard, L50, F|100/100\n|switch|p2b: Whimsicott|Whimsicott, L50, F|100/100\n|-ability|p1b: Aerodactyl|Unnerve\n|-weather|Sandstorm|[from] ability: Sand Stream|[of] p1a: Tyranitar\n|turn|1\n|\n|t:|1788325199\n|detailschange|p1b: Aerodactyl|Aerodactyl-Mega, L50, M\n|-mega|p1b: Aerodactyl|Aerodactyl|Aerodactylite\n|detailschange|p2a: Charizard|Charizard-Mega-Y, L50, F\n|-mega|p2a: Charizard|Charizard|Charizardite Y\n|-weather|SunnyDay|[from] ability: Drought|[of] p2a: Charizard\n|move|p1a: Tyranitar|Protect|p1a: Tyranitar\n|-singleturn|p1a: Tyranitar|Protect\n|move|p2b: Whimsicott|Tailwind|p2b: Whimsicott\n|-sidestart|p2: Thornlace48812|move: Tailwind\n|move|p2a: Charizard|Heat Wave|p1a: Tyranitar|[spread] \n|-activate|p1a: Tyranitar|move: Protect\n|-miss|p2a: Charizard|p1b: Aerodactyl\n|move|p1b: Aerodactyl|Rock Slide|p2b: Whimsicott|[spread] p2a,p2b\n|-supereffective|p2a: Charizard|2\n|-crit|p2b: Whimsicott\n|-damage|p2a: Charizard|0 fnt\n|-damage|p2b: Whimsicott|22/100\n|faint|p2a: Charizard\n|\n|-weather|SunnyDay|[upkeep]\n|upkeep\n|\n|t:|1788325199\n|switch|p2a: Sylveon|Sylveon, L50, M|100/100\n|turn|2\n|\n|t:|1788325221\n|switch|p1a: Whimsicott|Whimsicott, L50, F|100/100\n|move|p1b: Aerodactyl|Protect|p1b: Aerodactyl\n|-singleturn|p1b: Aerodactyl|Protect\n|move|p2b: Whimsicott|Moonblast|p1b: Aerodactyl\n|-activate|p1b: Aerodactyl|move: Protect\n|move|p2a: Sylveon|Hyper Voice|p1a: Whimsicott|[spread] p1a\n|-activate|p1b: Aerodactyl|move: Protect\n|-damage|p1a: Whimsicott|27/100\n|\n|-weather|SunnyDay|[upkeep]\n|upkeep\n|turn|3\n|\n|t:|1788325231\n|move|p1a: Whimsicott|Tailwind|p1a: Whimsicott\n|-sidestart|p1: mnjademn|move: Tailwind\n|move|p1b: Aerodactyl|Rock Slide|p2b: Whimsicott|[spread] p2a,p2b\n|-damage|p2a: Sylveon|53/100\n|-damage|p2b: Whimsicott|0 fnt\n|faint|p2b: Whimsicott\n|cant|p2a: Sylveon|flinch\n|\n|-weather|SunnyDay|[upkeep]\n|upkeep\n|\n|t:|1788325233\n|switch|p2b: Basculegion|Basculegion, L50, M|100/100\n|turn|4\n|\n|t:|1788325247\n|move|p2b: Basculegion|Aqua Jet|p1b: Aerodactyl\n|-supereffective|p1b: Aerodactyl|1\n|-damage|p1b: Aerodactyl|54/100\n|move|p1b: Aerodactyl|Dual Wingbeat|p2b: Basculegion\n|-damage|p2b: Basculegion|65/100\n|-crit|p2b: Basculegion\n|-damage|p2b: Basculegion|15/100\n|-hitcount|p2b: Basculegion|2\n|move|p1a: Whimsicott|Dazzling Gleam|p2a: Sylveon|[spread] p2a,p2b\n|-damage|p2a: Sylveon|37/100\n|-damage|p2b: Basculegion|0 fnt\n|faint|p2b: Basculegion\n|move|p2a: Sylveon|Hyper Voice|p1b: Aerodactyl|[spread] p1a,p1b\n|-damage|p1a: Whimsicott|0 fnt\n|-damage|p1b: Aerodactyl|1/100\n|faint|p1a: Whimsicott\n|\n|-weather|SunnyDay|[upkeep]\n|-sideend|p2: Thornlace48812|move: Tailwind\n|upkeep\n|\n|t:|1788325254\n|switch|p1a: Tyranitar|Tyranitar, L50, F|100/100\n|-weather|Sandstorm|[from] ability: Sand Stream|[of] p1a: Tyranitar\n|turn|5\n|\n|t:|1788325262\n|move|p2a: Sylveon|Detect|p2a: Sylveon\n|-singleturn|p2a: Sylveon|Protect\n|move|p1b: Aerodactyl|Rock Slide|p2a: Sylveon\n|-activate|p2a: Sylveon|move: Protect\n|move|p1a: Tyranitar|Earthquake|p2a: Sylveon|[spread] \n|-activate|p2a: Sylveon|move: Protect\n|-immune|p1b: Aerodactyl\n|\n|-weather|Sandstorm|[upkeep]\n|-damage|p2a: Sylveon|31/100|[from] Sandstorm\n|upkeep\n|turn|6\n|\n|t:|1788325266\n|move|p2a: Sylveon|Quick Attack|p1b: Aerodactyl\n|-damage|p1b: Aerodactyl|0 fnt\n|faint|p1b: Aerodactyl\n|move|p1a: Tyranitar|Earthquake|p2a: Sylveon\n|-damage|p2a: Sylveon|0 fnt\n|faint|p2a: Sylveon\n|\n|win|mnjademn\n|raw|mnjademn's rating: 1118 &rarr; <strong>1145</strong><br />(+27 for winning)\n|raw|Thornlace48812's rating: 1150 &rarr; <strong>1123</strong><br />(-27 for losing)\n","uploadtime":1788325266,"views":"6","formatid":"gen9championsvgc2026regmb","rating":1123,"private":0,"password":null}