{"id":"gen9championsvgc2026regmbbo3-2674678030","format":"[Gen 9 Champions] VGC 2026 Reg M-B (Bo3)","players":["disciple of blahaj","Descugi"],"log":"|j|☆disciple of blahaj\n|j|☆Descugi\n|html|<table width=\"100%\"><tr><td align=\"left\">disciple of blahaj</td><td align=\"right\">Descugi</tr><tr><td align=\"left\"><i class=\"fa fa-circle-o\"></i> <i class=\"fa fa-circle-o\"></i> </td><td align=\"right\"><i class=\"fa fa-circle-o\"></i> <i class=\"fa fa-circle-o\"></i> </tr></table>\n|uhtml|bestof|<h2><strong>Game 1</strong> of <a href=\"/game-bestof3-gen9championsvgc2026regmbbo3-2674678029\">a best-of-3</a></h2>\n|t:|1788389180\n|gametype|doubles\n|player|p1|disciple of blahaj|jacinthe|1218\n|player|p2|Descugi|265|1268\n|gen|9\n|tier|[Gen 9 Champions] VGC 2026 Reg M-B (Bo3)\n|rated|\n|rule|Species Clause: Limit one of each Pokémon\n|rule|Item Clause: Limit 1 of each item\n|clearpoke\n|poke|p1|Eelektross, L50, F|\n|poke|p1|Garchomp, L50, F|\n|poke|p1|Aerodactyl, L50, F|\n|poke|p1|Sinistcha, L50|\n|poke|p1|Toxapex, L50, F|\n|poke|p1|Froslass, L50, F, shiny|\n|poke|p2|Staraptor, L50, M|\n|poke|p2|Arcanine-Hisui, L50, M|\n|poke|p2|Kingambit, L50, M|\n|poke|p2|Sylveon, L50, F|\n|poke|p2|Raichu, L50, F|\n|poke|p2|Farigiraf, L50, M|\n|teampreview|4\n|showteam|p1|Eelektross||Eelektrossite|Levitate|Protect,Discharge,VoltSwitch,Flamethrower|Modest||F|||50|]Garchomp||ChoiceScarf|RoughSkin|Earthquake,RockSlide,DragonClaw,StompingTantrum|Adamant||F|||50|]Aerodactyl||FocusSash|Unnerve|Protect,RockSlide,DualWingbeat,Tailwind|Jolly||F|||50|]Sinistcha||SitrusBerry|Hospitality|Protect,MatchaGotcha,ShadowBall,TrickRoom|Calm|||||50|]Toxapex||Leftovers|Regenerator|BanefulBunker,Toxic,Infestation,WideGuard|Sassy||F|||50|]Froslass||Froslassite|CursedBody|AuroraVeil,Blizzard,ShadowBall,Taunt|Modest||F|||50|\n|showteam|p2|Staraptor||Staraptite|Intimidate|DualWingbeat,CloseCombat,Tailwind,Protect|Jolly||M|||50|]Arcanine-Hisui||FocusSash|RockHead|FlareBlitz,HeadSmash,ExtremeSpeed,Protect|Jolly||M|||50|]Kingambit||LifeOrb|Defiant|KowtowCleave,SuckerPunch,SwordsDance,Protect|Adamant||M|||50|]Sylveon||FairyFeather|Pixilate|HyperVoice,HyperBeam,QuickAttack,Detect|Modest||F|||50|]Raichu||RaichuniteY|LightningRod|ZapCannon,FocusBlast,FakeOut,Protect|Timid||F|||50|]Farigiraf||SitrusBerry|ArmorTail|Psychic,HelpingHand,TrickRoom,Protect|Calm||M|||50|\n|inactive|Battle timer is ON: inactive players will automatically lose when time's up. (requested by disciple of blahaj)\n|\n|t:|1788389240\n|teamsize|p1|4\n|teamsize|p2|4\n|start\n|switch|p1a: Eskeelators|Eelektross, L50, F|100/100\n|switch|p1b: Blåhaj|Garchomp, L50, F|100/100\n|switch|p2a: Staraptor|Staraptor, L50, M|100/100\n|switch|p2b: Sylveon|Sylveon, L50, F|100/100\n|-ability|p2a: Staraptor|Intimidate|boost\n|-unboost|p1a: Eskeelators|atk|1\n|-unboost|p1b: Blåhaj|atk|1\n|turn|1\n|\n|t:|1788389263\n|switch|p1b: Chai Tea|Sinistcha, L50|100/100\n|switch|p2a: Raichu|Raichu, L50, F|100/100\n|detailschange|p1a: Eskeelators|Eelektross-Mega, L50, F\n|-mega|p1a: Eskeelators|Eelektross|Eelektrossite\n|move|p1a: Eskeelators|Discharge|p2a: Raichu|[spread] p1b,p2b\n|-ability|p2a: Raichu|Lightning Rod|boost\n|-boost|p2a: Raichu|spa|1\n|-resisted|p1b: Chai Tea|1\n|-crit|p1b: Chai Tea\n|-damage|p1b: Chai Tea|76/100\n|-damage|p2b: Sylveon|72/100\n|-status|p1b: Chai Tea|par\n|move|p2b: Sylveon|Hyper Voice|p1b: Chai Tea|[spread] p1a,p1b\n|-damage|p1a: Eskeelators|50/100g\n|-damage|p1b: Chai Tea|33/100 par\n|-enditem|p1b: Chai Tea|Sitrus Berry|[eat]\n|-heal|p1b: Chai Tea|58/100 par|[from] item: Sitrus Berry\n|\n|upkeep\n|turn|2\n|inactive|disciple of blahaj has 30 seconds left.\n|\n|t:|1788389293\n|move|p1a: Eskeelators|Protect|p1a: Eskeelators\n|-singleturn|p1a: Eskeelators|Protect\n|move|p2a: Raichu|Fake Out|p1a: Eskeelators\n|-activate|p1a: Eskeelators|move: Protect\n|move|p2b: Sylveon|Hyper Voice|p1b: Chai Tea|[spread] p1b\n|-activate|p1a: Eskeelators|move: Protect\n|-damage|p1b: Chai Tea|15/100 par\n|move|p1b: Chai Tea|Matcha Gotcha|p2b: Sylveon|[spread] p2a,p2b\n|-damage|p2a: Raichu|71/100\n|-heal|p1b: Chai Tea|29/100 par|[from] drain|[of] p2a: Raichu\n|-damage|p2b: Sylveon|54/100\n|-heal|p1b: Chai Tea|38/100 par|[from] drain|[of] p2b: Sylveon\n|\n|upkeep\n|turn|3\n|\n|t:|1788389316\n|move|p2a: Raichu|Focus Blast|p1a: Eskeelators|[miss]\n|-miss|p2a: Raichu|p1a: Eskeelators\n|move|p1a: Eskeelators|Flamethrower|p2b: Sylveon\n|-damage|p2b: Sylveon|27/100\n|-status|p2b: Sylveon|brn\n|move|p2b: Sylveon|Hyper Voice|p1b: Chai Tea|[spread] p1a,p1b\n|-damage|p1a: Eskeelators|3/100\n|-damage|p1b: Chai Tea|0 fnt\n|faint|p1b: Chai Tea\n|\n|-damage|p2b: Sylveon|21/100 brn|[from] brn\n|upkeep\n|\n|t:|1788389332\n|switch|p1b: Blåhaj|Garchomp, L50, F|100/100\n|turn|4\n|\n|t:|1788389346\n|switch|p1a: Pterra|Aerodactyl, L50, F|100/100\n|-ability|p1a: Pterra|Unnerve\n|move|p2a: Raichu|Protect|p2a: Raichu\n|-singleturn|p2a: Raichu|Protect\n|move|p2b: Sylveon|Quick Attack|p1b: Blåhaj\n|-supereffective|p1b: Blåhaj|1\n|-damage|p1b: Blåhaj|87/100\n|-damage|p2b: Sylveon|9/100 brn|[from] ability: Rough Skin|[of] p1b: Blåhaj\n|move|p1b: Blåhaj|Rock Slide|p2b: Sylveon|[spread] p2b\n|-activate|p2a: Raichu|move: Protect\n|-damage|p2b: Sylveon|0 fnt\n|faint|p2b: Sylveon\n|\n|upkeep\n|\n|t:|1788389363\n|switch|p2b: Staraptor|Staraptor, L50, M|100/100\n|-ability|p2b: Staraptor|Intimidate|boost\n|-unboost|p1a: Pterra|atk|1\n|-unboost|p1b: Blåhaj|atk|1\n|turn|5\n|inactive|Descugi has 30 seconds left.\n|inactive|Descugi has 20 seconds left.\n|inactive|Descugi has 15 seconds left.\n|inactive|Descugi has 10 seconds left.\n|\n|t:|1788389408\n|detailschange|p2b: Staraptor|Staraptor-Mega, L50, M\n|-mega|p2b: Staraptor|Staraptor|Staraptite\n|move|p1b: Blåhaj|Rock Slide|p2b: Staraptor|[spread] p2b\n|-miss|p1b: Blåhaj|p2a: Raichu\n|-damage|p2b: Staraptor|85/100\n|move|p1a: Pterra|Rock Slide|p2b: Staraptor|[spread] p2a,p2b\n|-damage|p2a: Raichu|46/100\n|-damage|p2b: Staraptor|69/100\n|move|p2b: Staraptor|Close Combat|p1b: Blåhaj\n|-damage|p1b: Blåhaj|23/100\n|-boost|p2b: Staraptor|def|1\n|-boost|p2b: Staraptor|spd|1\n|-damage|p2b: Staraptor|57/100|[from] ability: Rough Skin|[of] p1b: Blåhaj\n|cant|p2a: Raichu|flinch\n|\n|upkeep\n|turn|6\n|\n|t:|1788389430\n|move|p2a: Raichu|Protect|p2a: Raichu\n|-singleturn|p2a: Raichu|Protect\n|move|p1b: Blåhaj|Rock Slide|p2a: Raichu|[spread] p2b\n|-activate|p2a: Raichu|move: Protect\n|-damage|p2b: Staraptor|48/100\n|move|p1a: Pterra|Rock Slide|p2b: Staraptor|[spread] p2b\n|-activate|p2a: Raichu|move: Protect\n|-damage|p2b: Staraptor|37/100\n|cant|p2b: Staraptor|flinch\n|\n|upkeep\n|turn|7\n|\n|t:|1788389448\n|switch|p2a: Farigiraf|Farigiraf, L50, M|100/100\n|move|p1b: Blåhaj|Rock Slide|p2a: Farigiraf|[spread] p2a,p2b\n|-damage|p2a: Farigiraf|85/100\n|-damage|p2b: Staraptor|27/100\n|move|p1a: Pterra|Rock Slide|p2a: Farigiraf|[spread] p2a,p2b\n|-crit|p2b: Staraptor\n|-damage|p2a: Farigiraf|70/100\n|-damage|p2b: Staraptor|0 fnt\n|faint|p2b: Staraptor\n|\n|upkeep\n|\n|t:|1788389458\n|switch|p2b: Raichu|Raichu, L50, F|46/100\n|turn|8\n|\n|t:|1788389473\n|switch|p1b: Eskeelators|Eelektross-Mega, L50, F|3/100\n|move|p2b: Raichu|Fake Out|p1a: Pterra\n|-resisted|p1a: Pterra|1\n|-damage|p1a: Pterra|93/100\n|cant|p1a: Pterra|flinch\n|move|p2a: Farigiraf|Trick Room|p2a: Farigiraf\n|-fieldstart|move: Trick Room|[of] p2a: Farigiraf\n|\n|upkeep\n|turn|9\n|\n|t:|1788389497\n|move|p1b: Eskeelators|Protect|p1b: Eskeelators\n|-singleturn|p1b: Eskeelators|Protect\n|move|p2a: Farigiraf|Psychic|p1b: Eskeelators\n|-activate|p1b: Eskeelators|move: Protect\n|move|p2b: Raichu|Zap Cannon|p1a: Pterra|[miss]\n|-miss|p2b: Raichu|p1a: Pterra\n|move|p1a: Pterra|Rock Slide|p2b: Raichu|[spread] p2a,p2b\n|-damage|p2a: Farigiraf|53/100\n|-damage|p2b: Raichu|18/100\n|\n|upkeep\n|turn|10\n|\n|t:|1788389511\n|switch|p1b: Blåhaj|Garchomp, L50, F|23/100\n|move|p2a: Farigiraf|Psychic|p1b: Blåhaj\n|-damage|p1b: Blåhaj|0 fnt\n|faint|p1b: Blåhaj\n|move|p2b: Raichu|Zap Cannon|p1a: Pterra\n|-supereffective|p1a: Pterra|1\n|-damage|p1a: Pterra|0 fnt\n|faint|p1a: Pterra\n|\n|upkeep\n|\n|t:|1788389520\n|switch|p1a: Eskeelators|Eelektross-Mega, L50, F|3/100\n|turn|11\n|\n|t:|1788389525\n|move|p2a: Farigiraf|Psychic|p1a: Eskeelators\n|-damage|p1a: Eskeelators|0 fnt\n|faint|p1a: Eskeelators\n|\n|win|Descugi\n||Descugi is ready for game 2.\n||disciple of blahaj is ready for game 2.\n|uhtml|next|Next: <a href=\"/battle-gen9championsvgc2026regmbbo3-2674680346\"><strong>Game 2 of 3</strong></a>\n|l|☆Descugi\n|player|p2|\n","uploadtime":1788390023,"views":"1","formatid":"gen9championsvgc2026regmbbo3","rating":null,"private":0,"password":null}