{"id":"gen9championsvgc2026regmb-2674851774","format":"[Gen 9 Champions] VGC 2026 Reg M-B","players":["thebigch33se","thayerkash"],"log":"|j|☆thebigch33se\n|j|☆thayerkash\n|html|<table width=\"100%\"><tr><td align=\"left\">thebigch33se</td><td align=\"right\">thayerkash</tr><tr><td align=\"left\"><i class=\"fa fa-circle-o\"></i> <i class=\"fa fa-circle-o\"></i> </td><td align=\"right\"><i class=\"fa fa-circle-o\"></i> <i class=\"fa fa-circle-o\"></i> </tr></table>\n|uhtml|bestof|<h2><strong>Game 1</strong> of <a href=\"/game-bestof3-gen9championsvgc2026regmb-2674851773\">a best-of-3</a></h2>\n|t:|1788421272\n|gametype|doubles\n|player|p1|thebigch33se|169|\n|player|p2|thayerkash|alder|\n|gen|9\n|tier|[Gen 9 Champions] VGC 2026 Reg M-B\n|rule|Species Clause: Limit one of each Pokémon\n|rule|Item Clause: Limit 1 of each item\n|raw|<div class=\"infobox\"><details class=\"readmore\" open><summary><strong>2 custom rules:</strong></summary> Best of = 3, !Open Team Sheets</details></div>\n|clearpoke\n|poke|p1|Lucario, L50, M|\n|poke|p1|Rotom-Wash, L50|\n|poke|p1|Delphox, L50, F|\n|poke|p1|Kleavor, L50, M|\n|poke|p1|Garchomp, L50, F|\n|poke|p1|Ditto, L50|\n|poke|p2|Pyroar, L50, F|\n|poke|p2|Staraptor, L50, F|\n|poke|p2|Ninetales-Alola, L50, M|\n|poke|p2|Quaquaval, L50, F|\n|poke|p2|Noivern, L50, M, shiny|\n|poke|p2|Grimmsnarl, L50, M|\n|teampreview|4\n|c|☆thebigch33se|glhf! can i have a minute to take notes :)\n|c|☆thayerkash|Sure\n|\n|t:|1788421348\n|teamsize|p1|4\n|teamsize|p2|4\n|start\n|switch|p1a: Marrakesh|Lucario, L50, M|100/100\n|switch|p1b: Nairobi|Kleavor, L50, M|100/100\n|switch|p2a: Noivern|Noivern, L50, M, shiny|100/100\n|switch|p2b: Quaquaval|Quaquaval, L50, F|100/100\n|-item|p1a: Marrakesh|Lucarionite|[from] ability: Frisk|[of] p2a: Noivern\n|-item|p1b: Nairobi|Focus Sash|[from] ability: Frisk|[of] p2a: Noivern\n|turn|1\n|\n|t:|1788421384\n|move|p1a: Marrakesh|Detect|p1a: Marrakesh\n|-singleturn|p1a: Marrakesh|Protect\n|move|p2a: Noivern|Tailwind|p2a: Noivern\n|-sidestart|p2: thayerkash|move: Tailwind\n|move|p2b: Quaquaval|Aqua Step|p1b: Nairobi\n|-supereffective|p1b: Nairobi|1\n|-enditem|p1b: Nairobi|Focus Sash\n|-damage|p1b: Nairobi|1/100\n|-boost|p2b: Quaquaval|spe|1\n|move|p1b: Nairobi|Tailwind|p1b: Nairobi\n|-sidestart|p1: thebigch33se|move: Tailwind\n|\n|upkeep\n|turn|2\n|\n|t:|1788421431\n|detailschange|p1a: Marrakesh|Lucario-Mega, L50, M\n|-mega|p1a: Marrakesh|Lucario|Lucarionite\n|move|p2b: Quaquaval|Close Combat|p1a: Marrakesh\n|-supereffective|p1a: Marrakesh|1\n|-damage|p1a: Marrakesh|0 fnt\n|-unboost|p2b: Quaquaval|def|1\n|-unboost|p2b: Quaquaval|spd|1\n|faint|p1a: Marrakesh\n|-ability|p2b: Quaquaval|Moxie|boost\n|-boost|p2b: Quaquaval|atk|1\n|move|p2a: Noivern|Dark Pulse|p1b: Nairobi\n|-damage|p1b: Nairobi|0 fnt\n|faint|p1b: Nairobi\n|\n|upkeep\n|\n|t:|1788421467\n|switch|p1a: New York|Ditto, L50|100/100\n|switch|p1b: Zurich|Rotom-Wash, L50|100/100\n|-transform|p1a: New York|p2b: Quaquaval|[from] ability: Imposter\n|turn|3\n|\n|t:|1788421513\n|move|p1a: New York|Protect|p1a: New York\n|-singleturn|p1a: New York|Protect\n|move|p2b: Quaquaval|Protect|p2b: Quaquaval\n|-singleturn|p2b: Quaquaval|Protect\n|move|p2a: Noivern|Draco Meteor|p1a: New York\n|-activate|p1a: New York|move: Protect\n|move|p1b: Zurich|Reflect|p1b: Zurich\n|-sidestart|p1: thebigch33se|Reflect\n|\n|upkeep\n|turn|4\n|\n|t:|1788421541\n|move|p2b: Quaquaval|Close Combat|p1b: Zurich\n|-damage|p1b: Zurich|32/100\n|-unboost|p2b: Quaquaval|def|1\n|-unboost|p2b: Quaquaval|spd|1\n|-enditem|p1b: Zurich|Sitrus Berry|[eat]\n|-heal|p1b: Zurich|56/100|[from] item: Sitrus Berry\n|move|p1a: New York|Triple Axel|p2a: Noivern\n|-supereffective|p2a: Noivern|2\n|-damage|p2a: Noivern|52/100\n|-supereffective|p2a: Noivern|2\n|-damage|p2a: Noivern|0 fnt\n|faint|p2a: Noivern\n|-ability|p1a: New York|Moxie|boost\n|-boost|p1a: New York|atk|1\n|-hitcount|p2: Noivern|2\n|move|p1b: Zurich|Hydro Pump|p2b: Quaquaval\n|-resisted|p2b: Quaquaval|1\n|-damage|p2b: Quaquaval|46/100\n|\n|-heal|p2b: Quaquaval|52/100|[from] item: Leftovers\n|-sideend|p2: thayerkash|move: Tailwind\n|-sideend|p1: thebigch33se|move: Tailwind\n|upkeep\n|\n|t:|1788421562\n|switch|p2a: Ninetales|Ninetales-Alola, L50, M|100/100\n|-weather|Snowscape|[from] ability: Snow Warning|[of] p2a: Ninetales\n|turn|5\n|\n|t:|1788421601\n|move|p2a: Ninetales|Dazzling Gleam|p1a: New York|[spread] p1a,p1b\n|-supereffective|p1a: New York|1\n|-damage|p1a: New York|0 fnt\n|-damage|p1b: Zurich|33/100\n|faint|p1a: New York\n|move|p2b: Quaquaval|Close Combat|p1b: Zurich\n|-damage|p1b: Zurich|0 fnt\n|-unboost|p2b: Quaquaval|def|1\n|-unboost|p2b: Quaquaval|spd|1\n|faint|p1b: Zurich\n|\n|win|thayerkash\n||thebigch33se is ready for game 2.\n|inactive|thayerkash has 30 seconds to confirm battle start!\n||thayerkash is ready for game 2.\n|uhtml|next|Next: <a href=\"/battle-gen9championsvgc2026regmb-2674853134\"><strong>Game 2 of 3</strong></a>\n","uploadtime":1788421956,"views":"19","formatid":"gen9championsvgc2026regmb","rating":null,"private":0,"password":null}