{"id":"gen9championsvgc2026regmb-2674440548","format":"[Gen 9 Champions] VGC 2026 Reg M-B","players":["ilya no money","Heavyairplane"],"log":"|j|☆ilya no money\n|j|☆Heavyairplane\n|t:|1788360107\n|gametype|doubles\n|player|p1|ilya no money|lusamine-masters|1233\n|player|p2|Heavyairplane|rood|1222\n|gen|9\n|tier|[Gen 9 Champions] VGC 2026 Reg M-B\n|rated|\n|rule|Species Clause: Limit one of each Pokémon\n|rule|Item Clause: Limit 1 of each item\n|clearpoke\n|poke|p1|Pelipper, L50, F|\n|poke|p1|Swampert, L50, F|\n|poke|p1|Archaludon, L50, M|\n|poke|p1|Sableye, L50, M|\n|poke|p1|Basculegion, L50, M|\n|poke|p1|Meganium, L50, M, shiny|\n|poke|p2|Staraptor, L50, F|\n|poke|p2|Kingambit, L50, F|\n|poke|p2|Sylveon, L50, M, shiny|\n|poke|p2|Dragonite, L50, M|\n|poke|p2|Froslass, L50, F|\n|poke|p2|Whimsicott, L50, M|\n|teampreview|4\n|inactive|Battle timer is ON: inactive players will automatically lose when time's up. (requested by Heavyairplane)\n|inactive|ilya no money also wants the timer to be on.\n|inactive|ilya no money has 60 seconds left.\n|\n|t:|1788360139\n|teamsize|p1|4\n|teamsize|p2|4\n|start\n|switch|p1a: Pelipper|Pelipper, L50, F|100/100\n|switch|p1b: Archaludon|Archaludon, L50, M|100/100\n|switch|p2a: Froslass|Froslass, L50, F|100/100\n|switch|p2b: Sylveon|Sylveon, L50, M, shiny|100/100\n|-weather|RainDance|[from] ability: Drizzle|[of] p1a: Pelipper\n|turn|1\n|\n|t:|1788360160\n|detailschange|p2a: Froslass|Froslass-Mega, L50, F\n|-mega|p2a: Froslass|Froslass|Froslassite\n|-weather|Snowscape|[from] ability: Snow Warning|[of] p2a: Froslass\n|move|p2a: Froslass|Aurora Veil|p2a: Froslass\n|-sidestart|p2: Heavyairplane|move: Aurora Veil\n|move|p1b: Archaludon|Flash Cannon|p2b: Sylveon\n|-supereffective|p2b: Sylveon|1\n|-damage|p2b: Sylveon|55/100\n|move|p2b: Sylveon|Hyper Beam|p1b: Archaludon\n|-damage|p1b: Archaludon|0 fnt\n|-mustrecharge|p2b: Sylveon\n|faint|p1b: Archaludon\n|move|p1a: Pelipper|Tailwind|p1a: Pelipper\n|-sidestart|p1: ilya no money|move: Tailwind\n|\n|-weather|Snowscape|[upkeep]\n|upkeep\n|\n|t:|1788360166\n|switch|p1b: Basculegion|Basculegion, L50, M|100/100\n|turn|2\n|\n|t:|1788360178\n|switch|p1a: Swampert|Swampert, L50, F|100/100\n|move|p1b: Basculegion|Flip Turn|p2b: Sylveon\n|-damage|p2b: Sylveon|24/100\n|\n|t:|1788360183\n|switch|p1b: Pelipper|Pelipper, L50, F|100/100|[from] Flip Turn\n|-weather|RainDance|[from] ability: Drizzle|[of] p1b: Pelipper\n|move|p2a: Froslass|Shadow Ball|p1b: Pelipper\n|-damage|p1b: Pelipper|58/100\n|cant|p2b: Sylveon|recharge\n|\n|-weather|RainDance|[upkeep]\n|upkeep\n|turn|3\n|\n|t:|1788360198\n|switch|p2a: Kingambit|Kingambit, L50, F|100/100\n|detailschange|p1a: Swampert|Swampert-Mega, L50, F\n|-mega|p1a: Swampert|Swampert|Swampertite\n|move|p2b: Sylveon|Detect|p2b: Sylveon\n|-singleturn|p2b: Sylveon|Protect\n|move|p1a: Swampert|Wave Crash|p2a: Kingambit\n|-damage|p2a: Kingambit|35/100\n|-damage|p1a: Swampert|78/100|[from] Recoil\n|move|p1b: Pelipper|Weather Ball|p2b: Sylveon\n|-activate|p2b: Sylveon|move: Protect\n|\n|-weather|RainDance|[upkeep]\n|upkeep\n|turn|4\n|\n|t:|1788360216\n|move|p1b: Pelipper|Protect|p1b: Pelipper\n|-singleturn|p1b: Pelipper|Protect\n|move|p2a: Kingambit|Sucker Punch||[still]\n|-fail|p2a: Kingambit\n|move|p1a: Swampert|Earthquake|p2b: Sylveon|[spread] p2a,p2b\n|-activate|p1b: Pelipper|move: Protect\n|-supereffective|p2a: Kingambit|1\n|-damage|p2a: Kingambit|0 fnt\n|-damage|p2b: Sylveon|0 fnt\n|faint|p2a: Kingambit\n|faint|p2b: Sylveon\n|\n|-weather|RainDance|[upkeep]\n|-sideend|p1: ilya no money|move: Tailwind\n|upkeep\n|\n|t:|1788360224\n|switch|p2a: Froslass|Froslass-Mega, L50, F|100/100\n|switch|p2b: Dragonite|Dragonite, L50, M|100/100\n|-weather|Snowscape|[from] ability: Snow Warning|[of] p2a: Froslass\n|turn|5\n|\n|t:|1788360239\n|switch|p1b: Basculegion|Basculegion, L50, M|100/100\n|move|p1a: Swampert|Wide Guard|p1a: Swampert\n|-singleturn|p1a: Swampert|Wide Guard\n|move|p2a: Froslass|Blizzard|p1a: Swampert|[spread] \n|-activate|p1a: Swampert|move: Wide Guard\n|-activate|p1b: Basculegion|move: Wide Guard\n|move|p2b: Dragonite|Tailwind|p2b: Dragonite\n|-sidestart|p2: Heavyairplane|move: Tailwind\n|\n|-weather|Snowscape|[upkeep]\n|-sideend|p2: Heavyairplane|move: Aurora Veil\n|upkeep\n|turn|6\n|\n|t:|1788360254\n|switch|p1b: Pelipper|Pelipper, L50, F|58/100\n|-weather|RainDance|[from] ability: Drizzle|[of] p1b: Pelipper\n|move|p2a: Froslass|Shadow Ball|p1b: Pelipper\n|-damage|p1b: Pelipper|14/100\n|move|p2b: Dragonite|Dragon Claw|p1a: Swampert\n|-damage|p1a: Swampert|16/100\n|-damage|p2b: Dragonite|90/100|[from] item: Life Orb\n|move|p1a: Swampert|Ice Punch|p2b: Dragonite\n|-supereffective|p2b: Dragonite|2\n|-damage|p2b: Dragonite|0 fnt\n|faint|p2b: Dragonite\n|\n|-weather|RainDance|[upkeep]\n|upkeep\n|turn|7\n|inactive|ilya no money has 30 seconds left.\n|\n|t:|1788360284\n|move|p1a: Swampert|Wide Guard|p1a: Swampert\n|-singleturn|p1a: Swampert|Wide Guard\n|move|p2a: Froslass|Shadow Ball|p1a: Swampert\n|-damage|p1a: Swampert|0 fnt\n|faint|p1a: Swampert\n|move|p1b: Pelipper|Tailwind|p1b: Pelipper\n|-sidestart|p1: ilya no money|move: Tailwind\n|\n|-weather|RainDance|[upkeep]\n|upkeep\n|\n|t:|1788360290\n|switch|p1a: Basculegion|Basculegion, L50, M|100/100\n|turn|8\n|\n|t:|1788360293\n|move|p1a: Basculegion|Last Respects|p2a: Froslass\n|-supereffective|p2a: Froslass|1\n|-damage|p2a: Froslass|0 fnt\n|faint|p2a: Froslass\n|\n|win|ilya no money\n|raw|ilya no money's rating: 1233 &rarr; <strong>1257</strong><br />(+24 for winning)\n|raw|Heavyairplane's rating: 1222 &rarr; <strong>1198</strong><br />(-24 for losing)\n|l|☆Heavyairplane\n|player|p2|\n","uploadtime":1788360306,"views":"1","formatid":"gen9championsvgc2026regmb","rating":1198,"private":0,"password":null}