{"id":"gen9championsvgc2026regmb-2674399512","format":"[Gen 9 Champions] VGC 2026 Reg M-B","players":["eres x","b0urd0n"],"log":"|j|☆eres x\n|j|☆b0urd0n\n|t:|1788354933\n|gametype|doubles\n|player|p1|eres x|1|1113\n|player|p2|b0urd0n|n|1131\n|gen|9\n|tier|[Gen 9 Champions] VGC 2026 Reg M-B\n|rated|\n|rule|Species Clause: Limit one of each Pokémon\n|rule|Item Clause: Limit 1 of each item\n|clearpoke\n|poke|p1|Rotom-Wash, L50, shiny|\n|poke|p1|Sneasler, L50, F|\n|poke|p1|Staraptor, L50, F|\n|poke|p1|Whimsicott, L50, M|\n|poke|p1|Raichu, L50, F|\n|poke|p1|Incineroar, L50, F, shiny|\n|poke|p2|Floette-Eternal, L50, F|\n|poke|p2|Incineroar, L50, M|\n|poke|p2|Sneasler, L50, M|\n|poke|p2|Sinistcha-Masterpiece, L50|\n|poke|p2|Kingambit, L50, F|\n|poke|p2|Aerodactyl, L50, M|\n|teampreview|4\n|inactive|Battle timer is ON: inactive players will automatically lose when time's up. (requested by eres x)\n|\n|t:|1788355000\n|teamsize|p1|4\n|teamsize|p2|4\n|start\n|switch|p1a: Dyson|Rotom-Wash, L50, shiny|100/100\n|switch|p1b: IPad Baby|Sneasler, L50, F|100/100\n|switch|p2a: Hax|Sneasler, L50, M|100/100\n|switch|p2b: Murasaki...|Floette-Eternal, L50, F|100/100\n|turn|1\n|inactive|eres x has 30 seconds left.\n|\n|t:|1788355030\n|detailschange|p2b: Murasaki...|Floette-Mega, L50, F\n|-mega|p2b: Murasaki...|Floette|Floettite\n|-ability|p2b: Murasaki...|Fairy Aura\n|move|p2a: Hax|Fake Out|p1b: IPad Baby\n|-damage|p1b: IPad Baby|75/100\n|cant|p1b: IPad Baby|flinch\n|move|p1a: Dyson|Will-O-Wisp|p2a: Hax\n|-status|p2a: Hax|brn\n|move|p2b: Murasaki...|Psychic|p1b: IPad Baby\n|-supereffective|p1b: IPad Baby|2\n|-damage|p1b: IPad Baby|0 fnt\n|faint|p1b: IPad Baby\n|\n|-damage|p2a: Hax|94/100 brn|[from] brn\n|upkeep\n|\n|t:|1788355046\n|switch|p1b: Mr Struggle|Incineroar, L50, F, shiny|100/100\n|-ability|p1b: Mr Struggle|Intimidate|boost\n|-unboost|p2a: Hax|atk|1\n|-unboost|p2b: Murasaki...|atk|1\n|turn|2\n|\n|t:|1788355058\n|switch|p1a: AHRAT|Raichu, L50, F|100/100\n|switch|p2a: Wolfey Con Perish|Incineroar, L50, M|100/100\n|-ability|p2a: Wolfey Con Perish|Intimidate|boost\n|-unboost|p1a: AHRAT|atk|1\n|-unboost|p1b: Mr Struggle|atk|1\n|move|p1b: Mr Struggle|Fake Out|p2b: Murasaki...\n|-damage|p2b: Murasaki...|90/100\n|cant|p2b: Murasaki...|flinch\n|\n|upkeep\n|turn|3\n|inactive|eres x has 30 seconds left.\n|\n|t:|1788355088\n|move|p1a: AHRAT|Protect|p1a: AHRAT\n|-singleturn|p1a: AHRAT|Protect\n|move|p2a: Wolfey Con Perish|Fake Out|p1a: AHRAT\n|-activate|p1a: AHRAT|move: Protect\n|move|p2b: Murasaki...|Dazzling Gleam|p1a: AHRAT|[spread] p1b\n|-activate|p1a: AHRAT|move: Protect\n|-damage|p1b: Mr Struggle|49/100\n|-enditem|p1b: Mr Struggle|Sitrus Berry|[eat]\n|-heal|p1b: Mr Struggle|73/100|[from] item: Sitrus Berry\n|move|p1b: Mr Struggle|Parting Shot|p2b: Murasaki...\n|-unboost|p2b: Murasaki...|atk|1\n|-unboost|p2b: Murasaki...|spa|1\n|\n|t:|1788355100\n|switch|p1b: Dyson|Rotom-Wash, L50, shiny|100/100|[from] Parting Shot\n|\n|upkeep\n|turn|4\n|\n|t:|1788355112\n|detailschange|p1a: AHRAT|Raichu-Mega-Y, L50, F\n|-mega|p1a: AHRAT|Raichu|Raichunite Y\n|move|p2b: Murasaki...|Protect|p2b: Murasaki...\n|-singleturn|p2b: Murasaki...|Protect\n|move|p1b: Dyson|Hydro Pump|p2a: Wolfey Con Perish\n|-supereffective|p2a: Wolfey Con Perish|1\n|-damage|p2a: Wolfey Con Perish|7/100\n|-enditem|p2a: Wolfey Con Perish|Sitrus Berry|[eat]\n|-heal|p2a: Wolfey Con Perish|32/100|[from] item: Sitrus Berry\n|move|p1a: AHRAT|Zap Cannon|p2b: Murasaki...\n|-activate|p2b: Murasaki...|move: Protect\n|move|p2a: Wolfey Con Perish|Parting Shot|p1a: AHRAT\n|-unboost|p1a: AHRAT|atk|1\n|-unboost|p1a: AHRAT|spa|1\n|\n|t:|1788355129\n|switch|p2a: Hax|Sneasler, L50, M|94/100 brn|[from] Parting Shot\n|\n|-damage|p2a: Hax|88/100 brn|[from] brn\n|upkeep\n|turn|5\n|\n|t:|1788355141\n|switch|p1a: Mr Struggle|Incineroar, L50, F, shiny|73/100\n|-ability|p1a: Mr Struggle|Intimidate|boost\n|-unboost|p2a: Hax|atk|1\n|-unboost|p2b: Murasaki...|atk|1\n|move|p2a: Hax|Fake Out|p1b: Dyson\n|-damage|p1b: Dyson|92/100\n|cant|p1b: Dyson|flinch\n|move|p2b: Murasaki...|Dazzling Gleam|p1a: Mr Struggle|[spread] p1a,p1b\n|-damage|p1a: Mr Struggle|39/100\n|-damage|p1b: Dyson|50/100g\n|\n|-damage|p2a: Hax|82/100 brn|[from] brn\n|upkeep\n|turn|6\n|\n|t:|1788355163\n|move|p1a: Mr Struggle|Fake Out|p2b: Murasaki...\n|-damage|p2b: Murasaki...|76/100\n|move|p1b: Dyson|Hydro Pump|p2a: Hax\n|-damage|p2a: Hax|16/100 brn\n|move|p2a: Hax|Close Combat|p1a: Mr Struggle\n|-supereffective|p1a: Mr Struggle|1\n|-damage|p1a: Mr Struggle|1/100\n|-unboost|p2a: Hax|def|1\n|-unboost|p2a: Hax|spd|1\n|cant|p2b: Murasaki...|flinch\n|\n|-damage|p2a: Hax|10/100 brn|[from] brn\n|upkeep\n|turn|7\n|\n|t:|1788355185\n|switch|p2a: Maché Macho|Sinistcha-Masterpiece, L50|100/100\n|-heal|p2b: Murasaki...|100/100|[from] ability: Hospitality|[of] p2a: Maché Macho\n|move|p2b: Murasaki...|Protect|p2b: Murasaki...\n|-singleturn|p2b: Murasaki...|Protect\n|move|p1b: Dyson|Hydro Pump|p2b: Murasaki...\n|-activate|p2b: Murasaki...|move: Protect\n|move|p1a: Mr Struggle|Parting Shot|p2b: Murasaki...\n|-activate|p2b: Murasaki...|move: Protect\n|\n|upkeep\n|turn|8\n|inactive|b0urd0n has 30 seconds left.\n|inactive|eres x has 30 seconds left.\n|inactive|b0urd0n has 20 seconds left.\n|inactive|b0urd0n has 15 seconds left.\n|\n|t:|1788355230\n|switch|p1b: AHRAT|Raichu-Mega-Y, L50, F|100/100\n|switch|p2b: Wolfey Con Perish|Incineroar, L50, M|32/100\n|-ability|p2b: Wolfey Con Perish|Intimidate|boost\n|-unboost|p1a: Mr Struggle|atk|1\n|-unboost|p1b: AHRAT|atk|1\n|move|p2a: Maché Macho|Matcha Gotcha|p1b: AHRAT|[spread] p1a,p1b\n|-resisted|p1a: Mr Struggle|1\n|-damage|p1a: Mr Struggle|0 fnt\n|-damage|p1b: AHRAT|48/100\n|faint|p1a: Mr Struggle\n|\n|upkeep\n|\n|t:|1788355241\n|switch|p1a: Dyson|Rotom-Wash, L50, shiny|50/100g\n|turn|9\n|inactive|b0urd0n has 30 seconds left.\n|\n|t:|1788355270\n|move|p2b: Wolfey Con Perish|Fake Out|p1a: Dyson\n|-damage|p1a: Dyson|31/100\n|cant|p1a: Dyson|flinch\n|move|p1b: AHRAT|Zap Cannon|p2b: Wolfey Con Perish\n|-damage|p2b: Wolfey Con Perish|0 fnt\n|faint|p2b: Wolfey Con Perish\n|move|p2a: Maché Macho|Trick Room|p2a: Maché Macho\n|-fieldstart|move: Trick Room|[of] p2a: Maché Macho\n|\n|upkeep\n|\n|t:|1788355278\n|switch|p2b: Murasaki...|Floette-Mega, L50, F|100/100\n|-ability|p2b: Murasaki...|Fairy Aura\n|turn|10\n|\n|t:|1788355292\n|move|p1b: AHRAT|Protect|p1b: AHRAT\n|-singleturn|p1b: AHRAT|Protect\n|move|p2a: Maché Macho|Matcha Gotcha|p1b: AHRAT|[spread] p1a\n|-activate|p1b: AHRAT|move: Protect\n|-supereffective|p1a: Dyson|1\n|-damage|p1a: Dyson|0 fnt\n|faint|p1a: Dyson\n|move|p2b: Murasaki...|Dazzling Gleam|p1b: AHRAT\n|-activate|p1b: AHRAT|move: Protect\n|\n|upkeep\n|turn|11\n|-message|eres x forfeited.\n|\n|win|b0urd0n\n|raw|eres x's rating: 1113 &rarr; <strong>1089</strong><br />(-24 for losing)\n|raw|b0urd0n's rating: 1131 &rarr; <strong>1155</strong><br />(+24 for winning)\n|l|☆eres x\n|player|p1|\n","uploadtime":1788355312,"views":"10","formatid":"gen9championsvgc2026regmb","rating":1089,"private":0,"password":null}