{"id":"gen9championsvgc2026regmb-2674607835","format":"[Gen 9 Champions] VGC 2026 Reg M-B","players":["Zapdos79","gangganggaaaang"],"log":"|j|☆Zapdos79\n|j|☆gangganggaaaang\n|t:|1788379659\n|gametype|doubles\n|player|p1|Zapdos79|flannery|1229\n|player|p2|gangganggaaaang|266|1243\n|gen|9\n|tier|[Gen 9 Champions] VGC 2026 Reg M-B\n|rated|\n|rule|Species Clause: Limit one of each Pokémon\n|rule|Item Clause: Limit 1 of each item\n|clearpoke\n|poke|p1|Espathra, L50, F|\n|poke|p1|Floette-Eternal, L50, F|\n|poke|p1|Charizard, L50, F|\n|poke|p1|Zoroark-Hisui, L50, F|\n|poke|p1|Sneasler, L50, F|\n|poke|p1|Kingambit, L50, M|\n|poke|p2|Pelipper, L50, F|\n|poke|p2|Swampert, L50, F|\n|poke|p2|Archaludon, L50, M|\n|poke|p2|Sneasler, L50, M|\n|poke|p2|Sableye, L50, M|\n|poke|p2|Meowscarada, L50, F|\n|teampreview|4\n|inactive|Battle timer is ON: inactive players will automatically lose when time's up. (requested by gangganggaaaang)\n|inactive|Zapdos79 has 60 seconds left.\n|\n|t:|1788379751\n|teamsize|p1|4\n|teamsize|p2|4\n|start\n|switch|p1a: Espathra|Espathra, L50, F|100/100\n|switch|p1b: Floette|Floette-Eternal, L50, F|100/100\n|switch|p2a: Swampert|Swampert, L50, F|100/100\n|switch|p2b: Sableye|Sableye, L50, M|100/100\n|turn|1\n|c|☆gangganggaaaang|glhf\n|c|☆Zapdos79|you too\n|\n|t:|1788379760\n|detailschange|p2a: Swampert|Swampert-Mega, L50, F\n|-mega|p2a: Swampert|Swampert|Swampertite\n|move|p2b: Sableye|Fake Out|p1b: Floette\n|-immune|p1b: Floette\n|move|p1b: Floette|Will-O-Wisp|p2a: Swampert\n|-status|p2a: Swampert|brn\n|move|p1a: Espathra|Calm Mind|p1a: Espathra\n|-boost|p1a: Espathra|spa|1\n|-boost|p1a: Espathra|spd|1\n|move|p2a: Swampert|Wave Crash|p1b: Floette\n|-damage|p1b: Floette|20/100y\n|replace|p1b: Zoroark|Zoroark-Hisui, L50, F\n|-end|p1b: Zoroark|Illusion\n|-damage|p2a: Swampert|83/100 brn|[from] Recoil\n|\n|-damage|p2a: Swampert|77/100 brn|[from] brn\n|-ability|p1a: Espathra|Speed Boost|boost\n|-boost|p1a: Espathra|spe|1\n|upkeep\n|turn|2\n|inactive|Zapdos79 has 30 seconds left.\n|\n|t:|1788379792\n|move|p2b: Sableye|Encore|p1a: Espathra\n|-start|p1a: Espathra|Encore\n|move|p1a: Espathra|Calm Mind|p1a: Espathra\n|-boost|p1a: Espathra|spa|1\n|-boost|p1a: Espathra|spd|1\n|move|p1b: Zoroark|Bitter Malice|p2b: Sableye\n|-damage|p2b: Sableye|36/100\n|-unboost|p2b: Sableye|atk|1\n|-enditem|p2b: Sableye|Sitrus Berry|[eat]\n|-heal|p2b: Sableye|61/100|[from] item: Sitrus Berry\n|move|p2a: Swampert|Wave Crash|p1b: Zoroark\n|-damage|p1b: Zoroark|0 fnt\n|faint|p1b: Zoroark\n|-damage|p2a: Swampert|72/100 brn|[from] Recoil\n|\n|-damage|p2a: Swampert|67/100 brn|[from] brn\n|-ability|p1a: Espathra|Speed Boost|boost\n|-boost|p1a: Espathra|spe|1\n|upkeep\n|\n|t:|1788379798\n|switch|p1b: Sneasler|Sneasler, L50, F|100/100\n|turn|3\n|\n|t:|1788379809\n|switch|p2b: Pelipper|Pelipper, L50, F|100/100\n|-weather|RainDance|[from] ability: Drizzle|[of] p2b: Pelipper\n|move|p1a: Espathra|Calm Mind|p1a: Espathra\n|-boost|p1a: Espathra|spa|1\n|-boost|p1a: Espathra|spd|1\n|move|p2a: Swampert|Earthquake|p1a: Espathra|[spread] p1a,p1b\n|-immune|p2b: Pelipper\n|-supereffective|p1b: Sneasler|1\n|-damage|p1a: Espathra|79/100\n|-damage|p1b: Sneasler|23/100\n|move|p1b: Sneasler|Dire Claw|p2b: Pelipper\n|-damage|p2b: Pelipper|55/100\n|\n|-weather|RainDance|[upkeep]\n|-damage|p2a: Swampert|61/100 brn|[from] brn\n|-ability|p1a: Espathra|Speed Boost|boost\n|-boost|p1a: Espathra|spe|1\n|upkeep\n|turn|4\n|\n|t:|1788379834\n|move|p1b: Sneasler|Protect|p1b: Sneasler\n|-singleturn|p1b: Sneasler|Protect\n|move|p1a: Espathra|Calm Mind|p1a: Espathra\n|-boost|p1a: Espathra|spa|1\n|-boost|p1a: Espathra|spd|1\n|move|p2a: Swampert|Earthquake|p1a: Espathra|[spread] p1a\n|-activate|p1b: Sneasler|move: Protect\n|-immune|p2b: Pelipper\n|-damage|p1a: Espathra|59/100\n|move|p2b: Pelipper|Weather Ball|p1a: Espathra\n|-damage|p1a: Espathra|35/100\n|-enditem|p1a: Espathra|Sitrus Berry|[eat]\n|-heal|p1a: Espathra|60/100|[from] item: Sitrus Berry\n|\n|-weather|RainDance|[upkeep]\n|-damage|p2a: Swampert|55/100 brn|[from] brn\n|-end|p1a: Espathra|Encore\n|-ability|p1a: Espathra|Speed Boost|boost\n|-boost|p1a: Espathra|spe|1\n|upkeep\n|turn|5\n|inactive|Zapdos79 has 30 seconds left.\n|\n|t:|1788379865\n|switch|p2b: Sableye|Sableye, L50, M|61/100\n|move|p1a: Espathra|Baton Pass|p1a: Espathra\n|\n|t:|1788379869\n|switch|p1a: Floette|Floette-Eternal, L50, F|100/100|[from] Baton Pass\n|move|p2a: Swampert|Wave Crash|p1a: Floette\n|-damage|p1a: Floette|34/100\n|-damage|p2a: Swampert|37/100 brn|[from] Recoil\n|move|p1b: Sneasler|Close Combat|p2a: Swampert\n|-damage|p2a: Swampert|0 fnt\n|-unboost|p1b: Sneasler|def|1\n|-unboost|p1b: Sneasler|spd|1\n|faint|p2a: Swampert\n|-enditem|p1b: Sneasler|White Herb\n|-clearnegativeboost|p1b: Sneasler|[silent]\n|\n|-weather|RainDance|[upkeep]\n|upkeep\n|\n|t:|1788379875\n|switch|p2a: Archaludon|Archaludon, L50, M|100/100\n|turn|6\n|inactive|Zapdos79 has 30 seconds left.\n|\n|t:|1788379906\n|detailschange|p1a: Floette|Floette-Mega, L50, F\n|-mega|p1a: Floette|Floette|Floettite\n|-ability|p1a: Floette|Fairy Aura\n|move|p2b: Sableye|Thunder Wave|p1a: Floette\n|-status|p1a: Floette|par\n|move|p1b: Sneasler|Close Combat|p2a: Archaludon\n|-supereffective|p2a: Archaludon|1\n|-damage|p2a: Archaludon|17/100\n|-unboost|p1b: Sneasler|def|1\n|-unboost|p1b: Sneasler|spd|1\n|-ability|p2a: Archaludon|Stamina|boost\n|-boost|p2a: Archaludon|def|1\n|move|p1a: Floette|Draining Kiss|p2b: Sableye\n|-supereffective|p2b: Sableye|1\n|-damage|p2b: Sableye|0 fnt\n|-heal|p1a: Floette|76/100 par|[from] drain|[of] p2b: Sableye\n|faint|p2b: Sableye\n|move|p2a: Archaludon|Flash Cannon|p1a: Floette\n|-supereffective|p1a: Floette|1\n|-damage|p1a: Floette|59/100 par\n|\n|-weather|RainDance|[upkeep]\n|-heal|p2a: Archaludon|23/100|[from] item: Leftovers\n|upkeep\n|-message|gangganggaaaang forfeited.\n|\n|win|Zapdos79\n|raw|Zapdos79's rating: 1229 &rarr; <strong>1255</strong><br />(+26 for winning)\n|raw|gangganggaaaang's rating: 1243 &rarr; <strong>1217</strong><br />(-26 for losing)\n|l|☆gangganggaaaang\n|player|p2|\n|c|☆Zapdos79|gg\n","uploadtime":1788379936,"views":"7","formatid":"gen9championsvgc2026regmb","rating":1217,"private":0,"password":null}