{"id":"gen9championsvgc2026regmb-2673865920","format":"[Gen 9 Champions] VGC 2026 Reg M-B","players":["reggie1000","lantuhzu"],"log":"|j|☆reggie1000\n|j|☆lantuhzu\n|t:|1788270510\n|gametype|doubles\n|player|p1|reggie1000|2|1157\n|player|p2|lantuhzu|lucas|1131\n|gen|9\n|tier|[Gen 9 Champions] VGC 2026 Reg M-B\n|rated|\n|rule|Species Clause: Limit one of each Pokémon\n|rule|Item Clause: Limit 1 of each item\n|clearpoke\n|poke|p1|Tauros-Paldea-Blaze, L50, M|\n|poke|p1|Meowscarada, L50, F|\n|poke|p1|Glalie, L50, F|\n|poke|p1|Starmie, L50|\n|poke|p1|Gholdengo, L50|\n|poke|p1|Mamoswine, L50, M|\n|poke|p2|Grimmsnarl, L50, M|\n|poke|p2|Venusaur, L50, M|\n|poke|p2|Archaludon, L50, M|\n|poke|p2|Pelipper, L50, M|\n|poke|p2|Swampert, L50, F|\n|poke|p2|Sneasler, L50, F|\n|teampreview|4\nlantuhzu rejected open team sheets.\n|inactive|Battle timer is ON: inactive players will automatically lose when time's up. (requested by lantuhzu)\n|\n|t:|1788270532\n|teamsize|p1|4\n|teamsize|p2|4\n|start\n|switch|p1a: Meowscarada|Meowscarada, L50, F|100/100\n|switch|p1b: Tauros|Tauros-Paldea-Blaze, L50, M|100/100\n|switch|p2a: Venusaur|Venusaur, L50, M|100/100\n|switch|p2b: Grimmsnarl|Grimmsnarl, L50, M|100/100\n|turn|1\n|\n|t:|1788270546\n|detailschange|p2a: Venusaur|Venusaur-Mega, L50, M\n|-mega|p2a: Venusaur|Venusaur|Venusaurite\n|move|p2a: Venusaur|Protect|p2a: Venusaur\n|-singleturn|p2a: Venusaur|Protect\n|move|p2b: Grimmsnarl|Reflect|p2b: Grimmsnarl\n|-sidestart|p2: lantuhzu|Reflect\n|move|p1a: Meowscarada|Flower Trick|p1b: Tauros\n|-resisted|p1b: Tauros|1\n|-crit|p1b: Tauros\n|-damage|p1b: Tauros|85/100\n|-setboost|p1b: Tauros|atk|6|[from] ability: Anger Point\n|move|p1b: Tauros|Flame Charge|p2b: Grimmsnarl\n|-damage|p2b: Grimmsnarl|24/100\n|-boost|p1b: Tauros|spe|1\n|\n|upkeep\n|turn|2\n|\n|t:|1788270565\n|switch|p2b: Pelipper|Pelipper, L50, M|100/100\n|-weather|RainDance|[from] ability: Drizzle|[of] p2b: Pelipper\n|move|p1a: Meowscarada|Ally Switch|p1a: Meowscarada\n|swap|p1a: Meowscarada|1|[from] move: Ally Switch\n|move|p1a: Tauros|Raging Bull|p2a: Venusaur\n|-sideend|p2: lantuhzu|Reflect\n|-supereffective|p2a: Venusaur|1\n|-damage|p2a: Venusaur|42/100\n|move|p2a: Venusaur|Earth Power|p1b: Meowscarada\n|-resisted|p1b: Meowscarada|1\n|-damage|p1b: Meowscarada|77/100\n|-unboost|p1b: Meowscarada|spd|1\n|\n|-weather|RainDance|[upkeep]\n|upkeep\n|turn|3\n|\n|t:|1788270584\n|move|p2a: Venusaur|Protect|p2a: Venusaur\n|-singleturn|p2a: Venusaur|Protect\n|move|p1a: Tauros|Rock Slide|p2b: Pelipper|[spread] p2b\n|-activate|p2a: Venusaur|move: Protect\n|-supereffective|p2b: Pelipper|1\n|-enditem|p2b: Pelipper|Focus Sash\n|-damage|p2b: Pelipper|1/100\n|move|p1b: Meowscarada|Flower Trick|p2b: Pelipper\n|-crit|p2b: Pelipper\n|-damage|p2b: Pelipper|0 fnt\n|faint|p2b: Pelipper\n|\n|-weather|RainDance|[upkeep]\n|upkeep\n|\n|t:|1788270598\n|switch|p2b: Grimmsnarl|Grimmsnarl, L50, M|24/100\n|turn|4\n|\n|t:|1788270609\n|move|p2b: Grimmsnarl|Parting Shot|p1a: Tauros\n|-unboost|p1a: Tauros|atk|1\n|-unboost|p1a: Tauros|spa|1\n|\n|t:|1788270613\n|switch|p2b: Archaludon|Archaludon, L50, M|100/100|[from] Parting Shot\n|move|p1a: Tauros|Raging Bull|p2a: Venusaur\n|-supereffective|p2a: Venusaur|1\n|-damage|p2a: Venusaur|0 fnt\n|faint|p2a: Venusaur\n|move|p1b: Meowscarada|Flower Trick|p2b: Archaludon\n|-resisted|p2b: Archaludon|2\n|-crit|p2b: Archaludon\n|-damage|p2b: Archaludon|93/100\n|-ability|p2b: Archaludon|Stamina|boost\n|-boost|p2b: Archaludon|def|1\n|\n|-weather|RainDance|[upkeep]\n|-heal|p2b: Archaludon|99/100|[from] item: Leftovers\n|upkeep\n|\n|t:|1788270626\n|switch|p2a: Grimmsnarl|Grimmsnarl, L50, M|24/100\n|turn|5\n|\n|t:|1788270633\n|move|p2a: Grimmsnarl|Reflect|p2a: Grimmsnarl\n|-sidestart|p2: lantuhzu|Reflect\n|move|p1a: Tauros|Raging Bull|p2b: Archaludon\n|-sideend|p2: lantuhzu|Reflect\n|-damage|p2b: Archaludon|68/100\n|-ability|p2b: Archaludon|Stamina|boost\n|-boost|p2b: Archaludon|def|1\n|move|p1b: Meowscarada|Flower Trick|p2a: Grimmsnarl\n|-crit|p2a: Grimmsnarl\n|-damage|p2a: Grimmsnarl|0 fnt\n|faint|p2a: Grimmsnarl\n|move|p2b: Archaludon|Electro Shot||[still]\n|-prepare|p2b: Archaludon|Electro Shot\n|-boost|p2b: Archaludon|spa|1\n|-anim|p2b: Archaludon|Electro Shot|p1a: Tauros\n|-damage|p1a: Tauros|12/100\n|-enditem|p1a: Tauros|Sitrus Berry|[eat]\n|-heal|p1a: Tauros|37/100|[from] item: Sitrus Berry\n|\n|-weather|RainDance|[upkeep]\n|-heal|p2b: Archaludon|74/100|[from] item: Leftovers\n|upkeep\n|turn|6\n|\n|t:|1788270654\n|move|p1a: Tauros|Raging Bull|p2b: Archaludon\n|-damage|p2b: Archaludon|48/100\n|-ability|p2b: Archaludon|Stamina|boost\n|-boost|p2b: Archaludon|def|1\n|move|p1b: Meowscarada|Leech Seed|p2b: Archaludon\n|-start|p2b: Archaludon|move: Leech Seed\n|move|p2b: Archaludon|Electro Shot||[still]\n|-prepare|p2b: Archaludon|Electro Shot\n|-boost|p2b: Archaludon|spa|1\n|-anim|p2b: Archaludon|Electro Shot|p1a: Tauros\n|-damage|p1a: Tauros|0 fnt\n|faint|p1a: Tauros\n|\n|-weather|none\n|-heal|p2b: Archaludon|54/100|[from] item: Leftovers\n|-damage|p2b: Archaludon|42/100|[from] Leech Seed|[of] p1b: Meowscarada\n|-heal|p1b: Meowscarada|91/100|[silent]\n|upkeep\n|\n|t:|1788270666\n|switch|p1a: Mamoswine|Mamoswine, L50, M|100/100\n|turn|7\n|\n|t:|1788270674\n|move|p1b: Meowscarada|Ally Switch|p1b: Meowscarada\n|swap|p1b: Meowscarada|0|[from] move: Ally Switch\n|move|p1b: Mamoswine|High Horsepower|p2b: Archaludon|[miss]\n|-miss|p1b: Mamoswine|p2b: Archaludon\n|move|p2b: Archaludon|Flash Cannon|p1b: Mamoswine\n|-supereffective|p1b: Mamoswine|1\n|-damage|p1b: Mamoswine|0 fnt\n|faint|p1b: Mamoswine\n|\n|-heal|p2b: Archaludon|48/100|[from] item: Leftovers\n|upkeep\n|\n|t:|1788270682\n|switch|p1b: Glalie|Glalie, L50, F|100/100\n|turn|8\n|\n|t:|1788270696\n|detailschange|p1b: Glalie|Glalie-Mega, L50, F\n|-mega|p1b: Glalie|Glalie|Glalitite\n|move|p2b: Archaludon|Protect|p2b: Archaludon\n|-singleturn|p2b: Archaludon|Protect\n|move|p1a: Meowscarada|Flower Trick|p2b: Archaludon\n|-activate|p2b: Archaludon|move: Protect\n|move|p1b: Glalie|Disable|p2b: Archaludon\n|-activate|p2b: Archaludon|move: Protect\n|\n|-heal|p2b: Archaludon|54/100|[from] item: Leftovers\n|-damage|p2b: Archaludon|42/100|[from] Leech Seed|[of] p1b: Glalie\n|upkeep\n|turn|9\n|\n|t:|1788270711\n|move|p1b: Glalie|Protect|p1b: Glalie\n|-singleturn|p1b: Glalie|Protect\n|move|p1a: Meowscarada|Flower Trick|p2b: Archaludon\n|-resisted|p2b: Archaludon|2\n|-crit|p2b: Archaludon\n|-damage|p2b: Archaludon|35/100\n|-ability|p2b: Archaludon|Stamina|boost\n|-boost|p2b: Archaludon|def|1\n|move|p2b: Archaludon|Flash Cannon|p1b: Glalie\n|-activate|p1b: Glalie|move: Protect\n|\n|-heal|p2b: Archaludon|41/100|[from] item: Leftovers\n|-damage|p2b: Archaludon|28/100|[from] Leech Seed|[of] p1b: Glalie\n|upkeep\n|turn|10\n|\n|t:|1788270725\n|move|p1a: Meowscarada|Flower Trick|p2b: Archaludon\n|-resisted|p2b: Archaludon|2\n|-crit|p2b: Archaludon\n|-damage|p2b: Archaludon|22/100\n|-ability|p2b: Archaludon|Stamina|boost\n|-boost|p2b: Archaludon|def|1\n|move|p1b: Glalie|Disable|p2b: Archaludon\n|-start|p2b: Archaludon|Disable|Flash Cannon\n|cant|p2b: Archaludon|Disable|Flash Cannon\n|\n|-heal|p2b: Archaludon|28/100|[from] item: Leftovers\n|-damage|p2b: Archaludon|16/100|[from] Leech Seed|[of] p1b: Glalie\n|upkeep\n|turn|11\n|\n|t:|1788270741\n|move|p1a: Meowscarada|Ally Switch|p1a: Meowscarada\n|swap|p1a: Meowscarada|1|[from] move: Ally Switch\n|move|p1a: Glalie|Frost Breath|p2b: Archaludon\n|-crit|p2b: Archaludon\n|-damage|p2b: Archaludon|0 fnt\n|faint|p2b: Archaludon\n|\n|win|reggie1000\n|raw|reggie1000's rating: 1157 &rarr; <strong>1180</strong><br />(+23 for winning)\n|raw|lantuhzu's rating: 1131 &rarr; <strong>1108</strong><br />(-23 for losing)\n|l|☆lantuhzu\n|player|p2|\n","uploadtime":1788270747,"views":"6","formatid":"gen9championsvgc2026regmb","rating":1108,"private":0,"password":null}