{"id":"gen9championsvgc2026regmb-2674433410","format":"[Gen 9 Champions] VGC 2026 Reg M-B","players":["zamazentaismart","YukaHanma"],"log":"|j|☆zamazentaismart\n|j|☆YukaHanma\n|t:|1788359254\n|gametype|doubles\n|player|p1|zamazentaismart|2|1355\n|player|p2|YukaHanma|nate|1326\n|gen|9\n|tier|[Gen 9 Champions] VGC 2026 Reg M-B\n|rated|\n|rule|Species Clause: Limit one of each Pokémon\n|rule|Item Clause: Limit 1 of each item\n|clearpoke\n|poke|p1|Snorlax, L50, M|\n|poke|p1|Hawlucha, L50, M|\n|poke|p1|Sinistcha, L50|\n|poke|p1|Vanilluxe, L50, M|\n|poke|p1|Incineroar, L50, F|\n|poke|p1|Basculegion, L50, M|\n|poke|p2|Staraptor, L50, F|\n|poke|p2|Garchomp, L50, M|\n|poke|p2|Whimsicott, L50, F|\n|poke|p2|Delphox, L50, M|\n|poke|p2|Glimmora, L50, F|\n|poke|p2|Kingambit, L50, M, shiny|\n|teampreview|4\n|\n|t:|1788359282\n|teamsize|p1|4\n|teamsize|p2|4\n|start\n|switch|p1a: Snorlax|Snorlax, L50, M|100/100\n|switch|p1b: Hawlucha|Hawlucha, L50, M|100/100\n|switch|p2a: Staraptor|Staraptor, L50, F|100/100\n|switch|p2b: Whimsicott|Whimsicott, L50, F|100/100\n|turn|1\n|\n|t:|1788359315\n|detailschange|p1b: Hawlucha|Hawlucha-Mega, L50, M\n|-mega|p1b: Hawlucha|Hawlucha|Hawluchanite\n|detailschange|p2a: Staraptor|Staraptor-Mega, L50, F\n|-mega|p2a: Staraptor|Staraptor|Staraptite\n|move|p2b: Whimsicott|Charm|p1b: Hawlucha\n|-unboost|p1b: Hawlucha|atk|2\n|move|p1b: Hawlucha|Encore|p2b: Whimsicott\n|-start|p2b: Whimsicott|Encore\n|move|p2a: Staraptor|Close Combat|p1a: Snorlax\n|-supereffective|p1a: Snorlax|1\n|-damage|p1a: Snorlax|10/100\n|-boost|p2a: Staraptor|def|1\n|-boost|p2a: Staraptor|spd|1\n|move|p1a: Snorlax|Counter|p2a: Staraptor\n|-damage|p2a: Staraptor|0 fnt\n|faint|p2a: Staraptor\n|\n|-heal|p1a: Snorlax|16/100|[from] item: Leftovers\n|upkeep\n|\n|t:|1788359330\n|switch|p2a: Glimmora|Glimmora, L50, F|100/100\n|turn|2\n|\n|t:|1788359341\n|switch|p1b: Sinistcha|Sinistcha, L50|100/100\n|-heal|p1a: Snorlax|41/100|[from] ability: Hospitality|[of] p1b: Sinistcha\n|move|p1a: Snorlax|Protect|p1a: Snorlax\n|-singleturn|p1a: Snorlax|Protect\n|move|p2b: Whimsicott|Charm|p1b: Sinistcha\n|-unboost|p1b: Sinistcha|atk|2\n|move|p2a: Glimmora|Power Gem|p1a: Snorlax\n|-activate|p1a: Snorlax|move: Protect\n|\n|-heal|p1a: Snorlax|47/100|[from] item: Leftovers\n|upkeep\n|turn|3\n|\n|t:|1788359355\n|switch|p2b: Kingambit|Kingambit, L50, M, shiny|100/100\n|move|p2a: Glimmora|Sludge Bomb|p1b: Sinistcha\n|-damage|p1b: Sinistcha|56/100\n|move|p1b: Sinistcha|Matcha Gotcha|p2b: Kingambit|[spread] p2a,p2b\n|-resisted|p2b: Kingambit|1\n|-damage|p2a: Glimmora|69/100\n|-heal|p1b: Sinistcha|69/100|[from] drain|[of] p2a: Glimmora\n|-damage|p2b: Kingambit|90/100\n|-heal|p1b: Sinistcha|75/100|[from] drain|[of] p2b: Kingambit\n|move|p1a: Snorlax|Body Slam|p2b: Kingambit\n|-resisted|p2b: Kingambit|1\n|-damage|p2b: Kingambit|79/100\n|-status|p2b: Kingambit|par\n|\n|-heal|p1a: Snorlax|53/100|[from] item: Leftovers\n|upkeep\n|turn|4\n|\n|t:|1788359380\n|move|p1b: Sinistcha|Rage Powder|p1b: Sinistcha\n|-singleturn|p1b: Sinistcha|move: Rage Powder\n|move|p2a: Glimmora|Sludge Bomb|p1b: Sinistcha\n|-damage|p1b: Sinistcha|31/100\n|move|p1a: Snorlax|Body Slam|p2a: Glimmora\n|-resisted|p2a: Glimmora|1\n|-damage|p2a: Glimmora|50/100g\n|-status|p2a: Glimmora|par\n|-activate|p2a: Glimmora|ability: Toxic Debris\n|-sidestart|p1: zamazentaismart|move: Toxic Spikes\n|move|p2b: Kingambit|Low Kick|p1b: Sinistcha\n|-immune|p1b: Sinistcha\n|\n|-heal|p1a: Snorlax|59/100|[from] item: Leftovers\n|upkeep\n|turn|5\n|\n|t:|1788359399\n|switch|p1b: Hawlucha|Hawlucha-Mega, L50, M|100/100\n|move|p2a: Glimmora|Spiky Shield|p2a: Glimmora\n|-singleturn|p2a: Glimmora|move: Protect\n|move|p1a: Snorlax|Protect|p1a: Snorlax\n|-singleturn|p1a: Snorlax|Protect\n|move|p2b: Kingambit|Kowtow Cleave|p1b: Hawlucha\n|-resisted|p1b: Hawlucha|1\n|-damage|p1b: Hawlucha|76/100\n|\n|-heal|p1a: Snorlax|65/100|[from] item: Leftovers\n|upkeep\n|turn|6\n|\n|t:|1788359417\n|switch|p2a: Whimsicott|Whimsicott, L50, F|100/100\n|move|p1b: Hawlucha|Cross Chop|p2b: Kingambit\n|-supereffective|p2b: Kingambit|2\n|-enditem|p2b: Kingambit|Chople Berry|[eat]\n|-enditem|p2b: Kingambit|Chople Berry|[weaken]\n|-damage|p2b: Kingambit|8/100 par\n|move|p1a: Snorlax|Fissure|p2a: Whimsicott\n|-damage|p2a: Whimsicott|0 fnt\n|faint|p2a: Whimsicott\n|-ohko\n|cant|p2b: Kingambit|par\n|\n|-heal|p1a: Snorlax|71/100|[from] item: Leftovers\n|upkeep\n|-message|YukaHanma forfeited.\n|\n|win|zamazentaismart\n|raw|zamazentaismart's rating: 1355 &rarr; <strong>1373</strong><br />(+18 for winning)\n|raw|YukaHanma's rating: 1326 &rarr; <strong>1308</strong><br />(-18 for losing)\n|l|☆YukaHanma\n|player|p2|\n|l|☆zamazentaismart\n|player|p1|\n|j|☆zamazentaismart\n|player|p1|zamazentaismart|2|\n","uploadtime":1788359540,"views":"3","formatid":"gen9championsvgc2026regmb","rating":1308,"private":0,"password":null}