{"id":"gen9championsvgc2026regmb-2673994232","format":"[Gen 9 Champions] VGC 2026 Reg M-B","players":["frangille","spricatto"],"log":"|j|☆frangille\n|j|☆spricatto\n|t:|1788285987\n|gametype|doubles\n|player|p1|frangille|koga|1306\n|player|p2|spricatto|101|1410\n|gen|9\n|tier|[Gen 9 Champions] VGC 2026 Reg M-B\n|rated|\n|rule|Species Clause: Limit one of each Pokémon\n|rule|Item Clause: Limit 1 of each item\n|clearpoke\n|poke|p1|Scovillain, L50, F, shiny|\n|poke|p1|Basculegion, L50, M, shiny|\n|poke|p1|Kingambit, L50, F, shiny|\n|poke|p1|Sneasler, L50, F, shiny|\n|poke|p1|Lycanroc-Dusk, L50, F, shiny|\n|poke|p1|Froslass, L50, F, shiny|\n|poke|p2|Dragonite, L50, M|\n|poke|p2|Froslass, L50, F|\n|poke|p2|Lycanroc-Dusk, L50, F|\n|poke|p2|Sneasler, L50, M|\n|poke|p2|Kingambit, L50, F|\n|poke|p2|Talonflame, L50, M|\n|teampreview|4\nspricatto has agreed to open team sheets.\nfrangille rejected open team sheets.\n|inactive|Battle timer is ON: inactive players will automatically lose when time's up. (requested by spricatto)\n|\n|t:|1788286035\n|teamsize|p1|4\n|teamsize|p2|4\n|start\n|switch|p1a: Scovillain|Scovillain, L50, F, shiny|100/100\n|switch|p1b: Sneasler|Sneasler, L50, F, shiny|100/100\n|switch|p2a: Dragonite|Dragonite, L50, M|100/100\n|switch|p2b: Talonflame|Talonflame, L50, M|100/100\n|turn|1\n|inactive|frangille has 30 seconds left.\n|inactive|spricatto has 30 seconds left.\n|inactive|frangille has 20 seconds left.\n|inactive|spricatto has 20 seconds left.\n|inactive|spricatto has 15 seconds left.\n|inactive|spricatto has 10 seconds left.\n|\n|t:|1788286082\n|detailschange|p2a: Dragonite|Dragonite-Mega, L50, M\n|-mega|p2a: Dragonite|Dragonite|Dragoninite\n|move|p2b: Talonflame|Protect|p2b: Talonflame\n|-singleturn|p2b: Talonflame|Protect\n|move|p1a: Scovillain|Protect|p1a: Scovillain\n|-singleturn|p1a: Scovillain|Protect\n|move|p1b: Sneasler|Fake Out|p2b: Talonflame\n|-activate|p2b: Talonflame|move: Protect\n|move|p2a: Dragonite|Dragon Pulse|p1a: Scovillain\n|-activate|p1a: Scovillain|move: Protect\n|\n|-ability|p1a: Scovillain|Moody|boost\n|-boost|p1a: Scovillain|spa|2\n|-unboost|p1a: Scovillain|atk|1\n|upkeep\n|turn|2\n|inactive|frangille has 30 seconds left.\n|inactive|frangille has 20 seconds left.\n|inactive|frangille has 15 seconds left.\n|inactive|frangille has 10 seconds left.\n|\n|t:|1788286129\n|switch|p1b: Lycanroc|Lycanroc-Dusk, L50, F, shiny|100/100\n|detailschange|p1a: Scovillain|Scovillain-Mega, L50, F, shiny\n|-mega|p1a: Scovillain|Scovillain|Scovillainite\n|move|p1a: Scovillain|Rage Powder|p1a: Scovillain\n|-singleturn|p1a: Scovillain|move: Rage Powder\n|move|p2b: Talonflame|Brave Bird|p1a: Scovillain\n|-supereffective|p1a: Scovillain|1\n|-damage|p1a: Scovillain|1/100\n|-damage|p2b: Talonflame|63/100|[from] Recoil\n|move|p2a: Dragonite|Heat Wave|p1a: Scovillain|[spread] p1a,p1b\n|-resisted|p1b: Lycanroc|1\n|-damage|p1a: Scovillain|0 fnt\n|-damage|p1b: Lycanroc|74/100\n|-status|p2a: Dragonite|brn|[from] ability: Spicy Spray|[of] p1a: Scovillain\n|faint|p1a: Scovillain\n|\n|-damage|p2a: Dragonite|93/100 brn|[from] brn\n|upkeep\n|inactive|frangille has 30 seconds left.\n|\n|t:|1788286159\n|switch|p1a: Basculegion|Basculegion, L50, M, shiny|100/100\n|turn|3\n|\n|t:|1788286184\n|move|p1b: Lycanroc|Accelerock|p2a: Dragonite\n|-supereffective|p2a: Dragonite|1\n|-damage|p2a: Dragonite|51/100 brn\n|move|p1a: Basculegion|Aqua Jet|p2b: Talonflame\n|-supereffective|p2b: Talonflame|1\n|-damage|p2b: Talonflame|0 fnt\n|faint|p2b: Talonflame\n|-damage|p1a: Basculegion|90/100|[from] item: Life Orb\n|move|p2a: Dragonite|Dragon Pulse|p1b: Lycanroc\n|-damage|p1b: Lycanroc|0 fnt\n|faint|p1b: Lycanroc\n|\n|-damage|p2a: Dragonite|45/100 brn|[from] brn\n|upkeep\n|\n|t:|1788286197\n|switch|p2b: Sneasler|Sneasler, L50, M|100/100\n|switch|p1b: Sneasler|Sneasler, L50, F, shiny|100/100\n|turn|4\n|\n|t:|1788286215\n|move|p1b: Sneasler|Protect|p1b: Sneasler\n|-singleturn|p1b: Sneasler|Protect\n|move|p2b: Sneasler|Fake Out|p1b: Sneasler\n|-activate|p1b: Sneasler|move: Protect\n|move|p2a: Dragonite|Dragon Pulse|p1a: Basculegion\n|-damage|p1a: Basculegion|31/100\n|move|p1a: Basculegion|Last Respects|p2b: Sneasler\n|-damage|p2b: Sneasler|0 fnt\n|faint|p2b: Sneasler\n|-damage|p1a: Basculegion|21/100|[from] item: Life Orb\n|\n|-damage|p2a: Dragonite|39/100 brn|[from] brn\n|upkeep\n|\n|t:|1788286227\n|switch|p2b: Lycanroc|Lycanroc-Dusk, L50, F|100/100\n|turn|5\n|\n|t:|1788286236\n|move|p2b: Lycanroc|Accelerock|p1a: Basculegion\n|-crit|p1a: Basculegion\n|-damage|p1a: Basculegion|0 fnt\n|faint|p1a: Basculegion\n|move|p1b: Sneasler|Dire Claw|p2a: Dragonite\n|-damage|p2a: Dragonite|8/100 brn\n|move|p2a: Dragonite|Dragon Pulse|p1b: Sneasler\n|-damage|p1b: Sneasler|37/100\n|\n|-damage|p2a: Dragonite|2/100 brn|[from] brn\n|upkeep\n|turn|6\n|\n|t:|1788286250\n|move|p2a: Dragonite|Extreme Speed|p1b: Sneasler\n|-damage|p1b: Sneasler|21/100\n|move|p1b: Sneasler|Close Combat|p2b: Lycanroc\n|-supereffective|p2b: Lycanroc|1\n|-enditem|p2b: Lycanroc|Focus Sash\n|-damage|p2b: Lycanroc|1/100\n|-unboost|p1b: Sneasler|def|1\n|-unboost|p1b: Sneasler|spd|1\n|-enditem|p1b: Sneasler|White Herb\n|-clearnegativeboost|p1b: Sneasler|[silent]\n|move|p2b: Lycanroc|Close Combat|p1b: Sneasler\n|-resisted|p1b: Sneasler|1\n|-damage|p1b: Sneasler|0 fnt\n|-unboost|p2b: Lycanroc|def|1\n|-unboost|p2b: Lycanroc|spd|1\n|faint|p1b: Sneasler\n|\n|win|spricatto\n|raw|frangille's rating: 1306 &rarr; <strong>1292</strong><br />(-14 for losing)\n|raw|spricatto's rating: 1410 &rarr; <strong>1424</strong><br />(+14 for winning)\n","uploadtime":1788286255,"views":"2","formatid":"gen9championsvgc2026regmb","rating":1292,"private":0,"password":null}