{"id":"gen9championsvgc2026regmb-2674918548","format":"[Gen 9 Champions] VGC 2026 Reg M-B","players":["gutoleao","Thornlace48812"],"log":"|j|☆gutoleao\n|j|☆Thornlace48812\n|t:|1788435794\n|gametype|doubles\n|player|p1|gutoleao|ethan|1163\n|player|p2|Thornlace48812|102|1138\n|gen|9\n|tier|[Gen 9 Champions] VGC 2026 Reg M-B\n|rated|\n|rule|Species Clause: Limit one of each Pokémon\n|rule|Item Clause: Limit 1 of each item\n|clearpoke\n|poke|p1|Staraptor, L50, M|\n|poke|p1|Raichu, L50, M|\n|poke|p1|Whimsicott, L50, F|\n|poke|p1|Sylveon, L50, M|\n|poke|p1|Arcanine-Hisui, L50, F|\n|poke|p1|Kingambit, L50, M|\n|poke|p2|Garchomp, L50, F|\n|poke|p2|Charizard, L50, F|\n|poke|p2|Whimsicott, L50, F|\n|poke|p2|Sylveon, L50, F|\n|poke|p2|Kingambit, L50, F|\n|poke|p2|Basculegion, L50, M|\n|teampreview|4\n|inactive|Battle timer is ON: inactive players will automatically lose when time's up. (requested by Thornlace48812)\nThornlace48812 rejected open team sheets.\n|inactive|gutoleao has 60 seconds left.\n|inactive|gutoleao has 30 seconds left.\n|inactive|gutoleao has 20 seconds left.\n|inactive|gutoleao has 15 seconds left.\n|inactive|gutoleao has 10 seconds left.\n|inactive|gutoleao has 5 seconds left.\n|\n|t:|1788435883\n|teamsize|p1|4\n|teamsize|p2|4\n|start\n|switch|p1a: Staraptor|Staraptor, L50, M|100/100\n|switch|p1b: Arcanine|Arcanine-Hisui, L50, F|100/100\n|switch|p2a: Charizard|Charizard, L50, F|100/100\n|switch|p2b: Garchomp|Garchomp, L50, F|100/100\n|-ability|p1a: Staraptor|Intimidate|boost\n|-unboost|p2a: Charizard|atk|1\n|-unboost|p2b: Garchomp|atk|1\n|turn|1\n|\n|t:|1788435899\n|detailschange|p1a: Staraptor|Staraptor-Mega, L50, M\n|-mega|p1a: Staraptor|Staraptor|Staraptite\n|move|p2a: Charizard|Protect|p2a: Charizard\n|-singleturn|p2a: Charizard|Protect\n|move|p1a: Staraptor|Close Combat|p2b: Garchomp\n|-damage|p2b: Garchomp|36/100\n|-boost|p1a: Staraptor|def|1\n|-boost|p1a: Staraptor|spd|1\n|-damage|p1a: Staraptor|88/100|[from] ability: Rough Skin|[of] p2b: Garchomp\n|move|p2b: Garchomp|Rock Slide|p1a: Staraptor|[spread] p1a,p1b\n|-supereffective|p1b: Arcanine|1\n|-damage|p1a: Staraptor|77/100\n|-damage|p1b: Arcanine|60/100\n|-damage|p2b: Garchomp|27/100|[from] item: Life Orb\n|move|p1b: Arcanine|Head Smash|p2a: Charizard\n|-activate|p2a: Charizard|move: Protect\n|\n|upkeep\n|turn|2\n|inactive|gutoleao has 30 seconds left.\n|inactive|gutoleao has 20 seconds left.\n|inactive|gutoleao has 15 seconds left.\n|inactive|gutoleao has 10 seconds left.\n|inactive|gutoleao has 5 seconds left.\n|\n|t:|1788435950\n|detailschange|p2a: Charizard|Charizard-Mega-Y, L50, F\n|-mega|p2a: Charizard|Charizard|Charizardite Y\n|-weather|SunnyDay|[from] ability: Drought|[of] p2a: Charizard\n|move|p1b: Arcanine|Extreme Speed|p2b: Garchomp\n|-damage|p2b: Garchomp|1/100\n|-damage|p1b: Arcanine|47/100|[from] ability: Rough Skin|[of] p2b: Garchomp\n|move|p1a: Staraptor|Close Combat|p2a: Charizard\n|-resisted|p2a: Charizard|1\n|-damage|p2a: Charizard|65/100\n|-boost|p1a: Staraptor|def|1\n|-boost|p1a: Staraptor|spd|1\n|move|p2b: Garchomp|Rock Slide|p1a: Staraptor|[spread] p1a,p1b\n|-supereffective|p1b: Arcanine|1\n|-damage|p1a: Staraptor|69/100\n|-damage|p1b: Arcanine|8/100\n|-damage|p2b: Garchomp|0 fnt|[from] item: Life Orb\n|faint|p2b: Garchomp\n|move|p2a: Charizard|Heat Wave|p1b: Arcanine|[spread] p1a,p1b\n|-resisted|p1b: Arcanine|2\n|-damage|p1a: Staraptor|31/100\n|-damage|p1b: Arcanine|0 fnt\n|faint|p1b: Arcanine\n|\n|-weather|SunnyDay|[upkeep]\n|upkeep\n|\n|t:|1788435973\n|switch|p2b: Sylveon|Sylveon, L50, F|100/100\n|switch|p1b: Kingambit|Kingambit, L50, M|100/100\n|turn|3\n|\n|t:|1788435987\n|move|p1b: Kingambit|Sucker Punch|p2a: Charizard\n|-damage|p2a: Charizard|0 fnt\n|faint|p2a: Charizard\n|-damage|p1b: Kingambit|90/100|[from] item: Life Orb\n|move|p1a: Staraptor|Roost|p1a: Staraptor\n|-heal|p1a: Staraptor|81/100\n|-singleturn|p1a: Staraptor|move: Roost\n|move|p2b: Sylveon|Hyper Voice|p1a: Staraptor|[spread] p1a,p1b\n|-supereffective|p1a: Staraptor|1\n|-damage|p1a: Staraptor|25/100\n|-damage|p1b: Kingambit|34/100\n|\n|-weather|SunnyDay|[upkeep]\n|upkeep\n|\n|t:|1788435987\n|switch|p2a: Whimsicott|Whimsicott, L50, F|100/100\n|turn|4\n|inactive|gutoleao has 30 seconds left.\n|inactive|gutoleao has 20 seconds left.\n|\n|t:|1788436022\n|switch|p1a: Sylveon|Sylveon, L50, M|100/100\n|move|p1b: Kingambit|Protect|p1b: Kingambit\n|-singleturn|p1b: Kingambit|Protect\n|move|p2a: Whimsicott|Tailwind|p2a: Whimsicott\n|-sidestart|p2: Thornlace48812|move: Tailwind\n|move|p2b: Sylveon|Hyper Voice|p1a: Sylveon|[spread] p1a\n|-activate|p1b: Kingambit|move: Protect\n|-damage|p1a: Sylveon|64/100\n|\n|-weather|SunnyDay|[upkeep]\n|upkeep\n|turn|5\n|\n|t:|1788436047\n|move|p1b: Kingambit|Sucker Punch|p2b: Sylveon\n|-resisted|p2b: Sylveon|1\n|-damage|p2b: Sylveon|64/100\n|-damage|p1b: Kingambit|24/100|[from] item: Life Orb\n|move|p2a: Whimsicott|Moonblast|p1b: Kingambit\n|-damage|p1b: Kingambit|0 fnt\n|faint|p1b: Kingambit\n|move|p2b: Sylveon|Hyper Voice|p1a: Sylveon\n|-damage|p1a: Sylveon|14/100\n|move|p1a: Sylveon|Hyper Voice|p2b: Sylveon|[spread] p2a,p2b\n|-damage|p2a: Whimsicott|21/100\n|-damage|p2b: Sylveon|29/100\n|\n|-weather|SunnyDay|[upkeep]\n|upkeep\n|\n|t:|1788436060\n|switch|p1b: Staraptor|Staraptor-Mega, L50, M|25/100\n|turn|6\n|inactive|gutoleao has 30 seconds left.\n|\n|t:|1788436089\n|move|p2a: Whimsicott|Moonblast|p1a: Sylveon\n|-crit|p1a: Sylveon\n|-damage|p1a: Sylveon|0 fnt\n|faint|p1a: Sylveon\n|move|p2b: Sylveon|Hyper Voice|p1b: Staraptor\n|-supereffective|p1b: Staraptor|1\n|-damage|p1b: Staraptor|0 fnt\n|faint|p1b: Staraptor\n|\n|win|Thornlace48812\n|raw|gutoleao's rating: 1163 &rarr; <strong>1136</strong><br />(-27 for losing)\n|raw|Thornlace48812's rating: 1137 &rarr; <strong>1164</strong><br />(+27 for winning)\n","uploadtime":1788436089,"views":"1","formatid":"gen9championsvgc2026regmb","rating":1136,"private":0,"password":null}