{"id":"gen9championsvgc2026regmb-2674306644","format":"[Gen 9 Champions] VGC 2026 Reg M-B","players":["Phantom Omega","kalevipoeg"],"log":"|j|☆Phantom Omega\n|j|☆kalevipoeg\n|t:|1788336935\n|gametype|doubles\n|player|p1|Phantom Omega|265|1562\n|player|p2|kalevipoeg|265|1566\n|gen|9\n|tier|[Gen 9 Champions] VGC 2026 Reg M-B\n|rated|\n|rule|Species Clause: Limit one of each Pokémon\n|rule|Item Clause: Limit 1 of each item\n|clearpoke\n|poke|p1|Lucario, L50, F|\n|poke|p1|Basculegion, L50, M|\n|poke|p1|Charizard, L50, M|\n|poke|p1|Garchomp, L50, M|\n|poke|p1|Farigiraf, L50, F|\n|poke|p1|Aerodactyl, L50, M|\n|poke|p2|Politoed, L50, M|\n|poke|p2|Blastoise, L50, M|\n|poke|p2|Incineroar, L50, F|\n|poke|p2|Sneasler, L50, F|\n|poke|p2|Floette-Eternal, L50, F|\n|poke|p2|Sinistcha, L50|\n|teampreview|4\n|inactive|Battle timer is ON: inactive players will automatically lose when time's up. (requested by Phantom Omega)\n|inactive|Phantom Omega has 60 seconds left.\n|\n|t:|1788336975\n|teamsize|p1|4\n|teamsize|p2|4\n|start\n|switch|p1a: Charizard|Charizard, L50, M|100/100\n|switch|p1b: Garchomp|Garchomp, L50, M|100/100\n|switch|p2a: Incineroar|Incineroar, L50, F|100/100\n|switch|p2b: Blastoise|Blastoise, L50, M|100/100\n|-ability|p2a: Incineroar|Intimidate|boost\n|-unboost|p1a: Charizard|atk|1\n|-unboost|p1b: Garchomp|atk|1\n|turn|1\n|inactive|kalevipoeg has 30 seconds left.\n|\n|t:|1788337002\n|switch|p1b: Farigiraf|Farigiraf, L50, F|100/100\n|detailschange|p1a: Charizard|Charizard-Mega-Y, L50, M\n|-mega|p1a: Charizard|Charizard|Charizardite Y\n|-weather|SunnyDay|[from] ability: Drought|[of] p1a: Charizard\n|detailschange|p2b: Blastoise|Blastoise-Mega, L50, M\n|-mega|p2b: Blastoise|Blastoise|Blastoisinite\n|move|p2a: Incineroar|Fake Out||[still]\n|cant|p1b: Farigiraf|ability: Armor Tail|Fake Out|[of] p2a: Incineroar\n|move|p1a: Charizard|Solar Beam||[still]\n|-prepare|p1a: Charizard|Solar Beam\n|-anim|p1a: Charizard|Solar Beam|p2b: Blastoise\n|-supereffective|p2b: Blastoise|1\n|-damage|p2b: Blastoise|9/100\n|move|p2b: Blastoise|Shell Smash|p2b: Blastoise\n|-unboost|p2b: Blastoise|def|1\n|-unboost|p2b: Blastoise|spd|1\n|-boost|p2b: Blastoise|atk|2\n|-boost|p2b: Blastoise|spa|2\n|-boost|p2b: Blastoise|spe|2\n|\n|-weather|SunnyDay|[upkeep]\n|upkeep\n|turn|2\n|inactive|Phantom Omega has 30 seconds left.\n|inactive|kalevipoeg has 30 seconds left.\n|\n|t:|1788337032\n|move|p2b: Blastoise|Dark Pulse|p1b: Farigiraf\n|-supereffective|p1b: Farigiraf|1\n|-damage|p1b: Farigiraf|0 fnt\n|faint|p1b: Farigiraf\n|move|p1a: Charizard|Heat Wave|p2b: Blastoise|[spread] p2a,p2b\n|-resisted|p2a: Incineroar|1\n|-resisted|p2b: Blastoise|1\n|-damage|p2a: Incineroar|72/100\n|-damage|p2b: Blastoise|0 fnt\n|faint|p2b: Blastoise\n|move|p2a: Incineroar|Parting Shot|p1a: Charizard\n|-unboost|p1a: Charizard|atk|1\n|-unboost|p1a: Charizard|spa|1\n|\n|t:|1788337045\n|switch|p2a: Politoed|Politoed, L50, M|100/100|[from] Parting Shot\n|-weather|RainDance|[from] ability: Drizzle|[of] p2a: Politoed\n|\n|-weather|RainDance|[upkeep]\n|upkeep\n|\n|t:|1788337052\n|switch|p2b: Incineroar|Incineroar, L50, F|72/100\n|switch|p1b: Basculegion|Basculegion, L50, M|100/100\n|-ability|p2b: Incineroar|Intimidate|boost\n|-unboost|p1a: Charizard|atk|1\n|-unboost|p1b: Basculegion|atk|1\n|turn|3\n|\n|t:|1788337075\n|switch|p1a: Garchomp|Garchomp, L50, M|100/100\n|switch|p2b: Sinistcha|Sinistcha, L50|100/100\n|move|p1b: Basculegion|Wave Crash|p2b: Sinistcha\n|-resisted|p2b: Sinistcha|1\n|-damage|p2b: Sinistcha|67/100\n|-damage|p1b: Basculegion|90/100|[from] Recoil\n|move|p2a: Politoed|Muddy Water|p1a: Garchomp|[spread] p1a,p1b\n|-resisted|p1b: Basculegion|1\n|-damage|p1a: Garchomp|60/100\n|-damage|p1b: Basculegion|70/100\n|\n|-weather|RainDance|[upkeep]\n|upkeep\n|turn|4\n|inactive|kalevipoeg has 30 seconds left.\n|\n|t:|1788337100\n|switch|p2a: Incineroar|Incineroar, L50, F|72/100\n|-ability|p2a: Incineroar|Intimidate|boost\n|-unboost|p1a: Garchomp|atk|1\n|-unboost|p1b: Basculegion|atk|1\n|move|p1a: Garchomp|Dragon Claw|p2b: Sinistcha\n|-damage|p2b: Sinistcha|38/100\n|-damage|p1a: Garchomp|50/100g|[from] item: Life Orb\n|move|p1b: Basculegion|Last Respects|p2b: Sinistcha\n|-supereffective|p2b: Sinistcha|1\n|-enditem|p2b: Sinistcha|Kasib Berry|[eat]\n|-enditem|p2b: Sinistcha|Kasib Berry|[weaken]\n|-damage|p2b: Sinistcha|11/100\n|move|p2b: Sinistcha|Trick Room|p2b: Sinistcha\n|-fieldstart|move: Trick Room|[of] p2b: Sinistcha\n|\n|-weather|RainDance|[upkeep]\n|upkeep\n|turn|5\n|\n|t:|1788337122\n|switch|p1b: Charizard|Charizard-Mega-Y, L50, M|100/100\n|-weather|SunnyDay|[from] ability: Drought|[of] p1b: Charizard\n|move|p2b: Sinistcha|Life Dew|p2b: Sinistcha|[spread] p2a,p2b\n|-heal|p2a: Incineroar|98/100\n|-heal|p2b: Sinistcha|37/100\n|move|p2a: Incineroar|Parting Shot|p1a: Garchomp\n|-unboost|p1a: Garchomp|atk|1\n|-unboost|p1a: Garchomp|spa|1\n|\n|t:|1788337129\n|switch|p2a: Politoed|Politoed, L50, M|100/100|[from] Parting Shot\n|-weather|RainDance|[from] ability: Drizzle|[of] p2a: Politoed\n|move|p1a: Garchomp|Earthquake|p2a: Politoed|[spread] p2a,p2b\n|-immune|p1b: Charizard\n|-resisted|p2b: Sinistcha|1\n|-damage|p2a: Politoed|77/100\n|-damage|p2b: Sinistcha|26/100\n|-damage|p1a: Garchomp|40/100|[from] item: Life Orb\n|\n|-weather|RainDance|[upkeep]\n|upkeep\n|turn|6\n|\n|t:|1788337145\n|switch|p1a: Basculegion|Basculegion, L50, M|70/100\n|move|p1b: Charizard|Protect|p1b: Charizard\n|-singleturn|p1b: Charizard|Protect\n|move|p2b: Sinistcha|Life Dew|p2b: Sinistcha|[spread] p2a,p2b\n|-heal|p2a: Politoed|100/100\n|-heal|p2b: Sinistcha|51/100\n|move|p2a: Politoed|Muddy Water|p1b: Charizard|[spread] p1a\n|-activate|p1b: Charizard|move: Protect\n|-resisted|p1a: Basculegion|1\n|-damage|p1a: Basculegion|53/100\n|\n|-weather|RainDance|[upkeep]\n|upkeep\n|turn|7\n|\n|t:|1788337160\n|switch|p1b: Garchomp|Garchomp, L50, M|40/100\n|move|p1a: Basculegion|Protect|p1a: Basculegion\n|-singleturn|p1a: Basculegion|Protect\n|move|p2b: Sinistcha|Matcha Gotcha|p1b: Garchomp|[spread] \n|-activate|p1a: Basculegion|move: Protect\n|-miss|p2b: Sinistcha|p1b: Garchomp\n|move|p2a: Politoed|Muddy Water|p1b: Garchomp|[spread] p1b\n|-activate|p1a: Basculegion|move: Protect\n|-damage|p1b: Garchomp|6/100\n|\n|-weather|RainDance|[upkeep]\n|upkeep\n|turn|8\n|\n|t:|1788337181\n|switch|p2a: Incineroar|Incineroar, L50, F|98/100\n|-ability|p2a: Incineroar|Intimidate|boost\n|-unboost|p1a: Basculegion|atk|1\n|-unboost|p1b: Garchomp|atk|1\n|switch|p1a: Charizard|Charizard-Mega-Y, L50, M|100/100\n|-weather|SunnyDay|[from] ability: Drought|[of] p1a: Charizard\n|move|p1b: Garchomp|Protect|p1b: Garchomp\n|-singleturn|p1b: Garchomp|Protect\n|move|p2b: Sinistcha|Matcha Gotcha|p1a: Charizard|[spread] \n|-activate|p1b: Garchomp|move: Protect\n|-miss|p2b: Sinistcha|p1a: Charizard\n|\n|-weather|SunnyDay|[upkeep]\n|-fieldend|move: Trick Room\n|upkeep\n|turn|9\n|inactive|kalevipoeg has 30 seconds left.\n|inactive|kalevipoeg has 20 seconds left.\n|\n|t:|1788337219\n|switch|p2b: Politoed|Politoed, L50, M|100/100\n|-weather|RainDance|[from] ability: Drizzle|[of] p2b: Politoed\n|move|p1b: Garchomp|Protect||[still]\n|-fail|p1b: Garchomp\n|move|p1a: Charizard|Weather Ball|p2b: Politoed\n|-resisted|p2b: Politoed|1\n|-damage|p2b: Politoed|74/100\n|move|p2a: Incineroar|Throat Chop|p1b: Garchomp\n|-damage|p1b: Garchomp|0 fnt\n|-damage|p2a: Incineroar|85/100|[from] ability: Rough Skin|[of] p1b: Garchomp\n|faint|p1b: Garchomp\n|\n|-weather|RainDance|[upkeep]\n|upkeep\n|\n|t:|1788337232\n|switch|p1b: Basculegion|Basculegion, L50, M|53/100\n|turn|10\n|\n|t:|1788337239\n|move|p2b: Politoed|Protect|p2b: Politoed\n|-singleturn|p2b: Politoed|Protect\n|move|p1a: Charizard|Weather Ball|p2a: Incineroar\n|-supereffective|p2a: Incineroar|1\n|-damage|p2a: Incineroar|0 fnt\n|faint|p2a: Incineroar\n|move|p1b: Basculegion|Last Respects|p2b: Politoed\n|-activate|p2b: Politoed|move: Protect\n|\n|-weather|RainDance|[upkeep]\n|upkeep\n|\n|t:|1788337241\n|switch|p2a: Sinistcha|Sinistcha, L50|51/100\n|-heal|p2b: Politoed|99/100|[from] ability: Hospitality|[of] p2a: Sinistcha\n|turn|11\n|\n|t:|1788337264\n|move|p1a: Charizard|Weather Ball|p2b: Politoed\n|-resisted|p2b: Politoed|1\n|-damage|p2b: Politoed|75/100\n|move|p1b: Basculegion|Last Respects|p2a: Sinistcha\n|-supereffective|p2a: Sinistcha|1\n|-damage|p2a: Sinistcha|0 fnt\n|faint|p2a: Sinistcha\n|move|p2b: Politoed|Muddy Water|p1b: Basculegion|[spread] p1a,p1b\n|-supereffective|p1a: Charizard|1\n|-resisted|p1b: Basculegion|1\n|-damage|p1a: Charizard|32/100\n|-damage|p1b: Basculegion|35/100\n|\n|-weather|RainDance|[upkeep]\n|upkeep\n|turn|12\n|\n|t:|1788337278\n|move|p1a: Charizard|Weather Ball|p2b: Politoed\n|-resisted|p2b: Politoed|1\n|-damage|p2b: Politoed|48/100\n|move|p1b: Basculegion|Last Respects|p2b: Politoed\n|-damage|p2b: Politoed|0 fnt\n|faint|p2b: Politoed\n|\n|win|Phantom Omega\n|raw|Phantom Omega's rating: 1562 &rarr; <strong>1582</strong><br />(+20 for winning)\n|raw|kalevipoeg's rating: 1566 &rarr; <strong>1546</strong><br />(-20 for losing)\n|l|☆kalevipoeg\n|player|p2|\n","uploadtime":1788337289,"views":"3","formatid":"gen9championsvgc2026regmb","rating":1546,"private":0,"password":null}