{"id":"gen9championsvgc2026regmbbo3-2674597002","format":"[Gen 9 Champions] VGC 2026 Reg M-B (Bo3)","players":["jomivgc","Olciax34"],"log":"|j|☆jomivgc\n|j|☆Olciax34\n|html|<table width=\"100%\"><tr><td align=\"left\">jomivgc</td><td align=\"right\">Olciax34</tr><tr><td align=\"left\"><i class=\"fa fa-circle-o\"></i> <i class=\"fa fa-circle-o\"></i> </td><td align=\"right\"><i class=\"fa fa-circle-o\"></i> <i class=\"fa fa-circle-o\"></i> </tr></table>\n|uhtml|bestof|<h2><strong>Game 1</strong> of <a href=\"/game-bestof3-gen9championsvgc2026regmbbo3-2674597000\">a best-of-3</a></h2>\n|t:|1788378348\n|gametype|doubles\n|player|p1|jomivgc|emmet|1253\n|player|p2|Olciax34|clair|1395\n|gen|9\n|tier|[Gen 9 Champions] VGC 2026 Reg M-B (Bo3)\n|rated|\n|rule|Species Clause: Limit one of each Pokémon\n|rule|Item Clause: Limit 1 of each item\n|clearpoke\n|poke|p1|Raichu, L50, M|\n|poke|p1|Staraptor, L50, F|\n|poke|p1|Arcanine-Hisui, L50, M, shiny|\n|poke|p1|Farigiraf, L50, M|\n|poke|p1|Sylveon, L50, F|\n|poke|p1|Kingambit, L50, M|\n|poke|p2|Floette-Eternal, L50, F|\n|poke|p2|Sinistcha, L50|\n|poke|p2|Incineroar, L50, M|\n|poke|p2|Basculegion, L50, M|\n|poke|p2|Sneasler, L50, M|\n|poke|p2|Dragonite, L50, F|\n|teampreview|4\n|showteam|p1|Raichu||RaichuniteY|LightningRod|ZapCannon,FocusBlast,FakeOut,Protect|Timid||M|||50|]Staraptor||Staraptite|Intimidate|CloseCombat,BraveBird,Tailwind,Protect|Jolly||F|||50|]Arcanine-Hisui||FocusSash|RockHead|FlareBlitz,HeadSmash,ExtremeSpeed,Protect|Jolly||M|||50|]Farigiraf||SitrusBerry|ArmorTail|Psychic,HelpingHand,TrickRoom,Protect|Calm||M|||50|]Sylveon||FairyFeather|Pixilate|HyperVoice,QuickAttack,HyperBeam,Detect|Modest||F|||50|]Kingambit||LifeOrb|Defiant|KowtowCleave,SuckerPunch,SwordsDance,Protect|Adamant||M|||50|\n|showteam|p2|Floette-Eternal||Floettite|FlowerVeil|DazzlingGleam,DrainingKiss,CalmMind,Protect|Modest||F|||50|]Sinistcha||ColburBerry|Hospitality|MatchaGotcha,TrickRoom,RagePowder,Protect|Calm|||||50|]Incineroar||SitrusBerry|Intimidate|FlareBlitz,ThroatChop,PartingShot,FakeOut|Careful||M|||50|]Basculegion||ChoiceScarf|Adaptability|WaveCrash,FlipTurn,AquaJet,LastRespects|Jolly||M|||50|]Sneasler||FocusSash|PoisonTouch|FakeOut,PoisonJab,CloseCombat,Coaching|Jolly||M|||50|]Dragonite||Dragoninite|Multiscale|DragonPulse,HeatWave,ExtremeSpeed,Protect|Modest||F|||50|\n|inactive|Battle timer is ON: inactive players will automatically lose when time's up. (requested by jomivgc)\n|inactive|jomivgc has 60 seconds left.\n|\n|t:|1788378379\n|teamsize|p1|4\n|teamsize|p2|4\n|start\n|switch|p1a: Raichu|Raichu, L50, M|100/100\n|switch|p1b: Kingambit|Kingambit, L50, M|100/100\n|switch|p2a: Floette|Floette-Eternal, L50, F|100/100\n|switch|p2b: Sinistcha|Sinistcha, L50|100/100\n|turn|1\n|inactive|jomivgc has 30 seconds left.\n|\n|t:|1788378410\n|switch|p2b: Sneasler|Sneasler, L50, M|100/100\n|detailschange|p1a: Raichu|Raichu-Mega-Y, L50, M\n|-mega|p1a: Raichu|Raichu|Raichunite Y\n|detailschange|p2a: Floette|Floette-Mega, L50, F\n|-mega|p2a: Floette|Floette|Floettite\n|-ability|p2a: Floette|Fairy Aura\n|move|p1a: Raichu|Fake Out|p2a: Floette\n|-damage|p2a: Floette|92/100\n|cant|p2a: Floette|flinch\n|move|p1b: Kingambit|Kowtow Cleave|p2b: Sneasler\n|-resisted|p2b: Sneasler|1\n|-damage|p2b: Sneasler|41/100\n|-damage|p1b: Kingambit|90/100|[from] item: Life Orb\n|\n|upkeep\n|turn|2\n|inactive|jomivgc has 30 seconds left.\n|\n|t:|1788378438\n|move|p2b: Sneasler|Fake Out|p1a: Raichu\n|-damage|p1a: Raichu|73/100\n|-status|p1a: Raichu|psn|[from] ability: Poison Touch|[of] p2b: Sneasler\n|move|p1b: Kingambit|Sucker Punch||[still]\n|-fail|p1b: Kingambit\n|cant|p1a: Raichu|flinch\n|move|p2a: Floette|Calm Mind|p2a: Floette\n|-boost|p2a: Floette|spa|1\n|-boost|p2a: Floette|spd|1\n|\n|-damage|p1a: Raichu|61/100 psn|[from] psn\n|upkeep\n|turn|3\n|inactive|jomivgc has 30 seconds left.\n|\n|t:|1788378464\n|move|p1a: Raichu|Zap Cannon|p2a: Floette\n|-damage|p2a: Floette|63/100\n|-status|p2a: Floette|par\n|move|p2b: Sneasler|Coaching|p2a: Floette\n|-boost|p2a: Floette|atk|1\n|-boost|p2a: Floette|def|1\n|move|p1b: Kingambit|Kowtow Cleave|p2a: Floette\n|-resisted|p2a: Floette|1\n|-damage|p2a: Floette|42/100 par\n|-damage|p1b: Kingambit|80/100|[from] item: Life Orb\n|move|p2a: Floette|Calm Mind|p2a: Floette\n|-boost|p2a: Floette|spa|1\n|-boost|p2a: Floette|spd|1\n|\n|-damage|p1a: Raichu|49/100 psn|[from] psn\n|upkeep\n|turn|4\n|\n|t:|1788378486\n|switch|p2b: Sinistcha|Sinistcha, L50|100/100\n|-heal|p2a: Floette|67/100 par|[from] ability: Hospitality|[of] p2b: Sinistcha\n|move|p1a: Raichu|Zap Cannon|p2b: Sinistcha\n|-resisted|p2b: Sinistcha|1\n|-damage|p2b: Sinistcha|73/100\n|-status|p2b: Sinistcha|par\n|move|p1b: Kingambit|Swords Dance|p1b: Kingambit\n|-boost|p1b: Kingambit|atk|2\n|move|p2a: Floette|Dazzling Gleam|p1b: Kingambit|[spread] p1a,p1b\n|-damage|p1a: Raichu|0 fnt\n|-damage|p1b: Kingambit|0 fnt\n|faint|p1a: Raichu\n|faint|p1b: Kingambit\n|\n|upkeep\n|\n|t:|1788378498\n|switch|p1a: Farigiraf|Farigiraf, L50, M|100/100\n|switch|p1b: Sylveon|Sylveon, L50, F|100/100\n|turn|5\n|\n|t:|1788378514\n|move|p1a: Farigiraf|Helping Hand|p1b: Sylveon\n|-singleturn|p1b: Sylveon|Helping Hand|[of] p1a: Farigiraf\n|cant|p2b: Sinistcha|par\n|move|p1b: Sylveon|Hyper Voice|p2a: Floette|[spread] p2a,p2b\n|-damage|p2a: Floette|34/100 par\n|-damage|p2b: Sinistcha|0 fnt\n|faint|p2b: Sinistcha\n|cant|p2a: Floette|par\n|\n|upkeep\n|\n|t:|1788378525\n|switch|p2b: Sneasler|Sneasler, L50, M|41/100\n|turn|6\n|\n|t:|1788378540\n|move|p1b: Sylveon|Detect|p1b: Sylveon\n|-singleturn|p1b: Sylveon|Protect\n|move|p2a: Floette|Protect|p2a: Floette\n|-singleturn|p2a: Floette|Protect\n|move|p2b: Sneasler|Poison Jab|p1b: Sylveon\n|-activate|p1b: Sylveon|move: Protect\n|move|p1a: Farigiraf|Psychic|p2b: Sneasler\n|-supereffective|p2b: Sneasler|2\n|-damage|p2b: Sneasler|0 fnt\n|faint|p2b: Sneasler\n|\n|upkeep\n|\n|t:|1788378550\n|switch|p2b: Incineroar|Incineroar, L50, M|100/100\n|-ability|p2b: Incineroar|Intimidate|boost\n|-unboost|p1a: Farigiraf|atk|1\n|-unboost|p1b: Sylveon|atk|1\n|turn|7\n|\n|t:|1788378556\n|move|p1b: Sylveon|Hyper Voice|p2b: Incineroar|[spread] p2a,p2b\n|-damage|p2a: Floette|10/100 par\n|-damage|p2b: Incineroar|50/100g\n|move|p2b: Incineroar|Flare Blitz|p1b: Sylveon\n|-damage|p1b: Sylveon|43/100\n|-damage|p2b: Incineroar|33/100|[from] Recoil\n|-enditem|p2b: Incineroar|Sitrus Berry|[eat]\n|-heal|p2b: Incineroar|58/100|[from] item: Sitrus Berry\n|move|p1a: Farigiraf|Psychic|p2a: Floette\n|-damage|p2a: Floette|0 fnt\n|faint|p2a: Floette\n|\n|upkeep\n|turn|8\n|inactive|jomivgc has 30 seconds left.\n|\n|t:|1788378585\n|move|p1a: Farigiraf|Helping Hand|p1b: Sylveon\n|-singleturn|p1b: Sylveon|Helping Hand|[of] p1a: Farigiraf\n|move|p1b: Sylveon|Hyper Beam|p2b: Incineroar\n|-damage|p2b: Incineroar|0 fnt\n|-mustrecharge|p1b: Sylveon\n|faint|p2b: Incineroar\n|\n|win|jomivgc\n","uploadtime":1788378585,"views":"0","formatid":"gen9championsvgc2026regmbbo3","rating":null,"private":0,"password":null}