{"id":"gen9championsvgc2026regmb-2674772096","format":"[Gen 9 Champions] VGC 2026 Reg M-B","players":["ArepadeChorizard","DoRoMeFaSoLaTi"],"log":"|j|☆ArepadeChorizard\n|j|☆DoRoMeFaSoLaTi\n|t:|1788403847\n|gametype|doubles\n|player|p1|ArepadeChorizard|allister-masters|1125\n|player|p2|DoRoMeFaSoLaTi|roxie-masters|1110\n|gen|9\n|tier|[Gen 9 Champions] VGC 2026 Reg M-B\n|rated|\n|rule|Species Clause: Limit one of each Pokémon\n|rule|Item Clause: Limit 1 of each item\n|clearpoke\n|poke|p1|Gengar, L50, F|\n|poke|p1|Sinistcha, L50|\n|poke|p1|Tyranitar, L50, M|\n|poke|p1|Falinks, L50|\n|poke|p1|Whimsicott, L50, F|\n|poke|p1|Gholdengo, L50|\n|poke|p2|Pyroar, L50, F|\n|poke|p2|Noivern, L50, F|\n|poke|p2|Lopunny, L50, M|\n|poke|p2|Sableye, L50, F|\n|poke|p2|Raichu, L50, F|\n|poke|p2|Zoroark-Hisui, L50, M|\n|teampreview|4\n|inactive|Battle timer is ON: inactive players will automatically lose when time's up. (requested by ArepadeChorizard)\nArepadeChorizard rejected open team sheets.\n|inactive|ArepadeChorizard has 60 seconds left.\n|inactive|DoRoMeFaSoLaTi has 60 seconds left.\n|inactive|DoRoMeFaSoLaTi has 30 seconds left.\n|inactive|DoRoMeFaSoLaTi has 20 seconds left.\n|\n|t:|1788403921\n|teamsize|p1|4\n|teamsize|p2|4\n|start\n|switch|p1a: Tyranitar|Tyranitar, L50, M|100/100\n|switch|p1b: Whimsicott|Whimsicott, L50, F|100/100\n|switch|p2a: Sableye|Sableye, L50, F|100/100\n|switch|p2b: Raichu|Raichu, L50, F|100/100\n|-weather|Sandstorm|[from] ability: Sand Stream|[of] p1a: Tyranitar\n|turn|1\n|\n|t:|1788403937\n|detailschange|p2b: Raichu|Raichu-Mega-X, L50, F\n|-mega|p2b: Raichu|Raichu|Raichunite X\n|-fieldstart|move: Electric Terrain|[from] ability: Electric Surge|[of] p2b: Raichu\n|move|p1b: Whimsicott|Protect|p1b: Whimsicott\n|-singleturn|p1b: Whimsicott|Protect\n|move|p1a: Tyranitar|Protect|p1a: Tyranitar\n|-singleturn|p1a: Tyranitar|Protect\n|move|p2a: Sableye|Rain Dance|p2a: Sableye\n|-weather|RainDance\n|move|p2b: Raichu|Drain Punch|p1a: Tyranitar\n|-activate|p1a: Tyranitar|move: Protect\n|\n|-weather|RainDance|[upkeep]\n|upkeep\n|turn|2\n|\n|t:|1788403954\n|switch|p2a: Noivern|Noivern, L50, F|100/100\n|move|p1b: Whimsicott|Tailwind|p1b: Whimsicott\n|-sidestart|p1: ArepadeChorizard|move: Tailwind\n|move|p2b: Raichu|Knock Off|p1a: Tyranitar\n|-resisted|p1a: Tyranitar|1\n|-damage|p1a: Tyranitar|88/100\n|-enditem|p1a: Tyranitar|Chople Berry|[from] move: Knock Off|[of] p2b: Raichu\n|move|p1a: Tyranitar|Rock Slide|p2b: Raichu|[spread] p2a,p2b\n|-supereffective|p2a: Noivern|1\n|-damage|p2a: Noivern|36/100\n|-damage|p2b: Raichu|63/100\n|\n|-weather|RainDance|[upkeep]\n|upkeep\n|turn|3\n|\n|t:|1788403967\n|move|p2b: Raichu|Protect|p2b: Raichu\n|-singleturn|p2b: Raichu|Protect\n|move|p1a: Tyranitar|Protect|p1a: Tyranitar\n|-singleturn|p1a: Tyranitar|Protect\n|move|p1b: Whimsicott|Moonblast|p2a: Noivern\n|-supereffective|p2a: Noivern|1\n|-damage|p2a: Noivern|0 fnt\n|faint|p2a: Noivern\n|\n|-weather|RainDance|[upkeep]\n|upkeep\n|\n|t:|1788403973\n|switch|p2a: Pyroar|Pyroar, L50, F|100/100\n|turn|4\n|\n|t:|1788403985\n|switch|p1a: Gholdengo|Gholdengo, L50|100/100\n|move|p2a: Pyroar|Protect|p2a: Pyroar\n|-singleturn|p2a: Pyroar|Protect\n|move|p1b: Whimsicott|Encore|p2b: Raichu\n|-start|p2b: Raichu|Encore\n|move|p2b: Raichu|Protect||[still]\n|-fail|p2b: Raichu\n|\n|-weather|RainDance|[upkeep]\n|upkeep\n|turn|5\n|\n|t:|1788403996\n|switch|p2b: Sableye|Sableye, L50, F|100/100\n|move|p1b: Whimsicott|Encore|p2a: Pyroar\n|-start|p2a: Pyroar|Encore\n|move|p2a: Pyroar|Protect||[still]\n|-fail|p2a: Pyroar\n|move|p1a: Gholdengo|Nasty Plot|p1a: Gholdengo\n|-boost|p1a: Gholdengo|spa|2\n|\n|-weather|none\n|-sideend|p1: ArepadeChorizard|move: Tailwind\n|-fieldend|move: Electric Terrain\n|upkeep\n|turn|6\n|\n|t:|1788404007\n|switch|p2a: Raichu|Raichu-Mega-X, L50, F|63/100\n|-fieldstart|move: Electric Terrain|[from] ability: Electric Surge|[of] p2a: Raichu\n|move|p1b: Whimsicott|Tailwind|p1b: Whimsicott\n|-sidestart|p1: ArepadeChorizard|move: Tailwind\n|move|p2b: Sableye|Sucker Punch|p1a: Gholdengo\n|-supereffective|p1a: Gholdengo|1\n|-damage|p1a: Gholdengo|52/100\n|move|p1a: Gholdengo|Make It Rain|p2b: Sableye|[spread] p2a,p2b\n|-resisted|p2a: Raichu|1\n|-damage|p2a: Raichu|0 fnt\n|-damage|p2b: Sableye|0 fnt\n|-unboost|p1a: Gholdengo|spa|2\n|faint|p2a: Raichu\n|faint|p2b: Sableye\n|-damage|p1a: Gholdengo|42/100|[from] item: Life Orb\n|\n|upkeep\n|-message|DoRoMeFaSoLaTi forfeited.\n|\n|win|ArepadeChorizard\n|raw|ArepadeChorizard's rating: 1125 &rarr; <strong>1149</strong><br />(+24 for winning)\n|raw|DoRoMeFaSoLaTi's rating: 1110 &rarr; <strong>1086</strong><br />(-24 for losing)\n|l|☆DoRoMeFaSoLaTi\n|player|p2|\n","uploadtime":1788404021,"views":"5","formatid":"gen9championsvgc2026regmb","rating":1086,"private":0,"password":null}