{"id":"gen9championsvgc2026regmb-2674147916","format":"[Gen 9 Champions] VGC 2026 Reg M-B","players":["tottym","luiz red"],"log":"|j|☆tottym\n|j|☆luiz red\n|t:|1788306262\n|gametype|doubles\n|player|p1|tottym|1|1120\n|player|p2|luiz red|veteran|1197\n|gen|9\n|tier|[Gen 9 Champions] VGC 2026 Reg M-B\n|rated|\n|rule|Species Clause: Limit one of each Pokémon\n|rule|Item Clause: Limit 1 of each item\n|clearpoke\n|poke|p1|Incineroar, L50, F|\n|poke|p1|Hatterene, L50, F|\n|poke|p1|Farigiraf, L50, M|\n|poke|p1|Torkoal, L50, F|\n|poke|p1|Kangaskhan, L50, F|\n|poke|p1|Charizard, L50, M|\n|poke|p2|Gengar, L50, F|\n|poke|p2|Infernape, L50, F|\n|poke|p2|Archaludon, L50, F|\n|poke|p2|Pelipper, L50, M|\n|poke|p2|Sinistcha, L50|\n|poke|p2|Grimmsnarl, L50, M|\n|teampreview|4\n|\n|t:|1788306292\n|teamsize|p1|4\n|teamsize|p2|4\n|start\n|switch|p1a: Incineroar|Incineroar, L50, F|100/100\n|switch|p1b: Hatterene|Hatterene, L50, F|100/100\n|switch|p2a: Gengar|Gengar, L50, F|100/100\n|switch|p2b: Grimmsnarl|Grimmsnarl, L50, M|100/100\n|-ability|p1a: Incineroar|Intimidate|boost\n|-unboost|p2a: Gengar|atk|1\n|-unboost|p2b: Grimmsnarl|atk|1\n|turn|1\n|\n|t:|1788306322\n|detailschange|p2a: Gengar|Gengar-Mega, L50, F\n|-mega|p2a: Gengar|Gengar|Gengarite\n|move|p1a: Incineroar|Fake Out|p2b: Grimmsnarl\n|-damage|p2b: Grimmsnarl|85/100\n|cant|p2b: Grimmsnarl|flinch\n|move|p2a: Gengar|Perish Song|p2a: Gengar\n|-start|p1a: Incineroar|perish3|[silent]\n|-start|p1b: Hatterene|perish3|[silent]\n|-start|p2a: Gengar|perish3|[silent]\n|-start|p2b: Grimmsnarl|perish3|[silent]\n|-fieldactivate|move: Perish Song\n|move|p1b: Hatterene|Trick Room|p1b: Hatterene\n|-fieldstart|move: Trick Room|[of] p1b: Hatterene\n|\n|-start|p1b: Hatterene|perish3\n|-start|p1a: Incineroar|perish3\n|-start|p2b: Grimmsnarl|perish3\n|-start|p2a: Gengar|perish3\n|upkeep\n|turn|2\n|\n|t:|1788306344\n|move|p2a: Gengar|Protect|p2a: Gengar\n|-singleturn|p2a: Gengar|Protect\n|move|p2b: Grimmsnarl|Light Screen|p2b: Grimmsnarl\n|-sidestart|p2: luiz red|move: Light Screen\n|move|p1b: Hatterene|Dazzling Gleam|p2a: Gengar|[spread] p2b\n|-activate|p2a: Gengar|move: Protect\n|-supereffective|p2b: Grimmsnarl|1\n|-damage|p2b: Grimmsnarl|23/100\n|-damage|p1b: Hatterene|90/100|[from] item: Life Orb\n|move|p1a: Incineroar|Darkest Lariat|p2a: Gengar\n|-activate|p2a: Gengar|move: Protect\n|\n|-start|p1b: Hatterene|perish2\n|-start|p2b: Grimmsnarl|perish2\n|-start|p1a: Incineroar|perish2\n|-start|p2a: Gengar|perish2\n|upkeep\n|turn|3\n|\n|t:|1788306381\n|move|p2b: Grimmsnarl|Reflect|p2b: Grimmsnarl\n|-sidestart|p2: luiz red|Reflect\n|move|p1b: Hatterene|Dazzling Gleam|p2b: Grimmsnarl|[spread] p2a,p2b\n|-resisted|p2a: Gengar|1\n|-supereffective|p2b: Grimmsnarl|1\n|-damage|p2a: Gengar|84/100\n|-damage|p2b: Grimmsnarl|0 fnt\n|faint|p2b: Grimmsnarl\n|-damage|p1b: Hatterene|81/100|[from] item: Life Orb\n|move|p1a: Incineroar|Darkest Lariat|p2a: Gengar\n|-supereffective|p2a: Gengar|1\n|-damage|p2a: Gengar|14/100\n|move|p2a: Gengar|Shadow Ball|p1b: Hatterene\n|-supereffective|p1b: Hatterene|1\n|-damage|p1b: Hatterene|0 fnt\n|faint|p1b: Hatterene\n|\n|-start|p1a: Incineroar|perish1\n|-start|p2a: Gengar|perish1\n|upkeep\n|\n|t:|1788306414\n|switch|p1b: Charizard|Charizard, L50, M|100/100\n|switch|p2b: Archaludon|Archaludon, L50, F|100/100\n|turn|4\n|\n|t:|1788306425\n|switch|p2a: Pelipper|Pelipper, L50, M|100/100\n|-weather|RainDance|[from] ability: Drizzle|[of] p2a: Pelipper\n|detailschange|p1b: Charizard|Charizard-Mega-Y, L50, M\n|-mega|p1b: Charizard|Charizard|Charizardite Y\n|-weather|SunnyDay|[from] ability: Drought|[of] p1b: Charizard\n|move|p2b: Archaludon|Protect|p2b: Archaludon\n|-singleturn|p2b: Archaludon|Protect\n|move|p1a: Incineroar|Darkest Lariat|p2a: Pelipper\n|-damage|p2a: Pelipper|71/100\n|move|p1b: Charizard|Overheat|p2b: Archaludon\n|-activate|p2b: Archaludon|move: Protect\n|\n|-weather|SunnyDay|[upkeep]\n|-start|p1a: Incineroar|perish0\n|faint|p1a: Incineroar\n|upkeep\n|\n|t:|1788306435\n|switch|p1a: Torkoal|Torkoal, L50, F|100/100\n|turn|5\n|\n|t:|1788306456\n|switch|p2a: Gengar|Gengar-Mega, L50, F|14/100\n|move|p2b: Archaludon|Protect|p2b: Archaludon\n|-singleturn|p2b: Archaludon|Protect\n|move|p1a: Torkoal|Weather Ball|p2b: Archaludon\n|-activate|p2b: Archaludon|move: Protect\n|move|p1b: Charizard|Solar Beam||[still]\n|-prepare|p1b: Charizard|Solar Beam\n|-anim|p1b: Charizard|Solar Beam|p2a: Gengar\n|-resisted|p2a: Gengar|1\n|-damage|p2a: Gengar|0 fnt\n|faint|p2a: Gengar\n|\n|-weather|SunnyDay|[upkeep]\n|-fieldend|move: Trick Room\n|upkeep\n|l|☆tottym\n|player|p1|\n|\n|t:|1788306473\n|switch|p2a: Pelipper|Pelipper, L50, M|71/100\n|-weather|RainDance|[from] ability: Drizzle|[of] p2a: Pelipper\n|turn|6\n|inactive|Battle timer is ON: inactive players will automatically lose when time's up. (requested by luiz red)\n|inactive|tottym has 30 seconds to reconnect!\n|inactive|tottym has 20 seconds to reconnect!\n|inactive|tottym has 15 seconds to reconnect!\n|inactive|tottym has 10 seconds to reconnect!\n|inactive|tottym has 5 seconds to reconnect!\n|-message|tottym lost due to inactivity.\n|\n|win|luiz red\n|raw|tottym's rating: 1120 &rarr; <strong>1100</strong><br />(-20 for losing)\n|raw|luiz red's rating: 1197 &rarr; <strong>1217</strong><br />(+20 for winning)\n","uploadtime":1788306699,"views":"1","formatid":"gen9championsvgc2026regmb","rating":1100,"private":0,"password":null}