{"id":"gen9championsvgc2026regmb-2674654355","format":"[Gen 9 Champions] VGC 2026 Reg M-B","players":["myminiman","cinarguncavdi2231"],"log":"|j|☆myminiman\n|j|☆cinarguncavdi2231\n|t:|1788385702\n|gametype|doubles\n|player|p1|myminiman|bea|1644\n|player|p2|cinarguncavdi2231|hiker-gen4|1548\n|gen|9\n|tier|[Gen 9 Champions] VGC 2026 Reg M-B\n|rated|\n|rule|Species Clause: Limit one of each Pokémon\n|rule|Item Clause: Limit 1 of each item\n|clearpoke\n|poke|p1|Ninetales-Alola, L50, F|\n|poke|p1|Pyroar, L50, F, shiny|\n|poke|p1|Sneasler, L50, F|\n|poke|p1|Dragonite, L50, M|\n|poke|p1|Kingambit, L50, M|\n|poke|p1|Rotom-Wash, L50|\n|poke|p2|Kingambit, L50, M|\n|poke|p2|Sylveon, L50, M, shiny|\n|poke|p2|Incineroar, L50, M|\n|poke|p2|Garchomp, L50, M, shiny|\n|poke|p2|Charizard, L50, M|\n|poke|p2|Aerodactyl, L50, M|\n|teampreview|4\n|inactive|Battle timer is ON: inactive players will automatically lose when time's up. (requested by cinarguncavdi2231)\n|inactive|myminiman has 60 seconds left.\n|inactive|cinarguncavdi2231 has 60 seconds left.\n|inactive|myminiman has 30 seconds left.\n|inactive|cinarguncavdi2231 has 30 seconds left.\n|inactive|myminiman has 20 seconds left.\n|inactive|myminiman has 15 seconds left.\n|inactive|myminiman has 10 seconds left.\n|inactive|myminiman has 5 seconds left.\n|\n|t:|1788385796\n|teamsize|p1|4\n|teamsize|p2|4\n|start\n|switch|p1a: Pyroar|Pyroar, L50, F, shiny|100/100\n|switch|p1b: Rotom|Rotom-Wash, L50|100/100\n|switch|p2a: Aerodactyl|Aerodactyl, L50, M|100/100\n|switch|p2b: Kingambit|Kingambit, L50, M|100/100\n|-ability|p2a: Aerodactyl|Unnerve\n|turn|1\n|inactive|myminiman has 30 seconds left.\n|inactive|cinarguncavdi2231 has 30 seconds left.\n|inactive|myminiman has 20 seconds left.\n|inactive|cinarguncavdi2231 has 20 seconds left.\n|inactive|myminiman has 15 seconds left.\n|\n|t:|1788385841\n|detailschange|p2a: Aerodactyl|Aerodactyl-Mega, L50, M\n|-mega|p2a: Aerodactyl|Aerodactyl|Aerodactylite\n|detailschange|p1a: Pyroar|Pyroar-Mega, L50, F, shiny\n|-mega|p1a: Pyroar|Pyroar|Pyroarite\n|move|p1a: Pyroar|Protect|p1a: Pyroar\n|-singleturn|p1a: Pyroar|Protect\n|move|p2a: Aerodactyl|Tailwind|p2a: Aerodactyl\n|-sidestart|p2: cinarguncavdi2231|move: Tailwind\n|move|p2b: Kingambit|Kowtow Cleave|p1b: Rotom\n|-damage|p1b: Rotom|53/100\n|move|p1b: Rotom|Will-O-Wisp|p2a: Aerodactyl\n|-status|p2a: Aerodactyl|brn\n|\n|-damage|p2a: Aerodactyl|93/100 brn|[from] brn\n|upkeep\n|turn|2\n|\n|t:|1788385859\n|move|p2a: Aerodactyl|Rock Slide|p1b: Rotom|[spread] p1a,p1b\n|-supereffective|p1a: Pyroar|1\n|-damage|p1a: Pyroar|72/100\n|-damage|p1b: Rotom|40/100\n|-enditem|p1b: Rotom|Sitrus Berry|[eat]\n|-heal|p1b: Rotom|65/100|[from] item: Sitrus Berry\n|move|p2b: Kingambit|Kowtow Cleave|p1a: Pyroar\n|-damage|p1a: Pyroar|17/100\n|move|p1a: Pyroar|Heat Wave|p2b: Kingambit|[spread] p2a,p2b\n|-resisted|p2a: Aerodactyl|1\n|-supereffective|p2b: Kingambit|1\n|-damage|p2a: Aerodactyl|65/100 brn\n|-enditem|p2b: Kingambit|Focus Sash\n|-damage|p2b: Kingambit|1/100\n|move|p1b: Rotom|Volt Switch|p2b: Kingambit\n|-damage|p2b: Kingambit|0 fnt\n|faint|p2b: Kingambit\n|\n|t:|1788385881\n|switch|p1b: Sneasler|Sneasler, L50, F|100/100|[from] Volt Switch\n|\n|-damage|p2a: Aerodactyl|59/100 brn|[from] brn\n|upkeep\n|\n|t:|1788385884\n|switch|p2b: Garchomp|Garchomp, L50, M, shiny|100/100\n|turn|3\n|\n|t:|1788385897\n|move|p1b: Sneasler|Fake Out|p2b: Garchomp\n|-damage|p2b: Garchomp|85/100\n|-damage|p1b: Sneasler|87/100|[from] ability: Rough Skin|[of] p2b: Garchomp\n|move|p2a: Aerodactyl|Rock Slide|p1b: Sneasler|[spread] p1b\n|-miss|p2a: Aerodactyl|p1a: Pyroar\n|-resisted|p1b: Sneasler|1\n|-damage|p1b: Sneasler|76/100\n|cant|p2b: Garchomp|flinch\n|move|p1a: Pyroar|Will-O-Wisp|p2b: Garchomp\n|-status|p2b: Garchomp|brn\n|\n|-damage|p2a: Aerodactyl|53/100 brn|[from] brn\n|-damage|p2b: Garchomp|79/100 brn|[from] brn\n|upkeep\n|turn|4\n|\n|t:|1788385919\n|switch|p1b: Rotom|Rotom-Wash, L50|65/100\n|move|p1a: Pyroar|Protect|p1a: Pyroar\n|-singleturn|p1a: Pyroar|Protect\n|move|p2a: Aerodactyl|Rock Slide|p1b: Rotom|[spread] p1b\n|-activate|p1a: Pyroar|move: Protect\n|-damage|p1b: Rotom|53/100\n|move|p2b: Garchomp|Dragon Claw|p1b: Rotom\n|-damage|p1b: Rotom|31/100\n|-damage|p2b: Garchomp|69/100 brn|[from] item: Life Orb\n|\n|-damage|p2a: Aerodactyl|46/100 brn|[from] brn\n|-damage|p2b: Garchomp|63/100 brn|[from] brn\n|-sideend|p2: cinarguncavdi2231|move: Tailwind\n|upkeep\n|turn|5\n|\n|t:|1788385938\n|move|p2a: Aerodactyl|Rock Slide|p1a: Pyroar|[spread] p1a,p1b\n|-supereffective|p1a: Pyroar|1\n|-damage|p1a: Pyroar|0 fnt\n|-damage|p1b: Rotom|19/100\n|faint|p1a: Pyroar\n|move|p2b: Garchomp|Dragon Claw|p1b: Rotom\n|-damage|p1b: Rotom|0 fnt\n|faint|p1b: Rotom\n|-damage|p2b: Garchomp|54/100 brn|[from] item: Life Orb\n|\n|-damage|p2a: Aerodactyl|40/100 brn|[from] brn\n|-damage|p2b: Garchomp|48/100 brn|[from] brn\n|upkeep\n|\n|t:|1788385946\n|switch|p1a: Sneasler|Sneasler, L50, F|76/100\n|switch|p1b: Kingambit|Kingambit, L50, M|100/100\n|turn|6\n|\n|t:|1788385972\n|move|p1b: Kingambit|Sucker Punch||[still]\n|-fail|p1b: Kingambit\n|move|p2a: Aerodactyl|Tailwind|p2a: Aerodactyl\n|-sidestart|p2: cinarguncavdi2231|move: Tailwind\n|move|p2b: Garchomp|Earthquake|p1b: Kingambit|[spread] p1a,p1b\n|-immune|p2a: Aerodactyl\n|-supereffective|p1a: Sneasler|1\n|-supereffective|p1b: Kingambit|1\n|-damage|p1a: Sneasler|2/100\n|-damage|p1b: Kingambit|62/100\n|-damage|p2b: Garchomp|38/100 brn|[from] item: Life Orb\n|move|p1a: Sneasler|Close Combat|p2b: Garchomp\n|-damage|p2b: Garchomp|0 fnt\n|-unboost|p1a: Sneasler|def|1\n|-unboost|p1a: Sneasler|spd|1\n|-damage|p1a: Sneasler|0 fnt|[from] ability: Rough Skin|[of] p2b: Garchomp\n|faint|p2b: Garchomp\n|faint|p1a: Sneasler\n|\n|-damage|p2a: Aerodactyl|34/100 brn|[from] brn\n|upkeep\n|\n|t:|1788385983\n|switch|p2b: Sylveon|Sylveon, L50, M, shiny|100/100\n|turn|7\n|\n|t:|1788385992\n|move|p1b: Kingambit|Sucker Punch|p2a: Aerodactyl\n|-damage|p2a: Aerodactyl|0 fnt\n|faint|p2a: Aerodactyl\n|move|p2b: Sylveon|Hyper Beam|p1b: Kingambit\n|-crit|p1b: Kingambit\n|-damage|p1b: Kingambit|0 fnt\n|-mustrecharge|p2b: Sylveon\n|faint|p1b: Kingambit\n|\n|win|cinarguncavdi2231\n|raw|myminiman's rating: 1644 &rarr; <strong>1619</strong><br />(-25 for losing)\n|raw|cinarguncavdi2231's rating: 1548 &rarr; <strong>1573</strong><br />(+25 for winning)\n|l|☆myminiman\n|player|p1|\n","uploadtime":1788386000,"views":"2","formatid":"gen9championsvgc2026regmb","rating":1573,"private":0,"password":null}