{"id":"gen9championsvgc2026regmb-2674586492","format":"[Gen 9 Champions] VGC 2026 Reg M-B","players":["alaok","Pvrm"],"log":"|j|☆alaok\n|j|☆Pvrm\n|t:|1788377079\n|gametype|doubles\n|player|p1|alaok|102|1191\n|player|p2|Pvrm|parasollady|1201\n|gen|9\n|tier|[Gen 9 Champions] VGC 2026 Reg M-B\n|rated|\n|rule|Species Clause: Limit one of each Pokémon\n|rule|Item Clause: Limit 1 of each item\n|clearpoke\n|poke|p1|Swampert, L50, F|\n|poke|p1|Pelipper, L50, F|\n|poke|p1|Archaludon, L50, M|\n|poke|p1|Heliolisk, L50, M|\n|poke|p1|Grimmsnarl, L50, M|\n|poke|p1|Metagross, L50|\n|poke|p2|Delphox, L50, F|\n|poke|p2|Mamoswine, L50, M|\n|poke|p2|Kingambit, L50, M|\n|poke|p2|Ninetales-Alola, L50, F|\n|poke|p2|Vanilluxe, L50, M|\n|poke|p2|Tauros, L50, M|\n|teampreview|4\n|inactive|Battle timer is ON: inactive players will automatically lose when time's up. (requested by alaok)\n|\n|t:|1788377130\n|teamsize|p1|4\n|teamsize|p2|4\n|start\n|switch|p1a: Swampert|Swampert, L50, F|100/100\n|switch|p1b: Heliolisk|Heliolisk, L50, M|100/100\n|switch|p2a: Vanilluxe|Vanilluxe, L50, M|100/100\n|switch|p2b: Kingambit|Kingambit, L50, M|100/100\n|-weather|Snowscape|[from] ability: Snow Warning|[of] p2a: Vanilluxe\n|turn|1\n|\n|t:|1788377151\n|detailschange|p1a: Swampert|Swampert-Mega, L50, F\n|-mega|p1a: Swampert|Swampert|Swampertite\n|move|p2b: Kingambit|Protect|p2b: Kingambit\n|-singleturn|p2b: Kingambit|Protect\n|move|p2a: Vanilluxe|Freeze-Dry|p1b: Heliolisk\n|-damage|p1b: Heliolisk|58/100\n|move|p1b: Heliolisk|Volt Switch|p2a: Vanilluxe\n|-damage|p2a: Vanilluxe|63/100\n|\n|t:|1788377162\n|switch|p1b: Pelipper|Pelipper, L50, F|100/100|[from] Volt Switch\n|-weather|RainDance|[from] ability: Drizzle|[of] p1b: Pelipper\n|move|p1a: Swampert|Earthquake|p2b: Kingambit|[spread] p2a\n|-activate|p2b: Kingambit|move: Protect\n|-immune|p1b: Pelipper\n|-damage|p2a: Vanilluxe|0 fnt\n|faint|p2a: Vanilluxe\n|\n|-weather|RainDance|[upkeep]\n|upkeep\n|\n|t:|1788377169\n|switch|p2a: Ninetales|Ninetales-Alola, L50, F|100/100\n|-weather|Snowscape|[from] ability: Snow Warning|[of] p2a: Ninetales\n|turn|2\n|\n|t:|1788377182\n|switch|p1a: Archaludon|Archaludon, L50, M|100/100\n|move|p2a: Ninetales|Freeze-Dry|p1a: Archaludon\n|-damage|p1a: Archaludon|62/100\n|-ability|p1a: Archaludon|Stamina|boost\n|-boost|p1a: Archaludon|def|1\n|move|p1b: Pelipper|Tailwind|p1b: Pelipper\n|-sidestart|p1: alaok|move: Tailwind\n|move|p2b: Kingambit|Swords Dance|p2b: Kingambit\n|-boost|p2b: Kingambit|atk|2\n|\n|-weather|Snowscape|[upkeep]\n|-heal|p1a: Archaludon|69/100|[from] item: Leftovers\n|upkeep\n|turn|3\n|inactive|alaok has 30 seconds left.\n|inactive|Pvrm has 30 seconds left.\n|inactive|alaok has 20 seconds left.\n|\n|t:|1788377217\n|switch|p1b: Swampert|Swampert-Mega, L50, F|100/100\n|move|p1a: Archaludon|Protect|p1a: Archaludon\n|-singleturn|p1a: Archaludon|Protect\n|move|p2a: Ninetales|Freeze-Dry|p1b: Swampert\n|-supereffective|p1b: Swampert|2\n|-damage|p1b: Swampert|10/100\n|move|p2b: Kingambit|Kowtow Cleave|p1b: Swampert\n|-damage|p1b: Swampert|0 fnt\n|faint|p1b: Swampert\n|\n|-weather|Snowscape|[upkeep]\n|-heal|p1a: Archaludon|75/100|[from] item: Leftovers\n|upkeep\n|\n|t:|1788377230\n|switch|p1b: Pelipper|Pelipper, L50, F|100/100\n|-weather|RainDance|[from] ability: Drizzle|[of] p1b: Pelipper\n|turn|4\n|\n|t:|1788377250\n|move|p2a: Ninetales|Protect|p2a: Ninetales\n|-singleturn|p2a: Ninetales|Protect\n|move|p2b: Kingambit|Protect|p2b: Kingambit\n|-singleturn|p2b: Kingambit|Protect\n|move|p1a: Archaludon|Electro Shot||[still]\n|-prepare|p1a: Archaludon|Electro Shot\n|-boost|p1a: Archaludon|spa|1\n|-anim|p1a: Archaludon|Electro Shot|p2a: Ninetales\n|-activate|p2a: Ninetales|move: Protect\n|move|p1b: Pelipper|Weather Ball|p2a: Ninetales\n|-activate|p2a: Ninetales|move: Protect\n|\n|-weather|RainDance|[upkeep]\n|-heal|p1a: Archaludon|81/100|[from] item: Leftovers\n|upkeep\n|turn|5\n|inactive|alaok has 30 seconds left.\n|\n|t:|1788377278\n|move|p2b: Kingambit|Sucker Punch|p1a: Archaludon\n|-damage|p1a: Archaludon|35/100\n|-ability|p1a: Archaludon|Stamina|boost\n|-boost|p1a: Archaludon|def|1\n|move|p1a: Archaludon|Flash Cannon|p2a: Ninetales\n|-supereffective|p2a: Ninetales|2\n|-enditem|p2a: Ninetales|Focus Sash\n|-damage|p2a: Ninetales|1/100\n|move|p1b: Pelipper|Weather Ball|p2b: Kingambit\n|-crit|p2b: Kingambit\n|-damage|p2b: Kingambit|32/100\n|move|p2a: Ninetales|Icy Wind|p1a: Archaludon|[spread] p1a,p1b\n|-damage|p1a: Archaludon|16/100\n|-damage|p1b: Pelipper|76/100\n|-unboost|p1a: Archaludon|spe|1\n|-unboost|p1b: Pelipper|spe|1\n|-ability|p1a: Archaludon|Stamina|boost\n|-boost|p1a: Archaludon|def|1\n|\n|-weather|RainDance|[upkeep]\n|-heal|p1a: Archaludon|22/100|[from] item: Leftovers\n|-sideend|p1: alaok|move: Tailwind\n|upkeep\n|turn|6\n|inactive|alaok has 30 seconds left.\n|inactive|Pvrm has 30 seconds left.\n|inactive|alaok has 20 seconds left.\n|inactive|alaok has 15 seconds left.\n|inactive|alaok has 10 seconds left.\n|inactive|Pvrm has 20 seconds left.\n|\n|t:|1788377333\n|switch|p1b: Heliolisk|Heliolisk, L50, M|58/100\n|move|p1a: Archaludon|Protect|p1a: Archaludon\n|-singleturn|p1a: Archaludon|Protect\n|move|p2b: Kingambit|Sucker Punch||[still]\n|-fail|p2b: Kingambit\n|move|p2a: Ninetales|Freeze-Dry|p1b: Heliolisk\n|-damage|p1b: Heliolisk|27/100\n|\n|-weather|RainDance|[upkeep]\n|-heal|p1b: Heliolisk|40/100|[from] ability: Dry Skin\n|-heal|p1a: Archaludon|28/100|[from] item: Leftovers\n|upkeep\n|turn|7\n|inactive|alaok has 30 seconds left.\n|inactive|Pvrm has 30 seconds left.\n|inactive|Pvrm has 20 seconds left.\n|inactive|Pvrm has 15 seconds left.\n|\n|t:|1788377375\n|move|p2b: Kingambit|Sucker Punch|p1b: Heliolisk\n|-damage|p1b: Heliolisk|0 fnt\n|faint|p1b: Heliolisk\n|move|p2a: Ninetales|Moonblast|p1a: Archaludon\n|-damage|p1a: Archaludon|0 fnt\n|faint|p1a: Archaludon\n|\n|-weather|RainDance|[upkeep]\n|upkeep\n|-message|alaok forfeited.\n|\n|win|Pvrm\n|raw|alaok's rating: 1191 &rarr; <strong>1167</strong><br />(-24 for losing)\n|raw|Pvrm's rating: 1201 &rarr; <strong>1225</strong><br />(+24 for winning)\n|l|☆alaok\n|player|p1|\n","uploadtime":1788377386,"views":"16","formatid":"gen9championsvgc2026regmb","rating":1167,"private":0,"password":null}