{"id":"gen9championsvgc2026regmb-2674833697","format":"[Gen 9 Champions] VGC 2026 Reg M-B","players":["dghbfgh","bruhdnigerian"],"log":"|j|☆dghbfgh\n|j|☆bruhdnigerian\n|t:|1788416865\n|gametype|doubles\n|player|p1|dghbfgh|hilbert|1043\n|player|p2|bruhdnigerian|lance|1132\n|gen|9\n|tier|[Gen 9 Champions] VGC 2026 Reg M-B\n|rated|\n|rule|Species Clause: Limit one of each Pokémon\n|rule|Item Clause: Limit 1 of each item\n|clearpoke\n|poke|p1|Gengar, L50, M|\n|poke|p1|Politoed, L50, F, shiny|\n|poke|p1|Sceptile, L50, M|\n|poke|p1|Rotom-Wash, L50, shiny|\n|poke|p1|Heliolisk, L50, M, shiny|\n|poke|p1|Araquanid, L50, M|\n|poke|p2|Pangoro, L50, M|\n|poke|p2|Spiritomb, L50, F|\n|poke|p2|Gliscor, L50, M|\n|poke|p2|Glimmora, L50, F|\n|poke|p2|Araquanid, L50, F|\n|poke|p2|Maushold-Four, L50|\n|teampreview|4\n|inactive|Battle timer is ON: inactive players will automatically lose when time's up. (requested by bruhdnigerian)\n|inactive|dghbfgh also wants the timer to be on.\nbruhdnigerian has agreed to open team sheets.\n|\n|t:|1788416891\n|teamsize|p1|4\n|teamsize|p2|4\n|start\n|switch|p1a: Heliolisk|Heliolisk, L50, M, shiny|100/100\n|switch|p1b: Rotom|Rotom-Wash, L50, shiny|100/100\n|switch|p2a: Glimmora|Glimmora, L50, F|100/100\n|switch|p2b: Maushold|Maushold-Four, L50|100/100\n|turn|1\n|\n|t:|1788416910\n|detailschange|p2a: Glimmora|Glimmora-Mega, L50, F\n|-mega|p2a: Glimmora|Glimmora|Glimmoranite\n|move|p2b: Maushold|Feint|p1a: Heliolisk\n|-damage|p1a: Heliolisk|67/100\n|move|p1a: Heliolisk|Electrify|p2a: Glimmora\n|-singleturn|p2a: Glimmora|move: Electrify\n|move|p2a: Glimmora|Earth Power|p1a: Heliolisk\n|-resisted|p1a: Heliolisk|1\n|-damage|p1a: Heliolisk|44/100\n|move|p1b: Rotom|Will-O-Wisp|p2b: Maushold|[miss]\n|-miss|p1b: Rotom|p2b: Maushold\n|\n|upkeep\n|turn|2\n|c|☆bruhdnigerian|!data electrify\n|c|☆bruhdnigerian|/raw <ul class=\"utilichart\"><li class=\"result\"><span class=\"col movenamecol\"><a href=\"https://dex.pokemonshowdown.com/moves/electrify\">Electrify</a></span> <span class=\"col typecol\"><img src=\"//play.pokemonshowdown.com/sprites/types/Electric.png\" alt=\"Electric\" width=\"32\" height=\"14\"><img src=\"//play.pokemonshowdown.com/sprites/categories/Status.png\" alt=\"Status\" width=\"32\" height=\"14\"></span> <span class=\"col widelabelcol\"><em>Accuracy</em><br>—</span> <span class=\"col pplabelcol\"><em>PP</em><br>20</span> <span class=\"col movedesccol\">Changes the target's move to Electric this turn.</span> </li><li style=\"clear:both\"></li></ul>\n\n|inactive|dghbfgh has 30 seconds left.\n|inactive|bruhdnigerian has 30 seconds left.\n|\n|t:|1788416940\n|switch|p1a: Politoed|Politoed, L50, F, shiny|100/100\n|-weather|RainDance|[from] ability: Drizzle|[of] p1a: Politoed\n|move|p2a: Glimmora|Spiky Shield|p2a: Glimmora\n|-singleturn|p2a: Glimmora|move: Protect\n|move|p2b: Maushold|Thief|p1a: Politoed\n|-damage|p1a: Politoed|75/100\n|-enditem|p1a: Politoed|Damp Rock|[silent]|[from] move: Thief|[of] p2b: Maushold\n|-item|p2b: Maushold|Damp Rock|[from] move: Thief|[of] p1a: Politoed\n|move|p1b: Rotom|Hydro Pump|p2a: Glimmora\n|-activate|p2a: Glimmora|move: Protect\n|\n|-weather|RainDance|[upkeep]\n|upkeep\n|turn|3\n|\n|t:|1788416955\n|move|p2b: Maushold|Feint|p1a: Politoed\n|-damage|p1a: Politoed|55/100\n|move|p2a: Glimmora|Sludge Bomb|p1a: Politoed\n|-damage|p1a: Politoed|10/100\n|move|p1b: Rotom|Hydro Pump|p2a: Glimmora|[miss]\n|-miss|p1b: Rotom|p2a: Glimmora\n|move|p1a: Politoed|Muddy Water|p2a: Glimmora|[spread] p2a\n|-miss|p1a: Politoed|p2b: Maushold\n|-supereffective|p2a: Glimmora|1\n|-damage|p2a: Glimmora|25/100\n|\n|-weather|RainDance|[upkeep]\n|upkeep\n|turn|4\n|\n|t:|1788416972\n|move|p2b: Maushold|Follow Me|p2b: Maushold\n|-singleturn|p2b: Maushold|move: Follow Me\n|move|p2a: Glimmora|Earth Power|p1a: Politoed\n|-damage|p1a: Politoed|0 fnt\n|faint|p1a: Politoed\n|move|p1b: Rotom|Hydro Pump|p2b: Maushold\n|-damage|p2b: Maushold|10/100\n|\n|-weather|RainDance|[upkeep]\n|upkeep\n|\n|t:|1788416977\n|switch|p1a: Sceptile|Sceptile, L50, M|100/100\n|turn|5\n|\n|t:|1788416989\n|detailschange|p1a: Sceptile|Sceptile-Mega, L50, M\n|-mega|p1a: Sceptile|Sceptile|Sceptilite\n|move|p1a: Sceptile|Protect|p1a: Sceptile\n|-singleturn|p1a: Sceptile|Protect\n|move|p2b: Maushold|Follow Me|p2b: Maushold\n|-singleturn|p2b: Maushold|move: Follow Me\n|move|p2a: Glimmora|Sludge Bomb|p1a: Sceptile\n|-activate|p1a: Sceptile|move: Protect\n|move|p1b: Rotom|Discharge|p2b: Maushold|[spread] p2a,p2b\n|-activate|p1a: Sceptile|move: Protect\n|-damage|p2a: Glimmora|0 fnt\n|-damage|p2b: Maushold|0 fnt\n|faint|p2a: Glimmora\n|faint|p2b: Maushold\n|\n|-weather|RainDance|[upkeep]\n|upkeep\n|\n|t:|1788416997\n|switch|p2b: Pangoro|Pangoro, L50, M|100/100\n|switch|p2a: Spiritomb|Spiritomb, L50, F|100/100\n|turn|6\n|\n|t:|1788417009\n|move|p2b: Pangoro|Protect|p2b: Pangoro\n|-singleturn|p2b: Pangoro|Protect\n|move|p1a: Sceptile|Giga Drain|p2b: Pangoro\n|-activate|p2b: Pangoro|move: Protect\n|move|p1b: Rotom|Discharge|p2a: Spiritomb|[spread] p2a\n|-activate|p2b: Pangoro|move: Protect\n|-ability|p1a: Sceptile|Lightning Rod|boost\n|-boost|p1a: Sceptile|spa|1\n|-damage|p2a: Spiritomb|82/100\n|move|p2a: Spiritomb|Trick Room|p2a: Spiritomb\n|-fieldstart|move: Trick Room|[of] p2a: Spiritomb\n|\n|-weather|RainDance|[upkeep]\n|upkeep\n|turn|7\n|\n|t:|1788417029\n|move|p1a: Sceptile|Protect|p1a: Sceptile\n|-singleturn|p1a: Sceptile|Protect\n|move|p2a: Spiritomb|Will-O-Wisp|p1b: Rotom\n|-status|p1b: Rotom|brn\n|move|p2b: Pangoro|Knock Off|p1b: Rotom\n|-crit|p1b: Rotom\n|-damage|p1b: Rotom|10/100 brn\n|-enditem|p1b: Rotom|Sitrus Berry|[from] move: Knock Off|[of] p2b: Pangoro\n|move|p1b: Rotom|Will-O-Wisp|p2b: Pangoro\n|-status|p2b: Pangoro|brn\n|\n|-weather|RainDance|[upkeep]\n|-damage|p2b: Pangoro|94/100 brn|[from] brn\n|-damage|p1b: Rotom|4/100 brn|[from] brn\n|upkeep\n|turn|8\n|inactive|bruhdnigerian has 30 seconds left.\n|\n|t:|1788417062\n|move|p2a: Spiritomb|Hex|p1a: Sceptile\n|-damage|p1a: Sceptile|69/100\n|move|p2b: Pangoro|Poison Jab|p1a: Sceptile\n|-supereffective|p1a: Sceptile|1\n|-damage|p1a: Sceptile|21/100\n|move|p1b: Rotom|Discharge|p2b: Pangoro|[spread] p2a,p2b\n|-ability|p1a: Sceptile|Lightning Rod|boost\n|-boost|p1a: Sceptile|spa|1\n|-crit|p2b: Pangoro\n|-damage|p2a: Spiritomb|65/100\n|-damage|p2b: Pangoro|56/100 brn\n|move|p1a: Sceptile|Giga Drain|p2a: Spiritomb\n|-damage|p2a: Spiritomb|3/100\n|-heal|p1a: Sceptile|55/100|[from] drain|[of] p2a: Spiritomb\n|\n|-weather|RainDance|[upkeep]\n|-damage|p2b: Pangoro|50/100g brn|[from] brn\n|-damage|p1b: Rotom|0 fnt|[from] brn\n|faint|p1b: Rotom\n|upkeep\n|\n|t:|1788417075\n|switch|p1b: Heliolisk|Heliolisk, L50, M, shiny|44/100\n|turn|9\n|\n|t:|1788417087\n|move|p2a: Spiritomb|Destiny Bond|p2a: Spiritomb\n|-singlemove|p2a: Spiritomb|Destiny Bond\n|move|p2b: Pangoro|Storm Throw|p1b: Heliolisk\n|-supereffective|p1b: Heliolisk|1\n|-crit|p1b: Heliolisk\n|-damage|p1b: Heliolisk|0 fnt\n|faint|p1b: Heliolisk\n|move|p1a: Sceptile|Giga Drain|p2a: Spiritomb\n|-damage|p2a: Spiritomb|0 fnt\n|-heal|p1a: Sceptile|57/100|[from] drain|[of] p2a: Spiritomb\n|faint|p2a: Spiritomb\n|-activate|p2a: Spiritomb|move: Destiny Bond\n|faint|p1a: Sceptile\n|\n|win|bruhdnigerian\n|raw|dghbfgh's rating: 1043 &rarr; <strong>1031</strong><br />(-12 for losing)\n|raw|bruhdnigerian's rating: 1132 &rarr; <strong>1151</strong><br />(+19 for winning)\n|l|☆dghbfgh\n|player|p1|\n","uploadtime":1788417099,"views":"1","formatid":"gen9championsvgc2026regmb","rating":1031,"private":0,"password":null}