{"id":"gen9championsvgc2026regmbbo3-2674591184","format":"[Gen 9 Champions] VGC 2026 Reg M-B (Bo3)","players":["Olciax34","4nye"],"log":"|j|☆Olciax34\n|j|☆4nye\n|html|<table width=\"100%\"><tr><td align=\"left\">Olciax34</td><td align=\"right\">4nye</tr><tr><td align=\"left\"><i class=\"fa fa-circle-o\"></i> <i class=\"fa fa-circle-o\"></i> </td><td align=\"right\"><i class=\"fa fa-circle-o\"></i> <i class=\"fa fa-circle-o\"></i> </tr></table>\n|uhtml|bestof|<h2><strong>Game 1</strong> of <a href=\"/game-bestof3-gen9championsvgc2026regmbbo3-2674591183\">a best-of-3</a></h2>\n|t:|1788377640\n|gametype|doubles\n|player|p1|Olciax34|clair|1383\n|player|p2|4nye|lyra|1232\n|gen|9\n|tier|[Gen 9 Champions] VGC 2026 Reg M-B (Bo3)\n|rated|\n|rule|Species Clause: Limit one of each Pokémon\n|rule|Item Clause: Limit 1 of each item\n|clearpoke\n|poke|p1|Floette-Eternal, L50, F|\n|poke|p1|Sinistcha, L50|\n|poke|p1|Incineroar, L50, F|\n|poke|p1|Basculegion, L50, M|\n|poke|p1|Sneasler, L50, M|\n|poke|p1|Dragonite, L50, M|\n|poke|p2|Charizard, L50, F|\n|poke|p2|Whimsicott, L50, F|\n|poke|p2|Garchomp, L50, F|\n|poke|p2|Farigiraf, L50, F|\n|poke|p2|Basculegion, L50, M|\n|poke|p2|Mawile, L50, F|\n|teampreview|4\n|showteam|p1|Floette-Eternal||Floettite|FlowerVeil|DazzlingGleam,DrainingKiss,CalmMind,Protect|Modest||F|||50|]Sinistcha||ColburBerry|Hospitality|MatchaGotcha,TrickRoom,RagePowder,Protect|Calm|||||50|]Incineroar||SitrusBerry|Intimidate|FlareBlitz,ThroatChop,PartingShot,FakeOut|Careful||F|||50|]Basculegion||ChoiceScarf|Adaptability|WaveCrash,FlipTurn,AquaJet,LastRespects|Jolly||M|||50|]Sneasler||FocusSash|PoisonTouch|FakeOut,PoisonJab,CloseCombat,Coaching|Jolly||M|||50|]Dragonite||Dragoninite|Multiscale|DragonPulse,HeatWave,ExtremeSpeed,Protect|Modest||M|||50|\n|showteam|p2|Charizard||CharizarditeY|Blaze|HeatWave,WeatherBall,AncientPower,Protect|Timid||F|||50|]Whimsicott||FocusSash|Prankster|Protect,Moonblast,Tailwind,Encore|Timid||F|||50|]Garchomp||SitrusBerry|RoughSkin|Protect,Earthquake,DragonClaw,RockSlide|Adamant||F|||50|]Farigiraf||ColburBerry|ArmorTail|Psychic,HelpingHand,Thunderbolt,TrickRoom|Modest||F|||50|]Basculegion||LifeOrb|Adaptability|WaveCrash,LastRespects,AquaJet,Protect|Adamant||M|||50|]Mawile||Mawilite|HyperCutter|Protect,PlayRough,SuckerPunch,RockSlide|Adamant||F|||50|\n|\n|t:|1788377706\n|teamsize|p1|4\n|teamsize|p2|4\n|start\n|switch|p1a: Floette|Floette-Eternal, L50, F|100/100\n|switch|p1b: Sneasler|Sneasler, L50, M|100/100\n|switch|p2a: Basculegion|Basculegion, L50, M|100/100\n|switch|p2b: Farigiraf|Farigiraf, L50, F|100/100\n|turn|1\n|inactive|Battle timer is ON: inactive players will automatically lose when time's up. (requested by Olciax34)\n|\n|t:|1788377727\n|move|p2b: Farigiraf|Helping Hand|p2a: Basculegion\n|-singleturn|p2a: Basculegion|Helping Hand|[of] p2b: Farigiraf\n|move|p1a: Floette|Protect|p1a: Floette\n|-singleturn|p1a: Floette|Protect\n|move|p1b: Sneasler|Coaching|p1a: Floette\n|-boost|p1a: Floette|atk|1\n|-boost|p1a: Floette|def|1\n|move|p2a: Basculegion|Wave Crash|p1a: Floette\n|-activate|p1a: Floette|move: Protect\n|\n|upkeep\n|turn|2\n|\n|t:|1788377739\n|switch|p1b: Incineroar|Incineroar, L50, F|100/100\n|-ability|p1b: Incineroar|Intimidate|boost\n|-unboost|p2a: Basculegion|atk|1\n|-unboost|p2b: Farigiraf|atk|1\n|detailschange|p1a: Floette|Floette-Mega, L50, F\n|-mega|p1a: Floette|Floette|Floettite\n|-ability|p1a: Floette|Fairy Aura\n|move|p1a: Floette|Draining Kiss|p2a: Basculegion\n|-damage|p2a: Basculegion|60/100\n|move|p2a: Basculegion|Wave Crash|p1a: Floette\n|-damage|p1a: Floette|57/100\n|-damage|p2a: Basculegion|48/100|[from] Recoil\n|-damage|p2a: Basculegion|38/100|[from] item: Life Orb\n|move|p2b: Farigiraf|Psychic|p1b: Incineroar\n|-immune|p1b: Incineroar\n|\n|upkeep\n|turn|3\n|inactive|4nye has 30 seconds left.\n|\n|t:|1788377769\n|switch|p2b: Garchomp|Garchomp, L50, F|100/100\n|move|p2a: Basculegion|Protect|p2a: Basculegion\n|-singleturn|p2a: Basculegion|Protect\n|move|p1a: Floette|Dazzling Gleam|p2b: Garchomp|[spread] p2b\n|-activate|p2a: Basculegion|move: Protect\n|-supereffective|p2b: Garchomp|1\n|-damage|p2b: Garchomp|12/100\n|-enditem|p2b: Garchomp|Sitrus Berry|[eat]\n|-heal|p2b: Garchomp|37/100|[from] item: Sitrus Berry\n|move|p1b: Incineroar|Parting Shot|p2b: Garchomp\n|-unboost|p2b: Garchomp|atk|1\n|-unboost|p2b: Garchomp|spa|1\n|\n|t:|1788377793\n|switch|p1b: Sinistcha|Sinistcha, L50|100/100|[from] Parting Shot\n|-heal|p1a: Floette|82/100|[from] ability: Hospitality|[of] p1b: Sinistcha\n|\n|upkeep\n|turn|4\n|\n|t:|1788377815\n|switch|p2a: Mawile|Mawile, L50, F|100/100\n|move|p1b: Sinistcha|Rage Powder|p1b: Sinistcha\n|-singleturn|p1b: Sinistcha|move: Rage Powder\n|move|p2b: Garchomp|Rock Slide|p1a: Floette|[spread] p1b\n|-miss|p2b: Garchomp|p1a: Floette\n|-damage|p1b: Sinistcha|87/100\n|move|p1a: Floette|Dazzling Gleam|p2b: Garchomp|[spread] p2a,p2b\n|-resisted|p2a: Mawile|1\n|-supereffective|p2b: Garchomp|1\n|-damage|p2a: Mawile|55/100\n|-damage|p2b: Garchomp|0 fnt\n|faint|p2b: Garchomp\n|\n|upkeep\n|\n|t:|1788377826\n|switch|p2b: Farigiraf|Farigiraf, L50, F|100/100\n|turn|5\n|inactive|Olciax34 has 30 seconds left.\n|\n|t:|1788377853\n|detailschange|p2a: Mawile|Mawile-Mega, L50, F\n|-mega|p2a: Mawile|Mawile|Mawilite\n|move|p1b: Sinistcha|Rage Powder|p1b: Sinistcha\n|-singleturn|p1b: Sinistcha|move: Rage Powder\n|move|p1a: Floette|Calm Mind|p1a: Floette\n|-boost|p1a: Floette|spa|1\n|-boost|p1a: Floette|spd|1\n|move|p2a: Mawile|Play Rough|p1b: Sinistcha\n|-damage|p1b: Sinistcha|0 fnt\n|faint|p1b: Sinistcha\n|move|p2b: Farigiraf|Trick Room|p2b: Farigiraf\n|-fieldstart|move: Trick Room|[of] p2b: Farigiraf\n|\n|upkeep\n|\n|t:|1788377863\n|switch|p1b: Incineroar|Incineroar, L50, F|100/100\n|-ability|p1b: Incineroar|Intimidate|boost\n|-unboost|p2a: Mawile|atk|1\n|-unboost|p2b: Farigiraf|atk|1\n|turn|6\n|\n|t:|1788377879\n|move|p2b: Farigiraf|Helping Hand|p2a: Mawile\n|-singleturn|p2a: Mawile|Helping Hand|[of] p2b: Farigiraf\n|move|p1b: Incineroar|Flare Blitz|p2a: Mawile\n|-supereffective|p2a: Mawile|1\n|-damage|p2a: Mawile|0 fnt\n|faint|p2a: Mawile\n|-damage|p1b: Incineroar|86/100|[from] Recoil\n|move|p1a: Floette|Draining Kiss|p2b: Farigiraf\n|-damage|p2b: Farigiraf|46/100\n|-heal|p1a: Floette|100/100|[from] drain|[of] p2b: Farigiraf\n|\n|upkeep\n|\n|t:|1788377883\n|switch|p2a: Basculegion|Basculegion, L50, M|38/100\n|turn|7\n|inactive|Olciax34 has 30 seconds left.\n|\n|t:|1788377911\n|move|p1b: Incineroar|Throat Chop|p2a: Basculegion\n|-supereffective|p2a: Basculegion|1\n|-damage|p2a: Basculegion|0 fnt\n|faint|p2a: Basculegion\n|move|p2b: Farigiraf|Psychic|p1a: Floette\n|-damage|p1a: Floette|80/100\n|move|p1a: Floette|Dazzling Gleam|p2b: Farigiraf\n|-damage|p2b: Farigiraf|0 fnt\n|faint|p2b: Farigiraf\n|\n|win|Olciax34\n||Olciax34 is ready for game 2.\n||4nye is ready for game 2.\n|uhtml|next|Next: <a href=\"/battle-gen9championsvgc2026regmbbo3-2674593458\"><strong>Game 2 of 3</strong></a>\n|l|☆4nye\n|player|p2|\n","uploadtime":1788377912,"views":"8","formatid":"gen9championsvgc2026regmbbo3","rating":null,"private":0,"password":null}