{"id":"gen9championsvgc2026regmbbo3-2674727515","format":"[Gen 9 Champions] VGC 2026 Reg M-B (Bo3)","players":["Anthony136","Millie Jean"],"log":"|j|☆Anthony136\n|j|‽Millie Jean\n|html|<table width=\"100%\"><tr><td align=\"left\">Anthony136</td><td align=\"right\">Millie Jean</tr><tr><td align=\"left\"><i class=\"fa fa-circle-o\"></i> <i class=\"fa fa-circle-o\"></i> </td><td align=\"right\"><i class=\"fa fa-circle-o\"></i> <i class=\"fa fa-circle\"></i> </tr></table>\n|uhtml|bestof|<h2><strong>Game 2</strong> of <a href=\"/game-bestof3-gen9championsvgc2026regmbbo3-2674723747\">a best-of-3</a></h2>\n|t:|1788396793\n|gametype|doubles\n|player|p1|Anthony136|266|1087\n|player|p2|Millie Jean|hilda-wonderlauncher|1053\n|gen|9\n|tier|[Gen 9 Champions] VGC 2026 Reg M-B (Bo3)\n|rated|\n|rule|Species Clause: Limit one of each Pokémon\n|rule|Item Clause: Limit 1 of each item\n|clearpoke\n|poke|p1|Steelix, L50, M, shiny|\n|poke|p1|Tyranitar, L50, M, shiny|\n|poke|p1|Sinistcha-Masterpiece, L50, shiny|\n|poke|p1|Sneasler, L50, M, shiny|\n|poke|p1|Rotom-Wash, L50, shiny|\n|poke|p1|Talonflame, L50, M, shiny|\n|poke|p2|Sylveon, L50, M|\n|poke|p2|Sinistcha, L50|\n|poke|p2|Toxapex, L50, F|\n|poke|p2|Charizard, L50, F|\n|poke|p2|Incineroar, L50, M|\n|poke|p2|Whimsicott, L50, M|\n|teampreview|4\n|showteam|p1|Steelix||Steelixite|Sturdy|HighHorsepower,HeavySlam,Protect,WideGuard|Brave||M|||50|]Tyranitar||Tyranitarite|SandStream|DragonDance,RockSlide,KnockOff,Protect|Jolly||M|||50|]Sinistcha-Masterpiece||SitrusBerry|Hospitality|TrickRoom,MatchaGotcha,RagePowder,Protect|Relaxed|||||50|]Sneasler||WhiteHerb|Unburden|DireClaw,CloseCombat,FakeOut,Protect|Jolly||M|||50|]Rotom-Wash||Leftovers|Levitate|WillOWisp,LightScreen,Thunderbolt,HydroPump|Bold|||||50|]Talonflame||SharpBeak|GaleWings|BraveBird,FlareBlitz,Protect,SwordsDance|Jolly||M|||50|\n|showteam|p2|Sylveon||FairyFeather|Pixilate|Protect,QuickAttack,HyperVoice,HyperBeam|Modest||M|||50|]Sinistcha||ColburBerry|Hospitality|RagePowder,MatchaGotcha,LifeDew,TrickRoom|Bold|||||50|]Toxapex||Leftovers|Regenerator|BanefulBunker,Toxic,Infestation,WideGuard|Bold||F|||50|]Charizard||CharizarditeY|SolarPower|Protect,AncientPower,HeatWave,SolarBeam|Modest||F|||50|]Incineroar||SitrusBerry|Intimidate|FakeOut,PartingShot,Snarl,FlareBlitz|Careful||M|||50|]Whimsicott||FocusSash|Prankster|Tailwind,FakeTears,HelpingHand,Moonblast|Timid||M|||50|\n|inactive|Battle timer is ON: inactive players will automatically lose when time's up. (requested by Millie Jean)\n|\n|t:|1788396816\n|teamsize|p1|4\n|teamsize|p2|4\n|start\n|switch|p1a: Glory Reborn|Talonflame, L50, M, shiny|100/100\n|switch|p1b: Who me?|Sneasler, L50, M, shiny|100/100\n|switch|p2a: Sinistcha|Sinistcha, L50|100/100\n|switch|p2b: Incineroar|Incineroar, L50, M|100/100\n|-ability|p2b: Incineroar|Intimidate|boost\n|-unboost|p1a: Glory Reborn|atk|1\n|-unboost|p1b: Who me?|atk|1\n|-enditem|p1b: Who me?|White Herb\n|-clearnegativeboost|p1b: Who me?|[silent]\n|turn|1\n|\n|t:|1788396837\n|move|p1b: Who me?|Fake Out|p2b: Incineroar\n|-damage|p2b: Incineroar|90/100\n|cant|p2b: Incineroar|flinch\n|move|p1a: Glory Reborn|Brave Bird|p2a: Sinistcha\n|-supereffective|p2a: Sinistcha|1\n|-damage|p2a: Sinistcha|42/100\n|-damage|p1a: Glory Reborn|78/100|[from] Recoil\n|move|p2a: Sinistcha|Trick Room|p2a: Sinistcha\n|-fieldstart|move: Trick Room|[of] p2a: Sinistcha\n|\n|upkeep\n|turn|2\n|inactive|Anthony136 has 30 seconds left.\n|\n|t:|1788396865\n|switch|p2a: Toxapex|Toxapex, L50, F|100/100\n|switch|p1b: Mourning Brew|Sinistcha-Masterpiece, L50, shiny|100/100\n|-heal|p1a: Glory Reborn|100/100|[from] ability: Hospitality|[of] p1b: Mourning Brew\n|move|p1a: Glory Reborn|Brave Bird|p2a: Toxapex\n|-damage|p2a: Toxapex|76/100\n|-damage|p1a: Glory Reborn|92/100|[from] Recoil\n|move|p2b: Incineroar|Parting Shot|p1b: Mourning Brew\n|-unboost|p1b: Mourning Brew|atk|1\n|-unboost|p1b: Mourning Brew|spa|1\n|\n|t:|1788396876\n|switch|p2b: Sinistcha|Sinistcha, L50|42/100|[from] Parting Shot\n|-heal|p2a: Toxapex|100/100|[from] ability: Hospitality|[of] p2b: Sinistcha\n|\n|upkeep\n|turn|3\n|inactive|Anthony136 has 30 seconds left.\n|inactive|Anthony136 has 20 seconds left.\n|\n|t:|1788396913\n|move|p1b: Mourning Brew|Protect|p1b: Mourning Brew\n|-singleturn|p1b: Mourning Brew|Protect\n|move|p2a: Toxapex|Toxic|p1a: Glory Reborn\n|-status|p1a: Glory Reborn|tox\n|move|p2b: Sinistcha|Life Dew||[still]|[spread] p2a,p2b\n|-fail|p2a: Toxapex|heal\n|-heal|p2b: Sinistcha|67/100\n|move|p1a: Glory Reborn|Flare Blitz|p2b: Sinistcha\n|-supereffective|p2b: Sinistcha|1\n|-crit|p2b: Sinistcha\n|-damage|p2b: Sinistcha|0 fnt\n|faint|p2b: Sinistcha\n|-damage|p1a: Glory Reborn|67/100 tox|[from] Recoil\n|\n|-damage|p1a: Glory Reborn|61/100 tox|[from] psn\n|upkeep\n|\n|t:|1788396930\n|switch|p2b: Charizard|Charizard, L50, F|100/100\n|turn|4\n|\n|t:|1788396949\n|switch|p1b: Who me?|Sneasler, L50, M, shiny|100/100\n|detailschange|p2b: Charizard|Charizard-Mega-Y, L50, F\n|-mega|p2b: Charizard|Charizard|Charizardite Y\n|-weather|SunnyDay|[from] ability: Drought|[of] p2b: Charizard\n|move|p2a: Toxapex|Toxic|p1b: Who me?\n|-immune|p1b: Who me?\n|move|p2b: Charizard|Ancient Power|p1a: Glory Reborn\n|-supereffective|p1a: Glory Reborn|2\n|-damage|p1a: Glory Reborn|0 fnt\n|faint|p1a: Glory Reborn\n|\n|-weather|SunnyDay|[upkeep]\n|upkeep\n|inactive|Anthony136 has 30 seconds left.\n|inactive|Anthony136 has 20 seconds left.\n|inactive|Anthony136 has 15 seconds left.\n|\n|t:|1788396990\n|switch|p1a: Spring Clean|Rotom-Wash, L50, shiny|100/100\n|turn|5\n|inactive|Anthony136 has 30 seconds left.\n|inactive|Anthony136 has 20 seconds left.\n|\n|t:|1788397030\n|switch|p2b: Incineroar|Incineroar, L50, M|90/100\n|-ability|p2b: Incineroar|Intimidate|boost\n|-unboost|p1a: Spring Clean|atk|1\n|-unboost|p1b: Who me?|atk|1\n|move|p1b: Who me?|Fake Out|p2a: Toxapex\n|-damage|p2a: Toxapex|94/100\n|cant|p2a: Toxapex|flinch\n|move|p1a: Spring Clean|Hydro Pump|p2b: Incineroar\n|-supereffective|p2b: Incineroar|1\n|-damage|p2b: Incineroar|60/100\n|\n|-weather|SunnyDay|[upkeep]\n|-heal|p2a: Toxapex|100/100|[from] item: Leftovers\n|-fieldend|move: Trick Room\n|upkeep\n|turn|6\n|\n|t:|1788397053\n|move|p2b: Incineroar|Fake Out|p1b: Who me?\n|-damage|p1b: Who me?|87/100\n|cant|p1b: Who me?|flinch\n|move|p1a: Spring Clean|Thunderbolt|p2a: Toxapex\n|-supereffective|p2a: Toxapex|1\n|-damage|p2a: Toxapex|49/100\n|move|p2a: Toxapex|Toxic|p1a: Spring Clean\n|-status|p1a: Spring Clean|tox\n|\n|-weather|SunnyDay|[upkeep]\n|-heal|p2a: Toxapex|54/100|[from] item: Leftovers\n|-damage|p1a: Spring Clean|94/100 tox|[from] psn\n|upkeep\n|turn|7\n|\n|t:|1788397077\n|move|p2a: Toxapex|Baneful Bunker|p2a: Toxapex\n|-singleturn|p2a: Toxapex|move: Protect\n|move|p1b: Who me?|Dire Claw|p2b: Incineroar\n|-damage|p2b: Incineroar|41/100\n|-status|p2b: Incineroar|psn\n|-enditem|p2b: Incineroar|Sitrus Berry|[eat]\n|-heal|p2b: Incineroar|65/100 psn|[from] item: Sitrus Berry\n|move|p1a: Spring Clean|Thunderbolt|p2a: Toxapex\n|-activate|p2a: Toxapex|move: Protect\n|move|p2b: Incineroar|Flare Blitz|p1b: Who me?\n|-damage|p1b: Who me?|5/100\n|-status|p1b: Who me?|brn\n|-damage|p2b: Incineroar|42/100 psn|[from] Recoil\n|\n|-weather|SunnyDay|[upkeep]\n|-heal|p1a: Spring Clean|100/100 tox|[from] item: Leftovers\n|-heal|p2a: Toxapex|60/100|[from] item: Leftovers\n|-damage|p1a: Spring Clean|88/100 tox|[from] psn\n|-damage|p2b: Incineroar|30/100 psn|[from] psn\n|-damage|p1b: Who me?|0 fnt|[from] brn\n|faint|p1b: Who me?\n|upkeep\n|\n|t:|1788397097\n|switch|p1b: Mourning Brew|Sinistcha-Masterpiece, L50, shiny|100/100\n|-heal|p1a: Spring Clean|100/100 tox|[from] ability: Hospitality|[of] p1b: Mourning Brew\n|turn|8\n|inactive|Anthony136 has 30 seconds left.\n|\n|t:|1788397124\n|move|p1b: Mourning Brew|Rage Powder|p1b: Mourning Brew\n|-singleturn|p1b: Mourning Brew|move: Rage Powder\n|move|p1a: Spring Clean|Light Screen|p1a: Spring Clean\n|-sidestart|p1: Anthony136|move: Light Screen\n|move|p2b: Incineroar|Snarl|p1b: Mourning Brew|[spread] p1a,p1b\n|-supereffective|p1b: Mourning Brew|1\n|-damage|p1a: Spring Clean|92/100 tox\n|-damage|p1b: Mourning Brew|84/100\n|-unboost|p1a: Spring Clean|spa|1\n|-unboost|p1b: Mourning Brew|spa|1\n|move|p2a: Toxapex|Toxic|p1b: Mourning Brew\n|-status|p1b: Mourning Brew|tox\n|\n|-weather|none\n|-heal|p1a: Spring Clean|98/100 tox|[from] item: Leftovers\n|-heal|p2a: Toxapex|66/100|[from] item: Leftovers\n|-damage|p1a: Spring Clean|81/100 tox|[from] psn\n|-damage|p1b: Mourning Brew|78/100 tox|[from] psn\n|-damage|p2b: Incineroar|17/100 psn|[from] psn\n|upkeep\n|turn|9\n|\n|t:|1788397148\n|move|p1a: Spring Clean|Thunderbolt|p2a: Toxapex\n|-supereffective|p2a: Toxapex|1\n|-damage|p2a: Toxapex|31/100\n|move|p1b: Mourning Brew|Matcha Gotcha|p2b: Incineroar|[spread] p2a,p2b\n|-resisted|p2b: Incineroar|1\n|-damage|p2a: Toxapex|20/100y\n|-heal|p1b: Mourning Brew|83/100 tox|[from] drain|[of] p2a: Toxapex\n|-damage|p2b: Incineroar|11/100 psn\n|-heal|p1b: Mourning Brew|86/100 tox|[from] drain|[of] p2b: Incineroar\n|move|p2b: Incineroar|Snarl|p1a: Spring Clean|[spread] p1b\n|-miss|p2b: Incineroar|p1a: Spring Clean\n|-supereffective|p1b: Mourning Brew|1\n|-damage|p1b: Mourning Brew|70/100 tox\n|-unboost|p1b: Mourning Brew|spa|1\n|move|p2a: Toxapex|Infestation|p1a: Spring Clean\n|-damage|p1a: Spring Clean|79/100 tox\n|-activate|p1a: Spring Clean|move: Infestation|[of] p2a: Toxapex\n|\n|-heal|p1a: Spring Clean|85/100 tox|[from] item: Leftovers\n|-heal|p2a: Toxapex|26/100|[from] item: Leftovers\n|-damage|p1a: Spring Clean|62/100 tox|[from] psn\n|-damage|p1b: Mourning Brew|58/100 tox|[from] psn\n|-damage|p2b: Incineroar|0 fnt|[from] psn\n|faint|p2b: Incineroar\n|-damage|p1a: Spring Clean|50/100g tox|[from] move: Infestation|[partiallytrapped]\n|upkeep\n|inactive|Millie Jean has 30 seconds left.\n|\n|t:|1788397182\n|switch|p2b: Charizard|Charizard-Mega-Y, L50, F|100/100\n|-weather|SunnyDay|[from] ability: Drought|[of] p2b: Charizard\n|turn|10\n|\n|t:|1788397199\n|move|p2b: Charizard|Protect|p2b: Charizard\n|-singleturn|p2b: Charizard|Protect\n|move|p2a: Toxapex|Baneful Bunker|p2a: Toxapex\n|-singleturn|p2a: Toxapex|move: Protect\n|move|p1a: Spring Clean|Hydro Pump|p2b: Charizard\n|-activate|p2b: Charizard|move: Protect\n|move|p1b: Mourning Brew|Matcha Gotcha|p2b: Charizard|[spread] \n|-activate|p2a: Toxapex|move: Protect\n|-activate|p2b: Charizard|move: Protect\n|\n|-weather|SunnyDay|[upkeep]\n|-heal|p1a: Spring Clean|56/100 tox|[from] item: Leftovers\n|-heal|p2a: Toxapex|31/100|[from] item: Leftovers\n|-damage|p1a: Spring Clean|27/100 tox|[from] psn\n|-damage|p1b: Mourning Brew|39/100 tox|[from] psn\n|-damage|p1a: Spring Clean|15/100 tox|[from] move: Infestation|[partiallytrapped]\n|upkeep\n|-enditem|p1b: Mourning Brew|Sitrus Berry|[eat]\n|-heal|p1b: Mourning Brew|64/100 tox|[from] item: Sitrus Berry\n|turn|11\n|inactive|Anthony136 has 30 seconds left.\n|inactive|Millie Jean has 30 seconds left.\n|\n|t:|1788397233\n|move|p1b: Mourning Brew|Protect|p1b: Mourning Brew\n|-singleturn|p1b: Mourning Brew|Protect\n|move|p2b: Charizard|Ancient Power|p1a: Spring Clean\n|-damage|p1a: Spring Clean|0 fnt\n|faint|p1a: Spring Clean\n|move|p2a: Toxapex|Infestation|p1b: Mourning Brew\n|-activate|p1b: Mourning Brew|move: Protect\n|\n|-weather|SunnyDay|[upkeep]\n|-heal|p2a: Toxapex|37/100|[from] item: Leftovers\n|-damage|p1b: Mourning Brew|39/100 tox|[from] psn\n|upkeep\n|turn|12\n|-message|Anthony136 forfeited.\n|\n|win|Millie Jean\n|raw|Anthony136's rating: 1087 &rarr; <strong>1062</strong><br />(-25 for losing)\n|raw|Millie Jean's rating: 1053 &rarr; <strong>1088</strong><br />(+35 for winning)\n|l|☆Anthony136\n|player|p1|\n","uploadtime":1788397250,"views":"3","formatid":"gen9championsvgc2026regmbbo3","rating":1062,"private":0,"password":null}