{"id":"gen9championsvgc2026regmbbo3-2673511231","format":"[Gen 9 Champions] VGC 2026 Reg M-B (Bo3)","players":["plaidhaxx","alienextra421"],"log":"|j|☆plaidhaxx\n|j|☆alienextra421\n|html|<table width=\"100%\"><tr><td align=\"left\">plaidhaxx</td><td align=\"right\">alienextra421</tr><tr><td align=\"left\"><i class=\"fa fa-circle-o\"></i> <i class=\"fa fa-circle-o\"></i> </td><td align=\"right\"><i class=\"fa fa-circle-o\"></i> <i class=\"fa fa-circle-o\"></i> </tr></table>\n|uhtml|bestof|<h2><strong>Game 1</strong> of <a href=\"/game-bestof3-gen9championsvgc2026regmbbo3-2673511229\">a best-of-3</a></h2>\n|t:|1788206675\n|gametype|doubles\n|player|p1|plaidhaxx|grimsley|1117\n|player|p2|alienextra421|101|1052\n|gen|9\n|tier|[Gen 9 Champions] VGC 2026 Reg M-B (Bo3)\n|rated|\n|rule|Species Clause: Limit one of each Pokémon\n|rule|Item Clause: Limit 1 of each item\n|clearpoke\n|poke|p1|Kommo-o, L50, F|\n|poke|p1|Excadrill, L50, F|\n|poke|p1|Tyranitar, L50, M|\n|poke|p1|Grimmsnarl, L50, M|\n|poke|p1|Scovillain, L50, M|\n|poke|p1|Basculegion, L50, M|\n|poke|p2|Trevenant, L50, F|\n|poke|p2|Raichu, L50, F|\n|poke|p2|Zoroark-Hisui, L50, F|\n|poke|p2|Talonflame, L50, F|\n|poke|p2|Maushold-Four, L50|\n|poke|p2|Morpeko, L50, M|\n|teampreview|4\n|showteam|p1|Kommo-o||Leftovers|Overcoat|ClangingScales,ClangorousSoul,AuraSphere,Protect|Modest||F|||50|]Excadrill||LifeOrb|SandRush|HighHorsepower,RockSlide,IronHead,Protect|Adamant||F|||50|]Tyranitar||Tyranitarite|SandStream|DragonDance,RockSlide,KnockOff,Protect|Jolly||M|||50|]Grimmsnarl||LightClay|Prankster|SpiritBreak,LightScreen,Reflect,FakeOut|Impish||M|||50|]Scovillain||Scovillainite|Moody|Protect,RagePowder,Overheat,EnergyBall|Bold||M|||50|]Basculegion||ChoiceScarf|Adaptability|WaveCrash,LastRespects,AquaJet,FlipTurn|Adamant||M|||50|\n|showteam|p2|Trevenant||SitrusBerry|Harvest|WillOWisp,LeechSeed,Protect,AllySwitch|Calm||F|||50|]Raichu||RaichuniteY|LightningRod|ZapCannon,FocusBlast,FakeOut,Protect|Modest||F|||50|]Zoroark-Hisui||FocusSash|Illusion|BitterMalice,IcyWind,Protect,Flamethrower|Timid||F|||50|]Talonflame|||GaleWings|Acrobatics,FlareBlitz,Roost,Tailwind|Adamant||F|||50|]Maushold-Four||WideLens|Technician|PopulationBomb,Taunt,BeatUp,TidyUp|Adamant|||||50|]Morpeko||LifeOrb|HungerSwitch|AuraWheel,IceFang,StompingTantrum,Protect|Adamant||M|||50|\n|\n|t:|1788206747\n|teamsize|p1|4\n|teamsize|p2|4\n|start\n|switch|p1a: Tyranitar|Tyranitar, L50, M|100/100\n|switch|p1b: Scovillain|Scovillain, L50, M|100/100\n|switch|p2a: Trevenant|Trevenant, L50, F|100/100\n|switch|p2b: Raichu|Raichu, L50, F|100/100\n|-weather|Sandstorm|[from] ability: Sand Stream|[of] p1a: Tyranitar\n|turn|1\n|\n|t:|1788206757\n|move|p1a: Tyranitar|Protect|p1a: Tyranitar\n|-singleturn|p1a: Tyranitar|Protect\n|move|p1b: Scovillain|Protect|p1b: Scovillain\n|-singleturn|p1b: Scovillain|Protect\n|move|p2b: Raichu|Icy Wind|p1a: Tyranitar|[spread] \n|-activate|p1a: Tyranitar|move: Protect\n|-activate|p1b: Scovillain|move: Protect\n|move|p2a: Trevenant|Will-O-Wisp|p1a: Tyranitar\n|-activate|p1a: Tyranitar|move: Protect\n|\n|-weather|Sandstorm|[upkeep]\n|-damage|p2b: Raichu|93/100|[from] Sandstorm\n|-damage|p1b: Scovillain|94/100|[from] Sandstorm\n|-damage|p2a: Trevenant|94/100|[from] Sandstorm\n|-ability|p1b: Scovillain|Moody|boost\n|-boost|p1b: Scovillain|atk|2\n|-unboost|p1b: Scovillain|spe|1\n|upkeep\n|turn|2\n|\n|t:|1788206797\n|detailschange|p1a: Tyranitar|Tyranitar-Mega, L50, M\n|-mega|p1a: Tyranitar|Tyranitar|Tyranitarite\n|move|p1b: Scovillain|Rage Powder|p1b: Scovillain\n|-singleturn|p1b: Scovillain|move: Rage Powder\n|move|p2b: Raichu|Icy Wind|p1b: Scovillain|[spread] p1a,p1b\n|-damage|p1a: Tyranitar|91/100\n|-damage|p1b: Scovillain|78/100\n|-unboost|p1a: Tyranitar|spe|1\n|-unboost|p1b: Scovillain|spe|1\n|move|p1a: Tyranitar|Knock Off|p2a: Trevenant\n|-supereffective|p2a: Trevenant|1\n|-damage|p2a: Trevenant|0 fnt\n|-enditem|p2a: Trevenant|Sitrus Berry|[from] move: Knock Off|[of] p1a: Tyranitar\n|faint|p2a: Trevenant\n|\n|-weather|Sandstorm|[upkeep]\n|-damage|p2b: Raichu|87/100|[from] Sandstorm\n|-damage|p1b: Scovillain|72/100|[from] Sandstorm\n|-ability|p1b: Scovillain|Moody|boost\n|-boost|p1b: Scovillain|spe|2\n|-unboost|p1b: Scovillain|spd|1\n|upkeep\n|\n|t:|1788206807\n|switch|p2a: Raichu|Raichu, L50, F|100/100\n|turn|3\n|\n|t:|1788206820\n|move|p2a: Raichu|Protect|p2a: Raichu\n|-singleturn|p2a: Raichu|Protect\n|move|p1b: Scovillain|Protect|p1b: Scovillain\n|-singleturn|p1b: Scovillain|Protect\n|move|p1a: Tyranitar|Protect|p1a: Tyranitar\n|-singleturn|p1a: Tyranitar|Protect\n|move|p2b: Raichu|Bitter Malice|p1a: Tyranitar\n|-activate|p1a: Tyranitar|move: Protect\n|\n|-weather|Sandstorm|[upkeep]\n|-damage|p2b: Raichu|81/100|[from] Sandstorm\n|-damage|p2a: Raichu|94/100|[from] Sandstorm\n|-damage|p1b: Scovillain|66/100|[from] Sandstorm\n|-ability|p1b: Scovillain|Moody|boost\n|-boost|p1b: Scovillain|spa|2\n|-unboost|p1b: Scovillain|def|1\n|upkeep\n|turn|4\n|\n|t:|1788206850\n|detailschange|p2a: Raichu|Raichu-Mega-Y, L50, F\n|-mega|p2a: Raichu|Raichu|Raichunite Y\n|move|p1b: Scovillain|Rage Powder|p1b: Scovillain\n|-singleturn|p1b: Scovillain|move: Rage Powder\n|move|p2a: Raichu|Focus Blast|p1b: Scovillain\n|-crit|p1b: Scovillain\n|-damage|p1b: Scovillain|0 fnt\n|faint|p1b: Scovillain\n|move|p2b: Raichu|Icy Wind|p1a: Tyranitar\n|-damage|p1a: Tyranitar|81/100\n|-unboost|p1a: Tyranitar|spe|1\n|move|p1a: Tyranitar|Knock Off|p2b: Raichu\n|-supereffective|p2b: Raichu|1\n|-damage|p2b: Raichu|0 fnt\n|replace|p2b: Zoroark|Zoroark-Hisui, L50, F\n|-end|p2b: Zoroark|Illusion\n|-enditem|p2b: Zoroark|Focus Sash|[from] move: Knock Off|[of] p1a: Tyranitar\n|faint|p2b: Zoroark\n|\n|-weather|Sandstorm|[upkeep]\n|-damage|p2a: Raichu|88/100|[from] Sandstorm\n|upkeep\n|\n|t:|1788206872\n|switch|p2b: Morpeko|Morpeko, L50, M|100/100\n|switch|p1b: Excadrill|Excadrill, L50, F|100/100\n|turn|5\n|\n|t:|1788206887\n|move|p2a: Raichu|Protect|p2a: Raichu\n|-singleturn|p2a: Raichu|Protect\n|move|p1b: Excadrill|Rock Slide|p2b: Morpeko|[spread] p2b\n|-activate|p2a: Raichu|move: Protect\n|-damage|p2b: Morpeko|56/100\n|-damage|p1b: Excadrill|90/100|[from] item: Life Orb\n|move|p2b: Morpeko|Stomping Tantrum|p1b: Excadrill\n|-supereffective|p1b: Excadrill|1\n|-damage|p1b: Excadrill|0 fnt\n|faint|p1b: Excadrill\n|-damage|p2b: Morpeko|46/100|[from] item: Life Orb\n|move|p1a: Tyranitar|Dragon Dance|p1a: Tyranitar\n|-boost|p1a: Tyranitar|atk|1\n|-boost|p1a: Tyranitar|spe|1\n|\n|-weather|none\n|-formechange|p2b: Morpeko|Morpeko-Hangry|\n|upkeep\n|\n|t:|1788206904\n|switch|p1b: Basculegion|Basculegion, L50, M|100/100\n|turn|6\n|\n|t:|1788206950\n|move|p1a: Tyranitar|Protect|p1a: Tyranitar\n|-singleturn|p1a: Tyranitar|Protect\n|move|p1b: Basculegion|Last Respects|p2a: Raichu\n|-damage|p2a: Raichu|0 fnt\n|faint|p2a: Raichu\n|move|p2b: Morpeko|Stomping Tantrum|p1a: Tyranitar\n|-activate|p1a: Tyranitar|move: Protect\n|\n|-formechange|p2b: Morpeko|Morpeko|\n|upkeep\n|turn|7\n|-message|alienextra421 forfeited.\n|\n|win|plaidhaxx\n","uploadtime":1788206955,"views":"1","formatid":"gen9championsvgc2026regmbbo3","rating":null,"private":0,"password":null}