{"id":"gen9championsvgc2026regmb-2674059398","format":"[Gen 9 Champions] VGC 2026 Reg M-B","players":["Endoll","ethalem77"],"log":"|j|☆Endoll\n|j|☆ethalem77\n|t:|1788293745\n|gametype|doubles\n|player|p1|Endoll|102|1492\n|player|p2|ethalem77|acetrainer-gen4dp|1550\n|gen|9\n|tier|[Gen 9 Champions] VGC 2026 Reg M-B\n|rated|\n|rule|Species Clause: Limit one of each Pokémon\n|rule|Item Clause: Limit 1 of each item\n|clearpoke\n|poke|p1|Dragonite, L50, M|\n|poke|p1|Toxapex, L50, M|\n|poke|p1|Blaziken, L50, M|\n|poke|p1|Kingambit, L50, F|\n|poke|p1|Froslass, L50, F|\n|poke|p1|Sneasler, L50, M|\n|poke|p2|Dragonite, L50, M|\n|poke|p2|Sneasler, L50, F|\n|poke|p2|Basculegion, L50, M|\n|poke|p2|Kingambit, L50, F|\n|poke|p2|Garchomp, L50, M|\n|poke|p2|Floette-Eternal, L50, F|\n|teampreview|4\n|inactive|Battle timer is ON: inactive players will automatically lose when time's up. (requested by ethalem77)\n|inactive|Endoll has 60 seconds left.\n|\n|t:|1788293795\n|teamsize|p1|4\n|teamsize|p2|4\n|start\n|switch|p1a: Froslass|Froslass, L50, F|100/100\n|switch|p1b: Dragonite|Dragonite, L50, M|100/100\n|switch|p2a: Floette|Floette-Eternal, L50, F|100/100\n|switch|p2b: Kingambit|Kingambit, L50, F|100/100\n|turn|1\n|\n|t:|1788293814\n|detailschange|p2a: Floette|Floette-Mega, L50, F\n|-mega|p2a: Floette|Floette|Floettite\n|-ability|p2a: Floette|Fairy Aura\n|move|p1a: Froslass|Protect|p1a: Froslass\n|-singleturn|p1a: Froslass|Protect\n|move|p2a: Floette|Dazzling Gleam|p1b: Dragonite|[spread] p1b\n|-activate|p1a: Froslass|move: Protect\n|-supereffective|p1b: Dragonite|1\n|-damage|p1b: Dragonite|14/100\n|move|p1b: Dragonite|Low Kick|p2b: Kingambit\n|-supereffective|p2b: Kingambit|2\n|-enditem|p2b: Kingambit|Chople Berry|[eat]\n|-enditem|p2b: Kingambit|Chople Berry|[weaken]\n|-damage|p2b: Kingambit|27/100\n|-damage|p1b: Dragonite|5/100|[from] item: Life Orb\n|move|p2b: Kingambit|Kowtow Cleave|p1a: Froslass\n|-activate|p1a: Froslass|move: Protect\n|\n|upkeep\n|turn|2\n|inactive|Endoll has 30 seconds left.\n|inactive|ethalem77 has 30 seconds left.\n|\n|t:|1788293842\n|detailschange|p1a: Froslass|Froslass-Mega, L50, F\n|-mega|p1a: Froslass|Froslass|Froslassite\n|-weather|Snowscape|[from] ability: Snow Warning|[of] p1a: Froslass\n|move|p1b: Dragonite|Extreme Speed|p2a: Floette\n|-damage|p2a: Floette|49/100\n|-damage|p1b: Dragonite|0 fnt|[from] item: Life Orb\n|faint|p1b: Dragonite\n|move|p2b: Kingambit|Sucker Punch||[still]\n|-fail|p2b: Kingambit\n|move|p1a: Froslass|Aurora Veil|p1a: Froslass\n|-sidestart|p1: Endoll|move: Aurora Veil\n|move|p2a: Floette|Dazzling Gleam|p1a: Froslass\n|-damage|p1a: Froslass|52/100\n|\n|-weather|Snowscape|[upkeep]\n|upkeep\n|inactive|Endoll has 30 seconds left.\n|\n|t:|1788293871\n|switch|p1b: Sneasler|Sneasler, L50, M|100/100\n|turn|3\n|inactive|ethalem77 has 30 seconds left.\n|\n|t:|1788293898\n|move|p1a: Froslass|Protect|p1a: Froslass\n|-singleturn|p1a: Froslass|Protect\n|move|p2a: Floette|Protect|p2a: Floette\n|-singleturn|p2a: Floette|Protect\n|move|p2b: Kingambit|Sucker Punch|p1b: Sneasler\n|-resisted|p1b: Sneasler|1\n|-damage|p1b: Sneasler|79/100\n|move|p1b: Sneasler|Close Combat|p2b: Kingambit\n|-supereffective|p2b: Kingambit|2\n|-damage|p2b: Kingambit|0 fnt\n|-unboost|p1b: Sneasler|def|1\n|-unboost|p1b: Sneasler|spd|1\n|faint|p2b: Kingambit\n|\n|-weather|Snowscape|[upkeep]\n|upkeep\n|\n|t:|1788293914\n|switch|p2b: Sneasler|Sneasler, L50, F|100/100\n|turn|4\n|\n|t:|1788293929\n|switch|p1b: Kingambit|Kingambit, L50, F|100/100\n|move|p2b: Sneasler|Fake Out|p1b: Kingambit\n|-resisted|p1b: Kingambit|1\n|-damage|p1b: Kingambit|96/100\n|move|p1a: Froslass|Blizzard|p2b: Sneasler|[spread] p2a,p2b\n|-damage|p2a: Floette|13/100\n|-damage|p2b: Sneasler|43/100\n|-status|p2a: Floette|frz\n|-status|p2b: Sneasler|frz\n|cant|p2a: Floette|frz\n|\n|-weather|Snowscape|[upkeep]\n|upkeep\n|turn|5\n|inactive|Endoll has 30 seconds left.\n|inactive|ethalem77 has 30 seconds left.\n|\n|t:|1788293959\n|cant|p2a: Floette|frz\n|-curestatus|p2b: Sneasler|frz|[msg]\n|move|p2b: Sneasler|Close Combat|p1b: Kingambit\n|-supereffective|p1b: Kingambit|2\n|-damage|p1b: Kingambit|0 fnt\n|-unboost|p2b: Sneasler|def|1\n|-unboost|p2b: Sneasler|spd|1\n|faint|p1b: Kingambit\n|move|p1a: Froslass|Blizzard|p2a: Floette|[spread] p2a,p2b\n|-damage|p2a: Floette|0 fnt\n|-damage|p2b: Sneasler|0 fnt\n|faint|p2a: Floette\n|faint|p2b: Sneasler\n|\n|-weather|Snowscape|[upkeep]\n|upkeep\n|\n|t:|1788293970\n|switch|p2b: Basculegion|Basculegion, L50, M|100/100\n|switch|p1b: Sneasler|Sneasler, L50, M|79/100\n|turn|6\n|\n|t:|1788293995\n|move|p2b: Basculegion|Protect|p2b: Basculegion\n|-singleturn|p2b: Basculegion|Protect\n|move|p1b: Sneasler|Poison Jab|p2b: Basculegion\n|-activate|p2b: Basculegion|move: Protect\n|move|p1a: Froslass|Shadow Ball|p2b: Basculegion\n|-activate|p2b: Basculegion|move: Protect\n|\n|-weather|none\n|-sideend|p1: Endoll|move: Aurora Veil\n|upkeep\n|turn|7\n|\n|t:|1788294013\n|move|p2b: Basculegion|Aqua Jet|p1a: Froslass\n|-damage|p1a: Froslass|8/100\n|-damage|p2b: Basculegion|90/100|[from] item: Life Orb\n|move|p1b: Sneasler|Poison Jab|p2b: Basculegion\n|-resisted|p2b: Basculegion|1\n|-damage|p2b: Basculegion|63/100\n|move|p1a: Froslass|Shadow Ball|p2b: Basculegion\n|-supereffective|p2b: Basculegion|1\n|-damage|p2b: Basculegion|0 fnt\n|faint|p2b: Basculegion\n|\n|win|Endoll\n|raw|Endoll's rating: 1492 &rarr; <strong>1515</strong><br />(+23 for winning)\n|raw|ethalem77's rating: 1550 &rarr; <strong>1527</strong><br />(-23 for losing)\n","uploadtime":1788294019,"views":"4","formatid":"gen9championsvgc2026regmb","rating":1515,"private":0,"password":null}