{"id":"gen9championsvgc2026regmb-2674280708","format":"[Gen 9 Champions] VGC 2026 Reg M-B","players":["violentapex","dimweaker"],"log":"|j|☆violentapex\n|j|☆dimweaker\n|t:|1788330557\n|gametype|doubles\n|player|p1|violentapex|steven|1405\n|player|p2|dimweaker|swimmerf-gen4|1339\n|gen|9\n|tier|[Gen 9 Champions] VGC 2026 Reg M-B\n|rated|\n|rule|Species Clause: Limit one of each Pokémon\n|rule|Item Clause: Limit 1 of each item\n|clearpoke\n|poke|p1|Dragonite, L50, F|\n|poke|p1|Basculegion, L50, M|\n|poke|p1|Garchomp, L50, F|\n|poke|p1|Floette-Eternal, L50, F|\n|poke|p1|Sneasler, L50, F|\n|poke|p1|Kingambit, L50, M|\n|poke|p2|Milotic, L50, M|\n|poke|p2|Wyrdeer, L50, F|\n|poke|p2|Staraptor, L50, M|\n|poke|p2|Raichu, L50, F|\n|poke|p2|Chandelure, L50, F|\n|poke|p2|Kingambit, L50, F|\n|teampreview|4\n|inactive|Battle timer is ON: inactive players will automatically lose when time's up. (requested by violentapex)\n|\n|t:|1788330581\n|teamsize|p1|4\n|teamsize|p2|4\n|start\n|switch|p1a: Kingambit|Kingambit, L50, M|100/100\n|switch|p1b: Floette|Floette-Eternal, L50, F|100/100\n|switch|p2a: Wyrdeer|Wyrdeer, L50, F|100/100\n|switch|p2b: Milotic|Milotic, L50, M|100/100\n|-ability|p2a: Wyrdeer|Intimidate|boost\n|-unboost|p1a: Kingambit|atk|1\n|-ability|p1a: Kingambit|Defiant|boost\n|-boost|p1a: Kingambit|atk|2\n|-unboost|p1b: Floette|atk|1\n|turn|1\n|\n|t:|1788330593\n|detailschange|p1b: Floette|Floette-Mega, L50, F\n|-mega|p1b: Floette|Floette|Floettite\n|-ability|p1b: Floette|Fairy Aura\n|move|p1b: Floette|Moonblast|p2b: Milotic\n|-damage|p2b: Milotic|47/100\n|move|p2a: Wyrdeer|Skill Swap|p1a: Kingambit\n|-activate|p2a: Wyrdeer|Skill Swap|Defiant|Intimidate|[of] p1a: Kingambit\n|-ability|p1a: Kingambit|Intimidate|boost\n|-unboost|p2a: Wyrdeer|atk|1\n|-ability|p2a: Wyrdeer|Defiant|boost\n|-boost|p2a: Wyrdeer|atk|2\n|-unboost|p2b: Milotic|atk|1\n|-ability|p2b: Milotic|Competitive|boost\n|-boost|p2b: Milotic|spa|2\n|move|p2b: Milotic|Coil|p2b: Milotic\n|-boost|p2b: Milotic|atk|1\n|-boost|p2b: Milotic|def|1\n|-boost|p2b: Milotic|accuracy|1\n|move|p1a: Kingambit|Kowtow Cleave|p2a: Wyrdeer\n|-supereffective|p2a: Wyrdeer|1\n|-enditem|p2a: Wyrdeer|Colbur Berry|[eat]\n|-enditem|p2a: Wyrdeer|Colbur Berry|[weaken]\n|-damage|p2a: Wyrdeer|20/100y\n|\n|-heal|p2b: Milotic|53/100|[from] item: Leftovers\n|upkeep\n|turn|2\n|inactive|violentapex has 30 seconds left.\n|inactive|dimweaker has 30 seconds left.\n|\n|t:|1788330627\n|move|p2b: Milotic|Protect|p2b: Milotic\n|-singleturn|p2b: Milotic|Protect\n|move|p1a: Kingambit|Sucker Punch||[still]\n|-fail|p1a: Kingambit\n|move|p1b: Floette|Dazzling Gleam|p2a: Wyrdeer|[spread] p2a\n|-activate|p2b: Milotic|move: Protect\n|-damage|p2a: Wyrdeer|0 fnt\n|faint|p2a: Wyrdeer\n|\n|-heal|p2b: Milotic|59/100|[from] item: Leftovers\n|upkeep\n|\n|t:|1788330629\n|switch|p2a: Staraptor|Staraptor, L50, M|100/100\n|-ability|p2a: Staraptor|Intimidate|boost\n|-unboost|p1a: Kingambit|atk|1\n|-unboost|p1b: Floette|atk|1\n|turn|3\n|\n|t:|1788330641\n|detailschange|p2a: Staraptor|Staraptor-Mega, L50, M\n|-mega|p2a: Staraptor|Staraptor|Staraptite\n|move|p1a: Kingambit|Sucker Punch||[still]\n|-fail|p1a: Kingambit\n|move|p2a: Staraptor|Close Combat|p1a: Kingambit\n|-supereffective|p1a: Kingambit|2\n|-enditem|p1a: Kingambit|Chople Berry|[eat]\n|-enditem|p1a: Kingambit|Chople Berry|[weaken]\n|-damage|p1a: Kingambit|21/100\n|-boost|p2a: Staraptor|def|1\n|-boost|p2a: Staraptor|spd|1\n|move|p1b: Floette|Dazzling Gleam|p2a: Staraptor|[spread] p2a,p2b\n|-supereffective|p2a: Staraptor|1\n|-damage|p2a: Staraptor|39/100\n|-damage|p2b: Milotic|26/100\n|move|p2b: Milotic|Hypnosis|p1b: Floette\n|-status|p1b: Floette|slp|[from] move: Hypnosis\n|\n|-heal|p2b: Milotic|32/100|[from] item: Leftovers\n|upkeep\n|turn|4\n|\n|t:|1788330660\n|switch|p1a: Garchomp|Garchomp, L50, F|100/100\n|cant|p1b: Floette|slp\n|move|p2a: Staraptor|Tailwind|p2a: Staraptor\n|-sidestart|p2: dimweaker|move: Tailwind\n|move|p2b: Milotic|Hypnosis|p1a: Garchomp|[miss]\n|-miss|p2b: Milotic|p1a: Garchomp\n|\n|-heal|p2b: Milotic|38/100|[from] item: Leftovers\n|upkeep\n|turn|5\n|\n|t:|1788330680\n|move|p2a: Staraptor|Close Combat|p1a: Garchomp\n|-damage|p1a: Garchomp|40/100\n|-boost|p2a: Staraptor|def|1\n|-boost|p2a: Staraptor|spd|1\n|-damage|p2a: Staraptor|27/100|[from] ability: Rough Skin|[of] p1a: Garchomp\n|move|p2b: Milotic|Muddy Water|p1a: Garchomp|[spread] p1a,p1b\n|-damage|p1a: Garchomp|0 fnt\n|-damage|p1b: Floette|57/100 slp\n|faint|p1a: Garchomp\n|cant|p1b: Floette|slp\n|\n|-heal|p2b: Milotic|44/100|[from] item: Leftovers\n|upkeep\n|\n|t:|1788330692\n|switch|p1a: Sneasler|Sneasler, L50, F|100/100\n|turn|6\n|\n|t:|1788330713\n|move|p1a: Sneasler|Fake Out|p2b: Milotic\n|-damage|p2b: Milotic|35/100\n|move|p2a: Staraptor|Brave Bird|p1b: Floette\n|-damage|p1b: Floette|0 fnt\n|faint|p1b: Floette\n|-damage|p2a: Staraptor|11/100|[from] Recoil\n|cant|p2b: Milotic|flinch\n|\n|-heal|p2b: Milotic|41/100|[from] item: Leftovers\n|upkeep\n|\n|t:|1788330720\n|switch|p1b: Kingambit|Kingambit, L50, M|21/100\n|turn|7\n|\n|t:|1788330730\n|move|p2a: Staraptor|Protect|p2a: Staraptor\n|-singleturn|p2a: Staraptor|Protect\n|move|p1b: Kingambit|Sucker Punch||[still]\n|-fail|p1b: Kingambit\n|move|p2b: Milotic|Coil|p2b: Milotic\n|-boost|p2b: Milotic|atk|1\n|-boost|p2b: Milotic|def|1\n|-boost|p2b: Milotic|accuracy|1\n|move|p1a: Sneasler|Close Combat|p2b: Milotic\n|-damage|p2b: Milotic|15/100\n|-unboost|p1a: Sneasler|def|1\n|-unboost|p1a: Sneasler|spd|1\n|\n|-heal|p2b: Milotic|21/100|[from] item: Leftovers\n|-sideend|p2: dimweaker|move: Tailwind\n|upkeep\n|turn|8\n|\n|t:|1788330746\n|move|p1a: Sneasler|Protect|p1a: Sneasler\n|-singleturn|p1a: Sneasler|Protect\n|move|p2b: Milotic|Protect|p2b: Milotic\n|-singleturn|p2b: Milotic|Protect\n|move|p2a: Staraptor|Tailwind|p2a: Staraptor\n|-sidestart|p2: dimweaker|move: Tailwind\n|move|p1b: Kingambit|Iron Head|p2a: Staraptor\n|-damage|p2a: Staraptor|0 fnt\n|faint|p2a: Staraptor\n|\n|-heal|p2b: Milotic|27/100|[from] item: Leftovers\n|upkeep\n|\n|t:|1788330757\n|switch|p2a: Kingambit|Kingambit, L50, F|100/100\n|turn|9\n|inactive|dimweaker has 30 seconds left.\n|inactive|dimweaker has 20 seconds left.\n|\n|t:|1788330794\n|move|p1b: Kingambit|Sucker Punch|p2b: Milotic\n|-damage|p2b: Milotic|9/100\n|move|p2b: Milotic|Muddy Water|p1b: Kingambit|[spread] p1a,p1b\n|-enditem|p1a: Sneasler|Focus Sash\n|-damage|p1a: Sneasler|1/100\n|-damage|p1b: Kingambit|0 fnt\n|-unboost|p1a: Sneasler|accuracy|1\n|faint|p1b: Kingambit\n|move|p1a: Sneasler|Close Combat|p2a: Kingambit|[miss]\n|-miss|p1a: Sneasler|p2a: Kingambit\n|move|p2a: Kingambit|Iron Head|p1a: Sneasler\n|-damage|p1a: Sneasler|0 fnt\n|faint|p1a: Sneasler\n|\n|win|dimweaker\n|raw|violentapex's rating: 1405 &rarr; <strong>1381</strong><br />(-24 for losing)\n|raw|dimweaker's rating: 1339 &rarr; <strong>1363</strong><br />(+24 for winning)\n|l|☆violentapex\n|player|p1|\n","uploadtime":1788330807,"views":"0","formatid":"gen9championsvgc2026regmb","rating":1363,"private":0,"password":null}