{"id":"gen9championsvgc2026regmb-2674867578","format":"[Gen 9 Champions] VGC 2026 Reg M-B","players":["lopper35","carrotbeafsteak"],"log":"|j|☆lopper35\n|j|☆carrotbeafsteak\n|t:|1788425021\n|gametype|doubles\n|player|p1|lopper35|ethan|1355\n|player|p2|carrotbeafsteak|1|1309\n|gen|9\n|tier|[Gen 9 Champions] VGC 2026 Reg M-B\n|rated|\n|rule|Species Clause: Limit one of each Pokémon\n|rule|Item Clause: Limit 1 of each item\n|clearpoke\n|poke|p1|Sableye, L50, M, shiny|\n|poke|p1|Floette-Eternal, L50, F|\n|poke|p1|Kingambit, L50, M, shiny|\n|poke|p1|Charizard, L50, M, shiny|\n|poke|p1|Sinistcha, L50|\n|poke|p1|Sneasler, L50, M|\n|poke|p2|Simipour, L50, F|\n|poke|p2|Simisage, L50, M|\n|poke|p2|Simisear, L50, M|\n|poke|p2|Pelipper, L50, M|\n|poke|p2|Torkoal, L50, F|\n|poke|p2|Gyarados, L50, F|\n|teampreview|4\n|inactive|Battle timer is ON: inactive players will automatically lose when time's up. (requested by lopper35)\n|inactive|lopper35 has 60 seconds left.\n|\n|t:|1788425066\n|teamsize|p1|4\n|teamsize|p2|4\n|start\n|switch|p1a: Sableye|Sableye, L50, M, shiny|100/100\n|switch|p1b: Charizard|Charizard, L50, M, shiny|100/100\n|switch|p2a: Simisear|Simisear, L50, M|100/100\n|switch|p2b: Simisage|Simisage, L50, M|100/100\n|turn|1\n|inactive|carrotbeafsteak has 30 seconds left.\n|\n|t:|1788425094\n|detailschange|p1b: Charizard|Charizard-Mega-X, L50, M, shiny\n|-mega|p1b: Charizard|Charizard|Charizardite X\n|move|p1a: Sableye|Fake Out|p2b: Simisage\n|-damage|p2b: Simisage|87/100\n|cant|p2b: Simisage|flinch\n|move|p2a: Simisear|Heat Wave|p1b: Charizard|[spread] p1a,p1b\n|-resisted|p1b: Charizard|2\n|-damage|p1a: Sableye|59/100\n|-damage|p1b: Charizard|90/100\n|move|p1b: Charizard|Dragon Dance|p1b: Charizard\n|-boost|p1b: Charizard|atk|1\n|-boost|p1b: Charizard|spe|1\n|\n|upkeep\n|turn|2\n|\n|t:|1788425117\n|switch|p2b: Gyarados|Gyarados, L50, F|100/100\n|-ability|p2b: Gyarados|Intimidate|boost\n|-unboost|p1a: Sableye|atk|1\n|-unboost|p1b: Charizard|atk|1\n|move|p1b: Charizard|Dragon Claw|p2a: Simisear\n|-damage|p2a: Simisear|5/100\n|move|p2a: Simisear|Fire Blast|p1a: Sableye\n|-damage|p1a: Sableye|0 fnt\n|faint|p1a: Sableye\n|\n|upkeep\n|\n|t:|1788425130\n|switch|p1a: Sinistcha|Sinistcha, L50|100/100\n|-heal|p1b: Charizard|100/100|[from] ability: Hospitality|[of] p1a: Sinistcha\n|turn|3\n|\n|t:|1788425142\n|detailschange|p2b: Gyarados|Gyarados-Mega, L50, F\n|-mega|p2b: Gyarados|Gyarados|Gyaradosite\n|-ability|p2b: Gyarados|Mold Breaker\n|move|p1a: Sinistcha|Rage Powder|p1a: Sinistcha\n|-singleturn|p1a: Sinistcha|move: Rage Powder\n|move|p1b: Charizard|Dragon Dance|p1b: Charizard\n|-boost|p1b: Charizard|atk|1\n|-boost|p1b: Charizard|spe|1\n|move|p2a: Simisear|Fire Blast|p1a: Sinistcha\n|-supereffective|p1a: Sinistcha|1\n|-damage|p1a: Sinistcha|0 fnt\n|faint|p1a: Sinistcha\n|move|p2b: Gyarados|Dragon Dance|p2b: Gyarados\n|-boost|p2b: Gyarados|atk|1\n|-boost|p2b: Gyarados|spe|1\n|\n|upkeep\n|\n|t:|1788425152\n|switch|p1a: Kingambit|Kingambit, L50, M, shiny|100/100\n|turn|4\n|\n|t:|1788425164\n|switch|p2a: Simisage|Simisage, L50, M|87/100\n|move|p1a: Kingambit|Sucker Punch||[still]\n|-fail|p1a: Kingambit\n|move|p1b: Charizard|Dragon Claw|p2b: Gyarados\n|-damage|p2b: Gyarados|31/100\n|move|p2b: Gyarados|Crunch|p1b: Charizard\n|-damage|p1b: Charizard|37/100\n|\n|upkeep\n|turn|5\n|\n|t:|1788425186\n|move|p1b: Charizard|Dragon Claw|p2b: Gyarados\n|-damage|p2b: Gyarados|0 fnt\n|faint|p2b: Gyarados\n|move|p2a: Simisage|Low Kick|p1a: Kingambit\n|-supereffective|p1a: Kingambit|2\n|-damage|p1a: Kingambit|0 fnt\n|faint|p1a: Kingambit\n|-damage|p2a: Simisage|77/100|[from] item: Life Orb\n|\n|upkeep\n|\n|t:|1788425195\n|switch|p2b: Simisear|Simisear, L50, M|5/100\n|turn|6\n|\n|t:|1788425205\n|move|p2b: Simisear|Fake Out|p1b: Charizard\n|-damage|p1b: Charizard|29/100\n|cant|p1b: Charizard|flinch\n|move|p2a: Simisage|Rock Slide|p1b: Charizard\n|-supereffective|p1b: Charizard|1\n|-damage|p1b: Charizard|0 fnt\n|faint|p1b: Charizard\n|-damage|p2a: Simisage|67/100|[from] item: Life Orb\n|\n|win|carrotbeafsteak\n|raw|lopper35's rating: 1355 &rarr; <strong>1332</strong><br />(-23 for losing)\n|raw|carrotbeafsteak's rating: 1309 &rarr; <strong>1332</strong><br />(+23 for winning)\n|l|☆lopper35\n|player|p1|\n","uploadtime":1788425212,"views":"1","formatid":"gen9championsvgc2026regmb","rating":1332,"private":0,"password":null}