{"id":"gen9championsvgc2026regmb-2674319401","format":"[Gen 9 Champions] VGC 2026 Reg M-B","players":["Vovo112011","eklyst"],"log":"|j|☆Vovo112011\n|j|☆eklyst\n|t:|1788339955\n|gametype|doubles\n|player|p1|Vovo112011|lance|1278\n|player|p2|eklyst|pokemaniac|1371\n|gen|9\n|tier|[Gen 9 Champions] VGC 2026 Reg M-B\n|rated|\n|rule|Species Clause: Limit one of each Pokémon\n|rule|Item Clause: Limit 1 of each item\n|clearpoke\n|poke|p1|Farigiraf, L50, M|\n|poke|p1|Scrafty, L50, F|\n|poke|p1|Torkoal, L50, F|\n|poke|p1|Mawile, L50, M|\n|poke|p1|Sinistcha-Masterpiece, L50|\n|poke|p1|Primarina, L50, F|\n|poke|p2|Sinistcha, L50|\n|poke|p2|Incineroar, L50, M|\n|poke|p2|Blaziken, L50, M|\n|poke|p2|Ninetales-Alola, L50, F|\n|poke|p2|Mawile, L50, F|\n|poke|p2|Basculegion, L50, M|\n|teampreview|4\n|inactive|Battle timer is ON: inactive players will automatically lose when time's up. (requested by eklyst)\n|inactive|Vovo112011 also wants the timer to be on.\nVovo112011 rejected open team sheets.\n|inactive|eklyst has 60 seconds left.\n|inactive|eklyst has 30 seconds left.\n|\n|t:|1788340019\n|teamsize|p1|4\n|teamsize|p2|4\n|start\n|switch|p1a: Scrafty|Scrafty, L50, F|100/100\n|switch|p1b: Farigiraf|Farigiraf, L50, M|100/100\n|switch|p2a: Blaziken|Blaziken, L50, M|100/100\n|switch|p2b: Incineroar|Incineroar, L50, M|100/100\n|-ability|p2b: Incineroar|Intimidate|boost\n|-unboost|p1a: Scrafty|atk|1\n|-unboost|p1b: Farigiraf|atk|1\n|-ability|p1a: Scrafty|Intimidate|boost\n|-unboost|p2a: Blaziken|atk|1\n|-unboost|p2b: Incineroar|atk|1\n|turn|1\n|inactive|eklyst has 30 seconds left.\n|\n|t:|1788340052\n|switch|p2a: Mawile|Mawile, L50, F|100/100\n|move|p1a: Scrafty|Fake Out|p2b: Incineroar\n|-damage|p2b: Incineroar|92/100\n|cant|p2b: Incineroar|flinch\n|move|p1b: Farigiraf|Trick Room|p1b: Farigiraf\n|-fieldstart|move: Trick Room|[of] p1b: Farigiraf\n|\n|upkeep\n|turn|2\n|\n|t:|1788340080\n|detailschange|p2a: Mawile|Mawile-Mega, L50, F\n|-mega|p2a: Mawile|Mawile|Mawilite\n|move|p1b: Farigiraf|Helping Hand|p1a: Scrafty\n|-singleturn|p1a: Scrafty|Helping Hand|[of] p1b: Farigiraf\n|move|p2a: Mawile|Iron Head|p1b: Farigiraf\n|-damage|p1b: Farigiraf|37/100\n|-enditem|p1b: Farigiraf|Sitrus Berry|[eat]\n|-heal|p1b: Farigiraf|62/100|[from] item: Sitrus Berry\n|move|p1a: Scrafty|Close Combat|p2b: Incineroar\n|-supereffective|p2b: Incineroar|1\n|-damage|p2b: Incineroar|6/100\n|-unboost|p1a: Scrafty|def|1\n|-unboost|p1a: Scrafty|spd|1\n|-enditem|p2b: Incineroar|Sitrus Berry|[eat]\n|-heal|p2b: Incineroar|31/100|[from] item: Sitrus Berry\n|move|p2b: Incineroar|Parting Shot|p1a: Scrafty\n|-unboost|p1a: Scrafty|atk|1\n|-unboost|p1a: Scrafty|spa|1\n|\n|t:|1788340101\n|switch|p2b: Basculegion|Basculegion, L50, M|100/100|[from] Parting Shot\n|\n|upkeep\n|turn|3\n|\n|t:|1788340107\n|move|p1b: Farigiraf|Ally Switch|p1b: Farigiraf\n|swap|p1b: Farigiraf|0|[from] move: Ally Switch\n|move|p1b: Scrafty|Knock Off|p2b: Basculegion\n|-supereffective|p2b: Basculegion|1\n|-damage|p2b: Basculegion|48/100\n|-enditem|p2b: Basculegion|Life Orb|[from] move: Knock Off|[of] p1b: Scrafty\n|move|p2a: Mawile|Play Rough|p1a: Farigiraf\n|-damage|p1a: Farigiraf|0 fnt\n|faint|p1a: Farigiraf\n|move|p2b: Basculegion|Wave Crash|p1b: Scrafty\n|-damage|p1b: Scrafty|0 fnt\n|faint|p1b: Scrafty\n|-damage|p2b: Basculegion|22/100|[from] Recoil\n|\n|upkeep\n|\n|t:|1788340117\n|switch|p1b: Mawile|Mawile, L50, M|100/100\n|switch|p1a: Torkoal|Torkoal, L50, F|100/100\n|-weather|SunnyDay|[from] ability: Drought|[of] p1a: Torkoal\n|turn|4\n|\n|t:|1788340131\n|detailschange|p1b: Mawile|Mawile-Mega, L50, M\n|-mega|p1b: Mawile|Mawile|Mawilite\n|move|p2a: Mawile|Protect|p2a: Mawile\n|-singleturn|p2a: Mawile|Protect\n|move|p2b: Basculegion|Protect|p2b: Basculegion\n|-singleturn|p2b: Basculegion|Protect\n|move|p1a: Torkoal|Heat Wave|p2b: Basculegion|[spread] \n|-activate|p2a: Mawile|move: Protect\n|-activate|p2b: Basculegion|move: Protect\n|move|p1b: Mawile|Rock Slide|p2b: Basculegion|[spread] \n|-activate|p2a: Mawile|move: Protect\n|-activate|p2b: Basculegion|move: Protect\n|\n|-weather|SunnyDay|[upkeep]\n|upkeep\n|turn|5\n|\n|t:|1788340145\n|switch|p2a: Incineroar|Incineroar, L50, M|31/100\n|-ability|p2a: Incineroar|Intimidate|boost\n|-unboost|p1a: Torkoal|atk|1\n|-unboost|p1b: Mawile|atk|1\n|move|p2b: Basculegion|Aqua Jet|p1a: Torkoal\n|-supereffective|p1a: Torkoal|1\n|-damage|p1a: Torkoal|76/100\n|move|p1a: Torkoal|Heat Wave|p2a: Incineroar|[spread] p2b\n|-miss|p1a: Torkoal|p2a: Incineroar\n|-resisted|p2b: Basculegion|1\n|-damage|p2b: Basculegion|0 fnt\n|faint|p2b: Basculegion\n|move|p1b: Mawile|Rock Slide|p2a: Incineroar\n|-supereffective|p2a: Incineroar|1\n|-damage|p2a: Incineroar|0 fnt\n|faint|p2a: Incineroar\n|\n|-weather|SunnyDay|[upkeep]\n|-fieldend|move: Trick Room\n|upkeep\n|\n|t:|1788340159\n|switch|p2b: Blaziken|Blaziken, L50, M|100/100\n|switch|p2a: Mawile|Mawile-Mega, L50, F|100/100\n|turn|6\n|\n|t:|1788340174\n|move|p2a: Mawile|Protect|p2a: Mawile\n|-singleturn|p2a: Mawile|Protect\n|move|p2b: Blaziken|Flare Blitz|p1b: Mawile\n|-supereffective|p1b: Mawile|1\n|-crit|p1b: Mawile\n|-damage|p1b: Mawile|0 fnt\n|faint|p1b: Mawile\n|-damage|p2b: Blaziken|72/100|[from] Recoil\n|move|p1a: Torkoal|Heat Wave|p2b: Blaziken|[spread] p2b\n|-activate|p2a: Mawile|move: Protect\n|-resisted|p2b: Blaziken|1\n|-damage|p2b: Blaziken|34/100\n|\n|-weather|SunnyDay|[upkeep]\n|-ability|p2b: Blaziken|Speed Boost|boost\n|-boost|p2b: Blaziken|spe|1\n|upkeep\n|turn|7\n|\n|t:|1788340187\n|move|p2a: Mawile|Sucker Punch|p1a: Torkoal\n|-damage|p1a: Torkoal|36/100\n|move|p2b: Blaziken|Rock Slide|p1a: Torkoal|[miss]\n|-miss|p2b: Blaziken|p1a: Torkoal\n|move|p1a: Torkoal|Heat Wave|p2a: Mawile|[spread] \n|-miss|p1a: Torkoal|p2a: Mawile\n|-miss|p1a: Torkoal|p2b: Blaziken\n|\n|-weather|SunnyDay|[upkeep]\n|-ability|p2b: Blaziken|Speed Boost|boost\n|-boost|p2b: Blaziken|spe|1\n|upkeep\n|turn|8\n|-message|Vovo112011 forfeited.\n|\n|win|eklyst\n|raw|Vovo112011's rating: 1278 &rarr; <strong>1260</strong><br />(-18 for losing)\n|raw|eklyst's rating: 1371 &rarr; <strong>1386</strong><br />(+15 for winning)\n|l|☆Vovo112011\n|player|p1|\n","uploadtime":1788340204,"views":"1","formatid":"gen9championsvgc2026regmb","rating":1260,"private":0,"password":null}