{"id":"gen9championsvgc2026regmb-2674369808","format":"[Gen 9 Champions] VGC 2026 Reg M-B","players":["bgh_sinnoh4","morfachorizo"],"log":"|j|☆bgh_sinnoh4\n|j|‽morfachorizo\n|t:|1788350349\n|gametype|doubles\n|player|p1|bgh_sinnoh4|cyrus|1184\n|player|p2|morfachorizo|102|1086\n|gen|9\n|tier|[Gen 9 Champions] VGC 2026 Reg M-B\n|rated|\n|rule|Species Clause: Limit one of each Pokémon\n|rule|Item Clause: Limit 1 of each item\n|clearpoke\n|poke|p1|Skarmory, L50, M|\n|poke|p1|Garchomp, L50, M|\n|poke|p1|Incineroar, L50, M|\n|poke|p1|Basculegion, L50, M, shiny|\n|poke|p1|Meowscarada, L50, M, shiny|\n|poke|p1|Raichu, L50, F, shiny|\n|poke|p2|Delphox, L50, M|\n|poke|p2|Garchomp, L50, F|\n|poke|p2|Glimmora, L50, F|\n|poke|p2|Kingambit, L50, F|\n|poke|p2|Staraptor, L50, M|\n|poke|p2|Whimsicott, L50, M|\n|teampreview|4\n|l|‽morfachorizo\n|player|p2|\n|j|‽morfachorizo\n|player|p2|morfachorizo|102|\n|n|‽morfachorizo|morfachorizo\n|\n|t:|1788350469\n|teamsize|p1|4\n|teamsize|p2|4\n|start\n|switch|p1a: Mr. Phish|Basculegion, L50, M, shiny|100/100\n|switch|p1b: RAWR >:3|Incineroar, L50, M|100/100\n|switch|p2a: Kingambit|Kingambit, L50, F|100/100\n|switch|p2b: Whimsicott|Whimsicott, L50, M|100/100\n|-ability|p1b: RAWR >:3|Intimidate|boost\n|-unboost|p2a: Kingambit|atk|1\n|-ability|p2a: Kingambit|Defiant|boost\n|-boost|p2a: Kingambit|atk|2\n|-unboost|p2b: Whimsicott|atk|1\n|turn|1\n|\n|t:|1788350492\n|switch|p1a: Excalibur|Skarmory, L50, M|100/100\n|move|p2b: Whimsicott|Charm|p1b: RAWR >:3\n|-hint|Since gen 7, Dark is immune to Prankster moves.\n|-immune|p1b: RAWR >:3\n|move|p2a: Kingambit|Sucker Punch||[still]\n|-fail|p2a: Kingambit\n|move|p1b: RAWR >:3|Flare Blitz|p2a: Kingambit\n|-supereffective|p2a: Kingambit|1\n|-damage|p2a: Kingambit|20/100y\n|-damage|p1b: RAWR >:3|75/100|[from] Recoil\n|\n|upkeep\n|turn|2\n|\n|t:|1788350512\n|move|p1a: Excalibur|Protect|p1a: Excalibur\n|-singleturn|p1a: Excalibur|Protect\n|move|p2a: Kingambit|Protect|p2a: Kingambit\n|-singleturn|p2a: Kingambit|Protect\n|move|p2b: Whimsicott|Tailwind|p2b: Whimsicott\n|-sidestart|p2: morfachorizo|move: Tailwind\n|move|p1b: RAWR >:3|Flare Blitz|p2a: Kingambit\n|-activate|p2a: Kingambit|move: Protect\n|\n|upkeep\n|turn|3\n|\n|t:|1788350540\n|switch|p1a: Mr. Phish|Basculegion, L50, M, shiny|100/100\n|move|p2b: Whimsicott|Moonblast|p1b: RAWR >:3\n|-damage|p1b: RAWR >:3|44/100\n|-enditem|p1b: RAWR >:3|Sitrus Berry|[eat]\n|-heal|p1b: RAWR >:3|68/100|[from] item: Sitrus Berry\n|move|p2a: Kingambit|Kowtow Cleave|p1b: RAWR >:3\n|-resisted|p1b: RAWR >:3|1\n|-damage|p1b: RAWR >:3|28/100\n|move|p1b: RAWR >:3|Flare Blitz|p2a: Kingambit\n|-supereffective|p2a: Kingambit|1\n|-damage|p2a: Kingambit|0 fnt\n|faint|p2a: Kingambit\n|-damage|p1b: RAWR >:3|22/100|[from] Recoil\n|\n|upkeep\n|\n|t:|1788350553\n|switch|p2a: Glimmora|Glimmora, L50, F|100/100\n|turn|4\n|\n|t:|1788350582\n|move|p2b: Whimsicott|Charm|p1a: Mr. Phish\n|-unboost|p1a: Mr. Phish|atk|2\n|move|p2a: Glimmora|Earth Power|p1b: RAWR >:3\n|-supereffective|p1b: RAWR >:3|1\n|-damage|p1b: RAWR >:3|0 fnt\n|faint|p1b: RAWR >:3\n|move|p1a: Mr. Phish|Wave Crash|p2a: Glimmora\n|-supereffective|p2a: Glimmora|1\n|-crit|p2a: Glimmora\n|-enditem|p2a: Glimmora|Focus Sash\n|-damage|p2a: Glimmora|1/100\n|-activate|p2a: Glimmora|ability: Toxic Debris\n|-sidestart|p1: bgh_sinnoh4|move: Toxic Spikes\n|-damage|p1a: Mr. Phish|73/100|[from] Recoil\n|-damage|p1a: Mr. Phish|63/100|[from] item: Life Orb\n|\n|upkeep\n|\n|t:|1788350600\n|switch|p1b: Excalibur|Skarmory, L50, M|100/100\n|turn|5\n|\n|t:|1788350627\n|detailschange|p1b: Excalibur|Skarmory-Mega, L50, M\n|-mega|p1b: Excalibur|Skarmory|Skarmorite\n|move|p2a: Glimmora|Spiky Shield|p2a: Glimmora\n|-singleturn|p2a: Glimmora|move: Protect\n|move|p1a: Mr. Phish|Aqua Jet|p2a: Glimmora\n|-activate|p2a: Glimmora|move: Protect\n|-damage|p1a: Mr. Phish|51/100|[from] Spiky Shield|[of] p2a: Glimmora\n|move|p2b: Whimsicott|Moonblast|p1a: Mr. Phish\n|-damage|p1a: Mr. Phish|10/100\n|move|p1b: Excalibur|Brave Bird|p2b: Whimsicott\n|-supereffective|p2b: Whimsicott|1\n|-damage|p2b: Whimsicott|0 fnt\n|faint|p2b: Whimsicott\n|-damage|p1b: Excalibur|73/100|[from] Recoil\n|\n|-sideend|p2: morfachorizo|move: Tailwind\n|upkeep\n|\n|t:|1788350640\n|switch|p2b: Staraptor|Staraptor, L50, M|100/100\n|-ability|p2b: Staraptor|Intimidate|boost\n|-unboost|p1a: Mr. Phish|atk|1\n|-unboost|p1b: Excalibur|atk|1\n|turn|6\n|\n|t:|1788350656\n|switch|p1b: Cynthia's pet|Garchomp, L50, M|100/100\n|-status|p1b: Cynthia's pet|psn\n|detailschange|p2b: Staraptor|Staraptor-Mega, L50, M\n|-mega|p2b: Staraptor|Staraptor|Staraptite\n|move|p1a: Mr. Phish|Aqua Jet|p2a: Glimmora\n|-supereffective|p2a: Glimmora|1\n|-damage|p2a: Glimmora|0 fnt\n|-activate|p2a: Glimmora|ability: Toxic Debris\n|-sidestart|p1: bgh_sinnoh4|move: Toxic Spikes\n|faint|p2a: Glimmora\n|-damage|p1a: Mr. Phish|1/100|[from] item: Life Orb\n|move|p2b: Staraptor|Dual Wingbeat|p1a: Mr. Phish\n|-damage|p1a: Mr. Phish|0 fnt\n|faint|p1a: Mr. Phish\n|-hitcount|p1: Mr. Phish|1\n|\n|-damage|p1b: Cynthia's pet|87/100 psn|[from] psn\n|upkeep\n|\n|t:|1788350675\n|switch|p1a: Excalibur|Skarmory-Mega, L50, M|73/100\n|turn|7\n|\n|t:|1788350683\n|move|p2b: Staraptor|Protect|p2b: Staraptor\n|-singleturn|p2b: Staraptor|Protect\n|move|p1b: Cynthia's pet|Dragon Claw|p2b: Staraptor\n|-activate|p2b: Staraptor|move: Protect\n|move|p1a: Excalibur|Brave Bird|p2b: Staraptor\n|-activate|p2b: Staraptor|move: Protect\n|\n|-damage|p1b: Cynthia's pet|75/100 psn|[from] psn\n|upkeep\n|turn|8\n|\n|t:|1788350697\n|move|p1b: Cynthia's pet|Dragon Claw|p2b: Staraptor\n|-damage|p2b: Staraptor|51/100\n|move|p1a: Excalibur|Brave Bird|p2b: Staraptor\n|-supereffective|p2b: Staraptor|1\n|-damage|p2b: Staraptor|0 fnt\n|faint|p2b: Staraptor\n|-damage|p1a: Excalibur|58/100|[from] Recoil\n|\n|win|bgh_sinnoh4\n|raw|bgh_sinnoh4's rating: 1184 &rarr; <strong>1202</strong><br />(+18 for winning)\n|raw|morfachorizo's rating: 1086 &rarr; <strong>1069</strong><br />(-17 for losing)\n|l|‽morfachorizo\n|player|p2|\n","uploadtime":1788350722,"views":"4","formatid":"gen9championsvgc2026regmb","rating":1069,"private":0,"password":null}