{"id":"gen9championsvgc2026regmb-2674660257","format":"[Gen 9 Champions] VGC 2026 Reg M-B","players":["Adkon","BeTransThrowHands"],"log":"|j|☆Adkon\n|j|☆BeTransThrowHands\n|html|<table width=\"100%\"><tr><td align=\"left\">Adkon</td><td align=\"right\">BeTransThrowHands</tr><tr><td align=\"left\"><i class=\"fa fa-circle-o\"></i> <i class=\"fa fa-circle-o\"></i> </td><td align=\"right\"><i class=\"fa fa-circle-o\"></i> <i class=\"fa fa-circle-o\"></i> </tr></table>\n|uhtml|bestof|<h2><strong>Game 1</strong> of <a href=\"/game-bestof3-gen9championsvgc2026regmb-2674660256\">a best-of-3</a></h2>\n|t:|1788386544\n|gametype|doubles\n|player|p1|Adkon|1|\n|player|p2|BeTransThrowHands|may-masters|\n|gen|9\n|tier|[Gen 9 Champions] VGC 2026 Reg M-B\n|rule|Species Clause: Limit one of each Pokémon\n|rule|Item Clause: Limit 1 of each item\n|raw|<div class=\"infobox\"><details class=\"readmore\" open><summary><strong>1 custom rule:</strong></summary> Best of = 3</details></div>\n|clearpoke\n|poke|p1|Froslass, L50, F|\n|poke|p1|Sylveon, L50, M|\n|poke|p1|Pelipper, L50, M|\n|poke|p1|Starmie, L50|\n|poke|p1|Maushold, L50|\n|poke|p1|Manectric, L50, M|\n|poke|p2|Gholdengo, L50, shiny|\n|poke|p2|Delphox, L50, F|\n|poke|p2|Simipour, L50, F, shiny|\n|poke|p2|Grimmsnarl, L50, M|\n|poke|p2|Clefable, L50, F|\n|poke|p2|Barbaracle, L50, M|\n|teampreview|4\nAdkon rejected open team sheets.\n|j| pizzamemes123\n|c| pizzamemes123|london bridge has fallen dow\n|c| pizzamemes123|down\n|c|☆Adkon|Surprised you brought Phox\n|c|☆BeTransThrowHands|Surprised at no bridge\n|j| Serial Driller\n|c|☆Adkon|Kinda just didn't work out with bridge\n|c| Serial Driller|These teams are disgusting 😭\n|c| Serial Driller|Mega gholdengo and clefable vs arch maus rain\n|\n|t:|1788386714\n|teamsize|p1|4\n|teamsize|p2|4\n|start\n|switch|p1a: White Album|Froslass, L50, F|100/100\n|switch|p1b: STARmie Platinum|Starmie, L50|100/100\n|switch|p2a: Baby Face|Simipour, L50, F, shiny|100/100\n|switch|p2b: Harvest|Gholdengo, L50, shiny|100/100\n|turn|1\n|c|☆BeTransThrowHands|Dont look at mine I am not the war criminal here\n|\n|t:|1788386731\n|detailschange|p1b: STARmie Platinum|Starmie-Mega, L50\n|-mega|p1b: STARmie Platinum|Starmie|Starminite\n|move|p1b: STARmie Platinum|Protect|p1b: STARmie Platinum\n|-singleturn|p1b: STARmie Platinum|Protect\n|move|p2a: Baby Face|Fake Out|p1b: STARmie Platinum\n|-activate|p1b: STARmie Platinum|move: Protect\n|move|p1a: White Album|Poltergeist|p2b: Harvest\n|-activate|p2b: Harvest|move: Poltergeist|Life Orb\n|-supereffective|p2b: Harvest|1\n|-crit|p2b: Harvest\n|-damage|p2b: Harvest|0 fnt\n|faint|p2b: Harvest\n|\n|upkeep\n|c|☆BeTransThrowHands|Epic\n|\n|t:|1788386764\n|switch|p2b: Love Deluxe|Grimmsnarl, L50, M|100/100\n|turn|2\n|c|☆Adkon|True to the name shigechi got blown up\n|c|☆BeTransThrowHands|Im bulky btw\n|c|☆BeTransThrowHands|Def mattered\n|c| pizzamemes123|thats crazy\n|c|☆Adkon|Sorry\n|\n|t:|1788386805\n|switch|p1b: Harvest|Maushold, L50|100/100\n|move|p2b: Love Deluxe|Fake Out|p1b: Harvest\n|-damage|p1b: Harvest|83/100\n|move|p1a: White Album|Poltergeist|p2a: Baby Face\n|-activate|p2a: Baby Face|move: Poltergeist|Wacan Berry\n|-damage|p2a: Baby Face|19/100\n|move|p2a: Baby Face|Flip Turn|p1a: White Album\n|-damage|p1a: White Album|69/100\n|\n|t:|1788386815\n|switch|p2a: Foo Fighters|Barbaracle, L50, M|100/100|[from] Flip Turn\n|\n|upkeep\n|turn|3\n|\n|t:|1788386830\n|detailschange|p2a: Foo Fighters|Barbaracle-Mega, L50, M\n|-mega|p2a: Foo Fighters|Barbaracle|Barbaracite\n|move|p2b: Love Deluxe|Reflect|p2b: Love Deluxe\n|-sidestart|p2: BeTransThrowHands|Reflect\n|move|p1a: White Album|Poltergeist|p2a: Foo Fighters\n|-activate|p2a: Foo Fighters|move: Poltergeist|Barbaracite\n|-damage|p2a: Foo Fighters|74/100\n|move|p1b: Harvest|Population Bomb|p2b: Love Deluxe\n|-damage|p2b: Love Deluxe|95/100\n|-damage|p2b: Love Deluxe|91/100\n|-damage|p2b: Love Deluxe|87/100\n|-damage|p2b: Love Deluxe|84/100\n|-hitcount|p2b: Love Deluxe|4\n|move|p2a: Foo Fighters|Shell Smash|p2a: Foo Fighters\n|-unboost|p2a: Foo Fighters|def|1\n|-unboost|p2a: Foo Fighters|spd|1\n|-boost|p2a: Foo Fighters|atk|2\n|-boost|p2a: Foo Fighters|spa|2\n|-boost|p2a: Foo Fighters|spe|2\n|\n|upkeep\n|turn|4\n|\n|t:|1788386845\n|move|p1b: Harvest|Protect|p1b: Harvest\n|-singleturn|p1b: Harvest|Protect\n|move|p1a: White Album|Poltergeist|p2a: Foo Fighters\n|-activate|p2a: Foo Fighters|move: Poltergeist|Barbaracite\n|-damage|p2a: Foo Fighters|34/100\n|move|p2a: Foo Fighters|Rock Slide|p1a: White Album|[spread] p1a\n|-activate|p1b: Harvest|move: Protect\n|-supereffective|p1a: White Album|1\n|-damage|p1a: White Album|0 fnt\n|faint|p1a: White Album\n|move|p2b: Love Deluxe|Spirit Break|p1b: Harvest\n|-activate|p1b: Harvest|move: Protect\n|\n|upkeep\n|c| Serial Driller|Oh\n|\n|t:|1788386859\n|switch|p1a: STARmie Platinum|Starmie-Mega, L50|100/100\n|turn|5\n|\n|t:|1788386869\n|move|p1b: Harvest|Follow Me|p1b: Harvest\n|-singleturn|p1b: Harvest|move: Follow Me\n|move|p1a: STARmie Platinum|Aqua Jet|p2a: Foo Fighters\n|-supereffective|p2a: Foo Fighters|1\n|-damage|p2a: Foo Fighters|0 fnt\n|faint|p2a: Foo Fighters\n|move|p2b: Love Deluxe|Parting Shot|p1b: Harvest\n|-unboost|p1b: Harvest|atk|1\n|-unboost|p1b: Harvest|spa|1\n|\n|t:|1788386873\n|switch|p2b: Baby Face|Simipour, L50, F, shiny|19/100|[from] Parting Shot\n|\n|upkeep\n|\n|t:|1788386874\n|switch|p2a: Love Deluxe|Grimmsnarl, L50, M|84/100\n|turn|6\n|\n|t:|1788386887\n|move|p1b: Harvest|Protect|p1b: Harvest\n|-singleturn|p1b: Harvest|Protect\n|move|p1a: STARmie Platinum|Protect|p1a: STARmie Platinum\n|-singleturn|p1a: STARmie Platinum|Protect\n|move|p2a: Love Deluxe|Fake Out|p1a: STARmie Platinum\n|-activate|p1a: STARmie Platinum|move: Protect\n|move|p2b: Baby Face|Scald|p1a: STARmie Platinum\n|-activate|p1a: STARmie Platinum|move: Protect\n|\n|upkeep\n|turn|7\n|\n|t:|1788386901\n|move|p1b: Harvest|Follow Me|p1b: Harvest\n|-singleturn|p1b: Harvest|move: Follow Me\n|move|p2a: Love Deluxe|Parting Shot|p1b: Harvest\n|-unboost|p1b: Harvest|atk|1\n|-unboost|p1b: Harvest|spa|1\n|move|p2b: Baby Face|Scald|p1b: Harvest\n|-damage|p1b: Harvest|24/100\n|-status|p1b: Harvest|brn\n|-enditem|p1b: Harvest|Sitrus Berry|[eat]\n|-heal|p1b: Harvest|49/100 brn|[from] item: Sitrus Berry\n|move|p1a: STARmie Platinum|Liquidation|p2b: Baby Face\n|-resisted|p2b: Baby Face|1\n|-damage|p2b: Baby Face|0 fnt\n|faint|p2b: Baby Face\n|\n|-damage|p1b: Harvest|43/100 brn|[from] brn\n|upkeep\n|turn|8\n|\n|t:|1788386914\n|move|p1b: Harvest|Follow Me|p1b: Harvest\n|-singleturn|p1b: Harvest|move: Follow Me\n|move|p2a: Love Deluxe|Parting Shot|p1b: Harvest\n|-unboost|p1b: Harvest|atk|1\n|-unboost|p1b: Harvest|spa|1\n|move|p1a: STARmie Platinum|Liquidation|p2a: Love Deluxe\n|-damage|p2a: Love Deluxe|37/100\n|\n|-damage|p1b: Harvest|37/100 brn|[from] brn\n|upkeep\n|turn|9\n|\n|t:|1788386924\n|move|p1b: Harvest|Follow Me|p1b: Harvest\n|-singleturn|p1b: Harvest|move: Follow Me\n|move|p1a: STARmie Platinum|Liquidation|p2a: Love Deluxe\n|-damage|p2a: Love Deluxe|0 fnt\n|faint|p2a: Love Deluxe\n|\n|win|Adkon\n||BeTransThrowHands is ready for game 2.\n||Adkon is ready for game 2.\n|uhtml|next|Next: <a href=\"/battle-gen9championsvgc2026regmb-2674662949\"><strong>Game 2 of 3</strong></a>\n|j| Dizzy Kiske\n|l| Dizzy Kiske\n|l|☆BeTransThrowHands\n|player|p2|\n|l| Serial Driller\n|j| Serial Driller\n","uploadtime":1788387205,"views":"24","formatid":"gen9championsvgc2026regmb","rating":null,"private":0,"password":null}