{"id":"gen9championsvgc2026regmb-2674546609","format":"[Gen 9 Champions] VGC 2026 Reg M-B","players":["ryangreenblue","ester7stars"],"log":"|j|☆ryangreenblue\n|j|☆ester7stars\n|html|<table width=\"100%\"><tr><td align=\"left\">ryangreenblue</td><td align=\"right\">ester7stars</tr><tr><td align=\"left\"><i class=\"fa fa-circle\"></i> <i class=\"fa fa-circle-o\"></i> </td><td align=\"right\"><i class=\"fa fa-circle-o\"></i> <i class=\"fa fa-circle-o\"></i> </tr></table>\n|uhtml|bestof|<h2><strong>Game 2</strong> of <a href=\"/game-bestof3-gen9championsvgc2026regmb-2674542792\">a best-of-3</a></h2>\n|t:|1788372459\n|gametype|doubles\n|player|p1|ryangreenblue|unknown|\n|player|p2|ester7stars|266|\n|gen|9\n|tier|[Gen 9 Champions] VGC 2026 Reg M-B\n|rule|Species Clause: Limit one of each Pokémon\n|rule|Item Clause: Limit 1 of each item\n|raw|<div class=\"infobox\"><details class=\"readmore\" open><summary><strong>1 custom rule:</strong></summary> Best of = 3</details></div>\n|clearpoke\n|poke|p1|Blastoise, L50, F|\n|poke|p1|Espathra, L50, F|\n|poke|p1|Sylveon, L50, M|\n|poke|p1|Basculegion, L50, M|\n|poke|p1|Kangaskhan, L50, F|\n|poke|p1|Typhlosion-Hisui, L50, M|\n|poke|p2|Aegislash, L50, M|\n|poke|p2|Dragonite, L50, F|\n|poke|p2|Glimmora, L50, M, shiny|\n|poke|p2|Rotom-Wash, L50, shiny|\n|poke|p2|Volcarona, L50, F|\n|poke|p2|Sylveon, L50, F, shiny|\n|teampreview|4\n|c|☆ryangreenblue|espathra is scary\nryangreenblue rejected open team sheets.\n|c|☆ester7stars|set up mons...\n|c|☆ryangreenblue|like it sets up automatically\n|\n|t:|1788372526\n|teamsize|p1|4\n|teamsize|p2|4\n|start\n|switch|p1a: Sullivan's Pond|Kangaskhan, L50, F|100/100\n|switch|p1b: Peggy's Cove|Espathra, L50, F|100/100\n|switch|p2a: Gender2|Sylveon, L50, F, shiny|100/100\n|switch|p2b: Bugge|Volcarona, L50, F|100/100\n|turn|1\n|\n|t:|1788372556\n|move|p1a: Sullivan's Pond|Fake Out|p2a: Gender2\n|-damage|p2a: Gender2|79/100\n|move|p1b: Peggy's Cove|Lumina Crash|p2b: Bugge\n|-damage|p2b: Bugge|71/100\n|-unboost|p2b: Bugge|spd|2\n|move|p2b: Bugge|Heat Wave|p1b: Peggy's Cove|[spread] p1a,p1b\n|-damage|p1a: Sullivan's Pond|56/100\n|-damage|p1b: Peggy's Cove|56/100\n|-status|p1a: Sullivan's Pond|brn\n|cant|p2a: Gender2|flinch\n|\n|-damage|p1a: Sullivan's Pond|50/100g brn|[from] brn\n|-ability|p1b: Peggy's Cove|Speed Boost|boost\n|-boost|p1b: Peggy's Cove|spe|1\n|upkeep\n|turn|2\n|c|☆ryangreenblue|owwww\n|c|☆ester7stars|lucky atk drop\n|\n|t:|1788372595\n|move|p1b: Peggy's Cove|Protect|p1b: Peggy's Cove\n|-singleturn|p1b: Peggy's Cove|Protect\n|move|p2b: Bugge|Protect|p2b: Bugge\n|-singleturn|p2b: Bugge|Protect\n|move|p1a: Sullivan's Pond|Last Resort|p2a: Gender2\n|-damage|p2a: Gender2|41/100\n|move|p2a: Gender2|Hyper Voice|p1a: Sullivan's Pond|[spread] p1a\n|-activate|p1b: Peggy's Cove|move: Protect\n|-damage|p1a: Sullivan's Pond|8/100 brn\n|\n|-damage|p1a: Sullivan's Pond|2/100 brn|[from] brn\n|-ability|p1b: Peggy's Cove|Speed Boost|boost\n|-boost|p1b: Peggy's Cove|spe|1\n|upkeep\n|turn|3\n|\n|t:|1788372618\n|move|p2a: Gender2|Detect|p2a: Gender2\n|-singleturn|p2a: Gender2|Protect\n|move|p1b: Peggy's Cove|Baton Pass|p1b: Peggy's Cove\n|\n|t:|1788372622\n|switch|p1b: Old Town Clock|Sylveon, L50, M|100/100|[from] Baton Pass\n|move|p1a: Sullivan's Pond|Last Resort|p2a: Gender2\n|-activate|p2a: Gender2|move: Protect\n|move|p2b: Bugge|Quiver Dance|p2b: Bugge\n|-boost|p2b: Bugge|spa|1\n|-boost|p2b: Bugge|spd|1\n|-boost|p2b: Bugge|spe|1\n|\n|-damage|p1a: Sullivan's Pond|0 fnt|[from] brn\n|faint|p1a: Sullivan's Pond\n|upkeep\n|\n|t:|1788372632\n|switch|p1a: Peggy's Cove|Espathra, L50, F|56/100\n|turn|4\n|\n|t:|1788372656\n|switch|p2a: Sword|Aegislash, L50, M|100/100\n|move|p1b: Old Town Clock|Detect|p1b: Old Town Clock\n|-singleturn|p1b: Old Town Clock|Protect\n|move|p1a: Peggy's Cove|Protect|p1a: Peggy's Cove\n|-singleturn|p1a: Peggy's Cove|Protect\n|move|p2b: Bugge|Heat Wave|p1b: Old Town Clock|[spread] \n|-activate|p1a: Peggy's Cove|move: Protect\n|-activate|p1b: Old Town Clock|move: Protect\n|\n|-ability|p1a: Peggy's Cove|Speed Boost|boost\n|-boost|p1a: Peggy's Cove|spe|1\n|upkeep\n|turn|5\n|\n|t:|1788372675\n|move|p1a: Peggy's Cove|Lumina Crash|p2b: Bugge\n|-crit|p2b: Bugge\n|-damage|p2b: Bugge|6/100\n|-unboost|p2b: Bugge|spd|2\n|move|p2b: Bugge|Heat Wave|p1b: Old Town Clock|[spread] p1a,p1b\n|-damage|p1a: Peggy's Cove|0 fnt\n|-damage|p1b: Old Town Clock|54/100\n|faint|p1a: Peggy's Cove\n|move|p1b: Old Town Clock|Hyper Voice|p2a: Sword|[spread] p2a,p2b\n|-resisted|p2a: Sword|1\n|-resisted|p2b: Bugge|1\n|-crit|p2b: Bugge\n|-damage|p2a: Sword|83/100\n|-damage|p2b: Bugge|0 fnt\n|faint|p2b: Bugge\n|-damage|p1b: Old Town Clock|45/100|[from] item: Life Orb\n|-formechange|p2a: Sword|Aegislash-Blade|\n|move|p2a: Sword|Flash Cannon|p1b: Old Town Clock\n|-supereffective|p1b: Old Town Clock|1\n|-damage|p1b: Old Town Clock|0 fnt\n|faint|p1b: Old Town Clock\n|\n|upkeep\n|c|☆ester7stars|my goat LIVES\n|c|☆ryangreenblue|dassss crazy\n|c|☆ryangreenblue|yeeeouch\n|\n|t:|1788372695\n|switch|p2b: Gender2|Sylveon, L50, F, shiny|41/100\n|switch|p1b: The Harbour|Basculegion, L50, M|100/100\n|turn|6\n|c|☆ryangreenblue|The Harbour\n|c|☆ester7stars|The Harbour\n|\n|t:|1788372716\n|move|p1b: The Harbour|Protect|p1b: The Harbour\n|-singleturn|p1b: The Harbour|Protect\n|move|p2b: Gender2|Detect|p2b: Gender2\n|-singleturn|p2b: Gender2|Protect\n|move|p2a: Sword|Shadow Ball|p1b: The Harbour\n|-activate|p1b: The Harbour|move: Protect\n|\n|upkeep\n|turn|7\n|\n|t:|1788372735\n|move|p1b: The Harbour|Last Respects|p2b: Gender2\n|-damage|p2b: Gender2|0 fnt\n|faint|p2b: Gender2\n|move|p2a: Sword|Shadow Ball|p1b: The Harbour\n|-supereffective|p1b: The Harbour|1\n|-enditem|p1b: The Harbour|Focus Sash\n|-damage|p1b: The Harbour|1/100\n|\n|upkeep\n|\n|t:|1788372743\n|switch|p2b: Appliance|Rotom-Wash, L50, shiny|100/100\n|turn|8\n|c|☆ryangreenblue|aw wtf u have another mon LMFAO\n|c|☆ester7stars|yeah LMAO\n|\n|t:|1788372765\n|-formechange|p2a: Sword|Aegislash|\n|move|p2a: Sword|King's Shield|p2a: Sword\n|-singleturn|p2a: Sword|Protect\n|move|p2b: Appliance|Hydro Pump|p1b: The Harbour\n|-resisted|p1b: The Harbour|1\n|-damage|p1b: The Harbour|0 fnt\n|faint|p1b: The Harbour\n|-damage|p2b: Appliance|90/100|[from] item: Life Orb\n|\n|win|ester7stars\n||ryangreenblue is ready for game 3.\n||ester7stars is ready for game 3.\n|uhtml|next|Next: <a href=\"/battle-gen9championsvgc2026regmb-2674549423\"><strong>Game 3 of 3</strong></a>\n","uploadtime":1788372825,"views":"0","formatid":"gen9championsvgc2026regmb","rating":null,"private":0,"password":null}