{"id":"gen9championsvgc2026regmb-2674952714","format":"[Gen 9 Champions] VGC 2026 Reg M-B","players":["ttars","swaggypantsscrafty"],"log":"|j|☆ttars\n|j|☆swaggypantsscrafty\n|t:|1788441176\n|gametype|doubles\n|player|p1|ttars|pokemaniac|1339\n|player|p2|swaggypantsscrafty|schoolkid-gen4|1395\n|gen|9\n|tier|[Gen 9 Champions] VGC 2026 Reg M-B\n|rated|\n|rule|Species Clause: Limit one of each Pokémon\n|rule|Item Clause: Limit 1 of each item\n|clearpoke\n|poke|p1|Toxapex, L50, M|\n|poke|p1|Scrafty, L50, M|\n|poke|p1|Rotom-Heat, L50|\n|poke|p1|Froslass, L50, F|\n|poke|p1|Garchomp, L50, M|\n|poke|p1|Kingambit, L50, M|\n|poke|p2|Tyranitar, L50, F|\n|poke|p2|Houndstone, L50, M|\n|poke|p2|Charizard, L50, F|\n|poke|p2|Venusaur, L50, F|\n|poke|p2|Farigiraf, L50, F|\n|poke|p2|Staraptor, L50, M|\n|teampreview|4\nttars rejected open team sheets.\n|\n|t:|1788441220\n|teamsize|p1|4\n|teamsize|p2|4\n|start\n|switch|p1a: Scrafty|Scrafty, L50, M|100/100\n|switch|p1b: Toxapex|Toxapex, L50, M|100/100\n|switch|p2a: Charizard|Charizard, L50, F|100/100\n|switch|p2b: Venusaur|Venusaur, L50, F|100/100\n|-ability|p1a: Scrafty|Intimidate|boost\n|-unboost|p2a: Charizard|atk|1\n|-unboost|p2b: Venusaur|atk|1\n|turn|1\n|\n|t:|1788441258\n|detailschange|p1a: Scrafty|Scrafty-Mega, L50, M\n|-mega|p1a: Scrafty|Scrafty|Scraftinite\n|-ability|p1a: Scrafty|Intimidate|boost\n|-unboost|p2a: Charizard|atk|1\n|-unboost|p2b: Venusaur|atk|1\n|move|p2a: Charizard|Protect|p2a: Charizard\n|-singleturn|p2a: Charizard|Protect\n|move|p1a: Scrafty|Fake Out|p2b: Venusaur\n|-damage|p2b: Venusaur|79/100\n|cant|p2b: Venusaur|flinch\n|move|p1b: Toxapex|Infestation|p2a: Charizard\n|-activate|p2a: Charizard|move: Protect\n|\n|upkeep\n|turn|2\n|\n|t:|1788441300\n|switch|p1a: Garchomp|Garchomp, L50, M|100/100\n|detailschange|p2a: Charizard|Charizard-Mega-Y, L50, F\n|-mega|p2a: Charizard|Charizard|Charizardite Y\n|-weather|SunnyDay|[from] ability: Drought|[of] p2a: Charizard\n|move|p2b: Venusaur|Sleep Powder|p1b: Toxapex\n|-status|p1b: Toxapex|slp|[from] move: Sleep Powder\n|move|p2a: Charizard|Heat Wave|p1a: Garchomp|[spread] p1a,p1b\n|-resisted|p1a: Garchomp|1\n|-resisted|p1b: Toxapex|1\n|-damage|p1a: Garchomp|66/100\n|-damage|p1b: Toxapex|73/100 slp\n|cant|p1b: Toxapex|slp\n|\n|-weather|SunnyDay|[upkeep]\n|-heal|p1b: Toxapex|79/100 slp|[from] item: Leftovers\n|upkeep\n|turn|3\n|\n|t:|1788441341\n|switch|p2a: Houndstone|Houndstone, L50, M|100/100\n|-heal|p1b: Toxapex|100/100 slp|[from] ability: Regenerator|[silent]\n|switch|p1b: Scrafty|Scrafty-Mega, L50, M|100/100\n|-ability|p1b: Scrafty|Intimidate|boost\n|-unboost|p2a: Houndstone|atk|1\n|-unboost|p2b: Venusaur|atk|1\n|move|p1a: Garchomp|Protect|p1a: Garchomp\n|-singleturn|p1a: Garchomp|Protect\n|move|p2b: Venusaur|Leaf Storm|p1a: Garchomp\n|-activate|p1a: Garchomp|move: Protect\n|\n|-weather|SunnyDay|[upkeep]\n|upkeep\n|turn|4\n|\n|t:|1788441375\n|switch|p2b: Tyranitar|Tyranitar, L50, F|100/100\n|-weather|Sandstorm|[from] ability: Sand Stream|[of] p2b: Tyranitar\n|switch|p1a: Rotom|Rotom-Heat, L50|100/100\n|move|p1b: Scrafty|Fake Out|p2b: Tyranitar\n|-resisted|p2b: Tyranitar|1\n|-damage|p2b: Tyranitar|93/100\n|move|p2a: Houndstone|Will-O-Wisp|p1b: Scrafty\n|-status|p1b: Scrafty|brn\n|\n|-weather|Sandstorm|[upkeep]\n|-damage|p1a: Rotom|94/100|[from] Sandstorm\n|-damage|p1b: Scrafty|94/100 brn|[from] Sandstorm\n|-damage|p1b: Scrafty|88/100 brn|[from] brn\n|upkeep\n|turn|5\n|inactive|Battle timer is ON: inactive players will automatically lose when time's up. (requested by ttars)\n|\n|t:|1788441407\n|switch|p1a: Toxapex|Toxapex, L50, M|100/100 slp\n|switch|p2b: Charizard|Charizard-Mega-Y, L50, F|100/100\n|-weather|SunnyDay|[from] ability: Drought|[of] p2b: Charizard\n|move|p2a: Houndstone|Ally Switch|p2a: Houndstone\n|swap|p2a: Houndstone|1|[from] move: Ally Switch\n|move|p1b: Scrafty|Drain Punch|p2b: Houndstone\n|-immune|p2b: Houndstone\n|\n|-weather|SunnyDay|[upkeep]\n|-damage|p1b: Scrafty|82/100 brn|[from] brn\n|upkeep\n|turn|6\n|inactive|swaggypantsscrafty has 30 seconds left.\n|\n|t:|1788441434\n|switch|p2b: Venusaur|Venusaur, L50, F|79/100\n|move|p2a: Charizard|Weather Ball|p1b: Scrafty\n|-damage|p1b: Scrafty|9/100 brn\n|move|p1b: Scrafty|Knock Off|p2b: Venusaur\n|-damage|p2b: Venusaur|41/100\n|-enditem|p2b: Venusaur|Wide Lens|[from] move: Knock Off|[of] p1b: Scrafty\n|-curestatus|p1a: Toxapex|slp|[msg]\n|move|p1a: Toxapex|Infestation|p2a: Charizard\n|-resisted|p2a: Charizard|2\n|-damage|p2a: Charizard|99/100\n|-activate|p2a: Charizard|move: Infestation|[of] p1a: Toxapex\n|\n|-weather|SunnyDay|[upkeep]\n|-damage|p1b: Scrafty|3/100 brn|[from] brn\n|-damage|p2a: Charizard|87/100|[from] move: Infestation|[partiallytrapped]\n|upkeep\n|turn|7\n|inactive|ttars has 30 seconds left.\n|inactive|ttars has 20 seconds left.\n|inactive|ttars has 15 seconds left.\n|\n|t:|1788441477\n|switch|p1b: Rotom|Rotom-Heat, L50|94/100\n|move|p2b: Venusaur|Earth Power|p1a: Toxapex\n|-supereffective|p1a: Toxapex|1\n|-damage|p1a: Toxapex|57/100\n|move|p2a: Charizard|Heat Wave|p1a: Toxapex|[spread] p1a\n|-miss|p2a: Charizard|p1b: Rotom\n|-resisted|p1a: Toxapex|1\n|-damage|p1a: Toxapex|31/100\n|move|p1a: Toxapex|Toxic|p2a: Charizard\n|-status|p2a: Charizard|tox\n|\n|-weather|SunnyDay|[upkeep]\n|-heal|p1a: Toxapex|37/100|[from] item: Leftovers\n|-damage|p2a: Charizard|80/100 tox|[from] psn\n|-damage|p2a: Charizard|68/100 tox|[from] move: Infestation|[partiallytrapped]\n|upkeep\n|turn|8\n|inactive|ttars has 30 seconds left.\n|\n|t:|1788441505\n|move|p2a: Charizard|Protect|p2a: Charizard\n|-singleturn|p2a: Charizard|Protect\n|move|p1a: Toxapex|Baneful Bunker|p1a: Toxapex\n|-singleturn|p1a: Toxapex|move: Protect\n|move|p2b: Venusaur|Sleep Powder|p1b: Rotom|[miss]\n|-miss|p2b: Venusaur|p1b: Rotom\n|move|p1b: Rotom|Overheat|p2b: Venusaur\n|-supereffective|p2b: Venusaur|1\n|-damage|p2b: Venusaur|0 fnt\n|-unboost|p1b: Rotom|spa|2\n|faint|p2b: Venusaur\n|\n|-weather|SunnyDay|[upkeep]\n|-heal|p1a: Toxapex|43/100|[from] item: Leftovers\n|-damage|p2a: Charizard|55/100 tox|[from] psn\n|-damage|p2a: Charizard|43/100 tox|[from] move: Infestation|[partiallytrapped]\n|upkeep\n|\n|t:|1788441527\n|switch|p2b: Tyranitar|Tyranitar, L50, F|93/100\n|-weather|Sandstorm|[from] ability: Sand Stream|[of] p2b: Tyranitar\n|turn|9\n|inactive|ttars has 30 seconds left.\n|inactive|swaggypantsscrafty has 30 seconds left.\n|\n|t:|1788441557\n|switch|p1b: Scrafty|Scrafty-Mega, L50, M|3/100 brn\n|-ability|p1b: Scrafty|Intimidate|boost\n|-unboost|p2a: Charizard|atk|1\n|-unboost|p2b: Tyranitar|atk|1\n|-heal|p1a: Toxapex|76/100|[from] ability: Regenerator|[silent]\n|switch|p1a: Garchomp|Garchomp, L50, M|66/100\n|move|p2a: Charizard|Heat Wave|p1a: Garchomp|[spread] p1a,p1b\n|-resisted|p1a: Garchomp|1\n|-damage|p1a: Garchomp|44/100\n|-damage|p1b: Scrafty|0 fnt\n|faint|p1b: Scrafty\n|move|p2b: Tyranitar|Ice Punch|p1a: Garchomp\n|-supereffective|p1a: Garchomp|2\n|-damage|p1a: Garchomp|0 fnt\n|-damage|p2b: Tyranitar|81/100|[from] ability: Rough Skin|[of] p1a: Garchomp\n|faint|p1a: Garchomp\n|-damage|p2b: Tyranitar|71/100|[from] item: Life Orb\n|\n|-weather|Sandstorm|[upkeep]\n|-damage|p2a: Charizard|37/100 tox|[from] Sandstorm\n|-damage|p2a: Charizard|18/100 tox|[from] psn\n|-end|p2a: Charizard|Infestation|[partiallytrapped]|[silent]\n|upkeep\n|\n|t:|1788441578\n|switch|p1a: Toxapex|Toxapex, L50, M|76/100\n|switch|p1b: Rotom|Rotom-Heat, L50|94/100\n|turn|10\n|inactive|ttars has 30 seconds left.\n|inactive|swaggypantsscrafty has 30 seconds left.\n|\n|t:|1788441611\n|switch|p2a: Houndstone|Houndstone, L50, M|100/100\n|move|p1b: Rotom|Protect|p1b: Rotom\n|-singleturn|p1b: Rotom|Protect\n|move|p2b: Tyranitar|Knock Off|p1a: Toxapex\n|-damage|p1a: Toxapex|43/100\n|-enditem|p1a: Toxapex|Leftovers|[from] move: Knock Off|[of] p2b: Tyranitar\n|-damage|p2b: Tyranitar|61/100|[from] item: Life Orb\n|move|p1a: Toxapex|Toxic|p2b: Tyranitar\n|-status|p2b: Tyranitar|tox\n|\n|-weather|Sandstorm|[upkeep]\n|-damage|p1b: Rotom|88/100|[from] Sandstorm\n|-damage|p1a: Toxapex|37/100|[from] Sandstorm\n|-damage|p2b: Tyranitar|55/100 tox|[from] psn\n|upkeep\n|turn|11\n|inactive|ttars has 30 seconds left.\n|inactive|swaggypantsscrafty has 30 seconds left.\n|\n|t:|1788441643\n|move|p1a: Toxapex|Baneful Bunker|p1a: Toxapex\n|-singleturn|p1a: Toxapex|move: Protect\n|move|p2a: Houndstone|Last Respects|p1a: Toxapex\n|-activate|p1a: Toxapex|move: Protect\n|move|p1b: Rotom|Thunderbolt|p2b: Tyranitar\n|-damage|p2b: Tyranitar|30/100 tox\n|move|p2b: Tyranitar|Rock Slide|p1b: Rotom|[spread] p1b\n|-activate|p1a: Toxapex|move: Protect\n|-supereffective|p1b: Rotom|1\n|-damage|p1b: Rotom|22/100\n|-enditem|p1b: Rotom|Sitrus Berry|[eat]\n|-heal|p1b: Rotom|47/100|[from] item: Sitrus Berry\n|-damage|p2b: Tyranitar|20/100y tox|[from] item: Life Orb\n|\n|-weather|Sandstorm|[upkeep]\n|-damage|p1b: Rotom|41/100|[from] Sandstorm\n|-damage|p1a: Toxapex|31/100|[from] Sandstorm\n|-damage|p2b: Tyranitar|7/100 tox|[from] psn\n|upkeep\n|turn|12\n|inactive|ttars has 30 seconds left.\n|inactive|swaggypantsscrafty has 30 seconds left.\n|inactive|ttars has 20 seconds left.\n|inactive|swaggypantsscrafty has 20 seconds left.\n|\n|t:|1788441681\n|move|p1a: Toxapex|Wide Guard|p1a: Toxapex\n|-singleturn|p1a: Toxapex|Wide Guard\n|move|p2a: Houndstone|Last Respects|p1a: Toxapex\n|-damage|p1a: Toxapex|6/100\n|move|p1b: Rotom|Overheat|p2a: Houndstone\n|-damage|p2a: Houndstone|39/100\n|-unboost|p1b: Rotom|spa|2\n|-enditem|p2a: Houndstone|Sitrus Berry|[eat]\n|-heal|p2a: Houndstone|64/100|[from] item: Sitrus Berry\n|move|p2b: Tyranitar|Rock Slide|p1a: Toxapex|[spread] \n|-activate|p1a: Toxapex|move: Wide Guard\n|-activate|p1b: Rotom|move: Wide Guard\n|\n|-weather|Sandstorm|[upkeep]\n|-damage|p1b: Rotom|35/100|[from] Sandstorm\n|-damage|p1a: Toxapex|1/100|[from] Sandstorm\n|-damage|p2b: Tyranitar|0 fnt|[from] psn\n|faint|p2b: Tyranitar\n|upkeep\n|\n|t:|1788441698\n|switch|p2b: Charizard|Charizard-Mega-Y, L50, F|18/100 tox\n|-weather|SunnyDay|[from] ability: Drought|[of] p2b: Charizard\n|turn|13\n|inactive|ttars has 30 seconds left.\n|inactive|swaggypantsscrafty has 30 seconds left.\n|\n|t:|1788441733\n|move|p1b: Rotom|Protect|p1b: Rotom\n|-singleturn|p1b: Rotom|Protect\n|move|p1a: Toxapex|Baneful Bunker||[still]\n|-fail|p1a: Toxapex\n|move|p2b: Charizard|Weather Ball|p1b: Rotom\n|-activate|p1b: Rotom|move: Protect\n|move|p2a: Houndstone|Last Respects|p1a: Toxapex\n|-damage|p1a: Toxapex|0 fnt\n|faint|p1a: Toxapex\n|\n|-weather|SunnyDay|[upkeep]\n|-damage|p2b: Charizard|12/100 tox|[from] psn\n|upkeep\n|turn|14\n|\n|t:|1788441748\n|move|p1b: Rotom|Protect||[still]\n|-fail|p1b: Rotom\n|move|p2b: Charizard|Weather Ball|p1b: Rotom\n|-resisted|p1b: Rotom|1\n|-damage|p1b: Rotom|0 fnt\n|faint|p1b: Rotom\n|\n|win|swaggypantsscrafty\n|raw|ttars's rating: 1339 &rarr; <strong>1322</strong><br />(-17 for losing)\n|raw|swaggypantsscrafty's rating: 1395 &rarr; <strong>1412</strong><br />(+17 for winning)\n|l|☆ttars\n|player|p1|\n|c|☆swaggypantsscrafty|gg\n","uploadtime":1788441757,"views":"1","formatid":"gen9championsvgc2026regmb","rating":1322,"private":0,"password":null}