{"id":"gen9championsvgc2026regmbbo3-2674988175","format":"[Gen 9 Champions] VGC 2026 Reg M-B (Bo3)","players":["okkia3","Cintia 6374"],"log":"|j|☆okkia3\n|j|☆Cintia 6374\n|html|<table width=\"100%\"><tr><td align=\"left\">okkia3</td><td align=\"right\">Cintia 6374</tr><tr><td align=\"left\"><i class=\"fa fa-circle-o\"></i> <i class=\"fa fa-circle-o\"></i> </td><td align=\"right\"><i class=\"fa fa-circle-o\"></i> <i class=\"fa fa-circle-o\"></i> </tr></table>\n|uhtml|bestof|<h2><strong>Game 1</strong> of <a href=\"/game-bestof3-gen9championsvgc2026regmbbo3-2674988174\">a best-of-3</a></h2>\n|t:|1788445737\n|gametype|doubles\n|player|p1|okkia3|102|1088\n|player|p2|Cintia 6374|cynthia|1000\n|gen|9\n|tier|[Gen 9 Champions] VGC 2026 Reg M-B (Bo3)\n|rated|\n|rule|Species Clause: Limit one of each Pokémon\n|rule|Item Clause: Limit 1 of each item\n|clearpoke\n|poke|p1|Charizard, L50, F|\n|poke|p1|Whimsicott, L50, M|\n|poke|p1|Basculegion, L50, M|\n|poke|p1|Farigiraf, L50, M|\n|poke|p1|Kangaskhan, L50, F|\n|poke|p1|Sneasler, L50, M|\n|poke|p2|Garchomp, L50, M|\n|poke|p2|Overqwil, L50, F|\n|poke|p2|Garganacl, L50, M|\n|poke|p2|Dragonite, L50, M, shiny|\n|poke|p2|Charizard, L50, M|\n|poke|p2|Ceruledge, L50, M|\n|teampreview|4\n|showteam|p1|Charizard||CharizarditeY|SolarPower|WeatherBall,HeatWave,SolarBeam,Protect|Timid||F|||50|]Whimsicott||FocusSash|Prankster|Moonblast,Tailwind,SunnyDay,Encore|Timid||M|||50|]Basculegion||ChoiceScarf|Adaptability|WaveCrash,AquaJet,LastRespects,FlipTurn|Adamant||M|||50|]Farigiraf||SitrusBerry|ArmorTail|Psychic,HyperVoice,HelpingHand,TrickRoom|Modest||M|||50|]Kangaskhan||Kangaskhanite|Scrappy|FakeOut,DoubleEdge,DrainPunch,SuckerPunch|Adamant||F|||50|]Sneasler||WhiteHerb|Unburden|FakeOut,CloseCombat,DireClaw,RockTomb|Adamant||M|||50|\n|showteam|p2|Garchomp||DragonFang|RoughSkin|DragonPulse,Earthquake,PoisonJab,Flamethrower|Rash||M|||50|]Overqwil||WideLens|Intimidate|ToxicSpikes,SpitUp,Venoshock,HydroPump|Serious||F|||50|]Garganacl||FocusSash|ClearBody|Protect,Rest,BodyPress,BodySlam|Relaxed||M|||50|]Dragonite||YacheBerry|Multiscale|ExtremeSpeed,Rest,FirePunch,Substitute|Serious||M|||50|]Charizard||CharizarditeY|SolarPower|SolarBeam,Flamethrower,Roost,Hurricane|Serious||M|||50|]Ceruledge||Charcoal|FlashFire|BitterBlade,DragonClaw,IronHead,XScissor|Serious||M|||50|\n|inactive|Battle timer is ON: inactive players will automatically lose when time's up. (requested by okkia3)\n|\n|t:|1788445752\n|teamsize|p1|4\n|teamsize|p2|4\n|start\n|switch|p1a: Basculegion|Basculegion, L50, M|100/100\n|switch|p1b: Farigiraf|Farigiraf, L50, M|100/100\n|switch|p2a: Dragonite|Dragonite, L50, M, shiny|100/100\n|switch|p2b: Overqwil|Overqwil, L50, F|100/100\n|-ability|p2b: Overqwil|Intimidate|boost\n|-unboost|p1a: Basculegion|atk|1\n|-unboost|p1b: Farigiraf|atk|1\n|turn|1\n|\n|t:|1788445775\n|move|p2a: Dragonite|Extreme Speed||[still]\n|cant|p1b: Farigiraf|ability: Armor Tail|Extreme Speed|[of] p2a: Dragonite\n|move|p1a: Basculegion|Last Respects|p2a: Dragonite\n|-damage|p2a: Dragonite|89/100\n|move|p2b: Overqwil|Toxic Spikes|p1a: Basculegion\n|-sidestart|p1: okkia3|move: Toxic Spikes\n|move|p1b: Farigiraf|Hyper Voice|p2b: Overqwil|[spread] p2a,p2b\n|-damage|p2a: Dragonite|59/100\n|-damage|p2b: Overqwil|65/100\n|\n|upkeep\n|turn|2\n|inactive|Cintia 6374 has 30 seconds left.\n|inactive|Cintia 6374 has 20 seconds left.\n|\n|t:|1788445810\n|move|p1a: Basculegion|Last Respects|p2a: Dragonite\n|-damage|p2a: Dragonite|37/100\n|move|p2b: Overqwil|Venoshock|p2a: Dragonite\n|-damage|p2a: Dragonite|19/100\n|move|p2a: Dragonite|Fire Punch|p1b: Farigiraf\n|-damage|p1b: Farigiraf|72/100\n|move|p1b: Farigiraf|Psychic|p2a: Dragonite\n|-damage|p2a: Dragonite|0 fnt\n|faint|p2a: Dragonite\n|\n|upkeep\n|\n|t:|1788445825\n|switch|p2a: Charizard|Charizard, L50, M|100/100\n|turn|3\n|\n|t:|1788445835\n|detailschange|p2a: Charizard|Charizard-Mega-Y, L50, M\n|-mega|p2a: Charizard|Charizard|Charizardite Y\n|-weather|SunnyDay|[from] ability: Drought|[of] p2a: Charizard\n|move|p1a: Basculegion|Last Respects|p2a: Charizard\n|-damage|p2a: Charizard|73/100\n|move|p2a: Charizard|Solar Beam||[still]\n|-prepare|p2a: Charizard|Solar Beam\n|-anim|p2a: Charizard|Solar Beam|p1a: Basculegion\n|-supereffective|p1a: Basculegion|1\n|-crit|p1a: Basculegion\n|-damage|p1a: Basculegion|0 fnt\n|faint|p1a: Basculegion\n|move|p2b: Overqwil|Spit Up||[still]\n|-fail|p2b: Overqwil\n|move|p1b: Farigiraf|Psychic|p2a: Charizard\n|-damage|p2a: Charizard|32/100\n|\n|-weather|SunnyDay|[upkeep]\n|upkeep\n|\n|t:|1788445835\n|switch|p1a: Sneasler|Sneasler, L50, M|100/100\n|-sideend|p1: okkia3|move: Toxic Spikes|[of] p1a: Sneasler\n|turn|4\n|inactive|Cintia 6374 has 30 seconds left.\n|\n|t:|1788445861\n|move|p1a: Sneasler|Rock Tomb|p2a: Charizard\n|-supereffective|p2a: Charizard|2\n|-damage|p2a: Charizard|0 fnt\n|faint|p2a: Charizard\n|move|p2b: Overqwil|Hydro Pump|p2: Charizard|[notarget]\n|-fail|p2b: Overqwil\n|move|p1b: Farigiraf|Hyper Voice|p2b: Overqwil\n|-damage|p2b: Overqwil|20/100r\n|\n|-weather|SunnyDay|[upkeep]\n|upkeep\n|\n|t:|1788445872\n|switch|p2a: Ceruledge|Ceruledge, L50, M|100/100\n|turn|5\n|\n|t:|1788445882\n|move|p1a: Sneasler|Close Combat|p2b: Overqwil\n|-damage|p2b: Overqwil|0 fnt\n|-unboost|p1a: Sneasler|def|1\n|-unboost|p1a: Sneasler|spd|1\n|faint|p2b: Overqwil\n|-enditem|p1a: Sneasler|White Herb\n|-clearnegativeboost|p1a: Sneasler|[silent]\n|move|p2a: Ceruledge|X-Scissor|p1b: Farigiraf\n|-supereffective|p1b: Farigiraf|1\n|-damage|p1b: Farigiraf|26/100\n|-enditem|p1b: Farigiraf|Sitrus Berry|[eat]\n|-heal|p1b: Farigiraf|51/100|[from] item: Sitrus Berry\n|move|p1b: Farigiraf|Psychic|p2a: Ceruledge\n|-damage|p2a: Ceruledge|60/100\n|\n|-weather|SunnyDay|[upkeep]\n|upkeep\n|turn|6\n|\n|t:|1788445899\n|switch|p1b: Kangaskhan|Kangaskhan, L50, F|100/100\n|move|p1a: Sneasler|Rock Tomb|p2a: Ceruledge\n|-supereffective|p2a: Ceruledge|1\n|-damage|p2a: Ceruledge|8/100\n|-unboost|p2a: Ceruledge|spe|1\n|move|p2a: Ceruledge|Bitter Blade|p1a: Sneasler\n|-damage|p1a: Sneasler|0 fnt\n|-heal|p2a: Ceruledge|60/100|[from] drain|[of] p1a: Sneasler\n|faint|p1a: Sneasler\n|\n|-weather|SunnyDay|[upkeep]\n|upkeep\n|\n|t:|1788445899\n|switch|p1a: Farigiraf|Farigiraf, L50, M|51/100\n|turn|7\n|\n|t:|1788445917\n|detailschange|p1b: Kangaskhan|Kangaskhan-Mega, L50, F\n|-mega|p1b: Kangaskhan|Kangaskhan|Kangaskhanite\n|move|p1b: Kangaskhan|Sucker Punch|p2a: Ceruledge\n|-supereffective|p2a: Ceruledge|1\n|-damage|p2a: Ceruledge|2/100\n|-supereffective|p2a: Ceruledge|1\n|-damage|p2a: Ceruledge|0 fnt\n|faint|p2a: Ceruledge\n|-hitcount|p2: Ceruledge|2\n|\n|win|okkia3\n","uploadtime":1788445917,"views":"1","formatid":"gen9championsvgc2026regmbbo3","rating":null,"private":0,"password":null}