{"id":"gen9championsvgc2026regmbbo3-2673630412","format":"[Gen 9 Champions] VGC 2026 Reg M-B (Bo3)","players":["foxykayla","drifting away 1"],"log":"|j|☆foxykayla\n|j|☆drifting away 1\n|html|<table width=\"100%\"><tr><td align=\"left\">foxykayla</td><td align=\"right\">drifting away 1</tr><tr><td align=\"left\"><i class=\"fa fa-circle-o\"></i> <i class=\"fa fa-circle-o\"></i> </td><td align=\"right\"><i class=\"fa fa-circle-o\"></i> <i class=\"fa fa-circle\"></i> </tr></table>\n|uhtml|bestof|<h2><strong>Game 2</strong> of <a href=\"/game-bestof3-gen9championsvgc2026regmbbo3-2673626487\">a best-of-3</a></h2>\n|t:|1788224006\n|gametype|doubles\n|player|p1|foxykayla|lady|\n|player|p2|drifting away 1|sabrina|\n|gen|9\n|tier|[Gen 9 Champions] VGC 2026 Reg M-B (Bo3)\n|rule|Species Clause: Limit one of each Pokémon\n|rule|Item Clause: Limit 1 of each item\n|raw|<div class=\"infobox\"><details class=\"readmore\" open><summary><strong>1 custom rule:</strong></summary> !Force Open Team Sheets</details></div>\n|clearpoke\n|poke|p1|Aerodactyl, L50, M|\n|poke|p1|Banette, L50, M|\n|poke|p1|Sylveon, L50, M|\n|poke|p1|Basculegion, L50, M|\n|poke|p1|Kangaskhan, L50, F|\n|poke|p1|Tauros-Paldea-Blaze, L50, M|\n|poke|p2|Metagross, L50, shiny|\n|poke|p2|Incineroar, L50, M, shiny|\n|poke|p2|Serperior, L50, M, shiny|\n|poke|p2|Rotom-Wash, L50, shiny|\n|poke|p2|Gengar, L50, M, shiny|\n|poke|p2|Hydrapple, L50, M|\n|teampreview|4\n|j| jfwarriors\n|j| freshveggies2\n|c|☆drifting away 1|gl gl\n|c|☆foxykayla|gl!\n|\n|t:|1788224065\n|teamsize|p1|4\n|teamsize|p2|4\n|start\n|switch|p1a: Basculegion|Basculegion, L50, M|100/100\n|switch|p1b: Kangaskhan|Kangaskhan, L50, F|100/100\n|switch|p2a: Incineroar|Incineroar, L50, M, shiny|100/100\n|switch|p2b: Rotom|Rotom-Wash, L50, shiny|100/100\n|-ability|p2a: Incineroar|Intimidate|boost\n|-unboost|p1a: Basculegion|atk|1\n|-fail|p1b: Kangaskhan|unboost|Attack|[from] ability: Scrappy|[of] p1b: Kangaskhan\n|turn|1\n|\n|t:|1788224159\n|move|p1b: Kangaskhan|Fake Out|p2b: Rotom\n|-damage|p2b: Rotom|71/100\n|move|p2a: Incineroar|Fake Out|p1b: Kangaskhan\n|-damage|p1b: Kangaskhan|87/100\n|cant|p2b: Rotom|flinch\n|move|p1a: Basculegion|Wave Crash|p2a: Incineroar\n|-supereffective|p2a: Incineroar|1\n|-damage|p2a: Incineroar|0 fnt\n|faint|p2a: Incineroar\n|-damage|p1a: Basculegion|65/100|[from] Recoil\n|\n|-heal|p2b: Rotom|77/100|[from] item: Leftovers\n|upkeep\n|\n|t:|1788224168\n|switch|p2a: Serperior|Serperior, L50, M, shiny|100/100\n|turn|2\n|\n|t:|1788224213\n|move|p2a: Serperior|Protect|p2a: Serperior\n|-singleturn|p2a: Serperior|Protect\n|move|p1a: Basculegion|Protect|p1a: Basculegion\n|-singleturn|p1a: Basculegion|Protect\n|move|p2b: Rotom|Thunderbolt|p1a: Basculegion\n|-activate|p1a: Basculegion|move: Protect\n|move|p1b: Kangaskhan|Last Resort|p2a: Serperior\n|-activate|p2a: Serperior|move: Protect\n|\n|-heal|p2b: Rotom|82/100|[from] item: Leftovers\n|upkeep\n|turn|3\n|\n|t:|1788224269\n|switch|p1a: Tauros|Tauros-Paldea-Blaze, L50, M|100/100\n|-ability|p1a: Tauros|Intimidate|boost\n|-boost|p2a: Serperior|atk|1\n|-unboost|p2b: Rotom|atk|1\n|move|p2b: Rotom|Protect|p2b: Rotom\n|-singleturn|p2b: Rotom|Protect\n|move|p2a: Serperior|Leaf Storm|p1a: Tauros\n|-resisted|p1a: Tauros|1\n|-damage|p1a: Tauros|56/100\n|-boost|p2a: Serperior|spa|2\n|move|p1b: Kangaskhan|Last Resort|p2a: Serperior\n|-damage|p2a: Serperior|4/100\n|\n|-heal|p2b: Rotom|88/100|[from] item: Leftovers\n|upkeep\n|turn|4\n|\n|t:|1788224318\n|move|p2a: Serperior|Dragon Pulse|p1a: Tauros\n|-damage|p1a: Tauros|0 fnt\n|faint|p1a: Tauros\n|move|p2b: Rotom|Volt Switch|p1b: Kangaskhan\n|-damage|p1b: Kangaskhan|49/100\n|\n|t:|1788224322\n|switch|p2b: Metagross|Metagross, L50, shiny|100/100|[from] Volt Switch\n|move|p1b: Kangaskhan|Last Resort|p2b: Metagross\n|-resisted|p2b: Metagross|1\n|-damage|p2b: Metagross|66/100\n|\n|upkeep\n|\n|t:|1788224331\n|switch|p1a: Sylveon|Sylveon, L50, M|100/100\n|turn|5\n|\n|t:|1788224375\n|detailschange|p2b: Metagross|Metagross-Mega, L50, shiny\n|-mega|p2b: Metagross|Metagross|Metagrossite\n|move|p2a: Serperior|Protect|p2a: Serperior\n|-singleturn|p2a: Serperior|Protect\n|move|p1a: Sylveon|Quick Attack|p2a: Serperior\n|-activate|p2a: Serperior|move: Protect\n|move|p2b: Metagross|Iron Head|p1a: Sylveon\n|-supereffective|p1a: Sylveon|1\n|-damage|p1a: Sylveon|0 fnt\n|faint|p1a: Sylveon\n|move|p1b: Kangaskhan|Last Resort|p2b: Metagross\n|-resisted|p2b: Metagross|1\n|-damage|p2b: Metagross|34/100\n|\n|upkeep\n|\n|t:|1788224386\n|switch|p1a: Basculegion|Basculegion, L50, M|65/100\n|turn|6\n|\n|t:|1788224403\n|move|p1a: Basculegion|Protect|p1a: Basculegion\n|-singleturn|p1a: Basculegion|Protect\n|move|p2a: Serperior|Leaf Storm|p1b: Kangaskhan\n|-damage|p1b: Kangaskhan|0 fnt\n|-boost|p2a: Serperior|spa|2\n|faint|p1b: Kangaskhan\n|move|p2b: Metagross|Psychic Fangs|p1a: Basculegion\n|-activate|p1a: Basculegion|move: Protect\n|\n|upkeep\n|turn|7\n|c|☆foxykayla|ggs\n|c|☆drifting away 1|ggs\n|\n|t:|1788224418\n|move|p2a: Serperior|Protect|p2a: Serperior\n|-singleturn|p2a: Serperior|Protect\n|move|p1a: Basculegion|Aqua Jet|p2a: Serperior\n|-activate|p2a: Serperior|move: Protect\n|move|p2b: Metagross|Psychic Fangs|p1a: Basculegion\n|-damage|p1a: Basculegion|0 fnt\n|faint|p1a: Basculegion\n|\n|win|drifting away 1\n","uploadtime":1788225087,"views":"9","formatid":"gen9championsvgc2026regmbbo3","rating":null,"private":0,"password":null}