{"id":"gen9championsvgc2026regmb-2674172247","format":"[Gen 9 Champions] VGC 2026 Reg M-B","players":["cortepapayon","tr8ubl3"],"log":"|j|☆cortepapayon\n|j|☆tr8ubl3\n|t:|1788310007\n|gametype|doubles\n|player|p1|cortepapayon|workerice|1095\n|player|p2|tr8ubl3|flannery|1000\n|gen|9\n|tier|[Gen 9 Champions] VGC 2026 Reg M-B\n|rated|\n|rule|Species Clause: Limit one of each Pokémon\n|rule|Item Clause: Limit 1 of each item\n|clearpoke\n|poke|p1|Whimsicott, L50, F|\n|poke|p1|Sinistcha, L50|\n|poke|p1|Abomasnow, L50, F|\n|poke|p1|Gourgeist-Super, L50, F|\n|poke|p1|Meganium, L50, F|\n|poke|p1|Tsareena, L50, F|\n|poke|p2|Sableye, L50, M|\n|poke|p2|Swampert, L50, F|\n|poke|p2|Pelipper, L50, F|\n|poke|p2|Archaludon, L50, M|\n|poke|p2|Sneasler, L50, M|\n|poke|p2|Sinistcha, L50|\n|teampreview|4\n|inactive|Battle timer is ON: inactive players will automatically lose when time's up. (requested by cortepapayon)\n|\n|t:|1788310039\n|teamsize|p1|4\n|teamsize|p2|4\n|start\n|switch|p1a: Abomasnow|Abomasnow, L50, F|100/100\n|switch|p1b: Gourgeist|Gourgeist-Super, L50, F|100/100\n|switch|p2a: Sneasler|Sneasler, L50, M|100/100\n|switch|p2b: Sinistcha|Sinistcha, L50|100/100\n|-ability|p2a: Sneasler|Pressure\n|-weather|Snowscape|[from] ability: Snow Warning|[of] p1a: Abomasnow\n|turn|1\n|\n|t:|1788310053\n|detailschange|p1a: Abomasnow|Abomasnow-Mega, L50, F\n|-mega|p1a: Abomasnow|Abomasnow|Abomasite\n|move|p1a: Abomasnow|Protect|p1a: Abomasnow\n|-singleturn|p1a: Abomasnow|Protect\n|move|p2b: Sinistcha|Rage Powder|p2b: Sinistcha\n|-singleturn|p2b: Sinistcha|move: Rage Powder\n|move|p2a: Sneasler|Dire Claw|p1a: Abomasnow\n|-activate|p1a: Abomasnow|move: Protect\n|move|p1b: Gourgeist|Will-O-Wisp|p2a: Sneasler\n|-status|p2a: Sneasler|brn\n|\n|-weather|Snowscape|[upkeep]\n|-damage|p2a: Sneasler|94/100 brn|[from] brn\n|upkeep\n|turn|2\n|inactive|cortepapayon has 30 seconds left.\n|inactive|cortepapayon has 20 seconds left.\n|\n|t:|1788310090\n|switch|p2b: Archaludon|Archaludon, L50, M|100/100\n|move|p2a: Sneasler|Dire Claw|p1a: Abomasnow\n|-supereffective|p1a: Abomasnow|1\n|-damage|p1a: Abomasnow|68/100\n|-status|p1a: Abomasnow|slp\n|-damage|p2a: Sneasler|84/100 brn|[from] item: Life Orb\n|cant|p1a: Abomasnow|slp\n|move|p1b: Gourgeist|Trick Room|p1b: Gourgeist\n|-fieldstart|move: Trick Room|[of] p1b: Gourgeist\n|\n|-weather|Snowscape|[upkeep]\n|-damage|p2a: Sneasler|78/100 brn|[from] brn\n|upkeep\n|turn|3\n|\n|t:|1788310121\n|switch|p2a: Sinistcha|Sinistcha, L50|100/100\n|cant|p1a: Abomasnow|slp\n|move|p1b: Gourgeist|Poltergeist|p2a: Sinistcha\n|-activate|p2a: Sinistcha|move: Poltergeist|Kasib Berry\n|-supereffective|p2a: Sinistcha|1\n|-enditem|p2a: Sinistcha|Kasib Berry|[eat]\n|-enditem|p2a: Sinistcha|Kasib Berry|[weaken]\n|-damage|p2a: Sinistcha|74/100\n|move|p2b: Archaludon|Flash Cannon|p1a: Abomasnow\n|-supereffective|p1a: Abomasnow|1\n|-damage|p1a: Abomasnow|1/100 slp\n|\n|-weather|Snowscape|[upkeep]\n|upkeep\n|turn|4\n|\n|t:|1788310144\n|switch|p1b: Sinistcha|Sinistcha, L50|100/100\n|-heal|p1a: Abomasnow|26/100 slp|[from] ability: Hospitality|[of] p1b: Sinistcha\n|-curestatus|p1a: Abomasnow|slp|[msg]\n|move|p1a: Abomasnow|Blizzard|p2a: Sinistcha|[spread] p2a,p2b\n|-supereffective|p2a: Sinistcha|1\n|-damage|p2a: Sinistcha|0 fnt\n|-damage|p2b: Archaludon|28/100\n|-ability|p2b: Archaludon|Stamina|boost\n|-boost|p2b: Archaludon|def|1\n|faint|p2a: Sinistcha\n|move|p2b: Archaludon|Flash Cannon|p1a: Abomasnow\n|-supereffective|p1a: Abomasnow|1\n|-damage|p1a: Abomasnow|0 fnt\n|faint|p1a: Abomasnow\n|\n|-weather|Snowscape|[upkeep]\n|-heal|p2b: Archaludon|34/100|[from] item: Leftovers\n|upkeep\n|\n|t:|1788310158\n|switch|p1a: Tsareena|Tsareena, L50, F|100/100\n|switch|p2a: Pelipper|Pelipper, L50, F|100/100\n|-weather|RainDance|[from] ability: Drizzle|[of] p2a: Pelipper\n|turn|5\n|\n|t:|1788310179\n|move|p1b: Sinistcha|Rage Powder|p1b: Sinistcha\n|-singleturn|p1b: Sinistcha|move: Rage Powder\n|move|p2a: Pelipper|Hurricane|p1b: Sinistcha\n|-supereffective|p1b: Sinistcha|1\n|-damage|p1b: Sinistcha|0 fnt\n|faint|p1b: Sinistcha\n|move|p1a: Tsareena|Low Kick|p2b: Archaludon\n|-supereffective|p2b: Archaludon|1\n|-damage|p2b: Archaludon|0 fnt\n|faint|p2b: Archaludon\n|\n|-weather|RainDance|[upkeep]\n|upkeep\n|\n|t:|1788310189\n|switch|p1b: Gourgeist|Gourgeist-Super, L50, F|100/100\n|switch|p2b: Sneasler|Sneasler, L50, M|78/100 brn\n|-ability|p2b: Sneasler|Pressure\n|turn|6\n|\n|t:|1788310203\n|move|p1b: Gourgeist|Poltergeist|p2b: Sneasler\n|-activate|p2b: Sneasler|move: Poltergeist|Life Orb\n|-damage|p2b: Sneasler|17/100 brn\n|move|p2a: Pelipper|Hurricane|p1b: Gourgeist\n|-supereffective|p1b: Gourgeist|1\n|-damage|p1b: Gourgeist|14/100\n|move|p1a: Tsareena|Power Whip|p2a: Pelipper\n|-damage|p2a: Pelipper|25/100\n|move|p2b: Sneasler|Dire Claw|p1a: Tsareena\n|-supereffective|p1a: Tsareena|1\n|-damage|p1a: Tsareena|49/100\n|-damage|p2b: Sneasler|7/100 brn|[from] item: Life Orb\n|\n|-weather|RainDance|[upkeep]\n|-damage|p2b: Sneasler|1/100 brn|[from] brn\n|-fieldend|move: Trick Room\n|upkeep\n|turn|7\n|inactive|cortepapayon has 30 seconds left.\n|\n|t:|1788310234\n|move|p1a: Tsareena|Protect|p1a: Tsareena\n|-singleturn|p1a: Tsareena|Protect\n|move|p2b: Sneasler|Dire Claw|p1b: Gourgeist\n|-crit|p1b: Gourgeist\n|-damage|p1b: Gourgeist|0 fnt\n|faint|p1b: Gourgeist\n|-damage|p2b: Sneasler|0 fnt|[from] item: Life Orb\n|faint|p2b: Sneasler\n|move|p2a: Pelipper|Hurricane|p1a: Tsareena\n|-activate|p1a: Tsareena|move: Protect\n|\n|-weather|RainDance|[upkeep]\n|upkeep\n|turn|8\n|\n|t:|1788310248\n|move|p1a: Tsareena|Power Whip|p2a: Pelipper\n|-damage|p2a: Pelipper|0 fnt\n|faint|p2a: Pelipper\n|\n|win|cortepapayon\n|raw|cortepapayon's rating: 1095 &rarr; <strong>1114</strong><br />(+19 for winning)\n|raw|tr8ubl3's rating: 1000 &rarr; <strong>1000</strong><br />(+0 for losing)\n|l|☆tr8ubl3\n|player|p2|\n|l|☆cortepapayon\n|player|p1|\n|j|☆cortepapayon\n|player|p1|cortepapayon|workerice|\n","uploadtime":1788310424,"views":"0","formatid":"gen9championsvgc2026regmb","rating":1000,"private":0,"password":null}