{"id":"gen9championsvgc2026regmbbo3-2675044108","format":"[Gen 9 Champions] VGC 2026 Reg M-B (Bo3)","players":["sparshjha","humania1"],"log":"|j|☆sparshjha\n|j|☆humania1\n|html|<table width=\"100%\"><tr><td align=\"left\">sparshjha</td><td align=\"right\">humania1</tr><tr><td align=\"left\"><i class=\"fa fa-circle\"></i> <i class=\"fa fa-circle-o\"></i> </td><td align=\"right\"><i class=\"fa fa-circle-o\"></i> <i class=\"fa fa-circle\"></i> </tr></table>\n|uhtml|bestof|<h2><strong>Game 3</strong> of <a href=\"/game-bestof3-gen9championsvgc2026regmbbo3-2675039126\">a best-of-3</a></h2>\n|t:|1788452321\n|gametype|doubles\n|player|p1|sparshjha|2|1140\n|player|p2|humania1|265|1077\n|gen|9\n|tier|[Gen 9 Champions] VGC 2026 Reg M-B (Bo3)\n|rated|\n|rule|Species Clause: Limit one of each Pokémon\n|rule|Item Clause: Limit 1 of each item\n|clearpoke\n|poke|p1|Venusaur, L50, M|\n|poke|p1|Charizard, L50, M|\n|poke|p1|Garchomp, L50, M|\n|poke|p1|Sylveon, L50, M|\n|poke|p1|Incineroar, L50, M|\n|poke|p1|Toxapex, L50, M|\n|poke|p2|Charizard, L50, F|\n|poke|p2|Whimsicott, L50, F|\n|poke|p2|Basculegion, L50, M|\n|poke|p2|Farigiraf, L50, F|\n|poke|p2|Kangaskhan, L50, F|\n|poke|p2|Sneasler, L50, F|\n|teampreview|4\n|showteam|p1|Venusaur||LifeOrb|Chlorophyll|LeafStorm,SludgeBomb,EarthPower,Protect|Modest||M|||50|]Charizard||CharizarditeY|Blaze|HeatWave,WeatherBall,AncientPower,Protect|Timid||M|||50|]Garchomp||ChoiceScarf|RoughSkin|DragonClaw,Earthquake,RockSlide,StompingTantrum|Adamant||M|||50|]Sylveon||FairyFeather|Pixilate|HyperVoice,QuickAttack,Yawn,Detect|Modest||M|||50|]Incineroar||SitrusBerry|Intimidate|FakeOut,ThroatChop,FlareBlitz,PartingShot|Impish||M|||50|]Toxapex||Leftovers|Regenerator|Infestation,Toxic,WideGuard,BanefulBunker|Bold||M|||50|\n|showteam|p2|Charizard||CharizarditeY|SolarPower|WeatherBall,HeatWave,SolarBeam,Protect|Timid||F|||50|]Whimsicott||FocusSash|Prankster|Moonblast,Tailwind,SunnyDay,Encore|Timid||F|||50|]Basculegion||ChoiceScarf|Adaptability|WaveCrash,AquaJet,LastRespects,FlipTurn|Adamant||M|||50|]Farigiraf||SitrusBerry|ArmorTail|Psychic,HyperVoice,HelpingHand,TrickRoom|Modest||F|||50|]Kangaskhan||Kangaskhanite|Scrappy|FakeOut,DoubleEdge,DrainPunch,SuckerPunch|Adamant||F|||50|]Sneasler||WhiteHerb|Unburden|FakeOut,CloseCombat,DireClaw,RockTomb|Adamant||F|||50|\n|inactive|Battle timer is ON: inactive players will automatically lose when time's up. (requested by humania1)\n|inactive|sparshjha has 60 seconds left.\n|\n|t:|1788452376\n|teamsize|p1|4\n|teamsize|p2|4\n|start\n|switch|p1a: Garchomp|Garchomp, L50, M|100/100\n|switch|p1b: Toxapex|Toxapex, L50, M|100/100\n|switch|p2a: Charizard|Charizard, L50, F|100/100\n|switch|p2b: Sneasler|Sneasler, L50, F|100/100\n|turn|1\n|inactive|sparshjha has 30 seconds left.\n|\n|t:|1788452407\n|switch|p2b: Farigiraf|Farigiraf, L50, F|100/100\n|switch|p2a: Basculegion|Basculegion, L50, M|100/100\n|move|p1a: Garchomp|Stomping Tantrum|p2b: Farigiraf\n|-damage|p2b: Farigiraf|58/100\n|move|p1b: Toxapex|Toxic|p2a: Basculegion\n|-status|p2a: Basculegion|tox\n|\n|-damage|p2a: Basculegion|93/100 tox|[from] psn\n|upkeep\n|turn|2\n|\n|t:|1788452427\n|move|p1a: Garchomp|Stomping Tantrum|p2b: Farigiraf\n|-damage|p2b: Farigiraf|19/100\n|-enditem|p2b: Farigiraf|Sitrus Berry|[eat]\n|-heal|p2b: Farigiraf|44/100|[from] item: Sitrus Berry\n|move|p2a: Basculegion|Wave Crash|p1b: Toxapex\n|-resisted|p1b: Toxapex|1\n|-damage|p1b: Toxapex|70/100\n|-damage|p2a: Basculegion|86/100 tox|[from] Recoil\n|move|p2b: Farigiraf|Psychic|p1b: Toxapex\n|-supereffective|p1b: Toxapex|1\n|-damage|p1b: Toxapex|5/100\n|move|p1b: Toxapex|Infestation|p2a: Basculegion\n|-resisted|p2a: Basculegion|1\n|-damage|p2a: Basculegion|84/100 tox\n|-activate|p2a: Basculegion|move: Infestation|[of] p1b: Toxapex\n|\n|-heal|p1b: Toxapex|11/100|[from] item: Leftovers\n|-damage|p2a: Basculegion|72/100 tox|[from] psn\n|-damage|p2a: Basculegion|60/100 tox|[from] move: Infestation|[partiallytrapped]\n|upkeep\n|turn|3\n|inactive|sparshjha has 30 seconds left.\n|inactive|sparshjha has 20 seconds left.\n|\n|t:|1788452465\n|move|p1b: Toxapex|Baneful Bunker|p1b: Toxapex\n|-singleturn|p1b: Toxapex|move: Protect\n|move|p1a: Garchomp|Stomping Tantrum|p2a: Basculegion\n|-damage|p2a: Basculegion|12/100 tox\n|move|p2a: Basculegion|Wave Crash|p1b: Toxapex\n|-activate|p1b: Toxapex|move: Protect\n|move|p2b: Farigiraf|Psychic|p1b: Toxapex\n|-activate|p1b: Toxapex|move: Protect\n|\n|-heal|p1b: Toxapex|17/100|[from] item: Leftovers\n|-damage|p2a: Basculegion|0 fnt|[from] psn\n|faint|p2a: Basculegion\n|upkeep\n|\n|t:|1788452465\n|switch|p2a: Charizard|Charizard, L50, F|100/100\n|turn|4\n|inactive|sparshjha has 30 seconds left.\n|\n|t:|1788452500\n|switch|p2a: Sneasler|Sneasler, L50, F|100/100\n|-heal|p1b: Toxapex|50/100g|[from] ability: Regenerator|[silent]\n|switch|p1b: Incineroar|Incineroar, L50, M|100/100\n|-ability|p1b: Incineroar|Intimidate|boost\n|-unboost|p2a: Sneasler|atk|1\n|-unboost|p2b: Farigiraf|atk|1\n|-enditem|p2a: Sneasler|White Herb\n|-clearnegativeboost|p2a: Sneasler|[silent]\n|move|p1a: Garchomp|Stomping Tantrum|p2b: Farigiraf\n|-damage|p2b: Farigiraf|3/100\n|move|p2b: Farigiraf|Psychic|p1b: Incineroar\n|-immune|p1b: Incineroar\n|\n|upkeep\n|turn|5\n|\n|t:|1788452525\n|switch|p2b: Charizard|Charizard, L50, F|100/100\n|switch|p1b: Toxapex|Toxapex, L50, M|50/100g\n|move|p2a: Sneasler|Close Combat|p1b: Toxapex\n|-resisted|p1b: Toxapex|1\n|-damage|p1b: Toxapex|29/100\n|-unboost|p2a: Sneasler|def|1\n|-unboost|p2a: Sneasler|spd|1\n|move|p1a: Garchomp|Stomping Tantrum|p2a: Sneasler\n|-supereffective|p2a: Sneasler|1\n|-damage|p2a: Sneasler|0 fnt\n|faint|p2a: Sneasler\n|\n|-heal|p1b: Toxapex|35/100|[from] item: Leftovers\n|upkeep\n|\n|t:|1788452525\n|switch|p2a: Farigiraf|Farigiraf, L50, F|3/100\n|turn|6\n|inactive|sparshjha has 30 seconds left.\n|inactive|sparshjha has 20 seconds left.\n|\n|t:|1788452565\n|detailschange|p2b: Charizard|Charizard-Mega-Y, L50, F\n|-mega|p2b: Charizard|Charizard|Charizardite Y\n|-weather|SunnyDay|[from] ability: Drought|[of] p2b: Charizard\n|move|p1a: Garchomp|Stomping Tantrum|p2a: Farigiraf\n|-damage|p2a: Farigiraf|0 fnt\n|faint|p2a: Farigiraf\n|move|p2b: Charizard|Weather Ball|p1a: Garchomp\n|-resisted|p1a: Garchomp|1\n|-damage|p1a: Garchomp|49/100\n|move|p1b: Toxapex|Toxic|p2b: Charizard\n|-status|p2b: Charizard|tox\n|\n|-weather|SunnyDay|[upkeep]\n|-heal|p1b: Toxapex|40/100|[from] item: Leftovers\n|-damage|p2b: Charizard|94/100 tox|[from] psn\n|upkeep\n|turn|7\n|\n|t:|1788452583\n|switch|p1a: Charizard|Charizard, L50, M|100/100\n|move|p2b: Charizard|Protect|p2b: Charizard\n|-singleturn|p2b: Charizard|Protect\n|move|p1b: Toxapex|Infestation|p2b: Charizard\n|-activate|p2b: Charizard|move: Protect\n|\n|-weather|SunnyDay|[upkeep]\n|-heal|p1b: Toxapex|46/100|[from] item: Leftovers\n|-damage|p2b: Charizard|82/100 tox|[from] psn\n|upkeep\n|turn|8\n|\n|t:|1788452593\n|detailschange|p1a: Charizard|Charizard-Mega-Y, L50, M\n|-mega|p1a: Charizard|Charizard|Charizardite Y\n|move|p2b: Charizard|Heat Wave|p1b: Toxapex|[spread] p1a,p1b\n|-resisted|p1a: Charizard|1\n|-resisted|p1b: Toxapex|1\n|-damage|p1a: Charizard|71/100\n|-damage|p1b: Toxapex|21/100\n|move|p1a: Charizard|Ancient Power|p2b: Charizard\n|-supereffective|p2b: Charizard|2\n|-damage|p2b: Charizard|0 fnt\n|-boost|p1a: Charizard|atk|1\n|-boost|p1a: Charizard|def|1\n|-boost|p1a: Charizard|spa|1\n|-boost|p1a: Charizard|spd|1\n|-boost|p1a: Charizard|spe|1\n|faint|p2b: Charizard\n|\n|win|sparshjha\n|raw|sparshjha's rating: 1140 &rarr; <strong>1161</strong><br />(+21 for winning)\n|raw|humania1's rating: 1077 &rarr; <strong>1059</strong><br />(-18 for losing)\n","uploadtime":1788452593,"views":"0","formatid":"gen9championsvgc2026regmbbo3","rating":1059,"private":0,"password":null}