{"id":"gen9championsvgc2026regmbbo3-2674689337","format":"[Gen 9 Champions] VGC 2026 Reg M-B (Bo3)","players":["Meowraure","Banana191817"],"log":"|j|☆Meowraure\n|j|☆Banana191817\n|html|<table width=\"100%\"><tr><td align=\"left\">Meowraure</td><td align=\"right\">Banana191817</tr><tr><td align=\"left\"><i class=\"fa fa-circle\"></i> <i class=\"fa fa-circle-o\"></i> </td><td align=\"right\"><i class=\"fa fa-circle-o\"></i> <i class=\"fa fa-circle\"></i> </tr></table>\n|uhtml|bestof|<h2><strong>Game 3</strong> of <a href=\"/game-bestof3-gen9championsvgc2026regmbbo3-2674685478\">a best-of-3</a></h2>\n|t:|1788390907\n|gametype|doubles\n|player|p1|Meowraure|265|1265\n|player|p2|Banana191817|101|1151\n|gen|9\n|tier|[Gen 9 Champions] VGC 2026 Reg M-B (Bo3)\n|rated|\n|rule|Species Clause: Limit one of each Pokémon\n|rule|Item Clause: Limit 1 of each item\n|clearpoke\n|poke|p1|Floette-Eternal, L50, F|\n|poke|p1|Incineroar, L50, M|\n|poke|p1|Kingambit, L50, F|\n|poke|p1|Sinistcha, L50|\n|poke|p1|Sneasler, L50, M|\n|poke|p1|Garchomp, L50, M|\n|poke|p2|Chandelure, L50, F|\n|poke|p2|Farigiraf, L50, F|\n|poke|p2|Tinkaton, L50, F|\n|poke|p2|Decidueye-Hisui, L50, F|\n|poke|p2|Kingambit, L50, F|\n|poke|p2|Scrafty, L50, M|\n|teampreview|4\n|showteam|p1|Floette-Eternal||Floettite|FlowerVeil|CalmMind,DazzlingGleam,Protect,DrainingKiss|Timid||F|||50|]Incineroar||SitrusBerry|Intimidate|FlareBlitz,HelpingHand,FakeOut,PartingShot|Careful||M|||50|]Kingambit||BlackGlasses|Defiant|KowtowCleave,IronHead,SuckerPunch,Protect|Adamant||F|||50|]Sinistcha||KasibBerry|Hospitality|MatchaGotcha,RagePowder,TrickRoom,Protect|Bold|||||50|]Sneasler||FocusSash|PoisonTouch|CloseCombat,DireClaw,FakeOut,Coaching|Jolly||M|||50|]Garchomp||Garchompite|RoughSkin|StompingTantrum,Earthquake,RockSlide,Protect|Jolly||M|||50|\n|showteam|p2|Chandelure||Chandelurite|FlashFire|HeatWave,ShadowBall,Protect,TrickRoom|Modest||F|||50|]Farigiraf||SitrusBerry|ArmorTail|TrickRoom,Psychic,Protect,HelpingHand|Calm||F|||50|]Tinkaton||ShucaBerry|MoldBreaker|GigatonHammer,FakeOut,Protect,PlayRough|Jolly||F|||50|]Decidueye-Hisui||ScopeLens|Scrappy|TripleArrows,LeafBlade,Tailwind,Protect|Adamant||F|||50|]Kingambit||BlackGlasses|Defiant|KowtowCleave,SuckerPunch,IronHead,Protect|Adamant||F|||50|]Scrafty||Scraftinite|Intimidate|KnockOff,FakeOut,CloseCombat,IcePunch|Adamant||M|||50|\n|\n|t:|1788390949\n|teamsize|p1|4\n|teamsize|p2|4\n|start\n|switch|p1a: Floette|Floette-Eternal, L50, F|100/100\n|switch|p1b: Sneasler|Sneasler, L50, M|100/100\n|switch|p2a: Decidueye|Decidueye-Hisui, L50, F|100/100\n|switch|p2b: Farigiraf|Farigiraf, L50, F|100/100\n|turn|1\n|\n|t:|1788390978\n|detailschange|p1a: Floette|Floette-Mega, L50, F\n|-mega|p1a: Floette|Floette|Floettite\n|-ability|p1a: Floette|Fairy Aura\n|move|p2a: Decidueye|Protect|p2a: Decidueye\n|-singleturn|p2a: Decidueye|Protect\n|move|p1b: Sneasler|Dire Claw|p2b: Farigiraf\n|-damage|p2b: Farigiraf|63/100\n|move|p1a: Floette|Calm Mind|p1a: Floette\n|-boost|p1a: Floette|spa|1\n|-boost|p1a: Floette|spd|1\n|move|p2b: Farigiraf|Trick Room|p2b: Farigiraf\n|-fieldstart|move: Trick Room|[of] p2b: Farigiraf\n|\n|upkeep\n|turn|2\n|\n|t:|1788391000\n|move|p2b: Farigiraf|Helping Hand|p2a: Decidueye\n|-singleturn|p2a: Decidueye|Helping Hand|[of] p2b: Farigiraf\n|move|p2a: Decidueye|Leaf Blade|p1a: Floette\n|-damage|p1a: Floette|27/100\n|move|p1a: Floette|Draining Kiss|p2a: Decidueye\n|-supereffective|p2a: Decidueye|1\n|-damage|p2a: Decidueye|5/100\n|-heal|p1a: Floette|100/100|[from] drain|[of] p2a: Decidueye\n|move|p1b: Sneasler|Dire Claw|p2b: Farigiraf\n|-damage|p2b: Farigiraf|27/100\n|-status|p2b: Farigiraf|par\n|-enditem|p2b: Farigiraf|Sitrus Berry|[eat]\n|-heal|p2b: Farigiraf|52/100 par|[from] item: Sitrus Berry\n|\n|upkeep\n|turn|3\n|\n|t:|1788391023\n|move|p1a: Floette|Protect|p1a: Floette\n|-singleturn|p1a: Floette|Protect\n|move|p2b: Farigiraf|Psychic|p1b: Sneasler\n|-supereffective|p1b: Sneasler|2\n|-enditem|p1b: Sneasler|Focus Sash\n|-damage|p1b: Sneasler|1/100\n|move|p2a: Decidueye|Leaf Blade|p1a: Floette\n|-activate|p1a: Floette|move: Protect\n|move|p1b: Sneasler|Coaching|p1a: Floette\n|-boost|p1a: Floette|atk|1\n|-boost|p1a: Floette|def|1\n|\n|upkeep\n|turn|4\n|\n|t:|1788391042\n|switch|p1b: Sinistcha|Sinistcha, L50|100/100\n|move|p2b: Farigiraf|Helping Hand|p2a: Decidueye\n|-singleturn|p2a: Decidueye|Helping Hand|[of] p2b: Farigiraf\n|move|p2a: Decidueye|Leaf Blade|p1a: Floette\n|-crit|p1a: Floette\n|-damage|p1a: Floette|2/100\n|move|p1a: Floette|Dazzling Gleam|p2b: Farigiraf|[spread] p2a,p2b\n|-supereffective|p2a: Decidueye|1\n|-crit|p2a: Decidueye\n|-damage|p2a: Decidueye|0 fnt\n|-damage|p2b: Farigiraf|4/100 par\n|faint|p2a: Decidueye\n|\n|upkeep\n|\n|t:|1788391060\n|switch|p2a: Scrafty|Scrafty, L50, M|100/100\n|-ability|p2a: Scrafty|Intimidate|boost\n|-unboost|p1a: Floette|atk|1\n|-unboost|p1b: Sinistcha|atk|1\n|turn|5\n|\n|t:|1788391085\n|switch|p1b: Sneasler|Sneasler, L50, M|1/100\n|detailschange|p2a: Scrafty|Scrafty-Mega, L50, M\n|-mega|p2a: Scrafty|Scrafty|Scraftinite\n|-ability|p2a: Scrafty|Intimidate|boost\n|-unboost|p1a: Floette|atk|1\n|-unboost|p1b: Sneasler|atk|1\n|move|p1a: Floette|Protect|p1a: Floette\n|-singleturn|p1a: Floette|Protect\n|move|p2a: Scrafty|Fake Out|p1a: Floette\n|-activate|p1a: Floette|move: Protect\n|move|p2b: Farigiraf|Psychic|p1b: Sneasler\n|-supereffective|p1b: Sneasler|2\n|-damage|p1b: Sneasler|0 fnt\n|faint|p1b: Sneasler\n|\n|-fieldend|move: Trick Room\n|upkeep\n|\n|t:|1788391099\n|switch|p1b: Sinistcha|Sinistcha, L50|100/100\n|-heal|p1a: Floette|27/100|[from] ability: Hospitality|[of] p1b: Sinistcha\n|turn|6\n|\n|t:|1788391116\n|switch|p2a: Tinkaton|Tinkaton, L50, F|100/100\n|-ability|p2a: Tinkaton|Mold Breaker\n|move|p1b: Sinistcha|Rage Powder|p1b: Sinistcha\n|-singleturn|p1b: Sinistcha|move: Rage Powder\n|move|p1a: Floette|Dazzling Gleam|p2b: Farigiraf|[spread] p2a,p2b\n|-resisted|p2a: Tinkaton|1\n|-damage|p2a: Tinkaton|74/100\n|-damage|p2b: Farigiraf|0 fnt\n|faint|p2b: Farigiraf\n|\n|upkeep\n|\n|t:|1788391127\n|switch|p2b: Scrafty|Scrafty-Mega, L50, M|100/100\n|-ability|p2b: Scrafty|Intimidate|boost\n|-unboost|p1a: Floette|atk|1\n|-unboost|p1b: Sinistcha|atk|1\n|turn|7\n|\n|t:|1788391137\n|move|p1a: Floette|Protect|p1a: Floette\n|-singleturn|p1a: Floette|Protect\n|move|p1b: Sinistcha|Protect|p1b: Sinistcha\n|-singleturn|p1b: Sinistcha|Protect\n|move|p2a: Tinkaton|Gigaton Hammer|p1a: Floette\n|-activate|p1a: Floette|move: Protect\n|move|p2b: Scrafty|Knock Off|p1b: Sinistcha\n|-activate|p1b: Sinistcha|move: Protect\n|\n|upkeep\n|turn|8\n|\n|t:|1788391155\n|move|p2a: Tinkaton|Play Rough|p1a: Floette\n|-damage|p1a: Floette|4/100\n|move|p1a: Floette|Dazzling Gleam|p2a: Tinkaton|[spread] p2a,p2b\n|-resisted|p2a: Tinkaton|1\n|-supereffective|p2b: Scrafty|2\n|-damage|p2a: Tinkaton|49/100\n|-damage|p2b: Scrafty|0 fnt\n|faint|p2b: Scrafty\n|move|p1b: Sinistcha|Matcha Gotcha|p2a: Tinkaton\n|-resisted|p2a: Tinkaton|1\n|-damage|p2a: Tinkaton|34/100\n|-status|p2a: Tinkaton|brn\n|\n|-damage|p2a: Tinkaton|28/100 brn|[from] brn\n|upkeep\n|turn|9\n|-message|Banana191817 forfeited.\n|raw|Meowraure's rating: 1265 &rarr; <strong>1282</strong><br />(+17 for winning)\n|raw|Banana191817's rating: 1151 &rarr; <strong>1134</strong><br />(-17 for losing)\n|\n|win|Meowraure\n","uploadtime":1788391169,"views":"1","formatid":"gen9championsvgc2026regmbbo3","rating":1134,"private":0,"password":null}