{"id":"gen9championsvgc2026regmbbo3-2673589696","format":"[Gen 9 Champions] VGC 2026 Reg M-B (Bo3)","players":["PeePeeSwagMan","MonkeyTimeMonke"],"log":"|j|☆PeePeeSwagMan\n|j|☆MonkeyTimeMonke\n|html|<table width=\"100%\"><tr><td align=\"left\">PeePeeSwagMan</td><td align=\"right\">MonkeyTimeMonke</tr><tr><td align=\"left\"><i class=\"fa fa-circle-o\"></i> <i class=\"fa fa-circle-o\"></i> </td><td align=\"right\"><i class=\"fa fa-circle-o\"></i> <i class=\"fa fa-circle\"></i> </tr></table>\n|uhtml|bestof|<h2><strong>Game 2</strong> of <a href=\"/game-bestof3-gen9championsvgc2026regmbbo3-2673587902\">a best-of-3</a></h2>\n|t:|1788217667\n|gametype|doubles\n|player|p1|PeePeeSwagMan|169|\n|player|p2|MonkeyTimeMonke|ghetsis|\n|gen|9\n|tier|[Gen 9 Champions] VGC 2026 Reg M-B (Bo3)\n|rule|Species Clause: Limit one of each Pokémon\n|rule|Item Clause: Limit 1 of each item\n|clearpoke\n|poke|p1|Primarina, L50, F|\n|poke|p1|Scrafty, L50, M|\n|poke|p1|Venusaur, L50, M|\n|poke|p1|Banette, L50, F|\n|poke|p1|Gallade, L50, M|\n|poke|p1|Floette-Eternal, L50, F|\n|poke|p2|Gengar, L50, F, shiny|\n|poke|p2|Incineroar, L50, M|\n|poke|p2|Starmie, L50|\n|poke|p2|Ninetales-Alola, L50, M|\n|poke|p2|Ampharos, L50, F|\n|poke|p2|Golurk, L50|\n|teampreview|4\n|showteam|p1|Primarina||LifeOrb|LiquidVoice|HyperVoice,Moonblast,ShadowBall,Protect|Modest||F|||50|]Scrafty||ExpertBelt|Intimidate|FoulPlay,CloseCombat,FakeOut,Protect|Adamant||M|||50|]Venusaur||Leftovers|Overgrow|GigaDrain,SludgeBomb,EarthPower,Protect|Bold||M|||50|]Banette||Banettite|CursedBody|WillOWisp,SuckerPunch,ShadowSneak,Taunt|Adamant||F|||50|]Gallade||KasibBerry|Sharpness|WideGuard,PsychoCut,Earthquake,AquaCutter|Adamant||M|||50|]Floette-Eternal||Floettite|FlowerVeil|CalmMind,DazzlingGleam,Moonblast,Protect|Timid||F|||50|\n|showteam|p2|Gengar||Gengarite|CursedBody|ShadowBall,PerishSong,Protect,SludgeBomb|Modest||F|||50|]Incineroar||FocusSash|Intimidate|FakeOut,PartingShot,IronHead,FlareBlitz|Adamant||M|||50|]Starmie||Starminite|Analytic|AquaJet,DoubleEdge,PsychoCut,Liquidation|Adamant|||||50|]Ninetales-Alola||LightClay|SnowWarning|AuroraVeil,Blizzard,Protect,DazzlingGleam|Timid||M|||50|]Ampharos||Ampharosite|Static|Thunderbolt,DazzlingGleam,VoltSwitch,CottonGuard|Modest||F|||50|]Golurk||ExpertBelt|IronFist|ThunderPunch,Poltergeist,HeadlongRush,FirePunch|Adamant|||||50|\n|j| xanian7\n|\n|t:|1788217689\n|teamsize|p1|4\n|teamsize|p2|4\n|start\n|switch|p1a: Floette|Floette-Eternal, L50, F|100/100\n|switch|p1b: Venusaur|Venusaur, L50, M|100/100\n|switch|p2a: pi kachu|Gengar, L50, F, shiny|100/100\n|switch|p2b: DeIphox|Incineroar, L50, M|100/100\n|-ability|p2b: DeIphox|Intimidate|boost\n|-unboost|p1a: Floette|atk|1\n|-block|p1b: Venusaur|ability: Flower Veil|[of] p1a: Floette\n|turn|1\n|j| KoopaPlays\n|\n|t:|1788217732\n|detailschange|p2a: pi kachu|Gengar-Mega, L50, F, shiny\n|-mega|p2a: pi kachu|Gengar|Gengarite\n|move|p1a: Floette|Protect|p1a: Floette\n|-singleturn|p1a: Floette|Protect\n|move|p2b: DeIphox|Fake Out|p1b: Venusaur\n|-damage|p1b: Venusaur|89/100\n|move|p2a: pi kachu|Sludge Bomb|p1a: Floette\n|-activate|p1a: Floette|move: Protect\n|cant|p1b: Venusaur|flinch\n|\n|-heal|p1b: Venusaur|95/100|[from] item: Leftovers\n|upkeep\n|turn|2\n|\n|t:|1788217767\n|detailschange|p1a: Floette|Floette-Mega, L50, F\n|-mega|p1a: Floette|Floette|Floettite\n|-ability|p1a: Floette|Fairy Aura\n|move|p2a: pi kachu|Sludge Bomb|p1a: Floette\n|-supereffective|p1a: Floette|1\n|-damage|p1a: Floette|0 fnt\n|faint|p1a: Floette\n|move|p1b: Venusaur|Earth Power|p2a: pi kachu\n|-supereffective|p2a: pi kachu|1\n|-damage|p2a: pi kachu|43/100\n|-unboost|p2a: pi kachu|spd|1\n|move|p2b: DeIphox|Flare Blitz|p1b: Venusaur\n|-supereffective|p1b: Venusaur|1\n|-crit|p1b: Venusaur\n|-damage|p1b: Venusaur|0 fnt\n|faint|p1b: Venusaur\n|-damage|p2b: DeIphox|70/100|[from] Recoil\n|\n|upkeep\n|\n|t:|1788217782\n|switch|p1a: Primarina|Primarina, L50, F|100/100\n|switch|p1b: Scrafty|Scrafty, L50, M|100/100\n|-ability|p1b: Scrafty|Intimidate|boost\n|-unboost|p2a: pi kachu|atk|1\n|-unboost|p2b: DeIphox|atk|1\n|turn|3\n|\n|t:|1788217803\n|move|p2a: pi kachu|Protect|p2a: pi kachu\n|-singleturn|p2a: pi kachu|Protect\n|move|p1a: Primarina|Protect|p1a: Primarina\n|-singleturn|p1a: Primarina|Protect\n|move|p1b: Scrafty|Foul Play|p2a: pi kachu\n|-activate|p2a: pi kachu|move: Protect\n|move|p2b: DeIphox|Parting Shot|p1a: Primarina\n|-activate|p1a: Primarina|move: Protect\n|\n|upkeep\n|turn|4\n|\n|t:|1788217831\n|move|p1a: Primarina|Protect|p1a: Primarina\n|-singleturn|p1a: Primarina|Protect\n|move|p2a: pi kachu|Sludge Bomb|p1a: Primarina\n|-activate|p1a: Primarina|move: Protect\n|move|p1b: Scrafty|Foul Play|p2a: pi kachu\n|-supereffective|p2a: pi kachu|1\n|-damage|p2a: pi kachu|0 fnt\n|faint|p2a: pi kachu\n|move|p2b: DeIphox|Parting Shot|p1b: Scrafty\n|-unboost|p1b: Scrafty|atk|1\n|-unboost|p1b: Scrafty|spa|1\n|\n|t:|1788217846\n|switch|p2b: Ampharos|Ampharos, L50, F|100/100|[from] Parting Shot\n|\n|upkeep\n|\n|t:|1788217849\n|switch|p2a: DeIphox|Incineroar, L50, M|70/100\n|-ability|p2a: DeIphox|Intimidate|boost\n|-unboost|p1a: Primarina|atk|1\n|-unboost|p1b: Scrafty|atk|1\n|turn|5\n|\n|t:|1788217879\n|move|p2a: DeIphox|Fake Out|p1a: Primarina\n|-crit|p1a: Primarina\n|-damage|p1a: Primarina|71/100\n|cant|p1a: Primarina|flinch\n|move|p1b: Scrafty|Close Combat|p2a: DeIphox\n|-supereffective|p2a: DeIphox|1\n|-crit|p2a: DeIphox\n|-damage|p2a: DeIphox|0 fnt\n|-unboost|p1b: Scrafty|def|1\n|-unboost|p1b: Scrafty|spd|1\n|faint|p2a: DeIphox\n|move|p2b: Ampharos|Dazzling Gleam|p1a: Primarina|[spread] p1a,p1b\n|-crit|p1a: Primarina\n|-supereffective|p1b: Scrafty|2\n|-damage|p1a: Primarina|36/100\n|-damage|p1b: Scrafty|0 fnt\n|faint|p1b: Scrafty\n|\n|upkeep\n|\n|t:|1788217890\n|switch|p2a: Golurk|Golurk, L50|100/100\n|turn|6\n|\n|t:|1788217913\n|move|p1a: Primarina|Hyper Voice|p2b: Ampharos|[spread] p2a,p2b\n|-supereffective|p2a: Golurk|1\n|-damage|p2a: Golurk|0 fnt\n|-damage|p2b: Ampharos|53/100\n|faint|p2a: Golurk\n|-damage|p1a: Primarina|26/100|[from] item: Life Orb\n|move|p2b: Ampharos|Thunderbolt|p1a: Primarina\n|-supereffective|p1a: Primarina|1\n|-damage|p1a: Primarina|0 fnt\n|faint|p1a: Primarina\n|\n|win|MonkeyTimeMonke\n","uploadtime":1788217956,"views":"20","formatid":"gen9championsvgc2026regmbbo3","rating":null,"private":0,"password":null}