{"id":"gen9championsvgc2026regmbbo3-2674927703","format":"[Gen 9 Champions] VGC 2026 Reg M-B (Bo3)","players":["PolpettaVGC","greenlightdmp"],"log":"|j|☆PolpettaVGC\n|j|☆greenlightdmp\n|html|<table width=\"100%\"><tr><td align=\"left\">PolpettaVGC</td><td align=\"right\">greenlightdmp</tr><tr><td align=\"left\"><i class=\"fa fa-circle-o\"></i> <i class=\"fa fa-circle-o\"></i> </td><td align=\"right\"><i class=\"fa fa-circle-o\"></i> <i class=\"fa fa-circle\"></i> </tr></table>\n|uhtml|bestof|<h2><strong>Game 2</strong> of <a href=\"/game-bestof3-gen9championsvgc2026regmbbo3-2674925744\">a best-of-3</a></h2>\n|t:|1788437365\n|gametype|doubles\n|player|p1|PolpettaVGC|pokekid|1192\n|player|p2|greenlightdmp|101|1174\n|gen|9\n|tier|[Gen 9 Champions] VGC 2026 Reg M-B (Bo3)\n|rated|\n|rule|Species Clause: Limit one of each Pokémon\n|rule|Item Clause: Limit 1 of each item\n|clearpoke\n|poke|p1|Incineroar, L50, M|\n|poke|p1|Samurott-Hisui, L50, F|\n|poke|p1|Sinistcha, L50|\n|poke|p1|Sneasler, L50, M|\n|poke|p1|Floette-Eternal, L50, F|\n|poke|p1|Delphox, L50, F|\n|poke|p2|Floette-Eternal, L50, F|\n|poke|p2|Grimmsnarl, L50, M|\n|poke|p2|Archaludon, L50, F|\n|poke|p2|Politoed, L50, F|\n|poke|p2|Swampert, L50, F|\n|poke|p2|Vivillon, L50, M|\n|teampreview|4\n|showteam|p1|Incineroar||SitrusBerry|Intimidate|FakeOut,FlareBlitz,DarkestLariat,PartingShot|Careful||M|||50|]Samurott-Hisui||ChoiceScarf|Sharpness|RazorShell,NightSlash,SacredSword,FlipTurn|Jolly||F|||50|]Sinistcha||OccaBerry|Hospitality|MatchaGotcha,LifeDew,RagePowder,Protect|Relaxed|||||50|]Sneasler||FocusSash|PoisonTouch|FakeOut,CloseCombat,PoisonJab,RockSlide|Jolly||M|||50|]Floette-Eternal||Floettite|FlowerVeil|Moonblast,DazzlingGleam,CalmMind,Protect|Modest||F|||50|]Delphox||Delphoxite|Blaze|Psychic,HeatWave,NastyPlot,Protect|Timid||F|||50|\n|showteam|p2|Floette-Eternal||Floettite|FlowerVeil|Protect,Moonblast,LightofRuin,DazzlingGleam|Modest||F|||50|]Grimmsnarl||LightClay|Prankster|Reflect,SpiritBreak,PartingShot,LightScreen|Sassy||M|||50|]Archaludon||Leftovers|Stamina|Protect,ElectroShot,DragonPulse,FlashCannon|Calm||F|||50|]Politoed||SitrusBerry|Drizzle|Protect,PerishSong,WeatherBall,HelpingHand|Sassy||F|||50|]Swampert||Swampertite|Torrent|Protect,IcePunch,Earthquake,WaveCrash|Adamant||F|||50|]Vivillon||FocusSash|CompoundEyes|Protect,Hurricane,RagePowder,SleepPowder|Timid||M|||50|\n|inactive|Battle timer is ON: inactive players will automatically lose when time's up. (requested by PolpettaVGC)\n|inactive|PolpettaVGC has 60 seconds left.\n|\n|t:|1788437398\n|teamsize|p1|4\n|teamsize|p2|4\n|start\n|switch|p1a: Floette|Floette-Eternal, L50, F|100/100\n|switch|p1b: Incineroar|Incineroar, L50, M|100/100\n|switch|p2a: Vivillon|Vivillon, L50, M|100/100\n|switch|p2b: Swampert|Swampert, L50, F|100/100\n|-ability|p1b: Incineroar|Intimidate|boost\n|-unboost|p2a: Vivillon|atk|1\n|-unboost|p2b: Swampert|atk|1\n|turn|1\n|\n|t:|1788437423\n|detailschange|p1a: Floette|Floette-Mega, L50, F\n|-mega|p1a: Floette|Floette|Floettite\n|-ability|p1a: Floette|Fairy Aura\n|detailschange|p2b: Swampert|Swampert-Mega, L50, F\n|-mega|p2b: Swampert|Swampert|Swampertite\n|move|p1b: Incineroar|Fake Out|p2a: Vivillon\n|-damage|p2a: Vivillon|82/100\n|cant|p2a: Vivillon|flinch\n|move|p1a: Floette|Dazzling Gleam|p2a: Vivillon|[spread] p2a,p2b\n|-damage|p2a: Vivillon|6/100\n|-damage|p2b: Swampert|57/100\n|move|p2b: Swampert|Wave Crash|p1a: Floette\n|-damage|p1a: Floette|51/100\n|-damage|p2b: Swampert|42/100|[from] Recoil\n|\n|upkeep\n|turn|2\n|inactive|PolpettaVGC has 30 seconds left.\n|\n|t:|1788437450\n|move|p1a: Floette|Protect|p1a: Floette\n|-singleturn|p1a: Floette|Protect\n|move|p2b: Swampert|Protect|p2b: Swampert\n|-singleturn|p2b: Swampert|Protect\n|move|p2a: Vivillon|Sleep Powder|p1b: Incineroar\n|-status|p1b: Incineroar|slp|[from] move: Sleep Powder\n|cant|p1b: Incineroar|slp\n|\n|upkeep\n|turn|3\n|\n|t:|1788437473\n|switch|p1b: Sinistcha|Sinistcha, L50|100/100\n|-heal|p1a: Floette|76/100|[from] ability: Hospitality|[of] p1b: Sinistcha\n|move|p2a: Vivillon|Sleep Powder|p1a: Floette\n|-status|p1a: Floette|slp|[from] move: Sleep Powder\n|cant|p1a: Floette|slp\n|move|p2b: Swampert|Wave Crash|p1a: Floette\n|-damage|p1a: Floette|23/100 slp\n|-damage|p2b: Swampert|25/100|[from] Recoil\n|\n|upkeep\n|turn|4\n|\n|t:|1788437496\n|move|p1b: Sinistcha|Rage Powder|p1b: Sinistcha\n|-singleturn|p1b: Sinistcha|move: Rage Powder\n|move|p2a: Vivillon|Hurricane|p1b: Sinistcha\n|-supereffective|p1b: Sinistcha|1\n|-damage|p1b: Sinistcha|24/100\n|-curestatus|p1a: Floette|slp|[msg]\n|move|p1a: Floette|Dazzling Gleam|p2b: Swampert|[spread] p2a,p2b\n|-damage|p2a: Vivillon|0 fnt\n|-damage|p2b: Swampert|0 fnt\n|faint|p2a: Vivillon\n|faint|p2b: Swampert\n|\n|upkeep\n|\n|t:|1788437505\n|switch|p2a: Archaludon|Archaludon, L50, F|100/100\n|switch|p2b: Politoed|Politoed, L50, F|100/100\n|-weather|RainDance|[from] ability: Drizzle|[of] p2b: Politoed\n|turn|5\n|\n|t:|1788437524\n|switch|p1b: Incineroar|Incineroar, L50, M|100/100 slp\n|-ability|p1b: Incineroar|Intimidate|boost\n|-unboost|p2a: Archaludon|atk|1\n|-unboost|p2b: Politoed|atk|1\n|move|p1a: Floette|Protect|p1a: Floette\n|-singleturn|p1a: Floette|Protect\n|move|p2a: Archaludon|Electro Shot||[still]\n|-prepare|p2a: Archaludon|Electro Shot\n|-boost|p2a: Archaludon|spa|1\n|-anim|p2a: Archaludon|Electro Shot|p1a: Floette\n|-activate|p1a: Floette|move: Protect\n|move|p2b: Politoed|Weather Ball|p1a: Floette\n|-activate|p1a: Floette|move: Protect\n|\n|-weather|RainDance|[upkeep]\n|upkeep\n|turn|6\n|inactive|PolpettaVGC has 30 seconds left.\n|\n|t:|1788437552\n|switch|p1b: Sinistcha|Sinistcha, L50|24/100\n|-heal|p1a: Floette|48/100|[from] ability: Hospitality|[of] p1b: Sinistcha\n|move|p1a: Floette|Dazzling Gleam|p2b: Politoed|[spread] p2a,p2b\n|-damage|p2a: Archaludon|61/100\n|-damage|p2b: Politoed|64/100\n|-ability|p2a: Archaludon|Stamina|boost\n|-boost|p2a: Archaludon|def|1\n|move|p2a: Archaludon|Flash Cannon|p1a: Floette\n|-supereffective|p1a: Floette|1\n|-damage|p1a: Floette|0 fnt\n|faint|p1a: Floette\n|move|p2b: Politoed|Weather Ball|p1b: Sinistcha\n|-resisted|p1b: Sinistcha|1\n|-damage|p1b: Sinistcha|0 fnt\n|faint|p1b: Sinistcha\n|\n|-weather|RainDance|[upkeep]\n|-heal|p2a: Archaludon|67/100|[from] item: Leftovers\n|upkeep\n|\n|t:|1788437571\n|switch|p1a: Sneasler|Sneasler, L50, M|100/100\n|switch|p1b: Incineroar|Incineroar, L50, M|100/100 slp\n|-ability|p1b: Incineroar|Intimidate|boost\n|-unboost|p2a: Archaludon|atk|1\n|-unboost|p2b: Politoed|atk|1\n|turn|7\n|\n|t:|1788437587\n|-curestatus|p1b: Incineroar|slp|[msg]\n|move|p1b: Incineroar|Fake Out|p2b: Politoed\n|-damage|p2b: Politoed|53/100\n|move|p1a: Sneasler|Poison Jab|p2b: Politoed\n|-damage|p2b: Politoed|15/100\n|-status|p2b: Politoed|psn|[from] ability: Poison Touch|[of] p1a: Sneasler\n|-enditem|p2b: Politoed|Sitrus Berry|[eat]\n|-heal|p2b: Politoed|40/100 psn|[from] item: Sitrus Berry\n|move|p2a: Archaludon|Electro Shot||[still]\n|-prepare|p2a: Archaludon|Electro Shot\n|-boost|p2a: Archaludon|spa|1\n|-anim|p2a: Archaludon|Electro Shot|p1a: Sneasler\n|-damage|p1a: Sneasler|7/100\n|cant|p2b: Politoed|flinch\n|\n|-weather|RainDance|[upkeep]\n|-heal|p2a: Archaludon|73/100|[from] item: Leftovers\n|-damage|p2b: Politoed|27/100 psn|[from] psn\n|upkeep\n|turn|8\n|inactive|PolpettaVGC has 30 seconds left.\n|inactive|greenlightdmp has 30 seconds left.\n|\n|t:|1788437619\n|move|p2a: Archaludon|Protect|p2a: Archaludon\n|-singleturn|p2a: Archaludon|Protect\n|move|p1a: Sneasler|Close Combat|p2a: Archaludon\n|-activate|p2a: Archaludon|move: Protect\n|move|p2b: Politoed|Weather Ball|p1a: Sneasler\n|-damage|p1a: Sneasler|0 fnt\n|faint|p1a: Sneasler\n|move|p1b: Incineroar|Darkest Lariat|p2b: Politoed\n|-damage|p2b: Politoed|0 fnt\n|faint|p2b: Politoed\n|\n|-weather|RainDance|[upkeep]\n|-heal|p2a: Archaludon|79/100|[from] item: Leftovers\n|upkeep\n|turn|9\n|-message|PolpettaVGC forfeited.\n|\n|win|greenlightdmp\n|raw|PolpettaVGC's rating: 1192 &rarr; <strong>1166</strong><br />(-26 for losing)\n|raw|greenlightdmp's rating: 1174 &rarr; <strong>1200</strong><br />(+26 for winning)\n|c|☆PolpettaVGC|Ggs\n|c|☆greenlightdmp|Gg\n|l|☆PolpettaVGC\n|player|p1|\n|l|☆greenlightdmp\n|player|p2|\n|j|☆greenlightdmp\n|player|p2|greenlightdmp|101|\n","uploadtime":1788437670,"views":"8","formatid":"gen9championsvgc2026regmbbo3","rating":1166,"private":0,"password":null}