{"id":"gen9championsvgc2026regmb-2673925932","format":"[Gen 9 Champions] VGC 2026 Reg M-B","players":["datrash","practor 007"],"log":"|j|☆datrash\n|j|☆practor 007\n|html|<table width=\"100%\"><tr><td align=\"left\">datrash</td><td align=\"right\">practor 007</tr><tr><td align=\"left\"><i class=\"fa fa-circle\"></i> <i class=\"fa fa-circle-o\"></i> </td><td align=\"right\"><i class=\"fa fa-circle-o\"></i> <i class=\"fa fa-circle\"></i> </tr></table>\n|uhtml|bestof|<h2><strong>Game 3</strong> of <a href=\"/game-bestof3-gen9championsvgc2026regmb-2673921475\">a best-of-3</a></h2>\n|t:|1788277921\n|gametype|doubles\n|player|p1|datrash|nate|\n|player|p2|practor 007|piers-masters|\n|gen|9\n|tier|[Gen 9 Champions] VGC 2026 Reg M-B\n|rule|Species Clause: Limit one of each Pokémon\n|rule|Item Clause: Limit 1 of each item\n|raw|<div class=\"infobox\"><details class=\"readmore\" open><summary><strong>1 custom rule:</strong></summary> Best of = 3</details></div>\n|clearpoke\n|poke|p1|Swampert, L50, F, shiny|\n|poke|p1|Pelipper, L50, F, shiny|\n|poke|p1|Archaludon, L50, F, shiny|\n|poke|p1|Metagross, L50, shiny|\n|poke|p1|Sableye, L50, F, shiny|\n|poke|p1|Basculegion, L50, M, shiny|\n|poke|p2|Conkeldurr, L50, M|\n|poke|p2|Hatterene, L50, F|\n|poke|p2|Ampharos, L50, M, shiny|\n|poke|p2|Incineroar, L50, M|\n|poke|p2|Torkoal, L50, F|\n|poke|p2|Skarmory, L50, M|\n|teampreview|4\n|inactive|Battle timer is ON: inactive players will automatically lose when time's up. (requested by practor 007)\n|c|☆datrash|glhf\ndatrash rejected open team sheets.\n|\n|t:|1788277946\n|teamsize|p1|4\n|teamsize|p2|4\n|start\n|switch|p1a: Sableye|Sableye, L50, F, shiny|100/100\n|switch|p1b: Swampert|Swampert, L50, F, shiny|100/100\n|switch|p2a: Torkoal|Torkoal, L50, F|100/100\n|switch|p2b: Hatterene|Hatterene, L50, F|100/100\n|-weather|SunnyDay|[from] ability: Drought|[of] p2a: Torkoal\n|turn|1\n|\n|t:|1788277960\n|detailschange|p1b: Swampert|Swampert-Mega, L50, F, shiny\n|-mega|p1b: Swampert|Swampert|Swampertite\n|move|p1a: Sableye|Rain Dance|p1a: Sableye\n|-weather|RainDance\n|move|p1b: Swampert|Wave Crash|p2b: Hatterene\n|-enditem|p2b: Hatterene|Focus Sash\n|-damage|p2b: Hatterene|1/100\n|-damage|p1b: Swampert|69/100|[from] Recoil\n|move|p2a: Torkoal|Solar Beam||[still]\n|-prepare|p2a: Torkoal|Solar Beam\n|move|p2b: Hatterene|Trick Room|p2b: Hatterene\n|-fieldstart|move: Trick Room|[of] p2b: Hatterene\n|\n|-weather|RainDance|[upkeep]\n|upkeep\n|turn|2\n|inactive|practor 007 has 30 seconds left.\n|\n|t:|1788277988\n|switch|p2b: Ampharos|Ampharos, L50, M, shiny|100/100\n|switch|p1b: Pelipper|Pelipper, L50, F, shiny|100/100\n|move|p2a: Torkoal|Solar Beam|p1b: Pelipper|[from] lockedmove\n|-damage|p1b: Pelipper|71/100\n|move|p1a: Sableye|Knock Off|p2b: Ampharos\n|-damage|p2b: Ampharos|82/100\n|\n|-weather|RainDance|[upkeep]\n|upkeep\n|turn|3\n|inactive|datrash has 30 seconds left.\n|inactive|datrash has 20 seconds left.\n|inactive|datrash has 15 seconds left.\n|inactive|datrash has 10 seconds left.\n|inactive|practor 007 has 30 seconds left.\n|\n|t:|1788278035\n|switch|p2a: Conkeldurr|Conkeldurr, L50, M|100/100\n|switch|p1a: Swampert|Swampert-Mega, L50, F, shiny|69/100\n|detailschange|p2b: Ampharos|Ampharos-Mega, L50, M, shiny\n|-mega|p2b: Ampharos|Ampharos|Ampharosite\n|-ability|p2b: Ampharos|Mold Breaker\n|move|p1b: Pelipper|Wide Guard|p1b: Pelipper\n|-singleturn|p1b: Pelipper|Wide Guard\n|move|p2b: Ampharos|Dazzling Gleam|p1b: Pelipper|[spread] \n|-activate|p1a: Swampert|move: Wide Guard\n|-activate|p1b: Pelipper|move: Wide Guard\n|\n|-weather|RainDance|[upkeep]\n|upkeep\n|turn|4\n|inactive|datrash has 30 seconds left.\n|\n|t:|1788278066\n|move|p1b: Pelipper|Wide Guard|p1b: Pelipper\n|-singleturn|p1b: Pelipper|Wide Guard\n|move|p2b: Ampharos|Volt Switch|p1b: Pelipper\n|-supereffective|p1b: Pelipper|2\n|-damage|p1b: Pelipper|0 fnt\n|faint|p1b: Pelipper\n|\n|t:|1788278074\n|switch|p2b: Torkoal|Torkoal, L50, F|100/100|[from] Volt Switch\n|-weather|SunnyDay|[from] ability: Drought|[of] p2b: Torkoal\n|move|p2a: Conkeldurr|Drain Punch|p1a: Swampert\n|-damage|p1a: Swampert|1/100\n|-damage|p2a: Conkeldurr|90/100|[from] item: Life Orb\n|move|p1a: Swampert|Wave Crash|p2a: Conkeldurr\n|-damage|p2a: Conkeldurr|59/100\n|-damage|p1a: Swampert|0 fnt|[from] Recoil\n|faint|p1a: Swampert\n|\n|-weather|SunnyDay|[upkeep]\n|upkeep\n|\n|t:|1788278084\n|switch|p1b: Archaludon|Archaludon, L50, F, shiny|100/100\n|switch|p1a: Sableye|Sableye, L50, F, shiny|100/100\n|turn|5\n|\n|t:|1788278094\n|move|p2b: Torkoal|Protect|p2b: Torkoal\n|-singleturn|p2b: Torkoal|Protect\n|move|p1b: Archaludon|Protect|p1b: Archaludon\n|-singleturn|p1b: Archaludon|Protect\n|move|p1a: Sableye|Fake Out|p2b: Torkoal\n|-activate|p2b: Torkoal|move: Protect\n|move|p2a: Conkeldurr|Drain Punch|p1b: Archaludon\n|-activate|p1b: Archaludon|move: Protect\n|\n|-weather|SunnyDay|[upkeep]\n|-fieldend|move: Trick Room\n|upkeep\n|turn|6\n|\n|t:|1788278111\n|move|p1a: Sableye|Rain Dance|p1a: Sableye\n|-weather|RainDance\n|move|p1b: Archaludon|Electro Shot||[still]\n|-prepare|p1b: Archaludon|Electro Shot\n|-boost|p1b: Archaludon|spa|1\n|-anim|p1b: Archaludon|Electro Shot|p2b: Torkoal\n|-damage|p2b: Torkoal|18/100\n|move|p2a: Conkeldurr|Drain Punch|p1b: Archaludon\n|-supereffective|p1b: Archaludon|1\n|-damage|p1b: Archaludon|0 fnt\n|-heal|p2a: Conkeldurr|100/100|[from] drain|[of] p1b: Archaludon\n|faint|p1b: Archaludon\n|-damage|p2a: Conkeldurr|90/100|[from] item: Life Orb\n|move|p2b: Torkoal|Eruption|p1a: Sableye\n|-damage|p1a: Sableye|92/100\n|\n|-weather|RainDance|[upkeep]\n|upkeep\n|turn|7\n|\n|t:|1788278128\n|move|p1a: Sableye|Knock Off|p2b: Torkoal\n|-damage|p2b: Torkoal|0 fnt\n|-enditem|p2b: Torkoal|Charcoal|[from] move: Knock Off|[of] p1a: Sableye\n|faint|p2b: Torkoal\n|move|p2a: Conkeldurr|Knock Off|p1a: Sableye\n|-damage|p1a: Sableye|25/100\n|-enditem|p1a: Sableye|Roseli Berry|[from] move: Knock Off|[of] p2a: Conkeldurr\n|-damage|p2a: Conkeldurr|80/100|[from] item: Life Orb\n|\n|-weather|RainDance|[upkeep]\n|upkeep\n|\n|t:|1788278131\n|switch|p2b: Hatterene|Hatterene, L50, F|1/100\n|turn|8\n|\n|t:|1788278138\n|move|p1a: Sableye|Knock Off|p2b: Hatterene\n|-damage|p2b: Hatterene|0 fnt\n|faint|p2b: Hatterene\n|move|p2a: Conkeldurr|Knock Off|p1a: Sableye\n|-damage|p1a: Sableye|0 fnt\n|faint|p1a: Sableye\n|-damage|p2a: Conkeldurr|70/100|[from] item: Life Orb\n|\n|win|practor 007\n|c|☆datrash|gg\n|c|☆practor 007|Gg\n|l|☆datrash\n|player|p1|\n","uploadtime":1788278150,"views":"23","formatid":"gen9championsvgc2026regmb","rating":null,"private":0,"password":null}