{"id":"gen9championsvgc2026regmbbo3-2673586102","format":"[Gen 9 Champions] VGC 2026 Reg M-B (Bo3)","players":["rojasus","slipperyegg"],"log":"|j|☆rojasus\n|j|☆slipperyegg\n|html|<table width=\"100%\"><tr><td align=\"left\">rojasus</td><td align=\"right\">slipperyegg</tr><tr><td align=\"left\"><i class=\"fa fa-circle-o\"></i> <i class=\"fa fa-circle-o\"></i> </td><td align=\"right\"><i class=\"fa fa-circle-o\"></i> <i class=\"fa fa-circle-o\"></i> </tr></table>\n|uhtml|bestof|<h2><strong>Game 1</strong> of <a href=\"/game-bestof3-gen9championsvgc2026regmbbo3-2673586101\">a best-of-3</a></h2>\n|t:|1788217111\n|gametype|doubles\n|player|p1|rojasus|ingo|1105\n|player|p2|slipperyegg|silver|1076\n|gen|9\n|tier|[Gen 9 Champions] VGC 2026 Reg M-B (Bo3)\n|rated|\n|rule|Species Clause: Limit one of each Pokémon\n|rule|Item Clause: Limit 1 of each item\n|clearpoke\n|poke|p1|Swampert, L50, M|\n|poke|p1|Pelipper, L50, F|\n|poke|p1|Archaludon, L50, F|\n|poke|p1|Grimmsnarl, L50, M|\n|poke|p1|Charizard, L50, F|\n|poke|p1|Venusaur, L50, M|\n|poke|p2|Steelix, L50, M, shiny|\n|poke|p2|Tyranitar, L50, M|\n|poke|p2|Zoroark-Hisui, L50, F|\n|poke|p2|Sinistcha-Masterpiece, L50|\n|poke|p2|Emboar, L50, F, shiny|\n|poke|p2|Pikachu, L50, M, shiny|\n|teampreview|4\n|showteam|p1|Swampert||Swampertite|Torrent|WaveCrash,Earthquake,IcePunch,Protect|Adamant||M|||50|]Pelipper||SitrusBerry|Drizzle|WeatherBall,Hurricane,Tailwind,WideGuard|Bold||F|||50|]Archaludon||Leftovers|Stamina|ElectroShot,DragonPulse,FlashCannon,Protect|Calm||F|||50|]Grimmsnarl||LightClay|Prankster|LightScreen,Reflect,PartingShot,SpiritBreak|Careful||M|||50|]Charizard||CharizarditeY|Blaze|WeatherBall,HeatWave,Hurricane,Protect|Modest||F|||50|]Venusaur||FocusSash|Chlorophyll|LeafStorm,SleepPowder,SludgeBomb,Protect|Modest||M|||50|\n|showteam|p2|Steelix||Steelixite|RockHead|Crunch,HeavySlam,HighHorsepower,Protect|Adamant||M|||50|]Tyranitar||ChopleBerry|SandStream|RockSlide,Crunch,Protect,DragonDance|Adamant||M|||50|]Zoroark-Hisui||FocusSash|Illusion|HyperVoice,Snarl,ShadowBall,Psychic|Modest||F|||50|]Sinistcha-Masterpiece||Leftovers|Hospitality|MatchaGotcha,ShadowBall,TrickRoom,StrengthSap|Modest|||||50|]Emboar||Emboarite|Reckless|FlareBlitz,CloseCombat,BulkUp,WildCharge|Adamant||F|||50|]Pikachu||LightBall|LightningRod|FakeOut,VoltTackle,Nuzzle,LightScreen|Adamant||M|||50|\n|inactive|Battle timer is ON: inactive players will automatically lose when time's up. (requested by rojasus)\n|\n|t:|1788217141\n|teamsize|p1|4\n|teamsize|p2|4\n|start\n|switch|p1a: Grimmsnarl|Grimmsnarl, L50, M|100/100\n|switch|p1b: Archaludon|Archaludon, L50, F|100/100\n|switch|p2a: Emboar|Emboar, L50, F, shiny|100/100\n|switch|p2b: Pikachu|Pikachu, L50, M, shiny|100/100\n|turn|1\n|inactive|slipperyegg has 30 seconds left.\n|\n|t:|1788217169\n|move|p1b: Archaludon|Protect|p1b: Archaludon\n|-singleturn|p1b: Archaludon|Protect\n|move|p2b: Pikachu|Fake Out|p1a: Grimmsnarl\n|-damage|p1a: Grimmsnarl|82/100\n|cant|p1a: Grimmsnarl|flinch\n|move|p2a: Emboar|Close Combat|p1a: Grimmsnarl\n|-damage|p1a: Grimmsnarl|16/100\n|-unboost|p2a: Emboar|def|1\n|-unboost|p2a: Emboar|spd|1\n|\n|upkeep\n|turn|2\n|inactive|rojasus has 30 seconds left.\n|c|☆slipperyegg|i messed up there\n|c|☆slipperyegg|tragic\n|inactive|rojasus has 20 seconds left.\n|inactive|rojasus has 15 seconds left.\n|inactive|rojasus has 10 seconds left.\n|\n|t:|1788217214\n|move|p1a: Grimmsnarl|Parting Shot|p2b: Pikachu\n|-unboost|p2b: Pikachu|atk|1\n|-unboost|p2b: Pikachu|spa|1\n|\n|t:|1788217218\n|switch|p1a: Pelipper|Pelipper, L50, F|100/100|[from] Parting Shot\n|-weather|RainDance|[from] ability: Drizzle|[of] p1a: Pelipper\n|move|p2b: Pikachu|Volt Tackle|p1a: Pelipper\n|-supereffective|p1a: Pelipper|2\n|-damage|p1a: Pelipper|0 fnt\n|faint|p1a: Pelipper\n|-damage|p2b: Pikachu|55/100|[from] Recoil\n|move|p1b: Archaludon|Dragon Pulse|p2a: Emboar\n|-damage|p2a: Emboar|17/100\n|move|p2a: Emboar|Bulk Up|p2a: Emboar\n|-boost|p2a: Emboar|atk|1\n|-boost|p2a: Emboar|def|1\n|\n|-weather|RainDance|[upkeep]\n|upkeep\n|\n|t:|1788217240\n|switch|p1a: Swampert|Swampert, L50, M|100/100\n|turn|3\n|\n|t:|1788217250\n|detailschange|p1a: Swampert|Swampert-Mega, L50, M\n|-mega|p1a: Swampert|Swampert|Swampertite\n|move|p1b: Archaludon|Protect|p1b: Archaludon\n|-singleturn|p1b: Archaludon|Protect\n|move|p1a: Swampert|Earthquake|p2a: Emboar|[spread] p2a,p2b\n|-activate|p1b: Archaludon|move: Protect\n|-supereffective|p2a: Emboar|1\n|-supereffective|p2b: Pikachu|1\n|-damage|p2a: Emboar|0 fnt\n|-damage|p2b: Pikachu|0 fnt\n|faint|p2a: Emboar\n|faint|p2b: Pikachu\n|\n|-weather|RainDance|[upkeep]\n|upkeep\n|\n|t:|1788217260\n|switch|p2b: Steelix|Steelix, L50, M, shiny|100/100\n|switch|p2a: Tyranitar|Tyranitar, L50, M|100/100\n|-weather|Sandstorm|[from] ability: Sand Stream|[of] p2a: Tyranitar\n|turn|4\n|\n|t:|1788217279\n|switch|p1a: Grimmsnarl|Grimmsnarl, L50, M|16/100\n|detailschange|p2b: Steelix|Steelix-Mega, L50, M, shiny\n|-mega|p2b: Steelix|Steelix|Steelixite\n|move|p2a: Tyranitar|Dragon Dance|p2a: Tyranitar\n|-boost|p2a: Tyranitar|atk|1\n|-boost|p2a: Tyranitar|spe|1\n|move|p1b: Archaludon|Flash Cannon|p2a: Tyranitar\n|-supereffective|p2a: Tyranitar|1\n|-damage|p2a: Tyranitar|45/100\n|move|p2b: Steelix|High Horsepower|p1a: Grimmsnarl\n|-crit|p1a: Grimmsnarl\n|-damage|p1a: Grimmsnarl|0 fnt\n|faint|p1a: Grimmsnarl\n|\n|-weather|Sandstorm|[upkeep]\n|upkeep\n|\n|t:|1788217290\n|switch|p1a: Swampert|Swampert-Mega, L50, M|100/100\n|turn|5\n|\n|t:|1788217297\n|move|p1b: Archaludon|Protect|p1b: Archaludon\n|-singleturn|p1b: Archaludon|Protect\n|move|p2a: Tyranitar|Rock Slide|p1a: Swampert|[spread] p1a\n|-activate|p1b: Archaludon|move: Protect\n|-resisted|p1a: Swampert|1\n|-damage|p1a: Swampert|76/100\n|move|p1a: Swampert|Earthquake|p2b: Steelix|[spread] p2a,p2b\n|-activate|p1b: Archaludon|move: Protect\n|-supereffective|p2a: Tyranitar|1\n|-supereffective|p2b: Steelix|1\n|-damage|p2a: Tyranitar|0 fnt\n|-damage|p2b: Steelix|47/100\n|faint|p2a: Tyranitar\n|move|p2b: Steelix|High Horsepower|p1b: Archaludon\n|-activate|p1b: Archaludon|move: Protect\n|\n|-weather|Sandstorm|[upkeep]\n|upkeep\n|turn|6\n|\n|t:|1788217318\n|move|p1b: Archaludon|Flash Cannon|p2b: Steelix\n|-resisted|p2b: Steelix|1\n|-damage|p2b: Steelix|28/100\n|move|p1a: Swampert|Wave Crash|p2b: Steelix\n|-supereffective|p2b: Steelix|1\n|-damage|p2b: Steelix|0 fnt\n|faint|p2b: Steelix\n|-damage|p1a: Swampert|68/100|[from] Recoil\n|\n|win|rojasus\n","uploadtime":1788217326,"views":"5","formatid":"gen9championsvgc2026regmbbo3","rating":null,"private":0,"password":null}