{"id":"gen9championsvgc2026regmb-2673974667","format":"[Gen 9 Champions] VGC 2026 Reg M-B","players":["gemifi996644","Nayumi_VT"],"log":"|j|☆gemifi996644\n|j|☆Nayumi_VT\n|t:|1788283720\n|gametype|doubles\n|player|p1|gemifi996644|2|1322\n|player|p2|Nayumi_VT|dahlia|1231\n|gen|9\n|tier|[Gen 9 Champions] VGC 2026 Reg M-B\n|rated|\n|rule|Species Clause: Limit one of each Pokémon\n|rule|Item Clause: Limit 1 of each item\n|clearpoke\n|poke|p1|Gardevoir, L50, M|\n|poke|p1|Sinistcha, L50|\n|poke|p1|Incineroar, L50, F|\n|poke|p1|Tyranitar, L50, M|\n|poke|p1|Basculegion, L50, M|\n|poke|p1|Kingambit, L50, F|\n|poke|p2|Overqwil, L50, F, shiny|\n|poke|p2|Sneasler, L50, F, shiny|\n|poke|p2|Meowstic, L50, M, shiny|\n|poke|p2|Klefki, L50, F, shiny|\n|poke|p2|Delphox, L50, M, shiny|\n|poke|p2|Pikachu, L50, M|\n|teampreview|4\ngemifi996644 has agreed to open team sheets.\n|\n|t:|1788283767\n|teamsize|p1|4\n|teamsize|p2|4\n|start\n|switch|p1a: Gardevoir|Gardevoir, L50, M|100/100\n|switch|p1b: Sinistcha|Sinistcha, L50|100/100\n|switch|p2a: Golden Shower|Meowstic, L50, M, shiny|100/100\n|switch|p2b: Fisteur Fou|Overqwil, L50, F, shiny|100/100\n|-ability|p2b: Fisteur Fou|Intimidate|boost\n|-unboost|p1a: Gardevoir|atk|1\n|-unboost|p1b: Sinistcha|atk|1\n|turn|1\n|c|☆gemifi996644|light ball pikachu?\n|\n|t:|1788283795\n|switch|p1a: Tyranitar|Tyranitar, L50, M|100/100\n|-weather|Sandstorm|[from] ability: Sand Stream|[of] p1a: Tyranitar\n|move|p2a: Golden Shower|Skill Swap|p2b: Fisteur Fou\n|-activate|p2a: Golden Shower|Skill Swap|||[of] p2b: Fisteur Fou\n|-hint|Skill Swap does not announce the abilities of the Pokémon when used between allies.\n|-ability|p2a: Golden Shower|Intimidate|boost\n|-unboost|p1a: Tyranitar|atk|1\n|-unboost|p1b: Sinistcha|atk|1\n|move|p2b: Fisteur Fou|Minimize|p2b: Fisteur Fou\n|-boost|p2b: Fisteur Fou|evasion|2\n|move|p1b: Sinistcha|Matcha Gotcha|p2b: Fisteur Fou|[spread] p2a\n|-miss|p1b: Sinistcha|p2b: Fisteur Fou\n|-damage|p2a: Golden Shower|76/100\n|\n|-weather|Sandstorm|[upkeep]\n|-damage|p2b: Fisteur Fou|93/100|[from] Sandstorm\n|-damage|p2a: Golden Shower|70/100|[from] Sandstorm\n|-damage|p1b: Sinistcha|93/100|[from] Sandstorm\n|-heal|p2b: Fisteur Fou|100/100|[from] item: Leftovers\n|upkeep\n|turn|2\n|c|☆Nayumi_VT|No, the Raichuite Y because Mega Raichu Y is just Pikachu\n|\n|t:|1788283834\n|move|p2b: Fisteur Fou|Minimize|p2b: Fisteur Fou\n|-boost|p2b: Fisteur Fou|evasion|2\n|move|p2a: Golden Shower|Skill Swap|p2b: Fisteur Fou\n|-activate|p2a: Golden Shower|Skill Swap|||[of] p2b: Fisteur Fou\n|-hint|Skill Swap does not announce the abilities of the Pokémon when used between allies.\n|-ability|p2b: Fisteur Fou|Intimidate|boost\n|-unboost|p1a: Tyranitar|atk|1\n|-unboost|p1b: Sinistcha|atk|1\n|move|p1b: Sinistcha|Matcha Gotcha|p2a: Golden Shower|[spread] p2a,p2b\n|-resisted|p2b: Fisteur Fou|1\n|-damage|p2a: Golden Shower|41/100\n|-heal|p1b: Sinistcha|100/100|[from] drain|[of] p2a: Golden Shower\n|-damage|p2b: Fisteur Fou|86/100\n|move|p1a: Tyranitar|Low Kick|p2b: Fisteur Fou\n|-damage|p2b: Fisteur Fou|70/100\n|\n|-weather|Sandstorm|[upkeep]\n|-damage|p2b: Fisteur Fou|64/100|[from] Sandstorm\n|-damage|p2a: Golden Shower|35/100|[from] Sandstorm\n|-damage|p1b: Sinistcha|93/100|[from] Sandstorm\n|-heal|p2b: Fisteur Fou|70/100|[from] item: Leftovers\n|upkeep\n|turn|3\n|\n|t:|1788283866\n|switch|p1a: Incineroar|Incineroar, L50, F|100/100\n|-ability|p1a: Incineroar|Intimidate|boost\n|-unboost|p2a: Golden Shower|atk|1\n|-unboost|p2b: Fisteur Fou|atk|1\n|move|p2a: Golden Shower|Skill Swap|p2b: Fisteur Fou\n|-activate|p2a: Golden Shower|Skill Swap|||[of] p2b: Fisteur Fou\n|-hint|Skill Swap does not announce the abilities of the Pokémon when used between allies.\n|-ability|p2a: Golden Shower|Intimidate|boost\n|-unboost|p1a: Incineroar|atk|1\n|-unboost|p1b: Sinistcha|atk|1\n|move|p2b: Fisteur Fou|Minimize|p2b: Fisteur Fou\n|-boost|p2b: Fisteur Fou|evasion|2\n|move|p1b: Sinistcha|Matcha Gotcha|p2b: Fisteur Fou|[spread] p2a\n|-miss|p1b: Sinistcha|p2b: Fisteur Fou\n|-crit|p2a: Golden Shower\n|-damage|p2a: Golden Shower|0 fnt\n|-heal|p1b: Sinistcha|100/100|[from] drain|[of] p2a: Golden Shower\n|faint|p2a: Golden Shower\n|\n|-weather|Sandstorm|[upkeep]\n|-damage|p2b: Fisteur Fou|64/100|[from] Sandstorm\n|-damage|p1b: Sinistcha|93/100|[from] Sandstorm\n|-damage|p1a: Incineroar|94/100|[from] Sandstorm\n|-heal|p2b: Fisteur Fou|70/100|[from] item: Leftovers\n|upkeep\n|\n|t:|1788283890\n|switch|p2a: Kakaraba|Delphox, L50, M, shiny|100/100\n|turn|4\n|c|☆gemifi996644|lowkey i should have brought kingambit\n|\n|t:|1788283926\n|detailschange|p2a: Kakaraba|Delphox-Mega, L50, M, shiny\n|-mega|p2a: Kakaraba|Delphox|Delphoxite\n|move|p1a: Incineroar|Fake Out|p2a: Kakaraba\n|-damage|p2a: Kakaraba|88/100\n|move|p2b: Fisteur Fou|Stockpile|p2b: Fisteur Fou\n|-start|p2b: Fisteur Fou|stockpile1\n|-boost|p2b: Fisteur Fou|def|1\n|-boost|p2b: Fisteur Fou|spd|1\n|cant|p2a: Kakaraba|flinch\n|move|p1b: Sinistcha|Trick Room|p1b: Sinistcha\n|-fieldstart|move: Trick Room|[of] p1b: Sinistcha\n|\n|-weather|Sandstorm|[upkeep]\n|-damage|p1a: Incineroar|88/100|[from] Sandstorm\n|-damage|p1b: Sinistcha|87/100|[from] Sandstorm\n|-damage|p2b: Fisteur Fou|64/100|[from] Sandstorm\n|-damage|p2a: Kakaraba|82/100|[from] Sandstorm\n|-heal|p2b: Fisteur Fou|70/100|[from] item: Leftovers\n|upkeep\n|turn|5\n|\n|t:|1788283963\n|move|p2b: Fisteur Fou|Stockpile|p2b: Fisteur Fou\n|-start|p2b: Fisteur Fou|stockpile2\n|-boost|p2b: Fisteur Fou|def|1\n|-boost|p2b: Fisteur Fou|spd|1\n|move|p1a: Incineroar|Throat Chop|p2a: Kakaraba\n|-supereffective|p2a: Kakaraba|1\n|-damage|p2a: Kakaraba|22/100\n|-start|p2a: Kakaraba|Throat Chop|[silent]\n|move|p1b: Sinistcha|Matcha Gotcha|p2a: Kakaraba|[spread] p2a,p2b\n|-resisted|p2a: Kakaraba|1\n|-resisted|p2b: Fisteur Fou|1\n|-damage|p2a: Kakaraba|9/100\n|-heal|p1b: Sinistcha|93/100|[from] drain|[of] p2a: Kakaraba\n|-damage|p2b: Fisteur Fou|63/100\n|-heal|p1b: Sinistcha|96/100|[from] drain|[of] p2b: Fisteur Fou\n|-status|p2b: Fisteur Fou|brn\n|move|p2a: Kakaraba|Fire Blast|p1b: Sinistcha\n|-supereffective|p1b: Sinistcha|1\n|-damage|p1b: Sinistcha|0 fnt\n|faint|p1b: Sinistcha\n|\n|-weather|none\n|-heal|p2b: Fisteur Fou|70/100 brn|[from] item: Leftovers\n|-damage|p2b: Fisteur Fou|63/100 brn|[from] brn\n|upkeep\n|\n|t:|1788283984\n|switch|p1b: Tyranitar|Tyranitar, L50, M|100/100\n|-weather|Sandstorm|[from] ability: Sand Stream|[of] p1b: Tyranitar\n|turn|6\n|\n|t:|1788284011\n|move|p2b: Fisteur Fou|Stockpile|p2b: Fisteur Fou\n|-start|p2b: Fisteur Fou|stockpile3\n|-boost|p2b: Fisteur Fou|def|1\n|-boost|p2b: Fisteur Fou|spd|1\n|move|p1a: Incineroar|Parting Shot|p2b: Fisteur Fou\n|-unboost|p2b: Fisteur Fou|atk|1\n|-unboost|p2b: Fisteur Fou|spa|1\n|\n|t:|1788284017\n|switch|p1a: Gardevoir|Gardevoir, L50, M|100/100|[from] Parting Shot\n|move|p1b: Tyranitar|Rock Slide|p2b: Fisteur Fou|[spread] p2a\n|-miss|p1b: Tyranitar|p2b: Fisteur Fou\n|-supereffective|p2a: Kakaraba|1\n|-damage|p2a: Kakaraba|0 fnt\n|faint|p2a: Kakaraba\n|\n|-weather|Sandstorm|[upkeep]\n|-damage|p1a: Gardevoir|94/100|[from] Sandstorm\n|-damage|p2b: Fisteur Fou|57/100 brn|[from] Sandstorm\n|-heal|p2b: Fisteur Fou|63/100 brn|[from] item: Leftovers\n|-damage|p2b: Fisteur Fou|57/100 brn|[from] brn\n|upkeep\n|\n|t:|1788284033\n|switch|p2a: He isn't dangerous|Klefki, L50, F, shiny|100/100\n|turn|7\n|\n|t:|1788284063\n|detailschange|p1a: Gardevoir|Gardevoir-Mega, L50, M\n|-mega|p1a: Gardevoir|Gardevoir|Gardevoirite\n|move|p2a: He isn't dangerous|Psych Up|p2b: Fisteur Fou\n|-copyboost|p2a: He isn't dangerous|p2b: Fisteur Fou|[from] move: Psych Up\n|move|p2b: Fisteur Fou|Rest|p2b: Fisteur Fou\n|-status|p2b: Fisteur Fou|slp|[from] move: Rest\n|-heal|p2b: Fisteur Fou|100/100 slp|[silent]\n|move|p1b: Tyranitar|Low Kick|p2a: He isn't dangerous|[miss]\n|-miss|p1b: Tyranitar|p2a: He isn't dangerous\n|move|p1a: Gardevoir|Hyper Voice|p2a: He isn't dangerous|[spread] \n|-miss|p1a: Gardevoir|p2a: He isn't dangerous\n|-miss|p1a: Gardevoir|p2b: Fisteur Fou\n|\n|-weather|Sandstorm|[upkeep]\n|-damage|p1a: Gardevoir|88/100|[from] Sandstorm\n|-damage|p2b: Fisteur Fou|93/100 slp|[from] Sandstorm\n|-heal|p2b: Fisteur Fou|100/100 slp|[from] item: Leftovers\n|upkeep\n|turn|8\n|\n|t:|1788284124\n|switch|p1a: Incineroar|Incineroar, L50, F|88/100\n|-ability|p1a: Incineroar|Intimidate|boost\n|-unboost|p2a: He isn't dangerous|atk|1\n|-unboost|p2b: Fisteur Fou|atk|1\n|move|p1b: Tyranitar|Rock Slide|p2b: Fisteur Fou|[spread] p2a\n|-miss|p1b: Tyranitar|p2b: Fisteur Fou\n|-resisted|p2a: He isn't dangerous|1\n|-damage|p2a: He isn't dangerous|92/100\n|move|p2a: He isn't dangerous|Draining Kiss|p1b: Tyranitar\n|-supereffective|p1b: Tyranitar|1\n|-crit|p1b: Tyranitar\n|-damage|p1b: Tyranitar|58/100\n|-heal|p2a: He isn't dangerous|100/100|[from] drain|[of] p1b: Tyranitar\n|cant|p2b: Fisteur Fou|slp\n|\n|-weather|Sandstorm|[upkeep]\n|-damage|p1a: Incineroar|82/100|[from] Sandstorm\n|-damage|p2b: Fisteur Fou|93/100 slp|[from] Sandstorm\n|-heal|p2b: Fisteur Fou|100/100 slp|[from] item: Leftovers\n|-fieldend|move: Trick Room\n|upkeep\n|turn|9\n|\n|t:|1788284160\n|move|p2a: He isn't dangerous|Calm Mind|p2a: He isn't dangerous\n|-boost|p2a: He isn't dangerous|spa|1\n|-boost|p2a: He isn't dangerous|spd|1\n|cant|p2b: Fisteur Fou|slp\n|move|p1b: Tyranitar|Knock Off|p2b: Fisteur Fou|[miss]\n|-miss|p1b: Tyranitar|p2b: Fisteur Fou\n|move|p1a: Incineroar|Parting Shot|p2a: He isn't dangerous|[miss]\n|-miss|p1a: Incineroar|p2a: He isn't dangerous\n|\n|-weather|Sandstorm|[upkeep]\n|-damage|p2b: Fisteur Fou|93/100 slp|[from] Sandstorm\n|-damage|p1a: Incineroar|76/100|[from] Sandstorm\n|-heal|p2b: Fisteur Fou|100/100 slp|[from] item: Leftovers\n|upkeep\n|turn|10\n|c|☆gemifi996644|i think you might wall me here lol\n|\n|t:|1788284189\n|move|p2a: He isn't dangerous|Calm Mind|p2a: He isn't dangerous\n|-boost|p2a: He isn't dangerous|spa|1\n|-boost|p2a: He isn't dangerous|spd|1\n|-curestatus|p2b: Fisteur Fou|slp|[msg]\n|move|p2b: Fisteur Fou|Barb Barrage|p1a: Incineroar\n|-damage|p1a: Incineroar|67/100\n|-status|p1a: Incineroar|psn\n|move|p1b: Tyranitar|Knock Off|p2b: Fisteur Fou\n|-resisted|p2b: Fisteur Fou|1\n|-damage|p2b: Fisteur Fou|87/100\n|-enditem|p2b: Fisteur Fou|Leftovers|[from] move: Knock Off|[of] p1b: Tyranitar\n|move|p1a: Incineroar|Flare Blitz|p2a: He isn't dangerous|[miss]\n|-miss|p1a: Incineroar|p2a: He isn't dangerous\n|\n|-weather|none\n|-damage|p1a: Incineroar|54/100 psn|[from] psn\n|upkeep\n|turn|11\n|c|☆Nayumi_VT|peut etre lol\n|\n|t:|1788284230\n|switch|p1b: Gardevoir|Gardevoir-Mega, L50, M|88/100\n|move|p2a: He isn't dangerous|Calm Mind|p2a: He isn't dangerous\n|-boost|p2a: He isn't dangerous|spa|1\n|-boost|p2a: He isn't dangerous|spd|1\n|move|p2b: Fisteur Fou|Barb Barrage|p1a: Incineroar\n|-damage|p1a: Incineroar|37/100 psn\n|move|p1a: Incineroar|Parting Shot|p2a: He isn't dangerous\n|-unboost|p2a: He isn't dangerous|atk|1\n|-unboost|p2a: He isn't dangerous|spa|1\n|\n|t:|1788284240\n|switch|p1a: Tyranitar|Tyranitar, L50, M|58/100|[from] Parting Shot\n|-weather|Sandstorm|[from] ability: Sand Stream|[of] p1a: Tyranitar\n|\n|-weather|Sandstorm|[upkeep]\n|-damage|p2b: Fisteur Fou|81/100|[from] Sandstorm\n|-damage|p1b: Gardevoir|82/100|[from] Sandstorm\n|upkeep\n|turn|12\n|\n|t:|1788284254\n|move|p2a: He isn't dangerous|Calm Mind|p2a: He isn't dangerous\n|-boost|p2a: He isn't dangerous|spa|1\n|-boost|p2a: He isn't dangerous|spd|0\n|move|p2b: Fisteur Fou|Barb Barrage|p1b: Gardevoir\n|-supereffective|p1b: Gardevoir|1\n|-damage|p1b: Gardevoir|55/100\n|move|p1b: Gardevoir|Hyper Voice|p2b: Fisteur Fou|[spread] \n|-miss|p1b: Gardevoir|p2a: He isn't dangerous\n|-miss|p1b: Gardevoir|p2b: Fisteur Fou\n|move|p1a: Tyranitar|Rock Slide|p2a: He isn't dangerous|[spread] p2b\n|-miss|p1a: Tyranitar|p2a: He isn't dangerous\n|-damage|p2b: Fisteur Fou|66/100\n|\n|-weather|Sandstorm|[upkeep]\n|-damage|p2b: Fisteur Fou|59/100|[from] Sandstorm\n|-damage|p1b: Gardevoir|49/100|[from] Sandstorm\n|upkeep\n|turn|13\n|\n|t:|1788284278\n|move|p2a: He isn't dangerous|Calm Mind|p2a: He isn't dangerous\n|-boost|p2a: He isn't dangerous|spa|1\n|-boost|p2a: He isn't dangerous|spd|0\n|move|p2b: Fisteur Fou|Barb Barrage|p1b: Gardevoir\n|-supereffective|p1b: Gardevoir|1\n|-damage|p1b: Gardevoir|21/100\n|-status|p1b: Gardevoir|psn\n|move|p1b: Gardevoir|Hyper Voice|p2a: He isn't dangerous|[spread] p2a\n|-miss|p1b: Gardevoir|p2b: Fisteur Fou\n|-resisted|p2a: He isn't dangerous|1\n|-damage|p2a: He isn't dangerous|92/100\n|move|p1a: Tyranitar|Low Kick|p2b: Fisteur Fou\n|-crit|p2b: Fisteur Fou\n|-damage|p2b: Fisteur Fou|10/100\n|\n|-weather|Sandstorm|[upkeep]\n|-damage|p2b: Fisteur Fou|3/100|[from] Sandstorm\n|-damage|p1b: Gardevoir|15/100 psn|[from] Sandstorm\n|-damage|p1b: Gardevoir|3/100 psn|[from] psn\n|upkeep\n|turn|14\n|\n|t:|1788284300\n|switch|p1b: Incineroar|Incineroar, L50, F|37/100 psn\n|-ability|p1b: Incineroar|Intimidate|boost\n|-unboost|p2a: He isn't dangerous|atk|1\n|-unboost|p2b: Fisteur Fou|atk|1\n|move|p2b: Fisteur Fou|Rest|p2b: Fisteur Fou\n|-status|p2b: Fisteur Fou|slp|[from] move: Rest\n|-heal|p2b: Fisteur Fou|100/100 slp|[silent]\n|move|p2a: He isn't dangerous|Draining Kiss|p1a: Tyranitar\n|-supereffective|p1a: Tyranitar|1\n|-damage|p1a: Tyranitar|0 fnt\n|-heal|p2a: He isn't dangerous|100/100|[from] drain|[of] p1a: Tyranitar\n|faint|p1a: Tyranitar\n|\n|-weather|Sandstorm|[upkeep]\n|-damage|p2b: Fisteur Fou|93/100 slp|[from] Sandstorm\n|-damage|p1b: Incineroar|31/100 psn|[from] Sandstorm\n|-damage|p1b: Incineroar|18/100 psn|[from] psn\n|upkeep\n|\n|t:|1788284314\n|switch|p1a: Gardevoir|Gardevoir-Mega, L50, M|3/100 psn\n|turn|15\n|c|☆Nayumi_VT|He had a good restful sleep\n|c|☆gemifi996644|lmao\n|\n|t:|1788284356\n|move|p1b: Incineroar|Fake Out|p2a: He isn't dangerous|[miss]\n|-miss|p1b: Incineroar|p2a: He isn't dangerous\n|cant|p2b: Fisteur Fou|slp\n|move|p1a: Gardevoir|Hyper Voice|p2b: Fisteur Fou|[spread] p2a,p2b\n|-resisted|p2a: He isn't dangerous|1\n|-damage|p2a: He isn't dangerous|92/100\n|-damage|p2b: Fisteur Fou|71/100 slp\n|move|p2a: He isn't dangerous|Draining Kiss|p1b: Incineroar\n|-damage|p1b: Incineroar|0 fnt\n|-heal|p2a: He isn't dangerous|100/100|[from] drain|[of] p1b: Incineroar\n|faint|p1b: Incineroar\n|\n|-weather|none\n|-damage|p1a: Gardevoir|0 fnt|[from] psn\n|faint|p1a: Gardevoir\n|\n|win|Nayumi_VT\n|raw|gemifi996644's rating: 1322 &rarr; <strong>1297</strong><br />(-25 for losing)\n|raw|Nayumi_VT's rating: 1231 &rarr; <strong>1262</strong><br />(+31 for winning)\n|c|☆gemifi996644|gg\n|c|☆Nayumi_VT|gg and sorry ;-;\n|c|☆gemifi996644|ur good lol\n|c|☆Nayumi_VT|thx you too\n","uploadtime":1788284397,"views":"1","formatid":"gen9championsvgc2026regmb","rating":1262,"private":0,"password":null}