{"id":"gen9championsvgc2026regmb-2674263578","format":"[Gen 9 Champions] VGC 2026 Reg M-B","players":["Thornlace48812","calamityhunt"],"log":"|j|☆Thornlace48812\n|j|☆calamityhunt\n|t:|1788326374\n|gametype|doubles\n|player|p1|Thornlace48812|1|1051\n|player|p2|calamityhunt|elesa|1005\n|gen|9\n|tier|[Gen 9 Champions] VGC 2026 Reg M-B\n|rated|\n|rule|Species Clause: Limit one of each Pokémon\n|rule|Item Clause: Limit 1 of each item\n|clearpoke\n|poke|p1|Garchomp, L50, F|\n|poke|p1|Charizard, L50, M|\n|poke|p1|Whimsicott, L50, M|\n|poke|p1|Sylveon, L50, F|\n|poke|p1|Kingambit, L50, M|\n|poke|p1|Basculegion, L50, M|\n|poke|p2|Aegislash, L50, M|\n|poke|p2|Samurott-Hisui, L50, M, shiny|\n|poke|p2|Whimsicott, L50, F, shiny|\n|poke|p2|Gardevoir, L50, F, shiny|\n|poke|p2|Chandelure, L50, M|\n|poke|p2|Meowscarada, L50, F, shiny|\n|teampreview|4\n|inactive|Battle timer is ON: inactive players will automatically lose when time's up. (requested by Thornlace48812)\nThornlace48812 rejected open team sheets.\n|\n|t:|1788326393\n|teamsize|p1|4\n|teamsize|p2|4\n|start\n|switch|p1a: Charizard|Charizard, L50, M|100/100\n|switch|p1b: Whimsicott|Whimsicott, L50, M|100/100\n|switch|p2a: Gardevoir|Gardevoir, L50, F, shiny|100/100\n|switch|p2b: Whimsicott|Whimsicott, L50, F, shiny|100/100\n|-ability|p2a: Gardevoir|Blaze|Trace|[from] ability: Trace|[of] p1a: Charizard\n|turn|1\n|\n|t:|1788326404\n|detailschange|p2a: Gardevoir|Gardevoir-Mega, L50, F, shiny\n|-mega|p2a: Gardevoir|Gardevoir|Gardevoirite\n|detailschange|p1a: Charizard|Charizard-Mega-Y, L50, M\n|-mega|p1a: Charizard|Charizard|Charizardite Y\n|-weather|SunnyDay|[from] ability: Drought|[of] p1a: Charizard\n|move|p2b: Whimsicott|Tailwind|p2b: Whimsicott\n|-sidestart|p2: calamityhunt|move: Tailwind\n|move|p2a: Gardevoir|Calm Mind|p2a: Gardevoir\n|-boost|p2a: Gardevoir|spa|1\n|-boost|p2a: Gardevoir|spd|1\n|move|p1b: Whimsicott|Moonblast|p2a: Gardevoir\n|-damage|p2a: Gardevoir|78/100\n|move|p1a: Charizard|Heat Wave|p2a: Gardevoir|[spread] p2a,p2b\n|-supereffective|p2b: Whimsicott|1\n|-damage|p2a: Gardevoir|33/100\n|-enditem|p2b: Whimsicott|Focus Sash\n|-damage|p2b: Whimsicott|1/100\n|-status|p2a: Gardevoir|brn\n|\n|-weather|SunnyDay|[upkeep]\n|-damage|p2a: Gardevoir|26/100 brn|[from] brn\n|upkeep\n|turn|2\n|\n|t:|1788326424\n|move|p1a: Charizard|Protect|p1a: Charizard\n|-singleturn|p1a: Charizard|Protect\n|move|p2a: Gardevoir|Hyper Voice|p1a: Charizard|[spread] p1b\n|-activate|p1a: Charizard|move: Protect\n|-enditem|p1b: Whimsicott|Focus Sash\n|-damage|p1b: Whimsicott|1/100\n|move|p2b: Whimsicott|Moonblast|p1a: Charizard\n|-activate|p1a: Charizard|move: Protect\n|move|p1b: Whimsicott|Moonblast|p2a: Gardevoir\n|-damage|p2a: Gardevoir|2/100 brn\n|-unboost|p2a: Gardevoir|spa|1\n|\n|-weather|SunnyDay|[upkeep]\n|-damage|p2a: Gardevoir|0 fnt|[from] brn\n|faint|p2a: Gardevoir\n|upkeep\n|\n|t:|1788326440\n|switch|p2a: Samurott|Samurott-Hisui, L50, M, shiny|100/100\n|turn|3\n|\n|t:|1788326447\n|move|p1b: Whimsicott|Tailwind|p1b: Whimsicott\n|-sidestart|p1: Thornlace48812|move: Tailwind\n|move|p2a: Samurott|Aqua Cutter|p1a: Charizard\n|-supereffective|p1a: Charizard|1\n|-damage|p1a: Charizard|37/100\n|move|p1a: Charizard|Heat Wave|p2b: Whimsicott|[spread] p2a,p2b\n|-resisted|p2a: Samurott|1\n|-supereffective|p2b: Whimsicott|1\n|-damage|p2a: Samurott|52/100\n|-damage|p2b: Whimsicott|0 fnt\n|faint|p2b: Whimsicott\n|\n|-weather|SunnyDay|[upkeep]\n|upkeep\n|\n|t:|1788326457\n|switch|p2b: Chandelure|Chandelure, L50, M|100/100\n|turn|4\n|\n|t:|1788326475\n|move|p2b: Chandelure|Shadow Ball|p1a: Charizard\n|-damage|p1a: Charizard|0 fnt\n|faint|p1a: Charizard\n|move|p1b: Whimsicott|Moonblast|p2a: Samurott\n|-supereffective|p2a: Samurott|1\n|-damage|p2a: Samurott|0 fnt\n|faint|p2a: Samurott\n|\n|-weather|SunnyDay|[upkeep]\n|-sideend|p2: calamityhunt|move: Tailwind\n|upkeep\n|\n|t:|1788326477\n|switch|p1a: Basculegion|Basculegion, L50, M|100/100\n|turn|5\n|\n|t:|1788326486\n|move|p1b: Whimsicott|Moonblast|p2b: Chandelure\n|-resisted|p2b: Chandelure|1\n|-damage|p2b: Chandelure|73/100\n|move|p1a: Basculegion|Last Respects|p2b: Chandelure\n|-supereffective|p2b: Chandelure|1\n|-damage|p2b: Chandelure|0 fnt\n|faint|p2b: Chandelure\n|\n|win|Thornlace48812\n|raw|Thornlace48812's rating: 1136 &rarr; <strong>1152</strong><br />(+16 for winning)\n|raw|calamityhunt's rating: 1005 &rarr; <strong>1000</strong><br />(-5 for losing)\n","uploadtime":1788326486,"views":"2","formatid":"gen9championsvgc2026regmb","rating":1000,"private":0,"password":null}