{"id":"gen9championsvgc2026regmb-2674173550","format":"[Gen 9 Champions] VGC 2026 Reg M-B","players":["borghi","SupaJello"],"log":"|j|☆borghi\n|j|☆SupaJello\n|html|<table width=\"100%\"><tr><td align=\"left\">borghi</td><td align=\"right\">SupaJello</tr><tr><td align=\"left\"><i class=\"fa fa-circle-o\"></i> <i class=\"fa fa-circle-o\"></i> </td><td align=\"right\"><i class=\"fa fa-circle-o\"></i> <i class=\"fa fa-circle\"></i> </tr></table>\n|uhtml|bestof|<h2><strong>Game 2</strong> of <a href=\"/game-bestof3-gen9championsvgc2026regmb-2674172539\">a best-of-3</a></h2>\n|t:|1788310196\n|gametype|doubles\n|player|p1|borghi|#smogonxnpa2025draftee2|\n|player|p2|SupaJello|hilbert|\n|gen|9\n|tier|[Gen 9 Champions] VGC 2026 Reg M-B\n|rated|Tournament battle\n|rule|Species Clause: Limit one of each Pokémon\n|rule|Item Clause: Limit 1 of each item\n|raw|<div class=\"infobox\"><details class=\"readmore\" open><summary><strong>2 custom rules:</strong></summary> Force Open Team Sheets, Best of = 3</details></div>\n|clearpoke\n|poke|p1|Floette-Eternal, L50, F|\n|poke|p1|Incineroar, L50, F|\n|poke|p1|Torkoal, L50, M|\n|poke|p1|Farigiraf, L50, M|\n|poke|p1|Venusaur, L50, F|\n|poke|p1|Garchomp, L50, M|\n|poke|p2|Garchomp, L50, M|\n|poke|p2|Delphox, L50, F|\n|poke|p2|Vivillon, L50, F|\n|poke|p2|Sinistcha, L50|\n|poke|p2|Basculegion, L50, M|\n|poke|p2|Floette-Eternal, L50, F|\n|teampreview|4\n|showteam|p1|Floette-Eternal||Floettite|FlowerVeil|Moonblast,DazzlingGleam,LightofRuin,Protect|Modest||F|||50|]Incineroar||LifeOrb|Intimidate|FlareBlitz,DarkestLariat,CloseCombat,FakeOut|Brave||F|||50|]Torkoal||Charcoal|Drought|Eruption,Flamethrower,HelpingHand,Protect|Quiet||M|||50|]Farigiraf||ColburBerry|ArmorTail|TwinBeam,Thunderbolt,HelpingHand,TrickRoom|Bold||M|||50|]Venusaur||FocusSash|Chlorophyll|LeafStorm,SludgeBomb,SleepPowder,Protect|Timid||F|||50|]Garchomp||WhiteHerb|RoughSkin|StompingTantrum,RockSlide,SwordsDance,Protect|Jolly||M|||50|\n|showteam|p2|Garchomp||LifeOrb|RoughSkin|Earthquake,RockSlide,DragonClaw,Protect|Jolly||M|||50|]Delphox||Delphoxite|Blaze|NastyPlot,HeatWave,Psychic,Protect|Timid||F|||50|]Vivillon||ChoiceScarf|CompoundEyes|SleepPowder,Hurricane,RagePowder,Tailwind|Timid||F|||50|]Sinistcha||SitrusBerry|Hospitality|TrickRoom,MatchaGotcha,RagePowder,Protect|Bold|||||50|]Basculegion||MysticWater|Adaptability|WaveCrash,AquaJet,LastRespects,Protect|Jolly||M|||50|]Floette-Eternal||Floettite|FlowerVeil|Moonblast,DazzlingGleam,CalmMind,Protect|Timid||F|||50|\n|inactive|Battle timer is ON: inactive players will automatically lose when time's up. (requested by SupaJello)\n|inactive|borghi also wants the timer to be on.\nborghi has agreed to open team sheets.\n|j| Emili-Alter\n|\n|t:|1788310217\n|teamsize|p1|4\n|teamsize|p2|4\n|start\n|switch|p1a: Torkoal|Torkoal, L50, M|100/100\n|switch|p1b: Venusaur|Venusaur, L50, F|100/100\n|switch|p2a: Floette|Floette-Eternal, L50, F|100/100\n|switch|p2b: Basculegion|Basculegion, L50, M|100/100\n|-weather|SunnyDay|[from] ability: Drought|[of] p1a: Torkoal\n|turn|1\n|j| ArmouredWing\n|j| Atlantean\n|j| mythofoxical\n|j| porter_the_player\n|inactive|borghi has 30 seconds left.\n|\n|t:|1788310250\n|switch|p1a: Incineroar|Incineroar, L50, F|100/100\n|-ability|p1a: Incineroar|Intimidate|boost\n|-unboost|p2a: Floette|atk|1\n|-unboost|p2b: Basculegion|atk|1\n|detailschange|p2a: Floette|Floette-Mega, L50, F\n|-mega|p2a: Floette|Floette|Floettite\n|-ability|p2a: Floette|Fairy Aura\n|move|p1b: Venusaur|Sleep Powder|p2a: Floette\n|-status|p2a: Floette|slp|[from] move: Sleep Powder\n|cant|p2a: Floette|slp\n|move|p2b: Basculegion|Last Respects|p1b: Venusaur\n|-damage|p1b: Venusaur|74/100\n|\n|-weather|SunnyDay|[upkeep]\n|upkeep\n|turn|2\n|j|@Therazer456\n|j| Rainpelt103\n|\n|t:|1788310268\n|switch|p2a: Garchomp|Garchomp, L50, M|100/100\n|move|p1b: Venusaur|Leaf Storm|p2b: Basculegion\n|-supereffective|p2b: Basculegion|1\n|-damage|p2b: Basculegion|0 fnt\n|-unboost|p1b: Venusaur|spa|2\n|faint|p2b: Basculegion\n|move|p1a: Incineroar|Flare Blitz|p2a: Garchomp\n|-resisted|p2a: Garchomp|1\n|-damage|p2a: Garchomp|46/100\n|-damage|p1a: Incineroar|87/100|[from] ability: Rough Skin|[of] p2a: Garchomp\n|-damage|p1a: Incineroar|68/100|[from] Recoil\n|-damage|p1a: Incineroar|59/100|[from] item: Life Orb\n|\n|-weather|SunnyDay|[upkeep]\n|upkeep\n|\n|t:|1788310273\n|switch|p2b: Sinistcha|Sinistcha, L50|100/100\n|-heal|p2a: Garchomp|70/100|[from] ability: Hospitality|[of] p2b: Sinistcha\n|turn|3\n|\n|t:|1788310284\n|move|p1b: Venusaur|Sleep Powder|p2a: Garchomp\n|-status|p2a: Garchomp|slp|[from] move: Sleep Powder\n|cant|p2a: Garchomp|slp\n|move|p2b: Sinistcha|Matcha Gotcha|p1a: Incineroar|[spread] p1a,p1b\n|-resisted|p1a: Incineroar|1\n|-resisted|p1b: Venusaur|2\n|-damage|p1a: Incineroar|48/100\n|-damage|p1b: Venusaur|68/100\n|move|p1a: Incineroar|Flare Blitz|p2b: Sinistcha\n|-supereffective|p2b: Sinistcha|1\n|-damage|p2b: Sinistcha|0 fnt\n|faint|p2b: Sinistcha\n|-damage|p1a: Incineroar|15/100|[from] Recoil\n|-damage|p1a: Incineroar|5/100|[from] item: Life Orb\n|\n|-weather|SunnyDay|[upkeep]\n|upkeep\n|\n|t:|1788310287\n|switch|p2b: Floette|Floette-Mega, L50, F|100/100 slp\n|-ability|p2b: Floette|Fairy Aura\n|turn|4\n|\n|t:|1788310294\n|move|p1b: Venusaur|Protect|p1b: Venusaur\n|-singleturn|p1b: Venusaur|Protect\n|cant|p2b: Floette|slp\n|-curestatus|p2a: Garchomp|slp|[msg]\n|move|p2a: Garchomp|Earthquake|p1a: Incineroar|[spread] p2b,p1a\n|-activate|p1b: Venusaur|move: Protect\n|-supereffective|p1a: Incineroar|1\n|-damage|p2b: Floette|47/100 slp\n|-damage|p1a: Incineroar|0 fnt\n|faint|p1a: Incineroar\n|-damage|p2a: Garchomp|61/100|[from] item: Life Orb\n|\n|-weather|SunnyDay|[upkeep]\n|upkeep\n|\n|t:|1788310301\n|switch|p1a: Floette|Floette-Eternal, L50, F|100/100\n|turn|5\n|\n|t:|1788310317\n|detailschange|p1a: Floette|Floette-Mega, L50, F\n|-mega|p1a: Floette|Floette|Floettite\n|-ability|p1a: Floette|Fairy Aura\n|-curestatus|p2b: Floette|slp|[msg]\n|move|p2b: Floette|Protect|p2b: Floette\n|-singleturn|p2b: Floette|Protect\n|move|p1b: Venusaur|Sleep Powder|p2a: Garchomp\n|-status|p2a: Garchomp|slp|[from] move: Sleep Powder\n|cant|p2a: Garchomp|slp\n|move|p1a: Floette|Dazzling Gleam|p2b: Floette|[spread] p2a\n|-activate|p2b: Floette|move: Protect\n|-supereffective|p2a: Garchomp|1\n|-damage|p2a: Garchomp|0 fnt\n|faint|p2a: Garchomp\n|\n|-weather|none\n|upkeep\n|turn|6\n|\n|t:|1788310326\n|move|p2b: Floette|Dazzling Gleam|p1b: Venusaur|[spread] p1a,p1b\n|-resisted|p1b: Venusaur|1\n|-damage|p1a: Floette|61/100\n|-damage|p1b: Venusaur|42/100\n|move|p1a: Floette|Moonblast|p2b: Floette\n|-damage|p2b: Floette|0 fnt\n|faint|p2b: Floette\n|\n|win|borghi\n","uploadtime":1788310329,"views":"0","formatid":"gen9championsvgc2026regmb","rating":null,"private":0,"password":null}