{"id":"gen9championsvgc2026regmb-2674250549","format":"[Gen 9 Champions] VGC 2026 Reg M-B","players":["Thornlace48812","tnfvnhgjm"],"log":"|j|☆Thornlace48812\n|j|☆tnfvnhgjm\n|t:|1788323449\n|gametype|doubles\n|player|p1|Thornlace48812|1|1059\n|player|p2|tnfvnhgjm|wattson|1190\n|gen|9\n|tier|[Gen 9 Champions] VGC 2026 Reg M-B\n|rated|\n|rule|Species Clause: Limit one of each Pokémon\n|rule|Item Clause: Limit 1 of each item\n|clearpoke\n|poke|p1|Garchomp, L50, F|\n|poke|p1|Charizard, L50, F|\n|poke|p1|Whimsicott, L50, M|\n|poke|p1|Sylveon, L50, F|\n|poke|p1|Kingambit, L50, M|\n|poke|p1|Basculegion, L50, M|\n|poke|p2|Staraptor, L50, F|\n|poke|p2|Meowstic, L50, M|\n|poke|p2|Basculegion, L50, M|\n|poke|p2|Sinistcha, L50|\n|poke|p2|Incineroar, L50, M|\n|poke|p2|Bellibolt, L50, M|\n|teampreview|4\n|inactive|Battle timer is ON: inactive players will automatically lose when time's up. (requested by Thornlace48812)\nThornlace48812 rejected open team sheets.\n|\n|t:|1788323475\n|teamsize|p1|4\n|teamsize|p2|4\n|start\n|switch|p1a: Charizard|Charizard, L50, F|100/100\n|switch|p1b: Sylveon|Sylveon, L50, F|100/100\n|switch|p2a: Start-Up|Meowstic, L50, M|100/100\n|switch|p2b: Bird-Up|Staraptor, L50, F|100/100\n|-ability|p2b: Bird-Up|Intimidate|boost\n|-unboost|p1a: Charizard|atk|1\n|-unboost|p1b: Sylveon|atk|1\n|turn|1\n|\n|t:|1788323486\n|detailschange|p1a: Charizard|Charizard-Mega-Y, L50, F\n|-mega|p1a: Charizard|Charizard|Charizardite Y\n|-weather|SunnyDay|[from] ability: Drought|[of] p1a: Charizard\n|detailschange|p2b: Bird-Up|Staraptor-Mega, L50, F\n|-mega|p2b: Bird-Up|Staraptor|Staraptite\n|move|p2b: Bird-Up|Protect|p2b: Bird-Up\n|-singleturn|p2b: Bird-Up|Protect\n|move|p2a: Start-Up|Light Screen|p2a: Start-Up\n|-sidestart|p2: tnfvnhgjm|move: Light Screen\n|move|p1a: Charizard|Ancient Power|p2b: Bird-Up\n|-activate|p2b: Bird-Up|move: Protect\n|move|p1b: Sylveon|Hyper Voice|p2b: Bird-Up|[spread] p2a\n|-activate|p2b: Bird-Up|move: Protect\n|-damage|p2a: Start-Up|71/100\n|\n|-weather|SunnyDay|[upkeep]\n|upkeep\n|turn|2\n|inactive|tnfvnhgjm has 30 seconds left.\n|\n|t:|1788323517\n|move|p2a: Start-Up|Fake Tears|p2b: Bird-Up\n|-boost|p2b: Bird-Up|spd|2\n|move|p1a: Charizard|Heat Wave|p2b: Bird-Up|[spread] p2a,p2b\n|-damage|p2a: Start-Up|31/100\n|-damage|p2b: Bird-Up|79/100\n|move|p2b: Bird-Up|Close Combat|p1a: Charizard\n|-resisted|p1a: Charizard|1\n|-damage|p1a: Charizard|60/100\n|-boost|p2b: Bird-Up|def|1\n|-boost|p2b: Bird-Up|spd|1\n|move|p1b: Sylveon|Hyper Voice|p2b: Bird-Up|[spread] p2a,p2b\n|-supereffective|p2b: Bird-Up|1\n|-damage|p2a: Start-Up|2/100\n|-damage|p2b: Bird-Up|53/100\n|\n|-weather|SunnyDay|[upkeep]\n|upkeep\n|turn|3\n|inactive|tnfvnhgjm has 30 seconds left.\n|\n|t:|1788323546\n|move|p2a: Start-Up|Fake Tears|p2b: Bird-Up\n|-boost|p2b: Bird-Up|spd|2\n|move|p1a: Charizard|Ancient Power|p2b: Bird-Up\n|-damage|p2b: Bird-Up|48/100\n|move|p2b: Bird-Up|Roost|p2b: Bird-Up\n|-heal|p2b: Bird-Up|98/100\n|-singleturn|p2b: Bird-Up|move: Roost\n|move|p1b: Sylveon|Hyper Voice|p2a: Start-Up|[spread] p2a,p2b\n|-supereffective|p2b: Bird-Up|1\n|-damage|p2a: Start-Up|0 fnt\n|-damage|p2b: Bird-Up|79/100\n|faint|p2a: Start-Up\n|\n|-weather|SunnyDay|[upkeep]\n|upkeep\n|\n|t:|1788323558\n|switch|p2a: Clap-Up|Incineroar, L50, M|100/100\n|-ability|p2a: Clap-Up|Intimidate|boost\n|-unboost|p1a: Charizard|atk|1\n|-unboost|p1b: Sylveon|atk|1\n|turn|4\n|\n|t:|1788323580\n|move|p2a: Clap-Up|Fake Out|p1b: Sylveon\n|-crit|p1b: Sylveon\n|-damage|p1b: Sylveon|73/100\n|move|p1a: Charizard|Heat Wave|p2a: Clap-Up|[spread] p2b\n|-miss|p1a: Charizard|p2a: Clap-Up\n|-damage|p2b: Bird-Up|67/100\n|move|p2b: Bird-Up|Close Combat|p1a: Charizard\n|-resisted|p1a: Charizard|1\n|-damage|p1a: Charizard|21/100\n|-boost|p2b: Bird-Up|def|1\n|-boost|p2b: Bird-Up|spd|1\n|cant|p1b: Sylveon|flinch\n|\n|-weather|SunnyDay|[upkeep]\n|upkeep\n|turn|5\n|\n|t:|1788323595\n|move|p1a: Charizard|Heat Wave|p2a: Clap-Up|[spread] p2a,p2b\n|-resisted|p2a: Clap-Up|1\n|-crit|p2a: Clap-Up\n|-damage|p2a: Clap-Up|49/100\n|-damage|p2b: Bird-Up|55/100\n|-status|p2b: Bird-Up|brn\n|move|p2b: Bird-Up|Close Combat|p1a: Charizard\n|-resisted|p1a: Charizard|1\n|-damage|p1a: Charizard|0 fnt\n|-boost|p2b: Bird-Up|def|1\n|faint|p1a: Charizard\n|move|p1b: Sylveon|Hyper Voice|p2b: Bird-Up|[spread] p2a,p2b\n|-supereffective|p2b: Bird-Up|1\n|-damage|p2a: Clap-Up|18/100\n|-damage|p2b: Bird-Up|39/100 brn\n|move|p2a: Clap-Up|Flare Blitz|p1b: Sylveon\n|-damage|p1b: Sylveon|0 fnt\n|faint|p1b: Sylveon\n|-damage|p2a: Clap-Up|0 fnt|[from] Recoil\n|faint|p2a: Clap-Up\n|\n|-weather|none\n|-damage|p2b: Bird-Up|32/100 brn|[from] brn\n|-sideend|p2: tnfvnhgjm|move: Light Screen\n|upkeep\n|\n|t:|1788323616\n|switch|p1a: Basculegion|Basculegion, L50, M|100/100\n|switch|p1b: Whimsicott|Whimsicott, L50, M|100/100\n|switch|p2a: Clean-Up|Basculegion, L50, M|100/100\n|turn|6\n|\n|t:|1788323638\n|move|p1b: Whimsicott|Tailwind|p1b: Whimsicott\n|-sidestart|p1: Thornlace48812|move: Tailwind\n|move|p1a: Basculegion|Last Respects|p2a: Clean-Up\n|-supereffective|p2a: Clean-Up|1\n|-damage|p2a: Clean-Up|0 fnt\n|faint|p2a: Clean-Up\n|move|p2b: Bird-Up|Brave Bird|p1a: Basculegion\n|-damage|p1a: Basculegion|55/100\n|-damage|p2b: Bird-Up|17/100 brn|[from] Recoil\n|\n|-damage|p2b: Bird-Up|10/100 brn|[from] brn\n|upkeep\n|turn|7\n|\n|t:|1788323648\n|move|p1b: Whimsicott|Moonblast|p2b: Bird-Up\n|-supereffective|p2b: Bird-Up|1\n|-damage|p2b: Bird-Up|0 fnt\n|faint|p2b: Bird-Up\n|\n|win|Thornlace48812\n|raw|Thornlace48812's rating: 1120 &rarr; <strong>1150</strong><br />(+30 for winning)\n|raw|tnfvnhgjm's rating: 1190 &rarr; <strong>1160</strong><br />(-30 for losing)\n","uploadtime":1788323648,"views":"2","formatid":"gen9championsvgc2026regmb","rating":1150,"private":0,"password":null}