{"id":"gen9championsvgc2026regmb-2674624946","format":"[Gen 9 Champions] VGC 2026 Reg M-B","players":["auridan","Catyreiji"],"log":"|j|‽auridan\n|j|☆Catyreiji\n|t:|1788381773\n|gametype|doubles\n|player|p1|auridan|1|1033\n|player|p2|Catyreiji|2|1000\n|gen|9\n|tier|[Gen 9 Champions] VGC 2026 Reg M-B\n|rated|\n|rule|Species Clause: Limit one of each Pokémon\n|rule|Item Clause: Limit 1 of each item\n|clearpoke\n|poke|p1|Froslass, L50, F, shiny|\n|poke|p1|Incineroar, L50, M|\n|poke|p1|Sneasler, L50, F|\n|poke|p1|Basculegion, L50, M|\n|poke|p1|Farigiraf, L50, F|\n|poke|p1|Aerodactyl, L50, M|\n|poke|p2|Scolipede, L50, F|\n|poke|p2|Sneasler, L50, M|\n|poke|p2|Sinistcha, L50|\n|poke|p2|Gholdengo, L50|\n|poke|p2|Rotom-Wash, L50|\n|poke|p2|Incineroar, L50, M|\n|teampreview|4\n|\n|t:|1788381831\n|teamsize|p1|4\n|teamsize|p2|4\n|start\n|switch|p1a: Froslass|Froslass, L50, F, shiny|100/100\n|switch|p1b: Incineroar|Incineroar, L50, M|100/100\n|switch|p2a: Sinistcha|Sinistcha, L50|100/100\n|switch|p2b: Sneasler|Sneasler, L50, M|100/100\n|-ability|p1b: Incineroar|Intimidate|boost\n|-unboost|p2a: Sinistcha|atk|1\n|-unboost|p2b: Sneasler|atk|1\n|turn|1\n|\n|t:|1788381845\n|detailschange|p1a: Froslass|Froslass-Mega, L50, F, shiny\n|-mega|p1a: Froslass|Froslass|Froslassite\n|-weather|Snowscape|[from] ability: Snow Warning|[of] p1a: Froslass\n|move|p1b: Incineroar|Helping Hand|p1a: Froslass\n|-singleturn|p1a: Froslass|Helping Hand|[of] p1b: Incineroar\n|move|p2b: Sneasler|Protect|p2b: Sneasler\n|-singleturn|p2b: Sneasler|Protect\n|move|p1a: Froslass|Blizzard|p2b: Sneasler|[spread] p2a\n|-activate|p2b: Sneasler|move: Protect\n|-supereffective|p2a: Sinistcha|1\n|-damage|p2a: Sinistcha|0 fnt\n|faint|p2a: Sinistcha\n|\n|-weather|Snowscape|[upkeep]\n|upkeep\n|\n|t:|1788381859\n|switch|p2a: Gholdengo|Gholdengo, L50|100/100\n|turn|2\n|\n|t:|1788381869\n|move|p1b: Incineroar|Helping Hand|p1a: Froslass\n|-singleturn|p1a: Froslass|Helping Hand|[of] p1b: Incineroar\n|move|p1a: Froslass|Ice Beam|p2b: Sneasler\n|-enditem|p2b: Sneasler|Focus Sash\n|-damage|p2b: Sneasler|1/100\n|move|p2b: Sneasler|U-turn|p1b: Incineroar\n|-damage|p1b: Incineroar|85/100\n|-status|p1b: Incineroar|psn|[from] ability: Poison Touch|[of] p2b: Sneasler\n|\n|t:|1788381878\n|switch|p2b: Scolipede|Scolipede, L50, F|100/100|[from] U-turn\n|move|p2a: Gholdengo|Shadow Ball|p1a: Froslass\n|-supereffective|p1a: Froslass|1\n|-damage|p1a: Froslass|0 fnt\n|faint|p1a: Froslass\n|-damage|p2a: Gholdengo|90/100|[from] item: Life Orb\n|\n|-weather|Snowscape|[upkeep]\n|-damage|p1b: Incineroar|73/100 psn|[from] psn\n|upkeep\n|\n|t:|1788381884\n|switch|p1a: Basculegion|Basculegion, L50, M|100/100\n|turn|3\n|\n|t:|1788381895\n|move|p2b: Scolipede|Protect|p2b: Scolipede\n|-singleturn|p2b: Scolipede|Protect\n|move|p2a: Gholdengo|Protect|p2a: Gholdengo\n|-singleturn|p2a: Gholdengo|Protect\n|move|p1a: Basculegion|Last Respects|p2b: Scolipede\n|-activate|p2b: Scolipede|move: Protect\n|move|p1b: Incineroar|Flare Blitz|p2b: Scolipede\n|-activate|p2b: Scolipede|move: Protect\n|\n|-weather|Snowscape|[upkeep]\n|-damage|p1b: Incineroar|60/100 psn|[from] psn\n|-ability|p2b: Scolipede|Speed Boost|boost\n|-boost|p2b: Scolipede|spe|1\n|upkeep\n|turn|4\n|\n|t:|1788381914\n|detailschange|p2b: Scolipede|Scolipede-Mega, L50, F\n|-mega|p2b: Scolipede|Scolipede|Scolipite\n|move|p1b: Incineroar|Helping Hand|p1a: Basculegion\n|-singleturn|p1a: Basculegion|Helping Hand|[of] p1b: Incineroar\n|move|p1a: Basculegion|Last Respects|p2a: Gholdengo\n|-supereffective|p2a: Gholdengo|1\n|-damage|p2a: Gholdengo|0 fnt\n|faint|p2a: Gholdengo\n|move|p2b: Scolipede|Megahorn|p1a: Basculegion\n|-resisted|p1a: Basculegion|1\n|-crit|p1a: Basculegion\n|-damage|p1a: Basculegion|42/100\n|\n|-weather|Snowscape|[upkeep]\n|-damage|p1b: Incineroar|48/100 psn|[from] psn\n|upkeep\n|-enditem|p1b: Incineroar|Sitrus Berry|[eat]\n|-heal|p1b: Incineroar|73/100 psn|[from] item: Sitrus Berry\n|\n|t:|1788381928\n|switch|p2a: Sneasler|Sneasler, L50, M|1/100\n|turn|5\n|\n|t:|1788381960\n|move|p1b: Incineroar|Helping Hand|p1a: Basculegion\n|-singleturn|p1a: Basculegion|Helping Hand|[of] p1b: Incineroar\n|move|p2a: Sneasler|Fake Out|p1b: Incineroar\n|-damage|p1b: Incineroar|60/100 psn\n|move|p1a: Basculegion|Last Respects|p2b: Scolipede\n|-damage|p2b: Scolipede|17/100\n|move|p2b: Scolipede|Megahorn|p1a: Basculegion\n|-resisted|p1a: Basculegion|1\n|-damage|p1a: Basculegion|2/100\n|\n|-weather|none\n|-damage|p1b: Incineroar|47/100 psn|[from] psn\n|upkeep\n|turn|6\n|\n|t:|1788381974\n|move|p2b: Scolipede|Protect|p2b: Scolipede\n|-singleturn|p2b: Scolipede|Protect\n|move|p1a: Basculegion|Last Respects|p2a: Sneasler\n|-damage|p2a: Sneasler|0 fnt\n|faint|p2a: Sneasler\n|move|p1b: Incineroar|Flare Blitz|p2b: Scolipede\n|-activate|p2b: Scolipede|move: Protect\n|\n|-damage|p1b: Incineroar|35/100 psn|[from] psn\n|upkeep\n|turn|7\n|\n|t:|1788381985\n|move|p1b: Incineroar|Helping Hand|p1a: Basculegion\n|-singleturn|p1a: Basculegion|Helping Hand|[of] p1b: Incineroar\n|move|p1a: Basculegion|Last Respects|p2b: Scolipede\n|-damage|p2b: Scolipede|0 fnt\n|faint|p2b: Scolipede\n|\n|win|auridan\n|raw|auridan's rating: 1033 &rarr; <strong>1065</strong><br />(+32 for winning)\n|raw|Catyreiji's rating: 1000 &rarr; <strong>1000</strong><br />(+0 for losing)\n|l|‽auridan\n|player|p1|\n","uploadtime":1788381993,"views":"4","formatid":"gen9championsvgc2026regmb","rating":1000,"private":0,"password":null}