{"id":"gen9championsvgc2026regmb-2674134249","format":"[Gen 9 Champions] VGC 2026 Reg M-B","players":["chabanov","triplemz1125"],"log":"|j|☆chabanov\n|j|☆triplemz1125\n|t:|1788304168\n|gametype|doubles\n|player|p1|chabanov|170|\n|player|p2|triplemz1125|norman|\n|gen|9\n|tier|[Gen 9 Champions] VGC 2026 Reg M-B\n|rule|Species Clause: Limit one of each Pokémon\n|rule|Item Clause: Limit 1 of each item\n|clearpoke\n|poke|p1|Hawlucha, L50, F|\n|poke|p1|Snorlax, L50, M|\n|poke|p1|Liepard, L50, F|\n|poke|p1|Sinistcha, L50|\n|poke|p1|Emboar, L50, F|\n|poke|p1|Noivern, L50, M|\n|poke|p2|Garchomp, L50, F, shiny|\n|poke|p2|Skarmory, L50, M, shiny|\n|poke|p2|Rotom-Heat, L50|\n|poke|p2|Weavile, L50, M|\n|poke|p2|Clawitzer, L50, M, shiny|\n|poke|p2|Zoroark-Hisui, L50, M|\n|teampreview|4\n|\n|t:|1788304249\n|teamsize|p1|4\n|teamsize|p2|4\n|start\n|switch|p1a: Liepard|Liepard, L50, F|100/100\n|switch|p1b: Sinistcha|Sinistcha, L50|100/100\n|switch|p2a: OG Claw|Weavile, L50, M|100/100\n|switch|p2b: Kawhi|Clawitzer, L50, M, shiny|100/100\n|turn|1\n|\n|t:|1788304298\n|move|p2a: OG Claw|Knock Off|p1b: Sinistcha\n|-supereffective|p1b: Sinistcha|1\n|-damage|p1b: Sinistcha|35/100\n|-enditem|p1b: Sinistcha|Sitrus Berry|[from] move: Knock Off|[of] p2a: OG Claw\n|move|p2b: Kawhi|Bitter Malice|p1b: Sinistcha\n|-supereffective|p1b: Sinistcha|1\n|-damage|p1b: Sinistcha|0 fnt\n|faint|p1b: Sinistcha\n|-damage|p2b: Kawhi|90/100|[from] item: Life Orb\n|move|p1a: Liepard|U-turn|p2a: OG Claw\n|-supereffective|p2a: OG Claw|1\n|-damage|p2a: OG Claw|49/100\n|\n|t:|1788304312\n|switch|p1a: Noivern|Noivern, L50, M|100/100|[from] U-turn\n|\n|upkeep\n|\n|t:|1788304319\n|switch|p1b: Liepard|Liepard, L50, F|100/100\n|turn|2\n|\n|t:|1788304407\n|move|p1b: Liepard|Fake Out|p2a: OG Claw\n|-damage|p2a: OG Claw|36/100\n|cant|p2a: OG Claw|flinch\n|move|p1a: Noivern|Tailwind|p1a: Noivern\n|-sidestart|p1: chabanov|move: Tailwind\n|move|p2b: Kawhi|Taunt|p1b: Liepard\n|-start|p1b: Liepard|move: Taunt\n|\n|upkeep\n|turn|3\n|\n|t:|1788304436\n|switch|p2a: Westjet|Skarmory, L50, M, shiny|100/100\n|move|p1a: Noivern|U-turn|p2b: Kawhi\n|-resisted|p2b: Kawhi|1\n|-damage|p2b: Kawhi|78/100\n|replace|p2b: Mr. Fox|Zoroark-Hisui, L50, M\n|-end|p2b: Mr. Fox|Illusion\n|\n|t:|1788304447\n|switch|p1a: Emboar|Emboar, L50, F|100/100|[from] U-turn\n|move|p1b: Liepard|U-turn|p2a: Westjet\n|-resisted|p2a: Westjet|2\n|-damage|p2a: Westjet|97/100\n|\n|t:|1788304453\n|switch|p1b: Noivern|Noivern, L50, M|100/100|[from] U-turn\n|move|p2b: Mr. Fox|Focus Blast|p1b: Noivern\n|-resisted|p1b: Noivern|1\n|-damage|p1b: Noivern|67/100\n|-damage|p2b: Mr. Fox|68/100|[from] item: Life Orb\n|\n|upkeep\n|turn|4\n|\n|t:|1788304516\n|detailschange|p1a: Emboar|Emboar-Mega, L50, F\n|-mega|p1a: Emboar|Emboar|Emboarite\n|-ability|p1a: Emboar|Mold Breaker\n|move|p1b: Noivern|Draco Meteor|p2b: Mr. Fox\n|-damage|p2b: Mr. Fox|0 fnt\n|-unboost|p1b: Noivern|spa|2\n|faint|p2b: Mr. Fox\n|move|p1a: Emboar|Flare Blitz|p2a: Westjet\n|-supereffective|p2a: Westjet|1\n|-damage|p2a: Westjet|0 fnt\n|faint|p2a: Westjet\n|-damage|p1a: Emboar|74/100|[from] Recoil\n|\n|upkeep\n|\n|t:|1788304530\n|switch|p2b: Kawhi|Clawitzer, L50, M, shiny|100/100\n|switch|p2a: OG Claw|Weavile, L50, M|36/100\n|turn|5\n|\n|t:|1788304559\n|move|p1a: Emboar|Protect|p1a: Emboar\n|-singleturn|p1a: Emboar|Protect\n|move|p2a: OG Claw|Fake Out|p1a: Emboar\n|-activate|p1a: Emboar|move: Protect\n|move|p1b: Noivern|U-turn|p2a: OG Claw\n|-supereffective|p2a: OG Claw|1\n|-damage|p2a: OG Claw|0 fnt\n|faint|p2a: OG Claw\n|c|☆triplemz1125|dang\n|\n|t:|1788304567\n|switch|p1b: Liepard|Liepard, L50, F|100/100|[from] U-turn\n|move|p2b: Kawhi|Water Pulse|p1a: Emboar\n|-activate|p1a: Emboar|move: Protect\n|\n|-sideend|p1: chabanov|move: Tailwind\n|upkeep\n|turn|6\n|c|☆triplemz1125|that probably ggs\n|\n|t:|1788304588\n|move|p2b: Kawhi|Protect|p2b: Kawhi\n|-singleturn|p2b: Kawhi|Protect\n|move|p1b: Liepard|Fake Out|p2b: Kawhi\n|-activate|p2b: Kawhi|move: Protect\n|move|p1a: Emboar|Drain Punch|p2b: Kawhi\n|-activate|p2b: Kawhi|move: Protect\n|\n|upkeep\n|turn|7\n|\n|t:|1788304604\n|move|p1b: Liepard|Encore|p2b: Kawhi\n|-start|p2b: Kawhi|Encore\n|move|p2b: Kawhi|Protect||[still]\n|-fail|p2b: Kawhi\n|move|p1a: Emboar|Drain Punch|p2b: Kawhi\n|-damage|p2b: Kawhi|43/100\n|-heal|p1a: Emboar|97/100|[from] drain|[of] p2b: Kawhi\n|-enditem|p2b: Kawhi|Sitrus Berry|[eat]\n|-heal|p2b: Kawhi|68/100|[from] item: Sitrus Berry\n|\n|upkeep\n|turn|8\n|c|☆triplemz1125|wow\n|c|☆triplemz1125|nice tech\n|\n|t:|1788304617\n|move|p2b: Kawhi|Protect|p2b: Kawhi\n|-singleturn|p2b: Kawhi|Protect\n|move|p1b: Liepard|U-turn|p2b: Kawhi\n|-activate|p2b: Kawhi|move: Protect\n|move|p1a: Emboar|Drain Punch|p2b: Kawhi\n|-activate|p2b: Kawhi|move: Protect\n|\n|upkeep\n|turn|9\n|\n|t:|1788304627\n|move|p2b: Kawhi|Protect||[still]\n|-fail|p2b: Kawhi\n|move|p1b: Liepard|U-turn|p2b: Kawhi\n|-crit|p2b: Kawhi\n|-damage|p2b: Kawhi|44/100\n|\n|t:|1788304633\n|switch|p1b: Noivern|Noivern, L50, M|67/100|[from] U-turn\n|move|p1a: Emboar|Drain Punch|p2b: Kawhi\n|-damage|p2b: Kawhi|0 fnt\n|-heal|p1a: Emboar|100/100|[from] drain|[of] p2b: Kawhi\n|faint|p2b: Kawhi\n|\n|win|chabanov\n|c|☆chabanov|gg\n","uploadtime":1788304643,"views":"1","formatid":"gen9championsvgc2026regmb","rating":null,"private":0,"password":null}