{"id":"gen9championsvgc2026regmb-2674709324","format":"[Gen 9 Champions] VGC 2026 Reg M-B","players":["pedrohfahfa","Gaaraon"],"log":"|j|☆pedrohfahfa\n|j|☆Gaaraon\n|t:|1788393975\n|gametype|doubles\n|player|p1|pedrohfahfa|1|1315\n|player|p2|Gaaraon|266|1395\n|gen|9\n|tier|[Gen 9 Champions] VGC 2026 Reg M-B\n|rated|\n|rule|Species Clause: Limit one of each Pokémon\n|rule|Item Clause: Limit 1 of each item\n|clearpoke\n|poke|p1|Venusaur, L50, M, shiny|\n|poke|p1|Umbreon, L50, M, shiny|\n|poke|p1|Toxapex, L50, F, shiny|\n|poke|p1|Glimmora, L50, F, shiny|\n|poke|p1|Grimmsnarl, L50, M, shiny|\n|poke|p1|Arcanine, L50, M, shiny|\n|poke|p2|Kingambit, L50, M|\n|poke|p2|Staraptor, L50, M|\n|poke|p2|Whimsicott, L50, M|\n|poke|p2|Sinistcha, L50|\n|poke|p2|Pelipper, L50, M|\n|poke|p2|Incineroar, L50, M|\n|teampreview|4\n|inactive|Battle timer is ON: inactive players will automatically lose when time's up. (requested by Gaaraon)\n|\n|t:|1788394007\n|teamsize|p1|4\n|teamsize|p2|4\n|start\n|switch|p1a: Indiana|Arcanine, L50, M, shiny|100/100\n|switch|p1b: Mariane|Toxapex, L50, F, shiny|100/100\n|switch|p2a: Staraptor|Staraptor, L50, M|100/100\n|switch|p2b: Whimsicott|Whimsicott, L50, M|100/100\n|-ability|p2a: Staraptor|Intimidate|boost\n|-unboost|p1a: Indiana|atk|1\n|-unboost|p1b: Mariane|atk|1\n|-ability|p1a: Indiana|Intimidate|boost\n|-unboost|p2a: Staraptor|atk|1\n|-unboost|p2b: Whimsicott|atk|1\n|turn|1\n|\n|t:|1788394024\n|detailschange|p2a: Staraptor|Staraptor-Mega, L50, M\n|-mega|p2a: Staraptor|Staraptor|Staraptite\n|move|p1a: Indiana|Protect|p1a: Indiana\n|-singleturn|p1a: Indiana|Protect\n|move|p2b: Whimsicott|Charm|p2a: Staraptor\n|-boost|p2a: Staraptor|atk|2\n|move|p2a: Staraptor|Close Combat|p1a: Indiana\n|-activate|p1a: Indiana|move: Protect\n|move|p1b: Mariane|Toxic|p2a: Staraptor\n|-status|p2a: Staraptor|tox\n|\n|-damage|p2a: Staraptor|93/100 tox|[from] psn\n|upkeep\n|turn|2\n|\n|t:|1788394046\n|move|p2b: Whimsicott|Encore|p1a: Indiana\n|-start|p1a: Indiana|Encore\n|move|p1a: Indiana|Protect||[still]\n|-fail|p1a: Indiana\n|move|p2a: Staraptor|Close Combat|p1a: Indiana\n|-damage|p1a: Indiana|0 fnt\n|-boost|p2a: Staraptor|def|1\n|-boost|p2a: Staraptor|spd|1\n|faint|p1a: Indiana\n|move|p1b: Mariane|Haze|p1b: Mariane\n|-clearallboost\n|\n|-damage|p2a: Staraptor|81/100 tox|[from] psn\n|upkeep\n|\n|t:|1788394061\n|switch|p1a: Grimmsnarl|Grimmsnarl, L50, M, shiny|100/100\n|turn|3\n|\n|t:|1788394068\n|move|p2b: Whimsicott|Encore|p1b: Mariane\n|-start|p1b: Mariane|Encore\n|move|p1a: Grimmsnarl|Reflect|p1a: Grimmsnarl\n|-sidestart|p1: pedrohfahfa|Reflect\n|move|p2a: Staraptor|Close Combat|p1a: Grimmsnarl\n|-damage|p1a: Grimmsnarl|43/100\n|-boost|p2a: Staraptor|def|1\n|-boost|p2a: Staraptor|spd|1\n|move|p1b: Mariane|Haze|p1b: Mariane\n|-clearallboost\n|\n|-damage|p2a: Staraptor|62/100 tox|[from] psn\n|upkeep\n|turn|4\n|\n|t:|1788394086\n|move|p2b: Whimsicott|Charm|p2a: Staraptor\n|-boost|p2a: Staraptor|atk|2\n|move|p1a: Grimmsnarl|Parting Shot|p2b: Whimsicott\n|-unboost|p2b: Whimsicott|atk|1\n|-unboost|p2b: Whimsicott|spa|1\n|\n|t:|1788394092\n|switch|p1a: Poison|Venusaur, L50, M, shiny|100/100|[from] Parting Shot\n|move|p2a: Staraptor|Close Combat|p1a: Poison\n|-resisted|p1a: Poison|1\n|-damage|p1a: Poison|62/100\n|-boost|p2a: Staraptor|def|1\n|-boost|p2a: Staraptor|spd|1\n|move|p1b: Mariane|Haze|p1b: Mariane\n|-clearallboost\n|\n|-damage|p2a: Staraptor|38/100 tox|[from] psn\n|upkeep\n|turn|5\n|\n|t:|1788394112\n|switch|p1a: Grimmsnarl|Grimmsnarl, L50, M, shiny|43/100\n|move|p2b: Whimsicott|Charm|p2a: Staraptor\n|-boost|p2a: Staraptor|atk|2\n|move|p2a: Staraptor|Dual Wingbeat|p1a: Grimmsnarl\n|-damage|p1a: Grimmsnarl|9/100\n|-damage|p1a: Grimmsnarl|0 fnt\n|faint|p1a: Grimmsnarl\n|-hitcount|p1: Grimmsnarl|2\n|move|p1b: Mariane|Haze|p1b: Mariane\n|-clearallboost\n|\n|-damage|p2a: Staraptor|7/100 tox|[from] psn\n|-end|p1b: Mariane|Encore\n|upkeep\n|\n|t:|1788394129\n|switch|p1a: Poison|Venusaur, L50, M, shiny|62/100\n|turn|6\n|\n|t:|1788394134\n|detailschange|p1a: Poison|Venusaur-Mega, L50, M, shiny\n|-mega|p1a: Poison|Venusaur|Venusaurite\n|move|p2b: Whimsicott|Encore|p1b: Mariane\n|-start|p1b: Mariane|Encore\n|move|p2a: Staraptor|Roost|p2a: Staraptor\n|-heal|p2a: Staraptor|57/100 tox\n|-singleturn|p2a: Staraptor|move: Roost\n|move|p1a: Poison|Synthesis|p1a: Poison\n|-heal|p1a: Poison|100/100\n|move|p1b: Mariane|Haze|p1b: Mariane\n|-clearallboost\n|\n|-damage|p2a: Staraptor|20/100y tox|[from] psn\n|upkeep\n|turn|7\n|\n|t:|1788394153\n|switch|p2a: Kingambit|Kingambit, L50, M|100/100\n|move|p2b: Whimsicott|Encore|p1a: Poison\n|-start|p1a: Poison|Encore\n|move|p1a: Poison|Synthesis|p1a: Poison\n|-fail|p1a: Poison|heal\n|move|p1b: Mariane|Haze|p1b: Mariane\n|-clearallboost\n|\n|upkeep\n|turn|8\n|\n|t:|1788394171\n|move|p2b: Whimsicott|Moonblast|p1b: Mariane\n|-resisted|p1b: Mariane|1\n|-damage|p1b: Mariane|83/100\n|move|p1a: Poison|Synthesis|p1a: Poison\n|-fail|p1a: Poison|heal\n|move|p2a: Kingambit|Kowtow Cleave|p1b: Mariane\n|-damage|p1b: Mariane|62/100\n|move|p1b: Mariane|Haze|p1b: Mariane\n|-clearallboost\n|\n|-end|p1b: Mariane|Encore\n|upkeep\n|turn|9\n|\n|t:|1788394188\n|move|p2b: Whimsicott|Encore|p1b: Mariane\n|-start|p1b: Mariane|Encore\n|move|p1a: Poison|Synthesis|p1a: Poison\n|-fail|p1a: Poison|heal\n|move|p2a: Kingambit|Kowtow Cleave|p1b: Mariane\n|-damage|p1b: Mariane|42/100\n|-enditem|p1b: Mariane|Sitrus Berry|[eat]\n|-heal|p1b: Mariane|66/100|[from] item: Sitrus Berry\n|move|p1b: Mariane|Haze|p1b: Mariane\n|-clearallboost\n|\n|-end|p1a: Poison|Encore\n|upkeep\n|turn|10\n|-message|pedrohfahfa forfeited.\n|\n|win|Gaaraon\n|raw|pedrohfahfa's rating: 1315 &rarr; <strong>1300</strong><br />(-15 for losing)\n|raw|Gaaraon's rating: 1395 &rarr; <strong>1410</strong><br />(+15 for winning)\n|l|☆pedrohfahfa\n|player|p1|\n","uploadtime":1788394209,"views":"12","formatid":"gen9championsvgc2026regmb","rating":1300,"private":0,"password":null}