{"id":"gen9championsvgc2026regmb-2674824666","format":"[Gen 9 Champions] VGC 2026 Reg M-B","players":["tas87","shinysnorlax"],"log":"|j|☆tas87\n|j|☆shinysnorlax\n|t:|1788414660\n|gametype|doubles\n|player|p1|tas87|169|1512\n|player|p2|shinysnorlax|chuck|1595\n|gen|9\n|tier|[Gen 9 Champions] VGC 2026 Reg M-B\n|rated|\n|rule|Species Clause: Limit one of each Pokémon\n|rule|Item Clause: Limit 1 of each item\n|clearpoke\n|poke|p1|Medicham, L50, M|\n|poke|p1|Tyranitar, L50, M, shiny|\n|poke|p1|Garchomp, L50, F|\n|poke|p1|Dragapult, L50, M|\n|poke|p1|Sinistcha-Masterpiece, L50|\n|poke|p1|Corviknight, L50, F|\n|poke|p2|Gholdengo, L50|\n|poke|p2|Dragonite, L50, F|\n|poke|p2|Aerodactyl, L50, M|\n|poke|p2|Kingambit, L50, F|\n|poke|p2|Basculegion, L50, M|\n|poke|p2|Sneasler, L50, F|\n|teampreview|4\n|inactive|Battle timer is ON: inactive players will automatically lose when time's up. (requested by shinysnorlax)\n|\n|t:|1788414686\n|teamsize|p1|4\n|teamsize|p2|4\n|start\n|switch|p1a: Medicham|Medicham, L50, M|100/100\n|switch|p1b: Tyranitar|Tyranitar, L50, M, shiny|100/100\n|switch|p2a: Dragonite|Dragonite, L50, F|100/100\n|switch|p2b: Lenovo Basculegion|Basculegion, L50, M|100/100\n|-weather|Sandstorm|[from] ability: Sand Stream|[of] p1b: Tyranitar\n|turn|1\n|\n|t:|1788414707\n|switch|p1b: Corviknight|Corviknight, L50, F|100/100\n|move|p1a: Medicham|Coaching|p1b: Corviknight\n|-boost|p1b: Corviknight|atk|1\n|-boost|p1b: Corviknight|def|1\n|move|p2b: Lenovo Basculegion|Wave Crash|p1b: Corviknight\n|-damage|p1b: Corviknight|51/100\n|-damage|p2b: Lenovo Basculegion|83/100|[from] Recoil\n|move|p2a: Dragonite|Tailwind|p2a: Dragonite\n|-sidestart|p2: shinysnorlax|move: Tailwind\n|\n|-weather|Sandstorm|[upkeep]\n|-damage|p2b: Lenovo Basculegion|76/100|[from] Sandstorm\n|-damage|p1a: Medicham|94/100|[from] Sandstorm\n|-damage|p2a: Dragonite|93/100|[from] Sandstorm\n|upkeep\n|turn|2\n|\n|t:|1788414723\n|detailschange|p2a: Dragonite|Dragonite-Mega, L50, F\n|-mega|p2a: Dragonite|Dragonite|Dragoninite\n|move|p2b: Lenovo Basculegion|Wave Crash|p1a: Medicham\n|-damage|p1a: Medicham|0 fnt\n|faint|p1a: Medicham\n|-damage|p2b: Lenovo Basculegion|55/100|[from] Recoil\n|move|p2a: Dragonite|Draco Meteor|p1b: Corviknight\n|-resisted|p1b: Corviknight|1\n|-damage|p1b: Corviknight|11/100\n|-unboost|p2a: Dragonite|spa|2\n|move|p1b: Corviknight|Tailwind|p1b: Corviknight\n|-sidestart|p1: tas87|move: Tailwind\n|\n|-weather|Sandstorm|[upkeep]\n|-damage|p2b: Lenovo Basculegion|49/100|[from] Sandstorm\n|-damage|p2a: Dragonite|87/100|[from] Sandstorm\n|upkeep\n|\n|t:|1788414734\n|switch|p1a: Tyranitar|Tyranitar, L50, M, shiny|100/100\n|turn|3\n|\n|t:|1788414742\n|detailschange|p1a: Tyranitar|Tyranitar-Mega, L50, M, shiny\n|-mega|p1a: Tyranitar|Tyranitar|Tyranitarite\n|move|p2b: Lenovo Basculegion|Wave Crash|p1a: Tyranitar\n|-supereffective|p1a: Tyranitar|1\n|-crit|p1a: Tyranitar\n|-damage|p1a: Tyranitar|0 fnt\n|faint|p1a: Tyranitar\n|-damage|p2b: Lenovo Basculegion|14/100|[from] Recoil\n|move|p2a: Dragonite|Thunderbolt|p1b: Corviknight\n|-supereffective|p1b: Corviknight|1\n|-damage|p1b: Corviknight|0 fnt\n|faint|p1b: Corviknight\n|\n|-weather|Sandstorm|[upkeep]\n|-damage|p2b: Lenovo Basculegion|8/100|[from] Sandstorm\n|-damage|p2a: Dragonite|81/100|[from] Sandstorm\n|upkeep\n|\n|t:|1788414747\n|switch|p1a: Garchomp|Garchomp, L50, F|100/100\n|turn|4\n|\n|t:|1788414758\n|move|p2b: Lenovo Basculegion|Wave Crash|p1a: Garchomp\n|-damage|p1a: Garchomp|32/100\n|-damage|p2b: Lenovo Basculegion|0 fnt|[from] Recoil\n|faint|p2b: Lenovo Basculegion\n|move|p2a: Dragonite|Draco Meteor|p1a: Garchomp|[miss]\n|-miss|p2a: Dragonite|p1a: Garchomp\n|move|p1a: Garchomp|Dragon Claw|p2a: Dragonite\n|-supereffective|p2a: Dragonite|1\n|-damage|p2a: Dragonite|5/100\n|\n|-weather|Sandstorm|[upkeep]\n|-damage|p2a: Dragonite|0 fnt|[from] Sandstorm\n|faint|p2a: Dragonite\n|-sideend|p2: shinysnorlax|move: Tailwind\n|upkeep\n|\n|t:|1788414764\n|switch|p2b: SneasedToMeetYou|Sneasler, L50, F|100/100\n|switch|p2a: Gholdengo|Gholdengo, L50|100/100\n|turn|5\n|\n|t:|1788414771\n|move|p2b: SneasedToMeetYou|Fake Out|p1a: Garchomp\n|-damage|p1a: Garchomp|20/100r\n|cant|p1a: Garchomp|flinch\n|move|p2a: Gholdengo|Shadow Ball|p1a: Garchomp|[miss]\n|-miss|p2a: Gholdengo|p1a: Garchomp\n|\n|-weather|none\n|-sideend|p1: tas87|move: Tailwind\n|upkeep\n|turn|6\n|\n|t:|1788414783\n|move|p2b: SneasedToMeetYou|Close Combat|p1a: Garchomp|[miss]\n|-miss|p2b: SneasedToMeetYou|p1a: Garchomp\n|move|p2a: Gholdengo|Shadow Ball|p1a: Garchomp\n|-damage|p1a: Garchomp|0 fnt\n|faint|p1a: Garchomp\n|-damage|p2a: Gholdengo|90/100|[from] item: Life Orb\n|\n|win|shinysnorlax\n|raw|tas87's rating: 1512 &rarr; <strong>1497</strong><br />(-15 for losing)\n|raw|shinysnorlax's rating: 1595 &rarr; <strong>1610</strong><br />(+15 for winning)\n|l|☆tas87\n|player|p1|\n","uploadtime":1788414796,"views":"2","formatid":"gen9championsvgc2026regmb","rating":1497,"private":0,"password":null}