{"id":"gen9championsvgc2026regmb-2674211133","format":"[Gen 9 Champions] VGC 2026 Reg M-B","players":["AlwaysMeltIce","Flacidpanda"],"log":"|j|☆AlwaysMeltIce\n|j|☆Flacidpanda\n|html|<table width=\"100%\"><tr><td align=\"left\">AlwaysMeltIce</td><td align=\"right\">Flacidpanda</tr><tr><td align=\"left\"><i class=\"fa fa-circle-o\"></i> <i class=\"fa fa-circle-o\"></i> </td><td align=\"right\"><i class=\"fa fa-circle-o\"></i> <i class=\"fa fa-circle\"></i> </tr></table>\n|uhtml|bestof|<h2><strong>Game 2</strong> of <a href=\"/game-bestof3-gen9championsvgc2026regmb-2674209989\">a best-of-3</a></h2>\n|t:|1788316132\n|gametype|doubles\n|player|p1|AlwaysMeltIce|whitney|\n|player|p2|Flacidpanda|roughneck|\n|gen|9\n|tier|[Gen 9 Champions] VGC 2026 Reg M-B\n|rule|Species Clause: Limit one of each Pokémon\n|rule|Item Clause: Limit 1 of each item\n|raw|<div class=\"infobox\"><details class=\"readmore\" open><summary><strong>1 custom rule:</strong></summary> bestof=3</details></div>\n|clearpoke\n|poke|p1|Basculegion, L50, M|\n|poke|p1|Charizard, L50, M|\n|poke|p1|Tinkaton, L50, F|\n|poke|p1|Infernape, L50, F, shiny|\n|poke|p1|Lycanroc-Dusk, L50, F, shiny|\n|poke|p1|Maushold, L50|\n|poke|p2|Salazzle, L50, F, shiny|\n|poke|p2|Garchomp, L50, M|\n|poke|p2|Kingambit, L50, M|\n|poke|p2|Altaria, L50, F|\n|poke|p2|Vaporeon, L50, F|\n|poke|p2|Rotom-Heat, L50|\n|teampreview|4\n|j| ScoutFlower\n|\n|t:|1788316154\n|teamsize|p1|4\n|teamsize|p2|4\n|start\n|switch|p1a: Sakura Chiyono O|Tinkaton, L50, F|100/100\n|switch|p1b: Maruzensky|Charizard, L50, M|100/100\n|switch|p2a: AI OVERLORD|Rotom-Heat, L50|100/100\n|switch|p2b: Thot Daughter|Garchomp, L50, M|100/100\n|-ability|p1a: Sakura Chiyono O|Mold Breaker\n|turn|1\n|\n|t:|1788316203\n|detailschange|p1b: Maruzensky|Charizard-Mega-Y, L50, M\n|-mega|p1b: Maruzensky|Charizard|Charizardite Y\n|-weather|SunnyDay|[from] ability: Drought|[of] p1b: Maruzensky\n|move|p1a: Sakura Chiyono O|Fake Out|p2b: Thot Daughter\n|-damage|p2b: Thot Daughter|90/100\n|-damage|p1a: Sakura Chiyono O|87/100|[from] ability: Rough Skin|[of] p2b: Thot Daughter\n|move|p2a: AI OVERLORD|Discharge|p1b: Maruzensky|[spread] p1a,p1b\n|-immune|p2b: Thot Daughter\n|-supereffective|p1b: Maruzensky|1\n|-damage|p1a: Sakura Chiyono O|57/100\n|-damage|p1b: Maruzensky|51/100\n|cant|p2b: Thot Daughter|flinch\n|move|p1b: Maruzensky|Dragon Pulse|p2b: Thot Daughter\n|-supereffective|p2b: Thot Daughter|1\n|-damage|p2b: Thot Daughter|5/100\n|\n|-weather|SunnyDay|[upkeep]\n|-heal|p1a: Sakura Chiyono O|63/100|[from] item: Leftovers\n|upkeep\n|turn|2\n|\n|t:|1788316251\n|move|p1b: Maruzensky|Protect|p1b: Maruzensky\n|-singleturn|p1b: Maruzensky|Protect\n|move|p2a: AI OVERLORD|Discharge|p1a: Sakura Chiyono O|[spread] p1a\n|-activate|p1b: Maruzensky|move: Protect\n|-immune|p2b: Thot Daughter\n|-damage|p1a: Sakura Chiyono O|35/100\n|move|p2b: Thot Daughter|Earthquake|p1b: Maruzensky|[spread] p1a\n|-activate|p1b: Maruzensky|move: Protect\n|-immune|p2a: AI OVERLORD|[from] ability: Levitate\n|-supereffective|p1a: Sakura Chiyono O|1\n|-damage|p1a: Sakura Chiyono O|0 fnt\n|faint|p1a: Sakura Chiyono O\n|-damage|p2b: Thot Daughter|0 fnt|[from] item: Life Orb\n|faint|p2b: Thot Daughter\n|\n|-weather|SunnyDay|[upkeep]\n|upkeep\n|\n|t:|1788316270\n|switch|p2b: Valdens Regret|Kingambit, L50, M|100/100\n|switch|p1a: Symboli Rudolf|Basculegion, L50, M|100/100\n|turn|3\n|\n|t:|1788316291\n|move|p2b: Valdens Regret|Sucker Punch|p1a: Symboli Rudolf\n|-supereffective|p1a: Symboli Rudolf|1\n|-damage|p1a: Symboli Rudolf|1/100\n|move|p2a: AI OVERLORD|Discharge|p1a: Symboli Rudolf|[spread] p2b,p1a,p1b\n|-supereffective|p1a: Symboli Rudolf|1\n|-supereffective|p1b: Maruzensky|1\n|-damage|p2b: Valdens Regret|76/100\n|-damage|p1a: Symboli Rudolf|0 fnt\n|-damage|p1b: Maruzensky|0 fnt\n|faint|p1a: Symboli Rudolf\n|faint|p1b: Maruzensky\n|\n|-weather|SunnyDay|[upkeep]\n|upkeep\n|\n|t:|1788316301\n|switch|p1b: Seiun Sky|Maushold, L50|100/100\n|turn|4\n|\n|t:|1788316314\n|switch|p2a: Gay Son|Altaria, L50, F|100/100\n|-ability|p2a: Gay Son|Cloud Nine\n|move|p1b: Seiun Sky|Super Fang|p2b: Valdens Regret\n|-damage|p2b: Valdens Regret|38/100\n|move|p2b: Valdens Regret|Kowtow Cleave|p1b: Seiun Sky\n|-damage|p1b: Seiun Sky|39/100\n|\n|-weather|SunnyDay|[upkeep]\n|upkeep\n|turn|5\n|\n|t:|1788316331\n|detailschange|p2a: Gay Son|Altaria-Mega, L50, F\n|-mega|p2a: Gay Son|Altaria|Altarianite\n|move|p2b: Valdens Regret|Protect|p2b: Valdens Regret\n|-singleturn|p2b: Valdens Regret|Protect\n|move|p1b: Seiun Sky|Super Fang|p2a: Gay Son\n|-damage|p2a: Gay Son|50/100y\n|move|p2a: Gay Son|Hyper Voice|p1b: Seiun Sky\n|-crit|p1b: Seiun Sky\n|-damage|p1b: Seiun Sky|0 fnt\n|faint|p1b: Seiun Sky\n|\n|win|Flacidpanda\n|c|☆AlwaysMeltIce|ggs\n|c|☆Flacidpanda|ggs\n|l|☆AlwaysMeltIce\n|player|p1|\n","uploadtime":1788316352,"views":"23","formatid":"gen9championsvgc2026regmb","rating":null,"private":0,"password":null}