{"id":"gen9championsvgc2026regmb-2673860883","format":"[Gen 9 Champions] VGC 2026 Reg M-B","players":["Thornlace48812","sword saga"],"log":"|j|☆Thornlace48812\n|j|☆sword saga\n|t:|1788269821\n|gametype|doubles\n|player|p1|Thornlace48812|102|1055\n|player|p2|sword saga|169|1088\n|gen|9\n|tier|[Gen 9 Champions] VGC 2026 Reg M-B\n|rated|\n|rule|Species Clause: Limit one of each Pokémon\n|rule|Item Clause: Limit 1 of each item\n|clearpoke\n|poke|p1|Garchomp, L50, F|\n|poke|p1|Charizard, L50, F|\n|poke|p1|Whimsicott, L50, F|\n|poke|p1|Sylveon, L50, M|\n|poke|p1|Kingambit, L50, F|\n|poke|p1|Basculegion, L50, M|\n|poke|p2|Archaludon, L50, F|\n|poke|p2|Sinistcha-Masterpiece, L50|\n|poke|p2|Sableye, L50, M|\n|poke|p2|Blastoise, L50, M|\n|poke|p2|Raichu, L50, F|\n|poke|p2|Pelipper, L50, F|\n|teampreview|4\n|inactive|Battle timer is ON: inactive players will automatically lose when time's up. (requested by Thornlace48812)\nThornlace48812 rejected open team sheets.\n|\n|t:|1788269836\n|teamsize|p1|4\n|teamsize|p2|4\n|start\n|switch|p1a: Sylveon|Sylveon, L50, M|100/100\n|switch|p1b: Whimsicott|Whimsicott, L50, F|100/100\n|switch|p2a: Archaludon|Archaludon, L50, F|100/100\n|switch|p2b: Sableye|Sableye, L50, M|100/100\n|turn|1\n|\n|t:|1788269850\n|move|p2a: Archaludon|Protect|p2a: Archaludon\n|-singleturn|p2a: Archaludon|Protect\n|move|p1a: Sylveon|Detect|p1a: Sylveon\n|-singleturn|p1a: Sylveon|Protect\n|move|p2b: Sableye|Light Screen|p2b: Sableye\n|-sidestart|p2: sword saga|move: Light Screen\n|move|p1b: Whimsicott|Moonblast|p2a: Archaludon\n|-activate|p2a: Archaludon|move: Protect\n|\n|upkeep\n|turn|2\n|\n|t:|1788269872\n|move|p2b: Sableye|Encore|p1a: Sylveon\n|-start|p1a: Sylveon|Encore\n|move|p1a: Sylveon|Detect|p1a: Sylveon\n|-singleturn|p1a: Sylveon|Protect\n|move|p1b: Whimsicott|Moonblast|p2a: Archaludon\n|-crit|p2a: Archaludon\n|-damage|p2a: Archaludon|49/100\n|-ability|p2a: Archaludon|Stamina|boost\n|-boost|p2a: Archaludon|def|1\n|move|p2a: Archaludon|Flash Cannon|p1a: Sylveon\n|-activate|p1a: Sylveon|move: Protect\n|\n|-heal|p2a: Archaludon|55/100|[from] item: Leftovers\n|upkeep\n|turn|3\n|\n|t:|1788269896\n|move|p1a: Sylveon|Detect||[still]\n|-fail|p1a: Sylveon\n|move|p1b: Whimsicott|Encore|p2b: Sableye\n|-hint|Since gen 7, Dark is immune to Prankster moves.\n|-immune|p2b: Sableye\n|move|p2b: Sableye|Encore||[still]\n|-fail|p2b: Sableye\n|move|p2a: Archaludon|Flash Cannon|p1a: Sylveon\n|-supereffective|p1a: Sylveon|1\n|-crit|p1a: Sylveon\n|-damage|p1a: Sylveon|9/100\n|-unboost|p1a: Sylveon|spd|1\n|\n|-heal|p2a: Archaludon|61/100|[from] item: Leftovers\n|upkeep\n|turn|4\n|\n|t:|1788269910\n|move|p1a: Sylveon|Detect|p1a: Sylveon\n|-singleturn|p1a: Sylveon|Protect\n|move|p1b: Whimsicott|Encore|p2b: Sableye\n|-hint|Since gen 7, Dark is immune to Prankster moves.\n|-immune|p2b: Sableye\n|move|p2b: Sableye|Encore||[still]\n|-fail|p2b: Sableye\n|move|p2a: Archaludon|Flash Cannon|p1a: Sylveon\n|-activate|p1a: Sylveon|move: Protect\n|\n|-heal|p2a: Archaludon|68/100|[from] item: Leftovers\n|-end|p1a: Sylveon|Encore\n|upkeep\n|turn|5\n|\n|t:|1788269928\n|move|p2b: Sableye|Rain Dance|p2b: Sableye\n|-weather|RainDance\n|move|p1b: Whimsicott|Moonblast|p2b: Sableye\n|-supereffective|p2b: Sableye|1\n|-crit|p2b: Sableye\n|-damage|p2b: Sableye|0 fnt\n|faint|p2b: Sableye\n|move|p2a: Archaludon|Electro Shot||[still]\n|-prepare|p2a: Archaludon|Electro Shot\n|-boost|p2a: Archaludon|spa|1\n|-anim|p2a: Archaludon|Electro Shot|p1a: Sylveon\n|-damage|p1a: Sylveon|0 fnt\n|faint|p1a: Sylveon\n|\n|-weather|RainDance|[upkeep]\n|-heal|p2a: Archaludon|74/100|[from] item: Leftovers\n|upkeep\n|\n|t:|1788269933\n|switch|p1a: Charizard|Charizard, L50, F|100/100\n|switch|p2b: Sinistcha|Sinistcha-Masterpiece, L50|100/100\n|-heal|p2a: Archaludon|98/100|[from] ability: Hospitality|[of] p2b: Sinistcha\n|turn|6\n|\n|t:|1788269949\n|detailschange|p1a: Charizard|Charizard-Mega-Y, L50, F\n|-mega|p1a: Charizard|Charizard|Charizardite Y\n|-weather|SunnyDay|[from] ability: Drought|[of] p1a: Charizard\n|move|p1b: Whimsicott|Protect|p1b: Whimsicott\n|-singleturn|p1b: Whimsicott|Protect\n|move|p1a: Charizard|Protect|p1a: Charizard\n|-singleturn|p1a: Charizard|Protect\n|move|p2a: Archaludon|Protect|p2a: Archaludon\n|-singleturn|p2a: Archaludon|Protect\n|move|p2b: Sinistcha|Trick Room|p2b: Sinistcha\n|-fieldstart|move: Trick Room|[of] p2b: Sinistcha\n|\n|-weather|SunnyDay|[upkeep]\n|-heal|p2a: Archaludon|100/100|[from] item: Leftovers\n|upkeep\n|turn|7\n|inactive|sword saga has 30 seconds left.\n|inactive|sword saga has 20 seconds left.\n|\n|t:|1788269987\n|move|p1b: Whimsicott|Encore|p2a: Archaludon\n|-start|p2a: Archaludon|Encore\n|move|p2a: Archaludon|Protect||[still]\n|-fail|p2a: Archaludon\n|move|p2b: Sinistcha|Shadow Ball|p1a: Charizard\n|-damage|p1a: Charizard|67/100\n|-unboost|p1a: Charizard|spd|1\n|move|p1a: Charizard|Heat Wave|p2a: Archaludon|[spread] p2a,p2b\n|-supereffective|p2b: Sinistcha|1\n|-damage|p2a: Archaludon|58/100\n|-damage|p2b: Sinistcha|22/100\n|-ability|p2a: Archaludon|Stamina|boost\n|-boost|p2a: Archaludon|def|1\n|\n|-weather|SunnyDay|[upkeep]\n|-heal|p2a: Archaludon|64/100|[from] item: Leftovers\n|upkeep\n|turn|8\n|\n|t:|1788270001\n|move|p2a: Archaludon|Protect|p2a: Archaludon\n|-singleturn|p2a: Archaludon|Protect\n|move|p2b: Sinistcha|Shadow Ball|p1a: Charizard\n|-damage|p1a: Charizard|17/100\n|-unboost|p1a: Charizard|spd|1\n|move|p1a: Charizard|Heat Wave|p2a: Archaludon|[spread] p2b\n|-activate|p2a: Archaludon|move: Protect\n|-supereffective|p2b: Sinistcha|1\n|-damage|p2b: Sinistcha|0 fnt\n|faint|p2b: Sinistcha\n|move|p1b: Whimsicott|Moonblast|p2a: Archaludon\n|-activate|p2a: Archaludon|move: Protect\n|\n|-weather|SunnyDay|[upkeep]\n|-heal|p2a: Archaludon|70/100|[from] item: Leftovers\n|-sideend|p2: sword saga|move: Light Screen\n|upkeep\n|\n|t:|1788270003\n|switch|p2b: Raichu|Raichu, L50, F|100/100\n|turn|9\n|\n|t:|1788270011\n|detailschange|p2b: Raichu|Raichu-Mega-Y, L50, F\n|-mega|p2b: Raichu|Raichu|Raichunite Y\n|move|p2a: Archaludon|Protect|p2a: Archaludon\n|-singleturn|p2a: Archaludon|Protect\n|move|p2b: Raichu|Fake Out|p1a: Charizard\n|-damage|p1a: Charizard|6/100\n|move|p1b: Whimsicott|Tailwind|p1b: Whimsicott\n|-sidestart|p1: Thornlace48812|move: Tailwind\n|cant|p1a: Charizard|flinch\n|\n|-weather|SunnyDay|[upkeep]\n|-heal|p2a: Archaludon|76/100|[from] item: Leftovers\n|-end|p2a: Archaludon|Encore\n|upkeep\n|turn|10\n|\n|t:|1788270034\n|move|p1a: Charizard|Protect|p1a: Charizard\n|-singleturn|p1a: Charizard|Protect\n|move|p1b: Whimsicott|Encore|p2a: Archaludon\n|-start|p2a: Archaludon|Encore\n|move|p2a: Archaludon|Protect||[still]\n|-fail|p2a: Archaludon\n|move|p2b: Raichu|Zap Cannon|p1a: Charizard\n|-activate|p1a: Charizard|move: Protect\n|\n|-weather|none\n|-heal|p2a: Archaludon|82/100|[from] item: Leftovers\n|-fieldend|move: Trick Room\n|upkeep\n|turn|11\n|\n|t:|1788270045\n|move|p2a: Archaludon|Protect|p2a: Archaludon\n|-singleturn|p2a: Archaludon|Protect\n|move|p1b: Whimsicott|Moonblast|p2b: Raichu\n|-damage|p2b: Raichu|49/100\n|move|p1a: Charizard|Ancient Power|p2b: Raichu\n|-damage|p2b: Raichu|7/100\n|move|p2b: Raichu|Zap Cannon|p1a: Charizard\n|-supereffective|p1a: Charizard|1\n|-damage|p1a: Charizard|0 fnt\n|faint|p1a: Charizard\n|\n|-heal|p2a: Archaludon|88/100|[from] item: Leftovers\n|upkeep\n|\n|t:|1788270045\n|switch|p1a: Basculegion|Basculegion, L50, M|100/100\n|turn|12\n|\n|t:|1788270054\n|move|p2a: Archaludon|Protect||[still]\n|-fail|p2a: Archaludon\n|move|p1b: Whimsicott|Tailwind||[still]\n|-fail|p1b: Whimsicott\n|move|p1a: Basculegion|Wave Crash|p2b: Raichu\n|-damage|p2b: Raichu|0 fnt\n|faint|p2b: Raichu\n|-damage|p1a: Basculegion|98/100|[from] Recoil\n|\n|-heal|p2a: Archaludon|94/100|[from] item: Leftovers\n|-end|p2a: Archaludon|Encore\n|-sideend|p1: Thornlace48812|move: Tailwind\n|upkeep\n|turn|13\n|\n|t:|1788270061\n|move|p1b: Whimsicott|Moonblast|p2a: Archaludon\n|-damage|p2a: Archaludon|60/100\n|-ability|p2a: Archaludon|Stamina|boost\n|-boost|p2a: Archaludon|def|1\n|move|p1a: Basculegion|Last Respects|p2a: Archaludon\n|-damage|p2a: Archaludon|28/100\n|-ability|p2a: Archaludon|Stamina|boost\n|-boost|p2a: Archaludon|def|1\n|move|p2a: Archaludon|Electro Shot||[still]\n|-prepare|p2a: Archaludon|Electro Shot\n|-boost|p2a: Archaludon|spa|1\n|\n|-heal|p2a: Archaludon|34/100|[from] item: Leftovers\n|upkeep\n|turn|14\n|\n|t:|1788270063\n|move|p1b: Whimsicott|Moonblast|p2a: Archaludon\n|-damage|p2a: Archaludon|0 fnt\n|faint|p2a: Archaludon\n|\n|win|Thornlace48812\n|raw|Thornlace48812's rating: 1207 &rarr; <strong>1224</strong><br />(+17 for winning)\n|raw|sword saga's rating: 1088 &rarr; <strong>1072</strong><br />(-16 for losing)\n","uploadtime":1788270063,"views":"3","formatid":"gen9championsvgc2026regmb","rating":1072,"private":0,"password":null}