{"id":"gen9championsvgc2026regmb-2674346517","format":"[Gen 9 Champions] VGC 2026 Reg M-B","players":["endershovel","Sir AaronVGC"],"log":"|j|☆endershovel\n|j|☆Sir AaronVGC\n|t:|1788345999\n|gametype|doubles\n|player|p1|endershovel|miku-water|\n|player|p2|Sir AaronVGC|#smogonxnpa2026draftee|\n|gen|9\n|tier|[Gen 9 Champions] VGC 2026 Reg M-B\n|rated|Tournament battle\n|rule|Species Clause: Limit one of each Pokémon\n|rule|Item Clause: Limit 1 of each item\n|raw|<div class=\"infobox\"><details class=\"readmore\" open><summary><strong>1 custom rule:</strong></summary> Force Open Team Sheets</details></div>\n|clearpoke\n|poke|p1|Starmie, L50, shiny|\n|poke|p1|Sneasler, L50, F|\n|poke|p1|Pelipper, L50, F|\n|poke|p1|Archaludon, L50, M|\n|poke|p1|Sinistcha-Masterpiece, L50|\n|poke|p1|Kingambit, L50, F|\n|poke|p2|Toxapex, L50, F, shiny|\n|poke|p2|Snorlax, L50, F|\n|poke|p2|Floette-Eternal, L50, F|\n|poke|p2|Garchomp, L50, F|\n|poke|p2|Talonflame, L50, F|\n|poke|p2|Basculegion, L50, M|\n|teampreview|4\n|showteam|p1|Starmie||Starminite|NaturalCure|Liquidation,ZenHeadbutt,AquaJet,Protect|Jolly|||||50|]Sneasler||FocusSash|PoisonTouch|CloseCombat,DireClaw,Coaching,FakeOut|Jolly||F|||50|]Pelipper||SitrusBerry|Drizzle|Hurricane,MuddyWater,Tailwind,WideGuard|Modest||F|||50|]Archaludon||Leftovers|Stamina|ElectroShot,FlashCannon,DragonPulse,Protect|Modest||M|||50|]Sinistcha-Masterpiece||ColburBerry|Hospitality|MatchaGotcha,RagePowder,TrickRoom,Protect|Calm|||||50|]Kingambit||BlackGlasses|Defiant|KowtowCleave,SuckerPunch,SwordsDance,Protect|Adamant||F|||50|\n|showteam|p2|Toxapex||SitrusBerry|Regenerator|Infestation,WideGuard,Recover,Protect|Careful||F|||50|]Snorlax||ChopleBerry|ThickFat|DoubleEdge,Fissure,Yawn,Protect|Impish||F|||50|]Floette-Eternal||Floettite|FlowerVeil|Moonblast,DazzlingGleam,LightofRuin,Protect|Timid||F|||50|]Garchomp||LifeOrb|RoughSkin|DragonClaw,Earthquake,RockSlide,Protect|Adamant||F|||50|]Talonflame||SharpBeak|GaleWings|BraveBird,FlareBlitz,Tailwind,Protect|Jolly||F|||50|]Basculegion||ChoiceScarf|Adaptability|WaveCrash,LastRespects,AquaJet,FlipTurn|Jolly||M|||50|\n|j| DuDeReedSSSSSSS\n|inactive|Battle timer is ON: inactive players will automatically lose when time's up. (requested by Sir AaronVGC)\n|\n|t:|1788346023\n|teamsize|p1|4\n|teamsize|p2|4\n|start\n|switch|p1a: Sneasler|Sneasler, L50, F|100/100\n|switch|p1b: Pelipper|Pelipper, L50, F|100/100\n|switch|p2a: Perilous Pink|Toxapex, L50, F, shiny|100/100\n|switch|p2b: Indy|Snorlax, L50, F|100/100\n|-weather|RainDance|[from] ability: Drizzle|[of] p1b: Pelipper\n|turn|1\n|\n|t:|1788346040\n|move|p2b: Indy|Protect|p2b: Indy\n|-singleturn|p2b: Indy|Protect\n|move|p1a: Sneasler|Fake Out|p2a: Perilous Pink\n|-damage|p2a: Perilous Pink|87/100\n|move|p1b: Pelipper|Tailwind|p1b: Pelipper\n|-sidestart|p1: endershovel|move: Tailwind\n|cant|p2a: Perilous Pink|flinch\n|\n|-weather|RainDance|[upkeep]\n|upkeep\n|turn|2\n|\n|t:|1788346048\n|move|p1a: Sneasler|Close Combat|p2b: Indy\n|-supereffective|p2b: Indy|1\n|-enditem|p2b: Indy|Chople Berry|[eat]\n|-enditem|p2b: Indy|Chople Berry|[weaken]\n|-damage|p2b: Indy|61/100\n|-unboost|p1a: Sneasler|def|1\n|-unboost|p1a: Sneasler|spd|1\n|move|p1b: Pelipper|Muddy Water|p2b: Indy|[spread] p2a,p2b\n|-resisted|p2a: Perilous Pink|1\n|-damage|p2a: Perilous Pink|75/100\n|-damage|p2b: Indy|40/100\n|-unboost|p2a: Perilous Pink|accuracy|1\n|move|p2a: Perilous Pink|Infestation|p1a: Sneasler\n|-resisted|p1a: Sneasler|2\n|-damage|p1a: Sneasler|98/100\n|-activate|p1a: Sneasler|move: Infestation|[of] p2a: Perilous Pink\n|move|p2b: Indy|Yawn|p1a: Sneasler\n|-start|p1a: Sneasler|move: Yawn|[of] p2b: Indy\n|\n|-weather|RainDance|[upkeep]\n|-damage|p1a: Sneasler|86/100|[from] move: Infestation|[partiallytrapped]\n|upkeep\n|turn|3\n|\n|t:|1788346066\n|switch|p1b: Archaludon|Archaludon, L50, M|100/100\n|move|p2b: Indy|Protect|p2b: Indy\n|-singleturn|p2b: Indy|Protect\n|move|p1a: Sneasler|Close Combat|p2b: Indy\n|-activate|p2b: Indy|move: Protect\n|move|p2a: Perilous Pink|Infestation|p1b: Archaludon|[miss]\n|-miss|p2a: Perilous Pink|p1b: Archaludon\n|\n|-weather|RainDance|[upkeep]\n|-damage|p1a: Sneasler|74/100|[from] move: Infestation|[partiallytrapped]\n|-end|p1a: Sneasler|move: Yawn|[silent]\n|-status|p1a: Sneasler|slp\n|upkeep\n|turn|4\n|\n|t:|1788346080\n|move|p2a: Perilous Pink|Protect|p2a: Perilous Pink\n|-singleturn|p2a: Perilous Pink|Protect\n|cant|p1a: Sneasler|slp\n|move|p1b: Archaludon|Electro Shot||[still]\n|-prepare|p1b: Archaludon|Electro Shot\n|-boost|p1b: Archaludon|spa|1\n|-anim|p1b: Archaludon|Electro Shot|p2b: Indy\n|-damage|p2b: Indy|1/100\n|move|p2b: Indy|Yawn|p1b: Archaludon\n|-start|p1b: Archaludon|move: Yawn|[of] p2b: Indy\n|\n|-weather|RainDance|[upkeep]\n|-damage|p1a: Sneasler|62/100 slp|[from] move: Infestation|[partiallytrapped]\n|-sideend|p1: endershovel|move: Tailwind\n|upkeep\n|turn|5\n|\n|t:|1788346103\n|switch|p1b: Pelipper|Pelipper, L50, F|100/100\n|cant|p1a: Sneasler|slp\n|move|p2a: Perilous Pink|Infestation|p1b: Pelipper\n|-resisted|p1b: Pelipper|1\n|-damage|p1b: Pelipper|98/100\n|-activate|p1b: Pelipper|move: Infestation|[of] p2a: Perilous Pink\n|move|p2b: Indy|Yawn|p1b: Pelipper\n|-start|p1b: Pelipper|move: Yawn|[of] p2b: Indy\n|\n|-weather|none\n|-damage|p1a: Sneasler|50/100g slp|[from] move: Infestation|[partiallytrapped]\n|-damage|p1b: Pelipper|86/100|[from] move: Infestation|[partiallytrapped]\n|upkeep\n|turn|6\n|c|☆endershovel|man\n|c|☆endershovel|this team is annoying\n|\n|t:|1788346121\n|move|p2a: Perilous Pink|Protect|p2a: Perilous Pink\n|-singleturn|p2a: Perilous Pink|Protect\n|move|p2b: Indy|Protect|p2b: Indy\n|-singleturn|p2b: Indy|Protect\n|-curestatus|p1a: Sneasler|slp|[msg]\n|move|p1a: Sneasler|Close Combat|p2b: Indy\n|-activate|p2b: Indy|move: Protect\n|move|p1b: Pelipper|Tailwind|p1b: Pelipper\n|-sidestart|p1: endershovel|move: Tailwind\n|\n|-end|p1a: Sneasler|Infestation|[partiallytrapped]\n|-damage|p1b: Pelipper|74/100|[from] move: Infestation|[partiallytrapped]\n|-end|p1b: Pelipper|move: Yawn|[silent]\n|-status|p1b: Pelipper|slp\n|upkeep\n|turn|7\n|\n|t:|1788346134\n|switch|p2b: Houndfish|Basculegion, L50, M|100/100\n|move|p1a: Sneasler|Close Combat|p2b: Houndfish\n|-immune|p2b: Houndfish\n|cant|p1b: Pelipper|slp\n|move|p2a: Perilous Pink|Infestation|p1a: Sneasler|[miss]\n|-miss|p2a: Perilous Pink|p1a: Sneasler\n|\n|-damage|p1b: Pelipper|62/100 slp|[from] move: Infestation|[partiallytrapped]\n|upkeep\n|turn|8\n|\n|t:|1788346146\n|move|p1a: Sneasler|Dire Claw|p2b: Houndfish\n|-resisted|p2b: Houndfish|1\n|-damage|p2b: Houndfish|75/100\n|-status|p2b: Houndfish|psn|[from] ability: Poison Touch|[of] p1a: Sneasler\n|move|p2b: Houndfish|Flip Turn|p1a: Sneasler\n|-damage|p1a: Sneasler|0 fnt\n|faint|p1a: Sneasler\n|\n|t:|1788346155\n|switch|p2b: Indy|Snorlax, L50, F|1/100|[from] Flip Turn\n|cant|p1b: Pelipper|slp\n|move|p2a: Perilous Pink|Infestation|p1b: Pelipper|[miss]\n|-miss|p2a: Perilous Pink|p1b: Pelipper\n|\n|-damage|p1b: Pelipper|50/100y slp|[from] move: Infestation|[partiallytrapped]\n|upkeep\n|-enditem|p1b: Pelipper|Sitrus Berry|[eat]\n|-heal|p1b: Pelipper|74/100 slp|[from] item: Sitrus Berry\n|\n|t:|1788346164\n|switch|p1a: Archaludon|Archaludon, L50, M|100/100\n|turn|9\n|j| ThundyT2\n|\n|t:|1788346170\n|move|p1a: Archaludon|Electro Shot||[still]\n|-prepare|p1a: Archaludon|Electro Shot\n|-boost|p1a: Archaludon|spa|1\n|-curestatus|p1b: Pelipper|slp|[msg]\n|move|p1b: Pelipper|Muddy Water|p2b: Indy|[spread] p2a,p2b\n|-resisted|p2a: Perilous Pink|1\n|-crit|p2a: Perilous Pink\n|-damage|p2a: Perilous Pink|62/100\n|-damage|p2b: Indy|0 fnt\n|faint|p2b: Indy\n|move|p2a: Perilous Pink|Infestation|p1a: Archaludon\n|-resisted|p1a: Archaludon|1\n|-damage|p1a: Archaludon|98/100\n|-activate|p1a: Archaludon|move: Infestation|[of] p2a: Perilous Pink\n|-ability|p1a: Archaludon|Stamina|boost\n|-boost|p1a: Archaludon|def|1\n|\n|-heal|p1a: Archaludon|100/100|[from] item: Leftovers\n|-damage|p1a: Archaludon|87/100|[from] move: Infestation|[partiallytrapped]\n|-end|p1b: Pelipper|Infestation|[partiallytrapped]\n|-sideend|p1: endershovel|move: Tailwind\n|upkeep\n|\n|t:|1788346185\n|switch|p2b: Nuclear Baby|Floette-Eternal, L50, F|100/100\n|turn|10\n|\n|t:|1788346194\n|switch|p1b: Starmie|Starmie, L50, shiny|100/100\n|detailschange|p2b: Nuclear Baby|Floette-Mega, L50, F\n|-mega|p2b: Nuclear Baby|Floette|Floettite\n|-ability|p2b: Nuclear Baby|Fairy Aura\n|move|p2a: Perilous Pink|Protect|p2a: Perilous Pink\n|-singleturn|p2a: Perilous Pink|Protect\n|move|p2b: Nuclear Baby|Dazzling Gleam|p1a: Archaludon|[spread] p1a,p1b\n|-damage|p1a: Archaludon|36/100\n|-damage|p1b: Starmie|43/100\n|-ability|p1a: Archaludon|Stamina|boost\n|-boost|p1a: Archaludon|def|1\n|move|p1a: Archaludon|Electro Shot|p2a: Perilous Pink|[from] lockedmove\n|-activate|p2a: Perilous Pink|move: Protect\n|\n|-heal|p1a: Archaludon|42/100|[from] item: Leftovers\n|-damage|p1a: Archaludon|29/100|[from] move: Infestation|[partiallytrapped]\n|upkeep\n|turn|11\n|\n|t:|1788346214\n|detailschange|p1b: Starmie|Starmie-Mega, L50, shiny\n|-mega|p1b: Starmie|Starmie|Starminite\n|move|p1b: Starmie|Protect|p1b: Starmie\n|-singleturn|p1b: Starmie|Protect\n|move|p2b: Nuclear Baby|Protect|p2b: Nuclear Baby\n|-singleturn|p2b: Nuclear Baby|Protect\n|move|p1a: Archaludon|Flash Cannon|p2b: Nuclear Baby\n|-activate|p2b: Nuclear Baby|move: Protect\n|move|p2a: Perilous Pink|Infestation|p1b: Starmie\n|-activate|p1b: Starmie|move: Protect\n|\n|-heal|p1a: Archaludon|36/100|[from] item: Leftovers\n|-damage|p1a: Archaludon|23/100|[from] move: Infestation|[partiallytrapped]\n|upkeep\n|turn|12\n|\n|t:|1788346230\n|switch|p1b: Pelipper|Pelipper, L50, F|74/100\n|-weather|RainDance|[from] ability: Drizzle|[of] p1b: Pelipper\n|move|p2b: Nuclear Baby|Dazzling Gleam|p1b: Pelipper|[spread] p1a,p1b\n|-crit|p1a: Archaludon\n|-damage|p1a: Archaludon|0 fnt\n|-damage|p1b: Pelipper|12/100\n|faint|p1a: Archaludon\n|move|p2a: Perilous Pink|Infestation|p1b: Pelipper\n|-resisted|p1b: Pelipper|1\n|-damage|p1b: Pelipper|10/100\n|-activate|p1b: Pelipper|move: Infestation|[of] p2a: Perilous Pink\n|\n|-weather|RainDance|[upkeep]\n|-damage|p1b: Pelipper|0 fnt|[from] move: Infestation|[partiallytrapped]\n|faint|p1b: Pelipper\n|upkeep\n|\n|t:|1788346233\n|switch|p1a: Starmie|Starmie-Mega, L50, shiny|43/100\n|turn|13\n|\n|t:|1788346245\n|move|p2b: Nuclear Baby|Protect|p2b: Nuclear Baby\n|-singleturn|p2b: Nuclear Baby|Protect\n|move|p1a: Starmie|Liquidation|p2b: Nuclear Baby\n|-activate|p2b: Nuclear Baby|move: Protect\n|move|p2a: Perilous Pink|Infestation|p1a: Starmie|[miss]\n|-miss|p2a: Perilous Pink|p1a: Starmie\n|\n|-weather|RainDance|[upkeep]\n|upkeep\n|turn|14\n|\n|t:|1788346253\n|move|p1a: Starmie|Liquidation|p2b: Nuclear Baby\n|-crit|p2b: Nuclear Baby\n|-damage|p2b: Nuclear Baby|0 fnt\n|faint|p2b: Nuclear Baby\n|move|p2a: Perilous Pink|Infestation|p1a: Starmie\n|-supereffective|p1a: Starmie|1\n|-damage|p1a: Starmie|36/100\n|-activate|p1a: Starmie|move: Infestation|[of] p2a: Perilous Pink\n|\n|-weather|RainDance|[upkeep]\n|-damage|p1a: Starmie|24/100|[from] move: Infestation|[partiallytrapped]\n|upkeep\n|\n|t:|1788346257\n|switch|p2b: Houndfish|Basculegion, L50, M|75/100 psn\n|turn|15\n|\n|t:|1788346261\n|move|p2b: Houndfish|Last Respects|p1a: Starmie\n|-supereffective|p1a: Starmie|1\n|-damage|p1a: Starmie|0 fnt\n|faint|p1a: Starmie\n|\n|win|Sir AaronVGC\n|n|☆endershovel|endershovel\n|n|☆Sir AaronVGC|siraaronvgc\n|n| DuDeReedSSSSSSS|dudereedsssssss\n|n| ThundyT2|thundyt2\n","uploadtime":1788346291,"views":"0","formatid":"gen9championsvgc2026regmb","rating":null,"private":0,"password":null}