{"id":"gen9championsvgc2026regmbbo3-2674147074","format":"[Gen 9 Champions] VGC 2026 Reg M-B (Bo3)","players":["NettoFagundes","moicito"],"log":"|j|☆NettoFagundes\n|j|☆moicito\n|html|<table width=\"100%\"><tr><td align=\"left\">NettoFagundes</td><td align=\"right\">moicito</tr><tr><td align=\"left\"><i class=\"fa fa-circle-o\"></i> <i class=\"fa fa-circle-o\"></i> </td><td align=\"right\"><i class=\"fa fa-circle-o\"></i> <i class=\"fa fa-circle-o\"></i> </tr></table>\n|uhtml|bestof|<h2><strong>Game 1</strong> of <a href=\"/game-bestof3-gen9championsvgc2026regmbbo3-2674147072\">a best-of-3</a></h2>\n|t:|1788306134\n|gametype|doubles\n|player|p1|NettoFagundes|hugh|1064\n|player|p2|moicito|caitlin|1185\n|gen|9\n|tier|[Gen 9 Champions] VGC 2026 Reg M-B (Bo3)\n|rated|\n|rule|Species Clause: Limit one of each Pokémon\n|rule|Item Clause: Limit 1 of each item\n|clearpoke\n|poke|p1|Swampert, L50, M|\n|poke|p1|Raichu, L50, M|\n|poke|p1|Archaludon, L50, M|\n|poke|p1|Pelipper, L50, M|\n|poke|p1|Basculegion, L50, M|\n|poke|p1|Grimmsnarl, L50, M|\n|poke|p2|Whimsicott, L50, M|\n|poke|p2|Garchomp, L50, F|\n|poke|p2|Basculegion, L50, M|\n|poke|p2|Kingambit, L50, F|\n|poke|p2|Floette-Eternal, L50, F|\n|poke|p2|Charizard, L50, M|\n|teampreview|4\n|showteam|p1|Swampert||Swampertite|Torrent|PoisonJab,Earthquake,FlipTurn,Protect|Adamant||M|||50|]Raichu||RaichuniteY|LightningRod|FakeOut,ZapCannon,FocusBlast,Electroweb|Hasty||M|||50|]Archaludon||Leftovers|Stamina|FlashCannon,DracoMeteor,ElectroShot,Protect|Calm||M|||50|]Pelipper||FocusSash|Drizzle|Hurricane,Protect,HelpingHand,Tailwind|Bold||M|||50|]Basculegion||ChoiceScarf|Adaptability|WaveCrash,AquaJet,LastRespects,FlipTurn|Jolly||M|||50|]Grimmsnarl||LightClay|Prankster|SpiritBreak,Reflect,LightScreen,PartingShot|Careful||M|||50|\n|showteam|p2|Whimsicott||FocusSash|Prankster|Moonblast,Tailwind,Encore,Protect|Timid||M|||50|]Garchomp||SitrusBerry|RoughSkin|DragonClaw,StompingTantrum,RockSlide,Protect|Adamant||F|||50|]Basculegion||LifeOrb|Adaptability|WaveCrash,LastRespects,AquaJet,Protect|Adamant||M|||50|]Kingambit||ChopleBerry|Defiant|KowtowCleave,IronHead,LowKick,SuckerPunch|Adamant||F|||50|]Floette-Eternal||Floettite|FlowerVeil|Moonblast,DazzlingGleam,LightofRuin,Protect|Timid||F|||50|]Charizard||CharizarditeY|Blaze|HeatWave,AncientPower,WeatherBall,Protect|Modest||M|||50|\n|inactive|Battle timer is ON: inactive players will automatically lose when time's up. (requested by NettoFagundes)\n|\n|t:|1788306163\n|teamsize|p1|4\n|teamsize|p2|4\n|start\n|switch|p1a: Swampert|Swampert, L50, M|100/100\n|switch|p1b: Basculegion|Basculegion, L50, M|100/100\n|switch|p2a: Whimsicott|Whimsicott, L50, M|100/100\n|switch|p2b: Garchomp|Garchomp, L50, F|100/100\n|turn|1\n|inactive|NettoFagundes has 30 seconds left.\n|\n|t:|1788306193\n|detailschange|p1a: Swampert|Swampert-Mega, L50, M\n|-mega|p1a: Swampert|Swampert|Swampertite\n|move|p2a: Whimsicott|Tailwind|p2a: Whimsicott\n|-sidestart|p2: moicito|move: Tailwind\n|move|p2b: Garchomp|Rock Slide|p1a: Swampert|[spread] p1a\n|-miss|p2b: Garchomp|p1b: Basculegion\n|-resisted|p1a: Swampert|1\n|-damage|p1a: Swampert|91/100\n|move|p1b: Basculegion|Flip Turn|p2b: Garchomp\n|-damage|p2b: Garchomp|67/100\n|-damage|p1b: Basculegion|87/100|[from] ability: Rough Skin|[of] p2b: Garchomp\n|\n|t:|1788306206\n|switch|p1b: Pelipper|Pelipper, L50, M|100/100|[from] Flip Turn\n|-weather|RainDance|[from] ability: Drizzle|[of] p1b: Pelipper\n|move|p1a: Swampert|Poison Jab|p2a: Whimsicott\n|-supereffective|p2a: Whimsicott|2\n|-enditem|p2a: Whimsicott|Focus Sash\n|-damage|p2a: Whimsicott|1/100\n|\n|-weather|RainDance|[upkeep]\n|upkeep\n|turn|2\n|inactive|NettoFagundes has 30 seconds left.\n|\n|t:|1788306235\n|move|p2a: Whimsicott|Encore|p1a: Swampert\n|-start|p1a: Swampert|Encore\n|move|p2b: Garchomp|Stomping Tantrum|p1a: Swampert\n|-damage|p1a: Swampert|59/100\n|move|p1a: Swampert|Poison Jab|p2a: Whimsicott\n|-supereffective|p2a: Whimsicott|2\n|-damage|p2a: Whimsicott|0 fnt\n|faint|p2a: Whimsicott\n|move|p1b: Pelipper|Hurricane|p2b: Garchomp\n|-damage|p2b: Garchomp|33/100\n|-start|p2b: Garchomp|confusion\n|-enditem|p2b: Garchomp|Sitrus Berry|[eat]\n|-heal|p2b: Garchomp|58/100|[from] item: Sitrus Berry\n|\n|-weather|RainDance|[upkeep]\n|upkeep\n|\n|t:|1788306250\n|switch|p2a: Floette|Floette-Eternal, L50, F|100/100\n|turn|3\n|\n|t:|1788306268\n|detailschange|p2a: Floette|Floette-Mega, L50, F\n|-mega|p2a: Floette|Floette|Floettite\n|-ability|p2a: Floette|Fairy Aura\n|move|p1b: Pelipper|Helping Hand|p1a: Swampert\n|-singleturn|p1a: Swampert|Helping Hand|[of] p1b: Pelipper\n|move|p2a: Floette|Dazzling Gleam|p1b: Pelipper|[spread] p1a,p1b\n|-damage|p1a: Swampert|21/100\n|-damage|p1b: Pelipper|31/100\n|-activate|p2b: Garchomp|confusion\n|move|p2b: Garchomp|Dragon Claw|p1a: Swampert\n|-damage|p1a: Swampert|0 fnt\n|faint|p1a: Swampert\n|\n|-weather|RainDance|[upkeep]\n|upkeep\n|\n|t:|1788306285\n|switch|p1a: Archaludon|Archaludon, L50, M|100/100\n|turn|4\n|\n|t:|1788306299\n|move|p1a: Archaludon|Protect|p1a: Archaludon\n|-singleturn|p1a: Archaludon|Protect\n|move|p1b: Pelipper|Protect|p1b: Pelipper\n|-singleturn|p1b: Pelipper|Protect\n|move|p2a: Floette|Dazzling Gleam|p1a: Archaludon|[spread] \n|-activate|p1a: Archaludon|move: Protect\n|-activate|p1b: Pelipper|move: Protect\n|-activate|p2b: Garchomp|confusion\n|move|p2b: Garchomp|Dragon Claw|p1b: Pelipper\n|-activate|p1b: Pelipper|move: Protect\n|\n|-weather|RainDance|[upkeep]\n|-sideend|p2: moicito|move: Tailwind\n|upkeep\n|turn|5\n|\n|t:|1788306324\n|move|p1b: Pelipper|Helping Hand|p1a: Archaludon\n|-singleturn|p1a: Archaludon|Helping Hand|[of] p1b: Pelipper\n|move|p2a: Floette|Moonblast|p1a: Archaludon\n|-damage|p1a: Archaludon|24/100\n|-ability|p1a: Archaludon|Stamina|boost\n|-boost|p1a: Archaludon|def|1\n|-activate|p2b: Garchomp|confusion\n|move|p2b: Garchomp|Dragon Claw|p1b: Pelipper\n|-damage|p1b: Pelipper|0 fnt\n|faint|p1b: Pelipper\n|move|p1a: Archaludon|Flash Cannon|p2a: Floette\n|-supereffective|p2a: Floette|1\n|-damage|p2a: Floette|0 fnt\n|faint|p2a: Floette\n|\n|-weather|none\n|-heal|p1a: Archaludon|30/100|[from] item: Leftovers\n|upkeep\n|\n|t:|1788306343\n|switch|p2a: Basculegion|Basculegion, L50, M|100/100\n|switch|p1b: Basculegion|Basculegion, L50, M|87/100\n|turn|6\n|inactive|moicito has 30 seconds left.\n|inactive|moicito has 20 seconds left.\n|inactive|moicito has 15 seconds left.\n|\n|t:|1788306387\n|move|p1a: Archaludon|Protect|p1a: Archaludon\n|-singleturn|p1a: Archaludon|Protect\n|move|p1b: Basculegion|Last Respects|p2a: Basculegion\n|-supereffective|p2a: Basculegion|1\n|-damage|p2a: Basculegion|0 fnt\n|faint|p2a: Basculegion\n|-end|p2b: Garchomp|confusion\n|move|p2b: Garchomp|Rock Slide|p1b: Basculegion|[spread] \n|-activate|p1a: Archaludon|move: Protect\n|-miss|p2b: Garchomp|p1b: Basculegion\n|\n|-heal|p1a: Archaludon|36/100|[from] item: Leftovers\n|upkeep\n|turn|7\n|\n|t:|1788306407\n|move|p1b: Basculegion|Last Respects|p2b: Garchomp\n|-damage|p2b: Garchomp|0 fnt\n|faint|p2b: Garchomp\n|\n|win|NettoFagundes\n||moicito is ready for game 2.\n|l|☆NettoFagundes\n|player|p1|\n|inactive|NettoFagundes has 30 seconds to confirm battle start!\n||NettoFagundes is ready for game 2.\n|uhtml|next|Next: <a href=\"/battle-gen9championsvgc2026regmbbo3-2674148925\"><strong>Game 2 of 3</strong></a>\n","uploadtime":1788306928,"views":"2","formatid":"gen9championsvgc2026regmbbo3","rating":null,"private":0,"password":null}