{"id":"gen9championsvgc2026regmb-2674721522","format":"[Gen 9 Champions] VGC 2026 Reg M-B","players":["NoxxinVGC","Levisupafly"],"log":"|j|☆NoxxinVGC\n|j|☆Levisupafly\n|t:|1788395860\n|gametype|doubles\n|player|p1|NoxxinVGC|1|1017\n|player|p2|Levisupafly|266|1089\n|gen|9\n|tier|[Gen 9 Champions] VGC 2026 Reg M-B\n|rated|\n|rule|Species Clause: Limit one of each Pokémon\n|rule|Item Clause: Limit 1 of each item\n|clearpoke\n|poke|p1|Toxapex, L50, F, shiny|\n|poke|p1|Garchomp, L50, F|\n|poke|p1|Metagross, L50|\n|poke|p1|Charizard, L50, F, shiny|\n|poke|p1|Grimmsnarl, L50, M|\n|poke|p1|Hydreigon, L50, F, shiny|\n|poke|p2|Drampa, L50, M|\n|poke|p2|Mawile, L50, M|\n|poke|p2|Samurott-Hisui, L50, M|\n|poke|p2|Glimmora, L50, F|\n|poke|p2|Sinistcha-Masterpiece, L50|\n|poke|p2|Ceruledge, L50, F|\n|teampreview|4\n|inactive|Battle timer is ON: inactive players will automatically lose when time's up. (requested by NoxxinVGC)\n|\n|t:|1788395903\n|teamsize|p1|4\n|teamsize|p2|4\n|start\n|switch|p1a: Toxapex|Toxapex, L50, F, shiny|100/100\n|switch|p1b: Grimmsnarl|Grimmsnarl, L50, M|100/100\n|switch|p2a: Glimmora|Glimmora, L50, F|100/100\n|switch|p2b: Drampa|Drampa, L50, M|100/100\n|-ability|p2b: Drampa|Cloud Nine\n|turn|1\n|inactive|NoxxinVGC has 30 seconds left.\n|\n|t:|1788395934\n|move|p1a: Toxapex|Baneful Bunker|p1a: Toxapex\n|-singleturn|p1a: Toxapex|move: Protect\n|move|p1b: Grimmsnarl|Parting Shot|p2a: Glimmora\n|-unboost|p2a: Glimmora|atk|1\n|-unboost|p2a: Glimmora|spa|1\n|\n|t:|1788395942\n|switch|p1b: Metagross|Metagross, L50|100/100|[from] Parting Shot\n|move|p2a: Glimmora|Stealth Rock|p1b: Metagross\n|-sidestart|p1: NoxxinVGC|move: Stealth Rock\n|move|p2b: Drampa|Whirlwind|p2a: Glimmora\n|drag|p2a: Sinistcha|Sinistcha-Masterpiece, L50|100/100\n|\n|upkeep\n|turn|2\n|inactive|NoxxinVGC has 30 seconds left.\n|inactive|NoxxinVGC has 20 seconds left.\n|inactive|Levisupafly has 30 seconds left.\n|inactive|NoxxinVGC has 15 seconds left.\n|\n|t:|1788395985\n|detailschange|p1b: Metagross|Metagross-Mega, L50\n|-mega|p1b: Metagross|Metagross|Metagrossite\n|detailschange|p2b: Drampa|Drampa-Mega, L50, M\n|-mega|p2b: Drampa|Drampa|Drampanite\n|move|p1b: Metagross|Hammer Arm|p2b: Drampa\n|-supereffective|p2b: Drampa|1\n|-damage|p2b: Drampa|14/100\n|-unboost|p1b: Metagross|spe|1\n|-ability|p2b: Drampa|Berserk|boost\n|-boost|p2b: Drampa|spa|1\n|move|p1a: Toxapex|Toxic|p2a: Sinistcha\n|-status|p2a: Sinistcha|tox\n|move|p2b: Drampa|Thunderbolt|p1a: Toxapex\n|-supereffective|p1a: Toxapex|1\n|-damage|p1a: Toxapex|14/100\n|move|p2a: Sinistcha|Trick Room|p2a: Sinistcha\n|-fieldstart|move: Trick Room|[of] p2a: Sinistcha\n|\n|-heal|p1a: Toxapex|20/100y|[from] item: Leftovers\n|-damage|p2a: Sinistcha|93/100 tox|[from] psn\n|upkeep\n|turn|3\n|inactive|NoxxinVGC has 30 seconds left.\n|\n|t:|1788396015\n|move|p1a: Toxapex|Baneful Bunker|p1a: Toxapex\n|-singleturn|p1a: Toxapex|move: Protect\n|move|p1b: Metagross|Bullet Punch|p2b: Drampa\n|-damage|p2b: Drampa|0 fnt\n|faint|p2b: Drampa\n|move|p2a: Sinistcha|Life Dew|p2a: Sinistcha\n|-heal|p2a: Sinistcha|100/100 tox\n|\n|-heal|p1a: Toxapex|26/100|[from] item: Leftovers\n|-damage|p2a: Sinistcha|87/100 tox|[from] psn\n|upkeep\n|\n|t:|1788396030\n|switch|p2b: Glimmora|Glimmora, L50, F|100/100\n|turn|4\n|\n|t:|1788396046\n|-heal|p1a: Toxapex|59/100|[from] ability: Regenerator|[silent]\n|switch|p1a: Grimmsnarl|Grimmsnarl, L50, M|100/100\n|-damage|p1a: Grimmsnarl|87/100|[from] Stealth Rock\n|move|p2a: Sinistcha|Rage Powder|p2a: Sinistcha\n|-singleturn|p2a: Sinistcha|move: Rage Powder\n|move|p1b: Metagross|Iron Head|p2a: Sinistcha\n|-damage|p2a: Sinistcha|41/100 tox\n|move|p2b: Glimmora|Earth Power|p1b: Metagross\n|-supereffective|p1b: Metagross|1\n|-damage|p1b: Metagross|40/100\n|\n|-damage|p2a: Sinistcha|23/100 tox|[from] psn\n|upkeep\n|turn|5\n|\n|t:|1788396065\n|switch|p2b: Mawile|Mawile, L50, M|100/100\n|-ability|p2b: Mawile|Intimidate|boost\n|-unboost|p1a: Grimmsnarl|atk|1\n|-unboost|p1b: Metagross|atk|1\n|move|p1b: Metagross|Protect|p1b: Metagross\n|-singleturn|p1b: Metagross|Protect\n|move|p1a: Grimmsnarl|Foul Play|p2a: Sinistcha\n|-supereffective|p2a: Sinistcha|1\n|-damage|p2a: Sinistcha|0 fnt\n|faint|p2a: Sinistcha\n|\n|upkeep\n|\n|t:|1788396074\n|switch|p2a: Glimmora|Glimmora, L50, F|100/100\n|turn|6\n|\n|t:|1788396096\n|switch|p1b: Toxapex|Toxapex, L50, F, shiny|59/100\n|-damage|p1b: Toxapex|47/100|[from] Stealth Rock\n|move|p1a: Grimmsnarl|Parting Shot|p2b: Mawile\n|-unboost|p2b: Mawile|atk|1\n|-unboost|p2b: Mawile|spa|1\n|\n|t:|1788396104\n|switch|p1a: Metagross|Metagross-Mega, L50|40/100|[from] Parting Shot\n|-damage|p1a: Metagross|34/100|[from] Stealth Rock\n|move|p2b: Mawile|Iron Head|p1a: Metagross\n|-resisted|p1a: Metagross|1\n|-damage|p1a: Metagross|27/100\n|move|p2a: Glimmora|Earth Power|p1b: Toxapex\n|-supereffective|p1b: Toxapex|1\n|-damage|p1b: Toxapex|0 fnt\n|faint|p1b: Toxapex\n|\n|-fieldend|move: Trick Room\n|upkeep\n|\n|t:|1788396116\n|switch|p1b: Garchomp|Garchomp, L50, F|100/100\n|-damage|p1b: Garchomp|93/100|[from] Stealth Rock\n|turn|7\n|\n|t:|1788396125\n|move|p1a: Metagross|Protect|p1a: Metagross\n|-singleturn|p1a: Metagross|Protect\n|move|p2a: Glimmora|Earth Power|p1a: Metagross\n|-activate|p1a: Metagross|move: Protect\n|move|p1b: Garchomp|Earthquake|p2b: Mawile|[spread] p2a,p2b\n|-activate|p1a: Metagross|move: Protect\n|-supereffective|p2a: Glimmora|2\n|-supereffective|p2b: Mawile|1\n|-damage|p2a: Glimmora|0 fnt\n|-damage|p2b: Mawile|7/100\n|-activate|p2a: Glimmora|ability: Toxic Debris\n|-sidestart|p1: NoxxinVGC|move: Toxic Spikes\n|faint|p2a: Glimmora\n|move|p2b: Mawile|Play Rough|p1b: Garchomp\n|-supereffective|p1b: Garchomp|1\n|-damage|p1b: Garchomp|51/100\n|-damage|p2b: Mawile|0 fnt|[from] ability: Rough Skin|[of] p1b: Garchomp\n|faint|p2b: Mawile\n|\n|win|NoxxinVGC\n|raw|NoxxinVGC's rating: 1017 &rarr; <strong>1062</strong><br />(+45 for winning)\n|raw|Levisupafly's rating: 1089 &rarr; <strong>1061</strong><br />(-28 for losing)\n","uploadtime":1788396125,"views":"0","formatid":"gen9championsvgc2026regmb","rating":1061,"private":0,"password":null}