{"id":"gen9championsvgc2026regmbbo3-2674655825","format":"[Gen 9 Champions] VGC 2026 Reg M-B (Bo3)","players":["ToastedArt","ilykuronaa"],"log":"|j|☆ToastedArt\n|j|☆ilykuronaa\n|html|<table width=\"100%\"><tr><td align=\"left\">ToastedArt</td><td align=\"right\">ilykuronaa</tr><tr><td align=\"left\"><i class=\"fa fa-circle\"></i> <i class=\"fa fa-circle-o\"></i> </td><td align=\"right\"><i class=\"fa fa-circle-o\"></i> <i class=\"fa fa-circle\"></i> </tr></table>\n|uhtml|bestof|<h2><strong>Game 3</strong> of <a href=\"/game-bestof3-gen9championsvgc2026regmbbo3-2674653659\">a best-of-3</a></h2>\n|t:|1788385913\n|gametype|doubles\n|player|p1|ToastedArt|iris|1129\n|player|p2|ilykuronaa|169|1197\n|gen|9\n|tier|[Gen 9 Champions] VGC 2026 Reg M-B (Bo3)\n|rated|\n|rule|Species Clause: Limit one of each Pokémon\n|rule|Item Clause: Limit 1 of each item\n|clearpoke\n|poke|p1|Chandelure, L50, M|\n|poke|p1|Kangaskhan, L50, F|\n|poke|p1|Kingambit, L50, M|\n|poke|p1|Kommo-o, L50, M|\n|poke|p1|Gallade, L50, M|\n|poke|p1|Basculegion, L50, M|\n|poke|p2|Floette-Eternal, L50, F|\n|poke|p2|Basculegion, L50, M|\n|poke|p2|Kingambit, L50, F|\n|poke|p2|Dragonite, L50, M|\n|poke|p2|Garchomp, L50, M|\n|poke|p2|Sneasler, L50, M|\n|teampreview|4\n|showteam|p1|Chandelure||FocusSash|FlashFire|TrickRoom,HeatWave,ShadowBall,Protect|Quiet||M|||50|]Kangaskhan||Kangaskhanite|Scrappy|FakeOut,DoubleEdge,SuckerPunch,BrickBreak|Brave||F|||50|]Kingambit||ChopleBerry|Defiant|KowtowCleave,SuckerPunch,IronHead,LowKick|Brave||M|||50|]Kommo-o||LifeOrb|Soundproof|ClangingScales,AuraSphere,Flamethrower,Protect|Quiet||M|||50|]Gallade||IronBall|Sharpness|SacredSword,LeafBlade,PsychoCut,TrickRoom|Brave||M|||50|]Basculegion||ColburBerry|Adaptability|FlipTurn,WaveCrash,LastRespects,AquaJet|Brave||M|||50|\n|showteam|p2|Floette-Eternal||Floettite|FlowerVeil|Moonblast,DazzlingGleam,LightofRuin,Protect|Timid||F|||50|]Basculegion||LifeOrb|Adaptability|WaveCrash,LastRespects,AquaJet,Protect|Adamant||M|||50|]Kingambit||ChopleBerry|Defiant|SuckerPunch,KowtowCleave,LowKick,IronHead|Adamant||F|||50|]Dragonite||Dragoninite|Multiscale|DragonPulse,HeatWave,ExtremeSpeed,Protect|Modest||M|||50|]Garchomp||ChoiceScarf|RoughSkin|DragonClaw,StompingTantrum,Earthquake,RockSlide|Jolly||M|||50|]Sneasler||FocusSash|Unburden|CloseCombat,DireClaw,FakeOut,Feint|Adamant||M|||50|\n|\n|t:|1788385948\n|teamsize|p1|4\n|teamsize|p2|4\n|start\n|switch|p1a: Chandelure|Chandelure, L50, M|100/100\n|switch|p1b: Kangaskhan|Kangaskhan, L50, F|100/100\n|switch|p2a: Floette|Floette-Eternal, L50, F|100/100\n|switch|p2b: Sneasler|Sneasler, L50, M|100/100\n|turn|1\n|\n|t:|1788385964\n|detailschange|p2a: Floette|Floette-Mega, L50, F\n|-mega|p2a: Floette|Floette|Floettite\n|-ability|p2a: Floette|Fairy Aura\n|detailschange|p1b: Kangaskhan|Kangaskhan-Mega, L50, F\n|-mega|p1b: Kangaskhan|Kangaskhan|Kangaskhanite\n|move|p2b: Sneasler|Fake Out|p1b: Kangaskhan\n|-damage|p1b: Kangaskhan|86/100\n|cant|p1b: Kangaskhan|flinch\n|move|p2a: Floette|Moonblast|p1b: Kangaskhan\n|-crit|p1b: Kangaskhan\n|-damage|p1b: Kangaskhan|0 fnt\n|faint|p1b: Kangaskhan\n|move|p1a: Chandelure|Trick Room|p1a: Chandelure\n|-fieldstart|move: Trick Room|[of] p1a: Chandelure\n|\n|upkeep\n|\n|t:|1788385978\n|switch|p1b: Basculegion|Basculegion, L50, M|100/100\n|turn|2\n|\n|t:|1788386004\n|move|p1b: Basculegion|Last Respects|p2a: Floette\n|-damage|p2a: Floette|7/100\n|move|p1a: Chandelure|Heat Wave|p2b: Sneasler|[spread] p2b\n|-miss|p1a: Chandelure|p2a: Floette\n|-damage|p2b: Sneasler|42/100\n|move|p2a: Floette|Dazzling Gleam|p1a: Chandelure|[spread] p1a,p1b\n|-resisted|p1a: Chandelure|1\n|-damage|p1a: Chandelure|73/100\n|-damage|p1b: Basculegion|54/100\n|move|p2b: Sneasler|Dire Claw|p1a: Chandelure\n|-resisted|p1a: Chandelure|1\n|-damage|p1a: Chandelure|45/100\n|\n|upkeep\n|turn|3\n|\n|t:|1788386026\n|move|p2a: Floette|Protect|p2a: Floette\n|-singleturn|p2a: Floette|Protect\n|move|p1b: Basculegion|Last Respects|p2b: Sneasler\n|-damage|p2b: Sneasler|0 fnt\n|faint|p2b: Sneasler\n|move|p1a: Chandelure|Heat Wave|p2a: Floette\n|-activate|p2a: Floette|move: Protect\n|\n|upkeep\n|\n|t:|1788386036\n|switch|p2b: Kingambit|Kingambit, L50, F|100/100\n|turn|4\n|\n|t:|1788386052\n|switch|p2a: Basculegion|Basculegion, L50, M|100/100\n|move|p2b: Kingambit|Kowtow Cleave|p1b: Basculegion\n|-supereffective|p1b: Basculegion|1\n|-enditem|p1b: Basculegion|Colbur Berry|[eat]\n|-enditem|p1b: Basculegion|Colbur Berry|[weaken]\n|-damage|p1b: Basculegion|1/100\n|move|p1b: Basculegion|Last Respects|p2b: Kingambit\n|-resisted|p2b: Kingambit|1\n|-damage|p2b: Kingambit|75/100\n|move|p1a: Chandelure|Heat Wave|p2b: Kingambit|[spread] p2a,p2b\n|-resisted|p2a: Basculegion|1\n|-supereffective|p2b: Kingambit|1\n|-damage|p2a: Basculegion|76/100\n|-damage|p2b: Kingambit|0 fnt\n|faint|p2b: Kingambit\n|\n|upkeep\n|\n|t:|1788386059\n|switch|p2b: Floette|Floette-Mega, L50, F|7/100\n|-ability|p2b: Floette|Fairy Aura\n|turn|5\n|\n|t:|1788386071\n|move|p2a: Basculegion|Protect|p2a: Basculegion\n|-singleturn|p2a: Basculegion|Protect\n|move|p2b: Floette|Protect|p2b: Floette\n|-singleturn|p2b: Floette|Protect\n|move|p1b: Basculegion|Last Respects|p2a: Basculegion\n|-activate|p2a: Basculegion|move: Protect\n|move|p1a: Chandelure|Shadow Ball|p2a: Basculegion\n|-activate|p2a: Basculegion|move: Protect\n|\n|-fieldend|move: Trick Room\n|upkeep\n|turn|6\n|\n|t:|1788386089\n|move|p2a: Basculegion|Aqua Jet|p1b: Basculegion\n|-resisted|p1b: Basculegion|1\n|-damage|p1b: Basculegion|0 fnt\n|faint|p1b: Basculegion\n|-damage|p2a: Basculegion|67/100|[from] item: Life Orb\n|move|p2b: Floette|Moonblast|p1a: Chandelure\n|-resisted|p1a: Chandelure|1\n|-damage|p1a: Chandelure|4/100\n|move|p1a: Chandelure|Shadow Ball|p2a: Basculegion\n|-supereffective|p2a: Basculegion|1\n|-damage|p2a: Basculegion|0 fnt\n|faint|p2a: Basculegion\n|\n|upkeep\n|\n|t:|1788386101\n|switch|p1b: Kingambit|Kingambit, L50, M|100/100\n|turn|7\n|\n|t:|1788386109\n|move|p1b: Kingambit|Sucker Punch|p2b: Floette\n|-resisted|p2b: Floette|1\n|-damage|p2b: Floette|0 fnt\n|faint|p2b: Floette\n|\n|win|ToastedArt\n|raw|ToastedArt's rating: 1129 &rarr; <strong>1159</strong><br />(+30 for winning)\n|raw|ilykuronaa's rating: 1197 &rarr; <strong>1167</strong><br />(-30 for losing)\n","uploadtime":1788386109,"views":"0","formatid":"gen9championsvgc2026regmbbo3","rating":1159,"private":0,"password":null}