{"id":"gen9championsvgc2026regmb-2673876172","format":"[Gen 9 Champions] VGC 2026 Reg M-B","players":["5cythxr","ThreadingThis"],"log":"|j|☆5cythxr\n|j|☆ThreadingThis\n|t:|1788271855\n|gametype|doubles\n|player|p1|5cythxr|lusamine-nihilego|1282\n|player|p2|ThreadingThis|266|1241\n|gen|9\n|tier|[Gen 9 Champions] VGC 2026 Reg M-B\n|rated|\n|rule|Species Clause: Limit one of each Pokémon\n|rule|Item Clause: Limit 1 of each item\n|clearpoke\n|poke|p1|Primarina, L50, M, shiny|\n|poke|p1|Kangaskhan, L50, F|\n|poke|p1|Mimikyu, L50, F, shiny|\n|poke|p1|Torkoal, L50, M, shiny|\n|poke|p1|Toxapex, L50, M|\n|poke|p1|Mawile, L50, F|\n|poke|p2|Torkoal, L50, F|\n|poke|p2|Farigiraf, L50, M, shiny|\n|poke|p2|Typhlosion-Hisui, L50, F|\n|poke|p2|Garchomp, L50, M|\n|poke|p2|Delphox, L50, F|\n|poke|p2|Lopunny, L50, M|\n|teampreview|4\n|inactive|Battle timer is ON: inactive players will automatically lose when time's up. (requested by 5cythxr)\n|\n|t:|1788271880\n|teamsize|p1|4\n|teamsize|p2|4\n|start\n|switch|p1a: Her 2nd fv Pokémon|Mimikyu, L50, F, shiny|100/100\n|switch|p1b: Her fav Pokémon|Primarina, L50, M, shiny|100/100\n|switch|p2a: Typhlosion|Typhlosion-Hisui, L50, F|100/100\n|switch|p2b: Delphox|Delphox, L50, F|100/100\n|-item|p1a: Her 2nd fv Pokémon|Mental Herb|[from] ability: Frisk|[of] p2a: Typhlosion\n|-item|p1b: Her fav Pokémon|Life Orb|[from] ability: Frisk|[of] p2a: Typhlosion\n|turn|1\n|inactive|ThreadingThis has 30 seconds left.\n|c|☆5cythxr|glhf\n|\n|t:|1788271911\n|detailschange|p2b: Delphox|Delphox-Mega, L50, F\n|-mega|p2b: Delphox|Delphox|Delphoxite\n|move|p2b: Delphox|Protect|p2b: Delphox\n|-singleturn|p2b: Delphox|Protect\n|move|p2a: Typhlosion|Heat Wave|p1b: Her fav Pokémon|[spread] p1a\n|-miss|p2a: Typhlosion|p1b: Her fav Pokémon\n|-activate|p1a: Her 2nd fv Pokémon|ability: Disguise\n|-damage|p1a: Her 2nd fv Pokémon|100/100\n|-status|p1a: Her 2nd fv Pokémon|brn\n|detailschange|p1a: Her 2nd fv Pokémon|Mimikyu-Busted, L50, F, shiny\n|-damage|p1a: Her 2nd fv Pokémon|87/100 brn|[from] pokemon: Mimikyu-Busted\n|move|p1b: Her fav Pokémon|Hyper Voice|p2b: Delphox|[spread] p2a\n|-activate|p2b: Delphox|move: Protect\n|-supereffective|p2a: Typhlosion|1\n|-damage|p2a: Typhlosion|0 fnt\n|faint|p2a: Typhlosion\n|-damage|p1b: Her fav Pokémon|90/100|[from] item: Life Orb\n|move|p1a: Her 2nd fv Pokémon|Trick Room|p1a: Her 2nd fv Pokémon\n|-fieldstart|move: Trick Room|[of] p1a: Her 2nd fv Pokémon\n|\n|-damage|p1a: Her 2nd fv Pokémon|81/100 brn|[from] brn\n|upkeep\n|\n|t:|1788271933\n|switch|p2a: Farigiraf|Farigiraf, L50, M, shiny|100/100\n|turn|2\n|\n|t:|1788271944\n|switch|p2b: Garchomp|Garchomp, L50, M|100/100\n|move|p2a: Farigiraf|Thunderbolt|p1b: Her fav Pokémon\n|-supereffective|p1b: Her fav Pokémon|1\n|-damage|p1b: Her fav Pokémon|52/100\n|move|p1b: Her fav Pokémon|Hyper Voice|p2b: Garchomp|[spread] p2a,p2b\n|-damage|p2a: Farigiraf|57/100\n|-damage|p2b: Garchomp|53/100\n|-damage|p1b: Her fav Pokémon|43/100|[from] item: Life Orb\n|move|p1a: Her 2nd fv Pokémon|Play Rough|p2a: Farigiraf\n|-damage|p2a: Farigiraf|39/100\n|-unboost|p2a: Farigiraf|atk|1\n|-enditem|p2a: Farigiraf|Sitrus Berry|[eat]\n|-heal|p2a: Farigiraf|64/100|[from] item: Sitrus Berry\n|\n|-damage|p1a: Her 2nd fv Pokémon|75/100 brn|[from] brn\n|upkeep\n|turn|3\n|inactive|ThreadingThis has 30 seconds left.\n|\n|t:|1788271971\n|move|p2b: Garchomp|Protect|p2b: Garchomp\n|-singleturn|p2b: Garchomp|Protect\n|move|p2a: Farigiraf|Thunderbolt|p1b: Her fav Pokémon\n|-supereffective|p1b: Her fav Pokémon|1\n|-damage|p1b: Her fav Pokémon|2/100\n|move|p1b: Her fav Pokémon|Hyper Voice|p2b: Garchomp|[spread] p2a\n|-activate|p2b: Garchomp|move: Protect\n|-damage|p2a: Farigiraf|24/100\n|-damage|p1b: Her fav Pokémon|0 fnt|[from] item: Life Orb\n|faint|p1b: Her fav Pokémon\n|move|p1a: Her 2nd fv Pokémon|Play Rough|p2a: Farigiraf\n|-damage|p2a: Farigiraf|4/100\n|\n|-damage|p1a: Her 2nd fv Pokémon|69/100 brn|[from] brn\n|upkeep\n|\n|t:|1788271982\n|switch|p1b: Scianky|Torkoal, L50, M, shiny|100/100\n|-weather|SunnyDay|[from] ability: Drought|[of] p1b: Scianky\n|turn|4\n|\n|t:|1788272002\n|switch|p2b: Delphox|Delphox-Mega, L50, F|100/100\n|move|p2a: Farigiraf|Protect|p2a: Farigiraf\n|-singleturn|p2a: Farigiraf|Protect\n|move|p1b: Scianky|Eruption|p2a: Farigiraf|[spread] p2b\n|-activate|p2a: Farigiraf|move: Protect\n|-resisted|p2b: Delphox|1\n|-damage|p2b: Delphox|58/100\n|move|p1a: Her 2nd fv Pokémon|Play Rough|p2b: Delphox\n|-resisted|p2b: Delphox|1\n|-damage|p2b: Delphox|42/100\n|-unboost|p2b: Delphox|atk|1\n|\n|-weather|SunnyDay|[upkeep]\n|-damage|p1a: Her 2nd fv Pokémon|62/100 brn|[from] brn\n|upkeep\n|turn|5\n|\n|t:|1788272022\n|move|p2b: Delphox|Protect|p2b: Delphox\n|-singleturn|p2b: Delphox|Protect\n|move|p1a: Her 2nd fv Pokémon|Shadow Sneak||[still]\n|cant|p2a: Farigiraf|ability: Armor Tail|Shadow Sneak|[of] p1a: Her 2nd fv Pokémon\n|move|p1b: Scianky|Eruption|p2b: Delphox|[spread] p2a\n|-activate|p2b: Delphox|move: Protect\n|-damage|p2a: Farigiraf|0 fnt\n|faint|p2a: Farigiraf\n|\n|-weather|SunnyDay|[upkeep]\n|-damage|p1a: Her 2nd fv Pokémon|56/100 brn|[from] brn\n|-fieldend|move: Trick Room\n|upkeep\n|\n|t:|1788272036\n|switch|p2a: Garchomp|Garchomp, L50, M|53/100\n|turn|6\n|\n|t:|1788272042\n|move|p1a: Her 2nd fv Pokémon|Shadow Sneak|p2b: Delphox\n|-supereffective|p2b: Delphox|1\n|-damage|p2b: Delphox|17/100\n|move|p2b: Delphox|Psychic|p1b: Scianky\n|-damage|p1b: Scianky|28/100\n|move|p2a: Garchomp|Earthquake|p1b: Scianky|[spread] p1a,p1b\n|-immune|p2b: Delphox|[from] ability: Levitate\n|-crit|p1a: Her 2nd fv Pokémon\n|-supereffective|p1b: Scianky|1\n|-damage|p1a: Her 2nd fv Pokémon|0 fnt\n|-damage|p1b: Scianky|0 fnt\n|faint|p1a: Her 2nd fv Pokémon\n|faint|p1b: Scianky\n|-damage|p2a: Garchomp|43/100|[from] item: Life Orb\n|\n|-weather|SunnyDay|[upkeep]\n|upkeep\n|\n|t:|1788272050\n|switch|p1b: vashish|Mawile, L50, F|100/100\n|-ability|p1b: vashish|Intimidate|boost\n|-unboost|p2a: Garchomp|atk|1\n|-unboost|p2b: Delphox|atk|1\n|turn|7\n|\n|t:|1788272069\n|detailschange|p1b: vashish|Mawile-Mega, L50, F\n|-mega|p1b: vashish|Mawile|Mawilite\n|move|p1b: vashish|Sucker Punch|p2b: Delphox\n|-supereffective|p2b: Delphox|1\n|-damage|p2b: Delphox|0 fnt\n|faint|p2b: Delphox\n|move|p2a: Garchomp|Earthquake|p1b: vashish\n|-supereffective|p1b: vashish|1\n|-damage|p1b: vashish|14/100\n|-damage|p2a: Garchomp|34/100|[from] item: Life Orb\n|\n|-weather|SunnyDay|[upkeep]\n|upkeep\n|turn|8\n|\n|t:|1788272084\n|move|p2a: Garchomp|Protect|p2a: Garchomp\n|-singleturn|p2a: Garchomp|Protect\n|move|p1b: vashish|Sucker Punch||[still]\n|-fail|p1b: vashish\n|\n|-weather|none\n|upkeep\n|turn|9\n|\n|t:|1788272102\n|move|p2a: Garchomp|Protect|p2a: Garchomp\n|-singleturn|p2a: Garchomp|Protect\n|move|p1b: vashish|Sucker Punch||[still]\n|-fail|p1b: vashish\n|\n|upkeep\n|turn|10\n|\n|t:|1788272113\n|move|p2a: Garchomp|Protect||[still]\n|-fail|p2a: Garchomp\n|move|p1b: vashish|Play Rough|p2a: Garchomp\n|-supereffective|p2a: Garchomp|1\n|-damage|p2a: Garchomp|0 fnt\n|-damage|p1b: vashish|1/100|[from] ability: Rough Skin|[of] p2a: Garchomp\n|faint|p2a: Garchomp\n|\n|win|5cythxr\n|raw|5cythxr's rating: 1282 &rarr; <strong>1304</strong><br />(+22 for winning)\n|raw|ThreadingThis's rating: 1241 &rarr; <strong>1219</strong><br />(-22 for losing)\n|c|☆ThreadingThis|gg\n","uploadtime":1788272127,"views":"1","formatid":"gen9championsvgc2026regmb","rating":1219,"private":0,"password":null}