{"id":"gen9championsvgc2026regmb-2674260620","format":"[Gen 9 Champions] VGC 2026 Reg M-B","players":["meobeoo","yanpoke5566"],"log":"|j|☆meobeoo\n|j|☆yanpoke5566\n|t:|1788325681\n|gametype|doubles\n|player|p1|meobeoo|n|\n|player|p2|yanpoke5566|volkner|\n|gen|9\n|tier|[Gen 9 Champions] VGC 2026 Reg M-B\n|rule|Species Clause: Limit one of each Pokémon\n|rule|Item Clause: Limit 1 of each item\n|clearpoke\n|poke|p1|Froslass, L50, F|\n|poke|p1|Sneasler, L50, M|\n|poke|p1|Basculegion, L50, M|\n|poke|p1|Dragonite, L50, M|\n|poke|p1|Garchomp, L50, F|\n|poke|p1|Kingambit, L50, F|\n|poke|p2|Delphox, L50, M|\n|poke|p2|Blastoise, L50, M|\n|poke|p2|Incineroar, L50, M|\n|poke|p2|Kingambit, L50, F|\n|poke|p2|Sinistcha, L50|\n|poke|p2|Sneasler, L50, M|\n|teampreview|4\n|inactive|Battle timer is ON: inactive players will automatically lose when time's up. (requested by meobeoo)\n|inactive|meobeoo has 60 seconds left.\n|\n|t:|1788325742\n|teamsize|p1|4\n|teamsize|p2|4\n|start\n|switch|p1a: Sneasler|Sneasler, L50, M|100/100\n|switch|p1b: Garchomp|Garchomp, L50, F|100/100\n|switch|p2a: Kingambit|Kingambit, L50, F|100/100\n|switch|p2b: Incineroar|Incineroar, L50, M|100/100\n|-ability|p2b: Incineroar|Intimidate|boost\n|-unboost|p1a: Sneasler|atk|1\n|-unboost|p1b: Garchomp|atk|1\n|turn|1\n|inactive|yanpoke5566 has 30 seconds left.\n|\n|t:|1788325770\n|switch|p1b: Dragonite|Dragonite, L50, M|100/100\n|switch|p2a: Sinistcha|Sinistcha, L50|100/100\n|move|p1a: Sneasler|Fake Out|p2a: Sinistcha\n|-immune|p2a: Sinistcha\n|move|p2b: Incineroar|Fake Out|p1b: Dragonite\n|-damage|p1b: Dragonite|94/100\n|\n|upkeep\n|turn|2\n|\n|t:|1788325791\n|switch|p1a: Garchomp|Garchomp, L50, F|100/100\n|move|p2a: Sinistcha|Protect|p2a: Sinistcha\n|-singleturn|p2a: Sinistcha|Protect\n|move|p1b: Dragonite|Tailwind|p1b: Dragonite\n|-sidestart|p1: meobeoo|move: Tailwind\n|move|p2b: Incineroar|Parting Shot|p1b: Dragonite\n|-unboost|p1b: Dragonite|atk|1\n|-unboost|p1b: Dragonite|spa|1\n|\n|t:|1788325798\n|switch|p2b: Kingambit|Kingambit, L50, F|100/100|[from] Parting Shot\n|\n|upkeep\n|turn|3\n|\n|t:|1788325815\n|switch|p2b: Incineroar|Incineroar, L50, M|100/100\n|-ability|p2b: Incineroar|Intimidate|boost\n|-unboost|p1a: Garchomp|atk|1\n|-unboost|p1b: Dragonite|atk|1\n|detailschange|p1b: Dragonite|Dragonite-Mega, L50, M\n|-mega|p1b: Dragonite|Dragonite|Dragoninite\n|move|p1a: Garchomp|Earthquake|p2b: Incineroar|[spread] p2a,p2b\n|-immune|p1b: Dragonite\n|-resisted|p2a: Sinistcha|1\n|-supereffective|p2b: Incineroar|1\n|-damage|p2a: Sinistcha|89/100\n|-damage|p2b: Incineroar|66/100\n|move|p1b: Dragonite|Heat Wave|p2b: Incineroar|[spread] p2a,p2b\n|-supereffective|p2a: Sinistcha|1\n|-resisted|p2b: Incineroar|1\n|-damage|p2a: Sinistcha|38/100\n|-damage|p2b: Incineroar|56/100\n|move|p2a: Sinistcha|Trick Room|p2a: Sinistcha\n|-fieldstart|move: Trick Room|[of] p2a: Sinistcha\n|\n|upkeep\n|turn|4\n|inactive|meobeoo has 30 seconds left.\n|inactive|yanpoke5566 has 30 seconds left.\n|inactive|meobeoo has 20 seconds left.\n|\n|t:|1788325852\n|move|p2b: Incineroar|Fake Out|p1b: Dragonite\n|-damage|p1b: Dragonite|83/100\n|move|p2a: Sinistcha|Matcha Gotcha|p1b: Dragonite|[spread] p1a,p1b\n|-resisted|p1b: Dragonite|2\n|-damage|p1a: Garchomp|74/100\n|-heal|p2a: Sinistcha|51/100|[from] drain|[of] p1a: Garchomp\n|-damage|p1b: Dragonite|78/100\n|-heal|p2a: Sinistcha|54/100|[from] drain|[of] p1b: Dragonite\n|cant|p1b: Dragonite|flinch\n|move|p1a: Garchomp|Earthquake|p2a: Sinistcha|[spread] p2a,p2b\n|-immune|p1b: Dragonite\n|-resisted|p2a: Sinistcha|1\n|-supereffective|p2b: Incineroar|1\n|-damage|p2a: Sinistcha|46/100\n|-damage|p2b: Incineroar|23/100\n|-enditem|p2b: Incineroar|Sitrus Berry|[eat]\n|-heal|p2b: Incineroar|48/100|[from] item: Sitrus Berry\n|\n|upkeep\n|turn|5\n|\n|t:|1788325867\n|move|p2a: Sinistcha|Protect|p2a: Sinistcha\n|-singleturn|p2a: Sinistcha|Protect\n|move|p2b: Incineroar|Parting Shot|p1a: Garchomp\n|-unboost|p1a: Garchomp|atk|1\n|-unboost|p1a: Garchomp|spa|1\n|\n|t:|1788325869\n|switch|p2b: Kingambit|Kingambit, L50, F|100/100|[from] Parting Shot\n|move|p1b: Dragonite|Heat Wave|p2b: Kingambit|[spread] p2b\n|-activate|p2a: Sinistcha|move: Protect\n|-supereffective|p2b: Kingambit|1\n|-damage|p2b: Kingambit|61/100\n|-status|p2b: Kingambit|brn\n|move|p1a: Garchomp|Earthquake|p2a: Sinistcha|[spread] p2b\n|-activate|p2a: Sinistcha|move: Protect\n|-immune|p1b: Dragonite\n|-supereffective|p2b: Kingambit|1\n|-damage|p2b: Kingambit|34/100 brn\n|\n|-damage|p2b: Kingambit|28/100 brn|[from] brn\n|-sideend|p1: meobeoo|move: Tailwind\n|upkeep\n|turn|6\n|\n|t:|1788325885\n|switch|p1b: Sneasler|Sneasler, L50, M|100/100\n|switch|p1a: Basculegion|Basculegion, L50, M|100/100\n|move|p2b: Kingambit|Kowtow Cleave|p1a: Basculegion\n|-supereffective|p1a: Basculegion|1\n|-damage|p1a: Basculegion|14/100\n|-damage|p2b: Kingambit|18/100 brn|[from] item: Life Orb\n|move|p2a: Sinistcha|Matcha Gotcha|p1a: Basculegion|[spread] p1a,p1b\n|-supereffective|p1a: Basculegion|1\n|-resisted|p1b: Sneasler|1\n|-damage|p1a: Basculegion|0 fnt\n|-heal|p2a: Sinistcha|54/100|[from] drain|[of] p1a: Basculegion\n|-damage|p1b: Sneasler|84/100\n|-heal|p2a: Sinistcha|61/100|[from] drain|[of] p1b: Sneasler\n|faint|p1a: Basculegion\n|\n|-damage|p2b: Kingambit|13/100 brn|[from] brn\n|upkeep\n|c|☆yanpoke5566|Wtf burn\n|\n|t:|1788325890\n|switch|p1a: Garchomp|Garchomp, L50, F|74/100\n|turn|7\n|inactive|meobeoo has 30 seconds left.\n|inactive|meobeoo has 20 seconds left.\n|inactive|meobeoo has 15 seconds left.\n|\n|t:|1788325933\n|move|p2b: Kingambit|Protect|p2b: Kingambit\n|-singleturn|p2b: Kingambit|Protect\n|move|p2a: Sinistcha|Matcha Gotcha|p1b: Sneasler|[spread] p1a,p1b\n|-resisted|p1b: Sneasler|1\n|-damage|p1a: Garchomp|48/100\n|-heal|p2a: Sinistcha|75/100|[from] drain|[of] p1a: Garchomp\n|-damage|p1b: Sneasler|68/100\n|-heal|p2a: Sinistcha|82/100|[from] drain|[of] p1b: Sneasler\n|-status|p1a: Garchomp|brn\n|-status|p1b: Sneasler|brn\n|move|p1a: Garchomp|Dragon Claw|p2a: Sinistcha\n|-damage|p2a: Sinistcha|66/100\n|move|p1b: Sneasler|Close Combat|p2b: Kingambit\n|-activate|p2b: Kingambit|move: Protect\n|\n|-damage|p2b: Kingambit|7/100 brn|[from] brn\n|-damage|p1a: Garchomp|42/100 brn|[from] brn\n|-damage|p1b: Sneasler|63/100 brn|[from] brn\n|-fieldend|move: Trick Room\n|upkeep\n|turn|8\n|inactive|meobeoo has 30 seconds left.\n|inactive|meobeoo has 20 seconds left.\n|inactive|meobeoo has 15 seconds left.\n|inactive|meobeoo has 10 seconds left.\n|\n|t:|1788325979\n|switch|p2a: Incineroar|Incineroar, L50, M|48/100\n|-ability|p2a: Incineroar|Intimidate|boost\n|-unboost|p1a: Garchomp|atk|1\n|-unboost|p1b: Sneasler|atk|1\n|move|p2b: Kingambit|Sucker Punch|p1a: Garchomp\n|-damage|p1a: Garchomp|14/100 brn\n|-damage|p2b: Kingambit|0 fnt|[from] ability: Rough Skin|[of] p1a: Garchomp\n|faint|p2b: Kingambit\n|move|p1b: Sneasler|Dire Claw|p2a: Incineroar\n|-damage|p2a: Incineroar|37/100\n|move|p1a: Garchomp|Poison Jab|p2a: Incineroar\n|-damage|p2a: Incineroar|31/100\n|-status|p2a: Incineroar|psn\n|\n|-damage|p2a: Incineroar|18/100 psn|[from] psn\n|-damage|p1b: Sneasler|57/100 brn|[from] brn\n|-damage|p1a: Garchomp|8/100 brn|[from] brn\n|upkeep\n|\n|t:|1788325999\n|switch|p2b: Sinistcha|Sinistcha, L50|66/100\n|-heal|p2a: Incineroar|43/100 psn|[from] ability: Hospitality|[of] p2b: Sinistcha\n|turn|9\n|\n|t:|1788326008\n|move|p1b: Sneasler|Feint|p2a: Incineroar\n|-damage|p2a: Incineroar|41/100 psn\n|move|p2b: Sinistcha|Rage Powder|p2b: Sinistcha\n|-singleturn|p2b: Sinistcha|move: Rage Powder\n|move|p1a: Garchomp|Rock Slide|p2a: Incineroar|[spread] p2a,p2b\n|-supereffective|p2a: Incineroar|1\n|-damage|p2a: Incineroar|32/100 psn\n|-damage|p2b: Sinistcha|61/100\n|cant|p2a: Incineroar|flinch\n|\n|-damage|p2a: Incineroar|20/100y psn|[from] psn\n|-damage|p1b: Sneasler|51/100 brn|[from] brn\n|-damage|p1a: Garchomp|2/100 brn|[from] brn\n|upkeep\n|turn|10\n|\n|t:|1788326030\n|move|p1b: Sneasler|Feint|p2a: Incineroar\n|-crit|p2a: Incineroar\n|-damage|p2a: Incineroar|14/100 psn\n|move|p2b: Sinistcha|Rage Powder|p2b: Sinistcha\n|-singleturn|p2b: Sinistcha|move: Rage Powder\n|move|p1a: Garchomp|Poison Jab|p2b: Sinistcha\n|-damage|p2b: Sinistcha|54/100\n|move|p2a: Incineroar|Flare Blitz|p1b: Sneasler\n|-damage|p1b: Sneasler|0 fnt\n|faint|p1b: Sneasler\n|-damage|p2a: Incineroar|1/100 psn|[from] Recoil\n|\n|-damage|p2a: Incineroar|0 fnt|[from] psn\n|faint|p2a: Incineroar\n|-damage|p1a: Garchomp|0 fnt|[from] brn\n|faint|p1a: Garchomp\n|upkeep\n|\n|t:|1788326053\n|switch|p1b: Dragonite|Dragonite-Mega, L50, M|78/100\n|switch|p2a: Delphox|Delphox, L50, M|100/100\n|turn|11\n|\n|t:|1788326063\n|detailschange|p2a: Delphox|Delphox-Mega, L50, M\n|-mega|p2a: Delphox|Delphox|Delphoxite\n|move|p2b: Sinistcha|Rage Powder|p2b: Sinistcha\n|-singleturn|p2b: Sinistcha|move: Rage Powder\n|move|p2a: Delphox|Nasty Plot|p2a: Delphox\n|-boost|p2a: Delphox|spa|2\n|move|p1b: Dragonite|Heat Wave|p2b: Sinistcha|[spread] p2a,p2b\n|-resisted|p2a: Delphox|1\n|-supereffective|p2b: Sinistcha|1\n|-damage|p2a: Delphox|85/100\n|-damage|p2b: Sinistcha|0 fnt\n|faint|p2b: Sinistcha\n|\n|upkeep\n|turn|12\n|\n|t:|1788326068\n|move|p2a: Delphox|Psychic|p1b: Dragonite\n|-damage|p1b: Dragonite|0 fnt\n|faint|p1b: Dragonite\n|\n|win|yanpoke5566\n","uploadtime":1788326071,"views":"6","formatid":"gen9championsvgc2026regmb","rating":null,"private":0,"password":null}