{"id":"gen9championsvgc2026regmbbo3-2673521400","format":"[Gen 9 Champions] VGC 2026 Reg M-B (Bo3)","players":["tchat 28","humania1"],"log":"|j|☆tchat 28\n|j|☆humania1\n|html|<table width=\"100%\"><tr><td align=\"left\">tchat 28</td><td align=\"right\">humania1</tr><tr><td align=\"left\"><i class=\"fa fa-circle-o\"></i> <i class=\"fa fa-circle-o\"></i> </td><td align=\"right\"><i class=\"fa fa-circle-o\"></i> <i class=\"fa fa-circle-o\"></i> </tr></table>\n|uhtml|bestof|<h2><strong>Game 1</strong> of <a href=\"/game-bestof3-gen9championsvgc2026regmbbo3-2673521399\">a best-of-3</a></h2>\n|t:|1788207978\n|gametype|doubles\n|player|p1|tchat 28|101|1201\n|player|p2|humania1|170|1069\n|gen|9\n|tier|[Gen 9 Champions] VGC 2026 Reg M-B (Bo3)\n|rated|\n|rule|Species Clause: Limit one of each Pokémon\n|rule|Item Clause: Limit 1 of each item\n|clearpoke\n|poke|p1|Staraptor, L50, F|\n|poke|p1|Whimsicott, L50, F|\n|poke|p1|Sneasler, L50, M|\n|poke|p1|Sinistcha, L50|\n|poke|p1|Archaludon, L50, F|\n|poke|p1|Delphox, L50, M|\n|poke|p2|Blastoise, L50, F|\n|poke|p2|Delphox, L50, M, shiny|\n|poke|p2|Incineroar, L50, M|\n|poke|p2|Sinistcha, L50|\n|poke|p2|Sneasler, L50, M|\n|poke|p2|Vivillon, L50, M|\n|teampreview|4\n|showteam|p1|Staraptor||Staraptite|Intimidate|DualWingbeat,CloseCombat,Protect,Roost|Adamant||F|||50|]Whimsicott||FocusSash|Prankster|EnergyBall,Charm,Tailwind,Encore|Modest||F|||50|]Sneasler||LifeOrb|PoisonTouch|FakeOut,RockSlide,DireClaw,CloseCombat|Adamant||M|||50|]Sinistcha||SitrusBerry|Hospitality|MatchaGotcha,LifeDew,RagePowder,StrengthSap|Bold|||||50|]Archaludon||Leftovers|Stamina|Snarl,BreakingSwipe,FlashCannon,Thunderbolt|Serious||F|||50|]Delphox||Delphoxite|Blaze|HeatWave,Psychic,ShadowBall,Protect|Timid||M|||50|\n|showteam|p2|Blastoise||Blastoisinite|Torrent|Protect,ShellSmash,WaterSpout,DarkPulse|Modest||F|||50|]Delphox||Delphoxite|Blaze|Protect,HeatWave,Psyshock,NastyPlot|Timid||M|||50|]Incineroar||PasshoBerry|Intimidate|FakeOut,PartingShot,FlareBlitz,ThroatChop|Impish||M|||50|]Sinistcha||SitrusBerry|Hospitality|Protect,MatchaGotcha,TrickRoom,RagePowder|Bold|||||50|]Sneasler||FocusSash|PoisonTouch|QuickGuard,FakeOut,CloseCombat,DireClaw|Jolly||M|||50|]Vivillon||ChoiceScarf|CompoundEyes|Hurricane,SleepPowder,RagePowder,Uturn|Timid||M|||50|\n|inactive|Battle timer is ON: inactive players will automatically lose when time's up. (requested by humania1)\n|\n|t:|1788207989\n|teamsize|p1|4\n|teamsize|p2|4\n|start\n|switch|p1a: Delphox|Delphox, L50, M|100/100\n|switch|p1b: Whimsicott|Whimsicott, L50, F|100/100\n|switch|p2a: Delphox|Delphox, L50, M, shiny|100/100\n|switch|p2b: Incineroar|Incineroar, L50, M|100/100\n|-ability|p2b: Incineroar|Intimidate|boost\n|-unboost|p1a: Delphox|atk|1\n|-unboost|p1b: Whimsicott|atk|1\n|turn|1\n|inactive|humania1 has 30 seconds left.\n|inactive|humania1 has 20 seconds left.\n|inactive|humania1 has 15 seconds left.\n|\n|t:|1788208034\n|switch|p1b: Sneasler|Sneasler, L50, M|100/100\n|detailschange|p2a: Delphox|Delphox-Mega, L50, M, shiny\n|-mega|p2a: Delphox|Delphox|Delphoxite\n|detailschange|p1a: Delphox|Delphox-Mega, L50, M\n|-mega|p1a: Delphox|Delphox|Delphoxite\n|move|p1a: Delphox|Protect|p1a: Delphox\n|-singleturn|p1a: Delphox|Protect\n|move|p2a: Delphox|Heat Wave|p1a: Delphox|[spread] p1b\n|-activate|p1a: Delphox|move: Protect\n|-damage|p1b: Sneasler|42/100\n|-status|p1b: Sneasler|brn\n|move|p2b: Incineroar|Flare Blitz|p1b: Sneasler\n|-crit|p1b: Sneasler\n|-damage|p1b: Sneasler|0 fnt\n|faint|p1b: Sneasler\n|-damage|p2b: Incineroar|89/100|[from] Recoil\n|\n|upkeep\n|j| nosehabladebruno\n|\n|t:|1788208049\n|switch|p1b: Whimsicott|Whimsicott, L50, F|100/100\n|turn|2\n|\n|t:|1788208067\n|move|p1b: Whimsicott|Tailwind|p1b: Whimsicott\n|-sidestart|p1: tchat 28|move: Tailwind\n|move|p1a: Delphox|Shadow Ball|p2a: Delphox\n|-supereffective|p2a: Delphox|1\n|-crit|p2a: Delphox\n|-damage|p2a: Delphox|9/100\n|-unboost|p2a: Delphox|spd|1\n|move|p2a: Delphox|Heat Wave|p1a: Delphox|[spread] p1b\n|-miss|p2a: Delphox|p1a: Delphox\n|-supereffective|p1b: Whimsicott|1\n|-enditem|p1b: Whimsicott|Focus Sash\n|-damage|p1b: Whimsicott|1/100\n|move|p2b: Incineroar|Flare Blitz|p1b: Whimsicott\n|-supereffective|p1b: Whimsicott|1\n|-damage|p1b: Whimsicott|0 fnt\n|faint|p1b: Whimsicott\n|-damage|p2b: Incineroar|88/100|[from] Recoil\n|\n|upkeep\n|\n|t:|1788208080\n|switch|p1b: Sinistcha|Sinistcha, L50|100/100\n|turn|3\n|\n|t:|1788208099\n|move|p2a: Delphox|Protect|p2a: Delphox\n|-singleturn|p2a: Delphox|Protect\n|move|p1a: Delphox|Heat Wave|p2b: Incineroar|[spread] p2b\n|-activate|p2a: Delphox|move: Protect\n|-resisted|p2b: Incineroar|1\n|-damage|p2b: Incineroar|68/100\n|move|p1b: Sinistcha|Strength Sap|p2b: Incineroar\n|-unboost|p2b: Incineroar|atk|1\n|move|p2b: Incineroar|Flare Blitz|p1b: Sinistcha\n|-supereffective|p1b: Sinistcha|1\n|-damage|p1b: Sinistcha|48/100\n|-enditem|p1b: Sinistcha|Sitrus Berry|[eat]\n|-heal|p1b: Sinistcha|73/100|[from] item: Sitrus Berry\n|-damage|p2b: Incineroar|53/100|[from] Recoil\n|\n|upkeep\n|turn|4\n|inactive|humania1 has 30 seconds left.\n|\n|t:|1788208125\n|switch|p2b: Sinistcha|Sinistcha, L50|100/100\n|-heal|p2a: Delphox|33/100|[from] ability: Hospitality|[of] p2b: Sinistcha\n|move|p1a: Delphox|Heat Wave|p2a: Delphox|[spread] p2a,p2b\n|-resisted|p2a: Delphox|1\n|-supereffective|p2b: Sinistcha|1\n|-damage|p2a: Delphox|5/100\n|-damage|p2b: Sinistcha|13/100\n|-enditem|p2b: Sinistcha|Sitrus Berry|[eat]\n|-heal|p2b: Sinistcha|38/100|[from] item: Sitrus Berry\n|move|p2a: Delphox|Heat Wave|p1b: Sinistcha|[spread] p1a,p1b\n|-resisted|p1a: Delphox|1\n|-supereffective|p1b: Sinistcha|1\n|-damage|p1a: Delphox|78/100\n|-damage|p1b: Sinistcha|1/100\n|-status|p1b: Sinistcha|brn\n|move|p1b: Sinistcha|Strength Sap|p2b: Sinistcha\n|-unboost|p2b: Sinistcha|atk|1\n|-heal|p1b: Sinistcha|41/100 brn\n|\n|-damage|p1b: Sinistcha|35/100 brn|[from] brn\n|upkeep\n|turn|5\n|inactive|humania1 has 30 seconds left.\n|\n|t:|1788208151\n|switch|p2b: Incineroar|Incineroar, L50, M|53/100\n|-ability|p2b: Incineroar|Intimidate|boost\n|-unboost|p1a: Delphox|atk|1\n|-unboost|p1b: Sinistcha|atk|1\n|move|p1a: Delphox|Heat Wave|p2a: Delphox|[spread] p2b\n|-miss|p1a: Delphox|p2a: Delphox\n|-resisted|p2b: Incineroar|1\n|-damage|p2b: Incineroar|31/100\n|move|p2a: Delphox|Heat Wave|p1b: Sinistcha|[spread] p1a,p1b\n|-resisted|p1a: Delphox|1\n|-supereffective|p1b: Sinistcha|1\n|-damage|p1a: Delphox|60/100\n|-damage|p1b: Sinistcha|0 fnt\n|faint|p1b: Sinistcha\n|\n|-sideend|p1: tchat 28|move: Tailwind\n|upkeep\n|turn|6\n|\n|t:|1788208173\n|move|p1a: Delphox|Protect|p1a: Delphox\n|-singleturn|p1a: Delphox|Protect\n|move|p2a: Delphox|Psyshock|p1a: Delphox\n|-activate|p1a: Delphox|move: Protect\n|move|p2b: Incineroar|Throat Chop|p1a: Delphox\n|-activate|p1a: Delphox|move: Protect\n|\n|upkeep\n|turn|7\n|\n|t:|1788208191\n|switch|p2a: Sinistcha|Sinistcha, L50|38/100\n|-heal|p2b: Incineroar|56/100|[from] ability: Hospitality|[of] p2a: Sinistcha\n|move|p1a: Delphox|Heat Wave|p2a: Sinistcha|[spread] p2a,p2b\n|-supereffective|p2a: Sinistcha|1\n|-resisted|p2b: Incineroar|1\n|-damage|p2a: Sinistcha|0 fnt\n|-damage|p2b: Incineroar|37/100\n|faint|p2a: Sinistcha\n|move|p2b: Incineroar|Throat Chop|p1a: Delphox\n|-supereffective|p1a: Delphox|1\n|-damage|p1a: Delphox|0 fnt\n|faint|p1a: Delphox\n|\n|win|humania1\n","uploadtime":1788208192,"views":"0","formatid":"gen9championsvgc2026regmbbo3","rating":null,"private":0,"password":null}