{"id":"gen9championsvgc2026regmb-2674288011","format":"[Gen 9 Champions] VGC 2026 Reg M-B","players":["H3llp m4","red_277353"],"log":"|j|☆H3llp m4\n|j|☆red_277353\n|t:|1788332411\n|gametype|doubles\n|player|p1|H3llp m4|collector|1158\n|player|p2|red_277353|170|1208\n|gen|9\n|tier|[Gen 9 Champions] VGC 2026 Reg M-B\n|rated|\n|rule|Species Clause: Limit one of each Pokémon\n|rule|Item Clause: Limit 1 of each item\n|clearpoke\n|poke|p1|Froslass, L50, F|\n|poke|p1|Barbaracle, L50, M|\n|poke|p1|Corviknight, L50, M|\n|poke|p1|Sableye, L50, F|\n|poke|p1|Milotic, L50, F|\n|poke|p1|Kingambit, L50, M|\n|poke|p2|Starmie, L50|\n|poke|p2|Talonflame, L50, M|\n|poke|p2|Sinistcha-Masterpiece, L50|\n|poke|p2|Excadrill, L50, M|\n|poke|p2|Grimmsnarl, L50, M|\n|poke|p2|Dragonite, L50, F|\n|teampreview|4\n|inactive|Battle timer is ON: inactive players will automatically lose when time's up. (requested by H3llp m4)\n|inactive|H3llp m4 has 60 seconds left.\n|inactive|red_277353 has 60 seconds left.\n|\n|t:|1788332462\n|teamsize|p1|4\n|teamsize|p2|4\n|start\n|switch|p1a: Froslass|Froslass, L50, F|100/100\n|switch|p1b: Corviknight|Corviknight, L50, M|100/100\n|switch|p2a: Excadrill|Excadrill, L50, M|100/100\n|switch|p2b: Talonflame|Talonflame, L50, M|100/100\n|-ability|p2a: Excadrill|Mold Breaker\n|turn|1\n|inactive|red_277353 has 30 seconds left.\n|\n|t:|1788332496\n|switch|p1a: Milotic|Milotic, L50, F|100/100\n|move|p2b: Talonflame|Tailwind|p2b: Talonflame\n|-sidestart|p2: red_277353|move: Tailwind\n|move|p2a: Excadrill|Iron Head|p1a: Milotic\n|-resisted|p1a: Milotic|1\n|-damage|p1a: Milotic|74/100\n|move|p1b: Corviknight|Tailwind|p1b: Corviknight\n|-sidestart|p1: H3llp m4|move: Tailwind\n|\n|upkeep\n|turn|2\n|\n|t:|1788332511\n|switch|p2a: Sinistcha|Sinistcha-Masterpiece, L50|100/100\n|move|p2b: Talonflame|Flare Blitz|p1b: Corviknight\n|-supereffective|p1b: Corviknight|1\n|-damage|p1b: Corviknight|29/100\n|-enditem|p1b: Corviknight|Sitrus Berry|[eat]\n|-heal|p1b: Corviknight|54/100|[from] item: Sitrus Berry\n|-damage|p2b: Talonflame|73/100|[from] Recoil\n|move|p1a: Milotic|Icy Wind|p2a: Sinistcha|[spread] p2a,p2b\n|-supereffective|p2a: Sinistcha|1\n|-damage|p2a: Sinistcha|83/100\n|-damage|p2b: Talonflame|57/100\n|-unboost|p2a: Sinistcha|spe|1\n|-unboost|p2b: Talonflame|spe|1\n|move|p1b: Corviknight|Brave Bird|p2b: Talonflame\n|-damage|p2b: Talonflame|2/100\n|-damage|p1b: Corviknight|38/100|[from] Recoil\n|\n|upkeep\n|turn|3\n|\n|t:|1788332532\n|move|p2b: Talonflame|Flare Blitz|p1b: Corviknight\n|-supereffective|p1b: Corviknight|1\n|-damage|p1b: Corviknight|0 fnt\n|faint|p1b: Corviknight\n|-damage|p2b: Talonflame|0 fnt|[from] Recoil\n|faint|p2b: Talonflame\n|move|p1a: Milotic|Icy Wind|p2a: Sinistcha\n|-supereffective|p2a: Sinistcha|1\n|-damage|p2a: Sinistcha|59/100\n|-unboost|p2a: Sinistcha|spe|1\n|move|p2a: Sinistcha|Matcha Gotcha|p1a: Milotic\n|-supereffective|p1a: Milotic|1\n|-damage|p1a: Milotic|25/100\n|-heal|p2a: Sinistcha|85/100|[from] drain|[of] p1a: Milotic\n|\n|upkeep\n|\n|t:|1788332546\n|switch|p2b: Excadrill|Excadrill, L50, M|100/100\n|switch|p1b: Froslass|Froslass, L50, F|100/100\n|-ability|p2b: Excadrill|Mold Breaker\n|turn|4\n|\n|t:|1788332564\n|detailschange|p1b: Froslass|Froslass-Mega, L50, F\n|-mega|p1b: Froslass|Froslass|Froslassite\n|-weather|Snowscape|[from] ability: Snow Warning|[of] p1b: Froslass\n|move|p2b: Excadrill|Earthquake|p1b: Froslass|[spread] p2a,p1a,p1b\n|-resisted|p2a: Sinistcha|1\n|-damage|p2a: Sinistcha|65/100\n|-damage|p1a: Milotic|0 fnt\n|-damage|p1b: Froslass|64/100\n|faint|p1a: Milotic\n|move|p1b: Froslass|Blizzard|p2a: Sinistcha|[spread] p2a,p2b\n|-supereffective|p2a: Sinistcha|1\n|-damage|p2a: Sinistcha|0 fnt\n|-damage|p2b: Excadrill|46/100\n|faint|p2a: Sinistcha\n|\n|-weather|Snowscape|[upkeep]\n|-sideend|p2: red_277353|move: Tailwind\n|-sideend|p1: H3llp m4|move: Tailwind\n|upkeep\n|\n|t:|1788332587\n|switch|p1a: Kingambit|Kingambit, L50, M|100/100\n|switch|p2a: Dragonite|Dragonite, L50, F|100/100\n|turn|5\n|\n|t:|1788332594\n|detailschange|p2a: Dragonite|Dragonite-Mega, L50, F\n|-mega|p2a: Dragonite|Dragonite|Dragoninite\n|move|p1a: Kingambit|Sucker Punch|p2b: Excadrill\n|-damage|p2b: Excadrill|0 fnt\n|faint|p2b: Excadrill\n|move|p1b: Froslass|Blizzard|p2a: Dragonite\n|-supereffective|p2a: Dragonite|2\n|-damage|p2a: Dragonite|18/100\n|move|p2a: Dragonite|Heat Wave|p1a: Kingambit|[spread] p1a,p1b\n|-supereffective|p1a: Kingambit|1\n|-supereffective|p1b: Froslass|1\n|-damage|p1a: Kingambit|48/100\n|-damage|p1b: Froslass|0 fnt\n|faint|p1b: Froslass\n|\n|-weather|Snowscape|[upkeep]\n|upkeep\n|turn|6\n|\n|t:|1788332607\n|move|p2a: Dragonite|Extreme Speed|p1a: Kingambit\n|-resisted|p1a: Kingambit|1\n|-damage|p1a: Kingambit|41/100\n|move|p1a: Kingambit|Sucker Punch||[still]\n|-fail|p1a: Kingambit\n|\n|-weather|Snowscape|[upkeep]\n|upkeep\n|turn|7\n|\n|t:|1788332611\n|move|p2a: Dragonite|Heat Wave|p1a: Kingambit\n|-supereffective|p1a: Kingambit|1\n|-damage|p1a: Kingambit|0 fnt\n|faint|p1a: Kingambit\n|\n|win|red_277353\n|raw|H3llp m4's rating: 1158 &rarr; <strong>1137</strong><br />(-21 for losing)\n|raw|red_277353's rating: 1208 &rarr; <strong>1229</strong><br />(+21 for winning)\n|c|☆red_277353|LMAO\n|c|☆red_277353|ggs\n|c|☆H3llp m4|gg\n|c|☆red_277353|i did not\n|c|☆red_277353|expect that to work\n|c|☆H3llp m4|wp\n|c|☆H3llp m4|I fell for the bait without thinking\n","uploadtime":1788332667,"views":"4","formatid":"gen9championsvgc2026regmb","rating":1137,"private":0,"password":null}