{"id":"gen9championsvgc2026regmb-2674527307","format":"[Gen 9 Champions] VGC 2026 Reg M-B","players":["Anchor7","Red-manthnagguy"],"log":"|j|☆Anchor7\n|j|☆Red-manthnagguy\n|t:|1788370247\n|gametype|doubles\n|player|p1|Anchor7|fisherman-gen4|1053\n|player|p2|Red-manthnagguy|265|1094\n|gen|9\n|tier|[Gen 9 Champions] VGC 2026 Reg M-B\n|rated|\n|rule|Species Clause: Limit one of each Pokémon\n|rule|Item Clause: Limit 1 of each item\n|clearpoke\n|poke|p1|Archaludon, L50, M|\n|poke|p1|Oranguru, L50, M|\n|poke|p1|Sylveon, L50, F|\n|poke|p1|Chimecho, L50, M|\n|poke|p1|Greninja, L50, M, shiny|\n|poke|p1|Kommo-o, L50, M|\n|poke|p2|Aggron, L50, F|\n|poke|p2|Audino, L50, F|\n|poke|p2|Camerupt, L50, F|\n|poke|p2|Kangaskhan, L50, F|\n|poke|p2|Sinistcha, L50|\n|poke|p2|Kommo-o, L50, M|\n|teampreview|4\n|\n|t:|1788370271\n|teamsize|p1|4\n|teamsize|p2|4\n|start\n|switch|p1a: Or or or or|Sylveon, L50, F|100/100\n|switch|p1b: Larp Monster|Kommo-o, L50, M|100/100\n|switch|p2a: Audino|Audino, L50, F|100/100\n|switch|p2b: Kangaskhan|Kangaskhan, L50, F|100/100\n|turn|1\n|\n|t:|1788370286\n|move|p2b: Kangaskhan|Fake Out|p1b: Larp Monster\n|-damage|p1b: Larp Monster|81/100\n|cant|p1b: Larp Monster|flinch\n|move|p1a: Or or or or|Copycat|p1a: Or or or or\n|move|p1a: Or or or or|Fake Out|p2a: Audino|[from] move: Copycat\n|-damage|p2a: Audino|88/100\n|cant|p2a: Audino|flinch\n|\n|upkeep\n|turn|2\n|\n|t:|1788370300\n|move|p2b: Kangaskhan|Last Resort|p1b: Larp Monster\n|-damage|p1b: Larp Monster|20/100y\n|move|p1b: Larp Monster|Boomburst|p2a: Audino|[spread] p1a,p2a,p2b\n|-crit|p2a: Audino\n|-damage|p1a: Or or or or|70/100\n|-damage|p2a: Audino|42/100\n|-damage|p2b: Kangaskhan|66/100\n|-enditem|p2a: Audino|Sitrus Berry|[eat]\n|-heal|p2a: Audino|67/100|[from] item: Sitrus Berry\n|-damage|p1b: Larp Monster|10/100|[from] item: Life Orb\n|move|p1a: Or or or or|Copycat|p1a: Or or or or\n|move|p1a: Or or or or|Boomburst|p2b: Kangaskhan|[from] move: Copycat|[spread] p2a,p2b\n|-immune|p1b: Larp Monster|[from] ability: Soundproof\n|-crit|p2a: Audino\n|-damage|p2a: Audino|0 fnt\n|-damage|p2b: Kangaskhan|0 fnt\n|faint|p2a: Audino\n|faint|p2b: Kangaskhan\n|\n|upkeep\n|\n|t:|1788370318\n|switch|p2b: Kommo-o|Kommo-o, L50, M|100/100\n|switch|p2a: Aggron|Aggron, L50, F|100/100\n|turn|3\n|\n|t:|1788370351\n|detailschange|p2a: Aggron|Aggron-Mega, L50, F\n|-mega|p2a: Aggron|Aggron|Aggronite\n|move|p2a: Aggron|Protect|p2a: Aggron\n|-singleturn|p2a: Aggron|Protect\n|move|p1b: Larp Monster|Close Combat|p2a: Aggron\n|-activate|p2a: Aggron|move: Protect\n|move|p2b: Kommo-o|Dragon Claw|p1b: Larp Monster\n|-supereffective|p1b: Larp Monster|1\n|-damage|p1b: Larp Monster|0 fnt\n|faint|p1b: Larp Monster\n|move|p1a: Or or or or|Hyper Voice|p2b: Kommo-o|[spread] \n|-activate|p2a: Aggron|move: Protect\n|-immune|p2b: Kommo-o|[from] ability: Soundproof\n|\n|upkeep\n|c|☆Anchor7|oh yea\n|inactive|Battle timer is ON: inactive players will automatically lose when time's up. (requested by Red-manthnagguy)\n|\n|t:|1788370374\n|switch|p1b: diddy ☠️🙏|Oranguru, L50, M|100/100\n|turn|4\n|\n|t:|1788370403\n|move|p1a: Or or or or|Quick Attack|p2b: Kommo-o\n|-supereffective|p2b: Kommo-o|2\n|-damage|p2b: Kommo-o|53/100\n|move|p2b: Kommo-o|Close Combat|p1b: diddy ☠️🙏\n|-damage|p1b: diddy ☠️🙏|57/100\n|-unboost|p2b: Kommo-o|def|1\n|-unboost|p2b: Kommo-o|spd|1\n|move|p1b: diddy ☠️🙏|Psychic|p2b: Kommo-o\n|-supereffective|p2b: Kommo-o|1\n|-damage|p2b: Kommo-o|0 fnt\n|faint|p2b: Kommo-o\n|move|p2a: Aggron|Iron Defense|p2a: Aggron\n|-boost|p2a: Aggron|def|2\n|\n|-heal|p1b: diddy ☠️🙏|63/100|[from] item: Leftovers\n|upkeep\n|turn|5\n|\n|t:|1788370423\n|move|p1a: Or or or or|Mystical Fire|p2a: Aggron\n|-supereffective|p2a: Aggron|1\n|-damage|p2a: Aggron|68/100\n|-unboost|p2a: Aggron|spa|1\n|move|p1b: diddy ☠️🙏|Instruct|p1a: Or or or or\n|-singleturn|p1a: Or or or or|move: Instruct|[of] p1b: diddy ☠️🙏\n|move|p1a: Or or or or|Mystical Fire|p2a: Aggron\n|-supereffective|p2a: Aggron|1\n|-damage|p2a: Aggron|37/100\n|-unboost|p2a: Aggron|spa|1\n|move|p2a: Aggron|Body Press|p1a: Or or or or\n|-resisted|p1a: Or or or or|1\n|-damage|p1a: Or or or or|10/100\n|\n|-heal|p1b: diddy ☠️🙏|69/100|[from] item: Leftovers\n|upkeep\n|turn|6\n|\n|t:|1788370443\n|move|p1a: Or or or or|Mystical Fire|p2a: Aggron\n|-supereffective|p2a: Aggron|1\n|-damage|p2a: Aggron|8/100\n|-unboost|p2a: Aggron|spa|1\n|move|p1b: diddy ☠️🙏|Instruct|p1a: Or or or or\n|-singleturn|p1a: Or or or or|move: Instruct|[of] p1b: diddy ☠️🙏\n|move|p1a: Or or or or|Mystical Fire|p2a: Aggron\n|-supereffective|p2a: Aggron|1\n|-damage|p2a: Aggron|0 fnt\n|faint|p2a: Aggron\n|\n|win|Anchor7\n|raw|Anchor7's rating: 1053 &rarr; <strong>1089</strong><br />(+36 for winning)\n|raw|Red-manthnagguy's rating: 1094 &rarr; <strong>1067</strong><br />(-27 for losing)\n|l|☆Red-manthnagguy\n|player|p2|\n|c|☆Anchor7|gg\n","uploadtime":1788370459,"views":"1","formatid":"gen9championsvgc2026regmb","rating":1067,"private":0,"password":null}