{"id":"gen9championsvgc2026regmb-2674990728","format":"[Gen 9 Champions] VGC 2026 Reg M-B","players":["SFactorX2","gurardo"],"log":"|j|☆SFactorX2\n|j|☆gurardo\n|t:|1788446049\n|gametype|doubles\n|player|p1|SFactorX2|169|1041\n|player|p2|gurardo|policeman|1103\n|gen|9\n|tier|[Gen 9 Champions] VGC 2026 Reg M-B\n|rated|\n|rule|Species Clause: Limit one of each Pokémon\n|rule|Item Clause: Limit 1 of each item\n|clearpoke\n|poke|p1|Milotic, L50, M|\n|poke|p1|Glimmora, L50, M|\n|poke|p1|Dragapult, L50, M|\n|poke|p1|Sinistcha, L50|\n|poke|p1|Ninetales-Alola, L50, F|\n|poke|p1|Raichu, L50, M|\n|poke|p2|Incineroar, L50, F|\n|poke|p2|Milotic, L50, M|\n|poke|p2|Whimsicott, L50, M|\n|poke|p2|Kingambit, L50, F|\n|poke|p2|Raichu, L50, M|\n|poke|p2|Delphox, L50, F|\n|teampreview|4\n|c|☆SFactorX2|good luck!\nSFactorX2 rejected open team sheets.\n|\n|t:|1788446122\n|teamsize|p1|4\n|teamsize|p2|4\n|start\n|switch|p1a: Circe|Milotic, L50, M|100/100\n|switch|p1b: Spitfire|Dragapult, L50, M|100/100\n|switch|p2a: Delphox|Delphox, L50, F|100/100\n|switch|p2b: Whimsicott|Whimsicott, L50, M|100/100\n|turn|1\n|\n|t:|1788446146\n|switch|p1b: Raichu|Raichu, L50, M|100/100\n|move|p2a: Delphox|Protect|p2a: Delphox\n|-singleturn|p2a: Delphox|Protect\n|move|p2b: Whimsicott|Charm|p1b: Raichu\n|-unboost|p1b: Raichu|atk|2\n|move|p1a: Circe|Icy Wind|p2a: Delphox|[spread] p2b\n|-activate|p2a: Delphox|move: Protect\n|-supereffective|p2b: Whimsicott|1\n|-damage|p2b: Whimsicott|60/100\n|-unboost|p2b: Whimsicott|spe|1\n|\n|upkeep\n|turn|2\n|\n|t:|1788446170\n|switch|p2a: Kingambit|Kingambit, L50, F|100/100\n|move|p1b: Raichu|Fake Out|p2a: Kingambit\n|-resisted|p2a: Kingambit|1\n|-damage|p2a: Kingambit|98/100\n|move|p2b: Whimsicott|Tailwind|p2b: Whimsicott\n|-sidestart|p2: gurardo|move: Tailwind\n|move|p1a: Circe|Scald|p2a: Kingambit\n|-damage|p2a: Kingambit|64/100\n|\n|upkeep\n|turn|3\n|\n|t:|1788446195\n|move|p2b: Whimsicott|Encore|p1b: Raichu\n|-start|p1b: Raichu|Encore\n|move|p1b: Raichu|Fake Out||[still]\n|-hint|Fake Out only works on your first turn out.\n|-fail|p1b: Raichu\n|move|p2a: Kingambit|Kowtow Cleave|p1a: Circe\n|-damage|p1a: Circe|59/100\n|move|p1a: Circe|Icy Wind|p2b: Whimsicott|[spread] p2a,p2b\n|-resisted|p2a: Kingambit|1\n|-supereffective|p2b: Whimsicott|1\n|-damage|p2a: Kingambit|58/100\n|-damage|p2b: Whimsicott|18/100\n|-unboost|p2a: Kingambit|spe|1\n|-ability|p2a: Kingambit|Defiant|boost\n|-boost|p2a: Kingambit|atk|2\n|-unboost|p2b: Whimsicott|spe|1\n|\n|-heal|p1a: Circe|65/100|[from] item: Leftovers\n|upkeep\n|turn|4\n|\n|t:|1788446226\n|switch|p2b: Milotic|Milotic, L50, M|100/100\n|switch|p1b: Amaranth|Glimmora, L50, M|100/100\n|move|p1a: Circe|Recover|p1a: Circe\n|-heal|p1a: Circe|100/100\n|move|p2a: Kingambit|Kowtow Cleave|p1b: Amaranth\n|-damage|p1b: Amaranth|0 fnt\n|-activate|p1b: Amaranth|ability: Toxic Debris\n|-sidestart|p2: gurardo|move: Toxic Spikes\n|faint|p1b: Amaranth\n|\n|upkeep\n|\n|t:|1788446241\n|switch|p1b: Raichu|Raichu, L50, M|100/100\n|turn|5\n|\n|t:|1788446256\n|detailschange|p1b: Raichu|Raichu-Mega-Y, L50, M\n|-mega|p1b: Raichu|Raichu|Raichunite Y\n|move|p2b: Milotic|Protect|p2b: Milotic\n|-singleturn|p2b: Milotic|Protect\n|move|p2a: Kingambit|Protect|p2a: Kingambit\n|-singleturn|p2a: Kingambit|Protect\n|move|p1b: Raichu|Thunderbolt|p2a: Kingambit\n|-activate|p2a: Kingambit|move: Protect\n|move|p1a: Circe|Alluring Voice|p2b: Milotic\n|-activate|p2b: Milotic|move: Protect\n|\n|-sideend|p2: gurardo|move: Tailwind\n|upkeep\n|turn|6\n|\n|t:|1788446280\n|move|p1b: Raichu|Protect|p1b: Raichu\n|-singleturn|p1b: Raichu|Protect\n|move|p2a: Kingambit|Sucker Punch||[still]\n|-fail|p2a: Kingambit\n|move|p2b: Milotic|Scald|p1a: Circe\n|-resisted|p1a: Circe|1\n|-damage|p1a: Circe|83/100\n|move|p1a: Circe|Scald|p2a: Kingambit\n|-crit|p2a: Kingambit\n|-damage|p2a: Kingambit|7/100\n|\n|-heal|p1a: Circe|89/100|[from] item: Leftovers\n|upkeep\n|turn|7\n|\n|t:|1788446310\n|switch|p1b: Spitfire|Dragapult, L50, M|100/100\n|move|p2a: Kingambit|Protect|p2a: Kingambit\n|-singleturn|p2a: Kingambit|Protect\n|move|p2b: Milotic|Ice Beam|p1b: Spitfire\n|-supereffective|p1b: Spitfire|1\n|-damage|p1b: Spitfire|28/100\n|move|p1a: Circe|Icy Wind|p2b: Milotic|[spread] p2b\n|-activate|p2a: Kingambit|move: Protect\n|-resisted|p2b: Milotic|1\n|-damage|p2b: Milotic|95/100\n|-unboost|p2b: Milotic|spe|1\n|-ability|p2b: Milotic|Competitive|boost\n|-boost|p2b: Milotic|spa|2\n|\n|-heal|p1a: Circe|95/100|[from] item: Leftovers\n|-heal|p2b: Milotic|100/100|[from] item: Leftovers\n|upkeep\n|turn|8\n|\n|t:|1788446358\n|switch|p2a: Delphox|Delphox, L50, F|100/100\n|-status|p2a: Delphox|psn\n|move|p1b: Spitfire|Light Screen|p1b: Spitfire\n|-sidestart|p1: SFactorX2|move: Light Screen\n|move|p1a: Circe|Scald|p2a: Delphox\n|-supereffective|p2a: Delphox|1\n|-damage|p2a: Delphox|17/100 psn\n|move|p2b: Milotic|Ice Beam|p1b: Spitfire\n|-supereffective|p1b: Spitfire|1\n|-damage|p1b: Spitfire|0 fnt\n|faint|p1b: Spitfire\n|\n|-heal|p1a: Circe|100/100|[from] item: Leftovers\n|-damage|p2a: Delphox|4/100 psn|[from] psn\n|upkeep\n|\n|t:|1788446372\n|switch|p1b: Raichu|Raichu-Mega-Y, L50, M|100/100\n|turn|9\n|\n|t:|1788446412\n|detailschange|p2a: Delphox|Delphox-Mega, L50, F\n|-mega|p2a: Delphox|Delphox|Delphoxite\n|move|p2b: Milotic|Protect|p2b: Milotic\n|-singleturn|p2b: Milotic|Protect\n|move|p1b: Raichu|Fake Out|p2b: Milotic\n|-activate|p2b: Milotic|move: Protect\n|move|p2a: Delphox|Psychic|p1b: Raichu\n|-damage|p1b: Raichu|46/100\n|move|p1a: Circe|Scald|p2a: Delphox\n|-supereffective|p2a: Delphox|1\n|-damage|p2a: Delphox|0 fnt\n|faint|p2a: Delphox\n|\n|upkeep\n|\n|t:|1788446423\n|switch|p2a: Whimsicott|Whimsicott, L50, M|18/100\n|-status|p2a: Whimsicott|psn\n|turn|10\n|\n|t:|1788446453\n|move|p1b: Raichu|Protect|p1b: Raichu\n|-singleturn|p1b: Raichu|Protect\n|move|p2a: Whimsicott|Encore|p1b: Raichu\n|-activate|p1b: Raichu|move: Protect\n|move|p1a: Circe|Alluring Voice|p2a: Whimsicott\n|-damage|p2a: Whimsicott|0 fnt\n|faint|p2a: Whimsicott\n|move|p2b: Milotic|Scald|p1b: Raichu\n|-activate|p1b: Raichu|move: Protect\n|\n|upkeep\n|\n|t:|1788446459\n|switch|p2a: Kingambit|Kingambit, L50, F|7/100\n|turn|11\n|\n|t:|1788446485\n|move|p1b: Raichu|Protect|p1b: Raichu\n|-singleturn|p1b: Raichu|Protect\n|move|p2a: Kingambit|Sucker Punch||[still]\n|-fail|p2a: Kingambit\n|move|p1a: Circe|Scald|p2a: Kingambit\n|-damage|p2a: Kingambit|0 fnt\n|faint|p2a: Kingambit\n|move|p2b: Milotic|Scald|p1a: Circe\n|-resisted|p1a: Circe|1\n|-damage|p1a: Circe|79/100\n|\n|-heal|p1a: Circe|85/100|[from] item: Leftovers\n|upkeep\n|turn|12\n|-message|gurardo forfeited.\n|\n|win|SFactorX2\n|raw|SFactorX2's rating: 1041 &rarr; <strong>1081</strong><br />(+40 for winning)\n|raw|gurardo's rating: 1103 &rarr; <strong>1074</strong><br />(-29 for losing)\n|l|☆gurardo\n|player|p2|\n|c|☆SFactorX2|gg\n","uploadtime":1788446501,"views":"0","formatid":"gen9championsvgc2026regmb","rating":1074,"private":0,"password":null}