{"id":"gen9championsvgc2026regmbbo3-2674830993","format":"[Gen 9 Champions] VGC 2026 Reg M-B (Bo3)","players":["NemoAK","kingsrowbajax"],"log":"|j|☆NemoAK\n|j|☆kingsrowbajax\n|html|<table width=\"100%\"><tr><td align=\"left\">NemoAK</td><td align=\"right\">kingsrowbajax</tr><tr><td align=\"left\"><i class=\"fa fa-circle\"></i> <i class=\"fa fa-circle-o\"></i> </td><td align=\"right\"><i class=\"fa fa-circle-o\"></i> <i class=\"fa fa-circle-o\"></i> </tr></table>\n|uhtml|bestof|<h2><strong>Game 2</strong> of <a href=\"/game-bestof3-gen9championsvgc2026regmbbo3-2674829803\">a best-of-3</a></h2>\n|t:|1788416200\n|gametype|doubles\n|player|p1|NemoAK|102|1194\n|player|p2|kingsrowbajax|265|1328\n|gen|9\n|tier|[Gen 9 Champions] VGC 2026 Reg M-B (Bo3)\n|rated|\n|rule|Species Clause: Limit one of each Pokémon\n|rule|Item Clause: Limit 1 of each item\n|clearpoke\n|poke|p1|Alakazam, L50, M|\n|poke|p1|Drampa, L50, M|\n|poke|p1|Sinistcha-Masterpiece, L50|\n|poke|p1|Incineroar, L50, M|\n|poke|p1|Aerodactyl, L50, M|\n|poke|p1|Sneasler, L50, M|\n|poke|p2|Blastoise, L50, M|\n|poke|p2|Delphox, L50, M|\n|poke|p2|Sinistcha-Masterpiece, L50|\n|poke|p2|Sneasler, L50, F|\n|poke|p2|Kingambit, L50, M|\n|poke|p2|Incineroar, L50, M|\n|teampreview|4\n|showteam|p1|Alakazam||LightClay|InnerFocus|Psychic,LightScreen,Reflect,SpeedSwap|Timid||M|||50|]Drampa||Drampanite|CloudNine|HyperVoice,Protect,CalmMind,EarthPower|Quiet||M|||50|]Sinistcha-Masterpiece||OccaBerry|Hospitality|ShadowBall,MatchaGotcha,RagePowder,TrickRoom|Quiet|||||50|]Incineroar||SitrusBerry|Intimidate|FlareBlitz,DarkestLariat,FakeOut,PartingShot|Brave||M|||50|]Aerodactyl||Aerodactylite|Unnerve|Tailwind,RockSlide,DualWingbeat,WideGuard|Jolly||M|||50|]Sneasler||WhiteHerb|Unburden|DireClaw,CloseCombat,FakeOut,QuickGuard|Adamant||M|||50|\n|showteam|p2|Blastoise||Blastoisinite|RainDish|WaterSpout,DarkPulse,ShellSmash,Protect|Modest||M|||50|]Delphox||Delphoxite|Blaze|HeatWave,Psychic,NastyPlot,Protect|Timid||M|||50|]Sinistcha-Masterpiece||ColburBerry|Hospitality|MatchaGotcha,RagePowder,TrickRoom,Protect|Bold|||||50|]Sneasler||FocusSash|PoisonTouch|FakeOut,PoisonJab,CloseCombat,QuickGuard|Jolly||F|||50|]Kingambit||LifeOrb|Defiant|KowtowCleave,SuckerPunch,SwordsDance,Protect|Adamant||M|||50|]Incineroar||SitrusBerry|Intimidate|FakeOut,FlareBlitz,ThroatChop,PartingShot|Careful||M|||50|\n|\n|t:|1788416220\n|teamsize|p1|4\n|teamsize|p2|4\n|start\n|switch|p1a: Back In My Day|Drampa, L50, M|100/100\n|switch|p1b: Spill The Tea|Sinistcha-Masterpiece, L50|100/100\n|switch|p2a: Sneasler|Sneasler, L50, F|100/100\n|switch|p2b: Kingambit|Kingambit, L50, M|100/100\n|-ability|p1a: Back In My Day|Cloud Nine\n|turn|1\n|inactive|Battle timer is ON: inactive players will automatically lose when time's up. (requested by NemoAK)\n|inactive|kingsrowbajax has 60 seconds left.\n|\n|t:|1788416254\n|switch|p1b: Break The Game|Incineroar, L50, M|100/100\n|-ability|p1b: Break The Game|Intimidate|boost\n|-unboost|p2a: Sneasler|atk|1\n|-unboost|p2b: Kingambit|atk|1\n|-ability|p2b: Kingambit|Defiant|boost\n|-boost|p2b: Kingambit|atk|2\n|detailschange|p1a: Back In My Day|Drampa-Mega, L50, M\n|-mega|p1a: Back In My Day|Drampa|Drampanite\n|move|p2a: Sneasler|Poison Jab|p1b: Break The Game\n|-damage|p1b: Break The Game|75/100\n|-status|p1b: Break The Game|psn\n|move|p2b: Kingambit|Kowtow Cleave|p1b: Break The Game\n|-resisted|p1b: Break The Game|1\n|-damage|p1b: Break The Game|35/100 psn\n|-enditem|p1b: Break The Game|Sitrus Berry|[eat]\n|-heal|p1b: Break The Game|59/100 psn|[from] item: Sitrus Berry\n|-damage|p2b: Kingambit|90/100|[from] item: Life Orb\n|move|p1a: Back In My Day|Calm Mind|p1a: Back In My Day\n|-boost|p1a: Back In My Day|spa|1\n|-boost|p1a: Back In My Day|spd|1\n|\n|-damage|p1b: Break The Game|47/100 psn|[from] psn\n|upkeep\n|turn|2\n|inactive|NemoAK has 30 seconds left.\n|inactive|kingsrowbajax has 30 seconds left.\n|\n|t:|1788416287\n|move|p2b: Kingambit|Protect|p2b: Kingambit\n|-singleturn|p2b: Kingambit|Protect\n|move|p2a: Sneasler|Close Combat|p1b: Break The Game\n|-supereffective|p1b: Break The Game|1\n|-damage|p1b: Break The Game|0 fnt\n|-unboost|p2a: Sneasler|def|1\n|-unboost|p2a: Sneasler|spd|1\n|faint|p1b: Break The Game\n|move|p1a: Back In My Day|Hyper Voice|p2b: Kingambit|[spread] p2a\n|-activate|p2b: Kingambit|move: Protect\n|-enditem|p2a: Sneasler|Focus Sash\n|-damage|p2a: Sneasler|1/100\n|\n|upkeep\n|\n|t:|1788416295\n|switch|p1b: Ragebaiter|Sneasler, L50, M|100/100\n|turn|3\n|\n|t:|1788416316\n|move|p2a: Sneasler|Quick Guard|p2a: Sneasler\n|-singleturn|p2a: Sneasler|Quick Guard\n|move|p1b: Ragebaiter|Fake Out|p2a: Sneasler\n|-activate|p2a: Sneasler|move: Quick Guard\n|move|p2b: Kingambit|Sucker Punch|p1a: Back In My Day\n|-damage|p1a: Back In My Day|38/100\n|-ability|p1a: Back In My Day|Berserk|boost\n|-boost|p1a: Back In My Day|spa|1\n|-damage|p2b: Kingambit|80/100|[from] item: Life Orb\n|move|p1a: Back In My Day|Earth Power|p2b: Kingambit\n|-supereffective|p2b: Kingambit|1\n|-damage|p2b: Kingambit|0 fnt\n|faint|p2b: Kingambit\n|\n|upkeep\n|\n|t:|1788416331\n|switch|p2b: Delphox|Delphox, L50, M|100/100\n|turn|4\n|inactive|kingsrowbajax has 30 seconds left.\n|\n|t:|1788416363\n|detailschange|p2b: Delphox|Delphox-Mega, L50, M\n|-mega|p2b: Delphox|Delphox|Delphoxite\n|move|p2b: Delphox|Protect|p2b: Delphox\n|-singleturn|p2b: Delphox|Protect\n|move|p1a: Back In My Day|Protect|p1a: Back In My Day\n|-singleturn|p1a: Back In My Day|Protect\n|move|p2a: Sneasler|Close Combat|p1a: Back In My Day\n|-activate|p1a: Back In My Day|move: Protect\n|move|p1b: Ragebaiter|Close Combat|p2a: Sneasler\n|-resisted|p2a: Sneasler|1\n|-damage|p2a: Sneasler|0 fnt\n|-unboost|p1b: Ragebaiter|def|1\n|-unboost|p1b: Ragebaiter|spd|1\n|faint|p2a: Sneasler\n|-enditem|p1b: Ragebaiter|White Herb\n|-clearnegativeboost|p1b: Ragebaiter|[silent]\n|\n|upkeep\n|\n|t:|1788416377\n|switch|p2a: Incineroar|Incineroar, L50, M|100/100\n|-ability|p2a: Incineroar|Intimidate|boost\n|-unboost|p1a: Back In My Day|atk|1\n|-unboost|p1b: Ragebaiter|atk|1\n|turn|5\n|\n|t:|1788416393\n|move|p1b: Ragebaiter|Quick Guard|p1b: Ragebaiter\n|-singleturn|p1b: Ragebaiter|Quick Guard\n|move|p2a: Incineroar|Fake Out|p1a: Back In My Day\n|-activate|p1a: Back In My Day|move: Quick Guard\n|move|p2b: Delphox|Nasty Plot|p2b: Delphox\n|-boost|p2b: Delphox|spa|2\n|move|p1a: Back In My Day|Hyper Voice|p2b: Delphox|[spread] p2a,p2b\n|-damage|p2a: Incineroar|34/100\n|-damage|p2b: Delphox|27/100\n|-enditem|p2a: Incineroar|Sitrus Berry|[eat]\n|-heal|p2a: Incineroar|59/100|[from] item: Sitrus Berry\n|\n|upkeep\n|turn|6\n|\n|t:|1788416417\n|move|p1a: Back In My Day|Protect|p1a: Back In My Day\n|-singleturn|p1a: Back In My Day|Protect\n|move|p1b: Ragebaiter|Close Combat|p2a: Incineroar\n|-supereffective|p2a: Incineroar|1\n|-damage|p2a: Incineroar|0 fnt\n|-unboost|p1b: Ragebaiter|def|1\n|-unboost|p1b: Ragebaiter|spd|1\n|faint|p2a: Incineroar\n|move|p2b: Delphox|Heat Wave|p1b: Ragebaiter|[spread] \n|-activate|p1a: Back In My Day|move: Protect\n|-miss|p2b: Delphox|p1b: Ragebaiter\n|\n|upkeep\n|turn|7\n|\n|t:|1788416432\n|move|p1b: Ragebaiter|Dire Claw|p2b: Delphox\n|-damage|p2b: Delphox|0 fnt\n|faint|p2b: Delphox\n|\n|win|NemoAK\n|raw|NemoAK's rating: 1194 &rarr; <strong>1228</strong><br />(+34 for winning)\n|raw|kingsrowbajax's rating: 1328 &rarr; <strong>1301</strong><br />(-27 for losing)\n","uploadtime":1788416432,"views":"0","formatid":"gen9championsvgc2026regmbbo3","rating":1228,"private":0,"password":null}