{"id":"gen9championsvgc2026regmbbo3-2674075654","format":"[Gen 9 Champions] VGC 2026 Reg M-B (Bo3)","players":["OssiGT","JakAttack626"],"log":"|j|☆OssiGT\n|j|☆JakAttack626\n|html|<table width=\"100%\"><tr><td align=\"left\">OssiGT</td><td align=\"right\">JakAttack626</tr><tr><td align=\"left\"><i class=\"fa fa-circle-o\"></i> <i class=\"fa fa-circle-o\"></i> </td><td align=\"right\"><i class=\"fa fa-circle-o\"></i> <i class=\"fa fa-circle-o\"></i> </tr></table>\n|uhtml|bestof|<h2><strong>Game 1</strong> of <a href=\"/game-bestof3-gen9championsvgc2026regmbbo3-2674075653\">a best-of-3</a></h2>\n|t:|1788295775\n|gametype|doubles\n|player|p1|OssiGT|hilbert|1307\n|player|p2|JakAttack626|pryce|1185\n|gen|9\n|tier|[Gen 9 Champions] VGC 2026 Reg M-B (Bo3)\n|rated|\n|rule|Species Clause: Limit one of each Pokémon\n|rule|Item Clause: Limit 1 of each item\n|clearpoke\n|poke|p1|Whimsicott, L50, F|\n|poke|p1|Garchomp, L50, M|\n|poke|p1|Charizard, L50, M|\n|poke|p1|Basculegion, L50, M|\n|poke|p1|Kingambit, L50, F|\n|poke|p1|Floette-Eternal, L50, F|\n|poke|p2|Scovillain, L50, F, shiny|\n|poke|p2|Basculegion, L50, M|\n|poke|p2|Kingambit, L50, F|\n|poke|p2|Sneasler, L50, M|\n|poke|p2|Lycanroc-Dusk, L50, F|\n|poke|p2|Froslass, L50, F|\n|teampreview|4\n|showteam|p1|Whimsicott||FocusSash|Prankster|Moonblast,Tailwind,Encore,Protect|Timid||F|||50|]Garchomp||LifeOrb|RoughSkin|DragonClaw,StompingTantrum,RockSlide,Protect|Jolly||M|||50|]Charizard||CharizarditeY|Blaze|HeatWave,WeatherBall,AncientPower,Protect|Timid||M|||50|]Basculegion||MysticWater|Adaptability|WaveCrash,LastRespects,AquaJet,Protect|Adamant||M|||50|]Kingambit||OccaBerry|Defiant|KowtowCleave,SuckerPunch,LowKick,IronHead|Adamant||F|||50|]Floette-Eternal||Floettite|FlowerVeil|Moonblast,DazzlingGleam,LightofRuin,Protect|Timid||F|||50|\n|showteam|p2|Scovillain||Scovillainite|Moody|GigaDrain,Overheat,RagePowder,Protect|Bold||F|||50|]Basculegion||LifeOrb|Adaptability|WaveCrash,AquaJet,LastRespects,Protect|Adamant||M|||50|]Kingambit||BlackGlasses|Defiant|KowtowCleave,SuckerPunch,SwordsDance,Protect|Adamant||F|||50|]Sneasler||WhiteHerb|Unburden|DireClaw,CloseCombat,FakeOut,Protect|Adamant||M|||50|]Lycanroc-Dusk||FocusSash|ToughClaws|RockSlide,CloseCombat,Accelerock,Protect|Adamant||F|||50|]Froslass||Froslassite|CursedBody|Blizzard,ShadowBall,AuroraVeil,Protect|Timid||F|||50|\n|inactive|Battle timer is ON: inactive players will automatically lose when time's up. (requested by JakAttack626)\n|inactive|OssiGT has 60 seconds left.\n|\n|t:|1788295826\n|teamsize|p1|4\n|teamsize|p2|4\n|start\n|switch|p1a: Garchomp|Garchomp, L50, M|100/100\n|switch|p1b: Charizard|Charizard, L50, M|100/100\n|switch|p2a: Hot One|Scovillain, L50, F, shiny|100/100\n|switch|p2b: Dirt road|Lycanroc-Dusk, L50, F|100/100\n|turn|1\n|inactive|OssiGT has 30 seconds left.\n|inactive|OssiGT has 20 seconds left.\n|inactive|OssiGT has 15 seconds left.\n|\n|t:|1788295869\n|switch|p1b: Basculegion|Basculegion, L50, M|100/100\n|move|p2a: Hot One|Protect|p2a: Hot One\n|-singleturn|p2a: Hot One|Protect\n|move|p1a: Garchomp|Stomping Tantrum|p2b: Dirt road\n|-supereffective|p2b: Dirt road|1\n|-enditem|p2b: Dirt road|Focus Sash\n|-damage|p2b: Dirt road|1/100\n|-damage|p1a: Garchomp|90/100|[from] item: Life Orb\n|move|p2b: Dirt road|Rock Slide|p1b: Basculegion|[spread] p1a,p1b\n|-resisted|p1a: Garchomp|1\n|-damage|p1a: Garchomp|76/100\n|-damage|p1b: Basculegion|68/100\n|\n|-ability|p2a: Hot One|Moody|boost\n|-boost|p2a: Hot One|def|2\n|-unboost|p2a: Hot One|atk|1\n|upkeep\n|turn|2\n|inactive|JakAttack626 has 30 seconds left.\n|\n|t:|1788295904\n|switch|p1b: Charizard|Charizard, L50, M|100/100\n|move|p2b: Dirt road|Protect|p2b: Dirt road\n|-singleturn|p2b: Dirt road|Protect\n|move|p1a: Garchomp|Rock Slide|p2b: Dirt road|[spread] p2a\n|-activate|p2b: Dirt road|move: Protect\n|-supereffective|p2a: Hot One|1\n|-damage|p2a: Hot One|72/100\n|-damage|p1a: Garchomp|67/100|[from] item: Life Orb\n|cant|p2a: Hot One|flinch\n|\n|-ability|p2a: Hot One|Moody|boost\n|-boost|p2a: Hot One|spe|2\n|-unboost|p2a: Hot One|spa|1\n|upkeep\n|turn|3\n|inactive|OssiGT has 30 seconds left.\n|inactive|OssiGT has 20 seconds left.\n|inactive|OssiGT has 15 seconds left.\n|\n|t:|1788295947\n|detailschange|p1b: Charizard|Charizard-Mega-Y, L50, M\n|-mega|p1b: Charizard|Charizard|Charizardite Y\n|-weather|SunnyDay|[from] ability: Drought|[of] p1b: Charizard\n|move|p1b: Charizard|Protect|p1b: Charizard\n|-singleturn|p1b: Charizard|Protect\n|move|p2b: Dirt road|Accelerock|p1b: Charizard\n|-activate|p1b: Charizard|move: Protect\n|move|p2a: Hot One|Overheat|p1a: Garchomp\n|-resisted|p1a: Garchomp|1\n|-damage|p1a: Garchomp|41/100\n|-unboost|p2a: Hot One|spa|2\n|move|p1a: Garchomp|Rock Slide|p2a: Hot One|[spread] p2a,p2b\n|-supereffective|p2a: Hot One|1\n|-damage|p2a: Hot One|43/100\n|-damage|p2b: Dirt road|0 fnt\n|faint|p2b: Dirt road\n|-damage|p1a: Garchomp|32/100|[from] item: Life Orb\n|\n|-weather|SunnyDay|[upkeep]\n|-ability|p2a: Hot One|Moody|boost\n|-boost|p2a: Hot One|def|2\n|-unboost|p2a: Hot One|spa|1\n|upkeep\n|\n|t:|1788295960\n|switch|p2b: Beeeep|Froslass, L50, F|100/100\n|turn|4\n|\n|t:|1788295979\n|switch|p1a: Kingambit|Kingambit, L50, F|100/100\n|switch|p1b: Basculegion|Basculegion, L50, M|68/100\n|detailschange|p2b: Beeeep|Froslass-Mega, L50, F\n|-mega|p2b: Beeeep|Froslass|Froslassite\n|-weather|Snowscape|[from] ability: Snow Warning|[of] p2b: Beeeep\n|move|p2a: Hot One|Giga Drain|p1b: Basculegion\n|-supereffective|p1b: Basculegion|1\n|-damage|p1b: Basculegion|47/100\n|-heal|p2a: Hot One|56/100|[from] drain|[of] p1b: Basculegion\n|move|p2b: Beeeep|Blizzard|p1b: Basculegion|[spread] p1a,p1b\n|-resisted|p1a: Kingambit|1\n|-resisted|p1b: Basculegion|1\n|-damage|p1a: Kingambit|84/100\n|-damage|p1b: Basculegion|26/100\n|\n|-weather|Snowscape|[upkeep]\n|-ability|p2a: Hot One|Moody|boost\n|-boost|p2a: Hot One|spe|2\n|-unboost|p2a: Hot One|def|1\n|upkeep\n|turn|5\n|inactive|OssiGT has 30 seconds left.\n|\n|t:|1788296004\n|move|p2b: Beeeep|Protect|p2b: Beeeep\n|-singleturn|p2b: Beeeep|Protect\n|move|p2a: Hot One|Overheat|p1a: Kingambit\n|-supereffective|p1a: Kingambit|1\n|-enditem|p1a: Kingambit|Occa Berry|[eat]\n|-enditem|p1a: Kingambit|Occa Berry|[weaken]\n|-damage|p1a: Kingambit|70/100\n|-unboost|p2a: Hot One|spa|2\n|move|p1b: Basculegion|Wave Crash|p2b: Beeeep\n|-activate|p2b: Beeeep|move: Protect\n|move|p1a: Kingambit|Kowtow Cleave|p2b: Beeeep\n|-activate|p2b: Beeeep|move: Protect\n|\n|-weather|Snowscape|[upkeep]\n|-ability|p2a: Hot One|Moody|boost\n|-boost|p2a: Hot One|def|2\n|-unboost|p2a: Hot One|spd|1\n|upkeep\n|turn|6\n|\n|t:|1788296027\n|switch|p1b: Charizard|Charizard-Mega-Y, L50, M|100/100\n|-weather|SunnyDay|[from] ability: Drought|[of] p1b: Charizard\n|move|p2a: Hot One|Rage Powder|p2a: Hot One\n|-singleturn|p2a: Hot One|move: Rage Powder\n|move|p2b: Beeeep|Blizzard|p1a: Kingambit|[spread] p1a,p1b\n|-resisted|p1a: Kingambit|1\n|-crit|p1a: Kingambit\n|-damage|p1a: Kingambit|47/100\n|-damage|p1b: Charizard|67/100\n|move|p1a: Kingambit|Kowtow Cleave|p2a: Hot One\n|-damage|p2a: Hot One|41/100\n|\n|-weather|SunnyDay|[upkeep]\n|-ability|p2a: Hot One|Moody|boost\n|-boost|p2a: Hot One|spe|2\n|-unboost|p2a: Hot One|spd|1\n|upkeep\n|turn|7\n|\n|t:|1788296051\n|switch|p2b: Kachow|Sneasler, L50, M|100/100\n|move|p2a: Hot One|Protect|p2a: Hot One\n|-singleturn|p2a: Hot One|Protect\n|move|p1b: Charizard|Heat Wave|p2b: Kachow|[spread] p2b\n|-activate|p2a: Hot One|move: Protect\n|-damage|p2b: Kachow|30/100\n|move|p1a: Kingambit|Kowtow Cleave|p2b: Kachow\n|-resisted|p2b: Kachow|1\n|-damage|p2b: Kachow|0 fnt\n|faint|p2b: Kachow\n|\n|-weather|SunnyDay|[upkeep]\n|-ability|p2a: Hot One|Moody|boost\n|-boost|p2a: Hot One|atk|2\n|-unboost|p2a: Hot One|spe|1\n|upkeep\n|\n|t:|1788296060\n|switch|p2b: Beeeep|Froslass-Mega, L50, F|100/100\n|-weather|Snowscape|[from] ability: Snow Warning|[of] p2b: Beeeep\n|turn|8\n|\n|t:|1788296075\n|switch|p1b: Garchomp|Garchomp, L50, M|32/100\n|switch|p1a: Basculegion|Basculegion, L50, M|26/100\n|move|p2a: Hot One|Rage Powder|p2a: Hot One\n|-singleturn|p2a: Hot One|move: Rage Powder\n|move|p2b: Beeeep|Blizzard|p1b: Garchomp|[spread] p1a,p1b\n|-resisted|p1a: Basculegion|1\n|-supereffective|p1b: Garchomp|2\n|-damage|p1a: Basculegion|6/100\n|-damage|p1b: Garchomp|0 fnt\n|faint|p1b: Garchomp\n|\n|-weather|Snowscape|[upkeep]\n|-ability|p2a: Hot One|Moody|boost\n|-boost|p2a: Hot One|atk|2\n|-unboost|p2a: Hot One|spe|1\n|upkeep\n|\n|t:|1788296079\n|switch|p1b: Charizard|Charizard-Mega-Y, L50, M|67/100\n|-weather|SunnyDay|[from] ability: Drought|[of] p1b: Charizard\n|turn|9\n|\n|t:|1788296095\n|move|p2b: Beeeep|Protect|p2b: Beeeep\n|-singleturn|p2b: Beeeep|Protect\n|move|p2a: Hot One|Giga Drain|p1a: Basculegion\n|-supereffective|p1a: Basculegion|1\n|-damage|p1a: Basculegion|0 fnt\n|-heal|p2a: Hot One|45/100|[from] drain|[of] p1a: Basculegion\n|faint|p1a: Basculegion\n|move|p1b: Charizard|Heat Wave|p2a: Hot One|[spread] p2a\n|-activate|p2b: Beeeep|move: Protect\n|-damage|p2a: Hot One|0 fnt\n|faint|p2a: Hot One\n|\n|-weather|SunnyDay|[upkeep]\n|upkeep\n|\n|t:|1788296108\n|switch|p1a: Kingambit|Kingambit, L50, F|47/100\n|turn|10\n|\n|t:|1788296113\n|move|p1a: Kingambit|Sucker Punch|p2b: Beeeep\n|-supereffective|p2b: Beeeep|1\n|-damage|p2b: Beeeep|1/100\n|move|p2b: Beeeep|Blizzard|p1a: Kingambit|[spread] p1a,p1b\n|-resisted|p1a: Kingambit|1\n|-crit|p1a: Kingambit\n|-damage|p1a: Kingambit|22/100\n|-damage|p1b: Charizard|28/100\n|move|p1b: Charizard|Weather Ball|p2b: Beeeep\n|-supereffective|p2b: Beeeep|1\n|-crit|p2b: Beeeep\n|-damage|p2b: Beeeep|0 fnt\n|faint|p2b: Beeeep\n|\n|win|OssiGT\n","uploadtime":1788296113,"views":"1","formatid":"gen9championsvgc2026regmbbo3","rating":null,"private":0,"password":null}