{"id":"gen9championsvgc2026regmbbo3-2673382014","format":"[Gen 9 Champions] VGC 2026 Reg M-B (Bo3)","players":["spodermees","the newkbomb"],"log":"|j|☆spodermees\n|j|☆the newkbomb\n|html|<table width=\"100%\"><tr><td align=\"left\">spodermees</td><td align=\"right\">the newkbomb</tr><tr><td align=\"left\"><i class=\"fa fa-circle-o\"></i> <i class=\"fa fa-circle-o\"></i> </td><td align=\"right\"><i class=\"fa fa-circle-o\"></i> <i class=\"fa fa-circle-o\"></i> </tr></table>\n|uhtml|bestof|<h2><strong>Game 1</strong> of <a href=\"/game-bestof3-gen9championsvgc2026regmbbo3-2673382011\">a best-of-3</a></h2>\n|t:|1788190912\n|gametype|doubles\n|player|p1|spodermees|sailor|1154\n|player|p2|the newkbomb|1|1098\n|gen|9\n|tier|[Gen 9 Champions] VGC 2026 Reg M-B (Bo3)\n|rated|\n|rule|Species Clause: Limit one of each Pokémon\n|rule|Item Clause: Limit 1 of each item\n|clearpoke\n|poke|p1|Kingambit, L50, F|\n|poke|p1|Farigiraf, L50, M|\n|poke|p1|Charizard, L50, M|\n|poke|p1|Aerodactyl, L50, M|\n|poke|p1|Garchomp, L50, F|\n|poke|p1|Sylveon, L50, F|\n|poke|p2|Staraptor, L50, F|\n|poke|p2|Sinistcha, L50|\n|poke|p2|Tyranitar, L50, F|\n|poke|p2|Excadrill, L50, F|\n|poke|p2|Incineroar, L50, F|\n|poke|p2|Blastoise, L50, F|\n|teampreview|4\n|showteam|p1|Kingambit||FocusSash|Defiant|KowtowCleave,IronHead,LowKick,SuckerPunch|Adamant||F|||50|]Farigiraf||SitrusBerry|ArmorTail|TrickRoom,Thunderbolt,HelpingHand,SunnyDay|Serious||M|||50|]Charizard||CharizarditeY|Blaze|HeatWave,WeatherBall,SolarBeam,Protect|Modest||M|||50|]Aerodactyl||Aerodactylite|Unnerve|RockSlide,DualWingbeat,IceFang,Tailwind|Jolly||M|||50|]Garchomp||LifeOrb|RoughSkin|Protect,Earthquake,DragonClaw,StompingTantrum|Jolly||F|||50|]Sylveon||FairyFeather|Pixilate|HyperBeam,HyperVoice,QuickAttack,Protect|Modest||F|||50|\n|showteam|p2|Staraptor||Staraptite|Intimidate|CloseCombat,Protect,BraveBird,Roost|Adamant||F|||50|]Sinistcha||Leftovers|Hospitality|RagePowder,MatchaGotcha,Protect,TrickRoom|Sassy|||||50|]Tyranitar||Tyranitarite|SandStream|Protect,DragonDance,RockSlide,KnockOff|Adamant||F|||50|]Excadrill||LifeOrb|SandRush|Protect,HighHorsepower,IronHead,RockTomb|Adamant||F|||50|]Incineroar||SitrusBerry|Intimidate|FakeOut,FlareBlitz,DarkestLariat,PartingShot|Sassy||F|||50|]Blastoise||ChoiceScarf|Torrent|MuddyWater,IceBeam,DarkPulse,IcyWind|Modest||F|||50|\n|inactive|Battle timer is ON: inactive players will automatically lose when time's up. (requested by spodermees)\n|inactive|the newkbomb has 60 seconds left.\n|inactive|the newkbomb has 30 seconds left.\n|\n|t:|1788190976\n|teamsize|p1|4\n|teamsize|p2|4\n|start\n|switch|p1a: Kingambit|Kingambit, L50, F|100/100\n|switch|p1b: Charizard|Charizard, L50, M|100/100\n|switch|p2a: Staraptor|Staraptor, L50, F|100/100\n|switch|p2b: Incineroar|Incineroar, L50, F|100/100\n|-ability|p2a: Staraptor|Intimidate|boost\n|-unboost|p1a: Kingambit|atk|1\n|-ability|p1a: Kingambit|Defiant|boost\n|-boost|p1a: Kingambit|atk|2\n|-unboost|p1b: Charizard|atk|1\n|-ability|p2b: Incineroar|Intimidate|boost\n|-unboost|p1a: Kingambit|atk|1\n|-ability|p1a: Kingambit|Defiant|boost\n|-boost|p1a: Kingambit|atk|2\n|-unboost|p1b: Charizard|atk|1\n|turn|1\n|\n|t:|1788190995\n|detailschange|p2a: Staraptor|Staraptor-Mega, L50, F\n|-mega|p2a: Staraptor|Staraptor|Staraptite\n|detailschange|p1b: Charizard|Charizard-Mega-Y, L50, M\n|-mega|p1b: Charizard|Charizard|Charizardite Y\n|-weather|SunnyDay|[from] ability: Drought|[of] p1b: Charizard\n|move|p2b: Incineroar|Fake Out|p1b: Charizard\n|-damage|p1b: Charizard|82/100\n|move|p2a: Staraptor|Close Combat|p1a: Kingambit\n|-supereffective|p1a: Kingambit|2\n|-enditem|p1a: Kingambit|Focus Sash\n|-damage|p1a: Kingambit|1/100\n|-boost|p2a: Staraptor|def|1\n|-boost|p2a: Staraptor|spd|1\n|cant|p1b: Charizard|flinch\n|move|p1a: Kingambit|Low Kick|p2b: Incineroar\n|-supereffective|p2b: Incineroar|1\n|-damage|p2b: Incineroar|0 fnt\n|faint|p2b: Incineroar\n|\n|-weather|SunnyDay|[upkeep]\n|upkeep\n|\n|t:|1788191012\n|switch|p2b: Tyranitar|Tyranitar, L50, F|100/100\n|-weather|Sandstorm|[from] ability: Sand Stream|[of] p2b: Tyranitar\n|turn|2\n|\n|t:|1788191027\n|switch|p1b: Garchomp|Garchomp, L50, F|100/100\n|move|p1a: Kingambit|Sucker Punch|p2a: Staraptor\n|-resisted|p2a: Staraptor|1\n|-damage|p2a: Staraptor|70/100\n|move|p2a: Staraptor|Close Combat|p1a: Kingambit\n|-supereffective|p1a: Kingambit|2\n|-damage|p1a: Kingambit|0 fnt\n|-boost|p2a: Staraptor|def|1\n|-boost|p2a: Staraptor|spd|1\n|faint|p1a: Kingambit\n|move|p2b: Tyranitar|Dragon Dance|p2b: Tyranitar\n|-boost|p2b: Tyranitar|atk|1\n|-boost|p2b: Tyranitar|spe|1\n|\n|-weather|Sandstorm|[upkeep]\n|-damage|p2a: Staraptor|64/100|[from] Sandstorm\n|upkeep\n|\n|t:|1788191033\n|switch|p1a: Farigiraf|Farigiraf, L50, M|100/100\n|turn|3\n|\n|t:|1788191057\n|move|p1b: Garchomp|Stomping Tantrum|p2b: Tyranitar\n|-supereffective|p2b: Tyranitar|1\n|-damage|p2b: Tyranitar|25/100\n|-damage|p1b: Garchomp|90/100|[from] item: Life Orb\n|move|p2a: Staraptor|Close Combat|p1a: Farigiraf\n|-damage|p1a: Farigiraf|37/100\n|-boost|p2a: Staraptor|def|1\n|-boost|p2a: Staraptor|spd|1\n|-enditem|p1a: Farigiraf|Sitrus Berry|[eat]\n|-heal|p1a: Farigiraf|62/100|[from] item: Sitrus Berry\n|move|p2b: Tyranitar|Knock Off|p1a: Farigiraf\n|-supereffective|p1a: Farigiraf|1\n|-damage|p1a: Farigiraf|0 fnt\n|faint|p1a: Farigiraf\n|\n|-weather|Sandstorm|[upkeep]\n|-damage|p2a: Staraptor|58/100|[from] Sandstorm\n|upkeep\n|\n|t:|1788191064\n|switch|p1a: Charizard|Charizard-Mega-Y, L50, M|82/100\n|-weather|SunnyDay|[from] ability: Drought|[of] p1a: Charizard\n|turn|4\n|inactive|the newkbomb has 30 seconds left.\n|\n|t:|1788191090\n|switch|p2b: Excadrill|Excadrill, L50, F|100/100\n|move|p2a: Staraptor|Protect|p2a: Staraptor\n|-singleturn|p2a: Staraptor|Protect\n|move|p1b: Garchomp|Earthquake|p2a: Staraptor|[spread] p2b\n|-activate|p2a: Staraptor|move: Protect\n|-immune|p1a: Charizard\n|-supereffective|p2b: Excadrill|1\n|-damage|p2b: Excadrill|0 fnt\n|faint|p2b: Excadrill\n|-damage|p1b: Garchomp|80/100|[from] item: Life Orb\n|move|p1a: Charizard|Weather Ball|p2a: Staraptor\n|-activate|p2a: Staraptor|move: Protect\n|\n|-weather|SunnyDay|[upkeep]\n|upkeep\n|\n|t:|1788191102\n|switch|p2b: Tyranitar|Tyranitar, L50, F|25/100\n|-weather|Sandstorm|[from] ability: Sand Stream|[of] p2b: Tyranitar\n|turn|5\n|\n|t:|1788191114\n|move|p1b: Garchomp|Earthquake|p2a: Staraptor|[spread] p2b\n|-immune|p1a: Charizard\n|-immune|p2a: Staraptor\n|-supereffective|p2b: Tyranitar|1\n|-damage|p2b: Tyranitar|0 fnt\n|faint|p2b: Tyranitar\n|-damage|p1b: Garchomp|71/100|[from] item: Life Orb\n|move|p2a: Staraptor|Roost|p2a: Staraptor\n|-heal|p2a: Staraptor|100/100\n|-singleturn|p2a: Staraptor|move: Roost\n|move|p1a: Charizard|Heat Wave|p2a: Staraptor\n|-damage|p2a: Staraptor|68/100\n|\n|-weather|Sandstorm|[upkeep]\n|-damage|p2a: Staraptor|62/100|[from] Sandstorm\n|-damage|p1a: Charizard|76/100|[from] Sandstorm\n|upkeep\n|turn|6\n|\n|t:|1788191132\n|move|p1b: Garchomp|Dragon Claw|p2a: Staraptor\n|-damage|p2a: Staraptor|35/100\n|-damage|p1b: Garchomp|61/100|[from] item: Life Orb\n|move|p2a: Staraptor|Close Combat|p1b: Garchomp\n|-damage|p1b: Garchomp|0 fnt\n|-boost|p2a: Staraptor|def|1\n|-boost|p2a: Staraptor|spd|1\n|-damage|p2a: Staraptor|23/100|[from] ability: Rough Skin|[of] p1b: Garchomp\n|faint|p1b: Garchomp\n|move|p1a: Charizard|Heat Wave|p2a: Staraptor|[miss]\n|-miss|p1a: Charizard|p2a: Staraptor\n|\n|-weather|Sandstorm|[upkeep]\n|-damage|p2a: Staraptor|17/100|[from] Sandstorm\n|-damage|p1a: Charizard|70/100|[from] Sandstorm\n|upkeep\n|turn|7\n|\n|t:|1788191144\n|move|p2a: Staraptor|Roost|p2a: Staraptor\n|-heal|p2a: Staraptor|67/100\n|-singleturn|p2a: Staraptor|move: Roost\n|move|p1a: Charizard|Heat Wave|p2a: Staraptor\n|-damage|p2a: Staraptor|42/100\n|\n|-weather|Sandstorm|[upkeep]\n|-damage|p2a: Staraptor|36/100|[from] Sandstorm\n|-damage|p1a: Charizard|65/100|[from] Sandstorm\n|upkeep\n|turn|8\n|\n|t:|1788191160\n|move|p2a: Staraptor|Roost|p2a: Staraptor\n|-heal|p2a: Staraptor|86/100\n|-singleturn|p2a: Staraptor|move: Roost\n|move|p1a: Charizard|Heat Wave|p2a: Staraptor\n|-damage|p2a: Staraptor|58/100\n|\n|-weather|Sandstorm|[upkeep]\n|-damage|p2a: Staraptor|52/100|[from] Sandstorm\n|-damage|p1a: Charizard|59/100|[from] Sandstorm\n|upkeep\n|turn|9\n|\n|t:|1788191171\n|move|p2a: Staraptor|Close Combat|p1a: Charizard\n|-resisted|p1a: Charizard|1\n|-crit|p1a: Charizard\n|-damage|p1a: Charizard|0 fnt\n|-boost|p2a: Staraptor|def|1\n|-boost|p2a: Staraptor|spd|1\n|faint|p1a: Charizard\n|\n|win|the newkbomb\n","uploadtime":1788191172,"views":"4","formatid":"gen9championsvgc2026regmbbo3","rating":null,"private":0,"password":null}