{"id":"gen9championsvgc2026regmb-2674987598","format":"[Gen 9 Champions] VGC 2026 Reg M-B","players":["mismanette","Blackflameds"],"log":"|j|☆mismanette\n|j|☆Blackflameds\n|t:|1788445670\n|gametype|doubles\n|player|p1|mismanette|dawn|1037\n|player|p2|Blackflameds|265|1101\n|gen|9\n|tier|[Gen 9 Champions] VGC 2026 Reg M-B\n|rated|\n|rule|Species Clause: Limit one of each Pokémon\n|rule|Item Clause: Limit 1 of each item\n|clearpoke\n|poke|p1|Sableye, L50, M|\n|poke|p1|Swampert, L50, M|\n|poke|p1|Archaludon, L50, F|\n|poke|p1|Overqwil, L50, F|\n|poke|p1|Sinistcha, L50|\n|poke|p1|Dragonite, L50, M|\n|poke|p2|Metagross, L50|\n|poke|p2|Sinistcha, L50|\n|poke|p2|Incineroar, L50, F|\n|poke|p2|Glimmora, L50, M|\n|poke|p2|Garchomp, L50, M|\n|poke|p2|Staraptor, L50, F|\n|teampreview|4\n|\n|t:|1788445695\n|teamsize|p1|4\n|teamsize|p2|4\n|start\n|switch|p1a: Sableye|Sableye, L50, M|100/100\n|switch|p1b: Dragonite|Dragonite, L50, M|100/100\n|switch|p2a: Incineroar|Incineroar, L50, F|100/100\n|switch|p2b: Glimmora|Glimmora, L50, M|100/100\n|-ability|p2a: Incineroar|Intimidate|boost\n|-unboost|p1a: Sableye|atk|1\n|-fail|p1b: Dragonite|unboost|atk|[from] ability: Inner Focus|[of] p1b: Dragonite\n|turn|1\n|\n|t:|1788445716\n|detailschange|p1b: Dragonite|Dragonite-Mega, L50, M\n|-mega|p1b: Dragonite|Dragonite|Dragoninite\n|move|p2a: Incineroar|Fake Out|p1b: Dragonite\n|-damage|p1b: Dragonite|94/100\n|move|p1a: Sableye|Fake Out|p2b: Glimmora\n|-resisted|p2b: Glimmora|1\n|-damage|p2b: Glimmora|96/100\n|-activate|p2b: Glimmora|ability: Toxic Debris\n|-sidestart|p1: mismanette|move: Toxic Spikes\n|cant|p1b: Dragonite|flinch\n|cant|p2b: Glimmora|flinch\n|\n|upkeep\n|turn|2\n|\n|t:|1788445738\n|move|p1a: Sableye|Rain Dance|p1a: Sableye\n|-weather|RainDance\n|move|p1b: Dragonite|Weather Ball|p2b: Glimmora\n|-supereffective|p2b: Glimmora|1\n|-damage|p2b: Glimmora|0 fnt\n|faint|p2b: Glimmora\n|move|p2a: Incineroar|Darkest Lariat|p1b: Dragonite\n|-damage|p1b: Dragonite|43/100\n|\n|-weather|RainDance|[upkeep]\n|upkeep\n|\n|t:|1788445743\n|switch|p2b: Sinistcha|Sinistcha, L50|100/100\n|turn|3\n|\n|t:|1788445756\n|move|p1a: Sableye|Will-O-Wisp|p2b: Sinistcha\n|-status|p2b: Sinistcha|brn\n|move|p1b: Dragonite|Weather Ball|p2a: Incineroar\n|-supereffective|p2a: Incineroar|1\n|-damage|p2a: Incineroar|0 fnt\n|faint|p2a: Incineroar\n|move|p2b: Sinistcha|Matcha Gotcha|p1a: Sableye|[spread] p1a,p1b\n|-resisted|p1b: Dragonite|2\n|-damage|p1a: Sableye|72/100\n|-damage|p1b: Dragonite|38/100\n|-status|p1a: Sableye|brn\n|\n|-weather|RainDance|[upkeep]\n|-damage|p2b: Sinistcha|93/100 brn|[from] brn\n|-damage|p1a: Sableye|66/100 brn|[from] brn\n|upkeep\n|\n|t:|1788445761\n|switch|p2a: Staraptor|Staraptor, L50, F|100/100\n|-ability|p2a: Staraptor|Intimidate|boost\n|-unboost|p1a: Sableye|atk|1\n|-unboost|p1b: Dragonite|atk|1\n|turn|4\n|\n|t:|1788445778\n|detailschange|p2a: Staraptor|Staraptor-Mega, L50, F\n|-mega|p2a: Staraptor|Staraptor|Staraptite\n|move|p1a: Sableye|Will-O-Wisp|p2a: Staraptor\n|-status|p2a: Staraptor|brn\n|move|p1b: Dragonite|Hurricane|p2b: Sinistcha\n|-supereffective|p2b: Sinistcha|1\n|-crit|p2b: Sinistcha\n|-damage|p2b: Sinistcha|0 fnt\n|faint|p2b: Sinistcha\n|move|p2a: Staraptor|Brave Bird|p1b: Dragonite\n|-damage|p1b: Dragonite|4/100\n|-damage|p2a: Staraptor|88/100 brn|[from] Recoil\n|\n|-weather|RainDance|[upkeep]\n|-damage|p2a: Staraptor|82/100 brn|[from] brn\n|-damage|p1a: Sableye|61/100 brn|[from] brn\n|upkeep\n|turn|5\n|\n|t:|1788445796\n|move|p1b: Dragonite|Hurricane|p2a: Staraptor\n|-supereffective|p2a: Staraptor|1\n|-damage|p2a: Staraptor|0 fnt\n|faint|p2a: Staraptor\n|\n|win|mismanette\n|raw|mismanette's rating: 1037 &rarr; <strong>1078</strong><br />(+41 for winning)\n|raw|Blackflameds's rating: 1101 &rarr; <strong>1071</strong><br />(-30 for losing)\n|l|☆Blackflameds\n|player|p2|\n|c|☆mismanette|gg\n","uploadtime":1788445807,"views":"4","formatid":"gen9championsvgc2026regmb","rating":1071,"private":0,"password":null}