{"id":"gen9championsvgc2026regmb-2674883130","format":"[Gen 9 Champions] VGC 2026 Reg M-B","players":["anez0410","thefloshingcat"],"log":"|j|☆anez0410\n|j|☆thefloshingcat\n|t:|1788428535\n|gametype|doubles\n|player|p1|anez0410|265|1108\n|player|p2|thefloshingcat|plasmagrunt-gen5bw|1097\n|gen|9\n|tier|[Gen 9 Champions] VGC 2026 Reg M-B\n|rated|\n|rule|Species Clause: Limit one of each Pokémon\n|rule|Item Clause: Limit 1 of each item\n|clearpoke\n|poke|p1|Scovillain, L50, F, shiny|\n|poke|p1|Basculegion, L50, M|\n|poke|p1|Kingambit, L50, F|\n|poke|p1|Sneasler, L50, F|\n|poke|p1|Lycanroc-Dusk, L50, M|\n|poke|p1|Froslass, L50, F|\n|poke|p2|Floette-Eternal, L50, F|\n|poke|p2|Incineroar, L50, M|\n|poke|p2|Empoleon, L50, M|\n|poke|p2|Glimmora, L50, M|\n|poke|p2|Talonflame, L50, F|\n|poke|p2|Sinistcha, L50|\n|teampreview|4\n|inactive|Battle timer is ON: inactive players will automatically lose when time's up. (requested by anez0410)\n|inactive|anez0410 has 60 seconds left.\n|inactive|thefloshingcat has 60 seconds left.\n|\n|t:|1788428574\n|teamsize|p1|4\n|teamsize|p2|4\n|start\n|switch|p1a: Koala|Froslass, L50, F|100/100\n|switch|p1b: DDee|Lycanroc-Dusk, L50, M|100/100\n|switch|p2a: Talonflame|Talonflame, L50, F|100/100\n|switch|p2b: Floette|Floette-Eternal, L50, F|100/100\n|turn|1\n|\n|t:|1788428591\n|switch|p2a: Glimmora|Glimmora, L50, M|100/100\n|detailschange|p1a: Koala|Froslass-Mega, L50, F\n|-mega|p1a: Koala|Froslass|Froslassite\n|-weather|Snowscape|[from] ability: Snow Warning|[of] p1a: Koala\n|detailschange|p2b: Floette|Floette-Mega, L50, F\n|-mega|p2b: Floette|Floette|Floettite\n|-ability|p2b: Floette|Fairy Aura\n|move|p1b: DDee|Accelerock|p2a: Glimmora\n|-damage|p2a: Glimmora|63/100\n|-activate|p2a: Glimmora|ability: Toxic Debris\n|-sidestart|p1: anez0410|move: Toxic Spikes\n|move|p1a: Koala|Aurora Veil|p1a: Koala\n|-sidestart|p1: anez0410|move: Aurora Veil\n|move|p2b: Floette|Light of Ruin|p1b: DDee\n|-enditem|p1b: DDee|Focus Sash\n|-damage|p1b: DDee|1/100\n|-damage|p2b: Floette|50/100g|[from] Recoil\n|\n|-weather|Snowscape|[upkeep]\n|upkeep\n|turn|2\n|\n|t:|1788428611\n|switch|p2b: Sinistcha|Sinistcha, L50|100/100\n|-heal|p2a: Glimmora|87/100|[from] ability: Hospitality|[of] p2b: Sinistcha\n|move|p2a: Glimmora|Spiky Shield|p2a: Glimmora\n|-singleturn|p2a: Glimmora|move: Protect\n|move|p1a: Koala|Blizzard|p2a: Glimmora|[spread] p2b\n|-activate|p2a: Glimmora|move: Protect\n|-supereffective|p2b: Sinistcha|1\n|-damage|p2b: Sinistcha|16/100\n|move|p1b: DDee|Rock Slide|p2a: Glimmora|[spread] \n|-activate|p2a: Glimmora|move: Protect\n|-miss|p1b: DDee|p2b: Sinistcha\n|\n|-weather|Snowscape|[upkeep]\n|-heal|p2b: Sinistcha|22/100|[from] item: Leftovers\n|upkeep\n|turn|3\n|\n|t:|1788428633\n|move|p2b: Sinistcha|Rage Powder|p2b: Sinistcha\n|-singleturn|p2b: Sinistcha|move: Rage Powder\n|move|p1a: Koala|Shadow Ball|p2b: Sinistcha\n|-supereffective|p2b: Sinistcha|1\n|-damage|p2b: Sinistcha|0 fnt\n|faint|p2b: Sinistcha\n|move|p1b: DDee|Rock Slide|p2a: Glimmora\n|-damage|p2a: Glimmora|36/100\n|-activate|p2a: Glimmora|ability: Toxic Debris\n|-sidestart|p1: anez0410|move: Toxic Spikes\n|move|p2a: Glimmora|Power Gem|p1a: Koala\n|-supereffective|p1a: Koala|1\n|-damage|p1a: Koala|42/100\n|\n|-weather|Snowscape|[upkeep]\n|upkeep\n|\n|t:|1788428645\n|switch|p2b: Talonflame|Talonflame, L50, F|100/100\n|turn|4\n|\n|t:|1788428653\n|move|p2b: Talonflame|Protect|p2b: Talonflame\n|-singleturn|p2b: Talonflame|Protect\n|move|p1b: DDee|Accelerock|p2b: Talonflame\n|-activate|p2b: Talonflame|move: Protect\n|move|p1a: Koala|Blizzard|p2a: Glimmora|[spread] p2a\n|-activate|p2b: Talonflame|move: Protect\n|-damage|p2a: Glimmora|0 fnt\n|faint|p2a: Glimmora\n|\n|-weather|Snowscape|[upkeep]\n|upkeep\n|\n|t:|1788428660\n|switch|p2a: Floette|Floette-Mega, L50, F|50/100g\n|-ability|p2a: Floette|Fairy Aura\n|turn|5\n|\n|t:|1788428675\n|move|p2b: Talonflame|Tailwind|p2b: Talonflame\n|-sidestart|p2: thefloshingcat|move: Tailwind\n|move|p1b: DDee|Accelerock|p2b: Talonflame\n|-supereffective|p2b: Talonflame|2\n|-damage|p2b: Talonflame|0 fnt\n|faint|p2b: Talonflame\n|move|p2a: Floette|Light of Ruin|p1a: Koala\n|-damage|p1a: Koala|0 fnt\n|faint|p1a: Koala\n|-damage|p2a: Floette|26/100|[from] Recoil\n|\n|-weather|none\n|-sideend|p1: anez0410|move: Aurora Veil\n|upkeep\n|\n|t:|1788428683\n|switch|p1a: Cisco|Sneasler, L50, F|100/100\n|-sideend|p1: anez0410|move: Toxic Spikes|[of] p1a: Cisco\n|turn|6\n|c|☆anez0410|gg\n|\n|t:|1788428689\n|move|p2a: Floette|Protect|p2a: Floette\n|-singleturn|p2a: Floette|Protect\n|move|p1b: DDee|Accelerock|p2a: Floette\n|-activate|p2a: Floette|move: Protect\n|move|p1a: Cisco|Dire Claw|p2a: Floette\n|-activate|p2a: Floette|move: Protect\n|\n|upkeep\n|turn|7\n|\n|t:|1788428698\n|move|p1b: DDee|Accelerock|p2a: Floette\n|-damage|p2a: Floette|0 fnt\n|faint|p2a: Floette\n|\n|win|anez0410\n|raw|anez0410's rating: 1108 &rarr; <strong>1132</strong><br />(+24 for winning)\n|raw|thefloshingcat's rating: 1097 &rarr; <strong>1073</strong><br />(-24 for losing)\n|c|☆thefloshingcat|gg\n|l|☆thefloshingcat\n|player|p2|\n","uploadtime":1788428714,"views":"21","formatid":"gen9championsvgc2026regmb","rating":1073,"private":0,"password":null}