{"id":"gen9championsvgc2026regmb-2673984346","format":"[Gen 9 Champions] VGC 2026 Reg M-B","players":["Vhplays","FlameGoddess"],"log":"|j|☆Vhplays\n|j|☆FlameGoddess\n|t:|1788284851\n|gametype|doubles\n|player|p1|Vhplays|266|1022\n|player|p2|FlameGoddess|1|1000\n|gen|9\n|tier|[Gen 9 Champions] VGC 2026 Reg M-B\n|rated|\n|rule|Species Clause: Limit one of each Pokémon\n|rule|Item Clause: Limit 1 of each item\n|clearpoke\n|poke|p1|Cofagrigus, L50, M|\n|poke|p1|Lycanroc-Midnight, L50, M|\n|poke|p1|Infernape, L50, F|\n|poke|p1|Hawlucha, L50, M|\n|poke|p1|Samurott, L50, M|\n|poke|p1|Crabominable, L50, M|\n|poke|p2|Froslass, L50, F, shiny|\n|poke|p2|Scovillain, L50, M, shiny|\n|poke|p2|Sneasler, L50, M, shiny|\n|poke|p2|Basculegion, L50, M, shiny|\n|poke|p2|Kingambit, L50, M, shiny|\n|poke|p2|Lycanroc-Dusk, L50, M, shiny|\n|teampreview|4\nFlameGoddess has agreed to open team sheets.\n|\n|t:|1788284952\n|teamsize|p1|4\n|teamsize|p2|4\n|start\n|switch|p1a: Goleiro Bruno|Cofagrigus, L50, M|100/100\n|switch|p1b: Foo Fighter|Hawlucha, L50, M|100/100\n|switch|p2a: monet|Froslass, L50, F, shiny|100/100\n|switch|p2b: pedro|Sneasler, L50, M, shiny|100/100\n|-ability|p1b: Foo Fighter|Mold Breaker\n|turn|1\n|\n|t:|1788284981\n|detailschange|p2a: monet|Froslass-Mega, L50, F, shiny\n|-mega|p2a: monet|Froslass|Froslassite\n|-weather|Snowscape|[from] ability: Snow Warning|[of] p2a: monet\n|move|p1b: Foo Fighter|Quick Guard|p1b: Foo Fighter\n|-singleturn|p1b: Foo Fighter|Quick Guard\n|move|p2b: pedro|Fake Out|p1b: Foo Fighter\n|-activate|p1b: Foo Fighter|move: Quick Guard\n|move|p2a: monet|Aurora Veil|p2a: monet\n|-sidestart|p2: FlameGoddess|move: Aurora Veil\n|move|p1a: Goleiro Bruno|Trick Room|p1a: Goleiro Bruno\n|-fieldstart|move: Trick Room|[of] p1a: Goleiro Bruno\n|\n|-weather|Snowscape|[upkeep]\n|upkeep\n|turn|2\n|\n|t:|1788285003\n|move|p2b: pedro|Protect|p2b: pedro\n|-singleturn|p2b: pedro|Protect\n|move|p1a: Goleiro Bruno|Imprison|p1a: Goleiro Bruno\n|-start|p1a: Goleiro Bruno|move: Imprison\n|move|p2a: monet|Shadow Ball|p1a: Goleiro Bruno\n|-supereffective|p1a: Goleiro Bruno|1\n|-damage|p1a: Goleiro Bruno|18/100\n|move|p1b: Foo Fighter|Encore|p2b: pedro\n|-activate|p2b: pedro|move: Protect\n|\n|-weather|Snowscape|[upkeep]\n|upkeep\n|turn|3\n|\n|t:|1788285026\n|move|p1a: Goleiro Bruno|Protect|p1a: Goleiro Bruno\n|-singleturn|p1a: Goleiro Bruno|Protect\n|move|p2a: monet|Blizzard|p1a: Goleiro Bruno|[spread] p1b\n|-activate|p1a: Goleiro Bruno|move: Protect\n|-supereffective|p1b: Foo Fighter|1\n|-damage|p1b: Foo Fighter|0 fnt\n|faint|p1b: Foo Fighter\n|move|p2b: pedro|Close Combat|p1a: Goleiro Bruno\n|-activate|p1a: Goleiro Bruno|move: Protect\n|\n|-weather|Snowscape|[upkeep]\n|upkeep\n|\n|t:|1788285051\n|switch|p1b: Crabominable|Crabominable, L50, M|100/100\n|turn|4\n|\n|t:|1788285075\n|switch|p2b: Inuarashi|Lycanroc-Dusk, L50, M, shiny|100/100\n|move|p1a: Goleiro Bruno|Power Split|p2a: monet\n|-activate|p1a: Goleiro Bruno|move: Power Split|[of] p2a: monet\n|move|p1b: Crabominable|Ice Punch|p2b: Inuarashi\n|-damage|p2b: Inuarashi|43/100\n|move|p2a: monet|Blizzard|p1a: Goleiro Bruno|[spread] p1a,p1b\n|-resisted|p1b: Crabominable|1\n|-damage|p1a: Goleiro Bruno|0 fnt\n|-damage|p1b: Crabominable|79/100\n|faint|p1a: Goleiro Bruno\n|\n|-weather|Snowscape|[upkeep]\n|upkeep\n|\n|t:|1788285089\n|switch|p1a: Samurott|Samurott, L50, M|100/100\n|turn|5\n|\n|t:|1788285099\n|move|p2a: monet|Protect|p2a: monet\n|-singleturn|p2a: monet|Protect\n|move|p2b: Inuarashi|Protect|p2b: Inuarashi\n|-singleturn|p2b: Inuarashi|Protect\n|move|p1b: Crabominable|Wide Guard|p1b: Crabominable\n|-singleturn|p1b: Crabominable|Wide Guard\n|move|p1a: Samurott|Water Pulse|p2b: Inuarashi\n|-activate|p2b: Inuarashi|move: Protect\n|\n|-weather|none\n|-sideend|p2: FlameGoddess|move: Aurora Veil\n|-fieldend|move: Trick Room\n|upkeep\n|turn|6\n|\n|t:|1788285140\n|move|p2b: Inuarashi|Accelerock|p1b: Crabominable\n|-damage|p1b: Crabominable|47/100\n|move|p1b: Crabominable|Mach Punch|p2b: Inuarashi\n|-supereffective|p2b: Inuarashi|1\n|-damage|p2b: Inuarashi|0 fnt\n|faint|p2b: Inuarashi\n|move|p2a: monet|Shadow Ball|p1b: Crabominable\n|-damage|p1b: Crabominable|7/100\n|move|p1a: Samurott|Water Pulse|p2a: monet\n|-damage|p2a: monet|63/100\n|-damage|p1a: Samurott|90/100|[from] item: Life Orb\n|\n|upkeep\n|\n|t:|1788285154\n|switch|p2b: pedro|Sneasler, L50, M, shiny|100/100\n|turn|7\n|\n|t:|1788285178\n|move|p2b: pedro|Fake Out|p1a: Samurott\n|-damage|p1a: Samurott|75/100\n|move|p1b: Crabominable|Mach Punch|p2b: pedro\n|-resisted|p2b: pedro|1\n|-damage|p2b: pedro|80/100\n|move|p2a: monet|Shadow Ball|p1b: Crabominable\n|-damage|p1b: Crabominable|0 fnt\n|faint|p1b: Crabominable\n|cant|p1a: Samurott|flinch\n|\n|upkeep\n|turn|8\n|-message|Vhplays forfeited.\n|\n|win|FlameGoddess\n|raw|Vhplays's rating: 1022 &rarr; <strong>1008</strong><br />(-14 for losing)\n|raw|FlameGoddess's rating: 1000 &rarr; <strong>1043</strong><br />(+43 for winning)\n|l|☆Vhplays\n|player|p1|\n|c|☆FlameGoddess|ggs\n","uploadtime":1788285205,"views":"1","formatid":"gen9championsvgc2026regmb","rating":1008,"private":0,"password":null}