{"id":"gen9championsvgc2026regmb-2673959075","format":"[Gen 9 Champions] VGC 2026 Reg M-B","players":["mczenith","victory_star2"],"log":"|j|‽mczenith\n|j|☆victory_star2\n|t:|1788281884\n|gametype|doubles\n|player|p1|mczenith|170|1275\n|player|p2|victory_star2|101|1240\n|gen|9\n|tier|[Gen 9 Champions] VGC 2026 Reg M-B\n|rated|\n|rule|Species Clause: Limit one of each Pokémon\n|rule|Item Clause: Limit 1 of each item\n|clearpoke\n|poke|p1|Palafin, L50, F|\n|poke|p1|Pelipper, L50, M|\n|poke|p1|Gardevoir, L50, M|\n|poke|p1|Archaludon, L50, F|\n|poke|p1|Incineroar, L50, F|\n|poke|p1|Sinistcha, L50|\n|poke|p2|Raichu, L50, M|\n|poke|p2|Dedenne, L50, M|\n|poke|p2|Ninetales-Alola, L50, M|\n|poke|p2|Farigiraf, L50, F|\n|poke|p2|Froslass, L50, F|\n|poke|p2|Arcanine-Hisui, L50, F|\n|teampreview|4\n|inactive|Battle timer is ON: inactive players will automatically lose when time's up. (requested by victory_star2)\n|inactive|mczenith also wants the timer to be on.\n|\n|t:|1788281912\n|teamsize|p1|4\n|teamsize|p2|4\n|start\n|switch|p1a: Palafin|Palafin, L50, F|100/100\n|switch|p1b: Archaludon|Archaludon, L50, F|100/100\n|switch|p2a: Raichu|Raichu, L50, M|100/100\n|switch|p2b: Dedenne|Dedenne, L50, M|100/100\n|turn|1\n|\n|t:|1788281937\n|detailschange|p1a: Palafin|Palafin-Hero, L50, F\n|switch|p1a: Gardevoir|Gardevoir, L50, M|100/100\n|-ability|p1a: Gardevoir|Plus|Trace|[from] ability: Trace|[of] p2b: Dedenne\n|detailschange|p2a: Raichu|Raichu-Mega-X, L50, M\n|-mega|p2a: Raichu|Raichu|Raichunite X\n|-fieldstart|move: Electric Terrain|[from] ability: Electric Surge|[of] p2a: Raichu\n|move|p2a: Raichu|Fake Out|p1a: Gardevoir\n|-crit|p1a: Gardevoir\n|-damage|p1a: Gardevoir|78/100\n|move|p2b: Dedenne|Entrainment|p2a: Raichu\n|-ability|p2a: Raichu|Plus|Electric Surge|[from] move: Entrainment|[of] p2b: Dedenne\n|move|p1b: Archaludon|Flash Cannon|p2b: Dedenne\n|-damage|p2b: Dedenne|39/100\n|\n|upkeep\n|turn|2\n|n|‽mczenith|mczenith\n|inactive|mczenith has 30 seconds left.\n|\n|t:|1788281964\n|detailschange|p1a: Gardevoir|Gardevoir-Mega, L50, M\n|-mega|p1a: Gardevoir|Gardevoir|Gardevoirite\n|move|p2a: Raichu|Rising Voltage|p1b: Archaludon\n|-hint|Rising Voltage's BP doubled on grounded target.\n|-resisted|p1b: Archaludon|1\n|-damage|p1b: Archaludon|24/100\n|-ability|p1b: Archaludon|Stamina|boost\n|-boost|p1b: Archaludon|def|1\n|move|p2b: Dedenne|Rising Voltage|p1b: Archaludon\n|-hint|Rising Voltage's BP doubled on grounded target.\n|-resisted|p1b: Archaludon|1\n|-damage|p1b: Archaludon|0 fnt\n|faint|p1b: Archaludon\n|move|p1a: Gardevoir|Hyper Voice|p2b: Dedenne|[spread] p2a,p2b\n|-damage|p2a: Raichu|31/100\n|-damage|p2b: Dedenne|0 fnt\n|faint|p2b: Dedenne\n|\n|upkeep\n|\n|t:|1788281982\n|switch|p2b: Arcanine|Arcanine-Hisui, L50, F|100/100\n|switch|p1b: Palafin|Palafin-Hero, L50, F|100/100\n|-activate|p1b: Palafin|ability: Zero to Hero\n|turn|3\n|\n|t:|1788282004\n|switch|p2a: Farigiraf|Farigiraf, L50, F|100/100\n|move|p1b: Palafin|Jet Punch||[still]\n|cant|p2a: Farigiraf|ability: Armor Tail|Jet Punch|[of] p1b: Palafin\n|move|p2b: Arcanine|Head Smash|p1b: Palafin\n|-damage|p1b: Palafin|20/100y\n|move|p1a: Gardevoir|Psychic|p2b: Arcanine\n|-damage|p2b: Arcanine|29/100\n|\n|upkeep\n|turn|4\n|\n|t:|1788282025\n|switch|p1b: Sinistcha|Sinistcha, L50|100/100\n|-heal|p1a: Gardevoir|100/100|[from] ability: Hospitality|[of] p1b: Sinistcha\n|move|p2b: Arcanine|Head Smash|p1a: Gardevoir\n|-crit|p1a: Gardevoir\n|-damage|p1a: Gardevoir|0 fnt\n|faint|p1a: Gardevoir\n|move|p2a: Farigiraf|Trick Room|p2a: Farigiraf\n|-fieldstart|move: Trick Room|[of] p2a: Farigiraf\n|\n|upkeep\n|\n|t:|1788282028\n|switch|p1a: Palafin|Palafin-Hero, L50, F|20/100y\n|turn|5\n|\n|t:|1788282048\n|move|p2a: Farigiraf|Psychic Noise|p1a: Palafin\n|-damage|p1a: Palafin|0 fnt\n|faint|p1a: Palafin\n|move|p1b: Sinistcha|Life Dew||[still]\n|-fail|p1b: Sinistcha|heal\n|move|p2b: Arcanine|Head Smash|p1b: Sinistcha\n|-damage|p1b: Sinistcha|44/100\n|\n|-fieldend|move: Electric Terrain\n|upkeep\n|turn|6\n|-message|mczenith forfeited.\n|\n|win|victory_star2\n|raw|mczenith's rating: 1275 &rarr; <strong>1247</strong><br />(-28 for losing)\n|raw|victory_star2's rating: 1240 &rarr; <strong>1268</strong><br />(+28 for winning)\n|l|‽mczenith\n|player|p1|\n","uploadtime":1788282068,"views":"1","formatid":"gen9championsvgc2026regmb","rating":1247,"private":0,"password":null}