{"id":"gen9championsvgc2026regmbbo3-2673496592","format":"[Gen 9 Champions] VGC 2026 Reg M-B (Bo3)","players":["Championsispeak","Romalen"],"log":"|j|☆Championsispeak\n|j|☆Romalen\n|html|<table width=\"100%\"><tr><td align=\"left\">Championsispeak</td><td align=\"right\">Romalen</tr><tr><td align=\"left\"><i class=\"fa fa-circle-o\"></i> <i class=\"fa fa-circle-o\"></i> </td><td align=\"right\"><i class=\"fa fa-circle-o\"></i> <i class=\"fa fa-circle-o\"></i> </tr></table>\n|uhtml|bestof|<h2><strong>Game 1</strong> of <a href=\"/game-bestof3-gen9championsvgc2026regmbbo3-2673496591\">a best-of-3</a></h2>\n|t:|1788204838\n|gametype|doubles\n|player|p1|Championsispeak|265|\n|player|p2|Romalen|policeman-gen4|\n|gen|9\n|tier|[Gen 9 Champions] VGC 2026 Reg M-B (Bo3)\n|rule|Species Clause: Limit one of each Pokémon\n|rule|Item Clause: Limit 1 of each item\n|clearpoke\n|poke|p1|Sneasler, L50, M|\n|poke|p1|Kingambit, L50, F|\n|poke|p1|Sinistcha, L50|\n|poke|p1|Incineroar, L50, F|\n|poke|p1|Dragonite, L50, M|\n|poke|p1|Floette-Eternal, L50, F|\n|poke|p2|Scovillain, L50, F|\n|poke|p2|Basculegion, L50, M|\n|poke|p2|Kingambit, L50, M|\n|poke|p2|Sneasler, L50, M|\n|poke|p2|Lycanroc-Dusk, L50, M|\n|poke|p2|Froslass, L50, F|\n|teampreview|4\n|showteam|p1|Sneasler||FocusSash|PoisonTouch|CloseCombat,PoisonJab,FakeOut,Coaching|Jolly||M|||50|]Kingambit||BlackGlasses|Defiant|KowtowCleave,SuckerPunch,SwordsDance,Protect|Adamant||F|||50|]Sinistcha||Leftovers|Hospitality|MatchaGotcha,RagePowder,TrickRoom,Protect|Bold|||||50|]Incineroar||SitrusBerry|Intimidate|FakeOut,FlareBlitz,DarkestLariat,PartingShot|Sassy||F|||50|]Dragonite||LumBerry|Multiscale|ExtremeSpeed,DragonClaw,FirePunch,Protect|Adamant||M|||50|]Floette-Eternal||Floettite|FlowerVeil|DrainingKiss,DazzlingGleam,CalmMind,Protect|Bold||F|||50|\n|showteam|p2|Scovillain||Scovillainite|Moody|GigaDrain,Overheat,RagePowder,Protect|Bold||F|||50|]Basculegion||LifeOrb|Adaptability|WaveCrash,LastRespects,AquaJet,Protect|Adamant||M|||50|]Kingambit||BlackGlasses|Defiant|KowtowCleave,SuckerPunch,SwordsDance,Protect|Adamant||M|||50|]Sneasler||WhiteHerb|Unburden|CloseCombat,DireClaw,Protect,FakeOut|Adamant||M|||50|]Lycanroc-Dusk||FocusSash|ToughClaws|CloseCombat,Accelerock,RockSlide,Protect|Adamant||M|||50|]Froslass||Froslassite|CursedBody|Blizzard,ShadowBall,AuroraVeil,Protect|Timid||F|||50|\n|inactive|Battle timer is ON: inactive players will automatically lose when time's up. (requested by Romalen)\n|inactive|Romalen has 60 seconds left.\n|inactive|Romalen has 30 seconds left.\n|inactive|Romalen has 20 seconds left.\n|\n|t:|1788204973\n|teamsize|p1|4\n|teamsize|p2|4\n|start\n|switch|p1a: Dragonite|Dragonite, L50, M|100/100\n|switch|p1b: Sneasler|Sneasler, L50, M|100/100\n|switch|p2a: Sneasler|Sneasler, L50, M|100/100\n|switch|p2b: Scovillain|Scovillain, L50, F|100/100\n|turn|1\n|inactive|Championsispeak has 30 seconds left.\n|inactive|Romalen has 30 seconds left.\n|inactive|Championsispeak has 20 seconds left.\n|inactive|Romalen has 20 seconds left.\n|inactive|Championsispeak has 15 seconds left.\n|inactive|Romalen has 15 seconds left.\n|inactive|Championsispeak has 10 seconds left.\n|inactive|Romalen has 10 seconds left.\n|\n|t:|1788205022\n|detailschange|p2b: Scovillain|Scovillain-Mega, L50, F\n|-mega|p2b: Scovillain|Scovillain|Scovillainite\n|move|p1a: Dragonite|Protect|p1a: Dragonite\n|-singleturn|p1a: Dragonite|Protect\n|move|p2b: Scovillain|Rage Powder|p2b: Scovillain\n|-singleturn|p2b: Scovillain|move: Rage Powder\n|move|p1b: Sneasler|Coaching|p1a: Dragonite\n|-boost|p1a: Dragonite|atk|1\n|-boost|p1a: Dragonite|def|1\n|move|p2a: Sneasler|Dire Claw|p1a: Dragonite\n|-activate|p1a: Dragonite|move: Protect\n|\n|upkeep\n|turn|2\n|inactive|Championsispeak has 30 seconds left.\n|inactive|Romalen has 30 seconds left.\n|\n|t:|1788205055\n|move|p1b: Sneasler|Coaching|p1a: Dragonite\n|-boost|p1a: Dragonite|atk|1\n|-boost|p1a: Dragonite|def|1\n|move|p2a: Sneasler|Dire Claw|p1a: Dragonite\n|-crit|p1a: Dragonite\n|-damage|p1a: Dragonite|73/100\n|-status|p1a: Dragonite|par\n|-enditem|p1a: Dragonite|Lum Berry|[eat]\n|-curestatus|p1a: Dragonite|par|[msg]\n|move|p1a: Dragonite|Dragon Claw|p2b: Scovillain\n|-damage|p2b: Scovillain|8/100\n|-status|p1a: Dragonite|brn|[from] ability: Spicy Spray|[of] p2b: Scovillain\n|move|p2b: Scovillain|Giga Drain|p1b: Sneasler\n|-resisted|p1b: Sneasler|1\n|-damage|p1b: Sneasler|77/100\n|-heal|p2b: Scovillain|19/100|[from] drain|[of] p1b: Sneasler\n|\n|-damage|p1a: Dragonite|67/100 brn|[from] brn\n|upkeep\n|turn|3\n|inactive|Romalen has 30 seconds left.\n|\n|t:|1788205086\n|move|p1a: Dragonite|Extreme Speed|p2b: Scovillain\n|-damage|p2b: Scovillain|0 fnt\n|faint|p2b: Scovillain\n|move|p1b: Sneasler|Coaching|p1a: Dragonite\n|-boost|p1a: Dragonite|atk|1\n|-boost|p1a: Dragonite|def|1\n|move|p2a: Sneasler|Close Combat|p1b: Sneasler\n|-resisted|p1b: Sneasler|1\n|-damage|p1b: Sneasler|24/100\n|-unboost|p2a: Sneasler|def|1\n|-unboost|p2a: Sneasler|spd|1\n|-enditem|p2a: Sneasler|White Herb\n|-clearnegativeboost|p2a: Sneasler|[silent]\n|\n|-damage|p1a: Dragonite|61/100 brn|[from] brn\n|upkeep\n|\n|t:|1788205095\n|switch|p2b: Basculegion|Basculegion, L50, M|100/100\n|turn|4\n|inactive|Championsispeak has 30 seconds left.\n|\n|t:|1788205120\n|switch|p1b: Sinistcha|Sinistcha, L50|100/100\n|-heal|p1a: Dragonite|85/100 brn|[from] ability: Hospitality|[of] p1b: Sinistcha\n|switch|p2b: Lycanroc|Lycanroc-Dusk, L50, M|100/100\n|move|p2a: Sneasler|Dire Claw|p1b: Sinistcha\n|-damage|p1b: Sinistcha|67/100\n|-status|p1b: Sinistcha|slp\n|move|p1a: Dragonite|Dragon Claw|p2b: Lycanroc\n|-damage|p2b: Lycanroc|12/100\n|\n|-heal|p1b: Sinistcha|73/100 slp|[from] item: Leftovers\n|-damage|p1a: Dragonite|79/100 brn|[from] brn\n|upkeep\n|turn|5\n|inactive|Championsispeak has 30 seconds left.\n|\n|t:|1788205147\n|switch|p1b: Incineroar|Incineroar, L50, F|100/100\n|-ability|p1b: Incineroar|Intimidate|boost\n|-unboost|p2a: Sneasler|atk|1\n|-unboost|p2b: Lycanroc|atk|1\n|move|p2a: Sneasler|Dire Claw|p1a: Dragonite\n|-damage|p1a: Dragonite|68/100 brn\n|move|p2b: Lycanroc|Rock Slide|p1a: Dragonite|[spread] p1a\n|-miss|p2b: Lycanroc|p1b: Incineroar\n|-supereffective|p1a: Dragonite|1\n|-damage|p1a: Dragonite|52/100 brn\n|cant|p1a: Dragonite|flinch\n|\n|-damage|p1a: Dragonite|46/100 brn|[from] brn\n|upkeep\n|turn|6\n|inactive|Championsispeak has 30 seconds left.\n|\n|t:|1788205180\n|switch|p2a: Basculegion|Basculegion, L50, M|100/100\n|switch|p1b: Sinistcha|Sinistcha, L50|73/100 slp\n|-heal|p1a: Dragonite|71/100 brn|[from] ability: Hospitality|[of] p1b: Sinistcha\n|move|p2b: Lycanroc|Protect|p2b: Lycanroc\n|-singleturn|p2b: Lycanroc|Protect\n|move|p1a: Dragonite|Extreme Speed|p2b: Lycanroc\n|-activate|p2b: Lycanroc|move: Protect\n|\n|-heal|p1b: Sinistcha|79/100 slp|[from] item: Leftovers\n|-damage|p1a: Dragonite|65/100 brn|[from] brn\n|upkeep\n|turn|7\n|\n|t:|1788205203\n|switch|p1b: Incineroar|Incineroar, L50, F|100/100\n|-ability|p1b: Incineroar|Intimidate|boost\n|-unboost|p2a: Basculegion|atk|1\n|-unboost|p2b: Lycanroc|atk|1\n|move|p1a: Dragonite|Extreme Speed|p2b: Lycanroc\n|-resisted|p2b: Lycanroc|1\n|-damage|p2b: Lycanroc|0 fnt\n|faint|p2b: Lycanroc\n|move|p2a: Basculegion|Last Respects|p1a: Dragonite\n|-damage|p1a: Dragonite|29/100 brn\n|-damage|p2a: Basculegion|90/100|[from] item: Life Orb\n|\n|-damage|p1a: Dragonite|23/100 brn|[from] brn\n|upkeep\n|\n|t:|1788205213\n|switch|p2b: Sneasler|Sneasler, L50, M|100/100\n|turn|8\n|\n|t:|1788205226\n|switch|p1b: Sinistcha|Sinistcha, L50|79/100 slp\n|-heal|p1a: Dragonite|48/100 brn|[from] ability: Hospitality|[of] p1b: Sinistcha\n|move|p1a: Dragonite|Protect|p1a: Dragonite\n|-singleturn|p1a: Dragonite|Protect\n|move|p2b: Sneasler|Dire Claw|p1a: Dragonite\n|-activate|p1a: Dragonite|move: Protect\n|move|p2a: Basculegion|Last Respects|p1a: Dragonite\n|-activate|p1a: Dragonite|move: Protect\n|\n|-heal|p1b: Sinistcha|85/100 slp|[from] item: Leftovers\n|-damage|p1a: Dragonite|42/100 brn|[from] brn\n|upkeep\n|turn|9\n|-message|Romalen forfeited.\n|\n|win|Championsispeak\n||Romalen is ready for game 2.\n||Championsispeak is ready for game 2.\n|uhtml|next|Next: <a href=\"/battle-gen9championsvgc2026regmbbo3-2673499865\"><strong>Game 2 of 3</strong></a>\n","uploadtime":1788206224,"views":"0","formatid":"gen9championsvgc2026regmbbo3","rating":null,"private":0,"password":null}