{"id":"gen9championsvgc2026regmbbo3-2673885027","format":"[Gen 9 Champions] VGC 2026 Reg M-B (Bo3)","players":["Cam oddish","Jorge Saltamontes"],"log":"|j|☆Cam oddish\n|j|☆Jorge Saltamontes\n|html|<table width=\"100%\"><tr><td align=\"left\">Cam oddish</td><td align=\"right\">Jorge Saltamontes</tr><tr><td align=\"left\"><i class=\"fa fa-circle\"></i> <i class=\"fa fa-circle-o\"></i> </td><td align=\"right\"><i class=\"fa fa-circle-o\"></i> <i class=\"fa fa-circle\"></i> </tr></table>\n|uhtml|bestof|<h2><strong>Game 3</strong> of <a href=\"/game-bestof3-gen9championsvgc2026regmbbo3-2673881464\">a best-of-3</a></h2>\n|t:|1788272944\n|gametype|doubles\n|player|p1|Cam oddish|266|1328\n|player|p2|Jorge Saltamontes|marshal|1474\n|gen|9\n|tier|[Gen 9 Champions] VGC 2026 Reg M-B (Bo3)\n|rated|\n|rule|Species Clause: Limit one of each Pokémon\n|rule|Item Clause: Limit 1 of each item\n|clearpoke\n|poke|p1|Blaziken, L50, F|\n|poke|p1|Torkoal, L50, M|\n|poke|p1|Kingambit, L50, F|\n|poke|p1|Venusaur, L50, F|\n|poke|p1|Primarina, L50, F|\n|poke|p1|Farigiraf, L50, M, shiny|\n|poke|p2|Charizard, L50, M|\n|poke|p2|Sylveon, L50, M|\n|poke|p2|Garchomp, L50, M|\n|poke|p2|Venusaur, L50, M|\n|poke|p2|Incineroar, L50, M|\n|poke|p2|Toxapex, L50, M|\n|teampreview|4\n|showteam|p1|Blaziken||Blazikenite|SpeedBoost|CloseCombat,FlareBlitz,RockSlide,Detect|Adamant||F|||50|]Torkoal||Charcoal|Drought|Eruption,HelpingHand,HeatWave,Protect|Quiet||M|||50|]Kingambit||FocusSash|Defiant|KowtowCleave,SuckerPunch,IronHead,Protect|Adamant||F|||50|]Venusaur||WideLens|Chlorophyll|LeafStorm,SleepPowder,SludgeBomb,Protect|Modest||F|||50|]Primarina||LifeOrb|LiquidVoice|HyperVoice,Moonblast,AquaJet,Protect|Quiet||F|||50|]Farigiraf||SitrusBerry|ArmorTail|TwinBeam,TrickRoom,Thunderbolt,Protect|Bold||M|||50|\n|showteam|p2|Charizard||CharizarditeY|Blaze|WeatherBall,HeatWave,AncientPower,Protect|Modest||M|||50|]Sylveon||FairyFeather|Pixilate|HyperVoice,QuickAttack,Yawn,Detect|Modest||M|||50|]Garchomp||ChoiceScarf|RoughSkin|RockSlide,DragonClaw,Earthquake,StompingTantrum|Adamant||M|||50|]Venusaur||LifeOrb|Chlorophyll|SludgeBomb,LeafStorm,EarthPower,Protect|Modest||M|||50|]Incineroar||SitrusBerry|Intimidate|FlareBlitz,FakeOut,DarkestLariat,PartingShot|Impish||M|||50|]Toxapex||Leftovers|Regenerator|Infestation,Toxic,WideGuard,BanefulBunker|Bold||M|||50|\n|\n|t:|1788273020\n|teamsize|p1|4\n|teamsize|p2|4\n|start\n|switch|p1a: Blaziken|Blaziken, L50, F|100/100\n|switch|p1b: Farigiraf|Farigiraf, L50, M, shiny|100/100\n|switch|p2a: Incineroar|Incineroar, L50, M|100/100\n|switch|p2b: Toxapex|Toxapex, L50, M|100/100\n|-ability|p2a: Incineroar|Intimidate|boost\n|-unboost|p1a: Blaziken|atk|1\n|-unboost|p1b: Farigiraf|atk|1\n|turn|1\n|\n|t:|1788273055\n|switch|p2a: Garchomp|Garchomp, L50, M|100/100\n|detailschange|p1a: Blaziken|Blaziken-Mega, L50, F\n|-mega|p1a: Blaziken|Blaziken|Blazikenite\n|move|p1a: Blaziken|Close Combat|p2a: Garchomp\n|-damage|p2a: Garchomp|45/100\n|-unboost|p1a: Blaziken|def|1\n|-unboost|p1a: Blaziken|spd|1\n|-damage|p1a: Blaziken|87/100|[from] ability: Rough Skin|[of] p2a: Garchomp\n|move|p1b: Farigiraf|Twin Beam|p2b: Toxapex\n|-supereffective|p2b: Toxapex|1\n|-damage|p2b: Toxapex|75/100\n|-supereffective|p2b: Toxapex|1\n|-damage|p2b: Toxapex|51/100\n|-hitcount|p2b: Toxapex|2\n|move|p2b: Toxapex|Infestation|p1a: Blaziken\n|-resisted|p1a: Blaziken|2\n|-damage|p1a: Blaziken|86/100\n|-activate|p1a: Blaziken|move: Infestation|[of] p2b: Toxapex\n|\n|-heal|p2b: Toxapex|57/100|[from] item: Leftovers\n|-damage|p1a: Blaziken|74/100|[from] move: Infestation|[partiallytrapped]\n|-ability|p1a: Blaziken|Speed Boost|boost\n|-boost|p1a: Blaziken|spe|1\n|upkeep\n|turn|2\n|\n|t:|1788273077\n|-heal|p2b: Toxapex|90/100|[from] ability: Regenerator|[silent]\n|switch|p2b: Incineroar|Incineroar, L50, M|100/100\n|-ability|p2b: Incineroar|Intimidate|boost\n|-unboost|p1a: Blaziken|atk|1\n|-unboost|p1b: Farigiraf|atk|1\n|move|p1a: Blaziken|Detect|p1a: Blaziken\n|-singleturn|p1a: Blaziken|Protect\n|move|p2a: Garchomp|Stomping Tantrum|p1a: Blaziken\n|-activate|p1a: Blaziken|move: Protect\n|move|p1b: Farigiraf|Twin Beam|p2a: Garchomp\n|-damage|p2a: Garchomp|28/100\n|-damage|p2a: Garchomp|12/100\n|-hitcount|p2a: Garchomp|2\n|\n|-end|p1a: Blaziken|Infestation|[partiallytrapped]|[silent]\n|-ability|p1a: Blaziken|Speed Boost|boost\n|-boost|p1a: Blaziken|spe|1\n|upkeep\n|turn|3\n|\n|t:|1788273100\n|switch|p2a: Toxapex|Toxapex, L50, M|90/100\n|move|p1a: Blaziken|Close Combat|p2a: Toxapex\n|-resisted|p2a: Toxapex|1\n|-damage|p2a: Toxapex|77/100\n|-unboost|p1a: Blaziken|def|1\n|-unboost|p1a: Blaziken|spd|1\n|move|p2b: Incineroar|Darkest Lariat|p1b: Farigiraf\n|-supereffective|p1b: Farigiraf|1\n|-damage|p1b: Farigiraf|44/100\n|-enditem|p1b: Farigiraf|Sitrus Berry|[eat]\n|-heal|p1b: Farigiraf|69/100|[from] item: Sitrus Berry\n|move|p1b: Farigiraf|Trick Room|p1b: Farigiraf\n|-fieldstart|move: Trick Room|[of] p1b: Farigiraf\n|\n|-heal|p2a: Toxapex|82/100|[from] item: Leftovers\n|-ability|p1a: Blaziken|Speed Boost|boost\n|-boost|p1a: Blaziken|spe|1\n|upkeep\n|turn|4\n|\n|t:|1788273122\n|switch|p1a: Torkoal|Torkoal, L50, M|100/100\n|-weather|SunnyDay|[from] ability: Drought|[of] p1a: Torkoal\n|move|p1b: Farigiraf|Protect|p1b: Farigiraf\n|-singleturn|p1b: Farigiraf|Protect\n|move|p2a: Toxapex|Toxic|p1a: Torkoal\n|-status|p1a: Torkoal|tox\n|move|p2b: Incineroar|Parting Shot|p1a: Torkoal\n|-unboost|p1a: Torkoal|atk|1\n|-unboost|p1a: Torkoal|spa|1\n|\n|t:|1788273133\n|switch|p2b: Charizard|Charizard, L50, M|100/100|[from] Parting Shot\n|\n|-weather|SunnyDay|[upkeep]\n|-heal|p2a: Toxapex|88/100|[from] item: Leftovers\n|-damage|p1a: Torkoal|93/100 tox|[from] psn\n|upkeep\n|turn|5\n|j| figglewiggle\n|\n|t:|1788273148\n|detailschange|p2b: Charizard|Charizard-Mega-Y, L50, M\n|-mega|p2b: Charizard|Charizard|Charizardite Y\n|move|p1a: Torkoal|Helping Hand|p1b: Farigiraf\n|-singleturn|p1b: Farigiraf|Helping Hand|[of] p1a: Torkoal\n|move|p2a: Toxapex|Infestation|p1b: Farigiraf\n|-supereffective|p1b: Farigiraf|1\n|-damage|p1b: Farigiraf|63/100\n|-activate|p1b: Farigiraf|move: Infestation|[of] p2a: Toxapex\n|move|p1b: Farigiraf|Twin Beam|p2a: Toxapex\n|-supereffective|p2a: Toxapex|1\n|-damage|p2a: Toxapex|54/100\n|-supereffective|p2a: Toxapex|1\n|-damage|p2a: Toxapex|19/100\n|-hitcount|p2a: Toxapex|2\n|move|p2b: Charizard|Heat Wave|p1a: Torkoal|[spread] p1a,p1b\n|-resisted|p1a: Torkoal|1\n|-damage|p1a: Torkoal|52/100 tox\n|-damage|p1b: Farigiraf|5/100\n|\n|-weather|SunnyDay|[upkeep]\n|-heal|p2a: Toxapex|25/100|[from] item: Leftovers\n|-damage|p1a: Torkoal|40/100 tox|[from] psn\n|-damage|p1b: Farigiraf|0 fnt|[from] move: Infestation|[partiallytrapped]\n|faint|p1b: Farigiraf\n|upkeep\n|\n|t:|1788273164\n|switch|p1b: Primarina|Primarina, L50, F|100/100\n|turn|6\n|\n|t:|1788273178\n|-heal|p2a: Toxapex|58/100|[from] ability: Regenerator|[silent]\n|switch|p2a: Incineroar|Incineroar, L50, M|100/100\n|-ability|p2a: Incineroar|Intimidate|boost\n|-unboost|p1a: Torkoal|atk|1\n|-unboost|p1b: Primarina|atk|1\n|move|p1a: Torkoal|Helping Hand|p1b: Primarina\n|-singleturn|p1b: Primarina|Helping Hand|[of] p1a: Torkoal\n|move|p1b: Primarina|Hyper Voice|p2a: Incineroar|[spread] p2a,p2b\n|-supereffective|p2a: Incineroar|1\n|-crit|p2a: Incineroar\n|-supereffective|p2b: Charizard|1\n|-damage|p2a: Incineroar|3/100\n|-damage|p2b: Charizard|28/100\n|-enditem|p2a: Incineroar|Sitrus Berry|[eat]\n|-heal|p2a: Incineroar|28/100|[from] item: Sitrus Berry\n|-damage|p1b: Primarina|90/100|[from] item: Life Orb\n|move|p2b: Charizard|Heat Wave|p1b: Primarina|[spread] p1a,p1b\n|-resisted|p1a: Torkoal|1\n|-resisted|p1b: Primarina|1\n|-damage|p1a: Torkoal|0 fnt\n|-damage|p1b: Primarina|64/100\n|faint|p1a: Torkoal\n|\n|-weather|SunnyDay|[upkeep]\n|upkeep\n|\n|t:|1788273191\n|switch|p1a: Blaziken|Blaziken-Mega, L50, F|74/100\n|turn|7\n|\n|t:|1788273207\n|switch|p2a: Garchomp|Garchomp, L50, M|12/100\n|move|p1b: Primarina|Hyper Voice|p2a: Garchomp|[spread] p2a,p2b\n|-supereffective|p2b: Charizard|1\n|-damage|p2a: Garchomp|0 fnt\n|-damage|p2b: Charizard|0 fnt\n|faint|p2a: Garchomp\n|faint|p2b: Charizard\n|-damage|p1b: Primarina|55/100|[from] item: Life Orb\n|move|p1a: Blaziken|Rock Slide|p2: Garchomp|[notarget]\n|-fail|p1a: Blaziken\n|\n|-weather|SunnyDay|[upkeep]\n|-fieldend|move: Trick Room\n|-ability|p1a: Blaziken|Speed Boost|boost\n|-boost|p1a: Blaziken|spe|1\n|upkeep\n|\n|t:|1788273211\n|switch|p2a: Toxapex|Toxapex, L50, M|58/100\n|switch|p2b: Incineroar|Incineroar, L50, M|28/100\n|-ability|p2b: Incineroar|Intimidate|boost\n|-unboost|p1a: Blaziken|atk|1\n|-unboost|p1b: Primarina|atk|1\n|turn|8\n|\n|t:|1788273227\n|move|p1a: Blaziken|Detect|p1a: Blaziken\n|-singleturn|p1a: Blaziken|Protect\n|move|p1b: Primarina|Protect|p1b: Primarina\n|-singleturn|p1b: Primarina|Protect\n|move|p2b: Incineroar|Fake Out|p1a: Blaziken\n|-activate|p1a: Blaziken|move: Protect\n|move|p2a: Toxapex|Toxic|p1a: Blaziken\n|-activate|p1a: Blaziken|move: Protect\n|\n|-weather|none\n|-heal|p2a: Toxapex|64/100|[from] item: Leftovers\n|-ability|p1a: Blaziken|Speed Boost|boost\n|-boost|p1a: Blaziken|spe|1\n|upkeep\n|turn|9\n|\n|t:|1788273263\n|move|p1a: Blaziken|Close Combat|p2b: Incineroar\n|-supereffective|p2b: Incineroar|1\n|-damage|p2b: Incineroar|0 fnt\n|-unboost|p1a: Blaziken|def|1\n|-unboost|p1a: Blaziken|spd|1\n|faint|p2b: Incineroar\n|move|p1b: Primarina|Moonblast|p2a: Toxapex\n|-resisted|p2a: Toxapex|1\n|-damage|p2a: Toxapex|39/100\n|-damage|p1b: Primarina|45/100|[from] item: Life Orb\n|move|p2a: Toxapex|Toxic|p1a: Blaziken\n|-status|p1a: Blaziken|tox\n|\n|-heal|p2a: Toxapex|45/100|[from] item: Leftovers\n|-damage|p1a: Blaziken|67/100 tox|[from] psn\n|-ability|p1a: Blaziken|Speed Boost|boost\n|-boost|p1a: Blaziken|spe|1\n|upkeep\n|turn|10\n|inactive|Battle timer is ON: inactive players will automatically lose when time's up. (requested by Jorge Saltamontes)\n|\n|t:|1788273281\n|move|p2a: Toxapex|Baneful Bunker|p2a: Toxapex\n|-singleturn|p2a: Toxapex|move: Protect\n|move|p1a: Blaziken|Close Combat|p2a: Toxapex\n|-activate|p2a: Toxapex|move: Protect\n|move|p1b: Primarina|Moonblast|p2a: Toxapex\n|-activate|p2a: Toxapex|move: Protect\n|\n|-heal|p2a: Toxapex|50/100g|[from] item: Leftovers\n|-damage|p1a: Blaziken|55/100 tox|[from] psn\n|-ability|p1a: Blaziken|Speed Boost|boost\n|-boost|p1a: Blaziken|spe|1\n|upkeep\n|turn|11\n|\n|t:|1788273303\n|move|p1a: Blaziken|Close Combat|p2a: Toxapex\n|-resisted|p2a: Toxapex|1\n|-damage|p2a: Toxapex|35/100\n|-unboost|p1a: Blaziken|def|1\n|-unboost|p1a: Blaziken|spd|1\n|move|p1b: Primarina|Moonblast|p2a: Toxapex\n|-resisted|p2a: Toxapex|1\n|-damage|p2a: Toxapex|7/100\n|-damage|p1b: Primarina|35/100|[from] item: Life Orb\n|move|p2a: Toxapex|Toxic|p1b: Primarina\n|-status|p1b: Primarina|tox\n|\n|-heal|p2a: Toxapex|12/100|[from] item: Leftovers\n|-damage|p1a: Blaziken|37/100 tox|[from] psn\n|-damage|p1b: Primarina|29/100 tox|[from] psn\n|-ability|p1a: Blaziken|Speed Boost|boost\n|-boost|p1a: Blaziken|spe|1\n|upkeep\n|turn|12\n|\n|t:|1788273318\n|move|p2a: Toxapex|Baneful Bunker|p2a: Toxapex\n|-singleturn|p2a: Toxapex|move: Protect\n|move|p1a: Blaziken|Close Combat|p2a: Toxapex\n|-activate|p2a: Toxapex|move: Protect\n|move|p1b: Primarina|Moonblast|p2a: Toxapex\n|-activate|p2a: Toxapex|move: Protect\n|\n|-heal|p2a: Toxapex|18/100|[from] item: Leftovers\n|-damage|p1a: Blaziken|12/100 tox|[from] psn\n|-damage|p1b: Primarina|18/100 tox|[from] psn\n|-ability|p1a: Blaziken|Speed Boost|boost\n|-boost|p1a: Blaziken|spe|1\n|upkeep\n|turn|13\n|\n|t:|1788273333\n|move|p2a: Toxapex|Baneful Bunker|p2a: Toxapex\n|-singleturn|p2a: Toxapex|move: Protect\n|move|p1a: Blaziken|Close Combat|p2a: Toxapex\n|-activate|p2a: Toxapex|move: Protect\n|move|p1b: Primarina|Moonblast|p2a: Toxapex\n|-activate|p2a: Toxapex|move: Protect\n|\n|-heal|p2a: Toxapex|24/100|[from] item: Leftovers\n|-damage|p1a: Blaziken|0 fnt|[from] psn\n|faint|p1a: Blaziken\n|-damage|p1b: Primarina|1/100 tox|[from] psn\n|upkeep\n|turn|14\n|c|☆Cam oddish|gg\n|\n|t:|1788273347\n|move|p2a: Toxapex|Baneful Bunker||[still]\n|-fail|p2a: Toxapex\n|move|p1b: Primarina|Moonblast|p2a: Toxapex\n|-resisted|p2a: Toxapex|1\n|-damage|p2a: Toxapex|0 fnt\n|faint|p2a: Toxapex\n|-damage|p1b: Primarina|0 fnt|[from] item: Life Orb\n|faint|p1b: Primarina\n|\n|win|Cam oddish\n","uploadtime":1788272950,"views":"1","formatid":"gen9championsvgc2026regmbbo3","rating":null,"private":0,"password":null}