{"id":"gen9championsvgc2026regmbbo3-2674680436","format":"[Gen 9 Champions] VGC 2026 Reg M-B (Bo3)","players":["jeanryupr","JLFalcon"],"log":"|j|☆jeanryupr\n|j|☆JLFalcon\n|html|<table width=\"100%\"><tr><td align=\"left\">jeanryupr</td><td align=\"right\">JLFalcon</tr><tr><td align=\"left\"><i class=\"fa fa-circle\"></i> <i class=\"fa fa-circle-o\"></i> </td><td align=\"right\"><i class=\"fa fa-circle-o\"></i> <i class=\"fa fa-circle\"></i> </tr></table>\n|uhtml|bestof|<h2><strong>Game 3</strong> of <a href=\"/game-bestof3-gen9championsvgc2026regmbbo3-2674678406\">a best-of-3</a></h2>\n|t:|1788389539\n|gametype|doubles\n|player|p1|jeanryupr|2|1263\n|player|p2|JLFalcon|brawly|1207\n|gen|9\n|tier|[Gen 9 Champions] VGC 2026 Reg M-B (Bo3)\n|rated|\n|rule|Species Clause: Limit one of each Pokémon\n|rule|Item Clause: Limit 1 of each item\n|clearpoke\n|poke|p1|Scovillain, L50, M, shiny|\n|poke|p1|Basculegion, L50, M|\n|poke|p1|Kingambit, L50, M|\n|poke|p1|Sneasler, L50, M|\n|poke|p1|Lycanroc-Dusk, L50, F|\n|poke|p1|Froslass, L50, F|\n|poke|p2|Sneasler, L50, M|\n|poke|p2|Barbaracle, L50, M|\n|poke|p2|Farigiraf, L50, M|\n|poke|p2|Camerupt, L50, M|\n|poke|p2|Ninetales-Alola, L50, M|\n|poke|p2|Sinistcha, L50|\n|teampreview|4\n|showteam|p1|Scovillain||Scovillainite|Moody|GigaDrain,Overheat,RagePowder,Protect|Bold||M|||50|]Basculegion||LifeOrb|Adaptability|WaveCrash,LastRespects,AquaJet,Protect|Adamant||M|||50|]Kingambit||BlackGlasses|Defiant|KowtowCleave,SuckerPunch,SwordsDance,Protect|Adamant||M|||50|]Sneasler||WhiteHerb|Unburden|CloseCombat,DireClaw,Protect,FakeOut|Adamant||M|||50|]Lycanroc-Dusk||FocusSash|ToughClaws|CloseCombat,Accelerock,RockSlide,Protect|Adamant||F|||50|]Froslass||Froslassite|CursedBody|Blizzard,ShadowBall,AuroraVeil,Protect|Timid||F|||50|\n|showteam|p2|Sneasler||WhiteHerb|Unburden|CloseCombat,DireClaw,FakeOut,Coaching|Jolly||M|||50|]Barbaracle||Barbaracite|ToughClaws|RockSlide,CloseCombat,ShellSmash,Protect|Adamant||M|||50|]Farigiraf||SitrusBerry|ArmorTail|TwinBeam,HyperVoice,HelpingHand,TrickRoom|Quiet||M|||50|]Camerupt||Cameruptite|SolidRock|EarthPower,Eruption,HeatWave,Protect|Quiet||M|||50|]Ninetales-Alola||FocusSash|SnowWarning|Blizzard,FreezeDry,Moonblast,Protect|Timid||M|||50|]Sinistcha||KasibBerry|Hospitality|MatchaGotcha,StrengthSap,RagePowder,TrickRoom|Calm|||||50|\n|inactive|Battle timer is ON: inactive players will automatically lose when time's up. (requested by JLFalcon)\n|\n|t:|1788389576\n|teamsize|p1|4\n|teamsize|p2|4\n|start\n|switch|p1a: Froslass|Froslass, L50, F|100/100\n|switch|p1b: Basculegion|Basculegion, L50, M|100/100\n|switch|p2a: Sneasler|Sneasler, L50, M|100/100\n|switch|p2b: Barbaracle|Barbaracle, L50, M|100/100\n|turn|1\n|\n|t:|1788389596\n|detailschange|p1a: Froslass|Froslass-Mega, L50, F\n|-mega|p1a: Froslass|Froslass|Froslassite\n|-weather|Snowscape|[from] ability: Snow Warning|[of] p1a: Froslass\n|move|p2b: Barbaracle|Protect|p2b: Barbaracle\n|-singleturn|p2b: Barbaracle|Protect\n|move|p2a: Sneasler|Coaching|p2b: Barbaracle\n|-boost|p2b: Barbaracle|atk|1\n|-boost|p2b: Barbaracle|def|1\n|move|p1a: Froslass|Blizzard|p2a: Sneasler|[spread] p2a\n|-activate|p2b: Barbaracle|move: Protect\n|-damage|p2a: Sneasler|48/100\n|move|p1b: Basculegion|Wave Crash|p2b: Barbaracle\n|-activate|p2b: Barbaracle|move: Protect\n|\n|-weather|Snowscape|[upkeep]\n|upkeep\n|turn|2\n|\n|t:|1788389618\n|move|p2a: Sneasler|Coaching|p2b: Barbaracle\n|-boost|p2b: Barbaracle|atk|1\n|-boost|p2b: Barbaracle|def|1\n|move|p1a: Froslass|Blizzard|p2b: Barbaracle|[spread] p2a,p2b\n|-resisted|p2b: Barbaracle|1\n|-damage|p2a: Sneasler|0 fnt\n|-damage|p2b: Barbaracle|79/100\n|faint|p2a: Sneasler\n|move|p1b: Basculegion|Wave Crash|p2b: Barbaracle\n|-damage|p2b: Barbaracle|30/100\n|-damage|p1b: Basculegion|85/100|[from] Recoil\n|-damage|p1b: Basculegion|75/100|[from] item: Life Orb\n|move|p2b: Barbaracle|Shell Smash|p2b: Barbaracle\n|-unboost|p2b: Barbaracle|def|1\n|-unboost|p2b: Barbaracle|spd|1\n|-boost|p2b: Barbaracle|atk|2\n|-boost|p2b: Barbaracle|spa|2\n|-boost|p2b: Barbaracle|spe|2\n|\n|-weather|Snowscape|[upkeep]\n|upkeep\n|\n|t:|1788389628\n|switch|p2a: Sinistcha|Sinistcha, L50|100/100\n|-heal|p2b: Barbaracle|55/100|[from] ability: Hospitality|[of] p2a: Sinistcha\n|turn|3\n|\n|t:|1788389637\n|switch|p1b: Kingambit|Kingambit, L50, M|100/100\n|detailschange|p2b: Barbaracle|Barbaracle-Mega, L50, M\n|-mega|p2b: Barbaracle|Barbaracle|Barbaracite\n|move|p2b: Barbaracle|Rock Slide|p1b: Kingambit|[spread] p1a,p1b\n|-supereffective|p1a: Froslass|1\n|-resisted|p1b: Kingambit|1\n|-damage|p1a: Froslass|0 fnt\n|-damage|p1b: Kingambit|65/100\n|faint|p1a: Froslass\n|move|p2a: Sinistcha|Matcha Gotcha|p1b: Kingambit\n|-resisted|p1b: Kingambit|1\n|-crit|p1b: Kingambit\n|-damage|p1b: Kingambit|39/100\n|\n|-weather|Snowscape|[upkeep]\n|upkeep\n|\n|t:|1788389646\n|switch|p1a: Sneasler|Sneasler, L50, M|100/100\n|turn|4\n|\n|t:|1788389661\n|move|p2b: Barbaracle|Protect|p2b: Barbaracle\n|-singleturn|p2b: Barbaracle|Protect\n|move|p1a: Sneasler|Fake Out|p2b: Barbaracle\n|-activate|p2b: Barbaracle|move: Protect\n|move|p2a: Sinistcha|Matcha Gotcha|p1b: Kingambit|[spread] p1a,p1b\n|-resisted|p1a: Sneasler|1\n|-resisted|p1b: Kingambit|1\n|-damage|p1a: Sneasler|85/100\n|-damage|p1b: Kingambit|26/100\n|move|p1b: Kingambit|Kowtow Cleave|p2a: Sinistcha\n|-supereffective|p2a: Sinistcha|1\n|-damage|p2a: Sinistcha|0 fnt\n|faint|p2a: Sinistcha\n|\n|-weather|Snowscape|[upkeep]\n|upkeep\n|\n|t:|1788389673\n|switch|p2a: Farigiraf|Farigiraf, L50, M|100/100\n|turn|5\n|\n|t:|1788389686\n|move|p2a: Farigiraf|Helping Hand|p2b: Barbaracle\n|-singleturn|p2b: Barbaracle|Helping Hand|[of] p2a: Farigiraf\n|move|p2b: Barbaracle|Rock Slide|p1b: Kingambit|[spread] p1a,p1b\n|-resisted|p1a: Sneasler|1\n|-resisted|p1b: Kingambit|1\n|-damage|p1a: Sneasler|0 fnt\n|-damage|p1b: Kingambit|0 fnt\n|faint|p1a: Sneasler\n|faint|p1b: Kingambit\n|\n|-weather|none\n|upkeep\n|\n|t:|1788389692\n|switch|p1b: Basculegion|Basculegion, L50, M|75/100\n|turn|6\n|\n|t:|1788389699\n|move|p2b: Barbaracle|Protect|p2b: Barbaracle\n|-singleturn|p2b: Barbaracle|Protect\n|move|p1b: Basculegion|Wave Crash|p2a: Farigiraf\n|-damage|p2a: Farigiraf|9/100\n|-enditem|p2a: Farigiraf|Sitrus Berry|[eat]\n|-heal|p2a: Farigiraf|34/100|[from] item: Sitrus Berry\n|-damage|p1b: Basculegion|41/100|[from] Recoil\n|-damage|p1b: Basculegion|32/100|[from] item: Life Orb\n|move|p2a: Farigiraf|Twin Beam|p1b: Basculegion\n|-damage|p1b: Basculegion|12/100\n|-damage|p1b: Basculegion|0 fnt\n|faint|p1b: Basculegion\n|-hitcount|p1: Basculegion|2\n|\n|win|JLFalcon\n","uploadtime":1788389546,"views":"0","formatid":"gen9championsvgc2026regmbbo3","rating":null,"private":0,"password":null}