{"id":"gen9championsvgc2026regmbbo3-2674100992","format":"[Gen 9 Champions] VGC 2026 Reg M-B (Bo3)","players":["Puppypilledchloe","humania1"],"log":"|j|☆Puppypilledchloe\n|j|☆humania1\n|html|<table width=\"100%\"><tr><td align=\"left\">Puppypilledchloe</td><td align=\"right\">humania1</tr><tr><td align=\"left\"><i class=\"fa fa-circle\"></i> <i class=\"fa fa-circle-o\"></i> </td><td align=\"right\"><i class=\"fa fa-circle-o\"></i> <i class=\"fa fa-circle\"></i> </tr></table>\n|uhtml|bestof|<h2><strong>Game 3</strong> of <a href=\"/game-bestof3-gen9championsvgc2026regmbbo3-2674098803\">a best-of-3</a></h2>\n|t:|1788299250\n|gametype|doubles\n|player|p1|Puppypilledchloe|swimmerf-gen4|1000\n|player|p2|humania1|266|1040\n|gen|9\n|tier|[Gen 9 Champions] VGC 2026 Reg M-B (Bo3)\n|rated|\n|rule|Species Clause: Limit one of each Pokémon\n|rule|Item Clause: Limit 1 of each item\n|clearpoke\n|poke|p1|Sylveon, L50, M, shiny|\n|poke|p1|Staraptor, L50, F|\n|poke|p1|Kingambit, L50, M|\n|poke|p1|Raichu, L50, F, shiny|\n|poke|p1|Arcanine-Hisui, L50, M|\n|poke|p1|Whimsicott, L50, F, shiny|\n|poke|p2|Blastoise, L50, M|\n|poke|p2|Delphox, L50, F, shiny|\n|poke|p2|Incineroar, L50, M|\n|poke|p2|Sinistcha, L50|\n|poke|p2|Sneasler, L50, F|\n|poke|p2|Vivillon, L50, F|\n|teampreview|4\n|showteam|p1|Sylveon||FairyFeather|Pixilate|Detect,HyperVoice,HyperBeam,QuickAttack|Modest||M|||50|]Staraptor||Staraptite|Intimidate|Protect,CloseCombat,BraveBird,Roost|Adamant||F|||50|]Kingambit||LifeOrb|Defiant|Protect,SuckerPunch,KowtowCleave,IronHead|Adamant||M|||50|]Raichu||RaichuniteY|LightningRod|Protect,ZapCannon,FocusBlast,FakeOut|Timid||F|||50|]Arcanine-Hisui||SitrusBerry|RockHead|FlareBlitz,HeadSmash,Protect,ExtremeSpeed|Jolly||M|||50|]Whimsicott||FocusSash|Prankster|Protect,Moonblast,Tailwind,Charm|Timid||F|||50|\n|showteam|p2|Blastoise||Blastoisinite|Torrent|Protect,ShellSmash,WaterSpout,DarkPulse|Modest||M|||50|]Delphox||Delphoxite|Blaze|Protect,HeatWave,Psyshock,NastyPlot|Timid||F|||50|]Incineroar||PasshoBerry|Intimidate|FakeOut,PartingShot,FlareBlitz,ThroatChop|Impish||M|||50|]Sinistcha||SitrusBerry|Hospitality|Protect,MatchaGotcha,TrickRoom,RagePowder|Bold|||||50|]Sneasler||FocusSash|PoisonTouch|QuickGuard,FakeOut,CloseCombat,DireClaw|Jolly||F|||50|]Vivillon||ChoiceScarf|CompoundEyes|Hurricane,SleepPowder,RagePowder,Uturn|Timid||F|||50|\n|inactive|Battle timer is ON: inactive players will automatically lose when time's up. (requested by humania1)\n|\n|t:|1788299260\n|teamsize|p1|4\n|teamsize|p2|4\n|start\n|switch|p1a: Fluffy|Kingambit, L50, M|100/100\n|switch|p1b: Liar|Raichu, L50, F, shiny|100/100\n|switch|p2a: Delphox|Delphox, L50, F, shiny|100/100\n|switch|p2b: Incineroar|Incineroar, L50, M|100/100\n|-ability|p2b: Incineroar|Intimidate|boost\n|-unboost|p1a: Fluffy|atk|1\n|-ability|p1a: Fluffy|Defiant|boost\n|-boost|p1a: Fluffy|atk|2\n|-unboost|p1b: Liar|atk|1\n|turn|1\n|\n|t:|1788299280\n|move|p2a: Delphox|Protect|p2a: Delphox\n|-singleturn|p2a: Delphox|Protect\n|move|p1b: Liar|Fake Out|p2b: Incineroar\n|-damage|p2b: Incineroar|95/100\n|move|p1a: Fluffy|Sucker Punch||[still]\n|-fail|p1a: Fluffy\n|cant|p2b: Incineroar|flinch\n|\n|upkeep\n|turn|2\n|\n|t:|1788299292\n|switch|p2a: Sinistcha|Sinistcha, L50|100/100\n|-heal|p2b: Incineroar|100/100|[from] ability: Hospitality|[of] p2a: Sinistcha\n|detailschange|p1b: Liar|Raichu-Mega-Y, L50, F, shiny\n|-mega|p1b: Liar|Raichu|Raichunite Y\n|move|p1a: Fluffy|Sucker Punch||[still]\n|-fail|p1a: Fluffy\n|move|p1b: Liar|Focus Blast|p2b: Incineroar\n|-supereffective|p2b: Incineroar|1\n|-damage|p2b: Incineroar|6/100\n|move|p2b: Incineroar|Flare Blitz|p1b: Liar\n|-damage|p1b: Liar|5/100\n|-damage|p2b: Incineroar|0 fnt|[from] Recoil\n|faint|p2b: Incineroar\n|\n|upkeep\n|\n|t:|1788299292\n|switch|p2b: Delphox|Delphox, L50, F, shiny|100/100\n|turn|3\n|inactive|Puppypilledchloe has 30 seconds left.\n|inactive|Puppypilledchloe has 20 seconds left.\n|\n|t:|1788299330\n|switch|p1b: Thad|Arcanine-Hisui, L50, M|100/100\n|switch|p2a: Sneasler|Sneasler, L50, F|100/100\n|move|p2b: Delphox|Protect|p2b: Delphox\n|-singleturn|p2b: Delphox|Protect\n|move|p1a: Fluffy|Kowtow Cleave|p2b: Delphox\n|-activate|p2b: Delphox|move: Protect\n|\n|upkeep\n|turn|4\n|\n|t:|1788299348\n|switch|p2b: Sinistcha|Sinistcha, L50|100/100\n|move|p1a: Fluffy|Protect|p1a: Fluffy\n|-singleturn|p1a: Fluffy|Protect\n|move|p2a: Sneasler|Close Combat|p1a: Fluffy\n|-activate|p1a: Fluffy|move: Protect\n|move|p1b: Thad|Flare Blitz|p2a: Sneasler\n|-damage|p2a: Sneasler|23/100\n|\n|upkeep\n|turn|5\n|\n|t:|1788299368\n|move|p2b: Sinistcha|Protect|p2b: Sinistcha\n|-singleturn|p2b: Sinistcha|Protect\n|move|p1b: Thad|Extreme Speed|p2a: Sneasler\n|-damage|p2a: Sneasler|0 fnt\n|faint|p2a: Sneasler\n|move|p1a: Fluffy|Sucker Punch||[still]\n|-fail|p1a: Fluffy\n|\n|upkeep\n|\n|t:|1788299369\n|switch|p2a: Delphox|Delphox, L50, F, shiny|100/100\n|turn|6\n|\n|t:|1788299380\n|move|p2a: Delphox|Protect|p2a: Delphox\n|-singleturn|p2a: Delphox|Protect\n|move|p1b: Thad|Flare Blitz|p2b: Sinistcha\n|-supereffective|p2b: Sinistcha|1\n|-damage|p2b: Sinistcha|20/100y\n|-enditem|p2b: Sinistcha|Sitrus Berry|[eat]\n|-heal|p2b: Sinistcha|45/100|[from] item: Sitrus Berry\n|move|p1a: Fluffy|Kowtow Cleave|p2a: Delphox\n|-activate|p2a: Delphox|move: Protect\n|move|p2b: Sinistcha|Trick Room|p2b: Sinistcha\n|-fieldstart|move: Trick Room|[of] p2b: Sinistcha\n|\n|upkeep\n|turn|7\n|\n|t:|1788299394\n|detailschange|p2a: Delphox|Delphox-Mega, L50, F, shiny\n|-mega|p2a: Delphox|Delphox|Delphoxite\n|move|p2b: Sinistcha|Protect|p2b: Sinistcha\n|-singleturn|p2b: Sinistcha|Protect\n|move|p1a: Fluffy|Kowtow Cleave|p2a: Delphox\n|-supereffective|p2a: Delphox|1\n|-damage|p2a: Delphox|0 fnt\n|faint|p2a: Delphox\n|-damage|p1a: Fluffy|90/100|[from] item: Life Orb\n|move|p1b: Thad|Flare Blitz|p2b: Sinistcha\n|-activate|p2b: Sinistcha|move: Protect\n|\n|upkeep\n|turn|8\n|\n|t:|1788299407\n|move|p2b: Sinistcha|Protect||[still]\n|-fail|p2b: Sinistcha\n|move|p1a: Fluffy|Kowtow Cleave|p2b: Sinistcha\n|-supereffective|p2b: Sinistcha|1\n|-damage|p2b: Sinistcha|0 fnt\n|faint|p2b: Sinistcha\n|-damage|p1a: Fluffy|80/100|[from] item: Life Orb\n|\n|win|Puppypilledchloe\n|raw|Puppypilledchloe's rating: 1000 &rarr; <strong>1045</strong><br />(+45 for winning)\n|raw|humania1's rating: 1040 &rarr; <strong>1022</strong><br />(-18 for losing)\n","uploadtime":1788299407,"views":"1","formatid":"gen9championsvgc2026regmbbo3","rating":1022,"private":0,"password":null}