{"id":"gen9championsvgc2026regmb-2674722063","format":"[Gen 9 Champions] VGC 2026 Reg M-B","players":["BloodTrailedCometV","infinite para!"],"log":"|j|☆BloodTrailedCometV\n|j|☆infinite para!\n|t:|1788395939\n|gametype|doubles\n|player|p1|BloodTrailedCometV|lusamine-nihilego|1359\n|player|p2|infinite para!|1|1283\n|gen|9\n|tier|[Gen 9 Champions] VGC 2026 Reg M-B\n|rated|\n|rule|Species Clause: Limit one of each Pokémon\n|rule|Item Clause: Limit 1 of each item\n|clearpoke\n|poke|p1|Sceptile, L50, M|\n|poke|p1|Garchomp, L50, M|\n|poke|p1|Floette-Eternal, L50, F|\n|poke|p1|Rotom-Heat, L50, shiny|\n|poke|p1|Basculegion, L50, M, shiny|\n|poke|p1|Talonflame, L50, M|\n|poke|p2|Dragapult, L50, F|\n|poke|p2|Farigiraf, L50, F|\n|poke|p2|Scovillain, L50, M|\n|poke|p2|Tyranitar, L50, M, shiny|\n|poke|p2|Espathra, L50, F|\n|poke|p2|Excadrill, L50, M|\n|teampreview|4\n|inactive|Battle timer is ON: inactive players will automatically lose when time's up. (requested by BloodTrailedCometV)\n|inactive|infinite para! has 60 seconds left.\nBloodTrailedCometV rejected open team sheets.\n|\n|t:|1788395980\n|teamsize|p1|4\n|teamsize|p2|4\n|start\n|switch|p1a: Talonflame|Talonflame, L50, M|100/100\n|switch|p1b: IHYLD|Floette-Eternal, L50, F|100/100\n|switch|p2a: Dragapult|Dragapult, L50, F|100/100\n|switch|p2b: Espathra|Espathra, L50, F|100/100\n|turn|1\n|\n|t:|1788395988\n|detailschange|p1b: IHYLD|Floette-Mega, L50, F\n|-mega|p1b: IHYLD|Floette|Floettite\n|-ability|p1b: IHYLD|Fairy Aura\n|move|p1a: Talonflame|Tailwind|p1a: Talonflame\n|-sidestart|p1: BloodTrailedCometV|move: Tailwind\n|move|p1b: IHYLD|Dazzling Gleam|p2a: Dragapult|[spread] p2a,p2b\n|-supereffective|p2a: Dragapult|1\n|-damage|p2a: Dragapult|0 fnt\n|-damage|p2b: Espathra|43/100\n|faint|p2a: Dragapult\n|move|p2b: Espathra|Calm Mind|p2b: Espathra\n|-boost|p2b: Espathra|spa|1\n|-boost|p2b: Espathra|spd|1\n|\n|-ability|p2b: Espathra|Speed Boost|boost\n|-boost|p2b: Espathra|spe|1\n|upkeep\n|\n|t:|1788396003\n|switch|p2a: Tyranitar|Tyranitar, L50, M, shiny|100/100\n|-weather|Sandstorm|[from] ability: Sand Stream|[of] p2a: Tyranitar\n|turn|2\n|\n|t:|1788396016\n|detailschange|p2a: Tyranitar|Tyranitar-Mega, L50, M, shiny\n|-mega|p2a: Tyranitar|Tyranitar|Tyranitarite\n|move|p2b: Espathra|Protect|p2b: Espathra\n|-singleturn|p2b: Espathra|Protect\n|move|p1a: Talonflame|Flare Blitz|p2b: Espathra\n|-activate|p2b: Espathra|move: Protect\n|move|p1b: IHYLD|Dazzling Gleam|p2a: Tyranitar|[spread] p2a\n|-activate|p2b: Espathra|move: Protect\n|-supereffective|p2a: Tyranitar|1\n|-damage|p2a: Tyranitar|48/100\n|move|p2a: Tyranitar|Dragon Dance|p2a: Tyranitar\n|-boost|p2a: Tyranitar|atk|1\n|-boost|p2a: Tyranitar|spe|1\n|\n|-weather|Sandstorm|[upkeep]\n|-damage|p1a: Talonflame|94/100|[from] Sandstorm\n|-damage|p1b: IHYLD|94/100|[from] Sandstorm\n|-damage|p2b: Espathra|37/100|[from] Sandstorm\n|-ability|p2b: Espathra|Speed Boost|boost\n|-boost|p2b: Espathra|spe|1\n|upkeep\n|turn|3\n|inactive|infinite para! has 30 seconds left.\n|\n|t:|1788396046\n|move|p2a: Tyranitar|Protect|p2a: Tyranitar\n|-singleturn|p2a: Tyranitar|Protect\n|move|p1a: Talonflame|Flare Blitz|p2b: Espathra\n|-damage|p2b: Espathra|0 fnt\n|faint|p2b: Espathra\n|-damage|p1a: Talonflame|78/100|[from] Recoil\n|move|p1b: IHYLD|Dazzling Gleam|p2a: Tyranitar\n|-activate|p2a: Tyranitar|move: Protect\n|\n|-weather|Sandstorm|[upkeep]\n|-damage|p1a: Talonflame|72/100|[from] Sandstorm\n|-damage|p1b: IHYLD|88/100|[from] Sandstorm\n|upkeep\n|\n|t:|1788396054\n|switch|p2b: Excadrill|Excadrill, L50, M|100/100\n|turn|4\n|\n|t:|1788396060\n|move|p1a: Talonflame|Flare Blitz|p2b: Excadrill\n|-supereffective|p2b: Excadrill|1\n|-crit|p2b: Excadrill\n|-enditem|p2b: Excadrill|Focus Sash\n|-damage|p2b: Excadrill|1/100\n|-damage|p1a: Talonflame|32/100|[from] Recoil\n|move|p1b: IHYLD|Dazzling Gleam|p2a: Tyranitar|[spread] p2a,p2b\n|-supereffective|p2a: Tyranitar|1\n|-resisted|p2b: Excadrill|1\n|-damage|p2a: Tyranitar|2/100\n|-damage|p2b: Excadrill|0 fnt\n|faint|p2b: Excadrill\n|move|p2a: Tyranitar|Rock Slide|p1a: Talonflame|[spread] p1b\n|-miss|p2a: Tyranitar|p1a: Talonflame\n|-damage|p1b: IHYLD|16/100\n|\n|-weather|Sandstorm|[upkeep]\n|-damage|p1a: Talonflame|27/100|[from] Sandstorm\n|-damage|p1b: IHYLD|10/100|[from] Sandstorm\n|-sideend|p1: BloodTrailedCometV|move: Tailwind\n|upkeep\n|turn|5\n|-message|infinite para! forfeited.\n|\n|win|BloodTrailedCometV\n|raw|BloodTrailedCometV's rating: 1359 &rarr; <strong>1375</strong><br />(+16 for winning)\n|raw|infinite para!'s rating: 1283 &rarr; <strong>1263</strong><br />(-20 for losing)\n|l|☆infinite para!\n|player|p2|\n","uploadtime":1788396075,"views":"8","formatid":"gen9championsvgc2026regmb","rating":1263,"private":0,"password":null}