{"id":"gen9championsvgc2026regmb-2674103691","format":"[Gen 9 Champions] VGC 2026 Reg M-B","players":["Crotolamo67","oberficker123"],"log":"|j|☆Crotolamo67\n|j|☆oberficker123\n|t:|1788299619\n|gametype|doubles\n|player|p1|Crotolamo67|mina-lgpe|1374\n|player|p2|oberficker123|gambler|1397\n|gen|9\n|tier|[Gen 9 Champions] VGC 2026 Reg M-B\n|rated|\n|rule|Species Clause: Limit one of each Pokémon\n|rule|Item Clause: Limit 1 of each item\n|clearpoke\n|poke|p1|Raichu, L50, M, shiny|\n|poke|p1|Aerodactyl, L50, M|\n|poke|p1|Kingambit, L50, M, shiny|\n|poke|p1|Basculegion, L50, M, shiny|\n|poke|p1|Ninetales-Alola, L50, M|\n|poke|p1|Tsareena, L50, F, shiny|\n|poke|p2|Floette-Eternal, L50, F|\n|poke|p2|Incineroar, L50, F|\n|poke|p2|Sinistcha-Masterpiece, L50|\n|poke|p2|Sneasler, L50, M|\n|poke|p2|Aerodactyl, L50, F|\n|poke|p2|Kingambit, L50, F|\n|teampreview|4\n|j| bondleroo\n|l| bondleroo\n|\n|t:|1788299659\n|teamsize|p1|4\n|teamsize|p2|4\n|start\n|switch|p1a: Raichu|Raichu, L50, M, shiny|100/100\n|switch|p1b: Kingambit|Kingambit, L50, M, shiny|100/100\n|switch|p2a: Sneasler|Sneasler, L50, M|100/100\n|switch|p2b: Aerodactyl|Aerodactyl, L50, F|100/100\n|-ability|p2b: Aerodactyl|Unnerve\n|turn|1\n|\n|t:|1788299691\n|detailschange|p1a: Raichu|Raichu-Mega-Y, L50, M, shiny\n|-mega|p1a: Raichu|Raichu|Raichunite Y\n|move|p1a: Raichu|Fake Out|p2b: Aerodactyl\n|-resisted|p2b: Aerodactyl|1\n|-damage|p2b: Aerodactyl|92/100\n|move|p2a: Sneasler|Fake Out|p1b: Kingambit\n|-resisted|p1b: Kingambit|1\n|-damage|p1b: Kingambit|94/100\n|cant|p2b: Aerodactyl|flinch\n|cant|p1b: Kingambit|flinch\n|\n|upkeep\n|turn|2\n|\n|t:|1788299714\n|switch|p1b: Basculegion|Basculegion, L50, M, shiny|100/100\n|move|p2b: Aerodactyl|Tailwind|p2b: Aerodactyl\n|-sidestart|p2: oberficker123|move: Tailwind\n|move|p2a: Sneasler|Close Combat|p1b: Basculegion\n|-immune|p1b: Basculegion\n|move|p1a: Raichu|Zap Cannon|p2a: Sneasler\n|-damage|p2a: Sneasler|29/100\n|-status|p2a: Sneasler|par\n|\n|upkeep\n|turn|3\n|\n|t:|1788299742\n|switch|p2a: Sinistcha|Sinistcha-Masterpiece, L50|100/100\n|-heal|p2b: Aerodactyl|100/100|[from] ability: Hospitality|[of] p2a: Sinistcha\n|move|p1b: Basculegion|Aqua Jet|p2b: Aerodactyl\n|-supereffective|p2b: Aerodactyl|1\n|-enditem|p2b: Aerodactyl|Focus Sash\n|-damage|p2b: Aerodactyl|1/100\n|-damage|p1b: Basculegion|90/100|[from] item: Life Orb\n|move|p2b: Aerodactyl|Rock Slide|p1a: Raichu|[spread] p1a,p1b\n|-damage|p1a: Raichu|62/100\n|-damage|p1b: Basculegion|61/100\n|cant|p1a: Raichu|flinch\n|\n|upkeep\n|turn|4\n|\n|t:|1788299763\n|move|p1b: Basculegion|Protect|p1b: Basculegion\n|-singleturn|p1b: Basculegion|Protect\n|move|p2a: Sinistcha|Rage Powder|p2a: Sinistcha\n|-singleturn|p2a: Sinistcha|move: Rage Powder\n|move|p2b: Aerodactyl|Rock Slide|p1a: Raichu|[spread] p1a\n|-activate|p1b: Basculegion|move: Protect\n|-damage|p1a: Raichu|28/100\n|cant|p1a: Raichu|flinch\n|\n|upkeep\n|turn|5\n|\n|t:|1788299786\n|switch|p1b: Kingambit|Kingambit, L50, M, shiny|94/100\n|move|p1a: Raichu|Protect|p1a: Raichu\n|-singleturn|p1a: Raichu|Protect\n|move|p2a: Sinistcha|Rage Powder|p2a: Sinistcha\n|-singleturn|p2a: Sinistcha|move: Rage Powder\n|move|p2b: Aerodactyl|Rock Slide|p1a: Raichu|[spread] p1b\n|-activate|p1a: Raichu|move: Protect\n|-resisted|p1b: Kingambit|1\n|-damage|p1b: Kingambit|85/100\n|\n|-sideend|p2: oberficker123|move: Tailwind\n|upkeep\n|turn|6\n|\n|t:|1788299816\n|switch|p1a: Tsareena|Tsareena, L50, F, shiny|100/100\n|move|p2a: Sinistcha|Rage Powder|p2a: Sinistcha\n|-singleturn|p2a: Sinistcha|move: Rage Powder\n|move|p2b: Aerodactyl|Tailwind|p2b: Aerodactyl\n|-sidestart|p2: oberficker123|move: Tailwind\n|move|p1b: Kingambit|Kowtow Cleave|p2a: Sinistcha\n|-supereffective|p2a: Sinistcha|1\n|-damage|p2a: Sinistcha|29/100\n|\n|upkeep\n|turn|7\n|\n|t:|1788299838\n|switch|p1a: Basculegion|Basculegion, L50, M, shiny|61/100\n|move|p2b: Aerodactyl|Dual Wingbeat|p1a: Basculegion\n|-damage|p1a: Basculegion|38/100\n|-damage|p1a: Basculegion|19/100\n|-hitcount|p1a: Basculegion|2\n|move|p2a: Sinistcha|Matcha Gotcha|p1b: Kingambit|[spread] p1a,p1b\n|-supereffective|p1a: Basculegion|1\n|-resisted|p1b: Kingambit|1\n|-damage|p1a: Basculegion|0 fnt\n|-heal|p2a: Sinistcha|40/100|[from] drain|[of] p1a: Basculegion\n|-damage|p1b: Kingambit|72/100\n|-heal|p2a: Sinistcha|47/100|[from] drain|[of] p1b: Kingambit\n|faint|p1a: Basculegion\n|move|p1b: Kingambit|Kowtow Cleave|p2a: Sinistcha\n|-supereffective|p2a: Sinistcha|1\n|-damage|p2a: Sinistcha|0 fnt\n|faint|p2a: Sinistcha\n|\n|upkeep\n|\n|t:|1788299859\n|switch|p1a: Raichu|Raichu-Mega-Y, L50, M, shiny|28/100\n|switch|p2a: Floette|Floette-Eternal, L50, F|100/100\n|turn|8\n|\n|t:|1788299874\n|detailschange|p2a: Floette|Floette-Mega, L50, F\n|-mega|p2a: Floette|Floette|Floettite\n|-ability|p2a: Floette|Fairy Aura\n|move|p2a: Floette|Protect|p2a: Floette\n|-singleturn|p2a: Floette|Protect\n|move|p1a: Raichu|Fake Out|p2a: Floette\n|-activate|p2a: Floette|move: Protect\n|move|p2b: Aerodactyl|Rock Slide|p1a: Raichu|[spread] p1a,p1b\n|-resisted|p1b: Kingambit|1\n|-damage|p1a: Raichu|0 fnt\n|-damage|p1b: Kingambit|62/100\n|faint|p1a: Raichu\n|cant|p1b: Kingambit|flinch\n|\n|upkeep\n|\n|t:|1788299894\n|switch|p1a: Tsareena|Tsareena, L50, F, shiny|100/100\n|turn|9\n|\n|t:|1788299909\n|move|p1b: Kingambit|Protect|p1b: Kingambit\n|-singleturn|p1b: Kingambit|Protect\n|move|p2b: Aerodactyl|Rock Slide|p1b: Kingambit|[spread] \n|-activate|p1b: Kingambit|move: Protect\n|-miss|p2b: Aerodactyl|p1a: Tsareena\n|move|p2a: Floette|Dazzling Gleam|p1b: Kingambit|[spread] p1a\n|-activate|p1b: Kingambit|move: Protect\n|-damage|p1a: Tsareena|52/100\n|move|p1a: Tsareena|Power Whip|p2a: Floette\n|-crit|p2a: Floette\n|-damage|p2a: Floette|19/100\n|\n|-sideend|p2: oberficker123|move: Tailwind\n|upkeep\n|turn|10\n|\n|t:|1788299957\n|move|p2a: Floette|Protect|p2a: Floette\n|-singleturn|p2a: Floette|Protect\n|move|p1b: Kingambit|Sucker Punch||[still]\n|-fail|p1b: Kingambit\n|move|p2b: Aerodactyl|Tailwind|p2b: Aerodactyl\n|-sidestart|p2: oberficker123|move: Tailwind\n|move|p1a: Tsareena|Power Whip|p2a: Floette\n|-activate|p2a: Floette|move: Protect\n|\n|upkeep\n|turn|11\n|inactive|Battle timer is ON: inactive players will automatically lose when time's up. (requested by Crotolamo67)\n|\n|t:|1788299998\n|move|p1b: Kingambit|Sucker Punch|p2a: Floette\n|-resisted|p2a: Floette|1\n|-damage|p2a: Floette|1/100\n|move|p2b: Aerodactyl|Dual Wingbeat|p1a: Tsareena\n|-supereffective|p1a: Tsareena|1\n|-damage|p1a: Tsareena|11/100\n|-supereffective|p1a: Tsareena|1\n|-damage|p1a: Tsareena|0 fnt\n|faint|p1a: Tsareena\n|-hitcount|p1: Tsareena|2\n|move|p2a: Floette|Dazzling Gleam|p1b: Kingambit\n|-damage|p1b: Kingambit|3/100\n|\n|upkeep\n|turn|12\n|-message|Crotolamo67 forfeited.\n|\n|win|oberficker123\n","uploadtime":1788299621,"views":"1","formatid":"gen9championsvgc2026regmb","rating":null,"private":0,"password":null}