{"id":"gen9championsvgc2026regmb-2674750232","format":"[Gen 9 Champions] VGC 2026 Reg M-B","players":["hk96g7b","Valhala Alfa"],"log":"|j|☆hk96g7b\n|j|☆Valhala Alfa\n|t:|1788400339\n|gametype|doubles\n|player|p1|hk96g7b|170|1074\n|player|p2|Valhala Alfa|battlegirl|1175\n|gen|9\n|tier|[Gen 9 Champions] VGC 2026 Reg M-B\n|rated|\n|rule|Species Clause: Limit one of each Pokémon\n|rule|Item Clause: Limit 1 of each item\n|clearpoke\n|poke|p1|Staraptor, L50, F, shiny|\n|poke|p1|Whimsicott, L50, M, shiny|\n|poke|p1|Glimmora, L50, F, shiny|\n|poke|p1|Garchomp, L50, M|\n|poke|p1|Kingambit, L50, F|\n|poke|p1|Basculegion, L50, M|\n|poke|p2|Camerupt, L50, M|\n|poke|p2|Reuniclus, L50, M|\n|poke|p2|Rhyperior, L50, M|\n|poke|p2|Sableye, L50, F|\n|poke|p2|Bellibolt, L50, M|\n|poke|p2|Weavile, L50, F|\n|teampreview|4\n|inactive|Battle timer is ON: inactive players will automatically lose when time's up. (requested by Valhala Alfa)\n|\n|t:|1788400366\n|teamsize|p1|4\n|teamsize|p2|4\n|start\n|switch|p1a: Staraptor|Staraptor, L50, F, shiny|100/100\n|switch|p1b: Kingambit|Kingambit, L50, F|100/100\n|switch|p2a: Reuniclus|Reuniclus, L50, M|100/100\n|switch|p2b: Weavile|Weavile, L50, F|100/100\n|-ability|p2b: Weavile|Pressure\n|-ability|p1a: Staraptor|Intimidate|boost\n|-unboost|p2a: Reuniclus|atk|1\n|-unboost|p2b: Weavile|atk|1\n|turn|1\n|\n|t:|1788400384\n|detailschange|p1a: Staraptor|Staraptor-Mega, L50, F, shiny\n|-mega|p1a: Staraptor|Staraptor|Staraptite\n|move|p2b: Weavile|Fake Out|p1b: Kingambit\n|-resisted|p1b: Kingambit|1\n|-damage|p1b: Kingambit|97/100\n|move|p1a: Staraptor|Close Combat|p2a: Reuniclus\n|-resisted|p2a: Reuniclus|1\n|-damage|p2a: Reuniclus|71/100\n|-boost|p1a: Staraptor|def|1\n|-boost|p1a: Staraptor|spd|1\n|cant|p1b: Kingambit|flinch\n|move|p2a: Reuniclus|Trick Room|p2a: Reuniclus\n|-fieldstart|move: Trick Room|[of] p2a: Reuniclus\n|\n|upkeep\n|turn|2\n|\n|t:|1788400404\n|move|p2a: Reuniclus|Psychic|p1a: Staraptor\n|-supereffective|p1a: Staraptor|1\n|-damage|p1a: Staraptor|0 fnt\n|faint|p1a: Staraptor\n|move|p1b: Kingambit|Kowtow Cleave|p2a: Reuniclus\n|-supereffective|p2a: Reuniclus|1\n|-damage|p2a: Reuniclus|0 fnt\n|faint|p2a: Reuniclus\n|move|p2b: Weavile|Triple Axel|p1b: Kingambit\n|-resisted|p1b: Kingambit|1\n|-damage|p1b: Kingambit|94/100\n|-resisted|p1b: Kingambit|1\n|-damage|p1b: Kingambit|88/100\n|-resisted|p1b: Kingambit|1\n|-damage|p1b: Kingambit|82/100\n|-hitcount|p1b: Kingambit|3\n|\n|upkeep\n|\n|t:|1788400417\n|switch|p2a: Camerupt|Camerupt, L50, M|100/100\n|switch|p1a: Basculegion|Basculegion, L50, M|100/100\n|turn|3\n|\n|t:|1788400440\n|switch|p1b: Garchomp|Garchomp, L50, M|100/100\n|move|p2a: Camerupt|Protect|p2a: Camerupt\n|-singleturn|p2a: Camerupt|Protect\n|move|p1a: Basculegion|Wave Crash|p2a: Camerupt\n|-activate|p2a: Camerupt|move: Protect\n|move|p2b: Weavile|Knock Off|p1a: Basculegion\n|-supereffective|p1a: Basculegion|1\n|-damage|p1a: Basculegion|22/100\n|-enditem|p1a: Basculegion|Life Orb|[from] move: Knock Off|[of] p2b: Weavile\n|\n|upkeep\n|turn|4\n|\n|t:|1788400460\n|switch|p1b: Kingambit|Kingambit, L50, F|82/100\n|detailschange|p2a: Camerupt|Camerupt-Mega, L50, M\n|-mega|p2a: Camerupt|Camerupt|Cameruptite\n|move|p1a: Basculegion|Protect|p1a: Basculegion\n|-singleturn|p1a: Basculegion|Protect\n|move|p2a: Camerupt|Earth Power|p1a: Basculegion\n|-activate|p1a: Basculegion|move: Protect\n|move|p2b: Weavile|Triple Axel|p1b: Kingambit\n|-resisted|p1b: Kingambit|1\n|-damage|p1b: Kingambit|79/100\n|-resisted|p1b: Kingambit|1\n|-damage|p1b: Kingambit|73/100\n|-resisted|p1b: Kingambit|1\n|-damage|p1b: Kingambit|67/100\n|-hitcount|p1b: Kingambit|3\n|\n|upkeep\n|turn|5\n|\n|t:|1788400482\n|switch|p2a: Bellibolt|Bellibolt, L50, M|100/100\n|switch|p1a: Garchomp|Garchomp, L50, M|100/100\n|move|p2b: Weavile|Protect|p2b: Weavile\n|-singleturn|p2b: Weavile|Protect\n|move|p1b: Kingambit|Iron Head|p2b: Weavile\n|-activate|p2b: Weavile|move: Protect\n|\n|-fieldend|move: Trick Room\n|upkeep\n|turn|6\n|\n|t:|1788400502\n|move|p2a: Bellibolt|Protect|p2a: Bellibolt\n|-singleturn|p2a: Bellibolt|Protect\n|move|p1b: Kingambit|Sucker Punch|p2b: Weavile\n|-resisted|p2b: Weavile|1\n|-damage|p2b: Weavile|63/100\n|move|p1a: Garchomp|Rock Slide|p2a: Bellibolt|[spread] p2b\n|-activate|p2a: Bellibolt|move: Protect\n|-supereffective|p2b: Weavile|1\n|-damage|p2b: Weavile|0 fnt\n|faint|p2b: Weavile\n|\n|upkeep\n|\n|t:|1788400512\n|switch|p2b: Camerupt|Camerupt-Mega, L50, M|100/100\n|turn|7\n|\n|t:|1788400525\n|move|p1b: Kingambit|Sucker Punch|p2a: Bellibolt\n|-damage|p2a: Bellibolt|69/100\n|-start|p2a: Bellibolt|Charge|Sucker Punch|[from] ability: Electromorphosis\n|move|p1a: Garchomp|Rock Slide|p2a: Bellibolt|[spread] p2a,p2b\n|-damage|p2a: Bellibolt|52/100\n|-damage|p2b: Camerupt|80/100\n|-start|p2a: Bellibolt|Charge|Rock Slide|[from] ability: Electromorphosis\n|move|p2a: Bellibolt|Thunderbolt|p1b: Kingambit\n|-damage|p1b: Kingambit|0 fnt\n|faint|p1b: Kingambit\n|-end|p2a: Bellibolt|Charge|[silent]\n|move|p2b: Camerupt|Earth Power|p1a: Garchomp\n|-damage|p1a: Garchomp|20/100r\n|\n|-heal|p2a: Bellibolt|58/100|[from] item: Leftovers\n|upkeep\n|\n|t:|1788400537\n|switch|p1b: Basculegion|Basculegion, L50, M|22/100\n|turn|8\n|\n|t:|1788400557\n|move|p1a: Garchomp|Rock Slide|p2a: Bellibolt|[spread] p2a,p2b\n|-damage|p2a: Bellibolt|43/100\n|-damage|p2b: Camerupt|62/100\n|-start|p2a: Bellibolt|Charge|Rock Slide|[from] ability: Electromorphosis\n|move|p1b: Basculegion|Last Respects|p2a: Bellibolt\n|-damage|p2a: Bellibolt|0 fnt\n|faint|p2a: Bellibolt\n|move|p2b: Camerupt|Heat Wave|p1a: Garchomp|[spread] p1b\n|-miss|p2b: Camerupt|p1a: Garchomp\n|-resisted|p1b: Basculegion|1\n|-damage|p1b: Basculegion|0 fnt\n|faint|p1b: Basculegion\n|\n|upkeep\n|turn|9\n|\n|t:|1788400571\n|move|p1a: Garchomp|Rock Slide|p2b: Camerupt\n|-damage|p2b: Camerupt|34/100\n|cant|p2b: Camerupt|flinch\n|\n|upkeep\n|turn|10\n|\n|t:|1788400576\n|move|p1a: Garchomp|Rock Slide|p2b: Camerupt\n|-damage|p2b: Camerupt|8/100\n|cant|p2b: Camerupt|flinch\n|\n|upkeep\n|turn|11\n|c|☆Valhala Alfa|kkkkkkkkkk\n|\n|t:|1788400589\n|move|p2b: Camerupt|Protect|p2b: Camerupt\n|-singleturn|p2b: Camerupt|Protect\n|move|p1a: Garchomp|Rock Slide|p2b: Camerupt\n|-activate|p2b: Camerupt|move: Protect\n|\n|upkeep\n|turn|12\n|\n|t:|1788400593\n|move|p1a: Garchomp|Rock Slide|p2b: Camerupt\n|-damage|p2b: Camerupt|0 fnt\n|faint|p2b: Camerupt\n|\n|win|hk96g7b\n|raw|hk96g7b's rating: 1074 &rarr; <strong>1111</strong><br />(+37 for winning)\n|raw|Valhala Alfa's rating: 1175 &rarr; <strong>1143</strong><br />(-32 for losing)\n","uploadtime":1788400598,"views":"15","formatid":"gen9championsvgc2026regmb","rating":1111,"private":0,"password":null}