{"id":"gen9championsvgc2026regmb-2674989372","format":"[Gen 9 Champions] VGC 2026 Reg M-B","players":["mismanette","countadamar"],"log":"|j|☆mismanette\n|j|☆countadamar\n|t:|1788445884\n|gametype|doubles\n|player|p1|mismanette|dawn|1078\n|player|p2|countadamar|dancer|1097\n|gen|9\n|tier|[Gen 9 Champions] VGC 2026 Reg M-B\n|rated|\n|rule|Species Clause: Limit one of each Pokémon\n|rule|Item Clause: Limit 1 of each item\n|clearpoke\n|poke|p1|Serperior, L50, M|\n|poke|p1|Volcarona, L50, F|\n|poke|p1|Eelektross, L50, F|\n|poke|p1|Vanilluxe, L50, F|\n|poke|p1|Liepard, L50, F|\n|poke|p1|Scrafty, L50, F|\n|poke|p2|Empoleon, L50, F, shiny|\n|poke|p2|Forretress, L50, F, shiny|\n|poke|p2|Wyrdeer, L50, F|\n|poke|p2|Talonflame, L50, F, shiny|\n|poke|p2|Heracross, L50, F|\n|poke|p2|Malamar, L50, F, shiny|\n|teampreview|4\n|\n|t:|1788445941\n|teamsize|p1|4\n|teamsize|p2|4\n|start\n|switch|p1a: Liepard|Liepard, L50, F|100/100\n|switch|p1b: Vanilluxe|Vanilluxe, L50, F|100/100\n|switch|p2a: Wyrdeer|Wyrdeer, L50, F|100/100\n|switch|p2b: Empoleon|Empoleon, L50, F, shiny|100/100\n|-weather|Snowscape|[from] ability: Snow Warning|[of] p1b: Vanilluxe\n|-ability|p2a: Wyrdeer|Intimidate|boost\n|-unboost|p1a: Liepard|atk|1\n|-unboost|p1b: Vanilluxe|atk|1\n|turn|1\n|\n|t:|1788445958\n|move|p1a: Liepard|Fake Out|p2a: Wyrdeer\n|-damage|p2a: Wyrdeer|92/100\n|move|p2b: Empoleon|Agility|p2b: Empoleon\n|-boost|p2b: Empoleon|spe|2\n|move|p1b: Vanilluxe|Aurora Veil|p1b: Vanilluxe\n|-sidestart|p1: mismanette|move: Aurora Veil\n|cant|p2a: Wyrdeer|flinch\n|\n|-weather|Snowscape|[upkeep]\n|upkeep\n|turn|2\n|\n|t:|1788445975\n|move|p2b: Empoleon|Protect|p2b: Empoleon\n|-singleturn|p2b: Empoleon|Protect\n|move|p1a: Liepard|Taunt|p2a: Wyrdeer\n|-start|p2a: Wyrdeer|move: Taunt\n|move|p1b: Vanilluxe|Blizzard|p2a: Wyrdeer|[spread] p2a\n|-activate|p2b: Empoleon|move: Protect\n|-damage|p2a: Wyrdeer|64/100\n|-status|p2a: Wyrdeer|frz\n|-curestatus|p2a: Wyrdeer|frz|[msg]\n|cant|p2a: Wyrdeer|move: Taunt|Skill Swap\n|\n|-weather|Snowscape|[upkeep]\n|upkeep\n|turn|3\n|\n|t:|1788446006\n|move|p1a: Liepard|Trick|p2b: Empoleon\n|-activate|p1a: Liepard|move: Trick|[of] p2b: Empoleon\n|-item|p2b: Empoleon|Iron Ball|[from] move: Trick\n|-item|p1a: Liepard|Chople Berry|[from] move: Trick\n|move|p2b: Empoleon|Surf|p1b: Vanilluxe|[spread] p2a,p1a,p1b\n|-damage|p2a: Wyrdeer|41/100\n|-damage|p1a: Liepard|51/100\n|-damage|p1b: Vanilluxe|75/100\n|move|p1b: Vanilluxe|Blizzard|p2b: Empoleon|[spread] p2a,p2b\n|-crit|p2a: Wyrdeer\n|-resisted|p2b: Empoleon|2\n|-crit|p2b: Empoleon\n|-damage|p2a: Wyrdeer|0 fnt\n|-damage|p2b: Empoleon|81/100\n|faint|p2a: Wyrdeer\n|\n|-weather|Snowscape|[upkeep]\n|upkeep\n|\n|t:|1788446023\n|switch|p2a: Talonflame|Talonflame, L50, F, shiny|100/100\n|turn|4\n|\n|t:|1788446032\n|move|p2a: Talonflame|Quick Guard|p2a: Talonflame\n|-singleturn|p2a: Talonflame|Quick Guard\n|move|p1a: Liepard|Taunt|p2a: Talonflame\n|-activate|p2a: Talonflame|move: Quick Guard\n|move|p2b: Empoleon|Ice Beam|p1a: Liepard\n|-damage|p1a: Liepard|9/100\n|move|p1b: Vanilluxe|Freeze-Dry|p2b: Empoleon\n|-damage|p2b: Empoleon|38/100\n|\n|-weather|Snowscape|[upkeep]\n|upkeep\n|turn|5\n|\n|t:|1788446049\n|move|p2a: Talonflame|Quick Guard|p2a: Talonflame\n|-singleturn|p2a: Talonflame|Quick Guard\n|move|p1a: Liepard|Taunt|p2a: Talonflame\n|-activate|p2a: Talonflame|move: Quick Guard\n|move|p2b: Empoleon|Ice Beam|p1a: Liepard\n|-damage|p1a: Liepard|0 fnt\n|faint|p1a: Liepard\n|move|p1b: Vanilluxe|Freeze-Dry|p2b: Empoleon\n|-damage|p2b: Empoleon|0 fnt\n|faint|p2b: Empoleon\n|\n|-weather|none\n|upkeep\n|\n|t:|1788446061\n|switch|p1a: Volcarona|Volcarona, L50, F|100/100\n|switch|p2b: Heracross|Heracross, L50, F|100/100\n|turn|6\n|\n|t:|1788446071\n|detailschange|p2b: Heracross|Heracross-Mega, L50, F\n|-mega|p2b: Heracross|Heracross|Heracronite\n|move|p2a: Talonflame|Tailwind|p2a: Talonflame\n|-sidestart|p2: countadamar|move: Tailwind\n|move|p2b: Heracross|Rock Blast|p1a: Volcarona|[miss]\n|-miss|p2b: Heracross|p1a: Volcarona\n|move|p1a: Volcarona|Tailwind|p1a: Volcarona\n|-sidestart|p1: mismanette|move: Tailwind\n|move|p1b: Vanilluxe|Blizzard|p2b: Heracross|[spread] p2a\n|-miss|p1b: Vanilluxe|p2b: Heracross\n|-damage|p2a: Talonflame|29/100\n|\n|upkeep\n|turn|7\n|\n|t:|1788446087\n|move|p2a: Talonflame|Flare Blitz|p1b: Vanilluxe\n|-supereffective|p1b: Vanilluxe|1\n|-damage|p1b: Vanilluxe|1/100\n|-damage|p2a: Talonflame|1/100|[from] Recoil\n|move|p1a: Volcarona|Heat Wave|p2b: Heracross|[spread] p2a,p2b\n|-resisted|p2a: Talonflame|1\n|-supereffective|p2b: Heracross|1\n|-damage|p2a: Talonflame|0 fnt\n|-damage|p2b: Heracross|16/100\n|faint|p2a: Talonflame\n|move|p1b: Vanilluxe|Freeze-Dry|p2b: Heracross\n|-damage|p2b: Heracross|0 fnt\n|faint|p2b: Heracross\n|\n|win|mismanette\n|raw|mismanette's rating: 1078 &rarr; <strong>1108</strong><br />(+30 for winning)\n|raw|countadamar's rating: 1097 &rarr; <strong>1071</strong><br />(-26 for losing)\n|c|☆mismanette|gg\n|c|☆countadamar|gg\n","uploadtime":1788446101,"views":"0","formatid":"gen9championsvgc2026regmb","rating":1071,"private":0,"password":null}