{"id":"gen9championsvgc2026regmbbo3-2674784254","format":"[Gen 9 Champions] VGC 2026 Reg M-B (Bo3)","players":["ElPolaco2005","w1ndd"],"log":"|j|☆ElPolaco2005\n|j|☆w1ndd\n|html|<table width=\"100%\"><tr><td align=\"left\">ElPolaco2005</td><td align=\"right\">w1ndd</tr><tr><td align=\"left\"><i class=\"fa fa-circle-o\"></i> <i class=\"fa fa-circle-o\"></i> </td><td align=\"right\"><i class=\"fa fa-circle-o\"></i> <i class=\"fa fa-circle-o\"></i> </tr></table>\n|uhtml|bestof|<h2><strong>Game 1</strong> of <a href=\"/game-bestof3-gen9championsvgc2026regmbbo3-2674784253\">a best-of-3</a></h2>\n|t:|1788406162\n|gametype|doubles\n|player|p1|ElPolaco2005|roxie-masters|\n|player|p2|w1ndd|lyra|\n|gen|9\n|tier|[Gen 9 Champions] VGC 2026 Reg M-B (Bo3)\n|rule|Species Clause: Limit one of each Pokémon\n|rule|Item Clause: Limit 1 of each item\n|clearpoke\n|poke|p1|Delphox, L50, M|\n|poke|p1|Sneasler, L50, M|\n|poke|p1|Incineroar, L50, F|\n|poke|p1|Samurott-Hisui, L50, F|\n|poke|p1|Sinistcha, L50|\n|poke|p1|Floette-Eternal, L50, F|\n|poke|p2|Charizard, L50, M|\n|poke|p2|Toxapex, L50, M|\n|poke|p2|Incineroar, L50, M|\n|poke|p2|Venusaur, L50, M|\n|poke|p2|Sylveon, L50, M|\n|poke|p2|Garchomp, L50, F|\n|teampreview|4\n|showteam|p1|Delphox||Delphoxite|Blaze|Psychic,HeatWave,NastyPlot,Protect|Timid||M|||50|]Sneasler||FocusSash|PoisonTouch|FakeOut,CloseCombat,PoisonJab,RockSlide|Jolly||M|||50|]Incineroar||SitrusBerry|Intimidate|FakeOut,FlareBlitz,DarkestLariat,PartingShot|Careful||F|||50|]Samurott-Hisui||ChoiceScarf|Sharpness|NightSlash,AquaCutter,SacredSword,FlipTurn|Jolly||F|||50|]Sinistcha||ColburBerry|Hospitality|MatchaGotcha,LifeDew,RagePowder,Protect|Relaxed|||||50|]Floette-Eternal||Floettite|FlowerVeil|Moonblast,DazzlingGleam,CalmMind,Protect|Modest||F|||50|\n|showteam|p2|Charizard||CharizarditeY|Blaze|HeatWave,WeatherBall,SolarBeam,Protect|Modest||M|||50|]Toxapex||Leftovers|Regenerator|Infestation,BanefulBunker,Protect,MuddyWater|Impish||M|||50|]Incineroar||SitrusBerry|Intimidate|FakeOut,PartingShot,FlareBlitz,HelpingHand|Impish||M|||50|]Venusaur||FocusSash|Chlorophyll|SludgeBomb,LeafStorm,SleepPowder,Protect|Timid||M|||50|]Sylveon||FairyFeather|Pixilate|HyperBeam,HyperVoice,Protect,DrainingKiss|Calm||M|||50|]Garchomp||LifeOrb|RoughSkin|Earthquake,DragonClaw,RockSlide,Protect|Adamant||F|||50|\n|\n|t:|1788406224\n|teamsize|p1|4\n|teamsize|p2|4\n|start\n|switch|p1a: Delphox|Delphox, L50, M|100/100\n|switch|p1b: Incineroar|Incineroar, L50, F|100/100\n|switch|p2a: Incineroar|Incineroar, L50, M|100/100\n|switch|p2b: Garchomp|Garchomp, L50, F|100/100\n|-ability|p1b: Incineroar|Intimidate|boost\n|-unboost|p2a: Incineroar|atk|1\n|-unboost|p2b: Garchomp|atk|1\n|-ability|p2a: Incineroar|Intimidate|boost\n|-unboost|p1a: Delphox|atk|1\n|-unboost|p1b: Incineroar|atk|1\n|turn|1\n|l|☆w1ndd\n|player|p2|\n|j|☆w1ndd\n|player|p2|w1ndd|lyra|\n|\n|t:|1788406269\n|detailschange|p1a: Delphox|Delphox-Mega, L50, M\n|-mega|p1a: Delphox|Delphox|Delphoxite\n|move|p1b: Incineroar|Fake Out|p2b: Garchomp\n|-damage|p2b: Garchomp|92/100\n|-damage|p1b: Incineroar|87/100|[from] ability: Rough Skin|[of] p2b: Garchomp\n|move|p2a: Incineroar|Fake Out|p1b: Incineroar\n|-damage|p1b: Incineroar|81/100\n|move|p1a: Delphox|Nasty Plot|p1a: Delphox\n|-boost|p1a: Delphox|spa|2\n|cant|p2b: Garchomp|flinch\n|\n|upkeep\n|turn|2\n|j| JustWinterFox\n|j| the crimson wooper\n|\n|t:|1788406306\n|switch|p1b: Samurott|Samurott-Hisui, L50, F|100/100\n|move|p2a: Incineroar|Helping Hand|p2b: Garchomp\n|-singleturn|p2b: Garchomp|Helping Hand|[of] p2a: Incineroar\n|move|p1a: Delphox|Psychic|p2b: Garchomp\n|-damage|p2b: Garchomp|0 fnt\n|faint|p2b: Garchomp\n|\n|upkeep\n|l| the crimson wooper\n|\n|t:|1788406317\n|switch|p2b: Charizard|Charizard, L50, M|100/100\n|turn|3\n|\n|t:|1788406343\n|detailschange|p2b: Charizard|Charizard-Mega-Y, L50, M\n|-mega|p2b: Charizard|Charizard|Charizardite Y\n|-weather|SunnyDay|[from] ability: Drought|[of] p2b: Charizard\n|move|p2b: Charizard|Protect|p2b: Charizard\n|-singleturn|p2b: Charizard|Protect\n|move|p1b: Samurott|Sacred Sword|p2a: Incineroar\n|-supereffective|p2a: Incineroar|1\n|-damage|p2a: Incineroar|36/100\n|-enditem|p2a: Incineroar|Sitrus Berry|[eat]\n|-heal|p2a: Incineroar|61/100|[from] item: Sitrus Berry\n|move|p1a: Delphox|Psychic|p2b: Charizard\n|-activate|p2b: Charizard|move: Protect\n|move|p2a: Incineroar|Parting Shot|p1a: Delphox\n|-unboost|p1a: Delphox|atk|1\n|-unboost|p1a: Delphox|spa|1\n|c|☆ElPolaco2005|owo\n|\n|t:|1788406346\n|switch|p2a: Toxapex|Toxapex, L50, M|100/100|[from] Parting Shot\n|\n|-weather|SunnyDay|[upkeep]\n|upkeep\n|turn|4\n|c|☆ElPolaco2005|papu pau\n|c|☆ElPolaco2005|pau\n|\n|t:|1788406378\n|switch|p1b: Sneasler|Sneasler, L50, M|100/100\n|switch|p2a: Incineroar|Incineroar, L50, M|61/100\n|-ability|p2a: Incineroar|Intimidate|boost\n|-unboost|p1a: Delphox|atk|1\n|-unboost|p1b: Sneasler|atk|1\n|move|p1a: Delphox|Protect|p1a: Delphox\n|-singleturn|p1a: Delphox|Protect\n|move|p2b: Charizard|Solar Beam||[still]\n|-prepare|p2b: Charizard|Solar Beam\n|-anim|p2b: Charizard|Solar Beam|p1b: Sneasler\n|-resisted|p1b: Sneasler|1\n|-damage|p1b: Sneasler|64/100\n|\n|-weather|SunnyDay|[upkeep]\n|upkeep\n|turn|5\n|\n|t:|1788406400\n|switch|p2b: Toxapex|Toxapex, L50, M|100/100\n|move|p1b: Sneasler|Fake Out|p2a: Incineroar\n|-damage|p2a: Incineroar|52/100\n|-status|p2a: Incineroar|psn|[from] ability: Poison Touch|[of] p1b: Sneasler\n|cant|p2a: Incineroar|flinch\n|move|p1a: Delphox|Nasty Plot|p1a: Delphox\n|-boost|p1a: Delphox|spa|2\n|\n|-weather|SunnyDay|[upkeep]\n|-damage|p2a: Incineroar|40/100 psn|[from] psn\n|upkeep\n|turn|6\n|\n|t:|1788406445\n|move|p2b: Toxapex|Baneful Bunker|p2b: Toxapex\n|-singleturn|p2b: Toxapex|move: Protect\n|move|p1a: Delphox|Psychic|p2b: Toxapex\n|-activate|p2b: Toxapex|move: Protect\n|move|p1b: Sneasler|Close Combat|p2a: Incineroar\n|-supereffective|p2a: Incineroar|1\n|-damage|p2a: Incineroar|0 fnt\n|-unboost|p1b: Sneasler|def|1\n|-unboost|p1b: Sneasler|spd|1\n|faint|p2a: Incineroar\n|\n|-weather|SunnyDay|[upkeep]\n|upkeep\n|\n|t:|1788406452\n|switch|p2a: Charizard|Charizard-Mega-Y, L50, M|100/100\n|turn|7\n|\n|t:|1788406461\n|move|p1a: Delphox|Psychic|p2b: Toxapex\n|-supereffective|p2b: Toxapex|1\n|-damage|p2b: Toxapex|0 fnt\n|faint|p2b: Toxapex\n|move|p1b: Sneasler|Rock Slide|p2a: Charizard\n|-supereffective|p2a: Charizard|2\n|-damage|p2a: Charizard|7/100\n|move|p2a: Charizard|Heat Wave|p1b: Sneasler|[spread] p1a,p1b\n|-resisted|p1a: Delphox|1\n|-damage|p1a: Delphox|70/100\n|-damage|p1b: Sneasler|0 fnt\n|faint|p1b: Sneasler\n|\n|-weather|none\n|upkeep\n|\n|t:|1788406475\n|switch|p1b: Samurott|Samurott-Hisui, L50, F|100/100\n|turn|8\n|\n|t:|1788406482\n|move|p1b: Samurott|Aqua Cutter|p2a: Charizard\n|-supereffective|p2a: Charizard|1\n|-damage|p2a: Charizard|0 fnt\n|faint|p2a: Charizard\n|\n|win|ElPolaco2005\n||ElPolaco2005 is ready for game 2.\n|inactive|w1ndd has 30 seconds to confirm battle start!\n|inactive|w1ndd has 20 seconds to confirm battle start!\n","uploadtime":1788406508,"views":"1","formatid":"gen9championsvgc2026regmbbo3","rating":null,"private":0,"password":null}