{"id":"gen9championsvgc2026regmbbo3-2674889298","format":"[Gen 9 Champions] VGC 2026 Reg M-B (Bo3)","players":["bl4ckdri","DINOLONK"],"log":"|j|☆bl4ckdri\n|j|☆DINOLONK\n|html|<table width=\"100%\"><tr><td align=\"left\">bl4ckdri</td><td align=\"right\">DINOLONK</tr><tr><td align=\"left\"><i class=\"fa fa-circle-o\"></i> <i class=\"fa fa-circle-o\"></i> </td><td align=\"right\"><i class=\"fa fa-circle-o\"></i> <i class=\"fa fa-circle\"></i> </tr></table>\n|uhtml|bestof|<h2><strong>Game 2</strong> of <a href=\"/game-bestof3-gen9championsvgc2026regmbbo3-2674888283\">a best-of-3</a></h2>\n|t:|1788429909\n|gametype|doubles\n|player|p1|bl4ckdri|2|1367\n|player|p2|DINOLONK|parasollady-gen4|1471\n|gen|9\n|tier|[Gen 9 Champions] VGC 2026 Reg M-B (Bo3)\n|rated|\n|rule|Species Clause: Limit one of each Pokémon\n|rule|Item Clause: Limit 1 of each item\n|clearpoke\n|poke|p1|Charizard, L50, M|\n|poke|p1|Garchomp, L50, F|\n|poke|p1|Toxapex, L50, F|\n|poke|p1|Venusaur, L50, F|\n|poke|p1|Sylveon, L50, M|\n|poke|p1|Incineroar, L50, M|\n|poke|p2|Dragonite, L50, M|\n|poke|p2|Sneasler, L50, M|\n|poke|p2|Kingambit, L50, F|\n|poke|p2|Basculegion, L50, M|\n|poke|p2|Whimsicott, L50, M|\n|poke|p2|Floette-Eternal, L50, F|\n|teampreview|4\n|showteam|p1|Charizard||CharizarditeY|Blaze|WeatherBall,SolarBeam,HeatWave,Protect|Modest||M|||50|]Garchomp||ChoiceScarf|RoughSkin|DragonClaw,Earthquake,RockSlide,StompingTantrum|Adamant||F|||50|]Toxapex||Leftovers|Regenerator|BanefulBunker,Toxic,Infestation,WideGuard|Bold||F|||50|]Venusaur||FocusSash|Chlorophyll|SleepPowder,Protect,SludgeBomb,EarthPower|Timid||F|||50|]Sylveon||FairyFeather|Pixilate|HyperBeam,HyperVoice,QuickAttack,Protect|Modest||M|||50|]Incineroar||SitrusBerry|Intimidate|FakeOut,Protect,PartingShot,FlareBlitz|Careful||M|||50|\n|showteam|p2|Dragonite||Dragoninite|InnerFocus|DragonPulse,HeatWave,Thunderbolt,Protect|Modest||M|||50|]Sneasler||WhiteHerb|Unburden|DireClaw,CloseCombat,RockSlide,FakeOut|Jolly||M|||50|]Kingambit||ChopleBerry|Defiant|KowtowCleave,SuckerPunch,LowKick,IronHead|Adamant||F|||50|]Basculegion||LifeOrb|Adaptability|WaveCrash,LastRespects,AquaJet,Protect|Adamant||M|||50|]Whimsicott||FocusSash|Prankster|Moonblast,Tailwind,Encore,Protect|Timid||M|||50|]Floette-Eternal||Floettite|FlowerVeil|Moonblast,DazzlingGleam,LightofRuin,Protect|Timid||F|||50|\n|inactive|Battle timer is ON: inactive players will automatically lose when time's up. (requested by DINOLONK)\n|inactive|bl4ckdri has 60 seconds left.\n|\n|t:|1788429942\n|teamsize|p1|4\n|teamsize|p2|4\n|start\n|switch|p1a: Garchomp|Garchomp, L50, F|100/100\n|switch|p1b: Toxapex|Toxapex, L50, F|100/100\n|switch|p2a: Dragonite|Dragonite, L50, M|100/100\n|switch|p2b: Sneasler|Sneasler, L50, M|100/100\n|turn|1\n|\n|t:|1788429965\n|detailschange|p2a: Dragonite|Dragonite-Mega, L50, M\n|-mega|p2a: Dragonite|Dragonite|Dragoninite\n|move|p2b: Sneasler|Fake Out|p1a: Garchomp\n|-damage|p1a: Garchomp|86/100\n|-damage|p2b: Sneasler|88/100|[from] ability: Rough Skin|[of] p1a: Garchomp\n|cant|p1a: Garchomp|flinch\n|move|p2a: Dragonite|Dragon Pulse|p1a: Garchomp\n|-supereffective|p1a: Garchomp|1\n|-damage|p1a: Garchomp|0 fnt\n|faint|p1a: Garchomp\n|move|p1b: Toxapex|Infestation|p2a: Dragonite\n|-resisted|p2a: Dragonite|1\n|-damage|p2a: Dragonite|99/100\n|-activate|p2a: Dragonite|move: Infestation|[of] p1b: Toxapex\n|\n|-damage|p2a: Dragonite|87/100|[from] move: Infestation|[partiallytrapped]\n|upkeep\n|\n|t:|1788429978\n|switch|p1a: Charizard|Charizard, L50, M|100/100\n|turn|2\n|\n|t:|1788429990\n|detailschange|p1a: Charizard|Charizard-Mega-Y, L50, M\n|-mega|p1a: Charizard|Charizard|Charizardite Y\n|-weather|SunnyDay|[from] ability: Drought|[of] p1a: Charizard\n|move|p1b: Toxapex|Wide Guard|p1b: Toxapex\n|-singleturn|p1b: Toxapex|Wide Guard\n|move|p2b: Sneasler|Rock Slide|p1a: Charizard|[spread] \n|-activate|p1a: Charizard|move: Wide Guard\n|-activate|p1b: Toxapex|move: Wide Guard\n|move|p2a: Dragonite|Thunderbolt|p1b: Toxapex\n|-supereffective|p1b: Toxapex|1\n|-damage|p1b: Toxapex|45/100\n|move|p1a: Charizard|Heat Wave|p2a: Dragonite|[spread] p2a,p2b\n|-resisted|p2a: Dragonite|1\n|-damage|p2a: Dragonite|60/100\n|-damage|p2b: Sneasler|10/100\n|\n|-weather|SunnyDay|[upkeep]\n|-heal|p1b: Toxapex|50/100g|[from] item: Leftovers\n|-damage|p2a: Dragonite|48/100|[from] move: Infestation|[partiallytrapped]\n|upkeep\n|turn|3\n|inactive|bl4ckdri has 30 seconds left.\n|\n|t:|1788430017\n|move|p1a: Charizard|Protect|p1a: Charizard\n|-singleturn|p1a: Charizard|Protect\n|move|p2b: Sneasler|Dire Claw|p1a: Charizard\n|-activate|p1a: Charizard|move: Protect\n|move|p2a: Dragonite|Thunderbolt|p1a: Charizard\n|-activate|p1a: Charizard|move: Protect\n|move|p1b: Toxapex|Infestation|p2b: Sneasler\n|-resisted|p2b: Sneasler|2\n|-crit|p2b: Sneasler\n|-damage|p2b: Sneasler|8/100\n|-activate|p2b: Sneasler|move: Infestation|[of] p1b: Toxapex\n|\n|-weather|SunnyDay|[upkeep]\n|-heal|p1b: Toxapex|56/100|[from] item: Leftovers\n|-damage|p2b: Sneasler|0 fnt|[from] move: Infestation|[partiallytrapped]\n|faint|p2b: Sneasler\n|-damage|p2a: Dragonite|36/100|[from] move: Infestation|[partiallytrapped]\n|upkeep\n|\n|t:|1788430023\n|switch|p2b: Whimsicott|Whimsicott, L50, M|100/100\n|turn|4\n|\n|t:|1788430037\n|-heal|p1b: Toxapex|89/100|[from] ability: Regenerator|[silent]\n|switch|p1b: Sylveon|Sylveon, L50, M|100/100\n|move|p2b: Whimsicott|Encore|p1a: Charizard\n|-start|p1a: Charizard|Encore\n|move|p1a: Charizard|Protect||[still]\n|-fail|p1a: Charizard\n|move|p2a: Dragonite|Thunderbolt|p1b: Sylveon\n|-damage|p1b: Sylveon|72/100\n|\n|-weather|SunnyDay|[upkeep]\n|-end|p2a: Dragonite|Infestation|[partiallytrapped]|[silent]\n|upkeep\n|turn|5\n|inactive|DINOLONK has 30 seconds left.\n|\n|t:|1788430063\n|switch|p1a: Toxapex|Toxapex, L50, F|89/100\n|move|p2a: Dragonite|Protect|p2a: Dragonite\n|-singleturn|p2a: Dragonite|Protect\n|move|p2b: Whimsicott|Moonblast|p1b: Sylveon\n|-damage|p1b: Sylveon|42/100\n|move|p1b: Sylveon|Hyper Voice|p2b: Whimsicott|[spread] p2b\n|-activate|p2a: Dragonite|move: Protect\n|-damage|p2b: Whimsicott|26/100\n|\n|-weather|SunnyDay|[upkeep]\n|-heal|p1a: Toxapex|95/100|[from] item: Leftovers\n|upkeep\n|turn|6\n|inactive|bl4ckdri has 30 seconds left.\n|\n|t:|1788430094\n|move|p1b: Sylveon|Quick Attack|p2a: Dragonite\n|-supereffective|p2a: Dragonite|1\n|-damage|p2a: Dragonite|11/100\n|move|p2b: Whimsicott|Moonblast|p1b: Sylveon\n|-damage|p1b: Sylveon|15/100\n|move|p2a: Dragonite|Thunderbolt|p1b: Sylveon\n|-crit|p1b: Sylveon\n|-damage|p1b: Sylveon|0 fnt\n|faint|p1b: Sylveon\n|move|p1a: Toxapex|Infestation|p2b: Whimsicott\n|-damage|p2b: Whimsicott|21/100\n|-activate|p2b: Whimsicott|move: Infestation|[of] p1a: Toxapex\n|\n|-weather|none\n|-heal|p1a: Toxapex|100/100|[from] item: Leftovers\n|-damage|p2b: Whimsicott|9/100|[from] move: Infestation|[partiallytrapped]\n|upkeep\n|\n|t:|1788430107\n|switch|p1b: Charizard|Charizard-Mega-Y, L50, M|100/100\n|-weather|SunnyDay|[from] ability: Drought|[of] p1b: Charizard\n|turn|7\n|\n|t:|1788430120\n|move|p2a: Dragonite|Protect|p2a: Dragonite\n|-singleturn|p2a: Dragonite|Protect\n|move|p1b: Charizard|Protect|p1b: Charizard\n|-singleturn|p1b: Charizard|Protect\n|move|p2b: Whimsicott|Tailwind|p2b: Whimsicott\n|-sidestart|p2: DINOLONK|move: Tailwind\n|move|p1a: Toxapex|Infestation|p2a: Dragonite\n|-activate|p2a: Dragonite|move: Protect\n|\n|-weather|SunnyDay|[upkeep]\n|-damage|p2b: Whimsicott|0 fnt|[from] move: Infestation|[partiallytrapped]\n|faint|p2b: Whimsicott\n|upkeep\n|\n|t:|1788430124\n|switch|p2b: Kingambit|Kingambit, L50, F|100/100\n|turn|8\n|\n|t:|1788430140\n|move|p1b: Charizard|Protect|p1b: Charizard\n|-singleturn|p1b: Charizard|Protect\n|move|p2a: Dragonite|Thunderbolt|p1b: Charizard\n|-activate|p1b: Charizard|move: Protect\n|move|p2b: Kingambit|Kowtow Cleave|p1b: Charizard\n|-activate|p1b: Charizard|move: Protect\n|move|p1a: Toxapex|Infestation|p2a: Dragonite\n|-resisted|p2a: Dragonite|1\n|-crit|p2a: Dragonite\n|-damage|p2a: Dragonite|8/100\n|-activate|p2a: Dragonite|move: Infestation|[of] p1a: Toxapex\n|\n|-weather|SunnyDay|[upkeep]\n|-damage|p2a: Dragonite|0 fnt|[from] move: Infestation|[partiallytrapped]\n|faint|p2a: Dragonite\n|upkeep\n|turn|9\n|-message|DINOLONK forfeited.\n|\n|win|bl4ckdri\n","uploadtime":1788430146,"views":"3","formatid":"gen9championsvgc2026regmbbo3","rating":null,"private":0,"password":null}