{"id":"gen9championsvgc2026regmb-2674035095","format":"[Gen 9 Champions] VGC 2026 Reg M-B","players":["ScraggyFan","SkillsElite44"],"log":"|j|‽ScraggyFan\n|j|☆SkillsElite44\n|t:|1788290809\n|gametype|doubles\n|player|p1|ScraggyFan|101|1631\n|player|p2|SkillsElite44|n|1634\n|gen|9\n|tier|[Gen 9 Champions] VGC 2026 Reg M-B\n|rated|\n|rule|Species Clause: Limit one of each Pokémon\n|rule|Item Clause: Limit 1 of each item\n|clearpoke\n|poke|p1|Archaludon, L50, F|\n|poke|p1|Dragonite, L50, M|\n|poke|p1|Sinistcha, L50|\n|poke|p1|Politoed, L50, M|\n|poke|p1|Sableye, L50, M, shiny|\n|poke|p1|Venusaur, L50, F|\n|poke|p2|Ninetales-Alola, L50, F, shiny|\n|poke|p2|Kingambit, L50, M, shiny|\n|poke|p2|Glimmora, L50, F, shiny|\n|poke|p2|Kommo-o, L50, M|\n|poke|p2|Whimsicott, L50, F, shiny|\n|poke|p2|Basculegion, L50, M, shiny|\n|teampreview|4\n|inactive|Battle timer is ON: inactive players will automatically lose when time's up. (requested by ScraggyFan)\n|inactive|ScraggyFan has 60 seconds left.\n|inactive|SkillsElite44 has 60 seconds left.\n|\n|t:|1788290856\n|teamsize|p1|4\n|teamsize|p2|4\n|start\n|switch|p1a: Venusaur|Venusaur, L50, F|100/100\n|switch|p1b: Politoed|Politoed, L50, M|100/100\n|switch|p2a: Ninetales|Ninetales-Alola, L50, F, shiny|100/100\n|switch|p2b: Basculegion|Basculegion, L50, M, shiny|100/100\n|-weather|Snowscape|[from] ability: Snow Warning|[of] p2a: Ninetales\n|-weather|RainDance|[from] ability: Drizzle|[of] p1b: Politoed\n|turn|1\n|\n|t:|1788290882\n|detailschange|p1a: Venusaur|Venusaur-Mega, L50, F\n|-mega|p1a: Venusaur|Venusaur|Venusaurite\n|move|p2a: Ninetales|Protect|p2a: Ninetales\n|-singleturn|p2a: Ninetales|Protect\n|move|p2b: Basculegion|Flip Turn|p1b: Politoed\n|-resisted|p1b: Politoed|1\n|-damage|p1b: Politoed|69/100\n|\n|t:|1788290889\n|switch|p2b: Kommo-o|Kommo-o, L50, M|100/100|[from] Flip Turn\n|move|p1a: Venusaur|Giga Drain|p2b: Kommo-o\n|-resisted|p2b: Kommo-o|1\n|-damage|p2b: Kommo-o|78/100\n|move|p1b: Politoed|Weather Ball|p2a: Ninetales\n|-activate|p2a: Ninetales|move: Protect\n|\n|-weather|RainDance|[upkeep]\n|upkeep\n|turn|2\n|\n|t:|1788290902\n|move|p2a: Ninetales|Freeze-Dry|p1a: Venusaur\n|-supereffective|p1a: Venusaur|1\n|-damage|p1a: Venusaur|69/100\n|move|p1a: Venusaur|Sludge Bomb|p2a: Ninetales\n|-supereffective|p2a: Ninetales|1\n|-damage|p2a: Ninetales|0 fnt\n|faint|p2a: Ninetales\n|move|p2b: Kommo-o|Clanging Scales|p1b: Politoed|[spread] p1a,p1b\n|-damage|p1a: Venusaur|21/100\n|-damage|p1b: Politoed|23/100\n|-unboost|p2b: Kommo-o|def|1\n|-damage|p2b: Kommo-o|68/100|[from] item: Life Orb\n|move|p1b: Politoed|Ice Beam|p2b: Kommo-o\n|-supereffective|p2b: Kommo-o|1\n|-damage|p2b: Kommo-o|11/100\n|\n|-weather|RainDance|[upkeep]\n|upkeep\n|\n|t:|1788290916\n|switch|p2a: Glimmora|Glimmora, L50, F, shiny|100/100\n|turn|3\n|\n|t:|1788290931\n|switch|p1b: Sinistcha|Sinistcha, L50|100/100\n|-heal|p1a: Venusaur|46/100|[from] ability: Hospitality|[of] p1b: Sinistcha\n|detailschange|p2a: Glimmora|Glimmora-Mega, L50, F, shiny\n|-mega|p2a: Glimmora|Glimmora|Glimmoranite\n|move|p1a: Venusaur|Protect|p1a: Venusaur\n|-singleturn|p1a: Venusaur|Protect\n|move|p2a: Glimmora|Earth Power|p1a: Venusaur\n|-activate|p1a: Venusaur|move: Protect\n|move|p2b: Kommo-o|Aura Sphere|p1b: Sinistcha\n|-immune|p1b: Sinistcha\n|\n|-weather|RainDance|[upkeep]\n|upkeep\n|turn|4\n|inactive|ScraggyFan has 30 seconds left.\n|\n|t:|1788290956\n|move|p2a: Glimmora|Spiky Shield|p2a: Glimmora\n|-singleturn|p2a: Glimmora|move: Protect\n|move|p1b: Sinistcha|Rage Powder|p1b: Sinistcha\n|-singleturn|p1b: Sinistcha|move: Rage Powder\n|move|p1a: Venusaur|Giga Drain|p2b: Kommo-o\n|-resisted|p2b: Kommo-o|1\n|-damage|p2b: Kommo-o|0 fnt\n|-heal|p1a: Venusaur|52/100|[from] drain|[of] p2b: Kommo-o\n|faint|p2b: Kommo-o\n|\n|-weather|RainDance|[upkeep]\n|upkeep\n|\n|t:|1788290963\n|switch|p2b: Basculegion|Basculegion, L50, M, shiny|100/100\n|turn|5\n|\n|t:|1788290970\n|move|p1b: Sinistcha|Rage Powder|p1b: Sinistcha\n|-singleturn|p1b: Sinistcha|move: Rage Powder\n|move|p2b: Basculegion|Last Respects|p1b: Sinistcha\n|-supereffective|p1b: Sinistcha|1\n|-damage|p1b: Sinistcha|0 fnt\n|faint|p1b: Sinistcha\n|move|p2a: Glimmora|Sludge Bomb|p1a: Venusaur\n|-damage|p1a: Venusaur|0 fnt\n|faint|p1a: Venusaur\n|\n|-weather|none\n|upkeep\n|\n|t:|1788290980\n|switch|p1a: Archaludon|Archaludon, L50, F|100/100\n|switch|p1b: Politoed|Politoed, L50, M|23/100\n|-weather|RainDance|[from] ability: Drizzle|[of] p1b: Politoed\n|turn|6\n|\n|t:|1788290994\n|move|p1b: Politoed|Protect|p1b: Politoed\n|-singleturn|p1b: Politoed|Protect\n|move|p2b: Basculegion|Last Respects|p1a: Archaludon\n|-damage|p1a: Archaludon|34/100\n|-ability|p1a: Archaludon|Stamina|boost\n|-boost|p1a: Archaludon|def|1\n|move|p2a: Glimmora|Sludge Bomb|p1b: Politoed\n|-activate|p1b: Politoed|move: Protect\n|move|p1a: Archaludon|Electro Shot||[still]\n|-prepare|p1a: Archaludon|Electro Shot\n|-boost|p1a: Archaludon|spa|1\n|-anim|p1a: Archaludon|Electro Shot|p2b: Basculegion\n|-supereffective|p2b: Basculegion|1\n|-damage|p2b: Basculegion|0 fnt\n|faint|p2b: Basculegion\n|\n|-weather|RainDance|[upkeep]\n|-heal|p1a: Archaludon|40/100|[from] item: Leftovers\n|upkeep\n|turn|7\n|\n|t:|1788291014\n|move|p2a: Glimmora|Sludge Bomb|p1b: Politoed\n|-damage|p1b: Politoed|0 fnt\n|faint|p1b: Politoed\n|move|p1a: Archaludon|Electro Shot||[still]\n|-prepare|p1a: Archaludon|Electro Shot\n|-boost|p1a: Archaludon|spa|1\n|-anim|p1a: Archaludon|Electro Shot|p2a: Glimmora\n|-damage|p2a: Glimmora|10/100\n|\n|-weather|RainDance|[upkeep]\n|-heal|p1a: Archaludon|46/100|[from] item: Leftovers\n|upkeep\n|turn|8\n|\n|t:|1788291024\n|move|p1a: Archaludon|Protect|p1a: Archaludon\n|-singleturn|p1a: Archaludon|Protect\n|move|p2a: Glimmora|Earth Power|p1a: Archaludon\n|-activate|p1a: Archaludon|move: Protect\n|\n|-weather|RainDance|[upkeep]\n|-heal|p1a: Archaludon|52/100|[from] item: Leftovers\n|upkeep\n|turn|9\n|\n|t:|1788291028\n|move|p2a: Glimmora|Earth Power|p1a: Archaludon\n|-supereffective|p1a: Archaludon|1\n|-damage|p1a: Archaludon|0 fnt\n|faint|p1a: Archaludon\n|\n|win|SkillsElite44\n|raw|ScraggyFan's rating: 1631 &rarr; <strong>1611</strong><br />(-20 for losing)\n|raw|SkillsElite44's rating: 1634 &rarr; <strong>1654</strong><br />(+20 for winning)\n|c|☆SkillsElite44|gg\n","uploadtime":1788291036,"views":"6","formatid":"gen9championsvgc2026regmb","rating":1611,"private":0,"password":null}