{"id":"gen9championsvgc2026regmbbo3-2673922915","format":"[Gen 9 Champions] VGC 2026 Reg M-B (Bo3)","players":["nic0nic0nii","FotiniP"],"log":"|j|☆nic0nic0nii\n|j|☆FotiniP\n|html|<table width=\"100%\"><tr><td align=\"left\">nic0nic0nii</td><td align=\"right\">FotiniP</tr><tr><td align=\"left\"><i class=\"fa fa-circle-o\"></i> <i class=\"fa fa-circle-o\"></i> </td><td align=\"right\"><i class=\"fa fa-circle-o\"></i> <i class=\"fa fa-circle-o\"></i> </tr></table>\n|uhtml|bestof|<h2><strong>Game 1</strong> of <a href=\"/game-bestof3-gen9championsvgc2026regmbbo3-2673922914\">a best-of-3</a></h2>\n|t:|1788277551\n|gametype|doubles\n|player|p1|nic0nic0nii|pokemonbreederf-gen4|1231\n|player|p2|FotiniP|101|1158\n|gen|9\n|tier|[Gen 9 Champions] VGC 2026 Reg M-B (Bo3)\n|rated|\n|rule|Species Clause: Limit one of each Pokémon\n|rule|Item Clause: Limit 1 of each item\n|clearpoke\n|poke|p1|Incineroar, L50, F|\n|poke|p1|Kingambit, L50, F|\n|poke|p1|Sinistcha, L50|\n|poke|p1|Sneasler, L50, F|\n|poke|p1|Blastoise, L50, M|\n|poke|p1|Delphox, L50, M|\n|poke|p2|Blaziken, L50, F, shiny|\n|poke|p2|Venusaur, L50, F, shiny|\n|poke|p2|Primarina, L50, F, shiny|\n|poke|p2|Kingambit, L50, F|\n|poke|p2|Farigiraf, L50, M|\n|poke|p2|Torkoal, L50, M|\n|teampreview|4\n|showteam|p1|Incineroar||SitrusBerry|Intimidate|FakeOut,FlareBlitz,ThroatChop,PartingShot|Impish||F|||50|]Kingambit||LifeOrb|Defiant|KowtowCleave,SuckerPunch,Protect,SwordsDance|Adamant||F|||50|]Sinistcha||OccaBerry|Hospitality|MatchaGotcha,LifeDew,RagePowder,Protect|Bold|||||50|]Sneasler||FocusSash|PoisonTouch|FakeOut,CloseCombat,PoisonJab,QuickGuard|Jolly||F|||50|]Blastoise||Blastoisinite|RainDish|WaterSpout,DarkPulse,ShellSmash,Protect|Modest||M|||50|]Delphox||Delphoxite|Blaze|HeatWave,Psychic,NastyPlot,Protect|Timid||M|||50|\n|showteam|p2|Blaziken||Blazikenite|SpeedBoost|FlareBlitz,CloseCombat,RockSlide,Detect|Adamant||F|||50|]Venusaur||OccaBerry|Chlorophyll|LeafStorm,SludgeBomb,SleepPowder,Protect|Timid||F|||50|]Primarina||LifeOrb|LiquidVoice|Protect,HyperVoice,Moonblast,AquaJet|Quiet||F|||50|]Kingambit||FocusSash|Defiant|KowtowCleave,SuckerPunch,IronHead,Protect|Adamant||F|||50|]Farigiraf||SitrusBerry|ArmorTail|Psychic,Thunderbolt,Protect,TrickRoom|Bold||M|||50|]Torkoal||Charcoal|Drought|WeatherBall,HelpingHand,Eruption,Protect|Quiet||M|||50|\n|inactive|Battle timer is ON: inactive players will automatically lose when time's up. (requested by FotiniP)\n|inactive|nic0nic0nii has 60 seconds left.\n|inactive|FotiniP has 60 seconds left.\n|inactive|nic0nic0nii has 30 seconds left.\n|inactive|nic0nic0nii has 20 seconds left.\n|\n|t:|1788277644\n|teamsize|p1|4\n|teamsize|p2|4\n|start\n|switch|p1a: Sinistcha|Sinistcha, L50|100/100\n|switch|p1b: Blastoise|Blastoise, L50, M|100/100\n|switch|p2a: Blaziken|Blaziken, L50, F, shiny|100/100\n|switch|p2b: Farigiraf|Farigiraf, L50, M|100/100\n|turn|1\n|inactive|nic0nic0nii has 30 seconds left.\n|inactive|FotiniP has 30 seconds left.\n|inactive|nic0nic0nii has 20 seconds left.\n|inactive|nic0nic0nii has 15 seconds left.\n|inactive|FotiniP has 20 seconds left.\n|\n|t:|1788277689\n|detailschange|p1b: Blastoise|Blastoise-Mega, L50, M\n|-mega|p1b: Blastoise|Blastoise|Blastoisinite\n|detailschange|p2a: Blaziken|Blaziken-Mega, L50, F, shiny\n|-mega|p2a: Blaziken|Blaziken|Blazikenite\n|move|p1a: Sinistcha|Rage Powder|p1a: Sinistcha\n|-singleturn|p1a: Sinistcha|move: Rage Powder\n|move|p2a: Blaziken|Rock Slide|p1a: Sinistcha|[spread] p1a\n|-miss|p2a: Blaziken|p1b: Blastoise\n|-damage|p1a: Sinistcha|79/100\n|move|p1b: Blastoise|Water Spout|p2b: Farigiraf|[spread] p2a,p2b\n|-supereffective|p2a: Blaziken|1\n|-damage|p2a: Blaziken|0 fnt\n|-damage|p2b: Farigiraf|36/100\n|-enditem|p2b: Farigiraf|Sitrus Berry|[eat]\n|-heal|p2b: Farigiraf|61/100|[from] item: Sitrus Berry\n|faint|p2a: Blaziken\n|move|p2b: Farigiraf|Trick Room|p2b: Farigiraf\n|-fieldstart|move: Trick Room|[of] p2b: Farigiraf\n|\n|upkeep\n|\n|t:|1788277704\n|switch|p2a: Torkoal|Torkoal, L50, M|100/100\n|-weather|SunnyDay|[from] ability: Drought|[of] p2a: Torkoal\n|turn|2\n|inactive|nic0nic0nii has 30 seconds left.\n|\n|t:|1788277730\n|move|p2a: Torkoal|Eruption|p1a: Sinistcha|[spread] p1a,p1b\n|-supereffective|p1a: Sinistcha|1\n|-enditem|p1a: Sinistcha|Occa Berry|[eat]\n|-enditem|p1a: Sinistcha|Occa Berry|[weaken]\n|-resisted|p1b: Blastoise|1\n|-damage|p1a: Sinistcha|0 fnt\n|-damage|p1b: Blastoise|56/100\n|faint|p1a: Sinistcha\n|move|p2b: Farigiraf|Thunderbolt|p1b: Blastoise\n|-supereffective|p1b: Blastoise|1\n|-damage|p1b: Blastoise|7/100\n|-status|p1b: Blastoise|par\n|move|p1b: Blastoise|Water Spout|p2a: Torkoal|[spread] p2a,p2b\n|-supereffective|p2a: Torkoal|1\n|-damage|p2a: Torkoal|95/100\n|-damage|p2b: Farigiraf|59/100\n|\n|-weather|SunnyDay|[upkeep]\n|upkeep\n|\n|t:|1788277742\n|switch|p1a: Incineroar|Incineroar, L50, F|100/100\n|-ability|p1a: Incineroar|Intimidate|boost\n|-unboost|p2a: Torkoal|atk|1\n|-unboost|p2b: Farigiraf|atk|1\n|turn|3\n|inactive|nic0nic0nii has 30 seconds left.\n|inactive|nic0nic0nii has 20 seconds left.\n|inactive|nic0nic0nii has 15 seconds left.\n|\n|t:|1788277785\n|cant|p1b: Blastoise|par\n|move|p2a: Torkoal|Eruption|p1a: Incineroar|[spread] p1a,p1b\n|-resisted|p1a: Incineroar|1\n|-resisted|p1b: Blastoise|1\n|-damage|p1a: Incineroar|61/100\n|-damage|p1b: Blastoise|0 fnt\n|faint|p1b: Blastoise\n|move|p2b: Farigiraf|Thunderbolt|p1a: Incineroar\n|-damage|p1a: Incineroar|43/100\n|-enditem|p1a: Incineroar|Sitrus Berry|[eat]\n|-heal|p1a: Incineroar|67/100|[from] item: Sitrus Berry\n|move|p1a: Incineroar|Parting Shot|p2a: Torkoal\n|-unboost|p2a: Torkoal|atk|1\n|-unboost|p2a: Torkoal|spa|1\n|\n|t:|1788277809\n|switch|p1a: Kingambit|Kingambit, L50, F|100/100|[from] Parting Shot\n|\n|-weather|SunnyDay|[upkeep]\n|upkeep\n|\n|t:|1788277814\n|switch|p1b: Incineroar|Incineroar, L50, F|67/100\n|-ability|p1b: Incineroar|Intimidate|boost\n|-unboost|p2a: Torkoal|atk|1\n|-unboost|p2b: Farigiraf|atk|1\n|turn|4\n|\n|t:|1788277827\n|move|p1a: Kingambit|Protect|p1a: Kingambit\n|-singleturn|p1a: Kingambit|Protect\n|move|p2a: Torkoal|Eruption|p1a: Kingambit|[spread] p1b\n|-activate|p1a: Kingambit|move: Protect\n|-resisted|p1b: Incineroar|1\n|-damage|p1b: Incineroar|42/100\n|move|p2b: Farigiraf|Thunderbolt|p1b: Incineroar\n|-damage|p1b: Incineroar|22/100\n|move|p1b: Incineroar|Parting Shot|p2a: Torkoal\n|-unboost|p2a: Torkoal|atk|1\n|-unboost|p2a: Torkoal|spa|1\n|\n|-weather|SunnyDay|[upkeep]\n|upkeep\n|turn|5\n|\n|t:|1788277843\n|move|p1a: Kingambit|Protect|p1a: Kingambit\n|-singleturn|p1a: Kingambit|Protect\n|move|p2a: Torkoal|Eruption|p1a: Kingambit|[spread] p1b\n|-activate|p1a: Kingambit|move: Protect\n|-resisted|p1b: Incineroar|1\n|-damage|p1b: Incineroar|5/100\n|move|p2b: Farigiraf|Thunderbolt|p1a: Kingambit\n|-activate|p1a: Kingambit|move: Protect\n|move|p1b: Incineroar|Throat Chop|p2b: Farigiraf\n|-supereffective|p2b: Farigiraf|1\n|-damage|p2b: Farigiraf|11/100\n|-start|p2b: Farigiraf|Throat Chop|[silent]\n|\n|-weather|SunnyDay|[upkeep]\n|-fieldend|move: Trick Room\n|upkeep\n|turn|6\n|\n|t:|1788277863\n|move|p1b: Incineroar|Throat Chop|p2b: Farigiraf\n|-supereffective|p2b: Farigiraf|1\n|-damage|p2b: Farigiraf|0 fnt\n|faint|p2b: Farigiraf\n|move|p1a: Kingambit|Kowtow Cleave|p2a: Torkoal\n|-damage|p2a: Torkoal|42/100\n|-damage|p1a: Kingambit|90/100|[from] item: Life Orb\n|move|p2a: Torkoal|Eruption|p1b: Incineroar|[spread] p1a,p1b\n|-supereffective|p1a: Kingambit|1\n|-resisted|p1b: Incineroar|1\n|-damage|p1a: Kingambit|54/100\n|-damage|p1b: Incineroar|0 fnt\n|faint|p1b: Incineroar\n|\n|-weather|none\n|upkeep\n|\n|t:|1788277874\n|switch|p2b: Primarina|Primarina, L50, F, shiny|100/100\n|turn|7\n|\n|t:|1788277886\n|move|p1a: Kingambit|Kowtow Cleave|p2b: Primarina\n|-resisted|p2b: Primarina|1\n|-damage|p2b: Primarina|63/100\n|-damage|p1a: Kingambit|44/100|[from] item: Life Orb\n|move|p2b: Primarina|Moonblast|p1a: Kingambit\n|-damage|p1a: Kingambit|0 fnt\n|faint|p1a: Kingambit\n|-damage|p2b: Primarina|54/100|[from] item: Life Orb\n|\n|win|FotiniP\n|inactive|nic0nic0nii has 30 seconds to confirm battle start!\n|inactive|FotiniP has 30 seconds to confirm battle start!\n||FotiniP is ready for game 2.\n|inactive|nic0nic0nii has 20 seconds to confirm battle start!\n||nic0nic0nii is ready for game 2.\n|uhtml|next|Next: <a href=\"/battle-gen9championsvgc2026regmbbo3-2673925849\"><strong>Game 2 of 3</strong></a>\n","uploadtime":1788278166,"views":"4","formatid":"gen9championsvgc2026regmbbo3","rating":null,"private":0,"password":null}