{"id":"gen9championsvgc2026regmb-2674691809","format":"[Gen 9 Champions] VGC 2026 Reg M-B","players":["Captain Clean 13","miguelsf"],"log":"|j|☆Captain Clean 13\n|j|☆miguelsf\n|t:|1788391294\n|gametype|doubles\n|player|p1|Captain Clean 13|steven|1509\n|player|p2|miguelsf|170|1478\n|gen|9\n|tier|[Gen 9 Champions] VGC 2026 Reg M-B\n|rated|\n|rule|Species Clause: Limit one of each Pokémon\n|rule|Item Clause: Limit 1 of each item\n|clearpoke\n|poke|p1|Incineroar, L50, M|\n|poke|p1|Mawile, L50, F|\n|poke|p1|Farigiraf, L50, M|\n|poke|p1|Gallade, L50, M, shiny|\n|poke|p1|Maushold-Four, L50|\n|poke|p1|Kingambit, L50, F, shiny|\n|poke|p2|Glimmora, L50, F|\n|poke|p2|Whimsicott, L50, M|\n|poke|p2|Kingambit, L50, M|\n|poke|p2|Sneasler, L50, F|\n|poke|p2|Staraptor, L50, M|\n|poke|p2|Floette-Eternal, L50, F|\n|teampreview|4\n|inactive|Battle timer is ON: inactive players will automatically lose when time's up. (requested by Captain Clean 13)\nmiguelsf has agreed to open team sheets.\n|c|☆Captain Clean 13|glhf!\n|c|☆miguelsf|glhf\n|inactive|Captain Clean 13 has 60 seconds left.\n|inactive|miguelsf has 60 seconds left.\n|\n|t:|1788391346\n|teamsize|p1|4\n|teamsize|p2|4\n|start\n|switch|p1a: Maushold|Maushold-Four, L50|100/100\n|switch|p1b: Rameses II|Incineroar, L50, M|100/100\n|switch|p2a: Staraptor|Staraptor, L50, M|100/100\n|switch|p2b: Whimsicott|Whimsicott, L50, M|100/100\n|-ability|p2a: Staraptor|Intimidate|boost\n|-unboost|p1a: Maushold|atk|1\n|-unboost|p1b: Rameses II|atk|1\n|-ability|p1b: Rameses II|Intimidate|boost\n|-unboost|p2a: Staraptor|atk|1\n|-unboost|p2b: Whimsicott|atk|1\n|turn|1\n|\n|t:|1788391356\n|switch|p1b: Pure Vessel|Gallade, L50, M, shiny|100/100\n|detailschange|p2a: Staraptor|Staraptor-Mega, L50, M\n|-mega|p2a: Staraptor|Staraptor|Staraptite\n|move|p2b: Whimsicott|Charm|p2a: Staraptor\n|-boost|p2a: Staraptor|atk|2\n|move|p1a: Maushold|Beat Up|p1b: Pure Vessel\n|-damage|p1b: Pure Vessel|98/100\n|-ability|p1b: Pure Vessel|Justified|boost\n|-boost|p1b: Pure Vessel|atk|1\n|-damage|p1b: Pure Vessel|96/100\n|-ability|p1b: Pure Vessel|Justified|boost\n|-boost|p1b: Pure Vessel|atk|1\n|-damage|p1b: Pure Vessel|93/100\n|-ability|p1b: Pure Vessel|Justified|boost\n|-boost|p1b: Pure Vessel|atk|1\n|-damage|p1b: Pure Vessel|91/100\n|-ability|p1b: Pure Vessel|Justified|boost\n|-boost|p1b: Pure Vessel|atk|1\n|-hitcount|p1b: Pure Vessel|4\n|move|p2a: Staraptor|Close Combat|p1a: Maushold\n|-supereffective|p1a: Maushold|1\n|-enditem|p1a: Maushold|Focus Sash\n|-damage|p1a: Maushold|1/100\n|-boost|p2a: Staraptor|def|1\n|-boost|p2a: Staraptor|spd|1\n|\n|upkeep\n|turn|2\n|inactive|miguelsf has 30 seconds left.\n|\n|t:|1788391382\n|detailschange|p1b: Pure Vessel|Gallade-Mega, L50, M, shiny\n|-mega|p1b: Pure Vessel|Gallade|Galladite\n|move|p1a: Maushold|Follow Me|p1a: Maushold\n|-singleturn|p1a: Maushold|move: Follow Me\n|move|p2b: Whimsicott|Charm|p1a: Maushold\n|-unboost|p1a: Maushold|atk|2\n|move|p1b: Pure Vessel|Psycho Cut|p2a: Staraptor\n|-supereffective|p2a: Staraptor|1\n|-damage|p2a: Staraptor|0 fnt\n|faint|p2a: Staraptor\n|\n|upkeep\n|\n|t:|1788391391\n|switch|p2a: Sneasler|Sneasler, L50, F|100/100\n|turn|3\n|\n|t:|1788391409\n|move|p2a: Sneasler|Protect|p2a: Sneasler\n|-singleturn|p2a: Sneasler|Protect\n|move|p1a: Maushold|Protect|p1a: Maushold\n|-singleturn|p1a: Maushold|Protect\n|move|p2b: Whimsicott|Moonblast|p1a: Maushold\n|-activate|p1a: Maushold|move: Protect\n|move|p1b: Pure Vessel|Psycho Cut|p2a: Sneasler\n|-activate|p2a: Sneasler|move: Protect\n|\n|upkeep\n|turn|4\n|inactive|Captain Clean 13 has 30 seconds left.\n|inactive|Captain Clean 13 has 20 seconds left.\n|\n|t:|1788391446\n|switch|p2a: Kingambit|Kingambit, L50, M|100/100\n|move|p1a: Maushold|Follow Me|p1a: Maushold\n|-singleturn|p1a: Maushold|move: Follow Me\n|move|p2b: Whimsicott|Moonblast|p1a: Maushold\n|-damage|p1a: Maushold|0 fnt\n|faint|p1a: Maushold\n|move|p1b: Pure Vessel|Psycho Cut|p2b: Whimsicott\n|-enditem|p2b: Whimsicott|Focus Sash\n|-damage|p2b: Whimsicott|1/100\n|\n|upkeep\n|\n|t:|1788391460\n|switch|p1a: Rameses II|Incineroar, L50, M|100/100\n|-ability|p1a: Rameses II|Intimidate|boost\n|-unboost|p2a: Kingambit|atk|1\n|-ability|p2a: Kingambit|Defiant|boost\n|-boost|p2a: Kingambit|atk|2\n|-unboost|p2b: Whimsicott|atk|1\n|turn|5\n|\n|t:|1788391469\n|move|p1a: Rameses II|Fake Out|p2b: Whimsicott\n|-damage|p2b: Whimsicott|0 fnt\n|faint|p2b: Whimsicott\n|move|p2a: Kingambit|Sucker Punch|p1b: Pure Vessel\n|-damage|p1b: Pure Vessel|27/100\n|move|p1b: Pure Vessel|Drain Punch|p2a: Kingambit\n|-supereffective|p2a: Kingambit|2\n|-enditem|p2a: Kingambit|Chople Berry|[eat]\n|-enditem|p2a: Kingambit|Chople Berry|[weaken]\n|-damage|p2a: Kingambit|0 fnt\n|-heal|p1b: Pure Vessel|84/100|[from] drain|[of] p2a: Kingambit\n|faint|p2a: Kingambit\n|\n|upkeep\n|-message|miguelsf forfeited.\n|\n|win|Captain Clean 13\n|raw|Captain Clean 13's rating: 1509 &rarr; <strong>1527</strong><br />(+18 for winning)\n|raw|miguelsf's rating: 1478 &rarr; <strong>1460</strong><br />(-18 for losing)\n|l|☆miguelsf\n|player|p2|\n|c|☆Captain Clean 13|GG\n|l|☆Captain Clean 13\n|player|p1|\n|j|☆Captain Clean 13\n|player|p1|Captain Clean 13|steven|\n","uploadtime":1788391663,"views":"15","formatid":"gen9championsvgc2026regmb","rating":1460,"private":0,"password":null}