{"id":"gen9championsvgc2026regmb-2674747321","format":"[Gen 9 Champions] VGC 2026 Reg M-B","players":["purple ggg","WrstEGirl"],"log":"|j|☆purple ggg\n|j|☆WrstEGirl\n|t:|1788399893\n|gametype|doubles\n|player|p1|purple ggg|1|1409\n|player|p2|WrstEGirl|dawn|1330\n|gen|9\n|tier|[Gen 9 Champions] VGC 2026 Reg M-B\n|rated|\n|rule|Species Clause: Limit one of each Pokémon\n|rule|Item Clause: Limit 1 of each item\n|clearpoke\n|poke|p1|Blaziken, L50, M|\n|poke|p1|Meowscarada, L50, F|\n|poke|p1|Gholdengo, L50|\n|poke|p1|Dragonite, L50, F|\n|poke|p1|Sylveon, L50, M|\n|poke|p1|Mudsdale, L50, M|\n|poke|p2|Basculegion, L50, M|\n|poke|p2|Meganium, L50, M|\n|poke|p2|Aerodactyl, L50, F|\n|poke|p2|Gholdengo, L50|\n|poke|p2|Tyranitar, L50, M|\n|poke|p2|Gallade, L50, M|\n|teampreview|4\nWrstEGirl rejected open team sheets.\n|inactive|Battle timer is ON: inactive players will automatically lose when time's up. (requested by WrstEGirl)\n|inactive|WrstEGirl has 60 seconds left.\n|inactive|WrstEGirl has 30 seconds left.\n|\n|t:|1788399959\n|teamsize|p1|4\n|teamsize|p2|4\n|start\n|switch|p1a: Blaziken|Blaziken, L50, M|100/100\n|switch|p1b: Gholdengo|Gholdengo, L50|100/100\n|switch|p2a: Aerodactyl|Aerodactyl, L50, F|100/100\n|switch|p2b: Basculegion|Basculegion, L50, M|100/100\n|-ability|p2a: Aerodactyl|Unnerve\n|turn|1\n|\n|t:|1788399972\n|detailschange|p1a: Blaziken|Blaziken-Mega, L50, M\n|-mega|p1a: Blaziken|Blaziken|Blazikenite\n|move|p1a: Blaziken|Detect|p1a: Blaziken\n|-singleturn|p1a: Blaziken|Protect\n|move|p1b: Gholdengo|Shadow Ball|p2b: Basculegion\n|-supereffective|p2b: Basculegion|1\n|-damage|p2b: Basculegion|0 fnt\n|faint|p2b: Basculegion\n|move|p2a: Aerodactyl|Tailwind|p2a: Aerodactyl\n|-sidestart|p2: WrstEGirl|move: Tailwind\n|\n|-ability|p1a: Blaziken|Speed Boost|boost\n|-boost|p1a: Blaziken|spe|1\n|upkeep\n|\n|t:|1788399995\n|switch|p2b: Meganium|Meganium, L50, M|100/100\n|turn|2\n|\n|t:|1788400013\n|detailschange|p2b: Meganium|Meganium-Mega, L50, M\n|-mega|p2b: Meganium|Meganium|Meganiumite\n|move|p2a: Aerodactyl|Dual Wingbeat|p1a: Blaziken\n|-supereffective|p1a: Blaziken|1\n|-damage|p1a: Blaziken|46/100\n|-supereffective|p1a: Blaziken|1\n|-damage|p1a: Blaziken|0 fnt\n|faint|p1a: Blaziken\n|-hitcount|p1: Blaziken|2\n|move|p2b: Meganium|Weather Ball|p1b: Gholdengo\n|-supereffective|p1b: Gholdengo|1\n|-damage|p1b: Gholdengo|0 fnt\n|faint|p1b: Gholdengo\n|\n|upkeep\n|\n|t:|1788400021\n|switch|p1a: Dragonite|Dragonite, L50, F|100/100\n|switch|p1b: Meowscarada|Meowscarada, L50, F|100/100\n|turn|3\n|\n|t:|1788400037\n|move|p2a: Aerodactyl|Protect|p2a: Aerodactyl\n|-singleturn|p2a: Aerodactyl|Protect\n|move|p2b: Meganium|Protect|p2b: Meganium\n|-singleturn|p2b: Meganium|Protect\n|move|p1b: Meowscarada|Triple Axel|p2b: Meganium\n|-activate|p2b: Meganium|move: Protect\n|move|p1a: Dragonite|Scale Shot|p2a: Aerodactyl\n|-activate|p2a: Aerodactyl|move: Protect\n|\n|upkeep\n|turn|4\n|\n|t:|1788400050\n|move|p1b: Meowscarada|Protect|p1b: Meowscarada\n|-singleturn|p1b: Meowscarada|Protect\n|move|p1a: Dragonite|Protect|p1a: Dragonite\n|-singleturn|p1a: Dragonite|Protect\n|move|p2a: Aerodactyl|Rock Slide|p1b: Meowscarada|[spread] \n|-activate|p1a: Dragonite|move: Protect\n|-activate|p1b: Meowscarada|move: Protect\n|move|p2b: Meganium|Dazzling Gleam|p1b: Meowscarada|[spread] \n|-activate|p1a: Dragonite|move: Protect\n|-activate|p1b: Meowscarada|move: Protect\n|\n|-sideend|p2: WrstEGirl|move: Tailwind\n|upkeep\n|turn|5\n|\n|t:|1788400069\n|move|p2a: Aerodactyl|Tailwind|p2a: Aerodactyl\n|-sidestart|p2: WrstEGirl|move: Tailwind\n|move|p2b: Meganium|Dazzling Gleam|p1a: Dragonite|[spread] p1a,p1b\n|-supereffective|p1a: Dragonite|1\n|-supereffective|p1b: Meowscarada|1\n|-damage|p1a: Dragonite|61/100\n|-damage|p1b: Meowscarada|0 fnt\n|faint|p1b: Meowscarada\n|move|p1a: Dragonite|Scale Shot|p2a: Aerodactyl\n|-damage|p2a: Aerodactyl|78/100\n|-damage|p2a: Aerodactyl|52/100\n|-damage|p2a: Aerodactyl|30/100\n|-hitcount|p2a: Aerodactyl|3\n|-unboost|p1a: Dragonite|def|1\n|-boost|p1a: Dragonite|spe|1\n|-enditem|p1a: Dragonite|White Herb\n|-clearnegativeboost|p1a: Dragonite|[silent]\n|\n|upkeep\n|turn|6\n|-message|purple ggg forfeited.\n|\n|win|WrstEGirl\n|raw|purple ggg's rating: 1409 &rarr; <strong>1385</strong><br />(-24 for losing)\n|raw|WrstEGirl's rating: 1330 &rarr; <strong>1354</strong><br />(+24 for winning)\n|l|☆purple ggg\n|player|p1|\n|j|☆purple ggg\n|player|p1|purple ggg|1|\n|l|☆purple ggg\n|player|p1|\n","uploadtime":1788400088,"views":"2","formatid":"gen9championsvgc2026regmb","rating":1354,"private":0,"password":null}