{"id":"gen9championsvgc2026regmb-2673918299","format":"[Gen 9 Champions] VGC 2026 Reg M-B","players":["funky93","blindfishptsd"],"log":"|j|☆funky93\n|j|☆blindfishptsd\n|html|<table width=\"100%\"><tr><td align=\"left\">funky93</td><td align=\"right\">blindfishptsd</tr><tr><td align=\"left\"><i class=\"fa fa-circle\"></i> <i class=\"fa fa-circle-o\"></i> </td><td align=\"right\"><i class=\"fa fa-circle-o\"></i> <i class=\"fa fa-circle\"></i> </tr></table>\n|uhtml|bestof|<h2><strong>Game 3</strong> of <a href=\"/game-bestof3-gen9championsvgc2026regmb-2673913098\">a best-of-3</a></h2>\n|t:|1788277001\n|gametype|doubles\n|player|p1|funky93|bruno|\n|player|p2|blindfishptsd|169|\n|gen|9\n|tier|[Gen 9 Champions] VGC 2026 Reg M-B\n|rule|Species Clause: Limit one of each Pokémon\n|rule|Item Clause: Limit 1 of each item\n|raw|<div class=\"infobox\"><details class=\"readmore\" open><summary><strong>1 custom rule:</strong></summary> Best of = 3</details></div>\n|clearpoke\n|poke|p1|Gholdengo, L50|\n|poke|p1|Scovillain, L50, M|\n|poke|p1|Pelipper, L50, F|\n|poke|p1|Mr. Rime, L50, M|\n|poke|p1|Swampert, L50, M|\n|poke|p1|Eelektross, L50, F|\n|poke|p2|Staraptor, L50, F|\n|poke|p2|Metagross, L50|\n|poke|p2|Whimsicott, L50, F|\n|poke|p2|Garchomp, L50, F|\n|poke|p2|Rotom-Heat, L50|\n|poke|p2|Simipour, L50, F|\n|teampreview|4\n|j| SpadesHS\nfunky93 rejected open team sheets.\n|\n|t:|1788277036\n|teamsize|p1|4\n|teamsize|p2|4\n|start\n|switch|p1a: Swampert|Swampert, L50, M|100/100\n|switch|p1b: Pelipper|Pelipper, L50, F|100/100\n|switch|p2a: Staraptor|Staraptor, L50, F|100/100\n|switch|p2b: Garchomp|Garchomp, L50, F|100/100\n|-ability|p2a: Staraptor|Intimidate|boost\n|-unboost|p1a: Swampert|atk|1\n|-unboost|p1b: Pelipper|atk|1\n|-weather|RainDance|[from] ability: Drizzle|[of] p1b: Pelipper\n|turn|1\n|\n|t:|1788277062\n|switch|p2b: Whimsicott|Whimsicott, L50, F|100/100\n|detailschange|p2a: Staraptor|Staraptor-Mega, L50, F\n|-mega|p2a: Staraptor|Staraptor|Staraptite\n|detailschange|p1a: Swampert|Swampert-Mega, L50, M\n|-mega|p1a: Swampert|Swampert|Swampertite\n|move|p1a: Swampert|Wave Crash|p2b: Whimsicott\n|-resisted|p2b: Whimsicott|1\n|-damage|p2b: Whimsicott|41/100\n|-damage|p1a: Swampert|85/100|[from] Recoil\n|move|p2a: Staraptor|Close Combat|p1a: Swampert\n|-damage|p1a: Swampert|38/100\n|-boost|p2a: Staraptor|def|1\n|-boost|p2a: Staraptor|spd|1\n|move|p1b: Pelipper|Tailwind|p1b: Pelipper\n|-sidestart|p1: funky93|move: Tailwind\n|\n|-weather|RainDance|[upkeep]\n|upkeep\n|turn|2\n|\n|t:|1788277147\n|switch|p1a: Scovillain|Scovillain, L50, M|100/100\n|switch|p1b: Gholdengo|Gholdengo, L50|100/100\n|move|p2b: Whimsicott|Sunny Day|p2b: Whimsicott\n|-weather|SunnyDay\n|move|p2a: Staraptor|Close Combat|p1b: Gholdengo\n|-immune|p1b: Gholdengo\n|\n|-weather|SunnyDay|[upkeep]\n|-ability|p1a: Scovillain|Moody|boost\n|-boost|p1a: Scovillain|def|2\n|-unboost|p1a: Scovillain|atk|1\n|upkeep\n|turn|3\n|\n|t:|1788277180\n|switch|p2b: Garchomp|Garchomp, L50, F|100/100\n|move|p1b: Gholdengo|Make It Rain|p2a: Staraptor|[spread] p2a,p2b\n|-damage|p2a: Staraptor|63/100\n|-damage|p2b: Garchomp|29/100\n|-unboost|p1b: Gholdengo|spa|2\n|-damage|p1b: Gholdengo|90/100|[from] item: Life Orb\n|move|p1a: Scovillain|Will-O-Wisp|p2a: Staraptor\n|-status|p2a: Staraptor|brn\n|move|p2a: Staraptor|Close Combat|p1a: Scovillain\n|-damage|p1a: Scovillain|84/100\n|-boost|p2a: Staraptor|def|1\n|-boost|p2a: Staraptor|spd|1\n|\n|-weather|SunnyDay|[upkeep]\n|-damage|p2a: Staraptor|57/100 brn|[from] brn\n|-ability|p1a: Scovillain|Moody|boost\n|-boost|p1a: Scovillain|spd|2\n|-unboost|p1a: Scovillain|spe|1\n|upkeep\n|turn|4\n|\n|t:|1788277238\n|switch|p2b: Rotom|Rotom-Heat, L50|100/100\n|move|p1b: Gholdengo|Protect|p1b: Gholdengo\n|-singleturn|p1b: Gholdengo|Protect\n|move|p2a: Staraptor|Dual Wingbeat|p1a: Scovillain\n|-supereffective|p1a: Scovillain|1\n|-enditem|p1a: Scovillain|Coba Berry|[eat]\n|-enditem|p1a: Scovillain|Coba Berry|[weaken]\n|-damage|p1a: Scovillain|78/100\n|-supereffective|p1a: Scovillain|1\n|-damage|p1a: Scovillain|67/100\n|-hitcount|p1a: Scovillain|2\n|move|p1a: Scovillain|Will-O-Wisp|p2b: Rotom\n|-immune|p2b: Rotom\n|\n|-weather|SunnyDay|[upkeep]\n|-damage|p2a: Staraptor|51/100 brn|[from] brn\n|-sideend|p1: funky93|move: Tailwind\n|-ability|p1a: Scovillain|Moody|boost\n|-boost|p1a: Scovillain|def|2\n|-unboost|p1a: Scovillain|spa|1\n|upkeep\n|turn|5\n|\n|t:|1788277277\n|move|p1a: Scovillain|Rage Powder|p1a: Scovillain\n|-singleturn|p1a: Scovillain|move: Rage Powder\n|move|p2a: Staraptor|Dual Wingbeat|p1a: Scovillain\n|-supereffective|p1a: Scovillain|1\n|-crit|p1a: Scovillain\n|-damage|p1a: Scovillain|37/100\n|-supereffective|p1a: Scovillain|1\n|-damage|p1a: Scovillain|30/100\n|-hitcount|p1a: Scovillain|2\n|move|p2b: Rotom|Thunderbolt|p1a: Scovillain\n|-resisted|p1a: Scovillain|1\n|-damage|p1a: Scovillain|16/100\n|move|p1b: Gholdengo|Nasty Plot|p1b: Gholdengo\n|-boost|p1b: Gholdengo|spa|2\n|\n|-weather|SunnyDay|[upkeep]\n|-damage|p2a: Staraptor|44/100 brn|[from] brn\n|-ability|p1a: Scovillain|Moody|boost\n|-boost|p1a: Scovillain|atk|2\n|-unboost|p1a: Scovillain|spe|1\n|upkeep\n|turn|6\n|\n|t:|1788277302\n|move|p1a: Scovillain|Rage Powder|p1a: Scovillain\n|-singleturn|p1a: Scovillain|move: Rage Powder\n|move|p2a: Staraptor|Dual Wingbeat|p1a: Scovillain\n|-supereffective|p1a: Scovillain|1\n|-damage|p1a: Scovillain|8/100\n|-supereffective|p1a: Scovillain|1\n|-damage|p1a: Scovillain|1/100\n|-hitcount|p1a: Scovillain|2\n|move|p2b: Rotom|Overheat|p1a: Scovillain\n|-damage|p1a: Scovillain|0 fnt\n|-unboost|p2b: Rotom|spa|2\n|faint|p1a: Scovillain\n|move|p1b: Gholdengo|Shadow Ball|p2b: Rotom\n|-damage|p2b: Rotom|47/100\n|-damage|p1b: Gholdengo|80/100|[from] item: Life Orb\n|\n|-weather|none\n|-damage|p2a: Staraptor|38/100 brn|[from] brn\n|upkeep\n|\n|t:|1788277320\n|switch|p1a: Pelipper|Pelipper, L50, F|100/100\n|-weather|RainDance|[from] ability: Drizzle|[of] p1a: Pelipper\n|turn|7\n|\n|t:|1788277336\n|switch|p1a: Swampert|Swampert-Mega, L50, M|38/100\n|move|p2a: Staraptor|Close Combat|p1a: Swampert\n|-damage|p1a: Swampert|12/100\n|-boost|p2a: Staraptor|def|1\n|-boost|p2a: Staraptor|spd|1\n|move|p2b: Rotom|Thunderbolt|p1a: Swampert\n|-immune|p1a: Swampert\n|move|p1b: Gholdengo|Make It Rain|p2a: Staraptor|[spread] p2a,p2b\n|-resisted|p2b: Rotom|2\n|-damage|p2a: Staraptor|13/100 brn\n|-damage|p2b: Rotom|31/100\n|-unboost|p1b: Gholdengo|spa|2\n|-damage|p1b: Gholdengo|70/100|[from] item: Life Orb\n|\n|-weather|RainDance|[upkeep]\n|-damage|p2a: Staraptor|7/100 brn|[from] brn\n|upkeep\n|turn|8\n|\n|t:|1788277383\n|switch|p2b: Garchomp|Garchomp, L50, F|29/100\n|move|p1a: Swampert|Protect|p1a: Swampert\n|-singleturn|p1a: Swampert|Protect\n|move|p2a: Staraptor|Close Combat|p1a: Swampert\n|-activate|p1a: Swampert|move: Protect\n|move|p1b: Gholdengo|Nasty Plot|p1b: Gholdengo\n|-boost|p1b: Gholdengo|spa|2\n|\n|-weather|RainDance|[upkeep]\n|-damage|p2a: Staraptor|1/100 brn|[from] brn\n|upkeep\n|turn|9\n|\n|t:|1788277431\n|switch|p1a: Pelipper|Pelipper, L50, F|100/100\n|move|p2b: Garchomp|Protect|p2b: Garchomp\n|-singleturn|p2b: Garchomp|Protect\n|move|p2a: Staraptor|Close Combat|p1a: Pelipper\n|-resisted|p1a: Pelipper|1\n|-damage|p1a: Pelipper|86/100\n|-boost|p2a: Staraptor|def|1\n|-boost|p2a: Staraptor|spd|1\n|move|p1b: Gholdengo|Shadow Ball|p2b: Garchomp\n|-activate|p2b: Garchomp|move: Protect\n|\n|-weather|RainDance|[upkeep]\n|-damage|p2a: Staraptor|0 fnt|[from] brn\n|faint|p2a: Staraptor\n|upkeep\n|\n|t:|1788277439\n|switch|p2a: Rotom|Rotom-Heat, L50|31/100\n|turn|10\n|\n|t:|1788277486\n|move|p2b: Garchomp|Stomping Tantrum|p1b: Gholdengo\n|-supereffective|p1b: Gholdengo|1\n|-damage|p1b: Gholdengo|0 fnt\n|faint|p1b: Gholdengo\n|-damage|p2b: Garchomp|20/100r|[from] item: Life Orb\n|move|p2a: Rotom|Thunderbolt|p1a: Pelipper\n|-supereffective|p1a: Pelipper|2\n|-damage|p1a: Pelipper|0 fnt\n|faint|p1a: Pelipper\n|\n|-weather|RainDance|[upkeep]\n|upkeep\n|c|☆blindfishptsd|Ggs\n|c|☆funky93|ggs\n|\n|t:|1788277500\n|switch|p1b: Swampert|Swampert-Mega, L50, M|12/100\n|turn|11\n|\n|t:|1788277508\n|move|p2b: Garchomp|Protect|p2b: Garchomp\n|-singleturn|p2b: Garchomp|Protect\n|move|p2a: Rotom|Protect|p2a: Rotom\n|-singleturn|p2a: Rotom|Protect\n|move|p1b: Swampert|Wave Crash|p2a: Rotom\n|-activate|p2a: Rotom|move: Protect\n|\n|-weather|none\n|upkeep\n|turn|12\n|\n|t:|1788277517\n|move|p2b: Garchomp|Earthquake|p1b: Swampert|[spread] p1b\n|-immune|p2a: Rotom|[from] ability: Levitate\n|-damage|p1b: Swampert|0 fnt\n|faint|p1b: Swampert\n|-damage|p2b: Garchomp|10/100|[from] item: Life Orb\n|\n|win|blindfishptsd\n|l|☆funky93\n|player|p1|\n","uploadtime":1788277540,"views":"34","formatid":"gen9championsvgc2026regmb","rating":null,"private":0,"password":null}