{"id":"gen9championsvgc2026regmbbo3-2673844403","format":"[Gen 9 Champions] VGC 2026 Reg M-B (Bo3)","players":["tchat 28","reshiramvg"],"log":"|j|☆tchat 28\n|j|☆reshiramvg\n|html|<table width=\"100%\"><tr><td align=\"left\">tchat 28</td><td align=\"right\">reshiramvg</tr><tr><td align=\"left\"><i class=\"fa fa-circle\"></i> <i class=\"fa fa-circle-o\"></i> </td><td align=\"right\"><i class=\"fa fa-circle-o\"></i> <i class=\"fa fa-circle-o\"></i> </tr></table>\n|uhtml|bestof|<h2><strong>Game 2</strong> of <a href=\"/game-bestof3-gen9championsvgc2026regmbbo3-2673843523\">a best-of-3</a></h2>\n|t:|1788267415\n|gametype|doubles\n|player|p1|tchat 28|102|1249\n|player|p2|reshiramvg|hilbert|1233\n|gen|9\n|tier|[Gen 9 Champions] VGC 2026 Reg M-B (Bo3)\n|rated|\n|rule|Species Clause: Limit one of each Pokémon\n|rule|Item Clause: Limit 1 of each item\n|clearpoke\n|poke|p1|Staraptor, L50, M|\n|poke|p1|Whimsicott, L50, F|\n|poke|p1|Sneasler, L50, F|\n|poke|p1|Sinistcha, L50|\n|poke|p1|Archaludon, L50, M|\n|poke|p1|Delphox, L50, F|\n|poke|p2|Farigiraf, L50, M|\n|poke|p2|Arcanine-Hisui, L50, F|\n|poke|p2|Sylveon, L50, F|\n|poke|p2|Staraptor, L50, F|\n|poke|p2|Raichu, L50, F|\n|poke|p2|Kingambit, L50, F|\n|teampreview|4\n|showteam|p1|Staraptor||Staraptite|Intimidate|DualWingbeat,CloseCombat,Protect,Roost|Adamant||M|||50|]Whimsicott||FocusSash|Prankster|EnergyBall,Charm,Tailwind,Encore|Modest||F|||50|]Sneasler||LifeOrb|PoisonTouch|FakeOut,RockSlide,DireClaw,CloseCombat|Adamant||F|||50|]Sinistcha||SitrusBerry|Hospitality|MatchaGotcha,LifeDew,RagePowder,StrengthSap|Bold|||||50|]Archaludon||Leftovers|Stamina|Snarl,BreakingSwipe,FlashCannon,DracoMeteor|Serious||M|||50|]Delphox||Delphoxite|Blaze|HeatWave,Psychic,ShadowBall,Protect|Timid||F|||50|\n|showteam|p2|Farigiraf||SitrusBerry|ArmorTail|Psychic,HelpingHand,TrickRoom,Protect|Calm||M|||50|]Arcanine-Hisui||FocusSash|RockHead|FlareBlitz,ExtremeSpeed,HeadSmash,Protect|Jolly||F|||50|]Sylveon||FairyFeather|Pixilate|HyperVoice,HyperBeam,QuickAttack,Protect|Modest||F|||50|]Staraptor||Staraptite|Intimidate|DualWingbeat,CloseCombat,Tailwind,Protect|Jolly||F|||50|]Raichu||RaichuniteY|Static|FakeOut,ZapCannon,FocusBlast,Protect|Timid||F|||50|]Kingambit||LifeOrb|Defiant|KowtowCleave,SwordsDance,SuckerPunch,Protect|Adamant||F|||50|\n|\n|t:|1788267431\n|teamsize|p1|4\n|teamsize|p2|4\n|start\n|switch|p1a: Staraptor|Staraptor, L50, M|100/100\n|switch|p1b: Whimsicott|Whimsicott, L50, F|100/100\n|switch|p2a: Sylveon|Sylveon, L50, F|100/100\n|switch|p2b: Raichu|Raichu, L50, F|100/100\n|-ability|p1a: Staraptor|Intimidate|boost\n|-unboost|p2a: Sylveon|atk|1\n|-unboost|p2b: Raichu|atk|1\n|turn|1\n|\n|t:|1788267464\n|detailschange|p2b: Raichu|Raichu-Mega-Y, L50, F\n|-mega|p2b: Raichu|Raichu|Raichunite Y\n|detailschange|p1a: Staraptor|Staraptor-Mega, L50, M\n|-mega|p1a: Staraptor|Staraptor|Staraptite\n|move|p1a: Staraptor|Protect|p1a: Staraptor\n|-singleturn|p1a: Staraptor|Protect\n|move|p2b: Raichu|Fake Out|p1b: Whimsicott\n|-damage|p1b: Whimsicott|90/100\n|cant|p1b: Whimsicott|flinch\n|move|p2a: Sylveon|Hyper Voice|p1b: Whimsicott|[spread] p1b\n|-activate|p1a: Staraptor|move: Protect\n|-damage|p1b: Whimsicott|1/100\n|\n|upkeep\n|turn|2\n|inactive|Battle timer is ON: inactive players will automatically lose when time's up. (requested by reshiramvg)\n|\n|t:|1788267492\n|switch|p1a: Sneasler|Sneasler, L50, F|100/100\n|move|p2b: Raichu|Protect|p2b: Raichu\n|-singleturn|p2b: Raichu|Protect\n|move|p1b: Whimsicott|Encore|p2b: Raichu\n|-activate|p2b: Raichu|move: Protect\n|move|p2a: Sylveon|Hyper Voice|p1b: Whimsicott|[spread] p1a,p1b\n|-crit|p1b: Whimsicott\n|-damage|p1a: Sneasler|30/100\n|-damage|p1b: Whimsicott|0 fnt\n|faint|p1b: Whimsicott\n|\n|upkeep\n|\n|t:|1788267502\n|switch|p1b: Sinistcha|Sinistcha, L50|100/100\n|-heal|p1a: Sneasler|55/100|[from] ability: Hospitality|[of] p1b: Sinistcha\n|turn|3\n|\n|t:|1788267519\n|switch|p2b: Farigiraf|Farigiraf, L50, M|100/100\n|move|p1b: Sinistcha|Rage Powder|p1b: Sinistcha\n|-singleturn|p1b: Sinistcha|move: Rage Powder\n|move|p1a: Sneasler|Dire Claw|p2a: Sylveon\n|-supereffective|p2a: Sylveon|1\n|-damage|p2a: Sylveon|0 fnt\n|faint|p2a: Sylveon\n|-damage|p1a: Sneasler|45/100|[from] item: Life Orb\n|\n|upkeep\n|\n|t:|1788267528\n|switch|p2a: Arcanine|Arcanine-Hisui, L50, F|100/100\n|turn|4\n|\n|t:|1788267544\n|move|p2a: Arcanine|Protect|p2a: Arcanine\n|-singleturn|p2a: Arcanine|Protect\n|move|p1a: Sneasler|Dire Claw|p2b: Farigiraf\n|-damage|p2b: Farigiraf|32/100\n|-enditem|p2b: Farigiraf|Sitrus Berry|[eat]\n|-heal|p2b: Farigiraf|57/100|[from] item: Sitrus Berry\n|-damage|p1a: Sneasler|36/100|[from] item: Life Orb\n|move|p1b: Sinistcha|Matcha Gotcha|p2b: Farigiraf|[spread] p2b\n|-activate|p2a: Arcanine|move: Protect\n|-damage|p2b: Farigiraf|38/100\n|move|p2b: Farigiraf|Trick Room|p2b: Farigiraf\n|-fieldstart|move: Trick Room|[of] p2b: Farigiraf\n|\n|upkeep\n|turn|5\n|inactive|tchat 28 has 30 seconds left.\n|\n|t:|1788267571\n|move|p2b: Farigiraf|Psychic|p1a: Sneasler\n|-supereffective|p1a: Sneasler|2\n|-damage|p1a: Sneasler|0 fnt\n|faint|p1a: Sneasler\n|move|p1b: Sinistcha|Matcha Gotcha|p2a: Arcanine|[spread] p2b\n|-miss|p1b: Sinistcha|p2a: Arcanine\n|-damage|p2b: Farigiraf|22/100\n|move|p2a: Arcanine|Flare Blitz|p1b: Sinistcha\n|-supereffective|p1b: Sinistcha|1\n|-damage|p1b: Sinistcha|7/100\n|-enditem|p1b: Sinistcha|Sitrus Berry|[eat]\n|-heal|p1b: Sinistcha|32/100|[from] item: Sitrus Berry\n|\n|upkeep\n|\n|t:|1788267579\n|switch|p1a: Staraptor|Staraptor-Mega, L50, M|100/100\n|turn|6\n|inactive|tchat 28 has 30 seconds left.\n|inactive|reshiramvg has 30 seconds left.\n|inactive|reshiramvg has 20 seconds left.\n|\n|t:|1788267620\n|move|p2b: Farigiraf|Helping Hand|p2a: Arcanine\n|-singleturn|p2a: Arcanine|Helping Hand|[of] p2b: Farigiraf\n|move|p1b: Sinistcha|Strength Sap|p2a: Arcanine\n|-unboost|p2a: Arcanine|atk|1\n|-heal|p1b: Sinistcha|100/100\n|move|p2a: Arcanine|Flare Blitz|p1b: Sinistcha\n|-supereffective|p1b: Sinistcha|1\n|-damage|p1b: Sinistcha|1/100\n|move|p1a: Staraptor|Close Combat|p2b: Farigiraf\n|-damage|p2b: Farigiraf|0 fnt\n|-boost|p1a: Staraptor|def|1\n|-boost|p1a: Staraptor|spd|1\n|faint|p2b: Farigiraf\n|\n|upkeep\n|\n|t:|1788267636\n|switch|p2b: Raichu|Raichu-Mega-Y, L50, F|100/100\n|turn|7\n|inactive|reshiramvg has 30 seconds left.\n|\n|t:|1788267664\n|move|p2a: Arcanine|Protect|p2a: Arcanine\n|-singleturn|p2a: Arcanine|Protect\n|move|p1b: Sinistcha|Strength Sap|p2a: Arcanine\n|-activate|p2a: Arcanine|move: Protect\n|move|p1a: Staraptor|Close Combat|p2a: Arcanine\n|-activate|p2a: Arcanine|move: Protect\n|move|p2b: Raichu|Zap Cannon|p1a: Staraptor\n|-supereffective|p1a: Staraptor|1\n|-damage|p1a: Staraptor|0 fnt\n|faint|p1a: Staraptor\n|\n|upkeep\n|turn|8\n|\n|t:|1788267679\n|move|p1b: Sinistcha|Strength Sap|p2a: Arcanine\n|-unboost|p2a: Arcanine|atk|1\n|-heal|p1b: Sinistcha|63/100\n|move|p2a: Arcanine|Flare Blitz|p1b: Sinistcha\n|-supereffective|p1b: Sinistcha|1\n|-damage|p1b: Sinistcha|15/100\n|move|p2b: Raichu|Zap Cannon|p1b: Sinistcha\n|-resisted|p1b: Sinistcha|1\n|-damage|p1b: Sinistcha|0 fnt\n|faint|p1b: Sinistcha\n|\n|win|reshiramvg\n","uploadtime":1788267684,"views":"1","formatid":"gen9championsvgc2026regmbbo3","rating":null,"private":0,"password":null}