{"id":"gen9championsvgc2026regmb-2674159514","format":"[Gen 9 Champions] VGC 2026 Reg M-B","players":["rin.jassar","idk04132"],"log":"|j|☆rin.jassar\n|j|☆idk04132\n|t:|1788308028\n|gametype|doubles\n|player|p1|rin.jassar|102|1214\n|player|p2|idk04132|265|1184\n|gen|9\n|tier|[Gen 9 Champions] VGC 2026 Reg M-B\n|rated|\n|rule|Species Clause: Limit one of each Pokémon\n|rule|Item Clause: Limit 1 of each item\n|clearpoke\n|poke|p1|Scizor, L50, M|\n|poke|p1|Gholdengo, L50|\n|poke|p1|Milotic, L50, M|\n|poke|p1|Staraptor, L50, F|\n|poke|p1|Maushold, L50|\n|poke|p1|Kleavor, L50, F|\n|poke|p2|Chesnaught, L50, F|\n|poke|p2|Gallade, L50, M|\n|poke|p2|Incineroar, L50, F|\n|poke|p2|Sinistcha-Masterpiece, L50|\n|poke|p2|Farigiraf, L50, M|\n|poke|p2|Ditto, L50|\n|teampreview|4\nidk04132 rejected open team sheets.\n|\n|t:|1788308062\n|teamsize|p1|4\n|teamsize|p2|4\n|start\n|switch|p1a: Maushold|Maushold, L50|100/100\n|switch|p1b: Kleavor|Kleavor, L50, F|100/100\n|switch|p2a: Sinistcha|Sinistcha-Masterpiece, L50|100/100\n|switch|p2b: the better wall|Chesnaught, L50, F|100/100\n|turn|1\n|inactive|Battle timer is ON: inactive players will automatically lose when time's up. (requested by rin.jassar)\n|\n|t:|1788308091\n|detailschange|p2b: the better wall|Chesnaught-Mega, L50, F\n|-mega|p2b: the better wall|Chesnaught|Chesnaughtite\n|move|p2a: Sinistcha|Rage Powder|p2a: Sinistcha\n|-singleturn|p2a: Sinistcha|move: Rage Powder\n|move|p1a: Maushold|Tickle|p2a: Sinistcha\n|-unboost|p2a: Sinistcha|atk|1\n|-unboost|p2a: Sinistcha|def|1\n|move|p1b: Kleavor|X-Scissor|p2a: Sinistcha\n|-enditem|p2a: Sinistcha|Focus Sash\n|-damage|p2a: Sinistcha|1/100\n|move|p2b: the better wall|Belly Drum|p2b: the better wall\n|-damage|p2b: the better wall|50/100g\n|-setboost|p2b: the better wall|atk|6|[from] move: Belly Drum\n|\n|upkeep\n|turn|2\n|inactive|rin.jassar has 30 seconds left.\n|\n|t:|1788308119\n|move|p2a: Sinistcha|Rage Powder|p2a: Sinistcha\n|-singleturn|p2a: Sinistcha|move: Rage Powder\n|move|p1a: Maushold|Tickle|p2a: Sinistcha\n|-unboost|p2a: Sinistcha|atk|1\n|-unboost|p2a: Sinistcha|def|1\n|move|p1b: Kleavor|U-turn|p2a: Sinistcha\n|-damage|p2a: Sinistcha|0 fnt\n|faint|p2a: Sinistcha\n|\n|t:|1788308135\n|switch|p1b: Staraptor|Staraptor, L50, F|100/100|[from] U-turn\n|-ability|p1b: Staraptor|Intimidate|boost\n|-unboost|p2b: the better wall|atk|1\n|move|p2b: the better wall|Rock Slide|p1a: Maushold|[spread] p1a,p1b\n|-supereffective|p1b: Staraptor|1\n|-damage|p1a: Maushold|13/100\n|-damage|p1b: Staraptor|0 fnt\n|faint|p1b: Staraptor\n|\n|upkeep\n|\n|t:|1788308146\n|switch|p1b: Scizor|Scizor, L50, M|100/100\n|switch|p2a: Farigiraf|Farigiraf, L50, M|100/100\n|turn|3\n|inactive|rin.jassar has 30 seconds left.\n|\n|t:|1788308172\n|move|p2b: the better wall|Spiky Shield|p2b: the better wall\n|-singleturn|p2b: the better wall|move: Protect\n|move|p1a: Maushold|Population Bomb|p2a: Farigiraf\n|-damage|p2a: Farigiraf|92/100\n|-crit|p2a: Farigiraf\n|-damage|p2a: Farigiraf|81/100\n|-damage|p2a: Farigiraf|74/100\n|-damage|p2a: Farigiraf|67/100\n|-damage|p2a: Farigiraf|60/100\n|-damage|p2a: Farigiraf|53/100\n|-crit|p2a: Farigiraf\n|-damage|p2a: Farigiraf|43/100\n|-damage|p2a: Farigiraf|35/100\n|-damage|p2a: Farigiraf|27/100\n|-damage|p2a: Farigiraf|20/100y\n|-hitcount|p2a: Farigiraf|10\n|move|p1b: Scizor|Bug Bite|p2b: the better wall\n|-activate|p2b: the better wall|move: Protect\n|-damage|p1b: Scizor|88/100|[from] Spiky Shield|[of] p2b: the better wall\n|move|p2a: Farigiraf|Trick Room|p2a: Farigiraf\n|-fieldstart|move: Trick Room|[of] p2a: Farigiraf\n|\n|upkeep\n|turn|4\n|\n|t:|1788308187\n|move|p1a: Maushold|Follow Me|p1a: Maushold\n|-singleturn|p1a: Maushold|move: Follow Me\n|move|p2b: the better wall|Earthquake|p1a: Maushold|[spread] p2a,p1a,p1b\n|-damage|p2a: Farigiraf|0 fnt\n|-damage|p1a: Maushold|0 fnt\n|-damage|p1b: Scizor|26/100\n|faint|p2a: Farigiraf\n|faint|p1a: Maushold\n|move|p1b: Scizor|Bug Bite|p2b: the better wall\n|-damage|p2b: the better wall|19/100\n|\n|upkeep\n|\n|t:|1788308196\n|switch|p2a: Incineroar|Incineroar, L50, F|100/100\n|switch|p1a: Kleavor|Kleavor, L50, F|100/100\n|-ability|p2a: Incineroar|Intimidate|boost\n|-unboost|p1a: Kleavor|atk|1\n|-unboost|p1b: Scizor|atk|1\n|turn|5\n|\n|t:|1788308205\n|move|p1b: Scizor|Protect|p1b: Scizor\n|-singleturn|p1b: Scizor|Protect\n|move|p2a: Incineroar|Fake Out|p1b: Scizor\n|-activate|p1b: Scizor|move: Protect\n|move|p2b: the better wall|Rock Slide|p1a: Kleavor|[spread] p1a\n|-activate|p1b: Scizor|move: Protect\n|-supereffective|p1a: Kleavor|1\n|-enditem|p1a: Kleavor|Focus Sash\n|-damage|p1a: Kleavor|1/100\n|move|p1a: Kleavor|Stone Axe|p2a: Incineroar\n|-supereffective|p2a: Incineroar|1\n|-crit|p2a: Incineroar\n|-damage|p2a: Incineroar|0 fnt\n|-sidestart|p2: idk04132|move: Stealth Rock\n|faint|p2a: Incineroar\n|\n|upkeep\n|turn|6\n|\n|t:|1788308229\n|move|p1b: Scizor|Bullet Punch|p2b: the better wall\n|-damage|p2b: the better wall|2/100\n|move|p2b: the better wall|Earthquake|p1a: Kleavor|[spread] p1a,p1b\n|-damage|p1a: Kleavor|0 fnt\n|-damage|p1b: Scizor|0 fnt\n|faint|p1a: Kleavor\n|faint|p1b: Scizor\n|\n|win|idk04132\n|raw|rin.jassar's rating: 1214 &rarr; <strong>1187</strong><br />(-27 for losing)\n|raw|idk04132's rating: 1184 &rarr; <strong>1211</strong><br />(+27 for winning)\n|c|☆rin.jassar|gg\n","uploadtime":1788308236,"views":"0","formatid":"gen9championsvgc2026regmb","rating":1187,"private":0,"password":null}