{"id":"gen9championsvgc2026regmb-2674160946","format":"[Gen 9 Champions] VGC 2026 Reg M-B","players":["Mr.Koontzie.","adgetty"],"log":"|j|☆Mr.Koontzie.\n|j|☆adgetty\n|html|<table width=\"100%\"><tr><td align=\"left\">Mr.Koontzie.</td><td align=\"right\">adgetty</tr><tr><td align=\"left\"><i class=\"fa fa-circle\"></i> <i class=\"fa fa-circle-o\"></i> </td><td align=\"right\"><i class=\"fa fa-circle-o\"></i> <i class=\"fa fa-circle\"></i> </tr></table>\n|uhtml|bestof|<h2><strong>Game 3</strong> of <a href=\"/game-bestof3-gen9championsvgc2026regmb-2674155463\">a best-of-3</a></h2>\n|t:|1788308248\n|gametype|doubles\n|player|p1|Mr.Koontzie.|n|\n|player|p2|adgetty|veteranf|\n|gen|9\n|tier|[Gen 9 Champions] VGC 2026 Reg M-B\n|rule|Species Clause: Limit one of each Pokémon\n|rule|Item Clause: Limit 1 of each item\n|raw|<div class=\"infobox\"><details class=\"readmore\" open><summary><strong>1 custom rule:</strong></summary> Best of = 3</details></div>\n|clearpoke\n|poke|p1|Scizor, L50, F|\n|poke|p1|Arcanine-Hisui, L50, M|\n|poke|p1|Garchomp, L50, F|\n|poke|p1|Slowbro, L50, M, shiny|\n|poke|p1|Gholdengo, L50|\n|poke|p1|Meowscarada, L50, F, shiny|\n|poke|p2|Farigiraf, L50, F, shiny|\n|poke|p2|Mawile, L50, F|\n|poke|p2|Kleavor, L50, M|\n|poke|p2|Weavile, L50, F|\n|poke|p2|Vileplume, L50, F, shiny|\n|poke|p2|Torkoal, L50, F|\n|teampreview|4\n|j| SBMalus\n|j| Iamnothilarious\n|j| heatfre3ze\n|j| gus_ssbu\n|j| Moon1Ight197\n|c| SBMalus|imagine he saved bullet punch for now\n|j| qazoo\n|c| heatfre3ze|Hype as hell right there\n|c| qazoo|aura\n|c| SBMalus|Schrodingers bullet punch\n|c| qazoo|That's a jimmy neutron brain  play if so -Mon ty\n|\n|t:|1788308295\n|teamsize|p1|4\n|teamsize|p2|4\n|start\n|switch|p1a: GoldenSkateboarder|Gholdengo, L50|100/100\n|switch|p1b: Dr. Derp|Slowbro, L50, M, shiny|100/100\n|switch|p2a: :open_hands:|Weavile, L50, F|100/100\n|switch|p2b: :mouth:|Mawile, L50, F|100/100\n|-ability|p2b: :mouth:|Intimidate|boost\n|-unboost|p1a: GoldenSkateboarder|atk|1\n|-unboost|p1b: Dr. Derp|atk|1\n|turn|1\n|inactive|Battle timer is ON: inactive players will automatically lose when time's up. (requested by Mr.Koontzie.)\n|c| qazoo|brian blast\n|c| SBMalus|Brian blast\n|c| SBMalus|whoa ass ahoy\n|c| Iamnothilarious|Who's Brian and who's he blasting?\n|c| qazoo|you said my joke but capitalized so basically louder\n|inactive|Mr.Koontzie. has 60 seconds left.\n|inactive|adgetty has 60 seconds left.\n|c| qazoo|Great joke Noah - Monty\n|\n|t:|1788308351\n|detailschange|p2b: :mouth:|Mawile-Mega, L50, F\n|-mega|p2b: :mouth:|Mawile|Mawilite\n|move|p2b: :mouth:|Sucker Punch|p1b: Dr. Derp\n|-supereffective|p1b: Dr. Derp|1\n|-damage|p1b: Dr. Derp|45/100\n|-enditem|p1b: Dr. Derp|Sitrus Berry|[eat]\n|-heal|p1b: Dr. Derp|70/100|[from] item: Sitrus Berry\n|move|p2a: :open_hands:|Knock Off|p1a: GoldenSkateboarder\n|-supereffective|p1a: GoldenSkateboarder|1\n|-damage|p1a: GoldenSkateboarder|13/100\n|-enditem|p1a: GoldenSkateboarder|Choice Scarf|[from] move: Knock Off|[of] p2a: :open_hands:\n|move|p1a: GoldenSkateboarder|Trick|p2a: :open_hands:\n|-activate|p1a: GoldenSkateboarder|move: Trick|[of] p2a: :open_hands:\n|-enditem|p2a: :open_hands:|Focus Sash|[silent]|[from] move: Trick\n|-item|p1a: GoldenSkateboarder|Focus Sash|[from] move: Trick\n|move|p1b: Dr. Derp|Psychic|p2b: :mouth:\n|-resisted|p2b: :mouth:|1\n|-damage|p2b: :mouth:|80/100\n|\n|upkeep\n|turn|2\n|c| SBMalus|yeah but you didn’t say whoa ass ahoy\n|c| qazoo|Brian controls the rng in this game and he is wanted in all 50 states for tax evasion\n|inactive|Mr.Koontzie. has 30 seconds left.\n|inactive|adgetty has 30 seconds left.\n|c| gus_ssbu|How was that Weavile faster\n|inactive|Mr.Koontzie. has 20 seconds left.\n|inactive|adgetty has 20 seconds left.\n|inactive|Mr.Koontzie. has 15 seconds left.\n|inactive|adgetty has 15 seconds left.\n|c| SBMalus|We not speed investing with our scatters tsk tsk\n|inactive|Mr.Koontzie. has 10 seconds left.\n|inactive|adgetty has 10 seconds left.\n|inactive|Mr.Koontzie. has 5 seconds left.\n|c| SBMalus|*scarfers\n|\n|t:|1788308403\n|switch|p1a: Dr. Death|Garchomp, L50, F|100/100\n|move|p2b: :mouth:|Sucker Punch||[still]\n|-fail|p2b: :mouth:\n|move|p2a: :open_hands:|Knock Off|p1a: Dr. Death\n|-damage|p1a: Dr. Death|61/100\n|-damage|p2a: :open_hands:|87/100|[from] ability: Rough Skin|[of] p1a: Dr. Death\n|-enditem|p1a: Dr. Death|Life Orb|[from] move: Knock Off|[of] p2a: :open_hands:\n|move|p1b: Dr. Derp|Slack Off|p1b: Dr. Derp\n|-heal|p1b: Dr. Derp|100/100\n|\n|upkeep\n|turn|3\n|\n|t:|1788308426\n|switch|p2b: :bug:|Kleavor, L50, M|100/100\n|switch|p1b: GoldenSkateboarder|Gholdengo, L50|13/100\n|move|p1a: Dr. Death|Protect|p1a: Dr. Death\n|-singleturn|p1a: Dr. Death|Protect\n|move|p2a: :open_hands:|Triple Axel|p1a: Dr. Death\n|-activate|p1a: Dr. Death|move: Protect\n|\n|upkeep\n|turn|4\n|inactive|Mr.Koontzie. has 30 seconds left.\n|inactive|adgetty has 30 seconds left.\n|c| Iamnothilarious|Weavile genuinely breakdancing with these triple axels\n|inactive|adgetty has 20 seconds left.\n|\n|t:|1788308462\n|switch|p1a: Dr. Derp|Slowbro, L50, M, shiny|100/100\n|move|p2a: :open_hands:|Triple Axel|p1a: Dr. Derp\n|-resisted|p1a: Dr. Derp|1\n|-damage|p1a: Dr. Derp|97/100\n|-resisted|p1a: Dr. Derp|1\n|-damage|p1a: Dr. Derp|91/100\n|-resisted|p1a: Dr. Derp|1\n|-crit|p1a: Dr. Derp\n|-damage|p1a: Dr. Derp|78/100\n|-hitcount|p1a: Dr. Derp|3\n|move|p2b: :bug:|Stone Axe|p1b: GoldenSkateboarder\n|-resisted|p1b: GoldenSkateboarder|1\n|-damage|p1b: GoldenSkateboarder|0 fnt\n|-sidestart|p1: Mr.Koontzie.|move: Stealth Rock\n|faint|p1b: GoldenSkateboarder\n|-damage|p2b: :bug:|90/100|[from] item: Life Orb\n|\n|upkeep\n|c| qazoo|I think hitting protect counts as hitting\n|l| heatfre3ze\n|c| qazoo|the game should show you how many hits you would have gotten into protect for ragebait purposes\n|\n|t:|1788308487\n|switch|p1b: Bug Go Brrrr|Scizor, L50, F|100/100\n|-damage|p1b: Bug Go Brrrr|87/100|[from] Stealth Rock\n|turn|5\n|inactive|Mr.Koontzie. has 30 seconds left.\n|inactive|adgetty has 30 seconds left.\n|inactive|adgetty has 20 seconds left.\n|inactive|adgetty has 15 seconds left.\n|\n|t:|1788308531\n|switch|p2a: :mouth:|Mawile-Mega, L50, F|80/100\n|detailschange|p1b: Bug Go Brrrr|Scizor-Mega, L50, F\n|-mega|p1b: Bug Go Brrrr|Scizor|Scizorite\n|move|p2b: :bug:|X-Scissor|p1a: Dr. Derp\n|-supereffective|p1a: Dr. Derp|1\n|-damage|p1a: Dr. Derp|0 fnt\n|faint|p1a: Dr. Derp\n|-damage|p2b: :bug:|80/100|[from] item: Life Orb\n|move|p1b: Bug Go Brrrr|Dual Wingbeat|p2a: :mouth:\n|-resisted|p2a: :mouth:|1\n|-damage|p2a: :mouth:|69/100\n|-resisted|p2a: :mouth:|1\n|-damage|p2a: :mouth:|58/100\n|-hitcount|p2a: :mouth:|2\n|\n|upkeep\n|\n|t:|1788308545\n|switch|p1a: Dr. Death|Garchomp, L50, F|61/100\n|-damage|p1a: Dr. Death|55/100|[from] Stealth Rock\n|turn|6\n|c| Iamnothilarious|Kleavor might be racist?\n|inactive|Mr.Koontzie. has 30 seconds left.\n|inactive|adgetty has 30 seconds left.\n|inactive|adgetty has 20 seconds left.\n|\n|t:|1788308580\n|move|p1b: Bug Go Brrrr|Protect|p1b: Bug Go Brrrr\n|-singleturn|p1b: Bug Go Brrrr|Protect\n|move|p2a: :mouth:|Sucker Punch||[still]\n|-fail|p2a: :mouth:\n|move|p2b: :bug:|Stone Axe|p1b: Bug Go Brrrr\n|-activate|p1b: Bug Go Brrrr|move: Protect\n|move|p1a: Dr. Death|Earthquake|p2a: :mouth:|[spread] p2a,p2b\n|-activate|p1b: Bug Go Brrrr|move: Protect\n|-supereffective|p2a: :mouth:|1\n|-damage|p2a: :mouth:|0 fnt\n|-damage|p2b: :bug:|26/100\n|faint|p2a: :mouth:\n|\n|upkeep\n|\n|t:|1788308593\n|switch|p2a: :open_hands:|Weavile, L50, F|87/100\n|turn|7\n|\n|t:|1788308612\n|move|p2a: :open_hands:|Fake Out|p1b: Bug Go Brrrr\n|-resisted|p1b: Bug Go Brrrr|1\n|-damage|p1b: Bug Go Brrrr|82/100\n|move|p2b: :bug:|X-Scissor|p1a: Dr. Death\n|-damage|p1a: Dr. Death|0 fnt\n|-damage|p2b: :bug:|14/100|[from] ability: Rough Skin|[of] p1a: Dr. Death\n|faint|p1a: Dr. Death\n|-damage|p2b: :bug:|4/100|[from] item: Life Orb\n|cant|p1b: Bug Go Brrrr|flinch\n|\n|upkeep\n|turn|8\n|inactive|Mr.Koontzie. has 30 seconds left.\n|\n|t:|1788308640\n|move|p2a: :open_hands:|Knock Off|p1b: Bug Go Brrrr\n|-damage|p1b: Bug Go Brrrr|56/100\n|move|p2b: :bug:|Stone Axe|p1b: Bug Go Brrrr\n|-damage|p1b: Bug Go Brrrr|0 fnt\n|faint|p1b: Bug Go Brrrr\n|-damage|p2b: :bug:|0 fnt|[from] item: Life Orb\n|faint|p2b: :bug:\n|\n|win|adgetty\n|c|☆Mr.Koontzie.|ggs\n","uploadtime":1788308648,"views":"5","formatid":"gen9championsvgc2026regmb","rating":null,"private":0,"password":null}