{"id":"gen9championsvgc2026regmb-2673858638","format":"[Gen 9 Champions] VGC 2026 Reg M-B","players":["Thornlace48812","florianlangs"],"log":"|j|☆Thornlace48812\n|j|☆florianlangs\n|t:|1788269509\n|gametype|doubles\n|player|p1|Thornlace48812|102|1184\n|player|p2|florianlangs|volkner|1178\n|gen|9\n|tier|[Gen 9 Champions] VGC 2026 Reg M-B\n|rated|\n|rule|Species Clause: Limit one of each Pokémon\n|rule|Item Clause: Limit 1 of each item\n|clearpoke\n|poke|p1|Garchomp, L50, F|\n|poke|p1|Charizard, L50, M|\n|poke|p1|Whimsicott, L50, M|\n|poke|p1|Sylveon, L50, F|\n|poke|p1|Kingambit, L50, F|\n|poke|p1|Basculegion, L50, M|\n|poke|p2|Audino, L50, F|\n|poke|p2|Incineroar, L50, M|\n|poke|p2|Sinistcha, L50|\n|poke|p2|Floette-Eternal, L50, F|\n|poke|p2|Drampa, L50, M|\n|poke|p2|Talonflame, L50, F|\n|teampreview|4\n|inactive|Battle timer is ON: inactive players will automatically lose when time's up. (requested by Thornlace48812)\n|inactive|florianlangs also wants the timer to be on.\nThornlace48812 rejected open team sheets.\n|inactive|florianlangs has 60 seconds left.\n|\n|t:|1788269541\n|teamsize|p1|4\n|teamsize|p2|4\n|start\n|switch|p1a: Charizard|Charizard, L50, M|100/100\n|switch|p1b: Sylveon|Sylveon, L50, F|100/100\n|switch|p2a: Floette|Floette-Eternal, L50, F|100/100\n|switch|p2b: Incineroar|Incineroar, L50, M|100/100\n|-ability|p2b: Incineroar|Intimidate|boost\n|-unboost|p1a: Charizard|atk|1\n|-unboost|p1b: Sylveon|atk|1\n|turn|1\n|\n|t:|1788269553\n|detailschange|p2a: Floette|Floette-Mega, L50, F\n|-mega|p2a: Floette|Floette|Floettite\n|-ability|p2a: Floette|Fairy Aura\n|detailschange|p1a: Charizard|Charizard-Mega-Y, L50, M\n|-mega|p1a: Charizard|Charizard|Charizardite Y\n|-weather|SunnyDay|[from] ability: Drought|[of] p1a: Charizard\n|move|p2b: Incineroar|Fake Out|p1b: Sylveon\n|-damage|p1b: Sylveon|80/100\n|move|p2a: Floette|Moonblast|p1b: Sylveon\n|-crit|p1b: Sylveon\n|-damage|p1b: Sylveon|0 fnt\n|faint|p1b: Sylveon\n|move|p1a: Charizard|Heat Wave|p2b: Incineroar|[spread] p2a\n|-miss|p1a: Charizard|p2b: Incineroar\n|-damage|p2a: Floette|43/100\n|\n|-weather|SunnyDay|[upkeep]\n|upkeep\n|\n|t:|1788269554\n|switch|p1b: Kingambit|Kingambit, L50, F|100/100\n|-activate|p1b: Kingambit|ability: Supreme Overlord\n|-start|p1b: Kingambit|fallen1|[silent]\n|turn|2\n|\n|t:|1788269574\n|move|p2a: Floette|Protect|p2a: Floette\n|-singleturn|p2a: Floette|Protect\n|move|p1a: Charizard|Protect|p1a: Charizard\n|-singleturn|p1a: Charizard|Protect\n|move|p1b: Kingambit|Kowtow Cleave|p2a: Floette\n|-activate|p2a: Floette|move: Protect\n|move|p2b: Incineroar|Parting Shot|p1a: Charizard\n|-activate|p1a: Charizard|move: Protect\n|\n|-weather|SunnyDay|[upkeep]\n|upkeep\n|turn|3\n|\n|t:|1788269594\n|switch|p2b: Sinistcha|Sinistcha, L50|100/100\n|-heal|p2a: Floette|68/100|[from] ability: Hospitality|[of] p2b: Sinistcha\n|move|p2a: Floette|Light of Ruin|p1b: Kingambit\n|-damage|p1b: Kingambit|0 fnt\n|faint|p1b: Kingambit\n|-end|p1b: Kingambit|fallen1|[silent]\n|-damage|p2a: Floette|9/100|[from] Recoil\n|move|p1a: Charizard|Heat Wave|p2a: Floette|[spread] p2a,p2b\n|-supereffective|p2b: Sinistcha|1\n|-damage|p2a: Floette|0 fnt\n|-damage|p2b: Sinistcha|0 fnt\n|faint|p2a: Floette\n|faint|p2b: Sinistcha\n|\n|-weather|SunnyDay|[upkeep]\n|upkeep\n|\n|t:|1788269607\n|switch|p2a: Incineroar|Incineroar, L50, M|100/100\n|switch|p1b: Basculegion|Basculegion, L50, M|100/100\n|switch|p2b: Talonflame|Talonflame, L50, F|100/100\n|-ability|p2a: Incineroar|Intimidate|boost\n|-unboost|p1a: Charizard|atk|1\n|-unboost|p1b: Basculegion|atk|1\n|turn|4\n|\n|t:|1788269632\n|move|p2a: Incineroar|Fake Out|p1a: Charizard\n|-damage|p1a: Charizard|82/100\n|move|p2b: Talonflame|Dual Wingbeat|p1b: Basculegion\n|-damage|p1b: Basculegion|82/100\n|-damage|p1b: Basculegion|63/100\n|-hitcount|p1b: Basculegion|2\n|cant|p1a: Charizard|flinch\n|move|p1b: Basculegion|Last Respects|p2a: Incineroar\n|-resisted|p2a: Incineroar|1\n|-damage|p2a: Incineroar|65/100\n|\n|-weather|SunnyDay|[upkeep]\n|upkeep\n|turn|5\n|\n|t:|1788269652\n|move|p2b: Talonflame|Tailwind|p2b: Talonflame\n|-sidestart|p2: florianlangs|move: Tailwind\n|move|p1a: Charizard|Heat Wave|p2a: Incineroar|[spread] p2a,p2b\n|-resisted|p2a: Incineroar|1\n|-resisted|p2b: Talonflame|1\n|-damage|p2a: Incineroar|33/100\n|-damage|p2b: Talonflame|48/100\n|move|p2a: Incineroar|Darkest Lariat|p1b: Basculegion\n|-supereffective|p1b: Basculegion|1\n|-damage|p1b: Basculegion|0 fnt\n|faint|p1b: Basculegion\n|\n|-weather|none\n|upkeep\n|turn|6\n|\n|t:|1788269667\n|move|p1a: Charizard|Protect|p1a: Charizard\n|-singleturn|p1a: Charizard|Protect\n|move|p2b: Talonflame|Dual Wingbeat|p1a: Charizard\n|-activate|p1a: Charizard|move: Protect\n|move|p2a: Incineroar|Darkest Lariat|p1a: Charizard\n|-activate|p1a: Charizard|move: Protect\n|\n|upkeep\n|turn|7\n|\n|t:|1788269676\n|move|p2b: Talonflame|Dual Wingbeat|p1a: Charizard\n|-damage|p1a: Charizard|63/100\n|-damage|p1a: Charizard|43/100\n|-hitcount|p1a: Charizard|2\n|move|p1a: Charizard|Heat Wave|p2b: Talonflame|[spread] p2a,p2b\n|-resisted|p2a: Incineroar|1\n|-resisted|p2b: Talonflame|1\n|-damage|p2a: Incineroar|10/100\n|-damage|p2b: Talonflame|15/100\n|move|p2a: Incineroar|Darkest Lariat|p1a: Charizard\n|-damage|p1a: Charizard|0 fnt\n|faint|p1a: Charizard\n|\n|win|florianlangs\n|raw|Thornlace48812's rating: 1106 &rarr; <strong>1086</strong><br />(-20 for losing)\n|raw|florianlangs's rating: 1178 &rarr; <strong>1198</strong><br />(+20 for winning)\n","uploadtime":1788269678,"views":"0","formatid":"gen9championsvgc2026regmb","rating":1086,"private":0,"password":null}