{"id":"gen9championsvgc2026regmb-2674487210","format":"[Gen 9 Champions] VGC 2026 Reg M-B","players":["vi623","randomtieflinggirl"],"log":"|j|‽vi623\n|j|☆randomtieflinggirl\n|t:|1788365579\n|gametype|doubles\n|player|p1|vi623|102|1107\n|player|p2|randomtieflinggirl|266|1082\n|gen|9\n|tier|[Gen 9 Champions] VGC 2026 Reg M-B\n|rated|\n|rule|Species Clause: Limit one of each Pokémon\n|rule|Item Clause: Limit 1 of each item\n|clearpoke\n|poke|p1|Charizard, L50, F, shiny|\n|poke|p1|Floette-Eternal, L50, F|\n|poke|p1|Sneasler, L50, F, shiny|\n|poke|p1|Garchomp, L50, F, shiny|\n|poke|p1|Kingambit, L50, M, shiny|\n|poke|p1|Venusaur, L50, F, shiny|\n|poke|p2|Lycanroc-Dusk, L50, M|\n|poke|p2|Froslass, L50, F|\n|poke|p2|Scovillain, L50, M|\n|poke|p2|Basculegion, L50, M|\n|poke|p2|Kingambit, L50, F|\n|poke|p2|Sneasler, L50, M|\n|teampreview|4\nrandomtieflinggirl has agreed to open team sheets.\nvi623 rejected open team sheets.\n|inactive|Battle timer is ON: inactive players will automatically lose when time's up. (requested by vi623)\n|\n|t:|1788365633\n|teamsize|p1|4\n|teamsize|p2|4\n|start\n|switch|p1a: Floette|Floette-Eternal, L50, F|100/100\n|switch|p1b: Sneasler|Sneasler, L50, F, shiny|100/100\n|switch|p2a: Lycanroc|Lycanroc-Dusk, L50, M|100/100\n|switch|p2b: Froslass|Froslass, L50, F|100/100\n|turn|1\n|inactive|randomtieflinggirl has 30 seconds left.\n|\n|t:|1788365665\n|detailschange|p2b: Froslass|Froslass-Mega, L50, F\n|-mega|p2b: Froslass|Froslass|Froslassite\n|-weather|Snowscape|[from] ability: Snow Warning|[of] p2b: Froslass\n|detailschange|p1a: Floette|Floette-Mega, L50, F\n|-mega|p1a: Floette|Floette|Floettite\n|-ability|p1a: Floette|Fairy Aura\n|move|p2a: Lycanroc|Protect|p2a: Lycanroc\n|-singleturn|p2a: Lycanroc|Protect\n|move|p1b: Sneasler|Fling|p2b: Froslass\n|-supereffective|p2b: Froslass|1\n|-damage|p2b: Froslass|81/100\n|-enditem|p1b: Sneasler|King's Rock|[from] move: Fling\n|cant|p2b: Froslass|flinch\n|move|p1a: Floette|Calm Mind|p1a: Floette\n|-boost|p1a: Floette|spa|1\n|-boost|p1a: Floette|spd|1\n|\n|-weather|Snowscape|[upkeep]\n|upkeep\n|turn|2\n|\n|t:|1788365687\n|move|p1b: Sneasler|Coaching|p1a: Floette\n|-boost|p1a: Floette|atk|1\n|-boost|p1a: Floette|def|1\n|move|p2a: Lycanroc|Rock Slide|p1a: Floette|[spread] p1a,p1b\n|-resisted|p1b: Sneasler|1\n|-damage|p1a: Floette|81/100\n|-damage|p1b: Sneasler|75/100\n|move|p2b: Froslass|Blizzard|p1b: Sneasler|[spread] p1a,p1b\n|-crit|p1a: Floette\n|-damage|p1a: Floette|30/100\n|-damage|p1b: Sneasler|14/100\n|-status|p1a: Floette|frz\n|-curestatus|p1a: Floette|frz|[msg]\n|cant|p1a: Floette|flinch\n|\n|-weather|Snowscape|[upkeep]\n|upkeep\n|turn|3\n|inactive|vi623 has 30 seconds left.\n|inactive|randomtieflinggirl has 30 seconds left.\n|inactive|vi623 has 20 seconds left.\n|inactive|vi623 has 15 seconds left.\n|inactive|vi623 has 10 seconds left.\n|\n|t:|1788365737\n|move|p1a: Floette|Protect|p1a: Floette\n|-singleturn|p1a: Floette|Protect\n|move|p2a: Lycanroc|Accelerock|p1a: Floette\n|-activate|p1a: Floette|move: Protect\n|move|p1b: Sneasler|Close Combat|p2a: Lycanroc\n|-supereffective|p2a: Lycanroc|1\n|-enditem|p2a: Lycanroc|Focus Sash\n|-damage|p2a: Lycanroc|1/100\n|-unboost|p1b: Sneasler|def|1\n|-unboost|p1b: Sneasler|spd|1\n|move|p2b: Froslass|Blizzard|p1b: Sneasler|[spread] p1b\n|-activate|p1a: Floette|move: Protect\n|-damage|p1b: Sneasler|0 fnt\n|faint|p1b: Sneasler\n|\n|-weather|Snowscape|[upkeep]\n|upkeep\n|inactive|vi623 has 30 seconds left.\n|\n|t:|1788365770\n|switch|p1b: Venusaur|Venusaur, L50, F, shiny|100/100\n|turn|4\n|\n|t:|1788365777\n|move|p1a: Floette|Protect||[still]\n|-fail|p1a: Floette\n|move|p2a: Lycanroc|Accelerock|p1a: Floette\n|-damage|p1a: Floette|13/100\n|move|p2b: Froslass|Blizzard|p1b: Venusaur|[spread] p1a,p1b\n|-supereffective|p1b: Venusaur|1\n|-damage|p1a: Floette|0 fnt\n|-enditem|p1b: Venusaur|Focus Sash\n|-damage|p1b: Venusaur|1/100\n|faint|p1a: Floette\n|move|p1b: Venusaur|Sleep Powder|p2b: Froslass\n|-status|p2b: Froslass|slp|[from] move: Sleep Powder\n|\n|-weather|Snowscape|[upkeep]\n|upkeep\n|\n|t:|1788365791\n|switch|p1a: Garchomp|Garchomp, L50, F, shiny|100/100\n|turn|5\n|\n|t:|1788365808\n|switch|p2b: Basculegion|Basculegion, L50, M|100/100\n|move|p2a: Lycanroc|Accelerock|p1b: Venusaur\n|-crit|p1b: Venusaur\n|-damage|p1b: Venusaur|0 fnt\n|faint|p1b: Venusaur\n|move|p1a: Garchomp|Rock Slide|p2a: Lycanroc|[spread] p2a\n|-miss|p1a: Garchomp|p2b: Basculegion\n|-damage|p2a: Lycanroc|0 fnt\n|faint|p2a: Lycanroc\n|-damage|p1a: Garchomp|90/100|[from] item: Life Orb\n|\n|-weather|none\n|upkeep\n|\n|t:|1788365823\n|switch|p2a: Sneasler|Sneasler, L50, M|100/100\n|turn|6\n|\n|t:|1788365833\n|switch|p2a: Froslass|Froslass-Mega, L50, F|81/100 slp\n|-weather|Snowscape|[from] ability: Snow Warning|[of] p2a: Froslass\n|move|p1a: Garchomp|Earthquake|p2b: Basculegion|[spread] p2a,p2b\n|-damage|p2a: Froslass|31/100 slp\n|-damage|p2b: Basculegion|41/100\n|-enditem|p2b: Basculegion|Sitrus Berry|[eat]\n|-heal|p2b: Basculegion|65/100|[from] item: Sitrus Berry\n|-damage|p1a: Garchomp|80/100|[from] item: Life Orb\n|move|p2b: Basculegion|Wave Crash|p1a: Garchomp\n|-damage|p1a: Garchomp|0 fnt\n|-damage|p2b: Basculegion|53/100|[from] ability: Rough Skin|[of] p1a: Garchomp\n|faint|p1a: Garchomp\n|-damage|p2b: Basculegion|31/100|[from] Recoil\n|\n|win|randomtieflinggirl\n|raw|vi623's rating: 1107 &rarr; <strong>1080</strong><br />(-27 for losing)\n|raw|randomtieflinggirl's rating: 1082 &rarr; <strong>1112</strong><br />(+30 for winning)\n|l|‽vi623\n|player|p1|\n|c|☆randomtieflinggirl|gg\n","uploadtime":1788365860,"views":"3","formatid":"gen9championsvgc2026regmb","rating":1080,"private":0,"password":null}