{"id":"gen9championsvgc2026regmb-2674363672","format":"[Gen 9 Champions] VGC 2026 Reg M-B","players":["NegaiFreak","Spikeyrs"],"log":"|j|☆NegaiFreak\n|j|☆Spikeyrs\n|t:|1788349270\n|gametype|doubles\n|player|p1|NegaiFreak|102|1405\n|player|p2|Spikeyrs|2|1481\n|gen|9\n|tier|[Gen 9 Champions] VGC 2026 Reg M-B\n|rated|\n|rule|Species Clause: Limit one of each Pokémon\n|rule|Item Clause: Limit 1 of each item\n|clearpoke\n|poke|p1|Pelipper, L50, F|\n|poke|p1|Tinkaton, L50, F|\n|poke|p1|Sneasler, L50, M|\n|poke|p1|Sinistcha, L50|\n|poke|p1|Blastoise, L50, F|\n|poke|p1|Farigiraf, L50, F|\n|poke|p2|Raichu, L50, M|\n|poke|p2|Basculegion, L50, M|\n|poke|p2|Tsareena, L50, F|\n|poke|p2|Garchomp, L50, F|\n|poke|p2|Kingambit, L50, M|\n|poke|p2|Delphox, L50, F|\n|teampreview|4\n|inactive|Battle timer is ON: inactive players will automatically lose when time's up. (requested by NegaiFreak)\n|inactive|Spikeyrs also wants the timer to be on.\n|c|☆NegaiFreak|GLHF\n|c|☆Spikeyrs|glhf\n|inactive|Spikeyrs has 60 seconds left.\n|\n|t:|1788349316\n|teamsize|p1|4\n|teamsize|p2|4\n|start\n|switch|p1a: Tinkaton|Tinkaton, L50, F|100/100\n|switch|p1b: Blastoise|Blastoise, L50, F|100/100\n|switch|p2a: Tsareena|Tsareena, L50, F|100/100\n|switch|p2b: Raichu|Raichu, L50, M|100/100\n|-ability|p1a: Tinkaton|Mold Breaker\n|turn|1\n|\n|t:|1788349341\n|switch|p1a: Sinistcha|Sinistcha, L50|100/100\n|detailschange|p2b: Raichu|Raichu-Mega-Y, L50, M\n|-mega|p2b: Raichu|Raichu|Raichunite Y\n|move|p1b: Blastoise|Protect|p1b: Blastoise\n|-singleturn|p1b: Blastoise|Protect\n|move|p2b: Raichu|Zap Cannon|p1a: Sinistcha\n|-resisted|p1a: Sinistcha|1\n|-damage|p1a: Sinistcha|64/100\n|-status|p1a: Sinistcha|par\n|move|p2a: Tsareena|Power Whip|p1b: Blastoise\n|-activate|p1b: Blastoise|move: Protect\n|\n|upkeep\n|turn|2\n|inactive|NegaiFreak has 30 seconds left.\n|\n|t:|1788349375\n|detailschange|p1b: Blastoise|Blastoise-Mega, L50, F\n|-mega|p1b: Blastoise|Blastoise|Blastoisinite\n|move|p2b: Raichu|Protect|p2b: Raichu\n|-singleturn|p2b: Raichu|Protect\n|move|p1a: Sinistcha|Rage Powder|p1a: Sinistcha\n|-singleturn|p1a: Sinistcha|move: Rage Powder\n|move|p1b: Blastoise|Dark Pulse|p2b: Raichu\n|-activate|p2b: Raichu|move: Protect\n|move|p2a: Tsareena|Triple Axel|p1a: Sinistcha\n|-supereffective|p1a: Sinistcha|1\n|-damage|p1a: Sinistcha|52/100 par\n|-supereffective|p1a: Sinistcha|1\n|-damage|p1a: Sinistcha|27/100 par\n|-enditem|p1a: Sinistcha|Sitrus Berry|[eat]\n|-heal|p1a: Sinistcha|52/100 par|[from] item: Sitrus Berry\n|-supereffective|p1a: Sinistcha|1\n|-damage|p1a: Sinistcha|14/100 par\n|-hitcount|p1a: Sinistcha|3\n|\n|upkeep\n|turn|3\n|inactive|Spikeyrs has 30 seconds left.\n|\n|t:|1788349408\n|switch|p2b: Kingambit|Kingambit, L50, M|100/100\n|cant|p1a: Sinistcha|par\n|move|p1b: Blastoise|Water Spout|p2a: Tsareena|[spread] p2a,p2b\n|-resisted|p2a: Tsareena|1\n|-damage|p2a: Tsareena|68/100\n|-damage|p2b: Kingambit|34/100\n|move|p2a: Tsareena|Power Whip|p1b: Blastoise\n|-supereffective|p1b: Blastoise|1\n|-damage|p1b: Blastoise|0 fnt\n|faint|p1b: Blastoise\n|\n|upkeep\n|\n|t:|1788349423\n|switch|p1b: Tinkaton|Tinkaton, L50, F|100/100\n|-ability|p1b: Tinkaton|Mold Breaker\n|turn|4\n|\n|t:|1788349445\n|move|p1b: Tinkaton|Gigaton Hammer|p2a: Tsareena\n|-damage|p2a: Tsareena|13/100\n|move|p2a: Tsareena|Triple Axel|p1a: Sinistcha\n|-supereffective|p1a: Sinistcha|1\n|-damage|p1a: Sinistcha|1/100 par\n|-supereffective|p1a: Sinistcha|1\n|-damage|p1a: Sinistcha|0 fnt\n|faint|p1a: Sinistcha\n|-hitcount|p1: Sinistcha|2\n|move|p2b: Kingambit|Iron Head|p1b: Tinkaton\n|-damage|p1b: Tinkaton|52/100\n|\n|-heal|p1b: Tinkaton|58/100|[from] item: Leftovers\n|upkeep\n|\n|t:|1788349452\n|switch|p1a: Farigiraf|Farigiraf, L50, F|100/100\n|turn|5\n|\n|t:|1788349470\n|move|p1b: Tinkaton|Play Rough|p2b: Kingambit\n|-damage|p2b: Kingambit|9/100\n|move|p2a: Tsareena|Power Whip|p1a: Farigiraf\n|-damage|p1a: Farigiraf|48/100\n|move|p1a: Farigiraf|Psychic|p2a: Tsareena\n|-damage|p2a: Tsareena|0 fnt\n|faint|p2a: Tsareena\n|move|p2b: Kingambit|Kowtow Cleave|p1a: Farigiraf\n|-supereffective|p1a: Farigiraf|1\n|-crit|p1a: Farigiraf\n|-enditem|p1a: Farigiraf|Colbur Berry|[eat]\n|-enditem|p1a: Farigiraf|Colbur Berry|[weaken]\n|-damage|p1a: Farigiraf|0 fnt\n|faint|p1a: Farigiraf\n|\n|-heal|p1b: Tinkaton|65/100|[from] item: Leftovers\n|upkeep\n|c|☆NegaiFreak|GG\n|\n|t:|1788349486\n|switch|p2a: Raichu|Raichu-Mega-Y, L50, M|100/100\n|turn|6\n|\n|t:|1788349494\n|move|p2a: Raichu|Fake Out|p1b: Tinkaton\n|-resisted|p1b: Tinkaton|1\n|-damage|p1b: Tinkaton|59/100\n|cant|p1b: Tinkaton|flinch\n|move|p2b: Kingambit|Iron Head|p1b: Tinkaton\n|-damage|p1b: Tinkaton|5/100\n|\n|-heal|p1b: Tinkaton|11/100|[from] item: Leftovers\n|upkeep\n|turn|7\n|\n|t:|1788349505\n|move|p2a: Raichu|Zap Cannon|p1b: Tinkaton\n|-damage|p1b: Tinkaton|0 fnt\n|faint|p1b: Tinkaton\n|\n|win|Spikeyrs\n|raw|NegaiFreak's rating: 1405 &rarr; <strong>1389</strong><br />(-16 for losing)\n|raw|Spikeyrs's rating: 1481 &rarr; <strong>1497</strong><br />(+16 for winning)\n|l|☆Spikeyrs\n|player|p2|\n","uploadtime":1788349519,"views":"1","formatid":"gen9championsvgc2026regmb","rating":1389,"private":0,"password":null}