{"id":"gen9championsvgc2026regmb-2674294183","format":"[Gen 9 Champions] VGC 2026 Reg M-B","players":["imnewtothis23","Feddouu"],"log":"|j|☆imnewtothis23\n|j|☆Feddouu\n|t:|1788333923\n|gametype|doubles\n|player|p1|imnewtothis23|169|1487\n|player|p2|Feddouu|102|1569\n|gen|9\n|tier|[Gen 9 Champions] VGC 2026 Reg M-B\n|rated|\n|rule|Species Clause: Limit one of each Pokémon\n|rule|Item Clause: Limit 1 of each item\n|clearpoke\n|poke|p1|Sableye, L50, F|\n|poke|p1|Archaludon, L50, F|\n|poke|p1|Espathra, L50, M|\n|poke|p1|Scovillain, L50, F|\n|poke|p1|Steelix, L50, F|\n|poke|p1|Basculegion, L50, M|\n|poke|p2|Dragonite, L50, F|\n|poke|p2|Sneasler, L50, M|\n|poke|p2|Basculegion, L50, M|\n|poke|p2|Kingambit, L50, M|\n|poke|p2|Garchomp, L50, F|\n|poke|p2|Floette-Eternal, L50, F|\n|teampreview|4\n|\n|t:|1788333940\n|teamsize|p1|4\n|teamsize|p2|4\n|start\n|switch|p1a: Scovillain|Scovillain, L50, F|100/100\n|switch|p1b: Espathra|Espathra, L50, M|100/100\n|switch|p2a: Dragonite|Dragonite, L50, F|100/100\n|switch|p2b: Garchomp|Garchomp, L50, F|100/100\n|turn|1\n|inactive|Battle timer is ON: inactive players will automatically lose when time's up. (requested by Feddouu)\n|\n|t:|1788333962\n|detailschange|p2a: Dragonite|Dragonite-Mega, L50, F\n|-mega|p2a: Dragonite|Dragonite|Dragoninite\n|detailschange|p1a: Scovillain|Scovillain-Mega, L50, F\n|-mega|p1a: Scovillain|Scovillain|Scovillainite\n|move|p1a: Scovillain|Rage Powder|p1a: Scovillain\n|-singleturn|p1a: Scovillain|move: Rage Powder\n|move|p2b: Garchomp|Earthquake|p1a: Scovillain|[spread] p1a,p1b\n|-immune|p2a: Dragonite\n|-damage|p1a: Scovillain|54/100\n|-damage|p1b: Espathra|51/100\n|-status|p2b: Garchomp|brn|[from] ability: Spicy Spray|[of] p1a: Scovillain\n|move|p2a: Dragonite|Heat Wave|p1b: Espathra|[spread] p1a,p1b\n|-damage|p1a: Scovillain|29/100\n|-damage|p1b: Espathra|16/100\n|-status|p2a: Dragonite|brn|[from] ability: Spicy Spray|[of] p1a: Scovillain\n|-enditem|p1b: Espathra|Sitrus Berry|[eat]\n|-heal|p1b: Espathra|41/100|[from] item: Sitrus Berry\n|move|p1b: Espathra|Calm Mind|p1b: Espathra\n|-boost|p1b: Espathra|spa|1\n|-boost|p1b: Espathra|spd|1\n|\n|-damage|p2b: Garchomp|93/100 brn|[from] brn\n|-damage|p2a: Dragonite|94/100 brn|[from] brn\n|-ability|p1b: Espathra|Speed Boost|boost\n|-boost|p1b: Espathra|spe|1\n|upkeep\n|turn|2\n|\n|t:|1788333990\n|switch|p1a: Sableye|Sableye, L50, F|100/100\n|move|p2b: Garchomp|Earthquake|p1b: Espathra|[spread] p1a,p1b\n|-immune|p2a: Dragonite\n|-damage|p1a: Sableye|77/100\n|-damage|p1b: Espathra|17/100\n|move|p1b: Espathra|Baton Pass|p1b: Espathra\n|\n|t:|1788333998\n|switch|p1b: Archaludon|Archaludon, L50, F|100/100|[from] Baton Pass\n|move|p2a: Dragonite|Heat Wave|p1b: Archaludon|[spread] p1a,p1b\n|-damage|p1a: Sableye|37/100\n|-damage|p1b: Archaludon|79/100\n|-ability|p1b: Archaludon|Stamina|boost\n|-boost|p1b: Archaludon|def|1\n|\n|-heal|p1b: Archaludon|85/100|[from] item: Leftovers\n|-damage|p2b: Garchomp|87/100 brn|[from] brn\n|-damage|p2a: Dragonite|88/100 brn|[from] brn\n|upkeep\n|turn|3\n|\n|t:|1788334017\n|move|p1a: Sableye|Light Screen|p1a: Sableye\n|-sidestart|p1: imnewtothis23|move: Light Screen\n|move|p2b: Garchomp|Earthquake|p1a: Sableye|[spread] p1a,p1b\n|-immune|p2a: Dragonite\n|-supereffective|p1b: Archaludon|1\n|-damage|p1a: Sableye|15/100\n|-damage|p1b: Archaludon|61/100\n|-ability|p1b: Archaludon|Stamina|boost\n|-boost|p1b: Archaludon|def|1\n|move|p1b: Archaludon|Dragon Pulse|p2a: Dragonite\n|-supereffective|p2a: Dragonite|1\n|-damage|p2a: Dragonite|0 fnt\n|faint|p2a: Dragonite\n|\n|-heal|p1b: Archaludon|67/100|[from] item: Leftovers\n|-damage|p2b: Garchomp|81/100 brn|[from] brn\n|upkeep\n|\n|t:|1788334028\n|switch|p2a: Sneasler|Sneasler, L50, M|100/100\n|turn|4\n|\n|t:|1788334042\n|switch|p2b: Kingambit|Kingambit, L50, M|100/100\n|move|p1b: Archaludon|Protect|p1b: Archaludon\n|-singleturn|p1b: Archaludon|Protect\n|move|p1a: Sableye|Reflect|p1a: Sableye\n|-sidestart|p1: imnewtothis23|Reflect\n|move|p2a: Sneasler|Close Combat|p1b: Archaludon\n|-activate|p1b: Archaludon|move: Protect\n|\n|-heal|p1b: Archaludon|73/100|[from] item: Leftovers\n|upkeep\n|turn|5\n|\n|t:|1788334055\n|move|p1a: Sableye|Rain Dance|p1a: Sableye\n|-weather|RainDance\n|move|p2a: Sneasler|Close Combat|p1b: Archaludon\n|-supereffective|p1b: Archaludon|1\n|-damage|p1b: Archaludon|34/100\n|-unboost|p2a: Sneasler|def|1\n|-unboost|p2a: Sneasler|spd|1\n|-ability|p1b: Archaludon|Stamina|boost\n|-boost|p1b: Archaludon|def|1\n|move|p1b: Archaludon|Electro Shot||[still]\n|-prepare|p1b: Archaludon|Electro Shot\n|-boost|p1b: Archaludon|spa|1\n|-anim|p1b: Archaludon|Electro Shot|p2a: Sneasler\n|-enditem|p2a: Sneasler|Focus Sash\n|-damage|p2a: Sneasler|1/100\n|move|p2b: Kingambit|Low Kick|p1b: Archaludon\n|-supereffective|p1b: Archaludon|1\n|-damage|p1b: Archaludon|19/100\n|-ability|p1b: Archaludon|Stamina|boost\n|-boost|p1b: Archaludon|def|1\n|\n|-weather|RainDance|[upkeep]\n|-heal|p1b: Archaludon|25/100|[from] item: Leftovers\n|upkeep\n|turn|6\n|\n|t:|1788334075\n|switch|p1a: Scovillain|Scovillain-Mega, L50, F|29/100\n|move|p1b: Archaludon|Protect|p1b: Archaludon\n|-singleturn|p1b: Archaludon|Protect\n|move|p2b: Kingambit|Sucker Punch||[still]\n|-fail|p2b: Kingambit\n|move|p2a: Sneasler|Close Combat|p1b: Archaludon\n|-activate|p1b: Archaludon|move: Protect\n|\n|-weather|RainDance|[upkeep]\n|-heal|p1b: Archaludon|31/100|[from] item: Leftovers\n|upkeep\n|turn|7\n|\n|t:|1788334090\n|move|p1a: Scovillain|Rage Powder|p1a: Scovillain\n|-singleturn|p1a: Scovillain|move: Rage Powder\n|move|p2a: Sneasler|Close Combat|p1a: Scovillain\n|-damage|p1a: Scovillain|0 fnt\n|-unboost|p2a: Sneasler|def|1\n|-unboost|p2a: Sneasler|spd|1\n|-status|p2a: Sneasler|brn|[from] ability: Spicy Spray|[of] p1a: Scovillain\n|faint|p1a: Scovillain\n|move|p1b: Archaludon|Electro Shot||[still]\n|-prepare|p1b: Archaludon|Electro Shot\n|-boost|p1b: Archaludon|spa|1\n|-anim|p1b: Archaludon|Electro Shot|p2b: Kingambit\n|-damage|p2b: Kingambit|0 fnt\n|faint|p2b: Kingambit\n|\n|-weather|RainDance|[upkeep]\n|-heal|p1b: Archaludon|37/100|[from] item: Leftovers\n|-damage|p2a: Sneasler|0 fnt|[from] brn\n|faint|p2a: Sneasler\n|upkeep\n|\n|t:|1788334106\n|switch|p1a: Espathra|Espathra, L50, M|17/100\n|switch|p2b: Garchomp|Garchomp, L50, F|81/100 brn\n|turn|8\n|\n|t:|1788334112\n|move|p2b: Garchomp|Earthquake|p1a: Espathra|[spread] p1a,p1b\n|-supereffective|p1b: Archaludon|1\n|-damage|p1a: Espathra|2/100\n|-damage|p1b: Archaludon|29/100\n|-ability|p1b: Archaludon|Stamina|boost\n|-boost|p1b: Archaludon|def|1\n|move|p1b: Archaludon|Dragon Pulse|p2b: Garchomp\n|-supereffective|p2b: Garchomp|1\n|-damage|p2b: Garchomp|0 fnt\n|faint|p2b: Garchomp\n|\n|win|imnewtothis23\n|raw|imnewtothis23's rating: 1487 &rarr; <strong>1512</strong><br />(+25 for winning)\n|raw|Feddouu's rating: 1569 &rarr; <strong>1544</strong><br />(-25 for losing)\n|l|☆Feddouu\n|player|p2|\n","uploadtime":1788334152,"views":"17","formatid":"gen9championsvgc2026regmb","rating":1512,"private":0,"password":null}