{"id":"gen9championsvgc2026regmbbo3-2674390281","format":"[Gen 9 Champions] VGC 2026 Reg M-B (Bo3)","players":["raksbach","CennaSans1"],"log":"|j|☆raksbach\n|j|☆CennaSans1\n|html|<table width=\"100%\"><tr><td align=\"left\">raksbach</td><td align=\"right\">CennaSans1</tr><tr><td align=\"left\"><i class=\"fa fa-circle-o\"></i> <i class=\"fa fa-circle-o\"></i> </td><td align=\"right\"><i class=\"fa fa-circle-o\"></i> <i class=\"fa fa-circle-o\"></i> </tr></table>\n|uhtml|bestof|<h2><strong>Game 1</strong> of <a href=\"/game-bestof3-gen9championsvgc2026regmbbo3-2674390280\">a best-of-3</a></h2>\n|t:|1788353614\n|gametype|doubles\n|player|p1|raksbach|doubleteam|1194\n|player|p2|CennaSans1|266|1074\n|gen|9\n|tier|[Gen 9 Champions] VGC 2026 Reg M-B (Bo3)\n|rated|\n|rule|Species Clause: Limit one of each Pokémon\n|rule|Item Clause: Limit 1 of each item\n|clearpoke\n|poke|p1|Dragonite, L50, F|\n|poke|p1|Sneasler, L50, M|\n|poke|p1|Basculegion, L50, M|\n|poke|p1|Kingambit, L50, M|\n|poke|p1|Garchomp, L50, F|\n|poke|p1|Floette-Eternal, L50, F|\n|poke|p2|Blastoise, L50, M|\n|poke|p2|Pelipper, L50, M|\n|poke|p2|Archaludon, L50, M, shiny|\n|poke|p2|Basculegion, L50, M|\n|poke|p2|Vivillon-Pokeball, L50, F|\n|poke|p2|Toxapex, L50, M, shiny|\n|teampreview|4\n|showteam|p1|Dragonite||Dragoninite|Multiscale|DragonPulse,HeatWave,ExtremeSpeed,Protect|Modest||F|||50|]Sneasler||FocusSash|PoisonTouch|CloseCombat,DireClaw,FakeOut,Feint|Jolly||M|||50|]Basculegion||LifeOrb|Adaptability|WaveCrash,LastRespects,AquaJet,Protect|Adamant||M|||50|]Kingambit||ChopleBerry|Defiant|SuckerPunch,KowtowCleave,LowKick,IronHead|Adamant||M|||50|]Garchomp||ChoiceScarf|RoughSkin|DragonClaw,StompingTantrum,Earthquake,RockSlide|Adamant||F|||50|]Floette-Eternal||Floettite|FlowerVeil|Moonblast,DazzlingGleam,LightofRuin,Protect|Timid||F|||50|\n|showteam|p2|Blastoise||Blastoisinite|Torrent|WaterSpout,HydroPump,Protect,ShellSmash|Modest||M|||50|]Pelipper||FocusSash|Drizzle|Tailwind,Protect,Hurricane,WeatherBall|Timid||M|||50|]Archaludon||Leftovers|Stamina|ElectroShot,Protect,DragonPulse,FlashCannon|Calm||M|||50|]Basculegion||LifeOrb|SwiftSwim|AquaJet,LastRespects,WaveCrash,Protect|Careful||M|||50|]Vivillon-Pokeball||ChoiceScarf|CompoundEyes|SleepPowder,Tailwind,RagePowder,Uturn|Naive||F|||50|]Toxapex||SitrusBerry|Regenerator|BanefulBunker,Toxic,Infestation,Recover|Impish||M|||50|\n|inactive|Battle timer is ON: inactive players will automatically lose when time's up. (requested by raksbach)\n|inactive|raksbach has 60 seconds left.\n|\n|t:|1788353660\n|teamsize|p1|4\n|teamsize|p2|4\n|start\n|switch|p1a: Sneasler|Sneasler, L50, M|100/100\n|switch|p1b: Kingambit|Kingambit, L50, M|100/100\n|switch|p2a: Blastoise|Blastoise, L50, M|100/100\n|switch|p2b: Vivillon|Vivillon-Pokeball, L50, F|100/100\n|turn|1\n|\n|t:|1788353682\n|move|p1a: Sneasler|Fake Out|p2b: Vivillon\n|-damage|p2b: Vivillon|78/100\n|cant|p2b: Vivillon|flinch\n|move|p2a: Blastoise|Shell Smash|p2a: Blastoise\n|-unboost|p2a: Blastoise|def|1\n|-unboost|p2a: Blastoise|spd|1\n|-boost|p2a: Blastoise|atk|2\n|-boost|p2a: Blastoise|spa|2\n|-boost|p2a: Blastoise|spe|2\n|move|p1b: Kingambit|Kowtow Cleave|p2b: Vivillon\n|-damage|p2b: Vivillon|1/100\n|\n|upkeep\n|turn|2\n|\n|t:|1788353700\n|switch|p2b: Pelipper|Pelipper, L50, M|100/100\n|-weather|RainDance|[from] ability: Drizzle|[of] p2b: Pelipper\n|detailschange|p2a: Blastoise|Blastoise-Mega, L50, M\n|-mega|p2a: Blastoise|Blastoise|Blastoisinite\n|move|p1a: Sneasler|Feint|p2b: Pelipper\n|-damage|p2b: Pelipper|87/100\n|move|p1b: Kingambit|Sucker Punch|p2a: Blastoise\n|-damage|p2a: Blastoise|44/100\n|move|p2a: Blastoise|Water Spout|p1a: Sneasler|[spread] p1a,p1b\n|-enditem|p1a: Sneasler|Focus Sash\n|-damage|p1a: Sneasler|1/100\n|-damage|p1b: Kingambit|24/100\n|\n|-weather|RainDance|[upkeep]\n|upkeep\n|turn|3\n|\n|t:|1788353720\n|move|p2a: Blastoise|Protect|p2a: Blastoise\n|-singleturn|p2a: Blastoise|Protect\n|move|p1b: Kingambit|Sucker Punch||[still]\n|-fail|p1b: Kingambit\n|move|p1a: Sneasler|Dire Claw|p2b: Pelipper\n|-damage|p2b: Pelipper|40/100\n|move|p2b: Pelipper|Weather Ball|p1b: Kingambit\n|-damage|p1b: Kingambit|0 fnt\n|faint|p1b: Kingambit\n|\n|-weather|RainDance|[upkeep]\n|upkeep\n|\n|t:|1788353732\n|switch|p1b: Basculegion|Basculegion, L50, M|100/100\n|turn|4\n|\n|t:|1788353742\n|move|p1b: Basculegion|Aqua Jet|p2a: Blastoise\n|-resisted|p2a: Blastoise|1\n|-damage|p2a: Blastoise|5/100\n|-damage|p1b: Basculegion|90/100|[from] item: Life Orb\n|move|p2a: Blastoise|Hydro Pump|p1b: Basculegion|[miss]\n|-miss|p2a: Blastoise|p1b: Basculegion\n|move|p1a: Sneasler|Dire Claw|p2b: Pelipper\n|-damage|p2b: Pelipper|0 fnt\n|faint|p2b: Pelipper\n|\n|-weather|RainDance|[upkeep]\n|upkeep\n|\n|t:|1788353759\n|switch|p2b: Vivillon|Vivillon-Pokeball, L50, F|1/100\n|turn|5\n|\n|t:|1788353775\n|move|p2b: Vivillon|Rage Powder|p2b: Vivillon\n|-singleturn|p2b: Vivillon|move: Rage Powder\n|move|p1a: Sneasler|Feint|p2b: Vivillon\n|-damage|p2b: Vivillon|0 fnt\n|faint|p2b: Vivillon\n|move|p1b: Basculegion|Aqua Jet|p2a: Blastoise\n|-resisted|p2a: Blastoise|1\n|-damage|p2a: Blastoise|0 fnt\n|faint|p2a: Blastoise\n|-damage|p1b: Basculegion|80/100|[from] item: Life Orb\n|\n|-weather|RainDance|[upkeep]\n|upkeep\n|\n|t:|1788353786\n|switch|p2a: Toxapex|Toxapex, L50, M, shiny|100/100\n|turn|6\n|\n|t:|1788353803\n|move|p1a: Sneasler|Close Combat|p2a: Toxapex\n|-resisted|p2a: Toxapex|1\n|-damage|p2a: Toxapex|76/100\n|-unboost|p1a: Sneasler|def|1\n|-unboost|p1a: Sneasler|spd|1\n|move|p1b: Basculegion|Last Respects|p2a: Toxapex\n|-damage|p2a: Toxapex|18/100\n|-enditem|p2a: Toxapex|Sitrus Berry|[eat]\n|-heal|p2a: Toxapex|43/100|[from] item: Sitrus Berry\n|-damage|p1b: Basculegion|71/100|[from] item: Life Orb\n|move|p2a: Toxapex|Toxic|p1b: Basculegion\n|-status|p1b: Basculegion|tox\n|\n|-weather|none\n|-damage|p1b: Basculegion|65/100 tox|[from] psn\n|upkeep\n|turn|7\n|\n|t:|1788353827\n|move|p2a: Toxapex|Baneful Bunker|p2a: Toxapex\n|-singleturn|p2a: Toxapex|move: Protect\n|move|p1a: Sneasler|Feint|p2a: Toxapex\n|-activate|p2a: Toxapex|move: Feint\n|-damage|p2a: Toxapex|34/100\n|move|p1b: Basculegion|Last Respects|p2a: Toxapex\n|-damage|p2a: Toxapex|0 fnt\n|faint|p2a: Toxapex\n|-damage|p1b: Basculegion|55/100 tox|[from] item: Life Orb\n|\n|win|raksbach\n","uploadtime":1788353827,"views":"0","formatid":"gen9championsvgc2026regmbbo3","rating":null,"private":0,"password":null}