{"id":"gen9championsvgc2026regmb-2674819939","format":"[Gen 9 Champions] VGC 2026 Reg M-B","players":["thesean37","Oyerrr."],"log":"|j|☆thesean37\n|j|☆Oyerrr.\n|t:|1788413540\n|gametype|doubles\n|player|p1|thesean37|gentleman-gen4|1551\n|player|p2|Oyerrr.|101|1488\n|gen|9\n|tier|[Gen 9 Champions] VGC 2026 Reg M-B\n|rated|\n|rule|Species Clause: Limit one of each Pokémon\n|rule|Item Clause: Limit 1 of each item\n|clearpoke\n|poke|p1|Tyranitar, L50, M, shiny|\n|poke|p1|Talonflame, L50, M, shiny|\n|poke|p1|Meowscarada, L50, M, shiny|\n|poke|p1|Milotic, L50, F, shiny|\n|poke|p1|Raichu, L50, F, shiny|\n|poke|p1|Tsareena, L50, F, shiny|\n|poke|p2|Charizard, L50, M, shiny|\n|poke|p2|Grimmsnarl, L50, M, shiny|\n|poke|p2|Pelipper, L50, M, shiny|\n|poke|p2|Archaludon, L50, M, shiny|\n|poke|p2|Venusaur, L50, M, shiny|\n|poke|p2|Swampert, L50, M, shiny|\n|teampreview|4\n|inactive|Battle timer is ON: inactive players will automatically lose when time's up. (requested by Oyerrr.)\n|\n|t:|1788413668\n|teamsize|p1|4\n|teamsize|p2|4\n|start\n|switch|p1a: Talonted|Talonflame, L50, M, shiny|100/100\n|switch|p1b: Royal Pain|Tsareena, L50, F, shiny|100/100\n|switch|p2a: Venusaur|Venusaur, L50, M, shiny|100/100\n|switch|p2b: Charizard|Charizard, L50, M, shiny|100/100\n|turn|1\n|inactive|Oyerrr. has 30 seconds left.\n|\n|t:|1788413701\n|switch|p2a: Archaludon|Archaludon, L50, M, shiny|100/100\n|detailschange|p2b: Charizard|Charizard-Mega-Y, L50, M, shiny\n|-mega|p2b: Charizard|Charizard|Charizardite Y\n|-weather|SunnyDay|[from] ability: Drought|[of] p2b: Charizard\n|move|p1a: Talonted|Protect|p1a: Talonted\n|-singleturn|p1a: Talonted|Protect\n|move|p1b: Royal Pain|Protect|p1b: Royal Pain\n|-singleturn|p1b: Royal Pain|Protect\n|move|p2b: Charizard|Heat Wave|p1a: Talonted|[spread] \n|-activate|p1a: Talonted|move: Protect\n|-activate|p1b: Royal Pain|move: Protect\n|\n|-weather|SunnyDay|[upkeep]\n|upkeep\n|turn|2\n|inactive|thesean37 has 30 seconds left.\n|inactive|Oyerrr. has 30 seconds left.\n|inactive|thesean37 has 20 seconds left.\n|\n|t:|1788413746\n|switch|p1b: Ragna Rock|Tyranitar, L50, M, shiny|100/100\n|-weather|Sandstorm|[from] ability: Sand Stream|[of] p1b: Ragna Rock\n|move|p1a: Talonted|Tailwind|p1a: Talonted\n|-sidestart|p1: thesean37|move: Tailwind\n|move|p2b: Charizard|Heat Wave|p1b: Ragna Rock|[spread] p1a,p1b\n|-resisted|p1a: Talonted|1\n|-resisted|p1b: Ragna Rock|1\n|-damage|p1a: Talonted|66/100\n|-damage|p1b: Ragna Rock|86/100\n|-status|p1b: Ragna Rock|brn\n|move|p2a: Archaludon|Flash Cannon|p1b: Ragna Rock\n|-supereffective|p1b: Ragna Rock|1\n|-damage|p1b: Ragna Rock|41/100 brn\n|\n|-weather|Sandstorm|[upkeep]\n|-damage|p1a: Talonted|60/100|[from] Sandstorm\n|-damage|p2b: Charizard|93/100|[from] Sandstorm\n|-damage|p1b: Ragna Rock|35/100 brn|[from] brn\n|upkeep\n|turn|3\n|inactive|Oyerrr. has 30 seconds left.\n|inactive|thesean37 has 30 seconds left.\n|inactive|Oyerrr. has 20 seconds left.\n|\n|t:|1788413783\n|move|p1a: Talonted|Protect|p1a: Talonted\n|-singleturn|p1a: Talonted|Protect\n|move|p2b: Charizard|Protect|p2b: Charizard\n|-singleturn|p2b: Charizard|Protect\n|move|p1b: Ragna Rock|Rock Slide|p2b: Charizard|[spread] p2a\n|-activate|p2b: Charizard|move: Protect\n|-resisted|p2a: Archaludon|1\n|-damage|p2a: Archaludon|94/100\n|-ability|p2a: Archaludon|Stamina|boost\n|-boost|p2a: Archaludon|def|1\n|move|p2a: Archaludon|Flash Cannon|p1b: Ragna Rock\n|-supereffective|p1b: Ragna Rock|1\n|-damage|p1b: Ragna Rock|0 fnt\n|faint|p1b: Ragna Rock\n|\n|-weather|Sandstorm|[upkeep]\n|-damage|p1a: Talonted|54/100|[from] Sandstorm\n|-damage|p2b: Charizard|87/100|[from] Sandstorm\n|-heal|p2a: Archaludon|100/100|[from] item: Leftovers\n|upkeep\n|\n|t:|1788413798\n|switch|p1b: Bless You|Raichu, L50, F, shiny|100/100\n|turn|4\n|inactive|Oyerrr. has 30 seconds left.\n|\n|t:|1788413829\n|switch|p2b: Venusaur|Venusaur, L50, M, shiny|100/100\n|detailschange|p1b: Bless You|Raichu-Mega-Y, L50, F, shiny\n|-mega|p1b: Bless You|Raichu|Raichunite Y\n|move|p1b: Bless You|Nasty Plot|p1b: Bless You\n|-boost|p1b: Bless You|spa|2\n|move|p1a: Talonted|Dual Wingbeat|p2b: Venusaur|[miss]\n|-miss|p1a: Talonted|p2b: Venusaur\n|move|p2a: Archaludon|Dragon Pulse|p1b: Bless You\n|-damage|p1b: Bless You|47/100\n|\n|-weather|Sandstorm|[upkeep]\n|-damage|p1b: Bless You|41/100|[from] Sandstorm\n|-damage|p1a: Talonted|49/100|[from] Sandstorm\n|-damage|p2b: Venusaur|94/100|[from] Sandstorm\n|upkeep\n|turn|5\n|inactive|thesean37 has 30 seconds left.\n|inactive|Oyerrr. has 30 seconds left.\n|inactive|Oyerrr. has 20 seconds left.\n|\n|t:|1788413866\n|move|p1b: Bless You|Protect|p1b: Bless You\n|-singleturn|p1b: Bless You|Protect\n|move|p1a: Talonted|Protect|p1a: Talonted\n|-singleturn|p1a: Talonted|Protect\n|move|p2b: Venusaur|Protect|p2b: Venusaur\n|-singleturn|p2b: Venusaur|Protect\n|move|p2a: Archaludon|Protect||[still]\n|-fail|p2a: Archaludon\n|\n|-weather|Sandstorm|[upkeep]\n|-damage|p1b: Bless You|35/100|[from] Sandstorm\n|-damage|p1a: Talonted|43/100|[from] Sandstorm\n|-damage|p2b: Venusaur|88/100|[from] Sandstorm\n|-sideend|p1: thesean37|move: Tailwind\n|upkeep\n|turn|6\n|inactive|thesean37 has 30 seconds left.\n|inactive|thesean37 has 20 seconds left.\n|inactive|thesean37 has 15 seconds left.\n|\n|t:|1788413907\n|switch|p2a: Charizard|Charizard-Mega-Y, L50, M, shiny|87/100\n|-weather|SunnyDay|[from] ability: Drought|[of] p2a: Charizard\n|move|p2b: Venusaur|Sludge Bomb|p1b: Bless You\n|-damage|p1b: Bless You|0 fnt\n|faint|p1b: Bless You\n|move|p1a: Talonted|Tailwind|p1a: Talonted\n|-sidestart|p1: thesean37|move: Tailwind\n|\n|-weather|SunnyDay|[upkeep]\n|upkeep\n|\n|t:|1788413914\n|switch|p1b: Royal Pain|Tsareena, L50, F, shiny|100/100\n|turn|7\n|\n|t:|1788413927\n|switch|p2b: Archaludon|Archaludon, L50, M, shiny|100/100\n|move|p1a: Talonted|Dual Wingbeat|p2b: Archaludon\n|-resisted|p2b: Archaludon|1\n|-damage|p2b: Archaludon|94/100\n|-ability|p2b: Archaludon|Stamina|boost\n|-boost|p2b: Archaludon|def|1\n|-resisted|p2b: Archaludon|1\n|-damage|p2b: Archaludon|90/100\n|-ability|p2b: Archaludon|Stamina|boost\n|-boost|p2b: Archaludon|def|1\n|-hitcount|p2b: Archaludon|2\n|move|p1b: Royal Pain|Triple Axel|p2a: Charizard\n|-damage|p2a: Charizard|79/100\n|-damage|p2a: Charizard|62/100\n|-damage|p2a: Charizard|40/100\n|-hitcount|p2a: Charizard|3\n|move|p2a: Charizard|Weather Ball|p1b: Royal Pain\n|-supereffective|p1b: Royal Pain|1\n|-damage|p1b: Royal Pain|0 fnt\n|faint|p1b: Royal Pain\n|\n|-weather|SunnyDay|[upkeep]\n|-heal|p2b: Archaludon|96/100|[from] item: Leftovers\n|upkeep\n|turn|8\n|-message|thesean37 forfeited.\n|\n|win|Oyerrr.\n|raw|thesean37's rating: 1551 &rarr; <strong>1527</strong><br />(-24 for losing)\n|raw|Oyerrr.'s rating: 1488 &rarr; <strong>1512</strong><br />(+24 for winning)\n|l|☆thesean37\n|player|p1|\n","uploadtime":1788413947,"views":"0","formatid":"gen9championsvgc2026regmb","rating":1512,"private":0,"password":null}