{"id":"gen9championsvgc2026regmb-2673869538","format":"[Gen 9 Champions] VGC 2026 Reg M-B","players":["Thornlace48812","uhgbvb"],"log":"|j|☆Thornlace48812\n|j|☆uhgbvb\n|t:|1788271003\n|gametype|doubles\n|player|p1|Thornlace48812|102|1125\n|player|p2|uhgbvb|ghetsis|1195\n|gen|9\n|tier|[Gen 9 Champions] VGC 2026 Reg M-B\n|rated|\n|rule|Species Clause: Limit one of each Pokémon\n|rule|Item Clause: Limit 1 of each item\n|clearpoke\n|poke|p1|Garchomp, L50, F|\n|poke|p1|Charizard, L50, M|\n|poke|p1|Whimsicott, L50, M|\n|poke|p1|Sylveon, L50, M|\n|poke|p1|Kingambit, L50, F|\n|poke|p1|Basculegion, L50, M|\n|poke|p2|Floette-Eternal, L50, F|\n|poke|p2|Garchomp, L50, F|\n|poke|p2|Gholdengo, L50|\n|poke|p2|Scovillain, L50, M|\n|poke|p2|Kangaskhan, L50, F|\n|poke|p2|Ceruledge, L50, M|\n|teampreview|4\n|inactive|Battle timer is ON: inactive players will automatically lose when time's up. (requested by Thornlace48812)\nThornlace48812 rejected open team sheets.\n|inactive|uhgbvb has 60 seconds left.\n|inactive|uhgbvb has 30 seconds left.\n|\n|t:|1788271072\n|teamsize|p1|4\n|teamsize|p2|4\n|start\n|switch|p1a: Charizard|Charizard, L50, M|100/100\n|switch|p1b: Whimsicott|Whimsicott, L50, M|100/100\n|switch|p2a: Scovillain|Scovillain, L50, M|100/100\n|switch|p2b: Kangaskhan|Kangaskhan, L50, F|100/100\n|turn|1\n|\n|t:|1788271086\n|switch|p2a: Ceruledge|Ceruledge, L50, M|100/100\n|detailschange|p1a: Charizard|Charizard-Mega-Y, L50, M\n|-mega|p1a: Charizard|Charizard|Charizardite Y\n|-weather|SunnyDay|[from] ability: Drought|[of] p1a: Charizard\n|move|p2b: Kangaskhan|Fake Out|p1b: Whimsicott\n|-damage|p1b: Whimsicott|72/100\n|cant|p1b: Whimsicott|flinch\n|move|p1a: Charizard|Heat Wave|p2a: Ceruledge|[spread] p2b\n|-start|p2a: Ceruledge|ability: Flash Fire\n|-damage|p2b: Kangaskhan|25/100\n|-enditem|p2b: Kangaskhan|Sitrus Berry|[eat]\n|-heal|p2b: Kangaskhan|50/100g|[from] item: Sitrus Berry\n|\n|-weather|SunnyDay|[upkeep]\n|upkeep\n|turn|2\n|inactive|uhgbvb has 30 seconds left.\n|\n|t:|1788271116\n|move|p1b: Whimsicott|Encore|p2b: Kangaskhan\n|-start|p2b: Kangaskhan|Encore\n|move|p2b: Kangaskhan|Fake Out||[still]\n|-hint|Fake Out only works on your first turn out.\n|-fail|p2b: Kangaskhan\n|move|p2a: Ceruledge|Shadow Sneak|p1a: Charizard\n|-damage|p1a: Charizard|75/100\n|move|p1a: Charizard|Heat Wave|p2b: Kangaskhan|[spread] p2b\n|-immune|p2a: Ceruledge|[from] ability: Flash Fire\n|-damage|p2b: Kangaskhan|0 fnt\n|faint|p2b: Kangaskhan\n|\n|-weather|SunnyDay|[upkeep]\n|upkeep\n|\n|t:|1788271125\n|switch|p2b: Garchomp|Garchomp, L50, F|100/100\n|turn|3\n|\n|t:|1788271130\n|move|p1b: Whimsicott|Protect|p1b: Whimsicott\n|-singleturn|p1b: Whimsicott|Protect\n|move|p1a: Charizard|Protect|p1a: Charizard\n|-singleturn|p1a: Charizard|Protect\n|move|p2b: Garchomp|Rock Slide|p1a: Charizard|[spread] \n|-activate|p1a: Charizard|move: Protect\n|-activate|p1b: Whimsicott|move: Protect\n|move|p2a: Ceruledge|Bitter Blade|p1b: Whimsicott\n|-activate|p1b: Whimsicott|move: Protect\n|\n|-weather|SunnyDay|[upkeep]\n|upkeep\n|turn|4\n|\n|t:|1788271146\n|move|p1b: Whimsicott|Moonblast|p2b: Garchomp\n|-supereffective|p2b: Garchomp|1\n|-damage|p2b: Garchomp|14/100\n|move|p2b: Garchomp|Rock Slide|p1a: Charizard|[spread] p1a,p1b\n|-supereffective|p1a: Charizard|2\n|-damage|p1a: Charizard|0 fnt\n|-damage|p1b: Whimsicott|32/100\n|faint|p1a: Charizard\n|-damage|p2b: Garchomp|4/100|[from] item: Life Orb\n|move|p2a: Ceruledge|Bitter Blade|p1b: Whimsicott\n|-supereffective|p1b: Whimsicott|1\n|-damage|p1b: Whimsicott|0 fnt\n|faint|p1b: Whimsicott\n|\n|-weather|SunnyDay|[upkeep]\n|upkeep\n|\n|t:|1788271146\n|switch|p1b: Basculegion|Basculegion, L50, M|100/100\n|switch|p1a: Sylveon|Sylveon, L50, M|100/100\n|turn|5\n|\n|t:|1788271168\n|move|p2a: Ceruledge|Protect|p2a: Ceruledge\n|-singleturn|p2a: Ceruledge|Protect\n|move|p1b: Basculegion|Aqua Jet|p2a: Ceruledge\n|-activate|p2a: Ceruledge|move: Protect\n|move|p2b: Garchomp|Stomping Tantrum|p1b: Basculegion\n|-damage|p1b: Basculegion|43/100\n|-damage|p2b: Garchomp|0 fnt|[from] item: Life Orb\n|faint|p2b: Garchomp\n|move|p1a: Sylveon|Hyper Voice|p2a: Ceruledge\n|-activate|p2a: Ceruledge|move: Protect\n|\n|-weather|none\n|upkeep\n|\n|t:|1788271180\n|switch|p2b: Scovillain|Scovillain, L50, M|100/100\n|turn|6\n|\n|t:|1788271184\n|detailschange|p2b: Scovillain|Scovillain-Mega, L50, M\n|-mega|p2b: Scovillain|Scovillain|Scovillainite\n|move|p1a: Sylveon|Detect|p1a: Sylveon\n|-singleturn|p1a: Sylveon|Protect\n|move|p2b: Scovillain|Rage Powder|p2b: Scovillain\n|-singleturn|p2b: Scovillain|move: Rage Powder\n|move|p2a: Ceruledge|Bitter Blade|p1a: Sylveon\n|-activate|p1a: Sylveon|move: Protect\n|move|p1b: Basculegion|Last Respects|p2b: Scovillain\n|-damage|p2b: Scovillain|0 fnt\n|-status|p1b: Basculegion|brn|[from] ability: Spicy Spray|[of] p2b: Scovillain\n|faint|p2b: Scovillain\n|\n|-damage|p1b: Basculegion|37/100 brn|[from] brn\n|upkeep\n|turn|7\n|\n|t:|1788271196\n|move|p2a: Ceruledge|Shadow Sneak|p1b: Basculegion\n|-supereffective|p1b: Basculegion|1\n|-damage|p1b: Basculegion|0 fnt\n|faint|p1b: Basculegion\n|move|p1a: Sylveon|Quick Attack|p2a: Ceruledge\n|-resisted|p2a: Ceruledge|1\n|-crit|p2a: Ceruledge\n|-damage|p2a: Ceruledge|85/100\n|\n|upkeep\n|turn|8\n|\n|t:|1788271201\n|move|p2a: Ceruledge|Bitter Blade|p1a: Sylveon\n|-damage|p1a: Sylveon|3/100\n|-heal|p2a: Ceruledge|100/100|[from] drain|[of] p1a: Sylveon\n|move|p1a: Sylveon|Hyper Beam|p2a: Ceruledge\n|-resisted|p2a: Ceruledge|1\n|-damage|p2a: Ceruledge|33/100\n|-mustrecharge|p1a: Sylveon\n|\n|upkeep\n|turn|9\n|\n|t:|1788271213\n|move|p2a: Ceruledge|Shadow Sneak|p1a: Sylveon\n|-damage|p1a: Sylveon|0 fnt\n|faint|p1a: Sylveon\n|\n|win|uhgbvb\n|raw|Thornlace48812's rating: 1190 &rarr; <strong>1165</strong><br />(-25 for losing)\n|raw|uhgbvb's rating: 1195 &rarr; <strong>1220</strong><br />(+25 for winning)\n","uploadtime":1788271213,"views":"0","formatid":"gen9championsvgc2026regmb","rating":1165,"private":0,"password":null}