{"id":"gen9championsvgc2026regmb-2674518115","format":"[Gen 9 Champions] VGC 2026 Reg M-B","players":["gexulus","eggtophat27"],"log":"|j|☆gexulus\n|j|☆eggtophat27\n|t:|1788369202\n|gametype|doubles\n|player|p1|gexulus|265|1457\n|player|p2|eggtophat27|101|1476\n|gen|9\n|tier|[Gen 9 Champions] VGC 2026 Reg M-B\n|rated|\n|rule|Species Clause: Limit one of each Pokémon\n|rule|Item Clause: Limit 1 of each item\n|clearpoke\n|poke|p1|Sneasler, L50, F|\n|poke|p1|Floette-Eternal, L50, F|\n|poke|p1|Whimsicott, L50, F|\n|poke|p1|Staraptor, L50, M|\n|poke|p1|Incineroar, L50, M|\n|poke|p1|Rotom-Wash, L50|\n|poke|p2|Blastoise, L50, M|\n|poke|p2|Delphox, L50, F|\n|poke|p2|Sneasler, L50, M|\n|poke|p2|Kingambit, L50, F|\n|poke|p2|Sinistcha, L50|\n|poke|p2|Incineroar, L50, M|\n|teampreview|4\n|inactive|Battle timer is ON: inactive players will automatically lose when time's up. (requested by eggtophat27)\n|\n|t:|1788369215\n|teamsize|p1|4\n|teamsize|p2|4\n|start\n|switch|p1a: RoboBurger|Rotom-Wash, L50|100/100\n|switch|p1b: Bina|Sneasler, L50, F|100/100\n|switch|p2a: Sneasler|Sneasler, L50, M|100/100\n|switch|p2b: Blastoise|Blastoise, L50, M|100/100\n|turn|1\n|\n|t:|1788369225\n|detailschange|p2b: Blastoise|Blastoise-Mega, L50, M\n|-mega|p2b: Blastoise|Blastoise|Blastoisinite\n|move|p2a: Sneasler|Fake Out|p1a: RoboBurger\n|-damage|p1a: RoboBurger|82/100\n|cant|p1a: RoboBurger|flinch\n|move|p1b: Bina|Dire Claw|p2b: Blastoise\n|-damage|p2b: Blastoise|56/100\n|move|p2b: Blastoise|Shell Smash|p2b: Blastoise\n|-unboost|p2b: Blastoise|def|1\n|-unboost|p2b: Blastoise|spd|1\n|-boost|p2b: Blastoise|atk|2\n|-boost|p2b: Blastoise|spa|2\n|-boost|p2b: Blastoise|spe|2\n|\n|upkeep\n|turn|2\n|\n|t:|1788369246\n|switch|p2a: Sinistcha|Sinistcha, L50|100/100\n|-heal|p2b: Blastoise|81/100|[from] ability: Hospitality|[of] p2a: Sinistcha\n|move|p2b: Blastoise|Protect|p2b: Blastoise\n|-singleturn|p2b: Blastoise|Protect\n|move|p1a: RoboBurger|Thunderbolt|p2b: Blastoise\n|-activate|p2b: Blastoise|move: Protect\n|move|p1b: Bina|Dire Claw|p2b: Blastoise\n|-activate|p2b: Blastoise|move: Protect\n|\n|upkeep\n|turn|3\n|\n|t:|1788369257\n|switch|p1b: The Warden|Whimsicott, L50, F|100/100\n|move|p2a: Sinistcha|Rage Powder|p2a: Sinistcha\n|-singleturn|p2a: Sinistcha|move: Rage Powder\n|move|p2b: Blastoise|Water Spout|p1b: The Warden|[spread] p1a,p1b\n|-resisted|p1a: RoboBurger|1\n|-resisted|p1b: The Warden|1\n|-damage|p1a: RoboBurger|15/100\n|-damage|p1b: The Warden|18/100\n|move|p1a: RoboBurger|Thunderbolt|p2a: Sinistcha\n|-resisted|p2a: Sinistcha|1\n|-damage|p2a: Sinistcha|78/100\n|-status|p2a: Sinistcha|par\n|\n|upkeep\n|turn|4\n|\n|t:|1788369275\n|cant|p2a: Sinistcha|par\n|move|p1b: The Warden|Tailwind|p1b: The Warden\n|-sidestart|p1: gexulus|move: Tailwind\n|move|p1a: RoboBurger|Thunderbolt|p2b: Blastoise\n|-supereffective|p2b: Blastoise|1\n|-damage|p2b: Blastoise|0 fnt\n|faint|p2b: Blastoise\n|\n|upkeep\n|\n|t:|1788369281\n|switch|p2b: Kingambit|Kingambit, L50, F|100/100\n|turn|5\n|\n|t:|1788369287\n|switch|p1a: Bina|Sneasler, L50, F|100/100\n|move|p1b: The Warden|Protect|p1b: The Warden\n|-singleturn|p1b: The Warden|Protect\n|move|p2b: Kingambit|Sucker Punch||[still]\n|-fail|p2b: Kingambit\n|move|p2a: Sinistcha|Matcha Gotcha|p1a: Bina|[spread] p1a\n|-activate|p1b: The Warden|move: Protect\n|-resisted|p1a: Bina|1\n|-damage|p1a: Bina|82/100\n|-heal|p2a: Sinistcha|85/100 par|[from] drain|[of] p1a: Bina\n|-status|p1a: Bina|brn\n|\n|-damage|p1a: Bina|76/100 brn|[from] brn\n|upkeep\n|turn|6\n|\n|t:|1788369300\n|switch|p1b: RoboBurger|Rotom-Wash, L50|15/100\n|move|p1a: Bina|Dire Claw|p2a: Sinistcha\n|-damage|p2a: Sinistcha|67/100 par\n|move|p2b: Kingambit|Swords Dance|p2b: Kingambit\n|-boost|p2b: Kingambit|atk|2\n|move|p2a: Sinistcha|Trick Room|p2a: Sinistcha\n|-fieldstart|move: Trick Room|[of] p2a: Sinistcha\n|\n|-damage|p1a: Bina|70/100 brn|[from] brn\n|upkeep\n|turn|7\n|\n|t:|1788369318\n|cant|p2a: Sinistcha|par\n|move|p2b: Kingambit|Kowtow Cleave|p1a: Bina\n|-resisted|p1a: Bina|1\n|-damage|p1a: Bina|0 fnt\n|faint|p1a: Bina\n|-damage|p2b: Kingambit|90/100|[from] item: Life Orb\n|move|p1b: RoboBurger|Thunderbolt|p2b: Kingambit\n|-damage|p2b: Kingambit|49/100\n|-status|p2b: Kingambit|par\n|\n|-sideend|p1: gexulus|move: Tailwind\n|upkeep\n|\n|t:|1788369324\n|switch|p1a: Benjamin|Staraptor, L50, M|100/100\n|-ability|p1a: Benjamin|Intimidate|boost\n|-unboost|p2a: Sinistcha|atk|1\n|-unboost|p2b: Kingambit|atk|1\n|-ability|p2b: Kingambit|Defiant|boost\n|-boost|p2b: Kingambit|atk|2\n|turn|8\n|\n|t:|1788369329\n|detailschange|p1a: Benjamin|Staraptor-Mega, L50, M\n|-mega|p1a: Benjamin|Staraptor|Staraptite\n|move|p1a: Benjamin|Protect|p1a: Benjamin\n|-singleturn|p1a: Benjamin|Protect\n|move|p2b: Kingambit|Kowtow Cleave|p1a: Benjamin\n|-activate|p1a: Benjamin|move: Protect\n|cant|p2a: Sinistcha|par\n|move|p1b: RoboBurger|Thunderbolt|p2b: Kingambit\n|-damage|p2b: Kingambit|6/100 par\n|\n|upkeep\n|turn|9\n|\n|t:|1788369346\n|switch|p1a: The Warden|Whimsicott, L50, F|18/100\n|move|p2b: Kingambit|Kowtow Cleave|p1a: The Warden\n|-resisted|p1a: The Warden|1\n|-damage|p1a: The Warden|0 fnt\n|faint|p1a: The Warden\n|-damage|p2b: Kingambit|0 fnt|[from] item: Life Orb\n|faint|p2b: Kingambit\n|move|p2a: Sinistcha|Matcha Gotcha|p1b: RoboBurger\n|-supereffective|p1b: RoboBurger|1\n|-damage|p1b: RoboBurger|0 fnt\n|-heal|p2a: Sinistcha|73/100 par|[from] drain|[of] p1b: RoboBurger\n|faint|p1b: RoboBurger\n|\n|upkeep\n|\n|t:|1788369358\n|switch|p2b: Sneasler|Sneasler, L50, M|100/100\n|switch|p1b: Benjamin|Staraptor-Mega, L50, M|100/100\n|turn|10\n|\n|t:|1788369365\n|move|p1b: Benjamin|Protect|p1b: Benjamin\n|-singleturn|p1b: Benjamin|Protect\n|move|p2b: Sneasler|Fake Out|p1b: Benjamin\n|-activate|p1b: Benjamin|move: Protect\n|move|p2a: Sinistcha|Matcha Gotcha|p1b: Benjamin\n|-activate|p1b: Benjamin|move: Protect\n|\n|-fieldend|move: Trick Room\n|upkeep\n|turn|11\n|\n|t:|1788369370\n|cant|p2a: Sinistcha|par\n|move|p2b: Sneasler|Poison Jab|p1b: Benjamin\n|-damage|p1b: Benjamin|63/100\n|move|p1b: Benjamin|Brave Bird|p2a: Sinistcha\n|-supereffective|p2a: Sinistcha|1\n|-damage|p2a: Sinistcha|0 fnt\n|faint|p2a: Sinistcha\n|-damage|p1b: Benjamin|40/100|[from] Recoil\n|\n|upkeep\n|turn|12\n|\n|t:|1788369380\n|move|p2b: Sneasler|Poison Jab|p1b: Benjamin\n|-damage|p1b: Benjamin|0 fnt\n|faint|p1b: Benjamin\n|\n|win|eggtophat27\n|raw|gexulus's rating: 1457 &rarr; <strong>1438</strong><br />(-19 for losing)\n|raw|eggtophat27's rating: 1476 &rarr; <strong>1495</strong><br />(+19 for winning)\n","uploadtime":1788369383,"views":"2","formatid":"gen9championsvgc2026regmb","rating":1438,"private":0,"password":null}