{"id":"gen9championsvgc2026regmbbo3-2674477201","format":"[Gen 9 Champions] VGC 2026 Reg M-B (Bo3)","players":["MegaHappyDragonite","Bananin4"],"log":"|j|☆MegaHappyDragonite\n|j|☆Bananin4\n|html|<table width=\"100%\"><tr><td align=\"left\">MegaHappyDragonite</td><td align=\"right\">Bananin4</tr><tr><td align=\"left\"><i class=\"fa fa-circle-o\"></i> <i class=\"fa fa-circle-o\"></i> </td><td align=\"right\"><i class=\"fa fa-circle-o\"></i> <i class=\"fa fa-circle-o\"></i> </tr></table>\n|uhtml|bestof|<h2><strong>Game 1</strong> of <a href=\"/game-bestof3-gen9championsvgc2026regmbbo3-2674477200\">a best-of-3</a></h2>\n|t:|1788364403\n|gametype|doubles\n|player|p1|MegaHappyDragonite|sailor|1260\n|player|p2|Bananin4|lucas-gen4pt|1235\n|gen|9\n|tier|[Gen 9 Champions] VGC 2026 Reg M-B (Bo3)\n|rated|\n|rule|Species Clause: Limit one of each Pokémon\n|rule|Item Clause: Limit 1 of each item\n|clearpoke\n|poke|p1|Froslass, L50, F|\n|poke|p1|Sneasler, L50, M|\n|poke|p1|Kingambit, L50, F|\n|poke|p1|Basculegion, L50, M|\n|poke|p1|Scovillain, L50, M|\n|poke|p1|Lycanroc-Dusk, L50, M|\n|poke|p2|Charizard, L50, M, shiny|\n|poke|p2|Floette-Eternal, L50, F|\n|poke|p2|Basculegion, L50, M, shiny|\n|poke|p2|Kingambit, L50, M, shiny|\n|poke|p2|Whimsicott, L50, M, shiny|\n|poke|p2|Garchomp, L50, M, shiny|\n|teampreview|4\n|showteam|p1|Froslass||Froslassite|CursedBody|Protect,Blizzard,AuroraVeil,ShadowBall|Timid||F|||50|]Sneasler||WhiteHerb|Unburden|Protect,CloseCombat,FakeOut,GunkShot|Adamant||M|||50|]Kingambit||BlackGlasses|Defiant|Protect,KowtowCleave,SwordsDance,SuckerPunch|Adamant||F|||50|]Basculegion||SitrusBerry|Adaptability|Protect,WaveCrash,LastRespects,AquaJet|Adamant||M|||50|]Scovillain||Scovillainite|Moody|Protect,GigaDrain,Overheat,RagePowder|Bold||M|||50|]Lycanroc-Dusk||FocusSash|ToughClaws|Protect,Accelerock,RockSlide,CloseCombat|Adamant||M|||50|\n|showteam|p2|Charizard||CharizarditeY|Blaze|HeatWave,WeatherBall,SolarBeam,Protect|Modest||M|||50|]Floette-Eternal||Floettite|FlowerVeil|Moonblast,DazzlingGleam,LightofRuin,Protect|Modest||F|||50|]Basculegion||LifeOrb|Adaptability|WaveCrash,LastRespects,AquaJet,Protect|Adamant||M|||50|]Kingambit||ChopleBerry|Defiant|KowtowCleave,SuckerPunch,IronHead,LowKick|Adamant||M|||50|]Whimsicott||FocusSash|Prankster|Moonblast,Encore,Tailwind,Protect|Timid||M|||50|]Garchomp||SitrusBerry|RoughSkin|Protect,RockSlide,DragonClaw,Earthquake|Jolly||M|||50|\n|j| robinmuister\n|\n|t:|1788364463\n|teamsize|p1|4\n|teamsize|p2|4\n|start\n|switch|p1a: Sneasler|Sneasler, L50, M|100/100\n|switch|p1b: Kingambit|Kingambit, L50, F|100/100\n|switch|p2a: Whimsicott|Whimsicott, L50, M, shiny|100/100\n|switch|p2b: Basculegion|Basculegion, L50, M, shiny|100/100\n|turn|1\n|\n|t:|1788364486\n|move|p2a: Whimsicott|Protect|p2a: Whimsicott\n|-singleturn|p2a: Whimsicott|Protect\n|move|p1b: Kingambit|Sucker Punch|p2b: Basculegion\n|-supereffective|p2b: Basculegion|1\n|-damage|p2b: Basculegion|0 fnt\n|faint|p2b: Basculegion\n|move|p1a: Sneasler|Gunk Shot|p2a: Whimsicott\n|-activate|p2a: Whimsicott|move: Protect\n|\n|upkeep\n|\n|t:|1788364496\n|switch|p2b: Kingambit|Kingambit, L50, M, shiny|100/100\n|turn|2\n|\n|t:|1788364516\n|move|p1b: Kingambit|Protect|p1b: Kingambit\n|-singleturn|p1b: Kingambit|Protect\n|move|p2a: Whimsicott|Encore|p1a: Sneasler\n|-start|p1a: Sneasler|Encore\n|move|p1a: Sneasler|Gunk Shot|p2a: Whimsicott|[miss]\n|-miss|p1a: Sneasler|p2a: Whimsicott\n|move|p2b: Kingambit|Low Kick|p1b: Kingambit\n|-activate|p1b: Kingambit|move: Protect\n|\n|upkeep\n|turn|3\n|\n|t:|1788364535\n|move|p2a: Whimsicott|Protect|p2a: Whimsicott\n|-singleturn|p2a: Whimsicott|Protect\n|move|p1b: Kingambit|Sucker Punch||[still]\n|-fail|p1b: Kingambit\n|move|p1a: Sneasler|Gunk Shot|p2a: Whimsicott\n|-activate|p2a: Whimsicott|move: Protect\n|move|p2b: Kingambit|Iron Head|p1a: Sneasler\n|-damage|p1a: Sneasler|51/100\n|\n|upkeep\n|turn|4\n|\n|t:|1788364549\n|move|p2a: Whimsicott|Tailwind|p2a: Whimsicott\n|-sidestart|p2: Bananin4|move: Tailwind\n|move|p1b: Kingambit|Sucker Punch||[still]\n|-fail|p1b: Kingambit\n|move|p1a: Sneasler|Gunk Shot|p2a: Whimsicott\n|-supereffective|p2a: Whimsicott|2\n|-enditem|p2a: Whimsicott|Focus Sash\n|-damage|p2a: Whimsicott|1/100\n|move|p2b: Kingambit|Low Kick|p1b: Kingambit\n|-supereffective|p1b: Kingambit|2\n|-damage|p1b: Kingambit|0 fnt\n|faint|p1b: Kingambit\n|\n|-end|p1a: Sneasler|Encore\n|upkeep\n|\n|t:|1788364559\n|switch|p1b: Lycanroc|Lycanroc-Dusk, L50, M|100/100\n|turn|5\n|\n|t:|1788364569\n|move|p2a: Whimsicott|Protect|p2a: Whimsicott\n|-singleturn|p2a: Whimsicott|Protect\n|move|p1b: Lycanroc|Accelerock|p2a: Whimsicott\n|-activate|p2a: Whimsicott|move: Protect\n|move|p1a: Sneasler|Close Combat|p2b: Kingambit\n|-supereffective|p2b: Kingambit|2\n|-enditem|p2b: Kingambit|Chople Berry|[eat]\n|-enditem|p2b: Kingambit|Chople Berry|[weaken]\n|-damage|p2b: Kingambit|17/100\n|-unboost|p1a: Sneasler|def|1\n|-unboost|p1a: Sneasler|spd|1\n|-enditem|p1a: Sneasler|White Herb\n|-clearnegativeboost|p1a: Sneasler|[silent]\n|move|p2b: Kingambit|Iron Head|p1b: Lycanroc\n|-supereffective|p1b: Lycanroc|1\n|-enditem|p1b: Lycanroc|Focus Sash\n|-damage|p1b: Lycanroc|1/100\n|\n|upkeep\n|turn|6\n|inactive|Battle timer is ON: inactive players will automatically lose when time's up. (requested by MegaHappyDragonite)\n|\n|t:|1788364621\n|switch|p2b: Floette|Floette-Eternal, L50, F|100/100\n|move|p2a: Whimsicott|Encore|p1a: Sneasler\n|-start|p1a: Sneasler|Encore\n|move|p1b: Lycanroc|Accelerock|p2a: Whimsicott\n|-damage|p2a: Whimsicott|0 fnt\n|faint|p2a: Whimsicott\n|move|p1a: Sneasler|Close Combat|p2b: Floette\n|-resisted|p2b: Floette|1\n|-damage|p2b: Floette|55/100\n|-unboost|p1a: Sneasler|def|1\n|-unboost|p1a: Sneasler|spd|1\n|\n|upkeep\n|\n|t:|1788364632\n|switch|p2a: Kingambit|Kingambit, L50, M, shiny|17/100\n|turn|7\n|inactive|MegaHappyDragonite has 30 seconds left.\n|inactive|MegaHappyDragonite has 20 seconds left.\n|inactive|MegaHappyDragonite has 15 seconds left.\n|inactive|MegaHappyDragonite has 10 seconds left.\n|inactive|MegaHappyDragonite has 5 seconds left.\n|\n|t:|1788364684\n|detailschange|p2b: Floette|Floette-Mega, L50, F\n|-mega|p2b: Floette|Floette|Floettite\n|-ability|p2b: Floette|Fairy Aura\n|move|p1b: Lycanroc|Protect|p1b: Lycanroc\n|-singleturn|p1b: Lycanroc|Protect\n|move|p2a: Kingambit|Sucker Punch|p1a: Sneasler\n|-resisted|p1a: Sneasler|1\n|-damage|p1a: Sneasler|15/100\n|move|p1a: Sneasler|Close Combat|p2a: Kingambit\n|-supereffective|p2a: Kingambit|2\n|-damage|p2a: Kingambit|0 fnt\n|-unboost|p1a: Sneasler|def|1\n|-unboost|p1a: Sneasler|spd|1\n|faint|p2a: Kingambit\n|move|p2b: Floette|Dazzling Gleam|p1a: Sneasler|[spread] p1a\n|-activate|p1b: Lycanroc|move: Protect\n|-damage|p1a: Sneasler|0 fnt\n|faint|p1a: Sneasler\n|\n|-sideend|p2: Bananin4|move: Tailwind\n|upkeep\n|\n|t:|1788364689\n|switch|p1a: Froslass|Froslass, L50, F|100/100\n|turn|8\n|\n|t:|1788364707\n|detailschange|p1a: Froslass|Froslass-Mega, L50, F\n|-mega|p1a: Froslass|Froslass|Froslassite\n|-weather|Snowscape|[from] ability: Snow Warning|[of] p1a: Froslass\n|move|p1a: Froslass|Blizzard|p2b: Floette\n|-damage|p2b: Floette|11/100\n|move|p1b: Lycanroc|Rock Slide|p2b: Floette\n|-damage|p2b: Floette|0 fnt\n|faint|p2b: Floette\n|\n|win|MegaHappyDragonite\n","uploadtime":1788364707,"views":"1","formatid":"gen9championsvgc2026regmbbo3","rating":null,"private":0,"password":null}