{"id":"gen9championsvgc2026regmb-2674376761","format":"[Gen 9 Champions] VGC 2026 Reg M-B","players":["cbhjnkm","notbloodmask"],"log":"|j|☆cbhjnkm\n|j|☆notbloodmask\n|t:|1788351531\n|gametype|doubles\n|player|p1|cbhjnkm|2|1000\n|player|p2|notbloodmask|unknown|1084\n|gen|9\n|tier|[Gen 9 Champions] VGC 2026 Reg M-B\n|rated|\n|rule|Species Clause: Limit one of each Pokémon\n|rule|Item Clause: Limit 1 of each item\n|clearpoke\n|poke|p1|Drampa, L50, F|\n|poke|p1|Farigiraf, L50, M|\n|poke|p1|Scrafty, L50, M|\n|poke|p1|Corviknight, L50, F|\n|poke|p1|Azumarill, L50, M|\n|poke|p1|Sinistcha, L50|\n|poke|p2|Rotom-Wash, L50|\n|poke|p2|Garchomp, L50, F|\n|poke|p2|Incineroar, L50, M|\n|poke|p2|Sinistcha, L50|\n|poke|p2|Venusaur, L50, M|\n|poke|p2|Dragapult, L50, F|\n|teampreview|4\ncbhjnkm rejected open team sheets.\n|\n|t:|1788351566\n|teamsize|p1|4\n|teamsize|p2|4\n|start\n|switch|p1a: Farigiraf|Farigiraf, L50, M|100/100\n|switch|p1b: Scrafty|Scrafty, L50, M|100/100\n|switch|p2a: Rotom|Rotom-Wash, L50|100/100\n|switch|p2b: Garchomp|Garchomp, L50, F|100/100\n|turn|1\n|\n|t:|1788351590\n|move|p1a: Farigiraf|Protect|p1a: Farigiraf\n|-singleturn|p1a: Farigiraf|Protect\n|move|p2b: Garchomp|Earthquake|p1a: Farigiraf|[spread] p1b\n|-activate|p1a: Farigiraf|move: Protect\n|-immune|p2a: Rotom|[from] ability: Levitate\n|-damage|p1b: Scrafty|59/100\n|-damage|p2b: Garchomp|90/100|[from] item: Life Orb\n|move|p2a: Rotom|Will-O-Wisp|p1b: Scrafty\n|-status|p1b: Scrafty|brn\n|move|p1b: Scrafty|Dragon Dance|p1b: Scrafty\n|-boost|p1b: Scrafty|atk|1\n|-boost|p1b: Scrafty|spe|1\n|\n|-damage|p1b: Scrafty|53/100 brn|[from] brn\n|upkeep\n|turn|2\n|inactive|Battle timer is ON: inactive players will automatically lose when time's up. (requested by cbhjnkm)\n|\n|t:|1788351637\n|move|p2b: Garchomp|Protect|p2b: Garchomp\n|-singleturn|p2b: Garchomp|Protect\n|move|p2a: Rotom|Thunderbolt|p1a: Farigiraf\n|-damage|p1a: Farigiraf|69/100\n|move|p1b: Scrafty|Knock Off|p2b: Garchomp\n|-activate|p2b: Garchomp|move: Protect\n|move|p1a: Farigiraf|Trick Room|p1a: Farigiraf\n|-fieldstart|move: Trick Room|[of] p1a: Farigiraf\n|\n|-damage|p1b: Scrafty|47/100 brn|[from] brn\n|upkeep\n|turn|3\n|inactive|cbhjnkm has 30 seconds left.\n|\n|t:|1788351666\n|switch|p1b: Drampa|Drampa, L50, F|100/100\n|-ability|p1b: Drampa|Cloud Nine\n|switch|p2b: Sinistcha|Sinistcha, L50|100/100\n|move|p1a: Farigiraf|Protect|p1a: Farigiraf\n|-singleturn|p1a: Farigiraf|Protect\n|move|p2a: Rotom|Hydro Pump|p1b: Drampa\n|-resisted|p1b: Drampa|1\n|-damage|p1b: Drampa|73/100\n|\n|upkeep\n|turn|4\n|inactive|notbloodmask has 30 seconds left.\n|inactive|notbloodmask has 20 seconds left.\n|\n|t:|1788351704\n|move|p2b: Sinistcha|Rage Powder|p2b: Sinistcha\n|-singleturn|p2b: Sinistcha|move: Rage Powder\n|move|p1b: Drampa|Calm Mind|p1b: Drampa\n|-boost|p1b: Drampa|spa|1\n|-boost|p1b: Drampa|spd|1\n|move|p1a: Farigiraf|Thunder Wave|p2b: Sinistcha\n|-status|p2b: Sinistcha|par\n|move|p2a: Rotom|Thunderbolt|p1a: Farigiraf\n|-damage|p1a: Farigiraf|37/100\n|\n|upkeep\n|turn|5\n|inactive|notbloodmask has 30 seconds left.\n|\n|t:|1788351737\n|switch|p1a: Corviknight|Corviknight, L50, F|100/100\n|move|p2b: Sinistcha|Protect|p2b: Sinistcha\n|-singleturn|p2b: Sinistcha|Protect\n|move|p1b: Drampa|Calm Mind|p1b: Drampa\n|-boost|p1b: Drampa|spa|1\n|-boost|p1b: Drampa|spd|1\n|move|p2a: Rotom|Will-O-Wisp|p1b: Drampa\n|-status|p1b: Drampa|brn\n|\n|-damage|p1b: Drampa|67/100 brn|[from] brn\n|upkeep\n|turn|6\n|\n|t:|1788351755\n|switch|p2b: Garchomp|Garchomp, L50, F|90/100\n|move|p1b: Drampa|Dragon Pulse|p2a: Rotom\n|-damage|p2a: Rotom|0 fnt\n|faint|p2a: Rotom\n|move|p1a: Corviknight|Brave Bird|p2b: Garchomp\n|-damage|p2b: Garchomp|42/100\n|-damage|p1a: Corviknight|87/100|[from] ability: Rough Skin|[of] p2b: Garchomp\n|-damage|p1a: Corviknight|72/100|[from] Recoil\n|\n|-damage|p1b: Drampa|61/100 brn|[from] brn\n|-fieldend|move: Trick Room\n|upkeep\n|\n|t:|1788351768\n|switch|p2a: Sinistcha|Sinistcha, L50|100/100 par\n|-heal|p2b: Garchomp|67/100|[from] ability: Hospitality|[of] p2a: Sinistcha\n|turn|7\n|\n|t:|1788351781\n|move|p1b: Drampa|Protect|p1b: Drampa\n|-singleturn|p1b: Drampa|Protect\n|move|p2a: Sinistcha|Rage Powder|p2a: Sinistcha\n|-singleturn|p2a: Sinistcha|move: Rage Powder\n|move|p2b: Garchomp|Dragon Claw|p1b: Drampa\n|-activate|p1b: Drampa|move: Protect\n|move|p1a: Corviknight|Brave Bird|p2a: Sinistcha\n|-supereffective|p2a: Sinistcha|1\n|-damage|p2a: Sinistcha|0 fnt\n|faint|p2a: Sinistcha\n|-damage|p1a: Corviknight|45/100|[from] Recoil\n|\n|-damage|p1b: Drampa|55/100 brn|[from] brn\n|upkeep\n|\n|t:|1788351793\n|switch|p2a: Dragapult|Dragapult, L50, F|100/100\n|turn|8\n|\n|t:|1788351812\n|move|p2a: Dragapult|Dragon Darts|p1b: Drampa\n|-supereffective|p1b: Drampa|1\n|-damage|p1b: Drampa|0 fnt\n|-anim|p2a: Dragapult|Dragon Darts|p1a: Corviknight\n|-resisted|p1a: Corviknight|1\n|-damage|p1a: Corviknight|35/100\n|faint|p1b: Drampa\n|move|p2b: Garchomp|Rock Slide|p1a: Corviknight\n|-damage|p1a: Corviknight|10/100\n|-damage|p2b: Garchomp|58/100|[from] item: Life Orb\n|cant|p1a: Corviknight|flinch\n|\n|upkeep\n|\n|t:|1788351827\n|switch|p1b: Farigiraf|Farigiraf, L50, M|37/100\n|turn|9\n|\n|t:|1788351841\n|move|p2a: Dragapult|Dragon Darts|p1b: Farigiraf\n|-damage|p1b: Farigiraf|12/100\n|-anim|p2a: Dragapult|Dragon Darts|p1a: Corviknight\n|-resisted|p1a: Corviknight|1\n|-damage|p1a: Corviknight|1/100\n|move|p2b: Garchomp|Rock Slide|p1b: Farigiraf|[spread] p1a,p1b\n|-damage|p1a: Corviknight|0 fnt\n|-damage|p1b: Farigiraf|0 fnt\n|faint|p1a: Corviknight\n|faint|p1b: Farigiraf\n|-damage|p2b: Garchomp|48/100|[from] item: Life Orb\n|\n|upkeep\n|-message|cbhjnkm forfeited.\n|\n|win|notbloodmask\n|raw|cbhjnkm's rating: 1000 &rarr; <strong>1000</strong><br />(+0 for losing)\n|raw|notbloodmask's rating: 1084 &rarr; <strong>1105</strong><br />(+21 for winning)\n|l|☆cbhjnkm\n|player|p1|\n","uploadtime":1788351853,"views":"1","formatid":"gen9championsvgc2026regmb","rating":1000,"private":0,"password":null}