{"id":"gen9championsvgc2026regmb-2674625369","format":"[Gen 9 Champions] VGC 2026 Reg M-B","players":["ARTHURDOCE","777skills"],"log":"|j|☆ARTHURDOCE\n|j|☆777skills\n|t:|1788381826\n|gametype|doubles\n|player|p1|ARTHURDOCE|hilbert-wonderlauncher|1139\n|player|p2|777skills|1|1183\n|gen|9\n|tier|[Gen 9 Champions] VGC 2026 Reg M-B\n|rated|\n|rule|Species Clause: Limit one of each Pokémon\n|rule|Item Clause: Limit 1 of each item\n|clearpoke\n|poke|p1|Hawlucha, L50, F|\n|poke|p1|Sneasler, L50, M, shiny|\n|poke|p1|Metagross, L50, shiny|\n|poke|p1|Kingambit, L50, M, shiny|\n|poke|p1|Milotic, L50, F, shiny|\n|poke|p1|Aerodactyl, L50, M|\n|poke|p2|Basculegion, L50, M|\n|poke|p2|Clefable, L50, M|\n|poke|p2|Meganium, L50, F|\n|poke|p2|Rotom-Heat, L50|\n|poke|p2|Annihilape, L50, F|\n|poke|p2|Gholdengo, L50|\n|teampreview|4\n|inactive|Battle timer is ON: inactive players will automatically lose when time's up. (requested by 777skills)\n|inactive|777skills has 60 seconds left.\n|inactive|777skills has 30 seconds left.\n|\n|t:|1788381908\n|teamsize|p1|4\n|teamsize|p2|4\n|start\n|switch|p1a: Kingambit|Kingambit, L50, M, shiny|100/100\n|switch|p1b: Hawlucha|Hawlucha, L50, F|100/100\n|switch|p2a: Rotom|Rotom-Heat, L50|100/100\n|switch|p2b: Annihilape|Annihilape, L50, F|100/100\n|-ability|p1b: Hawlucha|Mold Breaker\n|turn|1\n|inactive|ARTHURDOCE has 30 seconds left.\n|\n|t:|1788381937\n|switch|p1a: Sneasler|Sneasler, L50, M, shiny|100/100\n|detailschange|p1b: Hawlucha|Hawlucha-Mega, L50, F\n|-mega|p1b: Hawlucha|Hawlucha|Hawluchanite\n|move|p2b: Annihilape|Close Combat|p1a: Sneasler\n|-resisted|p1a: Sneasler|1\n|-damage|p1a: Sneasler|52/100\n|-unboost|p2b: Annihilape|def|1\n|-unboost|p2b: Annihilape|spd|1\n|move|p1b: Hawlucha|Stone Edge|p2a: Rotom\n|-supereffective|p2a: Rotom|1\n|-enditem|p2a: Rotom|Charti Berry|[eat]\n|-enditem|p2a: Rotom|Charti Berry|[weaken]\n|-damage|p2a: Rotom|47/100\n|move|p2a: Rotom|Thunderbolt|p1b: Hawlucha\n|-supereffective|p1b: Hawlucha|1\n|-damage|p1b: Hawlucha|5/100\n|\n|upkeep\n|turn|2\n|inactive|777skills has 30 seconds left.\n|\n|t:|1788381963\n|switch|p2a: Clefable|Clefable, L50, M|100/100\n|move|p1a: Sneasler|Fake Out|p2a: Clefable\n|-damage|p2a: Clefable|87/100\n|move|p2b: Annihilape|Close Combat|p1b: Hawlucha\n|-resisted|p1b: Hawlucha|1\n|-damage|p1b: Hawlucha|0 fnt\n|-unboost|p2b: Annihilape|def|1\n|-unboost|p2b: Annihilape|spd|1\n|faint|p1b: Hawlucha\n|\n|-heal|p2a: Clefable|93/100|[from] item: Leftovers\n|upkeep\n|\n|t:|1788381978\n|switch|p1b: Milotic|Milotic, L50, F, shiny|100/100\n|turn|3\n|\n|t:|1788381990\n|move|p2b: Annihilape|Close Combat|p1a: Sneasler\n|-resisted|p1a: Sneasler|1\n|-damage|p1a: Sneasler|7/100\n|-unboost|p2b: Annihilape|def|1\n|-unboost|p2b: Annihilape|spd|1\n|move|p1a: Sneasler|Dire Claw|p2a: Clefable\n|-supereffective|p2a: Clefable|1\n|-damage|p2a: Clefable|26/100\n|-status|p2a: Clefable|psn\n|move|p1b: Milotic|Scald|p2b: Annihilape\n|-damage|p2b: Annihilape|26/100\n|move|p2a: Clefable|Thunderbolt|p1a: Sneasler\n|-damage|p1a: Sneasler|0 fnt\n|faint|p1a: Sneasler\n|\n|-heal|p2a: Clefable|32/100 psn|[from] item: Leftovers\n|-damage|p2a: Clefable|20/100y psn|[from] psn\n|upkeep\n|\n|t:|1788382010\n|switch|p1a: Kingambit|Kingambit, L50, M, shiny|100/100\n|turn|4\n|\n|t:|1788382018\n|move|p2a: Clefable|Follow Me|p2a: Clefable\n|-singleturn|p2a: Clefable|move: Follow Me\n|move|p1a: Kingambit|Sucker Punch||[still]\n|-fail|p1a: Kingambit\n|move|p2b: Annihilape|Close Combat|p1a: Kingambit\n|-supereffective|p1a: Kingambit|2\n|-damage|p1a: Kingambit|0 fnt\n|-unboost|p2b: Annihilape|def|1\n|-unboost|p2b: Annihilape|spd|1\n|faint|p1a: Kingambit\n|move|p1b: Milotic|Scald|p2a: Clefable\n|-damage|p2a: Clefable|0 fnt\n|faint|p2a: Clefable\n|\n|upkeep\n|\n|t:|1788382031\n|switch|p2a: Basculegion|Basculegion, L50, M|100/100\n|turn|5\n|-message|ARTHURDOCE forfeited.\n|\n|win|777skills\n|raw|ARTHURDOCE's rating: 1139 &rarr; <strong>1117</strong><br />(-22 for losing)\n|raw|777skills's rating: 1183 &rarr; <strong>1205</strong><br />(+22 for winning)\n|l|☆ARTHURDOCE\n|player|p1|\n","uploadtime":1788382037,"views":"1","formatid":"gen9championsvgc2026regmb","rating":1117,"private":0,"password":null}