{"id":"gen9championsvgc2026regmb-2674220758","format":"[Gen 9 Champions] VGC 2026 Reg M-B","players":["HospitalityCheck","InWINeroar"],"log":"|j|☆HospitalityCheck\n|j|☆InWINeroar\n|t:|1788317729\n|gametype|doubles\n|player|p1|HospitalityCheck|2|1043\n|player|p2|InWINeroar|2|1000\n|gen|9\n|tier|[Gen 9 Champions] VGC 2026 Reg M-B\n|rated|\n|rule|Species Clause: Limit one of each Pokémon\n|rule|Item Clause: Limit 1 of each item\n|clearpoke\n|poke|p1|Metagross, L50|\n|poke|p1|Incineroar, L50, F|\n|poke|p1|Sinistcha, L50|\n|poke|p1|Whimsicott, L50, M|\n|poke|p1|Garchomp, L50, M|\n|poke|p1|Kingambit, L50, M|\n|poke|p2|Palafin, L50, M, shiny|\n|poke|p2|Incineroar, L50, F|\n|poke|p2|Sinistcha, L50|\n|poke|p2|Aerodactyl, L50, F|\n|poke|p2|Floette-Eternal, L50, F|\n|poke|p2|Sneasler, L50, F|\n|teampreview|4\n|inactive|Battle timer is ON: inactive players will automatically lose when time's up. (requested by HospitalityCheck)\nHospitalityCheck has agreed to open team sheets.\nInWINeroar has agreed to open team sheets.\n|showteam|p1|Metagross||Metagrossite|ClearBody|Protect,PsychicFangs,IronHead,IcePunch|Adamant|||||50|]Incineroar||SitrusBerry|Intimidate|FakeOut,PartingShot,FlareBlitz,ThroatChop|Careful||F|||50|]Sinistcha||Leftovers|Hospitality|RagePowder,MatchaGotcha,LifeDew,TrickRoom|Bold|||||50|]Whimsicott||FocusSash|Prankster|Tailwind,Moonblast,Encore,Protect|Timid||M|||50|]Garchomp||LifeOrb|RoughSkin|DragonClaw,Earthquake,RockSlide,Protect|Jolly||M|||50|]Kingambit||BlackGlasses|Defiant|SuckerPunch,KowtowCleave,IronHead,Protect|Adamant||M|||50|\n|showteam|p2|Palafin||LifeOrb|ZerotoHero|WaveCrash,JetPunch,CloseCombat,Protect|Jolly||M|||50|]Incineroar||PasshoBerry|Intimidate|FakeOut,FlareBlitz,ThroatChop,PartingShot|Impish||F|||50|]Sinistcha||SitrusBerry|Hospitality|Protect,MatchaGotcha,RagePowder,TrickRoom|Bold|||||50|]Aerodactyl||Aerodactylite|Unnerve|Protect,RockSlide,Tailwind,DualWingbeat|Jolly||F|||50|]Floette-Eternal||Floettite|FlowerVeil|Protect,Moonblast,LightofRuin,DazzlingGleam|Timid||F|||50|]Sneasler||WhiteHerb|Unburden|Protect,FakeOut,DireClaw,CloseCombat|Adamant||F|||50|\n|\n|t:|1788317755\n|teamsize|p1|4\n|teamsize|p2|4\n|start\n|switch|p1a: Metagross|Metagross, L50|100/100\n|switch|p1b: Incineroar|Incineroar, L50, F|100/100\n|switch|p2a: Palafin|Palafin, L50, M, shiny|100/100\n|switch|p2b: Incineroar|Incineroar, L50, F|100/100\n|-ability|p2b: Incineroar|Intimidate|boost\n|-fail|p1a: Metagross|unboost|[from] ability: Clear Body|[of] p1a: Metagross\n|-unboost|p1b: Incineroar|atk|1\n|-ability|p1b: Incineroar|Intimidate|boost\n|-unboost|p2a: Palafin|atk|1\n|-unboost|p2b: Incineroar|atk|1\n|turn|1\n|\n|t:|1788317770\n|detailschange|p2a: Palafin|Palafin-Hero, L50, M, shiny\n|switch|p2a: Floette|Floette-Eternal, L50, F|100/100\n|detailschange|p1a: Metagross|Metagross-Mega, L50\n|-mega|p1a: Metagross|Metagross|Metagrossite\n|move|p2b: Incineroar|Fake Out|p1a: Metagross\n|-resisted|p1a: Metagross|1\n|-damage|p1a: Metagross|96/100\n|move|p1b: Incineroar|Fake Out|p2b: Incineroar\n|-damage|p2b: Incineroar|94/100\n|cant|p1a: Metagross|flinch\n|\n|upkeep\n|turn|2\n|\n|t:|1788317777\n|move|p2a: Floette|Protect|p2a: Floette\n|-singleturn|p2a: Floette|Protect\n|move|p1a: Metagross|Iron Head|p2a: Floette\n|-activate|p2a: Floette|move: Protect\n|move|p2b: Incineroar|Flare Blitz|p1a: Metagross\n|-supereffective|p1a: Metagross|1\n|-damage|p1a: Metagross|47/100\n|-damage|p2b: Incineroar|81/100|[from] Recoil\n|move|p1b: Incineroar|Parting Shot|p2a: Floette\n|-activate|p2a: Floette|move: Protect\n|\n|upkeep\n|turn|3\n|\n|t:|1788317790\n|switch|p2a: Sinistcha|Sinistcha, L50|100/100\n|-heal|p2b: Incineroar|100/100|[from] ability: Hospitality|[of] p2a: Sinistcha\n|switch|p1b: Sinistcha|Sinistcha, L50|100/100\n|-heal|p1a: Metagross|71/100|[from] ability: Hospitality|[of] p1b: Sinistcha\n|move|p1a: Metagross|Iron Head|p2a: Sinistcha\n|-damage|p2a: Sinistcha|44/100\n|-enditem|p2a: Sinistcha|Sitrus Berry|[eat]\n|-heal|p2a: Sinistcha|69/100|[from] item: Sitrus Berry\n|move|p2b: Incineroar|Flare Blitz|p1a: Metagross\n|-supereffective|p1a: Metagross|1\n|-damage|p1a: Metagross|21/100\n|-damage|p2b: Incineroar|87/100|[from] Recoil\n|\n|upkeep\n|turn|4\n|\n|t:|1788317804\n|switch|p1a: Garchomp|Garchomp, L50, M|100/100\n|switch|p1b: Incineroar|Incineroar, L50, F|100/100\n|-ability|p1b: Incineroar|Intimidate|boost\n|-unboost|p2a: Sinistcha|atk|1\n|-unboost|p2b: Incineroar|atk|1\n|move|p2b: Incineroar|Parting Shot|p1b: Incineroar\n|-unboost|p1b: Incineroar|atk|1\n|-unboost|p1b: Incineroar|spa|1\n|\n|t:|1788317808\n|switch|p2b: Floette|Floette-Eternal, L50, F|100/100|[from] Parting Shot\n|move|p2a: Sinistcha|Trick Room|p2a: Sinistcha\n|-fieldstart|move: Trick Room|[of] p2a: Sinistcha\n|\n|upkeep\n|turn|5\n|\n|t:|1788317828\n|switch|p2a: Incineroar|Incineroar, L50, F|87/100\n|-ability|p2a: Incineroar|Intimidate|boost\n|-unboost|p1a: Garchomp|atk|1\n|-unboost|p1b: Incineroar|atk|1\n|move|p2b: Floette|Protect|p2b: Floette\n|-singleturn|p2b: Floette|Protect\n|move|p1a: Garchomp|Protect|p1a: Garchomp\n|-singleturn|p1a: Garchomp|Protect\n|move|p1b: Incineroar|Throat Chop|p2b: Floette\n|-activate|p2b: Floette|move: Protect\n|\n|upkeep\n|turn|6\n|\n|t:|1788317840\n|detailschange|p2b: Floette|Floette-Mega, L50, F\n|-mega|p2b: Floette|Floette|Floettite\n|-ability|p2b: Floette|Fairy Aura\n|move|p1b: Incineroar|Parting Shot|p2a: Incineroar\n|-unboost|p2a: Incineroar|atk|1\n|-unboost|p2a: Incineroar|spa|1\n|\n|t:|1788317840\n|switch|p1b: Sinistcha|Sinistcha, L50|100/100|[from] Parting Shot\n|move|p2a: Incineroar|Flare Blitz|p1b: Sinistcha\n|-supereffective|p1b: Sinistcha|1\n|-damage|p1b: Sinistcha|49/100\n|-damage|p2a: Incineroar|72/100|[from] Recoil\n|move|p1a: Garchomp|Rock Slide|p2a: Incineroar|[spread] p2a,p2b\n|-supereffective|p2a: Incineroar|1\n|-damage|p2a: Incineroar|46/100\n|-damage|p2b: Floette|76/100\n|-damage|p1a: Garchomp|90/100|[from] item: Life Orb\n|cant|p2b: Floette|flinch\n|\n|-heal|p1b: Sinistcha|55/100|[from] item: Leftovers\n|upkeep\n|turn|7\n|\n|t:|1788317848\n|switch|p1b: Incineroar|Incineroar, L50, F|100/100\n|-ability|p1b: Incineroar|Intimidate|boost\n|-unboost|p2a: Incineroar|atk|1\n|-unboost|p2b: Floette|atk|1\n|move|p1a: Garchomp|Protect|p1a: Garchomp\n|-singleturn|p1a: Garchomp|Protect\n|move|p2a: Incineroar|Flare Blitz|p1b: Incineroar\n|-resisted|p1b: Incineroar|1\n|-damage|p1b: Incineroar|89/100\n|-damage|p2a: Incineroar|43/100|[from] Recoil\n|move|p2b: Floette|Dazzling Gleam|p1b: Incineroar|[spread] p1b\n|-activate|p1a: Garchomp|move: Protect\n|-damage|p1b: Incineroar|54/100\n|\n|upkeep\n|turn|8\n|\n|t:|1788317859\n|switch|p2a: Sinistcha|Sinistcha, L50|69/100\n|-heal|p2b: Floette|100/100|[from] ability: Hospitality|[of] p2a: Sinistcha\n|move|p2b: Floette|Protect|p2b: Floette\n|-singleturn|p2b: Floette|Protect\n|move|p1b: Incineroar|Throat Chop|p2b: Floette\n|-activate|p2b: Floette|move: Protect\n|move|p1a: Garchomp|Earthquake|p2b: Floette|[spread] p1b,p2a\n|-activate|p2b: Floette|move: Protect\n|-supereffective|p1b: Incineroar|1\n|-resisted|p2a: Sinistcha|1\n|-damage|p1b: Incineroar|0 fnt\n|-damage|p2a: Sinistcha|54/100\n|faint|p1b: Incineroar\n|-damage|p1a: Garchomp|80/100|[from] item: Life Orb\n|\n|-fieldend|move: Trick Room\n|upkeep\n|\n|t:|1788317860\n|switch|p1b: Sinistcha|Sinistcha, L50|55/100\n|-heal|p1a: Garchomp|100/100|[from] ability: Hospitality|[of] p1b: Sinistcha\n|turn|9\n|\n|t:|1788317867\n|move|p1a: Garchomp|Protect|p1a: Garchomp\n|-singleturn|p1a: Garchomp|Protect\n|move|p2b: Floette|Moonblast|p1b: Sinistcha\n|-damage|p1b: Sinistcha|0 fnt\n|faint|p1b: Sinistcha\n|move|p2a: Sinistcha|Trick Room|p2a: Sinistcha\n|-fieldstart|move: Trick Room|[of] p2a: Sinistcha\n|\n|upkeep\n|\n|t:|1788317868\n|switch|p1b: Metagross|Metagross-Mega, L50|21/100\n|turn|10\n|\n|t:|1788317872\n|move|p2a: Sinistcha|Rage Powder|p2a: Sinistcha\n|-singleturn|p2a: Sinistcha|move: Rage Powder\n|move|p1b: Metagross|Iron Head|p2a: Sinistcha\n|-damage|p2a: Sinistcha|0 fnt\n|faint|p2a: Sinistcha\n|move|p1a: Garchomp|Earthquake|p2b: Floette|[spread] p1b,p2b\n|-supereffective|p1b: Metagross|1\n|-damage|p1b: Metagross|0 fnt\n|-damage|p2b: Floette|57/100\n|faint|p1b: Metagross\n|-damage|p1a: Garchomp|90/100|[from] item: Life Orb\n|move|p2b: Floette|Dazzling Gleam|p1a: Garchomp\n|-supereffective|p1a: Garchomp|1\n|-damage|p1a: Garchomp|0 fnt\n|faint|p1a: Garchomp\n|\n|win|InWINeroar\n|raw|HospitalityCheck's rating: 1043 &rarr; <strong>1025</strong><br />(-18 for losing)\n|raw|InWINeroar's rating: 1000 &rarr; <strong>1045</strong><br />(+45 for winning)\n|l|☆HospitalityCheck\n|player|p1|\n","uploadtime":1788317874,"views":"13","formatid":"gen9championsvgc2026regmb","rating":1025,"private":0,"password":null}