{"id":"gen9championsvgc2026regmb-2674398971","format":"[Gen 9 Champions] VGC 2026 Reg M-B","players":["777skills","ggfhh"],"log":"|j|☆777skills\n|j|☆ggfhh\n|t:|1788354860\n|gametype|doubles\n|player|p1|777skills|1|1176\n|player|p2|ggfhh|fisherman-gen4|1250\n|gen|9\n|tier|[Gen 9 Champions] VGC 2026 Reg M-B\n|rated|\n|rule|Species Clause: Limit one of each Pokémon\n|rule|Item Clause: Limit 1 of each item\n|clearpoke\n|poke|p1|Gengar, L50, F|\n|poke|p1|Clefable, L50, F|\n|poke|p1|Rotom-Heat, L50|\n|poke|p1|Zoroark-Hisui, L50, F|\n|poke|p1|Lucario, L50, M|\n|poke|p1|Meganium, L50, M|\n|poke|p2|Farigiraf, L50, M|\n|poke|p2|Incineroar, L50, F|\n|poke|p2|Froslass, L50, F|\n|poke|p2|Blaziken, L50, M|\n|poke|p2|Krookodile, L50, F|\n|poke|p2|Sinistcha, L50|\n|teampreview|4\n|inactive|Battle timer is ON: inactive players will automatically lose when time's up. (requested by 777skills)\n|inactive|777skills has 60 seconds left.\n|inactive|777skills has 30 seconds left.\n|\n|t:|1788354934\n|teamsize|p1|4\n|teamsize|p2|4\n|start\n|switch|p1a: Clefable|Clefable, L50, F|100/100\n|switch|p1b: Meganium|Meganium, L50, M|100/100\n|switch|p2a: Farigiraf|Farigiraf, L50, M|100/100\n|switch|p2b: Blaziken|Blaziken, L50, M|100/100\n|turn|1\n|\n|t:|1788354956\n|detailschange|p1b: Meganium|Meganium-Mega, L50, M\n|-mega|p1b: Meganium|Meganium|Meganiumite\n|move|p1a: Clefable|Follow Me|p1a: Clefable\n|-singleturn|p1a: Clefable|move: Follow Me\n|move|p1b: Meganium|Dazzling Gleam|p2b: Blaziken|[spread] p2a,p2b\n|-damage|p2a: Farigiraf|59/100\n|-damage|p2b: Blaziken|50/100g\n|move|p2b: Blaziken|Bulk Up|p2b: Blaziken\n|-boost|p2b: Blaziken|atk|1\n|-boost|p2b: Blaziken|def|1\n|move|p2a: Farigiraf|Hyper Beam|p1a: Clefable\n|-damage|p1a: Clefable|12/100\n|-mustrecharge|p2a: Farigiraf\n|-damage|p2a: Farigiraf|49/100|[from] item: Life Orb\n|\n|-ability|p2b: Blaziken|Speed Boost|boost\n|-boost|p2b: Blaziken|spe|1\n|upkeep\n|turn|2\n|\n|t:|1788354981\n|move|p1a: Clefable|Follow Me|p1a: Clefable\n|-singleturn|p1a: Clefable|move: Follow Me\n|move|p2b: Blaziken|Rock Slide|p1a: Clefable|[spread] p1b\n|-miss|p2b: Blaziken|p1a: Clefable\n|-damage|p1b: Meganium|77/100\n|move|p1b: Meganium|Dazzling Gleam|p2a: Farigiraf|[spread] p2a,p2b\n|-damage|p2a: Farigiraf|12/100\n|-damage|p2b: Blaziken|4/100\n|cant|p2a: Farigiraf|recharge\n|\n|-ability|p2b: Blaziken|Speed Boost|boost\n|-boost|p2b: Blaziken|spe|1\n|upkeep\n|turn|3\n|\n|t:|1788355002\n|move|p2b: Blaziken|Protect|p2b: Blaziken\n|-singleturn|p2b: Blaziken|Protect\n|move|p1a: Clefable|Follow Me|p1a: Clefable\n|-singleturn|p1a: Clefable|move: Follow Me\n|move|p1b: Meganium|Dazzling Gleam|p2a: Farigiraf|[spread] p2a\n|-activate|p2b: Blaziken|move: Protect\n|-damage|p2a: Farigiraf|0 fnt\n|faint|p2a: Farigiraf\n|\n|-ability|p2b: Blaziken|Speed Boost|boost\n|-boost|p2b: Blaziken|spe|1\n|upkeep\n|\n|t:|1788355012\n|switch|p2a: Incineroar|Incineroar, L50, F|100/100\n|-ability|p2a: Incineroar|Intimidate|boost\n|-unboost|p1a: Clefable|atk|1\n|-unboost|p1b: Meganium|atk|1\n|turn|4\n|\n|t:|1788355021\n|move|p1b: Meganium|Protect|p1b: Meganium\n|-singleturn|p1b: Meganium|Protect\n|move|p2a: Incineroar|Fake Out|p1b: Meganium\n|-activate|p1b: Meganium|move: Protect\n|move|p2b: Blaziken|Baton Pass|p2b: Blaziken\n|\n|t:|1788355027\n|switch|p2b: Krookodile|Krookodile, L50, F|100/100|[from] Baton Pass\n|move|p1a: Clefable|Psyshock|p2b: Krookodile\n|-immune|p2b: Krookodile\n|\n|upkeep\n|turn|5\n|inactive|ggfhh has 30 seconds left.\n|\n|t:|1788355052\n|move|p1a: Clefable|Follow Me|p1a: Clefable\n|-singleturn|p1a: Clefable|move: Follow Me\n|move|p2b: Krookodile|Power Trip|p1a: Clefable\n|-resisted|p1a: Clefable|1\n|-damage|p1a: Clefable|0 fnt\n|faint|p1a: Clefable\n|-ability|p2b: Krookodile|Moxie|boost\n|-boost|p2b: Krookodile|atk|1\n|move|p1b: Meganium|Solar Beam||[still]\n|-prepare|p1b: Meganium|Solar Beam\n|-activate|p1b: Meganium|ability: Mega Sol\n|-anim|p1b: Meganium|Solar Beam|p2b: Krookodile\n|-supereffective|p2b: Krookodile|1\n|-damage|p2b: Krookodile|0 fnt\n|faint|p2b: Krookodile\n|move|p2a: Incineroar|Flare Blitz|p1b: Meganium\n|-supereffective|p1b: Meganium|1\n|-damage|p1b: Meganium|0 fnt\n|faint|p1b: Meganium\n|-damage|p2a: Incineroar|80/100|[from] Recoil\n|\n|upkeep\n|\n|t:|1788355070\n|switch|p2b: Blaziken|Blaziken, L50, M|4/100\n|switch|p1b: Rotom|Rotom-Heat, L50|100/100\n|switch|p1a: Gengar|Gengar, L50, F|100/100\n|turn|6\n|\n|t:|1788355083\n|move|p2b: Blaziken|Protect|p2b: Blaziken\n|-singleturn|p2b: Blaziken|Protect\n|move|p1a: Gengar|Sludge Bomb|p2a: Incineroar\n|-damage|p2a: Incineroar|35/100\n|-status|p2a: Incineroar|psn\n|move|p1b: Rotom|Thunderbolt|p2a: Incineroar\n|-damage|p2a: Incineroar|0 fnt\n|faint|p2a: Incineroar\n|\n|-ability|p2b: Blaziken|Speed Boost|boost\n|-boost|p2b: Blaziken|spe|1\n|upkeep\n|turn|7\n|\n|t:|1788355094\n|move|p2b: Blaziken|Rock Slide|p1a: Gengar|[spread] p1a,p1b\n|-supereffective|p1b: Rotom|1\n|-enditem|p1b: Rotom|Charti Berry|[eat]\n|-enditem|p1b: Rotom|Charti Berry|[weaken]\n|-damage|p1a: Gengar|66/100\n|-damage|p1b: Rotom|77/100\n|move|p1a: Gengar|Sludge Bomb|p2b: Blaziken\n|-damage|p2b: Blaziken|0 fnt\n|faint|p2b: Blaziken\n|\n|win|777skills\n|raw|777skills's rating: 1176 &rarr; <strong>1206</strong><br />(+30 for winning)\n|raw|ggfhh's rating: 1250 &rarr; <strong>1220</strong><br />(-30 for losing)\n|l|☆ggfhh\n|player|p2|\n","uploadtime":1788355104,"views":"0","formatid":"gen9championsvgc2026regmb","rating":1206,"private":0,"password":null}