{"id":"gen9championsvgc2026regmbbo3-2673333634","format":"[Gen 9 Champions] VGC 2026 Reg M-B (Bo3)","players":["returningto","jerninja"],"log":"|j|☆returningto\n|j|☆jerninja\n|html|<table width=\"100%\"><tr><td align=\"left\">returningto</td><td align=\"right\">jerninja</tr><tr><td align=\"left\"><i class=\"fa fa-circle-o\"></i> <i class=\"fa fa-circle-o\"></i> </td><td align=\"right\"><i class=\"fa fa-circle-o\"></i> <i class=\"fa fa-circle-o\"></i> </tr></table>\n|uhtml|bestof|<h2><strong>Game 1</strong> of <a href=\"/game-bestof3-gen9championsvgc2026regmbbo3-2673333633\">a best-of-3</a></h2>\n|t:|1788184748\n|gametype|doubles\n|player|p1|returningto|1|1015\n|player|p2|jerninja|101|1000\n|gen|9\n|tier|[Gen 9 Champions] VGC 2026 Reg M-B (Bo3)\n|rated|\n|rule|Species Clause: Limit one of each Pokémon\n|rule|Item Clause: Limit 1 of each item\n|clearpoke\n|poke|p1|Tinkaton, L50, F|\n|poke|p1|Medicham, L50, M|\n|poke|p1|Sinistcha, L50|\n|poke|p1|Aerodactyl, L50, M|\n|poke|p1|Kingambit, L50, F|\n|poke|p1|Hydreigon, L50, F|\n|poke|p2|Eelektross, L50, M|\n|poke|p2|Steelix, L50, M|\n|poke|p2|Aegislash, L50, F, shiny|\n|poke|p2|Armarouge, L50, F, shiny|\n|poke|p2|Sylveon, L50, F|\n|poke|p2|Froslass, L50, F|\n|teampreview|4\n|showteam|p1|Tinkaton||QuickClaw|OwnTempo|FakeOut,GigatonHammer,PlayRough,Protect|Adamant||F|||50|]Medicham||FocusSash|PurePower|CloseCombat,FakeOut,Detect,SkillSwap|Jolly||M|||50|]Sinistcha||SitrusBerry|Hospitality|MatchaGotcha,RagePowder,TrickRoom,Protect|Modest|||||50|]Aerodactyl||Aerodactylite|Unnerve|RockSlide,DualWingbeat,Tailwind,WideGuard|Jolly||M|||50|]Kingambit||BlackGlasses|Defiant|SuckerPunch,KowtowCleave,IronHead,Protect|Adamant||F|||50|]Hydreigon||ChopleBerry|Levitate|DracoMeteor,DarkPulse,NastyPlot,Protect|Timid||F|||50|\n|showteam|p2|Eelektross||Eelektrossite|Levitate|Liquidation,SupercellSlam,Crunch,Protect|Jolly||M|||50|]Steelix||Steelixite|Sturdy|IceFang,StompingTantrum,IronHead,FireFang|Brave||M|||50|]Aegislash||FocusSash|StanceChange|SacredSword,KingsShield,Poltergeist,IronHead|Serious||F|||50|]Armarouge||Charcoal|FlashFire|Flamethrower,ScorchingSands,ShadowBall,DarkPulse|Serious||F|||50|]Sylveon||Leftovers|Pixilate|HyperVoice,HyperBeam,QuickAttack,LightScreen|Bold||F|||50|]Froslass||Froslassite|CursedBody|Blizzard,Hex,Thunder,Protect|Timid||F|||50|\n|inactive|Battle timer is ON: inactive players will automatically lose when time's up. (requested by returningto)\n|\n|t:|1788184770\n|teamsize|p1|4\n|teamsize|p2|4\n|start\n|switch|p1a: Tinkaton|Tinkaton, L50, F|100/100\n|switch|p1b: Medicham|Medicham, L50, M|100/100\n|switch|p2a: Armarouge|Armarouge, L50, F, shiny|100/100\n|switch|p2b: Collapse|Steelix, L50, M|100/100\n|turn|1\n|inactive|returningto has 30 seconds left.\n|inactive|jerninja has 30 seconds left.\n|inactive|returningto has 20 seconds left.\n|-activate|p1a: Tinkaton|item: Quick Claw\n|\n|t:|1788184806\n|move|p1a: Tinkaton|Fake Out|p2a: Armarouge\n|-damage|p2a: Armarouge|90/100\n|move|p1b: Medicham|Skill Swap|p1a: Tinkaton\n|-activate|p1b: Medicham|Skill Swap|||[of] p1a: Tinkaton\n|-hint|Skill Swap does not announce the abilities of the Pokémon when used between allies.\n|cant|p2a: Armarouge|flinch\n|move|p2b: Collapse|Iron Head|p1b: Medicham\n|-damage|p1b: Medicham|46/100\n|\n|upkeep\n|turn|2\n|\n|t:|1788184826\n|move|p1b: Medicham|Close Combat|p2b: Collapse\n|-supereffective|p2b: Collapse|1\n|-damage|p2b: Collapse|51/100\n|-unboost|p1b: Medicham|def|1\n|-unboost|p1b: Medicham|spd|1\n|move|p1a: Tinkaton|Gigaton Hammer|p2a: Armarouge\n|-resisted|p2a: Armarouge|1\n|-damage|p2a: Armarouge|38/100\n|move|p2a: Armarouge|Flamethrower|p1a: Tinkaton\n|-supereffective|p1a: Tinkaton|1\n|-damage|p1a: Tinkaton|17/100\n|move|p2b: Collapse|Iron Head|p1b: Medicham\n|-damage|p1b: Medicham|0 fnt\n|faint|p1b: Medicham\n|\n|upkeep\n|\n|t:|1788184848\n|switch|p1b: Aerodactyl|Aerodactyl, L50, M|100/100\n|-ability|p1b: Aerodactyl|Unnerve\n|turn|3\n|\n|t:|1788184865\n|detailschange|p1b: Aerodactyl|Aerodactyl-Mega, L50, M\n|-mega|p1b: Aerodactyl|Aerodactyl|Aerodactylite\n|move|p1b: Aerodactyl|Rock Slide|p2b: Collapse|[spread] p2a,p2b\n|-supereffective|p2a: Armarouge|1\n|-resisted|p2b: Collapse|2\n|-damage|p2a: Armarouge|0 fnt\n|-damage|p2b: Collapse|46/100\n|faint|p2a: Armarouge\n|move|p1a: Tinkaton|Play Rough|p2b: Collapse\n|-resisted|p2b: Collapse|1\n|-damage|p2b: Collapse|25/100\n|-unboost|p2b: Collapse|atk|1\n|move|p2b: Collapse|Ice Fang|p1b: Aerodactyl\n|-supereffective|p1b: Aerodactyl|1\n|-crit|p1b: Aerodactyl\n|-damage|p1b: Aerodactyl|28/100\n|\n|upkeep\n|\n|t:|1788184883\n|switch|p2a: Komi|Froslass, L50, F|100/100\n|turn|4\n|\n|t:|1788184892\n|detailschange|p2a: Komi|Froslass-Mega, L50, F\n|-mega|p2a: Komi|Froslass|Froslassite\n|-weather|Snowscape|[from] ability: Snow Warning|[of] p2a: Komi\n|move|p1b: Aerodactyl|Rock Slide|p2a: Komi|[spread] p2a,p2b\n|-supereffective|p2a: Komi|1\n|-resisted|p2b: Collapse|2\n|-damage|p2a: Komi|41/100\n|-damage|p2b: Collapse|21/100\n|move|p2a: Komi|Blizzard|p1b: Aerodactyl|[spread] p1a,p1b\n|-resisted|p1a: Tinkaton|1\n|-supereffective|p1b: Aerodactyl|1\n|-damage|p1a: Tinkaton|0 fnt\n|-damage|p1b: Aerodactyl|0 fnt\n|faint|p1a: Tinkaton\n|faint|p1b: Aerodactyl\n|move|p2b: Collapse|Stomping Tantrum|p1: Tinkaton|[notarget]\n|-fail|p2b: Collapse\n|\n|-weather|Snowscape|[upkeep]\n|upkeep\n|\n|t:|1788184906\n|switch|p1b: Kingambit|Kingambit, L50, F|100/100\n|turn|5\n|\n|t:|1788184918\n|move|p1b: Kingambit|Sucker Punch|p2a: Komi\n|-supereffective|p2a: Komi|1\n|-damage|p2a: Komi|0 fnt\n|faint|p2a: Komi\n|move|p2b: Collapse|Fire Fang|p1b: Kingambit\n|-supereffective|p1b: Kingambit|1\n|-damage|p1b: Kingambit|80/100\n|\n|-weather|Snowscape|[upkeep]\n|upkeep\n|\n|t:|1788184927\n|switch|p2a: Aegislash|Aegislash, L50, F, shiny|100/100\n|turn|6\n|\n|t:|1788184945\n|move|p2a: Aegislash|King's Shield|p2a: Aegislash\n|-singleturn|p2a: Aegislash|Protect\n|move|p1b: Kingambit|Kowtow Cleave|p2b: Collapse\n|-damage|p2b: Collapse|0 fnt\n|faint|p2b: Collapse\n|\n|-weather|Snowscape|[upkeep]\n|upkeep\n|turn|7\n|\n|t:|1788184962\n|move|p1b: Kingambit|Sucker Punch|p2a: Aegislash\n|-supereffective|p2a: Aegislash|1\n|-damage|p2a: Aegislash|16/100\n|-formechange|p2a: Aegislash|Aegislash-Blade|\n|move|p2a: Aegislash|Sacred Sword|p1b: Kingambit\n|-supereffective|p1b: Kingambit|2\n|-damage|p1b: Kingambit|0 fnt\n|faint|p1b: Kingambit\n|\n|win|jerninja\n||returningto is ready for game 2.\n|inactive|jerninja has 30 seconds to confirm battle start!\n","uploadtime":1788184973,"views":"0","formatid":"gen9championsvgc2026regmbbo3","rating":null,"private":0,"password":null}