{"id":"gen9championsvgc2026regmb-2674407290","format":"[Gen 9 Champions] VGC 2026 Reg M-B","players":["469ma","Venusaur-Saurr"],"log":"|j|☆469ma\n|j|‽Venusaur-Saurr\n|t:|1788355972\n|gametype|doubles\n|player|p1|469ma|169|1206\n|player|p2|Venusaur-Saurr|riley|1285\n|gen|9\n|tier|[Gen 9 Champions] VGC 2026 Reg M-B\n|rated|\n|rule|Species Clause: Limit one of each Pokémon\n|rule|Item Clause: Limit 1 of each item\n|clearpoke\n|poke|p1|Floette-Eternal, L50, F|\n|poke|p1|Whimsicott, L50, M|\n|poke|p1|Arcanine-Hisui, L50, F|\n|poke|p1|Basculegion, L50, M|\n|poke|p1|Kingambit, L50, F|\n|poke|p1|Dragonite, L50, F|\n|poke|p2|Aegislash, L50, M|\n|poke|p2|Slowking-Galar, L50, F|\n|poke|p2|Altaria, L50, F|\n|poke|p2|Meowscarada, L50, F|\n|poke|p2|Rotom-Wash, L50|\n|poke|p2|Camerupt, L50, F|\n|teampreview|4\n|inactive|Battle timer is ON: inactive players will automatically lose when time's up. (requested by Venusaur-Saurr)\n|inactive|Venusaur-Saurr has 60 seconds left.\n|\n|t:|1788356013\n|teamsize|p1|4\n|teamsize|p2|4\n|start\n|switch|p1a: Whimsicott|Whimsicott, L50, M|100/100\n|switch|p1b: Arcanine|Arcanine-Hisui, L50, F|100/100\n|switch|p2a: Meowscarada|Meowscarada, L50, F|100/100\n|switch|p2b: Altaria|Altaria, L50, F|100/100\n|-ability|p2b: Altaria|Cloud Nine\n|turn|1\n|inactive|469ma has 30 seconds left.\n|\n|t:|1788356044\n|detailschange|p2b: Altaria|Altaria-Mega, L50, F\n|-mega|p2b: Altaria|Altaria|Altarianite\n|move|p1a: Whimsicott|Tailwind|p1a: Whimsicott\n|-sidestart|p1: 469ma|move: Tailwind\n|move|p1b: Arcanine|Head Smash|p2b: Altaria\n|-damage|p2b: Altaria|2/100\n|-damage|p1b: Arcanine|90/100|[from] item: Life Orb\n|move|p2a: Meowscarada|U-turn|p1b: Arcanine\n|-start|p2a: Meowscarada|typechange|Bug|[from] ability: Protean\n|-resisted|p1b: Arcanine|1\n|-damage|p1b: Arcanine|67/100\n|\n|t:|1788356059\n|switch|p2a: Rotom|Rotom-Wash, L50|100/100|[from] U-turn\n|move|p2b: Altaria|Earthquake|p1b: Arcanine|[spread] p1a,p1b\n|-immune|p2a: Rotom|[from] ability: Levitate\n|-resisted|p1a: Whimsicott|1\n|-supereffective|p1b: Arcanine|2\n|-damage|p1a: Whimsicott|81/100\n|-damage|p1b: Arcanine|0 fnt\n|faint|p1b: Arcanine\n|\n|upkeep\n|\n|t:|1788356071\n|switch|p1b: Floette|Floette-Eternal, L50, F|100/100\n|turn|2\n|\n|t:|1788356092\n|switch|p2b: Slowking|Slowking-Galar, L50, F|100/100\n|move|p1a: Whimsicott|Moonblast|p2b: Slowking\n|-resisted|p2b: Slowking|1\n|-damage|p2b: Slowking|86/100\n|move|p1b: Floette|Dazzling Gleam|p2a: Rotom|[spread] p2a,p2b\n|-resisted|p2b: Slowking|1\n|-damage|p2a: Rotom|66/100\n|-damage|p2b: Slowking|73/100\n|move|p2a: Rotom|Light Screen|p2a: Rotom\n|-sidestart|p2: Venusaur-Saurr|move: Light Screen\n|\n|upkeep\n|turn|3\n|\n|t:|1788356117\n|switch|p1b: Kingambit|Kingambit, L50, F|100/100\n|move|p1a: Whimsicott|Encore|p2a: Rotom\n|-start|p2a: Rotom|Encore\n|move|p2a: Rotom|Light Screen||[still]\n|-fail|p2a: Rotom\n|move|p2b: Slowking|Sludge Bomb|p1a: Whimsicott\n|-supereffective|p1a: Whimsicott|2\n|-damage|p1a: Whimsicott|0 fnt\n|faint|p1a: Whimsicott\n|\n|upkeep\n|\n|t:|1788356127\n|switch|p1a: Floette|Floette-Eternal, L50, F|100/100\n|turn|4\n|\n|t:|1788356142\n|switch|p2a: Altaria|Altaria-Mega, L50, F|2/100\n|detailschange|p1a: Floette|Floette-Mega, L50, F\n|-mega|p1a: Floette|Floette|Floettite\n|-ability|p1a: Floette|Fairy Aura\n|move|p1b: Kingambit|Sucker Punch||[still]\n|-fail|p1b: Kingambit\n|move|p1a: Floette|Moonblast|p2b: Slowking\n|-resisted|p2b: Slowking|1\n|-damage|p2b: Slowking|52/100\n|move|p2b: Slowking|Trick Room|p2b: Slowking\n|-fieldstart|move: Trick Room|[of] p2b: Slowking\n|\n|-sideend|p1: 469ma|move: Tailwind\n|upkeep\n|turn|5\n|inactive|Venusaur-Saurr has 30 seconds left.\n|\n|t:|1788356168\n|move|p1b: Kingambit|Sucker Punch||[still]\n|-fail|p1b: Kingambit\n|-prepare|p2b: Slowking|Chilly Reception|[premajor]\n|move|p2b: Slowking|Chilly Reception|p2b: Slowking\n|-weather|Snowscape\n|\n|t:|1788356173\n|-heal|p2b: Slowking|86/100|[from] ability: Regenerator|[silent]\n|switch|p2b: Rotom|Rotom-Wash, L50|66/100|[from] Chilly Reception\n|move|p2a: Altaria|Roost|p2a: Altaria\n|-heal|p2a: Altaria|52/100\n|-singleturn|p2a: Altaria|move: Roost\n|move|p1a: Floette|Dazzling Gleam|p2a: Altaria|[spread] p2a,p2b\n|-supereffective|p2a: Altaria|1\n|-damage|p2a: Altaria|0 fnt\n|-damage|p2b: Rotom|28/100\n|-enditem|p2b: Rotom|Sitrus Berry|[eat]\n|-heal|p2b: Rotom|53/100|[from] item: Sitrus Berry\n|faint|p2a: Altaria\n|\n|-weather|Snowscape|[upkeep]\n|upkeep\n|\n|t:|1788356188\n|switch|p2a: Slowking|Slowking-Galar, L50, F|86/100\n|turn|6\n|\n|t:|1788356214\n|move|p2a: Slowking|Sludge Bomb|p1a: Floette\n|-supereffective|p1a: Floette|1\n|-damage|p1a: Floette|31/100\n|move|p1b: Kingambit|Kowtow Cleave|p2b: Rotom\n|-damage|p2b: Rotom|3/100\n|move|p2b: Rotom|Hydro Pump|p1a: Floette\n|-damage|p1a: Floette|0 fnt\n|faint|p1a: Floette\n|\n|-weather|Snowscape|[upkeep]\n|-sideend|p2: Venusaur-Saurr|move: Light Screen\n|upkeep\n|turn|7\n|\n|t:|1788356231\n|move|p2a: Slowking|Ice Beam|p1b: Kingambit\n|-resisted|p1b: Kingambit|1\n|-damage|p1b: Kingambit|87/100\n|move|p1b: Kingambit|Kowtow Cleave|p2a: Slowking\n|-supereffective|p2a: Slowking|1\n|-damage|p2a: Slowking|0 fnt\n|faint|p2a: Slowking\n|move|p2b: Rotom|Light Screen|p2b: Rotom\n|-sidestart|p2: Venusaur-Saurr|move: Light Screen\n|\n|-weather|Snowscape|[upkeep]\n|upkeep\n|\n|t:|1788356235\n|switch|p2a: Meowscarada|Meowscarada, L50, F|100/100\n|turn|8\n|\n|t:|1788356247\n|move|p1b: Kingambit|Kowtow Cleave|p2a: Meowscarada\n|-resisted|p2a: Meowscarada|1\n|-damage|p2a: Meowscarada|45/100\n|move|p2b: Rotom|Hydro Pump|p1b: Kingambit\n|-damage|p1b: Kingambit|47/100\n|move|p2a: Meowscarada|Aura Sphere|p1b: Kingambit\n|-start|p2a: Meowscarada|typechange|Fighting|[from] ability: Protean\n|-supereffective|p1b: Kingambit|2\n|-damage|p1b: Kingambit|0 fnt\n|faint|p1b: Kingambit\n|\n|win|Venusaur-Saurr\n|raw|469ma's rating: 1206 &rarr; <strong>1187</strong><br />(-19 for losing)\n|raw|Venusaur-Saurr's rating: 1285 &rarr; <strong>1304</strong><br />(+19 for winning)\n|l|☆469ma\n|player|p1|\n","uploadtime":1788356262,"views":"2","formatid":"gen9championsvgc2026regmb","rating":1187,"private":0,"password":null}