{"id":"gen9championsvgc2026regmb-2674897740","format":"[Gen 9 Champions] VGC 2026 Reg M-B","players":["Alisuzinho","Thornlace48812"],"log":"|j|‽Alisuzinho\n|j|☆Thornlace48812\n|t:|1788431747\n|gametype|doubles\n|player|p1|Alisuzinho|169|1232\n|player|p2|Thornlace48812|102|1156\n|gen|9\n|tier|[Gen 9 Champions] VGC 2026 Reg M-B\n|rated|\n|rule|Species Clause: Limit one of each Pokémon\n|rule|Item Clause: Limit 1 of each item\n|clearpoke\n|poke|p1|Golurk, L50|\n|poke|p1|Alakazam, L50, M|\n|poke|p1|Milotic, L50, F|\n|poke|p1|Farigiraf, L50, F|\n|poke|p1|Torkoal, L50, F|\n|poke|p1|Whimsicott, L50, F|\n|poke|p2|Garchomp, L50, M|\n|poke|p2|Charizard, L50, M|\n|poke|p2|Whimsicott, L50, F|\n|poke|p2|Sylveon, L50, F|\n|poke|p2|Kingambit, L50, F|\n|poke|p2|Basculegion, L50, M|\n|teampreview|4\n|inactive|Battle timer is ON: inactive players will automatically lose when time's up. (requested by Thornlace48812)\nThornlace48812 rejected open team sheets.\n|\n|t:|1788431778\n|teamsize|p1|4\n|teamsize|p2|4\n|start\n|switch|p1a: Torkoal|Torkoal, L50, F|100/100\n|switch|p1b: Alakazam|Alakazam, L50, M|100/100\n|switch|p2a: Sylveon|Sylveon, L50, F|100/100\n|switch|p2b: Garchomp|Garchomp, L50, M|100/100\n|-weather|SunnyDay|[from] ability: Drought|[of] p1a: Torkoal\n|turn|1\n|\n|t:|1788431786\n|move|p1b: Alakazam|Speed Swap|p1a: Torkoal\n|-activate|p1b: Alakazam|move: Speed Swap|[of] p1a: Torkoal\n|move|p1a: Torkoal|Eruption|p2a: Sylveon|[spread] p2a,p2b\n|-resisted|p2b: Garchomp|1\n|-damage|p2a: Sylveon|45/100\n|-damage|p2b: Garchomp|60/100\n|move|p2b: Garchomp|Rock Slide|p1b: Alakazam|[spread] p1a,p1b\n|-supereffective|p1a: Torkoal|1\n|-damage|p1a: Torkoal|60/100\n|-damage|p1b: Alakazam|36/100\n|-damage|p2b: Garchomp|50/100g|[from] item: Life Orb\n|move|p2a: Sylveon|Hyper Voice|p1b: Alakazam|[spread] p1a,p1b\n|-resisted|p1a: Torkoal|1\n|-damage|p1a: Torkoal|27/100\n|-damage|p1b: Alakazam|0 fnt\n|faint|p1b: Alakazam\n|\n|-weather|SunnyDay|[upkeep]\n|upkeep\n|\n|t:|1788431799\n|switch|p1b: Whimsicott|Whimsicott, L50, F|100/100\n|turn|2\n|\n|t:|1788431806\n|move|p1a: Torkoal|Heat Wave|p2a: Sylveon|[spread] p2a,p2b\n|-resisted|p2b: Garchomp|1\n|-damage|p2a: Sylveon|14/100\n|-damage|p2b: Garchomp|26/100\n|move|p2b: Garchomp|Dragon Claw|p1a: Torkoal\n|-damage|p1a: Torkoal|0 fnt\n|faint|p1a: Torkoal\n|-damage|p2b: Garchomp|16/100|[from] item: Life Orb\n|move|p2a: Sylveon|Hyper Voice|p1b: Whimsicott\n|-enditem|p1b: Whimsicott|Focus Sash\n|-damage|p1b: Whimsicott|1/100\n|move|p1b: Whimsicott|Trick Room|p1b: Whimsicott\n|-fieldstart|move: Trick Room|[of] p1b: Whimsicott\n|\n|-weather|SunnyDay|[upkeep]\n|upkeep\n|\n|t:|1788431818\n|switch|p1a: Golurk|Golurk, L50|100/100\n|turn|3\n|\n|t:|1788431841\n|detailschange|p1a: Golurk|Golurk-Mega, L50\n|-mega|p1a: Golurk|Golurk|Golurkite\n|move|p2a: Sylveon|Detect|p2a: Sylveon\n|-singleturn|p2a: Sylveon|Protect\n|move|p1a: Golurk|Ice Punch|p2a: Sylveon\n|-ability|p1a: Golurk|Unseen Fist\n|-zbroken|p2a: Sylveon\n|-damage|p2a: Sylveon|3/100\n|move|p1b: Whimsicott|Moonblast|p2b: Garchomp\n|-supereffective|p2b: Garchomp|1\n|-damage|p2b: Garchomp|0 fnt\n|faint|p2b: Garchomp\n|\n|-weather|SunnyDay|[upkeep]\n|upkeep\n|\n|t:|1788431841\n|switch|p2b: Charizard|Charizard, L50, M|100/100\n|turn|4\n|\n|t:|1788431856\n|detailschange|p2b: Charizard|Charizard-Mega-Y, L50, M\n|-mega|p2b: Charizard|Charizard|Charizardite Y\n|move|p2a: Sylveon|Detect||[still]\n|-fail|p2a: Sylveon\n|move|p1b: Whimsicott|Encore|p2a: Sylveon\n|-start|p2a: Sylveon|Encore\n|move|p1a: Golurk|Poltergeist|p2b: Charizard|[miss]\n|-miss|p1a: Golurk|p2b: Charizard\n|move|p2b: Charizard|Heat Wave|p1b: Whimsicott|[spread] p1a,p1b\n|-supereffective|p1b: Whimsicott|1\n|-damage|p1a: Golurk|35/100\n|-damage|p1b: Whimsicott|0 fnt\n|faint|p1b: Whimsicott\n|\n|-weather|SunnyDay|[upkeep]\n|upkeep\n|turn|5\n|\n|t:|1788431866\n|move|p2a: Sylveon|Detect|p2a: Sylveon\n|-singleturn|p2a: Sylveon|Protect\n|move|p1a: Golurk|Poltergeist|p2b: Charizard\n|-activate|p2b: Charizard|move: Poltergeist|Charizardite Y\n|-damage|p2b: Charizard|17/100\n|move|p2b: Charizard|Heat Wave|p1a: Golurk\n|-damage|p1a: Golurk|0 fnt\n|faint|p1a: Golurk\n|\n|win|Thornlace48812\n|raw|Alisuzinho's rating: 1232 &rarr; <strong>1200</strong><br />(-32 for losing)\n|raw|Thornlace48812's rating: 1128 &rarr; <strong>1160</strong><br />(+32 for winning)\n","uploadtime":1788431868,"views":"1","formatid":"gen9championsvgc2026regmb","rating":1160,"private":0,"password":null}