{"id":"gen9championsvgc2026regmbbo3-2674676051","format":"[Gen 9 Champions] VGC 2026 Reg M-B (Bo3)","players":["disciple of blahaj","galarian saif"],"log":"|j|☆disciple of blahaj\n|j|☆galarian saif\n|html|<table width=\"100%\"><tr><td align=\"left\">disciple of blahaj</td><td align=\"right\">galarian saif</tr><tr><td align=\"left\"><i class=\"fa fa-circle-o\"></i> <i class=\"fa fa-circle-o\"></i> </td><td align=\"right\"><i class=\"fa fa-circle-o\"></i> <i class=\"fa fa-circle-o\"></i> </tr></table>\n|uhtml|bestof|<h2><strong>Game 1</strong> of <a href=\"/game-bestof3-gen9championsvgc2026regmbbo3-2674676050\">a best-of-3</a></h2>\n|t:|1788388882\n|gametype|doubles\n|player|p1|disciple of blahaj|jacinthe|1195\n|player|p2|galarian saif|falkner|1165\n|gen|9\n|tier|[Gen 9 Champions] VGC 2026 Reg M-B (Bo3)\n|rated|\n|rule|Species Clause: Limit one of each Pokémon\n|rule|Item Clause: Limit 1 of each item\n|clearpoke\n|poke|p1|Eelektross, L50, M|\n|poke|p1|Garchomp, L50, F|\n|poke|p1|Aerodactyl, L50, F|\n|poke|p1|Sinistcha, L50|\n|poke|p1|Toxapex, L50, F|\n|poke|p1|Froslass, L50, F, shiny|\n|poke|p2|Gardevoir, L50, F|\n|poke|p2|Sneasler, L50, F|\n|poke|p2|Incineroar, L50, M|\n|poke|p2|Milotic, L50, F|\n|poke|p2|Sinistcha, L50|\n|poke|p2|Tyranitar, L50, F|\n|teampreview|4\n|showteam|p1|Eelektross||Eelektrossite|Levitate|Protect,Discharge,VoltSwitch,Flamethrower|Modest||M|||50|]Garchomp||ChoiceScarf|RoughSkin|Earthquake,RockSlide,DragonClaw,StompingTantrum|Adamant||F|||50|]Aerodactyl||FocusSash|Unnerve|Protect,RockSlide,DualWingbeat,Tailwind|Jolly||F|||50|]Sinistcha||SitrusBerry|Hospitality|Protect,MatchaGotcha,ShadowBall,TrickRoom|Calm|||||50|]Toxapex||Leftovers|Regenerator|BanefulBunker,Toxic,Infestation,WideGuard|Sassy||F|||50|]Froslass||Froslassite|CursedBody|AuroraVeil,Blizzard,ShadowBall,Taunt|Modest||F|||50|\n|showteam|p2|Gardevoir||Gardevoirite|Trace|HyperVoice,Psyshock,CalmMind,Protect|Modest||F|||50|]Sneasler||FocusSash|PoisonTouch|CloseCombat,PoisonJab,FakeOut,QuickGuard|Jolly||F|||50|]Incineroar||SitrusBerry|Intimidate|FlareBlitz,Taunt,PartingShot,FakeOut|Careful||M|||50|]Milotic||Leftovers|Competitive|Scald,Coil,Hypnosis,Recover|Calm||F|||50|]Sinistcha||CobaBerry|Hospitality|MatchaGotcha,LifeDew,RagePowder,Protect|Bold|||||50|]Tyranitar||Tyranitarite|SandStream|RockSlide,KnockOff,DragonDance,Protect|Jolly||F|||50|\n|\n|t:|1788388943\n|teamsize|p1|4\n|teamsize|p2|4\n|start\n|switch|p1a: Eskeelators|Eelektross, L50, M|100/100\n|switch|p1b: Blåhaj|Garchomp, L50, F|100/100\n|switch|p2a: Sneasler|Sneasler, L50, F|100/100\n|switch|p2b: Incineroar|Incineroar, L50, M|100/100\n|-ability|p2b: Incineroar|Intimidate|boost\n|-unboost|p1a: Eskeelators|atk|1\n|-unboost|p1b: Blåhaj|atk|1\n|turn|1\n|inactive|Battle timer is ON: inactive players will automatically lose when time's up. (requested by disciple of blahaj)\n|inactive|galarian saif has 60 seconds left.\n|\n|t:|1788388976\n|detailschange|p1a: Eskeelators|Eelektross-Mega, L50, M\n|-mega|p1a: Eskeelators|Eelektross|Eelektrossite\n|move|p2b: Incineroar|Fake Out|p1b: Blåhaj\n|-damage|p1b: Blåhaj|88/100\n|-damage|p2b: Incineroar|87/100|[from] ability: Rough Skin|[of] p1b: Blåhaj\n|cant|p1b: Blåhaj|flinch\n|move|p2a: Sneasler|Close Combat|p1a: Eskeelators\n|-damage|p1a: Eskeelators|18/100\n|-unboost|p2a: Sneasler|def|1\n|-unboost|p2a: Sneasler|spd|1\n|move|p1a: Eskeelators|Discharge|p2b: Incineroar|[spread] p2a,p2b\n|-immune|p1b: Blåhaj\n|-damage|p2a: Sneasler|21/100\n|-damage|p2b: Incineroar|56/100\n|-status|p2b: Incineroar|par\n|\n|upkeep\n|turn|2\n|inactive|disciple of blahaj has 30 seconds left.\n|inactive|galarian saif has 30 seconds left.\n|inactive|disciple of blahaj has 20 seconds left.\n|inactive|disciple of blahaj has 15 seconds left.\n|\n|t:|1788389016\n|switch|p2a: Sinistcha|Sinistcha, L50|100/100\n|-heal|p2b: Incineroar|81/100 par|[from] ability: Hospitality|[of] p2a: Sinistcha\n|move|p1a: Eskeelators|Protect|p1a: Eskeelators\n|-singleturn|p1a: Eskeelators|Protect\n|move|p1b: Blåhaj|Earthquake|p2a: Sinistcha|[spread] p2a,p2b\n|-activate|p1a: Eskeelators|move: Protect\n|-resisted|p2a: Sinistcha|1\n|-supereffective|p2b: Incineroar|1\n|-damage|p2a: Sinistcha|88/100\n|-damage|p2b: Incineroar|37/100 par\n|-enditem|p2b: Incineroar|Sitrus Berry|[eat]\n|-heal|p2b: Incineroar|62/100 par|[from] item: Sitrus Berry\n|cant|p2b: Incineroar|par\n|\n|upkeep\n|turn|3\n|inactive|galarian saif has 30 seconds left.\n|\n|t:|1788389043\n|switch|p2b: Sneasler|Sneasler, L50, F|21/100\n|move|p1b: Blåhaj|Earthquake|p2a: Sinistcha|[spread] p2a,p2b\n|-immune|p1a: Eskeelators|[from] ability: Eelevate\n|-resisted|p2a: Sinistcha|1\n|-supereffective|p2b: Sneasler|1\n|-damage|p2a: Sinistcha|76/100\n|-damage|p2b: Sneasler|0 fnt\n|faint|p2b: Sneasler\n|move|p1a: Eskeelators|Flamethrower|p2a: Sinistcha\n|-supereffective|p2a: Sinistcha|1\n|-damage|p2a: Sinistcha|11/100\n|move|p2a: Sinistcha|Matcha Gotcha|p1b: Blåhaj|[spread] p1a,p1b\n|-damage|p1a: Eskeelators|0 fnt\n|-heal|p2a: Sinistcha|21/100|[from] drain|[of] p1a: Eskeelators\n|-damage|p1b: Blåhaj|60/100\n|-heal|p2a: Sinistcha|35/100|[from] drain|[of] p1b: Blåhaj\n|faint|p1a: Eskeelators\n|\n|upkeep\n|\n|t:|1788389062\n|switch|p2b: Incineroar|Incineroar, L50, M|62/100 par\n|switch|p1a: Chai Tea|Sinistcha, L50|100/100\n|-ability|p2b: Incineroar|Intimidate|boost\n|-unboost|p1a: Chai Tea|atk|1\n|-unboost|p1b: Blåhaj|atk|1\n|-heal|p1b: Blåhaj|85/100|[from] ability: Hospitality|[of] p1a: Chai Tea\n|turn|4\n|\n|t:|1788389076\n|switch|p1b: コワシイイ|Toxapex, L50, F|100/100\n|move|p1a: Chai Tea|Shadow Ball|p2a: Sinistcha\n|-supereffective|p2a: Sinistcha|1\n|-damage|p2a: Sinistcha|0 fnt\n|faint|p2a: Sinistcha\n|move|p2b: Incineroar|Flare Blitz|p1a: Chai Tea\n|-supereffective|p1a: Chai Tea|1\n|-damage|p1a: Chai Tea|24/100\n|-enditem|p1a: Chai Tea|Sitrus Berry|[eat]\n|-heal|p1a: Chai Tea|49/100|[from] item: Sitrus Berry\n|-damage|p2b: Incineroar|39/100 par|[from] Recoil\n|\n|upkeep\n|\n|t:|1788389090\n|switch|p2a: Tyranitar|Tyranitar, L50, F|100/100\n|-weather|Sandstorm|[from] ability: Sand Stream|[of] p2a: Tyranitar\n|turn|5\n|\n|t:|1788389105\n|detailschange|p2a: Tyranitar|Tyranitar-Mega, L50, F\n|-mega|p2a: Tyranitar|Tyranitar|Tyranitarite\n|move|p2a: Tyranitar|Dragon Dance|p2a: Tyranitar\n|-boost|p2a: Tyranitar|atk|1\n|-boost|p2a: Tyranitar|spe|1\n|move|p1a: Chai Tea|Matcha Gotcha|p2b: Incineroar|[spread] p2a,p2b\n|-supereffective|p2a: Tyranitar|1\n|-resisted|p2b: Incineroar|1\n|-damage|p2a: Tyranitar|71/100\n|-heal|p1a: Chai Tea|63/100|[from] drain|[of] p2a: Tyranitar\n|-damage|p2b: Incineroar|28/100 par\n|-heal|p1a: Chai Tea|69/100|[from] drain|[of] p2b: Incineroar\n|-status|p2a: Tyranitar|brn\n|move|p1b: コワシイイ|Infestation|p2b: Incineroar\n|-damage|p2b: Incineroar|26/100 par\n|-activate|p2b: Incineroar|move: Infestation|[of] p1b: コワシイイ\n|move|p2b: Incineroar|Flare Blitz|p1a: Chai Tea\n|-supereffective|p1a: Chai Tea|1\n|-damage|p1a: Chai Tea|0 fnt\n|faint|p1a: Chai Tea\n|-damage|p2b: Incineroar|4/100 par|[from] Recoil\n|\n|-weather|Sandstorm|[upkeep]\n|-damage|p1b: コワシイイ|94/100|[from] Sandstorm\n|-damage|p2b: Incineroar|0 fnt|[from] Sandstorm\n|faint|p2b: Incineroar\n|-heal|p1b: コワシイイ|100/100|[from] item: Leftovers\n|-damage|p2a: Tyranitar|65/100 brn|[from] brn\n|upkeep\n|-message|galarian saif forfeited.\n|\n|win|disciple of blahaj\n|l|☆galarian saif\n|player|p2|\n|raw|disciple of blahaj's rating: 1195 &rarr; <strong>1218</strong><br />(+23 for winning)\n|raw|galarian saif's rating: 1165 &rarr; <strong>1142</strong><br />(-23 for losing)\n","uploadtime":1788389135,"views":"0","formatid":"gen9championsvgc2026regmbbo3","rating":1142,"private":0,"password":null}