{"id":"gen9championsvgc2026regmb-2673997831","format":"[Gen 9 Champions] VGC 2026 Reg M-B","players":["DominicGV","gackajink"],"log":"|j|☆DominicGV\n|j|☆gackajink\n|t:|1788286407\n|gametype|doubles\n|player|p1|DominicGV|waiter-gen4dp|1394\n|player|p2|gackajink|miku-flying|1377\n|gen|9\n|tier|[Gen 9 Champions] VGC 2026 Reg M-B\n|rated|\n|rule|Species Clause: Limit one of each Pokémon\n|rule|Item Clause: Limit 1 of each item\n|clearpoke\n|poke|p1|Pelipper, L50, M|\n|poke|p1|Basculegion, L50, M|\n|poke|p1|Floette-Eternal, L50, F|\n|poke|p1|Morpeko, L50, F|\n|poke|p1|Dragonite, L50, M|\n|poke|p1|Sneasler, L50, M|\n|poke|p2|Alakazam, L50, M, shiny|\n|poke|p2|Meowstic, L50, M|\n|poke|p2|Annihilape, L50, F, shiny|\n|poke|p2|Whimsicott, L50, M|\n|poke|p2|Maushold-Four, L50|\n|poke|p2|Zoroark, L50, F|\n|teampreview|4\n|inactive|Battle timer is ON: inactive players will automatically lose when time's up. (requested by DominicGV)\n|inactive|DominicGV has 60 seconds left.\n|\n|t:|1788286463\n|teamsize|p1|4\n|teamsize|p2|4\n|start\n|switch|p1a: Morpeko|Morpeko, L50, F|100/100\n|switch|p1b: Floette|Floette-Eternal, L50, F|100/100\n|switch|p2a: Abracadabra|Alakazam, L50, M, shiny|100/100\n|switch|p2b: Vökuró|Meowstic, L50, M|100/100\n|turn|1\n|inactive|gackajink has 30 seconds left.\n|inactive|gackajink has 20 seconds left.\n|\n|t:|1788286499\n|detailschange|p1b: Floette|Floette-Mega, L50, F\n|-mega|p1b: Floette|Floette|Floettite\n|-ability|p1b: Floette|Fairy Aura\n|move|p1a: Morpeko|Fake Out|p2b: Vökuró\n|-damage|p2b: Vökuró|86/100\n|cant|p2b: Vökuró|flinch\n|move|p2a: Abracadabra|Nasty Plot|p2a: Abracadabra\n|-boost|p2a: Abracadabra|spa|2\n|move|p1b: Floette|Calm Mind|p1b: Floette\n|-boost|p1b: Floette|spa|1\n|-boost|p1b: Floette|spd|1\n|\n|-formechange|p1a: Morpeko|Morpeko-Hangry|\n|upkeep\n|turn|2\n|inactive|gackajink has 30 seconds left.\n|\n|t:|1788286533\n|move|p2a: Abracadabra|Protect|p2a: Abracadabra\n|-singleturn|p2a: Abracadabra|Protect\n|move|p1b: Floette|Protect|p1b: Floette\n|-singleturn|p1b: Floette|Protect\n|move|p2b: Vökuró|Psychic Terrain|p2b: Vökuró\n|-fieldstart|move: Psychic Terrain\n|move|p1a: Morpeko|Aura Wheel|p2a: Abracadabra\n|-activate|p2a: Abracadabra|move: Protect\n|\n|-formechange|p1a: Morpeko|Morpeko|\n|upkeep\n|turn|3\n|inactive|gackajink has 30 seconds left.\n|\n|t:|1788286566\n|switch|p2b: Annihilape|Annihilape, L50, F, shiny|100/100\n|detailschange|p2a: Abracadabra|Alakazam-Mega, L50, M, shiny\n|-mega|p2a: Abracadabra|Alakazam|Alakazite\n|-ability|p2a: Abracadabra|Fairy Aura|Trace|[from] ability: Trace|[of] p1b: Floette\n|-ability|p2a: Abracadabra|Fairy Aura\n|move|p2a: Abracadabra|Expanding Force|p1a: Morpeko|[spread] p1b\n|-immune|p1a: Morpeko\n|-damage|p1b: Floette|27/100\n|move|p1a: Morpeko|Aura Wheel|p2b: Annihilape\n|-damage|p2b: Annihilape|46/100\n|-boost|p1a: Morpeko|spe|1\n|move|p1b: Floette|Calm Mind|p1b: Floette\n|-boost|p1b: Floette|spa|1\n|-boost|p1b: Floette|spd|1\n|\n|-formechange|p1a: Morpeko|Morpeko-Hangry|\n|upkeep\n|turn|4\n|\n|t:|1788286591\n|move|p1a: Morpeko|Aura Wheel|p2b: Annihilape\n|-damage|p2b: Annihilape|0 fnt\n|-boost|p1a: Morpeko|spe|1\n|faint|p2b: Annihilape\n|move|p2a: Abracadabra|Expanding Force|p1a: Morpeko|[spread] p1b\n|-immune|p1a: Morpeko\n|-damage|p1b: Floette|0 fnt\n|faint|p1b: Floette\n|\n|-formechange|p1a: Morpeko|Morpeko|\n|upkeep\n|\n|t:|1788286602\n|switch|p2b: Whimsicott|Whimsicott, L50, M|100/100\n|switch|p1b: Basculegion|Basculegion, L50, M|100/100\n|turn|5\n|\n|t:|1788286615\n|move|p1b: Basculegion|Protect|p1b: Basculegion\n|-singleturn|p1b: Basculegion|Protect\n|move|p2b: Whimsicott|Tailwind|p2b: Whimsicott\n|-sidestart|p2: gackajink|move: Tailwind\n|move|p2a: Abracadabra|Expanding Force|p1a: Morpeko|[spread] \n|-activate|p1b: Basculegion|move: Protect\n|-immune|p1a: Morpeko\n|move|p1a: Morpeko|Aura Wheel|p2a: Abracadabra\n|-damage|p2a: Abracadabra|20/100r\n|-boost|p1a: Morpeko|spe|1\n|\n|-formechange|p1a: Morpeko|Morpeko-Hangry|\n|upkeep\n|turn|6\n|\n|t:|1788286634\n|switch|p1b: Pelipper|Pelipper, L50, M|100/100\n|-weather|RainDance|[from] ability: Drizzle|[of] p1b: Pelipper\n|move|p1a: Morpeko|Endeavor|p2b: Whimsicott\n|-damage|p2b: Whimsicott|98/100\n|move|p2a: Abracadabra|Expanding Force|p1a: Morpeko|[spread] p1b\n|-immune|p1a: Morpeko\n|-damage|p1b: Pelipper|0 fnt\n|faint|p1b: Pelipper\n|move|p2b: Whimsicott|Energy Ball|p1a: Morpeko\n|-damage|p1a: Morpeko|24/100\n|\n|-weather|RainDance|[upkeep]\n|-fieldend|move: Psychic Terrain\n|-formechange|p1a: Morpeko|Morpeko|\n|upkeep\n|\n|t:|1788286641\n|switch|p1b: Basculegion|Basculegion, L50, M|100/100\n|turn|7\n|\n|t:|1788286657\n|move|p2a: Abracadabra|Protect|p2a: Abracadabra\n|-singleturn|p2a: Abracadabra|Protect\n|move|p1a: Morpeko|Aura Wheel|p2a: Abracadabra\n|-activate|p2a: Abracadabra|move: Protect\n|move|p2b: Whimsicott|Energy Ball|p1a: Morpeko\n|-damage|p1a: Morpeko|0 fnt\n|faint|p1a: Morpeko\n|move|p1b: Basculegion|Last Respects|p2b: Whimsicott\n|-damage|p2b: Whimsicott|0 fnt\n|faint|p2b: Whimsicott\n|-damage|p1b: Basculegion|90/100|[from] item: Life Orb\n|\n|-weather|RainDance|[upkeep]\n|upkeep\n|\n|t:|1788286670\n|switch|p2b: Vökuró|Meowstic, L50, M|86/100\n|turn|8\n|\n|t:|1788286690\n|move|p2b: Vökuró|Psychic Terrain|p2b: Vökuró\n|-fieldstart|move: Psychic Terrain\n|move|p1b: Basculegion|Aqua Jet|p2a: Abracadabra\n|-activate|p2a: Abracadabra|move: Psychic Terrain\n|move|p2a: Abracadabra|Expanding Force|p1b: Basculegion\n|-damage|p1b: Basculegion|0 fnt\n|faint|p1b: Basculegion\n|\n|win|gackajink\n|raw|DominicGV's rating: 1394 &rarr; <strong>1373</strong><br />(-21 for losing)\n|raw|gackajink's rating: 1377 &rarr; <strong>1398</strong><br />(+21 for winning)\n|l|☆DominicGV\n|player|p1|\n","uploadtime":1788286703,"views":"2","formatid":"gen9championsvgc2026regmb","rating":1373,"private":0,"password":null}