{"id":"gen9championsvgc2026regmb-2674288913","format":"[Gen 9 Champions] VGC 2026 Reg M-B","players":["dimweaker","snoozylax"],"log":"|j|☆dimweaker\n|j|☆snoozylax\n|t:|1788332635\n|gametype|doubles\n|player|p1|dimweaker|swimmerf-gen4|1390\n|player|p2|snoozylax|266|1375\n|gen|9\n|tier|[Gen 9 Champions] VGC 2026 Reg M-B\n|rated|\n|rule|Species Clause: Limit one of each Pokémon\n|rule|Item Clause: Limit 1 of each item\n|clearpoke\n|poke|p1|Milotic, L50, M|\n|poke|p1|Wyrdeer, L50, M|\n|poke|p1|Staraptor, L50, F|\n|poke|p1|Raichu, L50, F|\n|poke|p1|Chandelure, L50, M|\n|poke|p1|Kingambit, L50, F|\n|poke|p2|Kingambit, L50, M|\n|poke|p2|Garchomp, L50, M|\n|poke|p2|Farigiraf, L50, M|\n|poke|p2|Whimsicott, L50, F|\n|poke|p2|Arcanine-Hisui, L50, F|\n|poke|p2|Floette-Eternal, L50, F|\n|teampreview|4\n|inactive|Battle timer is ON: inactive players will automatically lose when time's up. (requested by dimweaker)\n|\n|t:|1788332674\n|teamsize|p1|4\n|teamsize|p2|4\n|start\n|switch|p1a: Wyrdeer|Wyrdeer, L50, M|100/100\n|switch|p1b: Kingambit|Kingambit, L50, F|100/100\n|switch|p2a: Arcanine|Arcanine-Hisui, L50, F|100/100\n|switch|p2b: Garchomp|Garchomp, L50, M|100/100\n|-ability|p1a: Wyrdeer|Intimidate|boost\n|-unboost|p2a: Arcanine|atk|1\n|-unboost|p2b: Garchomp|atk|1\n|turn|1\n|\n|t:|1788332692\n|switch|p1b: Milotic|Milotic, L50, M|100/100\n|move|p2a: Arcanine|Flare Blitz|p1b: Milotic\n|-resisted|p1b: Milotic|1\n|-damage|p1b: Milotic|82/100\n|move|p2b: Garchomp|Stomping Tantrum|p1b: Milotic\n|-damage|p1b: Milotic|54/100\n|-damage|p2b: Garchomp|90/100|[from] item: Life Orb\n|move|p1a: Wyrdeer|Skill Swap|p2b: Garchomp\n|-activate|p1a: Wyrdeer|Skill Swap|Sand Veil|Intimidate|[of] p2b: Garchomp\n|-ability|p2b: Garchomp|Intimidate|boost\n|-unboost|p1a: Wyrdeer|atk|1\n|-unboost|p1b: Milotic|atk|1\n|-ability|p1b: Milotic|Competitive|boost\n|-boost|p1b: Milotic|spa|2\n|\n|-heal|p1b: Milotic|60/100|[from] item: Leftovers\n|upkeep\n|turn|2\n|\n|t:|1788332714\n|move|p2a: Arcanine|Flare Blitz|p1a: Wyrdeer\n|-damage|p1a: Wyrdeer|53/100\n|move|p2b: Garchomp|Rock Slide|p1a: Wyrdeer|[spread] p1a,p1b\n|-damage|p1a: Wyrdeer|36/100\n|-damage|p1b: Milotic|45/100\n|-damage|p2b: Garchomp|80/100|[from] item: Life Orb\n|move|p1b: Milotic|Coil|p1b: Milotic\n|-boost|p1b: Milotic|atk|1\n|-boost|p1b: Milotic|def|1\n|-boost|p1b: Milotic|accuracy|1\n|move|p1a: Wyrdeer|Trick Room|p1a: Wyrdeer\n|-fieldstart|move: Trick Room|[of] p1a: Wyrdeer\n|\n|-heal|p1b: Milotic|51/100|[from] item: Leftovers\n|upkeep\n|turn|3\n|\n|t:|1788332739\n|move|p1b: Milotic|Muddy Water|p2a: Arcanine|[spread] p2a,p2b\n|-supereffective|p2a: Arcanine|2\n|-damage|p2a: Arcanine|0 fnt\n|-damage|p2b: Garchomp|24/100\n|faint|p2a: Arcanine\n|move|p1a: Wyrdeer|Psychic|p2b: Garchomp\n|-damage|p2b: Garchomp|0 fnt\n|faint|p2b: Garchomp\n|\n|-heal|p1b: Milotic|57/100|[from] item: Leftovers\n|upkeep\n|\n|t:|1788332743\n|switch|p2a: Kingambit|Kingambit, L50, M|100/100\n|switch|p2b: Floette|Floette-Eternal, L50, F|100/100\n|turn|4\n|\n|t:|1788332768\n|detailschange|p2b: Floette|Floette-Mega, L50, F\n|-mega|p2b: Floette|Floette|Floettite\n|-ability|p2b: Floette|Fairy Aura\n|move|p2a: Kingambit|Kowtow Cleave|p1a: Wyrdeer\n|-supereffective|p1a: Wyrdeer|1\n|-enditem|p1a: Wyrdeer|Colbur Berry|[eat]\n|-enditem|p1a: Wyrdeer|Colbur Berry|[weaken]\n|-damage|p1a: Wyrdeer|0 fnt\n|faint|p1a: Wyrdeer\n|move|p1b: Milotic|Hypnosis|p2b: Floette\n|-status|p2b: Floette|slp|[from] move: Hypnosis\n|cant|p2b: Floette|slp\n|\n|-heal|p1b: Milotic|63/100|[from] item: Leftovers\n|upkeep\n|\n|t:|1788332776\n|switch|p1a: Kingambit|Kingambit, L50, F|100/100\n|turn|5\n|\n|t:|1788332782\n|-curestatus|p2b: Floette|slp|[msg]\n|move|p2b: Floette|Protect|p2b: Floette\n|-singleturn|p2b: Floette|Protect\n|move|p1a: Kingambit|Iron Head|p2b: Floette\n|-activate|p2b: Floette|move: Protect\n|move|p2a: Kingambit|Low Kick|p1a: Kingambit\n|-supereffective|p1a: Kingambit|2\n|-enditem|p1a: Kingambit|Chople Berry|[eat]\n|-enditem|p1a: Kingambit|Chople Berry|[weaken]\n|-damage|p1a: Kingambit|36/100\n|move|p1b: Milotic|Coil|p1b: Milotic\n|-boost|p1b: Milotic|atk|1\n|-boost|p1b: Milotic|def|1\n|-boost|p1b: Milotic|accuracy|1\n|\n|-heal|p1b: Milotic|69/100|[from] item: Leftovers\n|upkeep\n|turn|6\n|\n|t:|1788332803\n|move|p2a: Kingambit|Protect|p2a: Kingambit\n|-singleturn|p2a: Kingambit|Protect\n|move|p1a: Kingambit|Iron Head|p2b: Floette\n|-supereffective|p2b: Floette|1\n|-damage|p2b: Floette|0 fnt\n|faint|p2b: Floette\n|move|p1b: Milotic|Hypnosis|p2a: Kingambit\n|-activate|p2a: Kingambit|move: Protect\n|\n|-heal|p1b: Milotic|75/100|[from] item: Leftovers\n|-fieldend|move: Trick Room\n|upkeep\n|turn|7\n|\n|t:|1788332821\n|move|p1b: Milotic|Hypnosis|p2a: Kingambit\n|-status|p2a: Kingambit|slp|[from] move: Hypnosis\n|cant|p2a: Kingambit|slp\n|move|p1a: Kingambit|Kowtow Cleave|p2a: Kingambit\n|-resisted|p2a: Kingambit|1\n|-damage|p2a: Kingambit|79/100 slp\n|\n|-heal|p1b: Milotic|81/100|[from] item: Leftovers\n|upkeep\n|turn|8\n|-message|snoozylax forfeited.\n|\n|win|dimweaker\n|raw|dimweaker's rating: 1390 &rarr; <strong>1409</strong><br />(+19 for winning)\n|raw|snoozylax's rating: 1375 &rarr; <strong>1356</strong><br />(-19 for losing)\n|l|☆snoozylax\n|player|p2|\n","uploadtime":1788332827,"views":"1","formatid":"gen9championsvgc2026regmb","rating":1356,"private":0,"password":null}