{"id":"gen9championsvgc2026regmb-2674004532","format":"[Gen 9 Champions] VGC 2026 Reg M-B","players":["futstar24","ethalem77"],"log":"|j|‽futstar24\n|j|☆ethalem77\n|t:|1788287178\n|gametype|doubles\n|player|p1|futstar24|265|1551\n|player|p2|ethalem77|acetrainer-gen4dp|1544\n|gen|9\n|tier|[Gen 9 Champions] VGC 2026 Reg M-B\n|rated|\n|rule|Species Clause: Limit one of each Pokémon\n|rule|Item Clause: Limit 1 of each item\n|clearpoke\n|poke|p1|Scovillain, L50, F|\n|poke|p1|Gholdengo, L50|\n|poke|p1|Staraptor, L50, M|\n|poke|p1|Farigiraf, L50, M|\n|poke|p1|Tyranitar, L50, M|\n|poke|p1|Basculegion, L50, M|\n|poke|p2|Dragonite, L50, F|\n|poke|p2|Sneasler, L50, F|\n|poke|p2|Basculegion, L50, M|\n|poke|p2|Kingambit, L50, M|\n|poke|p2|Garchomp, L50, M|\n|poke|p2|Floette-Eternal, L50, F|\n|teampreview|4\n|inactive|Battle timer is ON: inactive players will automatically lose when time's up. (requested by ethalem77)\nfutstar24 rejected open team sheets.\n|inactive|futstar24 has 60 seconds left.\n|\n|t:|1788287236\n|teamsize|p1|4\n|teamsize|p2|4\n|start\n|switch|p1a: Tyranitar|Tyranitar, L50, M|100/100\n|switch|p1b: Basculegion|Basculegion, L50, M|100/100\n|switch|p2a: Sneasler|Sneasler, L50, F|100/100\n|switch|p2b: Basculegion|Basculegion, L50, M|100/100\n|-weather|Sandstorm|[from] ability: Sand Stream|[of] p1a: Tyranitar\n|turn|1\n|inactive|futstar24 has 30 seconds left.\n|\n|t:|1788287261\n|move|p2b: Basculegion|Protect|p2b: Basculegion\n|-singleturn|p2b: Basculegion|Protect\n|move|p1a: Tyranitar|Protect|p1a: Tyranitar\n|-singleturn|p1a: Tyranitar|Protect\n|move|p1b: Basculegion|Wave Crash|p2a: Sneasler\n|-enditem|p2a: Sneasler|Focus Sash\n|-damage|p2a: Sneasler|1/100\n|-damage|p1b: Basculegion|74/100|[from] Recoil\n|move|p2a: Sneasler|Dire Claw|p1b: Basculegion\n|-resisted|p1b: Basculegion|1\n|-damage|p1b: Basculegion|45/100\n|-status|p1b: Basculegion|psn|[from] ability: Poison Touch|[of] p2a: Sneasler\n|\n|-weather|Sandstorm|[upkeep]\n|-damage|p1b: Basculegion|39/100 psn|[from] Sandstorm\n|-damage|p2a: Sneasler|0 fnt|[from] Sandstorm\n|-damage|p2b: Basculegion|93/100|[from] Sandstorm\n|faint|p2a: Sneasler\n|-damage|p1b: Basculegion|26/100 psn|[from] psn\n|upkeep\n|\n|t:|1788287275\n|switch|p2a: Kingambit|Kingambit, L50, M|100/100\n|turn|2\n|inactive|futstar24 has 30 seconds left.\n|inactive|futstar24 has 20 seconds left.\n|\n|t:|1788287314\n|move|p2a: Kingambit|Sucker Punch|p1b: Basculegion\n|-supereffective|p1b: Basculegion|1\n|-damage|p1b: Basculegion|0 fnt\n|faint|p1b: Basculegion\n|move|p2b: Basculegion|Wave Crash|p1a: Tyranitar\n|-supereffective|p1a: Tyranitar|1\n|-damage|p1a: Tyranitar|0 fnt\n|faint|p1a: Tyranitar\n|-damage|p2b: Basculegion|59/100|[from] Recoil\n|-damage|p2b: Basculegion|50/100g|[from] item: Life Orb\n|\n|-weather|Sandstorm|[upkeep]\n|-damage|p2b: Basculegion|44/100|[from] Sandstorm\n|upkeep\n|\n|t:|1788287320\n|switch|p1b: Gholdengo|Gholdengo, L50|100/100\n|switch|p1a: Staraptor|Staraptor, L50, M|100/100\n|-ability|p1a: Staraptor|Intimidate|boost\n|-unboost|p2a: Kingambit|atk|1\n|-ability|p2a: Kingambit|Defiant|boost\n|-boost|p2a: Kingambit|atk|2\n|-unboost|p2b: Basculegion|atk|1\n|turn|3\n|\n|t:|1788287339\n|switch|p2a: Dragonite|Dragonite, L50, F|100/100\n|detailschange|p1a: Staraptor|Staraptor-Mega, L50, M\n|-mega|p1a: Staraptor|Staraptor|Staraptite\n|move|p1a: Staraptor|Close Combat|p2a: Dragonite\n|-resisted|p2a: Dragonite|1\n|-damage|p2a: Dragonite|82/100\n|-boost|p1a: Staraptor|def|1\n|-boost|p1a: Staraptor|spd|1\n|move|p1b: Gholdengo|Shadow Ball|p2b: Basculegion\n|-supereffective|p2b: Basculegion|1\n|-damage|p2b: Basculegion|0 fnt\n|faint|p2b: Basculegion\n|\n|-weather|Sandstorm|[upkeep]\n|-damage|p1a: Staraptor|93/100|[from] Sandstorm\n|-damage|p2a: Dragonite|76/100|[from] Sandstorm\n|upkeep\n|\n|t:|1788287351\n|switch|p2b: Kingambit|Kingambit, L50, M|100/100\n|turn|4\n|\n|t:|1788287364\n|detailschange|p2a: Dragonite|Dragonite-Mega, L50, F\n|-mega|p2a: Dragonite|Dragonite|Dragoninite\n|move|p2b: Kingambit|Sucker Punch|p1b: Gholdengo\n|-supereffective|p1b: Gholdengo|1\n|-damage|p1b: Gholdengo|8/100\n|move|p1a: Staraptor|Close Combat|p2b: Kingambit\n|-supereffective|p2b: Kingambit|2\n|-enditem|p2b: Kingambit|Chople Berry|[eat]\n|-enditem|p2b: Kingambit|Chople Berry|[weaken]\n|-damage|p2b: Kingambit|9/100\n|-boost|p1a: Staraptor|def|1\n|-boost|p1a: Staraptor|spd|1\n|move|p2a: Dragonite|Heat Wave|p1b: Gholdengo|[spread] p1b\n|-miss|p2a: Dragonite|p1a: Staraptor\n|-supereffective|p1b: Gholdengo|1\n|-crit|p1b: Gholdengo\n|-damage|p1b: Gholdengo|0 fnt\n|faint|p1b: Gholdengo\n|\n|-weather|Sandstorm|[upkeep]\n|-damage|p1a: Staraptor|87/100|[from] Sandstorm\n|-damage|p2a: Dragonite|70/100|[from] Sandstorm\n|upkeep\n|turn|5\n|inactive|futstar24 has 30 seconds left.\n|inactive|ethalem77 has 30 seconds left.\n|\n|t:|1788287398\n|move|p2b: Kingambit|Sucker Punch|p1a: Staraptor\n|-resisted|p1a: Staraptor|1\n|-damage|p1a: Staraptor|76/100\n|move|p1a: Staraptor|Close Combat|p2a: Dragonite\n|-resisted|p2a: Dragonite|1\n|-damage|p2a: Dragonite|40/100\n|-boost|p1a: Staraptor|def|1\n|-boost|p1a: Staraptor|spd|1\n|move|p2a: Dragonite|Heat Wave|p1a: Staraptor\n|-damage|p1a: Staraptor|55/100\n|\n|-weather|none\n|upkeep\n|turn|6\n|\n|t:|1788287420\n|move|p2b: Kingambit|Sucker Punch|p1a: Staraptor\n|-resisted|p1a: Staraptor|1\n|-damage|p1a: Staraptor|47/100\n|move|p1a: Staraptor|Close Combat|p2b: Kingambit\n|-supereffective|p2b: Kingambit|2\n|-damage|p2b: Kingambit|0 fnt\n|-boost|p1a: Staraptor|def|1\n|-boost|p1a: Staraptor|spd|1\n|faint|p2b: Kingambit\n|move|p2a: Dragonite|Dragon Pulse|p1a: Staraptor\n|-crit|p1a: Staraptor\n|-damage|p1a: Staraptor|0 fnt\n|faint|p1a: Staraptor\n|\n|win|ethalem77\n|raw|futstar24's rating: 1551 &rarr; <strong>1531</strong><br />(-20 for losing)\n|raw|ethalem77's rating: 1544 &rarr; <strong>1564</strong><br />(+20 for winning)\n|l|‽futstar24\n|player|p1|\n","uploadtime":1788287431,"views":"0","formatid":"gen9championsvgc2026regmb","rating":1531,"private":0,"password":null}