{"id":"gen9championsvgc2026regmb-2674231792","format":"[Gen 9 Champions] VGC 2026 Reg M-B","players":["SGEPKC203","Koolkidpad"],"log":"|j|☆SGEPKC203\n|j|☆Koolkidpad\n|html|<table width=\"100%\"><tr><td align=\"left\">SGEPKC203</td><td align=\"right\">Koolkidpad</tr><tr><td align=\"left\"><i class=\"fa fa-circle\"></i> <i class=\"fa fa-circle-o\"></i> </td><td align=\"right\"><i class=\"fa fa-circle-o\"></i> <i class=\"fa fa-circle-o\"></i> </tr></table>\n|uhtml|bestof|<h2><strong>Game 2</strong> of <a href=\"/game-bestof3-gen9championsvgc2026regmb-2674229953\">a best-of-3</a></h2>\n|t:|1788319674\n|gametype|doubles\n|player|p1|SGEPKC203|brendan-gen3|\n|player|p2|Koolkidpad|ingo|\n|gen|9\n|tier|[Gen 9 Champions] VGC 2026 Reg M-B\n|rule|Species Clause: Limit one of each Pokémon\n|rule|Item Clause: Limit 1 of each item\n|raw|<div class=\"infobox\"><details class=\"readmore\" open><summary><strong>1 custom rule:</strong></summary> Best of = 3</details></div>\n|clearpoke\n|poke|p1|Kangaskhan, L50, F|\n|poke|p1|Vileplume, L50, M|\n|poke|p1|Houndoom, L50, F|\n|poke|p1|Oranguru, L50, F|\n|poke|p1|Annihilape, L50, M|\n|poke|p1|Torkoal, L50, M|\n|poke|p2|Palafin, L50, M|\n|poke|p2|Tyranitar, L50, F|\n|poke|p2|Steelix, L50, M|\n|poke|p2|Decidueye-Hisui, L50, F|\n|poke|p2|Houndstone, L50, F|\n|poke|p2|Sinistcha-Masterpiece, L50|\n|teampreview|4\n|\n|t:|1788319732\n|teamsize|p1|4\n|teamsize|p2|4\n|start\n|switch|p1a: Kangaskhan|Kangaskhan, L50, F|100/100\n|switch|p1b: Houndoom|Houndoom, L50, F|100/100\n|switch|p2a: Decidueye|Decidueye-Hisui, L50, F|100/100\n|switch|p2b: Palafin|Palafin, L50, M|100/100\n|-ability|p1b: Houndoom|Unnerve\n|turn|1\n|\n|t:|1788319773\n|detailschange|p1b: Houndoom|Houndoom-Mega, L50, F\n|-mega|p1b: Houndoom|Houndoom|Houndoominite\n|move|p1a: Kangaskhan|Fake Out|p2a: Decidueye\n|-damage|p2a: Decidueye|81/100\n|move|p2b: Palafin|Flip Turn|p1b: Houndoom\n|-supereffective|p1b: Houndoom|1\n|-damage|p1b: Houndoom|48/100\n|\n|t:|1788319782\n|detailschange|p2b: Palafin|Palafin-Hero, L50, M\n|switch|p2b: Sinistcha|Sinistcha-Masterpiece, L50|100/100|[from] Flip Turn\n|-heal|p2a: Decidueye|100/100|[from] ability: Hospitality|[of] p2b: Sinistcha\n|move|p1b: Houndoom|Overheat|p2a: Decidueye\n|-supereffective|p2a: Decidueye|1\n|-damage|p2a: Decidueye|0 fnt\n|-unboost|p1b: Houndoom|spa|2\n|faint|p2a: Decidueye\n|\n|upkeep\n|\n|t:|1788319785\n|switch|p2a: Palafin|Palafin-Hero, L50, M|100/100\n|-activate|p2a: Palafin|ability: Zero to Hero\n|turn|2\n|\n|t:|1788319849\n|switch|p1a: Torkoal|Torkoal, L50, M|100/100\n|-weather|SunnyDay|[from] ability: Drought|[of] p1a: Torkoal\n|move|p2a: Palafin|Wave Crash|p1a: Torkoal\n|-supereffective|p1a: Torkoal|1\n|-damage|p1a: Torkoal|48/100\n|-damage|p2a: Palafin|83/100|[from] Recoil\n|move|p1b: Houndoom|Overheat|p2b: Sinistcha|[miss]\n|-miss|p1b: Houndoom|p2b: Sinistcha\n|move|p2b: Sinistcha|Strength Sap|p1b: Houndoom\n|-unboost|p1b: Houndoom|atk|1\n|\n|-weather|SunnyDay|[upkeep]\n|-damage|p1b: Houndoom|36/100|[from] ability: Solar Power|[of] p1b: Houndoom\n|upkeep\n|turn|3\n|\n|t:|1788319886\n|switch|p1b: Kangaskhan|Kangaskhan, L50, F|100/100\n|switch|p2b: Tyranitar|Tyranitar, L50, F|100/100\n|-weather|Sandstorm|[from] ability: Sand Stream|[of] p2b: Tyranitar\n|move|p1a: Torkoal|Protect|p1a: Torkoal\n|-singleturn|p1a: Torkoal|Protect\n|move|p2a: Palafin|Wave Crash|p1a: Torkoal\n|-activate|p1a: Torkoal|move: Protect\n|\n|-weather|Sandstorm|[upkeep]\n|-damage|p2a: Palafin|76/100|[from] Sandstorm\n|-damage|p1b: Kangaskhan|93/100|[from] Sandstorm\n|-damage|p1a: Torkoal|41/100|[from] Sandstorm\n|upkeep\n|turn|4\n|\n|t:|1788319944\n|switch|p1a: Vileplume|Vileplume, L50, M|100/100\n|move|p1b: Kangaskhan|Fake Out|p2a: Palafin\n|-damage|p2a: Palafin|57/100\n|cant|p2a: Palafin|flinch\n|move|p2b: Tyranitar|Dragon Dance|p2b: Tyranitar\n|-boost|p2b: Tyranitar|atk|1\n|-boost|p2b: Tyranitar|spe|1\n|\n|-weather|Sandstorm|[upkeep]\n|-damage|p2a: Palafin|51/100|[from] Sandstorm\n|-damage|p1b: Kangaskhan|87/100|[from] Sandstorm\n|-damage|p1a: Vileplume|94/100|[from] Sandstorm\n|upkeep\n|turn|5\n|\n|t:|1788319994\n|switch|p1a: Torkoal|Torkoal, L50, M|41/100\n|-weather|SunnyDay|[from] ability: Drought|[of] p1a: Torkoal\n|move|p2a: Palafin|Wave Crash|p1b: Kangaskhan\n|-damage|p1b: Kangaskhan|54/100\n|-damage|p2a: Palafin|38/100|[from] Recoil\n|move|p2b: Tyranitar|Knock Off|p1a: Torkoal\n|-damage|p1a: Torkoal|0 fnt\n|-enditem|p1a: Torkoal|Charcoal|[from] move: Knock Off|[of] p2b: Tyranitar\n|faint|p1a: Torkoal\n|move|p1b: Kangaskhan|Low Kick|p2b: Tyranitar\n|-supereffective|p2b: Tyranitar|2\n|-damage|p2b: Tyranitar|0 fnt\n|faint|p2b: Tyranitar\n|\n|-weather|SunnyDay|[upkeep]\n|upkeep\n|\n|t:|1788320007\n|switch|p2b: Sinistcha|Sinistcha-Masterpiece, L50|100/100\n|switch|p1a: Vileplume|Vileplume, L50, M|94/100\n|-heal|p2a: Palafin|63/100|[from] ability: Hospitality|[of] p2b: Sinistcha\n|turn|6\n|\n|t:|1788320043\n|move|p2b: Sinistcha|Rage Powder|p2b: Sinistcha\n|-singleturn|p2b: Sinistcha|move: Rage Powder\n|move|p1b: Kangaskhan|Sucker Punch||[still]\n|-fail|p1b: Kangaskhan\n|move|p2a: Palafin|Wave Crash|p1b: Kangaskhan\n|-damage|p1b: Kangaskhan|20/100y\n|-damage|p2a: Palafin|49/100|[from] Recoil\n|move|p1a: Vileplume|Solar Beam||[still]\n|-prepare|p1a: Vileplume|Solar Beam\n|-anim|p1a: Vileplume|Solar Beam|p2a: Palafin\n|-supereffective|p2a: Palafin|1\n|-damage|p2a: Palafin|0 fnt\n|faint|p2a: Palafin\n|\n|-weather|SunnyDay|[upkeep]\n|upkeep\n|turn|7\n|\n|t:|1788320055\n|move|p1a: Vileplume|Weather Ball|p2b: Sinistcha\n|-supereffective|p2b: Sinistcha|1\n|-damage|p2b: Sinistcha|0 fnt\n|faint|p2b: Sinistcha\n|\n|win|SGEPKC203\n|c|☆SGEPKC203|gg\n|c|☆SGEPKC203|i got replays\n|l|☆Koolkidpad\n|player|p2|\n","uploadtime":1788320145,"views":"16","formatid":"gen9championsvgc2026regmb","rating":null,"private":0,"password":null}