{"id":"gen9championsvgc2026regmb-2674165551","format":"[Gen 9 Champions] VGC 2026 Reg M-B","players":["Arboliever214","CaptainPyrite"],"log":"|j|☆Arboliever214\n|j|☆CaptainPyrite\n|html|<table width=\"100%\"><tr><td align=\"left\">Arboliever214</td><td align=\"right\">CaptainPyrite</tr><tr><td align=\"left\"><i class=\"fa fa-circle-o\"></i> <i class=\"fa fa-circle-o\"></i> </td><td align=\"right\"><i class=\"fa fa-circle-o\"></i> <i class=\"fa fa-circle-o\"></i> </tr></table>\n|uhtml|bestof|<h2><strong>Game 1</strong> of <a href=\"/game-bestof3-gen9championsvgc2026regmb-2674165550\">a best-of-3</a></h2>\n|t:|1788308967\n|gametype|doubles\n|player|p1|Arboliever214|cheryl|\n|player|p2|CaptainPyrite|266|\n|gen|9\n|tier|[Gen 9 Champions] VGC 2026 Reg M-B\n|rule|Species Clause: Limit one of each Pokémon\n|rule|Item Clause: Limit 1 of each item\n|raw|<div class=\"infobox\"><details class=\"readmore\" open><summary><strong>1 custom rule:</strong></summary> Best of = 3</details></div>\n|clearpoke\n|poke|p1|Bellibolt, L50, F|\n|poke|p1|Corviknight, L50, M|\n|poke|p1|Infernape, L50, F|\n|poke|p1|Metagross, L50|\n|poke|p1|Milotic, L50, F|\n|poke|p1|Alcremie, L50, F|\n|poke|p2|Hatterene, L50, F|\n|poke|p2|Mimikyu, L50, M|\n|poke|p2|Incineroar, L50, F|\n|poke|p2|Crabominable, L50, M|\n|poke|p2|Garchomp, L50, M|\n|poke|p2|Meowscarada, L50, M|\n|teampreview|4\nArboliever214 rejected open team sheets.\n|j| kaffeemi\n|j| triple3double2\n|j| oncrat\n|c| kaffeemi|don't worry, I gotchu with the link\n|\n|t:|1788309051\n|teamsize|p1|4\n|teamsize|p2|4\n|start\n|switch|p1a: Alear|Infernape, L50, F|100/100\n|switch|p1b: Lapis|Alcremie, L50, F|100/100\n|switch|p2a: Mut|Mimikyu, L50, M|100/100\n|switch|p2b: Scur|Incineroar, L50, F|100/100\n|-ability|p2b: Scur|Intimidate|boost\n|-unboost|p1a: Alear|atk|1\n|-unboost|p1b: Lapis|atk|1\n|turn|1\n|\n|t:|1788309076\n|switch|p2b: Hut|Hatterene, L50, F|100/100\n|move|p1a: Alear|Fake Out|p2b: Hut\n|-damage|p2b: Hut|92/100\n|move|p1b: Lapis|Dazzling Gleam|p2b: Hut|[spread] p2a,p2b\n|-activate|p2a: Mut|ability: Disguise\n|-damage|p2a: Mut|100/100\n|-damage|p2b: Hut|65/100\n|detailschange|p2a: Mut|Mimikyu-Busted, L50, M\n|-damage|p2a: Mut|87/100|[from] pokemon: Mimikyu-Busted\n|move|p2a: Mut|Trick Room|p2a: Mut\n|-fieldstart|move: Trick Room|[of] p2a: Mut\n|\n|upkeep\n|turn|2\n|\n|t:|1788309110\n|move|p2b: Hut|Dazzling Gleam|p1b: Lapis|[spread] p1a,p1b\n|-damage|p1a: Alear|27/100\n|-damage|p1b: Lapis|61/100\n|-damage|p2b: Hut|56/100|[from] item: Life Orb\n|move|p1b: Lapis|Dazzling Gleam|p2b: Hut|[spread] p2a,p2b\n|-damage|p2a: Mut|54/100\n|-damage|p2b: Hut|29/100\n|move|p2a: Mut|Play Rough|p1a: Alear\n|-damage|p1a: Alear|0 fnt\n|faint|p1a: Alear\n|\n|upkeep\n|\n|t:|1788309127\n|switch|p1a: Jade|Metagross, L50|100/100\n|turn|3\n|\n|t:|1788309152\n|switch|p2a: Scur|Incineroar, L50, F|100/100\n|-ability|p2a: Scur|Intimidate|boost\n|-fail|p1a: Jade|unboost|[from] ability: Clear Body|[of] p1a: Jade\n|-unboost|p1b: Lapis|atk|1\n|detailschange|p1a: Jade|Metagross-Mega, L50\n|-mega|p1a: Jade|Metagross|Metagrossite\n|move|p1a: Jade|Bullet Punch|p2a: Scur\n|-resisted|p2a: Scur|1\n|-damage|p2a: Scur|91/100\n|move|p2b: Hut|Shadow Ball|p1a: Jade\n|-supereffective|p1a: Jade|1\n|-damage|p1a: Jade|25/100\n|-damage|p2b: Hut|20/100y|[from] item: Life Orb\n|move|p1b: Lapis|Dazzling Gleam|p2a: Scur|[spread] p2a,p2b\n|-crit|p2a: Scur\n|-damage|p2a: Scur|50/100g\n|-damage|p2b: Hut|0 fnt\n|faint|p2b: Hut\n|\n|upkeep\n|\n|t:|1788309168\n|switch|p2b: Crub|Crabominable, L50, M|100/100\n|turn|4\n|\n|t:|1788309209\n|switch|p1a: Goldmary|Milotic, L50, F|100/100\n|detailschange|p2b: Crub|Crabominable-Mega, L50, M\n|-mega|p2b: Crub|Crabominable|Crabominite\n|move|p2b: Crub|Ice Hammer|p1b: Lapis|[miss]\n|-miss|p2b: Crub|p1b: Lapis\n|move|p2a: Scur|Darkest Lariat|p1a: Goldmary\n|-damage|p1a: Goldmary|73/100\n|move|p1b: Lapis|Dazzling Gleam|p2a: Scur|[spread] p2a,p2b\n|-supereffective|p2b: Crub|1\n|-damage|p2a: Scur|23/100\n|-damage|p2b: Crub|54/100\n|-enditem|p2a: Scur|Sitrus Berry|[eat]\n|-heal|p2a: Scur|48/100|[from] item: Sitrus Berry\n|\n|-heal|p1a: Goldmary|79/100|[from] item: Leftovers\n|upkeep\n|turn|5\n|\n|t:|1788309243\n|move|p1b: Lapis|Protect|p1b: Lapis\n|-singleturn|p1b: Lapis|Protect\n|move|p2b: Crub|Drain Punch|p1a: Goldmary\n|-damage|p1a: Goldmary|28/100\n|-heal|p2b: Crub|80/100|[from] drain|[of] p1a: Goldmary\n|move|p2a: Scur|Parting Shot|p1a: Goldmary\n|-unboost|p1a: Goldmary|atk|1\n|-ability|p1a: Goldmary|Competitive|boost\n|-boost|p1a: Goldmary|spa|2\n|-unboost|p1a: Goldmary|spa|1\n|-ability|p1a: Goldmary|Competitive|boost\n|-boost|p1a: Goldmary|spa|2\n|\n|t:|1788309255\n|switch|p2a: Mut|Mimikyu-Busted, L50, M|54/100|[from] Parting Shot\n|move|p1a: Goldmary|Scald|p2a: Mut\n|-damage|p2a: Mut|0 fnt\n|faint|p2a: Mut\n|\n|-heal|p1a: Goldmary|34/100|[from] item: Leftovers\n|-fieldend|move: Trick Room\n|upkeep\n|\n|t:|1788309263\n|switch|p2a: Scur|Incineroar, L50, F|48/100\n|-ability|p2a: Scur|Intimidate|boost\n|-unboost|p1a: Goldmary|atk|1\n|-ability|p1a: Goldmary|Competitive|boost\n|-boost|p1a: Goldmary|spa|2\n|-unboost|p1b: Lapis|atk|1\n|turn|6\n|c| oncrat|competitive 😢😢\n|\n|t:|1788309306\n|move|p2b: Crub|Mach Punch|p1a: Goldmary\n|-damage|p1a: Goldmary|8/100\n|move|p1a: Goldmary|Scald|p2b: Crub\n|-damage|p2b: Crub|0 fnt\n|faint|p2b: Crub\n|move|p1b: Lapis|Dazzling Gleam|p2a: Scur\n|-damage|p2a: Scur|12/100\n|move|p2a: Scur|Darkest Lariat|p1a: Goldmary\n|-damage|p1a: Goldmary|0 fnt\n|faint|p1a: Goldmary\n|\n|upkeep\n|\n|t:|1788309322\n|switch|p1a: Jade|Metagross-Mega, L50|25/100\n|turn|7\n|\n|t:|1788309339\n|move|p1a: Jade|Bullet Punch|p2a: Scur\n|-resisted|p2a: Scur|1\n|-damage|p2a: Scur|3/100\n|move|p1b: Lapis|Dazzling Gleam|p2a: Scur\n|-damage|p2a: Scur|0 fnt\n|faint|p2a: Scur\n|\n|win|Arboliever214\n||Arboliever214 is ready for game 2.\n|inactive|CaptainPyrite has 30 seconds to confirm battle start!\n||CaptainPyrite is ready for game 2.\n|uhtml|next|Next: <a href=\"/battle-gen9championsvgc2026regmb-2674167995\"><strong>Game 2 of 3</strong></a>\n|l|☆CaptainPyrite\n|player|p2|\n","uploadtime":1788309667,"views":"43","formatid":"gen9championsvgc2026regmb","rating":null,"private":0,"password":null}