{"id":"gen9championsvgc2026regmb-2673869688","format":"[Gen 9 Champions] VGC 2026 Reg M-B","players":["Kleptomancer","SmolivStayStrong<3"],"log":"|j|☆Kleptomancer\n|j|☆SmolivStayStrong<3\n|t:|1788271023\n|gametype|doubles\n|player|p1|Kleptomancer|allister-masters|1540\n|player|p2|SmolivStayStrong<3|miku-flying|1449\n|gen|9\n|tier|[Gen 9 Champions] VGC 2026 Reg M-B\n|rated|\n|rule|Species Clause: Limit one of each Pokémon\n|rule|Item Clause: Limit 1 of each item\n|clearpoke\n|poke|p1|Mawile, L50, M, shiny|\n|poke|p1|Farigiraf, L50, M|\n|poke|p1|Incineroar, L50, M|\n|poke|p1|Basculegion, L50, M|\n|poke|p1|Ninetales-Alola, L50, M|\n|poke|p1|Raichu, L50, F|\n|poke|p2|Charizard, L50, F|\n|poke|p2|Pelipper, L50, M|\n|poke|p2|Archaludon, L50, F|\n|poke|p2|Venusaur, L50, F|\n|poke|p2|Swampert, L50, F|\n|poke|p2|Grimmsnarl, L50, M|\n|teampreview|4\n|inactive|Battle timer is ON: inactive players will automatically lose when time's up. (requested by Kleptomancer)\n|inactive|SmolivStayStrong<3 has 60 seconds left.\n|\n|t:|1788271062\n|teamsize|p1|4\n|teamsize|p2|4\n|start\n|switch|p1a: Raichu|Raichu, L50, F|100/100\n|switch|p1b: Basculegion|Basculegion, L50, M|100/100\n|switch|p2a: Venusaur|Venusaur, L50, F|100/100\n|switch|p2b: Swampert|Swampert, L50, F|100/100\n|turn|1\n|inactive|Kleptomancer has 30 seconds left.\n|\n|t:|1788271091\n|move|p1a: Raichu|Fake Out|p2b: Swampert\n|-damage|p2b: Swampert|93/100\n|move|p1b: Basculegion|Flip Turn|p2a: Venusaur\n|-resisted|p2a: Venusaur|1\n|-damage|p2a: Venusaur|74/100\n|\n|t:|1788271105\n|switch|p1b: Ninetales|Ninetales-Alola, L50, M|100/100|[from] Flip Turn\n|-weather|Snowscape|[from] ability: Snow Warning|[of] p1b: Ninetales\n|move|p2a: Venusaur|Leaf Storm|p1b: Ninetales|[miss]\n|-miss|p2a: Venusaur|p1b: Ninetales\n|cant|p2b: Swampert|flinch\n|\n|-weather|Snowscape|[upkeep]\n|upkeep\n|turn|2\n|inactive|Kleptomancer has 30 seconds left.\n|\n|t:|1788271137\n|switch|p1a: Incineroar|Incineroar, L50, M|100/100\n|-ability|p1a: Incineroar|Intimidate|boost\n|-unboost|p2a: Venusaur|atk|1\n|-unboost|p2b: Swampert|atk|1\n|switch|p2a: Pelipper|Pelipper, L50, M|100/100\n|-weather|RainDance|[from] ability: Drizzle|[of] p2a: Pelipper\n|detailschange|p2b: Swampert|Swampert-Mega, L50, F\n|-mega|p2b: Swampert|Swampert|Swampertite\n|move|p2b: Swampert|Earthquake|p1a: Incineroar|[spread] p1a,p1b\n|-immune|p2a: Pelipper\n|-supereffective|p1a: Incineroar|1\n|-damage|p1a: Incineroar|38/100\n|-damage|p1b: Ninetales|62/100\n|move|p1b: Ninetales|Freeze-Dry|p2a: Pelipper\n|-supereffective|p2a: Pelipper|2\n|-damage|p2a: Pelipper|0 fnt\n|faint|p2a: Pelipper\n|\n|-weather|RainDance|[upkeep]\n|upkeep\n|\n|t:|1788271143\n|switch|p2a: Archaludon|Archaludon, L50, F|100/100\n|turn|3\n|\n|t:|1788271164\n|switch|p1b: Raichu|Raichu, L50, F|100/100\n|move|p1a: Incineroar|Fake Out|p2b: Swampert\n|-damage|p2b: Swampert|81/100\n|cant|p2b: Swampert|flinch\n|move|p2a: Archaludon|Electro Shot||[still]\n|-prepare|p2a: Archaludon|Electro Shot\n|-boost|p2a: Archaludon|spa|1\n|-anim|p2a: Archaludon|Electro Shot|p1b: Raichu\n|-ability|p1b: Raichu|Lightning Rod|boost\n|-boost|p1b: Raichu|spa|1\n|\n|-weather|RainDance|[upkeep]\n|upkeep\n|turn|4\n|inactive|Kleptomancer has 30 seconds left.\n|\n|t:|1788271192\n|move|p2a: Archaludon|Protect|p2a: Archaludon\n|-singleturn|p2a: Archaludon|Protect\n|move|p1b: Raichu|Fake Out|p2b: Swampert\n|-damage|p2b: Swampert|75/100\n|cant|p2b: Swampert|flinch\n|move|p1a: Incineroar|Parting Shot|p2a: Archaludon\n|-activate|p2a: Archaludon|move: Protect\n|\n|-weather|RainDance|[upkeep]\n|upkeep\n|turn|5\n|\n|t:|1788271217\n|move|p1b: Raichu|Protect|p1b: Raichu\n|-singleturn|p1b: Raichu|Protect\n|move|p2b: Swampert|Earthquake|p1a: Incineroar|[spread] p2a,p1a\n|-activate|p1b: Raichu|move: Protect\n|-supereffective|p2a: Archaludon|1\n|-supereffective|p1a: Incineroar|1\n|-damage|p2a: Archaludon|57/100\n|-damage|p1a: Incineroar|0 fnt\n|-ability|p2a: Archaludon|Stamina|boost\n|-boost|p2a: Archaludon|def|1\n|faint|p1a: Incineroar\n|move|p2a: Archaludon|Flash Cannon|p1b: Raichu\n|-activate|p1b: Raichu|move: Protect\n|\n|-weather|RainDance|[upkeep]\n|-heal|p2a: Archaludon|63/100|[from] item: Leftovers\n|upkeep\n|\n|t:|1788271223\n|switch|p1a: Ninetales|Ninetales-Alola, L50, M|62/100\n|-weather|Snowscape|[from] ability: Snow Warning|[of] p1a: Ninetales\n|turn|6\n|inactive|SmolivStayStrong<3 has 30 seconds left.\n|\n|t:|1788271252\n|switch|p2a: Venusaur|Venusaur, L50, F|74/100\n|detailschange|p1b: Raichu|Raichu-Mega-Y, L50, F\n|-mega|p1b: Raichu|Raichu|Raichunite Y\n|move|p2b: Swampert|Protect|p2b: Swampert\n|-singleturn|p2b: Swampert|Protect\n|move|p1b: Raichu|Focus Blast|p2a: Venusaur\n|-resisted|p2a: Venusaur|1\n|-damage|p2a: Venusaur|42/100\n|move|p1a: Ninetales|Freeze-Dry|p2b: Swampert\n|-activate|p2b: Swampert|move: Protect\n|\n|-weather|Snowscape|[upkeep]\n|upkeep\n|turn|7\n|\n|t:|1788271270\n|move|p1b: Raichu|Zap Cannon|p2a: Venusaur\n|-resisted|p2a: Venusaur|1\n|-damage|p2a: Venusaur|0 fnt\n|faint|p2a: Venusaur\n|move|p1a: Ninetales|Freeze-Dry|p2b: Swampert\n|-supereffective|p2b: Swampert|2\n|-damage|p2b: Swampert|0 fnt\n|faint|p2b: Swampert\n|\n|-weather|Snowscape|[upkeep]\n|upkeep\n|-message|SmolivStayStrong<3 forfeited.\n|\n|win|Kleptomancer\n|raw|Kleptomancer's rating: 1540 &rarr; <strong>1555</strong><br />(+15 for winning)\n|raw|SmolivStayStrong&lt;3's rating: 1449 &rarr; <strong>1434</strong><br />(-15 for losing)\n|l|☆SmolivStayStrong<3\n|player|p2|\n|l|☆Kleptomancer\n|player|p1|\n|j|☆SmolivStayStrong<3\n|player|p2|SmolivStayStrong<3|miku-flying|\n","uploadtime":1788271282,"views":"0","formatid":"gen9championsvgc2026regmb","rating":1434,"private":0,"password":null}