{"id":"gen9championsvgc2026regmbbo3-2674731965","format":"[Gen 9 Champions] VGC 2026 Reg M-B (Bo3)","players":["Millie Jean","mike6972"],"log":"|j|‽Millie Jean\n|j|☆mike6972\n|html|<table width=\"100%\"><tr><td align=\"left\">Millie Jean</td><td align=\"right\">mike6972</tr><tr><td align=\"left\"><i class=\"fa fa-circle-o\"></i> <i class=\"fa fa-circle-o\"></i> </td><td align=\"right\"><i class=\"fa fa-circle-o\"></i> <i class=\"fa fa-circle-o\"></i> </tr></table>\n|uhtml|bestof|<h2><strong>Game 1</strong> of <a href=\"/game-bestof3-gen9championsvgc2026regmbbo3-2674731964\">a best-of-3</a></h2>\n|t:|1788397489\n|gametype|doubles\n|player|p1|Millie Jean|hilda-wonderlauncher|1088\n|player|p2|mike6972|266|1121\n|gen|9\n|tier|[Gen 9 Champions] VGC 2026 Reg M-B (Bo3)\n|rated|\n|rule|Species Clause: Limit one of each Pokémon\n|rule|Item Clause: Limit 1 of each item\n|clearpoke\n|poke|p1|Sylveon, L50, M|\n|poke|p1|Sinistcha, L50|\n|poke|p1|Toxapex, L50, M|\n|poke|p1|Charizard, L50, M|\n|poke|p1|Incineroar, L50, M|\n|poke|p1|Whimsicott, L50, M|\n|poke|p2|Blaziken, L50, F|\n|poke|p2|Farigiraf, L50, F|\n|poke|p2|Torkoal, L50, M|\n|poke|p2|Kingambit, L50, M|\n|poke|p2|Primarina, L50, F|\n|poke|p2|Venusaur, L50, M|\n|teampreview|4\n|showteam|p1|Sylveon||FairyFeather|Pixilate|Protect,QuickAttack,HyperVoice,HyperBeam|Modest||M|||50|]Sinistcha||ColburBerry|Hospitality|RagePowder,MatchaGotcha,LifeDew,TrickRoom|Bold|||||50|]Toxapex||Leftovers|Regenerator|BanefulBunker,Toxic,Infestation,WideGuard|Bold||M|||50|]Charizard||CharizarditeY|SolarPower|Protect,AncientPower,HeatWave,SolarBeam|Modest||M|||50|]Incineroar||SitrusBerry|Intimidate|FakeOut,PartingShot,Snarl,FlareBlitz|Careful||M|||50|]Whimsicott||FocusSash|Prankster|Tailwind,FakeTears,HelpingHand,Moonblast|Timid||M|||50|\n|showteam|p2|Blaziken||Blazikenite|SpeedBoost|Detect,CloseCombat,FlareBlitz,RockSlide|Jolly||F|||50|]Farigiraf||SitrusBerry|ArmorTail|TrickRoom,Protect,Psychic,HyperVoice|Sassy||F|||50|]Torkoal||Charcoal|Drought|Protect,Yawn,HeatWave,Eruption|Quiet||M|||50|]Kingambit||BlackGlasses|Defiant|KowtowCleave,IronHead,SuckerPunch,Protect|Brave||M|||50|]Primarina||LifeOrb|LiquidVoice|HyperVoice,Moonblast,EnergyBall,Protect|Quiet||F|||50|]Venusaur||FocusSash|Chlorophyll|SleepPowder,GigaDrain,SludgeBomb,Protect|Timid||M|||50|\n|inactive|Battle timer is ON: inactive players will automatically lose when time's up. (requested by Millie Jean)\n|inactive|Millie Jean has 60 seconds left.\n|\n|t:|1788397527\n|teamsize|p1|4\n|teamsize|p2|4\n|start\n|switch|p1a: Charizard|Charizard, L50, M|100/100\n|switch|p1b: Whimsicott|Whimsicott, L50, M|100/100\n|switch|p2a: Blaziken|Blaziken, L50, F|100/100\n|switch|p2b: Farigiraf|Farigiraf, L50, F|100/100\n|turn|1\n|inactive|Millie Jean has 30 seconds left.\n|\n|t:|1788397560\n|detailschange|p1a: Charizard|Charizard-Mega-Y, L50, M\n|-mega|p1a: Charizard|Charizard|Charizardite Y\n|-weather|SunnyDay|[from] ability: Drought|[of] p1a: Charizard\n|move|p2a: Blaziken|Detect|p2a: Blaziken\n|-singleturn|p2a: Blaziken|Protect\n|move|p2b: Farigiraf|Protect|p2b: Farigiraf\n|-singleturn|p2b: Farigiraf|Protect\n|move|p1b: Whimsicott|Moonblast|p2a: Blaziken\n|-activate|p2a: Blaziken|move: Protect\n|move|p1a: Charizard|Heat Wave|p2b: Farigiraf|[spread] \n|-activate|p2a: Blaziken|move: Protect\n|-activate|p2b: Farigiraf|move: Protect\n|\n|-weather|SunnyDay|[upkeep]\n|-ability|p2a: Blaziken|Speed Boost|boost\n|-boost|p2a: Blaziken|spe|1\n|upkeep\n|turn|2\n|\n|t:|1788397579\n|detailschange|p2a: Blaziken|Blaziken-Mega, L50, F\n|-mega|p2a: Blaziken|Blaziken|Blazikenite\n|move|p1b: Whimsicott|Tailwind|p1b: Whimsicott\n|-sidestart|p1: Millie Jean|move: Tailwind\n|move|p1a: Charizard|Ancient Power|p2a: Blaziken\n|-damage|p2a: Blaziken|64/100\n|move|p2a: Blaziken|Rock Slide|p1a: Charizard|[spread] p1a,p1b\n|-supereffective|p1a: Charizard|2\n|-crit|p1b: Whimsicott\n|-damage|p1a: Charizard|0 fnt\n|-damage|p1b: Whimsicott|47/100\n|faint|p1a: Charizard\n|move|p2b: Farigiraf|Trick Room|p2b: Farigiraf\n|-fieldstart|move: Trick Room|[of] p2b: Farigiraf\n|\n|-weather|SunnyDay|[upkeep]\n|-ability|p2a: Blaziken|Speed Boost|boost\n|-boost|p2a: Blaziken|spe|1\n|upkeep\n|\n|t:|1788397592\n|switch|p1a: Incineroar|Incineroar, L50, M|100/100\n|-ability|p1a: Incineroar|Intimidate|boost\n|-unboost|p2a: Blaziken|atk|1\n|-unboost|p2b: Farigiraf|atk|1\n|turn|3\n|\n|t:|1788397603\n|move|p2b: Farigiraf|Psychic|p1b: Whimsicott\n|-damage|p1b: Whimsicott|0 fnt\n|faint|p1b: Whimsicott\n|move|p1a: Incineroar|Flare Blitz|p2b: Farigiraf\n|-damage|p2b: Farigiraf|33/100\n|-enditem|p2b: Farigiraf|Sitrus Berry|[eat]\n|-heal|p2b: Farigiraf|58/100|[from] item: Sitrus Berry\n|-damage|p1a: Incineroar|75/100|[from] Recoil\n|move|p2a: Blaziken|Close Combat|p1a: Incineroar\n|-supereffective|p1a: Incineroar|1\n|-damage|p1a: Incineroar|0 fnt\n|-unboost|p2a: Blaziken|def|1\n|-unboost|p2a: Blaziken|spd|1\n|faint|p1a: Incineroar\n|\n|-weather|SunnyDay|[upkeep]\n|-ability|p2a: Blaziken|Speed Boost|boost\n|-boost|p2a: Blaziken|spe|1\n|upkeep\n|\n|t:|1788397620\n|switch|p1b: Sylveon|Sylveon, L50, M|100/100\n|turn|4\n|\n|t:|1788397626\n|move|p2b: Farigiraf|Psychic|p1b: Sylveon\n|-damage|p1b: Sylveon|72/100\n|move|p1b: Sylveon|Hyper Voice|p2a: Blaziken|[spread] p2a,p2b\n|-damage|p2a: Blaziken|0 fnt\n|-damage|p2b: Farigiraf|19/100\n|faint|p2a: Blaziken\n|\n|-weather|SunnyDay|[upkeep]\n|upkeep\n|\n|t:|1788397636\n|switch|p2a: Torkoal|Torkoal, L50, M|100/100\n|turn|5\n|\n|t:|1788397640\n|move|p1b: Sylveon|Protect|p1b: Sylveon\n|-singleturn|p1b: Sylveon|Protect\n|move|p2a: Torkoal|Yawn|p1b: Sylveon\n|-activate|p1b: Sylveon|move: Protect\n|move|p2b: Farigiraf|Psychic|p1b: Sylveon\n|-activate|p1b: Sylveon|move: Protect\n|\n|-weather|none\n|-sideend|p1: Millie Jean|move: Tailwind\n|upkeep\n|turn|6\n|\n|t:|1788397655\n|move|p2a: Torkoal|Yawn|p1b: Sylveon\n|-start|p1b: Sylveon|move: Yawn|[of] p2a: Torkoal\n|move|p2b: Farigiraf|Psychic|p1b: Sylveon\n|-damage|p1b: Sylveon|44/100\n|move|p1b: Sylveon|Hyper Voice|p2a: Torkoal|[spread] p2a,p2b\n|-resisted|p2a: Torkoal|1\n|-damage|p2a: Torkoal|66/100\n|-damage|p2b: Farigiraf|0 fnt\n|faint|p2b: Farigiraf\n|\n|-fieldend|move: Trick Room\n|upkeep\n|\n|t:|1788397660\n|switch|p2b: Kingambit|Kingambit, L50, M|100/100\n|turn|7\n|\n|t:|1788397673\n|move|p2b: Kingambit|Protect|p2b: Kingambit\n|-singleturn|p2b: Kingambit|Protect\n|move|p2a: Torkoal|Protect|p2a: Torkoal\n|-singleturn|p2a: Torkoal|Protect\n|move|p1b: Sylveon|Hyper Beam|p2b: Kingambit\n|-activate|p2b: Kingambit|move: Protect\n|\n|-end|p1b: Sylveon|move: Yawn|[silent]\n|-status|p1b: Sylveon|slp\n|upkeep\n|turn|8\n|\n|t:|1788397686\n|cant|p1b: Sylveon|slp\n|move|p2b: Kingambit|Iron Head|p1b: Sylveon\n|-supereffective|p1b: Sylveon|1\n|-damage|p1b: Sylveon|0 fnt\n|faint|p1b: Sylveon\n|\n|win|mike6972\n||mike6972 is ready for game 2.\n||Millie Jean is ready for game 2.\n|uhtml|next|Next: <a href=\"/battle-gen9championsvgc2026regmbbo3-2674733282\"><strong>Game 2 of 3</strong></a>\n|l|☆mike6972\n|player|p2|\n","uploadtime":1788397859,"views":"1","formatid":"gen9championsvgc2026regmbbo3","rating":null,"private":0,"password":null}