{"id":"gen9championsvgc2026regmbbo3-2674037733","format":"[Gen 9 Champions] VGC 2026 Reg M-B (Bo3)","players":["The_Drago33","humania1"],"log":"|j|☆The_Drago33\n|j|☆humania1\n|html|<table width=\"100%\"><tr><td align=\"left\">The_Drago33</td><td align=\"right\">humania1</tr><tr><td align=\"left\"><i class=\"fa fa-circle-o\"></i> <i class=\"fa fa-circle-o\"></i> </td><td align=\"right\"><i class=\"fa fa-circle-o\"></i> <i class=\"fa fa-circle-o\"></i> </tr></table>\n|uhtml|bestof|<h2><strong>Game 1</strong> of <a href=\"/game-bestof3-gen9championsvgc2026regmbbo3-2674037731\">a best-of-3</a></h2>\n|t:|1788291128\n|gametype|doubles\n|player|p1|The_Drago33|skyla|1137\n|player|p2|humania1|266|1065\n|gen|9\n|tier|[Gen 9 Champions] VGC 2026 Reg M-B (Bo3)\n|rated|\n|rule|Species Clause: Limit one of each Pokémon\n|rule|Item Clause: Limit 1 of each item\n|clearpoke\n|poke|p1|Dragonite, L50, F|\n|poke|p1|Floette-Eternal, L50, F|\n|poke|p1|Basculegion, L50, M|\n|poke|p1|Garchomp, L50, M|\n|poke|p1|Kingambit, L50, M, shiny|\n|poke|p1|Sneasler, L50, F|\n|poke|p2|Blastoise, L50, F|\n|poke|p2|Delphox, L50, M, shiny|\n|poke|p2|Incineroar, L50, F|\n|poke|p2|Sinistcha, L50|\n|poke|p2|Sneasler, L50, F|\n|poke|p2|Vivillon, L50, M|\n|teampreview|4\n|showteam|p1|Dragonite||Dragoninite|Multiscale|ExtremeSpeed,HeatWave,DragonPulse,Protect|Modest||F|||50|]Floette-Eternal||Floettite|FlowerVeil|Moonblast,DazzlingGleam,LightofRuin,Protect|Timid||F|||50|]Basculegion||LifeOrb|Adaptability|WaveCrash,LastRespects,AquaJet,Protect|Adamant||M|||50|]Garchomp||ChoiceScarf|RoughSkin|DragonClaw,EarthPower,StompingTantrum,RockSlide|Adamant||M|||50|]Kingambit||ChopleBerry|Defiant|KowtowCleave,IronHead,SuckerPunch,LowKick|Adamant||M|||50|]Sneasler||FocusSash|PoisonTouch|FakeOut,CloseCombat,DireClaw,Feint|Jolly||F|||50|\n|showteam|p2|Blastoise||Blastoisinite|Torrent|Protect,ShellSmash,WaterSpout,DarkPulse|Modest||F|||50|]Delphox||Delphoxite|Blaze|Protect,HeatWave,Psyshock,NastyPlot|Timid||M|||50|]Incineroar||PasshoBerry|Intimidate|FakeOut,PartingShot,FlareBlitz,ThroatChop|Impish||F|||50|]Sinistcha||SitrusBerry|Hospitality|Protect,MatchaGotcha,TrickRoom,RagePowder|Bold|||||50|]Sneasler||FocusSash|PoisonTouch|QuickGuard,FakeOut,CloseCombat,DireClaw|Jolly||F|||50|]Vivillon||ChoiceScarf|CompoundEyes|Hurricane,SleepPowder,RagePowder,Uturn|Timid||M|||50|\n|inactive|Battle timer is ON: inactive players will automatically lose when time's up. (requested by humania1)\n|inactive|The_Drago33 has 60 seconds left.\n|inactive|The_Drago33 has 30 seconds left.\n|inactive|The_Drago33 has 20 seconds left.\n|inactive|The_Drago33 has 15 seconds left.\n|inactive|The_Drago33 has 10 seconds left.\n|\n|t:|1788291211\n|teamsize|p1|4\n|teamsize|p2|4\n|start\n|switch|p1a: Dragonite|Dragonite, L50, F|100/100\n|switch|p1b: Basculegion|Basculegion, L50, M|100/100\n|switch|p2a: Blastoise|Blastoise, L50, F|100/100\n|switch|p2b: Incineroar|Incineroar, L50, F|100/100\n|-ability|p2b: Incineroar|Intimidate|boost\n|-unboost|p1a: Dragonite|atk|1\n|-unboost|p1b: Basculegion|atk|1\n|turn|1\n|inactive|The_Drago33 has 30 seconds left.\n|inactive|The_Drago33 has 20 seconds left.\n|\n|t:|1788291251\n|detailschange|p2a: Blastoise|Blastoise-Mega, L50, F\n|-mega|p2a: Blastoise|Blastoise|Blastoisinite\n|move|p1b: Basculegion|Aqua Jet|p2b: Incineroar\n|-supereffective|p2b: Incineroar|1\n|-enditem|p2b: Incineroar|Passho Berry|[eat]\n|-enditem|p2b: Incineroar|Passho Berry|[weaken]\n|-damage|p2b: Incineroar|79/100\n|-damage|p1b: Basculegion|90/100|[from] item: Life Orb\n|move|p1a: Dragonite|Dragon Pulse|p2a: Blastoise\n|-damage|p2a: Blastoise|58/100\n|move|p2a: Blastoise|Dark Pulse|p1b: Basculegion\n|-supereffective|p1b: Basculegion|1\n|-damage|p1b: Basculegion|4/100\n|move|p2b: Incineroar|Throat Chop|p1b: Basculegion\n|-supereffective|p1b: Basculegion|1\n|-damage|p1b: Basculegion|0 fnt\n|faint|p1b: Basculegion\n|\n|upkeep\n|inactive|The_Drago33 has 30 seconds left.\n|\n|t:|1788291276\n|switch|p1b: Garchomp|Garchomp, L50, M|100/100\n|turn|2\n|\n|t:|1788291299\n|detailschange|p1a: Dragonite|Dragonite-Mega, L50, F\n|-mega|p1a: Dragonite|Dragonite|Dragoninite\n|move|p1b: Garchomp|Rock Slide|p2b: Incineroar|[spread] p2b\n|-miss|p1b: Garchomp|p2a: Blastoise\n|-supereffective|p2b: Incineroar|1\n|-damage|p2b: Incineroar|48/100\n|move|p1a: Dragonite|Dragon Pulse|p2a: Blastoise\n|-damage|p2a: Blastoise|2/100\n|move|p2a: Blastoise|Shell Smash|p2a: Blastoise\n|-unboost|p2a: Blastoise|def|1\n|-unboost|p2a: Blastoise|spd|1\n|-boost|p2a: Blastoise|atk|2\n|-boost|p2a: Blastoise|spa|2\n|-boost|p2a: Blastoise|spe|2\n|move|p2b: Incineroar|Parting Shot|p1a: Dragonite\n|-unboost|p1a: Dragonite|atk|1\n|-unboost|p1a: Dragonite|spa|1\n|\n|t:|1788291299\n|switch|p2b: Sinistcha|Sinistcha, L50|100/100|[from] Parting Shot\n|-heal|p2a: Blastoise|27/100|[from] ability: Hospitality|[of] p2b: Sinistcha\n|\n|upkeep\n|turn|3\n|inactive|The_Drago33 has 30 seconds left.\n|\n|t:|1788291332\n|move|p2a: Blastoise|Water Spout|p1a: Dragonite|[spread] p1a,p1b\n|-resisted|p1a: Dragonite|1\n|-damage|p1a: Dragonite|92/100\n|-damage|p1b: Garchomp|60/100\n|move|p1b: Garchomp|Rock Slide|p2b: Sinistcha|[spread] p2a,p2b\n|-crit|p2a: Blastoise\n|-damage|p2a: Blastoise|0 fnt\n|-damage|p2b: Sinistcha|82/100\n|faint|p2a: Blastoise\n|move|p1a: Dragonite|Dragon Pulse|p2b: Sinistcha\n|-damage|p2b: Sinistcha|53/100\n|move|p2b: Sinistcha|Matcha Gotcha|p1a: Dragonite|[spread] p1a,p1b\n|-resisted|p1a: Dragonite|2\n|-damage|p1a: Dragonite|86/100\n|-heal|p2b: Sinistcha|56/100|[from] drain|[of] p1a: Dragonite\n|-damage|p1b: Garchomp|34/100\n|-heal|p2b: Sinistcha|71/100|[from] drain|[of] p1b: Garchomp\n|\n|upkeep\n|\n|t:|1788291333\n|switch|p2a: Sneasler|Sneasler, L50, F|100/100\n|turn|4\n|inactive|The_Drago33 has 30 seconds left.\n|\n|t:|1788291358\n|switch|p1b: Kingambit|Kingambit, L50, M, shiny|100/100\n|move|p1a: Dragonite|Protect|p1a: Dragonite\n|-singleturn|p1a: Dragonite|Protect\n|move|p2a: Sneasler|Close Combat|p1b: Kingambit\n|-supereffective|p1b: Kingambit|2\n|-enditem|p1b: Kingambit|Chople Berry|[eat]\n|-enditem|p1b: Kingambit|Chople Berry|[weaken]\n|-damage|p1b: Kingambit|6/100\n|-unboost|p2a: Sneasler|def|1\n|-unboost|p2a: Sneasler|spd|1\n|move|p2b: Sinistcha|Trick Room|p2b: Sinistcha\n|-fieldstart|move: Trick Room|[of] p2b: Sinistcha\n|\n|upkeep\n|turn|5\n|\n|t:|1788291377\n|move|p2b: Sinistcha|Protect|p2b: Sinistcha\n|-singleturn|p2b: Sinistcha|Protect\n|move|p1a: Dragonite|Extreme Speed|p2a: Sneasler\n|-damage|p2a: Sneasler|73/100\n|move|p1b: Kingambit|Sucker Punch|p2a: Sneasler\n|-resisted|p2a: Sneasler|1\n|-damage|p2a: Sneasler|23/100\n|move|p2a: Sneasler|Close Combat|p1b: Kingambit\n|-supereffective|p1b: Kingambit|2\n|-damage|p1b: Kingambit|0 fnt\n|-unboost|p2a: Sneasler|def|1\n|-unboost|p2a: Sneasler|spd|1\n|faint|p1b: Kingambit\n|\n|upkeep\n|\n|t:|1788291389\n|switch|p1b: Garchomp|Garchomp, L50, M|34/100\n|turn|6\n|\n|t:|1788291405\n|switch|p2b: Incineroar|Incineroar, L50, F|48/100\n|-ability|p2b: Incineroar|Intimidate|boost\n|-unboost|p1a: Dragonite|atk|1\n|-unboost|p1b: Garchomp|atk|1\n|move|p1a: Dragonite|Heat Wave|p2b: Incineroar|[spread] p2b\n|-miss|p1a: Dragonite|p2a: Sneasler\n|-resisted|p2b: Incineroar|1\n|-damage|p2b: Incineroar|38/100\n|move|p2a: Sneasler|Close Combat|p1b: Garchomp\n|-damage|p1b: Garchomp|0 fnt\n|-unboost|p2a: Sneasler|def|1\n|-unboost|p2a: Sneasler|spd|1\n|-damage|p2a: Sneasler|10/100|[from] ability: Rough Skin|[of] p1b: Garchomp\n|faint|p1b: Garchomp\n|\n|upkeep\n|turn|7\n|-message|The_Drago33 forfeited.\n|\n|win|humania1\n","uploadtime":1788291419,"views":"0","formatid":"gen9championsvgc2026regmbbo3","rating":null,"private":0,"password":null}