{"id":"gen9championsvgc2026regmbbo3-2674192525","format":"[Gen 9 Champions] VGC 2026 Reg M-B (Bo3)","players":["void25o","ZMegasOnFraudWatch"],"log":"|j|☆void25o\n|j|☆ZMegasOnFraudWatch\n|html|<table width=\"100%\"><tr><td align=\"left\">void25o</td><td align=\"right\">ZMegasOnFraudWatch</tr><tr><td align=\"left\"><i class=\"fa fa-circle-o\"></i> <i class=\"fa fa-circle-o\"></i> </td><td align=\"right\"><i class=\"fa fa-circle-o\"></i> <i class=\"fa fa-circle-o\"></i> </tr></table>\n|uhtml|bestof|<h2><strong>Game 1</strong> of <a href=\"/game-bestof3-gen9championsvgc2026regmbbo3-2674192524\">a best-of-3</a></h2>\n|t:|1788313178\n|gametype|doubles\n|player|p1|void25o|miku-ghost|1356\n|player|p2|ZMegasOnFraudWatch|psychic-gen2|1453\n|gen|9\n|tier|[Gen 9 Champions] VGC 2026 Reg M-B (Bo3)\n|rated|\n|rule|Species Clause: Limit one of each Pokémon\n|rule|Item Clause: Limit 1 of each item\n|clearpoke\n|poke|p1|Delphox, L50, F|\n|poke|p1|Basculegion, L50, M|\n|poke|p1|Farigiraf, L50, F, shiny|\n|poke|p1|Whimsicott, L50, F|\n|poke|p1|Sneasler, L50, M|\n|poke|p1|Blastoise, L50, M|\n|poke|p2|Scovillain, L50, M, shiny|\n|poke|p2|Basculegion, L50, M|\n|poke|p2|Kingambit, L50, M|\n|poke|p2|Sneasler, L50, F|\n|poke|p2|Lycanroc-Dusk, L50, M|\n|poke|p2|Froslass, L50, F|\n|teampreview|4\n|showteam|p1|Delphox||Delphoxite|Blaze|Psyshock,HeatWave,NastyPlot,Protect|Timid||F|||50|]Basculegion||LifeOrb|Adaptability|WaveCrash,LastRespects,AquaJet,Protect|Adamant||M|||50|]Farigiraf||ColburBerry|ArmorTail|FoulPlay,Psychic,HelpingHand,TrickRoom|Modest||F|||50|]Whimsicott||FocusSash|Prankster|Moonblast,Encore,Tailwind,Protect|Timid||F|||50|]Sneasler||WhiteHerb|Unburden|CloseCombat,DireClaw,FakeOut,Protect|Jolly||M|||50|]Blastoise||Blastoisinite|RainDish|ShellSmash,WaterSpout,DarkPulse,Protect|Modest||M|||50|\n|showteam|p2|Scovillain||Scovillainite|Moody|GigaDrain,Overheat,RagePowder,Protect|Bold||M|||50|]Basculegion||LifeOrb|Adaptability|WaveCrash,LastRespects,AquaJet,Protect|Adamant||M|||50|]Kingambit||BlackGlasses|Defiant|KowtowCleave,SuckerPunch,SwordsDance,Protect|Adamant||M|||50|]Sneasler||WhiteHerb|Unburden|FakeOut,GunkShot,CloseCombat,Protect|Adamant||F|||50|]Lycanroc-Dusk||FocusSash|ToughClaws|CloseCombat,Accelerock,RockSlide,Protect|Adamant||M|||50|]Froslass||Froslassite|CursedBody|Blizzard,ShadowBall,AuroraVeil,Protect|Timid||F|||50|\n|\n|t:|1788313254\n|teamsize|p1|4\n|teamsize|p2|4\n|start\n|switch|p1a: Sneasler|Sneasler, L50, M|100/100\n|switch|p1b: Delphox|Delphox, L50, F|100/100\n|switch|p2a: BooPauls Veil Race|Froslass, L50, F|100/100\n|switch|p2b: Lil Specca|Basculegion, L50, M|100/100\n|turn|1\n|\n|t:|1788313274\n|switch|p1a: Farigiraf|Farigiraf, L50, F, shiny|100/100\n|move|p1b: Delphox|Protect|p1b: Delphox\n|-singleturn|p1b: Delphox|Protect\n|move|p2a: BooPauls Veil Race|Aurora Veil||[still]\n|-fail|p2a: BooPauls Veil Race\n|move|p2b: Lil Specca|Wave Crash|p1a: Farigiraf\n|-damage|p1a: Farigiraf|3/100\n|-damage|p2b: Lil Specca|63/100|[from] Recoil\n|-damage|p2b: Lil Specca|54/100|[from] item: Life Orb\n|\n|upkeep\n|turn|2\n|\n|t:|1788313291\n|switch|p2b: KTC Choppa|Kingambit, L50, M|100/100\n|detailschange|p2a: BooPauls Veil Race|Froslass-Mega, L50, F\n|-mega|p2a: BooPauls Veil Race|Froslass|Froslassite\n|-weather|Snowscape|[from] ability: Snow Warning|[of] p2a: BooPauls Veil Race\n|detailschange|p1b: Delphox|Delphox-Mega, L50, F\n|-mega|p1b: Delphox|Delphox|Delphoxite\n|move|p1a: Farigiraf|Helping Hand|p1b: Delphox\n|-singleturn|p1b: Delphox|Helping Hand|[of] p1a: Farigiraf\n|move|p1b: Delphox|Psyshock|p2b: KTC Choppa\n|-immune|p2b: KTC Choppa\n|move|p2a: BooPauls Veil Race|Blizzard|p1a: Farigiraf|[spread] p1a,p1b\n|-resisted|p1b: Delphox|1\n|-damage|p1a: Farigiraf|0 fnt\n|-damage|p1b: Delphox|82/100\n|faint|p1a: Farigiraf\n|\n|-weather|Snowscape|[upkeep]\n|upkeep\n|\n|t:|1788313295\n|switch|p1a: Sneasler|Sneasler, L50, M|100/100\n|turn|3\n|\n|t:|1788313298\n|move|p2b: KTC Choppa|Protect|p2b: KTC Choppa\n|-singleturn|p2b: KTC Choppa|Protect\n|move|p1a: Sneasler|Fake Out|p2b: KTC Choppa\n|-activate|p2b: KTC Choppa|move: Protect\n|move|p1b: Delphox|Nasty Plot|p1b: Delphox\n|-boost|p1b: Delphox|spa|2\n|move|p2a: BooPauls Veil Race|Aurora Veil|p2a: BooPauls Veil Race\n|-sidestart|p2: ZMegasOnFraudWatch|move: Aurora Veil\n|\n|-weather|Snowscape|[upkeep]\n|upkeep\n|turn|4\n|\n|t:|1788313316\n|switch|p2b: Lil Specca|Basculegion, L50, M|54/100\n|move|p1b: Delphox|Protect|p1b: Delphox\n|-singleturn|p1b: Delphox|Protect\n|move|p1a: Sneasler|Close Combat|p2b: Lil Specca\n|-immune|p2b: Lil Specca\n|move|p2a: BooPauls Veil Race|Blizzard|p1b: Delphox|[spread] p1a\n|-activate|p1b: Delphox|move: Protect\n|-damage|p1a: Sneasler|46/100\n|\n|-weather|Snowscape|[upkeep]\n|upkeep\n|turn|5\n|\n|t:|1788313325\n|switch|p1a: Basculegion|Basculegion, L50, M|100/100\n|move|p2b: Lil Specca|Aqua Jet|p1b: Delphox\n|-supereffective|p1b: Delphox|1\n|-damage|p1b: Delphox|2/100\n|-damage|p2b: Lil Specca|44/100|[from] item: Life Orb\n|move|p1b: Delphox|Heat Wave|p2b: Lil Specca|[spread] p2a,p2b\n|-supereffective|p2a: BooPauls Veil Race|1\n|-resisted|p2b: Lil Specca|1\n|-damage|p2a: BooPauls Veil Race|7/100\n|-damage|p2b: Lil Specca|17/100\n|move|p2a: BooPauls Veil Race|Shadow Ball|p1a: Basculegion\n|-supereffective|p1a: Basculegion|1\n|-damage|p1a: Basculegion|24/100\n|\n|-weather|Snowscape|[upkeep]\n|upkeep\n|turn|6\n|\n|t:|1788313337\n|move|p1b: Delphox|Protect|p1b: Delphox\n|-singleturn|p1b: Delphox|Protect\n|move|p2a: BooPauls Veil Race|Protect|p2a: BooPauls Veil Race\n|-singleturn|p2a: BooPauls Veil Race|Protect\n|move|p1a: Basculegion|Aqua Jet|p2b: Lil Specca\n|-resisted|p2b: Lil Specca|1\n|-damage|p2b: Lil Specca|5/100\n|-damage|p1a: Basculegion|14/100|[from] item: Life Orb\n|move|p2b: Lil Specca|Aqua Jet|p1b: Delphox\n|-activate|p1b: Delphox|move: Protect\n|\n|-weather|none\n|upkeep\n|turn|7\n|\n|t:|1788313347\n|move|p1a: Basculegion|Aqua Jet|p2b: Lil Specca\n|-resisted|p2b: Lil Specca|1\n|-damage|p2b: Lil Specca|0 fnt\n|faint|p2b: Lil Specca\n|-damage|p1a: Basculegion|4/100|[from] item: Life Orb\n|move|p1b: Delphox|Psyshock|p2a: BooPauls Veil Race\n|-damage|p2a: BooPauls Veil Race|0 fnt\n|faint|p2a: BooPauls Veil Race\n|\n|-sideend|p2: ZMegasOnFraudWatch|move: Aurora Veil\n|upkeep\n|\n|t:|1788313350\n|switch|p2a: Hardly Know Her|Sneasler, L50, F|100/100\n|switch|p2b: KTC Choppa|Kingambit, L50, M|100/100\n|turn|8\n|\n|t:|1788313360\n|move|p1b: Delphox|Protect|p1b: Delphox\n|-singleturn|p1b: Delphox|Protect\n|move|p1a: Basculegion|Protect|p1a: Basculegion\n|-singleturn|p1a: Basculegion|Protect\n|move|p2a: Hardly Know Her|Fake Out|p1b: Delphox\n|-activate|p1b: Delphox|move: Protect\n|move|p2b: KTC Choppa|Sucker Punch||[still]\n|-fail|p2b: KTC Choppa\n|\n|upkeep\n|turn|9\n|\n|t:|1788313388\n|switch|p1a: Sneasler|Sneasler, L50, M|46/100\n|move|p1b: Delphox|Protect||[still]\n|-fail|p1b: Delphox\n|move|p2a: Hardly Know Her|Protect|p2a: Hardly Know Her\n|-singleturn|p2a: Hardly Know Her|Protect\n|move|p2b: KTC Choppa|Sucker Punch||[still]\n|-fail|p2b: KTC Choppa\n|\n|upkeep\n|turn|10\n|\n|t:|1788313405\n|move|p2a: Hardly Know Her|Protect|p2a: Hardly Know Her\n|-singleturn|p2a: Hardly Know Her|Protect\n|move|p2b: KTC Choppa|Protect|p2b: KTC Choppa\n|-singleturn|p2b: KTC Choppa|Protect\n|move|p1a: Sneasler|Fake Out|p2b: KTC Choppa\n|-activate|p2b: KTC Choppa|move: Protect\n|move|p1b: Delphox|Heat Wave|p2b: KTC Choppa|[spread] \n|-activate|p2a: Hardly Know Her|move: Protect\n|-activate|p2b: KTC Choppa|move: Protect\n|\n|upkeep\n|turn|11\n|\n|t:|1788313415\n|move|p1b: Delphox|Protect|p1b: Delphox\n|-singleturn|p1b: Delphox|Protect\n|move|p2b: KTC Choppa|Protect||[still]\n|-fail|p2b: KTC Choppa\n|move|p1a: Sneasler|Close Combat|p2b: KTC Choppa\n|-supereffective|p2b: KTC Choppa|2\n|-damage|p2b: KTC Choppa|0 fnt\n|-unboost|p1a: Sneasler|def|1\n|-unboost|p1a: Sneasler|spd|1\n|faint|p2b: KTC Choppa\n|-enditem|p1a: Sneasler|White Herb\n|-clearnegativeboost|p1a: Sneasler|[silent]\n|move|p2a: Hardly Know Her|Close Combat|p1a: Sneasler\n|-resisted|p1a: Sneasler|1\n|-damage|p1a: Sneasler|0 fnt\n|-unboost|p2a: Hardly Know Her|def|1\n|-unboost|p2a: Hardly Know Her|spd|1\n|faint|p1a: Sneasler\n|-enditem|p2a: Hardly Know Her|White Herb\n|-clearnegativeboost|p2a: Hardly Know Her|[silent]\n|\n|upkeep\n|\n|t:|1788313422\n|switch|p1a: Basculegion|Basculegion, L50, M|4/100\n|turn|12\n|\n|t:|1788313428\n|move|p2a: Hardly Know Her|Gunk Shot|p1b: Delphox|[miss]\n|-miss|p2a: Hardly Know Her|p1b: Delphox\n|move|p1b: Delphox|Psyshock|p2a: Hardly Know Her\n|-supereffective|p2a: Hardly Know Her|2\n|-damage|p2a: Hardly Know Her|0 fnt\n|faint|p2a: Hardly Know Her\n|\n|win|void25o\n||ZMegasOnFraudWatch is ready for game 2.\n|inactive|void25o has 30 seconds to confirm battle start!\n||void25o is ready for game 2.\n|uhtml|next|Next: <a href=\"/battle-gen9championsvgc2026regmbbo3-2674194169\"><strong>Game 2 of 3</strong></a>\n","uploadtime":1788313443,"views":"8","formatid":"gen9championsvgc2026regmbbo3","rating":null,"private":0,"password":null}