{"id":"gen9championsvgc2026regmb-2674560805","format":"[Gen 9 Champions] VGC 2026 Reg M-B","players":["dalyboii","mls2395"],"log":"|j|☆dalyboii\n|j|☆mls2395\n|t:|1788374062\n|gametype|doubles\n|player|p1|dalyboii|cynthia|1297\n|player|p2|mls2395|265|1343\n|gen|9\n|tier|[Gen 9 Champions] VGC 2026 Reg M-B\n|rated|\n|rule|Species Clause: Limit one of each Pokémon\n|rule|Item Clause: Limit 1 of each item\n|clearpoke\n|poke|p1|Dragalge, L50, M|\n|poke|p1|Incineroar, L50, M|\n|poke|p1|Sinistcha, L50|\n|poke|p1|Rotom-Wash, L50|\n|poke|p1|Ninetales-Alola, L50, F|\n|poke|p1|Kingambit, L50, M|\n|poke|p2|Delphox, L50, F|\n|poke|p2|Sneasler, L50, M|\n|poke|p2|Sinistcha, L50|\n|poke|p2|Incineroar, L50, M|\n|poke|p2|Floette-Eternal, L50, F|\n|poke|p2|Kingambit, L50, M|\n|teampreview|4\n|\n|t:|1788374124\n|teamsize|p1|4\n|teamsize|p2|4\n|start\n|switch|p1a: Rotom|Rotom-Wash, L50|100/100\n|switch|p1b: Kingambit|Kingambit, L50, M|100/100\n|switch|p2a: Delphox|Delphox, L50, F|100/100\n|switch|p2b: Incineroar|Incineroar, L50, M|100/100\n|-ability|p2b: Incineroar|Intimidate|boost\n|-unboost|p1a: Rotom|atk|1\n|-unboost|p1b: Kingambit|atk|1\n|-ability|p1b: Kingambit|Defiant|boost\n|-boost|p1b: Kingambit|atk|2\n|turn|1\n|\n|t:|1788374143\n|switch|p2a: Sneasler|Sneasler, L50, M|100/100\n|move|p1b: Kingambit|Sucker Punch||[still]\n|-fail|p1b: Kingambit\n|move|p1a: Rotom|Hydro Pump|p2b: Incineroar\n|-supereffective|p2b: Incineroar|1\n|-damage|p2b: Incineroar|21/100\n|-enditem|p2b: Incineroar|Sitrus Berry|[eat]\n|-heal|p2b: Incineroar|46/100|[from] item: Sitrus Berry\n|move|p2b: Incineroar|Flare Blitz|p1b: Kingambit\n|-supereffective|p1b: Kingambit|1\n|-damage|p1b: Kingambit|36/100\n|-damage|p2b: Incineroar|24/100|[from] Recoil\n|\n|upkeep\n|turn|2\n|\n|t:|1788374172\n|switch|p1a: Incineroar|Incineroar, L50, M|100/100\n|-ability|p1a: Incineroar|Intimidate|boost\n|-unboost|p2a: Sneasler|atk|1\n|-unboost|p2b: Incineroar|atk|1\n|switch|p2b: Delphox|Delphox, L50, F|100/100\n|move|p1b: Kingambit|Protect|p1b: Kingambit\n|-singleturn|p1b: Kingambit|Protect\n|move|p2a: Sneasler|Close Combat|p1b: Kingambit\n|-activate|p1b: Kingambit|move: Protect\n|\n|upkeep\n|turn|3\n|\n|t:|1788374208\n|switch|p2a: Sinistcha|Sinistcha, L50|100/100\n|switch|p1b: Rotom|Rotom-Wash, L50|100/100\n|detailschange|p2b: Delphox|Delphox-Mega, L50, F\n|-mega|p2b: Delphox|Delphox|Delphoxite\n|move|p2b: Delphox|Protect|p2b: Delphox\n|-singleturn|p2b: Delphox|Protect\n|move|p1a: Incineroar|Darkest Lariat|p2b: Delphox\n|-activate|p2b: Delphox|move: Protect\n|\n|upkeep\n|turn|4\n|\n|t:|1788374227\n|switch|p2b: Sneasler|Sneasler, L50, M|100/100\n|move|p1b: Rotom|Hydro Pump|p2b: Sneasler\n|-damage|p2b: Sneasler|35/100\n|move|p2a: Sinistcha|Matcha Gotcha|p1a: Incineroar|[spread] p1a,p1b\n|-resisted|p1a: Incineroar|1\n|-supereffective|p1b: Rotom|1\n|-damage|p1a: Incineroar|91/100\n|-damage|p1b: Rotom|44/100\n|move|p1a: Incineroar|Darkest Lariat|p2b: Sneasler\n|-resisted|p2b: Sneasler|1\n|-damage|p2b: Sneasler|7/100\n|\n|upkeep\n|turn|5\n|\n|t:|1788374249\n|switch|p1b: Kingambit|Kingambit, L50, M|36/100\n|switch|p1a: Dragalge|Dragalge, L50, M|100/100\n|move|p2a: Sinistcha|Rage Powder|p2a: Sinistcha\n|-singleturn|p2a: Sinistcha|move: Rage Powder\n|move|p2b: Sneasler|Close Combat|p1a: Dragalge\n|-resisted|p1a: Dragalge|1\n|-damage|p1a: Dragalge|64/100\n|-unboost|p2b: Sneasler|def|1\n|-unboost|p2b: Sneasler|spd|1\n|\n|upkeep\n|turn|6\n|\n|t:|1788374271\n|detailschange|p1a: Dragalge|Dragalge-Mega, L50, M\n|-mega|p1a: Dragalge|Dragalge|Dragalgite\n|move|p2a: Sinistcha|Rage Powder|p2a: Sinistcha\n|-singleturn|p2a: Sinistcha|move: Rage Powder\n|move|p1b: Kingambit|Sucker Punch||[still]\n|-fail|p1b: Kingambit\n|move|p2b: Sneasler|Close Combat|p1b: Kingambit\n|-supereffective|p1b: Kingambit|2\n|-damage|p1b: Kingambit|0 fnt\n|-unboost|p2b: Sneasler|def|1\n|-unboost|p2b: Sneasler|spd|1\n|faint|p1b: Kingambit\n|move|p1a: Dragalge|Sludge Bomb|p2a: Sinistcha\n|-damage|p2a: Sinistcha|49/100\n|-status|p2a: Sinistcha|psn\n|\n|-damage|p2a: Sinistcha|36/100 psn|[from] psn\n|upkeep\n|\n|t:|1788374285\n|switch|p1b: Incineroar|Incineroar, L50, M|91/100\n|-ability|p1b: Incineroar|Intimidate|boost\n|-unboost|p2a: Sinistcha|atk|1\n|-unboost|p2b: Sneasler|atk|1\n|turn|7\n|\n|t:|1788374305\n|switch|p2b: Delphox|Delphox-Mega, L50, F|100/100\n|move|p2a: Sinistcha|Protect|p2a: Sinistcha\n|-singleturn|p2a: Sinistcha|Protect\n|move|p1b: Incineroar|Darkest Lariat|p2a: Sinistcha\n|-activate|p2a: Sinistcha|move: Protect\n|move|p1a: Dragalge|Dragon Pulse|p2b: Delphox\n|-damage|p2b: Delphox|56/100\n|\n|-damage|p2a: Sinistcha|24/100 psn|[from] psn\n|upkeep\n|turn|8\n|\n|t:|1788374326\n|move|p1a: Dragalge|Protect|p1a: Dragalge\n|-singleturn|p1a: Dragalge|Protect\n|move|p2a: Sinistcha|Rage Powder|p2a: Sinistcha\n|-singleturn|p2a: Sinistcha|move: Rage Powder\n|move|p2b: Delphox|Psychic|p1a: Dragalge\n|-activate|p1a: Dragalge|move: Protect\n|move|p1b: Incineroar|Darkest Lariat|p2a: Sinistcha\n|-supereffective|p2a: Sinistcha|1\n|-enditem|p2a: Sinistcha|Colbur Berry|[eat]\n|-enditem|p2a: Sinistcha|Colbur Berry|[weaken]\n|-damage|p2a: Sinistcha|0 fnt\n|faint|p2a: Sinistcha\n|\n|upkeep\n|\n|t:|1788374344\n|switch|p2a: Incineroar|Incineroar, L50, M|24/100\n|-ability|p2a: Incineroar|Intimidate|boost\n|-unboost|p1a: Dragalge|atk|1\n|-unboost|p1b: Incineroar|atk|1\n|turn|9\n|\n|t:|1788374359\n|move|p1a: Dragalge|Protect||[still]\n|-fail|p1a: Dragalge\n|move|p2a: Incineroar|Fake Out|p1b: Incineroar\n|-damage|p1b: Incineroar|81/100\n|move|p2b: Delphox|Psychic|p1a: Dragalge\n|-supereffective|p1a: Dragalge|1\n|-damage|p1a: Dragalge|0 fnt\n|faint|p1a: Dragalge\n|cant|p1b: Incineroar|flinch\n|\n|upkeep\n|\n|t:|1788374365\n|switch|p1a: Rotom|Rotom-Wash, L50|44/100\n|turn|10\n|\n|t:|1788374409\n|move|p2b: Delphox|Protect|p2b: Delphox\n|-singleturn|p2b: Delphox|Protect\n|move|p1a: Rotom|Hydro Pump|p2b: Delphox\n|-activate|p2b: Delphox|move: Protect\n|move|p2a: Incineroar|Parting Shot|p1a: Rotom\n|-unboost|p1a: Rotom|atk|1\n|-unboost|p1a: Rotom|spa|1\n|\n|t:|1788374418\n|switch|p2a: Sneasler|Sneasler, L50, M|7/100|[from] Parting Shot\n|move|p1b: Incineroar|Parting Shot|p2a: Sneasler\n|-unboost|p2a: Sneasler|atk|1\n|-unboost|p2a: Sneasler|spa|1\n|\n|upkeep\n|turn|11\n|\n|t:|1788374452\n|move|p2a: Sneasler|Fake Out|p1a: Rotom\n|-damage|p1a: Rotom|33/100\n|cant|p1a: Rotom|flinch\n|move|p2b: Delphox|Psychic|p1a: Rotom\n|-damage|p1a: Rotom|0 fnt\n|faint|p1a: Rotom\n|move|p1b: Incineroar|Darkest Lariat|p2b: Delphox\n|-supereffective|p2b: Delphox|1\n|-damage|p2b: Delphox|5/100\n|\n|upkeep\n|turn|12\n|-message|dalyboii forfeited.\n|\n|win|mls2395\n|raw|dalyboii's rating: 1297 &rarr; <strong>1275</strong><br />(-22 for losing)\n|raw|mls2395's rating: 1343 &rarr; <strong>1360</strong><br />(+17 for winning)\n|l|☆dalyboii\n|player|p1|\n","uploadtime":1788374472,"views":"4","formatid":"gen9championsvgc2026regmb","rating":1275,"private":0,"password":null}