{"id":"gen9championsvgc2026regmbbo3-2673495663","format":"[Gen 9 Champions] VGC 2026 Reg M-B (Bo3)","players":["humania1","Ndndhcje"],"log":"|j|☆humania1\n|j|☆Ndndhcje\n|html|<table width=\"100%\"><tr><td align=\"left\">humania1</td><td align=\"right\">Ndndhcje</tr><tr><td align=\"left\"><i class=\"fa fa-circle-o\"></i> <i class=\"fa fa-circle-o\"></i> </td><td align=\"right\"><i class=\"fa fa-circle-o\"></i> <i class=\"fa fa-circle-o\"></i> </tr></table>\n|uhtml|bestof|<h2><strong>Game 1</strong> of <a href=\"/game-bestof3-gen9championsvgc2026regmbbo3-2673495662\">a best-of-3</a></h2>\n|t:|1788204719\n|gametype|doubles\n|player|p1|humania1|170|1036\n|player|p2|Ndndhcje|266|1000\n|gen|9\n|tier|[Gen 9 Champions] VGC 2026 Reg M-B (Bo3)\n|rated|\n|rule|Species Clause: Limit one of each Pokémon\n|rule|Item Clause: Limit 1 of each item\n|clearpoke\n|poke|p1|Blastoise, L50, F|\n|poke|p1|Delphox, L50, M, shiny|\n|poke|p1|Incineroar, L50, M|\n|poke|p1|Sinistcha, L50|\n|poke|p1|Sneasler, L50, M|\n|poke|p1|Vivillon, L50, M|\n|poke|p2|Gengar, L50, M|\n|poke|p2|Politoed, L50, M|\n|poke|p2|Incineroar, L50, M|\n|poke|p2|Sinistcha, L50|\n|poke|p2|Hydreigon, L50, M|\n|poke|p2|Scizor, L50, F|\n|teampreview|4\n|showteam|p1|Blastoise||Blastoisinite|Torrent|Protect,ShellSmash,WaterSpout,DarkPulse|Modest||F|||50|]Delphox||Delphoxite|Blaze|Protect,HeatWave,Psyshock,NastyPlot|Timid||M|||50|]Incineroar||PasshoBerry|Intimidate|FakeOut,PartingShot,FlareBlitz,ThroatChop|Impish||M|||50|]Sinistcha||SitrusBerry|Hospitality|Protect,MatchaGotcha,TrickRoom,RagePowder|Bold|||||50|]Sneasler||FocusSash|PoisonTouch|QuickGuard,FakeOut,CloseCombat,DireClaw|Jolly||M|||50|]Vivillon||ChoiceScarf|CompoundEyes|Hurricane,SleepPowder,RagePowder,Uturn|Timid||M|||50|\n|showteam|p2|Gengar||Gengarite|CursedBody|ShadowBall,Disable,PerishSong,Protect|Calm||M|||50|]Politoed||Leftovers|Drizzle|WeatherBall,Encore,PerishSong,Protect|Bold||M|||50|]Incineroar||SitrusBerry|Intimidate|DarkestLariat,PartingShot,FakeOut,Protect|Sassy||M|||50|]Sinistcha||KasibBerry|Hospitality|MatchaGotcha,RagePowder,Protect,TrickRoom|Calm|||||50|]Hydreigon||ScopeLens|Levitate|FocusEnergy,DracoMeteor,DarkPulse,Protect|Modest||M|||50|]Scizor||Scizorite|Technician|BulletPunch,BugBite,SwordsDance,Protect|Careful||F|||50|\n|inactive|Battle timer is ON: inactive players will automatically lose when time's up. (requested by humania1)\n|inactive|Ndndhcje has 60 seconds left.\n|inactive|Ndndhcje has 30 seconds left.\n|inactive|Ndndhcje has 20 seconds left.\n|inactive|Ndndhcje has 15 seconds left.\n|\n|t:|1788204797\n|teamsize|p1|4\n|teamsize|p2|4\n|start\n|switch|p1a: Incineroar|Incineroar, L50, M|100/100\n|switch|p1b: Sinistcha|Sinistcha, L50|100/100\n|switch|p2a: Hydreigon|Hydreigon, L50, M|100/100\n|switch|p2b: Incineroar|Incineroar, L50, M|100/100\n|-ability|p1a: Incineroar|Intimidate|boost\n|-unboost|p2a: Hydreigon|atk|1\n|-unboost|p2b: Incineroar|atk|1\n|-ability|p2b: Incineroar|Intimidate|boost\n|-unboost|p1a: Incineroar|atk|1\n|-unboost|p1b: Sinistcha|atk|1\n|turn|1\n|inactive|Ndndhcje has 30 seconds left.\n|\n|t:|1788204825\n|move|p1a: Incineroar|Fake Out|p2a: Hydreigon\n|-damage|p2a: Hydreigon|92/100\n|cant|p2a: Hydreigon|flinch\n|move|p2b: Incineroar|Darkest Lariat|p1b: Sinistcha\n|-supereffective|p1b: Sinistcha|1\n|-damage|p1b: Sinistcha|61/100\n|move|p1b: Sinistcha|Trick Room|p1b: Sinistcha\n|-fieldstart|move: Trick Room|[of] p1b: Sinistcha\n|\n|upkeep\n|turn|2\n|\n|t:|1788204849\n|switch|p1b: Blastoise|Blastoise, L50, F|100/100\n|move|p2b: Incineroar|Parting Shot|p1a: Incineroar\n|-unboost|p1a: Incineroar|atk|1\n|-unboost|p1a: Incineroar|spa|1\n|\n|t:|1788204856\n|switch|p2b: Scizor|Scizor, L50, F|100/100|[from] Parting Shot\n|move|p1a: Incineroar|Parting Shot|p2a: Hydreigon\n|-unboost|p2a: Hydreigon|atk|1\n|-unboost|p2a: Hydreigon|spa|1\n|\n|t:|1788204856\n|switch|p1a: Delphox|Delphox, L50, M, shiny|100/100|[from] Parting Shot\n|move|p2a: Hydreigon|Focus Energy|p2a: Hydreigon\n|-start|p2a: Hydreigon|move: Focus Energy\n|\n|upkeep\n|turn|3\n|inactive|Ndndhcje has 30 seconds left.\n|inactive|Ndndhcje has 20 seconds left.\n|\n|t:|1788204896\n|switch|p1a: Incineroar|Incineroar, L50, M|100/100\n|-ability|p1a: Incineroar|Intimidate|boost\n|-unboost|p2a: Hydreigon|atk|1\n|-unboost|p2b: Scizor|atk|1\n|detailschange|p2b: Scizor|Scizor-Mega, L50, F\n|-mega|p2b: Scizor|Scizor|Scizorite\n|move|p2b: Scizor|Bug Bite|p1b: Blastoise\n|-damage|p1b: Blastoise|67/100\n|move|p2a: Hydreigon|Dark Pulse|p1a: Incineroar\n|-resisted|p1a: Incineroar|1\n|-crit|p1a: Incineroar\n|-damage|p1a: Incineroar|67/100\n|move|p1b: Blastoise|Shell Smash|p1b: Blastoise\n|-unboost|p1b: Blastoise|def|1\n|-unboost|p1b: Blastoise|spd|1\n|-boost|p1b: Blastoise|atk|2\n|-boost|p1b: Blastoise|spa|2\n|-boost|p1b: Blastoise|spe|2\n|\n|upkeep\n|turn|4\n|inactive|Ndndhcje has 30 seconds left.\n|inactive|Ndndhcje has 20 seconds left.\n|inactive|Ndndhcje has 15 seconds left.\n|inactive|Ndndhcje has 10 seconds left.\n|\n|t:|1788204946\n|move|p2b: Scizor|Bug Bite|p1b: Blastoise\n|-damage|p1b: Blastoise|17/100\n|move|p1a: Incineroar|Parting Shot|p2a: Hydreigon\n|-unboost|p2a: Hydreigon|atk|1\n|-unboost|p2a: Hydreigon|spa|1\n|\n|t:|1788204947\n|switch|p1a: Sinistcha|Sinistcha, L50|61/100|[from] Parting Shot\n|-heal|p1b: Blastoise|42/100|[from] ability: Hospitality|[of] p1a: Sinistcha\n|move|p2a: Hydreigon|Draco Meteor|p1b: Blastoise\n|-crit|p1b: Blastoise\n|-damage|p1b: Blastoise|0 fnt\n|-unboost|p2a: Hydreigon|spa|2\n|faint|p1b: Blastoise\n|\n|upkeep\n|\n|t:|1788204947\n|switch|p1b: Incineroar|Incineroar, L50, M|67/100\n|-ability|p1b: Incineroar|Intimidate|boost\n|-unboost|p2a: Hydreigon|atk|1\n|-unboost|p2b: Scizor|atk|1\n|turn|5\n|inactive|Ndndhcje has 30 seconds left.\n|\n|t:|1788204975\n|switch|p2b: Incineroar|Incineroar, L50, M|100/100\n|-ability|p2b: Incineroar|Intimidate|boost\n|-unboost|p1a: Sinistcha|atk|1\n|-unboost|p1b: Incineroar|atk|1\n|move|p2a: Hydreigon|Protect|p2a: Hydreigon\n|-singleturn|p2a: Hydreigon|Protect\n|move|p1a: Sinistcha|Matcha Gotcha|p2b: Incineroar|[spread] \n|-activate|p2a: Hydreigon|move: Protect\n|-miss|p1a: Sinistcha|p2b: Incineroar\n|move|p1b: Incineroar|Flare Blitz|p2b: Incineroar\n|-resisted|p2b: Incineroar|1\n|-damage|p2b: Incineroar|86/100\n|-damage|p1b: Incineroar|63/100|[from] Recoil\n|\n|-fieldend|move: Trick Room\n|upkeep\n|turn|6\n|inactive|Ndndhcje has 30 seconds left.\n|inactive|Ndndhcje has 20 seconds left.\n|inactive|Ndndhcje has 15 seconds left.\n|inactive|Ndndhcje has 10 seconds left.\n|\n|t:|1788205022\n|move|p1a: Sinistcha|Protect|p1a: Sinistcha\n|-singleturn|p1a: Sinistcha|Protect\n|move|p2a: Hydreigon|Focus Energy||[still]\n|-fail|p2a: Hydreigon\n|move|p1b: Incineroar|Throat Chop|p2b: Incineroar\n|-resisted|p2b: Incineroar|1\n|-crit|p2b: Incineroar\n|-damage|p2b: Incineroar|67/100\n|-start|p2b: Incineroar|Throat Chop|[silent]\n|cant|p2b: Incineroar|move: Throat Chop\n|\n|upkeep\n|turn|7\n|\n|t:|1788205042\n|move|p2a: Hydreigon|Draco Meteor|p1b: Incineroar\n|-crit|p1b: Incineroar\n|-damage|p1b: Incineroar|0 fnt\n|-unboost|p2a: Hydreigon|spa|2\n|faint|p1b: Incineroar\n|move|p1a: Sinistcha|Matcha Gotcha|p2a: Hydreigon|[spread] p2a,p2b\n|-resisted|p2a: Hydreigon|1\n|-resisted|p2b: Incineroar|1\n|-damage|p2a: Hydreigon|80/100\n|-heal|p1a: Sinistcha|68/100|[from] drain|[of] p2a: Hydreigon\n|-damage|p2b: Incineroar|58/100\n|-heal|p1a: Sinistcha|73/100|[from] drain|[of] p2b: Incineroar\n|move|p2b: Incineroar|Darkest Lariat|p1a: Sinistcha\n|-supereffective|p1a: Sinistcha|1\n|-damage|p1a: Sinistcha|17/100\n|-enditem|p1a: Sinistcha|Sitrus Berry|[eat]\n|-heal|p1a: Sinistcha|42/100|[from] item: Sitrus Berry\n|\n|-end|p2b: Incineroar|Throat Chop|[silent]\n|upkeep\n|\n|t:|1788205042\n|switch|p1b: Delphox|Delphox, L50, M, shiny|100/100\n|turn|8\n|inactive|Ndndhcje has 30 seconds left.\n|inactive|Ndndhcje has 20 seconds left.\n|inactive|Ndndhcje has 15 seconds left.\n|\n|t:|1788205084\n|move|p1a: Sinistcha|Rage Powder|p1a: Sinistcha\n|-singleturn|p1a: Sinistcha|move: Rage Powder\n|move|p1b: Delphox|Heat Wave|p2a: Hydreigon|[spread] p2a,p2b\n|-resisted|p2a: Hydreigon|1\n|-resisted|p2b: Incineroar|1\n|-damage|p2a: Hydreigon|65/100\n|-damage|p2b: Incineroar|47/100\n|-enditem|p2b: Incineroar|Sitrus Berry|[eat]\n|-heal|p2b: Incineroar|71/100|[from] item: Sitrus Berry\n|move|p2a: Hydreigon|Dark Pulse|p1a: Sinistcha\n|-supereffective|p1a: Sinistcha|1\n|-crit|p1a: Sinistcha\n|-damage|p1a: Sinistcha|0 fnt\n|faint|p1a: Sinistcha\n|move|p2b: Incineroar|Parting Shot|p1b: Delphox\n|-unboost|p1b: Delphox|atk|1\n|-unboost|p1b: Delphox|spa|1\n|\n|t:|1788205098\n|switch|p2b: Politoed|Politoed, L50, M|100/100|[from] Parting Shot\n|-weather|RainDance|[from] ability: Drizzle|[of] p2b: Politoed\n|\n|-weather|RainDance|[upkeep]\n|upkeep\n|turn|9\n|\n|t:|1788205114\n|move|p1b: Delphox|Nasty Plot|p1b: Delphox\n|-boost|p1b: Delphox|spa|2\n|move|p2a: Hydreigon|Dark Pulse|p1b: Delphox\n|-supereffective|p1b: Delphox|1\n|-crit|p1b: Delphox\n|-damage|p1b: Delphox|0 fnt\n|faint|p1b: Delphox\n|\n|win|Ndndhcje\n","uploadtime":1788205114,"views":"3","formatid":"gen9championsvgc2026regmbbo3","rating":null,"private":0,"password":null}