{"id":"gen9championsvgc2026regmbbo3-2674817976","format":"[Gen 9 Champions] VGC 2026 Reg M-B (Bo3)","players":["Sparkles1755","bronzongbroomsvgc"],"log":"|j|☆Sparkles1755\n|j|☆bronzongbroomsvgc\n|html|<table width=\"100%\"><tr><td align=\"left\">Sparkles1755</td><td align=\"right\">bronzongbroomsvgc</tr><tr><td align=\"left\"><i class=\"fa fa-circle-o\"></i> <i class=\"fa fa-circle-o\"></i> </td><td align=\"right\"><i class=\"fa fa-circle-o\"></i> <i class=\"fa fa-circle\"></i> </tr></table>\n|uhtml|bestof|<h2><strong>Game 2</strong> of <a href=\"/game-bestof3-gen9championsvgc2026regmbbo3-2674817504\">a best-of-3</a></h2>\n|t:|1788413071\n|gametype|doubles\n|player|p1|Sparkles1755|veteran|1274\n|player|p2|bronzongbroomsvgc|2|1409\n|gen|9\n|tier|[Gen 9 Champions] VGC 2026 Reg M-B (Bo3)\n|rated|\n|rule|Species Clause: Limit one of each Pokémon\n|rule|Item Clause: Limit 1 of each item\n|clearpoke\n|poke|p1|Charizard, L50, M, shiny|\n|poke|p1|Sylveon, L50, M, shiny|\n|poke|p1|Zoroark-Hisui, L50, F|\n|poke|p1|Kingambit, L50, M, shiny|\n|poke|p1|Sneasler, L50, F|\n|poke|p1|Farigiraf, L50, F, shiny|\n|poke|p2|Toxapex, L50, M|\n|poke|p2|Incineroar, L50, F|\n|poke|p2|Farigiraf, L50, M|\n|poke|p2|Charizard, L50, M|\n|poke|p2|Floette-Eternal, L50, F|\n|poke|p2|Garchomp, L50, M|\n|teampreview|4\n|showteam|p1|Charizard||CharizarditeY|Blaze|HeatWave,WeatherBall,AncientPower,Protect|Modest||M|||50|]Sylveon||FairyFeather|Pixilate|HyperVoice,HyperBeam,QuickAttack,Detect|Modest||M|||50|]Zoroark-Hisui||FocusSash|Illusion|BitterMalice,IcyWind,Taunt,Protect|Timid||F|||50|]Kingambit||LifeOrb|Defiant|KowtowCleave,SuckerPunch,SwordsDance,Protect|Adamant||M|||50|]Sneasler||WhiteHerb|Unburden|CloseCombat,DireClaw,FakeOut,Protect|Adamant||F|||50|]Farigiraf||SitrusBerry|ArmorTail|Psyshock,GrassKnot,TrickRoom,NastyPlot|Modest||F|||50|\n|showteam|p2|Toxapex||Leftovers|Regenerator|BanefulBunker,WideGuard,Toxic,Infestation|Relaxed||M|||50|]Incineroar||SitrusBerry|Intimidate|FakeOut,ThroatChop,FlareBlitz,PartingShot|Adamant||F|||50|]Farigiraf||ColburBerry|ArmorTail|TrickRoom,Psychic,HelpingHand,Protect|Calm||M|||50|]Charizard||CharizarditeY|Blaze|HeatWave,AncientPower,WeatherBall,Protect|Timid||M|||50|]Floette-Eternal||Floettite|FlowerVeil|Moonblast,DazzlingGleam,LightofRuin,Protect|Modest||F|||50|]Garchomp||ChoiceScarf|RoughSkin|Earthquake,RockSlide,DragonClaw,StompingTantrum|Adamant||M|||50|\n|inactive|Battle timer is ON: inactive players will automatically lose when time's up. (requested by Sparkles1755)\n|\n|t:|1788413090\n|teamsize|p1|4\n|teamsize|p2|4\n|start\n|switch|p1a: Kingambit|Kingambit, L50, M, shiny|100/100\n|switch|p1b: Sneasler|Sneasler, L50, F|100/100\n|switch|p2a: Charizard|Charizard, L50, M|100/100\n|switch|p2b: Farigiraf|Farigiraf, L50, M|100/100\n|turn|1\n|\n|t:|1788413111\n|detailschange|p2a: Charizard|Charizard-Mega-Y, L50, M\n|-mega|p2a: Charizard|Charizard|Charizardite Y\n|-weather|SunnyDay|[from] ability: Drought|[of] p2a: Charizard\n|move|p2b: Farigiraf|Protect|p2b: Farigiraf\n|-singleturn|p2b: Farigiraf|Protect\n|move|p1b: Sneasler|Dire Claw|p2a: Charizard\n|-damage|p2a: Charizard|41/100\n|move|p2a: Charizard|Heat Wave|p1b: Sneasler|[spread] p1a,p1b\n|-supereffective|p1a: Kingambit|1\n|-damage|p1a: Kingambit|0 fnt\n|-damage|p1b: Sneasler|21/100\n|-status|p1b: Sneasler|brn\n|faint|p1a: Kingambit\n|\n|-weather|SunnyDay|[upkeep]\n|-damage|p1b: Sneasler|15/100 brn|[from] brn\n|upkeep\n|c|☆Sparkles1755|fahhhh\n|c|☆Sparkles1755|I'm cooked\n|c|☆bronzongbroomsvgc|oopsies\n|inactive|Sparkles1755 has 30 seconds left.\n|c|☆Sparkles1755|I got called both times lmao\n|c|☆Sparkles1755|I deserve it for trying zoro lmao\n|inactive|Sparkles1755 has 20 seconds left.\n|c|☆bronzongbroomsvgc|I shoulda psychic or something so not my best play either\n|\n|t:|1788413148\n|switch|p1a: Sylveon|Sylveon, L50, M, shiny|100/100\n|turn|2\n|c|☆bronzongbroomsvgc|lmao zoro is cool but\n|c|☆bronzongbroomsvgc|its tricky\n|c|☆Sparkles1755|mhmm!\n|\n|t:|1788413167\n|move|p2b: Farigiraf|Helping Hand|p2a: Charizard\n|-singleturn|p2a: Charizard|Helping Hand|[of] p2b: Farigiraf\n|move|p1b: Sneasler|Dire Claw|p2a: Charizard\n|-damage|p2a: Charizard|13/100\n|-status|p2a: Charizard|psn\n|move|p2a: Charizard|Weather Ball|p1a: Sylveon\n|-damage|p1a: Sylveon|1/100\n|move|p1a: Sylveon|Hyper Beam|p2b: Farigiraf\n|-damage|p2b: Farigiraf|8/100\n|-mustrecharge|p1a: Sylveon\n|\n|-weather|SunnyDay|[upkeep]\n|-damage|p2a: Charizard|1/100 psn|[from] psn\n|-damage|p1b: Sneasler|9/100 brn|[from] brn\n|upkeep\n|turn|3\n|inactive|bronzongbroomsvgc has 30 seconds left.\n|inactive|Sparkles1755 has 30 seconds left.\n|\n|t:|1788413205\n|switch|p2a: Garchomp|Garchomp, L50, M|100/100\n|move|p1b: Sneasler|Close Combat|p2b: Farigiraf\n|-damage|p2b: Farigiraf|0 fnt\n|-unboost|p1b: Sneasler|def|1\n|-unboost|p1b: Sneasler|spd|1\n|faint|p2b: Farigiraf\n|-enditem|p1b: Sneasler|White Herb\n|-clearnegativeboost|p1b: Sneasler|[silent]\n|cant|p1a: Sylveon|recharge\n|\n|-weather|SunnyDay|[upkeep]\n|-damage|p1b: Sneasler|3/100 brn|[from] brn\n|upkeep\n|\n|t:|1788413219\n|switch|p2b: Toxapex|Toxapex, L50, M|100/100\n|turn|4\n|\n|t:|1788413230\n|switch|p1a: Farigiraf|Farigiraf, L50, F, shiny|100/100\n|move|p1b: Sneasler|Close Combat|p2a: Garchomp\n|-damage|p2a: Garchomp|67/100\n|-unboost|p1b: Sneasler|def|1\n|-unboost|p1b: Sneasler|spd|1\n|-damage|p1b: Sneasler|0 fnt|[from] ability: Rough Skin|[of] p2a: Garchomp\n|faint|p1b: Sneasler\n|move|p2a: Garchomp|Rock Slide|p1a: Farigiraf\n|-damage|p1a: Farigiraf|78/100\n|move|p2b: Toxapex|Toxic|p1a: Farigiraf\n|-status|p1a: Farigiraf|tox\n|\n|-weather|SunnyDay|[upkeep]\n|-damage|p1a: Farigiraf|71/100 tox|[from] psn\n|upkeep\n|\n|t:|1788413235\n|switch|p1b: Sylveon|Sylveon, L50, M, shiny|1/100\n|turn|5\n|\n|t:|1788413255\n|move|p1b: Sylveon|Detect|p1b: Sylveon\n|-singleturn|p1b: Sylveon|Protect\n|move|p2a: Garchomp|Rock Slide|p1b: Sylveon|[spread] \n|-activate|p1b: Sylveon|move: Protect\n|-miss|p2a: Garchomp|p1a: Farigiraf\n|move|p2b: Toxapex|Infestation|p1a: Farigiraf\n|-supereffective|p1a: Farigiraf|1\n|-damage|p1a: Farigiraf|65/100 tox\n|-activate|p1a: Farigiraf|move: Infestation|[of] p2b: Toxapex\n|move|p1a: Farigiraf|Trick Room|p1a: Farigiraf\n|-fieldstart|move: Trick Room|[of] p1a: Farigiraf\n|\n|-weather|none\n|-damage|p1a: Farigiraf|52/100 tox|[from] psn\n|-damage|p1a: Farigiraf|40/100 tox|[from] move: Infestation|[partiallytrapped]\n|upkeep\n|-enditem|p1a: Farigiraf|Sitrus Berry|[eat]\n|-heal|p1a: Farigiraf|65/100 tox|[from] item: Sitrus Berry\n|turn|6\n|\n|t:|1788413278\n|move|p2b: Toxapex|Infestation|p1b: Sylveon\n|-resisted|p1b: Sylveon|1\n|-damage|p1b: Sylveon|0 fnt\n|faint|p1b: Sylveon\n|move|p1a: Farigiraf|Psyshock|p2b: Toxapex\n|-supereffective|p2b: Toxapex|1\n|-damage|p2b: Toxapex|50/100g\n|move|p2a: Garchomp|Rock Slide|p1a: Farigiraf\n|-damage|p1a: Farigiraf|41/100 tox\n|\n|-heal|p2b: Toxapex|56/100|[from] item: Leftovers\n|-damage|p1a: Farigiraf|22/100 tox|[from] psn\n|-damage|p1a: Farigiraf|10/100 tox|[from] move: Infestation|[partiallytrapped]\n|upkeep\n|turn|7\n|c|☆Sparkles1755|oh true lmao\n|-message|Sparkles1755 forfeited.\n|\n|win|bronzongbroomsvgc\n|raw|Sparkles1755's rating: 1274 &rarr; <strong>1258</strong><br />(-16 for losing)\n|raw|bronzongbroomsvgc's rating: 1409 &rarr; <strong>1422</strong><br />(+13 for winning)\n|l|☆Sparkles1755\n|player|p1|\n|c|☆bronzongbroomsvgc|ya lol\n|c|☆bronzongbroomsvgc|gg\n","uploadtime":1788413301,"views":"0","formatid":"gen9championsvgc2026regmbbo3","rating":1258,"private":0,"password":null}