{"id":"gen9championsvgc2026regmb-2674703582","format":"[Gen 9 Champions] VGC 2026 Reg M-B","players":["Kaizer_Ifrit","hipsterbrownkid"],"log":"|j|☆Kaizer_Ifrit\n|j|☆hipsterbrownkid\n|t:|1788393080\n|gametype|doubles\n|player|p1|Kaizer_Ifrit|caitlin|1540\n|player|p2|hipsterbrownkid|wallace|1503\n|gen|9\n|tier|[Gen 9 Champions] VGC 2026 Reg M-B\n|rated|\n|rule|Species Clause: Limit one of each Pokémon\n|rule|Item Clause: Limit 1 of each item\n|clearpoke\n|poke|p1|Gengar, L50, F|\n|poke|p1|Staraptor, L50, M|\n|poke|p1|Whimsicott, L50, F|\n|poke|p1|Scizor, L50, M|\n|poke|p1|Incineroar, L50, M|\n|poke|p1|Garchomp, L50, F|\n|poke|p2|Hydreigon, L50, F|\n|poke|p2|Metagross, L50|\n|poke|p2|Mamoswine, L50, M|\n|poke|p2|Whimsicott, L50, M|\n|poke|p2|Primarina, L50, M|\n|poke|p2|Aerodactyl, L50, M|\n|teampreview|4\n|inactive|Battle timer is ON: inactive players will automatically lose when time's up. (requested by hipsterbrownkid)\n|inactive|Kaizer_Ifrit also wants the timer to be on.\n|inactive|Kaizer_Ifrit has 60 seconds left.\n|\n|t:|1788393121\n|teamsize|p1|4\n|teamsize|p2|4\n|start\n|switch|p1a: Shirona|Garchomp, L50, F|100/100\n|switch|p1b: Might Gai|Scizor, L50, M|100/100\n|switch|p2a: Metagross|Metagross, L50|100/100\n|switch|p2b: Hydreigon|Hydreigon, L50, F|100/100\n|turn|1\n|\n|t:|1788393142\n|detailschange|p2a: Metagross|Metagross-Mega, L50\n|-mega|p2a: Metagross|Metagross|Metagrossite\n|move|p1b: Might Gai|Protect|p1b: Might Gai\n|-singleturn|p1b: Might Gai|Protect\n|move|p2b: Hydreigon|Draco Meteor|p1a: Shirona\n|-supereffective|p1a: Shirona|1\n|-damage|p1a: Shirona|0 fnt\n|-unboost|p2b: Hydreigon|spa|2\n|faint|p1a: Shirona\n|move|p2a: Metagross|Iron Head|p1b: Might Gai\n|-activate|p1b: Might Gai|move: Protect\n|\n|upkeep\n|\n|t:|1788393150\n|switch|p1a: Reze|Gengar, L50, F|100/100\n|turn|2\n|\n|t:|1788393154\n|switch|p2b: Whimsicott|Whimsicott, L50, M|100/100\n|detailschange|p1a: Reze|Gengar-Mega, L50, F\n|-mega|p1a: Reze|Gengar|Gengarite\n|move|p1a: Reze|Shadow Ball|p2a: Metagross\n|-supereffective|p2a: Metagross|1\n|-damage|p2a: Metagross|15/100\n|move|p2a: Metagross|Psychic Fangs|p1a: Reze\n|-supereffective|p1a: Reze|1\n|-damage|p1a: Reze|0 fnt\n|faint|p1a: Reze\n|move|p1b: Might Gai|Bug Bite|p2b: Whimsicott\n|-damage|p2b: Whimsicott|15/100\n|-enditem|p2b: Whimsicott|Occa Berry|[from] stealeat|[move] Bug Bite|[of] p1b: Might Gai\n|-damage|p1b: Might Gai|90/100|[from] item: Life Orb\n|\n|upkeep\n|\n|t:|1788393162\n|switch|p1a: Shisouhan|Incineroar, L50, M|100/100\n|-ability|p1a: Shisouhan|Intimidate|boost\n|-unboost|p2a: Metagross|atk|1\n|-unboost|p2b: Whimsicott|atk|1\n|turn|3\n|\n|t:|1788393177\n|switch|p2a: Hydreigon|Hydreigon, L50, F|100/100\n|move|p1a: Shisouhan|Fake Out|p2b: Whimsicott\n|-damage|p2b: Whimsicott|2/100\n|cant|p2b: Whimsicott|flinch\n|move|p1b: Might Gai|Bug Bite|p2a: Hydreigon\n|-supereffective|p2a: Hydreigon|1\n|-damage|p2a: Hydreigon|0 fnt\n|faint|p2a: Hydreigon\n|-damage|p1b: Might Gai|80/100|[from] item: Life Orb\n|\n|upkeep\n|\n|t:|1788393183\n|switch|p2a: Metagross|Metagross-Mega, L50|15/100\n|turn|4\n|\n|t:|1788393195\n|move|p2b: Whimsicott|Encore|p1b: Might Gai\n|-start|p1b: Might Gai|Encore\n|move|p2a: Metagross|Iron Head|p1b: Might Gai\n|-resisted|p1b: Might Gai|1\n|-damage|p1b: Might Gai|50/100g\n|move|p1b: Might Gai|Bug Bite|p2b: Whimsicott\n|-damage|p2b: Whimsicott|0 fnt\n|faint|p2b: Whimsicott\n|-damage|p1b: Might Gai|40/100|[from] item: Life Orb\n|move|p1a: Shisouhan|Flare Blitz|p2a: Metagross\n|-supereffective|p2a: Metagross|1\n|-damage|p2a: Metagross|0 fnt\n|faint|p2a: Metagross\n|-damage|p1a: Shisouhan|95/100|[from] Recoil\n|\n|upkeep\n|\n|t:|1788393198\n|switch|p2a: Mamoswine|Mamoswine, L50, M|100/100\n|turn|5\n|\n|t:|1788393203\n|move|p2a: Mamoswine|Earthquake|p1a: Shisouhan|[spread] p1a,p1b\n|-supereffective|p1a: Shisouhan|1\n|-damage|p1a: Shisouhan|29/100\n|-damage|p1b: Might Gai|1/100\n|-enditem|p1a: Shisouhan|Sitrus Berry|[eat]\n|-heal|p1a: Shisouhan|54/100|[from] item: Sitrus Berry\n|move|p1b: Might Gai|Bug Bite|p2a: Mamoswine\n|-damage|p2a: Mamoswine|27/100\n|-damage|p1b: Might Gai|0 fnt|[from] item: Life Orb\n|faint|p1b: Might Gai\n|move|p1a: Shisouhan|Flare Blitz|p2a: Mamoswine\n|-supereffective|p2a: Mamoswine|1\n|-damage|p2a: Mamoswine|0 fnt\n|faint|p2a: Mamoswine\n|-damage|p1a: Shisouhan|46/100|[from] Recoil\n|\n|win|Kaizer_Ifrit\n|raw|Kaizer_Ifrit's rating: 1540 &rarr; <strong>1558</strong><br />(+18 for winning)\n|raw|hipsterbrownkid's rating: 1503 &rarr; <strong>1485</strong><br />(-18 for losing)\n|l|☆hipsterbrownkid\n|player|p2|\n|c|☆Kaizer_Ifrit|Ggs\n","uploadtime":1788393211,"views":"23","formatid":"gen9championsvgc2026regmb","rating":1485,"private":0,"password":null}