{"id":"gen9championsvgc2026regmb-2674788978","format":"[Gen 9 Champions] VGC 2026 Reg M-B","players":["ASapHerb","MPelton02"],"log":"|j|☆ASapHerb\n|j|☆MPelton02\n|html|<table width=\"100%\"><tr><td align=\"left\">ASapHerb</td><td align=\"right\">MPelton02</tr><tr><td align=\"left\"><i class=\"fa fa-circle-o\"></i> <i class=\"fa fa-circle-o\"></i> <i class=\"fa fa-circle-o\"></i> </td><td align=\"right\"><i class=\"fa fa-circle-o\"></i> <i class=\"fa fa-circle-o\"></i> <i class=\"fa fa-circle\"></i> </tr></table>\n|uhtml|bestof|<h2><strong>Game 2</strong> of <a href=\"/game-bestof5-gen9championsvgc2026regmb-2674786758\">a best-of-5</a></h2>\n|t:|1788407090\n|gametype|doubles\n|player|p1|ASapHerb|169|\n|player|p2|MPelton02|265|\n|gen|9\n|tier|[Gen 9 Champions] VGC 2026 Reg M-B\n|rule|Species Clause: Limit one of each Pokémon\n|rule|Item Clause: Limit 1 of each item\n|raw|<div class=\"infobox\"><details class=\"readmore\" open><summary><strong>1 custom rule:</strong></summary> Best of = 5</details></div>\n|clearpoke\n|poke|p1|Blaziken, L50, F|\n|poke|p1|Froslass, L50, F|\n|poke|p1|Dragonite, L50, F|\n|poke|p1|Sneasler, L50, M, shiny|\n|poke|p1|Kingambit, L50, M|\n|poke|p1|Toxapex, L50, M|\n|poke|p2|Raichu, L50, M, shiny|\n|poke|p2|Pelipper, L50, F|\n|poke|p2|Swampert, L50, M|\n|poke|p2|Sinistcha-Masterpiece, L50|\n|poke|p2|Farigiraf, L50, M|\n|poke|p2|Whimsicott, L50, M|\n|teampreview|4\n|inactive|Battle timer is ON: inactive players will automatically lose when time's up. (requested by ASapHerb)\n|inactive|ASapHerb has 60 seconds left.\n|\n|t:|1788407164\n|teamsize|p1|4\n|teamsize|p2|4\n|start\n|switch|p1a: Look at dat Fross|Froslass, L50, F|100/100\n|switch|p1b: Toxic Tendencies|Sneasler, L50, M, shiny|100/100\n|switch|p2a: Sinistcha|Sinistcha-Masterpiece, L50|100/100\n|switch|p2b: Raichu|Raichu, L50, M, shiny|100/100\n|turn|1\n|inactive|ASapHerb has 30 seconds left.\n|inactive|MPelton02 has 30 seconds left.\n|inactive|MPelton02 has 20 seconds left.\n|\n|t:|1788407200\n|move|p2b: Raichu|Protect|p2b: Raichu\n|-singleturn|p2b: Raichu|Protect\n|move|p2a: Sinistcha|Protect|p2a: Sinistcha\n|-singleturn|p2a: Sinistcha|Protect\n|move|p1a: Look at dat Fross|Shadow Ball|p2a: Sinistcha\n|-activate|p2a: Sinistcha|move: Protect\n|move|p1b: Toxic Tendencies|Dire Claw|p2b: Raichu\n|-activate|p2b: Raichu|move: Protect\n|\n|upkeep\n|turn|2\n|j| Mashed Potoooooooo\n|inactive|MPelton02 has 30 seconds left.\n|inactive|ASapHerb has 30 seconds left.\n|inactive|MPelton02 has 20 seconds left.\n|inactive|ASapHerb has 20 seconds left.\n|inactive|MPelton02 has 15 seconds left.\n|inactive|ASapHerb has 15 seconds left.\n|\n|t:|1788407246\n|detailschange|p2b: Raichu|Raichu-Mega-Y, L50, M, shiny\n|-mega|p2b: Raichu|Raichu|Raichunite Y\n|move|p1a: Look at dat Fross|Protect|p1a: Look at dat Fross\n|-singleturn|p1a: Look at dat Fross|Protect\n|move|p2a: Sinistcha|Rage Powder|p2a: Sinistcha\n|-singleturn|p2a: Sinistcha|move: Rage Powder\n|move|p2b: Raichu|Zap Cannon|p1a: Look at dat Fross\n|-activate|p1a: Look at dat Fross|move: Protect\n|move|p1b: Toxic Tendencies|Close Combat|p2a: Sinistcha\n|-immune|p2a: Sinistcha\n|\n|upkeep\n|turn|3\n|inactive|ASapHerb has 30 seconds left.\n|inactive|ASapHerb has 20 seconds left.\n|inactive|ASapHerb has 15 seconds left.\n|\n|t:|1788407291\n|detailschange|p1a: Look at dat Fross|Froslass-Mega, L50, F\n|-mega|p1a: Look at dat Fross|Froslass|Froslassite\n|-weather|Snowscape|[from] ability: Snow Warning|[of] p1a: Look at dat Fross\n|move|p2b: Raichu|Zap Cannon|p1a: Look at dat Fross\n|-damage|p1a: Look at dat Fross|28/100\n|-status|p1a: Look at dat Fross|par\n|move|p1b: Toxic Tendencies|Dire Claw|p2b: Raichu\n|-damage|p2b: Raichu|0 fnt\n|faint|p2b: Raichu\n|move|p1a: Look at dat Fross|Blizzard|p2a: Sinistcha\n|-supereffective|p2a: Sinistcha|1\n|-damage|p2a: Sinistcha|11/100\n|-enditem|p2a: Sinistcha|Sitrus Berry|[eat]\n|-heal|p2a: Sinistcha|35/100|[from] item: Sitrus Berry\n|move|p2a: Sinistcha|Matcha Gotcha|p1b: Toxic Tendencies|[spread] p1a,p1b\n|-resisted|p1b: Toxic Tendencies|1\n|-damage|p1a: Look at dat Fross|4/100 par\n|-heal|p2a: Sinistcha|47/100|[from] drain|[of] p1a: Look at dat Fross\n|-damage|p1b: Toxic Tendencies|83/100\n|-heal|p2a: Sinistcha|54/100|[from] drain|[of] p1b: Toxic Tendencies\n|\n|-weather|Snowscape|[upkeep]\n|upkeep\n|\n|t:|1788407316\n|switch|p2b: NevrainsCalifornia|Pelipper, L50, F|100/100\n|-weather|RainDance|[from] ability: Drizzle|[of] p2b: NevrainsCalifornia\n|turn|4\n|inactive|ASapHerb has 30 seconds left.\n|\n|t:|1788407351\n|switch|p1a: King Deez|Kingambit, L50, M|100/100\n|move|p1b: Toxic Tendencies|Protect|p1b: Toxic Tendencies\n|-singleturn|p1b: Toxic Tendencies|Protect\n|move|p2b: NevrainsCalifornia|Tailwind|p2b: NevrainsCalifornia\n|-sidestart|p2: MPelton02|move: Tailwind\n|move|p2a: Sinistcha|Strength Sap|p1b: Toxic Tendencies\n|-activate|p1b: Toxic Tendencies|move: Protect\n|\n|-weather|RainDance|[upkeep]\n|upkeep\n|turn|5\n|inactive|ASapHerb has 30 seconds left.\n|\n|t:|1788407382\n|move|p1b: Toxic Tendencies|Dire Claw|p2b: NevrainsCalifornia\n|-damage|p2b: NevrainsCalifornia|65/100\n|move|p2b: NevrainsCalifornia|Weather Ball|p1b: Toxic Tendencies\n|-damage|p1b: Toxic Tendencies|7/100\n|move|p2a: Sinistcha|Strength Sap|p1a: King Deez\n|-unboost|p1a: King Deez|atk|1\n|-ability|p1a: King Deez|Defiant|boost\n|-boost|p1a: King Deez|atk|2\n|-heal|p2a: Sinistcha|100/100\n|move|p1a: King Deez|Kowtow Cleave|p2a: Sinistcha\n|-supereffective|p2a: Sinistcha|1\n|-damage|p2a: Sinistcha|0 fnt\n|faint|p2a: Sinistcha\n|\n|-weather|RainDance|[upkeep]\n|upkeep\n|\n|t:|1788407400\n|switch|p2a: Shrek is love|Swampert, L50, M|100/100\n|turn|6\n|inactive|ASapHerb has 30 seconds left.\n|inactive|ASapHerb has 20 seconds left.\n|\n|t:|1788407438\n|switch|p1b: Dragon r Tight|Dragonite, L50, F|100/100\n|move|p1a: King Deez|Protect|p1a: King Deez\n|-singleturn|p1a: King Deez|Protect\n|move|p2a: Shrek is love|Earthquake|p1b: Dragon r Tight|[spread] \n|-activate|p1a: King Deez|move: Protect\n|-immune|p2b: NevrainsCalifornia\n|-immune|p1b: Dragon r Tight\n|move|p2b: NevrainsCalifornia|Weather Ball|p1a: King Deez\n|-activate|p1a: King Deez|move: Protect\n|\n|-weather|RainDance|[upkeep]\n|upkeep\n|turn|7\n|inactive|ASapHerb has 30 seconds left.\n|inactive|MPelton02 has 30 seconds left.\n|\n|t:|1788407475\n|move|p1a: King Deez|Sucker Punch|p2b: NevrainsCalifornia\n|-damage|p2b: NevrainsCalifornia|10/100\n|move|p2a: Shrek is love|Earthquake|p1b: Dragon r Tight|[spread] p1a\n|-immune|p2b: NevrainsCalifornia\n|-immune|p1b: Dragon r Tight\n|-supereffective|p1a: King Deez|1\n|-damage|p1a: King Deez|44/100\n|move|p2b: NevrainsCalifornia|Ice Beam|p1b: Dragon r Tight\n|-supereffective|p1b: Dragon r Tight|2\n|-damage|p1b: Dragon r Tight|31/100\n|move|p1b: Dragon r Tight|Dragon Claw|p2a: Shrek is love\n|-damage|p2a: Shrek is love|31/100\n|-damage|p1b: Dragon r Tight|21/100|[from] item: Life Orb\n|\n|-weather|RainDance|[upkeep]\n|-sideend|p2: MPelton02|move: Tailwind\n|upkeep\n|turn|8\n|inactive|MPelton02 has 30 seconds left.\n|inactive|MPelton02 has 20 seconds left.\n|\n|t:|1788407513\n|move|p1a: King Deez|Protect|p1a: King Deez\n|-singleturn|p1a: King Deez|Protect\n|move|p1b: Dragon r Tight|Extreme Speed|p2b: NevrainsCalifornia\n|-damage|p2b: NevrainsCalifornia|0 fnt\n|faint|p2b: NevrainsCalifornia\n|-damage|p1b: Dragon r Tight|12/100|[from] item: Life Orb\n|move|p2a: Shrek is love|Wave Crash|p1b: Dragon r Tight\n|-resisted|p1b: Dragon r Tight|1\n|-damage|p1b: Dragon r Tight|0 fnt\n|faint|p1b: Dragon r Tight\n|-damage|p2a: Shrek is love|26/100|[from] Recoil\n|\n|-weather|RainDance|[upkeep]\n|upkeep\n|\n|t:|1788407526\n|switch|p1b: Toxic Tendencies|Sneasler, L50, M, shiny|7/100\n|turn|9\n|\n|t:|1788407534\n|move|p2a: Shrek is love|Protect|p2a: Shrek is love\n|-singleturn|p2a: Shrek is love|Protect\n|move|p1b: Toxic Tendencies|Fake Out|p2a: Shrek is love\n|-activate|p2a: Shrek is love|move: Protect\n|move|p1a: King Deez|Sucker Punch||[still]\n|-fail|p1a: King Deez\n|\n|-weather|RainDance|[upkeep]\n|upkeep\n|turn|10\n|\n|t:|1788407545\n|move|p1a: King Deez|Sucker Punch|p2a: Shrek is love\n|-damage|p2a: Shrek is love|0 fnt\n|faint|p2a: Shrek is love\n|\n|win|ASapHerb\n||MPelton02 is ready for game 3.\n|l| Mashed Potoooooooo\n||ASapHerb is ready for game 3.\n|uhtml|next|Next: <a href=\"/battle-gen9championsvgc2026regmb-2674791410\"><strong>Game 3 of 5</strong></a>\n|j| Mashed Potoooooooo\n|j| danwilt\n|l| Mashed Potoooooooo\n|j| fittyjason\n|l|☆MPelton02\n|player|p2|\n|l| danwilt\n|l| fittyjason\n","uploadtime":1788407558,"views":"11","formatid":"gen9championsvgc2026regmb","rating":null,"private":0,"password":null}