{"id":"gen9championsvgc2026regmb-2674262846","format":"[Gen 9 Champions] VGC 2026 Reg M-B","players":["Icy prize","Rtahmass"],"log":"|j|☆Icy prize\n|j|☆Rtahmass\n|t:|1788326195\n|gametype|doubles\n|player|p1|Icy prize|marlon|1643\n|player|p2|Rtahmass|170|1663\n|gen|9\n|tier|[Gen 9 Champions] VGC 2026 Reg M-B\n|rated|\n|rule|Species Clause: Limit one of each Pokémon\n|rule|Item Clause: Limit 1 of each item\n|clearpoke\n|poke|p1|Staraptor, L50, M|\n|poke|p1|Garchomp, L50, F|\n|poke|p1|Meganium, L50, M|\n|poke|p1|Tyranitar, L50, M|\n|poke|p1|Excadrill, L50, F|\n|poke|p1|Farigiraf, L50, F|\n|poke|p2|Sneasler, L50, M|\n|poke|p2|Whimsicott, L50, F|\n|poke|p2|Raichu, L50, M|\n|poke|p2|Kingambit, L50, F|\n|poke|p2|Ceruledge, L50, F|\n|poke|p2|Vanilluxe, L50, M|\n|teampreview|4\n|j| P1nisher\n|j| Newyiddyboy\n|inactive|Battle timer is ON: inactive players will automatically lose when time's up. (requested by Icy prize)\n|l| P1nisher\n|\n|t:|1788326243\n|teamsize|p1|4\n|teamsize|p2|4\n|start\n|switch|p1a: Farigiraf|Farigiraf, L50, F|100/100\n|switch|p1b: Excadrill|Excadrill, L50, F|100/100\n|switch|p2a: Sneasler|Sneasler, L50, M|100/100\n|switch|p2b: Raichu|Raichu, L50, M|100/100\n|turn|1\n|\n|t:|1788326258\n|move|p2b: Raichu|Protect|p2b: Raichu\n|-singleturn|p2b: Raichu|Protect\n|move|p1b: Excadrill|Protect|p1b: Excadrill\n|-singleturn|p1b: Excadrill|Protect\n|move|p2a: Sneasler|Close Combat|p1b: Excadrill\n|-activate|p1b: Excadrill|move: Protect\n|move|p1a: Farigiraf|Twin Beam|p2a: Sneasler\n|-supereffective|p2a: Sneasler|2\n|-damage|p2a: Sneasler|15/100\n|-supereffective|p2a: Sneasler|2\n|-damage|p2a: Sneasler|0 fnt\n|faint|p2a: Sneasler\n|-hitcount|p2: Sneasler|2\n|\n|upkeep\n|\n|t:|1788326270\n|switch|p2a: Whimsicott|Whimsicott, L50, F|100/100\n|turn|2\n|l| Newyiddyboy\n|\n|t:|1788326277\n|switch|p1a: Tyranitar|Tyranitar, L50, M|100/100\n|-weather|Sandstorm|[from] ability: Sand Stream|[of] p1a: Tyranitar\n|detailschange|p2b: Raichu|Raichu-Mega-Y, L50, M\n|-mega|p2b: Raichu|Raichu|Raichunite Y\n|move|p2a: Whimsicott|Encore|p1b: Excadrill\n|-start|p1b: Excadrill|Encore\n|move|p1b: Excadrill|Protect||[still]\n|-fail|p1b: Excadrill\n|move|p2b: Raichu|Focus Blast|p1a: Tyranitar\n|-supereffective|p1a: Tyranitar|2\n|-damage|p1a: Tyranitar|0 fnt\n|faint|p1a: Tyranitar\n|\n|-weather|Sandstorm|[upkeep]\n|-damage|p2a: Whimsicott|94/100|[from] Sandstorm\n|-damage|p2b: Raichu|94/100|[from] Sandstorm\n|upkeep\n|c|☆Icy prize|wow\n|c|☆Icy prize|wow\n|c|☆Icy prize|wow\n|c|☆Icy prize|wow\n|c|☆Rtahmass|I’m crazy w it\n|inactive|Icy prize has 30 seconds left.\n|inactive|Icy prize has 20 seconds left.\n|c|☆Rtahmass|(I rly had no other choice)\n|c|☆Icy prize|that might have been the craziest thing i ever seem\n|inactive|Icy prize has 15 seconds left.\n|inactive|Icy prize has 10 seconds left.\n|\n|t:|1788326324\n|switch|p1a: Farigiraf|Farigiraf, L50, F|100/100\n|turn|3\n|inactive|Rtahmass has 30 seconds left.\n|\n|t:|1788326356\n|switch|p1b: Garchomp|Garchomp, L50, F|100/100\n|move|p2a: Whimsicott|Moonblast|p1b: Garchomp\n|-supereffective|p1b: Garchomp|1\n|-damage|p1b: Garchomp|18/100\n|move|p2b: Raichu|Zap Cannon|p1a: Farigiraf\n|-damage|p1a: Farigiraf|28/100\n|-status|p1a: Farigiraf|par\n|move|p1a: Farigiraf|Trick Room|p1a: Farigiraf\n|-fieldstart|move: Trick Room|[of] p1a: Farigiraf\n|\n|-weather|Sandstorm|[upkeep]\n|-damage|p1a: Farigiraf|22/100 par|[from] Sandstorm\n|-damage|p2b: Raichu|88/100|[from] Sandstorm\n|-damage|p2a: Whimsicott|88/100|[from] Sandstorm\n|upkeep\n|turn|4\n|j| metayarrak\n|inactive|Rtahmass has 30 seconds left.\n|inactive|Rtahmass has 20 seconds left.\n|\n|t:|1788326392\n|detailschange|p1b: Garchomp|Garchomp-Mega, L50, F\n|-mega|p1b: Garchomp|Garchomp|Garchompite\n|move|p2a: Whimsicott|Protect|p2a: Whimsicott\n|-singleturn|p2a: Whimsicott|Protect\n|move|p2b: Raichu|Protect|p2b: Raichu\n|-singleturn|p2b: Raichu|Protect\n|move|p1a: Farigiraf|Twin Beam|p2a: Whimsicott\n|-activate|p2a: Whimsicott|move: Protect\n|move|p1b: Garchomp|Power Gem|p2a: Whimsicott\n|-activate|p2a: Whimsicott|move: Protect\n|\n|-weather|Sandstorm|[upkeep]\n|-damage|p1a: Farigiraf|16/100 par|[from] Sandstorm\n|-damage|p2b: Raichu|82/100|[from] Sandstorm\n|-damage|p2a: Whimsicott|82/100|[from] Sandstorm\n|upkeep\n|turn|5\n|inactive|Rtahmass has 30 seconds left.\n|inactive|Rtahmass has 20 seconds left.\n|inactive|Rtahmass has 15 seconds left.\n|inactive|Rtahmass has 10 seconds left.\n|inactive|Rtahmass has 5 seconds left.\n|\n|t:|1788326446\n|switch|p2a: Vanilluxe|Vanilluxe, L50, M|100/100\n|-weather|Snowscape|[from] ability: Snow Warning|[of] p2a: Vanilluxe\n|move|p1a: Farigiraf|Twin Beam|p2a: Vanilluxe\n|-damage|p2a: Vanilluxe|78/100\n|-damage|p2a: Vanilluxe|58/100\n|-hitcount|p2a: Vanilluxe|2\n|move|p1b: Garchomp|Earth Power|p2b: Raichu\n|-supereffective|p2b: Raichu|1\n|-damage|p2b: Raichu|0 fnt\n|faint|p2b: Raichu\n|\n|-weather|Snowscape|[upkeep]\n|upkeep\n|\n|t:|1788326459\n|switch|p2b: Whimsicott|Whimsicott, L50, F|82/100\n|turn|6\n|\n|t:|1788326464\n|move|p2b: Whimsicott|Protect|p2b: Whimsicott\n|-singleturn|p2b: Whimsicott|Protect\n|move|p1a: Farigiraf|Twin Beam|p2b: Whimsicott\n|-activate|p2b: Whimsicott|move: Protect\n|move|p1b: Garchomp|Power Gem|p2a: Vanilluxe\n|-supereffective|p2a: Vanilluxe|1\n|-damage|p2a: Vanilluxe|0 fnt\n|faint|p2a: Vanilluxe\n|\n|-weather|Snowscape|[upkeep]\n|upkeep\n|turn|7\n|c|☆Rtahmass|Ggs\n|inactive|Icy prize has 30 seconds left.\n|c|☆Icy prize|was that a timid nature?\n|\n|t:|1788326495\n|move|p2b: Whimsicott|Protect|p2b: Whimsicott\n|-singleturn|p2b: Whimsicott|Protect\n|move|p1a: Farigiraf|Twin Beam|p2b: Whimsicott\n|-activate|p2b: Whimsicott|move: Protect\n|move|p1b: Garchomp|Power Gem|p2b: Whimsicott\n|-activate|p2b: Whimsicott|move: Protect\n|\n|-weather|Snowscape|[upkeep]\n|-fieldend|move: Trick Room\n|upkeep\n|turn|8\n|c|☆Rtahmass|It was scarf lol\n|c|☆Icy prize|oh ok\n|\n|t:|1788326507\n|move|p2b: Whimsicott|Moonblast|p1a: Farigiraf\n|-damage|p1a: Farigiraf|0 fnt\n|faint|p1a: Farigiraf\n|move|p1b: Garchomp|Power Gem|p2b: Whimsicott\n|-damage|p2b: Whimsicott|37/100\n|\n|-weather|Snowscape|[upkeep]\n|upkeep\n|c|☆Icy prize|gg\n|\n|t:|1788326514\n|switch|p1a: Excadrill|Excadrill, L50, F|100/100\n|turn|9\n|\n|t:|1788326520\n|move|p2b: Whimsicott|Protect|p2b: Whimsicott\n|-singleturn|p2b: Whimsicott|Protect\n|move|p1a: Excadrill|Iron Head|p2b: Whimsicott\n|-activate|p2b: Whimsicott|move: Protect\n|move|p1b: Garchomp|Power Gem|p2b: Whimsicott\n|-activate|p2b: Whimsicott|move: Protect\n|\n|-weather|none\n|upkeep\n|turn|10\n|c|☆Icy prize|turn 2\n|c|☆Icy prize|was crazy\n|\n|t:|1788326532\n|move|p2b: Whimsicott|Moonblast|p1b: Garchomp\n|-supereffective|p1b: Garchomp|1\n|-damage|p1b: Garchomp|0 fnt\n|faint|p1b: Garchomp\n|move|p1a: Excadrill|Iron Head|p2b: Whimsicott\n|-supereffective|p2b: Whimsicott|1\n|-damage|p2b: Whimsicott|0 fnt\n|faint|p2b: Whimsicott\n|\n|win|Icy prize\n|raw|Icy prize's rating: 1643 &rarr; <strong>1664</strong><br />(+21 for winning)\n|raw|Rtahmass's rating: 1663 &rarr; <strong>1642</strong><br />(-21 for losing)\n|c|☆Rtahmass|It did feel pretty good\n|l| metayarrak\n|l|☆Rtahmass\n|player|p2|\n","uploadtime":1788326545,"views":"41","formatid":"gen9championsvgc2026regmb","rating":1642,"private":0,"password":null}