{"id":"gen9championsvgc2026regmb-2674556447","format":"[Gen 9 Champions] VGC 2026 Reg M-B","players":["bruhdnigerian","fonx14"],"log":"|j|☆bruhdnigerian\n|j|☆fonx14\n|t:|1788373576\n|gametype|doubles\n|player|p1|bruhdnigerian|lance|1199\n|player|p2|fonx14|102|1177\n|gen|9\n|tier|[Gen 9 Champions] VGC 2026 Reg M-B\n|rated|\n|rule|Species Clause: Limit one of each Pokémon\n|rule|Item Clause: Limit 1 of each item\n|clearpoke\n|poke|p1|Pangoro, L50, M|\n|poke|p1|Chandelure, L50, M|\n|poke|p1|Spiritomb, L50, F|\n|poke|p1|Araquanid, L50, M|\n|poke|p1|Gliscor, L50, M|\n|poke|p1|Drampa, L50, F|\n|poke|p2|Medicham, L50, F|\n|poke|p2|Blaziken, L50, F|\n|poke|p2|Kingambit, L50, M|\n|poke|p2|Torkoal, L50, M|\n|poke|p2|Corviknight, L50, F|\n|poke|p2|Lycanroc, L50, F|\n|teampreview|4\n|inactive|Battle timer is ON: inactive players will automatically lose when time's up. (requested by bruhdnigerian)\nbruhdnigerian rejected open team sheets.\n|inactive|fonx14 has 60 seconds left.\n|\n|t:|1788373617\n|teamsize|p1|4\n|teamsize|p2|4\n|start\n|switch|p1a: Gliscor|Gliscor, L50, M|100/100\n|switch|p1b: Spiritomb|Spiritomb, L50, F|100/100\n|switch|p2a: Lycanroc|Lycanroc, L50, F|100/100\n|switch|p2b: Kingambit|Kingambit, L50, M|100/100\n|turn|1\n|\n|t:|1788373634\n|move|p2a: Lycanroc|Rock Slide|p1b: Spiritomb|[spread] p1a,p1b\n|-damage|p1a: Gliscor|80/100\n|-damage|p1b: Spiritomb|69/100\n|move|p1a: Gliscor|High Horsepower|p2a: Lycanroc\n|-supereffective|p2a: Lycanroc|1\n|-damage|p2a: Lycanroc|0 fnt\n|faint|p2a: Lycanroc\n|move|p2b: Kingambit|Kowtow Cleave|p1b: Spiritomb\n|-damage|p1b: Spiritomb|2/100\n|-damage|p2b: Kingambit|90/100|[from] item: Life Orb\n|move|p1b: Spiritomb|Will-O-Wisp|p2b: Kingambit|[miss]\n|-miss|p1b: Spiritomb|p2b: Kingambit\n|\n|upkeep\n|inactive|fonx14 has 30 seconds left.\n|\n|t:|1788373662\n|switch|p2a: Corviknight|Corviknight, L50, F|100/100\n|turn|2\n|\n|t:|1788373674\n|move|p1a: Gliscor|High Horsepower|p2b: Kingambit\n|-supereffective|p2b: Kingambit|1\n|-damage|p2b: Kingambit|19/100\n|move|p2a: Corviknight|Bulk Up|p2a: Corviknight\n|-boost|p2a: Corviknight|atk|1\n|-boost|p2a: Corviknight|def|1\n|move|p2b: Kingambit|Kowtow Cleave|p1b: Spiritomb\n|-damage|p1b: Spiritomb|0 fnt\n|faint|p1b: Spiritomb\n|-damage|p2b: Kingambit|10/100|[from] item: Life Orb\n|\n|upkeep\n|\n|t:|1788373683\n|switch|p1b: Chandelure|Chandelure, L50, M|100/100\n|turn|3\n|\n|t:|1788373707\n|detailschange|p1b: Chandelure|Chandelure-Mega, L50, M\n|-mega|p1b: Chandelure|Chandelure|Chandelurite\n|move|p1b: Chandelure|Protect|p1b: Chandelure\n|-singleturn|p1b: Chandelure|Protect\n|move|p2b: Kingambit|Sucker Punch||[still]\n|-fail|p2b: Kingambit\n|move|p1a: Gliscor|High Horsepower|p2b: Kingambit\n|-supereffective|p2b: Kingambit|1\n|-damage|p2b: Kingambit|0 fnt\n|faint|p2b: Kingambit\n|move|p2a: Corviknight|Bulk Up|p2a: Corviknight\n|-boost|p2a: Corviknight|atk|1\n|-boost|p2a: Corviknight|def|1\n|\n|upkeep\n|\n|t:|1788373721\n|switch|p2b: Medicham|Medicham, L50, F|100/100\n|turn|4\n|\n|t:|1788373735\n|move|p1a: Gliscor|Acrobatics|p2b: Medicham\n|-supereffective|p2b: Medicham|1\n|-damage|p2b: Medicham|0 fnt\n|faint|p2b: Medicham\n|move|p1b: Chandelure|Flamethrower|p2a: Corviknight\n|-supereffective|p2a: Corviknight|1\n|-damage|p2a: Corviknight|2/100\n|move|p2a: Corviknight|Roost|p2a: Corviknight\n|-heal|p2a: Corviknight|52/100\n|-singleturn|p2a: Corviknight|move: Roost\n|\n|-heal|p2a: Corviknight|58/100|[from] item: Leftovers\n|upkeep\n|turn|5\n|-message|fonx14 forfeited.\n|\n|win|bruhdnigerian\n|raw|bruhdnigerian's rating: 1199 &rarr; <strong>1222</strong><br />(+23 for winning)\n|raw|fonx14's rating: 1177 &rarr; <strong>1154</strong><br />(-23 for losing)\n|l|☆fonx14\n|player|p2|\n","uploadtime":1788373747,"views":"4","formatid":"gen9championsvgc2026regmb","rating":1154,"private":0,"password":null}