{"id":"gen9championsvgc2026regmb-2674086095","format":"[Gen 9 Champions] VGC 2026 Reg M-B","players":["pavloooooox","00duzin17"],"log":"|j|☆pavloooooox\n|j|☆00duzin17\n|t:|1788297209\n|gametype|doubles\n|player|p1|pavloooooox|cynthia|1379\n|player|p2|00duzin17|ghetsis-gen5bw|1456\n|gen|9\n|tier|[Gen 9 Champions] VGC 2026 Reg M-B\n|rated|\n|rule|Species Clause: Limit one of each Pokémon\n|rule|Item Clause: Limit 1 of each item\n|clearpoke\n|poke|p1|Floette-Eternal, L50, F|\n|poke|p1|Charizard, L50, M, shiny|\n|poke|p1|Garchomp, L50, F, shiny|\n|poke|p1|Whimsicott, L50, M, shiny|\n|poke|p1|Basculegion, L50, M|\n|poke|p1|Kingambit, L50, F, shiny|\n|poke|p2|Camerupt, L50, M|\n|poke|p2|Grimmsnarl, L50, M|\n|poke|p2|Machamp, L50, M|\n|poke|p2|Farigiraf, L50, M|\n|poke|p2|Empoleon, L50, M|\n|poke|p2|Abomasnow, L50, M|\n|teampreview|4\n|inactive|Battle timer is ON: inactive players will automatically lose when time's up. (requested by pavloooooox)\n|inactive|00duzin17 has 60 seconds left.\n|\n|t:|1788297250\n|teamsize|p1|4\n|teamsize|p2|4\n|start\n|switch|p1a: Whimsicott|Whimsicott, L50, M, shiny|100/100\n|switch|p1b: Charizard|Charizard, L50, M, shiny|100/100\n|switch|p2a: Grimmsnarl|Grimmsnarl, L50, M|100/100\n|switch|p2b: Machamp|Machamp, L50, M|100/100\n|turn|1\n|\n|t:|1788297271\n|detailschange|p1b: Charizard|Charizard-Mega-Y, L50, M, shiny\n|-mega|p1b: Charizard|Charizard|Charizardite Y\n|-weather|SunnyDay|[from] ability: Drought|[of] p1b: Charizard\n|move|p2a: Grimmsnarl|Fake Out|p1a: Whimsicott\n|-damage|p1a: Whimsicott|82/100\n|cant|p1a: Whimsicott|flinch\n|move|p1b: Charizard|Heat Wave|p2a: Grimmsnarl|[spread] p2a,p2b\n|-damage|p2a: Grimmsnarl|37/100\n|-damage|p2b: Machamp|42/100\n|move|p2b: Machamp|Stone Edge|p1b: Charizard\n|-supereffective|p1b: Charizard|2\n|-damage|p1b: Charizard|0 fnt\n|faint|p1b: Charizard\n|-damage|p2b: Machamp|32/100|[from] item: Life Orb\n|\n|-weather|SunnyDay|[upkeep]\n|upkeep\n|\n|t:|1788297284\n|switch|p1b: Garchomp|Garchomp, L50, F, shiny|100/100\n|turn|2\n|\n|t:|1788297294\n|move|p2b: Machamp|Protect|p2b: Machamp\n|-singleturn|p2b: Machamp|Protect\n|move|p2a: Grimmsnarl|Reflect|p2a: Grimmsnarl\n|-sidestart|p2: 00duzin17|Reflect\n|move|p1a: Whimsicott|Moonblast|p2a: Grimmsnarl\n|-supereffective|p2a: Grimmsnarl|1\n|-damage|p2a: Grimmsnarl|0 fnt\n|faint|p2a: Grimmsnarl\n|move|p1b: Garchomp|Dragon Claw|p2b: Machamp\n|-activate|p2b: Machamp|move: Protect\n|\n|-weather|SunnyDay|[upkeep]\n|upkeep\n|\n|t:|1788297307\n|switch|p2a: Farigiraf|Farigiraf, L50, M|100/100\n|turn|3\n|\n|t:|1788297325\n|move|p1a: Whimsicott|Moonblast|p2a: Farigiraf\n|-damage|p2a: Farigiraf|64/100\n|move|p1b: Garchomp|Dragon Claw|p2a: Farigiraf\n|-damage|p2a: Farigiraf|34/100\n|-damage|p1b: Garchomp|90/100|[from] item: Life Orb\n|move|p2b: Machamp|Dynamic Punch|p1b: Garchomp\n|-damage|p1b: Garchomp|8/100\n|-start|p1b: Garchomp|confusion\n|-damage|p2b: Machamp|20/100y|[from] ability: Rough Skin|[of] p1b: Garchomp\n|-damage|p2b: Machamp|10/100|[from] item: Life Orb\n|move|p2a: Farigiraf|Trick Room|p2a: Farigiraf\n|-fieldstart|move: Trick Room|[of] p2a: Farigiraf\n|\n|-weather|SunnyDay|[upkeep]\n|upkeep\n|turn|4\n|\n|t:|1788297344\n|switch|p2b: Camerupt|Camerupt, L50, M|100/100\n|-activate|p1b: Garchomp|confusion\n|move|p1b: Garchomp|Protect|p1b: Garchomp\n|-singleturn|p1b: Garchomp|Protect\n|move|p1a: Whimsicott|Encore||[still]\n|cant|p2a: Farigiraf|ability: Armor Tail|Encore|[of] p1a: Whimsicott\n|move|p2a: Farigiraf|Twin Beam|p1b: Garchomp\n|-activate|p1b: Garchomp|move: Protect\n|\n|-weather|SunnyDay|[upkeep]\n|upkeep\n|turn|5\n|\n|t:|1788297363\n|detailschange|p2b: Camerupt|Camerupt-Mega, L50, M\n|-mega|p2b: Camerupt|Camerupt|Cameruptite\n|move|p2b: Camerupt|Heat Wave|p1a: Whimsicott|[spread] p1a,p1b\n|-supereffective|p1a: Whimsicott|1\n|-resisted|p1b: Garchomp|1\n|-crit|p1b: Garchomp\n|-damage|p1a: Whimsicott|0 fnt\n|-damage|p1b: Garchomp|0 fnt\n|faint|p1a: Whimsicott\n|faint|p1b: Garchomp\n|move|p2a: Farigiraf|Twin Beam|p1: Whimsicott|[notarget]\n|-fail|p2a: Farigiraf\n|\n|-weather|none\n|upkeep\n|-message|pavloooooox forfeited.\n|\n|win|00duzin17\n|raw|pavloooooox's rating: 1379 &rarr; <strong>1363</strong><br />(-16 for losing)\n|raw|00duzin17's rating: 1456 &rarr; <strong>1472</strong><br />(+16 for winning)\n|l|☆pavloooooox\n|player|p1|\n","uploadtime":1788297381,"views":"0","formatid":"gen9championsvgc2026regmb","rating":1363,"private":0,"password":null}