{"id":"gen9championsvgc2026regmb-2674605092","format":"[Gen 9 Champions] VGC 2026 Reg M-B","players":["Quaaloods","33-6z"],"log":"|j|☆Quaaloods\n|j|☆33-6z\n|t:|1788379320\n|gametype|doubles\n|player|p1|Quaaloods|petrel|1169\n|player|p2|33-6z|silver|1096\n|gen|9\n|tier|[Gen 9 Champions] VGC 2026 Reg M-B\n|rated|\n|rule|Species Clause: Limit one of each Pokémon\n|rule|Item Clause: Limit 1 of each item\n|clearpoke\n|poke|p1|Ceruledge, L50, M|\n|poke|p1|Farigiraf, L50, F|\n|poke|p1|Sinistcha, L50|\n|poke|p1|Floette-Eternal, L50, F|\n|poke|p1|Incineroar, L50, M|\n|poke|p1|Golurk, L50|\n|poke|p2|Floette-Eternal, L50, F|\n|poke|p2|Tyranitar, L50, F|\n|poke|p2|Gholdengo, L50|\n|poke|p2|Garchomp, L50, F|\n|poke|p2|Sinistcha, L50|\n|poke|p2|Heliolisk, L50, F|\n|teampreview|4\n|inactive|Battle timer is ON: inactive players will automatically lose when time's up. (requested by 33-6z)\n|inactive|Quaaloods has 60 seconds left.\nQuaaloods has agreed to open team sheets.\n|inactive|Quaaloods has 30 seconds left.\n|inactive|Quaaloods has 20 seconds left.\n|\n|t:|1788379395\n|teamsize|p1|4\n|teamsize|p2|4\n|start\n|switch|p1a: Télétubbies|Farigiraf, L50, F|100/100\n|switch|p1b: Incineroar|Incineroar, L50, M|100/100\n|switch|p2a: Garchomp|Garchomp, L50, F|100/100\n|switch|p2b: Gholdengo|Gholdengo, L50|100/100\n|-ability|p1b: Incineroar|Intimidate|boost\n|-unboost|p2a: Garchomp|atk|1\n|-unboost|p2b: Gholdengo|atk|1\n|turn|1\n|\n|t:|1788379413\n|switch|p2a: Tyranitar|Tyranitar, L50, F|100/100\n|-weather|Sandstorm|[from] ability: Sand Stream|[of] p2a: Tyranitar\n|move|p1b: Incineroar|Fake Out|p2a: Tyranitar\n|-resisted|p2a: Tyranitar|1\n|-damage|p2a: Tyranitar|95/100\n|move|p2b: Gholdengo|Nasty Plot|p2b: Gholdengo\n|-boost|p2b: Gholdengo|spa|2\n|move|p1a: Télétubbies|Trick Room|p1a: Télétubbies\n|-fieldstart|move: Trick Room|[of] p1a: Télétubbies\n|\n|-weather|Sandstorm|[upkeep]\n|-damage|p1b: Incineroar|94/100|[from] Sandstorm\n|-damage|p1a: Télétubbies|93/100|[from] Sandstorm\n|upkeep\n|turn|2\n|inactive|Quaaloods has 30 seconds left.\n|inactive|Quaaloods has 20 seconds left.\n|inactive|33-6z has 30 seconds left.\n|inactive|Quaaloods has 15 seconds left.\n|inactive|Quaaloods has 10 seconds left.\n|\n|t:|1788379463\n|switch|p1a: Mojito|Sinistcha, L50|100/100\n|-heal|p1b: Incineroar|100/100|[from] ability: Hospitality|[of] p1a: Mojito\n|detailschange|p2a: Tyranitar|Tyranitar-Mega, L50, F\n|-mega|p2a: Tyranitar|Tyranitar|Tyranitarite\n|move|p2b: Gholdengo|Protect|p2b: Gholdengo\n|-singleturn|p2b: Gholdengo|Protect\n|move|p2a: Tyranitar|Protect|p2a: Tyranitar\n|-singleturn|p2a: Tyranitar|Protect\n|move|p1b: Incineroar|Parting Shot|p2a: Tyranitar\n|-activate|p2a: Tyranitar|move: Protect\n|\n|-weather|Sandstorm|[upkeep]\n|-damage|p1b: Incineroar|94/100|[from] Sandstorm\n|-damage|p1a: Mojito|93/100|[from] Sandstorm\n|upkeep\n|turn|3\n|inactive|Quaaloods has 30 seconds left.\n|\n|t:|1788379496\n|move|p1b: Incineroar|Flare Blitz|p2b: Gholdengo\n|-supereffective|p2b: Gholdengo|1\n|-damage|p2b: Gholdengo|25/100\n|-damage|p1b: Incineroar|70/100|[from] Recoil\n|move|p1a: Mojito|Strength Sap|p2a: Tyranitar\n|-unboost|p2a: Tyranitar|atk|1\n|-heal|p1a: Mojito|100/100\n|move|p2b: Gholdengo|Shadow Ball|p1a: Mojito\n|-supereffective|p1a: Mojito|1\n|-damage|p1a: Mojito|0 fnt\n|faint|p1a: Mojito\n|move|p2a: Tyranitar|Dragon Dance|p2a: Tyranitar\n|-boost|p2a: Tyranitar|atk|1\n|-boost|p2a: Tyranitar|spe|1\n|\n|-weather|Sandstorm|[upkeep]\n|-damage|p1b: Incineroar|64/100|[from] Sandstorm\n|upkeep\n|\n|t:|1788379513\n|switch|p1a: Tomorrowland|Golurk, L50|100/100\n|turn|4\n|\n|t:|1788379524\n|detailschange|p1a: Tomorrowland|Golurk-Mega, L50\n|-mega|p1a: Tomorrowland|Golurk|Golurkite\n|move|p2b: Gholdengo|Protect|p2b: Gholdengo\n|-singleturn|p2b: Gholdengo|Protect\n|move|p1a: Tomorrowland|Headlong Rush|p2b: Gholdengo\n|-supereffective|p2b: Gholdengo|1\n|-ability|p1a: Tomorrowland|Unseen Fist\n|-zbroken|p2b: Gholdengo\n|-damage|p2b: Gholdengo|0 fnt\n|-unboost|p1a: Tomorrowland|def|1\n|-unboost|p1a: Tomorrowland|spd|1\n|faint|p2b: Gholdengo\n|move|p1b: Incineroar|Parting Shot|p2a: Tyranitar\n|-unboost|p2a: Tyranitar|atk|1\n|-unboost|p2a: Tyranitar|spa|1\n|\n|t:|1788379537\n|switch|p1b: Télétubbies|Farigiraf, L50, F|93/100|[from] Parting Shot\n|move|p2a: Tyranitar|Rock Slide|p1b: Télétubbies|[spread] p1a,p1b\n|-resisted|p1a: Tomorrowland|1\n|-damage|p1a: Tomorrowland|84/100\n|-damage|p1b: Télétubbies|76/100\n|\n|-weather|Sandstorm|[upkeep]\n|-damage|p1b: Télétubbies|70/100|[from] Sandstorm\n|upkeep\n|\n|t:|1788379547\n|switch|p2b: Garchomp|Garchomp, L50, F|100/100\n|turn|5\n|inactive|Quaaloods has 30 seconds left.\n|inactive|Quaaloods has 20 seconds left.\n|inactive|Quaaloods has 15 seconds left.\n|inactive|Quaaloods has 10 seconds left.\n|inactive|Quaaloods has 5 seconds left.\n|\n|t:|1788379598\n|switch|p2a: Sinistcha|Sinistcha, L50|100/100\n|move|p1a: Tomorrowland|Headlong Rush|p2a: Sinistcha\n|-resisted|p2a: Sinistcha|1\n|-damage|p2a: Sinistcha|65/100\n|-unboost|p1a: Tomorrowland|def|1\n|-unboost|p1a: Tomorrowland|spd|1\n|move|p1b: Télétubbies|Psychic Noise|p2b: Garchomp\n|-damage|p2b: Garchomp|72/100\n|-start|p2b: Garchomp|move: Heal Block\n|move|p2b: Garchomp|Dragon Claw|p1b: Télétubbies\n|-damage|p1b: Télétubbies|26/100\n|-enditem|p1b: Télétubbies|Sitrus Berry|[eat]\n|-heal|p1b: Télétubbies|51/100|[from] item: Sitrus Berry\n|-damage|p2b: Garchomp|63/100|[from] item: Life Orb\n|\n|-weather|none\n|-fieldend|move: Trick Room\n|upkeep\n|turn|6\n|\n|t:|1788379624\n|switch|p1a: Incineroar|Incineroar, L50, M|64/100\n|-ability|p1a: Incineroar|Intimidate|boost\n|-unboost|p2a: Sinistcha|atk|1\n|-unboost|p2b: Garchomp|atk|1\n|move|p2a: Sinistcha|Protect|p2a: Sinistcha\n|-singleturn|p2a: Sinistcha|Protect\n|move|p2b: Garchomp|Rock Slide|p1b: Télétubbies|[spread] p1a,p1b\n|-supereffective|p1a: Incineroar|1\n|-damage|p1a: Incineroar|36/100\n|-damage|p1b: Télétubbies|39/100\n|-damage|p2b: Garchomp|53/100|[from] item: Life Orb\n|cant|p1b: Télétubbies|flinch\n|\n|-end|p2b: Garchomp|move: Heal Block\n|upkeep\n|turn|7\n|\n|t:|1788379647\n|switch|p2a: Tyranitar|Tyranitar-Mega, L50, F|95/100\n|-weather|Sandstorm|[from] ability: Sand Stream|[of] p2a: Tyranitar\n|move|p1a: Incineroar|Fake Out|p2b: Garchomp\n|-damage|p2b: Garchomp|44/100\n|cant|p2b: Garchomp|flinch\n|move|p1b: Télétubbies|Trick Room|p1b: Télétubbies\n|-fieldstart|move: Trick Room|[of] p1b: Télétubbies\n|\n|-weather|Sandstorm|[upkeep]\n|-damage|p1b: Télétubbies|33/100|[from] Sandstorm\n|-damage|p1a: Incineroar|30/100|[from] Sandstorm\n|upkeep\n|turn|8\n|inactive|Quaaloods has 30 seconds left.\n|inactive|33-6z has 30 seconds left.\n|inactive|33-6z has 20 seconds left.\n|\n|t:|1788379684\n|switch|p2b: Sinistcha|Sinistcha, L50|65/100\n|-heal|p2a: Tyranitar|100/100|[from] ability: Hospitality|[of] p2b: Sinistcha\n|move|p1a: Incineroar|Darkest Lariat|p2b: Sinistcha\n|-supereffective|p2b: Sinistcha|1\n|-damage|p2b: Sinistcha|3/100\n|-enditem|p2b: Sinistcha|Sitrus Berry|[eat]\n|-heal|p2b: Sinistcha|28/100|[from] item: Sitrus Berry\n|move|p1b: Télétubbies|Psychic Noise|p2b: Sinistcha\n|-damage|p2b: Sinistcha|6/100\n|-start|p2b: Sinistcha|move: Heal Block\n|move|p2a: Tyranitar|Knock Off|p1a: Incineroar\n|-resisted|p1a: Incineroar|1\n|-damage|p1a: Incineroar|5/100\n|-enditem|p1a: Incineroar|Chople Berry|[from] move: Knock Off|[of] p2a: Tyranitar\n|\n|-weather|Sandstorm|[upkeep]\n|-damage|p1a: Incineroar|0 fnt|[from] Sandstorm\n|-damage|p1b: Télétubbies|27/100|[from] Sandstorm\n|-damage|p2b: Sinistcha|0 fnt|[from] Sandstorm\n|faint|p1a: Incineroar\n|faint|p2b: Sinistcha\n|upkeep\n|\n|t:|1788379702\n|switch|p1a: Tomorrowland|Golurk-Mega, L50|84/100\n|switch|p2b: Garchomp|Garchomp, L50, F|44/100\n|turn|9\n|\n|t:|1788379717\n|move|p1b: Télétubbies|Helping Hand|p1a: Tomorrowland\n|-singleturn|p1a: Tomorrowland|Helping Hand|[of] p1b: Télétubbies\n|move|p2a: Tyranitar|Protect|p2a: Tyranitar\n|-singleturn|p2a: Tyranitar|Protect\n|move|p2b: Garchomp|Protect|p2b: Garchomp\n|-singleturn|p2b: Garchomp|Protect\n|move|p1a: Tomorrowland|Close Combat|p2a: Tyranitar\n|-supereffective|p2a: Tyranitar|2\n|-ability|p1a: Tomorrowland|Unseen Fist\n|-zbroken|p2a: Tyranitar\n|-damage|p2a: Tyranitar|45/100\n|-unboost|p1a: Tomorrowland|def|1\n|-unboost|p1a: Tomorrowland|spd|1\n|\n|-weather|Sandstorm|[upkeep]\n|-damage|p1b: Télétubbies|21/100|[from] Sandstorm\n|upkeep\n|turn|10\n|\n|t:|1788379740\n|move|p1b: Télétubbies|Ally Switch|p1b: Télétubbies\n|swap|p1b: Télétubbies|0|[from] move: Ally Switch\n|move|p1b: Tomorrowland|Headlong Rush|p2a: Tyranitar\n|-supereffective|p2a: Tyranitar|1\n|-damage|p2a: Tyranitar|0 fnt\n|-unboost|p1b: Tomorrowland|def|1\n|-unboost|p1b: Tomorrowland|spd|1\n|faint|p2a: Tyranitar\n|move|p2b: Garchomp|Stomping Tantrum|p1a: Télétubbies\n|-damage|p1a: Télétubbies|0 fnt\n|faint|p1a: Télétubbies\n|-damage|p2b: Garchomp|34/100|[from] item: Life Orb\n|\n|-weather|Sandstorm|[upkeep]\n|upkeep\n|turn|11\n|\n|t:|1788379753\n|move|p2b: Garchomp|Protect|p2b: Garchomp\n|-singleturn|p2b: Garchomp|Protect\n|move|p1b: Tomorrowland|Headlong Rush|p2b: Garchomp|[miss]\n|-miss|p1b: Tomorrowland|p2b: Garchomp\n|\n|-weather|none\n|-fieldend|move: Trick Room\n|upkeep\n|turn|12\n|c|☆Quaaloods|DIEEE\n|c|☆Quaaloods|NOOOOO\n|\n|t:|1788379764\n|move|p1b: Tomorrowland|Protect|p1b: Tomorrowland\n|-singleturn|p1b: Tomorrowland|Protect\n|move|p2b: Garchomp|Dragon Claw|p1b: Tomorrowland\n|-activate|p1b: Tomorrowland|move: Protect\n|\n|upkeep\n|turn|13\n|c|☆33-6z|ur so shit\n|\n|t:|1788379771\n|move|p2b: Garchomp|Dragon Claw|p1b: Tomorrowland\n|-damage|p1b: Tomorrowland|0 fnt\n|faint|p1b: Tomorrowland\n|-damage|p2b: Garchomp|25/100|[from] item: Life Orb\n|\n|win|33-6z\n|raw|Quaaloods's rating: 1169 &rarr; <strong>1139</strong><br />(-30 for losing)\n|raw|33-6z's rating: 1096 &rarr; <strong>1127</strong><br />(+31 for winning)\n|c|☆Quaaloods|no u\n","uploadtime":1788379783,"views":"5","formatid":"gen9championsvgc2026regmb","rating":1127,"private":0,"password":null}