{"id":"gen9championsvgc2026regmb-2673872710","format":"[Gen 9 Champions] VGC 2026 Reg M-B","players":["Thornlace48812","Clncy"],"log":"|j|☆Thornlace48812\n|j|☆Clncy\n|t:|1788271412\n|gametype|doubles\n|player|p1|Thornlace48812|102|1161\n|player|p2|Clncy|2|1232\n|gen|9\n|tier|[Gen 9 Champions] VGC 2026 Reg M-B\n|rated|\n|rule|Species Clause: Limit one of each Pokémon\n|rule|Item Clause: Limit 1 of each item\n|clearpoke\n|poke|p1|Garchomp, L50, M|\n|poke|p1|Charizard, L50, F|\n|poke|p1|Whimsicott, L50, M|\n|poke|p1|Sylveon, L50, F|\n|poke|p1|Kingambit, L50, M|\n|poke|p1|Basculegion, L50, M|\n|poke|p2|Talonflame, L50, F|\n|poke|p2|Gardevoir, L50, M|\n|poke|p2|Basculegion, L50, M|\n|poke|p2|Kingambit, L50, F|\n|poke|p2|Maushold-Four, L50|\n|poke|p2|Kommo-o, L50, M|\n|teampreview|4\n|inactive|Battle timer is ON: inactive players will automatically lose when time's up. (requested by Clncy)\n|inactive|Thornlace48812 also wants the timer to be on.\nThornlace48812 rejected open team sheets.\n|inactive|Clncy has 60 seconds left.\n|\n|t:|1788271464\n|teamsize|p1|4\n|teamsize|p2|4\n|start\n|switch|p1a: Charizard|Charizard, L50, F|100/100\n|switch|p1b: Sylveon|Sylveon, L50, F|100/100\n|switch|p2a: Maushold|Maushold-Four, L50|100/100\n|switch|p2b: Gardevoir|Gardevoir, L50, M|100/100\n|turn|1\n|\n|t:|1788271471\n|detailschange|p1a: Charizard|Charizard-Mega-Y, L50, F\n|-mega|p1a: Charizard|Charizard|Charizardite Y\n|-weather|SunnyDay|[from] ability: Drought|[of] p1a: Charizard\n|detailschange|p2b: Gardevoir|Gardevoir-Mega, L50, M\n|-mega|p2b: Gardevoir|Gardevoir|Gardevoirite\n|move|p2a: Maushold|Rain Dance|p2a: Maushold\n|-weather|RainDance\n|move|p2b: Gardevoir|Thunderbolt|p1a: Charizard\n|-supereffective|p1a: Charizard|1\n|-damage|p1a: Charizard|13/100\n|move|p1a: Charizard|Heat Wave|p2a: Maushold|[spread] p2a,p2b\n|-damage|p2a: Maushold|73/100\n|-damage|p2b: Gardevoir|85/100\n|move|p1b: Sylveon|Hyper Voice|p2b: Gardevoir|[spread] p2a,p2b\n|-damage|p2a: Maushold|14/100\n|-damage|p2b: Gardevoir|48/100\n|\n|-weather|RainDance|[upkeep]\n|upkeep\n|turn|2\n|\n|t:|1788271491\n|move|p1a: Charizard|Protect|p1a: Charizard\n|-singleturn|p1a: Charizard|Protect\n|move|p2a: Maushold|Follow Me|p2a: Maushold\n|-singleturn|p2a: Maushold|move: Follow Me\n|move|p2b: Gardevoir|Psyshock|p1b: Sylveon\n|-damage|p1b: Sylveon|29/100\n|move|p1b: Sylveon|Hyper Voice|p2a: Maushold|[spread] p2a,p2b\n|-damage|p2a: Maushold|0 fnt\n|-damage|p2b: Gardevoir|16/100\n|faint|p2a: Maushold\n|\n|-weather|RainDance|[upkeep]\n|upkeep\n|\n|t:|1788271501\n|switch|p2a: Talonflame|Talonflame, L50, F|100/100\n|turn|3\n|\n|t:|1788271505\n|move|p1b: Sylveon|Detect|p1b: Sylveon\n|-singleturn|p1b: Sylveon|Protect\n|move|p2a: Talonflame|Tailwind|p2a: Talonflame\n|-sidestart|p2: Clncy|move: Tailwind\n|move|p2b: Gardevoir|Hyper Voice|p1a: Charizard|[spread] p1a\n|-activate|p1b: Sylveon|move: Protect\n|-resisted|p1a: Charizard|1\n|-damage|p1a: Charizard|0 fnt\n|faint|p1a: Charizard\n|\n|-weather|RainDance|[upkeep]\n|upkeep\n|\n|t:|1788271505\n|switch|p1a: Basculegion|Basculegion, L50, M|100/100\n|turn|4\n|\n|t:|1788271523\n|move|p1a: Basculegion|Protect|p1a: Basculegion\n|-singleturn|p1a: Basculegion|Protect\n|move|p2a: Talonflame|Dual Wingbeat|p1b: Sylveon\n|-damage|p1b: Sylveon|2/100\n|-damage|p1b: Sylveon|0 fnt\n|faint|p1b: Sylveon\n|-hitcount|p1: Sylveon|2\n|move|p2b: Gardevoir|Thunderbolt|p1a: Basculegion\n|-activate|p1a: Basculegion|move: Protect\n|\n|-weather|RainDance|[upkeep]\n|upkeep\n|\n|t:|1788271523\n|switch|p1b: Kingambit|Kingambit, L50, M|100/100\n|-activate|p1b: Kingambit|ability: Supreme Overlord\n|-start|p1b: Kingambit|fallen2|[silent]\n|turn|5\n|\n|t:|1788271536\n|move|p2a: Talonflame|Dual Wingbeat|p1a: Basculegion\n|-damage|p1a: Basculegion|79/100\n|-damage|p1a: Basculegion|56/100\n|-hitcount|p1a: Basculegion|2\n|move|p1b: Kingambit|Sucker Punch|p2b: Gardevoir\n|-damage|p2b: Gardevoir|0 fnt\n|faint|p2b: Gardevoir\n|move|p1a: Basculegion|Last Respects|p2a: Talonflame\n|-damage|p2a: Talonflame|0 fnt\n|faint|p2a: Talonflame\n|\n|-weather|none\n|upkeep\n|-message|Clncy forfeited.\n|\n|win|Thornlace48812\n|raw|Thornlace48812's rating: 1108 &rarr; <strong>1142</strong><br />(+34 for winning)\n|raw|Clncy's rating: 1232 &rarr; <strong>1198</strong><br />(-34 for losing)\n","uploadtime":1788271547,"views":"0","formatid":"gen9championsvgc2026regmb","rating":1142,"private":0,"password":null}