{"id":"gen9championsvgc2026regmb-2674369586","format":"[Gen 9 Champions] VGC 2026 Reg M-B","players":["Rotomwashlover67","D4RKEVA"],"log":"|j|☆Rotomwashlover67\n|j|☆D4RKEVA\n|t:|1788350309\n|gametype|doubles\n|player|p1|Rotomwashlover67|volkner|1720\n|player|p2|D4RKEVA|2|1793\n|gen|9\n|tier|[Gen 9 Champions] VGC 2026 Reg M-B\n|rated|\n|rule|Species Clause: Limit one of each Pokémon\n|rule|Item Clause: Limit 1 of each item\n|clearpoke\n|poke|p1|Dragonite, L50, F|\n|poke|p1|Sneasler, L50, F|\n|poke|p1|Basculegion, L50, M|\n|poke|p1|Kingambit, L50, F|\n|poke|p1|Garchomp, L50, M|\n|poke|p1|Floette-Eternal, L50, F|\n|poke|p2|Pyroar, L50, M|\n|poke|p2|Ninetales, L50, F|\n|poke|p2|Farigiraf, L50, F|\n|poke|p2|Whimsicott, L50, F|\n|poke|p2|Basculegion, L50, M|\n|poke|p2|Floette-Eternal, L50, F|\n|teampreview|4\n|inactive|Battle timer is ON: inactive players will automatically lose when time's up. (requested by D4RKEVA)\nD4RKEVA has agreed to open team sheets.\n|\n|t:|1788350342\n|teamsize|p1|4\n|teamsize|p2|4\n|start\n|switch|p1a: Dragonite|Dragonite, L50, F|100/100\n|switch|p1b: Sneasler|Sneasler, L50, F|100/100\n|switch|p2a: Whimsicott|Whimsicott, L50, F|100/100\n|switch|p2b: Basculegion|Basculegion, L50, M|100/100\n|turn|1\n|\n|t:|1788350353\n|detailschange|p1a: Dragonite|Dragonite-Mega, L50, F\n|-mega|p1a: Dragonite|Dragonite|Dragoninite\n|move|p2a: Whimsicott|Protect|p2a: Whimsicott\n|-singleturn|p2a: Whimsicott|Protect\n|move|p1b: Sneasler|Feint|p2a: Whimsicott\n|-activate|p2a: Whimsicott|move: Feint\n|-damage|p2a: Whimsicott|84/100\n|move|p1a: Dragonite|Heat Wave|p2b: Basculegion|[spread] p2a,p2b\n|-supereffective|p2a: Whimsicott|1\n|-resisted|p2b: Basculegion|1\n|-damage|p2a: Whimsicott|0 fnt\n|-damage|p2b: Basculegion|86/100\n|faint|p2a: Whimsicott\n|move|p2b: Basculegion|Last Respects|p1b: Sneasler\n|-enditem|p1b: Sneasler|Focus Sash\n|-damage|p1b: Sneasler|1/100\n|-damage|p2b: Basculegion|77/100|[from] item: Life Orb\n|\n|upkeep\n|inactive|D4RKEVA has 30 seconds left.\n|\n|t:|1788350383\n|switch|p2a: Ninetales|Ninetales, L50, F|100/100\n|-weather|SunnyDay|[from] ability: Drought|[of] p2a: Ninetales\n|turn|2\n|\n|t:|1788350398\n|move|p2a: Ninetales|Heat Wave|p1b: Sneasler|[spread] p1a,p1b\n|-resisted|p1a: Dragonite|1\n|-damage|p1a: Dragonite|89/100\n|-damage|p1b: Sneasler|0 fnt\n|faint|p1b: Sneasler\n|move|p1a: Dragonite|Dragon Pulse|p2b: Basculegion\n|-damage|p2b: Basculegion|22/100\n|move|p2b: Basculegion|Last Respects|p1a: Dragonite\n|-damage|p1a: Dragonite|17/100\n|-damage|p2b: Basculegion|12/100|[from] item: Life Orb\n|\n|-weather|SunnyDay|[upkeep]\n|upkeep\n|\n|t:|1788350409\n|switch|p1b: Garchomp|Garchomp, L50, M|100/100\n|turn|3\n|\n|t:|1788350425\n|move|p2b: Basculegion|Protect|p2b: Basculegion\n|-singleturn|p2b: Basculegion|Protect\n|move|p1a: Dragonite|Extreme Speed|p2a: Ninetales\n|-damage|p2a: Ninetales|67/100\n|move|p2a: Ninetales|Heat Wave|p1a: Dragonite|[spread] p1a,p1b\n|-resisted|p1a: Dragonite|1\n|-resisted|p1b: Garchomp|1\n|-damage|p1a: Dragonite|0 fnt\n|-damage|p1b: Garchomp|75/100\n|faint|p1a: Dragonite\n|move|p1b: Garchomp|Earthquake|p2a: Ninetales|[spread] p2a\n|-activate|p2b: Basculegion|move: Protect\n|-supereffective|p2a: Ninetales|1\n|-damage|p2a: Ninetales|0 fnt\n|faint|p2a: Ninetales\n|\n|-weather|SunnyDay|[upkeep]\n|upkeep\n|\n|t:|1788350433\n|switch|p1a: Basculegion|Basculegion, L50, M|100/100\n|switch|p2a: Floette|Floette-Eternal, L50, F|100/100\n|turn|4\n|\n|t:|1788350447\n|detailschange|p2a: Floette|Floette-Mega, L50, F\n|-mega|p2a: Floette|Floette|Floettite\n|-ability|p2a: Floette|Fairy Aura\n|move|p1a: Basculegion|Protect|p1a: Basculegion\n|-singleturn|p1a: Basculegion|Protect\n|move|p1b: Garchomp|Earthquake|p2b: Basculegion|[spread] p2a,p2b\n|-activate|p1a: Basculegion|move: Protect\n|-damage|p2a: Floette|44/100\n|-damage|p2b: Basculegion|0 fnt\n|faint|p2b: Basculegion\n|move|p2a: Floette|Dazzling Gleam|p1a: Basculegion|[spread] p1b\n|-activate|p1a: Basculegion|move: Protect\n|-supereffective|p1b: Garchomp|1\n|-damage|p1b: Garchomp|0 fnt\n|faint|p1b: Garchomp\n|\n|-weather|SunnyDay|[upkeep]\n|upkeep\n|turn|5\n|\n|t:|1788350460\n|move|p2a: Floette|Light of Ruin|p1a: Basculegion\n|-damage|p1a: Basculegion|0 fnt\n|faint|p1a: Basculegion\n|-damage|p2a: Floette|0 fnt|[from] Recoil\n|faint|p2a: Floette\n|\n|win|D4RKEVA\n|raw|Rotomwashlover67's rating: 1720 &rarr; <strong>1704</strong><br />(-16 for losing)\n|raw|D4RKEVA's rating: 1793 &rarr; <strong>1809</strong><br />(+16 for winning)\n|c|☆D4RKEVA|ggs\n|l|☆Rotomwashlover67\n|player|p1|\n","uploadtime":1788350514,"views":"2","formatid":"gen9championsvgc2026regmb","rating":1704,"private":0,"password":null}