{"id":"gen9championsvgc2026regmb-2674550398","format":"[Gen 9 Champions] VGC 2026 Reg M-B","players":["conngfan","salaryman"],"log":"|j|☆conngfan\n|j|☆salaryman\n|t:|1788372884\n|gametype|doubles\n|player|p1|conngfan|arven-s|1589\n|player|p2|salaryman|clerk|1685\n|gen|9\n|tier|[Gen 9 Champions] VGC 2026 Reg M-B\n|rated|\n|rule|Species Clause: Limit one of each Pokémon\n|rule|Item Clause: Limit 1 of each item\n|clearpoke\n|poke|p1|Aerodactyl, L50, M|\n|poke|p1|Raichu, L50, F|\n|poke|p1|Sneasler, L50, M|\n|poke|p1|Sylveon, L50, M|\n|poke|p1|Kingambit, L50, M|\n|poke|p1|Tsareena, L50, F|\n|poke|p2|Scovillain, L50, M|\n|poke|p2|Archaludon, L50, M|\n|poke|p2|Gengar, L50, F|\n|poke|p2|Politoed, L50, F|\n|poke|p2|Sableye, L50, F|\n|poke|p2|Grimmsnarl, L50, M|\n|teampreview|4\n|inactive|Battle timer is ON: inactive players will automatically lose when time's up. (requested by conngfan)\n|\n|t:|1788372911\n|teamsize|p1|4\n|teamsize|p2|4\n|start\n|switch|p1a: Raichu|Raichu, L50, F|100/100\n|switch|p1b: Kingambit|Kingambit, L50, M|100/100\n|switch|p2a: Scovillain|Scovillain, L50, M|100/100\n|switch|p2b: Sableye|Sableye, L50, F|100/100\n|turn|1\n|\n|t:|1788372929\n|detailschange|p2a: Scovillain|Scovillain-Mega, L50, M\n|-mega|p2a: Scovillain|Scovillain|Scovillainite\n|move|p1a: Raichu|Fake Out|p2a: Scovillain\n|-damage|p2a: Scovillain|91/100\n|-status|p1a: Raichu|brn|[from] ability: Spicy Spray|[of] p2a: Scovillain\n|move|p2b: Sableye|Fake Out|p1b: Kingambit\n|-resisted|p1b: Kingambit|1\n|-damage|p1b: Kingambit|97/100\n|cant|p2a: Scovillain|flinch\n|cant|p1b: Kingambit|flinch\n|\n|-damage|p1a: Raichu|94/100 brn|[from] brn\n|upkeep\n|turn|2\n|\n|t:|1788372944\n|switch|p1b: Sylveon|Sylveon, L50, M|100/100\n|detailschange|p1a: Raichu|Raichu-Mega-Y, L50, F\n|-mega|p1a: Raichu|Raichu|Raichunite Y\n|move|p2b: Sableye|Encore|p1a: Raichu\n|-start|p1a: Raichu|Encore\n|move|p1a: Raichu|Fake Out||[still]\n|-hint|Fake Out only works on your first turn out.\n|-fail|p1a: Raichu\n|move|p2a: Scovillain|Flamethrower|p1b: Sylveon\n|-damage|p1b: Sylveon|69/100\n|\n|-damage|p1a: Raichu|88/100 brn|[from] brn\n|upkeep\n|turn|3\n|\n|t:|1788372959\n|switch|p1a: Sneasler|Sneasler, L50, M|100/100\n|move|p2b: Sableye|Light Screen|p2b: Sableye\n|-sidestart|p2: salaryman|move: Light Screen\n|move|p2a: Scovillain|Flamethrower|p1a: Sneasler\n|-damage|p1a: Sneasler|52/100\n|move|p1b: Sylveon|Hyper Voice|p2a: Scovillain|[spread] p2a,p2b\n|-resisted|p2a: Scovillain|1\n|-supereffective|p2b: Sableye|1\n|-enditem|p2b: Sableye|Roseli Berry|[eat]\n|-enditem|p2b: Sableye|Roseli Berry|[weaken]\n|-damage|p2a: Scovillain|79/100\n|-damage|p2b: Sableye|63/100\n|-status|p1b: Sylveon|brn|[from] ability: Spicy Spray|[of] p2a: Scovillain\n|\n|-damage|p1b: Sylveon|63/100 brn|[from] brn\n|upkeep\n|turn|4\n|inactive|salaryman has 30 seconds left.\n|\n|t:|1788372986\n|move|p2b: Sableye|Reflect|p2b: Sableye\n|-sidestart|p2: salaryman|Reflect\n|move|p1a: Sneasler|Dire Claw|p2a: Scovillain\n|-supereffective|p2a: Scovillain|1\n|-damage|p2a: Scovillain|25/100\n|-status|p2a: Scovillain|psn\n|-status|p1a: Sneasler|brn|[from] ability: Spicy Spray|[of] p2a: Scovillain\n|move|p2a: Scovillain|Giga Drain|p1b: Sylveon\n|-damage|p1b: Sylveon|34/100 brn\n|-heal|p2a: Scovillain|40/100 psn|[from] drain|[of] p1b: Sylveon\n|move|p1b: Sylveon|Hyper Voice|p2a: Scovillain|[spread] p2a,p2b\n|-resisted|p2a: Scovillain|1\n|-supereffective|p2b: Sableye|1\n|-damage|p2a: Scovillain|26/100 psn\n|-damage|p2b: Sableye|0 fnt\n|faint|p2b: Sableye\n|\n|-damage|p2a: Scovillain|14/100 psn|[from] psn\n|-damage|p1a: Sneasler|47/100 brn|[from] brn\n|-damage|p1b: Sylveon|28/100 brn|[from] brn\n|upkeep\n|\n|t:|1788372997\n|switch|p2b: Archaludon|Archaludon, L50, M|100/100\n|turn|5\n|\n|t:|1788373007\n|switch|p2a: Politoed|Politoed, L50, F|100/100\n|-weather|RainDance|[from] ability: Drizzle|[of] p2a: Politoed\n|move|p1b: Sylveon|Protect|p1b: Sylveon\n|-singleturn|p1b: Sylveon|Protect\n|move|p1a: Sneasler|Dire Claw|p2a: Politoed\n|-damage|p2a: Politoed|89/100\n|move|p2b: Archaludon|Electro Shot||[still]\n|-prepare|p2b: Archaludon|Electro Shot\n|-boost|p2b: Archaludon|spa|1\n|-anim|p2b: Archaludon|Electro Shot|p1b: Sylveon\n|-activate|p1b: Sylveon|move: Protect\n|\n|-weather|RainDance|[upkeep]\n|-damage|p1a: Sneasler|41/100 brn|[from] brn\n|-damage|p1b: Sylveon|22/100 brn|[from] brn\n|upkeep\n|turn|6\n|\n|t:|1788373024\n|switch|p1b: Raichu|Raichu-Mega-Y, L50, F|88/100 brn\n|move|p1a: Sneasler|Dire Claw|p2a: Politoed\n|-damage|p2a: Politoed|78/100\n|move|p2b: Archaludon|Electro Shot||[still]\n|-prepare|p2b: Archaludon|Electro Shot\n|-boost|p2b: Archaludon|spa|1\n|-anim|p2b: Archaludon|Electro Shot|p1b: Raichu\n|-resisted|p1b: Raichu|1\n|-damage|p1b: Raichu|31/100 brn\n|move|p2a: Politoed|Weather Ball|p1b: Raichu\n|-damage|p1b: Raichu|0 fnt\n|faint|p1b: Raichu\n|\n|-weather|RainDance|[upkeep]\n|-damage|p1a: Sneasler|35/100 brn|[from] brn\n|upkeep\n|\n|t:|1788373034\n|switch|p1b: Kingambit|Kingambit, L50, M|97/100\n|turn|7\n|\n|t:|1788373039\n|move|p1a: Sneasler|Dire Claw|p2a: Politoed\n|-damage|p2a: Politoed|67/100\n|move|p2b: Archaludon|Electro Shot||[still]\n|-prepare|p2b: Archaludon|Electro Shot\n|-boost|p2b: Archaludon|spa|1\n|-anim|p2b: Archaludon|Electro Shot|p1b: Kingambit\n|-damage|p1b: Kingambit|0 fnt\n|faint|p1b: Kingambit\n|move|p2a: Politoed|Weather Ball|p1a: Sneasler\n|-damage|p1a: Sneasler|0 fnt\n|faint|p1a: Sneasler\n|\n|-weather|RainDance|[upkeep]\n|-sideend|p2: salaryman|move: Light Screen\n|upkeep\n|-message|conngfan forfeited.\n|\n|win|salaryman\n|raw|conngfan's rating: 1589 &rarr; <strong>1574</strong><br />(-15 for losing)\n|raw|salaryman's rating: 1685 &rarr; <strong>1700</strong><br />(+15 for winning)\n","uploadtime":1788373046,"views":"0","formatid":"gen9championsvgc2026regmb","rating":1574,"private":0,"password":null}