{"id":"gen9championsvgc2026regmb-2674458664","format":"[Gen 9 Champions] VGC 2026 Reg M-B","players":["jengelberg","Zapdos79"],"log":"|j|☆jengelberg\n|j|☆Zapdos79\n|t:|1788362253\n|gametype|doubles\n|player|p1|jengelberg|170|1134\n|player|p2|Zapdos79|flannery|1116\n|gen|9\n|tier|[Gen 9 Champions] VGC 2026 Reg M-B\n|rated|\n|rule|Species Clause: Limit one of each Pokémon\n|rule|Item Clause: Limit 1 of each item\n|clearpoke\n|poke|p1|Beedrill, L50, M|\n|poke|p1|Archaludon, L50, M|\n|poke|p1|Swampert, L50, F|\n|poke|p1|Pelipper, L50, M|\n|poke|p1|Farigiraf, L50, M|\n|poke|p1|Incineroar, L50, F|\n|poke|p2|Espathra, L50, F|\n|poke|p2|Floette-Eternal, L50, F|\n|poke|p2|Charizard, L50, M|\n|poke|p2|Zoroark-Hisui, L50, F|\n|poke|p2|Sneasler, L50, F|\n|poke|p2|Kingambit, L50, M|\n|teampreview|4\n|inactive|Battle timer is ON: inactive players will automatically lose when time's up. (requested by jengelberg)\n|inactive|Zapdos79 has 60 seconds left.\n|\n|t:|1788362325\n|teamsize|p1|4\n|teamsize|p2|4\n|start\n|switch|p1a: Farigiraf|Farigiraf, L50, M|100/100\n|switch|p1b: Incineroar|Incineroar, L50, F|100/100\n|switch|p2a: Espathra|Espathra, L50, F|100/100\n|switch|p2b: Sneasler|Sneasler, L50, F|100/100\n|-ability|p1b: Incineroar|Intimidate|boost\n|-unboost|p2a: Espathra|atk|1\n|-unboost|p2b: Sneasler|atk|1\n|-enditem|p2b: Sneasler|White Herb\n|-clearnegativeboost|p2b: Sneasler|[silent]\n|turn|1\n|\n|t:|1788362342\n|switch|p2b: Kingambit|Kingambit, L50, M|100/100\n|move|p1b: Incineroar|Fake Out|p2a: Espathra\n|-damage|p2a: Espathra|87/100\n|cant|p2a: Espathra|flinch\n|move|p1a: Farigiraf|Trick Room|p1a: Farigiraf\n|-fieldstart|move: Trick Room|[of] p1a: Farigiraf\n|\n|-ability|p2a: Espathra|Speed Boost|boost\n|-boost|p2a: Espathra|spe|1\n|upkeep\n|turn|2\n|\n|t:|1788362363\n|move|p1a: Farigiraf|Helping Hand|p1b: Incineroar\n|-singleturn|p1b: Incineroar|Helping Hand|[of] p1a: Farigiraf\n|move|p2a: Espathra|Protect|p2a: Espathra\n|-singleturn|p2a: Espathra|Protect\n|move|p2b: Kingambit|Low Kick|p1b: Incineroar\n|-supereffective|p1b: Incineroar|1\n|-damage|p1b: Incineroar|34/100\n|move|p1b: Incineroar|Throat Chop|p2a: Espathra\n|-activate|p2a: Espathra|move: Protect\n|\n|-ability|p2a: Espathra|Speed Boost|boost\n|-boost|p2a: Espathra|spe|1\n|upkeep\n|turn|3\n|\n|t:|1788362384\n|switch|p1b: Pelipper|Pelipper, L50, M|100/100\n|-weather|RainDance|[from] ability: Drizzle|[of] p1b: Pelipper\n|move|p2b: Kingambit|Low Kick|p1b: Pelipper\n|-resisted|p1b: Pelipper|1\n|-damage|p1b: Pelipper|88/100\n|move|p1a: Farigiraf|Psychic|p2a: Espathra\n|-resisted|p2a: Espathra|1\n|-damage|p2a: Espathra|67/100\n|move|p2a: Espathra|Calm Mind|p2a: Espathra\n|-boost|p2a: Espathra|spa|1\n|-boost|p2a: Espathra|spd|1\n|\n|-weather|RainDance|[upkeep]\n|-ability|p2a: Espathra|Speed Boost|boost\n|-boost|p2a: Espathra|spe|1\n|upkeep\n|turn|4\n|inactive|jengelberg has 30 seconds left.\n|\n|t:|1788362412\n|move|p1a: Farigiraf|Helping Hand|p1b: Pelipper\n|-singleturn|p1b: Pelipper|Helping Hand|[of] p1a: Farigiraf\n|move|p2b: Kingambit|Kowtow Cleave|p1a: Farigiraf\n|-supereffective|p1a: Farigiraf|1\n|-damage|p1a: Farigiraf|7/100\n|-enditem|p1a: Farigiraf|Sitrus Berry|[eat]\n|-heal|p1a: Farigiraf|31/100|[from] item: Sitrus Berry\n|move|p1b: Pelipper|Weather Ball|p2b: Kingambit\n|-damage|p2b: Kingambit|0 fnt\n|faint|p2b: Kingambit\n|-damage|p1b: Pelipper|78/100|[from] item: Life Orb\n|move|p2a: Espathra|Lumina Crash|p1b: Pelipper\n|-damage|p1b: Pelipper|20/100y\n|-unboost|p1b: Pelipper|spd|2\n|\n|-weather|RainDance|[upkeep]\n|-ability|p2a: Espathra|Speed Boost|boost\n|-boost|p2a: Espathra|spe|1\n|upkeep\n|\n|t:|1788362434\n|switch|p2b: Charizard|Charizard, L50, M|100/100\n|turn|5\n|\n|t:|1788362451\n|switch|p2b: Sneasler|Sneasler, L50, F|100/100\n|move|p1a: Farigiraf|Rain Dance||[still]\n|-fail|p1a: Farigiraf\n|move|p1b: Pelipper|Weather Ball|p2b: Sneasler\n|-damage|p2b: Sneasler|0 fnt\n|faint|p2b: Sneasler\n|-damage|p1b: Pelipper|10/100|[from] item: Life Orb\n|move|p2a: Espathra|Baton Pass|p2a: Espathra\n|\n|t:|1788362461\n|switch|p2a: Charizard|Charizard, L50, M|100/100|[from] Baton Pass\n|\n|-weather|RainDance|[upkeep]\n|-fieldend|move: Trick Room\n|upkeep\n|\n|t:|1788362465\n|switch|p2b: Espathra|Espathra, L50, F|67/100\n|turn|6\n|\n|t:|1788362475\n|switch|p1b: Incineroar|Incineroar, L50, F|34/100\n|-ability|p1b: Incineroar|Intimidate|boost\n|-unboost|p2a: Charizard|atk|1\n|-unboost|p2b: Espathra|atk|1\n|detailschange|p2a: Charizard|Charizard-Mega-Y, L50, M\n|-mega|p2a: Charizard|Charizard|Charizardite Y\n|-weather|SunnyDay|[from] ability: Drought|[of] p2a: Charizard\n|move|p2a: Charizard|Heat Wave|p1b: Incineroar|[spread] p1a\n|-miss|p2a: Charizard|p1b: Incineroar\n|-damage|p1a: Farigiraf|0 fnt\n|faint|p1a: Farigiraf\n|move|p2b: Espathra|Calm Mind|p2b: Espathra\n|-boost|p2b: Espathra|spa|1\n|-boost|p2b: Espathra|spd|1\n|\n|-weather|SunnyDay|[upkeep]\n|-ability|p2b: Espathra|Speed Boost|boost\n|-boost|p2b: Espathra|spe|1\n|upkeep\n|\n|t:|1788362489\n|switch|p1a: Pelipper|Pelipper, L50, M|10/100\n|-weather|RainDance|[from] ability: Drizzle|[of] p1a: Pelipper\n|turn|7\n|\n|t:|1788362502\n|move|p2a: Charizard|Protect|p2a: Charizard\n|-singleturn|p2a: Charizard|Protect\n|move|p2b: Espathra|Protect|p2b: Espathra\n|-singleturn|p2b: Espathra|Protect\n|move|p1b: Incineroar|Fake Out|p2a: Charizard\n|-activate|p2a: Charizard|move: Protect\n|move|p1a: Pelipper|Tailwind|p1a: Pelipper\n|-sidestart|p1: jengelberg|move: Tailwind\n|\n|-weather|RainDance|[upkeep]\n|-ability|p2b: Espathra|Speed Boost|boost\n|-boost|p2b: Espathra|spe|1\n|upkeep\n|turn|8\n|\n|t:|1788362522\n|move|p1a: Pelipper|Wide Guard|p1a: Pelipper\n|-singleturn|p1a: Pelipper|Wide Guard\n|move|p2a: Charizard|Weather Ball|p1b: Incineroar\n|-supereffective|p1b: Incineroar|1\n|-enditem|p1b: Incineroar|Passho Berry|[eat]\n|-enditem|p1b: Incineroar|Passho Berry|[weaken]\n|-damage|p1b: Incineroar|0 fnt\n|faint|p1b: Incineroar\n|move|p2b: Espathra|Lumina Crash|p1a: Pelipper\n|-damage|p1a: Pelipper|0 fnt\n|faint|p1a: Pelipper\n|\n|-weather|RainDance|[upkeep]\n|-ability|p2b: Espathra|Speed Boost|boost\n|-boost|p2b: Espathra|spe|1\n|upkeep\n|-message|jengelberg forfeited.\n|\n|win|Zapdos79\n|raw|jengelberg's rating: 1134 &rarr; <strong>1108</strong><br />(-26 for losing)\n|raw|Zapdos79's rating: 1116 &rarr; <strong>1142</strong><br />(+26 for winning)\n|l|☆jengelberg\n|player|p1|\n","uploadtime":1788362537,"views":"32","formatid":"gen9championsvgc2026regmb","rating":1108,"private":0,"password":null}