{"id":"gen9championsvgc2026regmb-2673931719","format":"[Gen 9 Champions] VGC 2026 Reg M-B","players":["Jah_08","IVSui"],"log":"|j|☆Jah_08\n|j|☆IVSui\n|t:|1788278631\n|gametype|doubles\n|player|p1|Jah_08|2|1228\n|player|p2|IVSui|burglar|1200\n|gen|9\n|tier|[Gen 9 Champions] VGC 2026 Reg M-B\n|rated|\n|rule|Species Clause: Limit one of each Pokémon\n|rule|Item Clause: Limit 1 of each item\n|clearpoke\n|poke|p1|Kingambit, L50, F|\n|poke|p1|Scrafty, L50, F|\n|poke|p1|Cofagrigus, L50, F|\n|poke|p1|Reuniclus, L50, F|\n|poke|p1|Vanilluxe, L50, M, shiny|\n|poke|p1|Chandelure, L50, F|\n|poke|p2|Hawlucha, L50, F|\n|poke|p2|Wyrdeer, L50, M|\n|poke|p2|Milotic, L50, F|\n|poke|p2|Blaziken, L50, M|\n|poke|p2|Ninetales-Alola, L50, M|\n|poke|p2|Froslass, L50, F|\n|teampreview|4\n|inactive|Battle timer is ON: inactive players will automatically lose when time's up. (requested by IVSui)\nJah_08 rejected open team sheets.\n|inactive|IVSui has 60 seconds left.\n|\n|t:|1788278669\n|teamsize|p1|4\n|teamsize|p2|4\n|start\n|switch|p1a: Erza|Kingambit, L50, F|100/100\n|switch|p1b: Rashomon|Cofagrigus, L50, F|100/100\n|switch|p2a: Trigger|Blaziken, L50, M|100/100\n|switch|p2b: Fenix|Hawlucha, L50, F|100/100\n|turn|1\n|inactive|IVSui has 30 seconds left.\n|\n|t:|1788278696\n|switch|p1a: E.N.D.|Chandelure, L50, F|100/100\n|detailschange|p2a: Trigger|Blaziken-Mega, L50, M\n|-mega|p2a: Trigger|Blaziken|Blazikenite\n|move|p2b: Fenix|Acrobatics|p1b: Rashomon\n|-damage|p1b: Rashomon|85/100\n|-activate|p1b: Rashomon|ability: Mummy|p2b: Fenix|[ability] Unburden\n|move|p2a: Trigger|Heat Wave|p1b: Rashomon|[spread] p1b\n|-start|p1a: E.N.D.|ability: Flash Fire\n|-damage|p1b: Rashomon|45/100\n|-enditem|p1b: Rashomon|Sitrus Berry|[eat]\n|-heal|p1b: Rashomon|70/100|[from] item: Sitrus Berry\n|move|p1b: Rashomon|Trick Room|p1b: Rashomon\n|-fieldstart|move: Trick Room|[of] p1b: Rashomon\n|\n|-ability|p2a: Trigger|Speed Boost|boost\n|-boost|p2a: Trigger|spe|1\n|upkeep\n|turn|2\n|inactive|Jah_08 has 30 seconds left.\n|inactive|IVSui has 30 seconds left.\n|inactive|Jah_08 has 20 seconds left.\n|\n|t:|1788278731\n|switch|p2b: Milo|Milotic, L50, F|100/100\n|move|p1b: Rashomon|Shadow Ball|p2b: Milo\n|-damage|p2b: Milo|82/100\n|move|p1a: E.N.D.|Heat Wave|p2a: Trigger|[spread] p2a,p2b\n|-resisted|p2a: Trigger|1\n|-resisted|p2b: Milo|1\n|-damage|p2a: Trigger|54/100\n|-damage|p2b: Milo|60/100\n|move|p2a: Trigger|Rock Slide|p1b: Rashomon|[spread] p1a,p1b\n|-supereffective|p1a: E.N.D.|1\n|-damage|p1a: E.N.D.|59/100\n|-damage|p1b: Rashomon|60/100\n|\n|-heal|p2b: Milo|66/100|[from] item: Leftovers\n|-ability|p2a: Trigger|Speed Boost|boost\n|-boost|p2a: Trigger|spe|1\n|upkeep\n|turn|3\n|inactive|Jah_08 has 30 seconds left.\n|\n|t:|1788278758\n|move|p2a: Trigger|Detect|p2a: Trigger\n|-singleturn|p2a: Trigger|Protect\n|move|p1b: Rashomon|Shadow Ball|p2b: Milo\n|-damage|p2b: Milo|50/100y\n|move|p1a: E.N.D.|Shadow Ball|p2b: Milo\n|-damage|p2b: Milo|14/100\n|move|p2b: Milo|Coil|p2b: Milo\n|-boost|p2b: Milo|atk|1\n|-boost|p2b: Milo|def|1\n|-boost|p2b: Milo|accuracy|1\n|\n|-heal|p2b: Milo|20/100y|[from] item: Leftovers\n|-ability|p2a: Trigger|Speed Boost|boost\n|-boost|p2a: Trigger|spe|1\n|upkeep\n|turn|4\n|l|☆IVSui\n|inactive|IVSui disconnected and has a minute to reconnect!\n|player|p2|\n|inactive|IVSui has 30 seconds left.\n|inactive|IVSui has 20 seconds left.\n|inactive|IVSui has 15 seconds left.\n|inactive|IVSui has 10 seconds left.\n|inactive|IVSui has 5 seconds left.\n|j|☆IVSui\n|inactive|IVSui reconnected and has 5 seconds left.\n|player|p2|IVSui|burglar|\n|\n|t:|1788278813\n|move|p2a: Trigger|Detect|p2a: Trigger\n|-singleturn|p2a: Trigger|Protect\n|move|p1b: Rashomon|Body Press|p2b: Milo\n|-damage|p2b: Milo|0 fnt\n|faint|p2b: Milo\n|move|p1a: E.N.D.|Heat Wave|p2a: Trigger\n|-activate|p2a: Trigger|move: Protect\n|\n|-ability|p2a: Trigger|Speed Boost|boost\n|-boost|p2a: Trigger|spe|1\n|upkeep\n|\n|t:|1788278832\n|switch|p2b: Wyrder|Wyrdeer, L50, M|100/100\n|-ability|p2b: Wyrder|Intimidate|boost\n|-unboost|p1a: E.N.D.|atk|1\n|-unboost|p1b: Rashomon|atk|1\n|turn|5\n|inactive|IVSui has 30 seconds left.\n|\n|t:|1788278863\n|move|p2a: Trigger|Detect||[still]\n|-fail|p2a: Trigger\n|move|p1b: Rashomon|Shadow Ball|p2a: Trigger\n|-damage|p2a: Trigger|17/100\n|move|p2b: Wyrder|Psyshield Bash|p1a: E.N.D.\n|-damage|p1a: E.N.D.|21/100\n|-boost|p2b: Wyrder|def|1\n|move|p1a: E.N.D.|Heat Wave|p2a: Trigger|[spread] p2b\n|-miss|p1a: E.N.D.|p2a: Trigger\n|-damage|p2b: Wyrder|42/100\n|-enditem|p2b: Wyrder|Sitrus Berry|[eat]\n|-heal|p2b: Wyrder|67/100|[from] item: Sitrus Berry\n|\n|-fieldend|move: Trick Room\n|-ability|p2a: Trigger|Speed Boost|boost\n|-boost|p2a: Trigger|spe|1\n|upkeep\n|turn|6\n|inactive|IVSui has 30 seconds left.\n|inactive|IVSui has 20 seconds left.\n|inactive|IVSui has 15 seconds left.\n|inactive|IVSui has 10 seconds left.\n|inactive|IVSui has 5 seconds left.\n|\n|t:|1788278913\n|move|p1a: E.N.D.|Protect|p1a: E.N.D.\n|-singleturn|p1a: E.N.D.|Protect\n|move|p2a: Trigger|Rock Slide|p1b: Rashomon|[spread] p1b\n|-activate|p1a: E.N.D.|move: Protect\n|-damage|p1b: Rashomon|50/100g\n|move|p2b: Wyrder|Psyshield Bash|p1a: E.N.D.\n|-activate|p1a: E.N.D.|move: Protect\n|move|p1b: Rashomon|Trick Room|p1b: Rashomon\n|-fieldstart|move: Trick Room|[of] p1b: Rashomon\n|\n|-ability|p2a: Trigger|Speed Boost|boost\n|-boost|p2a: Trigger|spe|1\n|upkeep\n|turn|7\n|\n|t:|1788278935\n|-end|p1a: E.N.D.|ability: Flash Fire|[silent]\n|switch|p1a: Erza|Kingambit, L50, F|100/100\n|move|p2a: Trigger|Detect|p2a: Trigger\n|-singleturn|p2a: Trigger|Protect\n|move|p1b: Rashomon|Shadow Ball|p2a: Trigger\n|-activate|p2a: Trigger|move: Protect\n|move|p2b: Wyrder|Trick Room|p2b: Wyrder\n|-fieldend|move: Trick Room\n|\n|upkeep\n|turn|8\n|inactive|IVSui has 30 seconds left.\n|\n|t:|1788278968\n|move|p1a: Erza|Sucker Punch|p2a: Trigger\n|-resisted|p2a: Trigger|1\n|-damage|p2a: Trigger|0 fnt\n|faint|p2a: Trigger\n|move|p2b: Wyrder|Skill Swap|p1a: Erza\n|-activate|p2b: Wyrder|Skill Swap|Defiant|Intimidate|[of] p1a: Erza\n|-ability|p1a: Erza|Intimidate|boost\n|-unboost|p2b: Wyrder|atk|1\n|-ability|p2b: Wyrder|Defiant|boost\n|-boost|p2b: Wyrder|atk|2\n|move|p1b: Rashomon|Trick Room|p1b: Rashomon\n|-fieldstart|move: Trick Room|[of] p1b: Rashomon\n|\n|upkeep\n|\n|t:|1788278978\n|switch|p2a: Fenix|Hawlucha, L50, F|100/100\n|turn|9\n|\n|t:|1788278992\n|switch|p1a: E.N.D.|Chandelure, L50, F|21/100\n|move|p2a: Fenix|Upper Hand||[still]\n|-fail|p2a: Fenix\n|move|p1b: Rashomon|Will-O-Wisp|p2a: Fenix\n|-status|p2a: Fenix|brn\n|move|p2b: Wyrder|Psyshield Bash|p1b: Rashomon\n|-damage|p1b: Rashomon|21/100\n|-boost|p2b: Wyrder|def|1\n|-activate|p1b: Rashomon|ability: Mummy|p2b: Wyrder|[ability] Defiant\n|\n|-damage|p2a: Fenix|94/100 brn|[from] brn\n|upkeep\n|turn|10\n|inactive|IVSui has 30 seconds left.\n|inactive|IVSui has 20 seconds left.\n|\n|t:|1788279027\n|move|p1b: Rashomon|Body Press|p2b: Wyrder\n|-damage|p2b: Wyrder|53/100\n|move|p2b: Wyrder|Skill Swap|p1a: E.N.D.\n|-activate|p2b: Wyrder|Skill Swap|Flash Fire|Mummy|[of] p1a: E.N.D.\n|move|p1a: E.N.D.|Heat Wave|p2a: Fenix|[spread] p2a\n|-start|p2b: Wyrder|ability: Flash Fire\n|-crit|p2a: Fenix\n|-damage|p2a: Fenix|0 fnt\n|faint|p2a: Fenix\n|\n|upkeep\n|turn|11\n|\n|t:|1788279050\n|switch|p1a: Erza|Kingambit, L50, F|100/100\n|move|p1b: Rashomon|Body Press|p2b: Wyrder\n|-crit|p2b: Wyrder\n|-damage|p2b: Wyrder|12/100\n|move|p2b: Wyrder|Psyshield Bash|p1a: Erza\n|-immune|p1a: Erza\n|\n|upkeep\n|turn|12\n|inactive|IVSui has 30 seconds left.\n|-message|IVSui forfeited.\n|\n|win|Jah_08\n|raw|Jah_08's rating: 1228 &rarr; <strong>1251</strong><br />(+23 for winning)\n|raw|IVSui's rating: 1200 &rarr; <strong>1177</strong><br />(-23 for losing)\n|l|☆IVSui\n|player|p2|\n","uploadtime":1788279090,"views":"0","formatid":"gen9championsvgc2026regmb","rating":1177,"private":0,"password":null}