{"id":"gen9championsvgc2026regmb-2674979515","format":"[Gen 9 Champions] VGC 2026 Reg M-B","players":["troublebubble","Graves Wu"],"log":"|j|☆troublebubble\n|j|‽Graves Wu\n|t:|1788444697\n|gametype|doubles\n|player|p1|troublebubble|265|1711\n|player|p2|Graves Wu|steven|1640\n|gen|9\n|tier|[Gen 9 Champions] VGC 2026 Reg M-B\n|rated|\n|rule|Species Clause: Limit one of each Pokémon\n|rule|Item Clause: Limit 1 of each item\n|clearpoke\n|poke|p1|Charizard, L50, F|\n|poke|p1|Aerodactyl, L50, F|\n|poke|p1|Garchomp, L50, M|\n|poke|p1|Basculegion, L50, M|\n|poke|p1|Sylveon, L50, M|\n|poke|p1|Kingambit, L50, F|\n|poke|p2|Mawile, L50, F, shiny|\n|poke|p2|Aerodactyl, L50, M|\n|poke|p2|Farigiraf, L50, F|\n|poke|p2|Garchomp, L50, M, shiny|\n|poke|p2|Blastoise, L50, M|\n|poke|p2|Sylveon, L50, F, shiny|\n|teampreview|4\n|\n|t:|1788444734\n|teamsize|p1|4\n|teamsize|p2|4\n|start\n|switch|p1a: Charizard|Charizard, L50, F|100/100\n|switch|p1b: Garchomp|Garchomp, L50, M|100/100\n|switch|p2a: Aerodactyl|Aerodactyl, L50, M|100/100\n|switch|p2b: Blastoise|Blastoise, L50, M|100/100\n|-ability|p2a: Aerodactyl|Unnerve\n|turn|1\n|j| Justice Carbozo\n|j| happyfalco1\n|j| ChilledLotusA\n|\n|t:|1788444753\n|detailschange|p1a: Charizard|Charizard-Mega-Y, L50, F\n|-mega|p1a: Charizard|Charizard|Charizardite Y\n|-weather|SunnyDay|[from] ability: Drought|[of] p1a: Charizard\n|detailschange|p2b: Blastoise|Blastoise-Mega, L50, M\n|-mega|p2b: Blastoise|Blastoise|Blastoisinite\n|move|p1a: Charizard|Protect|p1a: Charizard\n|-singleturn|p1a: Charizard|Protect\n|move|p2b: Blastoise|Fake Out|p1b: Garchomp\n|-damage|p1b: Garchomp|90/100\n|-damage|p2b: Blastoise|88/100|[from] ability: Rough Skin|[of] p1b: Garchomp\n|move|p2a: Aerodactyl|Tailwind|p2a: Aerodactyl\n|-sidestart|p2: Graves Wu|move: Tailwind\n|cant|p1b: Garchomp|flinch\n|\n|-weather|SunnyDay|[upkeep]\n|upkeep\n|turn|2\n|\n|t:|1788444776\n|switch|p1a: Kingambit|Kingambit, L50, F|100/100\n|move|p1b: Garchomp|Protect|p1b: Garchomp\n|-singleturn|p1b: Garchomp|Protect\n|move|p2a: Aerodactyl|Rock Slide|p1b: Garchomp|[spread] p1a\n|-activate|p1b: Garchomp|move: Protect\n|-resisted|p1a: Kingambit|1\n|-damage|p1a: Kingambit|91/100\n|move|p2b: Blastoise|Water Spout|p1a: Kingambit|[spread] p1a\n|-activate|p1b: Garchomp|move: Protect\n|-damage|p1a: Kingambit|61/100\n|\n|-weather|SunnyDay|[upkeep]\n|upkeep\n|turn|3\n|\n|t:|1788444791\n|switch|p2a: Sylveon|Sylveon, L50, F, shiny|100/100\n|move|p1a: Kingambit|Sucker Punch|p2b: Blastoise\n|-damage|p2b: Blastoise|53/100\n|move|p2b: Blastoise|Aura Sphere|p1a: Kingambit\n|-supereffective|p1a: Kingambit|2\n|-enditem|p1a: Kingambit|Chople Berry|[eat]\n|-enditem|p1a: Kingambit|Chople Berry|[weaken]\n|-damage|p1a: Kingambit|0 fnt\n|faint|p1a: Kingambit\n|move|p1b: Garchomp|Rock Tomb|p2a: Sylveon\n|-damage|p2a: Sylveon|75/100\n|-unboost|p2a: Sylveon|spe|1\n|\n|-weather|SunnyDay|[upkeep]\n|upkeep\n|\n|t:|1788444820\n|switch|p1a: Basculegion|Basculegion, L50, M|100/100\n|turn|4\n|\n|t:|1788444825\n|switch|p2a: Aerodactyl|Aerodactyl, L50, M|100/100\n|-ability|p2a: Aerodactyl|Unnerve\n|move|p1b: Garchomp|Protect|p1b: Garchomp\n|-singleturn|p1b: Garchomp|Protect\n|move|p1a: Basculegion|Protect|p1a: Basculegion\n|-singleturn|p1a: Basculegion|Protect\n|move|p2b: Blastoise|Dark Pulse|p1a: Basculegion\n|-activate|p1a: Basculegion|move: Protect\n|\n|-weather|SunnyDay|[upkeep]\n|-sideend|p2: Graves Wu|move: Tailwind\n|upkeep\n|turn|5\n|inactive|Battle timer is ON: inactive players will automatically lose when time's up. (requested by troublebubble)\n|\n|t:|1788444840\n|move|p2a: Aerodactyl|Tailwind|p2a: Aerodactyl\n|-sidestart|p2: Graves Wu|move: Tailwind\n|move|p2b: Blastoise|Dark Pulse|p1a: Basculegion\n|-supereffective|p1a: Basculegion|1\n|-enditem|p1a: Basculegion|Focus Sash\n|-damage|p1a: Basculegion|1/100\n|move|p1b: Garchomp|Dragon Claw|p2b: Blastoise\n|-damage|p2b: Blastoise|17/100\n|move|p1a: Basculegion|Last Respects|p2a: Aerodactyl\n|-damage|p2a: Aerodactyl|20/100y\n|\n|-weather|none\n|upkeep\n|turn|6\n|\n|t:|1788444868\n|move|p2a: Aerodactyl|Protect|p2a: Aerodactyl\n|-singleturn|p2a: Aerodactyl|Protect\n|move|p1b: Garchomp|Protect|p1b: Garchomp\n|-singleturn|p1b: Garchomp|Protect\n|move|p1a: Basculegion|Protect|p1a: Basculegion\n|-singleturn|p1a: Basculegion|Protect\n|move|p2b: Blastoise|Dark Pulse|p1a: Basculegion\n|-activate|p1a: Basculegion|move: Protect\n|\n|upkeep\n|turn|7\n|\n|t:|1788444880\n|switch|p2a: Garchomp|Garchomp, L50, M, shiny|100/100\n|move|p1a: Basculegion|Aqua Jet|p2a: Garchomp\n|-damage|p2a: Garchomp|80/100\n|-damage|p1a: Basculegion|0 fnt|[from] ability: Rough Skin|[of] p2a: Garchomp\n|faint|p1a: Basculegion\n|move|p2b: Blastoise|Dark Pulse|p1b: Garchomp\n|-damage|p1b: Garchomp|42/100\n|-enditem|p1b: Garchomp|Sitrus Berry|[eat]\n|-heal|p1b: Garchomp|67/100|[from] item: Sitrus Berry\n|move|p1b: Garchomp|Dragon Claw|p2b: Blastoise\n|-damage|p2b: Blastoise|0 fnt\n|faint|p2b: Blastoise\n|\n|upkeep\n|\n|t:|1788444893\n|switch|p1a: Charizard|Charizard-Mega-Y, L50, F|100/100\n|switch|p2b: Aerodactyl|Aerodactyl, L50, M|20/100y\n|-ability|p2b: Aerodactyl|Unnerve\n|-weather|SunnyDay|[from] ability: Drought|[of] p1a: Charizard\n|turn|8\n|\n|t:|1788444903\n|move|p2b: Aerodactyl|Protect|p2b: Aerodactyl\n|-singleturn|p2b: Aerodactyl|Protect\n|move|p1b: Garchomp|Protect|p1b: Garchomp\n|-singleturn|p1b: Garchomp|Protect\n|move|p1a: Charizard|Protect|p1a: Charizard\n|-singleturn|p1a: Charizard|Protect\n|move|p2a: Garchomp|Dragon Claw|p1b: Garchomp\n|-activate|p1b: Garchomp|move: Protect\n|\n|-weather|SunnyDay|[upkeep]\n|-sideend|p2: Graves Wu|move: Tailwind\n|upkeep\n|turn|9\n|inactive|Graves Wu has 30 seconds left.\n|inactive|Graves Wu has 20 seconds left.\n|inactive|Graves Wu has 15 seconds left.\n|inactive|Graves Wu has 10 seconds left.\n|\n|t:|1788444949\n|move|p2a: Garchomp|Dragon Claw|p1b: Garchomp\n|-supereffective|p1b: Garchomp|1\n|-damage|p1b: Garchomp|0 fnt\n|-damage|p2a: Garchomp|68/100|[from] ability: Rough Skin|[of] p1b: Garchomp\n|faint|p1b: Garchomp\n|move|p2b: Aerodactyl|Rock Slide|p1a: Charizard\n|-supereffective|p1a: Charizard|2\n|-damage|p1a: Charizard|0 fnt\n|faint|p1a: Charizard\n|\n|win|Graves Wu\n|raw|troublebubble's rating: 1711 &rarr; <strong>1687</strong><br />(-24 for losing)\n|raw|Graves Wu's rating: 1640 &rarr; <strong>1664</strong><br />(+24 for winning)\n|l|☆troublebubble\n|player|p1|\n|l|‽Graves Wu\n|player|p2|\n|l| ChilledLotusA\n","uploadtime":1788444962,"views":"0","formatid":"gen9championsvgc2026regmb","rating":1664,"private":0,"password":null}