{"id":"gen9championsvgc2026regmb-2674950969","format":"[Gen 9 Champions] VGC 2026 Reg M-B","players":["Megawinner122223","sderh"],"log":"|j|☆Megawinner122223\n|j|☆sderh\n|t:|1788440929\n|gametype|doubles\n|player|p1|Megawinner122223|ghetsis|1050\n|player|p2|sderh|2|1060\n|gen|9\n|tier|[Gen 9 Champions] VGC 2026 Reg M-B\n|rated|\n|rule|Species Clause: Limit one of each Pokémon\n|rule|Item Clause: Limit 1 of each item\n|clearpoke\n|poke|p1|Gengar, L50, M, shiny|\n|poke|p1|Starmie, L50, shiny|\n|poke|p1|Pelipper, L50, M, shiny|\n|poke|p1|Krookodile, L50, M, shiny|\n|poke|p1|Sinistcha, L50|\n|poke|p1|Archaludon, L50, F|\n|poke|p2|Ampharos, L50, M|\n|poke|p2|Audino, L50, M|\n|poke|p2|Araquanid, L50, F|\n|poke|p2|Alcremie, L50, F|\n|poke|p2|Clefable, L50, F|\n|poke|p2|Sinistcha, L50|\n|teampreview|4\n|inactive|Battle timer is ON: inactive players will automatically lose when time's up. (requested by sderh)\n|\n|t:|1788440950\n|teamsize|p1|4\n|teamsize|p2|4\n|start\n|switch|p1a: Phantom|Gengar, L50, M, shiny|100/100\n|switch|p1b: Bridge guy|Archaludon, L50, F|100/100\n|switch|p2a: Ampharos|Ampharos, L50, M|100/100\n|switch|p2b: Audino|Audino, L50, M|100/100\n|turn|1\n|inactive|Megawinner122223 has 30 seconds left.\n|\n|t:|1788440983\n|detailschange|p1a: Phantom|Gengar-Mega, L50, M, shiny\n|-mega|p1a: Phantom|Gengar|Gengarite\n|detailschange|p2a: Ampharos|Ampharos-Mega, L50, M\n|-mega|p2a: Ampharos|Ampharos|Ampharosite\n|-ability|p2a: Ampharos|Mold Breaker\n|move|p1a: Phantom|Protect|p1a: Phantom\n|-singleturn|p1a: Phantom|Protect\n|move|p1b: Bridge guy|Flash Cannon|p2b: Audino\n|-damage|p2b: Audino|51/100\n|-damage|p1b: Bridge guy|90/100|[from] item: Life Orb\n|move|p2b: Audino|Simple Beam|p2a: Ampharos\n|-ability|p2a: Ampharos|Simple|Mold Breaker|[from] move: Simple Beam\n|move|p2a: Ampharos|Charge|p2a: Ampharos\n|-boost|p2a: Ampharos|spd|2\n|-start|p2a: Ampharos|Charge\n|\n|-heal|p2b: Audino|58/100|[from] item: Leftovers\n|upkeep\n|turn|2\n|inactive|Megawinner122223 has 30 seconds left.\n|inactive|sderh has 30 seconds left.\n|inactive|sderh has 20 seconds left.\n|inactive|Megawinner122223 has 20 seconds left.\n|inactive|sderh has 15 seconds left.\n|inactive|sderh has 10 seconds left.\n|\n|t:|1788441029\n|switch|p1a: Boba|Sinistcha, L50|100/100\n|-heal|p1b: Bridge guy|100/100|[from] ability: Hospitality|[of] p1a: Boba\n|move|p1b: Bridge guy|Draco Meteor|p2a: Ampharos\n|-supereffective|p2a: Ampharos|1\n|-damage|p2a: Ampharos|39/100\n|-unboost|p1b: Bridge guy|spa|2\n|-damage|p1b: Bridge guy|90/100|[from] item: Life Orb\n|move|p2b: Audino|Yawn|p1b: Bridge guy\n|-start|p1b: Bridge guy|move: Yawn|[of] p2b: Audino\n|move|p2a: Ampharos|Parabolic Charge|p1a: Boba|[spread] p2b,p1a,p1b\n|-resisted|p1a: Boba|1\n|-resisted|p1b: Bridge guy|1\n|-damage|p2b: Audino|1/100\n|-heal|p2a: Ampharos|69/100|[from] drain|[of] p2b: Audino\n|-damage|p1a: Boba|66/100\n|-heal|p2a: Ampharos|84/100|[from] drain|[of] p1a: Boba\n|-damage|p1b: Bridge guy|45/100\n|-heal|p2a: Ampharos|100/100|[from] drain|[of] p1b: Bridge guy\n|-ability|p1b: Bridge guy|Stamina|boost\n|-boost|p1b: Bridge guy|def|1\n|-end|p2a: Ampharos|Charge|[silent]\n|\n|-heal|p1a: Boba|72/100|[from] item: Leftovers\n|-heal|p2b: Audino|8/100|[from] item: Leftovers\n|upkeep\n|turn|3\n|inactive|Megawinner122223 has 30 seconds left.\n|inactive|Megawinner122223 has 20 seconds left.\n|inactive|sderh has 30 seconds left.\n|inactive|Megawinner122223 has 15 seconds left.\n|inactive|Megawinner122223 has 10 seconds left.\n|inactive|Megawinner122223 has 5 seconds left.\n|\n|t:|1788441084\n|move|p1a: Boba|Rage Powder|p1a: Boba\n|-singleturn|p1a: Boba|move: Rage Powder\n|move|p1b: Bridge guy|Draco Meteor|p2a: Ampharos\n|-supereffective|p2a: Ampharos|1\n|-damage|p2a: Ampharos|68/100\n|-unboost|p1b: Bridge guy|spa|2\n|-damage|p1b: Bridge guy|35/100|[from] item: Life Orb\n|move|p2b: Audino|Yawn|p1a: Boba\n|-start|p1a: Boba|move: Yawn|[of] p2b: Audino\n|move|p2a: Ampharos|Charge|p2a: Ampharos\n|-boost|p2a: Ampharos|spd|2\n|-start|p2a: Ampharos|Charge\n|\n|-heal|p1a: Boba|78/100|[from] item: Leftovers\n|-heal|p2b: Audino|14/100|[from] item: Leftovers\n|-end|p1b: Bridge guy|move: Yawn|[silent]\n|-status|p1b: Bridge guy|slp\n|upkeep\n|turn|4\n|l|☆Megawinner122223\n|inactive|Megawinner122223 disconnected and has a minute to reconnect!\n|player|p1|\n|j|☆Megawinner122223\n|inactive|Megawinner122223 reconnected and has 45 seconds left.\n|player|p1|Megawinner122223|ghetsis|\n|inactive|Megawinner122223 has 30 seconds left.\n|\n|t:|1788441117\n|cant|p1b: Bridge guy|slp\n|move|p1a: Boba|Life Dew|p1a: Boba|[spread] p1a,p1b\n|-heal|p1a: Boba|100/100\n|-heal|p1b: Bridge guy|61/100 slp\n|move|p2b: Audino|Life Dew|p2b: Audino|[spread] p2a,p2b\n|-heal|p2a: Ampharos|93/100\n|-heal|p2b: Audino|39/100\n|move|p2a: Ampharos|Charge|p2a: Ampharos\n|-boost|p2a: Ampharos|spd|2\n|-start|p2a: Ampharos|Charge\n|\n|-heal|p2b: Audino|45/100|[from] item: Leftovers\n|-end|p1a: Boba|move: Yawn|[silent]\n|-status|p1a: Boba|slp\n|upkeep\n|turn|5\n|\n|t:|1788441141\n|switch|p2b: Alcremie|Alcremie, L50, F|100/100\n|cant|p1b: Bridge guy|slp\n|cant|p1a: Boba|slp\n|move|p2a: Ampharos|Cotton Guard|p2a: Ampharos\n|-boost|p2a: Ampharos|def|6\n|\n|upkeep\n|turn|6\n|inactive|Megawinner122223 has 30 seconds left.\n|\n|t:|1788441166\n|-curestatus|p1b: Bridge guy|slp|[msg]\n|move|p1b: Bridge guy|Flash Cannon|p2b: Alcremie\n|-supereffective|p2b: Alcremie|1\n|-damage|p2b: Alcremie|68/100\n|-damage|p1b: Bridge guy|51/100|[from] item: Life Orb\n|move|p2b: Alcremie|Decorate|p2a: Ampharos\n|-boost|p2a: Ampharos|atk|4\n|-boost|p2a: Ampharos|spa|4\n|-curestatus|p1a: Boba|slp|[msg]\n|move|p1a: Boba|Matcha Gotcha|p2a: Ampharos|[spread] p2a,p2b\n|-resisted|p2a: Ampharos|1\n|-damage|p2a: Ampharos|91/100\n|-damage|p2b: Alcremie|50/100y\n|move|p2a: Ampharos|Dragon Pulse|p1b: Bridge guy\n|-damage|p1b: Bridge guy|0 fnt\n|faint|p1b: Bridge guy\n|\n|upkeep\n|\n|t:|1788441188\n|switch|p1b: Phantom|Gengar-Mega, L50, M, shiny|100/100\n|turn|7\n|\n|t:|1788441195\n|switch|p1a: Burb|Pelipper, L50, M, shiny|100/100\n|-weather|RainDance|[from] ability: Drizzle|[of] p1a: Burb\n|move|p1b: Phantom|Toxic|p2a: Ampharos\n|-status|p2a: Ampharos|tox\n|move|p2b: Alcremie|Decorate|p2a: Ampharos\n|-boost|p2a: Ampharos|atk|2\n|-boost|p2a: Ampharos|spa|2\n|move|p2a: Ampharos|Parabolic Charge|p1b: Phantom|[spread] p2b,p1a,p1b\n|-supereffective|p1a: Burb|2\n|-damage|p2b: Alcremie|0 fnt\n|-heal|p2a: Ampharos|100/100 tox|[from] drain|[of] p2b: Alcremie\n|-damage|p1a: Burb|0 fnt\n|-damage|p1b: Phantom|0 fnt\n|faint|p2b: Alcremie\n|faint|p1a: Burb\n|faint|p1b: Phantom\n|-end|p2a: Ampharos|Charge|[silent]\n|\n|-weather|RainDance|[upkeep]\n|-damage|p2a: Ampharos|93/100 tox|[from] psn\n|upkeep\n|\n|t:|1788441219\n|switch|p1a: Boba|Sinistcha, L50|100/100\n|switch|p2b: Audino|Audino, L50, M|45/100\n|turn|8\n|\n|t:|1788441231\n|move|p1a: Boba|Protect|p1a: Boba\n|-singleturn|p1a: Boba|Protect\n|move|p2b: Audino|Life Dew|p2b: Audino|[spread] p2a,p2b\n|-heal|p2a: Ampharos|100/100 tox\n|-heal|p2b: Audino|70/100\n|move|p2a: Ampharos|Charge|p2a: Ampharos\n|-boost|p2a: Ampharos|spd|0\n|-start|p2a: Ampharos|Charge\n|\n|-weather|RainDance|[upkeep]\n|-activate|p2b: Audino|ability: Healer\n|-curestatus|p2a: Ampharos|tox|[msg]\n|-heal|p2b: Audino|77/100|[from] item: Leftovers\n|upkeep\n|turn|9\n|-message|Megawinner122223 forfeited.\n|\n|win|sderh\n|raw|Megawinner122223's rating: 1050 &rarr; <strong>1033</strong><br />(-17 for losing)\n|raw|sderh's rating: 1060 &rarr; <strong>1090</strong><br />(+30 for winning)\n|l|☆Megawinner122223\n|player|p1|\n|l|☆sderh\n|player|p2|\n|j|☆Megawinner122223\n|player|p1|Megawinner122223|ghetsis|\n","uploadtime":1788441310,"views":"2","formatid":"gen9championsvgc2026regmb","rating":1033,"private":0,"password":null}