{"id":"gen9championsvgc2026regmbbo3-2673837017","format":"[Gen 9 Champions] VGC 2026 Reg M-B (Bo3)","players":["TeraKaola","ImprobableBlob"],"log":"|j|☆TeraKaola\n|j|☆ImprobableBlob\n|html|<table width=\"100%\"><tr><td align=\"left\">TeraKaola</td><td align=\"right\">ImprobableBlob</tr><tr><td align=\"left\"><i class=\"fa fa-circle\"></i> <i class=\"fa fa-circle-o\"></i> </td><td align=\"right\"><i class=\"fa fa-circle-o\"></i> <i class=\"fa fa-circle-o\"></i> </tr></table>\n|uhtml|bestof|<h2><strong>Game 2</strong> of <a href=\"/game-bestof3-gen9championsvgc2026regmbbo3-2673835483\">a best-of-3</a></h2>\n|t:|1788266282\n|gametype|doubles\n|player|p1|TeraKaola|acetrainerf-gen4dp|\n|player|p2|ImprobableBlob|jasmine|\n|gen|9\n|tier|[Gen 9 Champions] VGC 2026 Reg M-B (Bo3)\n|rule|Species Clause: Limit one of each Pokémon\n|rule|Item Clause: Limit 1 of each item\n|clearpoke\n|poke|p1|Staraptor, L50, M, shiny|\n|poke|p1|Charizard, L50, M|\n|poke|p1|Whimsicott, L50, M|\n|poke|p1|Glimmora, L50, F|\n|poke|p1|Garchomp, L50, M|\n|poke|p1|Kingambit, L50, M|\n|poke|p2|Metagross, L50|\n|poke|p2|Raichu, L50, F|\n|poke|p2|Kingambit, L50, M|\n|poke|p2|Kleavor, L50, M|\n|poke|p2|Basculegion, L50, M|\n|poke|p2|Whimsicott, L50, M|\n|teampreview|4\n|showteam|p1|Staraptor||Staraptite|Intimidate|CloseCombat,BraveBird,Roost,Protect|Jolly||M|||50|]Charizard||CharizarditeY|Blaze|HeatWave,SolarBeam,AirSlash,Protect|Modest||M|||50|]Whimsicott||OccaBerry|Prankster|Moonblast,Tailwind,Charm,SunnyDay|Timid||M|||50|]Glimmora||FocusSash|ToxicDebris|PowerGem,SludgeBomb,EarthPower,SpikyShield|Timid||F|||50|]Garchomp||LifeOrb|RoughSkin|DragonClaw,Earthquake,RockSlide,Protect|Adamant||M|||50|]Kingambit||ChopleBerry|Defiant|IronHead,KowtowCleave,SuckerPunch,LowKick|Adamant||M|||50|\n|showteam|p2|Metagross||Metagrossite|ClearBody|IcePunch,PsychicFangs,IronHead,Protect|Jolly|||||50|]Raichu||RaichuniteY|Static|FakeOut,ZapCannon,FocusBlast,Protect|Timid||F|||50|]Kingambit||ChopleBerry|Defiant|KowtowCleave,LowKick,SuckerPunch,Protect|Adamant||M|||50|]Kleavor||FocusSash|Sharpness|StoneAxe,XScissor,Feint,Protect|Adamant||M|||50|]Basculegion||LifeOrb|Adaptability|WaveCrash,LastRespects,AquaJet,Protect|Adamant||M|||50|]Whimsicott||FairyFeather|Prankster|Encore,Protect,Moonblast,Tailwind|Timid||M|||50|\n|inactive|Battle timer is ON: inactive players will automatically lose when time's up. (requested by ImprobableBlob)\n|inactive|TeraKaola has 60 seconds left.\n|inactive|ImprobableBlob has 60 seconds left.\n|\n|t:|1788266327\n|teamsize|p1|4\n|teamsize|p2|4\n|start\n|switch|p1a: No Eulogies|Charizard, L50, M|100/100\n|switch|p1b: Artist Lemonade|Glimmora, L50, F|100/100\n|switch|p2a: Metagross|Metagross, L50|100/100\n|switch|p2b: Basculegion|Basculegion, L50, M|100/100\n|turn|1\n|inactive|TeraKaola has 30 seconds left.\n|inactive|TeraKaola has 20 seconds left.\n|\n|t:|1788266363\n|detailschange|p2a: Metagross|Metagross-Mega, L50\n|-mega|p2a: Metagross|Metagross|Metagrossite\n|detailschange|p1a: No Eulogies|Charizard-Mega-Y, L50, M\n|-mega|p1a: No Eulogies|Charizard|Charizardite Y\n|-weather|SunnyDay|[from] ability: Drought|[of] p1a: No Eulogies\n|move|p2a: Metagross|Protect|p2a: Metagross\n|-singleturn|p2a: Metagross|Protect\n|move|p1b: Artist Lemonade|Earth Power|p2a: Metagross\n|-activate|p2a: Metagross|move: Protect\n|move|p1a: No Eulogies|Heat Wave|p2a: Metagross|[spread] p2b\n|-activate|p2a: Metagross|move: Protect\n|-resisted|p2b: Basculegion|1\n|-damage|p2b: Basculegion|65/100\n|move|p2b: Basculegion|Wave Crash|p1a: No Eulogies\n|-supereffective|p1a: No Eulogies|1\n|-damage|p1a: No Eulogies|1/100\n|-damage|p2b: Basculegion|34/100|[from] Recoil\n|-damage|p2b: Basculegion|25/100|[from] item: Life Orb\n|\n|-weather|SunnyDay|[upkeep]\n|upkeep\n|turn|2\n|\n|t:|1788266377\n|move|p2b: Basculegion|Aqua Jet|p1a: No Eulogies\n|-supereffective|p1a: No Eulogies|1\n|-damage|p1a: No Eulogies|0 fnt\n|faint|p1a: No Eulogies\n|-damage|p2b: Basculegion|15/100|[from] item: Life Orb\n|move|p2a: Metagross|Psychic Fangs|p1b: Artist Lemonade\n|-supereffective|p1b: Artist Lemonade|1\n|-enditem|p1b: Artist Lemonade|Focus Sash\n|-damage|p1b: Artist Lemonade|1/100\n|-activate|p1b: Artist Lemonade|ability: Toxic Debris\n|-sidestart|p2: ImprobableBlob|move: Toxic Spikes\n|move|p1b: Artist Lemonade|Earth Power|p2a: Metagross\n|-supereffective|p2a: Metagross|1\n|-damage|p2a: Metagross|27/100\n|\n|-weather|SunnyDay|[upkeep]\n|upkeep\n|\n|t:|1788266393\n|switch|p1a: rayquaza ex|Garchomp, L50, M|100/100\n|turn|3\n|\n|t:|1788266403\n|move|p1b: Artist Lemonade|Spiky Shield|p1b: Artist Lemonade\n|-singleturn|p1b: Artist Lemonade|move: Protect\n|move|p2b: Basculegion|Aqua Jet|p1b: Artist Lemonade\n|-activate|p1b: Artist Lemonade|move: Protect\n|-damage|p2b: Basculegion|3/100|[from] Spiky Shield|[of] p1b: Artist Lemonade\n|move|p2a: Metagross|Ice Punch|p1a: rayquaza ex\n|-supereffective|p1a: rayquaza ex|2\n|-damage|p1a: rayquaza ex|0 fnt\n|-damage|p2a: Metagross|15/100|[from] ability: Rough Skin|[of] p1a: rayquaza ex\n|faint|p1a: rayquaza ex\n|\n|-weather|SunnyDay|[upkeep]\n|upkeep\n|\n|t:|1788266414\n|switch|p1a: Black Parade|Staraptor, L50, M, shiny|100/100\n|-ability|p1a: Black Parade|Intimidate|boost\n|-unboost|p2a: Metagross|atk|1\n|-unboost|p2b: Basculegion|atk|1\n|turn|4\n|\n|t:|1788266427\n|move|p1b: Artist Lemonade|Spiky Shield||[still]\n|-fail|p1b: Artist Lemonade\n|move|p2b: Basculegion|Aqua Jet|p1b: Artist Lemonade\n|-supereffective|p1b: Artist Lemonade|1\n|-damage|p1b: Artist Lemonade|0 fnt\n|-activate|p1b: Artist Lemonade|ability: Toxic Debris\n|-sidestart|p2: ImprobableBlob|move: Toxic Spikes\n|faint|p1b: Artist Lemonade\n|-damage|p2b: Basculegion|0 fnt|[from] item: Life Orb\n|faint|p2b: Basculegion\n|move|p2a: Metagross|Ice Punch|p1a: Black Parade\n|-supereffective|p1a: Black Parade|1\n|-damage|p1a: Black Parade|31/100\n|move|p1a: Black Parade|Close Combat|p2a: Metagross\n|-damage|p2a: Metagross|0 fnt\n|-unboost|p1a: Black Parade|def|1\n|-unboost|p1a: Black Parade|spd|1\n|faint|p2a: Metagross\n|\n|-weather|SunnyDay|[upkeep]\n|upkeep\n|\n|t:|1788266433\n|switch|p2a: Kleavor|Kleavor, L50, M|100/100\n|switch|p2b: Kingambit|Kingambit, L50, M|100/100\n|-status|p2a: Kleavor|tox\n|turn|5\n|\n|t:|1788266450\n|move|p2a: Kleavor|Feint|p1a: Black Parade\n|-damage|p1a: Black Parade|8/100\n|move|p1a: Black Parade|Roost|p1a: Black Parade\n|-heal|p1a: Black Parade|58/100\n|-singleturn|p1a: Black Parade|move: Roost\n|move|p2b: Kingambit|Kowtow Cleave|p1a: Black Parade\n|-damage|p1a: Black Parade|0 fnt\n|faint|p1a: Black Parade\n|\n|win|ImprobableBlob\n||TeraKaola is ready for game 3.\n||ImprobableBlob is ready for game 3.\n|uhtml|next|Next: <a href=\"/battle-gen9championsvgc2026regmbbo3-2673838149\"><strong>Game 3 of 3</strong></a>\n","uploadtime":1788266894,"views":"2","formatid":"gen9championsvgc2026regmbbo3","rating":null,"private":0,"password":null}