{"id":"gen9championsvgc2026regmb-2674132331","format":"[Gen 9 Champions] VGC 2026 Reg M-B","players":["danswer2","ruti3131"],"log":"|j|☆danswer2\n|j|☆ruti3131\n|t:|1788303875\n|gametype|doubles\n|player|p1|danswer2|265|1041\n|player|p2|ruti3131|169|1138\n|gen|9\n|tier|[Gen 9 Champions] VGC 2026 Reg M-B\n|rated|\n|rule|Species Clause: Limit one of each Pokémon\n|rule|Item Clause: Limit 1 of each item\n|clearpoke\n|poke|p1|Dragalge, L50, M|\n|poke|p1|Slowbro-Galar, L50, M|\n|poke|p1|Sneasler, L50, M|\n|poke|p1|Overqwil, L50, M|\n|poke|p1|Gengar, L50, F|\n|poke|p1|Scolipede, L50, M|\n|poke|p2|Pelipper, L50, F|\n|poke|p2|Farigiraf, L50, F|\n|poke|p2|Blaziken, L50, F|\n|poke|p2|Swampert, L50, M|\n|poke|p2|Milotic, L50, F|\n|poke|p2|Conkeldurr, L50, F|\n|teampreview|4\n|\n|t:|1788303917\n|teamsize|p1|4\n|teamsize|p2|4\n|start\n|switch|p1a: Dragalge|Dragalge, L50, M|100/100\n|switch|p1b: Scolipede|Scolipede, L50, M|100/100\n|switch|p2a: Farigiraf|Farigiraf, L50, F|100/100\n|switch|p2b: Swampert|Swampert, L50, M|100/100\n|turn|1\n|inactive|Battle timer is ON: inactive players will automatically lose when time's up. (requested by danswer2)\n|inactive|danswer2 has 60 seconds left.\n|\n|t:|1788303955\n|switch|p2a: Pelipper|Pelipper, L50, F|100/100\n|-weather|RainDance|[from] ability: Drizzle|[of] p2a: Pelipper\n|detailschange|p2b: Swampert|Swampert-Mega, L50, M\n|-mega|p2b: Swampert|Swampert|Swampertite\n|move|p1b: Scolipede|Protect|p1b: Scolipede\n|-singleturn|p1b: Scolipede|Protect\n|move|p2b: Swampert|Ice Punch|p1a: Dragalge\n|-supereffective|p1a: Dragalge|1\n|-damage|p1a: Dragalge|30/100\n|move|p1a: Dragalge|Thunderbolt|p2a: Pelipper\n|-supereffective|p2a: Pelipper|2\n|-damage|p2a: Pelipper|0 fnt\n|faint|p2a: Pelipper\n|\n|-weather|RainDance|[upkeep]\n|-ability|p1b: Scolipede|Speed Boost|boost\n|-boost|p1b: Scolipede|spe|1\n|upkeep\n|\n|t:|1788303974\n|switch|p2a: Conkeldurr|Conkeldurr, L50, F|100/100\n|turn|2\n|\n|t:|1788303985\n|move|p1b: Scolipede|Trailblaze|p2b: Swampert\n|-supereffective|p2b: Swampert|2\n|-damage|p2b: Swampert|42/100\n|-boost|p1b: Scolipede|spe|1\n|move|p2b: Swampert|High Horsepower|p1b: Scolipede|[miss]\n|-miss|p2b: Swampert|p1b: Scolipede\n|move|p2a: Conkeldurr|Coaching|p2b: Swampert\n|-boost|p2b: Swampert|atk|1\n|-boost|p2b: Swampert|def|1\n|move|p1a: Dragalge|Hydro Pump|p2a: Conkeldurr\n|-damage|p2a: Conkeldurr|48/100\n|\n|-weather|RainDance|[upkeep]\n|-ability|p1b: Scolipede|Speed Boost|boost\n|-boost|p1b: Scolipede|spe|1\n|upkeep\n|turn|3\n|inactive|danswer2 has 30 seconds left.\n|inactive|ruti3131 has 30 seconds left.\n|\n|t:|1788304014\n|move|p2b: Swampert|Protect|p2b: Swampert\n|-singleturn|p2b: Swampert|Protect\n|move|p2a: Conkeldurr|Mach Punch|p1a: Dragalge\n|-resisted|p1a: Dragalge|1\n|-damage|p1a: Dragalge|7/100\n|-damage|p2a: Conkeldurr|38/100|[from] item: Life Orb\n|move|p1b: Scolipede|Trailblaze|p2b: Swampert\n|-activate|p2b: Swampert|move: Protect\n|move|p1a: Dragalge|Hydro Pump|p2a: Conkeldurr|[miss]\n|-miss|p1a: Dragalge|p2a: Conkeldurr\n|\n|-weather|RainDance|[upkeep]\n|-ability|p1b: Scolipede|Speed Boost|boost\n|-boost|p1b: Scolipede|spe|1\n|upkeep\n|turn|4\n|\n|t:|1788304035\n|switch|p2b: Farigiraf|Farigiraf, L50, F|100/100\n|switch|p1a: Gengar|Gengar, L50, F|100/100\n|move|p2a: Conkeldurr|Mach Punch|p1a: Gengar\n|-immune|p1a: Gengar\n|move|p1b: Scolipede|Trailblaze|p2b: Farigiraf\n|-ability|p2b: Farigiraf|Sap Sipper|boost\n|-boost|p2b: Farigiraf|atk|1\n|\n|-weather|RainDance|[upkeep]\n|-ability|p1b: Scolipede|Speed Boost|boost\n|-boost|p1b: Scolipede|spe|1\n|upkeep\n|turn|5\n|\n|t:|1788304061\n|move|p1b: Scolipede|Poison Jab|p2b: Farigiraf\n|-damage|p2b: Farigiraf|64/100\n|-status|p2b: Farigiraf|psn\n|move|p1a: Gengar|Psychic|p2a: Conkeldurr\n|-supereffective|p2a: Conkeldurr|1\n|-damage|p2a: Conkeldurr|0 fnt\n|faint|p2a: Conkeldurr\n|move|p2b: Farigiraf|Psychic|p1b: Scolipede\n|-supereffective|p1b: Scolipede|1\n|-damage|p1b: Scolipede|0 fnt\n|faint|p1b: Scolipede\n|\n|-weather|none\n|-heal|p2b: Farigiraf|70/100 psn|[from] item: Leftovers\n|-damage|p2b: Farigiraf|57/100 psn|[from] psn\n|upkeep\n|inactive|ruti3131 has 30 seconds left.\n|inactive|ruti3131 has 20 seconds left.\n|\n|t:|1788304100\n|switch|p1b: Overqwil|Overqwil, L50, M|100/100\n|switch|p2a: Swampert|Swampert-Mega, L50, M|42/100\n|turn|6\n|\n|t:|1788304115\n|detailschange|p1a: Gengar|Gengar-Mega, L50, F\n|-mega|p1a: Gengar|Gengar|Gengarite\n|move|p1a: Gengar|Energy Ball|p2a: Swampert\n|-supereffective|p2a: Swampert|2\n|-damage|p2a: Swampert|0 fnt\n|faint|p2a: Swampert\n|move|p1b: Overqwil|Barb Barrage|p2b: Farigiraf\n|-damage|p2b: Farigiraf|0 fnt\n|faint|p2b: Farigiraf\n|\n|win|danswer2\n|raw|danswer2's rating: 1041 &rarr; <strong>1084</strong><br />(+43 for winning)\n|raw|ruti3131's rating: 1138 &rarr; <strong>1106</strong><br />(-32 for losing)\n|l|☆danswer2\n|player|p1|\n","uploadtime":1788304529,"views":"0","formatid":"gen9championsvgc2026regmb","rating":1084,"private":0,"password":null}