{"id":"gen9championsvgc2026regmbbo3-2673272342","format":"[Gen 9 Champions] VGC 2026 Reg M-B (Bo3)","players":["CaratroncoSun","Amphbros4Ever"],"log":"|j|☆CaratroncoSun\n|j|☆Amphbros4Ever\n|html|<table width=\"100%\"><tr><td align=\"left\">CaratroncoSun</td><td align=\"right\">Amphbros4Ever</tr><tr><td align=\"left\"><i class=\"fa fa-circle-o\"></i> <i class=\"fa fa-circle-o\"></i> </td><td align=\"right\"><i class=\"fa fa-circle-o\"></i> <i class=\"fa fa-circle\"></i> </tr></table>\n|uhtml|bestof|<h2><strong>Game 2</strong> of <a href=\"/game-bestof3-gen9championsvgc2026regmbbo3-2673270980\">a best-of-3</a></h2>\n|t:|1788174344\n|gametype|doubles\n|player|p1|CaratroncoSun|265|1370\n|player|p2|Amphbros4Ever|2|1433\n|gen|9\n|tier|[Gen 9 Champions] VGC 2026 Reg M-B (Bo3)\n|rated|\n|rule|Species Clause: Limit one of each Pokémon\n|rule|Item Clause: Limit 1 of each item\n|clearpoke\n|poke|p1|Charizard, L50, M, shiny|\n|poke|p1|Venusaur, L50, M, shiny|\n|poke|p1|Whimsicott, L50, M, shiny|\n|poke|p1|Basculegion, L50, M|\n|poke|p1|Tyranitar, L50, M|\n|poke|p1|Mamoswine, L50, F|\n|poke|p2|Froslass, L50, F|\n|poke|p2|Whimsicott, L50, M|\n|poke|p2|Sneasler, L50, M|\n|poke|p2|Kingambit, L50, F|\n|poke|p2|Basculegion, L50, M|\n|poke|p2|Dragonite, L50, M|\n|teampreview|4\n|showteam|p1|Charizard||CharizarditeY|Blaze|Protect,SolarBeam,HeatWave,AirSlash|Modest||M|||50|]Venusaur||WideLens|Chlorophyll|Protect,GigaDrain,EarthPower,SleepPowder|Modest||M|||50|]Whimsicott||FocusSash|Prankster|Protect,Moonblast,Tailwind,Encore|Timid||M|||50|]Basculegion||MysticWater|Adaptability|Protect,AquaJet,WaveCrash,LastRespects|Adamant||M|||50|]Tyranitar||Tyranitarite|SandStream|Protect,RockSlide,KnockOff,LowKick|Adamant||M|||50|]Mamoswine||LifeOrb|Oblivious|Protect,HighHorsepower,RockSlide,IceShard|Adamant||F|||50|\n|showteam|p2|Froslass||Froslassite|SnowCloak|Blizzard,ShadowBall,AuroraVeil,Protect|Timid||F|||50|]Whimsicott||FocusSash|Prankster|Moonblast,GrassKnot,Encore,Tailwind|Timid||M|||50|]Sneasler||WhiteHerb|Unburden|DireClaw,CloseCombat,RockSlide,FakeOut|Jolly||M|||50|]Kingambit||ChopleBerry|Defiant|KowtowCleave,SuckerPunch,LowKick,IronHead|Adamant||F|||50|]Basculegion||LifeOrb|Adaptability|WaveCrash,LastRespects,AquaJet,Protect|Adamant||M|||50|]Dragonite||Dragoninite|InnerFocus|DragonPulse,HeatWave,Thunderbolt,Protect|Modest||M|||50|\n|\n|t:|1788174378\n|teamsize|p1|4\n|teamsize|p2|4\n|start\n|switch|p1a: Whimsicott|Whimsicott, L50, M, shiny|100/100\n|switch|p1b: Mamoswine|Mamoswine, L50, F|100/100\n|switch|p2a: Whimsicott|Whimsicott, L50, M|100/100\n|switch|p2b: Basculegion|Basculegion, L50, M|100/100\n|turn|1\n|\n|t:|1788174396\n|move|p1b: Mamoswine|Protect|p1b: Mamoswine\n|-singleturn|p1b: Mamoswine|Protect\n|move|p2a: Whimsicott|Tailwind|p2a: Whimsicott\n|-sidestart|p2: Amphbros4Ever|move: Tailwind\n|move|p2b: Basculegion|Wave Crash|p1b: Mamoswine\n|-activate|p1b: Mamoswine|move: Protect\n|move|p1a: Whimsicott|Moonblast|p2b: Basculegion\n|-damage|p2b: Basculegion|62/100\n|\n|upkeep\n|turn|2\n|\n|t:|1788174443\n|switch|p1b: Venusaur|Venusaur, L50, M, shiny|100/100\n|move|p2a: Whimsicott|Encore|p1a: Whimsicott\n|-start|p1a: Whimsicott|Encore\n|move|p2b: Basculegion|Wave Crash|p1b: Venusaur\n|-resisted|p1b: Venusaur|1\n|-damage|p1b: Venusaur|30/100\n|-damage|p2b: Basculegion|43/100|[from] Recoil\n|-damage|p2b: Basculegion|33/100|[from] item: Life Orb\n|move|p1a: Whimsicott|Moonblast|p2a: Whimsicott\n|-damage|p2a: Whimsicott|40/100\n|\n|upkeep\n|turn|3\n|\n|t:|1788174472\n|move|p1b: Venusaur|Protect|p1b: Venusaur\n|-singleturn|p1b: Venusaur|Protect\n|move|p2a: Whimsicott|Moonblast|p1a: Whimsicott\n|-damage|p1a: Whimsicott|42/100\n|move|p2b: Basculegion|Wave Crash|p1b: Venusaur\n|-activate|p1b: Venusaur|move: Protect\n|move|p1a: Whimsicott|Moonblast|p2b: Basculegion\n|-damage|p2b: Basculegion|0 fnt\n|faint|p2b: Basculegion\n|\n|upkeep\n|\n|t:|1788174481\n|switch|p2b: Dragonite|Dragonite, L50, M|100/100\n|turn|4\n|\n|t:|1788174491\n|switch|p1b: Tyranitar|Tyranitar, L50, M|100/100\n|-weather|Sandstorm|[from] ability: Sand Stream|[of] p1b: Tyranitar\n|detailschange|p2b: Dragonite|Dragonite-Mega, L50, M\n|-mega|p2b: Dragonite|Dragonite|Dragoninite\n|move|p2a: Whimsicott|Moonblast|p1a: Whimsicott\n|-damage|p1a: Whimsicott|0 fnt\n|faint|p1a: Whimsicott\n|move|p2b: Dragonite|Heat Wave|p1b: Tyranitar\n|-resisted|p1b: Tyranitar|1\n|-damage|p1b: Tyranitar|88/100\n|\n|-weather|Sandstorm|[upkeep]\n|-damage|p2a: Whimsicott|35/100|[from] Sandstorm\n|-damage|p2b: Dragonite|94/100|[from] Sandstorm\n|-sideend|p2: Amphbros4Ever|move: Tailwind\n|upkeep\n|\n|t:|1788174505\n|switch|p1a: Mamoswine|Mamoswine, L50, F|100/100\n|turn|5\n|\n|t:|1788174520\n|detailschange|p1b: Tyranitar|Tyranitar-Mega, L50, M\n|-mega|p1b: Tyranitar|Tyranitar|Tyranitarite\n|move|p2b: Dragonite|Protect|p2b: Dragonite\n|-singleturn|p2b: Dragonite|Protect\n|move|p1a: Mamoswine|Ice Shard|p2a: Whimsicott\n|-supereffective|p2a: Whimsicott|1\n|-damage|p2a: Whimsicott|0 fnt\n|faint|p2a: Whimsicott\n|-damage|p1a: Mamoswine|90/100|[from] item: Life Orb\n|move|p1b: Tyranitar|Rock Slide|p2b: Dragonite\n|-activate|p2b: Dragonite|move: Protect\n|\n|-weather|Sandstorm|[upkeep]\n|-damage|p2b: Dragonite|88/100|[from] Sandstorm\n|upkeep\n|\n|t:|1788174525\n|switch|p2a: Sneasler|Sneasler, L50, M|100/100\n|turn|6\n|\n|t:|1788174545\n|move|p1a: Mamoswine|Protect|p1a: Mamoswine\n|-singleturn|p1a: Mamoswine|Protect\n|move|p2a: Sneasler|Close Combat|p1b: Tyranitar\n|-supereffective|p1b: Tyranitar|2\n|-damage|p1b: Tyranitar|0 fnt\n|-unboost|p2a: Sneasler|def|1\n|-unboost|p2a: Sneasler|spd|1\n|faint|p1b: Tyranitar\n|-enditem|p2a: Sneasler|White Herb\n|-clearnegativeboost|p2a: Sneasler|[silent]\n|move|p2b: Dragonite|Heat Wave|p1a: Mamoswine\n|-activate|p1a: Mamoswine|move: Protect\n|\n|-weather|Sandstorm|[upkeep]\n|-damage|p2a: Sneasler|94/100|[from] Sandstorm\n|-damage|p2b: Dragonite|82/100|[from] Sandstorm\n|upkeep\n|\n|t:|1788174559\n|switch|p1b: Venusaur|Venusaur, L50, M, shiny|30/100\n|turn|7\n|\n|t:|1788174585\n|move|p2b: Dragonite|Protect|p2b: Dragonite\n|-singleturn|p2b: Dragonite|Protect\n|move|p1a: Mamoswine|Ice Shard|p2b: Dragonite\n|-activate|p2b: Dragonite|move: Protect\n|move|p2a: Sneasler|Close Combat|p1a: Mamoswine\n|-supereffective|p1a: Mamoswine|1\n|-damage|p1a: Mamoswine|0 fnt\n|-unboost|p2a: Sneasler|def|1\n|-unboost|p2a: Sneasler|spd|1\n|faint|p1a: Mamoswine\n|move|p1b: Venusaur|Sleep Powder|p2a: Sneasler\n|-status|p2a: Sneasler|slp|[from] move: Sleep Powder\n|\n|-weather|Sandstorm|[upkeep]\n|-damage|p2a: Sneasler|88/100 slp|[from] Sandstorm\n|-damage|p2b: Dragonite|76/100|[from] Sandstorm\n|-damage|p1b: Venusaur|24/100|[from] Sandstorm\n|upkeep\n|turn|8\n|\n|t:|1788174602\n|cant|p2a: Sneasler|slp\n|move|p2b: Dragonite|Dragon Pulse|p1b: Venusaur\n|-damage|p1b: Venusaur|0 fnt\n|faint|p1b: Venusaur\n|\n|win|Amphbros4Ever\n|raw|CaratroncoSun's rating: 1370 &rarr; <strong>1354</strong><br />(-16 for losing)\n|raw|Amphbros4Ever's rating: 1433 &rarr; <strong>1449</strong><br />(+16 for winning)\n","uploadtime":1788174602,"views":"0","formatid":"gen9championsvgc2026regmbbo3","rating":1354,"private":0,"password":null}