{"id":"gen9championsvgc2026regmb-2673907193","format":"[Gen 9 Champions] VGC 2026 Reg M-B","players":["Mameon","FinniganGoldcoin"],"log":"|j|☆Mameon\n|j|☆FinniganGoldcoin\n|t:|1788275676\n|gametype|doubles\n|player|p1|Mameon|ethan|1385\n|player|p2|FinniganGoldcoin|proton|1382\n|gen|9\n|tier|[Gen 9 Champions] VGC 2026 Reg M-B\n|rated|\n|rule|Species Clause: Limit one of each Pokémon\n|rule|Item Clause: Limit 1 of each item\n|clearpoke\n|poke|p1|Staraptor, L50, M|\n|poke|p1|Farigiraf, L50, F|\n|poke|p1|Tyranitar, L50, M|\n|poke|p1|Whimsicott, L50, F|\n|poke|p1|Excadrill, L50, M|\n|poke|p1|Gholdengo, L50|\n|poke|p2|Vivillon-Fancy, L50, F|\n|poke|p2|Swampert, L50, F|\n|poke|p2|Archaludon, L50, F|\n|poke|p2|Incineroar, L50, M|\n|poke|p2|Gengar, L50, M|\n|poke|p2|Politoed, L50, F|\n|teampreview|4\n|\n|t:|1788275702\n|teamsize|p1|4\n|teamsize|p2|4\n|start\n|switch|p1a: Staraptor|Staraptor, L50, M|100/100\n|switch|p1b: Farigiraf|Farigiraf, L50, F|100/100\n|switch|p2a: Vivillon|Vivillon-Fancy, L50, F|100/100\n|switch|p2b: Swampert|Swampert, L50, F|100/100\n|-ability|p1a: Staraptor|Intimidate|boost\n|-unboost|p2a: Vivillon|atk|1\n|-unboost|p2b: Swampert|atk|1\n|turn|1\n|\n|t:|1788275732\n|detailschange|p1a: Staraptor|Staraptor-Mega, L50, M\n|-mega|p1a: Staraptor|Staraptor|Staraptite\n|detailschange|p2b: Swampert|Swampert-Mega, L50, F\n|-mega|p2b: Swampert|Swampert|Swampertite\n|move|p1a: Staraptor|Protect|p1a: Staraptor\n|-singleturn|p1a: Staraptor|Protect\n|move|p2a: Vivillon|Sleep Powder|p1b: Farigiraf\n|-status|p1b: Farigiraf|slp|[from] move: Sleep Powder\n|move|p2b: Swampert|Ice Punch|p1a: Staraptor\n|-activate|p1a: Staraptor|move: Protect\n|cant|p1b: Farigiraf|slp\n|\n|upkeep\n|turn|2\n|\n|t:|1788275757\n|switch|p1a: Gholdengo|Gholdengo, L50|100/100\n|switch|p2b: Archaludon|Archaludon, L50, F|100/100\n|move|p2a: Vivillon|Sleep Powder|p1a: Gholdengo\n|-immune|p1a: Gholdengo|[from] ability: Good as Gold\n|-curestatus|p1b: Farigiraf|slp|[msg]\n|move|p1b: Farigiraf|Psychic|p2b: Archaludon\n|-resisted|p2b: Archaludon|1\n|-damage|p2b: Archaludon|82/100\n|-ability|p2b: Archaludon|Stamina|boost\n|-boost|p2b: Archaludon|def|1\n|\n|-heal|p2b: Archaludon|88/100|[from] item: Leftovers\n|upkeep\n|turn|3\n|\n|t:|1788275786\n|switch|p2a: Politoed|Politoed, L50, F|100/100\n|-weather|RainDance|[from] ability: Drizzle|[of] p2a: Politoed\n|move|p1a: Gholdengo|Power Gem|p2a: Politoed\n|-damage|p2a: Politoed|71/100\n|-damage|p1a: Gholdengo|90/100|[from] item: Life Orb\n|move|p2b: Archaludon|Electro Shot||[still]\n|-prepare|p2b: Archaludon|Electro Shot\n|-boost|p2b: Archaludon|spa|1\n|-anim|p2b: Archaludon|Electro Shot|p1b: Farigiraf\n|-damage|p1b: Farigiraf|40/100\n|-enditem|p1b: Farigiraf|Sitrus Berry|[eat]\n|-heal|p1b: Farigiraf|65/100|[from] item: Sitrus Berry\n|move|p1b: Farigiraf|Psychic|p2a: Politoed\n|-damage|p2a: Politoed|40/100\n|-enditem|p2a: Politoed|Sitrus Berry|[eat]\n|-heal|p2a: Politoed|65/100|[from] item: Sitrus Berry\n|\n|-weather|RainDance|[upkeep]\n|-heal|p2b: Archaludon|94/100|[from] item: Leftovers\n|upkeep\n|turn|4\n|\n|t:|1788275818\n|switch|p2a: Swampert|Swampert-Mega, L50, F|100/100\n|switch|p1b: Tyranitar|Tyranitar, L50, M|100/100\n|-weather|Sandstorm|[from] ability: Sand Stream|[of] p1b: Tyranitar\n|move|p1a: Gholdengo|Shadow Ball|p2a: Swampert\n|-crit|p2a: Swampert\n|-damage|p2a: Swampert|36/100\n|-damage|p1a: Gholdengo|81/100|[from] item: Life Orb\n|move|p2b: Archaludon|Electro Shot||[still]\n|-prepare|p2b: Archaludon|Electro Shot\n|-boost|p2b: Archaludon|spa|1\n|\n|-weather|Sandstorm|[upkeep]\n|-heal|p2b: Archaludon|100/100|[from] item: Leftovers\n|upkeep\n|turn|5\n|\n|t:|1788275835\n|move|p2a: Swampert|Protect|p2a: Swampert\n|-singleturn|p2a: Swampert|Protect\n|move|p1a: Gholdengo|Shadow Ball|p2a: Swampert\n|-activate|p2a: Swampert|move: Protect\n|move|p2b: Archaludon|Electro Shot|p1a: Gholdengo|[from] lockedmove\n|-damage|p1a: Gholdengo|0 fnt\n|faint|p1a: Gholdengo\n|move|p1b: Tyranitar|Low Kick|p2b: Archaludon\n|-supereffective|p2b: Archaludon|1\n|-damage|p2b: Archaludon|66/100\n|-ability|p2b: Archaludon|Stamina|boost\n|-boost|p2b: Archaludon|def|1\n|\n|-weather|Sandstorm|[upkeep]\n|-heal|p2b: Archaludon|72/100|[from] item: Leftovers\n|upkeep\n|\n|t:|1788275846\n|switch|p1a: Staraptor|Staraptor-Mega, L50, M|100/100\n|turn|6\n|\n|t:|1788275856\n|switch|p2a: Politoed|Politoed, L50, F|65/100\n|-weather|RainDance|[from] ability: Drizzle|[of] p2a: Politoed\n|move|p1a: Staraptor|Close Combat|p2a: Politoed\n|-damage|p2a: Politoed|19/100\n|-boost|p1a: Staraptor|def|1\n|-boost|p1a: Staraptor|spd|1\n|move|p2b: Archaludon|Electro Shot||[still]\n|-prepare|p2b: Archaludon|Electro Shot\n|-boost|p2b: Archaludon|spa|1\n|-anim|p2b: Archaludon|Electro Shot|p1a: Staraptor\n|-supereffective|p1a: Staraptor|1\n|-damage|p1a: Staraptor|0 fnt\n|faint|p1a: Staraptor\n|move|p1b: Tyranitar|Knock Off|p2b: Archaludon\n|-damage|p2b: Archaludon|52/100\n|-ability|p2b: Archaludon|Stamina|boost\n|-boost|p2b: Archaludon|def|1\n|-enditem|p2b: Archaludon|Leftovers|[from] move: Knock Off|[of] p1b: Tyranitar\n|\n|-weather|RainDance|[upkeep]\n|upkeep\n|\n|t:|1788275865\n|switch|p1a: Farigiraf|Farigiraf, L50, F|65/100\n|turn|7\n|\n|t:|1788275884\n|move|p2b: Archaludon|Electro Shot||[still]\n|-prepare|p2b: Archaludon|Electro Shot\n|-boost|p2b: Archaludon|spa|1\n|-anim|p2b: Archaludon|Electro Shot|p1a: Farigiraf\n|-damage|p1a: Farigiraf|0 fnt\n|faint|p1a: Farigiraf\n|move|p2a: Politoed|Weather Ball|p1b: Tyranitar\n|-supereffective|p1b: Tyranitar|1\n|-damage|p1b: Tyranitar|21/100\n|move|p1b: Tyranitar|Low Kick|p2b: Archaludon\n|-supereffective|p2b: Archaludon|1\n|-damage|p2b: Archaludon|34/100\n|-ability|p2b: Archaludon|Stamina|boost\n|-boost|p2b: Archaludon|def|1\n|\n|-weather|RainDance|[upkeep]\n|upkeep\n|turn|8\n|\n|t:|1788275899\n|move|p2b: Archaludon|Electro Shot||[still]\n|-prepare|p2b: Archaludon|Electro Shot\n|-boost|p2b: Archaludon|spa|1\n|-anim|p2b: Archaludon|Electro Shot|p1b: Tyranitar\n|-damage|p1b: Tyranitar|0 fnt\n|faint|p1b: Tyranitar\n|\n|win|FinniganGoldcoin\n|raw|Mameon's rating: 1385 &rarr; <strong>1365</strong><br />(-20 for losing)\n|raw|FinniganGoldcoin's rating: 1382 &rarr; <strong>1402</strong><br />(+20 for winning)\n","uploadtime":1788275914,"views":"1","formatid":"gen9championsvgc2026regmb","rating":1365,"private":0,"password":null}