{"id":"gen9championsvgc2026regmbbo3-2673925074","format":"[Gen 9 Champions] VGC 2026 Reg M-B (Bo3)","players":["food14","fritznader002"],"log":"|j|☆food14\n|j|☆fritznader002\n|html|<table width=\"100%\"><tr><td align=\"left\">food14</td><td align=\"right\">fritznader002</tr><tr><td align=\"left\"><i class=\"fa fa-circle-o\"></i> <i class=\"fa fa-circle-o\"></i> </td><td align=\"right\"><i class=\"fa fa-circle-o\"></i> <i class=\"fa fa-circle-o\"></i> </tr></table>\n|uhtml|bestof|<h2><strong>Game 1</strong> of <a href=\"/game-bestof3-gen9championsvgc2026regmbbo3-2673925073\">a best-of-3</a></h2>\n|t:|1788277813\n|gametype|doubles\n|player|p1|food14|preschooler|1088\n|player|p2|fritznader002|169|1145\n|gen|9\n|tier|[Gen 9 Champions] VGC 2026 Reg M-B (Bo3)\n|rated|\n|rule|Species Clause: Limit one of each Pokémon\n|rule|Item Clause: Limit 1 of each item\n|clearpoke\n|poke|p1|Dragonite, L50, F|\n|poke|p1|Scovillain, L50, M|\n|poke|p1|Kingambit, L50, F|\n|poke|p1|Garchomp, L50, F|\n|poke|p1|Sneasler, L50, M|\n|poke|p1|Basculegion, L50, M|\n|poke|p2|Staraptor, L50, F, shiny|\n|poke|p2|Arcanine-Hisui, L50, M, shiny|\n|poke|p2|Kingambit, L50, M, shiny|\n|poke|p2|Sylveon, L50, M, shiny|\n|poke|p2|Raichu, L50, M, shiny|\n|poke|p2|Farigiraf, L50, M, shiny|\n|teampreview|4\n|showteam|p1|Dragonite||Dragoninite|Multiscale|DragonPulse,HeatWave,ExtremeSpeed,Protect|Modest||F|||50|]Scovillain||Scovillainite|Moody|Overheat,GigaDrain,RagePowder,Protect|Bold||M|||50|]Kingambit||LifeOrb|Defiant|KowtowCleave,IronHead,Protect,SuckerPunch|Adamant||F|||50|]Garchomp||ChoiceScarf|RoughSkin|Earthquake,StompingTantrum,DragonClaw,RockSlide|Adamant||F|||50|]Sneasler||WhiteHerb|Unburden|CloseCombat,DireClaw,FakeOut,ToxicSpikes|Jolly||M|||50|]Basculegion||MysticWater|Adaptability|WaveCrash,AquaJet,LastRespects,Protect|Jolly||M|||50|\n|showteam|p2|Staraptor||Staraptite|Intimidate|DualWingbeat,CloseCombat,Tailwind,Protect|Jolly||F|||50|]Arcanine-Hisui||FocusSash|RockHead|FlareBlitz,HeadSmash,ExtremeSpeed,Protect|Jolly||M|||50|]Kingambit||LifeOrb|Defiant|KowtowCleave,SuckerPunch,SwordsDance,Protect|Adamant||M|||50|]Sylveon||FairyFeather|Pixilate|HyperVoice,HyperBeam,QuickAttack,Detect|Modest||M|||50|]Raichu||RaichuniteY|LightningRod|ZapCannon,FocusBlast,FakeOut,Protect|Timid||M|||50|]Farigiraf||SitrusBerry|ArmorTail|Psychic,HelpingHand,TrickRoom,Protect|Calm||M|||50|\n|\n|t:|1788277855\n|teamsize|p1|4\n|teamsize|p2|4\n|start\n|switch|p1a: Kingambit|Kingambit, L50, F|100/100\n|switch|p1b: Scovillain|Scovillain, L50, M|100/100\n|switch|p2a: Fridge|Farigiraf, L50, M, shiny|100/100\n|switch|p2b: Big Chu|Raichu, L50, M, shiny|100/100\n|turn|1\n|\n|t:|1788277900\n|switch|p2a: Sadie Sink|Sylveon, L50, M, shiny|100/100\n|detailschange|p2b: Big Chu|Raichu-Mega-Y, L50, M, shiny\n|-mega|p2b: Big Chu|Raichu|Raichunite Y\n|move|p1a: Kingambit|Protect|p1a: Kingambit\n|-singleturn|p1a: Kingambit|Protect\n|move|p2b: Big Chu|Fake Out|p1a: Kingambit\n|-activate|p1a: Kingambit|move: Protect\n|move|p1b: Scovillain|Giga Drain|p2a: Sadie Sink\n|-damage|p2a: Sadie Sink|77/100\n|\n|-ability|p1b: Scovillain|Moody|boost\n|-boost|p1b: Scovillain|spa|2\n|-unboost|p1b: Scovillain|spd|1\n|upkeep\n|turn|2\n|\n|t:|1788277921\n|detailschange|p1b: Scovillain|Scovillain-Mega, L50, M\n|-mega|p1b: Scovillain|Scovillain|Scovillainite\n|move|p1b: Scovillain|Rage Powder|p1b: Scovillain\n|-singleturn|p1b: Scovillain|move: Rage Powder\n|move|p2b: Big Chu|Focus Blast|p1b: Scovillain\n|-damage|p1b: Scovillain|39/100\n|-unboost|p1b: Scovillain|spd|1\n|-status|p2b: Big Chu|brn|[from] ability: Spicy Spray|[of] p1b: Scovillain\n|move|p2a: Sadie Sink|Hyper Voice|p1b: Scovillain|[spread] p1a,p1b\n|-resisted|p1b: Scovillain|1\n|-damage|p1a: Kingambit|57/100\n|-damage|p1b: Scovillain|0 fnt\n|-status|p2a: Sadie Sink|brn|[from] ability: Spicy Spray|[of] p1b: Scovillain\n|faint|p1b: Scovillain\n|move|p1a: Kingambit|Kowtow Cleave|p2b: Big Chu\n|-damage|p2b: Big Chu|0 fnt\n|faint|p2b: Big Chu\n|-damage|p1a: Kingambit|48/100|[from] item: Life Orb\n|\n|-damage|p2a: Sadie Sink|71/100 brn|[from] brn\n|upkeep\n|\n|t:|1788277942\n|switch|p2b: Fridge|Farigiraf, L50, M, shiny|100/100\n|switch|p1b: Sneasler|Sneasler, L50, M|100/100\n|turn|3\n|\n|t:|1788277975\n|switch|p2b: WrathofKhan|Kingambit, L50, M, shiny|100/100\n|move|p2a: Sadie Sink|Detect|p2a: Sadie Sink\n|-singleturn|p2a: Sadie Sink|Protect\n|move|p1b: Sneasler|Dire Claw|p2a: Sadie Sink\n|-activate|p2a: Sadie Sink|move: Protect\n|move|p1a: Kingambit|Kowtow Cleave|p2b: WrathofKhan\n|-resisted|p2b: WrathofKhan|1\n|-damage|p2b: WrathofKhan|75/100\n|-damage|p1a: Kingambit|38/100|[from] item: Life Orb\n|\n|-damage|p2a: Sadie Sink|65/100 brn|[from] brn\n|upkeep\n|turn|4\n|\n|t:|1788278002\n|switch|p2a: Fridge|Farigiraf, L50, M, shiny|100/100\n|switch|p1a: Garchomp|Garchomp, L50, F|100/100\n|move|p1b: Sneasler|Dire Claw|p2a: Fridge\n|-damage|p2a: Fridge|66/100\n|-status|p2a: Fridge|psn\n|move|p2b: WrathofKhan|Kowtow Cleave|p1a: Garchomp\n|-damage|p1a: Garchomp|37/100\n|-damage|p2b: WrathofKhan|63/100|[from] ability: Rough Skin|[of] p1a: Garchomp\n|-damage|p2b: WrathofKhan|53/100|[from] item: Life Orb\n|\n|-damage|p2a: Fridge|53/100 psn|[from] psn\n|upkeep\n|turn|5\n|\n|t:|1788278027\n|move|p2b: WrathofKhan|Sucker Punch|p1a: Garchomp\n|-damage|p1a: Garchomp|0 fnt\n|-damage|p2b: WrathofKhan|41/100|[from] ability: Rough Skin|[of] p1a: Garchomp\n|faint|p1a: Garchomp\n|-damage|p2b: WrathofKhan|31/100|[from] item: Life Orb\n|move|p1b: Sneasler|Close Combat|p2a: Fridge\n|-damage|p2a: Fridge|0 fnt\n|-unboost|p1b: Sneasler|def|1\n|-unboost|p1b: Sneasler|spd|1\n|faint|p2a: Fridge\n|-enditem|p1b: Sneasler|White Herb\n|-clearnegativeboost|p1b: Sneasler|[silent]\n|\n|upkeep\n|\n|t:|1788278039\n|switch|p1a: Kingambit|Kingambit, L50, F|38/100\n|switch|p2a: Sadie Sink|Sylveon, L50, M, shiny|65/100 brn\n|turn|6\n|\n|t:|1788278059\n|move|p2a: Sadie Sink|Detect|p2a: Sadie Sink\n|-singleturn|p2a: Sadie Sink|Protect\n|move|p1b: Sneasler|Dire Claw|p2a: Sadie Sink\n|-activate|p2a: Sadie Sink|move: Protect\n|move|p2b: WrathofKhan|Kowtow Cleave|p1b: Sneasler\n|-resisted|p1b: Sneasler|1\n|-damage|p1b: Sneasler|48/100\n|-damage|p2b: WrathofKhan|22/100|[from] item: Life Orb\n|move|p1a: Kingambit|Kowtow Cleave|p2b: WrathofKhan\n|-resisted|p2b: WrathofKhan|1\n|-damage|p2b: WrathofKhan|0 fnt\n|faint|p2b: WrathofKhan\n|-damage|p1a: Kingambit|28/100|[from] item: Life Orb\n|\n|-damage|p2a: Sadie Sink|60/100 brn|[from] brn\n|upkeep\n|turn|7\n|\n|t:|1788278076\n|move|p1b: Sneasler|Dire Claw|p2a: Sadie Sink\n|-supereffective|p2a: Sadie Sink|1\n|-damage|p2a: Sadie Sink|0 fnt\n|faint|p2a: Sadie Sink\n|\n|win|food14\n||fritznader002 is ready for game 2.\n||food14 is ready for game 2.\n|uhtml|next|Next: <a href=\"/battle-gen9championsvgc2026regmbbo3-2673927273\"><strong>Game 2 of 3</strong></a>\n","uploadtime":1788278452,"views":"0","formatid":"gen9championsvgc2026regmbbo3","rating":null,"private":0,"password":null}