{"id":"gen9championsvgc2026regmbbo3-2673613267","format":"[Gen 9 Champions] VGC 2026 Reg M-B (Bo3)","players":["AkirCS","saturnineblue"],"log":"|j|☆AkirCS\n|j|☆saturnineblue\n|html|<table width=\"100%\"><tr><td align=\"left\">AkirCS</td><td align=\"right\">saturnineblue</tr><tr><td align=\"left\"><i class=\"fa fa-circle-o\"></i> <i class=\"fa fa-circle-o\"></i> </td><td align=\"right\"><i class=\"fa fa-circle-o\"></i> <i class=\"fa fa-circle-o\"></i> </tr></table>\n|uhtml|bestof|<h2><strong>Game 1</strong> of <a href=\"/game-bestof3-gen9championsvgc2026regmbbo3-2673613266\">a best-of-3</a></h2>\n|t:|1788221343\n|gametype|doubles\n|player|p1|AkirCS|pryce|\n|player|p2|saturnineblue|melli|\n|gen|9\n|tier|[Gen 9 Champions] VGC 2026 Reg M-B (Bo3)\n|rule|Species Clause: Limit one of each Pokémon\n|rule|Item Clause: Limit 1 of each item\n|raw|<div class=\"infobox\"><details class=\"readmore\" open><summary><strong>1 custom rule:</strong></summary> !Force Open Team Sheets</details></div>\n|clearpoke\n|poke|p1|Basculegion, L50, M|\n|poke|p1|Kingambit, L50, F|\n|poke|p1|Pelipper, L50, M|\n|poke|p1|Grimmsnarl, L50, M|\n|poke|p1|Gardevoir, L50, M|\n|poke|p1|Emboar, L50, F|\n|poke|p2|Glimmora, L50, M|\n|poke|p2|Dragapult, L50, M, shiny|\n|poke|p2|Scovillain, L50, M, shiny|\n|poke|p2|Tinkaton, L50, F|\n|poke|p2|Meowscarada, L50, M, shiny|\n|poke|p2|Meowstic, L50, M|\n|teampreview|4\n|inactive|Battle timer is ON: inactive players will automatically lose when time's up. (requested by AkirCS)\n|inactive|AkirCS has 60 seconds left.\n|inactive|AkirCS has 30 seconds left.\n|inactive|AkirCS has 20 seconds left.\n|\n|t:|1788221416\n|teamsize|p1|4\n|teamsize|p2|4\n|start\n|switch|p1a: PRESS F|Basculegion, L50, M|100/100\n|switch|p1b: Grimace Shake|Grimmsnarl, L50, M|100/100\n|switch|p2a: Salt & Pepper|Scovillain, L50, M, shiny|100/100\n|switch|p2b: The Tinker|Tinkaton, L50, F|100/100\n|-ability|p2b: The Tinker|Mold Breaker\n|turn|1\n|inactive|AkirCS has 30 seconds left.\n|\n|t:|1788221450\n|switch|p1a: We Cringe On|Kingambit, L50, F|100/100\n|detailschange|p2a: Salt & Pepper|Scovillain-Mega, L50, M, shiny\n|-mega|p2a: Salt & Pepper|Scovillain|Scovillainite\n|move|p2b: The Tinker|Fake Out|p1b: Grimace Shake\n|-damage|p1b: Grimace Shake|91/100\n|cant|p1b: Grimace Shake|flinch\n|move|p2a: Salt & Pepper|Giga Drain|p1a: We Cringe On\n|-resisted|p1a: We Cringe On|1\n|-damage|p1a: We Cringe On|82/100\n|\n|upkeep\n|turn|2\n|inactive|AkirCS has 30 seconds left.\n|inactive|AkirCS has 20 seconds left.\n|inactive|AkirCS has 15 seconds left.\n|inactive|AkirCS has 10 seconds left.\n|\n|t:|1788221496\n|-end|p1a: We Cringe On|fallenundefined|[silent]\n|switch|p1a: 99 Magic|Gardevoir, L50, M|100/100\n|move|p1b: Grimace Shake|Taunt|p2a: Salt & Pepper\n|-start|p2a: Salt & Pepper|move: Taunt\n|move|p2b: The Tinker|Gigaton Hammer|p1b: Grimace Shake\n|-supereffective|p1b: Grimace Shake|1\n|-damage|p1b: Grimace Shake|0 fnt\n|faint|p1b: Grimace Shake\n|move|p2a: Salt & Pepper|Flamethrower|p1a: 99 Magic\n|-damage|p1a: 99 Magic|60/100\n|\n|upkeep\n|\n|t:|1788221501\n|switch|p1b: PRESS F|Basculegion, L50, M|100/100\n|turn|3\n|inactive|AkirCS has 30 seconds left.\n|\n|t:|1788221527\n|switch|p2b: Kit Kat|Meowscarada, L50, M, shiny|100/100\n|detailschange|p1a: 99 Magic|Gardevoir-Mega, L50, M\n|-mega|p1a: 99 Magic|Gardevoir|Gardevoirite\n|move|p1b: PRESS F|Flip Turn|p2b: Kit Kat\n|-resisted|p2b: Kit Kat|1\n|-damage|p2b: Kit Kat|66/100\n|\n|t:|1788221531\n|switch|p1b: We Cringe On|Kingambit, L50, F|82/100|[from] Flip Turn\n|-activate|p1b: We Cringe On|ability: Supreme Overlord\n|-start|p1b: We Cringe On|fallen1|[silent]\n|move|p1a: 99 Magic|Psyshock|p2a: Salt & Pepper\n|-damage|p2a: Salt & Pepper|47/100\n|-status|p1a: 99 Magic|brn|[from] ability: Spicy Spray|[of] p2a: Salt & Pepper\n|move|p2a: Salt & Pepper|Giga Drain|p1b: We Cringe On\n|-resisted|p1b: We Cringe On|1\n|-damage|p1b: We Cringe On|65/100\n|-heal|p2a: Salt & Pepper|56/100|[from] drain|[of] p1b: We Cringe On\n|\n|-damage|p1a: 99 Magic|54/100 brn|[from] brn\n|upkeep\n|turn|4\n|inactive|AkirCS has 30 seconds left.\n|inactive|saturnineblue has 30 seconds left.\n|inactive|AkirCS has 20 seconds left.\n|inactive|AkirCS has 15 seconds left.\n|\n|t:|1788221576\n|move|p1a: 99 Magic|Protect|p1a: 99 Magic\n|-singleturn|p1a: 99 Magic|Protect\n|move|p1b: We Cringe On|Sucker Punch|p2b: Kit Kat\n|-resisted|p2b: Kit Kat|1\n|-damage|p2b: Kit Kat|28/100\n|move|p2b: Kit Kat|Brick Break|p1b: We Cringe On\n|-start|p2b: Kit Kat|typechange|Fighting|[from] ability: Protean\n|-supereffective|p1b: We Cringe On|2\n|-enditem|p1b: We Cringe On|Chople Berry|[eat]\n|-enditem|p1b: We Cringe On|Chople Berry|[weaken]\n|-damage|p1b: We Cringe On|6/100\n|move|p2a: Salt & Pepper|Giga Drain|p1a: 99 Magic\n|-activate|p1a: 99 Magic|move: Protect\n|\n|-damage|p1a: 99 Magic|48/100 brn|[from] brn\n|-end|p2a: Salt & Pepper|move: Taunt\n|upkeep\n|turn|5\n|inactive|AkirCS has 30 seconds left.\n|\n|t:|1788221609\n|move|p2a: Salt & Pepper|Rage Powder|p2a: Salt & Pepper\n|-singleturn|p2a: Salt & Pepper|move: Rage Powder\n|move|p2b: Kit Kat|Sucker Punch|p1b: We Cringe On\n|-resisted|p1b: We Cringe On|1\n|-damage|p1b: We Cringe On|0 fnt\n|faint|p1b: We Cringe On\n|-end|p1b: We Cringe On|fallen1|[silent]\n|move|p1a: 99 Magic|Hyper Voice|p2b: Kit Kat|[spread] p2a,p2b\n|-resisted|p2a: Salt & Pepper|1\n|-supereffective|p2b: Kit Kat|1\n|-damage|p2a: Salt & Pepper|27/100\n|-damage|p2b: Kit Kat|0 fnt\n|faint|p2b: Kit Kat\n|\n|-damage|p1a: 99 Magic|42/100 brn|[from] brn\n|upkeep\n|\n|t:|1788221620\n|switch|p2b: Oh Wyrm?|Dragapult, L50, M, shiny|100/100\n|switch|p1b: PRESS F|Basculegion, L50, M|100/100\n|turn|6\n|inactive|AkirCS has 30 seconds left.\n|inactive|AkirCS has 20 seconds left.\n|\n|t:|1788221655\n|move|p2b: Oh Wyrm?|Hex|p1a: 99 Magic\n|-supereffective|p1a: 99 Magic|1\n|-damage|p1a: 99 Magic|0 fnt\n|faint|p1a: 99 Magic\n|-damage|p2b: Oh Wyrm?|90/100|[from] item: Life Orb\n|move|p1b: PRESS F|Last Respects|p2b: Oh Wyrm?\n|-supereffective|p2b: Oh Wyrm?|1\n|-damage|p2b: Oh Wyrm?|0 fnt\n|faint|p2b: Oh Wyrm?\n|move|p2a: Salt & Pepper|Giga Drain|p1b: PRESS F\n|-supereffective|p1b: PRESS F|1\n|-damage|p1b: PRESS F|25/100\n|-heal|p2a: Salt & Pepper|70/100|[from] drain|[of] p1b: PRESS F\n|\n|upkeep\n|\n|t:|1788221667\n|switch|p2b: The Tinker|Tinkaton, L50, F|100/100\n|-ability|p2b: The Tinker|Mold Breaker\n|turn|7\n|\n|t:|1788221678\n|move|p2a: Salt & Pepper|Rage Powder|p2a: Salt & Pepper\n|-singleturn|p2a: Salt & Pepper|move: Rage Powder\n|move|p1b: PRESS F|Last Respects|p2a: Salt & Pepper\n|-damage|p2a: Salt & Pepper|0 fnt\n|-status|p1b: PRESS F|brn|[from] ability: Spicy Spray|[of] p2a: Salt & Pepper\n|faint|p2a: Salt & Pepper\n|move|p2b: The Tinker|Play Rough|p1b: PRESS F\n|-crit|p1b: PRESS F\n|-damage|p1b: PRESS F|0 fnt\n|faint|p1b: PRESS F\n|\n|win|saturnineblue\n||saturnineblue is ready for game 2.\n|inactive|AkirCS has 30 seconds to confirm battle start!\n||AkirCS is ready for game 2.\n|uhtml|next|Next: <a href=\"/battle-gen9championsvgc2026regmbbo3-2673615503\"><strong>Game 2 of 3</strong></a>\n","uploadtime":1788221687,"views":"16","formatid":"gen9championsvgc2026regmbbo3","rating":null,"private":0,"password":null}