{"id":"gen9championsvgc2026regmbbo3-2673527617","format":"[Gen 9 Champions] VGC 2026 Reg M-B (Bo3)","players":["ANightmareProbably","UwJU"],"log":"|j|☆ANightmareProbably\n|j|☆UwJU\n|html|<table width=\"100%\"><tr><td align=\"left\">ANightmareProbably</td><td align=\"right\">UwJU</tr><tr><td align=\"left\"><i class=\"fa fa-circle\"></i> <i class=\"fa fa-circle-o\"></i> </td><td align=\"right\"><i class=\"fa fa-circle-o\"></i> <i class=\"fa fa-circle\"></i> </tr></table>\n|uhtml|bestof|<h2><strong>Game 3</strong> of <a href=\"/game-bestof3-gen9championsvgc2026regmbbo3-2673523417\">a best-of-3</a></h2>\n|t:|1788208774\n|gametype|doubles\n|player|p1|ANightmareProbably|169|1094\n|player|p2|UwJU|1|1000\n|gen|9\n|tier|[Gen 9 Champions] VGC 2026 Reg M-B (Bo3)\n|rated|\n|rule|Species Clause: Limit one of each Pokémon\n|rule|Item Clause: Limit 1 of each item\n|clearpoke\n|poke|p1|Furfrou, L50, M, shiny|\n|poke|p1|Staraptor, L50, F|\n|poke|p1|Aerodactyl, L50, F|\n|poke|p1|Gholdengo, L50|\n|poke|p1|Vanilluxe, L50, F, shiny|\n|poke|p1|Garchomp, L50, M|\n|poke|p2|Staraptor, L50, F|\n|poke|p2|Gholdengo, L50|\n|poke|p2|Whimsicott, L50, M|\n|poke|p2|Floette-Eternal, L50, F|\n|poke|p2|Garchomp, L50, F|\n|poke|p2|Glimmora, L50, M|\n|teampreview|4\n|showteam|p1|Furfrou||ChopleBerry|FurCoat|SuckerPunch,Charm,HelpingHand,PsychicFangs|Adamant||M|||50|]Staraptor||Staraptite|Intimidate|BraveBird,CloseCombat,Uturn,Protect|Adamant||F|||50|]Aerodactyl||FocusSash|Unnerve|RockSlide,WideGuard,Protect,Tailwind|Jolly||F|||50|]Gholdengo||LifeOrb|GoodasGold|Protect,ShadowBall,MakeItRain,PowerGem|Modest|||||50|]Vanilluxe||NeverMeltIce|SnowWarning|Blizzard,FreezeDry,Protect,IceShard|Modest||F|||50|]Garchomp||ChoiceScarf|RoughSkin|DragonClaw,Earthquake,RockSlide,StompingTantrum|Adamant||M|||50|\n|showteam|p2|Staraptor||Staraptite|Intimidate|Protect,CloseCombat,BraveBird,Roost|Adamant||F|||50|]Gholdengo||LifeOrb|GoodasGold|Protect,MakeItRain,ShadowBall,NastyPlot|Timid|||||50|]Whimsicott||FairyFeather|Prankster|Moonblast,Tailwind,Encore,Charm|Timid||M|||50|]Floette-Eternal||Floettite|FlowerVeil|Protect,DazzlingGleam,Moonblast,LightofRuin|Timid||F|||50|]Garchomp||SitrusBerry|RoughSkin|Protect,StompingTantrum,RockSlide,DragonClaw|Jolly||F|||50|]Glimmora||FocusSash|ToxicDebris|SpikyShield,SludgeBomb,EarthPower,PowerGem|Timid||M|||50|\n|\n|t:|1788208803\n|teamsize|p1|4\n|teamsize|p2|4\n|start\n|switch|p1a: Vanilluxe|Vanilluxe, L50, F, shiny|100/100\n|switch|p1b: Aerodactyl|Aerodactyl, L50, F|100/100\n|switch|p2a: Whimsicott|Whimsicott, L50, M|100/100\n|switch|p2b: Glimmora|Glimmora, L50, M|100/100\n|-ability|p1b: Aerodactyl|Unnerve\n|-weather|Snowscape|[from] ability: Snow Warning|[of] p1a: Vanilluxe\n|turn|1\n|\n|t:|1788208823\n|move|p2a: Whimsicott|Tailwind|p2a: Whimsicott\n|-sidestart|p2: UwJU|move: Tailwind\n|move|p2b: Glimmora|Power Gem|p1a: Vanilluxe\n|-supereffective|p1a: Vanilluxe|1\n|-damage|p1a: Vanilluxe|7/100\n|move|p1b: Aerodactyl|Tailwind|p1b: Aerodactyl\n|-sidestart|p1: ANightmareProbably|move: Tailwind\n|move|p1a: Vanilluxe|Blizzard|p2b: Glimmora|[spread] p2a,p2b\n|-supereffective|p2a: Whimsicott|1\n|-damage|p2a: Whimsicott|0 fnt\n|-damage|p2b: Glimmora|32/100\n|faint|p2a: Whimsicott\n|\n|-weather|Snowscape|[upkeep]\n|upkeep\n|\n|t:|1788208835\n|switch|p2a: Staraptor|Staraptor, L50, F|100/100\n|-ability|p2a: Staraptor|Intimidate|boost\n|-unboost|p1a: Vanilluxe|atk|1\n|-unboost|p1b: Aerodactyl|atk|1\n|turn|2\n|\n|t:|1788208850\n|detailschange|p2a: Staraptor|Staraptor-Mega, L50, F\n|-mega|p2a: Staraptor|Staraptor|Staraptite\n|move|p1a: Vanilluxe|Protect|p1a: Vanilluxe\n|-singleturn|p1a: Vanilluxe|Protect\n|move|p1b: Aerodactyl|Rock Slide|p2a: Staraptor|[spread] p2a,p2b\n|-damage|p2a: Staraptor|81/100\n|-damage|p2b: Glimmora|10/100\n|-activate|p2b: Glimmora|ability: Toxic Debris\n|-sidestart|p1: ANightmareProbably|move: Toxic Spikes\n|move|p2a: Staraptor|Close Combat|p1b: Aerodactyl\n|-enditem|p1b: Aerodactyl|Focus Sash\n|-damage|p1b: Aerodactyl|1/100\n|-boost|p2a: Staraptor|def|1\n|-boost|p2a: Staraptor|spd|1\n|move|p2b: Glimmora|Power Gem|p1a: Vanilluxe\n|-activate|p1a: Vanilluxe|move: Protect\n|\n|-weather|Snowscape|[upkeep]\n|upkeep\n|turn|3\n|\n|t:|1788208878\n|move|p2a: Staraptor|Protect|p2a: Staraptor\n|-singleturn|p2a: Staraptor|Protect\n|move|p2b: Glimmora|Spiky Shield|p2b: Glimmora\n|-singleturn|p2b: Glimmora|move: Protect\n|move|p1a: Vanilluxe|Ice Shard|p2b: Glimmora\n|-activate|p2b: Glimmora|move: Protect\n|move|p1b: Aerodactyl|Rock Slide|p2a: Staraptor|[spread] \n|-activate|p2a: Staraptor|move: Protect\n|-activate|p2b: Glimmora|move: Protect\n|\n|-weather|Snowscape|[upkeep]\n|upkeep\n|turn|4\n|\n|t:|1788208896\n|move|p1b: Aerodactyl|Protect|p1b: Aerodactyl\n|-singleturn|p1b: Aerodactyl|Protect\n|move|p2b: Glimmora|Spiky Shield||[still]\n|-fail|p2b: Glimmora\n|move|p1a: Vanilluxe|Protect|p1a: Vanilluxe\n|-singleturn|p1a: Vanilluxe|Protect\n|move|p2a: Staraptor|Close Combat|p1b: Aerodactyl\n|-activate|p1b: Aerodactyl|move: Protect\n|\n|-weather|Snowscape|[upkeep]\n|-sideend|p1: ANightmareProbably|move: Tailwind\n|-sideend|p2: UwJU|move: Tailwind\n|upkeep\n|turn|5\n|\n|t:|1788208914\n|move|p2b: Glimmora|Spiky Shield|p2b: Glimmora\n|-singleturn|p2b: Glimmora|move: Protect\n|move|p1b: Aerodactyl|Tailwind|p1b: Aerodactyl\n|-sidestart|p1: ANightmareProbably|move: Tailwind\n|move|p1a: Vanilluxe|Blizzard|p2b: Glimmora|[spread] p2a\n|-activate|p2b: Glimmora|move: Protect\n|-supereffective|p2a: Staraptor|1\n|-damage|p2a: Staraptor|0 fnt\n|faint|p2a: Staraptor\n|\n|-weather|none\n|upkeep\n|\n|t:|1788208923\n|switch|p2a: Garchomp|Garchomp, L50, F|100/100\n|turn|6\n|\n|t:|1788208930\n|move|p2a: Garchomp|Protect|p2a: Garchomp\n|-singleturn|p2a: Garchomp|Protect\n|move|p2b: Glimmora|Spiky Shield||[still]\n|-fail|p2b: Glimmora\n|move|p1a: Vanilluxe|Ice Shard|p2a: Garchomp\n|-activate|p2a: Garchomp|move: Protect\n|move|p1b: Aerodactyl|Rock Slide|p2a: Garchomp|[spread] p2b\n|-activate|p2a: Garchomp|move: Protect\n|-damage|p2b: Glimmora|0 fnt\n|-activate|p2b: Glimmora|ability: Toxic Debris\n|-sidestart|p1: ANightmareProbably|move: Toxic Spikes\n|faint|p2b: Glimmora\n|\n|upkeep\n|turn|7\n|\n|t:|1788208953\n|move|p1b: Aerodactyl|Wide Guard|p1b: Aerodactyl\n|-singleturn|p1b: Aerodactyl|Wide Guard\n|move|p1a: Vanilluxe|Ice Shard|p2a: Garchomp\n|-supereffective|p2a: Garchomp|2\n|-damage|p2a: Garchomp|54/100\n|move|p2a: Garchomp|Rock Slide|p1b: Aerodactyl|[spread] \n|-activate|p1a: Vanilluxe|move: Wide Guard\n|-activate|p1b: Aerodactyl|move: Wide Guard\n|\n|upkeep\n|turn|8\n|\n|t:|1788208966\n|move|p1b: Aerodactyl|Rock Slide|p2a: Garchomp\n|-resisted|p2a: Garchomp|1\n|-damage|p2a: Garchomp|43/100\n|move|p1a: Vanilluxe|Freeze-Dry|p2a: Garchomp\n|-supereffective|p2a: Garchomp|2\n|-damage|p2a: Garchomp|0 fnt\n|faint|p2a: Garchomp\n|\n|win|ANightmareProbably\n|raw|ANightmareProbably's rating: 1094 &rarr; <strong>1113</strong><br />(+19 for winning)\n|raw|UwJU's rating: 1000 &rarr; <strong>1000</strong><br />(+0 for losing)\n|l|☆ANightmareProbably\n|player|p1|\n|j|☆ANightmareProbably\n|player|p1|ANightmareProbably|169|\n","uploadtime":1788208974,"views":"2","formatid":"gen9championsvgc2026regmbbo3","rating":1000,"private":0,"password":null}