{"id":"gen9championsvgc2026regmbbo3-2674029694","format":"[Gen 9 Champions] VGC 2026 Reg M-B (Bo3)","players":["Mashuno","PR1NC3735"],"log":"|j|☆Mashuno\n|j|☆PR1NC3735\n|html|<table width=\"100%\"><tr><td align=\"left\">Mashuno</td><td align=\"right\">PR1NC3735</tr><tr><td align=\"left\"><i class=\"fa fa-circle-o\"></i> <i class=\"fa fa-circle-o\"></i> </td><td align=\"right\"><i class=\"fa fa-circle-o\"></i> <i class=\"fa fa-circle-o\"></i> </tr></table>\n|uhtml|bestof|<h2><strong>Game 1</strong> of <a href=\"/game-bestof3-gen9championsvgc2026regmbbo3-2674029691\">a best-of-3</a></h2>\n|t:|1788290165\n|gametype|doubles\n|player|p1|Mashuno|harlequin|1178\n|player|p2|PR1NC3735|1|1115\n|gen|9\n|tier|[Gen 9 Champions] VGC 2026 Reg M-B (Bo3)\n|rated|\n|rule|Species Clause: Limit one of each Pokémon\n|rule|Item Clause: Limit 1 of each item\n|clearpoke\n|poke|p1|Pelipper, L50, F|\n|poke|p1|Archaludon, L50, F|\n|poke|p1|Blastoise, L50, F|\n|poke|p1|Sinistcha, L50|\n|poke|p1|Sableye, L50, M|\n|poke|p1|Sneasler, L50, M|\n|poke|p2|Tyranitar, L50, F|\n|poke|p2|Garchomp, L50, M|\n|poke|p2|Steelix, L50, F|\n|poke|p2|Sinistcha-Masterpiece, L50|\n|poke|p2|Volcarona, L50, M|\n|poke|p2|Primarina, L50, F|\n|teampreview|4\n|showteam|p1|Pelipper||FocusSash|Drizzle|WeatherBall,Hurricane,Tailwind,RainDance|Timid||F|||50|]Archaludon||Leftovers|Stamina|Protect,DracoMeteor,FlashCannon,ElectroShot|Modest||F|||50|]Blastoise||Blastoisinite|RainDish|Protect,WaterSpout,DarkPulse,IceBeam|Modest||F|||50|]Sinistcha||SitrusBerry|Hospitality|MatchaGotcha,RagePowder,LifeDew,TrickRoom|Bold|||||50|]Sableye||LightClay|Prankster|FoulPlay,LightScreen,Reflect,RainDance|Impish||M|||50|]Sneasler||WhiteHerb|Unburden|FakeOut,DireClaw,CloseCombat,RockSlide|Jolly||M|||50|\n|showteam|p2|Tyranitar||Tyranitarite|SandStream|RockSlide,Crunch,Protect,LowKick|Jolly||F|||50|]Garchomp||Garchompite|SandVeil|ScaleShot,StompingTantrum,RockSlide,Protect|Jolly||M|||50|]Steelix||Steelixite|Sturdy|HeavySlam,HighHorsepower,RockSlide,Protect|Brave||F|||50|]Sinistcha-Masterpiece||SitrusBerry|Hospitality|MatchaGotcha,Protect,RagePowder,TrickRoom|Modest|||||50|]Volcarona||ChartiBerry|FlameBody|FieryDance,Tailwind,RagePowder,WillOWisp|Timid||M|||50|]Primarina||Leftovers|LiquidVoice|HyperVoice,Moonblast,CalmMind,Protect|Modest||F|||50|\n|c|☆Mashuno|gl hf <3\n|c|☆PR1NC3735|Gl hf\n|\n|t:|1788290237\n|teamsize|p1|4\n|teamsize|p2|4\n|start\n|switch|p1a: Junketsu|Archaludon, L50, F|100/100\n|switch|p1b: Sableye|Sableye, L50, M|100/100\n|switch|p2a: Volcarona|Volcarona, L50, M|100/100\n|switch|p2b: Primarina|Primarina, L50, F|100/100\n|turn|1\n|\n|t:|1788290291\n|move|p2b: Primarina|Protect|p2b: Primarina\n|-singleturn|p2b: Primarina|Protect\n|move|p1b: Sableye|Light Screen|p1b: Sableye\n|-sidestart|p1: Mashuno|move: Light Screen\n|move|p2a: Volcarona|Tailwind|p2a: Volcarona\n|-sidestart|p2: PR1NC3735|move: Tailwind\n|move|p1a: Junketsu|Flash Cannon|p2b: Primarina\n|-activate|p2b: Primarina|move: Protect\n|\n|upkeep\n|turn|2\n|\n|t:|1788290311\n|move|p1b: Sableye|Rain Dance|p1b: Sableye\n|-weather|RainDance\n|move|p2a: Volcarona|Fiery Dance|p1b: Sableye\n|-damage|p1b: Sableye|86/100\n|move|p2b: Primarina|Calm Mind|p2b: Primarina\n|-boost|p2b: Primarina|spa|1\n|-boost|p2b: Primarina|spd|1\n|move|p1a: Junketsu|Electro Shot||[still]\n|-prepare|p1a: Junketsu|Electro Shot\n|-boost|p1a: Junketsu|spa|1\n|-anim|p1a: Junketsu|Electro Shot|p2b: Primarina\n|-supereffective|p2b: Primarina|1\n|-damage|p2b: Primarina|27/100\n|\n|-weather|RainDance|[upkeep]\n|-heal|p2b: Primarina|33/100|[from] item: Leftovers\n|upkeep\n|turn|3\n|\n|t:|1788290337\n|switch|p1b: Iroh|Sinistcha, L50|100/100\n|move|p2a: Volcarona|Rage Powder|p2a: Volcarona\n|-singleturn|p2a: Volcarona|move: Rage Powder\n|move|p2b: Primarina|Hyper Voice|p1a: Junketsu|[spread] p1a,p1b\n|-resisted|p1a: Junketsu|1\n|-resisted|p1b: Iroh|1\n|-damage|p1a: Junketsu|67/100\n|-damage|p1b: Iroh|76/100\n|-ability|p1a: Junketsu|Stamina|boost\n|-boost|p1a: Junketsu|def|1\n|move|p1a: Junketsu|Electro Shot||[still]\n|-prepare|p1a: Junketsu|Electro Shot\n|-boost|p1a: Junketsu|spa|1\n|-anim|p1a: Junketsu|Electro Shot|p2a: Volcarona\n|-damage|p2a: Volcarona|22/100\n|\n|-weather|RainDance|[upkeep]\n|-heal|p2b: Primarina|39/100|[from] item: Leftovers\n|-heal|p1a: Junketsu|73/100|[from] item: Leftovers\n|upkeep\n|turn|4\n|\n|t:|1788290365\n|switch|p2b: Tyranitar|Tyranitar, L50, F|100/100\n|-weather|Sandstorm|[from] ability: Sand Stream|[of] p2b: Tyranitar\n|move|p1a: Junketsu|Protect|p1a: Junketsu\n|-singleturn|p1a: Junketsu|Protect\n|move|p2a: Volcarona|Fiery Dance|p1b: Iroh\n|-supereffective|p1b: Iroh|1\n|-damage|p1b: Iroh|29/100\n|-enditem|p1b: Iroh|Sitrus Berry|[eat]\n|-heal|p1b: Iroh|53/100|[from] item: Sitrus Berry\n|move|p1b: Iroh|Trick Room|p1b: Iroh\n|-fieldstart|move: Trick Room|[of] p1b: Iroh\n|\n|-weather|Sandstorm|[upkeep]\n|-damage|p1b: Iroh|47/100|[from] Sandstorm\n|-damage|p2a: Volcarona|16/100|[from] Sandstorm\n|-heal|p1a: Junketsu|80/100|[from] item: Leftovers\n|-sideend|p2: PR1NC3735|move: Tailwind\n|upkeep\n|turn|5\n|\n|t:|1788290417\n|switch|p1b: Sableye|Sableye, L50, M|86/100\n|switch|p2b: Garchomp|Garchomp, L50, M|100/100\n|move|p1a: Junketsu|Flash Cannon|p2b: Garchomp\n|-damage|p2b: Garchomp|18/100\n|move|p2a: Volcarona|Fiery Dance|p1b: Sableye\n|-damage|p1b: Sableye|61/100\n|\n|-weather|Sandstorm|[upkeep]\n|-damage|p1b: Sableye|55/100|[from] Sandstorm\n|-damage|p2a: Volcarona|10/100|[from] Sandstorm\n|-heal|p1a: Junketsu|86/100|[from] item: Leftovers\n|upkeep\n|turn|6\n|\n|t:|1788290454\n|move|p2b: Garchomp|Protect|p2b: Garchomp\n|-singleturn|p2b: Garchomp|Protect\n|move|p1b: Sableye|Reflect|p1b: Sableye\n|-sidestart|p1: Mashuno|Reflect\n|move|p1a: Junketsu|Flash Cannon|p2a: Volcarona\n|-resisted|p2a: Volcarona|1\n|-damage|p2a: Volcarona|0 fnt\n|faint|p2a: Volcarona\n|\n|-weather|Sandstorm|[upkeep]\n|-damage|p1b: Sableye|49/100|[from] Sandstorm\n|-heal|p1a: Junketsu|92/100|[from] item: Leftovers\n|upkeep\n|\n|t:|1788290467\n|switch|p2a: Primarina|Primarina, L50, F|39/100\n|turn|7\n|\n|t:|1788290503\n|switch|p1b: Iroh|Sinistcha, L50|47/100\n|-heal|p1a: Junketsu|100/100|[from] ability: Hospitality|[of] p1b: Iroh\n|move|p2a: Primarina|Protect|p2a: Primarina\n|-singleturn|p2a: Primarina|Protect\n|move|p1a: Junketsu|Flash Cannon|p2a: Primarina\n|-activate|p2a: Primarina|move: Protect\n|move|p2b: Garchomp|Scale Shot|p1b: Iroh\n|-damage|p1b: Iroh|40/100\n|-damage|p1b: Iroh|32/100\n|-damage|p1b: Iroh|25/100\n|-hitcount|p1b: Iroh|3\n|-unboost|p2b: Garchomp|def|1\n|-boost|p2b: Garchomp|spe|1\n|\n|-weather|Sandstorm|[upkeep]\n|-damage|p1b: Iroh|19/100|[from] Sandstorm\n|-damage|p2a: Primarina|33/100|[from] Sandstorm\n|-heal|p2a: Primarina|39/100|[from] item: Leftovers\n|upkeep\n|turn|8\n|\n|t:|1788290541\n|move|p2b: Garchomp|Protect|p2b: Garchomp\n|-singleturn|p2b: Garchomp|Protect\n|move|p1b: Iroh|Matcha Gotcha|p2a: Primarina|[spread] p2a\n|-activate|p2b: Garchomp|move: Protect\n|-supereffective|p2a: Primarina|1\n|-damage|p2a: Primarina|1/100\n|-heal|p1b: Iroh|39/100|[from] drain|[of] p2a: Primarina\n|move|p2a: Primarina|Moonblast|p1a: Junketsu\n|-damage|p1a: Junketsu|57/100\n|-unboost|p1a: Junketsu|spa|1\n|-ability|p1a: Junketsu|Stamina|boost\n|-boost|p1a: Junketsu|def|1\n|move|p1a: Junketsu|Flash Cannon|p2a: Primarina\n|-damage|p2a: Primarina|0 fnt\n|faint|p2a: Primarina\n|\n|-weather|none\n|-heal|p1a: Junketsu|64/100|[from] item: Leftovers\n|-sideend|p1: Mashuno|move: Light Screen\n|-fieldend|move: Trick Room\n|upkeep\n|\n|t:|1788290563\n|switch|p2a: Tyranitar|Tyranitar, L50, F|100/100\n|-weather|Sandstorm|[from] ability: Sand Stream|[of] p2a: Tyranitar\n|turn|9\n|\n|t:|1788290587\n|move|p2b: Garchomp|Stomping Tantrum|p1a: Junketsu\n|-supereffective|p1a: Junketsu|1\n|-damage|p1a: Junketsu|44/100\n|-ability|p1a: Junketsu|Stamina|boost\n|-boost|p1a: Junketsu|def|1\n|move|p1a: Junketsu|Flash Cannon|p2b: Garchomp\n|-damage|p2b: Garchomp|0 fnt\n|faint|p2b: Garchomp\n|move|p2a: Tyranitar|Crunch|p1b: Iroh\n|-supereffective|p1b: Iroh|1\n|-damage|p1b: Iroh|0 fnt\n|faint|p1b: Iroh\n|\n|-weather|Sandstorm|[upkeep]\n|-heal|p1a: Junketsu|51/100|[from] item: Leftovers\n|upkeep\n|\n|t:|1788290604\n|switch|p1b: Sableye|Sableye, L50, M|49/100\n|turn|10\n|\n|t:|1788290618\n|move|p2a: Tyranitar|Protect|p2a: Tyranitar\n|-singleturn|p2a: Tyranitar|Protect\n|move|p1b: Sableye|Rain Dance|p1b: Sableye\n|-weather|RainDance\n|move|p1a: Junketsu|Flash Cannon|p2a: Tyranitar\n|-activate|p2a: Tyranitar|move: Protect\n|\n|-weather|RainDance|[upkeep]\n|-heal|p1a: Junketsu|57/100|[from] item: Leftovers\n|upkeep\n|turn|11\n|\n|t:|1788290643\n|move|p1a: Junketsu|Flash Cannon|p2a: Tyranitar\n|-supereffective|p2a: Tyranitar|1\n|-damage|p2a: Tyranitar|0 fnt\n|faint|p2a: Tyranitar\n|\n|win|Mashuno\n||PR1NC3735 is ready for game 2.\n||Mashuno is ready for game 2.\n|uhtml|next|Next: <a href=\"/battle-gen9championsvgc2026regmbbo3-2674033763\"><strong>Game 2 of 3</strong></a>\n","uploadtime":1788291055,"views":"5","formatid":"gen9championsvgc2026regmbbo3","rating":null,"private":0,"password":null}