{"id":"gen9championsvgc2026regmbbo3-2674930357","format":"[Gen 9 Champions] VGC 2026 Reg M-B (Bo3)","players":["soulo333","btu100"],"log":"|j|☆soulo333\n|j|☆btu100\n|html|<table width=\"100%\"><tr><td align=\"left\">soulo333</td><td align=\"right\">btu100</tr><tr><td align=\"left\"><i class=\"fa fa-circle\"></i> <i class=\"fa fa-circle-o\"></i> </td><td align=\"right\"><i class=\"fa fa-circle-o\"></i> <i class=\"fa fa-circle-o\"></i> </tr></table>\n|uhtml|bestof|<h2><strong>Game 2</strong> of <a href=\"/game-bestof3-gen9championsvgc2026regmbbo3-2674928755\">a best-of-3</a></h2>\n|t:|1788437800\n|gametype|doubles\n|player|p1|soulo333|265|1227\n|player|p2|btu100|benga|1184\n|gen|9\n|tier|[Gen 9 Champions] VGC 2026 Reg M-B (Bo3)\n|rated|\n|rule|Species Clause: Limit one of each Pokémon\n|rule|Item Clause: Limit 1 of each item\n|clearpoke\n|poke|p1|Staraptor, L50, F|\n|poke|p1|Arcanine-Hisui, L50, M|\n|poke|p1|Kingambit, L50, M|\n|poke|p1|Sylveon, L50, F, shiny|\n|poke|p1|Raichu, L50, M|\n|poke|p1|Farigiraf, L50, M|\n|poke|p2|Dragonite, L50, F, shiny|\n|poke|p2|Charizard, L50, M|\n|poke|p2|Aerodactyl, L50, F|\n|poke|p2|Kingambit, L50, M, shiny|\n|poke|p2|Garchomp, L50, F|\n|poke|p2|Basculegion, L50, M, shiny|\n|teampreview|4\n|showteam|p1|Staraptor||Staraptite|Intimidate|DualWingbeat,CloseCombat,Tailwind,Protect|Jolly||F|||50|]Arcanine-Hisui||FocusSash|RockHead|FlareBlitz,HeadSmash,ExtremeSpeed,Protect|Jolly||M|||50|]Kingambit||LifeOrb|Defiant|KowtowCleave,SuckerPunch,SwordsDance,Protect|Adamant||M|||50|]Sylveon||FairyFeather|Pixilate|HyperVoice,HyperBeam,QuickAttack,Detect|Modest||F|||50|]Raichu||RaichuniteY|LightningRod|ZapCannon,FocusBlast,FakeOut,Protect|Timid||M|||50|]Farigiraf||SitrusBerry|ArmorTail|Psychic,HelpingHand,TrickRoom,Protect|Calm||M|||50|\n|showteam|p2|Dragonite||Dragoninite|Multiscale|DragonPulse,Thunderbolt,ExtremeSpeed,Protect|Modest||F|||50|]Charizard||CharizarditeY|Blaze|HeatWave,WeatherBall,AncientPower,Protect|Modest||M|||50|]Aerodactyl||FocusSash|Unnerve|RockSlide,DualWingbeat,Tailwind,WideGuard|Jolly||F|||50|]Kingambit||BlackGlasses|Defiant|IronHead,KowtowCleave,SuckerPunch,Protect|Adamant||M|||50|]Garchomp||ChoiceScarf|RoughSkin|DragonClaw,Earthquake,StompingTantrum,RockSlide|Adamant||F|||50|]Basculegion||LifeOrb|Adaptability|WaveCrash,LastRespects,AquaJet,Protect|Jolly||M|||50|\n|inactive|Battle timer is ON: inactive players will automatically lose when time's up. (requested by btu100)\n|inactive|btu100 has 60 seconds left.\n|\n|t:|1788437835\n|teamsize|p1|4\n|teamsize|p2|4\n|start\n|switch|p1a: Celeste|Staraptor, L50, F|100/100\n|switch|p1b: Arcanine|Arcanine-Hisui, L50, M|100/100\n|switch|p2a: Charizard|Charizard, L50, M|100/100\n|switch|p2b: Garchomp|Garchomp, L50, F|100/100\n|-ability|p1a: Celeste|Intimidate|boost\n|-unboost|p2a: Charizard|atk|1\n|-unboost|p2b: Garchomp|atk|1\n|turn|1\n|\n|t:|1788437851\n|switch|p2a: Basculegion|Basculegion, L50, M, shiny|100/100\n|detailschange|p1a: Celeste|Staraptor-Mega, L50, F\n|-mega|p1a: Celeste|Staraptor|Staraptite\n|move|p1b: Arcanine|Protect|p1b: Arcanine\n|-singleturn|p1b: Arcanine|Protect\n|move|p2b: Garchomp|Rock Slide|p1b: Arcanine|[spread] p1a\n|-activate|p1b: Arcanine|move: Protect\n|-damage|p1a: Celeste|85/100\n|move|p1a: Celeste|Tailwind|p1a: Celeste\n|-sidestart|p1: soulo333|move: Tailwind\n|\n|upkeep\n|turn|2\n|\n|t:|1788437868\n|switch|p1b: Kingambit|Kingambit, L50, M|100/100\n|move|p2a: Basculegion|Aqua Jet|p1b: Kingambit\n|-damage|p1b: Kingambit|76/100\n|-damage|p2a: Basculegion|90/100|[from] item: Life Orb\n|move|p1a: Celeste|Close Combat|p2b: Garchomp\n|-damage|p2b: Garchomp|38/100\n|-boost|p1a: Celeste|def|1\n|-boost|p1a: Celeste|spd|1\n|-damage|p1a: Celeste|73/100|[from] ability: Rough Skin|[of] p2b: Garchomp\n|move|p2b: Garchomp|Rock Slide|p1a: Celeste|[spread] p1a,p1b\n|-resisted|p1b: Kingambit|1\n|-damage|p1a: Celeste|63/100\n|-damage|p1b: Kingambit|71/100\n|\n|upkeep\n|turn|3\n|\n|t:|1788437886\n|move|p2a: Basculegion|Protect|p2a: Basculegion\n|-singleturn|p2a: Basculegion|Protect\n|move|p1a: Celeste|Close Combat|p2b: Garchomp\n|-damage|p2b: Garchomp|0 fnt\n|-boost|p1a: Celeste|def|1\n|-boost|p1a: Celeste|spd|1\n|-damage|p1a: Celeste|51/100|[from] ability: Rough Skin|[of] p2b: Garchomp\n|faint|p2b: Garchomp\n|move|p1b: Kingambit|Kowtow Cleave|p2a: Basculegion\n|-activate|p2a: Basculegion|move: Protect\n|\n|upkeep\n|\n|t:|1788437892\n|switch|p2b: Charizard|Charizard, L50, M|100/100\n|turn|4\n|\n|t:|1788437903\n|move|p2b: Charizard|Protect|p2b: Charizard\n|-singleturn|p2b: Charizard|Protect\n|move|p1b: Kingambit|Protect|p1b: Kingambit\n|-singleturn|p1b: Kingambit|Protect\n|move|p2a: Basculegion|Aqua Jet|p1b: Kingambit\n|-activate|p1b: Kingambit|move: Protect\n|move|p1a: Celeste|Dual Wingbeat|p2a: Basculegion|[miss]\n|-miss|p1a: Celeste|p2a: Basculegion\n|\n|-sideend|p1: soulo333|move: Tailwind\n|upkeep\n|turn|5\n|\n|t:|1788437915\n|detailschange|p2b: Charizard|Charizard-Mega-Y, L50, M\n|-mega|p2b: Charizard|Charizard|Charizardite Y\n|-weather|SunnyDay|[from] ability: Drought|[of] p2b: Charizard\n|move|p2a: Basculegion|Protect|p2a: Basculegion\n|-singleturn|p2a: Basculegion|Protect\n|move|p1b: Kingambit|Sucker Punch|p2b: Charizard\n|-damage|p2b: Charizard|32/100\n|-damage|p1b: Kingambit|61/100|[from] item: Life Orb\n|move|p1a: Celeste|Tailwind|p1a: Celeste\n|-sidestart|p1: soulo333|move: Tailwind\n|move|p2b: Charizard|Heat Wave|p1b: Kingambit|[spread] p1a,p1b\n|-supereffective|p1b: Kingambit|1\n|-damage|p1a: Celeste|18/100\n|-damage|p1b: Kingambit|0 fnt\n|faint|p1b: Kingambit\n|\n|-weather|SunnyDay|[upkeep]\n|upkeep\n|\n|t:|1788437926\n|switch|p1b: Arcanine|Arcanine-Hisui, L50, M|100/100\n|turn|6\n|\n|t:|1788437943\n|move|p2b: Charizard|Protect|p2b: Charizard\n|-singleturn|p2b: Charizard|Protect\n|move|p1a: Celeste|Dual Wingbeat|p2a: Basculegion\n|-crit|p2a: Basculegion\n|-damage|p2a: Basculegion|54/100\n|-damage|p2a: Basculegion|31/100\n|-hitcount|p2a: Basculegion|2\n|move|p1b: Arcanine|Flare Blitz|p2b: Charizard\n|-activate|p2b: Charizard|move: Protect\n|move|p2a: Basculegion|Last Respects|p1b: Arcanine\n|-damage|p1b: Arcanine|2/100\n|-damage|p2a: Basculegion|21/100|[from] item: Life Orb\n|\n|-weather|SunnyDay|[upkeep]\n|upkeep\n|turn|7\n|\n|t:|1788437957\n|switch|p2b: Aerodactyl|Aerodactyl, L50, F|100/100\n|-ability|p2b: Aerodactyl|Unnerve\n|move|p1b: Arcanine|Extreme Speed|p2b: Aerodactyl\n|-resisted|p2b: Aerodactyl|1\n|-damage|p2b: Aerodactyl|78/100\n|move|p2a: Basculegion|Aqua Jet|p1b: Arcanine\n|-supereffective|p1b: Arcanine|2\n|-damage|p1b: Arcanine|0 fnt\n|faint|p1b: Arcanine\n|-damage|p2a: Basculegion|11/100|[from] item: Life Orb\n|move|p1a: Celeste|Dual Wingbeat|p2a: Basculegion\n|-damage|p2a: Basculegion|0 fnt\n|faint|p2a: Basculegion\n|-hitcount|p2: Basculegion|1\n|\n|-weather|SunnyDay|[upkeep]\n|upkeep\n|\n|t:|1788437963\n|switch|p1b: Sylveon|Sylveon, L50, F, shiny|100/100\n|switch|p2a: Charizard|Charizard-Mega-Y, L50, M|32/100\n|turn|8\n|\n|t:|1788437970\n|move|p2a: Charizard|Protect|p2a: Charizard\n|-singleturn|p2a: Charizard|Protect\n|move|p1b: Sylveon|Quick Attack|p2b: Aerodactyl\n|-damage|p2b: Aerodactyl|59/100\n|move|p1a: Celeste|Close Combat|p2b: Aerodactyl\n|-crit|p2b: Aerodactyl\n|-damage|p2b: Aerodactyl|0 fnt\n|-boost|p1a: Celeste|def|1\n|-boost|p1a: Celeste|spd|1\n|faint|p2b: Aerodactyl\n|\n|-weather|SunnyDay|[upkeep]\n|-sideend|p1: soulo333|move: Tailwind\n|upkeep\n|turn|9\n|\n|t:|1788437977\n|move|p1a: Celeste|Protect|p1a: Celeste\n|-singleturn|p1a: Celeste|Protect\n|move|p2a: Charizard|Heat Wave|p1a: Celeste|[spread] p1b\n|-activate|p1a: Celeste|move: Protect\n|-damage|p1b: Sylveon|52/100\n|move|p1b: Sylveon|Hyper Beam|p2a: Charizard\n|-resisted|p2a: Charizard|1\n|-damage|p2a: Charizard|0 fnt\n|-mustrecharge|p1b: Sylveon\n|faint|p2a: Charizard\n|\n|win|soulo333\n|raw|soulo333's rating: 1227 &rarr; <strong>1249</strong><br />(+22 for winning)\n|raw|btu100's rating: 1184 &rarr; <strong>1162</strong><br />(-22 for losing)\n","uploadtime":1788437978,"views":"2","formatid":"gen9championsvgc2026regmbbo3","rating":1162,"private":0,"password":null}