{"id":"gen9championsvgc2026regmb-2673949732","format":"[Gen 9 Champions] VGC 2026 Reg M-B","players":["Markuo","Jakel69"],"log":"|j|☆Markuo\n|j|☆Jakel69\n|t:|1788280807\n|gametype|doubles\n|player|p1|Markuo|giovanni|1258\n|player|p2|Jakel69|101|1287\n|gen|9\n|tier|[Gen 9 Champions] VGC 2026 Reg M-B\n|rated|\n|rule|Species Clause: Limit one of each Pokémon\n|rule|Item Clause: Limit 1 of each item\n|clearpoke\n|poke|p1|Mimikyu, L50, M|\n|poke|p1|Charizard, L50, M|\n|poke|p1|Garchomp, L50, F|\n|poke|p1|Venusaur, L50, M|\n|poke|p1|Tyranitar, L50, F|\n|poke|p1|Sylveon, L50, M|\n|poke|p2|Floette-Eternal, L50, F|\n|poke|p2|Sneasler, L50, F|\n|poke|p2|Basculegion, L50, M|\n|poke|p2|Dragonite, L50, M|\n|poke|p2|Garchomp, L50, M|\n|poke|p2|Kingambit, L50, M, shiny|\n|teampreview|4\n|\n|t:|1788280843\n|teamsize|p1|4\n|teamsize|p2|4\n|start\n|switch|p1a: Charizard|Charizard, L50, M|100/100\n|switch|p1b: Venusaur|Venusaur, L50, M|100/100\n|switch|p2a: Sneasler|Sneasler, L50, F|100/100\n|switch|p2b: Kingambit|Kingambit, L50, M, shiny|100/100\n|turn|1\n|inactive|Battle timer is ON: inactive players will automatically lose when time's up. (requested by Markuo)\n|\n|t:|1788280869\n|detailschange|p1a: Charizard|Charizard-Mega-Y, L50, M\n|-mega|p1a: Charizard|Charizard|Charizardite Y\n|-weather|SunnyDay|[from] ability: Drought|[of] p1a: Charizard\n|move|p2a: Sneasler|Fake Out|p1a: Charizard\n|-damage|p1a: Charizard|78/100\n|move|p1b: Venusaur|Sleep Powder|p2a: Sneasler\n|-status|p2a: Sneasler|slp|[from] move: Sleep Powder\n|cant|p1a: Charizard|flinch\n|move|p2b: Kingambit|Kowtow Cleave|p1b: Venusaur\n|-damage|p1b: Venusaur|42/100\n|\n|-weather|SunnyDay|[upkeep]\n|upkeep\n|turn|2\n|inactive|Jakel69 has 30 seconds left.\n|\n|t:|1788280902\n|move|p1b: Venusaur|Giga Drain|p2b: Kingambit\n|-resisted|p2b: Kingambit|1\n|-damage|p2b: Kingambit|85/100\n|-heal|p1b: Venusaur|52/100|[from] drain|[of] p2b: Kingambit\n|cant|p2a: Sneasler|slp\n|move|p1a: Charizard|Heat Wave|p2b: Kingambit|[spread] p2a,p2b\n|-supereffective|p2b: Kingambit|1\n|-enditem|p2a: Sneasler|Focus Sash\n|-damage|p2a: Sneasler|1/100 slp\n|-damage|p2b: Kingambit|0 fnt\n|faint|p2b: Kingambit\n|\n|-weather|SunnyDay|[upkeep]\n|upkeep\n|\n|t:|1788280919\n|switch|p2b: Dragonite|Dragonite, L50, M|100/100\n|turn|3\n|\n|t:|1788280930\n|detailschange|p2b: Dragonite|Dragonite-Mega, L50, M\n|-mega|p2b: Dragonite|Dragonite|Dragoninite\n|move|p1b: Venusaur|Sleep Powder|p2b: Dragonite|[miss]\n|-miss|p1b: Venusaur|p2b: Dragonite\n|-curestatus|p2a: Sneasler|slp|[msg]\n|move|p2a: Sneasler|Dire Claw|p1b: Venusaur\n|-damage|p1b: Venusaur|0 fnt\n|faint|p1b: Venusaur\n|move|p1a: Charizard|Heat Wave|p2b: Dragonite|[spread] p2b\n|-miss|p1a: Charizard|p2a: Sneasler\n|-resisted|p2b: Dragonite|1\n|-damage|p2b: Dragonite|85/100\n|move|p2b: Dragonite|Heat Wave|p1a: Charizard\n|-resisted|p1a: Charizard|1\n|-damage|p1a: Charizard|47/100\n|\n|-weather|SunnyDay|[upkeep]\n|upkeep\n|\n|t:|1788280943\n|switch|p1b: Mimikyu|Mimikyu, L50, M|100/100\n|turn|4\n|\n|t:|1788280959\n|switch|p2a: Garchomp|Garchomp, L50, M|100/100\n|move|p2b: Dragonite|Dragon Pulse|p1a: Charizard\n|-damage|p1a: Charizard|0 fnt\n|faint|p1a: Charizard\n|move|p1b: Mimikyu|Swords Dance|p1b: Mimikyu\n|-boost|p1b: Mimikyu|atk|2\n|\n|-weather|SunnyDay|[upkeep]\n|upkeep\n|\n|t:|1788280968\n|switch|p1a: Garchomp|Garchomp, L50, F|100/100\n|turn|5\n|inactive|Jakel69 has 30 seconds left.\n|\n|t:|1788280996\n|move|p1a: Garchomp|Dragon Claw|p2b: Dragonite\n|-supereffective|p2b: Dragonite|1\n|-damage|p2b: Dragonite|0 fnt\n|faint|p2b: Dragonite\n|move|p2a: Garchomp|Earthquake|p1b: Mimikyu|[spread] p1a,p1b\n|-damage|p1a: Garchomp|61/100\n|-activate|p1b: Mimikyu|ability: Disguise\n|-damage|p1b: Mimikyu|100/100\n|detailschange|p1b: Mimikyu|Mimikyu-Busted, L50, M\n|-damage|p1b: Mimikyu|87/100|[from] pokemon: Mimikyu-Busted\n|move|p1b: Mimikyu|Play Rough|p2a: Garchomp\n|-supereffective|p2a: Garchomp|1\n|-damage|p2a: Garchomp|0 fnt\n|-damage|p1b: Mimikyu|75/100|[from] ability: Rough Skin|[of] p2a: Garchomp\n|faint|p2a: Garchomp\n|\n|-weather|none\n|upkeep\n|\n|t:|1788281017\n|switch|p2b: Sneasler|Sneasler, L50, F|1/100\n|turn|6\n|\n|t:|1788281022\n|move|p1b: Mimikyu|Shadow Sneak|p2b: Sneasler\n|-damage|p2b: Sneasler|0 fnt\n|faint|p2b: Sneasler\n|\n|win|Markuo\n|raw|Markuo's rating: 1258 &rarr; <strong>1285</strong><br />(+27 for winning)\n|raw|Jakel69's rating: 1287 &rarr; <strong>1260</strong><br />(-27 for losing)\n|l|☆Markuo\n|player|p1|\n","uploadtime":1788281190,"views":"1","formatid":"gen9championsvgc2026regmb","rating":1260,"private":0,"password":null}