{"id":"gen9championsvgc2026regmb-2673921122","format":"[Gen 9 Champions] VGC 2026 Reg M-B","players":["chickmagnet23","Nayumi_VT"],"log":"|j|☆chickmagnet23\n|j|☆Nayumi_VT\n|t:|1788277337\n|gametype|doubles\n|player|p1|chickmagnet23|266|1137\n|player|p2|Nayumi_VT|dahlia|1087\n|gen|9\n|tier|[Gen 9 Champions] VGC 2026 Reg M-B\n|rated|\n|rule|Species Clause: Limit one of each Pokémon\n|rule|Item Clause: Limit 1 of each item\n|clearpoke\n|poke|p1|Starmie, L50|\n|poke|p1|Sinistcha, L50|\n|poke|p1|Garchomp, L50, F|\n|poke|p1|Kingambit, L50, M|\n|poke|p1|Pelipper, L50, M|\n|poke|p1|Dragonite, L50, F|\n|poke|p2|Overqwil, L50, M, shiny|\n|poke|p2|Sneasler, L50, M, shiny|\n|poke|p2|Meowstic, L50, M, shiny|\n|poke|p2|Klefki, L50, M, shiny|\n|poke|p2|Sableye, L50, F, shiny|\n|poke|p2|Delphox, L50, M, shiny|\n|teampreview|4\n|inactive|Battle timer is ON: inactive players will automatically lose when time's up. (requested by chickmagnet23)\n|\n|t:|1788277362\n|teamsize|p1|4\n|teamsize|p2|4\n|start\n|switch|p1a: Garchomp|Garchomp, L50, F|100/100\n|switch|p1b: Starmie|Starmie, L50|100/100\n|switch|p2a: Meowstic|Meowstic, L50, M, shiny|100/100\n|switch|p2b: Fisteur Fou|Overqwil, L50, M, shiny|100/100\n|-ability|p2b: Fisteur Fou|Intimidate|boost\n|-unboost|p1a: Garchomp|atk|1\n|-unboost|p1b: Starmie|atk|1\n|turn|1\n|\n|t:|1788277380\n|detailschange|p1b: Starmie|Starmie-Mega, L50\n|-mega|p1b: Starmie|Starmie|Starminite\n|move|p1b: Starmie|Protect|p1b: Starmie\n|-singleturn|p1b: Starmie|Protect\n|move|p2a: Meowstic|Skill Swap|p2b: Fisteur Fou\n|-activate|p2a: Meowstic|Skill Swap|||[of] p2b: Fisteur Fou\n|-hint|Skill Swap does not announce the abilities of the Pokémon when used between allies.\n|-ability|p2a: Meowstic|Intimidate|boost\n|-unboost|p1a: Garchomp|atk|1\n|-unboost|p1b: Starmie|atk|1\n|move|p2b: Fisteur Fou|Minimize|p2b: Fisteur Fou\n|-boost|p2b: Fisteur Fou|evasion|2\n|move|p1a: Garchomp|Earthquake|p2b: Fisteur Fou|[spread] p2a\n|-activate|p1b: Starmie|move: Protect\n|-miss|p1a: Garchomp|p2b: Fisteur Fou\n|-damage|p2a: Meowstic|74/100\n|-damage|p1a: Garchomp|90/100|[from] item: Life Orb\n|\n|upkeep\n|turn|2\n|inactive|chickmagnet23 has 30 seconds left.\n|inactive|Nayumi_VT has 30 seconds left.\n|\n|t:|1788277410\n|switch|p1b: Sinistcha|Sinistcha, L50|100/100\n|-heal|p1a: Garchomp|100/100|[from] ability: Hospitality|[of] p1b: Sinistcha\n|switch|p1a: Pelipper|Pelipper, L50, M|100/100\n|-weather|RainDance|[from] ability: Drizzle|[of] p1a: Pelipper\n|move|p2b: Fisteur Fou|Minimize|p2b: Fisteur Fou\n|-boost|p2b: Fisteur Fou|evasion|2\n|move|p2a: Meowstic|Sunny Day|p2a: Meowstic\n|-weather|SunnyDay\n|\n|-weather|SunnyDay|[upkeep]\n|upkeep\n|turn|3\n|inactive|chickmagnet23 has 30 seconds left.\n|\n|t:|1788277438\n|switch|p1a: Garchomp|Garchomp, L50, F|100/100\n|move|p1b: Sinistcha|Protect|p1b: Sinistcha\n|-singleturn|p1b: Sinistcha|Protect\n|move|p2b: Fisteur Fou|Minimize|p2b: Fisteur Fou\n|-boost|p2b: Fisteur Fou|evasion|2\n|move|p2a: Meowstic|Yawn|p1a: Garchomp\n|-start|p1a: Garchomp|move: Yawn|[of] p2a: Meowstic\n|\n|-weather|SunnyDay|[upkeep]\n|upkeep\n|turn|4\n|inactive|Nayumi_VT has 30 seconds left.\n|inactive|chickmagnet23 has 30 seconds left.\n|\n|t:|1788277475\n|move|p2b: Fisteur Fou|Stockpile|p2b: Fisteur Fou\n|-start|p2b: Fisteur Fou|stockpile1\n|-boost|p2b: Fisteur Fou|def|1\n|-boost|p2b: Fisteur Fou|spd|1\n|move|p1a: Garchomp|Stomping Tantrum|p2b: Fisteur Fou|[miss]\n|-miss|p1a: Garchomp|p2b: Fisteur Fou\n|move|p2a: Meowstic|Yawn|p1b: Sinistcha\n|-start|p1b: Sinistcha|move: Yawn|[of] p2a: Meowstic\n|move|p1b: Sinistcha|Matcha Gotcha|p2b: Fisteur Fou|[spread] p2a,p2b\n|-resisted|p2b: Fisteur Fou|1\n|-damage|p2a: Meowstic|49/100\n|-damage|p2b: Fisteur Fou|90/100\n|\n|-weather|SunnyDay|[upkeep]\n|-heal|p2b: Fisteur Fou|97/100|[from] item: Leftovers\n|-end|p1a: Garchomp|move: Yawn|[silent]\n|-status|p1a: Garchomp|slp\n|upkeep\n|turn|5\n|\n|t:|1788277500\n|move|p2b: Fisteur Fou|Stockpile|p2b: Fisteur Fou\n|-start|p2b: Fisteur Fou|stockpile2\n|-boost|p2b: Fisteur Fou|def|1\n|-boost|p2b: Fisteur Fou|spd|1\n|cant|p1a: Garchomp|slp\n|move|p2a: Meowstic|Sunny Day||[still]\n|-fail|p2a: Meowstic\n|move|p1b: Sinistcha|Matcha Gotcha|p2b: Fisteur Fou|[spread] p2a,p2b\n|-resisted|p2b: Fisteur Fou|1\n|-damage|p2a: Meowstic|25/100\n|-damage|p2b: Fisteur Fou|90/100\n|\n|-weather|SunnyDay|[upkeep]\n|-heal|p2b: Fisteur Fou|96/100|[from] item: Leftovers\n|-end|p1b: Sinistcha|move: Yawn|[silent]\n|-status|p1b: Sinistcha|slp\n|upkeep\n|turn|6\n|inactive|Nayumi_VT has 30 seconds left.\n|\n|t:|1788277527\n|move|p2b: Fisteur Fou|Stockpile|p2b: Fisteur Fou\n|-start|p2b: Fisteur Fou|stockpile3\n|-boost|p2b: Fisteur Fou|def|1\n|-boost|p2b: Fisteur Fou|spd|1\n|cant|p1a: Garchomp|slp\n|move|p2a: Meowstic|Skill Swap|p2b: Fisteur Fou\n|-activate|p2a: Meowstic|Skill Swap|||[of] p2b: Fisteur Fou\n|-hint|Skill Swap does not announce the abilities of the Pokémon when used between allies.\n|-ability|p2b: Fisteur Fou|Intimidate|boost\n|-unboost|p1a: Garchomp|atk|1\n|-unboost|p1b: Sinistcha|atk|1\n|cant|p1b: Sinistcha|slp\n|\n|-weather|none\n|-heal|p2b: Fisteur Fou|100/100|[from] item: Leftovers\n|upkeep\n|turn|7\n|\n|t:|1788277550\n|move|p2a: Meowstic|Sunny Day|p2a: Meowstic\n|-weather|SunnyDay\n|-curestatus|p1a: Garchomp|slp|[msg]\n|move|p1a: Garchomp|Earthquake|p2b: Fisteur Fou|[spread] p1b,p2a,p2b\n|-resisted|p1b: Sinistcha|1\n|-supereffective|p2b: Fisteur Fou|1\n|-damage|p1b: Sinistcha|85/100 slp\n|-damage|p2a: Meowstic|0 fnt\n|-damage|p2b: Fisteur Fou|67/100\n|faint|p2a: Meowstic\n|-damage|p1a: Garchomp|90/100|[from] item: Life Orb\n|move|p2b: Fisteur Fou|Barb Barrage|p1b: Sinistcha\n|-damage|p1b: Sinistcha|65/100 slp\n|cant|p1b: Sinistcha|slp\n|\n|-weather|SunnyDay|[upkeep]\n|-heal|p2b: Fisteur Fou|74/100|[from] item: Leftovers\n|upkeep\n|\n|t:|1788277572\n|switch|p2a: Klefki|Klefki, L50, M, shiny|100/100\n|turn|8\n|\n|t:|1788277591\n|switch|p1a: Pelipper|Pelipper, L50, M|100/100\n|-weather|RainDance|[from] ability: Drizzle|[of] p1a: Pelipper\n|move|p2a: Klefki|Psych Up|p2b: Fisteur Fou\n|-copyboost|p2a: Klefki|p2b: Fisteur Fou|[from] move: Psych Up\n|move|p2b: Fisteur Fou|Barb Barrage|p1a: Pelipper\n|-damage|p1a: Pelipper|80/100\n|-curestatus|p1b: Sinistcha|slp|[msg]\n|move|p1b: Sinistcha|Matcha Gotcha|p2a: Klefki|[spread] p2b\n|-miss|p1b: Sinistcha|p2a: Klefki\n|-resisted|p2b: Fisteur Fou|1\n|-damage|p2b: Fisteur Fou|68/100\n|-heal|p1b: Sinistcha|67/100|[from] drain|[of] p2b: Fisteur Fou\n|\n|-weather|RainDance|[upkeep]\n|-heal|p2b: Fisteur Fou|75/100|[from] item: Leftovers\n|upkeep\n|turn|9\n|\n|t:|1788277614\n|move|p1b: Sinistcha|Protect|p1b: Sinistcha\n|-singleturn|p1b: Sinistcha|Protect\n|move|p2a: Klefki|Substitute|p2a: Klefki\n|-start|p2a: Klefki|Substitute\n|-damage|p2a: Klefki|75/100\n|move|p2b: Fisteur Fou|Barb Barrage|p1a: Pelipper\n|-damage|p1a: Pelipper|62/100\n|-status|p1a: Pelipper|psn\n|move|p1a: Pelipper|Hurricane|p2b: Fisteur Fou\n|-damage|p2b: Fisteur Fou|59/100\n|\n|-weather|RainDance|[upkeep]\n|-heal|p2b: Fisteur Fou|65/100|[from] item: Leftovers\n|-damage|p1a: Pelipper|50/100g psn|[from] psn\n|upkeep\n|turn|10\n|\n|t:|1788277637\n|move|p1b: Sinistcha|Rage Powder|p1b: Sinistcha\n|-singleturn|p1b: Sinistcha|move: Rage Powder\n|move|p2a: Klefki|Calm Mind|p2a: Klefki\n|-boost|p2a: Klefki|spa|1\n|-boost|p2a: Klefki|spd|1\n|move|p2b: Fisteur Fou|Barb Barrage|p1b: Sinistcha\n|-damage|p1b: Sinistcha|47/100\n|move|p1a: Pelipper|Hurricane|p2b: Fisteur Fou\n|-damage|p2b: Fisteur Fou|48/100\n|\n|-weather|RainDance|[upkeep]\n|-heal|p2b: Fisteur Fou|54/100|[from] item: Leftovers\n|-damage|p1a: Pelipper|38/100 psn|[from] psn\n|upkeep\n|-enditem|p1a: Pelipper|Sitrus Berry|[eat]\n|-heal|p1a: Pelipper|62/100 psn|[from] item: Sitrus Berry\n|turn|11\n|\n|t:|1788277656\n|switch|p1b: Garchomp|Garchomp, L50, F|90/100\n|move|p2a: Klefki|Calm Mind|p2a: Klefki\n|-boost|p2a: Klefki|spa|1\n|-boost|p2a: Klefki|spd|1\n|move|p2b: Fisteur Fou|Barb Barrage|p1a: Pelipper\n|-damage|p1a: Pelipper|25/100 psn\n|move|p1a: Pelipper|Hurricane|p2b: Fisteur Fou\n|-damage|p2b: Fisteur Fou|38/100\n|\n|-weather|RainDance|[upkeep]\n|-heal|p2b: Fisteur Fou|44/100|[from] item: Leftovers\n|-damage|p1a: Pelipper|13/100 psn|[from] psn\n|upkeep\n|turn|12\n|\n|t:|1788277676\n|move|p1a: Pelipper|Protect|p1a: Pelipper\n|-singleturn|p1a: Pelipper|Protect\n|move|p2a: Klefki|Calm Mind|p2a: Klefki\n|-boost|p2a: Klefki|spa|1\n|-boost|p2a: Klefki|spd|1\n|move|p1b: Garchomp|Earthquake|p2b: Fisteur Fou|[spread] \n|-activate|p1a: Pelipper|move: Protect\n|-miss|p1b: Garchomp|p2a: Klefki\n|-miss|p1b: Garchomp|p2b: Fisteur Fou\n|move|p2b: Fisteur Fou|Rest|p2b: Fisteur Fou\n|-status|p2b: Fisteur Fou|slp|[from] move: Rest\n|-heal|p2b: Fisteur Fou|100/100 slp|[silent]\n|\n|-weather|none\n|-damage|p1a: Pelipper|1/100 psn|[from] psn\n|upkeep\n|turn|13\n|inactive|Nayumi_VT has 30 seconds left.\n|\n|t:|1788277707\n|switch|p1a: Sinistcha|Sinistcha, L50|47/100\n|-heal|p1b: Garchomp|100/100|[from] ability: Hospitality|[of] p1a: Sinistcha\n|move|p1b: Garchomp|Earthquake|p2b: Fisteur Fou|[spread] p1a,p2a\n|-miss|p1b: Garchomp|p2b: Fisteur Fou\n|-supereffective|p2a: Klefki|1\n|-end|p2a: Klefki|Substitute\n|-resisted|p1a: Sinistcha|1\n|-damage|p1a: Sinistcha|27/100\n|-damage|p1b: Garchomp|90/100|[from] item: Life Orb\n|cant|p2b: Fisteur Fou|slp\n|move|p2a: Klefki|Draining Kiss|p1b: Garchomp\n|-supereffective|p1b: Garchomp|1\n|-damage|p1b: Garchomp|0 fnt\n|-heal|p2a: Klefki|100/100|[from] drain|[of] p1b: Garchomp\n|-damage|p2a: Klefki|87/100|[from] ability: Rough Skin|[of] p1b: Garchomp\n|faint|p1b: Garchomp\n|\n|upkeep\n|\n|t:|1788277724\n|switch|p1b: Starmie|Starmie-Mega, L50|100/100\n|turn|14\n|\n|t:|1788277737\n|move|p1a: Sinistcha|Rage Powder|p1a: Sinistcha\n|-singleturn|p1a: Sinistcha|move: Rage Powder\n|move|p1b: Starmie|Liquidation|p2a: Klefki|[miss]\n|-miss|p1b: Starmie|p2a: Klefki\n|cant|p2b: Fisteur Fou|slp\n|move|p2a: Klefki|Draining Kiss|p1a: Sinistcha\n|-damage|p1a: Sinistcha|0 fnt\n|-heal|p2a: Klefki|100/100|[from] drain|[of] p1a: Sinistcha\n|faint|p1a: Sinistcha\n|\n|upkeep\n|\n|t:|1788277748\n|switch|p1a: Pelipper|Pelipper, L50, M|1/100 psn\n|-weather|RainDance|[from] ability: Drizzle|[of] p1a: Pelipper\n|turn|15\n|\n|t:|1788277756\n|move|p1b: Starmie|Liquidation|p2a: Klefki|[miss]\n|-miss|p1b: Starmie|p2a: Klefki\n|-curestatus|p2b: Fisteur Fou|slp|[msg]\n|move|p2b: Fisteur Fou|Barb Barrage|p1b: Starmie\n|-damage|p1b: Starmie|71/100\n|move|p2a: Klefki|Draining Kiss|p1a: Pelipper\n|-damage|p1a: Pelipper|0 fnt\n|faint|p1a: Pelipper\n|\n|-weather|RainDance|[upkeep]\n|upkeep\n|turn|16\n|\n|t:|1788277768\n|move|p1b: Starmie|Liquidation|p2a: Klefki\n|-damage|p2a: Klefki|43/100\n|-enditem|p2a: Klefki|Sitrus Berry|[eat]\n|-heal|p2a: Klefki|68/100|[from] item: Sitrus Berry\n|move|p2b: Fisteur Fou|Barb Barrage|p1b: Starmie\n|-damage|p1b: Starmie|42/100\n|move|p2a: Klefki|Draining Kiss|p1b: Starmie\n|-damage|p1b: Starmie|0 fnt\n|-heal|p2a: Klefki|95/100|[from] drain|[of] p1b: Starmie\n|faint|p1b: Starmie\n|\n|win|Nayumi_VT\n|raw|chickmagnet23's rating: 1137 &rarr; <strong>1108</strong><br />(-29 for losing)\n|raw|Nayumi_VT's rating: 1087 &rarr; <strong>1118</strong><br />(+31 for winning)\n|l|☆chickmagnet23\n|player|p1|\n","uploadtime":1788277781,"views":"8","formatid":"gen9championsvgc2026regmb","rating":1108,"private":0,"password":null}