{"id":"gen9championsvgc2026regmb-2674901281","format":"[Gen 9 Champions] VGC 2026 Reg M-B","players":["Astano","chitominchia"],"log":"|j|☆Astano\n|j|☆chitominchia\n|t:|1788432508\n|gametype|doubles\n|player|p1|Astano|169|1616\n|player|p2|chitominchia|hiker-gen4|1731\n|gen|9\n|tier|[Gen 9 Champions] VGC 2026 Reg M-B\n|rated|\n|rule|Species Clause: Limit one of each Pokémon\n|rule|Item Clause: Limit 1 of each item\n|clearpoke\n|poke|p1|Whimsicott, L50, F|\n|poke|p1|Floette-Eternal, L50, F|\n|poke|p1|Basculegion, L50, M|\n|poke|p1|Kingambit, L50, F|\n|poke|p1|Charizard, L50, M|\n|poke|p1|Garchomp, L50, F|\n|poke|p2|Sneasler, L50, F|\n|poke|p2|Sableye, L50, F|\n|poke|p2|Basculegion, L50, M|\n|poke|p2|Raichu, L50, M|\n|poke|p2|Sinistcha, L50|\n|poke|p2|Mudsdale, L50, F|\n|teampreview|4\n|inactive|Battle timer is ON: inactive players will automatically lose when time's up. (requested by chitominchia)\nchitominchia rejected open team sheets.\n|inactive|Astano has 60 seconds left.\n|\n|t:|1788432539\n|teamsize|p1|4\n|teamsize|p2|4\n|start\n|switch|p1a: Whimsicott|Whimsicott, L50, F|100/100\n|switch|p1b: Charizard|Charizard, L50, M|100/100\n|switch|p2a: Sneasler|Sneasler, L50, F|100/100\n|switch|p2b: Sableye|Sableye, L50, F|100/100\n|turn|1\n|\n|t:|1788432549\n|detailschange|p1b: Charizard|Charizard-Mega-Y, L50, M\n|-mega|p1b: Charizard|Charizard|Charizardite Y\n|-weather|SunnyDay|[from] ability: Drought|[of] p1b: Charizard\n|move|p1a: Whimsicott|Protect|p1a: Whimsicott\n|-singleturn|p1a: Whimsicott|Protect\n|move|p2b: Sableye|Swagger|p2a: Sneasler\n|-boost|p2a: Sneasler|atk|2\n|-start|p2a: Sneasler|confusion\n|-enditem|p2a: Sneasler|Lum Berry|[eat]\n|-end|p2a: Sneasler|confusion\n|move|p2a: Sneasler|Dire Claw|p1b: Charizard\n|-damage|p1b: Charizard|18/100\n|move|p1b: Charizard|Heat Wave|p2b: Sableye|[spread] p2a,p2b\n|-crit|p2a: Sneasler\n|-damage|p2a: Sneasler|0 fnt\n|-damage|p2b: Sableye|21/100\n|faint|p2a: Sneasler\n|\n|-weather|SunnyDay|[upkeep]\n|upkeep\n|j| raxxan\n|\n|t:|1788432568\n|switch|p2a: Raichu|Raichu, L50, M|100/100\n|turn|2\n|\n|t:|1788432581\n|detailschange|p2a: Raichu|Raichu-Mega-Y, L50, M\n|-mega|p2a: Raichu|Raichu|Raichunite Y\n|move|p1a: Whimsicott|Tailwind|p1a: Whimsicott\n|-sidestart|p1: Astano|move: Tailwind\n|move|p2b: Sableye|Quash|p1b: Charizard\n|-activate|p1b: Charizard|move: Quash\n|move|p2a: Raichu|Zap Cannon|p1b: Charizard\n|-supereffective|p1b: Charizard|1\n|-damage|p1b: Charizard|0 fnt\n|faint|p1b: Charizard\n|\n|-weather|SunnyDay|[upkeep]\n|upkeep\n|\n|t:|1788432589\n|switch|p1b: Garchomp|Garchomp, L50, F|100/100\n|turn|3\n|\n|t:|1788432596\n|switch|p2a: Sinistcha|Sinistcha, L50|100/100\n|-heal|p2b: Sableye|45/100|[from] ability: Hospitality|[of] p2a: Sinistcha\n|move|p1a: Whimsicott|Encore||[still]\n|-fail|p1a: Whimsicott\n|move|p1b: Garchomp|Rock Slide|p2a: Sinistcha|[spread] p2a\n|-miss|p1b: Garchomp|p2b: Sableye\n|-damage|p2a: Sinistcha|84/100\n|move|p2b: Sableye|Foul Play|p1b: Garchomp\n|-damage|p1b: Garchomp|61/100\n|-damage|p2b: Sableye|33/100|[from] ability: Rough Skin|[of] p1b: Garchomp\n|\n|-weather|SunnyDay|[upkeep]\n|upkeep\n|turn|4\n|\n|t:|1788432610\n|move|p2b: Sableye|Quash|p1b: Garchomp\n|-activate|p1b: Garchomp|move: Quash\n|move|p1a: Whimsicott|Moonblast|p2b: Sableye\n|-supereffective|p2b: Sableye|1\n|-damage|p2b: Sableye|0 fnt\n|faint|p2b: Sableye\n|move|p2a: Sinistcha|Matcha Gotcha|p1b: Garchomp|[spread] p1a,p1b\n|-resisted|p1a: Whimsicott|1\n|-damage|p1a: Whimsicott|78/100\n|-heal|p2a: Sinistcha|93/100|[from] drain|[of] p1a: Whimsicott\n|-damage|p1b: Garchomp|37/100\n|-heal|p2a: Sinistcha|100/100|[from] drain|[of] p1b: Garchomp\n|move|p1b: Garchomp|Poison Jab|p2a: Sinistcha\n|-damage|p2a: Sinistcha|79/100\n|-status|p2a: Sinistcha|psn\n|\n|-weather|SunnyDay|[upkeep]\n|-damage|p2a: Sinistcha|66/100 psn|[from] psn\n|upkeep\n|\n|t:|1788432625\n|switch|p2b: Raichu|Raichu-Mega-Y, L50, M|100/100\n|turn|5\n|\n|t:|1788432633\n|move|p1a: Whimsicott|Protect|p1a: Whimsicott\n|-singleturn|p1a: Whimsicott|Protect\n|move|p2b: Raichu|Fake Out|p1b: Garchomp\n|-damage|p1b: Garchomp|30/100\n|-damage|p2b: Raichu|87/100|[from] ability: Rough Skin|[of] p1b: Garchomp\n|cant|p1b: Garchomp|flinch\n|move|p2a: Sinistcha|Matcha Gotcha|p1a: Whimsicott|[spread] p1b\n|-activate|p1a: Whimsicott|move: Protect\n|-damage|p1b: Garchomp|9/100\n|-heal|p2a: Sinistcha|79/100 psn|[from] drain|[of] p1b: Garchomp\n|-status|p1b: Garchomp|brn\n|\n|-weather|none\n|-damage|p2a: Sinistcha|67/100 psn|[from] psn\n|-damage|p1b: Garchomp|3/100 brn|[from] brn\n|-sideend|p1: Astano|move: Tailwind\n|upkeep\n|turn|6\n|\n|t:|1788432642\n|move|p2b: Raichu|Protect|p2b: Raichu\n|-singleturn|p2b: Raichu|Protect\n|move|p1a: Whimsicott|Encore|p2b: Raichu\n|-activate|p2b: Raichu|move: Protect\n|move|p1b: Garchomp|Poison Jab|p2a: Sinistcha\n|-damage|p2a: Sinistcha|55/100 psn\n|move|p2a: Sinistcha|Matcha Gotcha|p1a: Whimsicott|[spread] p1a,p1b\n|-resisted|p1a: Whimsicott|1\n|-crit|p1a: Whimsicott\n|-damage|p1a: Whimsicott|50/100g\n|-heal|p2a: Sinistcha|66/100 psn|[from] drain|[of] p1a: Whimsicott\n|-damage|p1b: Garchomp|0 fnt\n|-heal|p2a: Sinistcha|69/100 psn|[from] drain|[of] p1b: Garchomp\n|-status|p1a: Whimsicott|brn\n|faint|p1b: Garchomp\n|\n|-damage|p2a: Sinistcha|56/100 psn|[from] psn\n|-damage|p1a: Whimsicott|44/100 brn|[from] brn\n|upkeep\n|\n|t:|1788432644\n|switch|p1b: Kingambit|Kingambit, L50, F|100/100\n|turn|7\n|\n|t:|1788432654\n|move|p1a: Whimsicott|Encore|p2b: Raichu\n|-start|p2b: Raichu|Encore\n|move|p2b: Raichu|Protect||[still]\n|-fail|p2b: Raichu\n|move|p2a: Sinistcha|Matcha Gotcha|p1a: Whimsicott|[spread] p1a,p1b\n|-resisted|p1a: Whimsicott|1\n|-resisted|p1b: Kingambit|1\n|-damage|p1a: Whimsicott|24/100 brn\n|-heal|p2a: Sinistcha|64/100 psn|[from] drain|[of] p1a: Whimsicott\n|-damage|p1b: Kingambit|89/100\n|-heal|p2a: Sinistcha|70/100 psn|[from] drain|[of] p1b: Kingambit\n|move|p1b: Kingambit|Kowtow Cleave|p2a: Sinistcha\n|-supereffective|p2a: Sinistcha|1\n|-damage|p2a: Sinistcha|0 fnt\n|faint|p2a: Sinistcha\n|\n|-damage|p1a: Whimsicott|18/100 brn|[from] brn\n|upkeep\n|turn|8\n|\n|t:|1788432668\n|move|p2b: Raichu|Protect|p2b: Raichu\n|-singleturn|p2b: Raichu|Protect\n|move|p1a: Whimsicott|Tailwind|p1a: Whimsicott\n|-sidestart|p1: Astano|move: Tailwind\n|move|p1b: Kingambit|Kowtow Cleave|p2b: Raichu\n|-activate|p2b: Raichu|move: Protect\n|\n|-damage|p1a: Whimsicott|12/100 brn|[from] brn\n|upkeep\n|turn|9\n|-message|chitominchia forfeited.\n|\n|win|Astano\n|raw|Astano's rating: 1616 &rarr; <strong>1642</strong><br />(+26 for winning)\n|raw|chitominchia's rating: 1731 &rarr; <strong>1705</strong><br />(-26 for losing)\n","uploadtime":1788432669,"views":"1","formatid":"gen9championsvgc2026regmb","rating":1642,"private":0,"password":null}