{"id":"gen9championsvgc2026regmb-2674894312","format":"[Gen 9 Champions] VGC 2026 Reg M-B","players":["supergrokmax999","bacon is mid"],"log":"|j|☆supergrokmax999\n|j|☆bacon is mid\n|t:|1788431001\n|gametype|doubles\n|player|p1|supergrokmax999|1|1088\n|player|p2|bacon is mid|palmer|1167\n|gen|9\n|tier|[Gen 9 Champions] VGC 2026 Reg M-B\n|rated|\n|rule|Species Clause: Limit one of each Pokémon\n|rule|Item Clause: Limit 1 of each item\n|clearpoke\n|poke|p1|Milotic, L50, F|\n|poke|p1|Staraptor, L50, F|\n|poke|p1|Excadrill, L50, M|\n|poke|p1|Gholdengo, L50|\n|poke|p1|Sinistcha, L50|\n|poke|p1|Tyranitar, L50, F|\n|poke|p2|Raichu, L50, M|\n|poke|p2|Staraptor, L50, F|\n|poke|p2|Arcanine-Hisui, L50, M|\n|poke|p2|Farigiraf, L50, F|\n|poke|p2|Sylveon, L50, F|\n|poke|p2|Kingambit, L50, M|\n|teampreview|4\n|inactive|Battle timer is ON: inactive players will automatically lose when time's up. (requested by supergrokmax999)\nsupergrokmax999 has agreed to open team sheets.\n|inactive|bacon is mid has 60 seconds left.\n|\n|t:|1788431043\n|teamsize|p1|4\n|teamsize|p2|4\n|start\n|switch|p1a: Staraptor|Staraptor, L50, F|100/100\n|switch|p1b: Tyranitar|Tyranitar, L50, F|100/100\n|switch|p2a: Staraptor|Staraptor, L50, F|100/100\n|switch|p2b: Raichu|Raichu, L50, M|100/100\n|-ability|p1a: Staraptor|Intimidate|boost\n|-unboost|p2a: Staraptor|atk|1\n|-unboost|p2b: Raichu|atk|1\n|-ability|p2a: Staraptor|Intimidate|boost\n|-unboost|p1a: Staraptor|atk|1\n|-unboost|p1b: Tyranitar|atk|1\n|-weather|Sandstorm|[from] ability: Sand Stream|[of] p1b: Tyranitar\n|turn|1\n|\n|t:|1788431068\n|detailschange|p1a: Staraptor|Staraptor-Mega, L50, F\n|-mega|p1a: Staraptor|Staraptor|Staraptite\n|move|p2b: Raichu|Fake Out|p1b: Tyranitar\n|-resisted|p1b: Tyranitar|1\n|-damage|p1b: Tyranitar|97/100\n|move|p1a: Staraptor|Tailwind|p1a: Staraptor\n|-sidestart|p1: supergrokmax999|move: Tailwind\n|cant|p1b: Tyranitar|flinch\n|move|p2a: Staraptor|Tailwind|p2a: Staraptor\n|-sidestart|p2: bacon is mid|move: Tailwind\n|\n|-weather|Sandstorm|[upkeep]\n|-damage|p1a: Staraptor|93/100|[from] Sandstorm\n|-damage|p2b: Raichu|94/100|[from] Sandstorm\n|-damage|p2a: Staraptor|93/100|[from] Sandstorm\n|upkeep\n|turn|2\n|\n|t:|1788431086\n|detailschange|p2b: Raichu|Raichu-Mega-Y, L50, M\n|-mega|p2b: Raichu|Raichu|Raichunite Y\n|move|p1a: Staraptor|Close Combat|p2a: Staraptor\n|-damage|p2a: Staraptor|28/100\n|-boost|p1a: Staraptor|def|1\n|-boost|p1a: Staraptor|spd|1\n|move|p2b: Raichu|Zap Cannon|p1a: Staraptor\n|-supereffective|p1a: Staraptor|1\n|-damage|p1a: Staraptor|1/100\n|-status|p1a: Staraptor|par\n|move|p2a: Staraptor|Close Combat|p1b: Tyranitar\n|-supereffective|p1b: Tyranitar|2\n|-crit|p1b: Tyranitar\n|-damage|p1b: Tyranitar|0 fnt\n|-unboost|p2a: Staraptor|def|1\n|-unboost|p2a: Staraptor|spd|1\n|faint|p1b: Tyranitar\n|\n|-weather|Sandstorm|[upkeep]\n|-damage|p2b: Raichu|88/100|[from] Sandstorm\n|-damage|p2a: Staraptor|21/100|[from] Sandstorm\n|-damage|p1a: Staraptor|0 fnt|[from] Sandstorm\n|faint|p1a: Staraptor\n|upkeep\n|\n|t:|1788431086\n|switch|p1a: Milotic|Milotic, L50, F|100/100\n|switch|p1b: Excadrill|Excadrill, L50, M|100/100\n|turn|3\n|inactive|bacon is mid has 30 seconds left.\n|inactive|bacon is mid has 20 seconds left.\n|inactive|bacon is mid has 15 seconds left.\n|inactive|bacon is mid has 10 seconds left.\n|\n|t:|1788431132\n|switch|p2b: Sylveon|Sylveon, L50, F|100/100\n|move|p2a: Staraptor|Protect|p2a: Staraptor\n|-singleturn|p2a: Staraptor|Protect\n|move|p1b: Excadrill|Rock Slide|p2a: Staraptor|[spread] p2b\n|-activate|p2a: Staraptor|move: Protect\n|-damage|p2b: Sylveon|70/100\n|move|p1a: Milotic|Ice Beam|p2b: Sylveon\n|-crit|p2b: Sylveon\n|-damage|p2b: Sylveon|40/100\n|\n|-weather|Sandstorm|[upkeep]\n|-damage|p2a: Staraptor|15/100|[from] Sandstorm\n|-damage|p1a: Milotic|94/100|[from] Sandstorm\n|-damage|p2b: Sylveon|34/100|[from] Sandstorm\n|upkeep\n|turn|4\n|inactive|bacon is mid has 30 seconds left.\n|\n|t:|1788431160\n|switch|p2a: Kingambit|Kingambit, L50, M|100/100\n|move|p2b: Sylveon|Detect|p2b: Sylveon\n|-singleturn|p2b: Sylveon|Protect\n|move|p1b: Excadrill|High Horsepower|p2a: Kingambit\n|-supereffective|p2a: Kingambit|1\n|-damage|p2a: Kingambit|13/100\n|move|p1a: Milotic|Ice Beam|p2a: Kingambit\n|-resisted|p2a: Kingambit|1\n|-damage|p2a: Kingambit|0 fnt\n|faint|p2a: Kingambit\n|\n|-weather|Sandstorm|[upkeep]\n|-damage|p1a: Milotic|88/100|[from] Sandstorm\n|-damage|p2b: Sylveon|28/100|[from] Sandstorm\n|-sideend|p2: bacon is mid|move: Tailwind\n|-sideend|p1: supergrokmax999|move: Tailwind\n|upkeep\n|\n|t:|1788431178\n|switch|p2a: Raichu|Raichu-Mega-Y, L50, M|88/100\n|turn|5\n|\n|t:|1788431185\n|move|p2a: Raichu|Fake Out|p1b: Excadrill\n|-resisted|p1b: Excadrill|1\n|-damage|p1b: Excadrill|94/100\n|cant|p1b: Excadrill|flinch\n|move|p1a: Milotic|Scald|p2a: Raichu\n|-damage|p2a: Raichu|47/100\n|-status|p2a: Raichu|brn\n|move|p2b: Sylveon|Hyper Voice|p1a: Milotic|[spread] p1a,p1b\n|-resisted|p1b: Excadrill|1\n|-damage|p1a: Milotic|59/100\n|-damage|p1b: Excadrill|65/100\n|\n|-weather|none\n|-damage|p2a: Raichu|41/100 brn|[from] brn\n|upkeep\n|turn|6\n|inactive|bacon is mid has 30 seconds left.\n|\n|t:|1788431211\n|move|p2a: Raichu|Focus Blast|p1b: Excadrill\n|-supereffective|p1b: Excadrill|1\n|-damage|p1b: Excadrill|0 fnt\n|faint|p1b: Excadrill\n|move|p1a: Milotic|Scald|p2a: Raichu\n|-damage|p2a: Raichu|0 fnt\n|faint|p2a: Raichu\n|move|p2b: Sylveon|Hyper Beam|p1a: Milotic\n|-damage|p1a: Milotic|0 fnt\n|-mustrecharge|p2b: Sylveon\n|faint|p1a: Milotic\n|\n|win|bacon is mid\n|raw|supergrokmax999's rating: 1088 &rarr; <strong>1070</strong><br />(-18 for losing)\n|raw|bacon is mid's rating: 1167 &rarr; <strong>1186</strong><br />(+19 for winning)\n|l|☆supergrokmax999\n|player|p1|\n","uploadtime":1788431227,"views":"3","formatid":"gen9championsvgc2026regmb","rating":1070,"private":0,"password":null}