{"id":"gen9championsvgc2026regmbbo3-2674064839","format":"[Gen 9 Champions] VGC 2026 Reg M-B (Bo3)","players":["humania1","526yamuko"],"log":"|j|☆humania1\n|j|☆526yamuko\n|html|<table width=\"100%\"><tr><td align=\"left\">humania1</td><td align=\"right\">526yamuko</tr><tr><td align=\"left\"><i class=\"fa fa-circle-o\"></i> <i class=\"fa fa-circle-o\"></i> </td><td align=\"right\"><i class=\"fa fa-circle-o\"></i> <i class=\"fa fa-circle-o\"></i> </tr></table>\n|uhtml|bestof|<h2><strong>Game 1</strong> of <a href=\"/game-bestof3-gen9championsvgc2026regmbbo3-2674064838\">a best-of-3</a></h2>\n|t:|1788294415\n|gametype|doubles\n|player|p1|humania1|266|1035\n|player|p2|526yamuko|smasher|1147\n|gen|9\n|tier|[Gen 9 Champions] VGC 2026 Reg M-B (Bo3)\n|rated|\n|rule|Species Clause: Limit one of each Pokémon\n|rule|Item Clause: Limit 1 of each item\n|clearpoke\n|poke|p1|Blastoise, L50, F|\n|poke|p1|Delphox, L50, M, shiny|\n|poke|p1|Incineroar, L50, M|\n|poke|p1|Sinistcha, L50|\n|poke|p1|Sneasler, L50, F|\n|poke|p1|Vivillon, L50, F|\n|poke|p2|Sinistcha, L50|\n|poke|p2|Gholdengo, L50|\n|poke|p2|Dragonite, L50, M|\n|poke|p2|Mawile, L50, M|\n|poke|p2|Pelipper, L50, F|\n|poke|p2|Blastoise, L50, F|\n|teampreview|4\n|showteam|p1|Blastoise||Blastoisinite|Torrent|Protect,ShellSmash,WaterSpout,DarkPulse|Modest||F|||50|]Delphox||Delphoxite|Blaze|Protect,HeatWave,Psyshock,NastyPlot|Timid||M|||50|]Incineroar||PasshoBerry|Intimidate|FakeOut,PartingShot,FlareBlitz,ThroatChop|Impish||M|||50|]Sinistcha||SitrusBerry|Hospitality|Protect,MatchaGotcha,TrickRoom,RagePowder|Bold|||||50|]Sneasler||FocusSash|PoisonTouch|QuickGuard,FakeOut,CloseCombat,DireClaw|Jolly||F|||50|]Vivillon||ChoiceScarf|CompoundEyes|Hurricane,SleepPowder,RagePowder,Uturn|Timid||F|||50|\n|showteam|p2|Sinistcha||SitrusBerry|Hospitality|TrickRoom,Protect,RagePowder,MatchaGotcha|Bold|||||50|]Gholdengo||LifeOrb|GoodasGold|NastyPlot,Protect,ShadowBall,MakeItRain|Modest|||||50|]Dragonite||YacheBerry|Multiscale|Tailwind,Protect,DragonClaw,ExtremeSpeed|Adamant||M|||50|]Mawile||Mawilite|Intimidate|PlayRough,SuckerPunch,Protect,IronHead|Adamant||M|||50|]Pelipper||MysticWater|Drizzle|WeatherBall,Hurricane,Protect,WideGuard|Modest||F|||50|]Blastoise||Blastoisinite|RainDish|WaterSpout,AuraSphere,Protect,FakeOut|Modest||F|||50|\n|inactive|Battle timer is ON: inactive players will automatically lose when time's up. (requested by humania1)\n|inactive|526yamuko has 60 seconds left.\n|\n|t:|1788294460\n|teamsize|p1|4\n|teamsize|p2|4\n|start\n|switch|p1a: Delphox|Delphox, L50, M, shiny|100/100\n|switch|p1b: Incineroar|Incineroar, L50, M|100/100\n|switch|p2a: Sinistcha|Sinistcha, L50|100/100\n|switch|p2b: Gholdengo|Gholdengo, L50|100/100\n|-ability|p1b: Incineroar|Intimidate|boost\n|-unboost|p2a: Sinistcha|atk|1\n|-unboost|p2b: Gholdengo|atk|1\n|turn|1\n|\n|t:|1788294468\n|switch|p1a: Sneasler|Sneasler, L50, F|100/100\n|move|p2b: Gholdengo|Protect|p2b: Gholdengo\n|-singleturn|p2b: Gholdengo|Protect\n|move|p1b: Incineroar|Flare Blitz|p2b: Gholdengo\n|-activate|p2b: Gholdengo|move: Protect\n|move|p2a: Sinistcha|Trick Room|p2a: Sinistcha\n|-fieldstart|move: Trick Room|[of] p2a: Sinistcha\n|\n|upkeep\n|turn|2\n|\n|t:|1788294483\n|move|p2a: Sinistcha|Rage Powder|p2a: Sinistcha\n|-singleturn|p2a: Sinistcha|move: Rage Powder\n|move|p1b: Incineroar|Flare Blitz|p2a: Sinistcha\n|-supereffective|p2a: Sinistcha|1\n|-damage|p2a: Sinistcha|25/100\n|-enditem|p2a: Sinistcha|Sitrus Berry|[eat]\n|-heal|p2a: Sinistcha|50/100g|[from] item: Sitrus Berry\n|-damage|p1b: Incineroar|78/100|[from] Recoil\n|move|p2b: Gholdengo|Nasty Plot|p2b: Gholdengo\n|-boost|p2b: Gholdengo|spa|2\n|move|p1a: Sneasler|Dire Claw|p2a: Sinistcha\n|-damage|p2a: Sinistcha|18/100\n|-status|p2a: Sinistcha|slp\n|\n|upkeep\n|turn|3\n|j| vainishaz\n|\n|t:|1788294506\n|cant|p2a: Sinistcha|slp\n|move|p1b: Incineroar|Flare Blitz|p2b: Gholdengo\n|-supereffective|p2b: Gholdengo|1\n|-damage|p2b: Gholdengo|1/100\n|-damage|p1b: Incineroar|50/100g|[from] Recoil\n|move|p2b: Gholdengo|Shadow Ball|p1a: Sneasler\n|-enditem|p1a: Sneasler|Focus Sash\n|-damage|p1a: Sneasler|1/100\n|-unboost|p1a: Sneasler|spd|1\n|-damage|p2b: Gholdengo|0 fnt|[from] item: Life Orb\n|faint|p2b: Gholdengo\n|move|p1a: Sneasler|Dire Claw|p2a: Sinistcha\n|-damage|p2a: Sinistcha|0 fnt\n|faint|p2a: Sinistcha\n|\n|upkeep\n|l| vainishaz\n|\n|t:|1788294526\n|switch|p2a: Mawile|Mawile, L50, M|100/100\n|switch|p2b: Blastoise|Blastoise, L50, F|100/100\n|-ability|p2a: Mawile|Intimidate|boost\n|-unboost|p1a: Sneasler|atk|1\n|-unboost|p1b: Incineroar|atk|1\n|turn|4\n|\n|t:|1788294530\n|switch|p1a: Sinistcha|Sinistcha, L50|100/100\n|-heal|p1b: Incineroar|75/100|[from] ability: Hospitality|[of] p1a: Sinistcha\n|detailschange|p2a: Mawile|Mawile-Mega, L50, M\n|-mega|p2a: Mawile|Mawile|Mawilite\n|move|p2a: Mawile|Play Rough|p1b: Incineroar\n|-damage|p1b: Incineroar|8/100\n|move|p1b: Incineroar|Flare Blitz|p2a: Mawile\n|-supereffective|p2a: Mawile|1\n|-damage|p2a: Mawile|30/100\n|-damage|p1b: Incineroar|0 fnt|[from] Recoil\n|faint|p1b: Incineroar\n|move|p2b: Blastoise|Water Spout|p1a: Sinistcha\n|-resisted|p1a: Sinistcha|1\n|-damage|p1a: Sinistcha|71/100\n|\n|upkeep\n|\n|t:|1788294530\n|switch|p1b: Delphox|Delphox, L50, M, shiny|100/100\n|turn|5\n|\n|t:|1788294545\n|detailschange|p1b: Delphox|Delphox-Mega, L50, M, shiny\n|-mega|p1b: Delphox|Delphox|Delphoxite\n|move|p2a: Mawile|Protect|p2a: Mawile\n|-singleturn|p2a: Mawile|Protect\n|move|p2b: Blastoise|Water Spout|p1b: Delphox|[spread] p1a,p1b\n|-resisted|p1a: Sinistcha|1\n|-supereffective|p1b: Delphox|1\n|-damage|p1a: Sinistcha|47/100\n|-damage|p1b: Delphox|15/100\n|-enditem|p1a: Sinistcha|Sitrus Berry|[eat]\n|-heal|p1a: Sinistcha|72/100|[from] item: Sitrus Berry\n|move|p1b: Delphox|Heat Wave|p2a: Mawile|[spread] p2b\n|-activate|p2a: Mawile|move: Protect\n|-resisted|p2b: Blastoise|1\n|-damage|p2b: Blastoise|78/100\n|-status|p2b: Blastoise|brn\n|move|p1a: Sinistcha|Trick Room|p1a: Sinistcha\n|-fieldend|move: Trick Room\n|\n|-damage|p2b: Blastoise|72/100 brn|[from] brn\n|upkeep\n|turn|6\n|\n|t:|1788294561\n|move|p1b: Delphox|Protect|p1b: Delphox\n|-singleturn|p1b: Delphox|Protect\n|move|p2a: Mawile|Sucker Punch||[still]\n|-fail|p2a: Mawile\n|move|p2b: Blastoise|Water Spout|p1b: Delphox|[spread] p1a\n|-activate|p1b: Delphox|move: Protect\n|-resisted|p1a: Sinistcha|1\n|-damage|p1a: Sinistcha|55/100\n|move|p1a: Sinistcha|Trick Room|p1a: Sinistcha\n|-fieldstart|move: Trick Room|[of] p1a: Sinistcha\n|\n|-damage|p2b: Blastoise|66/100 brn|[from] brn\n|upkeep\n|turn|7\n|inactive|526yamuko has 30 seconds left.\n|inactive|526yamuko has 20 seconds left.\n|\n|t:|1788294600\n|move|p2a: Mawile|Play Rough|p1b: Delphox\n|-resisted|p1b: Delphox|1\n|-damage|p1b: Delphox|0 fnt\n|faint|p1b: Delphox\n|move|p2b: Blastoise|Water Spout|p1a: Sinistcha\n|-resisted|p1a: Sinistcha|1\n|-damage|p1a: Sinistcha|35/100\n|move|p1a: Sinistcha|Trick Room|p1a: Sinistcha\n|-fieldend|move: Trick Room\n|\n|-damage|p2b: Blastoise|59/100 brn|[from] brn\n|upkeep\n|\n|t:|1788294600\n|switch|p1b: Sneasler|Sneasler, L50, F|1/100\n|turn|8\n|\n|t:|1788294613\n|move|p2b: Blastoise|Protect|p2b: Blastoise\n|-singleturn|p2b: Blastoise|Protect\n|move|p2a: Mawile|Protect|p2a: Mawile\n|-singleturn|p2a: Mawile|Protect\n|move|p1b: Sneasler|Close Combat|p2a: Mawile\n|-activate|p2a: Mawile|move: Protect\n|move|p1a: Sinistcha|Matcha Gotcha|p2a: Mawile|[spread] \n|-activate|p2a: Mawile|move: Protect\n|-activate|p2b: Blastoise|move: Protect\n|\n|-damage|p2b: Blastoise|53/100 brn|[from] brn\n|upkeep\n|turn|9\n|\n|t:|1788294620\n|move|p2a: Mawile|Sucker Punch|p1b: Sneasler\n|-resisted|p1b: Sneasler|1\n|-damage|p1b: Sneasler|0 fnt\n|faint|p1b: Sneasler\n|move|p2b: Blastoise|Water Spout|p1a: Sinistcha\n|-resisted|p1a: Sinistcha|1\n|-damage|p1a: Sinistcha|20/100y\n|move|p1a: Sinistcha|Matcha Gotcha|p2a: Mawile|[spread] p2a,p2b\n|-resisted|p2a: Mawile|1\n|-supereffective|p2b: Blastoise|1\n|-damage|p2a: Mawile|15/100\n|-heal|p1a: Sinistcha|26/100|[from] drain|[of] p2a: Mawile\n|-damage|p2b: Blastoise|1/100 brn\n|-heal|p1a: Sinistcha|50/100g|[from] drain|[of] p2b: Blastoise\n|\n|-damage|p2b: Blastoise|0 fnt|[from] brn\n|faint|p2b: Blastoise\n|upkeep\n|turn|10\n|\n|t:|1788294624\n|move|p1a: Sinistcha|Matcha Gotcha|p2a: Mawile\n|-resisted|p2a: Mawile|1\n|-damage|p2a: Mawile|0 fnt\n|-heal|p1a: Sinistcha|56/100|[from] drain|[of] p2a: Mawile\n|faint|p2a: Mawile\n|\n|win|humania1\n","uploadtime":1788294624,"views":"5","formatid":"gen9championsvgc2026regmbbo3","rating":null,"private":0,"password":null}