{"id":"gen9championsvgc2026regmb-2674897791","format":"[Gen 9 Champions] VGC 2026 Reg M-B","players":["dielho","Thornlace48812"],"log":"|j|☆dielho\n|j|☆Thornlace48812\n|t:|1788431757\n|gametype|doubles\n|player|p1|dielho|hilda-wonderlauncher|1089\n|player|p2|Thornlace48812|102|1156\n|gen|9\n|tier|[Gen 9 Champions] VGC 2026 Reg M-B\n|rated|\n|rule|Species Clause: Limit one of each Pokémon\n|rule|Item Clause: Limit 1 of each item\n|clearpoke\n|poke|p1|Gengar, L50, F, shiny|\n|poke|p1|Swampert, L50, F|\n|poke|p1|Politoed, L50, F, shiny|\n|poke|p1|Vivillon-Ocean, L50, F|\n|poke|p1|Meowscarada, L50, F, shiny|\n|poke|p1|Meowstic-F, L50, F, shiny|\n|poke|p2|Garchomp, L50, F|\n|poke|p2|Charizard, L50, M|\n|poke|p2|Whimsicott, L50, F|\n|poke|p2|Sylveon, L50, M|\n|poke|p2|Kingambit, L50, F|\n|poke|p2|Basculegion, L50, M|\n|teampreview|4\n|inactive|Battle timer is ON: inactive players will automatically lose when time's up. (requested by Thornlace48812)\nThornlace48812 rejected open team sheets.\n|\n|t:|1788431773\n|teamsize|p1|4\n|teamsize|p2|4\n|start\n|switch|p1a: Mandy|Swampert, L50, F|100/100\n|switch|p1b: Drácula|Meowscarada, L50, F, shiny|100/100\n|switch|p2a: Charizard|Charizard, L50, M|100/100\n|switch|p2b: Garchomp|Garchomp, L50, F|100/100\n|turn|1\n|\n|t:|1788431784\n|detailschange|p1a: Mandy|Swampert-Mega, L50, F\n|-mega|p1a: Mandy|Swampert|Swampertite\n|move|p2a: Charizard|Protect|p2a: Charizard\n|-singleturn|p2a: Charizard|Protect\n|move|p1b: Drácula|U-turn|p2b: Garchomp\n|-start|p1b: Drácula|typechange|Bug|[from] ability: Protean\n|-damage|p2b: Garchomp|62/100\n|-damage|p1b: Drácula|87/100|[from] ability: Rough Skin|[of] p2b: Garchomp\n|\n|t:|1788431796\n|switch|p1b: El papá de Billy|Politoed, L50, F, shiny|100/100|[from] U-turn\n|-weather|RainDance|[from] ability: Drizzle|[of] p1b: El papá de Billy\n|move|p1a: Mandy|Ice Punch|p2b: Garchomp\n|-supereffective|p2b: Garchomp|2\n|-damage|p2b: Garchomp|0 fnt\n|-damage|p1a: Mandy|87/100|[from] ability: Rough Skin|[of] p2b: Garchomp\n|faint|p2b: Garchomp\n|\n|-weather|RainDance|[upkeep]\n|upkeep\n|\n|t:|1788431797\n|switch|p2b: Basculegion|Basculegion, L50, M|100/100\n|turn|2\n|\n|t:|1788431813\n|detailschange|p2a: Charizard|Charizard-Mega-Y, L50, M\n|-mega|p2a: Charizard|Charizard|Charizardite Y\n|-weather|SunnyDay|[from] ability: Drought|[of] p2a: Charizard\n|move|p2a: Charizard|Heat Wave|p1a: Mandy|[spread] p1a,p1b\n|-resisted|p1a: Mandy|1\n|-resisted|p1b: El papá de Billy|1\n|-damage|p1a: Mandy|60/100\n|-damage|p1b: El papá de Billy|76/100\n|move|p2b: Basculegion|Last Respects|p1a: Mandy\n|-damage|p1a: Mandy|10/100\n|move|p1a: Mandy|Wave Crash|p2b: Basculegion\n|-resisted|p2b: Basculegion|1\n|-damage|p2b: Basculegion|77/100\n|-damage|p1a: Mandy|2/100|[from] Recoil\n|move|p1b: El papá de Billy|Rain Dance|p1b: El papá de Billy\n|-weather|RainDance\n|\n|-weather|RainDance|[upkeep]\n|-heal|p1b: El papá de Billy|82/100|[from] item: Leftovers\n|upkeep\n|turn|3\n|\n|t:|1788431826\n|move|p1a: Mandy|Protect|p1a: Mandy\n|-singleturn|p1a: Mandy|Protect\n|move|p2a: Charizard|Heat Wave|p1a: Mandy|[spread] p1b\n|-activate|p1a: Mandy|move: Protect\n|-resisted|p1b: El papá de Billy|1\n|-damage|p1b: El papá de Billy|74/100\n|move|p2b: Basculegion|Wave Crash|p1b: El papá de Billy\n|-resisted|p1b: El papá de Billy|1\n|-damage|p1b: El papá de Billy|8/100\n|-damage|p2b: Basculegion|56/100|[from] Recoil\n|move|p1b: El papá de Billy|Perish Song|p1b: El papá de Billy\n|-start|p1a: Mandy|perish3|[silent]\n|-start|p1b: El papá de Billy|perish3|[silent]\n|-start|p2a: Charizard|perish3|[silent]\n|-start|p2b: Basculegion|perish3|[silent]\n|-fieldactivate|move: Perish Song\n|\n|-weather|RainDance|[upkeep]\n|-heal|p1b: El papá de Billy|14/100|[from] item: Leftovers\n|-start|p1a: Mandy|perish3\n|-start|p2a: Charizard|perish3\n|-start|p2b: Basculegion|perish3\n|-start|p1b: El papá de Billy|perish3\n|upkeep\n|turn|4\n|\n|t:|1788431840\n|move|p1a: Mandy|Wave Crash|p2a: Charizard\n|-supereffective|p2a: Charizard|1\n|-damage|p2a: Charizard|0 fnt\n|faint|p2a: Charizard\n|-damage|p1a: Mandy|0 fnt|[from] Recoil\n|faint|p1a: Mandy\n|move|p2b: Basculegion|Last Respects|p1b: El papá de Billy\n|-damage|p1b: El papá de Billy|0 fnt\n|faint|p1b: El papá de Billy\n|\n|-weather|RainDance|[upkeep]\n|-start|p2b: Basculegion|perish2\n|upkeep\n|\n|t:|1788431843\n|switch|p2a: Whimsicott|Whimsicott, L50, F|100/100\n|switch|p1b: La mamá de Billy|Vivillon-Ocean, L50, F|100/100\n|switch|p1a: Drácula|Meowscarada, L50, F, shiny|87/100\n|turn|5\n|\n|t:|1788431847\n|move|p1a: Drácula|Knock Off|p2b: Basculegion\n|-start|p1a: Drácula|typechange|Dark|[from] ability: Protean\n|-supereffective|p2b: Basculegion|1\n|-damage|p2b: Basculegion|0 fnt\n|-enditem|p2b: Basculegion|Mystic Water|[from] move: Knock Off|[of] p1a: Drácula\n|faint|p2b: Basculegion\n|move|p2a: Whimsicott|Moonblast|p1a: Drácula\n|-supereffective|p1a: Drácula|1\n|-damage|p1a: Drácula|1/100\n|move|p1b: La mamá de Billy|Hurricane|p2a: Whimsicott\n|-supereffective|p2a: Whimsicott|1\n|-enditem|p2a: Whimsicott|Focus Sash\n|-damage|p2a: Whimsicott|1/100\n|\n|-weather|RainDance|[upkeep]\n|upkeep\n|turn|6\n|\n|t:|1788431855\n|move|p2a: Whimsicott|Protect|p2a: Whimsicott\n|-singleturn|p2a: Whimsicott|Protect\n|move|p1a: Drácula|Knock Off|p2a: Whimsicott\n|-activate|p2a: Whimsicott|move: Protect\n|move|p1b: La mamá de Billy|Hurricane|p2a: Whimsicott\n|-activate|p2a: Whimsicott|move: Protect\n|\n|-weather|none\n|upkeep\n|turn|7\n|\n|t:|1788431859\n|move|p1a: Drácula|Knock Off|p2a: Whimsicott\n|-resisted|p2a: Whimsicott|1\n|-damage|p2a: Whimsicott|0 fnt\n|faint|p2a: Whimsicott\n|\n|win|dielho\n|raw|dielho's rating: 1089 &rarr; <strong>1119</strong><br />(+30 for winning)\n|raw|Thornlace48812's rating: 1127 &rarr; <strong>1099</strong><br />(-28 for losing)\n","uploadtime":1788431859,"views":"3","formatid":"gen9championsvgc2026regmb","rating":1099,"private":0,"password":null}