{"id":"gen9championsvgc2026regmbbo3-2673325456","format":"[Gen 9 Champions] VGC 2026 Reg M-B (Bo3)","players":["ArielcitoTedetona","srrinath"],"log":"|j|☆ArielcitoTedetona\n|j|☆srrinath\n|html|<table width=\"100%\"><tr><td align=\"left\">ArielcitoTedetona</td><td align=\"right\">srrinath</tr><tr><td align=\"left\"><i class=\"fa fa-circle\"></i> <i class=\"fa fa-circle-o\"></i> </td><td align=\"right\"><i class=\"fa fa-circle-o\"></i> <i class=\"fa fa-circle\"></i> </tr></table>\n|uhtml|bestof|<h2><strong>Game 3</strong> of <a href=\"/game-bestof3-gen9championsvgc2026regmbbo3-2673322159\">a best-of-3</a></h2>\n|t:|1788183595\n|gametype|doubles\n|player|p1|ArielcitoTedetona|265|1131\n|player|p2|srrinath|1|1000\n|gen|9\n|tier|[Gen 9 Champions] VGC 2026 Reg M-B (Bo3)\n|rated|\n|rule|Species Clause: Limit one of each Pokémon\n|rule|Item Clause: Limit 1 of each item\n|clearpoke\n|poke|p1|Charizard, L50, M|\n|poke|p1|Incineroar, L50, F|\n|poke|p1|Venusaur, L50, M|\n|poke|p1|Garchomp, L50, F|\n|poke|p1|Sylveon, L50, F|\n|poke|p1|Annihilape, L50, F|\n|poke|p2|Charizard, L50, F|\n|poke|p2|Sylveon, L50, F|\n|poke|p2|Whimsicott, L50, F|\n|poke|p2|Incineroar, L50, M|\n|poke|p2|Garchomp, L50, F|\n|poke|p2|Corviknight, L50, F|\n|teampreview|4\n|showteam|p1|Charizard||CharizarditeY|Blaze|WeatherBall,HeatWave,AncientPower,Protect|Modest||M|||50|]Incineroar||SitrusBerry|Intimidate|FakeOut,FlareBlitz,DarkestLariat,PartingShot|Impish||F|||50|]Venusaur||LifeOrb|Chlorophyll|LeafStorm,SludgeBomb,EarthPower,Protect|Modest||M|||50|]Garchomp||ChoiceScarf|RoughSkin|Earthquake,DragonClaw,RockSlide,StompingTantrum|Adamant||F|||50|]Sylveon||FairyFeather|Pixilate|HyperVoice,Yawn,QuickAttack,Detect|Modest||F|||50|]Annihilape||FocusSash|Defiant|RockTomb,CloseCombat,RageFist,Protect|Jolly||F|||50|\n|showteam|p2|Charizard||CharizarditeY|Blaze|HeatWave,FireBlast,SolarBeam,Protect|Modest||F|||50|]Sylveon||FairyFeather|Pixilate|HyperVoice,HyperBeam,Psychic,Protect|Timid||F|||50|]Whimsicott||FocusSash|Prankster|Tailwind,HelpingHand,Protect,EnergyBall|Timid||F|||50|]Incineroar||SitrusBerry|Intimidate|FlareBlitz,PartingShot,FakeOut,Crunch|Adamant||M|||50|]Garchomp||YacheBerry|SandVeil|DragonClaw,RockSlide,StompingTantrum,Protect|Jolly||F|||50|]Corviknight||Leftovers|MirrorArmor|IronHead,BraveBird,Roost,Protect|Impish||F|||50|\n|\n|t:|1788183626\n|teamsize|p1|4\n|teamsize|p2|4\n|start\n|switch|p1a: Incha river|Annihilape, L50, F|100/100\n|switch|p1b: malozard|Charizard, L50, M|100/100\n|switch|p2a: Incineroar|Incineroar, L50, M|100/100\n|switch|p2b: Sylveon|Sylveon, L50, F|100/100\n|-ability|p2a: Incineroar|Intimidate|boost\n|-unboost|p1a: Incha river|atk|1\n|-ability|p1a: Incha river|Defiant|boost\n|-boost|p1a: Incha river|atk|2\n|-unboost|p1b: malozard|atk|1\n|turn|1\n|\n|t:|1788183649\n|detailschange|p1b: malozard|Charizard-Mega-Y, L50, M\n|-mega|p1b: malozard|Charizard|Charizardite Y\n|-weather|SunnyDay|[from] ability: Drought|[of] p1b: malozard\n|move|p1b: malozard|Protect|p1b: malozard\n|-singleturn|p1b: malozard|Protect\n|move|p2a: Incineroar|Fake Out|p1b: malozard\n|-activate|p1b: malozard|move: Protect\n|move|p1a: Incha river|Close Combat|p2a: Incineroar\n|-supereffective|p2a: Incineroar|1\n|-damage|p2a: Incineroar|0 fnt\n|-unboost|p1a: Incha river|def|1\n|-unboost|p1a: Incha river|spd|1\n|faint|p2a: Incineroar\n|move|p2b: Sylveon|Hyper Voice|p1a: Incha river|[spread] p1a\n|-activate|p1b: malozard|move: Protect\n|-supereffective|p1a: Incha river|1\n|-enditem|p1a: Incha river|Focus Sash\n|-damage|p1a: Incha river|1/100\n|\n|-weather|SunnyDay|[upkeep]\n|upkeep\n|\n|t:|1788183668\n|switch|p2a: Whimsicott|Whimsicott, L50, F|100/100\n|turn|2\n|\n|t:|1788183673\n|switch|p1b: tumamigorda|Venusaur, L50, M|100/100\n|move|p1a: Incha river|Protect|p1a: Incha river\n|-singleturn|p1a: Incha river|Protect\n|move|p2a: Whimsicott|Tailwind|p2a: Whimsicott\n|-sidestart|p2: srrinath|move: Tailwind\n|move|p2b: Sylveon|Hyper Voice|p1a: Incha river|[spread] p1b\n|-activate|p1a: Incha river|move: Protect\n|-resisted|p1b: tumamigorda|1\n|-crit|p1b: tumamigorda\n|-damage|p1b: tumamigorda|58/100\n|\n|-weather|SunnyDay|[upkeep]\n|upkeep\n|turn|3\n|\n|t:|1788183693\n|move|p2a: Whimsicott|Protect|p2a: Whimsicott\n|-singleturn|p2a: Whimsicott|Protect\n|move|p1b: tumamigorda|Sludge Bomb|p2b: Sylveon\n|-supereffective|p2b: Sylveon|1\n|-damage|p2b: Sylveon|3/100\n|-damage|p1b: tumamigorda|49/100|[from] item: Life Orb\n|move|p2b: Sylveon|Psychic|p1b: tumamigorda\n|-supereffective|p1b: tumamigorda|1\n|-damage|p1b: tumamigorda|0 fnt\n|faint|p1b: tumamigorda\n|move|p1a: Incha river|Rock Tomb|p2b: Sylveon\n|-damage|p2b: Sylveon|0 fnt\n|faint|p2b: Sylveon\n|\n|-weather|SunnyDay|[upkeep]\n|upkeep\n|\n|t:|1788183719\n|switch|p1b: malozard|Charizard-Mega-Y, L50, M|100/100\n|switch|p2b: Charizard|Charizard, L50, F|100/100\n|turn|4\n|\n|t:|1788183741\n|detailschange|p2b: Charizard|Charizard-Mega-Y, L50, F\n|-mega|p2b: Charizard|Charizard|Charizardite Y\n|move|p2a: Whimsicott|Helping Hand|p2b: Charizard\n|-singleturn|p2b: Charizard|Helping Hand|[of] p2a: Whimsicott\n|move|p1a: Incha river|Protect|p1a: Incha river\n|-singleturn|p1a: Incha river|Protect\n|move|p2b: Charizard|Heat Wave|p1b: malozard|[spread] p1b\n|-activate|p1a: Incha river|move: Protect\n|-resisted|p1b: malozard|1\n|-damage|p1b: malozard|55/100\n|move|p1b: malozard|Ancient Power|p2b: Charizard\n|-supereffective|p2b: Charizard|2\n|-damage|p2b: Charizard|1/100\n|\n|-weather|SunnyDay|[upkeep]\n|upkeep\n|turn|5\n|\n|t:|1788183777\n|move|p2a: Whimsicott|Protect|p2a: Whimsicott\n|-singleturn|p2a: Whimsicott|Protect\n|move|p2b: Charizard|Protect|p2b: Charizard\n|-singleturn|p2b: Charizard|Protect\n|move|p1a: Incha river|Rock Tomb|p2b: Charizard\n|-activate|p2b: Charizard|move: Protect\n|move|p1b: malozard|Weather Ball|p2a: Whimsicott\n|-activate|p2a: Whimsicott|move: Protect\n|\n|-weather|none\n|-sideend|p2: srrinath|move: Tailwind\n|upkeep\n|turn|6\n|\n|t:|1788183794\n|move|p2a: Whimsicott|Tailwind|p2a: Whimsicott\n|-sidestart|p2: srrinath|move: Tailwind\n|move|p2b: Charizard|Heat Wave|p1a: Incha river|[spread] p1a,p1b\n|-resisted|p1b: malozard|1\n|-damage|p1a: Incha river|0 fnt\n|-damage|p1b: malozard|36/100\n|faint|p1a: Incha river\n|move|p1b: malozard|Heat Wave|p2b: Charizard|[spread] p2a,p2b\n|-supereffective|p2a: Whimsicott|1\n|-resisted|p2b: Charizard|1\n|-crit|p2b: Charizard\n|-enditem|p2a: Whimsicott|Focus Sash\n|-damage|p2a: Whimsicott|1/100\n|-damage|p2b: Charizard|0 fnt\n|faint|p2b: Charizard\n|\n|upkeep\n|\n|t:|1788183806\n|switch|p1a: megaladron|Garchomp, L50, F|100/100\n|turn|7\n|\n|t:|1788183813\n|move|p2a: Whimsicott|Energy Ball|p1a: megaladron\n|-damage|p1a: megaladron|71/100\n|move|p1a: megaladron|Earthquake|p2a: Whimsicott|[spread] p2a\n|-immune|p1b: malozard\n|-resisted|p2a: Whimsicott|1\n|-damage|p2a: Whimsicott|0 fnt\n|faint|p2a: Whimsicott\n|\n|win|ArielcitoTedetona\n|raw|ArielcitoTedetona's rating: 1131 &rarr; <strong>1147</strong><br />(+16 for winning)\n|raw|srrinath's rating: 1000 &rarr; <strong>1000</strong><br />(+0 for losing)\n|l|☆srrinath\n|player|p2|\n","uploadtime":1788183825,"views":"3","formatid":"gen9championsvgc2026regmbbo3","rating":1000,"private":0,"password":null}