{"id":"gen9championsvgc2026regmb-2674195216","format":"[Gen 9 Champions] VGC 2026 Reg M-B","players":["Metalyx01","jp789012"],"log":"|j|☆Metalyx01\n|j|☆jp789012\n|html|<table width=\"100%\"><tr><td align=\"left\">Metalyx01</td><td align=\"right\">jp789012</tr><tr><td align=\"left\"><i class=\"fa fa-circle-o\"></i> <i class=\"fa fa-circle-o\"></i> </td><td align=\"right\"><i class=\"fa fa-circle-o\"></i> <i class=\"fa fa-circle-o\"></i> </tr></table>\n|uhtml|bestof|<h2><strong>Game 1</strong> of <a href=\"/game-bestof3-gen9championsvgc2026regmb-2674195215\">a best-of-3</a></h2>\n|t:|1788313604\n|gametype|doubles\n|player|p1|Metalyx01|miku-ghost|\n|player|p2|jp789012|265|\n|gen|9\n|tier|[Gen 9 Champions] VGC 2026 Reg M-B\n|rule|Species Clause: Limit one of each Pokémon\n|rule|Item Clause: Limit 1 of each item\n|raw|<div class=\"infobox\"><details class=\"readmore\" open><summary><strong>2 custom rules:</strong></summary> Best of = 3, !OpenTeamSheets</details></div>\n|clearpoke\n|poke|p1|Dragonite, L50, F, shiny|\n|poke|p1|Metagross, L50, shiny|\n|poke|p1|Maushold-Four, L50, shiny|\n|poke|p1|Pelipper, L50, F, shiny|\n|poke|p1|Archaludon, L50, F, shiny|\n|poke|p1|Weavile, L50, F, shiny|\n|poke|p2|Drampa, L50, F|\n|poke|p2|Sinistcha, L50, shiny|\n|poke|p2|Blastoise, L50, M, shiny|\n|poke|p2|Delphox, L50, F, shiny|\n|poke|p2|Passimian, L50, M, shiny|\n|poke|p2|Aegislash, L50, M, shiny|\n|teampreview|4\n|c|☆Metalyx01|you wanna spam the link in disc so people join?\n|c|☆jp789012|i’m super sorry\n|c|☆jp789012|on phone\n|c|☆jp789012|dym sending\n|c|☆jp789012|also can we do no timer, totally understand if jot\n|c|☆Metalyx01|no timer is fine\n|j| oberon123\n|j| Catalyxx\n|j| nysleepy\n|j| Donjozo\n|j| cookiecorner\n|j| Spottedwoot\n|j| blakbackjk\n|c| blakbackjk|actually no timer is NOT fine\n|c|☆Metalyx01|what a crowd\n|c| blakbackjk|good morning from guilin!\n|c|☆Metalyx01|im ready whenever you are\n|c|☆jp789012|same here\n|c|☆jp789012|let’s start\n|c|☆jp789012|gl hf\n|c|☆Metalyx01|gl hf\n|\n|t:|1788314005\n|teamsize|p1|4\n|teamsize|p2|4\n|start\n|switch|p1a: Maushold|Maushold-Four, L50, shiny|100/100\n|switch|p1b: Weavile|Weavile, L50, F, shiny|100/100\n|switch|p2a: Homebrew|Sinistcha, L50, shiny|100/100\n|switch|p2b: WAKANDA FOREVER|Blastoise, L50, M, shiny|100/100\n|turn|1\n|c|☆Metalyx01|ah\n|c|☆Metalyx01|forgot to name my pokemon oops\n|c| blakbackjk|hatsune miku\n|\n|t:|1788314036\n|move|p1b: Weavile|Fake Out|p2b: WAKANDA FOREVER\n|-damage|p2b: WAKANDA FOREVER|84/100\n|cant|p2b: WAKANDA FOREVER|flinch\n|move|p1a: Maushold|Taunt|p2a: Homebrew\n|-start|p2a: Homebrew|move: Taunt\n|cant|p2a: Homebrew|move: Taunt|Trick Room\n|\n|upkeep\n|turn|2\n|\n|t:|1788314059\n|move|p1b: Weavile|Knock Off|p2a: Homebrew\n|-supereffective|p2a: Homebrew|1\n|-damage|p2a: Homebrew|24/100\n|-enditem|p2a: Homebrew|Coba Berry|[from] move: Knock Off|[of] p1b: Weavile\n|move|p1a: Maushold|Crunch|p2a: Homebrew\n|-supereffective|p2a: Homebrew|1\n|-damage|p2a: Homebrew|2/100\n|move|p2b: WAKANDA FOREVER|Aura Sphere|p1b: Weavile\n|-supereffective|p1b: Weavile|2\n|-damage|p1b: Weavile|25/100\n|move|p2a: Homebrew|Shadow Ball|p1b: Weavile\n|-resisted|p1b: Weavile|1\n|-damage|p1b: Weavile|9/100\n|\n|upkeep\n|turn|3\n|\n|t:|1788314113\n|switch|p1b: Pelipper|Pelipper, L50, F, shiny|100/100\n|-weather|RainDance|[from] ability: Drizzle|[of] p1b: Pelipper\n|move|p1a: Maushold|Encore|p2b: WAKANDA FOREVER\n|-start|p2b: WAKANDA FOREVER|Encore\n|move|p2b: WAKANDA FOREVER|Aura Sphere|p1a: Maushold\n|-supereffective|p1a: Maushold|1\n|-enditem|p1a: Maushold|Chople Berry|[eat]\n|-enditem|p1a: Maushold|Chople Berry|[weaken]\n|-damage|p1a: Maushold|83/100\n|move|p2a: Homebrew|Shadow Ball|p1b: Pelipper\n|-damage|p1b: Pelipper|72/100\n|\n|-weather|RainDance|[upkeep]\n|-heal|p2b: WAKANDA FOREVER|90/100|[from] ability: Rain Dish\n|-end|p2a: Homebrew|move: Taunt\n|upkeep\n|turn|4\n|\n|t:|1788314199\n|switch|p1a: Dragonite|Dragonite, L50, F, shiny|100/100\n|switch|p2b: COUNT DRAMPULA|Drampa, L50, F|100/100\n|-ability|p2b: COUNT DRAMPULA|Cloud Nine\n|switch|p2a: BLADE STAR VII|Aegislash, L50, M, shiny|100/100\n|move|p1b: Pelipper|Hurricane|p2a: BLADE STAR VII\n|-resisted|p2a: BLADE STAR VII|1\n|-damage|p2a: BLADE STAR VII|85/100\n|\n|-weather|RainDance|[upkeep]\n|-heal|p2a: BLADE STAR VII|92/100|[from] item: Leftovers\n|upkeep\n|turn|5\n|j| PKMNSGaming!\n|\n|t:|1788314233\n|detailschange|p1a: Dragonite|Dragonite-Mega, L50, F, shiny\n|-mega|p1a: Dragonite|Dragonite|Dragoninite\n|move|p2b: COUNT DRAMPULA|Protect|p2b: COUNT DRAMPULA\n|-singleturn|p2b: COUNT DRAMPULA|Protect\n|move|p1a: Dragonite|Draco Meteor|p2b: COUNT DRAMPULA\n|-activate|p2b: COUNT DRAMPULA|move: Protect\n|move|p1b: Pelipper|Weather Ball|p2a: BLADE STAR VII\n|-immune|p2a: BLADE STAR VII\n|-formechange|p2a: BLADE STAR VII|Aegislash-Blade|\n|move|p2a: BLADE STAR VII|Rock Slide|p1b: Pelipper|[spread] p1a,p1b\n|-supereffective|p1a: Dragonite|1\n|-supereffective|p1b: Pelipper|1\n|-damage|p1a: Dragonite|80/100\n|-damage|p1b: Pelipper|25/100\n|\n|-weather|RainDance|[upkeep]\n|-heal|p2a: BLADE STAR VII|98/100|[from] item: Leftovers\n|upkeep\n|turn|6\n|c|☆Metalyx01|you made me look stupid\n|c| blakbackjk|john porkus\n|\n|t:|1788314261\n|switch|p1b: Maushold|Maushold-Four, L50, shiny|83/100\n|switch|p2b: WAKANDA FOREVER|Blastoise, L50, M, shiny|90/100\n|-formechange|p2a: BLADE STAR VII|Aegislash|\n|move|p2a: BLADE STAR VII|King's Shield|p2a: BLADE STAR VII\n|-singleturn|p2a: BLADE STAR VII|Protect\n|move|p1a: Dragonite|Draco Meteor|p2b: WAKANDA FOREVER\n|-damage|p2b: WAKANDA FOREVER|35/100\n|-unboost|p1a: Dragonite|spa|2\n|\n|-weather|RainDance|[upkeep]\n|-heal|p2b: WAKANDA FOREVER|41/100|[from] ability: Rain Dish\n|-heal|p2a: BLADE STAR VII|100/100|[from] item: Leftovers\n|upkeep\n|turn|7\n|\n|t:|1788314302\n|switch|p1a: Weavile|Weavile, L50, F, shiny|9/100\n|move|p2b: WAKANDA FOREVER|Fake Out|p1b: Maushold\n|-damage|p1b: Maushold|73/100\n|cant|p1b: Maushold|flinch\n|-formechange|p2a: BLADE STAR VII|Aegislash-Blade|\n|move|p2a: BLADE STAR VII|Poltergeist|p1a: Weavile\n|-activate|p1a: Weavile|move: Poltergeist|Focus Sash\n|-resisted|p1a: Weavile|1\n|-damage|p1a: Weavile|0 fnt\n|faint|p1a: Weavile\n|\n|-weather|none\n|upkeep\n|l| nysleepy\n|\n|t:|1788314325\n|switch|p1a: Dragonite|Dragonite-Mega, L50, F, shiny|80/100\n|turn|8\n|\n|t:|1788314335\n|switch|p2a: Homebrew|Sinistcha, L50, shiny|2/100\n|-heal|p2b: WAKANDA FOREVER|66/100|[from] ability: Hospitality|[of] p2a: Homebrew\n|move|p1b: Maushold|Encore||[still]\n|-fail|p1b: Maushold\n|move|p1a: Dragonite|Draco Meteor|p2b: WAKANDA FOREVER\n|-damage|p2b: WAKANDA FOREVER|15/100\n|-unboost|p1a: Dragonite|spa|2\n|move|p2b: WAKANDA FOREVER|Mirror Coat|p1a: Dragonite\n|-damage|p1a: Dragonite|0 fnt\n|faint|p1a: Dragonite\n|\n|upkeep\n|\n|t:|1788314349\n|switch|p1a: Pelipper|Pelipper, L50, F, shiny|25/100\n|-weather|RainDance|[from] ability: Drizzle|[of] p1a: Pelipper\n|turn|9\n|\n|t:|1788314402\n|move|p1a: Pelipper|Protect|p1a: Pelipper\n|-singleturn|p1a: Pelipper|Protect\n|move|p1b: Maushold|Crunch|p2a: Homebrew\n|-supereffective|p2a: Homebrew|1\n|-damage|p2a: Homebrew|0 fnt\n|faint|p2a: Homebrew\n|move|p2b: WAKANDA FOREVER|Aura Sphere|p1b: Maushold\n|-supereffective|p1b: Maushold|1\n|-damage|p1b: Maushold|35/100\n|\n|-weather|RainDance|[upkeep]\n|-heal|p2b: WAKANDA FOREVER|21/100|[from] ability: Rain Dish\n|upkeep\n|\n|t:|1788314412\n|switch|p2a: COUNT DRAMPULA|Drampa, L50, F|100/100\n|-ability|p2a: COUNT DRAMPULA|Cloud Nine\n|turn|10\n|\n|t:|1788314424\n|detailschange|p2a: COUNT DRAMPULA|Drampa-Mega, L50, F\n|-mega|p2a: COUNT DRAMPULA|Drampa|Drampanite\n|move|p2b: WAKANDA FOREVER|Protect|p2b: WAKANDA FOREVER\n|-singleturn|p2b: WAKANDA FOREVER|Protect\n|move|p1b: Maushold|Crunch|p2a: COUNT DRAMPULA\n|-damage|p2a: COUNT DRAMPULA|87/100\n|move|p1a: Pelipper|Hurricane|p2b: WAKANDA FOREVER\n|-activate|p2b: WAKANDA FOREVER|move: Protect\n|move|p2a: COUNT DRAMPULA|Hyper Voice|p1b: Maushold|[spread] p1a,p1b\n|-crit|p1a: Pelipper\n|-damage|p1a: Pelipper|0 fnt\n|-damage|p1b: Maushold|0 fnt\n|faint|p1a: Pelipper\n|faint|p1b: Maushold\n|\n|win|jp789012\n|inactive|Metalyx01 has 30 seconds to confirm battle start!\n|inactive|jp789012 has 30 seconds to confirm battle start!\n|inactive|Metalyx01 has 20 seconds to confirm battle start!\n|inactive|jp789012 has 20 seconds to confirm battle start!\n||Metalyx01 is ready for game 2.\n||jp789012 is ready for game 2.\n|uhtml|next|Next: <a href=\"/battle-gen9championsvgc2026regmb-2674200587\"><strong>Game 2 of 3</strong></a>\n|j| ninfire\n|l| PKMNSGaming!\n|l|☆jp789012\n|player|p2|\n|l| Donjozo\n|l| Spottedwoot\n|l| ninfire\n|n|☆Metalyx01|metalyx01\n|n| oberon123|oberon123\n|n| Catalyxx|catalyxx\n|n| cookiecorner|cookiecorner\n|n| blakbackjk|blakbackjk\n|l| blakbackjk\n|n| cookiecorner@!|cookiecorner\n|n| oberon123@!|oberon123\n|n| Catalyxx@!|catalyxx\n|n| Catalyxx|catalyxx\n","uploadtime":1788315666,"views":"20","formatid":"gen9championsvgc2026regmb","rating":null,"private":0,"password":null}