{"id":"gen9championsvgc2026regmbbo3-2674978946","format":"[Gen 9 Champions] VGC 2026 Reg M-B (Bo3)","players":["ZURUYO","Senpai9878"],"log":"|j|☆ZURUYO\n|j|☆Senpai9878\n|html|<table width=\"100%\"><tr><td align=\"left\">ZURUYO</td><td align=\"right\">Senpai9878</tr><tr><td align=\"left\"><i class=\"fa fa-circle-o\"></i> <i class=\"fa fa-circle-o\"></i> </td><td align=\"right\"><i class=\"fa fa-circle-o\"></i> <i class=\"fa fa-circle\"></i> </tr></table>\n|uhtml|bestof|<h2><strong>Game 2</strong> of <a href=\"/game-bestof3-gen9championsvgc2026regmbbo3-2674976813\">a best-of-3</a></h2>\n|t:|1788444627\n|gametype|doubles\n|player|p1|ZURUYO|roxie|1103\n|player|p2|Senpai9878|102|1106\n|gen|9\n|tier|[Gen 9 Champions] VGC 2026 Reg M-B (Bo3)\n|rated|\n|rule|Species Clause: Limit one of each Pokémon\n|rule|Item Clause: Limit 1 of each item\n|clearpoke\n|poke|p1|Charizard, L50, F|\n|poke|p1|Whimsicott, L50, M|\n|poke|p1|Garchomp, L50, F|\n|poke|p1|Floette-Eternal, L50, F|\n|poke|p1|Basculegion, L50, M|\n|poke|p1|Kingambit, L50, F|\n|poke|p2|Gengar, L50, M|\n|poke|p2|Archaludon, L50, M|\n|poke|p2|Politoed, L50, F|\n|poke|p2|Swampert, L50, M|\n|poke|p2|Vivillon-Fancy, L50, M|\n|poke|p2|Incineroar, L50, F|\n|teampreview|4\n|showteam|p1|Charizard||CharizarditeY|Blaze|HeatWave,WeatherBall,AncientPower,Protect|Timid||F|||50|]Whimsicott||FocusSash|Prankster|Moonblast,Tailwind,Encore,Protect|Timid||M|||50|]Garchomp||SitrusBerry|RoughSkin|DragonClaw,Earthquake,RockSlide,Protect|Jolly||F|||50|]Floette-Eternal||Floettite|FlowerVeil|Moonblast,DazzlingGleam,LightofRuin,Protect|Modest||F|||50|]Basculegion||LifeOrb|Adaptability|WaveCrash,LastRespects,AquaJet,Protect|Adamant||M|||50|]Kingambit||OccaBerry|Defiant|KowtowCleave,SuckerPunch,IronHead,LowKick|Adamant||F|||50|\n|showteam|p2|Gengar||Gengarite|CursedBody|ShadowBall,SludgeBomb,PerishSong,Protect|Modest||M|||50|]Archaludon||Leftovers|Stamina|ElectroShot,DragonPulse,FlashCannon,Protect|Bold||M|||50|]Politoed||SitrusBerry|Drizzle|WeatherBall,Hypnosis,PerishSong,Protect|Calm||F|||50|]Swampert||Swampertite|Torrent|WaveCrash,Earthquake,IcePunch,Protect|Adamant||M|||50|]Vivillon-Fancy||FocusSash|CompoundEyes|Hurricane,SleepPowder,RagePowder,Protect|Timid||M|||50|]Incineroar||PasshoBerry|Intimidate|ThroatChop,FakeOut,PartingShot,Protect|Impish||F|||50|\n|inactive|Battle timer is ON: inactive players will automatically lose when time's up. (requested by Senpai9878)\n|inactive|ZURUYO has 60 seconds left.\n|\n|t:|1788444684\n|teamsize|p1|4\n|teamsize|p2|4\n|start\n|switch|p1a: Kingambit|Kingambit, L50, F|100/100\n|switch|p1b: Charizard|Charizard, L50, F|100/100\n|switch|p2a: Archaludon|Archaludon, L50, M|100/100\n|switch|p2b: Swampert|Swampert, L50, M|100/100\n|turn|1\n|inactive|Senpai9878 has 30 seconds left.\n|\n|t:|1788444718\n|move|p1b: Charizard|Protect|p1b: Charizard\n|-singleturn|p1b: Charizard|Protect\n|move|p2b: Swampert|Protect|p2b: Swampert\n|-singleturn|p2b: Swampert|Protect\n|move|p2a: Archaludon|Protect|p2a: Archaludon\n|-singleturn|p2a: Archaludon|Protect\n|move|p1a: Kingambit|Low Kick|p2a: Archaludon\n|-activate|p2a: Archaludon|move: Protect\n|\n|upkeep\n|turn|2\n|inactive|ZURUYO has 30 seconds left.\n|\n|t:|1788444751\n|switch|p1b: Garchomp|Garchomp, L50, F|100/100\n|switch|p2a: Vivillon|Vivillon-Fancy, L50, M|100/100\n|detailschange|p2b: Swampert|Swampert-Mega, L50, M\n|-mega|p2b: Swampert|Swampert|Swampertite\n|move|p2b: Swampert|Earthquake|p1a: Kingambit|[spread] p1a,p1b\n|-immune|p2a: Vivillon\n|-supereffective|p1a: Kingambit|1\n|-damage|p1a: Kingambit|25/100\n|-damage|p1b: Garchomp|61/100\n|move|p1a: Kingambit|Kowtow Cleave|p2b: Swampert\n|-damage|p2b: Swampert|52/100\n|\n|upkeep\n|turn|3\n|inactive|Senpai9878 has 30 seconds left.\n|inactive|Senpai9878 has 20 seconds left.\n|\n|t:|1788444789\n|switch|p2a: Politoed|Politoed, L50, F|100/100\n|-weather|RainDance|[from] ability: Drizzle|[of] p2a: Politoed\n|switch|p1a: Charizard|Charizard, L50, F|100/100\n|move|p2b: Swampert|Ice Punch|p1b: Garchomp\n|-supereffective|p1b: Garchomp|2\n|-damage|p1b: Garchomp|0 fnt\n|-damage|p2b: Swampert|40/100|[from] ability: Rough Skin|[of] p1b: Garchomp\n|faint|p1b: Garchomp\n|\n|-weather|RainDance|[upkeep]\n|upkeep\n|\n|t:|1788444799\n|switch|p1b: Basculegion|Basculegion, L50, M|100/100\n|turn|4\n|\n|t:|1788444821\n|detailschange|p1a: Charizard|Charizard-Mega-Y, L50, F\n|-mega|p1a: Charizard|Charizard|Charizardite Y\n|-weather|SunnyDay|[from] ability: Drought|[of] p1a: Charizard\n|move|p2b: Swampert|Protect|p2b: Swampert\n|-singleturn|p2b: Swampert|Protect\n|move|p1a: Charizard|Heat Wave|p2a: Politoed|[spread] \n|-activate|p2b: Swampert|move: Protect\n|-miss|p1a: Charizard|p2a: Politoed\n|move|p1b: Basculegion|Last Respects|p2a: Politoed\n|-damage|p2a: Politoed|17/100\n|-enditem|p2a: Politoed|Sitrus Berry|[eat]\n|-heal|p2a: Politoed|42/100|[from] item: Sitrus Berry\n|-damage|p1b: Basculegion|90/100|[from] item: Life Orb\n|move|p2a: Politoed|Hypnosis|p1a: Charizard\n|-status|p1a: Charizard|slp|[from] move: Hypnosis\n|\n|-weather|SunnyDay|[upkeep]\n|upkeep\n|turn|5\n|inactive|ZURUYO has 30 seconds left.\n|inactive|Senpai9878 has 30 seconds left.\n|\n|t:|1788444855\n|switch|p2a: Vivillon|Vivillon-Fancy, L50, M|100/100\n|cant|p1a: Charizard|slp\n|move|p2b: Swampert|Wave Crash|p1a: Charizard\n|-supereffective|p1a: Charizard|1\n|-damage|p1a: Charizard|5/100 slp\n|-damage|p2b: Swampert|11/100|[from] Recoil\n|move|p1b: Basculegion|Last Respects|p2b: Swampert\n|-damage|p2b: Swampert|0 fnt\n|faint|p2b: Swampert\n|-damage|p1b: Basculegion|80/100|[from] item: Life Orb\n|\n|-weather|SunnyDay|[upkeep]\n|upkeep\n|\n|t:|1788444872\n|switch|p2b: Politoed|Politoed, L50, F|42/100\n|-weather|RainDance|[from] ability: Drizzle|[of] p2b: Politoed\n|turn|6\n|\n|t:|1788444885\n|switch|p1a: Kingambit|Kingambit, L50, F|25/100\n|move|p2a: Vivillon|Sleep Powder|p1b: Basculegion\n|-status|p1b: Basculegion|slp|[from] move: Sleep Powder\n|cant|p1b: Basculegion|slp\n|move|p2b: Politoed|Weather Ball|p1a: Kingambit\n|-damage|p1a: Kingambit|0 fnt\n|faint|p1a: Kingambit\n|\n|-weather|RainDance|[upkeep]\n|upkeep\n|\n|t:|1788444893\n|switch|p1a: Charizard|Charizard-Mega-Y, L50, F|5/100 slp\n|-weather|SunnyDay|[from] ability: Drought|[of] p1a: Charizard\n|turn|7\n|\n|t:|1788444908\n|move|p2a: Vivillon|Protect|p2a: Vivillon\n|-singleturn|p2a: Vivillon|Protect\n|cant|p1a: Charizard|slp\n|cant|p1b: Basculegion|slp\n|move|p2b: Politoed|Weather Ball|p1a: Charizard\n|-resisted|p1a: Charizard|1\n|-damage|p1a: Charizard|0 fnt\n|faint|p1a: Charizard\n|\n|-weather|SunnyDay|[upkeep]\n|upkeep\n|turn|8\n|\n|t:|1788444932\n|switch|p2b: Archaludon|Archaludon, L50, M|100/100\n|move|p2a: Vivillon|Hurricane|p1b: Basculegion|[miss]\n|-miss|p2a: Vivillon|p1b: Basculegion\n|-curestatus|p1b: Basculegion|slp|[msg]\n|move|p1b: Basculegion|Last Respects|p2b: Archaludon\n|-damage|p2b: Archaludon|0 fnt\n|faint|p2b: Archaludon\n|-damage|p1b: Basculegion|71/100|[from] item: Life Orb\n|\n|-weather|SunnyDay|[upkeep]\n|upkeep\n|\n|t:|1788444946\n|switch|p2b: Politoed|Politoed, L50, F|42/100\n|-weather|RainDance|[from] ability: Drizzle|[of] p2b: Politoed\n|turn|9\n|\n|t:|1788444959\n|move|p1b: Basculegion|Protect|p1b: Basculegion\n|-singleturn|p1b: Basculegion|Protect\n|move|p2a: Vivillon|Sleep Powder|p1b: Basculegion\n|-activate|p1b: Basculegion|move: Protect\n|move|p2b: Politoed|Weather Ball|p1b: Basculegion\n|-activate|p1b: Basculegion|move: Protect\n|\n|-weather|RainDance|[upkeep]\n|upkeep\n|turn|10\n|\n|t:|1788444972\n|move|p2a: Vivillon|Sleep Powder|p1b: Basculegion\n|-status|p1b: Basculegion|slp|[from] move: Sleep Powder\n|cant|p1b: Basculegion|slp\n|move|p2b: Politoed|Weather Ball|p1b: Basculegion\n|-resisted|p1b: Basculegion|1\n|-damage|p1b: Basculegion|45/100 slp\n|\n|-weather|RainDance|[upkeep]\n|upkeep\n|turn|11\n|\n|t:|1788444985\n|move|p2a: Vivillon|Hurricane|p1b: Basculegion\n|-damage|p1b: Basculegion|0 fnt\n|faint|p1b: Basculegion\n|\n|win|Senpai9878\n|raw|ZURUYO's rating: 1103 &rarr; <strong>1078</strong><br />(-25 for losing)\n|raw|Senpai9878's rating: 1106 &rarr; <strong>1131</strong><br />(+25 for winning)\n","uploadtime":1788444988,"views":"0","formatid":"gen9championsvgc2026regmbbo3","rating":1078,"private":0,"password":null}