{"id":"gen9championsvgc2026regmb-2673919727","format":"[Gen 9 Champions] VGC 2026 Reg M-B","players":["lepfep","Ramzo"],"log":"|j|☆lepfep\n|j|☆Ramzo\n|t:|1788277172\n|gametype|doubles\n|player|p1|lepfep|touristf|1393\n|player|p2|Ramzo|volo|1458\n|gen|9\n|tier|[Gen 9 Champions] VGC 2026 Reg M-B\n|rated|\n|rule|Species Clause: Limit one of each Pokémon\n|rule|Item Clause: Limit 1 of each item\n|clearpoke\n|poke|p1|Swampert, L50, M|\n|poke|p1|Pelipper, L50, F|\n|poke|p1|Archaludon, L50, M|\n|poke|p1|Sinistcha, L50|\n|poke|p1|Ampharos, L50, M|\n|poke|p1|Cofagrigus, L50, M|\n|poke|p2|Staraptor, L50, M|\n|poke|p2|Whimsicott, L50, F, shiny|\n|poke|p2|Glimmora, L50, F|\n|poke|p2|Garchomp, L50, M|\n|poke|p2|Delphox, L50, F|\n|poke|p2|Kingambit, L50, F, shiny|\n|teampreview|4\n|inactive|Battle timer is ON: inactive players will automatically lose when time's up. (requested by Ramzo)\nRamzo has agreed to open team sheets.\n|inactive|Ramzo has 60 seconds left.\n|\n|t:|1788277220\n|teamsize|p1|4\n|teamsize|p2|4\n|start\n|switch|p1a: Cofagrigus|Cofagrigus, L50, M|100/100\n|switch|p1b: Ampharos|Ampharos, L50, M|100/100\n|switch|p2a: Whimsicott|Whimsicott, L50, F, shiny|100/100\n|switch|p2b: Glimmora|Glimmora, L50, F|100/100\n|turn|1\n|\n|t:|1788277242\n|detailschange|p1b: Ampharos|Ampharos-Mega, L50, M\n|-mega|p1b: Ampharos|Ampharos|Ampharosite\n|-ability|p1b: Ampharos|Mold Breaker\n|move|p2a: Whimsicott|Tailwind|p2a: Whimsicott\n|-sidestart|p2: Ramzo|move: Tailwind\n|move|p2b: Glimmora|Earth Power|p1b: Ampharos\n|-supereffective|p1b: Ampharos|1\n|-damage|p1b: Ampharos|45/100\n|move|p1b: Ampharos|Thunderbolt|p2b: Glimmora\n|-damage|p2b: Glimmora|16/100\n|move|p1a: Cofagrigus|Trick Room|p1a: Cofagrigus\n|-fieldstart|move: Trick Room|[of] p1a: Cofagrigus\n|\n|upkeep\n|turn|2\n|\n|t:|1788277267\n|move|p2b: Glimmora|Spiky Shield|p2b: Glimmora\n|-singleturn|p2b: Glimmora|move: Protect\n|move|p1a: Cofagrigus|Ally Switch|p1a: Cofagrigus\n|swap|p1a: Cofagrigus|1|[from] move: Ally Switch\n|move|p1a: Ampharos|Thunderbolt|p2b: Glimmora\n|-activate|p2b: Glimmora|move: Protect\n|move|p2a: Whimsicott|Moonblast|p1b: Cofagrigus\n|-damage|p1b: Cofagrigus|73/100\n|\n|upkeep\n|turn|3\n|\n|t:|1788277285\n|switch|p1a: Archaludon|Archaludon, L50, M|100/100\n|move|p2a: Whimsicott|Light Screen|p2a: Whimsicott\n|-sidestart|p2: Ramzo|move: Light Screen\n|move|p1b: Cofagrigus|Shadow Ball|p2b: Glimmora\n|-damage|p2b: Glimmora|0 fnt\n|faint|p2b: Glimmora\n|\n|upkeep\n|\n|t:|1788277301\n|switch|p2b: Kingambit|Kingambit, L50, F, shiny|100/100\n|turn|4\n|\n|t:|1788277318\n|move|p1b: Cofagrigus|Shadow Ball|p2a: Whimsicott\n|-damage|p2a: Whimsicott|73/100\n|move|p1a: Archaludon|Flash Cannon|p2a: Whimsicott\n|-supereffective|p2a: Whimsicott|1\n|-damage|p2a: Whimsicott|0 fnt\n|faint|p2a: Whimsicott\n|move|p2b: Kingambit|Kowtow Cleave|p1b: Cofagrigus\n|-supereffective|p1b: Cofagrigus|1\n|-enditem|p1b: Cofagrigus|Colbur Berry|[eat]\n|-enditem|p1b: Cofagrigus|Colbur Berry|[weaken]\n|-damage|p1b: Cofagrigus|39/100\n|-activate|p1b: Cofagrigus|ability: Mummy|p2b: Kingambit|[ability] Defiant\n|\n|-sideend|p2: Ramzo|move: Tailwind\n|upkeep\n|\n|t:|1788277334\n|switch|p2a: Staraptor|Staraptor, L50, M|100/100\n|-ability|p2a: Staraptor|Intimidate|boost\n|-unboost|p1a: Archaludon|atk|1\n|-unboost|p1b: Cofagrigus|atk|1\n|turn|5\n|\n|t:|1788277357\n|switch|p1b: Pelipper|Pelipper, L50, F|100/100\n|-weather|RainDance|[from] ability: Drizzle|[of] p1b: Pelipper\n|detailschange|p2a: Staraptor|Staraptor-Mega, L50, M\n|-mega|p2a: Staraptor|Staraptor|Staraptite\n|move|p2b: Kingambit|Kowtow Cleave|p1a: Archaludon\n|-damage|p1a: Archaludon|63/100\n|-ability|p1a: Archaludon|Stamina|boost\n|-boost|p1a: Archaludon|def|1\n|move|p1a: Archaludon|Electro Shot||[still]\n|-prepare|p1a: Archaludon|Electro Shot\n|-boost|p1a: Archaludon|spa|1\n|-anim|p1a: Archaludon|Electro Shot|p2a: Staraptor\n|-supereffective|p2a: Staraptor|1\n|-damage|p2a: Staraptor|0 fnt\n|faint|p2a: Staraptor\n|\n|-weather|RainDance|[upkeep]\n|-heal|p1a: Archaludon|69/100|[from] item: Leftovers\n|-fieldend|move: Trick Room\n|upkeep\n|turn|6\n|-message|Ramzo forfeited.\n|\n|win|lepfep\n|raw|lepfep's rating: 1393 &rarr; <strong>1417</strong><br />(+24 for winning)\n|raw|Ramzo's rating: 1458 &rarr; <strong>1434</strong><br />(-24 for losing)\n|l|☆Ramzo\n|player|p2|\n","uploadtime":1788277394,"views":"7","formatid":"gen9championsvgc2026regmb","rating":1417,"private":0,"password":null}