{"id":"gen9championsvgc2026regmb-2673873643","format":"[Gen 9 Champions] VGC 2026 Reg M-B","players":["blackred123永雏塔菲侠","yubanmeiqin"],"log":"|j|☆blackred123永雏塔菲侠\n|j|☆yubanmeiqin\n|t:|1788271531\n|gametype|doubles\n|player|p1|blackred123永雏塔菲侠|emma|\n|player|p2|yubanmeiqin|lillie-masters2|\n|gen|9\n|tier|[Gen 9 Champions] VGC 2026 Reg M-B\n|rule|Species Clause: Limit one of each Pokémon\n|rule|Item Clause: Limit 1 of each item\n|clearpoke\n|poke|p1|Charizard, L50, M|\n|poke|p1|Aerodactyl, L50, M|\n|poke|p1|Farigiraf, L50, F|\n|poke|p1|Sylveon, L50, F|\n|poke|p1|Kingambit, L50, M|\n|poke|p1|Kommo-o, L50, F|\n|poke|p2|Dragonite, L50, M|\n|poke|p2|Sneasler, L50, F|\n|poke|p2|Basculegion, L50, M|\n|poke|p2|Kingambit, L50, F|\n|poke|p2|Garchomp, L50, F|\n|poke|p2|Floette-Eternal, L50, F|\n|teampreview|4\n|inactive|Battle timer is ON: inactive players will automatically lose when time's up. (requested by blackred123永雏塔菲侠)\n|inactive|blackred123永雏塔菲侠 has 60 seconds left.\n|inactive|yubanmeiqin has 60 seconds left.\n|\n|t:|1788271582\n|teamsize|p1|4\n|teamsize|p2|4\n|start\n|switch|p1a: Aerodactyl|Aerodactyl, L50, M|100/100\n|switch|p1b: Sylveon|Sylveon, L50, F|100/100\n|switch|p2a: Floette|Floette-Eternal, L50, F|100/100\n|switch|p2b: Basculegion|Basculegion, L50, M|100/100\n|-ability|p1a: Aerodactyl|Unnerve\n|turn|1\n|\n|t:|1788271607\n|detailschange|p1a: Aerodactyl|Aerodactyl-Mega, L50, M\n|-mega|p1a: Aerodactyl|Aerodactyl|Aerodactylite\n|move|p1a: Aerodactyl|Tailwind|p1a: Aerodactyl\n|-sidestart|p1: blackred123永雏塔菲侠|move: Tailwind\n|move|p1b: Sylveon|Hyper Voice|p2a: Floette|[spread] p2a,p2b\n|-damage|p2a: Floette|54/100\n|-damage|p2b: Basculegion|53/100\n|move|p2a: Floette|Dazzling Gleam|p1a: Aerodactyl|[spread] p1a,p1b\n|-damage|p1a: Aerodactyl|66/100\n|-damage|p1b: Sylveon|72/100\n|move|p2b: Basculegion|Wave Crash|p1b: Sylveon\n|-damage|p1b: Sylveon|0 fnt\n|faint|p1b: Sylveon\n|-damage|p2b: Basculegion|32/100|[from] Recoil\n|-damage|p2b: Basculegion|22/100|[from] item: Life Orb\n|\n|upkeep\n|\n|t:|1788271615\n|switch|p1b: Kingambit|Kingambit, L50, M|100/100\n|turn|2\n|\n|t:|1788271623\n|switch|p1a: Farigiraf|Farigiraf, L50, F|100/100\n|move|p2a: Floette|Protect|p2a: Floette\n|-singleturn|p2a: Floette|Protect\n|move|p2b: Basculegion|Protect|p2b: Basculegion\n|-singleturn|p2b: Basculegion|Protect\n|move|p1b: Kingambit|Iron Head|p2a: Floette\n|-activate|p2a: Floette|move: Protect\n|\n|upkeep\n|turn|3\n|\n|t:|1788271632\n|detailschange|p2a: Floette|Floette-Mega, L50, F\n|-mega|p2a: Floette|Floette|Floettite\n|-ability|p2a: Floette|Fairy Aura\n|move|p1b: Kingambit|Iron Head|p2a: Floette\n|-supereffective|p2a: Floette|1\n|-damage|p2a: Floette|0 fnt\n|faint|p2a: Floette\n|move|p1a: Farigiraf|Thunderbolt|p2b: Basculegion\n|-supereffective|p2b: Basculegion|1\n|-damage|p2b: Basculegion|0 fnt\n|faint|p2b: Basculegion\n|\n|upkeep\n|c|☆yubanmeiqin|诶卧槽\n|\n|t:|1788271643\n|switch|p2a: Sneasler|Sneasler, L50, F|100/100\n|switch|p2b: Garchomp|Garchomp, L50, F|100/100\n|turn|4\n|c|☆yubanmeiqin|这么快？\n|c|☆blackred123永雏塔菲侠|得了吧\n|c|☆blackred123永雏塔菲侠|顺风✖️2\n|inactive|blackred123永雏塔菲侠 has 30 seconds left.\n|inactive|yubanmeiqin has 30 seconds left.\n|c|☆blackred123永雏塔菲侠|猪都快你鬼鱼\n|inactive|blackred123永雏塔菲侠 has 20 seconds left.\n|inactive|yubanmeiqin has 20 seconds left.\n|inactive|blackred123永雏塔菲侠 has 15 seconds left.\n|inactive|yubanmeiqin has 15 seconds left.\n|c|☆yubanmeiqin|😭\n|\n|t:|1788271688\n|move|p2b: Garchomp|Dragon Claw|p1a: Farigiraf\n|-damage|p1a: Farigiraf|68/100\n|move|p1b: Kingambit|Kowtow Cleave|p2a: Sneasler\n|-resisted|p2a: Sneasler|1\n|-damage|p2a: Sneasler|57/100\n|move|p2a: Sneasler|Close Combat|p1b: Kingambit\n|-supereffective|p1b: Kingambit|2\n|-enditem|p1b: Kingambit|Focus Sash\n|-damage|p1b: Kingambit|1/100\n|-unboost|p2a: Sneasler|def|1\n|-unboost|p2a: Sneasler|spd|1\n|move|p1a: Farigiraf|Psychic|p2a: Sneasler\n|-supereffective|p2a: Sneasler|2\n|-damage|p2a: Sneasler|0 fnt\n|faint|p2a: Sneasler\n|\n|-sideend|p1: blackred123永雏塔菲侠|move: Tailwind\n|upkeep\n|turn|5\n|c|☆yubanmeiqin|呜呜呜\n|-message|yubanmeiqin forfeited.\n|\n|win|blackred123永雏塔菲侠\n|l|☆yubanmeiqin\n|player|p2|\n","uploadtime":1788271703,"views":"0","formatid":"gen9championsvgc2026regmb","rating":null,"private":0,"password":null}