{"id":"gen9championsvgc2026regmbbo3-2673604318","format":"[Gen 9 Champions] VGC 2026 Reg M-B (Bo3)","players":["its just mat","kenawii"],"log":"|j|☆its just mat\n|j|☆kenawii\n|html|<table width=\"100%\"><tr><td align=\"left\">its just mat</td><td align=\"right\">kenawii</tr><tr><td align=\"left\"><i class=\"fa fa-circle-o\"></i> <i class=\"fa fa-circle-o\"></i> </td><td align=\"right\"><i class=\"fa fa-circle-o\"></i> <i class=\"fa fa-circle\"></i> </tr></table>\n|uhtml|bestof|<h2><strong>Game 2</strong> of <a href=\"/game-bestof3-gen9championsvgc2026regmbbo3-2673602840\">a best-of-3</a></h2>\n|t:|1788219964\n|gametype|doubles\n|player|p1|its just mat|unknown|1259\n|player|p2|kenawii|102|1148\n|gen|9\n|tier|[Gen 9 Champions] VGC 2026 Reg M-B (Bo3)\n|rated|\n|rule|Species Clause: Limit one of each Pokémon\n|rule|Item Clause: Limit 1 of each item\n|clearpoke\n|poke|p1|Charizard, L50, M, shiny|\n|poke|p1|Floette-Eternal, L50, F|\n|poke|p1|Kingambit, L50, F, shiny|\n|poke|p1|Basculegion, L50, M, shiny|\n|poke|p1|Garchomp, L50, M|\n|poke|p1|Whimsicott, L50, M, shiny|\n|poke|p2|Whimsicott, L50, M, shiny|\n|poke|p2|Garchomp, L50, F, shiny|\n|poke|p2|Basculegion, L50, M, shiny|\n|poke|p2|Charizard, L50, F, shiny|\n|poke|p2|Floette-Eternal, L50, F|\n|poke|p2|Kingambit, L50, M, shiny|\n|teampreview|4\n|showteam|p1|Charizard||CharizarditeY|Blaze|HeatWave,WeatherBall,AncientPower,Protect|Timid||M|||50|]Floette-Eternal||Floettite|FlowerVeil|Moonblast,DazzlingGleam,LightofRuin,Protect|Modest||F|||50|]Kingambit||OccaBerry|Defiant|KowtowCleave,SuckerPunch,IronHead,LowKick|Adamant||F|||50|]Basculegion||LifeOrb|Adaptability|WaveCrash,LastRespects,AquaJet,Protect|Adamant||M|||50|]Garchomp||SitrusBerry|RoughSkin|Earthquake,DragonClaw,RockSlide,Protect|Jolly||M|||50|]Whimsicott||FocusSash|Prankster|Moonblast,Tailwind,Encore,Protect|Timid||M|||50|\n|showteam|p2|Whimsicott||FocusSash|Prankster|Tailwind,Moonblast,SunnyDay,Protect|Timid||M|||50|]Garchomp||LifeOrb|RoughSkin|RockSlide,Earthquake,DragonClaw,Protect|Jolly||F|||50|]Basculegion||MysticWater|SwiftSwim|AquaJet,WaveCrash,LastRespects,Protect|Adamant||M|||50|]Charizard||CharizarditeY|Blaze|Protect,SolarBeam,HeatWave,WeatherBall|Modest||F|||50|]Floette-Eternal||Floettite|FlowerVeil|DazzlingGleam,Moonblast,LightofRuin,Protect|Timid||F|||50|]Kingambit||ChopleBerry|Defiant|SuckerPunch,KowtowCleave,LowKick,IronHead|Adamant||M|||50|\n|j| Jose ccarlos\n|\n|t:|1788219991\n|teamsize|p1|4\n|teamsize|p2|4\n|start\n|switch|p1a: Garchomp|Garchomp, L50, M|100/100\n|switch|p1b: Whimsicott|Whimsicott, L50, M, shiny|100/100\n|switch|p2a: Charizard|Charizard, L50, F, shiny|100/100\n|switch|p2b: Garchomp|Garchomp, L50, F, shiny|100/100\n|turn|1\n|\n|t:|1788220005\n|detailschange|p2a: Charizard|Charizard-Mega-Y, L50, F, shiny\n|-mega|p2a: Charizard|Charizard|Charizardite Y\n|-weather|SunnyDay|[from] ability: Drought|[of] p2a: Charizard\n|move|p1b: Whimsicott|Protect|p1b: Whimsicott\n|-singleturn|p1b: Whimsicott|Protect\n|move|p1a: Garchomp|Protect|p1a: Garchomp\n|-singleturn|p1a: Garchomp|Protect\n|move|p2b: Garchomp|Dragon Claw|p1a: Garchomp\n|-activate|p1a: Garchomp|move: Protect\n|move|p2a: Charizard|Heat Wave|p1a: Garchomp|[spread] \n|-activate|p1a: Garchomp|move: Protect\n|-activate|p1b: Whimsicott|move: Protect\n|\n|-weather|SunnyDay|[upkeep]\n|upkeep\n|turn|2\n|\n|t:|1788220036\n|move|p1b: Whimsicott|Moonblast|p2b: Garchomp\n|-supereffective|p2b: Garchomp|1\n|-damage|p2b: Garchomp|24/100\n|move|p2b: Garchomp|Earthquake|p1b: Whimsicott|[spread] p1a,p1b\n|-immune|p2a: Charizard\n|-resisted|p1b: Whimsicott|1\n|-damage|p1a: Garchomp|53/100\n|-damage|p1b: Whimsicott|62/100\n|-damage|p2b: Garchomp|14/100|[from] item: Life Orb\n|move|p1a: Garchomp|Dragon Claw|p2b: Garchomp\n|-supereffective|p2b: Garchomp|1\n|-damage|p2b: Garchomp|0 fnt\n|-damage|p1a: Garchomp|41/100|[from] ability: Rough Skin|[of] p2b: Garchomp\n|-enditem|p1a: Garchomp|Sitrus Berry|[eat]\n|-heal|p1a: Garchomp|65/100|[from] item: Sitrus Berry\n|faint|p2b: Garchomp\n|move|p2a: Charizard|Heat Wave|p1a: Garchomp|[spread] p1a,p1b\n|-resisted|p1a: Garchomp|1\n|-supereffective|p1b: Whimsicott|1\n|-damage|p1a: Garchomp|29/100\n|-damage|p1b: Whimsicott|0 fnt\n|faint|p1b: Whimsicott\n|\n|-weather|SunnyDay|[upkeep]\n|upkeep\n|\n|t:|1788220055\n|switch|p1b: Kingambit|Kingambit, L50, F, shiny|100/100\n|switch|p2b: Whimsicott|Whimsicott, L50, M, shiny|100/100\n|turn|3\n|\n|t:|1788220071\n|switch|p1a: Basculegion|Basculegion, L50, M, shiny|100/100\n|move|p2b: Whimsicott|Tailwind|p2b: Whimsicott\n|-sidestart|p2: kenawii|move: Tailwind\n|move|p2a: Charizard|Heat Wave|p1a: Basculegion|[spread] p1a,p1b\n|-resisted|p1a: Basculegion|1\n|-supereffective|p1b: Kingambit|1\n|-enditem|p1b: Kingambit|Occa Berry|[eat]\n|-enditem|p1b: Kingambit|Occa Berry|[weaken]\n|-damage|p1a: Basculegion|68/100\n|-damage|p1b: Kingambit|44/100\n|move|p1b: Kingambit|Kowtow Cleave|p2a: Charizard\n|-damage|p2a: Charizard|47/100\n|\n|-weather|SunnyDay|[upkeep]\n|upkeep\n|turn|4\n|\n|t:|1788220089\n|move|p2a: Charizard|Protect|p2a: Charizard\n|-singleturn|p2a: Charizard|Protect\n|move|p1a: Basculegion|Aqua Jet|p2a: Charizard\n|-activate|p2a: Charizard|move: Protect\n|move|p1b: Kingambit|Sucker Punch||[still]\n|-fail|p1b: Kingambit\n|move|p2b: Whimsicott|Moonblast|p1a: Basculegion\n|-damage|p1a: Basculegion|27/100\n|\n|-weather|SunnyDay|[upkeep]\n|upkeep\n|turn|5\n|\n|t:|1788220120\n|switch|p2a: Kingambit|Kingambit, L50, M, shiny|100/100\n|move|p2b: Whimsicott|Protect|p2b: Whimsicott\n|-singleturn|p2b: Whimsicott|Protect\n|move|p1a: Basculegion|Protect|p1a: Basculegion\n|-singleturn|p1a: Basculegion|Protect\n|move|p1b: Kingambit|Iron Head|p2b: Whimsicott\n|-activate|p2b: Whimsicott|move: Protect\n|\n|-weather|none\n|upkeep\n|turn|6\n|\n|t:|1788220149\n|switch|p1b: Garchomp|Garchomp, L50, M|29/100\n|move|p1a: Basculegion|Protect||[still]\n|-fail|p1a: Basculegion\n|move|p2b: Whimsicott|Moonblast|p1a: Basculegion\n|-damage|p1a: Basculegion|0 fnt\n|faint|p1a: Basculegion\n|move|p2a: Kingambit|Low Kick|p1b: Garchomp\n|-damage|p1b: Garchomp|2/100\n|-damage|p2a: Kingambit|87/100|[from] ability: Rough Skin|[of] p1b: Garchomp\n|\n|-sideend|p2: kenawii|move: Tailwind\n|upkeep\n|\n|t:|1788220155\n|switch|p1a: Kingambit|Kingambit, L50, F, shiny|44/100\n|turn|7\n|\n|t:|1788220168\n|move|p2b: Whimsicott|Moonblast|p1b: Garchomp\n|-supereffective|p1b: Garchomp|1\n|-damage|p1b: Garchomp|0 fnt\n|faint|p1b: Garchomp\n|move|p2a: Kingambit|Low Kick|p1a: Kingambit\n|-supereffective|p1a: Kingambit|2\n|-damage|p1a: Kingambit|0 fnt\n|faint|p1a: Kingambit\n|\n|win|kenawii\n|raw|its just mat's rating: 1259 &rarr; <strong>1226</strong><br />(-33 for losing)\n|raw|kenawii's rating: 1148 &rarr; <strong>1181</strong><br />(+33 for winning)\n","uploadtime":1788220182,"views":"2","formatid":"gen9championsvgc2026regmbbo3","rating":1181,"private":0,"password":null}