{"id":"gen9championsvgc2026regmbbo3-2674757111","format":"[Gen 9 Champions] VGC 2026 Reg M-B (Bo3)","players":["GreenestDae","gaylordXOXO"],"log":"|j|☆GreenestDae\n|j|☆gaylordXOXO\n|html|<table width=\"100%\"><tr><td align=\"left\">GreenestDae</td><td align=\"right\">gaylordXOXO</tr><tr><td align=\"left\"><i class=\"fa fa-circle\"></i> <i class=\"fa fa-circle-o\"></i> </td><td align=\"right\"><i class=\"fa fa-circle-o\"></i> <i class=\"fa fa-circle-o\"></i> </tr></table>\n|uhtml|bestof|<h2><strong>Game 2</strong> of <a href=\"/game-bestof3-gen9championsvgc2026regmbbo3-2674755143\">a best-of-3</a></h2>\n|t:|1788401395\n|gametype|doubles\n|player|p1|GreenestDae|gladion|\n|player|p2|gaylordXOXO|dawn|\n|gen|9\n|tier|[Gen 9 Champions] VGC 2026 Reg M-B (Bo3)\n|rule|Species Clause: Limit one of each Pokémon\n|rule|Item Clause: Limit 1 of each item\n|clearpoke\n|poke|p1|Charizard, L50, M|\n|poke|p1|Venusaur, L50, F|\n|poke|p1|Hatterene, L50, F|\n|poke|p1|Metagross, L50|\n|poke|p1|Weavile, L50, M|\n|poke|p1|Scrafty, L50, M|\n|poke|p2|Whimsicott, L50, F|\n|poke|p2|Pelipper, L50, M|\n|poke|p2|Gyarados, L50, F|\n|poke|p2|Blaziken, L50, M|\n|poke|p2|Chandelure, L50, M|\n|poke|p2|Serperior, L50, M, shiny|\n|teampreview|4\n|showteam|p1|Charizard||CharizarditeY|SolarPower|HeatWave,AirSlash,Protect,WeatherBall|Timid||M|||50|]Venusaur||WideLens|Chlorophyll|SleepPowder,SolarBeam,WeatherBall,SludgeBomb|Timid||F|||50|]Hatterene||FairyFeather|MagicBounce|DazzlingGleam,Psychic,Protect,TrickRoom|Modest||F|||50|]Metagross||Metagrossite|ClearBody|BulletPunch,PsychicFangs,MeteorMash,Protect|Brave|||||50|]Weavile||FocusSash|Pressure|FakeOut,KnockOff,IceSpinner,PsychoCut|Jolly||M|||50|]Scrafty||Scraftinite|Intimidate|CloseCombat,KnockOff,Detect,IronHead|Adamant||M|||50|\n|showteam|p2|Whimsicott||SitrusBerry|Infiltrator|LightScreen,Protect,Hurricane,Uturn|Serious||F|||50|]Pelipper||FocusSash|RainDish|RainDance,Waterfall,QuickAttack,Protect|Serious||M|||50|]Gyarados||Gyaradosite|Intimidate|DragonDance,Roar,RainDance,BodySlam|Serious||F|||50|]Blaziken||PasshoBerry|SpeedBoost|BatonPass,SwordsDance,Protect,BlazeKick|Serious||M|||50|]Chandelure||Leftovers|FlameBody|ShadowBall,AcidArmor,Haze,SunnyDay|Modest||M|||50|]Serperior||MentalHerb|Overgrow|Coil,Reflect,GigaDrain,Glare|Timid||M|||50|\n|\n|t:|1788401431\n|teamsize|p1|4\n|teamsize|p2|4\n|start\n|switch|p1a: Weavile|Weavile, L50, M|100/100\n|switch|p1b: Hatterene|Hatterene, L50, F|100/100\n|switch|p2a: signal 2.0|Serperior, L50, M, shiny|100/100\n|switch|p2b: fire girl|Blaziken, L50, M|100/100\n|-ability|p1a: Weavile|Pressure\n|turn|1\n|\n|t:|1788401451\n|move|p2b: fire girl|Protect|p2b: fire girl\n|-singleturn|p2b: fire girl|Protect\n|move|p1a: Weavile|Fake Out|p2b: fire girl\n|-activate|p2b: fire girl|move: Protect\n|move|p2a: signal 2.0|Glare|p1b: Hatterene\n|move|p1b: Hatterene|Glare|p2a: signal 2.0|[from] ability: Magic Bounce\n|-status|p2a: signal 2.0|par\n|move|p1b: Hatterene|Trick Room|p1b: Hatterene\n|-fieldstart|move: Trick Room|[of] p1b: Hatterene\n|\n|-ability|p2b: fire girl|Speed Boost|boost\n|-boost|p2b: fire girl|spe|1\n|upkeep\n|turn|2\n|\n|t:|1788401484\n|move|p1b: Hatterene|Psychic|p2b: fire girl\n|-supereffective|p2b: fire girl|1\n|-damage|p2b: fire girl|0 fnt\n|faint|p2b: fire girl\n|move|p2a: signal 2.0|Coil|p2a: signal 2.0\n|-boost|p2a: signal 2.0|atk|1\n|-boost|p2a: signal 2.0|def|1\n|-boost|p2a: signal 2.0|accuracy|1\n|move|p1a: Weavile|Ice Spinner|p2a: signal 2.0\n|-supereffective|p2a: signal 2.0|1\n|-damage|p2a: signal 2.0|42/100 par\n|\n|upkeep\n|\n|t:|1788401495\n|switch|p2b: gyra deez nuts|Gyarados, L50, F|100/100\n|-ability|p2b: gyra deez nuts|Intimidate|boost\n|-unboost|p1a: Weavile|atk|1\n|-unboost|p1b: Hatterene|atk|1\n|turn|3\n|\n|t:|1788401519\n|switch|p2a: fluffy boys|Whimsicott, L50, F|100/100\n|detailschange|p2b: gyra deez nuts|Gyarados-Mega, L50, F\n|-mega|p2b: gyra deez nuts|Gyarados|Gyaradosite\n|-ability|p2b: gyra deez nuts|Mold Breaker\n|move|p1b: Hatterene|Psychic|p2b: gyra deez nuts\n|-immune|p2b: gyra deez nuts\n|move|p2b: gyra deez nuts|Body Slam|p1a: Weavile\n|-damage|p1a: Weavile|46/100\n|move|p1a: Weavile|Ice Spinner|p2a: fluffy boys\n|-supereffective|p2a: fluffy boys|1\n|-damage|p2a: fluffy boys|31/100\n|-enditem|p2a: fluffy boys|Sitrus Berry|[eat]\n|-heal|p2a: fluffy boys|56/100|[from] item: Sitrus Berry\n|\n|upkeep\n|turn|4\n|\n|t:|1788401549\n|move|p2a: fluffy boys|Protect|p2a: fluffy boys\n|-singleturn|p2a: fluffy boys|Protect\n|move|p1b: Hatterene|Dazzling Gleam|p2a: fluffy boys|[spread] p2b\n|-activate|p2a: fluffy boys|move: Protect\n|-supereffective|p2b: gyra deez nuts|1\n|-damage|p2b: gyra deez nuts|31/100\n|move|p2b: gyra deez nuts|Body Slam|p1a: Weavile\n|-damage|p1a: Weavile|0 fnt\n|faint|p1a: Weavile\n|\n|upkeep\n|\n|t:|1788401560\n|switch|p1a: Metagross|Metagross, L50|100/100\n|turn|5\n|\n|t:|1788401571\n|detailschange|p1a: Metagross|Metagross-Mega, L50\n|-mega|p1a: Metagross|Metagross|Metagrossite\n|move|p1a: Metagross|Bullet Punch|p2a: fluffy boys\n|-supereffective|p2a: fluffy boys|1\n|-damage|p2a: fluffy boys|0 fnt\n|faint|p2a: fluffy boys\n|move|p1b: Hatterene|Dazzling Gleam|p2b: gyra deez nuts\n|-supereffective|p2b: gyra deez nuts|1\n|-damage|p2b: gyra deez nuts|0 fnt\n|faint|p2b: gyra deez nuts\n|\n|-fieldend|move: Trick Room\n|upkeep\n|\n|t:|1788401585\n|switch|p2b: signal 2.0|Serperior, L50, M, shiny|42/100 par\n|turn|6\n|\n|t:|1788401594\n|move|p1a: Metagross|Bullet Punch|p2b: signal 2.0\n|-damage|p2b: signal 2.0|9/100 par\n|move|p2b: signal 2.0|Glare|p1a: Metagross\n|-status|p1a: Metagross|par\n|move|p1b: Hatterene|Psychic|p2b: signal 2.0\n|-damage|p2b: signal 2.0|0 fnt\n|faint|p2b: signal 2.0\n|\n|win|GreenestDae\n","uploadtime":1788401655,"views":"1","formatid":"gen9championsvgc2026regmbbo3","rating":null,"private":0,"password":null}