{"id":"gen9championsvgc2026regmb-2674939590","format":"[Gen 9 Champions] VGC 2026 Reg M-B","players":["whizero","rubik the rookie"],"log":"|j|☆whizero\n|j|☆rubik the rookie\n|t:|1788439240\n|gametype|doubles\n|player|p1|whizero|265|1100\n|player|p2|rubik the rookie|iris-gen5bw2|1152\n|gen|9\n|tier|[Gen 9 Champions] VGC 2026 Reg M-B\n|rated|\n|rule|Species Clause: Limit one of each Pokémon\n|rule|Item Clause: Limit 1 of each item\n|clearpoke\n|poke|p1|Pelipper, L50, F|\n|poke|p1|Blastoise, L50, M, shiny|\n|poke|p1|Swampert, L50, M|\n|poke|p1|Milotic, L50, M, shiny|\n|poke|p1|Basculegion, L50, M|\n|poke|p1|Toxapex, L50, M, shiny|\n|poke|p2|Tyranitar, L50, M|\n|poke|p2|Excadrill, L50, F|\n|poke|p2|Clefable, L50, F|\n|poke|p2|Dragapult, L50, F|\n|poke|p2|Milotic, L50, F|\n|poke|p2|Sinistcha, L50|\n|teampreview|4\n|\n|t:|1788439260\n|teamsize|p1|4\n|teamsize|p2|4\n|start\n|switch|p1a: Pelipper|Pelipper, L50, F|100/100\n|switch|p1b: Blastoise|Blastoise, L50, M, shiny|100/100\n|switch|p2a: Jet|Dragapult, L50, F|100/100\n|switch|p2b: Performative|Sinistcha, L50|100/100\n|-weather|RainDance|[from] ability: Drizzle|[of] p1a: Pelipper\n|turn|1\n|inactive|Battle timer is ON: inactive players will automatically lose when time's up. (requested by whizero)\n|\n|t:|1788439279\n|move|p2a: Jet|Draco Meteor|p1b: Blastoise\n|-damage|p1b: Blastoise|45/100\n|-unboost|p2a: Jet|spa|2\n|-damage|p2a: Jet|90/100|[from] item: Life Orb\n|move|p1b: Blastoise|Yawn|p2a: Jet\n|-start|p2a: Jet|move: Yawn|[of] p1b: Blastoise\n|move|p2b: Performative|Matcha Gotcha|p1a: Pelipper|[spread] p1a,p1b\n|-supereffective|p1b: Blastoise|1\n|-damage|p1a: Pelipper|68/100\n|-damage|p1b: Blastoise|12/100\n|-status|p1b: Blastoise|brn\n|move|p1a: Pelipper|Hurricane|p2b: Performative\n|-supereffective|p2b: Performative|1\n|-damage|p2b: Performative|11/100\n|-start|p2b: Performative|confusion\n|\n|-weather|RainDance|[upkeep]\n|-heal|p1b: Blastoise|18/100 brn|[from] ability: Rain Dish\n|-heal|p1b: Blastoise|24/100 brn|[from] item: Leftovers\n|-damage|p1b: Blastoise|18/100 brn|[from] brn\n|upkeep\n|turn|2\n|inactive|whizero has 30 seconds left.\n|\n|t:|1788439307\n|switch|p2a: Gojira|Tyranitar, L50, M|100/100\n|-weather|Sandstorm|[from] ability: Sand Stream|[of] p2a: Gojira\n|move|p1a: Pelipper|Wide Guard|p1a: Pelipper\n|-singleturn|p1a: Pelipper|Wide Guard\n|move|p1b: Blastoise|Life Dew|p1b: Blastoise|[spread] p1a,p1b\n|-heal|p1a: Pelipper|94/100\n|-heal|p1b: Blastoise|43/100 brn\n|-activate|p2b: Performative|confusion\n|move|p2b: Performative|Shadow Ball|p1a: Pelipper\n|-damage|p1a: Pelipper|47/100\n|\n|-weather|Sandstorm|[upkeep]\n|-damage|p1b: Blastoise|37/100 brn|[from] Sandstorm\n|-damage|p2b: Performative|5/100|[from] Sandstorm\n|-damage|p1a: Pelipper|41/100|[from] Sandstorm\n|-heal|p1b: Blastoise|43/100 brn|[from] item: Leftovers\n|-damage|p1b: Blastoise|37/100 brn|[from] brn\n|upkeep\n|turn|3\n|\n|t:|1788439332\n|-activate|p2b: Performative|confusion\n|move|p2b: Performative|Rage Powder|p2b: Performative\n|-singleturn|p2b: Performative|move: Rage Powder\n|move|p2a: Gojira|Rock Slide|p1b: Blastoise|[spread] p1a,p1b\n|-supereffective|p1a: Pelipper|1\n|-damage|p1a: Pelipper|0 fnt\n|-damage|p1b: Blastoise|13/100 brn\n|faint|p1a: Pelipper\n|move|p1b: Blastoise|Life Dew|p1b: Blastoise\n|-heal|p1b: Blastoise|38/100 brn\n|\n|-weather|Sandstorm|[upkeep]\n|-damage|p1b: Blastoise|32/100 brn|[from] Sandstorm\n|-damage|p2b: Performative|0 fnt|[from] Sandstorm\n|faint|p2b: Performative\n|-heal|p1b: Blastoise|38/100 brn|[from] item: Leftovers\n|-damage|p1b: Blastoise|32/100 brn|[from] brn\n|upkeep\n|\n|t:|1788439348\n|switch|p2b: Moguera|Excadrill, L50, F|100/100\n|switch|p1a: Swampert|Swampert, L50, M|100/100\n|turn|4\n|\n|t:|1788439362\n|detailschange|p2a: Gojira|Tyranitar-Mega, L50, M\n|-mega|p2a: Gojira|Tyranitar|Tyranitarite\n|detailschange|p1a: Swampert|Swampert-Mega, L50, M\n|-mega|p1a: Swampert|Swampert|Swampertite\n|move|p1b: Blastoise|Protect|p1b: Blastoise\n|-singleturn|p1b: Blastoise|Protect\n|move|p2b: Moguera|High Horsepower|p1a: Swampert\n|-damage|p1a: Swampert|61/100\n|move|p2a: Gojira|Rock Slide|p1a: Swampert|[spread] p1a\n|-activate|p1b: Blastoise|move: Protect\n|-resisted|p1a: Swampert|1\n|-damage|p1a: Swampert|50/100g\n|move|p1a: Swampert|Earthquake|p2b: Moguera|[spread] p2a,p2b\n|-activate|p1b: Blastoise|move: Protect\n|-supereffective|p2a: Gojira|1\n|-supereffective|p2b: Moguera|1\n|-damage|p2a: Gojira|43/100\n|-enditem|p2b: Moguera|Focus Sash\n|-damage|p2b: Moguera|1/100\n|\n|-weather|Sandstorm|[upkeep]\n|-damage|p1b: Blastoise|26/100 brn|[from] Sandstorm\n|-heal|p1b: Blastoise|32/100 brn|[from] item: Leftovers\n|-damage|p1b: Blastoise|26/100 brn|[from] brn\n|upkeep\n|turn|5\n|inactive|whizero has 30 seconds left.\n|inactive|rubik the rookie has 30 seconds left.\n|\n|t:|1788439396\n|move|p1a: Swampert|Protect|p1a: Swampert\n|-singleturn|p1a: Swampert|Protect\n|move|p2b: Moguera|High Horsepower|p1a: Swampert\n|-activate|p1a: Swampert|move: Protect\n|move|p2a: Gojira|Rock Slide|p1a: Swampert|[spread] p1b\n|-activate|p1a: Swampert|move: Protect\n|-damage|p1b: Blastoise|0 fnt\n|faint|p1b: Blastoise\n|\n|-weather|Sandstorm|[upkeep]\n|upkeep\n|\n|t:|1788439409\n|switch|p1b: Toxapex|Toxapex, L50, M, shiny|100/100\n|turn|6\n|\n|t:|1788439425\n|move|p1b: Toxapex|Baneful Bunker|p1b: Toxapex\n|-singleturn|p1b: Toxapex|move: Protect\n|move|p2b: Moguera|High Horsepower|p1a: Swampert\n|-damage|p1a: Swampert|7/100\n|move|p2a: Gojira|Rock Slide|p1b: Toxapex|[spread] p1a\n|-activate|p1b: Toxapex|move: Protect\n|-resisted|p1a: Swampert|1\n|-damage|p1a: Swampert|0 fnt\n|faint|p1a: Swampert\n|\n|-weather|none\n|upkeep\n|turn|7\n|-message|whizero forfeited.\n|\n|win|rubik the rookie\n|raw|whizero's rating: 1100 &rarr; <strong>1079</strong><br />(-21 for losing)\n|raw|rubik the rookie's rating: 1152 &rarr; <strong>1173</strong><br />(+21 for winning)\n|l|☆whizero\n|player|p1|\n","uploadtime":1788439440,"views":"2","formatid":"gen9championsvgc2026regmb","rating":1079,"private":0,"password":null}