{"id":"gen9championsvgc2026regmb-2675024479","format":"[Gen 9 Champions] VGC 2026 Reg M-B","players":["pk_azzu","Easterfgc"],"log":"|j|☆pk_azzu\n|j|☆Easterfgc\n|t:|1788450002\n|gametype|doubles\n|player|p1|pk_azzu|pryce|1333\n|player|p2|Easterfgc|1|1357\n|gen|9\n|tier|[Gen 9 Champions] VGC 2026 Reg M-B\n|rated|\n|rule|Species Clause: Limit one of each Pokémon\n|rule|Item Clause: Limit 1 of each item\n|clearpoke\n|poke|p1|Froslass, L50, F|\n|poke|p1|Sneasler, L50, F|\n|poke|p1|Kingambit, L50, F|\n|poke|p1|Basculegion, L50, M|\n|poke|p1|Scovillain, L50, M|\n|poke|p1|Lycanroc-Dusk, L50, F, shiny|\n|poke|p2|Raichu, L50, M|\n|poke|p2|Scizor, L50, F|\n|poke|p2|Sinistcha, L50|\n|poke|p2|Ceruledge, L50, M, shiny|\n|poke|p2|Milotic, L50, F, shiny|\n|poke|p2|Incineroar, L50, F|\n|teampreview|4\n|inactive|Battle timer is ON: inactive players will automatically lose when time's up. (requested by Easterfgc)\n|\n|t:|1788450058\n|teamsize|p1|4\n|teamsize|p2|4\n|start\n|switch|p1a: Sneasler|Sneasler, L50, F|100/100\n|switch|p1b: Scovillain|Scovillain, L50, M|100/100\n|switch|p2a: Raichu|Raichu, L50, M|100/100\n|switch|p2b: Milotic|Milotic, L50, F, shiny|100/100\n|turn|1\n|\n|t:|1788450073\n|switch|p2b: Sinistcha|Sinistcha, L50|100/100\n|detailschange|p2a: Raichu|Raichu-Mega-Y, L50, M\n|-mega|p2a: Raichu|Raichu|Raichunite Y\n|move|p1a: Sneasler|Protect|p1a: Sneasler\n|-singleturn|p1a: Sneasler|Protect\n|move|p2a: Raichu|Fake Out|p1a: Sneasler\n|-activate|p1a: Sneasler|move: Protect\n|move|p1b: Scovillain|Giga Drain|p2b: Sinistcha\n|-resisted|p2b: Sinistcha|1\n|-damage|p2b: Sinistcha|87/100\n|\n|-ability|p1b: Scovillain|Moody|boost\n|-boost|p1b: Scovillain|spe|2\n|-unboost|p1b: Scovillain|def|1\n|upkeep\n|turn|2\n|inactive|pk_azzu has 30 seconds left.\n|inactive|pk_azzu has 20 seconds left.\n|inactive|pk_azzu has 15 seconds left.\n|inactive|pk_azzu has 10 seconds left.\n|\n|t:|1788450120\n|switch|p2b: Ceruledge|Ceruledge, L50, M, shiny|100/100\n|move|p1b: Scovillain|Rage Powder|p1b: Scovillain\n|-singleturn|p1b: Scovillain|move: Rage Powder\n|move|p2a: Raichu|Zap Cannon|p1b: Scovillain\n|-resisted|p1b: Scovillain|1\n|-damage|p1b: Scovillain|61/100\n|-status|p1b: Scovillain|par\n|move|p1a: Sneasler|Gunk Shot|p2a: Raichu\n|-damage|p2a: Raichu|12/100\n|\n|-ability|p1b: Scovillain|Moody|boost\n|-boost|p1b: Scovillain|spe|2\n|-unboost|p1b: Scovillain|def|1\n|upkeep\n|turn|3\n|\n|t:|1788450143\n|switch|p2a: Milotic|Milotic, L50, F, shiny|100/100\n|move|p1b: Scovillain|Rage Powder|p1b: Scovillain\n|-singleturn|p1b: Scovillain|move: Rage Powder\n|move|p1a: Sneasler|Close Combat|p2a: Milotic\n|-damage|p2a: Milotic|49/100\n|-unboost|p1a: Sneasler|def|1\n|-unboost|p1a: Sneasler|spd|1\n|-enditem|p1a: Sneasler|White Herb\n|-clearnegativeboost|p1a: Sneasler|[silent]\n|move|p2b: Ceruledge|Bulk Up|p2b: Ceruledge\n|-boost|p2b: Ceruledge|atk|1\n|-boost|p2b: Ceruledge|def|1\n|\n|-heal|p2a: Milotic|55/100|[from] item: Leftovers\n|-ability|p1b: Scovillain|Moody|boost\n|-boost|p1b: Scovillain|spe|2\n|-unboost|p1b: Scovillain|spa|1\n|upkeep\n|turn|4\n|\n|t:|1788450164\n|move|p2a: Milotic|Protect|p2a: Milotic\n|-singleturn|p2a: Milotic|Protect\n|move|p1a: Sneasler|Gunk Shot|p2a: Milotic\n|-activate|p2a: Milotic|move: Protect\n|move|p1b: Scovillain|Giga Drain|p2a: Milotic\n|-activate|p2a: Milotic|move: Protect\n|move|p2b: Ceruledge|Bitter Blade|p1b: Scovillain\n|-damage|p1b: Scovillain|0 fnt\n|faint|p1b: Scovillain\n|\n|-heal|p2a: Milotic|61/100|[from] item: Leftovers\n|upkeep\n|\n|t:|1788450171\n|switch|p1b: Lycanroc|Lycanroc-Dusk, L50, F, shiny|100/100\n|turn|5\n|\n|t:|1788450183\n|move|p1a: Sneasler|Close Combat|p2a: Milotic\n|-damage|p2a: Milotic|13/100\n|-unboost|p1a: Sneasler|def|1\n|-unboost|p1a: Sneasler|spd|1\n|move|p1b: Lycanroc|Rock Slide|p2a: Milotic|[spread] p2a,p2b\n|-supereffective|p2b: Ceruledge|1\n|-damage|p2a: Milotic|0 fnt\n|-damage|p2b: Ceruledge|59/100\n|faint|p2a: Milotic\n|cant|p2b: Ceruledge|flinch\n|\n|upkeep\n|\n|t:|1788450197\n|switch|p2a: Sinistcha|Sinistcha, L50|87/100\n|-heal|p2b: Ceruledge|83/100|[from] ability: Hospitality|[of] p2a: Sinistcha\n|turn|6\n|\n|t:|1788450209\n|move|p1a: Sneasler|Gunk Shot|p2a: Sinistcha\n|-damage|p2a: Sinistcha|39/100\n|-status|p2a: Sinistcha|psn\n|move|p1b: Lycanroc|Rock Slide|p2b: Ceruledge|[spread] p2a,p2b\n|-supereffective|p2b: Ceruledge|1\n|-damage|p2a: Sinistcha|12/100 psn\n|-damage|p2b: Ceruledge|37/100\n|move|p2b: Ceruledge|Bitter Blade|p1a: Sneasler\n|-damage|p1a: Sneasler|0 fnt\n|-heal|p2b: Ceruledge|85/100|[from] drain|[of] p1a: Sneasler\n|faint|p1a: Sneasler\n|move|p2a: Sinistcha|Matcha Gotcha|p1b: Lycanroc\n|-supereffective|p1b: Lycanroc|1\n|-enditem|p1b: Lycanroc|Focus Sash\n|-damage|p1b: Lycanroc|1/100\n|-heal|p2a: Sinistcha|54/100 psn|[from] drain|[of] p1b: Lycanroc\n|\n|-damage|p2a: Sinistcha|42/100 psn|[from] psn\n|upkeep\n|\n|t:|1788450218\n|switch|p1a: Basculegion|Basculegion, L50, M|100/100\n|turn|7\n|\n|t:|1788450233\n|move|p2a: Sinistcha|Rage Powder|p2a: Sinistcha\n|-singleturn|p2a: Sinistcha|move: Rage Powder\n|move|p1b: Lycanroc|Rock Slide|p2a: Sinistcha|[spread] p2a,p2b\n|-supereffective|p2b: Ceruledge|1\n|-damage|p2a: Sinistcha|15/100 psn\n|-damage|p2b: Ceruledge|45/100\n|cant|p2b: Ceruledge|flinch\n|move|p1a: Basculegion|Last Respects|p2a: Sinistcha\n|-supereffective|p2a: Sinistcha|1\n|-enditem|p2a: Sinistcha|Kasib Berry|[eat]\n|-enditem|p2a: Sinistcha|Kasib Berry|[weaken]\n|-damage|p2a: Sinistcha|0 fnt\n|faint|p2a: Sinistcha\n|\n|upkeep\n|\n|t:|1788450249\n|switch|p2a: Raichu|Raichu-Mega-Y, L50, M|12/100\n|turn|8\n|\n|t:|1788450257\n|move|p1b: Lycanroc|Protect|p1b: Lycanroc\n|-singleturn|p1b: Lycanroc|Protect\n|move|p1a: Basculegion|Protect|p1a: Basculegion\n|-singleturn|p1a: Basculegion|Protect\n|move|p2b: Ceruledge|Shadow Sneak|p1b: Lycanroc\n|-activate|p1b: Lycanroc|move: Protect\n|move|p2a: Raichu|Zap Cannon|p1a: Basculegion\n|-activate|p1a: Basculegion|move: Protect\n|\n|upkeep\n|turn|9\n|\n|t:|1788450278\n|move|p2a: Raichu|Protect|p2a: Raichu\n|-singleturn|p2a: Raichu|Protect\n|move|p1b: Lycanroc|Accelerock|p2b: Ceruledge\n|-supereffective|p2b: Ceruledge|1\n|-damage|p2b: Ceruledge|4/100\n|move|p2b: Ceruledge|Shadow Sneak|p1b: Lycanroc\n|-damage|p1b: Lycanroc|0 fnt\n|faint|p1b: Lycanroc\n|move|p1a: Basculegion|Aqua Jet|p2b: Ceruledge\n|-supereffective|p2b: Ceruledge|1\n|-damage|p2b: Ceruledge|0 fnt\n|faint|p2b: Ceruledge\n|\n|upkeep\n|turn|10\n|\n|t:|1788450285\n|move|p1a: Basculegion|Aqua Jet|p2a: Raichu\n|-damage|p2a: Raichu|0 fnt\n|faint|p2a: Raichu\n|\n|win|pk_azzu\n|raw|pk_azzu's rating: 1333 &rarr; <strong>1354</strong><br />(+21 for winning)\n|raw|Easterfgc's rating: 1357 &rarr; <strong>1336</strong><br />(-21 for losing)\n|l|☆Easterfgc\n|player|p2|\n","uploadtime":1788450583,"views":"4","formatid":"gen9championsvgc2026regmb","rating":1336,"private":0,"password":null}