{"id":"gen9championsvgc2026regmb-2674162304","format":"[Gen 9 Champions] VGC 2026 Reg M-B","players":["Bigblueb","xiaoyang2004"],"log":"|j|☆Bigblueb\n|j|☆xiaoyang2004\n|t:|1788308460\n|gametype|doubles\n|player|p1|Bigblueb|265|1106\n|player|p2|xiaoyang2004|dawn-gen4pt|1074\n|gen|9\n|tier|[Gen 9 Champions] VGC 2026 Reg M-B\n|rated|\n|rule|Species Clause: Limit one of each Pokémon\n|rule|Item Clause: Limit 1 of each item\n|clearpoke\n|poke|p1|Staraptor, L50, F|\n|poke|p1|Grimmsnarl, L50, M|\n|poke|p1|Sinistcha-Masterpiece, L50|\n|poke|p1|Incineroar, L50, M|\n|poke|p1|Aerodactyl, L50, F|\n|poke|p1|Garchomp, L50, F|\n|poke|p2|Charizard, L50, M, shiny|\n|poke|p2|Garchomp, L50, M, shiny|\n|poke|p2|Rotom-Wash, L50, shiny|\n|poke|p2|Whimsicott, L50, F, shiny|\n|poke|p2|Incineroar, L50, M, shiny|\n|poke|p2|Hydreigon, L50, M, shiny|\n|teampreview|4\n|inactive|Battle timer is ON: inactive players will automatically lose when time's up. (requested by Bigblueb)\n|inactive|xiaoyang2004 has 60 seconds left.\n|\n|t:|1788308496\n|teamsize|p1|4\n|teamsize|p2|4\n|start\n|switch|p1a: Aerodactyl|Aerodactyl, L50, F|100/100\n|switch|p1b: Garchomp|Garchomp, L50, F|100/100\n|switch|p2a: Incineroar|Incineroar, L50, M, shiny|100/100\n|switch|p2b: Charizard|Charizard, L50, M, shiny|100/100\n|-ability|p1a: Aerodactyl|Unnerve\n|-ability|p2a: Incineroar|Intimidate|boost\n|-unboost|p1a: Aerodactyl|atk|1\n|-unboost|p1b: Garchomp|atk|1\n|turn|1\n|inactive|xiaoyang2004 has 30 seconds left.\n|inactive|xiaoyang2004 has 20 seconds left.\n|inactive|xiaoyang2004 has 15 seconds left.\n|inactive|xiaoyang2004 has 10 seconds left.\n|inactive|xiaoyang2004 has 5 seconds left.\n|\n|t:|1788308546\n|switch|p2b: Garchomp|Garchomp, L50, M, shiny|100/100\n|move|p1b: Garchomp|Rock Slide|p2b: Garchomp|[spread] p2a,p2b\n|-supereffective|p2a: Incineroar|1\n|-resisted|p2b: Garchomp|1\n|-damage|p2a: Incineroar|74/100\n|-damage|p2b: Garchomp|92/100\n|move|p1a: Aerodactyl|Tailwind|p1a: Aerodactyl\n|-sidestart|p1: Bigblueb|move: Tailwind\n|move|p2a: Incineroar|Parting Shot|p1b: Garchomp\n|-unboost|p1b: Garchomp|atk|1\n|-unboost|p1b: Garchomp|spa|1\n|\n|t:|1788308565\n|switch|p2a: Charizard|Charizard, L50, M, shiny|100/100|[from] Parting Shot\n|\n|upkeep\n|turn|2\n|\n|t:|1788308586\n|switch|p1b: Grimmsnarl|Grimmsnarl, L50, M|100/100\n|switch|p2a: Incineroar|Incineroar, L50, M, shiny|74/100\n|-ability|p2a: Incineroar|Intimidate|boost\n|-unboost|p1a: Aerodactyl|atk|1\n|-unboost|p1b: Grimmsnarl|atk|1\n|move|p1a: Aerodactyl|Rock Slide|p2b: Garchomp|[spread] p2a\n|-miss|p1a: Aerodactyl|p2b: Garchomp\n|-supereffective|p2a: Incineroar|1\n|-damage|p2a: Incineroar|55/100\n|move|p2b: Garchomp|Rock Slide|p1b: Grimmsnarl|[spread] p1a\n|-miss|p2b: Garchomp|p1b: Grimmsnarl\n|-supereffective|p1a: Aerodactyl|1\n|-damage|p1a: Aerodactyl|32/100\n|-damage|p2b: Garchomp|83/100|[from] item: Life Orb\n|\n|upkeep\n|turn|3\n|inactive|xiaoyang2004 has 30 seconds left.\n|\n|t:|1788308617\n|move|p1b: Grimmsnarl|Parting Shot|p2b: Garchomp\n|-unboost|p2b: Garchomp|atk|1\n|-unboost|p2b: Garchomp|spa|1\n|\n|t:|1788308621\n|switch|p1b: Staraptor|Staraptor, L50, F|100/100|[from] Parting Shot\n|-ability|p1b: Staraptor|Intimidate|boost\n|-unboost|p2a: Incineroar|atk|1\n|-unboost|p2b: Garchomp|atk|1\n|move|p1a: Aerodactyl|Taunt|p2a: Incineroar\n|-start|p2a: Incineroar|move: Taunt\n|move|p2b: Garchomp|Rock Slide|p1b: Staraptor|[spread] p1a,p1b\n|-supereffective|p1a: Aerodactyl|1\n|-supereffective|p1b: Staraptor|1\n|-damage|p1a: Aerodactyl|0 fnt\n|-damage|p1b: Staraptor|61/100\n|faint|p1a: Aerodactyl\n|-damage|p2b: Garchomp|73/100|[from] item: Life Orb\n|cant|p2a: Incineroar|move: Taunt|Parting Shot\n|\n|upkeep\n|\n|t:|1788308635\n|switch|p1a: Grimmsnarl|Grimmsnarl, L50, M|100/100\n|turn|4\n|\n|t:|1788308650\n|detailschange|p1b: Staraptor|Staraptor-Mega, L50, F\n|-mega|p1b: Staraptor|Staraptor|Staraptite\n|move|p1a: Grimmsnarl|Parting Shot|p1b: Staraptor\n|-boost|p1b: Staraptor|atk|1\n|-boost|p1b: Staraptor|spa|1\n|\n|t:|1788308654\n|switch|p1a: Garchomp|Garchomp, L50, F|100/100|[from] Parting Shot\n|move|p1b: Staraptor|Close Combat|p2a: Incineroar\n|-supereffective|p2a: Incineroar|1\n|-damage|p2a: Incineroar|0 fnt\n|-boost|p1b: Staraptor|def|1\n|-boost|p1b: Staraptor|spd|1\n|faint|p2a: Incineroar\n|move|p2b: Garchomp|Dragon Claw|p1b: Staraptor\n|-damage|p1b: Staraptor|39/100\n|-damage|p2b: Garchomp|63/100|[from] item: Life Orb\n|\n|-sideend|p1: Bigblueb|move: Tailwind\n|upkeep\n|\n|t:|1788308668\n|switch|p2a: Charizard|Charizard, L50, M, shiny|100/100\n|turn|5\n|\n|t:|1788308682\n|detailschange|p2a: Charizard|Charizard-Mega-Y, L50, M, shiny\n|-mega|p2a: Charizard|Charizard|Charizardite Y\n|-weather|SunnyDay|[from] ability: Drought|[of] p2a: Charizard\n|move|p1a: Garchomp|Rock Slide|p2b: Garchomp|[spread] p2b\n|-miss|p1a: Garchomp|p2a: Charizard\n|-resisted|p2b: Garchomp|1\n|-damage|p2b: Garchomp|52/100\n|move|p2b: Garchomp|Dragon Claw|p1a: Garchomp\n|-supereffective|p1a: Garchomp|1\n|-damage|p1a: Garchomp|45/100\n|-damage|p2b: Garchomp|40/100|[from] ability: Rough Skin|[of] p1a: Garchomp\n|-damage|p2b: Garchomp|30/100|[from] item: Life Orb\n|move|p1b: Staraptor|Close Combat|p2b: Garchomp\n|-damage|p2b: Garchomp|0 fnt\n|-boost|p1b: Staraptor|def|1\n|-boost|p1b: Staraptor|spd|1\n|-damage|p1b: Staraptor|26/100|[from] ability: Rough Skin|[of] p2b: Garchomp\n|faint|p2b: Garchomp\n|move|p2a: Charizard|Heat Wave|p1b: Staraptor|[spread] p1a,p1b\n|-resisted|p1a: Garchomp|1\n|-damage|p1a: Garchomp|4/100\n|-damage|p1b: Staraptor|0 fnt\n|faint|p1b: Staraptor\n|\n|-weather|SunnyDay|[upkeep]\n|upkeep\n|\n|t:|1788308706\n|switch|p2b: Hydreigon|Hydreigon, L50, M, shiny|100/100\n|switch|p1b: Grimmsnarl|Grimmsnarl, L50, M|100/100\n|turn|6\n|\n|t:|1788308715\n|move|p1a: Garchomp|Rock Slide|p2b: Hydreigon|[spread] p2a,p2b\n|-supereffective|p2a: Charizard|2\n|-damage|p2a: Charizard|6/100\n|-damage|p2b: Hydreigon|76/100\n|cant|p2b: Hydreigon|flinch\n|cant|p2a: Charizard|flinch\n|move|p1b: Grimmsnarl|Foul Play|p2b: Hydreigon\n|-resisted|p2b: Hydreigon|1\n|-damage|p2b: Hydreigon|58/100\n|\n|-weather|SunnyDay|[upkeep]\n|upkeep\n|turn|7\n|\n|t:|1788308727\n|move|p2a: Charizard|Protect|p2a: Charizard\n|-singleturn|p2a: Charizard|Protect\n|move|p1a: Garchomp|Rock Slide|p2a: Charizard|[spread] p2b\n|-activate|p2a: Charizard|move: Protect\n|-damage|p2b: Hydreigon|37/100\n|move|p2b: Hydreigon|Flamethrower|p1a: Garchomp\n|-resisted|p1a: Garchomp|1\n|-damage|p1a: Garchomp|0 fnt\n|faint|p1a: Garchomp\n|move|p1b: Grimmsnarl|Foul Play|p2b: Hydreigon\n|-resisted|p2b: Hydreigon|1\n|-damage|p2b: Hydreigon|21/100\n|\n|-weather|SunnyDay|[upkeep]\n|upkeep\n|turn|8\n|\n|t:|1788308743\n|move|p2b: Hydreigon|Flamethrower|p1b: Grimmsnarl\n|-damage|p1b: Grimmsnarl|66/100\n|move|p2a: Charizard|Weather Ball|p1b: Grimmsnarl\n|-damage|p1b: Grimmsnarl|0 fnt\n|faint|p1b: Grimmsnarl\n|\n|win|xiaoyang2004\n|raw|Bigblueb's rating: 1106 &rarr; <strong>1079</strong><br />(-27 for losing)\n|raw|xiaoyang2004's rating: 1074 &rarr; <strong>1106</strong><br />(+32 for winning)\n|l|☆Bigblueb\n|player|p1|\n","uploadtime":1788308751,"views":"7","formatid":"gen9championsvgc2026regmb","rating":1079,"private":0,"password":null}