{"id":"gen9championsvgc2026regmb-2673859044","format":"[Gen 9 Champions] VGC 2026 Reg M-B","players":["jijon111","Thornlace48812"],"log":"|j|☆jijon111\n|j|☆Thornlace48812\n|t:|1788269568\n|gametype|doubles\n|player|p1|jijon111|265|1161\n|player|p2|Thornlace48812|102|1119\n|gen|9\n|tier|[Gen 9 Champions] VGC 2026 Reg M-B\n|rated|\n|rule|Species Clause: Limit one of each Pokémon\n|rule|Item Clause: Limit 1 of each item\n|clearpoke\n|poke|p1|Snorlax, L50, M|\n|poke|p1|Oranguru, L50, F|\n|poke|p1|Sinistcha-Masterpiece, L50|\n|poke|p1|Torkoal, L50, F|\n|poke|p1|Mawile, L50, F|\n|poke|p1|Basculegion, L50, M|\n|poke|p2|Garchomp, L50, M|\n|poke|p2|Charizard, L50, M|\n|poke|p2|Whimsicott, L50, M|\n|poke|p2|Sylveon, L50, F|\n|poke|p2|Kingambit, L50, F|\n|poke|p2|Basculegion, L50, M|\n|teampreview|4\n|inactive|Battle timer is ON: inactive players will automatically lose when time's up. (requested by Thornlace48812)\nThornlace48812 rejected open team sheets.\n|inactive|jijon111 has 60 seconds left.\n|\n|t:|1788269600\n|teamsize|p1|4\n|teamsize|p2|4\n|start\n|switch|p1a: Snorlax|Snorlax, L50, M|100/100\n|switch|p1b: Oranguru|Oranguru, L50, F|100/100\n|switch|p2a: Charizard|Charizard, L50, M|100/100\n|switch|p2b: Sylveon|Sylveon, L50, F|100/100\n|turn|1\n|\n|t:|1788269611\n|detailschange|p2a: Charizard|Charizard-Mega-Y, L50, M\n|-mega|p2a: Charizard|Charizard|Charizardite Y\n|-weather|SunnyDay|[from] ability: Drought|[of] p2a: Charizard\n|move|p2a: Charizard|Heat Wave|p1a: Snorlax|[spread] p1a,p1b\n|-damage|p1a: Snorlax|80/100\n|-damage|p1b: Oranguru|54/100\n|move|p2b: Sylveon|Hyper Voice|p1b: Oranguru|[spread] p1a,p1b\n|-crit|p1b: Oranguru\n|-damage|p1a: Snorlax|51/100\n|-damage|p1b: Oranguru|6/100\n|move|p1a: Snorlax|Belly Drum|p1a: Snorlax\n|-damage|p1a: Snorlax|1/100\n|-setboost|p1a: Snorlax|atk|6|[from] move: Belly Drum\n|-enditem|p1a: Snorlax|Sitrus Berry|[eat]\n|-heal|p1a: Snorlax|25/100|[from] item: Sitrus Berry\n|move|p1b: Oranguru|Trick Room|p1b: Oranguru\n|-fieldstart|move: Trick Room|[of] p1b: Oranguru\n|\n|-weather|SunnyDay|[upkeep]\n|upkeep\n|turn|2\n|\n|t:|1788269635\n|move|p1a: Snorlax|Last Resort|p2b: Sylveon\n|-damage|p2b: Sylveon|0 fnt\n|faint|p2b: Sylveon\n|move|p1b: Oranguru|Instruct|p1a: Snorlax\n|-singleturn|p1a: Snorlax|move: Instruct|[of] p1b: Oranguru\n|move|p1a: Snorlax|Last Resort|p2a: Charizard\n|-damage|p2a: Charizard|0 fnt\n|faint|p2a: Charizard\n|\n|-weather|SunnyDay|[upkeep]\n|upkeep\n|\n|t:|1788269636\n|switch|p2b: Basculegion|Basculegion, L50, M|100/100\n|switch|p2a: Whimsicott|Whimsicott, L50, M|100/100\n|turn|3\n|\n|t:|1788269651\n|move|p1a: Snorlax|Last Resort|p2a: Whimsicott\n|-enditem|p2a: Whimsicott|Focus Sash\n|-damage|p2a: Whimsicott|1/100\n|move|p1b: Oranguru|Instruct|p1a: Snorlax\n|-singleturn|p1a: Snorlax|move: Instruct|[of] p1b: Oranguru\n|move|p1a: Snorlax|Last Resort|p2a: Whimsicott\n|-damage|p2a: Whimsicott|0 fnt\n|faint|p2a: Whimsicott\n|move|p2b: Basculegion|Last Respects|p1b: Oranguru\n|-immune|p1b: Oranguru\n|\n|-weather|SunnyDay|[upkeep]\n|upkeep\n|turn|4\n|\n|t:|1788269666\n|move|p1a: Snorlax|Last Resort|p2b: Basculegion\n|-immune|p2b: Basculegion\n|move|p1b: Oranguru|Psychic|p2b: Basculegion\n|-damage|p2b: Basculegion|68/100\n|move|p2b: Basculegion|Last Respects|p1a: Snorlax\n|-immune|p1a: Snorlax\n|\n|-weather|SunnyDay|[upkeep]\n|upkeep\n|turn|5\n|\n|t:|1788269671\n|move|p1a: Snorlax|Last Resort|p2b: Basculegion\n|-immune|p2b: Basculegion\n|move|p1b: Oranguru|Psychic|p2b: Basculegion\n|-damage|p2b: Basculegion|37/100\n|-unboost|p2b: Basculegion|spd|1\n|move|p2b: Basculegion|Last Respects|p1b: Oranguru\n|-immune|p1b: Oranguru\n|\n|-weather|none\n|-fieldend|move: Trick Room\n|upkeep\n|turn|6\n|\n|t:|1788269676\n|move|p2b: Basculegion|Last Respects|p1a: Snorlax\n|-immune|p1a: Snorlax\n|move|p1b: Oranguru|Psychic|p2b: Basculegion\n|-damage|p2b: Basculegion|0 fnt\n|faint|p2b: Basculegion\n|\n|win|jijon111\n|raw|jijon111's rating: 1161 &rarr; <strong>1184</strong><br />(+23 for winning)\n|raw|Thornlace48812's rating: 1129 &rarr; <strong>1106</strong><br />(-23 for losing)\n","uploadtime":1788269676,"views":"0","formatid":"gen9championsvgc2026regmb","rating":1106,"private":0,"password":null}