{"id":"gen9championsvgc2026regmb-2674748916","format":"[Gen 9 Champions] VGC 2026 Reg M-B","players":["Currystewboss","barlarke3.0"],"log":"|j|☆Currystewboss\n|j|☆barlarke3.0\n|t:|1788400136\n|gametype|doubles\n|player|p1|Currystewboss|ethan|\n|player|p2|barlarke3.0|101|\n|gen|9\n|tier|[Gen 9 Champions] VGC 2026 Reg M-B\n|rule|Species Clause: Limit one of each Pokémon\n|rule|Item Clause: Limit 1 of each item\n|clearpoke\n|poke|p1|Weavile, L50, F|\n|poke|p1|Ceruledge, L50, M|\n|poke|p1|Charizard, L50, M|\n|poke|p1|Torkoal, L50, M|\n|poke|p1|Volcarona, L50, F|\n|poke|p1|Mawile, L50, F|\n|poke|p2|Torkoal, L50, F|\n|poke|p2|Ceruledge, L50, F|\n|poke|p2|Whimsicott, L50, M|\n|poke|p2|Typhlosion, L50, M|\n|poke|p2|Charizard, L50, M|\n|poke|p2|Araquanid, L50, F|\n|teampreview|4\n|\n|t:|1788400188\n|teamsize|p1|4\n|teamsize|p2|4\n|start\n|switch|p1a: Charizard|Charizard, L50, M|100/100\n|switch|p1b: Ceruledge|Ceruledge, L50, M|100/100\n|switch|p2a: Typhlosion|Typhlosion, L50, M|100/100\n|switch|p2b: Araquanid|Araquanid, L50, F|100/100\n|turn|1\n|\n|t:|1788400206\n|detailschange|p1a: Charizard|Charizard-Mega-Y, L50, M\n|-mega|p1a: Charizard|Charizard|Charizardite Y\n|-weather|SunnyDay|[from] ability: Drought|[of] p1a: Charizard\n|move|p2a: Typhlosion|Scorching Sands|p1b: Ceruledge\n|-supereffective|p1b: Ceruledge|1\n|-damage|p1b: Ceruledge|59/100\n|move|p1a: Charizard|Air Slash|p2b: Araquanid\n|-supereffective|p2b: Araquanid|1\n|-damage|p2b: Araquanid|28/100\n|move|p1b: Ceruledge|Swords Dance|p1b: Ceruledge\n|-boost|p1b: Ceruledge|atk|2\n|move|p2b: Araquanid|Liquidation|p1a: Charizard\n|-supereffective|p1a: Charizard|1\n|-damage|p1a: Charizard|15/100\n|\n|-weather|SunnyDay|[upkeep]\n|upkeep\n|turn|2\n|\n|t:|1788400230\n|move|p2a: Typhlosion|Scorching Sands|p1b: Ceruledge\n|-supereffective|p1b: Ceruledge|1\n|-damage|p1b: Ceruledge|21/100\n|move|p1a: Charizard|Air Slash|p2b: Araquanid\n|-supereffective|p2b: Araquanid|1\n|-damage|p2b: Araquanid|0 fnt\n|faint|p2b: Araquanid\n|move|p1b: Ceruledge|Shadow Claw|p2a: Typhlosion\n|-damage|p2a: Typhlosion|21/100\n|\n|-weather|SunnyDay|[upkeep]\n|upkeep\n|\n|t:|1788400246\n|switch|p2b: Ceruledge|Ceruledge, L50, F|100/100\n|turn|3\n|\n|t:|1788400258\n|move|p2b: Ceruledge|Shadow Sneak|p1a: Charizard\n|-damage|p1a: Charizard|0 fnt\n|faint|p1a: Charizard\n|-damage|p2b: Ceruledge|90/100|[from] item: Life Orb\n|move|p2a: Typhlosion|Scorching Sands|p1b: Ceruledge\n|-supereffective|p1b: Ceruledge|1\n|-damage|p1b: Ceruledge|0 fnt\n|faint|p1b: Ceruledge\n|\n|-weather|SunnyDay|[upkeep]\n|upkeep\n|\n|t:|1788400271\n|switch|p1a: Torkoal|Torkoal, L50, M|100/100\n|switch|p1b: Weavile|Weavile, L50, F|100/100\n|-ability|p1b: Weavile|Pressure\n|turn|4\n|\n|t:|1788400287\n|move|p1b: Weavile|Fake Out|p2a: Typhlosion\n|-damage|p2a: Typhlosion|1/100\n|cant|p2a: Typhlosion|flinch\n|move|p2b: Ceruledge|Bitter Blade|p1b: Weavile\n|-supereffective|p1b: Weavile|1\n|-damage|p1b: Weavile|0 fnt\n|-heal|p2b: Ceruledge|100/100|[from] drain|[of] p1b: Weavile\n|faint|p1b: Weavile\n|-damage|p2b: Ceruledge|90/100|[from] item: Life Orb\n|move|p1a: Torkoal|Eruption|p2a: Typhlosion|[spread] \n|-start|p2a: Typhlosion|ability: Flash Fire\n|-start|p2b: Ceruledge|ability: Flash Fire\n|\n|-weather|SunnyDay|[upkeep]\n|upkeep\n|turn|5\n|-message|Currystewboss forfeited.\n|\n|win|barlarke3.0\n|l|☆Currystewboss\n|player|p1|\n","uploadtime":1788400308,"views":"0","formatid":"gen9championsvgc2026regmb","rating":null,"private":0,"password":null}