{"id":"gen9championsvgc2026regmb-2673999359","format":"[Gen 9 Champions] VGC 2026 Reg M-B","players":["Gunchlax","fallensky24"],"log":"|j|☆Gunchlax\n|j|☆fallensky24\n|t:|1788286587\n|gametype|doubles\n|player|p1|Gunchlax|unknown|\n|player|p2|fallensky24|169|\n|gen|9\n|tier|[Gen 9 Champions] VGC 2026 Reg M-B\n|rule|Species Clause: Limit one of each Pokémon\n|rule|Item Clause: Limit 1 of each item\n|clearpoke\n|poke|p1|Noivern, L50, M, shiny|\n|poke|p1|Delphox, L50, M, shiny|\n|poke|p1|Tsareena, L50, F, shiny|\n|poke|p1|Kingambit, L50, M, shiny|\n|poke|p1|Kangaskhan, L50, F, shiny|\n|poke|p1|Emolga, L50, M|\n|poke|p2|Floette-Eternal, L50, F|\n|poke|p2|Klefki, L50, M|\n|poke|p2|Hydreigon, L50, M|\n|poke|p2|Basculegion, L50, M|\n|poke|p2|Skarmory, L50, F|\n|poke|p2|Swampert, L50, F|\n|teampreview|4\nfallensky24 rejected open team sheets.\n|inactive|Battle timer is ON: inactive players will automatically lose when time's up. (requested by Gunchlax)\n|inactive|fallensky24 has 60 seconds left.\n|\n|t:|1788286649\n|teamsize|p1|4\n|teamsize|p2|4\n|start\n|switch|p1a: Game Changer|Delphox, L50, M, shiny|100/100\n|switch|p1b: Make Some Noise|Noivern, L50, M, shiny|100/100\n|switch|p2a: Swampert|Swampert, L50, F|100/100\n|switch|p2b: Hydreigon|Hydreigon, L50, M|100/100\n|turn|1\n|inactive|Gunchlax has 30 seconds left.\n|inactive|fallensky24 has 30 seconds left.\n|inactive|Gunchlax has 20 seconds left.\n|inactive|Gunchlax has 15 seconds left.\n|\n|t:|1788286690\n|move|p1a: Game Changer|Protect|p1a: Game Changer\n|-singleturn|p1a: Game Changer|Protect\n|move|p2b: Hydreigon|Protect|p2b: Hydreigon\n|-singleturn|p2b: Hydreigon|Protect\n|move|p1b: Make Some Noise|Draco Meteor|p2b: Hydreigon\n|-activate|p2b: Hydreigon|move: Protect\n|move|p2a: Swampert|Wave Crash|p1a: Game Changer\n|-activate|p1a: Game Changer|move: Protect\n|\n|upkeep\n|turn|2\n|inactive|Gunchlax has 30 seconds left.\n|\n|t:|1788286717\n|switch|p1a: Dirty Laundry|Tsareena, L50, F, shiny|100/100\n|switch|p2b: Floette|Floette-Eternal, L50, F|100/100\n|move|p1b: Make Some Noise|Draco Meteor|p2b: Floette\n|-immune|p2b: Floette\n|move|p2a: Swampert|Wave Crash|p1a: Dirty Laundry\n|-resisted|p1a: Dirty Laundry|1\n|-damage|p1a: Dirty Laundry|75/100\n|-damage|p2a: Swampert|93/100|[from] Recoil\n|\n|upkeep\n|turn|3\n|inactive|Gunchlax has 30 seconds left.\n|inactive|fallensky24 has 30 seconds left.\n|\n|t:|1788286751\n|switch|p2a: Hydreigon|Hydreigon, L50, M|100/100\n|detailschange|p2b: Floette|Floette-Mega, L50, F\n|-mega|p2b: Floette|Floette|Floettite\n|-ability|p2b: Floette|Fairy Aura\n|move|p1b: Make Some Noise|Tailwind|p1b: Make Some Noise\n|-sidestart|p1: Gunchlax|move: Tailwind\n|move|p1a: Dirty Laundry|Power Whip|p2a: Hydreigon\n|-resisted|p2a: Hydreigon|1\n|-damage|p2a: Hydreigon|76/100\n|move|p2b: Floette|Dazzling Gleam|p1b: Make Some Noise|[spread] p1a,p1b\n|-supereffective|p1b: Make Some Noise|1\n|-damage|p1a: Dirty Laundry|24/100\n|-enditem|p1b: Make Some Noise|Focus Sash\n|-damage|p1b: Make Some Noise|1/100\n|\n|upkeep\n|turn|4\n|inactive|Gunchlax has 30 seconds left.\n|inactive|fallensky24 has 30 seconds left.\n|inactive|Gunchlax has 20 seconds left.\n|\n|t:|1788286789\n|switch|p1b: Game Changer|Delphox, L50, M, shiny|100/100\n|switch|p2a: Basculegion|Basculegion, L50, M|100/100\n|move|p1a: Dirty Laundry|Protect|p1a: Dirty Laundry\n|-singleturn|p1a: Dirty Laundry|Protect\n|move|p2b: Floette|Light of Ruin|p1b: Game Changer\n|-resisted|p1b: Game Changer|1\n|-damage|p1b: Game Changer|30/100\n|-damage|p2b: Floette|63/100|[from] Recoil\n|\n|upkeep\n|turn|5\n|inactive|Gunchlax has 30 seconds left.\n|inactive|fallensky24 has 30 seconds left.\n|\n|t:|1788286821\n|switch|p1a: Dimension 20|Kingambit, L50, M, shiny|100/100\n|detailschange|p1b: Game Changer|Delphox-Mega, L50, M, shiny\n|-mega|p1b: Game Changer|Delphox|Delphoxite\n|move|p2a: Basculegion|Protect|p2a: Basculegion\n|-singleturn|p2a: Basculegion|Protect\n|move|p1b: Game Changer|Heat Wave|p2a: Basculegion|[spread] p2b\n|-activate|p2a: Basculegion|move: Protect\n|-damage|p2b: Floette|28/100\n|move|p2b: Floette|Dazzling Gleam|p1a: Dimension 20|[spread] p1a,p1b\n|-resisted|p1b: Game Changer|1\n|-damage|p1a: Dimension 20|52/100\n|-damage|p1b: Game Changer|7/100\n|\n|upkeep\n|turn|6\n|inactive|Gunchlax has 30 seconds left.\n|inactive|fallensky24 has 30 seconds left.\n|inactive|Gunchlax has 20 seconds left.\n|inactive|fallensky24 has 20 seconds left.\n|inactive|fallensky24 has 15 seconds left.\n|\n|t:|1788286865\n|switch|p2a: Swampert|Swampert, L50, F|93/100\n|move|p1a: Dimension 20|Sucker Punch||[still]\n|-fail|p1a: Dimension 20\n|move|p1b: Game Changer|Psyshock|p2b: Floette\n|-damage|p2b: Floette|0 fnt\n|faint|p2b: Floette\n|\n|-sideend|p1: Gunchlax|move: Tailwind\n|upkeep\n|\n|t:|1788286876\n|switch|p2b: Basculegion|Basculegion, L50, M|100/100\n|turn|7\n|inactive|fallensky24 has 30 seconds left.\n|\n|t:|1788286901\n|move|p2b: Basculegion|Protect|p2b: Basculegion\n|-singleturn|p2b: Basculegion|Protect\n|move|p1a: Dimension 20|Sucker Punch||[still]\n|-fail|p1a: Dimension 20\n|move|p1b: Game Changer|Dazzling Gleam|p2b: Basculegion|[spread] p2a\n|-activate|p2b: Basculegion|move: Protect\n|-damage|p2a: Swampert|70/100\n|move|p2a: Swampert|High Horsepower|p1a: Dimension 20\n|-supereffective|p1a: Dimension 20|1\n|-damage|p1a: Dimension 20|0 fnt\n|faint|p1a: Dimension 20\n|-end|p1a: Dimension 20|fallenundefined|[silent]\n|\n|upkeep\n|\n|t:|1788286913\n|switch|p1a: Dirty Laundry|Tsareena, L50, F, shiny|24/100\n|turn|8\n|inactive|Gunchlax has 30 seconds left.\n|inactive|fallensky24 has 30 seconds left.\n|inactive|Gunchlax has 20 seconds left.\n|inactive|fallensky24 has 20 seconds left.\n|inactive|fallensky24 has 15 seconds left.\n|\n|t:|1788286956\n|move|p1a: Dirty Laundry|Protect|p1a: Dirty Laundry\n|-singleturn|p1a: Dirty Laundry|Protect\n|move|p1b: Game Changer|Dazzling Gleam|p2a: Swampert|[spread] p2a,p2b\n|-damage|p2a: Swampert|48/100\n|-damage|p2b: Basculegion|72/100\n|move|p2b: Basculegion|Ice Fang|p1a: Dirty Laundry\n|-activate|p1a: Dirty Laundry|move: Protect\n|move|p2a: Swampert|Icy Wind|p1a: Dirty Laundry|[spread] p1b\n|-activate|p1a: Dirty Laundry|move: Protect\n|-resisted|p1b: Game Changer|1\n|-damage|p1b: Game Changer|4/100\n|-unboost|p1b: Game Changer|spe|1\n|\n|upkeep\n|turn|9\n|inactive|Gunchlax has 30 seconds left.\n|inactive|fallensky24 has 30 seconds left.\n|inactive|fallensky24 has 20 seconds left.\n|inactive|fallensky24 has 15 seconds left.\n|\n|t:|1788287001\n|switch|p2b: Hydreigon|Hydreigon, L50, M|76/100\n|move|p1b: Game Changer|Psyshock|p2b: Hydreigon\n|-immune|p2b: Hydreigon\n|move|p1a: Dirty Laundry|Power Whip|p2a: Swampert\n|-supereffective|p2a: Swampert|2\n|-enditem|p2a: Swampert|Rindo Berry|[eat]\n|-enditem|p2a: Swampert|Rindo Berry|[weaken]\n|-damage|p2a: Swampert|0 fnt\n|faint|p2a: Swampert\n|\n|upkeep\n|\n|t:|1788287011\n|switch|p2a: Basculegion|Basculegion, L50, M|72/100\n|turn|10\n|inactive|Gunchlax has 30 seconds left.\n|inactive|fallensky24 has 30 seconds left.\n|inactive|Gunchlax has 20 seconds left.\n|\n|t:|1788287048\n|move|p2a: Basculegion|Wave Crash|p1b: Game Changer\n|-supereffective|p1b: Game Changer|1\n|-damage|p1b: Game Changer|0 fnt\n|faint|p1b: Game Changer\n|-damage|p2a: Basculegion|71/100|[from] Recoil\n|-damage|p2a: Basculegion|61/100|[from] item: Life Orb\n|move|p1a: Dirty Laundry|Power Whip|p2a: Basculegion\n|-supereffective|p2a: Basculegion|1\n|-damage|p2a: Basculegion|0 fnt\n|faint|p2a: Basculegion\n|move|p2b: Hydreigon|Flamethrower|p1a: Dirty Laundry\n|-supereffective|p1a: Dirty Laundry|1\n|-damage|p1a: Dirty Laundry|0 fnt\n|faint|p1a: Dirty Laundry\n|\n|upkeep\n|\n|t:|1788287062\n|switch|p1a: Make Some Noise|Noivern, L50, M, shiny|1/100\n|turn|11\n|\n|t:|1788287069\n|move|p1a: Make Some Noise|Draco Meteor|p2b: Hydreigon\n|-supereffective|p2b: Hydreigon|1\n|-damage|p2b: Hydreigon|0 fnt\n|-unboost|p1a: Make Some Noise|spa|2\n|faint|p2b: Hydreigon\n|\n|win|Gunchlax\n","uploadtime":1788287077,"views":"14","formatid":"gen9championsvgc2026regmb","rating":null,"private":0,"password":null}