{"id":"gen9championsvgc2026regmb-2674228266","format":"[Gen 9 Champions] VGC 2026 Reg M-B","players":["MilkTeaWayGalaxy","bullgod4ever"],"log":"|j|☆MilkTeaWayGalaxy\n|j|☆bullgod4ever\n|t:|1788319043\n|gametype|doubles\n|player|p1|MilkTeaWayGalaxy|rosa-pokestar3|1696\n|player|p2|bullgod4ever|266|1775\n|gen|9\n|tier|[Gen 9 Champions] VGC 2026 Reg M-B\n|rated|\n|rule|Species Clause: Limit one of each Pokémon\n|rule|Item Clause: Limit 1 of each item\n|clearpoke\n|poke|p1|Sableye, L50, F|\n|poke|p1|Archaludon, L50, M|\n|poke|p1|Pelipper, L50, M|\n|poke|p1|Maushold, L50|\n|poke|p1|Swampert, L50, F|\n|poke|p1|Sinistcha, L50|\n|poke|p2|Talonflame, L50, M|\n|poke|p2|Archaludon, L50, M|\n|poke|p2|Blastoise, L50, M|\n|poke|p2|Sylveon, L50, M|\n|poke|p2|Gengar, L50, M|\n|poke|p2|Pelipper, L50, M|\n|teampreview|4\n|\n|t:|1788319103\n|teamsize|p1|4\n|teamsize|p2|4\n|start\n|switch|p1a: Sableye|Sableye, L50, F|100/100\n|switch|p1b: Swampert|Swampert, L50, F|100/100\n|switch|p2a: Blastoise|Blastoise, L50, M|100/100\n|switch|p2b: Gengar|Gengar, L50, M|100/100\n|turn|1\n|inactive|Battle timer is ON: inactive players will automatically lose when time's up. (requested by bullgod4ever)\n|\n|t:|1788319127\n|switch|p1b: Pelipper|Pelipper, L50, M|100/100\n|-weather|RainDance|[from] ability: Drizzle|[of] p1b: Pelipper\n|detailschange|p2a: Blastoise|Blastoise-Mega, L50, M\n|-mega|p2a: Blastoise|Blastoise|Blastoisinite\n|move|p2a: Blastoise|Fake Out|p1b: Pelipper\n|-damage|p1b: Pelipper|91/100\n|move|p1a: Sableye|Light Screen|p1a: Sableye\n|-sidestart|p1: MilkTeaWayGalaxy|move: Light Screen\n|move|p2b: Gengar|Trick Room|p2b: Gengar\n|-fieldstart|move: Trick Room|[of] p2b: Gengar\n|\n|-weather|RainDance|[upkeep]\n|upkeep\n|turn|2\n|\n|t:|1788319146\n|switch|p2b: Sylveon|Sylveon, L50, M|100/100\n|move|p1a: Sableye|Quash|p2a: Blastoise\n|-activate|p2a: Blastoise|move: Quash\n|move|p1b: Pelipper|Hurricane|p2a: Blastoise\n|-damage|p2a: Blastoise|70/100\n|-start|p2a: Blastoise|confusion\n|-activate|p2a: Blastoise|confusion\n|-damage|p2a: Blastoise|61/100|[from] confusion\n|\n|-weather|RainDance|[upkeep]\n|upkeep\n|turn|3\n|\n|t:|1788319166\n|move|p1a: Sableye|Quash|p2b: Sylveon\n|-activate|p2b: Sylveon|move: Quash\n|-end|p2a: Blastoise|confusion\n|move|p2a: Blastoise|Dark Pulse|p1b: Pelipper\n|-damage|p1b: Pelipper|55/100\n|move|p1b: Pelipper|Weather Ball|p2b: Sylveon\n|-damage|p2b: Sylveon|65/100\n|move|p2b: Sylveon|Hyper Voice|p1b: Pelipper|[spread] p1a,p1b\n|-supereffective|p1a: Sableye|1\n|-damage|p1a: Sableye|15/100\n|-damage|p1b: Pelipper|19/100\n|-enditem|p1b: Pelipper|Sitrus Berry|[eat]\n|-heal|p1b: Pelipper|43/100|[from] item: Sitrus Berry\n|-damage|p2b: Sylveon|55/100|[from] item: Life Orb\n|\n|-weather|RainDance|[upkeep]\n|upkeep\n|turn|4\n|inactive|MilkTeaWayGalaxy has 30 seconds left.\n|inactive|bullgod4ever has 30 seconds left.\n|\n|t:|1788319197\n|switch|p1a: Archaludon|Archaludon, L50, M|100/100\n|move|p1b: Pelipper|Wide Guard|p1b: Pelipper\n|-singleturn|p1b: Pelipper|Wide Guard\n|move|p2b: Sylveon|Quick Attack|p1a: Archaludon\n|-damage|p1a: Archaludon|88/100\n|-ability|p1a: Archaludon|Stamina|boost\n|-boost|p1a: Archaludon|def|1\n|-damage|p2b: Sylveon|45/100|[from] item: Life Orb\n|move|p2a: Blastoise|Dark Pulse|p1b: Pelipper\n|-damage|p1b: Pelipper|12/100\n|\n|-weather|RainDance|[upkeep]\n|-heal|p1a: Archaludon|94/100|[from] item: Leftovers\n|upkeep\n|turn|5\n|inactive|bullgod4ever has 30 seconds left.\n|inactive|bullgod4ever has 20 seconds left.\n|\n|t:|1788319238\n|switch|p1b: Sableye|Sableye, L50, F|15/100\n|move|p1a: Archaludon|Protect|p1a: Archaludon\n|-singleturn|p1a: Archaludon|Protect\n|move|p2b: Sylveon|Quick Attack|p1b: Sableye\n|-supereffective|p1b: Sableye|1\n|-damage|p1b: Sableye|0 fnt\n|faint|p1b: Sableye\n|-damage|p2b: Sylveon|35/100|[from] item: Life Orb\n|move|p2a: Blastoise|Aura Sphere|p1a: Archaludon\n|-activate|p1a: Archaludon|move: Protect\n|\n|-weather|none\n|-heal|p1a: Archaludon|100/100|[from] item: Leftovers\n|-fieldend|move: Trick Room\n|upkeep\n|\n|t:|1788319241\n|switch|p1b: Pelipper|Pelipper, L50, M|12/100\n|-weather|RainDance|[from] ability: Drizzle|[of] p1b: Pelipper\n|turn|6\n|inactive|bullgod4ever has 30 seconds left.\n|inactive|bullgod4ever has 20 seconds left.\n|\n|t:|1788319276\n|move|p1a: Archaludon|Electro Shot||[still]\n|-prepare|p1a: Archaludon|Electro Shot\n|-boost|p1a: Archaludon|spa|1\n|-anim|p1a: Archaludon|Electro Shot|p2a: Blastoise\n|-supereffective|p2a: Blastoise|1\n|-damage|p2a: Blastoise|0 fnt\n|faint|p2a: Blastoise\n|move|p1b: Pelipper|Weather Ball|p2b: Sylveon\n|-damage|p2b: Sylveon|0 fnt\n|faint|p2b: Sylveon\n|\n|-weather|RainDance|[upkeep]\n|upkeep\n|\n|t:|1788319288\n|switch|p2a: Pelipper|Pelipper, L50, M|100/100\n|switch|p2b: Gengar|Gengar, L50, M|100/100\n|turn|7\n|\n|t:|1788319301\n|move|p2a: Pelipper|Protect|p2a: Pelipper\n|-singleturn|p2a: Pelipper|Protect\n|move|p1a: Archaludon|Electro Shot||[still]\n|-prepare|p1a: Archaludon|Electro Shot\n|-boost|p1a: Archaludon|spa|1\n|-anim|p1a: Archaludon|Electro Shot|p2b: Gengar\n|-enditem|p2b: Gengar|Focus Sash\n|-damage|p2b: Gengar|1/100\n|move|p1b: Pelipper|Weather Ball|p2b: Gengar\n|-damage|p2b: Gengar|0 fnt\n|faint|p2b: Gengar\n|\n|-weather|RainDance|[upkeep]\n|upkeep\n|turn|8\n|-message|bullgod4ever forfeited.\n|\n|win|MilkTeaWayGalaxy\n|raw|MilkTeaWayGalaxy's rating: 1696 &rarr; <strong>1720</strong><br />(+24 for winning)\n|raw|bullgod4ever's rating: 1775 &rarr; <strong>1751</strong><br />(-24 for losing)\n|l|☆bullgod4ever\n|player|p2|\n","uploadtime":1788319318,"views":"6","formatid":"gen9championsvgc2026regmb","rating":1720,"private":0,"password":null}