{"id":"gen9championsvgc2026regmbbo3-2674523287","format":"[Gen 9 Champions] VGC 2026 Reg M-B (Bo3)","players":["LordKameni","grtnpwrfl"],"log":"|j|☆LordKameni\n|j|☆grtnpwrfl\n|html|<table width=\"100%\"><tr><td align=\"left\">LordKameni</td><td align=\"right\">grtnpwrfl</tr><tr><td align=\"left\"><i class=\"fa fa-circle\"></i> <i class=\"fa fa-circle-o\"></i> </td><td align=\"right\"><i class=\"fa fa-circle-o\"></i> <i class=\"fa fa-circle-o\"></i> </tr></table>\n|uhtml|bestof|<h2><strong>Game 2</strong> of <a href=\"/game-bestof3-gen9championsvgc2026regmbbo3-2674521300\">a best-of-3</a></h2>\n|t:|1788369782\n|gametype|doubles\n|player|p1|LordKameni|265|1161\n|player|p2|grtnpwrfl|102|1073\n|gen|9\n|tier|[Gen 9 Champions] VGC 2026 Reg M-B (Bo3)\n|rated|\n|rule|Species Clause: Limit one of each Pokémon\n|rule|Item Clause: Limit 1 of each item\n|clearpoke\n|poke|p1|Blastoise, L50, M|\n|poke|p1|Sneasler, L50, M|\n|poke|p1|Incineroar, L50, M|\n|poke|p1|Delphox, L50, M|\n|poke|p1|Sinistcha, L50|\n|poke|p1|Kingambit, L50, M|\n|poke|p2|Metagross, L50|\n|poke|p2|Palafin, L50, F|\n|poke|p2|Pelipper, L50, F|\n|poke|p2|Hatterene, L50, F|\n|poke|p2|Garchomp, L50, F|\n|poke|p2|Raichu, L50, M|\n|teampreview|4\n|showteam|p1|Blastoise||Blastoisinite|RainDish|ShellSmash,Protect,WaterSpout,DarkPulse|Modest||M|||50|]Sneasler||FocusSash|PoisonTouch|FakeOut,CloseCombat,PoisonJab,QuickGuard|Jolly||M|||50|]Incineroar||SitrusBerry|Intimidate|DarkestLariat,FakeOut,PartingShot,FlareBlitz|Impish||M|||50|]Delphox||Delphoxite|Blaze|Protect,Psychic,NastyPlot,HeatWave|Timid||M|||50|]Sinistcha||OccaBerry|Hospitality|Protect,MatchaGotcha,RagePowder,LifeDew|Serious|||||50|]Kingambit||BlackGlasses|Defiant|SuckerPunch,KowtowCleave,Protect,SwordsDance|Adamant||M|||50|\n|showteam|p2|Metagross||Metagrossite|ClearBody|BulletPunch,PsychicFangs,MeteorMash,Protect|Jolly|||||50|]Palafin||ChoiceScarf|ZerotoHero|FlipTurn,WaveCrash,IcePunch,JetPunch|Jolly||F|||50|]Pelipper||FocusSash|Drizzle|Tailwind,ChillingWater,Hurricane,Protect|Bold||F|||50|]Hatterene||Leftovers|MagicBounce|TrickRoom,CalmMind,MysticalFire,DazzlingGleam|Quiet||F|||50|]Garchomp||ExpertBelt|RoughSkin|Earthquake,RockSlide,Protect,DragonClaw|Jolly||F|||50|]Raichu||RaichuniteY|LightningRod|FocusBlast,Protect,FakeOut,ZapCannon|Hasty||M|||50|\n|inactive|Battle timer is ON: inactive players will automatically lose when time's up. (requested by grtnpwrfl)\n|\n|t:|1788369799\n|teamsize|p1|4\n|teamsize|p2|4\n|start\n|switch|p1a: Blastoise|Blastoise, L50, M|100/100\n|switch|p1b: Incineroar|Incineroar, L50, M|100/100\n|switch|p2a: Raichu|Raichu, L50, M|100/100\n|switch|p2b: Palafin|Palafin, L50, F|100/100\n|-ability|p1b: Incineroar|Intimidate|boost\n|-unboost|p2a: Raichu|atk|1\n|-unboost|p2b: Palafin|atk|1\n|turn|1\n|\n|t:|1788369823\n|detailschange|p1a: Blastoise|Blastoise-Mega, L50, M\n|-mega|p1a: Blastoise|Blastoise|Blastoisinite\n|move|p1a: Blastoise|Protect|p1a: Blastoise\n|-singleturn|p1a: Blastoise|Protect\n|move|p2a: Raichu|Fake Out|p1a: Blastoise\n|-activate|p1a: Blastoise|move: Protect\n|move|p2b: Palafin|Flip Turn|p1b: Incineroar\n|-supereffective|p1b: Incineroar|1\n|-damage|p1b: Incineroar|79/100\n|\n|t:|1788369828\n|detailschange|p2b: Palafin|Palafin-Hero, L50, F\n|switch|p2b: Garchomp|Garchomp, L50, F|100/100|[from] Flip Turn\n|move|p1b: Incineroar|Parting Shot|p2a: Raichu\n|-unboost|p2a: Raichu|atk|1\n|-unboost|p2a: Raichu|spa|1\n|\n|t:|1788369843\n|switch|p1b: Sneasler|Sneasler, L50, M|100/100|[from] Parting Shot\n|\n|upkeep\n|turn|2\n|\n|t:|1788369857\n|move|p2a: Raichu|Protect|p2a: Raichu\n|-singleturn|p2a: Raichu|Protect\n|move|p1b: Sneasler|Fake Out|p2a: Raichu\n|-activate|p2a: Raichu|move: Protect\n|move|p2b: Garchomp|Earthquake|p1b: Sneasler|[spread] p1a,p1b\n|-activate|p2a: Raichu|move: Protect\n|-supereffective|p1b: Sneasler|1\n|-damage|p1a: Blastoise|59/100\n|-enditem|p1b: Sneasler|Focus Sash\n|-damage|p1b: Sneasler|1/100\n|move|p1a: Blastoise|Shell Smash|p1a: Blastoise\n|-unboost|p1a: Blastoise|def|1\n|-unboost|p1a: Blastoise|spd|1\n|-boost|p1a: Blastoise|atk|2\n|-boost|p1a: Blastoise|spa|2\n|-boost|p1a: Blastoise|spe|2\n|\n|upkeep\n|turn|3\n|\n|t:|1788369881\n|switch|p1b: Sinistcha|Sinistcha, L50|100/100\n|-heal|p1a: Blastoise|84/100|[from] ability: Hospitality|[of] p1b: Sinistcha\n|switch|p2a: Palafin|Palafin-Hero, L50, F|100/100\n|-activate|p2a: Palafin|ability: Zero to Hero\n|move|p1a: Blastoise|Protect|p1a: Blastoise\n|-singleturn|p1a: Blastoise|Protect\n|move|p2b: Garchomp|Protect||[still]\n|-fail|p2b: Garchomp\n|\n|upkeep\n|turn|4\n|\n|t:|1788369899\n|move|p1b: Sinistcha|Rage Powder|p1b: Sinistcha\n|-singleturn|p1b: Sinistcha|move: Rage Powder\n|move|p1a: Blastoise|Dark Pulse|p2b: Garchomp\n|-damage|p2b: Garchomp|2/100\n|move|p2a: Palafin|Ice Punch|p1b: Sinistcha\n|-supereffective|p1b: Sinistcha|1\n|-crit|p1b: Sinistcha\n|-damage|p1b: Sinistcha|16/100\n|move|p2b: Garchomp|Rock Slide|p1a: Blastoise|[spread] p1b\n|-miss|p2b: Garchomp|p1a: Blastoise\n|-damage|p1b: Sinistcha|1/100\n|\n|upkeep\n|turn|5\n|\n|t:|1788369916\n|move|p1b: Sinistcha|Rage Powder|p1b: Sinistcha\n|-singleturn|p1b: Sinistcha|move: Rage Powder\n|move|p1a: Blastoise|Water Spout|p2b: Garchomp|[spread] p2a,p2b\n|-resisted|p2a: Palafin|1\n|-damage|p2a: Palafin|33/100\n|-damage|p2b: Garchomp|0 fnt\n|faint|p2b: Garchomp\n|move|p2a: Palafin|Ice Punch|p1b: Sinistcha\n|-supereffective|p1b: Sinistcha|1\n|-damage|p1b: Sinistcha|0 fnt\n|faint|p1b: Sinistcha\n|\n|upkeep\n|\n|t:|1788369931\n|switch|p2b: Raichu|Raichu, L50, M|100/100\n|switch|p1b: Sneasler|Sneasler, L50, M|1/100\n|turn|6\n|\n|t:|1788369939\n|move|p1b: Sneasler|Quick Guard|p1b: Sneasler\n|-singleturn|p1b: Sneasler|Quick Guard\n|move|p2b: Raichu|Fake Out|p1a: Blastoise\n|-activate|p1a: Blastoise|move: Quick Guard\n|move|p1a: Blastoise|Water Spout|p2b: Raichu|[spread] p2a,p2b\n|-resisted|p2a: Palafin|1\n|-damage|p2a: Palafin|0 fnt\n|-damage|p2b: Raichu|0 fnt\n|faint|p2a: Palafin\n|faint|p2b: Raichu\n|\n|upkeep\n|-message|grtnpwrfl forfeited.\n|\n|win|LordKameni\n|raw|LordKameni's rating: 1161 &rarr; <strong>1180</strong><br />(+19 for winning)\n|raw|grtnpwrfl's rating: 1073 &rarr; <strong>1057</strong><br />(-16 for losing)\n|l|☆grtnpwrfl\n|player|p2|\n|l|☆LordKameni\n|player|p1|\n|j|☆LordKameni\n|player|p1|LordKameni|265|\n","uploadtime":1788370028,"views":"1","formatid":"gen9championsvgc2026regmbbo3","rating":1057,"private":0,"password":null}