{"id":"gen9championsvgc2026regmb-2674051983","format":"[Gen 9 Champions] VGC 2026 Reg M-B","players":["freakyphobe","xwasp"],"log":"|j|☆freakyphobe\n|j|☆xwasp\n|html|<table width=\"100%\"><tr><td align=\"left\">freakyphobe</td><td align=\"right\">xwasp</tr><tr><td align=\"left\"><i class=\"fa fa-circle\"></i> <i class=\"fa fa-circle-o\"></i> </td><td align=\"right\"><i class=\"fa fa-circle-o\"></i> <i class=\"fa fa-circle\"></i> </tr></table>\n|uhtml|bestof|<h2><strong>Game 3</strong> of <a href=\"/game-bestof3-gen9championsvgc2026regmb-2674048338\">a best-of-3</a></h2>\n|t:|1788292833\n|gametype|doubles\n|player|p1|freakyphobe|caitlin|\n|player|p2|xwasp|will|\n|gen|9\n|tier|[Gen 9 Champions] VGC 2026 Reg M-B\n|rule|Species Clause: Limit one of each Pokémon\n|rule|Item Clause: Limit 1 of each item\n|raw|<div class=\"infobox\"><details class=\"readmore\" open><summary><strong>1 custom rule:</strong></summary> Best of = 3</details></div>\n|clearpoke\n|poke|p1|Bastiodon, L50, M|\n|poke|p1|Meowstic, L50, M|\n|poke|p1|Gardevoir, L50, F|\n|poke|p1|Samurott-Hisui, L50, M|\n|poke|p1|Talonflame, L50, M|\n|poke|p1|Raichu-Alola, L50, M|\n|poke|p2|Tsareena, L50, F|\n|poke|p2|Morpeko, L50, M|\n|poke|p2|Meowstic-F, L50, F|\n|poke|p2|Lycanroc-Dusk, L50, M|\n|poke|p2|Staraptor, L50, M|\n|poke|p2|Annihilape, L50, M|\n|teampreview|4\n|j| Melon_Puffs94\nxwasp rejected open team sheets.\n|\n|t:|1788292861\n|teamsize|p1|4\n|teamsize|p2|4\n|start\n|switch|p1a: The Tank.|Bastiodon, L50, M|100/100\n|switch|p1b: Mysterious Guy|Meowstic, L50, M|100/100\n|switch|p2a: Edd|Morpeko, L50, M|100/100\n|switch|p2b: Rose Lalonde|Meowstic-F, L50, F|100/100\n|turn|1\n|\n|t:|1788292880\n|detailschange|p2b: Rose Lalonde|Meowstic-F-Mega, L50, F\n|-mega|p2b: Rose Lalonde|Meowstic|Meowsticite\n|-ability|p2b: Rose Lalonde|Prankster|Trace|[from] ability: Trace|[of] p1b: Mysterious Guy\n|move|p2a: Edd|Fake Out|p1b: Mysterious Guy\n|-damage|p1b: Mysterious Guy|87/100\n|cant|p1b: Mysterious Guy|flinch\n|move|p2b: Rose Lalonde|Shadow Ball|p1b: Mysterious Guy\n|-supereffective|p1b: Mysterious Guy|1\n|-damage|p1b: Mysterious Guy|29/100\n|-enditem|p1b: Mysterious Guy|Sitrus Berry|[eat]\n|-heal|p1b: Mysterious Guy|54/100|[from] item: Sitrus Berry\n|move|p1a: The Tank.|Body Press|p2a: Edd\n|-supereffective|p2a: Edd|1\n|-enditem|p2a: Edd|Focus Sash\n|-damage|p2a: Edd|1/100\n|-damage|p1a: The Tank.|90/100|[from] item: Life Orb\n|\n|-formechange|p2a: Edd|Morpeko-Hangry|\n|upkeep\n|turn|2\n|\n|t:|1788292911\n|move|p1b: Mysterious Guy|Reflect|p1b: Mysterious Guy\n|-sidestart|p1: freakyphobe|Reflect\n|move|p2b: Rose Lalonde|Energy Ball|p1a: The Tank.\n|-damage|p1a: The Tank.|64/100\n|move|p2a: Edd|Aura Wheel|p1a: The Tank.\n|-damage|p1a: The Tank.|45/100\n|-boost|p2a: Edd|spe|1\n|move|p1a: The Tank.|Heavy Slam|p2b: Rose Lalonde\n|-damage|p2b: Rose Lalonde|58/100\n|-damage|p1a: The Tank.|35/100|[from] item: Life Orb\n|\n|-formechange|p2a: Edd|Morpeko|\n|upkeep\n|turn|3\n|\n|t:|1788292942\n|move|p1b: Mysterious Guy|Light Screen|p1b: Mysterious Guy\n|-sidestart|p1: freakyphobe|move: Light Screen\n|move|p2a: Edd|Aura Wheel|p1a: The Tank.\n|-damage|p1a: The Tank.|16/100\n|-boost|p2a: Edd|spe|1\n|move|p2b: Rose Lalonde|Energy Ball|p1a: The Tank.\n|-damage|p1a: The Tank.|1/100\n|move|p1a: The Tank.|Heavy Slam|p2b: Rose Lalonde\n|-damage|p2b: Rose Lalonde|12/100\n|-damage|p1a: The Tank.|0 fnt|[from] item: Life Orb\n|faint|p1a: The Tank.\n|\n|-formechange|p2a: Edd|Morpeko-Hangry|\n|upkeep\n|\n|t:|1788292953\n|switch|p1a: Surfs Up Guy|Raichu-Alola, L50, M|100/100\n|turn|4\n|\n|t:|1788292983\n|switch|p1a: Queen Guy|Gardevoir, L50, F|100/100\n|move|p2b: Rose Lalonde|Protect|p2b: Rose Lalonde\n|-singleturn|p2b: Rose Lalonde|Protect\n|move|p1b: Mysterious Guy|Psychic Terrain|p1b: Mysterious Guy\n|-fieldstart|move: Psychic Terrain\n|move|p2a: Edd|Aura Wheel|p1a: Queen Guy\n|-damage|p1a: Queen Guy|54/100\n|-boost|p2a: Edd|spe|1\n|\n|-formechange|p2a: Edd|Morpeko|\n|upkeep\n|turn|5\n|\n|t:|1788292999\n|switch|p1b: Surfs Up Guy|Raichu-Alola, L50, M|100/100\n|detailschange|p1a: Queen Guy|Gardevoir-Mega, L50, F\n|-mega|p1a: Queen Guy|Gardevoir|Gardevoirite\n|move|p2a: Edd|Aura Wheel|p1a: Queen Guy\n|-damage|p1a: Queen Guy|7/100\n|-boost|p2a: Edd|spe|1\n|move|p2b: Rose Lalonde|Shadow Ball|p1a: Queen Guy\n|-supereffective|p1a: Queen Guy|1\n|-crit|p1a: Queen Guy\n|-damage|p1a: Queen Guy|0 fnt\n|faint|p1a: Queen Guy\n|\n|-formechange|p2a: Edd|Morpeko-Hangry|\n|upkeep\n|\n|t:|1788293009\n|switch|p1a: Mysterious Guy|Meowstic, L50, M|54/100\n|turn|6\n|\n|t:|1788293017\n|move|p2a: Edd|Aura Wheel|p1b: Surfs Up Guy\n|-supereffective|p1b: Surfs Up Guy|1\n|-damage|p1b: Surfs Up Guy|0 fnt\n|-boost|p2a: Edd|spe|1\n|faint|p1b: Surfs Up Guy\n|move|p2b: Rose Lalonde|Shadow Ball|p1a: Mysterious Guy\n|-supereffective|p1a: Mysterious Guy|1\n|-crit|p1a: Mysterious Guy\n|-damage|p1a: Mysterious Guy|0 fnt\n|faint|p1a: Mysterious Guy\n|\n|win|xwasp\n","uploadtime":1788293027,"views":"9","formatid":"gen9championsvgc2026regmb","rating":null,"private":0,"password":null}