{"id":"gen9championsvgc2026regmb-2674666961","format":"[Gen 9 Champions] VGC 2026 Reg M-B","players":["Anchor7","ethX2.0"],"log":"|j|☆Anchor7\n|j|☆ethX2.0\n|t:|1788387521\n|gametype|doubles\n|player|p1|Anchor7|fisherman-gen4|1088\n|player|p2|ethX2.0|giovanni|1161\n|gen|9\n|tier|[Gen 9 Champions] VGC 2026 Reg M-B\n|rated|\n|rule|Species Clause: Limit one of each Pokémon\n|rule|Item Clause: Limit 1 of each item\n|clearpoke\n|poke|p1|Archaludon, L50, M|\n|poke|p1|Oranguru, L50, M|\n|poke|p1|Sylveon, L50, F|\n|poke|p1|Chimecho, L50, M|\n|poke|p1|Greninja, L50, M, shiny|\n|poke|p1|Kommo-o, L50, M|\n|poke|p2|Raichu, L50, F|\n|poke|p2|Watchog, L50, F|\n|poke|p2|Mimikyu, L50, M|\n|poke|p2|Lucario, L50, F|\n|poke|p2|Grimmsnarl, L50, M|\n|poke|p2|Sinistcha, L50|\n|teampreview|4\n|inactive|Battle timer is ON: inactive players will automatically lose when time's up. (requested by ethX2.0)\n|inactive|ethX2.0 has 60 seconds left.\n|c|☆Anchor7|holy crap watchog\n|\n|t:|1788387559\n|teamsize|p1|4\n|teamsize|p2|4\n|start\n|switch|p1a: Bell Tower|Chimecho, L50, M|100/100\n|switch|p1b: Radar|Sylveon, L50, F|100/100\n|switch|p2a: Grimmsnarl|Grimmsnarl, L50, M|100/100\n|switch|p2b: Mimikyu|Mimikyu, L50, M|100/100\n|turn|1\n|c|☆ethX2.0|yessir\n|inactive|Anchor7 has 30 seconds left.\n|\n|t:|1788387590\n|detailschange|p1a: Bell Tower|Chimecho-Mega, L50, M\n|-mega|p1a: Bell Tower|Chimecho|Chimechite\n|move|p2a: Grimmsnarl|Taunt|p1a: Bell Tower\n|-start|p1a: Bell Tower|move: Taunt\n|move|p2b: Mimikyu|Swords Dance|p2b: Mimikyu\n|-boost|p2b: Mimikyu|atk|2\n|move|p1a: Bell Tower|Dazzling Gleam|p2b: Mimikyu|[spread] p2a,p2b\n|-supereffective|p2a: Grimmsnarl|1\n|-damage|p2a: Grimmsnarl|64/100\n|-activate|p2b: Mimikyu|ability: Disguise\n|-damage|p2b: Mimikyu|100/100\n|detailschange|p2b: Mimikyu|Mimikyu-Busted, L50, M\n|-damage|p2b: Mimikyu|87/100|[from] pokemon: Mimikyu-Busted\n|move|p1b: Radar|Hyper Voice|p2a: Grimmsnarl|[spread] p2a,p2b\n|-supereffective|p2a: Grimmsnarl|1\n|-damage|p2a: Grimmsnarl|0 fnt\n|-damage|p2b: Mimikyu|21/100\n|faint|p2a: Grimmsnarl\n|\n|upkeep\n|\n|t:|1788387607\n|switch|p2a: Watchog|Watchog, L50, F|100/100\n|turn|2\n|inactive|ethX2.0 has 30 seconds left.\n|inactive|ethX2.0 has 20 seconds left.\n|\n|t:|1788387644\n|move|p2b: Mimikyu|Shadow Claw|p1a: Bell Tower\n|-supereffective|p1a: Bell Tower|1\n|-damage|p1a: Bell Tower|0 fnt\n|faint|p1a: Bell Tower\n|-damage|p2b: Mimikyu|11/100|[from] item: Life Orb\n|move|p2a: Watchog|Hypnosis|p1b: Radar|[miss]\n|-miss|p2a: Watchog|p1b: Radar\n|move|p1b: Radar|Copycat|p1b: Radar\n|move|p1b: Radar|Hypnosis|p2a: Watchog|[from] move: Copycat\n|-status|p2a: Watchog|slp|[from] move: Hypnosis\n|\n|upkeep\n|c|☆Anchor7|built dif\n|\n|t:|1788387667\n|switch|p1a: Alarm|Oranguru, L50, M|100/100\n|turn|3\n|\n|t:|1788387685\n|move|p1b: Radar|Quick Attack|p2b: Mimikyu\n|-damage|p2b: Mimikyu|0 fnt\n|faint|p2b: Mimikyu\n|cant|p2a: Watchog|slp\n|move|p1a: Alarm|Psychic|p2a: Watchog\n|-damage|p2a: Watchog|61/100 slp\n|\n|upkeep\n|\n|t:|1788387691\n|switch|p2b: Raichu|Raichu, L50, F|100/100\n|turn|4\n|\n|t:|1788387704\n|detailschange|p2b: Raichu|Raichu-Mega-Y, L50, F\n|-mega|p2b: Raichu|Raichu|Raichunite Y\n|move|p2b: Raichu|Fake Out|p1b: Radar\n|-damage|p1b: Radar|86/100\n|cant|p2a: Watchog|slp\n|cant|p1b: Radar|flinch\n|move|p1a: Alarm|Trick Room|p1a: Alarm\n|-fieldstart|move: Trick Room|[of] p1a: Alarm\n|\n|upkeep\n|turn|5\n|inactive|Anchor7 has 30 seconds left.\n|inactive|ethX2.0 has 30 seconds left.\n|\n|t:|1788387739\n|-curestatus|p2a: Watchog|slp|[msg]\n|move|p2a: Watchog|Detect|p2a: Watchog\n|-singleturn|p2a: Watchog|Protect\n|move|p1a: Alarm|Psychic|p2a: Watchog\n|-activate|p2a: Watchog|move: Protect\n|move|p1b: Radar|Hyper Voice|p2b: Raichu|[spread] p2b\n|-activate|p2a: Watchog|move: Protect\n|-damage|p2b: Raichu|26/100\n|move|p2b: Raichu|Zap Cannon|p1b: Radar\n|-damage|p1b: Radar|32/100\n|-status|p1b: Radar|par\n|\n|upkeep\n|turn|6\n|\n|t:|1788387763\n|cant|p1b: Radar|par\n|move|p1a: Alarm|Instruct|p1b: Radar\n|-singleturn|p1b: Radar|move: Instruct|[of] p1a: Alarm\n|move|p1b: Radar|Hyper Voice|p2a: Watchog|[spread] p2a,p2b\n|-damage|p2a: Watchog|0 fnt\n|-damage|p2b: Raichu|0 fnt\n|faint|p2a: Watchog\n|faint|p2b: Raichu\n|\n|win|Anchor7\n|raw|Anchor7's rating: 1088 &rarr; <strong>1120</strong><br />(+32 for winning)\n|raw|ethX2.0's rating: 1161 &rarr; <strong>1131</strong><br />(-30 for losing)\n|c|☆Anchor7|gg\n|c|☆ethX2.0|ggs\n|l|☆ethX2.0\n|player|p2|\n","uploadtime":1788387781,"views":"2","formatid":"gen9championsvgc2026regmb","rating":1120,"private":0,"password":null}