{"id":"gen9championsvgc2026regmb-2674005236","format":"[Gen 9 Champions] VGC 2026 Reg M-B","players":["testdigi","fun isnt fun"],"log":"|j|☆testdigi\n|j|☆fun isnt fun\n|t:|1788287259\n|gametype|doubles\n|player|p1|testdigi|169|1351\n|player|p2|fun isnt fun|101|1334\n|gen|9\n|tier|[Gen 9 Champions] VGC 2026 Reg M-B\n|rated|\n|rule|Species Clause: Limit one of each Pokémon\n|rule|Item Clause: Limit 1 of each item\n|clearpoke\n|poke|p1|Staraptor, L50, M, shiny|\n|poke|p1|Kingambit, L50, M, shiny|\n|poke|p1|Sylveon, L50, F, shiny|\n|poke|p1|Raichu, L50, M, shiny|\n|poke|p1|Farigiraf, L50, F, shiny|\n|poke|p1|Basculegion, L50, M|\n|poke|p2|Houndoom, L50, F|\n|poke|p2|Venusaur, L50, M|\n|poke|p2|Torkoal, L50, F|\n|poke|p2|Farigiraf, L50, F|\n|poke|p2|Garchomp, L50, M|\n|poke|p2|Hatterene, L50, F|\n|teampreview|4\n|\n|t:|1788287307\n|teamsize|p1|4\n|teamsize|p2|4\n|start\n|switch|p1a: Flower Man|Staraptor, L50, M, shiny|100/100\n|switch|p1b: Big Chu|Raichu, L50, M, shiny|100/100\n|switch|p2a: Houndoom|Houndoom, L50, F|100/100\n|switch|p2b: Farigiraf|Farigiraf, L50, F|100/100\n|-ability|p1a: Flower Man|Intimidate|boost\n|-unboost|p2a: Houndoom|atk|1\n|-unboost|p2b: Farigiraf|atk|1\n|turn|1\n|inactive|Battle timer is ON: inactive players will automatically lose when time's up. (requested by testdigi)\n|\n|t:|1788287327\n|switch|p2b: Torkoal|Torkoal, L50, F|100/100\n|-weather|SunnyDay|[from] ability: Drought|[of] p2b: Torkoal\n|detailschange|p1b: Big Chu|Raichu-Mega-Y, L50, M, shiny\n|-mega|p1b: Big Chu|Raichu|Raichunite Y\n|detailschange|p2a: Houndoom|Houndoom-Mega, L50, F\n|-mega|p2a: Houndoom|Houndoom|Houndoominite\n|move|p1b: Big Chu|Zap Cannon|p2b: Torkoal\n|-damage|p2b: Torkoal|21/100\n|-status|p2b: Torkoal|par\n|move|p2a: Houndoom|Heat Wave|p1a: Flower Man|[spread] p1a,p1b\n|-damage|p1a: Flower Man|0 fnt\n|-damage|p1b: Big Chu|0 fnt\n|faint|p1a: Flower Man\n|faint|p1b: Big Chu\n|\n|-weather|SunnyDay|[upkeep]\n|-damage|p2a: Houndoom|88/100|[from] ability: Solar Power|[of] p2a: Houndoom\n|upkeep\n|\n|t:|1788287342\n|switch|p1b: Sadie Sink|Sylveon, L50, F, shiny|100/100\n|switch|p1a: Basculegion|Basculegion, L50, M|100/100\n|turn|2\n|\n|t:|1788287357\n|switch|p2b: Farigiraf|Farigiraf, L50, F|100/100\n|move|p2a: Houndoom|Protect|p2a: Houndoom\n|-singleturn|p2a: Houndoom|Protect\n|move|p1a: Basculegion|Wave Crash|p2a: Houndoom\n|-activate|p2a: Houndoom|move: Protect\n|move|p1b: Sadie Sink|Hyper Voice|p2b: Farigiraf|[spread] p2b\n|-activate|p2a: Houndoom|move: Protect\n|-damage|p2b: Farigiraf|58/100\n|-damage|p1b: Sadie Sink|90/100|[from] item: Life Orb\n|\n|-weather|SunnyDay|[upkeep]\n|-damage|p2a: Houndoom|76/100|[from] ability: Solar Power|[of] p2a: Houndoom\n|upkeep\n|turn|3\n|inactive|fun isnt fun has 30 seconds left.\n|\n|t:|1788287383\n|move|p1a: Basculegion|Wave Crash|p2a: Houndoom\n|-supereffective|p2a: Houndoom|1\n|-damage|p2a: Houndoom|0 fnt\n|faint|p2a: Houndoom\n|-damage|p1a: Basculegion|80/100|[from] Recoil\n|move|p1b: Sadie Sink|Hyper Voice|p2b: Farigiraf\n|-damage|p2b: Farigiraf|2/100\n|-damage|p1b: Sadie Sink|81/100|[from] item: Life Orb\n|move|p2b: Farigiraf|Psychic|p1a: Basculegion\n|-damage|p1a: Basculegion|40/100\n|\n|-weather|SunnyDay|[upkeep]\n|upkeep\n|\n|t:|1788287388\n|switch|p2a: Garchomp|Garchomp, L50, M|100/100\n|turn|4\n|\n|t:|1788287410\n|move|p2b: Farigiraf|Helping Hand|p2a: Garchomp\n|-singleturn|p2a: Garchomp|Helping Hand|[of] p2b: Farigiraf\n|move|p1a: Basculegion|Wave Crash|p2b: Farigiraf\n|-damage|p2b: Farigiraf|0 fnt\n|faint|p2b: Farigiraf\n|-damage|p1a: Basculegion|38/100|[from] Recoil\n|move|p2a: Garchomp|Stomping Tantrum|p1b: Sadie Sink\n|-damage|p1b: Sadie Sink|0 fnt\n|faint|p1b: Sadie Sink\n|-damage|p2a: Garchomp|90/100|[from] item: Life Orb\n|\n|-weather|SunnyDay|[upkeep]\n|upkeep\n|\n|t:|1788287421\n|switch|p2b: Torkoal|Torkoal, L50, F|21/100 par\n|turn|5\n|-message|testdigi forfeited.\n|\n|win|fun isnt fun\n","uploadtime":1788287261,"views":"0","formatid":"gen9championsvgc2026regmb","rating":null,"private":0,"password":null}