{"id":"gen9championsvgc2026regmb-2673924779","format":"[Gen 9 Champions] VGC 2026 Reg M-B","players":["ReiTolo07","chickmagnet23"],"log":"|j|☆ReiTolo07\n|j|☆chickmagnet23\n|t:|1788277777\n|gametype|doubles\n|player|p1|ReiTolo07|gentleman-gen4|1170\n|player|p2|chickmagnet23|266|1108\n|gen|9\n|tier|[Gen 9 Champions] VGC 2026 Reg M-B\n|rated|\n|rule|Species Clause: Limit one of each Pokémon\n|rule|Item Clause: Limit 1 of each item\n|clearpoke\n|poke|p1|Lucario, L50, F|\n|poke|p1|Maushold, L50|\n|poke|p1|Garchomp, L50, M|\n|poke|p1|Corviknight, L50, F|\n|poke|p1|Glimmora, L50, M|\n|poke|p1|Heliolisk, L50, F|\n|poke|p2|Starmie, L50|\n|poke|p2|Sinistcha, L50|\n|poke|p2|Garchomp, L50, M|\n|poke|p2|Kingambit, L50, M|\n|poke|p2|Pelipper, L50, M|\n|poke|p2|Dragonite, L50, M|\n|teampreview|4\n|inactive|Battle timer is ON: inactive players will automatically lose when time's up. (requested by chickmagnet23)\n|inactive|chickmagnet23 has 60 seconds left.\n|\n|t:|1788277818\n|teamsize|p1|4\n|teamsize|p2|4\n|start\n|switch|p1a: Garchomp|Garchomp, L50, M|100/100\n|switch|p1b: Corviknight|Corviknight, L50, F|100/100\n|switch|p2a: Starmie|Starmie, L50|100/100\n|switch|p2b: Sinistcha|Sinistcha, L50|100/100\n|turn|1\n|\n|t:|1788277832\n|detailschange|p2a: Starmie|Starmie-Mega, L50\n|-mega|p2a: Starmie|Starmie|Starminite\n|move|p1a: Garchomp|Protect|p1a: Garchomp\n|-singleturn|p1a: Garchomp|Protect\n|move|p2b: Sinistcha|Rage Powder|p2b: Sinistcha\n|-singleturn|p2b: Sinistcha|move: Rage Powder\n|move|p2a: Starmie|Ice Spinner|p1a: Garchomp\n|-activate|p1a: Garchomp|move: Protect\n|move|p1b: Corviknight|Tailwind|p1b: Corviknight\n|-sidestart|p1: ReiTolo07|move: Tailwind\n|\n|upkeep\n|turn|2\n|\n|t:|1788277846\n|switch|p1a: Glimmora|Glimmora, L50, M|100/100\n|move|p1b: Corviknight|Protect|p1b: Corviknight\n|-singleturn|p1b: Corviknight|Protect\n|move|p2a: Starmie|Ice Spinner|p1a: Glimmora\n|-damage|p1a: Glimmora|45/100\n|-activate|p1a: Glimmora|ability: Toxic Debris\n|-sidestart|p2: chickmagnet23|move: Toxic Spikes\n|move|p2b: Sinistcha|Trick Room|p2b: Sinistcha\n|-fieldstart|move: Trick Room|[of] p2b: Sinistcha\n|\n|upkeep\n|turn|3\n|inactive|ReiTolo07 has 30 seconds left.\n|\n|t:|1788277873\n|switch|p2b: Kingambit|Kingambit, L50, M|100/100\n|move|p1a: Glimmora|Spiky Shield|p1a: Glimmora\n|-singleturn|p1a: Glimmora|move: Protect\n|move|p1b: Corviknight|Iron Head|p2a: Starmie\n|-resisted|p2a: Starmie|1\n|-damage|p2a: Starmie|85/100\n|move|p2a: Starmie|Liquidation|p1b: Corviknight\n|-damage|p1b: Corviknight|54/100\n|-ability|p1b: Corviknight|Mirror Armor\n|-unboost|p2a: Starmie|def|1\n|\n|-heal|p1b: Corviknight|60/100|[from] item: Leftovers\n|upkeep\n|turn|4\n|inactive|chickmagnet23 has 30 seconds left.\n|\n|t:|1788277900\n|move|p2b: Kingambit|Kowtow Cleave|p1b: Corviknight\n|-damage|p1b: Corviknight|27/100\n|move|p1b: Corviknight|Body Press|p2b: Kingambit\n|-supereffective|p2b: Kingambit|2\n|-enditem|p2b: Kingambit|Chople Berry|[eat]\n|-enditem|p2b: Kingambit|Chople Berry|[weaken]\n|-damage|p2b: Kingambit|59/100\n|move|p2a: Starmie|Liquidation|p1a: Glimmora\n|-supereffective|p1a: Glimmora|1\n|-damage|p1a: Glimmora|0 fnt\n|-activate|p1a: Glimmora|ability: Toxic Debris\n|-sidestart|p2: chickmagnet23|move: Toxic Spikes\n|faint|p1a: Glimmora\n|\n|-heal|p1b: Corviknight|33/100|[from] item: Leftovers\n|-sideend|p1: ReiTolo07|move: Tailwind\n|upkeep\n|\n|t:|1788277916\n|switch|p1a: Lucario|Lucario, L50, F|100/100\n|turn|5\n|\n|t:|1788277931\n|switch|p2b: Sinistcha|Sinistcha, L50|100/100\n|-status|p2b: Sinistcha|tox\n|-heal|p2a: Starmie|100/100|[from] ability: Hospitality|[of] p2b: Sinistcha\n|move|p1b: Corviknight|Protect|p1b: Corviknight\n|-singleturn|p1b: Corviknight|Protect\n|move|p1a: Lucario|Protect|p1a: Lucario\n|-singleturn|p1a: Lucario|Protect\n|move|p2a: Starmie|Psycho Cut|p1a: Lucario\n|-activate|p1a: Lucario|move: Protect\n|\n|-heal|p1b: Corviknight|39/100|[from] item: Leftovers\n|-damage|p2b: Sinistcha|93/100 tox|[from] psn\n|upkeep\n|turn|6\n|inactive|ReiTolo07 has 30 seconds left.\n|\n|t:|1788277963\n|switch|p2a: Garchomp|Garchomp, L50, M|100/100\n|-status|p2a: Garchomp|tox\n|detailschange|p1a: Lucario|Lucario-Mega, L50, F\n|-mega|p1a: Lucario|Lucario|Lucarionite\n|move|p2b: Sinistcha|Rage Powder|p2b: Sinistcha\n|-singleturn|p2b: Sinistcha|move: Rage Powder\n|move|p1b: Corviknight|Tailwind|p1b: Corviknight\n|-sidestart|p1: ReiTolo07|move: Tailwind\n|move|p1a: Lucario|Dark Pulse|p2b: Sinistcha\n|-supereffective|p2b: Sinistcha|1\n|-enditem|p2b: Sinistcha|Colbur Berry|[eat]\n|-enditem|p2b: Sinistcha|Colbur Berry|[weaken]\n|-damage|p2b: Sinistcha|60/100 tox\n|\n|-heal|p1b: Corviknight|44/100|[from] item: Leftovers\n|-damage|p2b: Sinistcha|48/100 tox|[from] psn\n|-damage|p2a: Garchomp|93/100 tox|[from] psn\n|-fieldend|move: Trick Room\n|upkeep\n|turn|7\n|inactive|ReiTolo07 has 30 seconds left.\n|inactive|chickmagnet23 has 30 seconds left.\n|\n|t:|1788277995\n|switch|p1a: Garchomp|Garchomp, L50, M|100/100\n|move|p2b: Sinistcha|Rage Powder|p2b: Sinistcha\n|-singleturn|p2b: Sinistcha|move: Rage Powder\n|move|p1b: Corviknight|Iron Head|p2b: Sinistcha\n|-damage|p2b: Sinistcha|29/100 tox\n|move|p2a: Garchomp|Stomping Tantrum|p1a: Garchomp\n|-damage|p1a: Garchomp|65/100\n|-damage|p2a: Garchomp|81/100 tox|[from] ability: Rough Skin|[of] p1a: Garchomp\n|-damage|p2a: Garchomp|72/100 tox|[from] item: Life Orb\n|\n|-heal|p1b: Corviknight|50/100g|[from] item: Leftovers\n|-damage|p2a: Garchomp|60/100 tox|[from] psn\n|-damage|p2b: Sinistcha|11/100 tox|[from] psn\n|upkeep\n|turn|8\n|inactive|ReiTolo07 has 30 seconds left.\n|\n|t:|1788278022\n|move|p1a: Garchomp|Protect|p1a: Garchomp\n|-singleturn|p1a: Garchomp|Protect\n|move|p2b: Sinistcha|Rage Powder|p2b: Sinistcha\n|-singleturn|p2b: Sinistcha|move: Rage Powder\n|move|p1b: Corviknight|Iron Head|p2b: Sinistcha\n|-damage|p2b: Sinistcha|0 fnt\n|faint|p2b: Sinistcha\n|move|p2a: Garchomp|Dragon Claw|p1a: Garchomp\n|-activate|p1a: Garchomp|move: Protect\n|\n|-heal|p1b: Corviknight|56/100|[from] item: Leftovers\n|-damage|p2a: Garchomp|42/100 tox|[from] psn\n|upkeep\n|\n|t:|1788278034\n|switch|p2b: Starmie|Starmie-Mega, L50|100/100\n|-status|p2b: Starmie|tox\n|turn|9\n|\n|t:|1788278048\n|move|p2a: Garchomp|Protect|p2a: Garchomp\n|-singleturn|p2a: Garchomp|Protect\n|move|p1a: Garchomp|Earthquake|p2b: Starmie|[spread] p2b\n|-activate|p2a: Garchomp|move: Protect\n|-immune|p1b: Corviknight\n|-damage|p2b: Starmie|51/100 tox\n|move|p2b: Starmie|Psycho Cut|p1a: Garchomp\n|-damage|p1a: Garchomp|22/100\n|-enditem|p1a: Garchomp|Sitrus Berry|[eat]\n|-heal|p1a: Garchomp|47/100|[from] item: Sitrus Berry\n|move|p1b: Corviknight|Iron Head|p2b: Starmie\n|-resisted|p2b: Starmie|1\n|-damage|p2b: Starmie|36/100 tox\n|\n|-heal|p1b: Corviknight|62/100|[from] item: Leftovers\n|-damage|p2b: Starmie|30/100 tox|[from] psn\n|-damage|p2a: Garchomp|18/100 tox|[from] psn\n|-sideend|p1: ReiTolo07|move: Tailwind\n|upkeep\n|turn|10\n|inactive|chickmagnet23 has 30 seconds left.\n|\n|t:|1788278077\n|move|p1a: Garchomp|Protect|p1a: Garchomp\n|-singleturn|p1a: Garchomp|Protect\n|move|p2b: Starmie|Liquidation|p1b: Corviknight\n|-damage|p1b: Corviknight|18/100\n|move|p2a: Garchomp|Dragon Claw|p1a: Garchomp\n|-activate|p1a: Garchomp|move: Protect\n|move|p1b: Corviknight|Tailwind|p1b: Corviknight\n|-sidestart|p1: ReiTolo07|move: Tailwind\n|\n|-heal|p1b: Corviknight|24/100|[from] item: Leftovers\n|-damage|p2b: Starmie|18/100 tox|[from] psn\n|-damage|p2a: Garchomp|0 fnt|[from] psn\n|faint|p2a: Garchomp\n|upkeep\n|\n|t:|1788278090\n|switch|p2a: Kingambit|Kingambit, L50, M|59/100\n|turn|11\n|\n|t:|1788278097\n|move|p2a: Kingambit|Sucker Punch|p1a: Garchomp\n|-damage|p1a: Garchomp|16/100\n|-damage|p2a: Kingambit|47/100|[from] ability: Rough Skin|[of] p1a: Garchomp\n|move|p1a: Garchomp|Earthquake|p2b: Starmie|[spread] p2a,p2b\n|-immune|p1b: Corviknight\n|-supereffective|p2a: Kingambit|1\n|-damage|p2a: Kingambit|0 fnt\n|-damage|p2b: Starmie|0 fnt\n|faint|p2a: Kingambit\n|faint|p2b: Starmie\n|\n|win|ReiTolo07\n|raw|ReiTolo07's rating: 1170 &rarr; <strong>1191</strong><br />(+21 for winning)\n|raw|chickmagnet23's rating: 1108 &rarr; <strong>1087</strong><br />(-21 for losing)\n|l|☆chickmagnet23\n|player|p2|\n","uploadtime":1788278128,"views":"4","formatid":"gen9championsvgc2026regmb","rating":1087,"private":0,"password":null}