{"id":"gen9championsvgc2026regmb-2674612570","format":"[Gen 9 Champions] VGC 2026 Reg M-B","players":["FranekBucz","conngfan"],"log":"|j|☆FranekBucz\n|j|☆conngfan\n|t:|1788380249\n|gametype|doubles\n|player|p1|FranekBucz|265|1498\n|player|p2|conngfan|arven-s|1551\n|gen|9\n|tier|[Gen 9 Champions] VGC 2026 Reg M-B\n|rated|\n|rule|Species Clause: Limit one of each Pokémon\n|rule|Item Clause: Limit 1 of each item\n|clearpoke\n|poke|p1|Lucario, L50, F, shiny|\n|poke|p1|Sylveon, L50, M, shiny|\n|poke|p1|Meowscarada, L50, F, shiny|\n|poke|p1|Farigiraf, L50, M|\n|poke|p1|Swampert, L50, M, shiny|\n|poke|p1|Pelipper, L50, M|\n|poke|p2|Aerodactyl, L50, M|\n|poke|p2|Raichu, L50, F|\n|poke|p2|Sneasler, L50, M|\n|poke|p2|Sylveon, L50, M|\n|poke|p2|Kingambit, L50, M|\n|poke|p2|Tsareena, L50, F|\n|teampreview|4\n|inactive|Battle timer is ON: inactive players will automatically lose when time's up. (requested by conngfan)\n|inactive|FranekBucz also wants the timer to be on.\nFranekBucz has agreed to open team sheets.\n|inactive|conngfan has 60 seconds left.\n|\n|t:|1788380291\n|teamsize|p1|4\n|teamsize|p2|4\n|start\n|switch|p1a: Swampert|Swampert, L50, M, shiny|100/100\n|switch|p1b: Pelipper|Pelipper, L50, M|100/100\n|switch|p2a: Aerodactyl|Aerodactyl, L50, M|100/100\n|switch|p2b: Sylveon|Sylveon, L50, M|100/100\n|-ability|p2a: Aerodactyl|Unnerve\n|-weather|RainDance|[from] ability: Drizzle|[of] p1b: Pelipper\n|turn|1\n|\n|t:|1788380303\n|detailschange|p1a: Swampert|Swampert-Mega, L50, M, shiny\n|-mega|p1a: Swampert|Swampert|Swampertite\n|move|p1a: Swampert|Wave Crash|p2b: Sylveon\n|-crit|p2b: Sylveon\n|-damage|p2b: Sylveon|0 fnt\n|faint|p2b: Sylveon\n|-damage|p1a: Swampert|69/100|[from] Recoil\n|move|p2a: Aerodactyl|Tailwind|p2a: Aerodactyl\n|-sidestart|p2: conngfan|move: Tailwind\n|move|p1b: Pelipper|Weather Ball|p2a: Aerodactyl\n|-supereffective|p2a: Aerodactyl|1\n|-damage|p2a: Aerodactyl|0 fnt\n|faint|p2a: Aerodactyl\n|\n|-weather|RainDance|[upkeep]\n|upkeep\n|\n|t:|1788380308\n|switch|p2a: Tsareena|Tsareena, L50, F|100/100\n|switch|p2b: Raichu|Raichu, L50, F|100/100\n|turn|2\n|\n|t:|1788380313\n|switch|p1a: Farigiraf|Farigiraf, L50, M|100/100\n|detailschange|p2b: Raichu|Raichu-Mega-Y, L50, F\n|-mega|p2b: Raichu|Raichu|Raichunite Y\n|move|p2b: Raichu|Zap Cannon|p1b: Pelipper\n|-supereffective|p1b: Pelipper|2\n|-crit|p1b: Pelipper\n|-enditem|p1b: Pelipper|Focus Sash\n|-damage|p1b: Pelipper|1/100\n|-status|p1b: Pelipper|par\n|move|p2a: Tsareena|Power Whip|p1a: Farigiraf\n|-damage|p1a: Farigiraf|39/100\n|move|p1b: Pelipper|Hurricane|p2a: Tsareena\n|-supereffective|p2a: Tsareena|1\n|-enditem|p2a: Tsareena|Focus Sash\n|-damage|p2a: Tsareena|1/100\n|\n|-weather|RainDance|[upkeep]\n|upkeep\n|turn|3\n|\n|t:|1788380327\n|switch|p1b: Sylveon|Sylveon, L50, M, shiny|100/100\n|move|p2b: Raichu|Zap Cannon|p1a: Farigiraf\n|-damage|p1a: Farigiraf|0 fnt\n|faint|p1a: Farigiraf\n|move|p2a: Tsareena|Low Kick|p1b: Sylveon\n|-resisted|p1b: Sylveon|1\n|-damage|p1b: Sylveon|92/100\n|\n|-weather|RainDance|[upkeep]\n|upkeep\n|\n|t:|1788380333\n|switch|p1a: Swampert|Swampert-Mega, L50, M, shiny|69/100\n|turn|4\n|\n|t:|1788380340\n|move|p1a: Swampert|Protect|p1a: Swampert\n|-singleturn|p1a: Swampert|Protect\n|move|p2b: Raichu|Zap Cannon|p1b: Sylveon\n|-damage|p1b: Sylveon|41/100\n|-status|p1b: Sylveon|par\n|move|p2a: Tsareena|Power Whip|p1b: Sylveon\n|-damage|p1b: Sylveon|0 fnt\n|faint|p1b: Sylveon\n|\n|-weather|RainDance|[upkeep]\n|-sideend|p2: conngfan|move: Tailwind\n|upkeep\n|\n|t:|1788380344\n|switch|p1b: Pelipper|Pelipper, L50, M|1/100 par\n|turn|5\n|\n|t:|1788380363\n|move|p2b: Raichu|Protect|p2b: Raichu\n|-singleturn|p2b: Raichu|Protect\n|move|p2a: Tsareena|Protect|p2a: Tsareena\n|-singleturn|p2a: Tsareena|Protect\n|move|p1a: Swampert|Earthquake|p2a: Tsareena|[spread] \n|-activate|p2a: Tsareena|move: Protect\n|-activate|p2b: Raichu|move: Protect\n|-immune|p1b: Pelipper\n|move|p1b: Pelipper|Tailwind|p1b: Pelipper\n|-sidestart|p1: FranekBucz|move: Tailwind\n|\n|-weather|none\n|upkeep\n|turn|6\n|\n|t:|1788380370\n|move|p1a: Swampert|Earthquake|p2b: Raichu|[spread] p2a,p2b\n|-immune|p1b: Pelipper\n|-resisted|p2a: Tsareena|1\n|-supereffective|p2b: Raichu|1\n|-damage|p2a: Tsareena|0 fnt\n|-damage|p2b: Raichu|0 fnt\n|faint|p2a: Tsareena\n|faint|p2b: Raichu\n|\n|win|FranekBucz\n|raw|FranekBucz's rating: 1498 &rarr; <strong>1521</strong><br />(+23 for winning)\n|raw|conngfan's rating: 1551 &rarr; <strong>1528</strong><br />(-23 for losing)\n","uploadtime":1788380370,"views":"0","formatid":"gen9championsvgc2026regmb","rating":1521,"private":0,"password":null}