{"id":"gen9championsvgc2026regmb-2674870609","format":"[Gen 9 Champions] VGC 2026 Reg M-B","players":["apign231","HeliosAtDawn"],"log":"|j|☆apign231\n|j|☆HeliosAtDawn\n|t:|1788425718\n|gametype|doubles\n|player|p1|apign231|265|1097\n|player|p2|HeliosAtDawn|cynthia-gen4|1174\n|gen|9\n|tier|[Gen 9 Champions] VGC 2026 Reg M-B\n|rated|\n|rule|Species Clause: Limit one of each Pokémon\n|rule|Item Clause: Limit 1 of each item\n|clearpoke\n|poke|p1|Samurott-Hisui, L50, M|\n|poke|p1|Scovillain, L50, F|\n|poke|p1|Sinistcha, L50|\n|poke|p1|Delphox, L50, F|\n|poke|p1|Whimsicott, L50, F|\n|poke|p1|Sneasler, L50, F|\n|poke|p2|Camerupt, L50, F|\n|poke|p2|Farigiraf, L50, M|\n|poke|p2|Primarina, L50, F|\n|poke|p2|Sneasler, L50, M|\n|poke|p2|Kingambit, L50, F|\n|poke|p2|Rotom-Mow, L50|\n|teampreview|4\n|inactive|Battle timer is ON: inactive players will automatically lose when time's up. (requested by HeliosAtDawn)\n|inactive|apign231 has 60 seconds left.\n|inactive|HeliosAtDawn has 60 seconds left.\n|inactive|HeliosAtDawn has 30 seconds left.\n|\n|t:|1788425781\n|teamsize|p1|4\n|teamsize|p2|4\n|start\n|switch|p1a: Samurott|Samurott-Hisui, L50, M|100/100\n|switch|p1b: Sneasler|Sneasler, L50, F|100/100\n|switch|p2a: Rotom|Rotom-Mow, L50|100/100\n|switch|p2b: Sneasler|Sneasler, L50, M|100/100\n|turn|1\n|inactive|apign231 has 30 seconds left.\n|\n|t:|1788425807\n|move|p2b: Sneasler|Fake Out|p1b: Sneasler\n|-damage|p1b: Sneasler|76/100\n|cant|p1b: Sneasler|flinch\n|move|p2a: Rotom|Thunderbolt|p1a: Samurott\n|-supereffective|p1a: Samurott|1\n|-damage|p1a: Samurott|0 fnt\n|faint|p1a: Samurott\n|-damage|p2a: Rotom|90/100|[from] item: Life Orb\n|\n|upkeep\n|\n|t:|1788425821\n|switch|p1a: Delphox|Delphox, L50, F|100/100\n|turn|2\n|\n|t:|1788425837\n|detailschange|p1a: Delphox|Delphox-Mega, L50, F\n|-mega|p1a: Delphox|Delphox|Delphoxite\n|move|p1b: Sneasler|Feint|p2b: Sneasler\n|-damage|p2b: Sneasler|78/100\n|move|p1a: Delphox|Psyshock|p2b: Sneasler\n|-supereffective|p2b: Sneasler|2\n|-damage|p2b: Sneasler|0 fnt\n|faint|p2b: Sneasler\n|move|p2a: Rotom|Volt Switch|p1b: Sneasler\n|-damage|p1b: Sneasler|20/100y\n|-damage|p2a: Rotom|81/100|[from] item: Life Orb\n|\n|t:|1788425848\n|switch|p2a: Farigiraf|Farigiraf, L50, M|100/100|[from] Volt Switch\n|\n|upkeep\n|inactive|HeliosAtDawn has 30 seconds left.\n|\n|t:|1788425881\n|switch|p2b: Pdon|Camerupt, L50, F|100/100\n|turn|3\n|inactive|apign231 has 30 seconds left.\n|inactive|apign231 has 20 seconds left.\n|inactive|apign231 has 15 seconds left.\n|\n|t:|1788425925\n|detailschange|p2b: Pdon|Camerupt-Mega, L50, F\n|-mega|p2b: Pdon|Camerupt|Cameruptite\n|move|p1a: Delphox|Calm Mind|p1a: Delphox\n|-boost|p1a: Delphox|spa|1\n|-boost|p1a: Delphox|spd|1\n|move|p1b: Sneasler|Close Combat|p2a: Farigiraf\n|-damage|p2a: Farigiraf|44/100\n|-unboost|p1b: Sneasler|def|1\n|-unboost|p1b: Sneasler|spd|1\n|-enditem|p1b: Sneasler|White Herb\n|-clearnegativeboost|p1b: Sneasler|[silent]\n|move|p2b: Pdon|Heat Wave|p1b: Sneasler|[spread] p1a,p1b\n|-resisted|p1a: Delphox|1\n|-damage|p1a: Delphox|84/100\n|-damage|p1b: Sneasler|0 fnt\n|faint|p1b: Sneasler\n|move|p2a: Farigiraf|Trick Room|p2a: Farigiraf\n|-fieldstart|move: Trick Room|[of] p2a: Farigiraf\n|\n|upkeep\n|\n|t:|1788425940\n|switch|p1b: Sinistcha|Sinistcha, L50|100/100\n|-heal|p1a: Delphox|100/100|[from] ability: Hospitality|[of] p1b: Sinistcha\n|turn|4\n|\n|t:|1788425961\n|move|p2a: Farigiraf|Helping Hand|p2b: Pdon\n|-singleturn|p2b: Pdon|Helping Hand|[of] p2a: Farigiraf\n|move|p1b: Sinistcha|Protect|p1b: Sinistcha\n|-singleturn|p1b: Sinistcha|Protect\n|move|p2b: Pdon|Ancient Power|p1a: Delphox\n|-supereffective|p1a: Delphox|1\n|-damage|p1a: Delphox|46/100\n|move|p1a: Delphox|Calm Mind|p1a: Delphox\n|-boost|p1a: Delphox|spa|1\n|-boost|p1a: Delphox|spd|1\n|\n|upkeep\n|turn|5\n|inactive|HeliosAtDawn has 30 seconds left.\n|inactive|HeliosAtDawn has 20 seconds left.\n|\n|t:|1788425998\n|move|p2a: Farigiraf|Helping Hand|p2b: Pdon\n|-singleturn|p2b: Pdon|Helping Hand|[of] p2a: Farigiraf\n|move|p2b: Pdon|Heat Wave|p1a: Delphox|[spread] p1b\n|-miss|p2b: Pdon|p1a: Delphox\n|-supereffective|p1b: Sinistcha|1\n|-damage|p1b: Sinistcha|0 fnt\n|faint|p1b: Sinistcha\n|move|p1a: Delphox|Psyshock|p2b: Pdon\n|-damage|p2b: Pdon|8/100\n|\n|upkeep\n|turn|6\n|\n|t:|1788426012\n|move|p2a: Farigiraf|Helping Hand|p2b: Pdon\n|-singleturn|p2b: Pdon|Helping Hand|[of] p2a: Farigiraf\n|move|p1a: Delphox|Protect|p1a: Delphox\n|-singleturn|p1a: Delphox|Protect\n|move|p2b: Pdon|Ancient Power|p1a: Delphox\n|-activate|p1a: Delphox|move: Protect\n|\n|upkeep\n|turn|7\n|\n|t:|1788426024\n|move|p2a: Farigiraf|Helping Hand|p2b: Pdon\n|-singleturn|p2b: Pdon|Helping Hand|[of] p2a: Farigiraf\n|move|p1a: Delphox|Protect||[still]\n|-fail|p1a: Delphox\n|move|p2b: Pdon|Ancient Power|p1a: Delphox\n|-supereffective|p1a: Delphox|1\n|-damage|p1a: Delphox|4/100\n|\n|-fieldend|move: Trick Room\n|upkeep\n|turn|8\n|-message|apign231 forfeited.\n|\n|win|HeliosAtDawn\n|raw|apign231's rating: 1097 &rarr; <strong>1078</strong><br />(-19 for losing)\n|raw|HeliosAtDawn's rating: 1174 &rarr; <strong>1194</strong><br />(+20 for winning)\n|l|☆apign231\n|player|p1|\n","uploadtime":1788426062,"views":"4","formatid":"gen9championsvgc2026regmb","rating":1078,"private":0,"password":null}