{"id":"gen9championsvgc2026regmb-2674034459","format":"[Gen 9 Champions] VGC 2026 Reg M-B","players":["Dark_zekken","Jared66"],"log":"|j|☆Dark_zekken\n|j|☆Jared66\n|t:|1788290733\n|gametype|doubles\n|player|p1|Dark_zekken|dawn|1112\n|player|p2|Jared66|hilbert|1206\n|gen|9\n|tier|[Gen 9 Champions] VGC 2026 Reg M-B\n|rated|\n|rule|Species Clause: Limit one of each Pokémon\n|rule|Item Clause: Limit 1 of each item\n|clearpoke\n|poke|p1|Chandelure, L50, F, shiny|\n|poke|p1|Garchomp, L50, M|\n|poke|p1|Tsareena, L50, F|\n|poke|p1|Whimsicott, L50, M, shiny|\n|poke|p1|Basculegion, L50, M, shiny|\n|poke|p1|Sneasler, L50, M|\n|poke|p2|Gengar, L50, M|\n|poke|p2|Incineroar, L50, M|\n|poke|p2|Sneasler, L50, F|\n|poke|p2|Krookodile, L50, F|\n|poke|p2|Basculegion, L50, M|\n|poke|p2|Whimsicott, L50, F|\n|teampreview|4\n|inactive|Battle timer is ON: inactive players will automatically lose when time's up. (requested by Dark_zekken)\n|inactive|Jared66 also wants the timer to be on.\n|\n|t:|1788290757\n|teamsize|p1|4\n|teamsize|p2|4\n|start\n|switch|p1a: Whimsicott|Whimsicott, L50, M, shiny|100/100\n|switch|p1b: Garchomp|Garchomp, L50, M|100/100\n|switch|p2a: Whimsicott|Whimsicott, L50, F|100/100\n|switch|p2b: Incineroar|Incineroar, L50, M|100/100\n|-ability|p2b: Incineroar|Intimidate|boost\n|-unboost|p1a: Whimsicott|atk|1\n|-unboost|p1b: Garchomp|atk|1\n|turn|1\n|\n|t:|1788290769\n|switch|p1b: Tsareena|Tsareena, L50, F|100/100\n|move|p2b: Incineroar|Fake Out||[still]\n|cant|p1b: Tsareena|ability: Queenly Majesty|Fake Out|[of] p2b: Incineroar\n|move|p2a: Whimsicott|Tailwind|p2a: Whimsicott\n|-sidestart|p2: Jared66|move: Tailwind\n|move|p1a: Whimsicott|Tailwind|p1a: Whimsicott\n|-sidestart|p1: Dark_zekken|move: Tailwind\n|\n|upkeep\n|turn|2\n|\n|t:|1788290789\n|switch|p1a: Chandelure|Chandelure, L50, F, shiny|100/100\n|move|p2a: Whimsicott|Encore||[still]\n|cant|p1b: Tsareena|ability: Queenly Majesty|Encore|[of] p2a: Whimsicott\n|move|p1b: Tsareena|Triple Axel|p2a: Whimsicott\n|-supereffective|p2a: Whimsicott|1\n|-damage|p2a: Whimsicott|86/100\n|-supereffective|p2a: Whimsicott|1\n|-damage|p2a: Whimsicott|64/100\n|-supereffective|p2a: Whimsicott|1\n|-damage|p2a: Whimsicott|31/100\n|-hitcount|p2a: Whimsicott|3\n|move|p2b: Incineroar|Flare Blitz|p1b: Tsareena\n|-supereffective|p1b: Tsareena|1\n|-damage|p1b: Tsareena|10/100\n|-damage|p2b: Incineroar|74/100|[from] Recoil\n|\n|upkeep\n|turn|3\n|\n|t:|1788290809\n|detailschange|p1a: Chandelure|Chandelure-Mega, L50, F, shiny\n|-mega|p1a: Chandelure|Chandelure|Chandelurite\n|move|p2a: Whimsicott|Moonblast|p1b: Tsareena\n|-damage|p1b: Tsareena|0 fnt\n|faint|p1b: Tsareena\n|move|p1a: Chandelure|Heat Wave|p2b: Incineroar|[spread] p2a,p2b\n|-supereffective|p2a: Whimsicott|1\n|-crit|p2a: Whimsicott\n|-resisted|p2b: Incineroar|1\n|-damage|p2a: Whimsicott|0 fnt\n|-damage|p2b: Incineroar|54/100\n|faint|p2a: Whimsicott\n|move|p2b: Incineroar|Parting Shot|p1a: Chandelure\n|-unboost|p1a: Chandelure|atk|1\n|-unboost|p1a: Chandelure|spa|1\n|\n|t:|1788290821\n|switch|p2b: Gengar|Gengar, L50, M|100/100|[from] Parting Shot\n|\n|upkeep\n|\n|t:|1788290824\n|switch|p2a: Incineroar|Incineroar, L50, M|54/100\n|switch|p1b: Garchomp|Garchomp, L50, M|100/100\n|-ability|p2a: Incineroar|Intimidate|boost\n|-unboost|p1a: Chandelure|atk|1\n|-unboost|p1b: Garchomp|atk|1\n|turn|4\n|\n|t:|1788290834\n|detailschange|p2b: Gengar|Gengar-Mega, L50, M\n|-mega|p2b: Gengar|Gengar|Gengarite\n|move|p1a: Chandelure|Protect|p1a: Chandelure\n|-singleturn|p1a: Chandelure|Protect\n|move|p2a: Incineroar|Fake Out|p1b: Garchomp\n|-damage|p1b: Garchomp|88/100\n|-damage|p2a: Incineroar|42/100|[from] ability: Rough Skin|[of] p1b: Garchomp\n|-enditem|p2a: Incineroar|Sitrus Berry|[eat]\n|-heal|p2a: Incineroar|66/100|[from] item: Sitrus Berry\n|move|p2b: Gengar|Shadow Ball|p1a: Chandelure\n|-activate|p1a: Chandelure|move: Protect\n|cant|p1b: Garchomp|flinch\n|\n|-sideend|p1: Dark_zekken|move: Tailwind\n|-sideend|p2: Jared66|move: Tailwind\n|upkeep\n|turn|5\n|\n|t:|1788290847\n|move|p2b: Gengar|Shadow Ball|p1a: Chandelure\n|-supereffective|p1a: Chandelure|1\n|-crit|p1a: Chandelure\n|-damage|p1a: Chandelure|0 fnt\n|faint|p1a: Chandelure\n|move|p1b: Garchomp|Earthquake|p2a: Incineroar|[spread] p2a,p2b\n|-supereffective|p2a: Incineroar|1\n|-supereffective|p2b: Gengar|1\n|-damage|p2a: Incineroar|16/100\n|-damage|p2b: Gengar|8/100\n|move|p2a: Incineroar|Parting Shot|p1b: Garchomp\n|-unboost|p1b: Garchomp|atk|1\n|-unboost|p1b: Garchomp|spa|1\n|\n|t:|1788290855\n|switch|p2a: Krookodile|Krookodile, L50, F|100/100|[from] Parting Shot\n|-ability|p2a: Krookodile|Intimidate|boost\n|-unboost|p1b: Garchomp|atk|1\n|\n|upkeep\n|\n|t:|1788290858\n|switch|p1a: Whimsicott|Whimsicott, L50, M, shiny|100/100\n|turn|6\n|\n|t:|1788290878\n|move|p2b: Gengar|Sludge Bomb|p1a: Whimsicott\n|-supereffective|p1a: Whimsicott|2\n|-enditem|p1a: Whimsicott|Focus Sash\n|-damage|p1a: Whimsicott|1/100\n|move|p1b: Garchomp|Dragon Claw|p2b: Gengar\n|-damage|p2b: Gengar|0 fnt\n|faint|p2b: Gengar\n|move|p1a: Whimsicott|Moonblast|p2a: Krookodile\n|-supereffective|p2a: Krookodile|1\n|-damage|p2a: Krookodile|35/100\n|move|p2a: Krookodile|Rock Slide|p1a: Whimsicott|[spread] p1a,p1b\n|-resisted|p1b: Garchomp|1\n|-damage|p1a: Whimsicott|0 fnt\n|-damage|p1b: Garchomp|75/100\n|faint|p1a: Whimsicott\n|-damage|p2a: Krookodile|25/100|[from] item: Life Orb\n|\n|upkeep\n|\n|t:|1788290888\n|switch|p2b: Incineroar|Incineroar, L50, M|16/100\n|-ability|p2b: Incineroar|Intimidate|boost\n|-unboost|p1b: Garchomp|atk|1\n|turn|7\n|\n|t:|1788290899\n|move|p1b: Garchomp|Protect|p1b: Garchomp\n|-singleturn|p1b: Garchomp|Protect\n|move|p2b: Incineroar|Fake Out|p1b: Garchomp\n|-activate|p1b: Garchomp|move: Protect\n|move|p2a: Krookodile|Knock Off|p1b: Garchomp\n|-activate|p1b: Garchomp|move: Protect\n|\n|upkeep\n|turn|8\n|\n|t:|1788290904\n|move|p1b: Garchomp|Earthquake|p2b: Incineroar|[spread] p2a,p2b\n|-supereffective|p2b: Incineroar|1\n|-damage|p2a: Krookodile|8/100\n|-damage|p2b: Incineroar|0 fnt\n|faint|p2b: Incineroar\n|move|p2a: Krookodile|Knock Off|p1b: Garchomp\n|-damage|p1b: Garchomp|14/100\n|-damage|p2a: Krookodile|0 fnt|[from] ability: Rough Skin|[of] p1b: Garchomp\n|-enditem|p1b: Garchomp|Soft Sand|[from] move: Knock Off|[of] p2a: Krookodile\n|faint|p2a: Krookodile\n|\n|win|Dark_zekken\n|raw|Dark_zekken's rating: 1112 &rarr; <strong>1144</strong><br />(+32 for winning)\n|raw|Jared66's rating: 1206 &rarr; <strong>1174</strong><br />(-32 for losing)\n|c|☆Dark_zekken|lmao\n|c|☆Dark_zekken|ggs\n|l|☆Jared66\n|player|p2|\n","uploadtime":1788290916,"views":"12","formatid":"gen9championsvgc2026regmb","rating":1144,"private":0,"password":null}