{"id":"gen9championsvgc2026regmb-2674758231","format":"[Gen 9 Champions] VGC 2026 Reg M-B","players":["BtC37","drumer sama"],"log":"|j|☆BtC37\n|j|☆drumer sama\n|t:|1788401575\n|gametype|doubles\n|player|p1|BtC37|ghetsis|1271\n|player|p2|drumer sama|veteran|1186\n|gen|9\n|tier|[Gen 9 Champions] VGC 2026 Reg M-B\n|rated|\n|rule|Species Clause: Limit one of each Pokémon\n|rule|Item Clause: Limit 1 of each item\n|clearpoke\n|poke|p1|Dragonite, L50, F|\n|poke|p1|Sneasler, L50, M|\n|poke|p1|Basculegion, L50, M|\n|poke|p1|Kingambit, L50, M|\n|poke|p1|Garchomp, L50, F|\n|poke|p1|Floette-Eternal, L50, F|\n|poke|p2|Swampert, L50, F|\n|poke|p2|Farigiraf, L50, F|\n|poke|p2|Kingambit, L50, M|\n|poke|p2|Sneasler, L50, F|\n|poke|p2|Basculegion-F, L50, F|\n|poke|p2|Sableye, L50, M|\n|teampreview|4\n|inactive|Battle timer is ON: inactive players will automatically lose when time's up. (requested by BtC37)\n|inactive|BtC37 has 60 seconds left.\n|inactive|drumer sama has 60 seconds left.\n|\n|t:|1788401624\n|teamsize|p1|4\n|teamsize|p2|4\n|start\n|switch|p1a: Garchomp|Garchomp, L50, F|100/100\n|switch|p1b: Dragonite|Dragonite, L50, F|100/100\n|switch|p2a: Sneasler|Sneasler, L50, F|100/100\n|switch|p2b: Sableye|Sableye, L50, M|100/100\n|turn|1\n|\n|t:|1788401645\n|switch|p1a: Basculegion|Basculegion, L50, M|100/100\n|move|p1b: Dragonite|Protect|p1b: Dragonite\n|-singleturn|p1b: Dragonite|Protect\n|move|p2a: Sneasler|Fake Out|p1b: Dragonite\n|-activate|p1b: Dragonite|move: Protect\n|move|p2b: Sableye|Rain Dance|p2b: Sableye\n|-weather|RainDance\n|\n|-weather|RainDance|[upkeep]\n|upkeep\n|turn|2\n|\n|t:|1788401668\n|detailschange|p1b: Dragonite|Dragonite-Mega, L50, F\n|-mega|p1b: Dragonite|Dragonite|Dragoninite\n|move|p2a: Sneasler|Poison Jab|p1b: Dragonite\n|-damage|p1b: Dragonite|76/100\n|move|p1b: Dragonite|Dragon Pulse|p2a: Sneasler\n|-damage|p2a: Sneasler|21/100\n|move|p1a: Basculegion|Wave Crash|p2a: Sneasler\n|-damage|p2a: Sneasler|0 fnt\n|faint|p2a: Sneasler\n|-damage|p1a: Basculegion|94/100|[from] Recoil\n|-damage|p1a: Basculegion|84/100|[from] item: Life Orb\n|move|p2b: Sableye|Foul Play|p1a: Basculegion\n|-supereffective|p1a: Basculegion|1\n|-damage|p1a: Basculegion|0 fnt\n|faint|p1a: Basculegion\n|\n|-weather|RainDance|[upkeep]\n|upkeep\n|\n|t:|1788401690\n|switch|p2a: Swampert|Swampert, L50, F|100/100\n|switch|p1a: Garchomp|Garchomp, L50, F|100/100\n|turn|3\n|\n|t:|1788401707\n|detailschange|p2a: Swampert|Swampert-Mega, L50, F\n|-mega|p2a: Swampert|Swampert|Swampertite\n|move|p1a: Garchomp|Dragon Claw|p2a: Swampert\n|-damage|p2a: Swampert|63/100\n|move|p2a: Swampert|Ice Punch|p1a: Garchomp\n|-supereffective|p1a: Garchomp|2\n|-damage|p1a: Garchomp|0 fnt\n|-damage|p2a: Swampert|51/100|[from] ability: Rough Skin|[of] p1a: Garchomp\n|faint|p1a: Garchomp\n|move|p1b: Dragonite|Dragon Pulse|p2a: Swampert\n|-damage|p2a: Swampert|8/100\n|move|p2b: Sableye|Foul Play|p1b: Dragonite\n|-damage|p1b: Dragonite|40/100\n|\n|-weather|RainDance|[upkeep]\n|upkeep\n|\n|t:|1788401723\n|switch|p1a: Kingambit|Kingambit, L50, M|100/100\n|turn|4\n|\n|t:|1788401740\n|move|p2a: Swampert|Protect|p2a: Swampert\n|-singleturn|p2a: Swampert|Protect\n|move|p1b: Dragonite|Extreme Speed|p2a: Swampert\n|-activate|p2a: Swampert|move: Protect\n|move|p2b: Sableye|Encore|p1b: Dragonite\n|-start|p1b: Dragonite|Encore\n|move|p1a: Kingambit|Sucker Punch||[still]\n|-fail|p1a: Kingambit\n|\n|-weather|RainDance|[upkeep]\n|upkeep\n|turn|5\n|\n|t:|1788401756\n|move|p2a: Swampert|Protect||[still]\n|-fail|p2a: Swampert\n|move|p1b: Dragonite|Extreme Speed|p2a: Swampert\n|-damage|p2a: Swampert|0 fnt\n|faint|p2a: Swampert\n|move|p2b: Sableye|Disable|p1b: Dragonite\n|-start|p1b: Dragonite|Disable|Extreme Speed\n|move|p1a: Kingambit|Kowtow Cleave|p2b: Sableye\n|-damage|p2b: Sableye|38/100\n|\n|-weather|none\n|upkeep\n|\n|t:|1788401767\n|switch|p2a: Basculegion|Basculegion-F, L50, F|100/100\n|turn|6\n|\n|t:|1788401774\n|move|p1a: Kingambit|Sucker Punch|p2a: Basculegion\n|-supereffective|p2a: Basculegion|1\n|-damage|p2a: Basculegion|14/100\n|move|p2b: Sableye|Rain Dance|p2b: Sableye\n|-weather|RainDance\n|move|p2a: Basculegion|Muddy Water|p1a: Kingambit|[spread] p1a,p1b\n|-resisted|p1b: Dragonite|1\n|-damage|p1a: Kingambit|47/100\n|-damage|p1b: Dragonite|11/100\n|-damage|p2a: Basculegion|4/100|[from] item: Life Orb\n|-activate|p1b: Dragonite|move: Struggle\n|move|p1b: Dragonite|Struggle|p2b: Sableye\n|-damage|p2b: Sableye|21/100\n|-damage|p1b: Dragonite|0 fnt|[from] recoil\n|faint|p1b: Dragonite\n|\n|-weather|RainDance|[upkeep]\n|upkeep\n|turn|7\n|inactive|drumer sama has 30 seconds left.\n|\n|t:|1788401801\n|move|p2a: Basculegion|Protect|p2a: Basculegion\n|-singleturn|p2a: Basculegion|Protect\n|move|p2b: Sableye|Foul Play|p1a: Kingambit\n|-resisted|p1a: Kingambit|1\n|-damage|p1a: Kingambit|28/100\n|move|p1a: Kingambit|Kowtow Cleave|p2b: Sableye\n|-damage|p2b: Sableye|0 fnt\n|faint|p2b: Sableye\n|\n|-weather|RainDance|[upkeep]\n|upkeep\n|turn|8\n|\n|t:|1788401814\n|move|p2a: Basculegion|Protect|p2a: Basculegion\n|-singleturn|p2a: Basculegion|Protect\n|move|p1a: Kingambit|Sucker Punch||[still]\n|-fail|p1a: Kingambit\n|\n|-weather|RainDance|[upkeep]\n|upkeep\n|turn|9\n|\n|t:|1788401822\n|move|p1a: Kingambit|Sucker Punch|p2a: Basculegion\n|-supereffective|p2a: Basculegion|1\n|-damage|p2a: Basculegion|0 fnt\n|faint|p2a: Basculegion\n|\n|win|BtC37\n|raw|BtC37's rating: 1271 &rarr; <strong>1290</strong><br />(+19 for winning)\n|raw|drumer sama's rating: 1186 &rarr; <strong>1167</strong><br />(-19 for losing)\n","uploadtime":1788401826,"views":"0","formatid":"gen9championsvgc2026regmb","rating":1167,"private":0,"password":null}