{"id":"gen9championsvgc2026regmb-2674122824","format":"[Gen 9 Champions] VGC 2026 Reg M-B","players":["Gatrsmol","i fkin hate incin"],"log":"|j|☆Gatrsmol\n|j|☆i fkin hate incin\n|t:|1788302432\n|gametype|doubles\n|player|p1|Gatrsmol|102|1190\n|player|p2|i fkin hate incin|birdkeeper|1134\n|gen|9\n|tier|[Gen 9 Champions] VGC 2026 Reg M-B\n|rated|\n|rule|Species Clause: Limit one of each Pokémon\n|rule|Item Clause: Limit 1 of each item\n|clearpoke\n|poke|p1|Feraligatr, L50, F, shiny|\n|poke|p1|Ninetales-Alola, L50, M|\n|poke|p1|Incineroar, L50, F|\n|poke|p1|Sinistcha, L50|\n|poke|p1|Sneasler, L50, M, shiny|\n|poke|p1|Corviknight, L50, M, shiny|\n|poke|p2|Excadrill, L50, M, shiny|\n|poke|p2|Tyranitar, L50, M, shiny|\n|poke|p2|Metagross, L50, shiny|\n|poke|p2|Vivillon-Fancy, L50, M, shiny|\n|poke|p2|Scolipede, L50, M|\n|poke|p2|Talonflame, L50, M|\n|teampreview|4\n|inactive|Battle timer is ON: inactive players will automatically lose when time's up. (requested by i fkin hate incin)\n|inactive|Gatrsmol has 60 seconds left.\n|\n|t:|1788302466\n|teamsize|p1|4\n|teamsize|p2|4\n|start\n|switch|p1a: Feraligatr|Feraligatr, L50, F, shiny|100/100\n|switch|p1b: Sneasler|Sneasler, L50, M, shiny|100/100\n|switch|p2a: Scolipede|Scolipede, L50, M|100/100\n|switch|p2b: Vivillon|Vivillon-Fancy, L50, M, shiny|100/100\n|turn|1\n|inactive|i fkin hate incin has 30 seconds left.\n|\n|t:|1788302491\n|detailschange|p1a: Feraligatr|Feraligatr-Mega, L50, F, shiny\n|-mega|p1a: Feraligatr|Feraligatr|Feraligite\n|move|p2b: Vivillon|Sleep Powder|p1a: Feraligatr\n|-status|p1a: Feraligatr|slp|[from] move: Sleep Powder\n|move|p1b: Sneasler|Coaching|p1a: Feraligatr\n|-boost|p1a: Feraligatr|atk|1\n|-boost|p1a: Feraligatr|def|1\n|move|p2a: Scolipede|Swords Dance|p2a: Scolipede\n|-boost|p2a: Scolipede|atk|2\n|cant|p1a: Feraligatr|slp\n|\n|-ability|p2a: Scolipede|Speed Boost|boost\n|-boost|p2a: Scolipede|spe|1\n|upkeep\n|turn|2\n|inactive|Gatrsmol has 30 seconds left.\n|\n|t:|1788302517\n|switch|p1b: Sinistcha|Sinistcha, L50|100/100\n|move|p2a: Scolipede|Baton Pass|p2a: Scolipede\n|\n|t:|1788302524\n|switch|p2a: Talonflame|Talonflame, L50, M|100/100|[from] Baton Pass\n|move|p2b: Vivillon|Sleep Powder|p1b: Sinistcha\n|-immune|p1b: Sinistcha\n|cant|p1a: Feraligatr|slp\n|\n|upkeep\n|turn|3\n|\n|t:|1788302542\n|move|p1b: Sinistcha|Protect|p1b: Sinistcha\n|-singleturn|p1b: Sinistcha|Protect\n|move|p2a: Talonflame|Dual Wingbeat|p1b: Sinistcha\n|-activate|p1b: Sinistcha|move: Protect\n|move|p2b: Vivillon|Sleep Powder|p1a: Feraligatr\n|-fail|p1a: Feraligatr|slp\n|-curestatus|p1a: Feraligatr|slp|[msg]\n|move|p1a: Feraligatr|Body Slam|p2b: Vivillon\n|-damage|p2b: Vivillon|0 fnt\n|faint|p2b: Vivillon\n|\n|upkeep\n|\n|t:|1788302551\n|switch|p2b: Metagross|Metagross, L50, shiny|100/100\n|turn|4\n|inactive|Gatrsmol has 30 seconds left.\n|\n|t:|1788302583\n|switch|p1b: Sneasler|Sneasler, L50, M, shiny|100/100\n|detailschange|p2b: Metagross|Metagross-Mega, L50, shiny\n|-mega|p2b: Metagross|Metagross|Metagrossite\n|move|p2a: Talonflame|Dual Wingbeat|p1b: Sneasler|[miss]\n|-miss|p2a: Talonflame|p1b: Sneasler\n|move|p2b: Metagross|Psychic Fangs|p1a: Feraligatr\n|-damage|p1a: Feraligatr|57/100\n|move|p1a: Feraligatr|Liquidation|p2b: Metagross\n|-damage|p2b: Metagross|33/100\n|\n|upkeep\n|turn|5\n|\n|t:|1788302600\n|switch|p2b: Scolipede|Scolipede, L50, M|100/100\n|move|p1b: Sneasler|Fake Out|p2a: Talonflame\n|-damage|p2a: Talonflame|79/100\n|cant|p2a: Talonflame|flinch\n|move|p1a: Feraligatr|Body Slam|p2b: Scolipede\n|-enditem|p2b: Scolipede|Focus Sash\n|-damage|p2b: Scolipede|1/100\n|\n|upkeep\n|turn|6\n|inactive|Gatrsmol has 30 seconds left.\n|inactive|i fkin hate incin has 30 seconds left.\n|\n|t:|1788302630\n|switch|p1b: Corviknight|Corviknight, L50, M, shiny|100/100\n|move|p2a: Talonflame|Dual Wingbeat|p1b: Corviknight\n|-resisted|p1b: Corviknight|1\n|-damage|p1b: Corviknight|86/100\n|-resisted|p1b: Corviknight|1\n|-damage|p1b: Corviknight|74/100\n|-hitcount|p1b: Corviknight|2\n|-damage|p2a: Talonflame|69/100|[from] item: Life Orb\n|move|p2b: Scolipede|Swords Dance|p2b: Scolipede\n|-boost|p2b: Scolipede|atk|2\n|move|p1a: Feraligatr|Liquidation|p2a: Talonflame\n|-supereffective|p2a: Talonflame|1\n|-damage|p2a: Talonflame|0 fnt\n|faint|p2a: Talonflame\n|\n|-ability|p2b: Scolipede|Speed Boost|boost\n|-boost|p2b: Scolipede|spe|1\n|upkeep\n|inactive|i fkin hate incin has 30 seconds left.\n|\n|t:|1788302663\n|switch|p2a: Metagross|Metagross-Mega, L50, shiny|33/100\n|turn|7\n|\n|t:|1788302678\n|move|p2b: Scolipede|Leech Life|p1a: Feraligatr\n|-damage|p1a: Feraligatr|9/100\n|-heal|p2b: Scolipede|29/100|[from] drain|[of] p1a: Feraligatr\n|move|p2a: Metagross|Ice Punch|p1b: Corviknight\n|-damage|p1b: Corviknight|49/100\n|move|p1a: Feraligatr|Liquidation|p2b: Scolipede\n|-damage|p2b: Scolipede|0 fnt\n|faint|p2b: Scolipede\n|move|p1b: Corviknight|Tailwind|p1b: Corviknight\n|-sidestart|p1: Gatrsmol|move: Tailwind\n|\n|upkeep\n|turn|8\n|-message|i fkin hate incin forfeited.\n|\n|win|Gatrsmol\n|raw|Gatrsmol's rating: 1190 &rarr; <strong>1211</strong><br />(+21 for winning)\n|raw|i fkin hate incin's rating: 1134 &rarr; <strong>1113</strong><br />(-21 for losing)\n|l|☆i fkin hate incin\n|player|p2|\n","uploadtime":1788302706,"views":"1","formatid":"gen9championsvgc2026regmb","rating":1113,"private":0,"password":null}