{"id":"gen9championsvgc2026regmbbo3-2673713721","format":"[Gen 9 Champions] VGC 2026 Reg M-B (Bo3)","players":["ninonakano39","brodoes"],"log":"|j|☆ninonakano39\n|j|☆brodoes\n|html|<table width=\"100%\"><tr><td align=\"left\">ninonakano39</td><td align=\"right\">brodoes</tr><tr><td align=\"left\"><i class=\"fa fa-circle\"></i> <i class=\"fa fa-circle-o\"></i> </td><td align=\"right\"><i class=\"fa fa-circle-o\"></i> <i class=\"fa fa-circle\"></i> </tr></table>\n|uhtml|bestof|<h2><strong>Game 3</strong> of <a href=\"/game-bestof3-gen9championsvgc2026regmbbo3-2673712005\">a best-of-3</a></h2>\n|t:|1788238707\n|gametype|doubles\n|player|p1|ninonakano39|sabrina|1014\n|player|p2|brodoes|crasherwake|1158\n|gen|9\n|tier|[Gen 9 Champions] VGC 2026 Reg M-B (Bo3)\n|rated|\n|rule|Species Clause: Limit one of each Pokémon\n|rule|Item Clause: Limit 1 of each item\n|clearpoke\n|poke|p1|Charizard, L50, F, shiny|\n|poke|p1|Venusaur, L50, M|\n|poke|p1|Tsareena, L50, F, shiny|\n|poke|p1|Garchomp, L50, F|\n|poke|p1|Gholdengo, L50|\n|poke|p1|Incineroar, L50, F, shiny|\n|poke|p2|Whimsicott, L50, M|\n|poke|p2|Farigiraf, L50, M|\n|poke|p2|Kingambit, L50, F|\n|poke|p2|Sylveon, L50, F|\n|poke|p2|Basculegion, L50, M|\n|poke|p2|Blastoise, L50, F|\n|teampreview|4\n|showteam|p1|Charizard||CharizarditeY|Blaze|HeatWave,SolarBeam,Overheat,Protect|Timid||F|||50|]Venusaur||FocusSash|Chlorophyll|SludgeBomb,GigaDrain,SleepPowder,Synthesis|Modest||M|||50|]Tsareena||MiracleSeed|QueenlyMajesty|PowerWhip,HighJumpKick,TripleAxel,Uturn|Adamant||F|||50|]Garchomp||Garchompite|RoughSkin|Earthquake,DragonClaw,StompingTantrum,Protect|Jolly||F|||50|]Gholdengo||WhiteHerb|GoodasGold|MakeItRain,NastyPlot,ShadowBall,Protect|Modest|||||50|]Incineroar||SitrusBerry|Intimidate|FakeOut,PartingShot,DarkestLariat,FlareBlitz|Adamant||F|||50|\n|showteam|p2|Whimsicott||FocusSash|Prankster|Tailwind,Encore,Moonblast,Protect|Timid||M|||50|]Farigiraf||SitrusBerry|ArmorTail|TrickRoom,TwinBeam,Thunderbolt,Protect|Sassy||M|||50|]Kingambit||ChopleBerry|Defiant|SuckerPunch,KowtowCleave,IronHead,Protect|Adamant||F|||50|]Sylveon||FairyFeather|Pixilate|HyperVoice,MysticalFire,CalmMind,Detect|Modest||F|||50|]Basculegion||LifeOrb|Adaptability|AquaJet,WaveCrash,LastRespects,Protect|Adamant||M|||50|]Blastoise||Blastoisinite|Torrent|WaterSpout,AuraSphere,DarkPulse,Protect|Modest||F|||50|\n|\n|t:|1788238748\n|teamsize|p1|4\n|teamsize|p2|4\n|start\n|switch|p1a: Charizard|Charizard, L50, F, shiny|100/100\n|switch|p1b: Venusaur|Venusaur, L50, M|100/100\n|switch|p2a: Farigiraf|Farigiraf, L50, M|100/100\n|switch|p2b: Sylveon|Sylveon, L50, F|100/100\n|turn|1\n|\n|t:|1788238773\n|detailschange|p1a: Charizard|Charizard-Mega-Y, L50, F, shiny\n|-mega|p1a: Charizard|Charizard|Charizardite Y\n|-weather|SunnyDay|[from] ability: Drought|[of] p1a: Charizard\n|move|p2b: Sylveon|Detect|p2b: Sylveon\n|-singleturn|p2b: Sylveon|Protect\n|move|p1b: Venusaur|Sludge Bomb|p2b: Sylveon\n|-activate|p2b: Sylveon|move: Protect\n|move|p1a: Charizard|Heat Wave|p2b: Sylveon|[spread] p2a\n|-activate|p2b: Sylveon|move: Protect\n|-damage|p2a: Farigiraf|46/100\n|-enditem|p2a: Farigiraf|Sitrus Berry|[eat]\n|-heal|p2a: Farigiraf|71/100|[from] item: Sitrus Berry\n|move|p2a: Farigiraf|Trick Room|p2a: Farigiraf\n|-fieldstart|move: Trick Room|[of] p2a: Farigiraf\n|\n|-weather|SunnyDay|[upkeep]\n|upkeep\n|turn|2\n|\n|t:|1788238790\n|move|p1a: Charizard|Protect|p1a: Charizard\n|-singleturn|p1a: Charizard|Protect\n|move|p2a: Farigiraf|Twin Beam|p1b: Venusaur\n|-supereffective|p1b: Venusaur|1\n|-damage|p1b: Venusaur|61/100\n|-supereffective|p1b: Venusaur|1\n|-damage|p1b: Venusaur|29/100\n|-hitcount|p1b: Venusaur|2\n|move|p2b: Sylveon|Mystical Fire|p1b: Venusaur\n|-supereffective|p1b: Venusaur|1\n|-damage|p1b: Venusaur|0 fnt\n|faint|p1b: Venusaur\n|\n|-weather|SunnyDay|[upkeep]\n|upkeep\n|\n|t:|1788238802\n|switch|p1b: Tsareena|Tsareena, L50, F, shiny|100/100\n|turn|3\n|\n|t:|1788238810\n|move|p2a: Farigiraf|Thunderbolt|p1a: Charizard\n|-supereffective|p1a: Charizard|1\n|-damage|p1a: Charizard|52/100\n|move|p2b: Sylveon|Mystical Fire|p1b: Tsareena\n|-supereffective|p1b: Tsareena|1\n|-damage|p1b: Tsareena|21/100\n|-unboost|p1b: Tsareena|spa|1\n|move|p1b: Tsareena|Triple Axel|p2b: Sylveon\n|-damage|p2b: Sylveon|90/100\n|-damage|p2b: Sylveon|71/100\n|-hitcount|p2b: Sylveon|2\n|move|p1a: Charizard|Heat Wave|p2a: Farigiraf|[spread] p2a,p2b\n|-damage|p2a: Farigiraf|19/100\n|-damage|p2b: Sylveon|27/100\n|\n|-weather|SunnyDay|[upkeep]\n|upkeep\n|turn|4\n|\n|t:|1788238828\n|move|p1a: Charizard|Protect|p1a: Charizard\n|-singleturn|p1a: Charizard|Protect\n|move|p2a: Farigiraf|Thunderbolt|p1a: Charizard\n|-activate|p1a: Charizard|move: Protect\n|move|p2b: Sylveon|Hyper Voice|p1b: Tsareena|[spread] p1b\n|-activate|p1a: Charizard|move: Protect\n|-damage|p1b: Tsareena|0 fnt\n|faint|p1b: Tsareena\n|\n|-weather|SunnyDay|[upkeep]\n|upkeep\n|\n|t:|1788238836\n|switch|p1b: Gholdengo|Gholdengo, L50|100/100\n|turn|5\n|\n|t:|1788238851\n|move|p2a: Farigiraf|Thunderbolt|p1b: Gholdengo\n|-damage|p1b: Gholdengo|76/100\n|move|p2b: Sylveon|Mystical Fire|p1b: Gholdengo\n|-supereffective|p1b: Gholdengo|1\n|-damage|p1b: Gholdengo|4/100\n|-unboost|p1b: Gholdengo|spa|1\n|-enditem|p1b: Gholdengo|White Herb\n|-clearnegativeboost|p1b: Gholdengo|[silent]\n|move|p1b: Gholdengo|Make It Rain|p2a: Farigiraf|[spread] p2a,p2b\n|-supereffective|p2b: Sylveon|1\n|-damage|p2a: Farigiraf|0 fnt\n|-damage|p2b: Sylveon|0 fnt\n|-unboost|p1b: Gholdengo|spa|2\n|faint|p2a: Farigiraf\n|faint|p2b: Sylveon\n|move|p1a: Charizard|Heat Wave|p2: Farigiraf|[notarget]\n|-fail|p1a: Charizard\n|\n|-weather|none\n|-fieldend|move: Trick Room\n|upkeep\n|\n|t:|1788238862\n|switch|p2b: Blastoise|Blastoise, L50, F|100/100\n|switch|p2a: Basculegion|Basculegion, L50, M|100/100\n|turn|6\n|\n|t:|1788238870\n|detailschange|p2b: Blastoise|Blastoise-Mega, L50, F\n|-mega|p2b: Blastoise|Blastoise|Blastoisinite\n|move|p1a: Charizard|Protect|p1a: Charizard\n|-singleturn|p1a: Charizard|Protect\n|move|p2a: Basculegion|Aqua Jet|p1a: Charizard\n|-activate|p1a: Charizard|move: Protect\n|move|p1b: Gholdengo|Shadow Ball|p2a: Basculegion\n|-supereffective|p2a: Basculegion|1\n|-damage|p2a: Basculegion|54/100\n|move|p2b: Blastoise|Dark Pulse|p1b: Gholdengo\n|-supereffective|p1b: Gholdengo|1\n|-damage|p1b: Gholdengo|0 fnt\n|faint|p1b: Gholdengo\n|\n|upkeep\n|turn|7\n|\n|t:|1788238882\n|move|p2a: Basculegion|Aqua Jet|p1a: Charizard\n|-supereffective|p1a: Charizard|1\n|-damage|p1a: Charizard|0 fnt\n|faint|p1a: Charizard\n|-damage|p2a: Basculegion|44/100|[from] item: Life Orb\n|\n|win|brodoes\n|raw|ninonakano39's rating: 1014 &rarr; <strong>1007</strong><br />(-7 for losing)\n|raw|brodoes's rating: 1158 &rarr; <strong>1173</strong><br />(+15 for winning)\n","uploadtime":1788238972,"views":"6","formatid":"gen9championsvgc2026regmbbo3","rating":1007,"private":0,"password":null}