{"id":"gen9championsvgc2026regmbbo3-2673366657","format":"[Gen 9 Champions] VGC 2026 Reg M-B (Bo3)","players":["lucashero","Tortle489VGC"],"log":"|j|☆lucashero\n|j|‽Tortle489VGC\n|html|<table width=\"100%\"><tr><td align=\"left\">lucashero</td><td align=\"right\">Tortle489VGC</tr><tr><td align=\"left\"><i class=\"fa fa-circle-o\"></i> <i class=\"fa fa-circle-o\"></i> </td><td align=\"right\"><i class=\"fa fa-circle-o\"></i> <i class=\"fa fa-circle-o\"></i> </tr></table>\n|uhtml|bestof|<h2><strong>Game 1</strong> of <a href=\"/game-bestof3-gen9championsvgc2026regmbbo3-2673366656\">a best-of-3</a></h2>\n|t:|1788189016\n|gametype|doubles\n|player|p1|lucashero|102|1078\n|player|p2|Tortle489VGC|102|1048\n|gen|9\n|tier|[Gen 9 Champions] VGC 2026 Reg M-B (Bo3)\n|rated|\n|rule|Species Clause: Limit one of each Pokémon\n|rule|Item Clause: Limit 1 of each item\n|clearpoke\n|poke|p1|Mr. Rime, L50, M, shiny|\n|poke|p1|Vanilluxe, L50, M, shiny|\n|poke|p1|Slurpuff, L50, M, shiny|\n|poke|p1|Tauros-Paldea-Blaze, L50, M, shiny|\n|poke|p1|Rotom-Mow, L50, shiny|\n|poke|p1|Quaquaval, L50, M, shiny|\n|poke|p2|Slowbro, L50, F|\n|poke|p2|Hatterene, L50, F|\n|poke|p2|Conkeldurr, L50, F|\n|poke|p2|Mudsdale, L50, F|\n|poke|p2|Kingambit, L50, F|\n|poke|p2|Clefable, L50, M|\n|teampreview|4\n|showteam|p1|Mr. Rime||ColburBerry|ScreenCleaner|FakeOut,Protect,FreezeDry,Psychic|Sassy||M|||50|]Vanilluxe||FocusSash|SnowWarning|AuroraVeil,Blizzard,Protect,MirrorCoat|Modest||M|||50|]Slurpuff||SitrusBerry|Unburden|Endeavor,DrainPunch,PlayRough,Endure|Adamant||M|||50|]Tauros-Paldea-Blaze||MentalHerb|Intimidate|RagingBull,CloseCombat,BulkUp,Protect|Jolly||M|||50|]Rotom-Mow||OccaBerry|Levitate|VoltSwitch,LeafStorm,LightScreen,WillOWisp|Timid|||||50|]Quaquaval||ChoiceScarf|Moxie|FlipTurn,IcyWind,CloseCombat,AquaStep|Naive||M|||50|\n|showteam|p2|Slowbro||Slowbronite|Oblivious|TrickRoom,NastyPlot,ExpandingForce,Scald|Quiet||F|||50|]Hatterene||FocusSash|MagicBounce|TrickRoom,PsychicTerrain,ExpandingForce,DazzlingGleam|Quiet||F|||50|]Conkeldurr||WhiteHerb|IronFist|DrainPunch,KnockOff,BulkUp,Protect|Adamant||F|||50|]Mudsdale||Leftovers|Stamina|HighHorsepower,BodyPress,IronDefense,Protect|Brave||F|||50|]Kingambit||BlackGlasses|Defiant|KowtowCleave,SuckerPunch,IronHead,LowKick|Adamant||F|||50|]Clefable||MentalHerb|MagicGuard|FollowMe,LifeDew,HelpingHand,Moonblast|Calm||M|||50|\n|inactive|Battle timer is ON: inactive players will automatically lose when time's up. (requested by lucashero)\n|inactive|Tortle489VGC also wants the timer to be on.\n|inactive|lucashero has 60 seconds left.\n|\n|t:|1788189049\n|teamsize|p1|4\n|teamsize|p2|4\n|start\n|switch|p1a: Vanilluxe|Vanilluxe, L50, M, shiny|100/100\n|switch|p1b: Rotom|Rotom-Mow, L50, shiny|100/100\n|switch|p2a: Slowbro|Slowbro, L50, F|100/100\n|switch|p2b: Hatterene|Hatterene, L50, F|100/100\n|-weather|Snowscape|[from] ability: Snow Warning|[of] p1a: Vanilluxe\n|turn|1\n|\n|t:|1788189061\n|detailschange|p2a: Slowbro|Slowbro-Mega, L50, F\n|-mega|p2a: Slowbro|Slowbro|Slowbronite\n|move|p1b: Rotom|Volt Switch|p2a: Slowbro\n|-supereffective|p2a: Slowbro|1\n|-damage|p2a: Slowbro|28/100\n|\n|t:|1788189079\n|switch|p1b: Tauros|Tauros-Paldea-Blaze, L50, M, shiny|100/100|[from] Volt Switch\n|-ability|p1b: Tauros|Intimidate|boost\n|-unboost|p2a: Slowbro|atk|1\n|-unboost|p2b: Hatterene|atk|1\n|move|p1a: Vanilluxe|Aurora Veil|p1a: Vanilluxe\n|-sidestart|p1: lucashero|move: Aurora Veil\n|move|p2a: Slowbro|Nasty Plot|p2a: Slowbro\n|-boost|p2a: Slowbro|spa|2\n|move|p2b: Hatterene|Psychic Terrain|p2b: Hatterene\n|-fieldstart|move: Psychic Terrain\n|\n|-weather|Snowscape|[upkeep]\n|upkeep\n|turn|2\n|inactive|lucashero has 30 seconds left.\n|\n|t:|1788189105\n|move|p1b: Tauros|Close Combat|p2a: Slowbro\n|-resisted|p2a: Slowbro|1\n|-damage|p2a: Slowbro|13/100\n|-unboost|p1b: Tauros|def|1\n|-unboost|p1b: Tauros|spd|1\n|move|p1a: Vanilluxe|Blizzard|p2b: Hatterene|[spread] p2a,p2b\n|-resisted|p2a: Slowbro|1\n|-damage|p2a: Slowbro|0 fnt\n|-damage|p2b: Hatterene|52/100\n|faint|p2a: Slowbro\n|move|p2b: Hatterene|Expanding Force|p1a: Vanilluxe|[spread] p1a,p1b\n|-supereffective|p1b: Tauros|1\n|-damage|p1a: Vanilluxe|44/100\n|-damage|p1b: Tauros|0 fnt\n|faint|p1b: Tauros\n|\n|-weather|Snowscape|[upkeep]\n|upkeep\n|\n|t:|1788189125\n|switch|p1b: Rotom|Rotom-Mow, L50, shiny|100/100\n|switch|p2a: Mudsdale|Mudsdale, L50, F|100/100\n|turn|3\n|\n|t:|1788189137\n|move|p1b: Rotom|Leaf Storm|p2a: Mudsdale|[miss]\n|-miss|p1b: Rotom|p2a: Mudsdale\n|move|p1a: Vanilluxe|Blizzard|p2a: Mudsdale|[spread] p2a,p2b\n|-supereffective|p2a: Mudsdale|1\n|-damage|p2a: Mudsdale|21/100\n|-damage|p2b: Hatterene|10/100\n|-ability|p2a: Mudsdale|Stamina|boost\n|-boost|p2a: Mudsdale|def|1\n|move|p2a: Mudsdale|Body Press|p1b: Rotom\n|-damage|p1b: Rotom|76/100\n|move|p2b: Hatterene|Expanding Force|p1a: Vanilluxe|[spread] p1a,p1b\n|-damage|p1a: Vanilluxe|0 fnt\n|-damage|p1b: Rotom|14/100\n|faint|p1a: Vanilluxe\n|\n|-weather|Snowscape|[upkeep]\n|-heal|p2a: Mudsdale|27/100|[from] item: Leftovers\n|upkeep\n|\n|t:|1788189150\n|switch|p1a: Quaquaval|Quaquaval, L50, M, shiny|100/100\n|turn|4\n|\n|t:|1788189167\n|move|p2a: Mudsdale|Protect|p2a: Mudsdale\n|-singleturn|p2a: Mudsdale|Protect\n|move|p1a: Quaquaval|Aqua Step|p2b: Hatterene\n|-crit|p2b: Hatterene\n|-damage|p2b: Hatterene|0 fnt\n|-boost|p1a: Quaquaval|spe|1\n|faint|p2b: Hatterene\n|-ability|p1a: Quaquaval|Moxie|boost\n|-boost|p1a: Quaquaval|atk|1\n|move|p1b: Rotom|Leaf Storm|p2a: Mudsdale\n|-activate|p2a: Mudsdale|move: Protect\n|\n|-weather|Snowscape|[upkeep]\n|-heal|p2a: Mudsdale|33/100|[from] item: Leftovers\n|upkeep\n|\n|t:|1788189175\n|switch|p2b: Clefable|Clefable, L50, M|100/100\n|turn|5\n|\n|t:|1788189186\n|move|p1a: Quaquaval|Aqua Step|p2b: Clefable\n|-damage|p2b: Clefable|33/100\n|-boost|p1a: Quaquaval|spe|1\n|move|p1b: Rotom|Leaf Storm|p2b: Clefable\n|-damage|p2b: Clefable|0 fnt\n|-unboost|p1b: Rotom|spa|2\n|faint|p2b: Clefable\n|move|p2a: Mudsdale|Body Press|p1b: Rotom\n|-damage|p1b: Rotom|0 fnt\n|faint|p1b: Rotom\n|\n|-weather|none\n|-heal|p2a: Mudsdale|39/100|[from] item: Leftovers\n|-sideend|p1: lucashero|move: Aurora Veil\n|-fieldend|move: Psychic Terrain\n|upkeep\n|turn|6\n|\n|t:|1788189200\n|move|p2a: Mudsdale|Protect|p2a: Mudsdale\n|-singleturn|p2a: Mudsdale|Protect\n|move|p1a: Quaquaval|Aqua Step|p2a: Mudsdale\n|-activate|p2a: Mudsdale|move: Protect\n|\n|-heal|p2a: Mudsdale|44/100|[from] item: Leftovers\n|upkeep\n|turn|7\n|\n|t:|1788189222\n|move|p1a: Quaquaval|Aqua Step|p2a: Mudsdale\n|-supereffective|p2a: Mudsdale|1\n|-damage|p2a: Mudsdale|0 fnt\n|-boost|p1a: Quaquaval|spe|1\n|faint|p2a: Mudsdale\n|\n|win|lucashero\n||Tortle489VGC is ready for game 2.\n","uploadtime":1788189229,"views":"9","formatid":"gen9championsvgc2026regmbbo3","rating":null,"private":0,"password":null}