{"id":"gen9championsvgc2026regmb-2674647131","format":"[Gen 9 Champions] VGC 2026 Reg M-B","players":["nedea18","Difjsjc"],"log":"|j|☆nedea18\n|j|☆Difjsjc\n|t:|1788384705\n|gametype|doubles\n|player|p1|nedea18|dawn|1299\n|player|p2|Difjsjc|clerk-boss|1252\n|gen|9\n|tier|[Gen 9 Champions] VGC 2026 Reg M-B\n|rated|\n|rule|Species Clause: Limit one of each Pokémon\n|rule|Item Clause: Limit 1 of each item\n|clearpoke\n|poke|p1|Charizard, L50, M, shiny|\n|poke|p1|Floette-Eternal, L50, F|\n|poke|p1|Garchomp, L50, M|\n|poke|p1|Basculegion, L50, M|\n|poke|p1|Kingambit, L50, F|\n|poke|p1|Sneasler, L50, F|\n|poke|p2|Toxapex, L50, M|\n|poke|p2|Overqwil, L50, M|\n|poke|p2|Scolipede, L50, M|\n|poke|p2|Sneasler, L50, F, shiny|\n|poke|p2|Venusaur, L50, M|\n|poke|p2|Slowking-Galar, L50, F|\n|teampreview|4\n|inactive|Battle timer is ON: inactive players will automatically lose when time's up. (requested by nedea18)\nnedea18 rejected open team sheets.\n|\n|t:|1788384728\n|teamsize|p1|4\n|teamsize|p2|4\n|start\n|switch|p1a: Sneasler|Sneasler, L50, F|100/100\n|switch|p1b: Kingambit|Kingambit, L50, F|100/100\n|switch|p2a: Rotten Banana|Sneasler, L50, F, shiny|100/100\n|switch|p2b: Scoliosis|Scolipede, L50, M|100/100\n|turn|1\n|\n|t:|1788384752\n|move|p1a: Sneasler|Fake Out|p2a: Rotten Banana\n|-damage|p2a: Rotten Banana|76/100\n|cant|p2a: Rotten Banana|flinch\n|move|p2b: Scoliosis|Swords Dance|p2b: Scoliosis\n|-boost|p2b: Scoliosis|atk|2\n|move|p1b: Kingambit|Kowtow Cleave|p2b: Scoliosis\n|-damage|p2b: Scoliosis|29/100\n|\n|-ability|p2b: Scoliosis|Speed Boost|boost\n|-boost|p2b: Scoliosis|spe|1\n|upkeep\n|turn|2\n|inactive|nedea18 has 30 seconds left.\n|inactive|nedea18 has 20 seconds left.\n|\n|t:|1788384789\n|move|p2b: Scoliosis|Protect|p2b: Scoliosis\n|-singleturn|p2b: Scoliosis|Protect\n|move|p1b: Kingambit|Protect|p1b: Kingambit\n|-singleturn|p1b: Kingambit|Protect\n|move|p1a: Sneasler|Dire Claw|p2a: Rotten Banana\n|-resisted|p2a: Rotten Banana|1\n|-damage|p2a: Rotten Banana|42/100\n|move|p2a: Rotten Banana|Close Combat|p1b: Kingambit\n|-activate|p1b: Kingambit|move: Protect\n|\n|-ability|p2b: Scoliosis|Speed Boost|boost\n|-boost|p2b: Scoliosis|spe|1\n|upkeep\n|turn|3\n|inactive|Difjsjc has 30 seconds left.\n|\n|t:|1788384819\n|switch|p1b: Charizard|Charizard, L50, M, shiny|100/100\n|detailschange|p2b: Scoliosis|Scolipede-Mega, L50, M\n|-mega|p2b: Scoliosis|Scolipede|Scolipite\n|move|p2b: Scoliosis|Leech Life|p1a: Sneasler\n|-resisted|p1a: Sneasler|2\n|-damage|p1a: Sneasler|59/100\n|-heal|p2b: Scoliosis|52/100|[from] drain|[of] p1a: Sneasler\n|move|p2a: Rotten Banana|Close Combat|p1b: Charizard\n|-resisted|p1b: Charizard|1\n|-damage|p1b: Charizard|53/100\n|-unboost|p2a: Rotten Banana|def|1\n|-unboost|p2a: Rotten Banana|spd|1\n|-enditem|p2a: Rotten Banana|White Herb\n|-clearnegativeboost|p2a: Rotten Banana|[silent]\n|move|p1a: Sneasler|Dire Claw|p2a: Rotten Banana\n|-resisted|p2a: Rotten Banana|1\n|-damage|p2a: Rotten Banana|5/100\n|\n|upkeep\n|turn|4\n|inactive|nedea18 has 30 seconds left.\n|\n|t:|1788384845\n|switch|p2a: Migraine|Slowking-Galar, L50, F|100/100\n|switch|p1b: Kingambit|Kingambit, L50, F|100/100\n|move|p2b: Scoliosis|Rock Slide|p1b: Kingambit|[spread] p1a,p1b\n|-resisted|p1a: Sneasler|1\n|-resisted|p1b: Kingambit|1\n|-damage|p1a: Sneasler|23/100\n|-damage|p1b: Kingambit|83/100\n|cant|p1a: Sneasler|flinch\n|\n|upkeep\n|turn|5\n|\n|t:|1788384865\n|move|p2b: Scoliosis|Leech Life|p1b: Kingambit\n|-damage|p1b: Kingambit|14/100\n|-heal|p2b: Scoliosis|100/100|[from] drain|[of] p1b: Kingambit\n|move|p1a: Sneasler|Dire Claw|p2b: Scoliosis\n|-resisted|p2b: Scoliosis|1\n|-damage|p2b: Scoliosis|81/100\n|-status|p2b: Scoliosis|par\n|move|p1b: Kingambit|Kowtow Cleave|p2a: Migraine\n|-supereffective|p2a: Migraine|1\n|-enditem|p2a: Migraine|Colbur Berry|[eat]\n|-enditem|p2a: Migraine|Colbur Berry|[weaken]\n|-damage|p2a: Migraine|57/100\n|move|p2a: Migraine|Trick Room|p2a: Migraine\n|-fieldstart|move: Trick Room|[of] p2a: Migraine\n|\n|upkeep\n|turn|6\n|\n|t:|1788384886\n|move|p1a: Sneasler|Protect|p1a: Sneasler\n|-singleturn|p1a: Sneasler|Protect\n|move|p2a: Migraine|Flamethrower|p1b: Kingambit\n|-supereffective|p1b: Kingambit|1\n|-damage|p1b: Kingambit|0 fnt\n|faint|p1b: Kingambit\n|move|p2b: Scoliosis|Leech Life|p1a: Sneasler\n|-activate|p1a: Sneasler|move: Protect\n|\n|upkeep\n|\n|t:|1788384898\n|switch|p1b: Garchomp|Garchomp, L50, M|100/100\n|turn|7\n|\n|t:|1788384905\n|move|p1a: Sneasler|Protect|p1a: Sneasler\n|-singleturn|p1a: Sneasler|Protect\n|move|p2a: Migraine|Psychic Noise|p1a: Sneasler\n|-activate|p1a: Sneasler|move: Protect\n|move|p2b: Scoliosis|Leech Life|p1b: Garchomp\n|-damage|p1b: Garchomp|1/100\n|-heal|p2b: Scoliosis|100/100 par|[from] drain|[of] p1b: Garchomp\n|-damage|p2b: Scoliosis|87/100 par|[from] ability: Rough Skin|[of] p1b: Garchomp\n|move|p1b: Garchomp|Earthquake|p2a: Migraine|[spread] p2a,p2b\n|-activate|p1a: Sneasler|move: Protect\n|-supereffective|p2a: Migraine|1\n|-damage|p2a: Migraine|0 fnt\n|-damage|p2b: Scoliosis|45/100 par\n|faint|p2a: Migraine\n|\n|upkeep\n|\n|t:|1788384910\n|switch|p2a: Chernobyl|Toxapex, L50, M|100/100\n|turn|8\n|\n|t:|1788384933\n|switch|p1a: Charizard|Charizard, L50, M, shiny|53/100\n|move|p2a: Chernobyl|Muddy Water|p1a: Charizard|[spread] p1a,p1b\n|-supereffective|p1a: Charizard|1\n|-damage|p1a: Charizard|13/100\n|-damage|p1b: Garchomp|0 fnt\n|faint|p1b: Garchomp\n|move|p2b: Scoliosis|Swords Dance|p2b: Scoliosis\n|-boost|p2b: Scoliosis|atk|2\n|\n|upkeep\n|\n|t:|1788384942\n|switch|p1b: Sneasler|Sneasler, L50, F|23/100\n|turn|9\n|\n|t:|1788384964\n|move|p1a: Charizard|Protect|p1a: Charizard\n|-singleturn|p1a: Charizard|Protect\n|move|p1b: Sneasler|Protect|p1b: Sneasler\n|-singleturn|p1b: Sneasler|Protect\n|move|p2a: Chernobyl|Muddy Water|p1a: Charizard|[spread] \n|-activate|p1a: Charizard|move: Protect\n|-activate|p1b: Sneasler|move: Protect\n|move|p2b: Scoliosis|Rock Slide|p1b: Sneasler|[spread] \n|-activate|p1a: Charizard|move: Protect\n|-activate|p1b: Sneasler|move: Protect\n|\n|-fieldend|move: Trick Room\n|upkeep\n|turn|10\n|\n|t:|1788384984\n|detailschange|p1a: Charizard|Charizard-Mega-Y, L50, M, shiny\n|-mega|p1a: Charizard|Charizard|Charizardite Y\n|-weather|SunnyDay|[from] ability: Drought|[of] p1a: Charizard\n|move|p2b: Scoliosis|Protect|p2b: Scoliosis\n|-singleturn|p2b: Scoliosis|Protect\n|move|p1b: Sneasler|Dire Claw|p2a: Chernobyl\n|-resisted|p2a: Chernobyl|1\n|-damage|p2a: Chernobyl|88/100\n|move|p1a: Charizard|Heat Wave|p2b: Scoliosis|[spread] p2a\n|-activate|p2b: Scoliosis|move: Protect\n|-resisted|p2a: Chernobyl|1\n|-damage|p2a: Chernobyl|63/100\n|move|p2a: Chernobyl|Muddy Water|p1b: Sneasler|[spread] p1a,p1b\n|-supereffective|p1a: Charizard|1\n|-damage|p1a: Charizard|1/100\n|-damage|p1b: Sneasler|14/100\n|\n|-weather|SunnyDay|[upkeep]\n|upkeep\n|turn|11\n|inactive|Difjsjc has 30 seconds left.\n|\n|t:|1788385009\n|move|p1b: Sneasler|Dire Claw|p2a: Chernobyl\n|-resisted|p2a: Chernobyl|1\n|-damage|p2a: Chernobyl|49/100\n|move|p1a: Charizard|Heat Wave|p2b: Scoliosis|[spread] p2a,p2b\n|-resisted|p2a: Chernobyl|1\n|-supereffective|p2b: Scoliosis|1\n|-damage|p2a: Chernobyl|21/100\n|-damage|p2b: Scoliosis|0 fnt\n|faint|p2b: Scoliosis\n|move|p2a: Chernobyl|Muddy Water|p1a: Charizard|[spread] p1a,p1b\n|-supereffective|p1a: Charizard|1\n|-damage|p1a: Charizard|0 fnt\n|-damage|p1b: Sneasler|4/100\n|faint|p1a: Charizard\n|\n|-weather|SunnyDay|[upkeep]\n|upkeep\n|\n|t:|1788385017\n|switch|p2b: Rotten Banana|Sneasler, L50, F, shiny|5/100\n|turn|12\n|\n|t:|1788385025\n|move|p1b: Sneasler|Protect|p1b: Sneasler\n|-singleturn|p1b: Sneasler|Protect\n|move|p2b: Rotten Banana|Fake Out|p1b: Sneasler\n|-activate|p1b: Sneasler|move: Protect\n|move|p2a: Chernobyl|Muddy Water|p1b: Sneasler\n|-activate|p1b: Sneasler|move: Protect\n|\n|-weather|SunnyDay|[upkeep]\n|upkeep\n|turn|13\n|\n|t:|1788385037\n|move|p2b: Rotten Banana|Dire Claw|p1b: Sneasler\n|-resisted|p1b: Sneasler|1\n|-damage|p1b: Sneasler|0 fnt\n|faint|p1b: Sneasler\n|\n|win|Difjsjc\n|raw|nedea18's rating: 1299 &rarr; <strong>1271</strong><br />(-28 for losing)\n|raw|Difjsjc's rating: 1252 &rarr; <strong>1280</strong><br />(+28 for winning)\n|l|☆nedea18\n|player|p1|\n","uploadtime":1788385052,"views":"0","formatid":"gen9championsvgc2026regmb","rating":1271,"private":0,"password":null}