{"id":"gen9championsvgc2026regmbbo3-2673998446","format":"[Gen 9 Champions] VGC 2026 Reg M-B (Bo3)","players":["alexgpapmer","tevad"],"log":"|j|☆alexgpapmer\n|j|☆tevad\n|html|<table width=\"100%\"><tr><td align=\"left\">alexgpapmer</td><td align=\"right\">tevad</tr><tr><td align=\"left\"><i class=\"fa fa-circle\"></i> <i class=\"fa fa-circle-o\"></i> </td><td align=\"right\"><i class=\"fa fa-circle-o\"></i> <i class=\"fa fa-circle-o\"></i> </tr></table>\n|uhtml|bestof|<h2><strong>Game 2</strong> of <a href=\"/game-bestof3-gen9championsvgc2026regmbbo3-2673995216\">a best-of-3</a></h2>\n|t:|1788286479\n|gametype|doubles\n|player|p1|alexgpapmer|1|1094\n|player|p2|tevad|hilbert|1016\n|gen|9\n|tier|[Gen 9 Champions] VGC 2026 Reg M-B (Bo3)\n|rated|\n|rule|Species Clause: Limit one of each Pokémon\n|rule|Item Clause: Limit 1 of each item\n|clearpoke\n|poke|p1|Incineroar, L50, M|\n|poke|p1|Toxapex, L50, M|\n|poke|p1|Garchomp, L50, F|\n|poke|p1|Charizard, L50, M|\n|poke|p1|Venusaur, L50, F|\n|poke|p1|Sylveon, L50, M|\n|poke|p2|Floette-Eternal, L50, F|\n|poke|p2|Charizard, L50, M|\n|poke|p2|Garchomp, L50, M|\n|poke|p2|Incineroar, L50, M|\n|poke|p2|Whimsicott, L50, F|\n|poke|p2|Basculegion, L50, M|\n|teampreview|4\n|showteam|p1|Incineroar||SitrusBerry|Intimidate|FakeOut,PartingShot,FlareBlitz,Protect|Impish||M|||50|]Toxapex||Leftovers|Regenerator|BanefulBunker,Infestation,Toxic,WideGuard|Relaxed||M|||50|]Garchomp||ChoiceScarf|RoughSkin|StompingTantrum,Earthquake,DragonClaw,RockSlide|Adamant||F|||50|]Charizard||CharizarditeY|Blaze|Protect,HeatWave,SolarBeam,WeatherBall|Timid||M|||50|]Venusaur||FocusSash|Chlorophyll|Protect,SludgeBomb,EarthPower,SleepPowder|Modest||F|||50|]Sylveon||FairyFeather|Pixilate|Detect,HyperVoice,QuickAttack,Yawn|Quiet||M|||50|\n|showteam|p2|Floette-Eternal||Floettite|FlowerVeil|Moonblast,DazzlingGleam,Protect,CalmMind|Modest||F|||50|]Charizard||CharizarditeY|Blaze|Protect,HeatWave,SolarBeam,WeatherBall|Modest||M|||50|]Garchomp||RoseliBerry|RoughSkin|DragonClaw,RockSlide,Earthquake,Protect|Adamant||M|||50|]Incineroar||SitrusBerry|Intimidate|FakeOut,PartingShot,FlareBlitz,ThroatChop|Careful||M|||50|]Whimsicott||FocusSash|Prankster|Tailwind,Moonblast,Protect,Encore|Bold||F|||50|]Basculegion||LifeOrb|SwiftSwim|LastRespects,WaveCrash,AquaJet,Protect|Adamant||M|||50|\n|\n|t:|1788286550\n|teamsize|p1|4\n|teamsize|p2|4\n|start\n|switch|p1a: Charizard|Charizard, L50, M|100/100\n|switch|p1b: Venusaur|Venusaur, L50, F|100/100\n|switch|p2a: Charizard|Charizard, L50, M|100/100\n|switch|p2b: Whimsicott|Whimsicott, L50, F|100/100\n|turn|1\n|\n|t:|1788286573\n|detailschange|p1a: Charizard|Charizard-Mega-Y, L50, M\n|-mega|p1a: Charizard|Charizard|Charizardite Y\n|-weather|SunnyDay|[from] ability: Drought|[of] p1a: Charizard\n|detailschange|p2a: Charizard|Charizard-Mega-Y, L50, M\n|-mega|p2a: Charizard|Charizard|Charizardite Y\n|move|p1b: Venusaur|Protect|p1b: Venusaur\n|-singleturn|p1b: Venusaur|Protect\n|move|p2b: Whimsicott|Tailwind|p2b: Whimsicott\n|-sidestart|p2: tevad|move: Tailwind\n|move|p2a: Charizard|Heat Wave|p1a: Charizard|[spread] p1a\n|-activate|p1b: Venusaur|move: Protect\n|-resisted|p1a: Charizard|1\n|-damage|p1a: Charizard|66/100\n|move|p1a: Charizard|Weather Ball|p2b: Whimsicott\n|-supereffective|p2b: Whimsicott|1\n|-enditem|p2b: Whimsicott|Focus Sash\n|-damage|p2b: Whimsicott|1/100\n|\n|-weather|SunnyDay|[upkeep]\n|upkeep\n|turn|2\n|\n|t:|1788286592\n|switch|p1b: Toxapex|Toxapex, L50, M|100/100\n|move|p2b: Whimsicott|Encore||[still]\n|-fail|p2b: Whimsicott\n|move|p2a: Charizard|Heat Wave|p1b: Toxapex|[spread] p1a\n|-miss|p2a: Charizard|p1b: Toxapex\n|-resisted|p1a: Charizard|1\n|-damage|p1a: Charizard|31/100\n|move|p1a: Charizard|Heat Wave|p2a: Charizard|[spread] p2a,p2b\n|-resisted|p2a: Charizard|1\n|-supereffective|p2b: Whimsicott|1\n|-damage|p2a: Charizard|67/100\n|-damage|p2b: Whimsicott|0 fnt\n|faint|p2b: Whimsicott\n|\n|-weather|SunnyDay|[upkeep]\n|upkeep\n|\n|t:|1788286607\n|switch|p2b: Basculegion|Basculegion, L50, M|100/100\n|turn|3\n|\n|t:|1788286624\n|move|p1a: Charizard|Protect|p1a: Charizard\n|-singleturn|p1a: Charizard|Protect\n|move|p2b: Basculegion|Aqua Jet|p1a: Charizard\n|-activate|p1a: Charizard|move: Protect\n|move|p2a: Charizard|Solar Beam||[still]\n|-prepare|p2a: Charizard|Solar Beam\n|-anim|p2a: Charizard|Solar Beam|p1b: Toxapex\n|-damage|p1b: Toxapex|58/100\n|move|p1b: Toxapex|Infestation|p2b: Basculegion\n|-resisted|p2b: Basculegion|1\n|-damage|p2b: Basculegion|98/100\n|-activate|p2b: Basculegion|move: Infestation|[of] p1b: Toxapex\n|\n|-weather|SunnyDay|[upkeep]\n|-heal|p1b: Toxapex|64/100|[from] item: Leftovers\n|-damage|p2b: Basculegion|86/100|[from] move: Infestation|[partiallytrapped]\n|upkeep\n|turn|4\n|\n|t:|1788286654\n|move|p1b: Toxapex|Baneful Bunker|p1b: Toxapex\n|-singleturn|p1b: Toxapex|move: Protect\n|move|p2a: Charizard|Solar Beam||[still]\n|-prepare|p2a: Charizard|Solar Beam\n|-anim|p2a: Charizard|Solar Beam|p1b: Toxapex\n|-activate|p1b: Toxapex|move: Protect\n|move|p2b: Basculegion|Wave Crash|p1a: Charizard\n|-supereffective|p1a: Charizard|1\n|-damage|p1a: Charizard|0 fnt\n|faint|p1a: Charizard\n|-damage|p2b: Basculegion|77/100|[from] Recoil\n|-damage|p2b: Basculegion|67/100|[from] item: Life Orb\n|\n|-weather|SunnyDay|[upkeep]\n|-heal|p1b: Toxapex|70/100|[from] item: Leftovers\n|-damage|p2b: Basculegion|55/100|[from] move: Infestation|[partiallytrapped]\n|-sideend|p2: tevad|move: Tailwind\n|upkeep\n|\n|t:|1788286664\n|switch|p1a: Venusaur|Venusaur, L50, F|100/100\n|turn|5\n|\n|t:|1788286681\n|switch|p2a: Incineroar|Incineroar, L50, M|100/100\n|-ability|p2a: Incineroar|Intimidate|boost\n|-unboost|p1a: Venusaur|atk|1\n|-unboost|p1b: Toxapex|atk|1\n|move|p1a: Venusaur|Sleep Powder|p2a: Incineroar\n|-status|p2a: Incineroar|slp|[from] move: Sleep Powder\n|move|p2b: Basculegion|Last Respects|p1b: Toxapex\n|-damage|p1b: Toxapex|33/100\n|-damage|p2b: Basculegion|45/100|[from] item: Life Orb\n|move|p1b: Toxapex|Toxic|p2b: Basculegion\n|-status|p2b: Basculegion|tox\n|\n|-weather|none\n|-heal|p1b: Toxapex|38/100|[from] item: Leftovers\n|-damage|p2b: Basculegion|39/100 tox|[from] psn\n|-damage|p2b: Basculegion|27/100 tox|[from] move: Infestation|[partiallytrapped]\n|upkeep\n|turn|6\n|\n|t:|1788286704\n|-heal|p1b: Toxapex|71/100|[from] ability: Regenerator|[silent]\n|switch|p1b: Sylveon|Sylveon, L50, M|100/100\n|move|p2b: Basculegion|Protect|p2b: Basculegion\n|-singleturn|p2b: Basculegion|Protect\n|move|p1a: Venusaur|Earth Power|p2a: Incineroar\n|-supereffective|p2a: Incineroar|1\n|-damage|p2a: Incineroar|58/100 slp\n|cant|p2a: Incineroar|slp\n|\n|-damage|p2b: Basculegion|14/100 tox|[from] psn\n|-end|p2b: Basculegion|Infestation|[partiallytrapped]|[silent]\n|upkeep\n|turn|7\n|\n|t:|1788286728\n|move|p1b: Sylveon|Detect|p1b: Sylveon\n|-singleturn|p1b: Sylveon|Protect\n|move|p1a: Venusaur|Earth Power|p2a: Incineroar\n|-supereffective|p2a: Incineroar|1\n|-damage|p2a: Incineroar|12/100 slp\n|-enditem|p2a: Incineroar|Sitrus Berry|[eat]\n|-heal|p2a: Incineroar|37/100 slp|[from] item: Sitrus Berry\n|move|p2b: Basculegion|Wave Crash|p1b: Sylveon\n|-activate|p1b: Sylveon|move: Protect\n|cant|p2a: Incineroar|slp\n|\n|-damage|p2b: Basculegion|0 fnt|[from] psn\n|faint|p2b: Basculegion\n|upkeep\n|\n|t:|1788286739\n|switch|p2b: Charizard|Charizard-Mega-Y, L50, M|67/100\n|-weather|SunnyDay|[from] ability: Drought|[of] p2b: Charizard\n|turn|8\n|\n|t:|1788286748\n|move|p1a: Venusaur|Earth Power|p2a: Incineroar\n|-supereffective|p2a: Incineroar|1\n|-damage|p2a: Incineroar|0 fnt\n|faint|p2a: Incineroar\n|move|p2b: Charizard|Heat Wave|p1a: Venusaur|[spread] p1a,p1b\n|-supereffective|p1a: Venusaur|1\n|-crit|p1b: Sylveon\n|-enditem|p1a: Venusaur|Focus Sash\n|-damage|p1a: Venusaur|1/100\n|-damage|p1b: Sylveon|17/100\n|move|p1b: Sylveon|Yawn|p2b: Charizard\n|-start|p2b: Charizard|move: Yawn|[of] p1b: Sylveon\n|\n|-weather|SunnyDay|[upkeep]\n|upkeep\n|turn|9\n|\n|t:|1788286768\n|move|p1b: Sylveon|Quick Attack|p2b: Charizard\n|-resisted|p2b: Charizard|1\n|-damage|p2b: Charizard|56/100\n|move|p1a: Venusaur|Sludge Bomb|p2b: Charizard\n|-damage|p2b: Charizard|15/100\n|-status|p2b: Charizard|psn\n|move|p2b: Charizard|Heat Wave|p1a: Venusaur|[spread] p1a,p1b\n|-supereffective|p1a: Venusaur|1\n|-damage|p1a: Venusaur|0 fnt\n|-damage|p1b: Sylveon|0 fnt\n|faint|p1a: Venusaur\n|faint|p1b: Sylveon\n|\n|-weather|SunnyDay|[upkeep]\n|-damage|p2b: Charizard|3/100 psn|[from] psn\n|-end|p2b: Charizard|move: Yawn|[silent]\n|upkeep\n|\n|t:|1788286770\n|switch|p1b: Toxapex|Toxapex, L50, M|71/100\n|turn|10\n|c|☆alexgpapmer|Gg wp\n|inactive|Battle timer is ON: inactive players will automatically lose when time's up. (requested by alexgpapmer)\n|\n|t:|1788286788\n|move|p1b: Toxapex|Baneful Bunker|p1b: Toxapex\n|-singleturn|p1b: Toxapex|move: Protect\n|move|p2b: Charizard|Solar Beam||[still]\n|-prepare|p2b: Charizard|Solar Beam\n|-anim|p2b: Charizard|Solar Beam|p1b: Toxapex\n|-activate|p1b: Toxapex|move: Protect\n|\n|-weather|SunnyDay|[upkeep]\n|-heal|p1b: Toxapex|77/100|[from] item: Leftovers\n|-damage|p2b: Charizard|0 fnt|[from] psn\n|faint|p2b: Charizard\n|\n|win|alexgpapmer\n|raw|alexgpapmer's rating: 1094 &rarr; <strong>1114</strong><br />(+20 for winning)\n|raw|tevad's rating: 1016 &rarr; <strong>1006</strong><br />(-10 for losing)\n|l|☆alexgpapmer\n|player|p1|\n","uploadtime":1788286810,"views":"1","formatid":"gen9championsvgc2026regmbbo3","rating":1006,"private":0,"password":null}