{"id":"gen9championsvgc2026regmb-2674618765","format":"[Gen 9 Champions] VGC 2026 Reg M-B","players":["Zapdos79","deglii"],"log":"|j|☆Zapdos79\n|j|☆deglii\n|t:|1788381026\n|gametype|doubles\n|player|p1|Zapdos79|flannery|1255\n|player|p2|deglii|266|1309\n|gen|9\n|tier|[Gen 9 Champions] VGC 2026 Reg M-B\n|rated|\n|rule|Species Clause: Limit one of each Pokémon\n|rule|Item Clause: Limit 1 of each item\n|clearpoke\n|poke|p1|Espathra, L50, M|\n|poke|p1|Floette-Eternal, L50, F|\n|poke|p1|Charizard, L50, F|\n|poke|p1|Zoroark-Hisui, L50, M|\n|poke|p1|Sneasler, L50, F|\n|poke|p1|Kingambit, L50, M|\n|poke|p2|Blastoise, L50, F|\n|poke|p2|Sneasler, L50, M|\n|poke|p2|Incineroar, L50, M|\n|poke|p2|Delphox, L50, F|\n|poke|p2|Kingambit, L50, M|\n|poke|p2|Sinistcha, L50|\n|teampreview|4\n|\n|t:|1788381097\n|teamsize|p1|4\n|teamsize|p2|4\n|start\n|switch|p1a: Espathra|Espathra, L50, M|100/100\n|switch|p1b: Kingambit|Kingambit, L50, M|100/100\n|switch|p2a: Delphox|Delphox, L50, F|100/100\n|switch|p2b: Sneasler|Sneasler, L50, M|100/100\n|turn|1\n|\n|t:|1788381113\n|switch|p1b: Floette|Floette-Eternal, L50, F|100/100\n|detailschange|p2a: Delphox|Delphox-Mega, L50, F\n|-mega|p2a: Delphox|Delphox|Delphoxite\n|move|p1a: Espathra|Protect|p1a: Espathra\n|-singleturn|p1a: Espathra|Protect\n|move|p2b: Sneasler|Fake Out|p1b: Floette\n|-immune|p1b: Floette\n|move|p2a: Delphox|Nasty Plot|p2a: Delphox\n|-boost|p2a: Delphox|spa|2\n|\n|-ability|p1a: Espathra|Speed Boost|boost\n|-boost|p1a: Espathra|spe|1\n|upkeep\n|turn|2\n|\n|t:|1788381147\n|switch|p2b: Sinistcha|Sinistcha, L50|100/100\n|move|p2a: Delphox|Protect|p2a: Delphox\n|-singleturn|p2a: Delphox|Protect\n|move|p1a: Espathra|Calm Mind|p1a: Espathra\n|-boost|p1a: Espathra|spa|1\n|-boost|p1a: Espathra|spd|1\n|move|p1b: Floette|Bitter Malice|p2a: Delphox\n|-activate|p2a: Delphox|move: Protect\n|\n|-ability|p1a: Espathra|Speed Boost|boost\n|-boost|p1a: Espathra|spe|1\n|upkeep\n|turn|3\n|\n|t:|1788381167\n|move|p2b: Sinistcha|Rage Powder|p2b: Sinistcha\n|-singleturn|p2b: Sinistcha|move: Rage Powder\n|move|p1a: Espathra|Calm Mind|p1a: Espathra\n|-boost|p1a: Espathra|spa|1\n|-boost|p1a: Espathra|spd|1\n|move|p2a: Delphox|Heat Wave|p1a: Espathra|[spread] p1a,p1b\n|-damage|p1a: Espathra|47/100\n|-enditem|p1b: Floette|Focus Sash\n|-damage|p1b: Floette|1/100\n|replace|p1b: Zoroark|Zoroark-Hisui, L50, M\n|-end|p1b: Zoroark|Illusion\n|-enditem|p1a: Espathra|Sitrus Berry|[eat]\n|-heal|p1a: Espathra|72/100|[from] item: Sitrus Berry\n|move|p1b: Zoroark|Bitter Malice|p2b: Sinistcha\n|-supereffective|p2b: Sinistcha|1\n|-damage|p2b: Sinistcha|4/100\n|-unboost|p2b: Sinistcha|atk|1\n|\n|-ability|p1a: Espathra|Speed Boost|boost\n|-boost|p1a: Espathra|spe|1\n|upkeep\n|turn|4\n|\n|t:|1788381193\n|move|p2b: Sinistcha|Rage Powder|p2b: Sinistcha\n|-singleturn|p2b: Sinistcha|move: Rage Powder\n|move|p1a: Espathra|Baton Pass|p1a: Espathra\n|\n|t:|1788381198\n|switch|p1a: Floette|Floette-Eternal, L50, F|100/100|[from] Baton Pass\n|move|p2a: Delphox|Heat Wave|p1a: Floette|[spread] p1a\n|-miss|p2a: Delphox|p1b: Zoroark\n|-crit|p1a: Floette\n|-damage|p1a: Floette|5/100\n|move|p1b: Zoroark|Bitter Malice|p2b: Sinistcha\n|-supereffective|p2b: Sinistcha|1\n|-damage|p2b: Sinistcha|0 fnt\n|faint|p2b: Sinistcha\n|\n|upkeep\n|\n|t:|1788381211\n|switch|p2b: Sneasler|Sneasler, L50, M|100/100\n|turn|5\n|\n|t:|1788381230\n|move|p1a: Floette|Protect|p1a: Floette\n|-singleturn|p1a: Floette|Protect\n|move|p1b: Zoroark|Protect|p1b: Zoroark\n|-singleturn|p1b: Zoroark|Protect\n|move|p2b: Sneasler|Fake Out|p1a: Floette\n|-activate|p1a: Floette|move: Protect\n|move|p2a: Delphox|Heat Wave|p1b: Zoroark|[spread] \n|-activate|p1a: Floette|move: Protect\n|-activate|p1b: Zoroark|move: Protect\n|\n|upkeep\n|turn|6\n|\n|t:|1788381245\n|detailschange|p1a: Floette|Floette-Mega, L50, F\n|-mega|p1a: Floette|Floette|Floettite\n|-ability|p1a: Floette|Fairy Aura\n|move|p2a: Delphox|Protect|p2a: Delphox\n|-singleturn|p2a: Delphox|Protect\n|move|p1a: Floette|Draining Kiss|p2b: Sneasler\n|-enditem|p2b: Sneasler|Focus Sash\n|-damage|p2b: Sneasler|1/100\n|-heal|p1a: Floette|71/100|[from] drain|[of] p2b: Sneasler\n|move|p2b: Sneasler|Poison Jab|p1a: Floette\n|-supereffective|p1a: Floette|1\n|-damage|p1a: Floette|0 fnt\n|faint|p1a: Floette\n|move|p1b: Zoroark|Hyper Voice|p2b: Sneasler|[spread] p2b\n|-activate|p2a: Delphox|move: Protect\n|-damage|p2b: Sneasler|0 fnt\n|faint|p2b: Sneasler\n|\n|upkeep\n|\n|t:|1788381271\n|switch|p2b: Incineroar|Incineroar, L50, M|100/100\n|switch|p1a: Kingambit|Kingambit, L50, M|100/100\n|-ability|p2b: Incineroar|Intimidate|boost\n|-unboost|p1a: Kingambit|atk|1\n|-ability|p1a: Kingambit|Defiant|boost\n|-boost|p1a: Kingambit|atk|2\n|-unboost|p1b: Zoroark|atk|1\n|turn|7\n|\n|t:|1788381285\n|move|p1b: Zoroark|Protect|p1b: Zoroark\n|-singleturn|p1b: Zoroark|Protect\n|move|p1a: Kingambit|Protect|p1a: Kingambit\n|-singleturn|p1a: Kingambit|Protect\n|move|p2b: Incineroar|Fake Out|p1a: Kingambit\n|-activate|p1a: Kingambit|move: Protect\n|move|p2a: Delphox|Heat Wave|p1b: Zoroark|[spread] \n|-activate|p1a: Kingambit|move: Protect\n|-activate|p1b: Zoroark|move: Protect\n|\n|upkeep\n|turn|8\n|\n|t:|1788381302\n|move|p2a: Delphox|Protect|p2a: Delphox\n|-singleturn|p2a: Delphox|Protect\n|move|p1a: Kingambit|Sucker Punch||[still]\n|-fail|p1a: Kingambit\n|move|p1b: Zoroark|Bitter Malice|p2b: Incineroar\n|-resisted|p2b: Incineroar|1\n|-damage|p2b: Incineroar|84/100\n|-unboost|p2b: Incineroar|atk|1\n|move|p2b: Incineroar|Darkest Lariat|p1b: Zoroark\n|-supereffective|p1b: Zoroark|1\n|-damage|p1b: Zoroark|0 fnt\n|faint|p1b: Zoroark\n|\n|upkeep\n|\n|t:|1788381314\n|switch|p1b: Espathra|Espathra, L50, M|72/100\n|turn|9\n|\n|t:|1788381335\n|move|p1b: Espathra|Protect|p1b: Espathra\n|-singleturn|p1b: Espathra|Protect\n|move|p1a: Kingambit|Sucker Punch||[still]\n|-fail|p1a: Kingambit\n|move|p2a: Delphox|Nasty Plot|p2a: Delphox\n|-boost|p2a: Delphox|spa|2\n|move|p2b: Incineroar|Darkest Lariat|p1b: Espathra\n|-activate|p1b: Espathra|move: Protect\n|\n|-ability|p1b: Espathra|Speed Boost|boost\n|-boost|p1b: Espathra|spe|1\n|upkeep\n|turn|10\n|\n|t:|1788381355\n|move|p2a: Delphox|Protect|p2a: Delphox\n|-singleturn|p2a: Delphox|Protect\n|move|p1b: Espathra|Lumina Crash|p2b: Incineroar\n|-immune|p2b: Incineroar\n|move|p2b: Incineroar|Flare Blitz|p1a: Kingambit\n|-supereffective|p1a: Kingambit|1\n|-damage|p1a: Kingambit|55/100\n|-damage|p2b: Incineroar|69/100|[from] Recoil\n|move|p1a: Kingambit|Kowtow Cleave|p2a: Delphox\n|-activate|p2a: Delphox|move: Protect\n|\n|-ability|p1b: Espathra|Speed Boost|boost\n|-boost|p1b: Espathra|spe|1\n|upkeep\n|turn|11\n|\n|t:|1788381372\n|move|p1a: Kingambit|Sucker Punch|p2a: Delphox\n|-supereffective|p2a: Delphox|1\n|-damage|p2a: Delphox|0 fnt\n|faint|p2a: Delphox\n|-damage|p1a: Kingambit|45/100|[from] item: Life Orb\n|move|p1b: Espathra|Lumina Crash|p2b: Incineroar\n|-immune|p2b: Incineroar\n|move|p2b: Incineroar|Flare Blitz|p1a: Kingambit\n|-supereffective|p1a: Kingambit|1\n|-damage|p1a: Kingambit|4/100\n|-damage|p2b: Incineroar|55/100|[from] Recoil\n|\n|-ability|p1b: Espathra|Speed Boost|boost\n|-boost|p1b: Espathra|spe|1\n|upkeep\n|turn|12\n|\n|t:|1788381405\n|move|p1a: Kingambit|Sucker Punch|p2b: Incineroar\n|-resisted|p2b: Incineroar|1\n|-damage|p2b: Incineroar|20/100y\n|-enditem|p2b: Incineroar|Sitrus Berry|[eat]\n|-heal|p2b: Incineroar|45/100|[from] item: Sitrus Berry\n|-damage|p1a: Kingambit|0 fnt|[from] item: Life Orb\n|faint|p1a: Kingambit\n|move|p1b: Espathra|Lumina Crash|p2b: Incineroar\n|-immune|p2b: Incineroar\n|move|p2b: Incineroar|Darkest Lariat|p1b: Espathra\n|-supereffective|p1b: Espathra|1\n|-damage|p1b: Espathra|31/100\n|\n|-ability|p1b: Espathra|Speed Boost|boost\n|-boost|p1b: Espathra|spe|1\n|upkeep\n|turn|13\n|c|☆Zapdos79|gg\n|-message|Zapdos79 forfeited.\n|\n|win|deglii\n|raw|Zapdos79's rating: 1255 &rarr; <strong>1234</strong><br />(-21 for losing)\n|raw|deglii's rating: 1309 &rarr; <strong>1326</strong><br />(+17 for winning)\n|l|☆Zapdos79\n|player|p1|\n|c|☆deglii|gg\n|l|☆deglii\n|player|p2|\n|j|☆Zapdos79\n|player|p1|Zapdos79|flannery|\n","uploadtime":1788381440,"views":"2","formatid":"gen9championsvgc2026regmb","rating":1234,"private":0,"password":null}