{"id":"gen9championsvgc2026regmb-2673877960","format":"[Gen 9 Champions] VGC 2026 Reg M-B","players":["Thunderzz","Thornlace48812"],"log":"|j|☆Thunderzz\n|j|☆Thornlace48812\n|t:|1788272072\n|gametype|doubles\n|player|p1|Thunderzz|2|1180\n|player|p2|Thornlace48812|102|1108\n|gen|9\n|tier|[Gen 9 Champions] VGC 2026 Reg M-B\n|rated|\n|rule|Species Clause: Limit one of each Pokémon\n|rule|Item Clause: Limit 1 of each item\n|clearpoke\n|poke|p1|Torkoal, L50, M|\n|poke|p1|Camerupt, L50, F|\n|poke|p1|Farigiraf, L50, F|\n|poke|p1|Archaludon, L50, F|\n|poke|p1|Scovillain, L50, F|\n|poke|p1|Conkeldurr, L50, F|\n|poke|p2|Garchomp, L50, F|\n|poke|p2|Charizard, L50, M|\n|poke|p2|Whimsicott, L50, F|\n|poke|p2|Sylveon, L50, F|\n|poke|p2|Kingambit, L50, F|\n|poke|p2|Basculegion, L50, M|\n|teampreview|4\n|inactive|Battle timer is ON: inactive players will automatically lose when time's up. (requested by Thornlace48812)\nThornlace48812 rejected open team sheets.\n|\n|t:|1788272083\n|teamsize|p1|4\n|teamsize|p2|4\n|start\n|switch|p1a: Conkeldurr|Conkeldurr, L50, F|100/100\n|switch|p1b: Farigiraf|Farigiraf, L50, F|100/100\n|switch|p2a: Sylveon|Sylveon, L50, F|100/100\n|switch|p2b: Charizard|Charizard, L50, M|100/100\n|turn|1\n|\n|t:|1788272088\n|detailschange|p2b: Charizard|Charizard-Mega-Y, L50, M\n|-mega|p2b: Charizard|Charizard|Charizardite Y\n|-weather|SunnyDay|[from] ability: Drought|[of] p2b: Charizard\n|move|p1a: Conkeldurr|Wide Guard|p1a: Conkeldurr\n|-singleturn|p1a: Conkeldurr|Wide Guard\n|move|p2b: Charizard|Heat Wave|p1b: Farigiraf|[spread] \n|-activate|p1a: Conkeldurr|move: Wide Guard\n|-activate|p1b: Farigiraf|move: Wide Guard\n|move|p2a: Sylveon|Hyper Voice|p1a: Conkeldurr|[spread] \n|-activate|p1a: Conkeldurr|move: Wide Guard\n|-activate|p1b: Farigiraf|move: Wide Guard\n|move|p1b: Farigiraf|Trick Room|p1b: Farigiraf\n|-fieldstart|move: Trick Room|[of] p1b: Farigiraf\n|\n|-weather|SunnyDay|[upkeep]\n|upkeep\n|turn|2\n|inactive|Thunderzz has 30 seconds left.\n|\n|t:|1788272120\n|move|p2b: Charizard|Protect|p2b: Charizard\n|-singleturn|p2b: Charizard|Protect\n|move|p1a: Conkeldurr|Rock Slide|p2b: Charizard|[spread] p2a\n|-activate|p2b: Charizard|move: Protect\n|-damage|p2a: Sylveon|59/100\n|move|p1b: Farigiraf|Psychic|p2b: Charizard\n|-activate|p2b: Charizard|move: Protect\n|move|p2a: Sylveon|Hyper Voice|p1a: Conkeldurr|[spread] p1a,p1b\n|-supereffective|p1a: Conkeldurr|1\n|-damage|p1a: Conkeldurr|0 fnt\n|-damage|p1b: Farigiraf|51/100\n|faint|p1a: Conkeldurr\n|\n|-weather|SunnyDay|[upkeep]\n|upkeep\n|\n|t:|1788272125\n|switch|p1a: Camerupt|Camerupt, L50, F|100/100\n|turn|3\n|\n|t:|1788272137\n|detailschange|p1a: Camerupt|Camerupt-Mega, L50, F\n|-mega|p1a: Camerupt|Camerupt|Cameruptite\n|move|p1a: Camerupt|Ancient Power|p2b: Charizard\n|-supereffective|p2b: Charizard|2\n|-damage|p2b: Charizard|0 fnt\n|faint|p2b: Charizard\n|move|p1b: Farigiraf|Psychic|p2a: Sylveon\n|-crit|p2a: Sylveon\n|-damage|p2a: Sylveon|17/100\n|move|p2a: Sylveon|Hyper Voice|p1a: Camerupt|[spread] p1a,p1b\n|-resisted|p1a: Camerupt|1\n|-damage|p1a: Camerupt|75/100\n|-damage|p1b: Farigiraf|0 fnt\n|faint|p1b: Farigiraf\n|\n|-weather|SunnyDay|[upkeep]\n|upkeep\n|\n|t:|1788272139\n|switch|p1b: Archaludon|Archaludon, L50, F|100/100\n|switch|p2b: Whimsicott|Whimsicott, L50, F|100/100\n|turn|4\n|\n|t:|1788272146\n|move|p2a: Sylveon|Detect|p2a: Sylveon\n|-singleturn|p2a: Sylveon|Protect\n|move|p2b: Whimsicott|Tailwind|p2b: Whimsicott\n|-sidestart|p2: Thornlace48812|move: Tailwind\n|move|p1a: Camerupt|Heat Wave|p2b: Whimsicott|[spread] p2b\n|-activate|p2a: Sylveon|move: Protect\n|-supereffective|p2b: Whimsicott|1\n|-enditem|p2b: Whimsicott|Focus Sash\n|-damage|p2b: Whimsicott|1/100\n|move|p1b: Archaludon|Flash Cannon|p2b: Whimsicott\n|-supereffective|p2b: Whimsicott|1\n|-damage|p2b: Whimsicott|0 fnt\n|faint|p2b: Whimsicott\n|\n|-weather|SunnyDay|[upkeep]\n|upkeep\n|\n|t:|1788272146\n|switch|p2b: Kingambit|Kingambit, L50, F|100/100\n|-activate|p2b: Kingambit|ability: Supreme Overlord\n|-start|p2b: Kingambit|fallen2|[silent]\n|turn|5\n|\n|t:|1788272152\n|move|p1a: Camerupt|Heat Wave|p2a: Sylveon|[spread] p2a,p2b\n|-supereffective|p2b: Kingambit|1\n|-damage|p2a: Sylveon|0 fnt\n|-damage|p2b: Kingambit|0 fnt\n|faint|p2a: Sylveon\n|faint|p2b: Kingambit\n|-end|p2b: Kingambit|fallen2|[silent]\n|\n|win|Thunderzz\n|raw|Thunderzz's rating: 1180 &rarr; <strong>1200</strong><br />(+20 for winning)\n|raw|Thornlace48812's rating: 1111 &rarr; <strong>1091</strong><br />(-20 for losing)\n","uploadtime":1788272152,"views":"0","formatid":"gen9championsvgc2026regmb","rating":1091,"private":0,"password":null}