{"id":"gen9championsvgc2026regmb-2674038246","format":"[Gen 9 Champions] VGC 2026 Reg M-B","players":["astrobagel1","TreyBayBay"],"log":"|j|☆astrobagel1\n|j|☆TreyBayBay\n|t:|1788291187\n|gametype|doubles\n|player|p1|astrobagel1|roxie|1234\n|player|p2|TreyBayBay|ninjaboy|1180\n|gen|9\n|tier|[Gen 9 Champions] VGC 2026 Reg M-B\n|rated|\n|rule|Species Clause: Limit one of each Pokémon\n|rule|Item Clause: Limit 1 of each item\n|clearpoke\n|poke|p1|Weavile, L50, M|\n|poke|p1|Glimmora, L50, F|\n|poke|p1|Palafin, L50, F|\n|poke|p1|Meowscarada, L50, M|\n|poke|p1|Delphox, L50, F|\n|poke|p1|Garchomp, L50, M|\n|poke|p2|Pyroar, L50, M|\n|poke|p2|Camerupt, L50, F, shiny|\n|poke|p2|Oranguru, L50, M|\n|poke|p2|Torkoal, L50, M|\n|poke|p2|Vileplume, L50, M|\n|poke|p2|Sableye, L50, F|\n|teampreview|4\n|inactive|Battle timer is ON: inactive players will automatically lose when time's up. (requested by astrobagel1)\n|inactive|astrobagel1 has 60 seconds left.\n|inactive|TreyBayBay has 60 seconds left.\n|\n|t:|1788291219\n|teamsize|p1|4\n|teamsize|p2|4\n|start\n|switch|p1a: Weavile|Weavile, L50, M|100/100\n|switch|p1b: Palafin|Palafin, L50, F|100/100\n|switch|p2a: Oranguru|Oranguru, L50, M|100/100\n|switch|p2b: Torkoal|Torkoal, L50, M|100/100\n|-weather|SunnyDay|[from] ability: Drought|[of] p2b: Torkoal\n|turn|1\n|\n|t:|1788291232\n|detailschange|p1b: Palafin|Palafin-Hero, L50, F\n|switch|p1b: Glimmora|Glimmora, L50, F|100/100\n|switch|p2b: Vileplume|Vileplume, L50, M|100/100\n|move|p2a: Oranguru|Protect|p2a: Oranguru\n|-singleturn|p2a: Oranguru|Protect\n|move|p1a: Weavile|Fake Out|p2a: Oranguru\n|-activate|p2a: Oranguru|move: Protect\n|\n|-weather|SunnyDay|[upkeep]\n|upkeep\n|turn|2\n|\n|t:|1788291255\n|detailschange|p1b: Glimmora|Glimmora-Mega, L50, F\n|-mega|p1b: Glimmora|Glimmora|Glimmoranite\n|move|p2b: Vileplume|Sludge Bomb|p1a: Weavile\n|-damage|p1a: Weavile|19/100\n|-damage|p2b: Vileplume|90/100|[from] item: Life Orb\n|move|p1a: Weavile|Icicle Crash|p2b: Vileplume|[miss]\n|-miss|p1a: Weavile|p2b: Vileplume\n|move|p1b: Glimmora|Power Gem|p2a: Oranguru\n|-crit|p2a: Oranguru\n|-damage|p2a: Oranguru|16/100\n|move|p2a: Oranguru|Psychic Noise|p1b: Glimmora\n|-supereffective|p1b: Glimmora|1\n|-damage|p1b: Glimmora|42/100\n|-start|p1b: Glimmora|move: Heal Block\n|\n|-weather|SunnyDay|[upkeep]\n|upkeep\n|turn|3\n|inactive|TreyBayBay has 30 seconds left.\n|\n|t:|1788291284\n|move|p2b: Vileplume|Giga Drain|p1b: Glimmora\n|-damage|p1b: Glimmora|0 fnt\n|-heal|p2b: Vileplume|100/100|[from] drain|[of] p1b: Glimmora\n|faint|p1b: Glimmora\n|-damage|p2b: Vileplume|90/100|[from] item: Life Orb\n|move|p1a: Weavile|Icicle Crash|p2b: Vileplume\n|-supereffective|p2b: Vileplume|1\n|-crit|p2b: Vileplume\n|-damage|p2b: Vileplume|0 fnt\n|faint|p2b: Vileplume\n|move|p2a: Oranguru|Trick Room|p2a: Oranguru\n|-fieldstart|move: Trick Room|[of] p2a: Oranguru\n|\n|-weather|SunnyDay|[upkeep]\n|upkeep\n|\n|t:|1788291297\n|switch|p2b: Torkoal|Torkoal, L50, M|100/100\n|switch|p1b: Palafin|Palafin-Hero, L50, F|100/100\n|-activate|p1b: Palafin|ability: Zero to Hero\n|turn|4\n|\n|t:|1788291310\n|switch|p1a: Garchomp|Garchomp, L50, M|100/100\n|move|p2b: Torkoal|Weather Ball|p1a: Garchomp\n|-resisted|p1a: Garchomp|1\n|-damage|p1a: Garchomp|58/100\n|move|p2a: Oranguru|Instruct|p2b: Torkoal\n|-singleturn|p2b: Torkoal|move: Instruct|[of] p2a: Oranguru\n|move|p2b: Torkoal|Weather Ball|p1a: Garchomp\n|-resisted|p1a: Garchomp|1\n|-damage|p1a: Garchomp|12/100\n|move|p1b: Palafin|Wave Crash|p2b: Torkoal\n|-supereffective|p2b: Torkoal|1\n|-damage|p2b: Torkoal|32/100\n|-damage|p1b: Palafin|77/100|[from] Recoil\n|\n|-weather|SunnyDay|[upkeep]\n|upkeep\n|turn|5\n|\n|t:|1788291333\n|move|p2b: Torkoal|Weather Ball|p1a: Garchomp\n|-resisted|p1a: Garchomp|1\n|-damage|p1a: Garchomp|0 fnt\n|faint|p1a: Garchomp\n|move|p2a: Oranguru|Instruct|p2b: Torkoal\n|-singleturn|p2b: Torkoal|move: Instruct|[of] p2a: Oranguru\n|move|p2b: Torkoal|Weather Ball|p1b: Palafin\n|-resisted|p1b: Palafin|1\n|-damage|p1b: Palafin|35/100\n|move|p1b: Palafin|Wave Crash|p2a: Oranguru\n|-crit|p2a: Oranguru\n|-damage|p2a: Oranguru|0 fnt\n|faint|p2a: Oranguru\n|-damage|p1b: Palafin|28/100|[from] Recoil\n|\n|-weather|none\n|upkeep\n|\n|t:|1788291348\n|switch|p2a: Camerupt|Camerupt, L50, F, shiny|100/100\n|switch|p1a: Weavile|Weavile, L50, M|19/100\n|turn|6\n|\n|t:|1788291368\n|detailschange|p2a: Camerupt|Camerupt-Mega, L50, F, shiny\n|-mega|p2a: Camerupt|Camerupt|Cameruptite\n|move|p1a: Weavile|Fake Out|p2a: Camerupt\n|-crit|p2a: Camerupt\n|-damage|p2a: Camerupt|78/100\n|cant|p2a: Camerupt|flinch\n|move|p2b: Torkoal|Eruption|p1a: Weavile|[spread] p1a,p1b\n|-supereffective|p1a: Weavile|1\n|-resisted|p1b: Palafin|1\n|-damage|p1a: Weavile|0 fnt\n|-damage|p1b: Palafin|18/100\n|faint|p1a: Weavile\n|move|p1b: Palafin|Wave Crash|p2b: Torkoal\n|-supereffective|p2b: Torkoal|1\n|-damage|p2b: Torkoal|0 fnt\n|faint|p2b: Torkoal\n|-damage|p1b: Palafin|7/100|[from] Recoil\n|\n|upkeep\n|turn|7\n|\n|t:|1788291385\n|move|p1b: Palafin|Protect|p1b: Palafin\n|-singleturn|p1b: Palafin|Protect\n|move|p2a: Camerupt|Earth Power|p1b: Palafin\n|-activate|p1b: Palafin|move: Protect\n|\n|-fieldend|move: Trick Room\n|upkeep\n|turn|8\n|\n|t:|1788291392\n|move|p1b: Palafin|Wave Crash|p2a: Camerupt\n|-supereffective|p2a: Camerupt|2\n|-damage|p2a: Camerupt|0 fnt\n|faint|p2a: Camerupt\n|-damage|p1b: Palafin|0 fnt|[from] Recoil\n|faint|p1b: Palafin\n|\n|win|astrobagel1\n|raw|astrobagel1's rating: 1234 &rarr; <strong>1255</strong><br />(+21 for winning)\n|raw|TreyBayBay's rating: 1180 &rarr; <strong>1159</strong><br />(-21 for losing)\n|l|☆TreyBayBay\n|player|p2|\n|c|☆astrobagel1|gg\n","uploadtime":1788291402,"views":"1","formatid":"gen9championsvgc2026regmb","rating":1159,"private":0,"password":null}