{"id":"gen9championsvgc2026regmbbo3-2674235753","format":"[Gen 9 Champions] VGC 2026 Reg M-B (Bo3)","players":["shibikanon","abhinav_vgc"],"log":"|j|☆shibikanon\n|j|☆abhinav_vgc\n|html|<table width=\"100%\"><tr><td align=\"left\">shibikanon</td><td align=\"right\">abhinav_vgc</tr><tr><td align=\"left\"><i class=\"fa fa-circle-o\"></i> <i class=\"fa fa-circle-o\"></i> </td><td align=\"right\"><i class=\"fa fa-circle-o\"></i> <i class=\"fa fa-circle-o\"></i> </tr></table>\n|uhtml|bestof|<h2><strong>Game 1</strong> of <a href=\"/game-bestof3-gen9championsvgc2026regmbbo3-2674235752\">a best-of-3</a></h2>\n|t:|1788320416\n|gametype|doubles\n|player|p1|shibikanon|skyla-masters3|1372\n|player|p2|abhinav_vgc|1|1255\n|gen|9\n|tier|[Gen 9 Champions] VGC 2026 Reg M-B (Bo3)\n|rated|\n|rule|Species Clause: Limit one of each Pokémon\n|rule|Item Clause: Limit 1 of each item\n|clearpoke\n|poke|p1|Charizard, L50, F, shiny|\n|poke|p1|Venusaur, L50, F|\n|poke|p1|Incineroar, L50, F|\n|poke|p1|Farigiraf, L50, F|\n|poke|p1|Sylveon, L50, F|\n|poke|p1|Rhyperior, L50, F|\n|poke|p2|Gengar, L50, M|\n|poke|p2|Incineroar, L50, M|\n|poke|p2|Staraptor, L50, M|\n|poke|p2|Kingambit, L50, M|\n|poke|p2|Whimsicott, L50, F|\n|poke|p2|Arcanine-Hisui, L50, M|\n|teampreview|4\n|showteam|p1|Charizard||CharizarditeY|Blaze|HeatWave,WeatherBall,AncientPower,Protect|Modest||F|||50|]Venusaur||FocusSash|Chlorophyll|SludgeBomb,LeafStorm,SleepPowder,Protect|Modest||F|||50|]Incineroar||PasshoBerry|Intimidate|FlareBlitz,DarkestLariat,PartingShot,FakeOut|Adamant||F|||50|]Farigiraf||SitrusBerry|ArmorTail|Psychic,Thunderbolt,TrickRoom,Protect|Quiet||F|||50|]Sylveon||FairyFeather|Pixilate|HyperVoice,Yawn,QuickAttack,Detect|Modest||F|||50|]Rhyperior||LifeOrb|SolidRock|HighHorsepower,RockSlide,IcePunch,Protect|Brave||F|||50|\n|showteam|p2|Gengar||Gengarite|CursedBody|ShadowBall,PerishSong,Disable,Protect|Timid||M|||50|]Incineroar||SitrusBerry|Intimidate|FakeOut,FlareBlitz,PartingShot,Protect|Careful||M|||50|]Staraptor||Staraptite|Intimidate|CloseCombat,BraveBird,Roost,Protect|Adamant||M|||50|]Kingambit||BlackGlasses|Defiant|KowtowCleave,SuckerPunch,IronHead,Protect|Adamant||M|||50|]Whimsicott||OccaBerry|Prankster|Tailwind,Moonblast,Charm,Encore|Calm||F|||50|]Arcanine-Hisui||FocusSash|RockHead|FlareBlitz,RockSlide,ExtremeSpeed,Protect|Jolly||M|||50|\n|inactive|Battle timer is ON: inactive players will automatically lose when time's up. (requested by shibikanon)\n|inactive|abhinav_vgc has 60 seconds left.\n|\n|t:|1788320471\n|teamsize|p1|4\n|teamsize|p2|4\n|start\n|switch|p1a: Farigiraf|Farigiraf, L50, F|100/100\n|switch|p1b: Incineroar|Incineroar, L50, F|100/100\n|switch|p2a: Staraptor|Staraptor, L50, M|100/100\n|switch|p2b: Whimsicott|Whimsicott, L50, F|100/100\n|-ability|p2a: Staraptor|Intimidate|boost\n|-unboost|p1a: Farigiraf|atk|1\n|-unboost|p1b: Incineroar|atk|1\n|-ability|p1b: Incineroar|Intimidate|boost\n|-unboost|p2a: Staraptor|atk|1\n|-unboost|p2b: Whimsicott|atk|1\n|turn|1\n|inactive|abhinav_vgc has 30 seconds left.\n|\n|t:|1788320501\n|detailschange|p2a: Staraptor|Staraptor-Mega, L50, M\n|-mega|p2a: Staraptor|Staraptor|Staraptite\n|move|p1b: Incineroar|Fake Out|p2a: Staraptor\n|-damage|p2a: Staraptor|92/100\n|move|p2b: Whimsicott|Charm|p2a: Staraptor\n|-boost|p2a: Staraptor|atk|2\n|cant|p2a: Staraptor|flinch\n|move|p1a: Farigiraf|Trick Room|p1a: Farigiraf\n|-fieldstart|move: Trick Room|[of] p1a: Farigiraf\n|\n|upkeep\n|turn|2\n|\n|t:|1788320512\n|switch|p2b: Incineroar|Incineroar, L50, M|100/100\n|-ability|p2b: Incineroar|Intimidate|boost\n|-unboost|p1a: Farigiraf|atk|1\n|-unboost|p1b: Incineroar|atk|1\n|move|p2a: Staraptor|Protect|p2a: Staraptor\n|-singleturn|p2a: Staraptor|Protect\n|move|p1a: Farigiraf|Psychic|p2a: Staraptor\n|-activate|p2a: Staraptor|move: Protect\n|move|p1b: Incineroar|Flare Blitz|p2a: Staraptor\n|-activate|p2a: Staraptor|move: Protect\n|\n|upkeep\n|turn|3\n|inactive|abhinav_vgc has 30 seconds left.\n|\n|t:|1788320546\n|switch|p2a: Arcanine|Arcanine-Hisui, L50, M|100/100\n|move|p1a: Farigiraf|Psychic|p2a: Arcanine\n|-damage|p2a: Arcanine|49/100\n|move|p1b: Incineroar|Flare Blitz|p2a: Arcanine\n|-resisted|p2a: Arcanine|2\n|-damage|p2a: Arcanine|39/100\n|-damage|p1b: Incineroar|97/100|[from] Recoil\n|move|p2b: Incineroar|Parting Shot|p1a: Farigiraf\n|-unboost|p1a: Farigiraf|atk|1\n|-unboost|p1a: Farigiraf|spa|1\n|\n|t:|1788320568\n|switch|p2b: Staraptor|Staraptor-Mega, L50, M|92/100|[from] Parting Shot\n|\n|upkeep\n|turn|4\n|\n|t:|1788320584\n|switch|p2a: Incineroar|Incineroar, L50, M|100/100\n|-ability|p2a: Incineroar|Intimidate|boost\n|-unboost|p1a: Farigiraf|atk|1\n|-unboost|p1b: Incineroar|atk|1\n|move|p1a: Farigiraf|Psychic|p2b: Staraptor\n|-supereffective|p2b: Staraptor|1\n|-damage|p2b: Staraptor|50/100g\n|move|p1b: Incineroar|Parting Shot|p2a: Incineroar\n|-unboost|p2a: Incineroar|atk|1\n|-unboost|p2a: Incineroar|spa|1\n|\n|t:|1788320589\n|switch|p1b: Rhyperior|Rhyperior, L50, F|100/100|[from] Parting Shot\n|move|p2b: Staraptor|Close Combat|p1b: Rhyperior\n|-supereffective|p1b: Rhyperior|1\n|-damage|p1b: Rhyperior|30/100\n|-boost|p2b: Staraptor|def|1\n|-boost|p2b: Staraptor|spd|1\n|\n|upkeep\n|turn|5\n|\n|t:|1788320610\n|switch|p1a: Incineroar|Incineroar, L50, F|97/100\n|-ability|p1a: Incineroar|Intimidate|boost\n|-unboost|p2a: Incineroar|atk|1\n|-boost|p2b: Staraptor|atk|1\n|move|p1b: Rhyperior|High Horsepower|p2a: Incineroar\n|-supereffective|p2a: Incineroar|1\n|-damage|p2a: Incineroar|0 fnt\n|faint|p2a: Incineroar\n|-damage|p1b: Rhyperior|20/100y|[from] item: Life Orb\n|move|p2b: Staraptor|Roost|p2b: Staraptor\n|-heal|p2b: Staraptor|100/100\n|-singleturn|p2b: Staraptor|move: Roost\n|\n|-fieldend|move: Trick Room\n|upkeep\n|\n|t:|1788320627\n|switch|p2a: Arcanine|Arcanine-Hisui, L50, M|39/100\n|turn|6\n|\n|t:|1788320644\n|switch|p2a: Whimsicott|Whimsicott, L50, F|100/100\n|move|p1a: Incineroar|Fake Out|p2b: Staraptor\n|-damage|p2b: Staraptor|92/100\n|cant|p2b: Staraptor|flinch\n|move|p1b: Rhyperior|Rock Slide|p2a: Whimsicott|[spread] p2b\n|-miss|p1b: Rhyperior|p2a: Whimsicott\n|-damage|p2b: Staraptor|67/100\n|-damage|p1b: Rhyperior|10/100|[from] item: Life Orb\n|\n|upkeep\n|turn|7\n|\n|t:|1788320666\n|switch|p1a: Farigiraf|Farigiraf, L50, F|100/100\n|move|p2a: Whimsicott|Moonblast|p1b: Rhyperior\n|-damage|p1b: Rhyperior|0 fnt\n|faint|p1b: Rhyperior\n|move|p2b: Staraptor|Close Combat|p1a: Farigiraf\n|-damage|p1a: Farigiraf|9/100\n|-boost|p2b: Staraptor|def|1\n|-boost|p2b: Staraptor|spd|1\n|-enditem|p1a: Farigiraf|Sitrus Berry|[eat]\n|-heal|p1a: Farigiraf|34/100|[from] item: Sitrus Berry\n|\n|upkeep\n|\n|t:|1788320673\n|switch|p1b: Incineroar|Incineroar, L50, F|97/100\n|-ability|p1b: Incineroar|Intimidate|boost\n|-unboost|p2a: Whimsicott|atk|1\n|-boost|p2b: Staraptor|atk|1\n|turn|8\n|\n|t:|1788320688\n|move|p1b: Incineroar|Fake Out|p2b: Staraptor\n|-damage|p2b: Staraptor|61/100\n|move|p2a: Whimsicott|Moonblast|p1a: Farigiraf\n|-damage|p1a: Farigiraf|9/100\n|cant|p2b: Staraptor|flinch\n|move|p1a: Farigiraf|Trick Room|p1a: Farigiraf\n|-fieldstart|move: Trick Room|[of] p1a: Farigiraf\n|\n|upkeep\n|turn|9\n|\n|t:|1788320700\n|move|p2b: Staraptor|Protect|p2b: Staraptor\n|-singleturn|p2b: Staraptor|Protect\n|move|p1a: Farigiraf|Psychic|p2a: Whimsicott\n|-damage|p2a: Whimsicott|56/100\n|move|p1b: Incineroar|Flare Blitz|p2a: Whimsicott\n|-supereffective|p2a: Whimsicott|1\n|-enditem|p2a: Whimsicott|Occa Berry|[eat]\n|-enditem|p2a: Whimsicott|Occa Berry|[weaken]\n|-damage|p2a: Whimsicott|0 fnt\n|faint|p2a: Whimsicott\n|-damage|p1b: Incineroar|82/100|[from] Recoil\n|\n|upkeep\n|\n|t:|1788320709\n|switch|p2a: Arcanine|Arcanine-Hisui, L50, M|39/100\n|turn|10\n|\n|t:|1788320714\n|move|p2a: Arcanine|Protect|p2a: Arcanine\n|-singleturn|p2a: Arcanine|Protect\n|move|p1a: Farigiraf|Psychic|p2b: Staraptor\n|-supereffective|p2b: Staraptor|1\n|-damage|p2b: Staraptor|29/100\n|move|p1b: Incineroar|Flare Blitz|p2b: Staraptor\n|-damage|p2b: Staraptor|3/100\n|-damage|p1b: Incineroar|74/100|[from] Recoil\n|move|p2b: Staraptor|Roost|p2b: Staraptor\n|-heal|p2b: Staraptor|53/100\n|-singleturn|p2b: Staraptor|move: Roost\n|\n|upkeep\n|turn|11\n|\n|t:|1788320729\n|move|p2b: Staraptor|Protect|p2b: Staraptor\n|-singleturn|p2b: Staraptor|Protect\n|move|p1a: Farigiraf|Psychic|p2b: Staraptor\n|-activate|p2b: Staraptor|move: Protect\n|move|p1b: Incineroar|Darkest Lariat|p2a: Arcanine\n|-damage|p2a: Arcanine|0 fnt\n|faint|p2a: Arcanine\n|\n|upkeep\n|turn|12\n|\n|t:|1788320740\n|move|p1a: Farigiraf|Psychic|p2b: Staraptor\n|-supereffective|p2b: Staraptor|1\n|-damage|p2b: Staraptor|21/100\n|move|p1b: Incineroar|Flare Blitz|p2b: Staraptor\n|-damage|p2b: Staraptor|0 fnt\n|faint|p2b: Staraptor\n|-damage|p1b: Incineroar|67/100|[from] Recoil\n|\n|win|shibikanon\n","uploadtime":1788320740,"views":"4","formatid":"gen9championsvgc2026regmbbo3","rating":null,"private":0,"password":null}