{"id":"gen9championsvgc2026regmb-2673973395","format":"[Gen 9 Champions] VGC 2026 Reg M-B","players":["boise blastoise","lokithered"],"log":"|j|☆boise blastoise\n|j|☆lokithered\n|html|<table width=\"100%\"><tr><td align=\"left\">boise blastoise</td><td align=\"right\">lokithered</tr><tr><td align=\"left\"><i class=\"fa fa-circle-o\"></i> <i class=\"fa fa-circle-o\"></i> </td><td align=\"right\"><i class=\"fa fa-circle-o\"></i> <i class=\"fa fa-circle\"></i> </tr></table>\n|uhtml|bestof|<h2><strong>Game 2</strong> of <a href=\"/game-bestof3-gen9championsvgc2026regmb-2673971492\">a best-of-3</a></h2>\n|t:|1788283571\n|gametype|doubles\n|player|p1|boise blastoise|hoopster|\n|player|p2|lokithered|2|\n|gen|9\n|tier|[Gen 9 Champions] VGC 2026 Reg M-B\n|rule|Species Clause: Limit one of each Pokémon\n|rule|Item Clause: Limit 1 of each item\n|raw|<div class=\"infobox\"><details class=\"readmore\" open><summary><strong>1 custom rule:</strong></summary> Best of = 3</details></div>\n|clearpoke\n|poke|p1|Sneasler, L50, F|\n|poke|p1|Torkoal, L50, F|\n|poke|p1|Venusaur, L50, F|\n|poke|p1|Golurk, L50|\n|poke|p1|Farigiraf, L50, M|\n|poke|p1|Kingambit, L50, F|\n|poke|p2|Dragonite, L50, M|\n|poke|p2|Charizard, L50, M|\n|poke|p2|Grimmsnarl, L50, M|\n|poke|p2|Zoroark-Hisui, L50, F|\n|poke|p2|Venusaur, L50, M|\n|poke|p2|Floette-Eternal, L50, F|\n|teampreview|4\n|\n|t:|1788283613\n|teamsize|p1|4\n|teamsize|p2|4\n|start\n|switch|p1a: Sneasler|Sneasler, L50, F|100/100\n|switch|p1b: Farigiraf|Farigiraf, L50, M|100/100\n|switch|p2a: Floette|Floette-Eternal, L50, F|100/100\n|switch|p2b: Dragonite|Dragonite, L50, M|100/100\n|turn|1\n|j| PreMaturely\n|\n|t:|1788283884\n|move|p2a: Floette|Moonblast|p1b: Farigiraf\n|-damage|p1b: Farigiraf|59/100\n|move|p1a: Sneasler|Rock Slide|p2b: Dragonite|[spread] p2a,p2b\n|-damage|p2a: Floette|68/100\n|-damage|p2b: Dragonite|62/100\n|replace|p2b: Zoroark|Zoroark-Hisui, L50, F\n|-end|p2b: Zoroark|Illusion\n|move|p2b: Zoroark|Will-O-Wisp|p1a: Sneasler\n|-status|p1a: Sneasler|brn\n|move|p1b: Farigiraf|Trick Room|p1b: Farigiraf\n|-fieldstart|move: Trick Room|[of] p1b: Farigiraf\n|\n|-damage|p1a: Sneasler|93/100 brn|[from] brn\n|upkeep\n|turn|2\n|\n|t:|1788283963\n|switch|p1b: Kingambit|Kingambit, L50, F|100/100\n|move|p2b: Zoroark|Protect|p2b: Zoroark\n|-singleturn|p2b: Zoroark|Protect\n|move|p1a: Sneasler|Dire Claw|p2a: Floette\n|-supereffective|p2a: Floette|1\n|-damage|p2a: Floette|9/100\n|-status|p2a: Floette|slp\n|cant|p2a: Floette|slp\n|\n|-damage|p1a: Sneasler|87/100 brn|[from] brn\n|upkeep\n|turn|3\n|\n|t:|1788283995\n|switch|p2b: Dragonite|Dragonite, L50, M|100/100\n|switch|p1a: Golurk|Golurk, L50|100/100\n|move|p1b: Kingambit|Iron Head|p2b: Dragonite\n|-damage|p2b: Dragonite|57/100\n|-curestatus|p2a: Floette|slp|[msg]\n|move|p2a: Floette|Moonblast|p1a: Golurk\n|-damage|p1a: Golurk|46/100\n|\n|upkeep\n|turn|4\n|\n|t:|1788284025\n|switch|p2a: Floette|Floette-Eternal, L50, F|62/100\n|move|p2b: Dragonite|Protect|p2b: Dragonite\n|-singleturn|p2b: Dragonite|Protect\n|move|p1a: Golurk|Rock Slide|p2b: Dragonite|[spread] p2a\n|-activate|p2b: Dragonite|move: Protect\n|-damage|p2a: Floette|23/100\n|replace|p2a: Zoroark|Zoroark-Hisui, L50, F\n|-end|p2a: Zoroark|Illusion\n|move|p1b: Kingambit|Iron Head|p2a: Zoroark\n|-damage|p2a: Zoroark|0 fnt\n|faint|p2a: Zoroark\n|\n|upkeep\n|\n|t:|1788284037\n|switch|p2a: Charizard|Charizard, L50, M|100/100\n|turn|5\n|\n|t:|1788284061\n|switch|p1b: Sneasler|Sneasler, L50, F|87/100 brn\n|move|p2a: Charizard|Protect|p2a: Charizard\n|-singleturn|p2a: Charizard|Protect\n|move|p1a: Golurk|Ice Punch|p2b: Dragonite\n|-supereffective|p2b: Dragonite|2\n|-crit|p2b: Dragonite\n|-damage|p2b: Dragonite|0 fnt\n|faint|p2b: Dragonite\n|\n|-damage|p1b: Sneasler|81/100 brn|[from] brn\n|-fieldend|move: Trick Room\n|upkeep\n|\n|t:|1788284069\n|switch|p2b: Floette|Floette-Eternal, L50, F|9/100\n|turn|6\n|\n|t:|1788284215\n|detailschange|p2a: Charizard|Charizard-Mega-Y, L50, M\n|-mega|p2a: Charizard|Charizard|Charizardite Y\n|-weather|SunnyDay|[from] ability: Drought|[of] p2a: Charizard\n|move|p1b: Sneasler|Fake Out|p2a: Charizard\n|-damage|p2a: Charizard|94/100\n|move|p2b: Floette|Psychic|p1b: Sneasler\n|-supereffective|p1b: Sneasler|2\n|-damage|p1b: Sneasler|0 fnt\n|faint|p1b: Sneasler\n|cant|p2a: Charizard|flinch\n|move|p1a: Golurk|Rock Slide|p2a: Charizard|[spread] p2a,p2b\n|-supereffective|p2a: Charizard|2\n|-damage|p2a: Charizard|30/100\n|-damage|p2b: Floette|0 fnt\n|faint|p2b: Floette\n|\n|-weather|SunnyDay|[upkeep]\n|upkeep\n|\n|t:|1788284232\n|switch|p1b: Kingambit|Kingambit, L50, F|100/100\n|turn|7\n|\n|t:|1788284260\n|move|p1b: Kingambit|Sucker Punch|p2a: Charizard\n|-damage|p2a: Charizard|0 fnt\n|faint|p2a: Charizard\n|\n|win|boise blastoise\n||lokithered is ready for game 3.\n|inactive|boise blastoise has 30 seconds to confirm battle start!\n|inactive|boise blastoise has 20 seconds to confirm battle start!\n|inactive|boise blastoise has 10 seconds to confirm battle start!\n|uhtml|next|Next: <a href=\"/battle-gen9championsvgc2026regmb-2673979612\"><strong>Game 3 of 3</strong></a>\n|j| chicco_the_best\n|l| PreMaturely\n|l| chicco_the_best\n|j| chicco_the_best\n|l| chicco_the_best\n","uploadtime":1788285146,"views":"11","formatid":"gen9championsvgc2026regmb","rating":null,"private":0,"password":null}