{"id":"gen9championsvgc2026regmbbo3-2673963626","format":"[Gen 9 Champions] VGC 2026 Reg M-B (Bo3)","players":["ChrisJHall","shinyweavile97"],"log":"|j|☆ChrisJHall\n|j|☆shinyweavile97\n|html|<table width=\"100%\"><tr><td align=\"left\">ChrisJHall</td><td align=\"right\">shinyweavile97</tr><tr><td align=\"left\"><i class=\"fa fa-circle-o\"></i> <i class=\"fa fa-circle-o\"></i> </td><td align=\"right\"><i class=\"fa fa-circle-o\"></i> <i class=\"fa fa-circle-o\"></i> </tr></table>\n|uhtml|bestof|<h2><strong>Game 1</strong> of <a href=\"/game-bestof3-gen9championsvgc2026regmbbo3-2673963625\">a best-of-3</a></h2>\n|t:|1788282426\n|gametype|doubles\n|player|p1|ChrisJHall|170|1360\n|player|p2|shinyweavile97|1|1277\n|gen|9\n|tier|[Gen 9 Champions] VGC 2026 Reg M-B (Bo3)\n|rated|\n|rule|Species Clause: Limit one of each Pokémon\n|rule|Item Clause: Limit 1 of each item\n|clearpoke\n|poke|p1|Froslass, L50, F|\n|poke|p1|Scovillain, L50, M|\n|poke|p1|Kingambit, L50, M|\n|poke|p1|Basculegion, L50, M|\n|poke|p1|Lycanroc-Dusk, L50, F|\n|poke|p1|Sneasler, L50, F|\n|poke|p2|Blaziken, L50, M|\n|poke|p2|Dragapult, L50, F|\n|poke|p2|Kingambit, L50, F|\n|poke|p2|Sinistcha, L50|\n|poke|p2|Torkoal, L50, M|\n|poke|p2|Toxapex, L50, M|\n|teampreview|4\n|showteam|p1|Froslass||Froslassite|SnowCloak|Blizzard,AuroraVeil,ShadowBall,Protect|Timid||F|||50|]Scovillain||Scovillainite|Moody|Protect,RagePowder,Overheat,GigaDrain|Bold||M|||50|]Kingambit||BlackGlasses|Defiant|SwordsDance,SuckerPunch,KowtowCleave,Protect|Adamant||M|||50|]Basculegion||LifeOrb|Adaptability|WaveCrash,LastRespects,AquaJet,Protect|Adamant||M|||50|]Lycanroc-Dusk||FocusSash|ToughClaws|Accelerock,CloseCombat,RockSlide,Protect|Adamant||F|||50|]Sneasler||WhiteHerb|Unburden|CloseCombat,DireClaw,FakeOut,Protect|Jolly||F|||50|\n|showteam|p2|Blaziken||Blazikenite|SpeedBoost|FlareBlitz,CloseCombat,Coaching,Protect|Jolly||M|||50|]Dragapult||FocusSash|ClearBody|DragonDarts,PhantomForce,Uturn,Protect|Jolly||F|||50|]Kingambit||BlackGlasses|Defiant|KowtowCleave,SuckerPunch,SwordsDance,Protect|Adamant||F|||50|]Sinistcha||SitrusBerry|Hospitality|MatchaGotcha,RagePowder,TrickRoom,Protect|Bold|||||50|]Torkoal||Charcoal|Drought|Eruption,WeatherBall,EarthPower,Protect|Quiet||M|||50|]Toxapex||Leftovers|Regenerator|Infestation,Toxic,BanefulBunker,WideGuard|Bold||M|||50|\n|inactive|Battle timer is ON: inactive players will automatically lose when time's up. (requested by shinyweavile97)\n|inactive|ChrisJHall has 60 seconds left.\n|inactive|shinyweavile97 has 60 seconds left.\n|\n|t:|1788282488\n|teamsize|p1|4\n|teamsize|p2|4\n|start\n|switch|p1a: Kingambit|Kingambit, L50, M|100/100\n|switch|p1b: Lycanroc|Lycanroc-Dusk, L50, F|100/100\n|switch|p2a: Blaziken|Blaziken, L50, M|100/100\n|switch|p2b: Dragapult|Dragapult, L50, F|100/100\n|turn|1\n|inactive|ChrisJHall has 30 seconds left.\n|inactive|shinyweavile97 has 30 seconds left.\n|inactive|shinyweavile97 has 20 seconds left.\n|\n|t:|1788282524\n|switch|p1a: Basculegion|Basculegion, L50, M|100/100\n|detailschange|p2a: Blaziken|Blaziken-Mega, L50, M\n|-mega|p2a: Blaziken|Blaziken|Blazikenite\n|move|p2b: Dragapult|Protect|p2b: Dragapult\n|-singleturn|p2b: Dragapult|Protect\n|move|p2a: Blaziken|Coaching|p2b: Dragapult\n|-boost|p2b: Dragapult|atk|1\n|-boost|p2b: Dragapult|def|1\n|move|p1b: Lycanroc|Rock Slide|p2a: Blaziken|[spread] \n|-activate|p2b: Dragapult|move: Protect\n|-miss|p1b: Lycanroc|p2a: Blaziken\n|\n|-ability|p2a: Blaziken|Speed Boost|boost\n|-boost|p2a: Blaziken|spe|1\n|upkeep\n|turn|2\n|inactive|shinyweavile97 has 30 seconds left.\n|inactive|ChrisJHall has 30 seconds left.\n|\n|t:|1788282555\n|switch|p2a: Toxapex|Toxapex, L50, M|100/100\n|switch|p1b: Kingambit|Kingambit, L50, M|100/100\n|move|p1a: Basculegion|Aqua Jet|p2a: Toxapex\n|-resisted|p2a: Toxapex|1\n|-damage|p2a: Toxapex|87/100\n|-damage|p1a: Basculegion|90/100|[from] item: Life Orb\n|move|p2b: Dragapult|Dragon Darts|p1a: Basculegion\n|-damage|p1a: Basculegion|49/100\n|-anim|p2b: Dragapult|Dragon Darts|p1b: Kingambit\n|-resisted|p1b: Kingambit|1\n|-damage|p1b: Kingambit|85/100\n|\n|-heal|p2a: Toxapex|93/100|[from] item: Leftovers\n|upkeep\n|turn|3\n|inactive|shinyweavile97 has 30 seconds left.\n|inactive|ChrisJHall has 30 seconds left.\n|\n|t:|1788282587\n|move|p2b: Dragapult|Phantom Force||[still]\n|-prepare|p2b: Dragapult|Phantom Force\n|move|p1a: Basculegion|Last Respects|p2b: Dragapult|[miss]\n|-miss|p1a: Basculegion|p2b: Dragapult\n|move|p1b: Kingambit|Swords Dance|p1b: Kingambit\n|-boost|p1b: Kingambit|atk|2\n|move|p2a: Toxapex|Infestation|p1a: Basculegion\n|-resisted|p1a: Basculegion|1\n|-damage|p1a: Basculegion|48/100\n|-activate|p1a: Basculegion|move: Infestation|[of] p2a: Toxapex\n|\n|-heal|p2a: Toxapex|99/100|[from] item: Leftovers\n|-damage|p1a: Basculegion|35/100|[from] move: Infestation|[partiallytrapped]\n|upkeep\n|turn|4\n|\n|t:|1788282601\n|switch|p1a: Lycanroc|Lycanroc-Dusk, L50, F|100/100\n|move|p2b: Dragapult|Phantom Force|p1a: Lycanroc|[from] lockedmove\n|-enditem|p1a: Lycanroc|Focus Sash\n|-damage|p1a: Lycanroc|1/100\n|move|p1b: Kingambit|Kowtow Cleave|p2a: Toxapex\n|-damage|p2a: Toxapex|32/100\n|move|p2a: Toxapex|Infestation|p1b: Kingambit\n|-damage|p1b: Kingambit|82/100\n|-activate|p1b: Kingambit|move: Infestation|[of] p2a: Toxapex\n|\n|-heal|p2a: Toxapex|38/100|[from] item: Leftovers\n|-damage|p1b: Kingambit|70/100|[from] move: Infestation|[partiallytrapped]\n|upkeep\n|turn|5\n|inactive|shinyweavile97 has 30 seconds left.\n|\n|t:|1788282635\n|move|p2a: Toxapex|Baneful Bunker|p2a: Toxapex\n|-singleturn|p2a: Toxapex|move: Protect\n|move|p1a: Lycanroc|Accelerock|p2b: Dragapult\n|-damage|p2b: Dragapult|75/100\n|move|p2b: Dragapult|Dragon Darts|p1a: Lycanroc\n|-damage|p1a: Lycanroc|0 fnt\n|-anim|p2b: Dragapult|Dragon Darts|p1b: Kingambit\n|-resisted|p1b: Kingambit|1\n|-damage|p1b: Kingambit|57/100\n|faint|p1a: Lycanroc\n|move|p1b: Kingambit|Kowtow Cleave|p2a: Toxapex\n|-activate|p2a: Toxapex|move: Protect\n|\n|-heal|p2a: Toxapex|43/100|[from] item: Leftovers\n|-damage|p1b: Kingambit|45/100|[from] move: Infestation|[partiallytrapped]\n|upkeep\n|\n|t:|1788282643\n|switch|p1a: Froslass|Froslass, L50, F|100/100\n|turn|6\n|inactive|shinyweavile97 has 30 seconds left.\n|inactive|shinyweavile97 has 20 seconds left.\n|inactive|shinyweavile97 has 15 seconds left.\n|inactive|ChrisJHall has 30 seconds left.\n|\n|t:|1788282692\n|detailschange|p1a: Froslass|Froslass-Mega, L50, F\n|-mega|p1a: Froslass|Froslass|Froslassite\n|-weather|Snowscape|[from] ability: Snow Warning|[of] p1a: Froslass\n|move|p1b: Kingambit|Sucker Punch|p2b: Dragapult\n|-supereffective|p2b: Dragapult|1\n|-damage|p2b: Dragapult|0 fnt\n|faint|p2b: Dragapult\n|move|p1a: Froslass|Shadow Ball|p2a: Toxapex\n|-damage|p2a: Toxapex|10/100\n|move|p2a: Toxapex|Toxic|p1a: Froslass\n|-status|p1a: Froslass|tox\n|\n|-weather|Snowscape|[upkeep]\n|-heal|p2a: Toxapex|16/100|[from] item: Leftovers\n|-damage|p1a: Froslass|94/100 tox|[from] psn\n|-damage|p1b: Kingambit|33/100|[from] move: Infestation|[partiallytrapped]\n|upkeep\n|\n|t:|1788282709\n|switch|p2b: Blaziken|Blaziken-Mega, L50, M|100/100\n|turn|7\n|inactive|ChrisJHall has 30 seconds left.\n|\n|t:|1788282735\n|-heal|p2a: Toxapex|49/100|[from] ability: Regenerator|[silent]\n|switch|p2a: Torkoal|Torkoal, L50, M|100/100\n|-weather|SunnyDay|[from] ability: Drought|[of] p2a: Torkoal\n|move|p1b: Kingambit|Sucker Punch|p2b: Blaziken\n|-resisted|p2b: Blaziken|1\n|-damage|p2b: Blaziken|41/100\n|move|p1a: Froslass|Aurora Veil||[still]\n|-fail|p1a: Froslass\n|move|p2b: Blaziken|Flare Blitz|p1b: Kingambit\n|-supereffective|p1b: Kingambit|1\n|-damage|p1b: Kingambit|0 fnt\n|faint|p1b: Kingambit\n|-damage|p2b: Blaziken|28/100|[from] Recoil\n|\n|-weather|SunnyDay|[upkeep]\n|-damage|p1a: Froslass|82/100 tox|[from] psn\n|-ability|p2b: Blaziken|Speed Boost|boost\n|-boost|p2b: Blaziken|spe|1\n|upkeep\n|\n|t:|1788282746\n|switch|p1b: Basculegion|Basculegion, L50, M|35/100\n|turn|8\n|\n|t:|1788282767\n|move|p2b: Blaziken|Flare Blitz|p1b: Basculegion\n|-resisted|p1b: Basculegion|1\n|-damage|p1b: Basculegion|0 fnt\n|faint|p1b: Basculegion\n|-damage|p2b: Blaziken|13/100|[from] Recoil\n|move|p1a: Froslass|Shadow Ball|p2a: Torkoal\n|-damage|p2a: Torkoal|45/100\n|move|p2a: Torkoal|Weather Ball|p1a: Froslass\n|-supereffective|p1a: Froslass|1\n|-damage|p1a: Froslass|0 fnt\n|faint|p1a: Froslass\n|\n|win|shinyweavile97\n||shinyweavile97 is ready for game 2.\n||ChrisJHall is ready for game 2.\n|uhtml|next|Next: <a href=\"/battle-gen9championsvgc2026regmbbo3-2673966555\"><strong>Game 2 of 3</strong></a>\n|l|☆shinyweavile97\n|player|p2|\n|n|☆ChrisJHall|chrisjhall\n","uploadtime":1788285995,"views":"0","formatid":"gen9championsvgc2026regmbbo3","rating":null,"private":0,"password":null}