{"id":"gen9championsvgc2026regmb-2674750219","format":"[Gen 9 Champions] VGC 2026 Reg M-B","players":["rawbraines","leejit"],"log":"|j|☆rawbraines\n|j|☆leejit\n|html|<table width=\"100%\"><tr><td align=\"left\">rawbraines</td><td align=\"right\">leejit</tr><tr><td align=\"left\"><i class=\"fa fa-circle-o\"></i> <i class=\"fa fa-circle-o\"></i> </td><td align=\"right\"><i class=\"fa fa-circle-o\"></i> <i class=\"fa fa-circle\"></i> </tr></table>\n|uhtml|bestof|<h2><strong>Game 2</strong> of <a href=\"/game-bestof3-gen9championsvgc2026regmb-2674747449\">a best-of-3</a></h2>\n|t:|1788400337\n|gametype|doubles\n|player|p1|rawbraines|101|\n|player|p2|leejit|102|\n|gen|9\n|tier|[Gen 9 Champions] VGC 2026 Reg M-B\n|rule|Species Clause: Limit one of each Pokémon\n|rule|Item Clause: Limit 1 of each item\n|raw|<div class=\"infobox\"><details class=\"readmore\" open><summary><strong>1 custom rule:</strong></summary> Best of = 3</details></div>\n|clearpoke\n|poke|p1|Annihilape, L50, F|\n|poke|p1|Sinistcha, L50|\n|poke|p1|Camerupt, L50, F|\n|poke|p1|Toxapex, L50, F|\n|poke|p1|Kommo-o, L50, F|\n|poke|p1|Incineroar, L50, F|\n|poke|p2|Garchomp, L50, F|\n|poke|p2|Whimsicott, L50, M|\n|poke|p2|Vaporeon, L50, M|\n|poke|p2|Hippowdon, L50, M|\n|poke|p2|Kingambit, L50, M|\n|poke|p2|Pyroar, L50, M|\n|teampreview|4\nrawbraines rejected open team sheets.\n|inactive|Battle timer is ON: inactive players will automatically lose when time's up. (requested by leejit)\n|\n|t:|1788400364\n|teamsize|p1|4\n|teamsize|p2|4\n|start\n|switch|p1a: Kommo-o|Kommo-o, L50, F|100/100\n|switch|p1b: Incineroar|Incineroar, L50, F|100/100\n|switch|p2a: Garchomp|Garchomp, L50, F|100/100\n|switch|p2b: Hippowdon|Hippowdon, L50, M|100/100\n|-weather|Sandstorm|[from] ability: Sand Stream|[of] p2b: Hippowdon\n|turn|1\n|inactive|rawbraines has 30 seconds left.\n|inactive|leejit has 30 seconds left.\n|\n|t:|1788400397\n|detailschange|p2a: Garchomp|Garchomp-Mega, L50, F\n|-mega|p2a: Garchomp|Garchomp|Garchompite\n|move|p2a: Garchomp|Protect|p2a: Garchomp\n|-singleturn|p2a: Garchomp|Protect\n|move|p1b: Incineroar|Fake Out|p2a: Garchomp\n|-activate|p2a: Garchomp|move: Protect\n|move|p1a: Kommo-o|Iron Defense|p1a: Kommo-o\n|-boost|p1a: Kommo-o|def|2\n|move|p2b: Hippowdon|Yawn|p1a: Kommo-o\n|-start|p1a: Kommo-o|move: Yawn|[of] p2b: Hippowdon\n|\n|-weather|Sandstorm|[upkeep]\n|-damage|p1a: Kommo-o|93/100|[from] Sandstorm\n|-damage|p1b: Incineroar|94/100|[from] Sandstorm\n|-heal|p1a: Kommo-o|100/100|[from] item: Leftovers\n|upkeep\n|turn|2\n|inactive|rawbraines has 30 seconds left.\n|inactive|leejit has 30 seconds left.\n|inactive|leejit has 20 seconds left.\n|\n|t:|1788400435\n|switch|p2a: Vaporeon|Vaporeon, L50, M|100/100\n|move|p1a: Kommo-o|Draco Meteor|p2a: Vaporeon\n|-damage|p2a: Vaporeon|68/100\n|-unboost|p1a: Kommo-o|spa|2\n|move|p1b: Incineroar|Parting Shot|p2a: Vaporeon\n|-unboost|p2a: Vaporeon|atk|1\n|-unboost|p2a: Vaporeon|spa|1\n|\n|t:|1788400447\n|switch|p1b: Sinistcha|Sinistcha, L50|100/100|[from] Parting Shot\n|move|p2b: Hippowdon|High Horsepower|p1b: Sinistcha\n|-resisted|p1b: Sinistcha|1\n|-damage|p1b: Sinistcha|83/100\n|\n|-weather|Sandstorm|[upkeep]\n|-damage|p1a: Kommo-o|93/100|[from] Sandstorm\n|-damage|p1b: Sinistcha|76/100|[from] Sandstorm\n|-damage|p2a: Vaporeon|62/100|[from] Sandstorm\n|-heal|p1a: Kommo-o|100/100|[from] item: Leftovers\n|-end|p1a: Kommo-o|move: Yawn|[silent]\n|-status|p1a: Kommo-o|slp\n|upkeep\n|turn|3\n|inactive|leejit has 30 seconds left.\n|inactive|leejit has 20 seconds left.\n|\n|t:|1788400486\n|switch|p2a: Garchomp|Garchomp-Mega, L50, F|100/100\n|cant|p1a: Kommo-o|slp\n|move|p1b: Sinistcha|Matcha Gotcha|p2b: Hippowdon|[spread] p2a,p2b\n|-supereffective|p2b: Hippowdon|1\n|-damage|p2a: Garchomp|81/100\n|-heal|p1b: Sinistcha|88/100|[from] drain|[of] p2a: Garchomp\n|-damage|p2b: Hippowdon|63/100\n|-heal|p1b: Sinistcha|100/100|[from] drain|[of] p2b: Hippowdon\n|-status|p2a: Garchomp|brn\n|move|p2b: Hippowdon|Fire Fang|p1b: Sinistcha\n|-supereffective|p1b: Sinistcha|1\n|-damage|p1b: Sinistcha|74/100\n|\n|-weather|Sandstorm|[upkeep]\n|-damage|p1a: Kommo-o|93/100 slp|[from] Sandstorm\n|-damage|p1b: Sinistcha|67/100|[from] Sandstorm\n|-heal|p1a: Kommo-o|100/100 slp|[from] item: Leftovers\n|-heal|p2b: Hippowdon|69/100|[from] item: Leftovers\n|-damage|p2a: Garchomp|75/100 brn|[from] brn\n|upkeep\n|turn|4\n|inactive|leejit has 30 seconds left.\n|\n|t:|1788400520\n|switch|p2b: Kingambit|Kingambit, L50, M|100/100\n|move|p2a: Garchomp|Dragon Claw|p1a: Kommo-o\n|-supereffective|p1a: Kommo-o|1\n|-damage|p1a: Kommo-o|84/100 slp\n|cant|p1a: Kommo-o|slp\n|move|p1b: Sinistcha|Trick Room|p1b: Sinistcha\n|-fieldstart|move: Trick Room|[of] p1b: Sinistcha\n|\n|-weather|Sandstorm|[upkeep]\n|-damage|p1b: Sinistcha|61/100|[from] Sandstorm\n|-damage|p1a: Kommo-o|78/100 slp|[from] Sandstorm\n|-heal|p1a: Kommo-o|84/100 slp|[from] item: Leftovers\n|-damage|p2a: Garchomp|69/100 brn|[from] brn\n|upkeep\n|turn|5\n|inactive|rawbraines has 30 seconds left.\n|\n|t:|1788400551\n|switch|p1b: Toxapex|Toxapex, L50, F|100/100\n|move|p2b: Kingambit|Swords Dance|p2b: Kingambit\n|-boost|p2b: Kingambit|atk|2\n|-curestatus|p1a: Kommo-o|slp|[msg]\n|move|p1a: Kommo-o|Body Press|p2b: Kingambit\n|-supereffective|p2b: Kingambit|2\n|-damage|p2b: Kingambit|0 fnt\n|faint|p2b: Kingambit\n|move|p2a: Garchomp|Dragon Claw|p1a: Kommo-o\n|-supereffective|p1a: Kommo-o|1\n|-damage|p1a: Kommo-o|67/100\n|\n|-weather|none\n|-heal|p1a: Kommo-o|73/100|[from] item: Leftovers\n|-damage|p2a: Garchomp|63/100 brn|[from] brn\n|upkeep\n|\n|t:|1788400572\n|switch|p2b: Hippowdon|Hippowdon, L50, M|69/100\n|-weather|Sandstorm|[from] ability: Sand Stream|[of] p2b: Hippowdon\n|turn|6\n|inactive|leejit has 30 seconds left.\n|\n|t:|1788400602\n|move|p1b: Toxapex|Toxic|p2b: Hippowdon\n|-status|p2b: Hippowdon|tox\n|move|p2b: Hippowdon|Yawn|p1a: Kommo-o\n|-start|p1a: Kommo-o|move: Yawn|[of] p2b: Hippowdon\n|move|p1a: Kommo-o|Body Press|p2a: Garchomp\n|-damage|p2a: Garchomp|3/100 brn\n|move|p2a: Garchomp|Dragon Claw|p1a: Kommo-o\n|-supereffective|p1a: Kommo-o|1\n|-damage|p1a: Kommo-o|56/100\n|\n|-weather|Sandstorm|[upkeep]\n|-damage|p1b: Toxapex|94/100|[from] Sandstorm\n|-damage|p1a: Kommo-o|50/100g|[from] Sandstorm\n|-heal|p2b: Hippowdon|75/100 tox|[from] item: Leftovers\n|-heal|p1a: Kommo-o|56/100|[from] item: Leftovers\n|-damage|p2b: Hippowdon|69/100 tox|[from] psn\n|-damage|p2a: Garchomp|0 fnt|[from] brn\n|faint|p2a: Garchomp\n|upkeep\n|\n|t:|1788400618\n|switch|p2a: Vaporeon|Vaporeon, L50, M|62/100\n|turn|7\n|\n|t:|1788400636\n|move|p1b: Toxapex|Toxic|p2a: Vaporeon\n|-status|p2a: Vaporeon|tox\n|move|p2b: Hippowdon|Yawn|p1b: Toxapex\n|-start|p1b: Toxapex|move: Yawn|[of] p2b: Hippowdon\n|move|p2a: Vaporeon|Alluring Voice|p1a: Kommo-o\n|-immune|p1a: Kommo-o|[from] ability: Soundproof\n|move|p1a: Kommo-o|Body Press|p2b: Hippowdon\n|-damage|p2b: Hippowdon|9/100 tox\n|\n|-weather|Sandstorm|[upkeep]\n|-damage|p1b: Toxapex|88/100|[from] Sandstorm\n|-damage|p2a: Vaporeon|55/100 tox|[from] Sandstorm\n|-damage|p1a: Kommo-o|50/100g|[from] Sandstorm\n|-heal|p2b: Hippowdon|15/100 tox|[from] item: Leftovers\n|-heal|p1a: Kommo-o|56/100|[from] item: Leftovers\n|-damage|p2b: Hippowdon|3/100 tox|[from] psn\n|-damage|p2a: Vaporeon|49/100 tox|[from] psn\n|-end|p1a: Kommo-o|move: Yawn|[silent]\n|-status|p1a: Kommo-o|slp\n|upkeep\n|-enditem|p2a: Vaporeon|Sitrus Berry|[eat]\n|-heal|p2a: Vaporeon|74/100 tox|[from] item: Sitrus Berry\n|turn|8\n|inactive|rawbraines has 30 seconds left.\n|inactive|leejit has 30 seconds left.\n|inactive|rawbraines has 20 seconds left.\n|\n|t:|1788400671\n|move|p1b: Toxapex|Infestation|p2a: Vaporeon\n|-damage|p2a: Vaporeon|72/100 tox\n|-activate|p2a: Vaporeon|move: Infestation|[of] p1b: Toxapex\n|move|p2b: Hippowdon|High Horsepower|p1b: Toxapex\n|-supereffective|p1b: Toxapex|1\n|-damage|p1b: Toxapex|33/100\n|move|p2a: Vaporeon|Scald|p1a: Kommo-o\n|-resisted|p1a: Kommo-o|1\n|-damage|p1a: Kommo-o|43/100 slp\n|cant|p1a: Kommo-o|slp\n|\n|-weather|Sandstorm|[upkeep]\n|-damage|p1b: Toxapex|28/100|[from] Sandstorm\n|-damage|p2a: Vaporeon|65/100 tox|[from] Sandstorm\n|-damage|p1a: Kommo-o|37/100 slp|[from] Sandstorm\n|-heal|p2b: Hippowdon|9/100 tox|[from] item: Leftovers\n|-heal|p1a: Kommo-o|43/100 slp|[from] item: Leftovers\n|-damage|p2b: Hippowdon|0 fnt|[from] psn\n|faint|p2b: Hippowdon\n|-damage|p2a: Vaporeon|53/100 tox|[from] psn\n|-damage|p2a: Vaporeon|41/100 tox|[from] move: Infestation|[partiallytrapped]\n|-end|p1b: Toxapex|move: Yawn|[silent]\n|-status|p1b: Toxapex|slp\n|-fieldend|move: Trick Room\n|upkeep\n|turn|9\n|inactive|leejit has 30 seconds left.\n|\n|t:|1788400700\n|cant|p1b: Toxapex|slp\n|cant|p1a: Kommo-o|slp\n|move|p2a: Vaporeon|Scald|p1a: Kommo-o\n|-resisted|p1a: Kommo-o|1\n|-damage|p1a: Kommo-o|28/100 slp\n|\n|-weather|Sandstorm|[upkeep]\n|-damage|p1a: Kommo-o|21/100 slp|[from] Sandstorm\n|-damage|p2a: Vaporeon|35/100 tox|[from] Sandstorm\n|-damage|p1b: Toxapex|22/100 slp|[from] Sandstorm\n|-heal|p1a: Kommo-o|28/100 slp|[from] item: Leftovers\n|-damage|p2a: Vaporeon|16/100 tox|[from] psn\n|-damage|p2a: Vaporeon|4/100 tox|[from] move: Infestation|[partiallytrapped]\n|upkeep\n|turn|10\n|\n|t:|1788400713\n|-curestatus|p1b: Toxapex|slp|[msg]\n|move|p1b: Toxapex|Baneful Bunker|p1b: Toxapex\n|-singleturn|p1b: Toxapex|move: Protect\n|-curestatus|p1a: Kommo-o|slp|[msg]\n|move|p1a: Kommo-o|Body Press|p2a: Vaporeon\n|-damage|p2a: Vaporeon|0 fnt\n|faint|p2a: Vaporeon\n|\n|win|rawbraines\n","uploadtime":1788400713,"views":"13","formatid":"gen9championsvgc2026regmb","rating":null,"private":0,"password":null}