{"id":"gen9championsvgc2026regmb-2674125485","format":"[Gen 9 Champions] VGC 2026 Reg M-B","players":["HondourPoker","chabanov"],"log":"|j|☆HondourPoker\n|j|☆chabanov\n|t:|1788302829\n|gametype|doubles\n|player|p1|HondourPoker|170|\n|player|p2|chabanov|170|\n|gen|9\n|tier|[Gen 9 Champions] VGC 2026 Reg M-B\n|rule|Species Clause: Limit one of each Pokémon\n|rule|Item Clause: Limit 1 of each item\n|clearpoke\n|poke|p1|Sableye, L50, F|\n|poke|p1|Gengar, L50, F|\n|poke|p1|Dragapult, L50, F|\n|poke|p1|Tinkaton, L50, F|\n|poke|p1|Incineroar, L50, M|\n|poke|p1|Primarina, L50, M|\n|poke|p2|Hawlucha, L50, M|\n|poke|p2|Snorlax, L50, F|\n|poke|p2|Liepard, L50, F|\n|poke|p2|Sinistcha, L50|\n|poke|p2|Emboar, L50, M|\n|poke|p2|Noivern, L50, M|\n|teampreview|4\n|\n|t:|1788302853\n|teamsize|p1|4\n|teamsize|p2|4\n|start\n|switch|p1a: Gengar|Gengar, L50, F|100/100\n|switch|p1b: Tinkaton|Tinkaton, L50, F|100/100\n|switch|p2a: Liepard|Liepard, L50, F|100/100\n|switch|p2b: Sinistcha|Sinistcha, L50|100/100\n|-ability|p1b: Tinkaton|Mold Breaker\n|turn|1\n|\n|t:|1788302879\n|detailschange|p1a: Gengar|Gengar-Mega, L50, F\n|-mega|p1a: Gengar|Gengar|Gengarite\n|move|p1b: Tinkaton|Fake Out|p2a: Liepard\n|-damage|p2a: Liepard|85/100\n|cant|p2a: Liepard|flinch\n|move|p1a: Gengar|Shadow Ball|p2b: Sinistcha\n|-supereffective|p2b: Sinistcha|1\n|-damage|p2b: Sinistcha|0 fnt\n|faint|p2b: Sinistcha\n|\n|upkeep\n|\n|t:|1788302901\n|switch|p2b: Emboar|Emboar, L50, M|100/100\n|turn|2\n|\n|t:|1788302915\n|switch|p1b: Incineroar|Incineroar, L50, M|100/100\n|-ability|p1b: Incineroar|Intimidate|boost\n|-unboost|p2a: Liepard|atk|1\n|-unboost|p2b: Emboar|atk|1\n|detailschange|p2b: Emboar|Emboar-Mega, L50, M\n|-mega|p2b: Emboar|Emboar|Emboarite\n|-ability|p2b: Emboar|Mold Breaker\n|move|p1a: Gengar|Protect|p1a: Gengar\n|-singleturn|p1a: Gengar|Protect\n|move|p2a: Liepard|Taunt|p1a: Gengar\n|-activate|p1a: Gengar|move: Protect\n|move|p2b: Emboar|Flare Blitz|p1b: Incineroar\n|-resisted|p1b: Incineroar|1\n|-damage|p1b: Incineroar|79/100\n|-damage|p2b: Emboar|93/100|[from] Recoil\n|\n|upkeep\n|turn|3\n|\n|t:|1788302935\n|move|p1b: Incineroar|Fake Out|p2a: Liepard\n|-damage|p2a: Liepard|65/100\n|cant|p2a: Liepard|flinch\n|move|p2b: Emboar|Sucker Punch||[still]\n|-fail|p2b: Emboar\n|move|p1a: Gengar|Perish Song|p1a: Gengar\n|-start|p1a: Gengar|perish3|[silent]\n|-start|p1b: Incineroar|perish3|[silent]\n|-start|p2a: Liepard|perish3|[silent]\n|-start|p2b: Emboar|perish3|[silent]\n|-fieldactivate|move: Perish Song\n|\n|-start|p2a: Liepard|perish3\n|-start|p1a: Gengar|perish3\n|-start|p2b: Emboar|perish3\n|-start|p1b: Incineroar|perish3\n|upkeep\n|turn|4\n|\n|t:|1788302957\n|move|p1a: Gengar|Protect|p1a: Gengar\n|-singleturn|p1a: Gengar|Protect\n|move|p1b: Incineroar|Protect|p1b: Incineroar\n|-singleturn|p1b: Incineroar|Protect\n|move|p2a: Liepard|Taunt|p1a: Gengar\n|-activate|p1a: Gengar|move: Protect\n|move|p2b: Emboar|Flare Blitz|p1a: Gengar\n|-activate|p1a: Gengar|move: Protect\n|\n|-start|p1a: Gengar|perish2\n|-start|p2a: Liepard|perish2\n|-start|p2b: Emboar|perish2\n|-start|p1b: Incineroar|perish2\n|upkeep\n|turn|5\n|\n|t:|1788302979\n|switch|p1a: Tinkaton|Tinkaton, L50, F|100/100\n|-ability|p1a: Tinkaton|Mold Breaker\n|move|p2a: Liepard|Taunt|p1a: Tinkaton\n|-start|p1a: Tinkaton|move: Taunt\n|move|p2b: Emboar|Flare Blitz|p1a: Tinkaton\n|-supereffective|p1a: Tinkaton|1\n|-damage|p1a: Tinkaton|0 fnt\n|faint|p1a: Tinkaton\n|-damage|p2b: Emboar|64/100|[from] Recoil\n|move|p1b: Incineroar|Parting Shot|p1: Tinkaton|[notarget]\n|-fail|p1b: Incineroar\n|\n|-start|p2a: Liepard|perish1\n|-start|p2b: Emboar|perish1\n|-start|p1b: Incineroar|perish1\n|upkeep\n|\n|t:|1788302996\n|switch|p1a: Gengar|Gengar-Mega, L50, F|100/100\n|turn|6\n|\n|t:|1788303007\n|switch|p1b: Primarina|Primarina, L50, M|100/100\n|move|p1a: Gengar|Protect|p1a: Gengar\n|-singleturn|p1a: Gengar|Protect\n|move|p2b: Emboar|Sucker Punch||[still]\n|-fail|p2b: Emboar\n|move|p2a: Liepard|U-turn|p1b: Primarina\n|-resisted|p1b: Primarina|1\n|-damage|p1b: Primarina|95/100\n|\n|t:|1788303017\n|switch|p2a: Hawlucha|Hawlucha, L50, M|100/100|[from] U-turn\n|\n|-heal|p1b: Primarina|100/100|[from] item: Leftovers\n|-start|p2b: Emboar|perish0\n|faint|p2b: Emboar\n|upkeep\n|\n|t:|1788303022\n|switch|p2b: Liepard|Liepard, L50, F|65/100\n|turn|7\n|\n|t:|1788303054\n|switch|p1a: Incineroar|Incineroar, L50, M|79/100\n|-ability|p1a: Incineroar|Intimidate|boost\n|-unboost|p2a: Hawlucha|atk|1\n|-unboost|p2b: Liepard|atk|1\n|move|p2b: Liepard|Taunt|p1a: Incineroar\n|-hint|Since gen 7, Dark is immune to Prankster moves.\n|-immune|p1a: Incineroar\n|move|p2a: Hawlucha|Dual Wingbeat|p1b: Primarina\n|-damage|p1b: Primarina|91/100\n|-damage|p1b: Primarina|83/100\n|-hitcount|p1b: Primarina|2\n|move|p1b: Primarina|Perish Song|p1b: Primarina\n|-start|p1a: Incineroar|perish3|[silent]\n|-start|p1b: Primarina|perish3|[silent]\n|-start|p2a: Hawlucha|perish3|[silent]\n|-start|p2b: Liepard|perish3|[silent]\n|-fieldactivate|move: Perish Song\n|\n|-heal|p1b: Primarina|89/100|[from] item: Leftovers\n|-start|p2a: Hawlucha|perish3\n|-start|p2b: Liepard|perish3\n|-start|p1b: Primarina|perish3\n|-start|p1a: Incineroar|perish3\n|upkeep\n|turn|8\n|\n|t:|1788303085\n|move|p1b: Primarina|Protect|p1b: Primarina\n|-singleturn|p1b: Primarina|Protect\n|move|p1a: Incineroar|Protect|p1a: Incineroar\n|-singleturn|p1a: Incineroar|Protect\n|move|p2b: Liepard|Encore|p1b: Primarina\n|-activate|p1b: Primarina|move: Protect\n|move|p2a: Hawlucha|Cross Chop|p1a: Incineroar\n|-activate|p1a: Incineroar|move: Protect\n|\n|-heal|p1b: Primarina|95/100|[from] item: Leftovers\n|-start|p2a: Hawlucha|perish2\n|-start|p2b: Liepard|perish2\n|-start|p1b: Primarina|perish2\n|-start|p1a: Incineroar|perish2\n|upkeep\n|turn|9\n|\n|t:|1788303108\n|switch|p1b: Gengar|Gengar-Mega, L50, F|100/100\n|move|p2b: Liepard|Taunt|p1b: Gengar\n|-start|p1b: Gengar|move: Taunt\n|move|p2a: Hawlucha|Cross Chop|p1a: Incineroar\n|-supereffective|p1a: Incineroar|1\n|-damage|p1a: Incineroar|42/100\n|-enditem|p1a: Incineroar|Sitrus Berry|[eat]\n|-heal|p1a: Incineroar|67/100|[from] item: Sitrus Berry\n|move|p1a: Incineroar|Parting Shot|p2a: Hawlucha\n|-unboost|p2a: Hawlucha|atk|1\n|-unboost|p2a: Hawlucha|spa|1\n|\n|t:|1788303118\n|switch|p1a: Primarina|Primarina, L50, M|95/100|[from] Parting Shot\n|\n|-heal|p1a: Primarina|100/100|[from] item: Leftovers\n|-start|p2a: Hawlucha|perish1\n|-start|p2b: Liepard|perish1\n|upkeep\n|turn|10\n|c|☆chabanov|gg\n|-message|chabanov forfeited.\n|\n|win|HondourPoker\n|c|☆HondourPoker|ggs\n","uploadtime":1788303147,"views":"0","formatid":"gen9championsvgc2026regmb","rating":null,"private":0,"password":null}