{"id":"gen9championsvgc2026regmb-2674616013","format":"[Gen 9 Champions] VGC 2026 Reg M-B","players":["aaxalon70","bear gamer 999"],"log":"|j|☆aaxalon70\n|j|☆bear gamer 999\n|t:|1788380688\n|gametype|doubles\n|player|p1|aaxalon70|acetrainer-gen4dp|1172\n|player|p2|bear gamer 999|skier|1104\n|gen|9\n|tier|[Gen 9 Champions] VGC 2026 Reg M-B\n|rated|\n|rule|Species Clause: Limit one of each Pokémon\n|rule|Item Clause: Limit 1 of each item\n|clearpoke\n|poke|p1|Aggron, L50, M|\n|poke|p1|Oranguru, L50, F, shiny|\n|poke|p1|Skeledirge, L50, F|\n|poke|p1|Sneasler, L50, M|\n|poke|p1|Maushold-Four, L50|\n|poke|p1|Blastoise, L50, F, shiny|\n|poke|p2|Raichu, L50, F, shiny|\n|poke|p2|Aegislash, L50, M|\n|poke|p2|Archaludon, L50, M|\n|poke|p2|Pelipper, L50, F, shiny|\n|poke|p2|Heliolisk, L50, F, shiny|\n|poke|p2|Gliscor, L50, M|\n|teampreview|4\n|inactive|Battle timer is ON: inactive players will automatically lose when time's up. (requested by bear gamer 999)\n|inactive|aaxalon70 also wants the timer to be on.\n|inactive|aaxalon70 has 60 seconds left.\nbear gamer 999 has agreed to open team sheets.\n|\n|t:|1788380732\n|teamsize|p1|4\n|teamsize|p2|4\n|start\n|switch|p1a: Think Fast|Sneasler, L50, M|100/100\n|switch|p1b: THE WALL|Aggron, L50, M|100/100\n|switch|p2a: Heliolisk|Heliolisk, L50, F, shiny|100/100\n|switch|p2b: Gorochu|Raichu, L50, F, shiny|100/100\n|turn|1\n|\n|t:|1788380748\n|detailschange|p2b: Gorochu|Raichu-Mega-X, L50, F, shiny\n|-mega|p2b: Gorochu|Raichu|Raichunite X\n|-fieldstart|move: Electric Terrain|[from] ability: Electric Surge|[of] p2b: Gorochu\n|detailschange|p1b: THE WALL|Aggron-Mega, L50, M\n|-mega|p1b: THE WALL|Aggron|Aggronite\n|move|p2b: Gorochu|Fake Out|p1a: Think Fast\n|-damage|p1a: Think Fast|72/100\n|cant|p1a: Think Fast|flinch\n|move|p2a: Heliolisk|Rising Voltage|p1b: THE WALL\n|-hint|Rising Voltage's BP doubled on grounded target.\n|-damage|p1b: THE WALL|0 fnt\n|faint|p1b: THE WALL\n|-damage|p2a: Heliolisk|90/100|[from] item: Life Orb\n|\n|upkeep\n|\n|t:|1788380767\n|switch|p1b: Poke me|Maushold-Four, L50|100/100\n|turn|2\n|inactive|bear gamer 999 has 30 seconds left.\n|\n|t:|1788380794\n|move|p1b: Poke me|Population Bomb|p2a: Heliolisk\n|-damage|p2a: Heliolisk|79/100\n|-damage|p2a: Heliolisk|67/100\n|-damage|p2a: Heliolisk|54/100\n|-damage|p2a: Heliolisk|41/100\n|-damage|p2a: Heliolisk|28/100\n|-damage|p2a: Heliolisk|17/100\n|-damage|p2a: Heliolisk|4/100\n|-damage|p2a: Heliolisk|0 fnt\n|faint|p2a: Heliolisk\n|-hitcount|p2: Heliolisk|8\n|move|p2b: Gorochu|Volt Tackle|p1b: Poke me\n|-damage|p1b: Poke me|0 fnt\n|faint|p1b: Poke me\n|-damage|p2b: Gorochu|55/100|[from] Recoil\n|move|p1a: Think Fast|Close Combat|p2b: Gorochu\n|-damage|p2b: Gorochu|0 fnt\n|-unboost|p1a: Think Fast|def|1\n|-unboost|p1a: Think Fast|spd|1\n|faint|p2b: Gorochu\n|-enditem|p1a: Think Fast|White Herb\n|-clearnegativeboost|p1a: Think Fast|[silent]\n|\n|upkeep\n|inactive|bear gamer 999 has 30 seconds left.\n|\n|t:|1788380819\n|switch|p1b: Gurururururu|Oranguru, L50, F, shiny|100/100\n|switch|p2b: Pelipper|Pelipper, L50, F, shiny|100/100\n|switch|p2a: Aegislash|Aegislash, L50, M|100/100\n|-weather|RainDance|[from] ability: Drizzle|[of] p2b: Pelipper\n|turn|3\n|inactive|aaxalon70 has 30 seconds left.\n|inactive|bear gamer 999 has 30 seconds left.\n|\n|t:|1788380851\n|move|p1a: Think Fast|Rock Slide|p2a: Aegislash|[spread] p2a,p2b\n|-resisted|p2a: Aegislash|1\n|-supereffective|p2b: Pelipper|1\n|-damage|p2a: Aegislash|91/100\n|-damage|p2b: Pelipper|55/100\n|move|p2b: Pelipper|Tailwind|p2b: Pelipper\n|-sidestart|p2: bear gamer 999|move: Tailwind\n|-formechange|p2a: Aegislash|Aegislash-Blade|\n|move|p2a: Aegislash|Sacred Sword|p1b: Gurururururu\n|-damage|p1b: Gurururururu|75/100\n|move|p1b: Gurururururu|Instruct|p1a: Think Fast\n|-singleturn|p1a: Think Fast|move: Instruct|[of] p1b: Gurururururu\n|move|p1a: Think Fast|Rock Slide|p2a: Aegislash|[spread] p2a,p2b\n|-resisted|p2a: Aegislash|1\n|-supereffective|p2b: Pelipper|1\n|-damage|p2a: Aegislash|72/100\n|-damage|p2b: Pelipper|6/100\n|\n|-weather|RainDance|[upkeep]\n|upkeep\n|turn|4\n|inactive|aaxalon70 has 30 seconds left.\n|\n|t:|1788380882\n|move|p2b: Pelipper|Wide Guard|p2b: Pelipper\n|-singleturn|p2b: Pelipper|Wide Guard\n|move|p1a: Think Fast|Rock Slide|p2a: Aegislash|[spread] \n|-activate|p2a: Aegislash|move: Wide Guard\n|-activate|p2b: Pelipper|move: Wide Guard\n|move|p2a: Aegislash|Poltergeist||[still]\n|-fail|p2a: Aegislash\n|move|p1b: Gurururururu|Trick Room|p1b: Gurururururu\n|-fieldstart|move: Trick Room|[of] p1b: Gurururururu\n|\n|-weather|RainDance|[upkeep]\n|upkeep\n|turn|5\n|\n|t:|1788380899\n|move|p2b: Pelipper|Wide Guard|p2b: Pelipper\n|-singleturn|p2b: Pelipper|Wide Guard\n|move|p1b: Gurururururu|Instruct|p1a: Think Fast\n|-singleturn|p1a: Think Fast|move: Instruct|[of] p1b: Gurururururu\n|move|p1a: Think Fast|Rock Slide|p2b: Pelipper|[spread] \n|-activate|p2a: Aegislash|move: Wide Guard\n|-activate|p2b: Pelipper|move: Wide Guard\n|move|p2a: Aegislash|Poltergeist||[still]\n|-fail|p2a: Aegislash\n|move|p1a: Think Fast|Rock Slide|p2b: Pelipper|[spread] \n|-activate|p2a: Aegislash|move: Wide Guard\n|-activate|p2b: Pelipper|move: Wide Guard\n|\n|-weather|RainDance|[upkeep]\n|-fieldend|move: Electric Terrain\n|upkeep\n|turn|6\n|inactive|bear gamer 999 has 30 seconds left.\n|inactive|bear gamer 999 has 20 seconds left.\n|inactive|bear gamer 999 has 15 seconds left.\n|\n|t:|1788380940\n|move|p2b: Pelipper|Wide Guard|p2b: Pelipper\n|-singleturn|p2b: Pelipper|Wide Guard\n|move|p1b: Gurururururu|Psychic|p2b: Pelipper\n|-damage|p2b: Pelipper|0 fnt\n|faint|p2b: Pelipper\n|move|p2a: Aegislash|Iron Head|p1a: Think Fast\n|-damage|p1a: Think Fast|0 fnt\n|faint|p1a: Think Fast\n|\n|-weather|RainDance|[upkeep]\n|-sideend|p2: bear gamer 999|move: Tailwind\n|upkeep\n|turn|7\n|\n|t:|1788380955\n|move|p1b: Gurururururu|Psychic|p2a: Aegislash|[miss]\n|-miss|p1b: Gurururururu|p2a: Aegislash\n|move|p2a: Aegislash|Iron Head|p1b: Gurururururu\n|-damage|p1b: Gurururururu|38/100\n|-enditem|p1b: Gurururururu|Sitrus Berry|[eat]\n|-heal|p1b: Gurururururu|63/100|[from] item: Sitrus Berry\n|\n|-weather|none\n|upkeep\n|turn|8\n|\n|t:|1788380968\n|move|p1b: Gurururururu|Psychic|p2a: Aegislash|[miss]\n|-miss|p1b: Gurururururu|p2a: Aegislash\n|move|p2a: Aegislash|Iron Head|p1b: Gurururururu\n|-damage|p1b: Gurururururu|26/100\n|\n|-fieldend|move: Trick Room\n|upkeep\n|turn|9\n|\n|t:|1788380981\n|move|p2a: Aegislash|Iron Head|p1b: Gurururururu\n|-damage|p1b: Gurururururu|0 fnt\n|faint|p1b: Gurururururu\n|\n|win|bear gamer 999\n|raw|aaxalon70's rating: 1172 &rarr; <strong>1142</strong><br />(-30 for losing)\n|raw|bear gamer 999's rating: 1104 &rarr; <strong>1134</strong><br />(+30 for winning)\n","uploadtime":1788380986,"views":"0","formatid":"gen9championsvgc2026regmb","rating":1134,"private":0,"password":null}