{"id":"gen9championsvgc2026regmb-2673903005","format":"[Gen 9 Champions] VGC 2026 Reg M-B","players":["chudwig","Just gonna win dis"],"log":"|j|☆chudwig\n|j|☆Just gonna win dis\n|t:|1788275153\n|gametype|doubles\n|player|p1|chudwig|pokemaniac|1189\n|player|p2|Just gonna win dis|265|1226\n|gen|9\n|tier|[Gen 9 Champions] VGC 2026 Reg M-B\n|rated|\n|rule|Species Clause: Limit one of each Pokémon\n|rule|Item Clause: Limit 1 of each item\n|clearpoke\n|poke|p1|Sylveon, L50, F, shiny|\n|poke|p1|Flareon, L50, M|\n|poke|p1|Umbreon, L50, M, shiny|\n|poke|p1|Espeon, L50, F|\n|poke|p1|Vaporeon, L50, F, shiny|\n|poke|p1|Jolteon, L50, F|\n|poke|p2|Malamar, L50, M|\n|poke|p2|Noivern, L50, F|\n|poke|p2|Farigiraf, L50, M|\n|poke|p2|Incineroar, L50, F|\n|poke|p2|Basculegion, L50, M|\n|poke|p2|Sinistcha, L50|\n|teampreview|4\nJust gonna win dis has agreed to open team sheets.\n|c|☆Just gonna win dis|Bruh\n|\n|t:|1788275214\n|teamsize|p1|4\n|teamsize|p2|4\n|start\n|switch|p1a: Umbreon|Umbreon, L50, M, shiny|100/100\n|switch|p1b: Jolteon|Jolteon, L50, F|100/100\n|switch|p2a: Malamar|Malamar, L50, M|100/100\n|switch|p2b: Incineroar|Incineroar, L50, F|100/100\n|-ability|p2b: Incineroar|Intimidate|boost\n|-unboost|p1a: Umbreon|atk|1\n|-unboost|p1b: Jolteon|atk|1\n|turn|1\n|c|☆chudwig|:D\n|\n|t:|1788275243\n|detailschange|p2a: Malamar|Malamar-Mega, L50, M\n|-mega|p2a: Malamar|Malamar|Malamarite\n|move|p2b: Incineroar|Fake Out|p1b: Jolteon\n|-damage|p1b: Jolteon|79/100\n|cant|p1b: Jolteon|flinch\n|move|p2a: Malamar|Superpower|p1a: Umbreon\n|-supereffective|p1a: Umbreon|1\n|-enditem|p1a: Umbreon|Chople Berry|[eat]\n|-enditem|p1a: Umbreon|Chople Berry|[weaken]\n|-damage|p1a: Umbreon|81/100\n|-boost|p2a: Malamar|atk|1\n|-boost|p2a: Malamar|def|1\n|move|p1a: Umbreon|Yawn|p2a: Malamar\n|-start|p2a: Malamar|move: Yawn|[of] p1a: Umbreon\n|\n|upkeep\n|turn|2\n|\n|t:|1788275268\n|move|p1b: Jolteon|Electroweb|p2a: Malamar|[spread] p2a,p2b\n|-crit|p2b: Incineroar\n|-damage|p2a: Malamar|88/100\n|-damage|p2b: Incineroar|70/100\n|-boost|p2a: Malamar|spe|1\n|-unboost|p2b: Incineroar|spe|1\n|move|p2a: Malamar|Superpower|p1a: Umbreon\n|-supereffective|p1a: Umbreon|1\n|-damage|p1a: Umbreon|33/100\n|-boost|p2a: Malamar|atk|1\n|-boost|p2a: Malamar|def|1\n|move|p1a: Umbreon|Foul Play|p2a: Malamar\n|-damage|p2a: Malamar|52/100\n|move|p2b: Incineroar|Will-O-Wisp|p1b: Jolteon\n|-status|p1b: Jolteon|brn\n|\n|-damage|p1b: Jolteon|73/100 brn|[from] brn\n|-end|p2a: Malamar|move: Yawn|[silent]\n|-status|p2a: Malamar|slp\n|upkeep\n|turn|3\n|\n|t:|1788275293\n|cant|p2a: Malamar|slp\n|move|p1b: Jolteon|Electroweb|p2a: Malamar|[spread] p2a,p2b\n|-damage|p2a: Malamar|40/100 slp\n|-damage|p2b: Incineroar|52/100\n|-boost|p2a: Malamar|spe|1\n|-unboost|p2b: Incineroar|spe|1\n|move|p1a: Umbreon|Foul Play|p2a: Malamar\n|-damage|p2a: Malamar|9/100 slp\n|move|p2b: Incineroar|Flare Blitz|p1a: Umbreon\n|-damage|p1a: Umbreon|4/100\n|-damage|p2b: Incineroar|43/100|[from] Recoil\n|\n|-damage|p1b: Jolteon|68/100 brn|[from] brn\n|upkeep\n|turn|4\n|inactive|Battle timer is ON: inactive players will automatically lose when time's up. (requested by chudwig)\n|\n|t:|1788275318\n|switch|p2b: Farigiraf|Farigiraf, L50, M|100/100\n|cant|p2a: Malamar|slp\n|move|p1b: Jolteon|Electroweb|p2a: Malamar|[spread] p2a,p2b\n|-damage|p2a: Malamar|0 fnt\n|-damage|p2b: Farigiraf|79/100\n|-unboost|p2b: Farigiraf|spe|1\n|faint|p2a: Malamar\n|move|p1a: Umbreon|Foul Play|p2b: Farigiraf\n|-supereffective|p2b: Farigiraf|1\n|-crit|p2b: Farigiraf\n|-damage|p2b: Farigiraf|3/100\n|-enditem|p2b: Farigiraf|Sitrus Berry|[eat]\n|-heal|p2b: Farigiraf|27/100|[from] item: Sitrus Berry\n|\n|-damage|p1b: Jolteon|62/100 brn|[from] brn\n|upkeep\n|\n|t:|1788275322\n|switch|p2a: Noivern|Noivern, L50, F|100/100\n|-item|p1b: Jolteon|Focus Sash|[from] ability: Frisk|[of] p2a: Noivern\n|turn|5\n|-message|Just gonna win dis forfeited.\n|\n|win|chudwig\n|raw|chudwig's rating: 1189 &rarr; <strong>1217</strong><br />(+28 for winning)\n|raw|Just gonna win dis's rating: 1226 &rarr; <strong>1198</strong><br />(-28 for losing)\n|l|☆Just gonna win dis\n|player|p2|\n","uploadtime":1788275356,"views":"6","formatid":"gen9championsvgc2026regmb","rating":1198,"private":0,"password":null}