{"id":"gen9championsvgc2026regmbbo3-2674757077","format":"[Gen 9 Champions] VGC 2026 Reg M-B (Bo3)","players":["Pomini","Pangardi"],"log":"|j|☆Pomini\n|j|☆Pangardi\n|html|<table width=\"100%\"><tr><td align=\"left\">Pomini</td><td align=\"right\">Pangardi</tr><tr><td align=\"left\"><i class=\"fa fa-circle\"></i> <i class=\"fa fa-circle-o\"></i> </td><td align=\"right\"><i class=\"fa fa-circle-o\"></i> <i class=\"fa fa-circle-o\"></i> </tr></table>\n|uhtml|bestof|<h2><strong>Game 2</strong> of <a href=\"/game-bestof3-gen9championsvgc2026regmbbo3-2674755167\">a best-of-3</a></h2>\n|t:|1788401390\n|gametype|doubles\n|player|p1|Pomini|pokekid|\n|player|p2|Pangardi|170|\n|gen|9\n|tier|[Gen 9 Champions] VGC 2026 Reg M-B (Bo3)\n|rule|Species Clause: Limit one of each Pokémon\n|rule|Item Clause: Limit 1 of each item\n|clearpoke\n|poke|p1|Charizard, L50, F|\n|poke|p1|Whimsicott, L50, M|\n|poke|p1|Garchomp, L50, F|\n|poke|p1|Floette-Eternal, L50, F|\n|poke|p1|Basculegion, L50, M|\n|poke|p1|Kingambit, L50, F|\n|poke|p2|Gengar, L50, M|\n|poke|p2|Incineroar, L50, M|\n|poke|p2|Politoed, L50, M|\n|poke|p2|Archaludon, L50, M|\n|poke|p2|Vivillon, L50, F|\n|poke|p2|Swampert, L50, M|\n|teampreview|4\n|showteam|p1|Charizard||CharizarditeY|Blaze|HeatWave,WeatherBall,AncientPower,Protect|Timid||F|||50|]Whimsicott||FocusSash|Prankster|Moonblast,Tailwind,Encore,Protect|Timid||M|||50|]Garchomp||SitrusBerry|RoughSkin|DragonClaw,Earthquake,RockSlide,Protect|Jolly||F|||50|]Floette-Eternal||Floettite|FlowerVeil|Moonblast,DazzlingGleam,LightofRuin,Protect|Modest||F|||50|]Basculegion||LifeOrb|Adaptability|WaveCrash,LastRespects,AquaJet,Protect|Adamant||M|||50|]Kingambit||OccaBerry|Defiant|KowtowCleave,SuckerPunch,IronHead,LowKick|Adamant||F|||50|\n|showteam|p2|Gengar||Gengarite|CursedBody|ShadowBall,SludgeBomb,PerishSong,Protect|Modest||M|||50|]Incineroar||PayapaBerry|Intimidate|ThroatChop,FakeOut,PartingShot,Protect|Adamant||M|||50|]Politoed||SitrusBerry|Drizzle|WeatherBall,Hypnosis,PerishSong,Protect|Modest||M|||50|]Archaludon||Leftovers|Stamina|DragonPulse,Protect,FlashCannon,ElectroShot|Timid||M|||50|]Vivillon||FocusSash|CompoundEyes|Hurricane,SleepPowder,RagePowder,Protect|Timid||F|||50|]Swampert||Swampertite|Damp|WaveCrash,HighHorsepower,IcePunch,Protect|Adamant||M|||50|\n|\n|t:|1788401444\n|teamsize|p1|4\n|teamsize|p2|4\n|start\n|switch|p1a: Charizard|Charizard, L50, F|100/100\n|switch|p1b: Garchomp|Garchomp, L50, F|100/100\n|switch|p2a: Vivillon|Vivillon, L50, F|100/100\n|switch|p2b: Gengar|Gengar, L50, M|100/100\n|turn|1\n|\n|t:|1788401496\n|detailschange|p1a: Charizard|Charizard-Mega-Y, L50, F\n|-mega|p1a: Charizard|Charizard|Charizardite Y\n|-weather|SunnyDay|[from] ability: Drought|[of] p1a: Charizard\n|move|p2a: Vivillon|Protect|p2a: Vivillon\n|-singleturn|p2a: Vivillon|Protect\n|move|p2b: Gengar|Protect|p2b: Gengar\n|-singleturn|p2b: Gengar|Protect\n|move|p1b: Garchomp|Rock Slide|p2b: Gengar|[spread] \n|-activate|p2a: Vivillon|move: Protect\n|-activate|p2b: Gengar|move: Protect\n|move|p1a: Charizard|Heat Wave|p2b: Gengar|[spread] \n|-activate|p2a: Vivillon|move: Protect\n|-activate|p2b: Gengar|move: Protect\n|\n|-weather|SunnyDay|[upkeep]\n|upkeep\n|turn|2\n|\n|t:|1788401526\n|switch|p1b: Whimsicott|Whimsicott, L50, M|100/100\n|switch|p2b: Politoed|Politoed, L50, M|100/100\n|-weather|RainDance|[from] ability: Drizzle|[of] p2b: Politoed\n|move|p1a: Charizard|Weather Ball|p2b: Politoed\n|-resisted|p2b: Politoed|1\n|-damage|p2b: Politoed|74/100\n|move|p2a: Vivillon|Sleep Powder|p1a: Charizard\n|-status|p1a: Charizard|slp|[from] move: Sleep Powder\n|\n|-weather|RainDance|[upkeep]\n|upkeep\n|turn|3\n|\n|t:|1788401549\n|switch|p1a: Basculegion|Basculegion, L50, M|100/100\n|move|p1b: Whimsicott|Tailwind|p1b: Whimsicott\n|-sidestart|p1: Pomini|move: Tailwind\n|move|p2a: Vivillon|Hurricane|p1b: Whimsicott\n|-supereffective|p1b: Whimsicott|1\n|-enditem|p1b: Whimsicott|Focus Sash\n|-damage|p1b: Whimsicott|1/100\n|move|p2b: Politoed|Weather Ball|p1b: Whimsicott\n|-resisted|p1b: Whimsicott|1\n|-damage|p1b: Whimsicott|0 fnt\n|faint|p1b: Whimsicott\n|\n|-weather|RainDance|[upkeep]\n|upkeep\n|\n|t:|1788401571\n|switch|p1b: Garchomp|Garchomp, L50, F|100/100\n|turn|4\n|\n|t:|1788401604\n|move|p2a: Vivillon|Protect|p2a: Vivillon\n|-singleturn|p2a: Vivillon|Protect\n|move|p2b: Politoed|Protect|p2b: Politoed\n|-singleturn|p2b: Politoed|Protect\n|move|p1a: Basculegion|Aqua Jet|p2a: Vivillon\n|-activate|p2a: Vivillon|move: Protect\n|move|p1b: Garchomp|Rock Slide|p2a: Vivillon|[spread] \n|-activate|p2a: Vivillon|move: Protect\n|-activate|p2b: Politoed|move: Protect\n|\n|-weather|RainDance|[upkeep]\n|upkeep\n|turn|5\n|\n|t:|1788401630\n|switch|p2a: Archaludon|Archaludon, L50, M|100/100\n|move|p1a: Basculegion|Aqua Jet|p2a: Archaludon\n|-resisted|p2a: Archaludon|1\n|-damage|p2a: Archaludon|79/100\n|-ability|p2a: Archaludon|Stamina|boost\n|-boost|p2a: Archaludon|def|1\n|-damage|p1a: Basculegion|90/100|[from] item: Life Orb\n|move|p1b: Garchomp|Rock Slide|p2b: Politoed|[spread] p2a,p2b\n|-resisted|p2a: Archaludon|1\n|-damage|p2a: Archaludon|75/100\n|-damage|p2b: Politoed|60/100\n|-ability|p2a: Archaludon|Stamina|boost\n|-boost|p2a: Archaludon|def|1\n|cant|p2b: Politoed|flinch\n|\n|-weather|RainDance|[upkeep]\n|-heal|p2a: Archaludon|81/100|[from] item: Leftovers\n|upkeep\n|turn|6\n|\n|t:|1788401656\n|move|p1a: Basculegion|Protect|p1a: Basculegion\n|-singleturn|p1a: Basculegion|Protect\n|move|p2a: Archaludon|Protect|p2a: Archaludon\n|-singleturn|p2a: Archaludon|Protect\n|move|p1b: Garchomp|Earthquake|p2b: Politoed|[spread] p2b\n|-activate|p1a: Basculegion|move: Protect\n|-activate|p2a: Archaludon|move: Protect\n|-damage|p2b: Politoed|30/100\n|-enditem|p2b: Politoed|Sitrus Berry|[eat]\n|-heal|p2b: Politoed|55/100|[from] item: Sitrus Berry\n|move|p2b: Politoed|Hypnosis|p1b: Garchomp\n|-status|p1b: Garchomp|slp|[from] move: Hypnosis\n|\n|-weather|none\n|-heal|p2a: Archaludon|87/100|[from] item: Leftovers\n|-sideend|p1: Pomini|move: Tailwind\n|upkeep\n|turn|7\n|\n|t:|1788401694\n|switch|p2b: Gengar|Gengar, L50, M|100/100\n|cant|p1b: Garchomp|slp\n|move|p2a: Archaludon|Dragon Pulse|p1b: Garchomp\n|-supereffective|p1b: Garchomp|1\n|-damage|p1b: Garchomp|19/100 slp\n|-enditem|p1b: Garchomp|Sitrus Berry|[eat]\n|-heal|p1b: Garchomp|44/100 slp|[from] item: Sitrus Berry\n|move|p1a: Basculegion|Last Respects|p2a: Archaludon\n|-damage|p2a: Archaludon|54/100\n|-ability|p2a: Archaludon|Stamina|boost\n|-boost|p2a: Archaludon|def|1\n|-damage|p1a: Basculegion|80/100|[from] item: Life Orb\n|\n|-heal|p2a: Archaludon|60/100|[from] item: Leftovers\n|upkeep\n|turn|8\n|\n|t:|1788401742\n|switch|p2b: Politoed|Politoed, L50, M|55/100\n|-weather|RainDance|[from] ability: Drizzle|[of] p2b: Politoed\n|move|p1a: Basculegion|Protect|p1a: Basculegion\n|-singleturn|p1a: Basculegion|Protect\n|cant|p1b: Garchomp|slp\n|move|p2a: Archaludon|Electro Shot||[still]\n|-prepare|p2a: Archaludon|Electro Shot\n|-boost|p2a: Archaludon|spa|1\n|-anim|p2a: Archaludon|Electro Shot|p1a: Basculegion\n|-activate|p1a: Basculegion|move: Protect\n|\n|-weather|RainDance|[upkeep]\n|-heal|p2a: Archaludon|66/100|[from] item: Leftovers\n|upkeep\n|turn|9\n|\n|t:|1788401768\n|switch|p1a: Charizard|Charizard-Mega-Y, L50, F|100/100 slp\n|-weather|SunnyDay|[from] ability: Drought|[of] p1a: Charizard\n|move|p2b: Politoed|Protect|p2b: Politoed\n|-singleturn|p2b: Politoed|Protect\n|-curestatus|p1b: Garchomp|slp|[msg]\n|move|p1b: Garchomp|Dragon Claw|p2b: Politoed\n|-activate|p2b: Politoed|move: Protect\n|move|p2a: Archaludon|Electro Shot||[still]\n|-prepare|p2a: Archaludon|Electro Shot\n|-boost|p2a: Archaludon|spa|1\n|\n|-weather|SunnyDay|[upkeep]\n|-heal|p2a: Archaludon|72/100|[from] item: Leftovers\n|upkeep\n|turn|10\n|\n|t:|1788401826\n|move|p1b: Garchomp|Earthquake|p2a: Archaludon|[spread] p2a,p2b\n|-immune|p1a: Charizard\n|-supereffective|p2a: Archaludon|1\n|-damage|p2a: Archaludon|53/100\n|-damage|p2b: Politoed|25/100\n|-ability|p2a: Archaludon|Stamina|boost\n|-boost|p2a: Archaludon|def|1\n|cant|p1a: Charizard|slp\n|move|p2a: Archaludon|Electro Shot|p1a: Charizard|[from] lockedmove\n|-supereffective|p1a: Charizard|1\n|-damage|p1a: Charizard|0 fnt\n|faint|p1a: Charizard\n|move|p2b: Politoed|Hypnosis|p1b: Garchomp\n|-status|p1b: Garchomp|slp|[from] move: Hypnosis\n|\n|-weather|SunnyDay|[upkeep]\n|-heal|p2a: Archaludon|59/100|[from] item: Leftovers\n|upkeep\n|\n|t:|1788401841\n|switch|p1a: Basculegion|Basculegion, L50, M|80/100\n|turn|11\n|\n|t:|1788401857\n|switch|p2b: Gengar|Gengar, L50, M|100/100\n|move|p2a: Archaludon|Protect|p2a: Archaludon\n|-singleturn|p2a: Archaludon|Protect\n|cant|p1b: Garchomp|slp\n|move|p1a: Basculegion|Last Respects|p2a: Archaludon\n|-activate|p2a: Archaludon|move: Protect\n|\n|-weather|SunnyDay|[upkeep]\n|-heal|p2a: Archaludon|65/100|[from] item: Leftovers\n|upkeep\n|turn|12\n|\n|t:|1788401879\n|switch|p2a: Politoed|Politoed, L50, M|25/100\n|-weather|RainDance|[from] ability: Drizzle|[of] p2a: Politoed\n|detailschange|p2b: Gengar|Gengar-Mega, L50, M\n|-mega|p2b: Gengar|Gengar|Gengarite\n|move|p1a: Basculegion|Protect|p1a: Basculegion\n|-singleturn|p1a: Basculegion|Protect\n|-curestatus|p1b: Garchomp|slp|[msg]\n|move|p1b: Garchomp|Earthquake|p2a: Politoed|[spread] p2a,p2b\n|-activate|p1a: Basculegion|move: Protect\n|-supereffective|p2b: Gengar|1\n|-damage|p2a: Politoed|0 fnt\n|-damage|p2b: Gengar|20/100r\n|faint|p2a: Politoed\n|move|p2b: Gengar|Shadow Ball|p1a: Basculegion\n|-activate|p1a: Basculegion|move: Protect\n|\n|-weather|RainDance|[upkeep]\n|upkeep\n|\n|t:|1788401896\n|switch|p2a: Archaludon|Archaludon, L50, M|65/100\n|turn|13\n|\n|t:|1788401919\n|move|p2b: Gengar|Protect|p2b: Gengar\n|-singleturn|p2b: Gengar|Protect\n|move|p1a: Basculegion|Aqua Jet|p2b: Gengar\n|-activate|p2b: Gengar|move: Protect\n|move|p1b: Garchomp|Earthquake|p2b: Gengar|[spread] p1a,p2a\n|-activate|p2b: Gengar|move: Protect\n|-supereffective|p2a: Archaludon|1\n|-damage|p1a: Basculegion|38/100\n|-damage|p2a: Archaludon|16/100\n|-ability|p2a: Archaludon|Stamina|boost\n|-boost|p2a: Archaludon|def|1\n|move|p2a: Archaludon|Dragon Pulse|p1b: Garchomp\n|-supereffective|p1b: Garchomp|1\n|-damage|p1b: Garchomp|0 fnt\n|faint|p1b: Garchomp\n|\n|-weather|RainDance|[upkeep]\n|-heal|p2a: Archaludon|22/100|[from] item: Leftovers\n|upkeep\n|turn|14\n|\n|t:|1788401950\n|move|p1a: Basculegion|Aqua Jet|p2b: Gengar\n|-damage|p2b: Gengar|0 fnt\n|faint|p2b: Gengar\n|-damage|p1a: Basculegion|29/100|[from] item: Life Orb\n|move|p2a: Archaludon|Electro Shot||[still]\n|-prepare|p2a: Archaludon|Electro Shot\n|-boost|p2a: Archaludon|spa|1\n|-anim|p2a: Archaludon|Electro Shot|p1a: Basculegion\n|-supereffective|p1a: Basculegion|1\n|-damage|p1a: Basculegion|0 fnt\n|faint|p1a: Basculegion\n|\n|win|Pangardi\n","uploadtime":1788401400,"views":"0","formatid":"gen9championsvgc2026regmbbo3","rating":null,"private":0,"password":null}