{"id":"gen9championsvgc2026regmb-2674245921","format":"[Gen 9 Champions] VGC 2026 Reg M-B","players":["azzy_aster","JugglingSage"],"log":"|j|☆azzy_aster\n|j|☆JugglingSage\n|t:|1788322448\n|gametype|doubles\n|player|p1|azzy_aster|lass-gen4dp|1025\n|player|p2|JugglingSage|pokemonrangerf-gen4|1028\n|gen|9\n|tier|[Gen 9 Champions] VGC 2026 Reg M-B\n|rated|\n|rule|Species Clause: Limit one of each Pokémon\n|rule|Item Clause: Limit 1 of each item\n|clearpoke\n|poke|p1|Eelektross, L50, F, shiny|\n|poke|p1|Excadrill, L50, F, shiny|\n|poke|p1|Whimsicott, L50, F, shiny|\n|poke|p1|Hydreigon, L50, M, shiny|\n|poke|p1|Musharna, L50, M, shiny|\n|poke|p1|Scrafty, L50, M, shiny|\n|poke|p2|Houndoom, L50, F|\n|poke|p2|Pelipper, L50, M|\n|poke|p2|Archaludon, L50, F|\n|poke|p2|Swampert, L50, M|\n|poke|p2|Meowstic, L50, M|\n|poke|p2|Gardevoir, L50, M|\n|teampreview|4\n|inactive|Battle timer is ON: inactive players will automatically lose when time's up. (requested by azzy_aster)\n|inactive|JugglingSage has 60 seconds left.\n|\n|t:|1788322503\n|teamsize|p1|4\n|teamsize|p2|4\n|start\n|switch|p1a: Eelektross|Eelektross, L50, F, shiny|100/100\n|switch|p1b: Whimsicott|Whimsicott, L50, F, shiny|100/100\n|switch|p2a: Gardevoir|Gardevoir, L50, M|100/100\n|switch|p2b: Meowstic|Meowstic, L50, M|100/100\n|-ability|p2a: Gardevoir|Prankster|Trace|[from] ability: Trace|[of] p1b: Whimsicott\n|turn|1\n|inactive|JugglingSage has 30 seconds left.\n|inactive|JugglingSage has 20 seconds left.\n|inactive|JugglingSage has 15 seconds left.\n|\n|t:|1788322546\n|detailschange|p1a: Eelektross|Eelektross-Mega, L50, F, shiny\n|-mega|p1a: Eelektross|Eelektross|Eelektrossite\n|move|p2b: Meowstic|Fake Out|p1b: Whimsicott\n|-damage|p1b: Whimsicott|92/100\n|cant|p1b: Whimsicott|flinch\n|move|p2a: Gardevoir|Encore||[still]\n|-fail|p2a: Gardevoir\n|move|p1a: Eelektross|Discharge|p2b: Meowstic|[spread] p1b,p2a,p2b\n|-resisted|p1b: Whimsicott|1\n|-damage|p1b: Whimsicott|69/100\n|-damage|p2a: Gardevoir|64/100\n|-damage|p2b: Meowstic|73/100\n|\n|upkeep\n|turn|2\n|inactive|JugglingSage has 30 seconds left.\n|\n|t:|1788322580\n|move|p2a: Gardevoir|Protect|p2a: Gardevoir\n|-singleturn|p2a: Gardevoir|Protect\n|move|p1b: Whimsicott|Tailwind|p1b: Whimsicott\n|-sidestart|p1: azzy_aster|move: Tailwind\n|move|p2b: Meowstic|Rain Dance|p2b: Meowstic\n|-weather|RainDance\n|move|p1a: Eelektross|Discharge|p2b: Meowstic|[spread] p1b,p2b\n|-activate|p2a: Gardevoir|move: Protect\n|-resisted|p1b: Whimsicott|1\n|-damage|p1b: Whimsicott|47/100\n|-damage|p2b: Meowstic|50/100g\n|\n|-weather|RainDance|[upkeep]\n|upkeep\n|turn|3\n|inactive|JugglingSage has 30 seconds left.\n|inactive|JugglingSage has 20 seconds left.\n|inactive|JugglingSage has 15 seconds left.\n|inactive|JugglingSage has 10 seconds left.\n|\n|t:|1788322628\n|switch|p1b: Musharna|Musharna, L50, M, shiny|100/100\n|detailschange|p2a: Gardevoir|Gardevoir-Mega, L50, M\n|-mega|p2a: Gardevoir|Gardevoir|Gardevoirite\n|move|p1a: Eelektross|Muddy Water|p2b: Meowstic|[spread] p2a,p2b\n|-damage|p2a: Gardevoir|33/100\n|-damage|p2b: Meowstic|23/100\n|move|p2a: Gardevoir|Hyper Voice|p1a: Eelektross|[spread] p1a,p1b\n|-damage|p1a: Eelektross|51/100\n|-damage|p1b: Musharna|65/100\n|move|p2b: Meowstic|Energy Ball|p1a: Eelektross\n|-damage|p1a: Eelektross|33/100\n|\n|-weather|RainDance|[upkeep]\n|upkeep\n|turn|4\n|inactive|azzy_aster has 30 seconds left.\n|inactive|JugglingSage has 30 seconds left.\n|inactive|JugglingSage has 20 seconds left.\n|inactive|JugglingSage has 15 seconds left.\n|\n|t:|1788322672\n|switch|p2a: Archaludon|Archaludon, L50, F|100/100\n|move|p1a: Eelektross|Protect|p1a: Eelektross\n|-singleturn|p1a: Eelektross|Protect\n|move|p2b: Meowstic|Energy Ball|p1a: Eelektross\n|-activate|p1a: Eelektross|move: Protect\n|move|p1b: Musharna|Light Screen|p1b: Musharna\n|-sidestart|p1: azzy_aster|move: Light Screen\n|\n|-weather|RainDance|[upkeep]\n|upkeep\n|turn|5\n|inactive|JugglingSage has 30 seconds left.\n|inactive|JugglingSage has 20 seconds left.\n|\n|t:|1788322712\n|move|p1b: Musharna|Ally Switch|p1b: Musharna\n|swap|p1b: Musharna|0|[from] move: Ally Switch\n|move|p2b: Meowstic|Skill Swap|p1b: Eelektross\n|-activate|p2b: Meowstic|Skill Swap|Eelevate|Prankster|[of] p1b: Eelektross\n|move|p1b: Eelektross|Thunderbolt|p2b: Meowstic\n|-damage|p2b: Meowstic|0 fnt\n|faint|p2b: Meowstic\n|move|p2a: Archaludon|Electro Shot||[still]\n|-prepare|p2a: Archaludon|Electro Shot\n|-boost|p2a: Archaludon|spa|1\n|-anim|p2a: Archaludon|Electro Shot|p1a: Musharna\n|-damage|p1a: Musharna|33/100\n|-enditem|p1a: Musharna|Sitrus Berry|[eat]\n|-heal|p1a: Musharna|57/100|[from] item: Sitrus Berry\n|\n|-weather|RainDance|[upkeep]\n|-sideend|p1: azzy_aster|move: Tailwind\n|upkeep\n|\n|t:|1788322730\n|switch|p2b: Pelipper|Pelipper, L50, M|100/100\n|turn|6\n|\n|t:|1788322748\n|switch|p1b: Hydreigon|Hydreigon, L50, M, shiny|100/100\n|move|p2a: Archaludon|Electro Shot||[still]\n|-prepare|p2a: Archaludon|Electro Shot\n|-boost|p2a: Archaludon|spa|1\n|-anim|p2a: Archaludon|Electro Shot|p1a: Musharna\n|-damage|p1a: Musharna|17/100\n|move|p2b: Pelipper|Tailwind|p2b: Pelipper\n|-sidestart|p2: JugglingSage|move: Tailwind\n|move|p1a: Musharna|Expanding Force|p2b: Pelipper\n|-damage|p2b: Pelipper|59/100\n|\n|-weather|none\n|upkeep\n|turn|7\n|inactive|JugglingSage has 30 seconds left.\n|\n|t:|1788322777\n|move|p1a: Musharna|Ally Switch|p1a: Musharna\n|swap|p1a: Musharna|1|[from] move: Ally Switch\n|move|p2a: Archaludon|Aura Sphere|p1a: Hydreigon\n|-supereffective|p1a: Hydreigon|1\n|-damage|p1a: Hydreigon|18/100\n|move|p2b: Pelipper|Ice Beam|p1a: Hydreigon\n|-supereffective|p1a: Hydreigon|1\n|-damage|p1a: Hydreigon|0 fnt\n|faint|p1a: Hydreigon\n|\n|upkeep\n|\n|t:|1788322789\n|switch|p1a: Whimsicott|Whimsicott, L50, F, shiny|47/100\n|turn|8\n|\n|t:|1788322813\n|move|p1a: Whimsicott|Tailwind|p1a: Whimsicott\n|-sidestart|p1: azzy_aster|move: Tailwind\n|move|p2a: Archaludon|Electro Shot||[still]\n|-prepare|p2a: Archaludon|Electro Shot\n|-boost|p2a: Archaludon|spa|1\n|move|p2b: Pelipper|Ice Beam|p1a: Whimsicott\n|-supereffective|p1a: Whimsicott|1\n|-damage|p1a: Whimsicott|0 fnt\n|faint|p1a: Whimsicott\n|move|p1b: Musharna|Expanding Force|p2b: Pelipper\n|-damage|p2b: Pelipper|16/100\n|\n|-sideend|p1: azzy_aster|move: Light Screen\n|upkeep\n|\n|t:|1788322823\n|switch|p1a: Eelektross|Eelektross-Mega, L50, F, shiny|33/100\n|turn|9\n|\n|t:|1788322842\n|move|p1b: Musharna|Ally Switch|p1b: Musharna\n|swap|p1b: Musharna|0|[from] move: Ally Switch\n|move|p2a: Archaludon|Electro Shot|p1a: Musharna|[from] lockedmove\n|-damage|p1a: Musharna|0 fnt\n|faint|p1a: Musharna\n|move|p1b: Eelektross|Discharge|p2a: Archaludon|[spread] p2a,p2b\n|-resisted|p2a: Archaludon|1\n|-supereffective|p2b: Pelipper|2\n|-enditem|p2b: Pelipper|Wacan Berry|[eat]\n|-enditem|p2b: Pelipper|Wacan Berry|[weaken]\n|-damage|p2a: Archaludon|78/100\n|-damage|p2b: Pelipper|0 fnt\n|faint|p2b: Pelipper\n|-ability|p1b: Eelektross|Eelevate|boost\n|-boost|p1b: Eelektross|spa|1\n|\n|-sideend|p2: JugglingSage|move: Tailwind\n|upkeep\n|\n|t:|1788322853\n|switch|p2b: Gardevoir|Gardevoir-Mega, L50, M|33/100\n|turn|10\n|\n|t:|1788322868\n|move|p1b: Eelektross|Discharge|p2b: Gardevoir|[spread] p2a,p2b\n|-resisted|p2a: Archaludon|1\n|-damage|p2a: Archaludon|46/100\n|-damage|p2b: Gardevoir|0 fnt\n|faint|p2b: Gardevoir\n|-ability|p1b: Eelektross|Eelevate|boost\n|-boost|p1b: Eelektross|spa|1\n|move|p2a: Archaludon|Aura Sphere|p1b: Eelektross\n|-damage|p1b: Eelektross|0 fnt\n|faint|p1b: Eelektross\n|\n|win|JugglingSage\n|raw|azzy_aster's rating: 1025 &rarr; <strong>1011</strong><br />(-14 for losing)\n|raw|JugglingSage's rating: 1028 &rarr; <strong>1063</strong><br />(+35 for winning)\n|l|☆azzy_aster\n|player|p1|\n","uploadtime":1788323295,"views":"2","formatid":"gen9championsvgc2026regmb","rating":1011,"private":0,"password":null}