{"id":"gen9championsvgc2026regmbbo3-2673542927","format":"[Gen 9 Champions] VGC 2026 Reg M-B (Bo3)","players":["javivaarela","Dregoth"],"log":"|j|☆javivaarela\n|j|☆Dregoth\n|html|<table width=\"100%\"><tr><td align=\"left\">javivaarela</td><td align=\"right\">Dregoth</tr><tr><td align=\"left\"><i class=\"fa fa-circle-o\"></i> <i class=\"fa fa-circle-o\"></i> </td><td align=\"right\"><i class=\"fa fa-circle-o\"></i> <i class=\"fa fa-circle-o\"></i> </tr></table>\n|uhtml|bestof|<h2><strong>Game 1</strong> of <a href=\"/game-bestof3-gen9championsvgc2026regmbbo3-2673542926\">a best-of-3</a></h2>\n|t:|1788210839\n|gametype|doubles\n|player|p1|javivaarela|shadowtriad|1340\n|player|p2|Dregoth|volkner|1467\n|gen|9\n|tier|[Gen 9 Champions] VGC 2026 Reg M-B (Bo3)\n|rated|\n|rule|Species Clause: Limit one of each Pokémon\n|rule|Item Clause: Limit 1 of each item\n|clearpoke\n|poke|p1|Staraptor, L50, M, shiny|\n|poke|p1|Arcanine-Hisui, L50, F, shiny|\n|poke|p1|Kingambit, L50, F, shiny|\n|poke|p1|Sylveon, L50, F, shiny|\n|poke|p1|Raichu, L50, M, shiny|\n|poke|p1|Farigiraf, L50, M, shiny|\n|poke|p2|Charizard, L50, M|\n|poke|p2|Farigiraf, L50, F|\n|poke|p2|Incineroar, L50, M|\n|poke|p2|Rhyperior, L50, M|\n|poke|p2|Aegislash, L50, M|\n|poke|p2|Sylveon, L50, M|\n|teampreview|4\n|showteam|p1|Staraptor||Staraptite|Intimidate|DualWingbeat,CloseCombat,Tailwind,Protect|Jolly||M|||50|]Arcanine-Hisui||FocusSash|RockHead|FlareBlitz,HeadSmash,ExtremeSpeed,Protect|Jolly||F|||50|]Kingambit||LifeOrb|Defiant|KowtowCleave,SuckerPunch,SwordsDance,Protect|Adamant||F|||50|]Sylveon||FairyFeather|Pixilate|HyperVoice,HyperBeam,QuickAttack,Detect|Modest||F|||50|]Raichu||RaichuniteY|LightningRod|ZapCannon,FocusBlast,FakeOut,Protect|Timid||M|||50|]Farigiraf||SitrusBerry|ArmorTail|Psychic,HelpingHand,TrickRoom,Protect|Calm||M|||50|\n|showteam|p2|Charizard||CharizarditeY|SolarPower|HeatWave,WeatherBall,SolarBeam,Protect|Modest||M|||50|]Farigiraf||SitrusBerry|ArmorTail|TwinBeam,HelpingHand,TrickRoom,AllySwitch|Calm||F|||50|]Incineroar||Charcoal|Intimidate|FlareBlitz,DarkestLariat,FakeOut,PartingShot|Brave||M|||50|]Rhyperior||LifeOrb|SolidRock|HighHorsepower,RockSlide,IcePunch,Protect|Adamant||M|||50|]Aegislash||FocusSash|StanceChange|Poltergeist,IronHead,CloseCombat,WideGuard|Adamant||M|||50|]Sylveon||FairyFeather|Pixilate|HyperVoice,HyperBeam,Yawn,Protect|Quiet||M|||50|\n|inactive|Battle timer is ON: inactive players will automatically lose when time's up. (requested by Dregoth)\n|\n|t:|1788210962\n|teamsize|p1|4\n|teamsize|p2|4\n|start\n|switch|p1a: Big Chu|Raichu, L50, M, shiny|100/100\n|switch|p1b: WrathofKhan|Kingambit, L50, F, shiny|100/100\n|switch|p2a: Aegislash|Aegislash, L50, M|100/100\n|switch|p2b: Farigiraf|Farigiraf, L50, F|100/100\n|turn|1\n|\n|t:|1788210986\n|switch|p1b: Sadie Sink|Sylveon, L50, F, shiny|100/100\n|detailschange|p1a: Big Chu|Raichu-Mega-Y, L50, M, shiny\n|-mega|p1a: Big Chu|Raichu|Raichunite Y\n|move|p2b: Farigiraf|Ally Switch|p2b: Farigiraf\n|swap|p2b: Farigiraf|0|[from] move: Ally Switch\n|move|p1a: Big Chu|Zap Cannon|p2b: Aegislash\n|-damage|p2b: Aegislash|37/100\n|-status|p2b: Aegislash|par\n|-formechange|p2b: Aegislash|Aegislash-Blade|\n|move|p2b: Aegislash|Close Combat|p1b: Sadie Sink\n|-resisted|p1b: Sadie Sink|1\n|-damage|p1b: Sadie Sink|68/100\n|-unboost|p2b: Aegislash|def|1\n|-unboost|p2b: Aegislash|spd|1\n|\n|upkeep\n|turn|2\n|\n|t:|1788211001\n|move|p1a: Big Chu|Zap Cannon|p2a: Farigiraf\n|-damage|p2a: Farigiraf|49/100\n|-status|p2a: Farigiraf|par\n|-enditem|p2a: Farigiraf|Sitrus Berry|[eat]\n|-heal|p2a: Farigiraf|73/100 par|[from] item: Sitrus Berry\n|move|p1b: Sadie Sink|Hyper Voice|p2a: Farigiraf|[spread] p2a,p2b\n|-resisted|p2b: Aegislash|1\n|-damage|p2a: Farigiraf|38/100 par\n|-damage|p2b: Aegislash|0 fnt\n|faint|p2b: Aegislash\n|move|p2a: Farigiraf|Trick Room|p2a: Farigiraf\n|-fieldstart|move: Trick Room|[of] p2a: Farigiraf\n|\n|upkeep\n|\n|t:|1788211008\n|switch|p2b: Sylveon|Sylveon, L50, M|100/100\n|turn|3\n|inactive|javivaarela has 30 seconds left.\n|\n|t:|1788211036\n|move|p2a: Farigiraf|Helping Hand|p2b: Sylveon\n|-singleturn|p2b: Sylveon|Helping Hand|[of] p2a: Farigiraf\n|move|p1b: Sadie Sink|Detect|p1b: Sadie Sink\n|-singleturn|p1b: Sadie Sink|Protect\n|move|p1a: Big Chu|Protect|p1a: Big Chu\n|-singleturn|p1a: Big Chu|Protect\n|move|p2b: Sylveon|Hyper Voice|p1b: Sadie Sink|[spread] \n|-activate|p1a: Big Chu|move: Protect\n|-activate|p1b: Sadie Sink|move: Protect\n|\n|upkeep\n|turn|4\n|\n|t:|1788211048\n|switch|p1a: Wasabi|Arcanine-Hisui, L50, F, shiny|100/100\n|move|p2a: Farigiraf|Helping Hand|p2b: Sylveon\n|-singleturn|p2b: Sylveon|Helping Hand|[of] p2a: Farigiraf\n|move|p2b: Sylveon|Hyper Voice|p1a: Wasabi|[spread] p1a,p1b\n|-resisted|p1a: Wasabi|1\n|-damage|p1a: Wasabi|54/100\n|-damage|p1b: Sadie Sink|16/100\n|move|p1b: Sadie Sink|Hyper Beam|p2b: Sylveon\n|-damage|p2b: Sylveon|23/100\n|-mustrecharge|p1b: Sadie Sink\n|\n|upkeep\n|turn|5\n|\n|t:|1788211060\n|switch|p2a: Rhyperior|Rhyperior, L50, M|100/100\n|move|p1a: Wasabi|Protect|p1a: Wasabi\n|-singleturn|p1a: Wasabi|Protect\n|move|p2b: Sylveon|Hyper Voice|p1a: Wasabi|[spread] p1b\n|-activate|p1a: Wasabi|move: Protect\n|-damage|p1b: Sadie Sink|0 fnt\n|faint|p1b: Sadie Sink\n|\n|upkeep\n|inactive|javivaarela has 30 seconds left.\n|inactive|javivaarela has 20 seconds left.\n|\n|t:|1788211098\n|switch|p1b: Big Chu|Raichu-Mega-Y, L50, M, shiny|100/100\n|turn|6\n|\n|t:|1788211111\n|switch|p2b: Farigiraf|Farigiraf, L50, F|38/100 par\n|move|p1b: Big Chu|Protect|p1b: Big Chu\n|-singleturn|p1b: Big Chu|Protect\n|move|p1a: Wasabi|Extreme Speed||[still]\n|cant|p2b: Farigiraf|ability: Armor Tail|Extreme Speed|[of] p1a: Wasabi\n|move|p2a: Rhyperior|High Horsepower|p1a: Wasabi\n|-supereffective|p1a: Wasabi|2\n|-damage|p1a: Wasabi|0 fnt\n|faint|p1a: Wasabi\n|-damage|p2a: Rhyperior|90/100|[from] item: Life Orb\n|\n|-fieldend|move: Trick Room\n|upkeep\n|\n|t:|1788211114\n|switch|p1a: WrathofKhan|Kingambit, L50, F, shiny|100/100\n|turn|7\n|\n|t:|1788211132\n|move|p2b: Farigiraf|Ally Switch|p2b: Farigiraf\n|swap|p2b: Farigiraf|0|[from] move: Ally Switch\n|move|p1b: Big Chu|Focus Blast|p2a: Farigiraf\n|-damage|p2a: Farigiraf|5/100 par\n|move|p1a: WrathofKhan|Kowtow Cleave|p2b: Rhyperior\n|-damage|p2b: Rhyperior|48/100\n|-damage|p1a: WrathofKhan|90/100|[from] item: Life Orb\n|move|p2b: Rhyperior|High Horsepower|p1a: WrathofKhan\n|-supereffective|p1a: WrathofKhan|1\n|-damage|p1a: WrathofKhan|0 fnt\n|faint|p1a: WrathofKhan\n|-damage|p2b: Rhyperior|38/100|[from] item: Life Orb\n|\n|upkeep\n|turn|8\n|\n|t:|1788211147\n|move|p1b: Big Chu|Zap Cannon|p2a: Farigiraf\n|-damage|p2a: Farigiraf|0 fnt\n|faint|p2a: Farigiraf\n|move|p2b: Rhyperior|High Horsepower|p1b: Big Chu\n|-supereffective|p1b: Big Chu|1\n|-damage|p1b: Big Chu|0 fnt\n|faint|p1b: Big Chu\n|-damage|p2b: Rhyperior|28/100|[from] item: Life Orb\n|\n|win|Dregoth\n","uploadtime":1788211147,"views":"1","formatid":"gen9championsvgc2026regmbbo3","rating":null,"private":0,"password":null}