{"id":"gen9championsvgc2026regmbbo3-2674002566","format":"[Gen 9 Champions] VGC 2026 Reg M-B (Bo3)","players":["reuman","FatherPenguin"],"log":"|j|☆reuman\n|j|☆FatherPenguin\n|html|<table width=\"100%\"><tr><td align=\"left\">reuman</td><td align=\"right\">FatherPenguin</tr><tr><td align=\"left\"><i class=\"fa fa-circle-o\"></i> <i class=\"fa fa-circle-o\"></i> </td><td align=\"right\"><i class=\"fa fa-circle-o\"></i> <i class=\"fa fa-circle\"></i> </tr></table>\n|uhtml|bestof|<h2><strong>Game 2</strong> of <a href=\"/game-bestof3-gen9championsvgc2026regmbbo3-2673998964\">a best-of-3</a></h2>\n|t:|1788286952\n|gametype|doubles\n|player|p1|reuman|lucas|1150\n|player|p2|FatherPenguin|acetrainersnow|1238\n|gen|9\n|tier|[Gen 9 Champions] VGC 2026 Reg M-B (Bo3)\n|rated|\n|rule|Species Clause: Limit one of each Pokémon\n|rule|Item Clause: Limit 1 of each item\n|clearpoke\n|poke|p1|Sneasler, L50, M, shiny|\n|poke|p1|Incineroar, L50, M, shiny|\n|poke|p1|Delphox, L50, F, shiny|\n|poke|p1|Rotom-Wash, L50, shiny|\n|poke|p1|Garchomp, L50, M|\n|poke|p1|Staraptor, L50, M|\n|poke|p2|Sneasler, L50, M|\n|poke|p2|Blastoise, L50, M|\n|poke|p2|Kingambit, L50, M|\n|poke|p2|Incineroar, L50, M|\n|poke|p2|Delphox, L50, F|\n|poke|p2|Sinistcha, L50|\n|teampreview|4\n|showteam|p1|Sneasler||WhiteHerb|Unburden|CloseCombat,FakeOut,DireClaw,RockSlide|Adamant||M|||50|]Incineroar||SitrusBerry|Intimidate|FlareBlitz,ThroatChop,FakeOut,PartingShot|Careful||M|||50|]Delphox||Delphoxite|Blaze|HeatWave,Psychic,Protect,Substitute|Timid||F|||50|]Rotom-Wash||Leftovers|Levitate|SunnyDay,WillOWisp,Thunderbolt,HydroPump|Modest|||||50|]Garchomp||LifeOrb|RoughSkin|Earthquake,DragonClaw,StompingTantrum,RockSlide|Jolly||M|||50|]Staraptor||Staraptite|Intimidate|CloseCombat,BraveBird,Tailwind,Protect|Jolly||M|||50|\n|showteam|p2|Sneasler||FocusSash|PoisonTouch|PoisonJab,CloseCombat,FakeOut,QuickGuard|Jolly||M|||50|]Blastoise||Blastoisinite|RainDish|DarkPulse,WaterSpout,ShellSmash,Protect|Modest||M|||50|]Kingambit||LifeOrb|Defiant|KowtowCleave,SuckerPunch,SwordsDance,Protect|Adamant||M|||50|]Incineroar||SitrusBerry|Intimidate|FlareBlitz,ThroatChop,PartingShot,FakeOut|Careful||M|||50|]Delphox||Delphoxite|Blaze|HeatWave,NastyPlot,Psychic,Protect|Timid||F|||50|]Sinistcha||ColburBerry|Hospitality|MatchaGotcha,RagePowder,TrickRoom,Protect|Bold|||||50|\n|inactive|Battle timer is ON: inactive players will automatically lose when time's up. (requested by FatherPenguin)\n|inactive|FatherPenguin has 60 seconds left.\n|inactive|FatherPenguin has 30 seconds left.\n|inactive|FatherPenguin has 20 seconds left.\n|inactive|FatherPenguin has 15 seconds left.\n|inactive|FatherPenguin has 10 seconds left.\n|\n|t:|1788287036\n|teamsize|p1|4\n|teamsize|p2|4\n|start\n|switch|p1a: Sneasler|Sneasler, L50, M, shiny|100/100\n|switch|p1b: Staraptor|Staraptor, L50, M|100/100\n|switch|p2a: Incineroar|Incineroar, L50, M|100/100\n|switch|p2b: Delphox|Delphox, L50, F|100/100\n|-ability|p1b: Staraptor|Intimidate|boost\n|-unboost|p2a: Incineroar|atk|1\n|-unboost|p2b: Delphox|atk|1\n|-ability|p2a: Incineroar|Intimidate|boost\n|-unboost|p1a: Sneasler|atk|1\n|-unboost|p1b: Staraptor|atk|1\n|-enditem|p1a: Sneasler|White Herb\n|-clearnegativeboost|p1a: Sneasler|[silent]\n|turn|1\n|inactive|FatherPenguin has 30 seconds left.\n|inactive|reuman has 30 seconds left.\n|inactive|FatherPenguin has 20 seconds left.\n|inactive|FatherPenguin has 15 seconds left.\n|\n|t:|1788287076\n|detailschange|p2b: Delphox|Delphox-Mega, L50, F\n|-mega|p2b: Delphox|Delphox|Delphoxite\n|move|p1a: Sneasler|Fake Out|p2b: Delphox\n|-damage|p2b: Delphox|81/100\n|move|p2a: Incineroar|Fake Out|p1a: Sneasler\n|-damage|p1a: Sneasler|87/100\n|cant|p2b: Delphox|flinch\n|move|p1b: Staraptor|Tailwind|p1b: Staraptor\n|-sidestart|p1: reuman|move: Tailwind\n|\n|upkeep\n|turn|2\n|inactive|FatherPenguin has 30 seconds left.\n|\n|t:|1788287102\n|switch|p2a: Sneasler|Sneasler, L50, M|100/100\n|detailschange|p1b: Staraptor|Staraptor-Mega, L50, M\n|-mega|p1b: Staraptor|Staraptor|Staraptite\n|move|p2b: Delphox|Protect|p2b: Delphox\n|-singleturn|p2b: Delphox|Protect\n|move|p1a: Sneasler|Rock Slide|p2a: Sneasler|[spread] p2a\n|-activate|p2b: Delphox|move: Protect\n|-resisted|p2a: Sneasler|1\n|-damage|p2a: Sneasler|82/100\n|move|p1b: Staraptor|Close Combat|p2a: Sneasler\n|-resisted|p2a: Sneasler|1\n|-damage|p2a: Sneasler|46/100\n|-boost|p1b: Staraptor|def|1\n|-boost|p1b: Staraptor|spd|1\n|\n|upkeep\n|turn|3\n|inactive|FatherPenguin has 30 seconds left.\n|inactive|reuman has 30 seconds left.\n|\n|t:|1788287137\n|move|p1b: Staraptor|Protect|p1b: Staraptor\n|-singleturn|p1b: Staraptor|Protect\n|move|p2a: Sneasler|Fake Out|p1a: Sneasler\n|-damage|p1a: Sneasler|61/100\n|cant|p1a: Sneasler|flinch\n|move|p2b: Delphox|Psychic|p1a: Sneasler\n|-supereffective|p1a: Sneasler|2\n|-damage|p1a: Sneasler|0 fnt\n|faint|p1a: Sneasler\n|\n|upkeep\n|\n|t:|1788287146\n|switch|p1a: Incineroar|Incineroar, L50, M, shiny|100/100\n|-ability|p1a: Incineroar|Intimidate|boost\n|-unboost|p2a: Sneasler|atk|1\n|-unboost|p2b: Delphox|atk|1\n|turn|4\n|inactive|FatherPenguin has 30 seconds left.\n|\n|t:|1788287172\n|move|p2a: Sneasler|Quick Guard|p2a: Sneasler\n|-singleturn|p2a: Sneasler|Quick Guard\n|move|p1a: Incineroar|Fake Out|p2b: Delphox\n|-activate|p2b: Delphox|move: Quick Guard\n|move|p1b: Staraptor|Brave Bird|p2a: Sneasler\n|-supereffective|p2a: Sneasler|1\n|-damage|p2a: Sneasler|0 fnt\n|faint|p2a: Sneasler\n|-damage|p1b: Staraptor|85/100|[from] Recoil\n|move|p2b: Delphox|Psychic|p1b: Staraptor\n|-supereffective|p1b: Staraptor|1\n|-damage|p1b: Staraptor|16/100\n|\n|-sideend|p1: reuman|move: Tailwind\n|upkeep\n|\n|t:|1788287190\n|switch|p2a: Incineroar|Incineroar, L50, M|100/100\n|-ability|p2a: Incineroar|Intimidate|boost\n|-unboost|p1a: Incineroar|atk|1\n|-boost|p1b: Staraptor|atk|1\n|turn|5\n|inactive|FatherPenguin has 30 seconds left.\n|\n|t:|1788287218\n|move|p2a: Incineroar|Fake Out|p1a: Incineroar\n|-damage|p1a: Incineroar|90/100\n|move|p2b: Delphox|Psychic|p1b: Staraptor\n|-supereffective|p1b: Staraptor|1\n|-damage|p1b: Staraptor|0 fnt\n|faint|p1b: Staraptor\n|cant|p1a: Incineroar|flinch\n|\n|upkeep\n|\n|t:|1788287223\n|switch|p1b: Rotom|Rotom-Wash, L50, shiny|100/100\n|turn|6\n|\n|t:|1788287241\n|move|p2b: Delphox|Protect|p2b: Delphox\n|-singleturn|p2b: Delphox|Protect\n|move|p1b: Rotom|Hydro Pump|p2a: Incineroar\n|-supereffective|p2a: Incineroar|1\n|-damage|p2a: Incineroar|23/100\n|-enditem|p2a: Incineroar|Sitrus Berry|[eat]\n|-heal|p2a: Incineroar|47/100|[from] item: Sitrus Berry\n|move|p2a: Incineroar|Parting Shot|p1a: Incineroar\n|-unboost|p1a: Incineroar|atk|1\n|-unboost|p1a: Incineroar|spa|1\n|\n|t:|1788287252\n|switch|p2a: Sinistcha|Sinistcha, L50|100/100|[from] Parting Shot\n|-heal|p2b: Delphox|100/100|[from] ability: Hospitality|[of] p2a: Sinistcha\n|move|p1a: Incineroar|Parting Shot|p2a: Sinistcha\n|-unboost|p2a: Sinistcha|atk|1\n|-unboost|p2a: Sinistcha|spa|1\n|\n|upkeep\n|turn|7\n|inactive|FatherPenguin has 30 seconds left.\n|\n|t:|1788287279\n|switch|p2b: Incineroar|Incineroar, L50, M|47/100\n|-ability|p2b: Incineroar|Intimidate|boost\n|-unboost|p1a: Incineroar|atk|1\n|-unboost|p1b: Rotom|atk|1\n|move|p2a: Sinistcha|Protect|p2a: Sinistcha\n|-singleturn|p2a: Sinistcha|Protect\n|move|p1b: Rotom|Will-O-Wisp|p2a: Sinistcha\n|-activate|p2a: Sinistcha|move: Protect\n|move|p1a: Incineroar|Flare Blitz|p2a: Sinistcha\n|-activate|p2a: Sinistcha|move: Protect\n|\n|upkeep\n|turn|8\n|\n|t:|1788287296\n|move|p2b: Incineroar|Fake Out|p1a: Incineroar\n|-damage|p1a: Incineroar|79/100\n|move|p1b: Rotom|Hydro Pump|p2b: Incineroar\n|-supereffective|p2b: Incineroar|1\n|-damage|p2b: Incineroar|0 fnt\n|faint|p2b: Incineroar\n|move|p2a: Sinistcha|Matcha Gotcha|p1b: Rotom|[spread] p1a,p1b\n|-resisted|p1a: Incineroar|1\n|-supereffective|p1b: Rotom|1\n|-damage|p1a: Incineroar|73/100\n|-damage|p1b: Rotom|69/100\n|-status|p1b: Rotom|brn\n|cant|p1a: Incineroar|flinch\n|\n|-heal|p1b: Rotom|75/100 brn|[from] item: Leftovers\n|-damage|p1b: Rotom|69/100 brn|[from] brn\n|upkeep\n|\n|t:|1788287311\n|switch|p2b: Delphox|Delphox-Mega, L50, F|100/100\n|turn|9\n|\n|t:|1788287334\n|move|p2b: Delphox|Psychic|p1b: Rotom\n|-damage|p1b: Rotom|15/100 brn\n|move|p1b: Rotom|Hydro Pump|p2b: Delphox|[miss]\n|-miss|p1b: Rotom|p2b: Delphox\n|move|p2a: Sinistcha|Matcha Gotcha|p1a: Incineroar|[spread] p1a,p1b\n|-resisted|p1a: Incineroar|1\n|-supereffective|p1b: Rotom|1\n|-damage|p1a: Incineroar|67/100\n|-damage|p1b: Rotom|0 fnt\n|faint|p1b: Rotom\n|move|p1a: Incineroar|Flare Blitz|p2a: Sinistcha\n|-supereffective|p2a: Sinistcha|1\n|-damage|p2a: Sinistcha|68/100\n|-status|p2a: Sinistcha|brn\n|-damage|p1a: Incineroar|58/100|[from] Recoil\n|\n|-damage|p2a: Sinistcha|62/100 brn|[from] brn\n|upkeep\n|turn|10\n|\n|t:|1788287358\n|move|p2b: Delphox|Nasty Plot|p2b: Delphox\n|-boost|p2b: Delphox|spa|2\n|move|p2a: Sinistcha|Matcha Gotcha|p1a: Incineroar\n|-resisted|p1a: Incineroar|1\n|-damage|p1a: Incineroar|50/100g\n|-heal|p2a: Sinistcha|66/100 brn|[from] drain|[of] p1a: Incineroar\n|move|p1a: Incineroar|Throat Chop|p2b: Delphox\n|-supereffective|p2b: Delphox|1\n|-damage|p2b: Delphox|66/100\n|-start|p2b: Delphox|Throat Chop|[silent]\n|\n|-damage|p2a: Sinistcha|60/100 brn|[from] brn\n|upkeep\n|turn|11\n|\n|t:|1788287378\n|move|p2b: Delphox|Heat Wave|p1a: Incineroar|[miss]\n|-miss|p2b: Delphox|p1a: Incineroar\n|move|p2a: Sinistcha|Matcha Gotcha|p1a: Incineroar\n|-resisted|p1a: Incineroar|1\n|-damage|p1a: Incineroar|43/100\n|-heal|p2a: Sinistcha|65/100 brn|[from] drain|[of] p1a: Incineroar\n|-enditem|p1a: Incineroar|Sitrus Berry|[eat]\n|-heal|p1a: Incineroar|67/100|[from] item: Sitrus Berry\n|move|p1a: Incineroar|Flare Blitz|p2a: Sinistcha\n|-supereffective|p2a: Sinistcha|1\n|-damage|p2a: Sinistcha|34/100 brn\n|-damage|p1a: Incineroar|58/100|[from] Recoil\n|\n|-damage|p2a: Sinistcha|28/100 brn|[from] brn\n|-end|p2b: Delphox|Throat Chop|[silent]\n|upkeep\n|turn|12\n|\n|t:|1788287394\n|move|p2b: Delphox|Heat Wave|p1a: Incineroar\n|-resisted|p1a: Incineroar|1\n|-damage|p1a: Incineroar|21/100\n|move|p2a: Sinistcha|Matcha Gotcha|p1a: Incineroar\n|-resisted|p1a: Incineroar|1\n|-damage|p1a: Incineroar|13/100\n|-heal|p2a: Sinistcha|33/100 brn|[from] drain|[of] p1a: Incineroar\n|move|p1a: Incineroar|Throat Chop|p2b: Delphox\n|-supereffective|p2b: Delphox|1\n|-damage|p2b: Delphox|34/100\n|-start|p2b: Delphox|Throat Chop|[silent]\n|\n|-damage|p2a: Sinistcha|26/100 brn|[from] brn\n|upkeep\n|turn|13\n|\n|t:|1788287408\n|move|p2b: Delphox|Heat Wave|p1a: Incineroar\n|-resisted|p1a: Incineroar|1\n|-damage|p1a: Incineroar|0 fnt\n|faint|p1a: Incineroar\n|\n|win|FatherPenguin\n|raw|reuman's rating: 1150 &rarr; <strong>1131</strong><br />(-19 for losing)\n|raw|FatherPenguin's rating: 1238 &rarr; <strong>1257</strong><br />(+19 for winning)\n","uploadtime":1788287417,"views":"0","formatid":"gen9championsvgc2026regmbbo3","rating":1131,"private":0,"password":null}