{"id":"gen9championsvgc2026regmbbo3-2673513392","format":"[Gen 9 Champions] VGC 2026 Reg M-B (Bo3)","players":["plaidhaxx","alienextra421"],"log":"|j|☆plaidhaxx\n|j|☆alienextra421\n|html|<table width=\"100%\"><tr><td align=\"left\">plaidhaxx</td><td align=\"right\">alienextra421</tr><tr><td align=\"left\"><i class=\"fa fa-circle\"></i> <i class=\"fa fa-circle-o\"></i> </td><td align=\"right\"><i class=\"fa fa-circle-o\"></i> <i class=\"fa fa-circle-o\"></i> </tr></table>\n|uhtml|bestof|<h2><strong>Game 2</strong> of <a href=\"/game-bestof3-gen9championsvgc2026regmbbo3-2673511229\">a best-of-3</a></h2>\n|t:|1788206961\n|gametype|doubles\n|player|p1|plaidhaxx|grimsley|1117\n|player|p2|alienextra421|101|1052\n|gen|9\n|tier|[Gen 9 Champions] VGC 2026 Reg M-B (Bo3)\n|rated|\n|rule|Species Clause: Limit one of each Pokémon\n|rule|Item Clause: Limit 1 of each item\n|clearpoke\n|poke|p1|Kommo-o, L50, F|\n|poke|p1|Excadrill, L50, F|\n|poke|p1|Tyranitar, L50, M|\n|poke|p1|Grimmsnarl, L50, M|\n|poke|p1|Scovillain, L50, M|\n|poke|p1|Basculegion, L50, M|\n|poke|p2|Trevenant, L50, M|\n|poke|p2|Raichu, L50, M|\n|poke|p2|Zoroark-Hisui, L50, F|\n|poke|p2|Talonflame, L50, F|\n|poke|p2|Maushold-Four, L50|\n|poke|p2|Morpeko, L50, F|\n|teampreview|4\n|showteam|p1|Kommo-o||Leftovers|Overcoat|ClangingScales,ClangorousSoul,AuraSphere,Protect|Modest||F|||50|]Excadrill||LifeOrb|SandRush|HighHorsepower,RockSlide,IronHead,Protect|Adamant||F|||50|]Tyranitar||Tyranitarite|SandStream|DragonDance,RockSlide,KnockOff,Protect|Jolly||M|||50|]Grimmsnarl||LightClay|Prankster|SpiritBreak,LightScreen,Reflect,FakeOut|Impish||M|||50|]Scovillain||Scovillainite|Moody|Protect,RagePowder,Overheat,EnergyBall|Bold||M|||50|]Basculegion||ChoiceScarf|Adaptability|WaveCrash,LastRespects,AquaJet,FlipTurn|Adamant||M|||50|\n|showteam|p2|Trevenant||SitrusBerry|Harvest|WillOWisp,LeechSeed,Protect,AllySwitch|Calm||M|||50|]Raichu||RaichuniteY|LightningRod|ZapCannon,FocusBlast,FakeOut,Protect|Modest||M|||50|]Zoroark-Hisui||FocusSash|Illusion|BitterMalice,IcyWind,Protect,Flamethrower|Timid||F|||50|]Talonflame|||GaleWings|Acrobatics,FlareBlitz,Roost,Tailwind|Adamant||F|||50|]Maushold-Four||WideLens|Technician|PopulationBomb,Taunt,BeatUp,TidyUp|Adamant|||||50|]Morpeko||LifeOrb|HungerSwitch|AuraWheel,IceFang,StompingTantrum,Protect|Adamant||F|||50|\n|\n|t:|1788207019\n|teamsize|p1|4\n|teamsize|p2|4\n|start\n|switch|p1a: Tyranitar|Tyranitar, L50, M|100/100\n|switch|p1b: Scovillain|Scovillain, L50, M|100/100\n|switch|p2a: Raichu|Raichu, L50, M|100/100\n|switch|p2b: Trevenant|Trevenant, L50, M|100/100\n|-weather|Sandstorm|[from] ability: Sand Stream|[of] p1a: Tyranitar\n|turn|1\n|\n|t:|1788207036\n|switch|p2a: Raichu|Raichu, L50, M|100/100\n|move|p1a: Tyranitar|Protect|p1a: Tyranitar\n|-singleturn|p1a: Tyranitar|Protect\n|move|p1b: Scovillain|Protect|p1b: Scovillain\n|-singleturn|p1b: Scovillain|Protect\n|move|p2b: Trevenant|Protect||[still]\n|-fail|p2b: Trevenant\n|\n|-weather|Sandstorm|[upkeep]\n|-damage|p2a: Raichu|94/100|[from] Sandstorm\n|-damage|p1b: Scovillain|94/100|[from] Sandstorm\n|-damage|p2b: Trevenant|94/100|[from] Sandstorm\n|-ability|p1b: Scovillain|Moody|boost\n|-boost|p1b: Scovillain|atk|2\n|-unboost|p1b: Scovillain|def|1\n|upkeep\n|turn|2\n|\n|t:|1788207089\n|detailschange|p2a: Raichu|Raichu-Mega-Y, L50, M\n|-mega|p2a: Raichu|Raichu|Raichunite Y\n|move|p2a: Raichu|Fake Out|p1a: Tyranitar\n|-resisted|p1a: Tyranitar|1\n|-damage|p1a: Tyranitar|96/100\n|move|p1b: Scovillain|Rage Powder|p1b: Scovillain\n|-singleturn|p1b: Scovillain|move: Rage Powder\n|cant|p1a: Tyranitar|flinch\n|move|p2b: Trevenant|Will-O-Wisp|p1a: Tyranitar\n|-status|p1a: Tyranitar|brn\n|\n|-weather|Sandstorm|[upkeep]\n|-damage|p2a: Raichu|88/100|[from] Sandstorm\n|-damage|p1b: Scovillain|88/100|[from] Sandstorm\n|-damage|p2b: Trevenant|88/100|[from] Sandstorm\n|-damage|p1a: Tyranitar|90/100 brn|[from] brn\n|-ability|p1b: Scovillain|Moody|boost\n|-boost|p1b: Scovillain|spe|2\n|-unboost|p1b: Scovillain|spd|1\n|upkeep\n|turn|3\n|\n|t:|1788207110\n|switch|p2a: Raichu|Raichu-Mega-Y, L50, M|100/100\n|move|p1b: Scovillain|Rage Powder|p1b: Scovillain\n|-singleturn|p1b: Scovillain|move: Rage Powder\n|move|p1a: Tyranitar|Dragon Dance|p1a: Tyranitar\n|-boost|p1a: Tyranitar|atk|1\n|-boost|p1a: Tyranitar|spe|1\n|move|p2b: Trevenant|Leech Seed|p1a: Tyranitar\n|-start|p1a: Tyranitar|move: Leech Seed\n|\n|-weather|Sandstorm|[upkeep]\n|-damage|p1b: Scovillain|82/100|[from] Sandstorm\n|-damage|p2a: Raichu|93/100|[from] Sandstorm\n|-damage|p2b: Trevenant|82/100|[from] Sandstorm\n|-damage|p1a: Tyranitar|78/100 brn|[from] Leech Seed|[of] p2b: Trevenant\n|-heal|p2b: Trevenant|94/100|[silent]\n|-damage|p1a: Tyranitar|72/100 brn|[from] brn\n|-ability|p1b: Scovillain|Moody|boost\n|-boost|p1b: Scovillain|spd|2\n|-unboost|p1b: Scovillain|atk|1\n|upkeep\n|turn|4\n|\n|t:|1788207152\n|move|p2b: Trevenant|Protect|p2b: Trevenant\n|-singleturn|p2b: Trevenant|Protect\n|move|p1b: Scovillain|Overheat|p2b: Trevenant\n|-activate|p2b: Trevenant|move: Protect\n|move|p1a: Tyranitar|Knock Off|p2a: Raichu\n|-supereffective|p2a: Raichu|1\n|-damage|p2a: Raichu|0 fnt\n|replace|p2a: Zoroark|Zoroark-Hisui, L50, F\n|-end|p2a: Zoroark|Illusion\n|-enditem|p2a: Zoroark|Focus Sash|[from] move: Knock Off|[of] p1a: Tyranitar\n|faint|p2a: Zoroark\n|\n|-weather|Sandstorm|[upkeep]\n|-damage|p1b: Scovillain|76/100|[from] Sandstorm\n|-damage|p2b: Trevenant|89/100|[from] Sandstorm\n|-damage|p1a: Tyranitar|60/100 brn|[from] Leech Seed|[of] p2b: Trevenant\n|-heal|p2b: Trevenant|100/100|[silent]\n|-damage|p1a: Tyranitar|54/100 brn|[from] brn\n|-ability|p1b: Scovillain|Moody|boost\n|-boost|p1b: Scovillain|atk|2\n|-unboost|p1b: Scovillain|spe|1\n|upkeep\n|\n|t:|1788207164\n|switch|p2a: Morpeko|Morpeko, L50, F|100/100\n|turn|5\n|\n|t:|1788207192\n|move|p1b: Scovillain|Rage Powder|p1b: Scovillain\n|-singleturn|p1b: Scovillain|move: Rage Powder\n|move|p2b: Trevenant|Ally Switch|p2b: Trevenant\n|swap|p2b: Trevenant|0|[from] move: Ally Switch\n|move|p1a: Tyranitar|Dragon Dance|p1a: Tyranitar\n|-boost|p1a: Tyranitar|atk|1\n|-boost|p1a: Tyranitar|spe|1\n|move|p2b: Morpeko|Stomping Tantrum|p1b: Scovillain\n|-damage|p1b: Scovillain|20/100y\n|-damage|p2b: Morpeko|90/100|[from] item: Life Orb\n|\n|-weather|none\n|-damage|p1a: Tyranitar|41/100 brn|[from] Leech Seed|[of] p2b: Morpeko\n|-heal|p2b: Morpeko|100/100|[silent]\n|-damage|p1a: Tyranitar|35/100 brn|[from] brn\n|-ability|p1b: Scovillain|Moody|boost\n|-boost|p1b: Scovillain|def|2\n|-unboost|p1b: Scovillain|spe|1\n|-formechange|p2b: Morpeko|Morpeko-Hangry|\n|upkeep\n|turn|6\n|\n|t:|1788207238\n|switch|p2a: Raichu|Raichu-Mega-Y, L50, M|88/100\n|detailschange|p1a: Tyranitar|Tyranitar-Mega, L50, M\n|-mega|p1a: Tyranitar|Tyranitar|Tyranitarite\n|-weather|Sandstorm|[from] ability: Sand Stream|[of] p1a: Tyranitar\n|move|p1a: Tyranitar|Knock Off|p2a: Raichu\n|-damage|p2a: Raichu|2/100\n|move|p2b: Morpeko|Stomping Tantrum|p1a: Tyranitar\n|-supereffective|p1a: Tyranitar|1\n|-crit|p1a: Tyranitar\n|-damage|p1a: Tyranitar|0 fnt\n|faint|p1a: Tyranitar\n|-damage|p2b: Morpeko|90/100|[from] item: Life Orb\n|move|p1b: Scovillain|Overheat|p2b: Morpeko\n|-damage|p2b: Morpeko|15/100\n|-unboost|p1b: Scovillain|spa|2\n|\n|-weather|Sandstorm|[upkeep]\n|-damage|p2a: Raichu|0 fnt|[from] Sandstorm\n|-damage|p2b: Morpeko|9/100|[from] Sandstorm\n|-damage|p1b: Scovillain|15/100|[from] Sandstorm\n|faint|p2a: Raichu\n|-ability|p1b: Scovillain|Moody|boost\n|-boost|p1b: Scovillain|def|2\n|-unboost|p1b: Scovillain|spa|1\n|-formechange|p2b: Morpeko|Morpeko|\n|upkeep\n|\n|t:|1788207279\n|switch|p2a: Trevenant|Trevenant, L50, M|100/100\n|switch|p1a: Excadrill|Excadrill, L50, F|100/100\n|turn|7\n|\n|t:|1788207291\n|move|p1a: Excadrill|Protect|p1a: Excadrill\n|-singleturn|p1a: Excadrill|Protect\n|move|p1b: Scovillain|Protect|p1b: Scovillain\n|-singleturn|p1b: Scovillain|Protect\n|move|p2b: Morpeko|Stomping Tantrum|p1b: Scovillain\n|-activate|p1b: Scovillain|move: Protect\n|move|p2a: Trevenant|Will-O-Wisp|p1a: Excadrill\n|-activate|p1a: Excadrill|move: Protect\n|\n|-weather|Sandstorm|[upkeep]\n|-damage|p2b: Morpeko|3/100|[from] Sandstorm\n|-damage|p1b: Scovillain|9/100|[from] Sandstorm\n|-damage|p2a: Trevenant|94/100|[from] Sandstorm\n|-ability|p1b: Scovillain|Moody|boost\n|-boost|p1b: Scovillain|spa|2\n|-unboost|p1b: Scovillain|atk|1\n|-formechange|p2b: Morpeko|Morpeko-Hangry|\n|upkeep\n|turn|8\n|\n|t:|1788207313\n|move|p1a: Excadrill|Iron Head|p2a: Trevenant\n|-damage|p2a: Trevenant|23/100\n|-enditem|p2a: Trevenant|Sitrus Berry|[eat]\n|-heal|p2a: Trevenant|47/100|[from] item: Sitrus Berry\n|-damage|p1a: Excadrill|90/100|[from] item: Life Orb\n|move|p2b: Morpeko|Aura Wheel|p1a: Excadrill\n|-damage|p1a: Excadrill|0 fnt\n|-boost|p2b: Morpeko|spe|1\n|faint|p1a: Excadrill\n|-damage|p2b: Morpeko|0 fnt|[from] item: Life Orb\n|faint|p2b: Morpeko\n|move|p1b: Scovillain|Energy Ball|p2a: Trevenant\n|-resisted|p2a: Trevenant|1\n|-damage|p2a: Trevenant|38/100\n|move|p2a: Trevenant|Will-O-Wisp|p1b: Scovillain\n|-immune|p1b: Scovillain\n|\n|-weather|Sandstorm|[upkeep]\n|-damage|p1b: Scovillain|3/100|[from] Sandstorm\n|-damage|p2a: Trevenant|32/100|[from] Sandstorm\n|-ability|p1b: Scovillain|Moody|boost\n|-boost|p1b: Scovillain|def|2\n|-unboost|p1b: Scovillain|atk|1\n|-item|p2a: Trevenant|Sitrus Berry|[from] ability: Harvest\n|upkeep\n|-enditem|p2a: Trevenant|Sitrus Berry|[eat]\n|-heal|p2a: Trevenant|57/100|[from] item: Sitrus Berry\n|\n|t:|1788207337\n|switch|p1a: Basculegion|Basculegion, L50, M|100/100\n|turn|9\n|\n|t:|1788207346\n|move|p2a: Trevenant|Protect|p2a: Trevenant\n|-singleturn|p2a: Trevenant|Protect\n|move|p1a: Basculegion|Last Respects|p2a: Trevenant\n|-activate|p2a: Trevenant|move: Protect\n|move|p1b: Scovillain|Overheat|p2a: Trevenant\n|-activate|p2a: Trevenant|move: Protect\n|\n|-weather|Sandstorm|[upkeep]\n|-damage|p1a: Basculegion|93/100|[from] Sandstorm\n|-damage|p1b: Scovillain|0 fnt|[from] Sandstorm\n|-damage|p2a: Trevenant|51/100|[from] Sandstorm\n|faint|p1b: Scovillain\n|upkeep\n|turn|10\n|\n|t:|1788207355\n|move|p1a: Basculegion|Last Respects|p2a: Trevenant\n|-supereffective|p2a: Trevenant|1\n|-damage|p2a: Trevenant|0 fnt\n|faint|p2a: Trevenant\n|\n|win|plaidhaxx\n|raw|plaidhaxx's rating: 1117 &rarr; <strong>1137</strong><br />(+20 for winning)\n|raw|alienextra421's rating: 1052 &rarr; <strong>1037</strong><br />(-15 for losing)\n","uploadtime":1788207355,"views":"2","formatid":"gen9championsvgc2026regmbbo3","rating":1037,"private":0,"password":null}