{"id":"gen9championsvgc2026regmb-2674265312","format":"[Gen 9 Champions] VGC 2026 Reg M-B","players":["Thornlace48812","CurrantAffairs"],"log":"|j|☆Thornlace48812\n|j|☆CurrantAffairs\n|t:|1788326784\n|gametype|doubles\n|player|p1|Thornlace48812|1|1127\n|player|p2|CurrantAffairs|clerk|1103\n|gen|9\n|tier|[Gen 9 Champions] VGC 2026 Reg M-B\n|rated|\n|rule|Species Clause: Limit one of each Pokémon\n|rule|Item Clause: Limit 1 of each item\n|clearpoke\n|poke|p1|Garchomp, L50, F|\n|poke|p1|Charizard, L50, F|\n|poke|p1|Whimsicott, L50, M|\n|poke|p1|Sylveon, L50, F|\n|poke|p1|Kingambit, L50, F|\n|poke|p1|Basculegion, L50, M|\n|poke|p2|Tyranitar, L50, F|\n|poke|p2|Excadrill, L50, M|\n|poke|p2|Rotom-Wash, L50|\n|poke|p2|Sceptile, L50, M|\n|poke|p2|Garchomp, L50, M|\n|poke|p2|Sneasler, L50, M|\n|teampreview|4\n|inactive|Battle timer is ON: inactive players will automatically lose when time's up. (requested by CurrantAffairs)\n|inactive|Thornlace48812 also wants the timer to be on.\nThornlace48812 rejected open team sheets.\n|inactive|CurrantAffairs has 60 seconds left.\n|\n|t:|1788326822\n|teamsize|p1|4\n|teamsize|p2|4\n|start\n|switch|p1a: Charizard|Charizard, L50, F|100/100\n|switch|p1b: Whimsicott|Whimsicott, L50, M|100/100\n|switch|p2a: Sneasler|Sneasler, L50, M|100/100\n|switch|p2b: Excadrill|Excadrill, L50, M|100/100\n|turn|1\n|\n|t:|1788326833\n|detailschange|p1a: Charizard|Charizard-Mega-Y, L50, F\n|-mega|p1a: Charizard|Charizard|Charizardite Y\n|-weather|SunnyDay|[from] ability: Drought|[of] p1a: Charizard\n|move|p2a: Sneasler|Fake Out|p1a: Charizard\n|-damage|p1a: Charizard|80/100\n|move|p1b: Whimsicott|Tailwind|p1b: Whimsicott\n|-sidestart|p1: Thornlace48812|move: Tailwind\n|cant|p1a: Charizard|flinch\n|move|p2b: Excadrill|Iron Head|p1b: Whimsicott\n|-supereffective|p1b: Whimsicott|1\n|-enditem|p1b: Whimsicott|Focus Sash\n|-damage|p1b: Whimsicott|1/100\n|\n|-weather|SunnyDay|[upkeep]\n|upkeep\n|turn|2\n|\n|t:|1788326852\n|switch|p2a: Tyranitar|Tyranitar, L50, F|100/100\n|-weather|Sandstorm|[from] ability: Sand Stream|[of] p2a: Tyranitar\n|move|p1b: Whimsicott|Moonblast|p2a: Tyranitar\n|-supereffective|p2a: Tyranitar|1\n|-damage|p2a: Tyranitar|58/100\n|move|p1a: Charizard|Heat Wave|p2b: Excadrill|[spread] p2a,p2b\n|-resisted|p2a: Tyranitar|1\n|-supereffective|p2b: Excadrill|1\n|-damage|p2a: Tyranitar|45/100\n|-enditem|p2b: Excadrill|Focus Sash\n|-damage|p2b: Excadrill|1/100\n|move|p2b: Excadrill|Throat Chop|p1a: Charizard\n|-damage|p1a: Charizard|40/100\n|-start|p1a: Charizard|Throat Chop|[silent]\n|\n|-weather|Sandstorm|[upkeep]\n|-damage|p1b: Whimsicott|0 fnt|[from] Sandstorm\n|-damage|p1a: Charizard|34/100|[from] Sandstorm\n|faint|p1b: Whimsicott\n|upkeep\n|\n|t:|1788326852\n|switch|p1b: Sylveon|Sylveon, L50, F|100/100\n|turn|3\n|inactive|CurrantAffairs has 30 seconds left.\n|\n|t:|1788326880\n|detailschange|p2a: Tyranitar|Tyranitar-Mega, L50, F\n|-mega|p2a: Tyranitar|Tyranitar|Tyranitarite\n|move|p2b: Excadrill|Protect|p2b: Excadrill\n|-singleturn|p2b: Excadrill|Protect\n|move|p1a: Charizard|Heat Wave|p2a: Tyranitar|[spread] p2a\n|-activate|p2b: Excadrill|move: Protect\n|-resisted|p2a: Tyranitar|1\n|-damage|p2a: Tyranitar|33/100\n|move|p1b: Sylveon|Hyper Voice|p2b: Excadrill|[spread] p2a\n|-activate|p2b: Excadrill|move: Protect\n|-supereffective|p2a: Tyranitar|1\n|-damage|p2a: Tyranitar|0 fnt\n|faint|p2a: Tyranitar\n|\n|-weather|Sandstorm|[upkeep]\n|-damage|p1a: Charizard|28/100|[from] Sandstorm\n|-damage|p1b: Sylveon|94/100|[from] Sandstorm\n|-end|p1a: Charizard|Throat Chop|[silent]\n|upkeep\n|\n|t:|1788326891\n|switch|p2a: Sneasler|Sneasler, L50, M|100/100\n|turn|4\n|\n|t:|1788326896\n|move|p2a: Sneasler|Fake Out|p1a: Charizard\n|-damage|p1a: Charizard|10/100\n|cant|p1a: Charizard|flinch\n|move|p2b: Excadrill|Iron Head|p1b: Sylveon\n|-supereffective|p1b: Sylveon|1\n|-damage|p1b: Sylveon|0 fnt\n|faint|p1b: Sylveon\n|\n|-weather|Sandstorm|[upkeep]\n|-damage|p1a: Charizard|4/100|[from] Sandstorm\n|-damage|p2a: Sneasler|94/100|[from] Sandstorm\n|-sideend|p1: Thornlace48812|move: Tailwind\n|upkeep\n|\n|t:|1788326896\n|switch|p1b: Basculegion|Basculegion, L50, M|100/100\n|turn|5\n|\n|t:|1788326906\n|move|p1a: Charizard|Protect|p1a: Charizard\n|-singleturn|p1a: Charizard|Protect\n|move|p2b: Excadrill|Throat Chop|p1b: Basculegion\n|-supereffective|p1b: Basculegion|1\n|-crit|p1b: Basculegion\n|-damage|p1b: Basculegion|0 fnt\n|faint|p1b: Basculegion\n|move|p2a: Sneasler|Dire Claw|p1a: Charizard\n|-activate|p1a: Charizard|move: Protect\n|\n|-weather|Sandstorm|[upkeep]\n|-damage|p2a: Sneasler|88/100|[from] Sandstorm\n|-damage|p1a: Charizard|0 fnt|[from] Sandstorm\n|faint|p1a: Charizard\n|\n|win|CurrantAffairs\n|raw|Thornlace48812's rating: 1064 &rarr; <strong>1047</strong><br />(-17 for losing)\n|raw|CurrantAffairs's rating: 1103 &rarr; <strong>1125</strong><br />(+22 for winning)\n","uploadtime":1788326906,"views":"2","formatid":"gen9championsvgc2026regmb","rating":1047,"private":0,"password":null}