{"id":"gen9championsvgc2026regmb-2673969820","format":"[Gen 9 Champions] VGC 2026 Reg M-B","players":["hiepiubinh","croixmer"],"log":"|j|☆hiepiubinh\n|j|☆croixmer\n|t:|1788283155\n|gametype|doubles\n|player|p1|hiepiubinh|266|1410\n|player|p2|croixmer|265|1479\n|gen|9\n|tier|[Gen 9 Champions] VGC 2026 Reg M-B\n|rated|\n|rule|Species Clause: Limit one of each Pokémon\n|rule|Item Clause: Limit 1 of each item\n|clearpoke\n|poke|p1|Tinkaton, L50, F|\n|poke|p1|Tsareena, L50, F|\n|poke|p1|Gengar, L50, F|\n|poke|p1|Sableye, L50, F|\n|poke|p1|Maushold, L50|\n|poke|p1|Torkoal, L50, M|\n|poke|p2|Mawile, L50, F|\n|poke|p2|Aerodactyl, L50, F|\n|poke|p2|Farigiraf, L50, M|\n|poke|p2|Garchomp, L50, M|\n|poke|p2|Blastoise, L50, M|\n|poke|p2|Sylveon, L50, M|\n|teampreview|4\n|inactive|Battle timer is ON: inactive players will automatically lose when time's up. (requested by hiepiubinh)\n|\n|t:|1788283192\n|teamsize|p1|4\n|teamsize|p2|4\n|start\n|switch|p1a: Tinkaton|Tinkaton, L50, F|100/100\n|switch|p1b: Sableye|Sableye, L50, F|100/100\n|switch|p2a: Aerodactyl|Aerodactyl, L50, F|100/100\n|switch|p2b: Faith|Garchomp, L50, M|100/100\n|-ability|p2a: Aerodactyl|Unnerve\n|-ability|p1a: Tinkaton|Mold Breaker\n|turn|1\n|inactive|hiepiubinh has 30 seconds left.\n|inactive|croixmer has 30 seconds left.\n|inactive|hiepiubinh has 20 seconds left.\n|inactive|hiepiubinh has 15 seconds left.\n|inactive|hiepiubinh has 10 seconds left.\n|inactive|hiepiubinh has 5 seconds left.\n|\n|t:|1788283247\n|switch|p2b: Sylveon|Sylveon, L50, M|100/100\n|move|p2a: Aerodactyl|Protect|p2a: Aerodactyl\n|-singleturn|p2a: Aerodactyl|Protect\n|move|p1b: Sableye|Thunder Wave|p2a: Aerodactyl\n|-activate|p2a: Aerodactyl|move: Protect\n|move|p1a: Tinkaton|Rock Slide|p2b: Sylveon|[spread] p2b\n|-activate|p2a: Aerodactyl|move: Protect\n|-damage|p2b: Sylveon|74/100\n|-damage|p1a: Tinkaton|90/100|[from] item: Life Orb\n|\n|upkeep\n|turn|2\n|\n|t:|1788283270\n|move|p1b: Sableye|Thunder Wave|p2a: Aerodactyl\n|-status|p2a: Aerodactyl|par\n|move|p1a: Tinkaton|Gigaton Hammer|p2a: Aerodactyl\n|-supereffective|p2a: Aerodactyl|1\n|-enditem|p2a: Aerodactyl|Focus Sash\n|-damage|p2a: Aerodactyl|1/100 par\n|-damage|p1a: Tinkaton|80/100|[from] item: Life Orb\n|move|p2b: Sylveon|Hyper Voice|p1a: Tinkaton|[spread] p1a,p1b\n|-resisted|p1a: Tinkaton|1\n|-supereffective|p1b: Sableye|1\n|-damage|p1a: Tinkaton|56/100\n|-enditem|p1b: Sableye|Focus Sash\n|-damage|p1b: Sableye|1/100\n|move|p2a: Aerodactyl|Tailwind|p2a: Aerodactyl\n|-sidestart|p2: croixmer|move: Tailwind\n|\n|upkeep\n|turn|3\n|inactive|croixmer has 30 seconds left.\n|inactive|croixmer has 20 seconds left.\n|inactive|croixmer has 15 seconds left.\n|\n|t:|1788283314\n|move|p1b: Sableye|Will-O-Wisp|p2b: Sylveon|[miss]\n|-miss|p1b: Sableye|p2b: Sylveon\n|move|p2b: Sylveon|Hyper Voice|p1b: Sableye|[spread] p1a,p1b\n|-resisted|p1a: Tinkaton|1\n|-supereffective|p1b: Sableye|1\n|-damage|p1a: Tinkaton|30/100\n|-damage|p1b: Sableye|0 fnt\n|faint|p1b: Sableye\n|move|p2a: Aerodactyl|Rock Slide|p1a: Tinkaton\n|-resisted|p1a: Tinkaton|1\n|-damage|p1a: Tinkaton|6/100\n|move|p1a: Tinkaton|Rock Slide|p2b: Sylveon|[spread] p2b\n|-miss|p1a: Tinkaton|p2a: Aerodactyl\n|-damage|p2b: Sylveon|43/100\n|-damage|p1a: Tinkaton|0 fnt|[from] item: Life Orb\n|faint|p1a: Tinkaton\n|\n|upkeep\n|c|☆hiepiubinh|?\n|c|☆hiepiubinh|Wtf\n|inactive|hiepiubinh has 30 seconds left.\n|c|☆croixmer|How did It Lost Hp?\n|inactive|hiepiubinh has 20 seconds left.\n|inactive|hiepiubinh has 15 seconds left.\n|\n|t:|1788283355\n|switch|p1a: Tsareena|Tsareena, L50, F|100/100\n|switch|p1b: Torkoal|Torkoal, L50, M|100/100\n|-weather|SunnyDay|[from] ability: Drought|[of] p1b: Torkoal\n|turn|4\n|c|☆croixmer|Life orb?, I didnt notice\n|\n|t:|1788283372\n|move|p2a: Aerodactyl|Wide Guard|p2a: Aerodactyl\n|-singleturn|p2a: Aerodactyl|Wide Guard\n|move|p2b: Sylveon|Hyper Voice|p1a: Tsareena|[spread] p1a,p1b\n|-resisted|p1b: Torkoal|1\n|-damage|p1a: Tsareena|41/100\n|-damage|p1b: Torkoal|66/100\n|move|p1a: Tsareena|Power Whip|p2b: Sylveon\n|-damage|p2b: Sylveon|0 fnt\n|faint|p2b: Sylveon\n|move|p1b: Torkoal|Heat Wave|p2a: Aerodactyl\n|-activate|p2a: Aerodactyl|move: Wide Guard\n|\n|-weather|SunnyDay|[upkeep]\n|upkeep\n|inactive|croixmer has 30 seconds left.\n|\n|t:|1788283401\n|switch|p2b: Faith|Garchomp, L50, M|100/100\n|turn|5\n|\n|t:|1788283409\n|move|p2b: Faith|Earthquake|p1a: Tsareena|[spread] p1a,p1b\n|-immune|p2a: Aerodactyl\n|-resisted|p1a: Tsareena|1\n|-supereffective|p1b: Torkoal|1\n|-damage|p1a: Tsareena|17/100\n|-damage|p1b: Torkoal|0 fnt\n|faint|p1b: Torkoal\n|move|p1a: Tsareena|Power Whip|p2b: Faith\n|-damage|p2b: Faith|46/100\n|-damage|p1a: Tsareena|5/100|[from] ability: Rough Skin|[of] p2b: Faith\n|move|p2a: Aerodactyl|Rock Slide|p1a: Tsareena\n|-damage|p1a: Tsareena|0 fnt\n|faint|p1a: Tsareena\n|\n|win|croixmer\n|raw|hiepiubinh's rating: 1410 &rarr; <strong>1394</strong><br />(-16 for losing)\n|raw|croixmer's rating: 1479 &rarr; <strong>1495</strong><br />(+16 for winning)\n|l|☆hiepiubinh\n|player|p1|\n","uploadtime":1788283518,"views":"11","formatid":"gen9championsvgc2026regmb","rating":1394,"private":0,"password":null}