{"id":"gen9championsvgc2026regmb-2674128326","format":"[Gen 9 Champions] VGC 2026 Reg M-B","players":["Daap_15","AndreNocchi"],"log":"|j|☆Daap_15\n|j|☆AndreNocchi\n|t:|1788303260\n|gametype|doubles\n|player|p1|Daap_15|pokemaniac|1196\n|player|p2|AndreNocchi|giovanni|1203\n|gen|9\n|tier|[Gen 9 Champions] VGC 2026 Reg M-B\n|rated|\n|rule|Species Clause: Limit one of each Pokémon\n|rule|Item Clause: Limit 1 of each item\n|clearpoke\n|poke|p1|Aerodactyl, L50, M, shiny|\n|poke|p1|Kingambit, L50, M, shiny|\n|poke|p1|Charizard, L50, M, shiny|\n|poke|p1|Garchomp, L50, M, shiny|\n|poke|p1|Farigiraf, L50, F, shiny|\n|poke|p1|Sylveon, L50, F, shiny|\n|poke|p2|Feraligatr, L50, M, shiny|\n|poke|p2|Incineroar, L50, M, shiny|\n|poke|p2|Sinistcha, L50, shiny|\n|poke|p2|Steelix, L50, M, shiny|\n|poke|p2|Primarina, L50, M, shiny|\n|poke|p2|Sneasler, L50, M, shiny|\n|teampreview|4\n|\n|t:|1788303288\n|teamsize|p1|4\n|teamsize|p2|4\n|start\n|switch|p1a: Charizard|Charizard, L50, M, shiny|100/100\n|switch|p1b: Kingambit|Kingambit, L50, M, shiny|100/100\n|switch|p2a: Incineroar|Incineroar, L50, M, shiny|100/100\n|switch|p2b: Sinistcha|Sinistcha, L50, shiny|100/100\n|-ability|p2a: Incineroar|Intimidate|boost\n|-unboost|p1a: Charizard|atk|1\n|-unboost|p1b: Kingambit|atk|1\n|-ability|p1b: Kingambit|Defiant|boost\n|-boost|p1b: Kingambit|atk|2\n|turn|1\n|inactive|Battle timer is ON: inactive players will automatically lose when time's up. (requested by Daap_15)\n|inactive|Daap_15 has 60 seconds left.\n|\n|t:|1788303347\n|move|p1a: Charizard|Protect|p1a: Charizard\n|-singleturn|p1a: Charizard|Protect\n|move|p2a: Incineroar|Fake Out|p1b: Kingambit\n|-resisted|p1b: Kingambit|1\n|-damage|p1b: Kingambit|96/100\n|cant|p1b: Kingambit|flinch\n|move|p2b: Sinistcha|Trick Room|p2b: Sinistcha\n|-fieldstart|move: Trick Room|[of] p2b: Sinistcha\n|\n|upkeep\n|turn|2\n|inactive|AndreNocchi has 30 seconds left.\n|\n|t:|1788303377\n|switch|p1a: Farigiraf|Farigiraf, L50, F, shiny|100/100\n|move|p2b: Sinistcha|Rage Powder|p2b: Sinistcha\n|-singleturn|p2b: Sinistcha|move: Rage Powder\n|move|p1b: Kingambit|Kowtow Cleave|p2b: Sinistcha\n|-supereffective|p2b: Sinistcha|1\n|-damage|p2b: Sinistcha|0 fnt\n|faint|p2b: Sinistcha\n|move|p2a: Incineroar|Flare Blitz|p1b: Kingambit\n|-supereffective|p1b: Kingambit|1\n|-damage|p1b: Kingambit|25/100\n|-damage|p2a: Incineroar|76/100|[from] Recoil\n|\n|upkeep\n|\n|t:|1788303393\n|switch|p2b: Steelix|Steelix, L50, M, shiny|100/100\n|turn|3\n|inactive|Daap_15 has 30 seconds left.\n|\n|t:|1788303421\n|detailschange|p2b: Steelix|Steelix-Mega, L50, M, shiny\n|-mega|p2b: Steelix|Steelix|Steelixite\n|move|p1b: Kingambit|Sucker Punch|p2b: Steelix\n|-damage|p2b: Steelix|71/100\n|move|p2b: Steelix|Body Press|p1b: Kingambit\n|-supereffective|p1b: Kingambit|2\n|-enditem|p1b: Kingambit|Chople Berry|[eat]\n|-enditem|p1b: Kingambit|Chople Berry|[weaken]\n|-damage|p1b: Kingambit|0 fnt\n|faint|p1b: Kingambit\n|move|p2a: Incineroar|Throat Chop|p1a: Farigiraf\n|-supereffective|p1a: Farigiraf|1\n|-damage|p1a: Farigiraf|40/100\n|-start|p1a: Farigiraf|Throat Chop|[silent]\n|-enditem|p1a: Farigiraf|Sitrus Berry|[eat]\n|-heal|p1a: Farigiraf|65/100|[from] item: Sitrus Berry\n|move|p1a: Farigiraf|Trick Room|p1a: Farigiraf\n|-fieldend|move: Trick Room\n|\n|upkeep\n|\n|t:|1788303434\n|switch|p1b: Charizard|Charizard, L50, M, shiny|100/100\n|turn|4\n|\n|t:|1788303448\n|detailschange|p1b: Charizard|Charizard-Mega-Y, L50, M, shiny\n|-mega|p1b: Charizard|Charizard|Charizardite Y\n|-weather|SunnyDay|[from] ability: Drought|[of] p1b: Charizard\n|move|p2b: Steelix|Wide Guard|p2b: Steelix\n|-singleturn|p2b: Steelix|Wide Guard\n|move|p1b: Charizard|Heat Wave|p2b: Steelix|[spread] \n|-activate|p2a: Incineroar|move: Wide Guard\n|-activate|p2b: Steelix|move: Wide Guard\n|move|p2a: Incineroar|Parting Shot|p1b: Charizard\n|-unboost|p1b: Charizard|atk|1\n|-unboost|p1b: Charizard|spa|1\n|\n|t:|1788303463\n|switch|p2a: Primarina|Primarina, L50, M, shiny|100/100|[from] Parting Shot\n|move|p1a: Farigiraf|Thunderbolt|p2a: Primarina\n|-supereffective|p2a: Primarina|1\n|-damage|p2a: Primarina|55/100\n|\n|-weather|SunnyDay|[upkeep]\n|-heal|p2a: Primarina|62/100|[from] item: Leftovers\n|-end|p1a: Farigiraf|Throat Chop|[silent]\n|upkeep\n|turn|5\n|\n|t:|1788303478\n|move|p2b: Steelix|Wide Guard|p2b: Steelix\n|-singleturn|p2b: Steelix|Wide Guard\n|move|p1b: Charizard|Heat Wave|p2b: Steelix|[spread] \n|-activate|p2a: Primarina|move: Wide Guard\n|-activate|p2b: Steelix|move: Wide Guard\n|move|p2a: Primarina|Hyper Voice|p1b: Charizard|[spread] p1a,p1b\n|-supereffective|p1b: Charizard|1\n|-damage|p1a: Farigiraf|48/100\n|-damage|p1b: Charizard|68/100\n|move|p1a: Farigiraf|Thunderbolt|p2a: Primarina\n|-supereffective|p2a: Primarina|1\n|-damage|p2a: Primarina|13/100\n|\n|-weather|SunnyDay|[upkeep]\n|-heal|p2a: Primarina|19/100|[from] item: Leftovers\n|upkeep\n|turn|6\n|inactive|AndreNocchi has 30 seconds left.\n|\n|t:|1788303508\n|move|p2a: Primarina|Protect|p2a: Primarina\n|-singleturn|p2a: Primarina|Protect\n|move|p1b: Charizard|Solar Beam||[still]\n|-prepare|p1b: Charizard|Solar Beam\n|-anim|p1b: Charizard|Solar Beam|p2b: Steelix\n|-damage|p2b: Steelix|41/100\n|move|p1a: Farigiraf|Thunderbolt|p2a: Primarina\n|-activate|p2a: Primarina|move: Protect\n|move|p2b: Steelix|Heavy Slam|p1b: Charizard\n|-resisted|p1b: Charizard|1\n|-damage|p1b: Charizard|34/100\n|\n|-weather|SunnyDay|[upkeep]\n|-heal|p2a: Primarina|25/100|[from] item: Leftovers\n|upkeep\n|turn|7\n|\n|t:|1788303533\n|move|p1b: Charizard|Protect|p1b: Charizard\n|-singleturn|p1b: Charizard|Protect\n|move|p2a: Primarina|Hyper Voice|p1a: Farigiraf|[spread] p1a\n|-activate|p1b: Charizard|move: Protect\n|-damage|p1a: Farigiraf|31/100\n|move|p1a: Farigiraf|Thunderbolt|p2a: Primarina\n|-supereffective|p2a: Primarina|1\n|-damage|p2a: Primarina|0 fnt\n|faint|p2a: Primarina\n|move|p2b: Steelix|Heavy Slam|p1b: Charizard\n|-activate|p1b: Charizard|move: Protect\n|\n|-weather|SunnyDay|[upkeep]\n|upkeep\n|\n|t:|1788303539\n|switch|p2a: Incineroar|Incineroar, L50, M, shiny|76/100\n|-ability|p2a: Incineroar|Intimidate|boost\n|-unboost|p1a: Farigiraf|atk|1\n|-unboost|p1b: Charizard|atk|1\n|turn|8\n|inactive|AndreNocchi has 30 seconds left.\n|\n|t:|1788303565\n|move|p2b: Steelix|Protect|p2b: Steelix\n|-singleturn|p2b: Steelix|Protect\n|move|p1b: Charizard|Ancient Power|p2a: Incineroar\n|-supereffective|p2a: Incineroar|1\n|-damage|p2a: Incineroar|49/100\n|-enditem|p2a: Incineroar|Sitrus Berry|[eat]\n|-heal|p2a: Incineroar|74/100|[from] item: Sitrus Berry\n|move|p2a: Incineroar|Throat Chop|p1a: Farigiraf\n|-supereffective|p1a: Farigiraf|1\n|-damage|p1a: Farigiraf|0 fnt\n|faint|p1a: Farigiraf\n|\n|-weather|none\n|upkeep\n|\n|t:|1788303576\n|switch|p1a: Garchomp|Garchomp, L50, M, shiny|100/100\n|turn|9\n|\n|t:|1788303585\n|move|p2b: Steelix|Wide Guard|p2b: Steelix\n|-singleturn|p2b: Steelix|Wide Guard\n|move|p1a: Garchomp|Stomping Tantrum|p2b: Steelix\n|-supereffective|p2b: Steelix|1\n|-damage|p2b: Steelix|0 fnt\n|faint|p2b: Steelix\n|-damage|p1a: Garchomp|90/100|[from] item: Life Orb\n|move|p1b: Charizard|Ancient Power|p2a: Incineroar\n|-supereffective|p2a: Incineroar|1\n|-damage|p2a: Incineroar|48/100\n|move|p2a: Incineroar|Throat Chop|p1b: Charizard\n|-damage|p1b: Charizard|2/100\n|-start|p1b: Charizard|Throat Chop|[silent]\n|\n|upkeep\n|turn|10\n|\n|t:|1788303603\n|move|p1a: Garchomp|Stomping Tantrum|p2a: Incineroar\n|-supereffective|p2a: Incineroar|1\n|-damage|p2a: Incineroar|0 fnt\n|faint|p2a: Incineroar\n|-damage|p1a: Garchomp|80/100|[from] item: Life Orb\n|\n|win|Daap_15\n|raw|Daap_15's rating: 1196 &rarr; <strong>1222</strong><br />(+26 for winning)\n|raw|AndreNocchi's rating: 1203 &rarr; <strong>1177</strong><br />(-26 for losing)\n|l|☆AndreNocchi\n|player|p2|\n","uploadtime":1788303729,"views":"5","formatid":"gen9championsvgc2026regmb","rating":1177,"private":0,"password":null}