{"id":"gen9championsvgc2026regmbbo3-2673807869","format":"[Gen 9 Champions] VGC 2026 Reg M-B (Bo3)","players":["upinhuu","SIR_peperl"],"log":"|j|☆upinhuu\n|j|☆SIR_peperl\n|html|<table width=\"100%\"><tr><td align=\"left\">upinhuu</td><td align=\"right\">SIR_peperl</tr><tr><td align=\"left\"><i class=\"fa fa-circle-o\"></i> <i class=\"fa fa-circle-o\"></i> </td><td align=\"right\"><i class=\"fa fa-circle-o\"></i> <i class=\"fa fa-circle-o\"></i> </tr></table>\n|uhtml|bestof|<h2><strong>Game 1</strong> of <a href=\"/game-bestof3-gen9championsvgc2026regmbbo3-2673807868\">a best-of-3</a></h2>\n|t:|1788261052\n|gametype|doubles\n|player|p1|upinhuu|265|1201\n|player|p2|SIR_peperl|skier|1104\n|gen|9\n|tier|[Gen 9 Champions] VGC 2026 Reg M-B (Bo3)\n|rated|\n|rule|Species Clause: Limit one of each Pokémon\n|rule|Item Clause: Limit 1 of each item\n|clearpoke\n|poke|p1|Basculegion, L50, M|\n|poke|p1|Froslass, L50, F|\n|poke|p1|Sneasler, L50, F|\n|poke|p1|Kingambit, L50, M|\n|poke|p1|Scovillain, L50, M|\n|poke|p1|Lycanroc-Dusk, L50, F|\n|poke|p2|Metagross, L50|\n|poke|p2|Basculegion, L50, M|\n|poke|p2|Barbaracle, L50, F|\n|poke|p2|Sinistcha, L50|\n|poke|p2|Pelipper, L50, M|\n|poke|p2|Archaludon, L50, F|\n|teampreview|4\n|showteam|p1|Basculegion||LifeOrb|Adaptability|LastRespects,AquaJet,WaveCrash,Protect|Adamant||M|||50|]Froslass||Froslassite|CursedBody|Blizzard,AuroraVeil,ShadowBall,Protect|Timid||F|||50|]Sneasler||WhiteHerb|Unburden|DireClaw,FakeOut,CloseCombat,Protect|Adamant||F|||50|]Kingambit||BlackGlasses|Defiant|KowtowCleave,SwordsDance,SuckerPunch,Protect|Adamant||M|||50|]Scovillain||Scovillainite|Moody|GigaDrain,RagePowder,Overheat,Protect|Bold||M|||50|]Lycanroc-Dusk||FocusSash|ToughClaws|Accelerock,CloseCombat,RockSlide,Protect|Adamant||F|||50|\n|showteam|p2|Metagross||Metagrossite|ClearBody|BulletPunch,PsychicFangs,IronHead,Protect|Adamant|||||50|]Basculegion||LifeOrb|SwiftSwim|WaveCrash,FlipTurn,LastRespects,Protect|Adamant||M|||50|]Barbaracle||Barbaracite|ToughClaws|RockSlide,CloseCombat,ShellSmash,Protect|Adamant||F|||50|]Sinistcha||KasibBerry|Hospitality|MatchaGotcha,LifeDew,RagePowder,TrickRoom|Bold|||||50|]Pelipper||SitrusBerry|Drizzle|WeatherBall,Hurricane,Tailwind,Protect|Modest||M|||50|]Archaludon||ChopleBerry|Stamina|ElectroShot,DragonPulse,FlashCannon,Protect|Modest||F|||50|\n|inactive|Battle timer is ON: inactive players will automatically lose when time's up. (requested by SIR_peperl)\n|inactive|upinhuu also wants the timer to be on.\n|inactive|upinhuu has 60 seconds left.\n|inactive|SIR_peperl has 60 seconds left.\n|\n|t:|1788261098\n|teamsize|p1|4\n|teamsize|p2|4\n|start\n|switch|p1a: Froslass|Froslass, L50, F|100/100\n|switch|p1b: Kingambit|Kingambit, L50, M|100/100\n|switch|p2a: Barbaracle|Barbaracle, L50, F|100/100\n|switch|p2b: Sinistcha|Sinistcha, L50|100/100\n|turn|1\n|\n|t:|1788261117\n|detailschange|p1a: Froslass|Froslass-Mega, L50, F\n|-mega|p1a: Froslass|Froslass|Froslassite\n|-weather|Snowscape|[from] ability: Snow Warning|[of] p1a: Froslass\n|detailschange|p2a: Barbaracle|Barbaracle-Mega, L50, F\n|-mega|p2a: Barbaracle|Barbaracle|Barbaracite\n|move|p2b: Sinistcha|Rage Powder|p2b: Sinistcha\n|-singleturn|p2b: Sinistcha|move: Rage Powder\n|move|p1a: Froslass|Aurora Veil|p1a: Froslass\n|-sidestart|p1: upinhuu|move: Aurora Veil\n|move|p2a: Barbaracle|Shell Smash|p2a: Barbaracle\n|-unboost|p2a: Barbaracle|def|1\n|-unboost|p2a: Barbaracle|spd|1\n|-boost|p2a: Barbaracle|atk|2\n|-boost|p2a: Barbaracle|spa|2\n|-boost|p2a: Barbaracle|spe|2\n|move|p1b: Kingambit|Swords Dance|p1b: Kingambit\n|-boost|p1b: Kingambit|atk|2\n|\n|-weather|Snowscape|[upkeep]\n|upkeep\n|turn|2\n|inactive|upinhuu has 30 seconds left.\n|inactive|upinhuu has 20 seconds left.\n|inactive|upinhuu has 15 seconds left.\n|\n|t:|1788261158\n|switch|p2b: Pelipper|Pelipper, L50, M|100/100\n|-weather|RainDance|[from] ability: Drizzle|[of] p2b: Pelipper\n|move|p1b: Kingambit|Protect|p1b: Kingambit\n|-singleturn|p1b: Kingambit|Protect\n|move|p2a: Barbaracle|Close Combat|p1b: Kingambit\n|-activate|p1b: Kingambit|move: Protect\n|move|p1a: Froslass|Blizzard|p2a: Barbaracle|[spread] p2a\n|-miss|p1a: Froslass|p2b: Pelipper\n|-damage|p2a: Barbaracle|44/100\n|\n|-weather|RainDance|[upkeep]\n|upkeep\n|turn|3\n|inactive|SIR_peperl has 30 seconds left.\n|\n|t:|1788261193\n|move|p1b: Kingambit|Sucker Punch|p2a: Barbaracle\n|-resisted|p2a: Barbaracle|1\n|-damage|p2a: Barbaracle|0 fnt\n|faint|p2a: Barbaracle\n|move|p1a: Froslass|Blizzard|p2b: Pelipper\n|-damage|p2b: Pelipper|7/100\n|-enditem|p2b: Pelipper|Sitrus Berry|[eat]\n|-heal|p2b: Pelipper|32/100|[from] item: Sitrus Berry\n|move|p2b: Pelipper|Weather Ball|p1a: Froslass\n|-damage|p1a: Froslass|56/100\n|\n|-weather|RainDance|[upkeep]\n|upkeep\n|\n|t:|1788261205\n|switch|p2a: Sinistcha|Sinistcha, L50|100/100\n|-heal|p2b: Pelipper|56/100|[from] ability: Hospitality|[of] p2a: Sinistcha\n|turn|4\n|\n|t:|1788261227\n|switch|p1a: Sneasler|Sneasler, L50, F|100/100\n|move|p2b: Pelipper|Weather Ball|p1a: Sneasler\n|-damage|p1a: Sneasler|31/100\n|move|p2a: Sinistcha|Matcha Gotcha|p1a: Sneasler|[spread] p1a\n|-miss|p2a: Sinistcha|p1b: Kingambit\n|-resisted|p1a: Sneasler|1\n|-damage|p1a: Sneasler|19/100\n|move|p1b: Kingambit|Swords Dance|p1b: Kingambit\n|-boost|p1b: Kingambit|atk|2\n|\n|-weather|RainDance|[upkeep]\n|upkeep\n|turn|5\n|\n|t:|1788261252\n|move|p2a: Sinistcha|Rage Powder|p2a: Sinistcha\n|-singleturn|p2a: Sinistcha|move: Rage Powder\n|move|p1a: Sneasler|Dire Claw|p2a: Sinistcha\n|-damage|p2a: Sinistcha|62/100\n|-status|p2a: Sinistcha|psn\n|move|p2b: Pelipper|Weather Ball|p1b: Kingambit\n|-damage|p1b: Kingambit|57/100\n|move|p1b: Kingambit|Kowtow Cleave|p2a: Sinistcha\n|-supereffective|p2a: Sinistcha|1\n|-damage|p2a: Sinistcha|0 fnt\n|faint|p2a: Sinistcha\n|\n|-weather|RainDance|[upkeep]\n|-sideend|p1: upinhuu|move: Aurora Veil\n|upkeep\n|\n|t:|1788261266\n|switch|p2a: Archaludon|Archaludon, L50, F|100/100\n|turn|6\n|inactive|upinhuu has 30 seconds left.\n|\n|t:|1788261291\n|switch|p1a: Froslass|Froslass-Mega, L50, F|56/100\n|-weather|Snowscape|[from] ability: Snow Warning|[of] p1a: Froslass\n|move|p2a: Archaludon|Protect|p2a: Archaludon\n|-singleturn|p2a: Archaludon|Protect\n|move|p1b: Kingambit|Sucker Punch|p2b: Pelipper\n|-damage|p2b: Pelipper|0 fnt\n|faint|p2b: Pelipper\n|\n|-weather|Snowscape|[upkeep]\n|upkeep\n|turn|7\n|\n|t:|1788261306\n|move|p1b: Kingambit|Sucker Punch|p2a: Archaludon\n|-damage|p2a: Archaludon|0 fnt\n|faint|p2a: Archaludon\n|\n|win|upinhuu\n||SIR_peperl is ready for game 2.\n|inactive|upinhuu has 30 seconds to confirm battle start!\n","uploadtime":1788261316,"views":"5","formatid":"gen9championsvgc2026regmbbo3","rating":null,"private":0,"password":null}