{"id":"gen9championsvgc2026regmb-2674495187","format":"[Gen 9 Champions] VGC 2026 Reg M-B","players":["Daniel Purple","AzmaniumZ"],"log":"|j|☆Daniel Purple\n|j|‽AzmaniumZ\n|t:|1788366525\n|gametype|doubles\n|player|p1|Daniel Purple|steven|1072\n|player|p2|AzmaniumZ|101|1000\n|gen|9\n|tier|[Gen 9 Champions] VGC 2026 Reg M-B\n|rated|\n|rule|Species Clause: Limit one of each Pokémon\n|rule|Item Clause: Limit 1 of each item\n|clearpoke\n|poke|p1|Charizard, L50, M, shiny|\n|poke|p1|Aerodactyl, L50, M, shiny|\n|poke|p1|Gholdengo, L50|\n|poke|p1|Staraptor, L50, M, shiny|\n|poke|p1|Grimmsnarl, L50, M|\n|poke|p1|Annihilape, L50, M, shiny|\n|poke|p2|Pikachu, L50, F|\n|poke|p2|Castform, L50, M|\n|poke|p2|Maushold-Four, L50|\n|poke|p2|Starmie, L50|\n|poke|p2|Typhlosion-Hisui, L50, F|\n|poke|p2|Vanilluxe, L50, F|\n|teampreview|4\n|inactive|Battle timer is ON: inactive players will automatically lose when time's up. (requested by Daniel Purple)\n|\n|t:|1788366568\n|teamsize|p1|4\n|teamsize|p2|4\n|start\n|switch|p1a: Annihilape|Annihilape, L50, M, shiny|100/100\n|switch|p1b: Gholdengo|Gholdengo, L50|100/100\n|switch|p2a: Typhlosion|Typhlosion-Hisui, L50, F|100/100\n|switch|p2b: Maushold|Maushold-Four, L50|100/100\n|turn|1\n|\n|t:|1788366587\n|move|p1b: Gholdengo|Protect|p1b: Gholdengo\n|-singleturn|p1b: Gholdengo|Protect\n|move|p1a: Annihilape|Storm Throw|p2b: Maushold\n|-supereffective|p2b: Maushold|1\n|-crit|p2b: Maushold\n|-enditem|p2b: Maushold|Chople Berry|[eat]\n|-enditem|p2b: Maushold|Chople Berry|[weaken]\n|-damage|p2b: Maushold|35/100\n|move|p2b: Maushold|Dig||[still]\n|-prepare|p2b: Maushold|Dig\n|move|p2a: Typhlosion|Poltergeist|p1a: Annihilape\n|-activate|p1a: Annihilape|move: Poltergeist|Roseli Berry\n|-supereffective|p1a: Annihilape|1\n|-damage|p1a: Annihilape|13/100\n|\n|upkeep\n|turn|2\n|\n|t:|1788366610\n|switch|p1b: Charizard|Charizard, L50, M, shiny|100/100\n|move|p1a: Annihilape|Rage Fist|p2a: Typhlosion\n|-supereffective|p2a: Typhlosion|1\n|-damage|p2a: Typhlosion|3/100\n|move|p2b: Maushold|Dig|p1b: Charizard|[from] lockedmove\n|-immune|p1b: Charizard\n|move|p2a: Typhlosion|Inferno|p1b: Charizard|[miss]\n|-miss|p2a: Typhlosion|p1b: Charizard\n|\n|upkeep\n|turn|3\n|inactive|AzmaniumZ has 30 seconds left.\n|\n|t:|1788366637\n|detailschange|p1b: Charizard|Charizard-Mega-Y, L50, M, shiny\n|-mega|p1b: Charizard|Charizard|Charizardite Y\n|-weather|SunnyDay|[from] ability: Drought|[of] p1b: Charizard\n|move|p1a: Annihilape|Protect|p1a: Annihilape\n|-singleturn|p1a: Annihilape|Protect\n|move|p1b: Charizard|Heat Wave|p2a: Typhlosion|[spread] p2a,p2b\n|-resisted|p2a: Typhlosion|1\n|-damage|p2a: Typhlosion|0 fnt\n|-damage|p2b: Maushold|0 fnt\n|faint|p2a: Typhlosion\n|faint|p2b: Maushold\n|\n|-weather|SunnyDay|[upkeep]\n|upkeep\n|\n|t:|1788366648\n|switch|p2b: Castform|Castform, L50, M|100/100\n|switch|p2a: Pikachu|Pikachu, L50, F|100/100\n|-formechange|p2b: Castform|Castform-Sunny|[msg]|[from] ability: Forecast\n|turn|4\n|\n|t:|1788366670\n|move|p1b: Charizard|Solar Beam||[still]\n|-prepare|p1b: Charizard|Solar Beam\n|-anim|p1b: Charizard|Solar Beam|p2a: Pikachu\n|-damage|p2a: Pikachu|0 fnt\n|faint|p2a: Pikachu\n|move|p1a: Annihilape|Rage Fist|p2b: Castform\n|-damage|p2b: Castform|22/100\n|move|p2b: Castform|Thunderbolt|p2: Pikachu|[notarget]\n|-fail|p2b: Castform\n|\n|-weather|SunnyDay|[upkeep]\n|upkeep\n|turn|5\n|\n|t:|1788366689\n|move|p1b: Charizard|Weather Ball|p2b: Castform\n|-resisted|p2b: Castform|1\n|-damage|p2b: Castform|0 fnt\n|faint|p2b: Castform\n|\n|win|Daniel Purple\n|raw|Daniel Purple's rating: 1072 &rarr; <strong>1095</strong><br />(+23 for winning)\n|raw|AzmaniumZ's rating: 1000 &rarr; <strong>1000</strong><br />(+0 for losing)\n","uploadtime":1788366694,"views":"0","formatid":"gen9championsvgc2026regmb","rating":1000,"private":0,"password":null}