{"id":"gen9championsvgc2026regmb-2674704415","format":"[Gen 9 Champions] VGC 2026 Reg M-B","players":["oversoul47","psyfetch"],"log":"|j|☆oversoul47\n|j|☆psyfetch\n|t:|1788393211\n|gametype|doubles\n|player|p1|oversoul47|hilbert|1050\n|player|p2|psyfetch|cynthia|1000\n|gen|9\n|tier|[Gen 9 Champions] VGC 2026 Reg M-B\n|rated|\n|rule|Species Clause: Limit one of each Pokémon\n|rule|Item Clause: Limit 1 of each item\n|clearpoke\n|poke|p1|Milotic, L50, M|\n|poke|p1|Raichu, L50, F|\n|poke|p1|Mimikyu, L50, F|\n|poke|p1|Incineroar, L50, F|\n|poke|p1|Ninetales-Alola, L50, F|\n|poke|p1|Sinistcha, L50|\n|poke|p2|Pelipper, L50, F|\n|poke|p2|Charizard, L50, F|\n|poke|p2|Whimsicott, L50, M|\n|poke|p2|Archaludon, L50, M|\n|poke|p2|Swampert, L50, M|\n|poke|p2|Grimmsnarl, L50, M|\n|teampreview|4\n|\n|t:|1788393242\n|teamsize|p1|4\n|teamsize|p2|4\n|start\n|switch|p1a: Raichu|Raichu, L50, F|100/100\n|switch|p1b: Incineroar|Incineroar, L50, F|100/100\n|switch|p2a: Pelipper|Pelipper, L50, F|100/100\n|switch|p2b: Swampert|Swampert, L50, M|100/100\n|-weather|RainDance|[from] ability: Drizzle|[of] p2a: Pelipper\n|-ability|p1b: Incineroar|Intimidate|boost\n|-unboost|p2a: Pelipper|atk|1\n|-unboost|p2b: Swampert|atk|1\n|turn|1\n|\n|t:|1788393291\n|detailschange|p1a: Raichu|Raichu-Mega-Y, L50, F\n|-mega|p1a: Raichu|Raichu|Raichunite Y\n|detailschange|p2b: Swampert|Swampert-Mega, L50, M\n|-mega|p2b: Swampert|Swampert|Swampertite\n|move|p1b: Incineroar|Fake Out|p2b: Swampert\n|-damage|p2b: Swampert|91/100\n|move|p1a: Raichu|Focus Blast|p2b: Swampert\n|-damage|p2b: Swampert|56/100\n|cant|p2b: Swampert|flinch\n|move|p2a: Pelipper|Weather Ball|p1b: Incineroar\n|-supereffective|p1b: Incineroar|1\n|-damage|p1b: Incineroar|19/100\n|-enditem|p1b: Incineroar|Sitrus Berry|[eat]\n|-heal|p1b: Incineroar|44/100|[from] item: Sitrus Berry\n|\n|-weather|RainDance|[upkeep]\n|upkeep\n|turn|2\n|\n|t:|1788393350\n|switch|p1b: Milotic|Milotic, L50, M|100/100\n|move|p1a: Raichu|Protect|p1a: Raichu\n|-singleturn|p1a: Raichu|Protect\n|move|p2b: Swampert|Protect|p2b: Swampert\n|-singleturn|p2b: Swampert|Protect\n|move|p2a: Pelipper|Weather Ball|p1b: Milotic\n|-resisted|p1b: Milotic|1\n|-damage|p1b: Milotic|83/100\n|\n|-weather|RainDance|[upkeep]\n|-heal|p1b: Milotic|89/100|[from] item: Leftovers\n|upkeep\n|turn|3\n|\n|t:|1788393366\n|switch|p1a: Incineroar|Incineroar, L50, F|44/100\n|-ability|p1a: Incineroar|Intimidate|boost\n|-unboost|p2a: Pelipper|atk|1\n|-unboost|p2b: Swampert|atk|1\n|move|p2b: Swampert|Earthquake|p1b: Milotic|[spread] p1a,p1b\n|-immune|p2a: Pelipper\n|-supereffective|p1a: Incineroar|1\n|-damage|p1a: Incineroar|4/100\n|-damage|p1b: Milotic|66/100\n|move|p2a: Pelipper|U-turn|p1b: Milotic\n|-damage|p1b: Milotic|61/100\n|\n|t:|1788393376\n|switch|p2a: Archaludon|Archaludon, L50, M|100/100|[from] U-turn\n|move|p1b: Milotic|Coil|p1b: Milotic\n|-boost|p1b: Milotic|atk|1\n|-boost|p1b: Milotic|def|1\n|-boost|p1b: Milotic|accuracy|1\n|\n|-weather|RainDance|[upkeep]\n|-heal|p1b: Milotic|67/100|[from] item: Leftovers\n|upkeep\n|turn|4\n|\n|t:|1788393387\n|move|p2b: Swampert|Protect|p2b: Swampert\n|-singleturn|p2b: Swampert|Protect\n|move|p1a: Incineroar|Fake Out|p2b: Swampert\n|-activate|p2b: Swampert|move: Protect\n|move|p2a: Archaludon|Electro Shot||[still]\n|-prepare|p2a: Archaludon|Electro Shot\n|-boost|p2a: Archaludon|spa|1\n|-anim|p2a: Archaludon|Electro Shot|p1b: Milotic\n|-supereffective|p1b: Milotic|1\n|-damage|p1b: Milotic|0 fnt\n|faint|p1b: Milotic\n|\n|-weather|RainDance|[upkeep]\n|upkeep\n|\n|t:|1788393402\n|switch|p1b: Raichu|Raichu-Mega-Y, L50, F|100/100\n|turn|5\n|\n|t:|1788393421\n|move|p2a: Archaludon|Protect|p2a: Archaludon\n|-singleturn|p2a: Archaludon|Protect\n|move|p1b: Raichu|Fake Out|p2b: Swampert\n|-damage|p2b: Swampert|47/100\n|cant|p2b: Swampert|flinch\n|move|p1a: Incineroar|Parting Shot|p2b: Swampert\n|-unboost|p2b: Swampert|atk|1\n|-unboost|p2b: Swampert|spa|1\n|\n|t:|1788393428\n|switch|p1a: Mimikyu|Mimikyu, L50, F|100/100|[from] Parting Shot\n|\n|-weather|none\n|upkeep\n|turn|6\n|\n|t:|1788393446\n|switch|p2a: Pelipper|Pelipper, L50, F|100/100\n|-weather|RainDance|[from] ability: Drizzle|[of] p2a: Pelipper\n|move|p1b: Raichu|Zap Cannon|p2a: Pelipper\n|-supereffective|p2a: Pelipper|2\n|-damage|p2a: Pelipper|0 fnt\n|faint|p2a: Pelipper\n|move|p2b: Swampert|Earthquake|p1b: Raichu|[spread] p1a,p1b\n|-supereffective|p1b: Raichu|1\n|-activate|p1a: Mimikyu|ability: Disguise\n|-damage|p1a: Mimikyu|100/100\n|-damage|p1b: Raichu|22/100\n|detailschange|p1a: Mimikyu|Mimikyu-Busted, L50, F\n|-damage|p1a: Mimikyu|87/100|[from] pokemon: Mimikyu-Busted\n|move|p1a: Mimikyu|Swords Dance|p1a: Mimikyu\n|-boost|p1a: Mimikyu|atk|2\n|\n|-weather|RainDance|[upkeep]\n|upkeep\n|\n|t:|1788393465\n|switch|p2a: Grimmsnarl|Grimmsnarl, L50, M|100/100\n|turn|7\n|\n|t:|1788393473\n|move|p1b: Raichu|Protect|p1b: Raichu\n|-singleturn|p1b: Raichu|Protect\n|move|p2b: Swampert|Protect|p2b: Swampert\n|-singleturn|p2b: Swampert|Protect\n|move|p2a: Grimmsnarl|Sucker Punch|p1a: Mimikyu\n|-damage|p1a: Mimikyu|42/100\n|move|p1a: Mimikyu|Play Rough|p2b: Swampert\n|-activate|p2b: Swampert|move: Protect\n|\n|-weather|RainDance|[upkeep]\n|upkeep\n|turn|8\n|\n|t:|1788393491\n|switch|p1b: Incineroar|Incineroar, L50, F|4/100\n|-ability|p1b: Incineroar|Intimidate|boost\n|-unboost|p2a: Grimmsnarl|atk|1\n|-unboost|p2b: Swampert|atk|1\n|switch|p2a: Archaludon|Archaludon, L50, M|100/100\n|move|p1a: Mimikyu|Protect|p1a: Mimikyu\n|-singleturn|p1a: Mimikyu|Protect\n|move|p2b: Swampert|Wave Crash|p1b: Incineroar\n|-supereffective|p1b: Incineroar|1\n|-damage|p1b: Incineroar|0 fnt\n|faint|p1b: Incineroar\n|-damage|p2b: Swampert|46/100|[from] Recoil\n|\n|-weather|RainDance|[upkeep]\n|upkeep\n|\n|t:|1788393494\n|switch|p1b: Raichu|Raichu-Mega-Y, L50, F|22/100\n|turn|9\n|\n|t:|1788393511\n|move|p2b: Swampert|Protect|p2b: Swampert\n|-singleturn|p2b: Swampert|Protect\n|move|p1b: Raichu|Fake Out|p2b: Swampert\n|-activate|p2b: Swampert|move: Protect\n|move|p1a: Mimikyu|Play Rough|p2b: Swampert\n|-activate|p2b: Swampert|move: Protect\n|move|p2a: Archaludon|Electro Shot||[still]\n|-prepare|p2a: Archaludon|Electro Shot\n|-boost|p2a: Archaludon|spa|1\n|-anim|p2a: Archaludon|Electro Shot|p1a: Mimikyu\n|-damage|p1a: Mimikyu|0 fnt\n|faint|p1a: Mimikyu\n|\n|-weather|RainDance|[upkeep]\n|upkeep\n|turn|10\n|\n|t:|1788393526\n|move|p2a: Archaludon|Protect|p2a: Archaludon\n|-singleturn|p2a: Archaludon|Protect\n|move|p1b: Raichu|Focus Blast|p2a: Archaludon\n|-activate|p2a: Archaludon|move: Protect\n|move|p2b: Swampert|Earthquake|p1b: Raichu|[spread] p1b\n|-activate|p2a: Archaludon|move: Protect\n|-supereffective|p1b: Raichu|1\n|-damage|p1b: Raichu|0 fnt\n|faint|p1b: Raichu\n|\n|win|psyfetch\n|raw|oversoul47's rating: 1050 &rarr; <strong>1030</strong><br />(-20 for losing)\n|raw|psyfetch's rating: 1000 &rarr; <strong>1046</strong><br />(+46 for winning)\n|l|☆oversoul47\n|player|p1|\n","uploadtime":1788393583,"views":"12","formatid":"gen9championsvgc2026regmb","rating":1030,"private":0,"password":null}