{"id":"gen9championsvgc2026regmbbo3-2674558377","format":"[Gen 9 Champions] VGC 2026 Reg M-B (Bo3)","players":["mousemaxxing","hugoggg"],"log":"|j|☆mousemaxxing\n|j|☆hugoggg\n|html|<table width=\"100%\"><tr><td align=\"left\">mousemaxxing</td><td align=\"right\">hugoggg</tr><tr><td align=\"left\"><i class=\"fa fa-circle-o\"></i> <i class=\"fa fa-circle-o\"></i> </td><td align=\"right\"><i class=\"fa fa-circle-o\"></i> <i class=\"fa fa-circle\"></i> </tr></table>\n|uhtml|bestof|<h2><strong>Game 2</strong> of <a href=\"/game-bestof3-gen9championsvgc2026regmbbo3-2674556411\">a best-of-3</a></h2>\n|t:|1788373789\n|gametype|doubles\n|player|p1|mousemaxxing|gwynn|\n|player|p2|hugoggg|102|\n|gen|9\n|tier|[Gen 9 Champions] VGC 2026 Reg M-B (Bo3)\n|rule|Species Clause: Limit one of each Pokémon\n|rule|Item Clause: Limit 1 of each item\n|clearpoke\n|poke|p1|Blaziken, L50, F|\n|poke|p1|Froslass, L50, F|\n|poke|p1|Kingambit, L50, F|\n|poke|p1|Sinistcha, L50|\n|poke|p1|Sneasler, L50, F|\n|poke|p1|Incineroar, L50, M|\n|poke|p2|Froslass, L50, F|\n|poke|p2|Dragonite, L50, F, shiny|\n|poke|p2|Sneasler, L50, M|\n|poke|p2|Arcanine-Hisui, L50, M|\n|poke|p2|Gholdengo, L50|\n|poke|p2|Kingambit, L50, M|\n|teampreview|4\n|showteam|p1|Blaziken||Blazikenite|SpeedBoost|Detect,FlareBlitz,CloseCombat,RockSlide|Adamant||F|||50|]Froslass||Froslassite|CursedBody|Blizzard,ShadowBall,AuroraVeil,Protect|Timid||F|||50|]Kingambit||BlackGlasses|Defiant|KowtowCleave,SwordsDance,Protect,SuckerPunch|Adamant||F|||50|]Sinistcha||OccaBerry|Hospitality|ShadowBall,MatchaGotcha,RagePowder,TrickRoom|Bold|||||50|]Sneasler||WhiteHerb|Unburden|CloseCombat,GunkShot,Protect,FakeOut|Adamant||F|||50|]Incineroar||SitrusBerry|Intimidate|PartingShot,FlareBlitz,HelpingHand,FakeOut|Impish||M|||50|\n|showteam|p2|Froslass||Froslassite|CursedBody|Blizzard,ShadowBall,AuroraVeil,Protect|Modest||F|||50|]Dragonite||Dragoninite|InnerFocus|DragonPulse,Flamethrower,Tailwind,Protect|Modest||F|||50|]Sneasler||WhiteHerb|Unburden|CloseCombat,GunkShot,FakeOut,Protect|Adamant||M|||50|]Arcanine-Hisui||FocusSash|RockHead|HeadSmash,FlareBlitz,ExtremeSpeed,Protect|Adamant||M|||50|]Gholdengo||ChoiceScarf|GoodasGold|MakeItRain,ShadowBall,Thunderbolt,Trick|Modest|||||50|]Kingambit||LifeOrb|Defiant|KowtowCleave,SuckerPunch,SwordsDance,Protect|Adamant||M|||50|\n|inactive|Battle timer is ON: inactive players will automatically lose when time's up. (requested by mousemaxxing)\n|inactive|mousemaxxing has 60 seconds left.\n|inactive|hugoggg has 60 seconds left.\n|\n|t:|1788373828\n|teamsize|p1|4\n|teamsize|p2|4\n|start\n|switch|p1a: Froslass|Froslass, L50, F|100/100\n|switch|p1b: Sneasler|Sneasler, L50, F|100/100\n|switch|p2a: Weathergirl|Dragonite, L50, F, shiny|100/100\n|switch|p2b: Streetcat|Sneasler, L50, M|100/100\n|turn|1\n|\n|t:|1788373847\n|switch|p2b: Flop era|Gholdengo, L50|100/100\n|detailschange|p1a: Froslass|Froslass-Mega, L50, F\n|-mega|p1a: Froslass|Froslass|Froslassite\n|-weather|Snowscape|[from] ability: Snow Warning|[of] p1a: Froslass\n|move|p2a: Weathergirl|Protect|p2a: Weathergirl\n|-singleturn|p2a: Weathergirl|Protect\n|move|p1b: Sneasler|Fake Out|p2a: Weathergirl\n|-activate|p2a: Weathergirl|move: Protect\n|move|p1a: Froslass|Aurora Veil|p1a: Froslass\n|-sidestart|p1: mousemaxxing|move: Aurora Veil\n|\n|-weather|Snowscape|[upkeep]\n|upkeep\n|turn|2\n|\n|t:|1788373867\n|switch|p2a: Streetcat|Sneasler, L50, M|100/100\n|move|p2b: Flop era|Make It Rain|p1a: Froslass|[spread] p1a,p1b\n|-supereffective|p1a: Froslass|1\n|-damage|p1a: Froslass|31/100\n|-damage|p1b: Sneasler|58/100\n|-unboost|p2b: Flop era|spa|2\n|move|p1a: Froslass|Shadow Ball|p2b: Flop era\n|-supereffective|p2b: Flop era|1\n|-damage|p2b: Flop era|21/100\n|-unboost|p2b: Flop era|spd|1\n|move|p1b: Sneasler|Gunk Shot|p2a: Streetcat\n|-resisted|p2a: Streetcat|1\n|-damage|p2a: Streetcat|64/100\n|\n|-weather|Snowscape|[upkeep]\n|upkeep\n|turn|3\n|inactive|mousemaxxing has 30 seconds left.\n|\n|t:|1788373896\n|move|p1a: Froslass|Protect|p1a: Froslass\n|-singleturn|p1a: Froslass|Protect\n|move|p2b: Flop era|Make It Rain|p1b: Sneasler|[spread] p1b\n|-activate|p1a: Froslass|move: Protect\n|-damage|p1b: Sneasler|37/100\n|-unboost|p2b: Flop era|spa|2\n|move|p2a: Streetcat|Close Combat|p1b: Sneasler\n|-resisted|p1b: Sneasler|1\n|-damage|p1b: Sneasler|12/100\n|-unboost|p2a: Streetcat|def|1\n|-unboost|p2a: Streetcat|spd|1\n|-enditem|p2a: Streetcat|White Herb\n|-clearnegativeboost|p2a: Streetcat|[silent]\n|move|p1b: Sneasler|Close Combat|p2a: Streetcat\n|-resisted|p2a: Streetcat|1\n|-damage|p2a: Streetcat|26/100\n|-unboost|p1b: Sneasler|def|1\n|-unboost|p1b: Sneasler|spd|1\n|-enditem|p1b: Sneasler|White Herb\n|-clearnegativeboost|p1b: Sneasler|[silent]\n|\n|-weather|Snowscape|[upkeep]\n|upkeep\n|turn|4\n|\n|t:|1788373921\n|move|p1b: Sneasler|Protect|p1b: Sneasler\n|-singleturn|p1b: Sneasler|Protect\n|move|p2a: Streetcat|Gunk Shot|p1a: Froslass\n|-resisted|p1a: Froslass|1\n|-damage|p1a: Froslass|14/100\n|-status|p1a: Froslass|psn\n|move|p2b: Flop era|Make It Rain|p1a: Froslass|[spread] p1a\n|-activate|p1b: Sneasler|move: Protect\n|-supereffective|p1a: Froslass|1\n|-damage|p1a: Froslass|0 fnt\n|-unboost|p2b: Flop era|spa|2\n|faint|p1a: Froslass\n|\n|-weather|Snowscape|[upkeep]\n|upkeep\n|\n|t:|1788373939\n|switch|p1a: Blaziken|Blaziken, L50, F|100/100\n|turn|5\n|inactive|mousemaxxing has 30 seconds left.\n|\n|t:|1788373968\n|switch|p2b: Animal|Arcanine-Hisui, L50, M|100/100\n|move|p2a: Streetcat|Protect|p2a: Streetcat\n|-singleturn|p2a: Streetcat|Protect\n|move|p1b: Sneasler|Gunk Shot|p2a: Streetcat\n|-activate|p2a: Streetcat|move: Protect\n|move|p1a: Blaziken|Flare Blitz|p2b: Animal\n|-resisted|p2b: Animal|2\n|-damage|p2b: Animal|80/100\n|-damage|p1a: Blaziken|92/100|[from] Recoil\n|\n|-weather|none\n|-sideend|p1: mousemaxxing|move: Aurora Veil\n|-ability|p1a: Blaziken|Speed Boost|boost\n|-boost|p1a: Blaziken|spe|1\n|upkeep\n|turn|6\n|\n|t:|1788373986\n|move|p2b: Animal|Extreme Speed|p1b: Sneasler\n|-damage|p1b: Sneasler|0 fnt\n|faint|p1b: Sneasler\n|move|p2a: Streetcat|Close Combat|p1a: Blaziken\n|-damage|p1a: Blaziken|1/100\n|-unboost|p2a: Streetcat|def|1\n|-unboost|p2a: Streetcat|spd|1\n|move|p1a: Blaziken|Rock Slide|p2b: Animal|[spread] p2a,p2b\n|-resisted|p2a: Streetcat|1\n|-supereffective|p2b: Animal|1\n|-damage|p2a: Streetcat|6/100\n|-damage|p2b: Animal|27/100\n|\n|-ability|p1a: Blaziken|Speed Boost|boost\n|-boost|p1a: Blaziken|spe|1\n|upkeep\n|\n|t:|1788373998\n|switch|p1b: Kingambit|Kingambit, L50, F|100/100\n|turn|7\n|\n|t:|1788374004\n|move|p1a: Blaziken|Detect|p1a: Blaziken\n|-singleturn|p1a: Blaziken|Protect\n|move|p2b: Animal|Extreme Speed|p1a: Blaziken\n|-activate|p1a: Blaziken|move: Protect\n|move|p2a: Streetcat|Close Combat|p1b: Kingambit\n|-supereffective|p1b: Kingambit|2\n|-damage|p1b: Kingambit|0 fnt\n|-unboost|p2a: Streetcat|def|1\n|-unboost|p2a: Streetcat|spd|1\n|faint|p1b: Kingambit\n|\n|-ability|p1a: Blaziken|Speed Boost|boost\n|-boost|p1a: Blaziken|spe|1\n|upkeep\n|turn|8\n|c|☆mousemaxxing|ggs\n|c|☆hugoggg|ggwp!\n|-message|mousemaxxing forfeited.\n|\n|win|hugoggg\n","uploadtime":1788374018,"views":"3","formatid":"gen9championsvgc2026regmbbo3","rating":null,"private":0,"password":null}