{"id":"gen9championsvgc2026regmbbo3-2673374496","format":"[Gen 9 Champions] VGC 2026 Reg M-B (Bo3)","players":["Advertisementish","Ninjaloki"],"log":"|j|☆Advertisementish\n|j|☆Ninjaloki\n|html|<table width=\"100%\"><tr><td align=\"left\">Advertisementish</td><td align=\"right\">Ninjaloki</tr><tr><td align=\"left\"><i class=\"fa fa-circle\"></i> <i class=\"fa fa-circle-o\"></i> </td><td align=\"right\"><i class=\"fa fa-circle-o\"></i> <i class=\"fa fa-circle\"></i> </tr></table>\n|uhtml|bestof|<h2><strong>Game 3</strong> of <a href=\"/game-bestof3-gen9championsvgc2026regmbbo3-2673370504\">a best-of-3</a></h2>\n|t:|1788189981\n|gametype|doubles\n|player|p1|Advertisementish|ghetsis|1529\n|player|p2|Ninjaloki|169|1409\n|gen|9\n|tier|[Gen 9 Champions] VGC 2026 Reg M-B (Bo3)\n|rated|\n|rule|Species Clause: Limit one of each Pokémon\n|rule|Item Clause: Limit 1 of each item\n|clearpoke\n|poke|p1|Aerodactyl, L50, M|\n|poke|p1|Scovillain, L50, M|\n|poke|p1|Sylveon, L50, F|\n|poke|p1|Kingambit, L50, M|\n|poke|p1|Maushold-Four, L50|\n|poke|p1|Archaludon, L50, M|\n|poke|p2|Venusaur, L50, M|\n|poke|p2|Charizard, L50, M|\n|poke|p2|Grimmsnarl, L50, M|\n|poke|p2|Archaludon, L50, F|\n|poke|p2|Swampert, L50, M|\n|poke|p2|Pelipper, L50, F|\n|teampreview|4\n|showteam|p1|Aerodactyl||Aerodactylite|Unnerve|RockSlide,DualWingbeat,Tailwind,Protect|Jolly||M|||50|]Scovillain||Scovillainite|Moody|Overheat,GigaDrain,RagePowder,Protect|Calm||M|||50|]Sylveon||FairyFeather|Pixilate|HyperVoice,HyperBeam,QuickAttack,Detect|Modest||F|||50|]Kingambit||FocusSash|Defiant|KowtowCleave,IronHead,SuckerPunch,LowKick|Adamant||M|||50|]Maushold-Four||WideLens|Technician|PopulationBomb,RainDance,FollowMe,Protect|Jolly|||||50|]Archaludon||Leftovers|Stamina|FlashCannon,DragonPulse,ElectroShot,Protect|Modest||M|||50|\n|showteam|p2|Venusaur||FocusSash|Chlorophyll|SludgeBomb,EarthPower,SleepPowder,Protect|Modest||M|||50|]Charizard||CharizarditeY|Blaze|Protect,HeatWave,Hurricane,WeatherBall|Modest||M|||50|]Grimmsnarl||LightClay|Prankster|SpiritBreak,LightScreen,Reflect,PartingShot|Sassy||M|||50|]Archaludon||Leftovers|Stamina|ElectroShot,DragonPulse,FlashCannon,Protect|Calm||F|||50|]Swampert||Swampertite|Torrent|WaveCrash,Earthquake,IcePunch,Protect|Adamant||M|||50|]Pelipper||SitrusBerry|Drizzle|Hurricane,WeatherBall,Tailwind,WideGuard|Modest||F|||50|\n|\n|t:|1788190003\n|teamsize|p1|4\n|teamsize|p2|4\n|start\n|switch|p1a: War Crime|Aerodactyl, L50, M|100/100\n|switch|p1b: They/Them|Maushold-Four, L50|100/100\n|switch|p2a: Archaludon|Archaludon, L50, F|100/100\n|switch|p2b: Grimmsnarl|Grimmsnarl, L50, M|100/100\n|-ability|p1a: War Crime|Unnerve\n|turn|1\n|\n|t:|1788190028\n|move|p2b: Grimmsnarl|Parting Shot|p1a: War Crime\n|-unboost|p1a: War Crime|atk|1\n|-unboost|p1a: War Crime|spa|1\n|\n|t:|1788190031\n|switch|p2b: Pelipper|Pelipper, L50, F|100/100|[from] Parting Shot\n|-weather|RainDance|[from] ability: Drizzle|[of] p2b: Pelipper\n|move|p1a: War Crime|Dual Wingbeat|p2b: Pelipper\n|-damage|p2b: Pelipper|89/100\n|-damage|p2b: Pelipper|76/100\n|-hitcount|p2b: Pelipper|2\n|move|p1b: They/Them|Population Bomb|p2b: Pelipper\n|-damage|p2b: Pelipper|65/100\n|-damage|p2b: Pelipper|55/100\n|-damage|p2b: Pelipper|44/100\n|-damage|p2b: Pelipper|34/100\n|-damage|p2b: Pelipper|25/100\n|-damage|p2b: Pelipper|14/100\n|-damage|p2b: Pelipper|3/100\n|-damage|p2b: Pelipper|0 fnt\n|faint|p2b: Pelipper\n|-hitcount|p2: Pelipper|8\n|move|p2a: Archaludon|Electro Shot||[still]\n|-prepare|p2a: Archaludon|Electro Shot\n|-boost|p2a: Archaludon|spa|1\n|-anim|p2a: Archaludon|Electro Shot|p1a: War Crime\n|-supereffective|p1a: War Crime|1\n|-damage|p1a: War Crime|0 fnt\n|faint|p1a: War Crime\n|\n|-weather|RainDance|[upkeep]\n|upkeep\n|\n|t:|1788190061\n|switch|p1a: London Bridge|Archaludon, L50, M|100/100\n|switch|p2b: Grimmsnarl|Grimmsnarl, L50, M|100/100\n|turn|2\n|\n|t:|1788190071\n|move|p2b: Grimmsnarl|Light Screen|p2b: Grimmsnarl\n|-sidestart|p2: Ninjaloki|move: Light Screen\n|move|p1b: They/Them|Population Bomb|p1a: London Bridge\n|-resisted|p1a: London Bridge|1\n|-damage|p1a: London Bridge|96/100\n|-ability|p1a: London Bridge|Stamina|boost\n|-boost|p1a: London Bridge|def|1\n|-resisted|p1a: London Bridge|1\n|-damage|p1a: London Bridge|94/100\n|-ability|p1a: London Bridge|Stamina|boost\n|-boost|p1a: London Bridge|def|1\n|-resisted|p1a: London Bridge|1\n|-damage|p1a: London Bridge|92/100\n|-ability|p1a: London Bridge|Stamina|boost\n|-boost|p1a: London Bridge|def|1\n|-resisted|p1a: London Bridge|1\n|-damage|p1a: London Bridge|91/100\n|-ability|p1a: London Bridge|Stamina|boost\n|-boost|p1a: London Bridge|def|1\n|-resisted|p1a: London Bridge|1\n|-damage|p1a: London Bridge|89/100\n|-ability|p1a: London Bridge|Stamina|boost\n|-boost|p1a: London Bridge|def|1\n|-resisted|p1a: London Bridge|1\n|-damage|p1a: London Bridge|88/100\n|-ability|p1a: London Bridge|Stamina|boost\n|-boost|p1a: London Bridge|def|1\n|-resisted|p1a: London Bridge|1\n|-damage|p1a: London Bridge|87/100\n|-resisted|p1a: London Bridge|1\n|-damage|p1a: London Bridge|86/100\n|-resisted|p1a: London Bridge|1\n|-damage|p1a: London Bridge|85/100\n|-resisted|p1a: London Bridge|1\n|-damage|p1a: London Bridge|84/100\n|-hitcount|p1a: London Bridge|10\n|move|p1a: London Bridge|Electro Shot||[still]\n|-prepare|p1a: London Bridge|Electro Shot\n|-boost|p1a: London Bridge|spa|1\n|-anim|p1a: London Bridge|Electro Shot|p2b: Grimmsnarl\n|-damage|p2b: Grimmsnarl|61/100\n|move|p2a: Archaludon|Electro Shot||[still]\n|-prepare|p2a: Archaludon|Electro Shot\n|-boost|p2a: Archaludon|spa|1\n|-anim|p2a: Archaludon|Electro Shot|p1b: They/Them\n|-damage|p1b: They/Them|13/100\n|\n|-weather|RainDance|[upkeep]\n|-heal|p1a: London Bridge|90/100|[from] item: Leftovers\n|upkeep\n|turn|3\n|\n|t:|1788190115\n|move|p2b: Grimmsnarl|Parting Shot|p1a: London Bridge\n|-unboost|p1a: London Bridge|atk|1\n|-unboost|p1a: London Bridge|spa|1\n|\n|t:|1788190119\n|switch|p2b: Charizard|Charizard, L50, M|100/100|[from] Parting Shot\n|move|p1b: They/Them|Population Bomb|p2b: Charizard\n|-damage|p2b: Charizard|90/100\n|-damage|p2b: Charizard|80/100\n|-damage|p2b: Charizard|69/100\n|-damage|p2b: Charizard|59/100\n|-damage|p2b: Charizard|49/100\n|-damage|p2b: Charizard|38/100\n|-damage|p2b: Charizard|28/100\n|-damage|p2b: Charizard|18/100\n|-damage|p2b: Charizard|7/100\n|-damage|p2b: Charizard|0 fnt\n|faint|p2b: Charizard\n|-hitcount|p2: Charizard|10\n|move|p1a: London Bridge|Electro Shot||[still]\n|-prepare|p1a: London Bridge|Electro Shot\n|-boost|p1a: London Bridge|spa|1\n|-anim|p1a: London Bridge|Electro Shot|p2a: Archaludon\n|-resisted|p2a: Archaludon|1\n|-damage|p2a: Archaludon|81/100\n|-ability|p2a: Archaludon|Stamina|boost\n|-boost|p2a: Archaludon|def|1\n|move|p2a: Archaludon|Dragon Pulse|p1a: London Bridge\n|-damage|p1a: London Bridge|10/100\n|\n|-weather|RainDance|[upkeep]\n|-heal|p1a: London Bridge|16/100|[from] item: Leftovers\n|-heal|p2a: Archaludon|87/100|[from] item: Leftovers\n|upkeep\n|\n|t:|1788190149\n|switch|p2b: Grimmsnarl|Grimmsnarl, L50, M|61/100\n|turn|4\n|\n|t:|1788190161\n|move|p1b: They/Them|Follow Me|p1b: They/Them\n|-singleturn|p1b: They/Them|move: Follow Me\n|move|p1a: London Bridge|Electro Shot||[still]\n|-prepare|p1a: London Bridge|Electro Shot\n|-boost|p1a: London Bridge|spa|1\n|-anim|p1a: London Bridge|Electro Shot|p2b: Grimmsnarl\n|-damage|p2b: Grimmsnarl|16/100\n|move|p2a: Archaludon|Electro Shot||[still]\n|-prepare|p2a: Archaludon|Electro Shot\n|-boost|p2a: Archaludon|spa|1\n|-anim|p2a: Archaludon|Electro Shot|p1b: They/Them\n|-crit|p1b: They/Them\n|-damage|p1b: They/Them|0 fnt\n|faint|p1b: They/Them\n|move|p2b: Grimmsnarl|Spirit Break|p1a: London Bridge\n|-damage|p1a: London Bridge|10/100\n|-unboost|p1a: London Bridge|spa|1\n|\n|-weather|RainDance|[upkeep]\n|-heal|p1a: London Bridge|16/100|[from] item: Leftovers\n|-heal|p2a: Archaludon|93/100|[from] item: Leftovers\n|upkeep\n|\n|t:|1788190163\n|switch|p1b: Dr Pepper|Scovillain, L50, M|100/100\n|turn|5\n|\n|t:|1788190194\n|detailschange|p1b: Dr Pepper|Scovillain-Mega, L50, M\n|-mega|p1b: Dr Pepper|Scovillain|Scovillainite\n|move|p1b: Dr Pepper|Rage Powder|p1b: Dr Pepper\n|-singleturn|p1b: Dr Pepper|move: Rage Powder\n|move|p1a: London Bridge|Electro Shot||[still]\n|-prepare|p1a: London Bridge|Electro Shot\n|-boost|p1a: London Bridge|spa|1\n|-anim|p1a: London Bridge|Electro Shot|p2b: Grimmsnarl\n|-damage|p2b: Grimmsnarl|0 fnt\n|faint|p2b: Grimmsnarl\n|move|p2a: Archaludon|Electro Shot||[still]\n|-prepare|p2a: Archaludon|Electro Shot\n|-boost|p2a: Archaludon|spa|1\n|-anim|p2a: Archaludon|Electro Shot|p1b: Dr Pepper\n|-resisted|p1b: Dr Pepper|1\n|-damage|p1b: Dr Pepper|52/100\n|-status|p2a: Archaludon|brn|[from] ability: Spicy Spray|[of] p1b: Dr Pepper\n|\n|-weather|none\n|-heal|p1a: London Bridge|22/100|[from] item: Leftovers\n|-heal|p2a: Archaludon|99/100 brn|[from] item: Leftovers\n|-damage|p2a: Archaludon|93/100 brn|[from] brn\n|upkeep\n|turn|6\n|\n|t:|1788190215\n|move|p1a: London Bridge|Protect|p1a: London Bridge\n|-singleturn|p1a: London Bridge|Protect\n|move|p1b: Dr Pepper|Protect|p1b: Dr Pepper\n|-singleturn|p1b: Dr Pepper|Protect\n|move|p2a: Archaludon|Dragon Pulse|p1a: London Bridge\n|-activate|p1a: London Bridge|move: Protect\n|\n|-heal|p1a: London Bridge|28/100|[from] item: Leftovers\n|-heal|p2a: Archaludon|99/100 brn|[from] item: Leftovers\n|-damage|p2a: Archaludon|93/100 brn|[from] brn\n|upkeep\n|turn|7\n|inactive|Battle timer is ON: inactive players will automatically lose when time's up. (requested by Ninjaloki)\n|\n|t:|1788190251\n|move|p1b: Dr Pepper|Rage Powder|p1b: Dr Pepper\n|-singleturn|p1b: Dr Pepper|move: Rage Powder\n|move|p1a: London Bridge|Dragon Pulse|p2a: Archaludon\n|-damage|p2a: Archaludon|48/100 brn\n|-ability|p2a: Archaludon|Stamina|boost\n|-boost|p2a: Archaludon|def|1\n|move|p2a: Archaludon|Dragon Pulse|p1b: Dr Pepper\n|-damage|p1b: Dr Pepper|0 fnt\n|faint|p1b: Dr Pepper\n|\n|-heal|p1a: London Bridge|34/100|[from] item: Leftovers\n|-heal|p2a: Archaludon|54/100 brn|[from] item: Leftovers\n|-damage|p2a: Archaludon|48/100 brn|[from] brn\n|upkeep\n|turn|8\n|\n|t:|1788190266\n|move|p1a: London Bridge|Dragon Pulse|p2a: Archaludon\n|-damage|p2a: Archaludon|1/100 brn\n|-ability|p2a: Archaludon|Stamina|boost\n|-boost|p2a: Archaludon|def|1\n|move|p2a: Archaludon|Dragon Pulse|p1a: London Bridge\n|-damage|p1a: London Bridge|0 fnt\n|faint|p1a: London Bridge\n|\n|win|Ninjaloki\n|raw|Advertisementish's rating: 1529 &rarr; <strong>1502</strong><br />(-27 for losing)\n|raw|Ninjaloki's rating: 1409 &rarr; <strong>1436</strong><br />(+27 for winning)\n","uploadtime":1788190279,"views":"23","formatid":"gen9championsvgc2026regmbbo3","rating":1436,"private":0,"password":null}