{"id":"gen9championsvgc2026regmbbo3-2674259549","format":"[Gen 9 Champions] VGC 2026 Reg M-B (Bo3)","players":["gackajink","bronzongbroomsvgc"],"log":"|j|☆gackajink\n|j|☆bronzongbroomsvgc\n|html|<table width=\"100%\"><tr><td align=\"left\">gackajink</td><td align=\"right\">bronzongbroomsvgc</tr><tr><td align=\"left\"><i class=\"fa fa-circle\"></i> <i class=\"fa fa-circle-o\"></i> </td><td align=\"right\"><i class=\"fa fa-circle-o\"></i> <i class=\"fa fa-circle\"></i> </tr></table>\n|uhtml|bestof|<h2><strong>Game 3</strong> of <a href=\"/game-bestof3-gen9championsvgc2026regmbbo3-2674257415\">a best-of-3</a></h2>\n|t:|1788325426\n|gametype|doubles\n|player|p1|gackajink|miku-flying|1146\n|player|p2|bronzongbroomsvgc|1|1244\n|gen|9\n|tier|[Gen 9 Champions] VGC 2026 Reg M-B (Bo3)\n|rated|\n|rule|Species Clause: Limit one of each Pokémon\n|rule|Item Clause: Limit 1 of each item\n|clearpoke\n|poke|p1|Alakazam, L50, F, shiny|\n|poke|p1|Meowstic, L50, M|\n|poke|p1|Annihilape, L50, M, shiny|\n|poke|p1|Whimsicott, L50, F|\n|poke|p1|Maushold-Four, L50|\n|poke|p1|Basculegion, L50, M|\n|poke|p2|Charizard, L50, F|\n|poke|p2|Garchomp, L50, M|\n|poke|p2|Basculegion, L50, M|\n|poke|p2|Whimsicott, L50, M|\n|poke|p2|Floette-Eternal, L50, F|\n|poke|p2|Kingambit, L50, M|\n|teampreview|4\n|showteam|p1|Alakazam||Alakazite|InnerFocus|NastyPlot,ExpandingForce,Taunt,Protect|Modest||F|||50|]Meowstic||Meowsticite|Prankster|FakeOut,PsychicTerrain,ExpandingForce,MagicRoom|Timid||M|||50|]Annihilape||LifeOrb|Defiant|BulkUp,DrainPunch,RageFist,Protect|Jolly||M|||50|]Whimsicott||FocusSash|Prankster|Tailwind,Protect,BeatUp,HelpingHand|Modest||F|||50|]Maushold-Four||SitrusBerry|FriendGuard|FollowMe,BeatUp,Encore,SuperFang|Timid|||||50|]Basculegion||ChoiceScarf|Adaptability|WaveCrash,AquaJet,LastRespects,FlipTurn|Jolly||M|||50|\n|showteam|p2|Charizard||CharizarditeY|Blaze|HeatWave,AncientPower,WeatherBall,Protect|Timid||F|||50|]Garchomp||SitrusBerry|RoughSkin|DragonClaw,RockSlide,Earthquake,Protect|Jolly||M|||50|]Basculegion||LifeOrb|Adaptability|WaveCrash,AquaJet,LastRespects,Protect|Adamant||M|||50|]Whimsicott||FocusSash|Prankster|Moonblast,Encore,Tailwind,Protect|Timid||M|||50|]Floette-Eternal||Floettite|FlowerVeil|Moonblast,DazzlingGleam,LightofRuin,Protect|Modest||F|||50|]Kingambit||OccaBerry|Defiant|KowtowCleave,SuckerPunch,IronHead,LowKick|Adamant||M|||50|\n|\n|t:|1788325455\n|teamsize|p1|4\n|teamsize|p2|4\n|start\n|switch|p1a: Abracadabra|Alakazam, L50, F, shiny|100/100\n|switch|p1b: Vökuró|Meowstic, L50, M|100/100\n|switch|p2a: Basculegion|Basculegion, L50, M|100/100\n|switch|p2b: Whimsicott|Whimsicott, L50, M|100/100\n|turn|1\n|\n|t:|1788325467\n|move|p2b: Whimsicott|Tailwind|p2b: Whimsicott\n|-sidestart|p2: bronzongbroomsvgc|move: Tailwind\n|move|p1b: Vökuró|Psychic Terrain|p1b: Vökuró\n|-fieldstart|move: Psychic Terrain\n|move|p2a: Basculegion|Wave Crash|p1b: Vökuró\n|-damage|p1b: Vökuró|0 fnt\n|faint|p1b: Vökuró\n|-damage|p2a: Basculegion|69/100|[from] Recoil\n|-damage|p2a: Basculegion|60/100|[from] item: Life Orb\n|move|p1a: Abracadabra|Nasty Plot|p1a: Abracadabra\n|-boost|p1a: Abracadabra|spa|2\n|\n|upkeep\n|\n|t:|1788325479\n|switch|p1b: Whimsicott|Whimsicott, L50, F|100/100\n|turn|2\n|\n|t:|1788325488\n|switch|p2a: Kingambit|Kingambit, L50, M|100/100\n|detailschange|p1a: Abracadabra|Alakazam-Mega, L50, F, shiny\n|-mega|p1a: Abracadabra|Alakazam|Alakazite\n|-ability|p1a: Abracadabra|Defiant|Trace|[from] ability: Trace|[of] p2a: Kingambit\n|move|p1b: Whimsicott|Tailwind|p1b: Whimsicott\n|-sidestart|p1: gackajink|move: Tailwind\n|move|p1a: Abracadabra|Expanding Force|p2b: Whimsicott|[spread] p2b\n|-immune|p2a: Kingambit\n|-enditem|p2b: Whimsicott|Focus Sash\n|-damage|p2b: Whimsicott|1/100\n|move|p2b: Whimsicott|Moonblast|p1b: Whimsicott\n|-damage|p1b: Whimsicott|36/100\n|-unboost|p1b: Whimsicott|spa|1\n|\n|upkeep\n|turn|3\n|\n|t:|1788325521\n|move|p1a: Abracadabra|Protect|p1a: Abracadabra\n|-singleturn|p1a: Abracadabra|Protect\n|move|p2b: Whimsicott|Moonblast|p1b: Whimsicott\n|-damage|p1b: Whimsicott|0 fnt\n|faint|p1b: Whimsicott\n|move|p2a: Kingambit|Kowtow Cleave|p1a: Abracadabra\n|-activate|p1a: Abracadabra|move: Protect\n|\n|upkeep\n|\n|t:|1788325530\n|switch|p1b: Annihilape|Annihilape, L50, M, shiny|100/100\n|turn|4\n|\n|t:|1788325563\n|switch|p2a: Basculegion|Basculegion, L50, M|60/100\n|move|p2b: Whimsicott|Protect|p2b: Whimsicott\n|-singleturn|p2b: Whimsicott|Protect\n|move|p1a: Abracadabra|Expanding Force|p2b: Whimsicott|[spread] p2a\n|-activate|p2b: Whimsicott|move: Protect\n|-damage|p2a: Basculegion|0 fnt\n|faint|p2a: Basculegion\n|move|p1b: Annihilape|Drain Punch|p2b: Whimsicott\n|-activate|p2b: Whimsicott|move: Protect\n|\n|-sideend|p2: bronzongbroomsvgc|move: Tailwind\n|upkeep\n|\n|t:|1788325577\n|switch|p2a: Floette|Floette-Eternal, L50, F|100/100\n|turn|5\n|\n|t:|1788325595\n|detailschange|p2a: Floette|Floette-Mega, L50, F\n|-mega|p2a: Floette|Floette|Floettite\n|-ability|p2a: Floette|Fairy Aura\n|move|p2a: Floette|Protect|p2a: Floette\n|-singleturn|p2a: Floette|Protect\n|move|p2b: Whimsicott|Tailwind|p2b: Whimsicott\n|-sidestart|p2: bronzongbroomsvgc|move: Tailwind\n|move|p1a: Abracadabra|Expanding Force|p2a: Floette|[spread] p2b\n|-activate|p2a: Floette|move: Protect\n|-damage|p2b: Whimsicott|0 fnt\n|faint|p2b: Whimsicott\n|move|p1b: Annihilape|Bulk Up|p1b: Annihilape\n|-boost|p1b: Annihilape|atk|1\n|-boost|p1b: Annihilape|def|1\n|\n|-sideend|p1: gackajink|move: Tailwind\n|-fieldend|move: Psychic Terrain\n|upkeep\n|\n|t:|1788325607\n|switch|p2b: Kingambit|Kingambit, L50, M|100/100\n|turn|6\n|\n|t:|1788325617\n|move|p1a: Abracadabra|Protect|p1a: Abracadabra\n|-singleturn|p1a: Abracadabra|Protect\n|move|p1b: Annihilape|Protect|p1b: Annihilape\n|-singleturn|p1b: Annihilape|Protect\n|move|p2b: Kingambit|Sucker Punch||[still]\n|-fail|p2b: Kingambit\n|move|p2a: Floette|Moonblast|p1b: Annihilape\n|-activate|p1b: Annihilape|move: Protect\n|\n|upkeep\n|turn|7\n|\n|t:|1788325649\n|move|p1b: Annihilape|Protect||[still]\n|-fail|p1b: Annihilape\n|move|p2b: Kingambit|Sucker Punch||[still]\n|-fail|p2b: Kingambit\n|move|p2a: Floette|Moonblast|p1b: Annihilape\n|-supereffective|p1b: Annihilape|1\n|-damage|p1b: Annihilape|0 fnt\n|faint|p1b: Annihilape\n|move|p1a: Abracadabra|Nasty Plot|p1a: Abracadabra\n|-boost|p1a: Abracadabra|spa|2\n|\n|upkeep\n|turn|8\n|-message|gackajink forfeited.\n|raw|gackajink's rating: 1146 &rarr; <strong>1128</strong><br />(-18 for losing)\n|raw|bronzongbroomsvgc's rating: 1244 &rarr; <strong>1262</strong><br />(+18 for winning)\n|\n|win|bronzongbroomsvgc\n|l|☆gackajink\n|player|p1|\n","uploadtime":1788325706,"views":"1","formatid":"gen9championsvgc2026regmbbo3","rating":1128,"private":0,"password":null}