{"id":"gen9championsvgc2026regmb-2674314159","format":"[Gen 9 Champions] VGC 2026 Reg M-B","players":["martial wolf","slimboy17"],"log":"|j|☆martial wolf\n|j|☆slimboy17\n|t:|1788338732\n|gametype|doubles\n|player|p1|martial wolf|170|1281\n|player|p2|slimboy17|ethan|1299\n|gen|9\n|tier|[Gen 9 Champions] VGC 2026 Reg M-B\n|rated|\n|rule|Species Clause: Limit one of each Pokémon\n|rule|Item Clause: Limit 1 of each item\n|clearpoke\n|poke|p1|Kingambit, L50, M|\n|poke|p1|Tyranitar, L50, M|\n|poke|p1|Corviknight, L50, M, shiny|\n|poke|p1|Rotom-Wash, L50, shiny|\n|poke|p1|Basculegion, L50, M|\n|poke|p1|Raichu, L50, M|\n|poke|p2|Froslass, L50, F|\n|poke|p2|Lycanroc-Dusk, L50, M|\n|poke|p2|Kingambit, L50, F|\n|poke|p2|Scovillain, L50, M|\n|poke|p2|Sneasler, L50, F|\n|poke|p2|Basculegion, L50, M|\n|teampreview|4\n|inactive|Battle timer is ON: inactive players will automatically lose when time's up. (requested by slimboy17)\n|inactive|martial wolf has 60 seconds left.\n|inactive|slimboy17 has 60 seconds left.\nmartial wolf rejected open team sheets.\n|\n|t:|1788338774\n|teamsize|p1|4\n|teamsize|p2|4\n|start\n|switch|p1a: Corviknight|Corviknight, L50, M, shiny|100/100\n|switch|p1b: Rotom|Rotom-Wash, L50, shiny|100/100\n|switch|p2a: Scovillain|Scovillain, L50, M|100/100\n|switch|p2b: Lycanroc|Lycanroc-Dusk, L50, M|100/100\n|turn|1\n|l|☆slimboy17\n|inactive|slimboy17 disconnected and has a minute to reconnect!\n|player|p2|\n|j|☆slimboy17\n|inactive|slimboy17 reconnected and has 40 seconds left.\n|player|p2|slimboy17|ethan|\n|\n|t:|1788338799\n|detailschange|p2a: Scovillain|Scovillain-Mega, L50, M\n|-mega|p2a: Scovillain|Scovillain|Scovillainite\n|move|p1a: Corviknight|Protect|p1a: Corviknight\n|-singleturn|p1a: Corviknight|Protect\n|move|p2a: Scovillain|Rage Powder|p2a: Scovillain\n|-singleturn|p2a: Scovillain|move: Rage Powder\n|move|p2b: Lycanroc|Rock Slide|p1b: Rotom|[spread] p1b\n|-activate|p1a: Corviknight|move: Protect\n|-crit|p1b: Rotom\n|-damage|p1b: Rotom|54/100\n|cant|p1b: Rotom|flinch\n|\n|upkeep\n|turn|2\n|\n|t:|1788338813\n|move|p2a: Scovillain|Rage Powder|p2a: Scovillain\n|-singleturn|p2a: Scovillain|move: Rage Powder\n|move|p2b: Lycanroc|Rock Slide|p1b: Rotom|[spread] p1a,p1b\n|-damage|p1a: Corviknight|82/100\n|-damage|p1b: Rotom|22/100\n|move|p1b: Rotom|Light Screen|p1b: Rotom\n|-sidestart|p1: martial wolf|move: Light Screen\n|cant|p1a: Corviknight|flinch\n|\n|-heal|p1a: Corviknight|88/100|[from] item: Leftovers\n|upkeep\n|turn|3\n|\n|t:|1788338834\n|move|p2a: Scovillain|Rage Powder|p2a: Scovillain\n|-singleturn|p2a: Scovillain|move: Rage Powder\n|move|p2b: Lycanroc|Rock Slide|p1b: Rotom|[spread] p1a,p1b\n|-damage|p1a: Corviknight|71/100\n|-damage|p1b: Rotom|0 fnt\n|faint|p1b: Rotom\n|move|p1a: Corviknight|Tailwind|p1a: Corviknight\n|-sidestart|p1: martial wolf|move: Tailwind\n|\n|-heal|p1a: Corviknight|77/100|[from] item: Leftovers\n|upkeep\n|\n|t:|1788338843\n|switch|p1b: Tyranitar|Tyranitar, L50, M|100/100\n|-weather|Sandstorm|[from] ability: Sand Stream|[of] p1b: Tyranitar\n|turn|4\n|\n|t:|1788338856\n|move|p1b: Tyranitar|Protect|p1b: Tyranitar\n|-singleturn|p1b: Tyranitar|Protect\n|move|p2a: Scovillain|Rage Powder|p2a: Scovillain\n|-singleturn|p2a: Scovillain|move: Rage Powder\n|move|p2b: Lycanroc|Close Combat|p1b: Tyranitar\n|-activate|p1b: Tyranitar|move: Protect\n|move|p1a: Corviknight|Body Press|p2a: Scovillain\n|-damage|p2a: Scovillain|74/100\n|-status|p1a: Corviknight|brn|[from] ability: Spicy Spray|[of] p2a: Scovillain\n|\n|-weather|Sandstorm|[upkeep]\n|-damage|p2a: Scovillain|68/100|[from] Sandstorm\n|-heal|p1a: Corviknight|83/100 brn|[from] item: Leftovers\n|-damage|p1a: Corviknight|77/100 brn|[from] brn\n|upkeep\n|turn|5\n|inactive|slimboy17 has 30 seconds left.\n|\n|t:|1788338884\n|detailschange|p1b: Tyranitar|Tyranitar-Mega, L50, M\n|-mega|p1b: Tyranitar|Tyranitar|Tyranitarite\n|move|p2a: Scovillain|Rage Powder|p2a: Scovillain\n|-singleturn|p2a: Scovillain|move: Rage Powder\n|move|p1b: Tyranitar|Rock Slide|p2a: Scovillain|[spread] p2a,p2b\n|-supereffective|p2a: Scovillain|1\n|-damage|p2a: Scovillain|18/100\n|-damage|p2b: Lycanroc|52/100\n|-status|p1b: Tyranitar|brn|[from] ability: Spicy Spray|[of] p2a: Scovillain\n|move|p2b: Lycanroc|Close Combat|p1b: Tyranitar\n|-supereffective|p1b: Tyranitar|2\n|-damage|p1b: Tyranitar|0 fnt\n|-unboost|p2b: Lycanroc|def|1\n|-unboost|p2b: Lycanroc|spd|1\n|faint|p1b: Tyranitar\n|move|p1a: Corviknight|Body Press|p2a: Scovillain\n|-damage|p2a: Scovillain|7/100\n|\n|-weather|Sandstorm|[upkeep]\n|-damage|p2a: Scovillain|1/100|[from] Sandstorm\n|-heal|p1a: Corviknight|83/100 brn|[from] item: Leftovers\n|-damage|p1a: Corviknight|77/100 brn|[from] brn\n|upkeep\n|\n|t:|1788338897\n|switch|p1b: Kingambit|Kingambit, L50, M|100/100\n|turn|6\n|\n|t:|1788338918\n|switch|p2a: Kingambit|Kingambit, L50, F|100/100\n|move|p2b: Lycanroc|Protect|p2b: Lycanroc\n|-singleturn|p2b: Lycanroc|Protect\n|move|p1b: Kingambit|Sucker Punch||[still]\n|-fail|p1b: Kingambit\n|move|p1a: Corviknight|Body Press|p2a: Kingambit\n|-supereffective|p2a: Kingambit|2\n|-enditem|p2a: Kingambit|Chople Berry|[eat]\n|-enditem|p2a: Kingambit|Chople Berry|[weaken]\n|-damage|p2a: Kingambit|81/100\n|\n|-weather|Sandstorm|[upkeep]\n|-heal|p1a: Corviknight|83/100 brn|[from] item: Leftovers\n|-damage|p1a: Corviknight|77/100 brn|[from] brn\n|-sideend|p1: martial wolf|move: Light Screen\n|-sideend|p1: martial wolf|move: Tailwind\n|upkeep\n|turn|7\n|inactive|slimboy17 has 30 seconds left.\n|\n|t:|1788338951\n|switch|p2b: Scovillain|Scovillain-Mega, L50, M|1/100\n|move|p1a: Corviknight|Body Press|p2b: Scovillain\n|-damage|p2b: Scovillain|0 fnt\n|faint|p2b: Scovillain\n|move|p1b: Kingambit|Low Kick|p2a: Kingambit\n|-supereffective|p2a: Kingambit|2\n|-damage|p2a: Kingambit|0 fnt\n|faint|p2a: Kingambit\n|\n|-weather|Sandstorm|[upkeep]\n|-heal|p1a: Corviknight|83/100 brn|[from] item: Leftovers\n|-damage|p1a: Corviknight|77/100 brn|[from] brn\n|upkeep\n|\n|t:|1788338965\n|switch|p2b: Lycanroc|Lycanroc-Dusk, L50, M|52/100\n|switch|p2a: Basculegion|Basculegion, L50, M|100/100\n|turn|8\n|inactive|martial wolf has 30 seconds left.\n|inactive|martial wolf has 20 seconds left.\n|inactive|martial wolf has 15 seconds left.\n|inactive|martial wolf has 10 seconds left.\n|\n|t:|1788339012\n|move|p2a: Basculegion|Protect|p2a: Basculegion\n|-singleturn|p2a: Basculegion|Protect\n|move|p1b: Kingambit|Sucker Punch||[still]\n|-fail|p1b: Kingambit\n|move|p2b: Lycanroc|Close Combat|p1b: Kingambit\n|-supereffective|p1b: Kingambit|2\n|-enditem|p1b: Kingambit|Focus Sash\n|-damage|p1b: Kingambit|1/100\n|-unboost|p2b: Lycanroc|def|1\n|-unboost|p2b: Lycanroc|spd|1\n|move|p1a: Corviknight|Body Press|p2b: Lycanroc\n|-supereffective|p2b: Lycanroc|1\n|-damage|p2b: Lycanroc|0 fnt\n|faint|p2b: Lycanroc\n|\n|-weather|none\n|-heal|p1a: Corviknight|83/100 brn|[from] item: Leftovers\n|-damage|p1a: Corviknight|77/100 brn|[from] brn\n|upkeep\n|turn|9\n|\n|t:|1788339031\n|move|p2a: Basculegion|Aqua Jet|p1b: Kingambit\n|-damage|p1b: Kingambit|0 fnt\n|faint|p1b: Kingambit\n|move|p1a: Corviknight|Brave Bird|p2a: Basculegion\n|-damage|p2a: Basculegion|80/100\n|-damage|p1a: Corviknight|70/100 brn|[from] Recoil\n|\n|-heal|p1a: Corviknight|76/100 brn|[from] item: Leftovers\n|-damage|p1a: Corviknight|70/100 brn|[from] brn\n|upkeep\n|turn|10\n|\n|t:|1788339043\n|move|p2a: Basculegion|Last Respects|p1a: Corviknight\n|-damage|p1a: Corviknight|0 fnt\n|faint|p1a: Corviknight\n|\n|win|slimboy17\n|raw|martial wolf's rating: 1281 &rarr; <strong>1257</strong><br />(-24 for losing)\n|raw|slimboy17's rating: 1299 &rarr; <strong>1323</strong><br />(+24 for winning)\n|l|☆martial wolf\n|player|p1|\n","uploadtime":1788339054,"views":"12","formatid":"gen9championsvgc2026regmb","rating":1257,"private":0,"password":null}