{"id":"gen9championsvgc2026regmb-2674708279","format":"[Gen 9 Champions] VGC 2026 Reg M-B","players":["Sykes245","ZGGAMER31"],"log":"|j|☆Sykes245\n|j|☆ZGGAMER31\n|t:|1788393816\n|gametype|doubles\n|player|p1|Sykes245|266|1067\n|player|p2|ZGGAMER31|riley|1000\n|gen|9\n|tier|[Gen 9 Champions] VGC 2026 Reg M-B\n|rated|\n|rule|Species Clause: Limit one of each Pokémon\n|rule|Item Clause: Limit 1 of each item\n|clearpoke\n|poke|p1|Tsareena, L50, F, shiny|\n|poke|p1|Aggron, L50, F|\n|poke|p1|Clefable, L50, M|\n|poke|p1|Meowstic, L50, M|\n|poke|p1|Palafin, L50, F|\n|poke|p1|Blastoise, L50, F|\n|poke|p2|Gengar, L50, M|\n|poke|p2|Politoed, L50, M|\n|poke|p2|Incineroar, L50, M|\n|poke|p2|Beartic, L50, F|\n|poke|p2|Heliolisk, L50, F|\n|poke|p2|Tsareena, L50, F|\n|teampreview|4\n|\n|t:|1788393855\n|teamsize|p1|4\n|teamsize|p2|4\n|start\n|switch|p1a: Palafin|Palafin, L50, F|100/100\n|switch|p1b: Meowstic|Meowstic, L50, M|100/100\n|switch|p2a: Gengar|Gengar, L50, M|100/100\n|switch|p2b: Politoed|Politoed, L50, M|100/100\n|-weather|RainDance|[from] ability: Drizzle|[of] p2b: Politoed\n|turn|1\n|\n|t:|1788393874\n|detailschange|p2a: Gengar|Gengar-Mega, L50, M\n|-mega|p2a: Gengar|Gengar|Gengarite\n|move|p2a: Gengar|Protect|p2a: Gengar\n|-singleturn|p2a: Gengar|Protect\n|move|p1a: Palafin|Flip Turn|p2a: Gengar\n|-activate|p2a: Gengar|move: Protect\n|move|p2b: Politoed|Perish Song|p2b: Politoed\n|-start|p1a: Palafin|perish3|[silent]\n|-start|p1b: Meowstic|perish3|[silent]\n|-start|p2a: Gengar|perish3|[silent]\n|-start|p2b: Politoed|perish3|[silent]\n|-fieldactivate|move: Perish Song\n|move|p1b: Meowstic|Trick Room|p1b: Meowstic\n|-fieldstart|move: Trick Room|[of] p1b: Meowstic\n|\n|-weather|RainDance|[upkeep]\n|-start|p2b: Politoed|perish3\n|-start|p1b: Meowstic|perish3\n|-start|p1a: Palafin|perish3\n|-start|p2a: Gengar|perish3\n|upkeep\n|turn|2\n|\n|t:|1788393904\n|move|p2b: Politoed|Encore|p1b: Meowstic\n|-start|p1b: Meowstic|Encore\n|move|p1a: Palafin|Flip Turn|p2a: Gengar\n|-damage|p2a: Gengar|47/100\n|\n|t:|1788393912\n|detailschange|p1a: Palafin|Palafin-Hero, L50, F\n|switch|p1a: Tsareena|Tsareena, L50, F, shiny|100/100|[from] Flip Turn\n|move|p2a: Gengar|Shadow Ball|p1a: Tsareena\n|-damage|p1a: Tsareena|53/100\n|-unboost|p1a: Tsareena|spd|1\n|move|p1b: Meowstic|Trick Room|p1b: Meowstic\n|-fieldend|move: Trick Room\n|\n|-weather|RainDance|[upkeep]\n|-start|p2a: Gengar|perish2\n|-start|p1b: Meowstic|perish2\n|-start|p2b: Politoed|perish2\n|upkeep\n|turn|3\n|\n|t:|1788393936\n|switch|p2b: Incineroar|Incineroar, L50, M|100/100\n|-ability|p2b: Incineroar|Intimidate|boost\n|-unboost|p1a: Tsareena|atk|1\n|-unboost|p1b: Meowstic|atk|1\n|move|p2a: Gengar|Protect|p2a: Gengar\n|-singleturn|p2a: Gengar|Protect\n|move|p1a: Tsareena|Power Whip|p2b: Incineroar\n|-resisted|p2b: Incineroar|1\n|-damage|p2b: Incineroar|83/100\n|move|p1b: Meowstic|Trick Room|p1b: Meowstic\n|-fieldstart|move: Trick Room|[of] p1b: Meowstic\n|\n|-weather|RainDance|[upkeep]\n|-start|p1b: Meowstic|perish1\n|-start|p2a: Gengar|perish1\n|upkeep\n|turn|4\n|\n|t:|1788394002\n|switch|p2a: Politoed|Politoed, L50, M|100/100\n|move|p2b: Incineroar|Parting Shot|p1a: Tsareena\n|-unboost|p1a: Tsareena|atk|1\n|-unboost|p1a: Tsareena|spa|1\n|\n|t:|1788394011\n|switch|p2b: Gengar|Gengar-Mega, L50, M|47/100|[from] Parting Shot\n|move|p1a: Tsareena|Triple Axel|p2a: Politoed\n|-resisted|p2a: Politoed|1\n|-damage|p2a: Politoed|98/100\n|-resisted|p2a: Politoed|1\n|-damage|p2a: Politoed|94/100\n|-resisted|p2a: Politoed|1\n|-damage|p2a: Politoed|90/100\n|-hitcount|p2a: Politoed|3\n|move|p1b: Meowstic|Trick Room|p1b: Meowstic\n|-fieldend|move: Trick Room\n|\n|-weather|RainDance|[upkeep]\n|-heal|p2a: Politoed|96/100|[from] item: Leftovers\n|-end|p1b: Meowstic|Encore\n|-start|p1b: Meowstic|perish0\n|upkeep\n|faint|p1b: Meowstic\n|\n|t:|1788394028\n|switch|p1b: Palafin|Palafin-Hero, L50, F|100/100\n|-activate|p1b: Palafin|ability: Zero to Hero\n|turn|5\n|\n|t:|1788394056\n|switch|p2b: Heliolisk|Heliolisk, L50, F|100/100\n|move|p2a: Politoed|Protect|p2a: Politoed\n|-singleturn|p2a: Politoed|Protect\n|move|p1b: Palafin|Zen Headbutt|p2b: Heliolisk\n|-damage|p2b: Heliolisk|23/100\n|move|p1a: Tsareena|High Jump Kick|p2a: Politoed\n|-activate|p2a: Politoed|move: Protect\n|-damage|p1a: Tsareena|3/100|[from] highjumpkick\n|\n|-weather|none\n|-heal|p2a: Politoed|100/100|[from] item: Leftovers\n|upkeep\n|turn|6\n|\n|t:|1788394127\n|switch|p2a: Incineroar|Incineroar, L50, M|83/100\n|-ability|p2a: Incineroar|Intimidate|boost\n|-unboost|p1a: Tsareena|atk|1\n|-unboost|p1b: Palafin|atk|1\n|move|p2b: Heliolisk|Protect|p2b: Heliolisk\n|-singleturn|p2b: Heliolisk|Protect\n|move|p1b: Palafin|Flip Turn|p2b: Heliolisk\n|-activate|p2b: Heliolisk|move: Protect\n|move|p1a: Tsareena|High Jump Kick|p2a: Incineroar\n|-supereffective|p2a: Incineroar|1\n|-damage|p2a: Incineroar|52/100\n|\n|upkeep\n|turn|7\n|\n|t:|1788394150\n|move|p2b: Heliolisk|Thunder|p1b: Palafin\n|-supereffective|p1b: Palafin|1\n|-damage|p1b: Palafin|0 fnt\n|faint|p1b: Palafin\n|move|p1a: Tsareena|High Jump Kick|p2a: Incineroar\n|-supereffective|p2a: Incineroar|1\n|-damage|p2a: Incineroar|20/100y\n|-enditem|p2a: Incineroar|Sitrus Berry|[eat]\n|-heal|p2a: Incineroar|45/100|[from] item: Sitrus Berry\n|move|p2a: Incineroar|Darkest Lariat|p1a: Tsareena\n|-damage|p1a: Tsareena|0 fnt\n|faint|p1a: Tsareena\n|\n|upkeep\n|\n|t:|1788394157\n|switch|p1a: Aggron|Aggron, L50, F|100/100\n|turn|8\n|\n|t:|1788394173\n|detailschange|p1a: Aggron|Aggron-Mega, L50, F\n|-mega|p1a: Aggron|Aggron|Aggronite\n|move|p2b: Heliolisk|Protect|p2b: Heliolisk\n|-singleturn|p2b: Heliolisk|Protect\n|move|p2a: Incineroar|Parting Shot|p1a: Aggron\n|-unboost|p1a: Aggron|atk|1\n|-unboost|p1a: Aggron|spa|1\n|\n|t:|1788394181\n|switch|p2a: Gengar|Gengar-Mega, L50, M|47/100|[from] Parting Shot\n|move|p1a: Aggron|Body Press|p2a: Gengar\n|-immune|p2a: Gengar\n|\n|upkeep\n|turn|9\n|\n|t:|1788394199\n|move|p2a: Gengar|Perish Song|p2a: Gengar\n|-start|p1a: Aggron|perish3|[silent]\n|-start|p2a: Gengar|perish3|[silent]\n|-start|p2b: Heliolisk|perish3|[silent]\n|-fieldactivate|move: Perish Song\n|move|p2b: Heliolisk|Volt Switch|p1a: Aggron\n|-damage|p1a: Aggron|63/100\n|\n|t:|1788394206\n|switch|p2b: Incineroar|Incineroar, L50, M|45/100|[from] Volt Switch\n|-ability|p2b: Incineroar|Intimidate|boost\n|-unboost|p1a: Aggron|atk|1\n|move|p1a: Aggron|Heavy Slam|p2b: Incineroar\n|-resisted|p2b: Incineroar|1\n|-damage|p2b: Incineroar|35/100\n|\n|-start|p2a: Gengar|perish3\n|-start|p1a: Aggron|perish3\n|upkeep\n|turn|10\n|\n|t:|1788394225\n|move|p2b: Incineroar|Fake Out|p1a: Aggron\n|-resisted|p1a: Aggron|1\n|-damage|p1a: Aggron|61/100\n|move|p2a: Gengar|Disable|p1a: Aggron\n|-start|p1a: Aggron|Disable|Heavy Slam\n|cant|p1a: Aggron|flinch\n|\n|-start|p2a: Gengar|perish2\n|-start|p1a: Aggron|perish2\n|upkeep\n|turn|11\n|inactive|Battle timer is ON: inactive players will automatically lose when time's up. (requested by ZGGAMER31)\n|inactive|Sykes245 has 60 seconds left.\n|inactive|Sykes245 has 30 seconds left.\n|inactive|Sykes245 has 20 seconds left.\n|inactive|Sykes245 has 15 seconds left.\n|inactive|Sykes245 has 10 seconds left.\n|inactive|Sykes245 has 5 seconds left.\n|\n|t:|1788394388\n|switch|p2a: Politoed|Politoed, L50, M|100/100\n|-weather|RainDance|[from] ability: Drizzle|[of] p2a: Politoed\n|move|p2b: Incineroar|Parting Shot|p1a: Aggron\n|-unboost|p1a: Aggron|atk|1\n|-unboost|p1a: Aggron|spa|1\n|\n|t:|1788394396\n|switch|p2b: Gengar|Gengar-Mega, L50, M|47/100|[from] Parting Shot\n|move|p1a: Aggron|Body Press|p2b: Gengar\n|-immune|p2b: Gengar\n|\n|-weather|RainDance|[upkeep]\n|-start|p1a: Aggron|perish1\n|upkeep\n|turn|12\n|inactive|Sykes245 has 30 seconds left.\n|inactive|Sykes245 has 20 seconds left.\n|inactive|Sykes245 has 15 seconds left.\n|inactive|Sykes245 has 10 seconds left.\n|inactive|Sykes245 has 5 seconds left.\n|\n|t:|1788394451\n|move|p2b: Gengar|Protect|p2b: Gengar\n|-singleturn|p2b: Gengar|Protect\n|move|p2a: Politoed|Protect|p2a: Politoed\n|-singleturn|p2a: Politoed|Protect\n|move|p1a: Aggron|Body Press|p2a: Politoed\n|-activate|p2a: Politoed|move: Protect\n|\n|-weather|RainDance|[upkeep]\n|-start|p1a: Aggron|perish0\n|faint|p1a: Aggron\n|\n|win|ZGGAMER31\n|raw|Sykes245's rating: 1067 &rarr; <strong>1043</strong><br />(-24 for losing)\n|raw|ZGGAMER31's rating: 1000 &rarr; <strong>1048</strong><br />(+48 for winning)\n","uploadtime":1788394465,"views":"2","formatid":"gen9championsvgc2026regmb","rating":1043,"private":0,"password":null}