{"id":"gen9championsvgc2026regmb-2674154527","format":"[Gen 9 Champions] VGC 2026 Reg M-B","players":["kaffeemi","triple3double2"],"log":"|j|☆kaffeemi\n|j|☆triple3double2\n|html|<table width=\"100%\"><tr><td align=\"left\">kaffeemi</td><td align=\"right\">triple3double2</tr><tr><td align=\"left\"><i class=\"fa fa-circle-o\"></i> <i class=\"fa fa-circle-o\"></i> </td><td align=\"right\"><i class=\"fa fa-circle-o\"></i> <i class=\"fa fa-circle-o\"></i> </tr></table>\n|uhtml|bestof|<h2><strong>Game 1</strong> of <a href=\"/game-bestof3-gen9championsvgc2026regmb-2674154526\">a best-of-3</a></h2>\n|t:|1788307265\n|gametype|doubles\n|player|p1|kaffeemi|emmet|\n|player|p2|triple3double2|boarder|\n|gen|9\n|tier|[Gen 9 Champions] VGC 2026 Reg M-B\n|rule|Species Clause: Limit one of each Pokémon\n|rule|Item Clause: Limit 1 of each item\n|raw|<div class=\"infobox\"><details class=\"readmore\" open><summary><strong>1 custom rule:</strong></summary> Best of = 3</details></div>\n|clearpoke\n|poke|p1|Annihilape, L50, F|\n|poke|p1|Maushold, L50|\n|poke|p1|Floette-Eternal, L50, F|\n|poke|p1|Mudsdale, L50, M|\n|poke|p1|Weavile, L50, M|\n|poke|p1|Samurott-Hisui, L50, M|\n|poke|p2|Florges-White, L50, F|\n|poke|p2|Excadrill, L50, M, shiny|\n|poke|p2|Meowstic, L50, M, shiny|\n|poke|p2|Tyranitar, L50, M, shiny|\n|poke|p2|Toucannon, L50, F, shiny|\n|poke|p2|Arcanine, L50, F, shiny|\n|teampreview|4\n|j| oncrat\n|j| CaptainPyrite\n|c|☆triple3double2|hi <3\nkaffeemi rejected open team sheets.\n|c|☆triple3double2|yabba dabba doobie\n|\n|t:|1788307391\n|teamsize|p1|4\n|teamsize|p2|4\n|start\n|switch|p1a: Vudu|Annihilape, L50, F|100/100\n|switch|p1b: Mubi|Maushold, L50|100/100\n|switch|p2a: Momzilla|Toucannon, L50, F, shiny|100/100\n|switch|p2b: Bestman|Tyranitar, L50, M, shiny|100/100\n|-weather|Sandstorm|[from] ability: Sand Stream|[of] p2b: Bestman\n|turn|1\n|inactive|Battle timer is ON: inactive players will automatically lose when time's up. (requested by kaffeemi)\n|\n|t:|1788307422\n|move|p1b: Mubi|Follow Me|p1b: Mubi\n|-singleturn|p1b: Mubi|move: Follow Me\n|move|p2a: Momzilla|Brave Bird|p1b: Mubi\n|-damage|p1b: Mubi|22/100\n|-damage|p2a: Momzilla|70/100|[from] Recoil\n|move|p1a: Vudu|Bulk Up|p1a: Vudu\n|-boost|p1a: Vudu|atk|1\n|-boost|p1a: Vudu|def|1\n|move|p2b: Bestman|Roar|p1b: Mubi\n|drag|p1b: FuboTV|Weavile, L50, M|100/100\n|\n|-weather|Sandstorm|[upkeep]\n|-damage|p1b: FuboTV|93/100|[from] Sandstorm\n|-damage|p2a: Momzilla|64/100|[from] Sandstorm\n|-damage|p1a: Vudu|93/100|[from] Sandstorm\n|-heal|p1a: Vudu|100/100|[from] item: Leftovers\n|upkeep\n|turn|2\n|inactive|kaffeemi has 30 seconds left.\n|inactive|triple3double2 has 30 seconds left.\n|inactive|kaffeemi has 20 seconds left.\n|inactive|triple3double2 has 20 seconds left.\n|inactive|kaffeemi has 15 seconds left.\n|inactive|triple3double2 has 15 seconds left.\n|inactive|kaffeemi has 10 seconds left.\n|inactive|kaffeemi has 5 seconds left.\n|\n|t:|1788307472\n|switch|p2a: Bride|Florges-White, L50, F|100/100\n|move|p1b: FuboTV|Fake Out|p2a: Bride\n|-crit|p2a: Bride\n|-damage|p2a: Bride|72/100\n|move|p1a: Vudu|Drain Punch|p2a: Bride\n|-resisted|p2a: Bride|1\n|-crit|p2a: Bride\n|-damage|p2a: Bride|18/100\n|move|p2b: Bestman|Rock Slide|p1a: Vudu|[spread] p1a,p1b\n|-resisted|p1a: Vudu|1\n|-supereffective|p1b: FuboTV|1\n|-damage|p1a: Vudu|90/100\n|-damage|p1b: FuboTV|0 fnt\n|faint|p1b: FuboTV\n|\n|-weather|Sandstorm|[upkeep]\n|-damage|p1a: Vudu|84/100|[from] Sandstorm\n|-damage|p2a: Bride|12/100|[from] Sandstorm\n|-heal|p1a: Vudu|90/100|[from] item: Leftovers\n|upkeep\n|\n|t:|1788307489\n|switch|p1b: Tubi|Mudsdale, L50, M|100/100\n|turn|3\n|inactive|triple3double2 has 30 seconds left.\n|inactive|triple3double2 has 20 seconds left.\n|\n|t:|1788307527\n|move|p1a: Vudu|Protect|p1a: Vudu\n|-singleturn|p1a: Vudu|Protect\n|move|p2a: Bride|Giga Drain|p1b: Tubi\n|-supereffective|p1b: Tubi|1\n|-damage|p1b: Tubi|37/100\n|-heal|p2a: Bride|48/100|[from] drain|[of] p1b: Tubi\n|-ability|p1b: Tubi|Stamina|boost\n|-boost|p1b: Tubi|def|1\n|-enditem|p1b: Tubi|Sitrus Berry|[eat]\n|-heal|p1b: Tubi|61/100|[from] item: Sitrus Berry\n|-damage|p2a: Bride|38/100|[from] item: Life Orb\n|move|p2b: Bestman|Knock Off|p1a: Vudu\n|-activate|p1a: Vudu|move: Protect\n|move|p1b: Tubi|Heavy Slam|p2a: Bride\n|-supereffective|p2a: Bride|1\n|-damage|p2a: Bride|0 fnt\n|faint|p2a: Bride\n|\n|-weather|Sandstorm|[upkeep]\n|-damage|p1a: Vudu|84/100|[from] Sandstorm\n|-heal|p1a: Vudu|90/100|[from] item: Leftovers\n|upkeep\n|inactive|triple3double2 has 30 seconds left.\n|\n|t:|1788307553\n|switch|p2a: Groom|Excadrill, L50, M, shiny|100/100\n|turn|4\n|inactive|kaffeemi has 30 seconds left.\n|inactive|kaffeemi has 20 seconds left.\n|inactive|kaffeemi has 15 seconds left.\n|\n|t:|1788307598\n|switch|p2a: Momzilla|Toucannon, L50, F, shiny|64/100\n|move|p1a: Vudu|Drain Punch|p2a: Momzilla\n|-damage|p2a: Momzilla|0 fnt\n|-heal|p1a: Vudu|100/100|[from] drain|[of] p2a: Momzilla\n|faint|p2a: Momzilla\n|move|p2b: Bestman|Knock Off|p1a: Vudu\n|-damage|p1a: Vudu|59/100\n|-enditem|p1a: Vudu|Leftovers|[from] move: Knock Off|[of] p2b: Bestman\n|move|p1b: Tubi|Body Press|p2b: Bestman\n|-supereffective|p2b: Bestman|2\n|-damage|p2b: Bestman|2/100\n|\n|-weather|Sandstorm|[upkeep]\n|-damage|p1a: Vudu|53/100|[from] Sandstorm\n|upkeep\n|\n|t:|1788307612\n|switch|p2a: Groom|Excadrill, L50, M, shiny|100/100\n|turn|5\n|inactive|kaffeemi has 30 seconds left.\n|inactive|triple3double2 has 30 seconds left.\n|\n|t:|1788307647\n|move|p2b: Bestman|Protect|p2b: Bestman\n|-singleturn|p2b: Bestman|Protect\n|move|p2a: Groom|Earthquake|p1b: Tubi|[spread] p1a,p1b\n|-activate|p2b: Bestman|move: Protect\n|-damage|p1a: Vudu|29/100\n|-damage|p1b: Tubi|38/100\n|-ability|p1b: Tubi|Stamina|boost\n|-boost|p1b: Tubi|def|1\n|move|p1a: Vudu|Drain Punch|p2a: Groom\n|-supereffective|p2a: Groom|1\n|-damage|p2a: Groom|0 fnt\n|-heal|p1a: Vudu|72/100|[from] drain|[of] p2a: Groom\n|faint|p2a: Groom\n|move|p1b: Tubi|Body Press|p2b: Bestman\n|-activate|p2b: Bestman|move: Protect\n|\n|-weather|none\n|upkeep\n|turn|6\n|c|☆triple3double2|pooie\n|\n|t:|1788307670\n|move|p1b: Tubi|Protect|p1b: Tubi\n|-singleturn|p1b: Tubi|Protect\n|move|p1a: Vudu|Drain Punch|p2b: Bestman\n|-supereffective|p2b: Bestman|2\n|-damage|p2b: Bestman|0 fnt\n|-heal|p1a: Vudu|73/100|[from] drain|[of] p2b: Bestman\n|faint|p2b: Bestman\n|\n|win|kaffeemi\n||triple3double2 is ready for game 2.\n||kaffeemi is ready for game 2.\n|uhtml|next|Next: <a href=\"/battle-gen9championsvgc2026regmb-2674157227\"><strong>Game 2 of 3</strong></a>\n|l| CaptainPyrite\n|l| oncrat\n","uploadtime":1788308297,"views":"1","formatid":"gen9championsvgc2026regmb","rating":null,"private":0,"password":null}