{"id":"gen9championsvgc2026regmb-2673870760","format":"[Gen 9 Champions] VGC 2026 Reg M-B","players":["mercadia games","Thornlace48812"],"log":"|j|☆mercadia games\n|j|☆Thornlace48812\n|t:|1788271159\n|gametype|doubles\n|player|p1|mercadia games|1|1171\n|player|p2|Thornlace48812|102|1196\n|gen|9\n|tier|[Gen 9 Champions] VGC 2026 Reg M-B\n|rated|\n|rule|Species Clause: Limit one of each Pokémon\n|rule|Item Clause: Limit 1 of each item\n|clearpoke\n|poke|p1|Sylveon, L50, F, shiny|\n|poke|p1|Aerodactyl, L50, M, shiny|\n|poke|p1|Charizard, L50, M|\n|poke|p1|Kingambit, L50, M|\n|poke|p1|Garchomp, L50, M|\n|poke|p1|Farigiraf, L50, F|\n|poke|p2|Garchomp, L50, M|\n|poke|p2|Charizard, L50, F|\n|poke|p2|Whimsicott, L50, F|\n|poke|p2|Sylveon, L50, M|\n|poke|p2|Kingambit, L50, M|\n|poke|p2|Basculegion, L50, M|\n|teampreview|4\n|inactive|Battle timer is ON: inactive players will automatically lose when time's up. (requested by Thornlace48812)\nThornlace48812 rejected open team sheets.\n|\n|t:|1788271171\n|teamsize|p1|4\n|teamsize|p2|4\n|start\n|switch|p1a: Aerodactyl|Aerodactyl, L50, M, shiny|100/100\n|switch|p1b: Kingambit|Kingambit, L50, M|100/100\n|switch|p2a: Charizard|Charizard, L50, F|100/100\n|switch|p2b: Garchomp|Garchomp, L50, M|100/100\n|-ability|p1a: Aerodactyl|Unnerve\n|turn|1\n|\n|t:|1788271182\n|detailschange|p1a: Aerodactyl|Aerodactyl-Mega, L50, M, shiny\n|-mega|p1a: Aerodactyl|Aerodactyl|Aerodactylite\n|detailschange|p2a: Charizard|Charizard-Mega-Y, L50, F\n|-mega|p2a: Charizard|Charizard|Charizardite Y\n|-weather|SunnyDay|[from] ability: Drought|[of] p2a: Charizard\n|move|p2a: Charizard|Protect|p2a: Charizard\n|-singleturn|p2a: Charizard|Protect\n|move|p1a: Aerodactyl|Ice Fang|p2b: Garchomp\n|-supereffective|p2b: Garchomp|2\n|-damage|p2b: Garchomp|0 fnt\n|-damage|p1a: Aerodactyl|87/100|[from] ability: Rough Skin|[of] p2b: Garchomp\n|faint|p2b: Garchomp\n|move|p1b: Kingambit|Kowtow Cleave|p2a: Charizard\n|-activate|p2a: Charizard|move: Protect\n|\n|-weather|SunnyDay|[upkeep]\n|upkeep\n|\n|t:|1788271182\n|switch|p2b: Basculegion|Basculegion, L50, M|100/100\n|turn|2\n|\n|t:|1788271190\n|move|p1b: Kingambit|Sucker Punch|p2b: Basculegion\n|-supereffective|p2b: Basculegion|1\n|-damage|p2b: Basculegion|4/100\n|move|p1a: Aerodactyl|Rock Slide|p2b: Basculegion|[spread] p2b\n|-miss|p1a: Aerodactyl|p2a: Charizard\n|-damage|p2b: Basculegion|0 fnt\n|faint|p2b: Basculegion\n|move|p2a: Charizard|Heat Wave|p1b: Kingambit|[spread] p1a,p1b\n|-resisted|p1a: Aerodactyl|1\n|-supereffective|p1b: Kingambit|1\n|-damage|p1a: Aerodactyl|53/100\n|-enditem|p1b: Kingambit|Focus Sash\n|-damage|p1b: Kingambit|1/100\n|-status|p1b: Kingambit|brn\n|\n|-weather|SunnyDay|[upkeep]\n|-damage|p1b: Kingambit|0 fnt|[from] brn\n|faint|p1b: Kingambit\n|upkeep\n|\n|t:|1788271199\n|switch|p2b: Sylveon|Sylveon, L50, M|100/100\n|switch|p1b: Sylveon|Sylveon, L50, F, shiny|100/100\n|turn|3\n|\n|t:|1788271207\n|move|p2a: Charizard|Protect|p2a: Charizard\n|-singleturn|p2a: Charizard|Protect\n|move|p2b: Sylveon|Detect|p2b: Sylveon\n|-singleturn|p2b: Sylveon|Protect\n|move|p1a: Aerodactyl|Rock Slide|p2a: Charizard|[spread] \n|-activate|p2a: Charizard|move: Protect\n|-activate|p2b: Sylveon|move: Protect\n|move|p1b: Sylveon|Hyper Beam|p2b: Sylveon\n|-activate|p2b: Sylveon|move: Protect\n|\n|-weather|SunnyDay|[upkeep]\n|upkeep\n|turn|4\n|\n|t:|1788271211\n|move|p1a: Aerodactyl|Rock Slide|p2a: Charizard|[spread] p2a,p2b\n|-supereffective|p2a: Charizard|2\n|-damage|p2a: Charizard|0 fnt\n|-damage|p2b: Sylveon|62/100\n|faint|p2a: Charizard\n|cant|p2b: Sylveon|flinch\n|move|p1b: Sylveon|Hyper Voice|p2b: Sylveon\n|-damage|p2b: Sylveon|16/100\n|\n|-weather|SunnyDay|[upkeep]\n|upkeep\n|turn|5\n|\n|t:|1788271220\n|move|p1a: Aerodactyl|Rock Slide|p2b: Sylveon\n|-damage|p2b: Sylveon|0 fnt\n|faint|p2b: Sylveon\n|\n|win|mercadia games\n|raw|mercadia games's rating: 1171 &rarr; <strong>1196</strong><br />(+25 for winning)\n|raw|Thornlace48812's rating: 1165 &rarr; <strong>1140</strong><br />(-25 for losing)\n","uploadtime":1788271220,"views":"0","formatid":"gen9championsvgc2026regmb","rating":1140,"private":0,"password":null}