{"id":"gen9championsvgc2026regmb-2673992998","format":"[Gen 9 Champions] VGC 2026 Reg M-B","players":["Gunchlax","fallensky24"],"log":"|j|☆Gunchlax\n|j|☆fallensky24\n|t:|1788285843\n|gametype|doubles\n|player|p1|Gunchlax|unknown|\n|player|p2|fallensky24|169|\n|gen|9\n|tier|[Gen 9 Champions] VGC 2026 Reg M-B\n|rule|Species Clause: Limit one of each Pokémon\n|rule|Item Clause: Limit 1 of each item\n|clearpoke\n|poke|p1|Noivern, L50, M, shiny|\n|poke|p1|Delphox, L50, M, shiny|\n|poke|p1|Tsareena, L50, F, shiny|\n|poke|p1|Kingambit, L50, M, shiny|\n|poke|p1|Kangaskhan, L50, F, shiny|\n|poke|p1|Emolga, L50, M|\n|poke|p2|Floette-Eternal, L50, F|\n|poke|p2|Klefki, L50, M|\n|poke|p2|Hydreigon, L50, F|\n|poke|p2|Basculegion, L50, M|\n|poke|p2|Skarmory, L50, F|\n|poke|p2|Swampert, L50, F|\n|teampreview|4\n|inactive|Battle timer is ON: inactive players will automatically lose when time's up. (requested by Gunchlax)\nGunchlax rejected open team sheets.\n|inactive|fallensky24 has 60 seconds left.\n|\n|t:|1788285888\n|teamsize|p1|4\n|teamsize|p2|4\n|start\n|switch|p1a: Smartypants|Emolga, L50, M|100/100\n|switch|p1b: Dirty Laundry|Tsareena, L50, F, shiny|100/100\n|switch|p2a: Klefki|Klefki, L50, M|100/100\n|switch|p2b: Hydreigon|Hydreigon, L50, F|100/100\n|turn|1\n|inactive|fallensky24 has 30 seconds left.\n|\n|t:|1788285921\n|move|p2a: Klefki|Imprison|p2a: Klefki\n|-start|p2a: Klefki|move: Imprison\n|move|p1a: Smartypants|Nuzzle|p2b: Hydreigon\n|-resisted|p2b: Hydreigon|1\n|-damage|p2b: Hydreigon|97/100\n|-status|p2b: Hydreigon|par\n|cant|p1b: Dirty Laundry|move: Imprison|Play Rough\n|move|p2b: Hydreigon|Tailwind|p2b: Hydreigon\n|-sidestart|p2: fallensky24|move: Tailwind\n|\n|upkeep\n|turn|2\n|inactive|Gunchlax has 30 seconds left.\n|inactive|fallensky24 has 30 seconds left.\n|\n|t:|1788285955\n|move|p2a: Klefki|Protect|p2a: Klefki\n|-singleturn|p2a: Klefki|Protect\n|move|p1a: Smartypants|Nuzzle|p2a: Klefki\n|-activate|p2a: Klefki|move: Protect\n|move|p1b: Dirty Laundry|Taunt|p2a: Klefki\n|-activate|p2a: Klefki|move: Protect\n|move|p2b: Hydreigon|Flamethrower|p1b: Dirty Laundry\n|-supereffective|p1b: Dirty Laundry|1\n|-damage|p1b: Dirty Laundry|33/100\n|\n|upkeep\n|turn|3\n|inactive|Gunchlax has 30 seconds left.\n|inactive|fallensky24 has 30 seconds left.\n|\n|t:|1788285982\n|switch|p2a: Swampert|Swampert, L50, F|100/100\n|switch|p1b: Dimension 20|Kingambit, L50, M, shiny|100/100\n|move|p1a: Smartypants|Nuzzle|p2a: Swampert\n|-immune|p2a: Swampert\n|move|p2b: Hydreigon|Flamethrower|p1b: Dimension 20\n|-supereffective|p1b: Dimension 20|1\n|-crit|p1b: Dimension 20\n|-damage|p1b: Dimension 20|14/100\n|\n|upkeep\n|turn|4\n|inactive|Gunchlax has 30 seconds left.\n|\n|t:|1788286007\n|move|p2b: Hydreigon|Protect|p2b: Hydreigon\n|-singleturn|p2b: Hydreigon|Protect\n|move|p1b: Dimension 20|Protect|p1b: Dimension 20\n|-singleturn|p1b: Dimension 20|Protect\n|move|p1a: Smartypants|Nuzzle|p2b: Hydreigon\n|-activate|p2b: Hydreigon|move: Protect\n|move|p2a: Swampert|Icy Wind|p1b: Dimension 20|[spread] p1a\n|-activate|p1b: Dimension 20|move: Protect\n|-supereffective|p1a: Smartypants|1\n|-damage|p1a: Smartypants|68/100\n|-unboost|p1a: Smartypants|spe|1\n|\n|-sideend|p2: fallensky24|move: Tailwind\n|upkeep\n|turn|5\n|inactive|Gunchlax has 30 seconds left.\n|inactive|Gunchlax has 20 seconds left.\n|inactive|Gunchlax has 15 seconds left.\n|inactive|Gunchlax has 10 seconds left.\n|\n|t:|1788286056\n|switch|p1a: Game Changer|Delphox, L50, M, shiny|100/100\n|move|p1b: Dimension 20|Sucker Punch|p2b: Hydreigon\n|-resisted|p2b: Hydreigon|1\n|-damage|p2b: Hydreigon|78/100 par\n|-damage|p1b: Dimension 20|5/100|[from] item: Life Orb\n|move|p2a: Swampert|Icy Wind|p1b: Dimension 20|[spread] p1a,p1b\n|-resisted|p1a: Game Changer|1\n|-resisted|p1b: Dimension 20|1\n|-damage|p1a: Game Changer|96/100\n|-damage|p1b: Dimension 20|1/100\n|-unboost|p1a: Game Changer|spe|1\n|-unboost|p1b: Dimension 20|spe|1\n|move|p2b: Hydreigon|Flamethrower|p1b: Dimension 20\n|-supereffective|p1b: Dimension 20|1\n|-damage|p1b: Dimension 20|0 fnt\n|faint|p1b: Dimension 20\n|-end|p1b: Dimension 20|fallenundefined|[silent]\n|\n|upkeep\n|\n|t:|1788286072\n|switch|p1b: Dirty Laundry|Tsareena, L50, F, shiny|33/100\n|turn|6\n|\n|t:|1788286095\n|detailschange|p1a: Game Changer|Delphox-Mega, L50, M, shiny\n|-mega|p1a: Game Changer|Delphox|Delphoxite\n|move|p2b: Hydreigon|Protect|p2b: Hydreigon\n|-singleturn|p2b: Hydreigon|Protect\n|move|p1a: Game Changer|Dazzling Gleam|p2a: Swampert|[spread] p2a\n|-activate|p2b: Hydreigon|move: Protect\n|-damage|p2a: Swampert|75/100\n|move|p1b: Dirty Laundry|Power Whip|p2a: Swampert|[miss]\n|-miss|p1b: Dirty Laundry|p2a: Swampert\n|move|p2a: Swampert|Wave Crash|p1a: Game Changer\n|-supereffective|p1a: Game Changer|1\n|-damage|p1a: Game Changer|0 fnt\n|faint|p1a: Game Changer\n|-damage|p2a: Swampert|50/100g|[from] Recoil\n|\n|upkeep\n|\n|t:|1788286111\n|switch|p1a: Smartypants|Emolga, L50, M|68/100\n|turn|7\n|\n|t:|1788286136\n|move|p1a: Smartypants|Energy Ball|p2a: Swampert\n|-supereffective|p2a: Swampert|2\n|-enditem|p2a: Swampert|Rindo Berry|[eat]\n|-enditem|p2a: Swampert|Rindo Berry|[weaken]\n|-damage|p2a: Swampert|10/100\n|-unboost|p2a: Swampert|spd|1\n|move|p1b: Dirty Laundry|Play Rough|p2b: Hydreigon\n|-supereffective|p2b: Hydreigon|2\n|-enditem|p2b: Hydreigon|Roseli Berry|[eat]\n|-enditem|p2b: Hydreigon|Roseli Berry|[weaken]\n|-damage|p2b: Hydreigon|35/100 par\n|move|p2a: Swampert|Icy Wind|p1b: Dirty Laundry|[spread] p1a,p1b\n|-supereffective|p1a: Smartypants|1\n|-supereffective|p1b: Dirty Laundry|1\n|-damage|p1a: Smartypants|40/100\n|-damage|p1b: Dirty Laundry|15/100\n|-unboost|p1a: Smartypants|spe|1\n|-unboost|p1b: Dirty Laundry|spe|1\n|move|p2b: Hydreigon|Flamethrower|p1b: Dirty Laundry\n|-supereffective|p1b: Dirty Laundry|1\n|-crit|p1b: Dirty Laundry\n|-damage|p1b: Dirty Laundry|0 fnt\n|faint|p1b: Dirty Laundry\n|\n|upkeep\n|turn|8\n|\n|t:|1788286156\n|switch|p2a: Floette|Floette-Eternal, L50, F|100/100\n|switch|p2b: Klefki|Klefki, L50, M|100/100\n|move|p1a: Smartypants|Energy Ball|p2a: Floette\n|-damage|p2a: Floette|80/100\n|\n|upkeep\n|turn|9\n|\n|t:|1788286165\n|detailschange|p2a: Floette|Floette-Mega, L50, F\n|-mega|p2a: Floette|Floette|Floettite\n|-ability|p2a: Floette|Fairy Aura\n|move|p2b: Klefki|Protect|p2b: Klefki\n|-singleturn|p2b: Klefki|Protect\n|move|p1a: Smartypants|Energy Ball|p2a: Floette\n|-damage|p2a: Floette|61/100\n|move|p2a: Floette|Light of Ruin|p1a: Smartypants\n|-damage|p1a: Smartypants|0 fnt\n|faint|p1a: Smartypants\n|-damage|p2a: Floette|44/100|[from] Recoil\n|\n|win|fallensky24\n|l|☆fallensky24\n|player|p2|\n","uploadtime":1788286178,"views":"21","formatid":"gen9championsvgc2026regmb","rating":null,"private":0,"password":null}