{"id":"gen9championsvgc2026regmbbo3-2673494042","format":"[Gen 9 Champions] VGC 2026 Reg M-B (Bo3)","players":["humania1","The OG Trainer Red"],"log":"|j|☆humania1\n|j|☆The OG Trainer Red\n|html|<table width=\"100%\"><tr><td align=\"left\">humania1</td><td align=\"right\">The OG Trainer Red</tr><tr><td align=\"left\"><i class=\"fa fa-circle\"></i> <i class=\"fa fa-circle-o\"></i> </td><td align=\"right\"><i class=\"fa fa-circle-o\"></i> <i class=\"fa fa-circle\"></i> </tr></table>\n|uhtml|bestof|<h2><strong>Game 3</strong> of <a href=\"/game-bestof3-gen9championsvgc2026regmbbo3-2673490861\">a best-of-3</a></h2>\n|t:|1788204524\n|gametype|doubles\n|player|p1|humania1|170|1055\n|player|p2|The OG Trainer Red|2|1047\n|gen|9\n|tier|[Gen 9 Champions] VGC 2026 Reg M-B (Bo3)\n|rated|\n|rule|Species Clause: Limit one of each Pokémon\n|rule|Item Clause: Limit 1 of each item\n|clearpoke\n|poke|p1|Blastoise, L50, F|\n|poke|p1|Delphox, L50, M, shiny|\n|poke|p1|Incineroar, L50, M|\n|poke|p1|Sinistcha, L50|\n|poke|p1|Sneasler, L50, F|\n|poke|p1|Vivillon, L50, F|\n|poke|p2|Feraligatr, L50, F|\n|poke|p2|Raichu, L50, F|\n|poke|p2|Charizard, L50, F|\n|poke|p2|Venusaur, L50, F|\n|poke|p2|Slowbro, L50, F|\n|poke|p2|Snorlax, L50, F|\n|teampreview|4\n|showteam|p1|Blastoise||Blastoisinite|Torrent|Protect,ShellSmash,WaterSpout,DarkPulse|Modest||F|||50|]Delphox||Delphoxite|Blaze|Protect,HeatWave,Psyshock,NastyPlot|Timid||M|||50|]Incineroar||PasshoBerry|Intimidate|FakeOut,PartingShot,FlareBlitz,ThroatChop|Impish||M|||50|]Sinistcha||SitrusBerry|Hospitality|Protect,MatchaGotcha,TrickRoom,RagePowder|Bold|||||50|]Sneasler||FocusSash|PoisonTouch|QuickGuard,FakeOut,CloseCombat,DireClaw|Jolly||F|||50|]Vivillon||ChoiceScarf|CompoundEyes|Hurricane,SleepPowder,RagePowder,Uturn|Timid||F|||50|\n|showteam|p2|Feraligatr||LifeOrb|SheerForce|Protect,DragonDance,Liquidation,IcePunch|Jolly||F|||50|]Raichu||RaichuniteY|Static|ZapCannon,FocusBlast,LightScreen,Reflect|Timid||F|||50|]Charizard||CharizarditeY|Blaze|HeatWave,ScorchingSands,SolarBeam,Protect|Timid||F|||50|]Venusaur||WideLens|Chlorophyll|SleepPowder,LeafStorm,SludgeBomb,EarthPower|Timid||F|||50|]Slowbro||Leftovers|Regenerator|HealPulse,Psychic,Scald,TrickRoom|Quiet||F|||50|]Snorlax||SitrusBerry|ThickFat|RockSlide,BodySlam,HammerArm,BellyDrum|Brave||F|||50|\n|inactive|Battle timer is ON: inactive players will automatically lose when time's up. (requested by humania1)\n|inactive|The OG Trainer Red has 60 seconds left.\n|\n|t:|1788204565\n|teamsize|p1|4\n|teamsize|p2|4\n|start\n|switch|p1a: Blastoise|Blastoise, L50, F|100/100\n|switch|p1b: Incineroar|Incineroar, L50, M|100/100\n|switch|p2a: Raichu|Raichu, L50, F|100/100\n|switch|p2b: Feraligatr|Feraligatr, L50, F|100/100\n|-ability|p1b: Incineroar|Intimidate|boost\n|-unboost|p2a: Raichu|atk|1\n|-unboost|p2b: Feraligatr|atk|1\n|turn|1\n|inactive|The OG Trainer Red has 30 seconds left.\n|\n|t:|1788204595\n|switch|p2b: Slowbro|Slowbro, L50, F|100/100\n|detailschange|p2a: Raichu|Raichu-Mega-Y, L50, F\n|-mega|p2a: Raichu|Raichu|Raichunite Y\n|detailschange|p1a: Blastoise|Blastoise-Mega, L50, F\n|-mega|p1a: Blastoise|Blastoise|Blastoisinite\n|move|p2a: Raichu|Focus Blast|p1b: Incineroar\n|-supereffective|p1b: Incineroar|1\n|-damage|p1b: Incineroar|7/100\n|move|p1a: Blastoise|Water Spout|p2b: Slowbro|[spread] p2a,p2b\n|-resisted|p2b: Slowbro|1\n|-damage|p2a: Raichu|0 fnt\n|-damage|p2b: Slowbro|67/100\n|faint|p2a: Raichu\n|move|p1b: Incineroar|Flare Blitz|p2b: Slowbro\n|-resisted|p2b: Slowbro|1\n|-damage|p2b: Slowbro|48/100\n|-damage|p1b: Incineroar|1/100|[from] Recoil\n|\n|-heal|p2b: Slowbro|54/100|[from] item: Leftovers\n|upkeep\n|\n|t:|1788204613\n|switch|p2a: Feraligatr|Feraligatr, L50, F|100/100\n|turn|2\n|\n|t:|1788204631\n|move|p2a: Feraligatr|Liquidation|p1b: Incineroar\n|-supereffective|p1b: Incineroar|1\n|-enditem|p1b: Incineroar|Passho Berry|[eat]\n|-enditem|p1b: Incineroar|Passho Berry|[weaken]\n|-damage|p1b: Incineroar|0 fnt\n|faint|p1b: Incineroar\n|move|p1a: Blastoise|Dark Pulse|p2b: Slowbro\n|-supereffective|p2b: Slowbro|1\n|-damage|p2b: Slowbro|0 fnt\n|faint|p2b: Slowbro\n|\n|upkeep\n|\n|t:|1788204640\n|switch|p1b: Delphox|Delphox, L50, M, shiny|100/100\n|switch|p2b: Snorlax|Snorlax, L50, F|100/100\n|turn|3\n|\n|t:|1788204653\n|switch|p1b: Sinistcha|Sinistcha, L50|100/100\n|move|p2a: Feraligatr|Dragon Dance|p2a: Feraligatr\n|-boost|p2a: Feraligatr|atk|1\n|-boost|p2a: Feraligatr|spe|1\n|move|p1a: Blastoise|Shell Smash|p1a: Blastoise\n|-unboost|p1a: Blastoise|def|1\n|-unboost|p1a: Blastoise|spd|1\n|-boost|p1a: Blastoise|atk|2\n|-boost|p1a: Blastoise|spa|2\n|-boost|p1a: Blastoise|spe|2\n|move|p2b: Snorlax|Rock Slide|p1a: Blastoise|[spread] p1a,p1b\n|-damage|p1a: Blastoise|72/100\n|-damage|p1b: Sinistcha|82/100\n|\n|upkeep\n|turn|4\n|inactive|The OG Trainer Red has 30 seconds left.\n|\n|t:|1788204684\n|move|p1a: Blastoise|Water Spout|p2b: Snorlax|[spread] p2a,p2b\n|-resisted|p2a: Feraligatr|1\n|-damage|p2a: Feraligatr|45/100\n|-damage|p2b: Snorlax|42/100\n|-enditem|p2b: Snorlax|Sitrus Berry|[eat]\n|-heal|p2b: Snorlax|67/100|[from] item: Sitrus Berry\n|move|p2a: Feraligatr|Ice Punch|p1b: Sinistcha\n|-supereffective|p1b: Sinistcha|1\n|-damage|p1b: Sinistcha|0 fnt\n|faint|p1b: Sinistcha\n|move|p2b: Snorlax|Body Slam|p1a: Blastoise\n|-damage|p1a: Blastoise|14/100\n|\n|upkeep\n|\n|t:|1788204684\n|switch|p1b: Delphox|Delphox, L50, M, shiny|100/100\n|turn|5\n|\n|t:|1788204703\n|move|p1a: Blastoise|Protect|p1a: Blastoise\n|-singleturn|p1a: Blastoise|Protect\n|move|p2a: Feraligatr|Liquidation|p1b: Delphox\n|-supereffective|p1b: Delphox|1\n|-damage|p1b: Delphox|0 fnt\n|faint|p1b: Delphox\n|move|p2b: Snorlax|Body Slam|p1a: Blastoise\n|-activate|p1a: Blastoise|move: Protect\n|\n|upkeep\n|turn|6\n|\n|t:|1788204716\n|move|p1a: Blastoise|Water Spout|p2b: Snorlax|[spread] p2a,p2b\n|-resisted|p2a: Feraligatr|1\n|-crit|p2b: Snorlax\n|-damage|p2a: Feraligatr|32/100\n|-damage|p2b: Snorlax|50/100g\n|move|p2a: Feraligatr|Liquidation|p1a: Blastoise\n|-resisted|p1a: Blastoise|1\n|-damage|p1a: Blastoise|0 fnt\n|faint|p1a: Blastoise\n|\n|win|The OG Trainer Red\n|raw|humania1's rating: 1055 &rarr; <strong>1036</strong><br />(-19 for losing)\n|raw|The OG Trainer Red's rating: 1047 &rarr; <strong>1081</strong><br />(+34 for winning)\n","uploadtime":1788204717,"views":"0","formatid":"gen9championsvgc2026regmbbo3","rating":1036,"private":0,"password":null}