{"id":"gen9championsvgc2026regmb-2674020411","format":"[Gen 9 Champions] VGC 2026 Reg M-B","players":["dibble03","IdkImScared"],"log":"|j|☆dibble03\n|j|☆IdkImScared\n|t:|1788289056\n|gametype|doubles\n|player|p1|dibble03|brock|1658\n|player|p2|IdkImScared|workerice|1653\n|gen|9\n|tier|[Gen 9 Champions] VGC 2026 Reg M-B\n|rated|\n|rule|Species Clause: Limit one of each Pokémon\n|rule|Item Clause: Limit 1 of each item\n|clearpoke\n|poke|p1|Froslass, L50, F|\n|poke|p1|Kingambit, L50, M|\n|poke|p1|Sneasler, L50, F|\n|poke|p1|Basculegion, L50, M|\n|poke|p1|Scovillain, L50, F|\n|poke|p1|Lycanroc-Dusk, L50, F|\n|poke|p2|Dragonite, L50, M|\n|poke|p2|Floette-Eternal, L50, F|\n|poke|p2|Basculegion, L50, M|\n|poke|p2|Garchomp, L50, F|\n|poke|p2|Kingambit, L50, M|\n|poke|p2|Sneasler, L50, F|\n|teampreview|4\n|inactive|Battle timer is ON: inactive players will automatically lose when time's up. (requested by dibble03)\n|inactive|IdkImScared has 60 seconds left.\n|\n|t:|1788289116\n|teamsize|p1|4\n|teamsize|p2|4\n|start\n|switch|p1a: Froslass|Froslass, L50, F|100/100\n|switch|p1b: Sneasler|Sneasler, L50, F|100/100\n|switch|p2a: THE TOUCHER|Sneasler, L50, F|100/100\n|switch|p2b: 17 Black|Kingambit, L50, M|100/100\n|turn|1\n|\n|t:|1788289136\n|detailschange|p1a: Froslass|Froslass-Mega, L50, F\n|-mega|p1a: Froslass|Froslass|Froslassite\n|-weather|Snowscape|[from] ability: Snow Warning|[of] p1a: Froslass\n|move|p2a: THE TOUCHER|Fake Out|p1b: Sneasler\n|-damage|p1b: Sneasler|77/100\n|cant|p1b: Sneasler|flinch\n|move|p1a: Froslass|Aurora Veil|p1a: Froslass\n|-sidestart|p1: dibble03|move: Aurora Veil\n|move|p2b: 17 Black|Kowtow Cleave|p1a: Froslass\n|-supereffective|p1a: Froslass|1\n|-damage|p1a: Froslass|34/100\n|\n|-weather|Snowscape|[upkeep]\n|upkeep\n|turn|2\n|inactive|IdkImScared has 30 seconds left.\n|j| ylmao\n|inactive|IdkImScared has 20 seconds left.\n|\n|t:|1788289172\n|switch|p2a: DAWGfish|Garchomp, L50, F|100/100\n|switch|p1a: Kingambit|Kingambit, L50, M|100/100\n|move|p2b: 17 Black|Sucker Punch||[still]\n|-fail|p2b: 17 Black\n|move|p1b: Sneasler|Close Combat|p2b: 17 Black\n|-supereffective|p2b: 17 Black|2\n|-enditem|p2b: 17 Black|Chople Berry|[eat]\n|-enditem|p2b: 17 Black|Chople Berry|[weaken]\n|-damage|p2b: 17 Black|14/100\n|-unboost|p1b: Sneasler|def|1\n|-unboost|p1b: Sneasler|spd|1\n|-enditem|p1b: Sneasler|White Herb\n|-clearnegativeboost|p1b: Sneasler|[silent]\n|\n|-weather|Snowscape|[upkeep]\n|upkeep\n|turn|3\n|inactive|dibble03 has 30 seconds left.\n|inactive|IdkImScared has 30 seconds left.\n|inactive|IdkImScared has 20 seconds left.\n|inactive|dibble03 has 20 seconds left.\n|inactive|dibble03 has 15 seconds left.\n|inactive|IdkImScared has 15 seconds left.\n|inactive|dibble03 has 10 seconds left.\n|\n|t:|1788289225\n|move|p1b: Sneasler|Protect|p1b: Sneasler\n|-singleturn|p1b: Sneasler|Protect\n|move|p1a: Kingambit|Sucker Punch|p2a: DAWGfish\n|-damage|p2a: DAWGfish|47/100\n|-damage|p1a: Kingambit|87/100|[from] ability: Rough Skin|[of] p2a: DAWGfish\n|move|p2b: 17 Black|Sucker Punch||[still]\n|-fail|p2b: 17 Black\n|move|p2a: DAWGfish|Stomping Tantrum|p1b: Sneasler\n|-activate|p1b: Sneasler|move: Protect\n|\n|-weather|Snowscape|[upkeep]\n|upkeep\n|turn|4\n|\n|t:|1788289236\n|move|p1a: Kingambit|Sucker Punch|p2a: DAWGfish\n|-damage|p2a: DAWGfish|0 fnt\n|-damage|p1a: Kingambit|75/100|[from] ability: Rough Skin|[of] p2a: DAWGfish\n|faint|p2a: DAWGfish\n|move|p1b: Sneasler|Close Combat|p2b: 17 Black\n|-supereffective|p2b: 17 Black|2\n|-crit|p2b: 17 Black\n|-damage|p2b: 17 Black|0 fnt\n|-unboost|p1b: Sneasler|def|1\n|-unboost|p1b: Sneasler|spd|1\n|faint|p2b: 17 Black\n|\n|-weather|Snowscape|[upkeep]\n|upkeep\n|j| Zahnpaster\n|\n|t:|1788289243\n|switch|p2a: THE TOUCHER|Sneasler, L50, F|100/100\n|switch|p2b: Castle Bravo|Floette-Eternal, L50, F|100/100\n|turn|5\n|j| slimyswag\n|inactive|dibble03 has 30 seconds left.\n|inactive|IdkImScared has 30 seconds left.\n|\n|t:|1788289275\n|detailschange|p2b: Castle Bravo|Floette-Mega, L50, F\n|-mega|p2b: Castle Bravo|Floette|Floettite\n|-ability|p2b: Castle Bravo|Fairy Aura\n|move|p1b: Sneasler|Protect|p1b: Sneasler\n|-singleturn|p1b: Sneasler|Protect\n|move|p2a: THE TOUCHER|Feint|p1b: Sneasler\n|-activate|p1b: Sneasler|move: Feint\n|-damage|p1b: Sneasler|61/100\n|move|p1a: Kingambit|Sucker Punch||[still]\n|-fail|p1a: Kingambit\n|move|p2b: Castle Bravo|Dazzling Gleam|p1a: Kingambit|[spread] p1a,p1b\n|-damage|p1a: Kingambit|42/100\n|-damage|p1b: Sneasler|6/100\n|\n|-weather|none\n|-sideend|p1: dibble03|move: Aurora Veil\n|upkeep\n|turn|6\n|inactive|IdkImScared has 30 seconds left.\n|inactive|IdkImScared has 20 seconds left.\n|\n|t:|1788289312\n|switch|p1b: Basculegion|Basculegion, L50, M|100/100\n|move|p2a: THE TOUCHER|Feint|p1b: Basculegion\n|-immune|p1b: Basculegion\n|move|p1a: Kingambit|Sucker Punch||[still]\n|-fail|p1a: Kingambit\n|move|p2b: Castle Bravo|Dazzling Gleam|p1a: Kingambit|[spread] p1a,p1b\n|-damage|p1a: Kingambit|0 fnt\n|-damage|p1b: Basculegion|48/100\n|faint|p1a: Kingambit\n|\n|upkeep\n|\n|t:|1788289319\n|switch|p1a: Sneasler|Sneasler, L50, F|6/100\n|turn|7\n|inactive|dibble03 has 30 seconds left.\n|\n|t:|1788289351\n|move|p1a: Sneasler|Fake Out|p2b: Castle Bravo\n|-damage|p2b: Castle Bravo|81/100\n|move|p2a: THE TOUCHER|Dire Claw|p1a: Sneasler\n|-resisted|p1a: Sneasler|1\n|-damage|p1a: Sneasler|0 fnt\n|faint|p1a: Sneasler\n|cant|p2b: Castle Bravo|flinch\n|move|p1b: Basculegion|Last Respects|p2a: THE TOUCHER\n|-enditem|p2a: THE TOUCHER|Focus Sash\n|-damage|p2a: THE TOUCHER|1/100\n|-damage|p1b: Basculegion|38/100|[from] item: Life Orb\n|\n|upkeep\n|\n|t:|1788289353\n|switch|p1a: Froslass|Froslass-Mega, L50, F|34/100\n|-weather|Snowscape|[from] ability: Snow Warning|[of] p1a: Froslass\n|turn|8\n|\n|t:|1788289375\n|move|p1b: Basculegion|Aqua Jet|p2b: Castle Bravo\n|-damage|p2b: Castle Bravo|38/100\n|-damage|p1b: Basculegion|29/100|[from] item: Life Orb\n|move|p2a: THE TOUCHER|Dire Claw|p1a: Froslass\n|-resisted|p1a: Froslass|1\n|-damage|p1a: Froslass|15/100\n|-status|p1a: Froslass|psn|[from] ability: Poison Touch|[of] p2a: THE TOUCHER\n|move|p1a: Froslass|Blizzard|p2a: THE TOUCHER|[spread] p2a,p2b\n|-damage|p2a: THE TOUCHER|0 fnt\n|-damage|p2b: Castle Bravo|8/100\n|faint|p2a: THE TOUCHER\n|move|p2b: Castle Bravo|Dazzling Gleam|p1b: Basculegion|[spread] p1a,p1b\n|-damage|p1a: Froslass|0 fnt\n|-damage|p1b: Basculegion|0 fnt\n|faint|p1a: Froslass\n|faint|p1b: Basculegion\n|\n|win|IdkImScared\n|raw|dibble03's rating: 1658 &rarr; <strong>1638</strong><br />(-20 for losing)\n|raw|IdkImScared's rating: 1653 &rarr; <strong>1673</strong><br />(+20 for winning)\n||Ladder isn't responding, score probably updated but might not have (read ECONNRESET).\n|l|☆dibble03\n|player|p1|\n|c|☆IdkImScared|Ggwp\n|l| Zahnpaster\n|l| slimyswag\n","uploadtime":1788289408,"views":"9","formatid":"gen9championsvgc2026regmb","rating":1638,"private":0,"password":null}