{"id":"gen9championsvgc2026regmbbo3-2673670571","format":"[Gen 9 Champions] VGC 2026 Reg M-B (Bo3)","players":["thecrazur","cmass809"],"log":"|j|☆thecrazur\n|j|☆cmass809\n|html|<table width=\"100%\"><tr><td align=\"left\">thecrazur</td><td align=\"right\">cmass809</tr><tr><td align=\"left\"><i class=\"fa fa-circle\"></i> <i class=\"fa fa-circle-o\"></i> </td><td align=\"right\"><i class=\"fa fa-circle-o\"></i> <i class=\"fa fa-circle\"></i> </tr></table>\n|uhtml|bestof|<h2><strong>Game 3</strong> of <a href=\"/game-bestof3-gen9championsvgc2026regmbbo3-2673666937\">a best-of-3</a></h2>\n|t:|1788230396\n|gametype|doubles\n|player|p1|thecrazur|265|1254\n|player|p2|cmass809|infielder|1276\n|gen|9\n|tier|[Gen 9 Champions] VGC 2026 Reg M-B (Bo3)\n|rated|\n|rule|Species Clause: Limit one of each Pokémon\n|rule|Item Clause: Limit 1 of each item\n|clearpoke\n|poke|p1|Blaziken, L50, M|\n|poke|p1|Ninetales-Alola, L50, M|\n|poke|p1|Araquanid, L50, F|\n|poke|p1|Gholdengo, L50|\n|poke|p1|Whimsicott, L50, M|\n|poke|p1|Staraptor, L50, M|\n|poke|p2|Farigiraf, L50, F|\n|poke|p2|Camerupt, L50, F|\n|poke|p2|Primarina, L50, M|\n|poke|p2|Vanilluxe, L50, F|\n|poke|p2|Maushold, L50|\n|poke|p2|Sableye, L50, F|\n|teampreview|4\n|showteam|p1|Blaziken||Blazikenite|SpeedBoost|AuraSphere,HeatWave,ScorchingSands,Detect|Modest||M|||50|]Ninetales-Alola||LifeOrb|SnowWarning|Blizzard,FreezeDry,Moonblast,Protect|Timid||M|||50|]Araquanid||MysticWater|WaterBubble|Liquidation,WideGuard,LeechLife,Protect|Brave||F|||50|]Gholdengo||ChoiceScarf|GoodasGold|MakeItRain,PowerGem,ShadowBall,Trick|Timid|||||50|]Whimsicott||FocusSash|Prankster|Moonblast,Tailwind,Protect,Charm|Timid||M|||50|]Staraptor||Staraptite|Intimidate|CloseCombat,BraveBird,Protect,Roost|Jolly||M|||50|\n|showteam|p2|Farigiraf||ColburBerry|ArmorTail|LowKick,PsychicFangs,HelpingHand,TrickRoom|Relaxed||F|||50|]Camerupt||Cameruptite|SolidRock|Protect,HeatWave,EarthPower,AncientPower|Quiet||F|||50|]Primarina||ExpertBelt|LiquidVoice|Protect,HyperVoice,Moonblast,EnergyBall|Modest||M|||50|]Vanilluxe||NeverMeltIce|SnowWarning|Protect,Blizzard,FreezeDry,IceShard|Quiet||F|||50|]Maushold||WideLens|Technician|Protect,PopulationBomb,AfterYou,FollowMe|Jolly|||||50|]Sableye||FocusSash|Prankster|FakeOut,FoulPlay,Quash,Encore|Relaxed||F|||50|\n|\n|t:|1788230465\n|teamsize|p1|4\n|teamsize|p2|4\n|start\n|switch|p1a: Staraptor|Staraptor, L50, M|100/100\n|switch|p1b: Gholdengo|Gholdengo, L50|100/100\n|switch|p2a: Camerupt|Camerupt, L50, F|100/100\n|switch|p2b: Sableye|Sableye, L50, F|100/100\n|-ability|p1a: Staraptor|Intimidate|boost\n|-unboost|p2a: Camerupt|atk|1\n|-unboost|p2b: Sableye|atk|1\n|turn|1\n|\n|t:|1788230506\n|switch|p1a: Araquanid|Araquanid, L50, F|100/100\n|detailschange|p2a: Camerupt|Camerupt-Mega, L50, F\n|-mega|p2a: Camerupt|Camerupt|Cameruptite\n|move|p2b: Sableye|Fake Out|p1a: Araquanid\n|-damage|p1a: Araquanid|94/100\n|move|p1b: Gholdengo|Power Gem|p2a: Camerupt\n|-damage|p2a: Camerupt|72/100\n|move|p2a: Camerupt|Earth Power|p1b: Gholdengo\n|-supereffective|p1b: Gholdengo|1\n|-damage|p1b: Gholdengo|0 fnt\n|faint|p1b: Gholdengo\n|\n|upkeep\n|\n|t:|1788230526\n|switch|p1b: Staraptor|Staraptor, L50, M|100/100\n|-ability|p1b: Staraptor|Intimidate|boost\n|-unboost|p2a: Camerupt|atk|1\n|-unboost|p2b: Sableye|atk|1\n|turn|2\n|\n|t:|1788230554\n|switch|p2b: Maushold|Maushold, L50|100/100\n|detailschange|p1b: Staraptor|Staraptor-Mega, L50, M\n|-mega|p1b: Staraptor|Staraptor|Staraptite\n|move|p2a: Camerupt|Protect|p2a: Camerupt\n|-singleturn|p2a: Camerupt|Protect\n|move|p1b: Staraptor|Close Combat|p2a: Camerupt\n|-activate|p2a: Camerupt|move: Protect\n|move|p1a: Araquanid|Liquidation|p2a: Camerupt\n|-activate|p2a: Camerupt|move: Protect\n|\n|upkeep\n|turn|3\n|\n|t:|1788230595\n|switch|p2a: Vanilluxe|Vanilluxe, L50, F|100/100\n|-weather|Snowscape|[from] ability: Snow Warning|[of] p2a: Vanilluxe\n|move|p2b: Maushold|Population Bomb|p1b: Staraptor\n|-damage|p1b: Staraptor|88/100\n|-damage|p1b: Staraptor|76/100\n|-damage|p1b: Staraptor|64/100\n|-crit|p1b: Staraptor\n|-damage|p1b: Staraptor|44/100\n|-damage|p1b: Staraptor|31/100\n|-damage|p1b: Staraptor|18/100\n|-damage|p1b: Staraptor|6/100\n|-damage|p1b: Staraptor|0 fnt\n|faint|p1b: Staraptor\n|-hitcount|p1: Staraptor|8\n|move|p1a: Araquanid|Liquidation|p2a: Vanilluxe\n|-damage|p2a: Vanilluxe|42/100\n|\n|-weather|Snowscape|[upkeep]\n|upkeep\n|\n|t:|1788230615\n|switch|p1b: Blaziken|Blaziken, L50, M|100/100\n|turn|4\n|\n|t:|1788230634\n|move|p1b: Blaziken|Detect|p1b: Blaziken\n|-singleturn|p1b: Blaziken|Protect\n|move|p1a: Araquanid|Protect|p1a: Araquanid\n|-singleturn|p1a: Araquanid|Protect\n|move|p2b: Maushold|Population Bomb|p1b: Blaziken\n|-activate|p1b: Blaziken|move: Protect\n|move|p2a: Vanilluxe|Freeze-Dry|p1a: Araquanid\n|-activate|p1a: Araquanid|move: Protect\n|\n|-weather|Snowscape|[upkeep]\n|-ability|p1b: Blaziken|Speed Boost|boost\n|-boost|p1b: Blaziken|spe|1\n|upkeep\n|turn|5\n|\n|t:|1788230651\n|switch|p2b: Sableye|Sableye, L50, F|100/100\n|move|p2a: Vanilluxe|Protect|p2a: Vanilluxe\n|-singleturn|p2a: Vanilluxe|Protect\n|move|p1b: Blaziken|Aura Sphere|p2b: Sableye\n|-immune|p2b: Sableye\n|move|p1a: Araquanid|Liquidation|p2a: Vanilluxe\n|-activate|p2a: Vanilluxe|move: Protect\n|\n|-weather|Snowscape|[upkeep]\n|-ability|p1b: Blaziken|Speed Boost|boost\n|-boost|p1b: Blaziken|spe|1\n|upkeep\n|turn|6\n|\n|t:|1788230677\n|move|p2b: Sableye|Fake Out|p1b: Blaziken\n|-damage|p1b: Blaziken|87/100\n|cant|p1b: Blaziken|flinch\n|move|p2a: Vanilluxe|Freeze-Dry|p1a: Araquanid\n|-supereffective|p1a: Araquanid|1\n|-damage|p1a: Araquanid|32/100\n|move|p1a: Araquanid|Liquidation|p2a: Vanilluxe\n|-damage|p2a: Vanilluxe|0 fnt\n|faint|p2a: Vanilluxe\n|\n|-weather|Snowscape|[upkeep]\n|-ability|p1b: Blaziken|Speed Boost|boost\n|-boost|p1b: Blaziken|spe|1\n|upkeep\n|\n|t:|1788230697\n|switch|p2a: Maushold|Maushold, L50|100/100\n|turn|7\n|\n|t:|1788230703\n|move|p2b: Sableye|Quash|p1b: Blaziken\n|-activate|p1b: Blaziken|move: Quash\n|move|p2a: Maushold|Population Bomb|p1b: Blaziken\n|-damage|p1b: Blaziken|72/100\n|-crit|p1b: Blaziken\n|-damage|p1b: Blaziken|46/100\n|-damage|p1b: Blaziken|29/100\n|-damage|p1b: Blaziken|13/100\n|-damage|p1b: Blaziken|0 fnt\n|faint|p1b: Blaziken\n|-hitcount|p1: Blaziken|5\n|move|p1a: Araquanid|Liquidation|p2b: Sableye\n|-damage|p2b: Sableye|3/100\n|\n|-weather|none\n|upkeep\n|turn|8\n|-message|thecrazur forfeited.\n|\n|win|cmass809\n|raw|thecrazur's rating: 1254 &rarr; <strong>1231</strong><br />(-23 for losing)\n|raw|cmass809's rating: 1276 &rarr; <strong>1299</strong><br />(+23 for winning)\n|l|☆thecrazur\n|player|p1|\n","uploadtime":1788230722,"views":"12","formatid":"gen9championsvgc2026regmbbo3","rating":1231,"private":0,"password":null}