{"id":"gen9championsvgc2026regmb-2673981308","format":"[Gen 9 Champions] VGC 2026 Reg M-B","players":["wobrangenau","MoScarada"],"log":"|j|☆wobrangenau\n|j|☆MoScarada\n|html|<table width=\"100%\"><tr><td align=\"left\">wobrangenau</td><td align=\"right\">MoScarada</tr><tr><td align=\"left\"><i class=\"fa fa-circle-o\"></i> <i class=\"fa fa-circle-o\"></i> </td><td align=\"right\"><i class=\"fa fa-circle-o\"></i> <i class=\"fa fa-circle-o\"></i> </tr></table>\n|uhtml|bestof|<h2><strong>Game 1</strong> of <a href=\"/game-bestof3-gen9championsvgc2026regmb-2673981307\">a best-of-3</a></h2>\n|t:|1788284495\n|gametype|doubles\n|player|p1|wobrangenau|gentleman|\n|player|p2|MoScarada|169|\n|gen|9\n|tier|[Gen 9 Champions] VGC 2026 Reg M-B\n|rule|Species Clause: Limit one of each Pokémon\n|rule|Item Clause: Limit 1 of each item\n|raw|<div class=\"infobox\"><details class=\"readmore\" open><summary><strong>1 custom rule:</strong></summary> Best of = 3</details></div>\n|clearpoke\n|poke|p1|Eelektross, L50, M|\n|poke|p1|Raichu, L50, M, shiny|\n|poke|p1|Garchomp, L50, M|\n|poke|p1|Whimsicott, L50, F, shiny|\n|poke|p1|Gardevoir, L50, F, shiny|\n|poke|p1|Kingambit, L50, M|\n|poke|p2|Froslass, L50, F|\n|poke|p2|Scovillain, L50, M|\n|poke|p2|Lycanroc-Dusk, L50, F|\n|poke|p2|Kingambit, L50, M|\n|poke|p2|Basculegion, L50, M|\n|poke|p2|Sneasler, L50, F|\n|teampreview|4\nMoScarada has agreed to open team sheets.\nwobrangenau has agreed to open team sheets.\n|showteam|p1|Eelektross||Eelektrossite|Levitate|Discharge,Flamethrower,Protect,GrassKnot|Modest||M|||50|]Raichu||RaichuniteX|LightningRod|FakeOut,RisingVoltage,Protect,Electroweb|Modest||M|||50|]Garchomp||LifeOrb|RoughSkin|Earthquake,DragonClaw,Protect,RockSlide|Adamant||M|||50|]Whimsicott||FocusSash|Prankster|Moonblast,Encore,Protect,Tailwind|Timid||F|||50|]Gardevoir||SitrusBerry|Telepathy|Moonblast,Psychic,Protect,TrickRoom|Bold||F|||50|]Kingambit||ChopleBerry|Defiant|SuckerPunch,KowtowCleave,IronHead,LowKick|Adamant||M|||50|\n|showteam|p2|Froslass||Froslassite|CursedBody|Blizzard,ShadowBall,Protect,AuroraVeil|Modest||F|||50|]Scovillain||Scovillainite|Moody|Overheat,GigaDrain,RagePowder,Protect|Modest||M|||50|]Lycanroc-Dusk||FocusSash|ToughClaws|RockSlide,CloseCombat,Accelerock,Protect|Adamant||F|||50|]Kingambit||BlackGlasses|Defiant|KowtowCleave,SuckerPunch,SwordsDance,Protect|Adamant||M|||50|]Basculegion||LifeOrb|Adaptability|WaveCrash,LastRespects,AquaJet,Protect|Adamant||M|||50|]Sneasler||WhiteHerb|Unburden|DireClaw,CloseCombat,Protect,FakeOut|Jolly||F|||50|\n|\n|t:|1788284603\n|teamsize|p1|4\n|teamsize|p2|4\n|start\n|switch|p1a: Eelektross|Eelektross, L50, M|100/100\n|switch|p1b: Garchomp|Garchomp, L50, M|100/100\n|switch|p2a: Sneasler|Sneasler, L50, F|100/100\n|switch|p2b: Kingambit|Kingambit, L50, M|100/100\n|turn|1\n|\n|t:|1788284637\n|detailschange|p1a: Eelektross|Eelektross-Mega, L50, M\n|-mega|p1a: Eelektross|Eelektross|Eelektrossite\n|move|p2a: Sneasler|Fake Out|p1b: Garchomp\n|-damage|p1b: Garchomp|88/100\n|-damage|p2a: Sneasler|87/100|[from] ability: Rough Skin|[of] p1b: Garchomp\n|cant|p1b: Garchomp|flinch\n|move|p1a: Eelektross|Flamethrower|p2b: Kingambit\n|-supereffective|p2b: Kingambit|1\n|-damage|p2b: Kingambit|33/100\n|move|p2b: Kingambit|Kowtow Cleave|p1b: Garchomp\n|-crit|p1b: Garchomp\n|-damage|p1b: Garchomp|12/100\n|-damage|p2b: Kingambit|21/100|[from] ability: Rough Skin|[of] p1b: Garchomp\n|\n|upkeep\n|turn|2\n|\n|t:|1788284677\n|switch|p1b: Raichu|Raichu, L50, M, shiny|100/100\n|move|p2b: Kingambit|Sucker Punch||[still]\n|-fail|p2b: Kingambit\n|move|p2a: Sneasler|Close Combat|p1a: Eelektross\n|-damage|p1a: Eelektross|34/100\n|-unboost|p2a: Sneasler|def|1\n|-unboost|p2a: Sneasler|spd|1\n|-enditem|p2a: Sneasler|White Herb\n|-clearnegativeboost|p2a: Sneasler|[silent]\n|move|p1a: Eelektross|Discharge|p2a: Sneasler|[spread] p2a,p2b\n|-ability|p1b: Raichu|Lightning Rod|boost\n|-boost|p1b: Raichu|spa|1\n|-damage|p2a: Sneasler|37/100\n|-damage|p2b: Kingambit|0 fnt\n|faint|p2b: Kingambit\n|-ability|p1a: Eelektross|Eelevate|boost\n|-boost|p1a: Eelektross|spa|1\n|\n|upkeep\n|\n|t:|1788284719\n|switch|p2b: Scovillain|Scovillain, L50, M|100/100\n|turn|3\n|\n|t:|1788284741\n|move|p2a: Sneasler|Protect|p2a: Sneasler\n|-singleturn|p2a: Sneasler|Protect\n|move|p2b: Scovillain|Protect|p2b: Scovillain\n|-singleturn|p2b: Scovillain|Protect\n|move|p1b: Raichu|Fake Out|p2a: Sneasler\n|-activate|p2a: Sneasler|move: Protect\n|move|p1a: Eelektross|Discharge|p2a: Sneasler|[spread] \n|-activate|p2a: Sneasler|move: Protect\n|-activate|p2b: Scovillain|move: Protect\n|-ability|p1b: Raichu|Lightning Rod|boost\n|-boost|p1b: Raichu|spa|1\n|\n|-ability|p2b: Scovillain|Moody|boost\n|-boost|p2b: Scovillain|atk|2\n|-unboost|p2b: Scovillain|spa|1\n|upkeep\n|turn|4\n|\n|t:|1788284783\n|detailschange|p2b: Scovillain|Scovillain-Mega, L50, M\n|-mega|p2b: Scovillain|Scovillain|Scovillainite\n|move|p1a: Eelektross|Protect|p1a: Eelektross\n|-singleturn|p1a: Eelektross|Protect\n|move|p2a: Sneasler|Close Combat|p1a: Eelektross\n|-activate|p1a: Eelektross|move: Protect\n|move|p1b: Raichu|Electroweb|p2b: Scovillain|[spread] p2a,p2b\n|-resisted|p2b: Scovillain|1\n|-damage|p2a: Sneasler|0 fnt\n|-damage|p2b: Scovillain|84/100\n|-unboost|p2b: Scovillain|spe|1\n|-status|p1b: Raichu|brn|[from] ability: Spicy Spray|[of] p2b: Scovillain\n|faint|p2a: Sneasler\n|move|p2b: Scovillain|Overheat|p1b: Raichu\n|-damage|p1b: Raichu|49/100 brn\n|-unboost|p2b: Scovillain|spa|2\n|\n|-damage|p1b: Raichu|43/100 brn|[from] brn\n|upkeep\n|\n|t:|1788284798\n|switch|p2a: Basculegion|Basculegion, L50, M|100/100\n|turn|5\n|\n|t:|1788284833\n|move|p2a: Basculegion|Protect|p2a: Basculegion\n|-singleturn|p2a: Basculegion|Protect\n|move|p1b: Raichu|Electroweb|p2b: Scovillain|[spread] p2b\n|-activate|p2a: Basculegion|move: Protect\n|-resisted|p2b: Scovillain|1\n|-damage|p2b: Scovillain|66/100\n|-unboost|p2b: Scovillain|spe|1\n|move|p1a: Eelektross|Discharge|p2a: Basculegion|[spread] p2b\n|-activate|p2a: Basculegion|move: Protect\n|-ability|p1b: Raichu|Lightning Rod|boost\n|-boost|p1b: Raichu|spa|1\n|-resisted|p2b: Scovillain|1\n|-damage|p2b: Scovillain|39/100\n|-status|p2b: Scovillain|par\n|-status|p1a: Eelektross|brn|[from] ability: Spicy Spray|[of] p2b: Scovillain\n|move|p2b: Scovillain|Overheat|p1b: Raichu\n|-damage|p1b: Raichu|6/100 brn\n|-unboost|p2b: Scovillain|spa|2\n|\n|-damage|p1b: Raichu|1/100 brn|[from] brn\n|-damage|p1a: Eelektross|28/100 brn|[from] brn\n|upkeep\n|turn|6\n|\n|t:|1788284862\n|move|p2a: Basculegion|Protect||[still]\n|-fail|p2a: Basculegion\n|cant|p2b: Scovillain|par\n|move|p1b: Raichu|Electroweb|p2a: Basculegion|[spread] p2a,p2b\n|-supereffective|p2a: Basculegion|1\n|-resisted|p2b: Scovillain|1\n|-damage|p2a: Basculegion|2/100\n|-damage|p2b: Scovillain|16/100 par\n|-unboost|p2a: Basculegion|spe|1\n|-unboost|p2b: Scovillain|spe|1\n|move|p1a: Eelektross|Discharge|p2b: Scovillain|[spread] p2a,p2b\n|-ability|p1b: Raichu|Lightning Rod|boost\n|-boost|p1b: Raichu|spa|1\n|-supereffective|p2a: Basculegion|1\n|-resisted|p2b: Scovillain|1\n|-damage|p2a: Basculegion|0 fnt\n|-damage|p2b: Scovillain|0 fnt\n|faint|p2a: Basculegion\n|faint|p2b: Scovillain\n|\n|win|wobrangenau\n|inactive|wobrangenau has 30 seconds to confirm battle start!\n|inactive|MoScarada has 30 seconds to confirm battle start!\n||MoScarada is ready for game 2.\n||wobrangenau is ready for game 2.\n|uhtml|next|Next: <a href=\"/battle-gen9championsvgc2026regmb-2673984614\"><strong>Game 2 of 3</strong></a>\n","uploadtime":1788286167,"views":"22","formatid":"gen9championsvgc2026regmb","rating":null,"private":0,"password":null}