{"id":"gen9championsvgc2026regmb-2673872431","format":"[Gen 9 Champions] VGC 2026 Reg M-B","players":["resi deux","Thornlace48812"],"log":"|j|☆resi deux\n|j|☆Thornlace48812\n|t:|1788271377\n|gametype|doubles\n|player|p1|resi deux|169|1201\n|player|p2|Thornlace48812|102|1131\n|gen|9\n|tier|[Gen 9 Champions] VGC 2026 Reg M-B\n|rated|\n|rule|Species Clause: Limit one of each Pokémon\n|rule|Item Clause: Limit 1 of each item\n|clearpoke\n|poke|p1|Staraptor, L50, M|\n|poke|p1|Grimmsnarl, L50, M|\n|poke|p1|Vaporeon, L50, F|\n|poke|p1|Mamoswine, L50, M|\n|poke|p1|Drampa, L50, M|\n|poke|p1|Gholdengo, L50|\n|poke|p2|Garchomp, L50, M|\n|poke|p2|Charizard, L50, M|\n|poke|p2|Whimsicott, L50, F|\n|poke|p2|Sylveon, L50, F|\n|poke|p2|Kingambit, L50, F|\n|poke|p2|Basculegion, L50, M|\n|teampreview|4\n|inactive|Battle timer is ON: inactive players will automatically lose when time's up. (requested by Thornlace48812)\nThornlace48812 rejected open team sheets.\n|inactive|resi deux has 60 seconds left.\n|\n|t:|1788271415\n|teamsize|p1|4\n|teamsize|p2|4\n|start\n|switch|p1a: Mamoswine|Mamoswine, L50, M|100/100\n|switch|p1b: Gholdengo|Gholdengo, L50|100/100\n|switch|p2a: Sylveon|Sylveon, L50, F|100/100\n|switch|p2b: Charizard|Charizard, L50, M|100/100\n|turn|1\n|\n|t:|1788271440\n|switch|p1b: Vaporeon|Vaporeon, L50, F|100/100\n|detailschange|p2b: Charizard|Charizard-Mega-Y, L50, M\n|-mega|p2b: Charizard|Charizard|Charizardite Y\n|-weather|SunnyDay|[from] ability: Drought|[of] p2b: Charizard\n|move|p2b: Charizard|Heat Wave|p1a: Mamoswine|[spread] p1a,p1b\n|-supereffective|p1a: Mamoswine|1\n|-resisted|p1b: Vaporeon|1\n|-damage|p1a: Mamoswine|16/100\n|-damage|p1b: Vaporeon|72/100\n|-status|p1b: Vaporeon|brn\n|move|p1a: Mamoswine|Rock Slide|p2a: Sylveon|[spread] p2b\n|-miss|p1a: Mamoswine|p2a: Sylveon\n|-supereffective|p2b: Charizard|2\n|-damage|p2b: Charizard|0 fnt\n|faint|p2b: Charizard\n|move|p2a: Sylveon|Hyper Voice|p1b: Vaporeon|[spread] p1a,p1b\n|-damage|p1a: Mamoswine|0 fnt\n|-damage|p1b: Vaporeon|37/100 brn\n|faint|p1a: Mamoswine\n|\n|-weather|SunnyDay|[upkeep]\n|-heal|p1b: Vaporeon|43/100 brn|[from] item: Leftovers\n|-damage|p1b: Vaporeon|37/100 brn|[from] brn\n|upkeep\n|\n|t:|1788271460\n|switch|p2b: Garchomp|Garchomp, L50, M|100/100\n|switch|p1a: Gholdengo|Gholdengo, L50|100/100\n|turn|2\n|\n|t:|1788271468\n|move|p1a: Gholdengo|Make It Rain|p2b: Garchomp|[spread] p2a,p2b\n|-supereffective|p2a: Sylveon|1\n|-crit|p2b: Garchomp\n|-damage|p2a: Sylveon|23/100\n|-damage|p2b: Garchomp|11/100\n|-unboost|p1a: Gholdengo|spa|2\n|move|p2b: Garchomp|Dragon Claw|p1b: Vaporeon\n|-damage|p1b: Vaporeon|1/100 brn\n|-damage|p2b: Garchomp|2/100|[from] item: Life Orb\n|move|p2a: Sylveon|Hyper Voice|p1a: Gholdengo|[spread] p1a,p1b\n|-resisted|p1a: Gholdengo|1\n|-damage|p1a: Gholdengo|71/100\n|-damage|p1b: Vaporeon|0 fnt\n|faint|p1b: Vaporeon\n|\n|-weather|SunnyDay|[upkeep]\n|upkeep\n|\n|t:|1788271483\n|switch|p1b: Drampa|Drampa, L50, M|100/100\n|-ability|p1b: Drampa|Cloud Nine\n|turn|3\n|\n|t:|1788271489\n|move|p1b: Drampa|Protect|p1b: Drampa\n|-singleturn|p1b: Drampa|Protect\n|move|p1a: Gholdengo|Make It Rain|p2b: Garchomp|[spread] p2a,p2b\n|-supereffective|p2a: Sylveon|1\n|-damage|p2a: Sylveon|0 fnt\n|-damage|p2b: Garchomp|0 fnt\n|-unboost|p1a: Gholdengo|spa|2\n|faint|p2a: Sylveon\n|faint|p2b: Garchomp\n|\n|-weather|SunnyDay|[upkeep]\n|upkeep\n|\n|t:|1788271489\n|switch|p2a: Basculegion|Basculegion, L50, M|100/100\n|turn|4\n|\n|t:|1788271501\n|move|p1a: Gholdengo|Make It Rain|p2a: Basculegion\n|-resisted|p2a: Basculegion|1\n|-damage|p2a: Basculegion|88/100\n|-unboost|p1a: Gholdengo|spa|2\n|move|p2a: Basculegion|Last Respects|p1a: Gholdengo\n|-supereffective|p1a: Gholdengo|1\n|-damage|p1a: Gholdengo|0 fnt\n|faint|p1a: Gholdengo\n|move|p1b: Drampa|Energy Ball|p2a: Basculegion\n|-supereffective|p2a: Basculegion|1\n|-damage|p2a: Basculegion|6/100\n|-unboost|p2a: Basculegion|spd|1\n|\n|-weather|SunnyDay|[upkeep]\n|upkeep\n|turn|5\n|\n|t:|1788271514\n|move|p2a: Basculegion|Wave Crash|p1b: Drampa\n|-resisted|p1b: Drampa|1\n|-damage|p1b: Drampa|40/100\n|-damage|p2a: Basculegion|0 fnt|[from] Recoil\n|faint|p2a: Basculegion\n|\n|win|resi deux\n|raw|resi deux's rating: 1201 &rarr; <strong>1221</strong><br />(+20 for winning)\n|raw|Thornlace48812's rating: 1128 &rarr; <strong>1108</strong><br />(-20 for losing)\n","uploadtime":1788271514,"views":"4","formatid":"gen9championsvgc2026regmb","rating":1108,"private":0,"password":null}