{"id":"gen9championsvgc2026regmb-2674872989","format":"[Gen 9 Champions] VGC 2026 Reg M-B","players":["carrotbeafsteak","oreo_stars"],"log":"|j|☆carrotbeafsteak\n|j|☆oreo_stars\n|html|<table width=\"100%\"><tr><td align=\"left\">carrotbeafsteak</td><td align=\"right\">oreo_stars</tr><tr><td align=\"left\"><i class=\"fa fa-circle\"></i> <i class=\"fa fa-circle-o\"></i> </td><td align=\"right\"><i class=\"fa fa-circle-o\"></i> <i class=\"fa fa-circle\"></i> </tr></table>\n|uhtml|bestof|<h2><strong>Game 3</strong> of <a href=\"/game-bestof3-gen9championsvgc2026regmb-2674871254\">a best-of-3</a></h2>\n|t:|1788426271\n|gametype|doubles\n|player|p1|carrotbeafsteak|1|\n|player|p2|oreo_stars|265|\n|gen|9\n|tier|[Gen 9 Champions] VGC 2026 Reg M-B\n|rated|Tournament battle\n|rule|Species Clause: Limit one of each Pokémon\n|rule|Item Clause: Limit 1 of each item\n|raw|<div class=\"infobox\"><details class=\"readmore\" open><summary><strong>2 custom rules:</strong></summary> Force Open Team Sheets, Best of = 3</details></div>\n|clearpoke\n|poke|p1|Simipour, L50, M|\n|poke|p1|Simisage, L50, M|\n|poke|p1|Simisear, L50, F|\n|poke|p1|Pelipper, L50, M|\n|poke|p1|Torkoal, L50, F|\n|poke|p1|Gyarados, L50, M|\n|poke|p2|Venusaur, L50, M|\n|poke|p2|Primarina, L50, M|\n|poke|p2|Kingambit, L50, F|\n|poke|p2|Farigiraf, L50, F|\n|poke|p2|Torkoal, L50, M|\n|poke|p2|Blaziken, L50, M|\n|teampreview|4\n|showteam|p1|Simipour||ChoiceScarf|Torrent|HydroPump,IceBeam,IcyWind,FlipTurn|Timid||M|||50|]Simisage||LifeOrb|Overgrow|FakeOut,RockSlide,SolarBlade,LowKick|Jolly||M|||50|]Simisear||FocusSash|Blaze|FakeOut,FireBlast,HeatWave,NastyPlot|Modest||F|||50|]Pelipper||SitrusBerry|Drizzle|Hurricane,MuddyWater,Tailwind,WideGuard|Bold||M|||50|]Torkoal||Leftovers|Drought|Eruption,Fissure,HelpingHand,Yawn|Relaxed||F|||50|]Gyarados||Gyaradosite|Intimidate|Protect,Waterfall,Crunch,DragonDance|Adamant||M|||50|\n|showteam|p2|Venusaur||OccaBerry|Chlorophyll|LeafStorm,SludgeBomb,SleepPowder,Protect|Timid||M|||50|]Primarina||LifeOrb|LiquidVoice|Protect,HyperVoice,Moonblast,AquaJet|Quiet||M|||50|]Kingambit||FocusSash|Defiant|KowtowCleave,SuckerPunch,IronHead,Protect|Adamant||F|||50|]Farigiraf||SitrusBerry|ArmorTail|Psychic,Thunderbolt,Protect,TrickRoom|Bold||F|||50|]Torkoal||Charcoal|Drought|WeatherBall,HelpingHand,Eruption,Protect|Quiet||M|||50|]Blaziken||Blazikenite|SpeedBoost|FlareBlitz,CloseCombat,RockSlide,Detect|Adamant||M|||50|\n|inactive|Battle timer is ON: inactive players will automatically lose when time's up. (requested by oreo_stars)\n|\n|t:|1788426300\n|teamsize|p1|4\n|teamsize|p2|4\n|start\n|switch|p1a: Gyarados|Gyarados, L50, M|100/100\n|switch|p1b: Simipour|Simipour, L50, M|100/100\n|switch|p2a: Primarina|Primarina, L50, M|100/100\n|switch|p2b: Farigiraf|Farigiraf, L50, F|100/100\n|-ability|p1a: Gyarados|Intimidate|boost\n|-unboost|p2a: Primarina|atk|1\n|-unboost|p2b: Farigiraf|atk|1\n|turn|1\n|inactive|carrotbeafsteak has 30 seconds left.\n|inactive|oreo_stars has 30 seconds left.\n|inactive|carrotbeafsteak has 20 seconds left.\n|inactive|carrotbeafsteak has 15 seconds left.\n|\n|t:|1788426344\n|switch|p2b: Kingambit|Kingambit, L50, F|100/100\n|move|p1b: Simipour|Hydro Pump|p2b: Kingambit\n|-damage|p2b: Kingambit|52/100\n|move|p1a: Gyarados|Waterfall|p2a: Primarina\n|-resisted|p2a: Primarina|1\n|-damage|p2a: Primarina|77/100\n|move|p2a: Primarina|Moonblast|p1a: Gyarados\n|-crit|p1a: Gyarados\n|-damage|p1a: Gyarados|4/100\n|-unboost|p1a: Gyarados|spa|1\n|-damage|p2a: Primarina|67/100|[from] item: Life Orb\n|\n|upkeep\n|turn|2\n|j| endershovel\n|\n|t:|1788426366\n|switch|p2b: Farigiraf|Farigiraf, L50, F|100/100\n|detailschange|p1a: Gyarados|Gyarados-Mega, L50, M\n|-mega|p1a: Gyarados|Gyarados|Gyaradosite\n|-ability|p1a: Gyarados|Mold Breaker\n|move|p1b: Simipour|Hydro Pump|p2b: Farigiraf\n|-damage|p2b: Farigiraf|53/100\n|move|p1a: Gyarados|Waterfall|p2a: Primarina\n|-resisted|p2a: Primarina|1\n|-damage|p2a: Primarina|41/100\n|move|p2a: Primarina|Hyper Voice|p1a: Gyarados|[spread] p1a,p1b\n|-resisted|p1a: Gyarados|1\n|-resisted|p1b: Simipour|1\n|-crit|p1b: Simipour\n|-damage|p1a: Gyarados|0 fnt\n|-damage|p1b: Simipour|40/100\n|faint|p1a: Gyarados\n|-damage|p2a: Primarina|32/100|[from] item: Life Orb\n|\n|upkeep\n|\n|t:|1788426387\n|switch|p1a: Simisear|Simisear, L50, F|100/100\n|turn|3\n|\n|t:|1788426410\n|move|p2a: Primarina|Protect|p2a: Primarina\n|-singleturn|p2a: Primarina|Protect\n|move|p1b: Simipour|Hydro Pump|p2b: Farigiraf\n|-damage|p2b: Farigiraf|8/100\n|-enditem|p2b: Farigiraf|Sitrus Berry|[eat]\n|-heal|p2b: Farigiraf|33/100|[from] item: Sitrus Berry\n|move|p1a: Simisear|Fire Blast|p2b: Farigiraf\n|-damage|p2b: Farigiraf|0 fnt\n|faint|p2b: Farigiraf\n|\n|upkeep\n|\n|t:|1788426419\n|switch|p2b: Blaziken|Blaziken, L50, M|100/100\n|turn|4\n|\n|t:|1788426429\n|move|p2b: Blaziken|Detect|p2b: Blaziken\n|-singleturn|p2b: Blaziken|Protect\n|move|p2a: Primarina|Aqua Jet|p1a: Simisear\n|-supereffective|p1a: Simisear|1\n|-damage|p1a: Simisear|67/100\n|-damage|p2a: Primarina|22/100|[from] item: Life Orb\n|move|p1b: Simipour|Hydro Pump|p2a: Primarina\n|-resisted|p2a: Primarina|1\n|-damage|p2a: Primarina|4/100\n|move|p1a: Simisear|Fire Blast|p2a: Primarina\n|-resisted|p2a: Primarina|1\n|-damage|p2a: Primarina|0 fnt\n|faint|p2a: Primarina\n|\n|-ability|p2b: Blaziken|Speed Boost|boost\n|-boost|p2b: Blaziken|spe|1\n|upkeep\n|\n|t:|1788426433\n|switch|p2a: Kingambit|Kingambit, L50, F|52/100\n|turn|5\n|\n|t:|1788426455\n|detailschange|p2b: Blaziken|Blaziken-Mega, L50, M\n|-mega|p2b: Blaziken|Blaziken|Blazikenite\n|move|p2a: Kingambit|Sucker Punch|p1b: Simipour\n|-damage|p1b: Simipour|0 fnt\n|faint|p1b: Simipour\n|move|p2b: Blaziken|Rock Slide|p1a: Simisear|[miss]\n|-miss|p2b: Blaziken|p1a: Simisear\n|move|p1a: Simisear|Heat Wave|p2a: Kingambit|[spread] p2a,p2b\n|-supereffective|p2a: Kingambit|1\n|-resisted|p2b: Blaziken|1\n|-damage|p2a: Kingambit|0 fnt\n|-damage|p2b: Blaziken|78/100\n|faint|p2a: Kingambit\n|\n|-ability|p2b: Blaziken|Speed Boost|boost\n|-boost|p2b: Blaziken|spe|1\n|upkeep\n|c|☆oreo_stars|gg\n|\n|t:|1788426464\n|switch|p1b: Pelipper|Pelipper, L50, M|100/100\n|-weather|RainDance|[from] ability: Drizzle|[of] p1b: Pelipper\n|turn|6\n|c|☆carrotbeafsteak|gg\n|\n|t:|1788426471\n|move|p2b: Blaziken|Rock Slide|p1b: Pelipper|[spread] p1b\n|-miss|p2b: Blaziken|p1a: Simisear\n|-supereffective|p1b: Pelipper|1\n|-damage|p1b: Pelipper|55/100\n|move|p1a: Simisear|Fire Blast|p2b: Blaziken\n|-resisted|p2b: Blaziken|1\n|-damage|p2b: Blaziken|61/100\n|move|p1b: Pelipper|Hurricane|p2b: Blaziken\n|-supereffective|p2b: Blaziken|1\n|-damage|p2b: Blaziken|0 fnt\n|faint|p2b: Blaziken\n|\n|win|carrotbeafsteak\n","uploadtime":1788426471,"views":"1","formatid":"gen9championsvgc2026regmb","rating":null,"private":0,"password":null}