{"id":"gen9championsvgc2026regmb-2674588448","format":"[Gen 9 Champions] VGC 2026 Reg M-B","players":["matheusmes","RinaldoTemp"],"log":"|j|☆matheusmes\n|j|‽RinaldoTemp\n|t:|1788377313\n|gametype|doubles\n|player|p1|matheusmes|2|\n|player|p2|RinaldoTemp|pilot|\n|gen|9\n|tier|[Gen 9 Champions] VGC 2026 Reg M-B\n|rule|Species Clause: Limit one of each Pokémon\n|rule|Item Clause: Limit 1 of each item\n|clearpoke\n|poke|p1|Weavile, L50, M|\n|poke|p1|Tsareena, L50, F|\n|poke|p1|Clawitzer, L50, F|\n|poke|p1|Trevenant, L50, M|\n|poke|p1|Dragalge, L50, M|\n|poke|p1|Emboar, L50, F|\n|poke|p2|Blastoise, L50, M|\n|poke|p2|Gengar, L50, M|\n|poke|p2|Blaziken, L50, M|\n|poke|p2|Ampharos, L50, M|\n|poke|p2|Meganium, L50, F|\n|poke|p2|Rampardos, L50, M, shiny|\n|teampreview|4\nmatheusmes rejected open team sheets.\n|j| Vhplays\n|j| shoklcs\n|l| Vhplays\n|j| Vhplays\n|\n|t:|1788377479\n|teamsize|p1|4\n|teamsize|p2|4\n|start\n|switch|p1a: HP Lovecat|Weavile, L50, M|100/100\n|switch|p1b: Beico|Emboar, L50, F|100/100\n|switch|p2a: Blaziken|Blaziken, L50, M|100/100\n|switch|p2b: Ampharos|Ampharos, L50, M|100/100\n|turn|1\n|\n|t:|1788377553\n|switch|p2a: Meganium|Meganium, L50, F|100/100\n|move|p1a: HP Lovecat|Triple Axel|p2b: Ampharos\n|-damage|p2b: Ampharos|91/100\n|-damage|p2b: Ampharos|74/100\n|-crit|p2b: Ampharos\n|-damage|p2b: Ampharos|41/100\n|-hitcount|p2b: Ampharos|3\n|move|p1b: Beico|High Horsepower|p2b: Ampharos\n|-supereffective|p2b: Ampharos|1\n|-damage|p2b: Ampharos|0 fnt\n|faint|p2b: Ampharos\n|\n|upkeep\n|\n|t:|1788377563\n|switch|p2b: Blaziken|Blaziken, L50, M|100/100\n|turn|2\n|\n|t:|1788377584\n|move|p2a: Meganium|Protect|p2a: Meganium\n|-singleturn|p2a: Meganium|Protect\n|move|p1a: HP Lovecat|Triple Axel|p2a: Meganium\n|-activate|p2a: Meganium|move: Protect\n|move|p1b: Beico|High Horsepower|p2b: Blaziken\n|-supereffective|p2b: Blaziken|1\n|-damage|p2b: Blaziken|24/100\n|-enditem|p2b: Blaziken|Sitrus Berry|[eat]\n|-heal|p2b: Blaziken|48/100|[from] item: Sitrus Berry\n|move|p2b: Blaziken|Close Combat|p1a: HP Lovecat\n|-supereffective|p1a: HP Lovecat|2\n|-enditem|p1a: HP Lovecat|Focus Sash\n|-damage|p1a: HP Lovecat|1/100\n|-unboost|p2b: Blaziken|def|1\n|-unboost|p2b: Blaziken|spd|1\n|\n|-ability|p2b: Blaziken|Speed Boost|boost\n|-boost|p2b: Blaziken|spe|1\n|upkeep\n|turn|3\n|\n|t:|1788377633\n|move|p1a: HP Lovecat|Triple Axel|p2a: Meganium\n|-supereffective|p2a: Meganium|1\n|-damage|p2a: Meganium|82/100\n|-supereffective|p2a: Meganium|1\n|-damage|p2a: Meganium|54/100\n|-supereffective|p2a: Meganium|1\n|-damage|p2a: Meganium|12/100\n|-hitcount|p2a: Meganium|3\n|move|p1b: Beico|High Horsepower|p2b: Blaziken\n|-supereffective|p2b: Blaziken|1\n|-damage|p2b: Blaziken|0 fnt\n|faint|p2b: Blaziken\n|move|p2a: Meganium|Earth Power|p1b: Beico\n|-supereffective|p1b: Beico|1\n|-damage|p1b: Beico|47/100\n|-unboost|p1b: Beico|spd|1\n|\n|-heal|p2a: Meganium|18/100|[from] item: Leftovers\n|upkeep\n|\n|t:|1788377642\n|switch|p2b: Blastoise|Blastoise, L50, M|100/100\n|turn|4\n|\n|t:|1788377678\n|detailschange|p2b: Blastoise|Blastoise-Mega, L50, M\n|-mega|p2b: Blastoise|Blastoise|Blastoisinite\n|move|p2a: Meganium|Protect|p2a: Meganium\n|-singleturn|p2a: Meganium|Protect\n|move|p1a: HP Lovecat|Reversal|p2b: Blastoise\n|-damage|p2b: Blastoise|60/100\n|move|p1b: Beico|High Horsepower|p2a: Meganium\n|-activate|p2a: Meganium|move: Protect\n|move|p2b: Blastoise|Dragon Pulse|p1b: Beico\n|-crit|p1b: Beico\n|-damage|p1b: Beico|0 fnt\n|faint|p1b: Beico\n|\n|-heal|p2a: Meganium|24/100|[from] item: Leftovers\n|upkeep\n|\n|t:|1788377696\n|switch|p1b: Rita Cadillac|Tsareena, L50, F|100/100\n|turn|5\n|\n|t:|1788377719\n|move|p1a: HP Lovecat|Reversal|p2a: Meganium\n|-damage|p2a: Meganium|0 fnt\n|faint|p2a: Meganium\n|move|p1b: Rita Cadillac|Trop Kick|p2b: Blastoise\n|-supereffective|p2b: Blastoise|1\n|-damage|p2b: Blastoise|11/100\n|-unboost|p2b: Blastoise|atk|1\n|move|p2b: Blastoise|Dragon Pulse|p1b: Rita Cadillac\n|-damage|p1b: Rita Cadillac|51/100\n|\n|upkeep\n|turn|6\n|\n|t:|1788377734\n|move|p1a: HP Lovecat|Reversal|p2b: Blastoise\n|-damage|p2b: Blastoise|0 fnt\n|faint|p2b: Blastoise\n|\n|win|matheusmes\n","uploadtime":1788377739,"views":"11","formatid":"gen9championsvgc2026regmb","rating":null,"private":0,"password":null}