{"id":"gen9championsvgc2026regmbbo3-2674419967","format":"[Gen 9 Champions] VGC 2026 Reg M-B (Bo3)","players":["lux raymundi","nacholeon2007"],"log":"|j|☆lux raymundi\n|j|☆nacholeon2007\n|html|<table width=\"100%\"><tr><td align=\"left\">lux raymundi</td><td align=\"right\">nacholeon2007</tr><tr><td align=\"left\"><i class=\"fa fa-circle\"></i> <i class=\"fa fa-circle-o\"></i> </td><td align=\"right\"><i class=\"fa fa-circle-o\"></i> <i class=\"fa fa-circle-o\"></i> </tr></table>\n|uhtml|bestof|<h2><strong>Game 2</strong> of <a href=\"/game-bestof3-gen9championsvgc2026regmbbo3-2674418615\">a best-of-3</a></h2>\n|t:|1788357611\n|gametype|doubles\n|player|p1|lux raymundi|102|\n|player|p2|nacholeon2007|266|\n|gen|9\n|tier|[Gen 9 Champions] VGC 2026 Reg M-B (Bo3)\n|rule|Species Clause: Limit one of each Pokémon\n|rule|Item Clause: Limit 1 of each item\n|clearpoke\n|poke|p1|Sneasler, L50, M|\n|poke|p1|Blastoise, L50, M|\n|poke|p1|Kingambit, L50, M|\n|poke|p1|Incineroar, L50, M|\n|poke|p1|Delphox, L50, F|\n|poke|p1|Sinistcha, L50|\n|poke|p2|Staraptor, L50, F|\n|poke|p2|Arcanine-Hisui, L50, M|\n|poke|p2|Kingambit, L50, M|\n|poke|p2|Raichu, L50, M|\n|poke|p2|Farigiraf, L50, M|\n|poke|p2|Sylveon, L50, M|\n|teampreview|4\n|showteam|p1|Sneasler||FocusSash|PoisonTouch|PoisonJab,CloseCombat,FakeOut,QuickGuard|Jolly||M|||50|]Blastoise||Blastoisinite|RainDish|DarkPulse,WaterSpout,ShellSmash,Protect|Modest||M|||50|]Kingambit||LifeOrb|Defiant|KowtowCleave,SuckerPunch,SwordsDance,Protect|Adamant||M|||50|]Incineroar||SitrusBerry|Intimidate|FlareBlitz,ThroatChop,PartingShot,FakeOut|Careful||M|||50|]Delphox||Delphoxite|Blaze|HeatWave,NastyPlot,Psychic,Protect|Timid||F|||50|]Sinistcha||ColburBerry|Hospitality|MatchaGotcha,RagePowder,TrickRoom,LifeDew|Bold|||||50|\n|showteam|p2|Staraptor||Staraptite|Intimidate|BraveBird,CloseCombat,Tailwind,Protect|Jolly||F|||50|]Arcanine-Hisui||FocusSash|RockHead|FlareBlitz,HeadSmash,ExtremeSpeed,Protect|Jolly||M|||50|]Kingambit||LifeOrb|Defiant|KowtowCleave,SuckerPunch,SwordsDance,Protect|Adamant||M|||50|]Raichu||RaichuniteY|LightningRod|ZapCannon,FocusBlast,FakeOut,Protect|Timid||M|||50|]Farigiraf||SitrusBerry|ArmorTail|TwinBeam,HelpingHand,TrickRoom,Protect|Calm||M|||50|]Sylveon||FairyFeather|Pixilate|HyperVoice,HyperBeam,QuickAttack,Detect|Modest||M|||50|\n|j| JuanLucasRoca\n|\n|t:|1788357651\n|teamsize|p1|4\n|teamsize|p2|4\n|start\n|switch|p1a: Incineroar|Incineroar, L50, M|100/100\n|switch|p1b: Delphox|Delphox, L50, F|100/100\n|switch|p2a: Staraptor|Staraptor, L50, F|100/100\n|switch|p2b: Raichu|Raichu, L50, M|100/100\n|-ability|p2a: Staraptor|Intimidate|boost\n|-unboost|p1a: Incineroar|atk|1\n|-unboost|p1b: Delphox|atk|1\n|-ability|p1a: Incineroar|Intimidate|boost\n|-unboost|p2a: Staraptor|atk|1\n|-unboost|p2b: Raichu|atk|1\n|turn|1\n|\n|t:|1788357688\n|switch|p1a: Sinistcha|Sinistcha, L50|100/100\n|detailschange|p1b: Delphox|Delphox-Mega, L50, F\n|-mega|p1b: Delphox|Delphox|Delphoxite\n|detailschange|p2a: Staraptor|Staraptor-Mega, L50, F\n|-mega|p2a: Staraptor|Staraptor|Staraptite\n|move|p1b: Delphox|Protect|p1b: Delphox\n|-singleturn|p1b: Delphox|Protect\n|move|p2a: Staraptor|Close Combat|p1a: Sinistcha\n|-immune|p1a: Sinistcha\n|move|p2b: Raichu|Zap Cannon|p1b: Delphox\n|-activate|p1b: Delphox|move: Protect\n|\n|upkeep\n|turn|2\n|\n|t:|1788357730\n|move|p1a: Sinistcha|Rage Powder|p1a: Sinistcha\n|-singleturn|p1a: Sinistcha|move: Rage Powder\n|move|p1b: Delphox|Nasty Plot|p1b: Delphox\n|-boost|p1b: Delphox|spa|2\n|move|p2a: Staraptor|Brave Bird|p1a: Sinistcha\n|-supereffective|p1a: Sinistcha|1\n|-damage|p1a: Sinistcha|41/100\n|-damage|p2a: Staraptor|81/100|[from] Recoil\n|move|p2b: Raichu|Zap Cannon|p1a: Sinistcha\n|-resisted|p1a: Sinistcha|1\n|-damage|p1a: Sinistcha|23/100\n|-status|p1a: Sinistcha|par\n|\n|upkeep\n|turn|3\n|\n|t:|1788357752\n|move|p2a: Staraptor|Protect|p2a: Staraptor\n|-singleturn|p2a: Staraptor|Protect\n|move|p1a: Sinistcha|Rage Powder|p1a: Sinistcha\n|-singleturn|p1a: Sinistcha|move: Rage Powder\n|move|p1b: Delphox|Nasty Plot|p1b: Delphox\n|-boost|p1b: Delphox|spa|2\n|move|p2b: Raichu|Zap Cannon|p1a: Sinistcha\n|-resisted|p1a: Sinistcha|1\n|-damage|p1a: Sinistcha|2/100 par\n|\n|upkeep\n|turn|4\n|\n|t:|1788357767\n|move|p1a: Sinistcha|Rage Powder|p1a: Sinistcha\n|-singleturn|p1a: Sinistcha|move: Rage Powder\n|move|p1b: Delphox|Heat Wave|p2a: Staraptor|[spread] p2a,p2b\n|-damage|p2a: Staraptor|0 fnt\n|-damage|p2b: Raichu|0 fnt\n|faint|p2a: Staraptor\n|faint|p2b: Raichu\n|\n|upkeep\n|\n|t:|1788357772\n|switch|p2a: Sylveon|Sylveon, L50, M|100/100\n|switch|p2b: Arcanine|Arcanine-Hisui, L50, M|100/100\n|turn|5\n|\n|t:|1788357789\n|switch|p1a: Incineroar|Incineroar, L50, M|100/100\n|-ability|p1a: Incineroar|Intimidate|boost\n|-unboost|p2a: Sylveon|atk|1\n|-unboost|p2b: Arcanine|atk|1\n|move|p1b: Delphox|Protect|p1b: Delphox\n|-singleturn|p1b: Delphox|Protect\n|move|p2a: Sylveon|Quick Attack|p1a: Incineroar\n|-crit|p1a: Incineroar\n|-damage|p1a: Incineroar|81/100\n|move|p2b: Arcanine|Head Smash|p1b: Delphox\n|-activate|p1b: Delphox|move: Protect\n|\n|upkeep\n|turn|6\n|\n|t:|1788357824\n|move|p2b: Arcanine|Protect|p2b: Arcanine\n|-singleturn|p2b: Arcanine|Protect\n|move|p1a: Incineroar|Fake Out|p2b: Arcanine\n|-activate|p2b: Arcanine|move: Protect\n|move|p1b: Delphox|Psychic|p2a: Sylveon\n|-damage|p2a: Sylveon|0 fnt\n|faint|p2a: Sylveon\n|\n|upkeep\n|turn|7\n|\n|t:|1788357839\n|move|p1b: Delphox|Protect|p1b: Delphox\n|-singleturn|p1b: Delphox|Protect\n|move|p2b: Arcanine|Head Smash|p1b: Delphox\n|-activate|p1b: Delphox|move: Protect\n|move|p1a: Incineroar|Throat Chop|p2b: Arcanine\n|-damage|p2b: Arcanine|63/100\n|-start|p2b: Arcanine|Throat Chop|[silent]\n|\n|upkeep\n|turn|8\n|\n|t:|1788357851\n|move|p2b: Arcanine|Extreme Speed|p1b: Delphox\n|-damage|p1b: Delphox|75/100\n|move|p1b: Delphox|Psychic|p2b: Arcanine\n|-damage|p2b: Arcanine|0 fnt\n|faint|p2b: Arcanine\n|\n|win|lux raymundi\n|c|☆nacholeon2007|gg\n","uploadtime":1788357851,"views":"0","formatid":"gen9championsvgc2026regmbbo3","rating":null,"private":0,"password":null}