{"id":"gen9championsvgc2026regmbbo3-2673795812","format":"[Gen 9 Champions] VGC 2026 Reg M-B (Bo3)","players":["CaratroncoSun","utvjgbhkm"],"log":"|j|☆CaratroncoSun\n|j|☆utvjgbhkm\n|html|<table width=\"100%\"><tr><td align=\"left\">CaratroncoSun</td><td align=\"right\">utvjgbhkm</tr><tr><td align=\"left\"><i class=\"fa fa-circle\"></i> <i class=\"fa fa-circle-o\"></i> </td><td align=\"right\"><i class=\"fa fa-circle-o\"></i> <i class=\"fa fa-circle-o\"></i> </tr></table>\n|uhtml|bestof|<h2><strong>Game 2</strong> of <a href=\"/game-bestof3-gen9championsvgc2026regmbbo3-2673794015\">a best-of-3</a></h2>\n|t:|1788258501\n|gametype|doubles\n|player|p1|CaratroncoSun|170|1326\n|player|p2|utvjgbhkm|falkner|1229\n|gen|9\n|tier|[Gen 9 Champions] VGC 2026 Reg M-B (Bo3)\n|rated|\n|rule|Species Clause: Limit one of each Pokémon\n|rule|Item Clause: Limit 1 of each item\n|clearpoke\n|poke|p1|Charizard, L50, F, shiny|\n|poke|p1|Venusaur, L50, F, shiny|\n|poke|p1|Whimsicott, L50, M, shiny|\n|poke|p1|Basculegion, L50, M|\n|poke|p1|Tyranitar, L50, F|\n|poke|p1|Mamoswine, L50, F|\n|poke|p2|Delphox, L50, F|\n|poke|p2|Sneasler, L50, F|\n|poke|p2|Chesnaught, L50, M|\n|poke|p2|Garchomp, L50, M|\n|poke|p2|Raichu, L50, F|\n|poke|p2|Sinistcha, L50|\n|teampreview|4\n|showteam|p1|Charizard||CharizarditeY|Blaze|Protect,SolarBeam,HeatWave,AirSlash|Modest||F|||50|]Venusaur||WideLens|Chlorophyll|Protect,GigaDrain,EarthPower,SleepPowder|Modest||F|||50|]Whimsicott||FocusSash|Prankster|Protect,Moonblast,Tailwind,Encore|Timid||M|||50|]Basculegion||MysticWater|Adaptability|Protect,AquaJet,WaveCrash,LastRespects|Adamant||M|||50|]Tyranitar||Tyranitarite|SandStream|Protect,RockSlide,KnockOff,LowKick|Adamant||F|||50|]Mamoswine||LifeOrb|Oblivious|Protect,HighHorsepower,RockSlide,IceShard|Adamant||F|||50|\n|showteam|p2|Delphox||Delphoxite|Blaze|NastyPlot,Protect,HeatWave,Psychic|Timid||F|||50|]Sneasler||FocusSash|Unburden|FakeOut,RockSlide,CloseCombat,DireClaw|Jolly||F|||50|]Chesnaught||Leftovers|Bulletproof|DrainPunch,WoodHammer,WideGuard,SpikyShield|Adamant||M|||50|]Garchomp||ChoiceScarf|RoughSkin|DragonClaw,RockSlide,StompingTantrum,Earthquake|Adamant||M|||50|]Raichu||RaichuniteY|LightningRod|ZapCannon,FocusBlast,Protect,FakeOut|Timid||F|||50|]Sinistcha||SitrusBerry|Hospitality|Reflect,MatchaGotcha,RagePowder,TrickRoom|Calm|||||50|\n|inactive|Battle timer is ON: inactive players will automatically lose when time's up. (requested by CaratroncoSun)\n|\n|t:|1788258568\n|teamsize|p1|4\n|teamsize|p2|4\n|start\n|switch|p1a: Whimsicott|Whimsicott, L50, M, shiny|100/100\n|switch|p1b: Mamoswine|Mamoswine, L50, F|100/100\n|switch|p2a: Raichu|Raichu, L50, F|100/100\n|switch|p2b: Garchomp|Garchomp, L50, M|100/100\n|turn|1\n|inactive|utvjgbhkm has 30 seconds left.\n|inactive|utvjgbhkm has 20 seconds left.\n|inactive|utvjgbhkm has 15 seconds left.\n|inactive|utvjgbhkm has 10 seconds left.\n|\n|t:|1788258616\n|switch|p2b: Sneasler|Sneasler, L50, F|100/100\n|detailschange|p2a: Raichu|Raichu-Mega-Y, L50, F\n|-mega|p2a: Raichu|Raichu|Raichunite Y\n|move|p2a: Raichu|Fake Out|p1b: Mamoswine\n|-damage|p1b: Mamoswine|90/100\n|cant|p1b: Mamoswine|flinch\n|move|p1a: Whimsicott|Moonblast|p2a: Raichu\n|-damage|p2a: Raichu|40/100\n|\n|upkeep\n|turn|2\n|inactive|utvjgbhkm has 30 seconds left.\n|inactive|utvjgbhkm has 20 seconds left.\n|\n|t:|1788258652\n|move|p1a: Whimsicott|Protect|p1a: Whimsicott\n|-singleturn|p1a: Whimsicott|Protect\n|move|p2a: Raichu|Protect|p2a: Raichu\n|-singleturn|p2a: Raichu|Protect\n|move|p1b: Mamoswine|Protect|p1b: Mamoswine\n|-singleturn|p1b: Mamoswine|Protect\n|move|p2b: Sneasler|Dire Claw|p1a: Whimsicott\n|-activate|p1a: Whimsicott|move: Protect\n|\n|upkeep\n|turn|3\n|inactive|utvjgbhkm has 30 seconds left.\n|\n|t:|1788258678\n|switch|p2a: Sinistcha|Sinistcha, L50|100/100\n|move|p1a: Whimsicott|Tailwind|p1a: Whimsicott\n|-sidestart|p1: CaratroncoSun|move: Tailwind\n|move|p1b: Mamoswine|Ice Shard|p2a: Sinistcha\n|-supereffective|p2a: Sinistcha|1\n|-damage|p2a: Sinistcha|43/100\n|-enditem|p2a: Sinistcha|Sitrus Berry|[eat]\n|-heal|p2a: Sinistcha|67/100|[from] item: Sitrus Berry\n|-damage|p1b: Mamoswine|80/100|[from] item: Life Orb\n|move|p2b: Sneasler|Close Combat|p1b: Mamoswine\n|-supereffective|p1b: Mamoswine|1\n|-damage|p1b: Mamoswine|0 fnt\n|-unboost|p2b: Sneasler|def|1\n|-unboost|p2b: Sneasler|spd|1\n|faint|p1b: Mamoswine\n|\n|upkeep\n|\n|t:|1788258702\n|switch|p1b: Basculegion|Basculegion, L50, M|100/100\n|turn|4\n|\n|t:|1788258717\n|move|p1a: Whimsicott|Moonblast|p2b: Sneasler\n|-damage|p2b: Sneasler|23/100\n|move|p1b: Basculegion|Last Respects|p2a: Sinistcha\n|-supereffective|p2a: Sinistcha|1\n|-damage|p2a: Sinistcha|0 fnt\n|faint|p2a: Sinistcha\n|move|p2b: Sneasler|Dire Claw|p1a: Whimsicott\n|-supereffective|p1a: Whimsicott|2\n|-enditem|p1a: Whimsicott|Focus Sash\n|-damage|p1a: Whimsicott|1/100\n|-status|p1a: Whimsicott|psn\n|\n|-damage|p1a: Whimsicott|0 fnt|[from] psn\n|faint|p1a: Whimsicott\n|upkeep\n|\n|t:|1788258736\n|switch|p1a: Tyranitar|Tyranitar, L50, F|100/100\n|switch|p2a: Raichu|Raichu-Mega-Y, L50, F|40/100\n|-weather|Sandstorm|[from] ability: Sand Stream|[of] p1a: Tyranitar\n|turn|5\n|inactive|CaratroncoSun has 30 seconds left.\n|inactive|utvjgbhkm has 30 seconds left.\n|\n|t:|1788258764\n|switch|p2b: Garchomp|Garchomp, L50, M|100/100\n|move|p1a: Tyranitar|Protect|p1a: Tyranitar\n|-singleturn|p1a: Tyranitar|Protect\n|move|p1b: Basculegion|Last Respects|p2a: Raichu\n|-damage|p2a: Raichu|0 fnt\n|faint|p2a: Raichu\n|\n|-weather|Sandstorm|[upkeep]\n|-damage|p1b: Basculegion|93/100|[from] Sandstorm\n|upkeep\n|\n|t:|1788258775\n|switch|p2a: Sneasler|Sneasler, L50, F|23/100\n|turn|6\n|inactive|utvjgbhkm has 30 seconds left.\n|\n|t:|1788258807\n|detailschange|p1a: Tyranitar|Tyranitar-Mega, L50, F\n|-mega|p1a: Tyranitar|Tyranitar|Tyranitarite\n|move|p1b: Basculegion|Last Respects|p2b: Garchomp\n|-damage|p2b: Garchomp|12/100\n|move|p1a: Tyranitar|Knock Off|p2b: Garchomp\n|-damage|p2b: Garchomp|0 fnt\n|-damage|p1a: Tyranitar|87/100|[from] ability: Rough Skin|[of] p2b: Garchomp\n|-enditem|p2b: Garchomp|Choice Scarf|[from] move: Knock Off|[of] p1a: Tyranitar\n|faint|p2b: Garchomp\n|move|p2a: Sneasler|Close Combat|p1a: Tyranitar\n|-supereffective|p1a: Tyranitar|2\n|-damage|p1a: Tyranitar|0 fnt\n|-unboost|p2a: Sneasler|def|1\n|-unboost|p2a: Sneasler|spd|1\n|faint|p1a: Tyranitar\n|\n|-weather|Sandstorm|[upkeep]\n|-damage|p1b: Basculegion|87/100|[from] Sandstorm\n|-damage|p2a: Sneasler|18/100|[from] Sandstorm\n|-sideend|p1: CaratroncoSun|move: Tailwind\n|upkeep\n|turn|7\n|c|☆utvjgbhkm|ggwp\n|\n|t:|1788258827\n|move|p1b: Basculegion|Aqua Jet|p2a: Sneasler\n|-damage|p2a: Sneasler|0 fnt\n|faint|p2a: Sneasler\n|\n|win|CaratroncoSun\n|raw|CaratroncoSun's rating: 1326 &rarr; <strong>1341</strong><br />(+15 for winning)\n|raw|utvjgbhkm's rating: 1229 &rarr; <strong>1211</strong><br />(-18 for losing)\n","uploadtime":1788258827,"views":"3","formatid":"gen9championsvgc2026regmbbo3","rating":1211,"private":0,"password":null}