{"id":"gen9championsvgc2026regmb-2674761899","format":"[Gen 9 Champions] VGC 2026 Reg M-B","players":["sleepydrawer75","xm2thearteest"],"log":"|j|☆sleepydrawer75\n|j|☆xm2thearteest\n|t:|1788402152\n|gametype|doubles\n|player|p1|sleepydrawer75|ingo|\n|player|p2|xm2thearteest|sabrina|\n|gen|9\n|tier|[Gen 9 Champions] VGC 2026 Reg M-B\n|rule|Species Clause: Limit one of each Pokémon\n|rule|Item Clause: Limit 1 of each item\n|clearpoke\n|poke|p1|Scrafty, L50, M, shiny|\n|poke|p1|Toxapex, L50, M, shiny|\n|poke|p1|Vileplume, L50, F|\n|poke|p1|Torkoal, L50, M|\n|poke|p1|Staraptor, L50, M, shiny|\n|poke|p1|Rotom-Wash, L50, shiny|\n|poke|p2|Garchomp, L50, F|\n|poke|p2|Scovillain, L50, F|\n|poke|p2|Basculegion, L50, M|\n|poke|p2|Froslass, L50, F|\n|poke|p2|Sableye, L50, M|\n|poke|p2|Milotic, L50, F|\n|teampreview|4\n|inactive|Battle timer is ON: inactive players will automatically lose when time's up. (requested by xm2thearteest)\n|c|☆sleepydrawer75|do u like my team\n|\n|t:|1788402184\n|teamsize|p1|4\n|teamsize|p2|4\n|start\n|switch|p1a: Upchuck|Rotom-Wash, L50, shiny|100/100\n|switch|p1b: Adventurine|Staraptor, L50, M, shiny|100/100\n|switch|p2a: slide them rocks|Garchomp, L50, F|100/100\n|switch|p2b: ragebaiter 2|Sableye, L50, M|100/100\n|-ability|p1b: Adventurine|Intimidate|boost\n|-unboost|p2a: slide them rocks|atk|1\n|-unboost|p2b: ragebaiter 2|atk|1\n|turn|1\n|\n|t:|1788402206\n|switch|p2a: noelle|Froslass, L50, F|100/100\n|move|p2b: ragebaiter 2|Light Screen|p2b: ragebaiter 2\n|-sidestart|p2: xm2thearteest|move: Light Screen\n|move|p1b: Adventurine|Final Gambit|p2a: noelle\n|-immune|p2a: noelle\n|move|p1a: Upchuck|Hydro Pump|p2a: noelle\n|-damage|p2a: noelle|44/100\n|\n|upkeep\n|turn|2\n|inactive|xm2thearteest has 30 seconds left.\n|\n|t:|1788402233\n|switch|p1b: Hank|Toxapex, L50, M, shiny|100/100\n|detailschange|p2a: noelle|Froslass-Mega, L50, F\n|-mega|p2a: noelle|Froslass|Froslassite\n|-weather|Snowscape|[from] ability: Snow Warning|[of] p2a: noelle\n|move|p2b: ragebaiter 2|Quash|p1a: Upchuck\n|-activate|p1a: Upchuck|move: Quash\n|move|p2a: noelle|Shadow Ball|p1a: Upchuck\n|-damage|p1a: Upchuck|37/100\n|-enditem|p1a: Upchuck|Sitrus Berry|[eat]\n|-heal|p1a: Upchuck|62/100|[from] item: Sitrus Berry\n|move|p1a: Upchuck|Thunderbolt|p2a: noelle\n|-damage|p2a: noelle|12/100\n|\n|-weather|Snowscape|[upkeep]\n|upkeep\n|turn|3\n|inactive|sleepydrawer75 has 30 seconds left.\n|\n|t:|1788402259\n|move|p1a: Upchuck|Protect|p1a: Upchuck\n|-singleturn|p1a: Upchuck|Protect\n|move|p2b: ragebaiter 2|Quash|p1a: Upchuck\n|-activate|p1a: Upchuck|move: Protect\n|move|p2a: noelle|Shadow Ball|p1b: Hank\n|-damage|p1b: Hank|70/100\n|move|p1b: Hank|Infestation|p2a: noelle\n|-resisted|p2a: noelle|1\n|-damage|p2a: noelle|10/100\n|-activate|p2a: noelle|move: Infestation|[of] p1b: Hank\n|\n|-weather|Snowscape|[upkeep]\n|-heal|p1b: Hank|76/100|[from] item: Leftovers\n|-damage|p2a: noelle|0 fnt|[from] move: Infestation|[partiallytrapped]\n|faint|p2a: noelle\n|upkeep\n|\n|t:|1788402266\n|switch|p2a: slide them rocks|Garchomp, L50, F|100/100\n|turn|4\n|\n|t:|1788402283\n|move|p2a: slide them rocks|Dragon Claw|p1a: Upchuck\n|-damage|p1a: Upchuck|0 fnt\n|faint|p1a: Upchuck\n|move|p2b: ragebaiter 2|Foul Play|p1b: Hank\n|-damage|p1b: Hank|58/100\n|move|p1b: Hank|Toxic|p2b: ragebaiter 2\n|-status|p2b: ragebaiter 2|tox\n|\n|-weather|Snowscape|[upkeep]\n|-heal|p1b: Hank|64/100|[from] item: Leftovers\n|-damage|p2b: ragebaiter 2|94/100 tox|[from] psn\n|upkeep\n|\n|t:|1788402291\n|switch|p1a: Adventurine|Staraptor, L50, M, shiny|100/100\n|-ability|p1a: Adventurine|Intimidate|boost\n|-unboost|p2a: slide them rocks|atk|1\n|-unboost|p2b: ragebaiter 2|atk|1\n|turn|5\n|inactive|xm2thearteest has 30 seconds left.\n|\n|t:|1788402321\n|move|p1b: Hank|Baneful Bunker|p1b: Hank\n|-singleturn|p1b: Hank|move: Protect\n|move|p2b: ragebaiter 2|Reflect|p2b: ragebaiter 2\n|-sidestart|p2: xm2thearteest|Reflect\n|move|p2a: slide them rocks|Dragon Claw|p1b: Hank\n|-activate|p1b: Hank|move: Protect\n|-status|p2a: slide them rocks|psn\n|move|p1a: Adventurine|Final Gambit|p2a: slide them rocks\n|-damage|p2a: slide them rocks|3/100 psn\n|faint|p1a: Adventurine\n|\n|-weather|Snowscape|[upkeep]\n|-heal|p1b: Hank|70/100|[from] item: Leftovers\n|-damage|p2a: slide them rocks|0 fnt|[from] psn\n|faint|p2a: slide them rocks\n|-damage|p2b: ragebaiter 2|82/100 tox|[from] psn\n|upkeep\n|\n|t:|1788402339\n|switch|p2a: snore mimimimi|Milotic, L50, F|100/100\n|switch|p1a: Betty Crocker|Scrafty, L50, M, shiny|100/100\n|-ability|p1a: Betty Crocker|Intimidate|boost\n|-unboost|p2a: snore mimimimi|atk|1\n|-ability|p2a: snore mimimimi|Competitive|boost\n|-boost|p2a: snore mimimimi|spa|2\n|-unboost|p2b: ragebaiter 2|atk|1\n|turn|6\n|\n|t:|1788402359\n|detailschange|p1a: Betty Crocker|Scrafty-Mega, L50, M, shiny\n|-mega|p1a: Betty Crocker|Scrafty|Scraftinite\n|-ability|p1a: Betty Crocker|Intimidate|boost\n|-unboost|p2a: snore mimimimi|atk|1\n|-ability|p2a: snore mimimimi|Competitive|boost\n|-boost|p2a: snore mimimimi|spa|2\n|-unboost|p2b: ragebaiter 2|atk|1\n|move|p1a: Betty Crocker|Fake Out|p2a: snore mimimimi\n|-damage|p2a: snore mimimimi|93/100\n|cant|p2a: snore mimimimi|flinch\n|move|p2b: ragebaiter 2|Foul Play|p1b: Hank\n|-damage|p1b: Hank|52/100\n|move|p1b: Hank|Toxic|p2a: snore mimimimi\n|-status|p2a: snore mimimimi|tox\n|\n|-weather|none\n|-heal|p1b: Hank|58/100|[from] item: Leftovers\n|-damage|p2a: snore mimimimi|87/100 tox|[from] psn\n|-damage|p2b: ragebaiter 2|65/100 tox|[from] psn\n|upkeep\n|turn|7\n|\n|t:|1788402382\n|move|p1b: Hank|Wide Guard|p1b: Hank\n|-singleturn|p1b: Hank|Wide Guard\n|move|p2a: snore mimimimi|Coil|p2a: snore mimimimi\n|-boost|p2a: snore mimimimi|atk|1\n|-boost|p2a: snore mimimimi|def|1\n|-boost|p2a: snore mimimimi|accuracy|1\n|move|p1a: Betty Crocker|Super Fang|p2a: snore mimimimi\n|-damage|p2a: snore mimimimi|43/100 tox\n|-enditem|p2a: snore mimimimi|Sitrus Berry|[eat]\n|-heal|p2a: snore mimimimi|68/100 tox|[from] item: Sitrus Berry\n|move|p2b: ragebaiter 2|Foul Play|p1b: Hank\n|-damage|p1b: Hank|41/100\n|\n|-heal|p1b: Hank|47/100|[from] item: Leftovers\n|-damage|p2a: snore mimimimi|56/100 tox|[from] psn\n|-damage|p2b: ragebaiter 2|42/100 tox|[from] psn\n|upkeep\n|turn|8\n|\n|t:|1788402404\n|move|p2a: snore mimimimi|Hydro Pump|p1a: Betty Crocker\n|-crit|p1a: Betty Crocker\n|-damage|p1a: Betty Crocker|1/100\n|move|p1a: Betty Crocker|Super Fang|p2a: snore mimimimi\n|-damage|p2a: snore mimimimi|28/100 tox\n|move|p2b: ragebaiter 2|Foul Play|p1b: Hank\n|-damage|p1b: Hank|28/100\n|move|p1b: Hank|Infestation|p2a: snore mimimimi\n|-damage|p2a: snore mimimimi|26/100 tox\n|-activate|p2a: snore mimimimi|move: Infestation|[of] p1b: Hank\n|\n|-heal|p1b: Hank|33/100|[from] item: Leftovers\n|-damage|p2a: snore mimimimi|8/100 tox|[from] psn\n|-damage|p2b: ragebaiter 2|14/100 tox|[from] psn\n|-damage|p2a: snore mimimimi|0 fnt|[from] move: Infestation|[partiallytrapped]\n|faint|p2a: snore mimimimi\n|-sideend|p2: xm2thearteest|move: Light Screen\n|upkeep\n|turn|9\n|c|☆xm2thearteest|brother\n|-message|xm2thearteest forfeited.\n|\n|win|sleepydrawer75\n|l|☆xm2thearteest\n|player|p2|\n|c|☆sleepydrawer75|evil team\n","uploadtime":1788402431,"views":"10","formatid":"gen9championsvgc2026regmb","rating":null,"private":0,"password":null}