{"id":"gen9championsvgc2026regmb-2674031027","format":"[Gen 9 Champions] VGC 2026 Reg M-B","players":["GhostCappy","jellyjam400"],"log":"|j|☆GhostCappy\n|j|☆jellyjam400\n|t:|1788290326\n|gametype|doubles\n|player|p1|GhostCappy|hilbert-wonderlauncher|1055\n|player|p2|jellyjam400|flannery|1146\n|gen|9\n|tier|[Gen 9 Champions] VGC 2026 Reg M-B\n|rated|\n|rule|Species Clause: Limit one of each Pokémon\n|rule|Item Clause: Limit 1 of each item\n|clearpoke\n|poke|p1|Raichu, L50, F|\n|poke|p1|Sneasler, L50, F|\n|poke|p1|Whimsicott, L50, F|\n|poke|p1|Kingambit, L50, F, shiny|\n|poke|p1|Dragonite, L50, F|\n|poke|p1|Sylveon, L50, M|\n|poke|p2|Charizard, L50, M|\n|poke|p2|Blastoise, L50, M|\n|poke|p2|Sneasler, L50, F, shiny|\n|poke|p2|Annihilape, L50, F|\n|poke|p2|Sinistcha-Masterpiece, L50|\n|poke|p2|Whimsicott, L50, F, shiny|\n|teampreview|4\njellyjam400 rejected open team sheets.\n|inactive|Battle timer is ON: inactive players will automatically lose when time's up. (requested by jellyjam400)\n|\n|t:|1788290396\n|teamsize|p1|4\n|teamsize|p2|4\n|start\n|switch|p1a: Raichu|Raichu, L50, F|100/100\n|switch|p1b: Dragonite|Dragonite, L50, F|100/100\n|switch|p2a: Charizard|Charizard, L50, M|100/100\n|switch|p2b: Whimsicott|Whimsicott, L50, F, shiny|100/100\n|turn|1\n|\n|t:|1788290415\n|detailschange|p1a: Raichu|Raichu-Mega-X, L50, F\n|-mega|p1a: Raichu|Raichu|Raichunite X\n|-fieldstart|move: Electric Terrain|[from] ability: Electric Surge|[of] p1a: Raichu\n|detailschange|p2a: Charizard|Charizard-Mega-X, L50, M\n|-mega|p2a: Charizard|Charizard|Charizardite X\n|move|p2a: Charizard|Protect|p2a: Charizard\n|-singleturn|p2a: Charizard|Protect\n|move|p1b: Dragonite|Extreme Speed|p2b: Whimsicott\n|-damage|p2b: Whimsicott|73/100\n|move|p2b: Whimsicott|Tailwind|p2b: Whimsicott\n|-sidestart|p2: jellyjam400|move: Tailwind\n|move|p1a: Raichu|Volt Tackle|p2a: Charizard\n|-activate|p2a: Charizard|move: Protect\n|\n|upkeep\n|turn|2\n|inactive|GhostCappy has 30 seconds left.\n|inactive|jellyjam400 has 30 seconds left.\n|inactive|GhostCappy has 20 seconds left.\n|inactive|jellyjam400 has 20 seconds left.\n|inactive|jellyjam400 has 15 seconds left.\n|inactive|jellyjam400 has 10 seconds left.\n|\n|t:|1788290462\n|switch|p2a: Sneasler|Sneasler, L50, F, shiny|100/100\n|move|p1a: Raichu|Protect|p1a: Raichu\n|-singleturn|p1a: Raichu|Protect\n|move|p1b: Dragonite|Protect|p1b: Dragonite\n|-singleturn|p1b: Dragonite|Protect\n|move|p2b: Whimsicott|Encore|p1b: Dragonite\n|-activate|p1b: Dragonite|move: Protect\n|\n|upkeep\n|turn|3\n|inactive|GhostCappy has 30 seconds left.\n|inactive|GhostCappy has 20 seconds left.\n|inactive|GhostCappy has 15 seconds left.\n|\n|t:|1788290505\n|switch|p1a: Sneasler|Sneasler, L50, F|100/100\n|move|p2a: Sneasler|Fake Out|p1b: Dragonite\n|-damage|p1b: Dragonite|81/100\n|move|p2b: Whimsicott|Encore||[still]\n|-fail|p2b: Whimsicott\n|move|p1b: Dragonite|Heat Wave|p2a: Sneasler|[spread] p2a,p2b\n|-supereffective|p2b: Whimsicott|1\n|-damage|p2a: Sneasler|71/100\n|-damage|p2b: Whimsicott|4/100\n|\n|upkeep\n|turn|4\n|inactive|jellyjam400 has 30 seconds left.\n|inactive|GhostCappy has 30 seconds left.\n|inactive|jellyjam400 has 20 seconds left.\n|\n|t:|1788290544\n|switch|p2b: Charizard|Charizard-Mega-X, L50, M|100/100\n|move|p1a: Sneasler|Protect|p1a: Sneasler\n|-singleturn|p1a: Sneasler|Protect\n|move|p1b: Dragonite|Extreme Speed|p2b: Charizard\n|-damage|p2b: Charizard|79/100\n|move|p2a: Sneasler|Coaching|p2b: Charizard\n|-boost|p2b: Charizard|atk|1\n|-boost|p2b: Charizard|def|1\n|\n|-sideend|p2: jellyjam400|move: Tailwind\n|upkeep\n|turn|5\n|inactive|GhostCappy has 30 seconds left.\n|inactive|GhostCappy has 20 seconds left.\n|inactive|GhostCappy has 15 seconds left.\n|inactive|GhostCappy has 10 seconds left.\n|\n|t:|1788290593\n|switch|p2a: Annihilape|Annihilape, L50, F|100/100\n|move|p1a: Sneasler|Close Combat|p2b: Charizard\n|-damage|p2b: Charizard|38/100\n|-unboost|p1a: Sneasler|def|1\n|-unboost|p1a: Sneasler|spd|1\n|-enditem|p1a: Sneasler|White Herb\n|-clearnegativeboost|p1a: Sneasler|[silent]\n|move|p1b: Dragonite|Heat Wave|p2b: Charizard|[spread] p2a,p2b\n|-resisted|p2b: Charizard|2\n|-crit|p2b: Charizard\n|-damage|p2a: Annihilape|79/100\n|-damage|p2b: Charizard|30/100\n|move|p2b: Charizard|Dragon Claw|p1b: Dragonite\n|-supereffective|p1b: Dragonite|1\n|-damage|p1b: Dragonite|0 fnt\n|faint|p1b: Dragonite\n|\n|-fieldend|move: Electric Terrain\n|upkeep\n|\n|t:|1788290613\n|switch|p1b: Kingambit|Kingambit, L50, F, shiny|100/100\n|turn|6\n|\n|t:|1788290634\n|move|p2b: Charizard|Protect|p2b: Charizard\n|-singleturn|p2b: Charizard|Protect\n|move|p1b: Kingambit|Sucker Punch|p2a: Annihilape\n|-damage|p2a: Annihilape|39/100\n|move|p1a: Sneasler|Close Combat|p2b: Charizard\n|-activate|p2b: Charizard|move: Protect\n|move|p2a: Annihilape|Drain Punch|p1b: Kingambit\n|-supereffective|p1b: Kingambit|2\n|-enditem|p1b: Kingambit|Chople Berry|[eat]\n|-enditem|p1b: Kingambit|Chople Berry|[weaken]\n|-damage|p1b: Kingambit|27/100\n|-heal|p2a: Annihilape|78/100|[from] drain|[of] p1b: Kingambit\n|\n|upkeep\n|turn|7\n|inactive|GhostCappy has 30 seconds left.\n|inactive|jellyjam400 has 30 seconds left.\n|inactive|GhostCappy has 20 seconds left.\n|\n|t:|1788290673\n|switch|p2b: Sneasler|Sneasler, L50, F, shiny|71/100\n|move|p1b: Kingambit|Sucker Punch||[still]\n|-fail|p1b: Kingambit\n|move|p1a: Sneasler|Dire Claw|p2b: Sneasler\n|-resisted|p2b: Sneasler|1\n|-damage|p2b: Sneasler|42/100\n|move|p2a: Annihilape|Rage Fist|p1a: Sneasler\n|-damage|p1a: Sneasler|0 fnt\n|faint|p1a: Sneasler\n|\n|upkeep\n|\n|t:|1788290683\n|switch|p1a: Raichu|Raichu-Mega-X, L50, F|100/100\n|-fieldstart|move: Electric Terrain|[from] ability: Electric Surge|[of] p1a: Raichu\n|turn|8\n|\n|t:|1788290701\n|move|p1a: Raichu|Protect|p1a: Raichu\n|-singleturn|p1a: Raichu|Protect\n|move|p2b: Sneasler|Fake Out|p1a: Raichu\n|-activate|p1a: Raichu|move: Protect\n|move|p1b: Kingambit|Sucker Punch|p2a: Annihilape\n|-damage|p2a: Annihilape|38/100\n|move|p2a: Annihilape|Drain Punch|p1b: Kingambit\n|-supereffective|p1b: Kingambit|2\n|-damage|p1b: Kingambit|0 fnt\n|-heal|p2a: Annihilape|53/100|[from] drain|[of] p1b: Kingambit\n|faint|p1b: Kingambit\n|\n|upkeep\n|turn|9\n|\n|t:|1788290724\n|move|p1a: Raichu|Volt Tackle|p2b: Sneasler\n|-damage|p2b: Sneasler|0 fnt\n|faint|p2b: Sneasler\n|-damage|p1a: Raichu|85/100|[from] Recoil\n|move|p2a: Annihilape|Rage Fist|p1a: Raichu\n|-damage|p1a: Raichu|0 fnt\n|faint|p1a: Raichu\n|\n|win|jellyjam400\n|raw|GhostCappy's rating: 1055 &rarr; <strong>1041</strong><br />(-14 for losing)\n|raw|jellyjam400's rating: 1146 &rarr; <strong>1165</strong><br />(+19 for winning)\n","uploadtime":1788290730,"views":"1","formatid":"gen9championsvgc2026regmb","rating":1041,"private":0,"password":null}