{"id":"gen9championsvgc2026regmb-2673980009","format":"[Gen 9 Champions] VGC 2026 Reg M-B","players":["MeatyTreaty024","ale_z_plumber"],"log":"|j|☆MeatyTreaty024\n|j|☆ale_z_plumber\n|t:|1788284346\n|gametype|doubles\n|player|p1|MeatyTreaty024|hiker-gen4|1501\n|player|p2|ale_z_plumber|102|1455\n|gen|9\n|tier|[Gen 9 Champions] VGC 2026 Reg M-B\n|rated|\n|rule|Species Clause: Limit one of each Pokémon\n|rule|Item Clause: Limit 1 of each item\n|clearpoke\n|poke|p1|Archaludon, L50, M|\n|poke|p1|Grimmsnarl, L50, M|\n|poke|p1|Pelipper, L50, M|\n|poke|p1|Swampert, L50, F|\n|poke|p1|Gengar, L50, F|\n|poke|p1|Incineroar, L50, M|\n|poke|p2|Tyranitar, L50, F|\n|poke|p2|Excadrill, L50, M|\n|poke|p2|Rotom-Wash, L50|\n|poke|p2|Sinistcha, L50|\n|poke|p2|Dragonite, L50, M|\n|poke|p2|Sylveon, L50, F|\n|teampreview|4\n|inactive|Battle timer is ON: inactive players will automatically lose when time's up. (requested by MeatyTreaty024)\n|\n|t:|1788284398\n|teamsize|p1|4\n|teamsize|p2|4\n|start\n|switch|p1a: Swampert|Swampert, L50, F|100/100\n|switch|p1b: Grimmsnarl|Grimmsnarl, L50, M|100/100\n|switch|p2a: Rotom|Rotom-Wash, L50|100/100\n|switch|p2b: Sylveon|Sylveon, L50, F|100/100\n|turn|1\n|inactive|MeatyTreaty024 has 30 seconds left.\n|inactive|ale_z_plumber has 30 seconds left.\n|\n|t:|1788284430\n|detailschange|p1a: Swampert|Swampert-Mega, L50, F\n|-mega|p1a: Swampert|Swampert|Swampertite\n|move|p1a: Swampert|Protect|p1a: Swampert\n|-singleturn|p1a: Swampert|Protect\n|move|p1b: Grimmsnarl|Light Screen|p1b: Grimmsnarl\n|-sidestart|p1: MeatyTreaty024|move: Light Screen\n|move|p2a: Rotom|Volt Switch|p1b: Grimmsnarl\n|-crit|p1b: Grimmsnarl\n|-damage|p1b: Grimmsnarl|58/100\n|\n|t:|1788284439\n|switch|p2a: Tyranitar|Tyranitar, L50, F|100/100|[from] Volt Switch\n|-weather|Sandstorm|[from] ability: Sand Stream|[of] p2a: Tyranitar\n|move|p2b: Sylveon|Hyper Voice|p1b: Grimmsnarl|[spread] p1b\n|-activate|p1a: Swampert|move: Protect\n|-supereffective|p1b: Grimmsnarl|1\n|-damage|p1b: Grimmsnarl|2/100\n|\n|-weather|Sandstorm|[upkeep]\n|-damage|p2b: Sylveon|93/100|[from] Sandstorm\n|-damage|p1b: Grimmsnarl|0 fnt|[from] Sandstorm\n|faint|p1b: Grimmsnarl\n|upkeep\n|inactive|MeatyTreaty024 has 30 seconds left.\n|\n|t:|1788284470\n|switch|p1b: Archaludon|Archaludon, L50, M|100/100\n|turn|2\n|\n|t:|1788284491\n|detailschange|p2a: Tyranitar|Tyranitar-Mega, L50, F\n|-mega|p2a: Tyranitar|Tyranitar|Tyranitarite\n|move|p1b: Archaludon|Protect|p1b: Archaludon\n|-singleturn|p1b: Archaludon|Protect\n|move|p1a: Swampert|Earthquake|p2b: Sylveon|[spread] p2a,p2b\n|-activate|p1b: Archaludon|move: Protect\n|-supereffective|p2a: Tyranitar|1\n|-damage|p2a: Tyranitar|41/100\n|-damage|p2b: Sylveon|39/100\n|move|p2a: Tyranitar|Knock Off|p1a: Swampert\n|-damage|p1a: Swampert|57/100\n|move|p2b: Sylveon|Hyper Voice|p1b: Archaludon|[spread] p1a\n|-activate|p1b: Archaludon|move: Protect\n|-damage|p1a: Swampert|27/100\n|\n|-weather|Sandstorm|[upkeep]\n|-damage|p2b: Sylveon|33/100|[from] Sandstorm\n|upkeep\n|turn|3\n|\n|t:|1788284515\n|switch|p1b: Pelipper|Pelipper, L50, M|100/100\n|-weather|RainDance|[from] ability: Drizzle|[of] p1b: Pelipper\n|switch|p2a: Rotom|Rotom-Wash, L50|100/100\n|move|p1a: Swampert|Earthquake|p2a: Rotom|[spread] p2b\n|-immune|p1b: Pelipper\n|-immune|p2a: Rotom|[from] ability: Levitate\n|-damage|p2b: Sylveon|0 fnt\n|faint|p2b: Sylveon\n|\n|-weather|RainDance|[upkeep]\n|upkeep\n|\n|t:|1788284530\n|switch|p2b: Tyranitar|Tyranitar-Mega, L50, F|41/100\n|-weather|Sandstorm|[from] ability: Sand Stream|[of] p2b: Tyranitar\n|turn|4\n|\n|t:|1788284548\n|switch|p1b: Archaludon|Archaludon, L50, M|100/100\n|move|p2a: Rotom|Hydro Pump|p1a: Swampert\n|-damage|p1a: Swampert|1/100\n|move|p1a: Swampert|Wave Crash|p2b: Tyranitar\n|-supereffective|p2b: Tyranitar|1\n|-damage|p2b: Tyranitar|0 fnt\n|faint|p2b: Tyranitar\n|-damage|p1a: Swampert|0 fnt|[from] Recoil\n|faint|p1a: Swampert\n|\n|-weather|Sandstorm|[upkeep]\n|-damage|p2a: Rotom|94/100|[from] Sandstorm\n|upkeep\n|\n|t:|1788284560\n|switch|p1a: Pelipper|Pelipper, L50, M|100/100\n|switch|p2b: Excadrill|Excadrill, L50, M|100/100\n|-weather|RainDance|[from] ability: Drizzle|[of] p1a: Pelipper\n|turn|5\n|\n|t:|1788284576\n|move|p2a: Rotom|Hydro Pump|p1a: Pelipper|[miss]\n|-miss|p2a: Rotom|p1a: Pelipper\n|move|p2b: Excadrill|Earthquake|p1b: Archaludon|[spread] p1b\n|-immune|p2a: Rotom|[from] ability: Levitate\n|-immune|p1a: Pelipper\n|-supereffective|p1b: Archaludon|1\n|-damage|p1b: Archaludon|36/100\n|-ability|p1b: Archaludon|Stamina|boost\n|-boost|p1b: Archaludon|def|1\n|move|p1b: Archaludon|Dragon Pulse|p2b: Excadrill\n|-resisted|p2b: Excadrill|1\n|-damage|p2b: Excadrill|76/100\n|move|p1a: Pelipper|Weather Ball|p2b: Excadrill\n|-supereffective|p2b: Excadrill|1\n|-damage|p2b: Excadrill|0 fnt\n|faint|p2b: Excadrill\n|\n|-weather|RainDance|[upkeep]\n|-heal|p1b: Archaludon|42/100|[from] item: Leftovers\n|upkeep\n|turn|6\n|-message|ale_z_plumber forfeited.\n|\n|win|MeatyTreaty024\n|raw|MeatyTreaty024's rating: 1501 &rarr; <strong>1518</strong><br />(+17 for winning)\n|raw|ale_z_plumber's rating: 1455 &rarr; <strong>1438</strong><br />(-17 for losing)\n|l|☆MeatyTreaty024\n|player|p1|\n|l|☆ale_z_plumber\n|player|p2|\n|j|☆ale_z_plumber\n|player|p2|ale_z_plumber|102|\n","uploadtime":1788284678,"views":"0","formatid":"gen9championsvgc2026regmb","rating":1438,"private":0,"password":null}