{"id":"gen9championsvgc2026regmb-2674586188","format":"[Gen 9 Champions] VGC 2026 Reg M-B","players":["ESTOYCHAMBEANDO","Quaaloods"],"log":"|j|☆ESTOYCHAMBEANDO\n|j|☆Quaaloods\n|t:|1788377041\n|gametype|doubles\n|player|p1|ESTOYCHAMBEANDO|266|1071\n|player|p2|Quaaloods|petrel|1148\n|gen|9\n|tier|[Gen 9 Champions] VGC 2026 Reg M-B\n|rated|\n|rule|Species Clause: Limit one of each Pokémon\n|rule|Item Clause: Limit 1 of each item\n|clearpoke\n|poke|p1|Greninja, L50, M, shiny|\n|poke|p1|Kingambit, L50, M, shiny|\n|poke|p1|Garchomp, L50, F, shiny|\n|poke|p1|Floette-Eternal, L50, F|\n|poke|p1|Incineroar, L50, M, shiny|\n|poke|p1|Sneasler, L50, F, shiny|\n|poke|p2|Ceruledge, L50, M|\n|poke|p2|Farigiraf, L50, F|\n|poke|p2|Sinistcha, L50|\n|poke|p2|Floette-Eternal, L50, F|\n|poke|p2|Incineroar, L50, M|\n|poke|p2|Golurk, L50|\n|teampreview|4\n|inactive|Battle timer is ON: inactive players will automatically lose when time's up. (requested by ESTOYCHAMBEANDO)\n|\n|t:|1788377100\n|teamsize|p1|4\n|teamsize|p2|4\n|start\n|switch|p1a: Incineroar|Incineroar, L50, M, shiny|100/100\n|switch|p1b: Greninja|Greninja, L50, M, shiny|100/100\n|switch|p2a: Deus Vult|Ceruledge, L50, M|100/100\n|switch|p2b: Télétubbies|Farigiraf, L50, F|100/100\n|-ability|p1a: Incineroar|Intimidate|boost\n|-unboost|p2a: Deus Vult|atk|1\n|-unboost|p2b: Télétubbies|atk|1\n|turn|1\n|inactive|ESTOYCHAMBEANDO has 30 seconds left.\n|\n|t:|1788377133\n|switch|p2a: Mojito|Sinistcha, L50|100/100\n|detailschange|p1b: Greninja|Greninja-Mega, L50, M, shiny\n|-mega|p1b: Greninja|Greninja|Greninjite\n|move|p1b: Greninja|Dark Pulse|p2b: Télétubbies\n|-start|p1b: Greninja|typechange|Dark|[from] ability: Protean\n|-supereffective|p2b: Télétubbies|1\n|-damage|p2b: Télétubbies|28/100\n|-enditem|p2b: Télétubbies|Sitrus Berry|[eat]\n|-heal|p2b: Télétubbies|53/100|[from] item: Sitrus Berry\n|move|p1a: Incineroar|Throat Chop|p2b: Télétubbies\n|-supereffective|p2b: Télétubbies|1\n|-damage|p2b: Télétubbies|2/100\n|-start|p2b: Télétubbies|Throat Chop|[silent]\n|move|p2b: Télétubbies|Trick Room|p2b: Télétubbies\n|-fieldstart|move: Trick Room|[of] p2b: Télétubbies\n|\n|upkeep\n|turn|2\n|inactive|Quaaloods has 30 seconds left.\n|inactive|Quaaloods has 20 seconds left.\n|inactive|Quaaloods has 15 seconds left.\n|\n|t:|1788377177\n|move|p1b: Greninja|Protect|p1b: Greninja\n|-singleturn|p1b: Greninja|Protect\n|move|p2b: Télétubbies|Ally Switch|p2b: Télétubbies\n|swap|p2b: Télétubbies|0|[from] move: Ally Switch\n|move|p1a: Incineroar|Flare Blitz|p2a: Télétubbies\n|-crit|p2a: Télétubbies\n|-damage|p2a: Télétubbies|0 fnt\n|faint|p2a: Télétubbies\n|-damage|p1a: Incineroar|99/100|[from] Recoil\n|move|p2b: Mojito|Strength Sap|p1a: Incineroar\n|-unboost|p1a: Incineroar|atk|1\n|\n|upkeep\n|inactive|Quaaloods has 30 seconds left.\n|\n|t:|1788377209\n|switch|p2a: Tomorrowland|Golurk, L50|100/100\n|turn|3\n|inactive|ESTOYCHAMBEANDO has 30 seconds left.\n|inactive|ESTOYCHAMBEANDO has 20 seconds left.\n|\n|t:|1788377248\n|detailschange|p2a: Tomorrowland|Golurk-Mega, L50\n|-mega|p2a: Tomorrowland|Golurk|Golurkite\n|move|p2b: Mojito|Rage Powder|p2b: Mojito\n|-singleturn|p2b: Mojito|move: Rage Powder\n|move|p2a: Tomorrowland|Close Combat|p1b: Greninja\n|-supereffective|p1b: Greninja|1\n|-damage|p1b: Greninja|0 fnt\n|-unboost|p2a: Tomorrowland|def|1\n|-unboost|p2a: Tomorrowland|spd|1\n|faint|p1b: Greninja\n|move|p1a: Incineroar|Parting Shot|p2b: Mojito\n|-unboost|p2b: Mojito|atk|1\n|-unboost|p2b: Mojito|spa|1\n|\n|t:|1788377258\n|switch|p1a: Kingambit|Kingambit, L50, M, shiny|100/100|[from] Parting Shot\n|\n|upkeep\n|\n|t:|1788377261\n|switch|p1b: Incineroar|Incineroar, L50, M, shiny|99/100\n|-ability|p1b: Incineroar|Intimidate|boost\n|-unboost|p2a: Tomorrowland|atk|1\n|-unboost|p2b: Mojito|atk|1\n|turn|4\n|\n|t:|1788377281\n|move|p2b: Mojito|Rage Powder|p2b: Mojito\n|-singleturn|p2b: Mojito|move: Rage Powder\n|move|p2a: Tomorrowland|Headlong Rush|p1a: Kingambit\n|-supereffective|p1a: Kingambit|1\n|-damage|p1a: Kingambit|21/100\n|-unboost|p2a: Tomorrowland|def|1\n|-unboost|p2a: Tomorrowland|spd|1\n|move|p1a: Kingambit|Kowtow Cleave|p2b: Mojito\n|-supereffective|p2b: Mojito|1\n|-enditem|p2b: Mojito|Colbur Berry|[eat]\n|-enditem|p2b: Mojito|Colbur Berry|[weaken]\n|-damage|p2b: Mojito|58/100\n|move|p1b: Incineroar|Flare Blitz|p2b: Mojito\n|-supereffective|p2b: Mojito|1\n|-crit|p2b: Mojito\n|-damage|p2b: Mojito|0 fnt\n|faint|p2b: Mojito\n|-damage|p1b: Incineroar|81/100|[from] Recoil\n|\n|upkeep\n|\n|t:|1788377298\n|switch|p2b: Deus Vult|Ceruledge, L50, M|100/100\n|turn|5\n|\n|t:|1788377315\n|move|p1a: Kingambit|Protect|p1a: Kingambit\n|-singleturn|p1a: Kingambit|Protect\n|move|p2a: Tomorrowland|Headlong Rush|p1b: Incineroar\n|-supereffective|p1b: Incineroar|1\n|-damage|p1b: Incineroar|0 fnt\n|-unboost|p2a: Tomorrowland|def|1\n|-unboost|p2a: Tomorrowland|spd|1\n|faint|p1b: Incineroar\n|move|p2b: Deus Vult|Close Combat|p1a: Kingambit\n|-activate|p1a: Kingambit|move: Protect\n|\n|-fieldend|move: Trick Room\n|upkeep\n|\n|t:|1788377320\n|switch|p1b: Garchomp|Garchomp, L50, F, shiny|100/100\n|turn|6\n|\n|t:|1788377345\n|move|p1b: Garchomp|Earthquake|p2b: Deus Vult|[spread] p1a,p2a,p2b\n|-supereffective|p1a: Kingambit|1\n|-supereffective|p2b: Deus Vult|1\n|-damage|p1a: Kingambit|0 fnt\n|-damage|p2a: Tomorrowland|0 fnt\n|-enditem|p2b: Deus Vult|Focus Sash\n|-damage|p2b: Deus Vult|1/100\n|faint|p1a: Kingambit\n|faint|p2a: Tomorrowland\n|-damage|p1b: Garchomp|90/100|[from] item: Life Orb\n|move|p2b: Deus Vult|Poltergeist|p1b: Garchomp\n|-activate|p1b: Garchomp|move: Poltergeist|Life Orb\n|-damage|p1b: Garchomp|28/100\n|\n|upkeep\n|turn|7\n|c|☆Quaaloods|savage\n|inactive|ESTOYCHAMBEANDO has 30 seconds left.\n|\n|t:|1788377374\n|move|p2b: Deus Vult|Protect|p2b: Deus Vult\n|-singleturn|p2b: Deus Vult|Protect\n|move|p1b: Garchomp|Earthquake|p2b: Deus Vult\n|-activate|p2b: Deus Vult|move: Protect\n|\n|upkeep\n|turn|8\n|\n|t:|1788377380\n|move|p2b: Deus Vult|Shadow Sneak|p1b: Garchomp\n|-damage|p1b: Garchomp|5/100\n|-damage|p2b: Deus Vult|0 fnt|[from] ability: Rough Skin|[of] p1b: Garchomp\n|faint|p2b: Deus Vult\n|\n|win|ESTOYCHAMBEANDO\n|raw|ESTOYCHAMBEANDO's rating: 1071 &rarr; <strong>1107</strong><br />(+36 for winning)\n|raw|Quaaloods's rating: 1148 &rarr; <strong>1118</strong><br />(-30 for losing)\n","uploadtime":1788377387,"views":"3","formatid":"gen9championsvgc2026regmb","rating":1107,"private":0,"password":null}