{"id":"gen9championsvgc2026regmb-2674724728","format":"[Gen 9 Champions] VGC 2026 Reg M-B","players":["thruxythree","Bellsproutfanwill"],"log":"|j|☆thruxythree\n|j|☆Bellsproutfanwill\n|t:|1788396356\n|gametype|doubles\n|player|p1|thruxythree|blue|1601\n|player|p2|Bellsproutfanwill|hiker-gen4|1845\n|gen|9\n|tier|[Gen 9 Champions] VGC 2026 Reg M-B\n|rated|\n|rule|Species Clause: Limit one of each Pokémon\n|rule|Item Clause: Limit 1 of each item\n|clearpoke\n|poke|p1|Maushold-Four, L50|\n|poke|p1|Blastoise, L50, F, shiny|\n|poke|p1|Whimsicott, L50, F|\n|poke|p1|Kingambit, L50, M, shiny|\n|poke|p1|Basculegion, L50, M, shiny|\n|poke|p1|Sinistcha, L50|\n|poke|p2|Aggron, L50, F|\n|poke|p2|Basculegion, L50, M|\n|poke|p2|Incineroar, L50, M|\n|poke|p2|Sinistcha-Masterpiece, L50|\n|poke|p2|Dragapult, L50, M|\n|poke|p2|Tyranitar, L50, M|\n|teampreview|4\n|inactive|Battle timer is ON: inactive players will automatically lose when time's up. (requested by thruxythree)\n|j| Therazer456\n|inactive|thruxythree has 60 seconds left.\n|inactive|Bellsproutfanwill has 60 seconds left.\n|inactive|thruxythree has 30 seconds left.\n|\n|t:|1788396418\n|teamsize|p1|4\n|teamsize|p2|4\n|start\n|switch|p1a: Blastoise|Blastoise, L50, F, shiny|100/100\n|switch|p1b: Sinistcha|Sinistcha, L50|100/100\n|switch|p2a: Sinistcha|Sinistcha-Masterpiece, L50|100/100\n|switch|p2b: Incineroar|Incineroar, L50, M|100/100\n|-ability|p2b: Incineroar|Intimidate|boost\n|-unboost|p1a: Blastoise|atk|1\n|-unboost|p1b: Sinistcha|atk|1\n|turn|1\n|\n|t:|1788396438\n|detailschange|p1a: Blastoise|Blastoise-Mega, L50, F, shiny\n|-mega|p1a: Blastoise|Blastoise|Blastoisinite\n|move|p1a: Blastoise|Fake Out|p2b: Incineroar\n|-damage|p2b: Incineroar|95/100\n|cant|p2b: Incineroar|flinch\n|move|p1b: Sinistcha|Imprison|p1b: Sinistcha\n|-start|p1b: Sinistcha|move: Imprison\n|cant|p2a: Sinistcha|move: Imprison|Trick Room\n|\n|upkeep\n|turn|2\n|inactive|thruxythree has 30 seconds left.\n|\n|t:|1788396464\n|switch|p2b: Basculegion|Basculegion, L50, M|100/100\n|move|p1a: Blastoise|Aura Sphere|p2b: Basculegion\n|-immune|p2b: Basculegion\n|move|p1b: Sinistcha|Matcha Gotcha|p2b: Basculegion|[spread] p2b\n|-miss|p1b: Sinistcha|p2a: Sinistcha\n|-supereffective|p2b: Basculegion|1\n|-damage|p2b: Basculegion|45/100\n|move|p2a: Sinistcha|Life Dew||[still]|[spread] p2a,p2b\n|-fail|p2a: Sinistcha|heal\n|-heal|p2b: Basculegion|70/100\n|\n|upkeep\n|turn|3\n|\n|t:|1788396485\n|switch|p2a: Incineroar|Incineroar, L50, M|95/100\n|-ability|p2a: Incineroar|Intimidate|boost\n|-unboost|p1a: Blastoise|atk|1\n|-unboost|p1b: Sinistcha|atk|1\n|move|p2b: Basculegion|Last Respects|p1b: Sinistcha\n|-supereffective|p1b: Sinistcha|1\n|-damage|p1b: Sinistcha|45/100\n|-enditem|p1b: Sinistcha|Sitrus Berry|[eat]\n|-heal|p1b: Sinistcha|70/100|[from] item: Sitrus Berry\n|move|p1a: Blastoise|Dark Pulse|p2b: Basculegion\n|-supereffective|p2b: Basculegion|1\n|-damage|p2b: Basculegion|0 fnt\n|faint|p2b: Basculegion\n|move|p1b: Sinistcha|Matcha Gotcha|p2a: Incineroar\n|-resisted|p2a: Incineroar|1\n|-damage|p2a: Incineroar|81/100\n|-heal|p1b: Sinistcha|78/100|[from] drain|[of] p2a: Incineroar\n|\n|upkeep\n|\n|t:|1788396504\n|switch|p2b: Aggron|Aggron, L50, F|100/100\n|turn|4\n|\n|t:|1788396515\n|detailschange|p2b: Aggron|Aggron-Mega, L50, F\n|-mega|p2b: Aggron|Aggron|Aggronite\n|move|p2a: Incineroar|Fake Out|p1a: Blastoise\n|-damage|p1a: Blastoise|90/100\n|cant|p1a: Blastoise|flinch\n|move|p1b: Sinistcha|Matcha Gotcha|p2a: Incineroar|[spread] p2a,p2b\n|-resisted|p2a: Incineroar|1\n|-resisted|p2b: Aggron|1\n|-damage|p2a: Incineroar|70/100\n|-heal|p1b: Sinistcha|84/100|[from] drain|[of] p2a: Incineroar\n|-damage|p2b: Aggron|88/100\n|-heal|p1b: Sinistcha|90/100|[from] drain|[of] p2b: Aggron\n|move|p2b: Aggron|Heavy Slam|p1b: Sinistcha\n|-damage|p1b: Sinistcha|46/100\n|\n|upkeep\n|turn|5\n|\n|t:|1788396538\n|move|p1a: Blastoise|Aura Sphere|p2a: Incineroar\n|-supereffective|p2a: Incineroar|1\n|-damage|p2a: Incineroar|0 fnt\n|faint|p2a: Incineroar\n|move|p1b: Sinistcha|Matcha Gotcha|p2b: Aggron\n|-resisted|p2b: Aggron|1\n|-damage|p2b: Aggron|74/100\n|-heal|p1b: Sinistcha|54/100|[from] drain|[of] p2b: Aggron\n|-status|p2b: Aggron|brn\n|move|p2b: Aggron|Body Press|p1a: Blastoise\n|-damage|p1a: Blastoise|70/100\n|\n|-damage|p2b: Aggron|67/100 brn|[from] brn\n|upkeep\n|\n|t:|1788396553\n|switch|p2a: Sinistcha|Sinistcha-Masterpiece, L50|100/100\n|-heal|p2b: Aggron|92/100 brn|[from] ability: Hospitality|[of] p2a: Sinistcha\n|turn|6\n|\n|t:|1788396561\n|move|p1a: Blastoise|Dark Pulse|p2a: Sinistcha\n|-supereffective|p2a: Sinistcha|1\n|-damage|p2a: Sinistcha|11/100\n|move|p1b: Sinistcha|Matcha Gotcha|p2a: Sinistcha|[spread] p2b\n|-miss|p1b: Sinistcha|p2a: Sinistcha\n|-resisted|p2b: Aggron|1\n|-damage|p2b: Aggron|80/100 brn\n|-heal|p1b: Sinistcha|60/100|[from] drain|[of] p2b: Aggron\n|move|p2a: Sinistcha|Life Dew|p2a: Sinistcha|[spread] p2a,p2b\n|-heal|p2a: Sinistcha|36/100\n|-heal|p2b: Aggron|100/100 brn\n|move|p2b: Aggron|Heavy Slam|p1b: Sinistcha\n|-damage|p1b: Sinistcha|38/100\n|\n|-damage|p2b: Aggron|93/100 brn|[from] brn\n|upkeep\n|turn|7\n|\n|t:|1788396585\n|move|p1a: Blastoise|Dark Pulse|p2a: Sinistcha\n|-supereffective|p2a: Sinistcha|1\n|-crit|p2a: Sinistcha\n|-damage|p2a: Sinistcha|0 fnt\n|faint|p2a: Sinistcha\n|move|p1b: Sinistcha|Matcha Gotcha|p2b: Aggron\n|-resisted|p2b: Aggron|1\n|-damage|p2b: Aggron|78/100 brn\n|-heal|p1b: Sinistcha|46/100|[from] drain|[of] p2b: Aggron\n|move|p2b: Aggron|Heavy Slam|p1b: Sinistcha\n|-damage|p1b: Sinistcha|24/100\n|\n|-damage|p2b: Aggron|72/100 brn|[from] brn\n|upkeep\n|turn|8\n|-message|Bellsproutfanwill forfeited.\n|\n|win|thruxythree\n|raw|thruxythree's rating: 1601 &rarr; <strong>1633</strong><br />(+32 for winning)\n|raw|Bellsproutfanwill's rating: 1845 &rarr; <strong>1813</strong><br />(-32 for losing)\n|l|☆Bellsproutfanwill\n|player|p2|\n","uploadtime":1788396597,"views":"2","formatid":"gen9championsvgc2026regmb","rating":1633,"private":0,"password":null}