{"id":"gen9championsvgc2026regmb-2674244369","format":"[Gen 9 Champions] VGC 2026 Reg M-B","players":["spectre86","Clownbot"],"log":"|j|☆spectre86\n|j|☆Clownbot\n|t:|1788322123\n|gametype|doubles\n|player|p1|spectre86|doctor|1155\n|player|p2|Clownbot|brycenman|1158\n|gen|9\n|tier|[Gen 9 Champions] VGC 2026 Reg M-B\n|rated|\n|rule|Species Clause: Limit one of each Pokémon\n|rule|Item Clause: Limit 1 of each item\n|clearpoke\n|poke|p1|Scizor, L50, F|\n|poke|p1|Araquanid, L50, F|\n|poke|p1|Alcremie, L50, F|\n|poke|p1|Sinistcha, L50|\n|poke|p1|Pelipper, L50, M|\n|poke|p1|Swampert, L50, F|\n|poke|p2|Whimsicott, L50, M, shiny|\n|poke|p2|Gholdengo, L50|\n|poke|p2|Farigiraf, L50, M|\n|poke|p2|Sneasler, L50, M|\n|poke|p2|Dragapult, L50, F|\n|poke|p2|Charizard, L50, M|\n|teampreview|4\n|inactive|Battle timer is ON: inactive players will automatically lose when time's up. (requested by Clownbot)\n|inactive|spectre86 has 60 seconds left.\n|inactive|Clownbot has 60 seconds left.\n|inactive|Clownbot has 30 seconds left.\n|\n|t:|1788322187\n|teamsize|p1|4\n|teamsize|p2|4\n|start\n|switch|p1a: Scizor|Scizor, L50, F|100/100\n|switch|p1b: Alcremie|Alcremie, L50, F|100/100\n|switch|p2a: Sneasler|Sneasler, L50, M|100/100\n|switch|p2b: Whimsicott|Whimsicott, L50, M, shiny|100/100\n|turn|1\n|\n|t:|1788322207\n|move|p1b: Alcremie|Protect|p1b: Alcremie\n|-singleturn|p1b: Alcremie|Protect\n|move|p2a: Sneasler|Fake Out|p1a: Scizor\n|-resisted|p1a: Scizor|1\n|-damage|p1a: Scizor|92/100\n|move|p2b: Whimsicott|Tailwind|p2b: Whimsicott\n|-sidestart|p2: Clownbot|move: Tailwind\n|cant|p1a: Scizor|flinch\n|\n|upkeep\n|turn|2\n|\n|t:|1788322225\n|switch|p2b: Charizard|Charizard, L50, M|100/100\n|switch|p1b: Pelipper|Pelipper, L50, M|100/100\n|-weather|RainDance|[from] ability: Drizzle|[of] p1b: Pelipper\n|move|p2a: Sneasler|Dire Claw|p1b: Pelipper\n|-damage|p1b: Pelipper|44/100\n|move|p1a: Scizor|Trailblaze|p2b: Charizard\n|-resisted|p2b: Charizard|2\n|-damage|p2b: Charizard|90/100\n|-boost|p1a: Scizor|spe|1\n|\n|-weather|RainDance|[upkeep]\n|upkeep\n|turn|3\n|inactive|spectre86 has 30 seconds left.\n|inactive|Clownbot has 30 seconds left.\n|\n|t:|1788322250\n|switch|p1b: Alcremie|Alcremie, L50, F|100/100\n|detailschange|p2b: Charizard|Charizard-Mega-Y, L50, M\n|-mega|p2b: Charizard|Charizard|Charizardite Y\n|-weather|SunnyDay|[from] ability: Drought|[of] p2b: Charizard\n|move|p1a: Scizor|Protect|p1a: Scizor\n|-singleturn|p1a: Scizor|Protect\n|move|p2a: Sneasler|Close Combat|p1a: Scizor\n|-activate|p1a: Scizor|move: Protect\n|move|p2b: Charizard|Heat Wave|p1b: Alcremie|[spread] p1b\n|-activate|p1a: Scizor|move: Protect\n|-damage|p1b: Alcremie|41/100\n|\n|-weather|SunnyDay|[upkeep]\n|upkeep\n|turn|4\n|inactive|spectre86 has 30 seconds left.\n|inactive|Clownbot has 30 seconds left.\n|inactive|spectre86 has 20 seconds left.\n|inactive|Clownbot has 20 seconds left.\n|inactive|Clownbot has 15 seconds left.\n|inactive|Clownbot has 10 seconds left.\n|\n|t:|1788322299\n|switch|p2b: Gholdengo|Gholdengo, L50|100/100\n|switch|p1b: Pelipper|Pelipper, L50, M|44/100\n|-weather|RainDance|[from] ability: Drizzle|[of] p1b: Pelipper\n|move|p2a: Sneasler|Close Combat|p1a: Scizor\n|-damage|p1a: Scizor|19/100\n|-unboost|p2a: Sneasler|def|1\n|-unboost|p2a: Sneasler|spd|1\n|-enditem|p2a: Sneasler|White Herb\n|-clearnegativeboost|p2a: Sneasler|[silent]\n|move|p1a: Scizor|Trailblaze|p2a: Sneasler\n|-resisted|p2a: Sneasler|1\n|-damage|p2a: Sneasler|77/100\n|-boost|p1a: Scizor|spe|1\n|\n|-weather|RainDance|[upkeep]\n|-sideend|p2: Clownbot|move: Tailwind\n|upkeep\n|turn|5\n|-message|spectre86 forfeited.\n|\n|win|Clownbot\n|raw|spectre86's rating: 1155 &rarr; <strong>1130</strong><br />(-25 for losing)\n|raw|Clownbot's rating: 1158 &rarr; <strong>1183</strong><br />(+25 for winning)\n|l|☆spectre86\n|player|p1|\n","uploadtime":1788322322,"views":"3","formatid":"gen9championsvgc2026regmb","rating":1130,"private":0,"password":null}