{"id":"gen9championsvgc2026regmbbo3-2674250062","format":"[Gen 9 Champions] VGC 2026 Reg M-B (Bo3)","players":["Biyoo_Fan","lunalotll"],"log":"|j|☆Biyoo_Fan\n|j|☆lunalotll\n|html|<table width=\"100%\"><tr><td align=\"left\">Biyoo_Fan</td><td align=\"right\">lunalotll</tr><tr><td align=\"left\"><i class=\"fa fa-circle\"></i> <i class=\"fa fa-circle-o\"></i> </td><td align=\"right\"><i class=\"fa fa-circle-o\"></i> <i class=\"fa fa-circle-o\"></i> </tr></table>\n|uhtml|bestof|<h2><strong>Game 2</strong> of <a href=\"/game-bestof3-gen9championsvgc2026regmbbo3-2674248616\">a best-of-3</a></h2>\n|t:|1788323345\n|gametype|doubles\n|player|p1|Biyoo_Fan|265|1228\n|player|p2|lunalotll|lana|1261\n|gen|9\n|tier|[Gen 9 Champions] VGC 2026 Reg M-B (Bo3)\n|rated|\n|rule|Species Clause: Limit one of each Pokémon\n|rule|Item Clause: Limit 1 of each item\n|clearpoke\n|poke|p1|Snorlax, L50, F|\n|poke|p1|Hawlucha, L50, M|\n|poke|p1|Sinistcha, L50|\n|poke|p1|Gengar, L50, F|\n|poke|p1|Politoed, L50, F|\n|poke|p1|Incineroar, L50, M|\n|poke|p2|Venusaur, L50, M|\n|poke|p2|Primarina, L50, F|\n|poke|p2|Kingambit, L50, F|\n|poke|p2|Farigiraf, L50, F|\n|poke|p2|Torkoal, L50, M|\n|poke|p2|Blaziken, L50, F|\n|teampreview|4\n|showteam|p1|Snorlax||Leftovers|ThickFat|Protect,BodyPress,Stockpile,Fissure|Impish||F|||50|]Hawlucha||Hawluchanite|Limber|Detect,Entrainment,CloseCombat,BraveBird|Jolly||M|||50|]Sinistcha||KasibBerry|Hospitality|MatchaGotcha,TrickRoom,Protect,RagePowder|Relaxed|||||50|]Gengar||Gengarite|CursedBody|Protect,Disable,ShadowBall,PerishSong|Timid||F|||50|]Politoed||SitrusBerry|Drizzle|WeatherBall,Encore,Protect,PerishSong|Calm||F|||50|]Incineroar||PasshoBerry|Intimidate|PartingShot,FakeOut,Protect,ThroatChop|Careful||M|||50|\n|showteam|p2|Venusaur||OccaBerry|Chlorophyll|LeafStorm,SludgeBomb,SleepPowder,Protect|Timid||M|||50|]Primarina||LifeOrb|LiquidVoice|HyperVoice,Moonblast,AquaJet,Protect|Quiet||F|||50|]Kingambit||FocusSash|Defiant|KowtowCleave,IronHead,SuckerPunch,Protect|Adamant||F|||50|]Farigiraf||SitrusBerry|ArmorTail|Psychic,Thunderbolt,TrickRoom,Protect|Bold||F|||50|]Torkoal||Charcoal|Drought|Eruption,WeatherBall,HelpingHand,Protect|Quiet||M|||50|]Blaziken||Blazikenite|SpeedBoost|FlareBlitz,CloseCombat,RockSlide,Detect|Adamant||F|||50|\n|inactive|Battle timer is ON: inactive players will automatically lose when time's up. (requested by lunalotll)\n|inactive|lunalotll has 60 seconds left.\n|c|☆Biyoo_Fan|so umm\n|c|☆lunalotll|yeah\n|c|☆lunalotll|i expected karmic retribution\n|c|☆lunalotll|dont worry\n|c|☆Biyoo_Fan|alright alright\n|inactive|lunalotll has 30 seconds left.\n|inactive|lunalotll has 20 seconds left.\n|inactive|lunalotll has 15 seconds left.\n|inactive|lunalotll has 10 seconds left.\n|\n|t:|1788323427\n|teamsize|p1|4\n|teamsize|p2|4\n|start\n|switch|p1a: Cant switch|Gengar, L50, F|100/100\n|switch|p1b: toad|Politoed, L50, F|100/100\n|switch|p2a: Blaziken|Blaziken, L50, F|100/100\n|switch|p2b: Kingambit|Kingambit, L50, F|100/100\n|-weather|RainDance|[from] ability: Drizzle|[of] p1b: toad\n|turn|1\n|inactive|lunalotll has 30 seconds left.\n|inactive|lunalotll has 20 seconds left.\n|inactive|lunalotll has 15 seconds left.\n|c|☆Biyoo_Fan|u got this\n|inactive|lunalotll has 10 seconds left.\n|\n|t:|1788323476\n|switch|p2a: Farigiraf|Farigiraf, L50, F|100/100\n|detailschange|p1a: Cant switch|Gengar-Mega, L50, F\n|-mega|p1a: Cant switch|Gengar|Gengarite\n|move|p1a: Cant switch|Protect|p1a: Cant switch\n|-singleturn|p1a: Cant switch|Protect\n|move|p1b: toad|Perish Song|p1b: toad\n|-start|p1a: Cant switch|perish3|[silent]\n|-start|p1b: toad|perish3|[silent]\n|-start|p2a: Farigiraf|perish3|[silent]\n|-start|p2b: Kingambit|perish3|[silent]\n|-fieldactivate|move: Perish Song\n|move|p2b: Kingambit|Kowtow Cleave|p1a: Cant switch\n|-activate|p1a: Cant switch|move: Protect\n|\n|-weather|RainDance|[upkeep]\n|-start|p1a: Cant switch|perish3\n|-start|p1b: toad|perish3\n|-start|p2a: Farigiraf|perish3\n|-start|p2b: Kingambit|perish3\n|upkeep\n|turn|2\n|inactive|lunalotll has 30 seconds left.\n|inactive|lunalotll has 20 seconds left.\n|inactive|lunalotll has 15 seconds left.\n|\n|t:|1788323517\n|move|p2b: Kingambit|Sucker Punch||[still]\n|-fail|p2b: Kingambit\n|move|p1a: Cant switch|Disable|p2b: Kingambit\n|-start|p2b: Kingambit|Disable|Sucker Punch\n|move|p1b: toad|Encore|p2b: Kingambit\n|-start|p2b: Kingambit|Encore\n|move|p2a: Farigiraf|Psychic|p1a: Cant switch\n|-supereffective|p1a: Cant switch|1\n|-damage|p1a: Cant switch|26/100\n|\n|-weather|RainDance|[upkeep]\n|-start|p1a: Cant switch|perish2\n|-start|p1b: toad|perish2\n|-start|p2a: Farigiraf|perish2\n|-start|p2b: Kingambit|perish2\n|upkeep\n|turn|3\n|c|☆Biyoo_Fan|ff?\n|inactive|lunalotll has 30 seconds left.\n|inactive|lunalotll has 20 seconds left.\n|\n|t:|1788323552\n|move|p1a: Cant switch|Protect|p1a: Cant switch\n|-singleturn|p1a: Cant switch|Protect\n|move|p1b: toad|Protect|p1b: toad\n|-singleturn|p1b: toad|Protect\n|move|p2a: Farigiraf|Protect|p2a: Farigiraf\n|-singleturn|p2a: Farigiraf|Protect\n|-activate|p2b: Kingambit|move: Struggle\n|move|p2b: Kingambit|Struggle|p1b: toad\n|-activate|p1b: toad|move: Protect\n|\n|-weather|RainDance|[upkeep]\n|-start|p1a: Cant switch|perish1\n|-start|p1b: toad|perish1\n|-start|p2a: Farigiraf|perish1\n|-start|p2b: Kingambit|perish1\n|upkeep\n|turn|4\n|c|☆Biyoo_Fan|lowkey double protecting here\n|\n|t:|1788323570\n|switch|p1a: Mantis|Sinistcha, L50|100/100\n|switch|p1b: rawr|Incineroar, L50, M|100/100\n|-ability|p1b: rawr|Intimidate|boost\n|-unboost|p2a: Farigiraf|atk|1\n|-unboost|p2b: Kingambit|atk|1\n|-ability|p2b: Kingambit|Defiant|boost\n|-boost|p2b: Kingambit|atk|2\n|-activate|p2b: Kingambit|move: Struggle\n|move|p2b: Kingambit|Struggle|p1a: Mantis\n|-damage|p1a: Mantis|77/100\n|-damage|p2b: Kingambit|74/100|[from] recoil\n|move|p2a: Farigiraf|Trick Room|p2a: Farigiraf\n|-fieldstart|move: Trick Room|[of] p2a: Farigiraf\n|\n|-weather|RainDance|[upkeep]\n|-start|p2b: Kingambit|perish0\n|-start|p2a: Farigiraf|perish0\n|faint|p2b: Kingambit\n|faint|p2a: Farigiraf\n|upkeep\n|\n|t:|1788323585\n|switch|p2b: Blaziken|Blaziken, L50, F|100/100\n|switch|p2a: Primarina|Primarina, L50, F|100/100\n|turn|5\n|inactive|lunalotll has 30 seconds left.\n|inactive|lunalotll has 20 seconds left.\n|\n|t:|1788323620\n|detailschange|p2b: Blaziken|Blaziken-Mega, L50, F\n|-mega|p2b: Blaziken|Blaziken|Blazikenite\n|move|p1b: rawr|Fake Out|p2b: Blaziken\n|-damage|p2b: Blaziken|85/100\n|move|p2a: Primarina|Hyper Voice|p1a: Mantis|[spread] p1a,p1b\n|-resisted|p1a: Mantis|1\n|-supereffective|p1b: rawr|1\n|-enditem|p1b: rawr|Passho Berry|[eat]\n|-enditem|p1b: rawr|Passho Berry|[weaken]\n|-damage|p1a: Mantis|31/100\n|-damage|p1b: rawr|49/100\n|-damage|p2a: Primarina|90/100|[from] item: Life Orb\n|cant|p2b: Blaziken|flinch\n|move|p1a: Mantis|Trick Room|p1a: Mantis\n|-fieldend|move: Trick Room\n|\n|-weather|none\n|-ability|p2b: Blaziken|Speed Boost|boost\n|-boost|p2b: Blaziken|spe|1\n|upkeep\n|turn|6\n|inactive|lunalotll has 30 seconds left.\n|inactive|lunalotll has 20 seconds left.\n|inactive|lunalotll has 15 seconds left.\n|\n|t:|1788323663\n|switch|p1b: toad|Politoed, L50, F|100/100\n|-weather|RainDance|[from] ability: Drizzle|[of] p1b: toad\n|move|p1a: Mantis|Rage Powder|p1a: Mantis\n|-singleturn|p1a: Mantis|move: Rage Powder\n|move|p2b: Blaziken|Close Combat|p1a: Mantis\n|-immune|p1a: Mantis\n|move|p2a: Primarina|Hyper Voice|p1a: Mantis|[spread] p1a,p1b\n|-resisted|p1a: Mantis|1\n|-resisted|p1b: toad|1\n|-damage|p1a: Mantis|0 fnt\n|-damage|p1b: toad|77/100\n|faint|p1a: Mantis\n|-damage|p2a: Primarina|80/100|[from] item: Life Orb\n|\n|-weather|RainDance|[upkeep]\n|-ability|p2b: Blaziken|Speed Boost|boost\n|-boost|p2b: Blaziken|spe|1\n|upkeep\n|\n|t:|1788323678\n|switch|p1a: rawr|Incineroar, L50, M|49/100\n|-ability|p1a: rawr|Intimidate|boost\n|-unboost|p2a: Primarina|atk|1\n|-unboost|p2b: Blaziken|atk|1\n|turn|7\n|\n|t:|1788323696\n|move|p1a: rawr|Fake Out|p2b: Blaziken\n|-damage|p2b: Blaziken|71/100\n|cant|p2b: Blaziken|flinch\n|move|p1b: toad|Perish Song|p1b: toad\n|-start|p1a: rawr|perish3|[silent]\n|-start|p1b: toad|perish3|[silent]\n|-start|p2a: Primarina|perish3|[silent]\n|-start|p2b: Blaziken|perish3|[silent]\n|-fieldactivate|move: Perish Song\n|move|p2a: Primarina|Hyper Voice|p1a: rawr|[spread] p1a,p1b\n|-supereffective|p1a: rawr|1\n|-resisted|p1b: toad|1\n|-damage|p1a: rawr|0 fnt\n|-damage|p1b: toad|53/100\n|faint|p1a: rawr\n|-damage|p2a: Primarina|71/100|[from] item: Life Orb\n|\n|-weather|RainDance|[upkeep]\n|-start|p2b: Blaziken|perish3\n|-start|p1b: toad|perish3\n|-start|p2a: Primarina|perish3\n|-ability|p2b: Blaziken|Speed Boost|boost\n|-boost|p2b: Blaziken|spe|1\n|upkeep\n|-message|Biyoo_Fan forfeited.\n|\n|win|lunalotll\n|l|☆Biyoo_Fan\n|player|p1|\n||lunalotll is ready for game 3.\n|inactive|Biyoo_Fan has 30 seconds to confirm battle start!\n|inactive|Biyoo_Fan has 20 seconds to confirm battle start!\n|inactive|Biyoo_Fan has 10 seconds to confirm battle start!\n|inactive|Biyoo_Fan has 0 seconds to confirm battle start!\n|uhtml|next|Next: <a href=\"/battle-gen9championsvgc2026regmbbo3-2674251957\"><strong>Game 3 of 3</strong></a>\n","uploadtime":1788323821,"views":"12","formatid":"gen9championsvgc2026regmbbo3","rating":null,"private":0,"password":null}