{"id":"gen9championsvgc2026regmbbo3-2673621382","format":"[Gen 9 Champions] VGC 2026 Reg M-B (Bo3)","players":["Philly Turtles","Fayz Sharpie"],"log":"|j|☆Philly Turtles\n|j|☆Fayz Sharpie\n|html|<table width=\"100%\"><tr><td align=\"left\">Philly Turtles</td><td align=\"right\">Fayz Sharpie</tr><tr><td align=\"left\"><i class=\"fa fa-circle-o\"></i> <i class=\"fa fa-circle-o\"></i> </td><td align=\"right\"><i class=\"fa fa-circle-o\"></i> <i class=\"fa fa-circle\"></i> </tr></table>\n|uhtml|bestof|<h2><strong>Game 2</strong> of <a href=\"/game-bestof3-gen9championsvgc2026regmbbo3-2673619823\">a best-of-3</a></h2>\n|t:|1788222598\n|gametype|doubles\n|player|p1|Philly Turtles|candice|\n|player|p2|Fayz Sharpie|koga|\n|gen|9\n|tier|[Gen 9 Champions] VGC 2026 Reg M-B (Bo3)\n|rule|Species Clause: Limit one of each Pokémon\n|rule|Item Clause: Limit 1 of each item\n|raw|<div class=\"infobox\"><details class=\"readmore\" open><summary><strong>1 custom rule:</strong></summary> !Force Open Team Sheets</details></div>\n|clearpoke\n|poke|p1|Froslass, L50, F|\n|poke|p1|Primarina, L50, F|\n|poke|p1|Crabominable, L50, M, shiny|\n|poke|p1|Slowking-Galar, L50, M|\n|poke|p1|Tsareena, L50, F|\n|poke|p1|Sableye, L50, M|\n|poke|p2|Charizard, L50, M|\n|poke|p2|Scrafty, L50, M|\n|poke|p2|Cofagrigus, L50, F|\n|poke|p2|Orthworm, L50, M|\n|poke|p2|Raichu, L50, M|\n|poke|p2|Vileplume, L50, F|\n|teampreview|4\n|\n|t:|1788222612\n|teamsize|p1|4\n|teamsize|p2|4\n|start\n|switch|p1a: Sableye|Sableye, L50, M|100/100\n|switch|p1b: Slowking|Slowking-Galar, L50, M|100/100\n|switch|p2a: Charizard|Charizard, L50, M|100/100\n|switch|p2b: Vileplume|Vileplume, L50, F|100/100\n|turn|1\n|\n|t:|1788222627\n|detailschange|p2a: Charizard|Charizard-Mega-Y, L50, M\n|-mega|p2a: Charizard|Charizard|Charizardite Y\n|-weather|SunnyDay|[from] ability: Drought|[of] p2a: Charizard\n|move|p1a: Sableye|Fake Out|p2b: Vileplume\n|-damage|p2b: Vileplume|91/100\n|cant|p2b: Vileplume|flinch\n|move|p2a: Charizard|Weather Ball|p1a: Sableye\n|-enditem|p1a: Sableye|Focus Sash\n|-damage|p1a: Sableye|1/100\n|move|p1b: Slowking|Trick Room|p1b: Slowking\n|-fieldstart|move: Trick Room|[of] p1b: Slowking\n|\n|-weather|SunnyDay|[upkeep]\n|upkeep\n|turn|2\n|\n|t:|1788222655\n|switch|p1a: Primarina|Primarina, L50, F|100/100\n|switch|p2b: Cofagrigus|Cofagrigus, L50, F|100/100\n|-prepare|p1b: Slowking|Chilly Reception|[premajor]\n|move|p1b: Slowking|Chilly Reception|p1b: Slowking\n|-weather|Snowscape\n|\n|t:|1788222663\n|switch|p1b: Sableye|Sableye, L50, M|1/100|[from] Chilly Reception\n|move|p2a: Charizard|Heat Wave|p1b: Sableye|[spread] p1a,p1b\n|-resisted|p1a: Primarina|1\n|-damage|p1a: Primarina|80/100\n|-damage|p1b: Sableye|0 fnt\n|faint|p1b: Sableye\n|\n|-weather|Snowscape|[upkeep]\n|upkeep\n|\n|t:|1788222670\n|switch|p1b: Crabominable|Crabominable, L50, M, shiny|100/100\n|turn|3\n|\n|t:|1788222676\n|switch|p2a: Scrafty|Scrafty, L50, M|100/100\n|-ability|p2a: Scrafty|Intimidate|boost\n|-unboost|p1a: Primarina|atk|1\n|-fail|p1b: Crabominable|unboost|Attack|[from] ability: Hyper Cutter|[of] p1b: Crabominable\n|move|p2b: Cofagrigus|Will-O-Wisp|p1b: Crabominable|[miss]\n|-miss|p2b: Cofagrigus|p1b: Crabominable\n|move|p1b: Crabominable|Crabhammer|p2a: Scrafty\n|-damage|p2a: Scrafty|63/100\n|move|p1a: Primarina|Hyper Voice|p2b: Cofagrigus|[spread] p2a,p2b\n|-damage|p2a: Scrafty|25/100\n|-damage|p2b: Cofagrigus|49/100\n|-damage|p1a: Primarina|71/100|[from] item: Life Orb\n|\n|-weather|Snowscape|[upkeep]\n|-heal|p2b: Cofagrigus|55/100|[from] item: Leftovers\n|upkeep\n|turn|4\n|\n|t:|1788222696\n|detailschange|p1b: Crabominable|Crabominable-Mega, L50, M, shiny\n|-mega|p1b: Crabominable|Crabominable|Crabominite\n|move|p2a: Scrafty|Fake Out|p1a: Primarina\n|-damage|p1a: Primarina|57/100\n|move|p1b: Crabominable|Mach Punch|p2a: Scrafty\n|-supereffective|p2a: Scrafty|1\n|-damage|p2a: Scrafty|0 fnt\n|faint|p2a: Scrafty\n|cant|p1a: Primarina|flinch\n|move|p2b: Cofagrigus|Trick Room|p2b: Cofagrigus\n|-fieldend|move: Trick Room\n|\n|-weather|Snowscape|[upkeep]\n|-heal|p2b: Cofagrigus|61/100|[from] item: Leftovers\n|upkeep\n|\n|t:|1788222701\n|switch|p2a: Charizard|Charizard-Mega-Y, L50, M|100/100\n|-weather|SunnyDay|[from] ability: Drought|[of] p2a: Charizard\n|turn|5\n|\n|t:|1788222717\n|switch|p1b: Slowking|Slowking-Galar, L50, M|100/100\n|move|p2a: Charizard|Weather Ball|p1b: Slowking\n|-damage|p1b: Slowking|14/100\n|move|p1a: Primarina|Hyper Voice|p2a: Charizard|[spread] p2a,p2b\n|-supereffective|p2a: Charizard|1\n|-damage|p2a: Charizard|53/100\n|-damage|p2b: Cofagrigus|38/100\n|-damage|p1a: Primarina|47/100|[from] item: Life Orb\n|move|p2b: Cofagrigus|Shadow Ball|p1a: Primarina\n|-damage|p1a: Primarina|20/100y\n|-unboost|p1a: Primarina|spd|1\n|\n|-weather|SunnyDay|[upkeep]\n|-heal|p2b: Cofagrigus|44/100|[from] item: Leftovers\n|-heal|p1b: Slowking|20/100y|[from] item: Leftovers\n|upkeep\n|turn|6\n|\n|t:|1788222739\n|move|p2a: Charizard|Weather Ball|p1a: Primarina\n|-resisted|p1a: Primarina|1\n|-damage|p1a: Primarina|0 fnt\n|faint|p1a: Primarina\n|move|p2b: Cofagrigus|Shadow Ball|p1b: Slowking\n|-supereffective|p1b: Slowking|1\n|-damage|p1b: Slowking|0 fnt\n|faint|p1b: Slowking\n|\n|-weather|SunnyDay|[upkeep]\n|-heal|p2b: Cofagrigus|50/100g|[from] item: Leftovers\n|upkeep\n|c|☆Philly Turtles|gg\n|\n|t:|1788222753\n|switch|p1a: Crabominable|Crabominable-Mega, L50, M, shiny|100/100\n|turn|7\n|c|☆Fayz Sharpie|gg\n|\n|t:|1788222760\n|move|p2a: Charizard|Weather Ball|p1a: Crabominable\n|-supereffective|p1a: Crabominable|1\n|-damage|p1a: Crabominable|0 fnt\n|faint|p1a: Crabominable\n|\n|win|Fayz Sharpie\n|l|☆Philly Turtles\n|player|p1|\n|l|☆Fayz Sharpie\n|player|p2|\n|j|☆Fayz Sharpie\n|player|p2|Fayz Sharpie|koga|\n","uploadtime":1788222843,"views":"13","formatid":"gen9championsvgc2026regmbbo3","rating":null,"private":0,"password":null}