{"id":"gen9championsvgc2026regmb-2675022995","format":"[Gen 9 Champions] VGC 2026 Reg M-B","players":["Conay","KAlecs"],"log":"|j|☆Conay\n|j|☆KAlecs\n|t:|1788449829\n|gametype|doubles\n|player|p1|Conay|169|1224\n|player|p2|KAlecs|miku-ghost|1277\n|gen|9\n|tier|[Gen 9 Champions] VGC 2026 Reg M-B\n|rated|\n|rule|Species Clause: Limit one of each Pokémon\n|rule|Item Clause: Limit 1 of each item\n|clearpoke\n|poke|p1|Excadrill, L50, M|\n|poke|p1|Tyranitar, L50, F|\n|poke|p1|Kommo-o, L50, F|\n|poke|p1|Sneasler, L50, M|\n|poke|p1|Froslass, L50, F|\n|poke|p1|Greninja, L50, F|\n|poke|p2|Metagross, L50, shiny|\n|poke|p2|Whimsicott, L50, M, shiny|\n|poke|p2|Eelektross, L50, M|\n|poke|p2|Sinistcha, L50|\n|poke|p2|Tsareena, L50, F, shiny|\n|poke|p2|Lycanroc-Dusk, L50, M|\n|teampreview|4\n|inactive|Battle timer is ON: inactive players will automatically lose when time's up. (requested by Conay)\n|inactive|KAlecs has 60 seconds left.\n|\n|t:|1788449878\n|teamsize|p1|4\n|teamsize|p2|4\n|start\n|switch|p1a: Sneasler|Sneasler, L50, M|100/100\n|switch|p1b: Greninja|Greninja, L50, F|100/100\n|switch|p2a: Metagross|Metagross, L50, shiny|100/100\n|switch|p2b: Whimsicott|Whimsicott, L50, M, shiny|100/100\n|turn|1\n|inactive|KAlecs has 30 seconds left.\n|inactive|KAlecs has 20 seconds left.\n|inactive|KAlecs has 15 seconds left.\n|\n|t:|1788449919\n|switch|p2b: Tsareena|Tsareena, L50, F, shiny|100/100\n|detailschange|p2a: Metagross|Metagross-Mega, L50, shiny\n|-mega|p2a: Metagross|Metagross|Metagrossite\n|move|p1a: Sneasler|Fake Out||[still]\n|cant|p2b: Tsareena|ability: Queenly Majesty|Fake Out|[of] p1a: Sneasler\n|move|p1b: Greninja|Dark Pulse|p2a: Metagross\n|-start|p1b: Greninja|typechange|Dark|[from] ability: Protean\n|-supereffective|p2a: Metagross|1\n|-damage|p2a: Metagross|21/100\n|move|p2a: Metagross|Psychic Fangs|p1a: Sneasler\n|-supereffective|p1a: Sneasler|2\n|-damage|p1a: Sneasler|0 fnt\n|faint|p1a: Sneasler\n|\n|upkeep\n|\n|t:|1788449935\n|switch|p1a: Tyranitar|Tyranitar, L50, F|100/100\n|-weather|Sandstorm|[from] ability: Sand Stream|[of] p1a: Tyranitar\n|turn|2\n|\n|t:|1788449945\n|switch|p2b: Whimsicott|Whimsicott, L50, M, shiny|100/100\n|move|p2a: Metagross|Protect|p2a: Metagross\n|-singleturn|p2a: Metagross|Protect\n|move|p1b: Greninja|Dark Pulse|p2a: Metagross\n|-activate|p2a: Metagross|move: Protect\n|move|p1a: Tyranitar|Ice Punch|p2b: Whimsicott\n|-supereffective|p2b: Whimsicott|1\n|-damage|p2b: Whimsicott|21/100\n|\n|-weather|Sandstorm|[upkeep]\n|-damage|p1b: Greninja|93/100|[from] Sandstorm\n|-damage|p2b: Whimsicott|15/100|[from] Sandstorm\n|upkeep\n|turn|3\n|inactive|KAlecs has 30 seconds left.\n|inactive|KAlecs has 20 seconds left.\n|inactive|KAlecs has 15 seconds left.\n|inactive|KAlecs has 10 seconds left.\n|\n|t:|1788449994\n|move|p2b: Whimsicott|Tailwind|p2b: Whimsicott\n|-sidestart|p2: KAlecs|move: Tailwind\n|move|p2a: Metagross|Meteor Mash|p1b: Greninja\n|-damage|p1b: Greninja|0 fnt\n|faint|p1b: Greninja\n|move|p1a: Tyranitar|Ice Punch|p2b: Whimsicott\n|-supereffective|p2b: Whimsicott|1\n|-damage|p2b: Whimsicott|0 fnt\n|faint|p2b: Whimsicott\n|\n|-weather|Sandstorm|[upkeep]\n|upkeep\n|\n|t:|1788450003\n|switch|p1b: Excadrill|Excadrill, L50, M|100/100\n|switch|p2b: Sinistcha|Sinistcha, L50|100/100\n|-heal|p2a: Metagross|45/100|[from] ability: Hospitality|[of] p2b: Sinistcha\n|turn|4\n|inactive|KAlecs has 30 seconds left.\n|\n|t:|1788450031\n|move|p2a: Metagross|Protect|p2a: Metagross\n|-singleturn|p2a: Metagross|Protect\n|move|p1b: Excadrill|High Horsepower|p2a: Metagross\n|-activate|p2a: Metagross|move: Protect\n|move|p1a: Tyranitar|Ice Punch|p2b: Sinistcha\n|-supereffective|p2b: Sinistcha|1\n|-damage|p2b: Sinistcha|58/100\n|move|p2b: Sinistcha|Matcha Gotcha|p1b: Excadrill|[spread] p1a,p1b\n|-supereffective|p1a: Tyranitar|1\n|-damage|p1a: Tyranitar|68/100\n|-heal|p2b: Sinistcha|74/100|[from] drain|[of] p1a: Tyranitar\n|-damage|p1b: Excadrill|64/100\n|-heal|p2b: Sinistcha|92/100|[from] drain|[of] p1b: Excadrill\n|\n|-weather|Sandstorm|[upkeep]\n|-damage|p2b: Sinistcha|86/100|[from] Sandstorm\n|upkeep\n|turn|5\n|inactive|KAlecs has 30 seconds left.\n|\n|t:|1788450057\n|move|p2b: Sinistcha|Rage Powder|p2b: Sinistcha\n|-singleturn|p2b: Sinistcha|move: Rage Powder\n|move|p2a: Metagross|Earthquake|p1b: Excadrill|[spread] p2b,p1a,p1b\n|-resisted|p2b: Sinistcha|1\n|-supereffective|p1a: Tyranitar|1\n|-supereffective|p1b: Excadrill|1\n|-damage|p2b: Sinistcha|75/100\n|-damage|p1a: Tyranitar|17/100\n|-damage|p1b: Excadrill|0 fnt\n|faint|p1b: Excadrill\n|move|p1a: Tyranitar|Ice Punch|p2b: Sinistcha\n|-supereffective|p2b: Sinistcha|1\n|-damage|p2b: Sinistcha|28/100\n|-enditem|p2b: Sinistcha|Sitrus Berry|[eat]\n|-heal|p2b: Sinistcha|52/100|[from] item: Sitrus Berry\n|\n|-weather|Sandstorm|[upkeep]\n|-damage|p2b: Sinistcha|46/100|[from] Sandstorm\n|upkeep\n|turn|6\n|-message|Conay forfeited.\n|\n|win|KAlecs\n|raw|Conay's rating: 1224 &rarr; <strong>1203</strong><br />(-21 for losing)\n|raw|KAlecs's rating: 1277 &rarr; <strong>1298</strong><br />(+21 for winning)\n|l|☆Conay\n|player|p1|\n","uploadtime":1788450107,"views":"3","formatid":"gen9championsvgc2026regmb","rating":1203,"private":0,"password":null}