{"id":"gen9championsvgc2026regmbbo3-2673668345","format":"[Gen 9 Champions] VGC 2026 Reg M-B (Bo3)","players":["thecrazur","cmass809"],"log":"|j|☆thecrazur\n|j|☆cmass809\n|html|<table width=\"100%\"><tr><td align=\"left\">thecrazur</td><td align=\"right\">cmass809</tr><tr><td align=\"left\"><i class=\"fa fa-circle-o\"></i> <i class=\"fa fa-circle-o\"></i> </td><td align=\"right\"><i class=\"fa fa-circle-o\"></i> <i class=\"fa fa-circle\"></i> </tr></table>\n|uhtml|bestof|<h2><strong>Game 2</strong> of <a href=\"/game-bestof3-gen9championsvgc2026regmbbo3-2673666937\">a best-of-3</a></h2>\n|t:|1788230044\n|gametype|doubles\n|player|p1|thecrazur|265|1254\n|player|p2|cmass809|infielder|1276\n|gen|9\n|tier|[Gen 9 Champions] VGC 2026 Reg M-B (Bo3)\n|rated|\n|rule|Species Clause: Limit one of each Pokémon\n|rule|Item Clause: Limit 1 of each item\n|clearpoke\n|poke|p1|Blaziken, L50, F|\n|poke|p1|Ninetales-Alola, L50, F|\n|poke|p1|Araquanid, L50, F|\n|poke|p1|Gholdengo, L50|\n|poke|p1|Whimsicott, L50, F|\n|poke|p1|Staraptor, L50, M|\n|poke|p2|Farigiraf, L50, M|\n|poke|p2|Camerupt, L50, M|\n|poke|p2|Primarina, L50, M|\n|poke|p2|Vanilluxe, L50, F|\n|poke|p2|Maushold, L50|\n|poke|p2|Sableye, L50, F|\n|teampreview|4\n|showteam|p1|Blaziken||Blazikenite|SpeedBoost|AuraSphere,HeatWave,ScorchingSands,Detect|Modest||F|||50|]Ninetales-Alola||LifeOrb|SnowWarning|Blizzard,FreezeDry,Moonblast,Protect|Timid||F|||50|]Araquanid||MysticWater|WaterBubble|Liquidation,WideGuard,LeechLife,Protect|Brave||F|||50|]Gholdengo||ChoiceScarf|GoodasGold|MakeItRain,PowerGem,ShadowBall,Trick|Timid|||||50|]Whimsicott||FocusSash|Prankster|Moonblast,Tailwind,Protect,Charm|Timid||F|||50|]Staraptor||Staraptite|Intimidate|CloseCombat,BraveBird,Protect,Roost|Jolly||M|||50|\n|showteam|p2|Farigiraf||ColburBerry|ArmorTail|LowKick,PsychicFangs,HelpingHand,TrickRoom|Relaxed||M|||50|]Camerupt||Cameruptite|SolidRock|Protect,HeatWave,EarthPower,AncientPower|Quiet||M|||50|]Primarina||ExpertBelt|LiquidVoice|Protect,HyperVoice,Moonblast,EnergyBall|Modest||M|||50|]Vanilluxe||NeverMeltIce|SnowWarning|Protect,Blizzard,FreezeDry,IceShard|Quiet||F|||50|]Maushold||WideLens|Technician|Protect,PopulationBomb,AfterYou,FollowMe|Jolly|||||50|]Sableye||FocusSash|Prankster|FakeOut,FoulPlay,Quash,Encore|Relaxed||F|||50|\n|\n|t:|1788230073\n|teamsize|p1|4\n|teamsize|p2|4\n|start\n|switch|p1a: Araquanid|Araquanid, L50, F|100/100\n|switch|p1b: Gholdengo|Gholdengo, L50|100/100\n|switch|p2a: Sableye|Sableye, L50, F|100/100\n|switch|p2b: Primarina|Primarina, L50, M|100/100\n|turn|1\n|\n|t:|1788230121\n|move|p2b: Primarina|Protect|p2b: Primarina\n|-singleturn|p2b: Primarina|Protect\n|move|p2a: Sableye|Fake Out|p1a: Araquanid\n|-damage|p1a: Araquanid|92/100\n|move|p1b: Gholdengo|Shadow Ball|p2a: Sableye\n|-damage|p2a: Sableye|44/100\n|cant|p1a: Araquanid|flinch\n|\n|upkeep\n|turn|2\n|\n|t:|1788230175\n|move|p1b: Gholdengo|Shadow Ball|p2a: Sableye\n|-damage|p2a: Sableye|0 fnt\n|faint|p2a: Sableye\n|move|p2b: Primarina|Moonblast|p1a: Araquanid\n|-damage|p1a: Araquanid|54/100\n|move|p1a: Araquanid|Liquidation|p2b: Primarina\n|-resisted|p2b: Primarina|1\n|-damage|p2b: Primarina|51/100\n|\n|upkeep\n|\n|t:|1788230182\n|switch|p2a: Maushold|Maushold, L50|100/100\n|turn|3\n|\n|t:|1788230191\n|switch|p1b: Ninetales|Ninetales-Alola, L50, F|100/100\n|-weather|Snowscape|[from] ability: Snow Warning|[of] p1b: Ninetales\n|move|p2b: Primarina|Protect|p2b: Primarina\n|-singleturn|p2b: Primarina|Protect\n|move|p1a: Araquanid|Protect|p1a: Araquanid\n|-singleturn|p1a: Araquanid|Protect\n|move|p2a: Maushold|Population Bomb|p1a: Araquanid\n|-activate|p1a: Araquanid|move: Protect\n|\n|-weather|Snowscape|[upkeep]\n|upkeep\n|turn|4\n|\n|t:|1788230213\n|switch|p1a: Gholdengo|Gholdengo, L50|100/100\n|move|p2a: Maushold|Population Bomb|p1b: Ninetales\n|-damage|p1b: Ninetales|89/100\n|-damage|p1b: Ninetales|78/100\n|-damage|p1b: Ninetales|66/100\n|-damage|p1b: Ninetales|54/100\n|-damage|p1b: Ninetales|44/100\n|-damage|p1b: Ninetales|33/100\n|-damage|p1b: Ninetales|21/100\n|-damage|p1b: Ninetales|10/100\n|-damage|p1b: Ninetales|0 fnt\n|faint|p1b: Ninetales\n|-hitcount|p1: Ninetales|9\n|move|p2b: Primarina|Moonblast|p1a: Gholdengo\n|-resisted|p1a: Gholdengo|1\n|-damage|p1a: Gholdengo|67/100\n|-unboost|p1a: Gholdengo|spa|1\n|\n|-weather|Snowscape|[upkeep]\n|upkeep\n|\n|t:|1788230235\n|switch|p1b: Blaziken|Blaziken, L50, F|100/100\n|turn|5\n|\n|t:|1788230310\n|switch|p2b: Camerupt|Camerupt, L50, M|100/100\n|detailschange|p1b: Blaziken|Blaziken-Mega, L50, F\n|-mega|p1b: Blaziken|Blaziken|Blazikenite\n|move|p2a: Maushold|Protect|p2a: Maushold\n|-singleturn|p2a: Maushold|Protect\n|move|p1b: Blaziken|Detect|p1b: Blaziken\n|-singleturn|p1b: Blaziken|Protect\n|move|p1a: Gholdengo|Make It Rain|p2a: Maushold|[spread] p2b\n|-activate|p2a: Maushold|move: Protect\n|-resisted|p2b: Camerupt|1\n|-damage|p2b: Camerupt|80/100\n|-unboost|p1a: Gholdengo|spa|2\n|\n|-weather|Snowscape|[upkeep]\n|-ability|p1b: Blaziken|Speed Boost|boost\n|-boost|p1b: Blaziken|spe|1\n|upkeep\n|turn|6\n|\n|t:|1788230336\n|switch|p1a: Araquanid|Araquanid, L50, F|54/100\n|detailschange|p2b: Camerupt|Camerupt-Mega, L50, M\n|-mega|p2b: Camerupt|Camerupt|Cameruptite\n|move|p2a: Maushold|Follow Me|p2a: Maushold\n|-singleturn|p2a: Maushold|move: Follow Me\n|move|p1b: Blaziken|Aura Sphere|p2a: Maushold\n|-supereffective|p2a: Maushold|1\n|-crit|p2a: Maushold\n|-damage|p2a: Maushold|0 fnt\n|faint|p2a: Maushold\n|move|p2b: Camerupt|Earth Power|p1b: Blaziken\n|-supereffective|p1b: Blaziken|1\n|-damage|p1b: Blaziken|0 fnt\n|faint|p1b: Blaziken\n|\n|-weather|Snowscape|[upkeep]\n|upkeep\n|\n|t:|1788230349\n|switch|p2a: Primarina|Primarina, L50, M|51/100\n|switch|p1b: Gholdengo|Gholdengo, L50|67/100\n|turn|7\n|\n|t:|1788230379\n|move|p1b: Gholdengo|Shadow Ball|p2a: Primarina\n|-damage|p2a: Primarina|14/100\n|move|p2a: Primarina|Moonblast|p1a: Araquanid\n|-damage|p1a: Araquanid|14/100\n|move|p1a: Araquanid|Liquidation|p2b: Camerupt\n|-supereffective|p2b: Camerupt|2\n|-damage|p2b: Camerupt|0 fnt\n|faint|p2b: Camerupt\n|\n|-weather|none\n|upkeep\n|turn|8\n|\n|t:|1788230391\n|move|p1b: Gholdengo|Shadow Ball|p2a: Primarina\n|-damage|p2a: Primarina|0 fnt\n|faint|p2a: Primarina\n|\n|win|thecrazur\n||cmass809 is ready for game 3.\n||thecrazur is ready for game 3.\n|uhtml|next|Next: <a href=\"/battle-gen9championsvgc2026regmbbo3-2673670571\"><strong>Game 3 of 3</strong></a>\n|l|☆thecrazur\n|player|p1|\n","uploadtime":1788230765,"views":"14","formatid":"gen9championsvgc2026regmbbo3","rating":null,"private":0,"password":null}