{"id":"gen9championsvgc2026regmbbo3-2673427225","format":"[Gen 9 Champions] VGC 2026 Reg M-B (Bo3)","players":["Ieza","chimbangza"],"log":"|j|☆Ieza\n|j|☆chimbangza\n|html|<table width=\"100%\"><tr><td align=\"left\">Ieza</td><td align=\"right\">chimbangza</tr><tr><td align=\"left\"><i class=\"fa fa-circle\"></i> <i class=\"fa fa-circle-o\"></i> </td><td align=\"right\"><i class=\"fa fa-circle-o\"></i> <i class=\"fa fa-circle\"></i> </tr></table>\n|uhtml|bestof|<h2><strong>Game 3</strong> of <a href=\"/game-bestof3-gen9championsvgc2026regmbbo3-2673422384\">a best-of-3</a></h2>\n|t:|1788196475\n|gametype|doubles\n|player|p1|Ieza|102|1321\n|player|p2|chimbangza|dancer|1432\n|gen|9\n|tier|[Gen 9 Champions] VGC 2026 Reg M-B (Bo3)\n|rated|\n|rule|Species Clause: Limit one of each Pokémon\n|rule|Item Clause: Limit 1 of each item\n|clearpoke\n|poke|p1|Staraptor, L50, M|\n|poke|p1|Raichu, L50, F|\n|poke|p1|Primarina, L50, M|\n|poke|p1|Farigiraf, L50, M|\n|poke|p1|Incineroar, L50, M|\n|poke|p1|Sinistcha, L50|\n|poke|p2|Dragonite, L50, M|\n|poke|p2|Sneasler, L50, M|\n|poke|p2|Kingambit, L50, F|\n|poke|p2|Basculegion, L50, M|\n|poke|p2|Whimsicott, L50, M|\n|poke|p2|Floette-Eternal, L50, F|\n|teampreview|4\n|showteam|p1|Staraptor||Staraptite|Intimidate|BraveBird,CloseCombat,Roost,Protect|Adamant||M|||50|]Raichu||RaichuniteX|LightningRod|VoltTackle,FakeOut,Nuzzle,Encore|Jolly||F|||50|]Primarina||Leftovers|LiquidVoice|HyperVoice,Moonblast,CalmMind,Protect|Modest||M|||50|]Farigiraf||SitrusBerry|ArmorTail|PsychicNoise,TrickRoom,Protect,SkillSwap|Bold||M|||50|]Incineroar||ChopleBerry|Intimidate|FlareBlitz,FakeOut,PartingShot,ThroatChop|Careful||M|||50|]Sinistcha||KasibBerry|Hospitality|MatchaGotcha,TrickRoom,RagePowder,StrengthSap|Bold|||||50|\n|showteam|p2|Dragonite||Dragoninite|InnerFocus|DragonPulse,HeatWave,Thunderbolt,Protect|Modest||M|||50|]Sneasler||WhiteHerb|Unburden|DireClaw,CloseCombat,RockSlide,FakeOut|Jolly||M|||50|]Kingambit||ChopleBerry|Defiant|KowtowCleave,SuckerPunch,LowKick,IronHead|Adamant||F|||50|]Basculegion||LifeOrb|Adaptability|WaveCrash,LastRespects,AquaJet,Protect|Adamant||M|||50|]Whimsicott||FocusSash|Prankster|Moonblast,Tailwind,Encore,Protect|Timid||M|||50|]Floette-Eternal||Floettite|FlowerVeil|Moonblast,DazzlingGleam,LightofRuin,Protect|Timid||F|||50|\n|inactive|Battle timer is ON: inactive players will automatically lose when time's up. (requested by chimbangza)\n|inactive|Ieza has 60 seconds left.\n|inactive|chimbangza has 60 seconds left.\n|inactive|Ieza has 30 seconds left.\n|\n|t:|1788196537\n|teamsize|p1|4\n|teamsize|p2|4\n|start\n|switch|p1a: Incineroar|Incineroar, L50, M|100/100\n|switch|p1b: Staraptor|Staraptor, L50, M|100/100\n|switch|p2a: Basculegion|Basculegion, L50, M|100/100\n|switch|p2b: Sneasler|Sneasler, L50, M|100/100\n|-ability|p1b: Staraptor|Intimidate|boost\n|-unboost|p2a: Basculegion|atk|1\n|-unboost|p2b: Sneasler|atk|1\n|-ability|p1a: Incineroar|Intimidate|boost\n|-unboost|p2a: Basculegion|atk|1\n|-unboost|p2b: Sneasler|atk|1\n|-enditem|p2b: Sneasler|White Herb\n|-clearnegativeboost|p2b: Sneasler|[silent]\n|turn|1\n|inactive|chimbangza has 30 seconds left.\n|inactive|chimbangza has 20 seconds left.\n|\n|t:|1788196573\n|switch|p1a: Farigiraf|Farigiraf, L50, M|100/100\n|detailschange|p1b: Staraptor|Staraptor-Mega, L50, M\n|-mega|p1b: Staraptor|Staraptor|Staraptite\n|move|p2b: Sneasler|Fake Out||[still]\n|cant|p1a: Farigiraf|ability: Armor Tail|Fake Out|[of] p2b: Sneasler\n|move|p1b: Staraptor|Close Combat|p2b: Sneasler\n|-resisted|p2b: Sneasler|1\n|-damage|p2b: Sneasler|52/100\n|-boost|p1b: Staraptor|def|1\n|-boost|p1b: Staraptor|spd|1\n|move|p2a: Basculegion|Wave Crash|p1a: Farigiraf\n|-damage|p1a: Farigiraf|57/100\n|-damage|p2a: Basculegion|83/100|[from] Recoil\n|-damage|p2a: Basculegion|73/100|[from] item: Life Orb\n|\n|upkeep\n|turn|2\n|inactive|Ieza has 30 seconds left.\n|\n|t:|1788196610\n|switch|p2b: Floette|Floette-Eternal, L50, F|100/100\n|switch|p2a: Kingambit|Kingambit, L50, F|100/100\n|move|p1b: Staraptor|Brave Bird|p2a: Kingambit\n|-resisted|p2a: Kingambit|1\n|-damage|p2a: Kingambit|78/100\n|-damage|p1b: Staraptor|92/100|[from] Recoil\n|move|p1a: Farigiraf|Psychic Noise|p2b: Floette\n|-damage|p2b: Floette|71/100\n|-start|p2b: Floette|move: Heal Block\n|\n|upkeep\n|turn|3\n|inactive|Ieza has 30 seconds left.\n|inactive|Ieza has 20 seconds left.\n|inactive|Ieza has 15 seconds left.\n|inactive|Ieza has 10 seconds left.\n|\n|t:|1788196656\n|detailschange|p2b: Floette|Floette-Mega, L50, F\n|-mega|p2b: Floette|Floette|Floettite\n|-ability|p2b: Floette|Fairy Aura\n|move|p2b: Floette|Light of Ruin|p1b: Staraptor\n|-supereffective|p1b: Staraptor|1\n|-damage|p1b: Staraptor|0 fnt\n|faint|p1b: Staraptor\n|-damage|p2b: Floette|12/100|[from] Recoil\n|move|p2a: Kingambit|Low Kick|p1a: Farigiraf\n|-damage|p1a: Farigiraf|28/100\n|-enditem|p1a: Farigiraf|Sitrus Berry|[eat]\n|-heal|p1a: Farigiraf|53/100|[from] item: Sitrus Berry\n|move|p1a: Farigiraf|Trick Room|p1a: Farigiraf\n|-fieldstart|move: Trick Room|[of] p1a: Farigiraf\n|\n|-end|p2b: Floette|move: Heal Block\n|upkeep\n|\n|t:|1788196669\n|switch|p1b: Incineroar|Incineroar, L50, M|100/100\n|-ability|p1b: Incineroar|Intimidate|boost\n|-unboost|p2a: Kingambit|atk|1\n|-ability|p2a: Kingambit|Defiant|boost\n|-boost|p2a: Kingambit|atk|2\n|-unboost|p2b: Floette|atk|1\n|turn|4\n|\n|t:|1788196688\n|switch|p2b: Basculegion|Basculegion, L50, M|73/100\n|move|p1a: Farigiraf|Psychic Noise|p2b: Basculegion\n|-damage|p2b: Basculegion|42/100\n|-start|p2b: Basculegion|move: Heal Block\n|move|p1b: Incineroar|Flare Blitz|p2a: Kingambit\n|-supereffective|p2a: Kingambit|1\n|-damage|p2a: Kingambit|11/100\n|-damage|p1b: Incineroar|77/100|[from] Recoil\n|move|p2a: Kingambit|Kowtow Cleave|p1a: Farigiraf\n|-supereffective|p1a: Farigiraf|1\n|-damage|p1a: Farigiraf|0 fnt\n|faint|p1a: Farigiraf\n|\n|upkeep\n|\n|t:|1788196700\n|switch|p1a: Sinistcha|Sinistcha, L50|100/100\n|-heal|p1b: Incineroar|100/100|[from] ability: Hospitality|[of] p1a: Sinistcha\n|turn|5\n|\n|t:|1788196720\n|move|p2a: Kingambit|Sucker Punch||[still]\n|-fail|p2a: Kingambit\n|move|p1b: Incineroar|Flare Blitz|p2a: Kingambit\n|-supereffective|p2a: Kingambit|1\n|-damage|p2a: Kingambit|0 fnt\n|faint|p2a: Kingambit\n|-damage|p1b: Incineroar|96/100|[from] Recoil\n|move|p1a: Sinistcha|Strength Sap|p2b: Basculegion\n|-unboost|p2b: Basculegion|atk|1\n|move|p2b: Basculegion|Last Respects|p1a: Sinistcha\n|-supereffective|p1a: Sinistcha|1\n|-enditem|p1a: Sinistcha|Kasib Berry|[eat]\n|-enditem|p1a: Sinistcha|Kasib Berry|[weaken]\n|-damage|p1a: Sinistcha|50/100g\n|-damage|p2b: Basculegion|32/100|[from] item: Life Orb\n|\n|-end|p2b: Basculegion|move: Heal Block\n|upkeep\n|\n|t:|1788196726\n|switch|p2a: Sneasler|Sneasler, L50, M|52/100\n|turn|6\n|inactive|chimbangza has 30 seconds left.\n|\n|t:|1788196753\n|switch|p2b: Floette|Floette-Mega, L50, F|12/100\n|-ability|p2b: Floette|Fairy Aura\n|move|p2a: Sneasler|Fake Out|p1b: Incineroar\n|-damage|p1b: Incineroar|83/100\n|cant|p1b: Incineroar|flinch\n|move|p1a: Sinistcha|Matcha Gotcha|p2b: Floette|[spread] p2a,p2b\n|-resisted|p2a: Sneasler|1\n|-damage|p2a: Sneasler|35/100\n|-heal|p1a: Sinistcha|59/100|[from] drain|[of] p2a: Sneasler\n|-damage|p2b: Floette|0 fnt\n|-heal|p1a: Sinistcha|66/100|[from] drain|[of] p2b: Floette\n|faint|p2b: Floette\n|\n|upkeep\n|\n|t:|1788196755\n|switch|p2b: Basculegion|Basculegion, L50, M|32/100\n|turn|7\n|\n|t:|1788196780\n|move|p1b: Incineroar|Flare Blitz|p2a: Sneasler\n|-damage|p2a: Sneasler|0 fnt\n|faint|p2a: Sneasler\n|-damage|p1b: Incineroar|73/100|[from] Recoil\n|move|p1a: Sinistcha|Matcha Gotcha|p2b: Basculegion\n|-supereffective|p2b: Basculegion|1\n|-damage|p2b: Basculegion|0 fnt\n|-heal|p1a: Sinistcha|87/100|[from] drain|[of] p2b: Basculegion\n|faint|p2b: Basculegion\n|\n|win|Ieza\n|raw|Ieza's rating: 1321 &rarr; <strong>1347</strong><br />(+26 for winning)\n|raw|chimbangza's rating: 1432 &rarr; <strong>1406</strong><br />(-26 for losing)\n|l|☆chimbangza\n|player|p2|\n","uploadtime":1788197126,"views":"1","formatid":"gen9championsvgc2026regmbbo3","rating":1347,"private":0,"password":null}