{"id":"gen9championsvgc2026regmb-2674732216","format":"[Gen 9 Champions] VGC 2026 Reg M-B","players":["WrstEGirl","psychowarz"],"log":"|j|☆WrstEGirl\n|j|☆psychowarz\n|t:|1788397527\n|gametype|doubles\n|player|p1|WrstEGirl|dawn|1340\n|player|p2|psychowarz|guitarist-gen4|1316\n|gen|9\n|tier|[Gen 9 Champions] VGC 2026 Reg M-B\n|rated|\n|rule|Species Clause: Limit one of each Pokémon\n|rule|Item Clause: Limit 1 of each item\n|clearpoke\n|poke|p1|Basculegion, L50, M|\n|poke|p1|Meganium, L50, M|\n|poke|p1|Aerodactyl, L50, F|\n|poke|p1|Gholdengo, L50|\n|poke|p1|Tyranitar, L50, M|\n|poke|p1|Gallade, L50, M|\n|poke|p2|Charizard, L50, M|\n|poke|p2|Kingambit, L50, M|\n|poke|p2|Garchomp, L50, F|\n|poke|p2|Farigiraf, L50, F|\n|poke|p2|Whimsicott, L50, F|\n|poke|p2|Metagross, L50|\n|teampreview|4\nWrstEGirl rejected open team sheets.\n|inactive|Battle timer is ON: inactive players will automatically lose when time's up. (requested by WrstEGirl)\n|inactive|psychowarz has 60 seconds left.\n|\n|t:|1788397562\n|teamsize|p1|4\n|teamsize|p2|4\n|start\n|switch|p1a: Aerodactyl|Aerodactyl, L50, F|100/100\n|switch|p1b: Tyranitar|Tyranitar, L50, M|100/100\n|switch|p2a: Garchomp|Garchomp, L50, F|100/100\n|switch|p2b: Farigiraf|Farigiraf, L50, F|100/100\n|-ability|p1a: Aerodactyl|Unnerve\n|-weather|Sandstorm|[from] ability: Sand Stream|[of] p1b: Tyranitar\n|turn|1\n|inactive|WrstEGirl has 30 seconds left.\n|\n|t:|1788397594\n|move|p2b: Farigiraf|Protect|p2b: Farigiraf\n|-singleturn|p2b: Farigiraf|Protect\n|move|p1a: Aerodactyl|Tailwind|p1a: Aerodactyl\n|-sidestart|p1: WrstEGirl|move: Tailwind\n|move|p1b: Tyranitar|Ice Punch|p2a: Garchomp\n|-supereffective|p2a: Garchomp|2\n|-damage|p2a: Garchomp|0 fnt\n|-damage|p1b: Tyranitar|87/100|[from] ability: Rough Skin|[of] p2a: Garchomp\n|faint|p2a: Garchomp\n|\n|-weather|Sandstorm|[upkeep]\n|-damage|p2b: Farigiraf|93/100|[from] Sandstorm\n|upkeep\n|\n|t:|1788397608\n|switch|p2a: Kingambit|Kingambit, L50, M|100/100\n|turn|2\n|\n|t:|1788397628\n|switch|p1b: Meganium|Meganium, L50, M|100/100\n|move|p1a: Aerodactyl|Protect|p1a: Aerodactyl\n|-singleturn|p1a: Aerodactyl|Protect\n|move|p2a: Kingambit|Iron Head|p1a: Aerodactyl\n|-activate|p1a: Aerodactyl|move: Protect\n|move|p2b: Farigiraf|Trick Room|p2b: Farigiraf\n|-fieldstart|move: Trick Room|[of] p2b: Farigiraf\n|\n|-weather|Sandstorm|[upkeep]\n|-damage|p2b: Farigiraf|87/100|[from] Sandstorm\n|-damage|p1b: Meganium|93/100|[from] Sandstorm\n|upkeep\n|turn|3\n|\n|t:|1788397648\n|move|p1b: Meganium|Protect|p1b: Meganium\n|-singleturn|p1b: Meganium|Protect\n|move|p1a: Aerodactyl|Protect||[still]\n|-fail|p1a: Aerodactyl\n|move|p2b: Farigiraf|Imprison|p2b: Farigiraf\n|-start|p2b: Farigiraf|move: Imprison\n|move|p2a: Kingambit|Iron Head|p1b: Meganium\n|-activate|p1b: Meganium|move: Protect\n|\n|-weather|Sandstorm|[upkeep]\n|-damage|p2b: Farigiraf|81/100|[from] Sandstorm\n|-damage|p1b: Meganium|87/100|[from] Sandstorm\n|upkeep\n|turn|4\n|inactive|WrstEGirl has 30 seconds left.\n|\n|t:|1788397674\n|switch|p1b: Tyranitar|Tyranitar, L50, M|87/100\n|move|p2b: Farigiraf|Psychic|p1a: Aerodactyl\n|-damage|p1a: Aerodactyl|64/100\n|move|p2a: Kingambit|Iron Head|p1b: Tyranitar\n|-supereffective|p1b: Tyranitar|1\n|-damage|p1b: Tyranitar|0 fnt\n|faint|p1b: Tyranitar\n|move|p1a: Aerodactyl|Rock Slide|p2b: Farigiraf|[spread] p2a,p2b\n|-resisted|p2a: Kingambit|1\n|-damage|p2a: Kingambit|90/100\n|-damage|p2b: Farigiraf|55/100\n|\n|-weather|Sandstorm|[upkeep]\n|-damage|p2b: Farigiraf|48/100|[from] Sandstorm\n|-sideend|p1: WrstEGirl|move: Tailwind\n|upkeep\n|\n|t:|1788397692\n|switch|p1b: Meganium|Meganium, L50, M|87/100\n|turn|5\n|\n|t:|1788397709\n|detailschange|p1b: Meganium|Meganium-Mega, L50, M\n|-mega|p1b: Meganium|Meganium|Meganiumite\n|move|p2b: Farigiraf|Protect|p2b: Farigiraf\n|-singleturn|p2b: Farigiraf|Protect\n|move|p2a: Kingambit|Iron Head|p1a: Aerodactyl\n|-supereffective|p1a: Aerodactyl|1\n|-damage|p1a: Aerodactyl|0 fnt\n|-enditem|p2b: Farigiraf|Sitrus Berry|[eat]\n|-heal|p2b: Farigiraf|73/100|[from] item: Sitrus Berry\n|faint|p1a: Aerodactyl\n|move|p1b: Meganium|Weather Ball|p2a: Kingambit\n|-supereffective|p2a: Kingambit|1\n|-damage|p2a: Kingambit|0 fnt\n|faint|p2a: Kingambit\n|\n|-weather|none\n|upkeep\n|\n|t:|1788397722\n|switch|p2a: Charizard|Charizard, L50, M|100/100\n|switch|p1a: Basculegion|Basculegion, L50, M|100/100\n|turn|6\n|inactive|psychowarz has 30 seconds left.\n|\n|t:|1788397749\n|detailschange|p2a: Charizard|Charizard-Mega-Y, L50, M\n|-mega|p2a: Charizard|Charizard|Charizardite Y\n|-weather|SunnyDay|[from] ability: Drought|[of] p2a: Charizard\n|move|p2b: Farigiraf|Psychic|p1a: Basculegion\n|-damage|p1a: Basculegion|57/100\n|move|p1b: Meganium|Dazzling Gleam|p2a: Charizard|[spread] p2a,p2b\n|-resisted|p2a: Charizard|1\n|-damage|p2a: Charizard|82/100\n|-damage|p2b: Farigiraf|45/100\n|move|p1a: Basculegion|Wave Crash|p2a: Charizard\n|-supereffective|p2a: Charizard|1\n|-damage|p2a: Charizard|0 fnt\n|faint|p2a: Charizard\n|-damage|p1a: Basculegion|36/100|[from] Recoil\n|-damage|p1a: Basculegion|26/100|[from] item: Life Orb\n|\n|-weather|SunnyDay|[upkeep]\n|-fieldend|move: Trick Room\n|upkeep\n|turn|7\n|-message|psychowarz forfeited.\n|\n|win|WrstEGirl\n|raw|WrstEGirl's rating: 1340 &rarr; <strong>1359</strong><br />(+19 for winning)\n|raw|psychowarz's rating: 1316 &rarr; <strong>1297</strong><br />(-19 for losing)\n|l|☆psychowarz\n|player|p2|\n","uploadtime":1788397770,"views":"5","formatid":"gen9championsvgc2026regmb","rating":1297,"private":0,"password":null}