{"id":"gen9championsvgc2026regmbbo3-2674295630","format":"[Gen 9 Champions] VGC 2026 Reg M-B (Bo3)","players":["Pakaan64","Doomnik"],"log":"|j|☆Pakaan64\n|j|☆Doomnik\n|html|<table width=\"100%\"><tr><td align=\"left\">Pakaan64</td><td align=\"right\">Doomnik</tr><tr><td align=\"left\"><i class=\"fa fa-circle-o\"></i> <i class=\"fa fa-circle-o\"></i> </td><td align=\"right\"><i class=\"fa fa-circle-o\"></i> <i class=\"fa fa-circle-o\"></i> </tr></table>\n|uhtml|bestof|<h2><strong>Game 1</strong> of <a href=\"/game-bestof3-gen9championsvgc2026regmbbo3-2674295629\">a best-of-3</a></h2>\n|t:|1788334286\n|gametype|doubles\n|player|p1|Pakaan64|102|1337\n|player|p2|Doomnik|volkner|1330\n|gen|9\n|tier|[Gen 9 Champions] VGC 2026 Reg M-B (Bo3)\n|rated|\n|rule|Species Clause: Limit one of each Pokémon\n|rule|Item Clause: Limit 1 of each item\n|clearpoke\n|poke|p1|Dragalge, L50, M|\n|poke|p1|Incineroar, L50, F|\n|poke|p1|Farigiraf, L50, M|\n|poke|p1|Camerupt, L50, M|\n|poke|p1|Mimikyu, L50, M|\n|poke|p1|Maushold, L50|\n|poke|p2|Floette-Eternal, L50, F|\n|poke|p2|Sinistcha, L50|\n|poke|p2|Incineroar, L50, F|\n|poke|p2|Sneasler, L50, F|\n|poke|p2|Kingambit, L50, M|\n|poke|p2|Delphox, L50, M|\n|teampreview|4\n|showteam|p1|Dragalge||Dragalgite|Adaptability|FlipTurn,Protect,SludgeBomb,DracoMeteor|Quiet||M|||50|]Incineroar||LifeOrb|Intimidate|FakeOut,DarkestLariat,FlareBlitz,CloseCombat|Brave||F|||50|]Farigiraf||SitrusBerry|ArmorTail|TrickRoom,TwinBeam,Protect,HelpingHand|Bold||M|||50|]Camerupt||Cameruptite|SolidRock|AncientPower,EarthPower,HeatWave,Protect|Quiet||M|||50|]Mimikyu||MentalHerb|Disguise|TrickRoom,Protect,PlayRough,WillOWisp|Sassy||M|||50|]Maushold||WideLens|Technician|PopulationBomb,Protect,FollowMe,Encore|Jolly|||||50|\n|showteam|p2|Floette-Eternal||Floettite|FlowerVeil|DazzlingGleam,DrainingKiss,CalmMind,Protect|Modest||F|||50|]Sinistcha||KasibBerry|Hospitality|MatchaGotcha,RagePowder,TrickRoom,Protect|Calm|||||50|]Incineroar||SitrusBerry|Intimidate|FlareBlitz,ThroatChop,FakeOut,PartingShot|Impish||F|||50|]Sneasler||FocusSash|PoisonTouch|CloseCombat,DireClaw,FakeOut,QuickGuard|Jolly||F|||50|]Kingambit||BlackGlasses|Defiant|KowtowCleave,SuckerPunch,SwordsDance,Protect|Adamant||M|||50|]Delphox||Delphoxite|Blaze|HeatWave,Psychic,NastyPlot,Protect|Timid||M|||50|\n|inactive|Battle timer is ON: inactive players will automatically lose when time's up. (requested by Doomnik)\n|inactive|Pakaan64 also wants the timer to be on.\n|inactive|Doomnik has 60 seconds left.\n|\n|t:|1788334329\n|teamsize|p1|4\n|teamsize|p2|4\n|start\n|switch|p1a: Maushold|Maushold, L50|100/100\n|switch|p1b: Farigiraf|Farigiraf, L50, M|100/100\n|switch|p2a: Floette|Floette-Eternal, L50, F|100/100\n|switch|p2b: Incineroar|Incineroar, L50, F|100/100\n|-ability|p2b: Incineroar|Intimidate|boost\n|-unboost|p1a: Maushold|atk|1\n|-unboost|p1b: Farigiraf|atk|1\n|turn|1\n|\n|t:|1788334346\n|detailschange|p2a: Floette|Floette-Mega, L50, F\n|-mega|p2a: Floette|Floette|Floettite\n|-ability|p2a: Floette|Fairy Aura\n|move|p2a: Floette|Protect|p2a: Floette\n|-singleturn|p2a: Floette|Protect\n|move|p1a: Maushold|Follow Me|p1a: Maushold\n|-singleturn|p1a: Maushold|move: Follow Me\n|move|p2b: Incineroar|Parting Shot|p1a: Maushold\n|-unboost|p1a: Maushold|atk|1\n|-unboost|p1a: Maushold|spa|1\n|\n|t:|1788334360\n|switch|p2b: Sneasler|Sneasler, L50, F|100/100|[from] Parting Shot\n|move|p1b: Farigiraf|Trick Room|p1b: Farigiraf\n|-fieldstart|move: Trick Room|[of] p1b: Farigiraf\n|\n|upkeep\n|turn|2\n|\n|t:|1788334377\n|switch|p2b: Incineroar|Incineroar, L50, F|100/100\n|-ability|p2b: Incineroar|Intimidate|boost\n|-unboost|p1a: Maushold|atk|1\n|-unboost|p1b: Farigiraf|atk|1\n|move|p1b: Farigiraf|Twin Beam|p2b: Incineroar\n|-immune|p2b: Incineroar\n|move|p2a: Floette|Calm Mind|p2a: Floette\n|-boost|p2a: Floette|spa|1\n|-boost|p2a: Floette|spd|1\n|move|p1a: Maushold|Population Bomb|p2a: Floette\n|-damage|p2a: Floette|94/100\n|-damage|p2a: Floette|88/100\n|-damage|p2a: Floette|83/100\n|-damage|p2a: Floette|77/100\n|-damage|p2a: Floette|71/100\n|-damage|p2a: Floette|66/100\n|-damage|p2a: Floette|60/100\n|-damage|p2a: Floette|54/100\n|-damage|p2a: Floette|49/100\n|-damage|p2a: Floette|43/100\n|-hitcount|p2a: Floette|10\n|\n|upkeep\n|turn|3\n|\n|t:|1788334397\n|move|p1b: Farigiraf|Protect|p1b: Farigiraf\n|-singleturn|p1b: Farigiraf|Protect\n|move|p2a: Floette|Protect|p2a: Floette\n|-singleturn|p2a: Floette|Protect\n|move|p2b: Incineroar|Parting Shot|p1b: Farigiraf\n|-activate|p1b: Farigiraf|move: Protect\n|move|p1a: Maushold|Population Bomb|p2a: Floette\n|-activate|p2a: Floette|move: Protect\n|\n|upkeep\n|turn|4\n|l|☆Pakaan64\n|inactive|Pakaan64 disconnected and has a minute to reconnect!\n|player|p1|\n|inactive|Pakaan64 has 30 seconds left.\n|inactive|Pakaan64 has 20 seconds left.\n|inactive|Pakaan64 has 15 seconds left.\n|inactive|Pakaan64 has 10 seconds left.\n|inactive|Pakaan64 has 5 seconds left.\n|j|☆Pakaan64\n|inactive|Pakaan64 reconnected and has 5 seconds left.\n|player|p1|Pakaan64|102|\n|\n|t:|1788334453\n|move|p2b: Incineroar|Parting Shot|p1a: Maushold\n|-unboost|p1a: Maushold|atk|1\n|-unboost|p1a: Maushold|spa|1\n|\n|t:|1788334456\n|switch|p2b: Sinistcha|Sinistcha, L50|100/100|[from] Parting Shot\n|-heal|p2a: Floette|67/100|[from] ability: Hospitality|[of] p2b: Sinistcha\n|move|p2a: Floette|Draining Kiss|p1a: Maushold\n|-damage|p1a: Maushold|13/100\n|-heal|p2a: Floette|100/100|[from] drain|[of] p1a: Maushold\n|move|p1a: Maushold|Population Bomb|p2b: Sinistcha\n|-immune|p2b: Sinistcha\n|move|p1b: Farigiraf|Trick Room|p1b: Farigiraf\n|-fieldend|move: Trick Room\n|\n|upkeep\n|turn|5\n|\n|t:|1788334477\n|switch|p2b: Incineroar|Incineroar, L50, F|100/100\n|-ability|p2b: Incineroar|Intimidate|boost\n|-unboost|p1a: Maushold|atk|1\n|-unboost|p1b: Farigiraf|atk|1\n|move|p1b: Farigiraf|Helping Hand|p1a: Maushold\n|-singleturn|p1a: Maushold|Helping Hand|[of] p1b: Farigiraf\n|move|p1a: Maushold|Population Bomb|p2a: Floette\n|-damage|p2a: Floette|94/100\n|-damage|p2a: Floette|88/100\n|-damage|p2a: Floette|82/100\n|-damage|p2a: Floette|76/100\n|-damage|p2a: Floette|71/100\n|-damage|p2a: Floette|65/100\n|-damage|p2a: Floette|59/100\n|-damage|p2a: Floette|55/100\n|-damage|p2a: Floette|49/100\n|-damage|p2a: Floette|44/100\n|-hitcount|p2a: Floette|10\n|move|p2a: Floette|Dazzling Gleam|p1b: Farigiraf|[spread] p1a,p1b\n|-damage|p1a: Maushold|0 fnt\n|-damage|p1b: Farigiraf|32/100\n|-enditem|p1b: Farigiraf|Sitrus Berry|[eat]\n|-heal|p1b: Farigiraf|57/100|[from] item: Sitrus Berry\n|faint|p1a: Maushold\n|\n|upkeep\n|\n|t:|1788334481\n|switch|p1a: Incineroar|Incineroar, L50, F|100/100\n|-ability|p1a: Incineroar|Intimidate|boost\n|-unboost|p2a: Floette|atk|1\n|-unboost|p2b: Incineroar|atk|1\n|turn|6\n|inactive|Doomnik has 30 seconds left.\n|inactive|Doomnik has 20 seconds left.\n|\n|t:|1788334517\n|switch|p2b: Sinistcha|Sinistcha, L50|100/100\n|-heal|p2a: Floette|68/100|[from] ability: Hospitality|[of] p2b: Sinistcha\n|move|p1a: Incineroar|Fake Out|p2a: Floette\n|-damage|p2a: Floette|49/100\n|-damage|p1a: Incineroar|90/100|[from] item: Life Orb\n|cant|p2a: Floette|flinch\n|move|p1b: Farigiraf|Trick Room|p1b: Farigiraf\n|-fieldstart|move: Trick Room|[of] p1b: Farigiraf\n|\n|upkeep\n|turn|7\n|\n|t:|1788334531\n|move|p1b: Farigiraf|Protect|p1b: Farigiraf\n|-singleturn|p1b: Farigiraf|Protect\n|move|p2b: Sinistcha|Rage Powder|p2b: Sinistcha\n|-singleturn|p2b: Sinistcha|move: Rage Powder\n|move|p1a: Incineroar|Flare Blitz|p2b: Sinistcha\n|-supereffective|p2b: Sinistcha|1\n|-damage|p2b: Sinistcha|0 fnt\n|faint|p2b: Sinistcha\n|-damage|p1a: Incineroar|61/100|[from] Recoil\n|-damage|p1a: Incineroar|51/100|[from] item: Life Orb\n|move|p2a: Floette|Draining Kiss|p1b: Farigiraf\n|-activate|p1b: Farigiraf|move: Protect\n|\n|upkeep\n|\n|t:|1788334540\n|switch|p2b: Incineroar|Incineroar, L50, F|100/100\n|-ability|p2b: Incineroar|Intimidate|boost\n|-unboost|p1a: Incineroar|atk|1\n|-unboost|p1b: Farigiraf|atk|1\n|turn|8\n|\n|t:|1788334549\n|move|p1b: Farigiraf|Helping Hand|p1a: Incineroar\n|-singleturn|p1a: Incineroar|Helping Hand|[of] p1b: Farigiraf\n|move|p2a: Floette|Protect|p2a: Floette\n|-singleturn|p2a: Floette|Protect\n|move|p1a: Incineroar|Close Combat|p2b: Incineroar\n|-supereffective|p2b: Incineroar|1\n|-damage|p2b: Incineroar|22/100\n|-unboost|p1a: Incineroar|def|1\n|-unboost|p1a: Incineroar|spd|1\n|-enditem|p2b: Incineroar|Sitrus Berry|[eat]\n|-heal|p2b: Incineroar|47/100|[from] item: Sitrus Berry\n|-damage|p1a: Incineroar|41/100|[from] item: Life Orb\n|move|p2b: Incineroar|Parting Shot|p1a: Incineroar\n|-unboost|p1a: Incineroar|atk|1\n|-unboost|p1a: Incineroar|spa|1\n|\n|t:|1788334553\n|switch|p2b: Sneasler|Sneasler, L50, F|100/100|[from] Parting Shot\n|\n|upkeep\n|turn|9\n|\n|t:|1788334564\n|switch|p2b: Incineroar|Incineroar, L50, F|47/100\n|-ability|p2b: Incineroar|Intimidate|boost\n|-unboost|p1a: Incineroar|atk|1\n|-unboost|p1b: Farigiraf|atk|1\n|move|p1b: Farigiraf|Helping Hand|p1a: Incineroar\n|-singleturn|p1a: Incineroar|Helping Hand|[of] p1b: Farigiraf\n|move|p1a: Incineroar|Flare Blitz|p2a: Floette\n|-damage|p2a: Floette|0 fnt\n|faint|p2a: Floette\n|-damage|p1a: Incineroar|28/100|[from] Recoil\n|-damage|p1a: Incineroar|18/100|[from] item: Life Orb\n|\n|upkeep\n|\n|t:|1788334576\n|switch|p2a: Sneasler|Sneasler, L50, F|100/100\n|turn|10\n|\n|t:|1788334593\n|move|p1b: Farigiraf|Helping Hand|p1a: Incineroar\n|-singleturn|p1a: Incineroar|Helping Hand|[of] p1b: Farigiraf\n|move|p1a: Incineroar|Close Combat|p2b: Incineroar\n|-supereffective|p2b: Incineroar|1\n|-damage|p2b: Incineroar|0 fnt\n|-unboost|p1a: Incineroar|def|1\n|-unboost|p1a: Incineroar|spd|1\n|faint|p2b: Incineroar\n|-damage|p1a: Incineroar|8/100|[from] item: Life Orb\n|move|p2a: Sneasler|Close Combat|p1a: Incineroar\n|-supereffective|p1a: Incineroar|1\n|-damage|p1a: Incineroar|0 fnt\n|-unboost|p2a: Sneasler|def|1\n|-unboost|p2a: Sneasler|spd|1\n|faint|p1a: Incineroar\n|\n|-fieldend|move: Trick Room\n|upkeep\n|\n|t:|1788334597\n|switch|p1a: Camerupt|Camerupt, L50, M|100/100\n|turn|11\n|\n|t:|1788334605\n|detailschange|p1a: Camerupt|Camerupt-Mega, L50, M\n|-mega|p1a: Camerupt|Camerupt|Cameruptite\n|move|p1b: Farigiraf|Protect|p1b: Farigiraf\n|-singleturn|p1b: Farigiraf|Protect\n|move|p2a: Sneasler|Close Combat|p1b: Farigiraf\n|-activate|p1b: Farigiraf|move: Protect\n|move|p1a: Camerupt|Earth Power|p2a: Sneasler\n|-supereffective|p2a: Sneasler|1\n|-enditem|p2a: Sneasler|Focus Sash\n|-damage|p2a: Sneasler|1/100\n|\n|upkeep\n|turn|12\n|-message|Doomnik forfeited.\n|\n|win|Pakaan64\n","uploadtime":1788334610,"views":"3","formatid":"gen9championsvgc2026regmbbo3","rating":null,"private":0,"password":null}