{"id":"gen9championsvgc2026regmb-2674294041","format":"[Gen 9 Champions] VGC 2026 Reg M-B","players":["chibronlaser","pandemolde37"],"log":"|j|☆chibronlaser\n|j|☆pandemolde37\n|t:|1788333888\n|gametype|doubles\n|player|p1|chibronlaser|1|1065\n|player|p2|pandemolde37|miku-ground|1122\n|gen|9\n|tier|[Gen 9 Champions] VGC 2026 Reg M-B\n|rated|\n|rule|Species Clause: Limit one of each Pokémon\n|rule|Item Clause: Limit 1 of each item\n|clearpoke\n|poke|p1|Blaziken, L50, F|\n|poke|p1|Tyranitar, L50, F|\n|poke|p1|Sinistcha, L50|\n|poke|p1|Staraptor, L50, M|\n|poke|p1|Houndstone, L50, M|\n|poke|p1|Excadrill, L50, M|\n|poke|p2|Glimmora, L50, F|\n|poke|p2|Whimsicott, L50, M|\n|poke|p2|Hydreigon, L50, M|\n|poke|p2|Staraptor, L50, F|\n|poke|p2|Milotic, L50, F|\n|poke|p2|Gholdengo, L50|\n|teampreview|4\n|inactive|Battle timer is ON: inactive players will automatically lose when time's up. (requested by pandemolde37)\nchibronlaser rejected open team sheets.\n|inactive|pandemolde37 has 60 seconds left.\n|\n|t:|1788333920\n|teamsize|p1|4\n|teamsize|p2|4\n|start\n|switch|p1a: Blaziken|Blaziken, L50, F|100/100\n|switch|p1b: Houndstone|Houndstone, L50, M|100/100\n|switch|p2a: Whimsicott|Whimsicott, L50, M|100/100\n|switch|p2b: Staraptor|Staraptor, L50, F|100/100\n|-ability|p2b: Staraptor|Intimidate|boost\n|-unboost|p1a: Blaziken|atk|1\n|-unboost|p1b: Houndstone|atk|1\n|turn|1\n|\n|t:|1788333936\n|move|p2b: Staraptor|Protect|p2b: Staraptor\n|-singleturn|p2b: Staraptor|Protect\n|move|p2a: Whimsicott|Tailwind|p2a: Whimsicott\n|-sidestart|p2: pandemolde37|move: Tailwind\n|move|p1a: Blaziken|Substitute|p1a: Blaziken\n|-start|p1a: Blaziken|Substitute\n|-damage|p1a: Blaziken|75/100\n|move|p1b: Houndstone|Will-O-Wisp|p2b: Staraptor\n|-activate|p2b: Staraptor|move: Protect\n|\n|-ability|p1a: Blaziken|Speed Boost|boost\n|-boost|p1a: Blaziken|spe|1\n|upkeep\n|turn|2\n|\n|t:|1788333954\n|switch|p2b: Gholdengo|Gholdengo, L50|100/100\n|move|p2a: Whimsicott|Encore|p1a: Blaziken\n|-start|p1a: Blaziken|Encore\n|move|p1a: Blaziken|Substitute|p1a: Blaziken\n|-fail|p1a: Blaziken|move: Substitute\n|move|p1b: Houndstone|Will-O-Wisp|p2b: Gholdengo\n|-immune|p2b: Gholdengo|[from] ability: Good as Gold\n|\n|-ability|p1a: Blaziken|Speed Boost|boost\n|-boost|p1a: Blaziken|spe|1\n|upkeep\n|turn|3\n|inactive|chibronlaser has 30 seconds left.\n|inactive|chibronlaser has 20 seconds left.\n|\n|t:|1788333991\n|switch|p1b: Sinistcha|Sinistcha, L50|100/100\n|-heal|p1a: Blaziken|100/100|[from] ability: Hospitality|[of] p1b: Sinistcha\n|move|p2a: Whimsicott|Encore||[still]\n|-fail|p2a: Whimsicott\n|move|p2b: Gholdengo|Nasty Plot|p2b: Gholdengo\n|-boost|p2b: Gholdengo|spa|2\n|move|p1a: Blaziken|Substitute|p1a: Blaziken\n|-fail|p1a: Blaziken|move: Substitute\n|\n|-ability|p1a: Blaziken|Speed Boost|boost\n|-boost|p1a: Blaziken|spe|1\n|upkeep\n|turn|4\n|\n|t:|1788334016\n|switch|p1b: Houndstone|Houndstone, L50, M|100/100\n|move|p2a: Whimsicott|Moonblast|p1a: Blaziken\n|-end|p1a: Blaziken|Substitute\n|move|p1a: Blaziken|Substitute|p1a: Blaziken\n|-start|p1a: Blaziken|Substitute\n|-damage|p1a: Blaziken|75/100\n|move|p2b: Gholdengo|Shadow Ball|p1b: Houndstone\n|-supereffective|p1b: Houndstone|1\n|-damage|p1b: Houndstone|0 fnt\n|faint|p1b: Houndstone\n|\n|-end|p1a: Blaziken|Encore\n|-sideend|p2: pandemolde37|move: Tailwind\n|-ability|p1a: Blaziken|Speed Boost|boost\n|-boost|p1a: Blaziken|spe|1\n|upkeep\n|\n|t:|1788334031\n|switch|p1b: Sinistcha|Sinistcha, L50|100/100\n|-heal|p1a: Blaziken|100/100|[from] ability: Hospitality|[of] p1b: Sinistcha\n|turn|5\n|\n|t:|1788334038\n|move|p1b: Sinistcha|Rage Powder|p1b: Sinistcha\n|-singleturn|p1b: Sinistcha|move: Rage Powder\n|move|p2a: Whimsicott|Encore|p1a: Blaziken\n|-start|p1a: Blaziken|Encore\n|move|p1a: Blaziken|Substitute|p1a: Blaziken\n|-fail|p1a: Blaziken|move: Substitute\n|move|p2b: Gholdengo|Shadow Ball|p1b: Sinistcha\n|-supereffective|p1b: Sinistcha|1\n|-damage|p1b: Sinistcha|0 fnt\n|faint|p1b: Sinistcha\n|\n|-ability|p1a: Blaziken|Speed Boost|boost\n|-boost|p1a: Blaziken|spe|1\n|upkeep\n|-message|chibronlaser forfeited.\n|\n|win|pandemolde37\n|raw|chibronlaser's rating: 1065 &rarr; <strong>1048</strong><br />(-17 for losing)\n|raw|pandemolde37's rating: 1122 &rarr; <strong>1143</strong><br />(+21 for winning)\n|l|☆chibronlaser\n|player|p1|\n","uploadtime":1788334050,"views":"20","formatid":"gen9championsvgc2026regmb","rating":1048,"private":0,"password":null}