{"id":"gen9championsvgc2026regmb-2674770548","format":"[Gen 9 Champions] VGC 2026 Reg M-B","players":["dungvgc","BtC37"],"log":"|j|☆dungvgc\n|j|☆BtC37\n|t:|1788403573\n|gametype|doubles\n|player|p1|dungvgc|170|1231\n|player|p2|BtC37|ghetsis|1322\n|gen|9\n|tier|[Gen 9 Champions] VGC 2026 Reg M-B\n|rated|\n|rule|Species Clause: Limit one of each Pokémon\n|rule|Item Clause: Limit 1 of each item\n|clearpoke\n|poke|p1|Charizard, L50, M, shiny|\n|poke|p1|Incineroar, L50, M, shiny|\n|poke|p1|Garchomp, L50, F, shiny|\n|poke|p1|Hydreigon, L50, F|\n|poke|p1|Aerodactyl, L50, F|\n|poke|p1|Sneasler, L50, F, shiny|\n|poke|p2|Charizard, L50, F|\n|poke|p2|Pelipper, L50, F|\n|poke|p2|Archaludon, L50, M|\n|poke|p2|Venusaur, L50, M|\n|poke|p2|Swampert, L50, M|\n|poke|p2|Grimmsnarl, L50, M|\n|teampreview|4\n|inactive|Battle timer is ON: inactive players will automatically lose when time's up. (requested by BtC37)\n|inactive|BtC37 has 60 seconds left.\n|\n|t:|1788403619\n|teamsize|p1|4\n|teamsize|p2|4\n|start\n|switch|p1a: Hydreigon|Hydreigon, L50, F|100/100\n|switch|p1b: Sneasler|Sneasler, L50, F, shiny|100/100\n|switch|p2a: Grimmsnarl|Grimmsnarl, L50, M|100/100\n|switch|p2b: Swampert|Swampert, L50, M|100/100\n|turn|1\n|inactive|BtC37 has 30 seconds left.\n|\n|t:|1788403644\n|move|p2b: Swampert|Protect|p2b: Swampert\n|-singleturn|p2b: Swampert|Protect\n|move|p1b: Sneasler|Fake Out|p2a: Grimmsnarl\n|-damage|p2a: Grimmsnarl|86/100\n|cant|p2a: Grimmsnarl|flinch\n|move|p1a: Hydreigon|Heat Wave|p2a: Grimmsnarl|[spread] p2a\n|-activate|p2b: Swampert|move: Protect\n|-damage|p2a: Grimmsnarl|60/100\n|-status|p2a: Grimmsnarl|brn\n|\n|-damage|p2a: Grimmsnarl|54/100 brn|[from] brn\n|upkeep\n|turn|2\n|inactive|BtC37 has 30 seconds left.\n|inactive|BtC37 has 20 seconds left.\n|\n|t:|1788403682\n|switch|p1a: Garchomp|Garchomp, L50, F, shiny|100/100\n|switch|p2a: Pelipper|Pelipper, L50, F|100/100\n|-weather|RainDance|[from] ability: Drizzle|[of] p2a: Pelipper\n|detailschange|p2b: Swampert|Swampert-Mega, L50, M\n|-mega|p2b: Swampert|Swampert|Swampertite\n|move|p2b: Swampert|Ice Punch|p1a: Garchomp\n|-supereffective|p1a: Garchomp|2\n|-damage|p1a: Garchomp|0 fnt\n|-damage|p2b: Swampert|87/100|[from] ability: Rough Skin|[of] p1a: Garchomp\n|faint|p1a: Garchomp\n|move|p1b: Sneasler|Gunk Shot|p2a: Pelipper\n|-damage|p2a: Pelipper|41/100\n|-enditem|p2a: Pelipper|Sitrus Berry|[eat]\n|-heal|p2a: Pelipper|66/100|[from] item: Sitrus Berry\n|\n|-weather|RainDance|[upkeep]\n|upkeep\n|l|☆dungvgc\n|inactive|dungvgc disconnected and has a minute to reconnect!\n|player|p1|\n|j|☆dungvgc\n|inactive|dungvgc reconnected and has 35 seconds left.\n|player|p1|dungvgc|170|\n|inactive|dungvgc has 30 seconds left.\n|\n|t:|1788403710\n|switch|p1a: Charizard|Charizard, L50, M, shiny|100/100\n|turn|3\n|inactive|BtC37 has 30 seconds left.\n|\n|t:|1788403745\n|switch|p2b: Archaludon|Archaludon, L50, M|100/100\n|switch|p2a: Grimmsnarl|Grimmsnarl, L50, M|54/100 brn\n|detailschange|p1a: Charizard|Charizard-Mega-Y, L50, M, shiny\n|-mega|p1a: Charizard|Charizard|Charizardite Y\n|-weather|SunnyDay|[from] ability: Drought|[of] p1a: Charizard\n|move|p1b: Sneasler|Gunk Shot|p2a: Grimmsnarl\n|-supereffective|p2a: Grimmsnarl|1\n|-damage|p2a: Grimmsnarl|0 fnt\n|faint|p2a: Grimmsnarl\n|move|p1a: Charizard|Heat Wave|p2b: Archaludon\n|-damage|p2b: Archaludon|13/100\n|-ability|p2b: Archaludon|Stamina|boost\n|-boost|p2b: Archaludon|def|1\n|\n|-weather|SunnyDay|[upkeep]\n|-heal|p2b: Archaludon|19/100|[from] item: Leftovers\n|upkeep\n|\n|t:|1788403764\n|switch|p2a: Pelipper|Pelipper, L50, F|66/100\n|-weather|RainDance|[from] ability: Drizzle|[of] p2a: Pelipper\n|turn|4\n|\n|t:|1788403771\n|switch|p1a: Hydreigon|Hydreigon, L50, F|100/100\n|move|p2b: Archaludon|Protect|p2b: Archaludon\n|-singleturn|p2b: Archaludon|Protect\n|move|p1b: Sneasler|Close Combat|p2b: Archaludon\n|-activate|p2b: Archaludon|move: Protect\n|move|p2a: Pelipper|Tailwind|p2a: Pelipper\n|-sidestart|p2: BtC37|move: Tailwind\n|\n|-weather|RainDance|[upkeep]\n|-heal|p2b: Archaludon|25/100|[from] item: Leftovers\n|upkeep\n|turn|5\n|inactive|BtC37 has 30 seconds left.\n|\n|t:|1788403798\n|move|p2b: Archaludon|Dragon Pulse|p1a: Hydreigon\n|-supereffective|p1a: Hydreigon|1\n|-damage|p1a: Hydreigon|17/100\n|move|p1a: Hydreigon|Draco Meteor|p2b: Archaludon\n|-damage|p2b: Archaludon|0 fnt\n|-unboost|p1a: Hydreigon|spa|2\n|faint|p2b: Archaludon\n|move|p2a: Pelipper|Hurricane|p1b: Sneasler\n|-supereffective|p1b: Sneasler|1\n|-damage|p1b: Sneasler|1/100\n|move|p1b: Sneasler|Close Combat|p2a: Pelipper\n|-resisted|p2a: Pelipper|1\n|-damage|p2a: Pelipper|35/100\n|-unboost|p1b: Sneasler|def|1\n|-unboost|p1b: Sneasler|spd|1\n|-enditem|p1b: Sneasler|White Herb\n|-clearnegativeboost|p1b: Sneasler|[silent]\n|\n|-weather|RainDance|[upkeep]\n|upkeep\n|\n|t:|1788403817\n|switch|p2b: Swampert|Swampert-Mega, L50, M|87/100\n|turn|6\n|\n|t:|1788403829\n|move|p1b: Sneasler|Protect|p1b: Sneasler\n|-singleturn|p1b: Sneasler|Protect\n|move|p2b: Swampert|Wave Crash|p1a: Hydreigon\n|-resisted|p1a: Hydreigon|1\n|-damage|p1a: Hydreigon|0 fnt\n|faint|p1a: Hydreigon\n|-damage|p2b: Swampert|83/100|[from] Recoil\n|move|p2a: Pelipper|Weather Ball|p1b: Sneasler\n|-activate|p1b: Sneasler|move: Protect\n|\n|-weather|RainDance|[upkeep]\n|upkeep\n|\n|t:|1788403842\n|switch|p1a: Charizard|Charizard-Mega-Y, L50, M, shiny|100/100\n|-weather|SunnyDay|[from] ability: Drought|[of] p1a: Charizard\n|turn|7\n|\n|t:|1788403855\n|move|p1b: Sneasler|Gunk Shot|p2a: Pelipper|[miss]\n|-miss|p1b: Sneasler|p2a: Pelipper\n|move|p2b: Swampert|Ice Punch|p1b: Sneasler\n|-damage|p1b: Sneasler|0 fnt\n|faint|p1b: Sneasler\n|move|p2a: Pelipper|Hurricane|p1a: Charizard\n|-damage|p1a: Charizard|58/100\n|-start|p1a: Charizard|confusion\n|-activate|p1a: Charizard|confusion\n|move|p1a: Charizard|Solar Beam||[still]\n|-prepare|p1a: Charizard|Solar Beam\n|-anim|p1a: Charizard|Solar Beam|p2b: Swampert\n|-supereffective|p2b: Swampert|2\n|-damage|p2b: Swampert|0 fnt\n|faint|p2b: Swampert\n|\n|-weather|SunnyDay|[upkeep]\n|-sideend|p2: BtC37|move: Tailwind\n|upkeep\n|turn|8\n|inactive|BtC37 has 30 seconds left.\n|\n|t:|1788403880\n|-activate|p1a: Charizard|confusion\n|move|p1a: Charizard|Solar Beam||[still]\n|-prepare|p1a: Charizard|Solar Beam\n|-anim|p1a: Charizard|Solar Beam|p2a: Pelipper\n|-damage|p2a: Pelipper|0 fnt\n|faint|p2a: Pelipper\n|\n|win|dungvgc\n|raw|dungvgc's rating: 1231 &rarr; <strong>1262</strong><br />(+31 for winning)\n|raw|BtC37's rating: 1322 &rarr; <strong>1297</strong><br />(-25 for losing)\n","uploadtime":1788403884,"views":"0","formatid":"gen9championsvgc2026regmb","rating":1262,"private":0,"password":null}