{"id":"gen9championsvgc2026regmb-2674891200","format":"[Gen 9 Champions] VGC 2026 Reg M-B","players":["tommytinkle","shain gang"],"log":"|j|☆tommytinkle\n|j|☆shain gang\n|t:|1788430333\n|gametype|doubles\n|player|p1|tommytinkle|2|1082\n|player|p2|shain gang|lucas|1000\n|gen|9\n|tier|[Gen 9 Champions] VGC 2026 Reg M-B\n|rated|\n|rule|Species Clause: Limit one of each Pokémon\n|rule|Item Clause: Limit 1 of each item\n|clearpoke\n|poke|p1|Ninetales-Alola, L50, M|\n|poke|p1|Incineroar, L50, M|\n|poke|p1|Vivillon, L50, F|\n|poke|p1|Sneasler, L50, F|\n|poke|p1|Garchomp, L50, F|\n|poke|p1|Feraligatr, L50, F|\n|poke|p2|Hawlucha, L50, M|\n|poke|p2|Snorlax, L50, M|\n|poke|p2|Rhyperior, L50, F|\n|poke|p2|Espathra, L50, M|\n|poke|p2|Staraptor, L50, M|\n|poke|p2|Whimsicott, L50, M|\n|teampreview|4\n|inactive|Battle timer is ON: inactive players will automatically lose when time's up. (requested by tommytinkle)\n|inactive|tommytinkle has 60 seconds left.\n|\n|t:|1788430389\n|teamsize|p1|4\n|teamsize|p2|4\n|start\n|switch|p1a: Incineroar|Incineroar, L50, M|100/100\n|switch|p1b: Vivillon|Vivillon, L50, F|100/100\n|switch|p2a: Hawlucha|Hawlucha, L50, M|100/100\n|switch|p2b: Snorlax|Snorlax, L50, M|100/100\n|-ability|p2a: Hawlucha|Mold Breaker\n|-ability|p1a: Incineroar|Intimidate|boost\n|-unboost|p2a: Hawlucha|atk|1\n|-unboost|p2b: Snorlax|atk|1\n|turn|1\n|inactive|shain gang has 30 seconds left.\n|\n|t:|1788430418\n|move|p2a: Hawlucha|Protect|p2a: Hawlucha\n|-singleturn|p2a: Hawlucha|Protect\n|move|p2b: Snorlax|Protect|p2b: Snorlax\n|-singleturn|p2b: Snorlax|Protect\n|move|p1a: Incineroar|Fake Out|p2a: Hawlucha\n|-activate|p2a: Hawlucha|move: Protect\n|move|p1b: Vivillon|Sleep Powder|p2a: Hawlucha\n|-activate|p2a: Hawlucha|move: Protect\n|\n|upkeep\n|turn|2\n|\n|t:|1788430440\n|detailschange|p2a: Hawlucha|Hawlucha-Mega, L50, M\n|-mega|p2a: Hawlucha|Hawlucha|Hawluchanite\n|move|p2a: Hawlucha|Stone Edge|p1b: Vivillon\n|-supereffective|p1b: Vivillon|2\n|-enditem|p1b: Vivillon|Focus Sash\n|-damage|p1b: Vivillon|1/100\n|move|p1b: Vivillon|Sleep Powder|p2b: Snorlax\n|-status|p2b: Snorlax|slp|[from] move: Sleep Powder\n|move|p1a: Incineroar|Flare Blitz|p2b: Snorlax\n|-damage|p2b: Snorlax|82/100 slp\n|-damage|p1a: Incineroar|91/100|[from] Recoil\n|cant|p2b: Snorlax|slp\n|\n|upkeep\n|turn|3\n|inactive|shain gang has 30 seconds left.\n|\n|t:|1788430473\n|switch|p2a: Whimsicott|Whimsicott, L50, M|100/100\n|move|p1b: Vivillon|Tailwind|p1b: Vivillon\n|-sidestart|p1: tommytinkle|move: Tailwind\n|move|p1a: Incineroar|Flare Blitz|p2a: Whimsicott\n|-supereffective|p2a: Whimsicott|1\n|-damage|p2a: Whimsicott|10/100\n|-damage|p1a: Incineroar|64/100|[from] Recoil\n|cant|p2b: Snorlax|slp\n|\n|upkeep\n|turn|4\n|inactive|tommytinkle has 30 seconds left.\n|inactive|shain gang has 30 seconds left.\n|\n|t:|1788430506\n|move|p2a: Whimsicott|Encore|p1b: Vivillon\n|-start|p1b: Vivillon|Encore\n|move|p1b: Vivillon|Tailwind||[still]\n|-fail|p1b: Vivillon\n|move|p1a: Incineroar|Flare Blitz|p2a: Whimsicott\n|-supereffective|p2a: Whimsicott|1\n|-damage|p2a: Whimsicott|0 fnt\n|faint|p2a: Whimsicott\n|-damage|p1a: Incineroar|61/100|[from] Recoil\n|-curestatus|p2b: Snorlax|slp|[msg]\n|move|p2b: Snorlax|Supercell Slam|p1b: Vivillon\n|-supereffective|p1b: Vivillon|1\n|-damage|p1b: Vivillon|0 fnt\n|faint|p1b: Vivillon\n|\n|upkeep\n|\n|t:|1788430520\n|switch|p1b: Ninetales|Ninetales-Alola, L50, M|100/100\n|switch|p2a: Hawlucha|Hawlucha-Mega, L50, M|100/100\n|-weather|Snowscape|[from] ability: Snow Warning|[of] p1b: Ninetales\n|turn|5\n|\n|t:|1788430538\n|move|p1b: Ninetales|Moonblast|p2b: Snorlax\n|-damage|p2b: Snorlax|65/100\n|move|p1a: Incineroar|Throat Chop|p2b: Snorlax\n|-damage|p2b: Snorlax|42/100\n|-start|p2b: Snorlax|Throat Chop|[silent]\n|-enditem|p2b: Snorlax|Sitrus Berry|[eat]\n|-heal|p2b: Snorlax|67/100|[from] item: Sitrus Berry\n|move|p2a: Hawlucha|Entrainment|p2b: Snorlax\n|-ability|p2b: Snorlax|No Guard|Thick Fat|[from] move: Entrainment|[of] p2a: Hawlucha\n|move|p2b: Snorlax|Fissure|p1b: Ninetales\n|-damage|p1b: Ninetales|0 fnt\n|faint|p1b: Ninetales\n|-ohko\n|\n|-weather|Snowscape|[upkeep]\n|upkeep\n|-message|tommytinkle forfeited.\n|\n|win|shain gang\n|raw|tommytinkle's rating: 1082 &rarr; <strong>1055</strong><br />(-27 for losing)\n|raw|shain gang's rating: 1000 &rarr; <strong>1049</strong><br />(+49 for winning)\n|l|☆tommytinkle\n|player|p1|\n","uploadtime":1788430555,"views":"5","formatid":"gen9championsvgc2026regmb","rating":1049,"private":0,"password":null}