{"id":"gen9championsvgc2026regmb-2674915537","format":"[Gen 9 Champions] VGC 2026 Reg M-B","players":["drytron2","Thornlace48812"],"log":"|j|☆drytron2\n|j|☆Thornlace48812\n|t:|1788435263\n|gametype|doubles\n|player|p1|drytron2|hilbert|1217\n|player|p2|Thornlace48812|102|1210\n|gen|9\n|tier|[Gen 9 Champions] VGC 2026 Reg M-B\n|rated|\n|rule|Species Clause: Limit one of each Pokémon\n|rule|Item Clause: Limit 1 of each item\n|clearpoke\n|poke|p1|Whimsicott, L50, M|\n|poke|p1|Garchomp, L50, M|\n|poke|p1|Basculegion, L50, M|\n|poke|p1|Kingambit, L50, F|\n|poke|p1|Floette-Eternal, L50, F|\n|poke|p1|Charizard, L50, M|\n|poke|p2|Garchomp, L50, M|\n|poke|p2|Charizard, L50, M|\n|poke|p2|Whimsicott, L50, M|\n|poke|p2|Sylveon, L50, M|\n|poke|p2|Kingambit, L50, M|\n|poke|p2|Basculegion, L50, M|\n|teampreview|4\n|inactive|Battle timer is ON: inactive players will automatically lose when time's up. (requested by Thornlace48812)\nThornlace48812 rejected open team sheets.\n|\n|t:|1788435286\n|teamsize|p1|4\n|teamsize|p2|4\n|start\n|switch|p1a: Whimsicott|Whimsicott, L50, M|100/100\n|switch|p1b: Charizard|Charizard, L50, M|100/100\n|switch|p2a: Charizard|Charizard, L50, M|100/100\n|switch|p2b: Whimsicott|Whimsicott, L50, M|100/100\n|turn|1\n|\n|t:|1788435297\n|detailschange|p2a: Charizard|Charizard-Mega-Y, L50, M\n|-mega|p2a: Charizard|Charizard|Charizardite Y\n|-weather|SunnyDay|[from] ability: Drought|[of] p2a: Charizard\n|detailschange|p1b: Charizard|Charizard-Mega-Y, L50, M\n|-mega|p1b: Charizard|Charizard|Charizardite Y\n|move|p1a: Whimsicott|Tailwind|p1a: Whimsicott\n|-sidestart|p1: drytron2|move: Tailwind\n|move|p1b: Charizard|Heat Wave|p2a: Charizard|[spread] p2a\n|-miss|p1b: Charizard|p2b: Whimsicott\n|-resisted|p2a: Charizard|1\n|-damage|p2a: Charizard|67/100\n|move|p2b: Whimsicott|Moonblast|p1a: Whimsicott\n|-damage|p1a: Whimsicott|44/100\n|move|p2a: Charizard|Ancient Power|p1b: Charizard\n|-supereffective|p1b: Charizard|2\n|-damage|p1b: Charizard|2/100\n|\n|-weather|SunnyDay|[upkeep]\n|upkeep\n|turn|2\n|\n|t:|1788435320\n|move|p2a: Charizard|Protect|p2a: Charizard\n|-singleturn|p2a: Charizard|Protect\n|move|p2b: Whimsicott|Tailwind|p2b: Whimsicott\n|-sidestart|p2: Thornlace48812|move: Tailwind\n|move|p1a: Whimsicott|Moonblast|p2b: Whimsicott\n|-crit|p2b: Whimsicott\n|-damage|p2b: Whimsicott|13/100\n|move|p1b: Charizard|Heat Wave|p2b: Whimsicott|[spread] p2b\n|-activate|p2a: Charizard|move: Protect\n|-supereffective|p2b: Whimsicott|1\n|-damage|p2b: Whimsicott|0 fnt\n|faint|p2b: Whimsicott\n|\n|-weather|SunnyDay|[upkeep]\n|upkeep\n|\n|t:|1788435320\n|switch|p2b: Garchomp|Garchomp, L50, M|100/100\n|turn|3\n|\n|t:|1788435336\n|move|p1b: Charizard|Protect|p1b: Charizard\n|-singleturn|p1b: Charizard|Protect\n|move|p1a: Whimsicott|Encore|p2a: Charizard\n|-start|p2a: Charizard|Encore\n|move|p2a: Charizard|Protect||[still]\n|-fail|p2a: Charizard\n|move|p2b: Garchomp|Rock Slide|p1b: Charizard|[spread] \n|-activate|p1b: Charizard|move: Protect\n|-miss|p2b: Garchomp|p1a: Whimsicott\n|\n|-weather|SunnyDay|[upkeep]\n|upkeep\n|turn|4\n|\n|t:|1788435354\n|switch|p1b: Garchomp|Garchomp, L50, M|100/100\n|move|p2a: Charizard|Protect|p2a: Charizard\n|-singleturn|p2a: Charizard|Protect\n|move|p1a: Whimsicott|Moonblast|p2b: Garchomp\n|-supereffective|p2b: Garchomp|1\n|-damage|p2b: Garchomp|17/100\n|move|p2b: Garchomp|Rock Slide|p1b: Garchomp|[spread] p1a,p1b\n|-resisted|p1b: Garchomp|1\n|-damage|p1a: Whimsicott|8/100\n|-damage|p1b: Garchomp|88/100\n|-damage|p2b: Garchomp|8/100|[from] item: Life Orb\n|\n|-weather|SunnyDay|[upkeep]\n|-sideend|p1: drytron2|move: Tailwind\n|upkeep\n|turn|5\n|\n|t:|1788435365\n|move|p2a: Charizard|Protect||[still]\n|-fail|p2a: Charizard\n|move|p2b: Garchomp|Rock Slide|p1a: Whimsicott|[spread] p1a,p1b\n|-resisted|p1b: Garchomp|1\n|-damage|p1a: Whimsicott|0 fnt\n|-damage|p1b: Garchomp|76/100\n|faint|p1a: Whimsicott\n|-damage|p2b: Garchomp|0 fnt|[from] item: Life Orb\n|faint|p2b: Garchomp\n|move|p1b: Garchomp|Rock Slide|p2a: Charizard|[miss]\n|-miss|p1b: Garchomp|p2a: Charizard\n|\n|-weather|none\n|-end|p2a: Charizard|Encore\n|-sideend|p2: Thornlace48812|move: Tailwind\n|upkeep\n|\n|t:|1788435379\n|switch|p1a: Charizard|Charizard-Mega-Y, L50, M|2/100\n|switch|p2b: Basculegion|Basculegion, L50, M|100/100\n|-weather|SunnyDay|[from] ability: Drought|[of] p1a: Charizard\n|turn|6\n|\n|t:|1788435384\n|move|p1a: Charizard|Protect|p1a: Charizard\n|-singleturn|p1a: Charizard|Protect\n|move|p1b: Garchomp|Rock Slide|p2b: Basculegion|[spread] p2a\n|-miss|p1b: Garchomp|p2b: Basculegion\n|-supereffective|p2a: Charizard|2\n|-damage|p2a: Charizard|0 fnt\n|faint|p2a: Charizard\n|move|p2b: Basculegion|Last Respects|p1a: Charizard\n|-activate|p1a: Charizard|move: Protect\n|\n|-weather|SunnyDay|[upkeep]\n|upkeep\n|turn|7\n|\n|t:|1788435401\n|move|p2b: Basculegion|Aqua Jet|p1a: Charizard\n|-supereffective|p1a: Charizard|1\n|-damage|p1a: Charizard|0 fnt\n|faint|p1a: Charizard\n|move|p1b: Garchomp|Dragon Claw|p2b: Basculegion\n|-damage|p2b: Basculegion|49/100\n|\n|-weather|SunnyDay|[upkeep]\n|upkeep\n|\n|t:|1788435407\n|switch|p1a: Kingambit|Kingambit, L50, F|100/100\n|turn|8\n|\n|t:|1788435411\n|move|p2b: Basculegion|Protect|p2b: Basculegion\n|-singleturn|p2b: Basculegion|Protect\n|move|p1b: Garchomp|Dragon Claw|p2b: Basculegion\n|-activate|p2b: Basculegion|move: Protect\n|move|p1a: Kingambit|Kowtow Cleave|p2b: Basculegion\n|-activate|p2b: Basculegion|move: Protect\n|\n|-weather|SunnyDay|[upkeep]\n|upkeep\n|turn|9\n|\n|t:|1788435417\n|move|p2b: Basculegion|Aqua Jet|p1b: Garchomp\n|-damage|p1b: Garchomp|60/100\n|-damage|p2b: Basculegion|36/100|[from] ability: Rough Skin|[of] p1b: Garchomp\n|move|p1b: Garchomp|Dragon Claw|p2b: Basculegion\n|-damage|p2b: Basculegion|0 fnt\n|faint|p2b: Basculegion\n|\n|win|drytron2\n|raw|drytron2's rating: 1217 &rarr; <strong>1235</strong><br />(+18 for winning)\n|raw|Thornlace48812's rating: 1120 &rarr; <strong>1102</strong><br />(-18 for losing)\n","uploadtime":1788435417,"views":"1","formatid":"gen9championsvgc2026regmb","rating":1102,"private":0,"password":null}