{"id":"gen9championsvgc2026regmb-2674233904","format":"[Gen 9 Champions] VGC 2026 Reg M-B","players":["Its Caerus","GWMuk"],"log":"|j|☆Its Caerus\n|j|☆GWMuk\n|t:|1788320065\n|gametype|doubles\n|player|p1|Its Caerus|steven|1412\n|player|p2|GWMuk|chuck|1311\n|gen|9\n|tier|[Gen 9 Champions] VGC 2026 Reg M-B\n|rated|\n|rule|Species Clause: Limit one of each Pokémon\n|rule|Item Clause: Limit 1 of each item\n|clearpoke\n|poke|p1|Gengar, L50, F, shiny|\n|poke|p1|Incineroar, L50, M|\n|poke|p1|Politoed, L50, M, shiny|\n|poke|p1|Sableye, L50, F|\n|poke|p1|Vivillon-Elegant, L50, F|\n|poke|p1|Kingambit, L50, M, shiny|\n|poke|p2|Hydreigon, L50, F|\n|poke|p2|Charizard, L50, F|\n|poke|p2|Sneasler, L50, F|\n|poke|p2|Incineroar, L50, M|\n|poke|p2|Mamoswine, L50, M|\n|poke|p2|Toxapex, L50, M|\n|teampreview|4\n|inactive|Battle timer is ON: inactive players will automatically lose when time's up. (requested by Its Caerus)\n|inactive|GWMuk also wants the timer to be on.\n|inactive|Its Caerus has 60 seconds left.\n|\n|t:|1788320111\n|teamsize|p1|4\n|teamsize|p2|4\n|start\n|switch|p1a: Gojo|Sableye, L50, F|100/100\n|switch|p1b: Albinox|Gengar, L50, F, shiny|100/100\n|switch|p2a: Hydreigon|Hydreigon, L50, F|100/100\n|switch|p2b: Sneasler|Sneasler, L50, F|100/100\n|turn|1\n|\n|t:|1788320130\n|switch|p2b: Mamoswine|Mamoswine, L50, M|100/100\n|detailschange|p1b: Albinox|Gengar-Mega, L50, F, shiny\n|-mega|p1b: Albinox|Gengar|Gengarite\n|move|p1a: Gojo|Fake Out|p2a: Hydreigon\n|-damage|p2a: Hydreigon|92/100\n|cant|p2a: Hydreigon|flinch\n|move|p1b: Albinox|Perish Song|p1b: Albinox\n|-start|p1a: Gojo|perish3|[silent]\n|-start|p1b: Albinox|perish3|[silent]\n|-start|p2a: Hydreigon|perish3|[silent]\n|-start|p2b: Mamoswine|perish3|[silent]\n|-fieldactivate|move: Perish Song\n|\n|-start|p2a: Hydreigon|perish3\n|-start|p1b: Albinox|perish3\n|-start|p2b: Mamoswine|perish3\n|-start|p1a: Gojo|perish3\n|upkeep\n|turn|2\n|\n|t:|1788320154\n|switch|p1a: Carlquest|Incineroar, L50, M|100/100\n|-ability|p1a: Carlquest|Intimidate|boost\n|-unboost|p2a: Hydreigon|atk|1\n|-fail|p2b: Mamoswine|unboost|atk|[from] ability: Oblivious|[of] p2b: Mamoswine\n|move|p1b: Albinox|Protect|p1b: Albinox\n|-singleturn|p1b: Albinox|Protect\n|move|p2a: Hydreigon|Snarl|p1a: Carlquest|[spread] p1a\n|-activate|p1b: Albinox|move: Protect\n|-resisted|p1a: Carlquest|1\n|-damage|p1a: Carlquest|91/100\n|-unboost|p1a: Carlquest|spa|1\n|move|p2b: Mamoswine|Earthquake|p1a: Carlquest|[spread] p1a\n|-activate|p1b: Albinox|move: Protect\n|-immune|p2a: Hydreigon|[from] ability: Levitate\n|-supereffective|p1a: Carlquest|1\n|-damage|p1a: Carlquest|19/100\n|-enditem|p1a: Carlquest|Sitrus Berry|[eat]\n|-heal|p1a: Carlquest|44/100|[from] item: Sitrus Berry\n|\n|-start|p2a: Hydreigon|perish2\n|-start|p1b: Albinox|perish2\n|-start|p2b: Mamoswine|perish2\n|upkeep\n|turn|3\n|inactive|Its Caerus has 30 seconds left.\n|inactive|Its Caerus has 20 seconds left.\n|\n|t:|1788320190\n|switch|p1b: Cotton Candy|Politoed, L50, M, shiny|100/100\n|-weather|RainDance|[from] ability: Drizzle|[of] p1b: Cotton Candy\n|move|p2a: Hydreigon|Snarl|p1a: Carlquest|[spread] p1a,p1b\n|-resisted|p1a: Carlquest|1\n|-damage|p1a: Carlquest|35/100\n|-damage|p1b: Cotton Candy|79/100\n|-unboost|p1a: Carlquest|spa|1\n|-unboost|p1b: Cotton Candy|spa|1\n|move|p2b: Mamoswine|Earthquake|p1a: Carlquest|[spread] p1a,p1b\n|-immune|p2a: Hydreigon|[from] ability: Levitate\n|-supereffective|p1a: Carlquest|1\n|-damage|p1a: Carlquest|0 fnt\n|-damage|p1b: Cotton Candy|44/100\n|faint|p1a: Carlquest\n|\n|-weather|RainDance|[upkeep]\n|-heal|p1b: Cotton Candy|50/100g|[from] item: Leftovers\n|-start|p2a: Hydreigon|perish1\n|-start|p2b: Mamoswine|perish1\n|upkeep\n|\n|t:|1788320203\n|switch|p1a: Albinox|Gengar-Mega, L50, F, shiny|100/100\n|turn|4\n|\n|t:|1788320210\n|move|p1a: Albinox|Protect|p1a: Albinox\n|-singleturn|p1a: Albinox|Protect\n|move|p1b: Cotton Candy|Protect|p1b: Cotton Candy\n|-singleturn|p1b: Cotton Candy|Protect\n|move|p2a: Hydreigon|Snarl|p1a: Albinox|[spread] \n|-activate|p1a: Albinox|move: Protect\n|-activate|p1b: Cotton Candy|move: Protect\n|move|p2b: Mamoswine|Earthquake|p1b: Cotton Candy|[spread] \n|-activate|p1a: Albinox|move: Protect\n|-activate|p1b: Cotton Candy|move: Protect\n|-immune|p2a: Hydreigon|[from] ability: Levitate\n|\n|-weather|RainDance|[upkeep]\n|-heal|p1b: Cotton Candy|56/100|[from] item: Leftovers\n|-start|p2a: Hydreigon|perish0\n|-start|p2b: Mamoswine|perish0\n|faint|p2a: Hydreigon\n|faint|p2b: Mamoswine\n|upkeep\n|\n|t:|1788320214\n|switch|p2a: Charizard|Charizard, L50, F|100/100\n|switch|p2b: Sneasler|Sneasler, L50, F|100/100\n|turn|5\n|\n|t:|1788320229\n|switch|p1b: Gojo|Sableye, L50, F|100/100\n|detailschange|p2a: Charizard|Charizard-Mega-Y, L50, F\n|-mega|p2a: Charizard|Charizard|Charizardite Y\n|-weather|SunnyDay|[from] ability: Drought|[of] p2a: Charizard\n|move|p2b: Sneasler|Close Combat|p1b: Gojo\n|-immune|p1b: Gojo\n|move|p2a: Charizard|Weather Ball|p1a: Albinox\n|-damage|p1a: Albinox|15/100\n|move|p1a: Albinox|Perish Song|p1a: Albinox\n|-start|p1a: Albinox|perish3|[silent]\n|-start|p1b: Gojo|perish3|[silent]\n|-start|p2a: Charizard|perish3|[silent]\n|-start|p2b: Sneasler|perish3|[silent]\n|-fieldactivate|move: Perish Song\n|\n|-weather|SunnyDay|[upkeep]\n|-start|p2b: Sneasler|perish3\n|-start|p2a: Charizard|perish3\n|-start|p1a: Albinox|perish3\n|-start|p1b: Gojo|perish3\n|upkeep\n|turn|6\n|\n|t:|1788320247\n|move|p1b: Gojo|Protect|p1b: Gojo\n|-singleturn|p1b: Gojo|Protect\n|move|p1a: Albinox|Protect|p1a: Albinox\n|-singleturn|p1a: Albinox|Protect\n|move|p2b: Sneasler|Dire Claw|p1b: Gojo\n|-activate|p1b: Gojo|move: Protect\n|move|p2a: Charizard|Heat Wave|p1a: Albinox|[spread] \n|-activate|p1a: Albinox|move: Protect\n|-activate|p1b: Gojo|move: Protect\n|\n|-weather|SunnyDay|[upkeep]\n|-start|p2b: Sneasler|perish2\n|-start|p2a: Charizard|perish2\n|-start|p1a: Albinox|perish2\n|-start|p1b: Gojo|perish2\n|upkeep\n|turn|7\n|-message|GWMuk forfeited.\n|\n|win|Its Caerus\n|raw|Its Caerus's rating: 1412 &rarr; <strong>1426</strong><br />(+14 for winning)\n|raw|GWMuk's rating: 1311 &rarr; <strong>1297</strong><br />(-14 for losing)\n|l|☆GWMuk\n|player|p2|\n","uploadtime":1788320264,"views":"26","formatid":"gen9championsvgc2026regmb","rating":1297,"private":0,"password":null}