{"id":"gen9championsvgc2026regmb-2674055656","format":"[Gen 9 Champions] VGC 2026 Reg M-B","players":["cinarguncavdi2231","Hedgehogwarrior"],"log":"|j|‽cinarguncavdi2231\n|j|☆Hedgehogwarrior\n|t:|1788293290\n|gametype|doubles\n|player|p1|cinarguncavdi2231|101|1478\n|player|p2|Hedgehogwarrior|170|1440\n|gen|9\n|tier|[Gen 9 Champions] VGC 2026 Reg M-B\n|rated|\n|rule|Species Clause: Limit one of each Pokémon\n|rule|Item Clause: Limit 1 of each item\n|clearpoke\n|poke|p1|Raichu, L50, F|\n|poke|p1|Scolipede, L50, M|\n|poke|p1|Ceruledge, L50, M|\n|poke|p1|Weavile, L50, F|\n|poke|p1|Milotic, L50, F|\n|poke|p1|Sinistcha, L50|\n|poke|p2|Garchomp, L50, F|\n|poke|p2|Milotic, L50, F|\n|poke|p2|Zoroark-Hisui, L50, F|\n|poke|p2|Orthworm, L50, F|\n|poke|p2|Whimsicott, L50, M|\n|poke|p2|Delphox, L50, F|\n|teampreview|4\n|inactive|Battle timer is ON: inactive players will automatically lose when time's up. (requested by cinarguncavdi2231)\n|\n|t:|1788293317\n|teamsize|p1|4\n|teamsize|p2|4\n|start\n|switch|p1a: Raichu|Raichu, L50, F|100/100\n|switch|p1b: Weavile|Weavile, L50, F|100/100\n|switch|p2a: Delphox|Delphox, L50, F|100/100\n|switch|p2b: Whimsicott|Whimsicott, L50, M|100/100\n|turn|1\n|\n|t:|1788293340\n|detailschange|p1a: Raichu|Raichu-Mega-Y, L50, F\n|-mega|p1a: Raichu|Raichu|Raichunite Y\n|move|p2b: Whimsicott|Protect|p2b: Whimsicott\n|-singleturn|p2b: Whimsicott|Protect\n|move|p1b: Weavile|Triple Axel|p2b: Whimsicott\n|-activate|p2b: Whimsicott|move: Protect\n|move|p1a: Raichu|Zap Cannon|p2a: Delphox\n|-enditem|p2a: Delphox|Focus Sash\n|-damage|p2a: Delphox|1/100\n|-status|p2a: Delphox|par\n|replace|p2a: Zoroark|Zoroark-Hisui, L50, F\n|-end|p2a: Zoroark|Illusion\n|move|p2a: Zoroark|Icy Wind|p1b: Weavile|[spread] p1a,p1b\n|-resisted|p1b: Weavile|1\n|-damage|p1a: Raichu|82/100\n|-damage|p1b: Weavile|90/100\n|-unboost|p1a: Raichu|spe|1\n|-unboost|p1b: Weavile|spe|1\n|\n|upkeep\n|turn|2\n|l|☆Hedgehogwarrior\n|inactive|Hedgehogwarrior disconnected and has a minute to reconnect!\n|player|p2|\n|inactive|Hedgehogwarrior has 30 seconds left.\n|j|☆Hedgehogwarrior\n|inactive|Hedgehogwarrior reconnected and has 30 seconds left.\n|player|p2|Hedgehogwarrior|170|\n|inactive|Hedgehogwarrior has 20 seconds left.\n|\n|t:|1788293376\n|switch|p1b: Milotic|Milotic, L50, F|100/100\n|move|p1a: Raichu|Protect|p1a: Raichu\n|-singleturn|p1a: Raichu|Protect\n|move|p2b: Whimsicott|Tailwind|p2b: Whimsicott\n|-sidestart|p2: Hedgehogwarrior|move: Tailwind\n|move|p2a: Zoroark|Flamethrower|p1b: Milotic\n|-resisted|p1b: Milotic|1\n|-damage|p1b: Milotic|90/100\n|-status|p1b: Milotic|brn\n|\n|-heal|p1b: Milotic|96/100 brn|[from] item: Leftovers\n|-damage|p1b: Milotic|90/100 brn|[from] brn\n|upkeep\n|turn|3\n|inactive|Hedgehogwarrior has 30 seconds left.\n|\n|t:|1788293402\n|switch|p1a: Weavile|Weavile, L50, F|90/100\n|move|p2b: Whimsicott|Moonblast|p1a: Weavile\n|-supereffective|p1a: Weavile|1\n|-damage|p1a: Weavile|0 fnt\n|faint|p1a: Weavile\n|move|p2a: Zoroark|Bitter Malice|p1b: Milotic\n|-damage|p1b: Milotic|65/100 brn\n|-unboost|p1b: Milotic|atk|1\n|-ability|p1b: Milotic|Competitive|boost\n|-boost|p1b: Milotic|spa|2\n|move|p1b: Milotic|Coil|p1b: Milotic\n|-boost|p1b: Milotic|atk|1\n|-boost|p1b: Milotic|def|1\n|-boost|p1b: Milotic|accuracy|1\n|\n|-heal|p1b: Milotic|71/100 brn|[from] item: Leftovers\n|-damage|p1b: Milotic|65/100 brn|[from] brn\n|upkeep\n|\n|t:|1788293408\n|switch|p1a: Raichu|Raichu-Mega-Y, L50, F|82/100\n|turn|4\n|inactive|Hedgehogwarrior has 30 seconds left.\n|\n|t:|1788293439\n|move|p1a: Raichu|Fake Out|p2b: Whimsicott\n|-damage|p2b: Whimsicott|86/100\n|cant|p2b: Whimsicott|flinch\n|cant|p2a: Zoroark|par\n|move|p1b: Milotic|Muddy Water|p2a: Zoroark|[spread] p2a,p2b\n|-resisted|p2b: Whimsicott|1\n|-damage|p2a: Zoroark|0 fnt\n|-damage|p2b: Whimsicott|49/100\n|-unboost|p2b: Whimsicott|accuracy|1\n|faint|p2a: Zoroark\n|\n|-heal|p1b: Milotic|71/100 brn|[from] item: Leftovers\n|-damage|p1b: Milotic|65/100 brn|[from] brn\n|upkeep\n|\n|t:|1788293457\n|switch|p2a: Garchomp|Garchomp, L50, F|100/100\n|turn|5\n|\n|t:|1788293467\n|switch|p1a: Ceruledge|Ceruledge, L50, M|100/100\n|move|p2b: Whimsicott|Moonblast|p1b: Milotic|[miss]\n|-miss|p2b: Whimsicott|p1b: Milotic\n|move|p2a: Garchomp|Rock Slide|p1b: Milotic|[spread] p1a,p1b\n|-supereffective|p1a: Ceruledge|1\n|-damage|p1a: Ceruledge|38/100\n|-damage|p1b: Milotic|49/100 brn\n|-damage|p2a: Garchomp|90/100|[from] item: Life Orb\n|move|p1b: Milotic|Muddy Water|p2a: Garchomp|[spread] p2a,p2b\n|-resisted|p2b: Whimsicott|1\n|-damage|p2a: Garchomp|38/100\n|-damage|p2b: Whimsicott|8/100\n|\n|-heal|p1b: Milotic|55/100 brn|[from] item: Leftovers\n|-damage|p1b: Milotic|49/100 brn|[from] brn\n|-sideend|p2: Hedgehogwarrior|move: Tailwind\n|upkeep\n|turn|6\n|\n|t:|1788293487\n|move|p2b: Whimsicott|Tailwind|p2b: Whimsicott\n|-sidestart|p2: Hedgehogwarrior|move: Tailwind\n|move|p1a: Ceruledge|Shadow Sneak|p2b: Whimsicott\n|-crit|p2b: Whimsicott\n|-damage|p2b: Whimsicott|0 fnt\n|faint|p2b: Whimsicott\n|move|p2a: Garchomp|Earthquake|p1a: Ceruledge|[spread] p1a,p1b\n|-supereffective|p1a: Ceruledge|1\n|-damage|p1a: Ceruledge|0 fnt\n|-damage|p1b: Milotic|12/100 brn\n|faint|p1a: Ceruledge\n|-damage|p2a: Garchomp|28/100|[from] item: Life Orb\n|move|p1b: Milotic|Recover|p1b: Milotic\n|-heal|p1b: Milotic|62/100 brn\n|\n|-heal|p1b: Milotic|68/100 brn|[from] item: Leftovers\n|-damage|p1b: Milotic|62/100 brn|[from] brn\n|upkeep\n|\n|t:|1788293504\n|switch|p2b: Delphox|Delphox, L50, F|100/100\n|switch|p1a: Raichu|Raichu-Mega-Y, L50, F|82/100\n|turn|7\n|\n|t:|1788293519\n|detailschange|p2b: Delphox|Delphox-Mega, L50, F\n|-mega|p2b: Delphox|Delphox|Delphoxite\n|move|p2b: Delphox|Protect|p2b: Delphox\n|-singleturn|p2b: Delphox|Protect\n|move|p2a: Garchomp|Protect|p2a: Garchomp\n|-singleturn|p2a: Garchomp|Protect\n|move|p1a: Raichu|Fake Out|p2b: Delphox\n|-activate|p2b: Delphox|move: Protect\n|move|p1b: Milotic|Recover|p1b: Milotic\n|-heal|p1b: Milotic|100/100 brn\n|\n|-damage|p1b: Milotic|94/100 brn|[from] brn\n|upkeep\n|turn|8\n|\n|t:|1788293544\n|move|p2b: Delphox|Heat Wave|p1a: Raichu|[spread] p1a,p1b\n|-resisted|p1b: Milotic|1\n|-damage|p1a: Raichu|30/100\n|-damage|p1b: Milotic|81/100 brn\n|move|p2a: Garchomp|Rock Slide|p1b: Milotic|[spread] p1a,p1b\n|-damage|p1a: Raichu|0 fnt\n|-damage|p1b: Milotic|64/100 brn\n|faint|p1a: Raichu\n|-damage|p2a: Garchomp|19/100|[from] item: Life Orb\n|move|p1b: Milotic|Muddy Water|p2b: Delphox|[spread] p2a,p2b\n|-supereffective|p2b: Delphox|1\n|-damage|p2a: Garchomp|0 fnt\n|-damage|p2b: Delphox|9/100\n|faint|p2a: Garchomp\n|\n|-heal|p1b: Milotic|70/100 brn|[from] item: Leftovers\n|-damage|p1b: Milotic|64/100 brn|[from] brn\n|upkeep\n|turn|9\n|\n|t:|1788293563\n|move|p2b: Delphox|Shadow Ball|p1b: Milotic\n|-damage|p1b: Milotic|41/100 brn\n|move|p1b: Milotic|Muddy Water|p2b: Delphox\n|-supereffective|p2b: Delphox|1\n|-damage|p2b: Delphox|0 fnt\n|faint|p2b: Delphox\n|\n|win|cinarguncavdi2231\n|raw|cinarguncavdi2231's rating: 1478 &rarr; <strong>1496</strong><br />(+18 for winning)\n|raw|Hedgehogwarrior's rating: 1440 &rarr; <strong>1422</strong><br />(-18 for losing)\n|l|☆Hedgehogwarrior\n|player|p2|\n","uploadtime":1788293570,"views":"5","formatid":"gen9championsvgc2026regmb","rating":1422,"private":0,"password":null}