{"id":"gen9championsvgc2026regmbbo3-2673681455","format":"[Gen 9 Champions] VGC 2026 Reg M-B (Bo3)","players":["Giushok","Ic and"],"log":"|j|☆Giushok\n|j|☆Ic and\n|html|<table width=\"100%\"><tr><td align=\"left\">Giushok</td><td align=\"right\">Ic and</tr><tr><td align=\"left\"><i class=\"fa fa-circle-o\"></i> <i class=\"fa fa-circle-o\"></i> </td><td align=\"right\"><i class=\"fa fa-circle-o\"></i> <i class=\"fa fa-circle\"></i> </tr></table>\n|uhtml|bestof|<h2><strong>Game 2</strong> of <a href=\"/game-bestof3-gen9championsvgc2026regmbbo3-2673680559\">a best-of-3</a></h2>\n|t:|1788232251\n|gametype|doubles\n|player|p1|Giushok|265|1000\n|player|p2|Ic and|morty|1015\n|gen|9\n|tier|[Gen 9 Champions] VGC 2026 Reg M-B (Bo3)\n|rated|\n|rule|Species Clause: Limit one of each Pokémon\n|rule|Item Clause: Limit 1 of each item\n|clearpoke\n|poke|p1|Aerodactyl, L50, M|\n|poke|p1|Mawile, L50, F|\n|poke|p1|Sneasler, L50, F|\n|poke|p1|Garchomp, L50, F|\n|poke|p1|Hydreigon, L50, F|\n|poke|p1|Charizard, L50, M|\n|poke|p2|Scrafty, L50, M, shiny|\n|poke|p2|Farigiraf, L50, M, shiny|\n|poke|p2|Torkoal, L50, M, shiny|\n|poke|p2|Pyroar, L50, M, shiny|\n|poke|p2|Venusaur, L50, M, shiny|\n|poke|p2|Mamoswine, L50, F|\n|teampreview|4\n|showteam|p1|Aerodactyl||FocusSash|Unnerve|RockSlide,WideGuard,Tailwind,Protect|Jolly||M|||50|]Mawile||Mawilite|Intimidate|IronHead,PlayRough,SuckerPunch,Protect|Adamant||F|||50|]Sneasler||LifeOrb|PoisonTouch|CloseCombat,PoisonJab,FakeOut,Protect|Jolly||F|||50|]Garchomp||SitrusBerry|RoughSkin|DragonClaw,Earthquake,RockSlide,Protect|Adamant||F|||50|]Hydreigon||HabanBerry|Levitate|DracoMeteor,DarkPulse,EarthPower,Protect|Modest||F|||50|]Charizard||CharizarditeY|Blaze|HeatWave,SolarBeam,WeatherBall,Protect|Modest||M|||50|\n|showteam|p2|Scrafty||Scraftinite|Intimidate|FakeOut,DrainPunch,KnockOff,IcePunch|Adamant||M|||50|]Farigiraf||SitrusBerry|ArmorTail|TrickRoom,Thunderbolt,Psychic,Protect|Calm||M|||50|]Torkoal||Charcoal|Drought|Protect,Eruption,WeatherBall,HelpingHand|Bold||M|||50|]Pyroar||Pyroarite|Rivalry|SolarBeam,Flamethrower,HeatWave,Protect|Timid||M|||50|]Venusaur||LifeOrb|Chlorophyll|SludgeBomb,EarthPower,SolarBeam,Protect|Modest||M|||50|]Mamoswine||FocusSash|Oblivious|RockSlide,Protect,IceShard,HighHorsepower|Adamant||F|||50|\n|\n|t:|1788232275\n|teamsize|p1|4\n|teamsize|p2|4\n|start\n|switch|p1a: Hydreigon|Hydreigon, L50, F|100/100\n|switch|p1b: Mawile|Mawile, L50, F|100/100\n|switch|p2a: Farigiraf|Farigiraf, L50, M, shiny|100/100\n|switch|p2b: Scrafty|Scrafty, L50, M, shiny|100/100\n|-ability|p1b: Mawile|Intimidate|boost\n|-unboost|p2a: Farigiraf|atk|1\n|-unboost|p2b: Scrafty|atk|1\n|-ability|p2b: Scrafty|Intimidate|boost\n|-unboost|p1a: Hydreigon|atk|1\n|-unboost|p1b: Mawile|atk|1\n|turn|1\n|\n|t:|1788232293\n|switch|p2a: Venusaur|Venusaur, L50, M, shiny|100/100\n|detailschange|p1b: Mawile|Mawile-Mega, L50, F\n|-mega|p1b: Mawile|Mawile|Mawilite\n|detailschange|p2b: Scrafty|Scrafty-Mega, L50, M, shiny\n|-mega|p2b: Scrafty|Scrafty|Scraftinite\n|-ability|p2b: Scrafty|Intimidate|boost\n|-unboost|p1a: Hydreigon|atk|1\n|-unboost|p1b: Mawile|atk|1\n|move|p2b: Scrafty|Fake Out|p2a: Venusaur\n|-damage|p2a: Venusaur|85/100\n|move|p1a: Hydreigon|Dark Pulse|p2a: Venusaur\n|-damage|p2a: Venusaur|35/100\n|move|p1b: Mawile|Play Rough|p2b: Scrafty\n|-supereffective|p2b: Scrafty|2\n|-damage|p2b: Scrafty|0 fnt\n|faint|p2b: Scrafty\n|\n|upkeep\n|\n|t:|1788232307\n|switch|p2b: Mamoswine|Mamoswine, L50, F|100/100\n|turn|2\n|\n|t:|1788232322\n|switch|p1a: Sneasler|Sneasler, L50, F|100/100\n|move|p2b: Mamoswine|Ice Shard|p1a: Sneasler\n|-damage|p1a: Sneasler|61/100\n|move|p2a: Venusaur|Earth Power|p1b: Mawile\n|-supereffective|p1b: Mawile|1\n|-damage|p1b: Mawile|8/100\n|-damage|p2a: Venusaur|26/100|[from] item: Life Orb\n|move|p1b: Mawile|Iron Head|p2b: Mamoswine\n|-supereffective|p2b: Mamoswine|1\n|-damage|p2b: Mamoswine|26/100\n|\n|upkeep\n|turn|3\n|\n|t:|1788232338\n|switch|p2a: Farigiraf|Farigiraf, L50, M, shiny|100/100\n|move|p2b: Mamoswine|Protect|p2b: Mamoswine\n|-singleturn|p2b: Mamoswine|Protect\n|move|p1a: Sneasler|Fake Out||[still]\n|cant|p2a: Farigiraf|ability: Armor Tail|Fake Out|[of] p1a: Sneasler\n|move|p1b: Mawile|Sucker Punch||[still]\n|cant|p2a: Farigiraf|ability: Armor Tail|Sucker Punch|[of] p1b: Mawile\n|\n|upkeep\n|turn|4\n|\n|t:|1788232359\n|move|p2b: Mamoswine|Ice Shard|p1b: Mawile\n|-resisted|p1b: Mawile|1\n|-damage|p1b: Mawile|0 fnt\n|faint|p1b: Mawile\n|move|p1a: Sneasler|Close Combat|p2b: Mamoswine\n|-supereffective|p2b: Mamoswine|1\n|-damage|p2b: Mamoswine|0 fnt\n|-unboost|p1a: Sneasler|def|1\n|-unboost|p1a: Sneasler|spd|1\n|faint|p2b: Mamoswine\n|-damage|p1a: Sneasler|52/100|[from] item: Life Orb\n|move|p2a: Farigiraf|Psychic|p1a: Sneasler\n|-supereffective|p1a: Sneasler|2\n|-damage|p1a: Sneasler|0 fnt\n|faint|p1a: Sneasler\n|\n|upkeep\n|\n|t:|1788232362\n|switch|p1a: Hydreigon|Hydreigon, L50, F|100/100\n|switch|p2b: Venusaur|Venusaur, L50, M, shiny|26/100\n|switch|p1b: Garchomp|Garchomp, L50, F|100/100\n|turn|5\n|\n|t:|1788232374\n|move|p1a: Hydreigon|Dark Pulse|p2a: Farigiraf\n|-supereffective|p2a: Farigiraf|1\n|-damage|p2a: Farigiraf|28/100\n|-enditem|p2a: Farigiraf|Sitrus Berry|[eat]\n|-heal|p2a: Farigiraf|53/100|[from] item: Sitrus Berry\n|move|p1b: Garchomp|Earthquake|p2b: Venusaur|[spread] p2a,p2b\n|-immune|p1a: Hydreigon|[from] ability: Levitate\n|-damage|p2a: Farigiraf|13/100\n|-damage|p2b: Venusaur|0 fnt\n|faint|p2b: Venusaur\n|move|p2a: Farigiraf|Trick Room|p2a: Farigiraf\n|-fieldstart|move: Trick Room|[of] p2a: Farigiraf\n|\n|upkeep\n|turn|6\n|-message|Ic and forfeited.\n|\n|win|Giushok\n|l|☆Ic and\n|player|p2|\n","uploadtime":1788232390,"views":"6","formatid":"gen9championsvgc2026regmbbo3","rating":null,"private":0,"password":null}