{"id":"gen9championsvgc2026regmbbo3-2673763506","format":"[Gen 9 Champions] VGC 2026 Reg M-B (Bo3)","players":["sophyplayz","KingNoahC17"],"log":"|j|☆sophyplayz\n|j|☆KingNoahC17\n|html|<table width=\"100%\"><tr><td align=\"left\">sophyplayz</td><td align=\"right\">KingNoahC17</tr><tr><td align=\"left\"><i class=\"fa fa-circle-o\"></i> <i class=\"fa fa-circle-o\"></i> </td><td align=\"right\"><i class=\"fa fa-circle-o\"></i> <i class=\"fa fa-circle\"></i> </tr></table>\n|uhtml|bestof|<h2><strong>Game 2</strong> of <a href=\"/game-bestof3-gen9championsvgc2026regmbbo3-2673762240\">a best-of-3</a></h2>\n|t:|1788250889\n|gametype|doubles\n|player|p1|sophyplayz|flannery|\n|player|p2|KingNoahC17|1|\n|gen|9\n|tier|[Gen 9 Champions] VGC 2026 Reg M-B (Bo3)\n|rule|Species Clause: Limit one of each Pokémon\n|rule|Item Clause: Limit 1 of each item\n|clearpoke\n|poke|p1|Pelipper, L50, F|\n|poke|p1|Archaludon, L50, M|\n|poke|p1|Floette-Eternal, L50, F|\n|poke|p1|Sinistcha, L50|\n|poke|p1|Basculegion, L50, M|\n|poke|p1|Swampert, L50, F|\n|poke|p2|Incineroar, L50, M|\n|poke|p2|Toxapex, L50, F|\n|poke|p2|Dragonite, L50, M|\n|poke|p2|Froslass, L50, F|\n|poke|p2|Delphox, L50, M|\n|poke|p2|Kingambit, L50, F|\n|teampreview|4\n|showteam|p1|Pelipper||SitrusBerry|Drizzle|WeatherBall,Hurricane,Tailwind,WideGuard|Bold||F|||50|]Archaludon||Leftovers|Stamina|Protect,ElectroShot,FlashCannon,DragonPulse|Modest||M|||50|]Floette-Eternal||Floettite|FlowerVeil|LightofRuin,DazzlingGleam,DrainingKiss,Protect|Modest||F|||50|]Sinistcha||KasibBerry|Hospitality|RagePowder,MatchaGotcha,Protect,TrickRoom|Bold|||||50|]Basculegion||ChoiceScarf|Adaptability|AquaJet,WaveCrash,LastRespects,FlipTurn|Adamant||M|||50|]Swampert||Swampertite|Torrent|WaveCrash,HighHorsepower,IcePunch,Protect|Adamant||F|||50|\n|showteam|p2|Incineroar||SitrusBerry|Intimidate|FlareBlitz,Protect,FakeOut,PartingShot|Impish||M|||50|]Toxapex||Leftovers|Regenerator|Toxic,Infestation,WideGuard,BanefulBunker|Bold||F|||50|]Dragonite||LifeOrb|InnerFocus|DragonClaw,LowKick,ExtremeSpeed,Protect|Adamant||M|||50|]Froslass||Froslassite|SnowCloak|Blizzard,Protect,ShadowBall,AuroraVeil|Timid||F|||50|]Delphox||Delphoxite|Blaze|Protect,HeatWave,Encore,Psyshock|Timid||M|||50|]Kingambit||BlackGlasses|Defiant|KowtowCleave,SuckerPunch,IronHead,Protect|Adamant||F|||50|\n|c|☆sophyplayz|ggs\n|inactive|Battle timer is ON: inactive players will automatically lose when time's up. (requested by KingNoahC17)\n|c|☆sophyplayz|gulp\n|inactive|sophyplayz has 60 seconds left.\n|inactive|KingNoahC17 has 60 seconds left.\n|\n|t:|1788250936\n|teamsize|p1|4\n|teamsize|p2|4\n|start\n|switch|p1a: Floette|Floette-Eternal, L50, F|100/100\n|switch|p1b: Basculegion|Basculegion, L50, M|100/100\n|switch|p2a: Toxapex|Toxapex, L50, F|100/100\n|switch|p2b: Froslass|Froslass, L50, F|100/100\n|turn|1\n|c|☆sophyplayz|bad lead for me?\n|inactive|sophyplayz has 30 seconds left.\n|c|☆sophyplayz|uh\n|c|☆sophyplayz|how\n|inactive|sophyplayz has 20 seconds left.\n|\n|t:|1788250976\n|switch|p1a: Archaludon|Archaludon, L50, M|100/100\n|move|p2b: Froslass|Protect|p2b: Froslass\n|-singleturn|p2b: Froslass|Protect\n|move|p1b: Basculegion|Wave Crash|p2b: Froslass\n|-activate|p2b: Froslass|move: Protect\n|move|p2a: Toxapex|Infestation|p1a: Archaludon\n|-resisted|p1a: Archaludon|1\n|-damage|p1a: Archaludon|97/100\n|-activate|p1a: Archaludon|move: Infestation|[of] p2a: Toxapex\n|-ability|p1a: Archaludon|Stamina|boost\n|-boost|p1a: Archaludon|def|1\n|\n|-heal|p1a: Archaludon|100/100|[from] item: Leftovers\n|-damage|p1a: Archaludon|87/100|[from] move: Infestation|[partiallytrapped]\n|upkeep\n|turn|2\n|c|☆sophyplayz|aw man\n|inactive|KingNoahC17 has 30 seconds left.\n|inactive|sophyplayz has 30 seconds left.\n|inactive|sophyplayz has 20 seconds left.\n|\n|t:|1788251018\n|switch|p2b: Kingambit|Kingambit, L50, F|100/100\n|move|p1b: Basculegion|Wave Crash|p2b: Kingambit\n|-damage|p2b: Kingambit|41/100\n|-damage|p1b: Basculegion|79/100|[from] Recoil\n|move|p1a: Archaludon|Dragon Pulse|p2b: Kingambit\n|-resisted|p2b: Kingambit|1\n|-damage|p2b: Kingambit|19/100\n|move|p2a: Toxapex|Infestation|p1b: Basculegion\n|-resisted|p1b: Basculegion|1\n|-damage|p1b: Basculegion|78/100\n|-activate|p1b: Basculegion|move: Infestation|[of] p2a: Toxapex\n|\n|-heal|p1a: Archaludon|93/100|[from] item: Leftovers\n|-damage|p1b: Basculegion|65/100|[from] move: Infestation|[partiallytrapped]\n|-damage|p1a: Archaludon|81/100|[from] move: Infestation|[partiallytrapped]\n|upkeep\n|turn|3\n|c|☆sophyplayz|D:\n|\n|t:|1788251034\n|switch|p1b: Pelipper|Pelipper, L50, F|100/100\n|-weather|RainDance|[from] ability: Drizzle|[of] p1b: Pelipper\n|switch|p2a: Dragonite|Dragonite, L50, M|100/100\n|move|p2b: Kingambit|Sucker Punch||[still]\n|-fail|p2b: Kingambit\n|move|p1a: Archaludon|Electro Shot||[still]\n|-prepare|p1a: Archaludon|Electro Shot\n|-boost|p1a: Archaludon|spa|1\n|-anim|p1a: Archaludon|Electro Shot|p2a: Dragonite\n|-damage|p2a: Dragonite|28/100\n|\n|-weather|RainDance|[upkeep]\n|-heal|p1a: Archaludon|87/100|[from] item: Leftovers\n|-end|p1a: Archaludon|Infestation|[partiallytrapped]|[silent]\n|upkeep\n|turn|4\n|\n|t:|1788251051\n|move|p1a: Archaludon|Protect|p1a: Archaludon\n|-singleturn|p1a: Archaludon|Protect\n|move|p2a: Dragonite|Dragon Claw|p1b: Pelipper\n|-damage|p1b: Pelipper|43/100\n|-enditem|p1b: Pelipper|Sitrus Berry|[eat]\n|-heal|p1b: Pelipper|68/100|[from] item: Sitrus Berry\n|-damage|p2a: Dragonite|18/100|[from] item: Life Orb\n|move|p1b: Pelipper|Tailwind|p1b: Pelipper\n|-sidestart|p1: sophyplayz|move: Tailwind\n|move|p2b: Kingambit|Kowtow Cleave|p1b: Pelipper\n|-damage|p1b: Pelipper|9/100\n|\n|-weather|RainDance|[upkeep]\n|-heal|p1a: Archaludon|93/100|[from] item: Leftovers\n|upkeep\n|turn|5\n|c|☆sophyplayz|DAMN\n|c|☆sophyplayz|no you did a lot D:\n|inactive|sophyplayz has 30 seconds left.\n|\n|t:|1788251081\n|switch|p1b: Floette|Floette-Eternal, L50, F|100/100\n|move|p2a: Dragonite|Extreme Speed|p1b: Floette\n|-damage|p1b: Floette|44/100\n|-damage|p2a: Dragonite|9/100|[from] item: Life Orb\n|move|p2b: Kingambit|Sucker Punch|p1a: Archaludon\n|-damage|p1a: Archaludon|70/100\n|-ability|p1a: Archaludon|Stamina|boost\n|-boost|p1a: Archaludon|def|1\n|move|p1a: Archaludon|Electro Shot||[still]\n|-prepare|p1a: Archaludon|Electro Shot\n|-boost|p1a: Archaludon|spa|1\n|-anim|p1a: Archaludon|Electro Shot|p2a: Dragonite\n|-damage|p2a: Dragonite|0 fnt\n|faint|p2a: Dragonite\n|\n|-weather|RainDance|[upkeep]\n|-heal|p1a: Archaludon|76/100|[from] item: Leftovers\n|upkeep\n|\n|t:|1788251087\n|switch|p2a: Toxapex|Toxapex, L50, F|100/100\n|turn|6\n|c|☆sophyplayz|DAMN\n|\n|t:|1788251106\n|detailschange|p1b: Floette|Floette-Mega, L50, F\n|-mega|p1b: Floette|Floette|Floettite\n|-ability|p1b: Floette|Fairy Aura\n|move|p2a: Toxapex|Baneful Bunker|p2a: Toxapex\n|-singleturn|p2a: Toxapex|move: Protect\n|move|p1b: Floette|Light of Ruin|p2b: Kingambit|[miss]\n|-miss|p1b: Floette|p2b: Kingambit\n|move|p1a: Archaludon|Electro Shot||[still]\n|-prepare|p1a: Archaludon|Electro Shot\n|-boost|p1a: Archaludon|spa|1\n|-anim|p1a: Archaludon|Electro Shot|p2a: Toxapex\n|-activate|p2a: Toxapex|move: Protect\n|move|p2b: Kingambit|Kowtow Cleave|p1a: Archaludon\n|-damage|p1a: Archaludon|54/100\n|-ability|p1a: Archaludon|Stamina|boost\n|-boost|p1a: Archaludon|def|1\n|\n|-weather|RainDance|[upkeep]\n|-heal|p1a: Archaludon|60/100|[from] item: Leftovers\n|upkeep\n|turn|7\n|c|☆sophyplayz|oh i mished\n|\n|t:|1788251120\n|move|p2b: Kingambit|Sucker Punch|p1a: Archaludon\n|-damage|p1a: Archaludon|45/100\n|-ability|p1a: Archaludon|Stamina|boost\n|-boost|p1a: Archaludon|def|1\n|move|p1b: Floette|Light of Ruin|p2b: Kingambit\n|-damage|p2b: Kingambit|0 fnt\n|faint|p2b: Kingambit\n|-damage|p1b: Floette|32/100|[from] Recoil\n|move|p1a: Archaludon|Electro Shot||[still]\n|-prepare|p1a: Archaludon|Electro Shot\n|-boost|p1a: Archaludon|spa|1\n|-anim|p1a: Archaludon|Electro Shot|p2a: Toxapex\n|-supereffective|p2a: Toxapex|1\n|-damage|p2a: Toxapex|0 fnt\n|faint|p2a: Toxapex\n|\n|-weather|none\n|-heal|p1a: Archaludon|52/100|[from] item: Leftovers\n|-sideend|p1: sophyplayz|move: Tailwind\n|upkeep\n|c|☆sophyplayz|i win? :D\n|\n|t:|1788251126\n|switch|p2b: Froslass|Froslass, L50, F|100/100\n|turn|8\n|c|☆sophyplayz|oh fuck i dont\n|\n|t:|1788251147\n|detailschange|p2b: Froslass|Froslass-Mega, L50, F\n|-mega|p2b: Froslass|Froslass|Froslassite\n|-weather|Snowscape|[from] ability: Snow Warning|[of] p2b: Froslass\n|move|p2b: Froslass|Blizzard|p1b: Floette|[spread] p1a,p1b\n|-damage|p1a: Archaludon|3/100\n|-damage|p1b: Floette|2/100\n|-ability|p1a: Archaludon|Stamina|boost\n|-boost|p1a: Archaludon|def|1\n|move|p1b: Floette|Light of Ruin|p2b: Froslass\n|-damage|p2b: Froslass|0 fnt\n|faint|p2b: Froslass\n|-damage|p1b: Floette|0 fnt|[from] Recoil\n|faint|p1b: Floette\n|\n|win|sophyplayz\n|c|☆sophyplayz|or not\n||sophyplayz is ready for game 3.\n|inactive|KingNoahC17 has 30 seconds to confirm battle start!\n|c|☆sophyplayz|i won??\n||KingNoahC17 is ready for game 3.\n|uhtml|next|Next: <a href=\"/battle-gen9championsvgc2026regmbbo3-2673764636\"><strong>Game 3 of 3</strong></a>\n|l|☆KingNoahC17\n|player|p2|\n","uploadtime":1788251636,"views":"13","formatid":"gen9championsvgc2026regmbbo3","rating":null,"private":0,"password":null}