{"id":"gen9championsvgc2026regmb-2674362476","format":"[Gen 9 Champions] VGC 2026 Reg M-B","players":["ssurpsm","Adin1708"],"log":"|j|☆ssurpsm\n|j|☆Adin1708\n|t:|1788349052\n|gametype|doubles\n|player|p1|ssurpsm|lucian|1101\n|player|p2|Adin1708|artist-gen4|1108\n|gen|9\n|tier|[Gen 9 Champions] VGC 2026 Reg M-B\n|rated|\n|rule|Species Clause: Limit one of each Pokémon\n|rule|Item Clause: Limit 1 of each item\n|clearpoke\n|poke|p1|Volcarona, L50, M|\n|poke|p1|Aerodactyl, L50, M|\n|poke|p1|Gardevoir, L50, F|\n|poke|p1|Garchomp, L50, F|\n|poke|p1|Basculegion, L50, M|\n|poke|p1|Venusaur, L50, M|\n|poke|p2|Sableye, L50, M, shiny|\n|poke|p2|Farigiraf, L50, M, shiny|\n|poke|p2|Drampa, L50, M, shiny|\n|poke|p2|Rampardos, L50, M, shiny|\n|poke|p2|Sneasler, L50, M, shiny|\n|poke|p2|Armarouge, L50, M, shiny|\n|teampreview|4\n|\n|t:|1788349104\n|teamsize|p1|4\n|teamsize|p2|4\n|start\n|switch|p1a: Aerodactyl|Aerodactyl, L50, M|100/100\n|switch|p1b: Gardevoir|Gardevoir, L50, F|100/100\n|switch|p2a: Farigiraf|Farigiraf, L50, M, shiny|100/100\n|switch|p2b: Armarouge|Armarouge, L50, M, shiny|100/100\n|turn|1\n|\n|t:|1788349126\n|move|p2b: Armarouge|Wide Guard|p2b: Armarouge\n|-singleturn|p2b: Armarouge|Wide Guard\n|move|p1a: Aerodactyl|Dual Wingbeat|p2b: Armarouge\n|-damage|p2b: Armarouge|82/100\n|-damage|p2b: Armarouge|65/100\n|-hitcount|p2b: Armarouge|2\n|move|p1b: Gardevoir|Moonblast|p2a: Farigiraf\n|-damage|p2a: Farigiraf|54/100\n|move|p2a: Farigiraf|Trick Room|p2a: Farigiraf\n|-fieldstart|move: Trick Room|[of] p2a: Farigiraf\n|\n|upkeep\n|turn|2\n|\n|t:|1788349140\n|move|p1b: Gardevoir|Protect|p1b: Gardevoir\n|-singleturn|p1b: Gardevoir|Protect\n|move|p2a: Farigiraf|Hyper Voice|p1b: Gardevoir|[spread] p1a\n|-activate|p1b: Gardevoir|move: Protect\n|-resisted|p1a: Aerodactyl|1\n|-damage|p1a: Aerodactyl|64/100\n|-damage|p2a: Farigiraf|44/100|[from] item: Life Orb\n|move|p2b: Armarouge|Armor Cannon|p1b: Gardevoir\n|-activate|p1b: Gardevoir|move: Protect\n|move|p1a: Aerodactyl|Rock Slide|p2a: Farigiraf|[spread] p2a,p2b\n|-supereffective|p2b: Armarouge|1\n|-damage|p2a: Farigiraf|20/100y\n|-damage|p2b: Armarouge|21/100\n|\n|upkeep\n|turn|3\n|\n|t:|1788349164\n|switch|p1b: Basculegion|Basculegion, L50, M|100/100\n|move|p1a: Aerodactyl|Protect|p1a: Aerodactyl\n|-singleturn|p1a: Aerodactyl|Protect\n|move|p2a: Farigiraf|Psychic|p1a: Aerodactyl\n|-activate|p1a: Aerodactyl|move: Protect\n|move|p2b: Armarouge|Psychic|p1b: Basculegion\n|-damage|p1b: Basculegion|46/100\n|-enditem|p1b: Basculegion|Sitrus Berry|[eat]\n|-heal|p1b: Basculegion|70/100|[from] item: Sitrus Berry\n|\n|upkeep\n|turn|4\n|\n|t:|1788349184\n|switch|p1a: Gardevoir|Gardevoir, L50, F|100/100\n|move|p2a: Farigiraf|Psychic|p1b: Basculegion\n|-damage|p1b: Basculegion|10/100\n|-damage|p2a: Farigiraf|11/100|[from] item: Life Orb\n|move|p2b: Armarouge|Armor Cannon|p1a: Gardevoir\n|-damage|p1a: Gardevoir|30/100\n|-unboost|p2b: Armarouge|def|1\n|-unboost|p2b: Armarouge|spd|1\n|move|p1b: Basculegion|Liquidation|p2a: Farigiraf\n|-damage|p2a: Farigiraf|0 fnt\n|faint|p2a: Farigiraf\n|\n|upkeep\n|\n|t:|1788349197\n|switch|p2a: Rampardos|Rampardos, L50, M, shiny|100/100\n|turn|5\n|\n|t:|1788349210\n|move|p1a: Gardevoir|Protect|p1a: Gardevoir\n|-singleturn|p1a: Gardevoir|Protect\n|move|p1b: Basculegion|Aqua Jet|p2b: Armarouge\n|-supereffective|p2b: Armarouge|1\n|-damage|p2b: Armarouge|0 fnt\n|faint|p2b: Armarouge\n|move|p2a: Rampardos|Rock Slide|p1b: Basculegion|[spread] p1b\n|-activate|p1a: Gardevoir|move: Protect\n|-damage|p1b: Basculegion|0 fnt\n|faint|p1b: Basculegion\n|\n|-fieldend|move: Trick Room\n|upkeep\n|\n|t:|1788349221\n|switch|p1b: Aerodactyl|Aerodactyl, L50, M|64/100\n|switch|p2b: Drampa|Drampa, L50, M, shiny|100/100\n|turn|6\n|\n|t:|1788349254\n|detailschange|p1a: Gardevoir|Gardevoir-Mega, L50, F\n|-mega|p1a: Gardevoir|Gardevoir|Gardevoirite\n|move|p1b: Aerodactyl|Rock Slide|p2b: Drampa|[spread] p2a,p2b\n|-damage|p2a: Rampardos|67/100\n|-damage|p2b: Drampa|73/100\n|move|p1a: Gardevoir|Hyper Voice|p2a: Rampardos|[spread] p2a,p2b\n|-supereffective|p2b: Drampa|1\n|-damage|p2a: Rampardos|0 fnt\n|-damage|p2b: Drampa|0 fnt\n|faint|p2a: Rampardos\n|faint|p2b: Drampa\n|\n|win|ssurpsm\n|raw|ssurpsm's rating: 1101 &rarr; <strong>1127</strong><br />(+26 for winning)\n|raw|Adin1708's rating: 1108 &rarr; <strong>1082</strong><br />(-26 for losing)\n|l|☆Adin1708\n|player|p2|\n","uploadtime":1788349373,"views":"22","formatid":"gen9championsvgc2026regmb","rating":1082,"private":0,"password":null}