{"id":"gen9championsvgc2026regmb-2674672864","format":"[Gen 9 Champions] VGC 2026 Reg M-B","players":["mythicalfire21","Acorbett45"],"log":"|j|☆mythicalfire21\n|j|☆Acorbett45\n|t:|1788388402\n|gametype|doubles\n|player|p1|mythicalfire21|lucas|1319\n|player|p2|Acorbett45|102|1268\n|gen|9\n|tier|[Gen 9 Champions] VGC 2026 Reg M-B\n|rated|\n|rule|Species Clause: Limit one of each Pokémon\n|rule|Item Clause: Limit 1 of each item\n|clearpoke\n|poke|p1|Staraptor, L50, M|\n|poke|p1|Raichu, L50, F|\n|poke|p1|Whimsicott, L50, M|\n|poke|p1|Arcanine-Hisui, L50, M|\n|poke|p1|Sylveon, L50, F|\n|poke|p1|Kingambit, L50, F|\n|poke|p2|Raichu, L50, M|\n|poke|p2|Corviknight, L50, F|\n|poke|p2|Garchomp, L50, M|\n|poke|p2|Sinistcha, L50|\n|poke|p2|Sylveon, L50, M|\n|poke|p2|Tyranitar, L50, F|\n|teampreview|4\n|inactive|Battle timer is ON: inactive players will automatically lose when time's up. (requested by Acorbett45)\n|inactive|mythicalfire21 has 60 seconds left.\n|\n|t:|1788388441\n|teamsize|p1|4\n|teamsize|p2|4\n|start\n|switch|p1a: Whimsicott|Whimsicott, L50, M|100/100\n|switch|p1b: Sylveon|Sylveon, L50, F|100/100\n|switch|p2a: Raichu|Raichu, L50, M|100/100\n|switch|p2b: Corviknight|Corviknight, L50, F|100/100\n|turn|1\n|l|☆Acorbett45\n|inactive|Acorbett45 disconnected and has a minute to reconnect!\n|player|p2|\n|j|☆Acorbett45\n|inactive|Acorbett45 reconnected and has 35 seconds left.\n|player|p2|Acorbett45|102|\n|inactive|Acorbett45 has 30 seconds left.\n|inactive|mythicalfire21 has 30 seconds left.\n|inactive|Acorbett45 has 20 seconds left.\n|inactive|Acorbett45 has 15 seconds left.\n|inactive|Acorbett45 has 10 seconds left.\n|\n|t:|1788388488\n|switch|p1b: Raichu|Raichu, L50, F|100/100\n|detailschange|p2a: Raichu|Raichu-Mega-Y, L50, M\n|-mega|p2a: Raichu|Raichu|Raichunite Y\n|move|p2a: Raichu|Fake Out|p1a: Whimsicott\n|-damage|p1a: Whimsicott|89/100\n|cant|p1a: Whimsicott|flinch\n|move|p2b: Corviknight|Tailwind|p2b: Corviknight\n|-sidestart|p2: Acorbett45|move: Tailwind\n|\n|upkeep\n|turn|2\n|inactive|mythicalfire21 has 30 seconds left.\n|inactive|Acorbett45 has 30 seconds left.\n|\n|t:|1788388521\n|detailschange|p1b: Raichu|Raichu-Mega-Y, L50, F\n|-mega|p1b: Raichu|Raichu|Raichunite Y\n|move|p2b: Corviknight|Protect|p2b: Corviknight\n|-singleturn|p2b: Corviknight|Protect\n|move|p1b: Raichu|Fake Out|p2b: Corviknight\n|-activate|p2b: Corviknight|move: Protect\n|move|p1a: Whimsicott|Encore|p2a: Raichu\n|-start|p2a: Raichu|Encore\n|move|p2a: Raichu|Fake Out||[still]\n|-hint|Fake Out only works on your first turn out.\n|-fail|p2a: Raichu\n|\n|upkeep\n|turn|3\n|\n|t:|1788388546\n|switch|p2a: Sylveon|Sylveon, L50, M|100/100\n|switch|p2b: Garchomp|Garchomp, L50, M|100/100\n|move|p1b: Raichu|Focus Blast|p2a: Sylveon\n|-resisted|p2a: Sylveon|1\n|-damage|p2a: Sylveon|84/100\n|move|p1a: Whimsicott|Moonblast|p2a: Sylveon\n|-damage|p2a: Sylveon|61/100\n|\n|upkeep\n|turn|4\n|\n|t:|1788388568\n|move|p2b: Garchomp|Protect|p2b: Garchomp\n|-singleturn|p2b: Garchomp|Protect\n|move|p1a: Whimsicott|Charm|p2b: Garchomp\n|-activate|p2b: Garchomp|move: Protect\n|move|p2a: Sylveon|Yawn|p1b: Raichu\n|-start|p1b: Raichu|move: Yawn|[of] p2a: Sylveon\n|move|p1b: Raichu|Zap Cannon|p2a: Sylveon\n|-damage|p2a: Sylveon|17/100\n|-status|p2a: Sylveon|par\n|\n|-sideend|p2: Acorbett45|move: Tailwind\n|upkeep\n|turn|5\n|inactive|Acorbett45 has 30 seconds left.\n|\n|t:|1788388595\n|switch|p1b: Arcanine|Arcanine-Hisui, L50, M|100/100\n|move|p1a: Whimsicott|Tailwind|p1a: Whimsicott\n|-sidestart|p1: mythicalfire21|move: Tailwind\n|move|p2b: Garchomp|Rock Slide|p1b: Arcanine|[spread] p1a,p1b\n|-supereffective|p1b: Arcanine|1\n|-damage|p1a: Whimsicott|60/100\n|-damage|p1b: Arcanine|47/100\n|move|p2a: Sylveon|Hyper Voice|p1b: Arcanine|[spread] p1a,p1b\n|-resisted|p1b: Arcanine|1\n|-damage|p1a: Whimsicott|0 fnt\n|-damage|p1b: Arcanine|19/100\n|faint|p1a: Whimsicott\n|\n|upkeep\n|\n|t:|1788388605\n|switch|p1a: Sylveon|Sylveon, L50, F|100/100\n|turn|6\n|\n|t:|1788388619\n|move|p2b: Garchomp|Protect|p2b: Garchomp\n|-singleturn|p2b: Garchomp|Protect\n|move|p2a: Sylveon|Quick Attack|p1a: Sylveon\n|-damage|p1a: Sylveon|86/100\n|move|p1b: Arcanine|Head Smash|p2b: Garchomp\n|-activate|p2b: Garchomp|move: Protect\n|move|p1a: Sylveon|Hyper Voice|p2b: Garchomp|[spread] p2a\n|-activate|p2b: Garchomp|move: Protect\n|-damage|p2a: Sylveon|0 fnt\n|faint|p2a: Sylveon\n|\n|upkeep\n|\n|t:|1788388630\n|switch|p2a: Raichu|Raichu-Mega-Y, L50, M|100/100\n|turn|7\n|\n|t:|1788388637\n|move|p1b: Arcanine|Protect|p1b: Arcanine\n|-singleturn|p1b: Arcanine|Protect\n|move|p1a: Sylveon|Protect|p1a: Sylveon\n|-singleturn|p1a: Sylveon|Protect\n|move|p2a: Raichu|Fake Out|p1a: Sylveon\n|-activate|p1a: Sylveon|move: Protect\n|move|p2b: Garchomp|Rock Slide|p1b: Arcanine|[spread] \n|-activate|p1a: Sylveon|move: Protect\n|-activate|p1b: Arcanine|move: Protect\n|\n|upkeep\n|turn|8\n|\n|t:|1788388652\n|switch|p2b: Corviknight|Corviknight, L50, F|100/100\n|move|p2a: Raichu|Protect|p2a: Raichu\n|-singleturn|p2a: Raichu|Protect\n|move|p1b: Arcanine|Head Smash|p2a: Raichu\n|-activate|p2a: Raichu|move: Protect\n|move|p1a: Sylveon|Hyper Voice|p2a: Raichu|[spread] p2b\n|-activate|p2a: Raichu|move: Protect\n|-resisted|p2b: Corviknight|1\n|-damage|p2b: Corviknight|77/100\n|\n|-heal|p2b: Corviknight|83/100|[from] item: Leftovers\n|-sideend|p1: mythicalfire21|move: Tailwind\n|upkeep\n|turn|9\n|\n|t:|1788388677\n|switch|p1b: Raichu|Raichu-Mega-Y, L50, F|100/100\n|move|p2a: Raichu|Focus Blast|p1b: Raichu\n|-damage|p1b: Raichu|44/100\n|move|p2b: Corviknight|Iron Head|p1a: Sylveon\n|-supereffective|p1a: Sylveon|1\n|-damage|p1a: Sylveon|14/100\n|cant|p1a: Sylveon|flinch\n|\n|-heal|p2b: Corviknight|89/100|[from] item: Leftovers\n|upkeep\n|turn|10\n|inactive|mythicalfire21 has 30 seconds left.\n|\n|t:|1788388709\n|move|p2b: Corviknight|Protect|p2b: Corviknight\n|-singleturn|p2b: Corviknight|Protect\n|move|p1b: Raichu|Focus Blast|p2b: Corviknight\n|-activate|p2b: Corviknight|move: Protect\n|move|p2a: Raichu|Focus Blast|p1b: Raichu\n|-damage|p1b: Raichu|0 fnt\n|faint|p1b: Raichu\n|move|p1a: Sylveon|Yawn|p2a: Raichu\n|-start|p2a: Raichu|move: Yawn|[of] p1a: Sylveon\n|\n|-heal|p2b: Corviknight|95/100|[from] item: Leftovers\n|upkeep\n|\n|t:|1788388717\n|switch|p1b: Arcanine|Arcanine-Hisui, L50, M|19/100\n|turn|11\n|\n|t:|1788388737\n|move|p1b: Arcanine|Protect|p1b: Arcanine\n|-singleturn|p1b: Arcanine|Protect\n|move|p1a: Sylveon|Protect|p1a: Sylveon\n|-singleturn|p1a: Sylveon|Protect\n|move|p2a: Raichu|Zap Cannon|p1a: Sylveon\n|-activate|p1a: Sylveon|move: Protect\n|move|p2b: Corviknight|Iron Head|p1a: Sylveon\n|-activate|p1a: Sylveon|move: Protect\n|\n|-heal|p2b: Corviknight|100/100|[from] item: Leftovers\n|-end|p2a: Raichu|move: Yawn|[silent]\n|-status|p2a: Raichu|slp\n|upkeep\n|turn|12\n|inactive|Acorbett45 has 30 seconds left.\n|inactive|Acorbett45 has 20 seconds left.\n|\n|t:|1788388774\n|cant|p2a: Raichu|slp\n|move|p1b: Arcanine|Flare Blitz|p2b: Corviknight\n|-supereffective|p2b: Corviknight|1\n|-damage|p2b: Corviknight|0 fnt\n|faint|p2b: Corviknight\n|move|p1a: Sylveon|Hyper Voice|p2a: Raichu\n|-damage|p2a: Raichu|27/100 slp\n|\n|upkeep\n|\n|t:|1788388779\n|switch|p2b: Garchomp|Garchomp, L50, M|100/100\n|turn|13\n|\n|t:|1788388786\n|move|p1b: Arcanine|Protect|p1b: Arcanine\n|-singleturn|p1b: Arcanine|Protect\n|move|p1a: Sylveon|Protect|p1a: Sylveon\n|-singleturn|p1a: Sylveon|Protect\n|cant|p2a: Raichu|slp\n|move|p2b: Garchomp|Stomping Tantrum|p1a: Sylveon\n|-activate|p1a: Sylveon|move: Protect\n|\n|upkeep\n|turn|14\n|inactive|mythicalfire21 has 30 seconds left.\n|\n|t:|1788388814\n|-curestatus|p2a: Raichu|slp|[msg]\n|move|p2a: Raichu|Protect|p2a: Raichu\n|-singleturn|p2a: Raichu|Protect\n|move|p1b: Arcanine|Extreme Speed|p2a: Raichu\n|-activate|p2a: Raichu|move: Protect\n|move|p2b: Garchomp|Stomping Tantrum|p1b: Arcanine\n|-supereffective|p1b: Arcanine|2\n|-damage|p1b: Arcanine|0 fnt\n|faint|p1b: Arcanine\n|move|p1a: Sylveon|Hyper Voice|p2a: Raichu|[spread] p2b\n|-activate|p2a: Raichu|move: Protect\n|-supereffective|p2b: Garchomp|1\n|-damage|p2b: Garchomp|5/100\n|-enditem|p2b: Garchomp|Sitrus Berry|[eat]\n|-heal|p2b: Garchomp|30/100|[from] item: Sitrus Berry\n|\n|upkeep\n|turn|15\n|-message|mythicalfire21 forfeited.\n|\n|win|Acorbett45\n|raw|mythicalfire21's rating: 1319 &rarr; <strong>1296</strong><br />(-23 for losing)\n|raw|Acorbett45's rating: 1268 &rarr; <strong>1297</strong><br />(+29 for winning)\n|l|☆Acorbett45\n|player|p2|\n","uploadtime":1788388845,"views":"0","formatid":"gen9championsvgc2026regmb","rating":1296,"private":0,"password":null}