{"id":"gen9championsvgc2026regmbbo3-2673729566","format":"[Gen 9 Champions] VGC 2026 Reg M-B (Bo3)","players":["kingfishervgc","ZMegasOnFraudWatch"],"log":"|j|☆kingfishervgc\n|j|☆ZMegasOnFraudWatch\n|html|<table width=\"100%\"><tr><td align=\"left\">kingfishervgc</td><td align=\"right\">ZMegasOnFraudWatch</tr><tr><td align=\"left\"><i class=\"fa fa-circle-o\"></i> <i class=\"fa fa-circle-o\"></i> </td><td align=\"right\"><i class=\"fa fa-circle-o\"></i> <i class=\"fa fa-circle\"></i> </tr></table>\n|uhtml|bestof|<h2><strong>Game 2</strong> of <a href=\"/game-bestof3-gen9championsvgc2026regmbbo3-2673728315\">a best-of-3</a></h2>\n|t:|1788242363\n|gametype|doubles\n|player|p1|kingfishervgc|gentleman-gen4|1306\n|player|p2|ZMegasOnFraudWatch|psychic-gen2|1370\n|gen|9\n|tier|[Gen 9 Champions] VGC 2026 Reg M-B (Bo3)\n|rated|\n|rule|Species Clause: Limit one of each Pokémon\n|rule|Item Clause: Limit 1 of each item\n|clearpoke\n|poke|p1|Kingambit, L50, F|\n|poke|p1|Whimsicott, L50, M|\n|poke|p1|Basculegion, L50, M|\n|poke|p1|Staraptor, L50, M|\n|poke|p1|Kleavor, L50, M|\n|poke|p1|Maushold-Four, L50|\n|poke|p2|Scovillain, L50, F, shiny|\n|poke|p2|Basculegion, L50, M|\n|poke|p2|Kingambit, L50, F|\n|poke|p2|Sneasler, L50, M|\n|poke|p2|Lycanroc-Dusk, L50, F|\n|poke|p2|Froslass, L50, F|\n|teampreview|4\n|showteam|p1|Kingambit||LifeOrb|Defiant|KowtowCleave,SuckerPunch,IronHead,Protect|Adamant||F|||50|]Whimsicott||OccaBerry|Prankster|Moonblast,Tickle,Tailwind,Encore|Calm||M|||50|]Basculegion||ChoiceScarf|Adaptability|LastRespects,WaveCrash,Soak,FlipTurn|Jolly||M|||50|]Staraptor||Staraptite|Intimidate|CloseCombat,DualWingbeat,Roost,Protect|Jolly||M|||50|]Kleavor||FocusSash|Sharpness|StoneAxe,Protect,XScissor,CloseCombat|Adamant||M|||50|]Maushold-Four||ChopleBerry|FriendGuard|FollowMe,Protect,SuperFang,Charm|Timid|||||50|\n|showteam|p2|Scovillain||Scovillainite|Moody|GigaDrain,Overheat,RagePowder,Protect|Bold||F|||50|]Basculegion||LifeOrb|Adaptability|WaveCrash,LastRespects,AquaJet,Protect|Adamant||M|||50|]Kingambit||BlackGlasses|Defiant|KowtowCleave,SuckerPunch,SwordsDance,Protect|Adamant||F|||50|]Sneasler||WhiteHerb|Unburden|CloseCombat,DireClaw,Protect,FakeOut|Adamant||M|||50|]Lycanroc-Dusk||FocusSash|ToughClaws|CloseCombat,Accelerock,RockSlide,Protect|Adamant||F|||50|]Froslass||Froslassite|CursedBody|Blizzard,ShadowBall,AuroraVeil,Protect|Timid||F|||50|\n|\n|t:|1788242391\n|teamsize|p1|4\n|teamsize|p2|4\n|start\n|switch|p1a: Kleavor|Kleavor, L50, M|100/100\n|switch|p1b: Maushold|Maushold-Four, L50|100/100\n|switch|p2a: Sco BurnEm|Scovillain, L50, F, shiny|100/100\n|switch|p2b: Hardly Know Her|Sneasler, L50, M|100/100\n|turn|1\n|\n|t:|1788242410\n|detailschange|p2a: Sco BurnEm|Scovillain-Mega, L50, F, shiny\n|-mega|p2a: Sco BurnEm|Scovillain|Scovillainite\n|move|p1a: Kleavor|Protect|p1a: Kleavor\n|-singleturn|p1a: Kleavor|Protect\n|move|p2a: Sco BurnEm|Protect|p2a: Sco BurnEm\n|-singleturn|p2a: Sco BurnEm|Protect\n|move|p1b: Maushold|Super Fang|p2a: Sco BurnEm\n|-activate|p2a: Sco BurnEm|move: Protect\n|move|p2b: Hardly Know Her|Close Combat|p1a: Kleavor\n|-activate|p1a: Kleavor|move: Protect\n|\n|upkeep\n|turn|2\n|\n|t:|1788242433\n|switch|p2a: KTC Choppa|Kingambit, L50, F|100/100\n|move|p1b: Maushold|Charm|p2b: Hardly Know Her\n|-unboost|p2b: Hardly Know Her|atk|2\n|-enditem|p2b: Hardly Know Her|White Herb\n|-clearnegativeboost|p2b: Hardly Know Her|[silent]\n|move|p2b: Hardly Know Her|Close Combat|p1b: Maushold\n|-supereffective|p1b: Maushold|1\n|-enditem|p1b: Maushold|Chople Berry|[eat]\n|-enditem|p1b: Maushold|Chople Berry|[weaken]\n|-damage|p1b: Maushold|23/100\n|-unboost|p2b: Hardly Know Her|def|1\n|-unboost|p2b: Hardly Know Her|spd|1\n|move|p1a: Kleavor|Stone Axe|p2a: KTC Choppa\n|-resisted|p2a: KTC Choppa|1\n|-damage|p2a: KTC Choppa|80/100\n|-sidestart|p2: ZMegasOnFraudWatch|move: Stealth Rock\n|\n|upkeep\n|turn|3\n|\n|t:|1788242453\n|switch|p2a: Sco BurnEm|Scovillain-Mega, L50, F, shiny|100/100\n|-damage|p2a: Sco BurnEm|75/100|[from] Stealth Rock\n|move|p1b: Maushold|Follow Me|p1b: Maushold\n|-singleturn|p1b: Maushold|move: Follow Me\n|move|p2b: Hardly Know Her|Close Combat|p1b: Maushold\n|-supereffective|p1b: Maushold|1\n|-damage|p1b: Maushold|0 fnt\n|-unboost|p2b: Hardly Know Her|def|1\n|-unboost|p2b: Hardly Know Her|spd|1\n|faint|p1b: Maushold\n|move|p1a: Kleavor|Close Combat|p2a: Sco BurnEm\n|-damage|p2a: Sco BurnEm|32/100\n|-unboost|p1a: Kleavor|def|1\n|-unboost|p1a: Kleavor|spd|1\n|-status|p1a: Kleavor|brn|[from] ability: Spicy Spray|[of] p2a: Sco BurnEm\n|\n|-damage|p1a: Kleavor|93/100 brn|[from] brn\n|upkeep\n|\n|t:|1788242472\n|switch|p1b: Staraptor|Staraptor, L50, M|100/100\n|-ability|p1b: Staraptor|Intimidate|boost\n|-unboost|p2a: Sco BurnEm|atk|1\n|-unboost|p2b: Hardly Know Her|atk|1\n|turn|4\n|\n|t:|1788242484\n|detailschange|p1b: Staraptor|Staraptor-Mega, L50, M\n|-mega|p1b: Staraptor|Staraptor|Staraptite\n|move|p1b: Staraptor|Protect|p1b: Staraptor\n|-singleturn|p1b: Staraptor|Protect\n|move|p2b: Hardly Know Her|Dire Claw|p1b: Staraptor\n|-activate|p1b: Staraptor|move: Protect\n|move|p1a: Kleavor|Stone Axe|p2a: Sco BurnEm\n|-supereffective|p2a: Sco BurnEm|1\n|-damage|p2a: Sco BurnEm|0 fnt\n|faint|p2a: Sco BurnEm\n|\n|-damage|p1a: Kleavor|87/100 brn|[from] brn\n|upkeep\n|\n|t:|1788242490\n|switch|p2a: Lil Specca|Basculegion, L50, M|100/100\n|-damage|p2a: Lil Specca|87/100|[from] Stealth Rock\n|turn|5\n|\n|t:|1788242550\n|switch|p1b: Kingambit|Kingambit, L50, F|100/100\n|move|p2b: Hardly Know Her|Close Combat|p1a: Kleavor\n|-damage|p1a: Kleavor|9/100 brn\n|-unboost|p2b: Hardly Know Her|def|1\n|-unboost|p2b: Hardly Know Her|spd|1\n|move|p1a: Kleavor|Close Combat|p2b: Hardly Know Her\n|-resisted|p2b: Hardly Know Her|1\n|-damage|p2b: Hardly Know Her|54/100\n|-unboost|p1a: Kleavor|def|1\n|-unboost|p1a: Kleavor|spd|1\n|move|p2a: Lil Specca|Wave Crash|p1b: Kingambit\n|-damage|p1b: Kingambit|13/100\n|-damage|p2a: Lil Specca|60/100|[from] Recoil\n|-damage|p2a: Lil Specca|50/100g|[from] item: Life Orb\n|\n|-damage|p1a: Kleavor|3/100 brn|[from] brn\n|upkeep\n|turn|6\n|\n|t:|1788242587\n|move|p1b: Kingambit|Protect|p1b: Kingambit\n|-singleturn|p1b: Kingambit|Protect\n|move|p2a: Lil Specca|Aqua Jet|p1b: Kingambit\n|-activate|p1b: Kingambit|move: Protect\n|move|p2b: Hardly Know Her|Dire Claw|p1a: Kleavor\n|-resisted|p1a: Kleavor|1\n|-damage|p1a: Kleavor|0 fnt\n|faint|p1a: Kleavor\n|\n|upkeep\n|\n|t:|1788242596\n|switch|p1a: Staraptor|Staraptor-Mega, L50, M|100/100\n|turn|7\n|\n|t:|1788242614\n|move|p2a: Lil Specca|Aqua Jet|p1b: Kingambit\n|-damage|p1b: Kingambit|0 fnt\n|faint|p1b: Kingambit\n|-damage|p2a: Lil Specca|41/100|[from] item: Life Orb\n|move|p2b: Hardly Know Her|Dire Claw|p1a: Staraptor\n|-damage|p1a: Staraptor|66/100\n|move|p1a: Staraptor|Close Combat|p2b: Hardly Know Her\n|-resisted|p2b: Hardly Know Her|1\n|-damage|p2b: Hardly Know Her|0 fnt\n|-boost|p1a: Staraptor|def|1\n|-boost|p1a: Staraptor|spd|1\n|faint|p2b: Hardly Know Her\n|\n|upkeep\n|\n|t:|1788242619\n|switch|p2b: KTC Choppa|Kingambit, L50, F|80/100\n|-damage|p2b: KTC Choppa|74/100|[from] Stealth Rock\n|turn|8\n|\n|t:|1788242631\n|move|p1a: Staraptor|Protect|p1a: Staraptor\n|-singleturn|p1a: Staraptor|Protect\n|move|p2a: Lil Specca|Protect|p2a: Lil Specca\n|-singleturn|p2a: Lil Specca|Protect\n|move|p2b: KTC Choppa|Swords Dance|p2b: KTC Choppa\n|-boost|p2b: KTC Choppa|atk|2\n|\n|upkeep\n|turn|9\n|\n|t:|1788242667\n|move|p2a: Lil Specca|Aqua Jet|p1a: Staraptor\n|-damage|p1a: Staraptor|40/100\n|-damage|p2a: Lil Specca|31/100|[from] item: Life Orb\n|move|p1a: Staraptor|Dual Wingbeat|p2a: Lil Specca\n|-damage|p2a: Lil Specca|5/100\n|-damage|p2a: Lil Specca|0 fnt\n|faint|p2a: Lil Specca\n|-hitcount|p2: Lil Specca|2\n|move|p2b: KTC Choppa|Swords Dance|p2b: KTC Choppa\n|-boost|p2b: KTC Choppa|atk|2\n|\n|upkeep\n|turn|10\n|\n|t:|1788242681\n|move|p1a: Staraptor|Roost|p1a: Staraptor\n|-heal|p1a: Staraptor|90/100\n|-singleturn|p1a: Staraptor|move: Roost\n|move|p2b: KTC Choppa|Kowtow Cleave|p1a: Staraptor\n|-resisted|p1a: Staraptor|1\n|-damage|p1a: Staraptor|27/100\n|\n|upkeep\n|turn|11\n|\n|t:|1788242708\n|move|p1a: Staraptor|Roost|p1a: Staraptor\n|-heal|p1a: Staraptor|77/100\n|-singleturn|p1a: Staraptor|move: Roost\n|move|p2b: KTC Choppa|Kowtow Cleave|p1a: Staraptor\n|-resisted|p1a: Staraptor|1\n|-damage|p1a: Staraptor|12/100\n|\n|upkeep\n|turn|12\n|\n|t:|1788242718\n|move|p1a: Staraptor|Roost|p1a: Staraptor\n|-heal|p1a: Staraptor|62/100\n|-singleturn|p1a: Staraptor|move: Roost\n|move|p2b: KTC Choppa|Kowtow Cleave|p1a: Staraptor\n|-resisted|p1a: Staraptor|1\n|-damage|p1a: Staraptor|0 fnt\n|faint|p1a: Staraptor\n|\n|win|ZMegasOnFraudWatch\n|raw|kingfishervgc's rating: 1306 &rarr; <strong>1290</strong><br />(-16 for losing)\n|raw|ZMegasOnFraudWatch's rating: 1370 &rarr; <strong>1386</strong><br />(+16 for winning)\n","uploadtime":1788242727,"views":"15","formatid":"gen9championsvgc2026regmbbo3","rating":1290,"private":0,"password":null}