{"id":"gen9championsvgc2026regmbbo3-2674447799","format":"[Gen 9 Champions] VGC 2026 Reg M-B (Bo3)","players":["Nonehereonlyme","Zelocke95"],"log":"|j|☆Nonehereonlyme\n|j|☆Zelocke95\n|html|<table width=\"100%\"><tr><td align=\"left\">Nonehereonlyme</td><td align=\"right\">Zelocke95</tr><tr><td align=\"left\"><i class=\"fa fa-circle\"></i> <i class=\"fa fa-circle-o\"></i> </td><td align=\"right\"><i class=\"fa fa-circle-o\"></i> <i class=\"fa fa-circle-o\"></i> </tr></table>\n|uhtml|bestof|<h2><strong>Game 2</strong> of <a href=\"/game-bestof3-gen9championsvgc2026regmbbo3-2674444441\">a best-of-3</a></h2>\n|t:|1788360977\n|gametype|doubles\n|player|p1|Nonehereonlyme|hiker-gen4|1000\n|player|p2|Zelocke95|clair|1049\n|gen|9\n|tier|[Gen 9 Champions] VGC 2026 Reg M-B (Bo3)\n|rated|\n|rule|Species Clause: Limit one of each Pokémon\n|rule|Item Clause: Limit 1 of each item\n|clearpoke\n|poke|p1|Dragonite, L50, M, shiny|\n|poke|p1|Whimsicott, L50, F, shiny|\n|poke|p1|Sinistcha, L50|\n|poke|p1|Pelipper, L50, M|\n|poke|p1|Swampert, L50, M|\n|poke|p1|Basculegion, L50, M|\n|poke|p2|Charizard, L50, M, shiny|\n|poke|p2|Pelipper, L50, M, shiny|\n|poke|p2|Basculegion, L50, M|\n|poke|p2|Venusaur, L50, M, shiny|\n|poke|p2|Incineroar, L50, M, shiny|\n|poke|p2|Sneasler, L50, F|\n|teampreview|4\n|showteam|p1|Dragonite||Dragoninite|Multiscale|Thunder,Hurricane,DracoMeteor,Protect|Modest||M|||50|]Whimsicott||LifeOrb|Prankster|Moonblast,Encore,Tailwind,Tickle|Timid||F|||50|]Sinistcha||SitrusBerry|Hospitality|MatchaGotcha,Hex,TrickRoom,RagePowder|Calm|||||50|]Pelipper||Leftovers|Drizzle|Hurricane,MuddyWater,IcyWind,Protect|Bold||M|||50|]Swampert||Swampertite|Torrent|WaveCrash,Earthquake,IcePunch,Protect|Adamant||M|||50|]Basculegion||ChoiceScarf|Adaptability|WaveCrash,FlipTurn,AquaJet,LastRespects|Adamant||M|||50|\n|showteam|p2|Charizard||CharizarditeY|Blaze|WeatherBall,HeatWave,SolarBeam,Protect|Timid||M|||50|]Pelipper||DampRock|Drizzle|WeatherBall,Protect,Tailwind,Hurricane|Bold||M|||50|]Basculegion||MysticWater|SwiftSwim|WaveCrash,AquaJet,LastRespects,Protect|Adamant||M|||50|]Venusaur||WideLens|Chlorophyll|SleepPowder,Protect,SludgeBomb,GigaDrain|Modest||M|||50|]Incineroar||SitrusBerry|Intimidate|FakeOut,PartingShot,FlareBlitz,Snarl|Brave||M|||50|]Sneasler||KingsRock|Unburden|Fling,DireClaw,CloseCombat,Protect|Adamant||F|||50|\n|inactive|Battle timer is ON: inactive players will automatically lose when time's up. (requested by Nonehereonlyme)\n|\n|t:|1788360997\n|teamsize|p1|4\n|teamsize|p2|4\n|start\n|switch|p1a: LittleLaw|Whimsicott, L50, F, shiny|100/100\n|switch|p1b: Pelipper|Pelipper, L50, M|100/100\n|switch|p2a: El venoso|Venusaur, L50, M, shiny|100/100\n|switch|p2b: Alonsa|Charizard, L50, M, shiny|100/100\n|-weather|RainDance|[from] ability: Drizzle|[of] p1b: Pelipper\n|turn|1\n|inactive|Zelocke95 has 30 seconds left.\n|\n|t:|1788361027\n|switch|p1b: Texk|Dragonite, L50, M, shiny|100/100\n|move|p2b: Alonsa|Protect|p2b: Alonsa\n|-singleturn|p2b: Alonsa|Protect\n|move|p1a: LittleLaw|Tailwind|p1a: LittleLaw\n|-sidestart|p1: Nonehereonlyme|move: Tailwind\n|move|p2a: El venoso|Sludge Bomb|p1a: LittleLaw\n|-supereffective|p1a: LittleLaw|2\n|-damage|p1a: LittleLaw|0 fnt\n|faint|p1a: LittleLaw\n|\n|-weather|RainDance|[upkeep]\n|upkeep\n|\n|t:|1788361039\n|switch|p1a: Basculegion|Basculegion, L50, M|100/100\n|turn|2\n|\n|t:|1788361052\n|detailschange|p1b: Texk|Dragonite-Mega, L50, M, shiny\n|-mega|p1b: Texk|Dragonite|Dragoninite\n|detailschange|p2b: Alonsa|Charizard-Mega-Y, L50, M, shiny\n|-mega|p2b: Alonsa|Charizard|Charizardite Y\n|-weather|SunnyDay|[from] ability: Drought|[of] p2b: Alonsa\n|move|p2a: El venoso|Protect|p2a: El venoso\n|-singleturn|p2a: El venoso|Protect\n|move|p1a: Basculegion|Wave Crash|p2b: Alonsa\n|-supereffective|p2b: Alonsa|1\n|-damage|p2b: Alonsa|0 fnt\n|faint|p2b: Alonsa\n|-damage|p1a: Basculegion|74/100|[from] Recoil\n|move|p1b: Texk|Hurricane|p2a: El venoso\n|-activate|p2a: El venoso|move: Protect\n|\n|-weather|SunnyDay|[upkeep]\n|upkeep\n|\n|t:|1788361069\n|switch|p2b: Sneasler|Sneasler, L50, F|100/100\n|turn|3\n|\n|t:|1788361091\n|switch|p1a: Pelipper|Pelipper, L50, M|100/100\n|-weather|RainDance|[from] ability: Drizzle|[of] p1a: Pelipper\n|move|p1b: Texk|Protect|p1b: Texk\n|-singleturn|p1b: Texk|Protect\n|move|p2b: Sneasler|Fling|p1a: Pelipper\n|-damage|p1a: Pelipper|89/100\n|-enditem|p2b: Sneasler|King's Rock|[from] move: Fling\n|move|p2a: El venoso|Sleep Powder|p1b: Texk\n|-activate|p1b: Texk|move: Protect\n|\n|-weather|RainDance|[upkeep]\n|-heal|p1a: Pelipper|95/100|[from] item: Leftovers\n|upkeep\n|turn|4\n|inactive|Zelocke95 has 30 seconds left.\n|inactive|Zelocke95 has 20 seconds left.\n|\n|t:|1788361128\n|move|p2a: El venoso|Protect|p2a: El venoso\n|-singleturn|p2a: El venoso|Protect\n|move|p2b: Sneasler|Dire Claw|p1a: Pelipper\n|-damage|p1a: Pelipper|51/100\n|-status|p1a: Pelipper|psn\n|move|p1b: Texk|Hurricane|p2a: El venoso\n|-activate|p2a: El venoso|move: Protect\n|move|p1a: Pelipper|Icy Wind|p2b: Sneasler|[spread] p2b\n|-activate|p2a: El venoso|move: Protect\n|-damage|p2b: Sneasler|87/100\n|-unboost|p2b: Sneasler|spe|1\n|\n|-weather|RainDance|[upkeep]\n|-heal|p1a: Pelipper|57/100 psn|[from] item: Leftovers\n|-damage|p1a: Pelipper|45/100 psn|[from] psn\n|-sideend|p1: Nonehereonlyme|move: Tailwind\n|upkeep\n|turn|5\n|\n|t:|1788361148\n|move|p2b: Sneasler|Protect|p2b: Sneasler\n|-singleturn|p2b: Sneasler|Protect\n|move|p1b: Texk|Hurricane|p2a: El venoso\n|-supereffective|p2a: El venoso|1\n|-damage|p2a: El venoso|0 fnt\n|faint|p2a: El venoso\n|move|p1a: Pelipper|Hurricane|p2b: Sneasler\n|-activate|p2b: Sneasler|move: Protect\n|\n|-weather|RainDance|[upkeep]\n|-heal|p1a: Pelipper|51/100 psn|[from] item: Leftovers\n|-damage|p1a: Pelipper|39/100 psn|[from] psn\n|upkeep\n|\n|t:|1788361159\n|switch|p2a: El pecao|Basculegion, L50, M|100/100\n|turn|6\n|\n|t:|1788361177\n|move|p2a: El pecao|Aqua Jet|p1a: Pelipper\n|-resisted|p1a: Pelipper|1\n|-damage|p1a: Pelipper|22/100 psn\n|move|p2b: Sneasler|Dire Claw|p1b: Texk\n|-damage|p1b: Texk|78/100\n|move|p1b: Texk|Thunder|p2a: El pecao\n|-supereffective|p2a: El pecao|1\n|-damage|p2a: El pecao|6/100\n|move|p1a: Pelipper|Hurricane|p2b: Sneasler\n|-supereffective|p2b: Sneasler|1\n|-damage|p2b: Sneasler|0 fnt\n|faint|p2b: Sneasler\n|\n|-weather|RainDance|[upkeep]\n|-heal|p1a: Pelipper|28/100 psn|[from] item: Leftovers\n|-damage|p1a: Pelipper|16/100 psn|[from] psn\n|upkeep\n|turn|7\n|inactive|Nonehereonlyme has 30 seconds left.\n|\n|t:|1788361205\n|move|p2a: El pecao|Last Respects|p1b: Texk\n|-damage|p1b: Texk|0 fnt\n|faint|p1b: Texk\n|move|p1a: Pelipper|Hurricane|p2a: El pecao\n|-damage|p2a: El pecao|0 fnt\n|faint|p2a: El pecao\n|\n|win|Nonehereonlyme\n|raw|Nonehereonlyme's rating: 1000 &rarr; <strong>1046</strong><br />(+46 for winning)\n|raw|Zelocke95's rating: 1049 &rarr; <strong>1029</strong><br />(-20 for losing)\n|l|☆Zelocke95\n|player|p2|\n","uploadtime":1788361217,"views":"2","formatid":"gen9championsvgc2026regmbbo3","rating":1029,"private":0,"password":null}