{"id":"gen9championsvgc2026regmb-2674525789","format":"[Gen 9 Champions] VGC 2026 Reg M-B","players":["bruhdnigerian","Chexr"],"log":"|j|☆bruhdnigerian\n|j|‽Chexr\n|t:|1788370071\n|gametype|doubles\n|player|p1|bruhdnigerian|lance|1210\n|player|p2|Chexr|1|1248\n|gen|9\n|tier|[Gen 9 Champions] VGC 2026 Reg M-B\n|rated|\n|rule|Species Clause: Limit one of each Pokémon\n|rule|Item Clause: Limit 1 of each item\n|clearpoke\n|poke|p1|Pangoro, L50, F|\n|poke|p1|Chandelure, L50, F|\n|poke|p1|Spiritomb, L50, F|\n|poke|p1|Sneasler, L50, M|\n|poke|p1|Araquanid, L50, M|\n|poke|p1|Gliscor, L50, M|\n|poke|p2|Floette-Eternal, L50, F|\n|poke|p2|Charizard, L50, M|\n|poke|p2|Kingambit, L50, F|\n|poke|p2|Whimsicott, L50, M|\n|poke|p2|Basculegion, L50, M|\n|poke|p2|Garchomp, L50, M|\n|teampreview|4\n|inactive|Battle timer is ON: inactive players will automatically lose when time's up. (requested by bruhdnigerian)\nbruhdnigerian rejected open team sheets.\n|inactive|Chexr has 60 seconds left.\n|inactive|Chexr has 30 seconds left.\n|inactive|Chexr has 20 seconds left.\n|\n|t:|1788370146\n|teamsize|p1|4\n|teamsize|p2|4\n|start\n|switch|p1a: Chandelure|Chandelure, L50, F|100/100\n|switch|p1b: Spiritomb|Spiritomb, L50, F|100/100\n|switch|p2a: Charizard|Charizard, L50, M|100/100\n|switch|p2b: Whimsicott|Whimsicott, L50, M|100/100\n|turn|1\n|\n|t:|1788370159\n|detailschange|p2a: Charizard|Charizard-Mega-Y, L50, M\n|-mega|p2a: Charizard|Charizard|Charizardite Y\n|-weather|SunnyDay|[from] ability: Drought|[of] p2a: Charizard\n|detailschange|p1a: Chandelure|Chandelure-Mega, L50, F\n|-mega|p1a: Chandelure|Chandelure|Chandelurite\n|move|p2b: Whimsicott|Tailwind|p2b: Whimsicott\n|-sidestart|p2: Chexr|move: Tailwind\n|move|p2a: Charizard|Ancient Power|p1a: Chandelure\n|-supereffective|p1a: Chandelure|1\n|-damage|p1a: Chandelure|54/100\n|move|p1a: Chandelure|Flamethrower|p2b: Whimsicott\n|-supereffective|p2b: Whimsicott|1\n|-enditem|p2b: Whimsicott|Focus Sash\n|-damage|p2b: Whimsicott|1/100\n|move|p1b: Spiritomb|Trick Room|p1b: Spiritomb\n|-fieldstart|move: Trick Room|[of] p1b: Spiritomb\n|\n|-weather|SunnyDay|[upkeep]\n|upkeep\n|turn|2\n|inactive|Chexr has 30 seconds left.\n|inactive|Chexr has 20 seconds left.\n|\n|t:|1788370196\n|move|p2b: Whimsicott|Protect|p2b: Whimsicott\n|-singleturn|p2b: Whimsicott|Protect\n|move|p1b: Spiritomb|Hex|p2b: Whimsicott\n|-activate|p2b: Whimsicott|move: Protect\n|move|p1a: Chandelure|Shadow Ball|p2a: Charizard\n|-damage|p2a: Charizard|38/100\n|move|p2a: Charizard|Heat Wave|p1b: Spiritomb|[spread] p1a,p1b\n|-resisted|p1a: Chandelure|1\n|-damage|p1a: Chandelure|23/100\n|-damage|p1b: Spiritomb|47/100\n|\n|-weather|SunnyDay|[upkeep]\n|upkeep\n|turn|3\n|inactive|Chexr has 30 seconds left.\n|inactive|bruhdnigerian has 30 seconds left.\n|inactive|Chexr has 20 seconds left.\n|inactive|Chexr has 15 seconds left.\n|inactive|Chexr has 10 seconds left.\n|\n|t:|1788370244\n|move|p2a: Charizard|Protect|p2a: Charizard\n|-singleturn|p2a: Charizard|Protect\n|move|p1b: Spiritomb|Will-O-Wisp|p2b: Whimsicott\n|-status|p2b: Whimsicott|brn\n|move|p1a: Chandelure|Flamethrower|p2a: Charizard\n|-activate|p2a: Charizard|move: Protect\n|move|p2b: Whimsicott|Moonblast|p1b: Spiritomb\n|-supereffective|p1b: Spiritomb|1\n|-damage|p1b: Spiritomb|0 fnt\n|faint|p1b: Spiritomb\n|\n|-weather|SunnyDay|[upkeep]\n|-damage|p2b: Whimsicott|0 fnt|[from] brn\n|faint|p2b: Whimsicott\n|upkeep\n|\n|t:|1788370267\n|switch|p1b: Gliscor|Gliscor, L50, M|100/100\n|switch|p2b: Garchomp|Garchomp, L50, M|100/100\n|turn|4\n|\n|t:|1788370279\n|move|p2a: Charizard|Protect|p2a: Charizard\n|-singleturn|p2a: Charizard|Protect\n|move|p1a: Chandelure|Shadow Ball|p2b: Garchomp\n|-damage|p2b: Garchomp|41/100\n|-unboost|p2b: Garchomp|spd|1\n|-enditem|p2b: Garchomp|Sitrus Berry|[eat]\n|-heal|p2b: Garchomp|65/100|[from] item: Sitrus Berry\n|move|p1b: Gliscor|Acrobatics|p2b: Garchomp\n|-damage|p2b: Garchomp|14/100\n|move|p2b: Garchomp|Rock Slide|p1a: Chandelure|[spread] p1a,p1b\n|-supereffective|p1a: Chandelure|1\n|-damage|p1a: Chandelure|0 fnt\n|-damage|p1b: Gliscor|82/100\n|faint|p1a: Chandelure\n|\n|-weather|SunnyDay|[upkeep]\n|-sideend|p2: Chexr|move: Tailwind\n|upkeep\n|\n|t:|1788370289\n|switch|p1a: Pangoro|Pangoro, L50, F|100/100\n|turn|5\n|inactive|Chexr has 30 seconds left.\n|inactive|Chexr has 20 seconds left.\n|inactive|Chexr has 15 seconds left.\n|inactive|Chexr has 10 seconds left.\n|\n|t:|1788370334\n|move|p2b: Garchomp|Protect|p2b: Garchomp\n|-singleturn|p2b: Garchomp|Protect\n|move|p2a: Charizard|Protect||[still]\n|-fail|p2a: Charizard\n|move|p1a: Pangoro|Knock Off|p2a: Charizard\n|-damage|p2a: Charizard|0 fnt\n|faint|p2a: Charizard\n|move|p1b: Gliscor|Rock Slide|p2b: Garchomp\n|-activate|p2b: Garchomp|move: Protect\n|\n|-weather|none\n|-fieldend|move: Trick Room\n|upkeep\n|\n|t:|1788370344\n|switch|p2a: Basculegion|Basculegion, L50, M|100/100\n|turn|6\n|\n|t:|1788370358\n|move|p1b: Gliscor|Protect|p1b: Gliscor\n|-singleturn|p1b: Gliscor|Protect\n|move|p2b: Garchomp|Dragon Claw|p1a: Pangoro\n|-damage|p1a: Pangoro|50/100g\n|move|p2a: Basculegion|Wave Crash|p1b: Gliscor\n|-activate|p1b: Gliscor|move: Protect\n|move|p1a: Pangoro|Knock Off|p2a: Basculegion\n|-supereffective|p2a: Basculegion|1\n|-damage|p2a: Basculegion|0 fnt\n|-enditem|p2a: Basculegion|Life Orb|[from] move: Knock Off|[of] p1a: Pangoro\n|faint|p2a: Basculegion\n|\n|upkeep\n|turn|7\n|\n|t:|1788370369\n|move|p2b: Garchomp|Dragon Claw|p1a: Pangoro\n|-damage|p1a: Pangoro|1/100\n|move|p1b: Gliscor|Acrobatics|p2b: Garchomp\n|-crit|p2b: Garchomp\n|-damage|p2b: Garchomp|0 fnt\n|faint|p2b: Garchomp\n|\n|win|bruhdnigerian\n|raw|bruhdnigerian's rating: 1210 &rarr; <strong>1238</strong><br />(+28 for winning)\n|raw|Chexr's rating: 1248 &rarr; <strong>1220</strong><br />(-28 for losing)\n|l|‽Chexr\n|player|p2|\n","uploadtime":1788370384,"views":"2","formatid":"gen9championsvgc2026regmb","rating":1220,"private":0,"password":null}