{"id":"gen9championsvgc2026regmb-2673943923","format":"[Gen 9 Champions] VGC 2026 Reg M-B","players":["jj2435","Gehtgutdigga"],"log":"|j|☆jj2435\n|j|☆Gehtgutdigga\n|t:|1788280118\n|gametype|doubles\n|player|p1|jj2435|zinnia|1629\n|player|p2|Gehtgutdigga|170|1589\n|gen|9\n|tier|[Gen 9 Champions] VGC 2026 Reg M-B\n|rated|\n|rule|Species Clause: Limit one of each Pokémon\n|rule|Item Clause: Limit 1 of each item\n|clearpoke\n|poke|p1|Aerodactyl, L50, M|\n|poke|p1|Raichu, L50, M|\n|poke|p1|Kingambit, L50, M|\n|poke|p1|Tsareena, L50, F|\n|poke|p1|Sylveon, L50, M|\n|poke|p1|Sneasler, L50, M|\n|poke|p2|Kingambit, L50, M|\n|poke|p2|Sneasler, L50, M|\n|poke|p2|Basculegion, L50, M|\n|poke|p2|Scovillain, L50, M|\n|poke|p2|Froslass, L50, F|\n|poke|p2|Lycanroc-Dusk, L50, F|\n|teampreview|4\n|\n|t:|1788280156\n|teamsize|p1|4\n|teamsize|p2|4\n|start\n|switch|p1a: Raichu|Raichu, L50, M|100/100\n|switch|p1b: Tsareena|Tsareena, L50, F|100/100\n|switch|p2a: Froslass|Froslass, L50, F|100/100\n|switch|p2b: Lycanroc|Lycanroc-Dusk, L50, F|100/100\n|turn|1\n|\n|t:|1788280185\n|switch|p1b: Sylveon|Sylveon, L50, M|100/100\n|detailschange|p2a: Froslass|Froslass-Mega, L50, F\n|-mega|p2a: Froslass|Froslass|Froslassite\n|-weather|Snowscape|[from] ability: Snow Warning|[of] p2a: Froslass\n|detailschange|p1a: Raichu|Raichu-Mega-Y, L50, M\n|-mega|p1a: Raichu|Raichu|Raichunite Y\n|move|p1a: Raichu|Zap Cannon|p2a: Froslass\n|-damage|p2a: Froslass|25/100\n|-status|p2a: Froslass|par\n|move|p2b: Lycanroc|Rock Slide|p1b: Sylveon|[spread] p1a,p1b\n|-damage|p1a: Raichu|48/100\n|-damage|p1b: Sylveon|66/100\n|cant|p2a: Froslass|par\n|\n|-weather|Snowscape|[upkeep]\n|upkeep\n|turn|2\n|\n|t:|1788280211\n|move|p2b: Lycanroc|Protect|p2b: Lycanroc\n|-singleturn|p2b: Lycanroc|Protect\n|move|p1a: Raichu|Zap Cannon|p2b: Lycanroc\n|-activate|p2b: Lycanroc|move: Protect\n|move|p1b: Sylveon|Hyper Voice|p2a: Froslass|[spread] p2a\n|-activate|p2b: Lycanroc|move: Protect\n|-crit|p2a: Froslass\n|-damage|p2a: Froslass|0 fnt\n|faint|p2a: Froslass\n|\n|-weather|Snowscape|[upkeep]\n|upkeep\n|\n|t:|1788280219\n|switch|p2a: Sneasler|Sneasler, L50, M|100/100\n|turn|3\n|\n|t:|1788280249\n|move|p1a: Raichu|Protect|p1a: Raichu\n|-singleturn|p1a: Raichu|Protect\n|move|p1b: Sylveon|Protect|p1b: Sylveon\n|-singleturn|p1b: Sylveon|Protect\n|move|p2a: Sneasler|Dire Claw|p1b: Sylveon\n|-activate|p1b: Sylveon|move: Protect\n|move|p2b: Lycanroc|Rock Slide|p1b: Sylveon|[spread] \n|-activate|p1a: Raichu|move: Protect\n|-activate|p1b: Sylveon|move: Protect\n|\n|-weather|Snowscape|[upkeep]\n|upkeep\n|turn|4\n|\n|t:|1788280269\n|move|p2a: Sneasler|Protect|p2a: Sneasler\n|-singleturn|p2a: Sneasler|Protect\n|move|p1a: Raichu|Zap Cannon|p2a: Sneasler\n|-activate|p2a: Sneasler|move: Protect\n|move|p2b: Lycanroc|Rock Slide|p1b: Sylveon|[spread] p1a,p1b\n|-damage|p1a: Raichu|0 fnt\n|-damage|p1b: Sylveon|35/100\n|faint|p1a: Raichu\n|cant|p1b: Sylveon|flinch\n|\n|-weather|Snowscape|[upkeep]\n|upkeep\n|\n|t:|1788280277\n|switch|p1a: Sneasler|Sneasler, L50, M|100/100\n|turn|5\n|\n|t:|1788280287\n|move|p1b: Sylveon|Protect|p1b: Sylveon\n|-singleturn|p1b: Sylveon|Protect\n|move|p1a: Sneasler|Close Combat|p2b: Lycanroc\n|-supereffective|p2b: Lycanroc|1\n|-enditem|p2b: Lycanroc|Focus Sash\n|-damage|p2b: Lycanroc|1/100\n|-unboost|p1a: Sneasler|def|1\n|-unboost|p1a: Sneasler|spd|1\n|-enditem|p1a: Sneasler|White Herb\n|-clearnegativeboost|p1a: Sneasler|[silent]\n|move|p2a: Sneasler|Dire Claw|p1b: Sylveon\n|-activate|p1b: Sylveon|move: Protect\n|move|p2b: Lycanroc|Rock Slide|p1a: Sneasler|[spread] p1a\n|-activate|p1b: Sylveon|move: Protect\n|-resisted|p1a: Sneasler|1\n|-damage|p1a: Sneasler|72/100\n|\n|-weather|none\n|upkeep\n|turn|6\n|\n|t:|1788280300\n|move|p1a: Sneasler|Dire Claw|p2a: Sneasler\n|-resisted|p2a: Sneasler|1\n|-damage|p2a: Sneasler|67/100\n|move|p2a: Sneasler|Dire Claw|p1b: Sylveon\n|-supereffective|p1b: Sylveon|1\n|-damage|p1b: Sylveon|0 fnt\n|faint|p1b: Sylveon\n|move|p2b: Lycanroc|Rock Slide|p1a: Sneasler\n|-resisted|p1a: Sneasler|1\n|-damage|p1a: Sneasler|38/100\n|\n|upkeep\n|\n|t:|1788280303\n|switch|p1b: Tsareena|Tsareena, L50, F|100/100\n|turn|7\n|\n|t:|1788280310\n|move|p1b: Tsareena|Protect|p1b: Tsareena\n|-singleturn|p1b: Tsareena|Protect\n|move|p1a: Sneasler|Feint|p2b: Lycanroc\n|-resisted|p2b: Lycanroc|1\n|-damage|p2b: Lycanroc|0 fnt\n|faint|p2b: Lycanroc\n|move|p2a: Sneasler|Dire Claw|p1b: Tsareena\n|-activate|p1b: Tsareena|move: Protect\n|\n|upkeep\n|\n|t:|1788280312\n|switch|p2b: Basculegion|Basculegion, L50, M|100/100\n|turn|8\n|\n|t:|1788280331\n|move|p1a: Sneasler|Dire Claw|p2a: Sneasler\n|-resisted|p2a: Sneasler|1\n|-damage|p2a: Sneasler|39/100\n|move|p2a: Sneasler|Close Combat|p1a: Sneasler\n|-resisted|p1a: Sneasler|1\n|-damage|p1a: Sneasler|0 fnt\n|-unboost|p2a: Sneasler|def|1\n|-unboost|p2a: Sneasler|spd|1\n|faint|p1a: Sneasler\n|-enditem|p2a: Sneasler|White Herb\n|-clearnegativeboost|p2a: Sneasler|[silent]\n|move|p2b: Basculegion|Last Respects|p1b: Tsareena\n|-enditem|p1b: Tsareena|Focus Sash\n|-damage|p1b: Tsareena|1/100\n|-damage|p2b: Basculegion|90/100|[from] item: Life Orb\n|move|p1b: Tsareena|Power Whip|p2b: Basculegion|[miss]\n|-miss|p1b: Tsareena|p2b: Basculegion\n|\n|upkeep\n|turn|9\n|c|☆Gehtgutdigga|Gg\n|-message|jj2435 forfeited.\n|\n|win|Gehtgutdigga\n|raw|jj2435's rating: 1629 &rarr; <strong>1607</strong><br />(-22 for losing)\n|raw|Gehtgutdigga's rating: 1589 &rarr; <strong>1611</strong><br />(+22 for winning)\n|l|☆jj2435\n|player|p1|\n","uploadtime":1788280362,"views":"14","formatid":"gen9championsvgc2026regmb","rating":1607,"private":0,"password":null}