{"id":"gen9championsvgc2026regmbbo3-2674482949","format":"[Gen 9 Champions] VGC 2026 Reg M-B (Bo3)","players":["itangood5","torchic naruto"],"log":"|j|☆itangood5\n|j|☆torchic naruto\n|html|<table width=\"100%\"><tr><td align=\"left\">itangood5</td><td align=\"right\">torchic naruto</tr><tr><td align=\"left\"><i class=\"fa fa-circle-o\"></i> <i class=\"fa fa-circle-o\"></i> </td><td align=\"right\"><i class=\"fa fa-circle-o\"></i> <i class=\"fa fa-circle-o\"></i> </tr></table>\n|uhtml|bestof|<h2><strong>Game 1</strong> of <a href=\"/game-bestof3-gen9championsvgc2026regmbbo3-2674482948\">a best-of-3</a></h2>\n|t:|1788365084\n|gametype|doubles\n|player|p1|itangood5|266|1110\n|player|p2|torchic naruto|266|1000\n|gen|9\n|tier|[Gen 9 Champions] VGC 2026 Reg M-B (Bo3)\n|rated|\n|rule|Species Clause: Limit one of each Pokémon\n|rule|Item Clause: Limit 1 of each item\n|clearpoke\n|poke|p1|Staraptor, L50, F|\n|poke|p1|Gholdengo, L50|\n|poke|p1|Garchomp, L50, M|\n|poke|p1|Floette-Eternal, L50, F|\n|poke|p1|Milotic, L50, M|\n|poke|p1|Arcanine-Hisui, L50, M|\n|poke|p2|Blaziken, L50, F, shiny|\n|poke|p2|Sinistcha, L50|\n|poke|p2|Kingambit, L50, F|\n|poke|p2|Froslass, L50, F|\n|poke|p2|Incineroar, L50, M, shiny|\n|poke|p2|Sneasler, L50, F|\n|teampreview|4\n|showteam|p1|Staraptor||Staraptite|Intimidate|CloseCombat,DualWingbeat,Tailwind,Protect|Jolly||F|||50|]Gholdengo||FocusSash|GoodasGold|MakeItRain,ShadowBall,PowerGem,Protect|Timid|||||50|]Garchomp||ChoiceScarf|RoughSkin|Earthquake,StompingTantrum,DragonClaw,RockSlide|Adamant||M|||50|]Floette-Eternal||Floettite|FlowerVeil|LightofRuin,Moonblast,DazzlingGleam,Protect|Timid||F|||50|]Milotic||SitrusBerry|Competitive|MuddyWater,IceBeam,Coil,Hypnosis|Calm||M|||50|]Arcanine-Hisui||LifeOrb|RockHead|ExtremeSpeed,FlareBlitz,HeadSmash,Protect|Adamant||M|||50|\n|showteam|p2|Blaziken||Blazikenite|SpeedBoost|CloseCombat,FlareBlitz,RockSlide,Detect|Adamant||F|||50|]Sinistcha||OccaBerry|Hospitality|Protect,MatchaGotcha,TrickRoom,RagePowder|Sassy|||||50|]Kingambit||BlackGlasses|Defiant|KowtowCleave,SuckerPunch,Protect,SwordsDance|Adamant||F|||50|]Froslass||Froslassite|SnowCloak|Blizzard,ShadowBall,AuroraVeil,Protect|Calm||F|||50|]Incineroar||SitrusBerry|Intimidate|FlareBlitz,FakeOut,PartingShot,HelpingHand|Adamant||M|||50|]Sneasler||WhiteHerb|Unburden|CloseCombat,DireClaw,Protect,FakeOut|Adamant||F|||50|\n|inactive|Battle timer is ON: inactive players will automatically lose when time's up. (requested by itangood5)\n|inactive|torchic naruto has 60 seconds left.\n|\n|t:|1788365127\n|teamsize|p1|4\n|teamsize|p2|4\n|start\n|switch|p1a: Arcanine|Arcanine-Hisui, L50, M|100/100\n|switch|p1b: Milotic|Milotic, L50, M|100/100\n|switch|p2a: Sneasler|Sneasler, L50, F|100/100\n|switch|p2b: Froslass|Froslass, L50, F|100/100\n|turn|1\n|\n|t:|1788365142\n|detailschange|p2b: Froslass|Froslass-Mega, L50, F\n|-mega|p2b: Froslass|Froslass|Froslassite\n|-weather|Snowscape|[from] ability: Snow Warning|[of] p2b: Froslass\n|move|p1a: Arcanine|Protect|p1a: Arcanine\n|-singleturn|p1a: Arcanine|Protect\n|move|p2a: Sneasler|Fake Out|p1a: Arcanine\n|-activate|p1a: Arcanine|move: Protect\n|move|p2b: Froslass|Aurora Veil|p2b: Froslass\n|-sidestart|p2: torchic naruto|move: Aurora Veil\n|move|p1b: Milotic|Hypnosis|p2a: Sneasler|[miss]\n|-miss|p1b: Milotic|p2a: Sneasler\n|\n|-weather|Snowscape|[upkeep]\n|upkeep\n|turn|2\n|\n|t:|1788365156\n|move|p2b: Froslass|Blizzard|p1b: Milotic|[spread] p1a,p1b\n|-resisted|p1a: Arcanine|1\n|-resisted|p1b: Milotic|1\n|-damage|p1a: Arcanine|80/100\n|-damage|p1b: Milotic|87/100\n|-status|p1a: Arcanine|frz\n|move|p2a: Sneasler|Close Combat|p1a: Arcanine\n|-supereffective|p1a: Arcanine|1\n|-damage|p1a: Arcanine|0 fnt\n|-unboost|p2a: Sneasler|def|1\n|-unboost|p2a: Sneasler|spd|1\n|faint|p1a: Arcanine\n|-enditem|p2a: Sneasler|White Herb\n|-clearnegativeboost|p2a: Sneasler|[silent]\n|move|p1b: Milotic|Muddy Water|p2b: Froslass|[spread] p2a,p2b\n|-damage|p2a: Sneasler|79/100\n|-damage|p2b: Froslass|84/100\n|\n|-weather|Snowscape|[upkeep]\n|upkeep\n|\n|t:|1788365167\n|switch|p1a: Gholdengo|Gholdengo, L50|100/100\n|turn|3\n|\n|t:|1788365182\n|switch|p2a: Incineroar|Incineroar, L50, M, shiny|100/100\n|-ability|p2a: Incineroar|Intimidate|boost\n|-unboost|p1a: Gholdengo|atk|1\n|-unboost|p1b: Milotic|atk|1\n|-ability|p1b: Milotic|Competitive|boost\n|-boost|p1b: Milotic|spa|2\n|move|p2b: Froslass|Protect|p2b: Froslass\n|-singleturn|p2b: Froslass|Protect\n|move|p1a: Gholdengo|Make It Rain|p2a: Incineroar|[spread] p2a\n|-activate|p2b: Froslass|move: Protect\n|-resisted|p2a: Incineroar|1\n|-damage|p2a: Incineroar|87/100\n|-unboost|p1a: Gholdengo|spa|2\n|move|p1b: Milotic|Muddy Water|p2b: Froslass|[spread] p2a\n|-activate|p2b: Froslass|move: Protect\n|-supereffective|p2a: Incineroar|1\n|-damage|p2a: Incineroar|37/100\n|-enditem|p2a: Incineroar|Sitrus Berry|[eat]\n|-heal|p2a: Incineroar|61/100|[from] item: Sitrus Berry\n|\n|-weather|Snowscape|[upkeep]\n|upkeep\n|turn|4\n|\n|t:|1788365205\n|switch|p1a: Floette|Floette-Eternal, L50, F|100/100\n|switch|p2a: Sinistcha|Sinistcha, L50|100/100\n|-heal|p2b: Froslass|100/100|[from] ability: Hospitality|[of] p2a: Sinistcha\n|move|p2b: Froslass|Shadow Ball|p1a: Floette\n|-damage|p1a: Floette|62/100\n|move|p1b: Milotic|Coil|p1b: Milotic\n|-boost|p1b: Milotic|atk|1\n|-boost|p1b: Milotic|def|1\n|-boost|p1b: Milotic|accuracy|1\n|\n|-weather|Snowscape|[upkeep]\n|upkeep\n|turn|5\n|\n|t:|1788365223\n|move|p1a: Floette|Protect|p1a: Floette\n|-singleturn|p1a: Floette|Protect\n|move|p2b: Froslass|Blizzard|p1a: Floette|[spread] p1b\n|-activate|p1a: Floette|move: Protect\n|-resisted|p1b: Milotic|1\n|-damage|p1b: Milotic|75/100\n|move|p1b: Milotic|Hypnosis|p2b: Froslass|[miss]\n|-miss|p1b: Milotic|p2b: Froslass\n|move|p2a: Sinistcha|Matcha Gotcha|p1a: Floette|[spread] p1b\n|-activate|p1a: Floette|move: Protect\n|-supereffective|p1b: Milotic|1\n|-damage|p1b: Milotic|41/100\n|-enditem|p1b: Milotic|Sitrus Berry|[eat]\n|-heal|p1b: Milotic|66/100|[from] item: Sitrus Berry\n|\n|-weather|none\n|-sideend|p2: torchic naruto|move: Aurora Veil\n|upkeep\n|turn|6\n|inactive|torchic naruto has 30 seconds left.\n|\n|t:|1788365259\n|detailschange|p1a: Floette|Floette-Mega, L50, F\n|-mega|p1a: Floette|Floette|Floettite\n|-ability|p1a: Floette|Fairy Aura\n|move|p2b: Froslass|Shadow Ball|p1a: Floette\n|-damage|p1a: Floette|28/100\n|move|p1a: Floette|Light of Ruin|p2a: Sinistcha\n|-damage|p2a: Sinistcha|0 fnt\n|faint|p2a: Sinistcha\n|-damage|p1a: Floette|0 fnt|[from] Recoil\n|faint|p1a: Floette\n|move|p1b: Milotic|Hypnosis|p2b: Froslass\n|-status|p2b: Froslass|slp|[from] move: Hypnosis\n|\n|upkeep\n|\n|t:|1788365272\n|switch|p1a: Gholdengo|Gholdengo, L50|100/100\n|switch|p2a: Sneasler|Sneasler, L50, F|79/100\n|turn|7\n|\n|t:|1788365288\n|cant|p2b: Froslass|slp\n|move|p2a: Sneasler|Dire Claw|p1b: Milotic\n|-damage|p1b: Milotic|38/100\n|-status|p1b: Milotic|psn\n|move|p1a: Gholdengo|Shadow Ball|p2b: Froslass\n|-supereffective|p2b: Froslass|1\n|-damage|p2b: Froslass|25/100 slp\n|move|p1b: Milotic|Muddy Water|p2a: Sneasler|[spread] p2a,p2b\n|-damage|p2a: Sneasler|16/100\n|-damage|p2b: Froslass|0 fnt\n|-unboost|p2a: Sneasler|accuracy|1\n|faint|p2b: Froslass\n|\n|-damage|p1b: Milotic|25/100 psn|[from] psn\n|upkeep\n|\n|t:|1788365302\n|switch|p2b: Incineroar|Incineroar, L50, M, shiny|61/100\n|-ability|p2b: Incineroar|Intimidate|boost\n|-unboost|p1a: Gholdengo|atk|1\n|-unboost|p1b: Milotic|atk|1\n|-ability|p1b: Milotic|Competitive|boost\n|-boost|p1b: Milotic|spa|2\n|turn|8\n|\n|t:|1788365322\n|move|p2a: Sneasler|Close Combat|p1b: Milotic\n|-damage|p1b: Milotic|0 fnt\n|-unboost|p2a: Sneasler|def|1\n|-unboost|p2a: Sneasler|spd|1\n|faint|p1b: Milotic\n|move|p1a: Gholdengo|Power Gem|p2b: Incineroar\n|-supereffective|p2b: Incineroar|1\n|-damage|p2b: Incineroar|11/100\n|move|p2b: Incineroar|Flare Blitz|p1a: Gholdengo\n|-supereffective|p1a: Gholdengo|1\n|-enditem|p1a: Gholdengo|Focus Sash\n|-damage|p1a: Gholdengo|1/100\n|-damage|p2b: Incineroar|0 fnt|[from] Recoil\n|faint|p2b: Incineroar\n|\n|upkeep\n|turn|9\n|\n|t:|1788365338\n|move|p2a: Sneasler|Dire Claw|p1a: Gholdengo\n|-immune|p1a: Gholdengo\n|move|p1a: Gholdengo|Shadow Ball|p2a: Sneasler\n|-damage|p2a: Sneasler|0 fnt\n|faint|p2a: Sneasler\n|\n|win|itangood5\n||torchic naruto is ready for game 2.\n||itangood5 is ready for game 2.\n|uhtml|next|Next: <a href=\"/battle-gen9championsvgc2026regmbbo3-2674485171\"><strong>Game 2 of 3</strong></a>\n","uploadtime":1788365349,"views":"0","formatid":"gen9championsvgc2026regmbbo3","rating":null,"private":0,"password":null}