{"id":"gen9championsvgc2026regmb-2674579497","format":"[Gen 9 Champions] VGC 2026 Reg M-B","players":["under_castle","izayatijifan129"],"log":"|j|☆under_castle\n|j|☆izayatijifan129\n|t:|1788376244\n|gametype|doubles\n|player|p1|under_castle|n|1122\n|player|p2|izayatijifan129|101|1126\n|gen|9\n|tier|[Gen 9 Champions] VGC 2026 Reg M-B\n|rated|\n|rule|Species Clause: Limit one of each Pokémon\n|rule|Item Clause: Limit 1 of each item\n|clearpoke\n|poke|p1|Tyranitar, L50, M|\n|poke|p1|Excadrill, L50, M|\n|poke|p1|Kommo-o, L50, F|\n|poke|p1|Sinistcha, L50|\n|poke|p1|Staraptor, L50, F|\n|poke|p1|Gholdengo, L50|\n|poke|p2|Incineroar, L50, F|\n|poke|p2|Scrafty, L50, M|\n|poke|p2|Whimsicott, L50, M|\n|poke|p2|Palafin, L50, M|\n|poke|p2|Floette-Eternal, L50, F|\n|poke|p2|Sinistcha-Masterpiece, L50|\n|teampreview|4\n|\n|t:|1788376276\n|teamsize|p1|4\n|teamsize|p2|4\n|start\n|switch|p1a: Sinistcha|Sinistcha, L50|100/100\n|switch|p1b: Kommo-o|Kommo-o, L50, F|100/100\n|switch|p2a: Scrafty|Scrafty, L50, M|100/100\n|switch|p2b: Palafin|Palafin, L50, M|100/100\n|-ability|p2a: Scrafty|Intimidate|boost\n|-unboost|p1a: Sinistcha|atk|1\n|-unboost|p1b: Kommo-o|atk|1\n|turn|1\n|\n|t:|1788376295\n|detailschange|p2b: Palafin|Palafin-Hero, L50, M\n|switch|p2b: Incineroar|Incineroar, L50, F|100/100\n|-ability|p2b: Incineroar|Intimidate|boost\n|-unboost|p1a: Sinistcha|atk|1\n|-unboost|p1b: Kommo-o|atk|1\n|move|p2a: Scrafty|Fake Out|p1b: Kommo-o\n|-damage|p1b: Kommo-o|89/100\n|cant|p1b: Kommo-o|flinch\n|move|p1a: Sinistcha|Trick Room|p1a: Sinistcha\n|-fieldstart|move: Trick Room|[of] p1a: Sinistcha\n|\n|-heal|p1b: Kommo-o|96/100|[from] item: Leftovers\n|upkeep\n|turn|2\n|\n|t:|1788376311\n|switch|p2a: Palafin|Palafin-Hero, L50, M|100/100\n|-activate|p2a: Palafin|ability: Zero to Hero\n|move|p2b: Incineroar|Fake Out|p1b: Kommo-o\n|-damage|p1b: Kommo-o|87/100\n|move|p1a: Sinistcha|Rage Powder|p1a: Sinistcha\n|-singleturn|p1a: Sinistcha|move: Rage Powder\n|cant|p1b: Kommo-o|flinch\n|\n|-heal|p1b: Kommo-o|93/100|[from] item: Leftovers\n|upkeep\n|turn|3\n|\n|t:|1788376331\n|switch|p2b: Scrafty|Scrafty, L50, M|100/100\n|-ability|p2b: Scrafty|Intimidate|boost\n|-unboost|p1a: Sinistcha|atk|1\n|-unboost|p1b: Kommo-o|atk|1\n|move|p2a: Palafin|Protect|p2a: Palafin\n|-singleturn|p2a: Palafin|Protect\n|move|p1a: Sinistcha|Rage Powder|p1a: Sinistcha\n|-singleturn|p1a: Sinistcha|move: Rage Powder\n|move|p1b: Kommo-o|Clangorous Soul|p1b: Kommo-o\n|-boost|p1b: Kommo-o|atk|1\n|-boost|p1b: Kommo-o|def|1\n|-boost|p1b: Kommo-o|spa|1\n|-boost|p1b: Kommo-o|spd|1\n|-boost|p1b: Kommo-o|spe|1\n|-damage|p1b: Kommo-o|60/100\n|\n|-heal|p1b: Kommo-o|66/100|[from] item: Leftovers\n|upkeep\n|turn|4\n|\n|t:|1788376366\n|move|p1b: Kommo-o|Protect|p1b: Kommo-o\n|-singleturn|p1b: Kommo-o|Protect\n|move|p2b: Scrafty|Fake Out|p1b: Kommo-o\n|-activate|p1b: Kommo-o|move: Protect\n|move|p1a: Sinistcha|Matcha Gotcha|p2a: Palafin|[spread] p2a,p2b\n|-supereffective|p2a: Palafin|1\n|-damage|p2a: Palafin|45/100\n|-damage|p2b: Scrafty|76/100\n|move|p2a: Palafin|Wave Crash|p1b: Kommo-o\n|-activate|p1b: Kommo-o|move: Protect\n|\n|-heal|p1b: Kommo-o|72/100|[from] item: Leftovers\n|upkeep\n|turn|5\n|\n|t:|1788376391\n|switch|p2a: Incineroar|Incineroar, L50, F|100/100\n|-ability|p2a: Incineroar|Intimidate|boost\n|-unboost|p1a: Sinistcha|atk|1\n|-unboost|p1b: Kommo-o|atk|1\n|move|p2b: Scrafty|Detect|p2b: Scrafty\n|-singleturn|p2b: Scrafty|Protect\n|move|p1a: Sinistcha|Matcha Gotcha|p2b: Scrafty|[spread] p2a\n|-activate|p2b: Scrafty|move: Protect\n|-resisted|p2a: Incineroar|1\n|-crit|p2a: Incineroar\n|-damage|p2a: Incineroar|85/100\n|move|p1b: Kommo-o|Clanging Scales|p2b: Scrafty|[spread] p2a\n|-activate|p2b: Scrafty|move: Protect\n|-damage|p2a: Incineroar|38/100\n|-enditem|p2a: Incineroar|Sitrus Berry|[eat]\n|-heal|p2a: Incineroar|62/100|[from] item: Sitrus Berry\n|-unboost|p1b: Kommo-o|def|1\n|\n|-heal|p1b: Kommo-o|78/100|[from] item: Leftovers\n|-fieldend|move: Trick Room\n|upkeep\n|turn|6\n|\n|t:|1788376416\n|detailschange|p2b: Scrafty|Scrafty-Mega, L50, M\n|-mega|p2b: Scrafty|Scrafty|Scraftinite\n|-ability|p2b: Scrafty|Intimidate|boost\n|-unboost|p1a: Sinistcha|atk|1\n|-unboost|p1b: Kommo-o|atk|1\n|move|p1b: Kommo-o|Protect|p1b: Kommo-o\n|-singleturn|p1b: Kommo-o|Protect\n|move|p2a: Incineroar|Fake Out|p1b: Kommo-o\n|-activate|p1b: Kommo-o|move: Protect\n|move|p1a: Sinistcha|Matcha Gotcha|p2b: Scrafty|[spread] p2a\n|-miss|p1a: Sinistcha|p2b: Scrafty\n|-resisted|p2a: Incineroar|1\n|-damage|p2a: Incineroar|53/100\n|move|p2b: Scrafty|Knock Off|p1a: Sinistcha\n|-supereffective|p1a: Sinistcha|1\n|-enditem|p1a: Sinistcha|Colbur Berry|[eat]\n|-enditem|p1a: Sinistcha|Colbur Berry|[weaken]\n|-damage|p1a: Sinistcha|57/100\n|\n|-heal|p1b: Kommo-o|84/100|[from] item: Leftovers\n|upkeep\n|turn|7\n|\n|t:|1788376444\n|move|p1b: Kommo-o|Clanging Scales|p2a: Incineroar|[spread] p2a,p2b\n|-crit|p2a: Incineroar\n|-damage|p2a: Incineroar|0 fnt\n|-damage|p2b: Scrafty|29/100\n|faint|p2a: Incineroar\n|-unboost|p1b: Kommo-o|def|1\n|move|p2b: Scrafty|Close Combat|p1b: Kommo-o\n|-damage|p1b: Kommo-o|1/100\n|-unboost|p2b: Scrafty|def|1\n|-unboost|p2b: Scrafty|spd|1\n|move|p1a: Sinistcha|Trick Room|p1a: Sinistcha\n|-fieldstart|move: Trick Room|[of] p1a: Sinistcha\n|\n|-heal|p1b: Kommo-o|6/100|[from] item: Leftovers\n|upkeep\n|\n|t:|1788376457\n|switch|p2a: Palafin|Palafin-Hero, L50, M|45/100\n|turn|8\n|\n|t:|1788376484\n|move|p2a: Palafin|Jet Punch|p1b: Kommo-o\n|-resisted|p1b: Kommo-o|1\n|-crit|p1b: Kommo-o\n|-damage|p1b: Kommo-o|0 fnt\n|faint|p1b: Kommo-o\n|move|p2b: Scrafty|Knock Off|p1a: Sinistcha\n|-supereffective|p1a: Sinistcha|1\n|-damage|p1a: Sinistcha|0 fnt\n|faint|p1a: Sinistcha\n|\n|upkeep\n|\n|t:|1788376498\n|switch|p1a: Tyranitar|Tyranitar, L50, M|100/100\n|switch|p1b: Gholdengo|Gholdengo, L50|100/100\n|-weather|Sandstorm|[from] ability: Sand Stream|[of] p1a: Tyranitar\n|turn|9\n|\n|t:|1788376518\n|switch|p2b: Sinistcha|Sinistcha-Masterpiece, L50|100/100\n|-heal|p2a: Palafin|69/100|[from] ability: Hospitality|[of] p2b: Sinistcha\n|detailschange|p1a: Tyranitar|Tyranitar-Mega, L50, M\n|-mega|p1a: Tyranitar|Tyranitar|Tyranitarite\n|move|p2a: Palafin|Protect|p2a: Palafin\n|-singleturn|p2a: Palafin|Protect\n|move|p1a: Tyranitar|Rock Slide|p2a: Palafin|[spread] p2b\n|-activate|p2a: Palafin|move: Protect\n|-damage|p2b: Sinistcha|79/100\n|move|p1b: Gholdengo|Make It Rain|p2b: Sinistcha|[spread] p2b\n|-activate|p2a: Palafin|move: Protect\n|-damage|p2b: Sinistcha|1/100\n|-unboost|p1b: Gholdengo|spa|2\n|-damage|p1b: Gholdengo|90/100|[from] item: Life Orb\n|\n|-weather|Sandstorm|[upkeep]\n|-damage|p2b: Sinistcha|0 fnt|[from] Sandstorm\n|-damage|p2a: Palafin|64/100|[from] Sandstorm\n|faint|p2b: Sinistcha\n|upkeep\n|\n|t:|1788376539\n|switch|p2b: Scrafty|Scrafty-Mega, L50, M|29/100\n|-ability|p2b: Scrafty|Intimidate|boost\n|-unboost|p1a: Tyranitar|atk|1\n|-unboost|p1b: Gholdengo|atk|1\n|turn|10\n|\n|t:|1788376576\n|move|p2a: Palafin|Jet Punch|p1b: Gholdengo\n|-damage|p1b: Gholdengo|34/100\n|move|p2b: Scrafty|Knock Off|p1b: Gholdengo\n|-supereffective|p1b: Gholdengo|1\n|-damage|p1b: Gholdengo|0 fnt\n|-enditem|p1b: Gholdengo|Life Orb|[from] move: Knock Off|[of] p2b: Scrafty\n|faint|p1b: Gholdengo\n|move|p1a: Tyranitar|Rock Slide|p2b: Scrafty|[spread] p2b\n|-miss|p1a: Tyranitar|p2a: Palafin\n|-resisted|p2b: Scrafty|1\n|-damage|p2b: Scrafty|20/100y\n|\n|-weather|Sandstorm|[upkeep]\n|-damage|p2b: Scrafty|15/100|[from] Sandstorm\n|-damage|p2a: Palafin|58/100|[from] Sandstorm\n|upkeep\n|turn|11\n|\n|t:|1788376594\n|move|p1a: Tyranitar|Protect|p1a: Tyranitar\n|-singleturn|p1a: Tyranitar|Protect\n|move|p2b: Scrafty|Close Combat|p1a: Tyranitar\n|-activate|p1a: Tyranitar|move: Protect\n|move|p2a: Palafin|Wave Crash|p1a: Tyranitar\n|-activate|p1a: Tyranitar|move: Protect\n|\n|-weather|Sandstorm|[upkeep]\n|-damage|p2b: Scrafty|9/100|[from] Sandstorm\n|-damage|p2a: Palafin|52/100|[from] Sandstorm\n|-fieldend|move: Trick Room\n|upkeep\n|turn|12\n|\n|t:|1788376610\n|move|p2a: Palafin|Wave Crash|p1a: Tyranitar\n|-supereffective|p1a: Tyranitar|1\n|-damage|p1a: Tyranitar|0 fnt\n|faint|p1a: Tyranitar\n|-damage|p2a: Palafin|16/100|[from] Recoil\n|\n|win|izayatijifan129\n|raw|under_castle's rating: 1122 &rarr; <strong>1097</strong><br />(-25 for losing)\n|raw|izayatijifan129's rating: 1126 &rarr; <strong>1151</strong><br />(+25 for winning)\n|l|☆under_castle\n|player|p1|\n","uploadtime":1788376618,"views":"15","formatid":"gen9championsvgc2026regmb","rating":1097,"private":0,"password":null}