{"id":"gen9championsvgc2026regmb-2674479842","format":"[Gen 9 Champions] VGC 2026 Reg M-B","players":["Vogglinggoo","Meed"],"log":"|j|☆Vogglinggoo\n|j|☆Meed\n|t:|1788364713\n|gametype|doubles\n|player|p1|Vogglinggoo|2|1267\n|player|p2|Meed|lady-gen4|1222\n|gen|9\n|tier|[Gen 9 Champions] VGC 2026 Reg M-B\n|rated|\n|rule|Species Clause: Limit one of each Pokémon\n|rule|Item Clause: Limit 1 of each item\n|clearpoke\n|poke|p1|Salazzle, L50, F|\n|poke|p1|Drampa, L50, M|\n|poke|p1|Incineroar, L50, M|\n|poke|p1|Dragonite, L50, M|\n|poke|p1|Sinistcha, L50|\n|poke|p1|Scizor, L50, F|\n|poke|p2|Rotom-Wash, L50|\n|poke|p2|Sableye, L50, F|\n|poke|p2|Garchomp, L50, F|\n|poke|p2|Corviknight, L50, F|\n|poke|p2|Gardevoir, L50, M|\n|poke|p2|Arcanine-Hisui, L50, M|\n|teampreview|4\n|inactive|Battle timer is ON: inactive players will automatically lose when time's up. (requested by Vogglinggoo)\n|\n|t:|1788364745\n|teamsize|p1|4\n|teamsize|p2|4\n|start\n|switch|p1a: Salazzle|Salazzle, L50, F|100/100\n|switch|p1b: Drampa|Drampa, L50, M|100/100\n|switch|p2a: Sableye|Sableye, L50, F|100/100\n|switch|p2b: Arcanine|Arcanine-Hisui, L50, M|100/100\n|turn|1\n|\n|t:|1788364762\n|move|p1a: Salazzle|Fake Out|p2b: Arcanine\n|-resisted|p2b: Arcanine|1\n|-damage|p2b: Arcanine|96/100\n|move|p2a: Sableye|Quash||[still]\n|-fail|p2a: Sableye\n|cant|p2b: Arcanine|flinch\n|move|p1b: Drampa|Draco Meteor|p2b: Arcanine\n|-damage|p2b: Arcanine|0 fnt\n|-unboost|p1b: Drampa|spa|2\n|faint|p2b: Arcanine\n|\n|upkeep\n|\n|t:|1788364770\n|switch|p2b: Gardevoir|Gardevoir, L50, M|100/100\n|turn|2\n|\n|t:|1788364783\n|detailschange|p2b: Gardevoir|Gardevoir-Mega, L50, M\n|-mega|p2b: Gardevoir|Gardevoir|Gardevoirite\n|move|p1b: Drampa|Protect|p1b: Drampa\n|-singleturn|p1b: Drampa|Protect\n|move|p2a: Sableye|Encore|p1a: Salazzle\n|-start|p1a: Salazzle|Encore\n|move|p1a: Salazzle|Fake Out||[still]\n|-hint|Fake Out only works on your first turn out.\n|-fail|p1a: Salazzle\n|move|p2b: Gardevoir|Hyper Voice|p1a: Salazzle|[spread] p1a\n|-activate|p1b: Drampa|move: Protect\n|-resisted|p1a: Salazzle|2\n|-damage|p1a: Salazzle|75/100\n|\n|upkeep\n|turn|3\n|\n|t:|1788364803\n|switch|p1a: Scizor|Scizor, L50, F|100/100\n|move|p1b: Drampa|Protect||[still]\n|-fail|p1b: Drampa\n|move|p2a: Sableye|Encore|p1b: Drampa\n|-start|p1b: Drampa|Encore\n|move|p2b: Gardevoir|Hyper Voice|p1a: Scizor|[spread] p1a,p1b\n|-resisted|p1a: Scizor|1\n|-crit|p1a: Scizor\n|-supereffective|p1b: Drampa|1\n|-damage|p1a: Scizor|55/100\n|-damage|p1b: Drampa|0 fnt\n|faint|p1b: Drampa\n|\n|upkeep\n|\n|t:|1788364824\n|switch|p1b: Salazzle|Salazzle, L50, F|75/100\n|turn|4\n|\n|t:|1788364831\n|switch|p2b: Garchomp|Garchomp, L50, F|100/100\n|move|p1a: Scizor|Bullet Punch|p2b: Garchomp\n|-damage|p2b: Garchomp|57/100\n|-damage|p1a: Scizor|43/100|[from] ability: Rough Skin|[of] p2b: Garchomp\n|-damage|p1a: Scizor|33/100|[from] item: Life Orb\n|move|p2a: Sableye|Will-O-Wisp|p1a: Scizor\n|-status|p1a: Scizor|brn\n|move|p1b: Salazzle|Sludge Bomb|p2a: Sableye\n|-resisted|p2a: Sableye|1\n|-damage|p2a: Sableye|63/100\n|\n|-damage|p1a: Scizor|27/100 brn|[from] brn\n|upkeep\n|turn|5\n|inactive|Vogglinggoo has 30 seconds left.\n|inactive|Meed has 30 seconds left.\n|inactive|Vogglinggoo has 20 seconds left.\n|inactive|Meed has 20 seconds left.\n|inactive|Meed has 15 seconds left.\n|\n|t:|1788364871\n|switch|p1a: Sinistcha|Sinistcha, L50|100/100\n|-heal|p1b: Salazzle|100/100|[from] ability: Hospitality|[of] p1a: Sinistcha\n|move|p2b: Garchomp|Stomping Tantrum|p1b: Salazzle\n|-supereffective|p1b: Salazzle|2\n|-enditem|p1b: Salazzle|Focus Sash\n|-damage|p1b: Salazzle|1/100\n|move|p1b: Salazzle|Heat Wave|p2a: Sableye|[spread] p2a\n|-miss|p1b: Salazzle|p2b: Garchomp\n|-damage|p2a: Sableye|3/100\n|move|p2a: Sableye|Knock Off|p1b: Salazzle\n|-damage|p1b: Salazzle|0 fnt\n|faint|p1b: Salazzle\n|\n|upkeep\n|\n|t:|1788364886\n|switch|p1b: Scizor|Scizor, L50, F|27/100 brn\n|turn|6\n|\n|t:|1788364897\n|move|p1b: Scizor|Protect|p1b: Scizor\n|-singleturn|p1b: Scizor|Protect\n|move|p2b: Garchomp|Stomping Tantrum|p1b: Scizor\n|-activate|p1b: Scizor|move: Protect\n|move|p1a: Sinistcha|Matcha Gotcha|p2b: Garchomp|[spread] p2a\n|-miss|p1a: Sinistcha|p2b: Garchomp\n|-damage|p2a: Sableye|0 fnt\n|faint|p2a: Sableye\n|\n|-damage|p1b: Scizor|21/100 brn|[from] brn\n|upkeep\n|\n|t:|1788364909\n|switch|p2a: Gardevoir|Gardevoir-Mega, L50, M|100/100\n|turn|7\n|\n|t:|1788364932\n|move|p2a: Gardevoir|Protect|p2a: Gardevoir\n|-singleturn|p2a: Gardevoir|Protect\n|move|p1b: Scizor|Protect|p1b: Scizor\n|-singleturn|p1b: Scizor|Protect\n|move|p2b: Garchomp|Stomping Tantrum|p1b: Scizor\n|-activate|p1b: Scizor|move: Protect\n|move|p1a: Sinistcha|Matcha Gotcha|p2b: Garchomp|[spread] p2b\n|-activate|p2a: Gardevoir|move: Protect\n|-damage|p2b: Garchomp|29/100\n|\n|-damage|p1b: Scizor|15/100 brn|[from] brn\n|upkeep\n|turn|8\n|\n|t:|1788364955\n|move|p1b: Scizor|Bullet Punch|p2a: Gardevoir\n|-supereffective|p2a: Gardevoir|1\n|-damage|p2a: Gardevoir|24/100\n|-damage|p1b: Scizor|5/100 brn|[from] item: Life Orb\n|move|p2b: Garchomp|Stomping Tantrum|p1b: Scizor\n|-damage|p1b: Scizor|0 fnt\n|faint|p1b: Scizor\n|move|p2a: Gardevoir|Hyper Voice|p1a: Sinistcha\n|-damage|p1a: Sinistcha|17/100\n|-enditem|p1a: Sinistcha|Sitrus Berry|[eat]\n|-heal|p1a: Sinistcha|42/100|[from] item: Sitrus Berry\n|move|p1a: Sinistcha|Trick Room|p1a: Sinistcha\n|-fieldstart|move: Trick Room|[of] p1a: Sinistcha\n|\n|upkeep\n|turn|9\n|\n|t:|1788364979\n|move|p1a: Sinistcha|Matcha Gotcha|p2a: Gardevoir|[spread] p2a,p2b\n|-damage|p2a: Gardevoir|1/100\n|-heal|p1a: Sinistcha|51/100|[from] drain|[of] p2a: Gardevoir\n|-damage|p2b: Garchomp|0 fnt\n|-heal|p1a: Sinistcha|66/100|[from] drain|[of] p2b: Garchomp\n|faint|p2b: Garchomp\n|move|p2a: Gardevoir|Hyper Voice|p1a: Sinistcha\n|-crit|p1a: Sinistcha\n|-damage|p1a: Sinistcha|0 fnt\n|faint|p1a: Sinistcha\n|\n|win|Meed\n|raw|Vogglinggoo's rating: 1267 &rarr; <strong>1239</strong><br />(-28 for losing)\n|raw|Meed's rating: 1222 &rarr; <strong>1250</strong><br />(+28 for winning)\n","uploadtime":1788364991,"views":"11","formatid":"gen9championsvgc2026regmb","rating":1239,"private":0,"password":null}