{"id":"gen9championsvgc2026regmbbo3-2674292838","format":"[Gen 9 Champions] VGC 2026 Reg M-B (Bo3)","players":["Jorge Saltamontes","ZMegasOnFraudWatch"],"log":"|j|☆Jorge Saltamontes\n|j|☆ZMegasOnFraudWatch\n|html|<table width=\"100%\"><tr><td align=\"left\">Jorge Saltamontes</td><td align=\"right\">ZMegasOnFraudWatch</tr><tr><td align=\"left\"><i class=\"fa fa-circle-o\"></i> <i class=\"fa fa-circle-o\"></i> </td><td align=\"right\"><i class=\"fa fa-circle-o\"></i> <i class=\"fa fa-circle-o\"></i> </tr></table>\n|uhtml|bestof|<h2><strong>Game 1</strong> of <a href=\"/game-bestof3-gen9championsvgc2026regmbbo3-2674292835\">a best-of-3</a></h2>\n|t:|1788333596\n|gametype|doubles\n|player|p1|Jorge Saltamontes|marshal|1450\n|player|p2|ZMegasOnFraudWatch|psychic-gen2|1333\n|gen|9\n|tier|[Gen 9 Champions] VGC 2026 Reg M-B (Bo3)\n|rated|\n|rule|Species Clause: Limit one of each Pokémon\n|rule|Item Clause: Limit 1 of each item\n|clearpoke\n|poke|p1|Charizard, L50, M|\n|poke|p1|Garchomp, L50, M|\n|poke|p1|Incineroar, L50, M|\n|poke|p1|Venusaur, L50, M|\n|poke|p1|Toxapex, L50, M|\n|poke|p1|Sylveon, L50, F|\n|poke|p2|Whimsicott, L50, F|\n|poke|p2|Floette-Eternal, L50, F|\n|poke|p2|Charizard, L50, F|\n|poke|p2|Garchomp, L50, F|\n|poke|p2|Kingambit, L50, M|\n|poke|p2|Basculegion, L50, M|\n|teampreview|4\n|showteam|p1|Charizard||CharizarditeY|Blaze|WeatherBall,HeatWave,AncientPower,Protect|Modest||M|||50|]Garchomp||ChoiceScarf|RoughSkin|RockSlide,DragonClaw,Earthquake,StompingTantrum|Adamant||M|||50|]Incineroar||SitrusBerry|Intimidate|FlareBlitz,FakeOut,Protect,PartingShot|Impish||M|||50|]Venusaur||FocusSash|Chlorophyll|SludgeBomb,SleepPowder,EarthPower,Protect|Modest||M|||50|]Toxapex||Leftovers|Regenerator|Infestation,Toxic,WideGuard,BanefulBunker|Bold||M|||50|]Sylveon||FairyFeather|Pixilate|HyperVoice,QuickAttack,Yawn,Detect|Modest||F|||50|\n|showteam|p2|Whimsicott||FocusSash|Prankster|Tailwind,Encore,Moonblast,Protect|Timid||F|||50|]Floette-Eternal||Floettite|FlowerVeil|LightofRuin,Moonblast,DazzlingGleam,Protect|Modest||F|||50|]Charizard||CharizarditeY|Blaze|HeatWave,WeatherBall,AncientPower,Protect|Timid||F|||50|]Garchomp||SitrusBerry|RoughSkin|Earthquake,DragonClaw,RockSlide,Protect|Jolly||F|||50|]Kingambit||OccaBerry|Defiant|KowtowCleave,SuckerPunch,IronHead,LowKick|Adamant||M|||50|]Basculegion||LifeOrb|Adaptability|WaveCrash,LastRespects,AquaJet,Protect|Adamant||M|||50|\n|inactive|Battle timer is ON: inactive players will automatically lose when time's up. (requested by ZMegasOnFraudWatch)\n|inactive|Jorge Saltamontes has 60 seconds left.\n|\n|t:|1788333695\n|teamsize|p1|4\n|teamsize|p2|4\n|start\n|switch|p1a: Charizard|Charizard, L50, M|100/100\n|switch|p1b: Venusaur|Venusaur, L50, M|100/100\n|switch|p2a: Garchomp|Garchomp, L50, F|100/100\n|switch|p2b: Charizard|Charizard, L50, F|100/100\n|turn|1\n|inactive|Jorge Saltamontes has 30 seconds left.\n|inactive|ZMegasOnFraudWatch has 30 seconds left.\n|\n|t:|1788333732\n|switch|p2b: Whimsicott|Whimsicott, L50, F|100/100\n|switch|p1a: Toxapex|Toxapex, L50, M|100/100\n|move|p2a: Garchomp|Rock Slide|p1b: Venusaur|[spread] p1a,p1b\n|-crit|p1b: Venusaur\n|-damage|p1a: Toxapex|89/100\n|-damage|p1b: Venusaur|68/100\n|move|p1b: Venusaur|Sleep Powder|p2a: Garchomp\n|-status|p2a: Garchomp|slp|[from] move: Sleep Powder\n|\n|-heal|p1a: Toxapex|94/100|[from] item: Leftovers\n|upkeep\n|turn|2\n|\n|t:|1788333746\n|switch|p2b: Charizard|Charizard, L50, F|100/100\n|switch|p1b: Charizard|Charizard, L50, M|100/100\n|cant|p2a: Garchomp|slp\n|move|p1a: Toxapex|Infestation|p2b: Charizard\n|-resisted|p2b: Charizard|2\n|-damage|p2b: Charizard|99/100\n|-activate|p2b: Charizard|move: Infestation|[of] p1a: Toxapex\n|\n|-heal|p1a: Toxapex|100/100|[from] item: Leftovers\n|-damage|p2b: Charizard|87/100|[from] move: Infestation|[partiallytrapped]\n|upkeep\n|turn|3\n|\n|t:|1788333770\n|detailschange|p2b: Charizard|Charizard-Mega-Y, L50, F\n|-mega|p2b: Charizard|Charizard|Charizardite Y\n|-weather|SunnyDay|[from] ability: Drought|[of] p2b: Charizard\n|detailschange|p1b: Charizard|Charizard-Mega-Y, L50, M\n|-mega|p1b: Charizard|Charizard|Charizardite Y\n|-curestatus|p2a: Garchomp|slp|[msg]\n|move|p2a: Garchomp|Dragon Claw|p1b: Charizard\n|-damage|p1b: Charizard|60/100\n|move|p2b: Charizard|Ancient Power|p1b: Charizard\n|-supereffective|p1b: Charizard|2\n|-damage|p1b: Charizard|0 fnt\n|faint|p1b: Charizard\n|move|p1a: Toxapex|Infestation|p2a: Garchomp\n|-damage|p2a: Garchomp|96/100\n|-activate|p2a: Garchomp|move: Infestation|[of] p1a: Toxapex\n|-damage|p1a: Toxapex|87/100|[from] ability: Rough Skin|[of] p2a: Garchomp\n|\n|-weather|SunnyDay|[upkeep]\n|-heal|p1a: Toxapex|93/100|[from] item: Leftovers\n|-damage|p2a: Garchomp|84/100|[from] move: Infestation|[partiallytrapped]\n|-damage|p2b: Charizard|75/100|[from] move: Infestation|[partiallytrapped]\n|upkeep\n|\n|t:|1788333791\n|switch|p1b: Garchomp|Garchomp, L50, M|100/100\n|turn|4\n|\n|t:|1788333798\n|move|p2b: Charizard|Protect|p2b: Charizard\n|-singleturn|p2b: Charizard|Protect\n|move|p1b: Garchomp|Rock Slide|p2b: Charizard|[spread] p2a\n|-activate|p2b: Charizard|move: Protect\n|-resisted|p2a: Garchomp|1\n|-damage|p2a: Garchomp|74/100\n|move|p2a: Garchomp|Dragon Claw|p1b: Garchomp\n|-supereffective|p1b: Garchomp|1\n|-damage|p1b: Garchomp|30/100\n|-damage|p2a: Garchomp|62/100|[from] ability: Rough Skin|[of] p1b: Garchomp\n|move|p1a: Toxapex|Toxic|p2a: Garchomp\n|-status|p2a: Garchomp|tox\n|\n|-weather|SunnyDay|[upkeep]\n|-heal|p1a: Toxapex|99/100|[from] item: Leftovers\n|-damage|p2a: Garchomp|56/100 tox|[from] psn\n|-damage|p2a: Garchomp|44/100 tox|[from] move: Infestation|[partiallytrapped]\n|-damage|p2b: Charizard|63/100|[from] move: Infestation|[partiallytrapped]\n|upkeep\n|-enditem|p2a: Garchomp|Sitrus Berry|[eat]\n|-heal|p2a: Garchomp|69/100 tox|[from] item: Sitrus Berry\n|turn|5\n|inactive|Jorge Saltamontes has 30 seconds left.\n|\n|t:|1788333823\n|move|p2b: Charizard|Protect||[still]\n|-fail|p2b: Charizard\n|move|p1b: Garchomp|Rock Slide|p2a: Garchomp|[spread] p2a,p2b\n|-resisted|p2a: Garchomp|1\n|-supereffective|p2b: Charizard|2\n|-damage|p2a: Garchomp|60/100 tox\n|-damage|p2b: Charizard|0 fnt\n|faint|p2b: Charizard\n|move|p2a: Garchomp|Dragon Claw|p1b: Garchomp\n|-supereffective|p1b: Garchomp|1\n|-damage|p1b: Garchomp|0 fnt\n|-damage|p2a: Garchomp|48/100 tox|[from] ability: Rough Skin|[of] p1b: Garchomp\n|faint|p1b: Garchomp\n|move|p1a: Toxapex|Toxic|p2a: Garchomp\n|-fail|p2a: Garchomp|tox\n|\n|-weather|SunnyDay|[upkeep]\n|-heal|p1a: Toxapex|100/100|[from] item: Leftovers\n|-damage|p2a: Garchomp|36/100 tox|[from] psn\n|-damage|p2a: Garchomp|24/100 tox|[from] move: Infestation|[partiallytrapped]\n|upkeep\n|\n|t:|1788333840\n|switch|p2b: Whimsicott|Whimsicott, L50, F|100/100\n|switch|p1b: Venusaur|Venusaur, L50, M|68/100\n|turn|6\n|\n|t:|1788333855\n|move|p2b: Whimsicott|Protect|p2b: Whimsicott\n|-singleturn|p2b: Whimsicott|Protect\n|move|p1b: Venusaur|Sludge Bomb|p2b: Whimsicott\n|-activate|p2b: Whimsicott|move: Protect\n|move|p2a: Garchomp|Earthquake|p1a: Toxapex|[spread] p1a,p1b\n|-activate|p2b: Whimsicott|move: Protect\n|-supereffective|p1a: Toxapex|1\n|-damage|p1a: Toxapex|54/100\n|-damage|p1b: Venusaur|22/100\n|move|p1a: Toxapex|Infestation|p2b: Whimsicott\n|-activate|p2b: Whimsicott|move: Protect\n|\n|-weather|SunnyDay|[upkeep]\n|-heal|p1a: Toxapex|59/100|[from] item: Leftovers\n|-damage|p2a: Garchomp|6/100 tox|[from] psn\n|-damage|p2a: Garchomp|0 fnt|[from] move: Infestation|[partiallytrapped]\n|faint|p2a: Garchomp\n|upkeep\n|\n|t:|1788333862\n|switch|p2a: Kingambit|Kingambit, L50, M|100/100\n|turn|7\n|inactive|Jorge Saltamontes has 30 seconds left.\n|\n|t:|1788333888\n|move|p2b: Whimsicott|Encore|p1b: Venusaur\n|-start|p1b: Venusaur|Encore\n|move|p1b: Venusaur|Sludge Bomb|p2b: Whimsicott\n|-supereffective|p2b: Whimsicott|2\n|-enditem|p2b: Whimsicott|Focus Sash\n|-damage|p2b: Whimsicott|1/100\n|move|p2a: Kingambit|Kowtow Cleave|p1b: Venusaur\n|-damage|p1b: Venusaur|0 fnt\n|faint|p1b: Venusaur\n|move|p1a: Toxapex|Infestation|p2b: Whimsicott\n|-damage|p2b: Whimsicott|0 fnt\n|faint|p2b: Whimsicott\n|\n|-weather|none\n|-heal|p1a: Toxapex|65/100|[from] item: Leftovers\n|upkeep\n|turn|8\n|\n|t:|1788333903\n|move|p2a: Kingambit|Kowtow Cleave|p1a: Toxapex\n|-damage|p1a: Toxapex|32/100\n|move|p1a: Toxapex|Infestation|p2a: Kingambit\n|-damage|p2a: Kingambit|96/100\n|-activate|p2a: Kingambit|move: Infestation|[of] p1a: Toxapex\n|\n|-heal|p1a: Toxapex|38/100|[from] item: Leftovers\n|-damage|p2a: Kingambit|84/100|[from] move: Infestation|[partiallytrapped]\n|upkeep\n|turn|9\n|\n|t:|1788333919\n|move|p1a: Toxapex|Baneful Bunker|p1a: Toxapex\n|-singleturn|p1a: Toxapex|move: Protect\n|move|p2a: Kingambit|Kowtow Cleave|p1a: Toxapex\n|-activate|p1a: Toxapex|move: Protect\n|\n|-heal|p1a: Toxapex|43/100|[from] item: Leftovers\n|-damage|p2a: Kingambit|72/100|[from] move: Infestation|[partiallytrapped]\n|upkeep\n|turn|10\n|\n|t:|1788333930\n|move|p2a: Kingambit|Kowtow Cleave|p1a: Toxapex\n|-damage|p1a: Toxapex|11/100\n|move|p1a: Toxapex|Infestation|p2a: Kingambit\n|-damage|p2a: Kingambit|69/100\n|\n|-heal|p1a: Toxapex|17/100|[from] item: Leftovers\n|-damage|p2a: Kingambit|57/100|[from] move: Infestation|[partiallytrapped]\n|upkeep\n|turn|11\n|\n|t:|1788333938\n|move|p1a: Toxapex|Baneful Bunker|p1a: Toxapex\n|-singleturn|p1a: Toxapex|move: Protect\n|move|p2a: Kingambit|Kowtow Cleave|p1a: Toxapex\n|-activate|p1a: Toxapex|move: Protect\n|\n|-heal|p1a: Toxapex|22/100|[from] item: Leftovers\n|-damage|p2a: Kingambit|45/100|[from] move: Infestation|[partiallytrapped]\n|upkeep\n|turn|12\n|\n|t:|1788333947\n|move|p1a: Toxapex|Baneful Bunker||[still]\n|-fail|p1a: Toxapex\n|move|p2a: Kingambit|Kowtow Cleave|p1a: Toxapex\n|-damage|p1a: Toxapex|0 fnt\n|faint|p1a: Toxapex\n|\n|win|ZMegasOnFraudWatch\n||Jorge Saltamontes is ready for game 2.\n||ZMegasOnFraudWatch is ready for game 2.\n|uhtml|next|Next: <a href=\"/battle-gen9championsvgc2026regmbbo3-2674294288\"><strong>Game 2 of 3</strong></a>\n","uploadtime":1788333598,"views":"0","formatid":"gen9championsvgc2026regmbbo3","rating":null,"private":0,"password":null}