{"id":"gen9championsvgc2026regmb-2673911558","format":"[Gen 9 Champions] VGC 2026 Reg M-B","players":["fish do be delish","Sendivada"],"log":"|j|☆fish do be delish\n|j|☆Sendivada\n|t:|1788276200\n|gametype|doubles\n|player|p1|fish do be delish|1|1179\n|player|p2|Sendivada|ghetsis-gen5bw|1139\n|gen|9\n|tier|[Gen 9 Champions] VGC 2026 Reg M-B\n|rated|\n|rule|Species Clause: Limit one of each Pokémon\n|rule|Item Clause: Limit 1 of each item\n|clearpoke\n|poke|p1|Tyranitar, L50, F|\n|poke|p1|Reuniclus, L50, M|\n|poke|p1|Arcanine-Hisui, L50, F|\n|poke|p1|Houndstone, L50, F|\n|poke|p1|Swampert, L50, M|\n|poke|p1|Scizor, L50, F|\n|poke|p2|Dragalge, L50, M, shiny|\n|poke|p2|Incineroar, L50, F, shiny|\n|poke|p2|Archaludon, L50, F, shiny|\n|poke|p2|Pelipper, L50, F, shiny|\n|poke|p2|Grimmsnarl, L50, M|\n|poke|p2|Sinistcha-Masterpiece, L50, shiny|\n|teampreview|4\n|inactive|Battle timer is ON: inactive players will automatically lose when time's up. (requested by fish do be delish)\nSendivada rejected open team sheets.\n|\n|t:|1788276234\n|teamsize|p1|4\n|teamsize|p2|4\n|start\n|switch|p1a: soap|Reuniclus, L50, M|100/100\n|switch|p1b: ashy doggo|Arcanine-Hisui, L50, F|100/100\n|switch|p2a: Dragalge|Dragalge, L50, M, shiny|100/100\n|switch|p2b: Incineroar|Incineroar, L50, F, shiny|100/100\n|-ability|p2b: Incineroar|Intimidate|boost\n|-unboost|p1a: soap|atk|1\n|-unboost|p1b: ashy doggo|atk|1\n|turn|1\n|\n|t:|1788276257\n|move|p2b: Incineroar|Fake Out|p1b: ashy doggo\n|-resisted|p1b: ashy doggo|1\n|-damage|p1b: ashy doggo|91/100\n|cant|p1b: ashy doggo|flinch\n|move|p2a: Dragalge|Draco Meteor|p1b: ashy doggo\n|-damage|p1b: ashy doggo|8/100\n|-unboost|p2a: Dragalge|spa|2\n|move|p1a: soap|Trick Room|p1a: soap\n|-fieldstart|move: Trick Room|[of] p1a: soap\n|\n|upkeep\n|turn|2\n|c|☆Sendivada|thanks\n|\n|t:|1788276281\n|switch|p2b: Archaludon|Archaludon, L50, F, shiny|100/100\n|move|p1a: soap|Focus Blast|p2b: Archaludon\n|-supereffective|p2b: Archaludon|1\n|-enditem|p2b: Archaludon|Chople Berry|[eat]\n|-enditem|p2b: Archaludon|Chople Berry|[weaken]\n|-damage|p2b: Archaludon|28/100\n|-ability|p2b: Archaludon|Stamina|boost\n|-boost|p2b: Archaludon|def|1\n|move|p2a: Dragalge|Sludge Wave|p1a: soap|[spread] p1a,p1b\n|-immune|p2b: Archaludon\n|-resisted|p1b: ashy doggo|1\n|-damage|p1a: soap|81/100\n|-damage|p1b: ashy doggo|0 fnt\n|faint|p1b: ashy doggo\n|\n|upkeep\n|\n|t:|1788276295\n|switch|p1b: wave crash|Swampert, L50, M|100/100\n|turn|3\n|\n|t:|1788276307\n|switch|p2a: Incineroar|Incineroar, L50, F, shiny|100/100\n|-ability|p2a: Incineroar|Intimidate|boost\n|-unboost|p1a: soap|atk|1\n|-unboost|p1b: wave crash|atk|1\n|switch|p2b: Sinistcha|Sinistcha-Masterpiece, L50, shiny|100/100\n|move|p1a: soap|Psychic|p2b: Sinistcha\n|-damage|p2b: Sinistcha|12/100\n|move|p1b: wave crash|Earth Power|p2a: Incineroar\n|-supereffective|p2a: Incineroar|1\n|-damage|p2a: Incineroar|28/100\n|-enditem|p2a: Incineroar|Sitrus Berry|[eat]\n|-heal|p2a: Incineroar|52/100|[from] item: Sitrus Berry\n|\n|upkeep\n|turn|4\n|\n|t:|1788276331\n|move|p2a: Incineroar|Fake Out|p1a: soap\n|-damage|p1a: soap|70/100\n|cant|p1a: soap|flinch\n|move|p2b: Sinistcha|Matcha Gotcha|p1b: wave crash|[spread] p1a\n|-miss|p2b: Sinistcha|p1b: wave crash\n|-damage|p1a: soap|40/100\n|-heal|p2b: Sinistcha|34/100|[from] drain|[of] p1a: soap\n|move|p1b: wave crash|Earth Power|p2a: Incineroar\n|-supereffective|p2a: Incineroar|1\n|-damage|p2a: Incineroar|0 fnt\n|faint|p2a: Incineroar\n|\n|upkeep\n|c|☆Sendivada|so lucky\n|\n|t:|1788276351\n|switch|p2a: Dragalge|Dragalge, L50, M, shiny|100/100\n|turn|5\n|\n|t:|1788276363\n|move|p1a: soap|Psychic|p2b: Sinistcha\n|-damage|p2b: Sinistcha|0 fnt\n|faint|p2b: Sinistcha\n|move|p2a: Dragalge|Draco Meteor|p1b: wave crash\n|-damage|p1b: wave crash|35/100\n|-unboost|p2a: Dragalge|spa|2\n|move|p1b: wave crash|Earth Power|p2a: Dragalge\n|-supereffective|p2a: Dragalge|1\n|-damage|p2a: Dragalge|23/100\n|-unboost|p2a: Dragalge|spd|1\n|\n|-fieldend|move: Trick Room\n|upkeep\n|\n|t:|1788276374\n|switch|p2b: Archaludon|Archaludon, L50, F, shiny|28/100\n|turn|6\n|\n|t:|1788276395\n|move|p2b: Archaludon|Dragon Pulse|p1a: soap\n|-damage|p1a: soap|0 fnt\n|faint|p1a: soap\n|move|p1b: wave crash|Earth Power|p2a: Dragalge\n|-supereffective|p2a: Dragalge|1\n|-damage|p2a: Dragalge|0 fnt\n|faint|p2a: Dragalge\n|\n|upkeep\n|\n|t:|1788276403\n|switch|p1a: ttar|Tyranitar, L50, F|100/100\n|-weather|Sandstorm|[from] ability: Sand Stream|[of] p1a: ttar\n|turn|7\n|\n|t:|1788276415\n|detailschange|p1a: ttar|Tyranitar-Mega, L50, F\n|-mega|p1a: ttar|Tyranitar|Tyranitarite\n|move|p2b: Archaludon|Aura Sphere|p1a: ttar\n|-supereffective|p1a: ttar|2\n|-damage|p1a: ttar|39/100\n|move|p1b: wave crash|Earth Power|p2b: Archaludon\n|-supereffective|p2b: Archaludon|1\n|-damage|p2b: Archaludon|0 fnt\n|faint|p2b: Archaludon\n|\n|win|fish do be delish\n|raw|fish do be delish's rating: 1179 &rarr; <strong>1201</strong><br />(+22 for winning)\n|raw|Sendivada's rating: 1139 &rarr; <strong>1117</strong><br />(-22 for losing)\n|l|☆Sendivada\n|player|p2|\n","uploadtime":1788276443,"views":"10","formatid":"gen9championsvgc2026regmb","rating":1117,"private":0,"password":null}