{"id":"gen9championsvgc2026regmbbo3-2674823117","format":"[Gen 9 Champions] VGC 2026 Reg M-B (Bo3)","players":["bronzongbroomsvgc","skratt_lol"],"log":"|j|☆bronzongbroomsvgc\n|j|☆skratt_lol\n|html|<table width=\"100%\"><tr><td align=\"left\">bronzongbroomsvgc</td><td align=\"right\">skratt_lol</tr><tr><td align=\"left\"><i class=\"fa fa-circle\"></i> <i class=\"fa fa-circle-o\"></i> </td><td align=\"right\"><i class=\"fa fa-circle-o\"></i> <i class=\"fa fa-circle\"></i> </tr></table>\n|uhtml|bestof|<h2><strong>Game 3</strong> of <a href=\"/game-bestof3-gen9championsvgc2026regmbbo3-2674821214\">a best-of-3</a></h2>\n|t:|1788414293\n|gametype|doubles\n|player|p1|bronzongbroomsvgc|2|1433\n|player|p2|skratt_lol|ethan|1254\n|gen|9\n|tier|[Gen 9 Champions] VGC 2026 Reg M-B (Bo3)\n|rated|\n|rule|Species Clause: Limit one of each Pokémon\n|rule|Item Clause: Limit 1 of each item\n|clearpoke\n|poke|p1|Toxapex, L50, F|\n|poke|p1|Incineroar, L50, F|\n|poke|p1|Farigiraf, L50, M|\n|poke|p1|Charizard, L50, F|\n|poke|p1|Floette-Eternal, L50, F|\n|poke|p1|Garchomp, L50, F|\n|poke|p2|Gengar, L50, M, shiny|\n|poke|p2|Politoed, L50, M, shiny|\n|poke|p2|Incineroar, L50, M|\n|poke|p2|Archaludon, L50, M|\n|poke|p2|Vivillon-Pokeball, L50, M|\n|poke|p2|Swampert, L50, M|\n|teampreview|4\n|showteam|p1|Toxapex||Leftovers|Regenerator|BanefulBunker,WideGuard,Toxic,Infestation|Relaxed||F|||50|]Incineroar||SitrusBerry|Intimidate|FakeOut,ThroatChop,FlareBlitz,PartingShot|Adamant||F|||50|]Farigiraf||ColburBerry|ArmorTail|TrickRoom,Psychic,HelpingHand,Protect|Calm||M|||50|]Charizard||CharizarditeY|Blaze|HeatWave,AncientPower,WeatherBall,Protect|Timid||F|||50|]Floette-Eternal||Floettite|FlowerVeil|Moonblast,DazzlingGleam,LightofRuin,Protect|Modest||F|||50|]Garchomp||ChoiceScarf|RoughSkin|Earthquake,RockSlide,DragonClaw,StompingTantrum|Adamant||F|||50|\n|showteam|p2|Gengar||Gengarite|CursedBody|ShadowBall,PerishSong,SludgeBomb,Protect|Timid||M|||50|]Politoed||SitrusBerry|Drizzle|WeatherBall,Protect,PerishSong,Encore|Calm||M|||50|]Incineroar||PasshoBerry|Intimidate|FakeOut,PartingShot,Protect,DarkestLariat|Impish||M|||50|]Archaludon||Leftovers|Stamina|DracoMeteor,Protect,ElectroShot,FlashCannon|Calm||M|||50|]Vivillon-Pokeball||FocusSash|CompoundEyes|SleepPowder,Hurricane,Protect,RagePowder|Timid||M|||50|]Swampert||Swampertite|Torrent|HighHorsepower,WaveCrash,IcePunch,Protect|Adamant||M|||50|\n|inactive|Battle timer is ON: inactive players will automatically lose when time's up. (requested by skratt_lol)\n|\n|t:|1788414319\n|teamsize|p1|4\n|teamsize|p2|4\n|start\n|switch|p1a: Incineroar|Incineroar, L50, F|100/100\n|switch|p1b: Floette|Floette-Eternal, L50, F|100/100\n|switch|p2a: Politoed|Politoed, L50, M, shiny|100/100\n|switch|p2b: Archaludon|Archaludon, L50, M|100/100\n|-ability|p1a: Incineroar|Intimidate|boost\n|-unboost|p2a: Politoed|atk|1\n|-unboost|p2b: Archaludon|atk|1\n|-weather|RainDance|[from] ability: Drizzle|[of] p2a: Politoed\n|turn|1\n|inactive|skratt_lol has 30 seconds left.\n|\n|t:|1788414353\n|detailschange|p1b: Floette|Floette-Mega, L50, F\n|-mega|p1b: Floette|Floette|Floettite\n|-ability|p1b: Floette|Fairy Aura\n|move|p2b: Archaludon|Protect|p2b: Archaludon\n|-singleturn|p2b: Archaludon|Protect\n|move|p1a: Incineroar|Fake Out|p2b: Archaludon\n|-activate|p2b: Archaludon|move: Protect\n|move|p1b: Floette|Moonblast|p2b: Archaludon\n|-activate|p2b: Archaludon|move: Protect\n|move|p2a: Politoed|Encore|p1a: Incineroar\n|-start|p1a: Incineroar|Encore\n|\n|-weather|RainDance|[upkeep]\n|upkeep\n|turn|2\n|\n|t:|1788414364\n|switch|p2b: Incineroar|Incineroar, L50, M|100/100\n|-ability|p2b: Incineroar|Intimidate|boost\n|-unboost|p1a: Incineroar|atk|1\n|-unboost|p1b: Floette|atk|1\n|switch|p1a: Garchomp|Garchomp, L50, F|100/100\n|switch|p2a: Swampert|Swampert, L50, M|100/100\n|move|p1b: Floette|Protect||[still]\n|-fail|p1b: Floette\n|\n|-weather|RainDance|[upkeep]\n|upkeep\n|turn|3\n|inactive|skratt_lol has 30 seconds left.\n|\n|t:|1788414391\n|switch|p1a: Incineroar|Incineroar, L50, F|100/100\n|-ability|p1a: Incineroar|Intimidate|boost\n|-unboost|p2a: Swampert|atk|1\n|-unboost|p2b: Incineroar|atk|1\n|detailschange|p2a: Swampert|Swampert-Mega, L50, M\n|-mega|p2a: Swampert|Swampert|Swampertite\n|move|p1b: Floette|Protect|p1b: Floette\n|-singleturn|p1b: Floette|Protect\n|move|p2b: Incineroar|Fake Out|p1b: Floette\n|-activate|p1b: Floette|move: Protect\n|move|p2a: Swampert|Wave Crash|p1a: Incineroar\n|-supereffective|p1a: Incineroar|1\n|-damage|p1a: Incineroar|0 fnt\n|faint|p1a: Incineroar\n|-damage|p2a: Swampert|68/100|[from] Recoil\n|\n|-weather|RainDance|[upkeep]\n|upkeep\n|\n|t:|1788414407\n|switch|p1a: Farigiraf|Farigiraf, L50, M|100/100\n|turn|4\n|\n|t:|1788414417\n|move|p1a: Farigiraf|Helping Hand|p1b: Floette\n|-singleturn|p1b: Floette|Helping Hand|[of] p1a: Farigiraf\n|move|p2a: Swampert|Wave Crash|p1b: Floette\n|-damage|p1b: Floette|22/100\n|-damage|p2a: Swampert|44/100|[from] Recoil\n|move|p1b: Floette|Dazzling Gleam|p2b: Incineroar|[spread] p2a,p2b\n|-damage|p2a: Swampert|0 fnt\n|-damage|p2b: Incineroar|37/100\n|faint|p2a: Swampert\n|move|p2b: Incineroar|Darkest Lariat|p1b: Floette\n|-resisted|p1b: Floette|1\n|-damage|p1b: Floette|10/100\n|\n|-weather|RainDance|[upkeep]\n|upkeep\n|\n|t:|1788414428\n|switch|p2a: Politoed|Politoed, L50, M, shiny|100/100\n|turn|5\n|\n|t:|1788414449\n|switch|p1a: Garchomp|Garchomp, L50, F|100/100\n|move|p1b: Floette|Protect|p1b: Floette\n|-singleturn|p1b: Floette|Protect\n|move|p2b: Incineroar|Protect|p2b: Incineroar\n|-singleturn|p2b: Incineroar|Protect\n|move|p2a: Politoed|Encore||[still]\n|-fail|p2a: Politoed\n|\n|-weather|none\n|upkeep\n|turn|6\n|inactive|skratt_lol has 30 seconds left.\n|inactive|skratt_lol has 20 seconds left.\n|\n|t:|1788414484\n|switch|p1b: Farigiraf|Farigiraf, L50, M|100/100\n|switch|p2b: Archaludon|Archaludon, L50, M|100/100\n|move|p2a: Politoed|Protect|p2a: Politoed\n|-singleturn|p2a: Politoed|Protect\n|move|p1a: Garchomp|Stomping Tantrum|p2b: Archaludon\n|-supereffective|p2b: Archaludon|1\n|-damage|p2b: Archaludon|48/100\n|-ability|p2b: Archaludon|Stamina|boost\n|-boost|p2b: Archaludon|def|1\n|\n|-heal|p2b: Archaludon|54/100|[from] item: Leftovers\n|upkeep\n|turn|7\n|\n|t:|1788414497\n|switch|p2a: Incineroar|Incineroar, L50, M|37/100\n|-ability|p2a: Incineroar|Intimidate|boost\n|-unboost|p1a: Garchomp|atk|1\n|-unboost|p1b: Farigiraf|atk|1\n|move|p1b: Farigiraf|Helping Hand|p1a: Garchomp\n|-singleturn|p1a: Garchomp|Helping Hand|[of] p1b: Farigiraf\n|move|p2b: Archaludon|Protect|p2b: Archaludon\n|-singleturn|p2b: Archaludon|Protect\n|move|p1a: Garchomp|Stomping Tantrum|p2b: Archaludon\n|-activate|p2b: Archaludon|move: Protect\n|\n|-heal|p2b: Archaludon|60/100|[from] item: Leftovers\n|upkeep\n|turn|8\n|inactive|skratt_lol has 30 seconds left.\n|\n|t:|1788414524\n|switch|p2b: Politoed|Politoed, L50, M, shiny|100/100\n|-weather|RainDance|[from] ability: Drizzle|[of] p2b: Politoed\n|move|p1b: Farigiraf|Helping Hand|p1a: Garchomp\n|-singleturn|p1a: Garchomp|Helping Hand|[of] p1b: Farigiraf\n|move|p1a: Garchomp|Stomping Tantrum|p2b: Politoed\n|-damage|p2b: Politoed|62/100\n|move|p2a: Incineroar|Parting Shot|p1a: Garchomp\n|-unboost|p1a: Garchomp|atk|1\n|-unboost|p1a: Garchomp|spa|1\n|\n|t:|1788414533\n|switch|p2a: Archaludon|Archaludon, L50, M|60/100|[from] Parting Shot\n|\n|-weather|RainDance|[upkeep]\n|-heal|p2a: Archaludon|65/100|[from] item: Leftovers\n|upkeep\n|turn|9\n|\n|t:|1788414544\n|switch|p2b: Incineroar|Incineroar, L50, M|37/100\n|-ability|p2b: Incineroar|Intimidate|boost\n|-unboost|p1a: Garchomp|atk|1\n|-unboost|p1b: Farigiraf|atk|1\n|move|p1b: Farigiraf|Helping Hand|p1a: Garchomp\n|-singleturn|p1a: Garchomp|Helping Hand|[of] p1b: Farigiraf\n|move|p1a: Garchomp|Stomping Tantrum|p2a: Archaludon\n|-supereffective|p2a: Archaludon|1\n|-damage|p2a: Archaludon|35/100\n|-ability|p2a: Archaludon|Stamina|boost\n|-boost|p2a: Archaludon|def|1\n|move|p2a: Archaludon|Electro Shot||[still]\n|-prepare|p2a: Archaludon|Electro Shot\n|-boost|p2a: Archaludon|spa|1\n|-anim|p2a: Archaludon|Electro Shot|p1b: Farigiraf\n|-damage|p1b: Farigiraf|52/100\n|\n|-weather|RainDance|[upkeep]\n|-heal|p2a: Archaludon|41/100|[from] item: Leftovers\n|upkeep\n|turn|10\n|\n|t:|1788414561\n|move|p1b: Farigiraf|Helping Hand|p1a: Garchomp\n|-singleturn|p1a: Garchomp|Helping Hand|[of] p1b: Farigiraf\n|move|p1a: Garchomp|Stomping Tantrum|p2b: Incineroar\n|-supereffective|p2b: Incineroar|1\n|-damage|p2b: Incineroar|4/100\n|move|p2a: Archaludon|Electro Shot||[still]\n|-prepare|p2a: Archaludon|Electro Shot\n|-boost|p2a: Archaludon|spa|1\n|-anim|p2a: Archaludon|Electro Shot|p1b: Farigiraf\n|-damage|p1b: Farigiraf|0 fnt\n|faint|p1b: Farigiraf\n|move|p2b: Incineroar|Parting Shot|p1a: Garchomp\n|-unboost|p1a: Garchomp|atk|1\n|-unboost|p1a: Garchomp|spa|1\n|\n|t:|1788414568\n|switch|p2b: Politoed|Politoed, L50, M, shiny|62/100|[from] Parting Shot\n|\n|-weather|RainDance|[upkeep]\n|-heal|p2a: Archaludon|47/100|[from] item: Leftovers\n|upkeep\n|\n|t:|1788414571\n|switch|p1b: Floette|Floette-Mega, L50, F|10/100\n|-ability|p1b: Floette|Fairy Aura\n|turn|11\n|\n|t:|1788414592\n|move|p2a: Archaludon|Protect|p2a: Archaludon\n|-singleturn|p2a: Archaludon|Protect\n|move|p1a: Garchomp|Stomping Tantrum|p2b: Politoed\n|-damage|p2b: Politoed|49/100\n|-enditem|p2b: Politoed|Sitrus Berry|[eat]\n|-heal|p2b: Politoed|74/100|[from] item: Sitrus Berry\n|move|p1b: Floette|Moonblast|p2b: Politoed\n|-damage|p2b: Politoed|17/100\n|move|p2b: Politoed|Perish Song|p2b: Politoed\n|-start|p1a: Garchomp|perish3|[silent]\n|-start|p1b: Floette|perish3|[silent]\n|-start|p2a: Archaludon|perish3|[silent]\n|-start|p2b: Politoed|perish3|[silent]\n|-fieldactivate|move: Perish Song\n|\n|-weather|RainDance|[upkeep]\n|-heal|p2a: Archaludon|53/100|[from] item: Leftovers\n|-start|p1a: Garchomp|perish3\n|-start|p1b: Floette|perish3\n|-start|p2a: Archaludon|perish3\n|-start|p2b: Politoed|perish3\n|upkeep\n|turn|12\n|inactive|skratt_lol has 30 seconds left.\n|\n|t:|1788414619\n|move|p2b: Politoed|Protect|p2b: Politoed\n|-singleturn|p2b: Politoed|Protect\n|move|p1a: Garchomp|Stomping Tantrum|p2b: Politoed\n|-activate|p2b: Politoed|move: Protect\n|move|p1b: Floette|Moonblast|p2a: Archaludon\n|-damage|p2a: Archaludon|0 fnt\n|faint|p2a: Archaludon\n|\n|-weather|none\n|-start|p1a: Garchomp|perish2\n|-start|p1b: Floette|perish2\n|-start|p2b: Politoed|perish2\n|upkeep\n|\n|t:|1788414621\n|switch|p2a: Incineroar|Incineroar, L50, M|4/100\n|-ability|p2a: Incineroar|Intimidate|boost\n|-unboost|p1a: Garchomp|atk|1\n|-unboost|p1b: Floette|atk|1\n|turn|13\n|\n|t:|1788414644\n|move|p1b: Floette|Protect|p1b: Floette\n|-singleturn|p1b: Floette|Protect\n|move|p2a: Incineroar|Fake Out|p1b: Floette\n|-activate|p1b: Floette|move: Protect\n|move|p1a: Garchomp|Stomping Tantrum|p2b: Politoed\n|-damage|p2b: Politoed|6/100\n|move|p2b: Politoed|Encore|p1a: Garchomp\n|-start|p1a: Garchomp|Encore\n|\n|-start|p1a: Garchomp|perish1\n|-start|p1b: Floette|perish1\n|-start|p2b: Politoed|perish1\n|upkeep\n|turn|14\n|\n|t:|1788414665\n|move|p2b: Politoed|Protect|p2b: Politoed\n|-singleturn|p2b: Politoed|Protect\n|move|p2a: Incineroar|Protect|p2a: Incineroar\n|-singleturn|p2a: Incineroar|Protect\n|move|p1a: Garchomp|Stomping Tantrum|p2b: Politoed\n|-activate|p2b: Politoed|move: Protect\n|move|p1b: Floette|Dazzling Gleam|p2a: Incineroar|[spread] \n|-activate|p2a: Incineroar|move: Protect\n|-activate|p2b: Politoed|move: Protect\n|\n|-start|p1a: Garchomp|perish0\n|-start|p1b: Floette|perish0\n|-start|p2b: Politoed|perish0\n|faint|p1a: Garchomp\n|faint|p1b: Floette\n|faint|p2b: Politoed\n|\n|win|skratt_lol\n|raw|bronzongbroomsvgc's rating: 1433 &rarr; <strong>1404</strong><br />(-29 for losing)\n|raw|skratt_lol's rating: 1254 &rarr; <strong>1291</strong><br />(+37 for winning)\n","uploadtime":1788414742,"views":"6","formatid":"gen9championsvgc2026regmbbo3","rating":1291,"private":0,"password":null}