{"id":"gen9championsvgc2026regmbbo3-2673678025","format":"[Gen 9 Champions] VGC 2026 Reg M-B (Bo3)","players":["hiyakara","AkioKira"],"log":"|j|☆hiyakara\n|j|☆AkioKira\n|html|<table width=\"100%\"><tr><td align=\"left\">hiyakara</td><td align=\"right\">AkioKira</tr><tr><td align=\"left\"><i class=\"fa fa-circle-o\"></i> <i class=\"fa fa-circle-o\"></i> </td><td align=\"right\"><i class=\"fa fa-circle-o\"></i> <i class=\"fa fa-circle-o\"></i> </tr></table>\n|uhtml|bestof|<h2><strong>Game 1</strong> of <a href=\"/game-bestof3-gen9championsvgc2026regmbbo3-2673678024\">a best-of-3</a></h2>\n|t:|1788231646\n|gametype|doubles\n|player|p1|hiyakara|carmine-masters|\n|player|p2|AkioKira|elesa-masters3|\n|gen|9\n|tier|[Gen 9 Champions] VGC 2026 Reg M-B (Bo3)\n|rule|Species Clause: Limit one of each Pokémon\n|rule|Item Clause: Limit 1 of each item\n|clearpoke\n|poke|p1|Floette-Eternal, L50, F|\n|poke|p1|Whimsicott, L50, F|\n|poke|p1|Basculegion, L50, M|\n|poke|p1|Kingambit, L50, F|\n|poke|p1|Garchomp, L50, F|\n|poke|p1|Charizard, L50, F|\n|poke|p2|Froslass, L50, F|\n|poke|p2|Tsareena, L50, F|\n|poke|p2|Aerodactyl, L50, F|\n|poke|p2|Sneasler, L50, M|\n|poke|p2|Kingambit, L50, F|\n|poke|p2|Basculegion, L50, M|\n|teampreview|4\n|showteam|p1|Floette-Eternal||Floettite|FlowerVeil|Moonblast,DazzlingGleam,LightofRuin,Protect|Modest||F|||50|]Whimsicott||FocusSash|Prankster|Moonblast,Encore,Tailwind,Protect|Timid||F|||50|]Basculegion||LifeOrb|Adaptability|WaveCrash,LastRespects,AquaJet,Protect|Adamant||M|||50|]Kingambit||BlackGlasses|Defiant|KowtowCleave,IronHead,SuckerPunch,Protect|Adamant||F|||50|]Garchomp||SitrusBerry|RoughSkin|DragonClaw,StompingTantrum,RockSlide,PoisonJab|Adamant||F|||50|]Charizard||CharizarditeY|Blaze|HeatWave,WeatherBall,AncientPower,Protect|Modest||F|||50|\n|showteam|p2|Froslass||Froslassite|CursedBody|Blizzard,ShadowBall,DestinyBond,Protect|Timid||F|||50|]Tsareena||WideLens|QueenlyMajesty|PowerWhip,LowKick,TripleAxel,Taunt|Adamant||F|||50|]Aerodactyl||Aerodactylite|Unnerve|RockSlide,DualWingbeat,Tailwind,Protect|Jolly||F|||50|]Sneasler||LifeOrb|PoisonTouch|DireClaw,CloseCombat,FakeOut,Protect|Adamant||M|||50|]Kingambit||BlackGlasses|Defiant|KowtowCleave,SuckerPunch,SwordsDance,Protect|Adamant||F|||50|]Basculegion||FocusSash|Adaptability|Liquidation,LastRespects,AquaJet,Protect|Adamant||M|||50|\n|\n|t:|1788231709\n|teamsize|p1|4\n|teamsize|p2|4\n|start\n|switch|p1a: Whimsicott|Whimsicott, L50, F|100/100\n|switch|p1b: Garchomp|Garchomp, L50, F|100/100\n|switch|p2a: Sneasler|Sneasler, L50, M|100/100\n|switch|p2b: Kingambit|Kingambit, L50, F|100/100\n|turn|1\n|\n|t:|1788231728\n|switch|p2b: Aerodactyl|Aerodactyl, L50, F|100/100\n|-ability|p2b: Aerodactyl|Unnerve\n|move|p1a: Whimsicott|Tailwind|p1a: Whimsicott\n|-sidestart|p1: hiyakara|move: Tailwind\n|move|p1b: Garchomp|Stomping Tantrum|p2b: Aerodactyl\n|-immune|p2b: Aerodactyl\n|move|p2a: Sneasler|Dire Claw|p1a: Whimsicott\n|-supereffective|p1a: Whimsicott|2\n|-enditem|p1a: Whimsicott|Focus Sash\n|-damage|p1a: Whimsicott|1/100\n|-status|p1a: Whimsicott|slp\n|-damage|p2a: Sneasler|90/100|[from] item: Life Orb\n|\n|upkeep\n|turn|2\n|\n|t:|1788231752\n|detailschange|p2b: Aerodactyl|Aerodactyl-Mega, L50, F\n|-mega|p2b: Aerodactyl|Aerodactyl|Aerodactylite\n|cant|p1a: Whimsicott|slp\n|move|p1b: Garchomp|Rock Slide|p2a: Sneasler|[spread] p2a,p2b\n|-resisted|p2a: Sneasler|1\n|-supereffective|p2b: Aerodactyl|1\n|-damage|p2a: Sneasler|75/100\n|-damage|p2b: Aerodactyl|57/100\n|move|p2b: Aerodactyl|Tailwind|p2b: Aerodactyl\n|-sidestart|p2: AkioKira|move: Tailwind\n|move|p2a: Sneasler|Dire Claw|p1b: Garchomp\n|-resisted|p1b: Garchomp|1\n|-damage|p1b: Garchomp|76/100\n|-status|p1b: Garchomp|slp\n|-damage|p2a: Sneasler|63/100|[from] ability: Rough Skin|[of] p1b: Garchomp\n|-damage|p2a: Sneasler|54/100|[from] item: Life Orb\n|\n|upkeep\n|turn|3\n|\n|t:|1788231774\n|switch|p2a: Basculegion|Basculegion, L50, M|100/100\n|cant|p1a: Whimsicott|slp\n|move|p2b: Aerodactyl|Rock Slide|p1b: Garchomp|[spread] p1a,p1b\n|-resisted|p1b: Garchomp|1\n|-damage|p1a: Whimsicott|0 fnt\n|-damage|p1b: Garchomp|66/100 slp\n|faint|p1a: Whimsicott\n|cant|p1b: Garchomp|slp\n|\n|upkeep\n|\n|t:|1788231780\n|switch|p1a: Kingambit|Kingambit, L50, F|100/100\n|turn|4\n|\n|t:|1788231801\n|switch|p2a: Sneasler|Sneasler, L50, M|54/100\n|move|p2b: Aerodactyl|Rock Slide|p1b: Garchomp|[spread] p1a,p1b\n|-resisted|p1a: Kingambit|1\n|-resisted|p1b: Garchomp|1\n|-damage|p1a: Kingambit|90/100\n|-damage|p1b: Garchomp|55/100 slp\n|cant|p1b: Garchomp|slp\n|cant|p1a: Kingambit|flinch\n|\n|-sideend|p1: hiyakara|move: Tailwind\n|upkeep\n|turn|5\n|\n|t:|1788231830\n|move|p2a: Sneasler|Fake Out|p1a: Kingambit\n|-resisted|p1a: Kingambit|1\n|-damage|p1a: Kingambit|82/100\n|-damage|p2a: Sneasler|44/100|[from] item: Life Orb\n|cant|p1a: Kingambit|flinch\n|move|p2b: Aerodactyl|Rock Slide|p1a: Kingambit|[spread] p1a,p1b\n|-resisted|p1a: Kingambit|1\n|-resisted|p1b: Garchomp|1\n|-damage|p1a: Kingambit|72/100\n|-damage|p1b: Garchomp|44/100 slp\n|-enditem|p1b: Garchomp|Sitrus Berry|[eat]\n|-heal|p1b: Garchomp|69/100 slp|[from] item: Sitrus Berry\n|-curestatus|p1b: Garchomp|slp|[msg]\n|cant|p1b: Garchomp|flinch\n|\n|-sideend|p2: AkioKira|move: Tailwind\n|upkeep\n|turn|6\n|\n|t:|1788231854\n|move|p2b: Aerodactyl|Tailwind|p2b: Aerodactyl\n|-sidestart|p2: AkioKira|move: Tailwind\n|move|p2a: Sneasler|Close Combat|p1a: Kingambit\n|-supereffective|p1a: Kingambit|2\n|-damage|p1a: Kingambit|0 fnt\n|-unboost|p2a: Sneasler|def|1\n|-unboost|p2a: Sneasler|spd|1\n|faint|p1a: Kingambit\n|-damage|p2a: Sneasler|35/100|[from] item: Life Orb\n|move|p1b: Garchomp|Stomping Tantrum|p2a: Sneasler\n|-supereffective|p2a: Sneasler|1\n|-damage|p2a: Sneasler|0 fnt\n|faint|p2a: Sneasler\n|\n|upkeep\n|\n|t:|1788231866\n|switch|p2a: Basculegion|Basculegion, L50, M|100/100\n|switch|p1a: Charizard|Charizard, L50, F|100/100\n|turn|7\n|\n|t:|1788231874\n|detailschange|p1a: Charizard|Charizard-Mega-Y, L50, F\n|-mega|p1a: Charizard|Charizard|Charizardite Y\n|-weather|SunnyDay|[from] ability: Drought|[of] p1a: Charizard\n|move|p2b: Aerodactyl|Protect|p2b: Aerodactyl\n|-singleturn|p2b: Aerodactyl|Protect\n|move|p2a: Basculegion|Protect|p2a: Basculegion\n|-singleturn|p2a: Basculegion|Protect\n|move|p1a: Charizard|Ancient Power|p2b: Aerodactyl\n|-activate|p2b: Aerodactyl|move: Protect\n|move|p1b: Garchomp|Dragon Claw|p2a: Basculegion\n|-activate|p2a: Basculegion|move: Protect\n|\n|-weather|SunnyDay|[upkeep]\n|upkeep\n|turn|8\n|\n|t:|1788231892\n|move|p2b: Aerodactyl|Rock Slide|p1a: Charizard|[spread] p1a\n|-miss|p2b: Aerodactyl|p1b: Garchomp\n|-supereffective|p1a: Charizard|2\n|-damage|p1a: Charizard|0 fnt\n|faint|p1a: Charizard\n|move|p2a: Basculegion|Last Respects|p1b: Garchomp\n|-damage|p1b: Garchomp|14/100\n|move|p1b: Garchomp|Rock Slide|p2b: Aerodactyl|[spread] p2a,p2b\n|-supereffective|p2b: Aerodactyl|1\n|-damage|p2a: Basculegion|78/100\n|-damage|p2b: Aerodactyl|13/100\n|\n|-weather|SunnyDay|[upkeep]\n|upkeep\n|turn|9\n|\n|t:|1788231903\n|move|p2a: Basculegion|Aqua Jet|p1b: Garchomp\n|-damage|p1b: Garchomp|2/100\n|-damage|p2a: Basculegion|66/100|[from] ability: Rough Skin|[of] p1b: Garchomp\n|move|p2b: Aerodactyl|Rock Slide|p1b: Garchomp\n|-resisted|p1b: Garchomp|1\n|-damage|p1b: Garchomp|0 fnt\n|faint|p1b: Garchomp\n|\n|win|AkioKira\n||hiyakara is ready for game 2.\n|inactive|AkioKira has 30 seconds to confirm battle start!\n|inactive|AkioKira has 20 seconds to confirm battle start!\n","uploadtime":1788231914,"views":"1","formatid":"gen9championsvgc2026regmbbo3","rating":null,"private":0,"password":null}