{"id":"gen9championsvgc2026regmb-2674084436","format":"[Gen 9 Champions] VGC 2026 Reg M-B","players":["moreru fan","WonkyWill"],"log":"|j|☆moreru fan\n|j|☆WonkyWill\n|t:|1788296973\n|gametype|doubles\n|player|p1|moreru fan|marnie-masters4|1324\n|player|p2|WonkyWill|2|1352\n|gen|9\n|tier|[Gen 9 Champions] VGC 2026 Reg M-B\n|rated|\n|rule|Species Clause: Limit one of each Pokémon\n|rule|Item Clause: Limit 1 of each item\n|clearpoke\n|poke|p1|Pelipper, L50, F|\n|poke|p1|Archaludon, L50, M|\n|poke|p1|Dragonite, L50, M|\n|poke|p1|Venusaur, L50, M|\n|poke|p1|Swampert, L50, F|\n|poke|p1|Sneasler, L50, M|\n|poke|p2|Raichu, L50, F|\n|poke|p2|Sceptile, L50, M|\n|poke|p2|Jolteon, L50, F|\n|poke|p2|Primarina, L50, M|\n|poke|p2|Ninetales-Alola, L50, F|\n|poke|p2|Talonflame, L50, F|\n|teampreview|4\n|inactive|Battle timer is ON: inactive players will automatically lose when time's up. (requested by moreru fan)\nmoreru fan has agreed to open team sheets.\n|\n|t:|1788296997\n|teamsize|p1|4\n|teamsize|p2|4\n|start\n|switch|p1a: Sneasler|Sneasler, L50, M|100/100\n|switch|p1b: Archaludon|Archaludon, L50, M|100/100\n|switch|p2a: Talonflame|Talonflame, L50, F|100/100\n|switch|p2b: Primarina|Primarina, L50, M|100/100\n|turn|1\n|\n|t:|1788297014\n|move|p2a: Talonflame|Tailwind|p2a: Talonflame\n|-sidestart|p2: WonkyWill|move: Tailwind\n|move|p1a: Sneasler|Dire Claw|p2b: Primarina\n|-supereffective|p2b: Primarina|1\n|-damage|p2b: Primarina|10/100\n|-status|p2b: Primarina|slp\n|-enditem|p2b: Primarina|Sitrus Berry|[eat]\n|-heal|p2b: Primarina|34/100 slp|[from] item: Sitrus Berry\n|cant|p2b: Primarina|slp\n|move|p1b: Archaludon|Dragon Pulse|p2a: Talonflame\n|-damage|p2a: Talonflame|28/100\n|\n|upkeep\n|turn|2\n|c|☆moreru fan|clutch asf\n|\n|t:|1788297034\n|move|p2a: Talonflame|Brave Bird|p1a: Sneasler\n|-supereffective|p1a: Sneasler|1\n|-damage|p1a: Sneasler|0 fnt\n|faint|p1a: Sneasler\n|-damage|p2a: Talonflame|0 fnt|[from] Recoil\n|faint|p2a: Talonflame\n|cant|p2b: Primarina|slp\n|move|p1b: Archaludon|Dragon Pulse|p2b: Primarina\n|-immune|p2b: Primarina\n|\n|upkeep\n|c|☆moreru fan|brah lmao\n|\n|t:|1788297045\n|switch|p2a: Sceptile|Sceptile, L50, M|100/100\n|switch|p1a: Pelipper|Pelipper, L50, F|100/100\n|-weather|RainDance|[from] ability: Drizzle|[of] p1a: Pelipper\n|turn|3\n|\n|t:|1788297060\n|detailschange|p2a: Sceptile|Sceptile-Mega, L50, M\n|-mega|p2a: Sceptile|Sceptile|Sceptilite\n|move|p2a: Sceptile|Protect|p2a: Sceptile\n|-singleturn|p2a: Sceptile|Protect\n|move|p1b: Archaludon|Protect|p1b: Archaludon\n|-singleturn|p1b: Archaludon|Protect\n|-curestatus|p2b: Primarina|slp|[msg]\n|move|p2b: Primarina|Moonblast|p1b: Archaludon\n|-activate|p1b: Archaludon|move: Protect\n|move|p1a: Pelipper|Tailwind|p1a: Pelipper\n|-sidestart|p1: moreru fan|move: Tailwind\n|\n|-weather|RainDance|[upkeep]\n|upkeep\n|turn|4\n|inactive|WonkyWill has 30 seconds left.\n|\n|t:|1788297093\n|move|p2a: Sceptile|Earth Power|p1b: Archaludon\n|-supereffective|p1b: Archaludon|1\n|-damage|p1b: Archaludon|0 fnt\n|faint|p1b: Archaludon\n|move|p1a: Pelipper|Hurricane|p2b: Primarina\n|-damage|p2b: Primarina|3/100\n|-start|p2b: Primarina|confusion\n|-activate|p2b: Primarina|confusion\n|-damage|p2b: Primarina|0 fnt|[from] confusion\n|faint|p2b: Primarina\n|\n|-weather|RainDance|[upkeep]\n|-sideend|p2: WonkyWill|move: Tailwind\n|upkeep\n|\n|t:|1788297104\n|switch|p1b: Dragonite|Dragonite, L50, M|100/100\n|switch|p2b: Jolteon|Jolteon, L50, F|100/100\n|turn|5\n|c|☆moreru fan|i better not get parad\n|\n|t:|1788297123\n|detailschange|p1b: Dragonite|Dragonite-Mega, L50, M\n|-mega|p1b: Dragonite|Dragonite|Dragoninite\n|move|p1b: Dragonite|Hurricane|p2a: Sceptile\n|-supereffective|p2a: Sceptile|1\n|-damage|p2a: Sceptile|0 fnt\n|faint|p2a: Sceptile\n|move|p2b: Jolteon|Discharge|p1a: Pelipper|[spread] p1a,p1b\n|-supereffective|p1a: Pelipper|2\n|-damage|p1a: Pelipper|0 fnt\n|-damage|p1b: Dragonite|88/100\n|-status|p1b: Dragonite|par\n|faint|p1a: Pelipper\n|\n|-weather|RainDance|[upkeep]\n|upkeep\n|turn|6\n|c|☆moreru fan|oh okay lmao\n|c|☆moreru fan|brah\n|c|☆moreru fan|i can still lose\n|\n|t:|1788297141\n|move|p2b: Jolteon|Discharge|p1b: Dragonite\n|-damage|p1b: Dragonite|57/100 par\n|cant|p1b: Dragonite|par\n|\n|-weather|RainDance|[upkeep]\n|-sideend|p1: moreru fan|move: Tailwind\n|upkeep\n|turn|7\n|c|☆moreru fan|said so\n|\n|t:|1788297149\n|move|p2b: Jolteon|Discharge|p1b: Dragonite\n|-damage|p1b: Dragonite|24/100 par\n|move|p1b: Dragonite|Draco Meteor|p2b: Jolteon\n|-damage|p2b: Jolteon|1/100\n|-unboost|p1b: Dragonite|spa|2\n|\n|-weather|RainDance|[upkeep]\n|upkeep\n|turn|8\n|c|☆moreru fan|LMAOO\n|c|☆moreru fan|BAHAHAHAH\n|c|☆moreru fan|please dude\n|\n|t:|1788297162\n|move|p2b: Jolteon|Discharge|p1b: Dragonite\n|-damage|p1b: Dragonite|0 fnt\n|faint|p1b: Dragonite\n|\n|win|WonkyWill\n|raw|moreru fan's rating: 1324 &rarr; <strong>1306</strong><br />(-18 for losing)\n|raw|WonkyWill's rating: 1352 &rarr; <strong>1370</strong><br />(+18 for winning)\n","uploadtime":1788297166,"views":"9","formatid":"gen9championsvgc2026regmb","rating":1306,"private":0,"password":null}