{"id":"gen9championsvgc2026regmbbo3-2673397644","format":"[Gen 9 Champions] VGC 2026 Reg M-B (Bo3)","players":["hihowareyabro","Jorge Saltamontes"],"log":"|j|☆hihowareyabro\n|j|☆Jorge Saltamontes\n|html|<table width=\"100%\"><tr><td align=\"left\">hihowareyabro</td><td align=\"right\">Jorge Saltamontes</tr><tr><td align=\"left\"><i class=\"fa fa-circle-o\"></i> <i class=\"fa fa-circle-o\"></i> </td><td align=\"right\"><i class=\"fa fa-circle-o\"></i> <i class=\"fa fa-circle\"></i> </tr></table>\n|uhtml|bestof|<h2><strong>Game 2</strong> of <a href=\"/game-bestof3-gen9championsvgc2026regmbbo3-2673396277\">a best-of-3</a></h2>\n|t:|1788192897\n|gametype|doubles\n|player|p1|hihowareyabro|169|1312\n|player|p2|Jorge Saltamontes|marshal|1433\n|gen|9\n|tier|[Gen 9 Champions] VGC 2026 Reg M-B (Bo3)\n|rated|\n|rule|Species Clause: Limit one of each Pokémon\n|rule|Item Clause: Limit 1 of each item\n|clearpoke\n|poke|p1|Blastoise, L50, F|\n|poke|p1|Farigiraf, L50, M|\n|poke|p1|Sneasler, L50, M|\n|poke|p1|Incineroar, L50, F|\n|poke|p1|Maushold-Four, L50|\n|poke|p1|Sinistcha, L50|\n|poke|p2|Charizard, L50, F|\n|poke|p2|Kingambit, L50, M|\n|poke|p2|Sylveon, L50, F|\n|poke|p2|Garchomp, L50, M|\n|poke|p2|Aerodactyl, L50, M|\n|poke|p2|Farigiraf, L50, F|\n|teampreview|4\n|showteam|p1|Blastoise||Blastoisinite|Torrent|Protect,DarkPulse,WaterSpout,ShellSmash|Modest||F|||50|]Farigiraf||SitrusBerry|ArmorTail|TrickRoom,Psychic,Thunderbolt,HelpingHand|Quiet||M|||50|]Sneasler||WhiteHerb|Unburden|Protect,CloseCombat,FakeOut,DireClaw|Adamant||M|||50|]Incineroar||ChopleBerry|Intimidate|FakeOut,PartingShot,DarkestLariat,FlareBlitz|Brave||F|||50|]Maushold-Four||WideLens|Technician|FollowMe,PopulationBomb,Protect,HelpingHand|Jolly|||||50|]Sinistcha||BrightPowder|Hospitality|RagePowder,MatchaGotcha,TrickRoom,Protect|Relaxed|||||50|\n|showteam|p2|Charizard||CharizarditeY|SolarPower|WeatherBall,HeatWave,SolarBeam,Protect|Modest||F|||50|]Kingambit||FocusSash|Defiant|IronHead,SuckerPunch,KowtowCleave,LowKick|Adamant||M|||50|]Sylveon||FairyFeather|Pixilate|Protect,HyperVoice,HyperBeam,QuickAttack|Modest||F|||50|]Garchomp||LifeOrb|RoughSkin|Protect,DragonClaw,Earthquake,RockTomb|Jolly||M|||50|]Aerodactyl||Aerodactylite|Unnerve|IceFang,RockSlide,Tailwind,DualWingbeat|Jolly||M|||50|]Farigiraf||SitrusBerry|ArmorTail|TrickRoom,Psychic,Thunderbolt,Protect|Bold||F|||50|\n|inactive|Battle timer is ON: inactive players will automatically lose when time's up. (requested by hihowareyabro)\n|inactive|Jorge Saltamontes has 60 seconds left.\n|\n|t:|1788192947\n|teamsize|p1|4\n|teamsize|p2|4\n|start\n|switch|p1a: Sneasler|Sneasler, L50, M|100/100\n|switch|p1b: Incineroar|Incineroar, L50, F|100/100\n|switch|p2a: Aerodactyl|Aerodactyl, L50, M|100/100\n|switch|p2b: Sylveon|Sylveon, L50, F|100/100\n|-ability|p2a: Aerodactyl|Unnerve\n|-ability|p1b: Incineroar|Intimidate|boost\n|-unboost|p2a: Aerodactyl|atk|1\n|-unboost|p2b: Sylveon|atk|1\n|turn|1\n|inactive|hihowareyabro has 30 seconds left.\n|\n|t:|1788192977\n|detailschange|p2a: Aerodactyl|Aerodactyl-Mega, L50, M\n|-mega|p2a: Aerodactyl|Aerodactyl|Aerodactylite\n|move|p1b: Incineroar|Fake Out|p2a: Aerodactyl\n|-resisted|p2a: Aerodactyl|1\n|-damage|p2a: Aerodactyl|92/100\n|cant|p2a: Aerodactyl|flinch\n|move|p1a: Sneasler|Close Combat|p2a: Aerodactyl\n|-damage|p2a: Aerodactyl|18/100\n|-unboost|p1a: Sneasler|def|1\n|-unboost|p1a: Sneasler|spd|1\n|-enditem|p1a: Sneasler|White Herb\n|-clearnegativeboost|p1a: Sneasler|[silent]\n|move|p2b: Sylveon|Hyper Voice|p1b: Incineroar|[spread] p1a,p1b\n|-damage|p1a: Sneasler|41/100\n|-damage|p1b: Incineroar|61/100\n|\n|upkeep\n|turn|2\n|inactive|hihowareyabro has 30 seconds left.\n|inactive|hihowareyabro has 20 seconds left.\n|\n|t:|1788193015\n|move|p1a: Sneasler|Protect|p1a: Sneasler\n|-singleturn|p1a: Sneasler|Protect\n|move|p2a: Aerodactyl|Tailwind|p2a: Aerodactyl\n|-sidestart|p2: Jorge Saltamontes|move: Tailwind\n|move|p2b: Sylveon|Hyper Voice|p1b: Incineroar|[spread] p1b\n|-activate|p1a: Sneasler|move: Protect\n|-damage|p1b: Incineroar|22/100\n|move|p1b: Incineroar|Darkest Lariat|p2a: Aerodactyl\n|-damage|p2a: Aerodactyl|0 fnt\n|faint|p2a: Aerodactyl\n|\n|upkeep\n|\n|t:|1788193023\n|switch|p2a: Kingambit|Kingambit, L50, M|100/100\n|turn|3\n|\n|t:|1788193035\n|switch|p1b: Sinistcha|Sinistcha, L50|100/100\n|-heal|p1a: Sneasler|65/100|[from] ability: Hospitality|[of] p1b: Sinistcha\n|move|p2a: Kingambit|Sucker Punch|p1a: Sneasler\n|-resisted|p1a: Sneasler|1\n|-damage|p1a: Sneasler|45/100\n|move|p1a: Sneasler|Close Combat|p2a: Kingambit\n|-supereffective|p2a: Kingambit|2\n|-enditem|p2a: Kingambit|Focus Sash\n|-damage|p2a: Kingambit|1/100\n|-unboost|p1a: Sneasler|def|1\n|-unboost|p1a: Sneasler|spd|1\n|move|p2b: Sylveon|Hyper Voice|p1b: Sinistcha|[spread] p1a,p1b\n|-damage|p1a: Sneasler|0 fnt\n|-damage|p1b: Sinistcha|46/100\n|faint|p1a: Sneasler\n|\n|upkeep\n|\n|t:|1788193053\n|switch|p1a: Incineroar|Incineroar, L50, F|22/100\n|-ability|p1a: Incineroar|Intimidate|boost\n|-unboost|p2a: Kingambit|atk|1\n|-ability|p2a: Kingambit|Defiant|boost\n|-boost|p2a: Kingambit|atk|2\n|-unboost|p2b: Sylveon|atk|1\n|turn|4\n|\n|t:|1788193066\n|switch|p2a: Garchomp|Garchomp, L50, M|100/100\n|move|p1a: Incineroar|Fake Out|p2b: Sylveon\n|-damage|p2b: Sylveon|87/100\n|cant|p2b: Sylveon|flinch\n|move|p1b: Sinistcha|Trick Room|p1b: Sinistcha\n|-fieldstart|move: Trick Room|[of] p1b: Sinistcha\n|\n|upkeep\n|turn|5\n|\n|t:|1788193088\n|move|p2a: Garchomp|Protect|p2a: Garchomp\n|-singleturn|p2a: Garchomp|Protect\n|move|p1a: Incineroar|Flare Blitz|p2b: Sylveon\n|-damage|p2b: Sylveon|24/100\n|-damage|p1a: Incineroar|3/100|[from] Recoil\n|move|p1b: Sinistcha|Matcha Gotcha|p2b: Sylveon|[spread] p2b\n|-activate|p2a: Garchomp|move: Protect\n|-damage|p2b: Sylveon|5/100\n|-heal|p1b: Sinistcha|55/100|[from] drain|[of] p2b: Sylveon\n|move|p2b: Sylveon|Hyper Voice|p1b: Sinistcha|[spread] p1a,p1b\n|-damage|p1a: Incineroar|0 fnt\n|-damage|p1b: Sinistcha|1/100\n|faint|p1a: Incineroar\n|\n|-sideend|p2: Jorge Saltamontes|move: Tailwind\n|upkeep\n|\n|t:|1788193103\n|switch|p1a: Blastoise|Blastoise, L50, F|100/100\n|turn|6\n|\n|t:|1788193120\n|detailschange|p1a: Blastoise|Blastoise-Mega, L50, F\n|-mega|p1a: Blastoise|Blastoise|Blastoisinite\n|move|p2b: Sylveon|Quick Attack|p1b: Sinistcha\n|-damage|p1b: Sinistcha|0 fnt\n|faint|p1b: Sinistcha\n|move|p1a: Blastoise|Water Spout|p2a: Garchomp|[spread] p2a,p2b\n|-damage|p2a: Garchomp|36/100\n|-damage|p2b: Sylveon|0 fnt\n|faint|p2b: Sylveon\n|move|p2a: Garchomp|Dragon Claw|p1a: Blastoise\n|-damage|p1a: Blastoise|53/100\n|-damage|p2a: Garchomp|26/100|[from] item: Life Orb\n|\n|upkeep\n|\n|t:|1788193131\n|switch|p2b: Kingambit|Kingambit, L50, M|1/100\n|turn|7\n|\n|t:|1788193142\n|move|p2b: Kingambit|Sucker Punch|p1a: Blastoise\n|-damage|p1a: Blastoise|19/100\n|move|p1a: Blastoise|Dark Pulse|p2b: Kingambit\n|-resisted|p2b: Kingambit|1\n|-damage|p2b: Kingambit|0 fnt\n|faint|p2b: Kingambit\n|move|p2a: Garchomp|Dragon Claw|p1a: Blastoise\n|-damage|p1a: Blastoise|0 fnt\n|faint|p1a: Blastoise\n|-damage|p2a: Garchomp|17/100|[from] item: Life Orb\n|\n|win|Jorge Saltamontes\n","uploadtime":1788192902,"views":"1","formatid":"gen9championsvgc2026regmbbo3","rating":null,"private":0,"password":null}