{"id":"gen9championsvgc2026regmbbo3-2674014771","format":"[Gen 9 Champions] VGC 2026 Reg M-B (Bo3)","players":["humania1","wolfcove"],"log":"|j|☆humania1\n|j|☆wolfcove\n|html|<table width=\"100%\"><tr><td align=\"left\">humania1</td><td align=\"right\">wolfcove</tr><tr><td align=\"left\"><i class=\"fa fa-circle-o\"></i> <i class=\"fa fa-circle-o\"></i> </td><td align=\"right\"><i class=\"fa fa-circle-o\"></i> <i class=\"fa fa-circle\"></i> </tr></table>\n|uhtml|bestof|<h2><strong>Game 2</strong> of <a href=\"/game-bestof3-gen9championsvgc2026regmbbo3-2674012300\">a best-of-3</a></h2>\n|t:|1788288368\n|gametype|doubles\n|player|p1|humania1|266|1082\n|player|p2|wolfcove|265|1000\n|gen|9\n|tier|[Gen 9 Champions] VGC 2026 Reg M-B (Bo3)\n|rated|\n|rule|Species Clause: Limit one of each Pokémon\n|rule|Item Clause: Limit 1 of each item\n|clearpoke\n|poke|p1|Blastoise, L50, M|\n|poke|p1|Delphox, L50, M, shiny|\n|poke|p1|Incineroar, L50, F|\n|poke|p1|Sinistcha, L50|\n|poke|p1|Sneasler, L50, F|\n|poke|p1|Vivillon, L50, F|\n|poke|p2|Garchomp, L50, M|\n|poke|p2|Lycanroc-Dusk, L50, F|\n|poke|p2|Charizard, L50, M|\n|poke|p2|Whimsicott, L50, M|\n|poke|p2|Sneasler, L50, M|\n|poke|p2|Glaceon, L50, M|\n|teampreview|4\n|showteam|p1|Blastoise||Blastoisinite|Torrent|Protect,ShellSmash,WaterSpout,DarkPulse|Modest||M|||50|]Delphox||Delphoxite|Blaze|Protect,HeatWave,Psyshock,NastyPlot|Timid||M|||50|]Incineroar||PasshoBerry|Intimidate|FakeOut,PartingShot,FlareBlitz,ThroatChop|Impish||F|||50|]Sinistcha||SitrusBerry|Hospitality|Protect,MatchaGotcha,TrickRoom,RagePowder|Bold|||||50|]Sneasler||FocusSash|PoisonTouch|QuickGuard,FakeOut,CloseCombat,DireClaw|Jolly||F|||50|]Vivillon||ChoiceScarf|CompoundEyes|Hurricane,SleepPowder,RagePowder,Uturn|Timid||F|||50|\n|showteam|p2|Garchomp||LifeOrb|RoughSkin|DragonClaw,Earthquake,Protect,StealthRock|Adamant||M|||50|]Lycanroc-Dusk||FocusSash|ToughClaws|RockSlide,PsychicFangs,Protect,DrillRun|Adamant||F|||50|]Charizard||CharizarditeY|Blaze|HeatWave,SolarBeam,Protect,AncientPower|Naive||M|||50|]Whimsicott||FairyFeather|Prankster|Tailwind,Moonblast,Encore,HelpingHand|Hasty||M|||50|]Sneasler||WhiteHerb|Pressure|CloseCombat,FakeOut,Protect,AerialAce|Adamant||M|||50|]Glaceon||NeverMeltIce|IceBody|Snowscape,IceBeam,WeatherBall,Protect|Quiet||M|||50|\n|inactive|Battle timer is ON: inactive players will automatically lose when time's up. (requested by humania1)\n|\n|t:|1788288396\n|teamsize|p1|4\n|teamsize|p2|4\n|start\n|switch|p1a: Delphox|Delphox, L50, M, shiny|100/100\n|switch|p1b: Incineroar|Incineroar, L50, F|100/100\n|switch|p2a: Garchomp|Garchomp, L50, M|100/100\n|switch|p2b: Sneasler|Sneasler, L50, M|100/100\n|-ability|p2b: Sneasler|Pressure\n|-ability|p1b: Incineroar|Intimidate|boost\n|-unboost|p2a: Garchomp|atk|1\n|-unboost|p2b: Sneasler|atk|1\n|-enditem|p2b: Sneasler|White Herb\n|-clearnegativeboost|p2b: Sneasler|[silent]\n|turn|1\n|\n|t:|1788288414\n|switch|p1b: Sinistcha|Sinistcha, L50|100/100\n|detailschange|p1a: Delphox|Delphox-Mega, L50, M, shiny\n|-mega|p1a: Delphox|Delphox|Delphoxite\n|move|p2b: Sneasler|Fake Out|p1b: Sinistcha\n|-immune|p1b: Sinistcha\n|move|p1a: Delphox|Psyshock|p2b: Sneasler\n|-supereffective|p2b: Sneasler|2\n|-damage|p2b: Sneasler|0 fnt\n|faint|p2b: Sneasler\n|move|p2a: Garchomp|Stealth Rock|p1a: Delphox\n|-sidestart|p1: humania1|move: Stealth Rock\n|\n|upkeep\n|\n|t:|1788288432\n|switch|p2b: Lycanroc|Lycanroc-Dusk, L50, F|100/100\n|turn|2\n|\n|t:|1788288446\n|switch|p1b: Incineroar|Incineroar, L50, F|100/100\n|-damage|p1b: Incineroar|75/100|[from] Stealth Rock\n|-ability|p1b: Incineroar|Intimidate|boost\n|-unboost|p2a: Garchomp|atk|1\n|-unboost|p2b: Lycanroc|atk|1\n|move|p1a: Delphox|Protect|p1a: Delphox\n|-singleturn|p1a: Delphox|Protect\n|move|p2b: Lycanroc|Rock Slide|p1a: Delphox|[spread] p1b\n|-activate|p1a: Delphox|move: Protect\n|-supereffective|p1b: Incineroar|1\n|-damage|p1b: Incineroar|44/100\n|move|p2a: Garchomp|Dragon Claw|p1b: Incineroar\n|-damage|p1b: Incineroar|17/100\n|-damage|p2a: Garchomp|90/100|[from] item: Life Orb\n|\n|upkeep\n|turn|3\n|\n|t:|1788288470\n|move|p1a: Delphox|Psyshock|p2b: Lycanroc\n|-damage|p2b: Lycanroc|21/100\n|move|p2b: Lycanroc|Rock Slide|p1b: Incineroar|[spread] p1a,p1b\n|-supereffective|p1a: Delphox|1\n|-supereffective|p1b: Incineroar|1\n|-damage|p1a: Delphox|43/100\n|-damage|p1b: Incineroar|0 fnt\n|faint|p1b: Incineroar\n|move|p2a: Garchomp|Dragon Claw|p1a: Delphox\n|-damage|p1a: Delphox|1/100\n|-damage|p2a: Garchomp|80/100|[from] item: Life Orb\n|\n|upkeep\n|\n|t:|1788288470\n|switch|p1b: Sneasler|Sneasler, L50, F|100/100\n|-damage|p1b: Sneasler|94/100|[from] Stealth Rock\n|turn|4\n|\n|t:|1788288495\n|move|p1a: Delphox|Protect|p1a: Delphox\n|-singleturn|p1a: Delphox|Protect\n|move|p1b: Sneasler|Close Combat|p2b: Lycanroc\n|-supereffective|p2b: Lycanroc|1\n|-damage|p2b: Lycanroc|0 fnt\n|-unboost|p1b: Sneasler|def|1\n|-unboost|p1b: Sneasler|spd|1\n|faint|p2b: Lycanroc\n|move|p2a: Garchomp|Dragon Claw|p1b: Sneasler\n|-damage|p1b: Sneasler|13/100\n|-damage|p2a: Garchomp|70/100|[from] item: Life Orb\n|\n|upkeep\n|\n|t:|1788288516\n|switch|p2b: Charizard|Charizard, L50, M|100/100\n|turn|5\n|\n|t:|1788288528\n|detailschange|p2b: Charizard|Charizard-Mega-Y, L50, M\n|-mega|p2b: Charizard|Charizard|Charizardite Y\n|-weather|SunnyDay|[from] ability: Drought|[of] p2b: Charizard\n|move|p1a: Delphox|Psyshock|p2a: Garchomp\n|-damage|p2a: Garchomp|32/100\n|move|p1b: Sneasler|Close Combat|p2a: Garchomp\n|-damage|p2a: Garchomp|0 fnt\n|-unboost|p1b: Sneasler|def|1\n|-unboost|p1b: Sneasler|spd|1\n|-damage|p1b: Sneasler|1/100|[from] ability: Rough Skin|[of] p2a: Garchomp\n|faint|p2a: Garchomp\n|move|p2b: Charizard|Heat Wave|p1b: Sneasler|[spread] p1a,p1b\n|-resisted|p1a: Delphox|1\n|-damage|p1a: Delphox|0 fnt\n|-damage|p1b: Sneasler|0 fnt\n|faint|p1a: Delphox\n|faint|p1b: Sneasler\n|\n|-weather|SunnyDay|[upkeep]\n|upkeep\n|\n|t:|1788288528\n|switch|p1b: Sinistcha|Sinistcha, L50|100/100\n|-damage|p1b: Sinistcha|87/100|[from] Stealth Rock\n|turn|6\n|inactive|wolfcove has 30 seconds left.\n|\n|t:|1788288558\n|move|p1b: Sinistcha|Protect|p1b: Sinistcha\n|-singleturn|p1b: Sinistcha|Protect\n|move|p2b: Charizard|Heat Wave|p1b: Sinistcha\n|-activate|p1b: Sinistcha|move: Protect\n|\n|-weather|SunnyDay|[upkeep]\n|upkeep\n|turn|7\n|\n|t:|1788288565\n|move|p2b: Charizard|Heat Wave|p1b: Sinistcha\n|-supereffective|p1b: Sinistcha|1\n|-damage|p1b: Sinistcha|0 fnt\n|faint|p1b: Sinistcha\n|\n|win|wolfcove\n|raw|humania1's rating: 1082 &rarr; <strong>1055</strong><br />(-27 for losing)\n|raw|wolfcove's rating: 1000 &rarr; <strong>1049</strong><br />(+49 for winning)\n","uploadtime":1788288565,"views":"1","formatid":"gen9championsvgc2026regmbbo3","rating":1049,"private":0,"password":null}