{"id":"gen9championsvgc2026regmb-2674115010","format":"[Gen 9 Champions] VGC 2026 Reg M-B","players":["iarerico","triplemz1125"],"log":"|j|☆iarerico\n|j|☆triplemz1125\n|t:|1788301271\n|gametype|doubles\n|player|p1|iarerico|266|\n|player|p2|triplemz1125|norman|\n|gen|9\n|tier|[Gen 9 Champions] VGC 2026 Reg M-B\n|rule|Species Clause: Limit one of each Pokémon\n|rule|Item Clause: Limit 1 of each item\n|clearpoke\n|poke|p1|Politoed, L50, M, shiny|\n|poke|p1|Archaludon, L50, M, shiny|\n|poke|p1|Mr. Rime, L50, M|\n|poke|p1|Pidgeot, L50, M, shiny|\n|poke|p1|Banette, L50, M|\n|poke|p1|Sneasler, L50, F|\n|poke|p2|Garchomp, L50, F, shiny|\n|poke|p2|Skarmory, L50, F, shiny|\n|poke|p2|Rotom-Heat, L50|\n|poke|p2|Weavile, L50, F|\n|poke|p2|Clawitzer, L50, F, shiny|\n|poke|p2|Zoroark-Hisui, L50, F|\n|teampreview|4\n|\n|t:|1788301374\n|teamsize|p1|4\n|teamsize|p2|4\n|start\n|switch|p1a: Hoodle|Banette, L50, M|100/100\n|switch|p1b: Splatterina|Sneasler, L50, F|100/100\n|switch|p2a: Easy-Bake|Rotom-Heat, L50|100/100\n|switch|p2b: OG Claw|Weavile, L50, F|100/100\n|-item|p2a: Easy-Bake|Choice Scarf|[from] ability: Frisk|[of] p1a: Hoodle\n|-item|p2b: OG Claw|Focus Sash|[from] ability: Frisk|[of] p1a: Hoodle\n|turn|1\n|\n|t:|1788301406\n|detailschange|p1a: Hoodle|Banette-Mega, L50, M\n|-mega|p1a: Hoodle|Banette|Banettite\n|move|p2b: OG Claw|Fake Out|p1b: Splatterina\n|-damage|p1b: Splatterina|76/100\n|move|p2a: Easy-Bake|Electroweb|p1a: Hoodle|[spread] p1a,p1b\n|-damage|p1a: Hoodle|73/100\n|-damage|p1b: Splatterina|47/100\n|-unboost|p1a: Hoodle|spe|1\n|-unboost|p1b: Splatterina|spe|1\n|cant|p1b: Splatterina|flinch\n|move|p1a: Hoodle|Poltergeist|p1b: Splatterina|[miss]\n|-miss|p1a: Hoodle|p1b: Splatterina\n|\n|upkeep\n|turn|2\n|\n|t:|1788301486\n|move|p1a: Hoodle|Swagger|p1b: Splatterina\n|-boost|p1b: Splatterina|atk|2\n|-start|p1b: Splatterina|confusion\n|-enditem|p1b: Splatterina|Lum Berry|[eat]\n|-end|p1b: Splatterina|confusion\n|move|p1b: Splatterina|Rock Slide|p2a: Easy-Bake|[spread] p2b\n|-miss|p1b: Splatterina|p2a: Easy-Bake\n|-supereffective|p2b: OG Claw|1\n|-enditem|p2b: OG Claw|Focus Sash\n|-damage|p2b: OG Claw|1/100\n|move|p2a: Easy-Bake|Electroweb|p1b: Splatterina|[spread] p1a,p1b\n|-damage|p1a: Hoodle|48/100\n|-damage|p1b: Splatterina|21/100\n|-unboost|p1a: Hoodle|spe|1\n|-unboost|p1b: Splatterina|spe|1\n|move|p2b: OG Claw|Knock Off|p1b: Splatterina\n|-resisted|p1b: Splatterina|1\n|-damage|p1b: Splatterina|0 fnt\n|faint|p1b: Splatterina\n|\n|upkeep\n|\n|t:|1788301509\n|switch|p1b: Palsteel|Archaludon, L50, M, shiny|100/100\n|turn|3\n|\n|t:|1788301534\n|switch|p2a: Pevin Purant|Garchomp, L50, F, shiny|100/100\n|move|p1a: Hoodle|Protect|p1a: Hoodle\n|-singleturn|p1a: Hoodle|Protect\n|move|p2b: OG Claw|Knock Off|p1a: Hoodle\n|-activate|p1a: Hoodle|move: Protect\n|move|p1b: Palsteel|Snarl|p2a: Pevin Purant|[spread] p2a,p2b\n|-resisted|p2b: OG Claw|1\n|-damage|p2a: Pevin Purant|85/100\n|-damage|p2b: OG Claw|0 fnt\n|-unboost|p2a: Pevin Purant|spa|1\n|faint|p2b: OG Claw\n|\n|upkeep\n|\n|t:|1788301572\n|switch|p2b: Easy-Bake|Rotom-Heat, L50|100/100\n|turn|4\n|\n|t:|1788301591\n|detailschange|p2a: Pevin Purant|Garchomp-Mega, L50, F, shiny\n|-mega|p2a: Pevin Purant|Garchomp|Garchompite\n|move|p1a: Hoodle|Destiny Bond|p1a: Hoodle\n|-singlemove|p1a: Hoodle|Destiny Bond\n|move|p2b: Easy-Bake|Trick|p1b: Palsteel\n|-activate|p2b: Easy-Bake|move: Trick|[of] p1b: Palsteel\n|-item|p1b: Palsteel|Choice Scarf|[from] move: Trick\n|-item|p2b: Easy-Bake|Leftovers|[from] move: Trick\n|move|p1b: Palsteel|Snarl|p2a: Pevin Purant|[spread] \n|-miss|p1b: Palsteel|p2a: Pevin Purant\n|-miss|p1b: Palsteel|p2b: Easy-Bake\n|move|p2a: Pevin Purant|Earthquake|p1b: Palsteel|[spread] p1a,p1b\n|-immune|p2b: Easy-Bake|[from] ability: Levitate\n|-supereffective|p1b: Palsteel|1\n|-damage|p1a: Hoodle|4/100\n|-damage|p1b: Palsteel|25/100\n|-ability|p1b: Palsteel|Stamina|boost\n|-boost|p1b: Palsteel|def|1\n|\n|upkeep\n|turn|5\n|\n|t:|1788301634\n|move|p1b: Palsteel|Snarl|p2b: Easy-Bake|[spread] p2a\n|-miss|p1b: Palsteel|p2b: Easy-Bake\n|-damage|p2a: Pevin Purant|71/100\n|-unboost|p2a: Pevin Purant|spa|1\n|move|p2a: Pevin Purant|Earthquake|p1a: Hoodle|[spread] p1a,p1b\n|-immune|p2b: Easy-Bake|[from] ability: Levitate\n|-supereffective|p1b: Palsteel|1\n|-damage|p1a: Hoodle|0 fnt\n|-damage|p1b: Palsteel|0 fnt\n|faint|p1a: Hoodle\n|-activate|p1a: Hoodle|move: Destiny Bond\n|faint|p1b: Palsteel\n|faint|p2a: Pevin Purant\n|move|p2b: Easy-Bake|Thunderbolt|p1: Hoodle|[notarget]\n|-fail|p2b: Easy-Bake\n|\n|upkeep\n|\n|t:|1788301649\n|switch|p2a: Kawhi|Clawitzer, L50, F, shiny|100/100\n|switch|p1b: Crojiro|Politoed, L50, M, shiny|100/100\n|-weather|RainDance|[from] ability: Drizzle|[of] p1b: Crojiro\n|turn|6\n|\n|t:|1788301665\n|move|p2b: Easy-Bake|Thunderbolt|p1b: Crojiro\n|-supereffective|p1b: Crojiro|1\n|-damage|p1b: Crojiro|32/100\n|-enditem|p1b: Crojiro|Sitrus Berry|[eat]\n|-heal|p1b: Crojiro|57/100|[from] item: Sitrus Berry\n|move|p1b: Crojiro|Weather Ball|p2b: Easy-Bake\n|-supereffective|p2b: Easy-Bake|1\n|-damage|p2b: Easy-Bake|0 fnt\n|faint|p2b: Easy-Bake\n|move|p2a: Kawhi|Dark Pulse|p1b: Crojiro\n|-damage|p1b: Crojiro|22/100\n|\n|-weather|RainDance|[upkeep]\n|upkeep\n|turn|7\n|\n|t:|1788301692\n|move|p1b: Crojiro|Weather Ball|p2a: Kawhi\n|-resisted|p2a: Kawhi|1\n|-damage|p2a: Kawhi|71/100\n|move|p2a: Kawhi|Dark Pulse|p1b: Crojiro\n|-damage|p1b: Crojiro|0 fnt\n|faint|p1b: Crojiro\n|\n|win|triplemz1125\n","uploadtime":1788301702,"views":"8","formatid":"gen9championsvgc2026regmb","rating":null,"private":0,"password":null}