{"id":"gen9championsvgc2026regmbbo3-2673592912","format":"[Gen 9 Champions] VGC 2026 Reg M-B (Bo3)","players":["kenawii","mxi50"],"log":"|j|☆kenawii\n|j|☆mxi50\n|html|<table width=\"100%\"><tr><td align=\"left\">kenawii</td><td align=\"right\">mxi50</tr><tr><td align=\"left\"><i class=\"fa fa-circle\"></i> <i class=\"fa fa-circle-o\"></i> </td><td align=\"right\"><i class=\"fa fa-circle-o\"></i> <i class=\"fa fa-circle\"></i> </tr></table>\n|uhtml|bestof|<h2><strong>Game 3</strong> of <a href=\"/game-bestof3-gen9championsvgc2026regmbbo3-2673590506\">a best-of-3</a></h2>\n|t:|1788218175\n|gametype|doubles\n|player|p1|kenawii|102|1107\n|player|p2|mxi50|picnicker|1231\n|gen|9\n|tier|[Gen 9 Champions] VGC 2026 Reg M-B (Bo3)\n|rated|\n|rule|Species Clause: Limit one of each Pokémon\n|rule|Item Clause: Limit 1 of each item\n|clearpoke\n|poke|p1|Whimsicott, L50, M, shiny|\n|poke|p1|Garchomp, L50, M, shiny|\n|poke|p1|Basculegion, L50, M, shiny|\n|poke|p1|Charizard, L50, F, shiny|\n|poke|p1|Floette-Eternal, L50, F|\n|poke|p1|Kingambit, L50, F, shiny|\n|poke|p2|Meowstic, L50, M|\n|poke|p2|Incineroar, L50, F|\n|poke|p2|Corviknight, L50, F|\n|poke|p2|Sinistcha, L50|\n|poke|p2|Garchomp, L50, F|\n|poke|p2|Zoroark-Hisui, L50, M|\n|teampreview|4\n|showteam|p1|Whimsicott||FocusSash|Prankster|Tailwind,Moonblast,SunnyDay,Protect|Timid||M|||50|]Garchomp||LifeOrb|RoughSkin|RockSlide,Earthquake,DragonClaw,Protect|Jolly||M|||50|]Basculegion||MysticWater|SwiftSwim|AquaJet,WaveCrash,LastRespects,Protect|Adamant||M|||50|]Charizard||CharizarditeY|Blaze|Protect,SolarBeam,HeatWave,WeatherBall|Modest||F|||50|]Floette-Eternal||Floettite|FlowerVeil|DazzlingGleam,Moonblast,LightofRuin,Protect|Timid||F|||50|]Kingambit||ChopleBerry|Defiant|SuckerPunch,KowtowCleave,LowKick,IronHead|Adamant||F|||50|\n|showteam|p2|Meowstic||Meowsticite|Prankster|ExpandingForce,PsychicTerrain,Protect,AlluringVoice|Modest||M|||50|]Incineroar||SitrusBerry|Intimidate|FakeOut,FlareBlitz,PartingShot,ThroatChop|Adamant||F|||50|]Corviknight||Leftovers|MirrorArmor|Tailwind,BraveBird,IronHead,Protect|Impish||F|||50|]Sinistcha||ColburBerry|Hospitality|MatchaGotcha,RagePowder,TrickRoom,LifeDew|Bold|||||50|]Garchomp||LifeOrb|RoughSkin|Earthquake,DragonClaw,RockSlide,Protect|Jolly||F|||50|]Zoroark-Hisui||FocusSash|Illusion|BitterMalice,HyperVoice,Flamethrower,IcyWind|Timid||M|||50|\n|j| Jose ccarlos\n|\n|t:|1788218192\n|teamsize|p1|4\n|teamsize|p2|4\n|start\n|switch|p1a: Whimsicott|Whimsicott, L50, M, shiny|100/100\n|switch|p1b: Kingambit|Kingambit, L50, F, shiny|100/100\n|switch|p2a: Corviknight|Corviknight, L50, F|100/100\n|switch|p2b: Garchomp|Garchomp, L50, F|100/100\n|turn|1\n|\n|t:|1788218208\n|switch|p1b: Basculegion|Basculegion, L50, M, shiny|100/100\n|move|p1a: Whimsicott|Protect|p1a: Whimsicott\n|-singleturn|p1a: Whimsicott|Protect\n|move|p2b: Garchomp|Earthquake|p1a: Whimsicott|[spread] p1b\n|-activate|p1a: Whimsicott|move: Protect\n|-immune|p2a: Corviknight\n|-damage|p1b: Basculegion|37/100\n|-damage|p2b: Garchomp|90/100|[from] item: Life Orb\n|move|p2a: Corviknight|Iron Head|p1a: Whimsicott\n|-activate|p1a: Whimsicott|move: Protect\n|\n|upkeep\n|turn|2\n|\n|t:|1788218226\n|switch|p2b: Incineroar|Incineroar, L50, F|100/100\n|-ability|p2b: Incineroar|Intimidate|boost\n|-unboost|p1a: Whimsicott|atk|1\n|-unboost|p1b: Basculegion|atk|1\n|move|p1a: Whimsicott|Tailwind|p1a: Whimsicott\n|-sidestart|p1: kenawii|move: Tailwind\n|move|p1b: Basculegion|Wave Crash|p2b: Incineroar\n|-supereffective|p2b: Incineroar|1\n|-damage|p2b: Incineroar|15/100\n|-enditem|p2b: Incineroar|Sitrus Berry|[eat]\n|-heal|p2b: Incineroar|40/100|[from] item: Sitrus Berry\n|-damage|p1b: Basculegion|9/100|[from] Recoil\n|move|p2a: Corviknight|Iron Head|p1a: Whimsicott\n|-supereffective|p1a: Whimsicott|1\n|-damage|p1a: Whimsicott|21/100\n|\n|upkeep\n|turn|3\n|\n|t:|1788218246\n|move|p1a: Whimsicott|Protect|p1a: Whimsicott\n|-singleturn|p1a: Whimsicott|Protect\n|move|p1b: Basculegion|Protect|p1b: Basculegion\n|-singleturn|p1b: Basculegion|Protect\n|move|p2b: Incineroar|Fake Out|p1a: Whimsicott\n|-activate|p1a: Whimsicott|move: Protect\n|move|p2a: Corviknight|Tailwind|p2a: Corviknight\n|-sidestart|p2: mxi50|move: Tailwind\n|\n|upkeep\n|turn|4\n|\n|t:|1788218263\n|move|p2a: Corviknight|Protect|p2a: Corviknight\n|-singleturn|p2a: Corviknight|Protect\n|move|p1b: Basculegion|Aqua Jet|p2b: Incineroar\n|-supereffective|p2b: Incineroar|1\n|-damage|p2b: Incineroar|12/100\n|move|p1a: Whimsicott|Moonblast|p2b: Incineroar\n|-damage|p2b: Incineroar|0 fnt\n|faint|p2b: Incineroar\n|\n|upkeep\n|\n|t:|1788218273\n|switch|p2b: Garchomp|Garchomp, L50, F|90/100\n|turn|5\n|\n|t:|1788218282\n|move|p1a: Whimsicott|Moonblast|p2b: Garchomp\n|-supereffective|p2b: Garchomp|1\n|-damage|p2b: Garchomp|17/100\n|move|p2b: Garchomp|Earthquake|p1a: Whimsicott|[spread] p1a,p1b\n|-immune|p2a: Corviknight\n|-resisted|p1a: Whimsicott|1\n|-damage|p1a: Whimsicott|0 fnt\n|-damage|p1b: Basculegion|0 fnt\n|faint|p1a: Whimsicott\n|faint|p1b: Basculegion\n|-damage|p2b: Garchomp|8/100|[from] item: Life Orb\n|move|p2a: Corviknight|Iron Head|p1: Whimsicott|[notarget]\n|-fail|p2a: Corviknight\n|\n|-sideend|p1: kenawii|move: Tailwind\n|upkeep\n|\n|t:|1788218296\n|switch|p1a: Floette|Floette-Eternal, L50, F|100/100\n|switch|p1b: Kingambit|Kingambit, L50, F, shiny|100/100\n|turn|6\n|\n|t:|1788218309\n|detailschange|p1a: Floette|Floette-Mega, L50, F\n|-mega|p1a: Floette|Floette|Floettite\n|-ability|p1a: Floette|Fairy Aura\n|move|p1a: Floette|Protect|p1a: Floette\n|-singleturn|p1a: Floette|Protect\n|move|p1b: Kingambit|Sucker Punch|p2b: Garchomp\n|-damage|p2b: Garchomp|0 fnt\n|-damage|p1b: Kingambit|87/100|[from] ability: Rough Skin|[of] p2b: Garchomp\n|faint|p2b: Garchomp\n|move|p2a: Corviknight|Iron Head|p1a: Floette\n|-activate|p1a: Floette|move: Protect\n|\n|-sideend|p2: mxi50|move: Tailwind\n|upkeep\n|\n|t:|1788218315\n|switch|p2b: Meowstic|Meowstic, L50, M|100/100\n|turn|7\n|\n|t:|1788218337\n|move|p2b: Meowstic|Psychic Terrain|p2b: Meowstic\n|-fieldstart|move: Psychic Terrain\n|move|p1b: Kingambit|Sucker Punch||[still]\n|-fail|p1b: Kingambit\n|move|p1a: Floette|Dazzling Gleam|p2a: Corviknight|[spread] p2a,p2b\n|-resisted|p2a: Corviknight|1\n|-damage|p2a: Corviknight|79/100\n|-damage|p2b: Meowstic|41/100\n|move|p2a: Corviknight|Iron Head|p1a: Floette\n|-supereffective|p1a: Floette|1\n|-damage|p1a: Floette|28/100\n|\n|-heal|p2a: Corviknight|85/100|[from] item: Leftovers\n|upkeep\n|turn|8\n|\n|t:|1788218353\n|detailschange|p2b: Meowstic|Meowstic-M-Mega, L50, M\n|-mega|p2b: Meowstic|Meowstic|Meowsticite\n|-ability|p2b: Meowstic|Fairy Aura|Trace|[from] ability: Trace|[of] p1a: Floette\n|-ability|p2b: Meowstic|Fairy Aura\n|move|p2b: Meowstic|Protect|p2b: Meowstic\n|-singleturn|p2b: Meowstic|Protect\n|move|p1a: Floette|Dazzling Gleam|p2b: Meowstic|[spread] p2a\n|-activate|p2b: Meowstic|move: Protect\n|-resisted|p2a: Corviknight|1\n|-damage|p2a: Corviknight|62/100\n|move|p2a: Corviknight|Tailwind|p2a: Corviknight\n|-sidestart|p2: mxi50|move: Tailwind\n|move|p1b: Kingambit|Kowtow Cleave|p2b: Meowstic\n|-activate|p2b: Meowstic|move: Protect\n|\n|-heal|p2a: Corviknight|68/100|[from] item: Leftovers\n|upkeep\n|turn|9\n|\n|t:|1788218384\n|move|p1a: Floette|Protect|p1a: Floette\n|-singleturn|p1a: Floette|Protect\n|move|p2b: Meowstic|Alluring Voice|p1b: Kingambit\n|-crit|p1b: Kingambit\n|-damage|p1b: Kingambit|34/100\n|move|p2a: Corviknight|Iron Head|p1b: Kingambit\n|-resisted|p1b: Kingambit|1\n|-damage|p1b: Kingambit|24/100\n|move|p1b: Kingambit|Kowtow Cleave|p2b: Meowstic\n|-supereffective|p2b: Meowstic|1\n|-damage|p2b: Meowstic|0 fnt\n|faint|p2b: Meowstic\n|\n|-heal|p2a: Corviknight|74/100|[from] item: Leftovers\n|upkeep\n|turn|10\n|\n|t:|1788218413\n|move|p2a: Corviknight|Iron Head|p1a: Floette\n|-supereffective|p1a: Floette|1\n|-damage|p1a: Floette|0 fnt\n|faint|p1a: Floette\n|move|p1b: Kingambit|Kowtow Cleave|p2a: Corviknight\n|-damage|p2a: Corviknight|38/100\n|\n|-heal|p2a: Corviknight|44/100|[from] item: Leftovers\n|upkeep\n|turn|11\n|\n|t:|1788218424\n|move|p2a: Corviknight|Iron Head|p1b: Kingambit\n|-resisted|p1b: Kingambit|1\n|-damage|p1b: Kingambit|14/100\n|cant|p1b: Kingambit|flinch\n|\n|-heal|p2a: Corviknight|50/100g|[from] item: Leftovers\n|-sideend|p2: mxi50|move: Tailwind\n|-fieldend|move: Psychic Terrain\n|upkeep\n|turn|12\n|\n|t:|1788218432\n|move|p2a: Corviknight|Protect|p2a: Corviknight\n|-singleturn|p2a: Corviknight|Protect\n|move|p1b: Kingambit|Kowtow Cleave|p2a: Corviknight\n|-activate|p2a: Corviknight|move: Protect\n|\n|-heal|p2a: Corviknight|56/100|[from] item: Leftovers\n|upkeep\n|turn|13\n|\n|t:|1788218439\n|move|p2a: Corviknight|Iron Head|p1b: Kingambit\n|-resisted|p1b: Kingambit|1\n|-damage|p1b: Kingambit|3/100\n|move|p1b: Kingambit|Kowtow Cleave|p2a: Corviknight\n|-damage|p2a: Corviknight|22/100\n|\n|-heal|p2a: Corviknight|28/100|[from] item: Leftovers\n|upkeep\n|turn|14\n|\n|t:|1788218447\n|move|p2a: Corviknight|Protect|p2a: Corviknight\n|-singleturn|p2a: Corviknight|Protect\n|move|p1b: Kingambit|Sucker Punch||[still]\n|-fail|p1b: Kingambit\n|\n|-heal|p2a: Corviknight|34/100|[from] item: Leftovers\n|upkeep\n|turn|15\n|\n|t:|1788218454\n|move|p1b: Kingambit|Sucker Punch|p2a: Corviknight\n|-damage|p2a: Corviknight|6/100\n|move|p2a: Corviknight|Iron Head|p1b: Kingambit\n|-resisted|p1b: Kingambit|1\n|-damage|p1b: Kingambit|0 fnt\n|faint|p1b: Kingambit\n|\n|win|mxi50\n|raw|kenawii's rating: 1107 &rarr; <strong>1091</strong><br />(-16 for losing)\n|raw|mxi50's rating: 1231 &rarr; <strong>1247</strong><br />(+16 for winning)\n","uploadtime":1788218457,"views":"7","formatid":"gen9championsvgc2026regmbbo3","rating":1091,"private":0,"password":null}