{"id":"gen9championsvgc2026regmbbo3-2673662321","format":"[Gen 9 Champions] VGC 2026 Reg M-B (Bo3)","players":["eabbo","Dusk_Volca"],"log":"|j|☆eabbo\n|j|☆Dusk_Volca\n|html|<table width=\"100%\"><tr><td align=\"left\">eabbo</td><td align=\"right\">Dusk_Volca</tr><tr><td align=\"left\"><i class=\"fa fa-circle-o\"></i> <i class=\"fa fa-circle-o\"></i> </td><td align=\"right\"><i class=\"fa fa-circle-o\"></i> <i class=\"fa fa-circle\"></i> </tr></table>\n|uhtml|bestof|<h2><strong>Game 2</strong> of <a href=\"/game-bestof3-gen9championsvgc2026regmbbo3-2673661117\">a best-of-3</a></h2>\n|t:|1788229080\n|gametype|doubles\n|player|p1|eabbo|2|\n|player|p2|Dusk_Volca|roxanne-masters|\n|gen|9\n|tier|[Gen 9 Champions] VGC 2026 Reg M-B (Bo3)\n|rule|Species Clause: Limit one of each Pokémon\n|rule|Item Clause: Limit 1 of each item\n|clearpoke\n|poke|p1|Whimsicott, L50, M|\n|poke|p1|Garchomp, L50, F|\n|poke|p1|Basculegion, L50, M|\n|poke|p1|Kingambit, L50, F|\n|poke|p1|Sylveon, L50, M|\n|poke|p1|Charizard, L50, M|\n|poke|p2|Gardevoir, L50, F, shiny|\n|poke|p2|Basculegion, L50, M, shiny|\n|poke|p2|Talonflame, L50, F, shiny|\n|poke|p2|Maushold-Four, L50, shiny|\n|poke|p2|Kingambit, L50, F, shiny|\n|poke|p2|Kommo-o, L50, M, shiny|\n|teampreview|4\n|showteam|p1|Whimsicott||FocusSash|Prankster|Moonblast,Tailwind,Encore,Protect|Timid||M|||50|]Garchomp||LifeOrb|RoughSkin|DragonClaw,StompingTantrum,RockSlide,Protect|Adamant||F|||50|]Basculegion||ChoiceScarf|Adaptability|WaveCrash,LastRespects,AquaJet,FlipTurn|Adamant||M|||50|]Kingambit||ChopleBerry|Defiant|KowtowCleave,Protect,LowKick,SuckerPunch|Adamant||F|||50|]Sylveon||FairyFeather|Pixilate|HyperBeam,HyperVoice,QuickAttack,Protect|Calm||M|||50|]Charizard||CharizarditeY|Blaze|HeatWave,SolarBeam,WeatherBall,Protect|Bold||M|||50|\n|showteam|p2|Gardevoir||Gardevoirite|Synchronize|HyperVoice,Protect,Psychic,Thunderbolt|Modest||F|||50|]Basculegion||ChoiceScarf|Adaptability|AquaJet,FlipTurn,LastRespects,WaveCrash|Jolly||M|||50|]Talonflame||SharpBeak|GaleWings|DualWingbeat,FlareBlitz,Protect,Tailwind|Jolly||F|||50|]Maushold-Four||FocusSash|FriendGuard|Feint,FollowMe,Protect,SuperFang|Jolly|||||50|]Kingambit||ExpertBelt|Defiant|KowtowCleave,IronHead,LowKick,SuckerPunch|Jolly||F|||50|]Kommo-o||LifeOrb|Soundproof|AuraSphere,ClangingScales,DracoMeteor,Protect|Modest||M|||50|\n|\n|t:|1788229129\n|teamsize|p1|4\n|teamsize|p2|4\n|start\n|switch|p1a: Whimsicott|Whimsicott, L50, M|100/100\n|switch|p1b: Charizard|Charizard, L50, M|100/100\n|switch|p2a: Idol|Gardevoir, L50, F, shiny|100/100\n|switch|p2b: Pilot|Talonflame, L50, F, shiny|100/100\n|turn|1\n|\n|t:|1788229153\n|detailschange|p1b: Charizard|Charizard-Mega-Y, L50, M\n|-mega|p1b: Charizard|Charizard|Charizardite Y\n|-weather|SunnyDay|[from] ability: Drought|[of] p1b: Charizard\n|detailschange|p2a: Idol|Gardevoir-Mega, L50, F, shiny\n|-mega|p2a: Idol|Gardevoir|Gardevoirite\n|move|p2a: Idol|Protect|p2a: Idol\n|-singleturn|p2a: Idol|Protect\n|move|p2b: Pilot|Dual Wingbeat|p1a: Whimsicott\n|-supereffective|p1a: Whimsicott|1\n|-damage|p1a: Whimsicott|42/100\n|-supereffective|p1a: Whimsicott|1\n|-damage|p1a: Whimsicott|0 fnt\n|faint|p1a: Whimsicott\n|-hitcount|p1: Whimsicott|2\n|move|p1b: Charizard|Heat Wave|p2a: Idol|[spread] p2b\n|-activate|p2a: Idol|move: Protect\n|-resisted|p2b: Pilot|1\n|-damage|p2b: Pilot|53/100\n|\n|-weather|SunnyDay|[upkeep]\n|upkeep\n|\n|t:|1788229171\n|switch|p1a: Sylveon|Sylveon, L50, M|100/100\n|turn|2\n|\n|t:|1788229194\n|move|p2b: Pilot|Tailwind|p2b: Pilot\n|-sidestart|p2: Dusk_Volca|move: Tailwind\n|move|p2a: Idol|Hyper Voice|p1a: Sylveon|[spread] p1a,p1b\n|-resisted|p1b: Charizard|1\n|-damage|p1a: Sylveon|64/100\n|-damage|p1b: Charizard|76/100\n|move|p1b: Charizard|Heat Wave|p2a: Idol|[spread] p2a,p2b\n|-resisted|p2b: Pilot|1\n|-damage|p2a: Idol|45/100\n|-damage|p2b: Pilot|9/100\n|move|p1a: Sylveon|Hyper Voice|p2a: Idol|[spread] p2a,p2b\n|-resisted|p2b: Pilot|1\n|-crit|p2b: Pilot\n|-damage|p2a: Idol|5/100\n|-damage|p2b: Pilot|0 fnt\n|faint|p2b: Pilot\n|\n|-weather|SunnyDay|[upkeep]\n|upkeep\n|\n|t:|1788229213\n|switch|p2b: Expeditioner|Kommo-o, L50, M, shiny|100/100\n|turn|3\n|\n|t:|1788229232\n|move|p2b: Expeditioner|Protect|p2b: Expeditioner\n|-singleturn|p2b: Expeditioner|Protect\n|move|p1b: Charizard|Protect|p1b: Charizard\n|-singleturn|p1b: Charizard|Protect\n|move|p2a: Idol|Thunderbolt|p1b: Charizard\n|-activate|p1b: Charizard|move: Protect\n|move|p1a: Sylveon|Hyper Beam|p2b: Expeditioner\n|-activate|p2b: Expeditioner|move: Protect\n|\n|-weather|SunnyDay|[upkeep]\n|upkeep\n|turn|4\n|\n|t:|1788229250\n|switch|p2b: Sushi Chef|Basculegion, L50, M, shiny|100/100\n|switch|p1b: Kingambit|Kingambit, L50, F|100/100\n|move|p2a: Idol|Psychic|p1a: Sylveon\n|-damage|p1a: Sylveon|20/100y\n|move|p1a: Sylveon|Hyper Beam|p2b: Sushi Chef\n|-damage|p2b: Sushi Chef|0 fnt\n|-mustrecharge|p1a: Sylveon\n|faint|p2b: Sushi Chef\n|\n|-weather|SunnyDay|[upkeep]\n|upkeep\n|\n|t:|1788229260\n|switch|p2b: Expeditioner|Kommo-o, L50, M, shiny|100/100\n|turn|5\n|\n|t:|1788229282\n|move|p2a: Idol|Protect|p2a: Idol\n|-singleturn|p2a: Idol|Protect\n|move|p1b: Kingambit|Sucker Punch||[still]\n|-fail|p1b: Kingambit\n|move|p2b: Expeditioner|Aura Sphere|p1b: Kingambit\n|-supereffective|p1b: Kingambit|2\n|-enditem|p1b: Kingambit|Chople Berry|[eat]\n|-enditem|p1b: Kingambit|Chople Berry|[weaken]\n|-damage|p1b: Kingambit|19/100\n|-damage|p2b: Expeditioner|90/100|[from] item: Life Orb\n|cant|p1a: Sylveon|recharge\n|\n|-weather|none\n|-sideend|p2: Dusk_Volca|move: Tailwind\n|upkeep\n|turn|6\n|\n|t:|1788229329\n|move|p2a: Idol|Protect||[still]\n|-fail|p2a: Idol\n|move|p1a: Sylveon|Quick Attack|p2b: Expeditioner\n|-supereffective|p2b: Expeditioner|2\n|-damage|p2b: Expeditioner|34/100\n|move|p1b: Kingambit|Sucker Punch||[still]\n|-fail|p1b: Kingambit\n|move|p2b: Expeditioner|Aura Sphere|p1a: Sylveon\n|-resisted|p1a: Sylveon|1\n|-damage|p1a: Sylveon|3/100\n|-damage|p2b: Expeditioner|25/100|[from] item: Life Orb\n|\n|upkeep\n|turn|7\n|\n|t:|1788229344\n|move|p2b: Expeditioner|Protect|p2b: Expeditioner\n|-singleturn|p2b: Expeditioner|Protect\n|move|p1a: Sylveon|Quick Attack|p2b: Expeditioner\n|-activate|p2b: Expeditioner|move: Protect\n|move|p1b: Kingambit|Sucker Punch|p2a: Idol\n|-damage|p2a: Idol|0 fnt\n|faint|p2a: Idol\n|\n|upkeep\n|turn|8\n|\n|t:|1788229358\n|move|p1a: Sylveon|Quick Attack|p2b: Expeditioner\n|-supereffective|p2b: Expeditioner|2\n|-damage|p2b: Expeditioner|0 fnt\n|faint|p2b: Expeditioner\n|\n|win|eabbo\n||Dusk_Volca is ready for game 3.\n||eabbo is ready for game 3.\n|uhtml|next|Next: <a href=\"/battle-gen9championsvgc2026regmbbo3-2673664127\"><strong>Game 3 of 3</strong></a>\n","uploadtime":1788229601,"views":"12","formatid":"gen9championsvgc2026regmbbo3","rating":null,"private":0,"password":null}