{"id":"gen9championsvgc2026regmbbo3-2673961300","format":"[Gen 9 Champions] VGC 2026 Reg M-B (Bo3)","players":["magicalarcher57","s!dd_1"],"log":"|j|☆magicalarcher57\n|j|☆s!dd_1\n|html|<table width=\"100%\"><tr><td align=\"left\">magicalarcher57</td><td align=\"right\">s!dd_1</tr><tr><td align=\"left\"><i class=\"fa fa-circle\"></i> <i class=\"fa fa-circle-o\"></i> </td><td align=\"right\"><i class=\"fa fa-circle-o\"></i> <i class=\"fa fa-circle\"></i> </tr></table>\n|uhtml|bestof|<h2><strong>Game 3</strong> of <a href=\"/game-bestof3-gen9championsvgc2026regmbbo3-2673957564\">a best-of-3</a></h2>\n|t:|1788282147\n|gametype|doubles\n|player|p1|magicalarcher57|cynthia-masters|\n|player|p2|s!dd_1|olympia|\n|gen|9\n|tier|[Gen 9 Champions] VGC 2026 Reg M-B (Bo3)\n|rule|Species Clause: Limit one of each Pokémon\n|rule|Item Clause: Limit 1 of each item\n|raw|<div class=\"infobox\"><details class=\"readmore\"><summary><strong>39 custom rules:</strong></summary> +salamence, +salamencite, +rillaboom, +baxcalibur, +lucarionite-z, +absolite-z, +garchompite-z, +assault vest, !Obtainable, +power herb, +baxcalibrite, +glaive rush, +golisopod, +golisopite, +tatsugiri, +dondozo, +tatsugirinite, +order up, +choice band, +choice specs, +ursaluna, +ursaluna-bloodmoon, +flame orb, +toxic orb, +arctovish, +dracovish, +arctozolt, +dracozolt, +indeedee, +indeedee-f, +blood moon, +fishious rend, +bolt beak, +grassy seed, +psychic seed, +electric seed, +misty seed, +heatran, +heatranite</details></div>\n|clearpoke\n|poke|p1|Baxcalibur, L50|\n|poke|p1|Kingambit, L50|\n|poke|p1|Glimmora, L50|\n|poke|p1|Whimsicott, L50|\n|poke|p1|Garchomp, L50, shiny|\n|poke|p1|Charizard, L50, shiny|\n|poke|p2|Tyranitar-Mega, L50|\n|poke|p2|Excadrill, L50|\n|poke|p2|Rillaboom, L50|\n|poke|p2|Togekiss, L50|\n|poke|p2|Delphox-Mega, L50|\n|poke|p2|Milotic, L50|\n|teampreview|4\n|showteam|p1|Baxcalibur||Baxcalibrite|ThermalExchange|IcicleCrash,GlaiveRush,IceShard,Protect|Adamant|||||50|]Kingambit||BlackGlasses|Defiant|IronHead,KowtowCleave,SuckerPunch,Protect|Adamant|||||50|]Glimmora||PowerHerb|ToxicDebris|MeteorBeam,SpikyShield,SludgeBomb,EarthPower|Timid|||||50|]Whimsicott||FocusSash|Prankster|Tailwind,Moonblast,Encore,Protect|Timid|||||50|]Garchomp||LifeOrb|RoughSkin|DragonClaw,RockSlide,Earthquake,Protect|Jolly|||||50|]Charizard||CharizarditeY|Blaze|WeatherBall,SolarBeam,HeatWave,Protect|Modest|||||50|\n|showteam|p2|Tyranitar-Mega||Tyranitarite|SandStream|RockSlide,KnockOff,DragonDance,Protect|Adamant|||||50|]Excadrill||LifeOrb|SandRush|IronHead,HighHorsepower,RockSlide,Protect|Adamant|||||50|]Rillaboom||AssaultVest|GrassySurge|GrassyGlide,WoodHammer,Uturn,FakeOut|Adamant|||||50|]Togekiss||SitrusBerry|SuperLuck|Moonblast,FollowMe,Tailwind,Protect|Modest|||||50|]Delphox-Mega||Delphoxite|Levitate|HeatWave,Psyshock,NastyPlot,Protect|Timid|||||50|]Milotic||Leftovers|Competitive|Protect,Scald,IcyWind,IceBeam|Calm|||||50|\n|inactive|Battle timer is ON: inactive players will automatically lose when time's up. (requested by magicalarcher57)\n|inactive|s!dd_1 also wants the timer to be on.\n|j| shoccco❤\n|\n|t:|1788282161\n|teamsize|p1|4\n|teamsize|p2|4\n|start\n|switch|p1a: Garchomp|Garchomp, L50, shiny|100/100\n|switch|p1b: Whimsicott|Whimsicott, L50|100/100\n|switch|p2a: Tyranitar|Tyranitar-Mega, L50|100/100\n|switch|p2b: Excadrill|Excadrill, L50|100/100\n|-weather|Sandstorm|[from] ability: Sand Stream|[of] p2a: Tyranitar\n|turn|1\n|\n|t:|1788282174\n|switch|p2a: Rillaboom|Rillaboom, L50|100/100\n|-fieldstart|move: Grassy Terrain|[from] ability: Grassy Surge|[of] p2a: Rillaboom\n|move|p1b: Whimsicott|Tailwind|p1b: Whimsicott\n|-sidestart|p1: magicalarcher57|move: Tailwind\n|move|p1a: Garchomp|Earthquake|p2b: Excadrill|[spread] p1b,p2a,p2b\n|-resisted|p1b: Whimsicott|1\n|-resisted|p2a: Rillaboom|1\n|-supereffective|p2b: Excadrill|1\n|-damage|p1b: Whimsicott|81/100\n|-damage|p2a: Rillaboom|89/100\n|-damage|p2b: Excadrill|25/100\n|-damage|p1a: Garchomp|90/100|[from] item: Life Orb\n|move|p2b: Excadrill|Iron Head|p1b: Whimsicott\n|-supereffective|p1b: Whimsicott|1\n|-damage|p1b: Whimsicott|0 fnt\n|faint|p1b: Whimsicott\n|-damage|p2b: Excadrill|15/100|[from] item: Life Orb\n|\n|-weather|Sandstorm|[upkeep]\n|-damage|p2a: Rillaboom|83/100|[from] Sandstorm\n|-heal|p1a: Garchomp|96/100|[from] Grassy Terrain\n|-heal|p2b: Excadrill|21/100|[from] Grassy Terrain\n|-heal|p2a: Rillaboom|89/100|[from] Grassy Terrain\n|upkeep\n|j| Just-A-Colress\n|\n|t:|1788282188\n|switch|p1b: Kingambit|Kingambit, L50|100/100\n|turn|2\n|inactive|s!dd_1 has 30 seconds left.\n|\n|t:|1788282219\n|move|p2b: Excadrill|Protect|p2b: Excadrill\n|-singleturn|p2b: Excadrill|Protect\n|move|p1b: Kingambit|Sucker Punch||[still]\n|-fail|p1b: Kingambit\n|move|p1a: Garchomp|Dragon Claw|p2b: Excadrill\n|-activate|p2b: Excadrill|move: Protect\n|move|p2a: Rillaboom|U-turn|p1b: Kingambit\n|-damage|p1b: Kingambit|79/100\n|\n|t:|1788282226\n|switch|p2a: Togekiss|Togekiss, L50|100/100|[from] U-turn\n|\n|-weather|Sandstorm|[upkeep]\n|-damage|p2a: Togekiss|93/100|[from] Sandstorm\n|-heal|p1a: Garchomp|100/100|[from] Grassy Terrain\n|-heal|p2b: Excadrill|27/100|[from] Grassy Terrain\n|-heal|p1b: Kingambit|86/100|[from] Grassy Terrain\n|upkeep\n|turn|3\n|\n|t:|1788282237\n|switch|p2b: Rillaboom|Rillaboom, L50|89/100\n|move|p2a: Togekiss|Protect|p2a: Togekiss\n|-singleturn|p2a: Togekiss|Protect\n|move|p1a: Garchomp|Rock Slide|p2b: Rillaboom|[spread] p2b\n|-activate|p2a: Togekiss|move: Protect\n|-damage|p2b: Rillaboom|65/100\n|-damage|p1a: Garchomp|90/100|[from] item: Life Orb\n|move|p1b: Kingambit|Iron Head|p2a: Togekiss\n|-activate|p2a: Togekiss|move: Protect\n|\n|-weather|Sandstorm|[upkeep]\n|-damage|p2b: Rillaboom|59/100|[from] Sandstorm\n|-damage|p2a: Togekiss|87/100|[from] Sandstorm\n|-heal|p1a: Garchomp|96/100|[from] Grassy Terrain\n|-heal|p1b: Kingambit|92/100|[from] Grassy Terrain\n|-heal|p2b: Rillaboom|65/100|[from] Grassy Terrain\n|upkeep\n|turn|4\n|\n|t:|1788282249\n|move|p2b: Rillaboom|Fake Out|p1b: Kingambit\n|-resisted|p1b: Kingambit|1\n|-damage|p1b: Kingambit|86/100\n|move|p1a: Garchomp|Rock Slide|p2a: Togekiss|[spread] p2a,p2b\n|-supereffective|p2a: Togekiss|1\n|-damage|p2a: Togekiss|38/100\n|-damage|p2b: Rillaboom|42/100\n|-enditem|p2a: Togekiss|Sitrus Berry|[eat]\n|-heal|p2a: Togekiss|63/100|[from] item: Sitrus Berry\n|-damage|p1a: Garchomp|86/100|[from] item: Life Orb\n|cant|p1b: Kingambit|flinch\n|move|p2a: Togekiss|Moonblast|p1a: Garchomp\n|-supereffective|p1a: Garchomp|1\n|-damage|p1a: Garchomp|0 fnt\n|faint|p1a: Garchomp\n|\n|-weather|Sandstorm|[upkeep]\n|-damage|p2b: Rillaboom|37/100|[from] Sandstorm\n|-damage|p2a: Togekiss|57/100|[from] Sandstorm\n|-heal|p1b: Kingambit|92/100|[from] Grassy Terrain\n|-heal|p2b: Rillaboom|42/100|[from] Grassy Terrain\n|-sideend|p1: magicalarcher57|move: Tailwind\n|upkeep\n|\n|t:|1788282256\n|switch|p1a: Baxcalibur|Baxcalibur, L50|100/100\n|turn|5\n|c|☆s!dd_1|call me literate\n|c|☆s!dd_1|the way i be reading\n|c|☆magicalarcher57|lol\n|inactive|s!dd_1 has 30 seconds left.\n|\n|t:|1788282291\n|detailschange|p1a: Baxcalibur|Baxcalibur-Mega, L50\n|-mega|p1a: Baxcalibur|Baxcalibur|Baxcalibrite\n|move|p2a: Togekiss|Protect|p2a: Togekiss\n|-singleturn|p2a: Togekiss|Protect\n|move|p1a: Baxcalibur|Ice Shard|p2a: Togekiss\n|-activate|p2a: Togekiss|move: Protect\n|move|p2b: Rillaboom|Wood Hammer|p1a: Baxcalibur\n|-resisted|p1a: Baxcalibur|1\n|-damage|p1a: Baxcalibur|71/100\n|-damage|p2b: Rillaboom|32/100|[from] Recoil\n|move|p1b: Kingambit|Kowtow Cleave|p2b: Rillaboom\n|-damage|p2b: Rillaboom|0 fnt\n|faint|p2b: Rillaboom\n|\n|-weather|none\n|-heal|p1a: Baxcalibur|77/100|[from] Grassy Terrain\n|-heal|p1b: Kingambit|98/100|[from] Grassy Terrain\n|-fieldend|move: Grassy Terrain\n|upkeep\n|\n|t:|1788282299\n|switch|p2b: Excadrill|Excadrill, L50|27/100\n|turn|6\n|c|☆magicalarcher57|im gonna do something\n|c|☆magicalarcher57|wrong\n|c|☆magicalarcher57|but\n|inactive|s!dd_1 has 30 seconds left.\n|c|☆magicalarcher57|right\n|c|☆s!dd_1|its a 50/50 technically\n|c|☆magicalarcher57|well\n|inactive|s!dd_1 has 20 seconds left.\n|inactive|s!dd_1 has 15 seconds left.\n|c|☆magicalarcher57|25 25 25 25\n|\n|t:|1788282341\n|move|p2a: Togekiss|Follow Me|p2a: Togekiss\n|-singleturn|p2a: Togekiss|move: Follow Me\n|move|p1a: Baxcalibur|Ice Shard|p2a: Togekiss\n|-supereffective|p2a: Togekiss|1\n|-damage|p2a: Togekiss|0 fnt\n|faint|p2a: Togekiss\n|move|p2b: Excadrill|High Horsepower|p1b: Kingambit\n|-supereffective|p1b: Kingambit|1\n|-damage|p1b: Kingambit|0 fnt\n|faint|p1b: Kingambit\n|-damage|p2b: Excadrill|17/100|[from] item: Life Orb\n|\n|upkeep\n|\n|t:|1788282346\n|switch|p2a: Tyranitar|Tyranitar-Mega, L50|100/100\n|-weather|Sandstorm|[from] ability: Sand Stream|[of] p2a: Tyranitar\n|turn|7\n|c|☆magicalarcher57|gg\n|c|☆magicalarcher57|unless i tank and ohko\n|c|☆magicalarcher57|with glaive\n|\n|t:|1788282360\n|move|p2b: Excadrill|Protect|p2b: Excadrill\n|-singleturn|p2b: Excadrill|Protect\n|move|p2a: Tyranitar|Dragon Dance|p2a: Tyranitar\n|-boost|p2a: Tyranitar|atk|1\n|-boost|p2a: Tyranitar|spe|1\n|move|p1a: Baxcalibur|Glaive Rush|p2a: Tyranitar\n|-damage|p2a: Tyranitar|48/100\n|-singlemove|p1a: Baxcalibur|Glaive Rush|[silent]\n|\n|-weather|Sandstorm|[upkeep]\n|-damage|p1a: Baxcalibur|71/100|[from] Sandstorm\n|upkeep\n|turn|8\n|\n|t:|1788282368\n|move|p1a: Baxcalibur|Ice Shard|p2b: Excadrill\n|-damage|p2b: Excadrill|0 fnt\n|faint|p2b: Excadrill\n|move|p2a: Tyranitar|Rock Slide|p1a: Baxcalibur\n|-supereffective|p1a: Baxcalibur|1\n|-damage|p1a: Baxcalibur|0 fnt\n|faint|p1a: Baxcalibur\n|\n|win|s!dd_1\n","uploadtime":1788282369,"views":"0","formatid":"gen9championsvgc2026regmbbo3","rating":null,"private":0,"password":null}