{"id":"gen9championsvgc2026regmb-2674660544","format":"[Gen 9 Champions] VGC 2026 Reg M-B","players":["Spiderc","Swiftalu"],"log":"|j|☆Spiderc\n|j|☆Swiftalu\n|html|<table width=\"100%\"><tr><td align=\"left\">Spiderc</td><td align=\"right\">Swiftalu</tr><tr><td align=\"left\"><i class=\"fa fa-circle-o\"></i> <i class=\"fa fa-circle-o\"></i> </td><td align=\"right\"><i class=\"fa fa-circle-o\"></i> <i class=\"fa fa-circle-o\"></i> </tr></table>\n|uhtml|bestof|<h2><strong>Game 1</strong> of <a href=\"/game-bestof3-gen9championsvgc2026regmb-2674660543\">a best-of-3</a></h2>\n|t:|1788386587\n|gametype|doubles\n|player|p1|Spiderc|miku-ground|\n|player|p2|Swiftalu|rosa|\n|gen|9\n|tier|[Gen 9 Champions] VGC 2026 Reg M-B\n|rule|Species Clause: Limit one of each Pokémon\n|rule|Item Clause: Limit 1 of each item\n|raw|<div class=\"infobox\"><details class=\"readmore\" open><summary><strong>1 custom rule:</strong></summary> Best of = 3</details></div>\n|clearpoke\n|poke|p1|Sableye, L50, M|\n|poke|p1|Garchomp, L50, F|\n|poke|p1|Scovillain, L50, M|\n|poke|p1|Ninetales-Alola, L50, M|\n|poke|p1|Hippowdon, L50, M|\n|poke|p1|Corviknight, L50, M|\n|poke|p2|Charizard, L50, F|\n|poke|p2|Garchomp, L50, F|\n|poke|p2|Venusaur, L50, F|\n|poke|p2|Pelipper, L50, F|\n|poke|p2|Garganacl, L50, F|\n|poke|p2|Zoroark-Hisui, L50, F|\n|teampreview|4\n|inactive|Battle timer is ON: inactive players will automatically lose when time's up. (requested by Swiftalu)\nSpiderc rejected open team sheets.\n|inactive|Spiderc has 60 seconds left.\n|inactive|Swiftalu has 60 seconds left.\n|\n|t:|1788386632\n|teamsize|p1|4\n|teamsize|p2|4\n|start\n|switch|p1a: Trey|Sableye, L50, M|100/100\n|switch|p1b: Calescent|Scovillain, L50, M|100/100\n|switch|p2a: Charizard|Charizard, L50, F|100/100\n|switch|p2b: Garchomp|Garchomp, L50, F|100/100\n|turn|1\n|inactive|Swiftalu has 30 seconds left.\n|\n|t:|1788386666\n|move|p2a: Charizard|Protect|p2a: Charizard\n|-singleturn|p2a: Charizard|Protect\n|move|p1a: Trey|Gravity|p1a: Trey\n|-fieldstart|move: Gravity\n|move|p1b: Calescent|Thunder Fang|p2a: Charizard\n|-activate|p2a: Charizard|move: Protect\n|move|p2b: Garchomp|Taunt|p1a: Trey\n|-start|p1a: Trey|move: Taunt\n|\n|upkeep\n|turn|2\n|\n|t:|1788386686\n|switch|p1a: Redscar|Garchomp, L50, F|100/100\n|detailschange|p2a: Charizard|Charizard-Mega-Y, L50, F\n|-mega|p2a: Charizard|Charizard|Charizardite Y\n|-weather|SunnyDay|[from] ability: Drought|[of] p2a: Charizard\n|move|p1b: Calescent|Thunder Fang|p2a: Charizard\n|-supereffective|p2a: Charizard|1\n|-damage|p2a: Charizard|44/100\n|move|p2b: Garchomp|Icy Wind|p1b: Calescent|[spread] p1a,p1b\n|-supereffective|p1a: Redscar|2\n|-damage|p1a: Redscar|42/100\n|-damage|p1b: Calescent|77/100\n|-unboost|p1a: Redscar|spe|1\n|-unboost|p1b: Calescent|spe|1\n|move|p2a: Charizard|Heat Wave|p1b: Calescent|[spread] p1a,p1b\n|-resisted|p1a: Redscar|1\n|-damage|p1a: Redscar|11/100\n|-damage|p1b: Calescent|0 fnt\n|faint|p1b: Calescent\n|\n|-weather|SunnyDay|[upkeep]\n|upkeep\n|\n|t:|1788386708\n|switch|p1b: Trey|Sableye, L50, M|100/100\n|turn|3\n|\n|t:|1788386732\n|switch|p1a: Torreb|Hippowdon, L50, M|100/100\n|-weather|Sandstorm|[from] ability: Sand Stream|[of] p1a: Torreb\n|move|p1b: Trey|Will-O-Wisp|p2b: Garchomp\n|-status|p2b: Garchomp|brn\n|move|p2b: Garchomp|Icy Wind|p1b: Trey|[spread] p1a,p1b\n|-supereffective|p1a: Torreb|1\n|-damage|p1a: Torreb|70/100\n|-damage|p1b: Trey|84/100\n|-unboost|p1a: Torreb|spe|1\n|-unboost|p1b: Trey|spe|1\n|move|p2a: Charizard|Heat Wave|p1b: Trey|[spread] p1a,p1b\n|-damage|p1a: Torreb|28/100\n|-damage|p1b: Trey|43/100\n|-enditem|p1a: Torreb|Sitrus Berry|[eat]\n|-heal|p1a: Torreb|53/100|[from] item: Sitrus Berry\n|\n|-weather|Sandstorm|[upkeep]\n|-damage|p2b: Garchomp|93/100 brn|[from] Sandstorm\n|-damage|p2a: Charizard|37/100|[from] Sandstorm\n|-damage|p1b: Trey|37/100|[from] Sandstorm\n|-damage|p2b: Garchomp|87/100 brn|[from] brn\n|upkeep\n|turn|4\n|inactive|Spiderc has 30 seconds left.\n|inactive|Swiftalu has 30 seconds left.\n|\n|t:|1788386764\n|move|p1b: Trey|Pain Split|p2b: Garchomp\n|-sethp|p2b: Garchomp|65/100 brn|[from] move: Pain Split|[silent]\n|-sethp|p1b: Trey|55/100|[from] move: Pain Split\n|move|p2b: Garchomp|Icy Wind|p1a: Torreb|[spread] p1a,p1b\n|-supereffective|p1a: Torreb|1\n|-damage|p1a: Torreb|23/100\n|-damage|p1b: Trey|39/100\n|-unboost|p1a: Torreb|spe|1\n|-unboost|p1b: Trey|spe|1\n|move|p2a: Charizard|Heat Wave|p1a: Torreb|[spread] p1a,p1b\n|-damage|p1a: Torreb|0 fnt\n|-damage|p1b: Trey|0 fnt\n|faint|p1a: Torreb\n|faint|p1b: Trey\n|\n|-weather|Sandstorm|[upkeep]\n|-damage|p2b: Garchomp|59/100 brn|[from] Sandstorm\n|-damage|p2a: Charizard|31/100|[from] Sandstorm\n|-damage|p2b: Garchomp|53/100 brn|[from] brn\n|upkeep\n|\n|t:|1788386781\n|switch|p1b: Redscar|Garchomp, L50, F|11/100\n|turn|5\n|c|☆Spiderc|gg\n|\n|t:|1788386793\n|detailschange|p1b: Redscar|Garchomp-Mega, L50, F\n|-mega|p1b: Redscar|Garchomp|Garchompite\n|move|p2b: Garchomp|Icy Wind|p1b: Redscar\n|-supereffective|p1b: Redscar|2\n|-damage|p1b: Redscar|0 fnt\n|faint|p1b: Redscar\n|\n|win|Swiftalu\n||Swiftalu is ready for game 2.\n|inactive|Spiderc has 30 seconds to confirm battle start!\n||Spiderc is ready for game 2.\n|uhtml|next|Next: <a href=\"/battle-gen9championsvgc2026regmb-2674662092\"><strong>Game 2 of 3</strong></a>\n|j| grouchobarx\n|l|☆Spiderc\n|player|p1|\n","uploadtime":1788386799,"views":"8","formatid":"gen9championsvgc2026regmb","rating":null,"private":0,"password":null}