{"id":"gen9championsvgc2026regmbbo3-2674869554","format":"[Gen 9 Champions] VGC 2026 Reg M-B (Bo3)","players":["okkia3","garis55son"],"log":"|j|☆okkia3\n|j|☆garis55son\n|html|<table width=\"100%\"><tr><td align=\"left\">okkia3</td><td align=\"right\">garis55son</tr><tr><td align=\"left\"><i class=\"fa fa-circle-o\"></i> <i class=\"fa fa-circle-o\"></i> </td><td align=\"right\"><i class=\"fa fa-circle-o\"></i> <i class=\"fa fa-circle-o\"></i> </tr></table>\n|uhtml|bestof|<h2><strong>Game 1</strong> of <a href=\"/game-bestof3-gen9championsvgc2026regmbbo3-2674869553\">a best-of-3</a></h2>\n|t:|1788425472\n|gametype|doubles\n|player|p1|okkia3|102|1057\n|player|p2|garis55son|102|1000\n|gen|9\n|tier|[Gen 9 Champions] VGC 2026 Reg M-B (Bo3)\n|rated|\n|rule|Species Clause: Limit one of each Pokémon\n|rule|Item Clause: Limit 1 of each item\n|clearpoke\n|poke|p1|Charizard, L50, M|\n|poke|p1|Whimsicott, L50, F|\n|poke|p1|Basculegion, L50, M|\n|poke|p1|Farigiraf, L50, M|\n|poke|p1|Kangaskhan, L50, F|\n|poke|p1|Sneasler, L50, M|\n|poke|p2|Kingambit, L50, M|\n|poke|p2|Basculegion, L50, M|\n|poke|p2|Farigiraf, L50, F|\n|poke|p2|Whimsicott, L50, F|\n|poke|p2|Talonflame, L50, M|\n|poke|p2|Delphox, L50, F|\n|teampreview|4\n|showteam|p1|Charizard||CharizarditeY|SolarPower|WeatherBall,HeatWave,SolarBeam,Protect|Timid||M|||50|]Whimsicott||FocusSash|Prankster|Moonblast,Tailwind,SunnyDay,Encore|Timid||F|||50|]Basculegion||ChoiceScarf|Adaptability|WaveCrash,AquaJet,LastRespects,FlipTurn|Adamant||M|||50|]Farigiraf||SitrusBerry|ArmorTail|Psychic,HyperVoice,HelpingHand,TrickRoom|Modest||M|||50|]Kangaskhan||Kangaskhanite|Scrappy|FakeOut,DoubleEdge,DrainPunch,SuckerPunch|Adamant||F|||50|]Sneasler||WhiteHerb|Unburden|FakeOut,CloseCombat,DireClaw,RockTomb|Adamant||M|||50|\n|showteam|p2|Kingambit||BlackGlasses|Defiant|IronHead,KowtowCleave,SuckerPunch,SwordsDance|Adamant||M|||50|]Basculegion||ChoiceScarf|Adaptability|LastRespects,Crunch,FlipTurn,WaveCrash|Lonely||M|||50|]Farigiraf||Leftovers|ArmorTail|TrickRoom,HyperVoice,CalmMind,Protect|Quiet||F|||50|]Whimsicott||FocusSash|Prankster|EnergyBall,Moonblast,LightScreen,Protect|Timid||F|||50|]Talonflame||SharpBeak|GaleWings|DualWingbeat,FlareBlitz,Protect,Taunt|Jolly||M|||50|]Delphox||Delphoxite|Blaze|Psychic,DazzlingGleam,HeatWave,CalmMind|Modest||F|||50|\n|inactive|Battle timer is ON: inactive players will automatically lose when time's up. (requested by okkia3)\n|inactive|garis55son has 60 seconds left.\n|inactive|garis55son has 30 seconds left.\n|inactive|garis55son has 20 seconds left.\n|inactive|garis55son has 15 seconds left.\n|\n|t:|1788425552\n|teamsize|p1|4\n|teamsize|p2|4\n|start\n|switch|p1a: Basculegion|Basculegion, L50, M|100/100\n|switch|p1b: Kangaskhan|Kangaskhan, L50, F|100/100\n|switch|p2a: Basculegion|Basculegion, L50, M|100/100\n|switch|p2b: Kingambit|Kingambit, L50, M|100/100\n|turn|1\n|inactive|garis55son has 30 seconds left.\n|\n|t:|1788425584\n|switch|p1a: Farigiraf|Farigiraf, L50, M|100/100\n|move|p1b: Kangaskhan|Fake Out|p2b: Kingambit\n|-resisted|p2b: Kingambit|1\n|-damage|p2b: Kingambit|92/100\n|move|p2a: Basculegion|Flip Turn|p1b: Kangaskhan\n|-damage|p1b: Kangaskhan|49/100\n|inactive|garis55son has 30 seconds left.\n|inactive|garis55son has 20 seconds left.\n|\n|t:|1788425622\n|switch|p2a: Farigiraf|Farigiraf, L50, F|100/100|[from] Flip Turn\n|cant|p2b: Kingambit|flinch\n|\n|upkeep\n|turn|2\n|\n|t:|1788425643\n|detailschange|p1b: Kangaskhan|Kangaskhan-Mega, L50, F\n|-mega|p1b: Kangaskhan|Kangaskhan|Kangaskhanite\n|move|p1b: Kangaskhan|Sucker Punch||[still]\n|cant|p2a: Farigiraf|ability: Armor Tail|Sucker Punch|[of] p1b: Kangaskhan\n|move|p1a: Farigiraf|Hyper Voice|p2b: Kingambit|[spread] p2a,p2b\n|-resisted|p2b: Kingambit|1\n|-damage|p2a: Farigiraf|75/100\n|-damage|p2b: Kingambit|82/100\n|move|p2a: Farigiraf|Calm Mind|p2a: Farigiraf\n|-boost|p2a: Farigiraf|spa|1\n|-boost|p2a: Farigiraf|spd|1\n|move|p2b: Kingambit|Swords Dance|p2b: Kingambit\n|-boost|p2b: Kingambit|atk|2\n|\n|-heal|p2a: Farigiraf|81/100|[from] item: Leftovers\n|upkeep\n|turn|3\n|inactive|garis55son has 30 seconds left.\n|inactive|garis55son has 20 seconds left.\n|inactive|garis55son has 15 seconds left.\n|inactive|garis55son has 10 seconds left.\n|inactive|garis55son has 5 seconds left.\n|\n|t:|1788425698\n|move|p1b: Kangaskhan|Sucker Punch||[still]\n|cant|p2a: Farigiraf|ability: Armor Tail|Sucker Punch|[of] p1b: Kangaskhan\n|move|p1a: Farigiraf|Hyper Voice|p2a: Farigiraf|[spread] p2a,p2b\n|-resisted|p2b: Kingambit|1\n|-damage|p2a: Farigiraf|66/100\n|-damage|p2b: Kingambit|71/100\n|move|p2b: Kingambit|Iron Head|p1b: Kangaskhan\n|-damage|p1b: Kangaskhan|0 fnt\n|faint|p1b: Kangaskhan\n|move|p2a: Farigiraf|Trick Room|p2a: Farigiraf\n|-fieldstart|move: Trick Room|[of] p2a: Farigiraf\n|\n|-heal|p2a: Farigiraf|73/100|[from] item: Leftovers\n|upkeep\n|\n|t:|1788425698\n|switch|p1b: Basculegion|Basculegion, L50, M|100/100\n|turn|4\n|inactive|garis55son has 30 seconds left.\n|inactive|garis55son has 20 seconds left.\n|inactive|garis55son has 15 seconds left.\n|\n|t:|1788425739\n|switch|p1b: Sneasler|Sneasler, L50, M|100/100\n|move|p2b: Kingambit|Kowtow Cleave|p1b: Sneasler\n|-resisted|p1b: Sneasler|1\n|-damage|p1b: Sneasler|17/100\n|move|p1a: Farigiraf|Hyper Voice|p2a: Farigiraf|[spread] p2a,p2b\n|-resisted|p2b: Kingambit|1\n|-damage|p2a: Farigiraf|58/100\n|-damage|p2b: Kingambit|60/100\n|move|p2a: Farigiraf|Trick Room|p2a: Farigiraf\n|-fieldend|move: Trick Room\n|\n|-heal|p2a: Farigiraf|64/100|[from] item: Leftovers\n|upkeep\n|turn|5\n|\n|t:|1788425763\n|switch|p1a: Basculegion|Basculegion, L50, M|100/100\n|switch|p2b: Basculegion|Basculegion, L50, M|100/100\n|move|p1b: Sneasler|Close Combat|p2b: Basculegion\n|-immune|p2b: Basculegion\n|move|p2a: Farigiraf|Hyper Voice|p1a: Basculegion|[spread] p1b\n|-immune|p1a: Basculegion\n|-damage|p1b: Sneasler|0 fnt\n|faint|p1b: Sneasler\n|\n|-heal|p2a: Farigiraf|70/100|[from] item: Leftovers\n|upkeep\n|\n|t:|1788425763\n|switch|p1b: Farigiraf|Farigiraf, L50, M|100/100\n|turn|6\n|inactive|garis55son has 30 seconds left.\n|\n|t:|1788425793\n|move|p1a: Basculegion|Last Respects|p2b: Basculegion\n|-supereffective|p2b: Basculegion|1\n|-damage|p2b: Basculegion|0 fnt\n|faint|p2b: Basculegion\n|move|p2a: Farigiraf|Calm Mind|p2a: Farigiraf\n|-boost|p2a: Farigiraf|spa|1\n|-boost|p2a: Farigiraf|spd|1\n|move|p1b: Farigiraf|Trick Room|p1b: Farigiraf\n|-fieldstart|move: Trick Room|[of] p1b: Farigiraf\n|\n|-heal|p2a: Farigiraf|76/100|[from] item: Leftovers\n|upkeep\n|\n|t:|1788425801\n|switch|p2b: Kingambit|Kingambit, L50, M|60/100\n|turn|7\n|\n|t:|1788425812\n|move|p2b: Kingambit|Sucker Punch||[still]\n|cant|p1b: Farigiraf|ability: Armor Tail|Sucker Punch|[of] p2b: Kingambit\n|move|p2a: Farigiraf|Hyper Voice|p1a: Basculegion|[spread] p1b\n|-immune|p1a: Basculegion\n|-damage|p1b: Farigiraf|47/100\n|-enditem|p1b: Farigiraf|Sitrus Berry|[eat]\n|-heal|p1b: Farigiraf|72/100|[from] item: Sitrus Berry\n|move|p1b: Farigiraf|Hyper Voice|p2a: Farigiraf|[spread] p2a,p2b\n|-crit|p2a: Farigiraf\n|-resisted|p2b: Kingambit|1\n|-damage|p2a: Farigiraf|42/100\n|-damage|p2b: Kingambit|50/100g\n|move|p1a: Basculegion|Last Respects|p2b: Kingambit\n|-resisted|p2b: Kingambit|1\n|-damage|p2b: Kingambit|8/100\n|\n|-heal|p2a: Farigiraf|48/100|[from] item: Leftovers\n|upkeep\n|turn|8\n|inactive|garis55son has 30 seconds left.\n|\n|t:|1788425838\n|move|p2b: Kingambit|Kowtow Cleave|p1a: Basculegion\n|-supereffective|p1a: Basculegion|1\n|-damage|p1a: Basculegion|0 fnt\n|faint|p1a: Basculegion\n|move|p2a: Farigiraf|Hyper Voice|p1b: Farigiraf\n|-damage|p1b: Farigiraf|5/100\n|move|p1b: Farigiraf|Hyper Voice|p2a: Farigiraf|[spread] p2a,p2b\n|-resisted|p2b: Kingambit|1\n|-damage|p2a: Farigiraf|36/100\n|-damage|p2b: Kingambit|0 fnt\n|faint|p2b: Kingambit\n|\n|-heal|p2a: Farigiraf|42/100|[from] item: Leftovers\n|upkeep\n|\n|t:|1788425846\n|switch|p2b: Whimsicott|Whimsicott, L50, F|100/100\n|turn|9\n|\n|t:|1788425853\n|move|p2a: Farigiraf|Hyper Voice|p1b: Farigiraf\n|-damage|p1b: Farigiraf|0 fnt\n|faint|p1b: Farigiraf\n|\n|win|garis55son\n","uploadtime":1788425853,"views":"3","formatid":"gen9championsvgc2026regmbbo3","rating":null,"private":0,"password":null}