{"id":"gen9championsvgc2026regmb-2674609490","format":"[Gen 9 Champions] VGC 2026 Reg M-B","players":["KWORLD Work...","LOOPING THE ROOM"],"log":"|j|☆KWORLD Work...\n|j|☆LOOPING THE ROOM\n|t:|1788379870\n|gametype|doubles\n|player|p1|KWORLD Work...|supernerd|1176\n|player|p2|LOOPING THE ROOM|concordia|1151\n|gen|9\n|tier|[Gen 9 Champions] VGC 2026 Reg M-B\n|rated|\n|rule|Species Clause: Limit one of each Pokémon\n|rule|Item Clause: Limit 1 of each item\n|clearpoke\n|poke|p1|Dragapult, L50, M|\n|poke|p1|Kingambit, L50, F|\n|poke|p1|Talonflame, L50, M|\n|poke|p1|Meganium, L50, M|\n|poke|p1|Farigiraf, L50, F|\n|poke|p1|Aerodactyl, L50, M|\n|poke|p2|Dragapult, L50, F|\n|poke|p2|Mawile, L50, M|\n|poke|p2|Talonflame, L50, M|\n|poke|p2|Palafin, L50, M|\n|poke|p2|Venusaur, L50, M|\n|poke|p2|Kingambit, L50, F|\n|teampreview|4\n|inactive|Battle timer is ON: inactive players will automatically lose when time's up. (requested by LOOPING THE ROOM)\n|inactive|KWORLD Work... has 60 seconds left.\n|inactive|LOOPING THE ROOM has 60 seconds left.\n|inactive|KWORLD Work... has 30 seconds left.\n|inactive|KWORLD Work... has 20 seconds left.\n|inactive|KWORLD Work... has 15 seconds left.\n|\n|t:|1788379949\n|teamsize|p1|4\n|teamsize|p2|4\n|start\n|switch|p1a: Farigiraf|Farigiraf, L50, F|100/100\n|switch|p1b: Talonflame|Talonflame, L50, M|100/100\n|switch|p2a: Talonflame|Talonflame, L50, M|100/100\n|switch|p2b: Palafin|Palafin, L50, M|100/100\n|turn|1\n|inactive|KWORLD Work... has 30 seconds left.\n|\n|t:|1788379983\n|switch|p2a: Dragapult|Dragapult, L50, F|100/100\n|detailschange|p2b: Palafin|Palafin-Hero, L50, M\n|switch|p2b: Mawile|Mawile, L50, M|100/100\n|-ability|p2b: Mawile|Intimidate|boost\n|-unboost|p1a: Farigiraf|atk|1\n|-unboost|p1b: Talonflame|atk|1\n|move|p1b: Talonflame|Protect|p1b: Talonflame\n|-singleturn|p1b: Talonflame|Protect\n|move|p1a: Farigiraf|Thunderbolt|p2a: Dragapult\n|-resisted|p2a: Dragapult|1\n|-damage|p2a: Dragapult|83/100\n|\n|upkeep\n|turn|2\n|inactive|KWORLD Work... has 30 seconds left.\n|inactive|KWORLD Work... has 20 seconds left.\n|inactive|KWORLD Work... has 15 seconds left.\n|inactive|KWORLD Work... has 10 seconds left.\n|\n|t:|1788380030\n|switch|p1a: Meganium|Meganium, L50, M|100/100\n|detailschange|p2b: Mawile|Mawile-Mega, L50, M\n|-mega|p2b: Mawile|Mawile|Mawilite\n|move|p1b: Talonflame|Tailwind|p1b: Talonflame\n|-sidestart|p1: KWORLD Work...|move: Tailwind\n|move|p2a: Dragapult|Dragon Darts|p1b: Talonflame\n|-crit|p1b: Talonflame\n|-damage|p1b: Talonflame|43/100\n|-anim|p2a: Dragapult|Dragon Darts|p1a: Meganium\n|-damage|p1a: Meganium|74/100\n|move|p2b: Mawile|Swords Dance|p2b: Mawile\n|-boost|p2b: Mawile|atk|2\n|\n|upkeep\n|turn|3\n|inactive|KWORLD Work... has 30 seconds left.\n|\n|t:|1788380059\n|switch|p1b: Farigiraf|Farigiraf, L50, F|100/100\n|detailschange|p1a: Meganium|Meganium-Mega, L50, M\n|-mega|p1a: Meganium|Meganium|Meganiumite\n|move|p2b: Mawile|Protect|p2b: Mawile\n|-singleturn|p2b: Mawile|Protect\n|move|p1a: Meganium|Weather Ball|p2b: Mawile\n|-activate|p2b: Mawile|move: Protect\n|move|p2a: Dragapult|Phantom Force||[still]\n|-prepare|p2a: Dragapult|Phantom Force\n|\n|upkeep\n|turn|4\n|inactive|KWORLD Work... has 30 seconds left.\n|\n|t:|1788380087\n|switch|p2b: Talonflame|Talonflame, L50, M|100/100\n|move|p1a: Meganium|Weather Ball|p2b: Talonflame\n|-resisted|p2b: Talonflame|1\n|-damage|p2b: Talonflame|56/100\n|move|p2a: Dragapult|Phantom Force|p1b: Farigiraf|[from] lockedmove\n|-immune|p1b: Farigiraf\n|move|p1b: Farigiraf|Psychic|p2a: Dragapult\n|-damage|p2a: Dragapult|42/100\n|\n|upkeep\n|turn|5\n|inactive|KWORLD Work... has 30 seconds left.\n|inactive|LOOPING THE ROOM has 30 seconds left.\n|inactive|KWORLD Work... has 20 seconds left.\n|inactive|LOOPING THE ROOM has 20 seconds left.\n|\n|t:|1788380127\n|move|p1a: Meganium|Protect|p1a: Meganium\n|-singleturn|p1a: Meganium|Protect\n|move|p2a: Dragapult|Dragon Darts|p1b: Farigiraf\n|-damage|p1b: Farigiraf|81/100\n|-anim|p2a: Dragapult|Dragon Darts|p1b: Farigiraf\n|-crit|p1b: Farigiraf\n|-damage|p1b: Farigiraf|51/100\n|move|p2b: Talonflame|Acrobatics|p1a: Meganium\n|-activate|p1a: Meganium|move: Protect\n|move|p1b: Farigiraf|Thunderbolt|p2b: Talonflame\n|-supereffective|p2b: Talonflame|1\n|-damage|p2b: Talonflame|0 fnt\n|faint|p2b: Talonflame\n|\n|-sideend|p1: KWORLD Work...|move: Tailwind\n|upkeep\n|inactive|LOOPING THE ROOM has 30 seconds left.\n|\n|t:|1788380161\n|switch|p2b: Mawile|Mawile-Mega, L50, M|100/100\n|turn|6\n|inactive|KWORLD Work... has 30 seconds left.\n|\n|t:|1788380187\n|move|p2b: Mawile|Protect|p2b: Mawile\n|-singleturn|p2b: Mawile|Protect\n|move|p2a: Dragapult|Phantom Force||[still]\n|-prepare|p2a: Dragapult|Phantom Force\n|move|p1a: Meganium|Weather Ball|p2b: Mawile\n|-activate|p2b: Mawile|move: Protect\n|move|p1b: Farigiraf|Psychic|p2a: Dragapult|[miss]\n|-miss|p1b: Farigiraf|p2a: Dragapult\n|\n|upkeep\n|turn|7\n|inactive|LOOPING THE ROOM has 30 seconds left.\n|inactive|LOOPING THE ROOM has 20 seconds left.\n|inactive|LOOPING THE ROOM has 15 seconds left.\n|\n|t:|1788380228\n|move|p1b: Farigiraf|Ally Switch|p1b: Farigiraf\n|swap|p1b: Farigiraf|0|[from] move: Ally Switch\n|move|p2a: Dragapult|Phantom Force|p1a: Farigiraf|[from] lockedmove\n|-immune|p1a: Farigiraf\n|move|p1b: Meganium|Weather Ball|p2b: Mawile\n|-supereffective|p2b: Mawile|1\n|-damage|p2b: Mawile|0 fnt\n|faint|p2b: Mawile\n|\n|upkeep\n|\n|t:|1788380242\n|switch|p2b: Palafin|Palafin-Hero, L50, M|100/100\n|-activate|p2b: Palafin|ability: Zero to Hero\n|turn|8\n|inactive|KWORLD Work... has 30 seconds left.\n|inactive|KWORLD Work... has 20 seconds left.\n|inactive|KWORLD Work... has 15 seconds left.\n|inactive|KWORLD Work... has 10 seconds left.\n|\n|t:|1788380289\n|move|p2a: Dragapult|Phantom Force||[still]\n|-prepare|p2a: Dragapult|Phantom Force\n|move|p2b: Palafin|Ice Punch|p1b: Meganium\n|-supereffective|p1b: Meganium|1\n|-damage|p1b: Meganium|0 fnt\n|faint|p1b: Meganium\n|-damage|p2b: Palafin|90/100|[from] item: Life Orb\n|move|p1a: Farigiraf|Psychic|p2a: Dragapult|[miss]\n|-miss|p1a: Farigiraf|p2a: Dragapult\n|\n|upkeep\n|\n|t:|1788380305\n|switch|p1b: Talonflame|Talonflame, L50, M|43/100\n|turn|9\n|inactive|KWORLD Work... has 30 seconds left.\n|inactive|LOOPING THE ROOM has 30 seconds left.\n|\n|t:|1788380340\n|move|p1a: Farigiraf|Ally Switch|p1a: Farigiraf\n|swap|p1a: Farigiraf|1|[from] move: Ally Switch\n|move|p2a: Dragapult|Phantom Force|p1a: Talonflame|[from] lockedmove\n|-crit|p1a: Talonflame\n|-damage|p1a: Talonflame|0 fnt\n|faint|p1a: Talonflame\n|move|p2b: Palafin|Close Combat|p1b: Farigiraf\n|-damage|p1b: Farigiraf|0 fnt\n|-unboost|p2b: Palafin|def|1\n|-unboost|p2b: Palafin|spd|1\n|faint|p1b: Farigiraf\n|-damage|p2b: Palafin|80/100|[from] item: Life Orb\n|\n|upkeep\n|\n|t:|1788380359\n|switch|p1b: Dragapult|Dragapult, L50, M|100/100\n|turn|10\n|\n|t:|1788380381\n|move|p2b: Palafin|Jet Punch|p1b: Dragapult\n|-resisted|p1b: Dragapult|1\n|-damage|p1b: Dragapult|66/100\n|-damage|p2b: Palafin|71/100|[from] item: Life Orb\n|move|p1b: Dragapult|Dragon Darts|p2b: Palafin\n|-damage|p2b: Palafin|28/100\n|-anim|p1b: Dragapult|Dragon Darts|p2a: Dragapult\n|-supereffective|p2a: Dragapult|1\n|-damage|p2a: Dragapult|0 fnt\n|faint|p2a: Dragapult\n|\n|upkeep\n|turn|11\n|\n|t:|1788380394\n|move|p1b: Dragapult|Phantom Force||[still]\n|-prepare|p1b: Dragapult|Phantom Force\n|move|p2b: Palafin|Ice Punch|p1b: Dragapult|[miss]\n|-miss|p2b: Palafin|p1b: Dragapult\n|\n|upkeep\n|turn|12\n|\n|t:|1788380399\n|move|p1b: Dragapult|Phantom Force|p2b: Palafin|[from] lockedmove\n|-damage|p2b: Palafin|0 fnt\n|faint|p2b: Palafin\n|\n|win|KWORLD Work...\n|raw|KWORLD Work...'s rating: 1176 &rarr; <strong>1199</strong><br />(+23 for winning)\n|raw|LOOPING THE ROOM's rating: 1151 &rarr; <strong>1128</strong><br />(-23 for losing)\n|l|☆LOOPING THE ROOM\n|player|p2|\n|c|☆KWORLD Work...|gg\n","uploadtime":1788380420,"views":"1","formatid":"gen9championsvgc2026regmb","rating":1128,"private":0,"password":null}