{"id":"gen9championsvgc2026regmbbo3-2674335069","format":"[Gen 9 Champions] VGC 2026 Reg M-B (Bo3)","players":["minidani","copper233024"],"log":"|j|☆minidani\n|j|☆copper233024\n|html|<table width=\"100%\"><tr><td align=\"left\">minidani</td><td align=\"right\">copper233024</tr><tr><td align=\"left\"><i class=\"fa fa-circle-o\"></i> <i class=\"fa fa-circle-o\"></i> </td><td align=\"right\"><i class=\"fa fa-circle-o\"></i> <i class=\"fa fa-circle-o\"></i> </tr></table>\n|uhtml|bestof|<h2><strong>Game 1</strong> of <a href=\"/game-bestof3-gen9championsvgc2026regmbbo3-2674335068\">a best-of-3</a></h2>\n|t:|1788343522\n|gametype|doubles\n|player|p1|minidani|102|1000\n|player|p2|copper233024|hilda-wonderlauncher|1000\n|gen|9\n|tier|[Gen 9 Champions] VGC 2026 Reg M-B (Bo3)\n|rated|\n|rule|Species Clause: Limit one of each Pokémon\n|rule|Item Clause: Limit 1 of each item\n|clearpoke\n|poke|p1|Charizard, L50, M|\n|poke|p1|Venusaur, L50, M|\n|poke|p1|Garchomp, L50, M|\n|poke|p1|Farigiraf, L50, F|\n|poke|p1|Kingambit, L50, M|\n|poke|p1|Incineroar, L50, M|\n|poke|p2|Lucario, L50, F|\n|poke|p2|Ninetales-Alola, L50, M|\n|poke|p2|Garchomp, L50, M|\n|poke|p2|Basculegion, L50, M|\n|poke|p2|Rotom-Wash, L50|\n|poke|p2|Sinistcha-Masterpiece, L50|\n|teampreview|4\n|showteam|p1|Charizard||CharizarditeY|SolarPower|HeatWave,WeatherBall,HelpingHand,Protect|Bold||M|||50|]Venusaur||LifeOrb|Chlorophyll|LeafStorm,SludgeBomb,EarthPower,Protect|Modest||M|||50|]Garchomp||ChoiceScarf|RoughSkin|DragonClaw,Earthquake,RockSlide,StompingTantrum|Adamant||M|||50|]Farigiraf||SitrusBerry|ArmorTail|Psychic,Thunderbolt,HelpingHand,TrickRoom|Relaxed||F|||50|]Kingambit||ChopleBerry|Defiant|KowtowCleave,SuckerPunch,IronHead,LowKick|Adamant||M|||50|]Incineroar||Charcoal|Intimidate|FlareBlitz,ThroatChop,PartingShot,FakeOut|Adamant||M|||50|\n|showteam|p2|Lucario||Lucarionite|InnerFocus|Protect,ExtremeSpeed,MeteorMash,CloseCombat|Jolly||F|||50|]Ninetales-Alola||LightClay|SnowWarning|AuroraVeil,FreezeDry,Moonblast,Encore|Timid||M|||50|]Garchomp||FocusSash|RoughSkin|DragonClaw,RockSlide,Earthquake,Protect|Jolly||M|||50|]Basculegion||ChoiceScarf|Adaptability|LastRespects,AquaJet,WaveCrash,FlipTurn|Jolly||M|||50|]Rotom-Wash||SitrusBerry|Levitate|HydroPump,VoltSwitch,WillOWisp,Protect|Calm|||||50|]Sinistcha-Masterpiece||Leftovers|Hospitality|MatchaGotcha,Protect,RagePowder,ShadowBall|Bold|||||50|\n|j| missouri mott\n|inactive|Battle timer is ON: inactive players will automatically lose when time's up. (requested by minidani)\n|l| missouri mott\n|\n|t:|1788343570\n|teamsize|p1|4\n|teamsize|p2|4\n|start\n|switch|p1a: Charizard|Charizard, L50, M|100/100\n|switch|p1b: Venusaur|Venusaur, L50, M|100/100\n|switch|p2a: Garchomp|Garchomp, L50, M|100/100\n|switch|p2b: Rotom|Rotom-Wash, L50|100/100\n|turn|1\n|inactive|minidani has 30 seconds left.\n|\n|t:|1788343598\n|switch|p1a: Garchomp|Garchomp, L50, M|100/100\n|move|p2a: Garchomp|Rock Slide|p1b: Venusaur|[spread] p1a\n|-miss|p2a: Garchomp|p1b: Venusaur\n|-resisted|p1a: Garchomp|1\n|-damage|p1a: Garchomp|90/100\n|move|p1b: Venusaur|Leaf Storm|p2b: Rotom\n|-supereffective|p2b: Rotom|1\n|-damage|p2b: Rotom|0 fnt\n|-unboost|p1b: Venusaur|spa|2\n|faint|p2b: Rotom\n|-damage|p1b: Venusaur|90/100|[from] item: Life Orb\n|\n|upkeep\n|\n|t:|1788343615\n|switch|p2b: Lucario|Lucario, L50, F|100/100\n|turn|2\n|inactive|minidani has 30 seconds left.\n|inactive|copper233024 has 30 seconds left.\n|\n|t:|1788343649\n|detailschange|p2b: Lucario|Lucario-Mega, L50, F\n|-mega|p2b: Lucario|Lucario|Lucarionite\n|move|p2a: Garchomp|Protect|p2a: Garchomp\n|-singleturn|p2a: Garchomp|Protect\n|move|p1a: Garchomp|Dragon Claw|p2a: Garchomp\n|-activate|p2a: Garchomp|move: Protect\n|move|p2b: Lucario|Meteor Mash|p1a: Garchomp\n|-damage|p1a: Garchomp|29/100\n|-boost|p2b: Lucario|atk|1\n|-damage|p2b: Lucario|87/100|[from] ability: Rough Skin|[of] p1a: Garchomp\n|move|p1b: Venusaur|Earth Power|p2a: Garchomp\n|-activate|p2a: Garchomp|move: Protect\n|\n|upkeep\n|turn|3\n|inactive|copper233024 has 30 seconds left.\n|\n|t:|1788343683\n|switch|p1b: Kingambit|Kingambit, L50, M|100/100\n|move|p2b: Lucario|Extreme Speed|p1a: Garchomp\n|-crit|p1a: Garchomp\n|-damage|p1a: Garchomp|0 fnt\n|-damage|p2b: Lucario|75/100|[from] ability: Rough Skin|[of] p1a: Garchomp\n|faint|p1a: Garchomp\n|move|p2a: Garchomp|Dragon Claw|p1b: Kingambit\n|-resisted|p1b: Kingambit|1\n|-damage|p1b: Kingambit|85/100\n|\n|upkeep\n|\n|t:|1788343696\n|switch|p1a: Venusaur|Venusaur, L50, M|90/100\n|turn|4\n|inactive|copper233024 has 30 seconds left.\n|\n|t:|1788343722\n|move|p2b: Lucario|Close Combat|p1b: Kingambit\n|-supereffective|p1b: Kingambit|2\n|-enditem|p1b: Kingambit|Chople Berry|[eat]\n|-enditem|p1b: Kingambit|Chople Berry|[weaken]\n|-damage|p1b: Kingambit|0 fnt\n|-unboost|p2b: Lucario|def|1\n|-unboost|p2b: Lucario|spd|1\n|faint|p1b: Kingambit\n|move|p2a: Garchomp|Rock Slide|p1a: Venusaur\n|-damage|p1a: Venusaur|53/100\n|cant|p1a: Venusaur|flinch\n|\n|upkeep\n|\n|t:|1788343733\n|switch|p1b: Charizard|Charizard, L50, M|100/100\n|turn|5\n|\n|t:|1788343747\n|detailschange|p1b: Charizard|Charizard-Mega-Y, L50, M\n|-mega|p1b: Charizard|Charizard|Charizardite Y\n|-weather|SunnyDay|[from] ability: Drought|[of] p1b: Charizard\n|move|p1b: Charizard|Protect|p1b: Charizard\n|-singleturn|p1b: Charizard|Protect\n|move|p1a: Venusaur|Earth Power|p2b: Lucario\n|-supereffective|p2b: Lucario|1\n|-damage|p2b: Lucario|0 fnt\n|faint|p2b: Lucario\n|-damage|p1a: Venusaur|43/100|[from] item: Life Orb\n|move|p2a: Garchomp|Rock Slide|p1a: Venusaur|[spread] p1a\n|-activate|p1b: Charizard|move: Protect\n|-damage|p1a: Venusaur|19/100\n|\n|-weather|SunnyDay|[upkeep]\n|upkeep\n|\n|t:|1788343758\n|switch|p2b: Ninetales|Ninetales-Alola, L50, M|100/100\n|-weather|Snowscape|[from] ability: Snow Warning|[of] p2b: Ninetales\n|turn|6\n|\n|t:|1788343773\n|move|p2b: Ninetales|Aurora Veil|p2b: Ninetales\n|-sidestart|p2: copper233024|move: Aurora Veil\n|move|p2a: Garchomp|Rock Slide|p1b: Charizard|[spread] p1a,p1b\n|-supereffective|p1b: Charizard|2\n|-damage|p1a: Venusaur|0 fnt\n|-damage|p1b: Charizard|32/100\n|faint|p1a: Venusaur\n|move|p1b: Charizard|Weather Ball|p2a: Garchomp\n|-supereffective|p2a: Garchomp|2\n|-enditem|p2a: Garchomp|Focus Sash\n|-damage|p2a: Garchomp|1/100\n|\n|-weather|Snowscape|[upkeep]\n|upkeep\n|turn|7\n|\n|t:|1788343797\n|move|p2b: Ninetales|Freeze-Dry|p1b: Charizard\n|-damage|p1b: Charizard|8/100\n|move|p2a: Garchomp|Dragon Claw|p1b: Charizard\n|-damage|p1b: Charizard|0 fnt\n|faint|p1b: Charizard\n|\n|win|copper233024\n||minidani is ready for game 2.\n","uploadtime":1788343806,"views":"2","formatid":"gen9championsvgc2026regmbbo3","rating":null,"private":0,"password":null}