{"id":"gen9championsvgc2026regmb-2673877510","format":"[Gen 9 Champions] VGC 2026 Reg M-B","players":["KIRB12345!","Thornlace48812"],"log":"|j|☆KIRB12345!\n|j|☆Thornlace48812\n|t:|1788272016\n|gametype|doubles\n|player|p1|KIRB12345!|2|1171\n|player|p2|Thornlace48812|102|1099\n|gen|9\n|tier|[Gen 9 Champions] VGC 2026 Reg M-B\n|rated|\n|rule|Species Clause: Limit one of each Pokémon\n|rule|Item Clause: Limit 1 of each item\n|clearpoke\n|poke|p1|Tyranitar, L50, F, shiny|\n|poke|p1|Raichu, L50, M|\n|poke|p1|Excadrill, L50, F|\n|poke|p1|Weavile, L50, F|\n|poke|p1|Sinistcha-Masterpiece, L50|\n|poke|p1|Kingambit, L50, M|\n|poke|p2|Garchomp, L50, F|\n|poke|p2|Charizard, L50, F|\n|poke|p2|Whimsicott, L50, M|\n|poke|p2|Sylveon, L50, M|\n|poke|p2|Kingambit, L50, F|\n|poke|p2|Basculegion, L50, M|\n|teampreview|4\n|inactive|Battle timer is ON: inactive players will automatically lose when time's up. (requested by Thornlace48812)\nThornlace48812 rejected open team sheets.\n|\n|t:|1788272029\n|teamsize|p1|4\n|teamsize|p2|4\n|start\n|switch|p1a: Weavile|Weavile, L50, F|100/100\n|switch|p1b: Raichu|Raichu, L50, M|100/100\n|switch|p2a: Sylveon|Sylveon, L50, M|100/100\n|switch|p2b: Charizard|Charizard, L50, F|100/100\n|-ability|p1a: Weavile|Pressure\n|turn|1\n|\n|t:|1788272050\n|detailschange|p1b: Raichu|Raichu-Mega-Y, L50, M\n|-mega|p1b: Raichu|Raichu|Raichunite Y\n|detailschange|p2b: Charizard|Charizard-Mega-Y, L50, F\n|-mega|p2b: Charizard|Charizard|Charizardite Y\n|-weather|SunnyDay|[from] ability: Drought|[of] p2b: Charizard\n|move|p1a: Weavile|Fake Out|p2a: Sylveon\n|-damage|p2a: Sylveon|72/100\n|-damage|p1a: Weavile|90/100|[from] item: Life Orb\n|cant|p2a: Sylveon|flinch\n|move|p1b: Raichu|Zap Cannon|p2b: Charizard\n|-supereffective|p2b: Charizard|1\n|-damage|p2b: Charizard|0 fnt\n|faint|p2b: Charizard\n|\n|-weather|SunnyDay|[upkeep]\n|upkeep\n|\n|t:|1788272050\n|switch|p2b: Whimsicott|Whimsicott, L50, M|100/100\n|turn|2\n|\n|t:|1788272064\n|move|p2b: Whimsicott|Tailwind|p2b: Whimsicott\n|-sidestart|p2: Thornlace48812|move: Tailwind\n|move|p1a: Weavile|Ice Shard|p2b: Whimsicott\n|-supereffective|p2b: Whimsicott|1\n|-damage|p2b: Whimsicott|12/100\n|-damage|p1a: Weavile|80/100|[from] item: Life Orb\n|move|p1b: Raichu|Zap Cannon|p2a: Sylveon\n|-crit|p2a: Sylveon\n|-damage|p2a: Sylveon|0 fnt\n|faint|p2a: Sylveon\n|\n|-weather|SunnyDay|[upkeep]\n|upkeep\n|\n|t:|1788272064\n|switch|p2a: Basculegion|Basculegion, L50, M|100/100\n|turn|3\n|\n|t:|1788272070\n|switch|p1b: Tyranitar|Tyranitar, L50, F, shiny|100/100\n|-weather|Sandstorm|[from] ability: Sand Stream|[of] p1b: Tyranitar\n|move|p2b: Whimsicott|Encore|p1b: Tyranitar\n|-hint|Since gen 7, Dark is immune to Prankster moves.\n|-immune|p1b: Tyranitar\n|move|p1a: Weavile|Ice Shard|p2b: Whimsicott\n|-supereffective|p2b: Whimsicott|1\n|-damage|p2b: Whimsicott|0 fnt\n|faint|p2b: Whimsicott\n|-damage|p1a: Weavile|71/100|[from] item: Life Orb\n|move|p2a: Basculegion|Wave Crash|p1b: Tyranitar\n|-supereffective|p1b: Tyranitar|1\n|-damage|p1b: Tyranitar|0 fnt\n|faint|p1b: Tyranitar\n|-damage|p2a: Basculegion|68/100|[from] Recoil\n|\n|-weather|Sandstorm|[upkeep]\n|-damage|p2a: Basculegion|62/100|[from] Sandstorm\n|-damage|p1a: Weavile|65/100|[from] Sandstorm\n|upkeep\n|\n|t:|1788272073\n|switch|p1b: Kingambit|Kingambit, L50, M|100/100\n|turn|4\n|\n|t:|1788272077\n|move|p2a: Basculegion|Protect|p2a: Basculegion\n|-singleturn|p2a: Basculegion|Protect\n|move|p1b: Kingambit|Sucker Punch||[still]\n|-fail|p1b: Kingambit\n|move|p1a: Weavile|Knock Off|p2a: Basculegion\n|-activate|p2a: Basculegion|move: Protect\n|\n|-weather|Sandstorm|[upkeep]\n|-damage|p2a: Basculegion|56/100|[from] Sandstorm\n|-damage|p1a: Weavile|59/100|[from] Sandstorm\n|upkeep\n|turn|5\n|\n|t:|1788272081\n|move|p1b: Kingambit|Sucker Punch|p2a: Basculegion\n|-supereffective|p2a: Basculegion|1\n|-damage|p2a: Basculegion|0 fnt\n|faint|p2a: Basculegion\n|\n|win|KIRB12345!\n|raw|KIRB12345!'s rating: 1171 &rarr; <strong>1192</strong><br />(+21 for winning)\n|raw|Thornlace48812's rating: 1108 &rarr; <strong>1087</strong><br />(-21 for losing)\n","uploadtime":1788272081,"views":"4","formatid":"gen9championsvgc2026regmb","rating":1087,"private":0,"password":null}