{"id":"gen9championsvgc2026regmbbo3-2674670471","format":"[Gen 9 Champions] VGC 2026 Reg M-B (Bo3)","players":["kigokigo","dkelly1126"],"log":"|j|☆kigokigo\n|j|☆dkelly1126\n|html|<table width=\"100%\"><tr><td align=\"left\">kigokigo</td><td align=\"right\">dkelly1126</tr><tr><td align=\"left\"><i class=\"fa fa-circle-o\"></i> <i class=\"fa fa-circle-o\"></i> </td><td align=\"right\"><i class=\"fa fa-circle-o\"></i> <i class=\"fa fa-circle-o\"></i> </tr></table>\n|uhtml|bestof|<h2><strong>Game 1</strong> of <a href=\"/game-bestof3-gen9championsvgc2026regmbbo3-2674670470\">a best-of-3</a></h2>\n|t:|1788388051\n|gametype|doubles\n|player|p1|kigokigo|1|1081\n|player|p2|dkelly1126|101|1205\n|gen|9\n|tier|[Gen 9 Champions] VGC 2026 Reg M-B (Bo3)\n|rated|\n|rule|Species Clause: Limit one of each Pokémon\n|rule|Item Clause: Limit 1 of each item\n|clearpoke\n|poke|p1|Staraptor, L50, M|\n|poke|p1|Whimsicott, L50, M|\n|poke|p1|Incineroar, L50, F|\n|poke|p1|Grimmsnarl, L50, M|\n|poke|p1|Clefable, L50, F|\n|poke|p1|Raichu, L50, M|\n|poke|p2|Blastoise, L50, M|\n|poke|p2|Delphox, L50, M|\n|poke|p2|Sinistcha-Masterpiece, L50|\n|poke|p2|Sneasler, L50, F|\n|poke|p2|Kingambit, L50, M|\n|poke|p2|Incineroar, L50, M|\n|teampreview|4\n|showteam|p1|Staraptor||Staraptite|Intimidate|CloseCombat,DualWingbeat,Roost,Protect|Jolly||M|||50|]Whimsicott||FocusSash|Prankster|Charm,Encore,Safeguard,Protect|Bold||M|||50|]Incineroar||SitrusBerry|Intimidate|PartingShot,FlareBlitz,Snarl,FakeOut|Calm||F|||50|]Grimmsnarl||LightClay|Prankster|LightScreen,Reflect,PartingShot,SpiritBreak|Calm||M|||50|]Clefable||Leftovers|Unaware|FollowMe,Moonlight,Charm,CosmicPower|Calm||F|||50|]Raichu||ShucaBerry|LightningRod|Charm,Encore,Protect,VoltSwitch|Timid||M|||50|\n|showteam|p2|Blastoise||Blastoisinite|RainDish|WaterSpout,DarkPulse,ShellSmash,Protect|Modest||M|||50|]Delphox||Delphoxite|Blaze|HeatWave,Psychic,NastyPlot,Protect|Timid||M|||50|]Sinistcha-Masterpiece||ColburBerry|Hospitality|MatchaGotcha,RagePowder,TrickRoom,Protect|Bold|||||50|]Sneasler||FocusSash|PoisonTouch|FakeOut,PoisonJab,CloseCombat,QuickGuard|Jolly||F|||50|]Kingambit||LifeOrb|Defiant|KowtowCleave,SuckerPunch,SwordsDance,Protect|Adamant||M|||50|]Incineroar||SitrusBerry|Intimidate|FakeOut,FlareBlitz,ThroatChop,PartingShot|Careful||M|||50|\n|\n|t:|1788388126\n|teamsize|p1|4\n|teamsize|p2|4\n|start\n|switch|p1a: Grimmsnarl|Grimmsnarl, L50, M|100/100\n|switch|p1b: Incineroar|Incineroar, L50, F|100/100\n|switch|p2a: Delphox|Delphox, L50, M|100/100\n|switch|p2b: Sneasler|Sneasler, L50, F|100/100\n|-ability|p1b: Incineroar|Intimidate|boost\n|-unboost|p2a: Delphox|atk|1\n|-unboost|p2b: Sneasler|atk|1\n|turn|1\n|\n|t:|1788388190\n|detailschange|p2a: Delphox|Delphox-Mega, L50, M\n|-mega|p2a: Delphox|Delphox|Delphoxite\n|move|p2b: Sneasler|Fake Out|p1b: Incineroar\n|-damage|p1b: Incineroar|92/100\n|move|p1a: Grimmsnarl|Light Screen|p1a: Grimmsnarl\n|-sidestart|p1: kigokigo|move: Light Screen\n|move|p2a: Delphox|Nasty Plot|p2a: Delphox\n|-boost|p2a: Delphox|spa|2\n|cant|p1b: Incineroar|flinch\n|\n|upkeep\n|turn|2\n|\n|t:|1788388205\n|move|p2a: Delphox|Protect|p2a: Delphox\n|-singleturn|p2a: Delphox|Protect\n|move|p1a: Grimmsnarl|Reflect|p1a: Grimmsnarl\n|-sidestart|p1: kigokigo|Reflect\n|move|p2b: Sneasler|Poison Jab|p1a: Grimmsnarl\n|-supereffective|p1a: Grimmsnarl|1\n|-damage|p1a: Grimmsnarl|53/100\n|-status|p1a: Grimmsnarl|psn|[from] ability: Poison Touch|[of] p2b: Sneasler\n|move|p1b: Incineroar|Snarl|p2a: Delphox|[spread] p2b\n|-activate|p2a: Delphox|move: Protect\n|-resisted|p2b: Sneasler|1\n|-crit|p2b: Sneasler\n|-damage|p2b: Sneasler|87/100\n|-unboost|p2b: Sneasler|spa|1\n|\n|-damage|p1a: Grimmsnarl|41/100 psn|[from] psn\n|upkeep\n|turn|3\n|\n|t:|1788388222\n|move|p2a: Delphox|Heat Wave|p1b: Incineroar|[spread] p1a,p1b\n|-resisted|p1b: Incineroar|1\n|-damage|p1a: Grimmsnarl|0 fnt\n|-damage|p1b: Incineroar|71/100\n|faint|p1a: Grimmsnarl\n|move|p2b: Sneasler|Close Combat|p1b: Incineroar\n|-supereffective|p1b: Incineroar|1\n|-damage|p1b: Incineroar|21/100\n|-unboost|p2b: Sneasler|def|1\n|-unboost|p2b: Sneasler|spd|1\n|-status|p1b: Incineroar|psn|[from] ability: Poison Touch|[of] p2b: Sneasler\n|-enditem|p1b: Incineroar|Sitrus Berry|[eat]\n|-heal|p1b: Incineroar|46/100 psn|[from] item: Sitrus Berry\n|move|p1b: Incineroar|Snarl|p2a: Delphox|[spread] p2a,p2b\n|-supereffective|p2a: Delphox|1\n|-resisted|p2b: Sneasler|1\n|-damage|p2a: Delphox|79/100\n|-damage|p2b: Sneasler|75/100\n|-unboost|p2a: Delphox|spa|1\n|-unboost|p2b: Sneasler|spa|1\n|\n|-damage|p1b: Incineroar|33/100 psn|[from] psn\n|upkeep\n|\n|t:|1788388242\n|switch|p1a: Whimsicott|Whimsicott, L50, M|100/100\n|turn|4\n|\n|t:|1788388256\n|move|p1a: Whimsicott|Protect|p1a: Whimsicott\n|-singleturn|p1a: Whimsicott|Protect\n|move|p2a: Delphox|Protect|p2a: Delphox\n|-singleturn|p2a: Delphox|Protect\n|move|p2b: Sneasler|Poison Jab|p1a: Whimsicott\n|-activate|p1a: Whimsicott|move: Protect\n|move|p1b: Incineroar|Parting Shot|p2a: Delphox\n|-activate|p2a: Delphox|move: Protect\n|\n|-damage|p1b: Incineroar|21/100 psn|[from] psn\n|upkeep\n|turn|5\n|\n|t:|1788388281\n|switch|p2a: Incineroar|Incineroar, L50, M|100/100\n|-ability|p2a: Incineroar|Intimidate|boost\n|-unboost|p1a: Whimsicott|atk|1\n|-unboost|p1b: Incineroar|atk|1\n|move|p1a: Whimsicott|Encore|p2a: Incineroar\n|-hint|Since gen 7, Dark is immune to Prankster moves.\n|-immune|p2a: Incineroar\n|move|p2b: Sneasler|Poison Jab|p1a: Whimsicott\n|-supereffective|p1a: Whimsicott|2\n|-damage|p1a: Whimsicott|35/100\n|-status|p1a: Whimsicott|psn|[from] ability: Poison Touch|[of] p2b: Sneasler\n|move|p1b: Incineroar|Parting Shot|p2b: Sneasler\n|-unboost|p2b: Sneasler|atk|1\n|-unboost|p2b: Sneasler|spa|1\n|\n|t:|1788388293\n|switch|p1b: Staraptor|Staraptor, L50, M|100/100|[from] Parting Shot\n|-ability|p1b: Staraptor|Intimidate|boost\n|-unboost|p2a: Incineroar|atk|1\n|-unboost|p2b: Sneasler|atk|1\n|\n|-damage|p1a: Whimsicott|23/100 psn|[from] psn\n|upkeep\n|turn|6\n|\n|t:|1788388312\n|switch|p2b: Delphox|Delphox-Mega, L50, M|79/100\n|detailschange|p1b: Staraptor|Staraptor-Mega, L50, M\n|-mega|p1b: Staraptor|Staraptor|Staraptite\n|move|p2a: Incineroar|Fake Out|p1b: Staraptor\n|-damage|p1b: Staraptor|94/100\n|move|p1a: Whimsicott|Charm|p1b: Staraptor\n|-boost|p1b: Staraptor|atk|2\n|cant|p1b: Staraptor|flinch\n|\n|-damage|p1a: Whimsicott|11/100 psn|[from] psn\n|upkeep\n|turn|7\n|\n|t:|1788388341\n|switch|p2a: Sinistcha|Sinistcha-Masterpiece, L50|100/100\n|-heal|p2b: Delphox|100/100|[from] ability: Hospitality|[of] p2a: Sinistcha\n|move|p2b: Delphox|Protect|p2b: Delphox\n|-singleturn|p2b: Delphox|Protect\n|move|p1b: Staraptor|Protect|p1b: Staraptor\n|-singleturn|p1b: Staraptor|Protect\n|move|p1a: Whimsicott|Safeguard|p1a: Whimsicott\n|-sidestart|p1: kigokigo|Safeguard\n|\n|-damage|p1a: Whimsicott|0 fnt|[from] psn\n|faint|p1a: Whimsicott\n|upkeep\n|\n|t:|1788388351\n|switch|p1a: Incineroar|Incineroar, L50, F|21/100 psn\n|-ability|p1a: Incineroar|Intimidate|boost\n|-unboost|p2a: Sinistcha|atk|1\n|-unboost|p2b: Delphox|atk|1\n|turn|8\n|\n|t:|1788388363\n|switch|p2b: Sneasler|Sneasler, L50, F|75/100\n|move|p2a: Sinistcha|Protect|p2a: Sinistcha\n|-singleturn|p2a: Sinistcha|Protect\n|move|p1a: Incineroar|Fake Out|p2b: Sneasler\n|-damage|p2b: Sneasler|59/100\n|move|p1b: Staraptor|Dual Wingbeat|p2a: Sinistcha\n|-activate|p2a: Sinistcha|move: Protect\n|\n|-damage|p1a: Incineroar|8/100 psn|[from] psn\n|-sideend|p1: kigokigo|move: Light Screen\n|upkeep\n|turn|9\n|-message|kigokigo forfeited.\n|\n|win|dkelly1126\n|l|☆kigokigo\n|player|p1|\n||kigokigo is ready for game 2.\n","uploadtime":1788388375,"views":"9","formatid":"gen9championsvgc2026regmbbo3","rating":null,"private":0,"password":null}