{"id":"gen9championsvgc2026regmb-2674377225","format":"[Gen 9 Champions] VGC 2026 Reg M-B","players":["Jakel69","zoro1921"],"log":"|j|☆Jakel69\n|j|☆zoro1921\n|t:|1788351605\n|gametype|doubles\n|player|p1|Jakel69|steven|1277\n|player|p2|zoro1921|266|1350\n|gen|9\n|tier|[Gen 9 Champions] VGC 2026 Reg M-B\n|rated|\n|rule|Species Clause: Limit one of each Pokémon\n|rule|Item Clause: Limit 1 of each item\n|clearpoke\n|poke|p1|Floette-Eternal, L50, F|\n|poke|p1|Sneasler, L50, F|\n|poke|p1|Basculegion, L50, M|\n|poke|p1|Dragonite, L50, M|\n|poke|p1|Garchomp, L50, M|\n|poke|p1|Kingambit, L50, M, shiny|\n|poke|p2|Raichu, L50, M|\n|poke|p2|Staraptor, L50, F|\n|poke|p2|Sylveon, L50, M|\n|poke|p2|Kingambit, L50, M|\n|poke|p2|Farigiraf, L50, M|\n|poke|p2|Arcanine-Hisui, L50, M|\n|teampreview|4\n|\n|t:|1788351651\n|teamsize|p1|4\n|teamsize|p2|4\n|start\n|switch|p1a: Sneasler|Sneasler, L50, F|100/100\n|switch|p1b: Kingambit|Kingambit, L50, M, shiny|100/100\n|switch|p2a: Sylveon|Sylveon, L50, M|100/100\n|switch|p2b: Farigiraf|Farigiraf, L50, M|100/100\n|turn|1\n|\n|t:|1788351683\n|move|p1a: Sneasler|Dire Claw|p2a: Sylveon\n|-supereffective|p2a: Sylveon|1\n|-damage|p2a: Sylveon|0 fnt\n|faint|p2a: Sylveon\n|move|p2b: Farigiraf|Psychic|p1a: Sneasler\n|-supereffective|p1a: Sneasler|2\n|-enditem|p1a: Sneasler|Focus Sash\n|-damage|p1a: Sneasler|1/100\n|move|p1b: Kingambit|Iron Head|p2b: Farigiraf\n|-damage|p2b: Farigiraf|58/100\n|\n|upkeep\n|\n|t:|1788351694\n|switch|p2a: Arcanine|Arcanine-Hisui, L50, M|100/100\n|turn|2\n|inactive|Battle timer is ON: inactive players will automatically lose when time's up. (requested by Jakel69)\n|\n|t:|1788351722\n|move|p2a: Arcanine|Flare Blitz|p1b: Kingambit\n|-supereffective|p1b: Kingambit|1\n|-damage|p1b: Kingambit|10/100\n|move|p1a: Sneasler|Close Combat|p2a: Arcanine\n|-supereffective|p2a: Arcanine|1\n|-damage|p2a: Arcanine|0 fnt\n|-unboost|p1a: Sneasler|def|1\n|-unboost|p1a: Sneasler|spd|1\n|faint|p2a: Arcanine\n|move|p2b: Farigiraf|Hyper Voice|p1a: Sneasler|[spread] p1a,p1b\n|-resisted|p1b: Kingambit|1\n|-damage|p1a: Sneasler|0 fnt\n|-damage|p1b: Kingambit|0 fnt\n|faint|p1a: Sneasler\n|faint|p1b: Kingambit\n|\n|upkeep\n|\n|t:|1788351740\n|switch|p1a: Basculegion|Basculegion, L50, M|100/100\n|switch|p2a: Staraptor|Staraptor, L50, F|100/100\n|switch|p1b: Floette|Floette-Eternal, L50, F|100/100\n|-ability|p2a: Staraptor|Intimidate|boost\n|-unboost|p1a: Basculegion|atk|1\n|-unboost|p1b: Floette|atk|1\n|turn|3\n|inactive|Jakel69 has 30 seconds left.\n|\n|t:|1788351767\n|move|p1b: Floette|Protect|p1b: Floette\n|-singleturn|p1b: Floette|Protect\n|move|p2a: Staraptor|Protect|p2a: Staraptor\n|-singleturn|p2a: Staraptor|Protect\n|move|p1a: Basculegion|Wave Crash|p2b: Farigiraf\n|-damage|p2b: Farigiraf|0 fnt\n|faint|p2b: Farigiraf\n|-damage|p1a: Basculegion|77/100|[from] Recoil\n|-damage|p1a: Basculegion|68/100|[from] item: Life Orb\n|\n|upkeep\n|turn|4\n|\n|t:|1788351788\n|detailschange|p1b: Floette|Floette-Mega, L50, F\n|-mega|p1b: Floette|Floette|Floettite\n|-ability|p1b: Floette|Fairy Aura\n|detailschange|p2a: Staraptor|Staraptor-Mega, L50, F\n|-mega|p2a: Staraptor|Staraptor|Staraptite\n|move|p1a: Basculegion|Aqua Jet|p2a: Staraptor\n|-damage|p2a: Staraptor|76/100\n|-damage|p1a: Basculegion|58/100|[from] item: Life Orb\n|move|p1b: Floette|Light of Ruin|p2a: Staraptor|[miss]\n|-miss|p1b: Floette|p2a: Staraptor\n|move|p2a: Staraptor|Brave Bird|p1b: Floette\n|-damage|p1b: Floette|17/100\n|-damage|p2a: Staraptor|54/100|[from] Recoil\n|\n|upkeep\n|turn|5\n|inactive|Jakel69 has 30 seconds left.\n|\n|t:|1788351814\n|move|p1b: Floette|Moonblast|p2a: Staraptor\n|-supereffective|p2a: Staraptor|1\n|-damage|p2a: Staraptor|0 fnt\n|faint|p2a: Staraptor\n|\n|win|Jakel69\n|raw|Jakel69's rating: 1277 &rarr; <strong>1307</strong><br />(+30 for winning)\n|raw|zoro1921's rating: 1350 &rarr; <strong>1326</strong><br />(-24 for losing)\n|l|☆zoro1921\n|player|p2|\n","uploadtime":1788351996,"views":"10","formatid":"gen9championsvgc2026regmb","rating":1307,"private":0,"password":null}