{"id":"gen9championsvgc2026regmbbo3-2674447361","format":"[Gen 9 Champions] VGC 2026 Reg M-B (Bo3)","players":["Infinity7410","looger02"],"log":"|j|☆Infinity7410\n|j|☆looger02\n|html|<table width=\"100%\"><tr><td align=\"left\">Infinity7410</td><td align=\"right\">looger02</tr><tr><td align=\"left\"><i class=\"fa fa-circle\"></i> <i class=\"fa fa-circle-o\"></i> </td><td align=\"right\"><i class=\"fa fa-circle-o\"></i> <i class=\"fa fa-circle-o\"></i> </tr></table>\n|uhtml|bestof|<h2><strong>Game 2</strong> of <a href=\"/game-bestof3-gen9championsvgc2026regmbbo3-2674443656\">a best-of-3</a></h2>\n|t:|1788360922\n|gametype|doubles\n|player|p1|Infinity7410|1|1133\n|player|p2|looger02|gardenia|1071\n|gen|9\n|tier|[Gen 9 Champions] VGC 2026 Reg M-B (Bo3)\n|rated|\n|rule|Species Clause: Limit one of each Pokémon\n|rule|Item Clause: Limit 1 of each item\n|clearpoke\n|poke|p1|Whimsicott, L50, M, shiny|\n|poke|p1|Charizard, L50, M, shiny|\n|poke|p1|Kingambit, L50, M, shiny|\n|poke|p1|Basculegion, L50, M, shiny|\n|poke|p1|Garchomp, L50, M|\n|poke|p1|Floette-Eternal, L50, F|\n|poke|p2|Gyarados, L50, F, shiny|\n|poke|p2|Sinistcha, L50|\n|poke|p2|Weavile, L50, F|\n|poke|p2|Toxapex, L50, F, shiny|\n|poke|p2|Metagross, L50, shiny|\n|poke|p2|Kommo-o, L50, F, shiny|\n|teampreview|4\n|showteam|p1|Whimsicott||FocusSash|Prankster|Encore,Tailwind,Protect,Moonblast|Timid||M|||50|]Charizard||CharizarditeY|Blaze|WeatherBall,Protect,AncientPower,SolarBeam|Timid||M|||50|]Kingambit||OccaBerry|Defiant|SuckerPunch,IronHead,KowtowCleave,LowKick|Adamant||M|||50|]Basculegion||LifeOrb|Adaptability|WaveCrash,AquaJet,Protect,LastRespects|Adamant||M|||50|]Garchomp||SitrusBerry|RoughSkin|Protect,Earthquake,RockSlide,DragonClaw|Jolly||M|||50|]Floette-Eternal||Floettite|FlowerVeil|Protect,CalmMind,DazzlingGleam,LightofRuin|Modest||F|||50|\n|showteam|p2|Gyarados||Gyaradosite|Intimidate|Waterfall,LashOut,DragonDance,Protect|Adamant||F|||50|]Sinistcha||SitrusBerry|Hospitality|MatchaGotcha,RagePowder,StrengthSap,Protect|Calm|||||50|]Weavile||FocusSash|Pickpocket|FakeOut,KnockOff,TripleAxel,Protect|Jolly||F|||50|]Toxapex||Leftovers|Regenerator|Infestation,Toxic,BanefulBunker,WideGuard|Bold||F|||50|]Metagross||Metagrossite|ClearBody|PsychicFangs,BodyPress,BulletPunch,Protect|Jolly|||||50|]Kommo-o||HabanBerry|Bulletproof|AuraSphere,ClangingScales,VacuumWave,Protect|Modest||F|||50|\n|inactive|Battle timer is ON: inactive players will automatically lose when time's up. (requested by looger02)\n|inactive|Infinity7410 has 60 seconds left.\n|inactive|looger02 has 60 seconds left.\n|\n|t:|1788360958\n|teamsize|p1|4\n|teamsize|p2|4\n|start\n|switch|p1a: Charizard|Charizard, L50, M, shiny|100/100\n|switch|p1b: Whimsicott|Whimsicott, L50, M, shiny|100/100\n|switch|p2a: Toxapex|Toxapex, L50, F, shiny|100/100\n|switch|p2b: Weavile|Weavile, L50, F|100/100\n|turn|1\n|inactive|Infinity7410 has 30 seconds left.\n|inactive|looger02 has 30 seconds left.\n|inactive|Infinity7410 has 20 seconds left.\n|\n|t:|1788360996\n|detailschange|p1a: Charizard|Charizard-Mega-Y, L50, M, shiny\n|-mega|p1a: Charizard|Charizard|Charizardite Y\n|-weather|SunnyDay|[from] ability: Drought|[of] p1a: Charizard\n|move|p1b: Whimsicott|Protect|p1b: Whimsicott\n|-singleturn|p1b: Whimsicott|Protect\n|move|p2b: Weavile|Protect|p2b: Weavile\n|-singleturn|p2b: Weavile|Protect\n|move|p1a: Charizard|Protect|p1a: Charizard\n|-singleturn|p1a: Charizard|Protect\n|move|p2a: Toxapex|Toxic|p1a: Charizard\n|-activate|p1a: Charizard|move: Protect\n|\n|-weather|SunnyDay|[upkeep]\n|upkeep\n|turn|2\n|inactive|Infinity7410 has 30 seconds left.\n|inactive|looger02 has 30 seconds left.\n|inactive|Infinity7410 has 20 seconds left.\n|inactive|Infinity7410 has 15 seconds left.\n|\n|t:|1788361040\n|switch|p1a: Kingambit|Kingambit, L50, M, shiny|100/100\n|move|p2b: Weavile|Triple Axel|p1b: Whimsicott\n|-supereffective|p1b: Whimsicott|1\n|-damage|p1b: Whimsicott|67/100\n|-supereffective|p1b: Whimsicott|1\n|-damage|p1b: Whimsicott|8/100\n|-supereffective|p1b: Whimsicott|1\n|-damage|p1b: Whimsicott|0 fnt\n|faint|p1b: Whimsicott\n|-hitcount|p1: Whimsicott|3\n|move|p2a: Toxapex|Toxic|p1a: Kingambit\n|-immune|p1a: Kingambit\n|\n|-weather|SunnyDay|[upkeep]\n|upkeep\n|\n|t:|1788361051\n|switch|p1b: Garchomp|Garchomp, L50, M|100/100\n|turn|3\n|\n|t:|1788361063\n|switch|p1a: Charizard|Charizard-Mega-Y, L50, M, shiny|100/100\n|move|p2b: Weavile|Protect|p2b: Weavile\n|-singleturn|p2b: Weavile|Protect\n|move|p1b: Garchomp|Protect|p1b: Garchomp\n|-singleturn|p1b: Garchomp|Protect\n|move|p2a: Toxapex|Infestation|p1a: Charizard\n|-resisted|p1a: Charizard|2\n|-damage|p1a: Charizard|99/100\n|-activate|p1a: Charizard|move: Infestation|[of] p2a: Toxapex\n|\n|-weather|SunnyDay|[upkeep]\n|-damage|p1a: Charizard|87/100|[from] move: Infestation|[partiallytrapped]\n|upkeep\n|turn|4\n|inactive|looger02 has 30 seconds left.\n|\n|t:|1788361090\n|switch|p1b: Kingambit|Kingambit, L50, M, shiny|100/100\n|move|p2b: Weavile|Knock Off|p1a: Charizard\n|-damage|p1a: Charizard|52/100\n|move|p1a: Charizard|Weather Ball|p2b: Weavile\n|-supereffective|p2b: Weavile|1\n|-enditem|p2b: Weavile|Focus Sash\n|-damage|p2b: Weavile|1/100\n|move|p2a: Toxapex|Toxic|p1a: Charizard\n|-status|p1a: Charizard|tox\n|\n|-weather|SunnyDay|[upkeep]\n|-damage|p1a: Charizard|46/100 tox|[from] psn\n|-damage|p1a: Charizard|33/100 tox|[from] move: Infestation|[partiallytrapped]\n|upkeep\n|turn|5\n|inactive|Infinity7410 has 30 seconds left.\n|inactive|Infinity7410 has 20 seconds left.\n|inactive|Infinity7410 has 15 seconds left.\n|inactive|Infinity7410 has 10 seconds left.\n|\n|t:|1788361137\n|move|p2b: Weavile|Protect|p2b: Weavile\n|-singleturn|p2b: Weavile|Protect\n|move|p2a: Toxapex|Baneful Bunker|p2a: Toxapex\n|-singleturn|p2a: Toxapex|move: Protect\n|move|p1a: Charizard|Solar Beam||[still]\n|-prepare|p1a: Charizard|Solar Beam\n|-anim|p1a: Charizard|Solar Beam|p2a: Toxapex\n|-activate|p2a: Toxapex|move: Protect\n|move|p1b: Kingambit|Kowtow Cleave|p2a: Toxapex\n|-activate|p2a: Toxapex|move: Protect\n|\n|-weather|none\n|-damage|p1a: Charizard|21/100 tox|[from] psn\n|-damage|p1a: Charizard|9/100 tox|[from] move: Infestation|[partiallytrapped]\n|upkeep\n|turn|6\n|inactive|looger02 has 30 seconds left.\n|\n|t:|1788361163\n|switch|p2a: Kommo-o|Kommo-o, L50, F, shiny|100/100\n|move|p1a: Charizard|Protect|p1a: Charizard\n|-singleturn|p1a: Charizard|Protect\n|move|p1b: Kingambit|Sucker Punch|p2b: Weavile\n|-resisted|p2b: Weavile|1\n|-damage|p2b: Weavile|0 fnt\n|faint|p2b: Weavile\n|\n|-damage|p1a: Charizard|0 fnt|[from] psn\n|faint|p1a: Charizard\n|upkeep\n|\n|t:|1788361179\n|switch|p2b: Metagross|Metagross, L50, shiny|100/100\n|switch|p1a: Garchomp|Garchomp, L50, M|100/100\n|turn|7\n|\n|t:|1788361200\n|move|p2b: Metagross|Protect|p2b: Metagross\n|-singleturn|p2b: Metagross|Protect\n|move|p2a: Kommo-o|Protect|p2a: Kommo-o\n|-singleturn|p2a: Kommo-o|Protect\n|move|p1a: Garchomp|Rock Slide|p2a: Kommo-o|[spread] \n|-activate|p2a: Kommo-o|move: Protect\n|-activate|p2b: Metagross|move: Protect\n|move|p1b: Kingambit|Iron Head|p2a: Kommo-o\n|-activate|p2a: Kommo-o|move: Protect\n|\n|upkeep\n|turn|8\n|inactive|looger02 has 30 seconds left.\n|\n|t:|1788361235\n|detailschange|p2b: Metagross|Metagross-Mega, L50, shiny\n|-mega|p2b: Metagross|Metagross|Metagrossite\n|move|p2b: Metagross|Body Press|p1b: Kingambit\n|-supereffective|p1b: Kingambit|2\n|-damage|p1b: Kingambit|0 fnt\n|faint|p1b: Kingambit\n|move|p1a: Garchomp|Rock Slide|p2b: Metagross|[spread] p2a,p2b\n|-resisted|p2a: Kommo-o|1\n|-resisted|p2b: Metagross|1\n|-damage|p2a: Kommo-o|92/100\n|-damage|p2b: Metagross|92/100\n|move|p2a: Kommo-o|Clanging Scales|p1a: Garchomp\n|-supereffective|p1a: Garchomp|1\n|-damage|p1a: Garchomp|6/100\n|-enditem|p1a: Garchomp|Sitrus Berry|[eat]\n|-heal|p1a: Garchomp|31/100|[from] item: Sitrus Berry\n|-unboost|p2a: Kommo-o|def|1\n|\n|upkeep\n|turn|9\n|-message|Infinity7410 forfeited.\n|\n|win|looger02\n|l|☆Infinity7410\n|player|p1|\n||Infinity7410 is ready for game 3.\n||looger02 is ready for game 3.\n|uhtml|next|Next: <a href=\"/battle-gen9championsvgc2026regmbbo3-2674450098\"><strong>Game 3 of 3</strong></a>\n","uploadtime":1788361284,"views":"1","formatid":"gen9championsvgc2026regmbbo3","rating":null,"private":0,"password":null}