{"id":"gen9championsvgc2026regmb-2673971102","format":"[Gen 9 Champions] VGC 2026 Reg M-B","players":["dellian","ragelax"],"log":"|j|☆dellian\n|j|☆ragelax\n|html|<table width=\"100%\"><tr><td align=\"left\">dellian</td><td align=\"right\">ragelax</tr><tr><td align=\"left\"><i class=\"fa fa-circle-o\"></i> <i class=\"fa fa-circle-o\"></i> </td><td align=\"right\"><i class=\"fa fa-circle-o\"></i> <i class=\"fa fa-circle-o\"></i> </tr></table>\n|uhtml|bestof|<h2><strong>Game 1</strong> of <a href=\"/game-bestof3-gen9championsvgc2026regmb-2673971101\">a best-of-3</a></h2>\n|t:|1788283303\n|gametype|doubles\n|player|p1|dellian|fantina|\n|player|p2|ragelax|pokemonbreeder|\n|gen|9\n|tier|[Gen 9 Champions] VGC 2026 Reg M-B\n|rule|Species Clause: Limit one of each Pokémon\n|rule|Item Clause: Limit 1 of each item\n|raw|<div class=\"infobox\"><details class=\"readmore\" open><summary><strong>2 custom rules:</strong></summary> !open team sheets, best of=3</details></div>\n|clearpoke\n|poke|p1|Scrafty, L50, M|\n|poke|p1|Malamar, L50, F|\n|poke|p1|Ampharos, L50, F|\n|poke|p1|Excadrill, L50, M|\n|poke|p1|Tyranitar, L50, F|\n|poke|p1|Oranguru, L50, M|\n|poke|p2|Gengar, L50, M|\n|poke|p2|Altaria, L50, F, shiny|\n|poke|p2|Kangaskhan, L50, F|\n|poke|p2|Grimmsnarl, L50, M|\n|poke|p2|Swampert, L50, F|\n|poke|p2|Arcanine-Hisui, L50, F|\n|teampreview|4\n|\n|t:|1788283353\n|teamsize|p1|4\n|teamsize|p2|4\n|start\n|switch|p1a: Scrafty|Scrafty, L50, M|100/100\n|switch|p1b: Malamar|Malamar, L50, F|100/100\n|switch|p2a: Take Me Under|Kangaskhan, L50, F|100/100\n|switch|p2b: Drown|Swampert, L50, F|100/100\n|-ability|p1a: Scrafty|Intimidate|boost\n|-fail|p2a: Take Me Under|unboost|Attack|[from] ability: Scrappy|[of] p2a: Take Me Under\n|-unboost|p2b: Drown|atk|1\n|turn|1\n|\n|t:|1788283403\n|move|p2a: Take Me Under|Fake Out|p1a: Scrafty\n|-damage|p1a: Scrafty|84/100\n|cant|p1a: Scrafty|flinch\n|move|p2b: Drown|Knock Off|p1b: Malamar\n|-damage|p1b: Malamar|81/100\n|-enditem|p1b: Malamar|Sitrus Berry|[from] move: Knock Off|[of] p2b: Drown\n|move|p1b: Malamar|Skill Swap|p1a: Scrafty\n|-activate|p1b: Malamar|Skill Swap|||[of] p1a: Scrafty\n|-hint|Skill Swap does not announce the abilities of the Pokémon when used between allies.\n|-ability|p1b: Malamar|Intimidate|boost\n|-fail|p2a: Take Me Under|unboost|Attack|[from] ability: Scrappy|[of] p2a: Take Me Under\n|-unboost|p2b: Drown|atk|1\n|\n|upkeep\n|turn|2\n|\n|t:|1788283430\n|move|p1a: Scrafty|Protect|p1a: Scrafty\n|-singleturn|p1a: Scrafty|Protect\n|move|p2b: Drown|Liquidation|p1a: Scrafty\n|-activate|p1a: Scrafty|move: Protect\n|move|p2a: Take Me Under|Hammer Arm|p1a: Scrafty\n|-activate|p1a: Scrafty|move: Protect\n|move|p1b: Malamar|Trick Room|p1b: Malamar\n|-fieldstart|move: Trick Room|[of] p1b: Malamar\n|\n|upkeep\n|turn|3\n|\n|t:|1788283447\n|detailschange|p1a: Scrafty|Scrafty-Mega, L50, M\n|-mega|p1a: Scrafty|Scrafty|Scraftinite\n|-ability|p1a: Scrafty|Intimidate|boost\n|-fail|p2a: Take Me Under|unboost|Attack|[from] ability: Scrappy|[of] p2a: Take Me Under\n|-unboost|p2b: Drown|atk|1\n|move|p1b: Malamar|Skill Swap|p2a: Take Me Under\n|-activate|p1b: Malamar|Skill Swap|Scrappy|Intimidate|[of] p2a: Take Me Under\n|-ability|p2a: Take Me Under|Intimidate|boost\n|-unboost|p1a: Scrafty|atk|1\n|-fail|p1b: Malamar|unboost|Attack|[from] ability: Scrappy|[of] p1b: Malamar\n|move|p1a: Scrafty|Close Combat|p2a: Take Me Under\n|-supereffective|p2a: Take Me Under|1\n|-damage|p2a: Take Me Under|14/100\n|-unboost|p1a: Scrafty|def|1\n|-unboost|p1a: Scrafty|spd|1\n|move|p2a: Take Me Under|Hammer Arm|p1a: Scrafty\n|-supereffective|p1a: Scrafty|1\n|-damage|p1a: Scrafty|18/100\n|-unboost|p2a: Take Me Under|spe|1\n|move|p2b: Drown|High Horsepower|p1a: Scrafty\n|-damage|p1a: Scrafty|0 fnt\n|faint|p1a: Scrafty\n|\n|upkeep\n|\n|t:|1788283483\n|switch|p1a: Ampharos|Ampharos, L50, F|100/100\n|turn|4\n|\n|t:|1788283504\n|switch|p1b: Oranguru|Oranguru, L50, M|100/100\n|switch|p2b: Riot|Grimmsnarl, L50, M|100/100\n|move|p2a: Take Me Under|Protect|p2a: Take Me Under\n|-singleturn|p2a: Take Me Under|Protect\n|move|p1a: Ampharos|Dragon Pulse|p2b: Riot\n|-immune|p2b: Riot\n|\n|upkeep\n|turn|5\n|j| IndigoCha0s\n|\n|t:|1788283545\n|move|p2b: Riot|Fake Out|p1a: Ampharos\n|-damage|p1a: Ampharos|89/100\n|cant|p1a: Ampharos|flinch\n|move|p2a: Take Me Under|Body Slam|p1b: Oranguru\n|-damage|p1b: Oranguru|59/100\n|move|p1b: Oranguru|Instruct|p1a: Ampharos\n|-singleturn|p1a: Ampharos|move: Instruct|[of] p1b: Oranguru\n|cant|p1a: Ampharos|flinch\n|\n|upkeep\n|turn|6\n|c| IndigoCha0s|hello fellow gengar user :D\n|c|☆dellian|xD\n|c|☆ragelax|hello\n|c| IndigoCha0s|(rage did this to me in my Purr set i deserve to get the chance to do so :))\n|c|☆dellian|i forgot to mega early which fucked my skill swaps\n|c| IndigoCha0s|or was it robin\n|c| IndigoCha0s|idm\n|\n|t:|1788283601\n|switch|p2b: Drown|Swampert, L50, F|100/100\n|move|p2a: Take Me Under|Protect|p2a: Take Me Under\n|-singleturn|p2a: Take Me Under|Protect\n|move|p1a: Ampharos|Thunderbolt|p2b: Drown\n|-immune|p2b: Drown\n|move|p1b: Oranguru|Instruct|p1a: Ampharos\n|-singleturn|p1a: Ampharos|move: Instruct|[of] p1b: Oranguru\n|move|p1a: Ampharos|Thunderbolt|p2b: Drown\n|-immune|p2b: Drown\n|\n|-fieldend|move: Trick Room\n|upkeep\n|turn|7\n|\n|t:|1788283620\n|move|p2b: Drown|Knock Off|p1b: Oranguru\n|-supereffective|p1b: Oranguru|1\n|-damage|p1b: Oranguru|0 fnt\n|-enditem|p1b: Oranguru|Bright Powder|[from] move: Knock Off|[of] p2b: Drown\n|faint|p1b: Oranguru\n|move|p2a: Take Me Under|Body Slam|p1a: Ampharos\n|-damage|p1a: Ampharos|47/100\n|move|p1a: Ampharos|Parabolic Charge|p2a: Take Me Under|[spread] p2a\n|-immune|p2b: Drown\n|-damage|p2a: Take Me Under|0 fnt\n|-heal|p1a: Ampharos|54/100|[from] drain|[of] p2a: Take Me Under\n|faint|p2a: Take Me Under\n|\n|upkeep\n|c|☆ragelax|BRIGHT POWDER???\n|\n|t:|1788283638\n|switch|p2a: Riot|Grimmsnarl, L50, M|100/100\n|switch|p1b: Malamar|Malamar, L50, F|81/100\n|turn|8\n|c|☆dellian|annoying oranguru :P\n|\n|t:|1788283654\n|move|p2a: Riot|Fake Out|p1b: Malamar\n|-crit|p1b: Malamar\n|-damage|p1b: Malamar|68/100\n|move|p2b: Drown|High Horsepower|p1a: Ampharos\n|-supereffective|p1a: Ampharos|1\n|-damage|p1a: Ampharos|0 fnt\n|-status|p2b: Drown|par|[from] ability: Static|[of] p1a: Ampharos\n|faint|p1a: Ampharos\n|cant|p1b: Malamar|flinch\n|\n|upkeep\n|turn|9\n|\n|t:|1788283685\n|switch|p2a: Fallen Angel|Altaria, L50, F, shiny|100/100\n|-ability|p2a: Fallen Angel|Cloud Nine\n|move|p1b: Malamar|Superpower|p2a: Fallen Angel\n|-resisted|p2a: Fallen Angel|1\n|-crit|p2a: Fallen Angel\n|-damage|p2a: Fallen Angel|79/100\n|-boost|p1b: Malamar|atk|1\n|-boost|p1b: Malamar|def|1\n|move|p2b: Drown|High Horsepower|p1b: Malamar\n|-damage|p1b: Malamar|44/100\n|\n|upkeep\n|turn|10\n|\n|t:|1788283701\n|detailschange|p2a: Fallen Angel|Altaria-Mega, L50, F, shiny\n|-mega|p2a: Fallen Angel|Altaria|Altarianite\n|move|p2a: Fallen Angel|Hyper Voice|p1b: Malamar\n|-supereffective|p1b: Malamar|1\n|-damage|p1b: Malamar|0 fnt\n|faint|p1b: Malamar\n|\n|win|ragelax\n||dellian is ready for game 2.\n||ragelax is ready for game 2.\n|uhtml|next|Next: <a href=\"/battle-gen9championsvgc2026regmb-2673974565\"><strong>Game 2 of 3</strong></a>\n|l| IndigoCha0s\n","uploadtime":1788283709,"views":"16","formatid":"gen9championsvgc2026regmb","rating":null,"private":0,"password":null}