{"id":"gen9championsvgc2026regmbbo3-2673498120","format":"[Gen 9 Champions] VGC 2026 Reg M-B (Bo3)","players":["Frisk Azzy","affableCritter"],"log":"|j|☆Frisk Azzy\n|j|☆affableCritter\n|html|<table width=\"100%\"><tr><td align=\"left\">Frisk Azzy</td><td align=\"right\">affableCritter</tr><tr><td align=\"left\"><i class=\"fa fa-circle-o\"></i> <i class=\"fa fa-circle-o\"></i> </td><td align=\"right\"><i class=\"fa fa-circle-o\"></i> <i class=\"fa fa-circle-o\"></i> </tr></table>\n|uhtml|bestof|<h2><strong>Game 1</strong> of <a href=\"/game-bestof3-gen9championsvgc2026regmbbo3-2673498119\">a best-of-3</a></h2>\n|t:|1788205029\n|gametype|doubles\n|player|p1|Frisk Azzy|riley|\n|player|p2|affableCritter|harlequin|\n|gen|9\n|tier|[Gen 9 Champions] VGC 2026 Reg M-B (Bo3)\n|rule|Species Clause: Limit one of each Pokémon\n|rule|Item Clause: Limit 1 of each item\n|clearpoke\n|poke|p1|Charizard, L50, M, shiny|\n|poke|p1|Venusaur, L50, M|\n|poke|p1|Whimsicott, L50, M|\n|poke|p1|Luxray, L50, M, shiny|\n|poke|p1|Aegislash, L50, M|\n|poke|p1|Garchomp, L50, F, shiny|\n|poke|p2|Raichu, L50, F|\n|poke|p2|Aerodactyl, L50, M|\n|poke|p2|Kingambit, L50, M|\n|poke|p2|Sneasler, L50, M|\n|poke|p2|Basculegion, L50, M|\n|poke|p2|Sylveon, L50, M|\n|teampreview|4\n|showteam|p1|Charizard||CharizarditeY|SolarPower|AirSlash,HeatWave,Protect,SolarBeam|Timid||M|||50|]Venusaur||Venusaurite|Chlorophyll|GigaDrain,Protect,EarthPower,SludgeBomb|Bold||M|||50|]Whimsicott||FocusSash|Prankster|Taunt,Tailwind,WorrySeed,Moonblast|Timid||M|||50|]Luxray||SitrusBerry|Intimidate|WildCharge,Protect,VoltSwitch,Crunch|Sassy||M|||50|]Aegislash||SpellTag|StanceChange|ShadowSneak,KingsShield,WideGuard,IronHead|Brave||M|||50|]Garchomp||LifeOrb|RoughSkin|DragonClaw,RockSlide,Earthquake,Protect|Jolly||F|||50|\n|showteam|p2|Raichu||RaichuniteY|LightningRod|FakeOut,ZapCannon,FocusBlast,Protect|Timid||F|||50|]Aerodactyl||Aerodactylite|Unnerve|RockSlide,DualWingbeat,IceFang,Tailwind|Jolly||M|||50|]Kingambit||FocusSash|Defiant|KowtowCleave,SuckerPunch,SwordsDance,Protect|Adamant||M|||50|]Sneasler||WhiteHerb|Unburden|FakeOut,CloseCombat,DireClaw,Feint|Jolly||M|||50|]Basculegion||MysticWater|Adaptability|AquaJet,WaveCrash,LastRespects,Protect|Adamant||M|||50|]Sylveon||FairyFeather|Pixilate|HyperVoice,QuickAttack,HyperBeam,Detect|Modest||M|||50|\n|inactive|Battle timer is ON: inactive players will automatically lose when time's up. (requested by affableCritter)\n|\n|t:|1788205073\n|teamsize|p1|4\n|teamsize|p2|4\n|start\n|switch|p1a: Dr While|Whimsicott, L50, M|100/100\n|switch|p1b: Bow|Garchomp, L50, F, shiny|100/100\n|switch|p2a: Aerodactyl|Aerodactyl, L50, M|100/100\n|switch|p2b: Raichu|Raichu, L50, F|100/100\n|-ability|p2a: Aerodactyl|Unnerve\n|turn|1\n|\n|t:|1788205091\n|detailschange|p2b: Raichu|Raichu-Mega-Y, L50, F\n|-mega|p2b: Raichu|Raichu|Raichunite Y\n|move|p1b: Bow|Protect|p1b: Bow\n|-singleturn|p1b: Bow|Protect\n|move|p2b: Raichu|Fake Out|p1b: Bow\n|-activate|p1b: Bow|move: Protect\n|move|p1a: Dr While|Taunt|p2a: Aerodactyl\n|-start|p2a: Aerodactyl|move: Taunt\n|move|p2a: Aerodactyl|Ice Fang|p1b: Bow\n|-activate|p1b: Bow|move: Protect\n|\n|upkeep\n|turn|2\n|\n|t:|1788205114\n|move|p2b: Raichu|Protect|p2b: Raichu\n|-singleturn|p2b: Raichu|Protect\n|move|p1a: Dr While|Tailwind|p1a: Dr While\n|-sidestart|p1: Frisk Azzy|move: Tailwind\n|move|p1b: Bow|Rock Slide|p2a: Aerodactyl|[spread] p2a\n|-activate|p2b: Raichu|move: Protect\n|-supereffective|p2a: Aerodactyl|1\n|-damage|p2a: Aerodactyl|12/100\n|-damage|p1b: Bow|90/100|[from] item: Life Orb\n|move|p2a: Aerodactyl|Dual Wingbeat|p1a: Dr While\n|-supereffective|p1a: Dr While|1\n|-damage|p1a: Dr While|52/100\n|-supereffective|p1a: Dr While|1\n|-damage|p1a: Dr While|6/100\n|-hitcount|p1a: Dr While|2\n|\n|upkeep\n|turn|3\n|inactive|affableCritter has 30 seconds left.\n|inactive|affableCritter has 20 seconds left.\n|inactive|affableCritter has 15 seconds left.\n|inactive|affableCritter has 10 seconds left.\n|\n|t:|1788205160\n|switch|p2b: Basculegion|Basculegion, L50, M|100/100\n|move|p1a: Dr While|Worry Seed|p2b: Basculegion\n|-ability|p2b: Basculegion|Insomnia|Adaptability|[from] move: Worry Seed\n|move|p1b: Bow|Rock Slide|p2a: Aerodactyl|[spread] p2a,p2b\n|-supereffective|p2a: Aerodactyl|1\n|-damage|p2a: Aerodactyl|0 fnt\n|-damage|p2b: Basculegion|70/100\n|faint|p2a: Aerodactyl\n|-damage|p1b: Bow|80/100|[from] item: Life Orb\n|\n|upkeep\n|\n|t:|1788205170\n|switch|p2a: Raichu|Raichu-Mega-Y, L50, F|100/100\n|turn|4\n|\n|t:|1788205176\n|switch|p1a: Hexcalibern|Aegislash, L50, M|100/100\n|move|p1b: Bow|Protect|p1b: Bow\n|-singleturn|p1b: Bow|Protect\n|move|p2a: Raichu|Fake Out|p1b: Bow\n|-activate|p1b: Bow|move: Protect\n|move|p2b: Basculegion|Wave Crash|p1b: Bow\n|-activate|p1b: Bow|move: Protect\n|\n|upkeep\n|turn|5\n|\n|t:|1788205195\n|move|p1a: Hexcalibern|King's Shield|p1a: Hexcalibern\n|-singleturn|p1a: Hexcalibern|Protect\n|move|p1b: Bow|Earthquake|p2a: Raichu|[spread] p2a,p2b\n|-activate|p1a: Hexcalibern|move: Protect\n|-supereffective|p2a: Raichu|1\n|-damage|p2a: Raichu|0 fnt\n|-damage|p2b: Basculegion|14/100\n|faint|p2a: Raichu\n|-damage|p1b: Bow|70/100|[from] item: Life Orb\n|move|p2b: Basculegion|Wave Crash|p1a: Hexcalibern\n|-activate|p1a: Hexcalibern|move: Protect\n|-unboost|p2b: Basculegion|atk|1\n|\n|-sideend|p1: Frisk Azzy|move: Tailwind\n|upkeep\n|\n|t:|1788205207\n|switch|p2a: Kingambit|Kingambit, L50, M|100/100\n|turn|6\n|\n|t:|1788205229\n|move|p1a: Hexcalibern|Wide Guard|p1a: Hexcalibern\n|-singleturn|p1a: Hexcalibern|Wide Guard\n|move|p2a: Kingambit|Sucker Punch||[still]\n|-fail|p2a: Kingambit\n|move|p1b: Bow|Earthquake|p2b: Basculegion|[spread] p2a,p2b\n|-activate|p1a: Hexcalibern|move: Wide Guard\n|-supereffective|p2a: Kingambit|1\n|-damage|p2a: Kingambit|23/100\n|-damage|p2b: Basculegion|0 fnt\n|faint|p2b: Basculegion\n|-damage|p1b: Bow|61/100|[from] item: Life Orb\n|\n|upkeep\n|turn|7\n|\n|t:|1788205247\n|switch|p1a: Dragoniod|Charizard, L50, M, shiny|100/100\n|move|p1b: Bow|Earthquake|p2a: Kingambit|[spread] p2a\n|-immune|p1a: Dragoniod\n|-supereffective|p2a: Kingambit|1\n|-damage|p2a: Kingambit|0 fnt\n|faint|p2a: Kingambit\n|-damage|p1b: Bow|51/100|[from] item: Life Orb\n|\n|win|Frisk Azzy\n||affableCritter is ready for game 2.\n","uploadtime":1788205256,"views":"7","formatid":"gen9championsvgc2026regmbbo3","rating":null,"private":0,"password":null}