{"id":"gen9championsvgc2026regmb-2674664386","format":"[Gen 9 Champions] VGC 2026 Reg M-B","players":["SupaJello","ethalem99"],"log":"|j|☆SupaJello\n|j|☆ethalem99\n|t:|1788387138\n|gametype|doubles\n|player|p1|SupaJello|hilbert|1353\n|player|p2|ethalem99|acetrainer-gen4dp|1329\n|gen|9\n|tier|[Gen 9 Champions] VGC 2026 Reg M-B\n|rated|\n|rule|Species Clause: Limit one of each Pokémon\n|rule|Item Clause: Limit 1 of each item\n|clearpoke\n|poke|p1|Garchomp, L50, F|\n|poke|p1|Delphox, L50, M|\n|poke|p1|Vivillon, L50, F|\n|poke|p1|Sinistcha, L50|\n|poke|p1|Basculegion, L50, M|\n|poke|p1|Floette-Eternal, L50, F|\n|poke|p2|Dragonite, L50, F|\n|poke|p2|Sneasler, L50, M|\n|poke|p2|Basculegion, L50, M|\n|poke|p2|Kingambit, L50, F|\n|poke|p2|Garchomp, L50, F|\n|poke|p2|Floette-Eternal, L50, F|\n|teampreview|4\n|inactive|Battle timer is ON: inactive players will automatically lose when time's up. (requested by ethalem99)\n|inactive|SupaJello also wants the timer to be on.\n|inactive|SupaJello has 60 seconds left.\n|inactive|ethalem99 has 60 seconds left.\n|\n|t:|1788387171\n|teamsize|p1|4\n|teamsize|p2|4\n|start\n|switch|p1a: Floette|Floette-Eternal, L50, F|100/100\n|switch|p1b: Vivillon|Vivillon, L50, F|100/100\n|switch|p2a: Sneasler|Sneasler, L50, M|100/100\n|switch|p2b: Basculegion|Basculegion, L50, M|100/100\n|turn|1\n|\n|t:|1788387183\n|detailschange|p1a: Floette|Floette-Mega, L50, F\n|-mega|p1a: Floette|Floette|Floettite\n|-ability|p1a: Floette|Fairy Aura\n|move|p2a: Sneasler|Fake Out|p1b: Vivillon\n|-damage|p1b: Vivillon|71/100\n|cant|p1b: Vivillon|flinch\n|move|p1a: Floette|Moonblast|p2b: Basculegion\n|-damage|p2b: Basculegion|26/100\n|move|p2b: Basculegion|Wave Crash|p1b: Vivillon\n|-damage|p1b: Vivillon|0 fnt\n|faint|p1b: Vivillon\n|-damage|p2b: Basculegion|7/100|[from] Recoil\n|-damage|p2b: Basculegion|0 fnt|[from] item: Life Orb\n|faint|p2b: Basculegion\n|\n|upkeep\n|\n|t:|1788387206\n|switch|p1b: Sinistcha|Sinistcha, L50|100/100\n|switch|p2b: Garchomp|Garchomp, L50, F|100/100\n|turn|2\n|\n|t:|1788387217\n|move|p1b: Sinistcha|Rage Powder|p1b: Sinistcha\n|-singleturn|p1b: Sinistcha|move: Rage Powder\n|move|p2b: Garchomp|Rock Slide|p1b: Sinistcha|[spread] p1a,p1b\n|-damage|p1a: Floette|76/100\n|-damage|p1b: Sinistcha|85/100\n|move|p2a: Sneasler|Dire Claw|p1b: Sinistcha\n|-damage|p1b: Sinistcha|55/100\n|-status|p1b: Sinistcha|psn|[from] ability: Poison Touch|[of] p2a: Sneasler\n|move|p1a: Floette|Dazzling Gleam|p2b: Garchomp|[spread] p2a,p2b\n|-supereffective|p2b: Garchomp|1\n|-damage|p2a: Sneasler|42/100\n|-damage|p2b: Garchomp|12/100\n|\n|-damage|p1b: Sinistcha|42/100 psn|[from] psn\n|upkeep\n|-enditem|p1b: Sinistcha|Sitrus Berry|[eat]\n|-heal|p1b: Sinistcha|67/100 psn|[from] item: Sitrus Berry\n|turn|3\n|\n|t:|1788387230\n|move|p1b: Sinistcha|Rage Powder|p1b: Sinistcha\n|-singleturn|p1b: Sinistcha|move: Rage Powder\n|move|p2b: Garchomp|Rock Slide|p1a: Floette|[spread] p1a,p1b\n|-damage|p1a: Floette|52/100\n|-damage|p1b: Sinistcha|51/100 psn\n|move|p2a: Sneasler|Dire Claw|p1b: Sinistcha\n|-damage|p1b: Sinistcha|17/100 psn\n|move|p1a: Floette|Dazzling Gleam|p2b: Garchomp|[spread] p2a,p2b\n|-supereffective|p2b: Garchomp|1\n|-damage|p2a: Sneasler|0 fnt\n|-damage|p2b: Garchomp|0 fnt\n|faint|p2a: Sneasler\n|faint|p2b: Garchomp\n|\n|-damage|p1b: Sinistcha|5/100 psn|[from] psn\n|upkeep\n|\n|t:|1788387240\n|switch|p2b: Kingambit|Kingambit, L50, F|100/100\n|turn|4\n|\n|t:|1788387248\n|move|p1b: Sinistcha|Rage Powder|p1b: Sinistcha\n|-singleturn|p1b: Sinistcha|move: Rage Powder\n|move|p1a: Floette|Moonblast|p2b: Kingambit\n|-damage|p2b: Kingambit|44/100\n|move|p2b: Kingambit|Iron Head|p1b: Sinistcha\n|-damage|p1b: Sinistcha|0 fnt\n|faint|p1b: Sinistcha\n|\n|upkeep\n|\n|t:|1788387253\n|switch|p1b: Garchomp|Garchomp, L50, F|100/100\n|turn|5\n|\n|t:|1788387256\n|move|p2b: Kingambit|Sucker Punch|p1b: Garchomp\n|-damage|p1b: Garchomp|60/100\n|-damage|p2b: Kingambit|32/100|[from] ability: Rough Skin|[of] p1b: Garchomp\n|move|p1b: Garchomp|Rock Slide|p2b: Kingambit|[miss]\n|-miss|p1b: Garchomp|p2b: Kingambit\n|move|p1a: Floette|Moonblast|p2b: Kingambit\n|-damage|p2b: Kingambit|0 fnt\n|faint|p2b: Kingambit\n|\n|win|SupaJello\n|raw|SupaJello's rating: 1353 &rarr; <strong>1372</strong><br />(+19 for winning)\n|raw|ethalem99's rating: 1329 &rarr; <strong>1310</strong><br />(-19 for losing)\n","uploadtime":1788387258,"views":"3","formatid":"gen9championsvgc2026regmb","rating":1310,"private":0,"password":null}