{"id":"gen9championsvgc2026regmb-2673910578","format":"[Gen 9 Champions] VGC 2026 Reg M-B","players":["leifmealooon","ShrimpGun"],"log":"|j|☆leifmealooon\n|j|☆ShrimpGun\n|t:|1788276083\n|gametype|doubles\n|player|p1|leifmealooon|102|1134\n|player|p2|ShrimpGun|fisherman-gen4|1188\n|gen|9\n|tier|[Gen 9 Champions] VGC 2026 Reg M-B\n|rated|\n|rule|Species Clause: Limit one of each Pokémon\n|rule|Item Clause: Limit 1 of each item\n|clearpoke\n|poke|p1|Kingambit, L50, M|\n|poke|p1|Basculegion, L50, M|\n|poke|p1|Whimsicott, L50, M|\n|poke|p1|Glimmora, L50, M|\n|poke|p1|Sneasler, L50, M|\n|poke|p1|Floette-Eternal, L50, F|\n|poke|p2|Staraptor, L50, F|\n|poke|p2|Farigiraf, L50, F, shiny|\n|poke|p2|Clawitzer, L50, F|\n|poke|p2|Arcanine-Hisui, L50, F|\n|poke|p2|Sylveon, L50, F|\n|poke|p2|Kingambit, L50, M|\n|teampreview|4\n|inactive|Battle timer is ON: inactive players will automatically lose when time's up. (requested by leifmealooon)\n|\n|t:|1788276113\n|teamsize|p1|4\n|teamsize|p2|4\n|start\n|switch|p1a: Glimmora|Glimmora, L50, M|100/100\n|switch|p1b: Whimsicott|Whimsicott, L50, M|100/100\n|switch|p2a: Staraptor|Staraptor, L50, F|100/100\n|switch|p2b: Farigiraf|Farigiraf, L50, F, shiny|100/100\n|-ability|p2a: Staraptor|Intimidate|boost\n|-unboost|p1a: Glimmora|atk|1\n|-unboost|p1b: Whimsicott|atk|1\n|turn|1\n|\n|t:|1788276134\n|detailschange|p2a: Staraptor|Staraptor-Mega, L50, F\n|-mega|p2a: Staraptor|Staraptor|Staraptite\n|move|p2a: Staraptor|Protect|p2a: Staraptor\n|-singleturn|p2a: Staraptor|Protect\n|move|p1b: Whimsicott|Tailwind|p1b: Whimsicott\n|-sidestart|p1: leifmealooon|move: Tailwind\n|move|p1a: Glimmora|Power Gem|p2a: Staraptor\n|-activate|p2a: Staraptor|move: Protect\n|move|p2b: Farigiraf|Nasty Plot|p2b: Farigiraf\n|-boost|p2b: Farigiraf|spa|2\n|\n|upkeep\n|turn|2\n|\n|t:|1788276144\n|switch|p2a: Clawitzer|Clawitzer, L50, F|100/100\n|move|p1a: Glimmora|Power Gem|p2a: Clawitzer\n|-damage|p2a: Clawitzer|36/100\n|move|p1b: Whimsicott|Moonblast|p2b: Farigiraf\n|-damage|p2b: Farigiraf|66/100\n|move|p2b: Farigiraf|Trick Room|p2b: Farigiraf\n|-fieldstart|move: Trick Room|[of] p2b: Farigiraf\n|\n|upkeep\n|turn|3\n|\n|t:|1788276161\n|move|p2b: Farigiraf|Hyper Voice|p1b: Whimsicott|[spread] p1a,p1b\n|-resisted|p1a: Glimmora|1\n|-damage|p1a: Glimmora|60/100\n|-damage|p1b: Whimsicott|12/100\n|move|p2a: Clawitzer|Water Pulse|p1b: Whimsicott\n|-resisted|p1b: Whimsicott|1\n|-damage|p1b: Whimsicott|0 fnt\n|faint|p1b: Whimsicott\n|-damage|p2a: Clawitzer|27/100|[from] item: Life Orb\n|move|p1a: Glimmora|Power Gem|p2b: Farigiraf\n|-damage|p2b: Farigiraf|25/100\n|-enditem|p2b: Farigiraf|Sitrus Berry|[eat]\n|-heal|p2b: Farigiraf|49/100|[from] item: Sitrus Berry\n|\n|upkeep\n|\n|t:|1788276170\n|switch|p1b: Basculegion|Basculegion, L50, M|100/100\n|turn|4\n|\n|t:|1788276180\n|move|p2b: Farigiraf|Thunderbolt|p1b: Basculegion\n|-supereffective|p1b: Basculegion|1\n|-damage|p1b: Basculegion|3/100\n|move|p2a: Clawitzer|Water Pulse|p1a: Glimmora\n|-supereffective|p1a: Glimmora|1\n|-damage|p1a: Glimmora|0 fnt\n|faint|p1a: Glimmora\n|-damage|p2a: Clawitzer|17/100|[from] item: Life Orb\n|move|p1b: Basculegion|Last Respects|p2a: Clawitzer\n|-crit|p2a: Clawitzer\n|-damage|p2a: Clawitzer|0 fnt\n|faint|p2a: Clawitzer\n|-damage|p1b: Basculegion|0 fnt|[from] item: Life Orb\n|faint|p1b: Basculegion\n|\n|-sideend|p1: leifmealooon|move: Tailwind\n|upkeep\n|\n|t:|1788276185\n|switch|p2a: Old Yeller|Sylveon, L50, F|100/100\n|switch|p1b: Floette|Floette-Eternal, L50, F|100/100\n|turn|5\n|\n|t:|1788276197\n|detailschange|p1b: Floette|Floette-Mega, L50, F\n|-mega|p1b: Floette|Floette|Floettite\n|-ability|p1b: Floette|Fairy Aura\n|move|p2b: Farigiraf|Hyper Voice|p1b: Floette\n|-damage|p1b: Floette|36/100\n|move|p2a: Old Yeller|Hyper Voice|p1b: Floette\n|-damage|p1b: Floette|0 fnt\n|faint|p1b: Floette\n|\n|win|ShrimpGun\n|raw|leifmealooon's rating: 1134 &rarr; <strong>1113</strong><br />(-21 for losing)\n|raw|ShrimpGun's rating: 1188 &rarr; <strong>1209</strong><br />(+21 for winning)\n|l|☆leifmealooon\n|player|p1|\n","uploadtime":1788276205,"views":"4","formatid":"gen9championsvgc2026regmb","rating":1113,"private":0,"password":null}