{"id":"gen9championsvgc2026regmb-2674708346","format":"[Gen 9 Champions] VGC 2026 Reg M-B","players":["jackofharts9","shinypantss"],"log":"|j|☆jackofharts9\n|j|☆shinypantss\n|html|<table width=\"100%\"><tr><td align=\"left\">jackofharts9</td><td align=\"right\">shinypantss</tr><tr><td align=\"left\"><i class=\"fa fa-circle-o\"></i> <i class=\"fa fa-circle-o\"></i> </td><td align=\"right\"><i class=\"fa fa-circle-o\"></i> <i class=\"fa fa-circle\"></i> </tr></table>\n|uhtml|bestof|<h2><strong>Game 2</strong> of <a href=\"/game-bestof3-gen9championsvgc2026regmb-2674707093\">a best-of-3</a></h2>\n|t:|1788393826\n|gametype|doubles\n|player|p1|jackofharts9|265|\n|player|p2|shinypantss|265|\n|gen|9\n|tier|[Gen 9 Champions] VGC 2026 Reg M-B\n|rule|Species Clause: Limit one of each Pokémon\n|rule|Item Clause: Limit 1 of each item\n|raw|<div class=\"infobox\"><details class=\"readmore\" open><summary><strong>1 custom rule:</strong></summary> Best of = 3</details></div>\n|clearpoke\n|poke|p1|Infernape, L50, M|\n|poke|p1|Palafin, L50, F|\n|poke|p1|Sinistcha, L50|\n|poke|p1|Talonflame, L50, F|\n|poke|p1|Raichu, L50, F|\n|poke|p1|Sylveon, L50, M|\n|poke|p2|Charizard, L50, M|\n|poke|p2|Incineroar, L50, F|\n|poke|p2|Whimsicott, L50, M|\n|poke|p2|Diggersby, L50, M|\n|poke|p2|Goodra, L50, M|\n|poke|p2|Vaporeon, L50, F|\n|teampreview|4\n|inactive|Battle timer is ON: inactive players will automatically lose when time's up. (requested by jackofharts9)\n|j| tmacp\n|j| rileyjawn baby\n|j| brehio11\n|j| ripley98\n|\n|t:|1788393844\n|teamsize|p1|4\n|teamsize|p2|4\n|start\n|switch|p1a: Too fast 4 U|Talonflame, L50, F|100/100\n|switch|p1b: Cove's Revenge|Palafin, L50, F|100/100\n|switch|p2a: Meow|Incineroar, L50, F|100/100\n|switch|p2b: Whimsicott|Whimsicott, L50, M|100/100\n|-ability|p2a: Meow|Intimidate|boost\n|-unboost|p1a: Too fast 4 U|atk|1\n|-unboost|p1b: Cove's Revenge|atk|1\n|turn|1\n|inactive|jackofharts9 has 30 seconds left.\n|inactive|shinypantss has 30 seconds left.\n|\n|t:|1788393876\n|move|p2a: Meow|Fake Out|p1b: Cove's Revenge\n|-damage|p1b: Cove's Revenge|82/100\n|move|p1a: Too fast 4 U|Tailwind|p1a: Too fast 4 U\n|-sidestart|p1: jackofharts9|move: Tailwind\n|move|p2b: Whimsicott|Tailwind|p2b: Whimsicott\n|-sidestart|p2: shinypantss|move: Tailwind\n|cant|p1b: Cove's Revenge|flinch\n|\n|upkeep\n|turn|2\n|inactive|shinypantss has 30 seconds left.\n|\n|t:|1788393906\n|move|p2b: Whimsicott|Protect|p2b: Whimsicott\n|-singleturn|p2b: Whimsicott|Protect\n|move|p1a: Too fast 4 U|Brave Bird|p2b: Whimsicott\n|-activate|p2b: Whimsicott|move: Protect\n|move|p1b: Cove's Revenge|Flip Turn|p2a: Meow\n|-supereffective|p2a: Meow|1\n|-damage|p2a: Meow|72/100\n|\n|t:|1788393919\n|detailschange|p1b: Cove's Revenge|Palafin-Hero, L50, F\n|switch|p1b: Dont Taze me Bro|Raichu, L50, F|100/100|[from] Flip Turn\n|move|p2a: Meow|Throat Chop|p1a: Too fast 4 U\n|-damage|p1a: Too fast 4 U|36/100\n|-start|p1a: Too fast 4 U|Throat Chop|[silent]\n|\n|upkeep\n|turn|3\n|\n|t:|1788393940\n|switch|p1a: Cove's Revenge|Palafin-Hero, L50, F|82/100\n|-activate|p1a: Cove's Revenge|ability: Zero to Hero\n|detailschange|p1b: Dont Taze me Bro|Raichu-Mega-Y, L50, F\n|-mega|p1b: Dont Taze me Bro|Raichu|Raichunite Y\n|move|p2b: Whimsicott|Sunny Day|p2b: Whimsicott\n|-weather|SunnyDay\n|move|p1b: Dont Taze me Bro|Zap Cannon|p2a: Meow\n|-damage|p2a: Meow|5/100\n|-status|p2a: Meow|par\n|-enditem|p2a: Meow|Sitrus Berry|[eat]\n|-heal|p2a: Meow|30/100 par|[from] item: Sitrus Berry\n|move|p2a: Meow|Parting Shot|p1b: Dont Taze me Bro\n|-unboost|p1b: Dont Taze me Bro|atk|1\n|-unboost|p1b: Dont Taze me Bro|spa|1\n|\n|t:|1788393960\n|switch|p2a: Daddy Char|Charizard, L50, M|100/100|[from] Parting Shot\n|\n|-weather|SunnyDay|[upkeep]\n|-damage|p2a: Daddy Char|87/100|[from] ability: Solar Power|[of] p2a: Daddy Char\n|upkeep\n|turn|4\n|\n|t:|1788393982\n|detailschange|p2a: Daddy Char|Charizard-Mega-Y, L50, M\n|-mega|p2a: Daddy Char|Charizard|Charizardite Y\n|move|p1a: Cove's Revenge|Jet Punch|p2a: Daddy Char\n|-supereffective|p2a: Daddy Char|1\n|-damage|p2a: Daddy Char|41/100\n|move|p1b: Dont Taze me Bro|Zap Cannon|p2a: Daddy Char\n|-supereffective|p2a: Daddy Char|1\n|-damage|p2a: Daddy Char|0 fnt\n|faint|p2a: Daddy Char\n|move|p2b: Whimsicott|Moonblast|p1b: Dont Taze me Bro\n|-damage|p1b: Dont Taze me Bro|57/100\n|-unboost|p1b: Dont Taze me Bro|spa|1\n|\n|-weather|SunnyDay|[upkeep]\n|-sideend|p1: jackofharts9|move: Tailwind\n|-sideend|p2: shinypantss|move: Tailwind\n|upkeep\n|\n|t:|1788393997\n|switch|p2a: Fishwolf|Vaporeon, L50, F|100/100\n|turn|5\n|\n|t:|1788394019\n|switch|p1a: Coffee >|Sinistcha, L50|100/100\n|-heal|p1b: Dont Taze me Bro|82/100|[from] ability: Hospitality|[of] p1a: Coffee >\n|move|p2b: Whimsicott|Tailwind|p2b: Whimsicott\n|-sidestart|p2: shinypantss|move: Tailwind\n|move|p1b: Dont Taze me Bro|Zap Cannon|p2a: Fishwolf\n|-supereffective|p2a: Fishwolf|1\n|-damage|p2a: Fishwolf|43/100\n|-status|p2a: Fishwolf|par\n|cant|p2a: Fishwolf|par\n|\n|-weather|SunnyDay|[upkeep]\n|-heal|p2a: Fishwolf|49/100 par|[from] item: Leftovers\n|upkeep\n|turn|6\n|inactive|jackofharts9 has 30 seconds left.\n|\n|t:|1788394053\n|switch|p1b: Too fast 4 U|Talonflame, L50, F|36/100\n|move|p2b: Whimsicott|Moonblast|p1a: Coffee >\n|-damage|p1a: Coffee >|69/100\n|move|p1a: Coffee >|Matcha Gotcha|p2a: Fishwolf|[spread] p2a,p2b\n|-supereffective|p2a: Fishwolf|1\n|-resisted|p2b: Whimsicott|1\n|-damage|p2a: Fishwolf|10/100 par\n|-heal|p1a: Coffee >|95/100|[from] drain|[of] p2a: Fishwolf\n|-damage|p2b: Whimsicott|85/100\n|-heal|p1a: Coffee >|100/100|[from] drain|[of] p2b: Whimsicott\n|move|p2a: Fishwolf|Ice Beam|p1a: Coffee >\n|-supereffective|p1a: Coffee >|1\n|-damage|p1a: Coffee >|44/100\n|-enditem|p1a: Coffee >|Sitrus Berry|[eat]\n|-heal|p1a: Coffee >|69/100|[from] item: Sitrus Berry\n|\n|-weather|SunnyDay|[upkeep]\n|-heal|p2a: Fishwolf|16/100 par|[from] item: Leftovers\n|upkeep\n|turn|7\n|inactive|jackofharts9 has 30 seconds left.\n|inactive|shinypantss has 30 seconds left.\n|\n|t:|1788394085\n|move|p1a: Coffee >|Rage Powder|p1a: Coffee >\n|-singleturn|p1a: Coffee >|move: Rage Powder\n|move|p2b: Whimsicott|Moonblast|p1b: Too fast 4 U\n|-resisted|p1b: Too fast 4 U|1\n|-damage|p1b: Too fast 4 U|15/100\n|move|p1b: Too fast 4 U|Tailwind|p1b: Too fast 4 U\n|-sidestart|p1: jackofharts9|move: Tailwind\n|move|p2a: Fishwolf|Scald|p1a: Coffee >\n|-resisted|p1a: Coffee >|1\n|-damage|p1a: Coffee >|60/100\n|-status|p1a: Coffee >|brn\n|\n|-weather|none\n|-heal|p2a: Fishwolf|22/100 par|[from] item: Leftovers\n|-damage|p1a: Coffee >|54/100 brn|[from] brn\n|upkeep\n|turn|8\n|inactive|jackofharts9 has 30 seconds left.\n|\n|t:|1788394116\n|switch|p1a: Dont Taze me Bro|Raichu-Mega-Y, L50, F|82/100\n|move|p2b: Whimsicott|Protect|p2b: Whimsicott\n|-singleturn|p2b: Whimsicott|Protect\n|move|p1b: Too fast 4 U|Brave Bird|p2b: Whimsicott\n|-activate|p2b: Whimsicott|move: Protect\n|move|p2a: Fishwolf|Scald|p1b: Too fast 4 U\n|-supereffective|p1b: Too fast 4 U|1\n|-damage|p1b: Too fast 4 U|0 fnt\n|faint|p1b: Too fast 4 U\n|\n|-heal|p2a: Fishwolf|28/100 par|[from] item: Leftovers\n|-sideend|p2: shinypantss|move: Tailwind\n|upkeep\n|\n|t:|1788394129\n|switch|p1b: Coffee >|Sinistcha, L50|54/100 brn\n|-heal|p1a: Dont Taze me Bro|100/100|[from] ability: Hospitality|[of] p1b: Coffee >\n|turn|9\n|\n|t:|1788394141\n|move|p2b: Whimsicott|Tailwind|p2b: Whimsicott\n|-sidestart|p2: shinypantss|move: Tailwind\n|move|p1a: Dont Taze me Bro|Zap Cannon|p2a: Fishwolf\n|-supereffective|p2a: Fishwolf|1\n|-damage|p2a: Fishwolf|0 fnt\n|faint|p2a: Fishwolf\n|move|p1b: Coffee >|Matcha Gotcha|p2b: Whimsicott\n|-resisted|p2b: Whimsicott|1\n|-damage|p2b: Whimsicott|62/100\n|-heal|p1b: Coffee >|65/100 brn|[from] drain|[of] p2b: Whimsicott\n|\n|-damage|p1b: Coffee >|58/100 brn|[from] brn\n|upkeep\n|\n|t:|1788394156\n|switch|p2a: Meow|Incineroar, L50, F|30/100 par\n|-ability|p2a: Meow|Intimidate|boost\n|-unboost|p1a: Dont Taze me Bro|atk|1\n|-unboost|p1b: Coffee >|atk|1\n|turn|10\n|c| rileyjawn baby|KACHOWWWWWWWWWWWWWWWWWWWWWWWW\n|\n|t:|1788394167\n|switch|p1b: Cove's Revenge|Palafin-Hero, L50, F|82/100\n|move|p1a: Dont Taze me Bro|Protect|p1a: Dont Taze me Bro\n|-singleturn|p1a: Dont Taze me Bro|Protect\n|move|p2b: Whimsicott|Moonblast|p1a: Dont Taze me Bro\n|-activate|p1a: Dont Taze me Bro|move: Protect\n|move|p2a: Meow|Flare Blitz|p1b: Cove's Revenge\n|-resisted|p1b: Cove's Revenge|1\n|-damage|p1b: Cove's Revenge|50/100g\n|-damage|p2a: Meow|21/100 par|[from] Recoil\n|\n|-sideend|p1: jackofharts9|move: Tailwind\n|upkeep\n|turn|11\n|\n|t:|1788394190\n|move|p2b: Whimsicott|Protect|p2b: Whimsicott\n|-singleturn|p2b: Whimsicott|Protect\n|move|p1b: Cove's Revenge|Jet Punch|p2a: Meow\n|-supereffective|p2a: Meow|1\n|-damage|p2a: Meow|0 fnt\n|faint|p2a: Meow\n|move|p1a: Dont Taze me Bro|Volt Switch|p2b: Whimsicott\n|-activate|p2b: Whimsicott|move: Protect\n|\n|upkeep\n|turn|12\n|\n|t:|1788394203\n|move|p1b: Cove's Revenge|Jet Punch|p2b: Whimsicott\n|-resisted|p2b: Whimsicott|1\n|-damage|p2b: Whimsicott|46/100\n|move|p2b: Whimsicott|Moonblast|p1b: Cove's Revenge\n|-damage|p1b: Cove's Revenge|18/100\n|move|p1a: Dont Taze me Bro|Zap Cannon|p2b: Whimsicott\n|-resisted|p2b: Whimsicott|1\n|-damage|p2b: Whimsicott|0 fnt\n|faint|p2b: Whimsicott\n|\n|win|jackofharts9\n||shinypantss is ready for game 3.\n|inactive|jackofharts9 has 30 seconds to confirm battle start!\n||jackofharts9 is ready for game 3.\n|uhtml|next|Next: <a href=\"/battle-gen9championsvgc2026regmb-2674710914\"><strong>Game 3 of 3</strong></a>\n|l| rileyjawn baby\n|l| tmacp\n|l| brehio11\n|l|☆shinypantss\n|player|p2|\n|l| ripley98\n","uploadtime":1788394455,"views":"3","formatid":"gen9championsvgc2026regmb","rating":null,"private":0,"password":null}