{"id":"gen9championsvgc2026regmbbo3-2675024365","format":"[Gen 9 Champions] VGC 2026 Reg M-B (Bo3)","players":["jokkebrok","DINOLONK"],"log":"|j|☆jokkebrok\n|j|☆DINOLONK\n|html|<table width=\"100%\"><tr><td align=\"left\">jokkebrok</td><td align=\"right\">DINOLONK</tr><tr><td align=\"left\"><i class=\"fa fa-circle\"></i> <i class=\"fa fa-circle-o\"></i> </td><td align=\"right\"><i class=\"fa fa-circle-o\"></i> <i class=\"fa fa-circle\"></i> </tr></table>\n|uhtml|bestof|<h2><strong>Game 3</strong> of <a href=\"/game-bestof3-gen9championsvgc2026regmbbo3-2675022118\">a best-of-3</a></h2>\n|t:|1788449987\n|gametype|doubles\n|player|p1|jokkebrok|guzma|1201\n|player|p2|DINOLONK|parasollady-gen4|1441\n|gen|9\n|tier|[Gen 9 Champions] VGC 2026 Reg M-B (Bo3)\n|rated|\n|rule|Species Clause: Limit one of each Pokémon\n|rule|Item Clause: Limit 1 of each item\n|clearpoke\n|poke|p1|Garchomp, L50, M|\n|poke|p1|Dragonite, L50, M|\n|poke|p1|Sneasler, L50, M|\n|poke|p1|Basculegion, L50, M|\n|poke|p1|Kingambit, L50, M|\n|poke|p1|Froslass, L50, F|\n|poke|p2|Dragonite, L50, M|\n|poke|p2|Sneasler, L50, M|\n|poke|p2|Kingambit, L50, F|\n|poke|p2|Basculegion, L50, M|\n|poke|p2|Whimsicott, L50, M|\n|poke|p2|Floette-Eternal, L50, F|\n|teampreview|4\n|showteam|p1|Garchomp||LifeOrb|RoughSkin|DragonClaw,Earthquake,RockSlide,Protect|Jolly||M|||50|]Dragonite||Dragoninite|Multiscale|DracoMeteor,Flamethrower,Thunderbolt,Protect|Modest||M|||50|]Sneasler||FocusSash|PoisonTouch|FakeOut,PoisonJab,CloseCombat,Protect|Jolly||M|||50|]Basculegion||ChoiceScarf|Adaptability|AquaJet,FlipTurn,WaveCrash,LastRespects|Adamant||M|||50|]Kingambit||ChopleBerry|Defiant|SuckerPunch,KowtowCleave,IronHead,Protect|Adamant||M|||50|]Froslass||Froslassite|SnowCloak|AuroraVeil,Blizzard,ShadowBall,Protect|Timid||F|||50|\n|showteam|p2|Dragonite||Dragoninite|InnerFocus|DragonPulse,HeatWave,Thunderbolt,Protect|Modest||M|||50|]Sneasler||WhiteHerb|Unburden|DireClaw,CloseCombat,RockSlide,FakeOut|Jolly||M|||50|]Kingambit||ChopleBerry|Defiant|KowtowCleave,SuckerPunch,LowKick,IronHead|Adamant||F|||50|]Basculegion||LifeOrb|Adaptability|WaveCrash,LastRespects,AquaJet,Protect|Adamant||M|||50|]Whimsicott||FocusSash|Prankster|Moonblast,Tailwind,Encore,Protect|Timid||M|||50|]Floette-Eternal||Floettite|FlowerVeil|Moonblast,DazzlingGleam,LightofRuin,Protect|Timid||F|||50|\n|inactive|Battle timer is ON: inactive players will automatically lose when time's up. (requested by DINOLONK)\n|\n|t:|1788450004\n|teamsize|p1|4\n|teamsize|p2|4\n|start\n|switch|p1a: the King|Kingambit, L50, M|100/100\n|switch|p1b: Scratchy|Sneasler, L50, M|100/100\n|switch|p2a: Kingambit|Kingambit, L50, F|100/100\n|switch|p2b: Floette|Floette-Eternal, L50, F|100/100\n|turn|1\n|inactive|DINOLONK has 30 seconds left.\n|\n|t:|1788450030\n|move|p2b: Floette|Protect|p2b: Floette\n|-singleturn|p2b: Floette|Protect\n|move|p1b: Scratchy|Fake Out|p2a: Kingambit\n|-resisted|p2a: Kingambit|1\n|-damage|p2a: Kingambit|94/100\n|cant|p2a: Kingambit|flinch\n|move|p1a: the King|Iron Head|p2b: Floette\n|-activate|p2b: Floette|move: Protect\n|\n|upkeep\n|turn|2\n|\n|t:|1788450044\n|switch|p2b: Basculegion|Basculegion, L50, M|100/100\n|move|p1b: Scratchy|Close Combat|p2a: Kingambit\n|-supereffective|p2a: Kingambit|2\n|-enditem|p2a: Kingambit|Chople Berry|[eat]\n|-enditem|p2a: Kingambit|Chople Berry|[weaken]\n|-damage|p2a: Kingambit|1/100\n|-unboost|p1b: Scratchy|def|1\n|-unboost|p1b: Scratchy|spd|1\n|move|p2a: Kingambit|Low Kick|p1a: the King\n|-supereffective|p1a: the King|2\n|-crit|p1a: the King\n|-enditem|p1a: the King|Chople Berry|[eat]\n|-enditem|p1a: the King|Chople Berry|[weaken]\n|-damage|p1a: the King|21/100\n|move|p1a: the King|Iron Head|p2b: Basculegion\n|-resisted|p2b: Basculegion|1\n|-damage|p2b: Basculegion|75/100\n|\n|upkeep\n|turn|3\n|inactive|jokkebrok has 30 seconds left.\n|\n|t:|1788450071\n|move|p2b: Basculegion|Aqua Jet|p1b: Scratchy\n|-damage|p1b: Scratchy|8/100\n|-damage|p2b: Basculegion|66/100|[from] item: Life Orb\n|move|p2a: Kingambit|Sucker Punch|p1b: Scratchy\n|-resisted|p1b: Scratchy|1\n|-damage|p1b: Scratchy|0 fnt\n|faint|p1b: Scratchy\n|move|p1a: the King|Kowtow Cleave|p2b: Basculegion\n|-supereffective|p2b: Basculegion|1\n|-damage|p2b: Basculegion|0 fnt\n|faint|p2b: Basculegion\n|\n|upkeep\n|\n|t:|1788450082\n|switch|p1b: the LEGEND|Basculegion, L50, M|100/100\n|switch|p2b: Whimsicott|Whimsicott, L50, M|100/100\n|turn|4\n|\n|t:|1788450093\n|move|p1b: the LEGEND|Aqua Jet|p2a: Kingambit\n|-damage|p2a: Kingambit|0 fnt\n|faint|p2a: Kingambit\n|move|p2b: Whimsicott|Tailwind|p2b: Whimsicott\n|-sidestart|p2: DINOLONK|move: Tailwind\n|move|p1a: the King|Iron Head|p2b: Whimsicott\n|-supereffective|p2b: Whimsicott|1\n|-enditem|p2b: Whimsicott|Focus Sash\n|-damage|p2b: Whimsicott|1/100\n|\n|upkeep\n|\n|t:|1788450096\n|switch|p2a: Floette|Floette-Eternal, L50, F|100/100\n|turn|5\n|\n|t:|1788450119\n|switch|p1b: the Queen|Froslass, L50, F|100/100\n|detailschange|p2a: Floette|Floette-Mega, L50, F\n|-mega|p2a: Floette|Floette|Floettite\n|-ability|p2a: Floette|Fairy Aura\n|move|p2b: Whimsicott|Protect|p2b: Whimsicott\n|-singleturn|p2b: Whimsicott|Protect\n|move|p1a: the King|Sucker Punch||[still]\n|-fail|p1a: the King\n|move|p2a: Floette|Dazzling Gleam|p1b: the Queen|[spread] p1a,p1b\n|-damage|p1a: the King|0 fnt\n|-damage|p1b: the Queen|23/100\n|faint|p1a: the King\n|\n|upkeep\n|\n|t:|1788450131\n|switch|p1a: the LEGEND|Basculegion, L50, M|100/100\n|turn|6\n|\n|t:|1788450142\n|move|p2b: Whimsicott|Protect||[still]\n|-fail|p2b: Whimsicott\n|move|p1b: the Queen|Protect|p1b: the Queen\n|-singleturn|p1b: the Queen|Protect\n|move|p2a: Floette|Dazzling Gleam|p1a: the LEGEND|[spread] p1a\n|-activate|p1b: the Queen|move: Protect\n|-damage|p1a: the LEGEND|41/100\n|move|p1a: the LEGEND|Wave Crash|p2a: Floette\n|-damage|p2a: Floette|0 fnt\n|faint|p2a: Floette\n|-damage|p1a: the LEGEND|15/100|[from] Recoil\n|\n|upkeep\n|turn|7\n|\n|t:|1788450157\n|detailschange|p1b: the Queen|Froslass-Mega, L50, F\n|-mega|p1b: the Queen|Froslass|Froslassite\n|-weather|Snowscape|[from] ability: Snow Warning|[of] p1b: the Queen\n|move|p2b: Whimsicott|Moonblast|p1a: the LEGEND\n|-damage|p1a: the LEGEND|0 fnt\n|faint|p1a: the LEGEND\n|move|p1b: the Queen|Blizzard|p2b: Whimsicott\n|-supereffective|p2b: Whimsicott|1\n|-damage|p2b: Whimsicott|0 fnt\n|faint|p2b: Whimsicott\n|\n|win|jokkebrok\n|raw|jokkebrok's rating: 1201 &rarr; <strong>1241</strong><br />(+40 for winning)\n|raw|DINOLONK's rating: 1441 &rarr; <strong>1409</strong><br />(-32 for losing)\n","uploadtime":1788450157,"views":"0","formatid":"gen9championsvgc2026regmbbo3","rating":1241,"private":0,"password":null}