{"id":"gen9championsvgc2026regmbbo3-2674557396","format":"[Gen 9 Champions] VGC 2026 Reg M-B (Bo3)","players":["Akhy_LOQ28","R1ply"],"log":"|j|☆Akhy_LOQ28\n|j|☆R1ply\n|html|<table width=\"100%\"><tr><td align=\"left\">Akhy_LOQ28</td><td align=\"right\">R1ply</tr><tr><td align=\"left\"><i class=\"fa fa-circle-o\"></i> <i class=\"fa fa-circle-o\"></i> </td><td align=\"right\"><i class=\"fa fa-circle-o\"></i> <i class=\"fa fa-circle-o\"></i> </tr></table>\n|uhtml|bestof|<h2><strong>Game 1</strong> of <a href=\"/game-bestof3-gen9championsvgc2026regmbbo3-2674557395\">a best-of-3</a></h2>\n|t:|1788373682\n|gametype|doubles\n|player|p1|Akhy_LOQ28|veteran|\n|player|p2|R1ply|acetrainer-gen4dp|\n|gen|9\n|tier|[Gen 9 Champions] VGC 2026 Reg M-B (Bo3)\n|rule|Species Clause: Limit one of each Pokémon\n|rule|Item Clause: Limit 1 of each item\n|clearpoke\n|poke|p1|Delphox, L50, F, shiny|\n|poke|p1|Weavile, L50, F|\n|poke|p1|Sinistcha-Masterpiece, L50, shiny|\n|poke|p1|Kommo-o, L50, M|\n|poke|p1|Incineroar, L50, M, shiny|\n|poke|p1|Floette-Eternal, L50, F|\n|poke|p2|Raichu, L50, F|\n|poke|p2|Staraptor, L50, M|\n|poke|p2|Kingambit, L50, F|\n|poke|p2|Sylveon, L50, M|\n|poke|p2|Farigiraf, L50, M|\n|poke|p2|Arcanine-Hisui, L50, F|\n|teampreview|4\n|showteam|p1|Delphox||Delphoxite|Blaze|Protect,Psychic,HeatWave,NastyPlot|Timid||F|||50|]Weavile||FocusSash|Pressure|KnockOff,TripleAxel,FakeOut,UpperHand|Jolly||F|||50|]Sinistcha-Masterpiece||KasibBerry|Hospitality|Protect,RagePowder,MatchaGotcha,TrickRoom|Bold|||||50|]Kommo-o||Leftovers|Soundproof|Protect,AuraSphere,ClangingScales,ClangorousSoul|Timid||M|||50|]Incineroar||SitrusBerry|Intimidate|DarkestLariat,HelpingHand,PartingShot,FakeOut|Impish||M|||50|]Floette-Eternal||Floettite|FlowerVeil|Protect,DazzlingGleam,Moonblast,CalmMind|Timid||F|||50|\n|showteam|p2|Raichu||RaichuniteY|LightningRod|FakeOut,ZapCannon,FocusBlast,Protect|Timid||F|||50|]Staraptor||Staraptite|Intimidate|DualWingbeat,CloseCombat,Tailwind,Protect|Jolly||M|||50|]Kingambit||LifeOrb|Defiant|SuckerPunch,KowtowCleave,SwordsDance,Protect|Adamant||F|||50|]Sylveon||FairyFeather|Pixilate|QuickAttack,HyperVoice,HyperBeam,Detect|Modest||M|||50|]Farigiraf||SitrusBerry|ArmorTail|Psychic,TrickRoom,HelpingHand,Protect|Calm||M|||50|]Arcanine-Hisui||FocusSash|RockHead|ExtremeSpeed,FlareBlitz,HeadSmash,Protect|Jolly||F|||50|\n|inactive|Battle timer is ON: inactive players will automatically lose when time's up. (requested by R1ply)\n|c|☆R1ply|gl hf\n|inactive|Akhy_LOQ28 has 60 seconds left.\n|inactive|R1ply has 60 seconds left.\n|inactive|Akhy_LOQ28 has 30 seconds left.\n|\n|t:|1788373745\n|teamsize|p1|4\n|teamsize|p2|4\n|start\n|switch|p1a: Delphox|Delphox, L50, F, shiny|100/100\n|switch|p1b: Incineroar|Incineroar, L50, M, shiny|100/100\n|switch|p2a: Staraptor|Staraptor, L50, M|100/100\n|switch|p2b: Arcanine|Arcanine-Hisui, L50, F|100/100\n|-ability|p2a: Staraptor|Intimidate|boost\n|-unboost|p1a: Delphox|atk|1\n|-unboost|p1b: Incineroar|atk|1\n|-ability|p1b: Incineroar|Intimidate|boost\n|-unboost|p2a: Staraptor|atk|1\n|-unboost|p2b: Arcanine|atk|1\n|turn|1\n|inactive|R1ply has 30 seconds left.\n|\n|t:|1788373776\n|switch|p2a: Farigiraf|Farigiraf, L50, M|100/100\n|detailschange|p1a: Delphox|Delphox-Mega, L50, F, shiny\n|-mega|p1a: Delphox|Delphox|Delphoxite\n|move|p1b: Incineroar|Fake Out||[still]\n|cant|p2a: Farigiraf|ability: Armor Tail|Fake Out|[of] p1b: Incineroar\n|move|p1a: Delphox|Nasty Plot|p1a: Delphox\n|-boost|p1a: Delphox|spa|2\n|move|p2b: Arcanine|Head Smash|p1a: Delphox\n|-supereffective|p1a: Delphox|1\n|-damage|p1a: Delphox|0 fnt\n|faint|p1a: Delphox\n|\n|upkeep\n|\n|t:|1788373791\n|switch|p1a: Kommo-o|Kommo-o, L50, M|100/100\n|turn|2\n|\n|t:|1788373809\n|switch|p2b: Staraptor|Staraptor, L50, M|100/100\n|-ability|p2b: Staraptor|Intimidate|boost\n|-unboost|p1a: Kommo-o|atk|1\n|-unboost|p1b: Incineroar|atk|1\n|move|p1a: Kommo-o|Clangorous Soul|p1a: Kommo-o\n|-boost|p1a: Kommo-o|atk|1\n|-boost|p1a: Kommo-o|def|1\n|-boost|p1a: Kommo-o|spa|1\n|-boost|p1a: Kommo-o|spd|1\n|-boost|p1a: Kommo-o|spe|1\n|-damage|p1a: Kommo-o|67/100\n|move|p1b: Incineroar|Parting Shot|p2b: Staraptor\n|-unboost|p2b: Staraptor|atk|1\n|-unboost|p2b: Staraptor|spa|1\n|\n|t:|1788373823\n|switch|p1b: Sinistcha|Sinistcha-Masterpiece, L50, shiny|100/100|[from] Parting Shot\n|-heal|p1a: Kommo-o|92/100|[from] ability: Hospitality|[of] p1b: Sinistcha\n|move|p2a: Farigiraf|Trick Room|p2a: Farigiraf\n|-fieldstart|move: Trick Room|[of] p2a: Farigiraf\n|\n|-heal|p1a: Kommo-o|98/100|[from] item: Leftovers\n|upkeep\n|turn|3\n|inactive|Akhy_LOQ28 has 30 seconds left.\n|\n|t:|1788373848\n|switch|p2b: Sylveon|Sylveon, L50, M|100/100\n|move|p1b: Sinistcha|Rage Powder|p1b: Sinistcha\n|-singleturn|p1b: Sinistcha|move: Rage Powder\n|move|p2a: Farigiraf|Psychic|p1b: Sinistcha\n|-damage|p1b: Sinistcha|63/100\n|-unboost|p1b: Sinistcha|spd|1\n|move|p1a: Kommo-o|Clanging Scales|p2b: Sylveon|[spread] p2a\n|-immune|p2b: Sylveon\n|-damage|p2a: Farigiraf|62/100\n|-unboost|p1a: Kommo-o|def|1\n|\n|-heal|p1a: Kommo-o|100/100|[from] item: Leftovers\n|upkeep\n|turn|4\n|inactive|Akhy_LOQ28 has 30 seconds left.\n|inactive|Akhy_LOQ28 has 20 seconds left.\n|\n|t:|1788373887\n|move|p2a: Farigiraf|Helping Hand|p2b: Sylveon\n|-singleturn|p2b: Sylveon|Helping Hand|[of] p2a: Farigiraf\n|move|p1a: Kommo-o|Protect|p1a: Kommo-o\n|-singleturn|p1a: Kommo-o|Protect\n|move|p2b: Sylveon|Hyper Voice|p1b: Sinistcha|[spread] p1b\n|-activate|p1a: Kommo-o|move: Protect\n|-damage|p1b: Sinistcha|0 fnt\n|faint|p1b: Sinistcha\n|\n|upkeep\n|\n|t:|1788373897\n|switch|p1b: Incineroar|Incineroar, L50, M, shiny|100/100\n|-ability|p1b: Incineroar|Intimidate|boost\n|-unboost|p2a: Farigiraf|atk|1\n|-unboost|p2b: Sylveon|atk|1\n|turn|5\n|\n|t:|1788373912\n|move|p2a: Farigiraf|Helping Hand|p2b: Sylveon\n|-singleturn|p2b: Sylveon|Helping Hand|[of] p2a: Farigiraf\n|move|p1b: Incineroar|Darkest Lariat|p2b: Sylveon\n|-resisted|p2b: Sylveon|1\n|-damage|p2b: Sylveon|81/100\n|move|p2b: Sylveon|Hyper Voice|p1a: Kommo-o|[spread] p1b\n|-immune|p1a: Kommo-o|[from] ability: Soundproof\n|-damage|p1b: Incineroar|42/100\n|-enditem|p1b: Incineroar|Sitrus Berry|[eat]\n|-heal|p1b: Incineroar|66/100|[from] item: Sitrus Berry\n|move|p1a: Kommo-o|Aura Sphere|p2b: Sylveon\n|-resisted|p2b: Sylveon|1\n|-damage|p2b: Sylveon|64/100\n|\n|upkeep\n|turn|6\n|inactive|Akhy_LOQ28 has 30 seconds left.\n|inactive|R1ply has 30 seconds left.\n|\n|t:|1788373938\n|move|p2a: Farigiraf|Helping Hand|p2b: Sylveon\n|-singleturn|p2b: Sylveon|Helping Hand|[of] p2a: Farigiraf\n|move|p1b: Incineroar|Helping Hand|p1a: Kommo-o\n|-singleturn|p1a: Kommo-o|Helping Hand|[of] p1b: Incineroar\n|move|p2b: Sylveon|Hyper Beam|p1a: Kommo-o\n|-supereffective|p1a: Kommo-o|2\n|-damage|p1a: Kommo-o|0 fnt\n|-mustrecharge|p2b: Sylveon\n|faint|p1a: Kommo-o\n|\n|-fieldend|move: Trick Room\n|upkeep\n|turn|7\n|\n|t:|1788373952\n|switch|p2a: Staraptor|Staraptor, L50, M|100/100\n|-ability|p2a: Staraptor|Intimidate|boost\n|-unboost|p1b: Incineroar|atk|1\n|cant|p2b: Sylveon|recharge\n|move|p1b: Incineroar|Darkest Lariat|p2a: Staraptor\n|-damage|p2a: Staraptor|67/100\n|\n|upkeep\n|turn|8\n|\n|t:|1788373968\n|detailschange|p2a: Staraptor|Staraptor-Mega, L50, M\n|-mega|p2a: Staraptor|Staraptor|Staraptite\n|move|p2a: Staraptor|Close Combat|p1b: Incineroar\n|-supereffective|p1b: Incineroar|1\n|-damage|p1b: Incineroar|0 fnt\n|-boost|p2a: Staraptor|def|1\n|-boost|p2a: Staraptor|spd|1\n|faint|p1b: Incineroar\n|\n|win|R1ply\n||R1ply is ready for game 2.\n|inactive|Akhy_LOQ28 has 30 seconds to confirm battle start!\n||Akhy_LOQ28 is ready for game 2.\n|uhtml|next|Next: <a href=\"/battle-gen9championsvgc2026regmbbo3-2674560078\"><strong>Game 2 of 3</strong></a>\n|l|☆Akhy_LOQ28\n|player|p1|\n","uploadtime":1788374367,"views":"1","formatid":"gen9championsvgc2026regmbbo3","rating":null,"private":0,"password":null}