{"id":"gen9championsvgc2026regmbbo3-2673420828","format":"[Gen 9 Champions] VGC 2026 Reg M-B (Bo3)","players":["dsfedfceswe","spodermees"],"log":"|j|☆dsfedfceswe\n|j|☆spodermees\n|html|<table width=\"100%\"><tr><td align=\"left\">dsfedfceswe</td><td align=\"right\">spodermees</tr><tr><td align=\"left\"><i class=\"fa fa-circle-o\"></i> <i class=\"fa fa-circle-o\"></i> </td><td align=\"right\"><i class=\"fa fa-circle-o\"></i> <i class=\"fa fa-circle-o\"></i> </tr></table>\n|uhtml|bestof|<h2><strong>Game 1</strong> of <a href=\"/game-bestof3-gen9championsvgc2026regmbbo3-2673420827\">a best-of-3</a></h2>\n|t:|1788195711\n|gametype|doubles\n|player|p1|dsfedfceswe|1|1138\n|player|p2|spodermees|sailor|1250\n|gen|9\n|tier|[Gen 9 Champions] VGC 2026 Reg M-B (Bo3)\n|rated|\n|rule|Species Clause: Limit one of each Pokémon\n|rule|Item Clause: Limit 1 of each item\n|clearpoke\n|poke|p1|Staraptor, L50, M, shiny|\n|poke|p1|Whimsicott, L50, M, shiny|\n|poke|p1|Archaludon, L50, M, shiny|\n|poke|p1|Garchomp, L50, M, shiny|\n|poke|p1|Delphox, L50, M, shiny|\n|poke|p1|Basculegion, L50, M, shiny|\n|poke|p2|Kingambit, L50, M|\n|poke|p2|Farigiraf, L50, F|\n|poke|p2|Charizard, L50, F|\n|poke|p2|Aerodactyl, L50, M|\n|poke|p2|Garchomp, L50, F|\n|poke|p2|Sylveon, L50, M|\n|teampreview|4\n|showteam|p1|Staraptor||Staraptite|Intimidate|CloseCombat,Roost,DualWingbeat,Protect|Jolly||M|||50|]Whimsicott||FocusSash|Prankster|Tailwind,Charm,Encore,Moonblast|Modest||M|||50|]Archaludon||Leftovers|Stamina|Protect,ElectroShot,FlashCannon,DracoMeteor|Modest||M|||50|]Garchomp||LifeOrb|RoughSkin|Protect,RockSlide,DragonClaw,Earthquake|Adamant||M|||50|]Delphox||Delphoxite|Magician|DazzlingGleam,CalmMind,Flamethrower,Psychic|Timid||M|||50|]Basculegion||ChoiceScarf|Adaptability|WaveCrash,FlipTurn,LastRespects,Crunch|Jolly||M|||50|\n|showteam|p2|Kingambit||FocusSash|Defiant|KowtowCleave,IronHead,LowKick,SuckerPunch|Adamant||M|||50|]Farigiraf||SitrusBerry|ArmorTail|TrickRoom,Thunderbolt,HelpingHand,SunnyDay|Serious||F|||50|]Charizard||CharizarditeY|Blaze|HeatWave,WeatherBall,SolarBeam,Protect|Modest||F|||50|]Aerodactyl||Aerodactylite|Unnerve|RockSlide,DualWingbeat,IceFang,Tailwind|Jolly||M|||50|]Garchomp||LifeOrb|RoughSkin|Protect,Earthquake,DragonClaw,StompingTantrum|Jolly||F|||50|]Sylveon||FairyFeather|Pixilate|HyperBeam,HyperVoice,QuickAttack,Protect|Modest||M|||50|\n|inactive|Battle timer is ON: inactive players will automatically lose when time's up. (requested by spodermees)\n|inactive|dsfedfceswe has 60 seconds left.\n|\n|t:|1788195761\n|teamsize|p1|4\n|teamsize|p2|4\n|start\n|switch|p1a: Staraptor|Staraptor, L50, M, shiny|100/100\n|switch|p1b: Whimsicott|Whimsicott, L50, M, shiny|100/100\n|switch|p2a: Kingambit|Kingambit, L50, M|100/100\n|switch|p2b: Aerodactyl|Aerodactyl, L50, M|100/100\n|-ability|p2b: Aerodactyl|Unnerve\n|-ability|p1a: Staraptor|Intimidate|boost\n|-unboost|p2a: Kingambit|atk|1\n|-ability|p2a: Kingambit|Defiant|boost\n|-boost|p2a: Kingambit|atk|2\n|-unboost|p2b: Aerodactyl|atk|1\n|turn|1\n|inactive|dsfedfceswe has 30 seconds left.\n|inactive|dsfedfceswe has 20 seconds left.\n|\n|t:|1788195801\n|detailschange|p2b: Aerodactyl|Aerodactyl-Mega, L50, M\n|-mega|p2b: Aerodactyl|Aerodactyl|Aerodactylite\n|detailschange|p1a: Staraptor|Staraptor-Mega, L50, M, shiny\n|-mega|p1a: Staraptor|Staraptor|Staraptite\n|move|p1b: Whimsicott|Tailwind|p1b: Whimsicott\n|-sidestart|p1: dsfedfceswe|move: Tailwind\n|move|p1a: Staraptor|Close Combat|p2a: Kingambit\n|-supereffective|p2a: Kingambit|2\n|-enditem|p2a: Kingambit|Focus Sash\n|-damage|p2a: Kingambit|1/100\n|-boost|p1a: Staraptor|def|1\n|-boost|p1a: Staraptor|spd|1\n|move|p2b: Aerodactyl|Dual Wingbeat|p1a: Staraptor|[miss]\n|-miss|p2b: Aerodactyl|p1a: Staraptor\n|move|p2a: Kingambit|Iron Head|p1a: Staraptor\n|-damage|p1a: Staraptor|58/100\n|\n|upkeep\n|turn|2\n|inactive|dsfedfceswe has 30 seconds left.\n|\n|t:|1788195828\n|move|p1b: Whimsicott|Charm|p1a: Staraptor\n|-boost|p1a: Staraptor|atk|2\n|move|p2a: Kingambit|Sucker Punch|p1a: Staraptor\n|-resisted|p1a: Staraptor|1\n|-damage|p1a: Staraptor|40/100\n|move|p1a: Staraptor|Close Combat|p2a: Kingambit\n|-supereffective|p2a: Kingambit|2\n|-damage|p2a: Kingambit|0 fnt\n|-boost|p1a: Staraptor|def|1\n|-boost|p1a: Staraptor|spd|1\n|faint|p2a: Kingambit\n|move|p2b: Aerodactyl|Dual Wingbeat|p1a: Staraptor\n|-supereffective|p1a: Staraptor|1\n|-damage|p1a: Staraptor|23/100\n|-supereffective|p1a: Staraptor|1\n|-damage|p1a: Staraptor|6/100\n|-hitcount|p1a: Staraptor|2\n|\n|upkeep\n|\n|t:|1788195841\n|switch|p2a: Sylveon|Sylveon, L50, M|100/100\n|turn|3\n|\n|t:|1788195858\n|move|p1b: Whimsicott|Charm|p1a: Staraptor\n|-boost|p1a: Staraptor|atk|2\n|move|p2a: Sylveon|Quick Attack|p1a: Staraptor\n|-supereffective|p1a: Staraptor|1\n|-damage|p1a: Staraptor|0 fnt\n|faint|p1a: Staraptor\n|move|p2b: Aerodactyl|Dual Wingbeat|p1b: Whimsicott\n|-supereffective|p1b: Whimsicott|1\n|-damage|p1b: Whimsicott|38/100\n|-supereffective|p1b: Whimsicott|1\n|-damage|p1b: Whimsicott|0 fnt\n|faint|p1b: Whimsicott\n|-hitcount|p1: Whimsicott|2\n|\n|upkeep\n|\n|t:|1788195868\n|switch|p1a: Archaludon|Archaludon, L50, M, shiny|100/100\n|switch|p1b: Garchomp|Garchomp, L50, M, shiny|100/100\n|turn|4\n|\n|t:|1788195887\n|switch|p2b: Farigiraf|Farigiraf, L50, F|100/100\n|move|p2a: Sylveon|Protect|p2a: Sylveon\n|-singleturn|p2a: Sylveon|Protect\n|move|p1b: Garchomp|Rock Slide|p2b: Farigiraf|[spread] p2b\n|-activate|p2a: Sylveon|move: Protect\n|-damage|p2b: Farigiraf|75/100\n|-damage|p1b: Garchomp|90/100|[from] item: Life Orb\n|move|p1a: Archaludon|Flash Cannon|p2a: Sylveon\n|-activate|p2a: Sylveon|move: Protect\n|\n|-sideend|p1: dsfedfceswe|move: Tailwind\n|upkeep\n|turn|5\n|\n|t:|1788195911\n|move|p2b: Farigiraf|Helping Hand|p2a: Sylveon\n|-singleturn|p2a: Sylveon|Helping Hand|[of] p2b: Farigiraf\n|move|p1b: Garchomp|Rock Slide|p2b: Farigiraf|[spread] p2a,p2b\n|-damage|p2a: Sylveon|74/100\n|-damage|p2b: Farigiraf|54/100\n|-damage|p1b: Garchomp|80/100|[from] item: Life Orb\n|move|p1a: Archaludon|Flash Cannon|p2a: Sylveon\n|-supereffective|p2a: Sylveon|1\n|-damage|p2a: Sylveon|19/100\n|-unboost|p2a: Sylveon|spd|1\n|move|p2a: Sylveon|Hyper Voice|p1b: Garchomp|[spread] p1a,p1b\n|-supereffective|p1b: Garchomp|1\n|-damage|p1a: Archaludon|34/100\n|-damage|p1b: Garchomp|0 fnt\n|-ability|p1a: Archaludon|Stamina|boost\n|-boost|p1a: Archaludon|def|1\n|faint|p1b: Garchomp\n|\n|-heal|p1a: Archaludon|40/100|[from] item: Leftovers\n|upkeep\n|turn|6\n|\n|t:|1788195928\n|move|p2a: Sylveon|Protect|p2a: Sylveon\n|-singleturn|p2a: Sylveon|Protect\n|move|p1a: Archaludon|Flash Cannon|p2a: Sylveon\n|-activate|p2a: Sylveon|move: Protect\n|move|p2b: Farigiraf|Trick Room|p2b: Farigiraf\n|-fieldstart|move: Trick Room|[of] p2b: Farigiraf\n|\n|-heal|p1a: Archaludon|46/100|[from] item: Leftovers\n|upkeep\n|turn|7\n|\n|t:|1788195939\n|move|p2b: Farigiraf|Helping Hand|p2a: Sylveon\n|-singleturn|p2a: Sylveon|Helping Hand|[of] p2b: Farigiraf\n|move|p1a: Archaludon|Protect|p1a: Archaludon\n|-singleturn|p1a: Archaludon|Protect\n|move|p2a: Sylveon|Hyper Voice|p1a: Archaludon\n|-activate|p1a: Archaludon|move: Protect\n|\n|-heal|p1a: Archaludon|52/100|[from] item: Leftovers\n|upkeep\n|turn|8\n|\n|t:|1788195948\n|move|p2b: Farigiraf|Helping Hand|p2a: Sylveon\n|-singleturn|p2a: Sylveon|Helping Hand|[of] p2b: Farigiraf\n|move|p1a: Archaludon|Protect||[still]\n|-fail|p1a: Archaludon\n|move|p2a: Sylveon|Hyper Voice|p1a: Archaludon\n|-damage|p1a: Archaludon|0 fnt\n|faint|p1a: Archaludon\n|\n|win|spodermees\n","uploadtime":1788195948,"views":"1","formatid":"gen9championsvgc2026regmbbo3","rating":null,"private":0,"password":null}