{"id":"gen9championsvgc2026regmbbo3-2674520940","format":"[Gen 9 Champions] VGC 2026 Reg M-B (Bo3)","players":["manucoel","Cactusmax"],"log":"|j|☆manucoel\n|j|☆Cactusmax\n|html|<table width=\"100%\"><tr><td align=\"left\">manucoel</td><td align=\"right\">Cactusmax</tr><tr><td align=\"left\"><i class=\"fa fa-circle-o\"></i> <i class=\"fa fa-circle-o\"></i> </td><td align=\"right\"><i class=\"fa fa-circle-o\"></i> <i class=\"fa fa-circle-o\"></i> </tr></table>\n|uhtml|bestof|<h2><strong>Game 1</strong> of <a href=\"/game-bestof3-gen9championsvgc2026regmbbo3-2674520939\">a best-of-3</a></h2>\n|t:|1788369525\n|gametype|doubles\n|player|p1|manucoel|265|\n|player|p2|Cactusmax|ballguy|\n|gen|9\n|tier|[Gen 9 Champions] VGC 2026 Reg M-B (Bo3)\n|rule|Species Clause: Limit one of each Pokémon\n|rule|Item Clause: Limit 1 of each item\n|clearpoke\n|poke|p1|Overqwil, L50, F|\n|poke|p1|Sneasler, L50, M|\n|poke|p1|Sableye, L50, M|\n|poke|p1|Delphox, L50, M|\n|poke|p1|Weavile, L50, F|\n|poke|p1|Charizard, L50, F|\n|poke|p2|Blastoise, L50, M|\n|poke|p2|Delphox, L50, M|\n|poke|p2|Sinistcha-Masterpiece, L50|\n|poke|p2|Sneasler, L50, F|\n|poke|p2|Kingambit, L50, M|\n|poke|p2|Incineroar, L50, M|\n|teampreview|4\n|showteam|p1|Overqwil||Leftovers|Intimidate|BarbBarrage,Minimize,Stockpile,Protect|Careful||F|||50|]Sneasler||WhiteHerb|Unburden|FakeOut,Protect,DireClaw,CloseCombat|Jolly||M|||50|]Sableye||SitrusBerry|Prankster|LightScreen,SunnyDay,FakeOut,WillOWisp|Sassy||M|||50|]Delphox||Delphoxite|Blaze|HeatWave,Psychic,PsychUp,Protect|Timid||M|||50|]Weavile||FocusSash|Pickpocket|FakeOut,KnockOff,IceSpinner,Protect|Jolly||F|||50|]Charizard||CharizarditeY|Blaze|Protect,SolarBeam,HeatWave,AirSlash|Timid||F|||50|\n|showteam|p2|Blastoise||Blastoisinite|RainDish|WaterSpout,DarkPulse,ShellSmash,Protect|Modest||M|||50|]Delphox||Delphoxite|Blaze|HeatWave,Psychic,NastyPlot,Protect|Timid||M|||50|]Sinistcha-Masterpiece||ColburBerry|Hospitality|MatchaGotcha,RagePowder,TrickRoom,Protect|Bold|||||50|]Sneasler||FocusSash|PoisonTouch|FakeOut,PoisonJab,CloseCombat,QuickGuard|Jolly||F|||50|]Kingambit||LifeOrb|Defiant|KowtowCleave,SuckerPunch,SwordsDance,Protect|Adamant||M|||50|]Incineroar||SitrusBerry|Intimidate|FakeOut,FlareBlitz,ThroatChop,PartingShot|Careful||M|||50|\n|inactive|Battle timer is ON: inactive players will automatically lose when time's up. (requested by manucoel)\n|c|☆manucoel|sorry about that\n|c|☆Cactusmax|hf\n|c|☆manucoel|glhf\n|inactive|manucoel has 60 seconds left.\n|\n|t:|1788369559\n|teamsize|p1|4\n|teamsize|p2|4\n|start\n|switch|p1a: Overqwil|Overqwil, L50, F|100/100\n|switch|p1b: Sableye|Sableye, L50, M|100/100\n|switch|p2a: Blastoise|Blastoise, L50, M|100/100\n|switch|p2b: Sinistcha|Sinistcha-Masterpiece, L50|100/100\n|-ability|p1a: Overqwil|Intimidate|boost\n|-unboost|p2a: Blastoise|atk|1\n|-unboost|p2b: Sinistcha|atk|1\n|turn|1\n|\n|t:|1788369575\n|detailschange|p2a: Blastoise|Blastoise-Mega, L50, M\n|-mega|p2a: Blastoise|Blastoise|Blastoisinite\n|move|p1b: Sableye|Fake Out|p2a: Blastoise\n|-damage|p2a: Blastoise|92/100\n|move|p2b: Sinistcha|Rage Powder|p2b: Sinistcha\n|-singleturn|p2b: Sinistcha|move: Rage Powder\n|cant|p2a: Blastoise|flinch\n|move|p1a: Overqwil|Minimize|p1a: Overqwil\n|-boost|p1a: Overqwil|evasion|2\n|\n|upkeep\n|turn|2\n|\n|t:|1788369589\n|move|p2b: Sinistcha|Rage Powder|p2b: Sinistcha\n|-singleturn|p2b: Sinistcha|move: Rage Powder\n|move|p1b: Sableye|Sunny Day|p1b: Sableye\n|-weather|SunnyDay\n|move|p2a: Blastoise|Shell Smash|p2a: Blastoise\n|-unboost|p2a: Blastoise|def|1\n|-unboost|p2a: Blastoise|spd|1\n|-boost|p2a: Blastoise|atk|2\n|-boost|p2a: Blastoise|spa|2\n|-boost|p2a: Blastoise|spe|2\n|move|p1a: Overqwil|Minimize|p1a: Overqwil\n|-boost|p1a: Overqwil|evasion|2\n|\n|-weather|SunnyDay|[upkeep]\n|upkeep\n|turn|3\n|\n|t:|1788369603\n|move|p2b: Sinistcha|Rage Powder|p2b: Sinistcha\n|-singleturn|p2b: Sinistcha|move: Rage Powder\n|move|p1b: Sableye|Light Screen|p1b: Sableye\n|-sidestart|p1: manucoel|move: Light Screen\n|move|p2a: Blastoise|Water Spout|p1b: Sableye|[spread] p1a,p1b\n|-damage|p1a: Overqwil|67/100\n|-damage|p1b: Sableye|54/100\n|move|p1a: Overqwil|Minimize|p1a: Overqwil\n|-boost|p1a: Overqwil|evasion|2\n|\n|-weather|SunnyDay|[upkeep]\n|-heal|p1a: Overqwil|73/100|[from] item: Leftovers\n|upkeep\n|turn|4\n|\n|t:|1788369622\n|move|p2b: Sinistcha|Rage Powder|p2b: Sinistcha\n|-singleturn|p2b: Sinistcha|move: Rage Powder\n|move|p1b: Sableye|Will-O-Wisp|p2b: Sinistcha\n|-status|p2b: Sinistcha|brn\n|move|p2a: Blastoise|Shell Smash|p2a: Blastoise\n|-unboost|p2a: Blastoise|def|1\n|-unboost|p2a: Blastoise|spd|1\n|-boost|p2a: Blastoise|atk|2\n|-boost|p2a: Blastoise|spa|2\n|-boost|p2a: Blastoise|spe|2\n|move|p1a: Overqwil|Stockpile|p1a: Overqwil\n|-start|p1a: Overqwil|stockpile1\n|-boost|p1a: Overqwil|def|1\n|-boost|p1a: Overqwil|spd|1\n|\n|-weather|SunnyDay|[upkeep]\n|-heal|p1a: Overqwil|79/100|[from] item: Leftovers\n|-damage|p2b: Sinistcha|93/100 brn|[from] brn\n|upkeep\n|turn|5\n|\n|t:|1788369642\n|move|p2b: Sinistcha|Rage Powder|p2b: Sinistcha\n|-singleturn|p2b: Sinistcha|move: Rage Powder\n|move|p1b: Sableye|Will-O-Wisp|p2b: Sinistcha\n|-fail|p2b: Sinistcha|brn\n|move|p2a: Blastoise|Water Spout|p1a: Overqwil|[spread] p1b\n|-miss|p2a: Blastoise|p1a: Overqwil\n|-damage|p1b: Sableye|0 fnt\n|faint|p1b: Sableye\n|move|p1a: Overqwil|Stockpile|p1a: Overqwil\n|-start|p1a: Overqwil|stockpile2\n|-boost|p1a: Overqwil|def|1\n|-boost|p1a: Overqwil|spd|1\n|\n|-weather|SunnyDay|[upkeep]\n|-heal|p1a: Overqwil|85/100|[from] item: Leftovers\n|-damage|p2b: Sinistcha|87/100 brn|[from] brn\n|upkeep\n|\n|t:|1788369651\n|switch|p1b: Sneasler|Sneasler, L50, M|100/100\n|turn|6\n|\n|t:|1788369657\n|move|p2a: Blastoise|Protect|p2a: Blastoise\n|-singleturn|p2a: Blastoise|Protect\n|move|p1b: Sneasler|Fake Out|p2a: Blastoise\n|-activate|p2a: Blastoise|move: Protect\n|move|p1a: Overqwil|Stockpile|p1a: Overqwil\n|-start|p1a: Overqwil|stockpile3\n|-boost|p1a: Overqwil|def|1\n|-boost|p1a: Overqwil|spd|1\n|move|p2b: Sinistcha|Matcha Gotcha|p1a: Overqwil|[spread] p1b\n|-miss|p2b: Sinistcha|p1a: Overqwil\n|-resisted|p1b: Sneasler|1\n|-damage|p1b: Sneasler|88/100\n|-heal|p2b: Sinistcha|92/100 brn|[from] drain|[of] p1b: Sneasler\n|\n|-weather|none\n|-heal|p1a: Overqwil|92/100|[from] item: Leftovers\n|-damage|p2b: Sinistcha|86/100 brn|[from] brn\n|upkeep\n|turn|7\n|\n|t:|1788369673\n|move|p2b: Sinistcha|Rage Powder|p2b: Sinistcha\n|-singleturn|p2b: Sinistcha|move: Rage Powder\n|move|p2a: Blastoise|Water Spout|p1b: Sneasler|[spread] p1a,p1b\n|-damage|p1a: Overqwil|50/100y\n|-damage|p1b: Sneasler|0 fnt\n|faint|p1b: Sneasler\n|move|p1a: Overqwil|Barb Barrage|p2b: Sinistcha\n|-damage|p2b: Sinistcha|65/100 brn\n|\n|-heal|p1a: Overqwil|56/100|[from] item: Leftovers\n|-damage|p2b: Sinistcha|59/100 brn|[from] brn\n|-sideend|p1: manucoel|move: Light Screen\n|upkeep\n|\n|t:|1788369681\n|switch|p1b: Delphox|Delphox, L50, M|100/100\n|turn|8\n|\n|t:|1788369686\n|move|p1b: Delphox|Protect|p1b: Delphox\n|-singleturn|p1b: Delphox|Protect\n|move|p1a: Overqwil|Protect|p1a: Overqwil\n|-singleturn|p1a: Overqwil|Protect\n|move|p2b: Sinistcha|Rage Powder|p2b: Sinistcha\n|-singleturn|p2b: Sinistcha|move: Rage Powder\n|move|p2a: Blastoise|Water Spout|p1b: Delphox|[spread] \n|-activate|p1a: Overqwil|move: Protect\n|-activate|p1b: Delphox|move: Protect\n|\n|-heal|p1a: Overqwil|62/100|[from] item: Leftovers\n|-damage|p2b: Sinistcha|53/100 brn|[from] brn\n|upkeep\n|turn|9\n|\n|t:|1788369700\n|detailschange|p1b: Delphox|Delphox-Mega, L50, M\n|-mega|p1b: Delphox|Delphox|Delphoxite\n|move|p2b: Sinistcha|Rage Powder|p2b: Sinistcha\n|-singleturn|p2b: Sinistcha|move: Rage Powder\n|move|p2a: Blastoise|Water Spout|p1b: Delphox|[spread] p1b\n|-miss|p2a: Blastoise|p1a: Overqwil\n|-supereffective|p1b: Delphox|1\n|-damage|p1b: Delphox|0 fnt\n|faint|p1b: Delphox\n|move|p1a: Overqwil|Barb Barrage|p2b: Sinistcha\n|-crit|p2b: Sinistcha\n|-damage|p2b: Sinistcha|27/100 brn\n|\n|-heal|p1a: Overqwil|68/100|[from] item: Leftovers\n|-damage|p2b: Sinistcha|21/100 brn|[from] brn\n|upkeep\n|turn|10\n|\n|t:|1788369711\n|move|p1a: Overqwil|Protect|p1a: Overqwil\n|-singleturn|p1a: Overqwil|Protect\n|move|p2b: Sinistcha|Rage Powder|p2b: Sinistcha\n|-singleturn|p2b: Sinistcha|move: Rage Powder\n|move|p2a: Blastoise|Water Spout|p1a: Overqwil\n|-activate|p1a: Overqwil|move: Protect\n|\n|-heal|p1a: Overqwil|75/100|[from] item: Leftovers\n|-damage|p2b: Sinistcha|15/100 brn|[from] brn\n|upkeep\n|turn|11\n|\n|t:|1788369718\n|move|p2b: Sinistcha|Rage Powder|p2b: Sinistcha\n|-singleturn|p2b: Sinistcha|move: Rage Powder\n|move|p2a: Blastoise|Water Spout|p1a: Overqwil|[miss]\n|-miss|p2a: Blastoise|p1a: Overqwil\n|move|p1a: Overqwil|Barb Barrage|p2b: Sinistcha\n|-damage|p2b: Sinistcha|0 fnt\n|faint|p2b: Sinistcha\n|\n|-heal|p1a: Overqwil|81/100|[from] item: Leftovers\n|upkeep\n|\n|t:|1788369724\n|switch|p2b: Incineroar|Incineroar, L50, M|100/100\n|-ability|p2b: Incineroar|Intimidate|boost\n|-unboost|p1a: Overqwil|atk|1\n|turn|12\n|\n|t:|1788369729\n|move|p1a: Overqwil|Protect|p1a: Overqwil\n|-singleturn|p1a: Overqwil|Protect\n|move|p2b: Incineroar|Fake Out|p1a: Overqwil\n|-activate|p1a: Overqwil|move: Protect\n|move|p2a: Blastoise|Shell Smash|p2a: Blastoise\n|-unboost|p2a: Blastoise|def|1\n|-unboost|p2a: Blastoise|spd|1\n|-boost|p2a: Blastoise|atk|2\n|-boost|p2a: Blastoise|spa|2\n|-boost|p2a: Blastoise|spe|2\n|\n|-heal|p1a: Overqwil|87/100|[from] item: Leftovers\n|upkeep\n|turn|13\n|\n|t:|1788369736\n|move|p2a: Blastoise|Water Spout|p1a: Overqwil|[miss]\n|-miss|p2a: Blastoise|p1a: Overqwil\n|move|p2b: Incineroar|Parting Shot|p1a: Overqwil|[miss]\n|-miss|p2b: Incineroar|p1a: Overqwil\n|move|p1a: Overqwil|Barb Barrage|p2a: Blastoise\n|-damage|p2a: Blastoise|57/100\n|-status|p2a: Blastoise|psn\n|\n|-heal|p1a: Overqwil|93/100|[from] item: Leftovers\n|-damage|p2a: Blastoise|45/100 psn|[from] psn\n|upkeep\n|turn|14\n|inactive|Cactusmax has 30 seconds left.\n|\n|t:|1788369769\n|move|p2a: Blastoise|Dark Pulse|p1a: Overqwil|[miss]\n|-miss|p2a: Blastoise|p1a: Overqwil\n|move|p2b: Incineroar|Flare Blitz|p1a: Overqwil|[miss]\n|-miss|p2b: Incineroar|p1a: Overqwil\n|move|p1a: Overqwil|Barb Barrage|p2a: Blastoise\n|-damage|p2a: Blastoise|0 fnt\n|faint|p2a: Blastoise\n|\n|-heal|p1a: Overqwil|100/100|[from] item: Leftovers\n|upkeep\n|\n|t:|1788369773\n|switch|p2a: Sneasler|Sneasler, L50, F|100/100\n|turn|15\n|\n|t:|1788369784\n|move|p2a: Sneasler|Fake Out|p1a: Overqwil|[miss]\n|-miss|p2a: Sneasler|p1a: Overqwil\n|move|p2b: Incineroar|Flare Blitz|p1a: Overqwil|[miss]\n|-miss|p2b: Incineroar|p1a: Overqwil\n|move|p1a: Overqwil|Barb Barrage|p2b: Incineroar\n|-damage|p2b: Incineroar|84/100\n|-status|p2b: Incineroar|psn\n|\n|-damage|p2b: Incineroar|72/100 psn|[from] psn\n|upkeep\n|turn|16\n|\n|t:|1788369802\n|move|p2a: Sneasler|Poison Jab|p1a: Overqwil|[miss]\n|-miss|p2a: Sneasler|p1a: Overqwil\n|move|p2b: Incineroar|Flare Blitz|p1a: Overqwil\n|-damage|p1a: Overqwil|81/100\n|-damage|p2b: Incineroar|66/100 psn|[from] Recoil\n|move|p1a: Overqwil|Barb Barrage|p2a: Sneasler\n|-resisted|p2a: Sneasler|1\n|-damage|p2a: Sneasler|87/100\n|\n|-heal|p1a: Overqwil|87/100|[from] item: Leftovers\n|-damage|p2b: Incineroar|54/100 psn|[from] psn\n|upkeep\n|turn|17\n|\n|t:|1788369815\n|move|p1a: Overqwil|Protect|p1a: Overqwil\n|-singleturn|p1a: Overqwil|Protect\n|move|p2a: Sneasler|Poison Jab|p1a: Overqwil\n|-activate|p1a: Overqwil|move: Protect\n|move|p2b: Incineroar|Flare Blitz|p1a: Overqwil\n|-activate|p1a: Overqwil|move: Protect\n|\n|-heal|p1a: Overqwil|93/100|[from] item: Leftovers\n|-damage|p2b: Incineroar|42/100 psn|[from] psn\n|upkeep\n|-enditem|p2b: Incineroar|Sitrus Berry|[eat]\n|-heal|p2b: Incineroar|67/100 psn|[from] item: Sitrus Berry\n|turn|18\n|\n|t:|1788369824\n|move|p2a: Sneasler|Poison Jab|p1a: Overqwil\n|-resisted|p1a: Overqwil|1\n|-damage|p1a: Overqwil|85/100\n|move|p2b: Incineroar|Flare Blitz|p1a: Overqwil|[miss]\n|-miss|p2b: Incineroar|p1a: Overqwil\n|move|p1a: Overqwil|Barb Barrage|p2a: Sneasler\n|-resisted|p2a: Sneasler|1\n|-damage|p2a: Sneasler|73/100\n|\n|-heal|p1a: Overqwil|91/100|[from] item: Leftovers\n|-damage|p2b: Incineroar|55/100 psn|[from] psn\n|upkeep\n|turn|19\n|\n|t:|1788369837\n|move|p1a: Overqwil|Protect|p1a: Overqwil\n|-singleturn|p1a: Overqwil|Protect\n|move|p2a: Sneasler|Poison Jab|p1a: Overqwil\n|-activate|p1a: Overqwil|move: Protect\n|move|p2b: Incineroar|Parting Shot|p1a: Overqwil\n|-activate|p1a: Overqwil|move: Protect\n|\n|-heal|p1a: Overqwil|97/100|[from] item: Leftovers\n|-damage|p2b: Incineroar|42/100 psn|[from] psn\n|upkeep\n|turn|20\n|\n|t:|1788369844\n|move|p2a: Sneasler|Poison Jab|p1a: Overqwil|[miss]\n|-miss|p2a: Sneasler|p1a: Overqwil\n|move|p2b: Incineroar|Parting Shot|p1a: Overqwil|[miss]\n|-miss|p2b: Incineroar|p1a: Overqwil\n|move|p1a: Overqwil|Barb Barrage|p2a: Sneasler\n|-resisted|p2a: Sneasler|1\n|-damage|p2a: Sneasler|60/100\n|\n|-heal|p1a: Overqwil|100/100|[from] item: Leftovers\n|-damage|p2b: Incineroar|30/100 psn|[from] psn\n|upkeep\n|turn|21\n|\n|t:|1788369855\n|move|p2a: Sneasler|Poison Jab|p1a: Overqwil|[miss]\n|-miss|p2a: Sneasler|p1a: Overqwil\n|move|p2b: Incineroar|Parting Shot|p1a: Overqwil\n|-unboost|p1a: Overqwil|atk|1\n|-unboost|p1a: Overqwil|spa|1\n|move|p1a: Overqwil|Barb Barrage|p2a: Sneasler\n|-resisted|p2a: Sneasler|1\n|-damage|p2a: Sneasler|50/100g\n|\n|-damage|p2b: Incineroar|18/100 psn|[from] psn\n|upkeep\n|turn|22\n|\n|t:|1788369866\n|move|p2a: Sneasler|Poison Jab|p1a: Overqwil\n|-resisted|p1a: Overqwil|1\n|-damage|p1a: Overqwil|91/100\n|move|p2b: Incineroar|Parting Shot|p1a: Overqwil|[miss]\n|-miss|p2b: Incineroar|p1a: Overqwil\n|move|p1a: Overqwil|Barb Barrage|p2a: Sneasler\n|-resisted|p2a: Sneasler|1\n|-damage|p2a: Sneasler|41/100\n|\n|-heal|p1a: Overqwil|97/100|[from] item: Leftovers\n|-damage|p2b: Incineroar|6/100 psn|[from] psn\n|upkeep\n|turn|23\n|\n|t:|1788369875\n|move|p1a: Overqwil|Protect|p1a: Overqwil\n|-singleturn|p1a: Overqwil|Protect\n|move|p2a: Sneasler|Poison Jab|p1a: Overqwil\n|-activate|p1a: Overqwil|move: Protect\n|move|p2b: Incineroar|Parting Shot|p1a: Overqwil\n|-activate|p1a: Overqwil|move: Protect\n|\n|-heal|p1a: Overqwil|100/100|[from] item: Leftovers\n|-damage|p2b: Incineroar|0 fnt|[from] psn\n|faint|p2b: Incineroar\n|upkeep\n|turn|24\n|\n|t:|1788369896\n|move|p2a: Sneasler|Poison Jab|p1a: Overqwil|[miss]\n|-miss|p2a: Sneasler|p1a: Overqwil\n|move|p1a: Overqwil|Barb Barrage|p2a: Sneasler\n|-resisted|p2a: Sneasler|1\n|-damage|p2a: Sneasler|30/100\n|\n|upkeep\n|turn|25\n|\n|t:|1788369907\n|move|p2a: Sneasler|Quick Guard|p2a: Sneasler\n|-singleturn|p2a: Sneasler|Quick Guard\n|move|p1a: Overqwil|Minimize|p1a: Overqwil\n|-boost|p1a: Overqwil|evasion|0\n|\n|upkeep\n|turn|26\n|\n|t:|1788369910\n|move|p2a: Sneasler|Quick Guard|p2a: Sneasler\n|-singleturn|p2a: Sneasler|Quick Guard\n|move|p1a: Overqwil|Minimize|p1a: Overqwil\n|-boost|p1a: Overqwil|evasion|0\n|\n|upkeep\n|turn|27\n|\n|t:|1788369912\n|move|p2a: Sneasler|Quick Guard|p2a: Sneasler\n|-singleturn|p2a: Sneasler|Quick Guard\n|move|p1a: Overqwil|Minimize|p1a: Overqwil\n|-boost|p1a: Overqwil|evasion|0\n|\n|upkeep\n|turn|28\n|\n|t:|1788369914\n|move|p2a: Sneasler|Quick Guard|p2a: Sneasler\n|-singleturn|p2a: Sneasler|Quick Guard\n|move|p1a: Overqwil|Minimize|p1a: Overqwil\n|-boost|p1a: Overqwil|evasion|0\n|\n|upkeep\n|turn|29\n|\n|t:|1788369915\n|move|p2a: Sneasler|Quick Guard|p2a: Sneasler\n|-singleturn|p2a: Sneasler|Quick Guard\n|move|p1a: Overqwil|Minimize|p1a: Overqwil\n|-boost|p1a: Overqwil|evasion|0\n|\n|upkeep\n|turn|30\n|\n|t:|1788369920\n|move|p2a: Sneasler|Quick Guard|p2a: Sneasler\n|-singleturn|p2a: Sneasler|Quick Guard\n|move|p1a: Overqwil|Minimize|p1a: Overqwil\n|-boost|p1a: Overqwil|evasion|0\n|\n|upkeep\n|turn|31\n|\n|t:|1788369923\n|move|p2a: Sneasler|Close Combat|p1a: Overqwil\n|-damage|p1a: Overqwil|76/100\n|-unboost|p2a: Sneasler|def|1\n|-unboost|p2a: Sneasler|spd|1\n|move|p1a: Overqwil|Minimize|p1a: Overqwil\n|-boost|p1a: Overqwil|evasion|0\n|\n|-heal|p1a: Overqwil|82/100|[from] item: Leftovers\n|upkeep\n|turn|32\n|\n|t:|1788369936\n|move|p2a: Sneasler|Poison Jab|p1a: Overqwil|[miss]\n|-miss|p2a: Sneasler|p1a: Overqwil\n|move|p1a: Overqwil|Minimize|p1a: Overqwil\n|-boost|p1a: Overqwil|evasion|0\n|\n|-heal|p1a: Overqwil|88/100|[from] item: Leftovers\n|upkeep\n|turn|33\n|\n|t:|1788369939\n|move|p2a: Sneasler|Poison Jab|p1a: Overqwil|[miss]\n|-miss|p2a: Sneasler|p1a: Overqwil\n|move|p1a: Overqwil|Minimize|p1a: Overqwil\n|-boost|p1a: Overqwil|evasion|0\n|\n|-heal|p1a: Overqwil|94/100|[from] item: Leftovers\n|upkeep\n|turn|34\n|\n|t:|1788369944\n|move|p2a: Sneasler|Quick Guard|p2a: Sneasler\n|-singleturn|p2a: Sneasler|Quick Guard\n|move|p1a: Overqwil|Stockpile||[still]\n|-fail|p1a: Overqwil\n|\n|-heal|p1a: Overqwil|100/100|[from] item: Leftovers\n|upkeep\n|turn|35\n|\n|t:|1788369946\n|move|p2a: Sneasler|Quick Guard|p2a: Sneasler\n|-singleturn|p2a: Sneasler|Quick Guard\n|move|p1a: Overqwil|Stockpile||[still]\n|-fail|p1a: Overqwil\n|\n|upkeep\n|turn|36\n|\n|t:|1788369947\n|move|p2a: Sneasler|Quick Guard|p2a: Sneasler\n|-singleturn|p2a: Sneasler|Quick Guard\n|move|p1a: Overqwil|Stockpile||[still]\n|-fail|p1a: Overqwil\n|\n|upkeep\n|turn|37\n|\n|t:|1788369949\n|move|p2a: Sneasler|Quick Guard|p2a: Sneasler\n|-singleturn|p2a: Sneasler|Quick Guard\n|move|p1a: Overqwil|Stockpile||[still]\n|-fail|p1a: Overqwil\n|\n|upkeep\n|turn|38\n|\n|t:|1788369953\n|move|p2a: Sneasler|Quick Guard|p2a: Sneasler\n|-singleturn|p2a: Sneasler|Quick Guard\n|move|p1a: Overqwil|Stockpile||[still]\n|-fail|p1a: Overqwil\n|\n|upkeep\n|turn|39\n|\n|t:|1788369955\n|move|p2a: Sneasler|Quick Guard|p2a: Sneasler\n|-singleturn|p2a: Sneasler|Quick Guard\n|move|p1a: Overqwil|Stockpile||[still]\n|-fail|p1a: Overqwil\n|\n|upkeep\n|turn|40\n|\n|t:|1788369960\n|move|p2a: Sneasler|Close Combat|p1a: Overqwil|[miss]\n|-miss|p2a: Sneasler|p1a: Overqwil\n|move|p1a: Overqwil|Stockpile||[still]\n|-fail|p1a: Overqwil\n|\n|upkeep\n|turn|41\n|c|☆manucoel|bruh\n|\n|t:|1788369965\n|move|p2a: Sneasler|Poison Jab|p1a: Overqwil|[miss]\n|-miss|p2a: Sneasler|p1a: Overqwil\n|move|p1a: Overqwil|Stockpile||[still]\n|-fail|p1a: Overqwil\n|\n|upkeep\n|turn|42\n|\n|t:|1788369967\n|move|p2a: Sneasler|Poison Jab|p1a: Overqwil|[miss]\n|-miss|p2a: Sneasler|p1a: Overqwil\n|move|p1a: Overqwil|Stockpile||[still]\n|-fail|p1a: Overqwil\n|\n|upkeep\n|turn|43\n|\n|t:|1788369971\n|move|p2a: Sneasler|Poison Jab|p1a: Overqwil\n|-resisted|p1a: Overqwil|1\n|-damage|p1a: Overqwil|92/100\n|move|p1a: Overqwil|Stockpile||[still]\n|-fail|p1a: Overqwil\n|\n|-heal|p1a: Overqwil|98/100|[from] item: Leftovers\n|upkeep\n|turn|44\n|\n|t:|1788369974\n|move|p2a: Sneasler|Close Combat|p1a: Overqwil\n|-damage|p1a: Overqwil|75/100\n|-unboost|p2a: Sneasler|def|1\n|-unboost|p2a: Sneasler|spd|1\n|move|p1a: Overqwil|Stockpile||[still]\n|-fail|p1a: Overqwil\n|\n|-heal|p1a: Overqwil|81/100|[from] item: Leftovers\n|upkeep\n|turn|45\n|c|☆manucoel|what is this lol\n|\n|t:|1788369984\n|move|p2a: Sneasler|Poison Jab|p1a: Overqwil|[miss]\n|-miss|p2a: Sneasler|p1a: Overqwil\n|move|p1a: Overqwil|Stockpile||[still]\n|-fail|p1a: Overqwil\n|\n|-heal|p1a: Overqwil|87/100|[from] item: Leftovers\n|upkeep\n|turn|46\n|c|☆Cactusmax|I am playing my wincon\n|\n|t:|1788369992\n|move|p1a: Overqwil|Protect|p1a: Overqwil\n|-singleturn|p1a: Overqwil|Protect\n|move|p2a: Sneasler|Quick Guard||[still]\n|-fail|p2a: Sneasler\n|\n|-heal|p1a: Overqwil|93/100|[from] item: Leftovers\n|upkeep\n|turn|47\n|\n|t:|1788369997\n|move|p2a: Sneasler|Poison Jab|p1a: Overqwil\n|-resisted|p1a: Overqwil|1\n|-damage|p1a: Overqwil|85/100\n|move|p1a: Overqwil|Stockpile||[still]\n|-fail|p1a: Overqwil\n|\n|-heal|p1a: Overqwil|91/100|[from] item: Leftovers\n|upkeep\n|turn|48\n|c|☆manucoel|i know im just saying this isnt fun lol\n|\n|t:|1788370007\n|move|p2a: Sneasler|Quick Guard|p2a: Sneasler\n|-singleturn|p2a: Sneasler|Quick Guard\n|move|p1a: Overqwil|Stockpile||[still]\n|-fail|p1a: Overqwil\n|\n|-heal|p1a: Overqwil|97/100|[from] item: Leftovers\n|upkeep\n|turn|49\n|\n|t:|1788370010\n|move|p2a: Sneasler|Quick Guard|p2a: Sneasler\n|-singleturn|p2a: Sneasler|Quick Guard\n|move|p1a: Overqwil|Stockpile||[still]\n|-fail|p1a: Overqwil\n|\n|-heal|p1a: Overqwil|100/100|[from] item: Leftovers\n|upkeep\n|turn|50\n|\n|t:|1788370015\n|move|p2a: Sneasler|Poison Jab|p1a: Overqwil|[miss]\n|-miss|p2a: Sneasler|p1a: Overqwil\n|move|p1a: Overqwil|Stockpile||[still]\n|-fail|p1a: Overqwil\n|\n|upkeep\n|turn|51\n|\n|t:|1788370019\n|move|p2a: Sneasler|Poison Jab|p1a: Overqwil|[miss]\n|-miss|p2a: Sneasler|p1a: Overqwil\n|move|p1a: Overqwil|Stockpile||[still]\n|-fail|p1a: Overqwil\n|\n|upkeep\n|turn|52\n|\n|t:|1788370021\n|move|p1a: Overqwil|Protect|p1a: Overqwil\n|-singleturn|p1a: Overqwil|Protect\n|move|p2a: Sneasler|Quick Guard||[still]\n|-fail|p2a: Sneasler\n|\n|upkeep\n|turn|53\n|\n|t:|1788370024\n|move|p2a: Sneasler|Poison Jab|p1a: Overqwil|[miss]\n|-miss|p2a: Sneasler|p1a: Overqwil\n|-activate|p1a: Overqwil|move: Struggle\n|move|p1a: Overqwil|Struggle|p2a: Sneasler\n|-damage|p2a: Sneasler|8/100\n|-damage|p1a: Overqwil|75/100|[from] recoil\n|\n|-heal|p1a: Overqwil|81/100|[from] item: Leftovers\n|upkeep\n|turn|54\n|\n|t:|1788370030\n|move|p2a: Sneasler|Close Combat|p1a: Overqwil|[miss]\n|-miss|p2a: Sneasler|p1a: Overqwil\n|-activate|p1a: Overqwil|move: Struggle\n|move|p1a: Overqwil|Struggle|p2a: Sneasler\n|-damage|p2a: Sneasler|0 fnt\n|faint|p2a: Sneasler\n|-damage|p1a: Overqwil|56/100|[from] recoil\n|\n|win|manucoel\n||Cactusmax is ready for game 2.\n||manucoel is ready for game 2.\n|uhtml|next|Next: <a href=\"/battle-gen9championsvgc2026regmbbo3-2674525529\"><strong>Game 2 of 3</strong></a>\n","uploadtime":1788369527,"views":"0","formatid":"gen9championsvgc2026regmbbo3","rating":null,"private":0,"password":null}