{"id":"gen9championsvgc2026regmb-2674563557","format":"[Gen 9 Champions] VGC 2026 Reg M-B","players":["Insineroar","pro420gamer"],"log":"|j|☆Insineroar\n|j|☆pro420gamer\n|t:|1788374369\n|gametype|doubles\n|player|p1|Insineroar|clemont|1000\n|player|p2|pro420gamer|266|1061\n|gen|9\n|tier|[Gen 9 Champions] VGC 2026 Reg M-B\n|rated|\n|rule|Species Clause: Limit one of each Pokémon\n|rule|Item Clause: Limit 1 of each item\n|clearpoke\n|poke|p1|Staraptor, L50, M|\n|poke|p1|Incineroar, L50, F|\n|poke|p1|Wyrdeer, L50, M|\n|poke|p1|Gyarados, L50, M|\n|poke|p1|Overqwil, L50, F|\n|poke|p1|Manectric, L50, M|\n|poke|p2|Gholdengo, L50|\n|poke|p2|Starmie, L50|\n|poke|p2|Pelipper, L50, M|\n|poke|p2|Swampert, L50, M|\n|poke|p2|Incineroar, L50, M|\n|poke|p2|Basculegion, L50, M|\n|teampreview|4\n|inactive|Battle timer is ON: inactive players will automatically lose when time's up. (requested by pro420gamer)\n|\n|t:|1788374391\n|teamsize|p1|4\n|teamsize|p2|4\n|start\n|switch|p1a: Overqwil|Overqwil, L50, F|100/100\n|switch|p1b: Incineroar|Incineroar, L50, F|100/100\n|switch|p2a: Pelipper|Pelipper, L50, M|100/100\n|switch|p2b: Starmie|Starmie, L50|100/100\n|-ability|p1a: Overqwil|Intimidate|boost\n|-unboost|p2a: Pelipper|atk|1\n|-unboost|p2b: Starmie|atk|1\n|-weather|RainDance|[from] ability: Drizzle|[of] p2a: Pelipper\n|-ability|p1b: Incineroar|Intimidate|boost\n|-unboost|p2a: Pelipper|atk|1\n|-unboost|p2b: Starmie|atk|1\n|turn|1\n|\n|t:|1788374412\n|switch|p2b: Incineroar|Incineroar, L50, M|100/100\n|-ability|p2b: Incineroar|Intimidate|boost\n|-unboost|p1a: Overqwil|atk|1\n|-unboost|p1b: Incineroar|atk|1\n|switch|p1b: Gyarados|Gyarados, L50, M|100/100\n|-ability|p1b: Gyarados|Intimidate|boost\n|-unboost|p2a: Pelipper|atk|1\n|-unboost|p2b: Incineroar|atk|1\n|move|p1a: Overqwil|Minimize|p1a: Overqwil\n|-boost|p1a: Overqwil|evasion|2\n|move|p2a: Pelipper|Hurricane|p1a: Overqwil\n|-damage|p1a: Overqwil|59/100\n|\n|-weather|RainDance|[upkeep]\n|upkeep\n|turn|2\n|\n|t:|1788374431\n|switch|p1b: Incineroar|Incineroar, L50, F|100/100\n|-ability|p1b: Incineroar|Intimidate|boost\n|-unboost|p2a: Pelipper|atk|1\n|-unboost|p2b: Incineroar|atk|1\n|move|p1a: Overqwil|Protect|p1a: Overqwil\n|-singleturn|p1a: Overqwil|Protect\n|move|p2b: Incineroar|Fake Out|p1b: Incineroar\n|-damage|p1b: Incineroar|94/100\n|move|p2a: Pelipper|Hurricane|p1a: Overqwil\n|-activate|p1a: Overqwil|move: Protect\n|\n|-weather|RainDance|[upkeep]\n|upkeep\n|turn|3\n|\n|t:|1788374446\n|switch|p2b: Gholdengo|Gholdengo, L50|100/100\n|move|p1b: Incineroar|Fake Out|p2a: Pelipper\n|-damage|p2a: Pelipper|88/100\n|move|p1a: Overqwil|Minimize|p1a: Overqwil\n|-boost|p1a: Overqwil|evasion|2\n|cant|p2a: Pelipper|flinch\n|\n|-weather|RainDance|[upkeep]\n|upkeep\n|turn|4\n|\n|t:|1788374455\n|move|p2b: Gholdengo|Make It Rain|p1a: Overqwil|[spread] p1b\n|-miss|p2b: Gholdengo|p1a: Overqwil\n|-resisted|p1b: Incineroar|1\n|-damage|p1b: Incineroar|72/100\n|-unboost|p2b: Gholdengo|spa|2\n|-enditem|p2b: Gholdengo|White Herb\n|-clearnegativeboost|p2b: Gholdengo|[silent]\n|move|p1a: Overqwil|Minimize|p1a: Overqwil\n|-boost|p1a: Overqwil|evasion|2\n|move|p2a: Pelipper|Hurricane|p1a: Overqwil\n|-damage|p1a: Overqwil|20/100y\n|move|p1b: Incineroar|Darkest Lariat|p2b: Gholdengo\n|-supereffective|p2b: Gholdengo|1\n|-damage|p2b: Gholdengo|7/100\n|\n|-weather|RainDance|[upkeep]\n|upkeep\n|turn|5\n|\n|t:|1788374474\n|move|p2b: Gholdengo|Protect|p2b: Gholdengo\n|-singleturn|p2b: Gholdengo|Protect\n|move|p1a: Overqwil|Protect|p1a: Overqwil\n|-singleturn|p1a: Overqwil|Protect\n|move|p2a: Pelipper|Hurricane|p1b: Incineroar\n|-damage|p1b: Incineroar|39/100\n|move|p1b: Incineroar|Parting Shot|p2a: Pelipper\n|-unboost|p2a: Pelipper|atk|1\n|-unboost|p2a: Pelipper|spa|1\n|\n|t:|1788374482\n|switch|p1b: Manectric|Manectric, L50, M|100/100|[from] Parting Shot\n|\n|-weather|none\n|upkeep\n|turn|6\n|\n|t:|1788374503\n|switch|p2a: Incineroar|Incineroar, L50, M|100/100\n|-ability|p2a: Incineroar|Intimidate|boost\n|-unboost|p1a: Overqwil|atk|1\n|-unboost|p1b: Manectric|atk|1\n|detailschange|p1b: Manectric|Manectric-Mega, L50, M\n|-mega|p1b: Manectric|Manectric|Manectite\n|-ability|p1b: Manectric|Intimidate|boost\n|-unboost|p2a: Incineroar|atk|1\n|-unboost|p2b: Gholdengo|atk|1\n|move|p1b: Manectric|Snarl|p2b: Gholdengo|[spread] p2a,p2b\n|-resisted|p2a: Incineroar|1\n|-supereffective|p2b: Gholdengo|1\n|-damage|p2a: Incineroar|94/100\n|-damage|p2b: Gholdengo|0 fnt\n|-unboost|p2a: Incineroar|spa|1\n|faint|p2b: Gholdengo\n|move|p1a: Overqwil|Stockpile|p1a: Overqwil\n|-start|p1a: Overqwil|stockpile1\n|-boost|p1a: Overqwil|def|1\n|-boost|p1a: Overqwil|spd|1\n|\n|-heal|p2a: Incineroar|100/100|[from] item: Leftovers\n|upkeep\n|\n|t:|1788374512\n|switch|p2b: Pelipper|Pelipper, L50, M|88/100\n|-weather|RainDance|[from] ability: Drizzle|[of] p2b: Pelipper\n|turn|7\n|\n|t:|1788374524\n|move|p2a: Incineroar|Fake Out|p1b: Manectric\n|-damage|p1b: Manectric|89/100\n|cant|p1b: Manectric|flinch\n|move|p1a: Overqwil|Barb Barrage|p2a: Incineroar\n|-damage|p2a: Incineroar|87/100\n|move|p2b: Pelipper|Hurricane|p1b: Manectric\n|-resisted|p1b: Manectric|1\n|-damage|p1b: Manectric|63/100\n|-start|p1b: Manectric|confusion\n|\n|-weather|RainDance|[upkeep]\n|-heal|p2a: Incineroar|93/100|[from] item: Leftovers\n|upkeep\n|turn|8\n|\n|t:|1788374537\n|switch|p2b: Starmie|Starmie, L50|100/100\n|-activate|p1b: Manectric|confusion\n|move|p1b: Manectric|Volt Switch|p2b: Starmie\n|-supereffective|p2b: Starmie|1\n|-damage|p2b: Starmie|0 fnt\n|faint|p2b: Starmie\n|\n|t:|1788374545\n|switch|p1b: Gyarados|Gyarados, L50, M|100/100|[from] Volt Switch\n|-ability|p1b: Gyarados|Intimidate|boost\n|-unboost|p2a: Incineroar|atk|1\n|move|p1a: Overqwil|Stockpile|p1a: Overqwil\n|-start|p1a: Overqwil|stockpile2\n|-boost|p1a: Overqwil|def|1\n|-boost|p1a: Overqwil|spd|1\n|move|p2a: Incineroar|Darkest Lariat|p1b: Gyarados\n|-damage|p1b: Gyarados|83/100\n|\n|-weather|RainDance|[upkeep]\n|-heal|p2a: Incineroar|99/100|[from] item: Leftovers\n|upkeep\n|\n|t:|1788374549\n|switch|p2b: Pelipper|Pelipper, L50, M|88/100\n|turn|9\n|\n|t:|1788374559\n|move|p1b: Gyarados|Waterfall|p2a: Incineroar\n|-supereffective|p2a: Incineroar|1\n|-damage|p2a: Incineroar|0 fnt\n|faint|p2a: Incineroar\n|move|p1a: Overqwil|Barb Barrage|p2b: Pelipper\n|-damage|p2b: Pelipper|79/100\n|-status|p2b: Pelipper|psn\n|move|p2b: Pelipper|Hurricane|p1a: Overqwil\n|-damage|p1a: Overqwil|1/100\n|\n|-weather|RainDance|[upkeep]\n|-damage|p2b: Pelipper|66/100 psn|[from] psn\n|upkeep\n|turn|10\n|\n|t:|1788374576\n|move|p1b: Gyarados|Waterfall|p2b: Pelipper\n|-resisted|p2b: Pelipper|1\n|-damage|p2b: Pelipper|42/100 psn\n|move|p1a: Overqwil|Barb Barrage|p2b: Pelipper\n|-damage|p2b: Pelipper|23/100 psn\n|move|p2b: Pelipper|Hurricane|p1a: Overqwil\n|-damage|p1a: Overqwil|0 fnt\n|faint|p1a: Overqwil\n|\n|-weather|RainDance|[upkeep]\n|-damage|p2b: Pelipper|11/100 psn|[from] psn\n|upkeep\n|-message|pro420gamer forfeited.\n|\n|win|Insineroar\n|raw|Insineroar's rating: 1000 &rarr; <strong>1047</strong><br />(+47 for winning)\n|raw|pro420gamer's rating: 1061 &rarr; <strong>1039</strong><br />(-22 for losing)\n|l|☆pro420gamer\n|player|p2|\n","uploadtime":1788374586,"views":"2","formatid":"gen9championsvgc2026regmb","rating":1039,"private":0,"password":null}