{"id":"gen9championsvgc2026regmb-2674398331","format":"[Gen 9 Champions] VGC 2026 Reg M-B","players":["toddpinkston","Pooooder34"],"log":"|j|☆toddpinkston\n|j|☆Pooooder34\n|t:|1788354774\n|gametype|doubles\n|player|p1|toddpinkston|266|1313\n|player|p2|Pooooder34|2|1403\n|gen|9\n|tier|[Gen 9 Champions] VGC 2026 Reg M-B\n|rated|\n|rule|Species Clause: Limit one of each Pokémon\n|rule|Item Clause: Limit 1 of each item\n|clearpoke\n|poke|p1|Tyranitar, L50, M|\n|poke|p1|Excadrill, L50, F|\n|poke|p1|Milotic, L50, M, shiny|\n|poke|p1|Sinistcha-Masterpiece, L50, shiny|\n|poke|p1|Staraptor, L50, M|\n|poke|p1|Gholdengo, L50|\n|poke|p2|Staraptor, L50, M|\n|poke|p2|Houndstone, L50, M|\n|poke|p2|Tyranitar, L50, M|\n|poke|p2|Rotom-Wash, L50|\n|poke|p2|Excadrill, L50, F|\n|poke|p2|Venusaur, L50, M|\n|teampreview|4\n|inactive|Battle timer is ON: inactive players will automatically lose when time's up. (requested by toddpinkston)\n|inactive|toddpinkston has 60 seconds left.\n|\n|t:|1788354816\n|teamsize|p1|4\n|teamsize|p2|4\n|start\n|switch|p1a: Staraptor|Staraptor, L50, M|100/100\n|switch|p1b: Gholdengo|Gholdengo, L50|100/100\n|switch|p2a: Tyranitar|Tyranitar, L50, M|100/100\n|switch|p2b: Excadrill|Excadrill, L50, F|100/100\n|-weather|Sandstorm|[from] ability: Sand Stream|[of] p2a: Tyranitar\n|-ability|p1a: Staraptor|Intimidate|boost\n|-unboost|p2a: Tyranitar|atk|1\n|-unboost|p2b: Excadrill|atk|1\n|turn|1\n|inactive|toddpinkston has 30 seconds left.\n|inactive|Pooooder34 has 30 seconds left.\n|\n|t:|1788354846\n|switch|p1a: Milotic|Milotic, L50, M, shiny|100/100\n|move|p2b: Excadrill|Rock Slide|p1a: Milotic|[spread] p1b\n|-miss|p2b: Excadrill|p1a: Milotic\n|-resisted|p1b: Gholdengo|1\n|-damage|p1b: Gholdengo|93/100\n|move|p2a: Tyranitar|Ice Punch|p1a: Milotic\n|-resisted|p1a: Milotic|1\n|-damage|p1a: Milotic|91/100\n|move|p1b: Gholdengo|Make It Rain|p2b: Excadrill|[spread] p2a,p2b\n|-supereffective|p2a: Tyranitar|1\n|-resisted|p2b: Excadrill|1\n|-damage|p2a: Tyranitar|24/100\n|-damage|p2b: Excadrill|60/100\n|-unboost|p1b: Gholdengo|spa|2\n|-damage|p1b: Gholdengo|83/100|[from] item: Life Orb\n|\n|-weather|Sandstorm|[upkeep]\n|-damage|p1a: Milotic|85/100|[from] Sandstorm\n|upkeep\n|turn|2\n|inactive|toddpinkston has 30 seconds left.\n|\n|t:|1788354872\n|switch|p1b: Staraptor|Staraptor, L50, M|100/100\n|-ability|p1b: Staraptor|Intimidate|boost\n|-unboost|p2a: Tyranitar|atk|1\n|-unboost|p2b: Excadrill|atk|1\n|move|p2b: Excadrill|Earthquake|p1b: Staraptor|[spread] p2a,p1a\n|-immune|p1b: Staraptor\n|-supereffective|p2a: Tyranitar|1\n|-damage|p2a: Tyranitar|0 fnt\n|-damage|p1a: Milotic|65/100\n|faint|p2a: Tyranitar\n|move|p1a: Milotic|Scald|p2b: Excadrill\n|-supereffective|p2b: Excadrill|1\n|-damage|p2b: Excadrill|0 fnt\n|faint|p2b: Excadrill\n|\n|-weather|Sandstorm|[upkeep]\n|-damage|p1b: Staraptor|94/100|[from] Sandstorm\n|-damage|p1a: Milotic|59/100|[from] Sandstorm\n|upkeep\n|\n|t:|1788354876\n|switch|p2b: Houndstone|Houndstone, L50, M|100/100\n|switch|p2a: Staraptor|Staraptor, L50, M|100/100\n|-ability|p2a: Staraptor|Intimidate|boost\n|-unboost|p1a: Milotic|atk|1\n|-ability|p1a: Milotic|Competitive|boost\n|-boost|p1a: Milotic|spa|2\n|-unboost|p1b: Staraptor|atk|1\n|turn|3\n|inactive|toddpinkston has 30 seconds left.\n|\n|t:|1788354905\n|detailschange|p2a: Staraptor|Staraptor-Mega, L50, M\n|-mega|p2a: Staraptor|Staraptor|Staraptite\n|move|p2b: Houndstone|Will-O-Wisp|p1b: Staraptor\n|-status|p1b: Staraptor|brn\n|move|p2a: Staraptor|Close Combat|p1a: Milotic\n|-damage|p1a: Milotic|4/100\n|-boost|p2a: Staraptor|def|1\n|-boost|p2a: Staraptor|spd|1\n|-enditem|p1a: Milotic|Sitrus Berry|[eat]\n|-heal|p1a: Milotic|28/100|[from] item: Sitrus Berry\n|move|p1b: Staraptor|Tailwind|p1b: Staraptor\n|-sidestart|p1: toddpinkston|move: Tailwind\n|move|p1a: Milotic|Scald|p2a: Staraptor\n|-damage|p2a: Staraptor|59/100\n|-status|p2a: Staraptor|brn\n|\n|-weather|Sandstorm|[upkeep]\n|-damage|p1b: Staraptor|88/100 brn|[from] Sandstorm\n|-damage|p1a: Milotic|23/100|[from] Sandstorm\n|-damage|p2a: Staraptor|53/100 brn|[from] Sandstorm\n|-damage|p1b: Staraptor|82/100 brn|[from] brn\n|-damage|p2a: Staraptor|48/100 brn|[from] brn\n|upkeep\n|turn|4\n|inactive|toddpinkston has 30 seconds left.\n|inactive|Pooooder34 has 30 seconds left.\n|\n|t:|1788354931\n|move|p2b: Houndstone|Ally Switch|p2b: Houndstone\n|swap|p2b: Houndstone|0|[from] move: Ally Switch\n|move|p1b: Staraptor|Brave Bird|p2a: Houndstone\n|-damage|p2a: Houndstone|82/100\n|-damage|p1b: Staraptor|77/100 brn|[from] Recoil\n|move|p1a: Milotic|Scald|p2b: Staraptor\n|-damage|p2b: Staraptor|12/100 brn\n|move|p2b: Staraptor|Close Combat|p1a: Milotic\n|-crit|p1a: Milotic\n|-damage|p1a: Milotic|0 fnt\n|-boost|p2b: Staraptor|def|1\n|-boost|p2b: Staraptor|spd|1\n|faint|p1a: Milotic\n|\n|-weather|Sandstorm|[upkeep]\n|-damage|p1b: Staraptor|71/100 brn|[from] Sandstorm\n|-damage|p2b: Staraptor|6/100 brn|[from] Sandstorm\n|-damage|p1b: Staraptor|65/100 brn|[from] brn\n|-damage|p2b: Staraptor|1/100 brn|[from] brn\n|upkeep\n|\n|t:|1788354953\n|switch|p1a: Sinistcha|Sinistcha-Masterpiece, L50, shiny|100/100\n|-heal|p1b: Staraptor|90/100 brn|[from] ability: Hospitality|[of] p1a: Sinistcha\n|turn|5\n|\n|t:|1788354973\n|detailschange|p1b: Staraptor|Staraptor-Mega, L50, M\n|-mega|p1b: Staraptor|Staraptor|Staraptite\n|move|p1b: Staraptor|Brave Bird|p2b: Staraptor\n|-supereffective|p2b: Staraptor|1\n|-damage|p2b: Staraptor|0 fnt\n|faint|p2b: Staraptor\n|-damage|p1b: Staraptor|89/100 brn|[from] Recoil\n|move|p2a: Houndstone|Last Respects|p1a: Sinistcha\n|-supereffective|p1a: Sinistcha|1\n|-damage|p1a: Sinistcha|0 fnt\n|faint|p1a: Sinistcha\n|\n|-weather|none\n|-damage|p1b: Staraptor|83/100 brn|[from] brn\n|upkeep\n|\n|t:|1788354985\n|switch|p1a: Gholdengo|Gholdengo, L50|83/100\n|turn|6\n|\n|t:|1788355006\n|move|p2a: Houndstone|Protect|p2a: Houndstone\n|-singleturn|p2a: Houndstone|Protect\n|move|p1b: Staraptor|Brave Bird|p2a: Houndstone\n|-activate|p2a: Houndstone|move: Protect\n|move|p1a: Gholdengo|Shadow Ball|p2a: Houndstone\n|-activate|p2a: Houndstone|move: Protect\n|\n|-damage|p1b: Staraptor|78/100 brn|[from] brn\n|-sideend|p1: toddpinkston|move: Tailwind\n|upkeep\n|turn|7\n|\n|t:|1788355023\n|move|p1a: Gholdengo|Protect|p1a: Gholdengo\n|-singleturn|p1a: Gholdengo|Protect\n|move|p1b: Staraptor|Tailwind|p1b: Staraptor\n|-sidestart|p1: toddpinkston|move: Tailwind\n|move|p2a: Houndstone|Last Respects|p1b: Staraptor\n|-damage|p1b: Staraptor|0 fnt\n|faint|p1b: Staraptor\n|\n|upkeep\n|turn|8\n|\n|t:|1788355031\n|move|p1a: Gholdengo|Shadow Ball|p2a: Houndstone\n|-supereffective|p2a: Houndstone|1\n|-damage|p2a: Houndstone|0 fnt\n|faint|p2a: Houndstone\n|-damage|p1a: Gholdengo|74/100|[from] item: Life Orb\n|\n|win|toddpinkston\n|raw|toddpinkston's rating: 1313 &rarr; <strong>1338</strong><br />(+25 for winning)\n|raw|Pooooder34's rating: 1403 &rarr; <strong>1378</strong><br />(-25 for losing)\n","uploadtime":1788355055,"views":"0","formatid":"gen9championsvgc2026regmb","rating":1338,"private":0,"password":null}