{"id":"gen9championsvgc2026regmbbo3-2673278235","format":"[Gen 9 Champions] VGC 2026 Reg M-B (Bo3)","players":["Carrielis","urstepslowbro"],"log":"|j|☆Carrielis\n|j|☆urstepslowbro\n|html|<table width=\"100%\"><tr><td align=\"left\">Carrielis</td><td align=\"right\">urstepslowbro</tr><tr><td align=\"left\"><i class=\"fa fa-circle\"></i> <i class=\"fa fa-circle-o\"></i> </td><td align=\"right\"><i class=\"fa fa-circle-o\"></i> <i class=\"fa fa-circle\"></i> </tr></table>\n|uhtml|bestof|<h2><strong>Game 3</strong> of <a href=\"/game-bestof3-gen9championsvgc2026regmbbo3-2673276384\">a best-of-3</a></h2>\n|t:|1788175567\n|gametype|doubles\n|player|p1|Carrielis|erika-masters3|1269\n|player|p2|urstepslowbro|hilda-masters4|1282\n|gen|9\n|tier|[Gen 9 Champions] VGC 2026 Reg M-B (Bo3)\n|rated|\n|rule|Species Clause: Limit one of each Pokémon\n|rule|Item Clause: Limit 1 of each item\n|clearpoke\n|poke|p1|Charizard, L50, F|\n|poke|p1|Farigiraf, L50, F|\n|poke|p1|Garchomp, L50, M|\n|poke|p1|Sylveon, L50, F|\n|poke|p1|Sneasler, L50, F|\n|poke|p1|Aerodactyl, L50, F|\n|poke|p2|Staraptor, L50, M|\n|poke|p2|Sinistcha, L50|\n|poke|p2|Gholdengo, L50|\n|poke|p2|Milotic, L50, F|\n|poke|p2|Excadrill, L50, F|\n|poke|p2|Tyranitar, L50, M|\n|teampreview|4\n|showteam|p1|Charizard||CharizarditeY|Blaze|WeatherBall,HeatWave,SolarBeam,Protect|Modest||F|||50|]Farigiraf||SitrusBerry|ArmorTail|Psychic,TrickRoom,HelpingHand,Protect|Bold||F|||50|]Garchomp||Garchompite|RoughSkin|Earthquake,RockSlide,DragonClaw,Protect|Adamant||M|||50|]Sylveon||FairyFeather|Pixilate|HyperVoice,HyperBeam,QuickAttack,Detect|Modest||F|||50|]Sneasler||WhiteHerb|Unburden|FakeOut,CloseCombat,DireClaw,Protect|Jolly||F|||50|]Aerodactyl||FocusSash|Unnerve|RockSlide,DualWingbeat,Tailwind,Protect|Jolly||F|||50|\n|showteam|p2|Staraptor||Staraptite|Intimidate|CloseCombat,BraveBird,Tailwind,Protect|Jolly||M|||50|]Sinistcha||ColburBerry|Hospitality|MatchaGotcha,TrickRoom,Protect,RagePowder|Bold|||||50|]Gholdengo||LifeOrb|GoodasGold|MakeItRain,ShadowBall,NastyPlot,Protect|Modest|||||50|]Milotic||SitrusBerry|Competitive|Scald,IcyWind,IceBeam,Protect|Calm||F|||50|]Excadrill||FocusSash|SandRush|HighHorsepower,IronHead,RockSlide,Protect|Jolly||F|||50|]Tyranitar||Tyranitarite|SandStream|KnockOff,RockSlide,LowKick,Protect|Jolly||M|||50|\n|\n|t:|1788175592\n|teamsize|p1|4\n|teamsize|p2|4\n|start\n|switch|p1a: Sneasler|Sneasler, L50, F|100/100\n|switch|p1b: Aerodactyl|Aerodactyl, L50, F|100/100\n|switch|p2a: Milotic|Milotic, L50, F|100/100\n|switch|p2b: Gholdengo|Gholdengo, L50|100/100\n|-ability|p1b: Aerodactyl|Unnerve\n|turn|1\n|\n|t:|1788175605\n|move|p1b: Aerodactyl|Tailwind|p1b: Aerodactyl\n|-sidestart|p1: Carrielis|move: Tailwind\n|move|p1a: Sneasler|Close Combat|p2a: Milotic\n|-damage|p2a: Milotic|46/100\n|-unboost|p1a: Sneasler|def|1\n|-unboost|p1a: Sneasler|spd|1\n|-enditem|p1a: Sneasler|White Herb\n|-clearnegativeboost|p1a: Sneasler|[silent]\n|move|p2a: Milotic|Icy Wind|p1b: Aerodactyl|[spread] p1a,p1b\n|-supereffective|p1b: Aerodactyl|1\n|-damage|p1a: Sneasler|86/100\n|-damage|p1b: Aerodactyl|71/100\n|-unboost|p1a: Sneasler|spe|1\n|-unboost|p1b: Aerodactyl|spe|1\n|move|p2b: Gholdengo|Nasty Plot|p2b: Gholdengo\n|-boost|p2b: Gholdengo|spa|2\n|\n|upkeep\n|turn|2\n|\n|t:|1788175623\n|move|p1a: Sneasler|Protect|p1a: Sneasler\n|-singleturn|p1a: Sneasler|Protect\n|move|p2a: Milotic|Protect|p2a: Milotic\n|-singleturn|p2a: Milotic|Protect\n|move|p1b: Aerodactyl|Rock Slide|p2b: Gholdengo|[spread] p2b\n|-activate|p2a: Milotic|move: Protect\n|-resisted|p2b: Gholdengo|1\n|-damage|p2b: Gholdengo|87/100\n|cant|p2b: Gholdengo|flinch\n|\n|upkeep\n|turn|3\n|\n|t:|1788175635\n|move|p2a: Milotic|Protect||[still]\n|-fail|p2a: Milotic\n|move|p1a: Sneasler|Close Combat|p2a: Milotic\n|-damage|p2a: Milotic|0 fnt\n|-unboost|p1a: Sneasler|def|1\n|-unboost|p1a: Sneasler|spd|1\n|faint|p2a: Milotic\n|move|p1b: Aerodactyl|Dual Wingbeat|p2b: Gholdengo\n|-resisted|p2b: Gholdengo|1\n|-damage|p2b: Gholdengo|79/100\n|-resisted|p2b: Gholdengo|1\n|-crit|p2b: Gholdengo\n|-damage|p2b: Gholdengo|68/100\n|-hitcount|p2b: Gholdengo|2\n|move|p2b: Gholdengo|Make It Rain|p1b: Aerodactyl|[spread] p1a,p1b\n|-supereffective|p1b: Aerodactyl|1\n|-damage|p1a: Sneasler|0 fnt\n|-damage|p1b: Aerodactyl|0 fnt\n|-unboost|p2b: Gholdengo|spa|2\n|faint|p1a: Sneasler\n|faint|p1b: Aerodactyl\n|-damage|p2b: Gholdengo|58/100|[from] item: Life Orb\n|\n|upkeep\n|\n|t:|1788175647\n|switch|p1b: Charizard|Charizard, L50, F|100/100\n|switch|p1a: Garchomp|Garchomp, L50, M|100/100\n|switch|p2a: Tyranitar|Tyranitar, L50, M|100/100\n|-weather|Sandstorm|[from] ability: Sand Stream|[of] p2a: Tyranitar\n|turn|4\n|\n|t:|1788175662\n|move|p1b: Charizard|Protect|p1b: Charizard\n|-singleturn|p1b: Charizard|Protect\n|move|p2a: Tyranitar|Protect|p2a: Tyranitar\n|-singleturn|p2a: Tyranitar|Protect\n|move|p1a: Garchomp|Earthquake|p2b: Gholdengo|[spread] p2b\n|-activate|p1b: Charizard|move: Protect\n|-activate|p2a: Tyranitar|move: Protect\n|-supereffective|p2b: Gholdengo|1\n|-damage|p2b: Gholdengo|0 fnt\n|faint|p2b: Gholdengo\n|\n|-weather|Sandstorm|[upkeep]\n|-damage|p1b: Charizard|93/100|[from] Sandstorm\n|-sideend|p1: Carrielis|move: Tailwind\n|upkeep\n|\n|t:|1788175670\n|switch|p2b: Excadrill|Excadrill, L50, F|100/100\n|turn|5\n|\n|t:|1788175684\n|detailschange|p2a: Tyranitar|Tyranitar-Mega, L50, M\n|-mega|p2a: Tyranitar|Tyranitar|Tyranitarite\n|move|p2b: Excadrill|Rock Slide|p1a: Garchomp|[spread] p1a,p1b\n|-resisted|p1a: Garchomp|1\n|-supereffective|p1b: Charizard|2\n|-damage|p1a: Garchomp|90/100\n|-damage|p1b: Charizard|24/100\n|cant|p1a: Garchomp|flinch\n|move|p2a: Tyranitar|Knock Off|p1a: Garchomp\n|-damage|p1a: Garchomp|54/100\n|-damage|p2a: Tyranitar|87/100|[from] ability: Rough Skin|[of] p1a: Garchomp\n|cant|p1b: Charizard|flinch\n|\n|-weather|Sandstorm|[upkeep]\n|-damage|p1b: Charizard|18/100|[from] Sandstorm\n|upkeep\n|turn|6\n|\n|t:|1788175705\n|detailschange|p1b: Charizard|Charizard-Mega-Y, L50, F\n|-mega|p1b: Charizard|Charizard|Charizardite Y\n|-weather|SunnyDay|[from] ability: Drought|[of] p1b: Charizard\n|move|p2a: Tyranitar|Protect|p2a: Tyranitar\n|-singleturn|p2a: Tyranitar|Protect\n|move|p2b: Excadrill|Rock Slide|p1a: Garchomp|[spread] p1a\n|-miss|p2b: Excadrill|p1b: Charizard\n|-resisted|p1a: Garchomp|1\n|-damage|p1a: Garchomp|44/100\n|move|p1a: Garchomp|Earthquake|p2a: Tyranitar|[spread] p2b\n|-activate|p2a: Tyranitar|move: Protect\n|-immune|p1b: Charizard\n|-supereffective|p2b: Excadrill|1\n|-enditem|p2b: Excadrill|Focus Sash\n|-damage|p2b: Excadrill|1/100\n|move|p1b: Charizard|Heat Wave|p2a: Tyranitar|[spread] p2b\n|-activate|p2a: Tyranitar|move: Protect\n|-supereffective|p2b: Excadrill|1\n|-damage|p2b: Excadrill|0 fnt\n|faint|p2b: Excadrill\n|\n|-weather|SunnyDay|[upkeep]\n|upkeep\n|turn|7\n|\n|t:|1788175723\n|move|p1a: Garchomp|Earthquake|p2a: Tyranitar|[spread] p2a\n|-immune|p1b: Charizard\n|-supereffective|p2a: Tyranitar|1\n|-damage|p2a: Tyranitar|37/100\n|move|p2a: Tyranitar|Rock Slide|p1b: Charizard|[spread] p1a,p1b\n|-resisted|p1a: Garchomp|1\n|-supereffective|p1b: Charizard|2\n|-damage|p1a: Garchomp|28/100\n|-damage|p1b: Charizard|0 fnt\n|faint|p1b: Charizard\n|\n|-weather|SunnyDay|[upkeep]\n|upkeep\n|turn|8\n|\n|t:|1788175731\n|move|p1a: Garchomp|Earthquake|p2a: Tyranitar\n|-supereffective|p2a: Tyranitar|1\n|-damage|p2a: Tyranitar|0 fnt\n|faint|p2a: Tyranitar\n|\n|win|Carrielis\n|raw|Carrielis's rating: 1269 &rarr; <strong>1295</strong><br />(+26 for winning)\n|raw|urstepslowbro's rating: 1282 &rarr; <strong>1256</strong><br />(-26 for losing)\n","uploadtime":1788175734,"views":"4","formatid":"gen9championsvgc2026regmbbo3","rating":1256,"private":0,"password":null}