{"id":"gen9championsvgc2026regmb-2674056189","format":"[Gen 9 Champions] VGC 2026 Reg M-B","players":["m3troGoonin","SrandomG"],"log":"|j|☆m3troGoonin\n|j|☆SrandomG\n|t:|1788293352\n|gametype|doubles\n|player|p1|m3troGoonin|101|1482\n|player|p2|SrandomG|2|1530\n|gen|9\n|tier|[Gen 9 Champions] VGC 2026 Reg M-B\n|rated|\n|rule|Species Clause: Limit one of each Pokémon\n|rule|Item Clause: Limit 1 of each item\n|clearpoke\n|poke|p1|Scovillain, L50, M, shiny|\n|poke|p1|Basculegion, L50, M|\n|poke|p1|Kingambit, L50, M|\n|poke|p1|Sneasler, L50, M|\n|poke|p1|Lycanroc-Dusk, L50, F|\n|poke|p1|Froslass, L50, F|\n|poke|p2|Aerodactyl, L50, M|\n|poke|p2|Kingambit, L50, M|\n|poke|p2|Sylveon, L50, M|\n|poke|p2|Garchomp, L50, M|\n|poke|p2|Charizard, L50, M|\n|poke|p2|Incineroar, L50, M|\n|teampreview|4\n|\n|t:|1788293403\n|teamsize|p1|4\n|teamsize|p2|4\n|start\n|switch|p1a: Scovillain|Scovillain, L50, M, shiny|100/100\n|switch|p1b: Lycanroc|Lycanroc-Dusk, L50, F|100/100\n|switch|p2a: Aerodactyl|Aerodactyl, L50, M|100/100\n|switch|p2b: Incineroar|Incineroar, L50, M|100/100\n|-ability|p2a: Aerodactyl|Unnerve\n|-ability|p2b: Incineroar|Intimidate|boost\n|-unboost|p1a: Scovillain|atk|1\n|-unboost|p1b: Lycanroc|atk|1\n|turn|1\n|\n|t:|1788293439\n|detailschange|p2a: Aerodactyl|Aerodactyl-Mega, L50, M\n|-mega|p2a: Aerodactyl|Aerodactyl|Aerodactylite\n|move|p1b: Lycanroc|Protect|p1b: Lycanroc\n|-singleturn|p1b: Lycanroc|Protect\n|move|p1a: Scovillain|Protect|p1a: Scovillain\n|-singleturn|p1a: Scovillain|Protect\n|move|p2a: Aerodactyl|Rock Slide|p1a: Scovillain|[spread] \n|-activate|p1a: Scovillain|move: Protect\n|-activate|p1b: Lycanroc|move: Protect\n|move|p2b: Incineroar|Darkest Lariat|p1b: Lycanroc\n|-activate|p1b: Lycanroc|move: Protect\n|\n|-ability|p1a: Scovillain|Moody|boost\n|-boost|p1a: Scovillain|spa|2\n|-unboost|p1a: Scovillain|atk|1\n|upkeep\n|turn|2\n|\n|t:|1788293451\n|detailschange|p1a: Scovillain|Scovillain-Mega, L50, M, shiny\n|-mega|p1a: Scovillain|Scovillain|Scovillainite\n|move|p1b: Lycanroc|Accelerock|p2a: Aerodactyl\n|-supereffective|p2a: Aerodactyl|1\n|-damage|p2a: Aerodactyl|59/100\n|move|p2a: Aerodactyl|Rock Slide|p1a: Scovillain|[spread] p1a,p1b\n|-supereffective|p1a: Scovillain|1\n|-damage|p1a: Scovillain|50/100g\n|-damage|p1b: Lycanroc|56/100\n|-status|p2a: Aerodactyl|brn|[from] ability: Spicy Spray|[of] p1a: Scovillain\n|cant|p1a: Scovillain|flinch\n|move|p2b: Incineroar|Darkest Lariat|p1b: Lycanroc\n|-damage|p1b: Lycanroc|4/100\n|\n|-damage|p2a: Aerodactyl|53/100 brn|[from] brn\n|upkeep\n|turn|3\n|\n|t:|1788293491\n|move|p1b: Lycanroc|Protect|p1b: Lycanroc\n|-singleturn|p1b: Lycanroc|Protect\n|move|p1a: Scovillain|Protect|p1a: Scovillain\n|-singleturn|p1a: Scovillain|Protect\n|move|p2a: Aerodactyl|Rock Slide|p1b: Lycanroc|[spread] \n|-activate|p1a: Scovillain|move: Protect\n|-activate|p1b: Lycanroc|move: Protect\n|move|p2b: Incineroar|Flare Blitz|p1a: Scovillain\n|-activate|p1a: Scovillain|move: Protect\n|\n|-damage|p2a: Aerodactyl|47/100 brn|[from] brn\n|upkeep\n|turn|4\n|\n|t:|1788293529\n|switch|p1a: Sneasler|Sneasler, L50, M|100/100\n|move|p1b: Lycanroc|Accelerock|p2a: Aerodactyl\n|-supereffective|p2a: Aerodactyl|1\n|-damage|p2a: Aerodactyl|11/100 brn\n|move|p2a: Aerodactyl|Rock Slide|p1b: Lycanroc|[spread] p1a,p1b\n|-resisted|p1a: Sneasler|1\n|-damage|p1a: Sneasler|89/100\n|-damage|p1b: Lycanroc|0 fnt\n|faint|p1b: Lycanroc\n|move|p2b: Incineroar|Flare Blitz|p1a: Sneasler\n|-damage|p1a: Sneasler|21/100\n|-damage|p2b: Incineroar|80/100|[from] Recoil\n|\n|-damage|p2a: Aerodactyl|5/100 brn|[from] brn\n|upkeep\n|\n|t:|1788293544\n|switch|p1b: Kingambit|Kingambit, L50, M|100/100\n|turn|5\n|\n|t:|1788293576\n|move|p1a: Sneasler|Protect|p1a: Sneasler\n|-singleturn|p1a: Sneasler|Protect\n|move|p1b: Kingambit|Protect|p1b: Kingambit\n|-singleturn|p1b: Kingambit|Protect\n|move|p2a: Aerodactyl|Tailwind|p2a: Aerodactyl\n|-sidestart|p2: SrandomG|move: Tailwind\n|move|p2b: Incineroar|Flare Blitz|p1b: Kingambit\n|-activate|p1b: Kingambit|move: Protect\n|\n|-damage|p2a: Aerodactyl|0 fnt|[from] brn\n|faint|p2a: Aerodactyl\n|upkeep\n|\n|t:|1788293581\n|switch|p2a: Charizard|Charizard, L50, M|100/100\n|turn|6\n|c|☆m3troGoonin|ggs\n|\n|t:|1788293614\n|move|p1a: Sneasler|Feint|p2a: Charizard\n|-damage|p2a: Charizard|87/100\n|move|p2a: Charizard|Heat Wave|p1b: Kingambit|[spread] p1a,p1b\n|-supereffective|p1b: Kingambit|1\n|-damage|p1a: Sneasler|0 fnt\n|-damage|p1b: Kingambit|41/100\n|faint|p1a: Sneasler\n|move|p2b: Incineroar|Flare Blitz|p1b: Kingambit\n|-supereffective|p1b: Kingambit|1\n|-damage|p1b: Kingambit|0 fnt\n|faint|p1b: Kingambit\n|-damage|p2b: Incineroar|66/100|[from] Recoil\n|\n|upkeep\n|-message|m3troGoonin forfeited.\n|\n|win|SrandomG\n|raw|m3troGoonin's rating: 1482 &rarr; <strong>1465</strong><br />(-17 for losing)\n|raw|SrandomG's rating: 1530 &rarr; <strong>1547</strong><br />(+17 for winning)\n","uploadtime":1788293623,"views":"3","formatid":"gen9championsvgc2026regmb","rating":1465,"private":0,"password":null}