{"id":"gen9championsvgc2026regmb-2674029836","format":"[Gen 9 Champions] VGC 2026 Reg M-B","players":["ethalem77","Clessito"],"log":"|j|☆ethalem77\n|j|☆Clessito\n|t:|1788290183\n|gametype|doubles\n|player|p1|ethalem77|acetrainer-gen4dp|1562\n|player|p2|Clessito|1|1589\n|gen|9\n|tier|[Gen 9 Champions] VGC 2026 Reg M-B\n|rated|\n|rule|Species Clause: Limit one of each Pokémon\n|rule|Item Clause: Limit 1 of each item\n|clearpoke\n|poke|p1|Dragonite, L50, M|\n|poke|p1|Sneasler, L50, M|\n|poke|p1|Basculegion, L50, M|\n|poke|p1|Kingambit, L50, F|\n|poke|p1|Garchomp, L50, M|\n|poke|p1|Floette-Eternal, L50, F|\n|poke|p2|Talonflame, L50, M|\n|poke|p2|Aegislash, L50, M|\n|poke|p2|Sylveon, L50, F|\n|poke|p2|Malamar, L50, M|\n|poke|p2|Meowstic, L50, M|\n|poke|p2|Clawitzer, L50, F|\n|teampreview|4\n|inactive|Battle timer is ON: inactive players will automatically lose when time's up. (requested by Clessito)\n|inactive|ethalem77 also wants the timer to be on.\n|\n|t:|1788290211\n|teamsize|p1|4\n|teamsize|p2|4\n|start\n|switch|p1a: Dragonite|Dragonite, L50, M|100/100\n|switch|p1b: Sneasler|Sneasler, L50, M|100/100\n|switch|p2a: Meowstic|Meowstic, L50, M|100/100\n|switch|p2b: Aegislash|Aegislash, L50, M|100/100\n|turn|1\n|\n|t:|1788290219\n|detailschange|p1a: Dragonite|Dragonite-Mega, L50, M\n|-mega|p1a: Dragonite|Dragonite|Dragoninite\n|move|p2a: Meowstic|Fake Out|p1a: Dragonite\n|-damage|p1a: Dragonite|97/100\n|move|p1b: Sneasler|Dire Claw|p2a: Meowstic\n|-damage|p2a: Meowstic|58/100\n|-status|p2a: Meowstic|psn|[from] ability: Poison Touch|[of] p1b: Sneasler\n|cant|p1a: Dragonite|flinch\n|move|p2b: Aegislash|Swords Dance|p2b: Aegislash\n|-boost|p2b: Aegislash|atk|2\n|\n|-damage|p2a: Meowstic|46/100 psn|[from] psn\n|upkeep\n|turn|2\n|\n|t:|1788290243\n|switch|p1b: Kingambit|Kingambit, L50, F|100/100\n|move|p2a: Meowstic|Light Screen|p2a: Meowstic\n|-sidestart|p2: Clessito|move: Light Screen\n|move|p1a: Dragonite|Heat Wave|p2b: Aegislash|[spread] p2a,p2b\n|-supereffective|p2b: Aegislash|1\n|-damage|p2a: Meowstic|26/100 psn\n|-damage|p2b: Aegislash|66/100\n|move|p2b: Aegislash|Swords Dance|p2b: Aegislash\n|-boost|p2b: Aegislash|atk|2\n|\n|-damage|p2a: Meowstic|14/100 psn|[from] psn\n|upkeep\n|turn|3\n|\n|t:|1788290260\n|move|p2b: Aegislash|King's Shield|p2b: Aegislash\n|-singleturn|p2b: Aegislash|Protect\n|move|p2a: Meowstic|Reflect|p2a: Meowstic\n|-sidestart|p2: Clessito|Reflect\n|move|p1b: Kingambit|Sucker Punch||[still]\n|-fail|p1b: Kingambit\n|move|p1a: Dragonite|Heat Wave|p2b: Aegislash|[spread] p2a\n|-activate|p2b: Aegislash|move: Protect\n|-damage|p2a: Meowstic|0 fnt\n|faint|p2a: Meowstic\n|\n|upkeep\n|\n|t:|1788290268\n|switch|p2a: Sylveon|Sylveon, L50, F|100/100\n|turn|4\n|\n|t:|1788290276\n|move|p1a: Dragonite|Protect|p1a: Dragonite\n|-singleturn|p1a: Dragonite|Protect\n|-formechange|p2b: Aegislash|Aegislash-Blade|\n|move|p2b: Aegislash|Shadow Sneak|p1a: Dragonite\n|-activate|p1a: Dragonite|move: Protect\n|move|p1b: Kingambit|Sucker Punch||[still]\n|-fail|p1b: Kingambit\n|move|p2a: Sylveon|Hyper Voice|p1b: Kingambit|[spread] p1b\n|-activate|p1a: Dragonite|move: Protect\n|-damage|p1b: Kingambit|60/100\n|\n|upkeep\n|turn|5\n|\n|t:|1788290296\n|move|p1a: Dragonite|Heat Wave|p2b: Aegislash|[spread] p2a,p2b\n|-supereffective|p2b: Aegislash|1\n|-damage|p2a: Sylveon|84/100\n|-damage|p2b: Aegislash|0 fnt\n|-status|p2a: Sylveon|brn\n|faint|p2b: Aegislash\n|move|p2a: Sylveon|Hyper Voice|p1a: Dragonite|[spread] p1a,p1b\n|-supereffective|p1a: Dragonite|1\n|-damage|p1a: Dragonite|21/100\n|-damage|p1b: Kingambit|22/100\n|move|p1b: Kingambit|Kowtow Cleave|p2a: Sylveon\n|-resisted|p2a: Sylveon|1\n|-damage|p2a: Sylveon|70/100 brn\n|\n|-damage|p2a: Sylveon|64/100 brn|[from] brn\n|upkeep\n|\n|t:|1788290302\n|switch|p2b: Talonflame|Talonflame, L50, M|100/100\n|turn|6\n|\n|t:|1788290309\n|move|p1a: Dragonite|Extreme Speed|p2b: Talonflame\n|-damage|p2b: Talonflame|81/100\n|move|p1b: Kingambit|Sucker Punch|p2a: Sylveon\n|-resisted|p2a: Sylveon|1\n|-damage|p2a: Sylveon|51/100 brn\n|move|p2b: Talonflame|Tailwind|p2b: Talonflame\n|-sidestart|p2: Clessito|move: Tailwind\n|move|p2a: Sylveon|Hyper Voice|p1a: Dragonite|[spread] p1a,p1b\n|-supereffective|p1a: Dragonite|1\n|-damage|p1a: Dragonite|0 fnt\n|-damage|p1b: Kingambit|0 fnt\n|faint|p1a: Dragonite\n|faint|p1b: Kingambit\n|\n|-damage|p2a: Sylveon|46/100 brn|[from] brn\n|upkeep\n|\n|t:|1788290318\n|switch|p1a: Sneasler|Sneasler, L50, M|100/100\n|switch|p1b: Basculegion|Basculegion, L50, M|100/100\n|turn|7\n|\n|t:|1788290330\n|move|p2b: Talonflame|Quick Guard|p2b: Talonflame\n|-singleturn|p2b: Talonflame|Quick Guard\n|move|p1a: Sneasler|Feint|p2a: Sylveon\n|-activate|p2a: Sylveon|move: Feint\n|-damage|p2a: Sylveon|38/100 brn\n|move|p1b: Basculegion|Aqua Jet|p2a: Sylveon\n|-damage|p2a: Sylveon|15/100 brn\n|-damage|p1b: Basculegion|90/100|[from] item: Life Orb\n|move|p2a: Sylveon|Hyper Beam|p1b: Basculegion\n|-damage|p1b: Basculegion|0 fnt\n|-mustrecharge|p2a: Sylveon\n|faint|p1b: Basculegion\n|\n|-damage|p2a: Sylveon|10/100 brn|[from] brn\n|upkeep\n|turn|8\n|\n|t:|1788290342\n|move|p2b: Talonflame|Brave Bird|p1a: Sneasler\n|-supereffective|p1a: Sneasler|1\n|-enditem|p1a: Sneasler|Focus Sash\n|-damage|p1a: Sneasler|1/100\n|-damage|p2b: Talonflame|49/100|[from] Recoil\n|move|p1a: Sneasler|Dire Claw|p2a: Sylveon\n|-supereffective|p2a: Sylveon|1\n|-damage|p2a: Sylveon|0 fnt\n|faint|p2a: Sylveon\n|\n|upkeep\n|turn|9\n|\n|t:|1788290352\n|move|p2b: Talonflame|Brave Bird|p1a: Sneasler\n|-supereffective|p1a: Sneasler|1\n|-damage|p1a: Sneasler|0 fnt\n|faint|p1a: Sneasler\n|-damage|p2b: Talonflame|48/100|[from] Recoil\n|\n|win|Clessito\n|raw|ethalem77's rating: 1562 &rarr; <strong>1544</strong><br />(-18 for losing)\n|raw|Clessito's rating: 1589 &rarr; <strong>1607</strong><br />(+18 for winning)\n","uploadtime":1788290354,"views":"0","formatid":"gen9championsvgc2026regmb","rating":1544,"private":0,"password":null}