{"id":"gen9championsvgc2026regmb-2674355991","format":"[Gen 9 Champions] VGC 2026 Reg M-B","players":["sneasler = ursh","Pawah"],"log":"|j|☆sneasler = ursh\n|j|☆Pawah\n|t:|1788347864\n|gametype|doubles\n|player|p1|sneasler = ursh|skier|1076\n|player|p2|Pawah|ethan|1120\n|gen|9\n|tier|[Gen 9 Champions] VGC 2026 Reg M-B\n|rated|\n|rule|Species Clause: Limit one of each Pokémon\n|rule|Item Clause: Limit 1 of each item\n|clearpoke\n|poke|p1|Staraptor, L50, F|\n|poke|p1|Pelipper, L50, F|\n|poke|p1|Charizard, L50, M|\n|poke|p1|Aerodactyl, L50, F|\n|poke|p1|Corviknight, L50, F|\n|poke|p1|Gliscor, L50, F|\n|poke|p2|Froslass, L50, F|\n|poke|p2|Scovillain, L50, F, shiny|\n|poke|p2|Basculegion, L50, M|\n|poke|p2|Kingambit, L50, F|\n|poke|p2|Sneasler, L50, M|\n|poke|p2|Lycanroc-Dusk, L50, F|\n|teampreview|4\n|inactive|Battle timer is ON: inactive players will automatically lose when time's up. (requested by Pawah)\n|inactive|sneasler = ursh also wants the timer to be on.\n|\n|t:|1788347887\n|teamsize|p1|4\n|teamsize|p2|4\n|start\n|switch|p1a: Aerodactyl|Aerodactyl, L50, F|100/100\n|switch|p1b: Corviknight|Corviknight, L50, F|100/100\n|switch|p2a: Froslass|Froslass, L50, F|100/100\n|switch|p2b: Sneasler|Sneasler, L50, M|100/100\n|-ability|p1a: Aerodactyl|Unnerve\n|turn|1\n|\n|t:|1788347901\n|detailschange|p2a: Froslass|Froslass-Mega, L50, F\n|-mega|p2a: Froslass|Froslass|Froslassite\n|-weather|Snowscape|[from] ability: Snow Warning|[of] p2a: Froslass\n|move|p2b: Sneasler|Fake Out|p1b: Corviknight\n|-resisted|p1b: Corviknight|1\n|-damage|p1b: Corviknight|95/100\n|move|p1a: Aerodactyl|Tailwind|p1a: Aerodactyl\n|-sidestart|p1: sneasler = ursh|move: Tailwind\n|cant|p1b: Corviknight|flinch\n|move|p2a: Froslass|Aurora Veil|p2a: Froslass\n|-sidestart|p2: Pawah|move: Aurora Veil\n|\n|-weather|Snowscape|[upkeep]\n|-heal|p1b: Corviknight|100/100|[from] item: Leftovers\n|upkeep\n|turn|2\n|\n|t:|1788347920\n|move|p1a: Aerodactyl|Rock Slide|p2a: Froslass|[spread] p2a,p2b\n|-supereffective|p2a: Froslass|1\n|-resisted|p2b: Sneasler|1\n|-damage|p2a: Froslass|66/100\n|-damage|p2b: Sneasler|90/100\n|move|p1b: Corviknight|Iron Head|p2a: Froslass\n|-supereffective|p2a: Froslass|1\n|-damage|p2a: Froslass|33/100\n|move|p2a: Froslass|Shadow Ball|p1b: Corviknight\n|-damage|p1b: Corviknight|63/100\n|-ability|p1b: Corviknight|Mirror Armor\n|-unboost|p2a: Froslass|spd|1\n|move|p2b: Sneasler|Close Combat|p1b: Corviknight\n|-damage|p1b: Corviknight|20/100y\n|-unboost|p2b: Sneasler|def|1\n|-unboost|p2b: Sneasler|spd|1\n|-enditem|p2b: Sneasler|White Herb\n|-clearnegativeboost|p2b: Sneasler|[silent]\n|\n|-weather|Snowscape|[upkeep]\n|-heal|p1b: Corviknight|26/100|[from] item: Leftovers\n|upkeep\n|turn|3\n|inactive|sneasler = ursh has 30 seconds left.\n|\n|t:|1788347952\n|switch|p1b: Staraptor|Staraptor, L50, F|100/100\n|-ability|p1b: Staraptor|Intimidate|boost\n|-unboost|p2a: Froslass|atk|1\n|-unboost|p2b: Sneasler|atk|1\n|switch|p2a: Kingambit|Kingambit, L50, F|100/100\n|move|p1a: Aerodactyl|Rock Slide|p2b: Sneasler|[spread] p2a,p2b\n|-resisted|p2a: Kingambit|1\n|-resisted|p2b: Sneasler|1\n|-damage|p2a: Kingambit|94/100\n|-damage|p2b: Sneasler|82/100\n|cant|p2b: Sneasler|flinch\n|\n|-weather|Snowscape|[upkeep]\n|upkeep\n|turn|4\n|\n|t:|1788347970\n|move|p1a: Aerodactyl|Protect|p1a: Aerodactyl\n|-singleturn|p1a: Aerodactyl|Protect\n|move|p2a: Kingambit|Protect|p2a: Kingambit\n|-singleturn|p2a: Kingambit|Protect\n|move|p1b: Staraptor|Roost||[still]\n|-fail|p1b: Staraptor|heal\n|move|p2b: Sneasler|Close Combat|p1a: Aerodactyl\n|-activate|p1a: Aerodactyl|move: Protect\n|\n|-weather|Snowscape|[upkeep]\n|-sideend|p1: sneasler = ursh|move: Tailwind\n|upkeep\n|turn|5\n|\n|t:|1788347985\n|detailschange|p1b: Staraptor|Staraptor-Mega, L50, F\n|-mega|p1b: Staraptor|Staraptor|Staraptite\n|move|p2a: Kingambit|Sucker Punch||[still]\n|-fail|p2a: Kingambit\n|move|p2b: Sneasler|Close Combat|p1a: Aerodactyl\n|-damage|p1a: Aerodactyl|36/100\n|-unboost|p2b: Sneasler|def|1\n|-unboost|p2b: Sneasler|spd|1\n|move|p1a: Aerodactyl|Tailwind|p1a: Aerodactyl\n|-sidestart|p1: sneasler = ursh|move: Tailwind\n|move|p1b: Staraptor|Close Combat|p2a: Kingambit\n|-supereffective|p2a: Kingambit|2\n|-damage|p2a: Kingambit|0 fnt\n|-boost|p1b: Staraptor|def|1\n|-boost|p1b: Staraptor|spd|1\n|faint|p2a: Kingambit\n|\n|-weather|none\n|-sideend|p2: Pawah|move: Aurora Veil\n|upkeep\n|\n|t:|1788347995\n|switch|p2a: Froslass|Froslass-Mega, L50, F|33/100\n|-weather|Snowscape|[from] ability: Snow Warning|[of] p2a: Froslass\n|turn|6\n|\n|t:|1788348011\n|switch|p1a: Gliscor|Gliscor, L50, F|100/100\n|move|p1b: Staraptor|Brave Bird|p2a: Froslass\n|-damage|p2a: Froslass|0 fnt\n|faint|p2a: Froslass\n|-damage|p1b: Staraptor|89/100|[from] Recoil\n|move|p2b: Sneasler|Gunk Shot|p1b: Staraptor\n|-damage|p1b: Staraptor|60/100\n|\n|-weather|Snowscape|[upkeep]\n|upkeep\n|\n|t:|1788348015\n|switch|p2a: Lycanroc|Lycanroc-Dusk, L50, F|100/100\n|turn|7\n|\n|t:|1788348033\n|move|p2b: Sneasler|Protect|p2b: Sneasler\n|-singleturn|p2b: Sneasler|Protect\n|move|p1b: Staraptor|Close Combat|p2a: Lycanroc\n|-supereffective|p2a: Lycanroc|1\n|-crit|p2a: Lycanroc\n|-enditem|p2a: Lycanroc|Focus Sash\n|-damage|p2a: Lycanroc|1/100\n|-boost|p1b: Staraptor|def|1\n|-boost|p1b: Staraptor|spd|1\n|move|p1a: Gliscor|Earthquake|p2a: Lycanroc|[spread] p2a\n|-activate|p2b: Sneasler|move: Protect\n|-immune|p1b: Staraptor\n|-supereffective|p2a: Lycanroc|1\n|-damage|p2a: Lycanroc|0 fnt\n|faint|p2a: Lycanroc\n|-damage|p1a: Gliscor|90/100|[from] item: Life Orb\n|\n|-weather|Snowscape|[upkeep]\n|upkeep\n|turn|8\n|\n|t:|1788348049\n|move|p2b: Sneasler|Protect||[still]\n|-fail|p2b: Sneasler\n|move|p1b: Staraptor|Brave Bird|p2b: Sneasler\n|-supereffective|p2b: Sneasler|1\n|-damage|p2b: Sneasler|0 fnt\n|faint|p2b: Sneasler\n|-damage|p1b: Staraptor|33/100|[from] Recoil\n|\n|win|sneasler = ursh\n|raw|sneasler = ursh's rating: 1076 &rarr; <strong>1108</strong><br />(+32 for winning)\n|raw|Pawah's rating: 1120 &rarr; <strong>1092</strong><br />(-28 for losing)\n","uploadtime":1788348049,"views":"3","formatid":"gen9championsvgc2026regmb","rating":1092,"private":0,"password":null}