{"id":"gen9championsvgc2026regmb-2674888626","format":"[Gen 9 Champions] VGC 2026 Reg M-B","players":["uus ou killer","GzMnc09"],"log":"|j|☆uus ou killer\n|j|☆GzMnc09\n|t:|1788429753\n|gametype|doubles\n|player|p1|uus ou killer|2|1152\n|player|p2|GzMnc09|2|1143\n|gen|9\n|tier|[Gen 9 Champions] VGC 2026 Reg M-B\n|rated|\n|rule|Species Clause: Limit one of each Pokémon\n|rule|Item Clause: Limit 1 of each item\n|clearpoke\n|poke|p1|Farigiraf, L50, F|\n|poke|p1|Incineroar, L50, M|\n|poke|p1|Torkoal, L50, M|\n|poke|p1|Pyroar, L50, M|\n|poke|p1|Floette-Eternal, L50, F|\n|poke|p1|Vileplume, L50, F|\n|poke|p2|Scovillain, L50, F|\n|poke|p2|Archaludon, L50, F|\n|poke|p2|Grimmsnarl, L50, M|\n|poke|p2|Aerodactyl, L50, F|\n|poke|p2|Diggersby, L50, F|\n|poke|p2|Sinistcha, L50|\n|teampreview|4\n|\n|t:|1788429817\n|teamsize|p1|4\n|teamsize|p2|4\n|start\n|switch|p1a: Farigiraf|Farigiraf, L50, F|100/100\n|switch|p1b: Incineroar|Incineroar, L50, M|100/100\n|switch|p2a: Diggersby|Diggersby, L50, F|100/100\n|switch|p2b: Grimmsnarl|Grimmsnarl, L50, M|100/100\n|-ability|p1b: Incineroar|Intimidate|boost\n|-unboost|p2a: Diggersby|atk|1\n|-unboost|p2b: Grimmsnarl|atk|1\n|turn|1\n|\n|t:|1788429832\n|move|p1b: Incineroar|Fake Out|p2a: Diggersby\n|-damage|p2a: Diggersby|83/100\n|move|p2b: Grimmsnarl|Light Screen|p2b: Grimmsnarl\n|-sidestart|p2: GzMnc09|move: Light Screen\n|cant|p2a: Diggersby|flinch\n|move|p1a: Farigiraf|Trick Room|p1a: Farigiraf\n|-fieldstart|move: Trick Room|[of] p1a: Farigiraf\n|\n|upkeep\n|turn|2\n|\n|t:|1788429867\n|move|p1a: Farigiraf|Helping Hand|p1b: Incineroar\n|-singleturn|p1b: Incineroar|Helping Hand|[of] p1a: Farigiraf\n|move|p1b: Incineroar|Close Combat|p2a: Diggersby\n|-supereffective|p2a: Diggersby|1\n|-damage|p2a: Diggersby|0 fnt\n|-unboost|p1b: Incineroar|def|1\n|-unboost|p1b: Incineroar|spd|1\n|faint|p2a: Diggersby\n|-enditem|p1b: Incineroar|White Herb\n|-clearnegativeboost|p1b: Incineroar|[silent]\n|move|p2b: Grimmsnarl|Spirit Break|p1a: Farigiraf\n|-damage|p1a: Farigiraf|83/100\n|-unboost|p1a: Farigiraf|spa|1\n|\n|upkeep\n|\n|t:|1788429880\n|switch|p2a: Scovillain|Scovillain, L50, F|100/100\n|turn|3\n|\n|t:|1788429908\n|switch|p2b: Archaludon|Archaludon, L50, F|100/100\n|detailschange|p2a: Scovillain|Scovillain-Mega, L50, F\n|-mega|p2a: Scovillain|Scovillain|Scovillainite\n|move|p1a: Farigiraf|Helping Hand|p1b: Incineroar\n|-singleturn|p1b: Incineroar|Helping Hand|[of] p1a: Farigiraf\n|move|p1b: Incineroar|Flare Blitz|p2b: Archaludon\n|-damage|p2b: Archaludon|35/100\n|-ability|p2b: Archaludon|Stamina|boost\n|-boost|p2b: Archaludon|def|1\n|-damage|p1b: Incineroar|80/100|[from] Recoil\n|move|p2a: Scovillain|Grassy Terrain|p2a: Scovillain\n|-fieldstart|move: Grassy Terrain\n|\n|-heal|p1b: Incineroar|86/100|[from] Grassy Terrain\n|-heal|p1a: Farigiraf|89/100|[from] Grassy Terrain\n|-heal|p2b: Archaludon|41/100|[from] Grassy Terrain\n|upkeep\n|turn|4\n|\n|t:|1788429929\n|move|p1a: Farigiraf|Helping Hand|p1b: Incineroar\n|-singleturn|p1b: Incineroar|Helping Hand|[of] p1a: Farigiraf\n|move|p2a: Scovillain|Rage Powder|p2a: Scovillain\n|-singleturn|p2a: Scovillain|move: Rage Powder\n|move|p1b: Incineroar|Flare Blitz|p2a: Scovillain\n|-damage|p2a: Scovillain|0 fnt\n|faint|p2a: Scovillain\n|-damage|p1b: Incineroar|58/100|[from] Recoil\n|move|p2b: Archaludon|Draco Meteor|p1b: Incineroar|[miss]\n|-miss|p2b: Archaludon|p1b: Incineroar\n|\n|-heal|p1b: Incineroar|64/100|[from] Grassy Terrain\n|-heal|p1a: Farigiraf|95/100|[from] Grassy Terrain\n|-heal|p2b: Archaludon|47/100|[from] Grassy Terrain\n|upkeep\n|\n|t:|1788429942\n|switch|p2a: Grimmsnarl|Grimmsnarl, L50, M|100/100\n|turn|5\n|\n|t:|1788429957\n|move|p1a: Farigiraf|Helping Hand|p1b: Incineroar\n|-singleturn|p1b: Incineroar|Helping Hand|[of] p1a: Farigiraf\n|move|p2b: Archaludon|Protect|p2b: Archaludon\n|-singleturn|p2b: Archaludon|Protect\n|move|p1b: Incineroar|Flare Blitz|p2a: Grimmsnarl\n|-damage|p2a: Grimmsnarl|19/100\n|-damage|p1b: Incineroar|38/100|[from] Recoil\n|move|p2a: Grimmsnarl|Spirit Break|p1b: Incineroar\n|-damage|p1b: Incineroar|9/100\n|-unboost|p1b: Incineroar|spa|1\n|\n|-heal|p1b: Incineroar|15/100|[from] Grassy Terrain\n|-heal|p1a: Farigiraf|100/100|[from] Grassy Terrain\n|-heal|p2a: Grimmsnarl|25/100|[from] Grassy Terrain\n|-heal|p2b: Archaludon|53/100|[from] Grassy Terrain\n|-fieldend|move: Trick Room\n|upkeep\n|turn|6\n|\n|t:|1788429982\n|move|p2b: Archaludon|Focus Energy|p2b: Archaludon\n|-start|p2b: Archaludon|move: Focus Energy\n|move|p2a: Grimmsnarl|Spirit Break|p1a: Farigiraf\n|-damage|p1a: Farigiraf|71/100\n|-unboost|p1a: Farigiraf|spa|1\n|move|p1b: Incineroar|Close Combat|p2b: Archaludon\n|-supereffective|p2b: Archaludon|1\n|-damage|p2b: Archaludon|10/100\n|-unboost|p1b: Incineroar|def|1\n|-unboost|p1b: Incineroar|spd|1\n|-ability|p2b: Archaludon|Stamina|boost\n|-boost|p2b: Archaludon|def|1\n|move|p1a: Farigiraf|Trick Room|p1a: Farigiraf\n|-fieldstart|move: Trick Room|[of] p1a: Farigiraf\n|\n|-heal|p1b: Incineroar|21/100|[from] Grassy Terrain\n|-heal|p1a: Farigiraf|78/100|[from] Grassy Terrain\n|-heal|p2a: Grimmsnarl|31/100|[from] Grassy Terrain\n|-heal|p2b: Archaludon|16/100|[from] Grassy Terrain\n|upkeep\n|turn|7\n|\n|t:|1788430002\n|move|p1a: Farigiraf|Helping Hand|p1b: Incineroar\n|-singleturn|p1b: Incineroar|Helping Hand|[of] p1a: Farigiraf\n|move|p1b: Incineroar|Flare Blitz|p2a: Grimmsnarl\n|-damage|p2a: Grimmsnarl|0 fnt\n|faint|p2a: Grimmsnarl\n|-damage|p1b: Incineroar|11/100|[from] Recoil\n|move|p2b: Archaludon|Draco Meteor|p1a: Farigiraf\n|-crit|p1a: Farigiraf\n|-damage|p1a: Farigiraf|0 fnt\n|-unboost|p2b: Archaludon|spa|2\n|faint|p1a: Farigiraf\n|\n|-heal|p1b: Incineroar|17/100|[from] Grassy Terrain\n|-heal|p2b: Archaludon|22/100|[from] Grassy Terrain\n|-fieldend|move: Grassy Terrain\n|upkeep\n|\n|t:|1788430012\n|switch|p1a: Torkoal|Torkoal, L50, M|100/100\n|-weather|SunnyDay|[from] ability: Drought|[of] p1a: Torkoal\n|turn|8\n|c|☆uus ou killer|gg lol\n|c|☆GzMnc09|g\n|c|☆GzMnc09|g\n|\n|t:|1788430030\n|move|p1a: Torkoal|Eruption|p2b: Archaludon\n|-damage|p2b: Archaludon|0 fnt\n|faint|p2b: Archaludon\n|\n|win|uus ou killer\n|raw|uus ou killer's rating: 1152 &rarr; <strong>1176</strong><br />(+24 for winning)\n|raw|GzMnc09's rating: 1143 &rarr; <strong>1119</strong><br />(-24 for losing)\n|l|☆GzMnc09\n|player|p2|\n|c|☆uus ou killer|the team\n","uploadtime":1788430295,"views":"2","formatid":"gen9championsvgc2026regmb","rating":1119,"private":0,"password":null}