{"id":"gen9championsvgc2026regmb-2673989105","format":"[Gen 9 Champions] VGC 2026 Reg M-B","players":["wobrangenau","MoScarada"],"log":"|j|☆wobrangenau\n|j|☆MoScarada\n|html|<table width=\"100%\"><tr><td align=\"left\">wobrangenau</td><td align=\"right\">MoScarada</tr><tr><td align=\"left\"><i class=\"fa fa-circle\"></i> <i class=\"fa fa-circle-o\"></i> </td><td align=\"right\"><i class=\"fa fa-circle-o\"></i> <i class=\"fa fa-circle\"></i> </tr></table>\n|uhtml|bestof|<h2><strong>Game 3</strong> of <a href=\"/game-bestof3-gen9championsvgc2026regmb-2673981307\">a best-of-3</a></h2>\n|t:|1788285393\n|gametype|doubles\n|player|p1|wobrangenau|gentleman|\n|player|p2|MoScarada|169|\n|gen|9\n|tier|[Gen 9 Champions] VGC 2026 Reg M-B\n|rule|Species Clause: Limit one of each Pokémon\n|rule|Item Clause: Limit 1 of each item\n|raw|<div class=\"infobox\"><details class=\"readmore\" open><summary><strong>1 custom rule:</strong></summary> Best of = 3</details></div>\n|clearpoke\n|poke|p1|Eelektross, L50, M|\n|poke|p1|Raichu, L50, M, shiny|\n|poke|p1|Garchomp, L50, M|\n|poke|p1|Whimsicott, L50, F, shiny|\n|poke|p1|Gardevoir, L50, F, shiny|\n|poke|p1|Kingambit, L50, M|\n|poke|p2|Froslass, L50, F|\n|poke|p2|Scovillain, L50, M|\n|poke|p2|Lycanroc-Dusk, L50, F|\n|poke|p2|Kingambit, L50, F|\n|poke|p2|Basculegion, L50, M|\n|poke|p2|Sneasler, L50, F|\n|teampreview|4\n|inactive|Battle timer is ON: inactive players will automatically lose when time's up. (requested by MoScarada)\nMoScarada has agreed to open team sheets.\n|inactiveoff|Battle timer is now OFF.\nwobrangenau has agreed to open team sheets.\n|showteam|p1|Eelektross||Eelektrossite|Levitate|Discharge,Flamethrower,Protect,GrassKnot|Modest||M|||50|]Raichu||RaichuniteX|LightningRod|FakeOut,RisingVoltage,Protect,Electroweb|Modest||M|||50|]Garchomp||LifeOrb|RoughSkin|Earthquake,DragonClaw,Protect,RockSlide|Adamant||M|||50|]Whimsicott||FocusSash|Prankster|Moonblast,Encore,Protect,Tailwind|Timid||F|||50|]Gardevoir||SitrusBerry|Telepathy|Moonblast,Psychic,Protect,TrickRoom|Bold||F|||50|]Kingambit||ChopleBerry|Defiant|SuckerPunch,KowtowCleave,IronHead,LowKick|Adamant||M|||50|\n|showteam|p2|Froslass||Froslassite|CursedBody|Blizzard,ShadowBall,Protect,AuroraVeil|Modest||F|||50|]Scovillain||Scovillainite|Moody|Overheat,GigaDrain,RagePowder,Protect|Modest||M|||50|]Lycanroc-Dusk||FocusSash|ToughClaws|RockSlide,CloseCombat,Accelerock,Protect|Adamant||F|||50|]Kingambit||BlackGlasses|Defiant|KowtowCleave,SuckerPunch,SwordsDance,Protect|Adamant||F|||50|]Basculegion||LifeOrb|Adaptability|WaveCrash,LastRespects,AquaJet,Protect|Adamant||M|||50|]Sneasler||WhiteHerb|Unburden|DireClaw,CloseCombat,Protect,FakeOut|Jolly||F|||50|\n|\n|t:|1788285444\n|teamsize|p1|4\n|teamsize|p2|4\n|start\n|switch|p1a: Whimsicott|Whimsicott, L50, F, shiny|100/100\n|switch|p1b: Gardevoir|Gardevoir, L50, F, shiny|100/100\n|switch|p2a: Sneasler|Sneasler, L50, F|100/100\n|switch|p2b: Basculegion|Basculegion, L50, M|100/100\n|turn|1\n|\n|t:|1788285473\n|move|p1a: Whimsicott|Protect|p1a: Whimsicott\n|-singleturn|p1a: Whimsicott|Protect\n|move|p1b: Gardevoir|Protect|p1b: Gardevoir\n|-singleturn|p1b: Gardevoir|Protect\n|move|p2a: Sneasler|Fake Out|p1a: Whimsicott\n|-activate|p1a: Whimsicott|move: Protect\n|move|p2b: Basculegion|Wave Crash|p1b: Gardevoir\n|-activate|p1b: Gardevoir|move: Protect\n|\n|upkeep\n|turn|2\n|\n|t:|1788285493\n|switch|p1b: Kingambit|Kingambit, L50, M|100/100\n|move|p2a: Sneasler|Dire Claw|p1b: Kingambit\n|-immune|p1b: Kingambit\n|move|p1a: Whimsicott|Moonblast|p2b: Basculegion\n|-damage|p2b: Basculegion|61/100\n|move|p2b: Basculegion|Wave Crash|p1b: Kingambit\n|-damage|p1b: Kingambit|32/100\n|-damage|p2b: Basculegion|39/100|[from] Recoil\n|-damage|p2b: Basculegion|29/100|[from] item: Life Orb\n|\n|upkeep\n|turn|3\n|\n|t:|1788285646\n|move|p1a: Whimsicott|Protect|p1a: Whimsicott\n|-singleturn|p1a: Whimsicott|Protect\n|move|p2b: Basculegion|Aqua Jet|p1b: Kingambit\n|-damage|p1b: Kingambit|7/100\n|-damage|p2b: Basculegion|20/100y|[from] item: Life Orb\n|move|p1b: Kingambit|Sucker Punch|p2a: Sneasler\n|-resisted|p2a: Sneasler|1\n|-damage|p2a: Sneasler|64/100\n|move|p2a: Sneasler|Dire Claw|p1a: Whimsicott\n|-activate|p1a: Whimsicott|move: Protect\n|\n|upkeep\n|turn|4\n|\n|t:|1788285758\n|switch|p2b: Scovillain|Scovillain, L50, M|100/100\n|move|p1a: Whimsicott|Tailwind|p1a: Whimsicott\n|-sidestart|p1: wobrangenau|move: Tailwind\n|move|p2a: Sneasler|Dire Claw|p1a: Whimsicott\n|-supereffective|p1a: Whimsicott|2\n|-enditem|p1a: Whimsicott|Focus Sash\n|-damage|p1a: Whimsicott|1/100\n|move|p1b: Kingambit|Kowtow Cleave|p2b: Scovillain\n|-damage|p2b: Scovillain|42/100\n|\n|-ability|p2b: Scovillain|Moody|boost\n|-boost|p2b: Scovillain|spd|2\n|-unboost|p2b: Scovillain|atk|1\n|upkeep\n|turn|5\n|\n|t:|1788285797\n|detailschange|p2b: Scovillain|Scovillain-Mega, L50, M\n|-mega|p2b: Scovillain|Scovillain|Scovillainite\n|move|p2a: Sneasler|Protect|p2a: Sneasler\n|-singleturn|p2a: Sneasler|Protect\n|move|p1a: Whimsicott|Encore|p2a: Sneasler\n|-activate|p2a: Sneasler|move: Protect\n|move|p1b: Kingambit|Kowtow Cleave|p2b: Scovillain\n|-damage|p2b: Scovillain|0 fnt\n|-status|p1b: Kingambit|brn|[from] ability: Spicy Spray|[of] p2b: Scovillain\n|faint|p2b: Scovillain\n|\n|-damage|p1b: Kingambit|1/100 brn|[from] brn\n|upkeep\n|\n|t:|1788285837\n|switch|p2b: Basculegion|Basculegion, L50, M|20/100y\n|turn|6\n|\n|t:|1788285871\n|switch|p2a: Kingambit|Kingambit, L50, F|100/100\n|move|p1a: Whimsicott|Protect|p1a: Whimsicott\n|-singleturn|p1a: Whimsicott|Protect\n|move|p2b: Basculegion|Protect|p2b: Basculegion\n|-singleturn|p2b: Basculegion|Protect\n|move|p1b: Kingambit|Kowtow Cleave|p2b: Basculegion\n|-activate|p2b: Basculegion|move: Protect\n|\n|-damage|p1b: Kingambit|0 fnt|[from] brn\n|faint|p1b: Kingambit\n|upkeep\n|\n|t:|1788285882\n|switch|p1b: Eelektross|Eelektross, L50, M|100/100\n|turn|7\n|\n|t:|1788285932\n|detailschange|p1b: Eelektross|Eelektross-Mega, L50, M\n|-mega|p1b: Eelektross|Eelektross|Eelektrossite\n|move|p1a: Whimsicott|Encore|p2b: Basculegion\n|-start|p2b: Basculegion|Encore\n|move|p2b: Basculegion|Protect||[still]\n|-fail|p2b: Basculegion\n|move|p1b: Eelektross|Flamethrower|p2a: Kingambit\n|-supereffective|p2a: Kingambit|1\n|-damage|p2a: Kingambit|28/100\n|move|p2a: Kingambit|Kowtow Cleave|p1b: Eelektross\n|-damage|p1b: Eelektross|34/100\n|\n|-sideend|p1: wobrangenau|move: Tailwind\n|upkeep\n|turn|8\n|\n|t:|1788285958\n|switch|p2b: Sneasler|Sneasler, L50, F|64/100\n|move|p2a: Kingambit|Sucker Punch|p1b: Eelektross\n|-damage|p1b: Eelektross|0 fnt\n|faint|p1b: Eelektross\n|move|p1a: Whimsicott|Moonblast|p2a: Kingambit\n|-damage|p2a: Kingambit|0 fnt\n|faint|p2a: Kingambit\n|\n|upkeep\n|\n|t:|1788285966\n|switch|p1b: Gardevoir|Gardevoir, L50, F, shiny|100/100\n|switch|p2a: Basculegion|Basculegion, L50, M|20/100y\n|turn|9\n|\n|t:|1788285994\n|move|p1a: Whimsicott|Protect|p1a: Whimsicott\n|-singleturn|p1a: Whimsicott|Protect\n|move|p1b: Gardevoir|Protect|p1b: Gardevoir\n|-singleturn|p1b: Gardevoir|Protect\n|move|p2b: Sneasler|Fake Out|p1a: Whimsicott\n|-activate|p1a: Whimsicott|move: Protect\n|move|p2a: Basculegion|Last Respects|p1b: Gardevoir\n|-activate|p1b: Gardevoir|move: Protect\n|\n|upkeep\n|turn|10\n|\n|t:|1788286065\n|move|p2a: Basculegion|Protect|p2a: Basculegion\n|-singleturn|p2a: Basculegion|Protect\n|move|p1a: Whimsicott|Tailwind|p1a: Whimsicott\n|-sidestart|p1: wobrangenau|move: Tailwind\n|move|p1b: Gardevoir|Moonblast|p2a: Basculegion\n|-activate|p2a: Basculegion|move: Protect\n|move|p2b: Sneasler|Dire Claw|p1a: Whimsicott\n|-supereffective|p1a: Whimsicott|2\n|-damage|p1a: Whimsicott|0 fnt\n|faint|p1a: Whimsicott\n|\n|upkeep\n|turn|11\n|\n|t:|1788286085\n|move|p1b: Gardevoir|Moonblast|p2a: Basculegion\n|-damage|p2a: Basculegion|0 fnt\n|faint|p2a: Basculegion\n|move|p2b: Sneasler|Dire Claw|p1b: Gardevoir\n|-supereffective|p1b: Gardevoir|1\n|-damage|p1b: Gardevoir|23/100\n|-status|p1b: Gardevoir|psn\n|-enditem|p1b: Gardevoir|Sitrus Berry|[eat]\n|-heal|p1b: Gardevoir|48/100 psn|[from] item: Sitrus Berry\n|\n|-damage|p1b: Gardevoir|36/100 psn|[from] psn\n|upkeep\n|turn|12\n|\n|t:|1788286114\n|move|p2b: Sneasler|Protect|p2b: Sneasler\n|-singleturn|p2b: Sneasler|Protect\n|move|p1b: Gardevoir|Psychic|p2b: Sneasler\n|-activate|p2b: Sneasler|move: Protect\n|\n|-damage|p1b: Gardevoir|24/100 psn|[from] psn\n|upkeep\n|turn|13\n|\n|t:|1788286121\n|move|p2b: Sneasler|Protect||[still]\n|-fail|p2b: Sneasler\n|move|p1b: Gardevoir|Psychic|p2b: Sneasler\n|-supereffective|p2b: Sneasler|2\n|-damage|p2b: Sneasler|0 fnt\n|faint|p2b: Sneasler\n|\n|win|wobrangenau\n","uploadtime":1788286160,"views":"20","formatid":"gen9championsvgc2026regmb","rating":null,"private":0,"password":null}