{"id":"gen9championsvgc2026regmb-2674075204","format":"[Gen 9 Champions] VGC 2026 Reg M-B","players":["ethalem77","Argian"],"log":"|j|☆ethalem77\n|j|☆Argian\n|t:|1788295712\n|gametype|doubles\n|player|p1|ethalem77|acetrainer-gen4dp|1540\n|player|p2|Argian|265|1550\n|gen|9\n|tier|[Gen 9 Champions] VGC 2026 Reg M-B\n|rated|\n|rule|Species Clause: Limit one of each Pokémon\n|rule|Item Clause: Limit 1 of each item\n|clearpoke\n|poke|p1|Dragonite, L50, F|\n|poke|p1|Sneasler, L50, M|\n|poke|p1|Basculegion, L50, M|\n|poke|p1|Kingambit, L50, M|\n|poke|p1|Garchomp, L50, M|\n|poke|p1|Floette-Eternal, L50, F|\n|poke|p2|Blaziken, L50, M|\n|poke|p2|Dragonite, L50, F, shiny|\n|poke|p2|Kingambit, L50, F, shiny|\n|poke|p2|Basculegion, L50, M, shiny|\n|poke|p2|Farigiraf, L50, F, shiny|\n|poke|p2|Ninetales-Alola, L50, M, shiny|\n|teampreview|4\n|inactive|Battle timer is ON: inactive players will automatically lose when time's up. (requested by ethalem77)\n|\n|t:|1788295742\n|teamsize|p1|4\n|teamsize|p2|4\n|start\n|switch|p1a: Kingambit|Kingambit, L50, M|100/100\n|switch|p1b: Floette|Floette-Eternal, L50, F|100/100\n|switch|p2a: Kingambit|Kingambit, L50, F, shiny|100/100\n|switch|p2b: Basculegion|Basculegion, L50, M, shiny|100/100\n|turn|1\n|\n|t:|1788295766\n|switch|p2b: Farigiraf|Farigiraf, L50, F, shiny|100/100\n|detailschange|p1b: Floette|Floette-Mega, L50, F\n|-mega|p1b: Floette|Floette|Floettite\n|-ability|p1b: Floette|Fairy Aura\n|move|p1b: Floette|Light of Ruin|p2b: Farigiraf\n|-damage|p2b: Farigiraf|4/100\n|-enditem|p2b: Farigiraf|Sitrus Berry|[eat]\n|-heal|p2b: Farigiraf|29/100|[from] item: Sitrus Berry\n|-damage|p1b: Floette|28/100|[from] Recoil\n|move|p2a: Kingambit|Iron Head|p1b: Floette\n|-supereffective|p1b: Floette|1\n|-damage|p1b: Floette|0 fnt\n|faint|p1b: Floette\n|move|p1a: Kingambit|Low Kick|p2a: Kingambit\n|-supereffective|p2a: Kingambit|2\n|-enditem|p2a: Kingambit|Chople Berry|[eat]\n|-enditem|p2a: Kingambit|Chople Berry|[weaken]\n|-damage|p2a: Kingambit|45/100\n|\n|upkeep\n|\n|t:|1788295782\n|switch|p1b: Sneasler|Sneasler, L50, M|100/100\n|turn|2\n|\n|t:|1788295798\n|move|p2a: Kingambit|Sucker Punch|p1b: Sneasler\n|-resisted|p1b: Sneasler|1\n|-damage|p1b: Sneasler|63/100\n|move|p1b: Sneasler|Close Combat|p2a: Kingambit\n|-supereffective|p2a: Kingambit|2\n|-damage|p2a: Kingambit|0 fnt\n|-unboost|p1b: Sneasler|def|1\n|-unboost|p1b: Sneasler|spd|1\n|faint|p2a: Kingambit\n|move|p2b: Farigiraf|Psychic|p1b: Sneasler\n|-supereffective|p1b: Sneasler|2\n|-damage|p1b: Sneasler|0 fnt\n|faint|p1b: Sneasler\n|move|p1a: Kingambit|Kowtow Cleave|p2b: Farigiraf\n|-supereffective|p2b: Farigiraf|1\n|-damage|p2b: Farigiraf|0 fnt\n|faint|p2b: Farigiraf\n|\n|upkeep\n|\n|t:|1788295805\n|switch|p1b: Basculegion|Basculegion, L50, M|100/100\n|switch|p2b: Basculegion|Basculegion, L50, M, shiny|100/100\n|switch|p2a: Blaziken|Blaziken, L50, M|100/100\n|turn|3\n|\n|t:|1788295826\n|detailschange|p2a: Blaziken|Blaziken-Mega, L50, M\n|-mega|p2a: Blaziken|Blaziken|Blazikenite\n|move|p2a: Blaziken|Detect|p2a: Blaziken\n|-singleturn|p2a: Blaziken|Protect\n|move|p1b: Basculegion|Protect|p1b: Basculegion\n|-singleturn|p1b: Basculegion|Protect\n|move|p2b: Basculegion|Aqua Jet|p1a: Kingambit\n|-damage|p1a: Kingambit|74/100\n|-damage|p2b: Basculegion|90/100|[from] item: Life Orb\n|move|p1a: Kingambit|Sucker Punch||[still]\n|-fail|p1a: Kingambit\n|\n|-ability|p2a: Blaziken|Speed Boost|boost\n|-boost|p2a: Blaziken|spe|1\n|upkeep\n|turn|4\n|j| erwgergergeg\n|l| erwgergergeg\n|inactive|Argian has 30 seconds left.\n|\n|t:|1788295859\n|move|p2b: Basculegion|Aqua Jet|p1b: Basculegion\n|-resisted|p1b: Basculegion|1\n|-crit|p1b: Basculegion\n|-damage|p1b: Basculegion|67/100\n|-damage|p2b: Basculegion|80/100|[from] item: Life Orb\n|move|p1b: Basculegion|Aqua Jet|p2a: Blaziken\n|-supereffective|p2a: Blaziken|1\n|-damage|p2a: Blaziken|14/100\n|-damage|p1b: Basculegion|58/100|[from] item: Life Orb\n|move|p1a: Kingambit|Sucker Punch|p2a: Blaziken\n|-resisted|p2a: Blaziken|1\n|-crit|p2a: Blaziken\n|-damage|p2a: Blaziken|0 fnt\n|faint|p2a: Blaziken\n|\n|upkeep\n|turn|5\n|l|☆Argian\n|inactive|Argian disconnected and has a minute to reconnect!\n|player|p2|\n|inactive|Argian has 30 seconds left.\n|j|☆Argian\n|inactive|Argian reconnected and has 30 seconds left.\n|player|p2|Argian|265|\n|l|☆Argian\n|inactive|Argian disconnected and has a minute to reconnect!\n|player|p2|\n|inactive|Argian has 20 seconds left.\n|inactive|Argian has 15 seconds left.\n|inactive|Argian has 10 seconds left.\n|inactive|Argian has 5 seconds left.\n|-message|Argian lost due to inactivity.\n|\n|win|ethalem77\n|raw|ethalem77's rating: 1540 &rarr; <strong>1561</strong><br />(+21 for winning)\n|raw|Argian's rating: 1550 &rarr; <strong>1529</strong><br />(-21 for losing)\n","uploadtime":1788295918,"views":"0","formatid":"gen9championsvgc2026regmb","rating":1529,"private":0,"password":null}