{"id":"gen9championsvgc2026regmb-2673922072","format":"[Gen 9 Champions] VGC 2026 Reg M-B","players":["PrithviDSheela","yanhuhuhaha"],"log":"|j|☆PrithviDSheela\n|j|☆yanhuhuhaha\n|t:|1788277453\n|gametype|doubles\n|player|p1|PrithviDSheela|265|1183\n|player|p2|yanhuhuhaha|veteranf|1124\n|gen|9\n|tier|[Gen 9 Champions] VGC 2026 Reg M-B\n|rated|\n|rule|Species Clause: Limit one of each Pokémon\n|rule|Item Clause: Limit 1 of each item\n|clearpoke\n|poke|p1|Oranguru, L50, F|\n|poke|p1|Clefable, L50, M|\n|poke|p1|Sinistcha-Masterpiece, L50|\n|poke|p1|Swampert, L50, F|\n|poke|p1|Sneasler, L50, M|\n|poke|p1|Ceruledge, L50, F|\n|poke|p2|Sylveon, L50, M, shiny|\n|poke|p2|Alcremie, L50, F, shiny|\n|poke|p2|Annihilape, L50, M, shiny|\n|poke|p2|Mawile, L50, M|\n|poke|p2|Whimsicott, L50, F, shiny|\n|poke|p2|Sneasler, L50, F, shiny|\n|teampreview|4\n|inactive|Battle timer is ON: inactive players will automatically lose when time's up. (requested by PrithviDSheela)\n|inactive|yanhuhuhaha has 60 seconds left.\n|\n|t:|1788277492\n|teamsize|p1|4\n|teamsize|p2|4\n|start\n|switch|p1a: Oranguru|Oranguru, L50, F|100/100\n|switch|p1b: Ceruledge|Ceruledge, L50, F|100/100\n|switch|p2a: Whimsicott|Whimsicott, L50, F, shiny|100/100\n|switch|p2b: Sylveon|Sylveon, L50, M, shiny|100/100\n|turn|1\n|\n|t:|1788277512\n|move|p2a: Whimsicott|Tailwind|p2a: Whimsicott\n|-sidestart|p2: yanhuhuhaha|move: Tailwind\n|move|p2b: Sylveon|Hyper Voice|p1a: Oranguru|[spread] p1a,p1b\n|-resisted|p1b: Ceruledge|1\n|-damage|p1a: Oranguru|72/100\n|-damage|p1b: Ceruledge|76/100\n|move|p1b: Ceruledge|Swords Dance|p1b: Ceruledge\n|-boost|p1b: Ceruledge|atk|2\n|move|p1a: Oranguru|Trick Room|p1a: Oranguru\n|-fieldstart|move: Trick Room|[of] p1a: Oranguru\n|\n|upkeep\n|turn|2\n|\n|t:|1788277526\n|move|p2a: Whimsicott|Encore|p1b: Ceruledge\n|-start|p1b: Ceruledge|Encore\n|move|p1a: Oranguru|Imprison|p1a: Oranguru\n|-start|p1a: Oranguru|move: Imprison\n|move|p1b: Ceruledge|Swords Dance|p1b: Ceruledge\n|-boost|p1b: Ceruledge|atk|2\n|move|p2b: Sylveon|Calm Mind|p2b: Sylveon\n|-boost|p2b: Sylveon|spa|1\n|-boost|p2b: Sylveon|spd|1\n|\n|upkeep\n|turn|3\n|\n|t:|1788277546\n|switch|p2a: Alcremie|Alcremie, L50, F, shiny|100/100\n|move|p1a: Oranguru|Protect|p1a: Oranguru\n|-singleturn|p1a: Oranguru|Protect\n|move|p1b: Ceruledge|Swords Dance|p1b: Ceruledge\n|-boost|p1b: Ceruledge|atk|2\n|move|p2b: Sylveon|Calm Mind|p2b: Sylveon\n|-boost|p2b: Sylveon|spa|1\n|-boost|p2b: Sylveon|spd|1\n|\n|upkeep\n|turn|4\n|\n|t:|1788277559\n|move|p1a: Oranguru|Instruct|p1b: Ceruledge\n|-singleturn|p1b: Ceruledge|move: Instruct|[of] p1a: Oranguru\n|move|p1b: Ceruledge|Swords Dance|p1b: Ceruledge\n|-boost|p1b: Ceruledge|atk|0\n|move|p1b: Ceruledge|Swords Dance|p1b: Ceruledge\n|-boost|p1b: Ceruledge|atk|0\n|move|p2b: Sylveon|Calm Mind|p2b: Sylveon\n|-boost|p2b: Sylveon|spa|1\n|-boost|p2b: Sylveon|spd|1\n|move|p2a: Alcremie|Decorate|p2b: Sylveon\n|-boost|p2b: Sylveon|atk|2\n|-boost|p2b: Sylveon|spa|2\n|\n|-end|p1b: Ceruledge|Encore\n|-sideend|p2: yanhuhuhaha|move: Tailwind\n|upkeep\n|turn|5\n|\n|t:|1788277568\n|move|p1a: Oranguru|Protect|p1a: Oranguru\n|-singleturn|p1a: Oranguru|Protect\n|move|p2b: Sylveon|Hyper Voice|p1b: Ceruledge|[spread] p1b\n|-activate|p1a: Oranguru|move: Protect\n|-resisted|p1b: Ceruledge|1\n|-damage|p1b: Ceruledge|0 fnt\n|faint|p1b: Ceruledge\n|move|p2a: Alcremie|Decorate|p2b: Sylveon\n|-boost|p2b: Sylveon|atk|2\n|-boost|p2b: Sylveon|spa|1\n|\n|-fieldend|move: Trick Room\n|upkeep\n|-message|PrithviDSheela forfeited.\n|\n|win|yanhuhuhaha\n|raw|PrithviDSheela's rating: 1183 &rarr; <strong>1154</strong><br />(-29 for losing)\n|raw|yanhuhuhaha's rating: 1124 &rarr; <strong>1153</strong><br />(+29 for winning)\n|l|☆PrithviDSheela\n|player|p1|\n","uploadtime":1788277582,"views":"8","formatid":"gen9championsvgc2026regmb","rating":1153,"private":0,"password":null}