{"id":"gen9championsvgc2026regmb-2673974565","format":"[Gen 9 Champions] VGC 2026 Reg M-B","players":["dellian","ragelax"],"log":"|j|☆dellian\n|j|☆ragelax\n|html|<table width=\"100%\"><tr><td align=\"left\">dellian</td><td align=\"right\">ragelax</tr><tr><td align=\"left\"><i class=\"fa fa-circle-o\"></i> <i class=\"fa fa-circle-o\"></i> </td><td align=\"right\"><i class=\"fa fa-circle-o\"></i> <i class=\"fa fa-circle\"></i> </tr></table>\n|uhtml|bestof|<h2><strong>Game 2</strong> of <a href=\"/game-bestof3-gen9championsvgc2026regmb-2673971101\">a best-of-3</a></h2>\n|t:|1788283708\n|gametype|doubles\n|player|p1|dellian|fantina|\n|player|p2|ragelax|pokemonbreeder|\n|gen|9\n|tier|[Gen 9 Champions] VGC 2026 Reg M-B\n|rule|Species Clause: Limit one of each Pokémon\n|rule|Item Clause: Limit 1 of each item\n|raw|<div class=\"infobox\"><details class=\"readmore\" open><summary><strong>2 custom rules:</strong></summary> !open team sheets, best of=3</details></div>\n|clearpoke\n|poke|p1|Scrafty, L50, F|\n|poke|p1|Malamar, L50, F|\n|poke|p1|Ampharos, L50, F|\n|poke|p1|Excadrill, L50, M|\n|poke|p1|Tyranitar, L50, F|\n|poke|p1|Oranguru, L50, M|\n|poke|p2|Gengar, L50, M|\n|poke|p2|Altaria, L50, F, shiny|\n|poke|p2|Kangaskhan, L50, F|\n|poke|p2|Grimmsnarl, L50, M|\n|poke|p2|Swampert, L50, M|\n|poke|p2|Arcanine-Hisui, L50, F|\n|teampreview|4\n|j| IndigoCha0s\n|\n|t:|1788283819\n|teamsize|p1|4\n|teamsize|p2|4\n|start\n|switch|p1a: Excadrill|Excadrill, L50, M|100/100\n|switch|p1b: Tyranitar|Tyranitar, L50, F|100/100\n|switch|p2a: Riot|Grimmsnarl, L50, M|100/100\n|switch|p2b: Fallen Angel|Altaria, L50, F, shiny|100/100\n|-ability|p2b: Fallen Angel|Cloud Nine\n|-weather|Sandstorm|[from] ability: Sand Stream|[of] p1b: Tyranitar\n|turn|1\n|\n|t:|1788283854\n|switch|p2a: Take Me Under|Kangaskhan, L50, F|100/100\n|move|p1b: Tyranitar|Helping Hand|p1a: Excadrill\n|-singleturn|p1a: Excadrill|Helping Hand|[of] p1b: Tyranitar\n|move|p2b: Fallen Angel|Protect|p2b: Fallen Angel\n|-singleturn|p2b: Fallen Angel|Protect\n|move|p1a: Excadrill|Rock Slide|p2a: Take Me Under|[spread] p2a\n|-activate|p2b: Fallen Angel|move: Protect\n|-damage|p2a: Take Me Under|58/100\n|-damage|p1a: Excadrill|90/100|[from] item: Life Orb\n|\n|-weather|Sandstorm|[upkeep]\n|upkeep\n|turn|2\n|\n|t:|1788283890\n|move|p2a: Take Me Under|Fake Out|p1b: Tyranitar\n|-resisted|p1b: Tyranitar|1\n|-damage|p1b: Tyranitar|92/100\n|move|p1a: Excadrill|Rock Slide|p2b: Fallen Angel|[spread] p2a,p2b\n|-supereffective|p2b: Fallen Angel|1\n|-damage|p2a: Take Me Under|32/100\n|-damage|p2b: Fallen Angel|40/100\n|-damage|p1a: Excadrill|80/100|[from] item: Life Orb\n|move|p2b: Fallen Angel|Tailwind|p2b: Fallen Angel\n|-sidestart|p2: ragelax|move: Tailwind\n|cant|p1b: Tyranitar|flinch\n|\n|-weather|Sandstorm|[upkeep]\n|upkeep\n|turn|3\n|\n|t:|1788283934\n|move|p2b: Fallen Angel|Protect|p2b: Fallen Angel\n|-singleturn|p2b: Fallen Angel|Protect\n|move|p1a: Excadrill|Protect|p1a: Excadrill\n|-singleturn|p1a: Excadrill|Protect\n|move|p2a: Take Me Under|Hammer Arm|p1a: Excadrill\n|-activate|p1a: Excadrill|move: Protect\n|move|p1b: Tyranitar|Rock Slide|p2b: Fallen Angel|[spread] p2a\n|-activate|p2b: Fallen Angel|move: Protect\n|-damage|p2a: Take Me Under|0 fnt\n|faint|p2a: Take Me Under\n|\n|-weather|Sandstorm|[upkeep]\n|upkeep\n|\n|t:|1788283938\n|switch|p2a: Drown|Swampert, L50, M|100/100\n|turn|4\n|\n|t:|1788283959\n|switch|p2b: Riot|Grimmsnarl, L50, M|100/100\n|move|p2a: Drown|Liquidation|p1a: Excadrill\n|-supereffective|p1a: Excadrill|1\n|-damage|p1a: Excadrill|0 fnt\n|faint|p1a: Excadrill\n|move|p1b: Tyranitar|Crunch|p2a: Drown\n|-damage|p2a: Drown|50/100g\n|-unboost|p2a: Drown|def|1\n|\n|-weather|Sandstorm|[upkeep]\n|-damage|p2b: Riot|93/100|[from] Sandstorm\n|upkeep\n|\n|t:|1788283974\n|switch|p1a: Scrafty|Scrafty, L50, F|100/100\n|-ability|p1a: Scrafty|Intimidate|boost\n|-unboost|p2a: Drown|atk|1\n|-unboost|p2b: Riot|atk|1\n|turn|5\n|\n|t:|1788284009\n|move|p1a: Scrafty|Protect|p1a: Scrafty\n|-singleturn|p1a: Scrafty|Protect\n|move|p2b: Riot|Fake Out|p1a: Scrafty\n|-activate|p1a: Scrafty|move: Protect\n|move|p2a: Drown|High Horsepower|p1b: Tyranitar|[miss]\n|-miss|p2a: Drown|p1b: Tyranitar\n|move|p1b: Tyranitar|Crunch|p2a: Drown\n|-crit|p2a: Drown\n|-damage|p2a: Drown|0 fnt\n|faint|p2a: Drown\n|\n|-weather|Sandstorm|[upkeep]\n|-damage|p2b: Riot|87/100|[from] Sandstorm\n|-damage|p1a: Scrafty|94/100|[from] Sandstorm\n|-sideend|p2: ragelax|move: Tailwind\n|upkeep\n|c|☆ragelax|ofc\n|\n|t:|1788284022\n|switch|p2a: Fallen Angel|Altaria, L50, F, shiny|40/100\n|-ability|p2a: Fallen Angel|Cloud Nine\n|turn|6\n|c|☆dellian|jesus\n|l| IndigoCha0s\n|\n|t:|1788284043\n|detailschange|p2a: Fallen Angel|Altaria-Mega, L50, F, shiny\n|-mega|p2a: Fallen Angel|Altaria|Altarianite\n|detailschange|p1a: Scrafty|Scrafty-Mega, L50, F\n|-mega|p1a: Scrafty|Scrafty|Scraftinite\n|-ability|p1a: Scrafty|Intimidate|boost\n|-unboost|p2a: Fallen Angel|atk|1\n|-unboost|p2b: Riot|atk|1\n|move|p2a: Fallen Angel|Hyper Voice|p1b: Tyranitar|[spread] p1a,p1b\n|-supereffective|p1a: Scrafty|2\n|-supereffective|p1b: Tyranitar|1\n|-damage|p1a: Scrafty|0 fnt\n|-damage|p1b: Tyranitar|45/100\n|faint|p1a: Scrafty\n|move|p2b: Riot|Draining Kiss|p1b: Tyranitar\n|-supereffective|p1b: Tyranitar|1\n|-damage|p1b: Tyranitar|15/100\n|-heal|p2b: Riot|100/100|[from] drain|[of] p1b: Tyranitar\n|move|p1b: Tyranitar|Rock Slide|p2a: Fallen Angel|[spread] p2a,p2b\n|-damage|p2a: Fallen Angel|13/100\n|-damage|p2b: Riot|56/100\n|\n|-weather|Sandstorm|[upkeep]\n|-damage|p2a: Fallen Angel|7/100|[from] Sandstorm\n|-damage|p2b: Riot|50/100g|[from] Sandstorm\n|upkeep\n|\n|t:|1788284059\n|switch|p1a: Oranguru|Oranguru, L50, M|100/100\n|turn|7\n|\n|t:|1788284075\n|move|p2a: Fallen Angel|Hyper Voice|p1a: Oranguru|[spread] p1a,p1b\n|-supereffective|p1b: Tyranitar|1\n|-crit|p1b: Tyranitar\n|-damage|p1a: Oranguru|78/100\n|-damage|p1b: Tyranitar|0 fnt\n|faint|p1b: Tyranitar\n|move|p2b: Riot|Draining Kiss|p1a: Oranguru\n|-damage|p1a: Oranguru|62/100\n|-heal|p2b: Riot|63/100|[from] drain|[of] p1a: Oranguru\n|move|p1a: Oranguru|Chilling Water|p2a: Fallen Angel\n|-resisted|p2a: Fallen Angel|1\n|-damage|p2a: Fallen Angel|2/100\n|-unboost|p2a: Fallen Angel|atk|1\n|\n|-weather|Sandstorm|[upkeep]\n|-damage|p2a: Fallen Angel|0 fnt|[from] Sandstorm\n|-damage|p2b: Riot|57/100|[from] Sandstorm\n|-damage|p1a: Oranguru|56/100|[from] Sandstorm\n|faint|p2a: Fallen Angel\n|upkeep\n|turn|8\n|\n|t:|1788284093\n|move|p2b: Riot|Draining Kiss|p1a: Oranguru\n|-damage|p1a: Oranguru|38/100\n|-heal|p2b: Riot|72/100|[from] drain|[of] p1a: Oranguru\n|move|p1a: Oranguru|Chilling Water|p2b: Riot\n|-damage|p2b: Riot|59/100\n|-unboost|p2b: Riot|atk|1\n|\n|-weather|none\n|upkeep\n|turn|9\n|\n|t:|1788284101\n|move|p2b: Riot|Draining Kiss|p1a: Oranguru\n|-damage|p1a: Oranguru|20/100y\n|-heal|p2b: Riot|73/100|[from] drain|[of] p1a: Oranguru\n|move|p1a: Oranguru|Chilling Water|p2b: Riot\n|-damage|p2b: Riot|62/100\n|-unboost|p2b: Riot|atk|1\n|\n|upkeep\n|turn|10\n|\n|t:|1788284105\n|move|p2b: Riot|Draining Kiss|p1a: Oranguru\n|-damage|p1a: Oranguru|2/100\n|-heal|p2b: Riot|77/100|[from] drain|[of] p1a: Oranguru\n|move|p1a: Oranguru|Chilling Water|p2b: Riot\n|-damage|p2b: Riot|66/100\n|-unboost|p2b: Riot|atk|1\n|\n|upkeep\n|turn|11\n|\n|t:|1788284108\n|move|p2b: Riot|Draining Kiss|p1a: Oranguru\n|-damage|p1a: Oranguru|0 fnt\n|-heal|p2b: Riot|68/100|[from] drain|[of] p1a: Oranguru\n|faint|p1a: Oranguru\n|\n|win|ragelax\n|c|☆ragelax|ggs\n|c|☆dellian|GGs\n","uploadtime":1788284114,"views":"19","formatid":"gen9championsvgc2026regmb","rating":null,"private":0,"password":null}