{"id":"gen9championsvgc2026regmb-2674117886","format":"[Gen 9 Champions] VGC 2026 Reg M-B","players":["JHONUZI","maksimilian123"],"log":"|j|☆JHONUZI\n|j|☆maksimilian123\n|t:|1788301697\n|gametype|doubles\n|player|p1|JHONUZI|ethan|1172\n|player|p2|maksimilian123|102|1123\n|gen|9\n|tier|[Gen 9 Champions] VGC 2026 Reg M-B\n|rated|\n|rule|Species Clause: Limit one of each Pokémon\n|rule|Item Clause: Limit 1 of each item\n|clearpoke\n|poke|p1|Charizard, L50, M, shiny|\n|poke|p1|Venusaur, L50, M|\n|poke|p1|Pelipper, L50, M|\n|poke|p1|Archaludon, L50, M, shiny|\n|poke|p1|Grimmsnarl, L50, M, shiny|\n|poke|p1|Basculegion, L50, M, shiny|\n|poke|p2|Slowking-Galar, L50, M|\n|poke|p2|Glaceon, L50, M|\n|poke|p2|Mawile, L50, M|\n|poke|p2|Primarina, L50, F|\n|poke|p2|Mudsdale, L50, M|\n|poke|p2|Vileplume, L50, M|\n|teampreview|4\n|inactive|Battle timer is ON: inactive players will automatically lose when time's up. (requested by JHONUZI)\n|inactive|maksimilian123 has 60 seconds left.\n|\n|t:|1788301758\n|teamsize|p1|4\n|teamsize|p2|4\n|start\n|switch|p1a: Pelipper|Pelipper, L50, M|100/100\n|switch|p1b: Grimmsnarl|Grimmsnarl, L50, M, shiny|100/100\n|switch|p2a: Slowking|Slowking-Galar, L50, M|100/100\n|switch|p2b: Mudsdale|Mudsdale, L50, M|100/100\n|-weather|RainDance|[from] ability: Drizzle|[of] p1a: Pelipper\n|turn|1\n|\n|t:|1788301767\n|move|p1a: Pelipper|Wide Guard|p1a: Pelipper\n|-singleturn|p1a: Pelipper|Wide Guard\n|move|p1b: Grimmsnarl|Reflect|p1b: Grimmsnarl\n|-sidestart|p1: JHONUZI|Reflect\n|move|p2b: Mudsdale|High Horsepower|p1b: Grimmsnarl\n|-damage|p1b: Grimmsnarl|57/100\n|-prepare|p2a: Slowking|Chilly Reception|[premajor]\n|move|p2a: Slowking|Chilly Reception|p2a: Slowking\n|-weather|Snowscape\n|inactive|maksimilian123 has 30 seconds left.\n|inactive|maksimilian123 has 20 seconds left.\n|inactive|maksimilian123 has 15 seconds left.\n|\n|t:|1788301808\n|switch|p2a: Glaceon|Glaceon, L50, M|100/100|[from] Chilly Reception\n|\n|-weather|Snowscape|[upkeep]\n|upkeep\n|turn|2\n|\n|t:|1788301826\n|switch|p1a: Archaludon|Archaludon, L50, M, shiny|100/100\n|move|p1b: Grimmsnarl|Parting Shot|p2b: Mudsdale\n|-unboost|p2b: Mudsdale|atk|1\n|-unboost|p2b: Mudsdale|spa|1\n|\n|t:|1788301833\n|switch|p1b: Pelipper|Pelipper, L50, M|100/100|[from] Parting Shot\n|-weather|RainDance|[from] ability: Drizzle|[of] p1b: Pelipper\n|move|p2a: Glaceon|Blizzard|p1a: Archaludon|[spread] p1b\n|-miss|p2a: Glaceon|p1a: Archaludon\n|-enditem|p1b: Pelipper|Focus Sash\n|-damage|p1b: Pelipper|1/100\n|-damage|p2a: Glaceon|90/100|[from] item: Life Orb\n|move|p2b: Mudsdale|High Horsepower|p1a: Archaludon\n|-supereffective|p1a: Archaludon|1\n|-crit|p1a: Archaludon\n|-damage|p1a: Archaludon|0 fnt\n|faint|p1a: Archaludon\n|\n|-weather|RainDance|[upkeep]\n|upkeep\n|\n|t:|1788301846\n|switch|p1a: Grimmsnarl|Grimmsnarl, L50, M, shiny|57/100\n|turn|3\n|\n|t:|1788301860\n|switch|p2b: Mawile|Mawile, L50, M|100/100\n|-ability|p2b: Mawile|Intimidate|boost\n|-unboost|p1a: Grimmsnarl|atk|1\n|-unboost|p1b: Pelipper|atk|1\n|move|p2a: Glaceon|Protect|p2a: Glaceon\n|-singleturn|p2a: Glaceon|Protect\n|move|p1a: Grimmsnarl|Light Screen|p1a: Grimmsnarl\n|-sidestart|p1: JHONUZI|move: Light Screen\n|move|p1b: Pelipper|Weather Ball|p2b: Mawile\n|-damage|p2b: Mawile|0 fnt\n|faint|p2b: Mawile\n|\n|-weather|RainDance|[upkeep]\n|upkeep\n|\n|t:|1788301878\n|switch|p2b: Slowking|Slowking-Galar, L50, M|100/100\n|turn|4\n|\n|t:|1788301890\n|move|p1b: Pelipper|Wide Guard|p1b: Pelipper\n|-singleturn|p1b: Pelipper|Wide Guard\n|move|p1a: Grimmsnarl|Parting Shot|p2a: Glaceon\n|-unboost|p2a: Glaceon|atk|1\n|-unboost|p2a: Glaceon|spa|1\n|\n|t:|1788301897\n|switch|p1a: Basculegion|Basculegion, L50, M, shiny|100/100|[from] Parting Shot\n|move|p2a: Glaceon|Blizzard|p1a: Basculegion|[spread] \n|-activate|p1a: Basculegion|move: Wide Guard\n|-activate|p1b: Pelipper|move: Wide Guard\n|-prepare|p2b: Slowking|Chilly Reception|[premajor]\n|move|p2b: Slowking|Chilly Reception|p2b: Slowking\n|-weather|Snowscape\n|\n|t:|1788301901\n|switch|p2b: Mudsdale|Mudsdale, L50, M|100/100|[from] Chilly Reception\n|\n|-weather|Snowscape|[upkeep]\n|upkeep\n|turn|5\n|\n|t:|1788301912\n|switch|p1b: Grimmsnarl|Grimmsnarl, L50, M, shiny|57/100\n|move|p2a: Glaceon|Protect|p2a: Glaceon\n|-singleturn|p2a: Glaceon|Protect\n|move|p1a: Basculegion|Wave Crash|p2b: Mudsdale\n|-supereffective|p2b: Mudsdale|1\n|-damage|p2b: Mudsdale|0 fnt\n|faint|p2b: Mudsdale\n|-damage|p1a: Basculegion|65/100|[from] Recoil\n|\n|-weather|Snowscape|[upkeep]\n|upkeep\n|\n|t:|1788301918\n|switch|p2b: Slowking|Slowking-Galar, L50, M|100/100\n|turn|6\n|\n|t:|1788301939\n|switch|p1a: Pelipper|Pelipper, L50, M|1/100\n|-weather|RainDance|[from] ability: Drizzle|[of] p1a: Pelipper\n|move|p1b: Grimmsnarl|Parting Shot|p2b: Slowking\n|-unboost|p2b: Slowking|atk|1\n|-unboost|p2b: Slowking|spa|1\n|\n|t:|1788301948\n|switch|p1b: Basculegion|Basculegion, L50, M, shiny|65/100|[from] Parting Shot\n|move|p2a: Glaceon|Freeze-Dry|p1a: Pelipper\n|-supereffective|p1a: Pelipper|2\n|-damage|p1a: Pelipper|0 fnt\n|faint|p1a: Pelipper\n|-damage|p2a: Glaceon|80/100|[from] item: Life Orb\n|move|p2b: Slowking|Psychic Terrain|p2b: Slowking\n|-fieldstart|move: Psychic Terrain\n|\n|-weather|RainDance|[upkeep]\n|upkeep\n|\n|t:|1788301963\n|switch|p1a: Grimmsnarl|Grimmsnarl, L50, M, shiny|57/100\n|turn|7\n|\n|t:|1788301971\n|move|p1a: Grimmsnarl|Parting Shot|p2a: Glaceon\n|-activate|p2a: Glaceon|move: Psychic Terrain\n|move|p1b: Basculegion|Last Respects|p2b: Slowking\n|-supereffective|p2b: Slowking|1\n|-damage|p2b: Slowking|0 fnt\n|faint|p2b: Slowking\n|move|p2a: Glaceon|Blizzard|p1b: Basculegion|[spread] p1a,p1b\n|-resisted|p1b: Basculegion|1\n|-damage|p1a: Grimmsnarl|38/100\n|-damage|p1b: Basculegion|50/100g\n|-damage|p2a: Glaceon|70/100|[from] item: Life Orb\n|\n|-weather|RainDance|[upkeep]\n|upkeep\n|turn|8\n|\n|t:|1788301990\n|move|p1b: Basculegion|Last Respects|p2a: Glaceon\n|-damage|p2a: Glaceon|0 fnt\n|faint|p2a: Glaceon\n|\n|win|JHONUZI\n|raw|JHONUZI's rating: 1172 &rarr; <strong>1193</strong><br />(+21 for winning)\n|raw|maksimilian123's rating: 1123 &rarr; <strong>1102</strong><br />(-21 for losing)\n","uploadtime":1788301997,"views":"1","formatid":"gen9championsvgc2026regmb","rating":1102,"private":0,"password":null}