{"id":"gen9championsvgc2026regmbbo3-2674062722","format":"[Gen 9 Champions] VGC 2026 Reg M-B (Bo3)","players":["Buggy00k","4nye"],"log":"|j|☆Buggy00k\n|j|☆4nye\n|html|<table width=\"100%\"><tr><td align=\"left\">Buggy00k</td><td align=\"right\">4nye</tr><tr><td align=\"left\"><i class=\"fa fa-circle-o\"></i> <i class=\"fa fa-circle-o\"></i> </td><td align=\"right\"><i class=\"fa fa-circle-o\"></i> <i class=\"fa fa-circle-o\"></i> </tr></table>\n|uhtml|bestof|<h2><strong>Game 1</strong> of <a href=\"/game-bestof3-gen9championsvgc2026regmbbo3-2674062721\">a best-of-3</a></h2>\n|t:|1788294153\n|gametype|doubles\n|player|p1|Buggy00k|101|1086\n|player|p2|4nye|lyra|1164\n|gen|9\n|tier|[Gen 9 Champions] VGC 2026 Reg M-B (Bo3)\n|rated|\n|rule|Species Clause: Limit one of each Pokémon\n|rule|Item Clause: Limit 1 of each item\n|clearpoke\n|poke|p1|Froslass, L50, F|\n|poke|p1|Blaziken, L50, F, shiny|\n|poke|p1|Kingambit, L50, M, shiny|\n|poke|p1|Basculegion, L50, M|\n|poke|p1|Dragonite, L50, M, shiny|\n|poke|p1|Farigiraf, L50, M, shiny|\n|poke|p2|Incineroar, L50, M|\n|poke|p2|Farigiraf, L50, F|\n|poke|p2|Mawile, L50, F|\n|poke|p2|Basculegion, L50, M|\n|poke|p2|Ninetales-Alola, L50, F|\n|poke|p2|Raichu, L50, M|\n|teampreview|4\n|showteam|p1|Froslass||Froslassite|SnowCloak|ShadowBall,Blizzard,AuroraVeil,Protect|Timid||F|||50|]Blaziken||Blazikenite|SpeedBoost|FlareBlitz,CloseCombat,RockSlide,Detect|Adamant||F|||50|]Kingambit||ChopleBerry|Defiant|KowtowCleave,SuckerPunch,IronHead,Protect|Adamant||M|||50|]Basculegion||ChoiceScarf|Adaptability|FlipTurn,AquaJet,WaveCrash,LastRespects|Jolly||M|||50|]Dragonite||LifeOrb|InnerFocus|DragonClaw,ExtremeSpeed,LowKick,Protect|Adamant||M|||50|]Farigiraf||SitrusBerry|ArmorTail|Psychic,Thunderbolt,TrickRoom,NastyPlot|Relaxed||M|||50|\n|showteam|p2|Incineroar||PasshoBerry|Intimidate|FakeOut,FlareBlitz,PartingShot,Assurance|Impish||M|||50|]Farigiraf||SitrusBerry|ArmorTail|TrickRoom,Psychic,Thunderbolt,HelpingHand|Bold||F|||50|]Mawile||Mawilite|HyperCutter|Protect,SuckerPunch,PlayRough,IronHead|Brave||F|||50|]Basculegion||ChoiceScarf|Adaptability|WaveCrash,LastRespects,AquaJet,FlipTurn|Jolly||M|||50|]Ninetales-Alola||FocusSash|SnowWarning|Protect,Blizzard,FreezeDry,Moonblast|Timid||F|||50|]Raichu||RaichuniteY|LightningRod|Protect,ZapCannon,FocusBlast,VoltSwitch|Timid||M|||50|\n|c|☆Buggy00k|glhf\n|\n|t:|1788294218\n|teamsize|p1|4\n|teamsize|p2|4\n|start\n|switch|p1a: Kingambit|Kingambit, L50, M, shiny|100/100\n|switch|p1b: Farigiraf|Farigiraf, L50, M, shiny|100/100\n|switch|p2a: Raichu|Raichu, L50, M|100/100\n|switch|p2b: Farigiraf|Farigiraf, L50, F|100/100\n|turn|1\n|c|☆4nye|yt!\n|\n|t:|1788294259\n|detailschange|p2a: Raichu|Raichu-Mega-Y, L50, M\n|-mega|p2a: Raichu|Raichu|Raichunite Y\n|move|p1a: Kingambit|Protect|p1a: Kingambit\n|-singleturn|p1a: Kingambit|Protect\n|move|p2a: Raichu|Volt Switch|p1a: Kingambit\n|-activate|p1a: Kingambit|move: Protect\n|move|p2b: Farigiraf|Thunderbolt|p1a: Kingambit\n|-activate|p1a: Kingambit|move: Protect\n|move|p1b: Farigiraf|Psychic|p2a: Raichu\n|-damage|p2a: Raichu|48/100\n|-unboost|p2a: Raichu|spd|1\n|\n|upkeep\n|turn|2\n|\n|t:|1788294291\n|move|p2b: Farigiraf|Helping Hand|p2a: Raichu\n|-singleturn|p2a: Raichu|Helping Hand|[of] p2b: Farigiraf\n|move|p2a: Raichu|Focus Blast|p1a: Kingambit\n|-supereffective|p1a: Kingambit|2\n|-enditem|p1a: Kingambit|Chople Berry|[eat]\n|-enditem|p1a: Kingambit|Chople Berry|[weaken]\n|-damage|p1a: Kingambit|0 fnt\n|faint|p1a: Kingambit\n|move|p1b: Farigiraf|Nasty Plot|p1b: Farigiraf\n|-boost|p1b: Farigiraf|spa|2\n|\n|upkeep\n|\n|t:|1788294311\n|switch|p1a: Blaziken|Blaziken, L50, F, shiny|100/100\n|turn|3\n|\n|t:|1788294330\n|detailschange|p1a: Blaziken|Blaziken-Mega, L50, F, shiny\n|-mega|p1a: Blaziken|Blaziken|Blazikenite\n|move|p1a: Blaziken|Detect|p1a: Blaziken\n|-singleturn|p1a: Blaziken|Protect\n|move|p2a: Raichu|Zap Cannon|p1b: Farigiraf\n|-damage|p1b: Farigiraf|36/100\n|-status|p1b: Farigiraf|par\n|-enditem|p1b: Farigiraf|Sitrus Berry|[eat]\n|-heal|p1b: Farigiraf|61/100 par|[from] item: Sitrus Berry\n|move|p2b: Farigiraf|Trick Room|p2b: Farigiraf\n|-fieldstart|move: Trick Room|[of] p2b: Farigiraf\n|cant|p1b: Farigiraf|par\n|\n|-ability|p1a: Blaziken|Speed Boost|boost\n|-boost|p1a: Blaziken|spe|1\n|upkeep\n|turn|4\n|\n|t:|1788294367\n|cant|p1b: Farigiraf|par\n|move|p2b: Farigiraf|Psychic|p1a: Blaziken\n|-supereffective|p1a: Blaziken|1\n|-damage|p1a: Blaziken|10/100\n|move|p2a: Raichu|Zap Cannon|p1a: Blaziken\n|-damage|p1a: Blaziken|0 fnt\n|faint|p1a: Blaziken\n|\n|upkeep\n|\n|t:|1788294375\n|switch|p1a: Basculegion|Basculegion, L50, M|100/100\n|turn|5\n|\n|t:|1788294387\n|move|p2a: Raichu|Protect|p2a: Raichu\n|-singleturn|p2a: Raichu|Protect\n|move|p1b: Farigiraf|Psychic|p2a: Raichu\n|-activate|p2a: Raichu|move: Protect\n|move|p2b: Farigiraf|Thunderbolt|p1a: Basculegion\n|-supereffective|p1a: Basculegion|1\n|-crit|p1a: Basculegion\n|-damage|p1a: Basculegion|14/100\n|move|p1a: Basculegion|Wave Crash|p2b: Farigiraf\n|-damage|p2b: Farigiraf|46/100\n|-enditem|p2b: Farigiraf|Sitrus Berry|[eat]\n|-heal|p2b: Farigiraf|71/100|[from] item: Sitrus Berry\n|-damage|p1a: Basculegion|0 fnt|[from] Recoil\n|faint|p1a: Basculegion\n|\n|upkeep\n|turn|6\n|\n|t:|1788294415\n|switch|p2a: Incineroar|Incineroar, L50, M|100/100\n|-ability|p2a: Incineroar|Intimidate|boost\n|-unboost|p1b: Farigiraf|atk|1\n|move|p1b: Farigiraf|Nasty Plot|p1b: Farigiraf\n|-boost|p1b: Farigiraf|spa|2\n|move|p2b: Farigiraf|Psychic|p1b: Farigiraf\n|-resisted|p1b: Farigiraf|1\n|-damage|p1b: Farigiraf|45/100 par\n|\n|upkeep\n|turn|7\n|\n|t:|1788294431\n|move|p1b: Farigiraf|Thunderbolt|p2a: Incineroar\n|-damage|p2a: Incineroar|39/100\n|move|p2b: Farigiraf|Psychic|p1b: Farigiraf\n|-resisted|p1b: Farigiraf|1\n|-damage|p1b: Farigiraf|31/100 par\n|move|p2a: Incineroar|Assurance|p1b: Farigiraf\n|-supereffective|p1b: Farigiraf|1\n|-damage|p1b: Farigiraf|0 fnt\n|faint|p1b: Farigiraf\n|\n|win|4nye\n|c|☆Buggy00k|gg\n||4nye is ready for game 2.\n|inactive|Buggy00k has 30 seconds to confirm battle start!\n||Buggy00k is ready for game 2.\n|uhtml|next|Next: <a href=\"/battle-gen9championsvgc2026regmbbo3-2674065066\"><strong>Game 2 of 3</strong></a>\n|l|☆4nye\n|player|p2|\n","uploadtime":1788294441,"views":"6","formatid":"gen9championsvgc2026regmbbo3","rating":null,"private":0,"password":null}