{"id":"gen9championsvgc2026regmb-2674898423","format":"[Gen 9 Champions] VGC 2026 Reg M-B","players":["Daniel Purple","Thornlace48812"],"log":"|j|☆Daniel Purple\n|j|☆Thornlace48812\n|t:|1788431894\n|gametype|doubles\n|player|p1|Daniel Purple|steven|1138\n|player|p2|Thornlace48812|102|1177\n|gen|9\n|tier|[Gen 9 Champions] VGC 2026 Reg M-B\n|rated|\n|rule|Species Clause: Limit one of each Pokémon\n|rule|Item Clause: Limit 1 of each item\n|clearpoke\n|poke|p1|Charizard, L50, M, shiny|\n|poke|p1|Aerodactyl, L50, M, shiny|\n|poke|p1|Gholdengo, L50|\n|poke|p1|Staraptor, L50, M, shiny|\n|poke|p1|Grimmsnarl, L50, M|\n|poke|p1|Annihilape, L50, M, shiny|\n|poke|p2|Garchomp, L50, F|\n|poke|p2|Charizard, L50, F|\n|poke|p2|Whimsicott, L50, M|\n|poke|p2|Sylveon, L50, M|\n|poke|p2|Kingambit, L50, F|\n|poke|p2|Basculegion, L50, M|\n|teampreview|4\n|inactive|Battle timer is ON: inactive players will automatically lose when time's up. (requested by Thornlace48812)\nThornlace48812 rejected open team sheets.\n|j| XxTrainerGreyxX\n|l| XxTrainerGreyxX\n|inactive|Daniel Purple has 60 seconds left.\n|\n|t:|1788431931\n|teamsize|p1|4\n|teamsize|p2|4\n|start\n|switch|p1a: Charizard|Charizard, L50, M, shiny|100/100\n|switch|p1b: Aerodactyl|Aerodactyl, L50, M, shiny|100/100\n|switch|p2a: Charizard|Charizard, L50, F|100/100\n|switch|p2b: Garchomp|Garchomp, L50, F|100/100\n|-ability|p1b: Aerodactyl|Unnerve\n|turn|1\n|\n|t:|1788431952\n|detailschange|p1a: Charizard|Charizard-Mega-Y, L50, M, shiny\n|-mega|p1a: Charizard|Charizard|Charizardite Y\n|-weather|SunnyDay|[from] ability: Drought|[of] p1a: Charizard\n|detailschange|p2a: Charizard|Charizard-Mega-Y, L50, F\n|-mega|p2a: Charizard|Charizard|Charizardite Y\n|move|p1b: Aerodactyl|Wide Guard|p1b: Aerodactyl\n|-singleturn|p1b: Aerodactyl|Wide Guard\n|move|p2b: Garchomp|Rock Slide|p1a: Charizard|[spread] \n|-activate|p1a: Charizard|move: Wide Guard\n|-activate|p1b: Aerodactyl|move: Wide Guard\n|move|p1a: Charizard|Solar Beam||[still]\n|-prepare|p1a: Charizard|Solar Beam\n|-anim|p1a: Charizard|Solar Beam|p2b: Garchomp\n|-damage|p2b: Garchomp|44/100\n|move|p2a: Charizard|Ancient Power|p1b: Aerodactyl\n|-supereffective|p1b: Aerodactyl|1\n|-damage|p1b: Aerodactyl|27/100\n|\n|-weather|SunnyDay|[upkeep]\n|upkeep\n|turn|2\n|inactive|Daniel Purple has 30 seconds left.\n|\n|t:|1788431982\n|move|p2a: Charizard|Protect|p2a: Charizard\n|-singleturn|p2a: Charizard|Protect\n|move|p1b: Aerodactyl|Wide Guard|p1b: Aerodactyl\n|-singleturn|p1b: Aerodactyl|Wide Guard\n|move|p2b: Garchomp|Dragon Claw|p1b: Aerodactyl\n|-damage|p1b: Aerodactyl|0 fnt\n|faint|p1b: Aerodactyl\n|-damage|p2b: Garchomp|35/100|[from] item: Life Orb\n|move|p1a: Charizard|Heat Wave|p2b: Garchomp|[spread] p2b\n|-activate|p2a: Charizard|move: Protect\n|-resisted|p2b: Garchomp|1\n|-damage|p2b: Garchomp|0 fnt\n|faint|p2b: Garchomp\n|\n|-weather|SunnyDay|[upkeep]\n|upkeep\n|\n|t:|1788432001\n|switch|p1b: Gholdengo|Gholdengo, L50|100/100\n|switch|p2b: Sylveon|Sylveon, L50, M|100/100\n|turn|3\n|\n|t:|1788432011\n|move|p1b: Gholdengo|Protect|p1b: Gholdengo\n|-singleturn|p1b: Gholdengo|Protect\n|move|p1a: Charizard|Heat Wave|p2a: Charizard|[spread] p2a,p2b\n|-resisted|p2a: Charizard|1\n|-damage|p2a: Charizard|70/100\n|-damage|p2b: Sylveon|50/100y\n|move|p2a: Charizard|Heat Wave|p1b: Gholdengo|[spread] p1a\n|-activate|p1b: Gholdengo|move: Protect\n|-resisted|p1a: Charizard|1\n|-damage|p1a: Charizard|69/100\n|move|p2b: Sylveon|Hyper Voice|p1a: Charizard|[spread] p1a\n|-activate|p1b: Gholdengo|move: Protect\n|-resisted|p1a: Charizard|1\n|-damage|p1a: Charizard|45/100\n|\n|-weather|SunnyDay|[upkeep]\n|upkeep\n|turn|4\n|\n|t:|1788432020\n|switch|p1b: Annihilape|Annihilape, L50, M, shiny|100/100\n|move|p1a: Charizard|Heat Wave|p2a: Charizard|[spread] p2a,p2b\n|-resisted|p2a: Charizard|1\n|-crit|p2b: Sylveon\n|-damage|p2a: Charizard|38/100\n|-damage|p2b: Sylveon|0 fnt\n|faint|p2b: Sylveon\n|move|p2a: Charizard|Heat Wave|p1b: Annihilape|[spread] p1a,p1b\n|-resisted|p1a: Charizard|1\n|-damage|p1a: Charizard|9/100\n|-damage|p1b: Annihilape|22/100\n|\n|-weather|SunnyDay|[upkeep]\n|upkeep\n|\n|t:|1788432020\n|switch|p2b: Basculegion|Basculegion, L50, M|100/100\n|turn|5\n|\n|t:|1788432032\n|move|p1a: Charizard|Protect|p1a: Charizard\n|-singleturn|p1a: Charizard|Protect\n|move|p2a: Charizard|Protect|p2a: Charizard\n|-singleturn|p2a: Charizard|Protect\n|move|p1b: Annihilape|Rage Fist|p2a: Charizard\n|-activate|p2a: Charizard|move: Protect\n|move|p2b: Basculegion|Last Respects|p1a: Charizard\n|-activate|p1a: Charizard|move: Protect\n|\n|-weather|none\n|upkeep\n|turn|6\n|\n|t:|1788432056\n|move|p1a: Charizard|Protect||[still]\n|-fail|p1a: Charizard\n|move|p2a: Charizard|Heat Wave|p1a: Charizard|[spread] p1a,p1b\n|-resisted|p1a: Charizard|1\n|-damage|p1a: Charizard|0 fnt\n|-damage|p1b: Annihilape|0 fnt\n|faint|p1a: Charizard\n|faint|p1b: Annihilape\n|move|p2b: Basculegion|Last Respects|p1: Charizard|[notarget]\n|-fail|p2b: Basculegion\n|\n|upkeep\n|\n|t:|1788432062\n|switch|p1a: Gholdengo|Gholdengo, L50|100/100\n|turn|7\n|\n|t:|1788432066\n|move|p2a: Charizard|Ancient Power|p1a: Gholdengo\n|-resisted|p1a: Gholdengo|1\n|-damage|p1a: Gholdengo|87/100\n|move|p1a: Gholdengo|Thunderbolt|p2a: Charizard\n|-supereffective|p2a: Charizard|1\n|-damage|p2a: Charizard|0 fnt\n|faint|p2a: Charizard\n|-damage|p1a: Gholdengo|77/100|[from] item: Life Orb\n|move|p2b: Basculegion|Last Respects|p1a: Gholdengo\n|-supereffective|p1a: Gholdengo|1\n|-damage|p1a: Gholdengo|0 fnt\n|faint|p1a: Gholdengo\n|\n|win|Thornlace48812\n|raw|Daniel Purple's rating: 1138 &rarr; <strong>1118</strong><br />(-20 for losing)\n|raw|Thornlace48812's rating: 1211 &rarr; <strong>1231</strong><br />(+20 for winning)\n","uploadtime":1788432066,"views":"0","formatid":"gen9championsvgc2026regmb","rating":1118,"private":0,"password":null}