{"id":"gen9championsvgc2026regmbbo3-2673587586","format":"[Gen 9 Champions] VGC 2026 Reg M-B (Bo3)","players":["rojasus","slipperyegg"],"log":"|j|☆rojasus\n|j|☆slipperyegg\n|html|<table width=\"100%\"><tr><td align=\"left\">rojasus</td><td align=\"right\">slipperyegg</tr><tr><td align=\"left\"><i class=\"fa fa-circle\"></i> <i class=\"fa fa-circle-o\"></i> </td><td align=\"right\"><i class=\"fa fa-circle-o\"></i> <i class=\"fa fa-circle-o\"></i> </tr></table>\n|uhtml|bestof|<h2><strong>Game 2</strong> of <a href=\"/game-bestof3-gen9championsvgc2026regmbbo3-2673586101\">a best-of-3</a></h2>\n|t:|1788217339\n|gametype|doubles\n|player|p1|rojasus|ingo|1105\n|player|p2|slipperyegg|silver|1076\n|gen|9\n|tier|[Gen 9 Champions] VGC 2026 Reg M-B (Bo3)\n|rated|\n|rule|Species Clause: Limit one of each Pokémon\n|rule|Item Clause: Limit 1 of each item\n|clearpoke\n|poke|p1|Swampert, L50, M|\n|poke|p1|Pelipper, L50, F|\n|poke|p1|Archaludon, L50, F|\n|poke|p1|Grimmsnarl, L50, M|\n|poke|p1|Charizard, L50, M|\n|poke|p1|Venusaur, L50, F|\n|poke|p2|Steelix, L50, M, shiny|\n|poke|p2|Tyranitar, L50, M|\n|poke|p2|Zoroark-Hisui, L50, F|\n|poke|p2|Sinistcha-Masterpiece, L50|\n|poke|p2|Emboar, L50, F, shiny|\n|poke|p2|Pikachu, L50, M, shiny|\n|teampreview|4\n|showteam|p1|Swampert||Swampertite|Torrent|WaveCrash,Earthquake,IcePunch,Protect|Adamant||M|||50|]Pelipper||SitrusBerry|Drizzle|WeatherBall,Hurricane,Tailwind,WideGuard|Bold||F|||50|]Archaludon||Leftovers|Stamina|ElectroShot,DragonPulse,FlashCannon,Protect|Calm||F|||50|]Grimmsnarl||LightClay|Prankster|LightScreen,Reflect,PartingShot,SpiritBreak|Careful||M|||50|]Charizard||CharizarditeY|Blaze|WeatherBall,HeatWave,Hurricane,Protect|Modest||M|||50|]Venusaur||FocusSash|Chlorophyll|LeafStorm,SleepPowder,SludgeBomb,Protect|Modest||F|||50|\n|showteam|p2|Steelix||Steelixite|RockHead|Crunch,HeavySlam,HighHorsepower,Protect|Adamant||M|||50|]Tyranitar||ChopleBerry|SandStream|RockSlide,Crunch,Protect,DragonDance|Adamant||M|||50|]Zoroark-Hisui||FocusSash|Illusion|HyperVoice,Snarl,ShadowBall,Psychic|Modest||F|||50|]Sinistcha-Masterpiece||Leftovers|Hospitality|MatchaGotcha,ShadowBall,TrickRoom,StrengthSap|Modest|||||50|]Emboar||Emboarite|Reckless|FlareBlitz,CloseCombat,BulkUp,WildCharge|Adamant||F|||50|]Pikachu||LightBall|LightningRod|FakeOut,VoltTackle,Nuzzle,LightScreen|Adamant||M|||50|\n|inactive|Battle timer is ON: inactive players will automatically lose when time's up. (requested by rojasus)\n|\n|t:|1788217349\n|teamsize|p1|4\n|teamsize|p2|4\n|start\n|switch|p1a: Pelipper|Pelipper, L50, F|100/100\n|switch|p1b: Archaludon|Archaludon, L50, F|100/100\n|switch|p2a: Emboar|Emboar, L50, F, shiny|100/100\n|switch|p2b: Pikachu|Pikachu, L50, M, shiny|100/100\n|-weather|RainDance|[from] ability: Drizzle|[of] p1a: Pelipper\n|turn|1\n|inactive|rojasus has 30 seconds left.\n|inactive|slipperyegg has 30 seconds left.\n|inactive|rojasus has 20 seconds left.\n|inactive|rojasus has 15 seconds left.\n|inactive|rojasus has 10 seconds left.\n|\n|t:|1788217395\n|switch|p1a: Grimmsnarl|Grimmsnarl, L50, M|100/100\n|move|p2b: Pikachu|Fake Out|p1a: Grimmsnarl\n|-damage|p1a: Grimmsnarl|82/100\n|move|p1b: Archaludon|Dragon Pulse|p2a: Emboar\n|-damage|p2a: Emboar|51/100\n|move|p2a: Emboar|Bulk Up|p2a: Emboar\n|-boost|p2a: Emboar|atk|1\n|-boost|p2a: Emboar|def|1\n|\n|-weather|RainDance|[upkeep]\n|upkeep\n|turn|2\n|inactive|rojasus has 30 seconds left.\n|inactive|rojasus has 20 seconds left.\n|\n|t:|1788217433\n|move|p1a: Grimmsnarl|Reflect|p1a: Grimmsnarl\n|-sidestart|p1: rojasus|Reflect\n|move|p2b: Pikachu|Light Screen|p2b: Pikachu\n|-sidestart|p2: slipperyegg|move: Light Screen\n|move|p1b: Archaludon|Dragon Pulse|p2a: Emboar\n|-damage|p2a: Emboar|20/100y\n|move|p2a: Emboar|Close Combat|p1b: Archaludon\n|-supereffective|p1b: Archaludon|1\n|-damage|p1b: Archaludon|12/100\n|-unboost|p2a: Emboar|def|1\n|-unboost|p2a: Emboar|spd|1\n|-ability|p1b: Archaludon|Stamina|boost\n|-boost|p1b: Archaludon|def|1\n|\n|-weather|RainDance|[upkeep]\n|-heal|p1b: Archaludon|18/100|[from] item: Leftovers\n|upkeep\n|turn|3\n|\n|t:|1788217449\n|move|p1b: Archaludon|Protect|p1b: Archaludon\n|-singleturn|p1b: Archaludon|Protect\n|move|p1a: Grimmsnarl|Parting Shot|p2b: Pikachu\n|-unboost|p2b: Pikachu|atk|1\n|-unboost|p2b: Pikachu|spa|1\n|\n|t:|1788217462\n|switch|p1a: Swampert|Swampert, L50, M|100/100|[from] Parting Shot\n|move|p2b: Pikachu|Nuzzle|p1a: Swampert\n|-immune|p1a: Swampert\n|move|p2a: Emboar|Close Combat|p1b: Archaludon\n|-activate|p1b: Archaludon|move: Protect\n|\n|-weather|RainDance|[upkeep]\n|-heal|p1b: Archaludon|24/100|[from] item: Leftovers\n|upkeep\n|turn|4\n|\n|t:|1788217475\n|switch|p1b: Pelipper|Pelipper, L50, F|100/100\n|detailschange|p1a: Swampert|Swampert-Mega, L50, M\n|-mega|p1a: Swampert|Swampert|Swampertite\n|move|p1a: Swampert|Earthquake|p2b: Pikachu|[spread] p2a,p2b\n|-immune|p1b: Pelipper\n|-supereffective|p2a: Emboar|1\n|-supereffective|p2b: Pikachu|1\n|-damage|p2a: Emboar|0 fnt\n|-damage|p2b: Pikachu|0 fnt\n|faint|p2a: Emboar\n|faint|p2b: Pikachu\n|\n|-weather|RainDance|[upkeep]\n|upkeep\n|\n|t:|1788217485\n|switch|p2b: Steelix|Steelix, L50, M, shiny|100/100\n|switch|p2a: Tyranitar|Tyranitar, L50, M|100/100\n|-weather|Sandstorm|[from] ability: Sand Stream|[of] p2a: Tyranitar\n|turn|5\n|\n|t:|1788217506\n|detailschange|p2b: Steelix|Steelix-Mega, L50, M, shiny\n|-mega|p2b: Steelix|Steelix|Steelixite\n|move|p1b: Pelipper|Wide Guard|p1b: Pelipper\n|-singleturn|p1b: Pelipper|Wide Guard\n|move|p2a: Tyranitar|Dragon Dance|p2a: Tyranitar\n|-boost|p2a: Tyranitar|atk|1\n|-boost|p2a: Tyranitar|spe|1\n|move|p1a: Swampert|Earthquake|p2a: Tyranitar|[spread] p2a,p2b\n|-activate|p1b: Pelipper|move: Wide Guard\n|-supereffective|p2a: Tyranitar|1\n|-supereffective|p2b: Steelix|1\n|-damage|p2a: Tyranitar|17/100\n|-damage|p2b: Steelix|44/100\n|move|p2b: Steelix|High Horsepower|p1a: Swampert|[miss]\n|-miss|p2b: Steelix|p1a: Swampert\n|\n|-weather|Sandstorm|[upkeep]\n|-damage|p1b: Pelipper|94/100|[from] Sandstorm\n|upkeep\n|turn|6\n|\n|t:|1788217525\n|switch|p1b: Grimmsnarl|Grimmsnarl, L50, M|82/100\n|move|p1a: Swampert|Protect|p1a: Swampert\n|-singleturn|p1a: Swampert|Protect\n|move|p2a: Tyranitar|Rock Slide|p1b: Grimmsnarl|[spread] \n|-activate|p1a: Swampert|move: Protect\n|-miss|p2a: Tyranitar|p1b: Grimmsnarl\n|move|p2b: Steelix|High Horsepower|p1a: Swampert\n|-activate|p1a: Swampert|move: Protect\n|\n|-weather|Sandstorm|[upkeep]\n|-damage|p1b: Grimmsnarl|76/100|[from] Sandstorm\n|-sideend|p2: slipperyegg|move: Light Screen\n|upkeep\n|turn|7\n|\n|t:|1788217541\n|move|p1b: Grimmsnarl|Parting Shot|p2b: Steelix\n|-unboost|p2b: Steelix|atk|1\n|-unboost|p2b: Steelix|spa|1\n|\n|t:|1788217544\n|switch|p1b: Pelipper|Pelipper, L50, F|94/100|[from] Parting Shot\n|-weather|RainDance|[from] ability: Drizzle|[of] p1b: Pelipper\n|move|p1a: Swampert|Earthquake|p2a: Tyranitar|[spread] p2a,p2b\n|-immune|p1b: Pelipper\n|-supereffective|p2a: Tyranitar|1\n|-supereffective|p2b: Steelix|1\n|-damage|p2a: Tyranitar|0 fnt\n|-damage|p2b: Steelix|0 fnt\n|faint|p2a: Tyranitar\n|faint|p2b: Steelix\n|\n|win|rojasus\n|raw|rojasus's rating: 1105 &rarr; <strong>1128</strong><br />(+23 for winning)\n|raw|slipperyegg's rating: 1076 &rarr; <strong>1056</strong><br />(-20 for losing)\n|l|☆slipperyegg\n|player|p2|\n","uploadtime":1788217555,"views":"3","formatid":"gen9championsvgc2026regmbbo3","rating":1056,"private":0,"password":null}