{"id":"gen9championsvgc2026regmbbo3-2673611789","format":"[Gen 9 Champions] VGC 2026 Reg M-B (Bo3)","players":["brodoes","JakAttack626"],"log":"|j|☆brodoes\n|j|☆JakAttack626\n|html|<table width=\"100%\"><tr><td align=\"left\">brodoes</td><td align=\"right\">JakAttack626</tr><tr><td align=\"left\"><i class=\"fa fa-circle\"></i> <i class=\"fa fa-circle-o\"></i> </td><td align=\"right\"><i class=\"fa fa-circle-o\"></i> <i class=\"fa fa-circle-o\"></i> </tr></table>\n|uhtml|bestof|<h2><strong>Game 2</strong> of <a href=\"/game-bestof3-gen9championsvgc2026regmbbo3-2673609953\">a best-of-3</a></h2>\n|t:|1788221113\n|gametype|doubles\n|player|p1|brodoes|crasherwake|1215\n|player|p2|JakAttack626|pryce|1141\n|gen|9\n|tier|[Gen 9 Champions] VGC 2026 Reg M-B (Bo3)\n|rated|\n|rule|Species Clause: Limit one of each Pokémon\n|rule|Item Clause: Limit 1 of each item\n|clearpoke\n|poke|p1|Whimsicott, L50, F|\n|poke|p1|Farigiraf, L50, M|\n|poke|p1|Kingambit, L50, F|\n|poke|p1|Sylveon, L50, M|\n|poke|p1|Basculegion, L50, M|\n|poke|p1|Emboar, L50, F|\n|poke|p2|Scovillain, L50, F, shiny|\n|poke|p2|Basculegion, L50, M|\n|poke|p2|Kingambit, L50, M|\n|poke|p2|Sneasler, L50, M|\n|poke|p2|Lycanroc-Dusk, L50, F|\n|poke|p2|Froslass, L50, F|\n|teampreview|4\n|showteam|p1|Whimsicott||FocusSash|Prankster|Tailwind,Encore,Moonblast,Protect|Timid||F|||50|]Farigiraf||SitrusBerry|ArmorTail|TrickRoom,TwinBeam,Thunderbolt,Protect|Sassy||M|||50|]Kingambit||ChopleBerry|Defiant|SuckerPunch,KowtowCleave,IronHead,Protect|Adamant||F|||50|]Sylveon||FairyFeather|Pixilate|HyperVoice,MysticalFire,CalmMind,Detect|Modest||M|||50|]Basculegion||LifeOrb|Adaptability|AquaJet,WaveCrash,LastRespects,Protect|Adamant||M|||50|]Emboar||Emboarite|Blaze|FlareBlitz,CloseCombat,Protect,Earthquake|Adamant||F|||50|\n|showteam|p2|Scovillain||Scovillainite|Moody|GigaDrain,Overheat,RagePowder,Protect|Bold||F|||50|]Basculegion||LifeOrb|Adaptability|WaveCrash,AquaJet,LastRespects,Protect|Adamant||M|||50|]Kingambit||BlackGlasses|Defiant|KowtowCleave,SuckerPunch,SwordsDance,Protect|Adamant||M|||50|]Sneasler||WhiteHerb|Unburden|DireClaw,CloseCombat,FakeOut,Protect|Adamant||M|||50|]Lycanroc-Dusk||FocusSash|ToughClaws|RockSlide,CloseCombat,Accelerock,Protect|Adamant||F|||50|]Froslass||Froslassite|CursedBody|Blizzard,ShadowBall,AuroraVeil,Protect|Timid||F|||50|\n|inactive|Battle timer is ON: inactive players will automatically lose when time's up. (requested by JakAttack626)\n|inactive|JakAttack626 has 60 seconds left.\n|\n|t:|1788221174\n|teamsize|p1|4\n|teamsize|p2|4\n|start\n|switch|p1a: Basculegion|Basculegion, L50, M|100/100\n|switch|p1b: Whimsicott|Whimsicott, L50, F|100/100\n|switch|p2a: Hot One|Scovillain, L50, F, shiny|100/100\n|switch|p2b: Beetle|Kingambit, L50, M|100/100\n|turn|1\n|inactive|JakAttack626 has 30 seconds left.\n|\n|t:|1788221207\n|switch|p1a: Emboar|Emboar, L50, F|100/100\n|detailschange|p2a: Hot One|Scovillain-Mega, L50, F, shiny\n|-mega|p2a: Hot One|Scovillain|Scovillainite\n|move|p2a: Hot One|Rage Powder|p2a: Hot One\n|-singleturn|p2a: Hot One|move: Rage Powder\n|move|p1b: Whimsicott|Tailwind|p1b: Whimsicott\n|-sidestart|p1: brodoes|move: Tailwind\n|move|p2b: Beetle|Swords Dance|p2b: Beetle\n|-boost|p2b: Beetle|atk|2\n|\n|upkeep\n|turn|2\n|inactive|JakAttack626 has 30 seconds left.\n|\n|t:|1788221236\n|switch|p2a: SeaWater|Basculegion, L50, M|100/100\n|detailschange|p1a: Emboar|Emboar-Mega, L50, F\n|-mega|p1a: Emboar|Emboar|Emboarite\n|-ability|p1a: Emboar|Mold Breaker\n|move|p1b: Whimsicott|Moonblast|p2b: Beetle\n|-damage|p2b: Beetle|68/100\n|move|p1a: Emboar|Flare Blitz|p2a: SeaWater\n|-resisted|p2a: SeaWater|1\n|-damage|p2a: SeaWater|58/100\n|-damage|p1a: Emboar|87/100|[from] Recoil\n|move|p2b: Beetle|Swords Dance|p2b: Beetle\n|-boost|p2b: Beetle|atk|2\n|\n|upkeep\n|turn|3\n|inactive|JakAttack626 has 30 seconds left.\n|\n|t:|1788221268\n|move|p1a: Emboar|Protect|p1a: Emboar\n|-singleturn|p1a: Emboar|Protect\n|move|p2a: SeaWater|Aqua Jet|p1a: Emboar\n|-activate|p1a: Emboar|move: Protect\n|move|p2b: Beetle|Sucker Punch||[still]\n|-fail|p2b: Beetle\n|move|p1b: Whimsicott|Moonblast|p2a: SeaWater\n|-damage|p2a: SeaWater|17/100\n|\n|upkeep\n|turn|4\n|\n|t:|1788221289\n|switch|p1a: Basculegion|Basculegion, L50, M|100/100\n|move|p2a: SeaWater|Protect|p2a: SeaWater\n|-singleturn|p2a: SeaWater|Protect\n|move|p1b: Whimsicott|Moonblast|p2a: SeaWater\n|-activate|p2a: SeaWater|move: Protect\n|move|p2b: Beetle|Kowtow Cleave|p1a: Basculegion\n|-supereffective|p1a: Basculegion|1\n|-damage|p1a: Basculegion|0 fnt\n|faint|p1a: Basculegion\n|\n|-sideend|p1: brodoes|move: Tailwind\n|upkeep\n|\n|t:|1788221297\n|switch|p1a: Kingambit|Kingambit, L50, F|100/100\n|turn|5\n|\n|t:|1788221305\n|switch|p2a: Hot One|Scovillain-Mega, L50, F, shiny|100/100\n|move|p2b: Beetle|Protect|p2b: Beetle\n|-singleturn|p2b: Beetle|Protect\n|move|p1b: Whimsicott|Tailwind|p1b: Whimsicott\n|-sidestart|p1: brodoes|move: Tailwind\n|move|p1a: Kingambit|Sucker Punch||[still]\n|-fail|p1a: Kingambit\n|\n|upkeep\n|turn|6\n|\n|t:|1788221329\n|switch|p1a: Emboar|Emboar-Mega, L50, F|87/100\n|-ability|p1a: Emboar|Mold Breaker\n|move|p2a: Hot One|Rage Powder|p2a: Hot One\n|-singleturn|p2a: Hot One|move: Rage Powder\n|move|p1b: Whimsicott|Moonblast|p2b: Beetle\n|-damage|p2b: Beetle|30/100\n|-unboost|p2b: Beetle|spa|1\n|-ability|p2b: Beetle|Defiant|boost\n|-boost|p2b: Beetle|atk|2\n|move|p2b: Beetle|Kowtow Cleave|p1a: Emboar\n|-resisted|p1a: Emboar|1\n|-damage|p1a: Emboar|0 fnt\n|faint|p1a: Emboar\n|\n|upkeep\n|\n|t:|1788221337\n|switch|p1a: Kingambit|Kingambit, L50, F|100/100\n|turn|7\n|\n|t:|1788221346\n|move|p1a: Kingambit|Protect|p1a: Kingambit\n|-singleturn|p1a: Kingambit|Protect\n|move|p2b: Beetle|Protect|p2b: Beetle\n|-singleturn|p2b: Beetle|Protect\n|move|p1b: Whimsicott|Moonblast|p2b: Beetle\n|-activate|p2b: Beetle|move: Protect\n|move|p2a: Hot One|Overheat|p1a: Kingambit\n|-activate|p1a: Kingambit|move: Protect\n|\n|upkeep\n|turn|8\n|\n|t:|1788221359\n|move|p1a: Kingambit|Protect|p1a: Kingambit\n|-singleturn|p1a: Kingambit|Protect\n|move|p1b: Whimsicott|Moonblast|p2b: Beetle\n|-damage|p2b: Beetle|0 fnt\n|faint|p2b: Beetle\n|move|p2a: Hot One|Overheat|p1a: Kingambit\n|-activate|p1a: Kingambit|move: Protect\n|\n|-sideend|p1: brodoes|move: Tailwind\n|upkeep\n|\n|t:|1788221363\n|switch|p2b: Kachow|Sneasler, L50, M|100/100\n|turn|9\n|\n|t:|1788221379\n|move|p1b: Whimsicott|Protect|p1b: Whimsicott\n|-singleturn|p1b: Whimsicott|Protect\n|move|p2b: Kachow|Dire Claw|p1b: Whimsicott\n|-activate|p1b: Whimsicott|move: Protect\n|move|p2a: Hot One|Overheat|p1a: Kingambit\n|-supereffective|p1a: Kingambit|1\n|-damage|p1a: Kingambit|0 fnt\n|-unboost|p2a: Hot One|spa|2\n|faint|p1a: Kingambit\n|\n|upkeep\n|turn|10\n|\n|t:|1788221393\n|move|p1b: Whimsicott|Moonblast|p2b: Kachow\n|-damage|p2b: Kachow|58/100\n|move|p2b: Kachow|Dire Claw|p1b: Whimsicott\n|-supereffective|p1b: Whimsicott|2\n|-enditem|p1b: Whimsicott|Focus Sash\n|-damage|p1b: Whimsicott|1/100\n|-status|p1b: Whimsicott|psn\n|move|p2a: Hot One|Overheat|p1b: Whimsicott\n|-supereffective|p1b: Whimsicott|1\n|-damage|p1b: Whimsicott|0 fnt\n|-unboost|p2a: Hot One|spa|2\n|faint|p1b: Whimsicott\n|\n|win|JakAttack626\n","uploadtime":1788221393,"views":"0","formatid":"gen9championsvgc2026regmbbo3","rating":null,"private":0,"password":null}