{"id":"gen9championsvgc2026regmbbo3-2674097020","format":"[Gen 9 Champions] VGC 2026 Reg M-B (Bo3)","players":["legndrygoatedXD69","soulo333"],"log":"|j|☆legndrygoatedXD69\n|j|☆soulo333\n|html|<table width=\"100%\"><tr><td align=\"left\">legndrygoatedXD69</td><td align=\"right\">soulo333</tr><tr><td align=\"left\"><i class=\"fa fa-circle-o\"></i> <i class=\"fa fa-circle-o\"></i> </td><td align=\"right\"><i class=\"fa fa-circle-o\"></i> <i class=\"fa fa-circle-o\"></i> </tr></table>\n|uhtml|bestof|<h2><strong>Game 1</strong> of <a href=\"/game-bestof3-gen9championsvgc2026regmbbo3-2674097019\">a best-of-3</a></h2>\n|t:|1788298704\n|gametype|doubles\n|player|p1|legndrygoatedXD69|101|1195\n|player|p2|soulo333|101|1096\n|gen|9\n|tier|[Gen 9 Champions] VGC 2026 Reg M-B (Bo3)\n|rated|\n|rule|Species Clause: Limit one of each Pokémon\n|rule|Item Clause: Limit 1 of each item\n|clearpoke\n|poke|p1|Floette-Eternal, L50, F|\n|poke|p1|Pyroar, L50, M, shiny|\n|poke|p1|Milotic, L50, M|\n|poke|p1|Whimsicott, L50, M|\n|poke|p1|Venusaur, L50, F|\n|poke|p1|Torkoal, L50, M|\n|poke|p2|Staraptor, L50, F|\n|poke|p2|Arcanine-Hisui, L50, F|\n|poke|p2|Kingambit, L50, F|\n|poke|p2|Sylveon, L50, M, shiny|\n|poke|p2|Raichu, L50, M|\n|poke|p2|Farigiraf, L50, F|\n|teampreview|4\n|showteam|p1|Floette-Eternal||Floettite|FlowerVeil|Moonblast,DazzlingGleam,LightofRuin,Protect|Timid||F|||50|]Pyroar||Pyroarite|Unnerve|HeatWave,Overheat,Snarl,Protect|Timid||M|||50|]Milotic||Leftovers|Competitive|Scald,IceBeam,Recover,Protect|Modest||M|||50|]Whimsicott||FocusSash|Prankster|Moonblast,Tailwind,SunnyDay,Protect|Timid||M|||50|]Venusaur||WideLens|Chlorophyll|LeafStorm,SludgeBomb,EarthPower,SleepPowder|Modest||F|||50|]Torkoal||HeatRock|Drought|Eruption,WeatherBall,HelpingHand,Protect|Quiet||M|||50|\n|showteam|p2|Staraptor||Staraptite|Intimidate|DualWingbeat,CloseCombat,Tailwind,Protect|Jolly||F|||50|]Arcanine-Hisui||FocusSash|RockHead|FlareBlitz,HeadSmash,ExtremeSpeed,Protect|Jolly||F|||50|]Kingambit||LifeOrb|Defiant|KowtowCleave,SuckerPunch,SwordsDance,Protect|Adamant||F|||50|]Sylveon||FairyFeather|Pixilate|HyperVoice,HyperBeam,QuickAttack,Detect|Modest||M|||50|]Raichu||RaichuniteY|LightningRod|ZapCannon,FocusBlast,FakeOut,Protect|Timid||M|||50|]Farigiraf||SitrusBerry|ArmorTail|Psychic,HelpingHand,TrickRoom,Protect|Calm||F|||50|\n|\n|t:|1788298730\n|teamsize|p1|4\n|teamsize|p2|4\n|start\n|switch|p1a: Whimsicott|Whimsicott, L50, M|100/100\n|switch|p1b: Milotic|Milotic, L50, M|100/100\n|switch|p2a: Farigiraf|Farigiraf, L50, F|100/100\n|switch|p2b: Arcanine|Arcanine-Hisui, L50, F|100/100\n|turn|1\n|\n|t:|1788298744\n|switch|p2b: Sylveon|Sylveon, L50, M, shiny|100/100\n|move|p1a: Whimsicott|Moonblast|p2b: Sylveon\n|-damage|p2b: Sylveon|74/100\n|move|p1b: Milotic|Scald|p2b: Sylveon\n|-damage|p2b: Sylveon|49/100\n|move|p2a: Farigiraf|Trick Room|p2a: Farigiraf\n|-fieldstart|move: Trick Room|[of] p2a: Farigiraf\n|\n|upkeep\n|turn|2\n|\n|t:|1788298768\n|move|p1a: Whimsicott|Protect|p1a: Whimsicott\n|-singleturn|p1a: Whimsicott|Protect\n|move|p2a: Farigiraf|Psychic|p1b: Milotic\n|-damage|p1b: Milotic|75/100\n|-unboost|p1b: Milotic|spd|1\n|-ability|p1b: Milotic|Competitive|boost\n|-boost|p1b: Milotic|spa|2\n|move|p2b: Sylveon|Hyper Beam|p1b: Milotic\n|-damage|p1b: Milotic|0 fnt\n|-mustrecharge|p2b: Sylveon\n|faint|p1b: Milotic\n|\n|upkeep\n|\n|t:|1788298776\n|switch|p1b: Pyroar|Pyroar, L50, M, shiny|100/100\n|-ability|p1b: Pyroar|Unnerve\n|turn|3\n|\n|t:|1788298786\n|detailschange|p1b: Pyroar|Pyroar-Mega, L50, M, shiny\n|-mega|p1b: Pyroar|Pyroar|Pyroarite\n|move|p1a: Whimsicott|Sunny Day|p1a: Whimsicott\n|-weather|SunnyDay\n|move|p2a: Farigiraf|Psychic|p1b: Pyroar\n|-damage|p1b: Pyroar|57/100\n|cant|p2b: Sylveon|recharge\n|move|p1b: Pyroar|Heat Wave|p2a: Farigiraf|[spread] p2a,p2b\n|-damage|p2a: Farigiraf|37/100\n|-damage|p2b: Sylveon|0 fnt\n|-enditem|p2a: Farigiraf|Sitrus Berry|[eat]\n|-heal|p2a: Farigiraf|62/100|[from] item: Sitrus Berry\n|faint|p2b: Sylveon\n|\n|-weather|SunnyDay|[upkeep]\n|upkeep\n|\n|t:|1788298793\n|switch|p2b: Arcanine|Arcanine-Hisui, L50, F|100/100\n|turn|4\n|\n|t:|1788298809\n|move|p1b: Pyroar|Protect|p1b: Pyroar\n|-singleturn|p1b: Pyroar|Protect\n|move|p2a: Farigiraf|Psychic|p1b: Pyroar\n|-activate|p1b: Pyroar|move: Protect\n|move|p2b: Arcanine|Flare Blitz|p1a: Whimsicott\n|-supereffective|p1a: Whimsicott|1\n|-enditem|p1a: Whimsicott|Focus Sash\n|-damage|p1a: Whimsicott|1/100\n|move|p1a: Whimsicott|Moonblast|p2b: Arcanine\n|-resisted|p2b: Arcanine|1\n|-damage|p2b: Arcanine|77/100\n|\n|-weather|SunnyDay|[upkeep]\n|upkeep\n|turn|5\n|\n|t:|1788298830\n|switch|p1b: Venusaur|Venusaur, L50, F|100/100\n|move|p1a: Whimsicott|Protect|p1a: Whimsicott\n|-singleturn|p1a: Whimsicott|Protect\n|move|p2a: Farigiraf|Psychic|p1b: Venusaur\n|-supereffective|p1b: Venusaur|1\n|-damage|p1b: Venusaur|23/100\n|move|p2b: Arcanine|Flare Blitz|p1b: Venusaur\n|-supereffective|p1b: Venusaur|1\n|-damage|p1b: Venusaur|0 fnt\n|faint|p1b: Venusaur\n|\n|-weather|SunnyDay|[upkeep]\n|-fieldend|move: Trick Room\n|upkeep\n|\n|t:|1788298841\n|switch|p1b: Pyroar|Pyroar-Mega, L50, M, shiny|57/100\n|turn|6\n|\n|t:|1788298849\n|move|p2b: Arcanine|Extreme Speed|p1a: Whimsicott\n|-damage|p1a: Whimsicott|0 fnt\n|faint|p1a: Whimsicott\n|move|p1b: Pyroar|Heat Wave|p2b: Arcanine|[spread] p2a,p2b\n|-resisted|p2b: Arcanine|2\n|-damage|p2a: Farigiraf|0 fnt\n|-damage|p2b: Arcanine|50/100g\n|faint|p2a: Farigiraf\n|\n|-weather|SunnyDay|[upkeep]\n|upkeep\n|\n|t:|1788298854\n|switch|p2a: Kingambit|Kingambit, L50, F|100/100\n|turn|7\n|\n|t:|1788298862\n|move|p2a: Kingambit|Sucker Punch|p1b: Pyroar\n|-damage|p1b: Pyroar|0 fnt\n|faint|p1b: Pyroar\n|-damage|p2a: Kingambit|90/100|[from] item: Life Orb\n|\n|win|soulo333\n","uploadtime":1788298863,"views":"0","formatid":"gen9championsvgc2026regmbbo3","rating":null,"private":0,"password":null}