{"id":"gen9championsvgc2026regmb-2674052547","format":"[Gen 9 Champions] VGC 2026 Reg M-B","players":["igor vgc 22!","caZISA"],"log":"|j|☆igor vgc 22!\n|j|☆caZISA\n|html|<table width=\"100%\"><tr><td align=\"left\">igor vgc 22!</td><td align=\"right\">caZISA</tr><tr><td align=\"left\"><i class=\"fa fa-circle-o\"></i> <i class=\"fa fa-circle-o\"></i> </td><td align=\"right\"><i class=\"fa fa-circle-o\"></i> <i class=\"fa fa-circle-o\"></i> </tr></table>\n|uhtml|bestof|<h2><strong>Game 1</strong> of <a href=\"/game-bestof3-gen9championsvgc2026regmb-2674052546\">a best-of-3</a></h2>\n|t:|1788292904\n|gametype|doubles\n|player|p1|igor vgc 22!|clemont|\n|player|p2|caZISA|red|\n|gen|9\n|tier|[Gen 9 Champions] VGC 2026 Reg M-B\n|rated|Tournament battle\n|rule|Species Clause: Limit one of each Pokémon\n|rule|Item Clause: Limit 1 of each item\n|raw|<div class=\"infobox\"><details class=\"readmore\" open><summary><strong>2 custom rules:</strong></summary> Force Open Team Sheets, Best of = 3</details></div>\n|clearpoke\n|poke|p1|Floette-Eternal, L50, F|\n|poke|p1|Garchomp, L50, M, shiny|\n|poke|p1|Whimsicott, L50, M, shiny|\n|poke|p1|Basculegion, L50, M, shiny|\n|poke|p1|Charizard, L50, M, shiny|\n|poke|p1|Kingambit, L50, M, shiny|\n|poke|p2|Charizard, L50, F, shiny|\n|poke|p2|Floette-Eternal, L50, F|\n|poke|p2|Garchomp, L50, F|\n|poke|p2|Venusaur, L50, F|\n|poke|p2|Incineroar, L50, F|\n|poke|p2|Sneasler, L50, F|\n|teampreview|4\n|showteam|p1|Floette-Eternal||Floettite|FlowerVeil|Moonblast,DazzlingGleam,LightofRuin,Protect|Timid||F|||50|]Garchomp||LifeOrb|RoughSkin|Protect,DragonClaw,RockSlide,Earthquake|Jolly||M|||50|]Whimsicott||FocusSash|Prankster|Tailwind,Encore,Moonblast,Protect|Timid||M|||50|]Basculegion||MysticWater|Adaptability|Protect,AquaJet,WaveCrash,LastRespects|Adamant||M|||50|]Charizard||CharizarditeY|Blaze|HeatWave,SolarBeam,WeatherBall,Protect|Modest||M|||50|]Kingambit||BlackGlasses|Defiant|Protect,SuckerPunch,KowtowCleave,IronHead|Adamant||M|||50|\n|showteam|p2|Charizard||CharizarditeY|Blaze|HeatWave,WeatherBall,SolarBeam,Protect|Modest||F|||50|]Floette-Eternal||Floettite|FlowerVeil|Moonblast,DrainingKiss,CalmMind,Protect|Timid||F|||50|]Garchomp||ChoiceScarf|RoughSkin|DragonClaw,RockSlide,Earthquake,StompingTantrum|Adamant||F|||50|]Venusaur||WideLens|Chlorophyll|EarthPower,SludgeBomb,SleepPowder,Protect|Modest||F|||50|]Incineroar||SitrusBerry|Intimidate|FakeOut,FlareBlitz,ThroatChop,PartingShot|Careful||F|||50|]Sneasler||WhiteHerb|Unburden|FakeOut,DireClaw,CloseCombat,Protect|Jolly||F|||50|\n|inactive|Battle timer is ON: inactive players will automatically lose when time's up. (requested by igor vgc 22!)\n|c|☆caZISA|glhf\n|c|☆igor vgc 22!|glhf\n|\n|t:|1788292925\n|teamsize|p1|4\n|teamsize|p2|4\n|start\n|switch|p1a: whimsy maxing|Whimsicott, L50, M, shiny|100/100\n|switch|p1b: global warming|Charizard, L50, M, shiny|100/100\n|switch|p2a: Saphira|Charizard, L50, F, shiny|100/100\n|switch|p2b: Sharkboy|Garchomp, L50, F|100/100\n|turn|1\n|j| topougamer\n|\n|t:|1788292941\n|detailschange|p2a: Saphira|Charizard-Mega-Y, L50, F, shiny\n|-mega|p2a: Saphira|Charizard|Charizardite Y\n|-weather|SunnyDay|[from] ability: Drought|[of] p2a: Saphira\n|detailschange|p1b: global warming|Charizard-Mega-Y, L50, M, shiny\n|-mega|p1b: global warming|Charizard|Charizardite Y\n|move|p1b: global warming|Protect|p1b: global warming\n|-singleturn|p1b: global warming|Protect\n|move|p1a: whimsy maxing|Tailwind|p1a: whimsy maxing\n|-sidestart|p1: igor vgc 22!|move: Tailwind\n|move|p2b: Sharkboy|Rock Slide|p1a: whimsy maxing|[spread] p1a\n|-activate|p1b: global warming|move: Protect\n|-damage|p1a: whimsy maxing|66/100\n|move|p2a: Saphira|Heat Wave|p1a: whimsy maxing|[spread] \n|-activate|p1b: global warming|move: Protect\n|-miss|p2a: Saphira|p1a: whimsy maxing\n|\n|-weather|SunnyDay|[upkeep]\n|upkeep\n|turn|2\n|\n|t:|1788292959\n|switch|p2b: Tigre Toño|Incineroar, L50, F|100/100\n|-ability|p2b: Tigre Toño|Intimidate|boost\n|-unboost|p1a: whimsy maxing|atk|1\n|-unboost|p1b: global warming|atk|1\n|move|p1a: whimsy maxing|Moonblast|p2b: Tigre Toño\n|-crit|p2b: Tigre Toño\n|-damage|p2b: Tigre Toño|55/100\n|move|p1b: global warming|Solar Beam||[still]\n|-prepare|p1b: global warming|Solar Beam\n|-anim|p1b: global warming|Solar Beam|p2b: Tigre Toño\n|-resisted|p2b: Tigre Toño|1\n|-damage|p2b: Tigre Toño|33/100\n|-enditem|p2b: Tigre Toño|Sitrus Berry|[eat]\n|-heal|p2b: Tigre Toño|58/100|[from] item: Sitrus Berry\n|move|p2a: Saphira|Heat Wave|p1a: whimsy maxing|[spread] p1a,p1b\n|-supereffective|p1a: whimsy maxing|1\n|-resisted|p1b: global warming|1\n|-damage|p1a: whimsy maxing|0 fnt\n|-damage|p1b: global warming|67/100\n|faint|p1a: whimsy maxing\n|\n|-weather|SunnyDay|[upkeep]\n|upkeep\n|\n|t:|1788292963\n|switch|p1a: goatchomp|Garchomp, L50, M, shiny|100/100\n|turn|3\n|\n|t:|1788292984\n|switch|p2a: Sharkboy|Garchomp, L50, F|100/100\n|move|p2b: Tigre Toño|Fake Out|p1a: goatchomp\n|-damage|p1a: goatchomp|89/100\n|-damage|p2b: Tigre Toño|45/100|[from] ability: Rough Skin|[of] p1a: goatchomp\n|cant|p1a: goatchomp|flinch\n|move|p1b: global warming|Weather Ball|p2b: Tigre Toño\n|-resisted|p2b: Tigre Toño|1\n|-damage|p2b: Tigre Toño|5/100\n|\n|-weather|SunnyDay|[upkeep]\n|upkeep\n|turn|4\n|inactive|caZISA has 30 seconds left.\n|\n|t:|1788293012\n|switch|p2a: Saphira|Charizard-Mega-Y, L50, F, shiny|100/100\n|move|p1a: goatchomp|Dragon Claw|p2a: Saphira\n|-damage|p2a: Saphira|35/100\n|-damage|p1a: goatchomp|79/100|[from] item: Life Orb\n|move|p1b: global warming|Heat Wave|p2b: Tigre Toño|[spread] p2a,p2b\n|-resisted|p2a: Saphira|1\n|-resisted|p2b: Tigre Toño|1\n|-damage|p2a: Saphira|2/100\n|-damage|p2b: Tigre Toño|0 fnt\n|faint|p2b: Tigre Toño\n|\n|-weather|SunnyDay|[upkeep]\n|-sideend|p1: igor vgc 22!|move: Tailwind\n|upkeep\n|\n|t:|1788293024\n|switch|p2b: Rene|Venusaur, L50, F|100/100\n|turn|5\n|j| Just-A-Colress\n|\n|t:|1788293030\n|switch|p2a: Sharkboy|Garchomp, L50, F|100/100\n|move|p2b: Rene|Sleep Powder|p1b: global warming|[miss]\n|-miss|p2b: Rene|p1b: global warming\n|move|p1a: goatchomp|Rock Slide|p2b: Rene|[spread] p2a,p2b\n|-resisted|p2a: Sharkboy|1\n|-damage|p2a: Sharkboy|86/100\n|-damage|p2b: Rene|66/100\n|-damage|p1a: goatchomp|69/100|[from] item: Life Orb\n|move|p1b: global warming|Heat Wave|p2a: Sharkboy|[spread] p2a,p2b\n|-resisted|p2a: Sharkboy|1\n|-supereffective|p2b: Rene|1\n|-damage|p2a: Sharkboy|46/100\n|-damage|p2b: Rene|0 fnt\n|faint|p2b: Rene\n|\n|-weather|none\n|upkeep\n|\n|t:|1788293039\n|switch|p2b: Saphira|Charizard-Mega-Y, L50, F, shiny|2/100\n|-weather|SunnyDay|[from] ability: Drought|[of] p2b: Saphira\n|turn|6\n|\n|t:|1788293046\n|move|p1a: goatchomp|Protect|p1a: goatchomp\n|-singleturn|p1a: goatchomp|Protect\n|move|p1b: global warming|Protect|p1b: global warming\n|-singleturn|p1b: global warming|Protect\n|move|p2a: Sharkboy|Dragon Claw|p1a: goatchomp\n|-activate|p1a: goatchomp|move: Protect\n|move|p2b: Saphira|Weather Ball|p1b: global warming\n|-activate|p1b: global warming|move: Protect\n|\n|-weather|SunnyDay|[upkeep]\n|upkeep\n|turn|7\n|\n|t:|1788293057\n|switch|p1a: fish|Basculegion, L50, M, shiny|100/100\n|move|p2b: Saphira|Protect|p2b: Saphira\n|-singleturn|p2b: Saphira|Protect\n|move|p2a: Sharkboy|Dragon Claw|p1a: fish\n|-crit|p1a: fish\n|-damage|p1a: fish|12/100\n|move|p1b: global warming|Heat Wave|p2b: Saphira|[spread] p2a\n|-activate|p2b: Saphira|move: Protect\n|-resisted|p2a: Sharkboy|1\n|-damage|p2a: Sharkboy|10/100\n|\n|-weather|SunnyDay|[upkeep]\n|upkeep\n|turn|8\n|-message|caZISA forfeited.\n|\n|win|igor vgc 22!\n","uploadtime":1788293066,"views":"5","formatid":"gen9championsvgc2026regmb","rating":null,"private":0,"password":null}