{"id":"gen9championsvgc2026regmbbo3-2674540909","format":"[Gen 9 Champions] VGC 2026 Reg M-B (Bo3)","players":["KUTF1","D1EG012"],"log":"|j|☆KUTF1\n|j|☆D1EG012\n|html|<table width=\"100%\"><tr><td align=\"left\">KUTF1</td><td align=\"right\">D1EG012</tr><tr><td align=\"left\"><i class=\"fa fa-circle-o\"></i> <i class=\"fa fa-circle-o\"></i> </td><td align=\"right\"><i class=\"fa fa-circle-o\"></i> <i class=\"fa fa-circle-o\"></i> </tr></table>\n|uhtml|bestof|<h2><strong>Game 1</strong> of <a href=\"/game-bestof3-gen9championsvgc2026regmbbo3-2674540908\">a best-of-3</a></h2>\n|t:|1788371824\n|gametype|doubles\n|player|p1|KUTF1|janine|\n|player|p2|D1EG012|1|\n|gen|9\n|tier|[Gen 9 Champions] VGC 2026 Reg M-B (Bo3)\n|rule|Species Clause: Limit one of each Pokémon\n|rule|Item Clause: Limit 1 of each item\n|clearpoke\n|poke|p1|Lopunny, L50, M, shiny|\n|poke|p1|Glimmora, L50, F|\n|poke|p1|Lycanroc-Dusk, L50, F, shiny|\n|poke|p1|Altaria, L50, M, shiny|\n|poke|p1|Whimsicott, L50, F, shiny|\n|poke|p1|Chimecho, L50, M, shiny|\n|poke|p2|Milotic, L50, F|\n|poke|p2|Incineroar, L50, M|\n|poke|p2|Sinistcha, L50|\n|poke|p2|Golurk, L50|\n|poke|p2|Farigiraf, L50, F|\n|poke|p2|Sylveon, L50, M|\n|teampreview|4\n|showteam|p1|Lopunny||Lopunnite|Limber|CloseCombat,Protect,FakeOut,IcePunch|Jolly||M|||50|]Glimmora||FocusSash|ToxicDebris|PowerGem,SpikyShield,EarthPower,SludgeBomb|Timid||F|||50|]Lycanroc-Dusk||HardStone|ToughClaws|Accelerock,Protect,RockSlide,CloseCombat|Jolly||F|||50|]Altaria||Leftovers|CloudNine|BraveBird,Tailwind,Roost,WillOWisp|Careful||M|||50|]Whimsicott||MentalHerb|Prankster|Moonblast,Tailwind,Protect,Encore|Timid||F|||50|]Chimecho||Chimechite|Levitate|Psychic,Protect,FlashCannon,DazzlingGleam|Modest||M|||50|\n|showteam|p2|Milotic||Leftovers|Competitive|Protect,Recover,MuddyWater,IceBeam|Modest||F|||50|]Incineroar||SitrusBerry|Intimidate|FakeOut,PartingShot,FlareBlitz,DarkestLariat|Adamant||M|||50|]Sinistcha||KasibBerry|Hospitality|TrickRoom,ShadowBall,MatchaGotcha,RagePowder|Sassy|||||50|]Golurk||Golurkite|IronFist|Protect,Poltergeist,HighHorsepower,RockSlide|Brave|||||50|]Farigiraf||ColburBerry|ArmorTail|TrickRoom,Protect,Thunderbolt,TwinBeam|Relaxed||F|||50|]Sylveon||FairyFeather|Pixilate|HyperBeam,HyperVoice,QuickAttack,Detect|Modest||M|||50|\n|inactive|Battle timer is ON: inactive players will automatically lose when time's up. (requested by KUTF1)\n|inactive|KUTF1 has 60 seconds left.\n|inactive|D1EG012 has 60 seconds left.\n|\n|t:|1788371876\n|teamsize|p1|4\n|teamsize|p2|4\n|start\n|switch|p1a: Chimecho|Chimecho, L50, M, shiny|100/100\n|switch|p1b: Glimmora|Glimmora, L50, F|100/100\n|switch|p2a: Farigiraf|Farigiraf, L50, F|100/100\n|switch|p2b: Milotic|Milotic, L50, F|100/100\n|turn|1\n|\n|t:|1788371895\n|detailschange|p1a: Chimecho|Chimecho-Mega, L50, M, shiny\n|-mega|p1a: Chimecho|Chimecho|Chimechite\n|move|p1b: Glimmora|Sludge Bomb|p2a: Farigiraf\n|-damage|p2a: Farigiraf|53/100\n|move|p1a: Chimecho|Flash Cannon|p2a: Farigiraf\n|-damage|p2a: Farigiraf|7/100\n|move|p2b: Milotic|Muddy Water|p1a: Chimecho|[spread] p1b\n|-miss|p2b: Milotic|p1a: Chimecho\n|-supereffective|p1b: Glimmora|1\n|-damage|p1b: Glimmora|8/100\n|move|p2a: Farigiraf|Trick Room|p2a: Farigiraf\n|-fieldstart|move: Trick Room|[of] p2a: Farigiraf\n|\n|upkeep\n|turn|2\n|inactive|D1EG012 has 30 seconds left.\n|\n|t:|1788371920\n|move|p2a: Farigiraf|Protect|p2a: Farigiraf\n|-singleturn|p2a: Farigiraf|Protect\n|move|p2b: Milotic|Muddy Water|p1b: Glimmora|[spread] p1a,p1b\n|-supereffective|p1b: Glimmora|1\n|-damage|p1a: Chimecho|71/100\n|-damage|p1b: Glimmora|0 fnt\n|faint|p1b: Glimmora\n|move|p1a: Chimecho|Dazzling Gleam|p2a: Farigiraf|[spread] p2b\n|-activate|p2a: Farigiraf|move: Protect\n|-damage|p2b: Milotic|84/100\n|\n|-heal|p2b: Milotic|90/100|[from] item: Leftovers\n|upkeep\n|\n|t:|1788371934\n|switch|p1b: Altaria|Altaria, L50, M, shiny|100/100\n|-ability|p1b: Altaria|Cloud Nine\n|turn|3\n|\n|t:|1788371946\n|switch|p2a: Sylveon|Sylveon, L50, M|100/100\n|move|p1a: Chimecho|Protect|p1a: Chimecho\n|-singleturn|p1a: Chimecho|Protect\n|move|p1b: Altaria|Brave Bird|p2b: Milotic\n|-damage|p2b: Milotic|50/100g\n|-damage|p1b: Altaria|86/100|[from] Recoil\n|move|p2b: Milotic|Ice Beam|p1b: Altaria\n|-supereffective|p1b: Altaria|2\n|-damage|p1b: Altaria|4/100\n|\n|-heal|p1b: Altaria|10/100|[from] item: Leftovers\n|-heal|p2b: Milotic|56/100|[from] item: Leftovers\n|upkeep\n|turn|4\n|inactive|KUTF1 has 30 seconds left.\n|inactive|D1EG012 has 30 seconds left.\n|\n|t:|1788371978\n|move|p2a: Sylveon|Detect|p2a: Sylveon\n|-singleturn|p2a: Sylveon|Protect\n|move|p1b: Altaria|Roost|p1b: Altaria\n|-heal|p1b: Altaria|60/100\n|-singleturn|p1b: Altaria|move: Roost\n|move|p2b: Milotic|Muddy Water|p1b: Altaria|[spread] p1a,p1b\n|-resisted|p1b: Altaria|1\n|-damage|p1a: Chimecho|39/100\n|-damage|p1b: Altaria|49/100\n|move|p1a: Chimecho|Flash Cannon|p2a: Sylveon\n|-activate|p2a: Sylveon|move: Protect\n|\n|-heal|p1b: Altaria|55/100|[from] item: Leftovers\n|-heal|p2b: Milotic|62/100|[from] item: Leftovers\n|upkeep\n|turn|5\n|\n|t:|1788371996\n|switch|p1b: Lycanroc|Lycanroc-Dusk, L50, F, shiny|100/100\n|move|p1a: Chimecho|Protect|p1a: Chimecho\n|-singleturn|p1a: Chimecho|Protect\n|move|p2a: Sylveon|Hyper Voice|p1b: Lycanroc|[spread] p1b\n|-activate|p1a: Chimecho|move: Protect\n|-damage|p1b: Lycanroc|13/100\n|move|p2b: Milotic|Muddy Water|p1a: Chimecho|[spread] p1b\n|-activate|p1a: Chimecho|move: Protect\n|-supereffective|p1b: Lycanroc|1\n|-damage|p1b: Lycanroc|0 fnt\n|faint|p1b: Lycanroc\n|\n|-heal|p2b: Milotic|67/100|[from] item: Leftovers\n|-fieldend|move: Trick Room\n|upkeep\n|\n|t:|1788372002\n|switch|p1b: Altaria|Altaria, L50, M, shiny|55/100\n|-ability|p1b: Altaria|Cloud Nine\n|turn|6\n|\n|t:|1788372018\n|move|p2a: Sylveon|Detect|p2a: Sylveon\n|-singleturn|p2a: Sylveon|Protect\n|move|p1a: Chimecho|Flash Cannon|p2a: Sylveon\n|-activate|p2a: Sylveon|move: Protect\n|move|p2b: Milotic|Ice Beam|p1b: Altaria\n|-supereffective|p1b: Altaria|2\n|-damage|p1b: Altaria|0 fnt\n|faint|p1b: Altaria\n|\n|-heal|p2b: Milotic|73/100|[from] item: Leftovers\n|upkeep\n|turn|7\n|\n|t:|1788372035\n|switch|p2a: Golurk|Golurk, L50|100/100\n|move|p1a: Chimecho|Flash Cannon|p2a: Golurk\n|-damage|p2a: Golurk|52/100\n|move|p2b: Milotic|Muddy Water|p1a: Chimecho\n|-damage|p1a: Chimecho|0 fnt\n|faint|p1a: Chimecho\n|\n|win|D1EG012\n||KUTF1 is ready for game 2.\n","uploadtime":1788372038,"views":"0","formatid":"gen9championsvgc2026regmbbo3","rating":null,"private":0,"password":null}