{"id":"gen9championsvgc2026regmbbo3-2674749548","format":"[Gen 9 Champions] VGC 2026 Reg M-B (Bo3)","players":["random_gibus","abadanriyi92"],"log":"|j|☆random_gibus\n|j|☆abadanriyi92\n|html|<table width=\"100%\"><tr><td align=\"left\">random_gibus</td><td align=\"right\">abadanriyi92</tr><tr><td align=\"left\"><i class=\"fa fa-circle-o\"></i> <i class=\"fa fa-circle-o\"></i> </td><td align=\"right\"><i class=\"fa fa-circle-o\"></i> <i class=\"fa fa-circle\"></i> </tr></table>\n|uhtml|bestof|<h2><strong>Game 2</strong> of <a href=\"/game-bestof3-gen9championsvgc2026regmbbo3-2674747461\">a best-of-3</a></h2>\n|t:|1788400231\n|gametype|doubles\n|player|p1|random_gibus|169|1309\n|player|p2|abadanriyi92|colress|1335\n|gen|9\n|tier|[Gen 9 Champions] VGC 2026 Reg M-B (Bo3)\n|rated|\n|rule|Species Clause: Limit one of each Pokémon\n|rule|Item Clause: Limit 1 of each item\n|clearpoke\n|poke|p1|Dragalge, L50, M|\n|poke|p1|Incineroar, L50, M|\n|poke|p1|Kingambit, L50, M|\n|poke|p1|Sinistcha, L50|\n|poke|p1|Garchomp, L50, F|\n|poke|p1|Farigiraf, L50, M|\n|poke|p2|Gengar, L50, M|\n|poke|p2|Swampert, L50, M|\n|poke|p2|Incineroar, L50, M|\n|poke|p2|Politoed, L50, F|\n|poke|p2|Archaludon, L50, M|\n|poke|p2|Vivillon, L50, M|\n|teampreview|4\n|showteam|p1|Dragalge||Dragalgite|Adaptability|Protect,SludgeBomb,DracoMeteor,FocusBlast|Modest||M|||50|]Incineroar||SitrusBerry|Intimidate|FakeOut,FlareBlitz,ThroatChop,PartingShot|Impish||M|||50|]Kingambit||BlackGlasses|Defiant|SuckerPunch,KowtowCleave,LowKick,Protect|Adamant||M|||50|]Sinistcha||OccaBerry|Hospitality|MatchaGotcha,RagePowder,TrickRoom,Protect|Relaxed|||||50|]Garchomp||ChoiceScarf|RoughSkin|StompingTantrum,DragonClaw,RockSlide,IronHead|Jolly||F|||50|]Farigiraf||ColburBerry|ArmorTail|TwinBeam,TrickRoom,Protect,HyperVoice|Relaxed||M|||50|\n|showteam|p2|Gengar||Gengarite|CursedBody|ShadowBall,PerishSong,SludgeBomb,Protect|Timid||M|||50|]Swampert||Swampertite|Torrent|WaveCrash,Earthquake,IcePunch,Protect|Adamant||M|||50|]Incineroar||PasshoBerry|Intimidate|ThroatChop,PartingShot,FakeOut,Protect|Sassy||M|||50|]Politoed||SitrusBerry|Drizzle|WeatherBall,PerishSong,Encore,Protect|Calm||F|||50|]Archaludon||Leftovers|Stamina|DragonPulse,FlashCannon,ElectroShot,Protect|Bold||M|||50|]Vivillon||FocusSash|CompoundEyes|Hurricane,SleepPowder,RagePowder,Protect|Timid||M|||50|\n|\n|t:|1788400255\n|teamsize|p1|4\n|teamsize|p2|4\n|start\n|switch|p1a: Sinistcha|Sinistcha, L50|100/100\n|switch|p1b: Garchomp|Garchomp, L50, F|100/100\n|switch|p2a: Swampert|Swampert, L50, M|100/100\n|switch|p2b: Vivillon|Vivillon, L50, M|100/100\n|turn|1\n|\n|t:|1788400279\n|switch|p2b: Archaludon|Archaludon, L50, M|100/100\n|detailschange|p2a: Swampert|Swampert-Mega, L50, M\n|-mega|p2a: Swampert|Swampert|Swampertite\n|move|p1b: Garchomp|Rock Slide|p2b: Archaludon|[spread] p2a,p2b\n|-resisted|p2a: Swampert|1\n|-resisted|p2b: Archaludon|1\n|-damage|p2a: Swampert|90/100\n|-damage|p2b: Archaludon|93/100\n|-ability|p2b: Archaludon|Stamina|boost\n|-boost|p2b: Archaludon|def|1\n|move|p2a: Swampert|Ice Punch|p1b: Garchomp\n|-supereffective|p1b: Garchomp|2\n|-damage|p1b: Garchomp|0 fnt\n|-damage|p2a: Swampert|78/100|[from] ability: Rough Skin|[of] p1b: Garchomp\n|faint|p1b: Garchomp\n|move|p1a: Sinistcha|Matcha Gotcha|p2b: Archaludon|[spread] p2a,p2b\n|-supereffective|p2a: Swampert|2\n|-resisted|p2b: Archaludon|2\n|-damage|p2a: Swampert|0 fnt\n|-damage|p2b: Archaludon|87/100\n|-ability|p2b: Archaludon|Stamina|boost\n|-boost|p2b: Archaludon|def|1\n|faint|p2a: Swampert\n|\n|-heal|p2b: Archaludon|93/100|[from] item: Leftovers\n|upkeep\n|\n|t:|1788400305\n|switch|p1b: Dragalge|Dragalge, L50, M|100/100\n|switch|p2a: Politoed|Politoed, L50, F|100/100\n|-weather|RainDance|[from] ability: Drizzle|[of] p2a: Politoed\n|turn|2\n|\n|t:|1788400336\n|detailschange|p1b: Dragalge|Dragalge-Mega, L50, M\n|-mega|p1b: Dragalge|Dragalge|Dragalgite\n|move|p2a: Politoed|Protect|p2a: Politoed\n|-singleturn|p2a: Politoed|Protect\n|move|p2b: Archaludon|Dragon Pulse|p1b: Dragalge\n|-supereffective|p1b: Dragalge|1\n|-damage|p1b: Dragalge|53/100\n|move|p1b: Dragalge|Focus Blast|p2b: Archaludon\n|-supereffective|p2b: Archaludon|1\n|-damage|p2b: Archaludon|9/100\n|-ability|p2b: Archaludon|Stamina|boost\n|-boost|p2b: Archaludon|def|1\n|move|p1a: Sinistcha|Trick Room|p1a: Sinistcha\n|-fieldstart|move: Trick Room|[of] p1a: Sinistcha\n|\n|-weather|RainDance|[upkeep]\n|-heal|p2b: Archaludon|15/100|[from] item: Leftovers\n|upkeep\n|turn|3\n|\n|t:|1788400360\n|move|p2b: Archaludon|Protect|p2b: Archaludon\n|-singleturn|p2b: Archaludon|Protect\n|move|p1b: Dragalge|Draco Meteor|p2a: Politoed\n|-damage|p2a: Politoed|39/100\n|-unboost|p1b: Dragalge|spa|2\n|-enditem|p2a: Politoed|Sitrus Berry|[eat]\n|-heal|p2a: Politoed|63/100|[from] item: Sitrus Berry\n|move|p1a: Sinistcha|Matcha Gotcha|p2b: Archaludon|[spread] \n|-activate|p2b: Archaludon|move: Protect\n|-miss|p1a: Sinistcha|p2a: Politoed\n|move|p2a: Politoed|Perish Song|p2a: Politoed\n|-start|p1a: Sinistcha|perish3|[silent]\n|-start|p1b: Dragalge|perish3|[silent]\n|-start|p2a: Politoed|perish3|[silent]\n|-start|p2b: Archaludon|perish3|[silent]\n|-fieldactivate|move: Perish Song\n|\n|-weather|RainDance|[upkeep]\n|-heal|p2b: Archaludon|21/100|[from] item: Leftovers\n|-start|p1b: Dragalge|perish3\n|-start|p1a: Sinistcha|perish3\n|-start|p2a: Politoed|perish3\n|-start|p2b: Archaludon|perish3\n|upkeep\n|turn|4\n|\n|t:|1788400382\n|-heal|p1b: Dragalge|86/100|[from] ability: Regenerator|[silent]\n|switch|p1b: Kingambit|Kingambit, L50, M|100/100\n|switch|p2b: Vivillon|Vivillon, L50, M|100/100\n|move|p2a: Politoed|Protect|p2a: Politoed\n|-singleturn|p2a: Politoed|Protect\n|move|p1a: Sinistcha|Matcha Gotcha|p2a: Politoed|[spread] p2b\n|-activate|p2a: Politoed|move: Protect\n|-resisted|p2b: Vivillon|2\n|-damage|p2b: Vivillon|89/100\n|\n|-weather|RainDance|[upkeep]\n|-start|p1a: Sinistcha|perish2\n|-start|p2a: Politoed|perish2\n|upkeep\n|turn|5\n|\n|t:|1788400421\n|switch|p2a: Archaludon|Archaludon, L50, M|21/100\n|move|p2b: Vivillon|Protect|p2b: Vivillon\n|-singleturn|p2b: Vivillon|Protect\n|move|p1b: Kingambit|Kowtow Cleave|p2b: Vivillon\n|-activate|p2b: Vivillon|move: Protect\n|move|p1a: Sinistcha|Matcha Gotcha|p2a: Archaludon|[spread] \n|-activate|p2b: Vivillon|move: Protect\n|-miss|p1a: Sinistcha|p2a: Archaludon\n|\n|-weather|RainDance|[upkeep]\n|-heal|p2a: Archaludon|27/100|[from] item: Leftovers\n|-start|p1a: Sinistcha|perish1\n|upkeep\n|turn|6\n|\n|t:|1788400444\n|switch|p1a: Dragalge|Dragalge-Mega, L50, M|86/100\n|move|p2b: Vivillon|Rage Powder|p2b: Vivillon\n|-singleturn|p2b: Vivillon|move: Rage Powder\n|move|p1b: Kingambit|Kowtow Cleave|p2b: Vivillon\n|-damage|p2b: Vivillon|0 fnt\n|faint|p2b: Vivillon\n|move|p2a: Archaludon|Electro Shot||[still]\n|-prepare|p2a: Archaludon|Electro Shot\n|-boost|p2a: Archaludon|spa|1\n|-anim|p2a: Archaludon|Electro Shot|p1b: Kingambit\n|-damage|p1b: Kingambit|48/100\n|\n|-weather|none\n|-heal|p2a: Archaludon|34/100|[from] item: Leftovers\n|-fieldend|move: Trick Room\n|upkeep\n|\n|t:|1788400458\n|switch|p2b: Politoed|Politoed, L50, F|63/100\n|-weather|RainDance|[from] ability: Drizzle|[of] p2b: Politoed\n|turn|7\n|\n|t:|1788400479\n|-heal|p1a: Dragalge|100/100|[from] ability: Regenerator|[silent]\n|switch|p1a: Sinistcha|Sinistcha, L50|100/100\n|-heal|p1b: Kingambit|72/100|[from] ability: Hospitality|[of] p1a: Sinistcha\n|move|p2a: Archaludon|Dragon Pulse|p1a: Sinistcha\n|-damage|p1a: Sinistcha|44/100\n|move|p2b: Politoed|Weather Ball|p1b: Kingambit\n|-damage|p1b: Kingambit|28/100\n|move|p1b: Kingambit|Low Kick|p2a: Archaludon\n|-supereffective|p2a: Archaludon|1\n|-damage|p2a: Archaludon|0 fnt\n|faint|p2a: Archaludon\n|\n|-weather|RainDance|[upkeep]\n|upkeep\n|turn|8\n|-message|abadanriyi92 forfeited.\n|\n|win|random_gibus\n||random_gibus is ready for game 3.\n","uploadtime":1788400499,"views":"1","formatid":"gen9championsvgc2026regmbbo3","rating":null,"private":0,"password":null}