{"id":"gen9championsvgc2026regmb-2674331101","format":"[Gen 9 Champions] VGC 2026 Reg M-B","players":["vcevc","ozago"],"log":"|j|☆vcevc\n|j|☆ozago\n|t:|1788342630\n|gametype|doubles\n|player|p1|vcevc|102|1211\n|player|p2|ozago|266|1149\n|gen|9\n|tier|[Gen 9 Champions] VGC 2026 Reg M-B\n|rated|\n|rule|Species Clause: Limit one of each Pokémon\n|rule|Item Clause: Limit 1 of each item\n|clearpoke\n|poke|p1|Pelipper, L50, M|\n|poke|p1|Dragonite, L50, M, shiny|\n|poke|p1|Archaludon, L50, F, shiny|\n|poke|p1|Sneasler, L50, F, shiny|\n|poke|p1|Sinistcha-Masterpiece, L50, shiny|\n|poke|p1|Basculegion, L50, M, shiny|\n|poke|p2|Raichu, L50, M|\n|poke|p2|Swampert, L50, M|\n|poke|p2|Sableye, L50, M|\n|poke|p2|Kingambit, L50, F|\n|poke|p2|Pelipper, L50, M|\n|poke|p2|Sinistcha-Masterpiece, L50|\n|teampreview|4\n|\n|t:|1788342667\n|teamsize|p1|4\n|teamsize|p2|4\n|start\n|switch|p1a: Sinistcha|Sinistcha-Masterpiece, L50, shiny|100/100\n|switch|p1b: Dragonite|Dragonite, L50, M, shiny|100/100\n|switch|p2a: Raichu|Raichu, L50, M|100/100\n|switch|p2b: Kingambit|Kingambit, L50, F|100/100\n|turn|1\n|inactive|Battle timer is ON: inactive players will automatically lose when time's up. (requested by ozago)\n|\n|t:|1788342686\n|detailschange|p2a: Raichu|Raichu-Mega-Y, L50, M\n|-mega|p2a: Raichu|Raichu|Raichunite Y\n|detailschange|p1b: Dragonite|Dragonite-Mega, L50, M, shiny\n|-mega|p1b: Dragonite|Dragonite|Dragoninite\n|move|p2a: Raichu|Fake Out|p1b: Dragonite\n|-damage|p1b: Dragonite|95/100\n|move|p1a: Sinistcha|Rage Powder|p1a: Sinistcha\n|-singleturn|p1a: Sinistcha|move: Rage Powder\n|cant|p1b: Dragonite|flinch\n|move|p2b: Kingambit|Kowtow Cleave|p1a: Sinistcha\n|-supereffective|p1a: Sinistcha|1\n|-damage|p1a: Sinistcha|7/100\n|-enditem|p1a: Sinistcha|Sitrus Berry|[eat]\n|-heal|p1a: Sinistcha|32/100|[from] item: Sitrus Berry\n|-damage|p2b: Kingambit|90/100|[from] item: Life Orb\n|\n|upkeep\n|turn|2\n|\n|t:|1788342711\n|move|p2a: Raichu|Protect|p2a: Raichu\n|-singleturn|p2a: Raichu|Protect\n|move|p1b: Dragonite|Dragon Pulse|p2a: Raichu\n|-activate|p2a: Raichu|move: Protect\n|move|p1a: Sinistcha|Life Dew|p1a: Sinistcha|[spread] p1a,p1b\n|-heal|p1a: Sinistcha|57/100\n|-heal|p1b: Dragonite|100/100\n|move|p2b: Kingambit|Kowtow Cleave|p1a: Sinistcha\n|-supereffective|p1a: Sinistcha|1\n|-damage|p1a: Sinistcha|0 fnt\n|faint|p1a: Sinistcha\n|-damage|p2b: Kingambit|80/100|[from] item: Life Orb\n|\n|upkeep\n|\n|t:|1788342727\n|switch|p1a: Sneasler|Sneasler, L50, F, shiny|100/100\n|turn|3\n|\n|t:|1788342745\n|switch|p2a: Sinistcha|Sinistcha-Masterpiece, L50|100/100\n|-heal|p2b: Kingambit|100/100|[from] ability: Hospitality|[of] p2a: Sinistcha\n|switch|p2b: Sableye|Sableye, L50, M|100/100\n|move|p1a: Sneasler|Fake Out|p2a: Sinistcha\n|-immune|p2a: Sinistcha\n|move|p1b: Dragonite|Thunder|p2b: Sableye|[miss]\n|-miss|p1b: Dragonite|p2b: Sableye\n|\n|upkeep\n|turn|4\n|inactive|ozago has 30 seconds left.\n|inactive|ozago has 20 seconds left.\n|\n|t:|1788342782\n|move|p2b: Sableye|Fake Out|p1b: Dragonite\n|-damage|p1b: Dragonite|96/100\n|move|p1a: Sneasler|U-turn|p2a: Sinistcha\n|-crit|p2a: Sinistcha\n|-damage|p2a: Sinistcha|58/100\n|\n|t:|1788342788\n|switch|p1a: Archaludon|Archaludon, L50, F, shiny|100/100|[from] U-turn\n|cant|p1b: Dragonite|flinch\n|move|p2a: Sinistcha|Shadow Ball|p1b: Dragonite\n|-crit|p1b: Dragonite\n|-damage|p1b: Dragonite|51/100\n|\n|upkeep\n|turn|5\n|inactive|ozago has 30 seconds left.\n|\n|t:|1788342818\n|move|p2b: Sableye|Detect|p2b: Sableye\n|-singleturn|p2b: Sableye|Protect\n|move|p2a: Sinistcha|Protect|p2a: Sinistcha\n|-singleturn|p2a: Sinistcha|Protect\n|move|p1b: Dragonite|Dragon Pulse|p2a: Sinistcha\n|-activate|p2a: Sinistcha|move: Protect\n|move|p1a: Archaludon|Electro Shot||[still]\n|-prepare|p1a: Archaludon|Electro Shot\n|-boost|p1a: Archaludon|spa|1\n|\n|upkeep\n|turn|6\n|\n|t:|1788342839\n|move|p2a: Sinistcha|Rage Powder|p2a: Sinistcha\n|-singleturn|p2a: Sinistcha|move: Rage Powder\n|move|p2b: Sableye|Disable|p1b: Dragonite\n|-start|p1b: Dragonite|Disable|Dragon Pulse\n|move|p1b: Dragonite|Hurricane|p2a: Sinistcha\n|-supereffective|p2a: Sinistcha|1\n|-damage|p2a: Sinistcha|0 fnt\n|faint|p2a: Sinistcha\n|move|p1a: Archaludon|Electro Shot|p2b: Sableye|[from] lockedmove\n|-damage|p2b: Sableye|4/100\n|\n|upkeep\n|\n|t:|1788342848\n|switch|p2a: Raichu|Raichu-Mega-Y, L50, M|100/100\n|turn|7\n|\n|t:|1788342865\n|move|p2b: Sableye|Encore|p1a: Archaludon\n|-start|p1a: Archaludon|Encore\n|move|p2a: Raichu|Zap Cannon|p1b: Dragonite\n|-damage|p1b: Dragonite|0 fnt\n|faint|p1b: Dragonite\n|move|p1a: Archaludon|Electro Shot||[still]\n|-prepare|p1a: Archaludon|Electro Shot\n|-boost|p1a: Archaludon|spa|1\n|\n|upkeep\n|\n|t:|1788342875\n|switch|p1b: Sneasler|Sneasler, L50, F, shiny|100/100\n|turn|8\n|\n|t:|1788342880\n|move|p2b: Sableye|Detect|p2b: Sableye\n|-singleturn|p2b: Sableye|Protect\n|move|p2a: Raichu|Protect|p2a: Raichu\n|-singleturn|p2a: Raichu|Protect\n|move|p1b: Sneasler|Fake Out|p2a: Raichu\n|-activate|p2a: Raichu|move: Protect\n|move|p1a: Archaludon|Electro Shot|p2b: Sableye|[from] lockedmove\n|-activate|p2b: Sableye|move: Protect\n|\n|upkeep\n|turn|9\n|\n|t:|1788342898\n|move|p2b: Sableye|Encore|p1b: Sneasler\n|-start|p1b: Sneasler|Encore\n|move|p1b: Sneasler|Fake Out||[still]\n|-hint|Fake Out only works on your first turn out.\n|-fail|p1b: Sneasler\n|move|p2a: Raichu|Focus Blast|p1a: Archaludon\n|-supereffective|p1a: Archaludon|1\n|-damage|p1a: Archaludon|17/100\n|-ability|p1a: Archaludon|Stamina|boost\n|-boost|p1a: Archaludon|def|1\n|move|p1a: Archaludon|Electro Shot||[still]\n|-prepare|p1a: Archaludon|Electro Shot\n|-boost|p1a: Archaludon|spa|1\n|\n|-heal|p1a: Archaludon|23/100|[from] item: Leftovers\n|-end|p1a: Archaludon|Encore\n|upkeep\n|turn|10\n|inactive|ozago has 30 seconds left.\n|inactive|ozago has 20 seconds left.\n|inactive|ozago has 15 seconds left.\n|inactive|ozago has 10 seconds left.\n|\n|t:|1788342944\n|move|p2b: Sableye|Detect|p2b: Sableye\n|-singleturn|p2b: Sableye|Protect\n|move|p2a: Raichu|Focus Blast|p1a: Archaludon\n|-supereffective|p1a: Archaludon|1\n|-damage|p1a: Archaludon|0 fnt\n|faint|p1a: Archaludon\n|-activate|p1b: Sneasler|move: Struggle\n|move|p1b: Sneasler|Struggle|p2b: Sableye\n|-activate|p2b: Sableye|move: Protect\n|\n|upkeep\n|turn|11\n|\n|t:|1788342964\n|move|p2b: Sableye|Encore||[still]\n|-fail|p2b: Sableye\n|move|p2a: Raichu|Zap Cannon|p1b: Sneasler\n|-damage|p1b: Sneasler|1/100\n|-status|p1b: Sneasler|par\n|cant|p1b: Sneasler|par\n|\n|-end|p1b: Sneasler|Encore\n|upkeep\n|turn|12\n|c|☆ozago|Bruh\n|inactive|ozago has 30 seconds left.\n|\n|t:|1788342992\n|move|p2b: Sableye|Detect|p2b: Sableye\n|-singleturn|p2b: Sableye|Protect\n|move|p2a: Raichu|Protect|p2a: Raichu\n|-singleturn|p2a: Raichu|Protect\n|move|p1b: Sneasler|Close Combat|p2a: Raichu\n|-activate|p2a: Raichu|move: Protect\n|\n|upkeep\n|turn|13\n|\n|t:|1788343004\n|move|p2b: Sableye|Encore|p1b: Sneasler\n|-start|p1b: Sneasler|Encore\n|move|p2a: Raichu|Zap Cannon|p1b: Sneasler\n|-damage|p1b: Sneasler|0 fnt\n|faint|p1b: Sneasler\n|\n|win|ozago\n|raw|vcevc's rating: 1211 &rarr; <strong>1182</strong><br />(-29 for losing)\n|raw|ozago's rating: 1149 &rarr; <strong>1178</strong><br />(+29 for winning)\n|l|☆vcevc\n|player|p1|\n","uploadtime":1788343193,"views":"1","formatid":"gen9championsvgc2026regmb","rating":1178,"private":0,"password":null}