{"id":"gen9championsvgc2026regmbbo3-2673424684","format":"[Gen 9 Champions] VGC 2026 Reg M-B (Bo3)","players":["mochabarion","3ler_Emerald"],"log":"|j|☆mochabarion\n|j|☆3ler_Emerald\n|html|<table width=\"100%\"><tr><td align=\"left\">mochabarion</td><td align=\"right\">3ler_Emerald</tr><tr><td align=\"left\"><i class=\"fa fa-circle-o\"></i> <i class=\"fa fa-circle-o\"></i> </td><td align=\"right\"><i class=\"fa fa-circle-o\"></i> <i class=\"fa fa-circle-o\"></i> </tr></table>\n|uhtml|bestof|<h2><strong>Game 1</strong> of <a href=\"/game-bestof3-gen9championsvgc2026regmbbo3-2673424683\">a best-of-3</a></h2>\n|t:|1788196174\n|gametype|doubles\n|player|p1|mochabarion|102|1051\n|player|p2|3ler_Emerald|harlequin|1040\n|gen|9\n|tier|[Gen 9 Champions] VGC 2026 Reg M-B (Bo3)\n|rated|\n|rule|Species Clause: Limit one of each Pokémon\n|rule|Item Clause: Limit 1 of each item\n|clearpoke\n|poke|p1|Tinkaton, L50, F, shiny|\n|poke|p1|Sinistcha, L50|\n|poke|p1|Blastoise, L50, F, shiny|\n|poke|p1|Grimmsnarl, L50, M, shiny|\n|poke|p1|Sylveon, L50, F|\n|poke|p1|Delphox, L50, F, shiny|\n|poke|p2|Garchomp, L50, M|\n|poke|p2|Basculegion, L50, M|\n|poke|p2|Aggron, L50, F|\n|poke|p2|Grimmsnarl, L50, M|\n|poke|p2|Eelektross, L50, M|\n|poke|p2|Aegislash, L50, M|\n|teampreview|4\n|showteam|p1|Tinkaton||LifeOrb|OwnTempo|GigatonHammer,PlayRough,FakeOut,Encore|Adamant||F|||50|]Sinistcha||SitrusBerry|Hospitality|RagePowder,MatchaGotcha,LifeDew,TrickRoom|Relaxed|||||50|]Blastoise||Blastoisinite|Torrent|WaterSpout,DarkPulse,FakeOut,Protect|Modest||F|||50|]Grimmsnarl||LightClay|Prankster|LightScreen,Reflect,FakeOut,PartingShot|Careful||M|||50|]Sylveon||FairyFeather|Pixilate|HyperVoice,HyperBeam,ShadowBall,Protect|Modest||F|||50|]Delphox||Delphoxite|Blaze|HeatWave,Psyshock,NastyPlot,Protect|Timid||F|||50|\n|showteam|p2|Garchomp||LifeOrb|RoughSkin|SwordsDance,Earthquake,Outrage,IronHead|Jolly||M|||50|]Basculegion||ChoiceScarf|Adaptability|LastRespects,Crunch,FlipTurn,Outrage|Jolly||M|||50|]Aggron||Aggronite|Sturdy|IronDefense,BodyPress,Earthquake,Endeavor|Careful||F|||50|]Grimmsnarl||LightClay|Prankster|LightScreen,PartingShot,Reflect,FakeOut|Careful||M|||50|]Eelektross||Eelektrossite|Levitate|Coil,SupercellSlam,Liquidation,Waterfall|Jolly||M|||50|]Aegislash||Leftovers|StanceChange|CloseCombat,Poltergeist,SwordsDance,KingsShield|Adamant||M|||50|\n|inactive|Battle timer is ON: inactive players will automatically lose when time's up. (requested by 3ler_Emerald)\n|\n|t:|1788196200\n|teamsize|p1|4\n|teamsize|p2|4\n|start\n|switch|p1a: Bonzi Buddy|Grimmsnarl, L50, M, shiny|100/100\n|switch|p1b: CUCK|Sinistcha, L50|100/100\n|switch|p2a: Basculegion|Basculegion, L50, M|100/100\n|switch|p2b: Grimmsnarl|Grimmsnarl, L50, M|100/100\n|turn|1\n|\n|t:|1788196220\n|move|p1a: Bonzi Buddy|Reflect|p1a: Bonzi Buddy\n|-sidestart|p1: mochabarion|Reflect\n|move|p2b: Grimmsnarl|Reflect|p2b: Grimmsnarl\n|-sidestart|p2: 3ler_Emerald|Reflect\n|move|p2a: Basculegion|Flip Turn|p1a: Bonzi Buddy\n|-crit|p1a: Bonzi Buddy\n|-damage|p1a: Bonzi Buddy|31/100\n|\n|t:|1788196231\n|switch|p2a: Eelektross|Eelektross, L50, M|100/100|[from] Flip Turn\n|move|p1b: CUCK|Trick Room|p1b: CUCK\n|-fieldstart|move: Trick Room|[of] p1b: CUCK\n|\n|upkeep\n|turn|2\n|\n|t:|1788196246\n|move|p1a: Bonzi Buddy|Parting Shot|p2a: Eelektross\n|-unboost|p2a: Eelektross|atk|1\n|-unboost|p2a: Eelektross|spa|1\n|\n|t:|1788196251\n|switch|p1a: CUCK 2|Blastoise, L50, F, shiny|100/100|[from] Parting Shot\n|move|p2b: Grimmsnarl|Light Screen|p2b: Grimmsnarl\n|-sidestart|p2: 3ler_Emerald|move: Light Screen\n|move|p1b: CUCK|Matcha Gotcha|p2a: Eelektross|[spread] p2a,p2b\n|-crit|p2a: Eelektross\n|-damage|p2a: Eelektross|51/100\n|-damage|p2b: Grimmsnarl|88/100\n|move|p2a: Eelektross|Coil|p2a: Eelektross\n|-boost|p2a: Eelektross|atk|1\n|-boost|p2a: Eelektross|def|1\n|-boost|p2a: Eelektross|accuracy|1\n|\n|upkeep\n|turn|3\n|\n|t:|1788196269\n|detailschange|p2a: Eelektross|Eelektross-Mega, L50, M\n|-mega|p2a: Eelektross|Eelektross|Eelektrossite\n|detailschange|p1a: CUCK 2|Blastoise-Mega, L50, F, shiny\n|-mega|p1a: CUCK 2|Blastoise|Blastoisinite\n|move|p1b: CUCK|Rage Powder|p1b: CUCK\n|-singleturn|p1b: CUCK|move: Rage Powder\n|move|p2b: Grimmsnarl|Parting Shot|p1b: CUCK\n|-unboost|p1b: CUCK|atk|1\n|-unboost|p1b: CUCK|spa|1\n|\n|t:|1788196279\n|switch|p2b: Basculegion|Basculegion, L50, M|100/100|[from] Parting Shot\n|move|p1a: CUCK 2|Water Spout|p2a: Eelektross|[spread] p2a,p2b\n|-resisted|p2b: Basculegion|1\n|-damage|p2a: Eelektross|0 fnt\n|-damage|p2b: Basculegion|74/100\n|faint|p2a: Eelektross\n|\n|upkeep\n|\n|t:|1788196288\n|switch|p2a: Grimmsnarl|Grimmsnarl, L50, M|88/100\n|turn|4\n|\n|t:|1788196302\n|move|p1b: CUCK|Rage Powder|p1b: CUCK\n|-singleturn|p1b: CUCK|move: Rage Powder\n|move|p2a: Grimmsnarl|Parting Shot|p1b: CUCK\n|-unboost|p1b: CUCK|atk|1\n|-unboost|p1b: CUCK|spa|1\n|\n|t:|1788196309\n|switch|p2a: Garchomp|Garchomp, L50, M|100/100|[from] Parting Shot\n|move|p1a: CUCK 2|Dark Pulse|p2b: Basculegion\n|-supereffective|p2b: Basculegion|1\n|-damage|p2b: Basculegion|2/100\n|cant|p2b: Basculegion|flinch\n|\n|upkeep\n|turn|5\n|inactive|3ler_Emerald has 30 seconds left.\n|\n|t:|1788196342\n|move|p1b: CUCK|Matcha Gotcha|p2b: Basculegion|[spread] p2b\n|-miss|p1b: CUCK|p2a: Garchomp\n|-supereffective|p2b: Basculegion|1\n|-damage|p2b: Basculegion|0 fnt\n|faint|p2b: Basculegion\n|move|p1a: CUCK 2|Water Spout|p2a: Garchomp\n|-damage|p2a: Garchomp|29/100\n|move|p2a: Garchomp|Outrage|p1b: CUCK\n|-damage|p1b: CUCK|54/100\n|-damage|p2a: Garchomp|20/100r|[from] item: Life Orb\n|\n|-fieldend|move: Trick Room\n|upkeep\n|\n|t:|1788196348\n|switch|p2b: Grimmsnarl|Grimmsnarl, L50, M|88/100\n|turn|6\n|\n|t:|1788196362\n|move|p2b: Grimmsnarl|Fake Out|p1a: CUCK 2\n|-damage|p1a: CUCK 2|92/100\n|move|p2a: Garchomp|Outrage|p1a: CUCK 2|[from] lockedmove\n|-crit|p1a: CUCK 2\n|-damage|p1a: CUCK 2|0 fnt\n|faint|p1a: CUCK 2\n|-damage|p2a: Garchomp|10/100|[from] item: Life Orb\n|move|p1b: CUCK|Trick Room|p1b: CUCK\n|-fieldstart|move: Trick Room|[of] p1b: CUCK\n|\n|upkeep\n|\n|t:|1788196371\n|switch|p1a: Sylveon|Sylveon, L50, F|100/100\n|turn|7\n|\n|t:|1788196383\n|move|p1b: CUCK|Rage Powder|p1b: CUCK\n|-singleturn|p1b: CUCK|move: Rage Powder\n|move|p2b: Grimmsnarl|Parting Shot|p1b: CUCK\n|-unboost|p1b: CUCK|atk|1\n|-unboost|p1b: CUCK|spa|1\n|move|p1a: Sylveon|Hyper Voice|p2a: Garchomp|[spread] p2a,p2b\n|-supereffective|p2a: Garchomp|1\n|-supereffective|p2b: Grimmsnarl|1\n|-damage|p2a: Garchomp|0 fnt\n|-damage|p2b: Grimmsnarl|34/100\n|faint|p2a: Garchomp\n|\n|upkeep\n|turn|8\n|\n|t:|1788196398\n|move|p2b: Grimmsnarl|Parting Shot|p1a: Sylveon\n|-unboost|p1a: Sylveon|atk|1\n|-unboost|p1a: Sylveon|spa|1\n|move|p1a: Sylveon|Hyper Beam|p2b: Grimmsnarl\n|-supereffective|p2b: Grimmsnarl|1\n|-damage|p2b: Grimmsnarl|0 fnt\n|-mustrecharge|p1a: Sylveon\n|faint|p2b: Grimmsnarl\n|\n|win|mochabarion\n|l|☆3ler_Emerald\n|player|p2|\n||3ler_Emerald is ready for game 2.\n|inactive|mochabarion has 30 seconds to confirm battle start!\n","uploadtime":1788196416,"views":"1","formatid":"gen9championsvgc2026regmbbo3","rating":null,"private":0,"password":null}