{"id":"gen9championsvgc2026regmbbo3-2674424890","format":"[Gen 9 Champions] VGC 2026 Reg M-B (Bo3)","players":["Sardinian Angel","kalaluwi"],"log":"|j|☆Sardinian Angel\n|j|☆kalaluwi\n|html|<table width=\"100%\"><tr><td align=\"left\">Sardinian Angel</td><td align=\"right\">kalaluwi</tr><tr><td align=\"left\"><i class=\"fa fa-circle\"></i> <i class=\"fa fa-circle-o\"></i> </td><td align=\"right\"><i class=\"fa fa-circle-o\"></i> <i class=\"fa fa-circle\"></i> </tr></table>\n|uhtml|bestof|<h2><strong>Game 3</strong> of <a href=\"/game-bestof3-gen9championsvgc2026regmbbo3-2674421610\">a best-of-3</a></h2>\n|t:|1788358218\n|gametype|doubles\n|player|p1|Sardinian Angel|170|1316\n|player|p2|kalaluwi|265|1327\n|gen|9\n|tier|[Gen 9 Champions] VGC 2026 Reg M-B (Bo3)\n|rated|\n|rule|Species Clause: Limit one of each Pokémon\n|rule|Item Clause: Limit 1 of each item\n|clearpoke\n|poke|p1|Sableye, L50, F|\n|poke|p1|Incineroar, L50, M|\n|poke|p1|Pelipper, L50, M|\n|poke|p1|Swampert, L50, F|\n|poke|p1|Archaludon, L50, F|\n|poke|p1|Sinistcha-Masterpiece, L50|\n|poke|p2|Farigiraf, L50, F|\n|poke|p2|Kangaskhan, L50, F|\n|poke|p2|Abomasnow, L50, M|\n|poke|p2|Camerupt, L50, F|\n|poke|p2|Kingambit, L50, F|\n|poke|p2|Basculegion, L50, M|\n|teampreview|4\n|showteam|p1|Sableye||RoseliBerry|Prankster|RainDance,Swagger,FoulPlay,ThunderWave|Calm||F|||50|]Incineroar||SitrusBerry|Intimidate|FakeOut,PartingShot,Snarl,FlareBlitz|Impish||M|||50|]Pelipper||FocusSash|Drizzle|Tailwind,Protect,Hurricane,WeatherBall|Modest||M|||50|]Swampert||Swampertite|Damp|Earthquake,WaveCrash,IcePunch,Protect|Adamant||F|||50|]Archaludon||Leftovers|Stamina|ElectroShot,FlashCannon,DragonPulse,Protect|Calm||F|||50|]Sinistcha-Masterpiece||ColburBerry|Hospitality|RagePowder,MatchaGotcha,TrickRoom,LifeDew|Relaxed|||||50|\n|showteam|p2|Farigiraf||ColburBerry|ArmorTail|TrickRoom,TwinBeam,HelpingHand,Thunderbolt|Modest||F|||50|]Kangaskhan||LifeOrb|Scrappy|FakeOut,DoubleEdge,HammerArm,SuckerPunch|Adamant||F|||50|]Abomasnow||Abomasite|SnowWarning|EarthPower,Blizzard,GigaDrain,Substitute|Modest||M|||50|]Camerupt||Cameruptite|MagmaArmor|HeatWave,AncientPower,EarthPower,Protect|Quiet||F|||50|]Kingambit||FocusSash|Defiant|KowtowCleave,SuckerPunch,IronHead,LowKick|Adamant||F|||50|]Basculegion||ChoiceScarf|Adaptability|WaveCrash,LastRespects,AquaJet,FlipTurn|Adamant||M|||50|\n|\n|t:|1788358239\n|teamsize|p1|4\n|teamsize|p2|4\n|start\n|switch|p1a: Swampert|Swampert, L50, F|100/100\n|switch|p1b: Pelipper|Pelipper, L50, M|100/100\n|switch|p2a: Kangaskhan|Kangaskhan, L50, F|100/100\n|switch|p2b: Kingambit|Kingambit, L50, F|100/100\n|-weather|RainDance|[from] ability: Drizzle|[of] p1b: Pelipper\n|turn|1\n|inactive|Battle timer is ON: inactive players will automatically lose when time's up. (requested by kalaluwi)\n|inactive|kalaluwi has 60 seconds left.\n|\n|t:|1788358271\n|detailschange|p1a: Swampert|Swampert-Mega, L50, F\n|-mega|p1a: Swampert|Swampert|Swampertite\n|move|p2a: Kangaskhan|Fake Out|p1b: Pelipper\n|-damage|p1b: Pelipper|65/100\n|-damage|p2a: Kangaskhan|90/100|[from] item: Life Orb\n|move|p1a: Swampert|Earthquake|p2b: Kingambit|[spread] p2a,p2b\n|-immune|p1b: Pelipper\n|-supereffective|p2b: Kingambit|1\n|-damage|p2a: Kangaskhan|43/100\n|-damage|p2b: Kingambit|39/100\n|cant|p1b: Pelipper|flinch\n|move|p2b: Kingambit|Kowtow Cleave|p1b: Pelipper\n|-damage|p1b: Pelipper|2/100\n|\n|-weather|RainDance|[upkeep]\n|upkeep\n|turn|2\n|inactive|kalaluwi has 30 seconds left.\n|\n|t:|1788358299\n|switch|p1b: Sinistcha|Sinistcha-Masterpiece, L50|100/100\n|switch|p2b: Abomasnow|Abomasnow, L50, M|100/100\n|-weather|Snowscape|[from] ability: Snow Warning|[of] p2b: Abomasnow\n|move|p2a: Kangaskhan|Double-Edge|p1b: Sinistcha\n|-damage|p1b: Sinistcha|48/100\n|-damage|p2a: Kangaskhan|28/100|[from] Recoil\n|-damage|p2a: Kangaskhan|18/100|[from] item: Life Orb\n|move|p1a: Swampert|Earthquake|p2a: Kangaskhan|[spread] p1b,p2a,p2b\n|-resisted|p1b: Sinistcha|1\n|-resisted|p2b: Abomasnow|1\n|-damage|p1b: Sinistcha|32/100\n|-damage|p2a: Kangaskhan|0 fnt\n|-damage|p2b: Abomasnow|83/100\n|faint|p2a: Kangaskhan\n|\n|-weather|Snowscape|[upkeep]\n|upkeep\n|\n|t:|1788358323\n|switch|p2a: Basculegion|Basculegion, L50, M|100/100\n|turn|3\n|\n|t:|1788358338\n|switch|p1a: Pelipper|Pelipper, L50, M|2/100\n|-weather|RainDance|[from] ability: Drizzle|[of] p1a: Pelipper\n|move|p2a: Basculegion|Last Respects|p1b: Sinistcha\n|-supereffective|p1b: Sinistcha|1\n|-damage|p1b: Sinistcha|0 fnt\n|faint|p1b: Sinistcha\n|move|p2b: Abomasnow|Earth Power|p1a: Pelipper\n|-immune|p1a: Pelipper\n|\n|-weather|RainDance|[upkeep]\n|upkeep\n|\n|t:|1788358348\n|switch|p1b: Archaludon|Archaludon, L50, F|100/100\n|turn|4\n|inactive|kalaluwi has 30 seconds left.\n|\n|t:|1788358376\n|switch|p2a: Kingambit|Kingambit, L50, F|39/100\n|switch|p1a: Swampert|Swampert-Mega, L50, F|100/100\n|detailschange|p2b: Abomasnow|Abomasnow-Mega, L50, M\n|-mega|p2b: Abomasnow|Abomasnow|Abomasite\n|-weather|Snowscape|[from] ability: Snow Warning|[of] p2b: Abomasnow\n|move|p1b: Archaludon|Flash Cannon|p2b: Abomasnow\n|-supereffective|p2b: Abomasnow|1\n|-damage|p2b: Abomasnow|22/100\n|move|p2b: Abomasnow|Blizzard|p1a: Swampert|[spread] p1a,p1b\n|-damage|p1a: Swampert|64/100\n|-damage|p1b: Archaludon|53/100\n|-ability|p1b: Archaludon|Stamina|boost\n|-boost|p1b: Archaludon|def|1\n|\n|-weather|Snowscape|[upkeep]\n|-heal|p1b: Archaludon|59/100|[from] item: Leftovers\n|upkeep\n|turn|5\n|inactive|Sardinian Angel has 30 seconds left.\n|\n|t:|1788358401\n|switch|p1a: Pelipper|Pelipper, L50, M|2/100\n|-weather|RainDance|[from] ability: Drizzle|[of] p1a: Pelipper\n|move|p2a: Kingambit|Sucker Punch||[still]\n|-fail|p2a: Kingambit\n|move|p1b: Archaludon|Electro Shot||[still]\n|-prepare|p1b: Archaludon|Electro Shot\n|-boost|p1b: Archaludon|spa|1\n|-anim|p1b: Archaludon|Electro Shot|p2b: Abomasnow\n|-resisted|p2b: Abomasnow|1\n|-damage|p2b: Abomasnow|0 fnt\n|faint|p2b: Abomasnow\n|\n|-weather|RainDance|[upkeep]\n|-heal|p1b: Archaludon|65/100|[from] item: Leftovers\n|upkeep\n|\n|t:|1788358416\n|switch|p2b: Basculegion|Basculegion, L50, M|100/100\n|turn|6\n|\n|t:|1788358430\n|move|p2a: Kingambit|Sucker Punch||[still]\n|-fail|p2a: Kingambit\n|move|p2b: Basculegion|Last Respects|p1b: Archaludon\n|-damage|p1b: Archaludon|17/100\n|-ability|p1b: Archaludon|Stamina|boost\n|-boost|p1b: Archaludon|def|1\n|move|p1a: Pelipper|Tailwind|p1a: Pelipper\n|-sidestart|p1: Sardinian Angel|move: Tailwind\n|move|p1b: Archaludon|Electro Shot||[still]\n|-prepare|p1b: Archaludon|Electro Shot\n|-boost|p1b: Archaludon|spa|1\n|-anim|p1b: Archaludon|Electro Shot|p2b: Basculegion\n|-supereffective|p2b: Basculegion|1\n|-damage|p2b: Basculegion|0 fnt\n|faint|p2b: Basculegion\n|\n|-weather|RainDance|[upkeep]\n|-heal|p1b: Archaludon|23/100|[from] item: Leftovers\n|upkeep\n|turn|7\n|\n|t:|1788358440\n|move|p2a: Kingambit|Sucker Punch|p1b: Archaludon\n|-damage|p1b: Archaludon|9/100\n|-ability|p1b: Archaludon|Stamina|boost\n|-boost|p1b: Archaludon|def|1\n|move|p1a: Pelipper|Weather Ball|p2a: Kingambit\n|-damage|p2a: Kingambit|0 fnt\n|faint|p2a: Kingambit\n|\n|win|Sardinian Angel\n|raw|Sardinian Angel's rating: 1316 &rarr; <strong>1337</strong><br />(+21 for winning)\n|raw|kalaluwi's rating: 1327 &rarr; <strong>1306</strong><br />(-21 for losing)\n","uploadtime":1788358440,"views":"4","formatid":"gen9championsvgc2026regmbbo3","rating":1306,"private":0,"password":null}