{"id":"gen9championsvgc2026regmb-2674559555","format":"[Gen 9 Champions] VGC 2026 Reg M-B","players":["oldarbladeborn","chris2222"],"log":"|j|☆oldarbladeborn\n|j|☆chris2222\n|t:|1788373920\n|gametype|doubles\n|player|p1|oldarbladeborn|acetrainer-gen4dp|1374\n|player|p2|chris2222|169|1343\n|gen|9\n|tier|[Gen 9 Champions] VGC 2026 Reg M-B\n|rated|\n|rule|Species Clause: Limit one of each Pokémon\n|rule|Item Clause: Limit 1 of each item\n|clearpoke\n|poke|p1|Froslass, L50, F|\n|poke|p1|Scovillain, L50, M|\n|poke|p1|Lycanroc-Dusk, L50, F|\n|poke|p1|Kingambit, L50, M|\n|poke|p1|Sneasler, L50, F|\n|poke|p1|Basculegion, L50, M|\n|poke|p2|Raichu, L50, M|\n|poke|p2|Archaludon, L50, F|\n|poke|p2|Politoed, L50, F|\n|poke|p2|Arcanine-Hisui, L50, M|\n|poke|p2|Whimsicott, L50, M|\n|poke|p2|Staraptor, L50, F|\n|teampreview|4\n|inactive|Battle timer is ON: inactive players will automatically lose when time's up. (requested by oldarbladeborn)\n|inactive|oldarbladeborn has 60 seconds left.\n|\n|t:|1788373951\n|teamsize|p1|4\n|teamsize|p2|4\n|start\n|switch|p1a: Scovillain|Scovillain, L50, M|100/100\n|switch|p1b: Kingambit|Kingambit, L50, M|100/100\n|switch|p2a: Politoed|Politoed, L50, F|100/100\n|switch|p2b: Archaludon|Archaludon, L50, F|100/100\n|-weather|RainDance|[from] ability: Drizzle|[of] p2a: Politoed\n|turn|1\n|\n|t:|1788373973\n|detailschange|p1a: Scovillain|Scovillain-Mega, L50, M\n|-mega|p1a: Scovillain|Scovillain|Scovillainite\n|move|p1a: Scovillain|Rage Powder|p1a: Scovillain\n|-singleturn|p1a: Scovillain|move: Rage Powder\n|move|p2b: Archaludon|Electro Shot||[still]\n|-prepare|p2b: Archaludon|Electro Shot\n|-boost|p2b: Archaludon|spa|1\n|-anim|p2b: Archaludon|Electro Shot|p1a: Scovillain\n|-resisted|p1a: Scovillain|1\n|-damage|p1a: Scovillain|72/100\n|-status|p2b: Archaludon|brn|[from] ability: Spicy Spray|[of] p1a: Scovillain\n|move|p2a: Politoed|Perish Song|p2a: Politoed\n|-start|p1a: Scovillain|perish3|[silent]\n|-start|p1b: Kingambit|perish3|[silent]\n|-start|p2a: Politoed|perish3|[silent]\n|-start|p2b: Archaludon|perish3|[silent]\n|-fieldactivate|move: Perish Song\n|move|p1b: Kingambit|Swords Dance|p1b: Kingambit\n|-boost|p1b: Kingambit|atk|2\n|\n|-weather|RainDance|[upkeep]\n|-damage|p2b: Archaludon|93/100 brn|[from] brn\n|-start|p2b: Archaludon|perish3\n|-start|p1a: Scovillain|perish3\n|-start|p2a: Politoed|perish3\n|-start|p1b: Kingambit|perish3\n|upkeep\n|turn|2\n|\n|t:|1788373997\n|move|p2b: Archaludon|Protect|p2b: Archaludon\n|-singleturn|p2b: Archaludon|Protect\n|move|p1a: Scovillain|Giga Drain|p2a: Politoed\n|-supereffective|p2a: Politoed|1\n|-damage|p2a: Politoed|45/100\n|-heal|p1a: Scovillain|100/100|[from] drain|[of] p2a: Politoed\n|-enditem|p2a: Politoed|Sitrus Berry|[eat]\n|-heal|p2a: Politoed|70/100|[from] item: Sitrus Berry\n|move|p2a: Politoed|Weather Ball|p1b: Kingambit\n|-damage|p1b: Kingambit|49/100\n|move|p1b: Kingambit|Kowtow Cleave|p2b: Archaludon\n|-activate|p2b: Archaludon|move: Protect\n|\n|-weather|RainDance|[upkeep]\n|-heal|p2b: Archaludon|100/100 brn|[from] item: Leftovers\n|-damage|p2b: Archaludon|93/100 brn|[from] brn\n|-start|p2b: Archaludon|perish2\n|-start|p1a: Scovillain|perish2\n|-start|p2a: Politoed|perish2\n|-start|p1b: Kingambit|perish2\n|upkeep\n|turn|3\n|\n|t:|1788374019\n|switch|p1a: Sneasler|Sneasler, L50, F|100/100\n|switch|p2a: Whimsicott|Whimsicott, L50, M|100/100\n|move|p2b: Archaludon|Dragon Pulse|p1a: Sneasler\n|-damage|p1a: Sneasler|21/100\n|move|p1b: Kingambit|Kowtow Cleave|p2b: Archaludon\n|-damage|p2b: Archaludon|2/100 brn\n|-ability|p2b: Archaludon|Stamina|boost\n|-boost|p2b: Archaludon|def|1\n|\n|-weather|RainDance|[upkeep]\n|-heal|p2b: Archaludon|8/100 brn|[from] item: Leftovers\n|-damage|p2b: Archaludon|2/100 brn|[from] brn\n|-start|p2b: Archaludon|perish1\n|-start|p1b: Kingambit|perish1\n|upkeep\n|turn|4\n|\n|t:|1788374040\n|switch|p1b: Scovillain|Scovillain-Mega, L50, M|100/100\n|move|p1a: Sneasler|Fake Out|p2b: Archaludon\n|-resisted|p2b: Archaludon|1\n|-damage|p2b: Archaludon|0 fnt\n|faint|p2b: Archaludon\n|move|p2a: Whimsicott|Charm|p1a: Sneasler\n|-unboost|p1a: Sneasler|atk|2\n|-enditem|p1a: Sneasler|White Herb\n|-clearnegativeboost|p1a: Sneasler|[silent]\n|\n|-weather|RainDance|[upkeep]\n|upkeep\n|\n|t:|1788374049\n|switch|p2b: Staraptor|Staraptor, L50, F|100/100\n|-ability|p2b: Staraptor|Intimidate|boost\n|-unboost|p1a: Sneasler|atk|1\n|-unboost|p1b: Scovillain|atk|1\n|turn|5\n|inactive|chris2222 has 30 seconds left.\n|\n|t:|1788374079\n|detailschange|p2b: Staraptor|Staraptor-Mega, L50, F\n|-mega|p2b: Staraptor|Staraptor|Staraptite\n|move|p1b: Scovillain|Rage Powder|p1b: Scovillain\n|-singleturn|p1b: Scovillain|move: Rage Powder\n|move|p2a: Whimsicott|Charm|p2b: Staraptor\n|-boost|p2b: Staraptor|atk|2\n|move|p1a: Sneasler|Dire Claw|p2a: Whimsicott\n|-supereffective|p2a: Whimsicott|2\n|-damage|p2a: Whimsicott|0 fnt\n|faint|p2a: Whimsicott\n|move|p2b: Staraptor|Close Combat|p1b: Scovillain\n|-damage|p1b: Scovillain|0 fnt\n|-boost|p2b: Staraptor|def|1\n|-boost|p2b: Staraptor|spd|1\n|-status|p2b: Staraptor|brn|[from] ability: Spicy Spray|[of] p1b: Scovillain\n|faint|p1b: Scovillain\n|\n|-weather|none\n|-damage|p2b: Staraptor|93/100 brn|[from] brn\n|upkeep\n|l|☆chris2222\n|inactive|chris2222 disconnected and has a minute to reconnect!\n|player|p2|\n|\n|t:|1788374098\n|switch|p2a: Politoed|Politoed, L50, F|70/100\n|switch|p1b: Basculegion|Basculegion, L50, M|100/100\n|-weather|RainDance|[from] ability: Drizzle|[of] p2a: Politoed\n|turn|6\n|inactive|oldarbladeborn has 30 seconds left.\n|inactive|chris2222 has 30 seconds left.\n|inactive|oldarbladeborn has 20 seconds left.\n|inactive|chris2222 has 20 seconds left.\n|inactive|chris2222 has 15 seconds left.\n|inactive|chris2222 has 10 seconds left.\n|inactive|oldarbladeborn has 15 seconds left.\n|inactive|chris2222 has 5 seconds left.\n|-message|chris2222 lost due to inactivity.\n|\n|win|oldarbladeborn\n|raw|oldarbladeborn's rating: 1374 &rarr; <strong>1392</strong><br />(+18 for winning)\n|raw|chris2222's rating: 1343 &rarr; <strong>1325</strong><br />(-18 for losing)\n","uploadtime":1788374157,"views":"0","formatid":"gen9championsvgc2026regmb","rating":1325,"private":0,"password":null}