{"id":"gen9championsvgc2026regmb-2674907679","format":"[Gen 9 Champions] VGC 2026 Reg M-B","players":["Thornlace48812","Hoopinexpert"],"log":"|j|☆Thornlace48812\n|j|☆Hoopinexpert\n|t:|1788433781\n|gametype|doubles\n|player|p1|Thornlace48812|102|1218\n|player|p2|Hoopinexpert|266|1181\n|gen|9\n|tier|[Gen 9 Champions] VGC 2026 Reg M-B\n|rated|\n|rule|Species Clause: Limit one of each Pokémon\n|rule|Item Clause: Limit 1 of each item\n|clearpoke\n|poke|p1|Garchomp, L50, F|\n|poke|p1|Charizard, L50, M|\n|poke|p1|Whimsicott, L50, F|\n|poke|p1|Sylveon, L50, F|\n|poke|p1|Kingambit, L50, F|\n|poke|p1|Basculegion, L50, M|\n|poke|p2|Lucario, L50, M|\n|poke|p2|Talonflame, L50, M|\n|poke|p2|Pelipper, L50, M|\n|poke|p2|Swampert, L50, F|\n|poke|p2|Archaludon, L50, F|\n|poke|p2|Basculegion, L50, M|\n|teampreview|4\n|inactive|Battle timer is ON: inactive players will automatically lose when time's up. (requested by Thornlace48812)\nThornlace48812 rejected open team sheets.\n|inactive|Hoopinexpert has 60 seconds left.\n|\n|t:|1788433828\n|teamsize|p1|4\n|teamsize|p2|4\n|start\n|switch|p1a: Charizard|Charizard, L50, M|100/100\n|switch|p1b: Kingambit|Kingambit, L50, F|100/100\n|switch|p2a: Lucario|Lucario, L50, M|100/100\n|switch|p2b: Talonflame|Talonflame, L50, M|100/100\n|turn|1\n|\n|t:|1788433838\n|detailschange|p1a: Charizard|Charizard-Mega-Y, L50, M\n|-mega|p1a: Charizard|Charizard|Charizardite Y\n|-weather|SunnyDay|[from] ability: Drought|[of] p1a: Charizard\n|detailschange|p2a: Lucario|Lucario-Mega, L50, M\n|-mega|p2a: Lucario|Lucario|Lucarionite\n|move|p2b: Talonflame|Tailwind|p2b: Talonflame\n|-sidestart|p2: Hoopinexpert|move: Tailwind\n|move|p2a: Lucario|Stone Edge|p1a: Charizard\n|-supereffective|p1a: Charizard|2\n|-crit|p1a: Charizard\n|-damage|p1a: Charizard|0 fnt\n|faint|p1a: Charizard\n|move|p1b: Kingambit|Kowtow Cleave|p2a: Lucario\n|-resisted|p2a: Lucario|1\n|-damage|p2a: Lucario|55/100\n|\n|-weather|SunnyDay|[upkeep]\n|upkeep\n|\n|t:|1788433838\n|switch|p1a: Whimsicott|Whimsicott, L50, F|100/100\n|turn|2\n|\n|t:|1788433856\n|switch|p2b: Pelipper|Pelipper, L50, M|100/100\n|-weather|RainDance|[from] ability: Drizzle|[of] p2b: Pelipper\n|move|p1a: Whimsicott|Tailwind|p1a: Whimsicott\n|-sidestart|p1: Thornlace48812|move: Tailwind\n|move|p1b: Kingambit|Sucker Punch|p2a: Lucario\n|-resisted|p2a: Lucario|1\n|-damage|p2a: Lucario|23/100\n|move|p2a: Lucario|Close Combat|p1b: Kingambit\n|-supereffective|p1b: Kingambit|2\n|-damage|p1b: Kingambit|0 fnt\n|-unboost|p2a: Lucario|def|1\n|-unboost|p2a: Lucario|spd|1\n|faint|p1b: Kingambit\n|-end|p1b: Kingambit|fallenundefined|[silent]\n|\n|-weather|RainDance|[upkeep]\n|upkeep\n|\n|t:|1788433857\n|switch|p1b: Basculegion|Basculegion, L50, M|100/100\n|turn|3\n|inactive|Hoopinexpert has 30 seconds left.\n|\n|t:|1788433886\n|move|p1a: Whimsicott|Moonblast|p2a: Lucario\n|-damage|p2a: Lucario|0 fnt\n|faint|p2a: Lucario\n|move|p1b: Basculegion|Last Respects|p2b: Pelipper\n|-damage|p2b: Pelipper|0 fnt\n|faint|p2b: Pelipper\n|\n|-weather|RainDance|[upkeep]\n|upkeep\n|\n|t:|1788433893\n|switch|p2a: Basculegion|Basculegion, L50, M|100/100\n|switch|p2b: Talonflame|Talonflame, L50, M|100/100\n|turn|4\n|\n|t:|1788433900\n|move|p2b: Talonflame|Acrobatics|p1a: Whimsicott\n|-supereffective|p1a: Whimsicott|1\n|-enditem|p1a: Whimsicott|Focus Sash\n|-damage|p1a: Whimsicott|1/100\n|move|p1a: Whimsicott|Moonblast|p2a: Basculegion\n|-damage|p2a: Basculegion|56/100\n|move|p2a: Basculegion|Last Respects|p1b: Basculegion\n|-supereffective|p1b: Basculegion|1\n|-damage|p1b: Basculegion|0 fnt\n|faint|p1b: Basculegion\n|\n|-weather|RainDance|[upkeep]\n|-sideend|p2: Hoopinexpert|move: Tailwind\n|upkeep\n|turn|5\n|\n|t:|1788433923\n|move|p1a: Whimsicott|Protect|p1a: Whimsicott\n|-singleturn|p1a: Whimsicott|Protect\n|move|p2b: Talonflame|Acrobatics|p1a: Whimsicott\n|-activate|p1a: Whimsicott|move: Protect\n|move|p2a: Basculegion|Aqua Jet|p1a: Whimsicott\n|-activate|p1a: Whimsicott|move: Protect\n|\n|-weather|RainDance|[upkeep]\n|-sideend|p1: Thornlace48812|move: Tailwind\n|upkeep\n|turn|6\n|\n|t:|1788433928\n|move|p1a: Whimsicott|Protect||[still]\n|-fail|p1a: Whimsicott\n|move|p2b: Talonflame|Acrobatics|p1a: Whimsicott\n|-supereffective|p1a: Whimsicott|1\n|-damage|p1a: Whimsicott|0 fnt\n|faint|p1a: Whimsicott\n|\n|win|Hoopinexpert\n|raw|Thornlace48812's rating: 1213 &rarr; <strong>1186</strong><br />(-27 for losing)\n|raw|Hoopinexpert's rating: 1181 &rarr; <strong>1208</strong><br />(+27 for winning)\n","uploadtime":1788433928,"views":"4","formatid":"gen9championsvgc2026regmb","rating":1186,"private":0,"password":null}