{"id":"gen9championsvgc2026regmb-2674013535","format":"[Gen 9 Champions] VGC 2026 Reg M-B","players":["GarGaming","Yoghurt25"],"log":"|j|☆GarGaming\n|j|☆Yoghurt25\n|t:|1788288220\n|gametype|doubles\n|player|p1|GarGaming|265|1372\n|player|p2|Yoghurt25|2|1389\n|gen|9\n|tier|[Gen 9 Champions] VGC 2026 Reg M-B\n|rated|\n|rule|Species Clause: Limit one of each Pokémon\n|rule|Item Clause: Limit 1 of each item\n|clearpoke\n|poke|p1|Steelix, L50, M|\n|poke|p1|Tyranitar, L50, F|\n|poke|p1|Sneasler, L50, M|\n|poke|p1|Rotom-Wash, L50|\n|poke|p1|Talonflame, L50, F|\n|poke|p1|Sinistcha, L50|\n|poke|p2|Sinistcha, L50|\n|poke|p2|Incineroar, L50, F|\n|poke|p2|Blaziken, L50, M|\n|poke|p2|Ninetales-Alola, L50, F|\n|poke|p2|Mawile, L50, F|\n|poke|p2|Basculegion, L50, M|\n|teampreview|4\n|inactive|Battle timer is ON: inactive players will automatically lose when time's up. (requested by GarGaming)\nYoghurt25 has agreed to open team sheets.\n|inactive|Yoghurt25 has 60 seconds left.\n|\n|t:|1788288257\n|teamsize|p1|4\n|teamsize|p2|4\n|start\n|switch|p1a: Tyranitar|Tyranitar, L50, F|100/100\n|switch|p1b: Talonflame|Talonflame, L50, F|100/100\n|switch|p2a: Blaziken|Blaziken, L50, M|100/100\n|switch|p2b: Incineroar|Incineroar, L50, F|100/100\n|-weather|Sandstorm|[from] ability: Sand Stream|[of] p1a: Tyranitar\n|-ability|p2b: Incineroar|Intimidate|boost\n|-unboost|p1a: Tyranitar|atk|1\n|-unboost|p1b: Talonflame|atk|1\n|turn|1\n|\n|t:|1788288281\n|detailschange|p2a: Blaziken|Blaziken-Mega, L50, M\n|-mega|p2a: Blaziken|Blaziken|Blazikenite\n|move|p2a: Blaziken|Detect|p2a: Blaziken\n|-singleturn|p2a: Blaziken|Protect\n|move|p2b: Incineroar|Fake Out|p1b: Talonflame\n|-damage|p1b: Talonflame|83/100\n|cant|p1b: Talonflame|flinch\n|move|p1a: Tyranitar|Dragon Dance|p1a: Tyranitar\n|-boost|p1a: Tyranitar|atk|1\n|-boost|p1a: Tyranitar|spe|1\n|\n|-weather|Sandstorm|[upkeep]\n|-damage|p1b: Talonflame|77/100|[from] Sandstorm\n|-damage|p2a: Blaziken|94/100|[from] Sandstorm\n|-damage|p2b: Incineroar|94/100|[from] Sandstorm\n|-ability|p2a: Blaziken|Speed Boost|boost\n|-boost|p2a: Blaziken|spe|1\n|upkeep\n|turn|2\n|inactive|Yoghurt25 has 30 seconds left.\n|\n|t:|1788288311\n|switch|p1a: Sinistcha|Sinistcha, L50|100/100\n|-heal|p1b: Talonflame|100/100|[from] ability: Hospitality|[of] p1a: Sinistcha\n|switch|p2b: Sinistcha|Sinistcha, L50|100/100\n|-heal|p2a: Blaziken|100/100|[from] ability: Hospitality|[of] p2b: Sinistcha\n|move|p1b: Talonflame|Brave Bird|p2a: Blaziken\n|-supereffective|p2a: Blaziken|1\n|-damage|p2a: Blaziken|10/100\n|-damage|p1b: Talonflame|68/100|[from] Recoil\n|move|p2a: Blaziken|Rock Slide|p1a: Sinistcha|[spread] p1a,p1b\n|-supereffective|p1b: Talonflame|2\n|-damage|p1a: Sinistcha|80/100\n|-damage|p1b: Talonflame|0 fnt\n|faint|p1b: Talonflame\n|\n|-weather|Sandstorm|[upkeep]\n|-damage|p2a: Blaziken|4/100|[from] Sandstorm\n|-damage|p1a: Sinistcha|74/100|[from] Sandstorm\n|-damage|p2b: Sinistcha|93/100|[from] Sandstorm\n|-ability|p2a: Blaziken|Speed Boost|boost\n|-boost|p2a: Blaziken|spe|1\n|upkeep\n|inactive|GarGaming has 30 seconds left.\n|\n|t:|1788288338\n|switch|p1b: Steelix|Steelix, L50, M|100/100\n|turn|3\n|\n|t:|1788288359\n|move|p1b: Steelix|Protect|p1b: Steelix\n|-singleturn|p1b: Steelix|Protect\n|move|p2a: Blaziken|Close Combat|p1b: Steelix\n|-activate|p1b: Steelix|move: Protect\n|move|p1a: Sinistcha|Matcha Gotcha|p2a: Blaziken|[spread] p2a,p2b\n|-resisted|p2a: Blaziken|1\n|-resisted|p2b: Sinistcha|1\n|-damage|p2a: Blaziken|0 fnt\n|-heal|p1a: Sinistcha|76/100|[from] drain|[of] p2a: Blaziken\n|-damage|p2b: Sinistcha|82/100\n|-heal|p1a: Sinistcha|82/100|[from] drain|[of] p2b: Sinistcha\n|faint|p2a: Blaziken\n|move|p2b: Sinistcha|Matcha Gotcha|p1b: Steelix|[spread] p1a\n|-activate|p1b: Steelix|move: Protect\n|-resisted|p1a: Sinistcha|1\n|-crit|p1a: Sinistcha\n|-damage|p1a: Sinistcha|64/100\n|-heal|p2b: Sinistcha|91/100|[from] drain|[of] p1a: Sinistcha\n|-status|p1a: Sinistcha|brn\n|\n|-weather|Sandstorm|[upkeep]\n|-damage|p1a: Sinistcha|58/100 brn|[from] Sandstorm\n|-damage|p2b: Sinistcha|84/100|[from] Sandstorm\n|-damage|p1a: Sinistcha|52/100 brn|[from] brn\n|upkeep\n|inactive|Yoghurt25 has 30 seconds left.\n|\n|t:|1788288387\n|switch|p2a: Incineroar|Incineroar, L50, F|94/100\n|-ability|p2a: Incineroar|Intimidate|boost\n|-unboost|p1a: Sinistcha|atk|1\n|-unboost|p1b: Steelix|atk|1\n|turn|4\n|\n|t:|1788288412\n|move|p2b: Sinistcha|Matcha Gotcha|p1b: Steelix|[spread] p1a,p1b\n|-resisted|p1a: Sinistcha|1\n|-damage|p1a: Sinistcha|41/100 brn\n|-heal|p2b: Sinistcha|90/100|[from] drain|[of] p1a: Sinistcha\n|-damage|p1b: Steelix|64/100\n|-heal|p2b: Sinistcha|100/100|[from] drain|[of] p1b: Steelix\n|-enditem|p1a: Sinistcha|Sitrus Berry|[eat]\n|-heal|p1a: Sinistcha|65/100 brn|[from] item: Sitrus Berry\n|move|p2a: Incineroar|Flare Blitz|p1b: Steelix\n|-supereffective|p1b: Steelix|1\n|-damage|p1b: Steelix|14/100\n|-damage|p2a: Incineroar|79/100|[from] Recoil\n|move|p1b: Steelix|High Horsepower|p2a: Incineroar\n|-supereffective|p2a: Incineroar|1\n|-damage|p2a: Incineroar|36/100\n|-enditem|p2a: Incineroar|Sitrus Berry|[eat]\n|-heal|p2a: Incineroar|61/100|[from] item: Sitrus Berry\n|move|p1a: Sinistcha|Trick Room|p1a: Sinistcha\n|-fieldstart|move: Trick Room|[of] p1a: Sinistcha\n|\n|-weather|Sandstorm|[upkeep]\n|-damage|p2a: Incineroar|55/100|[from] Sandstorm\n|-damage|p2b: Sinistcha|93/100|[from] Sandstorm\n|-damage|p1a: Sinistcha|59/100 brn|[from] Sandstorm\n|-damage|p1a: Sinistcha|53/100 brn|[from] brn\n|upkeep\n|turn|5\n|inactive|GarGaming has 30 seconds left.\n|inactive|Yoghurt25 has 30 seconds left.\n|inactive|GarGaming has 20 seconds left.\n|inactive|Yoghurt25 has 20 seconds left.\n|inactive|GarGaming has 15 seconds left.\n|\n|t:|1788288452\n|switch|p1a: Tyranitar|Tyranitar, L50, F|100/100\n|detailschange|p1b: Steelix|Steelix-Mega, L50, M\n|-mega|p1b: Steelix|Steelix|Steelixite\n|move|p1b: Steelix|High Horsepower|p2a: Incineroar\n|-supereffective|p2a: Incineroar|1\n|-damage|p2a: Incineroar|0 fnt\n|faint|p2a: Incineroar\n|move|p2b: Sinistcha|Matcha Gotcha|p1b: Steelix|[spread] p1a,p1b\n|-supereffective|p1a: Tyranitar|1\n|-damage|p1a: Tyranitar|66/100\n|-heal|p2b: Sinistcha|100/100|[from] drain|[of] p1a: Tyranitar\n|-damage|p1b: Steelix|0 fnt\n|faint|p1b: Steelix\n|\n|-weather|none\n|upkeep\n|\n|t:|1788288470\n|switch|p1b: Sinistcha|Sinistcha, L50|53/100 brn\n|switch|p2a: Basculegion|Basculegion, L50, M|100/100\n|-heal|p1a: Tyranitar|90/100|[from] ability: Hospitality|[of] p1b: Sinistcha\n|turn|6\n|\n|t:|1788288489\n|move|p1a: Tyranitar|Protect|p1a: Tyranitar\n|-singleturn|p1a: Tyranitar|Protect\n|move|p2b: Sinistcha|Rage Powder|p2b: Sinistcha\n|-singleturn|p2b: Sinistcha|move: Rage Powder\n|move|p1b: Sinistcha|Matcha Gotcha|p2b: Sinistcha|[spread] p2a,p2b\n|-supereffective|p2a: Basculegion|1\n|-resisted|p2b: Sinistcha|1\n|-damage|p2a: Basculegion|48/100\n|-heal|p1b: Sinistcha|82/100 brn|[from] drain|[of] p2a: Basculegion\n|-damage|p2b: Sinistcha|88/100\n|-heal|p1b: Sinistcha|88/100 brn|[from] drain|[of] p2b: Sinistcha\n|-status|p2b: Sinistcha|brn\n|move|p2a: Basculegion|Last Respects|p1b: Sinistcha\n|-supereffective|p1b: Sinistcha|1\n|-damage|p1b: Sinistcha|0 fnt\n|faint|p1b: Sinistcha\n|-damage|p2a: Basculegion|39/100|[from] item: Life Orb\n|\n|-damage|p2b: Sinistcha|82/100 brn|[from] brn\n|upkeep\n|turn|7\n|inactive|GarGaming has 30 seconds left.\n|\n|t:|1788288515\n|move|p2b: Sinistcha|Matcha Gotcha|p1a: Tyranitar\n|-supereffective|p1a: Tyranitar|1\n|-damage|p1a: Tyranitar|25/100\n|-heal|p2b: Sinistcha|100/100 brn|[from] drain|[of] p1a: Tyranitar\n|move|p2a: Basculegion|Wave Crash|p1a: Tyranitar\n|-supereffective|p1a: Tyranitar|1\n|-damage|p1a: Tyranitar|0 fnt\n|faint|p1a: Tyranitar\n|-damage|p2a: Basculegion|31/100|[from] Recoil\n|-damage|p2a: Basculegion|22/100|[from] item: Life Orb\n|\n|win|Yoghurt25\n|raw|GarGaming's rating: 1372 &rarr; <strong>1353</strong><br />(-19 for losing)\n|raw|Yoghurt25's rating: 1389 &rarr; <strong>1408</strong><br />(+19 for winning)\n","uploadtime":1788288527,"views":"0","formatid":"gen9championsvgc2026regmb","rating":1353,"private":0,"password":null}