{"id":"gen9championsvgc2026regmbbo3-2674233922","format":"[Gen 9 Champions] VGC 2026 Reg M-B (Bo3)","players":["HiddenPants200","Elrinvyas"],"log":"|j|☆HiddenPants200\n|j|☆Elrinvyas\n|html|<table width=\"100%\"><tr><td align=\"left\">HiddenPants200</td><td align=\"right\">Elrinvyas</tr><tr><td align=\"left\"><i class=\"fa fa-circle\"></i> <i class=\"fa fa-circle-o\"></i> </td><td align=\"right\"><i class=\"fa fa-circle-o\"></i> <i class=\"fa fa-circle-o\"></i> </tr></table>\n|uhtml|bestof|<h2><strong>Game 2</strong> of <a href=\"/game-bestof3-gen9championsvgc2026regmbbo3-2674232204\">a best-of-3</a></h2>\n|t:|1788320068\n|gametype|doubles\n|player|p1|HiddenPants200|101|\n|player|p2|Elrinvyas|ghetsis|\n|gen|9\n|tier|[Gen 9 Champions] VGC 2026 Reg M-B (Bo3)\n|rule|Species Clause: Limit one of each Pokémon\n|rule|Item Clause: Limit 1 of each item\n|clearpoke\n|poke|p1|Floette-Eternal, L50, F|\n|poke|p1|Garchomp, L50, F, shiny|\n|poke|p1|Rotom-Wash, L50, shiny|\n|poke|p1|Annihilape, L50, F, shiny|\n|poke|p1|Scrafty, L50, F, shiny|\n|poke|p1|Staraptor, L50, F, shiny|\n|poke|p2|Garchomp, L50, F|\n|poke|p2|Kingambit, L50, M, shiny|\n|poke|p2|Aegislash, L50, F, shiny|\n|poke|p2|Gallade, L50, M, shiny|\n|poke|p2|Corviknight, L50, M, shiny|\n|poke|p2|Samurott-Hisui, L50, M|\n|teampreview|4\n|showteam|p1|Floette-Eternal||Floettite|FlowerVeil|LightofRuin,Moonblast,DazzlingGleam,Protect|Timid||F|||50|]Garchomp||LifeOrb|RoughSkin|Earthquake,StompingTantrum,DragonClaw,Protect|Jolly||F|||50|]Rotom-Wash||SitrusBerry|Levitate|HydroPump,Thunderbolt,WillOWisp,Protect|Bold|||||50|]Annihilape||Leftovers|Defiant|RageFist,DrainPunch,BulkUp,Protect|Adamant||F|||50|]Scrafty||ChopleBerry|ShedSkin|FakeOut,KnockOff,DrainPunch,Protect|Adamant||F|||50|]Staraptor||FocusSash|Reckless|BraveBird,CloseCombat,Tailwind,Protect|Jolly||F|||50|\n|showteam|p2|Garchomp||Garchompite|RoughSkin|DragonClaw,Earthquake,Protect,IronHead|Modest||F|||50|]Kingambit||ChopleBerry|Defiant|IronHead,SuckerPunch,SwordsDance,Protect|Adamant||M|||50|]Aegislash||LifeOrb|StanceChange|KingsShield,ShadowBall,FlashCannon,ShadowSneak|Quiet||F|||50|]Gallade||FocusSash|Sharpness|WideGuard,RockTomb,TripleAxel,PsychoCut|Jolly||M|||50|]Corviknight||Leftovers|MirrorArmor|Roost,IronHead,Tailwind,BraveBird|Impish||M|||50|]Samurott-Hisui||ChoiceScarf|Sharpness|SacredSword,AquaCutter,NightSlash,FlipTurn|Adamant||M|||50|\n|j| sd22\n|\n|t:|1788320137\n|teamsize|p1|4\n|teamsize|p2|4\n|start\n|switch|p1a: scrappy|Scrafty, L50, F, shiny|100/100\n|switch|p1b: washer|Rotom-Wash, L50, shiny|100/100\n|switch|p2a: M'Lady Maiden|Garchomp, L50, F|100/100\n|switch|p2b: Million Fold Steel|Aegislash, L50, F, shiny|100/100\n|turn|1\n|\n|t:|1788320172\n|detailschange|p2a: M'Lady Maiden|Garchomp-Mega, L50, F\n|-mega|p2a: M'Lady Maiden|Garchomp|Garchompite\n|move|p1a: scrappy|Fake Out|p2a: M'Lady Maiden\n|-damage|p2a: M'Lady Maiden|89/100\n|cant|p2a: M'Lady Maiden|flinch\n|move|p1b: washer|Will-O-Wisp|p2a: M'Lady Maiden|[miss]\n|-miss|p1b: washer|p2a: M'Lady Maiden\n|-formechange|p2b: Million Fold Steel|Aegislash-Blade|\n|move|p2b: Million Fold Steel|Shadow Ball|p1b: washer\n|-damage|p1b: washer|33/100\n|-unboost|p1b: washer|spd|1\n|-enditem|p1b: washer|Sitrus Berry|[eat]\n|-heal|p1b: washer|57/100|[from] item: Sitrus Berry\n|-damage|p2b: Million Fold Steel|90/100|[from] item: Life Orb\n|\n|upkeep\n|turn|2\n|\n|t:|1788320201\n|move|p2a: M'Lady Maiden|Protect|p2a: M'Lady Maiden\n|-singleturn|p2a: M'Lady Maiden|Protect\n|move|p1b: washer|Protect|p1b: washer\n|-singleturn|p1b: washer|Protect\n|-formechange|p2b: Million Fold Steel|Aegislash|\n|move|p2b: Million Fold Steel|King's Shield|p2b: Million Fold Steel\n|-singleturn|p2b: Million Fold Steel|Protect\n|move|p1a: scrappy|Knock Off|p2b: Million Fold Steel\n|-activate|p2b: Million Fold Steel|move: Protect\n|-unboost|p1a: scrappy|atk|1\n|\n|upkeep\n|turn|3\n|\n|t:|1788320219\n|move|p2a: M'Lady Maiden|Dragon Claw|p1b: washer\n|-damage|p1b: washer|27/100\n|move|p1b: washer|Will-O-Wisp|p2a: M'Lady Maiden\n|-status|p2a: M'Lady Maiden|brn\n|move|p1a: scrappy|Knock Off|p2b: Million Fold Steel\n|-supereffective|p2b: Million Fold Steel|1\n|-damage|p2b: Million Fold Steel|46/100\n|-enditem|p2b: Million Fold Steel|Life Orb|[from] move: Knock Off|[of] p1a: scrappy\n|-formechange|p2b: Million Fold Steel|Aegislash-Blade|\n|move|p2b: Million Fold Steel|Shadow Ball|p1b: washer\n|-damage|p1b: washer|0 fnt\n|faint|p1b: washer\n|\n|-damage|p2a: M'Lady Maiden|82/100 brn|[from] brn\n|upkeep\n|\n|t:|1788320234\n|switch|p1b: m0nkey|Annihilape, L50, F, shiny|100/100\n|turn|4\n|\n|t:|1788320259\n|switch|p2a: Samurai Uchiha|Samurott-Hisui, L50, M|100/100\n|-formechange|p2b: Million Fold Steel|Aegislash|\n|move|p2b: Million Fold Steel|King's Shield|p2b: Million Fold Steel\n|-singleturn|p2b: Million Fold Steel|Protect\n|move|p1b: m0nkey|Bulk Up|p1b: m0nkey\n|-boost|p1b: m0nkey|atk|1\n|-boost|p1b: m0nkey|def|1\n|move|p1a: scrappy|Knock Off|p2b: Million Fold Steel\n|-activate|p2b: Million Fold Steel|move: Protect\n|-unboost|p1a: scrappy|atk|1\n|\n|upkeep\n|turn|5\n|\n|t:|1788320289\n|move|p2a: Samurai Uchiha|Sacred Sword|p1a: scrappy\n|-supereffective|p1a: scrappy|1\n|-enditem|p1a: scrappy|Chople Berry|[eat]\n|-enditem|p1a: scrappy|Chople Berry|[weaken]\n|-damage|p1a: scrappy|59/100\n|move|p1b: m0nkey|Rage Fist|p2b: Million Fold Steel\n|-supereffective|p2b: Million Fold Steel|1\n|-damage|p2b: Million Fold Steel|0 fnt\n|faint|p2b: Million Fold Steel\n|move|p1a: scrappy|Drain Punch|p2a: Samurai Uchiha\n|-supereffective|p2a: Samurai Uchiha|1\n|-damage|p2a: Samurai Uchiha|56/100\n|-heal|p1a: scrappy|80/100|[from] drain|[of] p2a: Samurai Uchiha\n|\n|upkeep\n|\n|t:|1788320315\n|switch|p2b: M'Lady Maiden|Garchomp-Mega, L50, F|82/100 brn\n|turn|6\n|\n|t:|1788320349\n|move|p2a: Samurai Uchiha|Sacred Sword|p1a: scrappy\n|-supereffective|p1a: scrappy|1\n|-damage|p1a: scrappy|0 fnt\n|faint|p1a: scrappy\n|move|p2b: M'Lady Maiden|Earthquake|p1b: m0nkey|[spread] p2a,p1b\n|-damage|p2a: Samurai Uchiha|33/100\n|-damage|p1b: m0nkey|87/100\n|move|p1b: m0nkey|Drain Punch|p2b: M'Lady Maiden\n|-damage|p2b: M'Lady Maiden|32/100 brn\n|-heal|p1b: m0nkey|100/100|[from] drain|[of] p2b: M'Lady Maiden\n|\n|-damage|p2b: M'Lady Maiden|26/100 brn|[from] brn\n|upkeep\n|\n|t:|1788320360\n|switch|p1a: chompy|Garchomp, L50, F, shiny|100/100\n|turn|7\n|\n|t:|1788320396\n|move|p2a: Samurai Uchiha|Sacred Sword|p1a: chompy\n|-damage|p1a: chompy|55/100\n|-damage|p2a: Samurai Uchiha|21/100|[from] ability: Rough Skin|[of] p1a: chompy\n|move|p1a: chompy|Dragon Claw|p2b: M'Lady Maiden\n|-supereffective|p2b: M'Lady Maiden|1\n|-damage|p2b: M'Lady Maiden|0 fnt\n|faint|p2b: M'Lady Maiden\n|-damage|p1a: chompy|45/100|[from] item: Life Orb\n|move|p1b: m0nkey|Drain Punch|p2a: Samurai Uchiha\n|-supereffective|p2a: Samurai Uchiha|1\n|-damage|p2a: Samurai Uchiha|0 fnt\n|faint|p2a: Samurai Uchiha\n|\n|upkeep\n|\n|t:|1788320411\n|switch|p2a: Alpha Leader|Kingambit, L50, M, shiny|100/100\n|turn|8\n|\n|t:|1788320421\n|move|p2a: Alpha Leader|Sucker Punch|p1b: m0nkey\n|-damage|p1b: m0nkey|71/100\n|move|p1a: chompy|Stomping Tantrum|p2a: Alpha Leader\n|-supereffective|p2a: Alpha Leader|1\n|-damage|p2a: Alpha Leader|27/100\n|-damage|p1a: chompy|35/100|[from] item: Life Orb\n|move|p1b: m0nkey|Drain Punch|p2a: Alpha Leader\n|-supereffective|p2a: Alpha Leader|2\n|-enditem|p2a: Alpha Leader|Chople Berry|[eat]\n|-enditem|p2a: Alpha Leader|Chople Berry|[weaken]\n|-damage|p2a: Alpha Leader|0 fnt\n|-heal|p1b: m0nkey|84/100|[from] drain|[of] p2a: Alpha Leader\n|faint|p2a: Alpha Leader\n|\n|win|HiddenPants200\n|l|☆Elrinvyas\n|player|p2|\n","uploadtime":1788320459,"views":"6","formatid":"gen9championsvgc2026regmbbo3","rating":null,"private":0,"password":null}