{"id":"gen9championsvgc2026regmbbo3-2674988346","format":"[Gen 9 Champions] VGC 2026 Reg M-B (Bo3)","players":["jomivgc","adjnorr"],"log":"|j|☆jomivgc\n|j|☆adjnorr\n|html|<table width=\"100%\"><tr><td align=\"left\">jomivgc</td><td align=\"right\">adjnorr</tr><tr><td align=\"left\"><i class=\"fa fa-circle-o\"></i> <i class=\"fa fa-circle-o\"></i> </td><td align=\"right\"><i class=\"fa fa-circle-o\"></i> <i class=\"fa fa-circle-o\"></i> </tr></table>\n|uhtml|bestof|<h2><strong>Game 1</strong> of <a href=\"/game-bestof3-gen9championsvgc2026regmbbo3-2674988345\">a best-of-3</a></h2>\n|t:|1788445760\n|gametype|doubles\n|player|p1|jomivgc|emmet|1313\n|player|p2|adjnorr|101|1456\n|gen|9\n|tier|[Gen 9 Champions] VGC 2026 Reg M-B (Bo3)\n|rated|\n|rule|Species Clause: Limit one of each Pokémon\n|rule|Item Clause: Limit 1 of each item\n|clearpoke\n|poke|p1|Raichu, L50, M|\n|poke|p1|Staraptor, L50, F|\n|poke|p1|Arcanine-Hisui, L50, M, shiny|\n|poke|p1|Farigiraf, L50, M|\n|poke|p1|Sylveon, L50, F|\n|poke|p1|Kingambit, L50, M|\n|poke|p2|Staraptor, L50, F|\n|poke|p2|Delphox, L50, F|\n|poke|p2|Whimsicott, L50, F|\n|poke|p2|Glimmora, L50, F|\n|poke|p2|Garchomp, L50, M|\n|poke|p2|Kingambit, L50, M|\n|teampreview|4\n|showteam|p1|Raichu||RaichuniteY|LightningRod|ZapCannon,FocusBlast,FakeOut,Protect|Timid||M|||50|]Staraptor||Staraptite|Intimidate|CloseCombat,BraveBird,Tailwind,Protect|Jolly||F|||50|]Arcanine-Hisui||FocusSash|RockHead|FlareBlitz,HeadSmash,ExtremeSpeed,Protect|Jolly||M|||50|]Farigiraf||SitrusBerry|ArmorTail|Psychic,HelpingHand,TrickRoom,Protect|Calm||M|||50|]Sylveon||FairyFeather|Pixilate|HyperVoice,QuickAttack,HyperBeam,Detect|Modest||F|||50|]Kingambit||LifeOrb|Defiant|KowtowCleave,SuckerPunch,SwordsDance,Protect|Adamant||M|||50|\n|showteam|p2|Staraptor||Staraptite|Intimidate|BraveBird,CloseCombat,Roost,Protect|Jolly||F|||50|]Delphox||Delphoxite|Blaze|HeatWave,Psychic,Encore,Protect|Timid||F|||50|]Whimsicott||OccaBerry|Prankster|Moonblast,Tailwind,Charm,LightScreen|Timid||F|||50|]Glimmora||FocusSash|ToxicDebris|PowerGem,SludgeBomb,EarthPower,SpikyShield|Timid||F|||50|]Garchomp||LifeOrb|RoughSkin|DragonClaw,Earthquake,RockSlide,Protect|Jolly||M|||50|]Kingambit||ChopleBerry|Defiant|KowtowCleave,IronHead,SuckerPunch,LowKick|Adamant||M|||50|\n|inactive|Battle timer is ON: inactive players will automatically lose when time's up. (requested by jomivgc)\n|inactive|jomivgc has 60 seconds left.\n|\n|t:|1788445797\n|teamsize|p1|4\n|teamsize|p2|4\n|start\n|switch|p1a: Staraptor|Staraptor, L50, F|100/100\n|switch|p1b: Sylveon|Sylveon, L50, F|100/100\n|switch|p2a: Delphox|Delphox, L50, F|100/100\n|switch|p2b: Garchomp|Garchomp, L50, M|100/100\n|-ability|p1a: Staraptor|Intimidate|boost\n|-unboost|p2a: Delphox|atk|1\n|-unboost|p2b: Garchomp|atk|1\n|turn|1\n|\n|t:|1788445814\n|switch|p2b: Glimmora|Glimmora, L50, F|100/100\n|detailschange|p2a: Delphox|Delphox-Mega, L50, F\n|-mega|p2a: Delphox|Delphox|Delphoxite\n|move|p2a: Delphox|Heat Wave|p1b: Sylveon|[spread] p1a,p1b\n|-damage|p1a: Staraptor|36/100\n|-damage|p1b: Sylveon|68/100\n|-status|p1a: Staraptor|brn\n|move|p1a: Staraptor|Tailwind|p1a: Staraptor\n|-sidestart|p1: jomivgc|move: Tailwind\n|move|p1b: Sylveon|Hyper Voice|p2b: Glimmora|[spread] p2a,p2b\n|-resisted|p2a: Delphox|1\n|-resisted|p2b: Glimmora|1\n|-damage|p2a: Delphox|79/100\n|-damage|p2b: Glimmora|67/100\n|\n|-damage|p1a: Staraptor|30/100 brn|[from] brn\n|upkeep\n|turn|2\n|inactive|adjnorr has 30 seconds left.\n|\n|t:|1788445840\n|move|p1b: Sylveon|Detect|p1b: Sylveon\n|-singleturn|p1b: Sylveon|Protect\n|move|p1a: Staraptor|Brave Bird|p2a: Delphox\n|-damage|p2a: Delphox|46/100\n|-damage|p1a: Staraptor|21/100 brn|[from] Recoil\n|move|p2a: Delphox|Heat Wave|p1a: Staraptor|[spread] \n|-activate|p1b: Sylveon|move: Protect\n|-miss|p2a: Delphox|p1a: Staraptor\n|move|p2b: Glimmora|Earth Power|p1b: Sylveon\n|-activate|p1b: Sylveon|move: Protect\n|\n|-damage|p1a: Staraptor|15/100 brn|[from] brn\n|upkeep\n|turn|3\n|\n|t:|1788445859\n|move|p2a: Delphox|Protect|p2a: Delphox\n|-singleturn|p2a: Delphox|Protect\n|move|p1a: Staraptor|Close Combat|p2b: Glimmora\n|-crit|p2b: Glimmora\n|-damage|p2b: Glimmora|34/100\n|-unboost|p1a: Staraptor|def|1\n|-unboost|p1a: Staraptor|spd|1\n|-activate|p2b: Glimmora|ability: Toxic Debris\n|-sidestart|p1: jomivgc|move: Toxic Spikes\n|move|p1b: Sylveon|Hyper Voice|p2a: Delphox|[spread] p2b\n|-activate|p2a: Delphox|move: Protect\n|-resisted|p2b: Glimmora|1\n|-damage|p2b: Glimmora|5/100\n|move|p2b: Glimmora|Earth Power|p1b: Sylveon\n|-damage|p1b: Sylveon|43/100\n|\n|-damage|p1a: Staraptor|9/100 brn|[from] brn\n|upkeep\n|turn|4\n|inactive|adjnorr has 30 seconds left.\n|inactive|adjnorr has 20 seconds left.\n|inactive|adjnorr has 15 seconds left.\n|inactive|adjnorr has 10 seconds left.\n|\n|t:|1788445909\n|switch|p2a: Kingambit|Kingambit, L50, M|100/100\n|move|p2b: Glimmora|Spiky Shield|p2b: Glimmora\n|-singleturn|p2b: Glimmora|move: Protect\n|move|p1a: Staraptor|Brave Bird|p2a: Kingambit\n|-resisted|p2a: Kingambit|1\n|-damage|p2a: Kingambit|89/100\n|-damage|p1a: Staraptor|5/100 brn|[from] Recoil\n|move|p1b: Sylveon|Hyper Voice|p2a: Kingambit|[spread] p2a\n|-activate|p2b: Glimmora|move: Protect\n|-damage|p2a: Kingambit|44/100\n|\n|-damage|p1a: Staraptor|0 fnt|[from] brn\n|faint|p1a: Staraptor\n|-sideend|p1: jomivgc|move: Tailwind\n|upkeep\n|\n|t:|1788445933\n|switch|p1a: Raichu|Raichu, L50, M|100/100\n|-status|p1a: Raichu|psn\n|turn|5\n|\n|t:|1788445941\n|detailschange|p1a: Raichu|Raichu-Mega-Y, L50, M\n|-mega|p1a: Raichu|Raichu|Raichunite Y\n|move|p2a: Kingambit|Sucker Punch|p1a: Raichu\n|-damage|p1a: Raichu|31/100 psn\n|move|p1a: Raichu|Zap Cannon|p2b: Glimmora\n|-damage|p2b: Glimmora|0 fnt\n|faint|p2b: Glimmora\n|move|p1b: Sylveon|Hyper Voice|p2a: Kingambit\n|-damage|p2a: Kingambit|0 fnt\n|faint|p2a: Kingambit\n|\n|-damage|p1a: Raichu|19/100 psn|[from] psn\n|upkeep\n|\n|t:|1788445948\n|switch|p2b: Delphox|Delphox-Mega, L50, F|46/100\n|switch|p2a: Garchomp|Garchomp, L50, M|100/100\n|turn|6\n|\n|t:|1788445969\n|move|p1a: Raichu|Protect|p1a: Raichu\n|-singleturn|p1a: Raichu|Protect\n|move|p2b: Delphox|Heat Wave|p1a: Raichu|[spread] p1b\n|-activate|p1a: Raichu|move: Protect\n|-damage|p1b: Sylveon|12/100\n|move|p2a: Garchomp|Earthquake|p1a: Raichu|[spread] p1b\n|-activate|p1a: Raichu|move: Protect\n|-immune|p2b: Delphox|[from] ability: Levitate\n|-crit|p1b: Sylveon\n|-damage|p1b: Sylveon|0 fnt\n|faint|p1b: Sylveon\n|-damage|p2a: Garchomp|90/100|[from] item: Life Orb\n|\n|-damage|p1a: Raichu|7/100 psn|[from] psn\n|upkeep\n|\n|t:|1788445979\n|switch|p1b: Arcanine|Arcanine-Hisui, L50, M, shiny|100/100\n|-status|p1b: Arcanine|psn\n|turn|7\n|\n|t:|1788446003\n|move|p2b: Delphox|Protect|p2b: Delphox\n|-singleturn|p2b: Delphox|Protect\n|move|p2a: Garchomp|Protect|p2a: Garchomp\n|-singleturn|p2a: Garchomp|Protect\n|move|p1a: Raichu|Focus Blast|p2a: Garchomp\n|-activate|p2a: Garchomp|move: Protect\n|move|p1b: Arcanine|Head Smash|p2b: Delphox\n|-activate|p2b: Delphox|move: Protect\n|\n|-damage|p1a: Raichu|0 fnt|[from] psn\n|faint|p1a: Raichu\n|-damage|p1b: Arcanine|87/100 psn|[from] psn\n|upkeep\n|turn|8\n|-message|jomivgc forfeited.\n|\n|win|adjnorr\n","uploadtime":1788446016,"views":"0","formatid":"gen9championsvgc2026regmbbo3","rating":null,"private":0,"password":null}