{"id":"gen9championsvgc2026regmb-2675021841","format":"[Gen 9 Champions] VGC 2026 Reg M-B","players":["anubis jr.","SpaceEntity"],"log":"|j|☆anubis jr.\n|j|☆SpaceEntity\n|t:|1788449693\n|gametype|doubles\n|player|p1|anubis jr.|266|1411\n|player|p2|SpaceEntity|unknownf|1504\n|gen|9\n|tier|[Gen 9 Champions] VGC 2026 Reg M-B\n|rated|\n|rule|Species Clause: Limit one of each Pokémon\n|rule|Item Clause: Limit 1 of each item\n|clearpoke\n|poke|p1|Malamar, L50, F|\n|poke|p1|Grimmsnarl, L50, M|\n|poke|p1|Sinistcha-Masterpiece, L50|\n|poke|p1|Talonflame, L50, M|\n|poke|p1|Liepard, L50, F|\n|poke|p1|Sableye, L50, F|\n|poke|p2|Tyranitar, L50, F|\n|poke|p2|Raichu, L50, F|\n|poke|p2|Corviknight, L50, M|\n|poke|p2|Excadrill, L50, M|\n|poke|p2|Tsareena, L50, F|\n|poke|p2|Toxapex, L50, M|\n|teampreview|4\nSpaceEntity has agreed to open team sheets.\n|inactive|Battle timer is ON: inactive players will automatically lose when time's up. (requested by SpaceEntity)\n|inactive|anubis jr. has 60 seconds left.\n|\n|t:|1788449772\n|teamsize|p1|4\n|teamsize|p2|4\n|start\n|switch|p1a: Friend Malamar|Malamar, L50, F|100/100\n|switch|p1b: Sableye|Sableye, L50, F|100/100\n|switch|p2a: Tyranitar|Tyranitar, L50, F|100/100\n|switch|p2b: Raichu|Raichu, L50, F|100/100\n|-weather|Sandstorm|[from] ability: Sand Stream|[of] p2a: Tyranitar\n|turn|1\n|\n|t:|1788449788\n|switch|p2a: Tsareena|Tsareena, L50, F|100/100\n|detailschange|p2b: Raichu|Raichu-Mega-Y, L50, F\n|-mega|p2b: Raichu|Raichu|Raichunite Y\n|detailschange|p1a: Friend Malamar|Malamar-Mega, L50, F\n|-mega|p1a: Friend Malamar|Malamar|Malamarite\n|move|p1b: Sableye|Light Screen|p1b: Sableye\n|-sidestart|p1: anubis jr.|move: Light Screen\n|move|p2b: Raichu|Zap Cannon|p1a: Friend Malamar\n|-damage|p1a: Friend Malamar|69/100\n|-status|p1a: Friend Malamar|par\n|move|p1a: Friend Malamar|Superpower|p2a: Tsareena\n|-crit|p2a: Tsareena\n|-damage|p2a: Tsareena|52/100\n|-boost|p1a: Friend Malamar|atk|1\n|-boost|p1a: Friend Malamar|def|1\n|\n|-weather|Sandstorm|[upkeep]\n|-damage|p2b: Raichu|94/100|[from] Sandstorm\n|-damage|p2a: Tsareena|47/100|[from] Sandstorm\n|-damage|p1b: Sableye|94/100|[from] Sandstorm\n|-damage|p1a: Friend Malamar|63/100 par|[from] Sandstorm\n|upkeep\n|turn|2\n|inactive|anubis jr. has 30 seconds left.\n|inactive|anubis jr. has 20 seconds left.\n|\n|t:|1788449824\n|switch|p1b: Malamar's cool|Sinistcha-Masterpiece, L50|100/100\n|-heal|p1a: Friend Malamar|88/100 par|[from] ability: Hospitality|[of] p1b: Malamar's cool\n|move|p2b: Raichu|Zap Cannon|p1a: Friend Malamar\n|-damage|p1a: Friend Malamar|58/100 par\n|move|p2a: Tsareena|Triple Axel|p1b: Malamar's cool\n|-supereffective|p1b: Malamar's cool|1\n|-damage|p1b: Malamar's cool|87/100\n|-supereffective|p1b: Malamar's cool|1\n|-damage|p1b: Malamar's cool|61/100\n|-supereffective|p1b: Malamar's cool|1\n|-damage|p1b: Malamar's cool|28/100\n|-hitcount|p1b: Malamar's cool|3\n|move|p1a: Friend Malamar|Superpower|p2a: Tsareena\n|-damage|p2a: Tsareena|0 fnt\n|-boost|p1a: Friend Malamar|atk|1\n|-boost|p1a: Friend Malamar|def|1\n|faint|p2a: Tsareena\n|\n|-weather|Sandstorm|[upkeep]\n|-damage|p2b: Raichu|88/100|[from] Sandstorm\n|-damage|p1b: Malamar's cool|21/100|[from] Sandstorm\n|-damage|p1a: Friend Malamar|52/100 par|[from] Sandstorm\n|upkeep\n|\n|t:|1788449838\n|switch|p2a: Corviknight|Corviknight, L50, M|100/100\n|turn|3\n|\n|t:|1788449859\n|move|p1a: Friend Malamar|Protect|p1a: Friend Malamar\n|-singleturn|p1a: Friend Malamar|Protect\n|move|p2b: Raichu|Zap Cannon|p1a: Friend Malamar\n|-activate|p1a: Friend Malamar|move: Protect\n|move|p2a: Corviknight|Bulk Up|p2a: Corviknight\n|-boost|p2a: Corviknight|atk|1\n|-boost|p2a: Corviknight|def|1\n|move|p1b: Malamar's cool|Strength Sap|p2a: Corviknight\n|-ability|p2a: Corviknight|Mirror Armor\n|-unboost|p1b: Malamar's cool|atk|1\n|-heal|p1b: Malamar's cool|100/100\n|\n|-weather|Sandstorm|[upkeep]\n|-damage|p2b: Raichu|82/100|[from] Sandstorm\n|-damage|p1b: Malamar's cool|93/100|[from] Sandstorm\n|-damage|p1a: Friend Malamar|46/100 par|[from] Sandstorm\n|upkeep\n|turn|4\n|inactive|anubis jr. has 30 seconds left.\n|\n|t:|1788449891\n|move|p2b: Raichu|Protect|p2b: Raichu\n|-singleturn|p2b: Raichu|Protect\n|move|p1b: Malamar's cool|Rage Powder|p1b: Malamar's cool\n|-singleturn|p1b: Malamar's cool|move: Rage Powder\n|move|p2a: Corviknight|Bulk Up|p2a: Corviknight\n|-boost|p2a: Corviknight|atk|1\n|-boost|p2a: Corviknight|def|1\n|move|p1a: Friend Malamar|Superpower|p2b: Raichu\n|-activate|p2b: Raichu|move: Protect\n|\n|-weather|Sandstorm|[upkeep]\n|-damage|p2b: Raichu|76/100|[from] Sandstorm\n|-damage|p1b: Malamar's cool|87/100|[from] Sandstorm\n|-damage|p1a: Friend Malamar|39/100 par|[from] Sandstorm\n|upkeep\n|turn|5\n|inactive|anubis jr. has 30 seconds left.\n|\n|t:|1788449917\n|switch|p2b: Tyranitar|Tyranitar, L50, F|100/100\n|move|p1b: Malamar's cool|Rage Powder|p1b: Malamar's cool\n|-singleturn|p1b: Malamar's cool|move: Rage Powder\n|move|p2a: Corviknight|Brave Bird|p1b: Malamar's cool\n|-supereffective|p1b: Malamar's cool|1\n|-damage|p1b: Malamar's cool|0 fnt\n|faint|p1b: Malamar's cool\n|-damage|p2a: Corviknight|75/100|[from] Recoil\n|move|p1a: Friend Malamar|Superpower|p2b: Tyranitar\n|-supereffective|p2b: Tyranitar|2\n|-damage|p2b: Tyranitar|0 fnt\n|-boost|p1a: Friend Malamar|atk|1\n|-boost|p1a: Friend Malamar|def|1\n|faint|p2b: Tyranitar\n|\n|-weather|none\n|-heal|p2a: Corviknight|80/100|[from] item: Leftovers\n|upkeep\n|\n|t:|1788449938\n|switch|p2b: Raichu|Raichu-Mega-Y, L50, F|76/100\n|switch|p1b: GOAT Malamar|Talonflame, L50, M|100/100\n|turn|6\n|\n|t:|1788449950\n|move|p1b: GOAT Malamar|Protect|p1b: GOAT Malamar\n|-singleturn|p1b: GOAT Malamar|Protect\n|move|p1a: Friend Malamar|Protect|p1a: Friend Malamar\n|-singleturn|p1a: Friend Malamar|Protect\n|move|p2b: Raichu|Fake Out|p1a: Friend Malamar\n|-activate|p1a: Friend Malamar|move: Protect\n|move|p2a: Corviknight|Brave Bird|p1a: Friend Malamar\n|-activate|p1a: Friend Malamar|move: Protect\n|\n|-heal|p2a: Corviknight|86/100|[from] item: Leftovers\n|upkeep\n|turn|7\n|\n|t:|1788449967\n|move|p1b: GOAT Malamar|Defog|p1a: Friend Malamar\n|-boost|p1a: Friend Malamar|evasion|1\n|-sideend|p1: anubis jr.|move: Light Screen\n|move|p2b: Raichu|Zap Cannon|p1b: GOAT Malamar\n|-supereffective|p1b: GOAT Malamar|1\n|-damage|p1b: GOAT Malamar|0 fnt\n|faint|p1b: GOAT Malamar\n|move|p2a: Corviknight|Brave Bird|p1a: Friend Malamar\n|-damage|p1a: Friend Malamar|9/100 par\n|-damage|p2a: Corviknight|77/100|[from] Recoil\n|move|p1a: Friend Malamar|Superpower|p2b: Raichu\n|-damage|p2b: Raichu|0 fnt\n|-boost|p1a: Friend Malamar|atk|1\n|-boost|p1a: Friend Malamar|def|1\n|faint|p2b: Raichu\n|\n|-heal|p2a: Corviknight|83/100|[from] item: Leftovers\n|upkeep\n|\n|t:|1788449972\n|switch|p1b: Sableye|Sableye, L50, F|94/100\n|turn|8\n|\n|t:|1788449989\n|move|p1b: Sableye|Disable|p2a: Corviknight\n|-start|p2a: Corviknight|Disable|Brave Bird\n|cant|p2a: Corviknight|Disable|Brave Bird\n|move|p1a: Friend Malamar|Superpower|p2a: Corviknight\n|-damage|p2a: Corviknight|50/100g\n|-boost|p1a: Friend Malamar|atk|1\n|-boost|p1a: Friend Malamar|def|1\n|\n|-heal|p2a: Corviknight|56/100|[from] item: Leftovers\n|upkeep\n|turn|9\n|inactive|anubis jr. has 30 seconds left.\n|inactive|anubis jr. has 20 seconds left.\n|inactive|anubis jr. has 15 seconds left.\n|inactive|anubis jr. has 10 seconds left.\n|\n|t:|1788450037\n|move|p1b: Sableye|Will-O-Wisp|p2a: Corviknight|[miss]\n|-miss|p1b: Sableye|p2a: Corviknight\n|move|p2a: Corviknight|Bulk Up|p2a: Corviknight\n|-boost|p2a: Corviknight|atk|1\n|-boost|p2a: Corviknight|def|1\n|move|p1a: Friend Malamar|Superpower|p2a: Corviknight\n|-damage|p2a: Corviknight|21/100\n|-boost|p1a: Friend Malamar|atk|1\n|-boost|p1a: Friend Malamar|def|1\n|\n|-heal|p2a: Corviknight|27/100|[from] item: Leftovers\n|upkeep\n|turn|10\n|\n|t:|1788450056\n|move|p1b: Sableye|Will-O-Wisp|p2a: Corviknight\n|-status|p2a: Corviknight|brn\n|move|p2a: Corviknight|Roost|p2a: Corviknight\n|-heal|p2a: Corviknight|77/100 brn\n|-singleturn|p2a: Corviknight|move: Roost\n|move|p1a: Friend Malamar|Knock Off|p2a: Corviknight\n|-damage|p2a: Corviknight|27/100 brn\n|-enditem|p2a: Corviknight|Leftovers|[from] move: Knock Off|[of] p1a: Friend Malamar\n|\n|-damage|p2a: Corviknight|21/100 brn|[from] brn\n|upkeep\n|turn|11\n|c|☆SpaceEntity|gg probably\n|\n|t:|1788450074\n|move|p1b: Sableye|Light Screen|p1b: Sableye\n|-sidestart|p1: anubis jr.|move: Light Screen\n|move|p2a: Corviknight|Roost|p2a: Corviknight\n|-heal|p2a: Corviknight|72/100 brn\n|-singleturn|p2a: Corviknight|move: Roost\n|move|p1a: Friend Malamar|Superpower|p2a: Corviknight\n|-supereffective|p2a: Corviknight|1\n|-crit|p2a: Corviknight\n|-damage|p2a: Corviknight|0 fnt\n|faint|p2a: Corviknight\n|\n|win|anubis jr.\n|raw|anubis jr.'s rating: 1411 &rarr; <strong>1436</strong><br />(+25 for winning)\n|raw|SpaceEntity's rating: 1504 &rarr; <strong>1479</strong><br />(-25 for losing)\n|l|☆SpaceEntity\n|player|p2|\n","uploadtime":1788450087,"views":"8","formatid":"gen9championsvgc2026regmb","rating":1436,"private":0,"password":null}