{"id":"gen9championsvgc2026regmbbo3-2673661076","format":"[Gen 9 Champions] VGC 2026 Reg M-B (Bo3)","players":["bernardomgj","Junction7"],"log":"|j|☆bernardomgj\n|j|☆Junction7\n|html|<table width=\"100%\"><tr><td align=\"left\">bernardomgj</td><td align=\"right\">Junction7</tr><tr><td align=\"left\"><i class=\"fa fa-circle-o\"></i> <i class=\"fa fa-circle-o\"></i> </td><td align=\"right\"><i class=\"fa fa-circle-o\"></i> <i class=\"fa fa-circle\"></i> </tr></table>\n|uhtml|bestof|<h2><strong>Game 2</strong> of <a href=\"/game-bestof3-gen9championsvgc2026regmbbo3-2673659160\">a best-of-3</a></h2>\n|t:|1788228875\n|gametype|doubles\n|player|p1|bernardomgj|169|1077\n|player|p2|Junction7|drayden|1027\n|gen|9\n|tier|[Gen 9 Champions] VGC 2026 Reg M-B (Bo3)\n|rated|\n|rule|Species Clause: Limit one of each Pokémon\n|rule|Item Clause: Limit 1 of each item\n|clearpoke\n|poke|p1|Garchomp, L50, F|\n|poke|p1|Tyranitar, L50, F|\n|poke|p1|Excadrill, L50, F|\n|poke|p1|Sinistcha, L50|\n|poke|p1|Rotom-Wash, L50|\n|poke|p1|Milotic, L50, M, shiny|\n|poke|p2|Charizard, L50, M, shiny|\n|poke|p2|Venusaur, L50, F, shiny|\n|poke|p2|Sinistcha, L50|\n|poke|p2|Garchomp, L50, F, shiny|\n|poke|p2|Whimsicott, L50, F|\n|poke|p2|Raichu, L50, M, shiny|\n|teampreview|4\n|showteam|p1|Garchomp||Garchompite|SandVeil|EarthPower,PowerGem,DracoMeteor,Protect|Modest||F|||50|]Tyranitar||ChopleBerry|SandStream|RockSlide,LowKick,DragonDance,Protect|Adamant||F|||50|]Excadrill||FocusSash|SandRush|HighHorsepower,IronHead,RockSlide,Protect|Jolly||F|||50|]Sinistcha||ColburBerry|Hospitality|MatchaGotcha,TrickRoom,RagePowder,Protect|Bold|||||50|]Rotom-Wash||SitrusBerry|Levitate|HydroPump,VoltSwitch,WillOWisp,Protect|Modest|||||50|]Milotic||Leftovers|Competitive|Scald,IceBeam,Recover,Protect|Bold||M|||50|\n|showteam|p2|Charizard||CharizarditeY|SolarPower|HeatWave,SolarBeam,ScorchingSands,Protect|Timid||M|||50|]Venusaur||LifeOrb|Chlorophyll|SolarBeam,SludgeBomb,WeatherBall,Synthesis|Modest||F|||50|]Sinistcha||Leftovers|Hospitality|MatchaGotcha,RagePowder,Hex,StrengthSap|Modest|||||50|]Garchomp||ExpertBelt|RoughSkin|SwordsDance,Earthquake,DragonClaw,RockSlide|Adamant||F|||50|]Whimsicott||FocusSash|Prankster|Encore,DazzlingGleam,Tailwind,HelpingHand|Bold||F|||50|]Raichu||RaichuniteY|LightningRod|ZapCannon,AlluringVoice,FocusBlast,Surf|Timid||M|||50|\n|inactive|Battle timer is ON: inactive players will automatically lose when time's up. (requested by Junction7)\n|\n|t:|1788228892\n|teamsize|p1|4\n|teamsize|p2|4\n|start\n|switch|p1a: Rotom|Rotom-Wash, L50|100/100\n|switch|p1b: Tyranitar|Tyranitar, L50, F|100/100\n|switch|p2a: Raichu|Raichu, L50, M, shiny|100/100\n|switch|p2b: Whimsicott|Whimsicott, L50, F|100/100\n|-weather|Sandstorm|[from] ability: Sand Stream|[of] p1b: Tyranitar\n|turn|1\n|\n|t:|1788228911\n|detailschange|p2a: Raichu|Raichu-Mega-Y, L50, M, shiny\n|-mega|p2a: Raichu|Raichu|Raichunite Y\n|move|p2b: Whimsicott|Tailwind|p2b: Whimsicott\n|-sidestart|p2: Junction7|move: Tailwind\n|move|p2a: Raichu|Focus Blast|p1b: Tyranitar\n|-supereffective|p1b: Tyranitar|2\n|-enditem|p1b: Tyranitar|Chople Berry|[eat]\n|-enditem|p1b: Tyranitar|Chople Berry|[weaken]\n|-damage|p1b: Tyranitar|41/100\n|move|p1a: Rotom|Volt Switch|p2b: Whimsicott\n|-resisted|p2b: Whimsicott|1\n|-damage|p2b: Whimsicott|76/100\n|\n|t:|1788228923\n|switch|p1a: Excadrill|Excadrill, L50, F|100/100|[from] Volt Switch\n|move|p1b: Tyranitar|Dragon Dance|p1b: Tyranitar\n|-boost|p1b: Tyranitar|atk|1\n|-boost|p1b: Tyranitar|spe|1\n|\n|-weather|Sandstorm|[upkeep]\n|-damage|p2a: Raichu|94/100|[from] Sandstorm\n|-damage|p2b: Whimsicott|70/100|[from] Sandstorm\n|upkeep\n|turn|2\n|\n|t:|1788228944\n|move|p1b: Tyranitar|Protect|p1b: Tyranitar\n|-singleturn|p1b: Tyranitar|Protect\n|move|p2b: Whimsicott|Encore|p1b: Tyranitar\n|-activate|p1b: Tyranitar|move: Protect\n|move|p2a: Raichu|Focus Blast|p1b: Tyranitar\n|-activate|p1b: Tyranitar|move: Protect\n|move|p1a: Excadrill|High Horsepower|p2a: Raichu\n|-supereffective|p2a: Raichu|1\n|-damage|p2a: Raichu|0 fnt\n|faint|p2a: Raichu\n|\n|-weather|Sandstorm|[upkeep]\n|-damage|p2b: Whimsicott|64/100|[from] Sandstorm\n|upkeep\n|\n|t:|1788228947\n|switch|p2a: Sinistcha|Sinistcha, L50|100/100\n|-heal|p2b: Whimsicott|89/100|[from] ability: Hospitality|[of] p2a: Sinistcha\n|turn|3\n|\n|t:|1788228963\n|move|p1a: Excadrill|Protect|p1a: Excadrill\n|-singleturn|p1a: Excadrill|Protect\n|move|p2b: Whimsicott|Encore|p1b: Tyranitar\n|-hint|Since gen 7, Dark is immune to Prankster moves.\n|-immune|p1b: Tyranitar\n|move|p2a: Sinistcha|Matcha Gotcha|p1b: Tyranitar|[spread] \n|-activate|p1a: Excadrill|move: Protect\n|-miss|p2a: Sinistcha|p1b: Tyranitar\n|move|p1b: Tyranitar|Rock Slide|p2a: Sinistcha|[spread] p2a,p2b\n|-damage|p2a: Sinistcha|53/100\n|-damage|p2b: Whimsicott|46/100\n|\n|-weather|Sandstorm|[upkeep]\n|-damage|p2b: Whimsicott|40/100|[from] Sandstorm\n|-damage|p2a: Sinistcha|47/100|[from] Sandstorm\n|-heal|p2a: Sinistcha|53/100|[from] item: Leftovers\n|upkeep\n|turn|4\n|inactive|bernardomgj has 30 seconds left.\n|\n|t:|1788228990\n|switch|p2b: Garchomp|Garchomp, L50, F, shiny|100/100\n|move|p1b: Tyranitar|Protect|p1b: Tyranitar\n|-singleturn|p1b: Tyranitar|Protect\n|move|p1a: Excadrill|Rock Slide|p2b: Garchomp|[spread] p2a,p2b\n|-resisted|p2b: Garchomp|1\n|-damage|p2a: Sinistcha|36/100\n|-damage|p2b: Garchomp|90/100\n|move|p2a: Sinistcha|Matcha Gotcha|p1b: Tyranitar|[spread] \n|-activate|p1b: Tyranitar|move: Protect\n|-miss|p2a: Sinistcha|p1a: Excadrill\n|\n|-weather|Sandstorm|[upkeep]\n|-damage|p2a: Sinistcha|30/100|[from] Sandstorm\n|-heal|p2a: Sinistcha|36/100|[from] item: Leftovers\n|-sideend|p2: Junction7|move: Tailwind\n|upkeep\n|turn|5\n|\n|t:|1788229010\n|switch|p1b: Rotom|Rotom-Wash, L50|100/100\n|move|p1a: Excadrill|Rock Slide|p2b: Garchomp|[spread] p2a,p2b\n|-resisted|p2b: Garchomp|1\n|-damage|p2a: Sinistcha|18/100\n|-damage|p2b: Garchomp|81/100\n|move|p2b: Garchomp|Swords Dance|p2b: Garchomp\n|-boost|p2b: Garchomp|atk|2\n|move|p2a: Sinistcha|Strength Sap|p1b: Rotom\n|-unboost|p1b: Rotom|atk|1\n|-heal|p2a: Sinistcha|61/100\n|\n|-weather|none\n|-heal|p2a: Sinistcha|67/100|[from] item: Leftovers\n|upkeep\n|turn|6\n|\n|t:|1788229034\n|move|p1a: Excadrill|Protect|p1a: Excadrill\n|-singleturn|p1a: Excadrill|Protect\n|move|p2b: Garchomp|Earthquake|p1b: Rotom|[spread] p2a\n|-activate|p1a: Excadrill|move: Protect\n|-immune|p1b: Rotom|[from] ability: Levitate\n|-resisted|p2a: Sinistcha|1\n|-damage|p2a: Sinistcha|28/100\n|move|p1b: Rotom|Will-O-Wisp|p2b: Garchomp\n|-status|p2b: Garchomp|brn\n|move|p2a: Sinistcha|Strength Sap|p1a: Excadrill\n|-activate|p1a: Excadrill|move: Protect\n|\n|-heal|p2a: Sinistcha|34/100|[from] item: Leftovers\n|-damage|p2b: Garchomp|75/100 brn|[from] brn\n|upkeep\n|turn|7\n|\n|t:|1788229053\n|switch|p1b: Tyranitar|Tyranitar, L50, F|41/100\n|-weather|Sandstorm|[from] ability: Sand Stream|[of] p1b: Tyranitar\n|move|p1a: Excadrill|Rock Slide|p2b: Garchomp|[spread] p2a,p2b\n|-resisted|p2b: Garchomp|1\n|-damage|p2a: Sinistcha|16/100\n|-damage|p2b: Garchomp|64/100 brn\n|move|p2b: Garchomp|Earthquake|p1b: Tyranitar|[spread] p2a,p1a,p1b\n|-resisted|p2a: Sinistcha|1\n|-supereffective|p1a: Excadrill|1\n|-supereffective|p1b: Tyranitar|1\n|-damage|p2a: Sinistcha|0 fnt\n|-enditem|p1a: Excadrill|Focus Sash\n|-damage|p1a: Excadrill|1/100\n|-damage|p1b: Tyranitar|0 fnt\n|faint|p2a: Sinistcha\n|faint|p1b: Tyranitar\n|\n|-weather|Sandstorm|[upkeep]\n|-damage|p2b: Garchomp|58/100 brn|[from] brn\n|upkeep\n|\n|t:|1788229070\n|switch|p2a: Whimsicott|Whimsicott, L50, F|40/100\n|switch|p1b: Garchomp|Garchomp, L50, F|100/100\n|turn|8\n|\n|t:|1788229081\n|detailschange|p1b: Garchomp|Garchomp-Mega, L50, F\n|-mega|p1b: Garchomp|Garchomp|Garchompite\n|move|p1a: Excadrill|Protect|p1a: Excadrill\n|-singleturn|p1a: Excadrill|Protect\n|move|p2a: Whimsicott|Tailwind|p2a: Whimsicott\n|-sidestart|p2: Junction7|move: Tailwind\n|move|p2b: Garchomp|Dragon Claw|p1b: Garchomp\n|-supereffective|p1b: Garchomp|1\n|-damage|p1b: Garchomp|9/100\n|move|p1b: Garchomp|Draco Meteor|p2b: Garchomp\n|-supereffective|p2b: Garchomp|1\n|-damage|p2b: Garchomp|0 fnt\n|-unboost|p1b: Garchomp|spa|2\n|faint|p2b: Garchomp\n|\n|-weather|Sandstorm|[upkeep]\n|-damage|p2a: Whimsicott|34/100|[from] Sandstorm\n|upkeep\n|turn|9\n|\n|t:|1788229098\n|move|p2a: Whimsicott|Dazzling Gleam|p1b: Garchomp|[spread] p1a,p1b\n|-resisted|p1a: Excadrill|1\n|-supereffective|p1b: Garchomp|1\n|-damage|p1a: Excadrill|0 fnt\n|-damage|p1b: Garchomp|0 fnt\n|faint|p1a: Excadrill\n|faint|p1b: Garchomp\n|\n|-weather|Sandstorm|[upkeep]\n|-damage|p2a: Whimsicott|28/100|[from] Sandstorm\n|upkeep\n|\n|t:|1788229107\n|switch|p1b: Rotom|Rotom-Wash, L50|100/100\n|turn|10\n|\n|t:|1788229112\n|move|p2a: Whimsicott|Dazzling Gleam|p1b: Rotom\n|-damage|p1b: Rotom|76/100\n|move|p1b: Rotom|Volt Switch|p2a: Whimsicott\n|-resisted|p2a: Whimsicott|1\n|-crit|p2a: Whimsicott\n|-damage|p2a: Whimsicott|0 fnt\n|faint|p2a: Whimsicott\n|\n|win|bernardomgj\n||Junction7 is ready for game 3.\n|inactive|bernardomgj has 30 seconds to confirm battle start!\n||bernardomgj is ready for game 3.\n|uhtml|next|Next: <a href=\"/battle-gen9championsvgc2026regmbbo3-2673662616\"><strong>Game 3 of 3</strong></a>\n|l|☆Junction7\n|player|p2|\n","uploadtime":1788229120,"views":"0","formatid":"gen9championsvgc2026regmbbo3","rating":null,"private":0,"password":null}