{"id":"gen9championsvgc2026regmbbo3-2674374925","format":"[Gen 9 Champions] VGC 2026 Reg M-B (Bo3)","players":["chawieeee","IBstudios"],"log":"|j|☆chawieeee\n|j|☆IBstudios\n|html|<table width=\"100%\"><tr><td align=\"left\">chawieeee</td><td align=\"right\">IBstudios</tr><tr><td align=\"left\"><i class=\"fa fa-circle\"></i> <i class=\"fa fa-circle-o\"></i> </td><td align=\"right\"><i class=\"fa fa-circle-o\"></i> <i class=\"fa fa-circle-o\"></i> </tr></table>\n|uhtml|bestof|<h2><strong>Game 2</strong> of <a href=\"/game-bestof3-gen9championsvgc2026regmbbo3-2674373574\">a best-of-3</a></h2>\n|t:|1788351227\n|gametype|doubles\n|player|p1|chawieeee|2|1243\n|player|p2|IBstudios|266|1297\n|gen|9\n|tier|[Gen 9 Champions] VGC 2026 Reg M-B (Bo3)\n|rated|\n|rule|Species Clause: Limit one of each Pokémon\n|rule|Item Clause: Limit 1 of each item\n|clearpoke\n|poke|p1|Gyarados, L50, F|\n|poke|p1|Sinistcha, L50|\n|poke|p1|Incineroar, L50, F|\n|poke|p1|Sneasler, L50, F|\n|poke|p1|Gholdengo, L50|\n|poke|p1|Vanilluxe, L50, M|\n|poke|p2|Incineroar, L50, M|\n|poke|p2|Dragonite, L50, M|\n|poke|p2|Metagross, L50|\n|poke|p2|Sneasler, L50, M|\n|poke|p2|Primarina, L50, F|\n|poke|p2|Sinistcha-Masterpiece, L50|\n|teampreview|4\n|showteam|p1|Gyarados||Gyaradosite|Intimidate|Waterfall,Crunch,Protect,DragonDance|Adamant||F|||50|]Sinistcha||SitrusBerry|Hospitality|MatchaGotcha,Protect,RagePowder,TrickRoom|Calm|||||50|]Incineroar||ChopleBerry|Intimidate|FakeOut,FlareBlitz,PartingShot,ThroatChop|Adamant||F|||50|]Sneasler||WhiteHerb|Unburden|FakeOut,CloseCombat,DireClaw,Protect|Jolly||F|||50|]Gholdengo||LifeOrb|GoodasGold|NastyPlot,Protect,MakeItRain,ShadowBall|Modest|||||50|]Vanilluxe||ChoiceScarf|SnowWarning|Blizzard,IceBeam,FreezeDry,IcyWind|Timid||M|||50|\n|showteam|p2|Incineroar||SitrusBerry|Intimidate|FakeOut,FlareBlitz,ThroatChop,PartingShot|Adamant||M|||50|]Dragonite||Dragoninite|Multiscale|DragonPulse,HeatWave,Tailwind,Protect|Modest||M|||50|]Metagross||Metagrossite|ClearBody|PsychicFangs,BulletPunch,BodyPress,Protect|Jolly|||||50|]Sneasler||FocusSash|PoisonTouch|CloseCombat,PoisonJab,FakeOut,Protect|Jolly||M|||50|]Primarina||LifeOrb|LiquidVoice|HyperVoice,Moonblast,CalmMind,Protect|Modest||F|||50|]Sinistcha-Masterpiece||KasibBerry|Hospitality|MatchaGotcha,TrickRoom,RagePowder,Protect|Bold|||||50|\n|inactive|Battle timer is ON: inactive players will automatically lose when time's up. (requested by chawieeee)\n|inactive|IBstudios has 60 seconds left.\n|\n|t:|1788351267\n|teamsize|p1|4\n|teamsize|p2|4\n|start\n|switch|p1a: Sneasler|Sneasler, L50, F|100/100\n|switch|p1b: Gholdengo|Gholdengo, L50|100/100\n|switch|p2a: Dragonite|Dragonite, L50, M|100/100\n|switch|p2b: Sneasler|Sneasler, L50, M|100/100\n|turn|1\n|inactive|IBstudios has 30 seconds left.\n|\n|t:|1788351296\n|switch|p2b: Incineroar|Incineroar, L50, M|100/100\n|-ability|p2b: Incineroar|Intimidate|boost\n|-unboost|p1a: Sneasler|atk|1\n|-unboost|p1b: Gholdengo|atk|1\n|-enditem|p1a: Sneasler|White Herb\n|-clearnegativeboost|p1a: Sneasler|[silent]\n|switch|p1b: Gyarados|Gyarados, L50, F|100/100\n|-ability|p1b: Gyarados|Intimidate|boost\n|-unboost|p2a: Dragonite|atk|1\n|-unboost|p2b: Incineroar|atk|1\n|move|p2a: Dragonite|Protect|p2a: Dragonite\n|-singleturn|p2a: Dragonite|Protect\n|move|p1a: Sneasler|Close Combat|p2b: Incineroar\n|-supereffective|p2b: Incineroar|1\n|-damage|p2b: Incineroar|0 fnt\n|-unboost|p1a: Sneasler|def|1\n|-unboost|p1a: Sneasler|spd|1\n|faint|p2b: Incineroar\n|\n|upkeep\n|\n|t:|1788351303\n|switch|p2b: Sneasler|Sneasler, L50, M|100/100\n|turn|2\n|\n|t:|1788351320\n|detailschange|p2a: Dragonite|Dragonite-Mega, L50, M\n|-mega|p2a: Dragonite|Dragonite|Dragoninite\n|move|p1a: Sneasler|Protect|p1a: Sneasler\n|-singleturn|p1a: Sneasler|Protect\n|move|p2b: Sneasler|Fake Out|p1b: Gyarados\n|-damage|p1b: Gyarados|84/100\n|move|p2a: Dragonite|Tailwind|p2a: Dragonite\n|-sidestart|p2: IBstudios|move: Tailwind\n|cant|p1b: Gyarados|flinch\n|\n|upkeep\n|turn|3\n|\n|t:|1788351339\n|move|p1a: Sneasler|Dire Claw|p2a: Dragonite\n|-damage|p2a: Dragonite|82/100\n|-status|p2a: Dragonite|slp\n|move|p2b: Sneasler|Poison Jab|p1b: Gyarados\n|-damage|p1b: Gyarados|38/100\n|cant|p2a: Dragonite|slp\n|move|p1b: Gyarados|Dragon Dance|p1b: Gyarados\n|-boost|p1b: Gyarados|atk|1\n|-boost|p1b: Gyarados|spe|1\n|\n|upkeep\n|turn|4\n|\n|t:|1788351359\n|move|p1b: Gyarados|Protect|p1b: Gyarados\n|-singleturn|p1b: Gyarados|Protect\n|move|p1a: Sneasler|Dire Claw|p2b: Sneasler\n|-resisted|p2b: Sneasler|1\n|-damage|p2b: Sneasler|64/100\n|move|p2b: Sneasler|Poison Jab|p1b: Gyarados\n|-activate|p1b: Gyarados|move: Protect\n|-curestatus|p2a: Dragonite|slp|[msg]\n|move|p2a: Dragonite|Dragon Pulse|p1a: Sneasler\n|-damage|p1a: Sneasler|0 fnt\n|faint|p1a: Sneasler\n|\n|upkeep\n|\n|t:|1788351377\n|switch|p1a: Vanilluxe|Vanilluxe, L50, M|100/100\n|-weather|Snowscape|[from] ability: Snow Warning|[of] p1a: Vanilluxe\n|turn|5\n|\n|t:|1788351386\n|move|p2b: Sneasler|Close Combat|p1a: Vanilluxe\n|-supereffective|p1a: Vanilluxe|1\n|-damage|p1a: Vanilluxe|0 fnt\n|-unboost|p2b: Sneasler|def|1\n|-unboost|p2b: Sneasler|spd|1\n|faint|p1a: Vanilluxe\n|move|p2a: Dragonite|Dragon Pulse|p1b: Gyarados\n|-damage|p1b: Gyarados|0 fnt\n|faint|p1b: Gyarados\n|\n|-weather|Snowscape|[upkeep]\n|-sideend|p2: IBstudios|move: Tailwind\n|upkeep\n|\n|t:|1788351395\n|switch|p1b: Gholdengo|Gholdengo, L50|100/100\n|turn|6\n|\n|t:|1788351417\n|switch|p2b: Primarina|Primarina, L50, F|100/100\n|move|p2a: Dragonite|Tailwind|p2a: Dragonite\n|-sidestart|p2: IBstudios|move: Tailwind\n|move|p1b: Gholdengo|Shadow Ball|p2a: Dragonite\n|-damage|p2a: Dragonite|32/100\n|-unboost|p2a: Dragonite|spd|1\n|-damage|p1b: Gholdengo|90/100|[from] item: Life Orb\n|\n|-weather|Snowscape|[upkeep]\n|upkeep\n|turn|7\n|\n|t:|1788351433\n|move|p2a: Dragonite|Heat Wave|p1b: Gholdengo\n|-supereffective|p1b: Gholdengo|1\n|-damage|p1b: Gholdengo|17/100\n|move|p2b: Primarina|Hyper Voice|p1b: Gholdengo\n|-damage|p1b: Gholdengo|0 fnt\n|faint|p1b: Gholdengo\n|-damage|p2b: Primarina|90/100|[from] item: Life Orb\n|\n|win|IBstudios\n||chawieeee is ready for game 3.\n|inactive|IBstudios has 30 seconds to confirm battle start!\n||IBstudios is ready for game 3.\n|uhtml|next|Next: <a href=\"/battle-gen9championsvgc2026regmbbo3-2674376299\"><strong>Game 3 of 3</strong></a>\n","uploadtime":1788351891,"views":"5","formatid":"gen9championsvgc2026regmbbo3","rating":null,"private":0,"password":null}