{"id":"gen9championsvgc2026regmbbo3-2674229131","format":"[Gen 9 Champions] VGC 2026 Reg M-B (Bo3)","players":["Spicy Mik3y","sd22"],"log":"|j|☆Spicy Mik3y\n|j|☆sd22\n|html|<table width=\"100%\"><tr><td align=\"left\">Spicy Mik3y</td><td align=\"right\">sd22</tr><tr><td align=\"left\"><i class=\"fa fa-circle-o\"></i> <i class=\"fa fa-circle-o\"></i> </td><td align=\"right\"><i class=\"fa fa-circle-o\"></i> <i class=\"fa fa-circle-o\"></i> </tr></table>\n|uhtml|bestof|<h2><strong>Game 1</strong> of <a href=\"/game-bestof3-gen9championsvgc2026regmbbo3-2674229130\">a best-of-3</a></h2>\n|t:|1788319197\n|gametype|doubles\n|player|p1|Spicy Mik3y|169|\n|player|p2|sd22|101|\n|gen|9\n|tier|[Gen 9 Champions] VGC 2026 Reg M-B (Bo3)\n|rule|Species Clause: Limit one of each Pokémon\n|rule|Item Clause: Limit 1 of each item\n|clearpoke\n|poke|p1|Swampert, L50, F|\n|poke|p1|Incineroar, L50, M|\n|poke|p1|Basculegion, L50, M|\n|poke|p1|Scizor, L50, M|\n|poke|p1|Pelipper, L50, M|\n|poke|p1|Rotom-Mow, L50|\n|poke|p2|Charizard, L50, M|\n|poke|p2|Raichu, L50, M|\n|poke|p2|Whimsicott, L50, F, shiny|\n|poke|p2|Sneasler, L50, M, shiny|\n|poke|p2|Mimikyu, L50, F, shiny|\n|poke|p2|Vaporeon, L50, F, shiny|\n|teampreview|4\n|showteam|p1|Swampert||Swampertite|Torrent|WaveCrash,HighHorsepower,RockSlide,Protect|Adamant||F|||50|]Incineroar||SitrusBerry|Intimidate|FakeOut,FlareBlitz,WillOWisp,PartingShot|Careful||M|||50|]Basculegion||LifeOrb|SwiftSwim|WaveCrash,AquaJet,LastRespects,Protect|Adamant||M|||50|]Scizor||MetalCoat|Technician|BulletPunch,DualWingbeat,Uturn,Protect|Adamant||M|||50|]Pelipper||FocusSash|Drizzle|WeatherBall,WideGuard,Tailwind,Hurricane|Modest||M|||50|]Rotom-Mow||ChoiceScarf|Levitate|Electroweb,VoltSwitch,LeafStorm,Thunderbolt|Timid|||||50|\n|showteam|p2|Charizard||CharizarditeY|Blaze|HeatWave,WeatherBall,SolarBeam,Protect|Timid||M|||50|]Raichu||FocusSash|LightningRod|FakeOut,GrassKnot,Thunderbolt,Protect|Hasty||M|||50|]Whimsicott||MentalHerb|Prankster|Taunt,GigaDrain,Encore,Tailwind|Bold||F|||50|]Sneasler||WhiteHerb|Unburden|FakeOut,CloseCombat,DireClaw,Protect|Adamant||M|||50|]Mimikyu||Leftovers|Disguise|SwordsDance,PlayRough,ShadowSneak,Protect|Jolly||F|||50|]Vaporeon||MysticWater|WaterAbsorb|CalmMind,BatonPass,Scald,Detect|Calm||F|||50|\n|\n|t:|1788319245\n|teamsize|p1|4\n|teamsize|p2|4\n|start\n|switch|p1a: P|Incineroar, L50, M|100/100\n|switch|p1b: R-Mow|Rotom-Mow, L50|100/100\n|switch|p2a: Kunte Kinte|Sneasler, L50, M, shiny|100/100\n|switch|p2b: Bonnie Blue|Whimsicott, L50, F, shiny|100/100\n|-ability|p1a: P|Intimidate|boost\n|-unboost|p2a: Kunte Kinte|atk|1\n|-unboost|p2b: Bonnie Blue|atk|1\n|-enditem|p2a: Kunte Kinte|White Herb\n|-clearnegativeboost|p2a: Kunte Kinte|[silent]\n|turn|1\n|\n|t:|1788319273\n|move|p1a: P|Fake Out|p2b: Bonnie Blue\n|-damage|p2b: Bonnie Blue|90/100\n|cant|p2b: Bonnie Blue|flinch\n|move|p2a: Kunte Kinte|Close Combat|p1a: P\n|-supereffective|p1a: P|1\n|-damage|p1a: P|0 fnt\n|-unboost|p2a: Kunte Kinte|def|1\n|-unboost|p2a: Kunte Kinte|spd|1\n|faint|p1a: P\n|move|p1b: R-Mow|Electroweb|p2a: Kunte Kinte|[spread] p2a,p2b\n|-resisted|p2b: Bonnie Blue|1\n|-damage|p2a: Kunte Kinte|68/100\n|-damage|p2b: Bonnie Blue|80/100\n|-unboost|p2a: Kunte Kinte|spe|1\n|-unboost|p2b: Bonnie Blue|spe|1\n|\n|upkeep\n|\n|t:|1788319287\n|switch|p1a: C|Pelipper, L50, M|100/100\n|-weather|RainDance|[from] ability: Drizzle|[of] p1a: C\n|turn|2\n|\n|t:|1788319321\n|move|p2a: Kunte Kinte|Protect|p2a: Kunte Kinte\n|-singleturn|p2a: Kunte Kinte|Protect\n|move|p2b: Bonnie Blue|Tailwind|p2b: Bonnie Blue\n|-sidestart|p2: sd22|move: Tailwind\n|move|p1b: R-Mow|Electroweb|p2a: Kunte Kinte|[spread] p2b\n|-activate|p2a: Kunte Kinte|move: Protect\n|-resisted|p2b: Bonnie Blue|1\n|-damage|p2b: Bonnie Blue|69/100\n|-unboost|p2b: Bonnie Blue|spe|1\n|move|p1a: C|Hurricane|p2a: Kunte Kinte\n|-activate|p2a: Kunte Kinte|move: Protect\n|\n|-weather|RainDance|[upkeep]\n|upkeep\n|turn|3\n|\n|t:|1788319349\n|move|p2b: Bonnie Blue|Taunt|p1a: C\n|-start|p1a: C|move: Taunt\n|move|p2a: Kunte Kinte|Dire Claw|p1b: R-Mow\n|-supereffective|p1b: R-Mow|1\n|-damage|p1b: R-Mow|0 fnt\n|faint|p1b: R-Mow\n|move|p1a: C|Hurricane|p2a: Kunte Kinte\n|-supereffective|p2a: Kunte Kinte|1\n|-damage|p2a: Kunte Kinte|0 fnt\n|faint|p2a: Kunte Kinte\n|\n|-weather|RainDance|[upkeep]\n|upkeep\n|\n|t:|1788319364\n|switch|p2a: Cheeto|Raichu, L50, M|100/100\n|switch|p1b: S|Swampert, L50, F|100/100\n|turn|4\n|\n|t:|1788319383\n|detailschange|p1b: S|Swampert-Mega, L50, F\n|-mega|p1b: S|Swampert|Swampertite\n|move|p2a: Cheeto|Fake Out|p1b: S\n|-damage|p1b: S|90/100\n|cant|p1b: S|flinch\n|move|p2b: Bonnie Blue|Giga Drain|p1b: S\n|-supereffective|p1b: S|2\n|-damage|p1b: S|2/100\n|-heal|p2b: Bonnie Blue|100/100|[from] drain|[of] p1b: S\n|move|p1a: C|Hurricane|p2b: Bonnie Blue\n|-supereffective|p2b: Bonnie Blue|1\n|-damage|p2b: Bonnie Blue|0 fnt\n|faint|p2b: Bonnie Blue\n|\n|-weather|RainDance|[upkeep]\n|upkeep\n|\n|t:|1788319397\n|switch|p2b: Not A Dragon|Charizard, L50, M|100/100\n|turn|5\n|\n|t:|1788319419\n|detailschange|p2b: Not A Dragon|Charizard-Mega-Y, L50, M\n|-mega|p2b: Not A Dragon|Charizard|Charizardite Y\n|-weather|SunnyDay|[from] ability: Drought|[of] p2b: Not A Dragon\n|move|p1b: S|Protect|p1b: S\n|-singleturn|p1b: S|Protect\n|move|p2a: Cheeto|Thunderbolt|p1a: C\n|-supereffective|p1a: C|2\n|-enditem|p1a: C|Focus Sash\n|-damage|p1a: C|1/100\n|move|p2b: Not A Dragon|Solar Beam||[still]\n|-prepare|p2b: Not A Dragon|Solar Beam\n|-anim|p2b: Not A Dragon|Solar Beam|p1b: S\n|-activate|p1b: S|move: Protect\n|move|p1a: C|Hurricane|p2b: Not A Dragon|[miss]\n|-miss|p1a: C|p2b: Not A Dragon\n|\n|-weather|SunnyDay|[upkeep]\n|-end|p1a: C|move: Taunt\n|-sideend|p2: sd22|move: Tailwind\n|upkeep\n|turn|6\n|\n|t:|1788319447\n|move|p2a: Cheeto|Thunderbolt|p1a: C\n|-supereffective|p1a: C|2\n|-damage|p1a: C|0 fnt\n|faint|p1a: C\n|move|p2b: Not A Dragon|Solar Beam||[still]\n|-prepare|p2b: Not A Dragon|Solar Beam\n|-anim|p2b: Not A Dragon|Solar Beam|p1b: S\n|-supereffective|p1b: S|2\n|-damage|p1b: S|0 fnt\n|faint|p1b: S\n|\n|win|sd22\n||Spicy Mik3y is ready for game 2.\n||sd22 is ready for game 2.\n|uhtml|next|Next: <a href=\"/battle-gen9championsvgc2026regmbbo3-2674230600\"><strong>Game 2 of 3</strong></a>\n|l|☆Spicy Mik3y\n|player|p1|\n","uploadtime":1788319678,"views":"6","formatid":"gen9championsvgc2026regmbbo3","rating":null,"private":0,"password":null}