{"id":"gen9championsvgc2026regmb-2673976952","format":"[Gen 9 Champions] VGC 2026 Reg M-B","players":["Aninlost","HornetXxPvP"],"log":"|j|☆Aninlost\n|j|☆HornetXxPvP\n|t:|1788283992\n|gametype|doubles\n|player|p1|Aninlost|lady-gen4|1140\n|player|p2|HornetXxPvP|bellelba|1219\n|gen|9\n|tier|[Gen 9 Champions] VGC 2026 Reg M-B\n|rated|\n|rule|Species Clause: Limit one of each Pokémon\n|rule|Item Clause: Limit 1 of each item\n|clearpoke\n|poke|p1|Delphox, L50, F|\n|poke|p1|Meowstic, L50, M|\n|poke|p1|Sneasler, L50, M|\n|poke|p1|Meowscarada, L50, F|\n|poke|p1|Lucario, L50, M|\n|poke|p1|Palafin, L50, F|\n|poke|p2|Raichu, L50, F|\n|poke|p2|Sylveon, L50, M, shiny|\n|poke|p2|Staraptor, L50, M, shiny|\n|poke|p2|Farigiraf, L50, F, shiny|\n|poke|p2|Arcanine-Hisui, L50, M|\n|poke|p2|Kingambit, L50, F|\n|teampreview|4\n|inactive|Battle timer is ON: inactive players will automatically lose when time's up. (requested by HornetXxPvP)\n|\n|t:|1788284018\n|teamsize|p1|4\n|teamsize|p2|4\n|start\n|switch|p1a: Sneasler|Sneasler, L50, M|100/100\n|switch|p1b: Palafin|Palafin, L50, F|100/100\n|switch|p2a: Farigiraf|Farigiraf, L50, F, shiny|100/100\n|switch|p2b: Arcanine|Arcanine-Hisui, L50, M|100/100\n|turn|1\n|\n|t:|1788284040\n|switch|p1a: Meowstic|Meowstic, L50, M|100/100\n|move|p2b: Arcanine|Protect|p2b: Arcanine\n|-singleturn|p2b: Arcanine|Protect\n|move|p1b: Palafin|Flip Turn|p2b: Arcanine\n|-activate|p2b: Arcanine|move: Protect\n|move|p2a: Farigiraf|Twin Beam|p1a: Meowstic\n|-resisted|p1a: Meowstic|1\n|-damage|p1a: Meowstic|93/100\n|-resisted|p1a: Meowstic|1\n|-damage|p1a: Meowstic|88/100\n|-hitcount|p1a: Meowstic|2\n|\n|upkeep\n|turn|2\n|\n|t:|1788284054\n|switch|p2b: Kingambit|Kingambit, L50, F|100/100\n|move|p1a: Meowstic|Psychic Terrain|p1a: Meowstic\n|-fieldstart|move: Psychic Terrain\n|move|p1b: Palafin|Flip Turn|p2b: Kingambit\n|-damage|p2b: Kingambit|81/100\n|\n|t:|1788284060\n|detailschange|p1b: Palafin|Palafin-Hero, L50, F\n|switch|p1b: Sneasler|Sneasler, L50, M|100/100|[from] Flip Turn\n|move|p2a: Farigiraf|Trick Room|p2a: Farigiraf\n|-fieldstart|move: Trick Room|[of] p2a: Farigiraf\n|\n|upkeep\n|turn|3\n|\n|t:|1788284067\n|move|p1a: Meowstic|Gravity|p1a: Meowstic\n|-fieldstart|move: Gravity\n|move|p2b: Kingambit|Kowtow Cleave|p1a: Meowstic\n|-supereffective|p1a: Meowstic|1\n|-damage|p1a: Meowstic|0 fnt\n|faint|p1a: Meowstic\n|-damage|p2b: Kingambit|71/100|[from] item: Life Orb\n|move|p2a: Farigiraf|Twin Beam|p1b: Sneasler\n|-supereffective|p1b: Sneasler|2\n|-damage|p1b: Sneasler|1/100\n|-supereffective|p1b: Sneasler|2\n|-damage|p1b: Sneasler|0 fnt\n|faint|p1b: Sneasler\n|-hitcount|p1: Sneasler|2\n|\n|upkeep\n|\n|t:|1788284078\n|switch|p1a: Delphox|Delphox, L50, F|100/100\n|switch|p1b: Palafin|Palafin-Hero, L50, F|100/100\n|-activate|p1b: Palafin|ability: Zero to Hero\n|turn|4\n|\n|t:|1788284089\n|detailschange|p1a: Delphox|Delphox-Mega, L50, F\n|-mega|p1a: Delphox|Delphox|Delphoxite\n|move|p2b: Kingambit|Protect|p2b: Kingambit\n|-singleturn|p2b: Kingambit|Protect\n|move|p2a: Farigiraf|Twin Beam|p1b: Palafin\n|-damage|p1b: Palafin|77/100\n|-damage|p1b: Palafin|57/100\n|-hitcount|p1b: Palafin|2\n|move|p1b: Palafin|Wave Crash|p2b: Kingambit\n|-activate|p2b: Kingambit|move: Protect\n|move|p1a: Delphox|Heat Wave|p2b: Kingambit|[spread] p2a\n|-activate|p2b: Kingambit|move: Protect\n|-damage|p2a: Farigiraf|62/100\n|\n|upkeep\n|turn|5\n|\n|t:|1788284105\n|move|p2b: Kingambit|Kowtow Cleave|p1a: Delphox\n|-supereffective|p1a: Delphox|1\n|-crit|p1a: Delphox\n|-damage|p1a: Delphox|0 fnt\n|faint|p1a: Delphox\n|-damage|p2b: Kingambit|61/100|[from] item: Life Orb\n|move|p1b: Palafin|Wave Crash|p2b: Kingambit\n|-damage|p2b: Kingambit|0 fnt\n|faint|p2b: Kingambit\n|-damage|p1b: Palafin|33/100|[from] Recoil\n|move|p2a: Farigiraf|Trick Room|p2a: Farigiraf\n|-fieldend|move: Trick Room\n|\n|upkeep\n|-message|Aninlost forfeited.\n|\n|win|HornetXxPvP\n|raw|Aninlost's rating: 1140 &rarr; <strong>1121</strong><br />(-19 for losing)\n|raw|HornetXxPvP's rating: 1219 &rarr; <strong>1238</strong><br />(+19 for winning)\n|l|☆Aninlost\n|player|p1|\n","uploadtime":1788284118,"views":"10","formatid":"gen9championsvgc2026regmb","rating":1121,"private":0,"password":null}