{"id":"gen9championsvgc2026regmbbo3-2673641321","format":"[Gen 9 Champions] VGC 2026 Reg M-B (Bo3)","players":["gto4champ","sixivs"],"log":"|j|☆gto4champ\n|j|☆sixivs\n|html|<table width=\"100%\"><tr><td align=\"left\">gto4champ</td><td align=\"right\">sixivs</tr><tr><td align=\"left\"><i class=\"fa fa-circle\"></i> <i class=\"fa fa-circle-o\"></i> </td><td align=\"right\"><i class=\"fa fa-circle-o\"></i> <i class=\"fa fa-circle-o\"></i> </tr></table>\n|uhtml|bestof|<h2><strong>Game 2</strong> of <a href=\"/game-bestof3-gen9championsvgc2026regmbbo3-2673638007\">a best-of-3</a></h2>\n|t:|1788225724\n|gametype|doubles\n|player|p1|gto4champ|2|1186\n|player|p2|sixivs|102|1122\n|gen|9\n|tier|[Gen 9 Champions] VGC 2026 Reg M-B (Bo3)\n|rated|\n|rule|Species Clause: Limit one of each Pokémon\n|rule|Item Clause: Limit 1 of each item\n|clearpoke\n|poke|p1|Floette-Eternal, L50, F|\n|poke|p1|Incineroar, L50, M|\n|poke|p1|Kingambit, L50, F|\n|poke|p1|Dragonite, L50, F|\n|poke|p1|Whimsicott, L50, M|\n|poke|p1|Basculegion, L50, M|\n|poke|p2|Staraptor, L50, F, shiny|\n|poke|p2|Charizard, L50, M, shiny|\n|poke|p2|Gholdengo, L50|\n|poke|p2|Garchomp, L50, M, shiny|\n|poke|p2|Whimsicott, L50, F, shiny|\n|poke|p2|Basculegion, L50, M|\n|teampreview|4\n|showteam|p1|Floette-Eternal||Floettite|FlowerVeil|Moonblast,DazzlingGleam,LightofRuin,Protect|Timid||F|||50|]Incineroar||SitrusBerry|Intimidate|ThroatChop,FakeOut,FlareBlitz,PartingShot|Careful||M|||50|]Kingambit||ChopleBerry|Defiant|KowtowCleave,SuckerPunch,IronHead,LowKick|Adamant||F|||50|]Dragonite||Dragoninite|InnerFocus|DragonPulse,HeatWave,Thunderbolt,Protect|Modest||F|||50|]Whimsicott||FocusSash|Prankster|Moonblast,Tailwind,Encore,Protect|Timid||M|||50|]Basculegion||LifeOrb|Adaptability|WaveCrash,LastRespects,AquaJet,Protect|Adamant||M|||50|\n|showteam|p2|Staraptor||Staraptite|Intimidate|Roost,CloseCombat,BraveBird,Protect|Jolly||F|||50|]Charizard||CharizarditeY|SolarPower|HeatWave,WeatherBall,SolarBeam,Protect|Timid||M|||50|]Gholdengo||LifeOrb|GoodasGold|PowerGem,ShadowBall,MakeItRain,Protect|Modest|||||50|]Garchomp||RoseliBerry|RoughSkin|DragonClaw,StompingTantrum,PoisonJab,RockTomb|Jolly||M|||50|]Whimsicott||FocusSash|Prankster|Moonblast,Tailwind,Tickle,FakeTears|Timid||F|||50|]Basculegion||MysticWater|Adaptability|WaveCrash,LastRespects,AquaJet,Protect|Adamant||M|||50|\n|\n|t:|1788225776\n|teamsize|p1|4\n|teamsize|p2|4\n|start\n|switch|p1a: Kingambit|Kingambit, L50, F|100/100\n|switch|p1b: Dragonite|Dragonite, L50, F|100/100\n|switch|p2a: Staraptor|Staraptor, L50, F, shiny|100/100\n|switch|p2b: Whimsicott|Whimsicott, L50, F, shiny|100/100\n|-ability|p2a: Staraptor|Intimidate|boost\n|-unboost|p1a: Kingambit|atk|1\n|-ability|p1a: Kingambit|Defiant|boost\n|-boost|p1a: Kingambit|atk|2\n|-fail|p1b: Dragonite|unboost|Attack|[from] ability: Inner Focus|[of] p1b: Dragonite\n|turn|1\n|\n|t:|1788225816\n|detailschange|p2a: Staraptor|Staraptor-Mega, L50, F, shiny\n|-mega|p2a: Staraptor|Staraptor|Staraptite\n|detailschange|p1b: Dragonite|Dragonite-Mega, L50, F\n|-mega|p1b: Dragonite|Dragonite|Dragoninite\n|move|p2b: Whimsicott|Fake Tears|p2a: Staraptor\n|-boost|p2a: Staraptor|spd|2\n|move|p2a: Staraptor|Close Combat|p1a: Kingambit\n|-supereffective|p1a: Kingambit|2\n|-enditem|p1a: Kingambit|Chople Berry|[eat]\n|-enditem|p1a: Kingambit|Chople Berry|[weaken]\n|-damage|p1a: Kingambit|0 fnt\n|-boost|p2a: Staraptor|def|1\n|-boost|p2a: Staraptor|spd|1\n|faint|p1a: Kingambit\n|move|p1b: Dragonite|Heat Wave|p2a: Staraptor|[spread] p2a,p2b\n|-supereffective|p2b: Whimsicott|1\n|-damage|p2a: Staraptor|85/100\n|-enditem|p2b: Whimsicott|Focus Sash\n|-damage|p2b: Whimsicott|1/100\n|\n|upkeep\n|\n|t:|1788225837\n|switch|p1a: Whimsicott|Whimsicott, L50, M|100/100\n|turn|2\n|\n|t:|1788225851\n|move|p2b: Whimsicott|Tailwind|p2b: Whimsicott\n|-sidestart|p2: sixivs|move: Tailwind\n|move|p2a: Staraptor|Close Combat|p1b: Dragonite\n|-resisted|p1b: Dragonite|1\n|-damage|p1b: Dragonite|85/100\n|-boost|p2a: Staraptor|def|1\n|-boost|p2a: Staraptor|spd|1\n|move|p1a: Whimsicott|Moonblast|p2a: Staraptor\n|-supereffective|p2a: Staraptor|1\n|-damage|p2a: Staraptor|54/100\n|move|p1b: Dragonite|Heat Wave|p2a: Staraptor|[spread] p2a,p2b\n|-supereffective|p2b: Whimsicott|1\n|-damage|p2a: Staraptor|42/100\n|-damage|p2b: Whimsicott|0 fnt\n|faint|p2b: Whimsicott\n|\n|upkeep\n|\n|t:|1788225875\n|switch|p2b: Gholdengo|Gholdengo, L50|100/100\n|turn|3\n|\n|t:|1788225909\n|move|p1a: Whimsicott|Encore|p2a: Staraptor\n|-start|p2a: Staraptor|Encore\n|move|p2a: Staraptor|Close Combat|p1a: Whimsicott\n|-resisted|p1a: Whimsicott|1\n|-damage|p1a: Whimsicott|54/100\n|-boost|p2a: Staraptor|def|1\n|-boost|p2a: Staraptor|spd|1\n|move|p2b: Gholdengo|Shadow Ball|p1b: Dragonite\n|-damage|p1b: Dragonite|33/100\n|-damage|p2b: Gholdengo|90/100|[from] item: Life Orb\n|move|p1b: Dragonite|Heat Wave|p2b: Gholdengo|[spread] p2a,p2b\n|-supereffective|p2b: Gholdengo|1\n|-damage|p2a: Staraptor|31/100\n|-damage|p2b: Gholdengo|17/100\n|\n|upkeep\n|turn|4\n|\n|t:|1788225942\n|switch|p2a: Garchomp|Garchomp, L50, M, shiny|100/100\n|move|p1a: Whimsicott|Tailwind|p1a: Whimsicott\n|-sidestart|p1: gto4champ|move: Tailwind\n|move|p1b: Dragonite|Heat Wave|p2b: Gholdengo|[spread] p2b\n|-miss|p1b: Dragonite|p2a: Garchomp\n|-supereffective|p2b: Gholdengo|1\n|-damage|p2b: Gholdengo|0 fnt\n|faint|p2b: Gholdengo\n|\n|upkeep\n|\n|t:|1788225957\n|switch|p2b: Staraptor|Staraptor-Mega, L50, F, shiny|31/100\n|turn|5\n|\n|t:|1788225964\n|move|p1a: Whimsicott|Protect|p1a: Whimsicott\n|-singleturn|p1a: Whimsicott|Protect\n|move|p1b: Dragonite|Protect|p1b: Dragonite\n|-singleturn|p1b: Dragonite|Protect\n|move|p2b: Staraptor|Brave Bird|p1a: Whimsicott\n|-activate|p1a: Whimsicott|move: Protect\n|move|p2a: Garchomp|Dragon Claw|p1b: Dragonite\n|-activate|p1b: Dragonite|move: Protect\n|\n|-sideend|p2: sixivs|move: Tailwind\n|upkeep\n|turn|6\n|\n|t:|1788225987\n|move|p1a: Whimsicott|Moonblast|p2a: Garchomp\n|-supereffective|p2a: Garchomp|1\n|-enditem|p2a: Garchomp|Roseli Berry|[eat]\n|-enditem|p2a: Garchomp|Roseli Berry|[weaken]\n|-damage|p2a: Garchomp|59/100\n|move|p1b: Dragonite|Thunderbolt|p2b: Staraptor\n|-supereffective|p2b: Staraptor|1\n|-damage|p2b: Staraptor|0 fnt\n|faint|p2b: Staraptor\n|move|p2a: Garchomp|Dragon Claw|p1b: Dragonite\n|-supereffective|p1b: Dragonite|1\n|-damage|p1b: Dragonite|0 fnt\n|faint|p1b: Dragonite\n|\n|upkeep\n|\n|t:|1788225999\n|switch|p1b: Basculegion|Basculegion, L50, M|100/100\n|turn|7\n|\n|t:|1788226005\n|move|p1a: Whimsicott|Protect|p1a: Whimsicott\n|-singleturn|p1a: Whimsicott|Protect\n|move|p1b: Basculegion|Last Respects|p2a: Garchomp\n|-damage|p2a: Garchomp|0 fnt\n|faint|p2a: Garchomp\n|-damage|p1b: Basculegion|90/100|[from] item: Life Orb\n|\n|win|gto4champ\n|raw|gto4champ's rating: 1186 &rarr; <strong>1206</strong><br />(+20 for winning)\n|raw|sixivs's rating: 1122 &rarr; <strong>1102</strong><br />(-20 for losing)\n","uploadtime":1788226008,"views":"1","formatid":"gen9championsvgc2026regmbbo3","rating":1102,"private":0,"password":null}