{"id":"gen9championsvgc2026regmbbo3-2674637726","format":"[Gen 9 Champions] VGC 2026 Reg M-B (Bo3)","players":["Mashuno","VGCPancakes"],"log":"|j|☆Mashuno\n|j|☆VGCPancakes\n|html|<table width=\"100%\"><tr><td align=\"left\">Mashuno</td><td align=\"right\">VGCPancakes</tr><tr><td align=\"left\"><i class=\"fa fa-circle\"></i> <i class=\"fa fa-circle-o\"></i> </td><td align=\"right\"><i class=\"fa fa-circle-o\"></i> <i class=\"fa fa-circle\"></i> </tr></table>\n|uhtml|bestof|<h2><strong>Game 3</strong> of <a href=\"/game-bestof3-gen9championsvgc2026regmbbo3-2674632092\">a best-of-3</a></h2>\n|t:|1788383426\n|gametype|doubles\n|player|p1|Mashuno|harlequin|1220\n|player|p2|VGCPancakes|266|1288\n|gen|9\n|tier|[Gen 9 Champions] VGC 2026 Reg M-B (Bo3)\n|rated|\n|rule|Species Clause: Limit one of each Pokémon\n|rule|Item Clause: Limit 1 of each item\n|clearpoke\n|poke|p1|Pelipper, L50, M|\n|poke|p1|Archaludon, L50, M|\n|poke|p1|Blastoise, L50, M|\n|poke|p1|Sinistcha, L50|\n|poke|p1|Sableye, L50, M|\n|poke|p1|Sneasler, L50, F|\n|poke|p2|Charizard, L50, M|\n|poke|p2|Sylveon, L50, M|\n|poke|p2|Aerodactyl, L50, M|\n|poke|p2|Incineroar, L50, M|\n|poke|p2|Venusaur, L50, M|\n|poke|p2|Garchomp, L50, F|\n|teampreview|4\n|showteam|p1|Pelipper||FocusSash|Drizzle|WeatherBall,Hurricane,Tailwind,RainDance|Timid||M|||50|]Archaludon||Leftovers|Stamina|Protect,DracoMeteor,FlashCannon,ElectroShot|Modest||M|||50|]Blastoise||Blastoisinite|RainDish|Protect,WaterSpout,DarkPulse,IceBeam|Modest||M|||50|]Sinistcha||SitrusBerry|Hospitality|MatchaGotcha,RagePowder,LifeDew,TrickRoom|Bold|||||50|]Sableye||LightClay|Prankster|FoulPlay,LightScreen,Reflect,RainDance|Impish||M|||50|]Sneasler||WhiteHerb|Unburden|FakeOut,DireClaw,CloseCombat,RockSlide|Jolly||F|||50|\n|showteam|p2|Charizard||CharizarditeY|Blaze|Protect,WeatherBall,HeatWave,DragonPulse|Modest||M|||50|]Sylveon||LifeOrb|Pixilate|Protect,HyperVoice,HyperBeam,WeatherBall|Modest||M|||50|]Aerodactyl||FocusSash|Unnerve|Protect,RockSlide,Tailwind,SunnyDay|Jolly||M|||50|]Incineroar||SitrusBerry|Intimidate|FakeOut,ThroatChop,Taunt,PartingShot|Careful||M|||50|]Venusaur||Leftovers|Chlorophyll|Protect,GigaDrain,SludgeBomb,SleepPowder|Modest||M|||50|]Garchomp||ChoiceScarf|RoughSkin|RockSlide,BreakingSwipe,DragonClaw,StompingTantrum|Adamant||F|||50|\n|inactive|Battle timer is ON: inactive players will automatically lose when time's up. (requested by VGCPancakes)\n|\n|t:|1788383519\n|teamsize|p1|4\n|teamsize|p2|4\n|start\n|switch|p1a: Go! Go! Zeppeli|Sableye, L50, M|100/100\n|switch|p1b: Kocho|Sneasler, L50, F|100/100\n|switch|p2a: Tyberos|Garchomp, L50, F|100/100\n|switch|p2b: Terra|Venusaur, L50, M|100/100\n|turn|1\n|inactive|Mashuno has 30 seconds left.\n|inactive|Mashuno has 20 seconds left.\n|inactive|Mashuno has 15 seconds left.\n|\n|t:|1788383560\n|switch|p1b: Junketsu|Archaludon, L50, M|100/100\n|move|p1a: Go! Go! Zeppeli|Reflect|p1a: Go! Go! Zeppeli\n|-sidestart|p1: Mashuno|Reflect\n|move|p2a: Tyberos|Stomping Tantrum|p1b: Junketsu\n|-supereffective|p1b: Junketsu|1\n|-damage|p1b: Junketsu|57/100\n|-ability|p1b: Junketsu|Stamina|boost\n|-boost|p1b: Junketsu|def|1\n|move|p2b: Terra|Sleep Powder|p1a: Go! Go! Zeppeli\n|-status|p1a: Go! Go! Zeppeli|slp|[from] move: Sleep Powder\n|\n|-heal|p1b: Junketsu|64/100|[from] item: Leftovers\n|upkeep\n|turn|2\n|\n|t:|1788383578\n|switch|p1a: Dai News|Pelipper, L50, M|100/100\n|-weather|RainDance|[from] ability: Drizzle|[of] p1a: Dai News\n|move|p1b: Junketsu|Protect|p1b: Junketsu\n|-singleturn|p1b: Junketsu|Protect\n|move|p2a: Tyberos|Stomping Tantrum|p1b: Junketsu\n|-activate|p1b: Junketsu|move: Protect\n|move|p2b: Terra|Sleep Powder|p1b: Junketsu\n|-activate|p1b: Junketsu|move: Protect\n|\n|-weather|RainDance|[upkeep]\n|-heal|p1b: Junketsu|70/100|[from] item: Leftovers\n|upkeep\n|turn|3\n|inactive|Mashuno has 30 seconds left.\n|c|☆Mashuno|nice nicknames btw\n|inactive|Mashuno has 20 seconds left.\n|inactive|Mashuno has 15 seconds left.\n|\n|t:|1788383622\n|switch|p2a: Ignis|Charizard, L50, M|100/100\n|move|p2b: Terra|Protect|p2b: Terra\n|-singleturn|p2b: Terra|Protect\n|move|p1b: Junketsu|Electro Shot||[still]\n|-prepare|p1b: Junketsu|Electro Shot\n|-boost|p1b: Junketsu|spa|1\n|-anim|p1b: Junketsu|Electro Shot|p2b: Terra\n|-activate|p2b: Terra|move: Protect\n|move|p1a: Dai News|Tailwind|p1a: Dai News\n|-sidestart|p1: Mashuno|move: Tailwind\n|\n|-weather|RainDance|[upkeep]\n|-heal|p1b: Junketsu|76/100|[from] item: Leftovers\n|upkeep\n|turn|4\n|inactive|Mashuno has 30 seconds left.\n|inactive|VGCPancakes has 30 seconds left.\n|inactive|Mashuno has 20 seconds left.\n|inactive|Mashuno has 15 seconds left.\n|\n|t:|1788383667\n|detailschange|p2a: Ignis|Charizard-Mega-Y, L50, M\n|-mega|p2a: Ignis|Charizard|Charizardite Y\n|-weather|SunnyDay|[from] ability: Drought|[of] p2a: Ignis\n|move|p2a: Ignis|Protect|p2a: Ignis\n|-singleturn|p2a: Ignis|Protect\n|move|p1b: Junketsu|Draco Meteor|p2b: Terra\n|-damage|p2b: Terra|7/100\n|-unboost|p1b: Junketsu|spa|2\n|move|p1a: Dai News|Weather Ball|p2b: Terra\n|-supereffective|p2b: Terra|1\n|-crit|p2b: Terra\n|-damage|p2b: Terra|0 fnt\n|faint|p2b: Terra\n|\n|-weather|SunnyDay|[upkeep]\n|-heal|p1b: Junketsu|82/100|[from] item: Leftovers\n|upkeep\n|c|☆VGCPancakes|Thank you\n|\n|t:|1788383680\n|switch|p2b: Dylan|Aerodactyl, L50, M|100/100\n|-ability|p2b: Dylan|Unnerve\n|turn|5\n|\n|t:|1788383697\n|move|p1b: Junketsu|Protect|p1b: Junketsu\n|-singleturn|p1b: Junketsu|Protect\n|move|p1a: Dai News|Rain Dance|p1a: Dai News\n|-weather|RainDance\n|move|p2b: Dylan|Tailwind|p2b: Dylan\n|-sidestart|p2: VGCPancakes|move: Tailwind\n|move|p2a: Ignis|Weather Ball|p1b: Junketsu\n|-activate|p1b: Junketsu|move: Protect\n|\n|-weather|RainDance|[upkeep]\n|-heal|p1b: Junketsu|89/100|[from] item: Leftovers\n|upkeep\n|turn|6\n|c|☆VGCPancakes|I like yours well\n|inactive|Mashuno has 30 seconds left.\n|c|☆Mashuno|ty :D\n|\n|t:|1788383731\n|switch|p1a: Kocho|Sneasler, L50, F|100/100\n|move|p2b: Dylan|Sunny Day|p2b: Dylan\n|-weather|SunnyDay\n|move|p1b: Junketsu|Electro Shot||[still]\n|-prepare|p1b: Junketsu|Electro Shot\n|-boost|p1b: Junketsu|spa|1\n|move|p2a: Ignis|Weather Ball|p1b: Junketsu\n|-damage|p1b: Junketsu|0 fnt\n|faint|p1b: Junketsu\n|\n|-weather|SunnyDay|[upkeep]\n|-sideend|p1: Mashuno|move: Tailwind\n|upkeep\n|\n|t:|1788383746\n|switch|p1b: Dai News|Pelipper, L50, M|100/100\n|-weather|RainDance|[from] ability: Drizzle|[of] p1b: Dai News\n|turn|7\n|\n|t:|1788383760\n|switch|p2a: Tyberos|Garchomp, L50, F|100/100\n|move|p2b: Dylan|Protect|p2b: Dylan\n|-singleturn|p2b: Dylan|Protect\n|move|p1a: Kocho|Fake Out|p2b: Dylan\n|-activate|p2b: Dylan|move: Protect\n|move|p1b: Dai News|Tailwind|p1b: Dai News\n|-sidestart|p1: Mashuno|move: Tailwind\n|\n|-weather|RainDance|[upkeep]\n|upkeep\n|turn|8\n|inactive|Mashuno has 30 seconds left.\n|\n|t:|1788383794\n|switch|p1a: Go! Go! Zeppeli|Sableye, L50, M|100/100 slp\n|move|p2a: Tyberos|Stomping Tantrum|p1a: Go! Go! Zeppeli\n|-damage|p1a: Go! Go! Zeppeli|61/100 slp\n|move|p2b: Dylan|Rock Slide|p1a: Go! Go! Zeppeli|[spread] p1a,p1b\n|-supereffective|p1b: Dai News|1\n|-damage|p1a: Go! Go! Zeppeli|38/100 slp\n|-damage|p1b: Dai News|53/100\n|move|p1b: Dai News|Weather Ball|p2b: Dylan\n|-supereffective|p2b: Dylan|1\n|-enditem|p2b: Dylan|Focus Sash\n|-damage|p2b: Dylan|1/100\n|\n|-weather|RainDance|[upkeep]\n|-sideend|p1: Mashuno|Reflect\n|-sideend|p2: VGCPancakes|move: Tailwind\n|upkeep\n|turn|9\n|inactive|Mashuno has 30 seconds left.\n|inactive|Mashuno has 20 seconds left.\n|inactive|Mashuno has 15 seconds left.\n|inactive|Mashuno has 10 seconds left.\n|\n|t:|1788383841\n|switch|p2b: Ignis|Charizard-Mega-Y, L50, M|100/100\n|-weather|SunnyDay|[from] ability: Drought|[of] p2b: Ignis\n|cant|p1a: Go! Go! Zeppeli|slp\n|move|p1b: Dai News|Weather Ball|p2b: Ignis\n|-resisted|p2b: Ignis|1\n|-damage|p2b: Ignis|79/100\n|move|p2a: Tyberos|Stomping Tantrum|p1a: Go! Go! Zeppeli\n|-damage|p1a: Go! Go! Zeppeli|0 fnt\n|faint|p1a: Go! Go! Zeppeli\n|\n|-weather|SunnyDay|[upkeep]\n|upkeep\n|\n|t:|1788383847\n|switch|p1a: Kocho|Sneasler, L50, F|100/100\n|turn|10\n|\n|t:|1788383861\n|move|p1a: Kocho|Fake Out|p2a: Tyberos\n|-damage|p2a: Tyberos|84/100\n|-damage|p1a: Kocho|87/100|[from] ability: Rough Skin|[of] p2a: Tyberos\n|move|p1b: Dai News|Rain Dance|p1b: Dai News\n|-weather|RainDance\n|cant|p2a: Tyberos|flinch\n|move|p2b: Ignis|Dragon Pulse|p1b: Dai News\n|-crit|p1b: Dai News\n|-damage|p1b: Dai News|0 fnt\n|faint|p1b: Dai News\n|\n|-weather|RainDance|[upkeep]\n|-sideend|p1: Mashuno|move: Tailwind\n|upkeep\n|turn|11\n|c|☆VGCPancakes|Ggs\n|c|☆Mashuno|ggs\n|c|☆Mashuno|that was a fun set\n|inactive|Mashuno has 30 seconds left.\n|-message|Mashuno forfeited.\n|\n|win|VGCPancakes\n|raw|Mashuno's rating: 1220 &rarr; <strong>1200</strong><br />(-20 for losing)\n|raw|VGCPancakes's rating: 1288 &rarr; <strong>1308</strong><br />(+20 for winning)\n|c|☆VGCPancakes|Very back and forth\n|c|☆Mashuno|yeah, it was awesome :D\n","uploadtime":1788383921,"views":"4","formatid":"gen9championsvgc2026regmbbo3","rating":1200,"private":0,"password":null}