{"id":"gen9championsvgc2026regmb-2674741234","format":"[Gen 9 Champions] VGC 2026 Reg M-B","players":["rocci","shabam44"],"log":"|j|☆rocci\n|j|☆shabam44\n|html|<table width=\"100%\"><tr><td align=\"left\">rocci</td><td align=\"right\">shabam44</tr><tr><td align=\"left\"><i class=\"fa fa-circle\"></i> <i class=\"fa fa-circle-o\"></i> </td><td align=\"right\"><i class=\"fa fa-circle-o\"></i> <i class=\"fa fa-circle-o\"></i> </tr></table>\n|uhtml|bestof|<h2><strong>Game 2</strong> of <a href=\"/game-bestof3-gen9championsvgc2026regmb-2674738703\">a best-of-3</a></h2>\n|t:|1788398947\n|gametype|doubles\n|player|p1|rocci|beauty-gen4dp|\n|player|p2|shabam44|169|\n|gen|9\n|tier|[Gen 9 Champions] VGC 2026 Reg M-B\n|rule|Species Clause: Limit one of each Pokémon\n|rule|Item Clause: Limit 1 of each item\n|raw|<div class=\"infobox\"><details class=\"readmore\" open><summary><strong>1 custom rule:</strong></summary> Best of = 3</details></div>\n|clearpoke\n|poke|p1|Pelipper, L50, F|\n|poke|p1|Victreebel, L50, M|\n|poke|p1|Zoroark, L50, M|\n|poke|p1|Slowbro, L50, F|\n|poke|p1|Sableye, L50, F|\n|poke|p1|Vivillon, L50, F|\n|poke|p2|Overqwil, L50, F|\n|poke|p2|Feraligatr, L50, F|\n|poke|p2|Sinistcha, L50|\n|poke|p2|Kingambit, L50, F|\n|poke|p2|Delphox, L50, F|\n|poke|p2|Rotom-Wash, L50|\n|teampreview|4\n|\n|t:|1788399027\n|teamsize|p1|4\n|teamsize|p2|4\n|start\n|switch|p1a: Sableye|Sableye, L50, F|100/100\n|switch|p1b: Slowbro|Slowbro, L50, F|100/100\n|switch|p2a: SharkTale|Rotom-Wash, L50|100/100\n|switch|p2b: Feraligatr|Feraligatr, L50, F|100/100\n|turn|1\n|\n|t:|1788399080\n|switch|p1b: Sableye|Sableye, L50, F|100/100\n|detailschange|p2b: Feraligatr|Feraligatr-Mega, L50, F\n|-mega|p2b: Feraligatr|Feraligatr|Feraligite\n|move|p1a: Sableye|Knock Off|p2a: SharkTale\n|-damage|p2a: SharkTale|38/100\n|-enditem|p2a: SharkTale|Sitrus Berry|[from] move: Knock Off|[of] p1a: Sableye\n|-damage|p1a: Sableye|90/100|[from] item: Life Orb\n|move|p2b: Feraligatr|Dragon Dance|p2b: Feraligatr\n|-boost|p2b: Feraligatr|atk|1\n|-boost|p2b: Feraligatr|spe|1\n|move|p2a: SharkTale|Volt Switch|p1b: Sableye\n|-damage|p1b: Sableye|70/100\n|\n|t:|1788399172\n|switch|p2a: LickDaBowl|Sinistcha, L50|100/100|[from] Volt Switch\n|\n|upkeep\n|turn|2\n|\n|t:|1788399190\n|move|p1b: Sableye|Fake Out|p2b: Feraligatr\n|-damage|p2b: Feraligatr|93/100\n|cant|p2b: Feraligatr|flinch\n|move|p1a: Sableye|Knock Off|p2a: LickDaBowl\n|-supereffective|p2a: LickDaBowl|1\n|-damage|p2a: LickDaBowl|0 fnt\n|-enditem|p2a: LickDaBowl|Leftovers|[from] move: Knock Off|[of] p1a: Sableye\n|faint|p2a: LickDaBowl\n|-damage|p1a: Sableye|80/100|[from] item: Life Orb\n|\n|upkeep\n|\n|t:|1788399197\n|switch|p2a: SharkTale|Rotom-Wash, L50|38/100\n|turn|3\n|\n|t:|1788399205\n|move|p1a: Sableye|Sucker Punch|p2a: SharkTale\n|-damage|p2a: SharkTale|0 fnt\n|faint|p2a: SharkTale\n|-damage|p1a: Sableye|71/100|[from] item: Life Orb\n|move|p1b: Sableye|Encore|p2b: Feraligatr\n|-start|p2b: Feraligatr|Encore\n|move|p2b: Feraligatr|Dragon Dance|p2b: Feraligatr\n|-boost|p2b: Feraligatr|atk|1\n|-boost|p2b: Feraligatr|spe|1\n|\n|upkeep\n|c|☆rocci|prankster encore is cancer\n|c|☆shabam44|rip\n|\n|t:|1788399289\n|switch|p2a: GomenGomen|Kingambit, L50, F|100/100\n|turn|4\n|\n|t:|1788399307\n|move|p1a: Sableye|Protect|p1a: Sableye\n|-singleturn|p1a: Sableye|Protect\n|move|p2b: Feraligatr|Dragon Dance|p2b: Feraligatr\n|-boost|p2b: Feraligatr|atk|1\n|-boost|p2b: Feraligatr|spe|1\n|move|p2a: GomenGomen|Iron Head|p1a: Sableye\n|-activate|p1a: Sableye|move: Protect\n|move|p1b: Sableye|Brick Break|p2a: GomenGomen\n|-supereffective|p2a: GomenGomen|2\n|-damage|p2a: GomenGomen|47/100\n|\n|upkeep\n|turn|5\n|\n|t:|1788399328\n|move|p2b: Feraligatr|Dragon Dance|p2b: Feraligatr\n|-boost|p2b: Feraligatr|atk|1\n|-boost|p2b: Feraligatr|spe|1\n|move|p1a: Sableye|Low Kick|p2a: GomenGomen\n|-supereffective|p2a: GomenGomen|2\n|-damage|p2a: GomenGomen|0 fnt\n|faint|p2a: GomenGomen\n|-damage|p1a: Sableye|61/100|[from] item: Life Orb\n|move|p1b: Sableye|Brick Break|p2b: Feraligatr\n|-damage|p2b: Feraligatr|77/100\n|\n|-end|p2b: Feraligatr|Encore\n|upkeep\n|turn|6\n|c|☆shabam44|ggs\n|\n|t:|1788399343\n|move|p1b: Sableye|Encore|p2b: Feraligatr\n|-start|p2b: Feraligatr|Encore\n|move|p2b: Feraligatr|Dragon Dance|p2b: Feraligatr\n|-boost|p2b: Feraligatr|atk|1\n|-boost|p2b: Feraligatr|spe|1\n|move|p1a: Sableye|Low Kick|p2b: Feraligatr\n|-damage|p2b: Feraligatr|36/100\n|-damage|p1a: Sableye|51/100|[from] item: Life Orb\n|\n|upkeep\n|turn|7\n|c|☆rocci|ggs\n|\n|t:|1788399354\n|move|p2b: Feraligatr|Dragon Dance|p2b: Feraligatr\n|-boost|p2b: Feraligatr|atk|1\n|-boost|p2b: Feraligatr|spe|1\n|move|p1a: Sableye|Low Kick|p2b: Feraligatr\n|-crit|p2b: Feraligatr\n|-damage|p2b: Feraligatr|0 fnt\n|faint|p2b: Feraligatr\n|-damage|p1a: Sableye|42/100|[from] item: Life Orb\n|\n|win|rocci\n|c|☆shabam44|i was in a leagye game but didnt wanna make u wait more haha\n|c|☆shabam44|mb on the delay\n|c|☆rocci|no worries at all\n|l|☆shabam44\n|player|p2|\n|c|☆rocci|i like the time to think, so we good\n|l|☆rocci\n|player|p1|\n|j|☆rocci\n|player|p1|rocci|beauty-gen4dp|\n","uploadtime":1788399357,"views":"24","formatid":"gen9championsvgc2026regmb","rating":null,"private":0,"password":null}