{"id":"gen9championsvgc2026regmbbo3-2674890374","format":"[Gen 9 Champions] VGC 2026 Reg M-B (Bo3)","players":["bl4ckdri","DINOLONK"],"log":"|j|☆bl4ckdri\n|j|☆DINOLONK\n|html|<table width=\"100%\"><tr><td align=\"left\">bl4ckdri</td><td align=\"right\">DINOLONK</tr><tr><td align=\"left\"><i class=\"fa fa-circle\"></i> <i class=\"fa fa-circle-o\"></i> </td><td align=\"right\"><i class=\"fa fa-circle-o\"></i> <i class=\"fa fa-circle\"></i> </tr></table>\n|uhtml|bestof|<h2><strong>Game 3</strong> of <a href=\"/game-bestof3-gen9championsvgc2026regmbbo3-2674888283\">a best-of-3</a></h2>\n|t:|1788430154\n|gametype|doubles\n|player|p1|bl4ckdri|2|1367\n|player|p2|DINOLONK|parasollady-gen4|1471\n|gen|9\n|tier|[Gen 9 Champions] VGC 2026 Reg M-B (Bo3)\n|rated|\n|rule|Species Clause: Limit one of each Pokémon\n|rule|Item Clause: Limit 1 of each item\n|clearpoke\n|poke|p1|Charizard, L50, M|\n|poke|p1|Garchomp, L50, M|\n|poke|p1|Toxapex, L50, F|\n|poke|p1|Venusaur, L50, M|\n|poke|p1|Sylveon, L50, M|\n|poke|p1|Incineroar, L50, F|\n|poke|p2|Dragonite, L50, M|\n|poke|p2|Sneasler, L50, M|\n|poke|p2|Kingambit, L50, F|\n|poke|p2|Basculegion, L50, M|\n|poke|p2|Whimsicott, L50, M|\n|poke|p2|Floette-Eternal, L50, F|\n|teampreview|4\n|showteam|p1|Charizard||CharizarditeY|Blaze|WeatherBall,SolarBeam,HeatWave,Protect|Modest||M|||50|]Garchomp||ChoiceScarf|RoughSkin|DragonClaw,Earthquake,RockSlide,StompingTantrum|Adamant||M|||50|]Toxapex||Leftovers|Regenerator|BanefulBunker,Toxic,Infestation,WideGuard|Bold||F|||50|]Venusaur||FocusSash|Chlorophyll|SleepPowder,Protect,SludgeBomb,EarthPower|Timid||M|||50|]Sylveon||FairyFeather|Pixilate|HyperBeam,HyperVoice,QuickAttack,Protect|Modest||M|||50|]Incineroar||SitrusBerry|Intimidate|FakeOut,Protect,PartingShot,FlareBlitz|Careful||F|||50|\n|showteam|p2|Dragonite||Dragoninite|InnerFocus|DragonPulse,HeatWave,Thunderbolt,Protect|Modest||M|||50|]Sneasler||WhiteHerb|Unburden|DireClaw,CloseCombat,RockSlide,FakeOut|Jolly||M|||50|]Kingambit||ChopleBerry|Defiant|KowtowCleave,SuckerPunch,LowKick,IronHead|Adamant||F|||50|]Basculegion||LifeOrb|Adaptability|WaveCrash,LastRespects,AquaJet,Protect|Adamant||M|||50|]Whimsicott||FocusSash|Prankster|Moonblast,Tailwind,Encore,Protect|Timid||M|||50|]Floette-Eternal||Floettite|FlowerVeil|Moonblast,DazzlingGleam,LightofRuin,Protect|Timid||F|||50|\n|inactive|Battle timer is ON: inactive players will automatically lose when time's up. (requested by DINOLONK)\n|inactive|bl4ckdri has 60 seconds left.\n|\n|t:|1788430188\n|teamsize|p1|4\n|teamsize|p2|4\n|start\n|switch|p1a: Garchomp|Garchomp, L50, M|100/100\n|switch|p1b: Toxapex|Toxapex, L50, F|100/100\n|switch|p2a: Dragonite|Dragonite, L50, M|100/100\n|switch|p2b: Sneasler|Sneasler, L50, M|100/100\n|turn|1\n|inactive|DINOLONK has 30 seconds left.\n|\n|t:|1788430213\n|switch|p1a: Sylveon|Sylveon, L50, M|100/100\n|detailschange|p2a: Dragonite|Dragonite-Mega, L50, M\n|-mega|p2a: Dragonite|Dragonite|Dragoninite\n|move|p2b: Sneasler|Fake Out|p1a: Sylveon\n|-damage|p1a: Sylveon|82/100\n|move|p2a: Dragonite|Thunderbolt|p1b: Toxapex\n|-supereffective|p1b: Toxapex|1\n|-damage|p1b: Toxapex|43/100\n|move|p1b: Toxapex|Toxic|p2a: Dragonite\n|-status|p2a: Dragonite|tox\n|\n|-heal|p1b: Toxapex|49/100|[from] item: Leftovers\n|-damage|p2a: Dragonite|94/100 tox|[from] psn\n|upkeep\n|turn|2\n|\n|t:|1788430236\n|switch|p1a: Garchomp|Garchomp, L50, M|100/100\n|move|p1b: Toxapex|Baneful Bunker|p1b: Toxapex\n|-singleturn|p1b: Toxapex|move: Protect\n|move|p2b: Sneasler|Dire Claw|p1a: Garchomp\n|-resisted|p1a: Garchomp|1\n|-damage|p1a: Garchomp|78/100\n|-damage|p2b: Sneasler|88/100|[from] ability: Rough Skin|[of] p1a: Garchomp\n|move|p2a: Dragonite|Dragon Pulse|p1b: Toxapex\n|-activate|p1b: Toxapex|move: Protect\n|\n|-heal|p1b: Toxapex|55/100|[from] item: Leftovers\n|-damage|p2a: Dragonite|82/100 tox|[from] psn\n|upkeep\n|turn|3\n|inactive|bl4ckdri has 30 seconds left.\n|\n|t:|1788430267\n|switch|p2a: Whimsicott|Whimsicott, L50, M|100/100\n|-heal|p1b: Toxapex|88/100|[from] ability: Regenerator|[silent]\n|switch|p1b: Sylveon|Sylveon, L50, M|82/100\n|move|p1a: Garchomp|Stomping Tantrum|p2b: Sneasler\n|-supereffective|p2b: Sneasler|1\n|-damage|p2b: Sneasler|0 fnt\n|faint|p2b: Sneasler\n|\n|upkeep\n|\n|t:|1788430279\n|switch|p2b: Basculegion|Basculegion, L50, M|100/100\n|turn|4\n|\n|t:|1788430294\n|move|p2a: Whimsicott|Tailwind|p2a: Whimsicott\n|-sidestart|p2: DINOLONK|move: Tailwind\n|move|p2b: Basculegion|Last Respects|p1b: Sylveon\n|-damage|p1b: Sylveon|0 fnt\n|faint|p1b: Sylveon\n|-damage|p2b: Basculegion|90/100|[from] item: Life Orb\n|move|p1a: Garchomp|Stomping Tantrum|p2b: Basculegion\n|-damage|p2b: Basculegion|47/100\n|\n|upkeep\n|\n|t:|1788430305\n|switch|p1b: Charizard|Charizard, L50, M|100/100\n|turn|5\n|\n|t:|1788430319\n|switch|p1a: Toxapex|Toxapex, L50, F|88/100\n|detailschange|p1b: Charizard|Charizard-Mega-Y, L50, M\n|-mega|p1b: Charizard|Charizard|Charizardite Y\n|-weather|SunnyDay|[from] ability: Drought|[of] p1b: Charizard\n|move|p2a: Whimsicott|Protect|p2a: Whimsicott\n|-singleturn|p2a: Whimsicott|Protect\n|move|p2b: Basculegion|Last Respects|p1a: Toxapex\n|-damage|p1a: Toxapex|30/100\n|-damage|p2b: Basculegion|37/100|[from] item: Life Orb\n|move|p1b: Charizard|Heat Wave|p2b: Basculegion|[spread] p2b\n|-activate|p2a: Whimsicott|move: Protect\n|-resisted|p2b: Basculegion|1\n|-damage|p2b: Basculegion|0 fnt\n|faint|p2b: Basculegion\n|\n|-weather|SunnyDay|[upkeep]\n|-heal|p1a: Toxapex|36/100|[from] item: Leftovers\n|upkeep\n|\n|t:|1788430323\n|switch|p2b: Dragonite|Dragonite-Mega, L50, M|82/100 tox\n|turn|6\n|\n|t:|1788430346\n|-heal|p1a: Toxapex|69/100|[from] ability: Regenerator|[silent]\n|switch|p1a: Garchomp|Garchomp, L50, M|78/100\n|move|p2a: Whimsicott|Moonblast|p1a: Garchomp\n|-supereffective|p1a: Garchomp|1\n|-damage|p1a: Garchomp|3/100\n|move|p2b: Dragonite|Thunderbolt|p1b: Charizard\n|-supereffective|p1b: Charizard|1\n|-damage|p1b: Charizard|24/100\n|-status|p1b: Charizard|par\n|move|p1b: Charizard|Heat Wave|p2b: Dragonite|[spread] p2b\n|-miss|p1b: Charizard|p2a: Whimsicott\n|-resisted|p2b: Dragonite|1\n|-damage|p2b: Dragonite|51/100 tox\n|\n|-weather|SunnyDay|[upkeep]\n|-damage|p2b: Dragonite|45/100 tox|[from] psn\n|upkeep\n|turn|7\n|inactive|bl4ckdri has 30 seconds left.\n|\n|t:|1788430375\n|move|p2a: Whimsicott|Moonblast|p1a: Garchomp\n|-supereffective|p1a: Garchomp|1\n|-damage|p1a: Garchomp|0 fnt\n|faint|p1a: Garchomp\n|move|p2b: Dragonite|Thunderbolt|p1b: Charizard\n|-supereffective|p1b: Charizard|1\n|-damage|p1b: Charizard|0 fnt\n|faint|p1b: Charizard\n|\n|-weather|SunnyDay|[upkeep]\n|-damage|p2b: Dragonite|33/100 tox|[from] psn\n|-sideend|p2: DINOLONK|move: Tailwind\n|upkeep\n|\n|t:|1788430386\n|switch|p1b: Toxapex|Toxapex, L50, F|69/100\n|turn|8\n|\n|t:|1788430402\n|move|p2a: Whimsicott|Moonblast|p1b: Toxapex\n|-resisted|p1b: Toxapex|1\n|-damage|p1b: Toxapex|57/100\n|move|p2b: Dragonite|Thunderbolt|p1b: Toxapex\n|-supereffective|p1b: Toxapex|1\n|-damage|p1b: Toxapex|3/100\n|move|p1b: Toxapex|Toxic|p2a: Whimsicott\n|-status|p2a: Whimsicott|tox\n|\n|-weather|SunnyDay|[upkeep]\n|-heal|p1b: Toxapex|9/100|[from] item: Leftovers\n|-damage|p2a: Whimsicott|94/100 tox|[from] psn\n|-damage|p2b: Dragonite|15/100 tox|[from] psn\n|upkeep\n|turn|9\n|\n|t:|1788430416\n|move|p1b: Toxapex|Baneful Bunker|p1b: Toxapex\n|-singleturn|p1b: Toxapex|move: Protect\n|move|p2a: Whimsicott|Moonblast|p1b: Toxapex\n|-activate|p1b: Toxapex|move: Protect\n|move|p2b: Dragonite|Thunderbolt|p1b: Toxapex\n|-activate|p1b: Toxapex|move: Protect\n|\n|-weather|none\n|-heal|p1b: Toxapex|15/100|[from] item: Leftovers\n|-damage|p2a: Whimsicott|82/100 tox|[from] psn\n|-damage|p2b: Dragonite|0 fnt|[from] psn\n|faint|p2b: Dragonite\n|upkeep\n|turn|10\n|\n|t:|1788430428\n|move|p1b: Toxapex|Baneful Bunker||[still]\n|-fail|p1b: Toxapex\n|move|p2a: Whimsicott|Moonblast|p1b: Toxapex\n|-resisted|p1b: Toxapex|1\n|-damage|p1b: Toxapex|1/100\n|-unboost|p1b: Toxapex|spa|1\n|\n|-heal|p1b: Toxapex|7/100|[from] item: Leftovers\n|-damage|p2a: Whimsicott|64/100 tox|[from] psn\n|upkeep\n|turn|11\n|\n|t:|1788430440\n|move|p1b: Toxapex|Baneful Bunker|p1b: Toxapex\n|-singleturn|p1b: Toxapex|move: Protect\n|move|p2a: Whimsicott|Moonblast|p1b: Toxapex\n|-activate|p1b: Toxapex|move: Protect\n|\n|-heal|p1b: Toxapex|13/100|[from] item: Leftovers\n|-damage|p2a: Whimsicott|40/100 tox|[from] psn\n|upkeep\n|turn|12\n|\n|t:|1788430460\n|move|p1b: Toxapex|Baneful Bunker||[still]\n|-fail|p1b: Toxapex\n|move|p2a: Whimsicott|Moonblast|p1b: Toxapex\n|-resisted|p1b: Toxapex|1\n|-damage|p1b: Toxapex|0 fnt\n|faint|p1b: Toxapex\n|\n|win|DINOLONK\n|raw|bl4ckdri's rating: 1367 &rarr; <strong>1353</strong><br />(-14 for losing)\n|raw|DINOLONK's rating: 1471 &rarr; <strong>1485</strong><br />(+14 for winning)\n","uploadtime":1788430460,"views":"6","formatid":"gen9championsvgc2026regmbbo3","rating":1353,"private":0,"password":null}