{"id":"gen9championsvgc2026regmb-2674890691","format":"[Gen 9 Champions] VGC 2026 Reg M-B","players":["nashgross","Bradley Broccoli"],"log":"|j|☆nashgross\n|j|☆Bradley Broccoli\n|t:|1788430218\n|gametype|doubles\n|player|p1|nashgross|ghetsis|1654\n|player|p2|Bradley Broccoli|lucas|1518\n|gen|9\n|tier|[Gen 9 Champions] VGC 2026 Reg M-B\n|rated|\n|rule|Species Clause: Limit one of each Pokémon\n|rule|Item Clause: Limit 1 of each item\n|clearpoke\n|poke|p1|Chandelure, L50, M|\n|poke|p1|Kangaskhan, L50, F|\n|poke|p1|Kingambit, L50, M|\n|poke|p1|Kommo-o, L50, M|\n|poke|p1|Gallade, L50, M|\n|poke|p1|Basculegion, L50, M|\n|poke|p2|Meganium, L50, F|\n|poke|p2|Talonflame, L50, M|\n|poke|p2|Gholdengo, L50|\n|poke|p2|Glimmora, L50, F|\n|poke|p2|Garchomp, L50, F|\n|poke|p2|Froslass, L50, F|\n|teampreview|4\n|inactive|Battle timer is ON: inactive players will automatically lose when time's up. (requested by nashgross)\n|inactive|Bradley Broccoli has 60 seconds left.\n|inactive|nashgross has 60 seconds left.\n|\n|t:|1788430278\n|teamsize|p1|4\n|teamsize|p2|4\n|start\n|switch|p1a: Chandelure|Chandelure, L50, M|100/100\n|switch|p1b: Kangaskhan|Kangaskhan, L50, F|100/100\n|switch|p2a: Gholdengo|Gholdengo, L50|100/100\n|switch|p2b: Glimmora|Glimmora, L50, F|100/100\n|turn|1\n|\n|t:|1788430290\n|move|p1b: Kangaskhan|Fake Out|p2a: Gholdengo\n|-resisted|p2a: Gholdengo|1\n|-damage|p2a: Gholdengo|89/100\n|cant|p2a: Gholdengo|flinch\n|move|p2b: Glimmora|Power Gem|p1a: Chandelure\n|-supereffective|p1a: Chandelure|1\n|-enditem|p1a: Chandelure|Focus Sash\n|-damage|p1a: Chandelure|1/100\n|move|p1a: Chandelure|Trick Room|p1a: Chandelure\n|-fieldstart|move: Trick Room|[of] p1a: Chandelure\n|\n|upkeep\n|turn|2\n|inactive|nashgross has 30 seconds left.\n|inactive|Bradley Broccoli has 30 seconds left.\n|\n|t:|1788430316\n|move|p2a: Gholdengo|Protect|p2a: Gholdengo\n|-singleturn|p2a: Gholdengo|Protect\n|move|p1a: Chandelure|Shadow Ball|p2b: Glimmora\n|-damage|p2b: Glimmora|39/100\n|move|p1b: Kangaskhan|Hammer Arm|p2a: Gholdengo\n|-activate|p2a: Gholdengo|move: Protect\n|move|p2b: Glimmora|Sludge Bomb|p1a: Chandelure\n|-resisted|p1a: Chandelure|1\n|-crit|p1a: Chandelure\n|-damage|p1a: Chandelure|0 fnt\n|faint|p1a: Chandelure\n|\n|upkeep\n|\n|t:|1788430331\n|switch|p1a: Basculegion|Basculegion, L50, M|100/100\n|turn|3\n|\n|t:|1788430356\n|switch|p2a: Garchomp|Garchomp, L50, F|100/100\n|detailschange|p1b: Kangaskhan|Kangaskhan-Mega, L50, F\n|-mega|p1b: Kangaskhan|Kangaskhan|Kangaskhanite\n|move|p1a: Basculegion|Last Respects|p2a: Garchomp\n|-damage|p2a: Garchomp|24/100\n|move|p1b: Kangaskhan|Double-Edge|p2b: Glimmora\n|-resisted|p2b: Glimmora|1\n|-damage|p2b: Glimmora|0 fnt\n|-activate|p2b: Glimmora|ability: Toxic Debris\n|-sidestart|p1: nashgross|move: Toxic Spikes\n|faint|p2b: Glimmora\n|-damage|p1b: Kangaskhan|90/100|[from] Recoil\n|\n|upkeep\n|\n|t:|1788430376\n|switch|p2b: Meganium|Meganium, L50, F|100/100\n|turn|4\n|\n|t:|1788430388\n|detailschange|p2b: Meganium|Meganium-Mega, L50, F\n|-mega|p2b: Meganium|Meganium|Meganiumite\n|move|p2b: Meganium|Protect|p2b: Meganium\n|-singleturn|p2b: Meganium|Protect\n|move|p1a: Basculegion|Last Respects|p2a: Garchomp\n|-damage|p2a: Garchomp|0 fnt\n|faint|p2a: Garchomp\n|move|p1b: Kangaskhan|Double-Edge|p2b: Meganium\n|-activate|p2b: Meganium|move: Protect\n|\n|upkeep\n|\n|t:|1788430398\n|switch|p2a: Gholdengo|Gholdengo, L50|89/100\n|turn|5\n|\n|t:|1788430407\n|move|p2b: Meganium|Protect|p2b: Meganium\n|-singleturn|p2b: Meganium|Protect\n|move|p1a: Basculegion|Last Respects|p2b: Meganium\n|-activate|p2b: Meganium|move: Protect\n|move|p1b: Kangaskhan|Double-Edge|p2b: Meganium\n|-activate|p2b: Meganium|move: Protect\n|move|p2a: Gholdengo|Shadow Ball|p1a: Basculegion\n|-supereffective|p1a: Basculegion|1\n|-damage|p1a: Basculegion|17/100\n|-enditem|p1a: Basculegion|Sitrus Berry|[eat]\n|-heal|p1a: Basculegion|41/100|[from] item: Sitrus Berry\n|\n|-fieldend|move: Trick Room\n|upkeep\n|turn|6\n|inactive|nashgross has 30 seconds left.\n|inactive|Bradley Broccoli has 30 seconds left.\n|inactive|nashgross has 20 seconds left.\n|inactive|Bradley Broccoli has 20 seconds left.\n|inactive|Bradley Broccoli has 15 seconds left.\n|inactive|Bradley Broccoli has 10 seconds left.\n|\n|t:|1788430457\n|move|p2a: Gholdengo|Make It Rain|p1b: Kangaskhan|[spread] p1a,p1b\n|-resisted|p1a: Basculegion|1\n|-damage|p1a: Basculegion|18/100\n|-damage|p1b: Kangaskhan|52/100\n|-unboost|p2a: Gholdengo|spa|2\n|-enditem|p2a: Gholdengo|White Herb\n|-clearnegativeboost|p2a: Gholdengo|[silent]\n|move|p2b: Meganium|Solar Beam||[still]\n|-prepare|p2b: Meganium|Solar Beam\n|-activate|p2b: Meganium|ability: Mega Sol\n|-anim|p2b: Meganium|Solar Beam|p1a: Basculegion\n|-supereffective|p1a: Basculegion|1\n|-damage|p1a: Basculegion|0 fnt\n|faint|p1a: Basculegion\n|move|p1b: Kangaskhan|Double-Edge|p2b: Meganium\n|-damage|p2b: Meganium|43/100\n|-damage|p2b: Meganium|27/100\n|-hitcount|p2b: Meganium|2\n|-damage|p1b: Kangaskhan|32/100|[from] Recoil\n|\n|upkeep\n|\n|t:|1788430469\n|switch|p1a: Kingambit|Kingambit, L50, M|100/100\n|turn|7\n|\n|t:|1788430488\n|move|p2a: Gholdengo|Protect|p2a: Gholdengo\n|-singleturn|p2a: Gholdengo|Protect\n|move|p1b: Kangaskhan|Sucker Punch|p2b: Meganium\n|-resisted|p2b: Meganium|1\n|-damage|p2b: Meganium|15/100\n|-resisted|p2b: Meganium|1\n|-damage|p2b: Meganium|12/100\n|-hitcount|p2b: Meganium|2\n|move|p1a: Kingambit|Sucker Punch|p2b: Meganium\n|-resisted|p2b: Meganium|1\n|-damage|p2b: Meganium|0 fnt\n|faint|p2b: Meganium\n|\n|upkeep\n|turn|8\n|-message|Bradley Broccoli forfeited.\n|\n|win|nashgross\n|raw|nashgross's rating: 1654 &rarr; <strong>1667</strong><br />(+13 for winning)\n|raw|Bradley Broccoli's rating: 1518 &rarr; <strong>1505</strong><br />(-13 for losing)\n|l|☆Bradley Broccoli\n|player|p2|\n","uploadtime":1788430509,"views":"4","formatid":"gen9championsvgc2026regmb","rating":1505,"private":0,"password":null}