{"id":"gen9championsvgc2026regmb-2674388481","format":"[Gen 9 Champions] VGC 2026 Reg M-B","players":["michaelbaymoneygod","ramiroank"],"log":"|j|☆michaelbaymoneygod\n|j|☆ramiroank\n|t:|1788353337\n|gametype|doubles\n|player|p1|michaelbaymoneygod|harlequin|1087\n|player|p2|ramiroank|roxie|1127\n|gen|9\n|tier|[Gen 9 Champions] VGC 2026 Reg M-B\n|rated|\n|rule|Species Clause: Limit one of each Pokémon\n|rule|Item Clause: Limit 1 of each item\n|clearpoke\n|poke|p1|Chandelure, L50, M|\n|poke|p1|Kangaskhan, L50, F|\n|poke|p1|Whimsicott, L50, M|\n|poke|p1|Kommo-o, L50, F|\n|poke|p1|Kingambit, L50, F|\n|poke|p1|Glimmora, L50, F|\n|poke|p2|Delphox, L50, M|\n|poke|p2|Sneasler, L50, F|\n|poke|p2|Sinistcha, L50|\n|poke|p2|Annihilape, L50, F|\n|poke|p2|Garchomp, L50, F|\n|poke|p2|Maushold, L50|\n|teampreview|4\n|\n|t:|1788353363\n|teamsize|p1|4\n|teamsize|p2|4\n|start\n|switch|p1a: Kangaskhan|Kangaskhan, L50, F|100/100\n|switch|p1b: Kommo-o|Kommo-o, L50, F|100/100\n|switch|p2a: Sneasler|Sneasler, L50, F|100/100\n|switch|p2b: Annihilape|Annihilape, L50, F|100/100\n|turn|1\n|\n|t:|1788353389\n|switch|p1a: Chandelure|Chandelure, L50, M|100/100\n|move|p2a: Sneasler|Fake Out|p1a: Chandelure\n|-immune|p1a: Chandelure\n|move|p1b: Kommo-o|Clanging Scales|p2a: Sneasler|[spread] p2a,p2b\n|-damage|p2a: Sneasler|34/100\n|-damage|p2b: Annihilape|54/100\n|-unboost|p1b: Kommo-o|def|1\n|-damage|p1b: Kommo-o|90/100|[from] item: Life Orb\n|move|p2b: Annihilape|Bulk Up|p2b: Annihilape\n|-boost|p2b: Annihilape|atk|1\n|-boost|p2b: Annihilape|def|1\n|\n|upkeep\n|turn|2\n|\n|t:|1788353424\n|move|p2b: Annihilape|Protect|p2b: Annihilape\n|-singleturn|p2b: Annihilape|Protect\n|move|p2a: Sneasler|Coaching|p2b: Annihilape\n|-boost|p2b: Annihilape|atk|1\n|-boost|p2b: Annihilape|def|1\n|move|p1b: Kommo-o|Clanging Scales|p2b: Annihilape|[spread] p2a\n|-activate|p2b: Annihilape|move: Protect\n|-damage|p2a: Sneasler|0 fnt\n|faint|p2a: Sneasler\n|-unboost|p1b: Kommo-o|def|1\n|-damage|p1b: Kommo-o|80/100|[from] item: Life Orb\n|move|p1a: Chandelure|Shadow Ball|p2b: Annihilape\n|-activate|p2b: Annihilape|move: Protect\n|\n|upkeep\n|\n|t:|1788353436\n|switch|p2a: Maushold|Maushold, L50|100/100\n|turn|3\n|\n|t:|1788353456\n|move|p2a: Maushold|Follow Me|p2a: Maushold\n|-singleturn|p2a: Maushold|move: Follow Me\n|move|p1b: Kommo-o|Aura Sphere|p2a: Maushold\n|-supereffective|p2a: Maushold|1\n|-enditem|p2a: Maushold|Chople Berry|[eat]\n|-enditem|p2a: Maushold|Chople Berry|[weaken]\n|-damage|p2a: Maushold|40/100\n|-damage|p1b: Kommo-o|70/100|[from] item: Life Orb\n|move|p1a: Chandelure|Shadow Ball|p2a: Maushold\n|-immune|p2a: Maushold\n|move|p2b: Annihilape|Rage Fist|p1b: Kommo-o\n|-damage|p1b: Kommo-o|0 fnt\n|faint|p1b: Kommo-o\n|\n|upkeep\n|\n|t:|1788353462\n|switch|p1b: Kangaskhan|Kangaskhan, L50, F|100/100\n|turn|4\n|\n|t:|1788353488\n|switch|p2b: Garchomp|Garchomp, L50, F|100/100\n|move|p2a: Maushold|Protect|p2a: Maushold\n|-singleturn|p2a: Maushold|Protect\n|move|p1b: Kangaskhan|Fake Out|p2b: Garchomp\n|-damage|p2b: Garchomp|85/100\n|-damage|p1b: Kangaskhan|87/100|[from] ability: Rough Skin|[of] p2b: Garchomp\n|move|p1a: Chandelure|Heat Wave|p2a: Maushold|[spread] p2b\n|-activate|p2a: Maushold|move: Protect\n|-resisted|p2b: Garchomp|1\n|-damage|p2b: Garchomp|68/100\n|\n|upkeep\n|turn|5\n|\n|t:|1788353527\n|detailschange|p1b: Kangaskhan|Kangaskhan-Mega, L50, F\n|-mega|p1b: Kangaskhan|Kangaskhan|Kangaskhanite\n|move|p1a: Chandelure|Protect|p1a: Chandelure\n|-singleturn|p1a: Chandelure|Protect\n|move|p2a: Maushold|Follow Me|p2a: Maushold\n|-singleturn|p2a: Maushold|move: Follow Me\n|move|p2b: Garchomp|Rock Slide|p1a: Chandelure|[spread] p1b\n|-activate|p1a: Chandelure|move: Protect\n|-damage|p1b: Kangaskhan|64/100\n|-damage|p2b: Garchomp|58/100|[from] item: Life Orb\n|move|p1b: Kangaskhan|Ice Punch|p2a: Maushold\n|-damage|p2a: Maushold|2/100\n|-damage|p2a: Maushold|0 fnt\n|faint|p2a: Maushold\n|-hitcount|p2: Maushold|2\n|\n|upkeep\n|\n|t:|1788353532\n|switch|p2a: Annihilape|Annihilape, L50, F|54/100\n|turn|6\n|\n|t:|1788353544\n|move|p2b: Garchomp|Stomping Tantrum|p1a: Chandelure\n|-supereffective|p1a: Chandelure|1\n|-enditem|p1a: Chandelure|Focus Sash\n|-damage|p1a: Chandelure|1/100\n|-damage|p2b: Garchomp|49/100|[from] item: Life Orb\n|move|p1b: Kangaskhan|Ice Punch|p2b: Garchomp\n|-supereffective|p2b: Garchomp|2\n|-damage|p2b: Garchomp|0 fnt\n|-damage|p1b: Kangaskhan|52/100|[from] ability: Rough Skin|[of] p2b: Garchomp\n|faint|p2b: Garchomp\n|move|p1a: Chandelure|Shadow Ball|p2a: Annihilape\n|-supereffective|p2a: Annihilape|1\n|-damage|p2a: Annihilape|0 fnt\n|faint|p2a: Annihilape\n|\n|win|michaelbaymoneygod\n|raw|michaelbaymoneygod's rating: 1087 &rarr; <strong>1117</strong><br />(+30 for winning)\n|raw|ramiroank's rating: 1127 &rarr; <strong>1099</strong><br />(-28 for losing)\n","uploadtime":1788353549,"views":"10","formatid":"gen9championsvgc2026regmb","rating":1099,"private":0,"password":null}