{"id":"gen9championsvgc2026regmbbo3-2674090071","format":"[Gen 9 Champions] VGC 2026 Reg M-B (Bo3)","players":["PolpettaVGC","soulo333"],"log":"|j|☆PolpettaVGC\n|j|☆soulo333\n|html|<table width=\"100%\"><tr><td align=\"left\">PolpettaVGC</td><td align=\"right\">soulo333</tr><tr><td align=\"left\"><i class=\"fa fa-circle-o\"></i> <i class=\"fa fa-circle-o\"></i> </td><td align=\"right\"><i class=\"fa fa-circle-o\"></i> <i class=\"fa fa-circle-o\"></i> </tr></table>\n|uhtml|bestof|<h2><strong>Game 1</strong> of <a href=\"/game-bestof3-gen9championsvgc2026regmbbo3-2674090069\">a best-of-3</a></h2>\n|t:|1788297758\n|gametype|doubles\n|player|p1|PolpettaVGC|pokekid|1182\n|player|p2|soulo333|101|1053\n|gen|9\n|tier|[Gen 9 Champions] VGC 2026 Reg M-B (Bo3)\n|rated|\n|rule|Species Clause: Limit one of each Pokémon\n|rule|Item Clause: Limit 1 of each item\n|clearpoke\n|poke|p1|Incineroar, L50, M|\n|poke|p1|Samurott-Hisui, L50, F|\n|poke|p1|Sinistcha, L50|\n|poke|p1|Sneasler, L50, M|\n|poke|p1|Floette-Eternal, L50, F|\n|poke|p1|Delphox, L50, F|\n|poke|p2|Staraptor, L50, F|\n|poke|p2|Arcanine-Hisui, L50, M|\n|poke|p2|Kingambit, L50, M|\n|poke|p2|Sylveon, L50, M, shiny|\n|poke|p2|Raichu, L50, M|\n|poke|p2|Farigiraf, L50, F|\n|teampreview|4\n|showteam|p1|Incineroar||SitrusBerry|Intimidate|FakeOut,FlareBlitz,DarkestLariat,PartingShot|Careful||M|||50|]Samurott-Hisui||ChoiceScarf|Sharpness|RazorShell,NightSlash,SacredSword,FlipTurn|Jolly||F|||50|]Sinistcha||OccaBerry|Hospitality|MatchaGotcha,LifeDew,RagePowder,Protect|Relaxed|||||50|]Sneasler||FocusSash|PoisonTouch|FakeOut,CloseCombat,PoisonJab,RockSlide|Jolly||M|||50|]Floette-Eternal||Floettite|FlowerVeil|Moonblast,DazzlingGleam,CalmMind,Protect|Modest||F|||50|]Delphox||Delphoxite|Blaze|Psychic,HeatWave,NastyPlot,Protect|Timid||F|||50|\n|showteam|p2|Staraptor||Staraptite|Intimidate|DualWingbeat,CloseCombat,Tailwind,Protect|Jolly||F|||50|]Arcanine-Hisui||FocusSash|RockHead|FlareBlitz,HeadSmash,ExtremeSpeed,Protect|Jolly||M|||50|]Kingambit||LifeOrb|Defiant|KowtowCleave,SuckerPunch,SwordsDance,Protect|Adamant||M|||50|]Sylveon||FairyFeather|Pixilate|HyperVoice,HyperBeam,QuickAttack,Detect|Modest||M|||50|]Raichu||RaichuniteY|LightningRod|ZapCannon,FocusBlast,FakeOut,Protect|Timid||M|||50|]Farigiraf||SitrusBerry|ArmorTail|Psychic,HelpingHand,TrickRoom,Protect|Calm||F|||50|\n|inactive|Battle timer is ON: inactive players will automatically lose when time's up. (requested by PolpettaVGC)\n|inactive|soulo333 has 60 seconds left.\n|\n|t:|1788297793\n|teamsize|p1|4\n|teamsize|p2|4\n|start\n|switch|p1a: Delphox|Delphox, L50, F|100/100\n|switch|p1b: Samurott|Samurott-Hisui, L50, F|100/100\n|switch|p2a: Kingambit|Kingambit, L50, M|100/100\n|switch|p2b: Celeste|Staraptor, L50, F|100/100\n|-ability|p2b: Celeste|Intimidate|boost\n|-unboost|p1a: Delphox|atk|1\n|-unboost|p1b: Samurott|atk|1\n|turn|1\n|\n|t:|1788297814\n|detailschange|p2b: Celeste|Staraptor-Mega, L50, F\n|-mega|p2b: Celeste|Staraptor|Staraptite\n|detailschange|p1a: Delphox|Delphox-Mega, L50, F\n|-mega|p1a: Delphox|Delphox|Delphoxite\n|move|p2a: Kingambit|Sucker Punch||[still]\n|-fail|p2a: Kingambit\n|move|p1b: Samurott|Sacred Sword|p2a: Kingambit\n|-supereffective|p2a: Kingambit|2\n|-damage|p2a: Kingambit|20/100y\n|move|p1a: Delphox|Nasty Plot|p1a: Delphox\n|-boost|p1a: Delphox|spa|2\n|move|p2b: Celeste|Close Combat|p1b: Samurott\n|-supereffective|p1b: Samurott|1\n|-damage|p1b: Samurott|0 fnt\n|-boost|p2b: Celeste|def|1\n|-boost|p2b: Celeste|spd|1\n|faint|p1b: Samurott\n|\n|upkeep\n|\n|t:|1788297834\n|switch|p1b: Sneasler|Sneasler, L50, M|100/100\n|turn|2\n|inactive|soulo333 has 30 seconds left.\n|\n|t:|1788297861\n|move|p2b: Celeste|Protect|p2b: Celeste\n|-singleturn|p2b: Celeste|Protect\n|move|p2a: Kingambit|Protect|p2a: Kingambit\n|-singleturn|p2a: Kingambit|Protect\n|move|p1b: Sneasler|Fake Out|p2a: Kingambit\n|-activate|p2a: Kingambit|move: Protect\n|move|p1a: Delphox|Psychic|p2b: Celeste\n|-activate|p2b: Celeste|move: Protect\n|\n|upkeep\n|turn|3\n|\n|t:|1788297875\n|switch|p1b: Sinistcha|Sinistcha, L50|100/100\n|switch|p2a: Farigiraf|Farigiraf, L50, F|100/100\n|move|p1a: Delphox|Protect|p1a: Delphox\n|-singleturn|p1a: Delphox|Protect\n|move|p2b: Celeste|Dual Wingbeat|p1b: Sinistcha\n|-supereffective|p1b: Sinistcha|1\n|-damage|p1b: Sinistcha|66/100\n|-supereffective|p1b: Sinistcha|1\n|-damage|p1b: Sinistcha|31/100\n|-hitcount|p1b: Sinistcha|2\n|\n|upkeep\n|turn|4\n|\n|t:|1788297891\n|move|p2b: Celeste|Protect|p2b: Celeste\n|-singleturn|p2b: Celeste|Protect\n|move|p1b: Sinistcha|Rage Powder|p1b: Sinistcha\n|-singleturn|p1b: Sinistcha|move: Rage Powder\n|move|p1a: Delphox|Heat Wave|p2b: Celeste|[spread] p2a\n|-activate|p2b: Celeste|move: Protect\n|-damage|p2a: Farigiraf|34/100\n|-enditem|p2a: Farigiraf|Sitrus Berry|[eat]\n|-heal|p2a: Farigiraf|59/100|[from] item: Sitrus Berry\n|move|p2a: Farigiraf|Trick Room|p2a: Farigiraf\n|-fieldstart|move: Trick Room|[of] p2a: Farigiraf\n|\n|upkeep\n|turn|5\n|inactive|PolpettaVGC has 30 seconds left.\n|\n|t:|1788297922\n|move|p1b: Sinistcha|Protect|p1b: Sinistcha\n|-singleturn|p1b: Sinistcha|Protect\n|move|p2a: Farigiraf|Psychic|p1b: Sinistcha\n|-activate|p1b: Sinistcha|move: Protect\n|move|p2b: Celeste|Dual Wingbeat|p1b: Sinistcha\n|-activate|p1b: Sinistcha|move: Protect\n|move|p1a: Delphox|Psychic|p2b: Celeste\n|-supereffective|p2b: Celeste|1\n|-damage|p2b: Celeste|0 fnt\n|faint|p2b: Celeste\n|\n|upkeep\n|\n|t:|1788297928\n|switch|p2b: Raichu|Raichu, L50, M|100/100\n|turn|6\n|inactive|PolpettaVGC has 30 seconds left.\n|\n|t:|1788297957\n|move|p2b: Raichu|Fake Out|p1a: Delphox\n|-damage|p1a: Delphox|90/100\n|move|p2a: Farigiraf|Psychic|p1b: Sinistcha\n|-damage|p1b: Sinistcha|0 fnt\n|faint|p1b: Sinistcha\n|cant|p1a: Delphox|flinch\n|\n|upkeep\n|\n|t:|1788297965\n|switch|p1b: Sneasler|Sneasler, L50, M|100/100\n|turn|7\n|\n|t:|1788297982\n|move|p2a: Farigiraf|Psychic|p1b: Sneasler\n|-supereffective|p1b: Sneasler|2\n|-enditem|p1b: Sneasler|Focus Sash\n|-damage|p1b: Sneasler|1/100\n|move|p2b: Raichu|Zap Cannon|p1b: Sneasler|[miss]\n|-miss|p2b: Raichu|p1b: Sneasler\n|move|p1b: Sneasler|Poison Jab|p2a: Farigiraf\n|-damage|p2a: Farigiraf|21/100\n|-status|p2a: Farigiraf|psn|[from] ability: Poison Touch|[of] p1b: Sneasler\n|move|p1a: Delphox|Heat Wave|p2b: Raichu|[spread] p2a,p2b\n|-damage|p2a: Farigiraf|0 fnt\n|-damage|p2b: Raichu|0 fnt\n|faint|p2a: Farigiraf\n|faint|p2b: Raichu\n|\n|upkeep\n|\n|t:|1788297984\n|switch|p2b: Kingambit|Kingambit, L50, M|20/100y\n|turn|8\n|-message|soulo333 forfeited.\n|\n|win|PolpettaVGC\n","uploadtime":1788297990,"views":"0","formatid":"gen9championsvgc2026regmbbo3","rating":null,"private":0,"password":null}