{"id":"gen9championsvgc2026regmb-2674905321","format":"[Gen 9 Champions] VGC 2026 Reg M-B","players":["Thornlace48812","Punatulkku"],"log":"|j|☆Thornlace48812\n|j|☆Punatulkku\n|t:|1788433312\n|gametype|doubles\n|player|p1|Thornlace48812|102|1278\n|player|p2|Punatulkku|nate|1338\n|gen|9\n|tier|[Gen 9 Champions] VGC 2026 Reg M-B\n|rated|\n|rule|Species Clause: Limit one of each Pokémon\n|rule|Item Clause: Limit 1 of each item\n|clearpoke\n|poke|p1|Garchomp, L50, F|\n|poke|p1|Charizard, L50, M|\n|poke|p1|Whimsicott, L50, M|\n|poke|p1|Sylveon, L50, F|\n|poke|p1|Kingambit, L50, F|\n|poke|p1|Basculegion, L50, M|\n|poke|p2|Garchomp, L50, F|\n|poke|p2|Mawile, L50, F|\n|poke|p2|Aerodactyl, L50, M|\n|poke|p2|Farigiraf, L50, M|\n|poke|p2|Torkoal, L50, M|\n|poke|p2|Venusaur, L50, F|\n|teampreview|4\n|inactive|Battle timer is ON: inactive players will automatically lose when time's up. (requested by Thornlace48812)\nThornlace48812 rejected open team sheets.\n|\n|t:|1788433335\n|teamsize|p1|4\n|teamsize|p2|4\n|start\n|switch|p1a: Charizard|Charizard, L50, M|100/100\n|switch|p1b: Whimsicott|Whimsicott, L50, M|100/100\n|switch|p2a: Aerodactyl|Aerodactyl, L50, M|100/100\n|switch|p2b: Garchomp|Garchomp, L50, F|100/100\n|-ability|p2a: Aerodactyl|Unnerve\n|turn|1\n|\n|t:|1788433346\n|move|p1a: Charizard|Protect|p1a: Charizard\n|-singleturn|p1a: Charizard|Protect\n|move|p1b: Whimsicott|Tailwind|p1b: Whimsicott\n|-sidestart|p1: Thornlace48812|move: Tailwind\n|move|p2a: Aerodactyl|Tailwind|p2a: Aerodactyl\n|-sidestart|p2: Punatulkku|move: Tailwind\n|move|p2b: Garchomp|Rock Slide|p1b: Whimsicott|[spread] p1b\n|-activate|p1a: Charizard|move: Protect\n|-crit|p1b: Whimsicott\n|-damage|p1b: Whimsicott|45/100\n|-damage|p2b: Garchomp|90/100|[from] item: Life Orb\n|\n|upkeep\n|turn|2\n|\n|t:|1788433357\n|detailschange|p1a: Charizard|Charizard-Mega-Y, L50, M\n|-mega|p1a: Charizard|Charizard|Charizardite Y\n|-weather|SunnyDay|[from] ability: Drought|[of] p1a: Charizard\n|move|p2a: Aerodactyl|Rock Slide|p1a: Charizard|[spread] p1a,p1b\n|-supereffective|p1a: Charizard|2\n|-damage|p1a: Charizard|0 fnt\n|-damage|p1b: Whimsicott|6/100\n|faint|p1a: Charizard\n|move|p1b: Whimsicott|Moonblast|p2b: Garchomp\n|-supereffective|p2b: Garchomp|1\n|-damage|p2b: Garchomp|18/100\n|move|p2b: Garchomp|Rock Slide|p1b: Whimsicott|[miss]\n|-miss|p2b: Garchomp|p1b: Whimsicott\n|\n|-weather|SunnyDay|[upkeep]\n|upkeep\n|\n|t:|1788433357\n|switch|p1a: Sylveon|Sylveon, L50, F|100/100\n|turn|3\n|\n|t:|1788433373\n|move|p2a: Aerodactyl|Rock Slide|p1b: Whimsicott|[spread] p1a,p1b\n|-damage|p1a: Sylveon|63/100\n|-damage|p1b: Whimsicott|0 fnt\n|faint|p1b: Whimsicott\n|move|p2b: Garchomp|Earthquake|p1a: Sylveon|[spread] p1a\n|-immune|p2a: Aerodactyl\n|-damage|p1a: Sylveon|0 fnt\n|faint|p1a: Sylveon\n|-damage|p2b: Garchomp|8/100|[from] item: Life Orb\n|\n|-weather|SunnyDay|[upkeep]\n|upkeep\n|\n|t:|1788433373\n|switch|p1b: Basculegion|Basculegion, L50, M|100/100\n|turn|4\n|\n|t:|1788433392\n|move|p1b: Basculegion|Protect|p1b: Basculegion\n|-singleturn|p1b: Basculegion|Protect\n|move|p2a: Aerodactyl|Rock Slide|p1b: Basculegion\n|-activate|p1b: Basculegion|move: Protect\n|move|p2b: Garchomp|Breaking Swipe|p1b: Basculegion\n|-activate|p1b: Basculegion|move: Protect\n|\n|-weather|SunnyDay|[upkeep]\n|-sideend|p1: Thornlace48812|move: Tailwind\n|-sideend|p2: Punatulkku|move: Tailwind\n|upkeep\n|turn|5\n|\n|t:|1788433397\n|move|p1b: Basculegion|Aqua Jet|p2b: Garchomp\n|-damage|p2b: Garchomp|0 fnt\n|-damage|p1b: Basculegion|87/100|[from] ability: Rough Skin|[of] p2b: Garchomp\n|faint|p2b: Garchomp\n|move|p2a: Aerodactyl|Tailwind|p2a: Aerodactyl\n|-sidestart|p2: Punatulkku|move: Tailwind\n|\n|-weather|SunnyDay|[upkeep]\n|upkeep\n|\n|t:|1788433400\n|switch|p2b: Mawile|Mawile, L50, F|100/100\n|turn|6\n|\n|t:|1788433404\n|detailschange|p2b: Mawile|Mawile-Mega, L50, F\n|-mega|p2b: Mawile|Mawile|Mawilite\n|move|p1b: Basculegion|Protect|p1b: Basculegion\n|-singleturn|p1b: Basculegion|Protect\n|move|p2b: Mawile|Sucker Punch||[still]\n|-fail|p2b: Mawile\n|move|p2a: Aerodactyl|Rock Slide|p1b: Basculegion\n|-activate|p1b: Basculegion|move: Protect\n|\n|-weather|none\n|upkeep\n|turn|7\n|\n|t:|1788433408\n|move|p2b: Mawile|Sucker Punch|p1b: Basculegion\n|-supereffective|p1b: Basculegion|1\n|-damage|p1b: Basculegion|0 fnt\n|faint|p1b: Basculegion\n|\n|win|Punatulkku\n|raw|Thornlace48812's rating: 1292 &rarr; <strong>1270</strong><br />(-22 for losing)\n|raw|Punatulkku's rating: 1338 &rarr; <strong>1355</strong><br />(+17 for winning)\n","uploadtime":1788433410,"views":"1","formatid":"gen9championsvgc2026regmb","rating":1270,"private":0,"password":null}