{"id":"gen9championsvgc2026regmb-2674134473","format":"[Gen 9 Champions] VGC 2026 Reg M-B","players":["Chungwha Chuds","JackWilkins"],"log":"|j|☆Chungwha Chuds\n|j|☆JackWilkins\n|t:|1788304203\n|gametype|doubles\n|player|p1|Chungwha Chuds|170|\n|player|p2|JackWilkins|cynthia|\n|gen|9\n|tier|[Gen 9 Champions] VGC 2026 Reg M-B\n|rule|Species Clause: Limit one of each Pokémon\n|rule|Item Clause: Limit 1 of each item\n|clearpoke\n|poke|p1|Farigiraf, L50, F|\n|poke|p1|Mawile, L50, M|\n|poke|p1|Scrafty, L50, M|\n|poke|p1|Rhyperior, L50, F|\n|poke|p1|Armarouge, L50, M|\n|poke|p1|Slowbro, L50, M|\n|poke|p2|Incineroar, L50, M|\n|poke|p2|Aerodactyl, L50, M|\n|poke|p2|Gardevoir, L50, F|\n|poke|p2|Kommo-o, L50, M|\n|poke|p2|Mamoswine, L50, F|\n|poke|p2|Volcarona, L50, F|\n|teampreview|4\n|\n|t:|1788304227\n|teamsize|p1|4\n|teamsize|p2|4\n|start\n|switch|p1a: Farigiraf|Farigiraf, L50, F|100/100\n|switch|p1b: Scrafty|Scrafty, L50, M|100/100\n|switch|p2a: Gardevoir|Gardevoir, L50, F|100/100\n|switch|p2b: Mamoswine|Mamoswine, L50, F|100/100\n|-ability|p2a: Gardevoir|Armor Tail|Trace|[from] ability: Trace|[of] p1a: Farigiraf\n|-ability|p1b: Scrafty|Intimidate|boost\n|-unboost|p2a: Gardevoir|atk|1\n|-unboost|p2b: Mamoswine|atk|1\n|turn|1\n|\n|t:|1788304255\n|detailschange|p2a: Gardevoir|Gardevoir-Mega, L50, F\n|-mega|p2a: Gardevoir|Gardevoir|Gardevoirite\n|move|p1b: Scrafty|Fake Out|p2b: Mamoswine\n|-damage|p2b: Mamoswine|87/100\n|move|p2a: Gardevoir|Calm Mind|p2a: Gardevoir\n|-boost|p2a: Gardevoir|spa|1\n|-boost|p2a: Gardevoir|spd|1\n|cant|p2b: Mamoswine|flinch\n|move|p1a: Farigiraf|Trick Room|p1a: Farigiraf\n|-fieldstart|move: Trick Room|[of] p1a: Farigiraf\n|\n|upkeep\n|turn|2\n|\n|t:|1788304282\n|move|p1a: Farigiraf|Helping Hand|p1b: Scrafty\n|-singleturn|p1b: Scrafty|Helping Hand|[of] p1a: Farigiraf\n|move|p1b: Scrafty|Drain Punch|p2b: Mamoswine\n|-supereffective|p2b: Mamoswine|1\n|-damage|p2b: Mamoswine|0 fnt\n|faint|p2b: Mamoswine\n|move|p2a: Gardevoir|Hyper Voice|p1a: Farigiraf|[spread] p1a,p1b\n|-supereffective|p1b: Scrafty|2\n|-damage|p1a: Farigiraf|39/100\n|-damage|p1b: Scrafty|0 fnt\n|faint|p1b: Scrafty\n|\n|upkeep\n|\n|t:|1788304295\n|switch|p1b: Mawile|Mawile, L50, M|100/100\n|switch|p2b: Incineroar|Incineroar, L50, M|100/100\n|-ability|p1b: Mawile|Intimidate|boost\n|-unboost|p2a: Gardevoir|atk|1\n|-unboost|p2b: Incineroar|atk|1\n|-ability|p2b: Incineroar|Intimidate|boost\n|-unboost|p1a: Farigiraf|atk|1\n|-unboost|p1b: Mawile|atk|1\n|turn|3\n|\n|t:|1788304317\n|detailschange|p1b: Mawile|Mawile-Mega, L50, M\n|-mega|p1b: Mawile|Mawile|Mawilite\n|move|p1a: Farigiraf|Helping Hand|p1b: Mawile\n|-singleturn|p1b: Mawile|Helping Hand|[of] p1a: Farigiraf\n|move|p2b: Incineroar|Fake Out||[still]\n|cant|p1a: Farigiraf|ability: Armor Tail|Fake Out|[of] p2b: Incineroar\n|move|p1b: Mawile|Iron Head|p2a: Gardevoir\n|-supereffective|p2a: Gardevoir|1\n|-damage|p2a: Gardevoir|0 fnt\n|faint|p2a: Gardevoir\n|\n|upkeep\n|\n|t:|1788304327\n|switch|p2a: Kommo-o|Kommo-o, L50, M|100/100\n|turn|4\n|\n|t:|1788304341\n|move|p1b: Mawile|Play Rough|p2b: Incineroar\n|-damage|p2b: Incineroar|40/100\n|move|p1a: Farigiraf|Psychic|p2a: Kommo-o\n|-supereffective|p2a: Kommo-o|1\n|-damage|p2a: Kommo-o|29/100\n|-enditem|p2a: Kommo-o|Sitrus Berry|[eat]\n|-heal|p2a: Kommo-o|54/100|[from] item: Sitrus Berry\n|move|p2b: Incineroar|Darkest Lariat|p1b: Mawile\n|-resisted|p1b: Mawile|1\n|-damage|p1b: Mawile|84/100\n|move|p2a: Kommo-o|Focus Blast|p1a: Farigiraf\n|-damage|p1a: Farigiraf|0 fnt\n|faint|p1a: Farigiraf\n|\n|-heal|p2b: Incineroar|46/100|[from] item: Leftovers\n|upkeep\n|\n|t:|1788304358\n|switch|p1a: Rhyperior|Rhyperior, L50, F|100/100\n|turn|5\n|\n|t:|1788304373\n|move|p1a: Rhyperior|Ice Punch|p2a: Kommo-o\n|-supereffective|p2a: Kommo-o|1\n|-damage|p2a: Kommo-o|6/100\n|move|p1b: Mawile|Play Rough|p2b: Incineroar\n|-damage|p2b: Incineroar|0 fnt\n|faint|p2b: Incineroar\n|move|p2a: Kommo-o|Focus Blast|p1a: Rhyperior\n|-supereffective|p1a: Rhyperior|1\n|-damage|p1a: Rhyperior|0 fnt\n|faint|p1a: Rhyperior\n|\n|-fieldend|move: Trick Room\n|upkeep\n|turn|6\n|\n|t:|1788304393\n|move|p1b: Mawile|Sucker Punch|p2a: Kommo-o\n|-resisted|p2a: Kommo-o|1\n|-damage|p2a: Kommo-o|0 fnt\n|faint|p2a: Kommo-o\n|\n|win|Chungwha Chuds\n","uploadtime":1788304408,"views":"3","formatid":"gen9championsvgc2026regmb","rating":null,"private":0,"password":null}