{"id":"gen9championsvgc2026regmbbo3-2674181940","format":"[Gen 9 Champions] VGC 2026 Reg M-B (Bo3)","players":["champion thompson","Dkelly1126"],"log":"|j|☆champion thompson\n|j|☆Dkelly1126\n|html|<table width=\"100%\"><tr><td align=\"left\">champion thompson</td><td align=\"right\">Dkelly1126</tr><tr><td align=\"left\"><i class=\"fa fa-circle-o\"></i> <i class=\"fa fa-circle-o\"></i> </td><td align=\"right\"><i class=\"fa fa-circle-o\"></i> <i class=\"fa fa-circle-o\"></i> </tr></table>\n|uhtml|bestof|<h2><strong>Game 1</strong> of <a href=\"/game-bestof3-gen9championsvgc2026regmbbo3-2674181937\">a best-of-3</a></h2>\n|t:|1788311501\n|gametype|doubles\n|player|p1|champion thompson|265|1039\n|player|p2|Dkelly1126|blue|1102\n|gen|9\n|tier|[Gen 9 Champions] VGC 2026 Reg M-B (Bo3)\n|rated|\n|rule|Species Clause: Limit one of each Pokémon\n|rule|Item Clause: Limit 1 of each item\n|clearpoke\n|poke|p1|Sceptile, L50, M|\n|poke|p1|Jolteon, L50, M|\n|poke|p1|Corviknight, L50, M|\n|poke|p1|Whimsicott, L50, M|\n|poke|p1|Garchomp, L50, F|\n|poke|p1|Basculegion, L50, M|\n|poke|p2|Charizard, L50, F|\n|poke|p2|Archaludon, L50, M|\n|poke|p2|Pelipper, L50, M|\n|poke|p2|Grimmsnarl, L50, M|\n|poke|p2|Venusaur, L50, M|\n|poke|p2|Swampert, L50, M|\n|teampreview|4\n|showteam|p1|Sceptile||Sceptilite|Overgrow|DragonPulse,GrassKnot,EarthPower,Protect|Modest||M|||50|]Jolteon||LifeOrb|VoltAbsorb|Discharge,ShadowBall,VoltSwitch,Charm|Timid||M|||50|]Corviknight|||Pressure|Taunt,IronHead,BraveBird,Tailwind|Careful||M|||50|]Whimsicott||FocusSash|Prankster|Moonblast,Tailwind,Encore,WorrySeed|Timid||M|||50|]Garchomp||HabanBerry|RoughSkin|StompingTantrum,RockSlide,DragonClaw,Protect|Jolly||F|||50|]Basculegion||MysticWater|Adaptability|Protect,AquaJet,WaveCrash,LastRespects|Jolly||M|||50|\n|showteam|p2|Charizard||CharizarditeY|SolarPower|Protect,HeatWave,WeatherBall,Hurricane|Modest||F|||50|]Archaludon||Leftovers|Stamina|ElectroShot,Protect,FlashCannon,DragonPulse|Calm||M|||50|]Pelipper||SitrusBerry|Drizzle|Hurricane,WeatherBall,Tailwind,WideGuard|Bold||M|||50|]Grimmsnarl||LightClay|Prankster|LightScreen,Reflect,SpiritBreak,PartingShot|Sassy||M|||50|]Venusaur||FocusSash|Chlorophyll|Protect,SludgeBomb,LeafStorm,SleepPowder|Modest||M|||50|]Swampert||Swampertite|Torrent|Protect,WaveCrash,Earthquake,IcePunch|Adamant||M|||50|\n|inactive|Battle timer is ON: inactive players will automatically lose when time's up. (requested by champion thompson)\n|inactive|Dkelly1126 has 60 seconds left.\n|\n|t:|1788311548\n|teamsize|p1|4\n|teamsize|p2|4\n|start\n|switch|p1a: Jolteon|Jolteon, L50, M|100/100\n|switch|p1b: Sceptile|Sceptile, L50, M|100/100\n|switch|p2a: Venusaur|Venusaur, L50, M|100/100\n|switch|p2b: Charizard|Charizard, L50, F|100/100\n|turn|1\n|\n|t:|1788311567\n|detailschange|p1b: Sceptile|Sceptile-Mega, L50, M\n|-mega|p1b: Sceptile|Sceptile|Sceptilite\n|detailschange|p2b: Charizard|Charizard-Mega-Y, L50, F\n|-mega|p2b: Charizard|Charizard|Charizardite Y\n|-weather|SunnyDay|[from] ability: Drought|[of] p2b: Charizard\n|move|p1b: Sceptile|Protect|p1b: Sceptile\n|-singleturn|p1b: Sceptile|Protect\n|move|p2b: Charizard|Protect|p2b: Charizard\n|-singleturn|p2b: Charizard|Protect\n|move|p2a: Venusaur|Sludge Bomb|p1b: Sceptile\n|-activate|p1b: Sceptile|move: Protect\n|move|p1a: Jolteon|Discharge|p2a: Venusaur|[spread] p2a\n|-activate|p1b: Sceptile|move: Protect\n|-activate|p2b: Charizard|move: Protect\n|-resisted|p2a: Venusaur|1\n|-damage|p2a: Venusaur|80/100\n|-damage|p1a: Jolteon|90/100|[from] item: Life Orb\n|\n|-weather|SunnyDay|[upkeep]\n|upkeep\n|turn|2\n|\n|t:|1788311590\n|move|p2a: Venusaur|Sludge Bomb|p1a: Jolteon\n|-damage|p1a: Jolteon|34/100\n|move|p1a: Jolteon|Discharge|p2a: Venusaur|[spread] p2a,p2b\n|-ability|p1b: Sceptile|Lightning Rod|boost\n|-boost|p1b: Sceptile|spa|1\n|-resisted|p2a: Venusaur|1\n|-supereffective|p2b: Charizard|1\n|-damage|p2a: Venusaur|60/100\n|-damage|p2b: Charizard|38/100\n|-status|p2b: Charizard|par\n|-damage|p1a: Jolteon|24/100|[from] item: Life Orb\n|move|p1b: Sceptile|Dragon Pulse|p2b: Charizard\n|-damage|p2b: Charizard|0 fnt\n|faint|p2b: Charizard\n|\n|-weather|SunnyDay|[upkeep]\n|upkeep\n|\n|t:|1788311603\n|switch|p2b: Grimmsnarl|Grimmsnarl, L50, M|100/100\n|turn|3\n|\n|t:|1788311623\n|move|p2a: Venusaur|Sludge Bomb|p1b: Sceptile\n|-supereffective|p1b: Sceptile|1\n|-damage|p1b: Sceptile|0 fnt\n|faint|p1b: Sceptile\n|move|p1a: Jolteon|Volt Switch|p2b: Grimmsnarl\n|-damage|p2b: Grimmsnarl|64/100\n|-damage|p1a: Jolteon|14/100|[from] item: Life Orb\n|\n|t:|1788311627\n|switch|p1a: Corviknight|Corviknight, L50, M|100/100|[from] Volt Switch\n|-ability|p1a: Corviknight|Pressure\n|move|p2b: Grimmsnarl|Spirit Break|p1a: Corviknight\n|-resisted|p1a: Corviknight|1\n|-damage|p1a: Corviknight|88/100\n|-unboost|p1a: Corviknight|spa|1\n|\n|-weather|SunnyDay|[upkeep]\n|upkeep\n|\n|t:|1788311629\n|switch|p1b: Basculegion|Basculegion, L50, M|100/100\n|turn|4\n|\n|t:|1788311651\n|move|p1b: Basculegion|Protect|p1b: Basculegion\n|-singleturn|p1b: Basculegion|Protect\n|move|p2b: Grimmsnarl|Reflect|p2b: Grimmsnarl\n|-sidestart|p2: Dkelly1126|Reflect\n|move|p2a: Venusaur|Sleep Powder|p1a: Corviknight|[miss]\n|-miss|p2a: Venusaur|p1a: Corviknight\n|move|p1a: Corviknight|Tailwind|p1a: Corviknight\n|-sidestart|p1: champion thompson|move: Tailwind\n|\n|-weather|SunnyDay|[upkeep]\n|upkeep\n|turn|5\n|\n|t:|1788311671\n|move|p2b: Grimmsnarl|Parting Shot|p1a: Corviknight\n|-unboost|p1a: Corviknight|atk|1\n|-unboost|p1a: Corviknight|spa|1\n|\n|t:|1788311674\n|switch|p2b: Archaludon|Archaludon, L50, M|100/100|[from] Parting Shot\n|move|p1b: Basculegion|Last Respects|p2a: Venusaur\n|-damage|p2a: Venusaur|8/100\n|move|p2a: Venusaur|Leaf Storm|p1b: Basculegion|[miss]\n|-miss|p2a: Venusaur|p1b: Basculegion\n|move|p1a: Corviknight|Iron Head|p2b: Archaludon\n|-resisted|p2b: Archaludon|1\n|-damage|p2b: Archaludon|95/100\n|-ability|p2b: Archaludon|Stamina|boost\n|-boost|p2b: Archaludon|def|1\n|\n|-weather|none\n|-heal|p2b: Archaludon|100/100|[from] item: Leftovers\n|upkeep\n|turn|6\n|\n|t:|1788311695\n|move|p2a: Venusaur|Protect|p2a: Venusaur\n|-singleturn|p2a: Venusaur|Protect\n|move|p1b: Basculegion|Last Respects|p2b: Archaludon\n|-damage|p2b: Archaludon|81/100\n|-ability|p2b: Archaludon|Stamina|boost\n|-boost|p2b: Archaludon|def|1\n|move|p1a: Corviknight|Brave Bird|p2a: Venusaur\n|-activate|p2a: Venusaur|move: Protect\n|move|p2b: Archaludon|Electro Shot||[still]\n|-prepare|p2b: Archaludon|Electro Shot\n|-boost|p2b: Archaludon|spa|1\n|\n|-heal|p2b: Archaludon|87/100|[from] item: Leftovers\n|upkeep\n|turn|7\n|\n|t:|1788311717\n|switch|p1a: Jolteon|Jolteon, L50, M|14/100\n|switch|p2a: Grimmsnarl|Grimmsnarl, L50, M|64/100\n|move|p1b: Basculegion|Last Respects|p2a: Grimmsnarl\n|-resisted|p2a: Grimmsnarl|1\n|-damage|p2a: Grimmsnarl|44/100\n|move|p2b: Archaludon|Electro Shot|p1b: Basculegion|[from] lockedmove\n|-supereffective|p1b: Basculegion|1\n|-damage|p1b: Basculegion|0 fnt\n|faint|p1b: Basculegion\n|\n|-heal|p2b: Archaludon|93/100|[from] item: Leftovers\n|-sideend|p1: champion thompson|move: Tailwind\n|upkeep\n|\n|t:|1788311728\n|switch|p1b: Corviknight|Corviknight, L50, M|88/100\n|-ability|p1b: Corviknight|Pressure\n|turn|8\n|\n|t:|1788311753\n|move|p2a: Grimmsnarl|Light Screen|p2a: Grimmsnarl\n|-sidestart|p2: Dkelly1126|move: Light Screen\n|move|p1a: Jolteon|Shadow Ball|p2b: Archaludon\n|-damage|p2b: Archaludon|74/100\n|-unboost|p2b: Archaludon|spd|1\n|-ability|p2b: Archaludon|Stamina|boost\n|-boost|p2b: Archaludon|def|1\n|-damage|p1a: Jolteon|4/100|[from] item: Life Orb\n|move|p2b: Archaludon|Electro Shot||[still]\n|-prepare|p2b: Archaludon|Electro Shot\n|-boost|p2b: Archaludon|spa|1\n|move|p1b: Corviknight|Iron Head|p2a: Grimmsnarl\n|-supereffective|p2a: Grimmsnarl|1\n|-damage|p2a: Grimmsnarl|12/100\n|\n|-heal|p2b: Archaludon|80/100|[from] item: Leftovers\n|upkeep\n|turn|9\n|\n|t:|1788311771\n|move|p2a: Grimmsnarl|Parting Shot|p1b: Corviknight\n|-unboost|p1b: Corviknight|atk|1\n|-unboost|p1b: Corviknight|spa|1\n|\n|t:|1788311775\n|switch|p2a: Venusaur|Venusaur, L50, M|8/100|[from] Parting Shot\n|move|p1a: Jolteon|Shadow Ball|p2b: Archaludon\n|-damage|p2b: Archaludon|49/100\n|-unboost|p2b: Archaludon|spd|1\n|-ability|p2b: Archaludon|Stamina|boost\n|-boost|p2b: Archaludon|def|1\n|-damage|p1a: Jolteon|0 fnt|[from] item: Life Orb\n|faint|p1a: Jolteon\n|move|p2b: Archaludon|Electro Shot|p1b: Corviknight|[from] lockedmove\n|-supereffective|p1b: Corviknight|1\n|-damage|p1b: Corviknight|0 fnt\n|faint|p1b: Corviknight\n|\n|win|Dkelly1126\n|inactive|champion thompson has 30 seconds to confirm battle start!\n|inactive|Dkelly1126 has 30 seconds to confirm battle start!\n","uploadtime":1788311788,"views":"1","formatid":"gen9championsvgc2026regmbbo3","rating":null,"private":0,"password":null}