{"id":"gen9championsvgc2026regmb-2674812064","format":"[Gen 9 Champions] VGC 2026 Reg M-B","players":["SpaghettiBoy25","moonfixed"],"log":"|j|☆SpaghettiBoy25\n|j|☆moonfixed\n|t:|1788411717\n|gametype|doubles\n|player|p1|SpaghettiBoy25|fantina|1242\n|player|p2|moonfixed|veteranf|1269\n|gen|9\n|tier|[Gen 9 Champions] VGC 2026 Reg M-B\n|rated|\n|rule|Species Clause: Limit one of each Pokémon\n|rule|Item Clause: Limit 1 of each item\n|clearpoke\n|poke|p1|Excadrill, L50, F|\n|poke|p1|Staraptor, L50, F|\n|poke|p1|Gholdengo, L50|\n|poke|p1|Tyranitar, L50, F|\n|poke|p1|Milotic, L50, F, shiny|\n|poke|p1|Sinistcha-Masterpiece, L50|\n|poke|p2|Weavile, L50, M, shiny|\n|poke|p2|Metagross, L50, shiny|\n|poke|p2|Whimsicott, L50, M, shiny|\n|poke|p2|Swampert, L50, F, shiny|\n|poke|p2|Kommo-o, L50, M, shiny|\n|poke|p2|Ceruledge, L50, F, shiny|\n|teampreview|4\n|inactive|Battle timer is ON: inactive players will automatically lose when time's up. (requested by moonfixed)\n|inactive|SpaghettiBoy25 has 60 seconds left.\n|\n|t:|1788411758\n|teamsize|p1|4\n|teamsize|p2|4\n|start\n|switch|p1a: Tyranitar|Tyranitar, L50, F|100/100\n|switch|p1b: Excadrill|Excadrill, L50, F|100/100\n|switch|p2a: Weavile|Weavile, L50, M, shiny|100/100\n|switch|p2b: Whimsicott|Whimsicott, L50, M, shiny|100/100\n|-weather|Sandstorm|[from] ability: Sand Stream|[of] p1a: Tyranitar\n|turn|1\n|\n|t:|1788411777\n|move|p1b: Excadrill|Protect|p1b: Excadrill\n|-singleturn|p1b: Excadrill|Protect\n|move|p1a: Tyranitar|Protect|p1a: Tyranitar\n|-singleturn|p1a: Tyranitar|Protect\n|move|p2a: Weavile|Fake Out|p1b: Excadrill\n|-activate|p1b: Excadrill|move: Protect\n|move|p2b: Whimsicott|Tailwind|p2b: Whimsicott\n|-sidestart|p2: moonfixed|move: Tailwind\n|\n|-weather|Sandstorm|[upkeep]\n|-damage|p2a: Weavile|93/100|[from] Sandstorm\n|-damage|p2b: Whimsicott|94/100|[from] Sandstorm\n|upkeep\n|turn|2\n|\n|t:|1788411791\n|switch|p1a: Staraptor|Staraptor, L50, F|100/100\n|-ability|p1a: Staraptor|Intimidate|boost\n|-unboost|p2a: Weavile|atk|1\n|-unboost|p2b: Whimsicott|atk|1\n|move|p2b: Whimsicott|Encore|p1b: Excadrill\n|-start|p1b: Excadrill|Encore\n|move|p1b: Excadrill|Protect||[still]\n|-fail|p1b: Excadrill\n|move|p2a: Weavile|Low Kick|p1a: Staraptor\n|-damage|p1a: Staraptor|86/100\n|\n|-weather|Sandstorm|[upkeep]\n|-damage|p2a: Weavile|87/100|[from] Sandstorm\n|-damage|p2b: Whimsicott|88/100|[from] Sandstorm\n|-damage|p1a: Staraptor|80/100|[from] Sandstorm\n|upkeep\n|turn|3\n|inactive|SpaghettiBoy25 has 30 seconds left.\n|\n|t:|1788411817\n|switch|p1b: Sinistcha|Sinistcha-Masterpiece, L50|100/100\n|-heal|p1a: Staraptor|100/100|[from] ability: Hospitality|[of] p1b: Sinistcha\n|switch|p1a: Tyranitar|Tyranitar, L50, F|100/100\n|move|p2a: Weavile|Triple Axel|p1a: Tyranitar\n|-damage|p1a: Tyranitar|93/100\n|-damage|p1a: Tyranitar|82/100\n|-damage|p1a: Tyranitar|65/100\n|-hitcount|p1a: Tyranitar|3\n|move|p2b: Whimsicott|Moonblast|p1a: Tyranitar\n|-supereffective|p1a: Tyranitar|1\n|-damage|p1a: Tyranitar|31/100\n|-unboost|p1a: Tyranitar|spa|1\n|\n|-weather|Sandstorm|[upkeep]\n|-damage|p2a: Weavile|81/100|[from] Sandstorm\n|-damage|p2b: Whimsicott|82/100|[from] Sandstorm\n|-damage|p1b: Sinistcha|93/100|[from] Sandstorm\n|upkeep\n|turn|4\n|inactive|SpaghettiBoy25 has 30 seconds left.\n|inactive|SpaghettiBoy25 has 20 seconds left.\n|\n|t:|1788411854\n|switch|p1a: Excadrill|Excadrill, L50, F|100/100\n|move|p2b: Whimsicott|Tickle|p1b: Sinistcha\n|-unboost|p1b: Sinistcha|atk|1\n|-unboost|p1b: Sinistcha|def|1\n|move|p2a: Weavile|Triple Axel|p1b: Sinistcha\n|-supereffective|p1b: Sinistcha|1\n|-damage|p1b: Sinistcha|75/100\n|-supereffective|p1b: Sinistcha|1\n|-damage|p1b: Sinistcha|38/100\n|-supereffective|p1b: Sinistcha|1\n|-damage|p1b: Sinistcha|0 fnt\n|faint|p1b: Sinistcha\n|-hitcount|p1: Sinistcha|3\n|\n|-weather|Sandstorm|[upkeep]\n|-damage|p2a: Weavile|75/100|[from] Sandstorm\n|-damage|p2b: Whimsicott|76/100|[from] Sandstorm\n|-sideend|p2: moonfixed|move: Tailwind\n|upkeep\n|\n|t:|1788411864\n|switch|p1b: Staraptor|Staraptor, L50, F|100/100\n|-ability|p1b: Staraptor|Intimidate|boost\n|-unboost|p2a: Weavile|atk|1\n|-unboost|p2b: Whimsicott|atk|1\n|turn|5\n|\n|t:|1788411876\n|move|p2b: Whimsicott|Tailwind|p2b: Whimsicott\n|-sidestart|p2: moonfixed|move: Tailwind\n|move|p2a: Weavile|Triple Axel|p1b: Staraptor\n|-supereffective|p1b: Staraptor|1\n|-damage|p1b: Staraptor|83/100\n|-supereffective|p1b: Staraptor|1\n|-damage|p1b: Staraptor|54/100\n|-supereffective|p1b: Staraptor|1\n|-damage|p1b: Staraptor|13/100\n|-hitcount|p1b: Staraptor|3\n|move|p1a: Excadrill|Iron Head|p2a: Weavile\n|-supereffective|p2a: Weavile|1\n|-damage|p2a: Weavile|0 fnt\n|faint|p2a: Weavile\n|move|p1b: Staraptor|Tailwind|p1b: Staraptor\n|-sidestart|p1: SpaghettiBoy25|move: Tailwind\n|\n|-weather|none\n|upkeep\n|\n|t:|1788411896\n|switch|p2a: Swampert|Swampert, L50, F, shiny|100/100\n|turn|6\n|\n|t:|1788411915\n|switch|p1b: Tyranitar|Tyranitar, L50, F|31/100\n|-weather|Sandstorm|[from] ability: Sand Stream|[of] p1b: Tyranitar\n|move|p1a: Excadrill|Iron Head|p2b: Whimsicott\n|-supereffective|p2b: Whimsicott|1\n|-damage|p2b: Whimsicott|0 fnt\n|faint|p2b: Whimsicott\n|move|p2a: Swampert|High Horsepower|p1a: Excadrill\n|-supereffective|p1a: Excadrill|1\n|-enditem|p1a: Excadrill|Focus Sash\n|-damage|p1a: Excadrill|1/100\n|\n|-weather|Sandstorm|[upkeep]\n|upkeep\n|\n|t:|1788411924\n|switch|p2b: Kommo-o|Kommo-o, L50, M, shiny|100/100\n|turn|7\n|inactive|moonfixed has 30 seconds left.\n|\n|t:|1788411954\n|detailschange|p1b: Tyranitar|Tyranitar-Mega, L50, F\n|-mega|p1b: Tyranitar|Tyranitar|Tyranitarite\n|move|p2b: Kommo-o|Protect|p2b: Kommo-o\n|-singleturn|p2b: Kommo-o|Protect\n|move|p1a: Excadrill|High Horsepower|p2b: Kommo-o\n|-activate|p2b: Kommo-o|move: Protect\n|move|p1b: Tyranitar|Knock Off|p2a: Swampert\n|-damage|p2a: Swampert|42/100\n|-enditem|p2a: Swampert|Sitrus Berry|[from] move: Knock Off|[of] p1b: Tyranitar\n|move|p2a: Swampert|Wave Crash|p1a: Excadrill\n|-supereffective|p1a: Excadrill|1\n|-damage|p1a: Excadrill|0 fnt\n|faint|p1a: Excadrill\n|-damage|p2a: Swampert|42/100|[from] Recoil\n|\n|-weather|Sandstorm|[upkeep]\n|-damage|p2b: Kommo-o|94/100|[from] Sandstorm\n|upkeep\n|\n|t:|1788411959\n|switch|p1a: Staraptor|Staraptor, L50, F|13/100\n|-ability|p1a: Staraptor|Intimidate|boost\n|-unboost|p2a: Swampert|atk|1\n|-unboost|p2b: Kommo-o|atk|1\n|turn|8\n|\n|t:|1788411976\n|move|p1a: Staraptor|Brave Bird|p2b: Kommo-o\n|-supereffective|p2b: Kommo-o|1\n|-damage|p2b: Kommo-o|0 fnt\n|faint|p2b: Kommo-o\n|-damage|p1a: Staraptor|0 fnt|[from] Recoil\n|faint|p1a: Staraptor\n|move|p1b: Tyranitar|Knock Off|p2a: Swampert\n|-damage|p2a: Swampert|6/100\n|move|p2a: Swampert|Yawn|p1b: Tyranitar\n|-start|p1b: Tyranitar|move: Yawn|[of] p2a: Swampert\n|\n|-weather|Sandstorm|[upkeep]\n|-sideend|p2: moonfixed|move: Tailwind\n|-sideend|p1: SpaghettiBoy25|move: Tailwind\n|upkeep\n|turn|9\n|\n|t:|1788411991\n|move|p1b: Tyranitar|Low Kick|p2a: Swampert\n|-damage|p2a: Swampert|0 fnt\n|faint|p2a: Swampert\n|\n|win|SpaghettiBoy25\n|raw|SpaghettiBoy25's rating: 1242 &rarr; <strong>1269</strong><br />(+27 for winning)\n|raw|moonfixed's rating: 1269 &rarr; <strong>1242</strong><br />(-27 for losing)\n|l|☆moonfixed\n|player|p2|\n","uploadtime":1788412012,"views":"2","formatid":"gen9championsvgc2026regmb","rating":1242,"private":0,"password":null}