{"id":"gen9championsvgc2026regmb-2673861267","format":"[Gen 9 Champions] VGC 2026 Reg M-B","players":["Thornlace48812","imgonnalosefs"],"log":"|j|☆Thornlace48812\n|j|☆imgonnalosefs\n|t:|1788269873\n|gametype|doubles\n|player|p1|Thornlace48812|102|1094\n|player|p2|imgonnalosefs|265|1069\n|gen|9\n|tier|[Gen 9 Champions] VGC 2026 Reg M-B\n|rated|\n|rule|Species Clause: Limit one of each Pokémon\n|rule|Item Clause: Limit 1 of each item\n|clearpoke\n|poke|p1|Garchomp, L50, M|\n|poke|p1|Charizard, L50, F|\n|poke|p1|Whimsicott, L50, F|\n|poke|p1|Sylveon, L50, M|\n|poke|p1|Kingambit, L50, F|\n|poke|p1|Basculegion, L50, M|\n|poke|p2|Gardevoir, L50, F|\n|poke|p2|Kingambit, L50, M|\n|poke|p2|Milotic, L50, M|\n|poke|p2|Sableye, L50, M|\n|poke|p2|Drampa, L50, F|\n|poke|p2|Sinistcha-Masterpiece, L50|\n|teampreview|4\n|inactive|Battle timer is ON: inactive players will automatically lose when time's up. (requested by Thornlace48812)\nThornlace48812 rejected open team sheets.\n|\n|t:|1788269876\n|teamsize|p1|4\n|teamsize|p2|4\n|start\n|switch|p1a: Garchomp|Garchomp, L50, M|100/100\n|switch|p1b: Sylveon|Sylveon, L50, M|100/100\n|switch|p2a: Sableye|Sableye, L50, M|100/100\n|switch|p2b: Milotic|Milotic, L50, M|100/100\n|turn|1\n|\n|t:|1788269888\n|move|p2a: Sableye|Gravity|p2a: Sableye\n|-fieldstart|move: Gravity\n|move|p1a: Garchomp|Dragon Claw|p2a: Sableye\n|-damage|p2a: Sableye|47/100\n|-damage|p1a: Garchomp|90/100|[from] item: Life Orb\n|move|p2b: Milotic|Blizzard|p1a: Garchomp|[spread] p1a,p1b\n|-supereffective|p1a: Garchomp|2\n|-damage|p1a: Garchomp|0 fnt\n|-damage|p1b: Sylveon|81/100\n|faint|p1a: Garchomp\n|move|p1b: Sylveon|Hyper Voice|p2a: Sableye|[spread] p2a,p2b\n|-supereffective|p2a: Sableye|1\n|-damage|p2a: Sableye|0 fnt\n|-damage|p2b: Milotic|65/100\n|faint|p2a: Sableye\n|\n|-heal|p2b: Milotic|71/100|[from] item: Leftovers\n|upkeep\n|\n|t:|1788269902\n|switch|p1a: Basculegion|Basculegion, L50, M|100/100\n|switch|p2a: Sinistcha|Sinistcha-Masterpiece, L50|100/100\n|-heal|p2b: Milotic|96/100|[from] ability: Hospitality|[of] p2a: Sinistcha\n|turn|2\n|\n|t:|1788269916\n|move|p1a: Basculegion|Last Respects|p2b: Milotic\n|-damage|p2b: Milotic|22/100\n|move|p2b: Milotic|Hypnosis|p1a: Basculegion\n|-status|p1a: Basculegion|slp|[from] move: Hypnosis\n|move|p1b: Sylveon|Hyper Voice|p2b: Milotic|[spread] p2a,p2b\n|-damage|p2a: Sinistcha|39/100\n|-damage|p2b: Milotic|0 fnt\n|-enditem|p2a: Sinistcha|Sitrus Berry|[eat]\n|-heal|p2a: Sinistcha|64/100|[from] item: Sitrus Berry\n|faint|p2b: Milotic\n|move|p2a: Sinistcha|Trick Room|p2a: Sinistcha\n|-fieldstart|move: Trick Room|[of] p2a: Sinistcha\n|\n|upkeep\n|\n|t:|1788269927\n|switch|p2b: Drampa|Drampa, L50, F|100/100\n|turn|3\n|\n|t:|1788269939\n|detailschange|p2b: Drampa|Drampa-Mega, L50, F\n|-mega|p2b: Drampa|Drampa|Drampanite\n|move|p1b: Sylveon|Detect|p1b: Sylveon\n|-singleturn|p1b: Sylveon|Protect\n|move|p2b: Drampa|Thunder|p1b: Sylveon\n|-activate|p1b: Sylveon|move: Protect\n|move|p2a: Sinistcha|Matcha Gotcha|p1b: Sylveon|[spread] p1a\n|-activate|p1b: Sylveon|move: Protect\n|-supereffective|p1a: Basculegion|1\n|-damage|p1a: Basculegion|49/100 slp\n|-heal|p2a: Sinistcha|92/100|[from] drain|[of] p1a: Basculegion\n|cant|p1a: Basculegion|slp\n|\n|upkeep\n|turn|4\n|\n|t:|1788269955\n|move|p2b: Drampa|Thunder|p1b: Sylveon\n|-damage|p1b: Sylveon|44/100\n|move|p2a: Sinistcha|Matcha Gotcha|p1b: Sylveon|[spread] p1a,p1b\n|-supereffective|p1a: Basculegion|1\n|-crit|p1a: Basculegion\n|-damage|p1a: Basculegion|0 fnt\n|-heal|p2a: Sinistcha|100/100|[from] drain|[of] p1a: Basculegion\n|-damage|p1b: Sylveon|27/100\n|faint|p1a: Basculegion\n|move|p1b: Sylveon|Hyper Voice|p2b: Drampa|[spread] p2a,p2b\n|-supereffective|p2b: Drampa|1\n|-damage|p2a: Sinistcha|40/100\n|-damage|p2b: Drampa|9/100\n|-ability|p2b: Drampa|Berserk|boost\n|-boost|p2b: Drampa|spa|1\n|\n|upkeep\n|\n|t:|1788269955\n|switch|p1a: Charizard|Charizard, L50, F|100/100\n|turn|5\n|inactive|imgonnalosefs has 30 seconds left.\n|\n|t:|1788269984\n|detailschange|p1a: Charizard|Charizard-Mega-Y, L50, F\n|-mega|p1a: Charizard|Charizard|Charizardite Y\n|-weather|SunnyDay|[from] ability: Drought|[of] p1a: Charizard\n|move|p2b: Drampa|Thunder|p1a: Charizard\n|-supereffective|p1a: Charizard|1\n|-damage|p1a: Charizard|0 fnt\n|faint|p1a: Charizard\n|move|p2a: Sinistcha|Matcha Gotcha|p1b: Sylveon\n|-damage|p1b: Sylveon|1/100\n|-heal|p2a: Sinistcha|53/100|[from] drain|[of] p1b: Sylveon\n|move|p1b: Sylveon|Hyper Voice|p2a: Sinistcha|[spread] p2a,p2b\n|-supereffective|p2b: Drampa|1\n|-damage|p2a: Sinistcha|0 fnt\n|-damage|p2b: Drampa|0 fnt\n|faint|p2a: Sinistcha\n|faint|p2b: Drampa\n|\n|win|Thornlace48812\n|raw|Thornlace48812's rating: 1137 &rarr; <strong>1157</strong><br />(+20 for winning)\n|raw|imgonnalosefs's rating: 1069 &rarr; <strong>1053</strong><br />(-16 for losing)\n","uploadtime":1788269985,"views":"1","formatid":"gen9championsvgc2026regmb","rating":1053,"private":0,"password":null}