{"id":"gen9championsvgc2026regmb-2674707660","format":"[Gen 9 Champions] VGC 2026 Reg M-B","players":["Zapdos79","sbjkl_pointybirb"],"log":"|j|☆Zapdos79\n|j|☆sbjkl_pointybirb\n|t:|1788393719\n|gametype|doubles\n|player|p1|Zapdos79|flannery|1209\n|player|p2|sbjkl_pointybirb|ingo|1107\n|gen|9\n|tier|[Gen 9 Champions] VGC 2026 Reg M-B\n|rated|\n|rule|Species Clause: Limit one of each Pokémon\n|rule|Item Clause: Limit 1 of each item\n|clearpoke\n|poke|p1|Espathra, L50, M|\n|poke|p1|Floette-Eternal, L50, F|\n|poke|p1|Charizard, L50, F|\n|poke|p1|Zoroark-Hisui, L50, F|\n|poke|p1|Sneasler, L50, F|\n|poke|p1|Kingambit, L50, M|\n|poke|p2|Floette-Eternal, L50, F|\n|poke|p2|Whimsicott, L50, M|\n|poke|p2|Arcanine-Hisui, L50, M|\n|poke|p2|Basculegion, L50, M|\n|poke|p2|Kingambit, L50, M|\n|poke|p2|Dragonite, L50, F|\n|teampreview|4\n|inactive|Battle timer is ON: inactive players will automatically lose when time's up. (requested by sbjkl_pointybirb)\n|\n|t:|1788393820\n|teamsize|p1|4\n|teamsize|p2|4\n|start\n|switch|p1a: Espathra|Espathra, L50, M|100/100\n|switch|p1b: Sneasler|Sneasler, L50, F|100/100\n|switch|p2a: Whimsicott|Whimsicott, L50, M|100/100\n|switch|p2b: Arcanine|Arcanine-Hisui, L50, M|100/100\n|turn|1\n|\n|t:|1788393834\n|switch|p2b: Basculegion|Basculegion, L50, M|100/100\n|move|p2a: Whimsicott|Protect|p2a: Whimsicott\n|-singleturn|p2a: Whimsicott|Protect\n|move|p1b: Sneasler|Bitter Malice|p2b: Basculegion\n|-supereffective|p2b: Basculegion|1\n|-damage|p2b: Basculegion|8/100\n|-unboost|p2b: Basculegion|atk|1\n|move|p1a: Espathra|Calm Mind|p1a: Espathra\n|-boost|p1a: Espathra|spa|1\n|-boost|p1a: Espathra|spd|1\n|\n|-ability|p1a: Espathra|Speed Boost|boost\n|-boost|p1a: Espathra|spe|1\n|upkeep\n|turn|2\n|inactive|sbjkl_pointybirb has 30 seconds left.\n|inactive|sbjkl_pointybirb has 20 seconds left.\n|inactive|sbjkl_pointybirb has 15 seconds left.\n|inactive|sbjkl_pointybirb has 10 seconds left.\n|\n|t:|1788393882\n|switch|p2b: Arcanine|Arcanine-Hisui, L50, M|100/100\n|move|p1a: Espathra|Protect|p1a: Espathra\n|-singleturn|p1a: Espathra|Protect\n|move|p2a: Whimsicott|Encore|p1a: Espathra\n|-activate|p1a: Espathra|move: Protect\n|move|p1b: Sneasler|Bitter Malice|p2a: Whimsicott\n|-damage|p2a: Whimsicott|35/100\n|-unboost|p2a: Whimsicott|atk|1\n|\n|-ability|p1a: Espathra|Speed Boost|boost\n|-boost|p1a: Espathra|spe|1\n|upkeep\n|turn|3\n|inactive|Zapdos79 has 30 seconds left.\n|inactive|sbjkl_pointybirb has 30 seconds left.\n|\n|t:|1788393915\n|move|p2a: Whimsicott|Encore|p1a: Espathra\n|-start|p1a: Espathra|Encore\n|move|p1a: Espathra|Protect||[still]\n|-fail|p1a: Espathra\n|move|p2b: Arcanine|Flare Blitz|p1b: Sneasler\n|-enditem|p1b: Sneasler|Focus Sash\n|-damage|p1b: Sneasler|1/100\n|replace|p1b: Zoroark|Zoroark-Hisui, L50, F\n|-end|p1b: Zoroark|Illusion\n|move|p1b: Zoroark|Bitter Malice|p2b: Arcanine\n|-damage|p2b: Arcanine|55/100\n|-unboost|p2b: Arcanine|atk|1\n|\n|-ability|p1a: Espathra|Speed Boost|boost\n|-boost|p1a: Espathra|spe|1\n|upkeep\n|turn|4\n|inactive|Zapdos79 has 30 seconds left.\n|inactive|sbjkl_pointybirb has 30 seconds left.\n|inactive|sbjkl_pointybirb has 20 seconds left.\n|inactive|sbjkl_pointybirb has 15 seconds left.\n|inactive|sbjkl_pointybirb has 10 seconds left.\n|\n|t:|1788393962\n|move|p1a: Espathra|Protect|p1a: Espathra\n|-singleturn|p1a: Espathra|Protect\n|move|p1b: Zoroark|Protect|p1b: Zoroark\n|-singleturn|p1b: Zoroark|Protect\n|move|p2a: Whimsicott|Encore|p1a: Espathra\n|-activate|p1a: Espathra|move: Protect\n|move|p2b: Arcanine|Flare Blitz|p1b: Zoroark\n|-activate|p1b: Zoroark|move: Protect\n|\n|-ability|p1a: Espathra|Speed Boost|boost\n|-boost|p1a: Espathra|spe|1\n|upkeep\n|turn|5\n|\n|t:|1788393976\n|move|p1a: Espathra|Protect||[still]\n|-fail|p1a: Espathra\n|move|p2a: Whimsicott|Encore||[still]\n|-fail|p2a: Whimsicott\n|move|p2b: Arcanine|Flare Blitz|p1b: Zoroark\n|-damage|p1b: Zoroark|0 fnt\n|faint|p1b: Zoroark\n|\n|-end|p1a: Espathra|Encore\n|-ability|p1a: Espathra|Speed Boost|boost\n|-boost|p1a: Espathra|spe|1\n|upkeep\n|\n|t:|1788393984\n|switch|p1b: Sneasler|Sneasler, L50, F|100/100\n|turn|6\n|\n|t:|1788394000\n|switch|p2b: Basculegion|Basculegion, L50, M|8/100\n|move|p1b: Sneasler|Fake Out|p2a: Whimsicott\n|-damage|p2a: Whimsicott|14/100\n|cant|p2a: Whimsicott|flinch\n|move|p1a: Espathra|Baton Pass|p1a: Espathra\n|\n|t:|1788394006\n|switch|p1a: Floette|Floette-Eternal, L50, F|100/100|[from] Baton Pass\n|\n|upkeep\n|turn|7\n|inactive|Zapdos79 has 30 seconds left.\n|\n|t:|1788394037\n|switch|p1b: Espathra|Espathra, L50, M|100/100\n|detailschange|p1a: Floette|Floette-Mega, L50, F\n|-mega|p1a: Floette|Floette|Floettite\n|-ability|p1a: Floette|Fairy Aura\n|move|p2b: Basculegion|Protect|p2b: Basculegion\n|-singleturn|p2b: Basculegion|Protect\n|move|p2a: Whimsicott|Tailwind|p2a: Whimsicott\n|-sidestart|p2: sbjkl_pointybirb|move: Tailwind\n|move|p1a: Floette|Dazzling Gleam|p2b: Basculegion|[spread] p2a\n|-activate|p2b: Basculegion|move: Protect\n|-damage|p2a: Whimsicott|0 fnt\n|faint|p2a: Whimsicott\n|\n|upkeep\n|c|☆sbjkl_pointybirb|lmao you got me with zoroark\n|\n|t:|1788394052\n|switch|p2a: Arcanine|Arcanine-Hisui, L50, M|55/100\n|turn|8\n|c|☆Zapdos79|haha ty\n|\n|t:|1788394070\n|move|p1b: Espathra|Protect|p1b: Espathra\n|-singleturn|p1b: Espathra|Protect\n|move|p2a: Arcanine|Head Smash|p1a: Floette\n|-damage|p1a: Floette|34/100\n|move|p1a: Floette|Dazzling Gleam|p2a: Arcanine|[spread] p2a,p2b\n|-resisted|p2a: Arcanine|1\n|-damage|p2a: Arcanine|12/100\n|-damage|p2b: Basculegion|0 fnt\n|faint|p2b: Basculegion\n|\n|-ability|p1b: Espathra|Speed Boost|boost\n|-boost|p1b: Espathra|spe|1\n|upkeep\n|\n|t:|1788394080\n|switch|p2b: Dragonite|Dragonite, L50, F|100/100\n|turn|9\n|inactive|sbjkl_pointybirb has 30 seconds left.\n|\n|t:|1788394107\n|switch|p1b: Sneasler|Sneasler, L50, F|100/100\n|detailschange|p2b: Dragonite|Dragonite-Mega, L50, F\n|-mega|p2b: Dragonite|Dragonite|Dragoninite\n|move|p1a: Floette|Protect|p1a: Floette\n|-singleturn|p1a: Floette|Protect\n|move|p2a: Arcanine|Head Smash|p1b: Sneasler\n|-resisted|p1b: Sneasler|1\n|-damage|p1b: Sneasler|47/100\n|move|p2b: Dragonite|Dragon Pulse|p1b: Sneasler\n|-damage|p1b: Sneasler|0 fnt\n|faint|p1b: Sneasler\n|\n|upkeep\n|\n|t:|1788394118\n|switch|p1b: Espathra|Espathra, L50, M|100/100\n|turn|10\n|inactive|Zapdos79 has 30 seconds left.\n|inactive|Zapdos79 has 20 seconds left.\n|\n|t:|1788394154\n|move|p1a: Floette|Protect|p1a: Floette\n|-singleturn|p1a: Floette|Protect\n|move|p2a: Arcanine|Head Smash|p1a: Floette\n|-activate|p1a: Floette|move: Protect\n|move|p2b: Dragonite|Heat Wave|p1b: Espathra|[spread] \n|-activate|p1a: Floette|move: Protect\n|-miss|p2b: Dragonite|p1b: Espathra\n|move|p1b: Espathra|Lumina Crash|p2b: Dragonite\n|-damage|p2b: Dragonite|86/100\n|-unboost|p2b: Dragonite|spd|2\n|\n|-sideend|p2: sbjkl_pointybirb|move: Tailwind\n|-ability|p1b: Espathra|Speed Boost|boost\n|-boost|p1b: Espathra|spe|1\n|upkeep\n|turn|11\n|c|☆Zapdos79|you completely got me with that\n|c|☆Zapdos79|double protect was my only out\n|c|☆sbjkl_pointybirb|lol ty\n|inactive|sbjkl_pointybirb has 30 seconds left.\n|c|☆sbjkl_pointybirb|im a little cooked\n|\n|t:|1788394185\n|move|p2b: Dragonite|Extreme Speed|p1a: Floette\n|-damage|p1a: Floette|13/100\n|move|p1a: Floette|Dazzling Gleam|p2a: Arcanine|[spread] p2a,p2b\n|-resisted|p2a: Arcanine|1\n|-supereffective|p2b: Dragonite|1\n|-damage|p2a: Arcanine|0 fnt\n|-damage|p2b: Dragonite|0 fnt\n|faint|p2a: Arcanine\n|faint|p2b: Dragonite\n|\n|win|Zapdos79\n|raw|Zapdos79's rating: 1209 &rarr; <strong>1227</strong><br />(+18 for winning)\n|raw|sbjkl_pointybirb's rating: 1107 &rarr; <strong>1089</strong><br />(-18 for losing)\n|c|☆sbjkl_pointybirb|gg\n|c|☆Zapdos79|gg though\n|c|☆Zapdos79|was close\n|c|☆sbjkl_pointybirb|was lots of fun\n|c|☆sbjkl_pointybirb|the zoroark really got me\n|l|☆sbjkl_pointybirb\n|player|p2|\n","uploadtime":1788394211,"views":"7","formatid":"gen9championsvgc2026regmb","rating":1089,"private":0,"password":null}