{"id":"gen9championsvgc2026regmbbo3-2674662302","format":"[Gen 9 Champions] VGC 2026 Reg M-B (Bo3)","players":["pokedaisy","KingNoahC17"],"log":"|j|☆pokedaisy\n|j|☆KingNoahC17\n|html|<table width=\"100%\"><tr><td align=\"left\">pokedaisy</td><td align=\"right\">KingNoahC17</tr><tr><td align=\"left\"><i class=\"fa fa-circle-o\"></i> <i class=\"fa fa-circle-o\"></i> </td><td align=\"right\"><i class=\"fa fa-circle-o\"></i> <i class=\"fa fa-circle-o\"></i> </tr></table>\n|uhtml|bestof|<h2><strong>Game 1</strong> of <a href=\"/game-bestof3-gen9championsvgc2026regmbbo3-2674662301\">a best-of-3</a></h2>\n|t:|1788386838\n|gametype|doubles\n|player|p1|pokedaisy|winona|\n|player|p2|KingNoahC17|alec-anime|\n|gen|9\n|tier|[Gen 9 Champions] VGC 2026 Reg M-B (Bo3)\n|rule|Species Clause: Limit one of each Pokémon\n|rule|Item Clause: Limit 1 of each item\n|clearpoke\n|poke|p1|Pelipper, L50, F|\n|poke|p1|Archaludon, L50, F|\n|poke|p1|Floette-Eternal, L50, F|\n|poke|p1|Sinistcha, L50|\n|poke|p1|Basculegion, L50, M|\n|poke|p1|Swampert, L50, F|\n|poke|p2|Incineroar, L50, F|\n|poke|p2|Toxapex, L50, M|\n|poke|p2|Dragonite, L50, M|\n|poke|p2|Froslass, L50, F|\n|poke|p2|Delphox, L50, M|\n|poke|p2|Kingambit, L50, M|\n|teampreview|4\n|showteam|p1|Pelipper||SitrusBerry|Drizzle|WeatherBall,Hurricane,Tailwind,WideGuard|Bold||F|||50|]Archaludon||Leftovers|Stamina|Protect,ElectroShot,FlashCannon,DragonPulse|Modest||F|||50|]Floette-Eternal||Floettite|FlowerVeil|LightofRuin,DazzlingGleam,DrainingKiss,Protect|Modest||F|||50|]Sinistcha||KasibBerry|Hospitality|RagePowder,MatchaGotcha,Protect,TrickRoom|Bold|||||50|]Basculegion||ChoiceScarf|Adaptability|AquaJet,WaveCrash,LastRespects,FlipTurn|Adamant||M|||50|]Swampert||Swampertite|Torrent|WaveCrash,HighHorsepower,IcePunch,Protect|Adamant||F|||50|\n|showteam|p2|Incineroar||SitrusBerry|Intimidate|FlareBlitz,Protect,FakeOut,PartingShot|Impish||F|||50|]Toxapex||Leftovers|Regenerator|Toxic,Infestation,WideGuard,BanefulBunker|Bold||M|||50|]Dragonite||LifeOrb|InnerFocus|DragonClaw,LowKick,ExtremeSpeed,Protect|Adamant||M|||50|]Froslass||Froslassite|SnowCloak|Blizzard,Protect,ShadowBall,AuroraVeil|Timid||F|||50|]Delphox||Delphoxite|Blaze|Protect,HeatWave,Encore,Psyshock|Timid||M|||50|]Kingambit||BlackGlasses|Defiant|KowtowCleave,SuckerPunch,IronHead,Protect|Adamant||M|||50|\n|c|☆pokedaisy|you as well\n|\n|t:|1788386891\n|teamsize|p1|4\n|teamsize|p2|4\n|start\n|switch|p1a: Archaludon|Archaludon, L50, F|100/100\n|switch|p1b: Swampert|Swampert, L50, F|100/100\n|switch|p2a: Incineroar|Incineroar, L50, F|100/100\n|switch|p2b: Froslass|Froslass, L50, F|100/100\n|-ability|p2a: Incineroar|Intimidate|boost\n|-unboost|p1a: Archaludon|atk|1\n|-unboost|p1b: Swampert|atk|1\n|turn|1\n|\n|t:|1788386951\n|detailschange|p2b: Froslass|Froslass-Mega, L50, F\n|-mega|p2b: Froslass|Froslass|Froslassite\n|-weather|Snowscape|[from] ability: Snow Warning|[of] p2b: Froslass\n|detailschange|p1b: Swampert|Swampert-Mega, L50, F\n|-mega|p1b: Swampert|Swampert|Swampertite\n|move|p2a: Incineroar|Fake Out|p1b: Swampert\n|-damage|p1b: Swampert|89/100\n|move|p2b: Froslass|Aurora Veil|p2b: Froslass\n|-sidestart|p2: KingNoahC17|move: Aurora Veil\n|cant|p1b: Swampert|flinch\n|move|p1a: Archaludon|Flash Cannon|p2b: Froslass\n|-supereffective|p2b: Froslass|1\n|-damage|p2b: Froslass|33/100\n|\n|-weather|Snowscape|[upkeep]\n|upkeep\n|turn|2\n|c|☆pokedaisy|yeah\n|c|☆pokedaisy|i was thinking you'd expect me to switch my arch\n|c|☆pokedaisy|hmm\n|\n|t:|1788387018\n|switch|p2b: Dragonite|Dragonite, L50, M|100/100\n|move|p1b: Swampert|Protect|p1b: Swampert\n|-singleturn|p1b: Swampert|Protect\n|move|p2a: Incineroar|Parting Shot|p1a: Archaludon\n|-unboost|p1a: Archaludon|atk|1\n|-unboost|p1a: Archaludon|spa|1\n|c|☆pokedaisy|oh\n|\n|t:|1788387029\n|switch|p2a: Toxapex|Toxapex, L50, M|100/100|[from] Parting Shot\n|move|p1a: Archaludon|Dragon Pulse|p2a: Toxapex\n|-damage|p2a: Toxapex|83/100\n|\n|-weather|Snowscape|[upkeep]\n|-heal|p2a: Toxapex|89/100|[from] item: Leftovers\n|upkeep\n|turn|3\n|c|☆pokedaisy|i thought you were gonna switch into dragonite\n|c|☆pokedaisy|in the inci slot\n|c|☆pokedaisy|sigh\n|\n|t:|1788387108\n|switch|p1b: Pelipper|Pelipper, L50, F|100/100\n|-weather|RainDance|[from] ability: Drizzle|[of] p1b: Pelipper\n|move|p2b: Dragonite|Low Kick|p1a: Archaludon\n|-supereffective|p1a: Archaludon|1\n|-damage|p1a: Archaludon|44/100\n|-ability|p1a: Archaludon|Stamina|boost\n|-boost|p1a: Archaludon|def|1\n|-damage|p2b: Dragonite|90/100|[from] item: Life Orb\n|move|p1a: Archaludon|Electro Shot||[still]\n|-prepare|p1a: Archaludon|Electro Shot\n|-boost|p1a: Archaludon|spa|1\n|-anim|p1a: Archaludon|Electro Shot|p2a: Toxapex\n|-supereffective|p2a: Toxapex|1\n|-damage|p2a: Toxapex|36/100\n|move|p2a: Toxapex|Infestation|p1b: Pelipper\n|-resisted|p1b: Pelipper|1\n|-damage|p1b: Pelipper|98/100\n|-activate|p1b: Pelipper|move: Infestation|[of] p2a: Toxapex\n|\n|-weather|RainDance|[upkeep]\n|-heal|p1a: Archaludon|50/100g|[from] item: Leftovers\n|-heal|p2a: Toxapex|42/100|[from] item: Leftovers\n|-damage|p1b: Pelipper|86/100|[from] move: Infestation|[partiallytrapped]\n|upkeep\n|turn|4\n|c|☆pokedaisy|low kick?\n|c|☆pokedaisy|oh\n|c|☆pokedaisy|i didn't even notice\n|\n|t:|1788387170\n|-heal|p2a: Toxapex|75/100|[from] ability: Regenerator|[silent]\n|switch|p2a: Froslass|Froslass-Mega, L50, F|33/100\n|-weather|Snowscape|[from] ability: Snow Warning|[of] p2a: Froslass\n|move|p2b: Dragonite|Low Kick|p1a: Archaludon\n|-supereffective|p1a: Archaludon|1\n|-damage|p1a: Archaludon|11/100\n|-ability|p1a: Archaludon|Stamina|boost\n|-boost|p1a: Archaludon|def|1\n|-damage|p2b: Dragonite|81/100|[from] item: Life Orb\n|move|p1a: Archaludon|Dragon Pulse|p2b: Dragonite\n|-supereffective|p2b: Dragonite|1\n|-damage|p2b: Dragonite|25/100\n|move|p1b: Pelipper|Tailwind|p1b: Pelipper\n|-sidestart|p1: pokedaisy|move: Tailwind\n|\n|-weather|Snowscape|[upkeep]\n|-heal|p1a: Archaludon|17/100|[from] item: Leftovers\n|-end|p1b: Pelipper|Infestation|[partiallytrapped]|[silent]\n|upkeep\n|turn|5\n|c|☆pokedaisy|oof i knew it\n|c|☆pokedaisy|no it would've killed either way\n|c|☆pokedaisy|uhh\n|\n|t:|1788387220\n|switch|p2b: Incineroar|Incineroar, L50, F|100/100\n|-ability|p2b: Incineroar|Intimidate|boost\n|-unboost|p1a: Archaludon|atk|1\n|-unboost|p1b: Pelipper|atk|1\n|move|p1a: Archaludon|Protect|p1a: Archaludon\n|-singleturn|p1a: Archaludon|Protect\n|move|p2a: Froslass|Protect|p2a: Froslass\n|-singleturn|p2a: Froslass|Protect\n|move|p1b: Pelipper|Weather Ball|p2b: Incineroar\n|-resisted|p2b: Incineroar|1\n|-damage|p2b: Incineroar|92/100\n|\n|-weather|Snowscape|[upkeep]\n|-heal|p1a: Archaludon|23/100|[from] item: Leftovers\n|-sideend|p2: KingNoahC17|move: Aurora Veil\n|upkeep\n|turn|6\n|c|☆pokedaisy|dang\n|c|☆pokedaisy|lol\n|c|☆pokedaisy|i'm gonna do something stupid here\n|c|☆pokedaisy|oh wait\n|c|☆pokedaisy|you still outspeed\n|c|☆pokedaisy|so it doesn't work\n|\n|t:|1788387286\n|switch|p1a: Swampert|Swampert-Mega, L50, F|89/100\n|switch|p1b: Basculegion|Basculegion, L50, M|100/100\n|move|p2b: Incineroar|Fake Out|p1a: Swampert\n|-damage|p1a: Swampert|80/100\n|move|p2a: Froslass|Shadow Ball|p1a: Swampert\n|-damage|p1a: Swampert|42/100\n|\n|-weather|Snowscape|[upkeep]\n|upkeep\n|turn|7\n|c|☆pokedaisy|whatever\n|c|☆pokedaisy|you win\n|c|☆pokedaisy|oh\n|j| quazavgc\n|c|☆pokedaisy|hm\n|c|☆pokedaisy|glimmora?\n|c|☆pokedaisy|oh\n|c|☆pokedaisy|wait\n|c|☆pokedaisy|it actually does screw your whole team\n|c|☆pokedaisy|lol\n|\n|t:|1788387364\n|switch|p2b: Dragonite|Dragonite, L50, M|25/100\n|move|p2a: Froslass|Protect|p2a: Froslass\n|-singleturn|p2a: Froslass|Protect\n|move|p1b: Basculegion|Last Respects|p2a: Froslass\n|-activate|p2a: Froslass|move: Protect\n|move|p1a: Swampert|Wave Crash|p2b: Dragonite\n|-resisted|p2b: Dragonite|1\n|-damage|p2b: Dragonite|0 fnt\n|faint|p2b: Dragonite\n|-damage|p1a: Swampert|34/100|[from] Recoil\n|\n|-weather|Snowscape|[upkeep]\n|-sideend|p1: pokedaisy|move: Tailwind\n|upkeep\n|c|☆pokedaisy|hmm\n|\n|t:|1788387375\n|switch|p2b: Toxapex|Toxapex, L50, M|75/100\n|turn|8\n|c|☆pokedaisy|rlly?\n|c|☆pokedaisy|don't you just baneful bunker and switch?\n|\n|t:|1788387402\n|switch|p2a: Incineroar|Incineroar, L50, F|92/100\n|-ability|p2a: Incineroar|Intimidate|boost\n|-unboost|p1a: Swampert|atk|1\n|-unboost|p1b: Basculegion|atk|1\n|move|p1b: Basculegion|Last Respects|p2a: Incineroar\n|-resisted|p2a: Incineroar|1\n|-damage|p2a: Incineroar|81/100\n|move|p1a: Swampert|Wave Crash|p2a: Incineroar\n|-supereffective|p2a: Incineroar|1\n|-damage|p2a: Incineroar|0 fnt\n|faint|p2a: Incineroar\n|-damage|p1a: Swampert|5/100|[from] Recoil\n|move|p2b: Toxapex|Infestation|p1a: Swampert\n|-damage|p1a: Swampert|2/100\n|-activate|p1a: Swampert|move: Infestation|[of] p2b: Toxapex\n|\n|-weather|none\n|-heal|p2b: Toxapex|80/100|[from] item: Leftovers\n|-damage|p1a: Swampert|0 fnt|[from] move: Infestation|[partiallytrapped]\n|faint|p1a: Swampert\n|upkeep\n|c|☆pokedaisy|oop\n|c|☆pokedaisy|ggs\n|\n|t:|1788387419\n|switch|p1a: Archaludon|Archaludon, L50, F|23/100\n|switch|p2a: Froslass|Froslass-Mega, L50, F|33/100\n|-weather|Snowscape|[from] ability: Snow Warning|[of] p2a: Froslass\n|turn|9\n|c|☆pokedaisy|i went through different teams and examined each one\n|c|☆pokedaisy|in my opinion this team is good\n|\n|t:|1788387469\n|move|p1b: Basculegion|Last Respects|p2a: Froslass\n|-supereffective|p2a: Froslass|1\n|-damage|p2a: Froslass|0 fnt\n|faint|p2a: Froslass\n|move|p1a: Archaludon|Electro Shot||[still]\n|-prepare|p1a: Archaludon|Electro Shot\n|-boost|p1a: Archaludon|spa|1\n|move|p2b: Toxapex|Toxic|p1b: Basculegion\n|-status|p1b: Basculegion|tox\n|\n|-weather|Snowscape|[upkeep]\n|-heal|p1a: Archaludon|30/100|[from] item: Leftovers\n|-heal|p2b: Toxapex|86/100|[from] item: Leftovers\n|-damage|p1b: Basculegion|93/100 tox|[from] psn\n|upkeep\n|turn|10\n|c|☆pokedaisy|i have one with incin\n|c|☆pokedaisy|yeah\n|c|☆pokedaisy|exactly what i have\n|c|☆pokedaisy|lol\n|c|☆pokedaisy|lemme ss\n|\n|t:|1788387494\n|move|p2b: Toxapex|Baneful Bunker|p2b: Toxapex\n|-singleturn|p2b: Toxapex|move: Protect\n|move|p1b: Basculegion|Last Respects|p2b: Toxapex\n|-activate|p2b: Toxapex|move: Protect\n|move|p1a: Archaludon|Electro Shot|p2b: Toxapex|[from] lockedmove\n|-activate|p2b: Toxapex|move: Protect\n|\n|-weather|Snowscape|[upkeep]\n|-heal|p1a: Archaludon|36/100|[from] item: Leftovers\n|-heal|p2b: Toxapex|92/100|[from] item: Leftovers\n|-damage|p1b: Basculegion|81/100 tox|[from] psn\n|upkeep\n|turn|11\n|-message|KingNoahC17 forfeited.\n|\n|win|pokedaisy\n|l|☆KingNoahC17\n|player|p2|\n","uploadtime":1788387528,"views":"18","formatid":"gen9championsvgc2026regmbbo3","rating":null,"private":0,"password":null}