{"id":"gen9championsvgc2026regmb-2674634114","format":"[Gen 9 Champions] VGC 2026 Reg M-B","players":["Buggy00k","xiyoncool"],"log":"|j|☆Buggy00k\n|j|☆xiyoncool\n|t:|1788382947\n|gametype|doubles\n|player|p1|Buggy00k|101|1340\n|player|p2|xiyoncool|102|1449\n|gen|9\n|tier|[Gen 9 Champions] VGC 2026 Reg M-B\n|rated|\n|rule|Species Clause: Limit one of each Pokémon\n|rule|Item Clause: Limit 1 of each item\n|clearpoke\n|poke|p1|Delphox, L50, F, shiny|\n|poke|p1|Garchomp, L50, F|\n|poke|p1|Floette-Eternal, L50, F|\n|poke|p1|Incineroar, L50, M|\n|poke|p1|Sinistcha, L50|\n|poke|p1|Sneasler, L50, F|\n|poke|p2|Raichu, L50, F|\n|poke|p2|Staraptor, L50, F|\n|poke|p2|Lycanroc-Dusk, L50, M|\n|poke|p2|Kingambit, L50, M, shiny|\n|poke|p2|Farigiraf, L50, F|\n|poke|p2|Ceruledge, L50, M|\n|teampreview|4\n|inactive|Battle timer is ON: inactive players will automatically lose when time's up. (requested by xiyoncool)\n|inactive|Buggy00k has 60 seconds left.\n|\n|t:|1788382980\n|teamsize|p1|4\n|teamsize|p2|4\n|start\n|switch|p1a: Garchomp|Garchomp, L50, F|100/100\n|switch|p1b: Sneasler|Sneasler, L50, F|100/100\n|switch|p2a: Raichu|Raichu, L50, F|100/100\n|switch|p2b: Kingambit|Kingambit, L50, M, shiny|100/100\n|turn|1\n|\n|t:|1788383004\n|detailschange|p2a: Raichu|Raichu-Mega-Y, L50, F\n|-mega|p2a: Raichu|Raichu|Raichunite Y\n|move|p2a: Raichu|Fake Out|p1b: Sneasler\n|-damage|p1b: Sneasler|84/100\n|cant|p1b: Sneasler|flinch\n|move|p1a: Garchomp|Stomping Tantrum|p2a: Raichu\n|-supereffective|p2a: Raichu|1\n|-damage|p2a: Raichu|0 fnt\n|faint|p2a: Raichu\n|-damage|p1a: Garchomp|90/100|[from] item: Life Orb\n|move|p2b: Kingambit|Iron Head|p1b: Sneasler\n|-damage|p1b: Sneasler|0 fnt\n|faint|p1b: Sneasler\n|\n|upkeep\n|\n|t:|1788383027\n|switch|p2a: Farigiraf|Farigiraf, L50, F|100/100\n|switch|p1b: Delphox|Delphox, L50, F, shiny|100/100\n|turn|2\n|\n|t:|1788383050\n|switch|p1b: Sinistcha|Sinistcha, L50|100/100\n|-heal|p1a: Garchomp|100/100|[from] ability: Hospitality|[of] p1b: Sinistcha\n|move|p2b: Kingambit|Sucker Punch|p1a: Garchomp\n|-damage|p1a: Garchomp|58/100\n|-damage|p2b: Kingambit|87/100|[from] ability: Rough Skin|[of] p1a: Garchomp\n|move|p1a: Garchomp|Dragon Claw|p2a: Farigiraf\n|-damage|p2a: Farigiraf|53/100\n|-damage|p1a: Garchomp|49/100|[from] item: Life Orb\n|move|p2a: Farigiraf|Trick Room|p2a: Farigiraf\n|-fieldstart|move: Trick Room|[of] p2a: Farigiraf\n|\n|upkeep\n|turn|3\n|\n|t:|1788383072\n|move|p1b: Sinistcha|Rage Powder|p1b: Sinistcha\n|-singleturn|p1b: Sinistcha|move: Rage Powder\n|move|p2b: Kingambit|Kowtow Cleave|p1b: Sinistcha\n|-supereffective|p1b: Sinistcha|1\n|-damage|p1b: Sinistcha|21/100\n|move|p2a: Farigiraf|Twin Beam|p1b: Sinistcha\n|-damage|p1b: Sinistcha|6/100\n|-damage|p1b: Sinistcha|0 fnt\n|faint|p1b: Sinistcha\n|-hitcount|p1: Sinistcha|2\n|move|p1a: Garchomp|Stomping Tantrum|p2b: Kingambit\n|-supereffective|p2b: Kingambit|1\n|-crit|p2b: Kingambit\n|-damage|p2b: Kingambit|0 fnt\n|faint|p2b: Kingambit\n|-end|p2b: Kingambit|fallenundefined|[silent]\n|-damage|p1a: Garchomp|39/100|[from] item: Life Orb\n|\n|upkeep\n|\n|t:|1788383085\n|switch|p2b: Ceruledge|Ceruledge, L50, M|100/100\n|switch|p1b: Delphox|Delphox, L50, F, shiny|100/100\n|turn|4\n|inactive|Buggy00k has 30 seconds left.\n|\n|t:|1788383112\n|detailschange|p1b: Delphox|Delphox-Mega, L50, F, shiny\n|-mega|p1b: Delphox|Delphox|Delphoxite\n|move|p2a: Farigiraf|Protect|p2a: Farigiraf\n|-singleturn|p2a: Farigiraf|Protect\n|move|p1a: Garchomp|Protect|p1a: Garchomp\n|-singleturn|p1a: Garchomp|Protect\n|move|p2b: Ceruledge|Bulk Up|p2b: Ceruledge\n|-boost|p2b: Ceruledge|atk|1\n|-boost|p2b: Ceruledge|def|1\n|move|p1b: Delphox|Psychic|p2b: Ceruledge\n|-damage|p2b: Ceruledge|52/100\n|\n|upkeep\n|turn|5\n|inactive|Buggy00k has 30 seconds left.\n|\n|t:|1788383141\n|move|p2a: Farigiraf|Thunderbolt|p1b: Delphox\n|-damage|p1b: Delphox|76/100\n|move|p2b: Ceruledge|Bitter Blade|p1a: Garchomp\n|-resisted|p1a: Garchomp|1\n|-damage|p1a: Garchomp|1/100\n|-heal|p2b: Ceruledge|73/100|[from] drain|[of] p1a: Garchomp\n|-damage|p2b: Ceruledge|60/100|[from] ability: Rough Skin|[of] p1a: Garchomp\n|move|p1a: Garchomp|Stomping Tantrum|p2b: Ceruledge\n|-supereffective|p2b: Ceruledge|1\n|-damage|p2b: Ceruledge|0 fnt\n|faint|p2b: Ceruledge\n|-damage|p1a: Garchomp|0 fnt|[from] item: Life Orb\n|faint|p1a: Garchomp\n|move|p1b: Delphox|Psychic|p2a: Farigiraf\n|-resisted|p2a: Farigiraf|1\n|-damage|p2a: Farigiraf|31/100\n|-enditem|p2a: Farigiraf|Sitrus Berry|[eat]\n|-heal|p2a: Farigiraf|55/100|[from] item: Sitrus Berry\n|\n|upkeep\n|turn|6\n|-message|xiyoncool forfeited.\n|\n|win|Buggy00k\n|raw|Buggy00k's rating: 1340 &rarr; <strong>1366</strong><br />(+26 for winning)\n|raw|xiyoncool's rating: 1449 &rarr; <strong>1423</strong><br />(-26 for losing)\n|l|☆xiyoncool\n|player|p2|\n|c|☆Buggy00k|gg\n","uploadtime":1788383192,"views":"1","formatid":"gen9championsvgc2026regmb","rating":1366,"private":0,"password":null}