{"id":"gen9championsvgc2026regmb-2674203888","format":"[Gen 9 Champions] VGC 2026 Reg M-B","players":["Pingunos117","Olivia Regidrigo"],"log":"|j|‽Pingunos117\n|j|☆Olivia Regidrigo\n|t:|1788314971\n|gametype|doubles\n|player|p1|Pingunos117|rosa|1587\n|player|p2|Olivia Regidrigo|n|1703\n|gen|9\n|tier|[Gen 9 Champions] VGC 2026 Reg M-B\n|rated|\n|rule|Species Clause: Limit one of each Pokémon\n|rule|Item Clause: Limit 1 of each item\n|clearpoke\n|poke|p1|Metagross, L50, shiny|\n|poke|p1|Sinistcha-Masterpiece, L50|\n|poke|p1|Incineroar, L50, F, shiny|\n|poke|p1|Tyranitar, L50, F|\n|poke|p1|Excadrill, L50, F, shiny|\n|poke|p1|Dragonite, L50, M|\n|poke|p2|Gholdengo, L50|\n|poke|p2|Staraptor, L50, F|\n|poke|p2|Tyranitar, L50, M|\n|poke|p2|Farigiraf, L50, F|\n|poke|p2|Whimsicott, L50, M, shiny|\n|poke|p2|Excadrill, L50, M, shiny|\n|teampreview|4\n|\n|t:|1788314992\n|teamsize|p1|4\n|teamsize|p2|4\n|start\n|switch|p1a: Metagross|Metagross, L50, shiny|100/100\n|switch|p1b: Incineroar|Incineroar, L50, F, shiny|100/100\n|switch|p2a: Staraptor|Staraptor, L50, F|100/100\n|switch|p2b: Gholdengo|Gholdengo, L50|100/100\n|-ability|p2a: Staraptor|Intimidate|boost\n|-fail|p1a: Metagross|unboost|[from] ability: Clear Body|[of] p1a: Metagross\n|-unboost|p1b: Incineroar|atk|1\n|-ability|p1b: Incineroar|Intimidate|boost\n|-unboost|p2a: Staraptor|atk|1\n|-unboost|p2b: Gholdengo|atk|1\n|turn|1\n|\n|t:|1788315005\n|detailschange|p2a: Staraptor|Staraptor-Mega, L50, F\n|-mega|p2a: Staraptor|Staraptor|Staraptite\n|detailschange|p1a: Metagross|Metagross-Mega, L50, shiny\n|-mega|p1a: Metagross|Metagross|Metagrossite\n|move|p2a: Staraptor|Protect|p2a: Staraptor\n|-singleturn|p2a: Staraptor|Protect\n|move|p2b: Gholdengo|Protect|p2b: Gholdengo\n|-singleturn|p2b: Gholdengo|Protect\n|move|p1a: Metagross|Psychic Fangs|p2a: Staraptor\n|-activate|p2a: Staraptor|move: Protect\n|move|p1b: Incineroar|Flare Blitz|p2b: Gholdengo\n|-activate|p2b: Gholdengo|move: Protect\n|\n|upkeep\n|turn|2\n|\n|t:|1788315018\n|move|p2a: Staraptor|Close Combat|p1b: Incineroar\n|-supereffective|p1b: Incineroar|1\n|-damage|p1b: Incineroar|22/100\n|-boost|p2a: Staraptor|def|1\n|-boost|p2a: Staraptor|spd|1\n|move|p1a: Metagross|Psychic Fangs|p2a: Staraptor\n|-supereffective|p2a: Staraptor|1\n|-damage|p2a: Staraptor|34/100\n|move|p2b: Gholdengo|Shadow Ball|p1a: Metagross\n|-supereffective|p1a: Metagross|1\n|-damage|p1a: Metagross|2/100\n|-damage|p2b: Gholdengo|90/100|[from] item: Life Orb\n|move|p1b: Incineroar|Flare Blitz|p2b: Gholdengo\n|-supereffective|p2b: Gholdengo|1\n|-damage|p2b: Gholdengo|0 fnt\n|faint|p2b: Gholdengo\n|-damage|p1b: Incineroar|0 fnt|[from] Recoil\n|faint|p1b: Incineroar\n|\n|upkeep\n|\n|t:|1788315035\n|switch|p2b: Whimsicott|Whimsicott, L50, M, shiny|100/100\n|switch|p1b: Tyranitar|Tyranitar, L50, F|100/100\n|-weather|Sandstorm|[from] ability: Sand Stream|[of] p1b: Tyranitar\n|turn|3\n|\n|t:|1788315052\n|move|p1a: Metagross|Protect|p1a: Metagross\n|-singleturn|p1a: Metagross|Protect\n|move|p2b: Whimsicott|Charm|p1a: Metagross\n|-activate|p1a: Metagross|move: Protect\n|move|p1b: Tyranitar|Ice Punch|p2a: Staraptor\n|-supereffective|p2a: Staraptor|1\n|-damage|p2a: Staraptor|0 fnt\n|faint|p2a: Staraptor\n|\n|-weather|Sandstorm|[upkeep]\n|-damage|p2b: Whimsicott|94/100|[from] Sandstorm\n|upkeep\n|\n|t:|1788315054\n|switch|p2a: Tyranitar|Tyranitar, L50, M|100/100\n|turn|4\n|\n|t:|1788315066\n|move|p2b: Whimsicott|Encore|p1a: Metagross\n|-start|p1a: Metagross|Encore\n|move|p1a: Metagross|Protect||[still]\n|-fail|p1a: Metagross\n|move|p1b: Tyranitar|Ice Punch|p2b: Whimsicott\n|-supereffective|p2b: Whimsicott|1\n|-damage|p2b: Whimsicott|18/100\n|move|p2a: Tyranitar|Low Kick|p1b: Tyranitar\n|-supereffective|p1b: Tyranitar|2\n|-damage|p1b: Tyranitar|0 fnt\n|faint|p1b: Tyranitar\n|\n|-weather|Sandstorm|[upkeep]\n|-damage|p2b: Whimsicott|12/100|[from] Sandstorm\n|upkeep\n|\n|t:|1788315072\n|switch|p1b: Sinistcha|Sinistcha-Masterpiece, L50|100/100\n|-heal|p1a: Metagross|27/100|[from] ability: Hospitality|[of] p1b: Sinistcha\n|turn|5\n|\n|t:|1788315079\n|move|p1a: Metagross|Protect|p1a: Metagross\n|-singleturn|p1a: Metagross|Protect\n|move|p2b: Whimsicott|Moonblast|p1b: Sinistcha\n|-damage|p1b: Sinistcha|53/100\n|move|p2a: Tyranitar|Knock Off|p1b: Sinistcha\n|-supereffective|p1b: Sinistcha|1\n|-damage|p1b: Sinistcha|0 fnt\n|-enditem|p1b: Sinistcha|Leftovers|[from] move: Knock Off|[of] p2a: Tyranitar\n|faint|p1b: Sinistcha\n|\n|-weather|Sandstorm|[upkeep]\n|-damage|p2b: Whimsicott|6/100|[from] Sandstorm\n|upkeep\n|turn|6\n|\n|t:|1788315100\n|move|p1a: Metagross|Protect|p1a: Metagross\n|-singleturn|p1a: Metagross|Protect\n|move|p2b: Whimsicott|Tailwind|p2b: Whimsicott\n|-sidestart|p2: Olivia Regidrigo|move: Tailwind\n|move|p2a: Tyranitar|Knock Off|p1a: Metagross\n|-activate|p1a: Metagross|move: Protect\n|\n|-weather|Sandstorm|[upkeep]\n|-damage|p2b: Whimsicott|1/100|[from] Sandstorm\n|-end|p1a: Metagross|Encore\n|upkeep\n|turn|7\n|\n|t:|1788315106\n|move|p1a: Metagross|Protect||[still]\n|-fail|p1a: Metagross\n|move|p2b: Whimsicott|Charm|p1a: Metagross\n|-unboost|p1a: Metagross|atk|2\n|move|p2a: Tyranitar|Knock Off|p1a: Metagross\n|-supereffective|p1a: Metagross|1\n|-damage|p1a: Metagross|0 fnt\n|faint|p1a: Metagross\n|\n|win|Olivia Regidrigo\n|raw|Pingunos117's rating: 1587 &rarr; <strong>1573</strong><br />(-14 for losing)\n|raw|Olivia Regidrigo's rating: 1703 &rarr; <strong>1717</strong><br />(+14 for winning)\n|l|‽Pingunos117\n|player|p1|\n|l|☆Olivia Regidrigo\n|player|p2|\n|j|☆Olivia Regidrigo\n|player|p2|Olivia Regidrigo|n|\n","uploadtime":1788315138,"views":"21","formatid":"gen9championsvgc2026regmb","rating":1573,"private":0,"password":null}