{"id":"gen9championsvgc2026regmbbo3-2674968165","format":"[Gen 9 Champions] VGC 2026 Reg M-B (Bo3)","players":["humania1","Aperson5"],"log":"|j|☆humania1\n|j|☆Aperson5\n|html|<table width=\"100%\"><tr><td align=\"left\">humania1</td><td align=\"right\">Aperson5</tr><tr><td align=\"left\"><i class=\"fa fa-circle-o\"></i> <i class=\"fa fa-circle-o\"></i> </td><td align=\"right\"><i class=\"fa fa-circle-o\"></i> <i class=\"fa fa-circle-o\"></i> </tr></table>\n|uhtml|bestof|<h2><strong>Game 1</strong> of <a href=\"/game-bestof3-gen9championsvgc2026regmbbo3-2674968164\">a best-of-3</a></h2>\n|t:|1788443260\n|gametype|doubles\n|player|p1|humania1|265|1094\n|player|p2|Aperson5|miku-fairy|1075\n|gen|9\n|tier|[Gen 9 Champions] VGC 2026 Reg M-B (Bo3)\n|rated|\n|rule|Species Clause: Limit one of each Pokémon\n|rule|Item Clause: Limit 1 of each item\n|clearpoke\n|poke|p1|Charizard, L50, F|\n|poke|p1|Whimsicott, L50, M|\n|poke|p1|Basculegion, L50, M|\n|poke|p1|Farigiraf, L50, F|\n|poke|p1|Kangaskhan, L50, F|\n|poke|p1|Sneasler, L50, M|\n|poke|p2|Volcarona, L50, M|\n|poke|p2|Blastoise, L50, M|\n|poke|p2|Sinistcha, L50|\n|poke|p2|Sylveon, L50, F|\n|poke|p2|Raichu, L50, M|\n|poke|p2|Vanilluxe, L50, F|\n|teampreview|4\n|showteam|p1|Charizard||CharizarditeY|SolarPower|WeatherBall,HeatWave,SolarBeam,Protect|Timid||F|||50|]Whimsicott||FocusSash|Prankster|Moonblast,Tailwind,SunnyDay,Encore|Timid||M|||50|]Basculegion||ChoiceScarf|Adaptability|WaveCrash,AquaJet,LastRespects,FlipTurn|Adamant||M|||50|]Farigiraf||SitrusBerry|ArmorTail|Psychic,HyperVoice,HelpingHand,TrickRoom|Modest||F|||50|]Kangaskhan||Kangaskhanite|Scrappy|FakeOut,DoubleEdge,DrainPunch,SuckerPunch|Adamant||F|||50|]Sneasler||WhiteHerb|Unburden|FakeOut,CloseCombat,DireClaw,RockTomb|Adamant||M|||50|\n|showteam|p2|Volcarona||SitrusBerry|FlameBody|QuiverDance,Protect,RagePowder,HeatWave|Modest||M|||50|]Blastoise||Blastoisinite|RainDish|WaterSpout,DarkPulse,ShellSmash,Protect|Modest||M|||50|]Sinistcha||KasibBerry|Hospitality|RagePowder,LifeDew,Protect,MatchaGotcha|Calm|||||50|]Sylveon||FairyFeather|Pixilate|CalmMind,HyperVoice,HyperBeam,Detect|Modest||F|||50|]Raichu||RaichuniteY|LightningRod|FakeOut,ZapCannon,Protect,FocusBlast|Timid||M|||50|]Vanilluxe||ChoiceScarf|SnowWarning|Blizzard,FreezeDry,IcyWind,SheerCold|Timid||F|||50|\n|inactive|Battle timer is ON: inactive players will automatically lose when time's up. (requested by Aperson5)\n|inactive|humania1 also wants the timer to be on.\n|c|☆Aperson5|glhf'\n|inactive|Aperson5 has 60 seconds left.\n|inactive|Aperson5 has 30 seconds left.\n|inactive|Aperson5 has 20 seconds left.\n|inactive|Aperson5 has 15 seconds left.\n|inactive|Aperson5 has 10 seconds left.\n|inactive|Aperson5 has 5 seconds left.\n|\n|t:|1788443346\n|teamsize|p1|4\n|teamsize|p2|4\n|start\n|switch|p1a: Charizard|Charizard, L50, F|100/100\n|switch|p1b: Basculegion|Basculegion, L50, M|100/100\n|switch|p2a: Boop|Raichu, L50, M|100/100\n|switch|p2b: Ms. Radience|Volcarona, L50, M|100/100\n|turn|1\n|\n|t:|1788443367\n|detailschange|p2a: Boop|Raichu-Mega-Y, L50, M\n|-mega|p2a: Boop|Raichu|Raichunite Y\n|move|p1a: Charizard|Protect|p1a: Charizard\n|-singleturn|p1a: Charizard|Protect\n|move|p2b: Ms. Radience|Protect|p2b: Ms. Radience\n|-singleturn|p2b: Ms. Radience|Protect\n|move|p1b: Basculegion|Wave Crash|p2b: Ms. Radience\n|-activate|p2b: Ms. Radience|move: Protect\n|move|p2a: Boop|Zap Cannon|p1b: Basculegion\n|-supereffective|p1b: Basculegion|1\n|-damage|p1b: Basculegion|0 fnt\n|faint|p1b: Basculegion\n|\n|upkeep\n|\n|t:|1788443367\n|switch|p1b: Sneasler|Sneasler, L50, M|100/100\n|turn|2\n|\n|t:|1788443382\n|move|p2a: Boop|Protect|p2a: Boop\n|-singleturn|p2a: Boop|Protect\n|move|p1a: Charizard|Protect||[still]\n|-fail|p1a: Charizard\n|move|p1b: Sneasler|Close Combat|p2a: Boop\n|-activate|p2a: Boop|move: Protect\n|move|p2b: Ms. Radience|Quiver Dance|p2b: Ms. Radience\n|-boost|p2b: Ms. Radience|spa|1\n|-boost|p2b: Ms. Radience|spd|1\n|-boost|p2b: Ms. Radience|spe|1\n|\n|upkeep\n|turn|3\n|\n|t:|1788443392\n|move|p1a: Charizard|Protect|p1a: Charizard\n|-singleturn|p1a: Charizard|Protect\n|move|p2a: Boop|Zap Cannon|p1a: Charizard\n|-activate|p1a: Charizard|move: Protect\n|move|p2b: Ms. Radience|Heat Wave|p1a: Charizard|[spread] p1b\n|-activate|p1a: Charizard|move: Protect\n|-damage|p1b: Sneasler|24/100\n|move|p1b: Sneasler|Close Combat|p2a: Boop\n|-damage|p2a: Boop|0 fnt\n|-unboost|p1b: Sneasler|def|1\n|-unboost|p1b: Sneasler|spd|1\n|faint|p2a: Boop\n|-enditem|p1b: Sneasler|White Herb\n|-clearnegativeboost|p1b: Sneasler|[silent]\n|\n|upkeep\n|\n|t:|1788443402\n|switch|p2a: Teahee|Sinistcha, L50|100/100\n|turn|4\n|\n|t:|1788443409\n|detailschange|p1a: Charizard|Charizard-Mega-Y, L50, F\n|-mega|p1a: Charizard|Charizard|Charizardite Y\n|-weather|SunnyDay|[from] ability: Drought|[of] p1a: Charizard\n|move|p2a: Teahee|Protect|p2a: Teahee\n|-singleturn|p2a: Teahee|Protect\n|move|p1b: Sneasler|Rock Tomb|p2b: Ms. Radience\n|-supereffective|p2b: Ms. Radience|2\n|-damage|p2b: Ms. Radience|6/100\n|-unboost|p2b: Ms. Radience|spe|1\n|-enditem|p2b: Ms. Radience|Sitrus Berry|[eat]\n|-heal|p2b: Ms. Radience|31/100|[from] item: Sitrus Berry\n|move|p1a: Charizard|Heat Wave|p2a: Teahee|[spread] p2b\n|-activate|p2a: Teahee|move: Protect\n|-damage|p2b: Ms. Radience|0 fnt\n|faint|p2b: Ms. Radience\n|\n|-weather|SunnyDay|[upkeep]\n|upkeep\n|\n|t:|1788443418\n|switch|p2b: Queen Dairy|Vanilluxe, L50, F|100/100\n|-weather|Snowscape|[from] ability: Snow Warning|[of] p2b: Queen Dairy\n|turn|5\n|\n|t:|1788443420\n|move|p2a: Teahee|Rage Powder|p2a: Teahee\n|-singleturn|p2a: Teahee|move: Rage Powder\n|move|p1b: Sneasler|Close Combat|p2a: Teahee\n|-immune|p2a: Teahee\n|move|p2b: Queen Dairy|Blizzard|p1b: Sneasler|[spread] p1a,p1b\n|-damage|p1a: Charizard|57/100\n|-damage|p1b: Sneasler|0 fnt\n|faint|p1b: Sneasler\n|move|p1a: Charizard|Heat Wave|p2a: Teahee|[spread] p2a,p2b\n|-supereffective|p2a: Teahee|1\n|-supereffective|p2b: Queen Dairy|1\n|-damage|p2a: Teahee|17/100\n|-damage|p2b: Queen Dairy|0 fnt\n|faint|p2b: Queen Dairy\n|\n|-weather|Snowscape|[upkeep]\n|upkeep\n|\n|t:|1788443421\n|switch|p1b: Farigiraf|Farigiraf, L50, F|100/100\n|turn|6\n|\n|t:|1788443427\n|move|p1a: Charizard|Heat Wave|p2a: Teahee\n|-supereffective|p2a: Teahee|1\n|-damage|p2a: Teahee|0 fnt\n|faint|p2a: Teahee\n|\n|win|humania1\n","uploadtime":1788443427,"views":"0","formatid":"gen9championsvgc2026regmbbo3","rating":null,"private":0,"password":null}