{"id":"gen9championsvgc2026regmb-2674255575","format":"[Gen 9 Champions] VGC 2026 Reg M-B","players":["deadman831","Thornlace48812"],"log":"|j|☆deadman831\n|j|☆Thornlace48812\n|t:|1788324537\n|gametype|doubles\n|player|p1|deadman831|1|1060\n|player|p2|Thornlace48812|1|1109\n|gen|9\n|tier|[Gen 9 Champions] VGC 2026 Reg M-B\n|rated|\n|rule|Species Clause: Limit one of each Pokémon\n|rule|Item Clause: Limit 1 of each item\n|clearpoke\n|poke|p1|Garchomp, L50, F|\n|poke|p1|Farigiraf, L50, M|\n|poke|p1|Gardevoir, L50, M|\n|poke|p1|Gallade, L50, M|\n|poke|p1|Arcanine, L50, F|\n|poke|p1|Talonflame, L50, F|\n|poke|p2|Garchomp, L50, M|\n|poke|p2|Charizard, L50, M|\n|poke|p2|Whimsicott, L50, M|\n|poke|p2|Sylveon, L50, F|\n|poke|p2|Kingambit, L50, F|\n|poke|p2|Basculegion, L50, M|\n|teampreview|4\n|inactive|Battle timer is ON: inactive players will automatically lose when time's up. (requested by Thornlace48812)\nThornlace48812 rejected open team sheets.\n|\n|t:|1788324555\n|teamsize|p1|4\n|teamsize|p2|4\n|start\n|switch|p1a: Gallade|Gallade, L50, M|100/100\n|switch|p1b: Talonflame|Talonflame, L50, F|100/100\n|switch|p2a: Sylveon|Sylveon, L50, F|100/100\n|switch|p2b: Charizard|Charizard, L50, M|100/100\n|turn|1\n|\n|t:|1788324566\n|detailschange|p2b: Charizard|Charizard-Mega-Y, L50, M\n|-mega|p2b: Charizard|Charizard|Charizardite Y\n|-weather|SunnyDay|[from] ability: Drought|[of] p2b: Charizard\n|move|p1a: Gallade|Psycho Cut|p2a: Sylveon\n|-damage|p2a: Sylveon|17/100\n|move|p1b: Talonflame|Overheat|p2a: Sylveon\n|-damage|p2a: Sylveon|0 fnt\n|-unboost|p1b: Talonflame|spa|2\n|faint|p2a: Sylveon\n|move|p2b: Charizard|Heat Wave|p1a: Gallade|[spread] p1a\n|-miss|p2b: Charizard|p1b: Talonflame\n|-damage|p1a: Gallade|27/100\n|\n|-weather|SunnyDay|[upkeep]\n|upkeep\n|\n|t:|1788324567\n|switch|p2a: Whimsicott|Whimsicott, L50, M|100/100\n|turn|2\n|\n|t:|1788324578\n|move|p2a: Whimsicott|Tailwind|p2a: Whimsicott\n|-sidestart|p2: Thornlace48812|move: Tailwind\n|move|p1b: Talonflame|Tailwind|p1b: Talonflame\n|-sidestart|p1: deadman831|move: Tailwind\n|move|p1a: Gallade|Psycho Cut|p2a: Whimsicott\n|-damage|p2a: Whimsicott|16/100\n|move|p2b: Charizard|Heat Wave|p1a: Gallade|[spread] p1a\n|-miss|p2b: Charizard|p1b: Talonflame\n|-damage|p1a: Gallade|0 fnt\n|faint|p1a: Gallade\n|\n|-weather|SunnyDay|[upkeep]\n|upkeep\n|\n|t:|1788324582\n|switch|p1a: Garchomp|Garchomp, L50, F|100/100\n|turn|3\n|\n|t:|1788324587\n|move|p1b: Talonflame|Air Slash|p2a: Whimsicott\n|-supereffective|p2a: Whimsicott|1\n|-crit|p2a: Whimsicott\n|-damage|p2a: Whimsicott|0 fnt\n|faint|p2a: Whimsicott\n|move|p1a: Garchomp|Dragon Claw|p2b: Charizard\n|-damage|p2b: Charizard|33/100\n|-damage|p1a: Garchomp|90/100|[from] item: Life Orb\n|move|p2b: Charizard|Heat Wave|p1b: Talonflame|[spread] p1a,p1b\n|-resisted|p1a: Garchomp|1\n|-resisted|p1b: Talonflame|1\n|-damage|p1a: Garchomp|54/100\n|-damage|p1b: Talonflame|43/100\n|-status|p1a: Garchomp|brn\n|\n|-weather|SunnyDay|[upkeep]\n|-damage|p1a: Garchomp|48/100 brn|[from] brn\n|upkeep\n|\n|t:|1788324588\n|switch|p2a: Basculegion|Basculegion, L50, M|100/100\n|turn|4\n|\n|t:|1788324600\n|move|p1b: Talonflame|Air Slash|p2a: Basculegion\n|-damage|p2a: Basculegion|82/100\n|move|p1a: Garchomp|Dragon Claw|p2b: Charizard\n|-damage|p2b: Charizard|3/100\n|-damage|p1a: Garchomp|38/100 brn|[from] item: Life Orb\n|move|p2b: Charizard|Heat Wave|p1b: Talonflame|[spread] p1a,p1b\n|-resisted|p1a: Garchomp|1\n|-resisted|p1b: Talonflame|1\n|-damage|p1a: Garchomp|0 fnt\n|-damage|p1b: Talonflame|0 fnt\n|faint|p1a: Garchomp\n|faint|p1b: Talonflame\n|move|p2a: Basculegion|Last Respects|p1: Garchomp|[notarget]\n|-fail|p2a: Basculegion\n|\n|-weather|SunnyDay|[upkeep]\n|upkeep\n|\n|t:|1788324604\n|switch|p1b: Gardevoir|Gardevoir, L50, M|100/100\n|-ability|p1b: Gardevoir|Adaptability|Trace|[from] ability: Trace|[of] p2a: Basculegion\n|turn|5\n|\n|t:|1788324606\n|detailschange|p1b: Gardevoir|Gardevoir-Mega, L50, M\n|-mega|p1b: Gardevoir|Gardevoir|Gardevoirite\n|move|p2b: Charizard|Heat Wave|p1b: Gardevoir\n|-damage|p1b: Gardevoir|24/100\n|move|p1b: Gardevoir|Hyper Voice|p2a: Basculegion|[spread] p2a,p2b\n|-resisted|p2b: Charizard|1\n|-damage|p2a: Basculegion|20/100y\n|-damage|p2b: Charizard|0 fnt\n|faint|p2b: Charizard\n|move|p2a: Basculegion|Last Respects|p1b: Gardevoir\n|-supereffective|p1b: Gardevoir|1\n|-damage|p1b: Gardevoir|0 fnt\n|faint|p1b: Gardevoir\n|\n|win|Thornlace48812\n|raw|deadman831's rating: 1060 &rarr; <strong>1046</strong><br />(-14 for losing)\n|raw|Thornlace48812's rating: 1158 &rarr; <strong>1176</strong><br />(+18 for winning)\n","uploadtime":1788324606,"views":"2","formatid":"gen9championsvgc2026regmb","rating":1046,"private":0,"password":null}