{"id":"gen9championsvgc2026regmbbo3-2673838471","format":"[Gen 9 Champions] VGC 2026 Reg M-B (Bo3)","players":["AnonymousAtem","IronSerpentFan"],"log":"|j|☆AnonymousAtem\n|j|☆IronSerpentFan\n|html|<table width=\"100%\"><tr><td align=\"left\">AnonymousAtem</td><td align=\"right\">IronSerpentFan</tr><tr><td align=\"left\"><i class=\"fa fa-circle-o\"></i> <i class=\"fa fa-circle-o\"></i> </td><td align=\"right\"><i class=\"fa fa-circle-o\"></i> <i class=\"fa fa-circle-o\"></i> </tr></table>\n|uhtml|bestof|<h2><strong>Game 1</strong> of <a href=\"/game-bestof3-gen9championsvgc2026regmbbo3-2673838470\">a best-of-3</a></h2>\n|t:|1788266504\n|gametype|doubles\n|player|p1|AnonymousAtem|brycen|1105\n|player|p2|IronSerpentFan|schoolkid-gen4|1127\n|gen|9\n|tier|[Gen 9 Champions] VGC 2026 Reg M-B (Bo3)\n|rated|\n|rule|Species Clause: Limit one of each Pokémon\n|rule|Item Clause: Limit 1 of each item\n|clearpoke\n|poke|p1|Floette-Eternal, L50, F|\n|poke|p1|Raichu, L50, M|\n|poke|p1|Umbreon, L50, M|\n|poke|p1|Milotic, L50, F|\n|poke|p1|Tsareena, L50, F|\n|poke|p1|Hippowdon, L50, M|\n|poke|p2|Politoed, L50, F|\n|poke|p2|Gengar, L50, M|\n|poke|p2|Incineroar, L50, M|\n|poke|p2|Sinistcha, L50|\n|poke|p2|Whimsicott, L50, F|\n|poke|p2|Staraptor, L50, F|\n|teampreview|4\n|showteam|p1|Floette-Eternal||Floettite|FlowerVeil|Protect,LightofRuin,Moonblast,DazzlingGleam|Timid||F|||50|]Raichu||RaichuniteY|LightningRod|Protect,Encore,FocusBlast,ZapCannon|Timid||M|||50|]Umbreon||Leftovers|InnerFocus|Yawn,Taunt,Snarl,FoulPlay|Careful||M|||50|]Milotic||SitrusBerry|Competitive|Recover,HelpingHand,IcyWind,Scald|Modest||F|||50|]Tsareena||ChoiceScarf|QueenlyMajesty|PlayRough,TripleAxel,Uturn,TropKick|Adamant||F|||50|]Hippowdon||LifeOrb|SandStream|Protect,Yawn,RockSlide,HighHorsepower|Adamant||M|||50|\n|showteam|p2|Politoed||SitrusBerry|Drizzle|Protect,Encore,WeatherBall,PerishSong|Modest||F|||50|]Gengar||Gengarite|CursedBody|Protect,Disable,ShadowBall,SludgeBomb|Timid||M|||50|]Incineroar||PasshoBerry|Intimidate|Protect,FakeOut,ThroatChop,PartingShot|Sassy||M|||50|]Sinistcha||ColburBerry|Hospitality|Protect,RagePowder,MatchaGotcha,TrickRoom|Sassy|||||50|]Whimsicott||FocusSash|Prankster|Protect,Tailwind,Moonblast,Charm|Timid||F|||50|]Staraptor||Staraptite|Intimidate|Protect,Roost,CloseCombat,BraveBird|Jolly||F|||50|\n|inactive|Battle timer is ON: inactive players will automatically lose when time's up. (requested by IronSerpentFan)\n|c|☆IronSerpentFan|glhf\n|inactive|AnonymousAtem has 60 seconds left.\n|inactive|IronSerpentFan has 60 seconds left.\n|\n|t:|1788266562\n|teamsize|p1|4\n|teamsize|p2|4\n|start\n|switch|p1a: Raichu|Raichu, L50, M|100/100\n|switch|p1b: Tsareena|Tsareena, L50, F|100/100\n|switch|p2a: Gengar|Gengar, L50, M|100/100\n|switch|p2b: Whimsicott|Whimsicott, L50, F|100/100\n|turn|1\n|inactive|AnonymousAtem has 30 seconds left.\n|\n|t:|1788266593\n|detailschange|p1a: Raichu|Raichu-Mega-Y, L50, M\n|-mega|p1a: Raichu|Raichu|Raichunite Y\n|detailschange|p2a: Gengar|Gengar-Mega, L50, M\n|-mega|p2a: Gengar|Gengar|Gengarite\n|move|p2a: Gengar|Protect|p2a: Gengar\n|-singleturn|p2a: Gengar|Protect\n|move|p2b: Whimsicott|Tailwind|p2b: Whimsicott\n|-sidestart|p2: IronSerpentFan|move: Tailwind\n|move|p1a: Raichu|Zap Cannon|p2a: Gengar\n|-activate|p2a: Gengar|move: Protect\n|move|p1b: Tsareena|Triple Axel|p2b: Whimsicott\n|-supereffective|p2b: Whimsicott|1\n|-damage|p2b: Whimsicott|78/100\n|-supereffective|p2b: Whimsicott|1\n|-damage|p2b: Whimsicott|32/100\n|-supereffective|p2b: Whimsicott|1\n|-damage|p2b: Whimsicott|0 fnt\n|faint|p2b: Whimsicott\n|-hitcount|p2: Whimsicott|3\n|\n|upkeep\n|\n|t:|1788266610\n|switch|p2b: Sinistcha|Sinistcha, L50|100/100\n|turn|2\n|\n|t:|1788266625\n|move|p1a: Raichu|Protect|p1a: Raichu\n|-singleturn|p1a: Raichu|Protect\n|move|p2b: Sinistcha|Rage Powder|p2b: Sinistcha\n|-singleturn|p2b: Sinistcha|move: Rage Powder\n|move|p2a: Gengar|Sludge Bomb|p1b: Tsareena\n|-supereffective|p1b: Tsareena|1\n|-damage|p1b: Tsareena|0 fnt\n|faint|p1b: Tsareena\n|\n|upkeep\n|\n|t:|1788266639\n|switch|p1b: Milotic|Milotic, L50, F|100/100\n|turn|3\n|\n|t:|1788266656\n|move|p2b: Sinistcha|Rage Powder|p2b: Sinistcha\n|-singleturn|p2b: Sinistcha|move: Rage Powder\n|move|p2a: Gengar|Sludge Bomb|p1a: Raichu\n|-damage|p1a: Raichu|20/100y\n|move|p1a: Raichu|Zap Cannon|p2b: Sinistcha\n|-resisted|p2b: Sinistcha|1\n|-damage|p2b: Sinistcha|64/100\n|-status|p2b: Sinistcha|par\n|move|p1b: Milotic|Icy Wind|p2a: Gengar|[spread] p2a,p2b\n|-supereffective|p2b: Sinistcha|1\n|-damage|p2a: Gengar|83/100\n|-damage|p2b: Sinistcha|42/100 par\n|-unboost|p2a: Gengar|spe|1\n|-unboost|p2b: Sinistcha|spe|1\n|\n|upkeep\n|turn|4\n|\n|t:|1788266676\n|move|p1a: Raichu|Protect|p1a: Raichu\n|-singleturn|p1a: Raichu|Protect\n|move|p2b: Sinistcha|Rage Powder|p2b: Sinistcha\n|-singleturn|p2b: Sinistcha|move: Rage Powder\n|move|p2a: Gengar|Disable|p1a: Raichu\n|-activate|p1a: Raichu|move: Protect\n|move|p1b: Milotic|Icy Wind|p2b: Sinistcha|[spread] p2b\n|-miss|p1b: Milotic|p2a: Gengar\n|-supereffective|p2b: Sinistcha|1\n|-damage|p2b: Sinistcha|19/100 par\n|-unboost|p2b: Sinistcha|spe|1\n|\n|-sideend|p2: IronSerpentFan|move: Tailwind\n|upkeep\n|turn|5\n|inactive|AnonymousAtem has 30 seconds left.\n|inactive|AnonymousAtem has 20 seconds left.\n|\n|t:|1788266714\n|move|p2b: Sinistcha|Rage Powder|p2b: Sinistcha\n|-singleturn|p2b: Sinistcha|move: Rage Powder\n|move|p1a: Raichu|Zap Cannon|p2b: Sinistcha\n|-resisted|p2b: Sinistcha|1\n|-damage|p2b: Sinistcha|0 fnt\n|faint|p2b: Sinistcha\n|move|p2a: Gengar|Sludge Bomb|p1a: Raichu\n|-crit|p1a: Raichu\n|-damage|p1a: Raichu|0 fnt\n|faint|p1a: Raichu\n|move|p1b: Milotic|Scald|p2a: Gengar\n|-damage|p2a: Gengar|39/100\n|\n|upkeep\n|\n|t:|1788266725\n|switch|p1a: Hippowdon|Hippowdon, L50, M|100/100\n|switch|p2b: Politoed|Politoed, L50, F|100/100\n|-weather|RainDance|[from] ability: Drizzle|[of] p2b: Politoed\n|-weather|Sandstorm|[from] ability: Sand Stream|[of] p1a: Hippowdon\n|turn|6\n|inactive|AnonymousAtem has 30 seconds left.\n|inactive|IronSerpentFan has 30 seconds left.\n|inactive|AnonymousAtem has 20 seconds left.\n|inactive|IronSerpentFan has 20 seconds left.\n|inactive|AnonymousAtem has 15 seconds left.\n|inactive|IronSerpentFan has 15 seconds left.\n|\n|t:|1788266769\n|move|p2a: Gengar|Protect|p2a: Gengar\n|-singleturn|p2a: Gengar|Protect\n|move|p1b: Milotic|Scald|p2a: Gengar\n|-activate|p2a: Gengar|move: Protect\n|move|p2b: Politoed|Perish Song|p2b: Politoed\n|-start|p1a: Hippowdon|perish3|[silent]\n|-start|p1b: Milotic|perish3|[silent]\n|-start|p2a: Gengar|perish3|[silent]\n|-start|p2b: Politoed|perish3|[silent]\n|-fieldactivate|move: Perish Song\n|move|p1a: Hippowdon|Yawn|p2b: Politoed\n|-start|p2b: Politoed|move: Yawn|[of] p1a: Hippowdon\n|\n|-weather|Sandstorm|[upkeep]\n|-damage|p2a: Gengar|33/100|[from] Sandstorm\n|-damage|p1b: Milotic|94/100|[from] Sandstorm\n|-damage|p2b: Politoed|93/100|[from] Sandstorm\n|-start|p2a: Gengar|perish3\n|-start|p1b: Milotic|perish3\n|-start|p2b: Politoed|perish3\n|-start|p1a: Hippowdon|perish3\n|upkeep\n|turn|7\n|inactive|AnonymousAtem has 30 seconds left.\n|\n|t:|1788266803\n|move|p2a: Gengar|Disable|p1b: Milotic\n|-start|p1b: Milotic|Disable|Scald\n|move|p1b: Milotic|Icy Wind|p2a: Gengar|[spread] p2a,p2b\n|-resisted|p2b: Politoed|1\n|-damage|p2a: Gengar|17/100\n|-damage|p2b: Politoed|88/100\n|-unboost|p2a: Gengar|spe|1\n|-unboost|p2b: Politoed|spe|1\n|move|p1a: Hippowdon|High Horsepower|p2a: Gengar\n|-supereffective|p2a: Gengar|1\n|-damage|p2a: Gengar|0 fnt\n|faint|p2a: Gengar\n|-damage|p1a: Hippowdon|90/100|[from] item: Life Orb\n|move|p2b: Politoed|Weather Ball|p1a: Hippowdon\n|-resisted|p1a: Hippowdon|1\n|-damage|p1a: Hippowdon|78/100\n|\n|-weather|Sandstorm|[upkeep]\n|-damage|p1b: Milotic|88/100|[from] Sandstorm\n|-damage|p2b: Politoed|82/100|[from] Sandstorm\n|-end|p2b: Politoed|move: Yawn|[silent]\n|-status|p2b: Politoed|slp\n|-start|p1b: Milotic|perish2\n|-start|p1a: Hippowdon|perish2\n|-start|p2b: Politoed|perish2\n|upkeep\n|turn|8\n|\n|t:|1788266826\n|move|p1b: Milotic|Helping Hand|p1a: Hippowdon\n|-singleturn|p1a: Hippowdon|Helping Hand|[of] p1b: Milotic\n|move|p1a: Hippowdon|High Horsepower|p2b: Politoed\n|-damage|p2b: Politoed|0 fnt\n|faint|p2b: Politoed\n|-damage|p1a: Hippowdon|68/100|[from] item: Life Orb\n|\n|win|AnonymousAtem\n","uploadtime":1788266832,"views":"0","formatid":"gen9championsvgc2026regmbbo3","rating":null,"private":0,"password":null}