{"id":"gen9championsvgc2026regmb-2674422488","format":"[Gen 9 Champions] VGC 2026 Reg M-B","players":["prisonbreakzzz","lucienflash"],"log":"|j|☆prisonbreakzzz\n|j|☆lucienflash\n|html|<table width=\"100%\"><tr><td align=\"left\">prisonbreakzzz</td><td align=\"right\">lucienflash</tr><tr><td align=\"left\"><i class=\"fa fa-circle\"></i> <i class=\"fa fa-circle-o\"></i> </td><td align=\"right\"><i class=\"fa fa-circle-o\"></i> <i class=\"fa fa-circle-o\"></i> </tr></table>\n|uhtml|bestof|<h2><strong>Game 2</strong> of <a href=\"/game-bestof3-gen9championsvgc2026regmb-2674420420\">a best-of-3</a></h2>\n|t:|1788357927\n|gametype|doubles\n|player|p1|prisonbreakzzz|bruno|\n|player|p2|lucienflash|101|\n|gen|9\n|tier|[Gen 9 Champions] VGC 2026 Reg M-B\n|rule|Species Clause: Limit one of each Pokémon\n|rule|Item Clause: Limit 1 of each item\n|raw|<div class=\"infobox\"><details class=\"readmore\" open><summary><strong>1 custom rule:</strong></summary> Best of = 3</details></div>\n|clearpoke\n|poke|p1|Delphox, L50, F|\n|poke|p1|Swampert, L50, F|\n|poke|p1|Floette-Eternal, L50, F|\n|poke|p1|Kangaskhan, L50, F|\n|poke|p1|Noivern, L50, M|\n|poke|p1|Scrafty, L50, M|\n|poke|p2|Torkoal, L50, M|\n|poke|p2|Sinistcha-Masterpiece, L50|\n|poke|p2|Snorlax, L50, F|\n|poke|p2|Sharpedo, L50, F|\n|poke|p2|Leafeon, L50, F|\n|poke|p2|Sableye, L50, F|\n|teampreview|4\nprisonbreakzzz rejected open team sheets.\n|j| k3ksmann\n|inactive|Battle timer is ON: inactive players will automatically lose when time's up. (requested by prisonbreakzzz)\n|\n|t:|1788357960\n|teamsize|p1|4\n|teamsize|p2|4\n|start\n|switch|p1a: Delphox|Delphox, L50, F|100/100\n|switch|p1b: Kangaskhan|Kangaskhan, L50, F|100/100\n|switch|p2a: Sinistcha|Sinistcha-Masterpiece, L50|100/100\n|switch|p2b: Snorlax|Snorlax, L50, F|100/100\n|turn|1\n|\n|t:|1788357983\n|detailschange|p1a: Delphox|Delphox-Mega, L50, F\n|-mega|p1a: Delphox|Delphox|Delphoxite\n|move|p1b: Kangaskhan|Fake Out|p2a: Sinistcha\n|-damage|p2a: Sinistcha|84/100\n|move|p1a: Delphox|Nasty Plot|p1a: Delphox\n|-boost|p1a: Delphox|spa|2\n|move|p2b: Snorlax|Curse|p2b: Snorlax\n|-unboost|p2b: Snorlax|spe|1\n|-boost|p2b: Snorlax|atk|1\n|-boost|p2b: Snorlax|def|1\n|cant|p2a: Sinistcha|flinch\n|\n|upkeep\n|turn|2\n|inactive|prisonbreakzzz has 30 seconds left.\n|\n|t:|1788358013\n|move|p1a: Delphox|Heat Wave|p2b: Snorlax|[spread] p2a,p2b\n|-supereffective|p2a: Sinistcha|1\n|-damage|p2a: Sinistcha|0 fnt\n|-damage|p2b: Snorlax|68/100\n|faint|p2a: Sinistcha\n|move|p1b: Kangaskhan|Drain Punch|p2b: Snorlax\n|-supereffective|p2b: Snorlax|1\n|-damage|p2b: Snorlax|46/100\n|-enditem|p2b: Snorlax|Sitrus Berry|[eat]\n|-heal|p2b: Snorlax|71/100|[from] item: Sitrus Berry\n|move|p2b: Snorlax|Double-Edge|p1a: Delphox\n|-damage|p1a: Delphox|0 fnt\n|faint|p1a: Delphox\n|-damage|p2b: Snorlax|46/100|[from] Recoil\n|\n|upkeep\n|\n|t:|1788358028\n|switch|p1a: Floette|Floette-Eternal, L50, F|100/100\n|switch|p2a: Torkoal|Torkoal, L50, M|100/100\n|-weather|SunnyDay|[from] ability: Drought|[of] p2a: Torkoal\n|turn|3\n|\n|t:|1788358045\n|move|p2a: Torkoal|Protect|p2a: Torkoal\n|-singleturn|p2a: Torkoal|Protect\n|move|p1a: Floette|Light of Ruin|p2b: Snorlax\n|-damage|p2b: Snorlax|0 fnt\n|faint|p2b: Snorlax\n|-damage|p1a: Floette|65/100|[from] Recoil\n|move|p1b: Kangaskhan|Double-Edge|p2a: Torkoal\n|-activate|p2a: Torkoal|move: Protect\n|\n|-weather|SunnyDay|[upkeep]\n|upkeep\n|\n|t:|1788358051\n|switch|p2b: Sharpedo|Sharpedo, L50, F|100/100\n|turn|4\n|\n|t:|1788358070\n|switch|p1a: Scrafty|Scrafty, L50, M|100/100\n|-ability|p1a: Scrafty|Intimidate|boost\n|-unboost|p2a: Torkoal|atk|1\n|-unboost|p2b: Sharpedo|atk|1\n|detailschange|p2b: Sharpedo|Sharpedo-Mega, L50, F\n|-mega|p2b: Sharpedo|Sharpedo|Sharpedonite\n|move|p2b: Sharpedo|Close Combat|p1b: Kangaskhan\n|-supereffective|p1b: Kangaskhan|1\n|-damage|p1b: Kangaskhan|35/100\n|-unboost|p2b: Sharpedo|def|1\n|-unboost|p2b: Sharpedo|spd|1\n|move|p1b: Kangaskhan|Double-Edge|p2a: Torkoal\n|-damage|p2a: Torkoal|57/100\n|-damage|p1b: Kangaskhan|21/100|[from] Recoil\n|move|p2a: Torkoal|Eruption|p1b: Kangaskhan|[spread] p1a,p1b\n|-damage|p1a: Scrafty|57/100\n|-damage|p1b: Kangaskhan|0 fnt\n|faint|p1b: Kangaskhan\n|\n|-weather|SunnyDay|[upkeep]\n|upkeep\n|\n|t:|1788358088\n|switch|p1b: Floette|Floette-Eternal, L50, F|65/100\n|turn|5\n|\n|t:|1788358098\n|move|p2b: Sharpedo|Protect|p2b: Sharpedo\n|-singleturn|p2b: Sharpedo|Protect\n|move|p2a: Torkoal|Protect|p2a: Torkoal\n|-singleturn|p2a: Torkoal|Protect\n|move|p1a: Scrafty|Fake Out|p2a: Torkoal\n|-activate|p2a: Torkoal|move: Protect\n|move|p1b: Floette|Dazzling Gleam|p2a: Torkoal|[spread] \n|-activate|p2a: Torkoal|move: Protect\n|-activate|p2b: Sharpedo|move: Protect\n|\n|-weather|SunnyDay|[upkeep]\n|upkeep\n|turn|6\n|inactive|prisonbreakzzz has 30 seconds left.\n|\n|t:|1788358130\n|move|p2b: Sharpedo|Close Combat|p1a: Scrafty\n|-supereffective|p1a: Scrafty|1\n|-damage|p1a: Scrafty|2/100\n|-unboost|p2b: Sharpedo|def|1\n|-unboost|p2b: Sharpedo|spd|1\n|move|p1b: Floette|Dazzling Gleam|p2b: Sharpedo|[spread] p2a,p2b\n|-resisted|p2a: Torkoal|1\n|-supereffective|p2b: Sharpedo|1\n|-damage|p2a: Torkoal|34/100\n|-damage|p2b: Sharpedo|0 fnt\n|faint|p2b: Sharpedo\n|move|p1a: Scrafty|Knock Off|p2a: Torkoal\n|-damage|p2a: Torkoal|0 fnt\n|-enditem|p2a: Torkoal|Charcoal|[from] move: Knock Off|[of] p1a: Scrafty\n|faint|p2a: Torkoal\n|\n|win|prisonbreakzzz\n|c|☆lucienflash|Ggs\n|l|☆lucienflash\n|player|p2|\n|c|☆prisonbreakzzz|ggs\n|l| k3ksmann\n","uploadtime":1788358168,"views":"25","formatid":"gen9championsvgc2026regmb","rating":null,"private":0,"password":null}