{"id":"gen9championsvgc2026regmb-2673875293","format":"[Gen 9 Champions] VGC 2026 Reg M-B","players":["swampflower1","Thornlace48812"],"log":"|j|☆swampflower1\n|j|☆Thornlace48812\n|t:|1788271741\n|gametype|doubles\n|player|p1|swampflower1|pokemaniac|1139\n|player|p2|Thornlace48812|102|1166\n|gen|9\n|tier|[Gen 9 Champions] VGC 2026 Reg M-B\n|rated|\n|rule|Species Clause: Limit one of each Pokémon\n|rule|Item Clause: Limit 1 of each item\n|clearpoke\n|poke|p1|Archaludon, L50, F|\n|poke|p1|Dragapult, L50, M|\n|poke|p1|Dragonite, L50, F|\n|poke|p1|Hydreigon, L50, M|\n|poke|p1|Dragalge, L50, F|\n|poke|p1|Noivern, L50, M|\n|poke|p2|Garchomp, L50, M|\n|poke|p2|Charizard, L50, F|\n|poke|p2|Whimsicott, L50, M|\n|poke|p2|Sylveon, L50, F|\n|poke|p2|Kingambit, L50, F|\n|poke|p2|Basculegion, L50, M|\n|teampreview|4\n|inactive|Battle timer is ON: inactive players will automatically lose when time's up. (requested by Thornlace48812)\nThornlace48812 rejected open team sheets.\n|inactive|swampflower1 has 60 seconds left.\n|\n|t:|1788271794\n|teamsize|p1|4\n|teamsize|p2|4\n|start\n|switch|p1a: Dragalge|Dragalge, L50, F|100/100\n|switch|p1b: Hydreigon|Hydreigon, L50, M|100/100\n|switch|p2a: Sylveon|Sylveon, L50, F|100/100\n|switch|p2b: Charizard|Charizard, L50, F|100/100\n|turn|1\n|\n|t:|1788271817\n|switch|p1b: Archaludon|Archaludon, L50, F|100/100\n|detailschange|p2b: Charizard|Charizard-Mega-Y, L50, F\n|-mega|p2b: Charizard|Charizard|Charizardite Y\n|-weather|SunnyDay|[from] ability: Drought|[of] p2b: Charizard\n|detailschange|p1a: Dragalge|Dragalge-Mega, L50, F\n|-mega|p1a: Dragalge|Dragalge|Dragalgite\n|move|p2b: Charizard|Heat Wave|p1b: Archaludon|[spread] p1a,p1b\n|-resisted|p1a: Dragalge|1\n|-damage|p1a: Dragalge|79/100\n|-damage|p1b: Archaludon|20/100y\n|-ability|p1b: Archaludon|Stamina|boost\n|-boost|p1b: Archaludon|def|1\n|move|p2a: Sylveon|Hyper Voice|p1a: Dragalge|[spread] p1a,p1b\n|-damage|p1a: Dragalge|48/100\n|-damage|p1b: Archaludon|0 fnt\n|faint|p1b: Archaludon\n|move|p1a: Dragalge|Sludge Wave|p2a: Sylveon|[spread] p2a,p2b\n|-supereffective|p2a: Sylveon|1\n|-damage|p2a: Sylveon|38/100\n|-damage|p2b: Charizard|61/100\n|\n|-weather|SunnyDay|[upkeep]\n|upkeep\n|inactive|swampflower1 has 30 seconds left.\n|\n|t:|1788271844\n|switch|p1b: Hydreigon|Hydreigon, L50, M|100/100\n|turn|2\n|\n|t:|1788271855\n|move|p2b: Charizard|Protect|p2b: Charizard\n|-singleturn|p2b: Charizard|Protect\n|move|p1b: Hydreigon|Flash Cannon|p2a: Sylveon\n|-supereffective|p2a: Sylveon|1\n|-damage|p2a: Sylveon|0 fnt\n|faint|p2a: Sylveon\n|move|p1a: Dragalge|Sludge Bomb|p2b: Charizard\n|-activate|p2b: Charizard|move: Protect\n|\n|-weather|SunnyDay|[upkeep]\n|upkeep\n|\n|t:|1788271855\n|switch|p2a: Whimsicott|Whimsicott, L50, M|100/100\n|turn|3\n|\n|t:|1788271873\n|move|p1b: Hydreigon|Flash Cannon|p2a: Whimsicott\n|-supereffective|p2a: Whimsicott|1\n|-enditem|p2a: Whimsicott|Focus Sash\n|-damage|p2a: Whimsicott|1/100\n|move|p2a: Whimsicott|Moonblast|p1b: Hydreigon\n|-supereffective|p1b: Hydreigon|2\n|-damage|p1b: Hydreigon|0 fnt\n|faint|p1b: Hydreigon\n|move|p2b: Charizard|Ancient Power|p1a: Dragalge\n|-damage|p1a: Dragalge|32/100\n|move|p1a: Dragalge|Sludge Bomb|p2b: Charizard\n|-damage|p2b: Charizard|12/100\n|-status|p2b: Charizard|psn\n|\n|-weather|SunnyDay|[upkeep]\n|-damage|p2b: Charizard|1/100 psn|[from] psn\n|upkeep\n|\n|t:|1788271890\n|switch|p1b: Dragapult|Dragapult, L50, M|100/100\n|turn|4\n|\n|t:|1788271895\n|move|p1b: Dragapult|Protect|p1b: Dragapult\n|-singleturn|p1b: Dragapult|Protect\n|move|p1a: Dragalge|Protect|p1a: Dragalge\n|-singleturn|p1a: Dragalge|Protect\n|move|p2a: Whimsicott|Tailwind|p2a: Whimsicott\n|-sidestart|p2: Thornlace48812|move: Tailwind\n|move|p2b: Charizard|Ancient Power|p1a: Dragalge\n|-activate|p1a: Dragalge|move: Protect\n|\n|-weather|SunnyDay|[upkeep]\n|-damage|p2b: Charizard|0 fnt|[from] psn\n|faint|p2b: Charizard\n|upkeep\n|\n|t:|1788271895\n|switch|p2b: Basculegion|Basculegion, L50, M|100/100\n|turn|5\n|\n|t:|1788271917\n|move|p2a: Whimsicott|Moonblast|p1a: Dragalge\n|-damage|p1a: Dragalge|11/100\n|move|p2b: Basculegion|Last Respects|p1a: Dragalge\n|-damage|p1a: Dragalge|0 fnt\n|faint|p1a: Dragalge\n|move|p1b: Dragapult|Phantom Force||[still]\n|-prepare|p1b: Dragapult|Phantom Force\n|\n|-weather|none\n|upkeep\n|turn|6\n|\n|t:|1788271927\n|move|p2a: Whimsicott|Moonblast|p1b: Dragapult|[miss]\n|-miss|p2a: Whimsicott|p1b: Dragapult\n|move|p2b: Basculegion|Last Respects|p1b: Dragapult|[miss]\n|-miss|p2b: Basculegion|p1b: Dragapult\n|move|p1b: Dragapult|Phantom Force|p2b: Basculegion|[from] lockedmove\n|-supereffective|p2b: Basculegion|1\n|-damage|p2b: Basculegion|0 fnt\n|faint|p2b: Basculegion\n|-damage|p1b: Dragapult|90/100|[from] item: Life Orb\n|\n|upkeep\n|turn|7\n|\n|t:|1788271940\n|move|p1b: Dragapult|Protect|p1b: Dragapult\n|-singleturn|p1b: Dragapult|Protect\n|move|p2a: Whimsicott|Moonblast|p1b: Dragapult\n|-activate|p1b: Dragapult|move: Protect\n|\n|-sideend|p2: Thornlace48812|move: Tailwind\n|upkeep\n|turn|8\n|\n|t:|1788271949\n|move|p2a: Whimsicott|Protect|p2a: Whimsicott\n|-singleturn|p2a: Whimsicott|Protect\n|move|p1b: Dragapult|Psychic Fangs|p2a: Whimsicott\n|-activate|p2a: Whimsicott|move: Protect\n|\n|upkeep\n|turn|9\n|\n|t:|1788271957\n|move|p1b: Dragapult|Psychic Fangs|p2a: Whimsicott\n|-damage|p2a: Whimsicott|0 fnt\n|faint|p2a: Whimsicott\n|-damage|p1b: Dragapult|80/100|[from] item: Life Orb\n|\n|win|swampflower1\n|raw|swampflower1's rating: 1139 &rarr; <strong>1161</strong><br />(+22 for winning)\n|raw|Thornlace48812's rating: 1099 &rarr; <strong>1077</strong><br />(-22 for losing)\n","uploadtime":1788271959,"views":"1","formatid":"gen9championsvgc2026regmb","rating":1077,"private":0,"password":null}