{"id":"gen9championsvgc2026regmb-2674575625","format":"[Gen 9 Champions] VGC 2026 Reg M-B","players":["jhgfjhggg","LordSmo"],"log":"|j|☆jhgfjhggg\n|j|☆LordSmo\n|t:|1788375788\n|gametype|doubles\n|player|p1|jhgfjhggg|170|1048\n|player|p2|LordSmo|265|1044\n|gen|9\n|tier|[Gen 9 Champions] VGC 2026 Reg M-B\n|rated|\n|rule|Species Clause: Limit one of each Pokémon\n|rule|Item Clause: Limit 1 of each item\n|clearpoke\n|poke|p1|Toxapex, L50, F, shiny|\n|poke|p1|Incineroar, L50, M, shiny|\n|poke|p1|Starmie, L50, shiny|\n|poke|p1|Grimmsnarl, L50, M, shiny|\n|poke|p1|Mawile, L50, M|\n|poke|p1|Maushold-Four, L50|\n|poke|p2|Incineroar, L50, M|\n|poke|p2|Dragapult, L50, M, shiny|\n|poke|p2|Sneasler, L50, F|\n|poke|p2|Gardevoir, L50, F|\n|poke|p2|Rotom-Wash, L50|\n|poke|p2|Malamar, L50, M|\n|teampreview|4\n|inactive|Battle timer is ON: inactive players will automatically lose when time's up. (requested by LordSmo)\n|j| Iron Oniel\n|\n|t:|1788375814\n|teamsize|p1|4\n|teamsize|p2|4\n|start\n|switch|p1a: Mawile|Mawile, L50, M|100/100\n|switch|p1b: Grimmsnarl|Grimmsnarl, L50, M, shiny|100/100\n|switch|p2a: Malamar|Malamar, L50, M|100/100\n|switch|p2b: Incineroar|Incineroar, L50, M|100/100\n|-ability|p2b: Incineroar|Intimidate|boost\n|-unboost|p1a: Mawile|atk|1\n|-unboost|p1b: Grimmsnarl|atk|1\n|-ability|p1a: Mawile|Intimidate|boost\n|-boost|p2a: Malamar|atk|1\n|-unboost|p2b: Incineroar|atk|1\n|turn|1\n|\n|t:|1788375831\n|switch|p2b: Dragapult|Dragapult, L50, M, shiny|100/100\n|switch|p1a: Toxapex|Toxapex, L50, F, shiny|100/100\n|move|p1b: Grimmsnarl|Reflect|p1b: Grimmsnarl\n|-sidestart|p1: jhgfjhggg|Reflect\n|move|p2a: Malamar|Skill Swap|p2b: Dragapult\n|-activate|p2a: Malamar|Skill Swap|||[of] p2b: Dragapult\n|-hint|Skill Swap does not announce the abilities of the Pokémon when used between allies.\n|\n|upkeep\n|turn|2\n|\n|t:|1788375850\n|move|p1b: Grimmsnarl|Light Screen|p1b: Grimmsnarl\n|-sidestart|p1: jhgfjhggg|move: Light Screen\n|move|p2b: Dragapult|Draco Meteor|p1a: Toxapex\n|-damage|p1a: Toxapex|52/100\n|-boost|p2b: Dragapult|spa|2\n|-damage|p2b: Dragapult|90/100|[from] item: Life Orb\n|move|p2a: Malamar|Foul Play|p1a: Toxapex\n|-damage|p1a: Toxapex|36/100\n|move|p1a: Toxapex|Toxic|p2b: Dragapult\n|-status|p2b: Dragapult|tox\n|\n|-heal|p1a: Toxapex|41/100|[from] item: Leftovers\n|-damage|p2b: Dragapult|84/100 tox|[from] psn\n|upkeep\n|turn|3\n|inactive|jhgfjhggg has 30 seconds left.\n|\n|t:|1788375877\n|move|p1a: Toxapex|Baneful Bunker|p1a: Toxapex\n|-singleturn|p1a: Toxapex|move: Protect\n|move|p2b: Dragapult|Draco Meteor|p1a: Toxapex\n|-activate|p1a: Toxapex|move: Protect\n|move|p2a: Malamar|Foul Play|p1b: Grimmsnarl\n|-resisted|p1b: Grimmsnarl|2\n|-damage|p1b: Grimmsnarl|93/100\n|move|p1b: Grimmsnarl|Spirit Break|p2a: Malamar\n|-supereffective|p2a: Malamar|1\n|-damage|p2a: Malamar|65/100\n|-unboost|p2a: Malamar|spa|1\n|\n|-heal|p1a: Toxapex|47/100|[from] item: Leftovers\n|-damage|p2b: Dragapult|72/100 tox|[from] psn\n|upkeep\n|turn|4\n|\n|t:|1788375899\n|-heal|p1a: Toxapex|80/100|[from] ability: Regenerator|[silent]\n|switch|p1a: Mawile|Mawile, L50, M|100/100\n|-ability|p1a: Mawile|Intimidate|boost\n|-unboost|p2a: Malamar|atk|1\n|-boost|p2b: Dragapult|atk|1\n|move|p2a: Malamar|Protect|p2a: Malamar\n|-singleturn|p2a: Malamar|Protect\n|move|p2b: Dragapult|Draco Meteor|p1a: Mawile\n|-immune|p1a: Mawile\n|move|p1b: Grimmsnarl|Spirit Break|p2a: Malamar\n|-activate|p2a: Malamar|move: Protect\n|\n|-damage|p2b: Dragapult|53/100 tox|[from] psn\n|upkeep\n|turn|5\n|inactive|LordSmo has 30 seconds left.\n|\n|t:|1788375925\n|detailschange|p1a: Mawile|Mawile-Mega, L50, M\n|-mega|p1a: Mawile|Mawile|Mawilite\n|move|p1a: Mawile|Protect|p1a: Mawile\n|-singleturn|p1a: Mawile|Protect\n|move|p2b: Dragapult|Shadow Ball|p1a: Mawile\n|-activate|p1a: Mawile|move: Protect\n|move|p2a: Malamar|Skill Swap|p1a: Mawile\n|-activate|p1a: Mawile|move: Protect\n|move|p1b: Grimmsnarl|Spirit Break|p2a: Malamar\n|-supereffective|p2a: Malamar|1\n|-damage|p2a: Malamar|28/100\n|-unboost|p2a: Malamar|spa|1\n|\n|-damage|p2b: Dragapult|29/100 tox|[from] psn\n|upkeep\n|turn|6\n|inactive|jhgfjhggg has 30 seconds left.\n|inactive|jhgfjhggg has 20 seconds left.\n|\n|t:|1788375964\n|switch|p1a: Incineroar|Incineroar, L50, M, shiny|100/100\n|-ability|p1a: Incineroar|Intimidate|boost\n|-unboost|p2a: Malamar|atk|1\n|-boost|p2b: Dragapult|atk|1\n|move|p2b: Dragapult|Shadow Ball|p1a: Incineroar\n|-resisted|p1a: Incineroar|1\n|-damage|p1a: Incineroar|65/100\n|-damage|p2b: Dragapult|20/100r tox|[from] item: Life Orb\n|move|p2a: Malamar|Skill Swap|p1a: Incineroar\n|-activate|p2a: Malamar|Skill Swap|Intimidate|Infiltrator|[of] p1a: Incineroar\n|-ability|p2a: Malamar|Intimidate|boost\n|-unboost|p1a: Incineroar|atk|1\n|-unboost|p1b: Grimmsnarl|atk|1\n|move|p1b: Grimmsnarl|Spirit Break|p2a: Malamar\n|-supereffective|p2a: Malamar|1\n|-damage|p2a: Malamar|2/100\n|-unboost|p2a: Malamar|spa|1\n|\n|-damage|p2b: Dragapult|0 fnt|[from] psn\n|faint|p2b: Dragapult\n|upkeep\n|c| Iron Oniel|very cool Strat with the malamar/drag\n|\n|t:|1788375989\n|switch|p2b: Incineroar|Incineroar, L50, M|100/100\n|-ability|p2b: Incineroar|Intimidate|boost\n|-unboost|p1a: Incineroar|atk|1\n|-unboost|p1b: Grimmsnarl|atk|1\n|turn|7\n|\n|t:|1788376007\n|move|p2a: Malamar|Skill Swap|p1a: Incineroar\n|-activate|p2a: Malamar|Skill Swap|Infiltrator|Intimidate|[of] p1a: Incineroar\n|-ability|p1a: Incineroar|Intimidate|boost\n|-unboost|p2a: Malamar|atk|1\n|-unboost|p2b: Incineroar|atk|1\n|move|p1b: Grimmsnarl|Spirit Break|p2a: Malamar\n|-supereffective|p2a: Malamar|1\n|-damage|p2a: Malamar|0 fnt\n|faint|p2a: Malamar\n|move|p1a: Incineroar|Parting Shot|p2b: Incineroar\n|-unboost|p2b: Incineroar|atk|1\n|-unboost|p2b: Incineroar|spa|1\n|\n|t:|1788376018\n|switch|p1a: Toxapex|Toxapex, L50, F, shiny|80/100|[from] Parting Shot\n|move|p2b: Incineroar|Flare Blitz|p1a: Toxapex\n|-resisted|p1a: Toxapex|1\n|-damage|p1a: Toxapex|73/100\n|-damage|p2b: Incineroar|98/100|[from] Recoil\n|\n|-heal|p1a: Toxapex|78/100|[from] item: Leftovers\n|upkeep\n|-message|LordSmo forfeited.\n|\n|win|jhgfjhggg\n|raw|jhgfjhggg's rating: 1048 &rarr; <strong>1080</strong><br />(+32 for winning)\n|raw|LordSmo's rating: 1044 &rarr; <strong>1028</strong><br />(-16 for losing)\n|l|☆LordSmo\n|player|p2|\n","uploadtime":1788376039,"views":"25","formatid":"gen9championsvgc2026regmb","rating":1028,"private":0,"password":null}