{"id":"gen9championsvgc2026regmbbo3-2674102950","format":"[Gen 9 Champions] VGC 2026 Reg M-B (Bo3)","players":["eggtart69","T0PH4T"],"log":"|j|☆eggtart69\n|j|☆T0PH4T\n|html|<table width=\"100%\"><tr><td align=\"left\">eggtart69</td><td align=\"right\">T0PH4T</tr><tr><td align=\"left\"><i class=\"fa fa-circle\"></i> <i class=\"fa fa-circle-o\"></i> </td><td align=\"right\"><i class=\"fa fa-circle-o\"></i> <i class=\"fa fa-circle\"></i> </tr></table>\n|uhtml|bestof|<h2><strong>Game 3</strong> of <a href=\"/game-bestof3-gen9championsvgc2026regmbbo3-2674098457\">a best-of-3</a></h2>\n|t:|1788299517\n|gametype|doubles\n|player|p1|eggtart69|1|1113\n|player|p2|T0PH4T|266|1042\n|gen|9\n|tier|[Gen 9 Champions] VGC 2026 Reg M-B (Bo3)\n|rated|\n|rule|Species Clause: Limit one of each Pokémon\n|rule|Item Clause: Limit 1 of each item\n|clearpoke\n|poke|p1|Corviknight, L50, M, shiny|\n|poke|p1|Grimmsnarl, L50, M|\n|poke|p1|Sinistcha-Masterpiece, L50|\n|poke|p1|Gengar, L50, M, shiny|\n|poke|p1|Araquanid, L50, F, shiny|\n|poke|p1|Barbaracle, L50, F, shiny|\n|poke|p2|Charizard, L50, M|\n|poke|p2|Aerodactyl, L50, F|\n|poke|p2|Sylveon, L50, F|\n|poke|p2|Garchomp, L50, M|\n|poke|p2|Kingambit, L50, M|\n|poke|p2|Farigiraf, L50, F|\n|teampreview|4\n|showteam|p1|Corviknight||Leftovers|MirrorArmor|BodyPress,IronDefense,Protect,IronHead|Careful||M|||50|]Grimmsnarl||LightClay|Prankster|FakeOut,LightScreen,DrainPunch,SpiritBreak|Careful||M|||50|]Sinistcha-Masterpiece||SitrusBerry|Hospitality|Protect,MatchaGotcha,RagePowder,LifeDew|Bold|||||50|]Gengar||Gengarite|CursedBody|PerishSong,Protect,ShadowBall,SludgeBomb|Timid||M|||50|]Araquanid||MysticWater|WaterBubble|Protect,WideGuard,Liquidation,LeechLife|Adamant||F|||50|]Barbaracle||Barbaracite|ToughClaws|Protect,ShellSmash,BrickBreak,RockSlide|Adamant||F|||50|\n|showteam|p2|Charizard||CharizarditeY|Blaze|HeatWave,WeatherBall,SolarBeam,Protect|Modest||M|||50|]Aerodactyl||Aerodactylite|Unnerve|RockSlide,DualWingbeat,Tailwind,IceFang|Jolly||F|||50|]Sylveon||FairyFeather|Pixilate|HyperVoice,HyperBeam,QuickAttack,Detect|Modest||F|||50|]Garchomp||LifeOrb|RoughSkin|Earthquake,DragonClaw,StompingTantrum,Protect|Jolly||M|||50|]Kingambit||FocusSash|Defiant|KowtowCleave,SuckerPunch,IronHead,LowKick|Adamant||M|||50|]Farigiraf||SitrusBerry|ArmorTail|Psychic,Thunderbolt,TrickRoom,Protect|Bold||F|||50|\n|inactive|Battle timer is ON: inactive players will automatically lose when time's up. (requested by eggtart69)\n|\n|t:|1788299534\n|teamsize|p1|4\n|teamsize|p2|4\n|start\n|switch|p1a: Barbaracle|Barbaracle, L50, F, shiny|100/100\n|switch|p1b: Grimmsnarl|Grimmsnarl, L50, M|100/100\n|switch|p2a: chardih|Charizard, L50, M|100/100\n|switch|p2b: gardih|Garchomp, L50, M|100/100\n|turn|1\n|\n|t:|1788299558\n|move|p2a: chardih|Protect|p2a: chardih\n|-singleturn|p2a: chardih|Protect\n|move|p1b: Grimmsnarl|Fake Out|p2b: gardih\n|-damage|p2b: gardih|87/100\n|-damage|p1b: Grimmsnarl|87/100|[from] ability: Rough Skin|[of] p2b: gardih\n|cant|p2b: gardih|flinch\n|move|p1a: Barbaracle|Rock Slide|p2b: gardih|[spread] p2b\n|-activate|p2a: chardih|move: Protect\n|-resisted|p2b: gardih|1\n|-damage|p2b: gardih|74/100\n|\n|upkeep\n|turn|2\n|inactive|T0PH4T has 30 seconds left.\n|inactive|T0PH4T has 20 seconds left.\n|inactive|T0PH4T has 15 seconds left.\n|\n|t:|1788299603\n|detailschange|p2a: chardih|Charizard-Mega-Y, L50, M\n|-mega|p2a: chardih|Charizard|Charizardite Y\n|-weather|SunnyDay|[from] ability: Drought|[of] p2a: chardih\n|move|p1b: Grimmsnarl|Light Screen|p1b: Grimmsnarl\n|-sidestart|p1: eggtart69|move: Light Screen\n|move|p2b: gardih|Stomping Tantrum|p1a: Barbaracle\n|-supereffective|p1a: Barbaracle|1\n|-damage|p1a: Barbaracle|0 fnt\n|faint|p1a: Barbaracle\n|-damage|p2b: gardih|64/100|[from] item: Life Orb\n|move|p2a: chardih|Heat Wave|p1b: Grimmsnarl\n|-damage|p1b: Grimmsnarl|41/100\n|\n|-weather|SunnyDay|[upkeep]\n|upkeep\n|\n|t:|1788299616\n|switch|p1a: Gengar|Gengar, L50, M, shiny|100/100\n|turn|3\n|inactive|T0PH4T has 30 seconds left.\n|\n|t:|1788299643\n|switch|p2a: kinggambdih|Kingambit, L50, M|100/100\n|detailschange|p1a: Gengar|Gengar-Mega, L50, M, shiny\n|-mega|p1a: Gengar|Gengar|Gengarite\n|move|p2b: gardih|Protect|p2b: gardih\n|-singleturn|p2b: gardih|Protect\n|move|p1a: Gengar|Perish Song|p1a: Gengar\n|-start|p1a: Gengar|perish3|[silent]\n|-start|p1b: Grimmsnarl|perish3|[silent]\n|-start|p2a: kinggambdih|perish3|[silent]\n|-start|p2b: gardih|perish3|[silent]\n|-fieldactivate|move: Perish Song\n|move|p1b: Grimmsnarl|Spirit Break|p2b: gardih\n|-activate|p2b: gardih|move: Protect\n|\n|-weather|SunnyDay|[upkeep]\n|-start|p1a: Gengar|perish3\n|-start|p2b: gardih|perish3\n|-start|p2a: kinggambdih|perish3\n|-start|p1b: Grimmsnarl|perish3\n|upkeep\n|turn|4\n|inactive|T0PH4T has 30 seconds left.\n|\n|t:|1788299670\n|switch|p1b: Sinistcha|Sinistcha-Masterpiece, L50|100/100\n|move|p1a: Gengar|Protect|p1a: Gengar\n|-singleturn|p1a: Gengar|Protect\n|move|p2b: gardih|Stomping Tantrum|p1b: Sinistcha\n|-resisted|p1b: Sinistcha|1\n|-damage|p1b: Sinistcha|82/100\n|-damage|p2b: gardih|55/100|[from] item: Life Orb\n|move|p2a: kinggambdih|Kowtow Cleave|p1a: Gengar\n|-activate|p1a: Gengar|move: Protect\n|\n|-weather|SunnyDay|[upkeep]\n|-start|p1a: Gengar|perish2\n|-start|p2b: gardih|perish2\n|-start|p2a: kinggambdih|perish2\n|upkeep\n|turn|5\n|inactive|eggtart69 has 30 seconds left.\n|inactive|T0PH4T has 30 seconds left.\n|\n|t:|1788299704\n|move|p1b: Sinistcha|Rage Powder|p1b: Sinistcha\n|-singleturn|p1b: Sinistcha|move: Rage Powder\n|move|p1a: Gengar|Shadow Ball|p2b: gardih\n|-damage|p2b: gardih|1/100\n|move|p2b: gardih|Dragon Claw|p1b: Sinistcha\n|-damage|p1b: Sinistcha|44/100\n|-enditem|p1b: Sinistcha|Sitrus Berry|[eat]\n|-heal|p1b: Sinistcha|69/100|[from] item: Sitrus Berry\n|-damage|p2b: gardih|0 fnt|[from] item: Life Orb\n|faint|p2b: gardih\n|move|p2a: kinggambdih|Kowtow Cleave|p1b: Sinistcha\n|-supereffective|p1b: Sinistcha|1\n|-damage|p1b: Sinistcha|3/100\n|\n|-weather|SunnyDay|[upkeep]\n|-start|p1a: Gengar|perish1\n|-start|p2a: kinggambdih|perish1\n|upkeep\n|inactive|T0PH4T has 30 seconds left.\n|\n|t:|1788299738\n|switch|p2b: farigadih|Farigiraf, L50, F|100/100\n|turn|6\n|inactive|T0PH4T has 30 seconds left.\n|inactive|T0PH4T has 20 seconds left.\n|\n|t:|1788299773\n|switch|p1a: Grimmsnarl|Grimmsnarl, L50, M|41/100\n|move|p1b: Sinistcha|Protect|p1b: Sinistcha\n|-singleturn|p1b: Sinistcha|Protect\n|move|p2a: kinggambdih|Sucker Punch||[still]\n|-fail|p2a: kinggambdih\n|move|p2b: farigadih|Psychic|p1a: Grimmsnarl\n|-immune|p1a: Grimmsnarl\n|\n|-weather|none\n|-start|p2a: kinggambdih|perish0\n|faint|p2a: kinggambdih\n|upkeep\n|\n|t:|1788299784\n|switch|p2a: chardih|Charizard-Mega-Y, L50, M|100/100\n|-weather|SunnyDay|[from] ability: Drought|[of] p2a: chardih\n|turn|7\n|inactive|T0PH4T has 30 seconds left.\n|\n|t:|1788299814\n|move|p1a: Grimmsnarl|Fake Out||[still]\n|cant|p2b: farigadih|ability: Armor Tail|Fake Out|[of] p1a: Grimmsnarl\n|move|p2a: chardih|Heat Wave|p1a: Grimmsnarl|[spread] p1a,p1b\n|-supereffective|p1b: Sinistcha|1\n|-damage|p1a: Grimmsnarl|4/100\n|-damage|p1b: Sinistcha|0 fnt\n|faint|p1b: Sinistcha\n|move|p2b: farigadih|Thunderbolt|p1a: Grimmsnarl\n|-damage|p1a: Grimmsnarl|0 fnt\n|faint|p1a: Grimmsnarl\n|\n|-weather|SunnyDay|[upkeep]\n|upkeep\n|\n|t:|1788299820\n|switch|p1a: Gengar|Gengar-Mega, L50, M, shiny|100/100\n|turn|8\n|\n|t:|1788299837\n|move|p1a: Gengar|Sludge Bomb|p2a: chardih\n|-damage|p2a: chardih|48/100\n|move|p2a: chardih|Weather Ball|p1a: Gengar\n|-damage|p1a: Gengar|27/100\n|move|p2b: farigadih|Psychic|p1a: Gengar\n|-supereffective|p1a: Gengar|1\n|-damage|p1a: Gengar|0 fnt\n|faint|p1a: Gengar\n|\n|win|T0PH4T\n|raw|eggtart69's rating: 1113 &rarr; <strong>1083</strong><br />(-30 for losing)\n|raw|T0PH4T's rating: 1042 &rarr; <strong>1082</strong><br />(+40 for winning)\n|c|☆eggtart69|forgot about that ability\n|l|☆eggtart69\n|player|p1|\n","uploadtime":1788299867,"views":"29","formatid":"gen9championsvgc2026regmbbo3","rating":1082,"private":0,"password":null}