{"id":"gen9championsvgc2026regmb-2674755199","format":"[Gen 9 Champions] VGC 2026 Reg M-B","players":["Dingdongpokemon","bovineolympics"],"log":"|j|☆Dingdongpokemon\n|j|☆bovineolympics\n|html|<table width=\"100%\"><tr><td align=\"left\">Dingdongpokemon</td><td align=\"right\">bovineolympics</tr><tr><td align=\"left\"><i class=\"fa fa-circle-o\"></i> <i class=\"fa fa-circle-o\"></i> </td><td align=\"right\"><i class=\"fa fa-circle-o\"></i> <i class=\"fa fa-circle-o\"></i> </tr></table>\n|uhtml|bestof|<h2><strong>Game 1</strong> of <a href=\"/game-bestof3-gen9championsvgc2026regmb-2674755198\">a best-of-3</a></h2>\n|t:|1788401094\n|gametype|doubles\n|player|p1|Dingdongpokemon|1|\n|player|p2|bovineolympics|266|\n|gen|9\n|tier|[Gen 9 Champions] VGC 2026 Reg M-B\n|rule|Species Clause: Limit one of each Pokémon\n|rule|Item Clause: Limit 1 of each item\n|raw|<div class=\"infobox\"><details class=\"readmore\" open><summary><strong>1 custom rule:</strong></summary> Best of = 3</details></div>\n|clearpoke\n|poke|p1|Farigiraf, L50, M|\n|poke|p1|Dragonite, L50, M|\n|poke|p1|Mawile, L50, F|\n|poke|p1|Torkoal, L50, M|\n|poke|p1|Annihilape, L50, F|\n|poke|p1|Rotom-Mow, L50|\n|poke|p2|Gengar, L50, F|\n|poke|p2|Gyarados, L50, M|\n|poke|p2|Ninetales-Alola, L50, F|\n|poke|p2|Altaria, L50, F|\n|poke|p2|Tinkaton, L50, F|\n|poke|p2|Ditto, L50, shiny|\n|teampreview|4\nDingdongpokemon rejected open team sheets.\n|\n|t:|1788401142\n|teamsize|p1|4\n|teamsize|p2|4\n|start\n|switch|p1a: Longo Janowski|Farigiraf, L50, M|100/100\n|switch|p1b: Mooth|Mawile, L50, F|100/100\n|switch|p2a: SURPRISE|Tinkaton, L50, F|100/100\n|switch|p2b: Gyarauno|Gyarados, L50, M|100/100\n|-ability|p2a: SURPRISE|Mold Breaker\n|-ability|p2b: Gyarauno|Intimidate|boost\n|-unboost|p1a: Longo Janowski|atk|1\n|-unboost|p1b: Mooth|atk|1\n|-ability|p1b: Mooth|Intimidate|boost\n|-unboost|p2a: SURPRISE|atk|1\n|-unboost|p2b: Gyarauno|atk|1\n|turn|1\n|j| kanklez\n|\n|t:|1788401179\n|detailschange|p1b: Mooth|Mawile-Mega, L50, F\n|-mega|p1b: Mooth|Mawile|Mawilite\n|move|p2a: SURPRISE|Fake Out|p1a: Longo Janowski\n|-damage|p1a: Longo Janowski|94/100\n|move|p2b: Gyarauno|Crunch|p1a: Longo Janowski\n|-supereffective|p1a: Longo Janowski|1\n|-damage|p1a: Longo Janowski|65/100\n|move|p1b: Mooth|Iron Head|p2b: Gyarauno\n|-resisted|p2b: Gyarauno|1\n|-crit|p2b: Gyarauno\n|-damage|p2b: Gyarauno|20/100y\n|cant|p1a: Longo Janowski|flinch\n|\n|upkeep\n|turn|2\n|\n|t:|1788401209\n|move|p1b: Mooth|Sucker Punch||[still]\n|-fail|p1b: Mooth\n|move|p2a: SURPRISE|Knock Off|p1a: Longo Janowski\n|-supereffective|p1a: Longo Janowski|1\n|-damage|p1a: Longo Janowski|40/100\n|-enditem|p1a: Longo Janowski|Mental Herb|[from] move: Knock Off|[of] p2a: SURPRISE\n|move|p2b: Gyarauno|Roar|p1a: Longo Janowski\n|drag|p1a: C Falc|Annihilape, L50, F|100/100\n|\n|upkeep\n|turn|3\n|j| Dakmaul\n|\n|t:|1788401245\n|move|p2b: Gyarauno|Protect|p2b: Gyarauno\n|-singleturn|p2b: Gyarauno|Protect\n|move|p1b: Mooth|Sucker Punch||[still]\n|-fail|p1b: Mooth\n|move|p2a: SURPRISE|Rock Slide|p1a: C Falc|[spread] p1a,p1b\n|-resisted|p1a: C Falc|1\n|-resisted|p1b: Mooth|1\n|-damage|p1a: C Falc|95/100\n|-damage|p1b: Mooth|95/100\n|move|p1a: C Falc|Fire Punch|p2a: SURPRISE\n|-supereffective|p2a: SURPRISE|1\n|-damage|p2a: SURPRISE|0 fnt\n|faint|p2a: SURPRISE\n|-damage|p1a: C Falc|85/100|[from] item: Life Orb\n|\n|upkeep\n|\n|t:|1788401264\n|switch|p2a: HOSSDELGADOTRIBUTE|Altaria, L50, F|100/100\n|-ability|p2a: HOSSDELGADOTRIBUTE|Cloud Nine\n|turn|4\n|\n|t:|1788401286\n|detailschange|p2a: HOSSDELGADOTRIBUTE|Altaria-Mega, L50, F\n|-mega|p2a: HOSSDELGADOTRIBUTE|Altaria|Altarianite\n|move|p2b: Gyarauno|Waterfall|p1a: C Falc\n|-damage|p1a: C Falc|58/100\n|move|p1a: C Falc|Rage Fist|p2b: Gyarauno\n|-crit|p2b: Gyarauno\n|-damage|p2b: Gyarauno|0 fnt\n|faint|p2b: Gyarauno\n|-damage|p1a: C Falc|49/100|[from] item: Life Orb\n|move|p2a: HOSSDELGADOTRIBUTE|Heat Wave|p1b: Mooth|[spread] p1a,p1b\n|-supereffective|p1b: Mooth|1\n|-damage|p1a: C Falc|32/100\n|-damage|p1b: Mooth|56/100\n|move|p1b: Mooth|Play Rough|p2a: HOSSDELGADOTRIBUTE\n|-supereffective|p2a: HOSSDELGADOTRIBUTE|1\n|-damage|p2a: HOSSDELGADOTRIBUTE|17/100\n|\n|upkeep\n|\n|t:|1788401301\n|switch|p2b: God|Ditto, L50, shiny|100/100\n|-transform|p2b: God|p1a: C Falc|[from] ability: Imposter\n|turn|5\n|\n|t:|1788401320\n|move|p1b: Mooth|Sucker Punch|p2b: God\n|-damage|p2b: God|58/100\n|move|p1a: C Falc|Rage Fist|p2b: God\n|-supereffective|p2b: God|1\n|-damage|p2b: God|0 fnt\n|faint|p2b: God\n|-damage|p1a: C Falc|23/100|[from] item: Life Orb\n|move|p2a: HOSSDELGADOTRIBUTE|Heat Wave|p1b: Mooth|[spread] p1a,p1b\n|-supereffective|p1b: Mooth|1\n|-damage|p1a: C Falc|7/100\n|-damage|p1b: Mooth|10/100\n|\n|upkeep\n|turn|6\n|\n|t:|1788401337\n|move|p1b: Mooth|Sucker Punch|p2a: HOSSDELGADOTRIBUTE\n|-resisted|p2a: HOSSDELGADOTRIBUTE|1\n|-damage|p2a: HOSSDELGADOTRIBUTE|8/100\n|move|p1a: C Falc|Rage Fist|p2a: HOSSDELGADOTRIBUTE\n|-damage|p2a: HOSSDELGADOTRIBUTE|0 fnt\n|faint|p2a: HOSSDELGADOTRIBUTE\n|-damage|p1a: C Falc|0 fnt|[from] item: Life Orb\n|faint|p1a: C Falc\n|\n|win|Dingdongpokemon\n|inactive|Dingdongpokemon has 30 seconds to confirm battle start!\n|inactive|bovineolympics has 30 seconds to confirm battle start!\n||Dingdongpokemon is ready for game 2.\n|l|☆bovineolympics\n|player|p2|\n|inactive|bovineolympics has 20 seconds to confirm battle start!\n||bovineolympics is ready for game 2.\n|uhtml|next|Next: <a href=\"/battle-gen9championsvgc2026regmb-2674756922\"><strong>Game 2 of 3</strong></a>\n|j| sunnydaysagain\n|l| sunnydaysagain\n|l| Dakmaul\n|j| Dakmaul\n|l| Dakmaul\n","uploadtime":1788401915,"views":"12","formatid":"gen9championsvgc2026regmb","rating":null,"private":0,"password":null}