{"id":"gen9championsvgc2026regmbbo3-2673254846","format":"[Gen 9 Champions] VGC 2026 Reg M-B (Bo3)","players":["ElectricBlue26","CaratroncoSun"],"log":"|j|☆ElectricBlue26\n|j|☆CaratroncoSun\n|html|<table width=\"100%\"><tr><td align=\"left\">ElectricBlue26</td><td align=\"right\">CaratroncoSun</tr><tr><td align=\"left\"><i class=\"fa fa-circle-o\"></i> <i class=\"fa fa-circle-o\"></i> </td><td align=\"right\"><i class=\"fa fa-circle-o\"></i> <i class=\"fa fa-circle-o\"></i> </tr></table>\n|uhtml|bestof|<h2><strong>Game 1</strong> of <a href=\"/game-bestof3-gen9championsvgc2026regmbbo3-2673254845\">a best-of-3</a></h2>\n|t:|1788170354\n|gametype|doubles\n|player|p1|ElectricBlue26|2|1162\n|player|p2|CaratroncoSun|265|1372\n|gen|9\n|tier|[Gen 9 Champions] VGC 2026 Reg M-B (Bo3)\n|rated|\n|rule|Species Clause: Limit one of each Pokémon\n|rule|Item Clause: Limit 1 of each item\n|clearpoke\n|poke|p1|Gengar, L50, M|\n|poke|p1|Incineroar, L50, F, shiny|\n|poke|p1|Sneasler, L50, F|\n|poke|p1|Garchomp, L50, M|\n|poke|p1|Charizard, L50, F|\n|poke|p1|Dragonite, L50, F|\n|poke|p2|Charizard, L50, M, shiny|\n|poke|p2|Venusaur, L50, F, shiny|\n|poke|p2|Whimsicott, L50, M, shiny|\n|poke|p2|Basculegion, L50, M|\n|poke|p2|Tyranitar, L50, F|\n|poke|p2|Mamoswine, L50, F|\n|teampreview|4\n|showteam|p1|Gengar||Gengarite|CursedBody|Protect,Substitute,SludgeBomb,ShadowBall|Modest||M|||50|]Incineroar||SitrusBerry|Intimidate|FlareBlitz,ThroatChop,PartingShot,FakeOut|Impish||F|||50|]Sneasler||WhiteHerb|Unburden|CloseCombat,DireClaw,FakeOut,Protect|Adamant||F|||50|]Garchomp||ChoiceScarf|RoughSkin|DragonClaw,Earthquake,RockSlide,StompingTantrum|Adamant||M|||50|]Charizard||CharizarditeY|Blaze|HeatWave,AncientPower,WeatherBall,Protect|Modest||F|||50|]Dragonite||LifeOrb|InnerFocus|Protect,Superpower,DragonClaw,ExtremeSpeed|Adamant||F|||50|\n|showteam|p2|Charizard||CharizarditeY|Blaze|Protect,SolarBeam,HeatWave,AirSlash|Modest||M|||50|]Venusaur||WideLens|Chlorophyll|Protect,GigaDrain,EarthPower,SleepPowder|Modest||F|||50|]Whimsicott||FocusSash|Prankster|Protect,Moonblast,Tailwind,Encore|Timid||M|||50|]Basculegion||MysticWater|Adaptability|Protect,AquaJet,WaveCrash,LastRespects|Adamant||M|||50|]Tyranitar||Tyranitarite|SandStream|Protect,RockSlide,KnockOff,LowKick|Adamant||F|||50|]Mamoswine||LifeOrb|Oblivious|Protect,HighHorsepower,RockSlide,IceShard|Adamant||F|||50|\n|inactive|Battle timer is ON: inactive players will automatically lose when time's up. (requested by ElectricBlue26)\n|\n|t:|1788170379\n|teamsize|p1|4\n|teamsize|p2|4\n|start\n|switch|p1a: Charizard|Charizard, L50, F|100/100\n|switch|p1b: Sneasler|Sneasler, L50, F|100/100\n|switch|p2a: Charizard|Charizard, L50, M, shiny|100/100\n|switch|p2b: Venusaur|Venusaur, L50, F, shiny|100/100\n|turn|1\n|inactive|ElectricBlue26 has 30 seconds left.\n|\n|t:|1788170407\n|detailschange|p1a: Charizard|Charizard-Mega-Y, L50, F\n|-mega|p1a: Charizard|Charizard|Charizardite Y\n|-weather|SunnyDay|[from] ability: Drought|[of] p1a: Charizard\n|move|p2b: Venusaur|Protect|p2b: Venusaur\n|-singleturn|p2b: Venusaur|Protect\n|move|p2a: Charizard|Protect|p2a: Charizard\n|-singleturn|p2a: Charizard|Protect\n|move|p1b: Sneasler|Fake Out|p2b: Venusaur\n|-activate|p2b: Venusaur|move: Protect\n|move|p1a: Charizard|Ancient Power|p2a: Charizard\n|-activate|p2a: Charizard|move: Protect\n|\n|-weather|SunnyDay|[upkeep]\n|upkeep\n|turn|2\n|\n|t:|1788170428\n|move|p1b: Sneasler|Protect|p1b: Sneasler\n|-singleturn|p1b: Sneasler|Protect\n|move|p2b: Venusaur|Sleep Powder|p1a: Charizard\n|-status|p1a: Charizard|slp|[from] move: Sleep Powder\n|move|p2a: Charizard|Air Slash|p1b: Sneasler\n|-activate|p1b: Sneasler|move: Protect\n|cant|p1a: Charizard|slp\n|\n|-weather|SunnyDay|[upkeep]\n|upkeep\n|turn|3\n|inactive|CaratroncoSun has 30 seconds left.\n|\n|t:|1788170463\n|switch|p1b: Incineroar|Incineroar, L50, F, shiny|100/100\n|-ability|p1b: Incineroar|Intimidate|boost\n|-unboost|p2a: Charizard|atk|1\n|-unboost|p2b: Venusaur|atk|1\n|detailschange|p2a: Charizard|Charizard-Mega-Y, L50, M, shiny\n|-mega|p2a: Charizard|Charizard|Charizardite Y\n|move|p2b: Venusaur|Sleep Powder|p1b: Incineroar|[miss]\n|-miss|p2b: Venusaur|p1b: Incineroar\n|move|p2a: Charizard|Air Slash|p1a: Charizard\n|-damage|p1a: Charizard|61/100 slp\n|cant|p1a: Charizard|slp\n|\n|-weather|SunnyDay|[upkeep]\n|upkeep\n|turn|4\n|\n|t:|1788170484\n|switch|p2b: Tyranitar|Tyranitar, L50, F|100/100\n|-weather|Sandstorm|[from] ability: Sand Stream|[of] p2b: Tyranitar\n|move|p2a: Charizard|Protect|p2a: Charizard\n|-singleturn|p2a: Charizard|Protect\n|move|p1b: Incineroar|Fake Out|p2b: Tyranitar\n|-resisted|p2b: Tyranitar|1\n|-damage|p2b: Tyranitar|95/100\n|-curestatus|p1a: Charizard|slp|[msg]\n|move|p1a: Charizard|Ancient Power|p2a: Charizard\n|-activate|p2a: Charizard|move: Protect\n|\n|-weather|Sandstorm|[upkeep]\n|-damage|p2a: Charizard|94/100|[from] Sandstorm\n|-damage|p1a: Charizard|55/100|[from] Sandstorm\n|-damage|p1b: Incineroar|94/100|[from] Sandstorm\n|upkeep\n|turn|5\n|\n|t:|1788170501\n|switch|p2a: Mamoswine|Mamoswine, L50, F|100/100\n|switch|p1a: Sneasler|Sneasler, L50, F|100/100\n|move|p2b: Tyranitar|Rock Slide|p1a: Sneasler|[spread] p1a,p1b\n|-resisted|p1a: Sneasler|1\n|-supereffective|p1b: Incineroar|1\n|-damage|p1a: Sneasler|79/100\n|-damage|p1b: Incineroar|48/100\n|-enditem|p1b: Incineroar|Sitrus Berry|[eat]\n|-heal|p1b: Incineroar|73/100|[from] item: Sitrus Berry\n|move|p1b: Incineroar|Parting Shot|p2a: Mamoswine\n|-unboost|p2a: Mamoswine|atk|1\n|-unboost|p2a: Mamoswine|spa|1\n|\n|t:|1788170513\n|switch|p1b: Charizard|Charizard-Mega-Y, L50, F|55/100|[from] Parting Shot\n|-weather|SunnyDay|[from] ability: Drought|[of] p1b: Charizard\n|\n|-weather|SunnyDay|[upkeep]\n|upkeep\n|turn|6\n|inactive|ElectricBlue26 has 30 seconds left.\n|\n|t:|1788170542\n|switch|p2a: Charizard|Charizard-Mega-Y, L50, M, shiny|94/100\n|move|p2b: Tyranitar|Protect|p2b: Tyranitar\n|-singleturn|p2b: Tyranitar|Protect\n|move|p1a: Sneasler|Fake Out|p2b: Tyranitar\n|-activate|p2b: Tyranitar|move: Protect\n|move|p1b: Charizard|Heat Wave|p2b: Tyranitar|[spread] p2a\n|-activate|p2b: Tyranitar|move: Protect\n|-resisted|p2a: Charizard|1\n|-damage|p2a: Charizard|66/100\n|\n|-weather|SunnyDay|[upkeep]\n|upkeep\n|turn|7\n|\n|t:|1788170557\n|switch|p2b: Venusaur|Venusaur, L50, F, shiny|100/100\n|move|p1a: Sneasler|Close Combat|p2b: Venusaur\n|-resisted|p2b: Venusaur|1\n|-damage|p2b: Venusaur|64/100\n|-unboost|p1a: Sneasler|def|1\n|-unboost|p1a: Sneasler|spd|1\n|-enditem|p1a: Sneasler|White Herb\n|-clearnegativeboost|p1a: Sneasler|[silent]\n|move|p2a: Charizard|Heat Wave|p1a: Sneasler|[spread] p1b\n|-miss|p2a: Charizard|p1a: Sneasler\n|-resisted|p1b: Charizard|1\n|-crit|p1b: Charizard\n|-damage|p1b: Charizard|9/100\n|move|p1b: Charizard|Ancient Power|p2a: Charizard\n|-supereffective|p2a: Charizard|2\n|-damage|p2a: Charizard|0 fnt\n|-boost|p1b: Charizard|atk|1\n|-boost|p1b: Charizard|def|1\n|-boost|p1b: Charizard|spa|1\n|-boost|p1b: Charizard|spd|1\n|-boost|p1b: Charizard|spe|1\n|faint|p2a: Charizard\n|\n|-weather|SunnyDay|[upkeep]\n|upkeep\n|\n|t:|1788170576\n|switch|p2a: Mamoswine|Mamoswine, L50, F|100/100\n|turn|8\n|\n|t:|1788170596\n|switch|p1b: Incineroar|Incineroar, L50, F, shiny|73/100\n|-ability|p1b: Incineroar|Intimidate|boost\n|-fail|p2a: Mamoswine|unboost|Attack|[from] ability: Oblivious|[of] p2a: Mamoswine\n|-unboost|p2b: Venusaur|atk|1\n|move|p2a: Mamoswine|Ice Shard|p1b: Incineroar\n|-resisted|p1b: Incineroar|1\n|-damage|p1b: Incineroar|62/100\n|-damage|p2a: Mamoswine|90/100|[from] item: Life Orb\n|move|p1a: Sneasler|Dire Claw|p2b: Venusaur\n|-damage|p2b: Venusaur|13/100\n|move|p2b: Venusaur|Earth Power|p1a: Sneasler\n|-supereffective|p1a: Sneasler|1\n|-damage|p1a: Sneasler|5/100\n|\n|-weather|SunnyDay|[upkeep]\n|upkeep\n|turn|9\n|inactive|ElectricBlue26 has 30 seconds left.\n|\n|t:|1788170623\n|move|p2b: Venusaur|Protect|p2b: Venusaur\n|-singleturn|p2b: Venusaur|Protect\n|move|p2a: Mamoswine|Protect|p2a: Mamoswine\n|-singleturn|p2a: Mamoswine|Protect\n|move|p1b: Incineroar|Fake Out|p2a: Mamoswine\n|-activate|p2a: Mamoswine|move: Protect\n|move|p1a: Sneasler|Dire Claw|p2b: Venusaur\n|-activate|p2b: Venusaur|move: Protect\n|\n|-weather|none\n|upkeep\n|turn|10\n|\n|t:|1788170642\n|move|p1a: Sneasler|Protect|p1a: Sneasler\n|-singleturn|p1a: Sneasler|Protect\n|move|p2a: Mamoswine|Ice Shard|p1a: Sneasler\n|-activate|p1a: Sneasler|move: Protect\n|move|p2b: Venusaur|Sleep Powder|p1b: Incineroar\n|-status|p1b: Incineroar|slp|[from] move: Sleep Powder\n|cant|p1b: Incineroar|slp\n|\n|upkeep\n|turn|11\n|\n|t:|1788170659\n|move|p2a: Mamoswine|Ice Shard|p1a: Sneasler\n|-damage|p1a: Sneasler|0 fnt\n|faint|p1a: Sneasler\n|-damage|p2a: Mamoswine|80/100|[from] item: Life Orb\n|move|p2b: Venusaur|Earth Power|p1b: Incineroar\n|-supereffective|p1b: Incineroar|1\n|-damage|p1b: Incineroar|9/100 slp\n|cant|p1b: Incineroar|slp\n|\n|upkeep\n|\n|t:|1788170676\n|switch|p1a: Charizard|Charizard-Mega-Y, L50, F|9/100\n|-weather|SunnyDay|[from] ability: Drought|[of] p1a: Charizard\n|turn|12\n|\n|t:|1788170687\n|move|p1a: Charizard|Protect|p1a: Charizard\n|-singleturn|p1a: Charizard|Protect\n|move|p2a: Mamoswine|Ice Shard|p1a: Charizard\n|-activate|p1a: Charizard|move: Protect\n|move|p2b: Venusaur|Earth Power|p1b: Incineroar\n|-supereffective|p1b: Incineroar|1\n|-damage|p1b: Incineroar|0 fnt\n|faint|p1b: Incineroar\n|\n|-weather|SunnyDay|[upkeep]\n|upkeep\n|\n|t:|1788170696\n|switch|p1b: Garchomp|Garchomp, L50, M|100/100\n|turn|13\n|inactive|CaratroncoSun has 30 seconds left.\n|\n|t:|1788170725\n|move|p2a: Mamoswine|Ice Shard|p1a: Charizard\n|-damage|p1a: Charizard|0 fnt\n|faint|p1a: Charizard\n|-damage|p2a: Mamoswine|70/100|[from] item: Life Orb\n|move|p2b: Venusaur|Sleep Powder|p1b: Garchomp|[miss]\n|-miss|p2b: Venusaur|p1b: Garchomp\n|move|p1b: Garchomp|Rock Slide|p2a: Mamoswine|[spread] p2a,p2b\n|-damage|p2a: Mamoswine|48/100\n|-damage|p2b: Venusaur|0 fnt\n|faint|p2b: Venusaur\n|\n|-weather|SunnyDay|[upkeep]\n|upkeep\n|\n|t:|1788170737\n|switch|p2b: Tyranitar|Tyranitar, L50, F|95/100\n|-weather|Sandstorm|[from] ability: Sand Stream|[of] p2b: Tyranitar\n|turn|14\n|\n|t:|1788170744\n|move|p2a: Mamoswine|Ice Shard|p1b: Garchomp\n|-supereffective|p1b: Garchomp|2\n|-damage|p1b: Garchomp|0 fnt\n|faint|p1b: Garchomp\n|-damage|p2a: Mamoswine|38/100|[from] item: Life Orb\n|\n|win|CaratroncoSun\n","uploadtime":1788170744,"views":"0","formatid":"gen9championsvgc2026regmbbo3","rating":null,"private":0,"password":null}