{"id":"gen9championsvgc2026regmb-2674249820","format":"[Gen 9 Champions] VGC 2026 Reg M-B","players":["sodiumthebase","Thornlace48812"],"log":"|j|☆sodiumthebase\n|j|☆Thornlace48812\n|t:|1788323296\n|gametype|doubles\n|player|p1|sodiumthebase|lady-gen4|1058\n|player|p2|Thornlace48812|1|1075\n|gen|9\n|tier|[Gen 9 Champions] VGC 2026 Reg M-B\n|rated|\n|rule|Species Clause: Limit one of each Pokémon\n|rule|Item Clause: Limit 1 of each item\n|clearpoke\n|poke|p1|Delphox, L50, F|\n|poke|p1|Rotom-Wash, L50|\n|poke|p1|Tsareena, L50, F|\n|poke|p1|Garchomp, L50, M|\n|poke|p1|Sylveon, L50, F|\n|poke|p1|Gholdengo, L50|\n|poke|p2|Garchomp, L50, F|\n|poke|p2|Charizard, L50, F|\n|poke|p2|Whimsicott, L50, M|\n|poke|p2|Sylveon, L50, F|\n|poke|p2|Kingambit, L50, F|\n|poke|p2|Basculegion, L50, M|\n|teampreview|4\n|inactive|Battle timer is ON: inactive players will automatically lose when time's up. (requested by Thornlace48812)\nThornlace48812 rejected open team sheets.\n|\n|t:|1788323315\n|teamsize|p1|4\n|teamsize|p2|4\n|start\n|switch|p1a: Rotom|Rotom-Wash, L50|100/100\n|switch|p1b: Garchomp|Garchomp, L50, M|100/100\n|switch|p2a: Sylveon|Sylveon, L50, F|100/100\n|switch|p2b: Charizard|Charizard, L50, F|100/100\n|turn|1\n|\n|t:|1788323338\n|move|p2b: Charizard|Protect|p2b: Charizard\n|-singleturn|p2b: Charizard|Protect\n|move|p2a: Sylveon|Quick Attack|p1b: Garchomp\n|-supereffective|p1b: Garchomp|1\n|-damage|p1b: Garchomp|77/100\n|-damage|p2a: Sylveon|87/100|[from] ability: Rough Skin|[of] p1b: Garchomp\n|move|p1b: Garchomp|Rock Slide|p2b: Charizard|[spread] p2a\n|-activate|p2b: Charizard|move: Protect\n|-damage|p2a: Sylveon|62/100\n|move|p1a: Rotom|Hydro Pump|p2b: Charizard\n|-activate|p2b: Charizard|move: Protect\n|\n|upkeep\n|turn|2\n|\n|t:|1788323356\n|detailschange|p2b: Charizard|Charizard-Mega-Y, L50, F\n|-mega|p2b: Charizard|Charizard|Charizardite Y\n|-weather|SunnyDay|[from] ability: Drought|[of] p2b: Charizard\n|move|p2a: Sylveon|Detect|p2a: Sylveon\n|-singleturn|p2a: Sylveon|Protect\n|move|p2b: Charizard|Heat Wave|p1a: Rotom|[spread] p1a,p1b\n|-resisted|p1a: Rotom|1\n|-resisted|p1b: Garchomp|1\n|-damage|p1a: Rotom|70/100\n|-damage|p1b: Garchomp|43/100\n|-enditem|p1b: Garchomp|Sitrus Berry|[eat]\n|-heal|p1b: Garchomp|67/100|[from] item: Sitrus Berry\n|move|p1b: Garchomp|Rock Slide|p2a: Sylveon|[spread] p2b\n|-activate|p2a: Sylveon|move: Protect\n|-supereffective|p2b: Charizard|2\n|-damage|p2b: Charizard|5/100\n|move|p1a: Rotom|Volt Switch|p2b: Charizard\n|-supereffective|p2b: Charizard|1\n|-damage|p2b: Charizard|0 fnt\n|faint|p2b: Charizard\n|\n|t:|1788323375\n|switch|p1a: Delphox|Delphox, L50, F|100/100|[from] Volt Switch\n|\n|-weather|SunnyDay|[upkeep]\n|upkeep\n|\n|t:|1788323376\n|switch|p2b: Basculegion|Basculegion, L50, M|100/100\n|turn|3\n|\n|t:|1788323393\n|move|p1a: Delphox|Protect|p1a: Delphox\n|-singleturn|p1a: Delphox|Protect\n|move|p2b: Basculegion|Protect|p2b: Basculegion\n|-singleturn|p2b: Basculegion|Protect\n|move|p1b: Garchomp|Rock Slide|p2a: Sylveon|[spread] p2a\n|-activate|p2b: Basculegion|move: Protect\n|-damage|p2a: Sylveon|38/100\n|move|p2a: Sylveon|Hyper Voice|p1b: Garchomp|[spread] p1b\n|-activate|p1a: Delphox|move: Protect\n|-supereffective|p1b: Garchomp|1\n|-damage|p1b: Garchomp|0 fnt\n|faint|p1b: Garchomp\n|\n|-weather|SunnyDay|[upkeep]\n|upkeep\n|\n|t:|1788323409\n|switch|p1b: Sylveon|Sylveon, L50, F|100/100\n|turn|4\n|\n|t:|1788323425\n|detailschange|p1a: Delphox|Delphox-Mega, L50, F\n|-mega|p1a: Delphox|Delphox|Delphoxite\n|move|p2a: Sylveon|Detect|p2a: Sylveon\n|-singleturn|p2a: Sylveon|Protect\n|move|p1b: Sylveon|Dazzling Gleam|p2b: Basculegion|[spread] p2b\n|-activate|p2a: Sylveon|move: Protect\n|-damage|p2b: Basculegion|70/100\n|move|p1a: Delphox|Psyshock|p2a: Sylveon\n|-activate|p2a: Sylveon|move: Protect\n|move|p2b: Basculegion|Last Respects|p1a: Delphox\n|-supereffective|p1a: Delphox|1\n|-crit|p1a: Delphox\n|-damage|p1a: Delphox|0 fnt\n|faint|p1a: Delphox\n|\n|-weather|SunnyDay|[upkeep]\n|upkeep\n|\n|t:|1788323440\n|switch|p1a: Rotom|Rotom-Wash, L50|70/100\n|turn|5\n|\n|t:|1788323445\n|move|p1b: Sylveon|Dazzling Gleam|p2a: Sylveon|[spread] p2a,p2b\n|-damage|p2a: Sylveon|17/100\n|-damage|p2b: Basculegion|40/100\n|move|p2b: Basculegion|Last Respects|p1a: Rotom\n|-damage|p1a: Rotom|0 fnt\n|faint|p1a: Rotom\n|move|p2a: Sylveon|Hyper Beam|p1b: Sylveon\n|-damage|p1b: Sylveon|2/100\n|-mustrecharge|p2a: Sylveon\n|\n|-weather|SunnyDay|[upkeep]\n|upkeep\n|turn|6\n|\n|t:|1788323456\n|move|p1b: Sylveon|Dazzling Gleam|p2b: Basculegion|[spread] p2a,p2b\n|-damage|p2a: Sylveon|0 fnt\n|-damage|p2b: Basculegion|7/100\n|faint|p2a: Sylveon\n|move|p2b: Basculegion|Wave Crash|p1b: Sylveon\n|-damage|p1b: Sylveon|0 fnt\n|faint|p1b: Sylveon\n|-damage|p2b: Basculegion|6/100|[from] Recoil\n|\n|win|Thornlace48812\n|raw|sodiumthebase's rating: 1058 &rarr; <strong>1039</strong><br />(-19 for losing)\n|raw|Thornlace48812's rating: 1059 &rarr; <strong>1090</strong><br />(+31 for winning)\n","uploadtime":1788323456,"views":"0","formatid":"gen9championsvgc2026regmb","rating":1039,"private":0,"password":null}