{"id":"gen9championsvgc2026regmb-2674107686","format":"[Gen 9 Champions] VGC 2026 Reg M-B","players":["72mm","BiggyPidgey"],"log":"|j|☆72mm\n|j|☆BiggyPidgey\n|t:|1788300195\n|gametype|doubles\n|player|p1|72mm|lusamine-nihilego|1309\n|player|p2|BiggyPidgey|rood|1332\n|gen|9\n|tier|[Gen 9 Champions] VGC 2026 Reg M-B\n|rated|\n|rule|Species Clause: Limit one of each Pokémon\n|rule|Item Clause: Limit 1 of each item\n|clearpoke\n|poke|p1|Kingambit, L50, F|\n|poke|p1|Garchomp, L50, F|\n|poke|p1|Farigiraf, L50, F|\n|poke|p1|Charizard, L50, M|\n|poke|p1|Sylveon, L50, F|\n|poke|p1|Aerodactyl, L50, M|\n|poke|p2|Charizard, L50, M|\n|poke|p2|Whimsicott, L50, M|\n|poke|p2|Floette-Eternal, L50, F|\n|poke|p2|Basculegion, L50, M|\n|poke|p2|Sylveon, L50, M|\n|poke|p2|Sinistcha, L50|\n|teampreview|4\nBiggyPidgey rejected open team sheets.\n|inactive|Battle timer is ON: inactive players will automatically lose when time's up. (requested by BiggyPidgey)\n|inactive|72mm has 60 seconds left.\n|inactive|BiggyPidgey has 60 seconds left.\n|inactive|72mm has 30 seconds left.\n|inactive|72mm has 20 seconds left.\n|inactive|72mm has 15 seconds left.\n|\n|t:|1788300280\n|teamsize|p1|4\n|teamsize|p2|4\n|start\n|switch|p1a: Charizard|Charizard, L50, M|100/100\n|switch|p1b: Garchomp|Garchomp, L50, F|100/100\n|switch|p2a: Charizard|Charizard, L50, M|100/100\n|switch|p2b: Whimsicott|Whimsicott, L50, M|100/100\n|turn|1\n|\n|t:|1788300300\n|detailschange|p2a: Charizard|Charizard-Mega-X, L50, M\n|-mega|p2a: Charizard|Charizard|Charizardite X\n|detailschange|p1a: Charizard|Charizard-Mega-Y, L50, M\n|-mega|p1a: Charizard|Charizard|Charizardite Y\n|-weather|SunnyDay|[from] ability: Drought|[of] p1a: Charizard\n|move|p2b: Whimsicott|Tailwind|p2b: Whimsicott\n|-sidestart|p2: BiggyPidgey|move: Tailwind\n|move|p2a: Charizard|Dragon Claw|p1b: Garchomp\n|-supereffective|p1b: Garchomp|1\n|-damage|p1b: Garchomp|0 fnt\n|-damage|p2a: Charizard|87/100|[from] ability: Rough Skin|[of] p1b: Garchomp\n|faint|p1b: Garchomp\n|move|p1a: Charizard|Ancient Power|p2b: Whimsicott\n|-damage|p2b: Whimsicott|65/100\n|\n|-weather|SunnyDay|[upkeep]\n|upkeep\n|\n|t:|1788300314\n|switch|p1b: Sylveon|Sylveon, L50, F|100/100\n|turn|2\n|\n|t:|1788300325\n|move|p2b: Whimsicott|Encore|p1a: Charizard\n|-start|p1a: Charizard|Encore\n|move|p2a: Charizard|Flare Blitz|p1b: Sylveon\n|-damage|p1b: Sylveon|0 fnt\n|faint|p1b: Sylveon\n|-damage|p2a: Charizard|47/100|[from] Recoil\n|move|p1a: Charizard|Ancient Power|p2b: Whimsicott\n|-damage|p2b: Whimsicott|34/100\n|\n|-weather|SunnyDay|[upkeep]\n|upkeep\n|\n|t:|1788300334\n|switch|p1b: Kingambit|Kingambit, L50, F|100/100\n|turn|3\n|\n|t:|1788300347\n|switch|p2b: Sinistcha|Sinistcha, L50|100/100\n|-heal|p2a: Charizard|72/100|[from] ability: Hospitality|[of] p2b: Sinistcha\n|move|p1b: Kingambit|Protect|p1b: Kingambit\n|-singleturn|p1b: Kingambit|Protect\n|move|p2a: Charizard|Flare Blitz|p1b: Kingambit\n|-activate|p1b: Kingambit|move: Protect\n|move|p1a: Charizard|Ancient Power|p2a: Charizard\n|-supereffective|p2a: Charizard|1\n|-damage|p2a: Charizard|14/100\n|\n|-weather|SunnyDay|[upkeep]\n|upkeep\n|turn|4\n|\n|t:|1788300375\n|move|p2b: Sinistcha|Rage Powder|p2b: Sinistcha\n|-singleturn|p2b: Sinistcha|move: Rage Powder\n|move|p1b: Kingambit|Sucker Punch||[still]\n|-fail|p1b: Kingambit\n|move|p2a: Charizard|Thunder Punch|p1a: Charizard\n|-supereffective|p1a: Charizard|1\n|-damage|p1a: Charizard|14/100\n|move|p1a: Charizard|Ancient Power|p2b: Sinistcha\n|-damage|p2b: Sinistcha|72/100\n|\n|-weather|SunnyDay|[upkeep]\n|-heal|p2b: Sinistcha|78/100|[from] item: Leftovers\n|-end|p1a: Charizard|Encore\n|-sideend|p2: BiggyPidgey|move: Tailwind\n|upkeep\n|turn|5\n|inactive|72mm has 30 seconds left.\n|\n|t:|1788300402\n|move|p2b: Sinistcha|Rage Powder|p2b: Sinistcha\n|-singleturn|p2b: Sinistcha|move: Rage Powder\n|move|p2a: Charizard|Flare Blitz|p1b: Kingambit\n|-supereffective|p1b: Kingambit|1\n|-damage|p1b: Kingambit|0 fnt\n|faint|p1b: Kingambit\n|-damage|p2a: Charizard|0 fnt|[from] Recoil\n|faint|p2a: Charizard\n|move|p1a: Charizard|Weather Ball|p2b: Sinistcha\n|-supereffective|p2b: Sinistcha|1\n|-damage|p2b: Sinistcha|0 fnt\n|faint|p2b: Sinistcha\n|\n|-weather|none\n|upkeep\n|\n|t:|1788300414\n|switch|p2a: Basculegion|Basculegion, L50, M|100/100\n|switch|p2b: Whimsicott|Whimsicott, L50, M|34/100\n|turn|6\n|-message|72mm forfeited.\n|\n|win|BiggyPidgey\n|raw|72mm's rating: 1309 &rarr; <strong>1290</strong><br />(-19 for losing)\n|raw|BiggyPidgey's rating: 1332 &rarr; <strong>1351</strong><br />(+19 for winning)\n|l|☆72mm\n|player|p1|\n","uploadtime":1788300428,"views":"19","formatid":"gen9championsvgc2026regmb","rating":1290,"private":0,"password":null}