{"id":"gen9championsvgc2026regmbbo3-2674888568","format":"[Gen 9 Champions] VGC 2026 Reg M-B (Bo3)","players":["marcio1428","Pawah"],"log":"|j|☆marcio1428\n|j|☆Pawah\n|html|<table width=\"100%\"><tr><td align=\"left\">marcio1428</td><td align=\"right\">Pawah</tr><tr><td align=\"left\"><i class=\"fa fa-circle-o\"></i> <i class=\"fa fa-circle-o\"></i> </td><td align=\"right\"><i class=\"fa fa-circle-o\"></i> <i class=\"fa fa-circle\"></i> </tr></table>\n|uhtml|bestof|<h2><strong>Game 2</strong> of <a href=\"/game-bestof3-gen9championsvgc2026regmbbo3-2674887092\">a best-of-3</a></h2>\n|t:|1788429739\n|gametype|doubles\n|player|p1|marcio1428|169|1149\n|player|p2|Pawah|ethan|1269\n|gen|9\n|tier|[Gen 9 Champions] VGC 2026 Reg M-B (Bo3)\n|rated|\n|rule|Species Clause: Limit one of each Pokémon\n|rule|Item Clause: Limit 1 of each item\n|clearpoke\n|poke|p1|Scrafty, L50, F|\n|poke|p1|Whimsicott, L50, F|\n|poke|p1|Mimikyu, L50, F|\n|poke|p1|Pelipper, L50, M|\n|poke|p1|Staraptor, L50, F|\n|poke|p1|Raichu, L50, F|\n|poke|p2|Staraptor, L50, M|\n|poke|p2|Milotic, L50, F|\n|poke|p2|Tyranitar, L50, M|\n|poke|p2|Gholdengo, L50|\n|poke|p2|Excadrill, L50, M|\n|poke|p2|Sinistcha, L50|\n|teampreview|4\n|showteam|p1|Scrafty||SitrusBerry|Intimidate|KnockOff,DrainPunch,FakeOut,Protect|Jolly||F|||50|]Whimsicott||FairyFeather|Prankster|Moonblast,Charm,Tailwind,Encore|Timid||F|||50|]Mimikyu||LifeOrb|Disguise|PhantomForce,PlayRough,ShadowSneak,TrickRoom|Brave||F|||50|]Pelipper||MysticWater|Drizzle|Hurricane,WeatherBall,WideGuard,Tailwind|Bold||M|||50|]Staraptor||WhiteHerb|Intimidate|BraveBird,CloseCombat,Tailwind,Protect|Jolly||F|||50|]Raichu||FocusSash|LightningRod|Thunderbolt,VoltSwitch,FakeOut,Protect|Timid||F|||50|\n|showteam|p2|Staraptor||Staraptite|Intimidate|BraveBird,CloseCombat,Tailwind,Protect|Jolly||M|||50|]Milotic||SitrusBerry|Competitive|Scald,IceBeam,IcyWind,Recover|Modest||F|||50|]Tyranitar||Tyranitarite|SandStream|RockSlide,KnockOff,LowKick,Protect|Adamant||M|||50|]Gholdengo||LifeOrb|GoodasGold|ShadowBall,MakeItRain,NastyPlot,Protect|Modest|||||50|]Excadrill||FocusSash|SandRush|HighHorsepower,IronHead,RockSlide,Protect|Adamant||M|||50|]Sinistcha||ColburBerry|Hospitality|MatchaGotcha,RagePowder,TrickRoom,Protect|Bold|||||50|\n|inactive|Battle timer is ON: inactive players will automatically lose when time's up. (requested by Pawah)\n|inactive|Pawah has 60 seconds left.\n|\n|t:|1788429780\n|teamsize|p1|4\n|teamsize|p2|4\n|start\n|switch|p1a: Whimsicott|Whimsicott, L50, F|100/100\n|switch|p1b: Raichu|Raichu, L50, F|100/100\n|switch|p2a: Staraptor|Staraptor, L50, M|100/100\n|switch|p2b: Milotic|Milotic, L50, F|100/100\n|-ability|p2a: Staraptor|Intimidate|boost\n|-unboost|p1a: Whimsicott|atk|1\n|-unboost|p1b: Raichu|atk|1\n|turn|1\n|\n|t:|1788429801\n|switch|p2b: Sinistcha|Sinistcha, L50|100/100\n|detailschange|p2a: Staraptor|Staraptor-Mega, L50, M\n|-mega|p2a: Staraptor|Staraptor|Staraptite\n|move|p2a: Staraptor|Protect|p2a: Staraptor\n|-singleturn|p2a: Staraptor|Protect\n|move|p1b: Raichu|Fake Out|p2b: Sinistcha\n|-immune|p2b: Sinistcha\n|move|p1a: Whimsicott|Moonblast|p2a: Staraptor\n|-activate|p2a: Staraptor|move: Protect\n|\n|upkeep\n|turn|2\n|\n|t:|1788429819\n|move|p1b: Raichu|Protect|p1b: Raichu\n|-singleturn|p1b: Raichu|Protect\n|move|p2b: Sinistcha|Rage Powder|p2b: Sinistcha\n|-singleturn|p2b: Sinistcha|move: Rage Powder\n|move|p1a: Whimsicott|Moonblast|p2a: Staraptor\n|-supereffective|p2a: Staraptor|1\n|-damage|p2a: Staraptor|11/100\n|move|p2a: Staraptor|Brave Bird|p1a: Whimsicott\n|-supereffective|p1a: Whimsicott|1\n|-damage|p1a: Whimsicott|0 fnt\n|faint|p1a: Whimsicott\n|-damage|p2a: Staraptor|0 fnt|[from] Recoil\n|faint|p2a: Staraptor\n|\n|upkeep\n|\n|t:|1788429833\n|switch|p1a: Pelipper|Pelipper, L50, M|100/100\n|switch|p2a: Excadrill|Excadrill, L50, M|100/100\n|-weather|RainDance|[from] ability: Drizzle|[of] p1a: Pelipper\n|turn|3\n|\n|t:|1788429846\n|move|p2b: Sinistcha|Protect|p2b: Sinistcha\n|-singleturn|p2b: Sinistcha|Protect\n|move|p1b: Raichu|Volt Switch|p2b: Sinistcha\n|-activate|p2b: Sinistcha|move: Protect\n|move|p2a: Excadrill|Rock Slide|p1b: Raichu|[spread] p1a\n|-miss|p2a: Excadrill|p1b: Raichu\n|-supereffective|p1a: Pelipper|1\n|-damage|p1a: Pelipper|57/100\n|move|p1a: Pelipper|Hurricane|p2b: Sinistcha\n|-activate|p2b: Sinistcha|move: Protect\n|\n|-weather|RainDance|[upkeep]\n|upkeep\n|turn|4\n|\n|t:|1788429864\n|move|p1a: Pelipper|Wide Guard|p1a: Pelipper\n|-singleturn|p1a: Pelipper|Wide Guard\n|move|p1b: Raichu|Volt Switch|p2b: Sinistcha\n|-resisted|p2b: Sinistcha|1\n|-damage|p2b: Sinistcha|85/100\n|\n|t:|1788429870\n|switch|p1b: Mimikyu|Mimikyu, L50, F|100/100|[from] Volt Switch\n|move|p2a: Excadrill|Rock Slide|p1b: Mimikyu|[spread] \n|-activate|p1a: Pelipper|move: Wide Guard\n|-activate|p1b: Mimikyu|move: Wide Guard\n|move|p2b: Sinistcha|Matcha Gotcha|p1b: Mimikyu|[spread] \n|-activate|p1a: Pelipper|move: Wide Guard\n|-activate|p1b: Mimikyu|move: Wide Guard\n|\n|-weather|RainDance|[upkeep]\n|upkeep\n|turn|5\n|inactive|marcio1428 has 30 seconds left.\n|inactive|marcio1428 has 20 seconds left.\n|\n|t:|1788429910\n|switch|p2b: Milotic|Milotic, L50, F|100/100\n|move|p2a: Excadrill|Iron Head|p1a: Pelipper\n|-resisted|p1a: Pelipper|1\n|-damage|p1a: Pelipper|34/100\n|move|p1a: Pelipper|Weather Ball|p2a: Excadrill\n|-supereffective|p2a: Excadrill|1\n|-enditem|p2a: Excadrill|Focus Sash\n|-damage|p2a: Excadrill|1/100\n|move|p1b: Mimikyu|Trick Room|p1b: Mimikyu\n|-fieldstart|move: Trick Room|[of] p1b: Mimikyu\n|\n|-weather|RainDance|[upkeep]\n|upkeep\n|turn|6\n|\n|t:|1788429933\n|move|p2a: Excadrill|Protect|p2a: Excadrill\n|-singleturn|p2a: Excadrill|Protect\n|move|p1a: Pelipper|Hurricane|p2b: Milotic\n|-damage|p2b: Milotic|63/100\n|-start|p2b: Milotic|confusion\n|move|p1b: Mimikyu|Phantom Force||[still]\n|-prepare|p1b: Mimikyu|Phantom Force\n|-activate|p2b: Milotic|confusion\n|move|p2b: Milotic|Ice Beam|p1a: Pelipper\n|-damage|p1a: Pelipper|0 fnt\n|faint|p1a: Pelipper\n|\n|-weather|RainDance|[upkeep]\n|upkeep\n|\n|t:|1788429954\n|switch|p1a: Raichu|Raichu, L50, F|100/100\n|turn|7\n|\n|t:|1788429972\n|switch|p2b: Sinistcha|Sinistcha, L50|85/100\n|-heal|p2a: Excadrill|25/100|[from] ability: Hospitality|[of] p2b: Sinistcha\n|move|p1a: Raichu|Fake Out|p2b: Sinistcha\n|-immune|p2b: Sinistcha\n|move|p1b: Mimikyu|Phantom Force|p2a: Excadrill|[from] lockedmove\n|-damage|p2a: Excadrill|0 fnt\n|faint|p2a: Excadrill\n|-damage|p1b: Mimikyu|90/100|[from] item: Life Orb\n|\n|-weather|none\n|upkeep\n|\n|t:|1788429980\n|switch|p2a: Milotic|Milotic, L50, F|63/100\n|turn|8\n|\n|t:|1788429998\n|move|p2b: Sinistcha|Matcha Gotcha|p1b: Mimikyu|[spread] p1a,p1b\n|-damage|p1a: Raichu|62/100\n|-heal|p2b: Sinistcha|100/100|[from] drain|[of] p1a: Raichu\n|-activate|p1b: Mimikyu|ability: Disguise\n|-damage|p1b: Mimikyu|90/100\n|detailschange|p1b: Mimikyu|Mimikyu-Busted, L50, F\n|-damage|p1b: Mimikyu|77/100|[from] pokemon: Mimikyu-Busted\n|move|p1b: Mimikyu|Phantom Force||[still]\n|-prepare|p1b: Mimikyu|Phantom Force\n|move|p2a: Milotic|Scald|p1b: Mimikyu|[miss]\n|-miss|p2a: Milotic|p1b: Mimikyu\n|move|p1a: Raichu|Thunderbolt|p2a: Milotic\n|-supereffective|p2a: Milotic|1\n|-damage|p2a: Milotic|13/100\n|-enditem|p2a: Milotic|Sitrus Berry|[eat]\n|-heal|p2a: Milotic|38/100|[from] item: Sitrus Berry\n|\n|upkeep\n|turn|9\n|\n|t:|1788430021\n|move|p1a: Raichu|Protect|p1a: Raichu\n|-singleturn|p1a: Raichu|Protect\n|move|p2b: Sinistcha|Matcha Gotcha|p1b: Mimikyu|[spread] \n|-miss|p2b: Sinistcha|p1b: Mimikyu\n|-activate|p1a: Raichu|move: Protect\n|move|p1b: Mimikyu|Phantom Force|p2b: Sinistcha|[from] lockedmove\n|-supereffective|p2b: Sinistcha|1\n|-damage|p2b: Sinistcha|10/100\n|-damage|p1b: Mimikyu|67/100|[from] item: Life Orb\n|move|p2a: Milotic|Scald|p1a: Raichu\n|-activate|p1a: Raichu|move: Protect\n|\n|-fieldend|move: Trick Room\n|upkeep\n|turn|10\n|\n|t:|1788430038\n|move|p1b: Mimikyu|Shadow Sneak|p2b: Sinistcha\n|-supereffective|p2b: Sinistcha|1\n|-damage|p2b: Sinistcha|0 fnt\n|faint|p2b: Sinistcha\n|-damage|p1b: Mimikyu|58/100|[from] item: Life Orb\n|move|p1a: Raichu|Thunderbolt|p2a: Milotic\n|-supereffective|p2a: Milotic|1\n|-damage|p2a: Milotic|0 fnt\n|faint|p2a: Milotic\n|\n|win|marcio1428\n","uploadtime":1788430038,"views":"4","formatid":"gen9championsvgc2026regmbbo3","rating":null,"private":0,"password":null}