{"id":"gen9championsvgc2026regmb-2674717175","format":"[Gen 9 Champions] VGC 2026 Reg M-B","players":["ImSoCalamari","Brahul35"],"log":"|j|☆ImSoCalamari\n|j|☆Brahul35\n|t:|1788395191\n|gametype|doubles\n|player|p1|ImSoCalamari|aromalady|1164\n|player|p2|Brahul35|ethan|1069\n|gen|9\n|tier|[Gen 9 Champions] VGC 2026 Reg M-B\n|rated|\n|rule|Species Clause: Limit one of each Pokémon\n|rule|Item Clause: Limit 1 of each item\n|clearpoke\n|poke|p1|Sylveon, L50, M|\n|poke|p1|Raichu, L50, M|\n|poke|p1|Staraptor, L50, M|\n|poke|p1|Arcanine-Hisui, L50, F|\n|poke|p1|Farigiraf, L50, F|\n|poke|p1|Kingambit, L50, M|\n|poke|p2|Feraligatr, L50, M|\n|poke|p2|Infernape, L50, M|\n|poke|p2|Zoroark, L50, M|\n|poke|p2|Dragalge, L50, M|\n|poke|p2|Noivern, L50, M|\n|poke|p2|Lycanroc-Dusk, L50, M|\n|teampreview|4\n|inactive|Battle timer is ON: inactive players will automatically lose when time's up. (requested by Brahul35)\n|inactive|ImSoCalamari has 60 seconds left.\n|\n|t:|1788395266\n|teamsize|p1|4\n|teamsize|p2|4\n|start\n|switch|p1a: Staraptor|Staraptor, L50, M|100/100\n|switch|p1b: Raichu|Raichu, L50, M|100/100\n|switch|p2a: Infernape|Infernape, L50, M|100/100\n|switch|p2b: Feraligatr|Feraligatr, L50, M|100/100\n|-ability|p1a: Staraptor|Intimidate|boost\n|-unboost|p2a: Infernape|atk|1\n|-unboost|p2b: Feraligatr|atk|1\n|turn|1\n|inactive|ImSoCalamari has 30 seconds left.\n|\n|t:|1788395299\n|detailschange|p1a: Staraptor|Staraptor-Mega, L50, M\n|-mega|p1a: Staraptor|Staraptor|Staraptite\n|detailschange|p2b: Feraligatr|Feraligatr-Mega, L50, M\n|-mega|p2b: Feraligatr|Feraligatr|Feraligite\n|move|p2a: Infernape|Fake Out|p1b: Raichu\n|-damage|p1b: Raichu|86/100\n|cant|p1b: Raichu|flinch\n|move|p1a: Staraptor|Tailwind|p1a: Staraptor\n|-sidestart|p1: ImSoCalamari|move: Tailwind\n|move|p2b: Feraligatr|Dragon Dance|p2b: Feraligatr\n|-boost|p2b: Feraligatr|atk|1\n|-boost|p2b: Feraligatr|spe|1\n|\n|upkeep\n|turn|2\n|\n|t:|1788395322\n|move|p1a: Staraptor|Close Combat|p2b: Feraligatr\n|-damage|p2b: Feraligatr|51/100\n|-boost|p1a: Staraptor|def|1\n|-boost|p1a: Staraptor|spd|1\n|move|p1b: Raichu|Zap Cannon|p2b: Feraligatr|[miss]\n|-miss|p1b: Raichu|p2b: Feraligatr\n|move|p2b: Feraligatr|Double-Edge|p1a: Staraptor\n|-damage|p1a: Staraptor|43/100\n|-damage|p2b: Feraligatr|31/100|[from] Recoil\n|move|p2a: Infernape|Raging Fury|p1a: Staraptor\n|-damage|p1a: Staraptor|20/100y\n|\n|upkeep\n|turn|3\n|inactive|ImSoCalamari has 30 seconds left.\n|\n|t:|1788395348\n|move|p2b: Feraligatr|Aqua Jet|p1a: Staraptor\n|-damage|p1a: Staraptor|4/100\n|move|p1a: Staraptor|Dual Wingbeat|p2a: Infernape\n|-supereffective|p2a: Infernape|1\n|-damage|p2a: Infernape|32/100\n|-supereffective|p2a: Infernape|1\n|-damage|p2a: Infernape|0 fnt\n|faint|p2a: Infernape\n|-hitcount|p2: Infernape|2\n|move|p1b: Raichu|Zap Cannon|p2b: Feraligatr|[miss]\n|-miss|p1b: Raichu|p2b: Feraligatr\n|\n|upkeep\n|\n|t:|1788395359\n|switch|p2a: Lycanroc|Lycanroc-Dusk, L50, M|100/100\n|turn|4\n|\n|t:|1788395377\n|move|p1a: Staraptor|Protect|p1a: Staraptor\n|-singleturn|p1a: Staraptor|Protect\n|move|p2b: Feraligatr|Aqua Jet|p1b: Raichu\n|-damage|p1b: Raichu|49/100\n|move|p1b: Raichu|Focus Blast|p2a: Lycanroc\n|-supereffective|p2a: Lycanroc|1\n|-damage|p2a: Lycanroc|5/100\n|replace|p2a: Zoroark|Zoroark, L50, M\n|-end|p2a: Zoroark|Illusion\n|move|p2a: Zoroark|Night Daze|p1a: Staraptor\n|-activate|p1a: Staraptor|move: Protect\n|\n|-sideend|p1: ImSoCalamari|move: Tailwind\n|upkeep\n|turn|5\n|\n|t:|1788395396\n|switch|p1a: Sylveon|Sylveon, L50, M|100/100\n|move|p1b: Raichu|Protect|p1b: Raichu\n|-singleturn|p1b: Raichu|Protect\n|move|p2b: Feraligatr|Aqua Jet|p1a: Sylveon\n|-damage|p1a: Sylveon|73/100\n|move|p2a: Zoroark|Night Daze|p1b: Raichu\n|-activate|p1b: Raichu|move: Protect\n|\n|upkeep\n|turn|6\n|inactive|ImSoCalamari has 30 seconds left.\n|\n|t:|1788395421\n|switch|p1b: Staraptor|Staraptor-Mega, L50, M|4/100\n|move|p2b: Feraligatr|Protect|p2b: Feraligatr\n|-singleturn|p2b: Feraligatr|Protect\n|move|p1a: Sylveon|Quick Attack|p2a: Zoroark\n|-supereffective|p2a: Zoroark|1\n|-damage|p2a: Zoroark|0 fnt\n|faint|p2a: Zoroark\n|\n|upkeep\n|\n|t:|1788395430\n|switch|p2a: Lycanroc|Lycanroc-Dusk, L50, M|100/100\n|turn|7\n|\n|t:|1788395435\n|move|p1a: Sylveon|Protect|p1a: Sylveon\n|-singleturn|p1a: Sylveon|Protect\n|move|p2b: Feraligatr|Aqua Jet|p1b: Staraptor\n|-damage|p1b: Staraptor|0 fnt\n|faint|p1b: Staraptor\n|move|p2a: Lycanroc|Iron Head|p1a: Sylveon\n|-activate|p1a: Sylveon|move: Protect\n|\n|upkeep\n|\n|t:|1788395444\n|switch|p1b: Raichu|Raichu, L50, M|49/100\n|turn|8\n|inactive|ImSoCalamari has 30 seconds left.\n|\n|t:|1788395472\n|move|p1b: Raichu|Fake Out|p2a: Lycanroc\n|-resisted|p2a: Lycanroc|1\n|-damage|p2a: Lycanroc|94/100\n|move|p2b: Feraligatr|Double-Edge|p1b: Raichu\n|-damage|p1b: Raichu|0 fnt\n|faint|p1b: Raichu\n|-damage|p2b: Feraligatr|15/100|[from] Recoil\n|cant|p2a: Lycanroc|flinch\n|move|p1a: Sylveon|Hyper Voice|p2a: Lycanroc|[spread] p2a,p2b\n|-supereffective|p2b: Feraligatr|1\n|-damage|p2a: Lycanroc|22/100\n|-damage|p2b: Feraligatr|0 fnt\n|faint|p2b: Feraligatr\n|\n|upkeep\n|\n|t:|1788395482\n|switch|p1b: Arcanine|Arcanine-Hisui, L50, F|100/100\n|turn|9\n|\n|t:|1788395490\n|move|p2a: Lycanroc|Iron Head|p1a: Sylveon\n|-supereffective|p1a: Sylveon|1\n|-damage|p1a: Sylveon|0 fnt\n|faint|p1a: Sylveon\n|-damage|p2a: Lycanroc|12/100|[from] item: Life Orb\n|move|p1b: Arcanine|Flare Blitz|p2a: Lycanroc\n|-resisted|p2a: Lycanroc|1\n|-damage|p2a: Lycanroc|0 fnt\n|faint|p2a: Lycanroc\n|\n|win|ImSoCalamari\n|raw|ImSoCalamari's rating: 1164 &rarr; <strong>1182</strong><br />(+18 for winning)\n|raw|Brahul35's rating: 1069 &rarr; <strong>1054</strong><br />(-15 for losing)\n|l|☆Brahul35\n|player|p2|\n","uploadtime":1788395513,"views":"2","formatid":"gen9championsvgc2026regmb","rating":1054,"private":0,"password":null}