{"id":"gen9championsvgc2026regmb-2674232285","format":"[Gen 9 Champions] VGC 2026 Reg M-B","players":["Pyrez57","lemonpeepowings"],"log":"|j|☆Pyrez57\n|j|☆lemonpeepowings\n|t:|1788319764\n|gametype|doubles\n|player|p1|Pyrez57|adaman|1579\n|player|p2|lemonpeepowings|265|1481\n|gen|9\n|tier|[Gen 9 Champions] VGC 2026 Reg M-B\n|rated|\n|rule|Species Clause: Limit one of each Pokémon\n|rule|Item Clause: Limit 1 of each item\n|clearpoke\n|poke|p1|Tyranitar, L50, M, shiny|\n|poke|p1|Grimmsnarl, L50, M|\n|poke|p1|Dragapult, L50, M, shiny|\n|poke|p1|Gholdengo, L50|\n|poke|p1|Corviknight, L50, M|\n|poke|p1|Venusaur, L50, F, shiny|\n|poke|p2|Froslass, L50, F|\n|poke|p2|Garchomp, L50, M|\n|poke|p2|Basculegion, L50, M|\n|poke|p2|Incineroar, L50, F|\n|poke|p2|Glaceon, L50, M|\n|poke|p2|Sneasler, L50, M|\n|teampreview|4\n|\n|t:|1788319805\n|teamsize|p1|4\n|teamsize|p2|4\n|start\n|switch|p1a: Sphyrna M.|Dragapult, L50, M, shiny|100/100\n|switch|p1b: Goldberg|Grimmsnarl, L50, M|100/100\n|switch|p2a: Sneasler|Sneasler, L50, M|100/100\n|switch|p2b: Froslass|Froslass, L50, F|100/100\n|turn|1\n|\n|t:|1788319817\n|detailschange|p2b: Froslass|Froslass-Mega, L50, F\n|-mega|p2b: Froslass|Froslass|Froslassite\n|-weather|Snowscape|[from] ability: Snow Warning|[of] p2b: Froslass\n|move|p2a: Sneasler|Fake Out|p1b: Goldberg\n|-damage|p1b: Goldberg|84/100\n|cant|p1b: Goldberg|flinch\n|move|p1a: Sphyrna M.|Psychic Fangs|p2a: Sneasler\n|-supereffective|p2a: Sneasler|2\n|-damage|p2a: Sneasler|0 fnt\n|faint|p2a: Sneasler\n|move|p2b: Froslass|Blizzard|p1a: Sphyrna M.|[spread] p1a,p1b\n|-supereffective|p1a: Sphyrna M.|1\n|-enditem|p1a: Sphyrna M.|Focus Sash\n|-damage|p1a: Sphyrna M.|1/100\n|-damage|p1b: Goldberg|45/100\n|\n|-weather|Snowscape|[upkeep]\n|upkeep\n|\n|t:|1788319832\n|switch|p2a: Basculegion|Basculegion, L50, M|100/100\n|turn|2\n|\n|t:|1788319845\n|move|p1a: Sphyrna M.|Protect|p1a: Sphyrna M.\n|-singleturn|p1a: Sphyrna M.|Protect\n|move|p2a: Basculegion|Aqua Jet|p1a: Sphyrna M.\n|-activate|p1a: Sphyrna M.|move: Protect\n|move|p1b: Goldberg|Reflect|p1b: Goldberg\n|-sidestart|p1: Pyrez57|Reflect\n|move|p2b: Froslass|Blizzard|p1a: Sphyrna M.|[spread] p1b\n|-activate|p1a: Sphyrna M.|move: Protect\n|-damage|p1b: Goldberg|3/100\n|\n|-weather|Snowscape|[upkeep]\n|upkeep\n|turn|3\n|\n|t:|1788319874\n|move|p2a: Basculegion|Aqua Jet|p1a: Sphyrna M.\n|-resisted|p1a: Sphyrna M.|1\n|-damage|p1a: Sphyrna M.|0 fnt\n|faint|p1a: Sphyrna M.\n|move|p1b: Goldberg|Light Screen|p1b: Goldberg\n|-sidestart|p1: Pyrez57|move: Light Screen\n|move|p2b: Froslass|Aurora Veil|p2b: Froslass\n|-sidestart|p2: lemonpeepowings|move: Aurora Veil\n|\n|-weather|Snowscape|[upkeep]\n|upkeep\n|\n|t:|1788319880\n|switch|p1a: Gojira|Tyranitar, L50, M, shiny|100/100\n|-weather|Sandstorm|[from] ability: Sand Stream|[of] p1a: Gojira\n|turn|4\n|\n|t:|1788319898\n|switch|p2b: Incineroar|Incineroar, L50, F|100/100\n|-ability|p2b: Incineroar|Intimidate|boost\n|-unboost|p1a: Gojira|atk|1\n|-unboost|p1b: Goldberg|atk|1\n|detailschange|p1a: Gojira|Tyranitar-Mega, L50, M, shiny\n|-mega|p1a: Gojira|Tyranitar|Tyranitarite\n|move|p2a: Basculegion|Aqua Jet|p1b: Goldberg\n|-damage|p1b: Goldberg|0 fnt\n|faint|p1b: Goldberg\n|move|p1a: Gojira|Knock Off|p2a: Basculegion\n|-supereffective|p2a: Basculegion|1\n|-damage|p2a: Basculegion|46/100\n|-enditem|p2a: Basculegion|Mystic Water|[from] move: Knock Off|[of] p1a: Gojira\n|\n|-weather|Sandstorm|[upkeep]\n|-damage|p2a: Basculegion|40/100|[from] Sandstorm\n|-damage|p2b: Incineroar|94/100|[from] Sandstorm\n|upkeep\n|\n|t:|1788319906\n|switch|p1b: Shakabrah|Gholdengo, L50|100/100\n|turn|5\n|\n|t:|1788319916\n|switch|p2a: Froslass|Froslass-Mega, L50, F|100/100\n|-weather|Snowscape|[from] ability: Snow Warning|[of] p2a: Froslass\n|move|p2b: Incineroar|Fake Out|p1a: Gojira\n|-resisted|p1a: Gojira|1\n|-damage|p1a: Gojira|98/100\n|move|p1b: Shakabrah|Shadow Ball|p2a: Froslass\n|-supereffective|p2a: Froslass|1\n|-damage|p2a: Froslass|18/100\n|-unboost|p2a: Froslass|spd|1\n|cant|p1a: Gojira|flinch\n|\n|-weather|Snowscape|[upkeep]\n|upkeep\n|turn|6\n|\n|t:|1788319932\n|move|p1b: Shakabrah|Protect|p1b: Shakabrah\n|-singleturn|p1b: Shakabrah|Protect\n|move|p2a: Froslass|Shadow Ball|p1b: Shakabrah\n|-activate|p1b: Shakabrah|move: Protect\n|move|p1a: Gojira|Rock Slide|p2b: Incineroar|[spread] p2b\n|-miss|p1a: Gojira|p2a: Froslass\n|-supereffective|p2b: Incineroar|1\n|-damage|p2b: Incineroar|70/100\n|move|p2b: Incineroar|Parting Shot|p1a: Gojira\n|-unboost|p1a: Gojira|atk|1\n|-unboost|p1a: Gojira|spa|1\n|\n|t:|1788319942\n|switch|p2b: Basculegion|Basculegion, L50, M|40/100|[from] Parting Shot\n|\n|-weather|Snowscape|[upkeep]\n|upkeep\n|turn|7\n|\n|t:|1788319955\n|move|p1b: Shakabrah|Protect||[still]\n|-fail|p1b: Shakabrah\n|move|p2a: Froslass|Shadow Ball|p1b: Shakabrah\n|-supereffective|p1b: Shakabrah|1\n|-crit|p1b: Shakabrah\n|-damage|p1b: Shakabrah|0 fnt\n|faint|p1b: Shakabrah\n|move|p2b: Basculegion|Wave Crash|p1a: Gojira\n|-supereffective|p1a: Gojira|1\n|-damage|p1a: Gojira|27/100\n|-damage|p2b: Basculegion|18/100|[from] Recoil\n|move|p1a: Gojira|Knock Off|p2b: Basculegion\n|-supereffective|p2b: Basculegion|1\n|-damage|p2b: Basculegion|0 fnt\n|faint|p2b: Basculegion\n|\n|-weather|Snowscape|[upkeep]\n|-sideend|p2: lemonpeepowings|move: Aurora Veil\n|upkeep\n|\n|t:|1788319965\n|switch|p2b: Incineroar|Incineroar, L50, F|70/100\n|-ability|p2b: Incineroar|Intimidate|boost\n|-unboost|p1a: Gojira|atk|1\n|turn|8\n|\n|t:|1788319969\n|move|p1a: Gojira|Protect|p1a: Gojira\n|-singleturn|p1a: Gojira|Protect\n|move|p2b: Incineroar|Fake Out|p1a: Gojira\n|-activate|p1a: Gojira|move: Protect\n|move|p2a: Froslass|Blizzard|p1a: Gojira\n|-activate|p1a: Gojira|move: Protect\n|\n|-weather|Snowscape|[upkeep]\n|upkeep\n|turn|9\n|\n|t:|1788319976\n|move|p2a: Froslass|Blizzard|p1a: Gojira\n|-damage|p1a: Gojira|2/100\n|move|p1a: Gojira|Rock Slide|p2b: Incineroar|[spread] p2a,p2b\n|-supereffective|p2a: Froslass|1\n|-supereffective|p2b: Incineroar|1\n|-damage|p2a: Froslass|0 fnt\n|-damage|p2b: Incineroar|46/100\n|-enditem|p2b: Incineroar|Sitrus Berry|[eat]\n|-heal|p2b: Incineroar|71/100|[from] item: Sitrus Berry\n|faint|p2a: Froslass\n|cant|p2b: Incineroar|flinch\n|\n|-weather|none\n|-sideend|p1: Pyrez57|Reflect\n|upkeep\n|turn|10\n|\n|t:|1788319984\n|move|p1a: Gojira|Rock Slide|p2b: Incineroar\n|-supereffective|p2b: Incineroar|1\n|-crit|p2b: Incineroar\n|-damage|p2b: Incineroar|0 fnt\n|faint|p2b: Incineroar\n|\n|win|Pyrez57\n|raw|Pyrez57's rating: 1579 &rarr; <strong>1594</strong><br />(+15 for winning)\n|raw|lemonpeepowings's rating: 1481 &rarr; <strong>1466</strong><br />(-15 for losing)\n|c|☆Pyrez57|wow\n|c|☆lemonpeepowings|NO FUCKING WAY\n|c|☆Pyrez57|srry\n|c|☆Pyrez57|not gg\n|c|☆lemonpeepowings|sobs\n|c|☆lemonpeepowings|gg\n|l|☆Pyrez57\n|player|p1|\n","uploadtime":1788320007,"views":"5","formatid":"gen9championsvgc2026regmb","rating":1466,"private":0,"password":null}