{"id":"gen9championsvgc2026regmbbo3-2673752473","format":"[Gen 9 Champions] VGC 2026 Reg M-B (Bo3)","players":["yanpoke5566","TinyDaPoet"],"log":"|j|☆yanpoke5566\n|j|☆TinyDaPoet\n|html|<table width=\"100%\"><tr><td align=\"left\">yanpoke5566</td><td align=\"right\">TinyDaPoet</tr><tr><td align=\"left\"><i class=\"fa fa-circle\"></i> <i class=\"fa fa-circle-o\"></i> </td><td align=\"right\"><i class=\"fa fa-circle-o\"></i> <i class=\"fa fa-circle\"></i> </tr></table>\n|uhtml|bestof|<h2><strong>Game 3</strong> of <a href=\"/game-bestof3-gen9championsvgc2026regmbbo3-2673749376\">a best-of-3</a></h2>\n|t:|1788248163\n|gametype|doubles\n|player|p1|yanpoke5566|volkner|\n|player|p2|TinyDaPoet|102|\n|gen|9\n|tier|[Gen 9 Champions] VGC 2026 Reg M-B (Bo3)\n|rule|Species Clause: Limit one of each Pokémon\n|rule|Item Clause: Limit 1 of each item\n|clearpoke\n|poke|p1|Tyranitar, L50, M|\n|poke|p1|Excadrill, L50, M|\n|poke|p1|Gholdengo, L50|\n|poke|p1|Sinistcha, L50|\n|poke|p1|Milotic, L50, F|\n|poke|p1|Blaziken, L50, M|\n|poke|p2|Froslass, L50, F, shiny|\n|poke|p2|Lycanroc-Dusk, L50, F, shiny|\n|poke|p2|Kingambit, L50, M, shiny|\n|poke|p2|Sneasler, L50, M, shiny|\n|poke|p2|Basculegion, L50, M, shiny|\n|poke|p2|Scovillain, L50, M, shiny|\n|teampreview|4\n|showteam|p1|Tyranitar||Tyranitarite|SandStream|RockSlide,KnockOff,DragonDance,Protect|Adamant||M|||50|]Excadrill||FocusSash|SandRush|IronHead,Earthquake,RockSlide,Protect|Jolly||M|||50|]Gholdengo||LifeOrb|GoodasGold|ShadowBall,MakeItRain,NastyPlot,Protect|Modest|||||50|]Sinistcha||ColburBerry|Hospitality|MatchaGotcha,RagePowder,TrickRoom,Protect|Bold|||||50|]Milotic||SitrusBerry|Competitive|Scald,Coil,Protect,Hypnosis|Modest||F|||50|]Blaziken||Blazikenite|SpeedBoost|Detect,CloseCombat,FlareBlitz,BraveBird|Adamant||M|||50|\n|showteam|p2|Froslass||Froslassite|CursedBody|Blizzard,ShadowBall,AuroraVeil,Protect|Modest||F|||50|]Lycanroc-Dusk||FocusSash|ToughClaws|RockSlide,CloseCombat,Accelerock,Protect|Adamant||F|||50|]Kingambit||BlackGlasses|Defiant|KowtowCleave,SuckerPunch,SwordsDance,Protect|Adamant||M|||50|]Sneasler||WhiteHerb|Unburden|CloseCombat,GunkShot,Protect,FakeOut|Adamant||M|||50|]Basculegion||LifeOrb|Adaptability|WaveCrash,LastRespects,AquaJet,Protect|Adamant||M|||50|]Scovillain||Scovillainite|Moody|GigaDrain,Overheat,RagePowder,Protect|Bold||M|||50|\n|\n|t:|1788248180\n|teamsize|p1|4\n|teamsize|p2|4\n|start\n|switch|p1a: Blaziken|Blaziken, L50, M|100/100\n|switch|p1b: Sinistcha|Sinistcha, L50|100/100\n|switch|p2a: Kingambit|Kingambit, L50, M, shiny|100/100\n|switch|p2b: Sneasler|Sneasler, L50, M, shiny|100/100\n|turn|1\n|\n|t:|1788248197\n|move|p1a: Blaziken|Detect|p1a: Blaziken\n|-singleturn|p1a: Blaziken|Protect\n|move|p1b: Sinistcha|Rage Powder|p1b: Sinistcha\n|-singleturn|p1b: Sinistcha|move: Rage Powder\n|move|p2b: Sneasler|Gunk Shot|p1b: Sinistcha|[miss]\n|-miss|p2b: Sneasler|p1b: Sinistcha\n|move|p2a: Kingambit|Swords Dance|p2a: Kingambit\n|-boost|p2a: Kingambit|atk|2\n|\n|-ability|p1a: Blaziken|Speed Boost|boost\n|-boost|p1a: Blaziken|spe|1\n|upkeep\n|turn|2\n|\n|t:|1788248215\n|move|p2a: Kingambit|Protect|p2a: Kingambit\n|-singleturn|p2a: Kingambit|Protect\n|move|p1b: Sinistcha|Rage Powder|p1b: Sinistcha\n|-singleturn|p1b: Sinistcha|move: Rage Powder\n|move|p1a: Blaziken|Brave Bird|p2b: Sneasler\n|-supereffective|p2b: Sneasler|1\n|-damage|p2b: Sneasler|0 fnt\n|faint|p2b: Sneasler\n|-damage|p1a: Blaziken|66/100|[from] Recoil\n|\n|-ability|p1a: Blaziken|Speed Boost|boost\n|-boost|p1a: Blaziken|spe|1\n|upkeep\n|\n|t:|1788248231\n|switch|p2b: Froslass|Froslass, L50, F, shiny|100/100\n|turn|3\n|\n|t:|1788248249\n|switch|p2a: Basculegion|Basculegion, L50, M, shiny|100/100\n|detailschange|p2b: Froslass|Froslass-Mega, L50, F, shiny\n|-mega|p2b: Froslass|Froslass|Froslassite\n|-weather|Snowscape|[from] ability: Snow Warning|[of] p2b: Froslass\n|move|p1b: Sinistcha|Rage Powder|p1b: Sinistcha\n|-singleturn|p1b: Sinistcha|move: Rage Powder\n|move|p1a: Blaziken|Close Combat|p2a: Basculegion\n|-immune|p2a: Basculegion\n|move|p2b: Froslass|Blizzard|p1b: Sinistcha|[spread] p1a,p1b\n|-resisted|p1a: Blaziken|1\n|-supereffective|p1b: Sinistcha|1\n|-damage|p1a: Blaziken|37/100\n|-damage|p1b: Sinistcha|1/100\n|\n|-weather|Snowscape|[upkeep]\n|-ability|p1a: Blaziken|Speed Boost|boost\n|-boost|p1a: Blaziken|spe|1\n|upkeep\n|turn|4\n|\n|t:|1788248281\n|switch|p1a: Milotic|Milotic, L50, F|100/100\n|move|p2b: Froslass|Aurora Veil|p2b: Froslass\n|-sidestart|p2: TinyDaPoet|move: Aurora Veil\n|move|p2a: Basculegion|Wave Crash|p1b: Sinistcha\n|-resisted|p1b: Sinistcha|1\n|-damage|p1b: Sinistcha|0 fnt\n|faint|p1b: Sinistcha\n|-damage|p2a: Basculegion|99/100|[from] Recoil\n|-damage|p2a: Basculegion|89/100|[from] item: Life Orb\n|\n|-weather|Snowscape|[upkeep]\n|upkeep\n|\n|t:|1788248287\n|switch|p1b: Tyranitar|Tyranitar, L50, M|100/100\n|-weather|Sandstorm|[from] ability: Sand Stream|[of] p1b: Tyranitar\n|turn|5\n|\n|t:|1788248321\n|switch|p2b: Kingambit|Kingambit, L50, M, shiny|100/100\n|detailschange|p1b: Tyranitar|Tyranitar-Mega, L50, M\n|-mega|p1b: Tyranitar|Tyranitar|Tyranitarite\n|move|p2a: Basculegion|Wave Crash|p1b: Tyranitar\n|-supereffective|p1b: Tyranitar|1\n|-damage|p1b: Tyranitar|0 fnt\n|faint|p1b: Tyranitar\n|-damage|p2a: Basculegion|59/100|[from] Recoil\n|-damage|p2a: Basculegion|49/100|[from] item: Life Orb\n|move|p1a: Milotic|Coil|p1a: Milotic\n|-boost|p1a: Milotic|atk|1\n|-boost|p1a: Milotic|def|1\n|-boost|p1a: Milotic|accuracy|1\n|\n|-weather|Sandstorm|[upkeep]\n|-damage|p2a: Basculegion|43/100|[from] Sandstorm\n|-damage|p1a: Milotic|94/100|[from] Sandstorm\n|upkeep\n|\n|t:|1788248328\n|switch|p1b: Blaziken|Blaziken, L50, M|37/100\n|turn|6\n|\n|t:|1788248347\n|move|p1b: Blaziken|Detect|p1b: Blaziken\n|-singleturn|p1b: Blaziken|Protect\n|move|p2a: Basculegion|Last Respects|p1a: Milotic\n|-damage|p1a: Milotic|41/100\n|-enditem|p1a: Milotic|Sitrus Berry|[eat]\n|-heal|p1a: Milotic|65/100|[from] item: Sitrus Berry\n|-damage|p2a: Basculegion|34/100|[from] item: Life Orb\n|move|p1a: Milotic|Hypnosis|p2a: Basculegion\n|-status|p2a: Basculegion|slp|[from] move: Hypnosis\n|move|p2b: Kingambit|Kowtow Cleave|p1a: Milotic\n|-damage|p1a: Milotic|28/100\n|\n|-weather|Sandstorm|[upkeep]\n|-damage|p1b: Blaziken|31/100|[from] Sandstorm\n|-damage|p2a: Basculegion|28/100 slp|[from] Sandstorm\n|-damage|p1a: Milotic|22/100|[from] Sandstorm\n|-ability|p1b: Blaziken|Speed Boost|boost\n|-boost|p1b: Blaziken|spe|1\n|upkeep\n|turn|7\n|\n|t:|1788248383\n|switch|p2a: Froslass|Froslass-Mega, L50, F, shiny|100/100\n|-weather|Snowscape|[from] ability: Snow Warning|[of] p2a: Froslass\n|move|p2b: Kingambit|Sucker Punch|p1b: Blaziken\n|-resisted|p1b: Blaziken|1\n|-damage|p1b: Blaziken|0 fnt\n|faint|p1b: Blaziken\n|move|p1a: Milotic|Hypnosis|p2b: Kingambit\n|-status|p2b: Kingambit|slp|[from] move: Hypnosis\n|\n|-weather|Snowscape|[upkeep]\n|upkeep\n|turn|8\n|\n|t:|1788248399\n|move|p2a: Froslass|Shadow Ball|p1a: Milotic\n|-damage|p1a: Milotic|0 fnt\n|faint|p1a: Milotic\n|\n|win|TinyDaPoet\n","uploadtime":1788248401,"views":"1","formatid":"gen9championsvgc2026regmbbo3","rating":null,"private":0,"password":null}