{"id":"gen9championsvgc2026regmb-2674170914","format":"[Gen 9 Champions] VGC 2026 Reg M-B","players":["PKMNSGaming!","Donjozo"],"log":"|j|☆PKMNSGaming!\n|j|☆Donjozo\n|html|<table width=\"100%\"><tr><td align=\"left\">PKMNSGaming!</td><td align=\"right\">Donjozo</tr><tr><td align=\"left\"><i class=\"fa fa-circle\"></i> <i class=\"fa fa-circle-o\"></i> </td><td align=\"right\"><i class=\"fa fa-circle-o\"></i> <i class=\"fa fa-circle-o\"></i> </tr></table>\n|uhtml|bestof|<h2><strong>Game 2</strong> of <a href=\"/game-bestof3-gen9championsvgc2026regmb-2674169535\">a best-of-3</a></h2>\n|t:|1788309801\n|gametype|doubles\n|player|p1|PKMNSGaming!|hilda|\n|player|p2|Donjozo|guzma|\n|gen|9\n|tier|[Gen 9 Champions] VGC 2026 Reg M-B\n|rule|Species Clause: Limit one of each Pokémon\n|rule|Item Clause: Limit 1 of each item\n|raw|<div class=\"infobox\"><details class=\"readmore\" open><summary><strong>2 custom rules:</strong></summary> Best of = 3, !OpenTeamSheets</details></div>\n|clearpoke\n|poke|p1|Aerodactyl, L50, M|\n|poke|p1|Milotic, L50, F|\n|poke|p1|Clefable, L50, M|\n|poke|p1|Floette-Eternal, L50, F|\n|poke|p1|Kangaskhan, L50, F|\n|poke|p1|Krookodile, L50, M|\n|poke|p2|Charizard, L50, F|\n|poke|p2|Aerodactyl, L50, F|\n|poke|p2|Sableye, L50, M|\n|poke|p2|Venusaur, L50, F|\n|poke|p2|Alakazam, L50, F|\n|poke|p2|Oranguru, L50, F|\n|teampreview|4\n|\n|t:|1788309881\n|teamsize|p1|4\n|teamsize|p2|4\n|start\n|switch|p1a: Kangaskhan|Kangaskhan, L50, F|100/100\n|switch|p1b: Krookodile|Krookodile, L50, M|100/100\n|switch|p2a: Venusaur|Venusaur, L50, F|100/100\n|switch|p2b: Charizard|Charizard, L50, F|100/100\n|-ability|p1b: Krookodile|Intimidate|boost\n|-unboost|p2a: Venusaur|atk|1\n|-unboost|p2b: Charizard|atk|1\n|turn|1\n|\n|t:|1788309915\n|switch|p2a: Sableye|Sableye, L50, M|100/100\n|move|p2b: Charizard|Protect|p2b: Charizard\n|-singleturn|p2b: Charizard|Protect\n|move|p1a: Kangaskhan|Fake Out|p2a: Sableye\n|-damage|p2a: Sableye|78/100\n|move|p1b: Krookodile|Rock Tomb|p2a: Sableye\n|-damage|p2a: Sableye|57/100\n|-unboost|p2a: Sableye|spe|1\n|\n|upkeep\n|turn|2\n|\n|t:|1788309925\n|detailschange|p2b: Charizard|Charizard-Mega-Y, L50, F\n|-mega|p2b: Charizard|Charizard|Charizardite Y\n|-weather|SunnyDay|[from] ability: Drought|[of] p2b: Charizard\n|move|p1a: Kangaskhan|Protect|p1a: Kangaskhan\n|-singleturn|p1a: Kangaskhan|Protect\n|move|p2a: Sableye|Fake Out|p1b: Krookodile\n|-damage|p1b: Krookodile|91/100\n|cant|p1b: Krookodile|flinch\n|move|p2b: Charizard|Solar Beam||[still]\n|-prepare|p2b: Charizard|Solar Beam\n|-anim|p2b: Charizard|Solar Beam|p1b: Krookodile\n|-supereffective|p1b: Krookodile|1\n|-damage|p1b: Krookodile|0 fnt\n|faint|p1b: Krookodile\n|\n|-weather|SunnyDay|[upkeep]\n|upkeep\n|\n|t:|1788309937\n|switch|p1b: Aerodactyl|Aerodactyl, L50, M|100/100\n|-ability|p1b: Aerodactyl|Unnerve\n|turn|3\n|\n|t:|1788309949\n|switch|p1b: Milotic|Milotic, L50, F|100/100\n|move|p2b: Charizard|Protect|p2b: Charizard\n|-singleturn|p2b: Charizard|Protect\n|move|p2a: Sableye|Will-O-Wisp|p1b: Milotic\n|-status|p1b: Milotic|brn\n|move|p1a: Kangaskhan|Double-Edge|p2a: Sableye\n|-damage|p2a: Sableye|1/100\n|-damage|p1a: Kangaskhan|84/100|[from] Recoil\n|\n|-weather|SunnyDay|[upkeep]\n|-damage|p1b: Milotic|94/100 brn|[from] brn\n|upkeep\n|turn|4\n|\n|t:|1788309965\n|move|p1a: Kangaskhan|Protect|p1a: Kangaskhan\n|-singleturn|p1a: Kangaskhan|Protect\n|move|p2a: Sableye|Will-O-Wisp|p1a: Kangaskhan\n|-activate|p1a: Kangaskhan|move: Protect\n|move|p2b: Charizard|Solar Beam||[still]\n|-prepare|p2b: Charizard|Solar Beam\n|-anim|p2b: Charizard|Solar Beam|p1b: Milotic\n|-supereffective|p1b: Milotic|1\n|-damage|p1b: Milotic|39/100 brn\n|move|p1b: Milotic|Icy Wind|p2a: Sableye|[spread] p2a,p2b\n|-crit|p2a: Sableye\n|-damage|p2a: Sableye|0 fnt\n|-damage|p2b: Charizard|91/100\n|-unboost|p2b: Charizard|spe|1\n|faint|p2a: Sableye\n|\n|-weather|SunnyDay|[upkeep]\n|-heal|p1b: Milotic|45/100 brn|[from] item: Leftovers\n|-damage|p1b: Milotic|39/100 brn|[from] brn\n|upkeep\n|\n|t:|1788309977\n|switch|p2a: Venusaur|Venusaur, L50, F|100/100\n|turn|5\n|\n|t:|1788310024\n|move|p2a: Venusaur|Sleep Powder|p1a: Kangaskhan\n|-status|p1a: Kangaskhan|slp|[from] move: Sleep Powder\n|cant|p1a: Kangaskhan|slp\n|move|p2b: Charizard|Solar Beam||[still]\n|-prepare|p2b: Charizard|Solar Beam\n|-anim|p2b: Charizard|Solar Beam|p1b: Milotic\n|-supereffective|p1b: Milotic|1\n|-damage|p1b: Milotic|0 fnt\n|faint|p1b: Milotic\n|\n|-weather|SunnyDay|[upkeep]\n|upkeep\n|\n|t:|1788310031\n|switch|p1b: Aerodactyl|Aerodactyl, L50, M|100/100\n|-ability|p1b: Aerodactyl|Unnerve\n|turn|6\n|\n|t:|1788310044\n|switch|p2b: Aerodactyl|Aerodactyl, L50, F|100/100\n|-ability|p2b: Aerodactyl|Unnerve\n|detailschange|p1b: Aerodactyl|Aerodactyl-Mega, L50, M\n|-mega|p1b: Aerodactyl|Aerodactyl|Aerodactylite\n|move|p2a: Venusaur|Sleep Powder|p1b: Aerodactyl|[miss]\n|-miss|p2a: Venusaur|p1b: Aerodactyl\n|move|p1b: Aerodactyl|Dual Wingbeat|p2a: Venusaur\n|-supereffective|p2a: Venusaur|1\n|-damage|p2a: Venusaur|29/100\n|-supereffective|p2a: Venusaur|1\n|-damage|p2a: Venusaur|0 fnt\n|faint|p2a: Venusaur\n|-hitcount|p2: Venusaur|2\n|cant|p1a: Kangaskhan|slp\n|\n|-weather|none\n|upkeep\n|\n|t:|1788310051\n|switch|p2a: Charizard|Charizard-Mega-Y, L50, F|91/100\n|-weather|SunnyDay|[from] ability: Drought|[of] p2a: Charizard\n|turn|7\n|\n|t:|1788310071\n|move|p2a: Charizard|Protect|p2a: Charizard\n|-singleturn|p2a: Charizard|Protect\n|move|p1b: Aerodactyl|Tailwind|p1b: Aerodactyl\n|-sidestart|p1: PKMNSGaming!|move: Tailwind\n|-curestatus|p1a: Kangaskhan|slp|[msg]\n|move|p1a: Kangaskhan|Double-Edge|p2a: Charizard\n|-activate|p2a: Charizard|move: Protect\n|move|p2b: Aerodactyl|Tailwind|p2b: Aerodactyl\n|-sidestart|p2: Donjozo|move: Tailwind\n|\n|-weather|SunnyDay|[upkeep]\n|upkeep\n|turn|8\n|\n|t:|1788310095\n|move|p1a: Kangaskhan|Sucker Punch|p2b: Aerodactyl\n|-damage|p2b: Aerodactyl|72/100\n|move|p1b: Aerodactyl|Rock Slide|p2a: Charizard|[spread] p2a,p2b\n|-supereffective|p2a: Charizard|2\n|-supereffective|p2b: Aerodactyl|1\n|-damage|p2a: Charizard|0 fnt\n|-damage|p2b: Aerodactyl|0 fnt\n|faint|p2a: Charizard\n|faint|p2b: Aerodactyl\n|\n|win|PKMNSGaming!\n","uploadtime":1788310101,"views":"0","formatid":"gen9championsvgc2026regmb","rating":null,"private":0,"password":null}