{"id":"gen9championsvgc2026regmb-2674536399","format":"[Gen 9 Champions] VGC 2026 Reg M-B","players":["nessa'sflipflops","DLoTR"],"log":"|j|☆nessa'sflipflops\n|j|☆DLoTR\n|t:|1788371309\n|gametype|doubles\n|player|p1|nessa'sflipflops|ballguy|1326\n|player|p2|DLoTR|hilbert-wonderlauncher|1272\n|gen|9\n|tier|[Gen 9 Champions] VGC 2026 Reg M-B\n|rated|\n|rule|Species Clause: Limit one of each Pokémon\n|rule|Item Clause: Limit 1 of each item\n|clearpoke\n|poke|p1|Sylveon, L50, F, shiny|\n|poke|p1|Staraptor, L50, F|\n|poke|p1|Raichu, L50, F|\n|poke|p1|Farigiraf, L50, M|\n|poke|p1|Kingambit, L50, F|\n|poke|p1|Arcanine-Hisui, L50, M|\n|poke|p2|Staraptor, L50, M|\n|poke|p2|Blaziken, L50, F|\n|poke|p2|Dragonite, L50, F|\n|poke|p2|Glimmora, L50, F|\n|poke|p2|Gholdengo, L50|\n|poke|p2|Sinistcha, L50|\n|teampreview|4\n|\n|t:|1788371336\n|teamsize|p1|4\n|teamsize|p2|4\n|start\n|switch|p1a: Raichu|Raichu, L50, F|100/100\n|switch|p1b: Sylveon|Sylveon, L50, F, shiny|100/100\n|switch|p2a: Dragonite|Dragonite, L50, F|100/100\n|switch|p2b: Glimmora|Glimmora, L50, F|100/100\n|turn|1\n|\n|t:|1788371345\n|detailschange|p1a: Raichu|Raichu-Mega-Y, L50, F\n|-mega|p1a: Raichu|Raichu|Raichunite Y\n|move|p2a: Dragonite|Protect|p2a: Dragonite\n|-singleturn|p2a: Dragonite|Protect\n|move|p2b: Glimmora|Spiky Shield|p2b: Glimmora\n|-singleturn|p2b: Glimmora|move: Protect\n|move|p1a: Raichu|Zap Cannon|p2b: Glimmora\n|-activate|p2b: Glimmora|move: Protect\n|move|p1b: Sylveon|Hyper Voice|p2a: Dragonite|[spread] \n|-activate|p2a: Dragonite|move: Protect\n|-activate|p2b: Glimmora|move: Protect\n|\n|upkeep\n|turn|2\n|\n|t:|1788371359\n|move|p2a: Dragonite|Extreme Speed|p1a: Raichu\n|-damage|p1a: Raichu|52/100\n|move|p1a: Raichu|Zap Cannon|p2a: Dragonite\n|-damage|p2a: Dragonite|35/100\n|-status|p2a: Dragonite|par\n|move|p2b: Glimmora|Mortal Spin|p1a: Raichu|[spread] p1a,p1b\n|-supereffective|p1b: Sylveon|1\n|-damage|p1a: Raichu|46/100\n|-damage|p1b: Sylveon|89/100\n|-status|p1a: Raichu|psn\n|-status|p1b: Sylveon|psn\n|move|p1b: Sylveon|Hyper Voice|p2b: Glimmora|[spread] p2a,p2b\n|-supereffective|p2a: Dragonite|1\n|-enditem|p2a: Dragonite|Roseli Berry|[eat]\n|-enditem|p2a: Dragonite|Roseli Berry|[weaken]\n|-resisted|p2b: Glimmora|1\n|-damage|p2a: Dragonite|0 fnt\n|-damage|p2b: Glimmora|77/100\n|faint|p2a: Dragonite\n|\n|-damage|p1a: Raichu|34/100 psn|[from] psn\n|-damage|p1b: Sylveon|77/100 psn|[from] psn\n|upkeep\n|\n|t:|1788371376\n|switch|p2a: Staraptor|Staraptor, L50, M|100/100\n|-ability|p2a: Staraptor|Intimidate|boost\n|-unboost|p1a: Raichu|atk|1\n|-unboost|p1b: Sylveon|atk|1\n|turn|3\n|\n|t:|1788371386\n|detailschange|p2a: Staraptor|Staraptor-Mega, L50, M\n|-mega|p2a: Staraptor|Staraptor|Staraptite\n|move|p1a: Raichu|Protect|p1a: Raichu\n|-singleturn|p1a: Raichu|Protect\n|move|p2a: Staraptor|Protect|p2a: Staraptor\n|-singleturn|p2a: Staraptor|Protect\n|move|p2b: Glimmora|Sludge Bomb|p1b: Sylveon\n|-supereffective|p1b: Sylveon|1\n|-damage|p1b: Sylveon|5/100 psn\n|move|p1b: Sylveon|Hyper Voice|p2a: Staraptor|[spread] p2b\n|-activate|p2a: Staraptor|move: Protect\n|-resisted|p2b: Glimmora|1\n|-damage|p2b: Glimmora|54/100\n|\n|-damage|p1a: Raichu|22/100 psn|[from] psn\n|-damage|p1b: Sylveon|0 fnt|[from] psn\n|faint|p1b: Sylveon\n|upkeep\n|\n|t:|1788371401\n|switch|p1b: Arcanine|Arcanine-Hisui, L50, M|100/100\n|turn|4\n|\n|t:|1788371408\n|switch|p2a: Sinistcha|Sinistcha, L50|100/100\n|-heal|p2b: Glimmora|78/100|[from] ability: Hospitality|[of] p2a: Sinistcha\n|move|p1a: Raichu|Zap Cannon|p2a: Sinistcha\n|-resisted|p2a: Sinistcha|1\n|-damage|p2a: Sinistcha|71/100\n|-status|p2a: Sinistcha|par\n|move|p1b: Arcanine|Head Smash|p2a: Sinistcha|[miss]\n|-miss|p1b: Arcanine|p2a: Sinistcha\n|move|p2b: Glimmora|Power Gem|p1b: Arcanine\n|-supereffective|p1b: Arcanine|1\n|-enditem|p1b: Arcanine|Focus Sash\n|-damage|p1b: Arcanine|1/100\n|\n|-damage|p1a: Raichu|10/100 psn|[from] psn\n|upkeep\n|turn|5\n|\n|t:|1788371426\n|move|p2a: Sinistcha|Rage Powder|p2a: Sinistcha\n|-singleturn|p2a: Sinistcha|move: Rage Powder\n|move|p1a: Raichu|Zap Cannon|p2a: Sinistcha\n|-resisted|p2a: Sinistcha|1\n|-damage|p2a: Sinistcha|43/100 par\n|-enditem|p2a: Sinistcha|Sitrus Berry|[eat]\n|-heal|p2a: Sinistcha|68/100 par|[from] item: Sitrus Berry\n|move|p1b: Arcanine|Flare Blitz|p2a: Sinistcha\n|-supereffective|p2a: Sinistcha|1\n|-damage|p2a: Sinistcha|0 fnt\n|faint|p2a: Sinistcha\n|move|p2b: Glimmora|Mortal Spin|p1b: Arcanine|[spread] p1a,p1b\n|-resisted|p1b: Arcanine|1\n|-damage|p1a: Raichu|2/100 psn\n|-damage|p1b: Arcanine|0 fnt\n|faint|p1b: Arcanine\n|\n|-damage|p1a: Raichu|0 fnt|[from] psn\n|faint|p1a: Raichu\n|upkeep\n|-message|nessa'sflipflops forfeited.\n|\n|win|DLoTR\n|raw|nessa&apos;sflipflops's rating: 1326 &rarr; <strong>1303</strong><br />(-23 for losing)\n|raw|DLoTR's rating: 1272 &rarr; <strong>1301</strong><br />(+29 for winning)\n|l|☆nessa'sflipflops\n|player|p1|\n","uploadtime":1788371447,"views":"3","formatid":"gen9championsvgc2026regmb","rating":1301,"private":0,"password":null}