{"id":"gen9championsvgc2026regmb-2674467445","format":"[Gen 9 Champions] VGC 2026 Reg M-B","players":["bruhdnigerian","Vendalf"],"log":"|j|☆bruhdnigerian\n|j|☆Vendalf\n|t:|1788363262\n|gametype|doubles\n|player|p1|bruhdnigerian|lance|1124\n|player|p2|Vendalf|bruno|1040\n|gen|9\n|tier|[Gen 9 Champions] VGC 2026 Reg M-B\n|rated|\n|rule|Species Clause: Limit one of each Pokémon\n|rule|Item Clause: Limit 1 of each item\n|clearpoke\n|poke|p1|Pangoro, L50, F|\n|poke|p1|Crabominable, L50, M|\n|poke|p1|Chandelure, L50, F|\n|poke|p1|Spiritomb, L50, F|\n|poke|p1|Bastiodon, L50, M|\n|poke|p1|Sneasler, L50, F|\n|poke|p2|Tyranitar, L50, F|\n|poke|p2|Sinistcha, L50|\n|poke|p2|Sneasler, L50, F|\n|poke|p2|Incineroar, L50, M|\n|poke|p2|Metagross, L50, shiny|\n|poke|p2|Rotom-Wash, L50|\n|teampreview|4\n|inactive|Battle timer is ON: inactive players will automatically lose when time's up. (requested by bruhdnigerian)\nVendalf has agreed to open team sheets.\nbruhdnigerian rejected open team sheets.\n|\n|t:|1788363291\n|teamsize|p1|4\n|teamsize|p2|4\n|start\n|switch|p1a: Sneasler|Sneasler, L50, F|100/100\n|switch|p1b: Bastiodon|Bastiodon, L50, M|100/100\n|switch|p2a: Incineroar|Incineroar, L50, M|100/100\n|switch|p2b: Tyranitar|Tyranitar, L50, F|100/100\n|-ability|p1a: Sneasler|Pressure\n|-ability|p2a: Incineroar|Intimidate|boost\n|-unboost|p1a: Sneasler|atk|1\n|-unboost|p1b: Bastiodon|atk|1\n|-weather|Sandstorm|[from] ability: Sand Stream|[of] p2b: Tyranitar\n|-enditem|p1a: Sneasler|White Herb\n|-clearnegativeboost|p1a: Sneasler|[silent]\n|turn|1\n|\n|t:|1788363308\n|move|p2b: Tyranitar|Protect|p2b: Tyranitar\n|-singleturn|p2b: Tyranitar|Protect\n|move|p1a: Sneasler|Fake Out|p2a: Incineroar\n|-damage|p2a: Incineroar|86/100\n|cant|p2a: Incineroar|flinch\n|move|p1b: Bastiodon|Stealth Rock|p2a: Incineroar\n|-sidestart|p2: Vendalf|move: Stealth Rock\n|\n|-weather|Sandstorm|[upkeep]\n|-damage|p1a: Sneasler|94/100|[from] Sandstorm\n|-damage|p2a: Incineroar|80/100|[from] Sandstorm\n|upkeep\n|turn|2\n|\n|t:|1788363333\n|switch|p2b: Sinistcha|Sinistcha, L50|100/100\n|-damage|p2b: Sinistcha|87/100|[from] Stealth Rock\n|-heal|p2a: Incineroar|100/100|[from] ability: Hospitality|[of] p2b: Sinistcha\n|move|p1a: Sneasler|Close Combat|p2a: Incineroar\n|-supereffective|p2a: Incineroar|1\n|-damage|p2a: Incineroar|0 fnt\n|-unboost|p1a: Sneasler|def|1\n|-unboost|p1a: Sneasler|spd|1\n|faint|p2a: Incineroar\n|move|p1b: Bastiodon|Roar|p2b: Sinistcha\n|drag|p2b: Rotom|Rotom-Wash, L50|100/100\n|-damage|p2b: Rotom|88/100|[from] Stealth Rock\n|\n|-weather|Sandstorm|[upkeep]\n|-damage|p1a: Sneasler|88/100|[from] Sandstorm\n|-damage|p2b: Rotom|82/100|[from] Sandstorm\n|-heal|p2b: Rotom|88/100|[from] item: Leftovers\n|upkeep\n|\n|t:|1788363349\n|switch|p2a: Sinistcha|Sinistcha, L50|87/100\n|-damage|p2a: Sinistcha|75/100|[from] Stealth Rock\n|-heal|p2b: Rotom|100/100|[from] ability: Hospitality|[of] p2a: Sinistcha\n|turn|3\n|\n|t:|1788363373\n|move|p2a: Sinistcha|Rage Powder|p2a: Sinistcha\n|-singleturn|p2a: Sinistcha|move: Rage Powder\n|move|p1a: Sneasler|Dire Claw|p2a: Sinistcha\n|-damage|p2a: Sinistcha|44/100\n|-status|p2a: Sinistcha|psn\n|-enditem|p2a: Sinistcha|Sitrus Berry|[eat]\n|-heal|p2a: Sinistcha|69/100 psn|[from] item: Sitrus Berry\n|move|p2b: Rotom|Hydro Pump|p1b: Bastiodon\n|-supereffective|p1b: Bastiodon|1\n|-damage|p1b: Bastiodon|46/100\n|move|p1b: Bastiodon|Roar|p2a: Sinistcha\n|drag|p2a: Tyranitar|Tyranitar, L50, F|100/100\n|-damage|p2a: Tyranitar|87/100|[from] Stealth Rock\n|\n|-weather|Sandstorm|[upkeep]\n|-damage|p1a: Sneasler|82/100|[from] Sandstorm\n|-damage|p2b: Rotom|94/100|[from] Sandstorm\n|-heal|p2b: Rotom|100/100|[from] item: Leftovers\n|upkeep\n|turn|4\n|inactive|Vendalf has 30 seconds left.\n|\n|t:|1788363401\n|move|p2a: Tyranitar|Protect|p2a: Tyranitar\n|-singleturn|p2a: Tyranitar|Protect\n|move|p1b: Bastiodon|Wide Guard|p1b: Bastiodon\n|-singleturn|p1b: Bastiodon|Wide Guard\n|move|p1a: Sneasler|Close Combat|p2b: Rotom\n|-damage|p2b: Rotom|17/100\n|-unboost|p1a: Sneasler|def|1\n|-unboost|p1a: Sneasler|spd|1\n|move|p2b: Rotom|Hydro Pump|p1b: Bastiodon\n|-supereffective|p1b: Bastiodon|1\n|-damage|p1b: Bastiodon|0 fnt\n|faint|p1b: Bastiodon\n|\n|-weather|Sandstorm|[upkeep]\n|-damage|p1a: Sneasler|77/100|[from] Sandstorm\n|-damage|p2b: Rotom|12/100|[from] Sandstorm\n|-heal|p2b: Rotom|17/100|[from] item: Leftovers\n|upkeep\n|\n|t:|1788363415\n|switch|p1b: Pangoro|Pangoro, L50, F|100/100\n|turn|5\n|\n|t:|1788363429\n|switch|p2a: Sinistcha|Sinistcha, L50|69/100 psn\n|-damage|p2a: Sinistcha|57/100 psn|[from] Stealth Rock\n|-heal|p2b: Rotom|42/100|[from] ability: Hospitality|[of] p2a: Sinistcha\n|move|p1a: Sneasler|Dire Claw|p2b: Rotom\n|-crit|p2b: Rotom\n|-damage|p2b: Rotom|0 fnt\n|faint|p2b: Rotom\n|move|p1b: Pangoro|Storm Throw|p2a: Sinistcha\n|-crit|p2a: Sinistcha\n|-damage|p2a: Sinistcha|24/100 psn\n|\n|-weather|none\n|-damage|p2a: Sinistcha|12/100 psn|[from] psn\n|upkeep\n|\n|t:|1788363442\n|switch|p2b: Tyranitar|Tyranitar, L50, F|87/100\n|-damage|p2b: Tyranitar|75/100|[from] Stealth Rock\n|-weather|Sandstorm|[from] ability: Sand Stream|[of] p2b: Tyranitar\n|turn|6\n|\n|t:|1788363455\n|move|p1b: Pangoro|Protect|p1b: Pangoro\n|-singleturn|p1b: Pangoro|Protect\n|move|p2a: Sinistcha|Rage Powder|p2a: Sinistcha\n|-singleturn|p2a: Sinistcha|move: Rage Powder\n|move|p1a: Sneasler|Dire Claw|p2a: Sinistcha\n|-damage|p2a: Sinistcha|0 fnt\n|faint|p2a: Sinistcha\n|move|p2b: Tyranitar|Rock Slide|p1b: Pangoro|[spread] p1a\n|-activate|p1b: Pangoro|move: Protect\n|-resisted|p1a: Sneasler|1\n|-damage|p1a: Sneasler|22/100\n|\n|-weather|Sandstorm|[upkeep]\n|-damage|p1a: Sneasler|16/100|[from] Sandstorm\n|-damage|p1b: Pangoro|94/100|[from] Sandstorm\n|upkeep\n|turn|7\n|\n|t:|1788363468\n|move|p1a: Sneasler|Close Combat|p2b: Tyranitar\n|-supereffective|p2b: Tyranitar|2\n|-damage|p2b: Tyranitar|0 fnt\n|-unboost|p1a: Sneasler|def|1\n|-unboost|p1a: Sneasler|spd|1\n|faint|p2b: Tyranitar\n|\n|win|bruhdnigerian\n|raw|bruhdnigerian's rating: 1124 &rarr; <strong>1143</strong><br />(+19 for winning)\n|raw|Vendalf's rating: 1040 &rarr; <strong>1028</strong><br />(-12 for losing)\n|l|☆Vendalf\n|player|p2|\n","uploadtime":1788363476,"views":"1","formatid":"gen9championsvgc2026regmb","rating":1028,"private":0,"password":null}