{"id":"gen9championsvgc2026regmb-2674293657","format":"[Gen 9 Champions] VGC 2026 Reg M-B","players":["sadnmsadmmsad","Onecaptain1"],"log":"|j|‽sadnmsadmmsad\n|j|☆Onecaptain1\n|t:|1788333794\n|gametype|doubles\n|player|p1|sadnmsadmmsad|hooligans|1040\n|player|p2|Onecaptain1|red|1106\n|gen|9\n|tier|[Gen 9 Champions] VGC 2026 Reg M-B\n|rated|\n|rule|Species Clause: Limit one of each Pokémon\n|rule|Item Clause: Limit 1 of each item\n|clearpoke\n|poke|p1|Charizard, L50, M, shiny|\n|poke|p1|Whimsicott, L50, M, shiny|\n|poke|p1|Incineroar, L50, M|\n|poke|p1|Maushold, L50, shiny|\n|poke|p1|Kingambit, L50, M|\n|poke|p1|Primarina, L50, F, shiny|\n|poke|p2|Swampert, L50, F|\n|poke|p2|Pelipper, L50, F|\n|poke|p2|Basculegion, L50, M|\n|poke|p2|Sinistcha, L50|\n|poke|p2|Sneasler, L50, M|\n|poke|p2|Archaludon, L50, M|\n|teampreview|4\n|inactive|Battle timer is ON: inactive players will automatically lose when time's up. (requested by Onecaptain1)\n|\n|t:|1788333823\n|teamsize|p1|4\n|teamsize|p2|4\n|start\n|switch|p1a: Charizard|Charizard, L50, M, shiny|100/100\n|switch|p1b: Whimsicott|Whimsicott, L50, M, shiny|100/100\n|switch|p2a: Swampert|Swampert, L50, F|100/100\n|switch|p2b: Sneasler|Sneasler, L50, M|100/100\n|turn|1\n|inactive|sadnmsadmmsad has 30 seconds left.\n|inactive|sadnmsadmmsad has 20 seconds left.\n|\n|t:|1788333861\n|detailschange|p1a: Charizard|Charizard-Mega-Y, L50, M, shiny\n|-mega|p1a: Charizard|Charizard|Charizardite Y\n|-weather|SunnyDay|[from] ability: Drought|[of] p1a: Charizard\n|detailschange|p2a: Swampert|Swampert-Mega, L50, F\n|-mega|p2a: Swampert|Swampert|Swampertite\n|move|p1b: Whimsicott|Tailwind|p1b: Whimsicott\n|-sidestart|p1: sadnmsadmmsad|move: Tailwind\n|move|p1a: Charizard|Solar Beam||[still]\n|-prepare|p1a: Charizard|Solar Beam\n|-anim|p1a: Charizard|Solar Beam|p2a: Swampert\n|-supereffective|p2a: Swampert|2\n|-damage|p2a: Swampert|0 fnt\n|faint|p2a: Swampert\n|move|p2b: Sneasler|Coaching|p2: Swampert|[notarget]\n|-fail|p2b: Sneasler\n|\n|-weather|SunnyDay|[upkeep]\n|upkeep\n|\n|t:|1788333877\n|switch|p2a: Pelipper|Pelipper, L50, F|100/100\n|-weather|RainDance|[from] ability: Drizzle|[of] p2a: Pelipper\n|turn|2\n|\n|t:|1788333891\n|switch|p1b: Kingambit|Kingambit, L50, M|100/100\n|switch|p1a: Primarina|Primarina, L50, F, shiny|100/100\n|move|p2b: Sneasler|Dire Claw|p1a: Primarina\n|-supereffective|p1a: Primarina|1\n|-damage|p1a: Primarina|6/100\n|move|p2a: Pelipper|Hurricane|p1b: Kingambit\n|-resisted|p1b: Kingambit|1\n|-crit|p1b: Kingambit\n|-damage|p1b: Kingambit|71/100\n|\n|-weather|RainDance|[upkeep]\n|upkeep\n|turn|3\n|inactive|sadnmsadmmsad has 30 seconds left.\n|inactive|Onecaptain1 has 30 seconds left.\n|\n|t:|1788333920\n|move|p2b: Sneasler|Dire Claw|p1a: Primarina\n|-supereffective|p1a: Primarina|1\n|-damage|p1a: Primarina|0 fnt\n|faint|p1a: Primarina\n|move|p1b: Kingambit|Kowtow Cleave|p2a: Pelipper\n|-crit|p2a: Pelipper\n|-damage|p2a: Pelipper|20/100y\n|move|p2a: Pelipper|Weather Ball|p1b: Kingambit\n|-damage|p1b: Kingambit|19/100\n|\n|-weather|RainDance|[upkeep]\n|upkeep\n|\n|t:|1788333939\n|switch|p1a: Charizard|Charizard-Mega-Y, L50, M, shiny|100/100\n|-weather|SunnyDay|[from] ability: Drought|[of] p1a: Charizard\n|turn|4\n|\n|t:|1788333964\n|move|p1b: Kingambit|Sucker Punch|p2a: Pelipper\n|-damage|p2a: Pelipper|0 fnt\n|faint|p2a: Pelipper\n|move|p1a: Charizard|Solar Beam||[still]\n|-prepare|p1a: Charizard|Solar Beam\n|-anim|p1a: Charizard|Solar Beam|p2b: Sneasler\n|-resisted|p2b: Sneasler|1\n|-damage|p2b: Sneasler|66/100\n|move|p2b: Sneasler|Dire Claw|p1a: Charizard\n|-damage|p1a: Charizard|36/100\n|-status|p1a: Charizard|psn|[from] ability: Poison Touch|[of] p2b: Sneasler\n|\n|-weather|SunnyDay|[upkeep]\n|-damage|p1a: Charizard|24/100 psn|[from] psn\n|-sideend|p1: sadnmsadmmsad|move: Tailwind\n|upkeep\n|\n|t:|1788333979\n|switch|p2a: Archaludon|Archaludon, L50, M|100/100\n|turn|5\n|inactive|Onecaptain1 has 30 seconds left.\n|\n|t:|1788334006\n|move|p1b: Kingambit|Protect|p1b: Kingambit\n|-singleturn|p1b: Kingambit|Protect\n|move|p2b: Sneasler|Dire Claw|p1a: Charizard\n|-damage|p1a: Charizard|0 fnt\n|faint|p1a: Charizard\n|move|p2a: Archaludon|Flash Cannon|p1b: Kingambit\n|-activate|p1b: Kingambit|move: Protect\n|\n|-weather|SunnyDay|[upkeep]\n|upkeep\n|\n|t:|1788334017\n|switch|p1a: Whimsicott|Whimsicott, L50, M, shiny|100/100\n|turn|6\n|inactive|sadnmsadmmsad has 30 seconds left.\n|\n|t:|1788334043\n|move|p1a: Whimsicott|Tailwind|p1a: Whimsicott\n|-sidestart|p1: sadnmsadmmsad|move: Tailwind\n|move|p2b: Sneasler|Dire Claw|p1a: Whimsicott\n|-supereffective|p1a: Whimsicott|2\n|-damage|p1a: Whimsicott|0 fnt\n|faint|p1a: Whimsicott\n|move|p1b: Kingambit|Kowtow Cleave|p2a: Archaludon\n|-damage|p2a: Archaludon|54/100\n|-ability|p2a: Archaludon|Stamina|boost\n|-boost|p2a: Archaludon|def|1\n|move|p2a: Archaludon|Electro Shot||[still]\n|-prepare|p2a: Archaludon|Electro Shot\n|-boost|p2a: Archaludon|spa|1\n|\n|-weather|SunnyDay|[upkeep]\n|-heal|p2a: Archaludon|60/100|[from] item: Leftovers\n|upkeep\n|turn|7\n|\n|t:|1788334067\n|move|p2b: Sneasler|Close Combat|p1b: Kingambit\n|-supereffective|p1b: Kingambit|2\n|-damage|p1b: Kingambit|0 fnt\n|-unboost|p2b: Sneasler|def|1\n|-unboost|p2b: Sneasler|spd|1\n|faint|p1b: Kingambit\n|\n|win|Onecaptain1\n|raw|sadnmsadmmsad's rating: 1040 &rarr; <strong>1027</strong><br />(-13 for losing)\n|raw|Onecaptain1's rating: 1106 &rarr; <strong>1126</strong><br />(+20 for winning)\n","uploadtime":1788334083,"views":"15","formatid":"gen9championsvgc2026regmb","rating":1027,"private":0,"password":null}