{"id":"gen9championsvgc2026regmb-2673945413","format":"[Gen 9 Champions] VGC 2026 Reg M-B","players":["300game","conngfan"],"log":"|j|☆300game\n|j|☆conngfan\n|t:|1788280294\n|gametype|doubles\n|player|p1|300game|169|1566\n|player|p2|conngfan|arven-s|1573\n|gen|9\n|tier|[Gen 9 Champions] VGC 2026 Reg M-B\n|rated|\n|rule|Species Clause: Limit one of each Pokémon\n|rule|Item Clause: Limit 1 of each item\n|clearpoke\n|poke|p1|Tyranitar, L50, M|\n|poke|p1|Excadrill, L50, M|\n|poke|p1|Dragapult, L50, F|\n|poke|p1|Clefable, L50, F|\n|poke|p1|Milotic, L50, M|\n|poke|p1|Sinistcha, L50|\n|poke|p2|Aerodactyl, L50, M|\n|poke|p2|Raichu, L50, F|\n|poke|p2|Sneasler, L50, M|\n|poke|p2|Sylveon, L50, M|\n|poke|p2|Kingambit, L50, M|\n|poke|p2|Tsareena, L50, F|\n|teampreview|4\n|inactive|Battle timer is ON: inactive players will automatically lose when time's up. (requested by 300game)\n|inactive|conngfan also wants the timer to be on.\n|inactive|300game has 60 seconds left.\n|inactive|conngfan has 60 seconds left.\n|inactive|300game has 30 seconds left.\n|inactive|conngfan has 30 seconds left.\n|inactive|300game has 20 seconds left.\n|\n|t:|1788280365\n|teamsize|p1|4\n|teamsize|p2|4\n|start\n|switch|p1a: Excadrill|Excadrill, L50, M|100/100\n|switch|p1b: Milotic|Milotic, L50, M|100/100\n|switch|p2a: Sylveon|Sylveon, L50, M|100/100\n|switch|p2b: Raichu|Raichu, L50, F|100/100\n|turn|1\n|inactive|conngfan has 30 seconds left.\n|inactive|conngfan has 20 seconds left.\n|inactive|conngfan has 15 seconds left.\n|\n|t:|1788280406\n|switch|p2a: Sneasler|Sneasler, L50, M|100/100\n|move|p1a: Excadrill|Protect|p1a: Excadrill\n|-singleturn|p1a: Excadrill|Protect\n|move|p1b: Milotic|Protect|p1b: Milotic\n|-singleturn|p1b: Milotic|Protect\n|move|p2b: Raichu|Fake Out|p1a: Excadrill\n|-activate|p1a: Excadrill|move: Protect\n|\n|upkeep\n|turn|2\n|j| kingmain1\n|inactive|300game has 30 seconds left.\n|\n|t:|1788280438\n|switch|p1a: Sinistcha|Sinistcha, L50|100/100\n|detailschange|p2b: Raichu|Raichu-Mega-Y, L50, F\n|-mega|p2b: Raichu|Raichu|Raichunite Y\n|move|p2a: Sneasler|Fake Out|p1a: Sinistcha\n|-immune|p1a: Sinistcha\n|move|p2b: Raichu|Focus Blast|p1a: Sinistcha\n|-immune|p1a: Sinistcha\n|move|p1b: Milotic|Icy Wind|p2b: Raichu|[spread] p2a,p2b\n|-damage|p2a: Sneasler|87/100\n|-damage|p2b: Raichu|84/100\n|-unboost|p2a: Sneasler|spe|1\n|-unboost|p2b: Raichu|spe|1\n|-enditem|p2a: Sneasler|White Herb\n|-clearnegativeboost|p2a: Sneasler|[silent]\n|\n|upkeep\n|turn|3\n|c| kingmain1|the goat\n|\n|t:|1788280456\n|switch|p2b: Sylveon|Sylveon, L50, M|100/100\n|move|p1a: Sinistcha|Rage Powder|p1a: Sinistcha\n|-singleturn|p1a: Sinistcha|move: Rage Powder\n|move|p2a: Sneasler|Dire Claw|p1a: Sinistcha\n|-damage|p1a: Sinistcha|65/100\n|move|p1b: Milotic|Icy Wind|p2b: Sylveon|[spread] p2a,p2b\n|-damage|p2a: Sneasler|75/100\n|-damage|p2b: Sylveon|90/100\n|-unboost|p2a: Sneasler|spe|1\n|-unboost|p2b: Sylveon|spe|1\n|\n|upkeep\n|turn|4\n|inactive|300game has 30 seconds left.\n|\n|t:|1788280487\n|move|p1a: Sinistcha|Rage Powder|p1a: Sinistcha\n|-singleturn|p1a: Sinistcha|move: Rage Powder\n|move|p2a: Sneasler|Dire Claw|p1a: Sinistcha\n|-damage|p1a: Sinistcha|30/100\n|move|p1b: Milotic|Scald|p2a: Sneasler\n|-damage|p2a: Sneasler|37/100\n|move|p2b: Sylveon|Hyper Voice|p1b: Milotic|[spread] p1a,p1b\n|-damage|p1a: Sinistcha|0 fnt\n|-damage|p1b: Milotic|64/100\n|faint|p1a: Sinistcha\n|\n|upkeep\n|\n|t:|1788280501\n|switch|p1a: Excadrill|Excadrill, L50, M|100/100\n|turn|5\n|\n|t:|1788280512\n|move|p1b: Milotic|Protect|p1b: Milotic\n|-singleturn|p1b: Milotic|Protect\n|move|p2a: Sneasler|Close Combat|p1b: Milotic\n|-activate|p1b: Milotic|move: Protect\n|move|p1a: Excadrill|Earthquake|p2a: Sneasler|[spread] p2a,p2b\n|-activate|p1b: Milotic|move: Protect\n|-supereffective|p2a: Sneasler|1\n|-damage|p2a: Sneasler|0 fnt\n|-damage|p2b: Sylveon|44/100\n|faint|p2a: Sneasler\n|move|p2b: Sylveon|Yawn|p1a: Excadrill\n|-start|p1a: Excadrill|move: Yawn|[of] p2b: Sylveon\n|\n|upkeep\n|\n|t:|1788280520\n|switch|p2a: Raichu|Raichu-Mega-Y, L50, F|84/100\n|turn|6\n|\n|t:|1788280533\n|switch|p1a: Tyranitar|Tyranitar, L50, M|100/100\n|-weather|Sandstorm|[from] ability: Sand Stream|[of] p1a: Tyranitar\n|move|p2a: Raichu|Zap Cannon|p1b: Milotic\n|-supereffective|p1b: Milotic|1\n|-damage|p1b: Milotic|0 fnt\n|faint|p1b: Milotic\n|move|p2b: Sylveon|Hyper Voice|p1a: Tyranitar\n|-supereffective|p1a: Tyranitar|1\n|-damage|p1a: Tyranitar|30/100\n|\n|-weather|Sandstorm|[upkeep]\n|-damage|p2a: Raichu|78/100|[from] Sandstorm\n|-damage|p2b: Sylveon|38/100|[from] Sandstorm\n|upkeep\n|\n|t:|1788280546\n|switch|p1b: Excadrill|Excadrill, L50, M|100/100\n|turn|7\n|\n|t:|1788280555\n|move|p1a: Tyranitar|Protect|p1a: Tyranitar\n|-singleturn|p1a: Tyranitar|Protect\n|move|p1b: Excadrill|Earthquake|p2b: Sylveon|[spread] p2a,p2b\n|-activate|p1a: Tyranitar|move: Protect\n|-supereffective|p2a: Raichu|1\n|-damage|p2a: Raichu|0 fnt\n|-damage|p2b: Sylveon|0 fnt\n|faint|p2a: Raichu\n|faint|p2b: Sylveon\n|\n|-weather|Sandstorm|[upkeep]\n|upkeep\n|\n|t:|1788280563\n|switch|p2b: Tsareena|Tsareena, L50, F|100/100\n|turn|8\n|\n|t:|1788280573\n|detailschange|p1a: Tyranitar|Tyranitar-Mega, L50, M\n|-mega|p1a: Tyranitar|Tyranitar|Tyranitarite\n|move|p1b: Excadrill|Iron Head|p2b: Tsareena\n|-damage|p2b: Tsareena|51/100\n|move|p1a: Tyranitar|Knock Off|p2b: Tsareena\n|-damage|p2b: Tsareena|0 fnt\n|-enditem|p2b: Tsareena|Focus Sash|[from] move: Knock Off|[of] p1a: Tyranitar\n|faint|p2b: Tsareena\n|\n|win|300game\n|raw|300game's rating: 1566 &rarr; <strong>1586</strong><br />(+20 for winning)\n|raw|conngfan's rating: 1573 &rarr; <strong>1553</strong><br />(-20 for losing)\n","uploadtime":1788280574,"views":"5","formatid":"gen9championsvgc2026regmb","rating":1553,"private":0,"password":null}