{"id":"gen9championsvgc2026regmb-2673904422","format":"[Gen 9 Champions] VGC 2026 Reg M-B","players":["FireDrac0","gadhadga"],"log":"|j|☆FireDrac0\n|j|☆gadhadga\n|t:|1788275328\n|gametype|doubles\n|player|p1|FireDrac0|266|1062\n|player|p2|gadhadga|1|1051\n|gen|9\n|tier|[Gen 9 Champions] VGC 2026 Reg M-B\n|rated|\n|rule|Species Clause: Limit one of each Pokémon\n|rule|Item Clause: Limit 1 of each item\n|clearpoke\n|poke|p1|Gallade, L50, M, shiny|\n|poke|p1|Raichu, L50, F|\n|poke|p1|Milotic, L50, M|\n|poke|p1|Weavile, L50, F|\n|poke|p1|Maushold-Four, L50|\n|poke|p1|Gholdengo, L50|\n|poke|p2|Gengar, L50, M, shiny|\n|poke|p2|Incineroar, L50, M|\n|poke|p2|Sinistcha, L50|\n|poke|p2|Politoed, L50, F|\n|poke|p2|Archaludon, L50, M|\n|poke|p2|Dragonite, L50, F|\n|teampreview|4\n|inactive|Battle timer is ON: inactive players will automatically lose when time's up. (requested by gadhadga)\n|inactive|FireDrac0 has 60 seconds left.\n|\n|t:|1788275369\n|teamsize|p1|4\n|teamsize|p2|4\n|start\n|switch|p1a: Gallade|Gallade, L50, M, shiny|100/100\n|switch|p1b: Maushold|Maushold-Four, L50|100/100\n|switch|p2a: Gengar|Gengar, L50, M, shiny|100/100\n|switch|p2b: Incineroar|Incineroar, L50, M|100/100\n|-ability|p2b: Incineroar|Intimidate|boost\n|-unboost|p1a: Gallade|atk|1\n|-unboost|p1b: Maushold|atk|1\n|turn|1\n|\n|t:|1788275381\n|detailschange|p2a: Gengar|Gengar-Mega, L50, M, shiny\n|-mega|p2a: Gengar|Gengar|Gengarite\n|move|p1b: Maushold|Protect|p1b: Maushold\n|-singleturn|p1b: Maushold|Protect\n|move|p1a: Gallade|Protect|p1a: Gallade\n|-singleturn|p1a: Gallade|Protect\n|move|p2b: Incineroar|Fake Out|p1a: Gallade\n|-activate|p1a: Gallade|move: Protect\n|move|p2a: Gengar|Perish Song|p2a: Gengar\n|-start|p1a: Gallade|perish3|[silent]\n|-start|p1b: Maushold|perish3|[silent]\n|-start|p2a: Gengar|perish3|[silent]\n|-start|p2b: Incineroar|perish3|[silent]\n|-fieldactivate|move: Perish Song\n|\n|-start|p2a: Gengar|perish3\n|-start|p1b: Maushold|perish3\n|-start|p1a: Gallade|perish3\n|-start|p2b: Incineroar|perish3\n|upkeep\n|turn|2\n|\n|t:|1788275397\n|move|p2a: Gengar|Protect|p2a: Gengar\n|-singleturn|p2a: Gengar|Protect\n|move|p1b: Maushold|Beat Up|p1a: Gallade\n|-crit|p1a: Gallade\n|-damage|p1a: Gallade|93/100\n|-ability|p1a: Gallade|Justified|boost\n|-boost|p1a: Gallade|atk|1\n|-damage|p1a: Gallade|91/100\n|-ability|p1a: Gallade|Justified|boost\n|-boost|p1a: Gallade|atk|1\n|-damage|p1a: Gallade|88/100\n|-ability|p1a: Gallade|Justified|boost\n|-boost|p1a: Gallade|atk|1\n|-damage|p1a: Gallade|86/100\n|-ability|p1a: Gallade|Justified|boost\n|-boost|p1a: Gallade|atk|1\n|-hitcount|p1a: Gallade|4\n|move|p1a: Gallade|Drain Punch|p2b: Incineroar\n|-supereffective|p2b: Incineroar|1\n|-enditem|p2b: Incineroar|Focus Sash\n|-damage|p2b: Incineroar|1/100\n|-heal|p1a: Gallade|100/100|[from] drain|[of] p2b: Incineroar\n|move|p2b: Incineroar|Parting Shot|p1a: Gallade\n|-unboost|p1a: Gallade|atk|1\n|-unboost|p1a: Gallade|spa|1\n|\n|t:|1788275401\n|switch|p2b: Sinistcha|Sinistcha, L50|100/100|[from] Parting Shot\n|\n|-start|p2a: Gengar|perish2\n|-start|p1b: Maushold|perish2\n|-start|p1a: Gallade|perish2\n|upkeep\n|turn|3\n|inactive|FireDrac0 has 30 seconds left.\n|\n|t:|1788275429\n|detailschange|p1a: Gallade|Gallade-Mega, L50, M, shiny\n|-mega|p1a: Gallade|Gallade|Galladite\n|move|p1b: Maushold|Follow Me|p1b: Maushold\n|-singleturn|p1b: Maushold|move: Follow Me\n|move|p2b: Sinistcha|Rage Powder|p2b: Sinistcha\n|-singleturn|p2b: Sinistcha|move: Rage Powder\n|move|p1a: Gallade|Shadow Sneak|p2b: Sinistcha\n|-supereffective|p2b: Sinistcha|1\n|-damage|p2b: Sinistcha|41/100\n|-enditem|p2b: Sinistcha|Sitrus Berry|[eat]\n|-heal|p2b: Sinistcha|66/100|[from] item: Sitrus Berry\n|move|p2a: Gengar|Disable|p1b: Maushold\n|-start|p1b: Maushold|Disable|Follow Me\n|\n|-start|p2a: Gengar|perish1\n|-start|p1b: Maushold|perish1\n|-start|p1a: Gallade|perish1\n|upkeep\n|turn|4\n|\n|t:|1788275446\n|switch|p2a: Incineroar|Incineroar, L50, M|1/100\n|-ability|p2a: Incineroar|Intimidate|boost\n|-fail|p1a: Gallade|unboost|Attack|[from] ability: Inner Focus|[of] p1a: Gallade\n|-unboost|p1b: Maushold|atk|1\n|move|p1b: Maushold|Protect|p1b: Maushold\n|-singleturn|p1b: Maushold|Protect\n|move|p2b: Sinistcha|Protect|p2b: Sinistcha\n|-singleturn|p2b: Sinistcha|Protect\n|move|p1a: Gallade|Shadow Sneak|p2a: Incineroar\n|-resisted|p2a: Incineroar|1\n|-damage|p2a: Incineroar|0 fnt\n|faint|p2a: Incineroar\n|\n|-start|p1b: Maushold|perish0\n|-start|p1a: Gallade|perish0\n|faint|p1b: Maushold\n|faint|p1a: Gallade\n|upkeep\n|\n|t:|1788275460\n|switch|p1b: Gholdengo|Gholdengo, L50|100/100\n|switch|p1a: Raichu|Raichu, L50, F|100/100\n|switch|p2a: Gengar|Gengar-Mega, L50, M, shiny|100/100\n|turn|5\n|\n|t:|1788275476\n|move|p2b: Sinistcha|Rage Powder|p2b: Sinistcha\n|-singleturn|p2b: Sinistcha|move: Rage Powder\n|move|p2a: Gengar|Shadow Ball|p1b: Gholdengo\n|-supereffective|p1b: Gholdengo|1\n|-damage|p1b: Gholdengo|3/100\n|move|p1a: Raichu|Zap Cannon|p2b: Sinistcha\n|-resisted|p2b: Sinistcha|1\n|-damage|p2b: Sinistcha|46/100\n|-status|p2b: Sinistcha|par\n|move|p1b: Gholdengo|Shadow Ball|p2b: Sinistcha\n|-supereffective|p2b: Sinistcha|1\n|-damage|p2b: Sinistcha|0 fnt\n|faint|p2b: Sinistcha\n|-damage|p1b: Gholdengo|0 fnt|[from] item: Life Orb\n|faint|p1b: Gholdengo\n|\n|upkeep\n|\n|t:|1788275481\n|switch|p2b: Politoed|Politoed, L50, F|100/100\n|-weather|RainDance|[from] ability: Drizzle|[of] p2b: Politoed\n|turn|6\n|\n|t:|1788275490\n|move|p2a: Gengar|Disable|p1a: Raichu\n|-start|p1a: Raichu|Disable|Zap Cannon\n|cant|p1a: Raichu|Disable|Zap Cannon\n|move|p2b: Politoed|Weather Ball|p1a: Raichu\n|-damage|p1a: Raichu|40/100\n|\n|-weather|RainDance|[upkeep]\n|upkeep\n|turn|7\n|\n|t:|1788275494\n|move|p2a: Gengar|Shadow Ball|p1a: Raichu\n|-damage|p1a: Raichu|0 fnt\n|faint|p1a: Raichu\n|\n|win|gadhadga\n|raw|FireDrac0's rating: 1062 &rarr; <strong>1042</strong><br />(-20 for losing)\n|raw|gadhadga's rating: 1051 &rarr; <strong>1084</strong><br />(+33 for winning)\n","uploadtime":1788275496,"views":"7","formatid":"gen9championsvgc2026regmb","rating":1042,"private":0,"password":null}