{"id":"gen9championsvgc2026regmb-2674379175","format":"[Gen 9 Champions] VGC 2026 Reg M-B","players":["soulo333","wolfeconperish745"],"log":"|j|☆soulo333\n|j|☆wolfeconperish745\n|t:|1788351906\n|gametype|doubles\n|player|p1|soulo333|1|1327\n|player|p2|wolfeconperish745|170|1354\n|gen|9\n|tier|[Gen 9 Champions] VGC 2026 Reg M-B\n|rated|\n|rule|Species Clause: Limit one of each Pokémon\n|rule|Item Clause: Limit 1 of each item\n|clearpoke\n|poke|p1|Staraptor, L50, F|\n|poke|p1|Arcanine-Hisui, L50, F|\n|poke|p1|Kingambit, L50, F|\n|poke|p1|Sylveon, L50, F, shiny|\n|poke|p1|Raichu, L50, F|\n|poke|p1|Farigiraf, L50, F|\n|poke|p2|Kingambit, L50, M, shiny|\n|poke|p2|Arcanine-Hisui, L50, M, shiny|\n|poke|p2|Whimsicott, L50, M, shiny|\n|poke|p2|Sylveon, L50, M, shiny|\n|poke|p2|Raichu, L50, F, shiny|\n|poke|p2|Staraptor, L50, F, shiny|\n|teampreview|4\n|\n|t:|1788351943\n|teamsize|p1|4\n|teamsize|p2|4\n|start\n|switch|p1a: Kingambit|Kingambit, L50, F|100/100\n|switch|p1b: Farigiraf|Farigiraf, L50, F|100/100\n|switch|p2a: Whimsicott|Whimsicott, L50, M, shiny|100/100\n|switch|p2b: Staraptor|Staraptor, L50, F, shiny|100/100\n|-ability|p2b: Staraptor|Intimidate|boost\n|-unboost|p1a: Kingambit|atk|1\n|-ability|p1a: Kingambit|Defiant|boost\n|-boost|p1a: Kingambit|atk|2\n|-unboost|p1b: Farigiraf|atk|1\n|turn|1\n|\n|t:|1788351970\n|detailschange|p2b: Staraptor|Staraptor-Mega, L50, F, shiny\n|-mega|p2b: Staraptor|Staraptor|Staraptite\n|move|p1a: Kingambit|Protect|p1a: Kingambit\n|-singleturn|p1a: Kingambit|Protect\n|move|p2a: Whimsicott|Charm|p2b: Staraptor\n|-boost|p2b: Staraptor|atk|2\n|move|p2b: Staraptor|Close Combat|p1a: Kingambit\n|-activate|p1a: Kingambit|move: Protect\n|move|p1b: Farigiraf|Trick Room|p1b: Farigiraf\n|-fieldstart|move: Trick Room|[of] p1b: Farigiraf\n|\n|upkeep\n|turn|2\n|\n|t:|1788351994\n|move|p2a: Whimsicott|Charm|p2b: Staraptor\n|-boost|p2b: Staraptor|atk|2\n|move|p1a: Kingambit|Kowtow Cleave|p2b: Staraptor\n|-resisted|p2b: Staraptor|1\n|-damage|p2b: Staraptor|53/100\n|-damage|p1a: Kingambit|90/100|[from] item: Life Orb\n|move|p1b: Farigiraf|Psychic|p2b: Staraptor\n|-supereffective|p2b: Staraptor|1\n|-crit|p2b: Staraptor\n|-damage|p2b: Staraptor|0 fnt\n|faint|p2b: Staraptor\n|\n|upkeep\n|\n|t:|1788352004\n|switch|p2b: Kingambit|Kingambit, L50, M, shiny|100/100\n|turn|3\n|\n|t:|1788352027\n|move|p1a: Kingambit|Kowtow Cleave|p2a: Whimsicott\n|-resisted|p2a: Whimsicott|1\n|-damage|p2a: Whimsicott|54/100\n|-damage|p1a: Kingambit|80/100|[from] item: Life Orb\n|move|p1b: Farigiraf|Psychic|p2a: Whimsicott\n|-damage|p2a: Whimsicott|9/100\n|move|p2b: Kingambit|Kowtow Cleave|p1b: Farigiraf\n|-supereffective|p1b: Farigiraf|1\n|-damage|p1b: Farigiraf|0 fnt\n|faint|p1b: Farigiraf\n|-damage|p2b: Kingambit|90/100|[from] item: Life Orb\n|move|p2a: Whimsicott|Moonblast|p1a: Kingambit\n|-damage|p1a: Kingambit|52/100\n|-unboost|p1a: Kingambit|spa|1\n|-ability|p1a: Kingambit|Defiant|boost\n|-boost|p1a: Kingambit|atk|2\n|\n|upkeep\n|\n|t:|1788352039\n|switch|p1b: Arcanine|Arcanine-Hisui, L50, F|100/100\n|turn|4\n|\n|t:|1788352058\n|move|p1b: Arcanine|Extreme Speed|p2a: Whimsicott\n|-damage|p2a: Whimsicott|0 fnt\n|faint|p2a: Whimsicott\n|move|p1a: Kingambit|Kowtow Cleave|p2b: Kingambit\n|-resisted|p2b: Kingambit|1\n|-damage|p2b: Kingambit|20/100y\n|-damage|p1a: Kingambit|42/100|[from] item: Life Orb\n|move|p2b: Kingambit|Kowtow Cleave|p1b: Arcanine\n|-damage|p1b: Arcanine|24/100\n|-damage|p2b: Kingambit|10/100|[from] item: Life Orb\n|\n|upkeep\n|\n|t:|1788352062\n|switch|p2a: Sylveon|Sylveon, L50, M, shiny|100/100\n|turn|5\n|\n|t:|1788352074\n|move|p1a: Kingambit|Protect|p1a: Kingambit\n|-singleturn|p1a: Kingambit|Protect\n|move|p2b: Kingambit|Protect|p2b: Kingambit\n|-singleturn|p2b: Kingambit|Protect\n|move|p2a: Sylveon|Detect|p2a: Sylveon\n|-singleturn|p2a: Sylveon|Protect\n|move|p1b: Arcanine|Protect||[still]\n|-fail|p1b: Arcanine\n|\n|-fieldend|move: Trick Room\n|upkeep\n|turn|6\n|inactive|Battle timer is ON: inactive players will automatically lose when time's up. (requested by soulo333)\n|\n|t:|1788352183\n|move|p1b: Arcanine|Extreme Speed|p2b: Kingambit\n|-resisted|p2b: Kingambit|1\n|-damage|p2b: Kingambit|1/100\n|move|p2b: Kingambit|Sucker Punch||[still]\n|-fail|p2b: Kingambit\n|move|p2a: Sylveon|Hyper Voice|p1a: Kingambit|[spread] p1a,p1b\n|-resisted|p1b: Arcanine|1\n|-damage|p1a: Kingambit|0 fnt\n|-damage|p1b: Arcanine|0 fnt\n|faint|p1a: Kingambit\n|faint|p1b: Arcanine\n|\n|upkeep\n|\n|t:|1788352190\n|switch|p1b: Sylveon|Sylveon, L50, F, shiny|100/100\n|turn|7\n|\n|t:|1788352198\n|move|p2b: Kingambit|Protect|p2b: Kingambit\n|-singleturn|p2b: Kingambit|Protect\n|move|p2a: Sylveon|Calm Mind|p2a: Sylveon\n|-boost|p2a: Sylveon|spa|1\n|-boost|p2a: Sylveon|spd|1\n|move|p1b: Sylveon|Hyper Voice|p2a: Sylveon|[spread] p2a\n|-activate|p2b: Kingambit|move: Protect\n|-damage|p2a: Sylveon|74/100\n|\n|upkeep\n|turn|8\n|\n|t:|1788352210\n|move|p2a: Sylveon|Calm Mind|p2a: Sylveon\n|-boost|p2a: Sylveon|spa|1\n|-boost|p2a: Sylveon|spd|1\n|move|p1b: Sylveon|Hyper Voice|p2b: Kingambit|[spread] p2a,p2b\n|-crit|p2b: Kingambit\n|-damage|p2a: Sylveon|54/100\n|-damage|p2b: Kingambit|0 fnt\n|faint|p2b: Kingambit\n|\n|upkeep\n|turn|9\n|\n|t:|1788352221\n|move|p2a: Sylveon|Hyper Voice|p1b: Sylveon\n|-damage|p1b: Sylveon|8/100\n|move|p1b: Sylveon|Hyper Voice|p2a: Sylveon\n|-damage|p2a: Sylveon|29/100\n|\n|upkeep\n|turn|10\n|\n|t:|1788352227\n|move|p2a: Sylveon|Hyper Voice|p1b: Sylveon\n|-damage|p1b: Sylveon|0 fnt\n|faint|p1b: Sylveon\n|\n|win|wolfeconperish745\n|raw|soulo333's rating: 1327 &rarr; <strong>1309</strong><br />(-18 for losing)\n|raw|wolfeconperish745's rating: 1369 &rarr; <strong>1387</strong><br />(+18 for winning)\n","uploadtime":1788352227,"views":"0","formatid":"gen9championsvgc2026regmb","rating":1309,"private":0,"password":null}