{"id":"gen9championsvgc2026regmb-2673869033","format":"[Gen 9 Champions] VGC 2026 Reg M-B","players":["nyxst","Thornlace48812"],"log":"|j|☆nyxst\n|j|☆Thornlace48812\n|t:|1788270932\n|gametype|doubles\n|player|p1|nyxst|ruinmaniac|1202\n|player|p2|Thornlace48812|102|1099\n|gen|9\n|tier|[Gen 9 Champions] VGC 2026 Reg M-B\n|rated|\n|rule|Species Clause: Limit one of each Pokémon\n|rule|Item Clause: Limit 1 of each item\n|clearpoke\n|poke|p1|Ninetales-Alola, L50, M|\n|poke|p1|Incineroar, L50, M|\n|poke|p1|Banette, L50, F|\n|poke|p1|Lopunny, L50, F|\n|poke|p1|Toxapex, L50, M|\n|poke|p1|Rotom-Mow, L50|\n|poke|p2|Garchomp, L50, F|\n|poke|p2|Charizard, L50, F|\n|poke|p2|Whimsicott, L50, M|\n|poke|p2|Sylveon, L50, F|\n|poke|p2|Kingambit, L50, M|\n|poke|p2|Basculegion, L50, M|\n|teampreview|4\n|inactive|Battle timer is ON: inactive players will automatically lose when time's up. (requested by Thornlace48812)\nThornlace48812 rejected open team sheets.\n|inactive|nyxst also wants the timer to be on.\n|inactive|nyxst has 60 seconds left.\n|\n|t:|1788270969\n|teamsize|p1|4\n|teamsize|p2|4\n|start\n|switch|p1a: Banette|Banette, L50, F|100/100\n|switch|p1b: Ninetales|Ninetales-Alola, L50, M|100/100\n|switch|p2a: Sylveon|Sylveon, L50, F|100/100\n|switch|p2b: Charizard|Charizard, L50, F|100/100\n|-weather|Snowscape|[from] ability: Snow Warning|[of] p1b: Ninetales\n|turn|1\n|\n|t:|1788270985\n|switch|p1b: Toxapex|Toxapex, L50, M|100/100\n|detailschange|p2b: Charizard|Charizard-Mega-Y, L50, F\n|-mega|p2b: Charizard|Charizard|Charizardite Y\n|-weather|SunnyDay|[from] ability: Drought|[of] p2b: Charizard\n|detailschange|p1a: Banette|Banette-Mega, L50, F\n|-mega|p1a: Banette|Banette|Banettite\n|move|p1a: Banette|Destiny Bond|p1a: Banette\n|-singlemove|p1a: Banette|Destiny Bond\n|move|p2b: Charizard|Heat Wave|p1a: Banette|[spread] p1a,p1b\n|-resisted|p1b: Toxapex|1\n|-damage|p1a: Banette|35/100\n|-damage|p1b: Toxapex|75/100\n|move|p2a: Sylveon|Hyper Voice|p1b: Toxapex|[spread] p1a,p1b\n|-resisted|p1b: Toxapex|1\n|-damage|p1a: Banette|0 fnt\n|-damage|p1b: Toxapex|59/100\n|faint|p1a: Banette\n|-activate|p1a: Banette|move: Destiny Bond\n|faint|p2a: Sylveon\n|\n|-weather|SunnyDay|[upkeep]\n|-heal|p1b: Toxapex|65/100|[from] item: Leftovers\n|upkeep\n|\n|t:|1788271000\n|switch|p2a: Whimsicott|Whimsicott, L50, M|100/100\n|switch|p1a: Ninetales|Ninetales-Alola, L50, M|100/100\n|-weather|Snowscape|[from] ability: Snow Warning|[of] p1a: Ninetales\n|turn|2\n|\n|t:|1788271006\n|move|p2a: Whimsicott|Moonblast|p1a: Ninetales\n|-damage|p1a: Ninetales|74/100\n|move|p2b: Charizard|Heat Wave|p1b: Toxapex|[spread] p1a,p1b\n|-supereffective|p1a: Ninetales|1\n|-resisted|p1b: Toxapex|1\n|-damage|p1a: Ninetales|10/100\n|-damage|p1b: Toxapex|50/100g\n|-status|p1b: Toxapex|brn\n|move|p1a: Ninetales|Aurora Veil|p1a: Ninetales\n|-sidestart|p1: nyxst|move: Aurora Veil\n|move|p1b: Toxapex|Toxic|p2b: Charizard\n|-status|p2b: Charizard|tox\n|\n|-weather|Snowscape|[upkeep]\n|-heal|p1b: Toxapex|56/100 brn|[from] item: Leftovers\n|-damage|p2b: Charizard|94/100 tox|[from] psn\n|-damage|p1b: Toxapex|50/100g brn|[from] brn\n|upkeep\n|turn|3\n|\n|t:|1788271017\n|switch|p1a: Incineroar|Incineroar, L50, M|100/100\n|-ability|p1a: Incineroar|Intimidate|boost\n|-unboost|p2a: Whimsicott|atk|1\n|-unboost|p2b: Charizard|atk|1\n|move|p2a: Whimsicott|Moonblast|p1a: Incineroar\n|-damage|p1a: Incineroar|77/100\n|move|p2b: Charizard|Heat Wave|p1a: Incineroar|[spread] p1a,p1b\n|-resisted|p1a: Incineroar|1\n|-resisted|p1b: Toxapex|1\n|-damage|p1a: Incineroar|62/100\n|-damage|p1b: Toxapex|41/100 brn\n|move|p1b: Toxapex|Recover|p1b: Toxapex\n|-heal|p1b: Toxapex|91/100 brn\n|\n|-weather|Snowscape|[upkeep]\n|-heal|p1b: Toxapex|97/100 brn|[from] item: Leftovers\n|-damage|p2b: Charizard|82/100 tox|[from] psn\n|-damage|p1b: Toxapex|91/100 brn|[from] brn\n|upkeep\n|turn|4\n|\n|t:|1788271030\n|move|p1a: Incineroar|Fake Out|p2b: Charizard\n|-damage|p2b: Charizard|64/100 tox\n|move|p2a: Whimsicott|Moonblast|p1a: Incineroar\n|-damage|p1a: Incineroar|41/100\n|-enditem|p1a: Incineroar|Sitrus Berry|[eat]\n|-heal|p1a: Incineroar|66/100|[from] item: Sitrus Berry\n|cant|p2b: Charizard|flinch\n|move|p1b: Toxapex|Toxic|p2a: Whimsicott\n|-status|p2a: Whimsicott|tox\n|\n|-weather|Snowscape|[upkeep]\n|-heal|p1b: Toxapex|97/100 brn|[from] item: Leftovers\n|-damage|p2a: Whimsicott|94/100 tox|[from] psn\n|-damage|p2b: Charizard|47/100 tox|[from] psn\n|-damage|p1b: Toxapex|91/100 brn|[from] brn\n|upkeep\n|turn|5\n|\n|t:|1788271045\n|switch|p1a: Ninetales|Ninetales-Alola, L50, M|10/100\n|move|p2a: Whimsicott|Tailwind|p2a: Whimsicott\n|-sidestart|p2: Thornlace48812|move: Tailwind\n|move|p2b: Charizard|Ancient Power|p1a: Ninetales\n|-supereffective|p1a: Ninetales|1\n|-damage|p1a: Ninetales|0 fnt\n|faint|p1a: Ninetales\n|move|p1b: Toxapex|Infestation|p2b: Charizard\n|-resisted|p2b: Charizard|2\n|-damage|p2b: Charizard|46/100 tox\n|-activate|p2b: Charizard|move: Infestation|[of] p1b: Toxapex\n|\n|-weather|Snowscape|[upkeep]\n|-heal|p1b: Toxapex|97/100 brn|[from] item: Leftovers\n|-damage|p2a: Whimsicott|82/100 tox|[from] psn\n|-damage|p2b: Charizard|23/100 tox|[from] psn\n|-damage|p1b: Toxapex|91/100 brn|[from] brn\n|-damage|p2b: Charizard|11/100 tox|[from] move: Infestation|[partiallytrapped]\n|upkeep\n|\n|t:|1788271059\n|switch|p1a: Incineroar|Incineroar, L50, M|66/100\n|-ability|p1a: Incineroar|Intimidate|boost\n|-unboost|p2a: Whimsicott|atk|1\n|-unboost|p2b: Charizard|atk|1\n|turn|6\n|\n|t:|1788271070\n|move|p1a: Incineroar|Fake Out|p2b: Charizard\n|-damage|p2b: Charizard|0 fnt\n|faint|p2b: Charizard\n|move|p2a: Whimsicott|Moonblast|p1a: Incineroar\n|-damage|p1a: Incineroar|43/100\n|move|p1b: Toxapex|Infestation|p2a: Whimsicott\n|-crit|p2a: Whimsicott\n|-damage|p2a: Whimsicott|75/100 tox\n|-activate|p2a: Whimsicott|move: Infestation|[of] p1b: Toxapex\n|\n|-weather|none\n|-heal|p1b: Toxapex|97/100 brn|[from] item: Leftovers\n|-damage|p2a: Whimsicott|57/100 tox|[from] psn\n|-damage|p1b: Toxapex|91/100 brn|[from] brn\n|-damage|p2a: Whimsicott|45/100 tox|[from] move: Infestation|[partiallytrapped]\n|upkeep\n|\n|t:|1788271070\n|switch|p2b: Basculegion|Basculegion, L50, M|100/100\n|turn|7\n|\n|t:|1788271087\n|move|p2a: Whimsicott|Moonblast|p1a: Incineroar\n|-damage|p1a: Incineroar|20/100y\n|move|p2b: Basculegion|Last Respects|p1b: Toxapex\n|-damage|p1b: Toxapex|37/100 brn\n|move|p1a: Incineroar|Parting Shot|p2b: Basculegion\n|-unboost|p2b: Basculegion|atk|1\n|-unboost|p2b: Basculegion|spa|1\n|move|p1b: Toxapex|Toxic|p2b: Basculegion\n|-status|p2b: Basculegion|tox\n|\n|-heal|p1b: Toxapex|43/100 brn|[from] item: Leftovers\n|-damage|p2a: Whimsicott|21/100 tox|[from] psn\n|-damage|p2b: Basculegion|94/100 tox|[from] psn\n|-damage|p1b: Toxapex|37/100 brn|[from] brn\n|-damage|p2a: Whimsicott|9/100 tox|[from] move: Infestation|[partiallytrapped]\n|upkeep\n|turn|8\n|\n|t:|1788271105\n|move|p2a: Whimsicott|Moonblast|p1a: Incineroar\n|-damage|p1a: Incineroar|0 fnt\n|faint|p1a: Incineroar\n|move|p2b: Basculegion|Last Respects|p1b: Toxapex\n|-damage|p1b: Toxapex|1/100 brn\n|move|p1b: Toxapex|Recover|p1b: Toxapex\n|-heal|p1b: Toxapex|52/100 brn\n|\n|-heal|p1b: Toxapex|57/100 brn|[from] item: Leftovers\n|-damage|p2a: Whimsicott|0 fnt|[from] psn\n|faint|p2a: Whimsicott\n|-damage|p2b: Basculegion|82/100 tox|[from] psn\n|-damage|p1b: Toxapex|52/100 brn|[from] brn\n|-sideend|p2: Thornlace48812|move: Tailwind\n|upkeep\n|turn|9\n|\n|t:|1788271116\n|move|p2b: Basculegion|Wave Crash|p1b: Toxapex\n|-resisted|p1b: Toxapex|1\n|-damage|p1b: Toxapex|36/100 brn\n|-damage|p2b: Basculegion|78/100 tox|[from] Recoil\n|move|p1b: Toxapex|Recover|p1b: Toxapex\n|-heal|p1b: Toxapex|86/100 brn\n|\n|-heal|p1b: Toxapex|92/100 brn|[from] item: Leftovers\n|-damage|p2b: Basculegion|60/100 tox|[from] psn\n|-damage|p1b: Toxapex|86/100 brn|[from] brn\n|-sideend|p1: nyxst|move: Aurora Veil\n|upkeep\n|turn|10\n|\n|t:|1788271124\n|move|p1b: Toxapex|Baneful Bunker|p1b: Toxapex\n|-singleturn|p1b: Toxapex|move: Protect\n|move|p2b: Basculegion|Last Respects|p1b: Toxapex\n|-activate|p1b: Toxapex|move: Protect\n|\n|-heal|p1b: Toxapex|92/100 brn|[from] item: Leftovers\n|-damage|p2b: Basculegion|36/100 tox|[from] psn\n|-damage|p1b: Toxapex|86/100 brn|[from] brn\n|upkeep\n|turn|11\n|\n|t:|1788271130\n|move|p2b: Basculegion|Last Respects|p1b: Toxapex\n|-damage|p1b: Toxapex|19/100 brn\n|move|p1b: Toxapex|Recover|p1b: Toxapex\n|-heal|p1b: Toxapex|69/100 brn\n|\n|-heal|p1b: Toxapex|75/100 brn|[from] item: Leftovers\n|-damage|p2b: Basculegion|6/100 tox|[from] psn\n|-damage|p1b: Toxapex|69/100 brn|[from] brn\n|upkeep\n|turn|12\n|\n|t:|1788271136\n|move|p1b: Toxapex|Baneful Bunker|p1b: Toxapex\n|-singleturn|p1b: Toxapex|move: Protect\n|move|p2b: Basculegion|Wave Crash|p1b: Toxapex\n|-activate|p1b: Toxapex|move: Protect\n|\n|-heal|p1b: Toxapex|75/100 brn|[from] item: Leftovers\n|-damage|p2b: Basculegion|0 fnt|[from] psn\n|faint|p2b: Basculegion\n|\n|win|nyxst\n|raw|nyxst's rating: 1202 &rarr; <strong>1227</strong><br />(+25 for winning)\n|raw|Thornlace48812's rating: 1200 &rarr; <strong>1175</strong><br />(-25 for losing)\n","uploadtime":1788271136,"views":"1","formatid":"gen9championsvgc2026regmb","rating":1175,"private":0,"password":null}