{"id":"gen9championsvgc2026regmbbo3-2674522824","format":"[Gen 9 Champions] VGC 2026 Reg M-B (Bo3)","players":["Aikong","FatherPenguin"],"log":"|j|☆Aikong\n|j|☆FatherPenguin\n|html|<table width=\"100%\"><tr><td align=\"left\">Aikong</td><td align=\"right\">FatherPenguin</tr><tr><td align=\"left\"><i class=\"fa fa-circle\"></i> <i class=\"fa fa-circle-o\"></i> </td><td align=\"right\"><i class=\"fa fa-circle-o\"></i> <i class=\"fa fa-circle\"></i> </tr></table>\n|uhtml|bestof|<h2><strong>Game 3</strong> of <a href=\"/game-bestof3-gen9championsvgc2026regmbbo3-2674516731\">a best-of-3</a></h2>\n|t:|1788369731\n|gametype|doubles\n|player|p1|Aikong|102|1269\n|player|p2|FatherPenguin|acetrainersnow|1218\n|gen|9\n|tier|[Gen 9 Champions] VGC 2026 Reg M-B (Bo3)\n|rated|\n|rule|Species Clause: Limit one of each Pokémon\n|rule|Item Clause: Limit 1 of each item\n|clearpoke\n|poke|p1|Umbreon, L50, M, shiny|\n|poke|p1|Feraligatr, L50, F, shiny|\n|poke|p1|Sneasler, L50, M, shiny|\n|poke|p1|Incineroar, L50, M|\n|poke|p1|Metagross, L50, shiny|\n|poke|p1|Sinistcha-Masterpiece, L50|\n|poke|p2|Sneasler, L50, M|\n|poke|p2|Blastoise, L50, M|\n|poke|p2|Kingambit, L50, M|\n|poke|p2|Incineroar, L50, M|\n|poke|p2|Delphox, L50, F|\n|poke|p2|Sinistcha, L50|\n|teampreview|4\n|showteam|p1|Umbreon||Leftovers|InnerFocus|Detect,FoulPlay,Snarl,Yawn|Bold||M|||50|]Feraligatr||Feraligite|SheerForce|DragonDance,Liquidation,Facade,Protect|Adamant||F|||50|]Sneasler||FocusSash|Unburden|FakeOut,Coaching,CloseCombat,DireClaw|Jolly||M|||50|]Incineroar||LifeOrb|Intimidate|FakeOut,FlareBlitz,PartingShot,DarkestLariat|Adamant||M|||50|]Metagross||Metagrossite|ClearBody|CosmicPower,BodyPress,PsychicFangs,Protect|Impish|||||50|]Sinistcha-Masterpiece||SitrusBerry|Hospitality|MatchaGotcha,TrickRoom,Protect,RagePowder|Bold|||||50|\n|showteam|p2|Sneasler||FocusSash|PoisonTouch|PoisonJab,CloseCombat,FakeOut,QuickGuard|Jolly||M|||50|]Blastoise||Blastoisinite|RainDish|DarkPulse,WaterSpout,ShellSmash,Protect|Modest||M|||50|]Kingambit||LifeOrb|Defiant|KowtowCleave,SuckerPunch,SwordsDance,Protect|Adamant||M|||50|]Incineroar||SitrusBerry|Intimidate|FlareBlitz,ThroatChop,PartingShot,FakeOut|Careful||M|||50|]Delphox||Delphoxite|Blaze|HeatWave,NastyPlot,Psychic,Protect|Timid||F|||50|]Sinistcha||ColburBerry|Hospitality|MatchaGotcha,RagePowder,TrickRoom,Protect|Bold|||||50|\n|inactive|Battle timer is ON: inactive players will automatically lose when time's up. (requested by FatherPenguin)\n|inactive|FatherPenguin has 60 seconds left.\n|inactive|FatherPenguin has 30 seconds left.\n|inactive|FatherPenguin has 20 seconds left.\n|\n|t:|1788369804\n|teamsize|p1|4\n|teamsize|p2|4\n|start\n|switch|p1a: Sneasler|Sneasler, L50, M, shiny|100/100\n|switch|p1b: Metagross|Metagross, L50, shiny|100/100\n|switch|p2a: Incineroar|Incineroar, L50, M|100/100\n|switch|p2b: Blastoise|Blastoise, L50, M|100/100\n|-ability|p2a: Incineroar|Intimidate|boost\n|-unboost|p1a: Sneasler|atk|1\n|-fail|p1b: Metagross|unboost|[from] ability: Clear Body|[of] p1b: Metagross\n|turn|1\n|inactive|FatherPenguin has 30 seconds left.\n|inactive|FatherPenguin has 20 seconds left.\n|inactive|FatherPenguin has 15 seconds left.\n|\n|t:|1788369844\n|move|p2b: Blastoise|Protect|p2b: Blastoise\n|-singleturn|p2b: Blastoise|Protect\n|move|p1a: Sneasler|Fake Out|p2b: Blastoise\n|-activate|p2b: Blastoise|move: Protect\n|move|p2a: Incineroar|Parting Shot|p1b: Metagross\n|-fail|p1b: Metagross|unboost|[from] ability: Clear Body|[of] p1b: Metagross\n|move|p1b: Metagross|Cosmic Power|p1b: Metagross\n|-boost|p1b: Metagross|def|1\n|-boost|p1b: Metagross|spd|1\n|\n|upkeep\n|turn|2\n|inactive|Aikong has 30 seconds left.\n|inactive|FatherPenguin has 30 seconds left.\n|inactive|Aikong has 20 seconds left.\n|\n|t:|1788369880\n|detailschange|p2b: Blastoise|Blastoise-Mega, L50, M\n|-mega|p2b: Blastoise|Blastoise|Blastoisinite\n|move|p1a: Sneasler|Coaching|p1b: Metagross\n|-boost|p1b: Metagross|atk|1\n|-boost|p1b: Metagross|def|1\n|move|p2b: Blastoise|Shell Smash|p2b: Blastoise\n|-unboost|p2b: Blastoise|def|1\n|-unboost|p2b: Blastoise|spd|1\n|-boost|p2b: Blastoise|atk|2\n|-boost|p2b: Blastoise|spa|2\n|-boost|p2b: Blastoise|spe|2\n|move|p2a: Incineroar|Parting Shot|p1a: Sneasler\n|-unboost|p1a: Sneasler|atk|1\n|-unboost|p1a: Sneasler|spa|1\n|\n|t:|1788369892\n|switch|p2a: Sneasler|Sneasler, L50, M|100/100|[from] Parting Shot\n|move|p1b: Metagross|Body Press|p2b: Blastoise\n|-damage|p2b: Blastoise|22/100\n|\n|upkeep\n|turn|3\n|\n|t:|1788369911\n|move|p1b: Metagross|Protect|p1b: Metagross\n|-singleturn|p1b: Metagross|Protect\n|move|p2a: Sneasler|Fake Out|p1a: Sneasler\n|-damage|p1a: Sneasler|77/100\n|move|p2b: Blastoise|Dark Pulse|p1b: Metagross\n|-activate|p1b: Metagross|move: Protect\n|cant|p1a: Sneasler|flinch\n|\n|upkeep\n|turn|4\n|inactive|FatherPenguin has 30 seconds left.\n|\n|t:|1788369937\n|move|p2b: Blastoise|Dark Pulse|p1b: Metagross\n|-supereffective|p1b: Metagross|1\n|-damage|p1b: Metagross|0 fnt\n|faint|p1b: Metagross\n|move|p2a: Sneasler|Close Combat|p1a: Sneasler\n|-resisted|p1a: Sneasler|1\n|-damage|p1a: Sneasler|28/100\n|-unboost|p2a: Sneasler|def|1\n|-unboost|p2a: Sneasler|spd|1\n|move|p1a: Sneasler|Close Combat|p2b: Blastoise\n|-crit|p2b: Blastoise\n|-damage|p2b: Blastoise|0 fnt\n|-unboost|p1a: Sneasler|def|1\n|-unboost|p1a: Sneasler|spd|1\n|faint|p2b: Blastoise\n|\n|upkeep\n|\n|t:|1788369961\n|switch|p2b: Incineroar|Incineroar, L50, M|100/100\n|switch|p1b: Sinistcha|Sinistcha-Masterpiece, L50|100/100\n|-ability|p2b: Incineroar|Intimidate|boost\n|-unboost|p1a: Sneasler|atk|1\n|-unboost|p1b: Sinistcha|atk|1\n|-heal|p1a: Sneasler|52/100|[from] ability: Hospitality|[of] p1b: Sinistcha\n|turn|5\n|\n|t:|1788369979\n|switch|p1a: Umbreon|Umbreon, L50, M, shiny|100/100\n|move|p2b: Incineroar|Fake Out|p1a: Umbreon\n|-damage|p1a: Umbreon|93/100\n|move|p2a: Sneasler|Poison Jab|p1a: Umbreon\n|-damage|p1a: Umbreon|64/100\n|-status|p1a: Umbreon|psn|[from] ability: Poison Touch|[of] p2a: Sneasler\n|move|p1b: Sinistcha|Matcha Gotcha|p2a: Sneasler|[spread] p2a,p2b\n|-resisted|p2a: Sneasler|1\n|-resisted|p2b: Incineroar|1\n|-damage|p2a: Sneasler|73/100\n|-damage|p2b: Incineroar|90/100\n|-status|p2a: Sneasler|brn\n|\n|-heal|p1a: Umbreon|70/100 psn|[from] item: Leftovers\n|-damage|p1a: Umbreon|57/100 psn|[from] psn\n|-damage|p2a: Sneasler|67/100 brn|[from] brn\n|upkeep\n|turn|6\n|inactive|Aikong has 30 seconds left.\n|inactive|FatherPenguin has 30 seconds left.\n|\n|t:|1788370010\n|switch|p2b: Kingambit|Kingambit, L50, M|100/100\n|move|p2a: Sneasler|Close Combat|p1a: Umbreon\n|-supereffective|p1a: Umbreon|1\n|-damage|p1a: Umbreon|19/100 psn\n|-unboost|p2a: Sneasler|def|1\n|-unboost|p2a: Sneasler|spd|1\n|move|p1b: Sinistcha|Matcha Gotcha|p2b: Kingambit|[spread] p2a\n|-miss|p1b: Sinistcha|p2b: Kingambit\n|-resisted|p2a: Sneasler|1\n|-damage|p2a: Sneasler|35/100 brn\n|move|p1a: Umbreon|Foul Play|p2a: Sneasler\n|-resisted|p2a: Sneasler|1\n|-damage|p2a: Sneasler|0 fnt\n|faint|p2a: Sneasler\n|\n|-heal|p1a: Umbreon|25/100 psn|[from] item: Leftovers\n|-damage|p1a: Umbreon|12/100 psn|[from] psn\n|upkeep\n|\n|t:|1788370028\n|switch|p2a: Incineroar|Incineroar, L50, M|90/100\n|-ability|p2a: Incineroar|Intimidate|boost\n|-fail|p1a: Umbreon|unboost|atk|[from] ability: Inner Focus|[of] p1a: Umbreon\n|-unboost|p1b: Sinistcha|atk|1\n|turn|7\n|\n|t:|1788370046\n|move|p2b: Kingambit|Protect|p2b: Kingambit\n|-singleturn|p2b: Kingambit|Protect\n|move|p2a: Incineroar|Flare Blitz|p1b: Sinistcha\n|-supereffective|p1b: Sinistcha|1\n|-damage|p1b: Sinistcha|32/100\n|-enditem|p1b: Sinistcha|Sitrus Berry|[eat]\n|-heal|p1b: Sinistcha|57/100|[from] item: Sitrus Berry\n|-damage|p2a: Incineroar|70/100|[from] Recoil\n|move|p1b: Sinistcha|Matcha Gotcha|p2b: Kingambit|[spread] p2a\n|-activate|p2b: Kingambit|move: Protect\n|-resisted|p2a: Incineroar|1\n|-damage|p2a: Incineroar|60/100\n|-heal|p1b: Sinistcha|62/100|[from] drain|[of] p2a: Incineroar\n|move|p1a: Umbreon|Yawn|p2a: Incineroar\n|-start|p2a: Incineroar|move: Yawn|[of] p1a: Umbreon\n|\n|-heal|p1a: Umbreon|18/100 psn|[from] item: Leftovers\n|-damage|p1a: Umbreon|6/100 psn|[from] psn\n|upkeep\n|turn|8\n|inactive|FatherPenguin has 30 seconds left.\n|\n|t:|1788370074\n|move|p2a: Incineroar|Flare Blitz|p1b: Sinistcha\n|-supereffective|p1b: Sinistcha|1\n|-damage|p1b: Sinistcha|0 fnt\n|faint|p1b: Sinistcha\n|-damage|p2a: Incineroar|41/100|[from] Recoil\n|-enditem|p2a: Incineroar|Sitrus Berry|[eat]\n|-heal|p2a: Incineroar|66/100|[from] item: Sitrus Berry\n|move|p1a: Umbreon|Foul Play|p2b: Kingambit\n|-resisted|p2b: Kingambit|1\n|-damage|p2b: Kingambit|79/100\n|move|p2b: Kingambit|Swords Dance|p2b: Kingambit\n|-boost|p2b: Kingambit|atk|2\n|\n|-heal|p1a: Umbreon|12/100 psn|[from] item: Leftovers\n|-damage|p1a: Umbreon|0 fnt|[from] psn\n|faint|p1a: Umbreon\n|-end|p2a: Incineroar|move: Yawn|[silent]\n|-status|p2a: Incineroar|slp\n|upkeep\n|\n|t:|1788370086\n|switch|p1b: Sneasler|Sneasler, L50, M, shiny|52/100\n|turn|9\n|\n|t:|1788370101\n|move|p2b: Kingambit|Protect|p2b: Kingambit\n|-singleturn|p2b: Kingambit|Protect\n|move|p1b: Sneasler|Close Combat|p2b: Kingambit\n|-activate|p2b: Kingambit|move: Protect\n|cant|p2a: Incineroar|slp\n|\n|upkeep\n|turn|10\n|\n|t:|1788370111\n|move|p2b: Kingambit|Sucker Punch|p1b: Sneasler\n|-resisted|p1b: Sneasler|1\n|-damage|p1b: Sneasler|0 fnt\n|faint|p1b: Sneasler\n|-damage|p2b: Kingambit|69/100|[from] item: Life Orb\n|\n|win|FatherPenguin\n|raw|Aikong's rating: 1269 &rarr; <strong>1240</strong><br />(-29 for losing)\n|raw|FatherPenguin's rating: 1218 &rarr; <strong>1247</strong><br />(+29 for winning)\n|c|☆FatherPenguin|gg\n|c|☆Aikong|GG\n|l|☆Aikong\n|player|p1|\n","uploadtime":1788370121,"views":"1","formatid":"gen9championsvgc2026regmbbo3","rating":1240,"private":0,"password":null}