{"id":"gen9championsvgc2026regmbbo3-2674771418","format":"[Gen 9 Champions] VGC 2026 Reg M-B (Bo3)","players":["mocha gob","VTGTries"],"log":"|j|☆mocha gob\n|j|☆VTGTries\n|html|<table width=\"100%\"><tr><td align=\"left\">mocha gob</td><td align=\"right\">VTGTries</tr><tr><td align=\"left\"><i class=\"fa fa-circle\"></i> <i class=\"fa fa-circle-o\"></i> </td><td align=\"right\"><i class=\"fa fa-circle-o\"></i> <i class=\"fa fa-circle\"></i> </tr></table>\n|uhtml|bestof|<h2><strong>Game 3</strong> of <a href=\"/game-bestof3-gen9championsvgc2026regmbbo3-2674769215\">a best-of-3</a></h2>\n|t:|1788403725\n|gametype|doubles\n|player|p1|mocha gob|hiker|1052\n|player|p2|VTGTries|170|1235\n|gen|9\n|tier|[Gen 9 Champions] VGC 2026 Reg M-B (Bo3)\n|rated|\n|rule|Species Clause: Limit one of each Pokémon\n|rule|Item Clause: Limit 1 of each item\n|clearpoke\n|poke|p1|Glimmora, L50, M|\n|poke|p1|Staraptor, L50, M|\n|poke|p1|Whimsicott, L50, F|\n|poke|p1|Weavile, L50, F|\n|poke|p1|Incineroar, L50, M|\n|poke|p1|Venusaur, L50, F|\n|poke|p2|Staraptor, L50, M|\n|poke|p2|Sinistcha, L50|\n|poke|p2|Whimsicott, L50, M|\n|poke|p2|Basculegion, L50, M|\n|poke|p2|Kingambit, L50, M|\n|poke|p2|Dragonite, L50, M|\n|teampreview|4\n|showteam|p1|Glimmora||Glimmoranite|ToxicDebris|PowerGem,EarthPower,SludgeBomb,SpikyShield|Modest||M|||50|]Staraptor||Staraptite|Intimidate|CloseCombat,BraveBird,Roost,Protect|Adamant||M|||50|]Whimsicott||MentalHerb|Prankster|Tailwind,SunnyDay,Moonblast,Charm|Bold||F|||50|]Weavile||FocusSash|Pressure|FakeOut,IceSpinner,KnockOff,IceShard|Jolly||F|||50|]Incineroar||SitrusBerry|Intimidate|FakeOut,FlareBlitz,DarkestLariat,PartingShot|Adamant||M|||50|]Venusaur||LifeOrb|Chlorophyll|EnergyBall,WeatherBall,SleepPowder,Protect|Modest||F|||50|\n|showteam|p2|Staraptor||Staraptite|Intimidate|CloseCombat,BraveBird,QuickAttack,Tailwind|Adamant||M|||50|]Sinistcha||LifeOrb|Hospitality|MatchaGotcha,ShadowBall,RagePowder,TrickRoom|Modest|||||50|]Whimsicott||FocusSash|Prankster|Moonblast,Tailwind,Encore,Protect|Timid||M|||50|]Basculegion||ChoiceScarf|Adaptability|WaveCrash,LastRespects,FlipTurn,AquaJet|Jolly||M|||50|]Kingambit||BlackGlasses|Defiant|KowtowCleave,SuckerPunch,IronHead,Protect|Adamant||M|||50|]Dragonite||Dragoninite|Multiscale|DragonPulse,HeatWave,ExtremeSpeed,Roost|Modest||M|||50|\n|inactive|Battle timer is ON: inactive players will automatically lose when time's up. (requested by mocha gob)\n|\n|t:|1788403745\n|teamsize|p1|4\n|teamsize|p2|4\n|start\n|switch|p1a: Weavile|Weavile, L50, F|100/100\n|switch|p1b: Whimsicott|Whimsicott, L50, F|100/100\n|switch|p2a: Staraptor|Staraptor, L50, M|100/100\n|switch|p2b: Basculegion|Basculegion, L50, M|100/100\n|-ability|p1a: Weavile|Pressure\n|-ability|p2a: Staraptor|Intimidate|boost\n|-unboost|p1a: Weavile|atk|1\n|-unboost|p1b: Whimsicott|atk|1\n|turn|1\n|\n|t:|1788403772\n|switch|p2a: Whimsicott|Whimsicott, L50, M|100/100\n|move|p1b: Whimsicott|Tailwind|p1b: Whimsicott\n|-sidestart|p1: mocha gob|move: Tailwind\n|move|p1a: Weavile|Knock Off|p2b: Basculegion\n|-supereffective|p2b: Basculegion|1\n|-damage|p2b: Basculegion|23/100\n|-enditem|p2b: Basculegion|Choice Scarf|[from] move: Knock Off|[of] p1a: Weavile\n|move|p2b: Basculegion|Flip Turn|p1a: Weavile\n|-damage|p1a: Weavile|37/100\n|\n|t:|1788403783\n|switch|p2b: Staraptor|Staraptor, L50, M|100/100|[from] Flip Turn\n|-ability|p2b: Staraptor|Intimidate|boost\n|-unboost|p1a: Weavile|atk|1\n|-unboost|p1b: Whimsicott|atk|1\n|\n|upkeep\n|turn|2\n|\n|t:|1788403789\n|detailschange|p2b: Staraptor|Staraptor-Mega, L50, M\n|-mega|p2b: Staraptor|Staraptor|Staraptite\n|move|p2a: Whimsicott|Tailwind|p2a: Whimsicott\n|-sidestart|p2: VTGTries|move: Tailwind\n|move|p1a: Weavile|Ice Spinner|p2b: Staraptor\n|-supereffective|p2b: Staraptor|1\n|-damage|p2b: Staraptor|58/100\n|move|p2b: Staraptor|Close Combat|p1a: Weavile\n|-supereffective|p1a: Weavile|2\n|-damage|p1a: Weavile|0 fnt\n|-boost|p2b: Staraptor|def|1\n|-boost|p2b: Staraptor|spd|1\n|faint|p1a: Weavile\n|move|p1b: Whimsicott|Moonblast|p2b: Staraptor\n|-supereffective|p2b: Staraptor|1\n|-damage|p2b: Staraptor|11/100\n|\n|upkeep\n|\n|t:|1788403799\n|switch|p1a: Venusaur|Venusaur, L50, F|100/100\n|turn|3\n|\n|t:|1788403808\n|move|p2a: Whimsicott|Encore|p1b: Whimsicott\n|-start|p1b: Whimsicott|Encore\n|-enditem|p1b: Whimsicott|Mental Herb\n|-end|p1b: Whimsicott|Encore\n|move|p1b: Whimsicott|Sunny Day|p1b: Whimsicott\n|-weather|SunnyDay\n|move|p1a: Venusaur|Weather Ball|p2b: Staraptor\n|-damage|p2b: Staraptor|0 fnt\n|faint|p2b: Staraptor\n|-damage|p1a: Venusaur|90/100|[from] item: Life Orb\n|\n|-weather|SunnyDay|[upkeep]\n|upkeep\n|\n|t:|1788403815\n|switch|p2b: Basculegion|Basculegion, L50, M|23/100\n|turn|4\n|inactive|VTGTries has 30 seconds left.\n|\n|t:|1788403841\n|switch|p2b: Kingambit|Kingambit, L50, M|100/100\n|move|p1a: Venusaur|Energy Ball|p2b: Kingambit\n|-resisted|p2b: Kingambit|1\n|-damage|p2b: Kingambit|68/100\n|-unboost|p2b: Kingambit|spd|1\n|-ability|p2b: Kingambit|Defiant|boost\n|-boost|p2b: Kingambit|atk|2\n|-damage|p1a: Venusaur|80/100|[from] item: Life Orb\n|move|p2a: Whimsicott|Moonblast|p1b: Whimsicott\n|-damage|p1b: Whimsicott|58/100\n|move|p1b: Whimsicott|Moonblast|p2a: Whimsicott\n|-damage|p2a: Whimsicott|48/100\n|\n|-weather|SunnyDay|[upkeep]\n|-sideend|p1: mocha gob|move: Tailwind\n|upkeep\n|turn|5\n|inactive|mocha gob has 30 seconds left.\n|\n|t:|1788403874\n|move|p2a: Whimsicott|Encore|p1a: Venusaur\n|-start|p1a: Venusaur|Encore\n|move|p1a: Venusaur|Energy Ball|p2b: Kingambit\n|-resisted|p2b: Kingambit|1\n|-damage|p2b: Kingambit|26/100\n|-damage|p1a: Venusaur|70/100|[from] item: Life Orb\n|move|p2b: Kingambit|Iron Head|p1b: Whimsicott\n|-supereffective|p1b: Whimsicott|1\n|-damage|p1b: Whimsicott|0 fnt\n|faint|p1b: Whimsicott\n|\n|-weather|SunnyDay|[upkeep]\n|-sideend|p2: VTGTries|move: Tailwind\n|upkeep\n|\n|t:|1788403882\n|switch|p1b: Staraptor|Staraptor, L50, M|100/100\n|-ability|p1b: Staraptor|Intimidate|boost\n|-unboost|p2a: Whimsicott|atk|1\n|-unboost|p2b: Kingambit|atk|1\n|-ability|p2b: Kingambit|Defiant|boost\n|-boost|p2b: Kingambit|atk|2\n|turn|6\n|\n|t:|1788403892\n|detailschange|p1b: Staraptor|Staraptor-Mega, L50, M\n|-mega|p1b: Staraptor|Staraptor|Staraptite\n|move|p2b: Kingambit|Protect|p2b: Kingambit\n|-singleturn|p2b: Kingambit|Protect\n|move|p2a: Whimsicott|Tailwind|p2a: Whimsicott\n|-sidestart|p2: VTGTries|move: Tailwind\n|move|p1a: Venusaur|Energy Ball|p2b: Kingambit\n|-activate|p2b: Kingambit|move: Protect\n|move|p1b: Staraptor|Brave Bird|p2a: Whimsicott\n|-supereffective|p2a: Whimsicott|1\n|-crit|p2a: Whimsicott\n|-damage|p2a: Whimsicott|0 fnt\n|faint|p2a: Whimsicott\n|-damage|p1b: Staraptor|88/100|[from] Recoil\n|\n|-weather|SunnyDay|[upkeep]\n|upkeep\n|\n|t:|1788403901\n|switch|p2a: Basculegion|Basculegion, L50, M|23/100\n|turn|7\n|\n|t:|1788403920\n|move|p2a: Basculegion|Last Respects|p1a: Venusaur\n|-damage|p1a: Venusaur|0 fnt\n|faint|p1a: Venusaur\n|move|p2b: Kingambit|Iron Head|p1b: Staraptor\n|-damage|p1b: Staraptor|0 fnt\n|faint|p1b: Staraptor\n|\n|win|VTGTries\n|raw|mocha gob's rating: 1052 &rarr; <strong>1043</strong><br />(-9 for losing)\n|raw|VTGTries's rating: 1235 &rarr; <strong>1248</strong><br />(+13 for winning)\n|l|☆mocha gob\n|player|p1|\n","uploadtime":1788404010,"views":"12","formatid":"gen9championsvgc2026regmbbo3","rating":1043,"private":0,"password":null}