{"id":"gen9championsvgc2026regmb-2674251167","format":"[Gen 9 Champions] VGC 2026 Reg M-B","players":["Thornlace48812","korfle"],"log":"|j|☆Thornlace48812\n|j|☆korfle\n|t:|1788323583\n|gametype|doubles\n|player|p1|Thornlace48812|1|1074\n|player|p2|korfle|youngcouple|1119\n|gen|9\n|tier|[Gen 9 Champions] VGC 2026 Reg M-B\n|rated|\n|rule|Species Clause: Limit one of each Pokémon\n|rule|Item Clause: Limit 1 of each item\n|clearpoke\n|poke|p1|Garchomp, L50, F|\n|poke|p1|Charizard, L50, M|\n|poke|p1|Whimsicott, L50, F|\n|poke|p1|Sylveon, L50, F|\n|poke|p1|Kingambit, L50, M|\n|poke|p1|Basculegion, L50, M|\n|poke|p2|Lucario, L50, M|\n|poke|p2|Crabominable, L50, M|\n|poke|p2|Sneasler, L50, F|\n|poke|p2|Tauros-Paldea-Aqua, L50, M|\n|poke|p2|Gallade, L50, M|\n|poke|p2|Heracross, L50, M|\n|teampreview|4\n|inactive|Battle timer is ON: inactive players will automatically lose when time's up. (requested by Thornlace48812)\nThornlace48812 rejected open team sheets.\n|\n|t:|1788323609\n|teamsize|p1|4\n|teamsize|p2|4\n|start\n|switch|p1a: Charizard|Charizard, L50, M|100/100\n|switch|p1b: Kingambit|Kingambit, L50, M|100/100\n|switch|p2a: Sneasler|Sneasler, L50, F|100/100\n|switch|p2b: Tauros|Tauros-Paldea-Aqua, L50, M|100/100\n|turn|1\n|\n|t:|1788323622\n|move|p1a: Charizard|Protect|p1a: Charizard\n|-singleturn|p1a: Charizard|Protect\n|move|p2a: Sneasler|Fake Out|p1a: Charizard\n|-activate|p1a: Charizard|move: Protect\n|move|p2b: Tauros|Trailblaze|p1b: Kingambit\n|-resisted|p1b: Kingambit|1\n|-crit|p1b: Kingambit\n|-damage|p1b: Kingambit|88/100\n|-boost|p2b: Tauros|spe|1\n|move|p1b: Kingambit|Iron Head|p2a: Sneasler\n|-damage|p2a: Sneasler|13/100\n|\n|upkeep\n|turn|2\n|inactive|korfle has 30 seconds left.\n|\n|t:|1788323654\n|switch|p2a: Heracross|Heracross, L50, M|100/100\n|detailschange|p1a: Charizard|Charizard-Mega-Y, L50, M\n|-mega|p1a: Charizard|Charizard|Charizardite Y\n|-weather|SunnyDay|[from] ability: Drought|[of] p1a: Charizard\n|move|p2b: Tauros|Liquidation|p1a: Charizard\n|-supereffective|p1a: Charizard|1\n|-damage|p1a: Charizard|54/100\n|move|p1a: Charizard|Heat Wave|p2a: Heracross|[spread] p2a,p2b\n|-supereffective|p2a: Heracross|1\n|-resisted|p2b: Tauros|1\n|-damage|p2a: Heracross|0 fnt\n|-damage|p2b: Tauros|59/100\n|faint|p2a: Heracross\n|move|p1b: Kingambit|Kowtow Cleave|p2b: Tauros\n|-resisted|p2b: Tauros|1\n|-damage|p2b: Tauros|25/100\n|-enditem|p2b: Tauros|Sitrus Berry|[eat]\n|-heal|p2b: Tauros|50/100y|[from] item: Sitrus Berry\n|\n|-weather|SunnyDay|[upkeep]\n|upkeep\n|\n|t:|1788323670\n|switch|p2a: Sneasler|Sneasler, L50, F|13/100\n|turn|3\n|\n|t:|1788323676\n|move|p1a: Charizard|Protect|p1a: Charizard\n|-singleturn|p1a: Charizard|Protect\n|move|p2a: Sneasler|Fake Out|p1b: Kingambit\n|-resisted|p1b: Kingambit|1\n|-damage|p1b: Kingambit|82/100\n|move|p2b: Tauros|Wild Charge|p1a: Charizard\n|-activate|p1a: Charizard|move: Protect\n|cant|p1b: Kingambit|flinch\n|\n|-weather|SunnyDay|[upkeep]\n|-activate|p2b: Tauros|ability: Cud Chew\n|-enditem|p2b: Tauros|Sitrus Berry|[eat]\n|-heal|p2b: Tauros|75/100|[from] item: Sitrus Berry\n|upkeep\n|turn|4\n|\n|t:|1788323685\n|move|p1b: Kingambit|Sucker Punch||[still]\n|-fail|p1b: Kingambit\n|move|p2b: Tauros|Wild Charge|p1a: Charizard\n|-supereffective|p1a: Charizard|1\n|-damage|p1a: Charizard|0 fnt\n|faint|p1a: Charizard\n|-damage|p2b: Tauros|62/100|[from] Recoil\n|move|p2a: Sneasler|Coaching|p2b: Tauros\n|-boost|p2b: Tauros|atk|1\n|-boost|p2b: Tauros|def|1\n|\n|-weather|SunnyDay|[upkeep]\n|upkeep\n|\n|t:|1788323685\n|switch|p1a: Basculegion|Basculegion, L50, M|100/100\n|turn|5\n|\n|t:|1788323707\n|move|p2b: Tauros|Wild Charge|p1a: Basculegion\n|-supereffective|p1a: Basculegion|1\n|-damage|p1a: Basculegion|0 fnt\n|faint|p1a: Basculegion\n|-damage|p2b: Tauros|31/100|[from] Recoil\n|move|p2a: Sneasler|Coaching|p2b: Tauros\n|-boost|p2b: Tauros|atk|1\n|-boost|p2b: Tauros|def|1\n|move|p1b: Kingambit|Kowtow Cleave|p2a: Sneasler\n|-resisted|p2a: Sneasler|1\n|-damage|p2a: Sneasler|0 fnt\n|faint|p2a: Sneasler\n|\n|-weather|SunnyDay|[upkeep]\n|upkeep\n|\n|t:|1788323717\n|switch|p2a: Crabominable|Crabominable, L50, M|100/100\n|switch|p1a: Sylveon|Sylveon, L50, F|100/100\n|turn|6\n|inactive|korfle has 30 seconds left.\n|\n|t:|1788323748\n|detailschange|p2a: Crabominable|Crabominable-Mega, L50, M\n|-mega|p2a: Crabominable|Crabominable|Crabominite\n|move|p1b: Kingambit|Sucker Punch|p2b: Tauros\n|-resisted|p2b: Tauros|1\n|-damage|p2b: Tauros|18/100\n|move|p2a: Crabominable|Mach Punch|p1a: Sylveon\n|-resisted|p1a: Sylveon|1\n|-damage|p1a: Sylveon|79/100\n|move|p2b: Tauros|Liquidation|p1a: Sylveon\n|-damage|p1a: Sylveon|20/100y\n|move|p1a: Sylveon|Hyper Voice|p2a: Crabominable|[spread] p2a,p2b\n|-supereffective|p2a: Crabominable|1\n|-supereffective|p2b: Tauros|1\n|-damage|p2a: Crabominable|26/100\n|-damage|p2b: Tauros|0 fnt\n|faint|p2b: Tauros\n|\n|-weather|none\n|upkeep\n|turn|7\n|inactive|korfle has 30 seconds left.\n|\n|t:|1788323773\n|move|p2a: Crabominable|Mach Punch|p1a: Sylveon\n|-resisted|p1a: Sylveon|1\n|-damage|p1a: Sylveon|0 fnt\n|faint|p1a: Sylveon\n|move|p1b: Kingambit|Kowtow Cleave|p2a: Crabominable\n|-resisted|p2a: Crabominable|1\n|-damage|p2a: Crabominable|1/100\n|\n|upkeep\n|turn|8\n|\n|t:|1788323782\n|move|p2a: Crabominable|Protect|p2a: Crabominable\n|-singleturn|p2a: Crabominable|Protect\n|move|p1b: Kingambit|Low Kick|p2a: Crabominable\n|-activate|p2a: Crabominable|move: Protect\n|\n|upkeep\n|turn|9\n|\n|t:|1788323789\n|move|p2a: Crabominable|Mach Punch|p1b: Kingambit\n|-supereffective|p1b: Kingambit|2\n|-damage|p1b: Kingambit|0 fnt\n|faint|p1b: Kingambit\n|-end|p1b: Kingambit|fallenundefined|[silent]\n|\n|win|korfle\n|raw|Thornlace48812's rating: 1134 &rarr; <strong>1108</strong><br />(-26 for losing)\n|raw|korfle's rating: 1119 &rarr; <strong>1145</strong><br />(+26 for winning)\n","uploadtime":1788323790,"views":"0","formatid":"gen9championsvgc2026regmb","rating":1108,"private":0,"password":null}