{"id":"gen9championsvgc2026regmbbo3-2673313889","format":"[Gen 9 Champions] VGC 2026 Reg M-B (Bo3)","players":["riccardofano","GlitchXDGOAT"],"log":"|j|☆riccardofano\n|j|☆GlitchXDGOAT\n|html|<table width=\"100%\"><tr><td align=\"left\">riccardofano</td><td align=\"right\">GlitchXDGOAT</tr><tr><td align=\"left\"><i class=\"fa fa-circle-o\"></i> <i class=\"fa fa-circle-o\"></i> </td><td align=\"right\"><i class=\"fa fa-circle-o\"></i> <i class=\"fa fa-circle\"></i> </tr></table>\n|uhtml|bestof|<h2><strong>Game 2</strong> of <a href=\"/game-bestof3-gen9championsvgc2026regmbbo3-2673312195\">a best-of-3</a></h2>\n|t:|1788181880\n|gametype|doubles\n|player|p1|riccardofano|ruinmaniac|1128\n|player|p2|GlitchXDGOAT|102|1195\n|gen|9\n|tier|[Gen 9 Champions] VGC 2026 Reg M-B (Bo3)\n|rated|\n|rule|Species Clause: Limit one of each Pokémon\n|rule|Item Clause: Limit 1 of each item\n|clearpoke\n|poke|p1|Charizard, L50, F|\n|poke|p1|Venusaur, L50, F|\n|poke|p1|Garchomp, L50, M|\n|poke|p1|Sylveon, L50, M|\n|poke|p1|Incineroar, L50, M|\n|poke|p1|Toxapex, L50, M|\n|poke|p2|Annihilape, L50, M|\n|poke|p2|Incineroar, L50, F|\n|poke|p2|Basculegion, L50, M|\n|poke|p2|Glimmora, L50, F|\n|poke|p2|Raichu, L50, M|\n|poke|p2|Floette-Eternal, L50, F|\n|teampreview|4\n|showteam|p1|Charizard||CharizarditeY|SolarPower|HeatWave,WeatherBall,AncientPower,Protect|Modest||F|||50|]Venusaur||LifeOrb|Chlorophyll|SolarBeam,EarthPower,SludgeBomb,Protect|Modest||F|||50|]Garchomp||ChoiceScarf|RoughSkin|DragonClaw,StompingTantrum,Earthquake,RockSlide|Adamant||M|||50|]Sylveon||FairyFeather|Pixilate|HyperVoice,QuickAttack,Yawn,Detect|Modest||M|||50|]Incineroar||SitrusBerry|Intimidate|FlareBlitz,ThroatChop,FakeOut,PartingShot|Impish||M|||50|]Toxapex||Leftovers|Regenerator|Infestation,Toxic,WideGuard,BanefulBunker|Impish||M|||50|\n|showteam|p2|Annihilape||ChoiceScarf|Defiant|CloseCombat,ShadowClaw,PoisonJab,RockTomb|Jolly||M|||50|]Incineroar||SitrusBerry|Intimidate|FakeOut,FlareBlitz,LashOut,PartingShot|Careful||F|||50|]Basculegion||LifeOrb|Adaptability|WaveCrash,LastRespects,Protect,AquaJet|Jolly||M|||50|]Glimmora||FocusSash|ToxicDebris|SpikyShield,PowerGem,SludgeBomb,EarthPower|Timid||F|||50|]Raichu||RaichuniteY|LightningRod|FakeOut,ZapCannon,FocusBlast,Protect|Timid||M|||50|]Floette-Eternal||Floettite|FlowerVeil|Moonblast,DazzlingGleam,CalmMind,Protect|Timid||F|||50|\n|inactive|Battle timer is ON: inactive players will automatically lose when time's up. (requested by GlitchXDGOAT)\n|inactive|riccardofano has 60 seconds left.\n|\n|t:|1788181914\n|teamsize|p1|4\n|teamsize|p2|4\n|start\n|switch|p1a: Venusaur|Venusaur, L50, F|100/100\n|switch|p1b: Sylveon|Sylveon, L50, M|100/100\n|switch|p2a: Annihilape|Annihilape, L50, M|100/100\n|switch|p2b: Glimmora|Glimmora, L50, F|100/100\n|turn|1\n|inactive|GlitchXDGOAT has 30 seconds left.\n|inactive|GlitchXDGOAT has 20 seconds left.\n|inactive|GlitchXDGOAT has 15 seconds left.\n|inactive|GlitchXDGOAT has 10 seconds left.\n|inactive|GlitchXDGOAT has 5 seconds left.\n|\n|t:|1788181969\n|switch|p1b: Toxapex|Toxapex, L50, M|100/100\n|move|p2b: Glimmora|Spiky Shield|p2b: Glimmora\n|-singleturn|p2b: Glimmora|move: Protect\n|move|p1a: Venusaur|Protect|p1a: Venusaur\n|-singleturn|p1a: Venusaur|Protect\n|move|p2a: Annihilape|Close Combat|p1a: Venusaur\n|-activate|p1a: Venusaur|move: Protect\n|\n|upkeep\n|turn|2\n|l|☆GlitchXDGOAT\n|inactive|GlitchXDGOAT disconnected and has a minute to reconnect!\n|player|p2|\n|j|☆GlitchXDGOAT\n|inactive|GlitchXDGOAT reconnected and has 35 seconds left.\n|player|p2|GlitchXDGOAT|102|\n|inactive|GlitchXDGOAT has 30 seconds left.\n|inactive|GlitchXDGOAT has 20 seconds left.\n|\n|t:|1788182006\n|switch|p2a: Basculegion|Basculegion, L50, M|100/100\n|switch|p1b: Charizard|Charizard, L50, F|100/100\n|move|p2b: Glimmora|Earth Power|p1b: Charizard\n|-immune|p1b: Charizard\n|move|p1a: Venusaur|Earth Power|p2b: Glimmora\n|-supereffective|p2b: Glimmora|2\n|-enditem|p2b: Glimmora|Focus Sash\n|-damage|p2b: Glimmora|1/100\n|-damage|p1a: Venusaur|90/100|[from] item: Life Orb\n|\n|upkeep\n|turn|3\n|inactive|riccardofano has 30 seconds left.\n|\n|t:|1788182033\n|detailschange|p1b: Charizard|Charizard-Mega-Y, L50, F\n|-mega|p1b: Charizard|Charizard|Charizardite Y\n|-weather|SunnyDay|[from] ability: Drought|[of] p1b: Charizard\n|move|p2a: Basculegion|Protect|p2a: Basculegion\n|-singleturn|p2a: Basculegion|Protect\n|move|p1b: Charizard|Protect|p1b: Charizard\n|-singleturn|p1b: Charizard|Protect\n|move|p1a: Venusaur|Solar Beam||[still]\n|-prepare|p1a: Venusaur|Solar Beam\n|-anim|p1a: Venusaur|Solar Beam|p2a: Basculegion\n|-activate|p2a: Basculegion|move: Protect\n|move|p2b: Glimmora|Sludge Bomb|p1a: Venusaur\n|-damage|p1a: Venusaur|38/100\n|\n|-weather|SunnyDay|[upkeep]\n|upkeep\n|turn|4\n|\n|t:|1788182051\n|switch|p1b: Toxapex|Toxapex, L50, M|100/100\n|move|p2a: Basculegion|Aqua Jet|p1b: Toxapex\n|-resisted|p1b: Toxapex|1\n|-damage|p1b: Toxapex|94/100\n|-damage|p2a: Basculegion|90/100|[from] item: Life Orb\n|move|p1a: Venusaur|Solar Beam||[still]\n|-prepare|p1a: Venusaur|Solar Beam\n|-anim|p1a: Venusaur|Solar Beam|p2a: Basculegion\n|-supereffective|p2a: Basculegion|1\n|-damage|p2a: Basculegion|0 fnt\n|faint|p2a: Basculegion\n|-damage|p1a: Venusaur|29/100|[from] item: Life Orb\n|move|p2b: Glimmora|Sludge Bomb|p1a: Venusaur\n|-damage|p1a: Venusaur|0 fnt\n|faint|p1a: Venusaur\n|\n|-weather|SunnyDay|[upkeep]\n|-heal|p1b: Toxapex|100/100|[from] item: Leftovers\n|upkeep\n|\n|t:|1788182069\n|switch|p2a: Annihilape|Annihilape, L50, M|100/100\n|switch|p1a: Sylveon|Sylveon, L50, M|100/100\n|turn|5\n|\n|t:|1788182083\n|move|p2b: Glimmora|Spiky Shield|p2b: Glimmora\n|-singleturn|p2b: Glimmora|move: Protect\n|move|p1a: Sylveon|Quick Attack|p2b: Glimmora\n|-activate|p2b: Glimmora|move: Protect\n|-damage|p1a: Sylveon|87/100|[from] Spiky Shield|[of] p2b: Glimmora\n|move|p2a: Annihilape|Rock Tomb|p1b: Toxapex\n|-damage|p1b: Toxapex|86/100\n|-unboost|p1b: Toxapex|spe|1\n|move|p1b: Toxapex|Toxic|p2a: Annihilape\n|-status|p2a: Annihilape|tox\n|\n|-weather|SunnyDay|[upkeep]\n|-heal|p1b: Toxapex|92/100|[from] item: Leftovers\n|-damage|p2a: Annihilape|94/100 tox|[from] psn\n|upkeep\n|turn|6\n|inactive|GlitchXDGOAT has 30 seconds left.\n|inactive|GlitchXDGOAT has 20 seconds left.\n|inactive|GlitchXDGOAT has 15 seconds left.\n|inactive|riccardofano has 30 seconds left.\n|inactive|GlitchXDGOAT has 10 seconds left.\n|inactive|GlitchXDGOAT has 5 seconds left.\n|\n|t:|1788182137\n|move|p1a: Sylveon|Quick Attack|p2b: Glimmora\n|-resisted|p2b: Glimmora|1\n|-damage|p2b: Glimmora|0 fnt\n|-activate|p2b: Glimmora|ability: Toxic Debris\n|-sidestart|p1: riccardofano|move: Toxic Spikes\n|faint|p2b: Glimmora\n|move|p2a: Annihilape|Rock Tomb|p1b: Toxapex\n|-damage|p1b: Toxapex|80/100\n|-unboost|p1b: Toxapex|spe|1\n|move|p1b: Toxapex|Infestation|p2a: Annihilape\n|-resisted|p2a: Annihilape|2\n|-damage|p2a: Annihilape|93/100 tox\n|-activate|p2a: Annihilape|move: Infestation|[of] p1b: Toxapex\n|\n|-weather|SunnyDay|[upkeep]\n|-heal|p1b: Toxapex|85/100|[from] item: Leftovers\n|-damage|p2a: Annihilape|81/100 tox|[from] psn\n|-damage|p2a: Annihilape|69/100 tox|[from] move: Infestation|[partiallytrapped]\n|upkeep\n|\n|t:|1788182141\n|switch|p2b: Floette|Floette-Eternal, L50, F|100/100\n|turn|7\n|\n|t:|1788182156\n|detailschange|p2b: Floette|Floette-Mega, L50, F\n|-mega|p2b: Floette|Floette|Floettite\n|-ability|p2b: Floette|Fairy Aura\n|move|p1b: Toxapex|Wide Guard|p1b: Toxapex\n|-singleturn|p1b: Toxapex|Wide Guard\n|move|p2a: Annihilape|Rock Tomb|p1a: Sylveon\n|-damage|p1a: Sylveon|68/100\n|-unboost|p1a: Sylveon|spe|1\n|move|p2b: Floette|Moonblast|p1a: Sylveon\n|-damage|p1a: Sylveon|10/100\n|move|p1a: Sylveon|Hyper Voice|p2b: Floette|[spread] p2a,p2b\n|-supereffective|p2a: Annihilape|1\n|-damage|p2a: Annihilape|0 fnt\n|-damage|p2b: Floette|53/100\n|faint|p2a: Annihilape\n|\n|-weather|none\n|-heal|p1b: Toxapex|91/100|[from] item: Leftovers\n|upkeep\n|turn|8\n|inactive|riccardofano has 30 seconds left.\n|\n|t:|1788182186\n|move|p2b: Floette|Dazzling Gleam|p1a: Sylveon|[spread] p1a,p1b\n|-resisted|p1b: Toxapex|1\n|-damage|p1a: Sylveon|0 fnt\n|-damage|p1b: Toxapex|73/100\n|faint|p1a: Sylveon\n|move|p1b: Toxapex|Infestation|p2b: Floette\n|-resisted|p2b: Floette|1\n|-crit|p2b: Floette\n|-damage|p2b: Floette|51/100\n|-activate|p2b: Floette|move: Infestation|[of] p1b: Toxapex\n|\n|-heal|p1b: Toxapex|78/100|[from] item: Leftovers\n|-damage|p2b: Floette|38/100|[from] move: Infestation|[partiallytrapped]\n|upkeep\n|\n|t:|1788182195\n|switch|p1a: Charizard|Charizard-Mega-Y, L50, F|100/100\n|-weather|SunnyDay|[from] ability: Drought|[of] p1a: Charizard\n|turn|9\n|\n|t:|1788182207\n|move|p2b: Floette|Moonblast|p1b: Toxapex\n|-resisted|p1b: Toxapex|1\n|-crit|p1b: Toxapex\n|-damage|p1b: Toxapex|34/100\n|move|p1a: Charizard|Weather Ball|p2b: Floette\n|-damage|p2b: Floette|0 fnt\n|faint|p2b: Floette\n|\n|win|riccardofano\n||GlitchXDGOAT is ready for game 3.\n|c|☆GlitchXDGOAT|GG\n||riccardofano is ready for game 3.\n|uhtml|next|Next: <a href=\"/battle-gen9championsvgc2026regmbbo3-2673316087\"><strong>Game 3 of 3</strong></a>\n|l|☆riccardofano\n|player|p1|\n","uploadtime":1788182482,"views":"2","formatid":"gen9championsvgc2026regmbbo3","rating":null,"private":0,"password":null}