{"id":"gen9championsvgc2026regmbbo3-2675042061","format":"[Gen 9 Champions] VGC 2026 Reg M-B (Bo3)","players":["Qalumngg","waffling56"],"log":"|j|☆Qalumngg\n|j|☆waffling56\n|html|<table width=\"100%\"><tr><td align=\"left\">Qalumngg</td><td align=\"right\">waffling56</tr><tr><td align=\"left\"><i class=\"fa fa-circle\"></i> <i class=\"fa fa-circle-o\"></i> </td><td align=\"right\"><i class=\"fa fa-circle-o\"></i> <i class=\"fa fa-circle-o\"></i> </tr></table>\n|uhtml|bestof|<h2><strong>Game 2</strong> of <a href=\"/game-bestof3-gen9championsvgc2026regmbbo3-2675040729\">a best-of-3</a></h2>\n|t:|1788452081\n|gametype|doubles\n|player|p1|Qalumngg|richboy|1148\n|player|p2|waffling56|2|1106\n|gen|9\n|tier|[Gen 9 Champions] VGC 2026 Reg M-B (Bo3)\n|rated|\n|rule|Species Clause: Limit one of each Pokémon\n|rule|Item Clause: Limit 1 of each item\n|clearpoke\n|poke|p1|Swampert, L50, M|\n|poke|p1|Pelipper, L50, F|\n|poke|p1|Archaludon, L50, F|\n|poke|p1|Meganium, L50, F|\n|poke|p1|Overqwil, L50, F|\n|poke|p1|Clefable, L50, F|\n|poke|p2|Blastoise, L50, F|\n|poke|p2|Farigiraf, L50, F|\n|poke|p2|Sinistcha, L50|\n|poke|p2|Sneasler, L50, F|\n|poke|p2|Kingambit, L50, M|\n|poke|p2|Delphox, L50, M|\n|teampreview|4\n|showteam|p1|Swampert||Swampertite|Torrent|WaveCrash,Earthquake,HighHorsepower,Protect|Jolly||M|||50|]Pelipper||DampRock|Drizzle|Tailwind,WideGuard,RainDance,Hurricane|Bold||F|||50|]Archaludon||Leftovers|Stamina|ElectroShot,Protect,FlashCannon,DragonPulse|Modest||F|||50|]Meganium||Meganiumite|Overgrow|SolarBeam,Synthesis,Protect,WeatherBall|Timid||F|||50|]Overqwil||PoisonBarb|SwiftSwim|Waterfall,BarbBarrage,ThroatChop,Protect|Adamant||F|||50|]Clefable||SitrusBerry|Unaware|FollowMe,Moonblast,Protect,HelpingHand|Bold||F|||50|\n|showteam|p2|Blastoise||Blastoisinite|RainDish|ShellSmash,Protect,DarkPulse,WaterSpout|Modest||F|||50|]Farigiraf||SitrusBerry|ArmorTail|TrickRoom,Psychic,Protect,HelpingHand|Sassy||F|||50|]Sinistcha||KasibBerry|Hospitality|RagePowder,Protect,MatchaGotcha,TrickRoom|Relaxed|||||50|]Sneasler||FocusSash|PoisonTouch|Protect,CloseCombat,DireClaw,FakeOut|Jolly||F|||50|]Kingambit||LifeOrb|Defiant|SwordsDance,KowtowCleave,Protect,IronHead|Adamant||M|||50|]Delphox||Delphoxite|Blaze|HeatWave,Protect,NastyPlot,Psychic|Timid||M|||50|\n|inactive|Battle timer is ON: inactive players will automatically lose when time's up. (requested by waffling56)\n|\n|t:|1788452103\n|teamsize|p1|4\n|teamsize|p2|4\n|start\n|switch|p1a: Pelipper|Pelipper, L50, F|100/100\n|switch|p1b: Overqwil|Overqwil, L50, F|100/100\n|switch|p2a: Sinistcha|Sinistcha, L50|100/100\n|switch|p2b: Blastoise|Blastoise, L50, F|100/100\n|-weather|RainDance|[from] ability: Drizzle|[of] p1a: Pelipper\n|turn|1\n|\n|t:|1788452128\n|detailschange|p2b: Blastoise|Blastoise-Mega, L50, F\n|-mega|p2b: Blastoise|Blastoise|Blastoisinite\n|move|p1b: Overqwil|Throat Chop|p2a: Sinistcha\n|-supereffective|p2a: Sinistcha|1\n|-damage|p2a: Sinistcha|38/100\n|-start|p2a: Sinistcha|Throat Chop|[silent]\n|move|p2b: Blastoise|Dark Pulse|p1a: Pelipper\n|-damage|p1a: Pelipper|52/100\n|move|p1a: Pelipper|Hurricane|p2a: Sinistcha\n|-supereffective|p2a: Sinistcha|1\n|-damage|p2a: Sinistcha|0 fnt\n|faint|p2a: Sinistcha\n|\n|-weather|RainDance|[upkeep]\n|upkeep\n|\n|t:|1788452139\n|switch|p2a: Farigiraf|Farigiraf, L50, F|100/100\n|turn|2\n|\n|t:|1788452148\n|move|p1a: Pelipper|Wide Guard|p1a: Pelipper\n|-singleturn|p1a: Pelipper|Wide Guard\n|move|p1b: Overqwil|Barb Barrage|p2b: Blastoise\n|-damage|p2b: Blastoise|67/100\n|move|p2b: Blastoise|Water Spout|p1b: Overqwil|[spread] \n|-activate|p1a: Pelipper|move: Wide Guard\n|-activate|p1b: Overqwil|move: Wide Guard\n|move|p2a: Farigiraf|Trick Room|p2a: Farigiraf\n|-fieldstart|move: Trick Room|[of] p2a: Farigiraf\n|\n|-weather|RainDance|[upkeep]\n|upkeep\n|turn|3\n|\n|t:|1788452165\n|switch|p2b: Kingambit|Kingambit, L50, M|100/100\n|move|p1a: Pelipper|Wide Guard|p1a: Pelipper\n|-singleturn|p1a: Pelipper|Wide Guard\n|move|p2a: Farigiraf|Psychic|p1a: Pelipper\n|-damage|p1a: Pelipper|16/100\n|move|p1b: Overqwil|Barb Barrage|p2b: Kingambit\n|-immune|p2b: Kingambit\n|\n|-weather|RainDance|[upkeep]\n|upkeep\n|turn|4\n|\n|t:|1788452176\n|move|p2b: Kingambit|Swords Dance|p2b: Kingambit\n|-boost|p2b: Kingambit|atk|2\n|move|p2a: Farigiraf|Psychic|p1a: Pelipper\n|-damage|p1a: Pelipper|0 fnt\n|faint|p1a: Pelipper\n|move|p1b: Overqwil|Throat Chop|p2a: Farigiraf\n|-supereffective|p2a: Farigiraf|1\n|-damage|p2a: Farigiraf|25/100\n|-start|p2a: Farigiraf|Throat Chop|[silent]\n|-enditem|p2a: Farigiraf|Sitrus Berry|[eat]\n|-heal|p2a: Farigiraf|49/100|[from] item: Sitrus Berry\n|\n|-weather|RainDance|[upkeep]\n|upkeep\n|\n|t:|1788452183\n|switch|p1a: Meganium|Meganium, L50, F|100/100\n|turn|5\n|inactive|Qalumngg has 30 seconds left.\n|\n|t:|1788452209\n|move|p2a: Farigiraf|Helping Hand|p2b: Kingambit\n|-singleturn|p2b: Kingambit|Helping Hand|[of] p2a: Farigiraf\n|move|p1a: Meganium|Protect|p1a: Meganium\n|-singleturn|p1a: Meganium|Protect\n|move|p2b: Kingambit|Iron Head|p1a: Meganium\n|-activate|p1a: Meganium|move: Protect\n|move|p1b: Overqwil|Throat Chop|p2a: Farigiraf\n|-supereffective|p2a: Farigiraf|1\n|-damage|p2a: Farigiraf|0 fnt\n|faint|p2a: Farigiraf\n|\n|-weather|RainDance|[upkeep]\n|upkeep\n|\n|t:|1788452223\n|switch|p2a: Blastoise|Blastoise-Mega, L50, F|67/100\n|turn|6\n|\n|t:|1788452232\n|switch|p1a: Archaludon|Archaludon, L50, F|100/100\n|move|p1b: Overqwil|Protect|p1b: Overqwil\n|-singleturn|p1b: Overqwil|Protect\n|move|p2b: Kingambit|Iron Head|p1a: Archaludon\n|-resisted|p1a: Archaludon|1\n|-damage|p1a: Archaludon|56/100\n|-ability|p1a: Archaludon|Stamina|boost\n|-boost|p1a: Archaludon|def|1\n|-damage|p2b: Kingambit|90/100|[from] item: Life Orb\n|move|p2a: Blastoise|Water Spout|p1b: Overqwil|[spread] p1a\n|-activate|p1b: Overqwil|move: Protect\n|-resisted|p1a: Archaludon|1\n|-damage|p1a: Archaludon|21/100\n|-ability|p1a: Archaludon|Stamina|boost\n|-boost|p1a: Archaludon|def|1\n|\n|-weather|RainDance|[upkeep]\n|-heal|p1a: Archaludon|27/100|[from] item: Leftovers\n|-fieldend|move: Trick Room\n|upkeep\n|turn|7\n|\n|t:|1788452253\n|move|p1b: Overqwil|Waterfall|p2b: Kingambit\n|-crit|p2b: Kingambit\n|-damage|p2b: Kingambit|40/100\n|move|p1a: Archaludon|Electro Shot||[still]\n|-prepare|p1a: Archaludon|Electro Shot\n|-boost|p1a: Archaludon|spa|1\n|-anim|p1a: Archaludon|Electro Shot|p2a: Blastoise\n|-supereffective|p2a: Blastoise|1\n|-damage|p2a: Blastoise|0 fnt\n|faint|p2a: Blastoise\n|move|p2b: Kingambit|Kowtow Cleave|p1a: Archaludon\n|-damage|p1a: Archaludon|0 fnt\n|faint|p1a: Archaludon\n|-damage|p2b: Kingambit|30/100|[from] item: Life Orb\n|\n|-weather|RainDance|[upkeep]\n|upkeep\n|\n|t:|1788452260\n|switch|p1a: Meganium|Meganium, L50, F|100/100\n|turn|8\n|l|☆waffling56\n|inactive|waffling56 disconnected and has a minute to reconnect!\n|player|p2|\n|c|☆Qalumngg|gg\n|inactive|waffling56 has 30 seconds left.\n|inactive|waffling56 has 20 seconds left.\n|inactive|waffling56 has 15 seconds left.\n|inactive|waffling56 has 10 seconds left.\n|inactive|waffling56 has 5 seconds left.\n|-message|waffling56 lost due to inactivity.\n|\n|win|Qalumngg\n|raw|Qalumngg's rating: 1148 &rarr; <strong>1170</strong><br />(+22 for winning)\n|raw|waffling56's rating: 1106 &rarr; <strong>1084</strong><br />(-22 for losing)\n","uploadtime":1788452423,"views":"2","formatid":"gen9championsvgc2026regmbbo3","rating":1084,"private":0,"password":null}