{"id":"gen9championsvgc2026regmbbo3-2674556910","format":"[Gen 9 Champions] VGC 2026 Reg M-B (Bo3)","players":["juanfran66","steelag0"],"log":"|j|☆juanfran66\n|j|☆steelag0\n|html|<table width=\"100%\"><tr><td align=\"left\">juanfran66</td><td align=\"right\">steelag0</tr><tr><td align=\"left\"><i class=\"fa fa-circle-o\"></i> <i class=\"fa fa-circle-o\"></i> </td><td align=\"right\"><i class=\"fa fa-circle-o\"></i> <i class=\"fa fa-circle-o\"></i> </tr></table>\n|uhtml|bestof|<h2><strong>Game 1</strong> of <a href=\"/game-bestof3-gen9championsvgc2026regmbbo3-2674556909\">a best-of-3</a></h2>\n|t:|1788373628\n|gametype|doubles\n|player|p1|juanfran66|1|\n|player|p2|steelag0|2|\n|gen|9\n|tier|[Gen 9 Champions] VGC 2026 Reg M-B (Bo3)\n|rule|Species Clause: Limit one of each Pokémon\n|rule|Item Clause: Limit 1 of each item\n|clearpoke\n|poke|p1|Sinistcha, L50|\n|poke|p1|Maushold, L50|\n|poke|p1|Delphox, L50, F|\n|poke|p1|Floette-Eternal, L50, F|\n|poke|p1|Incineroar, L50, M|\n|poke|p1|Grimmsnarl, L50, M|\n|poke|p2|Whimsicott, L50, M|\n|poke|p2|Floette-Eternal, L50, F|\n|poke|p2|Kingambit, L50, F|\n|poke|p2|Charizard, L50, F|\n|poke|p2|Basculegion, L50, M|\n|poke|p2|Garchomp, L50, F|\n|teampreview|4\n|showteam|p1|Sinistcha||KasibBerry|Hospitality|MatchaGotcha,RagePowder,LifeDew,Protect|Bold|||||50|]Maushold||ChopleBerry|FriendGuard|FollowMe,SuperFang,Feint,Protect|Impish|||||50|]Delphox||Delphoxite|Blaze|HeatWave,Psychic,NastyPlot,Protect|Modest||F|||50|]Floette-Eternal||Floettite|FlowerVeil|Moonblast,DrainingKiss,CalmMind,Protect|Modest||F|||50|]Incineroar||PasshoBerry|Intimidate|PartingShot,FakeOut,ThroatChop,FlareBlitz|Careful||M|||50|]Grimmsnarl||LightClay|Prankster|FakeOut,Reflect,LightScreen,PartingShot|Careful||M|||50|\n|showteam|p2|Whimsicott||FocusSash|Prankster|Moonblast,Tailwind,Encore,Protect|Timid||M|||50|]Floette-Eternal||Floettite|FlowerVeil|Moonblast,DazzlingGleam,LightofRuin,Protect|Modest||F|||50|]Kingambit||ChopleBerry|Defiant|KowtowCleave,SuckerPunch,IronHead,LowKick|Adamant||F|||50|]Charizard||CharizarditeY|SolarPower|HeatWave,WeatherBall,SolarBeam,Protect|Modest||F|||50|]Basculegion||MysticWater|Adaptability|WaveCrash,LastRespects,AquaJet,Protect|Adamant||M|||50|]Garchomp||LifeOrb|SandVeil|DragonClaw,Earthquake,RockSlide,Protect|Jolly||F|||50|\n|c|☆juanfran66|gl hf\n|c|☆steelag0|gl hf\n|inactive|Battle timer is ON: inactive players will automatically lose when time's up. (requested by juanfran66)\n|\n|t:|1788373705\n|teamsize|p1|4\n|teamsize|p2|4\n|start\n|switch|p1a: Zorrita|Delphox, L50, F|100/100\n|switch|p1b: Pogui|Grimmsnarl, L50, M|100/100\n|switch|p2a: Kingambit|Kingambit, L50, F|100/100\n|switch|p2b: Whimsicott|Whimsicott, L50, M|100/100\n|turn|1\n|inactive|juanfran66 has 30 seconds left.\n|inactive|steelag0 has 30 seconds left.\n|inactive|juanfran66 has 20 seconds left.\n|inactive|juanfran66 has 15 seconds left.\n|\n|t:|1788373747\n|detailschange|p1a: Zorrita|Delphox-Mega, L50, F\n|-mega|p1a: Zorrita|Delphox|Delphoxite\n|move|p1b: Pogui|Fake Out|p2b: Whimsicott\n|-damage|p2b: Whimsicott|82/100\n|cant|p2b: Whimsicott|flinch\n|move|p1a: Zorrita|Heat Wave|p2a: Kingambit|[spread] p2a,p2b\n|-supereffective|p2a: Kingambit|1\n|-supereffective|p2b: Whimsicott|1\n|-crit|p2b: Whimsicott\n|-damage|p2a: Kingambit|13/100\n|-damage|p2b: Whimsicott|0 fnt\n|faint|p2b: Whimsicott\n|move|p2a: Kingambit|Kowtow Cleave|p1a: Zorrita\n|-supereffective|p1a: Zorrita|1\n|-damage|p1a: Zorrita|0 fnt\n|faint|p1a: Zorrita\n|\n|upkeep\n|\n|t:|1788373762\n|switch|p2b: Floette|Floette-Eternal, L50, F|100/100\n|switch|p1a: Wolfe|Incineroar, L50, M|100/100\n|-ability|p1a: Wolfe|Intimidate|boost\n|-unboost|p2a: Kingambit|atk|1\n|-ability|p2a: Kingambit|Defiant|boost\n|-boost|p2a: Kingambit|atk|2\n|-unboost|p2b: Floette|atk|1\n|turn|2\n|\n|t:|1788373783\n|switch|p2a: Basculegion|Basculegion, L50, M|100/100\n|detailschange|p2b: Floette|Floette-Mega, L50, F\n|-mega|p2b: Floette|Floette|Floettite\n|-ability|p2b: Floette|Fairy Aura\n|move|p2b: Floette|Protect|p2b: Floette\n|-singleturn|p2b: Floette|Protect\n|move|p1b: Pogui|Parting Shot|p2b: Floette\n|-activate|p2b: Floette|move: Protect\n|move|p1a: Wolfe|Flare Blitz|p2a: Basculegion\n|-resisted|p2a: Basculegion|1\n|-damage|p2a: Basculegion|76/100\n|-damage|p1a: Wolfe|92/100|[from] Recoil\n|\n|upkeep\n|turn|3\n|inactive|juanfran66 has 30 seconds left.\n|\n|t:|1788373811\n|move|p1b: Pogui|Parting Shot|p2b: Floette\n|-unboost|p2b: Floette|atk|1\n|-unboost|p2b: Floette|spa|1\n|\n|t:|1788373814\n|switch|p1b: Familia Pogui|Maushold, L50|100/100|[from] Parting Shot\n|move|p2b: Floette|Dazzling Gleam|p1a: Wolfe|[spread] p1a,p1b\n|-damage|p1a: Wolfe|76/100\n|-damage|p1b: Familia Pogui|64/100\n|move|p2a: Basculegion|Wave Crash|p1a: Wolfe\n|-supereffective|p1a: Wolfe|1\n|-enditem|p1a: Wolfe|Passho Berry|[eat]\n|-enditem|p1a: Wolfe|Passho Berry|[weaken]\n|-damage|p1a: Wolfe|12/100\n|-damage|p2a: Basculegion|54/100|[from] Recoil\n|move|p1a: Wolfe|Throat Chop|p2a: Basculegion\n|-supereffective|p2a: Basculegion|1\n|-damage|p2a: Basculegion|0 fnt\n|faint|p2a: Basculegion\n|\n|upkeep\n|\n|t:|1788373828\n|switch|p2a: Kingambit|Kingambit, L50, F|13/100\n|turn|4\n|\n|t:|1788373845\n|switch|p1a: Pogui|Grimmsnarl, L50, M|100/100\n|move|p2b: Floette|Protect|p2b: Floette\n|-singleturn|p2b: Floette|Protect\n|move|p2a: Kingambit|Sucker Punch|p1b: Familia Pogui\n|-damage|p1b: Familia Pogui|28/100\n|move|p1b: Familia Pogui|Super Fang|p2b: Floette\n|-activate|p2b: Floette|move: Protect\n|\n|upkeep\n|turn|5\n|\n|t:|1788373863\n|move|p1a: Pogui|Parting Shot|p2b: Floette\n|-unboost|p2b: Floette|atk|1\n|-unboost|p2b: Floette|spa|1\n|\n|t:|1788373867\n|switch|p1a: Wolfe|Incineroar, L50, M|12/100|[from] Parting Shot\n|-ability|p1a: Wolfe|Intimidate|boost\n|-unboost|p2a: Kingambit|atk|1\n|-ability|p2a: Kingambit|Defiant|boost\n|-boost|p2a: Kingambit|atk|2\n|-unboost|p2b: Floette|atk|1\n|move|p2b: Floette|Dazzling Gleam|p1a: Wolfe|[spread] p1a,p1b\n|-damage|p1a: Wolfe|0 fnt\n|-damage|p1b: Familia Pogui|2/100\n|faint|p1a: Wolfe\n|move|p1b: Familia Pogui|Super Fang|p2b: Floette\n|-damage|p2b: Floette|50/100g\n|move|p2a: Kingambit|Iron Head|p1b: Familia Pogui\n|-damage|p1b: Familia Pogui|0 fnt\n|faint|p1b: Familia Pogui\n|\n|upkeep\n|-message|juanfran66 forfeited.\n|\n|win|steelag0\n||juanfran66 is ready for game 2.\n","uploadtime":1788373884,"views":"0","formatid":"gen9championsvgc2026regmbbo3","rating":null,"private":0,"password":null}