{"id":"gen9championsvgc2026regmbbo3-2673685226","format":"[Gen 9 Champions] VGC 2026 Reg M-B (Bo3)","players":["nessso","Meiko41"],"log":"|j|☆nessso\n|j|☆Meiko41\n|html|<table width=\"100%\"><tr><td align=\"left\">nessso</td><td align=\"right\">Meiko41</tr><tr><td align=\"left\"><i class=\"fa fa-circle-o\"></i> <i class=\"fa fa-circle-o\"></i> </td><td align=\"right\"><i class=\"fa fa-circle-o\"></i> <i class=\"fa fa-circle-o\"></i> </tr></table>\n|uhtml|bestof|<h2><strong>Game 1</strong> of <a href=\"/game-bestof3-gen9championsvgc2026regmbbo3-2673685225\">a best-of-3</a></h2>\n|t:|1788232943\n|gametype|doubles\n|player|p1|nessso|101|1075\n|player|p2|Meiko41|102|1135\n|gen|9\n|tier|[Gen 9 Champions] VGC 2026 Reg M-B (Bo3)\n|rated|\n|rule|Species Clause: Limit one of each Pokémon\n|rule|Item Clause: Limit 1 of each item\n|clearpoke\n|poke|p1|Raichu, L50, F|\n|poke|p1|Primarina, L50, M|\n|poke|p1|Kingambit, L50, M|\n|poke|p1|Sinistcha-Masterpiece, L50|\n|poke|p1|Pelipper, L50, F|\n|poke|p1|Blaziken, L50, F|\n|poke|p2|Kingambit, L50, M|\n|poke|p2|Charizard, L50, F|\n|poke|p2|Aerodactyl, L50, M|\n|poke|p2|Farigiraf, L50, F|\n|poke|p2|Garchomp, L50, F|\n|poke|p2|Sylveon, L50, F|\n|teampreview|4\n|showteam|p1|Raichu||RaichuniteY|LightningRod|FakeOut,ZapCannon,VoltSwitch,FocusBlast|Timid||F|||50|]Primarina||Leftovers|LiquidVoice|HyperVoice,Moonblast,CalmMind,Protect|Modest||M|||50|]Kingambit||LifeOrb|Defiant|SuckerPunch,KowtowCleave,IronHead,Protect|Brave||M|||50|]Sinistcha-Masterpiece||SitrusBerry|Hospitality|RagePowder,MatchaGotcha,TrickRoom,LifeDew|Calm|||||50|]Pelipper||MentalHerb|Drizzle|WideGuard,WeatherBall,Hurricane,Protect|Modest||F|||50|]Blaziken||Blazikenite|SpeedBoost|SwordsDance,CloseCombat,FlareBlitz,Protect|Adamant||F|||50|\n|showteam|p2|Kingambit||FocusSash|Defiant|KowtowCleave,IronHead,SuckerPunch,LowKick|Adamant||M|||50|]Charizard||CharizarditeY|Blaze|HeatWave,SolarBeam,WeatherBall,Protect|Modest||F|||50|]Aerodactyl||Aerodactylite|Unnerve|RockSlide,DualWingbeat,IceFang,Tailwind|Jolly||M|||50|]Farigiraf||SitrusBerry|ArmorTail|Psychic,Thunderbolt,TrickRoom,Protect|Bold||F|||50|]Garchomp||LifeOrb|RoughSkin|Earthquake,DragonClaw,StompingTantrum,Protect|Jolly||F|||50|]Sylveon||FairyFeather|Pixilate|HyperVoice,HyperBeam,QuickAttack,Protect|Modest||F|||50|\n|inactive|Battle timer is ON: inactive players will automatically lose when time's up. (requested by nessso)\n|inactive|Meiko41 has 60 seconds left.\n|\n|t:|1788232992\n|teamsize|p1|4\n|teamsize|p2|4\n|start\n|switch|p1a: Primarina|Primarina, L50, M|100/100\n|switch|p1b: Raichu|Raichu, L50, F|100/100\n|switch|p2a: Kingambit|Kingambit, L50, M|100/100\n|switch|p2b: Aerodactyl|Aerodactyl, L50, M|100/100\n|-ability|p2b: Aerodactyl|Unnerve\n|turn|1\n|\n|t:|1788233015\n|switch|p2b: Farigiraf|Farigiraf, L50, F|100/100\n|move|p1b: Raichu|Fake Out||[still]\n|cant|p2b: Farigiraf|ability: Armor Tail|Fake Out|[of] p1b: Raichu\n|move|p2a: Kingambit|Kowtow Cleave|p1b: Raichu\n|-damage|p1b: Raichu|3/100\n|move|p1a: Primarina|Hyper Voice|p2a: Kingambit|[spread] p2a,p2b\n|-damage|p2a: Kingambit|57/100\n|-damage|p2b: Farigiraf|68/100\n|\n|upkeep\n|turn|2\n|\n|t:|1788233039\n|detailschange|p1b: Raichu|Raichu-Mega-Y, L50, F\n|-mega|p1b: Raichu|Raichu|Raichunite Y\n|move|p1b: Raichu|Zap Cannon|p2b: Farigiraf\n|-damage|p2b: Farigiraf|7/100\n|-status|p2b: Farigiraf|par\n|-enditem|p2b: Farigiraf|Sitrus Berry|[eat]\n|-heal|p2b: Farigiraf|32/100 par|[from] item: Sitrus Berry\n|move|p2a: Kingambit|Iron Head|p1a: Primarina\n|-damage|p1a: Primarina|51/100\n|move|p1a: Primarina|Hyper Voice|p2b: Farigiraf|[spread] p2a,p2b\n|-crit|p2b: Farigiraf\n|-damage|p2a: Kingambit|11/100\n|-damage|p2b: Farigiraf|0 fnt\n|faint|p2b: Farigiraf\n|\n|-heal|p1a: Primarina|57/100|[from] item: Leftovers\n|upkeep\n|\n|t:|1788233056\n|switch|p2b: Aerodactyl|Aerodactyl, L50, M|100/100\n|-ability|p2b: Aerodactyl|Unnerve\n|turn|3\n|\n|t:|1788233067\n|switch|p1b: Sinistcha|Sinistcha-Masterpiece, L50|100/100\n|-heal|p1a: Primarina|82/100|[from] ability: Hospitality|[of] p1b: Sinistcha\n|detailschange|p2b: Aerodactyl|Aerodactyl-Mega, L50, M\n|-mega|p2b: Aerodactyl|Aerodactyl|Aerodactylite\n|move|p2a: Kingambit|Sucker Punch||[still]\n|-fail|p2a: Kingambit\n|move|p2b: Aerodactyl|Dual Wingbeat|p1a: Primarina\n|-damage|p1a: Primarina|57/100\n|-damage|p1a: Primarina|30/100\n|-hitcount|p1a: Primarina|2\n|move|p1a: Primarina|Hyper Voice|p2a: Kingambit|[spread] p2a,p2b\n|-supereffective|p2b: Aerodactyl|1\n|-damage|p2a: Kingambit|0 fnt\n|-damage|p2b: Aerodactyl|22/100\n|faint|p2a: Kingambit\n|\n|-heal|p1a: Primarina|36/100|[from] item: Leftovers\n|upkeep\n|\n|t:|1788233082\n|switch|p2a: Garchomp|Garchomp, L50, F|100/100\n|turn|4\n|\n|t:|1788233093\n|move|p1a: Primarina|Protect|p1a: Primarina\n|-singleturn|p1a: Primarina|Protect\n|move|p2b: Aerodactyl|Dual Wingbeat|p1b: Sinistcha\n|-supereffective|p1b: Sinistcha|1\n|-damage|p1b: Sinistcha|54/100\n|-supereffective|p1b: Sinistcha|1\n|-damage|p1b: Sinistcha|5/100\n|-enditem|p1b: Sinistcha|Sitrus Berry|[eat]\n|-heal|p1b: Sinistcha|30/100|[from] item: Sitrus Berry\n|-hitcount|p1b: Sinistcha|2\n|move|p2a: Garchomp|Earthquake|p1a: Primarina|[spread] p1b\n|-activate|p1a: Primarina|move: Protect\n|-immune|p2b: Aerodactyl\n|-resisted|p1b: Sinistcha|1\n|-damage|p1b: Sinistcha|6/100\n|-damage|p2a: Garchomp|90/100|[from] item: Life Orb\n|move|p1b: Sinistcha|Matcha Gotcha|p2a: Garchomp|[spread] p2a,p2b\n|-damage|p2a: Garchomp|65/100\n|-heal|p1b: Sinistcha|22/100|[from] drain|[of] p2a: Garchomp\n|-damage|p2b: Aerodactyl|0 fnt\n|-heal|p1b: Sinistcha|36/100|[from] drain|[of] p2b: Aerodactyl\n|faint|p2b: Aerodactyl\n|\n|-heal|p1a: Primarina|43/100|[from] item: Leftovers\n|upkeep\n|turn|5\n|inactive|Meiko41 has 30 seconds left.\n|\n|t:|1788233122\n|switch|p1a: Pelipper|Pelipper, L50, F|100/100\n|-weather|RainDance|[from] ability: Drizzle|[of] p1a: Pelipper\n|move|p2a: Garchomp|Earthquake|p1b: Sinistcha|[spread] p1b\n|-immune|p1a: Pelipper\n|-resisted|p1b: Sinistcha|1\n|-crit|p1b: Sinistcha\n|-damage|p1b: Sinistcha|1/100\n|-damage|p2a: Garchomp|55/100|[from] item: Life Orb\n|move|p1b: Sinistcha|Matcha Gotcha|p2a: Garchomp\n|-crit|p2a: Garchomp\n|-damage|p2a: Garchomp|3/100\n|-heal|p1b: Sinistcha|33/100|[from] drain|[of] p2a: Garchomp\n|\n|-weather|RainDance|[upkeep]\n|upkeep\n|turn|6\n|\n|t:|1788233140\n|move|p2a: Garchomp|Dragon Claw|p1a: Pelipper\n|-damage|p1a: Pelipper|29/100\n|-damage|p2a: Garchomp|0 fnt|[from] item: Life Orb\n|faint|p2a: Garchomp\n|\n|win|nessso\n|l|☆nessso\n|player|p1|\n||nessso is ready for game 2.\n||Meiko41 is ready for game 2.\n|uhtml|next|Next: <a href=\"/battle-gen9championsvgc2026regmbbo3-2673686362\"><strong>Game 2 of 3</strong></a>\n","uploadtime":1788233503,"views":"1","formatid":"gen9championsvgc2026regmbbo3","rating":null,"private":0,"password":null}