{"id":"gen9championsvgc2026regmbbo3-2673718319","format":"[Gen 9 Champions] VGC 2026 Reg M-B (Bo3)","players":["yazz96","w0rms4f1ng3rs"],"log":"|j|‽yazz96\n|j|☆w0rms4f1ng3rs\n|html|<table width=\"100%\"><tr><td align=\"left\">yazz96</td><td align=\"right\">w0rms4f1ng3rs</tr><tr><td align=\"left\"><i class=\"fa fa-circle\"></i> <i class=\"fa fa-circle-o\"></i> </td><td align=\"right\"><i class=\"fa fa-circle-o\"></i> <i class=\"fa fa-circle-o\"></i> </tr></table>\n|uhtml|bestof|<h2><strong>Game 2</strong> of <a href=\"/game-bestof3-gen9championsvgc2026regmbbo3-2673717395\">a best-of-3</a></h2>\n|t:|1788239761\n|gametype|doubles\n|player|p1|yazz96|266|1200\n|player|p2|w0rms4f1ng3rs|zinzolin|1185\n|gen|9\n|tier|[Gen 9 Champions] VGC 2026 Reg M-B (Bo3)\n|rated|\n|rule|Species Clause: Limit one of each Pokémon\n|rule|Item Clause: Limit 1 of each item\n|clearpoke\n|poke|p1|Gholdengo, L50|\n|poke|p1|Sinistcha, L50|\n|poke|p1|Mamoswine, L50, M|\n|poke|p1|Scovillain, L50, F|\n|poke|p1|Tyranitar, L50, M|\n|poke|p1|Talonflame, L50, F|\n|poke|p2|Charizard, L50, M, shiny|\n|poke|p2|Whimsicott, L50, M|\n|poke|p2|Kingambit, L50, M|\n|poke|p2|Basculegion, L50, M|\n|poke|p2|Garchomp, L50, M|\n|poke|p2|Floette-Eternal, L50, F|\n|teampreview|4\n|showteam|p1|Gholdengo||LifeOrb|GoodasGold|ShadowBall,NastyPlot,Protect,MakeItRain|Timid|||||50|]Sinistcha||ColburBerry|Hospitality|ShadowBall,MatchaGotcha,Protect,RagePowder|Modest|||||50|]Mamoswine||FocusSash|Oblivious|HighHorsepower,IcicleCrash,Protect,Superpower|Adamant||M|||50|]Scovillain||Scovillainite|Moody|GigaDrain,RagePowder,Protect,FireBlast|Bold||F|||50|]Tyranitar||Tyranitarite|SandStream|RockSlide,KnockOff,DragonDance,Protect|Jolly||M|||50|]Talonflame||SharpBeak|GaleWings|Tailwind,FlareBlitz,Protect,BraveBird|Jolly||F|||50|\n|showteam|p2|Charizard||CharizarditeY|Blaze|HeatWave,WeatherBall,SolarBeam,Protect|Modest||M|||50|]Whimsicott||FocusSash|Prankster|Moonblast,Encore,Tailwind,Protect|Timid||M|||50|]Kingambit||OccaBerry|Defiant|KowtowCleave,SuckerPunch,IronHead,LowKick|Adamant||M|||50|]Basculegion||MysticWater|Adaptability|WaveCrash,LastRespects,AquaJet,Protect|Adamant||M|||50|]Garchomp||LifeOrb|RoughSkin|Earthquake,DragonClaw,RockSlide,Protect|Jolly||M|||50|]Floette-Eternal||Floettite|FlowerVeil|Moonblast,DazzlingGleam,LightofRuin,Protect|Timid||F|||50|\n|inactive|Battle timer is ON: inactive players will automatically lose when time's up. (requested by yazz96)\n|\n|t:|1788239791\n|teamsize|p1|4\n|teamsize|p2|4\n|start\n|switch|p1a: Mamoswine|Mamoswine, L50, M|100/100\n|switch|p1b: Talonflame|Talonflame, L50, F|100/100\n|switch|p2a: Whimsicott|Whimsicott, L50, M|100/100\n|switch|p2b: Basculegion|Basculegion, L50, M|100/100\n|turn|1\n|inactive|yazz96 has 30 seconds left.\n|\n|t:|1788239820\n|move|p1b: Talonflame|Brave Bird|p2a: Whimsicott\n|-supereffective|p2a: Whimsicott|1\n|-enditem|p2a: Whimsicott|Focus Sash\n|-damage|p2a: Whimsicott|1/100\n|-damage|p1b: Talonflame|71/100|[from] Recoil\n|move|p2a: Whimsicott|Tailwind|p2a: Whimsicott\n|-sidestart|p2: w0rms4f1ng3rs|move: Tailwind\n|move|p2b: Basculegion|Aqua Jet|p1b: Talonflame\n|-supereffective|p1b: Talonflame|1\n|-damage|p1b: Talonflame|0 fnt\n|faint|p1b: Talonflame\n|move|p1a: Mamoswine|Icicle Crash|p2a: Whimsicott|[miss]\n|-miss|p1a: Mamoswine|p2a: Whimsicott\n|\n|upkeep\n|\n|t:|1788239828\n|switch|p1b: Tyranitar|Tyranitar, L50, M|100/100\n|-weather|Sandstorm|[from] ability: Sand Stream|[of] p1b: Tyranitar\n|turn|2\n|\n|t:|1788239850\n|move|p1a: Mamoswine|Protect|p1a: Mamoswine\n|-singleturn|p1a: Mamoswine|Protect\n|move|p1b: Tyranitar|Protect|p1b: Tyranitar\n|-singleturn|p1b: Tyranitar|Protect\n|move|p2a: Whimsicott|Moonblast|p1a: Mamoswine\n|-activate|p1a: Mamoswine|move: Protect\n|move|p2b: Basculegion|Wave Crash|p1b: Tyranitar\n|-activate|p1b: Tyranitar|move: Protect\n|\n|-weather|Sandstorm|[upkeep]\n|-damage|p2a: Whimsicott|0 fnt|[from] Sandstorm\n|-damage|p2b: Basculegion|93/100|[from] Sandstorm\n|faint|p2a: Whimsicott\n|upkeep\n|\n|t:|1788239862\n|switch|p2a: Garchomp|Garchomp, L50, M|100/100\n|turn|3\n|\n|t:|1788239878\n|switch|p1b: Gholdengo|Gholdengo, L50|100/100\n|move|p2a: Garchomp|Protect|p2a: Garchomp\n|-singleturn|p2a: Garchomp|Protect\n|move|p2b: Basculegion|Wave Crash|p1b: Gholdengo\n|-damage|p1b: Gholdengo|0 fnt\n|faint|p1b: Gholdengo\n|-damage|p2b: Basculegion|66/100|[from] Recoil\n|move|p1a: Mamoswine|Icicle Crash|p2a: Garchomp\n|-activate|p2a: Garchomp|move: Protect\n|\n|-weather|Sandstorm|[upkeep]\n|-damage|p2b: Basculegion|60/100|[from] Sandstorm\n|upkeep\n|\n|t:|1788239886\n|switch|p1b: Tyranitar|Tyranitar, L50, M|100/100\n|turn|4\n|\n|t:|1788239894\n|detailschange|p1b: Tyranitar|Tyranitar-Mega, L50, M\n|-mega|p1b: Tyranitar|Tyranitar|Tyranitarite\n|move|p2a: Garchomp|Earthquake|p1b: Tyranitar|[spread] p2b,p1a,p1b\n|-crit|p2b: Basculegion\n|-supereffective|p1b: Tyranitar|1\n|-damage|p2b: Basculegion|0 fnt\n|-damage|p1a: Mamoswine|41/100\n|-damage|p1b: Tyranitar|35/100\n|faint|p2b: Basculegion\n|-damage|p2a: Garchomp|90/100|[from] item: Life Orb\n|move|p1a: Mamoswine|Icicle Crash|p2a: Garchomp\n|-supereffective|p2a: Garchomp|2\n|-damage|p2a: Garchomp|0 fnt\n|faint|p2a: Garchomp\n|move|p1b: Tyranitar|Dragon Dance|p1b: Tyranitar\n|-boost|p1b: Tyranitar|atk|1\n|-boost|p1b: Tyranitar|spe|1\n|\n|-weather|Sandstorm|[upkeep]\n|-sideend|p2: w0rms4f1ng3rs|move: Tailwind\n|upkeep\n|\n|t:|1788239902\n|switch|p2b: Charizard|Charizard, L50, M, shiny|100/100\n|turn|5\n|\n|t:|1788239909\n|detailschange|p2b: Charizard|Charizard-Mega-Y, L50, M, shiny\n|-mega|p2b: Charizard|Charizard|Charizardite Y\n|-weather|SunnyDay|[from] ability: Drought|[of] p2b: Charizard\n|move|p1b: Tyranitar|Rock Slide|p2b: Charizard\n|-supereffective|p2b: Charizard|2\n|-damage|p2b: Charizard|0 fnt\n|faint|p2b: Charizard\n|\n|win|yazz96\n|raw|yazz96's rating: 1200 &rarr; <strong>1224</strong><br />(+24 for winning)\n|raw|w0rms4f1ng3rs's rating: 1185 &rarr; <strong>1161</strong><br />(-24 for losing)\n","uploadtime":1788239909,"views":"1","formatid":"gen9championsvgc2026regmbbo3","rating":1161,"private":0,"password":null}