{"id":"gen9championsvgc2026regmbbo3-2674119899","format":"[Gen 9 Champions] VGC 2026 Reg M-B (Bo3)","players":["ConnorBarritos213","ilykuronaa"],"log":"|j|☆ConnorBarritos213\n|j|☆ilykuronaa\n|html|<table width=\"100%\"><tr><td align=\"left\">ConnorBarritos213</td><td align=\"right\">ilykuronaa</tr><tr><td align=\"left\"><i class=\"fa fa-circle-o\"></i> <i class=\"fa fa-circle-o\"></i> </td><td align=\"right\"><i class=\"fa fa-circle-o\"></i> <i class=\"fa fa-circle-o\"></i> </tr></table>\n|uhtml|bestof|<h2><strong>Game 1</strong> of <a href=\"/game-bestof3-gen9championsvgc2026regmbbo3-2674119898\">a best-of-3</a></h2>\n|t:|1788302000\n|gametype|doubles\n|player|p1|ConnorBarritos213|morty|1229\n|player|p2|ilykuronaa|169|1224\n|gen|9\n|tier|[Gen 9 Champions] VGC 2026 Reg M-B (Bo3)\n|rated|\n|rule|Species Clause: Limit one of each Pokémon\n|rule|Item Clause: Limit 1 of each item\n|clearpoke\n|poke|p1|Venusaur, L50, M|\n|poke|p1|Charizard, L50, M|\n|poke|p1|Grimmsnarl, L50, M|\n|poke|p1|Archaludon, L50, F|\n|poke|p1|Swampert, L50, F|\n|poke|p1|Pelipper, L50, F|\n|poke|p2|Floette-Eternal, L50, F|\n|poke|p2|Basculegion, L50, M|\n|poke|p2|Kingambit, L50, M|\n|poke|p2|Dragonite, L50, M|\n|poke|p2|Garchomp, L50, F|\n|poke|p2|Sneasler, L50, F|\n|teampreview|4\n|showteam|p1|Venusaur||FocusSash|Chlorophyll|SludgeBomb,LeafStorm,SleepPowder,Protect|Modest||M|||50|]Charizard||CharizarditeY|Blaze|Protect,HeatWave,AncientPower,WeatherBall|Modest||M|||50|]Grimmsnarl||LightClay|Prankster|SpiritBreak,LightScreen,Reflect,PartingShot|Sassy||M|||50|]Archaludon||Leftovers|Stamina|ElectroShot,DragonPulse,FlashCannon,Protect|Calm||F|||50|]Swampert||Swampertite|Torrent|WaveCrash,IcePunch,Earthquake,Protect|Adamant||F|||50|]Pelipper||SitrusBerry|Drizzle|Hurricane,WeatherBall,Tailwind,WideGuard|Modest||F|||50|\n|showteam|p2|Floette-Eternal||Floettite|FlowerVeil|Moonblast,DazzlingGleam,LightofRuin,Protect|Timid||F|||50|]Basculegion||LifeOrb|Adaptability|WaveCrash,LastRespects,AquaJet,Protect|Adamant||M|||50|]Kingambit||ChopleBerry|Defiant|SuckerPunch,KowtowCleave,LowKick,IronHead|Adamant||M|||50|]Dragonite||Dragoninite|Multiscale|DragonPulse,HeatWave,ExtremeSpeed,Protect|Modest||M|||50|]Garchomp||ChoiceScarf|RoughSkin|DragonClaw,StompingTantrum,Earthquake,RockSlide|Jolly||F|||50|]Sneasler||FocusSash|Unburden|CloseCombat,DireClaw,FakeOut,Feint|Adamant||F|||50|\n|\n|t:|1788302045\n|teamsize|p1|4\n|teamsize|p2|4\n|start\n|switch|p1a: Grimmsnarl|Grimmsnarl, L50, M|100/100\n|switch|p1b: Archaludon|Archaludon, L50, F|100/100\n|switch|p2a: Sneasler|Sneasler, L50, F|100/100\n|switch|p2b: Floette|Floette-Eternal, L50, F|100/100\n|turn|1\n|\n|t:|1788302071\n|detailschange|p2b: Floette|Floette-Mega, L50, F\n|-mega|p2b: Floette|Floette|Floettite\n|-ability|p2b: Floette|Fairy Aura\n|move|p2a: Sneasler|Fake Out|p1b: Archaludon\n|-resisted|p1b: Archaludon|1\n|-damage|p1b: Archaludon|94/100\n|-ability|p1b: Archaludon|Stamina|boost\n|-boost|p1b: Archaludon|def|1\n|move|p1a: Grimmsnarl|Light Screen|p1a: Grimmsnarl\n|-sidestart|p1: ConnorBarritos213|move: Light Screen\n|move|p2b: Floette|Moonblast|p1a: Grimmsnarl\n|-supereffective|p1a: Grimmsnarl|1\n|-damage|p1a: Grimmsnarl|8/100\n|cant|p1b: Archaludon|flinch\n|\n|-heal|p1b: Archaludon|100/100|[from] item: Leftovers\n|upkeep\n|turn|2\n|\n|t:|1788302099\n|move|p2b: Floette|Protect|p2b: Floette\n|-singleturn|p2b: Floette|Protect\n|move|p1a: Grimmsnarl|Reflect|p1a: Grimmsnarl\n|-sidestart|p1: ConnorBarritos213|Reflect\n|move|p2a: Sneasler|Close Combat|p1b: Archaludon\n|-supereffective|p1b: Archaludon|1\n|-damage|p1b: Archaludon|57/100\n|-unboost|p2a: Sneasler|def|1\n|-unboost|p2a: Sneasler|spd|1\n|-ability|p1b: Archaludon|Stamina|boost\n|-boost|p1b: Archaludon|def|1\n|move|p1b: Archaludon|Flash Cannon|p2b: Floette\n|-activate|p2b: Floette|move: Protect\n|\n|-heal|p1b: Archaludon|63/100|[from] item: Leftovers\n|upkeep\n|turn|3\n|\n|t:|1788302127\n|move|p1a: Grimmsnarl|Parting Shot|p2b: Floette\n|-unboost|p2b: Floette|atk|1\n|-unboost|p2b: Floette|spa|1\n|\n|t:|1788302130\n|switch|p1a: Pelipper|Pelipper, L50, F|100/100|[from] Parting Shot\n|-weather|RainDance|[from] ability: Drizzle|[of] p1a: Pelipper\n|move|p2a: Sneasler|Close Combat|p1b: Archaludon\n|-supereffective|p1b: Archaludon|1\n|-damage|p1b: Archaludon|28/100\n|-unboost|p2a: Sneasler|def|1\n|-unboost|p2a: Sneasler|spd|1\n|-ability|p1b: Archaludon|Stamina|boost\n|-boost|p1b: Archaludon|def|1\n|move|p2b: Floette|Moonblast|p1b: Archaludon\n|-damage|p1b: Archaludon|0 fnt\n|faint|p1b: Archaludon\n|\n|-weather|RainDance|[upkeep]\n|upkeep\n|\n|t:|1788302144\n|switch|p1b: Swampert|Swampert, L50, F|100/100\n|turn|4\n|\n|t:|1788302182\n|switch|p2b: Kingambit|Kingambit, L50, M|100/100\n|detailschange|p1b: Swampert|Swampert-Mega, L50, F\n|-mega|p1b: Swampert|Swampert|Swampertite\n|move|p1b: Swampert|Earthquake|p2a: Sneasler|[spread] p2a,p2b\n|-immune|p1a: Pelipper\n|-supereffective|p2a: Sneasler|1\n|-supereffective|p2b: Kingambit|1\n|-enditem|p2a: Sneasler|Focus Sash\n|-damage|p2a: Sneasler|1/100\n|-damage|p2b: Kingambit|24/100\n|move|p2a: Sneasler|Dire Claw|p1a: Pelipper\n|-damage|p1a: Pelipper|68/100\n|move|p1a: Pelipper|Hurricane|p2b: Kingambit\n|-resisted|p2b: Kingambit|1\n|-damage|p2b: Kingambit|1/100\n|\n|-weather|RainDance|[upkeep]\n|upkeep\n|turn|5\n|\n|t:|1788302210\n|move|p1b: Swampert|Protect|p1b: Swampert\n|-singleturn|p1b: Swampert|Protect\n|move|p2b: Kingambit|Sucker Punch||[still]\n|-fail|p2b: Kingambit\n|move|p2a: Sneasler|Close Combat|p1b: Swampert\n|-activate|p1b: Swampert|move: Protect\n|move|p1a: Pelipper|Hurricane|p2a: Sneasler\n|-supereffective|p2a: Sneasler|1\n|-damage|p2a: Sneasler|0 fnt\n|faint|p2a: Sneasler\n|\n|-weather|RainDance|[upkeep]\n|upkeep\n|\n|t:|1788302215\n|switch|p2a: Floette|Floette-Mega, L50, F|100/100\n|-ability|p2a: Floette|Fairy Aura\n|turn|6\n|\n|t:|1788302237\n|move|p2b: Kingambit|Sucker Punch|p1b: Swampert\n|-damage|p1b: Swampert|72/100\n|move|p1b: Swampert|Wave Crash|p2a: Floette\n|-damage|p2a: Floette|0 fnt\n|faint|p2a: Floette\n|-damage|p1b: Swampert|44/100|[from] Recoil\n|move|p1a: Pelipper|Tailwind|p1a: Pelipper\n|-sidestart|p1: ConnorBarritos213|move: Tailwind\n|\n|-weather|RainDance|[upkeep]\n|upkeep\n|\n|t:|1788302242\n|switch|p2a: Garchomp|Garchomp, L50, F|100/100\n|turn|7\n|\n|t:|1788302282\n|switch|p1a: Grimmsnarl|Grimmsnarl, L50, M|8/100\n|move|p2b: Kingambit|Sucker Punch||[still]\n|-fail|p2b: Kingambit\n|move|p1b: Swampert|Ice Punch|p2a: Garchomp\n|-supereffective|p2a: Garchomp|2\n|-damage|p2a: Garchomp|0 fnt\n|-damage|p1b: Swampert|31/100|[from] ability: Rough Skin|[of] p2a: Garchomp\n|faint|p2a: Garchomp\n|\n|-weather|none\n|upkeep\n|turn|8\n|\n|t:|1788302298\n|move|p2b: Kingambit|Sucker Punch|p1b: Swampert\n|-damage|p1b: Swampert|5/100\n|move|p1b: Swampert|Wave Crash|p2b: Kingambit\n|-damage|p2b: Kingambit|0 fnt\n|faint|p2b: Kingambit\n|-damage|p1b: Swampert|4/100|[from] Recoil\n|\n|win|ConnorBarritos213\n","uploadtime":1788302298,"views":"4","formatid":"gen9championsvgc2026regmbbo3","rating":null,"private":0,"password":null}