{"id":"gen9championsvgc2026regmbbo3-2674196295","format":"[Gen 9 Champions] VGC 2026 Reg M-B (Bo3)","players":["smalltownkirlia","CulantroVGC"],"log":"|j|☆smalltownkirlia\n|j|☆CulantroVGC\n|html|<table width=\"100%\"><tr><td align=\"left\">smalltownkirlia</td><td align=\"right\">CulantroVGC</tr><tr><td align=\"left\"><i class=\"fa fa-circle\"></i> <i class=\"fa fa-circle-o\"></i> </td><td align=\"right\"><i class=\"fa fa-circle-o\"></i> <i class=\"fa fa-circle\"></i> </tr></table>\n|uhtml|bestof|<h2><strong>Game 3</strong> of <a href=\"/game-bestof3-gen9championsvgc2026regmbbo3-2674193500\">a best-of-3</a></h2>\n|t:|1788313765\n|gametype|doubles\n|player|p1|smalltownkirlia|whitney|1160\n|player|p2|CulantroVGC|170|1300\n|gen|9\n|tier|[Gen 9 Champions] VGC 2026 Reg M-B (Bo3)\n|rated|\n|rule|Species Clause: Limit one of each Pokémon\n|rule|Item Clause: Limit 1 of each item\n|clearpoke\n|poke|p1|Floette-Eternal, L50, F|\n|poke|p1|Whimsicott, L50, M|\n|poke|p1|Basculegion, L50, M|\n|poke|p1|Garchomp, L50, M|\n|poke|p1|Charizard, L50, F|\n|poke|p1|Kingambit, L50, M|\n|poke|p2|Farigiraf, L50, F|\n|poke|p2|Kangaskhan, L50, F|\n|poke|p2|Aerodactyl, L50, M|\n|poke|p2|Sylveon, L50, M, shiny|\n|poke|p2|Camerupt, L50, F, shiny|\n|poke|p2|Gallade, L50, M|\n|teampreview|4\n|showteam|p1|Floette-Eternal||Floettite|FlowerVeil|Protect,LightofRuin,DazzlingGleam,Moonblast|Timid||F|||50|]Whimsicott||FocusSash|Prankster|Protect,Tailwind,Encore,Moonblast|Timid||M|||50|]Basculegion||MysticWater|Adaptability|Protect,WaveCrash,LastRespects,AquaJet|Adamant||M|||50|]Garchomp||LifeOrb|RoughSkin|Protect,RockSlide,Earthquake,DragonClaw|Jolly||M|||50|]Charizard||CharizarditeY|Blaze|Protect,HeatWave,WeatherBall,SolarBeam|Modest||F|||50|]Kingambit||ChopleBerry|Defiant|LowKick,SuckerPunch,KowtowCleave,IronHead|Adamant||M|||50|\n|showteam|p2|Farigiraf||SitrusBerry|ArmorTail|Psychic,HelpingHand,TrickRoom,Thunderbolt|Bold||F|||50|]Kangaskhan||LifeOrb|Scrappy|FakeOut,IcePunch,DoubleEdge,HammerArm|Adamant||F|||50|]Aerodactyl||Aerodactylite|Unnerve|RockSlide,IceFang,DualWingbeat,Tailwind|Adamant||M|||50|]Sylveon||FairyFeather|Pixilate|HyperVoice,HyperBeam,QuickAttack,Protect|Modest||M|||50|]Camerupt||Cameruptite|SolidRock|HeatWave,EarthPower,AncientPower,Protect|Brave||F|||50|]Gallade||FocusSash|Sharpness|SacredSword,LeafBlade,TrickRoom,Protect|Adamant||M|||50|\n|inactive|Battle timer is ON: inactive players will automatically lose when time's up. (requested by CulantroVGC)\n|inactive|smalltownkirlia has 60 seconds left.\n|inactive|smalltownkirlia has 30 seconds left.\n|\n|t:|1788313859\n|teamsize|p1|4\n|teamsize|p2|4\n|start\n|switch|p1a: Kingambit|Kingambit, L50, M|100/100\n|switch|p1b: Whimsicott|Whimsicott, L50, M|100/100\n|switch|p2a: Kangaskhan|Kangaskhan, L50, F|100/100\n|switch|p2b: Farigiraf|Farigiraf, L50, F|100/100\n|turn|1\n|inactive|smalltownkirlia has 30 seconds left.\n|\n|t:|1788313886\n|switch|p1b: Basculegion|Basculegion, L50, M|100/100\n|move|p2b: Farigiraf|Helping Hand|p2a: Kangaskhan\n|-singleturn|p2a: Kangaskhan|Helping Hand|[of] p2b: Farigiraf\n|move|p2a: Kangaskhan|Hammer Arm|p1a: Kingambit\n|-supereffective|p1a: Kingambit|2\n|-enditem|p1a: Kingambit|Chople Berry|[eat]\n|-enditem|p1a: Kingambit|Chople Berry|[weaken]\n|-damage|p1a: Kingambit|8/100\n|-unboost|p2a: Kangaskhan|spe|1\n|-damage|p2a: Kangaskhan|90/100|[from] item: Life Orb\n|move|p1a: Kingambit|Low Kick|p2a: Kangaskhan\n|-supereffective|p2a: Kangaskhan|1\n|-crit|p2a: Kangaskhan\n|-damage|p2a: Kangaskhan|0 fnt\n|faint|p2a: Kangaskhan\n|\n|upkeep\n|inactive|CulantroVGC has 30 seconds left.\n|\n|t:|1788313914\n|switch|p2a: Sylveon|Sylveon, L50, M, shiny|100/100\n|turn|2\n|inactive|smalltownkirlia has 30 seconds left.\n|inactive|CulantroVGC has 30 seconds left.\n|inactive|CulantroVGC has 20 seconds left.\n|\n|t:|1788313950\n|switch|p1a: Whimsicott|Whimsicott, L50, M|100/100\n|move|p1b: Basculegion|Wave Crash|p2a: Sylveon\n|-crit|p2a: Sylveon\n|-damage|p2a: Sylveon|0 fnt\n|faint|p2a: Sylveon\n|-damage|p1b: Basculegion|67/100|[from] Recoil\n|move|p2b: Farigiraf|Trick Room|p2b: Farigiraf\n|-fieldstart|move: Trick Room|[of] p2b: Farigiraf\n|\n|upkeep\n|c|☆CulantroVGC|Wao\n|\n|t:|1788313974\n|switch|p2a: Camerupt|Camerupt, L50, F, shiny|100/100\n|turn|3\n|inactive|smalltownkirlia has 30 seconds left.\n|inactive|smalltownkirlia has 20 seconds left.\n|inactive|smalltownkirlia has 15 seconds left.\n|inactive|smalltownkirlia has 10 seconds left.\n|\n|t:|1788314023\n|detailschange|p2a: Camerupt|Camerupt-Mega, L50, F, shiny\n|-mega|p2a: Camerupt|Camerupt|Cameruptite\n|move|p1a: Whimsicott|Protect|p1a: Whimsicott\n|-singleturn|p1a: Whimsicott|Protect\n|move|p1b: Basculegion|Protect|p1b: Basculegion\n|-singleturn|p1b: Basculegion|Protect\n|move|p2a: Camerupt|Heat Wave|p1a: Whimsicott|[spread] \n|-activate|p1a: Whimsicott|move: Protect\n|-activate|p1b: Basculegion|move: Protect\n|move|p2b: Farigiraf|Thunderbolt|p1a: Whimsicott\n|-activate|p1a: Whimsicott|move: Protect\n|\n|upkeep\n|turn|4\n|\n|t:|1788314040\n|move|p2a: Camerupt|Heat Wave|p1b: Basculegion|[spread] p1a,p1b\n|-supereffective|p1a: Whimsicott|1\n|-resisted|p1b: Basculegion|1\n|-enditem|p1a: Whimsicott|Focus Sash\n|-damage|p1a: Whimsicott|1/100\n|-damage|p1b: Basculegion|38/100\n|move|p2b: Farigiraf|Thunderbolt|p1b: Basculegion\n|-supereffective|p1b: Basculegion|1\n|-crit|p1b: Basculegion\n|-damage|p1b: Basculegion|0 fnt\n|faint|p1b: Basculegion\n|move|p1a: Whimsicott|Moonblast|p2b: Farigiraf\n|-crit|p2b: Farigiraf\n|-damage|p2b: Farigiraf|50/100g\n|\n|upkeep\n|\n|t:|1788314057\n|switch|p1b: Floette|Floette-Eternal, L50, F|100/100\n|turn|5\n|\n|t:|1788314080\n|move|p1a: Whimsicott|Protect|p1a: Whimsicott\n|-singleturn|p1a: Whimsicott|Protect\n|move|p1b: Floette|Protect|p1b: Floette\n|-singleturn|p1b: Floette|Protect\n|move|p2a: Camerupt|Earth Power|p1b: Floette\n|-activate|p1b: Floette|move: Protect\n|move|p2b: Farigiraf|Thunderbolt|p1a: Whimsicott\n|-activate|p1a: Whimsicott|move: Protect\n|\n|upkeep\n|turn|6\n|\n|t:|1788314096\n|detailschange|p1b: Floette|Floette-Mega, L50, F\n|-mega|p1b: Floette|Floette|Floettite\n|-ability|p1b: Floette|Fairy Aura\n|move|p2a: Camerupt|Heat Wave|p1a: Whimsicott|[spread] p1a\n|-miss|p2a: Camerupt|p1b: Floette\n|-supereffective|p1a: Whimsicott|1\n|-damage|p1a: Whimsicott|0 fnt\n|faint|p1a: Whimsicott\n|move|p2b: Farigiraf|Psychic|p1b: Floette\n|-damage|p1b: Floette|73/100\n|-unboost|p1b: Floette|spd|1\n|move|p1b: Floette|Dazzling Gleam|p2b: Farigiraf|[spread] p2a,p2b\n|-resisted|p2a: Camerupt|1\n|-damage|p2a: Camerupt|77/100\n|-damage|p2b: Farigiraf|8/100\n|-enditem|p2b: Farigiraf|Sitrus Berry|[eat]\n|-heal|p2b: Farigiraf|33/100|[from] item: Sitrus Berry\n|\n|-fieldend|move: Trick Room\n|upkeep\n|\n|t:|1788314110\n|switch|p1a: Kingambit|Kingambit, L50, M|8/100\n|turn|7\n|\n|t:|1788314130\n|move|p1b: Floette|Dazzling Gleam|p2b: Farigiraf|[spread] p2a,p2b\n|-resisted|p2a: Camerupt|1\n|-damage|p2a: Camerupt|54/100\n|-damage|p2b: Farigiraf|0 fnt\n|faint|p2b: Farigiraf\n|move|p1a: Kingambit|Kowtow Cleave|p2a: Camerupt\n|-damage|p2a: Camerupt|5/100\n|move|p2a: Camerupt|Heat Wave|p1a: Kingambit|[spread] p1a,p1b\n|-supereffective|p1a: Kingambit|1\n|-damage|p1a: Kingambit|0 fnt\n|-damage|p1b: Floette|1/100\n|faint|p1a: Kingambit\n|\n|upkeep\n|turn|8\n|inactive|CulantroVGC has 30 seconds left.\n|inactive|CulantroVGC has 20 seconds left.\n|l|☆CulantroVGC\n|inactive|CulantroVGC disconnected and has a minute to reconnect!\n|player|p2|\n|inactive|CulantroVGC has 15 seconds left.\n|inactive|CulantroVGC has 10 seconds left.\n|inactive|CulantroVGC has 5 seconds left.\n|-message|CulantroVGC lost due to inactivity.\n|\n|win|smalltownkirlia\n|raw|smalltownkirlia's rating: 1160 &rarr; <strong>1195</strong><br />(+35 for winning)\n|raw|CulantroVGC's rating: 1300 &rarr; <strong>1265</strong><br />(-35 for losing)\n","uploadtime":1788314195,"views":"3","formatid":"gen9championsvgc2026regmbbo3","rating":1195,"private":0,"password":null}