{"id":"gen9championsvgc2026regmbbo3-2674443657","format":"[Gen 9 Champions] VGC 2026 Reg M-B (Bo3)","players":["Infinity7410","looger02"],"log":"|j|☆Infinity7410\n|j|☆looger02\n|html|<table width=\"100%\"><tr><td align=\"left\">Infinity7410</td><td align=\"right\">looger02</tr><tr><td align=\"left\"><i class=\"fa fa-circle-o\"></i> <i class=\"fa fa-circle-o\"></i> </td><td align=\"right\"><i class=\"fa fa-circle-o\"></i> <i class=\"fa fa-circle-o\"></i> </tr></table>\n|uhtml|bestof|<h2><strong>Game 1</strong> of <a href=\"/game-bestof3-gen9championsvgc2026regmbbo3-2674443656\">a best-of-3</a></h2>\n|t:|1788360477\n|gametype|doubles\n|player|p1|Infinity7410|1|1133\n|player|p2|looger02|gardenia|1071\n|gen|9\n|tier|[Gen 9 Champions] VGC 2026 Reg M-B (Bo3)\n|rated|\n|rule|Species Clause: Limit one of each Pokémon\n|rule|Item Clause: Limit 1 of each item\n|clearpoke\n|poke|p1|Whimsicott, L50, F, shiny|\n|poke|p1|Charizard, L50, F, shiny|\n|poke|p1|Kingambit, L50, F, shiny|\n|poke|p1|Basculegion, L50, M, shiny|\n|poke|p1|Garchomp, L50, M|\n|poke|p1|Floette-Eternal, L50, F|\n|poke|p2|Gyarados, L50, M, shiny|\n|poke|p2|Sinistcha, L50|\n|poke|p2|Weavile, L50, F|\n|poke|p2|Toxapex, L50, M, shiny|\n|poke|p2|Metagross, L50, shiny|\n|poke|p2|Kommo-o, L50, M, shiny|\n|teampreview|4\n|showteam|p1|Whimsicott||FocusSash|Prankster|Encore,Tailwind,Protect,Moonblast|Timid||F|||50|]Charizard||CharizarditeY|Blaze|WeatherBall,Protect,AncientPower,SolarBeam|Timid||F|||50|]Kingambit||OccaBerry|Defiant|SuckerPunch,IronHead,KowtowCleave,LowKick|Adamant||F|||50|]Basculegion||LifeOrb|Adaptability|WaveCrash,AquaJet,Protect,LastRespects|Adamant||M|||50|]Garchomp||SitrusBerry|RoughSkin|Protect,Earthquake,RockSlide,DragonClaw|Jolly||M|||50|]Floette-Eternal||Floettite|FlowerVeil|Protect,CalmMind,DazzlingGleam,LightofRuin|Modest||F|||50|\n|showteam|p2|Gyarados||Gyaradosite|Intimidate|Waterfall,LashOut,DragonDance,Protect|Adamant||M|||50|]Sinistcha||SitrusBerry|Hospitality|MatchaGotcha,RagePowder,StrengthSap,Protect|Calm|||||50|]Weavile||FocusSash|Pickpocket|FakeOut,KnockOff,TripleAxel,Protect|Jolly||F|||50|]Toxapex||Leftovers|Regenerator|Infestation,Toxic,BanefulBunker,WideGuard|Bold||M|||50|]Metagross||Metagrossite|ClearBody|PsychicFangs,BodyPress,BulletPunch,Protect|Jolly|||||50|]Kommo-o||HabanBerry|Bulletproof|AuraSphere,ClangingScales,VacuumWave,Protect|Modest||M|||50|\n|inactive|Battle timer is ON: inactive players will automatically lose when time's up. (requested by looger02)\n|inactive|Infinity7410 has 60 seconds left.\n|inactive|looger02 has 60 seconds left.\n|\n|t:|1788360531\n|teamsize|p1|4\n|teamsize|p2|4\n|start\n|switch|p1a: Charizard|Charizard, L50, F, shiny|100/100\n|switch|p1b: Garchomp|Garchomp, L50, M|100/100\n|switch|p2a: Weavile|Weavile, L50, F|100/100\n|switch|p2b: Toxapex|Toxapex, L50, M, shiny|100/100\n|turn|1\n|inactive|Infinity7410 has 30 seconds left.\n|\n|t:|1788360560\n|move|p2a: Weavile|Protect|p2a: Weavile\n|-singleturn|p2a: Weavile|Protect\n|move|p1b: Garchomp|Protect|p1b: Garchomp\n|-singleturn|p1b: Garchomp|Protect\n|move|p1a: Charizard|Protect|p1a: Charizard\n|-singleturn|p1a: Charizard|Protect\n|move|p2b: Toxapex|Toxic|p1a: Charizard\n|-activate|p1a: Charizard|move: Protect\n|\n|upkeep\n|turn|2\n|inactive|looger02 has 30 seconds left.\n|inactive|Infinity7410 has 30 seconds left.\n|\n|t:|1788360592\n|switch|p1b: Kingambit|Kingambit, L50, F, shiny|100/100\n|detailschange|p1a: Charizard|Charizard-Mega-Y, L50, F, shiny\n|-mega|p1a: Charizard|Charizard|Charizardite Y\n|-weather|SunnyDay|[from] ability: Drought|[of] p1a: Charizard\n|move|p2a: Weavile|Triple Axel|p1b: Kingambit\n|-resisted|p1b: Kingambit|1\n|-damage|p1b: Kingambit|95/100\n|-resisted|p1b: Kingambit|1\n|-damage|p1b: Kingambit|87/100\n|-hitcount|p1b: Kingambit|2\n|move|p1a: Charizard|Weather Ball|p2a: Weavile\n|-supereffective|p2a: Weavile|1\n|-enditem|p2a: Weavile|Focus Sash\n|-damage|p2a: Weavile|1/100\n|move|p2b: Toxapex|Toxic|p1a: Charizard\n|-status|p1a: Charizard|tox\n|\n|-weather|SunnyDay|[upkeep]\n|-damage|p1a: Charizard|93/100 tox|[from] psn\n|upkeep\n|turn|3\n|inactive|Infinity7410 has 30 seconds left.\n|\n|t:|1788360625\n|switch|p2a: Kommo-o|Kommo-o, L50, M, shiny|100/100\n|move|p1a: Charizard|Solar Beam||[still]\n|-prepare|p1a: Charizard|Solar Beam\n|-anim|p1a: Charizard|Solar Beam|p2b: Toxapex\n|-crit|p2b: Toxapex\n|-damage|p2b: Toxapex|49/100\n|move|p1b: Kingambit|Kowtow Cleave|p2a: Kommo-o\n|-resisted|p2a: Kommo-o|1\n|-damage|p2a: Kommo-o|80/100\n|move|p2b: Toxapex|Infestation|p1a: Charizard\n|-resisted|p1a: Charizard|2\n|-damage|p1a: Charizard|93/100 tox\n|-activate|p1a: Charizard|move: Infestation|[of] p2b: Toxapex\n|\n|-weather|SunnyDay|[upkeep]\n|-heal|p2b: Toxapex|55/100|[from] item: Leftovers\n|-damage|p1a: Charizard|81/100 tox|[from] psn\n|-damage|p1a: Charizard|69/100 tox|[from] move: Infestation|[partiallytrapped]\n|upkeep\n|turn|4\n|inactive|Infinity7410 has 30 seconds left.\n|\n|t:|1788360652\n|switch|p1b: Whimsicott|Whimsicott, L50, F, shiny|100/100\n|-heal|p2b: Toxapex|88/100|[from] ability: Regenerator|[silent]\n|switch|p2b: Weavile|Weavile, L50, F|1/100\n|move|p2a: Kommo-o|Protect|p2a: Kommo-o\n|-singleturn|p2a: Kommo-o|Protect\n|move|p1a: Charizard|Weather Ball|p2a: Kommo-o\n|-activate|p2a: Kommo-o|move: Protect\n|\n|-weather|SunnyDay|[upkeep]\n|-damage|p1a: Charizard|50/100g tox|[from] psn\n|-end|p1a: Charizard|Infestation|[partiallytrapped]|[silent]\n|upkeep\n|turn|5\n|inactive|looger02 has 30 seconds left.\n|inactive|looger02 has 20 seconds left.\n|\n|t:|1788360690\n|switch|p2a: Toxapex|Toxapex, L50, M, shiny|88/100\n|move|p1a: Charizard|Protect|p1a: Charizard\n|-singleturn|p1a: Charizard|Protect\n|move|p2b: Weavile|Fake Out|p1b: Whimsicott\n|-damage|p1b: Whimsicott|79/100\n|cant|p1b: Whimsicott|flinch\n|\n|-weather|SunnyDay|[upkeep]\n|-heal|p2a: Toxapex|94/100|[from] item: Leftovers\n|-damage|p1a: Charizard|26/100 tox|[from] psn\n|upkeep\n|turn|6\n|inactive|Infinity7410 has 30 seconds left.\n|\n|t:|1788360720\n|move|p2b: Weavile|Knock Off|p1a: Charizard\n|-damage|p1a: Charizard|0 fnt\n|faint|p1a: Charizard\n|move|p1b: Whimsicott|Moonblast|p2b: Weavile\n|-supereffective|p2b: Weavile|1\n|-damage|p2b: Weavile|0 fnt\n|faint|p2b: Weavile\n|move|p2a: Toxapex|Toxic|p1b: Whimsicott\n|-status|p1b: Whimsicott|tox\n|\n|-weather|none\n|-heal|p2a: Toxapex|100/100|[from] item: Leftovers\n|-damage|p1b: Whimsicott|73/100 tox|[from] psn\n|upkeep\n|\n|t:|1788360739\n|switch|p2b: Kommo-o|Kommo-o, L50, M, shiny|80/100\n|switch|p1a: Garchomp|Garchomp, L50, M|100/100\n|turn|7\n|\n|t:|1788360756\n|move|p1b: Whimsicott|Protect|p1b: Whimsicott\n|-singleturn|p1b: Whimsicott|Protect\n|move|p2b: Kommo-o|Protect|p2b: Kommo-o\n|-singleturn|p2b: Kommo-o|Protect\n|move|p1a: Garchomp|Earthquake|p2a: Toxapex|[spread] p2a\n|-activate|p1b: Whimsicott|move: Protect\n|-activate|p2b: Kommo-o|move: Protect\n|-supereffective|p2a: Toxapex|1\n|-damage|p2a: Toxapex|57/100\n|move|p2a: Toxapex|Infestation|p1b: Whimsicott\n|-activate|p1b: Whimsicott|move: Protect\n|\n|-heal|p2a: Toxapex|63/100|[from] item: Leftovers\n|-damage|p1b: Whimsicott|61/100 tox|[from] psn\n|upkeep\n|turn|8\n|inactive|Infinity7410 has 30 seconds left.\n|inactive|looger02 has 30 seconds left.\n|inactive|looger02 has 20 seconds left.\n|inactive|looger02 has 15 seconds left.\n|\n|t:|1788360796\n|switch|p2b: Metagross|Metagross, L50, shiny|100/100\n|move|p1b: Whimsicott|Moonblast|p2b: Metagross\n|-resisted|p2b: Metagross|1\n|-damage|p2b: Metagross|78/100\n|move|p1a: Garchomp|Dragon Claw|p2b: Metagross\n|-resisted|p2b: Metagross|1\n|-damage|p2b: Metagross|61/100\n|move|p2a: Toxapex|Infestation|p1b: Whimsicott\n|-damage|p1b: Whimsicott|56/100 tox\n|-activate|p1b: Whimsicott|move: Infestation|[of] p2a: Toxapex\n|\n|-heal|p2a: Toxapex|69/100|[from] item: Leftovers\n|-damage|p1b: Whimsicott|38/100 tox|[from] psn\n|-damage|p1b: Whimsicott|26/100 tox|[from] move: Infestation|[partiallytrapped]\n|upkeep\n|turn|9\n|inactive|looger02 has 30 seconds left.\n|inactive|looger02 has 20 seconds left.\n|\n|t:|1788360835\n|detailschange|p2b: Metagross|Metagross-Mega, L50, shiny\n|-mega|p2b: Metagross|Metagross|Metagrossite\n|move|p2b: Metagross|Protect|p2b: Metagross\n|-singleturn|p2b: Metagross|Protect\n|move|p1b: Whimsicott|Encore|p2a: Toxapex\n|-start|p2a: Toxapex|Encore\n|move|p1a: Garchomp|Earthquake|p2a: Toxapex|[spread] p1b,p2a\n|-activate|p2b: Metagross|move: Protect\n|-resisted|p1b: Whimsicott|1\n|-supereffective|p2a: Toxapex|1\n|-damage|p1b: Whimsicott|3/100 tox\n|-damage|p2a: Toxapex|26/100\n|move|p2a: Toxapex|Infestation|p1a: Garchomp\n|-damage|p1a: Garchomp|96/100\n|-activate|p1a: Garchomp|move: Infestation|[of] p2a: Toxapex\n|-damage|p2a: Toxapex|14/100|[from] ability: Rough Skin|[of] p1a: Garchomp\n|\n|-heal|p2a: Toxapex|19/100|[from] item: Leftovers\n|-damage|p1b: Whimsicott|0 fnt|[from] psn\n|faint|p1b: Whimsicott\n|-damage|p1a: Garchomp|84/100|[from] move: Infestation|[partiallytrapped]\n|upkeep\n|\n|t:|1788360855\n|switch|p1b: Kingambit|Kingambit, L50, F, shiny|87/100\n|turn|10\n|\n|t:|1788360879\n|move|p1b: Kingambit|Sucker Punch|p2b: Metagross\n|-supereffective|p2b: Metagross|1\n|-damage|p2b: Metagross|0 fnt\n|faint|p2b: Metagross\n|move|p1a: Garchomp|Earthquake|p2a: Toxapex|[spread] p1b,p2a\n|-supereffective|p1b: Kingambit|1\n|-supereffective|p2a: Toxapex|1\n|-damage|p1b: Kingambit|26/100\n|-damage|p2a: Toxapex|0 fnt\n|faint|p2a: Toxapex\n|\n|-end|p1a: Garchomp|Infestation|[partiallytrapped]|[silent]\n|upkeep\n|\n|t:|1788360888\n|switch|p2b: Kommo-o|Kommo-o, L50, M, shiny|80/100\n|turn|11\n|\n|t:|1788360903\n|move|p1a: Garchomp|Dragon Claw|p2b: Kommo-o\n|-supereffective|p2b: Kommo-o|1\n|-enditem|p2b: Kommo-o|Haban Berry|[eat]\n|-enditem|p2b: Kommo-o|Haban Berry|[weaken]\n|-damage|p2b: Kommo-o|48/100\n|move|p2b: Kommo-o|Clanging Scales|p1b: Kingambit|[spread] p1a,p1b\n|-supereffective|p1a: Garchomp|1\n|-resisted|p1b: Kingambit|1\n|-damage|p1a: Garchomp|7/100\n|-damage|p1b: Kingambit|8/100\n|-enditem|p1a: Garchomp|Sitrus Berry|[eat]\n|-heal|p1a: Garchomp|32/100|[from] item: Sitrus Berry\n|-unboost|p2b: Kommo-o|def|1\n|move|p1b: Kingambit|Iron Head|p2b: Kommo-o\n|-damage|p2b: Kommo-o|0 fnt\n|faint|p2b: Kommo-o\n|\n|win|Infinity7410\n|inactive|Infinity7410 has 30 seconds to confirm battle start!\n|inactive|looger02 has 30 seconds to confirm battle start!\n","uploadtime":1788360914,"views":"1","formatid":"gen9championsvgc2026regmbbo3","rating":null,"private":0,"password":null}