{"id":"gen9championsvgc2026regmbbo3-2673359125","format":"[Gen 9 Champions] VGC 2026 Reg M-B (Bo3)","players":["theraclod","humania1"],"log":"|j|☆theraclod\n|j|☆humania1\n|html|<table width=\"100%\"><tr><td align=\"left\">theraclod</td><td align=\"right\">humania1</tr><tr><td align=\"left\"><i class=\"fa fa-circle-o\"></i> <i class=\"fa fa-circle-o\"></i> </td><td align=\"right\"><i class=\"fa fa-circle-o\"></i> <i class=\"fa fa-circle-o\"></i> </tr></table>\n|uhtml|bestof|<h2><strong>Game 1</strong> of <a href=\"/game-bestof3-gen9championsvgc2026regmbbo3-2673359124\">a best-of-3</a></h2>\n|t:|1788188079\n|gametype|doubles\n|player|p1|theraclod|rocketgrunt|1077\n|player|p2|humania1|170|1040\n|gen|9\n|tier|[Gen 9 Champions] VGC 2026 Reg M-B (Bo3)\n|rated|\n|rule|Species Clause: Limit one of each Pokémon\n|rule|Item Clause: Limit 1 of each item\n|clearpoke\n|poke|p1|Garchomp, L50, F|\n|poke|p1|Oranguru, L50, M|\n|poke|p1|Tyranitar, L50, F|\n|poke|p1|Sneasler, L50, F|\n|poke|p1|Milotic, L50, M|\n|poke|p1|Rotom-Wash, L50|\n|poke|p2|Blastoise, L50, F|\n|poke|p2|Delphox, L50, M, shiny|\n|poke|p2|Incineroar, L50, F|\n|poke|p2|Sinistcha, L50|\n|poke|p2|Sneasler, L50, F|\n|poke|p2|Vivillon, L50, F|\n|teampreview|4\n|showteam|p1|Garchomp||Garchompite|RoughSkin|DragonClaw,Earthquake,RockSlide,Protect|Brave||F|||50|]Oranguru||MentalHerb|Telepathy|TrickRoom,Instruct,Gravity,Protect|Bold||M|||50|]Tyranitar||Tyranitarite|SandStream|RockSlide,KnockOff,DragonDance,Protect|Adamant||F|||50|]Sneasler||WhiteHerb|Unburden|FakeOut,DireClaw,CloseCombat,Coaching|Jolly||F|||50|]Milotic||Leftovers|Competitive|Scald,Recover,Protect,ChillingWater|Bold||M|||50|]Rotom-Wash||SitrusBerry|Levitate|HydroPump,Discharge,LightScreen,WillOWisp|Timid|||||50|\n|showteam|p2|Blastoise||Blastoisinite|Torrent|Protect,ShellSmash,WaterSpout,DarkPulse|Modest||F|||50|]Delphox||Delphoxite|Blaze|Protect,HeatWave,Psyshock,NastyPlot|Timid||M|||50|]Incineroar||PasshoBerry|Intimidate|FakeOut,PartingShot,FlareBlitz,ThroatChop|Impish||F|||50|]Sinistcha||SitrusBerry|Hospitality|Protect,MatchaGotcha,TrickRoom,RagePowder|Bold|||||50|]Sneasler||FocusSash|PoisonTouch|QuickGuard,FakeOut,CloseCombat,DireClaw|Jolly||F|||50|]Vivillon||ChoiceScarf|CompoundEyes|Hurricane,SleepPowder,RagePowder,Uturn|Timid||F|||50|\n|inactive|Battle timer is ON: inactive players will automatically lose when time's up. (requested by humania1)\n|j| nosehabladebruno\n|\n|t:|1788188108\n|teamsize|p1|4\n|teamsize|p2|4\n|start\n|switch|p1a: Milotic|Milotic, L50, M|100/100\n|switch|p1b: Oranguru|Oranguru, L50, M|100/100\n|switch|p2a: Blastoise|Blastoise, L50, F|100/100\n|switch|p2b: Sinistcha|Sinistcha, L50|100/100\n|turn|1\n|\n|t:|1788188121\n|switch|p2a: Incineroar|Incineroar, L50, F|100/100\n|-ability|p2a: Incineroar|Intimidate|boost\n|-unboost|p1a: Milotic|atk|1\n|-ability|p1a: Milotic|Competitive|boost\n|-boost|p1a: Milotic|spa|2\n|-unboost|p1b: Oranguru|atk|1\n|move|p1a: Milotic|Scald|p2a: Incineroar\n|-supereffective|p2a: Incineroar|1\n|-enditem|p2a: Incineroar|Passho Berry|[eat]\n|-enditem|p2a: Incineroar|Passho Berry|[weaken]\n|-damage|p2a: Incineroar|27/100\n|move|p1b: Oranguru|Instruct|p1a: Milotic\n|-singleturn|p1a: Milotic|move: Instruct|[of] p1b: Oranguru\n|move|p1a: Milotic|Scald|p2a: Incineroar\n|-supereffective|p2a: Incineroar|1\n|-damage|p2a: Incineroar|0 fnt\n|faint|p2a: Incineroar\n|move|p2b: Sinistcha|Trick Room|p2b: Sinistcha\n|-fieldstart|move: Trick Room|[of] p2b: Sinistcha\n|\n|upkeep\n|\n|t:|1788188121\n|switch|p2a: Delphox|Delphox, L50, M, shiny|100/100\n|turn|2\n|\n|t:|1788188142\n|move|p2b: Sinistcha|Matcha Gotcha|p1a: Milotic|[spread] p1a,p1b\n|-supereffective|p1a: Milotic|1\n|-damage|p1a: Milotic|56/100\n|-damage|p1b: Oranguru|76/100\n|move|p1a: Milotic|Scald|p2a: Delphox\n|-supereffective|p2a: Delphox|1\n|-crit|p2a: Delphox\n|-damage|p2a: Delphox|0 fnt\n|faint|p2a: Delphox\n|move|p1b: Oranguru|Instruct|p1a: Milotic\n|-singleturn|p1a: Milotic|move: Instruct|[of] p1b: Oranguru\n|move|p1a: Milotic|Scald|p2b: Sinistcha\n|-resisted|p2b: Sinistcha|1\n|-damage|p2b: Sinistcha|67/100\n|\n|-heal|p1a: Milotic|62/100|[from] item: Leftovers\n|upkeep\n|\n|t:|1788188142\n|switch|p2a: Blastoise|Blastoise, L50, F|100/100\n|turn|3\n|\n|t:|1788188160\n|move|p2b: Sinistcha|Rage Powder|p2b: Sinistcha\n|-singleturn|p2b: Sinistcha|move: Rage Powder\n|move|p1b: Oranguru|Instruct|p2b: Sinistcha\n|-singleturn|p2b: Sinistcha|move: Instruct|[of] p1b: Oranguru\n|move|p2b: Sinistcha|Rage Powder||[still]\n|-fail|p2b: Sinistcha\n|move|p1a: Milotic|Scald|p2b: Sinistcha\n|-resisted|p2b: Sinistcha|1\n|-crit|p2b: Sinistcha\n|-damage|p2b: Sinistcha|19/100\n|-enditem|p2b: Sinistcha|Sitrus Berry|[eat]\n|-heal|p2b: Sinistcha|44/100|[from] item: Sitrus Berry\n|move|p2a: Blastoise|Water Spout|p1b: Oranguru|[spread] p1a,p1b\n|-resisted|p1a: Milotic|1\n|-damage|p1a: Milotic|43/100\n|-damage|p1b: Oranguru|31/100\n|\n|-heal|p1a: Milotic|49/100|[from] item: Leftovers\n|upkeep\n|turn|4\n|\n|t:|1788188180\n|move|p2b: Sinistcha|Matcha Gotcha|p1b: Oranguru|[spread] p1a,p1b\n|-supereffective|p1a: Milotic|1\n|-damage|p1a: Milotic|4/100\n|-heal|p2b: Sinistcha|66/100|[from] drain|[of] p1a: Milotic\n|-damage|p1b: Oranguru|6/100\n|-heal|p2b: Sinistcha|78/100|[from] drain|[of] p1b: Oranguru\n|move|p1a: Milotic|Scald|p2a: Blastoise\n|-resisted|p2a: Blastoise|1\n|-damage|p2a: Blastoise|63/100\n|move|p2a: Blastoise|Water Spout|p1a: Milotic|[spread] p1a,p1b\n|-resisted|p1a: Milotic|1\n|-damage|p1a: Milotic|0 fnt\n|-damage|p1b: Oranguru|0 fnt\n|faint|p1a: Milotic\n|faint|p1b: Oranguru\n|\n|upkeep\n|\n|t:|1788188196\n|switch|p1a: Tyranitar|Tyranitar, L50, F|100/100\n|switch|p1b: Sneasler|Sneasler, L50, F|100/100\n|-weather|Sandstorm|[from] ability: Sand Stream|[of] p1a: Tyranitar\n|turn|5\n|\n|t:|1788188208\n|detailschange|p1a: Tyranitar|Tyranitar-Mega, L50, F\n|-mega|p1a: Tyranitar|Tyranitar|Tyranitarite\n|move|p2b: Sinistcha|Protect|p2b: Sinistcha\n|-singleturn|p2b: Sinistcha|Protect\n|move|p1b: Sneasler|Fake Out|p2a: Blastoise\n|-crit|p2a: Blastoise\n|-damage|p2a: Blastoise|42/100\n|move|p1a: Tyranitar|Dragon Dance|p1a: Tyranitar\n|-boost|p1a: Tyranitar|atk|1\n|-boost|p1a: Tyranitar|spe|1\n|cant|p2a: Blastoise|flinch\n|\n|-weather|Sandstorm|[upkeep]\n|-damage|p2b: Sinistcha|72/100|[from] Sandstorm\n|-damage|p2a: Blastoise|36/100|[from] Sandstorm\n|-damage|p1b: Sneasler|94/100|[from] Sandstorm\n|-fieldend|move: Trick Room\n|upkeep\n|turn|6\n|\n|t:|1788188224\n|move|p1b: Sneasler|Coaching|p1a: Tyranitar\n|-boost|p1a: Tyranitar|atk|1\n|-boost|p1a: Tyranitar|def|1\n|move|p1a: Tyranitar|Knock Off|p2b: Sinistcha\n|-supereffective|p2b: Sinistcha|1\n|-damage|p2b: Sinistcha|0 fnt\n|faint|p2b: Sinistcha\n|move|p2a: Blastoise|Water Spout|p1b: Sneasler|[spread] p1a,p1b\n|-supereffective|p1a: Tyranitar|1\n|-damage|p1a: Tyranitar|84/100\n|-damage|p1b: Sneasler|69/100\n|\n|-weather|Sandstorm|[upkeep]\n|-damage|p1b: Sneasler|63/100|[from] Sandstorm\n|-damage|p2a: Blastoise|30/100|[from] Sandstorm\n|upkeep\n|turn|7\n|\n|t:|1788188240\n|move|p1b: Sneasler|Coaching|p1a: Tyranitar\n|-boost|p1a: Tyranitar|atk|1\n|-boost|p1a: Tyranitar|def|1\n|move|p1a: Tyranitar|Knock Off|p2a: Blastoise\n|-damage|p2a: Blastoise|0 fnt\n|faint|p2a: Blastoise\n|\n|win|theraclod\n","uploadtime":1788188240,"views":"1","formatid":"gen9championsvgc2026regmbbo3","rating":null,"private":0,"password":null}