{"id":"gen9championsvgc2026regmbbo3-2674845036","format":"[Gen 9 Champions] VGC 2026 Reg M-B (Bo3)","players":["tjdywirn","okkia3"],"log":"|j|☆tjdywirn\n|j|☆okkia3\n|html|<table width=\"100%\"><tr><td align=\"left\">tjdywirn</td><td align=\"right\">okkia3</tr><tr><td align=\"left\"><i class=\"fa fa-circle\"></i> <i class=\"fa fa-circle-o\"></i> </td><td align=\"right\"><i class=\"fa fa-circle-o\"></i> <i class=\"fa fa-circle\"></i> </tr></table>\n|uhtml|bestof|<h2><strong>Game 3</strong> of <a href=\"/game-bestof3-gen9championsvgc2026regmbbo3-2674842601\">a best-of-3</a></h2>\n|t:|1788419672\n|gametype|doubles\n|player|p1|tjdywirn|266|1000\n|player|p2|okkia3|102|1000\n|gen|9\n|tier|[Gen 9 Champions] VGC 2026 Reg M-B (Bo3)\n|rated|\n|rule|Species Clause: Limit one of each Pokémon\n|rule|Item Clause: Limit 1 of each item\n|clearpoke\n|poke|p1|Gardevoir, L50, M|\n|poke|p1|Incineroar, L50, F|\n|poke|p1|Talonflame, L50, M|\n|poke|p1|Sinistcha, L50|\n|poke|p1|Mawile, L50, F|\n|poke|p1|Kangaskhan, L50, F|\n|poke|p2|Charizard, L50, M|\n|poke|p2|Whimsicott, L50, F|\n|poke|p2|Basculegion, L50, M|\n|poke|p2|Farigiraf, L50, F|\n|poke|p2|Kangaskhan, L50, F|\n|poke|p2|Sneasler, L50, F|\n|teampreview|4\n|showteam|p1|Gardevoir||Gardevoirite|Trace|HyperVoice,Moonblast,Protect,CalmMind|Bold||M|||50|]Incineroar||SitrusBerry|Intimidate|FakeOut,FlareBlitz,Protect,PartingShot|Sassy||F|||50|]Talonflame||Leftovers|GaleWings|Tailwind,BraveBird,FlareBlitz,Protect|Adamant||M|||50|]Sinistcha||MentalHerb|Hospitality|RagePowder,TrickRoom,MatchaGotcha,Protect|Modest|||||50|]Mawile||Mawilite|Intimidate|IronHead,PlayRough,Protect,SwordsDance|Brave||F|||50|]Kangaskhan||LifeOrb|Scrappy|FakeOut,LastResort,RockSlide|Brave||F|||50|\n|showteam|p2|Charizard||CharizarditeY|SolarPower|WeatherBall,HeatWave,SolarBeam,Protect|Timid||M|||50|]Whimsicott||FocusSash|Prankster|Moonblast,Tailwind,SunnyDay,Encore|Timid||F|||50|]Basculegion||ChoiceScarf|Adaptability|WaveCrash,AquaJet,LastRespects,FlipTurn|Adamant||M|||50|]Farigiraf||SitrusBerry|ArmorTail|Psychic,HyperVoice,HelpingHand,TrickRoom|Modest||F|||50|]Kangaskhan||Kangaskhanite|Scrappy|FakeOut,DoubleEdge,DrainPunch,SuckerPunch|Adamant||F|||50|]Sneasler||WhiteHerb|Unburden|FakeOut,CloseCombat,DireClaw,RockTomb|Adamant||F|||50|\n|inactive|Battle timer is ON: inactive players will automatically lose when time's up. (requested by okkia3)\n|\n|t:|1788419694\n|teamsize|p1|4\n|teamsize|p2|4\n|start\n|switch|p1a: Talonflame|Talonflame, L50, M|100/100\n|switch|p1b: Gardevoir|Gardevoir, L50, M|100/100\n|switch|p2a: Charizard|Charizard, L50, M|100/100\n|switch|p2b: Basculegion|Basculegion, L50, M|100/100\n|-ability|p1b: Gardevoir|Adaptability|Trace|[from] ability: Trace|[of] p2b: Basculegion\n|turn|1\n|\n|t:|1788419713\n|detailschange|p2a: Charizard|Charizard-Mega-Y, L50, M\n|-mega|p2a: Charizard|Charizard|Charizardite Y\n|-weather|SunnyDay|[from] ability: Drought|[of] p2a: Charizard\n|detailschange|p1b: Gardevoir|Gardevoir-Mega, L50, M\n|-mega|p1b: Gardevoir|Gardevoir|Gardevoirite\n|move|p1b: Gardevoir|Protect|p1b: Gardevoir\n|-singleturn|p1b: Gardevoir|Protect\n|move|p1a: Talonflame|Tailwind|p1a: Talonflame\n|-sidestart|p1: tjdywirn|move: Tailwind\n|move|p2b: Basculegion|Wave Crash|p1a: Talonflame\n|-supereffective|p1a: Talonflame|1\n|-damage|p1a: Talonflame|0 fnt\n|faint|p1a: Talonflame\n|-damage|p2b: Basculegion|70/100|[from] Recoil\n|move|p2a: Charizard|Weather Ball|p1b: Gardevoir\n|-activate|p1b: Gardevoir|move: Protect\n|\n|-weather|SunnyDay|[upkeep]\n|upkeep\n|\n|t:|1788419734\n|switch|p1a: Kangaskhan|Kangaskhan, L50, F|100/100\n|turn|2\n|\n|t:|1788419746\n|move|p2a: Charizard|Protect|p2a: Charizard\n|-singleturn|p2a: Charizard|Protect\n|move|p1b: Gardevoir|Hyper Voice|p2a: Charizard|[spread] p2b\n|-activate|p2a: Charizard|move: Protect\n|-damage|p2b: Basculegion|16/100\n|move|p1a: Kangaskhan|Rock Slide|p2b: Basculegion|[spread] p2b\n|-activate|p2a: Charizard|move: Protect\n|-damage|p2b: Basculegion|0 fnt\n|faint|p2b: Basculegion\n|-damage|p1a: Kangaskhan|90/100|[from] item: Life Orb\n|\n|-weather|SunnyDay|[upkeep]\n|upkeep\n|\n|t:|1788419746\n|switch|p2b: Farigiraf|Farigiraf, L50, F|100/100\n|turn|3\n|\n|t:|1788419770\n|move|p1b: Gardevoir|Hyper Voice|p2b: Farigiraf|[spread] p2a,p2b\n|-resisted|p2a: Charizard|1\n|-damage|p2a: Charizard|79/100\n|-damage|p2b: Farigiraf|62/100\n|move|p1a: Kangaskhan|Last Resort||[still]\n|-fail|p1a: Kangaskhan\n|move|p2a: Charizard|Weather Ball|p1a: Kangaskhan\n|-damage|p1a: Kangaskhan|6/100\n|move|p2b: Farigiraf|Hyper Voice|p1a: Kangaskhan|[spread] p1a,p1b\n|-damage|p1a: Kangaskhan|0 fnt\n|-damage|p1b: Gardevoir|74/100\n|faint|p1a: Kangaskhan\n|\n|-weather|SunnyDay|[upkeep]\n|upkeep\n|\n|t:|1788419785\n|switch|p1a: Incineroar|Incineroar, L50, F|100/100\n|-ability|p1a: Incineroar|Intimidate|boost\n|-unboost|p2a: Charizard|atk|1\n|-unboost|p2b: Farigiraf|atk|1\n|turn|4\n|\n|t:|1788419802\n|switch|p2b: Sneasler|Sneasler, L50, F|100/100\n|move|p2a: Charizard|Protect|p2a: Charizard\n|-singleturn|p2a: Charizard|Protect\n|move|p1b: Gardevoir|Calm Mind|p1b: Gardevoir\n|-boost|p1b: Gardevoir|spa|1\n|-boost|p1b: Gardevoir|spd|1\n|move|p1a: Incineroar|Flare Blitz|p2a: Charizard\n|-activate|p2a: Charizard|move: Protect\n|\n|-weather|SunnyDay|[upkeep]\n|-sideend|p1: tjdywirn|move: Tailwind\n|upkeep\n|turn|5\n|\n|t:|1788419819\n|move|p1b: Gardevoir|Protect|p1b: Gardevoir\n|-singleturn|p1b: Gardevoir|Protect\n|move|p2b: Sneasler|Close Combat|p1a: Incineroar\n|-supereffective|p1a: Incineroar|1\n|-damage|p1a: Incineroar|0 fnt\n|-unboost|p2b: Sneasler|def|1\n|-unboost|p2b: Sneasler|spd|1\n|faint|p1a: Incineroar\n|-enditem|p2b: Sneasler|White Herb\n|-clearnegativeboost|p2b: Sneasler|[silent]\n|move|p2a: Charizard|Heat Wave|p1b: Gardevoir\n|-activate|p1b: Gardevoir|move: Protect\n|\n|-weather|none\n|upkeep\n|turn|6\n|\n|t:|1788419834\n|move|p2a: Charizard|Protect|p2a: Charizard\n|-singleturn|p2a: Charizard|Protect\n|move|p2b: Sneasler|Dire Claw|p1b: Gardevoir\n|-supereffective|p1b: Gardevoir|1\n|-damage|p1b: Gardevoir|0 fnt\n|faint|p1b: Gardevoir\n|\n|win|okkia3\n|raw|tjdywirn's rating: 1040 &rarr; <strong>1022</strong><br />(-18 for losing)\n|raw|okkia3's rating: 1000 &rarr; <strong>1045</strong><br />(+45 for winning)\n","uploadtime":1788419834,"views":"0","formatid":"gen9championsvgc2026regmbbo3","rating":1022,"private":0,"password":null}