{"id":"gen9championsvgc2026regmb-2674621123","format":"[Gen 9 Champions] VGC 2026 Reg M-B","players":["Buggy00k","drake78976"],"log":"|j|☆Buggy00k\n|j|☆drake78976\n|t:|1788381316\n|gametype|doubles\n|player|p1|Buggy00k|101|1315\n|player|p2|drake78976|2|1245\n|gen|9\n|tier|[Gen 9 Champions] VGC 2026 Reg M-B\n|rated|\n|rule|Species Clause: Limit one of each Pokémon\n|rule|Item Clause: Limit 1 of each item\n|clearpoke\n|poke|p1|Delphox, L50, M, shiny|\n|poke|p1|Garchomp, L50, M|\n|poke|p1|Floette-Eternal, L50, F|\n|poke|p1|Incineroar, L50, F|\n|poke|p1|Sinistcha, L50|\n|poke|p1|Sneasler, L50, F|\n|poke|p2|Kommo-o, L50, F|\n|poke|p2|Gholdengo, L50|\n|poke|p2|Milotic, L50, F|\n|poke|p2|Incineroar, L50, M|\n|poke|p2|Gengar, L50, M|\n|poke|p2|Staraptor, L50, F|\n|teampreview|4\n|\n|t:|1788381349\n|teamsize|p1|4\n|teamsize|p2|4\n|start\n|switch|p1a: Sneasler|Sneasler, L50, F|100/100\n|switch|p1b: Delphox|Delphox, L50, M, shiny|100/100\n|switch|p2a: Gengar|Gengar, L50, M|100/100\n|switch|p2b: Incineroar|Incineroar, L50, M|100/100\n|-ability|p2b: Incineroar|Intimidate|boost\n|-unboost|p1a: Sneasler|atk|1\n|-unboost|p1b: Delphox|atk|1\n|turn|1\n|c|☆Buggy00k|glhf\n|c|☆drake78976|glhf\n|\n|t:|1788381374\n|detailschange|p2a: Gengar|Gengar-Mega, L50, M\n|-mega|p2a: Gengar|Gengar|Gengarite\n|detailschange|p1b: Delphox|Delphox-Mega, L50, M, shiny\n|-mega|p1b: Delphox|Delphox|Delphoxite\n|move|p2b: Incineroar|Protect|p2b: Incineroar\n|-singleturn|p2b: Incineroar|Protect\n|move|p1a: Sneasler|Fake Out|p2b: Incineroar\n|-activate|p2b: Incineroar|move: Protect\n|move|p1b: Delphox|Psyshock|p2a: Gengar\n|-supereffective|p2a: Gengar|1\n|-damage|p2a: Gengar|0 fnt\n|faint|p2a: Gengar\n|\n|upkeep\n|\n|t:|1788381387\n|switch|p2a: Milotic|Milotic, L50, F|100/100\n|turn|2\n|\n|t:|1788381401\n|move|p1b: Delphox|Protect|p1b: Delphox\n|-singleturn|p1b: Delphox|Protect\n|move|p1a: Sneasler|Close Combat|p2b: Incineroar\n|-supereffective|p2b: Incineroar|1\n|-damage|p2b: Incineroar|31/100\n|-unboost|p1a: Sneasler|def|1\n|-unboost|p1a: Sneasler|spd|1\n|-enditem|p2b: Incineroar|Sitrus Berry|[eat]\n|-heal|p2b: Incineroar|56/100|[from] item: Sitrus Berry\n|move|p2a: Milotic|Coil|p2a: Milotic\n|-boost|p2a: Milotic|atk|1\n|-boost|p2a: Milotic|def|1\n|-boost|p2a: Milotic|accuracy|1\n|move|p2b: Incineroar|Parting Shot|p1a: Sneasler\n|-unboost|p1a: Sneasler|atk|1\n|-unboost|p1a: Sneasler|spa|1\n|\n|t:|1788381415\n|switch|p2b: Gholdengo|Gholdengo, L50|100/100|[from] Parting Shot\n|\n|upkeep\n|turn|3\n|\n|t:|1788381429\n|switch|p1b: Garchomp|Garchomp, L50, M|100/100\n|move|p2b: Gholdengo|Protect|p2b: Gholdengo\n|-singleturn|p2b: Gholdengo|Protect\n|move|p1a: Sneasler|Coaching|p1b: Garchomp\n|-boost|p1b: Garchomp|atk|1\n|-boost|p1b: Garchomp|def|1\n|move|p2a: Milotic|Muddy Water|p1b: Garchomp|[spread] p1a,p1b\n|-damage|p1a: Sneasler|52/100\n|-damage|p1b: Garchomp|72/100\n|-unboost|p1b: Garchomp|accuracy|1\n|\n|upkeep\n|turn|4\n|\n|t:|1788381454\n|switch|p2b: Incineroar|Incineroar, L50, M|56/100\n|-ability|p2b: Incineroar|Intimidate|boost\n|-unboost|p1a: Sneasler|atk|1\n|-unboost|p1b: Garchomp|atk|1\n|move|p1a: Sneasler|Coaching|p1b: Garchomp\n|-boost|p1b: Garchomp|atk|1\n|-boost|p1b: Garchomp|def|1\n|move|p1b: Garchomp|Stomping Tantrum|p2b: Incineroar|[miss]\n|-miss|p1b: Garchomp|p2b: Incineroar\n|move|p2a: Milotic|Muddy Water|p1b: Garchomp|[spread] p1a,p1b\n|-crit|p1a: Sneasler\n|-damage|p1a: Sneasler|0 fnt\n|-damage|p1b: Garchomp|47/100\n|faint|p1a: Sneasler\n|\n|upkeep\n|\n|t:|1788381469\n|switch|p1a: Delphox|Delphox-Mega, L50, M, shiny|100/100\n|turn|5\n|c|☆drake78976|that crit might be bad for me\n|\n|t:|1788381486\n|move|p1b: Garchomp|Protect|p1b: Garchomp\n|-singleturn|p1b: Garchomp|Protect\n|move|p2b: Incineroar|Fake Out|p1b: Garchomp\n|-activate|p1b: Garchomp|move: Protect\n|move|p1a: Delphox|Nasty Plot|p1a: Delphox\n|-boost|p1a: Delphox|spa|2\n|move|p2a: Milotic|Muddy Water|p1b: Garchomp|[spread] p1a\n|-activate|p1b: Garchomp|move: Protect\n|-supereffective|p1a: Delphox|1\n|-damage|p1a: Delphox|56/100\n|\n|upkeep\n|turn|6\n|\n|t:|1788381509\n|move|p1a: Delphox|Psyshock|p2a: Milotic\n|-damage|p2a: Milotic|47/100\n|move|p1b: Garchomp|Rock Slide|p2b: Incineroar|[spread] p2b\n|-miss|p1b: Garchomp|p2a: Milotic\n|-supereffective|p2b: Incineroar|1\n|-damage|p2b: Incineroar|0 fnt\n|faint|p2b: Incineroar\n|-damage|p1b: Garchomp|37/100|[from] item: Life Orb\n|move|p2a: Milotic|Muddy Water|p1b: Garchomp|[spread] p1a,p1b\n|-supereffective|p1a: Delphox|1\n|-damage|p1a: Delphox|13/100\n|-damage|p1b: Garchomp|12/100\n|-unboost|p1a: Delphox|accuracy|1\n|-unboost|p1b: Garchomp|accuracy|1\n|\n|-heal|p2a: Milotic|53/100|[from] item: Leftovers\n|upkeep\n|\n|t:|1788381523\n|switch|p2b: Gholdengo|Gholdengo, L50|100/100\n|turn|7\n|\n|t:|1788381538\n|move|p2b: Gholdengo|Protect|p2b: Gholdengo\n|-singleturn|p2b: Gholdengo|Protect\n|move|p1a: Delphox|Psyshock|p2a: Milotic\n|-damage|p2a: Milotic|2/100\n|move|p1b: Garchomp|Stomping Tantrum|p2a: Milotic|[miss]\n|-miss|p1b: Garchomp|p2a: Milotic\n|move|p2a: Milotic|Muddy Water|p1a: Delphox|[spread] p1a,p1b\n|-supereffective|p1a: Delphox|1\n|-damage|p1a: Delphox|0 fnt\n|-damage|p1b: Garchomp|0 fnt\n|faint|p1a: Delphox\n|faint|p1b: Garchomp\n|\n|-heal|p2a: Milotic|8/100|[from] item: Leftovers\n|upkeep\n|\n|t:|1788381552\n|switch|p1b: Incineroar|Incineroar, L50, F|100/100\n|-ability|p1b: Incineroar|Intimidate|boost\n|-unboost|p2a: Milotic|atk|1\n|-ability|p2a: Milotic|Competitive|boost\n|-boost|p2a: Milotic|spa|2\n|-unboost|p2b: Gholdengo|atk|1\n|turn|8\n|\n|t:|1788381565\n|move|p1b: Incineroar|Fake Out|p2a: Milotic\n|-damage|p2a: Milotic|1/100\n|cant|p2a: Milotic|flinch\n|move|p2b: Gholdengo|Nasty Plot|p2b: Gholdengo\n|-boost|p2b: Gholdengo|spa|2\n|\n|-heal|p2a: Milotic|7/100|[from] item: Leftovers\n|upkeep\n|turn|9\n|c|☆drake78976|omg milo\n|c|☆Buggy00k|brutal game\n|c|☆Buggy00k|gg\n|\n|t:|1788381585\n|move|p2a: Milotic|Muddy Water|p1b: Incineroar\n|-supereffective|p1b: Incineroar|1\n|-damage|p1b: Incineroar|4/100\n|-enditem|p1b: Incineroar|Sitrus Berry|[eat]\n|-heal|p1b: Incineroar|29/100|[from] item: Sitrus Berry\n|move|p2b: Gholdengo|Shadow Ball|p1b: Incineroar\n|-resisted|p1b: Incineroar|1\n|-damage|p1b: Incineroar|0 fnt\n|faint|p1b: Incineroar\n|-damage|p2b: Gholdengo|90/100|[from] item: Life Orb\n|\n|win|drake78976\n|raw|Buggy00k's rating: 1315 &rarr; <strong>1291</strong><br />(-24 for losing)\n|raw|drake78976's rating: 1245 &rarr; <strong>1275</strong><br />(+30 for winning)\n|c|☆drake78976|gg\n","uploadtime":1788381595,"views":"2","formatid":"gen9championsvgc2026regmb","rating":1275,"private":0,"password":null}