{"id":"gen9championsvgc2026regmbbo3-2674257416","format":"[Gen 9 Champions] VGC 2026 Reg M-B (Bo3)","players":["gackajink","bronzongbroomsvgc"],"log":"|j|☆gackajink\n|j|☆bronzongbroomsvgc\n|html|<table width=\"100%\"><tr><td align=\"left\">gackajink</td><td align=\"right\">bronzongbroomsvgc</tr><tr><td align=\"left\"><i class=\"fa fa-circle-o\"></i> <i class=\"fa fa-circle-o\"></i> </td><td align=\"right\"><i class=\"fa fa-circle-o\"></i> <i class=\"fa fa-circle-o\"></i> </tr></table>\n|uhtml|bestof|<h2><strong>Game 1</strong> of <a href=\"/game-bestof3-gen9championsvgc2026regmbbo3-2674257415\">a best-of-3</a></h2>\n|t:|1788324943\n|gametype|doubles\n|player|p1|gackajink|miku-flying|1146\n|player|p2|bronzongbroomsvgc|1|1244\n|gen|9\n|tier|[Gen 9 Champions] VGC 2026 Reg M-B (Bo3)\n|rated|\n|rule|Species Clause: Limit one of each Pokémon\n|rule|Item Clause: Limit 1 of each item\n|clearpoke\n|poke|p1|Alakazam, L50, M, shiny|\n|poke|p1|Meowstic, L50, M|\n|poke|p1|Annihilape, L50, M, shiny|\n|poke|p1|Whimsicott, L50, M|\n|poke|p1|Maushold-Four, L50|\n|poke|p1|Basculegion, L50, M|\n|poke|p2|Charizard, L50, F|\n|poke|p2|Garchomp, L50, M|\n|poke|p2|Basculegion, L50, M|\n|poke|p2|Whimsicott, L50, M|\n|poke|p2|Floette-Eternal, L50, F|\n|poke|p2|Kingambit, L50, F|\n|teampreview|4\n|showteam|p1|Alakazam||Alakazite|InnerFocus|NastyPlot,ExpandingForce,Taunt,Protect|Modest||M|||50|]Meowstic||Meowsticite|Prankster|FakeOut,PsychicTerrain,ExpandingForce,MagicRoom|Timid||M|||50|]Annihilape||LifeOrb|Defiant|BulkUp,DrainPunch,RageFist,Protect|Jolly||M|||50|]Whimsicott||FocusSash|Prankster|Tailwind,Protect,BeatUp,HelpingHand|Modest||M|||50|]Maushold-Four||SitrusBerry|FriendGuard|FollowMe,BeatUp,Encore,SuperFang|Timid|||||50|]Basculegion||ChoiceScarf|Adaptability|WaveCrash,AquaJet,LastRespects,FlipTurn|Jolly||M|||50|\n|showteam|p2|Charizard||CharizarditeY|Blaze|HeatWave,AncientPower,WeatherBall,Protect|Timid||F|||50|]Garchomp||SitrusBerry|RoughSkin|DragonClaw,RockSlide,Earthquake,Protect|Jolly||M|||50|]Basculegion||LifeOrb|Adaptability|WaveCrash,AquaJet,LastRespects,Protect|Adamant||M|||50|]Whimsicott||FocusSash|Prankster|Moonblast,Encore,Tailwind,Protect|Timid||M|||50|]Floette-Eternal||Floettite|FlowerVeil|Moonblast,DazzlingGleam,LightofRuin,Protect|Modest||F|||50|]Kingambit||OccaBerry|Defiant|KowtowCleave,SuckerPunch,IronHead,LowKick|Adamant||F|||50|\n|j| Person_McSomeone\n|\n|t:|1788324976\n|teamsize|p1|4\n|teamsize|p2|4\n|start\n|switch|p1a: Abracadabra|Alakazam, L50, M, shiny|100/100\n|switch|p1b: Vökuró|Meowstic, L50, M|100/100\n|switch|p2a: Charizard|Charizard, L50, F|100/100\n|switch|p2b: Whimsicott|Whimsicott, L50, M|100/100\n|turn|1\n|\n|t:|1788324994\n|detailschange|p2a: Charizard|Charizard-Mega-Y, L50, F\n|-mega|p2a: Charizard|Charizard|Charizardite Y\n|-weather|SunnyDay|[from] ability: Drought|[of] p2a: Charizard\n|move|p2b: Whimsicott|Protect|p2b: Whimsicott\n|-singleturn|p2b: Whimsicott|Protect\n|move|p1b: Vökuró|Psychic Terrain|p1b: Vökuró\n|-fieldstart|move: Psychic Terrain\n|move|p1a: Abracadabra|Nasty Plot|p1a: Abracadabra\n|-boost|p1a: Abracadabra|spa|2\n|move|p2a: Charizard|Heat Wave|p1a: Abracadabra|[spread] p1a,p1b\n|-damage|p1a: Abracadabra|40/100\n|-damage|p1b: Vökuró|39/100\n|-status|p1b: Vökuró|brn\n|\n|-weather|SunnyDay|[upkeep]\n|-damage|p1b: Vökuró|33/100 brn|[from] brn\n|upkeep\n|turn|2\n|\n|t:|1788325010\n|move|p1a: Abracadabra|Protect|p1a: Abracadabra\n|-singleturn|p1a: Abracadabra|Protect\n|move|p2b: Whimsicott|Tailwind|p2b: Whimsicott\n|-sidestart|p2: bronzongbroomsvgc|move: Tailwind\n|move|p1b: Vökuró|Magic Room|p1b: Vökuró\n|-fieldstart|move: Magic Room|[of] p1b: Vökuró\n|move|p2a: Charizard|Heat Wave|p1a: Abracadabra|[spread] p1b\n|-activate|p1a: Abracadabra|move: Protect\n|-damage|p1b: Vökuró|0 fnt\n|faint|p1b: Vökuró\n|\n|-weather|SunnyDay|[upkeep]\n|upkeep\n|\n|t:|1788325027\n|switch|p1b: Whimsicott|Whimsicott, L50, M|100/100\n|turn|3\n|c| Person_McSomeone|gacka whats the point of delaying mega?\n|c| Person_McSomeone|other than fake out\n|c|☆gackajink|in case zam dies\n|c|☆gackajink|i get to use meowstic\n|c| Person_McSomeone|oh its mega meowstic\n|c| Person_McSomeone|meow core\n|c|☆gackajink|**#MeowCore**\n|\n|t:|1788325078\n|detailschange|p1a: Abracadabra|Alakazam-Mega, L50, M, shiny\n|-mega|p1a: Abracadabra|Alakazam|Alakazite\n|-ability|p1a: Abracadabra|Prankster|Trace|[from] ability: Trace|[of] p2b: Whimsicott\n|move|p2b: Whimsicott|Protect|p2b: Whimsicott\n|-singleturn|p2b: Whimsicott|Protect\n|move|p1b: Whimsicott|Tailwind|p1b: Whimsicott\n|-sidestart|p1: gackajink|move: Tailwind\n|move|p1a: Abracadabra|Expanding Force|p2b: Whimsicott|[spread] p2a\n|-activate|p2b: Whimsicott|move: Protect\n|-damage|p2a: Charizard|0 fnt\n|faint|p2a: Charizard\n|\n|-weather|SunnyDay|[upkeep]\n|upkeep\n|\n|t:|1788325087\n|switch|p2a: Kingambit|Kingambit, L50, F|100/100\n|turn|4\n|\n|t:|1788325101\n|switch|p1b: Annihilape|Annihilape, L50, M, shiny|100/100\n|move|p1a: Abracadabra|Expanding Force|p2b: Whimsicott|[spread] p2b\n|-immune|p2a: Kingambit\n|-damage|p2b: Whimsicott|0 fnt\n|faint|p2b: Whimsicott\n|move|p2a: Kingambit|Kowtow Cleave|p1a: Abracadabra\n|-supereffective|p1a: Abracadabra|1\n|-damage|p1a: Abracadabra|0 fnt\n|faint|p1a: Abracadabra\n|\n|-weather|SunnyDay|[upkeep]\n|upkeep\n|\n|t:|1788325112\n|switch|p1a: Whimsicott|Whimsicott, L50, M|100/100\n|switch|p2b: Basculegion|Basculegion, L50, M|100/100\n|turn|5\n|\n|t:|1788325127\n|move|p1a: Whimsicott|Beat Up|p1b: Annihilape\n|-damage|p1b: Annihilape|97/100\n|-damage|p1b: Annihilape|94/100\n|-hitcount|p1b: Annihilape|2\n|move|p1b: Annihilape|Rage Fist|p2b: Basculegion\n|-supereffective|p2b: Basculegion|1\n|-damage|p2b: Basculegion|0 fnt\n|faint|p2b: Basculegion\n|move|p2a: Kingambit|Iron Head|p1a: Whimsicott\n|-supereffective|p1a: Whimsicott|1\n|-damage|p1a: Whimsicott|0 fnt\n|faint|p1a: Whimsicott\n|\n|-weather|none\n|-sideend|p2: bronzongbroomsvgc|move: Tailwind\n|-fieldend|move: Psychic Terrain\n|upkeep\n|turn|6\n|\n|t:|1788325144\n|move|p2a: Kingambit|Sucker Punch|p1b: Annihilape\n|-damage|p1b: Annihilape|50/100g\n|move|p1b: Annihilape|Drain Punch|p2a: Kingambit\n|-supereffective|p2a: Kingambit|2\n|-damage|p2a: Kingambit|0 fnt\n|-heal|p1b: Annihilape|99/100|[from] drain|[of] p2a: Kingambit\n|faint|p2a: Kingambit\n|\n|win|gackajink\n||bronzongbroomsvgc is ready for game 2.\n|inactive|gackajink has 30 seconds to confirm battle start!\n||gackajink is ready for game 2.\n|uhtml|next|Next: <a href=\"/battle-gen9championsvgc2026regmbbo3-2674258383\"><strong>Game 2 of 3</strong></a>\n|l| Person_McSomeone\n|l|☆gackajink\n|player|p1|\n","uploadtime":1788325685,"views":"3","formatid":"gen9championsvgc2026regmbbo3","rating":null,"private":0,"password":null}