{"id":"gen9championsvgc2026regmbbo3-2673456382","format":"[Gen 9 Champions] VGC 2026 Reg M-B (Bo3)","players":["testdigi","k3rmitoof"],"log":"|j|☆testdigi\n|j|☆k3rmitoof\n|html|<table width=\"100%\"><tr><td align=\"left\">testdigi</td><td align=\"right\">k3rmitoof</tr><tr><td align=\"left\"><i class=\"fa fa-circle-o\"></i> <i class=\"fa fa-circle-o\"></i> </td><td align=\"right\"><i class=\"fa fa-circle-o\"></i> <i class=\"fa fa-circle\"></i> </tr></table>\n|uhtml|bestof|<h2><strong>Game 2</strong> of <a href=\"/game-bestof3-gen9championsvgc2026regmbbo3-2673454371\">a best-of-3</a></h2>\n|t:|1788199970\n|gametype|doubles\n|player|p1|testdigi|169|1277\n|player|p2|k3rmitoof|hilbert-wonderlauncher|1383\n|gen|9\n|tier|[Gen 9 Champions] VGC 2026 Reg M-B (Bo3)\n|rated|\n|rule|Species Clause: Limit one of each Pokémon\n|rule|Item Clause: Limit 1 of each item\n|clearpoke\n|poke|p1|Staraptor, L50, F, shiny|\n|poke|p1|Arcanine-Hisui, L50, M, shiny|\n|poke|p1|Kingambit, L50, F, shiny|\n|poke|p1|Sylveon, L50, M, shiny|\n|poke|p1|Raichu, L50, F, shiny|\n|poke|p1|Farigiraf, L50, F, shiny|\n|poke|p2|Blaziken, L50, F|\n|poke|p2|Gengar, L50, F, shiny|\n|poke|p2|Ninetales-Alola, L50, F|\n|poke|p2|Talonflame, L50, M|\n|poke|p2|Kingambit, L50, M|\n|poke|p2|Basculegion, L50, M|\n|teampreview|4\n|showteam|p1|Staraptor||Staraptite|Intimidate|DualWingbeat,CloseCombat,Tailwind,Protect|Jolly||F|||50|]Arcanine-Hisui||FocusSash|RockHead|FlareBlitz,HeadSmash,ExtremeSpeed,Protect|Jolly||M|||50|]Kingambit||LifeOrb|Defiant|KowtowCleave,SuckerPunch,SwordsDance,Protect|Adamant||F|||50|]Sylveon||FairyFeather|Pixilate|HyperVoice,HyperBeam,QuickAttack,Detect|Modest||M|||50|]Raichu||RaichuniteY|LightningRod|ZapCannon,FocusBlast,FakeOut,Protect|Timid||F|||50|]Farigiraf||SitrusBerry|ArmorTail|Psychic,Imprison,TrickRoom,Protect|Calm||F|||50|\n|showteam|p2|Blaziken||Blazikenite|SpeedBoost|FlareBlitz,CloseCombat,RockSlide,Detect|Adamant||F|||50|]Gengar||Gengarite|CursedBody|ShadowBall,SludgeBomb,Disable,Protect|Timid||F|||50|]Ninetales-Alola||NeverMeltIce|SnowWarning|Blizzard,FreezeDry,Encore,Protect|Timid||F|||50|]Talonflame||SharpBeak|GaleWings|DualWingbeat,Tailwind,WillOWisp,QuickGuard|Jolly||M|||50|]Kingambit||FocusSash|Defiant|KowtowCleave,SuckerPunch,LowKick,Protect|Adamant||M|||50|]Basculegion||MysticWater|Adaptability|LastRespects,WaveCrash,AquaJet,Protect|Adamant||M|||50|\n|inactive|Battle timer is ON: inactive players will automatically lose when time's up. (requested by k3rmitoof)\n|\n|t:|1788200014\n|teamsize|p1|4\n|teamsize|p2|4\n|start\n|switch|p1a: Big Chu|Raichu, L50, F, shiny|100/100\n|switch|p1b: Wasabi|Arcanine-Hisui, L50, M, shiny|100/100\n|switch|p2a: Gengar|Gengar, L50, F, shiny|100/100\n|switch|p2b: Kingambit|Kingambit, L50, M|100/100\n|turn|1\n|\n|t:|1788200038\n|detailschange|p1a: Big Chu|Raichu-Mega-Y, L50, F, shiny\n|-mega|p1a: Big Chu|Raichu|Raichunite Y\n|detailschange|p2a: Gengar|Gengar-Mega, L50, F, shiny\n|-mega|p2a: Gengar|Gengar|Gengarite\n|move|p2a: Gengar|Protect|p2a: Gengar\n|-singleturn|p2a: Gengar|Protect\n|move|p2b: Kingambit|Protect|p2b: Kingambit\n|-singleturn|p2b: Kingambit|Protect\n|move|p1a: Big Chu|Zap Cannon|p2a: Gengar\n|-activate|p2a: Gengar|move: Protect\n|move|p1b: Wasabi|Flare Blitz|p2b: Kingambit\n|-activate|p2b: Kingambit|move: Protect\n|\n|upkeep\n|turn|2\n|inactive|k3rmitoof has 30 seconds left.\n|inactive|testdigi has 30 seconds left.\n|inactive|k3rmitoof has 20 seconds left.\n|inactive|k3rmitoof has 15 seconds left.\n|\n|t:|1788200079\n|move|p1a: Big Chu|Focus Blast|p2b: Kingambit\n|-supereffective|p2b: Kingambit|2\n|-enditem|p2b: Kingambit|Focus Sash\n|-damage|p2b: Kingambit|1/100\n|-unboost|p2b: Kingambit|spd|1\n|-ability|p2b: Kingambit|Defiant|boost\n|-boost|p2b: Kingambit|atk|2\n|move|p2a: Gengar|Sludge Bomb|p1a: Big Chu\n|-damage|p1a: Big Chu|36/100\n|-status|p1a: Big Chu|psn\n|move|p1b: Wasabi|Flare Blitz|p2a: Gengar\n|-damage|p2a: Gengar|31/100\n|-status|p2a: Gengar|brn\n|move|p2b: Kingambit|Kowtow Cleave|p1a: Big Chu\n|-damage|p1a: Big Chu|0 fnt\n|faint|p1a: Big Chu\n|\n|-damage|p2a: Gengar|25/100 brn|[from] brn\n|upkeep\n|\n|t:|1788200086\n|switch|p1a: Sadie Sink|Sylveon, L50, M, shiny|100/100\n|turn|3\n|\n|t:|1788200100\n|move|p1a: Sadie Sink|Detect|p1a: Sadie Sink\n|-singleturn|p1a: Sadie Sink|Protect\n|move|p1b: Wasabi|Extreme Speed|p2b: Kingambit\n|-resisted|p2b: Kingambit|1\n|-damage|p2b: Kingambit|0 fnt\n|faint|p2b: Kingambit\n|move|p2a: Gengar|Sludge Bomb|p1a: Sadie Sink\n|-activate|p1a: Sadie Sink|move: Protect\n|\n|-damage|p2a: Gengar|19/100 brn|[from] brn\n|upkeep\n|\n|t:|1788200115\n|switch|p2b: Basculegion|Basculegion, L50, M|100/100\n|turn|4\n|\n|t:|1788200138\n|move|p2b: Basculegion|Aqua Jet|p1b: Wasabi\n|-supereffective|p1b: Wasabi|2\n|-enditem|p1b: Wasabi|Focus Sash\n|-damage|p1b: Wasabi|1/100\n|move|p1a: Sadie Sink|Quick Attack|p2a: Gengar\n|-resisted|p2a: Gengar|1\n|-damage|p2a: Gengar|11/100 brn\n|move|p2a: Gengar|Sludge Bomb|p1a: Sadie Sink\n|-supereffective|p1a: Sadie Sink|1\n|-damage|p1a: Sadie Sink|23/100\n|-status|p1a: Sadie Sink|psn\n|move|p1b: Wasabi|Flare Blitz|p2b: Basculegion\n|-resisted|p2b: Basculegion|1\n|-damage|p2b: Basculegion|68/100\n|-status|p2b: Basculegion|brn\n|\n|-damage|p1a: Sadie Sink|11/100 psn|[from] psn\n|-damage|p2a: Gengar|5/100 brn|[from] brn\n|-damage|p2b: Basculegion|62/100 brn|[from] brn\n|upkeep\n|turn|5\n|inactive|k3rmitoof has 30 seconds left.\n|inactive|k3rmitoof has 20 seconds left.\n|\n|t:|1788200177\n|move|p1b: Wasabi|Protect|p1b: Wasabi\n|-singleturn|p1b: Wasabi|Protect\n|move|p2b: Basculegion|Aqua Jet|p1b: Wasabi\n|-activate|p1b: Wasabi|move: Protect\n|move|p2a: Gengar|Shadow Ball|p1a: Sadie Sink\n|-crit|p1a: Sadie Sink\n|-damage|p1a: Sadie Sink|0 fnt\n|faint|p1a: Sadie Sink\n|\n|-damage|p2a: Gengar|0 fnt|[from] brn\n|faint|p2a: Gengar\n|-damage|p2b: Basculegion|56/100 brn|[from] brn\n|upkeep\n|\n|t:|1788200180\n|switch|p2a: Blaziken|Blaziken, L50, F|100/100\n|switch|p1a: Fridge|Farigiraf, L50, F, shiny|100/100\n|turn|6\n|inactive|testdigi has 30 seconds left.\n|inactive|k3rmitoof has 30 seconds left.\n|\n|t:|1788200211\n|move|p1b: Wasabi|Head Smash|p2b: Basculegion\n|-damage|p2b: Basculegion|0 fnt\n|faint|p2b: Basculegion\n|move|p2a: Blaziken|Rock Slide|p1b: Wasabi|[spread] p1a,p1b\n|-supereffective|p1b: Wasabi|1\n|-damage|p1a: Fridge|79/100\n|-damage|p1b: Wasabi|0 fnt\n|faint|p1b: Wasabi\n|cant|p1a: Fridge|flinch\n|\n|-ability|p2a: Blaziken|Speed Boost|boost\n|-boost|p2a: Blaziken|spe|1\n|upkeep\n|turn|7\n|\n|t:|1788200223\n|move|p2a: Blaziken|Flare Blitz|p1a: Fridge\n|-damage|p1a: Fridge|24/100\n|-enditem|p1a: Fridge|Sitrus Berry|[eat]\n|-heal|p1a: Fridge|49/100|[from] item: Sitrus Berry\n|-damage|p2a: Blaziken|73/100|[from] Recoil\n|move|p1a: Fridge|Psychic|p2a: Blaziken\n|-supereffective|p2a: Blaziken|1\n|-damage|p2a: Blaziken|0 fnt\n|faint|p2a: Blaziken\n|\n|win|testdigi\n||k3rmitoof is ready for game 3.\n||testdigi is ready for game 3.\n|uhtml|next|Next: <a href=\"/battle-gen9championsvgc2026regmbbo3-2673458517\"><strong>Game 3 of 3</strong></a>\n","uploadtime":1788199973,"views":"2","formatid":"gen9championsvgc2026regmbbo3","rating":null,"private":0,"password":null}