{"id":"gen9championsvgc2026regmb-2674245461","format":"[Gen 9 Champions] VGC 2026 Reg M-B","players":["rosawpark","not questy"],"log":"|j|☆rosawpark\n|j|☆not questy\n|html|<table width=\"100%\"><tr><td align=\"left\">rosawpark</td><td align=\"right\">not questy</tr><tr><td align=\"left\"><i class=\"fa fa-circle-o\"></i> <i class=\"fa fa-circle-o\"></i> </td><td align=\"right\"><i class=\"fa fa-circle-o\"></i> <i class=\"fa fa-circle-o\"></i> </tr></table>\n|uhtml|bestof|<h2><strong>Game 1</strong> of <a href=\"/game-bestof3-gen9championsvgc2026regmb-2674245460\">a best-of-3</a></h2>\n|t:|1788322350\n|gametype|doubles\n|player|p1|rosawpark|wallace|\n|player|p2|not questy|n|\n|gen|9\n|tier|[Gen 9 Champions] VGC 2026 Reg M-B\n|rule|Species Clause: Limit one of each Pokémon\n|rule|Item Clause: Limit 1 of each item\n|raw|<div class=\"infobox\"><details class=\"readmore\" open><summary><strong>1 custom rule:</strong></summary> Best of = 3</details></div>\n|clearpoke\n|poke|p1|Archaludon, L50, F|\n|poke|p1|Sableye, L50, F|\n|poke|p1|Toxicroak, L50, M|\n|poke|p1|Sinistcha, L50|\n|poke|p1|Simipour, L50, M|\n|poke|p1|Toucannon, L50, M, shiny|\n|poke|p2|Eelektross, L50, F|\n|poke|p2|Clefable, L50, F|\n|poke|p2|Blaziken, L50, F|\n|poke|p2|Corviknight, L50, M|\n|poke|p2|Primarina, L50, F|\n|poke|p2|Toxapex, L50, F|\n|teampreview|4\nrosawpark rejected open team sheets.\n|j| imsoporkechopped\n|j| Puffii_\n|j| builtshtuppid\n|\n|t:|1788322424\n|teamsize|p1|4\n|teamsize|p2|4\n|start\n|switch|p1a: Archaludon|Archaludon, L50, F|100/100\n|switch|p1b: Sableye|Sableye, L50, F|100/100\n|switch|p2a: Eelektross|Eelektross, L50, F|100/100\n|switch|p2b: Clefable|Clefable, L50, F|100/100\n|turn|1\n|\n|t:|1788322466\n|detailschange|p2a: Eelektross|Eelektross-Mega, L50, F\n|-mega|p2a: Eelektross|Eelektross|Eelektrossite\n|move|p1a: Archaludon|Protect|p1a: Archaludon\n|-singleturn|p1a: Archaludon|Protect\n|move|p1b: Sableye|Rain Dance|p1b: Sableye\n|-weather|RainDance\n|move|p2a: Eelektross|Coil|p2a: Eelektross\n|-boost|p2a: Eelektross|atk|1\n|-boost|p2a: Eelektross|def|1\n|-boost|p2a: Eelektross|accuracy|1\n|move|p2b: Clefable|Moonblast|p1b: Sableye\n|-supereffective|p1b: Sableye|1\n|-damage|p1b: Sableye|0 fnt\n|faint|p1b: Sableye\n|-damage|p2b: Clefable|90/100|[from] item: Life Orb\n|\n|-weather|RainDance|[upkeep]\n|upkeep\n|\n|t:|1788322478\n|switch|p1b: Toxicroak|Toxicroak, L50, M|100/100\n|turn|2\n|\n|t:|1788322516\n|move|p1b: Toxicroak|Fake Out|p2a: Eelektross\n|-damage|p2a: Eelektross|88/100\n|move|p2b: Clefable|Follow Me|p2b: Clefable\n|-singleturn|p2b: Clefable|move: Follow Me\n|cant|p2a: Eelektross|flinch\n|move|p1a: Archaludon|Flash Cannon|p2b: Clefable\n|-supereffective|p2b: Clefable|1\n|-damage|p2b: Clefable|0 fnt\n|faint|p2b: Clefable\n|-damage|p1a: Archaludon|90/100|[from] item: Life Orb\n|\n|-weather|RainDance|[upkeep]\n|upkeep\n|\n|t:|1788322535\n|switch|p2b: Corviknight|Corviknight, L50, M|100/100\n|turn|3\n|\n|t:|1788322578\n|switch|p1b: Sinistcha|Sinistcha, L50|100/100\n|-heal|p1a: Archaludon|100/100|[from] ability: Hospitality|[of] p1b: Sinistcha\n|move|p2a: Eelektross|Thunder Punch|p1b: Sinistcha\n|-resisted|p1b: Sinistcha|1\n|-damage|p1b: Sinistcha|76/100\n|move|p1a: Archaludon|Electro Shot||[still]\n|-prepare|p1a: Archaludon|Electro Shot\n|-boost|p1a: Archaludon|spa|1\n|-anim|p1a: Archaludon|Electro Shot|p2b: Corviknight\n|-supereffective|p2b: Corviknight|1\n|-damage|p2b: Corviknight|0 fnt\n|faint|p2b: Corviknight\n|-damage|p1a: Archaludon|90/100|[from] item: Life Orb\n|\n|-weather|RainDance|[upkeep]\n|-heal|p1b: Sinistcha|83/100|[from] item: Leftovers\n|upkeep\n|\n|t:|1788322594\n|switch|p2b: Primarina|Primarina, L50, F|100/100\n|turn|4\n|\n|t:|1788322611\n|move|p2a: Eelektross|Drain Punch|p1a: Archaludon\n|-supereffective|p1a: Archaludon|1\n|-damage|p1a: Archaludon|29/100\n|-heal|p2a: Eelektross|100/100|[from] drain|[of] p1a: Archaludon\n|-ability|p1a: Archaludon|Stamina|boost\n|-boost|p1a: Archaludon|def|1\n|move|p1a: Archaludon|Electro Shot||[still]\n|-prepare|p1a: Archaludon|Electro Shot\n|-boost|p1a: Archaludon|spa|1\n|-anim|p1a: Archaludon|Electro Shot|p2b: Primarina\n|-supereffective|p2b: Primarina|1\n|-damage|p2b: Primarina|0 fnt\n|faint|p2b: Primarina\n|-damage|p1a: Archaludon|19/100|[from] item: Life Orb\n|move|p1b: Sinistcha|Matcha Gotcha|p2a: Eelektross\n|-crit|p2a: Eelektross\n|-damage|p2a: Eelektross|38/100\n|-heal|p1b: Sinistcha|100/100|[from] drain|[of] p2a: Eelektross\n|\n|-weather|RainDance|[upkeep]\n|upkeep\n|turn|5\n|\n|t:|1788322638\n|move|p1a: Archaludon|Protect|p1a: Archaludon\n|-singleturn|p1a: Archaludon|Protect\n|move|p2a: Eelektross|Drain Punch|p1a: Archaludon\n|-activate|p1a: Archaludon|move: Protect\n|move|p1b: Sinistcha|Matcha Gotcha|p2a: Eelektross\n|-damage|p2a: Eelektross|0 fnt\n|faint|p2a: Eelektross\n|\n|win|rosawpark\n||not questy is ready for game 2.\n||rosawpark is ready for game 2.\n|uhtml|next|Next: <a href=\"/battle-gen9championsvgc2026regmb-2674246816\"><strong>Game 2 of 3</strong></a>\n","uploadtime":1788323376,"views":"11","formatid":"gen9championsvgc2026regmb","rating":null,"private":0,"password":null}