{"id":"gen9championsvgc2026regmb-2674701778","format":"[Gen 9 Champions] VGC 2026 Reg M-B","players":["Zapdos79","pedrohfahfa"],"log":"|j|☆Zapdos79\n|j|☆pedrohfahfa\n|t:|1788392803\n|gametype|doubles\n|player|p1|Zapdos79|flannery|1229\n|player|p2|pedrohfahfa|1|1293\n|gen|9\n|tier|[Gen 9 Champions] VGC 2026 Reg M-B\n|rated|\n|rule|Species Clause: Limit one of each Pokémon\n|rule|Item Clause: Limit 1 of each item\n|clearpoke\n|poke|p1|Espathra, L50, F|\n|poke|p1|Floette-Eternal, L50, F|\n|poke|p1|Charizard, L50, M|\n|poke|p1|Zoroark-Hisui, L50, M|\n|poke|p1|Sneasler, L50, F|\n|poke|p1|Kingambit, L50, M|\n|poke|p2|Venusaur, L50, M, shiny|\n|poke|p2|Umbreon, L50, M, shiny|\n|poke|p2|Toxapex, L50, F, shiny|\n|poke|p2|Glimmora, L50, F, shiny|\n|poke|p2|Grimmsnarl, L50, M, shiny|\n|poke|p2|Arcanine, L50, M, shiny|\n|teampreview|4\n|inactive|Battle timer is ON: inactive players will automatically lose when time's up. (requested by pedrohfahfa)\n|inactive|Zapdos79 has 60 seconds left.\n|\n|t:|1788392935\n|teamsize|p1|4\n|teamsize|p2|4\n|start\n|switch|p1a: Espathra|Espathra, L50, F|100/100\n|switch|p1b: Sneasler|Sneasler, L50, F|100/100\n|switch|p2a: Grimmsnarl|Grimmsnarl, L50, M, shiny|100/100\n|switch|p2b: Mariane|Toxapex, L50, F, shiny|100/100\n|turn|1\n|\n|t:|1788392950\n|move|p1b: Sneasler|Fake Out|p2a: Grimmsnarl\n|-damage|p2a: Grimmsnarl|83/100\n|cant|p2a: Grimmsnarl|flinch\n|move|p1a: Espathra|Calm Mind|p1a: Espathra\n|-boost|p1a: Espathra|spa|1\n|-boost|p1a: Espathra|spd|1\n|move|p2b: Mariane|Toxic|p1a: Espathra\n|-status|p1a: Espathra|tox\n|\n|-damage|p1a: Espathra|93/100 tox|[from] psn\n|-ability|p1a: Espathra|Speed Boost|boost\n|-boost|p1a: Espathra|spe|1\n|upkeep\n|turn|2\n|\n|t:|1788392966\n|move|p1a: Espathra|Protect|p1a: Espathra\n|-singleturn|p1a: Espathra|Protect\n|move|p2a: Grimmsnarl|Light Screen|p2a: Grimmsnarl\n|-sidestart|p2: pedrohfahfa|move: Light Screen\n|move|p1b: Sneasler|Dire Claw|p2a: Grimmsnarl\n|-supereffective|p2a: Grimmsnarl|1\n|-damage|p2a: Grimmsnarl|0 fnt\n|faint|p2a: Grimmsnarl\n|move|p2b: Mariane|Haze|p2b: Mariane\n|-clearallboost\n|\n|-damage|p1a: Espathra|81/100 tox|[from] psn\n|-ability|p1a: Espathra|Speed Boost|boost\n|-boost|p1a: Espathra|spe|1\n|upkeep\n|\n|t:|1788392981\n|switch|p2a: Indiana|Arcanine, L50, M, shiny|100/100\n|-ability|p2a: Indiana|Intimidate|boost\n|-unboost|p1a: Espathra|atk|1\n|-unboost|p1b: Sneasler|atk|1\n|-enditem|p1b: Sneasler|White Herb\n|-clearnegativeboost|p1b: Sneasler|[silent]\n|turn|3\n|\n|t:|1788392995\n|move|p1b: Sneasler|Close Combat|p2a: Indiana\n|-damage|p2a: Indiana|37/100\n|-unboost|p1b: Sneasler|def|1\n|-unboost|p1b: Sneasler|spd|1\n|move|p1a: Espathra|Lumina Crash|p2b: Mariane\n|-supereffective|p2b: Mariane|1\n|-damage|p2b: Mariane|66/100\n|-unboost|p2b: Mariane|spd|2\n|move|p2a: Indiana|Will-O-Wisp|p1b: Sneasler\n|-status|p1b: Sneasler|brn\n|move|p2b: Mariane|Infestation|p1b: Sneasler\n|-resisted|p1b: Sneasler|2\n|-damage|p1b: Sneasler|98/100 brn\n|-activate|p1b: Sneasler|move: Infestation|[of] p2b: Mariane\n|\n|-damage|p1a: Espathra|62/100 tox|[from] psn\n|-damage|p1b: Sneasler|92/100 brn|[from] brn\n|-damage|p1b: Sneasler|80/100 brn|[from] move: Infestation|[partiallytrapped]\n|-ability|p1a: Espathra|Speed Boost|boost\n|-boost|p1a: Espathra|spe|1\n|upkeep\n|turn|4\n|\n|t:|1788393017\n|-heal|p2b: Mariane|100/100|[from] ability: Regenerator|[silent]\n|switch|p2b: Michael|Umbreon, L50, M, shiny|100/100\n|move|p1b: Sneasler|Close Combat|p2a: Indiana\n|-damage|p2a: Indiana|5/100\n|-unboost|p1b: Sneasler|def|1\n|-unboost|p1b: Sneasler|spd|1\n|move|p1a: Espathra|Lumina Crash|p2b: Michael\n|-immune|p2b: Michael\n|move|p2a: Indiana|Morning Sun|p2a: Indiana\n|-heal|p2a: Indiana|54/100\n|\n|-damage|p1a: Espathra|37/100 tox|[from] psn\n|-damage|p1b: Sneasler|74/100 brn|[from] brn\n|-end|p1b: Sneasler|Infestation|[partiallytrapped]|[silent]\n|-ability|p1a: Espathra|Speed Boost|boost\n|-boost|p1a: Espathra|spe|1\n|upkeep\n|-enditem|p1a: Espathra|Sitrus Berry|[eat]\n|-heal|p1a: Espathra|62/100 tox|[from] item: Sitrus Berry\n|turn|5\n|\n|t:|1788393037\n|move|p2a: Indiana|Protect|p2a: Indiana\n|-singleturn|p2a: Indiana|Protect\n|move|p1b: Sneasler|Close Combat|p2b: Michael\n|-supereffective|p2b: Michael|1\n|-damage|p2b: Michael|51/100\n|-unboost|p1b: Sneasler|def|1\n|-unboost|p1b: Sneasler|spd|1\n|move|p1a: Espathra|Calm Mind|p1a: Espathra\n|-boost|p1a: Espathra|spa|1\n|-boost|p1a: Espathra|spd|1\n|move|p2b: Michael|Wish|p2b: Michael\n|\n|-heal|p2b: Michael|57/100|[from] item: Leftovers\n|-damage|p1a: Espathra|31/100 tox|[from] psn\n|-damage|p1b: Sneasler|69/100 brn|[from] brn\n|-ability|p1a: Espathra|Speed Boost|boost\n|-boost|p1a: Espathra|spe|1\n|upkeep\n|turn|6\n|inactive|Zapdos79 has 30 seconds left.\n|\n|t:|1788393067\n|switch|p2b: Mariane|Toxapex, L50, F, shiny|100/100\n|move|p1a: Espathra|Baton Pass|p1a: Espathra\n|\n|t:|1788393071\n|switch|p1a: Kingambit|Kingambit, L50, M|100/100|[from] Baton Pass\n|move|p1b: Sneasler|Close Combat|p2a: Indiana\n|-damage|p2a: Indiana|21/100\n|-unboost|p1b: Sneasler|def|1\n|-unboost|p1b: Sneasler|spd|1\n|move|p2a: Indiana|Morning Sun|p2a: Indiana\n|-heal|p2a: Indiana|71/100\n|\n|-damage|p1b: Sneasler|63/100 brn|[from] brn\n|upkeep\n|turn|7\n|inactive|Zapdos79 has 30 seconds left.\n|\n|t:|1788393096\n|move|p2a: Indiana|Protect|p2a: Indiana\n|-singleturn|p2a: Indiana|Protect\n|move|p1a: Kingambit|Bitter Malice|p2b: Mariane\n|-damage|p2b: Mariane|69/100\n|-unboost|p2b: Mariane|atk|1\n|move|p1b: Sneasler|Dire Claw|p2a: Indiana\n|-activate|p2a: Indiana|move: Protect\n|move|p2b: Mariane|Infestation|p1a: Kingambit\n|-resisted|p1a: Kingambit|1\n|-damage|p1a: Kingambit|97/100\n|-activate|p1a: Kingambit|move: Infestation|[of] p2b: Mariane\n|replace|p1a: Zoroark|Zoroark-Hisui, L50, M\n|-end|p1a: Zoroark|Illusion\n|\n|-damage|p1b: Sneasler|57/100 brn|[from] brn\n|-damage|p1a: Zoroark|85/100|[from] move: Infestation|[partiallytrapped]\n|upkeep\n|turn|8\n|\n|t:|1788393120\n|move|p1a: Zoroark|Hyper Voice|p2a: Indiana|[spread] p2a,p2b\n|-damage|p2a: Indiana|43/100\n|-damage|p2b: Mariane|39/100\n|-enditem|p2b: Mariane|Sitrus Berry|[eat]\n|-heal|p2b: Mariane|64/100|[from] item: Sitrus Berry\n|move|p1b: Sneasler|Close Combat|p2a: Indiana\n|-damage|p2a: Indiana|8/100\n|-unboost|p1b: Sneasler|def|1\n|-unboost|p1b: Sneasler|spd|1\n|move|p2a: Indiana|Morning Sun|p2a: Indiana\n|-heal|p2a: Indiana|58/100\n|move|p2b: Mariane|Haze|p2b: Mariane\n|-clearallboost\n|\n|-damage|p1b: Sneasler|51/100 brn|[from] brn\n|-damage|p1a: Zoroark|73/100|[from] move: Infestation|[partiallytrapped]\n|upkeep\n|turn|9\n|\n|t:|1788393142\n|switch|p1b: Espathra|Espathra, L50, F|31/100 tox\n|move|p2a: Indiana|Protect|p2a: Indiana\n|-singleturn|p2a: Indiana|Protect\n|move|p1a: Zoroark|Hyper Voice|p2b: Mariane|[spread] p2b\n|-activate|p2a: Indiana|move: Protect\n|-damage|p2b: Mariane|43/100\n|move|p2b: Mariane|Toxic|p1a: Zoroark\n|-status|p1a: Zoroark|tox\n|\n|-damage|p1a: Zoroark|67/100 tox|[from] psn\n|-damage|p1b: Espathra|25/100 tox|[from] psn\n|-damage|p1a: Zoroark|55/100 tox|[from] move: Infestation|[partiallytrapped]\n|-sideend|p2: pedrohfahfa|move: Light Screen\n|upkeep\n|turn|10\n|\n|t:|1788393164\n|-heal|p2b: Mariane|76/100|[from] ability: Regenerator|[silent]\n|switch|p2b: Michael|Umbreon, L50, M, shiny|57/100\n|move|p1a: Zoroark|Hyper Voice|p2b: Michael|[spread] p2a,p2b\n|-damage|p2a: Indiana|31/100\n|-damage|p2b: Michael|39/100\n|move|p1b: Espathra|Lumina Crash|p2a: Indiana\n|-damage|p2a: Indiana|10/100\n|-unboost|p2a: Indiana|spd|2\n|move|p2a: Indiana|Morning Sun|p2a: Indiana\n|-heal|p2a: Indiana|59/100\n|\n|-heal|p2b: Michael|45/100|[from] item: Leftovers\n|-damage|p1a: Zoroark|43/100 tox|[from] psn\n|-damage|p1b: Espathra|12/100 tox|[from] psn\n|-end|p1a: Zoroark|Infestation|[partiallytrapped]|[silent]\n|-ability|p1b: Espathra|Speed Boost|boost\n|-boost|p1b: Espathra|spe|1\n|upkeep\n|turn|11\n|\n|t:|1788393187\n|switch|p1b: Kingambit|Kingambit, L50, M|100/100\n|move|p2a: Indiana|Protect|p2a: Indiana\n|-singleturn|p2a: Indiana|Protect\n|move|p1a: Zoroark|Hyper Voice|p2a: Indiana|[spread] p2b\n|-activate|p2a: Indiana|move: Protect\n|-damage|p2b: Michael|26/100\n|move|p2b: Michael|Wish|p2b: Michael\n|\n|-heal|p2b: Michael|32/100|[from] item: Leftovers\n|-damage|p1a: Zoroark|25/100 tox|[from] psn\n|upkeep\n|turn|12\n|\n|t:|1788393205\n|switch|p2a: Mariane|Toxapex, L50, F, shiny|76/100\n|move|p2b: Michael|Protect|p2b: Michael\n|-singleturn|p2b: Michael|Protect\n|move|p1a: Zoroark|Bitter Malice|p2a: Mariane\n|-damage|p2a: Mariane|41/100\n|-unboost|p2a: Mariane|atk|1\n|move|p1b: Kingambit|Low Kick|p2b: Michael\n|-activate|p2b: Michael|move: Protect\n|\n|-heal|p2b: Michael|82/100|[from] move: Wish|[wisher] Michael\n|-heal|p2b: Michael|88/100|[from] item: Leftovers\n|-damage|p1a: Zoroark|1/100 tox|[from] psn\n|upkeep\n|turn|13\n|\n|t:|1788393227\n|move|p2b: Michael|Protect||[still]\n|-fail|p2b: Michael\n|move|p1a: Zoroark|Will-O-Wisp|p2b: Michael|[miss]\n|-miss|p1a: Zoroark|p2b: Michael\n|move|p1b: Kingambit|Kowtow Cleave|p2a: Mariane\n|-damage|p2a: Mariane|0 fnt\n|faint|p2a: Mariane\n|-damage|p1b: Kingambit|90/100|[from] item: Life Orb\n|\n|-heal|p2b: Michael|94/100|[from] item: Leftovers\n|-damage|p1a: Zoroark|0 fnt|[from] psn\n|faint|p1a: Zoroark\n|upkeep\n|\n|t:|1788393242\n|switch|p1a: Espathra|Espathra, L50, F|12/100 tox\n|switch|p2a: Indiana|Arcanine, L50, M, shiny|59/100\n|-ability|p2a: Indiana|Intimidate|boost\n|-unboost|p1a: Espathra|atk|1\n|-unboost|p1b: Kingambit|atk|1\n|-ability|p1b: Kingambit|Defiant|boost\n|-boost|p1b: Kingambit|atk|2\n|turn|14\n|inactive|Zapdos79 has 30 seconds left.\n|\n|t:|1788393268\n|move|p1b: Kingambit|Protect|p1b: Kingambit\n|-singleturn|p1b: Kingambit|Protect\n|move|p1a: Espathra|Lumina Crash|p2a: Indiana\n|-damage|p2a: Indiana|38/100\n|-unboost|p2a: Indiana|spd|2\n|move|p2a: Indiana|Will-O-Wisp|p1b: Kingambit\n|-activate|p1b: Kingambit|move: Protect\n|move|p2b: Michael|Wish|p2b: Michael\n|\n|-heal|p2b: Michael|100/100|[from] item: Leftovers\n|-damage|p1a: Espathra|6/100 tox|[from] psn\n|-ability|p1a: Espathra|Speed Boost|boost\n|-boost|p1a: Espathra|spe|1\n|upkeep\n|turn|15\n|\n|t:|1788393291\n|switch|p1a: Sneasler|Sneasler, L50, F|51/100 brn\n|move|p2a: Indiana|Protect|p2a: Indiana\n|-singleturn|p2a: Indiana|Protect\n|move|p2b: Michael|Foul Play|p1b: Kingambit\n|-resisted|p1b: Kingambit|1\n|-damage|p1b: Kingambit|57/100\n|move|p1b: Kingambit|Low Kick|p2b: Michael\n|-supereffective|p2b: Michael|1\n|-damage|p2b: Michael|31/100\n|-damage|p1b: Kingambit|47/100|[from] item: Life Orb\n|\n|-heal|p2b: Michael|81/100|[from] move: Wish|[wisher] Michael\n|-heal|p2b: Michael|87/100|[from] item: Leftovers\n|-damage|p1a: Sneasler|45/100 brn|[from] brn\n|upkeep\n|turn|16\n|\n|t:|1788393314\n|move|p2b: Michael|Protect|p2b: Michael\n|-singleturn|p2b: Michael|Protect\n|move|p1a: Sneasler|Close Combat|p2a: Indiana\n|-damage|p2a: Indiana|2/100\n|-unboost|p1a: Sneasler|def|1\n|-unboost|p1a: Sneasler|spd|1\n|move|p2a: Indiana|Heat Wave|p1b: Kingambit|[spread] p1a,p1b\n|-supereffective|p1b: Kingambit|1\n|-damage|p1a: Sneasler|1/100 brn\n|-damage|p1b: Kingambit|0 fnt\n|faint|p1b: Kingambit\n|\n|-heal|p2b: Michael|93/100|[from] item: Leftovers\n|-damage|p1a: Sneasler|0 fnt|[from] brn\n|faint|p1a: Sneasler\n|upkeep\n|\n|t:|1788393323\n|switch|p1b: Espathra|Espathra, L50, F|6/100 tox\n|turn|17\n|\n|t:|1788393335\n|move|p1b: Espathra|Protect|p1b: Espathra\n|-singleturn|p1b: Espathra|Protect\n|move|p2a: Indiana|Morning Sun|p2a: Indiana\n|-heal|p2a: Indiana|51/100\n|move|p2b: Michael|Foul Play|p1b: Espathra\n|-activate|p1b: Espathra|move: Protect\n|\n|-heal|p2b: Michael|99/100|[from] item: Leftovers\n|-damage|p1b: Espathra|1/100 tox|[from] psn\n|-ability|p1b: Espathra|Speed Boost|boost\n|-boost|p1b: Espathra|spe|1\n|upkeep\n|turn|18\n|c|☆Zapdos79|gvg\n|\n|t:|1788393350\n|move|p2a: Indiana|Protect|p2a: Indiana\n|-singleturn|p2a: Indiana|Protect\n|move|p2b: Michael|Protect|p2b: Michael\n|-singleturn|p2b: Michael|Protect\n|move|p1b: Espathra|Lumina Crash|p2a: Indiana\n|-activate|p2a: Indiana|move: Protect\n|\n|-heal|p2b: Michael|100/100|[from] item: Leftovers\n|-damage|p1b: Espathra|0 fnt|[from] psn\n|faint|p1b: Espathra\n|\n|win|pedrohfahfa\n|raw|Zapdos79's rating: 1229 &rarr; <strong>1209</strong><br />(-20 for losing)\n|raw|pedrohfahfa's rating: 1293 &rarr; <strong>1313</strong><br />(+20 for winning)\n|l|☆pedrohfahfa\n|player|p2|\n","uploadtime":1788393371,"views":"9","formatid":"gen9championsvgc2026regmb","rating":1209,"private":0,"password":null}