{"id":"gen9championsvgc2026regmbbo3-2674976288","format":"[Gen 9 Champions] VGC 2026 Reg M-B (Bo3)","players":["amo minha mulher","PolpettaVGC"],"log":"|j|☆amo minha mulher\n|j|☆PolpettaVGC\n|html|<table width=\"100%\"><tr><td align=\"left\">amo minha mulher</td><td align=\"right\">PolpettaVGC</tr><tr><td align=\"left\"><i class=\"fa fa-circle\"></i> <i class=\"fa fa-circle-o\"></i> </td><td align=\"right\"><i class=\"fa fa-circle-o\"></i> <i class=\"fa fa-circle\"></i> </tr></table>\n|uhtml|bestof|<h2><strong>Game 3</strong> of <a href=\"/game-bestof3-gen9championsvgc2026regmbbo3-2674973626\">a best-of-3</a></h2>\n|t:|1788444295\n|gametype|doubles\n|player|p1|amo minha mulher|1|1115\n|player|p2|PolpettaVGC|pokekid|1196\n|gen|9\n|tier|[Gen 9 Champions] VGC 2026 Reg M-B (Bo3)\n|rated|\n|rule|Species Clause: Limit one of each Pokémon\n|rule|Item Clause: Limit 1 of each item\n|clearpoke\n|poke|p1|Scovillain, L50, M, shiny|\n|poke|p1|Basculegion, L50, M|\n|poke|p1|Kingambit, L50, M|\n|poke|p1|Sneasler, L50, F|\n|poke|p1|Lycanroc-Dusk, L50, F|\n|poke|p1|Froslass, L50, F|\n|poke|p2|Incineroar, L50, F|\n|poke|p2|Samurott-Hisui, L50, M|\n|poke|p2|Sinistcha, L50|\n|poke|p2|Sneasler, L50, M|\n|poke|p2|Floette-Eternal, L50, F|\n|poke|p2|Delphox, L50, M|\n|teampreview|4\n|showteam|p1|Scovillain||Scovillainite|Moody|GigaDrain,Overheat,RagePowder,Protect|Bold||M|||50|]Basculegion||LifeOrb|Adaptability|WaveCrash,LastRespects,AquaJet,Protect|Adamant||M|||50|]Kingambit||BlackGlasses|Defiant|KowtowCleave,SuckerPunch,SwordsDance,Protect|Adamant||M|||50|]Sneasler||WhiteHerb|Unburden|CloseCombat,DireClaw,Protect,FakeOut|Adamant||F|||50|]Lycanroc-Dusk||FocusSash|ToughClaws|CloseCombat,Accelerock,RockSlide,Protect|Adamant||F|||50|]Froslass||Froslassite|CursedBody|Blizzard,ShadowBall,AuroraVeil,Protect|Timid||F|||50|\n|showteam|p2|Incineroar||SitrusBerry|Intimidate|FakeOut,FlareBlitz,DarkestLariat,PartingShot|Careful||F|||50|]Samurott-Hisui||ChoiceScarf|Sharpness|RazorShell,NightSlash,SacredSword,FlipTurn|Jolly||M|||50|]Sinistcha||OccaBerry|Hospitality|MatchaGotcha,LifeDew,RagePowder,Protect|Relaxed|||||50|]Sneasler||FocusSash|PoisonTouch|FakeOut,CloseCombat,PoisonJab,RockSlide|Jolly||M|||50|]Floette-Eternal||Floettite|FlowerVeil|Moonblast,DazzlingGleam,CalmMind,Protect|Modest||F|||50|]Delphox||Delphoxite|Blaze|Psychic,HeatWave,NastyPlot,Protect|Timid||M|||50|\n|inactive|Battle timer is ON: inactive players will automatically lose when time's up. (requested by PolpettaVGC)\n|inactive|amo minha mulher has 60 seconds left.\n|inactive|PolpettaVGC has 60 seconds left.\n|\n|t:|1788444350\n|teamsize|p1|4\n|teamsize|p2|4\n|start\n|switch|p1a: DDee|Lycanroc-Dusk, L50, F|100/100\n|switch|p1b: John Dogs|Scovillain, L50, M, shiny|100/100\n|switch|p2a: Sneasler|Sneasler, L50, M|100/100\n|switch|p2b: Samurott|Samurott-Hisui, L50, M|100/100\n|turn|1\n|inactive|PolpettaVGC has 30 seconds left.\n|inactive|amo minha mulher has 30 seconds left.\n|\n|t:|1788444385\n|switch|p2b: Delphox|Delphox, L50, M|100/100\n|detailschange|p1b: John Dogs|Scovillain-Mega, L50, M, shiny\n|-mega|p1b: John Dogs|Scovillain|Scovillainite\n|move|p1b: John Dogs|Protect|p1b: John Dogs\n|-singleturn|p1b: John Dogs|Protect\n|move|p2a: Sneasler|Fake Out|p1a: DDee\n|-resisted|p1a: DDee|1\n|-damage|p1a: DDee|88/100\n|cant|p1a: DDee|flinch\n|\n|upkeep\n|turn|2\n|inactive|PolpettaVGC has 30 seconds left.\n|\n|t:|1788444415\n|switch|p2a: Sinistcha|Sinistcha, L50|100/100\n|detailschange|p2b: Delphox|Delphox-Mega, L50, M\n|-mega|p2b: Delphox|Delphox|Delphoxite\n|move|p2b: Delphox|Protect|p2b: Delphox\n|-singleturn|p2b: Delphox|Protect\n|move|p1b: John Dogs|Rage Powder|p1b: John Dogs\n|-singleturn|p1b: John Dogs|move: Rage Powder\n|move|p1a: DDee|Rock Slide|p2b: Delphox|[spread] p2a\n|-activate|p2b: Delphox|move: Protect\n|-damage|p2a: Sinistcha|78/100\n|\n|upkeep\n|turn|3\n|\n|t:|1788444437\n|move|p2a: Sinistcha|Rage Powder|p2a: Sinistcha\n|-singleturn|p2a: Sinistcha|move: Rage Powder\n|move|p2b: Delphox|Heat Wave|p1b: John Dogs|[spread] p1a,p1b\n|-resisted|p1a: DDee|1\n|-damage|p1a: DDee|56/100\n|-damage|p1b: John Dogs|61/100\n|move|p1a: DDee|Rock Slide|p2a: Sinistcha|[spread] p2a,p2b\n|-supereffective|p2b: Delphox|1\n|-damage|p2a: Sinistcha|52/100\n|-damage|p2b: Delphox|30/100\n|move|p1b: John Dogs|Overheat|p2a: Sinistcha\n|-supereffective|p2a: Sinistcha|1\n|-enditem|p2a: Sinistcha|Occa Berry|[eat]\n|-enditem|p2a: Sinistcha|Occa Berry|[weaken]\n|-damage|p2a: Sinistcha|0 fnt\n|-unboost|p1b: John Dogs|spa|2\n|faint|p2a: Sinistcha\n|\n|upkeep\n|\n|t:|1788444456\n|switch|p2a: Sneasler|Sneasler, L50, M|100/100\n|turn|4\n|\n|t:|1788444467\n|switch|p1b: Kids|Kingambit, L50, M|100/100\n|move|p1a: DDee|Protect|p1a: DDee\n|-singleturn|p1a: DDee|Protect\n|move|p2a: Sneasler|Fake Out|p1a: DDee\n|-activate|p1a: DDee|move: Protect\n|move|p2b: Delphox|Heat Wave|p1a: DDee|[spread] p1b\n|-activate|p1a: DDee|move: Protect\n|-supereffective|p1b: Kids|1\n|-damage|p1b: Kids|29/100\n|\n|upkeep\n|turn|5\n|inactive|PolpettaVGC has 30 seconds left.\n|inactive|PolpettaVGC has 20 seconds left.\n|\n|t:|1788444502\n|switch|p2b: Samurott|Samurott-Hisui, L50, M|100/100\n|switch|p1b: John Dogs|Scovillain-Mega, L50, M, shiny|61/100\n|move|p1a: DDee|Accelerock|p2b: Samurott\n|-damage|p2b: Samurott|65/100\n|move|p2a: Sneasler|Rock Slide|p1a: DDee|[spread] p1a\n|-miss|p2a: Sneasler|p1b: John Dogs\n|-damage|p1a: DDee|24/100\n|\n|upkeep\n|turn|6\n|inactive|amo minha mulher has 30 seconds left.\n|\n|t:|1788444528\n|switch|p2b: Delphox|Delphox-Mega, L50, M|30/100\n|move|p1a: DDee|Protect|p1a: DDee\n|-singleturn|p1a: DDee|Protect\n|move|p2a: Sneasler|Rock Slide|p1b: John Dogs|[spread] p1b\n|-activate|p1a: DDee|move: Protect\n|-supereffective|p1b: John Dogs|1\n|-damage|p1b: John Dogs|20/100y\n|-status|p2a: Sneasler|brn|[from] ability: Spicy Spray|[of] p1b: John Dogs\n|move|p1b: John Dogs|Giga Drain|p2b: Delphox\n|-resisted|p2b: Delphox|1\n|-damage|p2b: Delphox|16/100\n|-heal|p1b: John Dogs|27/100|[from] drain|[of] p2b: Delphox\n|\n|-damage|p2a: Sneasler|94/100 brn|[from] brn\n|upkeep\n|turn|7\n|\n|t:|1788444552\n|move|p2b: Delphox|Protect|p2b: Delphox\n|-singleturn|p2b: Delphox|Protect\n|move|p1b: John Dogs|Rage Powder|p1b: John Dogs\n|-singleturn|p1b: John Dogs|move: Rage Powder\n|move|p1a: DDee|Accelerock|p2b: Delphox\n|-activate|p2b: Delphox|move: Protect\n|move|p2a: Sneasler|Close Combat|p1b: John Dogs\n|-damage|p1b: John Dogs|0 fnt\n|-unboost|p2a: Sneasler|def|1\n|-unboost|p2a: Sneasler|spd|1\n|faint|p1b: John Dogs\n|\n|-damage|p2a: Sneasler|88/100 brn|[from] brn\n|upkeep\n|\n|t:|1788444557\n|switch|p1b: Cisco|Sneasler, L50, F|100/100\n|turn|8\n|inactive|amo minha mulher has 30 seconds left.\n|\n|t:|1788444589\n|switch|p2b: Samurott|Samurott-Hisui, L50, M|65/100\n|move|p1a: DDee|Accelerock|p2b: Samurott\n|-damage|p2b: Samurott|27/100\n|move|p2a: Sneasler|Close Combat|p1a: DDee\n|-supereffective|p1a: DDee|1\n|-damage|p1a: DDee|0 fnt\n|-unboost|p2a: Sneasler|def|1\n|-unboost|p2a: Sneasler|spd|1\n|faint|p1a: DDee\n|move|p1b: Cisco|Close Combat|p2b: Samurott\n|-supereffective|p2b: Samurott|1\n|-damage|p2b: Samurott|0 fnt\n|-unboost|p1b: Cisco|def|1\n|-unboost|p1b: Cisco|spd|1\n|faint|p2b: Samurott\n|-enditem|p1b: Cisco|White Herb\n|-clearnegativeboost|p1b: Cisco|[silent]\n|\n|-damage|p2a: Sneasler|82/100 brn|[from] brn\n|upkeep\n|\n|t:|1788444602\n|switch|p1a: Kids|Kingambit, L50, M|29/100\n|switch|p2b: Delphox|Delphox-Mega, L50, M|16/100\n|turn|9\n|\n|t:|1788444617\n|move|p2b: Delphox|Protect|p2b: Delphox\n|-singleturn|p2b: Delphox|Protect\n|move|p1a: Kids|Protect|p1a: Kids\n|-singleturn|p1a: Kids|Protect\n|move|p1b: Cisco|Dire Claw|p2b: Delphox\n|-activate|p2b: Delphox|move: Protect\n|move|p2a: Sneasler|Close Combat|p1a: Kids\n|-activate|p1a: Kids|move: Protect\n|\n|-damage|p2a: Sneasler|76/100 brn|[from] brn\n|upkeep\n|turn|10\n|\n|t:|1788444640\n|move|p2b: Delphox|Protect|p2b: Delphox\n|-singleturn|p2b: Delphox|Protect\n|move|p1a: Kids|Sucker Punch|p2a: Sneasler\n|-resisted|p2a: Sneasler|1\n|-damage|p2a: Sneasler|0 fnt\n|faint|p2a: Sneasler\n|move|p1b: Cisco|Dire Claw|p2b: Delphox\n|-activate|p2b: Delphox|move: Protect\n|\n|upkeep\n|turn|11\n|-message|PolpettaVGC forfeited.\n|\n|win|amo minha mulher\n|raw|amo minha mulher's rating: 1115 &rarr; <strong>1146</strong><br />(+31 for winning)\n|raw|PolpettaVGC's rating: 1196 &rarr; <strong>1165</strong><br />(-31 for losing)\n|c|☆PolpettaVGC|Ggs\n|c|☆amo minha mulher|Ggs\n","uploadtime":1788444666,"views":"1","formatid":"gen9championsvgc2026regmbbo3","rating":1146,"private":0,"password":null}