{"id":"gen9championsvgc2026regmb-2674231697","format":"[Gen 9 Champions] VGC 2026 Reg M-B","players":["magicalarcher57","TG511"],"log":"|j|☆magicalarcher57\n|j|☆TG511\n|html|<table width=\"100%\"><tr><td align=\"left\">magicalarcher57</td><td align=\"right\">TG511</tr><tr><td align=\"left\"><i class=\"fa fa-circle\"></i> <i class=\"fa fa-circle-o\"></i> </td><td align=\"right\"><i class=\"fa fa-circle-o\"></i> <i class=\"fa fa-circle-o\"></i> </tr></table>\n|uhtml|bestof|<h2><strong>Game 2</strong> of <a href=\"/game-bestof3-gen9championsvgc2026regmb-2674230768\">a best-of-3</a></h2>\n|t:|1788319658\n|gametype|doubles\n|player|p1|magicalarcher57|cynthia-masters|\n|player|p2|TG511|twins-gen4|\n|gen|9\n|tier|[Gen 9 Champions] VGC 2026 Reg M-B\n|rated|Tournament battle\n|rule|Species Clause: Limit one of each Pokémon\n|rule|Item Clause: Limit 1 of each item\n|raw|<div class=\"infobox\"><details class=\"readmore\" open><summary><strong>2 custom rules:</strong></summary> Force Open Team Sheets, Best of = 3</details></div>\n|clearpoke\n|poke|p1|Raichu, L50, F, shiny|\n|poke|p1|Garchomp, L50, F, shiny|\n|poke|p1|Whimsicott, L50, M, shiny|\n|poke|p1|Kingambit, L50, F, shiny|\n|poke|p1|Charizard, L50, F, shiny|\n|poke|p1|Basculegion, L50, M|\n|poke|p2|Staraptor, L50, M, shiny|\n|poke|p2|Garchomp, L50, M, shiny|\n|poke|p2|Whimsicott, L50, M, shiny|\n|poke|p2|Delphox, L50, M, shiny|\n|poke|p2|Glimmora, L50, M, shiny|\n|poke|p2|Kingambit, L50, M, shiny|\n|teampreview|4\n|showteam|p1|Raichu||RaichuniteY|LightningRod|FakeOut,FocusBlast,ZapCannon,Protect|Timid||F|||50|]Garchomp||LifeOrb|RoughSkin|DragonClaw,RockSlide,StompingTantrum,Protect|Jolly||F|||50|]Whimsicott||FocusSash|Prankster|Moonblast,Tailwind,Protect,Encore|Timid||M|||50|]Kingambit||BlackGlasses|Defiant|SuckerPunch,KowtowCleave,IronHead,Protect|Adamant||F|||50|]Charizard||CharizarditeY|Blaze|WeatherBall,AncientPower,HeatWave,Protect|Modest||F|||50|]Basculegion||MysticWater|Adaptability|WaveCrash,LastRespects,AquaJet,Protect|Adamant||M|||50|\n|showteam|p2|Staraptor||Staraptite|Intimidate|Protect,Roost,CloseCombat,BraveBird|Jolly||M|||50|]Garchomp||LifeOrb|RoughSkin|Protect,RockSlide,Earthquake,DragonClaw|Jolly||M|||50|]Whimsicott||FairyFeather|Prankster|Moonblast,Tailwind,Charm,Protect|Timid||M|||50|]Delphox||Delphoxite|Blaze|Protect,Psychic,HeatWave,Substitute|Timid||M|||50|]Glimmora||FocusSash|ToxicDebris|SpikyShield,SludgeBomb,EarthPower,PowerGem|Timid||M|||50|]Kingambit||ChopleBerry|Defiant|SuckerPunch,LowKick,IronHead,KowtowCleave|Adamant||M|||50|\n|inactive|Battle timer is ON: inactive players will automatically lose when time's up. (requested by magicalarcher57)\n|j| kafu banton\n|j| OnToTheOther\n|j| Tindall64\n|j| Leafeon Enjoyer\n|j| TheOneAndOnlyChat\n|\n|t:|1788319673\n|teamsize|p1|4\n|teamsize|p2|4\n|start\n|switch|p1a: Whimsicott|Whimsicott, L50, M, shiny|100/100\n|switch|p1b: Basculegion|Basculegion, L50, M|100/100\n|switch|p2a: Glimmora|Glimmora, L50, M, shiny|100/100\n|switch|p2b: OH MY GOTTO!!!!!!!|Whimsicott, L50, M, shiny|100/100\n|turn|1\n|j| trevyah\n|inactive|magicalarcher57 has 30 seconds left.\n|inactive|magicalarcher57 has 20 seconds left.\n|inactive|magicalarcher57 has 15 seconds left.\n|\n|t:|1788319713\n|move|p1a: Whimsicott|Tailwind|p1a: Whimsicott\n|-sidestart|p1: magicalarcher57|move: Tailwind\n|move|p1b: Basculegion|Wave Crash|p2a: Glimmora\n|-supereffective|p2a: Glimmora|1\n|-enditem|p2a: Glimmora|Focus Sash\n|-damage|p2a: Glimmora|1/100\n|-activate|p2a: Glimmora|ability: Toxic Debris\n|-sidestart|p1: magicalarcher57|move: Toxic Spikes\n|-damage|p1b: Basculegion|74/100|[from] Recoil\n|move|p2b: OH MY GOTTO!!!!!!!|Moonblast|p1b: Basculegion\n|-damage|p1b: Basculegion|29/100\n|move|p2a: Glimmora|Sludge Bomb|p1a: Whimsicott\n|-supereffective|p1a: Whimsicott|2\n|-enditem|p1a: Whimsicott|Focus Sash\n|-damage|p1a: Whimsicott|1/100\n|\n|upkeep\n|turn|2\n|\n|t:|1788319732\n|move|p2a: Glimmora|Spiky Shield|p2a: Glimmora\n|-singleturn|p2a: Glimmora|move: Protect\n|move|p1a: Whimsicott|Encore|p2b: OH MY GOTTO!!!!!!!\n|-start|p2b: OH MY GOTTO!!!!!!!|Encore\n|move|p1b: Basculegion|Aqua Jet|p2a: Glimmora\n|-activate|p2a: Glimmora|move: Protect\n|-damage|p1b: Basculegion|17/100|[from] Spiky Shield|[of] p2a: Glimmora\n|move|p2b: OH MY GOTTO!!!!!!!|Moonblast|p1a: Whimsicott\n|-damage|p1a: Whimsicott|0 fnt\n|faint|p1a: Whimsicott\n|\n|upkeep\n|inactive|magicalarcher57 has 30 seconds left.\n|\n|t:|1788319758\n|switch|p1a: Kingambit|Kingambit, L50, F, shiny|100/100\n|turn|3\n|\n|t:|1788319767\n|switch|p2b: Garchomp|Garchomp, L50, M, shiny|100/100\n|move|p2a: Glimmora|Spiky Shield|p2a: Glimmora\n|-singleturn|p2a: Glimmora|move: Protect\n|move|p1b: Basculegion|Aqua Jet|p2a: Glimmora\n|-activate|p2a: Glimmora|move: Protect\n|-damage|p1b: Basculegion|4/100|[from] Spiky Shield|[of] p2a: Glimmora\n|move|p1a: Kingambit|Iron Head|p2b: Garchomp\n|-damage|p2b: Garchomp|52/100\n|-damage|p1a: Kingambit|87/100|[from] ability: Rough Skin|[of] p2b: Garchomp\n|\n|upkeep\n|turn|4\n|\n|t:|1788319783\n|move|p2b: Garchomp|Protect|p2b: Garchomp\n|-singleturn|p2b: Garchomp|Protect\n|move|p1b: Basculegion|Aqua Jet|p2a: Glimmora\n|-supereffective|p2a: Glimmora|1\n|-damage|p2a: Glimmora|0 fnt\n|-activate|p2a: Glimmora|ability: Toxic Debris\n|-sidestart|p1: magicalarcher57|move: Toxic Spikes\n|faint|p2a: Glimmora\n|move|p1a: Kingambit|Kowtow Cleave|p2b: Garchomp\n|-activate|p2b: Garchomp|move: Protect\n|\n|-sideend|p1: magicalarcher57|move: Tailwind\n|upkeep\n|\n|t:|1788319785\n|switch|p2a: OH MY GOTTO!!!!!!!|Whimsicott, L50, M, shiny|100/100\n|turn|5\n|\n|t:|1788319803\n|move|p2b: Garchomp|Protect|p2b: Garchomp\n|-singleturn|p2b: Garchomp|Protect\n|move|p1b: Basculegion|Protect|p1b: Basculegion\n|-singleturn|p1b: Basculegion|Protect\n|move|p2a: OH MY GOTTO!!!!!!!|Moonblast|p1b: Basculegion\n|-activate|p1b: Basculegion|move: Protect\n|move|p1a: Kingambit|Kowtow Cleave|p2b: Garchomp\n|-activate|p2b: Garchomp|move: Protect\n|\n|upkeep\n|turn|6\n|\n|t:|1788319825\n|switch|p2b: Fuga|Delphox, L50, M, shiny|100/100\n|switch|p1b: Raichu|Raichu, L50, F, shiny|100/100\n|-status|p1b: Raichu|tox\n|move|p1a: Kingambit|Sucker Punch||[still]\n|-fail|p1a: Kingambit\n|move|p2a: OH MY GOTTO!!!!!!!|Moonblast|p1b: Raichu\n|-damage|p1b: Raichu|32/100 tox\n|\n|-damage|p1b: Raichu|27/100 tox|[from] psn\n|upkeep\n|turn|7\n|j| minamisimp\n|\n|t:|1788319843\n|detailschange|p1b: Raichu|Raichu-Mega-Y, L50, F, shiny\n|-mega|p1b: Raichu|Raichu|Raichunite Y\n|detailschange|p2b: Fuga|Delphox-Mega, L50, M, shiny\n|-mega|p2b: Fuga|Delphox|Delphoxite\n|move|p2b: Fuga|Protect|p2b: Fuga\n|-singleturn|p2b: Fuga|Protect\n|move|p1b: Raichu|Fake Out|p2b: Fuga\n|-activate|p2b: Fuga|move: Protect\n|move|p2a: OH MY GOTTO!!!!!!!|Moonblast|p1a: Kingambit\n|-damage|p1a: Kingambit|43/100\n|move|p1a: Kingambit|Kowtow Cleave|p2b: Fuga\n|-activate|p2b: Fuga|move: Protect\n|\n|-damage|p1b: Raichu|15/100 tox|[from] psn\n|upkeep\n|turn|8\n|\n|t:|1788319858\n|switch|p2b: Garchomp|Garchomp, L50, M, shiny|52/100\n|move|p1a: Kingambit|Sucker Punch||[still]\n|-fail|p1a: Kingambit\n|move|p1b: Raichu|Zap Cannon|p2b: Garchomp\n|-immune|p2b: Garchomp\n|move|p2a: OH MY GOTTO!!!!!!!|Moonblast|p1a: Kingambit\n|-damage|p1a: Kingambit|0 fnt\n|faint|p1a: Kingambit\n|\n|-damage|p1b: Raichu|0 fnt|[from] psn\n|faint|p1b: Raichu\n|upkeep\n|l| minamisimp\n|inactive|magicalarcher57 has 30 seconds left.\n|l| Leafeon Enjoyer\n|j| Leafeon Enjoyer\n|-message|magicalarcher57 forfeited.\n|\n|win|TG511\n","uploadtime":1788319888,"views":"0","formatid":"gen9championsvgc2026regmb","rating":null,"private":0,"password":null}