{"id":"gen9championsvgc2026regmb-2674749989","format":"[Gen 9 Champions] VGC 2026 Reg M-B","players":["itabigloser","Fennecthephx7"],"log":"|j|☆itabigloser\n|j|☆Fennecthephx7\n|t:|1788400301\n|gametype|doubles\n|player|p1|itabigloser|hilbert|1141\n|player|p2|Fennecthephx7|flannery|1144\n|gen|9\n|tier|[Gen 9 Champions] VGC 2026 Reg M-B\n|rated|\n|rule|Species Clause: Limit one of each Pokémon\n|rule|Item Clause: Limit 1 of each item\n|clearpoke\n|poke|p1|Floette-Eternal, L50, F|\n|poke|p1|Sinistcha, L50|\n|poke|p1|Whimsicott, L50, F|\n|poke|p1|Garchomp, L50, M|\n|poke|p1|Decidueye-Hisui, L50, F|\n|poke|p1|Charizard, L50, M|\n|poke|p2|Pyroar, L50, F|\n|poke|p2|Vileplume, L50, M|\n|poke|p2|Torkoal, L50, F|\n|poke|p2|Incineroar, L50, M|\n|poke|p2|Floette-Eternal, L50, F|\n|poke|p2|Farigiraf, L50, F|\n|teampreview|4\n|inactive|Battle timer is ON: inactive players will automatically lose when time's up. (requested by Fennecthephx7)\n|inactive|itabigloser has 60 seconds left.\n|\n|t:|1788400345\n|teamsize|p1|4\n|teamsize|p2|4\n|start\n|switch|p1a: Garchomp|Garchomp, L50, M|100/100\n|switch|p1b: Charizard|Charizard, L50, M|100/100\n|switch|p2a: Vileplume|Vileplume, L50, M|100/100\n|switch|p2b: Pyroar|Pyroar, L50, F|100/100\n|-ability|p2b: Pyroar|Unnerve\n|turn|1\n|\n|t:|1788400365\n|switch|p2b: Torkoal|Torkoal, L50, F|100/100\n|-weather|SunnyDay|[from] ability: Drought|[of] p2b: Torkoal\n|detailschange|p1b: Charizard|Charizard-Mega-Y, L50, M\n|-mega|p1b: Charizard|Charizard|Charizardite Y\n|move|p2a: Vileplume|Sleep Powder|p1a: Garchomp\n|-status|p1a: Garchomp|slp|[from] move: Sleep Powder\n|cant|p1a: Garchomp|slp\n|move|p1b: Charizard|Heat Wave|p2b: Torkoal|[spread] p2a\n|-miss|p1b: Charizard|p2b: Torkoal\n|-supereffective|p2a: Vileplume|1\n|-enditem|p2a: Vileplume|Focus Sash\n|-damage|p2a: Vileplume|1/100\n|\n|-weather|SunnyDay|[upkeep]\n|upkeep\n|turn|2\n|\n|t:|1788400383\n|move|p1b: Charizard|Protect|p1b: Charizard\n|-singleturn|p1b: Charizard|Protect\n|move|p2a: Vileplume|Sleep Powder|p1b: Charizard\n|-activate|p1b: Charizard|move: Protect\n|cant|p1a: Garchomp|slp\n|move|p2b: Torkoal|Eruption|p1b: Charizard|[spread] p1a\n|-activate|p1b: Charizard|move: Protect\n|-resisted|p1a: Garchomp|1\n|-damage|p1a: Garchomp|47/100 slp\n|\n|-weather|SunnyDay|[upkeep]\n|upkeep\n|turn|3\n|\n|t:|1788400396\n|switch|p1b: Sinistcha|Sinistcha, L50|100/100\n|-heal|p1a: Garchomp|72/100 slp|[from] ability: Hospitality|[of] p1b: Sinistcha\n|move|p2a: Vileplume|After You|p2b: Torkoal\n|-activate|p2b: Torkoal|move: After You\n|move|p2b: Torkoal|Eruption|p1a: Garchomp|[spread] p1a,p1b\n|-resisted|p1a: Garchomp|1\n|-supereffective|p1b: Sinistcha|1\n|-damage|p1a: Garchomp|22/100 slp\n|-damage|p1b: Sinistcha|0 fnt\n|faint|p1b: Sinistcha\n|-curestatus|p1a: Garchomp|slp|[msg]\n|move|p1a: Garchomp|Earthquake|p2b: Torkoal|[spread] p2a,p2b\n|-supereffective|p2b: Torkoal|1\n|-damage|p2a: Vileplume|0 fnt\n|-damage|p2b: Torkoal|28/100\n|faint|p2a: Vileplume\n|\n|-weather|SunnyDay|[upkeep]\n|upkeep\n|\n|t:|1788400416\n|switch|p2a: Pyroar|Pyroar, L50, F|100/100\n|switch|p1b: Charizard|Charizard-Mega-Y, L50, M|100/100\n|-ability|p2a: Pyroar|Unnerve\n|turn|4\n|\n|t:|1788400432\n|detailschange|p2a: Pyroar|Pyroar-Mega, L50, F\n|-mega|p2a: Pyroar|Pyroar|Pyroarite\n|move|p2b: Torkoal|Helping Hand|p2a: Pyroar\n|-singleturn|p2a: Pyroar|Helping Hand|[of] p2b: Torkoal\n|move|p1a: Garchomp|Earthquake|p2a: Pyroar|[spread] p2a,p2b\n|-immune|p1b: Charizard\n|-supereffective|p2a: Pyroar|1\n|-supereffective|p2b: Torkoal|1\n|-damage|p2a: Pyroar|0 fnt\n|-damage|p2b: Torkoal|0 fnt\n|faint|p2a: Pyroar\n|faint|p2b: Torkoal\n|move|p1b: Charizard|Ancient Power|p2: Pyroar|[notarget]\n|-fail|p1b: Charizard\n|\n|-weather|SunnyDay|[upkeep]\n|upkeep\n|\n|t:|1788400441\n|switch|p2b: Incineroar|Incineroar, L50, M|100/100\n|-ability|p2b: Incineroar|Intimidate|boost\n|-unboost|p1a: Garchomp|atk|1\n|-unboost|p1b: Charizard|atk|1\n|turn|5\n|-message|Fennecthephx7 forfeited.\n|\n|win|itabigloser\n|raw|itabigloser's rating: 1141 &rarr; <strong>1166</strong><br />(+25 for winning)\n|raw|Fennecthephx7's rating: 1144 &rarr; <strong>1119</strong><br />(-25 for losing)\n","uploadtime":1788400445,"views":"1","formatid":"gen9championsvgc2026regmb","rating":1119,"private":0,"password":null}