{"id":"gen9championsvgc2026regmb-2674837698","format":"[Gen 9 Champions] VGC 2026 Reg M-B","players":["shinysnorlax","Kwiper"],"log":"|j|☆shinysnorlax\n|j|☆Kwiper\n|t:|1788417864\n|gametype|doubles\n|player|p1|shinysnorlax|chuck|1549\n|player|p2|Kwiper|sycamore|1565\n|gen|9\n|tier|[Gen 9 Champions] VGC 2026 Reg M-B\n|rated|\n|rule|Species Clause: Limit one of each Pokémon\n|rule|Item Clause: Limit 1 of each item\n|clearpoke\n|poke|p1|Gholdengo, L50|\n|poke|p1|Dragonite, L50, M|\n|poke|p1|Aerodactyl, L50, M|\n|poke|p1|Kingambit, L50, M|\n|poke|p1|Basculegion, L50, M|\n|poke|p1|Sneasler, L50, F|\n|poke|p2|Tyranitar, L50, M|\n|poke|p2|Excadrill, L50, F|\n|poke|p2|Milotic, L50, F|\n|poke|p2|Gholdengo, L50|\n|poke|p2|Sinistcha, L50|\n|poke|p2|Staraptor, L50, F|\n|teampreview|4\n|inactive|Battle timer is ON: inactive players will automatically lose when time's up. (requested by Kwiper)\n|inactive|shinysnorlax also wants the timer to be on.\n|\n|t:|1788417879\n|teamsize|p1|4\n|teamsize|p2|4\n|start\n|switch|p1a: Aerodactyl|Aerodactyl, L50, M|100/100\n|switch|p1b: SneasedToMeetYou|Sneasler, L50, F|100/100\n|switch|p2a: Staraptor|Staraptor, L50, F|100/100\n|switch|p2b: Gholdengo|Gholdengo, L50|100/100\n|-ability|p1a: Aerodactyl|Unnerve\n|-ability|p2a: Staraptor|Intimidate|boost\n|-unboost|p1a: Aerodactyl|atk|1\n|-unboost|p1b: SneasedToMeetYou|atk|1\n|-enditem|p1b: SneasedToMeetYou|White Herb\n|-clearnegativeboost|p1b: SneasedToMeetYou|[silent]\n|turn|1\n|\n|t:|1788417894\n|detailschange|p1a: Aerodactyl|Aerodactyl-Mega, L50, M\n|-mega|p1a: Aerodactyl|Aerodactyl|Aerodactylite\n|detailschange|p2a: Staraptor|Staraptor-Mega, L50, F\n|-mega|p2a: Staraptor|Staraptor|Staraptite\n|move|p1b: SneasedToMeetYou|Fake Out|p2a: Staraptor\n|-damage|p2a: Staraptor|86/100\n|move|p1a: Aerodactyl|Tailwind|p1a: Aerodactyl\n|-sidestart|p1: shinysnorlax|move: Tailwind\n|cant|p2a: Staraptor|flinch\n|move|p2b: Gholdengo|Make It Rain|p1b: SneasedToMeetYou|[spread] p1a,p1b\n|-supereffective|p1a: Aerodactyl|1\n|-damage|p1a: Aerodactyl|0 fnt\n|-damage|p1b: SneasedToMeetYou|20/100y\n|-unboost|p2b: Gholdengo|spa|2\n|faint|p1a: Aerodactyl\n|-damage|p2b: Gholdengo|90/100|[from] item: Life Orb\n|\n|upkeep\n|\n|t:|1788417900\n|switch|p1a: Gholdengo|Gholdengo, L50|100/100\n|turn|2\n|\n|t:|1788417908\n|move|p1b: SneasedToMeetYou|Protect|p1b: SneasedToMeetYou\n|-singleturn|p1b: SneasedToMeetYou|Protect\n|move|p1a: Gholdengo|Shadow Ball|p2b: Gholdengo\n|-supereffective|p2b: Gholdengo|1\n|-damage|p2b: Gholdengo|0 fnt\n|faint|p2b: Gholdengo\n|-damage|p1a: Gholdengo|90/100|[from] item: Life Orb\n|move|p2a: Staraptor|Tailwind|p2a: Staraptor\n|-sidestart|p2: Kwiper|move: Tailwind\n|\n|upkeep\n|\n|t:|1788417918\n|switch|p2b: Excadrill|Excadrill, L50, F|100/100\n|turn|3\n|\n|t:|1788417936\n|switch|p2a: Tyranitar|Tyranitar, L50, M|100/100\n|-weather|Sandstorm|[from] ability: Sand Stream|[of] p2a: Tyranitar\n|move|p1b: SneasedToMeetYou|Close Combat|p2a: Tyranitar\n|-supereffective|p2a: Tyranitar|2\n|-damage|p2a: Tyranitar|0 fnt\n|-unboost|p1b: SneasedToMeetYou|def|1\n|-unboost|p1b: SneasedToMeetYou|spd|1\n|faint|p2a: Tyranitar\n|move|p2b: Excadrill|Rock Slide|p1b: SneasedToMeetYou|[spread] p1a,p1b\n|-resisted|p1a: Gholdengo|1\n|-resisted|p1b: SneasedToMeetYou|1\n|-damage|p1a: Gholdengo|79/100\n|-damage|p1b: SneasedToMeetYou|0 fnt\n|faint|p1b: SneasedToMeetYou\n|move|p1a: Gholdengo|Make It Rain|p2b: Excadrill\n|-resisted|p2b: Excadrill|1\n|-damage|p2b: Excadrill|39/100\n|-unboost|p1a: Gholdengo|spa|2\n|-damage|p1a: Gholdengo|69/100|[from] item: Life Orb\n|\n|-weather|Sandstorm|[upkeep]\n|upkeep\n|\n|t:|1788417942\n|switch|p1b: Lenovo Basculegion|Basculegion, L50, M|100/100\n|switch|p2a: Staraptor|Staraptor-Mega, L50, F|86/100\n|turn|4\n|\n|t:|1788417949\n|move|p1a: Gholdengo|Protect|p1a: Gholdengo\n|-singleturn|p1a: Gholdengo|Protect\n|move|p1b: Lenovo Basculegion|Aqua Jet|p2b: Excadrill\n|-supereffective|p2b: Excadrill|1\n|-damage|p2b: Excadrill|0 fnt\n|faint|p2b: Excadrill\n|move|p2a: Staraptor|Brave Bird|p1b: Lenovo Basculegion\n|-damage|p1b: Lenovo Basculegion|27/100\n|-damage|p2a: Staraptor|61/100|[from] Recoil\n|\n|-weather|Sandstorm|[upkeep]\n|-damage|p2a: Staraptor|56/100|[from] Sandstorm\n|-damage|p1b: Lenovo Basculegion|21/100|[from] Sandstorm\n|-sideend|p1: shinysnorlax|move: Tailwind\n|upkeep\n|turn|5\n|-message|Kwiper forfeited.\n|\n|win|shinysnorlax\n|raw|shinysnorlax's rating: 1549 &rarr; <strong>1570</strong><br />(+21 for winning)\n|raw|Kwiper's rating: 1565 &rarr; <strong>1544</strong><br />(-21 for losing)\n","uploadtime":1788417958,"views":"0","formatid":"gen9championsvgc2026regmb","rating":1544,"private":0,"password":null}