{"id":"gen9championsvgc2026regmbbo3-2673593411","format":"[Gen 9 Champions] VGC 2026 Reg M-B (Bo3)","players":["pkmn Hayatoviski","NinjaGokuGaming75"],"log":"|j|☆pkmn Hayatoviski\n|j|☆NinjaGokuGaming75\n|html|<table width=\"100%\"><tr><td align=\"left\">pkmn Hayatoviski</td><td align=\"right\">NinjaGokuGaming75</tr><tr><td align=\"left\"><i class=\"fa fa-circle-o\"></i> <i class=\"fa fa-circle-o\"></i> </td><td align=\"right\"><i class=\"fa fa-circle-o\"></i> <i class=\"fa fa-circle-o\"></i> </tr></table>\n|uhtml|bestof|<h2><strong>Game 1</strong> of <a href=\"/game-bestof3-gen9championsvgc2026regmbbo3-2673593409\">a best-of-3</a></h2>\n|t:|1788218259\n|gametype|doubles\n|player|p1|pkmn Hayatoviski|marlon|1000\n|player|p2|NinjaGokuGaming75|flannery|1000\n|gen|9\n|tier|[Gen 9 Champions] VGC 2026 Reg M-B (Bo3)\n|rated|\n|rule|Species Clause: Limit one of each Pokémon\n|rule|Item Clause: Limit 1 of each item\n|clearpoke\n|poke|p1|Sylveon, L50, F|\n|poke|p1|Venusaur, L50, M|\n|poke|p1|Charizard, L50, M|\n|poke|p1|Aerodactyl, L50, M|\n|poke|p1|Garchomp, L50, M|\n|poke|p1|Milotic, L50, F|\n|poke|p2|Whimsicott, L50, M|\n|poke|p2|Sylveon, L50, M, shiny|\n|poke|p2|Dragapult, L50, F|\n|poke|p2|Garchomp, L50, M|\n|poke|p2|Kangaskhan, L50, F|\n|poke|p2|Staraptor, L50, M|\n|teampreview|4\n|showteam|p1|Sylveon||FairyFeather|Pixilate|HyperVoice,HyperBeam,Protect,QuickAttack|Modest||F|||50|]Venusaur||MiracleSeed|Chlorophyll|SludgeBomb,GigaDrain,EarthPower,SleepPowder|Modest||M|||50|]Charizard||CharizarditeY|SolarPower|HeatWave,WeatherBall,SolarBeam,Protect|Modest||M|||50|]Aerodactyl||FocusSash|Pressure|DualWingbeat,WideGuard,Tailwind,RockSlide|Jolly||M|||50|]Garchomp||RoseliBerry|RoughSkin|Earthquake,RockSlide,DragonClaw,Protect|Jolly||M|||50|]Milotic||Leftovers|Competitive|IcyWind,Scald,LifeDew,Protect|Bold||F|||50|\n|showteam|p2|Whimsicott||FocusSash|Prankster|Tailwind,HelpingHand,Moonblast,Charm|Bold||M|||50|]Sylveon||FairyFeather|Pixilate|Protect,Wish,Round,HyperVoice|Modest||M|||50|]Dragapult||ChoiceScarf|ClearBody|Round,ShadowBall,FireBlast,DracoMeteor|Timid||F|||50|]Garchomp||Leftovers|RoughSkin|Protect,Earthquake,DragonClaw,RockSlide|Jolly||M|||50|]Kangaskhan||Kangaskhanite|InnerFocus|FakeOut,LastResort|Adamant||F|||50|]Staraptor||Staraptite|Intimidate|Protect,Roost,CloseCombat,DualWingbeat|Jolly||M|||50|\n|inactive|Battle timer is ON: inactive players will automatically lose when time's up. (requested by NinjaGokuGaming75)\n|inactive|pkmn Hayatoviski has 60 seconds left.\n|\n|t:|1788218291\n|teamsize|p1|4\n|teamsize|p2|4\n|start\n|switch|p1a: LL Pançuda|Charizard, L50, M|100/100\n|switch|p1b: Sapão Goat|Venusaur, L50, M|100/100\n|switch|p2a: Whimsicott|Whimsicott, L50, M|100/100\n|switch|p2b: Staraptor|Staraptor, L50, M|100/100\n|-ability|p2b: Staraptor|Intimidate|boost\n|-unboost|p1a: LL Pançuda|atk|1\n|-unboost|p1b: Sapão Goat|atk|1\n|turn|1\n|\n|t:|1788218311\n|detailschange|p1a: LL Pançuda|Charizard-Mega-Y, L50, M\n|-mega|p1a: LL Pançuda|Charizard|Charizardite Y\n|-weather|SunnyDay|[from] ability: Drought|[of] p1a: LL Pançuda\n|move|p2b: Staraptor|Protect|p2b: Staraptor\n|-singleturn|p2b: Staraptor|Protect\n|move|p2a: Whimsicott|Tailwind|p2a: Whimsicott\n|-sidestart|p2: NinjaGokuGaming75|move: Tailwind\n|move|p1b: Sapão Goat|Sleep Powder|p2b: Staraptor\n|-activate|p2b: Staraptor|move: Protect\n|move|p1a: LL Pançuda|Heat Wave|p2a: Whimsicott|[spread] \n|-activate|p2b: Staraptor|move: Protect\n|-miss|p1a: LL Pançuda|p2a: Whimsicott\n|\n|-weather|SunnyDay|[upkeep]\n|upkeep\n|turn|2\n|inactive|pkmn Hayatoviski has 30 seconds left.\n|inactive|NinjaGokuGaming75 has 30 seconds left.\n|inactive|NinjaGokuGaming75 has 20 seconds left.\n|inactive|NinjaGokuGaming75 has 15 seconds left.\n|\n|t:|1788218353\n|detailschange|p2b: Staraptor|Staraptor-Mega, L50, M\n|-mega|p2b: Staraptor|Staraptor|Staraptite\n|move|p2a: Whimsicott|Charm|p2b: Staraptor\n|-boost|p2b: Staraptor|atk|2\n|move|p2b: Staraptor|Close Combat|p1b: Sapão Goat\n|-resisted|p1b: Sapão Goat|1\n|-damage|p1b: Sapão Goat|17/100\n|-boost|p2b: Staraptor|def|1\n|-boost|p2b: Staraptor|spd|1\n|move|p1b: Sapão Goat|Sleep Powder|p2b: Staraptor\n|-status|p2b: Staraptor|slp|[from] move: Sleep Powder\n|move|p1a: LL Pançuda|Heat Wave|p2a: Whimsicott|[spread] p2b\n|-miss|p1a: LL Pançuda|p2a: Whimsicott\n|-damage|p2b: Staraptor|50/100y slp\n|\n|-weather|SunnyDay|[upkeep]\n|upkeep\n|turn|3\n|inactive|pkmn Hayatoviski has 30 seconds left.\n|inactive|NinjaGokuGaming75 has 30 seconds left.\n|\n|t:|1788218380\n|cant|p2b: Staraptor|slp\n|move|p2a: Whimsicott|Moonblast|p1b: Sapão Goat\n|-resisted|p1b: Sapão Goat|1\n|-damage|p1b: Sapão Goat|3/100\n|-unboost|p1b: Sapão Goat|spa|1\n|move|p1b: Sapão Goat|Sludge Bomb|p2a: Whimsicott\n|-supereffective|p2a: Whimsicott|2\n|-enditem|p2a: Whimsicott|Focus Sash\n|-damage|p2a: Whimsicott|1/100\n|move|p1a: LL Pançuda|Heat Wave|p2a: Whimsicott|[spread] p2a,p2b\n|-supereffective|p2a: Whimsicott|1\n|-damage|p2a: Whimsicott|0 fnt\n|-damage|p2b: Staraptor|4/100 slp\n|faint|p2a: Whimsicott\n|\n|-weather|SunnyDay|[upkeep]\n|upkeep\n|\n|t:|1788218384\n|switch|p2a: Sylveon|Sylveon, L50, M, shiny|100/100\n|turn|4\n|\n|t:|1788218406\n|move|p2a: Sylveon|Protect|p2a: Sylveon\n|-singleturn|p2a: Sylveon|Protect\n|-curestatus|p2b: Staraptor|slp|[msg]\n|move|p2b: Staraptor|Roost|p2b: Staraptor\n|-heal|p2b: Staraptor|54/100\n|-singleturn|p2b: Staraptor|move: Roost\n|move|p1b: Sapão Goat|Sludge Bomb|p2a: Sylveon\n|-activate|p2a: Sylveon|move: Protect\n|move|p1a: LL Pançuda|Heat Wave|p2b: Staraptor|[spread] p2b\n|-activate|p2a: Sylveon|move: Protect\n|-damage|p2b: Staraptor|4/100\n|\n|-weather|SunnyDay|[upkeep]\n|-sideend|p2: NinjaGokuGaming75|move: Tailwind\n|upkeep\n|turn|5\n|inactive|pkmn Hayatoviski has 30 seconds left.\n|inactive|NinjaGokuGaming75 has 30 seconds left.\n|\n|t:|1788218438\n|move|p1b: Sapão Goat|Sludge Bomb|p2a: Sylveon\n|-supereffective|p2a: Sylveon|1\n|-damage|p2a: Sylveon|57/100\n|move|p2b: Staraptor|Roost|p2b: Staraptor\n|-heal|p2b: Staraptor|54/100\n|-singleturn|p2b: Staraptor|move: Roost\n|move|p1a: LL Pançuda|Heat Wave|p2a: Sylveon|[spread] p2a,p2b\n|-crit|p2b: Staraptor\n|-damage|p2a: Sylveon|15/100\n|-damage|p2b: Staraptor|0 fnt\n|faint|p2b: Staraptor\n|move|p2a: Sylveon|Wish|p2a: Sylveon\n|\n|-weather|none\n|upkeep\n|\n|t:|1788218440\n|switch|p2b: Dragapult|Dragapult, L50, F|100/100\n|turn|6\n|\n|t:|1788218463\n|move|p2b: Dragapult|Round|p1b: Sapão Goat\n|-damage|p1b: Sapão Goat|0 fnt\n|faint|p1b: Sapão Goat\n|move|p2a: Sylveon|Round|p1a: LL Pançuda|[from] move: Round\n|-resisted|p1a: LL Pançuda|1\n|-crit|p1a: LL Pançuda\n|-damage|p1a: LL Pançuda|29/100\n|move|p1a: LL Pançuda|Heat Wave|p2a: Sylveon|[spread] p2a,p2b\n|-resisted|p2b: Dragapult|1\n|-damage|p2a: Sylveon|0 fnt\n|-damage|p2b: Dragapult|77/100\n|faint|p2a: Sylveon\n|\n|upkeep\n|\n|t:|1788218477\n|switch|p1b: KD minha ração?|Sylveon, L50, F|100/100\n|turn|7\n|\n|t:|1788218492\n|move|p2b: Dragapult|Round|p1a: LL Pançuda\n|-damage|p1a: LL Pançuda|15/100\n|move|p1a: LL Pançuda|Heat Wave|p2b: Dragapult\n|-resisted|p2b: Dragapult|1\n|-damage|p2b: Dragapult|44/100\n|move|p1b: KD minha ração?|Hyper Beam|p2b: Dragapult\n|-supereffective|p2b: Dragapult|1\n|-damage|p2b: Dragapult|0 fnt\n|-mustrecharge|p1b: KD minha ração?\n|faint|p2b: Dragapult\n|\n|win|pkmn Hayatoviski\n|l|☆NinjaGokuGaming75\n|player|p2|\n|raw|pkmn Hayatoviski's rating: 1000 &rarr; <strong>1040</strong><br />(+40 for winning)\n|raw|NinjaGokuGaming75's rating: 1000 &rarr; <strong>1000</strong><br />(+0 for losing)\n","uploadtime":1788218503,"views":"5","formatid":"gen9championsvgc2026regmbbo3","rating":1000,"private":0,"password":null}