{"id":"gen9championsvgc2026regmbbo3-2674239608","format":"[Gen 9 Champions] VGC 2026 Reg M-B (Bo3)","players":["Fell Blue","shibikanon"],"log":"|j|☆Fell Blue\n|j|☆shibikanon\n|html|<table width=\"100%\"><tr><td align=\"left\">Fell Blue</td><td align=\"right\">shibikanon</tr><tr><td align=\"left\"><i class=\"fa fa-circle-o\"></i> <i class=\"fa fa-circle-o\"></i> </td><td align=\"right\"><i class=\"fa fa-circle-o\"></i> <i class=\"fa fa-circle-o\"></i> </tr></table>\n|uhtml|bestof|<h2><strong>Game 1</strong> of <a href=\"/game-bestof3-gen9championsvgc2026regmbbo3-2674239607\">a best-of-3</a></h2>\n|t:|1788321152\n|gametype|doubles\n|player|p1|Fell Blue|fantina|1208\n|player|p2|shibikanon|skyla-masters3|1346\n|gen|9\n|tier|[Gen 9 Champions] VGC 2026 Reg M-B (Bo3)\n|rated|\n|rule|Species Clause: Limit one of each Pokémon\n|rule|Item Clause: Limit 1 of each item\n|clearpoke\n|poke|p1|Incineroar, L50, M, shiny|\n|poke|p1|Farigiraf, L50, F, shiny|\n|poke|p1|Mawile, L50, F, shiny|\n|poke|p1|Basculegion, L50, M, shiny|\n|poke|p1|Ninetales-Alola, L50, F|\n|poke|p1|Raichu, L50, M, shiny|\n|poke|p2|Charizard, L50, F, shiny|\n|poke|p2|Venusaur, L50, M|\n|poke|p2|Incineroar, L50, M|\n|poke|p2|Farigiraf, L50, M|\n|poke|p2|Sylveon, L50, F|\n|poke|p2|Rhyperior, L50, M|\n|teampreview|4\n|showteam|p1|Incineroar||SitrusBerry|Intimidate|FakeOut,FlareBlitz,Assurance,PartingShot|Brave||M|||50|]Farigiraf||LifeOrb|ArmorTail|Protect,HyperVoice,Psychic,TrickRoom|Quiet||F|||50|]Mawile||Mawilite|HyperCutter|Protect,PlayRough,IronHead,SuckerPunch|Brave||F|||50|]Basculegion||ChoiceScarf|Adaptability|WaveCrash,LastRespects,AquaJet,FlipTurn|Jolly||M|||50|]Ninetales-Alola||FocusSash|SnowWarning|Protect,Blizzard,FreezeDry,Moonblast|Timid||F|||50|]Raichu||RaichuniteY|LightningRod|Protect,ZapCannon,FocusBlast,VoltSwitch|Timid||M|||50|\n|showteam|p2|Charizard||CharizarditeY|Blaze|HeatWave,WeatherBall,AncientPower,Protect|Modest||F|||50|]Venusaur||FocusSash|Chlorophyll|SludgeBomb,LeafStorm,SleepPowder,Protect|Modest||M|||50|]Incineroar||PasshoBerry|Intimidate|FlareBlitz,DarkestLariat,PartingShot,FakeOut|Adamant||M|||50|]Farigiraf||SitrusBerry|ArmorTail|Psychic,Thunderbolt,TrickRoom,Protect|Quiet||M|||50|]Sylveon||FairyFeather|Pixilate|HyperVoice,Yawn,QuickAttack,Detect|Modest||F|||50|]Rhyperior||LifeOrb|SolidRock|HighHorsepower,RockSlide,IcePunch,Protect|Brave||M|||50|\n|inactive|Battle timer is ON: inactive players will automatically lose when time's up. (requested by shibikanon)\n|inactive|Fell Blue has 60 seconds left.\n|\n|t:|1788321200\n|teamsize|p1|4\n|teamsize|p2|4\n|start\n|switch|p1a: Farigiraf|Farigiraf, L50, F, shiny|100/100\n|switch|p1b: Incineroar|Incineroar, L50, M, shiny|100/100\n|switch|p2a: Incineroar|Incineroar, L50, M|100/100\n|switch|p2b: Sylveon|Sylveon, L50, F|100/100\n|-ability|p2a: Incineroar|Intimidate|boost\n|-unboost|p1a: Farigiraf|atk|1\n|-unboost|p1b: Incineroar|atk|1\n|-ability|p1b: Incineroar|Intimidate|boost\n|-unboost|p2a: Incineroar|atk|1\n|-unboost|p2b: Sylveon|atk|1\n|turn|1\n|\n|t:|1788321213\n|move|p2b: Sylveon|Hyper Voice|p1a: Farigiraf|[spread] p1a,p1b\n|-damage|p1a: Farigiraf|57/100\n|-damage|p1b: Incineroar|51/100\n|move|p2a: Incineroar|Parting Shot|p1a: Farigiraf\n|-unboost|p1a: Farigiraf|atk|1\n|-unboost|p1a: Farigiraf|spa|1\n|\n|t:|1788321219\n|switch|p2a: Rhyperior|Rhyperior, L50, M|100/100|[from] Parting Shot\n|move|p1b: Incineroar|Flare Blitz|p2b: Sylveon\n|-damage|p2b: Sylveon|53/100\n|-damage|p1b: Incineroar|37/100|[from] Recoil\n|-enditem|p1b: Incineroar|Sitrus Berry|[eat]\n|-heal|p1b: Incineroar|62/100|[from] item: Sitrus Berry\n|move|p1a: Farigiraf|Psychic|p2b: Sylveon\n|-damage|p2b: Sylveon|27/100\n|-damage|p1a: Farigiraf|47/100|[from] item: Life Orb\n|\n|upkeep\n|turn|2\n|\n|t:|1788321240\n|switch|p2b: Incineroar|Incineroar, L50, M|100/100\n|-ability|p2b: Incineroar|Intimidate|boost\n|-unboost|p1a: Farigiraf|atk|1\n|-unboost|p1b: Incineroar|atk|1\n|move|p1a: Farigiraf|Protect|p1a: Farigiraf\n|-singleturn|p1a: Farigiraf|Protect\n|move|p1b: Incineroar|Flare Blitz|p2b: Incineroar\n|-resisted|p2b: Incineroar|1\n|-damage|p2b: Incineroar|83/100\n|-damage|p1b: Incineroar|57/100|[from] Recoil\n|move|p2a: Rhyperior|Rock Slide|p1a: Farigiraf|[spread] p1b\n|-activate|p1a: Farigiraf|move: Protect\n|-supereffective|p1b: Incineroar|1\n|-damage|p1b: Incineroar|0 fnt\n|faint|p1b: Incineroar\n|-damage|p2a: Rhyperior|90/100|[from] item: Life Orb\n|\n|upkeep\n|\n|t:|1788321243\n|switch|p1b: Basculegion|Basculegion, L50, M, shiny|100/100\n|turn|3\n|\n|t:|1788321260\n|switch|p1a: Ninetales|Ninetales-Alola, L50, F|100/100\n|-weather|Snowscape|[from] ability: Snow Warning|[of] p1a: Ninetales\n|move|p2a: Rhyperior|Protect|p2a: Rhyperior\n|-singleturn|p2a: Rhyperior|Protect\n|move|p1b: Basculegion|Wave Crash|p2b: Incineroar\n|-supereffective|p2b: Incineroar|1\n|-enditem|p2b: Incineroar|Passho Berry|[eat]\n|-enditem|p2b: Incineroar|Passho Berry|[weaken]\n|-damage|p2b: Incineroar|16/100\n|-damage|p1b: Basculegion|76/100|[from] Recoil\n|move|p2b: Incineroar|Parting Shot|p1b: Basculegion\n|-unboost|p1b: Basculegion|atk|1\n|-unboost|p1b: Basculegion|spa|1\n|\n|t:|1788321271\n|switch|p2b: Charizard|Charizard, L50, F, shiny|100/100|[from] Parting Shot\n|\n|-weather|Snowscape|[upkeep]\n|upkeep\n|turn|4\n|\n|t:|1788321290\n|detailschange|p2b: Charizard|Charizard-Mega-Y, L50, F, shiny\n|-mega|p2b: Charizard|Charizard|Charizardite Y\n|-weather|SunnyDay|[from] ability: Drought|[of] p2b: Charizard\n|move|p1b: Basculegion|Wave Crash|p2a: Rhyperior\n|-supereffective|p2a: Rhyperior|2\n|-damage|p2a: Rhyperior|38/100\n|-damage|p1b: Basculegion|57/100|[from] Recoil\n|move|p1a: Ninetales|Blizzard|p2a: Rhyperior|[spread] \n|-miss|p1a: Ninetales|p2a: Rhyperior\n|-miss|p1a: Ninetales|p2b: Charizard\n|move|p2b: Charizard|Heat Wave|p1b: Basculegion|[spread] p1a,p1b\n|-supereffective|p1a: Ninetales|1\n|-resisted|p1b: Basculegion|1\n|-enditem|p1a: Ninetales|Focus Sash\n|-damage|p1a: Ninetales|1/100\n|-damage|p1b: Basculegion|18/100\n|-status|p1b: Basculegion|brn\n|move|p2a: Rhyperior|Rock Slide|p1a: Ninetales|[spread] p1a\n|-miss|p2a: Rhyperior|p1b: Basculegion\n|-supereffective|p1a: Ninetales|1\n|-damage|p1a: Ninetales|0 fnt\n|faint|p1a: Ninetales\n|-damage|p2a: Rhyperior|28/100|[from] item: Life Orb\n|\n|-weather|SunnyDay|[upkeep]\n|-damage|p1b: Basculegion|12/100 brn|[from] brn\n|upkeep\n|\n|t:|1788321305\n|switch|p1a: Farigiraf|Farigiraf, L50, F, shiny|47/100\n|turn|5\n|-message|Fell Blue forfeited.\n|\n|win|shibikanon\n","uploadtime":1788321323,"views":"3","formatid":"gen9championsvgc2026regmbbo3","rating":null,"private":0,"password":null}