{"id":"gen9championsvgc2026regmbbo3-2674784009","format":"[Gen 9 Champions] VGC 2026 Reg M-B (Bo3)","players":["bernardomgj","VTGTries"],"log":"|j|☆bernardomgj\n|j|☆VTGTries\n|html|<table width=\"100%\"><tr><td align=\"left\">bernardomgj</td><td align=\"right\">VTGTries</tr><tr><td align=\"left\"><i class=\"fa fa-circle-o\"></i> <i class=\"fa fa-circle-o\"></i> </td><td align=\"right\"><i class=\"fa fa-circle-o\"></i> <i class=\"fa fa-circle-o\"></i> </tr></table>\n|uhtml|bestof|<h2><strong>Game 1</strong> of <a href=\"/game-bestof3-gen9championsvgc2026regmbbo3-2674784008\">a best-of-3</a></h2>\n|t:|1788406115\n|gametype|doubles\n|player|p1|bernardomgj|265|1071\n|player|p2|VTGTries|1|1182\n|gen|9\n|tier|[Gen 9 Champions] VGC 2026 Reg M-B (Bo3)\n|rated|\n|rule|Species Clause: Limit one of each Pokémon\n|rule|Item Clause: Limit 1 of each item\n|clearpoke\n|poke|p1|Gallade, L50, M|\n|poke|p1|Staraptor, L50, F|\n|poke|p1|Mawile, L50, M|\n|poke|p1|Farigiraf, L50, F|\n|poke|p1|Lycanroc-Dusk, L50, F|\n|poke|p1|Milotic, L50, F|\n|poke|p2|Staraptor, L50, M|\n|poke|p2|Sinistcha, L50|\n|poke|p2|Whimsicott, L50, F|\n|poke|p2|Basculegion, L50, M|\n|poke|p2|Kingambit, L50, M|\n|poke|p2|Dragonite, L50, F|\n|teampreview|4\n|showteam|p1|Gallade||LifeOrb|Sharpness|LeafBlade,PsychoCut,SacredSword,Protect|Adamant||M|||50|]Staraptor||Staraptite|Intimidate|CloseCombat,DualWingbeat,Tailwind,Protect|Jolly||F|||50|]Mawile||Mawilite|Intimidate|PlayRough,IronHead,SuckerPunch,Protect|Adamant||M|||50|]Farigiraf||ColburBerry|ArmorTail|Psychic,HelpingHand,TrickRoom,Protect|Calm||F|||50|]Lycanroc-Dusk||FocusSash|ToughClaws|Accelerock,CloseCombat,IronHead,Protect|Jolly||F|||50|]Milotic||Leftovers|Competitive|Scald,IceBeam,Recover,Protect|Bold||F|||50|\n|showteam|p2|Staraptor||Staraptite|Intimidate|CloseCombat,BraveBird,QuickAttack,Tailwind|Adamant||M|||50|]Sinistcha||LifeOrb|Hospitality|MatchaGotcha,ShadowBall,RagePowder,TrickRoom|Modest|||||50|]Whimsicott||FocusSash|Prankster|Moonblast,Tailwind,Encore,Protect|Timid||F|||50|]Basculegion||ChoiceScarf|Adaptability|WaveCrash,LastRespects,FlipTurn,AquaJet|Jolly||M|||50|]Kingambit||BlackGlasses|Defiant|KowtowCleave,SuckerPunch,IronHead,Protect|Adamant||M|||50|]Dragonite||Dragoninite|Multiscale|DragonPulse,HeatWave,ExtremeSpeed,Roost|Modest||F|||50|\n|\n|t:|1788406153\n|teamsize|p1|4\n|teamsize|p2|4\n|start\n|switch|p1a: Milotic|Milotic, L50, F|100/100\n|switch|p1b: Farigiraf|Farigiraf, L50, F|100/100\n|switch|p2a: Staraptor|Staraptor, L50, M|100/100\n|switch|p2b: Kingambit|Kingambit, L50, M|100/100\n|-ability|p2a: Staraptor|Intimidate|boost\n|-unboost|p1a: Milotic|atk|1\n|-ability|p1a: Milotic|Competitive|boost\n|-boost|p1a: Milotic|spa|2\n|-unboost|p1b: Farigiraf|atk|1\n|turn|1\n|\n|t:|1788406176\n|detailschange|p2a: Staraptor|Staraptor-Mega, L50, M\n|-mega|p2a: Staraptor|Staraptor|Staraptite\n|move|p2a: Staraptor|Close Combat|p1b: Farigiraf\n|-damage|p1b: Farigiraf|41/100\n|-boost|p2a: Staraptor|def|1\n|-boost|p2a: Staraptor|spd|1\n|move|p1a: Milotic|Ice Beam|p2a: Staraptor\n|-supereffective|p2a: Staraptor|1\n|-damage|p2a: Staraptor|38/100\n|move|p2b: Kingambit|Kowtow Cleave|p1b: Farigiraf\n|-supereffective|p1b: Farigiraf|1\n|-enditem|p1b: Farigiraf|Colbur Berry|[eat]\n|-enditem|p1b: Farigiraf|Colbur Berry|[weaken]\n|-damage|p1b: Farigiraf|0 fnt\n|faint|p1b: Farigiraf\n|\n|upkeep\n|\n|t:|1788406191\n|switch|p1b: Gallade|Gallade, L50, M|100/100\n|turn|2\n|\n|t:|1788406200\n|move|p1b: Gallade|Protect|p1b: Gallade\n|-singleturn|p1b: Gallade|Protect\n|move|p2a: Staraptor|Brave Bird|p1b: Gallade\n|-activate|p1b: Gallade|move: Protect\n|move|p1a: Milotic|Ice Beam|p2a: Staraptor\n|-supereffective|p2a: Staraptor|1\n|-damage|p2a: Staraptor|0 fnt\n|faint|p2a: Staraptor\n|move|p2b: Kingambit|Kowtow Cleave|p1a: Milotic\n|-damage|p1a: Milotic|45/100\n|\n|-heal|p1a: Milotic|50/100g|[from] item: Leftovers\n|upkeep\n|\n|t:|1788406204\n|switch|p2a: Whimsicott|Whimsicott, L50, F|100/100\n|turn|3\n|\n|t:|1788406217\n|move|p2a: Whimsicott|Encore|p1b: Gallade\n|-start|p1b: Gallade|Encore\n|move|p1b: Gallade|Protect|p1b: Gallade\n|-singleturn|p1b: Gallade|Protect\n|move|p1a: Milotic|Recover|p1a: Milotic\n|-heal|p1a: Milotic|100/100\n|move|p2b: Kingambit|Kowtow Cleave|p1a: Milotic\n|-damage|p1a: Milotic|41/100\n|\n|-heal|p1a: Milotic|47/100|[from] item: Leftovers\n|upkeep\n|turn|4\n|\n|t:|1788406232\n|switch|p1b: Mawile|Mawile, L50, M|100/100\n|-ability|p1b: Mawile|Intimidate|boost\n|-unboost|p2a: Whimsicott|atk|1\n|-unboost|p2b: Kingambit|atk|1\n|-ability|p2b: Kingambit|Defiant|boost\n|-boost|p2b: Kingambit|atk|2\n|move|p2a: Whimsicott|Encore|p1a: Milotic\n|-start|p1a: Milotic|Encore\n|move|p1a: Milotic|Recover|p1a: Milotic\n|-heal|p1a: Milotic|97/100\n|move|p2b: Kingambit|Kowtow Cleave|p1b: Mawile\n|-resisted|p1b: Mawile|1\n|-damage|p1b: Mawile|38/100\n|\n|-heal|p1a: Milotic|100/100|[from] item: Leftovers\n|upkeep\n|turn|5\n|\n|t:|1788406249\n|detailschange|p1b: Mawile|Mawile-Mega, L50, M\n|-mega|p1b: Mawile|Mawile|Mawilite\n|move|p2a: Whimsicott|Protect|p2a: Whimsicott\n|-singleturn|p2a: Whimsicott|Protect\n|move|p1b: Mawile|Protect|p1b: Mawile\n|-singleturn|p1b: Mawile|Protect\n|move|p1a: Milotic|Recover||[still]\n|-fail|p1a: Milotic|heal\n|move|p2b: Kingambit|Iron Head|p1b: Mawile\n|-activate|p1b: Mawile|move: Protect\n|\n|upkeep\n|turn|6\n|\n|t:|1788406262\n|switch|p1b: Gallade|Gallade, L50, M|100/100\n|move|p2a: Whimsicott|Encore||[still]\n|-fail|p2a: Whimsicott\n|move|p1a: Milotic|Recover||[still]\n|-fail|p1a: Milotic|heal\n|move|p2b: Kingambit|Kowtow Cleave|p1a: Milotic\n|-damage|p1a: Milotic|22/100\n|\n|-heal|p1a: Milotic|28/100|[from] item: Leftovers\n|-end|p1a: Milotic|Encore\n|upkeep\n|turn|7\n|\n|t:|1788406277\n|move|p2a: Whimsicott|Tailwind|p2a: Whimsicott\n|-sidestart|p2: VTGTries|move: Tailwind\n|move|p2b: Kingambit|Kowtow Cleave|p1a: Milotic\n|-damage|p1a: Milotic|0 fnt\n|faint|p1a: Milotic\n|move|p1b: Gallade|Sacred Sword|p2b: Kingambit\n|-supereffective|p2b: Kingambit|2\n|-damage|p2b: Kingambit|0 fnt\n|faint|p2b: Kingambit\n|-damage|p1b: Gallade|90/100|[from] item: Life Orb\n|\n|upkeep\n|\n|t:|1788406287\n|switch|p1a: Mawile|Mawile-Mega, L50, M|38/100\n|switch|p2b: Basculegion|Basculegion, L50, M|100/100\n|turn|8\n|\n|t:|1788406294\n|move|p2a: Whimsicott|Encore|p1b: Gallade\n|-start|p1b: Gallade|Encore\n|move|p1a: Mawile|Sucker Punch|p2b: Basculegion\n|-supereffective|p2b: Basculegion|1\n|-damage|p2b: Basculegion|0 fnt\n|faint|p2b: Basculegion\n|move|p1b: Gallade|Sacred Sword|p2a: Whimsicott\n|-resisted|p2a: Whimsicott|1\n|-damage|p2a: Whimsicott|40/100\n|-damage|p1b: Gallade|80/100|[from] item: Life Orb\n|\n|upkeep\n|turn|9\n|\n|t:|1788406306\n|move|p2a: Whimsicott|Encore|p1a: Mawile\n|-start|p1a: Mawile|Encore\n|move|p1a: Mawile|Sucker Punch||[still]\n|-fail|p1a: Mawile\n|move|p1b: Gallade|Sacred Sword|p2a: Whimsicott\n|-resisted|p2a: Whimsicott|1\n|-damage|p2a: Whimsicott|0 fnt\n|faint|p2a: Whimsicott\n|-damage|p1b: Gallade|70/100|[from] item: Life Orb\n|\n|win|bernardomgj\n|j| the crimson wooper\n||bernardomgj is ready for game 2.\n||VTGTries is ready for game 2.\n|uhtml|next|Next: <a href=\"/battle-gen9championsvgc2026regmbbo3-2674785015\"><strong>Game 2 of 3</strong></a>\n|l| the crimson wooper\n|l|☆VTGTries\n|player|p2|\n","uploadtime":1788406525,"views":"2","formatid":"gen9championsvgc2026regmbbo3","rating":null,"private":0,"password":null}