{"id":"gen9championsvgc2026regmb-2674490346","format":"[Gen 9 Champions] VGC 2026 Reg M-B","players":["Er_doge","jasdfgyt567uihgjv"],"log":"|j|☆Er_doge\n|j|☆jasdfgyt567uihgjv\n|t:|1788365948\n|gametype|doubles\n|player|p1|Er_doge|169|1507\n|player|p2|jasdfgyt567uihgjv|n|1617\n|gen|9\n|tier|[Gen 9 Champions] VGC 2026 Reg M-B\n|rated|\n|rule|Species Clause: Limit one of each Pokémon\n|rule|Item Clause: Limit 1 of each item\n|clearpoke\n|poke|p1|Dragonite, L50, F|\n|poke|p1|Basculegion, L50, M|\n|poke|p1|Kingambit, L50, M|\n|poke|p1|Sneasler, L50, M|\n|poke|p1|Floette-Eternal, L50, F|\n|poke|p1|Garchomp, L50, M|\n|poke|p2|Whimsicott, L50, F, shiny|\n|poke|p2|Glimmora, L50, M|\n|poke|p2|Ninetales-Alola, L50, M|\n|poke|p2|Basculegion, L50, M|\n|poke|p2|Volcarona, L50, M|\n|poke|p2|Kommo-o, L50, F|\n|teampreview|4\n|\n|t:|1788365991\n|teamsize|p1|4\n|teamsize|p2|4\n|start\n|switch|p1a: Sneasler|Sneasler, L50, M|100/100\n|switch|p1b: Kingambit|Kingambit, L50, M|100/100\n|switch|p2a: Volcarona|Volcarona, L50, M|100/100\n|switch|p2b: Basculegion|Basculegion, L50, M|100/100\n|turn|1\n|\n|t:|1788366012\n|switch|p2b: Whimsicott|Whimsicott, L50, F, shiny|100/100\n|move|p1a: Sneasler|Fake Out|p2a: Volcarona\n|-damage|p2a: Volcarona|83/100\n|cant|p2a: Volcarona|flinch\n|move|p1b: Kingambit|Kowtow Cleave|p2b: Whimsicott\n|-resisted|p2b: Whimsicott|1\n|-damage|p2b: Whimsicott|64/100\n|\n|upkeep\n|turn|2\n|\n|t:|1788366024\n|switch|p1a: Floette|Floette-Eternal, L50, F|100/100\n|move|p2b: Whimsicott|Encore||[still]\n|-fail|p2b: Whimsicott\n|move|p2a: Volcarona|Overheat|p1b: Kingambit\n|-supereffective|p1b: Kingambit|1\n|-damage|p1b: Kingambit|0 fnt\n|-unboost|p2a: Volcarona|spa|2\n|faint|p1b: Kingambit\n|\n|upkeep\n|\n|t:|1788366035\n|switch|p1b: Sneasler|Sneasler, L50, M|100/100\n|turn|3\n|\n|t:|1788366050\n|detailschange|p1a: Floette|Floette-Mega, L50, F\n|-mega|p1a: Floette|Floette|Floettite\n|-ability|p1a: Floette|Fairy Aura\n|move|p2b: Whimsicott|Protect|p2b: Whimsicott\n|-singleturn|p2b: Whimsicott|Protect\n|move|p1b: Sneasler|Dire Claw|p2b: Whimsicott\n|-activate|p2b: Whimsicott|move: Protect\n|move|p1a: Floette|Moonblast|p2a: Volcarona\n|-resisted|p2a: Volcarona|1\n|-damage|p2a: Volcarona|47/100\n|move|p2a: Volcarona|Struggle Bug|p1b: Sneasler|[spread] p1a,p1b\n|-resisted|p1a: Floette|1\n|-resisted|p1b: Sneasler|2\n|-crit|p1b: Sneasler\n|-damage|p1a: Floette|96/100\n|-damage|p1b: Sneasler|91/100\n|-unboost|p1a: Floette|spa|1\n|-unboost|p1b: Sneasler|spa|1\n|\n|upkeep\n|turn|4\n|\n|t:|1788366067\n|switch|p1a: Garchomp|Garchomp, L50, M|100/100\n|move|p2b: Whimsicott|Tailwind|p2b: Whimsicott\n|-sidestart|p2: jasdfgyt567uihgjv|move: Tailwind\n|move|p2a: Volcarona|Struggle Bug|p1b: Sneasler|[spread] p1a,p1b\n|-resisted|p1b: Sneasler|2\n|-damage|p1a: Garchomp|88/100\n|-damage|p1b: Sneasler|87/100\n|-unboost|p1a: Garchomp|spa|1\n|-unboost|p1b: Sneasler|spa|1\n|move|p1b: Sneasler|Dire Claw|p2b: Whimsicott\n|-supereffective|p2b: Whimsicott|2\n|-damage|p2b: Whimsicott|0 fnt\n|faint|p2b: Whimsicott\n|\n|upkeep\n|\n|t:|1788366079\n|switch|p2b: Basculegion|Basculegion, L50, M|100/100\n|turn|5\n|\n|t:|1788366102\n|move|p2b: Basculegion|Last Respects|p1a: Garchomp\n|-damage|p1a: Garchomp|27/100\n|move|p2a: Volcarona|Struggle Bug|p1b: Sneasler|[spread] p1a,p1b\n|-crit|p1a: Garchomp\n|-resisted|p1b: Sneasler|2\n|-damage|p1a: Garchomp|0 fnt\n|-damage|p1b: Sneasler|85/100\n|-unboost|p1b: Sneasler|spa|1\n|faint|p1a: Garchomp\n|move|p1b: Sneasler|Dire Claw|p2b: Basculegion\n|-resisted|p2b: Basculegion|1\n|-damage|p2b: Basculegion|72/100\n|\n|upkeep\n|-message|Er_doge forfeited.\n|\n|win|jasdfgyt567uihgjv\n|raw|Er_doge's rating: 1507 &rarr; <strong>1493</strong><br />(-14 for losing)\n|raw|jasdfgyt567uihgjv's rating: 1617 &rarr; <strong>1631</strong><br />(+14 for winning)\n|l|☆Er_doge\n|player|p1|\n","uploadtime":1788366119,"views":"13","formatid":"gen9championsvgc2026regmb","rating":1493,"private":0,"password":null}