{"id":"gen9championsvgc2026regmb-2673987268","format":"[Gen 9 Champions] VGC 2026 Reg M-B","players":["dqstrqyed","prometheus12345"],"log":"|j|☆dqstrqyed\n|j|☆prometheus12345\n|t:|1788285186\n|gametype|doubles\n|player|p1|dqstrqyed|170|1325\n|player|p2|prometheus12345|102|1322\n|gen|9\n|tier|[Gen 9 Champions] VGC 2026 Reg M-B\n|rated|\n|rule|Species Clause: Limit one of each Pokémon\n|rule|Item Clause: Limit 1 of each item\n|clearpoke\n|poke|p1|Blaziken, L50, F|\n|poke|p1|Froslass, L50, F|\n|poke|p1|Incineroar, L50, M|\n|poke|p1|Kingambit, L50, F|\n|poke|p1|Sinistcha, L50|\n|poke|p1|Sneasler, L50, F|\n|poke|p2|Meganium, L50, M|\n|poke|p2|Talonflame, L50, F|\n|poke|p2|Rotom-Wash, L50|\n|poke|p2|Aerodactyl, L50, F|\n|poke|p2|Gholdengo, L50|\n|poke|p2|Garchomp, L50, F|\n|teampreview|4\n|\n|t:|1788285218\n|teamsize|p1|4\n|teamsize|p2|4\n|start\n|switch|p1a: Incineroar|Incineroar, L50, M|100/100\n|switch|p1b: Blaziken|Blaziken, L50, F|100/100\n|switch|p2a: Talonflame|Talonflame, L50, F|100/100\n|switch|p2b: Rotom|Rotom-Wash, L50|100/100\n|-ability|p1a: Incineroar|Intimidate|boost\n|-unboost|p2a: Talonflame|atk|1\n|-unboost|p2b: Rotom|atk|1\n|turn|1\n|inactive|Battle timer is ON: inactive players will automatically lose when time's up. (requested by prometheus12345)\n|\n|t:|1788285235\n|detailschange|p1b: Blaziken|Blaziken-Mega, L50, F\n|-mega|p1b: Blaziken|Blaziken|Blazikenite\n|move|p2a: Talonflame|Protect|p2a: Talonflame\n|-singleturn|p2a: Talonflame|Protect\n|move|p1b: Blaziken|Detect|p1b: Blaziken\n|-singleturn|p1b: Blaziken|Protect\n|move|p1a: Incineroar|Fake Out|p2a: Talonflame\n|-activate|p2a: Talonflame|move: Protect\n|move|p2b: Rotom|Hydro Pump|p1b: Blaziken\n|-activate|p1b: Blaziken|move: Protect\n|\n|-ability|p1b: Blaziken|Speed Boost|boost\n|-boost|p1b: Blaziken|spe|1\n|upkeep\n|turn|2\n|\n|t:|1788285257\n|move|p2a: Talonflame|Dual Wingbeat|p1b: Blaziken\n|-supereffective|p1b: Blaziken|1\n|-damage|p1b: Blaziken|64/100\n|-supereffective|p1b: Blaziken|1\n|-damage|p1b: Blaziken|26/100\n|-hitcount|p1b: Blaziken|2\n|move|p1b: Blaziken|Rock Slide|p2a: Talonflame|[spread] p2a,p2b\n|-supereffective|p2a: Talonflame|2\n|-damage|p2a: Talonflame|0 fnt\n|-damage|p2b: Rotom|73/100\n|faint|p2a: Talonflame\n|move|p2b: Rotom|Hydro Pump|p1b: Blaziken\n|-supereffective|p1b: Blaziken|1\n|-damage|p1b: Blaziken|0 fnt\n|faint|p1b: Blaziken\n|move|p1a: Incineroar|Parting Shot|p2b: Rotom\n|-unboost|p2b: Rotom|atk|1\n|-unboost|p2b: Rotom|spa|1\n|\n|t:|1788285273\n|switch|p1a: Sneasler|Sneasler, L50, F|100/100|[from] Parting Shot\n|\n|upkeep\n|\n|t:|1788285277\n|switch|p2a: Garchomp|Garchomp, L50, F|100/100\n|switch|p1b: Sinistcha|Sinistcha, L50|100/100\n|turn|3\n|\n|t:|1788285290\n|switch|p2b: Meganium|Meganium, L50, M|100/100\n|move|p2a: Garchomp|Protect|p2a: Garchomp\n|-singleturn|p2a: Garchomp|Protect\n|move|p1a: Sneasler|Fake Out|p2a: Garchomp\n|-activate|p2a: Garchomp|move: Protect\n|move|p1b: Sinistcha|Matcha Gotcha|p2a: Garchomp|[spread] p2b\n|-activate|p2a: Garchomp|move: Protect\n|-resisted|p2b: Meganium|1\n|-damage|p2b: Meganium|88/100\n|\n|upkeep\n|turn|4\n|inactive|dqstrqyed has 30 seconds left.\n|inactive|prometheus12345 has 30 seconds left.\n|\n|t:|1788285317\n|switch|p1a: Incineroar|Incineroar, L50, M|100/100\n|-ability|p1a: Incineroar|Intimidate|boost\n|-unboost|p2a: Garchomp|atk|1\n|-unboost|p2b: Meganium|atk|1\n|detailschange|p2b: Meganium|Meganium-Mega, L50, M\n|-mega|p2b: Meganium|Meganium|Meganiumite\n|move|p2a: Garchomp|Earthquake|p1b: Sinistcha|[spread] p2b,p1a,p1b\n|-resisted|p2b: Meganium|1\n|-supereffective|p1a: Incineroar|1\n|-resisted|p1b: Sinistcha|1\n|-damage|p2b: Meganium|77/100\n|-damage|p1a: Incineroar|49/100\n|-damage|p1b: Sinistcha|89/100\n|-enditem|p1a: Incineroar|Sitrus Berry|[eat]\n|-heal|p1a: Incineroar|73/100|[from] item: Sitrus Berry\n|move|p2b: Meganium|Dazzling Gleam|p1a: Incineroar|[spread] p1a,p1b\n|-damage|p1a: Incineroar|45/100\n|-damage|p1b: Sinistcha|51/100\n|move|p1b: Sinistcha|Trick Room|p1b: Sinistcha\n|-fieldstart|move: Trick Room|[of] p1b: Sinistcha\n|\n|upkeep\n|turn|5\n|\n|t:|1788285341\n|switch|p2a: Rotom|Rotom-Wash, L50|73/100\n|move|p1a: Incineroar|Helping Hand|p1b: Sinistcha\n|-singleturn|p1b: Sinistcha|Helping Hand|[of] p1a: Incineroar\n|move|p1b: Sinistcha|Matcha Gotcha|p2a: Rotom|[spread] p2a,p2b\n|-supereffective|p2a: Rotom|1\n|-resisted|p2b: Meganium|1\n|-damage|p2a: Rotom|0 fnt\n|-heal|p1b: Sinistcha|84/100|[from] drain|[of] p2a: Rotom\n|-damage|p2b: Meganium|61/100\n|-heal|p1b: Sinistcha|92/100|[from] drain|[of] p2b: Meganium\n|faint|p2a: Rotom\n|move|p2b: Meganium|Weather Ball|p1b: Sinistcha\n|-supereffective|p1b: Sinistcha|1\n|-enditem|p1b: Sinistcha|Occa Berry|[eat]\n|-enditem|p1b: Sinistcha|Occa Berry|[weaken]\n|-damage|p1b: Sinistcha|37/100\n|\n|upkeep\n|\n|t:|1788285351\n|switch|p2a: Garchomp|Garchomp, L50, F|100/100\n|turn|6\n|\n|t:|1788285364\n|move|p1a: Incineroar|Flare Blitz|p2b: Meganium\n|-supereffective|p2b: Meganium|1\n|-damage|p2b: Meganium|0 fnt\n|faint|p2b: Meganium\n|-damage|p1a: Incineroar|27/100|[from] Recoil\n|move|p1b: Sinistcha|Matcha Gotcha|p2a: Garchomp\n|-damage|p2a: Garchomp|63/100\n|-heal|p1b: Sinistcha|55/100|[from] drain|[of] p2a: Garchomp\n|move|p2a: Garchomp|Dragon Claw|p1a: Incineroar\n|-damage|p1a: Incineroar|0 fnt\n|faint|p1a: Incineroar\n|\n|upkeep\n|\n|t:|1788285375\n|switch|p1a: Sneasler|Sneasler, L50, F|100/100\n|turn|7\n|inactive|prometheus12345 has 30 seconds left.\n|inactive|prometheus12345 has 20 seconds left.\n|inactive|prometheus12345 has 15 seconds left.\n|inactive|prometheus12345 has 10 seconds left.\n|inactive|prometheus12345 has 5 seconds left.\n|\n|t:|1788285430\n|move|p1a: Sneasler|Fake Out|p2a: Garchomp\n|-damage|p2a: Garchomp|49/100\n|-damage|p1a: Sneasler|87/100|[from] ability: Rough Skin|[of] p2a: Garchomp\n|cant|p2a: Garchomp|flinch\n|move|p1b: Sinistcha|Trick Room|p1b: Sinistcha\n|-fieldend|move: Trick Room\n|\n|upkeep\n|turn|8\n|inactive|prometheus12345 has 30 seconds left.\n|\n|t:|1788285465\n|move|p1a: Sneasler|Close Combat|p2a: Garchomp\n|-damage|p2a: Garchomp|0 fnt\n|-unboost|p1a: Sneasler|def|1\n|-unboost|p1a: Sneasler|spd|1\n|-damage|p1a: Sneasler|75/100|[from] ability: Rough Skin|[of] p2a: Garchomp\n|faint|p2a: Garchomp\n|\n|win|dqstrqyed\n|raw|dqstrqyed's rating: 1325 &rarr; <strong>1345</strong><br />(+20 for winning)\n|raw|prometheus12345's rating: 1322 &rarr; <strong>1302</strong><br />(-20 for losing)\n|l|☆prometheus12345\n|player|p2|\n|l|☆dqstrqyed\n|player|p1|\n|j|☆dqstrqyed\n|player|p1|dqstrqyed|170|\n","uploadtime":1788285477,"views":"4","formatid":"gen9championsvgc2026regmb","rating":1302,"private":0,"password":null}