{"id":"gen9championsvgc2026regmbbo3-2673759035","format":"[Gen 9 Champions] VGC 2026 Reg M-B (Bo3)","players":["bananamuncher243","CaratroncoSun"],"log":"|j|☆bananamuncher243\n|j|☆CaratroncoSun\n|html|<table width=\"100%\"><tr><td align=\"left\">bananamuncher243</td><td align=\"right\">CaratroncoSun</tr><tr><td align=\"left\"><i class=\"fa fa-circle-o\"></i> <i class=\"fa fa-circle-o\"></i> </td><td align=\"right\"><i class=\"fa fa-circle-o\"></i> <i class=\"fa fa-circle\"></i> </tr></table>\n|uhtml|bestof|<h2><strong>Game 2</strong> of <a href=\"/game-bestof3-gen9championsvgc2026regmbbo3-2673758560\">a best-of-3</a></h2>\n|t:|1788249775\n|gametype|doubles\n|player|p1|bananamuncher243|102|1162\n|player|p2|CaratroncoSun|170|1308\n|gen|9\n|tier|[Gen 9 Champions] VGC 2026 Reg M-B (Bo3)\n|rated|\n|rule|Species Clause: Limit one of each Pokémon\n|rule|Item Clause: Limit 1 of each item\n|clearpoke\n|poke|p1|Basculegion, L50, M|\n|poke|p1|Kingambit, L50, F|\n|poke|p1|Charizard, L50, M|\n|poke|p1|Aerodactyl, L50, M|\n|poke|p1|Venusaur, L50, F|\n|poke|p1|Garchomp, L50, M|\n|poke|p2|Charizard, L50, M, shiny|\n|poke|p2|Venusaur, L50, F, shiny|\n|poke|p2|Whimsicott, L50, F, shiny|\n|poke|p2|Basculegion, L50, M|\n|poke|p2|Tyranitar, L50, F|\n|poke|p2|Mamoswine, L50, F|\n|teampreview|4\n|showteam|p1|Basculegion||LifeOrb|Adaptability|AquaJet,LastRespects,WaveCrash,Protect|Jolly||M|||50|]Kingambit||BlackGlasses|Defiant|KowtowCleave,Protect,SuckerPunch,SwordsDance|Adamant||F|||50|]Charizard||CharizarditeY|Blaze|HeatWave,Protect,WeatherBall,SolarBeam|Timid||M|||50|]Aerodactyl||Aerodactylite|Unnerve|Tailwind,RockSlide,AerialAce,WideGuard|Jolly||M|||50|]Venusaur||FocusSash|Chlorophyll|SleepPowder,SludgeBomb,EnergyBall,Protect|Modest||F|||50|]Garchomp||ChoiceScarf|RoughSkin|Earthquake,DragonClaw,RockSlide,StompingTantrum|Adamant||M|||50|\n|showteam|p2|Charizard||CharizarditeY|Blaze|Protect,SolarBeam,HeatWave,AirSlash|Modest||M|||50|]Venusaur||WideLens|Chlorophyll|Protect,GigaDrain,EarthPower,SleepPowder|Modest||F|||50|]Whimsicott||FocusSash|Prankster|Protect,Moonblast,Tailwind,Encore|Timid||F|||50|]Basculegion||MysticWater|Adaptability|Protect,AquaJet,WaveCrash,LastRespects|Adamant||M|||50|]Tyranitar||Tyranitarite|SandStream|Protect,RockSlide,KnockOff,LowKick|Adamant||F|||50|]Mamoswine||LifeOrb|Oblivious|Protect,HighHorsepower,RockSlide,IceShard|Adamant||F|||50|\n|inactive|Battle timer is ON: inactive players will automatically lose when time's up. (requested by bananamuncher243)\n|inactive|bananamuncher243 has 60 seconds left.\n|\n|t:|1788249812\n|teamsize|p1|4\n|teamsize|p2|4\n|start\n|switch|p1a: Aerodactyl|Aerodactyl, L50, M|100/100\n|switch|p1b: Garchomp|Garchomp, L50, M|100/100\n|switch|p2a: Basculegion|Basculegion, L50, M|100/100\n|switch|p2b: Mamoswine|Mamoswine, L50, F|100/100\n|-ability|p1a: Aerodactyl|Unnerve\n|turn|1\n|inactive|bananamuncher243 has 30 seconds left.\n|\n|t:|1788249843\n|detailschange|p1a: Aerodactyl|Aerodactyl-Mega, L50, M\n|-mega|p1a: Aerodactyl|Aerodactyl|Aerodactylite\n|move|p2b: Mamoswine|Ice Shard|p1b: Garchomp\n|-supereffective|p1b: Garchomp|2\n|-damage|p1b: Garchomp|0 fnt\n|faint|p1b: Garchomp\n|-damage|p2b: Mamoswine|90/100|[from] item: Life Orb\n|move|p2a: Basculegion|Aqua Jet|p1a: Aerodactyl\n|-supereffective|p1a: Aerodactyl|1\n|-damage|p1a: Aerodactyl|31/100\n|move|p1a: Aerodactyl|Tailwind|p1a: Aerodactyl\n|-sidestart|p1: bananamuncher243|move: Tailwind\n|\n|upkeep\n|\n|t:|1788249859\n|switch|p1b: Kingambit|Kingambit, L50, F|100/100\n|turn|2\n|\n|t:|1788249884\n|switch|p1a: Basculegion|Basculegion, L50, M|100/100\n|move|p1b: Kingambit|Sucker Punch|p2b: Mamoswine\n|-damage|p2b: Mamoswine|32/100\n|move|p2b: Mamoswine|Ice Shard|p1a: Basculegion\n|-resisted|p1a: Basculegion|1\n|-damage|p1a: Basculegion|81/100\n|-damage|p2b: Mamoswine|22/100|[from] item: Life Orb\n|move|p2a: Basculegion|Wave Crash|p1b: Kingambit\n|-damage|p1b: Kingambit|8/100\n|-damage|p2a: Basculegion|72/100|[from] Recoil\n|\n|upkeep\n|turn|3\n|inactive|bananamuncher243 has 30 seconds left.\n|\n|t:|1788249914\n|move|p2b: Mamoswine|Protect|p2b: Mamoswine\n|-singleturn|p2b: Mamoswine|Protect\n|move|p2a: Basculegion|Protect|p2a: Basculegion\n|-singleturn|p2a: Basculegion|Protect\n|move|p1b: Kingambit|Sucker Punch||[still]\n|-fail|p1b: Kingambit\n|move|p1a: Basculegion|Last Respects|p2b: Mamoswine\n|-activate|p2b: Mamoswine|move: Protect\n|\n|upkeep\n|turn|4\n|\n|t:|1788249928\n|switch|p2b: Tyranitar|Tyranitar, L50, F|100/100\n|-weather|Sandstorm|[from] ability: Sand Stream|[of] p2b: Tyranitar\n|switch|p2a: Whimsicott|Whimsicott, L50, F, shiny|100/100\n|move|p1a: Basculegion|Aqua Jet|p2b: Tyranitar\n|-supereffective|p2b: Tyranitar|1\n|-damage|p2b: Tyranitar|41/100\n|-damage|p1a: Basculegion|72/100|[from] item: Life Orb\n|move|p1b: Kingambit|Sucker Punch||[still]\n|-fail|p1b: Kingambit\n|\n|-weather|Sandstorm|[upkeep]\n|-damage|p1a: Basculegion|65/100|[from] Sandstorm\n|-damage|p2a: Whimsicott|94/100|[from] Sandstorm\n|-sideend|p1: bananamuncher243|move: Tailwind\n|upkeep\n|turn|5\n|\n|t:|1788249951\n|switch|p2b: Basculegion|Basculegion, L50, M|72/100\n|switch|p1b: Aerodactyl|Aerodactyl-Mega, L50, M|31/100\n|move|p2a: Whimsicott|Tailwind|p2a: Whimsicott\n|-sidestart|p2: CaratroncoSun|move: Tailwind\n|move|p1a: Basculegion|Aqua Jet|p2b: Basculegion\n|-resisted|p2b: Basculegion|1\n|-crit|p2b: Basculegion\n|-damage|p2b: Basculegion|43/100\n|-damage|p1a: Basculegion|56/100|[from] item: Life Orb\n|\n|-weather|Sandstorm|[upkeep]\n|-damage|p2a: Whimsicott|88/100|[from] Sandstorm\n|-damage|p2b: Basculegion|36/100|[from] Sandstorm\n|-damage|p1a: Basculegion|50/100g|[from] Sandstorm\n|upkeep\n|turn|6\n|\n|t:|1788249969\n|move|p1a: Basculegion|Protect|p1a: Basculegion\n|-singleturn|p1a: Basculegion|Protect\n|move|p2a: Whimsicott|Moonblast|p1b: Aerodactyl\n|-damage|p1b: Aerodactyl|5/100\n|move|p2b: Basculegion|Last Respects|p1a: Basculegion\n|-activate|p1a: Basculegion|move: Protect\n|move|p1b: Aerodactyl|Aerial Ace|p2a: Whimsicott\n|-supereffective|p2a: Whimsicott|1\n|-damage|p2a: Whimsicott|0 fnt\n|faint|p2a: Whimsicott\n|\n|-weather|Sandstorm|[upkeep]\n|-damage|p2b: Basculegion|30/100|[from] Sandstorm\n|-damage|p1a: Basculegion|44/100|[from] Sandstorm\n|upkeep\n|\n|t:|1788249984\n|switch|p2a: Mamoswine|Mamoswine, L50, F|22/100\n|turn|7\n|inactive|bananamuncher243 has 30 seconds left.\n|\n|t:|1788250012\n|move|p2a: Mamoswine|Ice Shard|p1b: Aerodactyl\n|-supereffective|p1b: Aerodactyl|1\n|-damage|p1b: Aerodactyl|0 fnt\n|faint|p1b: Aerodactyl\n|-damage|p2a: Mamoswine|12/100|[from] item: Life Orb\n|move|p1a: Basculegion|Aqua Jet|p2a: Mamoswine\n|-supereffective|p2a: Mamoswine|1\n|-damage|p2a: Mamoswine|0 fnt\n|faint|p2a: Mamoswine\n|-damage|p1a: Basculegion|34/100|[from] item: Life Orb\n|move|p2b: Basculegion|Last Respects|p1a: Basculegion\n|-supereffective|p1a: Basculegion|1\n|-damage|p1a: Basculegion|0 fnt\n|faint|p1a: Basculegion\n|\n|-weather|Sandstorm|[upkeep]\n|-damage|p2b: Basculegion|24/100|[from] Sandstorm\n|upkeep\n|-message|bananamuncher243 forfeited.\n|\n|win|CaratroncoSun\n|raw|bananamuncher243's rating: 1162 &rarr; <strong>1147</strong><br />(-15 for losing)\n|raw|CaratroncoSun's rating: 1308 &rarr; <strong>1320</strong><br />(+12 for winning)\n|l|☆bananamuncher243\n|player|p1|\n","uploadtime":1788250027,"views":"2","formatid":"gen9championsvgc2026regmbbo3","rating":1147,"private":0,"password":null}