{"id":"gen9championsvgc2026regmbbo3-2674077583","format":"[Gen 9 Champions] VGC 2026 Reg M-B (Bo3)","players":["borntobethegoat","Crotolamo67"],"log":"|j|☆borntobethegoat\n|j|☆Crotolamo67\n|html|<table width=\"100%\"><tr><td align=\"left\">borntobethegoat</td><td align=\"right\">Crotolamo67</tr><tr><td align=\"left\"><i class=\"fa fa-circle-o\"></i> <i class=\"fa fa-circle-o\"></i> </td><td align=\"right\"><i class=\"fa fa-circle-o\"></i> <i class=\"fa fa-circle-o\"></i> </tr></table>\n|uhtml|bestof|<h2><strong>Game 1</strong> of <a href=\"/game-bestof3-gen9championsvgc2026regmbbo3-2674077582\">a best-of-3</a></h2>\n|t:|1788296029\n|gametype|doubles\n|player|p1|borntobethegoat|caitlin|1379\n|player|p2|Crotolamo67|mina-lgpe|1266\n|gen|9\n|tier|[Gen 9 Champions] VGC 2026 Reg M-B (Bo3)\n|rated|\n|rule|Species Clause: Limit one of each Pokémon\n|rule|Item Clause: Limit 1 of each item\n|clearpoke\n|poke|p1|Garchomp, L50, M|\n|poke|p1|Kingambit, L50, M|\n|poke|p1|Sneasler, L50, M|\n|poke|p1|Sinistcha, L50|\n|poke|p1|Incineroar, L50, M|\n|poke|p1|Floette-Eternal, L50, F|\n|poke|p2|Primarina, L50, M|\n|poke|p2|Incineroar, L50, M|\n|poke|p2|Raichu, L50, F|\n|poke|p2|Sinistcha-Masterpiece, L50|\n|poke|p2|Delphox, L50, F|\n|poke|p2|Kingambit, L50, F|\n|teampreview|4\n|showteam|p1|Garchomp||Garchompite|RoughSkin|Earthquake,StompingTantrum,RockSlide,Protect|Adamant||M|||50|]Kingambit||ChopleBerry|Defiant|KowtowCleave,SuckerPunch,IronHead,Protect|Adamant||M|||50|]Sneasler||FocusSash|Unburden|FakeOut,DireClaw,CloseCombat,Coaching|Jolly||M|||50|]Sinistcha||SitrusBerry|Hospitality|MatchaGotcha,RagePowder,TrickRoom,Protect|Bold|||||50|]Incineroar||Leftovers|Intimidate|FakeOut,FlareBlitz,PartingShot,HelpingHand|Sassy||M|||50|]Floette-Eternal||Floettite|FlowerVeil|DazzlingGleam,DrainingKiss,CalmMind,Protect|Timid||F|||50|\n|showteam|p2|Primarina||Leftovers|LiquidVoice|HyperVoice,Moonblast,CalmMind,Protect|Modest||M|||50|]Incineroar||SitrusBerry|Intimidate|FakeOut,ThroatChop,FlareBlitz,PartingShot|Impish||M|||50|]Raichu||RaichuniteY|LightningRod|ZapCannon,FocusBlast,FakeOut,Protect|Timid||F|||50|]Sinistcha-Masterpiece||KasibBerry|Hospitality|MatchaGotcha,RagePowder,LifeDew,Protect|Bold|||||50|]Delphox||Delphoxite|Blaze|HeatWave,Psychic,NastyPlot,Protect|Timid||F|||50|]Kingambit||LifeOrb|Defiant|KowtowCleave,SuckerPunch,SwordsDance,Protect|Adamant||F|||50|\n|inactive|Battle timer is ON: inactive players will automatically lose when time's up. (requested by borntobethegoat)\n|inactive|Crotolamo67 has 60 seconds left.\n|inactive|Crotolamo67 has 30 seconds left.\n|\n|t:|1788296127\n|teamsize|p1|4\n|teamsize|p2|4\n|start\n|switch|p1a: Sneasler|Sneasler, L50, M|100/100\n|switch|p1b: Floette|Floette-Eternal, L50, F|100/100\n|switch|p2a: GorditaCulona|Primarina, L50, M|100/100\n|switch|p2b: Alberto|Raichu, L50, F|100/100\n|turn|1\n|inactive|Crotolamo67 has 30 seconds left.\n|inactive|Crotolamo67 has 20 seconds left.\n|inactive|Crotolamo67 has 15 seconds left.\n|\n|t:|1788296169\n|detailschange|p2b: Alberto|Raichu-Mega-Y, L50, F\n|-mega|p2b: Alberto|Raichu|Raichunite Y\n|move|p2b: Alberto|Fake Out|p1a: Sneasler\n|-damage|p1a: Sneasler|83/100\n|cant|p1a: Sneasler|flinch\n|move|p1b: Floette|Calm Mind|p1b: Floette\n|-boost|p1b: Floette|spa|1\n|-boost|p1b: Floette|spd|1\n|move|p2a: GorditaCulona|Calm Mind|p2a: GorditaCulona\n|-boost|p2a: GorditaCulona|spa|1\n|-boost|p2a: GorditaCulona|spd|1\n|\n|upkeep\n|turn|2\n|inactive|Crotolamo67 has 30 seconds left.\n|\n|t:|1788296197\n|move|p2b: Alberto|Zap Cannon|p1a: Sneasler\n|-damage|p1a: Sneasler|0 fnt\n|faint|p1a: Sneasler\n|move|p1b: Floette|Calm Mind|p1b: Floette\n|-boost|p1b: Floette|spa|1\n|-boost|p1b: Floette|spd|1\n|move|p2a: GorditaCulona|Hyper Voice|p1b: Floette\n|-damage|p1b: Floette|71/100\n|\n|upkeep\n|\n|t:|1788296208\n|switch|p1a: Incineroar|Incineroar, L50, M|100/100\n|-ability|p1a: Incineroar|Intimidate|boost\n|-unboost|p2a: GorditaCulona|atk|1\n|-unboost|p2b: Alberto|atk|1\n|turn|3\n|inactive|Crotolamo67 has 30 seconds left.\n|inactive|Crotolamo67 has 20 seconds left.\n|\n|t:|1788296244\n|detailschange|p1b: Floette|Floette-Mega, L50, F\n|-mega|p1b: Floette|Floette|Floettite\n|-ability|p1b: Floette|Fairy Aura\n|move|p2b: Alberto|Protect|p2b: Alberto\n|-singleturn|p2b: Alberto|Protect\n|move|p2a: GorditaCulona|Protect|p2a: GorditaCulona\n|-singleturn|p2a: GorditaCulona|Protect\n|move|p1a: Incineroar|Fake Out|p2a: GorditaCulona\n|-activate|p2a: GorditaCulona|move: Protect\n|move|p1b: Floette|Calm Mind|p1b: Floette\n|-boost|p1b: Floette|spa|1\n|-boost|p1b: Floette|spd|1\n|\n|upkeep\n|turn|4\n|inactive|Crotolamo67 has 30 seconds left.\n|inactive|Crotolamo67 has 20 seconds left.\n|inactive|Crotolamo67 has 15 seconds left.\n|inactive|Crotolamo67 has 10 seconds left.\n|\n|t:|1788296290\n|move|p2b: Alberto|Zap Cannon|p1b: Floette\n|-damage|p1b: Floette|49/100\n|-status|p1b: Floette|par\n|move|p2a: GorditaCulona|Moonblast|p1a: Incineroar\n|-damage|p1a: Incineroar|27/100\n|move|p1b: Floette|Draining Kiss|p2b: Alberto\n|-damage|p2b: Alberto|0 fnt\n|-heal|p1b: Floette|100/100 par|[from] drain|[of] p2b: Alberto\n|faint|p2b: Alberto\n|move|p1a: Incineroar|Parting Shot|p2a: GorditaCulona\n|-unboost|p2a: GorditaCulona|atk|1\n|-unboost|p2a: GorditaCulona|spa|1\n|\n|t:|1788296301\n|switch|p1a: Sinistcha|Sinistcha, L50|100/100|[from] Parting Shot\n|\n|upkeep\n|\n|t:|1788296310\n|switch|p2b: Antonio|Sinistcha-Masterpiece, L50|100/100\n|turn|5\n|inactive|Crotolamo67 has 30 seconds left.\n|inactive|Crotolamo67 has 20 seconds left.\n|\n|t:|1788296346\n|move|p2b: Antonio|Protect|p2b: Antonio\n|-singleturn|p2b: Antonio|Protect\n|move|p2a: GorditaCulona|Calm Mind|p2a: GorditaCulona\n|-boost|p2a: GorditaCulona|spa|1\n|-boost|p2a: GorditaCulona|spd|1\n|move|p1b: Floette|Draining Kiss|p2b: Antonio\n|-activate|p2b: Antonio|move: Protect\n|move|p1a: Sinistcha|Trick Room|p1a: Sinistcha\n|-fieldstart|move: Trick Room|[of] p1a: Sinistcha\n|\n|upkeep\n|turn|6\n|\n|t:|1788296369\n|cant|p1b: Floette|par\n|move|p1a: Sinistcha|Matcha Gotcha|p2b: Antonio|[spread] p2a,p2b\n|-supereffective|p2a: GorditaCulona|1\n|-resisted|p2b: Antonio|1\n|-damage|p2a: GorditaCulona|76/100\n|-damage|p2b: Antonio|87/100\n|move|p2b: Antonio|Matcha Gotcha|p1b: Floette|[spread] p1a,p1b\n|-resisted|p1a: Sinistcha|1\n|-damage|p1a: Sinistcha|88/100\n|-heal|p2b: Antonio|93/100|[from] drain|[of] p1a: Sinistcha\n|-damage|p1b: Floette|90/100 par\n|-heal|p2b: Antonio|97/100|[from] drain|[of] p1b: Floette\n|move|p2a: GorditaCulona|Moonblast|p1a: Sinistcha\n|-damage|p1a: Sinistcha|0 fnt\n|faint|p1a: Sinistcha\n|\n|-heal|p2a: GorditaCulona|82/100|[from] item: Leftovers\n|upkeep\n|\n|t:|1788296384\n|switch|p1a: Incineroar|Incineroar, L50, M|27/100\n|-ability|p1a: Incineroar|Intimidate|boost\n|-unboost|p2a: GorditaCulona|atk|1\n|-unboost|p2b: Antonio|atk|1\n|turn|7\n|\n|t:|1788296404\n|move|p2b: Antonio|Protect|p2b: Antonio\n|-singleturn|p2b: Antonio|Protect\n|move|p2a: GorditaCulona|Protect|p2a: GorditaCulona\n|-singleturn|p2a: GorditaCulona|Protect\n|move|p1a: Incineroar|Fake Out|p2a: GorditaCulona\n|-activate|p2a: GorditaCulona|move: Protect\n|move|p1b: Floette|Calm Mind|p1b: Floette\n|-boost|p1b: Floette|spa|1\n|-boost|p1b: Floette|spd|1\n|\n|-heal|p1a: Incineroar|33/100|[from] item: Leftovers\n|-heal|p2a: GorditaCulona|88/100|[from] item: Leftovers\n|upkeep\n|turn|8\n|\n|t:|1788296421\n|move|p1a: Incineroar|Helping Hand|p1b: Floette\n|-singleturn|p1b: Floette|Helping Hand|[of] p1a: Incineroar\n|move|p2b: Antonio|Rage Powder|p2b: Antonio\n|-singleturn|p2b: Antonio|move: Rage Powder\n|move|p1b: Floette|Dazzling Gleam|p2b: Antonio|[spread] p2a,p2b\n|-crit|p2a: GorditaCulona\n|-damage|p2a: GorditaCulona|0 fnt\n|-damage|p2b: Antonio|0 fnt\n|faint|p2a: GorditaCulona\n|faint|p2b: Antonio\n|\n|-heal|p1a: Incineroar|39/100|[from] item: Leftovers\n|upkeep\n|\n|t:|1788296436\n|switch|p2b: Leo :3|Incineroar, L50, M|100/100\n|-ability|p2b: Leo :3|Intimidate|boost\n|-unboost|p1a: Incineroar|atk|1\n|-unboost|p1b: Floette|atk|1\n|turn|9\n|\n|t:|1788296451\n|move|p1b: Floette|Protect|p1b: Floette\n|-singleturn|p1b: Floette|Protect\n|move|p2b: Leo :3|Fake Out|p1b: Floette\n|-activate|p1b: Floette|move: Protect\n|move|p1a: Incineroar|Parting Shot|p2b: Leo :3\n|-unboost|p2b: Leo :3|atk|1\n|-unboost|p2b: Leo :3|spa|1\n|\n|-heal|p1a: Incineroar|45/100|[from] item: Leftovers\n|-fieldend|move: Trick Room\n|upkeep\n|turn|10\n|\n|t:|1788296458\n|move|p2b: Leo :3|Flare Blitz|p1b: Floette\n|-damage|p1b: Floette|56/100 par\n|-damage|p2b: Leo :3|91/100|[from] Recoil\n|move|p1b: Floette|Draining Kiss|p2b: Leo :3\n|-damage|p2b: Leo :3|0 fnt\n|-heal|p1b: Floette|100/100 par|[from] drain|[of] p2b: Leo :3\n|faint|p2b: Leo :3\n|\n|win|borntobethegoat\n||Crotolamo67 is ready for game 2.\n||borntobethegoat is ready for game 2.\n|uhtml|next|Next: <a href=\"/battle-gen9championsvgc2026regmbbo3-2674080723\"><strong>Game 2 of 3</strong></a>\n","uploadtime":1788296033,"views":"4","formatid":"gen9championsvgc2026regmbbo3","rating":null,"private":0,"password":null}