{"id":"gen9championsvgc2026regmbbo3-2674218501","format":"[Gen 9 Champions] VGC 2026 Reg M-B (Bo3)","players":["teyvgc","LaDdeDavo"],"log":"|j|☆teyvgc\n|j|☆LaDdeDavo\n|html|<table width=\"100%\"><tr><td align=\"left\">teyvgc</td><td align=\"right\">LaDdeDavo</tr><tr><td align=\"left\"><i class=\"fa fa-circle\"></i> <i class=\"fa fa-circle-o\"></i> </td><td align=\"right\"><i class=\"fa fa-circle-o\"></i> <i class=\"fa fa-circle\"></i> </tr></table>\n|uhtml|bestof|<h2><strong>Game 3</strong> of <a href=\"/game-bestof3-gen9championsvgc2026regmbbo3-2674215685\">a best-of-3</a></h2>\n|t:|1788317362\n|gametype|doubles\n|player|p1|teyvgc|rood|1393\n|player|p2|LaDdeDavo|iris|1454\n|gen|9\n|tier|[Gen 9 Champions] VGC 2026 Reg M-B (Bo3)\n|rated|\n|rule|Species Clause: Limit one of each Pokémon\n|rule|Item Clause: Limit 1 of each item\n|clearpoke\n|poke|p1|Delphox, L50, F|\n|poke|p1|Vanilluxe, L50, F|\n|poke|p1|Floette-Eternal, L50, F|\n|poke|p1|Sinistcha, L50|\n|poke|p1|Milotic, L50, M|\n|poke|p1|Incineroar, L50, M|\n|poke|p2|Whimsicott, L50, F, shiny|\n|poke|p2|Garchomp, L50, M|\n|poke|p2|Basculegion, L50, M|\n|poke|p2|Charizard, L50, M|\n|poke|p2|Floette-Eternal, L50, F|\n|poke|p2|Kingambit, L50, F|\n|teampreview|4\n|showteam|p1|Delphox||Delphoxite|Blaze|HeatWave,Psychic,NastyPlot,Protect|Timid||F|||50|]Vanilluxe||ChoiceScarf|SnowWarning|Blizzard,FreezeDry,SheerCold,IcyWind|Timid||F|||50|]Floette-Eternal||Floettite|FlowerVeil|Protect,Moonblast,DazzlingGleam,CalmMind|Modest||F|||50|]Sinistcha||KasibBerry|Hospitality|LifeDew,RagePowder,MatchaGotcha,Protect|Bold|||||50|]Milotic||Leftovers|Competitive|Coil,Protect,MuddyWater,Hypnosis|Bold||M|||50|]Incineroar||SitrusBerry|Intimidate|FakeOut,PartingShot,FlareBlitz,DarkestLariat|Impish||M|||50|\n|showteam|p2|Whimsicott||FocusSash|Prankster|Protect,Tailwind,Encore,Moonblast|Timid||F|||50|]Garchomp||SitrusBerry|RoughSkin|Protect,RockSlide,Earthquake,DragonClaw|Jolly||M|||50|]Basculegion||LifeOrb|Adaptability|Protect,WaveCrash,LastRespects,AquaJet|Adamant||M|||50|]Charizard||CharizarditeY|Blaze|Protect,HeatWave,WeatherBall,AncientPower|Modest||M|||50|]Floette-Eternal||Floettite|FlowerVeil|Protect,LightofRuin,DazzlingGleam,Moonblast|Modest||F|||50|]Kingambit||OccaBerry|Defiant|LowKick,SuckerPunch,KowtowCleave,IronHead|Adamant||F|||50|\n|inactive|Battle timer is ON: inactive players will automatically lose when time's up. (requested by LaDdeDavo)\n|\n|t:|1788317380\n|teamsize|p1|4\n|teamsize|p2|4\n|start\n|switch|p1a: Milotic|Milotic, L50, M|100/100\n|switch|p1b: Sinistcha|Sinistcha, L50|100/100\n|switch|p2a: Floette|Floette-Eternal, L50, F|100/100\n|switch|p2b: Kingambit|Kingambit, L50, F|100/100\n|turn|1\n|\n|t:|1788317402\n|detailschange|p2a: Floette|Floette-Mega, L50, F\n|-mega|p2a: Floette|Floette|Floettite\n|-ability|p2a: Floette|Fairy Aura\n|move|p2a: Floette|Dazzling Gleam|p1a: Milotic|[spread] p1a,p1b\n|-damage|p1a: Milotic|64/100\n|-damage|p1b: Sinistcha|53/100\n|move|p1a: Milotic|Coil|p1a: Milotic\n|-boost|p1a: Milotic|atk|1\n|-boost|p1a: Milotic|def|1\n|-boost|p1a: Milotic|accuracy|1\n|move|p1b: Sinistcha|Matcha Gotcha|p2a: Floette|[spread] p2a,p2b\n|-resisted|p2b: Kingambit|1\n|-damage|p2a: Floette|81/100\n|-heal|p1b: Sinistcha|61/100|[from] drain|[of] p2a: Floette\n|-damage|p2b: Kingambit|90/100\n|-heal|p1b: Sinistcha|67/100|[from] drain|[of] p2b: Kingambit\n|-status|p2a: Floette|brn\n|move|p2b: Kingambit|Kowtow Cleave|p1a: Milotic\n|-damage|p1a: Milotic|40/100\n|\n|-heal|p1a: Milotic|46/100|[from] item: Leftovers\n|-damage|p2a: Floette|75/100 brn|[from] brn\n|upkeep\n|turn|2\n|inactive|teyvgc has 30 seconds left.\n|inactive|LaDdeDavo has 30 seconds left.\n|\n|t:|1788317440\n|switch|p1b: Delphox|Delphox, L50, F|100/100\n|move|p2a: Floette|Dazzling Gleam|p1a: Milotic|[spread] p1a,p1b\n|-crit|p1a: Milotic\n|-resisted|p1b: Delphox|1\n|-damage|p1a: Milotic|0 fnt\n|-damage|p1b: Delphox|74/100\n|faint|p1a: Milotic\n|move|p2b: Kingambit|Low Kick|p1b: Delphox\n|-resisted|p1b: Delphox|1\n|-damage|p1b: Delphox|61/100\n|\n|-damage|p2a: Floette|69/100 brn|[from] brn\n|upkeep\n|\n|t:|1788317448\n|switch|p1a: Sinistcha|Sinistcha, L50|67/100\n|-heal|p1b: Delphox|86/100|[from] ability: Hospitality|[of] p1a: Sinistcha\n|turn|3\n|\n|t:|1788317464\n|detailschange|p1b: Delphox|Delphox-Mega, L50, F\n|-mega|p1b: Delphox|Delphox|Delphoxite\n|move|p1a: Sinistcha|Rage Powder|p1a: Sinistcha\n|-singleturn|p1a: Sinistcha|move: Rage Powder\n|move|p1b: Delphox|Heat Wave|p2b: Kingambit|[spread] p2a,p2b\n|-supereffective|p2b: Kingambit|1\n|-enditem|p2b: Kingambit|Occa Berry|[eat]\n|-enditem|p2b: Kingambit|Occa Berry|[weaken]\n|-damage|p2a: Floette|37/100 brn\n|-damage|p2b: Kingambit|60/100\n|-status|p2b: Kingambit|brn\n|move|p2a: Floette|Light of Ruin|p1a: Sinistcha\n|-damage|p1a: Sinistcha|0 fnt\n|faint|p1a: Sinistcha\n|-damage|p2a: Floette|0 fnt|[from] Recoil\n|faint|p2a: Floette\n|move|p2b: Kingambit|Kowtow Cleave|p1b: Delphox\n|-supereffective|p1b: Delphox|1\n|-damage|p1b: Delphox|28/100\n|\n|-damage|p2b: Kingambit|55/100 brn|[from] brn\n|upkeep\n|\n|t:|1788317483\n|switch|p2a: Whimsicott|Whimsicott, L50, F, shiny|100/100\n|switch|p1a: Incineroar|Incineroar, L50, M|100/100\n|-ability|p1a: Incineroar|Intimidate|boost\n|-unboost|p2a: Whimsicott|atk|1\n|-unboost|p2b: Kingambit|atk|1\n|-ability|p2b: Kingambit|Defiant|boost\n|-boost|p2b: Kingambit|atk|2\n|turn|4\n|\n|t:|1788317498\n|move|p2a: Whimsicott|Protect|p2a: Whimsicott\n|-singleturn|p2a: Whimsicott|Protect\n|move|p1b: Delphox|Protect|p1b: Delphox\n|-singleturn|p1b: Delphox|Protect\n|move|p2b: Kingambit|Sucker Punch||[still]\n|-fail|p2b: Kingambit\n|move|p1a: Incineroar|Flare Blitz|p2a: Whimsicott\n|-activate|p2a: Whimsicott|move: Protect\n|\n|-damage|p2b: Kingambit|49/100 brn|[from] brn\n|upkeep\n|turn|5\n|\n|t:|1788317511\n|switch|p2b: Basculegion|Basculegion, L50, M|100/100\n|move|p1b: Delphox|Protect||[still]\n|-fail|p1b: Delphox\n|move|p2a: Whimsicott|Encore|p1b: Delphox\n|-start|p1b: Delphox|Encore\n|move|p1a: Incineroar|Flare Blitz|p2b: Basculegion\n|-resisted|p2b: Basculegion|1\n|-damage|p2b: Basculegion|74/100\n|-damage|p1a: Incineroar|91/100|[from] Recoil\n|\n|upkeep\n|turn|6\n|-message|teyvgc forfeited.\n|\n|win|LaDdeDavo\n|raw|teyvgc's rating: 1393 &rarr; <strong>1376</strong><br />(-17 for losing)\n|raw|LaDdeDavo's rating: 1454 &rarr; <strong>1471</strong><br />(+17 for winning)\n","uploadtime":1788317524,"views":"0","formatid":"gen9championsvgc2026regmbbo3","rating":1376,"private":0,"password":null}