{"id":"gen9championsvgc2026regmbbo3-2674463522","format":"[Gen 9 Champions] VGC 2026 Reg M-B (Bo3)","players":["Watawa","cippino3"],"log":"|j|☆Watawa\n|j|☆cippino3\n|html|<table width=\"100%\"><tr><td align=\"left\">Watawa</td><td align=\"right\">cippino3</tr><tr><td align=\"left\"><i class=\"fa fa-circle\"></i> <i class=\"fa fa-circle-o\"></i> </td><td align=\"right\"><i class=\"fa fa-circle-o\"></i> <i class=\"fa fa-circle-o\"></i> </tr></table>\n|uhtml|bestof|<h2><strong>Game 2</strong> of <a href=\"/game-bestof3-gen9championsvgc2026regmbbo3-2674461323\">a best-of-3</a></h2>\n|t:|1788362809\n|gametype|doubles\n|player|p1|Watawa|170|1102\n|player|p2|cippino3|poppy|1157\n|gen|9\n|tier|[Gen 9 Champions] VGC 2026 Reg M-B (Bo3)\n|rated|\n|rule|Species Clause: Limit one of each Pokémon\n|rule|Item Clause: Limit 1 of each item\n|clearpoke\n|poke|p1|Metagross, L50, shiny|\n|poke|p1|Farigiraf, L50, M|\n|poke|p1|Whimsicott, L50, F|\n|poke|p1|Kommo-o, L50, M, shiny|\n|poke|p1|Basculegion, L50, M|\n|poke|p1|Incineroar, L50, M, shiny|\n|poke|p2|Raichu, L50, F|\n|poke|p2|Arcanine-Hisui, L50, F|\n|poke|p2|Tsareena, L50, F|\n|poke|p2|Basculegion, L50, M|\n|poke|p2|Aerodactyl, L50, M|\n|poke|p2|Weavile, L50, F|\n|teampreview|4\n|showteam|p1|Metagross||Metagrossite|ClearBody|IronHead,PsychicFangs,StompingTantrum,Protect|Jolly|||||50|]Farigiraf||ColburBerry|ArmorTail|TwinBeam,HelpingHand,TrickRoom,Roar|Calm||M|||50|]Whimsicott||FocusSash|Prankster|Moonblast,Tailwind,Encore,Protect|Timid||F|||50|]Kommo-o||LifeOrb|Soundproof|ClangingScales,AuraSphere,VacuumWave,Protect|Timid||M|||50|]Basculegion||ChoiceScarf|Adaptability|WaveCrash,LastRespects,AquaJet,FlipTurn|Jolly||M|||50|]Incineroar||SitrusBerry|Intimidate|FakeOut,FlareBlitz,PartingShot,DarkestLariat|Impish||M|||50|\n|showteam|p2|Raichu||RaichuniteY|LightningRod|Protect,FakeOut,ZapCannon,FocusBlast|Timid||F|||50|]Arcanine-Hisui||ChoiceScarf|RockHead|FlareBlitz,HeadSmash,RockSlide,PsychicFangs|Jolly||F|||50|]Tsareena||WideLens|QueenlyMajesty|Protect,PowerWhip,LowKick,TripleAxel|Adamant||F|||50|]Basculegion||LifeOrb|Adaptability|Protect,Liquidation,LastRespects,AquaJet|Adamant||M|||50|]Aerodactyl||Aerodactylite|RockHead|Protect,Tailwind,RockSlide,DualWingbeat|Jolly||M|||50|]Weavile||FocusSash|Pressure|Protect,Taunt,IcicleCrash,KnockOff|Jolly||F|||50|\n|inactive|Battle timer is ON: inactive players will automatically lose when time's up. (requested by cippino3)\n|\n|t:|1788362839\n|teamsize|p1|4\n|teamsize|p2|4\n|start\n|switch|p1a: Incineroar|Incineroar, L50, M, shiny|100/100\n|switch|p1b: Kommo-o|Kommo-o, L50, M, shiny|100/100\n|switch|p2a: Raichu|Raichu, L50, F|100/100\n|switch|p2b: Aerodactyl|Aerodactyl, L50, M|100/100\n|-ability|p1a: Incineroar|Intimidate|boost\n|-unboost|p2a: Raichu|atk|1\n|-unboost|p2b: Aerodactyl|atk|1\n|turn|1\n|inactive|Watawa has 30 seconds left.\n|inactive|cippino3 has 30 seconds left.\n|inactive|cippino3 has 20 seconds left.\n|\n|t:|1788362875\n|switch|p1b: Metagross|Metagross, L50, shiny|100/100\n|switch|p1a: Whimsicott|Whimsicott, L50, F|100/100\n|detailschange|p2a: Raichu|Raichu-Mega-Y, L50, F\n|-mega|p2a: Raichu|Raichu|Raichunite Y\n|move|p2a: Raichu|Fake Out|p1a: Whimsicott\n|-damage|p1a: Whimsicott|92/100\n|move|p2b: Aerodactyl|Tailwind|p2b: Aerodactyl\n|-sidestart|p2: cippino3|move: Tailwind\n|\n|upkeep\n|turn|2\n|\n|t:|1788362894\n|switch|p2b: Basculegion|Basculegion, L50, M|100/100\n|detailschange|p1b: Metagross|Metagross-Mega, L50, shiny\n|-mega|p1b: Metagross|Metagross|Metagrossite\n|move|p1a: Whimsicott|Encore||[still]\n|-fail|p1a: Whimsicott\n|move|p2a: Raichu|Zap Cannon|p1b: Metagross\n|-damage|p1b: Metagross|36/100\n|-status|p1b: Metagross|par\n|move|p1b: Metagross|Stomping Tantrum|p2a: Raichu\n|-supereffective|p2a: Raichu|1\n|-damage|p2a: Raichu|0 fnt\n|faint|p2a: Raichu\n|\n|upkeep\n|\n|t:|1788362905\n|switch|p2a: Aerodactyl|Aerodactyl, L50, M|100/100\n|turn|3\n|inactive|Watawa has 30 seconds left.\n|inactive|Watawa has 20 seconds left.\n|\n|t:|1788362943\n|move|p1a: Whimsicott|Protect|p1a: Whimsicott\n|-singleturn|p1a: Whimsicott|Protect\n|move|p2a: Aerodactyl|Dual Wingbeat|p1a: Whimsicott\n|-activate|p1a: Whimsicott|move: Protect\n|move|p2b: Basculegion|Liquidation|p1b: Metagross\n|-damage|p1b: Metagross|0 fnt\n|faint|p1b: Metagross\n|-damage|p2b: Basculegion|90/100|[from] item: Life Orb\n|\n|upkeep\n|\n|t:|1788362950\n|switch|p1b: Incineroar|Incineroar, L50, M, shiny|100/100\n|-ability|p1b: Incineroar|Intimidate|boost\n|-unboost|p2a: Aerodactyl|atk|1\n|-unboost|p2b: Basculegion|atk|1\n|turn|4\n|\n|t:|1788362968\n|move|p1b: Incineroar|Fake Out|p2a: Aerodactyl\n|-resisted|p2a: Aerodactyl|1\n|-damage|p2a: Aerodactyl|91/100\n|cant|p2a: Aerodactyl|flinch\n|move|p2b: Basculegion|Liquidation|p1b: Incineroar\n|-supereffective|p1b: Incineroar|1\n|-damage|p1b: Incineroar|27/100\n|-enditem|p1b: Incineroar|Sitrus Berry|[eat]\n|-heal|p1b: Incineroar|52/100|[from] item: Sitrus Berry\n|-damage|p2b: Basculegion|80/100|[from] item: Life Orb\n|move|p1a: Whimsicott|Moonblast|p2a: Aerodactyl\n|-damage|p2a: Aerodactyl|48/100\n|\n|-sideend|p2: cippino3|move: Tailwind\n|upkeep\n|turn|5\n|\n|t:|1788362984\n|switch|p1b: Kommo-o|Kommo-o, L50, M, shiny|100/100\n|move|p1a: Whimsicott|Tailwind|p1a: Whimsicott\n|-sidestart|p1: Watawa|move: Tailwind\n|move|p2a: Aerodactyl|Tailwind|p2a: Aerodactyl\n|-sidestart|p2: cippino3|move: Tailwind\n|move|p2b: Basculegion|Liquidation|p1b: Kommo-o\n|-resisted|p1b: Kommo-o|1\n|-damage|p1b: Kommo-o|76/100\n|-damage|p2b: Basculegion|70/100|[from] item: Life Orb\n|\n|upkeep\n|turn|6\n|inactive|Watawa has 30 seconds left.\n|inactive|cippino3 has 30 seconds left.\n|inactive|Watawa has 20 seconds left.\n|\n|t:|1788363023\n|switch|p2a: Arcanine|Arcanine-Hisui, L50, F|100/100\n|move|p1b: Kommo-o|Protect|p1b: Kommo-o\n|-singleturn|p1b: Kommo-o|Protect\n|move|p1a: Whimsicott|Encore|p2b: Basculegion\n|-start|p2b: Basculegion|Encore\n|move|p2b: Basculegion|Liquidation|p1a: Whimsicott\n|-resisted|p1a: Whimsicott|1\n|-damage|p1a: Whimsicott|61/100\n|-damage|p2b: Basculegion|61/100|[from] item: Life Orb\n|\n|upkeep\n|turn|7\n|inactive|Watawa has 30 seconds left.\n|inactive|cippino3 has 30 seconds left.\n|inactive|Watawa has 20 seconds left.\n|inactive|Watawa has 15 seconds left.\n|\n|t:|1788363064\n|switch|p1b: Incineroar|Incineroar, L50, M, shiny|52/100\n|-ability|p1b: Incineroar|Intimidate|boost\n|-unboost|p2a: Arcanine|atk|1\n|-unboost|p2b: Basculegion|atk|1\n|move|p1a: Whimsicott|Protect|p1a: Whimsicott\n|-singleturn|p1a: Whimsicott|Protect\n|move|p2a: Arcanine|Psychic Fangs|p1b: Incineroar\n|-immune|p1b: Incineroar\n|move|p2b: Basculegion|Liquidation|p1b: Incineroar\n|-supereffective|p1b: Incineroar|1\n|-damage|p1b: Incineroar|0 fnt\n|faint|p1b: Incineroar\n|-damage|p2b: Basculegion|51/100|[from] item: Life Orb\n|\n|upkeep\n|\n|t:|1788363077\n|switch|p1b: Kommo-o|Kommo-o, L50, M, shiny|76/100\n|turn|8\n|inactive|Watawa has 30 seconds left.\n|inactive|Watawa has 20 seconds left.\n|inactive|Watawa has 15 seconds left.\n|inactive|Watawa has 10 seconds left.\n|\n|t:|1788363123\n|move|p1a: Whimsicott|Protect||[still]\n|-fail|p1a: Whimsicott\n|move|p2a: Arcanine|Psychic Fangs|p1b: Kommo-o\n|-supereffective|p1b: Kommo-o|1\n|-damage|p1b: Kommo-o|39/100\n|move|p1b: Kommo-o|Aura Sphere|p2a: Arcanine\n|-supereffective|p2a: Arcanine|1\n|-damage|p2a: Arcanine|0 fnt\n|faint|p2a: Arcanine\n|-damage|p1b: Kommo-o|29/100|[from] item: Life Orb\n|move|p2b: Basculegion|Liquidation|p1b: Kommo-o\n|-resisted|p1b: Kommo-o|1\n|-damage|p1b: Kommo-o|11/100\n|-damage|p2b: Basculegion|41/100|[from] item: Life Orb\n|\n|-end|p2b: Basculegion|Encore\n|-sideend|p1: Watawa|move: Tailwind\n|-sideend|p2: cippino3|move: Tailwind\n|upkeep\n|\n|t:|1788363130\n|switch|p2a: Aerodactyl|Aerodactyl, L50, M|48/100\n|turn|9\n|\n|t:|1788363146\n|move|p1a: Whimsicott|Tailwind|p1a: Whimsicott\n|-sidestart|p1: Watawa|move: Tailwind\n|move|p2b: Basculegion|Aqua Jet|p1b: Kommo-o\n|-resisted|p1b: Kommo-o|1\n|-damage|p1b: Kommo-o|3/100\n|-damage|p2b: Basculegion|31/100|[from] item: Life Orb\n|move|p1b: Kommo-o|Clanging Scales|p2a: Aerodactyl|[spread] p2a,p2b\n|-damage|p2a: Aerodactyl|0 fnt\n|-damage|p2b: Basculegion|0 fnt\n|faint|p2a: Aerodactyl\n|faint|p2b: Basculegion\n|-damage|p1b: Kommo-o|0 fnt|[from] item: Life Orb\n|faint|p1b: Kommo-o\n|\n|win|Watawa\n|raw|Watawa's rating: 1102 &rarr; <strong>1131</strong><br />(+29 for winning)\n|raw|cippino3's rating: 1157 &rarr; <strong>1128</strong><br />(-29 for losing)\n|l|☆cippino3\n|player|p2|\n","uploadtime":1788363159,"views":"0","formatid":"gen9championsvgc2026regmbbo3","rating":1128,"private":0,"password":null}