{"id":"gen9championsvgc2026regmb-2674909493","format":"[Gen 9 Champions] VGC 2026 Reg M-B","players":["Thornlace48812","ruti3131"],"log":"|j|☆Thornlace48812\n|j|☆ruti3131\n|t:|1788434136\n|gametype|doubles\n|player|p1|Thornlace48812|102|1149\n|player|p2|ruti3131|102|1032\n|gen|9\n|tier|[Gen 9 Champions] VGC 2026 Reg M-B\n|rated|\n|rule|Species Clause: Limit one of each Pokémon\n|rule|Item Clause: Limit 1 of each item\n|clearpoke\n|poke|p1|Garchomp, L50, F|\n|poke|p1|Charizard, L50, M|\n|poke|p1|Whimsicott, L50, M|\n|poke|p1|Sylveon, L50, F|\n|poke|p1|Kingambit, L50, M|\n|poke|p1|Basculegion, L50, M|\n|poke|p2|Sableye, L50, M|\n|poke|p2|Farigiraf, L50, F|\n|poke|p2|Blaziken, L50, M|\n|poke|p2|Swampert, L50, F|\n|poke|p2|Milotic, L50, M|\n|poke|p2|Conkeldurr, L50, M|\n|teampreview|4\n|inactive|Battle timer is ON: inactive players will automatically lose when time's up. (requested by Thornlace48812)\nThornlace48812 rejected open team sheets.\n|inactive|ruti3131 has 60 seconds left.\n|inactive|ruti3131 has 30 seconds left.\n|inactive|ruti3131 has 20 seconds left.\n|inactive|ruti3131 has 15 seconds left.\n|inactive|ruti3131 has 10 seconds left.\n|inactive|ruti3131 has 5 seconds left.\n|\n|t:|1788434224\n|teamsize|p1|4\n|teamsize|p2|4\n|start\n|switch|p1a: Charizard|Charizard, L50, M|100/100\n|switch|p1b: Basculegion|Basculegion, L50, M|100/100\n|switch|p2a: Farigiraf|Farigiraf, L50, F|100/100\n|switch|p2b: Swampert|Swampert, L50, F|100/100\n|turn|1\n|\n|t:|1788434239\n|detailschange|p1a: Charizard|Charizard-Mega-Y, L50, M\n|-mega|p1a: Charizard|Charizard|Charizardite Y\n|-weather|SunnyDay|[from] ability: Drought|[of] p1a: Charizard\n|detailschange|p2b: Swampert|Swampert-Mega, L50, F\n|-mega|p2b: Swampert|Swampert|Swampertite\n|move|p2b: Swampert|Protect|p2b: Swampert\n|-singleturn|p2b: Swampert|Protect\n|move|p1a: Charizard|Heat Wave|p2a: Farigiraf|[spread] p2a\n|-activate|p2b: Swampert|move: Protect\n|-crit|p2a: Farigiraf\n|-damage|p2a: Farigiraf|3/100\n|move|p1b: Basculegion|Last Respects|p2b: Swampert\n|-activate|p2b: Swampert|move: Protect\n|move|p2a: Farigiraf|Trick Room|p2a: Farigiraf\n|-fieldstart|move: Trick Room|[of] p2a: Farigiraf\n|\n|-weather|SunnyDay|[upkeep]\n|-heal|p2a: Farigiraf|9/100|[from] item: Leftovers\n|upkeep\n|turn|2\n|inactive|ruti3131 has 30 seconds left.\n|inactive|ruti3131 has 20 seconds left.\n|inactive|ruti3131 has 15 seconds left.\n|\n|t:|1788434279\n|switch|p2a: Sableye|Sableye, L50, M|100/100\n|move|p2b: Swampert|Wave Crash|p1a: Charizard\n|-supereffective|p1a: Charizard|1\n|-damage|p1a: Charizard|8/100\n|-damage|p2b: Swampert|74/100|[from] Recoil\n|move|p1b: Basculegion|Last Respects|p2b: Swampert\n|-damage|p2b: Swampert|42/100\n|move|p1a: Charizard|Heat Wave|p2b: Swampert|[spread] p2a,p2b\n|-resisted|p2b: Swampert|1\n|-damage|p2a: Sableye|0 fnt\n|-damage|p2b: Swampert|15/100\n|faint|p2a: Sableye\n|\n|-weather|SunnyDay|[upkeep]\n|upkeep\n|\n|t:|1788434299\n|switch|p2a: Farigiraf|Farigiraf, L50, F|9/100\n|turn|3\n|\n|t:|1788434311\n|move|p1a: Charizard|Protect|p1a: Charizard\n|-singleturn|p1a: Charizard|Protect\n|move|p2a: Farigiraf|Thunderbolt|p1b: Basculegion\n|-supereffective|p1b: Basculegion|1\n|-damage|p1b: Basculegion|43/100\n|-status|p1b: Basculegion|par\n|move|p1b: Basculegion|Last Respects|p2b: Swampert\n|-damage|p2b: Swampert|0 fnt\n|faint|p2b: Swampert\n|\n|-weather|SunnyDay|[upkeep]\n|-heal|p2a: Farigiraf|15/100|[from] item: Leftovers\n|upkeep\n|\n|t:|1788434325\n|switch|p2b: Conkeldurr|Conkeldurr, L50, M|100/100\n|turn|4\n|\n|t:|1788434333\n|move|p1b: Basculegion|Protect|p1b: Basculegion\n|-singleturn|p1b: Basculegion|Protect\n|move|p2b: Conkeldurr|Thunder Punch|p1b: Basculegion\n|-activate|p1b: Basculegion|move: Protect\n|move|p2a: Farigiraf|Thunderbolt|p1a: Charizard\n|-supereffective|p1a: Charizard|1\n|-damage|p1a: Charizard|0 fnt\n|faint|p1a: Charizard\n|\n|-weather|SunnyDay|[upkeep]\n|-heal|p2a: Farigiraf|21/100|[from] item: Leftovers\n|upkeep\n|\n|t:|1788434334\n|switch|p1a: Sylveon|Sylveon, L50, F|100/100\n|turn|5\n|\n|t:|1788434358\n|move|p2b: Conkeldurr|Thunder Punch|p1a: Sylveon\n|-damage|p1a: Sylveon|30/100\n|-damage|p2b: Conkeldurr|90/100|[from] item: Life Orb\n|move|p1b: Basculegion|Last Respects|p2b: Conkeldurr\n|-damage|p2b: Conkeldurr|20/100y\n|move|p2a: Farigiraf|Thunderbolt|p1b: Basculegion\n|-supereffective|p1b: Basculegion|1\n|-damage|p1b: Basculegion|0 fnt\n|faint|p1b: Basculegion\n|move|p1a: Sylveon|Hyper Voice|p2b: Conkeldurr|[spread] p2a,p2b\n|-supereffective|p2b: Conkeldurr|1\n|-damage|p2a: Farigiraf|0 fnt\n|-damage|p2b: Conkeldurr|0 fnt\n|faint|p2a: Farigiraf\n|faint|p2b: Conkeldurr\n|\n|win|Thornlace48812\n|raw|Thornlace48812's rating: 1237 &rarr; <strong>1249</strong><br />(+12 for winning)\n|raw|ruti3131's rating: 1032 &rarr; <strong>1025</strong><br />(-7 for losing)\n","uploadtime":1788434359,"views":"0","formatid":"gen9championsvgc2026regmb","rating":1025,"private":0,"password":null}