{"id":"gen9championsvgc2026regmb-2674141588","format":"[Gen 9 Champions] VGC 2026 Reg M-B","players":["psychowarz","LowLadderCatGirl"],"log":"|j|☆psychowarz\n|j|☆LowLadderCatGirl\n|t:|1788305302\n|gametype|doubles\n|player|p1|psychowarz|guitarist-gen4|1429\n|player|p2|LowLadderCatGirl|waitress|1449\n|gen|9\n|tier|[Gen 9 Champions] VGC 2026 Reg M-B\n|rated|\n|rule|Species Clause: Limit one of each Pokémon\n|rule|Item Clause: Limit 1 of each item\n|clearpoke\n|poke|p1|Charizard, L50, M|\n|poke|p1|Kingambit, L50, M|\n|poke|p1|Garchomp, L50, F|\n|poke|p1|Farigiraf, L50, F|\n|poke|p1|Whimsicott, L50, F|\n|poke|p1|Metagross, L50|\n|poke|p2|Raichu, L50, M|\n|poke|p2|Kingambit, L50, F|\n|poke|p2|Sylveon, L50, M|\n|poke|p2|Aerodactyl, L50, M|\n|poke|p2|Basculegion, L50, M|\n|poke|p2|Sneasler, L50, F|\n|teampreview|4\n|inactive|Battle timer is ON: inactive players will automatically lose when time's up. (requested by LowLadderCatGirl)\n|inactive|LowLadderCatGirl has 60 seconds left.\n|\n|t:|1788305349\n|teamsize|p1|4\n|teamsize|p2|4\n|start\n|switch|p1a: Garchomp|Garchomp, L50, F|100/100\n|switch|p1b: Farigiraf|Farigiraf, L50, F|100/100\n|switch|p2a: Kingambit|Kingambit, L50, F|100/100\n|switch|p2b: Aerodactyl|Aerodactyl, L50, M|100/100\n|-ability|p2b: Aerodactyl|Unnerve\n|turn|1\n|\n|t:|1788305368\n|detailschange|p2b: Aerodactyl|Aerodactyl-Mega, L50, M\n|-mega|p2b: Aerodactyl|Aerodactyl|Aerodactylite\n|move|p1b: Farigiraf|Protect|p1b: Farigiraf\n|-singleturn|p1b: Farigiraf|Protect\n|move|p2b: Aerodactyl|Rock Slide|p1a: Garchomp|[spread] \n|-activate|p1b: Farigiraf|move: Protect\n|-miss|p2b: Aerodactyl|p1a: Garchomp\n|move|p1a: Garchomp|Earthquake|p2a: Kingambit|[spread] p2a\n|-activate|p1b: Farigiraf|move: Protect\n|-immune|p2b: Aerodactyl\n|-supereffective|p2a: Kingambit|1\n|-damage|p2a: Kingambit|26/100\n|-damage|p1a: Garchomp|90/100|[from] item: Life Orb\n|move|p2a: Kingambit|Kowtow Cleave|p1b: Farigiraf\n|-activate|p1b: Farigiraf|move: Protect\n|\n|upkeep\n|turn|2\n|\n|t:|1788305385\n|move|p2a: Kingambit|Protect|p2a: Kingambit\n|-singleturn|p2a: Kingambit|Protect\n|move|p2b: Aerodactyl|Rock Slide|p1a: Garchomp|[spread] p1a,p1b\n|-resisted|p1a: Garchomp|1\n|-damage|p1a: Garchomp|75/100\n|-damage|p1b: Farigiraf|69/100\n|move|p1a: Garchomp|Rock Slide|p2a: Kingambit|[spread] p2b\n|-activate|p2a: Kingambit|move: Protect\n|-supereffective|p2b: Aerodactyl|1\n|-damage|p2b: Aerodactyl|31/100\n|-damage|p1a: Garchomp|65/100|[from] item: Life Orb\n|move|p1b: Farigiraf|Trick Room|p1b: Farigiraf\n|-fieldstart|move: Trick Room|[of] p1b: Farigiraf\n|\n|upkeep\n|turn|3\n|\n|t:|1788305408\n|move|p1b: Farigiraf|Protect|p1b: Farigiraf\n|-singleturn|p1b: Farigiraf|Protect\n|move|p2a: Kingambit|Kowtow Cleave|p1b: Farigiraf\n|-activate|p1b: Farigiraf|move: Protect\n|move|p1a: Garchomp|Earthquake|p2a: Kingambit|[spread] p2a\n|-activate|p1b: Farigiraf|move: Protect\n|-immune|p2b: Aerodactyl\n|-supereffective|p2a: Kingambit|1\n|-damage|p2a: Kingambit|0 fnt\n|faint|p2a: Kingambit\n|-damage|p1a: Garchomp|56/100|[from] item: Life Orb\n|move|p2b: Aerodactyl|Rock Slide|p1a: Garchomp|[spread] p1a\n|-activate|p1b: Farigiraf|move: Protect\n|-resisted|p1a: Garchomp|1\n|-damage|p1a: Garchomp|41/100\n|\n|upkeep\n|\n|t:|1788305410\n|switch|p2a: Basculegion|Basculegion, L50, M|100/100\n|turn|4\n|\n|t:|1788305417\n|move|p1b: Farigiraf|Psychic|p2a: Basculegion\n|-damage|p2a: Basculegion|58/100\n|move|p2a: Basculegion|Wave Crash|p1b: Farigiraf\n|-crit|p1b: Farigiraf\n|-damage|p1b: Farigiraf|0 fnt\n|faint|p1b: Farigiraf\n|-damage|p2a: Basculegion|31/100|[from] Recoil\n|move|p1a: Garchomp|Rock Slide|p2a: Basculegion|[spread] p2a,p2b\n|-supereffective|p2b: Aerodactyl|1\n|-damage|p2a: Basculegion|4/100\n|-damage|p2b: Aerodactyl|0 fnt\n|faint|p2b: Aerodactyl\n|-damage|p1a: Garchomp|31/100|[from] item: Life Orb\n|\n|upkeep\n|\n|t:|1788305426\n|switch|p1b: Metagross|Metagross, L50|100/100\n|switch|p2b: Sneasler|Sneasler, L50, F|100/100\n|turn|5\n|\n|t:|1788305432\n|move|p1b: Metagross|Protect|p1b: Metagross\n|-singleturn|p1b: Metagross|Protect\n|move|p1a: Garchomp|Protect|p1a: Garchomp\n|-singleturn|p1a: Garchomp|Protect\n|move|p2b: Sneasler|Fake Out|p1b: Metagross\n|-activate|p1b: Metagross|move: Protect\n|move|p2a: Basculegion|Last Respects|p1b: Metagross\n|-activate|p1b: Metagross|move: Protect\n|\n|upkeep\n|turn|6\n|\n|t:|1788305449\n|move|p2a: Basculegion|Protect|p2a: Basculegion\n|-singleturn|p2a: Basculegion|Protect\n|move|p1b: Metagross|Psychic Fangs|p2b: Sneasler\n|-supereffective|p2b: Sneasler|2\n|-crit|p2b: Sneasler\n|-enditem|p2b: Sneasler|Focus Sash\n|-damage|p2b: Sneasler|1/100\n|move|p1a: Garchomp|Rock Slide|p2b: Sneasler|[spread] p2b\n|-activate|p2a: Basculegion|move: Protect\n|-resisted|p2b: Sneasler|1\n|-damage|p2b: Sneasler|0 fnt\n|faint|p2b: Sneasler\n|-damage|p1a: Garchomp|22/100|[from] item: Life Orb\n|\n|-fieldend|move: Trick Room\n|upkeep\n|turn|7\n|c|☆LowLadderCatGirl|Daeg\n|-message|LowLadderCatGirl forfeited.\n|\n|win|psychowarz\n|raw|psychowarz's rating: 1429 &rarr; <strong>1450</strong><br />(+21 for winning)\n|raw|LowLadderCatGirl's rating: 1449 &rarr; <strong>1428</strong><br />(-21 for losing)\n","uploadtime":1788305469,"views":"0","formatid":"gen9championsvgc2026regmb","rating":1428,"private":0,"password":null}