{"id":"gen9championsvgc2026regmb-2674715915","format":"[Gen 9 Champions] VGC 2026 Reg M-B","players":["septicjewel67","wearifulpoet"],"log":"|j|☆septicjewel67\n|j|☆wearifulpoet\n|t:|1788394997\n|gametype|doubles\n|player|p1|septicjewel67|170|1333\n|player|p2|wearifulpoet|266|1356\n|gen|9\n|tier|[Gen 9 Champions] VGC 2026 Reg M-B\n|rated|\n|rule|Species Clause: Limit one of each Pokémon\n|rule|Item Clause: Limit 1 of each item\n|clearpoke\n|poke|p1|Staraptor, L50, M, shiny|\n|poke|p1|Arcanine-Hisui, L50, F, shiny|\n|poke|p1|Kingambit, L50, F, shiny|\n|poke|p1|Sylveon, L50, F, shiny|\n|poke|p1|Raichu, L50, M, shiny|\n|poke|p1|Farigiraf, L50, F, shiny|\n|poke|p2|Charizard, L50, F|\n|poke|p2|Whimsicott, L50, M|\n|poke|p2|Garchomp, L50, F|\n|poke|p2|Floette-Eternal, L50, F|\n|poke|p2|Basculegion, L50, M|\n|poke|p2|Kingambit, L50, F|\n|teampreview|4\n|\n|t:|1788395023\n|teamsize|p1|4\n|teamsize|p2|4\n|start\n|switch|p1a: Staraptor|Staraptor, L50, M, shiny|100/100\n|switch|p1b: Arcanine|Arcanine-Hisui, L50, F, shiny|100/100\n|switch|p2a: Whimsicott|Whimsicott, L50, M|100/100\n|switch|p2b: Floette|Floette-Eternal, L50, F|100/100\n|-ability|p1a: Staraptor|Intimidate|boost\n|-block|p2a: Whimsicott|ability: Flower Veil|[of] p2b: Floette\n|-unboost|p2b: Floette|atk|1\n|turn|1\n|\n|t:|1788395036\n|detailschange|p1a: Staraptor|Staraptor-Mega, L50, M, shiny\n|-mega|p1a: Staraptor|Staraptor|Staraptite\n|detailschange|p2b: Floette|Floette-Mega, L50, F\n|-mega|p2b: Floette|Floette|Floettite\n|-ability|p2b: Floette|Fairy Aura\n|move|p2a: Whimsicott|Tailwind|p2a: Whimsicott\n|-sidestart|p2: wearifulpoet|move: Tailwind\n|move|p2b: Floette|Moonblast|p1a: Staraptor\n|-supereffective|p1a: Staraptor|1\n|-damage|p1a: Staraptor|0 fnt\n|faint|p1a: Staraptor\n|move|p1b: Arcanine|Head Smash|p2b: Floette\n|-damage|p2b: Floette|23/100\n|\n|upkeep\n|\n|t:|1788395049\n|switch|p1a: Kingambit|Kingambit, L50, F, shiny|100/100\n|turn|2\n|\n|t:|1788395075\n|move|p1a: Kingambit|Sucker Punch|p2b: Floette\n|-resisted|p2b: Floette|1\n|-damage|p2b: Floette|0 fnt\n|faint|p2b: Floette\n|-damage|p1a: Kingambit|90/100|[from] item: Life Orb\n|move|p2a: Whimsicott|Moonblast|p1a: Kingambit\n|-damage|p1a: Kingambit|57/100\n|move|p1b: Arcanine|Flare Blitz|p2a: Whimsicott\n|-supereffective|p2a: Whimsicott|1\n|-enditem|p2a: Whimsicott|Focus Sash\n|-damage|p2a: Whimsicott|1/100\n|\n|upkeep\n|\n|t:|1788395082\n|switch|p2b: Garchomp|Garchomp, L50, F|100/100\n|turn|3\n|\n|t:|1788395091\n|move|p1a: Kingambit|Protect|p1a: Kingambit\n|-singleturn|p1a: Kingambit|Protect\n|move|p1b: Arcanine|Extreme Speed|p2a: Whimsicott\n|-damage|p2a: Whimsicott|0 fnt\n|faint|p2a: Whimsicott\n|move|p2b: Garchomp|Earthquake|p1b: Arcanine|[spread] p1b\n|-activate|p1a: Kingambit|move: Protect\n|-supereffective|p1b: Arcanine|2\n|-enditem|p1b: Arcanine|Focus Sash\n|-damage|p1b: Arcanine|1/100\n|\n|upkeep\n|\n|t:|1788395101\n|switch|p2a: Kingambit|Kingambit, L50, F|100/100\n|turn|4\n|\n|t:|1788395108\n|move|p1b: Arcanine|Protect|p1b: Arcanine\n|-singleturn|p1b: Arcanine|Protect\n|move|p1a: Kingambit|Sucker Punch|p2b: Garchomp\n|-damage|p2b: Garchomp|49/100\n|-damage|p1a: Kingambit|44/100|[from] ability: Rough Skin|[of] p2b: Garchomp\n|-enditem|p2b: Garchomp|Sitrus Berry|[eat]\n|-heal|p2b: Garchomp|74/100|[from] item: Sitrus Berry\n|-damage|p1a: Kingambit|35/100|[from] item: Life Orb\n|move|p2b: Garchomp|Dragon Claw|p1b: Arcanine\n|-activate|p1b: Arcanine|move: Protect\n|move|p2a: Kingambit|Low Kick|p1a: Kingambit\n|-supereffective|p1a: Kingambit|2\n|-damage|p1a: Kingambit|0 fnt\n|faint|p1a: Kingambit\n|\n|-sideend|p2: wearifulpoet|move: Tailwind\n|upkeep\n|\n|t:|1788395121\n|switch|p1a: Sylveon|Sylveon, L50, F, shiny|100/100\n|turn|5\n|\n|t:|1788395137\n|move|p2b: Garchomp|Rock Slide|p1b: Arcanine|[spread] p1a,p1b\n|-crit|p1a: Sylveon\n|-supereffective|p1b: Arcanine|1\n|-damage|p1a: Sylveon|70/100\n|-damage|p1b: Arcanine|0 fnt\n|faint|p1b: Arcanine\n|move|p2a: Kingambit|Iron Head|p1a: Sylveon\n|-supereffective|p1a: Sylveon|1\n|-damage|p1a: Sylveon|0 fnt\n|faint|p1a: Sylveon\n|\n|win|wearifulpoet\n|raw|septicjewel67's rating: 1333 &rarr; <strong>1314</strong><br />(-19 for losing)\n|raw|wearifulpoet's rating: 1356 &rarr; <strong>1375</strong><br />(+19 for winning)\n|c|☆wearifulpoet|gg\n","uploadtime":1788395158,"views":"4","formatid":"gen9championsvgc2026regmb","rating":1314,"private":0,"password":null}