{"id":"gen9championsvgc2026regmb-2674112869","format":"[Gen 9 Champions] VGC 2026 Reg M-B","players":["AryuMyGlamGoat","wishucould"],"log":"|j|☆AryuMyGlamGoat\n|j|☆wishucould\n|t:|1788300953\n|gametype|doubles\n|player|p1|AryuMyGlamGoat|266|1101\n|player|p2|wishucould|102|1046\n|gen|9\n|tier|[Gen 9 Champions] VGC 2026 Reg M-B\n|rated|\n|rule|Species Clause: Limit one of each Pokémon\n|rule|Item Clause: Limit 1 of each item\n|clearpoke\n|poke|p1|Staraptor, L50, F|\n|poke|p1|Whimsicott, L50, F, shiny|\n|poke|p1|Gholdengo, L50|\n|poke|p1|Rotom-Wash, L50|\n|poke|p1|Incineroar, L50, M|\n|poke|p1|Lycanroc-Dusk, L50, F|\n|poke|p2|Charizard, L50, F|\n|poke|p2|Weavile, L50, F|\n|poke|p2|Milotic, L50, F|\n|poke|p2|Chesnaught, L50, F|\n|poke|p2|Staraptor, L50, M|\n|poke|p2|Garchomp, L50, F|\n|teampreview|4\n|inactive|Battle timer is ON: inactive players will automatically lose when time's up. (requested by wishucould)\n|inactive|AryuMyGlamGoat has 60 seconds left.\n|\n|t:|1788301004\n|teamsize|p1|4\n|teamsize|p2|4\n|start\n|switch|p1a: Rotom|Rotom-Wash, L50|100/100\n|switch|p1b: Whimsicott|Whimsicott, L50, F, shiny|100/100\n|switch|p2a: Milotic|Milotic, L50, F|100/100\n|switch|p2b: Weavile|Weavile, L50, F|100/100\n|turn|1\n|inactive|AryuMyGlamGoat has 30 seconds left.\n|\n|t:|1788301031\n|switch|p2a: Chesnaught|Chesnaught, L50, F|100/100\n|move|p1b: Whimsicott|Protect|p1b: Whimsicott\n|-singleturn|p1b: Whimsicott|Protect\n|move|p2b: Weavile|Ice Spinner|p1b: Whimsicott\n|-activate|p1b: Whimsicott|move: Protect\n|move|p1a: Rotom|Will-O-Wisp|p2b: Weavile\n|-status|p2b: Weavile|brn\n|\n|-damage|p2b: Weavile|93/100 brn|[from] brn\n|upkeep\n|turn|2\n|\n|t:|1788301052\n|move|p1b: Whimsicott|Tailwind|p1b: Whimsicott\n|-sidestart|p1: AryuMyGlamGoat|move: Tailwind\n|move|p1a: Rotom|Will-O-Wisp|p2a: Chesnaught\n|-status|p2a: Chesnaught|brn\n|move|p2b: Weavile|Ice Spinner|p1b: Whimsicott\n|-supereffective|p1b: Whimsicott|1\n|-damage|p1b: Whimsicott|45/100\n|move|p2a: Chesnaught|Wood Hammer|p1a: Rotom\n|-supereffective|p1a: Rotom|1\n|-damage|p1a: Rotom|44/100\n|-damage|p2a: Chesnaught|85/100 brn|[from] Recoil\n|\n|-heal|p2a: Chesnaught|91/100 brn|[from] item: Leftovers\n|-damage|p2b: Weavile|87/100 brn|[from] brn\n|-damage|p2a: Chesnaught|85/100 brn|[from] brn\n|upkeep\n|turn|3\n|inactive|AryuMyGlamGoat has 30 seconds left.\n|inactive|AryuMyGlamGoat has 20 seconds left.\n|inactive|AryuMyGlamGoat has 15 seconds left.\n|\n|t:|1788301094\n|switch|p1a: Staraptor|Staraptor, L50, F|100/100\n|-ability|p1a: Staraptor|Intimidate|boost\n|-unboost|p2a: Chesnaught|atk|1\n|-unboost|p2b: Weavile|atk|1\n|move|p1b: Whimsicott|Moonblast|p2b: Weavile\n|-supereffective|p2b: Weavile|1\n|-damage|p2b: Weavile|0 fnt\n|faint|p2b: Weavile\n|move|p2a: Chesnaught|Wood Hammer|p1a: Staraptor\n|-resisted|p1a: Staraptor|1\n|-damage|p1a: Staraptor|89/100\n|-damage|p2a: Chesnaught|82/100 brn|[from] Recoil\n|\n|-heal|p2a: Chesnaught|88/100 brn|[from] item: Leftovers\n|-damage|p2a: Chesnaught|82/100 brn|[from] brn\n|upkeep\n|\n|t:|1788301108\n|switch|p2b: Staraptor|Staraptor, L50, M|100/100\n|-ability|p2b: Staraptor|Intimidate|boost\n|-unboost|p1a: Staraptor|atk|1\n|-unboost|p1b: Whimsicott|atk|1\n|turn|4\n|\n|t:|1788301131\n|detailschange|p2b: Staraptor|Staraptor-Mega, L50, M\n|-mega|p2b: Staraptor|Staraptor|Staraptite\n|move|p1b: Whimsicott|Protect|p1b: Whimsicott\n|-singleturn|p1b: Whimsicott|Protect\n|move|p1a: Staraptor|Protect|p1a: Staraptor\n|-singleturn|p1a: Staraptor|Protect\n|move|p2a: Chesnaught|Spiky Shield|p2a: Chesnaught\n|-singleturn|p2a: Chesnaught|move: Protect\n|move|p2b: Staraptor|Brave Bird|p1b: Whimsicott\n|-activate|p1b: Whimsicott|move: Protect\n|\n|-heal|p2a: Chesnaught|88/100 brn|[from] item: Leftovers\n|-damage|p2a: Chesnaught|82/100 brn|[from] brn\n|upkeep\n|turn|5\n|inactive|AryuMyGlamGoat has 30 seconds left.\n|inactive|wishucould has 30 seconds left.\n|\n|t:|1788301164\n|detailschange|p1a: Staraptor|Staraptor-Mega, L50, F\n|-mega|p1a: Staraptor|Staraptor|Staraptite\n|move|p1b: Whimsicott|Moonblast|p2b: Staraptor\n|-supereffective|p2b: Staraptor|1\n|-damage|p2b: Staraptor|17/100\n|move|p1a: Staraptor|Brave Bird|p2a: Chesnaught\n|-supereffective|p2a: Chesnaught|2\n|-damage|p2a: Chesnaught|0 fnt\n|faint|p2a: Chesnaught\n|-damage|p1a: Staraptor|56/100|[from] Recoil\n|move|p2b: Staraptor|Brave Bird|p1b: Whimsicott\n|-supereffective|p1b: Whimsicott|1\n|-damage|p1b: Whimsicott|0 fnt\n|faint|p1b: Whimsicott\n|-damage|p2b: Staraptor|7/100|[from] Recoil\n|\n|-sideend|p1: AryuMyGlamGoat|move: Tailwind\n|upkeep\n|\n|t:|1788301183\n|switch|p1b: Rotom|Rotom-Wash, L50|44/100\n|switch|p2a: Milotic|Milotic, L50, F|100/100\n|turn|6\n|inactive|AryuMyGlamGoat has 30 seconds left.\n|\n|t:|1788301211\n|switch|p1b: Incineroar|Incineroar, L50, M|100/100\n|-ability|p1b: Incineroar|Intimidate|boost\n|-unboost|p2a: Milotic|atk|1\n|-ability|p2a: Milotic|Competitive|boost\n|-boost|p2a: Milotic|spa|2\n|-boost|p2b: Staraptor|atk|1\n|move|p2b: Staraptor|Brave Bird|p1a: Staraptor\n|-supereffective|p1a: Staraptor|1\n|-damage|p1a: Staraptor|0 fnt\n|faint|p1a: Staraptor\n|-damage|p2b: Staraptor|0 fnt|[from] Recoil\n|faint|p2b: Staraptor\n|move|p2a: Milotic|Icy Wind|p1b: Incineroar\n|-resisted|p1b: Incineroar|1\n|-damage|p1b: Incineroar|87/100\n|-unboost|p1b: Incineroar|spe|1\n|\n|upkeep\n|\n|t:|1788301227\n|switch|p1a: Rotom|Rotom-Wash, L50|44/100\n|turn|7\n|\n|t:|1788301244\n|move|p1b: Incineroar|Fake Out|p2a: Milotic\n|-damage|p2a: Milotic|90/100\n|move|p1a: Rotom|Thunderbolt|p2a: Milotic\n|-supereffective|p2a: Milotic|1\n|-damage|p2a: Milotic|27/100\n|-enditem|p2a: Milotic|Sitrus Berry|[eat]\n|-heal|p2a: Milotic|51/100|[from] item: Sitrus Berry\n|cant|p2a: Milotic|flinch\n|\n|upkeep\n|turn|8\n|\n|t:|1788301260\n|move|p1a: Rotom|Thunderbolt|p2a: Milotic\n|-supereffective|p2a: Milotic|1\n|-damage|p2a: Milotic|0 fnt\n|faint|p2a: Milotic\n|\n|win|AryuMyGlamGoat\n|raw|AryuMyGlamGoat's rating: 1101 &rarr; <strong>1122</strong><br />(+21 for winning)\n|raw|wishucould's rating: 1046 &rarr; <strong>1032</strong><br />(-14 for losing)\n|l|☆wishucould\n|player|p2|\n","uploadtime":1788301271,"views":"4","formatid":"gen9championsvgc2026regmb","rating":1032,"private":0,"password":null}