{"id":"gen9championsvgc2026regmb-2674267068","format":"[Gen 9 Champions] VGC 2026 Reg M-B","players":["multi-filter","Noobiedoobie537"],"log":"|j|☆multi-filter\n|j|☆Noobiedoobie537\n|t:|1788327204\n|gametype|doubles\n|player|p1|multi-filter|169|1317\n|player|p2|Noobiedoobie537|lucas-gen4pt|1254\n|gen|9\n|tier|[Gen 9 Champions] VGC 2026 Reg M-B\n|rated|\n|rule|Species Clause: Limit one of each Pokémon\n|rule|Item Clause: Limit 1 of each item\n|clearpoke\n|poke|p1|Beedrill, L50, M|\n|poke|p1|Garchomp, L50, F|\n|poke|p1|Charizard, L50, M|\n|poke|p1|Basculegion, L50, M|\n|poke|p1|Ditto, L50|\n|poke|p1|Whimsicott, L50, M|\n|poke|p2|Reuniclus, L50, M, shiny|\n|poke|p2|Farigiraf, L50, M|\n|poke|p2|Sneasler, L50, M|\n|poke|p2|Pelipper, L50, M|\n|poke|p2|Swampert, L50, M|\n|poke|p2|Mawile, L50, M|\n|teampreview|4\nNoobiedoobie537 has agreed to open team sheets.\n|inactive|Battle timer is ON: inactive players will automatically lose when time's up. (requested by Noobiedoobie537)\n|\n|t:|1788327224\n|teamsize|p1|4\n|teamsize|p2|4\n|start\n|switch|p1a: Beedrill|Beedrill, L50, M|100/100\n|switch|p1b: Charizard|Charizard, L50, M|100/100\n|switch|p2a: sukuna|Reuniclus, L50, M, shiny|100/100\n|switch|p2b: Harryhardtr|Farigiraf, L50, M|100/100\n|turn|1\n|\n|t:|1788327245\n|detailschange|p1a: Beedrill|Beedrill-Mega, L50, M\n|-mega|p1a: Beedrill|Beedrill|Beedrillite\n|move|p2a: sukuna|Protect|p2a: sukuna\n|-singleturn|p2a: sukuna|Protect\n|move|p1a: Beedrill|U-turn|p2a: sukuna\n|-activate|p2a: sukuna|move: Protect\n|move|p1b: Charizard|Heat Wave|p2b: Harryhardtr|[spread] \n|-activate|p2a: sukuna|move: Protect\n|-miss|p1b: Charizard|p2b: Harryhardtr\n|move|p2b: Harryhardtr|Trick Room|p2b: Harryhardtr\n|-fieldstart|move: Trick Room|[of] p2b: Harryhardtr\n|\n|upkeep\n|turn|2\n|\n|t:|1788327258\n|move|p1a: Beedrill|Protect|p1a: Beedrill\n|-singleturn|p1a: Beedrill|Protect\n|move|p2a: sukuna|Psychic|p1a: Beedrill\n|-activate|p1a: Beedrill|move: Protect\n|move|p2b: Harryhardtr|Psychic|p1b: Charizard\n|-damage|p1b: Charizard|61/100\n|move|p1b: Charizard|Heat Wave|p2b: Harryhardtr|[spread] p2a,p2b\n|-damage|p2a: sukuna|69/100\n|-damage|p2b: Harryhardtr|70/100\n|\n|upkeep\n|turn|3\n|\n|t:|1788327269\n|move|p1a: Beedrill|Protect||[still]\n|-fail|p1a: Beedrill\n|move|p2a: sukuna|Psychic|p1a: Beedrill\n|-supereffective|p1a: Beedrill|1\n|-damage|p1a: Beedrill|0 fnt\n|faint|p1a: Beedrill\n|move|p2b: Harryhardtr|Psychic|p1b: Charizard\n|-damage|p1b: Charizard|21/100\n|move|p1b: Charizard|Heat Wave|p2a: sukuna|[spread] p2a,p2b\n|-damage|p2a: sukuna|40/100\n|-damage|p2b: Harryhardtr|41/100\n|-enditem|p2b: Harryhardtr|Sitrus Berry|[eat]\n|-heal|p2b: Harryhardtr|66/100|[from] item: Sitrus Berry\n|\n|upkeep\n|\n|t:|1788327282\n|switch|p1a: Basculegion|Basculegion, L50, M|100/100\n|turn|4\n|\n|t:|1788327293\n|move|p2b: Harryhardtr|Helping Hand|p2a: sukuna\n|-singleturn|p2a: sukuna|Helping Hand|[of] p2b: Harryhardtr\n|move|p2a: sukuna|Psychic|p1a: Basculegion\n|-damage|p1a: Basculegion|1/100\n|move|p1a: Basculegion|Wave Crash|p2b: Harryhardtr\n|-damage|p2b: Harryhardtr|0 fnt\n|faint|p2b: Harryhardtr\n|-damage|p1a: Basculegion|0 fnt|[from] Recoil\n|faint|p1a: Basculegion\n|move|p1b: Charizard|Heat Wave|p2a: sukuna\n|-damage|p2a: sukuna|0 fnt\n|faint|p2a: sukuna\n|\n|upkeep\n|\n|t:|1788327306\n|switch|p2a: Mawile|Mawile, L50, M|100/100\n|switch|p2b: Pelipper|Pelipper, L50, M|100/100\n|switch|p1a: Ditto|Ditto, L50|100/100\n|-ability|p2a: Mawile|Intimidate|boost\n|-unboost|p1a: Ditto|atk|1\n|-unboost|p1b: Charizard|atk|1\n|-weather|RainDance|[from] ability: Drizzle|[of] p2b: Pelipper\n|-transform|p1a: Ditto|p2b: Pelipper|[from] ability: Imposter\n|turn|5\n|\n|t:|1788327320\n|detailschange|p2a: Mawile|Mawile-Mega, L50, M\n|-mega|p2a: Mawile|Mawile|Mawilite\n|move|p2a: Mawile|Protect|p2a: Mawile\n|-singleturn|p2a: Mawile|Protect\n|move|p2b: Pelipper|Tailwind|p2b: Pelipper\n|-sidestart|p2: Noobiedoobie537|move: Tailwind\n|move|p1a: Ditto|Weather Ball|p2a: Mawile\n|-activate|p2a: Mawile|move: Protect\n|move|p1b: Charizard|Heat Wave|p2a: Mawile|[spread] p2b\n|-activate|p2a: Mawile|move: Protect\n|-resisted|p2b: Pelipper|1\n|-damage|p2b: Pelipper|89/100\n|\n|-weather|RainDance|[upkeep]\n|-fieldend|move: Trick Room\n|upkeep\n|turn|6\n|-activate|p1a: Ditto|item: Quick Claw\n|\n|t:|1788327337\n|move|p2a: Mawile|Sucker Punch|p1a: Ditto\n|-damage|p1a: Ditto|46/100\n|move|p1a: Ditto|Weather Ball|p2a: Mawile\n|-damage|p2a: Mawile|23/100\n|move|p1b: Charizard|Heat Wave|p2a: Mawile|[spread] p2a,p2b\n|-supereffective|p2a: Mawile|1\n|-resisted|p2b: Pelipper|1\n|-damage|p2a: Mawile|0 fnt\n|-damage|p2b: Pelipper|78/100\n|faint|p2a: Mawile\n|move|p2b: Pelipper|Hurricane|p1a: Ditto\n|-damage|p1a: Ditto|0 fnt\n|faint|p1a: Ditto\n|\n|-weather|RainDance|[upkeep]\n|upkeep\n|turn|7\n|c|☆Noobiedoobie537|ggs\n|\n|t:|1788327351\n|move|p1b: Charizard|Heat Wave|p2b: Pelipper\n|-resisted|p2b: Pelipper|1\n|-damage|p2b: Pelipper|63/100\n|move|p2b: Pelipper|Weather Ball|p1b: Charizard\n|-supereffective|p1b: Charizard|1\n|-damage|p1b: Charizard|0 fnt\n|faint|p1b: Charizard\n|\n|win|Noobiedoobie537\n|raw|multi-filter's rating: 1317 &rarr; <strong>1293</strong><br />(-24 for losing)\n|raw|Noobiedoobie537's rating: 1254 &rarr; <strong>1283</strong><br />(+29 for winning)\n|l|☆multi-filter\n|player|p1|\n","uploadtime":1788327361,"views":"0","formatid":"gen9championsvgc2026regmb","rating":1283,"private":0,"password":null}