{"id":"gen9championsvgc2026regmbbo3-2674446988","format":"[Gen 9 Champions] VGC 2026 Reg M-B (Bo3)","players":["arquitosb04","hhammonobah"],"log":"|j|☆arquitosb04\n|j|☆hhammonobah\n|html|<table width=\"100%\"><tr><td align=\"left\">arquitosb04</td><td align=\"right\">hhammonobah</tr><tr><td align=\"left\"><i class=\"fa fa-circle-o\"></i> <i class=\"fa fa-circle-o\"></i> </td><td align=\"right\"><i class=\"fa fa-circle-o\"></i> <i class=\"fa fa-circle-o\"></i> </tr></table>\n|uhtml|bestof|<h2><strong>Game 1</strong> of <a href=\"/game-bestof3-gen9championsvgc2026regmbbo3-2674446986\">a best-of-3</a></h2>\n|t:|1788360876\n|gametype|doubles\n|player|p1|arquitosb04|n|1119\n|player|p2|hhammonobah|102|1119\n|gen|9\n|tier|[Gen 9 Champions] VGC 2026 Reg M-B (Bo3)\n|rated|\n|rule|Species Clause: Limit one of each Pokémon\n|rule|Item Clause: Limit 1 of each item\n|clearpoke\n|poke|p1|Avalugg, L50, M|\n|poke|p1|Ninetales-Alola, L50, M|\n|poke|p1|Garchomp, L50, F|\n|poke|p1|Sinistcha, L50|\n|poke|p1|Incineroar, L50, F|\n|poke|p1|Farigiraf, L50, M|\n|poke|p2|Froslass, L50, F|\n|poke|p2|Dragonite, L50, F|\n|poke|p2|Toxapex, L50, M|\n|poke|p2|Sneasler, L50, M|\n|poke|p2|Kingambit, L50, M|\n|poke|p2|Blaziken, L50, M|\n|teampreview|4\n|showteam|p1|Avalugg||NeverMeltIce|IceBody|ChillingWater,Recover,GyroBall,WideGuard|Sassy||M|||50|]Ninetales-Alola||LightClay|SnowWarning|Blizzard,Moonblast,AuroraVeil,Protect|Bold||M|||50|]Garchomp||Garchompite|RoughSkin|DragonClaw,SwordsDance,StompingTantrum,RockSlide|Adamant||F|||50|]Sinistcha||OccaBerry|Hospitality|MatchaGotcha,RagePowder,TrickRoom,Protect|Serious|||||50|]Incineroar||SitrusBerry|Intimidate|FlareBlitz,ThroatChop,PartingShot,FakeOut|Sassy||F|||50|]Farigiraf||ColburBerry|ArmorTail|Psychic,Thunderbolt,Protect,TrickRoom|Relaxed||M|||50|\n|showteam|p2|Froslass||Froslassite|SnowCloak|Blizzard,ShadowBall,AuroraVeil,Protect|Timid||F|||50|]Dragonite||LifeOrb|InnerFocus|DragonClaw,ExtremeSpeed,LowKick,Protect|Adamant||F|||50|]Toxapex||Leftovers|Regenerator|Infestation,Toxic,WideGuard,BanefulBunker|Bold||M|||50|]Sneasler||WhiteHerb|Unburden|CloseCombat,DireClaw,FakeOut,Protect|Jolly||M|||50|]Kingambit||BlackGlasses|Defiant|KowtowCleave,SuckerPunch,SwordsDance,Protect|Adamant||M|||50|]Blaziken||Blazikenite|SpeedBoost|CloseCombat,FlareBlitz,RockSlide,Protect|Adamant||M|||50|\n|inactive|Battle timer is ON: inactive players will automatically lose when time's up. (requested by hhammonobah)\n|\n|t:|1788360919\n|teamsize|p1|4\n|teamsize|p2|4\n|start\n|switch|p1a: Ninetales|Ninetales-Alola, L50, M|100/100\n|switch|p1b: Garchomp|Garchomp, L50, F|100/100\n|switch|p2a: Dragonite|Dragonite, L50, F|100/100\n|switch|p2b: Kingambit|Kingambit, L50, M|100/100\n|-weather|Snowscape|[from] ability: Snow Warning|[of] p1a: Ninetales\n|turn|1\n|\n|t:|1788360943\n|detailschange|p1b: Garchomp|Garchomp-Mega, L50, F\n|-mega|p1b: Garchomp|Garchomp|Garchompite\n|move|p2a: Dragonite|Protect|p2a: Dragonite\n|-singleturn|p2a: Dragonite|Protect\n|move|p1a: Ninetales|Aurora Veil|p1a: Ninetales\n|-sidestart|p1: arquitosb04|move: Aurora Veil\n|move|p1b: Garchomp|Stomping Tantrum|p2b: Kingambit\n|-supereffective|p2b: Kingambit|1\n|-damage|p2b: Kingambit|27/100\n|move|p2b: Kingambit|Swords Dance|p2b: Kingambit\n|-boost|p2b: Kingambit|atk|2\n|\n|-weather|Snowscape|[upkeep]\n|upkeep\n|turn|2\n|inactive|arquitosb04 has 30 seconds left.\n|inactive|hhammonobah has 30 seconds left.\n|\n|t:|1788360972\n|move|p2a: Dragonite|Extreme Speed|p1a: Ninetales\n|-damage|p1a: Ninetales|84/100\n|-damage|p2a: Dragonite|90/100|[from] item: Life Orb\n|move|p2b: Kingambit|Sucker Punch|p1a: Ninetales\n|-resisted|p1a: Ninetales|1\n|-damage|p1a: Ninetales|66/100\n|move|p1a: Ninetales|Blizzard|p2a: Dragonite|[spread] p2a,p2b\n|-supereffective|p2a: Dragonite|2\n|-resisted|p2b: Kingambit|1\n|-damage|p2a: Dragonite|0 fnt\n|-damage|p2b: Kingambit|16/100\n|faint|p2a: Dragonite\n|move|p1b: Garchomp|Stomping Tantrum|p2b: Kingambit\n|-supereffective|p2b: Kingambit|1\n|-damage|p2b: Kingambit|0 fnt\n|faint|p2b: Kingambit\n|\n|-weather|Snowscape|[upkeep]\n|upkeep\n|\n|t:|1788360979\n|switch|p2a: Froslass|Froslass, L50, F|100/100\n|switch|p2b: Sneasler|Sneasler, L50, M|100/100\n|turn|3\n|inactive|arquitosb04 has 30 seconds left.\n|inactive|hhammonobah has 30 seconds left.\n|inactive|hhammonobah has 20 seconds left.\n|inactive|arquitosb04 has 20 seconds left.\n|inactive|hhammonobah has 15 seconds left.\n|\n|t:|1788361023\n|switch|p1b: Incineroar|Incineroar, L50, F|100/100\n|-ability|p1b: Incineroar|Intimidate|boost\n|-unboost|p2a: Froslass|atk|1\n|-unboost|p2b: Sneasler|atk|1\n|-enditem|p2b: Sneasler|White Herb\n|-clearnegativeboost|p2b: Sneasler|[silent]\n|detailschange|p2a: Froslass|Froslass-Mega, L50, F\n|-mega|p2a: Froslass|Froslass|Froslassite\n|move|p1a: Ninetales|Protect|p1a: Ninetales\n|-singleturn|p1a: Ninetales|Protect\n|move|p2b: Sneasler|Dire Claw|p1a: Ninetales\n|-activate|p1a: Ninetales|move: Protect\n|move|p2a: Froslass|Blizzard|p1b: Incineroar|[spread] p1b\n|-activate|p1a: Ninetales|move: Protect\n|-resisted|p1b: Incineroar|1\n|-damage|p1b: Incineroar|87/100\n|\n|-weather|Snowscape|[upkeep]\n|upkeep\n|turn|4\n|inactive|arquitosb04 has 30 seconds left.\n|inactive|arquitosb04 has 20 seconds left.\n|inactive|arquitosb04 has 15 seconds left.\n|\n|t:|1788361067\n|move|p2b: Sneasler|Protect|p2b: Sneasler\n|-singleturn|p2b: Sneasler|Protect\n|move|p1b: Incineroar|Fake Out|p2b: Sneasler\n|-activate|p2b: Sneasler|move: Protect\n|move|p2a: Froslass|Aurora Veil|p2a: Froslass\n|-sidestart|p2: hhammonobah|move: Aurora Veil\n|move|p1a: Ninetales|Moonblast|p2a: Froslass\n|-damage|p2a: Froslass|80/100\n|\n|-weather|Snowscape|[upkeep]\n|upkeep\n|turn|5\n|\n|t:|1788361090\n|move|p2b: Sneasler|Close Combat|p1b: Incineroar\n|-supereffective|p1b: Incineroar|1\n|-damage|p1b: Incineroar|28/100\n|-unboost|p2b: Sneasler|def|1\n|-unboost|p2b: Sneasler|spd|1\n|-enditem|p1b: Incineroar|Sitrus Berry|[eat]\n|-heal|p1b: Incineroar|52/100|[from] item: Sitrus Berry\n|move|p2a: Froslass|Shadow Ball|p1a: Ninetales\n|-damage|p1a: Ninetales|40/100\n|-unboost|p1a: Ninetales|spd|1\n|move|p1a: Ninetales|Moonblast|p2b: Sneasler\n|-damage|p2b: Sneasler|58/100\n|move|p1b: Incineroar|Flare Blitz|p2b: Sneasler\n|-damage|p2b: Sneasler|0 fnt\n|faint|p2b: Sneasler\n|-damage|p1b: Incineroar|38/100|[from] Recoil\n|\n|-weather|none\n|upkeep\n|turn|6\n|-message|hhammonobah forfeited.\n|\n|win|arquitosb04\n|l|☆hhammonobah\n|player|p2|\n||hhammonobah is ready for game 2.\n","uploadtime":1788361113,"views":"0","formatid":"gen9championsvgc2026regmbbo3","rating":null,"private":0,"password":null}