{"id":"gen9championsvgc2026regmb-2673958151","format":"[Gen 9 Champions] VGC 2026 Reg M-B","players":["Gcjitfjyfcc","Nayumi_VT"],"log":"|j|☆Gcjitfjyfcc\n|j|☆Nayumi_VT\n|t:|1788281777\n|gametype|doubles\n|player|p1|Gcjitfjyfcc|1|1119\n|player|p2|Nayumi_VT|dahlia|1190\n|gen|9\n|tier|[Gen 9 Champions] VGC 2026 Reg M-B\n|rated|\n|rule|Species Clause: Limit one of each Pokémon\n|rule|Item Clause: Limit 1 of each item\n|clearpoke\n|poke|p1|Tyranitar, L50, F|\n|poke|p1|Gholdengo, L50|\n|poke|p1|Staraptor, L50, M|\n|poke|p1|Excadrill, L50, F|\n|poke|p1|Farigiraf, L50, F|\n|poke|p1|Whimsicott, L50, M|\n|poke|p2|Overqwil, L50, M, shiny|\n|poke|p2|Sneasler, L50, M, shiny|\n|poke|p2|Meowstic, L50, M, shiny|\n|poke|p2|Klefki, L50, F, shiny|\n|poke|p2|Delphox, L50, M, shiny|\n|poke|p2|Pikachu, L50, M|\n|teampreview|4\n|\n|t:|1788281831\n|teamsize|p1|4\n|teamsize|p2|4\n|start\n|switch|p1a: Farigiraf|Farigiraf, L50, F|100/100\n|switch|p1b: Tyranitar|Tyranitar, L50, F|100/100\n|switch|p2a: Meowstic|Meowstic, L50, M, shiny|100/100\n|switch|p2b: Fisteur Fou|Overqwil, L50, M, shiny|100/100\n|-ability|p2b: Fisteur Fou|Intimidate|boost\n|-unboost|p1a: Farigiraf|atk|1\n|-unboost|p1b: Tyranitar|atk|1\n|-weather|Sandstorm|[from] ability: Sand Stream|[of] p1b: Tyranitar\n|turn|1\n|\n|t:|1788281856\n|move|p2a: Meowstic|Skill Swap|p2b: Fisteur Fou\n|-activate|p2a: Meowstic|Skill Swap|||[of] p2b: Fisteur Fou\n|-hint|Skill Swap does not announce the abilities of the Pokémon when used between allies.\n|-ability|p2a: Meowstic|Intimidate|boost\n|-unboost|p1a: Farigiraf|atk|1\n|-unboost|p1b: Tyranitar|atk|1\n|move|p2b: Fisteur Fou|Minimize|p2b: Fisteur Fou\n|-boost|p2b: Fisteur Fou|evasion|2\n|move|p1b: Tyranitar|Knock Off|p2b: Fisteur Fou\n|-resisted|p2b: Fisteur Fou|1\n|-damage|p2b: Fisteur Fou|84/100\n|-enditem|p2b: Fisteur Fou|Leftovers|[from] move: Knock Off|[of] p1b: Tyranitar\n|move|p1a: Farigiraf|Thunderbolt|p2b: Fisteur Fou\n|-damage|p2b: Fisteur Fou|51/100\n|\n|-weather|Sandstorm|[upkeep]\n|-damage|p2b: Fisteur Fou|45/100|[from] Sandstorm\n|-damage|p2a: Meowstic|94/100|[from] Sandstorm\n|-damage|p1a: Farigiraf|93/100|[from] Sandstorm\n|upkeep\n|turn|2\n|\n|t:|1788281878\n|move|p2b: Fisteur Fou|Minimize|p2b: Fisteur Fou\n|-boost|p2b: Fisteur Fou|evasion|2\n|move|p2a: Meowstic|Skill Swap|p2b: Fisteur Fou\n|-activate|p2a: Meowstic|Skill Swap|||[of] p2b: Fisteur Fou\n|-hint|Skill Swap does not announce the abilities of the Pokémon when used between allies.\n|-ability|p2b: Fisteur Fou|Intimidate|boost\n|-unboost|p1a: Farigiraf|atk|1\n|-unboost|p1b: Tyranitar|atk|1\n|move|p1b: Tyranitar|Knock Off|p2a: Meowstic\n|-supereffective|p2a: Meowstic|1\n|-damage|p2a: Meowstic|49/100\n|-enditem|p2a: Meowstic|Bright Powder|[from] move: Knock Off|[of] p1b: Tyranitar\n|move|p1a: Farigiraf|Psychic|p2b: Fisteur Fou\n|-immune|p2b: Fisteur Fou\n|\n|-weather|Sandstorm|[upkeep]\n|-damage|p2b: Fisteur Fou|39/100|[from] Sandstorm\n|-damage|p2a: Meowstic|43/100|[from] Sandstorm\n|-damage|p1a: Farigiraf|87/100|[from] Sandstorm\n|upkeep\n|turn|3\n|\n|t:|1788281899\n|switch|p1b: Excadrill|Excadrill, L50, F|100/100\n|move|p2a: Meowstic|Skill Swap|p2b: Fisteur Fou\n|-activate|p2a: Meowstic|Skill Swap|||[of] p2b: Fisteur Fou\n|-hint|Skill Swap does not announce the abilities of the Pokémon when used between allies.\n|-ability|p2a: Meowstic|Intimidate|boost\n|-unboost|p1a: Farigiraf|atk|1\n|-unboost|p1b: Excadrill|atk|1\n|move|p2b: Fisteur Fou|Minimize|p2b: Fisteur Fou\n|-boost|p2b: Fisteur Fou|evasion|2\n|move|p1a: Farigiraf|Thunderbolt|p2b: Fisteur Fou|[miss]\n|-miss|p1a: Farigiraf|p2b: Fisteur Fou\n|\n|-weather|Sandstorm|[upkeep]\n|-damage|p2b: Fisteur Fou|33/100|[from] Sandstorm\n|-damage|p2a: Meowstic|37/100|[from] Sandstorm\n|-damage|p1a: Farigiraf|81/100|[from] Sandstorm\n|upkeep\n|turn|4\n|\n|t:|1788281921\n|move|p2b: Fisteur Fou|Rest|p2b: Fisteur Fou\n|-status|p2b: Fisteur Fou|slp|[from] move: Rest\n|-heal|p2b: Fisteur Fou|100/100 slp|[silent]\n|move|p1b: Excadrill|Iron Head|p2b: Fisteur Fou|[miss]\n|-miss|p1b: Excadrill|p2b: Fisteur Fou\n|move|p2a: Meowstic|Yawn|p1b: Excadrill\n|-start|p1b: Excadrill|move: Yawn|[of] p2a: Meowstic\n|move|p1a: Farigiraf|Thunderbolt|p2b: Fisteur Fou|[miss]\n|-miss|p1a: Farigiraf|p2b: Fisteur Fou\n|\n|-weather|Sandstorm|[upkeep]\n|-damage|p2b: Fisteur Fou|93/100 slp|[from] Sandstorm\n|-damage|p2a: Meowstic|31/100|[from] Sandstorm\n|-damage|p1a: Farigiraf|75/100|[from] Sandstorm\n|upkeep\n|turn|5\n|\n|t:|1788281943\n|cant|p2b: Fisteur Fou|slp\n|move|p1b: Excadrill|Rock Slide|p2a: Meowstic|[spread] p2a\n|-miss|p1b: Excadrill|p2b: Fisteur Fou\n|-damage|p2a: Meowstic|16/100\n|move|p2a: Meowstic|Yawn|p1a: Farigiraf\n|-start|p1a: Farigiraf|move: Yawn|[of] p2a: Meowstic\n|move|p1a: Farigiraf|Thunderbolt|p2b: Fisteur Fou|[miss]\n|-miss|p1a: Farigiraf|p2b: Fisteur Fou\n|\n|-weather|none\n|-end|p1b: Excadrill|move: Yawn|[silent]\n|-status|p1b: Excadrill|slp\n|upkeep\n|turn|6\n|c|☆Nayumi_VT|what's wrong bro\n|inactive|Battle timer is ON: inactive players will automatically lose when time's up. (requested by Nayumi_VT)\n|inactive|Gcjitfjyfcc has 60 seconds left.\n|inactive|Gcjitfjyfcc has 30 seconds left.\n|inactive|Gcjitfjyfcc has 20 seconds left.\n|inactive|Gcjitfjyfcc has 15 seconds left.\n|inactive|Gcjitfjyfcc has 10 seconds left.\n|inactive|Gcjitfjyfcc has 5 seconds left.\n|\n|t:|1788282137\n|cant|p2b: Fisteur Fou|slp\n|cant|p1b: Excadrill|slp\n|move|p2a: Meowstic|Skill Swap|p2b: Fisteur Fou\n|-activate|p2a: Meowstic|Skill Swap|||[of] p2b: Fisteur Fou\n|-hint|Skill Swap does not announce the abilities of the Pokémon when used between allies.\n|-ability|p2b: Fisteur Fou|Intimidate|boost\n|-unboost|p1a: Farigiraf|atk|1\n|-unboost|p1b: Excadrill|atk|1\n|move|p1a: Farigiraf|Thunderbolt|p2a: Meowstic\n|-damage|p2a: Meowstic|0 fnt\n|faint|p2a: Meowstic\n|\n|-end|p1a: Farigiraf|move: Yawn|[silent]\n|-status|p1a: Farigiraf|slp\n|upkeep\n|l|☆Gcjitfjyfcc\n|inactive|Gcjitfjyfcc disconnected and has a minute to reconnect!\n|player|p1|\n|\n|t:|1788282147\n|switch|p2a: Klefki|Klefki, L50, F, shiny|100/100\n|turn|7\n|inactive|Gcjitfjyfcc has 30 seconds left.\n|inactive|Gcjitfjyfcc has 20 seconds left.\n|inactive|Gcjitfjyfcc has 15 seconds left.\n|inactive|Gcjitfjyfcc has 10 seconds left.\n|inactive|Gcjitfjyfcc has 5 seconds left.\n|-message|Gcjitfjyfcc lost due to inactivity.\n|\n|win|Nayumi_VT\n|raw|Gcjitfjyfcc's rating: 1119 &rarr; <strong>1099</strong><br />(-20 for losing)\n|raw|Nayumi_VT's rating: 1190 &rarr; <strong>1210</strong><br />(+20 for winning)\n","uploadtime":1788282222,"views":"1","formatid":"gen9championsvgc2026regmb","rating":1099,"private":0,"password":null}