{"id":"gen9championsvgc2026regmb-2674054766","format":"[Gen 9 Champions] VGC 2026 Reg M-B","players":["ShrimpGun","bvogel"],"log":"|j|☆ShrimpGun\n|j|☆bvogel\n|t:|1788293178\n|gametype|doubles\n|player|p1|ShrimpGun|fisherman-gen4|1265\n|player|p2|bvogel|dawn|1295\n|gen|9\n|tier|[Gen 9 Champions] VGC 2026 Reg M-B\n|rated|\n|rule|Species Clause: Limit one of each Pokémon\n|rule|Item Clause: Limit 1 of each item\n|clearpoke\n|poke|p1|Staraptor, L50, M|\n|poke|p1|Farigiraf, L50, F, shiny|\n|poke|p1|Clawitzer, L50, M|\n|poke|p1|Arcanine-Hisui, L50, M|\n|poke|p1|Sylveon, L50, F|\n|poke|p1|Kingambit, L50, F|\n|poke|p2|Froslass, L50, F|\n|poke|p2|Scovillain, L50, M|\n|poke|p2|Basculegion, L50, M|\n|poke|p2|Kingambit, L50, F|\n|poke|p2|Sneasler, L50, M|\n|poke|p2|Lycanroc-Dusk, L50, M|\n|teampreview|4\n|inactive|Battle timer is ON: inactive players will automatically lose when time's up. (requested by bvogel)\n|inactive|ShrimpGun has 60 seconds left.\n|inactive|bvogel has 60 seconds left.\n|\n|t:|1788293231\n|teamsize|p1|4\n|teamsize|p2|4\n|start\n|switch|p1a: Staraptor|Staraptor, L50, M|100/100\n|switch|p1b: Arcanine|Arcanine-Hisui, L50, M|100/100\n|switch|p2a: Froslass|Froslass, L50, F|100/100\n|switch|p2b: Kingambit|Kingambit, L50, F|100/100\n|-ability|p1a: Staraptor|Intimidate|boost\n|-unboost|p2a: Froslass|atk|1\n|-unboost|p2b: Kingambit|atk|1\n|-ability|p2b: Kingambit|Defiant|boost\n|-boost|p2b: Kingambit|atk|2\n|turn|1\n|\n|t:|1788293254\n|switch|p1a: Farigiraf|Farigiraf, L50, F, shiny|100/100\n|switch|p2b: Basculegion|Basculegion, L50, M|100/100\n|move|p2a: Froslass|Protect|p2a: Froslass\n|-singleturn|p2a: Froslass|Protect\n|move|p1b: Arcanine|Flare Blitz|p2b: Basculegion\n|-resisted|p2b: Basculegion|1\n|-damage|p2b: Basculegion|64/100\n|\n|upkeep\n|turn|2\n|\n|t:|1788293280\n|detailschange|p2a: Froslass|Froslass-Mega, L50, F\n|-mega|p2a: Froslass|Froslass|Froslassite\n|-weather|Snowscape|[from] ability: Snow Warning|[of] p2a: Froslass\n|move|p2a: Froslass|Aurora Veil|p2a: Froslass\n|-sidestart|p2: bvogel|move: Aurora Veil\n|move|p1b: Arcanine|Flare Blitz|p2a: Froslass\n|-supereffective|p2a: Froslass|1\n|-damage|p2a: Froslass|18/100\n|move|p2b: Basculegion|Wave Crash|p1b: Arcanine\n|-supereffective|p1b: Arcanine|2\n|-enditem|p1b: Arcanine|Focus Sash\n|-damage|p1b: Arcanine|1/100\n|-damage|p2b: Basculegion|36/100|[from] Recoil\n|-damage|p2b: Basculegion|26/100|[from] item: Life Orb\n|move|p1a: Farigiraf|Nasty Plot|p1a: Farigiraf\n|-boost|p1a: Farigiraf|spa|2\n|\n|-weather|Snowscape|[upkeep]\n|upkeep\n|turn|3\n|inactive|ShrimpGun has 30 seconds left.\n|inactive|ShrimpGun has 20 seconds left.\n|\n|t:|1788293320\n|move|p2a: Froslass|Blizzard|p1a: Farigiraf|[spread] p1a,p1b\n|-resisted|p1b: Arcanine|1\n|-damage|p1a: Farigiraf|61/100\n|-damage|p1b: Arcanine|0 fnt\n|faint|p1b: Arcanine\n|move|p2b: Basculegion|Wave Crash|p1a: Farigiraf\n|-damage|p1a: Farigiraf|0 fnt\n|faint|p1a: Farigiraf\n|-damage|p2b: Basculegion|3/100|[from] Recoil\n|-damage|p2b: Basculegion|0 fnt|[from] item: Life Orb\n|faint|p2b: Basculegion\n|\n|-weather|Snowscape|[upkeep]\n|upkeep\n|\n|t:|1788293335\n|switch|p1b: Clawitzer|Clawitzer, L50, M|100/100\n|switch|p2b: Kingambit|Kingambit, L50, F|100/100\n|switch|p1a: Staraptor|Staraptor, L50, M|100/100\n|-ability|p1a: Staraptor|Intimidate|boost\n|-unboost|p2a: Froslass|atk|1\n|-unboost|p2b: Kingambit|atk|1\n|-ability|p2b: Kingambit|Defiant|boost\n|-boost|p2b: Kingambit|atk|2\n|turn|4\n|\n|t:|1788293355\n|detailschange|p1a: Staraptor|Staraptor-Mega, L50, M\n|-mega|p1a: Staraptor|Staraptor|Staraptite\n|move|p2b: Kingambit|Sucker Punch|p1b: Clawitzer\n|-damage|p1b: Clawitzer|18/100\n|move|p2a: Froslass|Blizzard|p1b: Clawitzer|[spread] p1a,p1b\n|-supereffective|p1a: Staraptor|1\n|-resisted|p1b: Clawitzer|1\n|-damage|p1a: Staraptor|11/100\n|-damage|p1b: Clawitzer|0 fnt\n|faint|p1b: Clawitzer\n|move|p1a: Staraptor|Tailwind|p1a: Staraptor\n|-sidestart|p1: ShrimpGun|move: Tailwind\n|\n|-weather|Snowscape|[upkeep]\n|upkeep\n|turn|5\n|-message|ShrimpGun forfeited.\n|\n|win|bvogel\n|raw|ShrimpGun's rating: 1265 &rarr; <strong>1242</strong><br />(-23 for losing)\n|raw|bvogel's rating: 1295 &rarr; <strong>1318</strong><br />(+23 for winning)\n","uploadtime":1788293365,"views":"1","formatid":"gen9championsvgc2026regmb","rating":1242,"private":0,"password":null}