{"id":"gen9championsvgc2026regmb-2674781961","format":"[Gen 9 Champions] VGC 2026 Reg M-B","players":["edgo2834","BtC37"],"log":"|j|☆edgo2834\n|j|☆BtC37\n|t:|1788405699\n|gametype|doubles\n|player|p1|edgo2834|265|1350\n|player|p2|BtC37|ghetsis|1303\n|gen|9\n|tier|[Gen 9 Champions] VGC 2026 Reg M-B\n|rated|\n|rule|Species Clause: Limit one of each Pokémon\n|rule|Item Clause: Limit 1 of each item\n|clearpoke\n|poke|p1|Charizard, L50, F|\n|poke|p1|Basculegion, L50, M|\n|poke|p1|Venusaur, L50, F|\n|poke|p1|Grimmsnarl, L50, M|\n|poke|p1|Staraptor, L50, M|\n|poke|p1|Mamoswine, L50, F|\n|poke|p2|Charizard, L50, M|\n|poke|p2|Pelipper, L50, F|\n|poke|p2|Archaludon, L50, F|\n|poke|p2|Venusaur, L50, M|\n|poke|p2|Swampert, L50, F|\n|poke|p2|Grimmsnarl, L50, M|\n|teampreview|4\n|inactive|Battle timer is ON: inactive players will automatically lose when time's up. (requested by BtC37)\n|inactive|edgo2834 has 60 seconds left.\n|inactive|BtC37 has 60 seconds left.\n|inactive|BtC37 has 30 seconds left.\n|\n|t:|1788405767\n|teamsize|p1|4\n|teamsize|p2|4\n|start\n|switch|p1a: Grimmsnarl|Grimmsnarl, L50, M|100/100\n|switch|p1b: Charizard|Charizard, L50, F|100/100\n|switch|p2a: Charizard|Charizard, L50, M|100/100\n|switch|p2b: Venusaur|Venusaur, L50, M|100/100\n|turn|1\n|inactive|BtC37 has 30 seconds left.\n|\n|t:|1788405797\n|detailschange|p1b: Charizard|Charizard-Mega-Y, L50, F\n|-mega|p1b: Charizard|Charizard|Charizardite Y\n|-weather|SunnyDay|[from] ability: Drought|[of] p1b: Charizard\n|move|p2a: Charizard|Protect|p2a: Charizard\n|-singleturn|p2a: Charizard|Protect\n|move|p1a: Grimmsnarl|Parting Shot|p2a: Charizard\n|-activate|p2a: Charizard|move: Protect\n|move|p2b: Venusaur|Sleep Powder|p1b: Charizard\n|-status|p1b: Charizard|slp|[from] move: Sleep Powder\n|cant|p1b: Charizard|slp\n|\n|-weather|SunnyDay|[upkeep]\n|upkeep\n|turn|2\n|inactive|edgo2834 has 30 seconds left.\n|inactive|BtC37 has 30 seconds left.\n|\n|t:|1788405832\n|switch|p1b: Basculegion|Basculegion, L50, M|100/100\n|detailschange|p2a: Charizard|Charizard-Mega-Y, L50, M\n|-mega|p2a: Charizard|Charizard|Charizardite Y\n|move|p1a: Grimmsnarl|Parting Shot|p2b: Venusaur\n|-unboost|p2b: Venusaur|atk|1\n|-unboost|p2b: Venusaur|spa|1\n|\n|t:|1788405840\n|switch|p1a: Charizard|Charizard-Mega-Y, L50, F|100/100 slp|[from] Parting Shot\n|move|p2b: Venusaur|Sludge Bomb|p1b: Basculegion\n|-resisted|p1b: Basculegion|1\n|-damage|p1b: Basculegion|83/100\n|move|p2a: Charizard|Heat Wave|p1a: Charizard|[spread] p1a,p1b\n|-resisted|p1a: Charizard|1\n|-resisted|p1b: Basculegion|1\n|-damage|p1a: Charizard|68/100 slp\n|-damage|p1b: Basculegion|46/100\n|\n|-weather|SunnyDay|[upkeep]\n|upkeep\n|turn|3\n|inactive|edgo2834 has 30 seconds left.\n|\n|t:|1788405865\n|switch|p1b: Grimmsnarl|Grimmsnarl, L50, M|100/100\n|move|p2a: Charizard|Protect|p2a: Charizard\n|-singleturn|p2a: Charizard|Protect\n|move|p2b: Venusaur|Leaf Storm|p1b: Grimmsnarl|[miss]\n|-miss|p2b: Venusaur|p1b: Grimmsnarl\n|cant|p1a: Charizard|slp\n|\n|-weather|SunnyDay|[upkeep]\n|upkeep\n|turn|4\n|\n|t:|1788405885\n|switch|p2b: Archaludon|Archaludon, L50, F|100/100\n|move|p1b: Grimmsnarl|Fake Out|p2a: Charizard\n|-damage|p2a: Charizard|81/100\n|-damage|p1b: Grimmsnarl|90/100|[from] item: Life Orb\n|cant|p2a: Charizard|flinch\n|-curestatus|p1a: Charizard|slp|[msg]\n|move|p1a: Charizard|Heat Wave|p2a: Charizard|[spread] p2a,p2b\n|-resisted|p2a: Charizard|1\n|-damage|p2a: Charizard|53/100\n|-damage|p2b: Archaludon|40/100\n|-ability|p2b: Archaludon|Stamina|boost\n|-boost|p2b: Archaludon|def|1\n|\n|-weather|SunnyDay|[upkeep]\n|-heal|p2b: Archaludon|46/100|[from] item: Leftovers\n|upkeep\n|turn|5\n|inactive|edgo2834 has 30 seconds left.\n|inactive|edgo2834 has 20 seconds left.\n|inactive|edgo2834 has 15 seconds left.\n|\n|t:|1788405929\n|switch|p2a: Pelipper|Pelipper, L50, F|100/100\n|-weather|RainDance|[from] ability: Drizzle|[of] p2a: Pelipper\n|switch|p1a: Venusaur|Venusaur, L50, F|100/100\n|move|p1b: Grimmsnarl|Parting Shot|p2b: Archaludon\n|-unboost|p2b: Archaludon|atk|1\n|-unboost|p2b: Archaludon|spa|1\n|\n|t:|1788405939\n|switch|p1b: Charizard|Charizard-Mega-Y, L50, F|68/100|[from] Parting Shot\n|-weather|SunnyDay|[from] ability: Drought|[of] p1b: Charizard\n|move|p2b: Archaludon|Electro Shot||[still]\n|-prepare|p2b: Archaludon|Electro Shot\n|-boost|p2b: Archaludon|spa|1\n|\n|-weather|SunnyDay|[upkeep]\n|-heal|p2b: Archaludon|52/100|[from] item: Leftovers\n|upkeep\n|turn|6\n|\n|t:|1788405954\n|move|p2a: Pelipper|Wide Guard|p2a: Pelipper\n|-singleturn|p2a: Pelipper|Wide Guard\n|move|p1a: Venusaur|Sleep Powder|p2a: Pelipper|[miss]\n|-miss|p1a: Venusaur|p2a: Pelipper\n|move|p1b: Charizard|Weather Ball|p2b: Archaludon\n|-damage|p2b: Archaludon|0 fnt\n|faint|p2b: Archaludon\n|\n|-weather|SunnyDay|[upkeep]\n|upkeep\n|\n|t:|1788405967\n|switch|p2b: Venusaur|Venusaur, L50, M|100/100\n|turn|7\n|\n|t:|1788405976\n|move|p2b: Venusaur|Protect|p2b: Venusaur\n|-singleturn|p2b: Venusaur|Protect\n|move|p1b: Charizard|Protect|p1b: Charizard\n|-singleturn|p1b: Charizard|Protect\n|move|p1a: Venusaur|Sleep Powder|p2a: Pelipper\n|-status|p2a: Pelipper|slp|[from] move: Sleep Powder\n|cant|p2a: Pelipper|slp\n|\n|-weather|SunnyDay|[upkeep]\n|upkeep\n|turn|8\n|inactive|edgo2834 has 30 seconds left.\n|inactive|edgo2834 has 20 seconds left.\n|\n|t:|1788406016\n|move|p2b: Venusaur|Sleep Powder|p1b: Charizard\n|-status|p1b: Charizard|slp|[from] move: Sleep Powder\n|move|p1a: Venusaur|Earth Power|p2b: Venusaur\n|-damage|p2b: Venusaur|65/100\n|cant|p1b: Charizard|slp\n|cant|p2a: Pelipper|slp\n|\n|-weather|SunnyDay|[upkeep]\n|upkeep\n|turn|9\n|\n|t:|1788406044\n|switch|p2a: Charizard|Charizard-Mega-Y, L50, M|53/100\n|move|p1a: Venusaur|Earth Power|p2b: Venusaur\n|-damage|p2b: Venusaur|31/100\n|move|p2b: Venusaur|Sludge Bomb|p1b: Charizard\n|-damage|p1b: Charizard|24/100 slp\n|-curestatus|p1b: Charizard|slp|[msg]\n|move|p1b: Charizard|Heat Wave|p2b: Venusaur|[spread] p2a,p2b\n|-resisted|p2a: Charizard|1\n|-supereffective|p2b: Venusaur|1\n|-damage|p2a: Charizard|25/100\n|-damage|p2b: Venusaur|0 fnt\n|faint|p2b: Venusaur\n|\n|-weather|none\n|upkeep\n|\n|t:|1788406061\n|switch|p2b: Pelipper|Pelipper, L50, F|100/100 slp\n|-weather|RainDance|[from] ability: Drizzle|[of] p2b: Pelipper\n|turn|10\n|\n|t:|1788406072\n|move|p2a: Charizard|Hurricane|p1a: Venusaur\n|-supereffective|p1a: Venusaur|1\n|-damage|p1a: Venusaur|0 fnt\n|faint|p1a: Venusaur\n|move|p1b: Charizard|Weather Ball|p2a: Charizard\n|-supereffective|p2a: Charizard|1\n|-damage|p2a: Charizard|0 fnt\n|faint|p2a: Charizard\n|-curestatus|p2b: Pelipper|slp|[msg]\n|move|p2b: Pelipper|Weather Ball|p1b: Charizard\n|-supereffective|p1b: Charizard|1\n|-damage|p1b: Charizard|0 fnt\n|faint|p1b: Charizard\n|\n|-weather|RainDance|[upkeep]\n|upkeep\n|\n|t:|1788406089\n|switch|p1b: Basculegion|Basculegion, L50, M|46/100\n|switch|p1a: Grimmsnarl|Grimmsnarl, L50, M|90/100\n|turn|11\n|\n|t:|1788406096\n|move|p1a: Grimmsnarl|Fake Out|p2b: Pelipper\n|-damage|p2b: Pelipper|80/100\n|-damage|p1a: Grimmsnarl|80/100|[from] item: Life Orb\n|move|p1b: Basculegion|Last Respects|p2b: Pelipper\n|-damage|p2b: Pelipper|0 fnt\n|faint|p2b: Pelipper\n|\n|win|edgo2834\n|raw|edgo2834's rating: 1350 &rarr; <strong>1367</strong><br />(+17 for winning)\n|raw|BtC37's rating: 1303 &rarr; <strong>1286</strong><br />(-17 for losing)\n","uploadtime":1788406100,"views":"1","formatid":"gen9championsvgc2026regmb","rating":1286,"private":0,"password":null}