{"id":"gen9championsvgc2026regmb-2674489761","format":"[Gen 9 Champions] VGC 2026 Reg M-B","players":["Buggy00k","lickdon"],"log":"|j|☆Buggy00k\n|j|☆lickdon\n|t:|1788365882\n|gametype|doubles\n|player|p1|Buggy00k|101|1174\n|player|p2|lickdon|266|1136\n|gen|9\n|tier|[Gen 9 Champions] VGC 2026 Reg M-B\n|rated|\n|rule|Species Clause: Limit one of each Pokémon\n|rule|Item Clause: Limit 1 of each item\n|clearpoke\n|poke|p1|Froslass, L50, F|\n|poke|p1|Blaziken, L50, M, shiny|\n|poke|p1|Kingambit, L50, M, shiny|\n|poke|p1|Primarina, L50, F, shiny|\n|poke|p1|Dragonite, L50, F, shiny|\n|poke|p1|Farigiraf, L50, F, shiny|\n|poke|p2|Garchomp, L50, F|\n|poke|p2|Basculegion, L50, M|\n|poke|p2|Scizor, L50, M|\n|poke|p2|Tyranitar, L50, M|\n|poke|p2|Corviknight, L50, F|\n|poke|p2|Sinistcha, L50|\n|teampreview|4\n|\n|t:|1788365917\n|teamsize|p1|4\n|teamsize|p2|4\n|start\n|switch|p1a: Primarina|Primarina, L50, F, shiny|100/100\n|switch|p1b: Farigiraf|Farigiraf, L50, F, shiny|100/100\n|switch|p2a: Tyranitar|Tyranitar, L50, M|100/100\n|switch|p2b: Garchomp|Garchomp, L50, F|100/100\n|-weather|Sandstorm|[from] ability: Sand Stream|[of] p2a: Tyranitar\n|turn|1\n|c|☆Buggy00k|glhf\n|\n|t:|1788365953\n|switch|p2b: Sinistcha|Sinistcha, L50|100/100\n|move|p2a: Tyranitar|Knock Off|p1b: Farigiraf\n|-supereffective|p1b: Farigiraf|1\n|-damage|p1b: Farigiraf|15/100\n|-enditem|p1b: Farigiraf|Sitrus Berry|[from] move: Knock Off|[of] p2a: Tyranitar\n|move|p1a: Primarina|Calm Mind|p1a: Primarina\n|-boost|p1a: Primarina|spa|1\n|-boost|p1a: Primarina|spd|1\n|move|p1b: Farigiraf|Trick Room|p1b: Farigiraf\n|-fieldstart|move: Trick Room|[of] p1b: Farigiraf\n|\n|-weather|Sandstorm|[upkeep]\n|-damage|p1b: Farigiraf|9/100|[from] Sandstorm\n|-damage|p1a: Primarina|94/100|[from] Sandstorm\n|-damage|p2b: Sinistcha|93/100|[from] Sandstorm\n|-heal|p1a: Primarina|100/100|[from] item: Leftovers\n|upkeep\n|turn|2\n|\n|t:|1788365980\n|move|p2b: Sinistcha|Rage Powder|p2b: Sinistcha\n|-singleturn|p2b: Sinistcha|move: Rage Powder\n|move|p1b: Farigiraf|Psychic|p2b: Sinistcha\n|-damage|p2b: Sinistcha|61/100\n|move|p1a: Primarina|Hyper Voice|p2b: Sinistcha|[spread] p2a,p2b\n|-supereffective|p2a: Tyranitar|1\n|-resisted|p2b: Sinistcha|1\n|-damage|p2a: Tyranitar|38/100\n|-damage|p2b: Sinistcha|41/100\n|move|p2a: Tyranitar|Knock Off|p1a: Primarina\n|-resisted|p1a: Primarina|1\n|-damage|p1a: Primarina|75/100\n|-enditem|p1a: Primarina|Leftovers|[from] move: Knock Off|[of] p2a: Tyranitar\n|\n|-weather|Sandstorm|[upkeep]\n|-damage|p1b: Farigiraf|3/100|[from] Sandstorm\n|-damage|p1a: Primarina|70/100|[from] Sandstorm\n|-damage|p2b: Sinistcha|35/100|[from] Sandstorm\n|upkeep\n|turn|3\n|\n|t:|1788366013\n|switch|p2a: Basculegion|Basculegion, L50, M|100/100\n|move|p1b: Farigiraf|Psychic|p2b: Sinistcha\n|-damage|p2b: Sinistcha|4/100\n|move|p1a: Primarina|Hyper Voice|p2a: Basculegion|[spread] p2a,p2b\n|-resisted|p2a: Basculegion|1\n|-resisted|p2b: Sinistcha|1\n|-damage|p2a: Basculegion|75/100\n|-damage|p2b: Sinistcha|0 fnt\n|faint|p2b: Sinistcha\n|\n|-weather|Sandstorm|[upkeep]\n|-damage|p1b: Farigiraf|0 fnt|[from] Sandstorm\n|-damage|p1a: Primarina|64/100|[from] Sandstorm\n|-damage|p2a: Basculegion|69/100|[from] Sandstorm\n|faint|p1b: Farigiraf\n|upkeep\n|\n|t:|1788366032\n|switch|p1b: Dragonite|Dragonite, L50, F, shiny|100/100\n|switch|p2b: Garchomp|Garchomp, L50, F|100/100\n|turn|4\n|\n|t:|1788366044\n|detailschange|p2b: Garchomp|Garchomp-Mega, L50, F\n|-mega|p2b: Garchomp|Garchomp|Garchompite\n|move|p1a: Primarina|Moonblast|p2a: Basculegion\n|-damage|p2a: Basculegion|3/100\n|-enditem|p2a: Basculegion|Sitrus Berry|[eat]\n|-heal|p2a: Basculegion|28/100|[from] item: Sitrus Berry\n|move|p2b: Garchomp|Draco Meteor|p1b: Dragonite\n|-supereffective|p1b: Dragonite|1\n|-damage|p1b: Dragonite|0 fnt\n|-unboost|p2b: Garchomp|spa|2\n|faint|p1b: Dragonite\n|move|p2a: Basculegion|Last Respects|p1a: Primarina\n|-damage|p1a: Primarina|8/100\n|\n|-weather|Sandstorm|[upkeep]\n|-damage|p1a: Primarina|2/100|[from] Sandstorm\n|-damage|p2a: Basculegion|21/100|[from] Sandstorm\n|upkeep\n|\n|t:|1788366059\n|switch|p1b: Froslass|Froslass, L50, F|100/100\n|turn|5\n|\n|t:|1788366093\n|move|p1a: Primarina|Protect|p1a: Primarina\n|-singleturn|p1a: Primarina|Protect\n|move|p2b: Garchomp|Protect|p2b: Garchomp\n|-singleturn|p2b: Garchomp|Protect\n|move|p1b: Froslass|Protect|p1b: Froslass\n|-singleturn|p1b: Froslass|Protect\n|move|p2a: Basculegion|Last Respects|p1b: Froslass\n|-activate|p1b: Froslass|move: Protect\n|\n|-weather|none\n|-fieldend|move: Trick Room\n|upkeep\n|turn|6\n|\n|t:|1788366145\n|detailschange|p1b: Froslass|Froslass-Mega, L50, F\n|-mega|p1b: Froslass|Froslass|Froslassite\n|-weather|Snowscape|[from] ability: Snow Warning|[of] p1b: Froslass\n|move|p2b: Garchomp|Protect||[still]\n|-fail|p2b: Garchomp\n|move|p2a: Basculegion|Aqua Jet|p1a: Primarina\n|-resisted|p1a: Primarina|1\n|-damage|p1a: Primarina|0 fnt\n|faint|p1a: Primarina\n|move|p1b: Froslass|Blizzard|p2a: Basculegion|[spread] p2a,p2b\n|-resisted|p2a: Basculegion|1\n|-supereffective|p2b: Garchomp|2\n|-damage|p2a: Basculegion|0 fnt\n|-damage|p2b: Garchomp|0 fnt\n|faint|p2a: Basculegion\n|faint|p2b: Garchomp\n|\n|-weather|Snowscape|[upkeep]\n|upkeep\n|\n|t:|1788366164\n|switch|p2a: Tyranitar|Tyranitar, L50, M|38/100\n|-weather|Sandstorm|[from] ability: Sand Stream|[of] p2a: Tyranitar\n|turn|7\n|\n|t:|1788366173\n|move|p1b: Froslass|Blizzard|p2a: Tyranitar\n|-damage|p2a: Tyranitar|0 fnt\n|faint|p2a: Tyranitar\n|\n|win|Buggy00k\n|raw|Buggy00k's rating: 1174 &rarr; <strong>1196</strong><br />(+22 for winning)\n|raw|lickdon's rating: 1136 &rarr; <strong>1114</strong><br />(-22 for losing)\n|c|☆Buggy00k|gg\n","uploadtime":1788366178,"views":"2","formatid":"gen9championsvgc2026regmb","rating":1114,"private":0,"password":null}