{"id":"gen9championsvgc2026regmb-2674709322","format":"[Gen 9 Champions] VGC 2026 Reg M-B","players":["A Pocket Sandwich","RegILiker2308"],"log":"|j|☆A Pocket Sandwich\n|j|☆RegILiker2308\n|t:|1788393975\n|gametype|doubles\n|player|p1|A Pocket Sandwich|265|1211\n|player|p2|RegILiker2308|falkner|1120\n|gen|9\n|tier|[Gen 9 Champions] VGC 2026 Reg M-B\n|rated|\n|rule|Species Clause: Limit one of each Pokémon\n|rule|Item Clause: Limit 1 of each item\n|clearpoke\n|poke|p1|Audino, L50, M|\n|poke|p1|Goodra-Hisui, L50, F|\n|poke|p1|Arcanine-Hisui, L50, F|\n|poke|p1|Blaziken, L50, M|\n|poke|p1|Farigiraf, L50, F|\n|poke|p1|Sinistcha, L50|\n|poke|p2|Tyranitar, L50, M|\n|poke|p2|Excadrill, L50, M|\n|poke|p2|Staraptor, L50, F|\n|poke|p2|Passimian, L50, F|\n|poke|p2|Whimsicott, L50, M|\n|poke|p2|Farigiraf, L50, M|\n|teampreview|4\n|inactive|Battle timer is ON: inactive players will automatically lose when time's up. (requested by RegILiker2308)\nRegILiker2308 rejected open team sheets.\n|inactive|RegILiker2308 has 60 seconds left.\n|inactive|RegILiker2308 has 30 seconds left.\n|inactive|RegILiker2308 has 20 seconds left.\n|\n|t:|1788394049\n|teamsize|p1|4\n|teamsize|p2|4\n|start\n|switch|p1a: Audino|Audino, L50, M|100/100\n|switch|p1b: Goodra|Goodra-Hisui, L50, F|100/100\n|switch|p2a: Passimian|Passimian, L50, F|100/100\n|switch|p2b: Excadrill|Excadrill, L50, M|100/100\n|turn|1\n|inactive|RegILiker2308 has 30 seconds left.\n|\n|t:|1788394087\n|switch|p2a: Tyranitar|Tyranitar, L50, M|100/100\n|-weather|Sandstorm|[from] ability: Sand Stream|[of] p2a: Tyranitar\n|switch|p1b: Sinistcha|Sinistcha, L50|100/100\n|detailschange|p1a: Audino|Audino-Mega, L50, M\n|-mega|p1a: Audino|Audino|Audinite\n|move|p2b: Excadrill|High Horsepower|p1b: Sinistcha\n|-resisted|p1b: Sinistcha|1\n|-damage|p1b: Sinistcha|81/100\n|move|p1a: Audino|Reflect|p1a: Audino\n|-sidestart|p1: A Pocket Sandwich|Reflect\n|\n|-weather|Sandstorm|[upkeep]\n|-damage|p1b: Sinistcha|75/100|[from] Sandstorm\n|-damage|p1a: Audino|93/100|[from] Sandstorm\n|upkeep\n|turn|2\n|inactive|RegILiker2308 has 30 seconds left.\n|\n|t:|1788394113\n|detailschange|p2a: Tyranitar|Tyranitar-Mega, L50, M\n|-mega|p2a: Tyranitar|Tyranitar|Tyranitarite\n|move|p2b: Excadrill|High Horsepower|p1a: Audino\n|-damage|p1a: Audino|73/100\n|move|p1b: Sinistcha|Matcha Gotcha|p2b: Excadrill|[spread] p2a,p2b\n|-supereffective|p2a: Tyranitar|1\n|-damage|p2a: Tyranitar|75/100\n|-heal|p1b: Sinistcha|89/100|[from] drain|[of] p2a: Tyranitar\n|-damage|p2b: Excadrill|64/100\n|-heal|p1b: Sinistcha|100/100|[from] drain|[of] p2b: Excadrill\n|move|p2a: Tyranitar|Knock Off|p1b: Sinistcha\n|-supereffective|p1b: Sinistcha|1\n|-damage|p1b: Sinistcha|37/100\n|-enditem|p1b: Sinistcha|Occa Berry|[from] move: Knock Off|[of] p2a: Tyranitar\n|move|p1a: Audino|Life Dew|p1a: Audino|[spread] p1a,p1b\n|-heal|p1a: Audino|99/100\n|-heal|p1b: Sinistcha|62/100\n|\n|-weather|Sandstorm|[upkeep]\n|-damage|p1b: Sinistcha|56/100|[from] Sandstorm\n|-damage|p1a: Audino|92/100|[from] Sandstorm\n|upkeep\n|turn|3\n|inactive|RegILiker2308 has 30 seconds left.\n|\n|t:|1788394142\n|move|p2b: Excadrill|Iron Head|p1a: Audino\n|-supereffective|p1a: Audino|1\n|-damage|p1a: Audino|60/100\n|move|p1b: Sinistcha|Matcha Gotcha|p2a: Tyranitar|[spread] p2a,p2b\n|-supereffective|p2a: Tyranitar|1\n|-crit|p2a: Tyranitar\n|-damage|p2a: Tyranitar|40/100\n|-heal|p1b: Sinistcha|76/100|[from] drain|[of] p2a: Tyranitar\n|-damage|p2b: Excadrill|28/100\n|-heal|p1b: Sinistcha|96/100|[from] drain|[of] p2b: Excadrill\n|-status|p2a: Tyranitar|brn\n|move|p2a: Tyranitar|Rock Slide|p1b: Sinistcha|[spread] p1a\n|-miss|p2a: Tyranitar|p1b: Sinistcha\n|-damage|p1a: Audino|52/100\n|cant|p1a: Audino|flinch\n|\n|-weather|Sandstorm|[upkeep]\n|-damage|p1b: Sinistcha|89/100|[from] Sandstorm\n|-damage|p1a: Audino|46/100|[from] Sandstorm\n|-damage|p2a: Tyranitar|34/100 brn|[from] brn\n|upkeep\n|turn|4\n|\n|t:|1788394166\n|move|p2b: Excadrill|Rock Slide|p1b: Sinistcha|[spread] p1a,p1b\n|-damage|p1a: Audino|40/100\n|-damage|p1b: Sinistcha|80/100\n|cant|p1b: Sinistcha|flinch\n|move|p2a: Tyranitar|Knock Off|p1b: Sinistcha\n|-supereffective|p1b: Sinistcha|1\n|-damage|p1b: Sinistcha|57/100\n|move|p1a: Audino|Life Dew|p1a: Audino|[spread] p1a,p1b\n|-heal|p1a: Audino|65/100\n|-heal|p1b: Sinistcha|83/100\n|\n|-weather|Sandstorm|[upkeep]\n|-damage|p1b: Sinistcha|76/100|[from] Sandstorm\n|-damage|p1a: Audino|59/100|[from] Sandstorm\n|-damage|p2a: Tyranitar|28/100 brn|[from] brn\n|upkeep\n|turn|5\n|\n|t:|1788394187\n|move|p2b: Excadrill|Iron Head|p1a: Audino\n|-supereffective|p1a: Audino|1\n|-damage|p1a: Audino|28/100\n|move|p1b: Sinistcha|Matcha Gotcha|p2b: Excadrill|[spread] p2a,p2b\n|-supereffective|p2a: Tyranitar|1\n|-damage|p2a: Tyranitar|4/100 brn\n|-heal|p1b: Sinistcha|91/100|[from] drain|[of] p2a: Tyranitar\n|-damage|p2b: Excadrill|0 fnt\n|-heal|p1b: Sinistcha|100/100|[from] drain|[of] p2b: Excadrill\n|faint|p2b: Excadrill\n|move|p2a: Tyranitar|Rock Slide|p1a: Audino|[spread] p1a,p1b\n|-damage|p1a: Audino|21/100\n|-damage|p1b: Sinistcha|91/100\n|move|p1a: Audino|Life Dew|p1a: Audino|[spread] p1a,p1b\n|-heal|p1a: Audino|47/100\n|-heal|p1b: Sinistcha|100/100\n|\n|-weather|none\n|-damage|p2a: Tyranitar|0 fnt|[from] brn\n|faint|p2a: Tyranitar\n|-sideend|p1: A Pocket Sandwich|Reflect\n|upkeep\n|\n|t:|1788394197\n|switch|p2b: Farigiraf|Farigiraf, L50, M|100/100\n|switch|p2a: Passimian|Passimian, L50, F|100/100\n|turn|6\n|\n|t:|1788394221\n|move|p1b: Sinistcha|Rage Powder|p1b: Sinistcha\n|-singleturn|p1b: Sinistcha|move: Rage Powder\n|move|p2a: Passimian|Knock Off|p1b: Sinistcha\n|-supereffective|p1b: Sinistcha|1\n|-damage|p1b: Sinistcha|68/100\n|move|p1a: Audino|Reflect|p1a: Audino\n|-sidestart|p1: A Pocket Sandwich|Reflect\n|move|p2b: Farigiraf|Nasty Plot|p2b: Farigiraf\n|-boost|p2b: Farigiraf|spa|2\n|\n|upkeep\n|turn|7\n|\n|t:|1788394239\n|move|p2a: Passimian|Knock Off|p1b: Sinistcha\n|-supereffective|p1b: Sinistcha|1\n|-damage|p1b: Sinistcha|47/100\n|move|p1b: Sinistcha|Matcha Gotcha|p2b: Farigiraf|[spread] p2a,p2b\n|-damage|p2a: Passimian|61/100\n|-heal|p1b: Sinistcha|67/100|[from] drain|[of] p2a: Passimian\n|-damage|p2b: Farigiraf|81/100\n|-heal|p1b: Sinistcha|79/100|[from] drain|[of] p2b: Farigiraf\n|-status|p2b: Farigiraf|brn\n|move|p1a: Audino|Light Screen|p1a: Audino\n|-sidestart|p1: A Pocket Sandwich|move: Light Screen\n|move|p2b: Farigiraf|Psychic|p1b: Sinistcha\n|-damage|p1b: Sinistcha|25/100\n|\n|-damage|p2b: Farigiraf|74/100 brn|[from] brn\n|upkeep\n|turn|8\n|inactive|RegILiker2308 has 30 seconds left.\n|\n|t:|1788394265\n|move|p2a: Passimian|Knock Off|p1b: Sinistcha\n|-supereffective|p1b: Sinistcha|1\n|-damage|p1b: Sinistcha|5/100\n|move|p1b: Sinistcha|Matcha Gotcha|p2b: Farigiraf|[spread] p2a\n|-miss|p1b: Sinistcha|p2b: Farigiraf\n|-damage|p2a: Passimian|26/100\n|-heal|p1b: Sinistcha|23/100|[from] drain|[of] p2a: Passimian\n|move|p1a: Audino|Life Dew|p1a: Audino|[spread] p1a,p1b\n|-heal|p1a: Audino|72/100\n|-heal|p1b: Sinistcha|48/100\n|move|p2b: Farigiraf|Psychic|p1a: Audino\n|-damage|p1a: Audino|39/100\n|\n|-damage|p2b: Farigiraf|68/100 brn|[from] brn\n|upkeep\n|turn|9\n|\n|t:|1788394285\n|move|p2a: Passimian|Knock Off|p1b: Sinistcha\n|-supereffective|p1b: Sinistcha|1\n|-damage|p1b: Sinistcha|28/100\n|move|p1b: Sinistcha|Matcha Gotcha|p2b: Farigiraf|[spread] p2a,p2b\n|-damage|p2a: Passimian|0 fnt\n|-heal|p1b: Sinistcha|42/100|[from] drain|[of] p2a: Passimian\n|-damage|p2b: Farigiraf|48/100 brn\n|-heal|p1b: Sinistcha|55/100|[from] drain|[of] p2b: Farigiraf\n|-enditem|p2b: Farigiraf|Sitrus Berry|[eat]\n|-heal|p2b: Farigiraf|73/100 brn|[from] item: Sitrus Berry\n|faint|p2a: Passimian\n|move|p1a: Audino|Life Dew|p1a: Audino|[spread] p1a,p1b\n|-heal|p1a: Audino|64/100\n|-heal|p1b: Sinistcha|80/100\n|move|p2b: Farigiraf|Psychic|p1a: Audino\n|-damage|p1a: Audino|33/100\n|\n|-damage|p2b: Farigiraf|67/100 brn|[from] brn\n|upkeep\n|turn|10\n|c|☆RegILiker2308|Bastard\n|inactive|RegILiker2308 has 30 seconds left.\n|n|!RegILiker2308|regiliker2308\n|-message|RegILiker2308 forfeited.\n|\n|win|A Pocket Sandwich\n","uploadtime":1788394311,"views":"12","formatid":"gen9championsvgc2026regmb","rating":null,"private":0,"password":null}