{"id":"gen9championsvgc2026regmb-2674659546","format":"[Gen 9 Champions] VGC 2026 Reg M-B","players":["Benjeejump","Cyterics"],"log":"|j|☆Benjeejump\n|j|☆Cyterics\n|t:|1788386439\n|gametype|doubles\n|player|p1|Benjeejump|thorton|\n|player|p2|Cyterics|102|\n|gen|9\n|tier|[Gen 9 Champions] VGC 2026 Reg M-B\n|rule|Species Clause: Limit one of each Pokémon\n|rule|Item Clause: Limit 1 of each item\n|clearpoke\n|poke|p1|Drampa, L50, F|\n|poke|p1|Farigiraf, L50, F|\n|poke|p1|Sinistcha-Masterpiece, L50|\n|poke|p1|Crabominable, L50, M|\n|poke|p1|Sylveon, L50, M|\n|poke|p1|Kangaskhan, L50, F|\n|poke|p2|Sableye, L50, M|\n|poke|p2|Toxapex, L50, M|\n|poke|p2|Clefable, L50, M|\n|poke|p2|Kingambit, L50, F|\n|poke|p2|Salazzle, L50, F|\n|poke|p2|Steelix, L50, F|\n|teampreview|4\n|j| Caterpiiiiiiiiiii\nCyterics has agreed to open team sheets.\nBenjeejump has agreed to open team sheets.\n|showteam|p1|Drampa||Drampanite|CloudNine|HyperVoice,DragonPulse,HeatWave,EarthPower|Quiet||F|||50|]Farigiraf||SitrusBerry|ArmorTail|TrickRoom,Psychic,HelpingHand,Thunderbolt|Quiet||F|||50|]Sinistcha-Masterpiece||OccaBerry|Hospitality|RagePowder,MatchaGotcha,StrengthSap,TrickRoom|Relaxed|||||50|]Crabominable||Crabominite|IronFist|IceHammer,DrainPunch,MachPunch,ThunderPunch|Brave||M|||50|]Sylveon||FairyFeather|Pixilate|HyperVoice,HyperBeam,QuickAttack,Protect|Quiet||M|||50|]Kangaskhan||LifeOrb|Scrappy|FakeOut,LastResort|Brave||F|||50|\n|showteam|p2|Sableye||Sablenite|Prankster|CalmMind,Recover,Protect,ShadowBall|Bold||M|||50|]Toxapex||Leftovers|Regenerator|Toxic,BanefulBunker,Lunge,WideGuard|Impish||M|||50|]Clefable||MentalHerb|Unaware|FollowMe,Protect,Wish,Moonblast|Calm||M|||50|]Kingambit||BlackGlasses|SupremeOverlord|SuckerPunch,KowtowCleave,IronHead,Protect|Adamant||F|||50|]Salazzle||LifeOrb|Corrosion|Toxic,SludgeBomb,Flamethrower,Protect|Timid||F|||50|]Steelix||Steelixite|Sturdy|WideGuard,Protect,HighHorsepower,HeavySlam|Impish||F|||50|\n|\n|t:|1788386483\n|teamsize|p1|4\n|teamsize|p2|4\n|start\n|switch|p1a: STEAMPOWERED|Farigiraf, L50, F|100/100\n|switch|p1b: Kangaskhan|Kangaskhan, L50, F|100/100\n|switch|p2a: Salazzle|Salazzle, L50, F|100/100\n|switch|p2b: Clefable|Clefable, L50, M|100/100\n|turn|1\n|\n|t:|1788386499\n|switch|p2a: Kingambit|Kingambit, L50, F|100/100\n|move|p1b: Kangaskhan|Fake Out|p2a: Kingambit\n|-resisted|p2a: Kingambit|1\n|-damage|p2a: Kingambit|91/100\n|-damage|p1b: Kangaskhan|90/100|[from] item: Life Orb\n|move|p2b: Clefable|Moonblast|p1a: STEAMPOWERED\n|-crit|p1a: STEAMPOWERED\n|-damage|p1a: STEAMPOWERED|42/100\n|-enditem|p1a: STEAMPOWERED|Sitrus Berry|[eat]\n|-heal|p1a: STEAMPOWERED|67/100|[from] item: Sitrus Berry\n|move|p1a: STEAMPOWERED|Trick Room|p1a: STEAMPOWERED\n|-fieldstart|move: Trick Room|[of] p1a: STEAMPOWERED\n|\n|upkeep\n|turn|2\n|\n|t:|1788386515\n|move|p2b: Clefable|Follow Me|p2b: Clefable\n|-singleturn|p2b: Clefable|move: Follow Me\n|move|p2a: Kingambit|Kowtow Cleave|p1a: STEAMPOWERED\n|-supereffective|p1a: STEAMPOWERED|1\n|-damage|p1a: STEAMPOWERED|0 fnt\n|faint|p1a: STEAMPOWERED\n|move|p1b: Kangaskhan|Last Resort|p2b: Clefable\n|-damage|p2b: Clefable|5/100\n|-damage|p1b: Kangaskhan|80/100|[from] item: Life Orb\n|\n|upkeep\n|\n|t:|1788386519\n|switch|p1a: GRAMPS|Drampa, L50, F|100/100\n|-ability|p1a: GRAMPS|Cloud Nine\n|turn|3\n|c| Caterpiiiiiiiiiii|holy\n|c| Caterpiiiiiiiiiii|jp we made a demon with that kangha\n|c|☆Benjeejump|i don't know where they've been hiding this thing\n|c| Caterpiiiiiiiiiii|no clue\n|\n|t:|1788386553\n|switch|p2b: Steelix|Steelix, L50, F|100/100\n|detailschange|p1a: GRAMPS|Drampa-Mega, L50, F\n|-mega|p1a: GRAMPS|Drampa|Drampanite\n|move|p2a: Kingambit|Protect|p2a: Kingambit\n|-singleturn|p2a: Kingambit|Protect\n|move|p1a: GRAMPS|Heat Wave|p2a: Kingambit|[spread] p2b\n|-activate|p2a: Kingambit|move: Protect\n|-supereffective|p2b: Steelix|1\n|-damage|p2b: Steelix|19/100\n|move|p1b: Kangaskhan|Last Resort|p2a: Kingambit\n|-activate|p2a: Kingambit|move: Protect\n|\n|upkeep\n|turn|4\n|\n|t:|1788386582\n|detailschange|p2b: Steelix|Steelix-Mega, L50, F\n|-mega|p2b: Steelix|Steelix|Steelixite\n|move|p2a: Kingambit|Sucker Punch|p1a: GRAMPS\n|-damage|p1a: GRAMPS|54/100\n|move|p1a: GRAMPS|Earth Power|p2a: Kingambit\n|-supereffective|p2a: Kingambit|1\n|-damage|p2a: Kingambit|13/100\n|move|p2b: Steelix|Heavy Slam|p1a: GRAMPS\n|-crit|p1a: GRAMPS\n|-damage|p1a: GRAMPS|3/100\n|-ability|p1a: GRAMPS|Berserk|boost\n|-boost|p1a: GRAMPS|spa|1\n|move|p1b: Kangaskhan|Last Resort|p2a: Kingambit\n|-resisted|p2a: Kingambit|1\n|-damage|p2a: Kingambit|0 fnt\n|faint|p2a: Kingambit\n|-end|p2a: Kingambit|fallenundefined|[silent]\n|-damage|p1b: Kangaskhan|70/100|[from] item: Life Orb\n|\n|upkeep\n|\n|t:|1788386597\n|switch|p2a: Clefable|Clefable, L50, M|5/100\n|turn|5\n|c| Caterpiiiiiiiiiii|i wish\n|c| Caterpiiiiiiiiiii|drampa had drizzle as the mega ability\n|\n|t:|1788386620\n|move|p2b: Steelix|Protect|p2b: Steelix\n|-singleturn|p2b: Steelix|Protect\n|move|p2a: Clefable|Protect|p2a: Clefable\n|-singleturn|p2a: Clefable|Protect\n|move|p1a: GRAMPS|Heat Wave|p2a: Clefable|[spread] \n|-activate|p2a: Clefable|move: Protect\n|-activate|p2b: Steelix|move: Protect\n|move|p1b: Kangaskhan|Last Resort|p2a: Clefable\n|-activate|p2a: Clefable|move: Protect\n|\n|-fieldend|move: Trick Room\n|upkeep\n|turn|6\n|c| Caterpiiiiiiiiiii|or something better\n|c|☆Benjeejump|berserk isn't *that* bad\n|c| Caterpiiiiiiiiiii|jp it might be a me issue ngl\n|\n|t:|1788386650\n|move|p2a: Clefable|Follow Me|p2a: Clefable\n|-singleturn|p2a: Clefable|move: Follow Me\n|move|p1b: Kangaskhan|Last Resort|p2a: Clefable\n|-damage|p2a: Clefable|0 fnt\n|faint|p2a: Clefable\n|-damage|p1b: Kangaskhan|60/100|[from] item: Life Orb\n|move|p1a: GRAMPS|Earth Power|p2b: Steelix\n|-supereffective|p2b: Steelix|1\n|-damage|p2b: Steelix|0 fnt\n|faint|p2b: Steelix\n|\n|upkeep\n|c| Caterpiiiiiiiiiii|not a team issue\n|\n|t:|1788386660\n|switch|p2b: Salazzle|Salazzle, L50, F|100/100\n|turn|7\n|c|☆Benjeejump|i did edit the team a bit\n|c| Caterpiiiiiiiiiii|still\n|c|☆Benjeejump|i do think i can give you a good enough guide on how to use it\n|c|☆Cyterics|Oh man heatwave would’ve been nice\n|\n|t:|1788386677\n|move|p2b: Salazzle|Flamethrower|p1a: GRAMPS\n|-resisted|p1a: GRAMPS|1\n|-damage|p1a: GRAMPS|0 fnt\n|faint|p1a: GRAMPS\n|-damage|p2b: Salazzle|90/100|[from] item: Life Orb\n|move|p1b: Kangaskhan|Last Resort|p2b: Salazzle\n|-damage|p2b: Salazzle|0 fnt\n|faint|p2b: Salazzle\n|-damage|p1b: Kangaskhan|50/100y|[from] item: Life Orb\n|\n|win|Benjeejump\n","uploadtime":1788386687,"views":"4","formatid":"gen9championsvgc2026regmb","rating":null,"private":0,"password":null}