{"id":"gen9championsvgc2026regmbbo3-2673857259","format":"[Gen 9 Champions] VGC 2026 Reg M-B (Bo3)","players":["Thuyffr","humania1"],"log":"|j|‽Thuyffr\n|j|☆humania1\n|html|<table width=\"100%\"><tr><td align=\"left\">Thuyffr</td><td align=\"right\">humania1</tr><tr><td align=\"left\"><i class=\"fa fa-circle-o\"></i> <i class=\"fa fa-circle-o\"></i> </td><td align=\"right\"><i class=\"fa fa-circle-o\"></i> <i class=\"fa fa-circle-o\"></i> </tr></table>\n|uhtml|bestof|<h2><strong>Game 1</strong> of <a href=\"/game-bestof3-gen9championsvgc2026regmbbo3-2673857258\">a best-of-3</a></h2>\n|t:|1788269317\n|gametype|doubles\n|player|p1|Thuyffr|170|1000\n|player|p2|humania1|265|1016\n|gen|9\n|tier|[Gen 9 Champions] VGC 2026 Reg M-B (Bo3)\n|rated|\n|rule|Species Clause: Limit one of each Pokémon\n|rule|Item Clause: Limit 1 of each item\n|clearpoke\n|poke|p1|Corviknight, L50, F, shiny|\n|poke|p1|Dragapult, L50, M|\n|poke|p1|Lycanroc, L50, F, shiny|\n|poke|p1|Tyranitar, L50, M, shiny|\n|poke|p1|Mamoswine, L50, F|\n|poke|p1|Farigiraf, L50, F, shiny|\n|poke|p2|Blastoise, L50, F|\n|poke|p2|Delphox, L50, M, shiny|\n|poke|p2|Incineroar, L50, M|\n|poke|p2|Sinistcha, L50|\n|poke|p2|Sneasler, L50, F|\n|poke|p2|Vivillon, L50, M|\n|teampreview|4\n|showteam|p1|Corviknight||Leftovers|MirrorArmor|IronDefense,BodyPress,Protect,BraveBird|Relaxed||F|||50|]Dragapult||LifeOrb|ClearBody|ShadowBall,DracoMeteor,Protect,FireBlast|Hasty||M|||50|]Lycanroc||FocusSash|SandRush|CloseCombat,RockSlide,Protect,Accelerock|Adamant||F|||50|]Tyranitar||Tyranitarite|SandStream|KnockOff,RockSlide,Protect,DragonDance|Adamant||M|||50|]Mamoswine||ExpertBelt|Oblivious|IcicleCrash,Earthquake,Protect,Haze|Jolly||F|||50|]Farigiraf||ColburBerry|ArmorTail|TwinBeam,TrickRoom,Protect,HelpingHand|Sassy||F|||50|\n|showteam|p2|Blastoise||Blastoisinite|Torrent|Protect,ShellSmash,WaterSpout,DarkPulse|Modest||F|||50|]Delphox||Delphoxite|Blaze|Protect,HeatWave,Psyshock,NastyPlot|Timid||M|||50|]Incineroar||PasshoBerry|Intimidate|FakeOut,PartingShot,FlareBlitz,ThroatChop|Impish||M|||50|]Sinistcha||SitrusBerry|Hospitality|Protect,MatchaGotcha,TrickRoom,RagePowder|Bold|||||50|]Sneasler||FocusSash|PoisonTouch|QuickGuard,FakeOut,CloseCombat,DireClaw|Jolly||F|||50|]Vivillon||ChoiceScarf|CompoundEyes|Hurricane,SleepPowder,RagePowder,Uturn|Timid||M|||50|\n|inactive|Battle timer is ON: inactive players will automatically lose when time's up. (requested by humania1)\n|\n|t:|1788269326\n|teamsize|p1|4\n|teamsize|p2|4\n|start\n|switch|p1a: Corviknight|Corviknight, L50, F, shiny|100/100\n|switch|p1b: Farigiraf|Farigiraf, L50, F, shiny|100/100\n|switch|p2a: Blastoise|Blastoise, L50, F|100/100\n|switch|p2b: Incineroar|Incineroar, L50, M|100/100\n|-ability|p2b: Incineroar|Intimidate|boost\n|-ability|p1a: Corviknight|Mirror Armor\n|-unboost|p2b: Incineroar|atk|1\n|-unboost|p1b: Farigiraf|atk|1\n|turn|1\n|\n|t:|1788269339\n|detailschange|p2a: Blastoise|Blastoise-Mega, L50, F\n|-mega|p2a: Blastoise|Blastoise|Blastoisinite\n|move|p2a: Blastoise|Water Spout|p1b: Farigiraf|[spread] p1a,p1b\n|-damage|p1a: Corviknight|42/100\n|-damage|p1b: Farigiraf|47/100\n|move|p2b: Incineroar|Flare Blitz|p1a: Corviknight\n|-supereffective|p1a: Corviknight|1\n|-damage|p1a: Corviknight|1/100\n|-status|p1a: Corviknight|brn\n|-damage|p2b: Incineroar|87/100|[from] Recoil\n|move|p1a: Corviknight|Iron Defense|p1a: Corviknight\n|-boost|p1a: Corviknight|def|2\n|move|p1b: Farigiraf|Trick Room|p1b: Farigiraf\n|-fieldstart|move: Trick Room|[of] p1b: Farigiraf\n|\n|-heal|p1a: Corviknight|6/100 brn|[from] item: Leftovers\n|-damage|p1a: Corviknight|1/100 brn|[from] brn\n|upkeep\n|turn|2\n|\n|t:|1788269354\n|move|p1b: Farigiraf|Helping Hand|p1a: Corviknight\n|-singleturn|p1a: Corviknight|Helping Hand|[of] p1b: Farigiraf\n|move|p1a: Corviknight|Body Press|p2b: Incineroar\n|-supereffective|p2b: Incineroar|1\n|-damage|p2b: Incineroar|26/100\n|move|p2b: Incineroar|Throat Chop|p1b: Farigiraf\n|-supereffective|p1b: Farigiraf|1\n|-enditem|p1b: Farigiraf|Colbur Berry|[eat]\n|-enditem|p1b: Farigiraf|Colbur Berry|[weaken]\n|-damage|p1b: Farigiraf|28/100\n|-start|p1b: Farigiraf|Throat Chop|[silent]\n|move|p2a: Blastoise|Water Spout|p1a: Corviknight|[spread] p1a,p1b\n|-damage|p1a: Corviknight|0 fnt\n|-damage|p1b: Farigiraf|0 fnt\n|faint|p1a: Corviknight\n|faint|p1b: Farigiraf\n|\n|upkeep\n|\n|t:|1788269360\n|switch|p1b: Lycanroc|Lycanroc, L50, F, shiny|100/100\n|switch|p1a: Tyranitar|Tyranitar, L50, M, shiny|100/100\n|-weather|Sandstorm|[from] ability: Sand Stream|[of] p1a: Tyranitar\n|turn|3\n|\n|t:|1788269371\n|switch|p2b: Sinistcha|Sinistcha, L50|100/100\n|move|p1b: Lycanroc|Protect|p1b: Lycanroc\n|-singleturn|p1b: Lycanroc|Protect\n|move|p1a: Tyranitar|Rock Slide|p2b: Sinistcha|[spread] p2a,p2b\n|-damage|p2a: Blastoise|72/100\n|-damage|p2b: Sinistcha|75/100\n|move|p2a: Blastoise|Water Spout|p1a: Tyranitar|[spread] p1a\n|-activate|p1b: Lycanroc|move: Protect\n|-supereffective|p1a: Tyranitar|1\n|-damage|p1a: Tyranitar|43/100\n|\n|-weather|Sandstorm|[upkeep]\n|-damage|p2b: Sinistcha|69/100|[from] Sandstorm\n|-damage|p2a: Blastoise|65/100|[from] Sandstorm\n|upkeep\n|turn|4\n|\n|t:|1788269387\n|detailschange|p1a: Tyranitar|Tyranitar-Mega, L50, M, shiny\n|-mega|p1a: Tyranitar|Tyranitar|Tyranitarite\n|move|p2b: Sinistcha|Matcha Gotcha|p1a: Tyranitar|[spread] p1a,p1b\n|-supereffective|p1a: Tyranitar|1\n|-supereffective|p1b: Lycanroc|1\n|-damage|p1a: Tyranitar|20/100y\n|-heal|p2b: Sinistcha|82/100|[from] drain|[of] p1a: Tyranitar\n|-damage|p1b: Lycanroc|43/100\n|-heal|p2b: Sinistcha|100/100|[from] drain|[of] p1b: Lycanroc\n|-status|p1b: Lycanroc|brn\n|move|p1a: Tyranitar|Knock Off|p2b: Sinistcha\n|-supereffective|p2b: Sinistcha|1\n|-damage|p2b: Sinistcha|0 fnt\n|-enditem|p2b: Sinistcha|Sitrus Berry|[from] move: Knock Off|[of] p1a: Tyranitar\n|faint|p2b: Sinistcha\n|move|p2a: Blastoise|Dark Pulse|p1b: Lycanroc\n|-damage|p1b: Lycanroc|0 fnt\n|faint|p1b: Lycanroc\n|\n|-weather|Sandstorm|[upkeep]\n|-damage|p2a: Blastoise|59/100|[from] Sandstorm\n|upkeep\n|\n|t:|1788269387\n|switch|p2b: Incineroar|Incineroar, L50, M|26/100\n|-ability|p2b: Incineroar|Intimidate|boost\n|-unboost|p1a: Tyranitar|atk|1\n|turn|5\n|\n|t:|1788269395\n|move|p1a: Tyranitar|Rock Slide|p2a: Blastoise|[spread] p2a,p2b\n|-supereffective|p2b: Incineroar|1\n|-crit|p2b: Incineroar\n|-damage|p2a: Blastoise|39/100\n|-damage|p2b: Incineroar|0 fnt\n|faint|p2b: Incineroar\n|move|p2a: Blastoise|Water Spout|p1a: Tyranitar\n|-supereffective|p1a: Tyranitar|1\n|-damage|p1a: Tyranitar|0 fnt\n|faint|p1a: Tyranitar\n|\n|win|humania1\n","uploadtime":1788269395,"views":"4","formatid":"gen9championsvgc2026regmbbo3","rating":null,"private":0,"password":null}