{"id":"gen9championsvgc2026regmb-2674217028","format":"[Gen 9 Champions] VGC 2026 Reg M-B","players":["minamisimp","sunwind"],"log":"|j|☆minamisimp\n|j|☆sunwind\n|t:|1788317105\n|gametype|doubles\n|player|p1|minamisimp|265|\n|player|p2|sunwind|266|\n|gen|9\n|tier|[Gen 9 Champions] VGC 2026 Reg M-B\n|rated|Tournament battle\n|rule|Species Clause: Limit one of each Pokémon\n|rule|Item Clause: Limit 1 of each item\n|raw|<div class=\"infobox\"><details class=\"readmore\" open><summary><strong>1 custom rule:</strong></summary> Force Open Team Sheets</details></div>\n|clearpoke\n|poke|p1|Charizard, L50, M|\n|poke|p1|Glimmora, L50, M|\n|poke|p1|Whimsicott, L50, F|\n|poke|p1|Ninetales-Alola, L50, F|\n|poke|p1|Kingambit, L50, M|\n|poke|p1|Kommo-o, L50, M|\n|poke|p2|Charizard, L50, F|\n|poke|p2|Venusaur, L50, F|\n|poke|p2|Pelipper, L50, F|\n|poke|p2|Grimmsnarl, L50, M|\n|poke|p2|Archaludon, L50, F|\n|poke|p2|Swampert, L50, M|\n|teampreview|4\n|showteam|p1|Charizard||CharizarditeY|Blaze|HeatWave,WeatherBall,SolarBeam,Protect|Modest||M|||50|]Glimmora||Glimmoranite|ToxicDebris|SludgeBomb,PowerGem,EarthPower,SpikyShield|Modest||M|||50|]Whimsicott||FocusSash|Prankster|Moonblast,Tailwind,Encore,Protect|Timid||F|||50|]Ninetales-Alola||NeverMeltIce|SnowWarning|Blizzard,FreezeDry,Disable,Protect|Timid||F|||50|]Kingambit||BlackGlasses|Defiant|KowtowCleave,SuckerPunch,IronHead,Protect|Adamant||M|||50|]Kommo-o||LifeOrb|Overcoat|ClangingScales,AuraSphere,VacuumWave,Protect|Modest||M|||50|\n|showteam|p2|Charizard||CharizarditeY|Blaze|HeatWave,WeatherBall,SolarBeam,Protect|Modest||F|||50|]Venusaur||FocusSash|Chlorophyll|SludgeBomb,EarthPower,SleepPowder,Protect|Timid||F|||50|]Pelipper||SitrusBerry|Drizzle|Hurricane,WeatherBall,WideGuard,Protect|Bold||F|||50|]Grimmsnarl||LightClay|Prankster|SpiritBreak,Reflect,LightScreen,PartingShot|Careful||M|||50|]Archaludon||Leftovers|Stamina|ElectroShot,FlashCannon,DracoMeteor,Protect|Modest||F|||50|]Swampert||Swampertite|Torrent|WaveCrash,Earthquake,StompingTantrum,Protect|Adamant||M|||50|\n|j| mbtunst\n|c|☆sunwind|glhf\n|j|#Radio Free C-Side\n|inactive|Battle timer is ON: inactive players will automatically lose when time's up. (requested by sunwind)\n|j| merdico\n|j| TG511\n|inactive|minamisimp has 60 seconds left.\n|inactive|sunwind has 60 seconds left.\n|j|%defiantvgc\n|\n|t:|1788317171\n|teamsize|p1|4\n|teamsize|p2|4\n|start\n|switch|p1a: Kommo-o|Kommo-o, L50, M|100/100\n|switch|p1b: Kingambit|Kingambit, L50, M|100/100\n|switch|p2a: Grimmsnarl|Grimmsnarl, L50, M|100/100\n|switch|p2b: Swampert|Swampert, L50, M|100/100\n|turn|1\n|\n|t:|1788317189\n|detailschange|p2b: Swampert|Swampert-Mega, L50, M\n|-mega|p2b: Swampert|Swampert|Swampertite\n|move|p1a: Kommo-o|Aura Sphere|p2a: Grimmsnarl\n|-damage|p2a: Grimmsnarl|58/100\n|-damage|p1a: Kommo-o|90/100|[from] item: Life Orb\n|move|p2b: Swampert|Stomping Tantrum|p1b: Kingambit\n|-supereffective|p1b: Kingambit|1\n|-damage|p1b: Kingambit|24/100\n|move|p1b: Kingambit|Iron Head|p2a: Grimmsnarl\n|-supereffective|p2a: Grimmsnarl|1\n|-damage|p2a: Grimmsnarl|0 fnt\n|faint|p2a: Grimmsnarl\n|\n|upkeep\n|j| Leafeon Enjoyer\n|\n|t:|1788317201\n|switch|p2a: Pelipper|Pelipper, L50, F|100/100\n|-weather|RainDance|[from] ability: Drizzle|[of] p2a: Pelipper\n|turn|2\n|\n|t:|1788317212\n|move|p1a: Kommo-o|Protect|p1a: Kommo-o\n|-singleturn|p1a: Kommo-o|Protect\n|move|p1b: Kingambit|Sucker Punch|p2a: Pelipper\n|-damage|p2a: Pelipper|60/100\n|move|p2b: Swampert|Earthquake|p1a: Kommo-o|[spread] p1b\n|-activate|p1a: Kommo-o|move: Protect\n|-immune|p2a: Pelipper\n|-supereffective|p1b: Kingambit|1\n|-damage|p1b: Kingambit|0 fnt\n|faint|p1b: Kingambit\n|move|p2a: Pelipper|Hurricane|p1a: Kommo-o\n|-activate|p1a: Kommo-o|move: Protect\n|\n|-weather|RainDance|[upkeep]\n|upkeep\n|\n|t:|1788317214\n|switch|p1b: Charizard|Charizard, L50, M|100/100\n|turn|3\n|inactive|sunwind has 30 seconds left.\n|\n|t:|1788317249\n|detailschange|p1b: Charizard|Charizard-Mega-Y, L50, M\n|-mega|p1b: Charizard|Charizard|Charizardite Y\n|-weather|SunnyDay|[from] ability: Drought|[of] p1b: Charizard\n|move|p1a: Kommo-o|Aura Sphere|p2a: Pelipper\n|-resisted|p2a: Pelipper|1\n|-damage|p2a: Pelipper|25/100\n|-enditem|p2a: Pelipper|Sitrus Berry|[eat]\n|-heal|p2a: Pelipper|50/100g|[from] item: Sitrus Berry\n|-damage|p1a: Kommo-o|80/100|[from] item: Life Orb\n|move|p1b: Charizard|Heat Wave|p2a: Pelipper|[spread] p2a,p2b\n|-resisted|p2a: Pelipper|1\n|-resisted|p2b: Swampert|1\n|-damage|p2a: Pelipper|9/100\n|-damage|p2b: Swampert|72/100\n|move|p2b: Swampert|Wave Crash|p1b: Charizard\n|-supereffective|p1b: Charizard|1\n|-damage|p1b: Charizard|22/100\n|-damage|p2b: Swampert|48/100|[from] Recoil\n|move|p2a: Pelipper|Hurricane|p1a: Kommo-o|[miss]\n|-miss|p2a: Pelipper|p1a: Kommo-o\n|\n|-weather|SunnyDay|[upkeep]\n|upkeep\n|turn|4\n|inactive|sunwind has 30 seconds left.\n|\n|t:|1788317281\n|move|p2b: Swampert|Protect|p2b: Swampert\n|-singleturn|p2b: Swampert|Protect\n|move|p2a: Pelipper|Protect|p2a: Pelipper\n|-singleturn|p2a: Pelipper|Protect\n|move|p1a: Kommo-o|Aura Sphere|p2a: Pelipper\n|-activate|p2a: Pelipper|move: Protect\n|move|p1b: Charizard|Solar Beam||[still]\n|-prepare|p1b: Charizard|Solar Beam\n|-anim|p1b: Charizard|Solar Beam|p2b: Swampert\n|-activate|p2b: Swampert|move: Protect\n|\n|-weather|SunnyDay|[upkeep]\n|upkeep\n|turn|5\n|inactive|sunwind has 30 seconds left.\n|\n|t:|1788317313\n|switch|p2a: Archaludon|Archaludon, L50, F|100/100\n|move|p2b: Swampert|Protect|p2b: Swampert\n|-singleturn|p2b: Swampert|Protect\n|move|p1a: Kommo-o|Aura Sphere|p2a: Archaludon\n|-supereffective|p2a: Archaludon|1\n|-damage|p2a: Archaludon|0 fnt\n|faint|p2a: Archaludon\n|-damage|p1a: Kommo-o|70/100|[from] item: Life Orb\n|move|p1b: Charizard|Solar Beam||[still]\n|-prepare|p1b: Charizard|Solar Beam\n|-anim|p1b: Charizard|Solar Beam|p2b: Swampert\n|-activate|p2b: Swampert|move: Protect\n|\n|-weather|SunnyDay|[upkeep]\n|upkeep\n|\n|t:|1788317327\n|switch|p2a: Pelipper|Pelipper, L50, F|9/100\n|-weather|RainDance|[from] ability: Drizzle|[of] p2a: Pelipper\n|turn|6\n|\n|t:|1788317348\n|switch|p1b: Whimsicott|Whimsicott, L50, F|100/100\n|move|p2a: Pelipper|Protect|p2a: Pelipper\n|-singleturn|p2a: Pelipper|Protect\n|move|p1a: Kommo-o|Vacuum Wave|p2a: Pelipper\n|-activate|p2a: Pelipper|move: Protect\n|move|p2b: Swampert|Stomping Tantrum|p1a: Kommo-o\n|-damage|p1a: Kommo-o|22/100\n|\n|-weather|RainDance|[upkeep]\n|upkeep\n|turn|7\n|\n|t:|1788317364\n|move|p1a: Kommo-o|Protect|p1a: Kommo-o\n|-singleturn|p1a: Kommo-o|Protect\n|move|p2a: Pelipper|Protect|p2a: Pelipper\n|-singleturn|p2a: Pelipper|Protect\n|move|p1b: Whimsicott|Encore|p2a: Pelipper\n|-activate|p2a: Pelipper|move: Protect\n|move|p2b: Swampert|Earthquake|p1a: Kommo-o|[spread] p1b\n|-activate|p2a: Pelipper|move: Protect\n|-activate|p1a: Kommo-o|move: Protect\n|-resisted|p1b: Whimsicott|1\n|-damage|p1b: Whimsicott|64/100\n|\n|-weather|RainDance|[upkeep]\n|upkeep\n|turn|8\n|\n|t:|1788317385\n|move|p1a: Kommo-o|Vacuum Wave|p2b: Swampert\n|-damage|p2b: Swampert|23/100\n|-damage|p1a: Kommo-o|12/100|[from] item: Life Orb\n|move|p2b: Swampert|Earthquake|p1a: Kommo-o|[spread] p1a,p1b\n|-immune|p2a: Pelipper\n|-resisted|p1b: Whimsicott|1\n|-damage|p1a: Kommo-o|0 fnt\n|-damage|p1b: Whimsicott|26/100\n|faint|p1a: Kommo-o\n|move|p1b: Whimsicott|Moonblast|p2a: Pelipper\n|-damage|p2a: Pelipper|0 fnt\n|faint|p2a: Pelipper\n|\n|-weather|RainDance|[upkeep]\n|upkeep\n|\n|t:|1788317388\n|switch|p1a: Charizard|Charizard-Mega-Y, L50, M|22/100\n|-weather|SunnyDay|[from] ability: Drought|[of] p1a: Charizard\n|turn|9\n|c|☆sunwind|gg\n|-message|sunwind forfeited.\n|\n|win|minamisimp\n|n|☆minamisimp|minamisimp\n|n|☆sunwind|sunwind\n|n| mbtunst|mbtunst\n|n|+Radio Free C-Side|radiofreecside\n|n| merdico|merdico\n|n| TG511|tg511\n|n| defiantvgc|defiantvgc\n|n| Leafeon Enjoyer|leafeonenjoyer\n","uploadtime":1788317402,"views":"0","formatid":"gen9championsvgc2026regmb","rating":null,"private":0,"password":null}