{"id":"gen9championsvgc2026regmb-2674906779","format":"[Gen 9 Champions] VGC 2026 Reg M-B","players":["gyytrrddd","Tequilsaurus"],"log":"|j|☆gyytrrddd\n|j|☆Tequilsaurus\n|t:|1788433607\n|gametype|doubles\n|player|p1|gyytrrddd|2|1000\n|player|p2|Tequilsaurus|265|1056\n|gen|9\n|tier|[Gen 9 Champions] VGC 2026 Reg M-B\n|rated|\n|rule|Species Clause: Limit one of each Pokémon\n|rule|Item Clause: Limit 1 of each item\n|clearpoke\n|poke|p1|Mawile, L50, F|\n|poke|p1|Grimmsnarl, L50, M|\n|poke|p1|Maushold-Four, L50|\n|poke|p1|Starmie, L50|\n|poke|p1|Incineroar, L50, F|\n|poke|p1|Toxapex, L50, M|\n|poke|p2|Scrafty, L50, F|\n|poke|p2|Meowscarada, L50, M|\n|poke|p2|Sinistcha-Masterpiece, L50|\n|poke|p2|Lucario, L50, M|\n|poke|p2|Grimmsnarl, L50, M|\n|poke|p2|Ceruledge, L50, F|\n|teampreview|4\n|\n|t:|1788433627\n|teamsize|p1|4\n|teamsize|p2|4\n|start\n|switch|p1a: Mawile|Mawile, L50, F|100/100\n|switch|p1b: Incineroar|Incineroar, L50, F|100/100\n|switch|p2a: Scrafty|Scrafty, L50, F|100/100\n|switch|p2b: Lucario|Lucario, L50, M|100/100\n|-ability|p1b: Incineroar|Intimidate|boost\n|-unboost|p2a: Scrafty|atk|1\n|-fail|p2b: Lucario|unboost|atk|[from] ability: Inner Focus|[of] p2b: Lucario\n|-ability|p1a: Mawile|Intimidate|boost\n|-unboost|p2a: Scrafty|atk|1\n|-fail|p2b: Lucario|unboost|atk|[from] ability: Inner Focus|[of] p2b: Lucario\n|turn|1\n|\n|t:|1788433660\n|switch|p2a: Ceruledge|Ceruledge, L50, F|100/100\n|detailschange|p1a: Mawile|Mawile-Mega, L50, F\n|-mega|p1a: Mawile|Mawile|Mawilite\n|move|p2b: Lucario|Nasty Plot|p2b: Lucario\n|-boost|p2b: Lucario|spa|2\n|move|p1b: Incineroar|Will-O-Wisp|p2b: Lucario\n|-status|p2b: Lucario|brn\n|move|p1a: Mawile|Play Rough|p2a: Ceruledge|[miss]\n|-miss|p1a: Mawile|p2a: Ceruledge\n|\n|-damage|p2b: Lucario|93/100 brn|[from] brn\n|upkeep\n|turn|2\n|\n|t:|1788433685\n|switch|p1a: Toxapex|Toxapex, L50, M|100/100\n|move|p1b: Incineroar|Protect|p1b: Incineroar\n|-singleturn|p1b: Incineroar|Protect\n|move|p2b: Lucario|Vacuum Wave|p1b: Incineroar\n|-activate|p1b: Incineroar|move: Protect\n|move|p2a: Ceruledge|Bitter Blade|p1a: Toxapex\n|-resisted|p1a: Toxapex|1\n|-damage|p1a: Toxapex|79/100\n|\n|-heal|p1a: Toxapex|85/100|[from] item: Leftovers\n|-damage|p2b: Lucario|87/100 brn|[from] brn\n|upkeep\n|turn|3\n|\n|t:|1788433705\n|switch|p2a: Scrafty|Scrafty, L50, F|100/100\n|switch|p1b: Grimmsnarl|Grimmsnarl, L50, M|100/100\n|move|p2b: Lucario|Vacuum Wave|p1b: Grimmsnarl\n|-damage|p1b: Grimmsnarl|58/100\n|move|p1a: Toxapex|Toxic|p2a: Scrafty\n|-status|p2a: Scrafty|tox\n|\n|-heal|p1a: Toxapex|90/100|[from] item: Leftovers\n|-damage|p2a: Scrafty|93/100 tox|[from] psn\n|-damage|p2b: Lucario|81/100 brn|[from] brn\n|upkeep\n|turn|4\n|\n|t:|1788433755\n|move|p1b: Grimmsnarl|Light Screen|p1b: Grimmsnarl\n|-sidestart|p1: gyytrrddd|move: Light Screen\n|move|p2b: Lucario|Nasty Plot|p2b: Lucario\n|-boost|p2b: Lucario|spa|2\n|move|p2a: Scrafty|Poison Jab|p1b: Grimmsnarl\n|-supereffective|p1b: Grimmsnarl|1\n|-damage|p1b: Grimmsnarl|13/100\n|move|p1a: Toxapex|Infestation|p2b: Lucario\n|-resisted|p2b: Lucario|2\n|-damage|p2b: Lucario|80/100 brn\n|-activate|p2b: Lucario|move: Infestation|[of] p1a: Toxapex\n|\n|-heal|p1a: Toxapex|96/100|[from] item: Leftovers\n|-damage|p2a: Scrafty|81/100 tox|[from] psn\n|-damage|p2b: Lucario|74/100 brn|[from] brn\n|-damage|p2b: Lucario|62/100 brn|[from] move: Infestation|[partiallytrapped]\n|upkeep\n|turn|5\n|\n|t:|1788433778\n|move|p1a: Toxapex|Baneful Bunker|p1a: Toxapex\n|-singleturn|p1a: Toxapex|move: Protect\n|move|p1b: Grimmsnarl|Reflect|p1b: Grimmsnarl\n|-sidestart|p1: gyytrrddd|Reflect\n|move|p2b: Lucario|Nasty Plot|p2b: Lucario\n|-boost|p2b: Lucario|spa|2\n|move|p2a: Scrafty|Poison Jab|p1b: Grimmsnarl\n|-supereffective|p1b: Grimmsnarl|1\n|-damage|p1b: Grimmsnarl|0 fnt\n|faint|p1b: Grimmsnarl\n|-ability|p2a: Scrafty|Moxie|boost\n|-boost|p2a: Scrafty|atk|1\n|\n|-heal|p1a: Toxapex|100/100|[from] item: Leftovers\n|-damage|p2a: Scrafty|63/100 tox|[from] psn\n|-damage|p2b: Lucario|55/100 brn|[from] brn\n|-damage|p2b: Lucario|43/100 brn|[from] move: Infestation|[partiallytrapped]\n|upkeep\n|\n|t:|1788433797\n|switch|p1b: Mawile|Mawile-Mega, L50, F|100/100\n|turn|6\n|\n|t:|1788433805\n|detailschange|p2a: Scrafty|Scrafty-Mega, L50, F\n|-mega|p2a: Scrafty|Scrafty|Scraftinite\n|-ability|p2a: Scrafty|Intimidate|boost\n|-unboost|p1a: Toxapex|atk|1\n|-unboost|p1b: Mawile|atk|1\n|move|p1b: Mawile|Protect|p1b: Mawile\n|-singleturn|p1b: Mawile|Protect\n|move|p2b: Lucario|Vacuum Wave|p1b: Mawile\n|-activate|p1b: Mawile|move: Protect\n|move|p2a: Scrafty|Drain Punch|p1b: Mawile\n|-activate|p1b: Mawile|move: Protect\n|move|p1a: Toxapex|Infestation|p2b: Lucario\n|-resisted|p2b: Lucario|2\n|-damage|p2b: Lucario|42/100 brn\n|\n|-damage|p2a: Scrafty|38/100 tox|[from] psn\n|-damage|p2b: Lucario|36/100 brn|[from] brn\n|-damage|p2b: Lucario|24/100 brn|[from] move: Infestation|[partiallytrapped]\n|upkeep\n|turn|7\n|\n|t:|1788433827\n|switch|p1b: Incineroar|Incineroar, L50, F|100/100\n|-ability|p1b: Incineroar|Intimidate|boost\n|-unboost|p2a: Scrafty|atk|1\n|-fail|p2b: Lucario|unboost|atk|[from] ability: Inner Focus|[of] p2b: Lucario\n|move|p1a: Toxapex|Baneful Bunker|p1a: Toxapex\n|-singleturn|p1a: Toxapex|move: Protect\n|move|p2b: Lucario|Vacuum Wave|p1b: Incineroar\n|-supereffective|p1b: Incineroar|1\n|-damage|p1b: Incineroar|0 fnt\n|faint|p1b: Incineroar\n|move|p2a: Scrafty|Drain Punch|p1a: Toxapex\n|-activate|p1a: Toxapex|move: Protect\n|\n|-damage|p2a: Scrafty|7/100 tox|[from] psn\n|-damage|p2b: Lucario|17/100 brn|[from] brn\n|-damage|p2b: Lucario|5/100 brn|[from] move: Infestation|[partiallytrapped]\n|upkeep\n|\n|t:|1788433845\n|switch|p1b: Mawile|Mawile-Mega, L50, F|100/100\n|turn|8\n|\n|t:|1788433851\n|switch|p2a: Sinistcha|Sinistcha-Masterpiece, L50|100/100\n|-heal|p2b: Lucario|30/100 brn|[from] ability: Hospitality|[of] p2a: Sinistcha\n|move|p1b: Mawile|Protect|p1b: Mawile\n|-singleturn|p1b: Mawile|Protect\n|move|p2b: Lucario|Vacuum Wave|p1b: Mawile\n|-activate|p1b: Mawile|move: Protect\n|move|p1a: Toxapex|Recover||[still]\n|-fail|p1a: Toxapex|heal\n|\n|-damage|p2b: Lucario|24/100 brn|[from] brn\n|-end|p2b: Lucario|Infestation|[partiallytrapped]\n|upkeep\n|turn|9\n|\n|t:|1788433867\n|switch|p2a: Scrafty|Scrafty-Mega, L50, F|7/100 tox\n|-ability|p2a: Scrafty|Intimidate|boost\n|-unboost|p1a: Toxapex|atk|1\n|-unboost|p1b: Mawile|atk|1\n|move|p1b: Mawile|Protect||[still]\n|-fail|p1b: Mawile\n|move|p2b: Lucario|Vacuum Wave|p1b: Mawile\n|-damage|p1b: Mawile|17/100\n|move|p1a: Toxapex|Infestation|p2b: Lucario\n|-resisted|p2b: Lucario|2\n|-damage|p2b: Lucario|23/100 brn\n|-activate|p2b: Lucario|move: Infestation|[of] p1a: Toxapex\n|\n|-damage|p2a: Scrafty|1/100 tox|[from] psn\n|-damage|p2b: Lucario|17/100 brn|[from] brn\n|-damage|p2b: Lucario|4/100 brn|[from] move: Infestation|[partiallytrapped]\n|upkeep\n|turn|10\n|\n|t:|1788433886\n|switch|p2a: Sinistcha|Sinistcha-Masterpiece, L50|100/100\n|-heal|p2b: Lucario|29/100 brn|[from] ability: Hospitality|[of] p2a: Sinistcha\n|move|p1b: Mawile|Protect|p1b: Mawile\n|-singleturn|p1b: Mawile|Protect\n|move|p1a: Toxapex|Baneful Bunker|p1a: Toxapex\n|-singleturn|p1a: Toxapex|move: Protect\n|move|p2b: Lucario|Vacuum Wave|p1b: Mawile\n|-activate|p1b: Mawile|move: Protect\n|\n|-damage|p2b: Lucario|23/100 brn|[from] brn\n|-damage|p2b: Lucario|11/100 brn|[from] move: Infestation|[partiallytrapped]\n|upkeep\n|turn|11\n|\n|t:|1788433908\n|move|p1b: Mawile|Protect||[still]\n|-fail|p1b: Mawile\n|move|p2a: Sinistcha|Rage Powder|p2a: Sinistcha\n|-singleturn|p2a: Sinistcha|move: Rage Powder\n|move|p2b: Lucario|Vacuum Wave|p1b: Mawile\n|-damage|p1b: Mawile|0 fnt\n|faint|p1b: Mawile\n|move|p1a: Toxapex|Infestation|p2a: Sinistcha\n|-damage|p2a: Sinistcha|96/100\n|-activate|p2a: Sinistcha|move: Infestation|[of] p1a: Toxapex\n|\n|-damage|p2b: Lucario|4/100 brn|[from] brn\n|-damage|p2b: Lucario|0 fnt|[from] move: Infestation|[partiallytrapped]\n|faint|p2b: Lucario\n|-damage|p2a: Sinistcha|84/100|[from] move: Infestation|[partiallytrapped]\n|-sideend|p1: gyytrrddd|move: Light Screen\n|upkeep\n|\n|t:|1788433921\n|switch|p2b: Ceruledge|Ceruledge, L50, F|100/100\n|turn|12\n|\n|t:|1788433927\n|move|p2b: Ceruledge|Poltergeist|p1a: Toxapex\n|-activate|p1a: Toxapex|move: Poltergeist|Leftovers\n|-damage|p1a: Toxapex|66/100\n|move|p2a: Sinistcha|Matcha Gotcha|p1a: Toxapex\n|-damage|p1a: Toxapex|29/100\n|-heal|p2a: Sinistcha|100/100|[from] drain|[of] p1a: Toxapex\n|move|p1a: Toxapex|Toxic|p2b: Ceruledge\n|-status|p2b: Ceruledge|tox\n|\n|-heal|p1a: Toxapex|34/100|[from] item: Leftovers\n|-damage|p2b: Ceruledge|94/100 tox|[from] psn\n|-damage|p2a: Sinistcha|88/100|[from] move: Infestation|[partiallytrapped]\n|-sideend|p1: gyytrrddd|Reflect\n|upkeep\n|turn|13\n|-message|gyytrrddd forfeited.\n|\n|win|Tequilsaurus\n|raw|gyytrrddd's rating: 1000 &rarr; <strong>1000</strong><br />(+0 for losing)\n|raw|Tequilsaurus's rating: 1056 &rarr; <strong>1083</strong><br />(+27 for winning)\n|l|☆gyytrrddd\n|player|p1|\n","uploadtime":1788433952,"views":"14","formatid":"gen9championsvgc2026regmb","rating":1000,"private":0,"password":null}