{"id":"gen9championsvgc2026regmb-2674146927","format":"[Gen 9 Champions] VGC 2026 Reg M-B","players":["CantDodgeIt","bindle1"],"log":"|j|☆CantDodgeIt\n|j|☆bindle1\n|t:|1788306110\n|gametype|doubles\n|player|p1|CantDodgeIt|1|\n|player|p2|bindle1|169|\n|gen|9\n|tier|[Gen 9 Champions] VGC 2026 Reg M-B\n|rule|Species Clause: Limit one of each Pokémon\n|rule|Item Clause: Limit 1 of each item\n|clearpoke\n|poke|p1|Arcanine-Hisui, L50, M|\n|poke|p1|Ninetales-Alola, L50, F|\n|poke|p1|Kangaskhan, L50, F|\n|poke|p1|Gyarados, L50, M|\n|poke|p1|Gengar, L50, F|\n|poke|p1|Klefki, L50, M|\n|poke|p2|Metagross, L50|\n|poke|p2|Tyranitar, L50, M|\n|poke|p2|Excadrill, L50, M|\n|poke|p2|Milotic, L50, M|\n|poke|p2|Corviknight, L50, F|\n|poke|p2|Gardevoir, L50, F|\n|teampreview|4\nbindle1 rejected open team sheets.\n|j| hanover hydrapple\n|j| l pano l\n|j| PorygonTheBot\n|c| PorygonTheBot|y'all are stupid\n|\n|t:|1788306154\n|teamsize|p1|4\n|teamsize|p2|4\n|start\n|switch|p1a: Ninetales|Ninetales-Alola, L50, F|100/100\n|switch|p1b: Gengar|Gengar, L50, F|100/100\n|switch|p2a: Thicc Boi|Corviknight, L50, F|100/100\n|switch|p2b: Water Snek|Milotic, L50, M|100/100\n|-weather|Snowscape|[from] ability: Snow Warning|[of] p1a: Ninetales\n|turn|1\n|\n|t:|1788306170\n|switch|p2a: Dino Nuggies|Tyranitar, L50, M|100/100\n|-weather|Sandstorm|[from] ability: Sand Stream|[of] p2a: Dino Nuggies\n|detailschange|p1b: Gengar|Gengar-Mega, L50, F\n|-mega|p1b: Gengar|Gengar|Gengarite\n|move|p1b: Gengar|Perish Song|p1b: Gengar\n|-start|p1a: Ninetales|perish3|[silent]\n|-start|p1b: Gengar|perish3|[silent]\n|-start|p2a: Dino Nuggies|perish3|[silent]\n|-start|p2b: Water Snek|perish3|[silent]\n|-fieldactivate|move: Perish Song\n|move|p1a: Ninetales|Aurora Veil||[still]\n|-fail|p1a: Ninetales\n|move|p2b: Water Snek|Muddy Water|p1b: Gengar|[spread] p1a,p1b\n|-damage|p1a: Ninetales|77/100\n|-damage|p1b: Gengar|73/100\n|\n|-weather|Sandstorm|[upkeep]\n|-damage|p1b: Gengar|67/100|[from] Sandstorm\n|-damage|p1a: Ninetales|71/100|[from] Sandstorm\n|-damage|p2b: Water Snek|94/100|[from] Sandstorm\n|-start|p1b: Gengar|perish3\n|-start|p1a: Ninetales|perish3\n|-start|p2b: Water Snek|perish3\n|-start|p2a: Dino Nuggies|perish3\n|upkeep\n|turn|2\n|c|☆bindle1|rude\n|\n|t:|1788306199\n|move|p1b: Gengar|Protect|p1b: Gengar\n|-singleturn|p1b: Gengar|Protect\n|move|p1a: Ninetales|Protect|p1a: Ninetales\n|-singleturn|p1a: Ninetales|Protect\n|move|p2b: Water Snek|Hypnosis|p1b: Gengar\n|-activate|p1b: Gengar|move: Protect\n|move|p2a: Dino Nuggies|Rock Slide|p1b: Gengar|[spread] \n|-activate|p1a: Ninetales|move: Protect\n|-activate|p1b: Gengar|move: Protect\n|\n|-weather|Sandstorm|[upkeep]\n|-damage|p1b: Gengar|61/100|[from] Sandstorm\n|-damage|p1a: Ninetales|65/100|[from] Sandstorm\n|-damage|p2b: Water Snek|88/100|[from] Sandstorm\n|-start|p1b: Gengar|perish2\n|-start|p1a: Ninetales|perish2\n|-start|p2b: Water Snek|perish2\n|-start|p2a: Dino Nuggies|perish2\n|upkeep\n|turn|3\n|c| l pano l|timer\n|inactive|Battle timer is ON: inactive players will automatically lose when time's up. (requested by CantDodgeIt)\n|\n|t:|1788306237\n|switch|p1a: Kangaskhan|Kangaskhan, L50, F|100/100\n|move|p1b: Gengar|Disable|p2a: Dino Nuggies\n|-start|p2a: Dino Nuggies|Disable|Rock Slide\n|move|p2b: Water Snek|Muddy Water|p1b: Gengar|[spread] p1b\n|-miss|p2b: Water Snek|p1a: Kangaskhan\n|-damage|p1b: Gengar|35/100\n|move|p2a: Dino Nuggies|Knock Off|p1b: Gengar\n|-supereffective|p1b: Gengar|1\n|-damage|p1b: Gengar|0 fnt\n|faint|p1b: Gengar\n|\n|-weather|Sandstorm|[upkeep]\n|-damage|p1a: Kangaskhan|94/100|[from] Sandstorm\n|-damage|p2b: Water Snek|82/100|[from] Sandstorm\n|-start|p2b: Water Snek|perish1\n|-start|p2a: Dino Nuggies|perish1\n|upkeep\n|\n|t:|1788306256\n|switch|p1b: Ninetales|Ninetales-Alola, L50, F|65/100\n|-weather|Snowscape|[from] ability: Snow Warning|[of] p1b: Ninetales\n|turn|4\n|\n|t:|1788306266\n|switch|p2b: Vermeer D550 HDD|Excadrill, L50, M|100/100\n|switch|p2a: Thicc Boi|Corviknight, L50, F|100/100\n|move|p1a: Kangaskhan|Fake Out|p2b: Vermeer D550 HDD\n|-resisted|p2b: Vermeer D550 HDD|1\n|-damage|p2b: Vermeer D550 HDD|84/100\n|move|p1b: Ninetales|Aurora Veil|p1b: Ninetales\n|-sidestart|p1: CantDodgeIt|move: Aurora Veil\n|\n|-weather|Snowscape|[upkeep]\n|upkeep\n|turn|5\n|inactive|CantDodgeIt has 30 seconds left.\n|inactive|bindle1 has 30 seconds left.\n|\n|t:|1788306293\n|move|p1b: Ninetales|Blizzard|p2b: Vermeer D550 HDD|[spread] p2a,p2b\n|-damage|p2a: Thicc Boi|80/100\n|-damage|p2b: Vermeer D550 HDD|53/100\n|move|p1a: Kangaskhan|Last Resort|p2b: Vermeer D550 HDD\n|-resisted|p2b: Vermeer D550 HDD|1\n|-damage|p2b: Vermeer D550 HDD|6/100\n|move|p2b: Vermeer D550 HDD|Earthquake|p1b: Ninetales|[spread] p1a,p1b\n|-immune|p2a: Thicc Boi\n|-damage|p1a: Kangaskhan|58/100\n|-damage|p1b: Ninetales|40/100\n|move|p2a: Thicc Boi|Bulk Up|p2a: Thicc Boi\n|-boost|p2a: Thicc Boi|atk|1\n|-boost|p2a: Thicc Boi|def|1\n|\n|-weather|Snowscape|[upkeep]\n|-heal|p2a: Thicc Boi|86/100|[from] item: Leftovers\n|upkeep\n|turn|6\n|\n|t:|1788306317\n|move|p2b: Vermeer D550 HDD|Protect|p2b: Vermeer D550 HDD\n|-singleturn|p2b: Vermeer D550 HDD|Protect\n|move|p1b: Ninetales|Encore|p2a: Thicc Boi\n|-start|p2a: Thicc Boi|Encore\n|move|p1a: Kangaskhan|Last Resort|p2b: Vermeer D550 HDD\n|-activate|p2b: Vermeer D550 HDD|move: Protect\n|move|p2a: Thicc Boi|Bulk Up|p2a: Thicc Boi\n|-boost|p2a: Thicc Boi|atk|1\n|-boost|p2a: Thicc Boi|def|1\n|\n|-weather|Snowscape|[upkeep]\n|-heal|p2a: Thicc Boi|92/100|[from] item: Leftovers\n|upkeep\n|turn|7\n|\n|t:|1788306333\n|switch|p1b: Arcanine|Arcanine-Hisui, L50, M|100/100\n|move|p2b: Vermeer D550 HDD|Protect||[still]\n|-fail|p2b: Vermeer D550 HDD\n|move|p1a: Kangaskhan|Last Resort|p2b: Vermeer D550 HDD\n|-resisted|p2b: Vermeer D550 HDD|1\n|-damage|p2b: Vermeer D550 HDD|0 fnt\n|faint|p2b: Vermeer D550 HDD\n|move|p2a: Thicc Boi|Bulk Up|p2a: Thicc Boi\n|-boost|p2a: Thicc Boi|atk|1\n|-boost|p2a: Thicc Boi|def|1\n|\n|-weather|Snowscape|[upkeep]\n|-heal|p2a: Thicc Boi|98/100|[from] item: Leftovers\n|upkeep\n|\n|t:|1788306351\n|switch|p2b: Dino Nuggies|Tyranitar, L50, M|100/100\n|-weather|Sandstorm|[from] ability: Sand Stream|[of] p2b: Dino Nuggies\n|turn|8\n|inactive|CantDodgeIt has 30 seconds left.\n|\n|t:|1788306380\n|move|p1b: Arcanine|Head Smash|p2b: Dino Nuggies|[miss]\n|-miss|p1b: Arcanine|p2b: Dino Nuggies\n|move|p1a: Kangaskhan|Last Resort|p2b: Dino Nuggies\n|-resisted|p2b: Dino Nuggies|1\n|-damage|p2b: Dino Nuggies|70/100\n|move|p2b: Dino Nuggies|Knock Off|p1b: Arcanine\n|-damage|p1b: Arcanine|57/100\n|-enditem|p1b: Arcanine|Focus Sash|[from] move: Knock Off|[of] p2b: Dino Nuggies\n|move|p2a: Thicc Boi|Bulk Up|p2a: Thicc Boi\n|-boost|p2a: Thicc Boi|atk|1\n|-boost|p2a: Thicc Boi|def|1\n|\n|-weather|Sandstorm|[upkeep]\n|-damage|p1a: Kangaskhan|52/100|[from] Sandstorm\n|-heal|p2a: Thicc Boi|100/100|[from] item: Leftovers\n|-end|p2a: Thicc Boi|Encore\n|upkeep\n|turn|9\n|c|☆CantDodgeIt|these misses\n|c|☆CantDodgeIt|smh\n|c| l pano l|gotta nick name arcanine sex panther\n|inactive|bindle1 has 30 seconds left.\n|\n|t:|1788306413\n|move|p1b: Arcanine|Head Smash|p2b: Dino Nuggies|[miss]\n|-miss|p1b: Arcanine|p2b: Dino Nuggies\n|move|p1a: Kangaskhan|Last Resort|p2b: Dino Nuggies\n|-resisted|p2b: Dino Nuggies|1\n|-damage|p2b: Dino Nuggies|41/100\n|move|p2b: Dino Nuggies|Rock Slide|p1a: Kangaskhan|[spread] p1a,p1b\n|-supereffective|p1b: Arcanine|1\n|-damage|p1a: Kangaskhan|25/100\n|-damage|p1b: Arcanine|1/100\n|move|p2a: Thicc Boi|Body Press|p1b: Arcanine\n|-supereffective|p1b: Arcanine|1\n|-damage|p1b: Arcanine|0 fnt\n|faint|p1b: Arcanine\n|\n|-weather|Sandstorm|[upkeep]\n|-damage|p1a: Kangaskhan|19/100|[from] Sandstorm\n|upkeep\n|c| l pano l|80% of the time it works 100% of the time\n|\n|t:|1788306427\n|switch|p1b: Ninetales|Ninetales-Alola, L50, F|40/100\n|-weather|Snowscape|[from] ability: Snow Warning|[of] p1b: Ninetales\n|turn|10\n|c|☆CantDodgeIt|i didnt want to hit him anyway\n|\n|t:|1788306443\n|move|p1b: Ninetales|Protect|p1b: Ninetales\n|-singleturn|p1b: Ninetales|Protect\n|move|p1a: Kangaskhan|Last Resort|p2b: Dino Nuggies\n|-resisted|p2b: Dino Nuggies|1\n|-damage|p2b: Dino Nuggies|12/100\n|move|p2b: Dino Nuggies|Rock Slide|p1a: Kangaskhan|[spread] p1a\n|-activate|p1b: Ninetales|move: Protect\n|-damage|p1a: Kangaskhan|0 fnt\n|faint|p1a: Kangaskhan\n|move|p2a: Thicc Boi|Iron Head|p1b: Ninetales\n|-activate|p1b: Ninetales|move: Protect\n|\n|-weather|Snowscape|[upkeep]\n|upkeep\n|turn|11\n|\n|t:|1788306466\n|move|p1b: Ninetales|Blizzard|p2b: Dino Nuggies|[spread] p2a,p2b\n|-damage|p2a: Thicc Boi|82/100\n|-damage|p2b: Dino Nuggies|0 fnt\n|-status|p2a: Thicc Boi|frz\n|faint|p2b: Dino Nuggies\n|cant|p2a: Thicc Boi|frz\n|\n|-weather|Snowscape|[upkeep]\n|-heal|p2a: Thicc Boi|88/100 frz|[from] item: Leftovers\n|-sideend|p1: CantDodgeIt|move: Aurora Veil\n|upkeep\n|c|☆CantDodgeIt|youre saying theres a chance\n|\n|t:|1788306480\n|switch|p2b: Water Snek|Milotic, L50, M|82/100\n|turn|12\n|\n|t:|1788306493\n|move|p1b: Ninetales|Aurora Veil|p1b: Ninetales\n|-sidestart|p1: CantDodgeIt|move: Aurora Veil\n|move|p2b: Water Snek|Muddy Water|p1b: Ninetales\n|-damage|p1b: Ninetales|19/100\n|-curestatus|p2a: Thicc Boi|frz|[msg]\n|move|p2a: Thicc Boi|Iron Head|p1b: Ninetales\n|-supereffective|p1b: Ninetales|2\n|-damage|p1b: Ninetales|0 fnt\n|faint|p1b: Ninetales\n|\n|win|bindle1\n","uploadtime":1788306493,"views":"9","formatid":"gen9championsvgc2026regmb","rating":null,"private":0,"password":null}