{"id":"gen9championsvgc2026regmbbo3-2674881966","format":"[Gen 9 Champions] VGC 2026 Reg M-B (Bo3)","players":["wenzheng1811","icanttext"],"log":"|j|☆wenzheng1811\n|j|☆icanttext\n|html|<table width=\"100%\"><tr><td align=\"left\">wenzheng1811</td><td align=\"right\">icanttext</tr><tr><td align=\"left\"><i class=\"fa fa-circle-o\"></i> <i class=\"fa fa-circle-o\"></i> </td><td align=\"right\"><i class=\"fa fa-circle-o\"></i> <i class=\"fa fa-circle-o\"></i> </tr></table>\n|uhtml|bestof|<h2><strong>Game 1</strong> of <a href=\"/game-bestof3-gen9championsvgc2026regmbbo3-2674881965\">a best-of-3</a></h2>\n|t:|1788428275\n|gametype|doubles\n|player|p1|wenzheng1811|steven|1074\n|player|p2|icanttext|266|1217\n|gen|9\n|tier|[Gen 9 Champions] VGC 2026 Reg M-B (Bo3)\n|rated|\n|rule|Species Clause: Limit one of each Pokémon\n|rule|Item Clause: Limit 1 of each item\n|clearpoke\n|poke|p1|Bellibolt, L50, F|\n|poke|p1|Raichu, L50, M|\n|poke|p1|Sinistcha, L50|\n|poke|p1|Staraptor, L50, M|\n|poke|p1|Grimmsnarl, L50, M|\n|poke|p1|Hippowdon, L50, F|\n|poke|p2|Grimmsnarl, L50, M|\n|poke|p2|Incineroar, L50, M|\n|poke|p2|Whimsicott, L50, M|\n|poke|p2|Metagross, L50|\n|poke|p2|Milotic, L50, F|\n|poke|p2|Venusaur, L50, M|\n|teampreview|4\n|showteam|p1|Bellibolt||SitrusBerry|Electromorphosis|ParabolicCharge,Soak,Thunderbolt,Protect|Quiet||F|||50|]Raichu||RaichuniteX|LightningRod|VoltTackle,Protect,VoltSwitch,FakeOut|Jolly||M|||50|]Sinistcha||ColburBerry|Hospitality|MatchaGotcha,TrickRoom,LifeDew,RagePowder|Relaxed|||||50|]Staraptor||Staraptite|Intimidate|BraveBird,CloseCombat,Protect,Roost|Jolly||M|||50|]Grimmsnarl||LightClay|Prankster|Reflect,LightScreen,PartingShot,SpiritBreak|Careful||M|||50|]Hippowdon||LifeOrb|SandStream|IceFang,HeavySlam,HighHorsepower,RockSlide|Brave||F|||50|\n|showteam|p2|Grimmsnarl||LightClay|Prankster|SpiritBreak,PartingShot,Reflect,LightScreen|Impish||M|||50|]Incineroar||SitrusBerry|Intimidate|FakeOut,FlareBlitz,PartingShot,Snarl|Impish||M|||50|]Whimsicott||FocusSash|Prankster|Moonblast,Tailwind,Taunt,Protect|Timid||M|||50|]Metagross||Metagrossite|ClearBody|IronHead,BodyPress,IronDefense,Protect|Careful|||||50|]Milotic||Leftovers|Competitive|Scald,Coil,Hypnosis,Protect|Calm||F|||50|]Venusaur||Venusaurite|Overgrow|GigaDrain,SludgeBomb,EarthPower,Protect|Modest||M|||50|\n|inactive|Battle timer is ON: inactive players will automatically lose when time's up. (requested by icanttext)\n|inactive|icanttext has 60 seconds left.\n|\n|t:|1788428376\n|teamsize|p1|4\n|teamsize|p2|4\n|start\n|switch|p1a: Raichu|Raichu, L50, M|100/100\n|switch|p1b: Bellibolt|Bellibolt, L50, F|100/100\n|switch|p2a: Whimsicott|Whimsicott, L50, M|100/100\n|switch|p2b: Metagross|Metagross, L50|100/100\n|turn|1\n|inactive|icanttext has 30 seconds left.\n|\n|t:|1788428402\n|detailschange|p1a: Raichu|Raichu-Mega-X, L50, M\n|-mega|p1a: Raichu|Raichu|Raichunite X\n|-fieldstart|move: Electric Terrain|[from] ability: Electric Surge|[of] p1a: Raichu\n|detailschange|p2b: Metagross|Metagross-Mega, L50\n|-mega|p2b: Metagross|Metagross|Metagrossite\n|move|p2a: Whimsicott|Protect|p2a: Whimsicott\n|-singleturn|p2a: Whimsicott|Protect\n|move|p1a: Raichu|Fake Out|p2a: Whimsicott\n|-activate|p2a: Whimsicott|move: Protect\n|move|p2b: Metagross|Iron Defense|p2b: Metagross\n|-boost|p2b: Metagross|def|2\n|move|p1b: Bellibolt|Soak|p2a: Whimsicott\n|-activate|p2a: Whimsicott|move: Protect\n|\n|upkeep\n|turn|2\n|inactive|wenzheng1811 has 30 seconds left.\n|inactive|icanttext has 30 seconds left.\n|\n|t:|1788428429\n|move|p2a: Whimsicott|Moonblast|p1a: Raichu\n|-damage|p1a: Raichu|48/100\n|move|p1a: Raichu|Volt Switch|p2b: Metagross\n|-damage|p2b: Metagross|83/100\n|\n|t:|1788428434\n|switch|p1a: Staraptor|Staraptor, L50, M|100/100|[from] Volt Switch\n|-ability|p1a: Staraptor|Intimidate|boost\n|-unboost|p2a: Whimsicott|atk|1\n|-unboost|p2b: Metagross|atk|1\n|move|p2b: Metagross|Body Press|p1a: Staraptor\n|-damage|p1a: Staraptor|13/100\n|move|p1b: Bellibolt|Soak|p2b: Metagross\n|-start|p2b: Metagross|typechange|Water\n|\n|upkeep\n|turn|3\n|inactive|icanttext has 30 seconds left.\n|inactive|icanttext has 20 seconds left.\n|\n|t:|1788428473\n|move|p1a: Staraptor|Protect|p1a: Staraptor\n|-singleturn|p1a: Staraptor|Protect\n|move|p2a: Whimsicott|Tailwind|p2a: Whimsicott\n|-sidestart|p2: icanttext|move: Tailwind\n|move|p2b: Metagross|Body Press|p1b: Bellibolt\n|-damage|p1b: Bellibolt|47/100\n|-start|p1b: Bellibolt|Charge|Body Press|[from] ability: Electromorphosis\n|-enditem|p1b: Bellibolt|Sitrus Berry|[eat]\n|-heal|p1b: Bellibolt|72/100|[from] item: Sitrus Berry\n|move|p1b: Bellibolt|Parabolic Charge|p2b: Metagross|[spread] p2a,p2b\n|-activate|p1a: Staraptor|move: Protect\n|-resisted|p2a: Whimsicott|1\n|-supereffective|p2b: Metagross|1\n|-crit|p2b: Metagross\n|-damage|p2a: Whimsicott|60/100\n|-heal|p1b: Bellibolt|84/100|[from] drain|[of] p2a: Whimsicott\n|-damage|p2b: Metagross|0 fnt\n|-heal|p1b: Bellibolt|100/100|[from] drain|[of] p2b: Metagross\n|faint|p2b: Metagross\n|-end|p1b: Bellibolt|Charge|[silent]\n|\n|upkeep\n|\n|t:|1788428496\n|switch|p2b: Incineroar|Incineroar, L50, M|100/100\n|-ability|p2b: Incineroar|Intimidate|boost\n|-unboost|p1a: Staraptor|atk|1\n|-unboost|p1b: Bellibolt|atk|1\n|turn|4\n|\n|t:|1788428513\n|switch|p1b: Sinistcha|Sinistcha, L50|100/100\n|-heal|p1a: Staraptor|37/100|[from] ability: Hospitality|[of] p1b: Sinistcha\n|move|p2a: Whimsicott|Moonblast|p1b: Sinistcha\n|-damage|p1b: Sinistcha|64/100\n|-unboost|p1b: Sinistcha|spa|1\n|move|p1a: Staraptor|Roost|p1a: Staraptor\n|-heal|p1a: Staraptor|88/100\n|-singleturn|p1a: Staraptor|move: Roost\n|move|p2b: Incineroar|Flare Blitz|p1b: Sinistcha\n|-supereffective|p1b: Sinistcha|1\n|-damage|p1b: Sinistcha|0 fnt\n|faint|p1b: Sinistcha\n|-damage|p2b: Incineroar|81/100|[from] Recoil\n|\n|upkeep\n|\n|t:|1788428530\n|switch|p1b: Bellibolt|Bellibolt, L50, F|100/100\n|turn|5\n|inactive|icanttext has 30 seconds left.\n|\n|t:|1788428556\n|move|p2a: Whimsicott|Moonblast|p1b: Bellibolt\n|-damage|p1b: Bellibolt|71/100\n|-start|p1b: Bellibolt|Charge|Moonblast|[from] ability: Electromorphosis\n|move|p1a: Staraptor|Brave Bird|p2a: Whimsicott\n|-supereffective|p2a: Whimsicott|1\n|-damage|p2a: Whimsicott|0 fnt\n|faint|p2a: Whimsicott\n|-damage|p1a: Staraptor|72/100|[from] Recoil\n|move|p2b: Incineroar|Flare Blitz|p1b: Bellibolt\n|-damage|p1b: Bellibolt|35/100\n|-start|p1b: Bellibolt|Charge|Flare Blitz|[from] ability: Electromorphosis\n|-damage|p2b: Incineroar|68/100|[from] Recoil\n|move|p1b: Bellibolt|Thunderbolt|p2b: Incineroar\n|-damage|p2b: Incineroar|0 fnt\n|faint|p2b: Incineroar\n|-end|p1b: Bellibolt|Charge|[silent]\n|\n|-fieldend|move: Electric Terrain\n|upkeep\n|\n|t:|1788428574\n|switch|p2b: Milotic|Milotic, L50, F|100/100\n|turn|6\n|\n|t:|1788428588\n|move|p1a: Staraptor|Protect|p1a: Staraptor\n|-singleturn|p1a: Staraptor|Protect\n|move|p2b: Milotic|Scald|p1b: Bellibolt\n|-damage|p1b: Bellibolt|11/100\n|-start|p1b: Bellibolt|Charge|Scald|[from] ability: Electromorphosis\n|move|p1b: Bellibolt|Parabolic Charge|p2b: Milotic|[spread] p2b\n|-activate|p1a: Staraptor|move: Protect\n|-supereffective|p2b: Milotic|1\n|-damage|p2b: Milotic|54/100\n|-heal|p1b: Bellibolt|33/100|[from] drain|[of] p2b: Milotic\n|-end|p1b: Bellibolt|Charge|[silent]\n|\n|-heal|p2b: Milotic|60/100|[from] item: Leftovers\n|-sideend|p2: icanttext|move: Tailwind\n|upkeep\n|turn|7\n|\n|t:|1788428610\n|move|p1a: Staraptor|Brave Bird|p2b: Milotic\n|-damage|p2b: Milotic|21/100\n|-damage|p1a: Staraptor|57/100|[from] Recoil\n|move|p2b: Milotic|Scald|p1b: Bellibolt\n|-damage|p1b: Bellibolt|10/100\n|-status|p1b: Bellibolt|brn\n|-start|p1b: Bellibolt|Charge|Scald|[from] ability: Electromorphosis\n|move|p1b: Bellibolt|Parabolic Charge|p2b: Milotic|[spread] p1a,p2b\n|-supereffective|p1a: Staraptor|1\n|-supereffective|p2b: Milotic|1\n|-damage|p1a: Staraptor|0 fnt\n|-heal|p1b: Bellibolt|34/100 brn|[from] drain|[of] p1a: Staraptor\n|-damage|p2b: Milotic|0 fnt\n|-heal|p1b: Bellibolt|44/100 brn|[from] drain|[of] p2b: Milotic\n|faint|p1a: Staraptor\n|faint|p2b: Milotic\n|-end|p1b: Bellibolt|Charge|[silent]\n|\n|win|wenzheng1811\n||icanttext is ready for game 2.\n|inactive|wenzheng1811 has 30 seconds to confirm battle start!\n","uploadtime":1788428628,"views":"1","formatid":"gen9championsvgc2026regmbbo3","rating":null,"private":0,"password":null}