{"id":"gen9championsvgc2026regmb-2674646018","format":"[Gen 9 Champions] VGC 2026 Reg M-B","players":["schisch","kaalaas7"],"log":"|j|☆schisch\n|j|☆kaalaas7\n|t:|1788384551\n|gametype|doubles\n|player|p1|schisch|169|1415\n|player|p2|kaalaas7|rocketgruntf|1499\n|gen|9\n|tier|[Gen 9 Champions] VGC 2026 Reg M-B\n|rated|\n|rule|Species Clause: Limit one of each Pokémon\n|rule|Item Clause: Limit 1 of each item\n|clearpoke\n|poke|p1|Tyranitar, L50, M|\n|poke|p1|Sinistcha, L50|\n|poke|p1|Primarina, L50, M|\n|poke|p1|Corviknight, L50, M|\n|poke|p1|Rotom-Heat, L50|\n|poke|p1|Farigiraf, L50, M|\n|poke|p2|Scovillain, L50, M|\n|poke|p2|Incineroar, L50, M|\n|poke|p2|Blastoise, L50, M|\n|poke|p2|Whimsicott, L50, F|\n|poke|p2|Sneasler, L50, M|\n|poke|p2|Kingambit, L50, M|\n|teampreview|4\n|inactive|Battle timer is ON: inactive players will automatically lose when time's up. (requested by kaalaas7)\n|j| Ddawg55\n|\n|t:|1788384566\n|teamsize|p1|4\n|teamsize|p2|4\n|start\n|switch|p1a: Rotom|Rotom-Heat, L50|100/100\n|switch|p1b: Tyranitar|Tyranitar, L50, M|100/100\n|switch|p2a: Blastoise|Blastoise, L50, M|100/100\n|switch|p2b: Sneasler|Sneasler, L50, M|100/100\n|-weather|Sandstorm|[from] ability: Sand Stream|[of] p1b: Tyranitar\n|turn|1\n|\n|t:|1788384588\n|switch|p1b: Farigiraf|Farigiraf, L50, M|100/100\n|detailschange|p2a: Blastoise|Blastoise-Mega, L50, M\n|-mega|p2a: Blastoise|Blastoise|Blastoisinite\n|move|p2b: Sneasler|Fake Out||[still]\n|cant|p1b: Farigiraf|ability: Armor Tail|Fake Out|[of] p2b: Sneasler\n|move|p1a: Rotom|Thunderbolt|p2a: Blastoise\n|-supereffective|p2a: Blastoise|1\n|-damage|p2a: Blastoise|25/100\n|move|p2a: Blastoise|Shell Smash|p2a: Blastoise\n|-unboost|p2a: Blastoise|def|1\n|-unboost|p2a: Blastoise|spd|1\n|-boost|p2a: Blastoise|atk|2\n|-boost|p2a: Blastoise|spa|2\n|-boost|p2a: Blastoise|spe|2\n|\n|-weather|Sandstorm|[upkeep]\n|-damage|p2a: Blastoise|19/100|[from] Sandstorm\n|-damage|p1a: Rotom|93/100|[from] Sandstorm\n|-damage|p2b: Sneasler|94/100|[from] Sandstorm\n|-damage|p1b: Farigiraf|93/100|[from] Sandstorm\n|upkeep\n|turn|2\n|\n|t:|1788384608\n|switch|p2b: Incineroar|Incineroar, L50, M|100/100\n|-ability|p2b: Incineroar|Intimidate|boost\n|-unboost|p1a: Rotom|atk|1\n|-unboost|p1b: Farigiraf|atk|1\n|move|p2a: Blastoise|Protect|p2a: Blastoise\n|-singleturn|p2a: Blastoise|Protect\n|move|p1a: Rotom|Thunderbolt|p2a: Blastoise\n|-activate|p2a: Blastoise|move: Protect\n|move|p1b: Farigiraf|Twin Beam|p2b: Incineroar\n|-immune|p2b: Incineroar\n|\n|-weather|Sandstorm|[upkeep]\n|-damage|p2a: Blastoise|13/100|[from] Sandstorm\n|-damage|p1a: Rotom|87/100|[from] Sandstorm\n|-damage|p1b: Farigiraf|87/100|[from] Sandstorm\n|-damage|p2b: Incineroar|94/100|[from] Sandstorm\n|upkeep\n|turn|3\n|\n|t:|1788384635\n|switch|p1a: Primarina|Primarina, L50, M|100/100\n|move|p1b: Farigiraf|Protect|p1b: Farigiraf\n|-singleturn|p1b: Farigiraf|Protect\n|move|p2a: Blastoise|Dark Pulse|p1b: Farigiraf\n|-activate|p1b: Farigiraf|move: Protect\n|move|p2b: Incineroar|Parting Shot|p1a: Primarina\n|-unboost|p1a: Primarina|atk|1\n|-unboost|p1a: Primarina|spa|1\n|\n|t:|1788384642\n|switch|p2b: Sneasler|Sneasler, L50, M|94/100|[from] Parting Shot\n|\n|-weather|Sandstorm|[upkeep]\n|-damage|p2a: Blastoise|7/100|[from] Sandstorm\n|-damage|p2b: Sneasler|88/100|[from] Sandstorm\n|-damage|p1a: Primarina|93/100|[from] Sandstorm\n|-damage|p1b: Farigiraf|81/100|[from] Sandstorm\n|upkeep\n|turn|4\n|\n|t:|1788384663\n|move|p1a: Primarina|Protect|p1a: Primarina\n|-singleturn|p1a: Primarina|Protect\n|move|p2a: Blastoise|Dark Pulse|p1b: Farigiraf\n|-supereffective|p1b: Farigiraf|1\n|-enditem|p1b: Farigiraf|Colbur Berry|[eat]\n|-enditem|p1b: Farigiraf|Colbur Berry|[weaken]\n|-damage|p1b: Farigiraf|0 fnt\n|faint|p1b: Farigiraf\n|move|p2b: Sneasler|Dire Claw|p1a: Primarina\n|-activate|p1a: Primarina|move: Protect\n|\n|-weather|Sandstorm|[upkeep]\n|-damage|p2a: Blastoise|1/100|[from] Sandstorm\n|-damage|p2b: Sneasler|82/100|[from] Sandstorm\n|-damage|p1a: Primarina|87/100|[from] Sandstorm\n|upkeep\n|\n|t:|1788384677\n|switch|p1b: Rotom|Rotom-Heat, L50|87/100\n|turn|5\n|\n|t:|1788384683\n|switch|p1a: Tyranitar|Tyranitar, L50, M|100/100\n|move|p2a: Blastoise|Dark Pulse|p1b: Rotom\n|-damage|p1b: Rotom|0 fnt\n|faint|p1b: Rotom\n|move|p2b: Sneasler|Dire Claw|p1a: Tyranitar\n|-resisted|p1a: Tyranitar|1\n|-damage|p1a: Tyranitar|83/100\n|-status|p1a: Tyranitar|psn|[from] ability: Poison Touch|[of] p2b: Sneasler\n|\n|-weather|none\n|-damage|p1a: Tyranitar|70/100 psn|[from] psn\n|upkeep\n|\n|t:|1788384696\n|switch|p1b: Primarina|Primarina, L50, M|87/100\n|turn|6\n|\n|t:|1788384712\n|detailschange|p1a: Tyranitar|Tyranitar-Mega, L50, M\n|-mega|p1a: Tyranitar|Tyranitar|Tyranitarite\n|-weather|Sandstorm|[from] ability: Sand Stream|[of] p1a: Tyranitar\n|move|p2a: Blastoise|Dark Pulse|p1b: Primarina\n|-resisted|p1b: Primarina|1\n|-damage|p1b: Primarina|50/100g\n|move|p2b: Sneasler|Close Combat|p1a: Tyranitar\n|-supereffective|p1a: Tyranitar|2\n|-damage|p1a: Tyranitar|0 fnt\n|-unboost|p2b: Sneasler|def|1\n|-unboost|p2b: Sneasler|spd|1\n|faint|p1a: Tyranitar\n|move|p1b: Primarina|Hyper Voice|p2a: Blastoise|[spread] p2a,p2b\n|-resisted|p2a: Blastoise|1\n|-damage|p2a: Blastoise|0 fnt\n|-damage|p2b: Sneasler|7/100\n|faint|p2a: Blastoise\n|\n|-weather|Sandstorm|[upkeep]\n|-damage|p2b: Sneasler|1/100|[from] Sandstorm\n|-damage|p1b: Primarina|44/100|[from] Sandstorm\n|-enditem|p1b: Primarina|Sitrus Berry|[eat]\n|-heal|p1b: Primarina|69/100|[from] item: Sitrus Berry\n|upkeep\n|\n|t:|1788384725\n|switch|p2a: Kingambit|Kingambit, L50, M|100/100\n|turn|7\n|\n|t:|1788384735\n|move|p1b: Primarina|Protect|p1b: Primarina\n|-singleturn|p1b: Primarina|Protect\n|move|p2b: Sneasler|Dire Claw|p1b: Primarina\n|-activate|p1b: Primarina|move: Protect\n|move|p2a: Kingambit|Swords Dance|p2a: Kingambit\n|-boost|p2a: Kingambit|atk|2\n|\n|-weather|Sandstorm|[upkeep]\n|-damage|p2b: Sneasler|0 fnt|[from] Sandstorm\n|-damage|p1b: Primarina|63/100|[from] Sandstorm\n|faint|p2b: Sneasler\n|upkeep\n|\n|t:|1788384738\n|switch|p2b: Incineroar|Incineroar, L50, M|94/100\n|-ability|p2b: Incineroar|Intimidate|boost\n|-unboost|p1b: Primarina|atk|1\n|turn|8\n|-message|schisch forfeited.\n|\n|win|kaalaas7\n|raw|schisch's rating: 1415 &rarr; <strong>1400</strong><br />(-15 for losing)\n|raw|kaalaas7's rating: 1499 &rarr; <strong>1514</strong><br />(+15 for winning)\n|l|☆schisch\n|player|p1|\n","uploadtime":1788384750,"views":"5","formatid":"gen9championsvgc2026regmb","rating":1400,"private":0,"password":null}