{"id":"gen9championsvgc2026regmb-2674742211","format":"[Gen 9 Champions] VGC 2026 Reg M-B","players":["echoes630","Kurrim"],"log":"|j|☆echoes630\n|j|☆Kurrim\n|t:|1788399104\n|gametype|doubles\n|player|p1|echoes630|1|1363\n|player|p2|Kurrim|pokemaniac|1456\n|gen|9\n|tier|[Gen 9 Champions] VGC 2026 Reg M-B\n|rated|\n|rule|Species Clause: Limit one of each Pokémon\n|rule|Item Clause: Limit 1 of each item\n|clearpoke\n|poke|p1|Raichu, L50, M|\n|poke|p1|Volcarona, L50, M|\n|poke|p1|Gengar, L50, M|\n|poke|p1|Kommo-o, L50, M|\n|poke|p1|Ninetales-Alola, L50, F|\n|poke|p1|Incineroar, L50, M|\n|poke|p2|Farigiraf, L50, M|\n|poke|p2|Palafin, L50, M|\n|poke|p2|Sneasler, L50, M|\n|poke|p2|Maushold-Four, L50|\n|poke|p2|Scovillain, L50, M|\n|poke|p2|Ditto, L50|\n|teampreview|4\n|inactive|Battle timer is ON: inactive players will automatically lose when time's up. (requested by Kurrim)\n|inactive|Kurrim has 60 seconds left.\n|\n|t:|1788399163\n|teamsize|p1|4\n|teamsize|p2|4\n|start\n|switch|p1a: Incineroar|Incineroar, L50, M|100/100\n|switch|p1b: Gengar|Gengar, L50, M|100/100\n|switch|p2a: Palafin|Palafin, L50, M|100/100\n|switch|p2b: Sneasler|Sneasler, L50, M|100/100\n|-ability|p1a: Incineroar|Intimidate|boost\n|-unboost|p2a: Palafin|atk|1\n|-unboost|p2b: Sneasler|atk|1\n|turn|1\n|\n|t:|1788399177\n|switch|p1a: Kommo-o|Kommo-o, L50, M|100/100\n|detailschange|p1b: Gengar|Gengar-Mega, L50, M\n|-mega|p1b: Gengar|Gengar|Gengarite\n|move|p1b: Gengar|Protect|p1b: Gengar\n|-singleturn|p1b: Gengar|Protect\n|move|p2b: Sneasler|Upper Hand||[still]\n|-fail|p2b: Sneasler\n|move|p2a: Palafin|Flip Turn|p1a: Kommo-o\n|-resisted|p1a: Kommo-o|1\n|-damage|p1a: Kommo-o|91/100\n|-damage|p2a: Palafin|90/100|[from] item: Life Orb\n|\n|t:|1788399182\n|detailschange|p2a: Palafin|Palafin-Hero, L50, M\n|switch|p2a: Ditto|Ditto, L50|100/100|[from] Flip Turn\n|-transform|p2a: Ditto|p1b: Gengar|[from] ability: Imposter\n|\n|-heal|p1a: Kommo-o|96/100|[from] item: Leftovers\n|upkeep\n|turn|2\n|inactive|echoes630 has 30 seconds left.\n|\n|t:|1788399210\n|switch|p1b: Incineroar|Incineroar, L50, M|100/100\n|-ability|p1b: Incineroar|Intimidate|boost\n|-unboost|p2a: Ditto|atk|1\n|-unboost|p2b: Sneasler|atk|1\n|move|p2a: Ditto|Shadow Ball|p1b: Incineroar\n|-resisted|p1b: Incineroar|1\n|-damage|p1b: Incineroar|75/100\n|move|p2b: Sneasler|Dire Claw|p1a: Kommo-o\n|-damage|p1a: Kommo-o|77/100\n|move|p1a: Kommo-o|Clanging Scales|p2b: Sneasler|[spread] p2a,p2b\n|-damage|p2a: Ditto|60/100\n|-damage|p2b: Sneasler|43/100\n|-unboost|p1a: Kommo-o|def|1\n|\n|-heal|p1a: Kommo-o|83/100|[from] item: Leftovers\n|upkeep\n|turn|3\n|inactive|Kurrim has 30 seconds left.\n|\n|t:|1788399238\n|switch|p2a: Palafin|Palafin-Hero, L50, M|90/100\n|-activate|p2a: Palafin|ability: Zero to Hero\n|switch|p2b: Scovillain|Scovillain, L50, M|100/100\n|move|p1a: Kommo-o|Protect|p1a: Kommo-o\n|-singleturn|p1a: Kommo-o|Protect\n|move|p1b: Incineroar|Parting Shot|p2a: Palafin\n|-unboost|p2a: Palafin|atk|1\n|-unboost|p2a: Palafin|spa|1\n|\n|t:|1788399246\n|switch|p1b: Gengar|Gengar-Mega, L50, M|100/100|[from] Parting Shot\n|\n|-heal|p1a: Kommo-o|89/100|[from] item: Leftovers\n|upkeep\n|turn|4\n|\n|t:|1788399254\n|switch|p1a: Incineroar|Incineroar, L50, M|75/100\n|-ability|p1a: Incineroar|Intimidate|boost\n|-unboost|p2a: Palafin|atk|1\n|-unboost|p2b: Scovillain|atk|1\n|detailschange|p2b: Scovillain|Scovillain-Mega, L50, M\n|-mega|p2b: Scovillain|Scovillain|Scovillainite\n|move|p1b: Gengar|Protect|p1b: Gengar\n|-singleturn|p1b: Gengar|Protect\n|move|p2b: Scovillain|Protect|p2b: Scovillain\n|-singleturn|p2b: Scovillain|Protect\n|move|p2a: Palafin|Flip Turn|p1b: Gengar\n|-activate|p1b: Gengar|move: Protect\n|\n|upkeep\n|turn|5\n|\n|t:|1788399276\n|move|p1a: Incineroar|Fake Out|p2a: Palafin\n|-damage|p2a: Palafin|78/100\n|move|p1b: Gengar|Sludge Bomb|p2b: Scovillain\n|-supereffective|p2b: Scovillain|1\n|-damage|p2b: Scovillain|0 fnt\n|-status|p1b: Gengar|brn|[from] ability: Spicy Spray|[of] p2b: Scovillain\n|faint|p2b: Scovillain\n|cant|p2a: Palafin|flinch\n|\n|-damage|p1b: Gengar|93/100 brn|[from] brn\n|upkeep\n|\n|t:|1788399281\n|switch|p2b: Sneasler|Sneasler, L50, M|43/100\n|turn|6\n|\n|t:|1788399291\n|switch|p1a: Volcarona|Volcarona, L50, M|100/100\n|move|p2b: Sneasler|Close Combat|p1a: Volcarona\n|-resisted|p1a: Volcarona|1\n|-damage|p1a: Volcarona|68/100\n|-unboost|p2b: Sneasler|def|1\n|-unboost|p2b: Sneasler|spd|1\n|-status|p2b: Sneasler|brn|[from] ability: Flame Body|[of] p1a: Volcarona\n|move|p1b: Gengar|Sludge Bomb|p2a: Palafin\n|-damage|p2a: Palafin|18/100\n|-status|p2a: Palafin|psn\n|move|p2a: Palafin|Flip Turn|p1b: Gengar\n|-damage|p1b: Gengar|62/100 brn\n|-damage|p2a: Palafin|9/100 psn|[from] item: Life Orb\n|\n|t:|1788399294\n|switch|p2a: Ditto|Ditto, L50|60/100|[from] Flip Turn\n|-transform|p2a: Ditto|p1b: Gengar|[from] ability: Imposter\n|\n|-damage|p2b: Sneasler|38/100 brn|[from] brn\n|-damage|p1b: Gengar|56/100 brn|[from] brn\n|upkeep\n|turn|7\n|\n|t:|1788399307\n|move|p1a: Volcarona|Rage Powder|p1a: Volcarona\n|-singleturn|p1a: Volcarona|move: Rage Powder\n|move|p2a: Ditto|Shadow Ball|p1a: Volcarona\n|-damage|p1a: Volcarona|28/100\n|-enditem|p1a: Volcarona|Sitrus Berry|[eat]\n|-heal|p1a: Volcarona|53/100|[from] item: Sitrus Berry\n|move|p2b: Sneasler|Dire Claw|p1a: Volcarona\n|-damage|p1a: Volcarona|33/100\n|-status|p1a: Volcarona|par\n|move|p1b: Gengar|Shadow Ball|p2a: Ditto\n|-supereffective|p2a: Ditto|1\n|-damage|p2a: Ditto|0 fnt\n|faint|p2a: Ditto\n|\n|-damage|p2b: Sneasler|32/100 brn|[from] brn\n|-damage|p1b: Gengar|50/100g brn|[from] brn\n|upkeep\n|\n|t:|1788399312\n|switch|p2a: Palafin|Palafin-Hero, L50, M|9/100 psn\n|turn|8\n|\n|t:|1788399324\n|move|p1b: Gengar|Protect|p1b: Gengar\n|-singleturn|p1b: Gengar|Protect\n|move|p2a: Palafin|Jet Punch|p1b: Gengar\n|-activate|p1b: Gengar|move: Protect\n|move|p2b: Sneasler|Dire Claw|p1a: Volcarona\n|-damage|p1a: Volcarona|14/100 par\n|move|p1a: Volcarona|Struggle Bug|p2b: Sneasler|[spread] p2a,p2b\n|-resisted|p2b: Sneasler|2\n|-damage|p2a: Palafin|0 fnt\n|-damage|p2b: Sneasler|23/100 brn\n|-unboost|p2b: Sneasler|spa|1\n|faint|p2a: Palafin\n|\n|-damage|p2b: Sneasler|17/100 brn|[from] brn\n|-damage|p1b: Gengar|44/100 brn|[from] brn\n|upkeep\n|turn|9\n|-message|Kurrim forfeited.\n|\n|win|echoes630\n|raw|echoes630's rating: 1363 &rarr; <strong>1388</strong><br />(+25 for winning)\n|raw|Kurrim's rating: 1456 &rarr; <strong>1431</strong><br />(-25 for losing)\n","uploadtime":1788399329,"views":"1","formatid":"gen9championsvgc2026regmb","rating":1388,"private":0,"password":null}