{"id":"gen9championsvgc2026regmb-2674978643","format":"[Gen 9 Champions] VGC 2026 Reg M-B","players":["VictoriousDancing","ScraggyFan"],"log":"|j|☆VictoriousDancing\n|j|‽ScraggyFan\n|t:|1788444589\n|gametype|doubles\n|player|p1|VictoriousDancing|cynthia|1429\n|player|p2|ScraggyFan|170|1517\n|gen|9\n|tier|[Gen 9 Champions] VGC 2026 Reg M-B\n|rated|\n|rule|Species Clause: Limit one of each Pokémon\n|rule|Item Clause: Limit 1 of each item\n|clearpoke\n|poke|p1|Charizard, L50, M, shiny|\n|poke|p1|Basculegion, L50, M, shiny|\n|poke|p1|Whimsicott, L50, M, shiny|\n|poke|p1|Garchomp, L50, M, shiny|\n|poke|p1|Kingambit, L50, M, shiny|\n|poke|p1|Floette-Eternal, L50, F|\n|poke|p2|Archaludon, L50, M|\n|poke|p2|Dragonite, L50, F|\n|poke|p2|Sinistcha, L50|\n|poke|p2|Politoed, L50, F|\n|poke|p2|Sableye, L50, F, shiny|\n|poke|p2|Venusaur, L50, F|\n|teampreview|4\n|inactive|Battle timer is ON: inactive players will automatically lose when time's up. (requested by ScraggyFan)\n|inactive|VictoriousDancing also wants the timer to be on.\nVictoriousDancing rejected open team sheets.\n|\n|t:|1788444599\n|teamsize|p1|4\n|teamsize|p2|4\n|start\n|switch|p1a: Whimsicott|Whimsicott, L50, M, shiny|100/100\n|switch|p1b: Charizard|Charizard, L50, M, shiny|100/100\n|switch|p2a: Venusaur|Venusaur, L50, F|100/100\n|switch|p2b: Sableye|Sableye, L50, F, shiny|100/100\n|turn|1\n|\n|t:|1788444615\n|detailschange|p2a: Venusaur|Venusaur-Mega, L50, F\n|-mega|p2a: Venusaur|Venusaur|Venusaurite\n|detailschange|p1b: Charizard|Charizard-Mega-Y, L50, M, shiny\n|-mega|p1b: Charizard|Charizard|Charizardite Y\n|-weather|SunnyDay|[from] ability: Drought|[of] p1b: Charizard\n|move|p1a: Whimsicott|Tailwind|p1a: Whimsicott\n|-sidestart|p1: VictoriousDancing|move: Tailwind\n|move|p2b: Sableye|Rain Dance|p2b: Sableye\n|-weather|RainDance\n|move|p1b: Charizard|Heat Wave|p2b: Sableye|[spread] p2a,p2b\n|-supereffective|p2a: Venusaur|1\n|-damage|p2a: Venusaur|79/100\n|-damage|p2b: Sableye|74/100\n|move|p2a: Venusaur|Sludge Bomb|p1a: Whimsicott\n|-supereffective|p1a: Whimsicott|2\n|-enditem|p1a: Whimsicott|Focus Sash\n|-damage|p1a: Whimsicott|1/100\n|\n|-weather|RainDance|[upkeep]\n|upkeep\n|turn|2\n|inactive|ScraggyFan has 30 seconds left.\n|\n|t:|1788444643\n|switch|p1b: Basculegion|Basculegion, L50, M, shiny|100/100\n|move|p1a: Whimsicott|Encore|p2a: Venusaur\n|-start|p2a: Venusaur|Encore\n|move|p2b: Sableye|Light Screen|p2b: Sableye\n|-sidestart|p2: ScraggyFan|move: Light Screen\n|move|p2a: Venusaur|Sludge Bomb|p1a: Whimsicott\n|-supereffective|p1a: Whimsicott|2\n|-damage|p1a: Whimsicott|0 fnt\n|faint|p1a: Whimsicott\n|\n|-weather|RainDance|[upkeep]\n|upkeep\n|\n|t:|1788444643\n|switch|p1a: Charizard|Charizard-Mega-Y, L50, M, shiny|100/100\n|-weather|SunnyDay|[from] ability: Drought|[of] p1a: Charizard\n|turn|3\n|\n|t:|1788444664\n|switch|p2a: Politoed|Politoed, L50, F|100/100\n|-weather|RainDance|[from] ability: Drizzle|[of] p2a: Politoed\n|move|p2b: Sableye|Will-O-Wisp|p1b: Basculegion\n|-status|p1b: Basculegion|brn\n|move|p1b: Basculegion|Flip Turn|p2b: Sableye\n|-crit|p2b: Sableye\n|-damage|p2b: Sableye|17/100\n|\n|t:|1788444664\n|switch|p1b: Garchomp|Garchomp, L50, M, shiny|100/100|[from] Flip Turn\n|move|p1a: Charizard|Heat Wave|p2b: Sableye|[spread] p2a,p2b\n|-resisted|p2a: Politoed|1\n|-damage|p2a: Politoed|93/100\n|-damage|p2b: Sableye|2/100\n|\n|-weather|RainDance|[upkeep]\n|upkeep\n|turn|4\n|\n|t:|1788444683\n|switch|p1a: Basculegion|Basculegion, L50, M, shiny|100/100 brn\n|switch|p2a: Archaludon|Archaludon, L50, M|100/100\n|move|p2b: Sableye|Will-O-Wisp|p1b: Garchomp\n|-status|p1b: Garchomp|brn\n|move|p1b: Garchomp|Rock Slide|p2b: Sableye|[spread] p2a,p2b\n|-resisted|p2a: Archaludon|1\n|-damage|p2a: Archaludon|96/100\n|-damage|p2b: Sableye|0 fnt\n|-ability|p2a: Archaludon|Stamina|boost\n|-boost|p2a: Archaludon|def|1\n|faint|p2b: Sableye\n|\n|-weather|RainDance|[upkeep]\n|-heal|p2a: Archaludon|100/100|[from] item: Leftovers\n|-damage|p1a: Basculegion|93/100 brn|[from] brn\n|-damage|p1b: Garchomp|93/100 brn|[from] brn\n|-sideend|p1: VictoriousDancing|move: Tailwind\n|upkeep\n|\n|t:|1788444693\n|switch|p2b: Venusaur|Venusaur-Mega, L50, F|79/100\n|turn|5\n|\n|t:|1788444703\n|move|p1a: Basculegion|Flip Turn|p2b: Venusaur\n|-resisted|p2b: Venusaur|1\n|-damage|p2b: Venusaur|64/100\n|\n|t:|1788444703\n|switch|p1a: Charizard|Charizard-Mega-Y, L50, M, shiny|100/100|[from] Flip Turn\n|-weather|SunnyDay|[from] ability: Drought|[of] p1a: Charizard\n|move|p1b: Garchomp|Earthquake|p2a: Archaludon|[spread] p2a,p2b\n|-immune|p1a: Charizard\n|-supereffective|p2a: Archaludon|1\n|-damage|p2a: Archaludon|82/100\n|-damage|p2b: Venusaur|45/100\n|-ability|p2a: Archaludon|Stamina|boost\n|-boost|p2a: Archaludon|def|1\n|move|p2b: Venusaur|Giga Drain|p1a: Charizard\n|-resisted|p1a: Charizard|2\n|-damage|p1a: Charizard|91/100\n|-heal|p2b: Venusaur|49/100|[from] drain|[of] p1a: Charizard\n|move|p2a: Archaludon|Dragon Pulse|p1b: Garchomp\n|-supereffective|p1b: Garchomp|1\n|-damage|p1b: Garchomp|4/100 brn\n|\n|-weather|SunnyDay|[upkeep]\n|-heal|p2a: Archaludon|88/100|[from] item: Leftovers\n|-damage|p1b: Garchomp|0 fnt|[from] brn\n|faint|p1b: Garchomp\n|upkeep\n|\n|t:|1788444704\n|switch|p1b: Basculegion|Basculegion, L50, M, shiny|93/100 brn\n|turn|6\n|\n|t:|1788444726\n|switch|p2b: Politoed|Politoed, L50, F|93/100\n|-weather|RainDance|[from] ability: Drizzle|[of] p2b: Politoed\n|move|p1b: Basculegion|Last Respects|p2b: Politoed\n|-damage|p2b: Politoed|36/100\n|move|p1a: Charizard|Weather Ball|p2a: Archaludon\n|-resisted|p2a: Archaludon|1\n|-damage|p2a: Archaludon|69/100\n|-ability|p2a: Archaludon|Stamina|boost\n|-boost|p2a: Archaludon|def|1\n|move|p2a: Archaludon|Electro Shot||[still]\n|-prepare|p2a: Archaludon|Electro Shot\n|-boost|p2a: Archaludon|spa|1\n|-anim|p2a: Archaludon|Electro Shot|p1a: Charizard\n|-supereffective|p1a: Charizard|1\n|-damage|p1a: Charizard|0 fnt\n|faint|p1a: Charizard\n|\n|-weather|RainDance|[upkeep]\n|-heal|p2a: Archaludon|75/100|[from] item: Leftovers\n|-damage|p1b: Basculegion|87/100 brn|[from] brn\n|upkeep\n|turn|7\n|\n|t:|1788444739\n|move|p1b: Basculegion|Last Respects|p2b: Politoed\n|-damage|p2b: Politoed|0 fnt\n|faint|p2b: Politoed\n|move|p2a: Archaludon|Electro Shot||[still]\n|-prepare|p2a: Archaludon|Electro Shot\n|-boost|p2a: Archaludon|spa|1\n|-anim|p2a: Archaludon|Electro Shot|p1b: Basculegion\n|-supereffective|p1b: Basculegion|1\n|-damage|p1b: Basculegion|0 fnt\n|faint|p1b: Basculegion\n|\n|win|ScraggyFan\n|raw|VictoriousDancing's rating: 1425 &rarr; <strong>1410</strong><br />(-15 for losing)\n|raw|ScraggyFan's rating: 1517 &rarr; <strong>1532</strong><br />(+15 for winning)\n|l|☆VictoriousDancing\n|player|p1|\n","uploadtime":1788444752,"views":"0","formatid":"gen9championsvgc2026regmb","rating":1410,"private":0,"password":null}