{"id":"gen9championsvgc2026regmb-2674945670","format":"[Gen 9 Champions] VGC 2026 Reg M-B","players":["countadamar","Pandasd_6"],"log":"|j|☆countadamar\n|j|☆Pandasd_6\n|t:|1788440157\n|gametype|doubles\n|player|p1|countadamar|dancer|1103\n|player|p2|Pandasd_6|1|1197\n|gen|9\n|tier|[Gen 9 Champions] VGC 2026 Reg M-B\n|rated|\n|rule|Species Clause: Limit one of each Pokémon\n|rule|Item Clause: Limit 1 of each item\n|clearpoke\n|poke|p1|Empoleon, L50, F, shiny|\n|poke|p1|Forretress, L50, F, shiny|\n|poke|p1|Wyrdeer, L50, F|\n|poke|p1|Talonflame, L50, F, shiny|\n|poke|p1|Heracross, L50, F|\n|poke|p1|Malamar, L50, F, shiny|\n|poke|p2|Gengar, L50, F|\n|poke|p2|Raichu, L50, F|\n|poke|p2|Blastoise, L50, F|\n|poke|p2|Sinistcha-Masterpiece, L50|\n|poke|p2|Incineroar, L50, F|\n|poke|p2|Hydreigon, L50, F|\n|teampreview|4\n|c|☆Pandasd_6|is that really how Forretress' shiny looks like\n|\n|t:|1788440196\n|teamsize|p1|4\n|teamsize|p2|4\n|start\n|switch|p1a: Wyrdeer|Wyrdeer, L50, F|100/100\n|switch|p1b: Empoleon|Empoleon, L50, F, shiny|100/100\n|switch|p2a: Trainwreck|Gengar, L50, F|100/100\n|switch|p2b: Raichu|Raichu, L50, F|100/100\n|-ability|p1a: Wyrdeer|Intimidate|boost\n|-unboost|p2a: Trainwreck|atk|1\n|-unboost|p2b: Raichu|atk|1\n|turn|1\n|c|☆countadamar|yahhhhh my fave shiny\n|c|☆countadamar|we perish songing?\n|\n|t:|1788440224\n|detailschange|p2a: Trainwreck|Gengar-Mega, L50, F\n|-mega|p2a: Trainwreck|Gengar|Gengarite\n|move|p2b: Raichu|Fake Out|p1a: Wyrdeer\n|-damage|p1a: Wyrdeer|91/100\n|move|p2a: Trainwreck|Perish Song|p2a: Trainwreck\n|-start|p1a: Wyrdeer|perish3|[silent]\n|-start|p1b: Empoleon|perish3|[silent]\n|-start|p2a: Trainwreck|perish3|[silent]\n|-start|p2b: Raichu|perish3|[silent]\n|-fieldactivate|move: Perish Song\n|move|p1b: Empoleon|Agility|p1b: Empoleon\n|-boost|p1b: Empoleon|spe|2\n|cant|p1a: Wyrdeer|flinch\n|\n|-start|p1b: Empoleon|perish3\n|-start|p2a: Trainwreck|perish3\n|-start|p2b: Raichu|perish3\n|-start|p1a: Wyrdeer|perish3\n|upkeep\n|turn|2\n|c|☆Pandasd_6|we do be perish songing\n|\n|t:|1788440250\n|move|p2a: Trainwreck|Protect|p2a: Trainwreck\n|-singleturn|p2a: Trainwreck|Protect\n|move|p1b: Empoleon|Ice Beam|p2a: Trainwreck\n|-activate|p2a: Trainwreck|move: Protect\n|move|p2b: Raichu|Nuzzle|p1b: Empoleon\n|-supereffective|p1b: Empoleon|1\n|-damage|p1b: Empoleon|85/100\n|-status|p1b: Empoleon|par\n|move|p1a: Wyrdeer|Skill Swap|p2a: Trainwreck\n|-activate|p2a: Trainwreck|move: Protect\n|\n|-start|p2a: Trainwreck|perish2\n|-start|p2b: Raichu|perish2\n|-start|p1b: Empoleon|perish2\n|-start|p1a: Wyrdeer|perish2\n|upkeep\n|turn|3\n|c|☆countadamar|perish song makes me sad\n|c|☆Pandasd_6|well my team is either Perish Song or Mega Blastoise but that doesn't really work against your team\n|\n|t:|1788440281\n|switch|p2a: Hydreigon|Hydreigon, L50, F|100/100\n|move|p2b: Raichu|Volt Switch|p2a: Hydreigon\n|-resisted|p2a: Hydreigon|1\n|-damage|p2a: Hydreigon|88/100\n|\n|t:|1788440286\n|switch|p2b: Trainwreck|Gengar-Mega, L50, F|100/100|[from] Volt Switch\n|move|p1b: Empoleon|Ice Beam|p2a: Hydreigon\n|-supereffective|p2a: Hydreigon|1\n|-damage|p2a: Hydreigon|15/100\n|move|p1a: Wyrdeer|Skill Swap|p2a: Hydreigon\n|-activate|p1a: Wyrdeer|Skill Swap|Levitate|Intimidate|[of] p2a: Hydreigon\n|-ability|p2a: Hydreigon|Intimidate|boost\n|-unboost|p1a: Wyrdeer|atk|1\n|-unboost|p1b: Empoleon|atk|1\n|-ability|p1b: Empoleon|Competitive|boost\n|-boost|p1b: Empoleon|spa|2\n|\n|-start|p1b: Empoleon|perish1\n|-start|p1a: Wyrdeer|perish1\n|upkeep\n|turn|4\n|-activate|p1a: Wyrdeer|item: Quick Claw\n|\n|t:|1788440308\n|move|p2b: Trainwreck|Protect|p2b: Trainwreck\n|-singleturn|p2b: Trainwreck|Protect\n|move|p1a: Wyrdeer|Skill Swap|p2b: Trainwreck\n|-activate|p2b: Trainwreck|move: Protect\n|move|p2a: Hydreigon|Tailwind|p2a: Hydreigon\n|-sidestart|p2: Pandasd_6|move: Tailwind\n|move|p1b: Empoleon|Surf|p2b: Trainwreck|[spread] p1a,p2a\n|-activate|p2b: Trainwreck|move: Protect\n|-resisted|p2a: Hydreigon|1\n|-damage|p1a: Wyrdeer|40/100\n|-damage|p2a: Hydreigon|0 fnt\n|faint|p2a: Hydreigon\n|\n|-start|p1b: Empoleon|perish0\n|-start|p1a: Wyrdeer|perish0\n|faint|p1b: Empoleon\n|faint|p1a: Wyrdeer\n|upkeep\n|\n|t:|1788440327\n|switch|p2a: Incineroar|Incineroar, L50, F|100/100\n|switch|p1b: Heracross|Heracross, L50, F|100/100\n|switch|p1a: Talonflame|Talonflame, L50, F, shiny|100/100\n|-ability|p2a: Incineroar|Intimidate|boost\n|-unboost|p1a: Talonflame|atk|1\n|-unboost|p1b: Heracross|atk|1\n|turn|5\n|\n|t:|1788440347\n|detailschange|p1b: Heracross|Heracross-Mega, L50, F\n|-mega|p1b: Heracross|Heracross|Heracronite\n|move|p1a: Talonflame|Quick Guard|p1a: Talonflame\n|-singleturn|p1a: Talonflame|Quick Guard\n|move|p2a: Incineroar|Fake Out|p1a: Talonflame\n|-activate|p1a: Talonflame|move: Quick Guard\n|move|p2b: Trainwreck|Perish Song|p2b: Trainwreck\n|-start|p1a: Talonflame|perish3|[silent]\n|-start|p1b: Heracross|perish3|[silent]\n|-start|p2a: Incineroar|perish3|[silent]\n|-start|p2b: Trainwreck|perish3|[silent]\n|-fieldactivate|move: Perish Song\n|move|p1b: Heracross|Rock Blast|p2b: Trainwreck\n|-damage|p2b: Trainwreck|88/100\n|-damage|p2b: Trainwreck|76/100\n|-damage|p2b: Trainwreck|64/100\n|-damage|p2b: Trainwreck|53/100\n|-damage|p2b: Trainwreck|41/100\n|-hitcount|p2b: Trainwreck|5\n|\n|-start|p2b: Trainwreck|perish3\n|-start|p1a: Talonflame|perish3\n|-start|p2a: Incineroar|perish3\n|-start|p1b: Heracross|perish3\n|upkeep\n|turn|6\n|c|☆Pandasd_6|GGs\n|c|☆Pandasd_6|I just protect 3 times in a row\n|\n|t:|1788440372\n|move|p2b: Trainwreck|Protect|p2b: Trainwreck\n|-singleturn|p2b: Trainwreck|Protect\n|move|p2a: Incineroar|Protect|p2a: Incineroar\n|-singleturn|p2a: Incineroar|Protect\n|move|p1a: Talonflame|Tailwind|p1a: Talonflame\n|-sidestart|p1: countadamar|move: Tailwind\n|move|p1b: Heracross|Rock Blast|p2a: Incineroar\n|-activate|p2a: Incineroar|move: Protect\n|\n|-start|p1a: Talonflame|perish2\n|-start|p2b: Trainwreck|perish2\n|-start|p1b: Heracross|perish2\n|-start|p2a: Incineroar|perish2\n|upkeep\n|turn|7\n|\n|t:|1788440396\n|move|p2b: Trainwreck|Protect||[still]\n|-fail|p2b: Trainwreck\n|move|p2a: Incineroar|Protect||[still]\n|-fail|p2a: Incineroar\n|move|p1a: Talonflame|Flare Blitz|p2a: Incineroar\n|-resisted|p2a: Incineroar|1\n|-damage|p2a: Incineroar|89/100\n|-damage|p1a: Talonflame|95/100|[from] Recoil\n|move|p1b: Heracross|Rock Blast|p2a: Incineroar\n|-supereffective|p2a: Incineroar|1\n|-damage|p2a: Incineroar|75/100\n|-supereffective|p2a: Incineroar|1\n|-damage|p2a: Incineroar|62/100\n|-supereffective|p2a: Incineroar|1\n|-damage|p2a: Incineroar|49/100\n|-enditem|p2a: Incineroar|Sitrus Berry|[eat]\n|-heal|p2a: Incineroar|73/100|[from] item: Sitrus Berry\n|-supereffective|p2a: Incineroar|1\n|-damage|p2a: Incineroar|60/100\n|-supereffective|p2a: Incineroar|1\n|-damage|p2a: Incineroar|47/100\n|-hitcount|p2a: Incineroar|5\n|\n|-start|p1a: Talonflame|perish1\n|-start|p2b: Trainwreck|perish1\n|-start|p1b: Heracross|perish1\n|-start|p2a: Incineroar|perish1\n|-sideend|p2: Pandasd_6|move: Tailwind\n|upkeep\n|turn|8\n|c|☆countadamar|it sstill making me sad\n|c|☆Pandasd_6|I know I got plenty of death threats playing this\n|c|☆Pandasd_6|but I'm practicing for a tournament so alas\n|c|☆countadamar|oh i wont threaten\n|c|☆countadamar|ill just be sad\n|c|☆Pandasd_6|I'm sorry :(\n|c|☆countadamar|any ideas how i can beat perish with this squad?\n|\n|t:|1788440471\n|move|p2b: Trainwreck|Protect|p2b: Trainwreck\n|-singleturn|p2b: Trainwreck|Protect\n|move|p2a: Incineroar|Protect|p2a: Incineroar\n|-singleturn|p2a: Incineroar|Protect\n|move|p1a: Talonflame|Dual Wingbeat|p2b: Trainwreck\n|-activate|p2b: Trainwreck|move: Protect\n|move|p1b: Heracross|Rock Blast|p2b: Trainwreck\n|-activate|p2b: Trainwreck|move: Protect\n|\n|-start|p1a: Talonflame|perish0\n|-start|p1b: Heracross|perish0\n|-start|p2b: Trainwreck|perish0\n|-start|p2a: Incineroar|perish0\n|faint|p1a: Talonflame\n|faint|p1b: Heracross\n|faint|p2b: Trainwreck\n|faint|p2a: Incineroar\n|\n|win|Pandasd_6\n|raw|countadamar's rating: 1103 &rarr; <strong>1085</strong><br />(-18 for losing)\n|raw|Pandasd_6's rating: 1197 &rarr; <strong>1215</strong><br />(+18 for winning)\n|c|☆Pandasd_6|wyrdeer skill swap turn 1\n|c|☆countadamar|i triedddddd that\n|c|☆Pandasd_6|like that was REALLY scary\n|c|☆countadamar|im glad it was a lil spook\n|c|☆Pandasd_6|if you suspect perish trap, start with Talonflame Wyrdeer\n|c|☆Pandasd_6|and you can quick guard the fake out\n|c|☆countadamar|quick guard the wyrdeer\n|c|☆countadamar|i see ya\n|c|☆Pandasd_6|cya\n|c|☆Pandasd_6|hf next!\n|c|☆countadamar|see ya! good luck and i hope people are nice\n|l|☆countadamar\n|player|p1|\n","uploadtime":1788440536,"views":"1","formatid":"gen9championsvgc2026regmb","rating":1085,"private":0,"password":null}