{"id":"gen9championsvgc2026regmb-2674258994","format":"[Gen 9 Champions] VGC 2026 Reg M-B","players":["sodiumthebase","Thornlace48812"],"log":"|j|☆sodiumthebase\n|j|☆Thornlace48812\n|t:|1788325297\n|gametype|doubles\n|player|p1|sodiumthebase|lady-gen4|1051\n|player|p2|Thornlace48812|1|1115\n|gen|9\n|tier|[Gen 9 Champions] VGC 2026 Reg M-B\n|rated|\n|rule|Species Clause: Limit one of each Pokémon\n|rule|Item Clause: Limit 1 of each item\n|clearpoke\n|poke|p1|Delphox, L50, M|\n|poke|p1|Rotom-Wash, L50|\n|poke|p1|Tsareena, L50, F|\n|poke|p1|Garchomp, L50, F|\n|poke|p1|Sylveon, L50, M|\n|poke|p1|Gholdengo, L50|\n|poke|p2|Garchomp, L50, F|\n|poke|p2|Charizard, L50, M|\n|poke|p2|Whimsicott, L50, M|\n|poke|p2|Sylveon, L50, F|\n|poke|p2|Kingambit, L50, M|\n|poke|p2|Basculegion, L50, M|\n|teampreview|4\n|inactive|Battle timer is ON: inactive players will automatically lose when time's up. (requested by Thornlace48812)\nThornlace48812 rejected open team sheets.\n|\n|t:|1788325309\n|teamsize|p1|4\n|teamsize|p2|4\n|start\n|switch|p1a: Rotom|Rotom-Wash, L50|100/100\n|switch|p1b: Delphox|Delphox, L50, M|100/100\n|switch|p2a: Sylveon|Sylveon, L50, F|100/100\n|switch|p2b: Charizard|Charizard, L50, M|100/100\n|turn|1\n|\n|t:|1788325327\n|detailschange|p1b: Delphox|Delphox-Mega, L50, M\n|-mega|p1b: Delphox|Delphox|Delphoxite\n|detailschange|p2b: Charizard|Charizard-Mega-Y, L50, M\n|-mega|p2b: Charizard|Charizard|Charizardite Y\n|-weather|SunnyDay|[from] ability: Drought|[of] p2b: Charizard\n|move|p2a: Sylveon|Detect|p2a: Sylveon\n|-singleturn|p2a: Sylveon|Protect\n|move|p1b: Delphox|Nasty Plot|p1b: Delphox\n|-boost|p1b: Delphox|spa|2\n|move|p2b: Charizard|Heat Wave|p1a: Rotom|[spread] p1a,p1b\n|-resisted|p1a: Rotom|1\n|-resisted|p1b: Delphox|1\n|-damage|p1a: Rotom|70/100\n|-damage|p1b: Delphox|71/100\n|move|p1a: Rotom|Hydro Pump|p2b: Charizard\n|-supereffective|p2b: Charizard|1\n|-damage|p2b: Charizard|60/100\n|\n|-weather|SunnyDay|[upkeep]\n|-heal|p1a: Rotom|76/100|[from] item: Leftovers\n|upkeep\n|turn|2\n|\n|t:|1788325347\n|move|p2b: Charizard|Protect|p2b: Charizard\n|-singleturn|p2b: Charizard|Protect\n|move|p1b: Delphox|Heat Wave|p2a: Sylveon|[spread] p2a\n|-activate|p2b: Charizard|move: Protect\n|-damage|p2a: Sylveon|0 fnt\n|faint|p2a: Sylveon\n|move|p1a: Rotom|Volt Switch|p2b: Charizard\n|-activate|p2b: Charizard|move: Protect\n|\n|-weather|SunnyDay|[upkeep]\n|-heal|p1a: Rotom|82/100|[from] item: Leftovers\n|upkeep\n|\n|t:|1788325348\n|switch|p2a: Whimsicott|Whimsicott, L50, M|100/100\n|turn|3\n|inactive|sodiumthebase has 30 seconds left.\n|inactive|sodiumthebase has 20 seconds left.\n|\n|t:|1788325387\n|move|p2a: Whimsicott|Tailwind|p2a: Whimsicott\n|-sidestart|p2: Thornlace48812|move: Tailwind\n|move|p2b: Charizard|Heat Wave|p1a: Rotom|[spread] p1a,p1b\n|-resisted|p1a: Rotom|1\n|-resisted|p1b: Delphox|1\n|-damage|p1a: Rotom|52/100\n|-damage|p1b: Delphox|40/100\n|move|p1b: Delphox|Heat Wave|p2b: Charizard|[spread] p2a,p2b\n|-supereffective|p2a: Whimsicott|1\n|-resisted|p2b: Charizard|1\n|-enditem|p2a: Whimsicott|Focus Sash\n|-damage|p2a: Whimsicott|1/100\n|-damage|p2b: Charizard|0 fnt\n|faint|p2b: Charizard\n|move|p1a: Rotom|Volt Switch|p2a: Whimsicott\n|-resisted|p2a: Whimsicott|1\n|-damage|p2a: Whimsicott|0 fnt\n|faint|p2a: Whimsicott\n|\n|t:|1788325402\n|switch|p1a: Sylveon|Sylveon, L50, M|100/100|[from] Volt Switch\n|\n|-weather|SunnyDay|[upkeep]\n|upkeep\n|\n|t:|1788325404\n|switch|p2a: Basculegion|Basculegion, L50, M|100/100\n|turn|4\n|\n|t:|1788325428\n|move|p2a: Basculegion|Last Respects|p1b: Delphox\n|-supereffective|p1b: Delphox|1\n|-damage|p1b: Delphox|0 fnt\n|faint|p1b: Delphox\n|move|p1a: Sylveon|Trailblaze|p2a: Basculegion\n|-supereffective|p2a: Basculegion|1\n|-crit|p2a: Basculegion\n|-damage|p2a: Basculegion|70/100\n|-boost|p1a: Sylveon|spe|1\n|\n|-weather|SunnyDay|[upkeep]\n|upkeep\n|\n|t:|1788325441\n|switch|p1b: Rotom|Rotom-Wash, L50|52/100\n|turn|5\n|\n|t:|1788325449\n|move|p1a: Sylveon|Trailblaze|p2a: Basculegion\n|-supereffective|p2a: Basculegion|1\n|-damage|p2a: Basculegion|51/100\n|-boost|p1a: Sylveon|spe|1\n|move|p2a: Basculegion|Wave Crash|p1a: Sylveon\n|-damage|p1a: Sylveon|24/100\n|-damage|p2a: Basculegion|30/100|[from] Recoil\n|move|p1b: Rotom|Volt Switch|p2a: Basculegion\n|-supereffective|p2a: Basculegion|1\n|-damage|p2a: Basculegion|0 fnt\n|faint|p2a: Basculegion\n|\n|win|sodiumthebase\n|raw|sodiumthebase's rating: 1051 &rarr; <strong>1089</strong><br />(+38 for winning)\n|raw|Thornlace48812's rating: 1117 &rarr; <strong>1087</strong><br />(-30 for losing)\n","uploadtime":1788325449,"views":"0","formatid":"gen9championsvgc2026regmb","rating":1087,"private":0,"password":null}