{"id":"gen9championsvgc2026regmbbo3-2674092215","format":"[Gen 9 Champions] VGC 2026 Reg M-B (Bo3)","players":["WoomyInverso","upinhuu"],"log":"|j|☆WoomyInverso\n|j|☆upinhuu\n|html|<table width=\"100%\"><tr><td align=\"left\">WoomyInverso</td><td align=\"right\">upinhuu</tr><tr><td align=\"left\"><i class=\"fa fa-circle-o\"></i> <i class=\"fa fa-circle-o\"></i> </td><td align=\"right\"><i class=\"fa fa-circle-o\"></i> <i class=\"fa fa-circle-o\"></i> </tr></table>\n|uhtml|bestof|<h2><strong>Game 1</strong> of <a href=\"/game-bestof3-gen9championsvgc2026regmbbo3-2674092214\">a best-of-3</a></h2>\n|t:|1788298046\n|gametype|doubles\n|player|p1|WoomyInverso|ingo|1194\n|player|p2|upinhuu|1|1134\n|gen|9\n|tier|[Gen 9 Champions] VGC 2026 Reg M-B (Bo3)\n|rated|\n|rule|Species Clause: Limit one of each Pokémon\n|rule|Item Clause: Limit 1 of each item\n|clearpoke\n|poke|p1|Garchomp, L50, M|\n|poke|p1|Farigiraf, L50, M|\n|poke|p1|Camerupt, L50, M|\n|poke|p1|Kangaskhan, L50, F|\n|poke|p1|Crabominable, L50, M|\n|poke|p1|Kingambit, L50, F|\n|poke|p2|Scovillain, L50, F, shiny|\n|poke|p2|Basculegion, L50, M|\n|poke|p2|Kingambit, L50, F|\n|poke|p2|Sneasler, L50, M|\n|poke|p2|Lycanroc-Dusk, L50, M|\n|poke|p2|Froslass, L50, F|\n|teampreview|4\n|showteam|p1|Garchomp||WhiteHerb|RoughSkin|DragonClaw,StompingTantrum,Protect,RockSlide|Jolly||M|||50|]Farigiraf||SitrusBerry|ArmorTail|Psychic,Thunderbolt,HelpingHand,TrickRoom|Quiet||M|||50|]Camerupt||Cameruptite|MagmaArmor|HeatWave,EarthPower,Eruption,Protect|Quiet||M|||50|]Kangaskhan||SilkScarf|Scrappy|FakeOut,LastResort|Brave||F|||50|]Crabominable||Crabominite|HyperCutter|DrainPunch,IceHammer,ThunderPunch,Protect|Brave||M|||50|]Kingambit||ChopleBerry|Defiant|KowtowCleave,SuckerPunch,IronHead,Protect|Brave||F|||50|\n|showteam|p2|Scovillain||Scovillainite|Moody|GigaDrain,Overheat,RagePowder,Protect|Bold||F|||50|]Basculegion||LifeOrb|Adaptability|WaveCrash,LastRespects,AquaJet,Protect|Adamant||M|||50|]Kingambit||BlackGlasses|Defiant|KowtowCleave,SuckerPunch,SwordsDance,Protect|Adamant||F|||50|]Sneasler||WhiteHerb|Unburden|CloseCombat,DireClaw,Protect,FakeOut|Adamant||M|||50|]Lycanroc-Dusk||FocusSash|ToughClaws|CloseCombat,Accelerock,RockSlide,Protect|Adamant||M|||50|]Froslass||Froslassite|CursedBody|Blizzard,ShadowBall,AuroraVeil,Protect|Timid||F|||50|\n|inactive|Battle timer is ON: inactive players will automatically lose when time's up. (requested by upinhuu)\n|inactive|upinhuu has 60 seconds left.\n|inactive|upinhuu has 30 seconds left.\n|\n|t:|1788298115\n|teamsize|p1|4\n|teamsize|p2|4\n|start\n|switch|p1a: Camerupt|Camerupt, L50, M|100/100\n|switch|p1b: Farigiraf|Farigiraf, L50, M|100/100\n|switch|p2a: John Dogs|Scovillain, L50, F, shiny|100/100\n|switch|p2b: Cisco|Sneasler, L50, M|100/100\n|turn|1\n|\n|t:|1788298136\n|detailschange|p2a: John Dogs|Scovillain-Mega, L50, F, shiny\n|-mega|p2a: John Dogs|Scovillain|Scovillainite\n|detailschange|p1a: Camerupt|Camerupt-Mega, L50, M\n|-mega|p1a: Camerupt|Camerupt|Cameruptite\n|move|p1b: Farigiraf|Helping Hand|p1a: Camerupt\n|-singleturn|p1a: Camerupt|Helping Hand|[of] p1b: Farigiraf\n|move|p2a: John Dogs|Protect|p2a: John Dogs\n|-singleturn|p2a: John Dogs|Protect\n|move|p2b: Cisco|Close Combat|p1b: Farigiraf\n|-damage|p1b: Farigiraf|42/100\n|-unboost|p2b: Cisco|def|1\n|-unboost|p2b: Cisco|spd|1\n|-enditem|p1b: Farigiraf|Sitrus Berry|[eat]\n|-heal|p1b: Farigiraf|67/100|[from] item: Sitrus Berry\n|-enditem|p2b: Cisco|White Herb\n|-clearnegativeboost|p2b: Cisco|[silent]\n|move|p1a: Camerupt|Eruption|p2a: John Dogs|[spread] p2b\n|-activate|p2a: John Dogs|move: Protect\n|-damage|p2b: Cisco|0 fnt\n|faint|p2b: Cisco\n|\n|upkeep\n|\n|t:|1788298158\n|switch|p2b: SlycedBread|Basculegion, L50, M|100/100\n|turn|2\n|\n|t:|1788298182\n|switch|p1a: Kangaskhan|Kangaskhan, L50, F|100/100\n|move|p2b: SlycedBread|Wave Crash|p1b: Farigiraf\n|-damage|p1b: Farigiraf|0 fnt\n|faint|p1b: Farigiraf\n|-damage|p2b: SlycedBread|76/100|[from] Recoil\n|-damage|p2b: SlycedBread|67/100|[from] item: Life Orb\n|move|p2a: John Dogs|Giga Drain|p1a: Kangaskhan\n|-damage|p1a: Kangaskhan|63/100\n|\n|upkeep\n|\n|t:|1788298189\n|switch|p1b: Camerupt|Camerupt-Mega, L50, M|100/100\n|turn|3\n|\n|t:|1788298209\n|switch|p1a: Kingambit|Kingambit, L50, F|100/100\n|move|p2b: SlycedBread|Protect|p2b: SlycedBread\n|-singleturn|p2b: SlycedBread|Protect\n|move|p2a: John Dogs|Protect|p2a: John Dogs\n|-singleturn|p2a: John Dogs|Protect\n|move|p1b: Camerupt|Eruption|p2b: SlycedBread|[spread] \n|-activate|p2a: John Dogs|move: Protect\n|-activate|p2b: SlycedBread|move: Protect\n|\n|upkeep\n|turn|4\n|\n|t:|1788298223\n|move|p2a: John Dogs|Rage Powder|p2a: John Dogs\n|-singleturn|p2a: John Dogs|move: Rage Powder\n|move|p1a: Kingambit|Sucker Punch||[still]\n|-fail|p1a: Kingambit\n|move|p2b: SlycedBread|Wave Crash|p1b: Camerupt\n|-supereffective|p1b: Camerupt|2\n|-damage|p1b: Camerupt|0 fnt\n|faint|p1b: Camerupt\n|-damage|p2b: SlycedBread|38/100|[from] Recoil\n|-damage|p2b: SlycedBread|28/100|[from] item: Life Orb\n|\n|upkeep\n|\n|t:|1788298227\n|switch|p1b: Kangaskhan|Kangaskhan, L50, F|63/100\n|turn|5\n|\n|t:|1788298238\n|move|p2b: SlycedBread|Protect|p2b: SlycedBread\n|-singleturn|p2b: SlycedBread|Protect\n|move|p2a: John Dogs|Protect|p2a: John Dogs\n|-singleturn|p2a: John Dogs|Protect\n|move|p1b: Kangaskhan|Fake Out|p2b: SlycedBread\n|-activate|p2b: SlycedBread|move: Protect\n|move|p1a: Kingambit|Kowtow Cleave|p2a: John Dogs\n|-activate|p2a: John Dogs|move: Protect\n|\n|upkeep\n|turn|6\n|inactive|upinhuu has 30 seconds left.\n|\n|t:|1788298264\n|move|p2a: John Dogs|Rage Powder|p2a: John Dogs\n|-singleturn|p2a: John Dogs|move: Rage Powder\n|move|p2b: SlycedBread|Wave Crash|p1b: Kangaskhan\n|-damage|p1b: Kangaskhan|0 fnt\n|faint|p1b: Kangaskhan\n|-damage|p2b: SlycedBread|6/100|[from] Recoil\n|-damage|p2b: SlycedBread|0 fnt|[from] item: Life Orb\n|faint|p2b: SlycedBread\n|move|p1a: Kingambit|Kowtow Cleave|p2a: John Dogs\n|-damage|p2a: John Dogs|57/100\n|-status|p1a: Kingambit|brn|[from] ability: Spicy Spray|[of] p2a: John Dogs\n|\n|-damage|p1a: Kingambit|93/100 brn|[from] brn\n|upkeep\n|\n|t:|1788298279\n|switch|p2b: DDee|Lycanroc-Dusk, L50, M|100/100\n|turn|7\n|\n|t:|1788298289\n|move|p2a: John Dogs|Rage Powder|p2a: John Dogs\n|-singleturn|p2a: John Dogs|move: Rage Powder\n|move|p2b: DDee|Close Combat|p1a: Kingambit\n|-supereffective|p1a: Kingambit|2\n|-crit|p1a: Kingambit\n|-enditem|p1a: Kingambit|Chople Berry|[eat]\n|-enditem|p1a: Kingambit|Chople Berry|[weaken]\n|-damage|p1a: Kingambit|0 fnt\n|-unboost|p2b: DDee|def|1\n|-unboost|p2b: DDee|spd|1\n|faint|p1a: Kingambit\n|\n|win|upinhuu\n||WoomyInverso is ready for game 2.\n|inactive|upinhuu has 30 seconds to confirm battle start!\n","uploadtime":1788298300,"views":"0","formatid":"gen9championsvgc2026regmbbo3","rating":null,"private":0,"password":null}