{"id":"gen9championsvgc2026regmb-2674674614","format":"[Gen 9 Champions] VGC 2026 Reg M-B","players":["makoyouidiot","yuor so bad"],"log":"|j|☆makoyouidiot\n|j|☆yuor so bad\n|t:|1788388664\n|gametype|doubles\n|player|p1|makoyouidiot|biker-gen4|1186\n|player|p2|yuor so bad|102|1105\n|gen|9\n|tier|[Gen 9 Champions] VGC 2026 Reg M-B\n|rated|\n|rule|Species Clause: Limit one of each Pokémon\n|rule|Item Clause: Limit 1 of each item\n|clearpoke\n|poke|p1|Sylveon, L50, F|\n|poke|p1|Floette-Eternal, L50, F|\n|poke|p1|Basculegion, L50, M|\n|poke|p1|Charizard, L50, F|\n|poke|p1|Whimsicott, L50, F|\n|poke|p1|Garchomp, L50, F|\n|poke|p2|Falinks, L50, shiny|\n|poke|p2|Golurk, L50|\n|poke|p2|Hatterene, L50, F|\n|poke|p2|Sableye, L50, M|\n|poke|p2|Chandelure, L50, F|\n|poke|p2|Toxapex, L50, M|\n|teampreview|4\n|inactive|Battle timer is ON: inactive players will automatically lose when time's up. (requested by makoyouidiot)\n|\n|t:|1788388694\n|teamsize|p1|4\n|teamsize|p2|4\n|start\n|switch|p1a: Sylveon|Sylveon, L50, F|100/100\n|switch|p1b: Floette|Floette-Eternal, L50, F|100/100\n|switch|p2a: Hatterene|Hatterene, L50, F|100/100\n|switch|p2b: Toxapex|Toxapex, L50, M|100/100\n|turn|1\n|\n|t:|1788388709\n|detailschange|p1b: Floette|Floette-Mega, L50, F\n|-mega|p1b: Floette|Floette|Floettite\n|-ability|p1b: Floette|Fairy Aura\n|move|p1b: Floette|Light of Ruin|p2b: Toxapex\n|-resisted|p2b: Toxapex|1\n|-damage|p2b: Toxapex|48/100\n|-damage|p1b: Floette|75/100|[from] Recoil\n|move|p2b: Toxapex|Toxic Spikes|p1b: Floette\n|-sidestart|p1: makoyouidiot|move: Toxic Spikes\n|move|p1a: Sylveon|Roar|p2a: Hatterene\n|move|p2a: Hatterene|Roar|p1a: Sylveon|[from] ability: Magic Bounce\n|drag|p1a: Basculegion|Basculegion, L50, M|100/100\n|-status|p1a: Basculegion|psn\n|move|p2a: Hatterene|Trick Room|p2a: Hatterene\n|-fieldstart|move: Trick Room|[of] p2a: Hatterene\n|\n|-damage|p1a: Basculegion|87/100 psn|[from] psn\n|upkeep\n|turn|2\n|inactive|makoyouidiot has 30 seconds left.\n|c|☆makoyouidiot|Didn't know that lol\n|inactive|makoyouidiot has 20 seconds left.\n|inactive|makoyouidiot has 15 seconds left.\n|\n|t:|1788388751\n|move|p2a: Hatterene|Shadow Ball|p1a: Basculegion\n|-supereffective|p1a: Basculegion|1\n|-damage|p1a: Basculegion|28/100 psn\n|move|p2b: Toxapex|Poison Jab|p1b: Floette\n|-supereffective|p1b: Floette|1\n|-damage|p1b: Floette|0 fnt\n|faint|p1b: Floette\n|-damage|p2b: Toxapex|38/100|[from] item: Life Orb\n|move|p1a: Basculegion|Wave Crash|p2a: Hatterene\n|-damage|p2a: Hatterene|0 fnt\n|faint|p2a: Hatterene\n|-damage|p1a: Basculegion|2/100 psn|[from] Recoil\n|-damage|p1a: Basculegion|0 fnt|[from] item: Life Orb\n|faint|p1a: Basculegion\n|\n|upkeep\n|\n|t:|1788388769\n|switch|p2a: Golurk|Golurk, L50|100/100\n|switch|p1a: Sylveon|Sylveon, L50, F|100/100\n|switch|p1b: Garchomp|Garchomp, L50, F|100/100\n|-status|p1a: Sylveon|psn\n|-status|p1b: Garchomp|psn\n|turn|3\n|\n|t:|1788388793\n|move|p1a: Sylveon|Detect|p1a: Sylveon\n|-singleturn|p1a: Sylveon|Protect\n|move|p2b: Toxapex|Poison Jab|p1a: Sylveon\n|-activate|p1a: Sylveon|move: Protect\n|move|p1b: Garchomp|Earthquake|p2a: Golurk|[spread] p2a,p2b\n|-activate|p1a: Sylveon|move: Protect\n|-supereffective|p2b: Toxapex|1\n|-damage|p2a: Golurk|51/100\n|-damage|p2b: Toxapex|0 fnt\n|faint|p2b: Toxapex\n|move|p2a: Golurk|Poltergeist|p1b: Garchomp\n|-activate|p1b: Garchomp|move: Poltergeist|Sitrus Berry\n|-damage|p1b: Garchomp|55/100 psn\n|\n|-damage|p1a: Sylveon|87/100 psn|[from] psn\n|-damage|p1b: Garchomp|42/100 psn|[from] psn\n|upkeep\n|-enditem|p1b: Garchomp|Sitrus Berry|[eat]\n|-heal|p1b: Garchomp|67/100 psn|[from] item: Sitrus Berry\n|\n|t:|1788388810\n|switch|p2b: Chandelure|Chandelure, L50, F|100/100\n|turn|4\n|\n|t:|1788388818\n|detailschange|p2b: Chandelure|Chandelure-Mega, L50, F\n|-mega|p2b: Chandelure|Chandelure|Chandelurite\n|move|p1a: Sylveon|Hyper Voice|p2a: Golurk|[spread] p2a,p2b\n|-crit|p2a: Golurk\n|-resisted|p2b: Chandelure|1\n|-damage|p2a: Golurk|0 fnt\n|-damage|p2b: Chandelure|71/100\n|faint|p2a: Golurk\n|move|p1b: Garchomp|Rock Slide|p2b: Chandelure\n|-supereffective|p2b: Chandelure|1\n|-damage|p2b: Chandelure|7/100\n|move|p2b: Chandelure|Calm Mind|p2b: Chandelure\n|-boost|p2b: Chandelure|spa|1\n|-boost|p2b: Chandelure|spd|1\n|\n|-damage|p1a: Sylveon|75/100 psn|[from] psn\n|-damage|p1b: Garchomp|55/100 psn|[from] psn\n|upkeep\n|turn|5\n|\n|t:|1788388839\n|move|p1a: Sylveon|Hyper Beam|p2b: Chandelure\n|-resisted|p2b: Chandelure|1\n|-damage|p2b: Chandelure|0 fnt\n|-mustrecharge|p1a: Sylveon\n|faint|p2b: Chandelure\n|\n|win|makoyouidiot\n|raw|makoyouidiot's rating: 1186 &rarr; <strong>1205</strong><br />(+19 for winning)\n|raw|yuor so bad's rating: 1105 &rarr; <strong>1086</strong><br />(-19 for losing)\n|l|☆yuor so bad\n|player|p2|\n","uploadtime":1788388850,"views":"8","formatid":"gen9championsvgc2026regmb","rating":1086,"private":0,"password":null}