{"id":"gen9championsvgc2026regmb-2674535317","format":"[Gen 9 Champions] VGC 2026 Reg M-B","players":["crumblingleech","ermmm ok buddy"],"log":"|j|☆crumblingleech\n|j|☆ermmm ok buddy\n|t:|1788371186\n|gametype|doubles\n|player|p1|crumblingleech|cynthia|1315\n|player|p2|ermmm ok buddy|pokekidf-gen8|1320\n|gen|9\n|tier|[Gen 9 Champions] VGC 2026 Reg M-B\n|rated|\n|rule|Species Clause: Limit one of each Pokémon\n|rule|Item Clause: Limit 1 of each item\n|clearpoke\n|poke|p1|Dragonite, L50, F, shiny|\n|poke|p1|Sneasler, L50, F|\n|poke|p1|Basculegion, L50, M|\n|poke|p1|Kingambit, L50, F|\n|poke|p1|Garchomp, L50, F, shiny|\n|poke|p1|Floette-Eternal, L50, F|\n|poke|p2|Mawile, L50, M, shiny|\n|poke|p2|Torkoal, L50, M, shiny|\n|poke|p2|Farigiraf, L50, F, shiny|\n|poke|p2|Gallade, L50, M, shiny|\n|poke|p2|Alcremie-Rainbow-Swirl, L50, F, shiny|\n|poke|p2|Primarina, L50, F|\n|teampreview|4\n|inactive|Battle timer is ON: inactive players will automatically lose when time's up. (requested by crumblingleech)\ncrumblingleech rejected open team sheets.\n|\n|t:|1788371215\n|teamsize|p1|4\n|teamsize|p2|4\n|start\n|switch|p1a: Floette|Floette-Eternal, L50, F|100/100\n|switch|p1b: Basculegion|Basculegion, L50, M|100/100\n|switch|p2a: Nicecream|Alcremie-Rainbow-Swirl, L50, F, shiny|100/100\n|switch|p2b: Long Neck|Farigiraf, L50, F, shiny|100/100\n|turn|1\n|inactive|ermmm ok buddy has 30 seconds left.\n|inactive|ermmm ok buddy has 20 seconds left.\n|inactive|ermmm ok buddy has 15 seconds left.\n|\n|t:|1788371258\n|detailschange|p1a: Floette|Floette-Mega, L50, F\n|-mega|p1a: Floette|Floette|Floettite\n|-ability|p1a: Floette|Fairy Aura\n|move|p2b: Long Neck|Protect|p2b: Long Neck\n|-singleturn|p2b: Long Neck|Protect\n|move|p1a: Floette|Dazzling Gleam|p2b: Long Neck|[spread] p2a\n|-activate|p2b: Long Neck|move: Protect\n|-damage|p2a: Nicecream|69/100\n|move|p1b: Basculegion|Wave Crash|p2b: Long Neck\n|-activate|p2b: Long Neck|move: Protect\n|move|p2a: Nicecream|Dazzling Gleam|p1a: Floette|[spread] p1a,p1b\n|-damage|p1a: Floette|71/100\n|-damage|p1b: Basculegion|67/100\n|\n|upkeep\n|turn|2\n|\n|t:|1788371277\n|move|p1a: Floette|Moonblast|p2b: Long Neck\n|-damage|p2b: Long Neck|28/100\n|-enditem|p2b: Long Neck|Sitrus Berry|[eat]\n|-heal|p2b: Long Neck|52/100|[from] item: Sitrus Berry\n|move|p1b: Basculegion|Wave Crash|p2b: Long Neck\n|-damage|p2b: Long Neck|0 fnt\n|faint|p2b: Long Neck\n|-damage|p1b: Basculegion|47/100|[from] Recoil\n|-damage|p1b: Basculegion|38/100|[from] item: Life Orb\n|move|p2a: Nicecream|Dazzling Gleam|p1b: Basculegion|[spread] p1a,p1b\n|-damage|p1a: Floette|39/100\n|-damage|p1b: Basculegion|3/100\n|\n|upkeep\n|\n|t:|1788371298\n|switch|p2b: Chomper|Mawile, L50, M, shiny|100/100\n|-ability|p2b: Chomper|Intimidate|boost\n|-unboost|p1a: Floette|atk|1\n|-unboost|p1b: Basculegion|atk|1\n|turn|3\n|inactive|crumblingleech has 30 seconds left.\n|\n|t:|1788371327\n|detailschange|p2b: Chomper|Mawile-Mega, L50, M, shiny\n|-mega|p2b: Chomper|Mawile|Mawilite\n|move|p1b: Basculegion|Protect|p1b: Basculegion\n|-singleturn|p1b: Basculegion|Protect\n|move|p2b: Chomper|Protect|p2b: Chomper\n|-singleturn|p2b: Chomper|Protect\n|move|p1a: Floette|Light of Ruin|p2b: Chomper\n|-activate|p2b: Chomper|move: Protect\n|move|p2a: Nicecream|Dazzling Gleam|p1b: Basculegion|[spread] p1a\n|-activate|p1b: Basculegion|move: Protect\n|-damage|p1a: Floette|11/100\n|\n|upkeep\n|turn|4\n|inactive|ermmm ok buddy has 30 seconds left.\n|inactive|ermmm ok buddy has 20 seconds left.\n|inactive|ermmm ok buddy has 15 seconds left.\n|inactive|ermmm ok buddy has 10 seconds left.\n|inactive|ermmm ok buddy has 5 seconds left.\n|\n|t:|1788371382\n|move|p2b: Chomper|Protect|p2b: Chomper\n|-singleturn|p2b: Chomper|Protect\n|move|p1a: Floette|Light of Ruin|p2a: Nicecream\n|-damage|p2a: Nicecream|0 fnt\n|faint|p2a: Nicecream\n|-damage|p1a: Floette|0 fnt|[from] Recoil\n|faint|p1a: Floette\n|move|p1b: Basculegion|Wave Crash|p2b: Chomper\n|-activate|p2b: Chomper|move: Protect\n|\n|upkeep\n|inactive|ermmm ok buddy has 30 seconds left.\n|inactive|ermmm ok buddy has 20 seconds left.\n|inactive|ermmm ok buddy has 15 seconds left.\n|inactive|ermmm ok buddy has 10 seconds left.\n|inactive|ermmm ok buddy has 5 seconds left.\n|\n|t:|1788371437\n|switch|p1a: Dragonite|Dragonite, L50, F, shiny|100/100\n|switch|p2a: G-Blade|Gallade, L50, M, shiny|100/100\n|turn|5\n|inactive|ermmm ok buddy has 30 seconds left.\n|inactive|ermmm ok buddy has 20 seconds left.\n|inactive|ermmm ok buddy has 15 seconds left.\n|inactive|ermmm ok buddy has 10 seconds left.\n|inactive|ermmm ok buddy has 5 seconds left.\n|\n|t:|1788371493\n|move|p2b: Chomper|Protect|p2b: Chomper\n|-singleturn|p2b: Chomper|Protect\n|move|p1a: Dragonite|Heat Wave|p2a: G-Blade|[spread] \n|-activate|p2b: Chomper|move: Protect\n|-miss|p1a: Dragonite|p2a: G-Blade\n|move|p1b: Basculegion|Last Respects|p2a: G-Blade\n|-supereffective|p2a: G-Blade|1\n|-damage|p2a: G-Blade|0 fnt\n|faint|p2a: G-Blade\n|-damage|p1b: Basculegion|0 fnt|[from] item: Life Orb\n|faint|p1b: Basculegion\n|\n|upkeep\n|c|☆crumblingleech|why waste so much time?\n|\n|t:|1788371497\n|switch|p1b: Kingambit|Kingambit, L50, F|100/100\n|turn|6\n|c|☆crumblingleech|like cmon\n|inactive|ermmm ok buddy has 30 seconds left.\n|inactive|ermmm ok buddy has 20 seconds left.\n|\n|t:|1788371534\n|move|p1a: Dragonite|Heat Wave|p2b: Chomper\n|-supereffective|p2b: Chomper|1\n|-damage|p2b: Chomper|27/100\n|move|p1b: Kingambit|Iron Head|p2b: Chomper\n|-damage|p2b: Chomper|0 fnt\n|faint|p2b: Chomper\n|\n|win|crumblingleech\n|raw|crumblingleech's rating: 1315 &rarr; <strong>1335</strong><br />(+20 for winning)\n|raw|ermmm ok buddy's rating: 1320 &rarr; <strong>1300</strong><br />(-20 for losing)\n|c|☆crumblingleech|loser lol gg\n","uploadtime":1788371540,"views":"0","formatid":"gen9championsvgc2026regmb","rating":1300,"private":0,"password":null}