{"id":"gen9championsvgc2026regmb-2674031006","format":"[Gen 9 Champions] VGC 2026 Reg M-B","players":["Yo_Asta","shain gang"],"log":"|j|☆Yo_Asta\n|j|☆shain gang\n|t:|1788290323\n|gametype|doubles\n|player|p1|Yo_Asta|clown|1072\n|player|p2|shain gang|lucas|1000\n|gen|9\n|tier|[Gen 9 Champions] VGC 2026 Reg M-B\n|rated|\n|rule|Species Clause: Limit one of each Pokémon\n|rule|Item Clause: Limit 1 of each item\n|clearpoke\n|poke|p1|Farigiraf, L50, M|\n|poke|p1|Arcanine-Hisui, L50, F, shiny|\n|poke|p1|Sylveon, L50, F|\n|poke|p1|Staraptor, L50, M|\n|poke|p1|Raichu, L50, F|\n|poke|p1|Kingambit, L50, F|\n|poke|p2|Malamar, L50, M|\n|poke|p2|Goodra-Hisui, L50, M|\n|poke|p2|Farigiraf, L50, M|\n|poke|p2|Tauros-Paldea-Blaze, L50, M, shiny|\n|poke|p2|Starmie, L50|\n|poke|p2|Sinistcha, L50|\n|teampreview|4\n|\n|t:|1788290344\n|teamsize|p1|4\n|teamsize|p2|4\n|start\n|switch|p1a: Farigiraf|Farigiraf, L50, M|100/100\n|switch|p1b: Raichu|Raichu, L50, F|100/100\n|switch|p2a: Malamar|Malamar, L50, M|100/100\n|switch|p2b: Goodra|Goodra-Hisui, L50, M|100/100\n|turn|1\n|inactive|Battle timer is ON: inactive players will automatically lose when time's up. (requested by Yo_Asta)\n|inactive|shain gang has 60 seconds left.\n|inactive|shain gang has 30 seconds left.\n|-activate|p2a: Malamar|item: Quick Claw\n|\n|t:|1788290433\n|detailschange|p1b: Raichu|Raichu-Mega-Y, L50, F\n|-mega|p1b: Raichu|Raichu|Raichunite Y\n|move|p1a: Farigiraf|Helping Hand|p1b: Raichu\n|-singleturn|p1b: Raichu|Helping Hand|[of] p1a: Farigiraf\n|move|p2a: Malamar|Skill Swap|p2b: Goodra\n|-activate|p2a: Malamar|Skill Swap|||[of] p2b: Goodra\n|-hint|Skill Swap does not announce the abilities of the Pokémon when used between allies.\n|move|p1b: Raichu|Focus Blast|p2b: Goodra\n|-supereffective|p2b: Goodra|1\n|-damage|p2b: Goodra|31/100\n|move|p2b: Goodra|Draco Meteor|p1b: Raichu\n|-damage|p1b: Raichu|38/100\n|-boost|p2b: Goodra|spa|2\n|\n|-heal|p2b: Goodra|37/100|[from] item: Leftovers\n|upkeep\n|turn|2\n|\n|t:|1788290453\n|move|p1a: Farigiraf|Helping Hand|p1b: Raichu\n|-singleturn|p1b: Raichu|Helping Hand|[of] p1a: Farigiraf\n|move|p2b: Goodra|Protect|p2b: Goodra\n|-singleturn|p2b: Goodra|Protect\n|move|p1b: Raichu|Focus Blast|p2b: Goodra\n|-activate|p2b: Goodra|move: Protect\n|move|p2a: Malamar|Trick Room|p2a: Malamar\n|-fieldstart|move: Trick Room|[of] p2a: Malamar\n|\n|-heal|p2b: Goodra|43/100|[from] item: Leftovers\n|upkeep\n|turn|3\n|\n|t:|1788290465\n|switch|p2a: Sinistcha|Sinistcha, L50|100/100\n|-heal|p2b: Goodra|67/100|[from] ability: Hospitality|[of] p2a: Sinistcha\n|move|p1b: Raichu|Protect|p1b: Raichu\n|-singleturn|p1b: Raichu|Protect\n|move|p2b: Goodra|Draco Meteor|p1b: Raichu\n|-activate|p1b: Raichu|move: Protect\n|move|p1a: Farigiraf|Trick Room|p1a: Farigiraf\n|-fieldend|move: Trick Room\n|\n|-heal|p2b: Goodra|73/100|[from] item: Leftovers\n|upkeep\n|turn|4\n|\n|t:|1788290481\n|move|p1a: Farigiraf|Helping Hand|p1b: Raichu\n|-singleturn|p1b: Raichu|Helping Hand|[of] p1a: Farigiraf\n|move|p2a: Sinistcha|Rage Powder|p2a: Sinistcha\n|-singleturn|p2a: Sinistcha|move: Rage Powder\n|move|p1b: Raichu|Focus Blast|p2a: Sinistcha\n|-immune|p2a: Sinistcha\n|move|p2b: Goodra|Draco Meteor|p1b: Raichu\n|-damage|p1b: Raichu|0 fnt\n|-boost|p2b: Goodra|spa|2\n|faint|p1b: Raichu\n|\n|-heal|p2b: Goodra|79/100|[from] item: Leftovers\n|upkeep\n|\n|t:|1788290492\n|switch|p1b: Sylveon|Sylveon, L50, F|100/100\n|turn|5\n|\n|t:|1788290503\n|move|p1a: Farigiraf|Helping Hand|p1b: Sylveon\n|-singleturn|p1b: Sylveon|Helping Hand|[of] p1a: Farigiraf\n|move|p2a: Sinistcha|Life Dew||[still]|[spread] p2a,p2b\n|-fail|p2a: Sinistcha|heal\n|-heal|p2b: Goodra|100/100\n|move|p1b: Sylveon|Hyper Voice|p2a: Sinistcha|[spread] p2a,p2b\n|-damage|p2a: Sinistcha|11/100\n|-damage|p2b: Goodra|61/100\n|move|p2b: Goodra|Draco Meteor|p1a: Farigiraf\n|-damage|p1a: Farigiraf|4/100\n|-boost|p2b: Goodra|spa|2\n|-enditem|p1a: Farigiraf|Sitrus Berry|[eat]\n|-heal|p1a: Farigiraf|29/100|[from] item: Sitrus Berry\n|\n|-heal|p2b: Goodra|67/100|[from] item: Leftovers\n|upkeep\n|turn|6\n|\n|t:|1788290522\n|move|p1a: Farigiraf|Helping Hand|p1b: Sylveon\n|-singleturn|p1b: Sylveon|Helping Hand|[of] p1a: Farigiraf\n|move|p2a: Sinistcha|Life Dew|p2a: Sinistcha|[spread] p2a,p2b\n|-heal|p2a: Sinistcha|37/100\n|-heal|p2b: Goodra|92/100\n|move|p1b: Sylveon|Hyper Voice|p2b: Goodra|[spread] p2a,p2b\n|-damage|p2a: Sinistcha|0 fnt\n|-damage|p2b: Goodra|58/100\n|faint|p2a: Sinistcha\n|move|p2b: Goodra|Muddy Water|p1b: Sylveon|[spread] p1a,p1b\n|-damage|p1a: Farigiraf|0 fnt\n|-damage|p1b: Sylveon|40/100\n|-unboost|p1b: Sylveon|accuracy|1\n|faint|p1a: Farigiraf\n|\n|-heal|p2b: Goodra|64/100|[from] item: Leftovers\n|upkeep\n|\n|t:|1788290539\n|switch|p2a: Malamar|Malamar, L50, M|100/100\n|switch|p1a: Kingambit|Kingambit, L50, F|100/100\n|turn|7\n|-activate|p2a: Malamar|item: Quick Claw\n|\n|t:|1788290553\n|move|p2b: Goodra|Protect|p2b: Goodra\n|-singleturn|p2b: Goodra|Protect\n|move|p1b: Sylveon|Hyper Beam|p2b: Goodra\n|-activate|p2b: Goodra|move: Protect\n|move|p1a: Kingambit|Swords Dance|p1a: Kingambit\n|-boost|p1a: Kingambit|atk|2\n|move|p2a: Malamar|Trick Room|p2a: Malamar\n|-fieldstart|move: Trick Room|[of] p2a: Malamar\n|\n|-heal|p2b: Goodra|70/100|[from] item: Leftovers\n|upkeep\n|turn|8\n|\n|t:|1788290573\n|move|p2b: Goodra|Protect|p2b: Goodra\n|-singleturn|p2b: Goodra|Protect\n|move|p1a: Kingambit|Kowtow Cleave|p2b: Goodra\n|-activate|p2b: Goodra|move: Protect\n|move|p1b: Sylveon|Hyper Voice|p2b: Goodra|[spread] \n|-activate|p2b: Goodra|move: Protect\n|-miss|p1b: Sylveon|p2a: Malamar\n|move|p2a: Malamar|Reflect|p2a: Malamar\n|-sidestart|p2: shain gang|Reflect\n|\n|-heal|p2b: Goodra|75/100|[from] item: Leftovers\n|upkeep\n|turn|9\n|inactive|shain gang has 30 seconds left.\n|\n|t:|1788290605\n|move|p1a: Kingambit|Kowtow Cleave|p2b: Goodra\n|-damage|p2b: Goodra|0 fnt\n|faint|p2b: Goodra\n|-damage|p1a: Kingambit|90/100|[from] item: Life Orb\n|move|p1b: Sylveon|Hyper Voice|p2a: Malamar|[miss]\n|-miss|p1b: Sylveon|p2a: Malamar\n|move|p2a: Malamar|Rock Slide|p1b: Sylveon|[spread] p1a,p1b\n|-resisted|p1a: Kingambit|1\n|-crit|p1a: Kingambit\n|-damage|p1a: Kingambit|84/100\n|-damage|p1b: Sylveon|28/100\n|\n|upkeep\n|\n|t:|1788290620\n|switch|p2b: Farigiraf|Farigiraf, L50, M|100/100\n|turn|10\n|inactive|shain gang has 30 seconds left.\n|-activate|p2a: Malamar|item: Quick Claw\n|\n|t:|1788290653\n|move|p2a: Malamar|Skill Swap|p1b: Sylveon\n|-activate|p2a: Malamar|Skill Swap|Pixilate|Contrary|[of] p1b: Sylveon\n|move|p1a: Kingambit|Kowtow Cleave|p2b: Farigiraf\n|-supereffective|p2b: Farigiraf|1\n|-damage|p2b: Farigiraf|0 fnt\n|faint|p2b: Farigiraf\n|-damage|p1a: Kingambit|74/100|[from] item: Life Orb\n|move|p1b: Sylveon|Hyper Voice|p2a: Malamar\n|-damage|p2a: Malamar|68/100\n|\n|upkeep\n|turn|11\n|-activate|p2a: Malamar|item: Quick Claw\n|\n|t:|1788290674\n|move|p2a: Malamar|Rock Slide|p1b: Sylveon|[spread] p1a,p1b\n|-resisted|p1a: Kingambit|1\n|-damage|p1a: Kingambit|70/100\n|-damage|p1b: Sylveon|16/100\n|move|p1a: Kingambit|Kowtow Cleave|p2a: Malamar\n|-damage|p2a: Malamar|3/100\n|-damage|p1a: Kingambit|60/100|[from] item: Life Orb\n|move|p1b: Sylveon|Hyper Beam|p2a: Malamar\n|-damage|p2a: Malamar|0 fnt\n|-mustrecharge|p1b: Sylveon\n|faint|p2a: Malamar\n|\n|win|Yo_Asta\n|raw|Yo_Asta's rating: 1072 &rarr; <strong>1095</strong><br />(+23 for winning)\n|raw|shain gang's rating: 1000 &rarr; <strong>1000</strong><br />(+0 for losing)\n|l|☆shain gang\n|player|p2|\n","uploadtime":1788290686,"views":"6","formatid":"gen9championsvgc2026regmb","rating":1000,"private":0,"password":null}