{"id":"gen9championsvgc2026regmb-2674153992","format":"[Gen 9 Champions] VGC 2026 Reg M-B","players":["Daap_15","rauhtr"],"log":"|j|☆Daap_15\n|j|☆rauhtr\n|t:|1788307181\n|gametype|doubles\n|player|p1|Daap_15|pokemaniac|1207\n|player|p2|rauhtr|red-masters|1271\n|gen|9\n|tier|[Gen 9 Champions] VGC 2026 Reg M-B\n|rated|\n|rule|Species Clause: Limit one of each Pokémon\n|rule|Item Clause: Limit 1 of each item\n|clearpoke\n|poke|p1|Aerodactyl, L50, M, shiny|\n|poke|p1|Kingambit, L50, M, shiny|\n|poke|p1|Farigiraf, L50, F, shiny|\n|poke|p1|Whimsicott, L50, F, shiny|\n|poke|p1|Charizard, L50, M, shiny|\n|poke|p1|Garchomp, L50, F, shiny|\n|poke|p2|Sneasler, L50, M|\n|poke|p2|Incineroar, L50, M|\n|poke|p2|Delphox, L50, M|\n|poke|p2|Garchomp, L50, F|\n|poke|p2|Raichu, L50, M|\n|poke|p2|Sinistcha, L50|\n|teampreview|4\n|inactive|Battle timer is ON: inactive players will automatically lose when time's up. (requested by rauhtr)\nDaap_15 rejected open team sheets.\n|inactive|rauhtr has 60 seconds left.\n|inactive|Daap_15 has 60 seconds left.\n|inactive|rauhtr has 30 seconds left.\n|inactive|rauhtr has 20 seconds left.\n|inactive|rauhtr has 15 seconds left.\n|inactive|rauhtr has 10 seconds left.\n|\n|t:|1788307266\n|teamsize|p1|4\n|teamsize|p2|4\n|start\n|switch|p1a: Farigiraf|Farigiraf, L50, F, shiny|100/100\n|switch|p1b: Kingambit|Kingambit, L50, M, shiny|100/100\n|switch|p2a: Sneasler|Sneasler, L50, M|100/100\n|switch|p2b: Raichu|Raichu, L50, M|100/100\n|turn|1\n|\n|t:|1788307289\n|detailschange|p2b: Raichu|Raichu-Mega-Y, L50, M\n|-mega|p2b: Raichu|Raichu|Raichunite Y\n|move|p1b: Kingambit|Protect|p1b: Kingambit\n|-singleturn|p1b: Kingambit|Protect\n|move|p2a: Sneasler|Feint||[still]\n|cant|p1a: Farigiraf|ability: Armor Tail|Feint|[of] p2a: Sneasler\n|move|p2b: Raichu|Focus Blast|p1b: Kingambit\n|-activate|p1b: Kingambit|move: Protect\n|move|p1a: Farigiraf|Trick Room|p1a: Farigiraf\n|-fieldstart|move: Trick Room|[of] p1a: Farigiraf\n|\n|upkeep\n|turn|2\n|\n|t:|1788307303\n|move|p2b: Raichu|Protect|p2b: Raichu\n|-singleturn|p2b: Raichu|Protect\n|move|p1b: Kingambit|Kowtow Cleave|p2b: Raichu\n|-activate|p2b: Raichu|move: Protect\n|move|p1a: Farigiraf|Psychic|p2a: Sneasler\n|-supereffective|p2a: Sneasler|2\n|-damage|p2a: Sneasler|0 fnt\n|faint|p2a: Sneasler\n|\n|upkeep\n|\n|t:|1788307311\n|switch|p2a: Sinistcha|Sinistcha, L50|100/100\n|turn|3\n|\n|t:|1788307319\n|move|p2a: Sinistcha|Rage Powder|p2a: Sinistcha\n|-singleturn|p2a: Sinistcha|move: Rage Powder\n|move|p1b: Kingambit|Kowtow Cleave|p2a: Sinistcha\n|-supereffective|p2a: Sinistcha|1\n|-enditem|p2a: Sinistcha|Colbur Berry|[eat]\n|-enditem|p2a: Sinistcha|Colbur Berry|[weaken]\n|-damage|p2a: Sinistcha|62/100\n|move|p1a: Farigiraf|Psychic|p2a: Sinistcha\n|-damage|p2a: Sinistcha|16/100\n|move|p2b: Raichu|Focus Blast|p1b: Kingambit\n|-supereffective|p1b: Kingambit|2\n|-enditem|p1b: Kingambit|Chople Berry|[eat]\n|-enditem|p1b: Kingambit|Chople Berry|[weaken]\n|-damage|p1b: Kingambit|1/100\n|\n|upkeep\n|turn|4\n|\n|t:|1788307338\n|switch|p2a: Garchomp|Garchomp, L50, F|100/100\n|move|p1b: Kingambit|Kowtow Cleave|p2b: Raichu\n|-damage|p2b: Raichu|0 fnt\n|faint|p2b: Raichu\n|move|p1a: Farigiraf|Psychic|p2a: Garchomp\n|-damage|p2a: Garchomp|52/100\n|\n|upkeep\n|\n|t:|1788307345\n|switch|p2b: Sinistcha|Sinistcha, L50|16/100\n|-heal|p2a: Garchomp|77/100|[from] ability: Hospitality|[of] p2b: Sinistcha\n|turn|5\n|\n|t:|1788307353\n|move|p1b: Kingambit|Kowtow Cleave|p2b: Sinistcha\n|-supereffective|p2b: Sinistcha|1\n|-damage|p2b: Sinistcha|0 fnt\n|faint|p2b: Sinistcha\n|move|p1a: Farigiraf|Psychic|p2a: Garchomp\n|-damage|p2a: Garchomp|33/100\n|move|p2a: Garchomp|Earthquake|p1a: Farigiraf|[spread] p1a,p1b\n|-supereffective|p1b: Kingambit|1\n|-damage|p1a: Farigiraf|65/100\n|-damage|p1b: Kingambit|0 fnt\n|faint|p1b: Kingambit\n|\n|-fieldend|move: Trick Room\n|upkeep\n|\n|t:|1788307364\n|switch|p1b: Garchomp|Garchomp, L50, F, shiny|100/100\n|turn|6\n|\n|t:|1788307384\n|move|p2a: Garchomp|Earthquake|p1a: Farigiraf|[spread] p1a,p1b\n|-damage|p1a: Farigiraf|31/100\n|-damage|p1b: Garchomp|59/100\n|-enditem|p1a: Farigiraf|Sitrus Berry|[eat]\n|-heal|p1a: Farigiraf|56/100|[from] item: Sitrus Berry\n|move|p1b: Garchomp|Dragon Claw|p2a: Garchomp\n|-supereffective|p2a: Garchomp|1\n|-damage|p2a: Garchomp|0 fnt\n|-damage|p1b: Garchomp|47/100|[from] ability: Rough Skin|[of] p2a: Garchomp\n|faint|p2a: Garchomp\n|-damage|p1b: Garchomp|37/100|[from] item: Life Orb\n|\n|win|Daap_15\n|raw|Daap_15's rating: 1207 &rarr; <strong>1237</strong><br />(+30 for winning)\n|raw|rauhtr's rating: 1271 &rarr; <strong>1241</strong><br />(-30 for losing)\n|l|☆rauhtr\n|player|p2|\n","uploadtime":1788307400,"views":"0","formatid":"gen9championsvgc2026regmb","rating":1237,"private":0,"password":null}