{"id":"gen9championsvgc2026regmb-2674569724","format":"[Gen 9 Champions] VGC 2026 Reg M-B","players":["roy kasoy","ErrolTWilliger"],"log":"|j|☆roy kasoy\n|j|☆ErrolTWilliger\n|t:|1788375086\n|gametype|doubles\n|player|p1|roy kasoy|hilbert|1193\n|player|p2|ErrolTWilliger|101|1143\n|gen|9\n|tier|[Gen 9 Champions] VGC 2026 Reg M-B\n|rated|\n|rule|Species Clause: Limit one of each Pokémon\n|rule|Item Clause: Limit 1 of each item\n|clearpoke\n|poke|p1|Beedrill, L50, F|\n|poke|p1|Archaludon, L50, M|\n|poke|p1|Swampert, L50, M|\n|poke|p1|Pelipper, L50, M|\n|poke|p1|Farigiraf, L50, F|\n|poke|p1|Incineroar, L50, F|\n|poke|p2|Glimmora, L50, F|\n|poke|p2|Ninetales-Alola, L50, M|\n|poke|p2|Kingambit, L50, M|\n|poke|p2|Basculegion, L50, M|\n|poke|p2|Whimsicott, L50, F|\n|poke|p2|Kommo-o, L50, F|\n|teampreview|4\n|inactive|Battle timer is ON: inactive players will automatically lose when time's up. (requested by ErrolTWilliger)\n|\n|t:|1788375141\n|teamsize|p1|4\n|teamsize|p2|4\n|start\n|switch|p1a: Farigiraf|Farigiraf, L50, F|100/100\n|switch|p1b: Incineroar|Incineroar, L50, F|100/100\n|switch|p2a: Kururu|Whimsicott, L50, F|100/100\n|switch|p2b: Grim Pattern|Glimmora, L50, F|100/100\n|-ability|p1b: Incineroar|Intimidate|boost\n|-unboost|p2a: Kururu|atk|1\n|-unboost|p2b: Grim Pattern|atk|1\n|turn|1\n|\n|t:|1788375162\n|detailschange|p2b: Grim Pattern|Glimmora-Mega, L50, F\n|-mega|p2b: Grim Pattern|Glimmora|Glimmoranite\n|move|p1b: Incineroar|Fake Out|p2a: Kururu\n|-damage|p2a: Kururu|80/100\n|cant|p2a: Kururu|flinch\n|move|p2b: Grim Pattern|Power Gem|p1b: Incineroar\n|-supereffective|p1b: Incineroar|1\n|-damage|p1b: Incineroar|0 fnt\n|faint|p1b: Incineroar\n|move|p1a: Farigiraf|Trick Room|p1a: Farigiraf\n|-fieldstart|move: Trick Room|[of] p1a: Farigiraf\n|\n|upkeep\n|\n|t:|1788375180\n|switch|p1b: Archaludon|Archaludon, L50, M|100/100\n|turn|2\n|\n|t:|1788375200\n|move|p2a: Kururu|Encore||[still]\n|cant|p1a: Farigiraf|ability: Armor Tail|Encore|[of] p2a: Kururu\n|move|p1a: Farigiraf|Rain Dance|p1a: Farigiraf\n|-weather|RainDance\n|move|p1b: Archaludon|Flash Cannon|p2b: Grim Pattern\n|-supereffective|p2b: Grim Pattern|1\n|-damage|p2b: Grim Pattern|16/100\n|move|p2b: Grim Pattern|Earth Power|p1b: Archaludon\n|-supereffective|p1b: Archaludon|1\n|-damage|p1b: Archaludon|25/100\n|-ability|p1b: Archaludon|Stamina|boost\n|-boost|p1b: Archaludon|def|1\n|\n|-weather|RainDance|[upkeep]\n|-heal|p1b: Archaludon|31/100|[from] item: Leftovers\n|upkeep\n|turn|3\n|\n|t:|1788375217\n|move|p2b: Grim Pattern|Spiky Shield|p2b: Grim Pattern\n|-singleturn|p2b: Grim Pattern|move: Protect\n|move|p1a: Farigiraf|Psychic|p2b: Grim Pattern\n|-activate|p2b: Grim Pattern|move: Protect\n|move|p1b: Archaludon|Flash Cannon|p2a: Kururu\n|-supereffective|p2a: Kururu|1\n|-damage|p2a: Kururu|0 fnt\n|faint|p2a: Kururu\n|\n|-weather|RainDance|[upkeep]\n|-heal|p1b: Archaludon|38/100|[from] item: Leftovers\n|upkeep\n|\n|t:|1788375228\n|switch|p2a: Lackey|Basculegion, L50, M|100/100\n|turn|4\n|\n|t:|1788375238\n|move|p1a: Farigiraf|Psychic|p2b: Grim Pattern\n|-supereffective|p2b: Grim Pattern|1\n|-damage|p2b: Grim Pattern|0 fnt\n|faint|p2b: Grim Pattern\n|move|p1b: Archaludon|Electro Shot||[still]\n|-prepare|p1b: Archaludon|Electro Shot\n|-boost|p1b: Archaludon|spa|1\n|-anim|p1b: Archaludon|Electro Shot|p2a: Lackey\n|-supereffective|p2a: Lackey|1\n|-damage|p2a: Lackey|0 fnt\n|faint|p2a: Lackey\n|\n|-weather|RainDance|[upkeep]\n|-heal|p1b: Archaludon|44/100|[from] item: Leftovers\n|upkeep\n|\n|t:|1788375251\n|switch|p2b: Camo|Ninetales-Alola, L50, M|100/100\n|-weather|Snowscape|[from] ability: Snow Warning|[of] p2b: Camo\n|turn|5\n|\n|t:|1788375266\n|move|p1b: Archaludon|Protect|p1b: Archaludon\n|-singleturn|p1b: Archaludon|Protect\n|move|p1a: Farigiraf|Rain Dance|p1a: Farigiraf\n|-weather|RainDance\n|move|p2b: Camo|Blizzard|p1b: Archaludon|[spread] p1a\n|-activate|p1b: Archaludon|move: Protect\n|-damage|p1a: Farigiraf|66/100\n|\n|-weather|RainDance|[upkeep]\n|-heal|p1b: Archaludon|50/100g|[from] item: Leftovers\n|-fieldend|move: Trick Room\n|upkeep\n|turn|6\n|inactive|ErrolTWilliger has 30 seconds left.\n|inactive|ErrolTWilliger has 20 seconds left.\n|\n|t:|1788375304\n|move|p2b: Camo|Blizzard|p1a: Farigiraf|[spread] p1b\n|-miss|p2b: Camo|p1a: Farigiraf\n|-damage|p1b: Archaludon|13/100\n|-ability|p1b: Archaludon|Stamina|boost\n|-boost|p1b: Archaludon|def|1\n|move|p1b: Archaludon|Flash Cannon|p2b: Camo\n|-supereffective|p2b: Camo|2\n|-damage|p2b: Camo|0 fnt\n|faint|p2b: Camo\n|\n|win|roy kasoy\n|raw|roy kasoy's rating: 1193 &rarr; <strong>1214</strong><br />(+21 for winning)\n|raw|ErrolTWilliger's rating: 1143 &rarr; <strong>1122</strong><br />(-21 for losing)\n","uploadtime":1788375315,"views":"11","formatid":"gen9championsvgc2026regmb","rating":1122,"private":0,"password":null}