{"id":"gen9championsvgc2026regmbbo3-2674348503","format":"[Gen 9 Champions] VGC 2026 Reg M-B (Bo3)","players":["skratt_lol","pseudo_777"],"log":"|j|☆skratt_lol\n|j|☆pseudo_777\n|html|<table width=\"100%\"><tr><td align=\"left\">skratt_lol</td><td align=\"right\">pseudo_777</tr><tr><td align=\"left\"><i class=\"fa fa-circle-o\"></i> <i class=\"fa fa-circle-o\"></i> </td><td align=\"right\"><i class=\"fa fa-circle-o\"></i> <i class=\"fa fa-circle\"></i> </tr></table>\n|uhtml|bestof|<h2><strong>Game 2</strong> of <a href=\"/game-bestof3-gen9championsvgc2026regmbbo3-2674347810\">a best-of-3</a></h2>\n|t:|1788346394\n|gametype|doubles\n|player|p1|skratt_lol|ethan|1310\n|player|p2|pseudo_777|dancer|1322\n|gen|9\n|tier|[Gen 9 Champions] VGC 2026 Reg M-B (Bo3)\n|rated|\n|rule|Species Clause: Limit one of each Pokémon\n|rule|Item Clause: Limit 1 of each item\n|clearpoke\n|poke|p1|Gengar, L50, M, shiny|\n|poke|p1|Politoed, L50, M, shiny|\n|poke|p1|Incineroar, L50, M|\n|poke|p1|Archaludon, L50, M|\n|poke|p1|Vivillon-Pokeball, L50, M|\n|poke|p1|Swampert, L50, M|\n|poke|p2|Incineroar, L50, F|\n|poke|p2|Floette-Eternal, L50, F|\n|poke|p2|Whimsicott, L50, M|\n|poke|p2|Kingambit, L50, F|\n|poke|p2|Basculegion, L50, M|\n|poke|p2|Garchomp, L50, M|\n|teampreview|4\n|showteam|p1|Gengar||Gengarite|CursedBody|ShadowBall,PerishSong,SludgeBomb,Protect|Timid||M|||50|]Politoed||SitrusBerry|Drizzle|WeatherBall,Protect,PerishSong,Encore|Calm||M|||50|]Incineroar||PasshoBerry|Intimidate|FakeOut,PartingShot,Protect,DarkestLariat|Impish||M|||50|]Archaludon||Leftovers|Stamina|DracoMeteor,Protect,ElectroShot,FlashCannon|Calm||M|||50|]Vivillon-Pokeball||FocusSash|CompoundEyes|SleepPowder,Hurricane,Protect,RagePowder|Timid||M|||50|]Swampert||Swampertite|Torrent|HighHorsepower,WaveCrash,IcePunch,Protect|Adamant||M|||50|\n|showteam|p2|Incineroar||Charcoal|Intimidate|FakeOut,PartingShot,FlareBlitz,ThroatChop|Adamant||F|||50|]Floette-Eternal||Floettite|FlowerVeil|Moonblast,DazzlingGleam,LightofRuin,Protect|Modest||F|||50|]Whimsicott||FocusSash|Prankster|Protect,Tailwind,Moonblast,Encore|Timid||M|||50|]Kingambit||BlackGlasses|Defiant|SuckerPunch,Protect,KowtowCleave,SwordsDance|Adamant||F|||50|]Basculegion||LifeOrb|Adaptability|WaveCrash,AquaJet,Protect,LastRespects|Adamant||M|||50|]Garchomp||SitrusBerry|RoughSkin|DragonClaw,Protect,StompingTantrum,RockSlide|Adamant||M|||50|\n|\n|t:|1788346413\n|teamsize|p1|4\n|teamsize|p2|4\n|start\n|switch|p1a: Vivillon|Vivillon-Pokeball, L50, M|100/100\n|switch|p1b: Gengar|Gengar, L50, M, shiny|100/100\n|switch|p2a: Whimsicott|Whimsicott, L50, M|100/100\n|switch|p2b: Kingambit|Kingambit, L50, F|100/100\n|turn|1\n|\n|t:|1788346437\n|detailschange|p1b: Gengar|Gengar-Mega, L50, M, shiny\n|-mega|p1b: Gengar|Gengar|Gengarite\n|move|p1b: Gengar|Protect|p1b: Gengar\n|-singleturn|p1b: Gengar|Protect\n|move|p2b: Kingambit|Protect|p2b: Kingambit\n|-singleturn|p2b: Kingambit|Protect\n|move|p2a: Whimsicott|Moonblast|p1a: Vivillon\n|-damage|p1a: Vivillon|44/100\n|move|p1a: Vivillon|Sleep Powder|p2b: Kingambit\n|-activate|p2b: Kingambit|move: Protect\n|\n|upkeep\n|turn|2\n|\n|t:|1788346453\n|switch|p1b: Archaludon|Archaludon, L50, M|100/100\n|move|p2a: Whimsicott|Moonblast|p1a: Vivillon\n|-damage|p1a: Vivillon|0 fnt\n|faint|p1a: Vivillon\n|move|p2b: Kingambit|Kowtow Cleave|p1b: Archaludon\n|-damage|p1b: Archaludon|58/100\n|-ability|p1b: Archaludon|Stamina|boost\n|-boost|p1b: Archaludon|def|1\n|\n|-heal|p1b: Archaludon|64/100|[from] item: Leftovers\n|upkeep\n|\n|t:|1788346461\n|switch|p1a: Politoed|Politoed, L50, M, shiny|100/100\n|-weather|RainDance|[from] ability: Drizzle|[of] p1a: Politoed\n|turn|3\n|\n|t:|1788346481\n|move|p2a: Whimsicott|Moonblast|p1b: Archaludon\n|-damage|p1b: Archaludon|32/100\n|-unboost|p1b: Archaludon|spa|1\n|-ability|p1b: Archaludon|Stamina|boost\n|-boost|p1b: Archaludon|def|1\n|move|p1b: Archaludon|Electro Shot||[still]\n|-prepare|p1b: Archaludon|Electro Shot\n|-boost|p1b: Archaludon|spa|1\n|-anim|p1b: Archaludon|Electro Shot|p2b: Kingambit\n|-damage|p2b: Kingambit|62/100\n|move|p1a: Politoed|Encore|p2a: Whimsicott\n|-start|p2a: Whimsicott|Encore\n|move|p2b: Kingambit|Swords Dance|p2b: Kingambit\n|-boost|p2b: Kingambit|atk|2\n|\n|-weather|RainDance|[upkeep]\n|-heal|p1b: Archaludon|38/100|[from] item: Leftovers\n|upkeep\n|turn|4\n|\n|t:|1788346504\n|move|p2b: Kingambit|Protect|p2b: Kingambit\n|-singleturn|p2b: Kingambit|Protect\n|move|p2a: Whimsicott|Moonblast|p1b: Archaludon\n|-damage|p1b: Archaludon|2/100\n|-ability|p1b: Archaludon|Stamina|boost\n|-boost|p1b: Archaludon|def|1\n|move|p1b: Archaludon|Electro Shot||[still]\n|-prepare|p1b: Archaludon|Electro Shot\n|-boost|p1b: Archaludon|spa|1\n|-anim|p1b: Archaludon|Electro Shot|p2b: Kingambit\n|-activate|p2b: Kingambit|move: Protect\n|move|p1a: Politoed|Encore|p2b: Kingambit\n|-activate|p2b: Kingambit|move: Protect\n|\n|-weather|RainDance|[upkeep]\n|-heal|p1b: Archaludon|8/100|[from] item: Leftovers\n|upkeep\n|turn|5\n|\n|t:|1788346524\n|switch|p1b: Gengar|Gengar-Mega, L50, M, shiny|100/100\n|switch|p2b: Incineroar|Incineroar, L50, F|100/100\n|-ability|p2b: Incineroar|Intimidate|boost\n|-unboost|p1a: Politoed|atk|1\n|-unboost|p1b: Gengar|atk|1\n|move|p2a: Whimsicott|Moonblast|p1b: Gengar\n|-resisted|p1b: Gengar|1\n|-damage|p1b: Gengar|75/100\n|move|p1a: Politoed|Encore||[still]\n|-fail|p1a: Politoed\n|\n|-weather|RainDance|[upkeep]\n|upkeep\n|turn|6\n|\n|t:|1788346544\n|move|p2b: Incineroar|Fake Out|p1a: Politoed\n|-crit|p1a: Politoed\n|-damage|p1a: Politoed|79/100\n|move|p1b: Gengar|Sludge Bomb|p2a: Whimsicott\n|-supereffective|p2a: Whimsicott|2\n|-enditem|p2a: Whimsicott|Focus Sash\n|-damage|p2a: Whimsicott|1/100\n|move|p2a: Whimsicott|Moonblast|p1a: Politoed\n|-damage|p1a: Politoed|54/100\n|cant|p1a: Politoed|flinch\n|\n|-weather|RainDance|[upkeep]\n|-end|p2a: Whimsicott|Encore\n|upkeep\n|turn|7\n|\n|t:|1788346575\n|move|p2a: Whimsicott|Tailwind|p2a: Whimsicott\n|-sidestart|p2: pseudo_777|move: Tailwind\n|move|p2b: Incineroar|Parting Shot|p1a: Politoed\n|-unboost|p1a: Politoed|atk|1\n|-unboost|p1a: Politoed|spa|1\n|\n|t:|1788346582\n|switch|p2b: Floette|Floette-Eternal, L50, F|100/100|[from] Parting Shot\n|move|p1b: Gengar|Sludge Bomb|p2b: Floette\n|-supereffective|p2b: Floette|1\n|-damage|p2b: Floette|5/100\n|move|p1a: Politoed|Weather Ball|p2b: Floette\n|-damage|p2b: Floette|0 fnt\n|faint|p2b: Floette\n|\n|-weather|none\n|upkeep\n|\n|t:|1788346585\n|switch|p2b: Kingambit|Kingambit, L50, F|62/100\n|turn|8\n|\n|t:|1788346617\n|move|p2a: Whimsicott|Protect|p2a: Whimsicott\n|-singleturn|p2a: Whimsicott|Protect\n|move|p1b: Gengar|Protect|p1b: Gengar\n|-singleturn|p1b: Gengar|Protect\n|move|p2b: Kingambit|Kowtow Cleave|p1b: Gengar\n|-activate|p1b: Gengar|move: Protect\n|move|p1a: Politoed|Encore|p2b: Kingambit\n|-start|p2b: Kingambit|Encore\n|\n|upkeep\n|turn|9\n|\n|t:|1788346648\n|switch|p1b: Archaludon|Archaludon, L50, M|8/100\n|move|p2a: Whimsicott|Encore||[still]\n|-fail|p2a: Whimsicott\n|move|p2b: Kingambit|Kowtow Cleave|p1a: Politoed\n|-damage|p1a: Politoed|0 fnt\n|faint|p1a: Politoed\n|\n|-heal|p1b: Archaludon|14/100|[from] item: Leftovers\n|upkeep\n|\n|t:|1788346656\n|switch|p1a: Gengar|Gengar-Mega, L50, M, shiny|75/100\n|turn|10\n|\n|t:|1788346673\n|move|p2a: Whimsicott|Protect|p2a: Whimsicott\n|-singleturn|p2a: Whimsicott|Protect\n|move|p1a: Gengar|Shadow Ball|p2b: Kingambit\n|-resisted|p2b: Kingambit|1\n|-damage|p2b: Kingambit|35/100\n|move|p2b: Kingambit|Kowtow Cleave|p1b: Archaludon\n|-damage|p1b: Archaludon|0 fnt\n|faint|p1b: Archaludon\n|\n|-sideend|p2: pseudo_777|move: Tailwind\n|upkeep\n|turn|11\n|\n|t:|1788346687\n|move|p2a: Whimsicott|Encore|p1a: Gengar\n|-start|p1a: Gengar|Encore\n|move|p1a: Gengar|Shadow Ball|p2b: Kingambit\n|-resisted|p2b: Kingambit|1\n|-damage|p2b: Kingambit|10/100\n|-unboost|p2b: Kingambit|spd|1\n|-ability|p2b: Kingambit|Defiant|boost\n|-boost|p2b: Kingambit|atk|2\n|move|p2b: Kingambit|Kowtow Cleave|p1a: Gengar\n|-supereffective|p1a: Gengar|1\n|-damage|p1a: Gengar|0 fnt\n|faint|p1a: Gengar\n|\n|win|pseudo_777\n|raw|skratt_lol's rating: 1310 &rarr; <strong>1291</strong><br />(-19 for losing)\n|raw|pseudo_777's rating: 1322 &rarr; <strong>1341</strong><br />(+19 for winning)\n","uploadtime":1788346690,"views":"18","formatid":"gen9championsvgc2026regmbbo3","rating":1291,"private":0,"password":null}