{"id":"gen9championsvgc2026regmb-2673979011","format":"[Gen 9 Champions] VGC 2026 Reg M-B","players":["wallacygold","adindindin"],"log":"|j|☆wallacygold\n|j|☆adindindin\n|t:|1788284227\n|gametype|doubles\n|player|p1|wallacygold|cynthia-gen4|1000\n|player|p2|adindindin|101|1040\n|gen|9\n|tier|[Gen 9 Champions] VGC 2026 Reg M-B\n|rated|\n|rule|Species Clause: Limit one of each Pokémon\n|rule|Item Clause: Limit 1 of each item\n|clearpoke\n|poke|p1|Garchomp, L50, M|\n|poke|p1|Bastiodon, L50, M|\n|poke|p1|Aerodactyl, L50, M|\n|poke|p1|Barbaracle, L50, M|\n|poke|p1|Medicham, L50, F|\n|poke|p1|Klefki, L50, M|\n|poke|p2|Kingambit, L50, M|\n|poke|p2|Blaziken, L50, F|\n|poke|p2|Venusaur, L50, F|\n|poke|p2|Farigiraf, L50, M|\n|poke|p2|Torkoal, L50, F|\n|poke|p2|Primarina, L50, M|\n|teampreview|4\nadindindin has agreed to open team sheets.\n|inactive|Battle timer is ON: inactive players will automatically lose when time's up. (requested by adindindin)\n|\n|t:|1788284274\n|teamsize|p1|4\n|teamsize|p2|4\n|start\n|switch|p1a: Aerodactyl|Aerodactyl, L50, M|100/100\n|switch|p1b: Garchomp|Garchomp, L50, M|100/100\n|switch|p2a: Blaziken|Blaziken, L50, F|100/100\n|switch|p2b: Farigiraf|Farigiraf, L50, M|100/100\n|-ability|p1a: Aerodactyl|Unnerve\n|turn|1\n|inactive|wallacygold has 30 seconds left.\n|\n|t:|1788284304\n|detailschange|p1b: Garchomp|Garchomp-Mega, L50, M\n|-mega|p1b: Garchomp|Garchomp|Garchompite\n|detailschange|p2a: Blaziken|Blaziken-Mega, L50, F\n|-mega|p2a: Blaziken|Blaziken|Blazikenite\n|move|p2a: Blaziken|Detect|p2a: Blaziken\n|-singleturn|p2a: Blaziken|Protect\n|move|p2b: Farigiraf|Protect|p2b: Farigiraf\n|-singleturn|p2b: Farigiraf|Protect\n|move|p1a: Aerodactyl|Tailwind|p1a: Aerodactyl\n|-sidestart|p1: wallacygold|move: Tailwind\n|move|p1b: Garchomp|Swords Dance|p1b: Garchomp\n|-boost|p1b: Garchomp|atk|2\n|\n|-ability|p2a: Blaziken|Speed Boost|boost\n|-boost|p2a: Blaziken|spe|1\n|upkeep\n|turn|2\n|\n|t:|1788284326\n|move|p1a: Aerodactyl|Sandstorm|p1a: Aerodactyl\n|-weather|Sandstorm\n|move|p1b: Garchomp|Earthquake|p2a: Blaziken|[spread] p2a,p2b\n|-immune|p1a: Aerodactyl\n|-supereffective|p2a: Blaziken|1\n|-damage|p2a: Blaziken|0 fnt\n|-damage|p2b: Farigiraf|3/100\n|faint|p2a: Blaziken\n|move|p2b: Farigiraf|Trick Room|p2b: Farigiraf\n|-fieldstart|move: Trick Room|[of] p2b: Farigiraf\n|\n|-weather|Sandstorm|[upkeep]\n|-damage|p2b: Farigiraf|0 fnt|[from] Sandstorm\n|faint|p2b: Farigiraf\n|upkeep\n|\n|t:|1788284338\n|switch|p2b: Primarina|Primarina, L50, M|100/100\n|switch|p2a: Torkoal|Torkoal, L50, F|100/100\n|-weather|SunnyDay|[from] ability: Drought|[of] p2a: Torkoal\n|turn|3\n|\n|t:|1788284356\n|move|p2a: Torkoal|Eruption|p1b: Garchomp|[spread] p1a,p1b\n|-resisted|p1a: Aerodactyl|1\n|-resisted|p1b: Garchomp|1\n|-damage|p1a: Aerodactyl|36/100\n|-damage|p1b: Garchomp|54/100\n|move|p2b: Primarina|Moonblast|p1b: Garchomp\n|-supereffective|p1b: Garchomp|1\n|-crit|p1b: Garchomp\n|-damage|p1b: Garchomp|0 fnt\n|faint|p1b: Garchomp\n|-damage|p2b: Primarina|90/100|[from] item: Life Orb\n|move|p1a: Aerodactyl|Rock Slide|p2a: Torkoal|[spread] p2a,p2b\n|-supereffective|p2a: Torkoal|1\n|-damage|p2a: Torkoal|58/100\n|-damage|p2b: Primarina|57/100\n|\n|-weather|SunnyDay|[upkeep]\n|upkeep\n|\n|t:|1788284373\n|switch|p1b: Klefki|Klefki, L50, M|100/100\n|turn|4\n|\n|t:|1788284381\n|move|p1b: Klefki|Thunder Wave|p2b: Primarina\n|-status|p2b: Primarina|par\n|move|p2b: Primarina|Hyper Voice|p1b: Klefki|[spread] p1a,p1b\n|-supereffective|p1a: Aerodactyl|1\n|-damage|p1a: Aerodactyl|0 fnt\n|-damage|p1b: Klefki|78/100\n|faint|p1a: Aerodactyl\n|-damage|p2b: Primarina|48/100 par|[from] item: Life Orb\n|move|p2a: Torkoal|Weather Ball|p1b: Klefki\n|-supereffective|p1b: Klefki|1\n|-damage|p1b: Klefki|0 fnt\n|faint|p1b: Klefki\n|\n|-weather|SunnyDay|[upkeep]\n|-sideend|p1: wallacygold|move: Tailwind\n|upkeep\n|\n|t:|1788284393\n|switch|p1b: Bastiodon|Bastiodon, L50, M|100/100\n|turn|5\n|\n|t:|1788284411\n|move|p2a: Torkoal|Weather Ball|p1b: Bastiodon\n|-damage|p1b: Bastiodon|33/100\n|-enditem|p1b: Bastiodon|Sitrus Berry|[eat]\n|-heal|p1b: Bastiodon|57/100|[from] item: Sitrus Berry\n|cant|p2b: Primarina|par\n|move|p1b: Bastiodon|Sandstorm|p1b: Bastiodon\n|-weather|Sandstorm\n|\n|-weather|Sandstorm|[upkeep]\n|-damage|p2b: Primarina|42/100 par|[from] Sandstorm\n|-damage|p2a: Torkoal|51/100|[from] Sandstorm\n|upkeep\n|turn|6\n|\n|t:|1788284426\n|move|p2a: Torkoal|Heat Wave|p1b: Bastiodon|[miss]\n|-miss|p2a: Torkoal|p1b: Bastiodon\n|move|p2b: Primarina|Hyper Voice|p1b: Bastiodon\n|-immune|p1b: Bastiodon|[from] ability: Soundproof\n|move|p1b: Bastiodon|Body Press|p2a: Torkoal\n|-damage|p2a: Torkoal|25/100\n|\n|-weather|Sandstorm|[upkeep]\n|-damage|p2a: Torkoal|19/100|[from] Sandstorm\n|-damage|p2b: Primarina|36/100 par|[from] Sandstorm\n|-fieldend|move: Trick Room\n|upkeep\n|turn|7\n|\n|t:|1788284443\n|move|p2b: Primarina|Aqua Jet|p1b: Bastiodon\n|-supereffective|p1b: Bastiodon|1\n|-damage|p1b: Bastiodon|41/100\n|-damage|p2b: Primarina|27/100 par|[from] item: Life Orb\n|move|p1b: Bastiodon|Body Press|p2a: Torkoal\n|-damage|p2a: Torkoal|0 fnt\n|faint|p2a: Torkoal\n|\n|-weather|Sandstorm|[upkeep]\n|-damage|p2b: Primarina|21/100 par|[from] Sandstorm\n|upkeep\n|turn|8\n|\n|t:|1788284454\n|move|p1b: Bastiodon|Body Press|p2b: Primarina\n|-resisted|p2b: Primarina|1\n|-damage|p2b: Primarina|0 fnt\n|faint|p2b: Primarina\n|\n|win|wallacygold\n|raw|wallacygold's rating: 1000 &rarr; <strong>1045</strong><br />(+45 for winning)\n|raw|adindindin's rating: 1040 &rarr; <strong>1022</strong><br />(-18 for losing)\n|l|☆adindindin\n|player|p2|\n","uploadtime":1788284469,"views":"7","formatid":"gen9championsvgc2026regmb","rating":1022,"private":0,"password":null}