{"id":"gen9championsvgc2026regmb-2674013148","format":"[Gen 9 Champions] VGC 2026 Reg M-B","players":["Jadenhess","VascoAnime"],"log":"|j|☆Jadenhess\n|j|☆VascoAnime\n|t:|1788288171\n|gametype|doubles\n|player|p1|Jadenhess|1|1408\n|player|p2|VascoAnime|flannery|1381\n|gen|9\n|tier|[Gen 9 Champions] VGC 2026 Reg M-B\n|rated|\n|rule|Species Clause: Limit one of each Pokémon\n|rule|Item Clause: Limit 1 of each item\n|clearpoke\n|poke|p1|Alakazam, L50, M|\n|poke|p1|Meowstic, L50, M|\n|poke|p1|Gyarados, L50, F|\n|poke|p1|Roserade, L50, M|\n|poke|p1|Krookodile, L50, M|\n|poke|p1|Talonflame, L50, F|\n|poke|p2|Arbok, L50, M|\n|poke|p2|Floette-Eternal, L50, F|\n|poke|p2|Conkeldurr, L50, F|\n|poke|p2|Espathra, L50, F|\n|poke|p2|Meowstic-F, L50, F|\n|poke|p2|Tsareena, L50, F|\n|teampreview|4\n|inactive|Battle timer is ON: inactive players will automatically lose when time's up. (requested by Jadenhess)\n|inactive|VascoAnime also wants the timer to be on.\n|inactive|Jadenhess has 60 seconds left.\n|inactive|VascoAnime has 60 seconds left.\n|inactive|Jadenhess has 30 seconds left.\n|inactive|Jadenhess has 20 seconds left.\n|\n|t:|1788288246\n|teamsize|p1|4\n|teamsize|p2|4\n|start\n|switch|p1a: Meowstic|Meowstic, L50, M|100/100\n|switch|p1b: Roserade|Roserade, L50, M|100/100\n|switch|p2a: Meowstic|Meowstic-F, L50, F|100/100\n|switch|p2b: Floette|Floette-Eternal, L50, F|100/100\n|turn|1\n|\n|t:|1788288256\n|switch|p2b: Arbok|Arbok, L50, M|100/100\n|-ability|p2b: Arbok|Intimidate|boost\n|-unboost|p1a: Meowstic|atk|1\n|-unboost|p1b: Roserade|atk|1\n|move|p2a: Meowstic|Fake Out|p1a: Meowstic\n|-damage|p1a: Meowstic|94/100\n|cant|p1a: Meowstic|flinch\n|move|p1b: Roserade|Sleep Powder|p2b: Arbok\n|-status|p2b: Arbok|slp|[from] move: Sleep Powder\n|\n|upkeep\n|turn|2\n|\n|t:|1788288272\n|move|p1a: Meowstic|Gravity|p1a: Meowstic\n|-fieldstart|move: Gravity\n|cant|p2b: Arbok|slp\n|move|p1b: Roserade|Sleep Powder|p2a: Meowstic\n|-status|p2a: Meowstic|slp|[from] move: Sleep Powder\n|cant|p2a: Meowstic|slp\n|\n|upkeep\n|turn|3\n|\n|t:|1788288291\n|switch|p1b: Alakazam|Alakazam, L50, M|100/100\n|move|p1a: Meowstic|Psychic Terrain|p1a: Meowstic\n|-fieldstart|move: Psychic Terrain\n|cant|p2b: Arbok|slp\n|cant|p2a: Meowstic|slp\n|\n|upkeep\n|turn|4\n|\n|t:|1788288302\n|detailschange|p1b: Alakazam|Alakazam-Mega, L50, M\n|-mega|p1b: Alakazam|Alakazam|Alakazite\n|-ability|p1b: Alakazam|Intimidate|Trace|[from] ability: Trace|[of] p2b: Arbok\n|-ability|p1b: Alakazam|Intimidate|boost\n|-unboost|p2a: Meowstic|atk|1\n|-ability|p2a: Meowstic|Competitive|boost\n|-boost|p2a: Meowstic|spa|2\n|-unboost|p2b: Arbok|atk|1\n|-curestatus|p2a: Meowstic|slp|[msg]\n|move|p2a: Meowstic|Protect|p2a: Meowstic\n|-singleturn|p2a: Meowstic|Protect\n|move|p1b: Alakazam|Expanding Force|p2a: Meowstic|[spread] p2b\n|-activate|p2a: Meowstic|move: Protect\n|-supereffective|p2b: Arbok|1\n|-damage|p2b: Arbok|0 fnt\n|faint|p2b: Arbok\n|move|p1a: Meowstic|Expanding Force|p2a: Meowstic\n|-activate|p2a: Meowstic|move: Protect\n|\n|upkeep\n|\n|t:|1788288316\n|switch|p2b: Floette|Floette-Eternal, L50, F|100/100\n|turn|5\n|\n|t:|1788288336\n|switch|p1a: Roserade|Roserade, L50, M|100/100\n|detailschange|p2b: Floette|Floette-Mega, L50, F\n|-mega|p2b: Floette|Floette|Floettite\n|-ability|p2b: Floette|Fairy Aura\n|move|p1b: Alakazam|Protect|p1b: Alakazam\n|-singleturn|p1b: Alakazam|Protect\n|move|p2a: Meowstic|Psychic|p1a: Roserade\n|-supereffective|p1a: Roserade|1\n|-enditem|p1a: Roserade|Focus Sash\n|-damage|p1a: Roserade|1/100\n|-unboost|p1a: Roserade|spd|1\n|move|p2b: Floette|Light of Ruin|p1b: Alakazam\n|-activate|p1b: Alakazam|move: Protect\n|\n|upkeep\n|turn|6\n|\n|t:|1788288352\n|move|p1b: Alakazam|Expanding Force|p2a: Meowstic|[spread] p2a,p2b\n|-resisted|p2a: Meowstic|1\n|-damage|p2a: Meowstic|55/100\n|-damage|p2b: Floette|43/100\n|move|p2a: Meowstic|Psychic|p1b: Alakazam\n|-resisted|p1b: Alakazam|1\n|-damage|p1b: Alakazam|49/100\n|move|p1a: Roserade|Sleep Powder|p2a: Meowstic\n|-status|p2a: Meowstic|slp|[from] move: Sleep Powder\n|move|p2b: Floette|Dazzling Gleam|p1a: Roserade|[spread] p1a,p1b\n|-resisted|p1a: Roserade|1\n|-damage|p1a: Roserade|0 fnt\n|-damage|p1b: Alakazam|0 fnt\n|faint|p1a: Roserade\n|faint|p1b: Alakazam\n|\n|-fieldend|move: Gravity\n|upkeep\n|\n|t:|1788288364\n|switch|p1b: Gyarados|Gyarados, L50, F|100/100\n|switch|p1a: Meowstic|Meowstic, L50, M|94/100\n|-ability|p1b: Gyarados|Intimidate|boost\n|-unboost|p2a: Meowstic|atk|1\n|-ability|p2a: Meowstic|Competitive|boost\n|-boost|p2a: Meowstic|spa|2\n|-unboost|p2b: Floette|atk|1\n|turn|7\n|\n|t:|1788288379\n|cant|p2a: Meowstic|slp\n|move|p1b: Gyarados|Dragon Dance|p1b: Gyarados\n|-boost|p1b: Gyarados|atk|1\n|-boost|p1b: Gyarados|spe|1\n|move|p1a: Meowstic|Expanding Force|p2b: Floette|[spread] p2a,p2b\n|-resisted|p2a: Meowstic|1\n|-damage|p2a: Meowstic|35/100 slp\n|-damage|p2b: Floette|20/100y\n|move|p2b: Floette|Light of Ruin|p1b: Gyarados\n|-damage|p1b: Gyarados|1/100\n|-damage|p2b: Floette|0 fnt|[from] Recoil\n|faint|p2b: Floette\n|\n|-fieldend|move: Psychic Terrain\n|upkeep\n|l|☆Jadenhess\n|inactive|Jadenhess disconnected and has a minute to reconnect!\n|player|p1|\n|j|☆Jadenhess\n|inactive|Jadenhess reconnected.\n|player|p1|Jadenhess|1|\n|\n|t:|1788288389\n|switch|p2b: Conkeldurr|Conkeldurr, L50, F|100/100\n|turn|8\n|\n|t:|1788288399\n|move|p1b: Gyarados|Protect|p1b: Gyarados\n|-singleturn|p1b: Gyarados|Protect\n|move|p1a: Meowstic|Gravity|p1a: Meowstic\n|-fieldstart|move: Gravity\n|move|p2b: Conkeldurr|Mach Punch|p1b: Gyarados\n|-activate|p1b: Gyarados|move: Protect\n|cant|p2a: Meowstic|slp\n|\n|upkeep\n|turn|9\n|\n|t:|1788288413\n|-curestatus|p2a: Meowstic|slp|[msg]\n|move|p2a: Meowstic|Protect|p2a: Meowstic\n|-singleturn|p2a: Meowstic|Protect\n|move|p1a: Meowstic|Psychic Terrain|p1a: Meowstic\n|-fieldstart|move: Psychic Terrain\n|move|p1b: Gyarados|Crunch|p2a: Meowstic\n|-activate|p2a: Meowstic|move: Protect\n|move|p2b: Conkeldurr|Drain Punch|p1b: Gyarados\n|-resisted|p1b: Gyarados|1\n|-damage|p1b: Gyarados|0 fnt\n|faint|p1b: Gyarados\n|-damage|p2b: Conkeldurr|90/100|[from] item: Life Orb\n|\n|upkeep\n|turn|10\n|\n|t:|1788288428\n|move|p2a: Meowstic|Psychic|p1a: Meowstic\n|-resisted|p1a: Meowstic|1\n|-damage|p1a: Meowstic|33/100\n|move|p1a: Meowstic|Expanding Force|p2a: Meowstic|[spread] p2a,p2b\n|-resisted|p2a: Meowstic|1\n|-supereffective|p2b: Conkeldurr|1\n|-damage|p2a: Meowstic|14/100\n|-damage|p2b: Conkeldurr|0 fnt\n|faint|p2b: Conkeldurr\n|\n|upkeep\n|turn|11\n|\n|t:|1788288436\n|move|p2a: Meowstic|Psychic|p1a: Meowstic\n|-resisted|p1a: Meowstic|1\n|-damage|p1a: Meowstic|0 fnt\n|faint|p1a: Meowstic\n|\n|win|VascoAnime\n|raw|Jadenhess's rating: 1408 &rarr; <strong>1386</strong><br />(-22 for losing)\n|raw|VascoAnime's rating: 1381 &rarr; <strong>1403</strong><br />(+22 for winning)\n","uploadtime":1788288441,"views":"6","formatid":"gen9championsvgc2026regmb","rating":1386,"private":0,"password":null}