{"id":"gen9championsvgc2026regmb-2674318306","format":"[Gen 9 Champions] VGC 2026 Reg M-B","players":["SFactorX2","littlestjohnny"],"log":"|j|☆SFactorX2\n|j|☆littlestjohnny\n|t:|1788339697\n|gametype|doubles\n|player|p1|SFactorX2|102|1073\n|player|p2|littlestjohnny|101|1188\n|gen|9\n|tier|[Gen 9 Champions] VGC 2026 Reg M-B\n|rated|\n|rule|Species Clause: Limit one of each Pokémon\n|rule|Item Clause: Limit 1 of each item\n|clearpoke\n|poke|p1|Milotic, L50, F|\n|poke|p1|Glimmora, L50, M|\n|poke|p1|Dragapult, L50, F|\n|poke|p1|Sinistcha, L50|\n|poke|p1|Ninetales-Alola, L50, F|\n|poke|p1|Aerodactyl, L50, F|\n|poke|p2|Sneasler, L50, M|\n|poke|p2|Banette, L50, M|\n|poke|p2|Politoed, L50, F|\n|poke|p2|Archaludon, L50, F|\n|poke|p2|Corviknight, L50, M|\n|poke|p2|Sylveon, L50, M|\n|teampreview|4\n|c|☆SFactorX2|good luck!\nSFactorX2 rejected open team sheets.\n|inactive|Battle timer is ON: inactive players will automatically lose when time's up. (requested by littlestjohnny)\n|c|☆littlestjohnny|gl\n|inactive|SFactorX2 has 60 seconds left.\n|inactive|SFactorX2 has 30 seconds left.\n|\n|t:|1788339791\n|teamsize|p1|4\n|teamsize|p2|4\n|start\n|switch|p1a: Amaranth|Glimmora, L50, M|100/100\n|switch|p1b: Circe|Milotic, L50, F|100/100\n|switch|p2a: Sneasler|Sneasler, L50, M|100/100\n|switch|p2b: Banette|Banette, L50, M|100/100\n|-item|p1a: Amaranth|Glimmoranite|[from] ability: Frisk|[of] p2b: Banette\n|-item|p1b: Circe|Leftovers|[from] ability: Frisk|[of] p2b: Banette\n|turn|1\n|\n|t:|1788339813\n|detailschange|p1a: Amaranth|Glimmora-Mega, L50, M\n|-mega|p1a: Amaranth|Glimmora|Glimmoranite\n|detailschange|p2b: Banette|Banette-Mega, L50, M\n|-mega|p2b: Banette|Banette|Banettite\n|move|p1a: Amaranth|Spiky Shield|p1a: Amaranth\n|-singleturn|p1a: Amaranth|move: Protect\n|move|p2b: Banette|Swagger|p2a: Sneasler\n|-boost|p2a: Sneasler|atk|2\n|-start|p2a: Sneasler|confusion\n|-enditem|p2a: Sneasler|Lum Berry|[eat]\n|-end|p2a: Sneasler|confusion\n|move|p2a: Sneasler|Close Combat|p1a: Amaranth\n|-activate|p1a: Amaranth|move: Protect\n|-damage|p2a: Sneasler|87/100|[from] Spiky Shield|[of] p1a: Amaranth\n|move|p1b: Circe|Icy Wind|p2b: Banette|[spread] p2a,p2b\n|-damage|p2a: Sneasler|72/100\n|-damage|p2b: Banette|84/100\n|-unboost|p2a: Sneasler|spe|1\n|-unboost|p2b: Banette|spe|1\n|\n|upkeep\n|turn|2\n|inactive|SFactorX2 has 30 seconds left.\n|\n|t:|1788339845\n|move|p2a: Sneasler|Rock Slide|p1a: Amaranth|[spread] p1a,p1b\n|-damage|p1a: Amaranth|60/100\n|-damage|p1b: Circe|67/100\n|move|p1a: Amaranth|Earth Power|p2a: Sneasler\n|-supereffective|p2a: Sneasler|1\n|-damage|p2a: Sneasler|0 fnt\n|faint|p2a: Sneasler\n|cant|p1b: Circe|flinch\n|move|p2b: Banette|Poltergeist|p1a: Amaranth\n|-activate|p1a: Amaranth|move: Poltergeist|Glimmoranite\n|-damage|p1a: Amaranth|0 fnt\n|faint|p1a: Amaranth\n|\n|-heal|p1b: Circe|73/100|[from] item: Leftovers\n|upkeep\n|\n|t:|1788339862\n|switch|p2a: Archaludon|Archaludon, L50, F|100/100\n|switch|p1a: Masala|Sinistcha, L50|100/100\n|-heal|p1b: Circe|98/100|[from] ability: Hospitality|[of] p1a: Masala\n|turn|3\n|\n|t:|1788339886\n|switch|p1a: Wintry Blossom|Ninetales-Alola, L50, F|100/100\n|-weather|Snowscape|[from] ability: Snow Warning|[of] p1a: Wintry Blossom\n|move|p2a: Archaludon|Dragon Pulse|p1b: Circe\n|-damage|p1b: Circe|65/100\n|move|p1b: Circe|Scald|p2b: Banette\n|-damage|p2b: Banette|44/100\n|move|p2b: Banette|Poltergeist|p1b: Circe\n|-activate|p1b: Circe|move: Poltergeist|Leftovers\n|-damage|p1b: Circe|15/100\n|\n|-weather|Snowscape|[upkeep]\n|-heal|p1b: Circe|21/100|[from] item: Leftovers\n|upkeep\n|turn|4\n|inactive|SFactorX2 has 30 seconds left.\n|inactive|littlestjohnny has 30 seconds left.\n|\n|t:|1788339921\n|switch|p1b: Masala|Sinistcha, L50|100/100\n|move|p2b: Banette|Destiny Bond|p2b: Banette\n|-singlemove|p2b: Banette|Destiny Bond\n|move|p1a: Wintry Blossom|Dark Pulse|p2b: Banette\n|-supereffective|p2b: Banette|1\n|-damage|p2b: Banette|0 fnt\n|faint|p2b: Banette\n|-activate|p2b: Banette|move: Destiny Bond\n|faint|p1a: Wintry Blossom\n|move|p2a: Archaludon|Flash Cannon|p1b: Masala\n|-damage|p1b: Masala|52/100\n|\n|-weather|Snowscape|[upkeep]\n|upkeep\n|\n|t:|1788339933\n|switch|p1a: Circe|Milotic, L50, F|21/100\n|switch|p2b: Politoed|Politoed, L50, F|100/100\n|-weather|RainDance|[from] ability: Drizzle|[of] p2b: Politoed\n|turn|5\n|\n|t:|1788339946\n|move|p1b: Masala|Rage Powder|p1b: Masala\n|-singleturn|p1b: Masala|move: Rage Powder\n|move|p2a: Archaludon|Electro Shot||[still]\n|-prepare|p2a: Archaludon|Electro Shot\n|-boost|p2a: Archaludon|spa|1\n|-anim|p2a: Archaludon|Electro Shot|p1b: Masala\n|-resisted|p1b: Masala|1\n|-damage|p1b: Masala|17/100\n|move|p1a: Circe|Recover|p1a: Circe\n|-heal|p1a: Circe|71/100\n|move|p2b: Politoed|Hypnosis|p1b: Masala\n|-status|p1b: Masala|slp|[from] move: Hypnosis\n|\n|-weather|RainDance|[upkeep]\n|-heal|p1a: Circe|77/100|[from] item: Leftovers\n|upkeep\n|turn|6\n|\n|t:|1788339970\n|cant|p1b: Masala|slp\n|move|p2a: Archaludon|Electro Shot||[still]\n|-prepare|p2a: Archaludon|Electro Shot\n|-boost|p2a: Archaludon|spa|1\n|-anim|p2a: Archaludon|Electro Shot|p1b: Masala\n|-resisted|p1b: Masala|1\n|-damage|p1b: Masala|0 fnt\n|faint|p1b: Masala\n|move|p1a: Circe|Alluring Voice|p2a: Archaludon\n|-damage|p2a: Archaludon|77/100\n|-start|p2a: Archaludon|confusion\n|-ability|p2a: Archaludon|Stamina|boost\n|-boost|p2a: Archaludon|def|1\n|move|p2b: Politoed|Hypnosis|p1a: Circe\n|-status|p1a: Circe|slp|[from] move: Hypnosis\n|\n|-weather|RainDance|[upkeep]\n|-heal|p2a: Archaludon|83/100|[from] item: Leftovers\n|-heal|p1a: Circe|83/100 slp|[from] item: Leftovers\n|upkeep\n|turn|7\n|\n|t:|1788339991\n|-activate|p2a: Archaludon|confusion\n|move|p2a: Archaludon|Electro Shot||[still]\n|-prepare|p2a: Archaludon|Electro Shot\n|-boost|p2a: Archaludon|spa|1\n|-anim|p2a: Archaludon|Electro Shot|p1a: Circe\n|-supereffective|p1a: Circe|1\n|-damage|p1a: Circe|0 fnt\n|faint|p1a: Circe\n|\n|win|littlestjohnny\n|raw|SFactorX2's rating: 1073 &rarr; <strong>1059</strong><br />(-14 for losing)\n|raw|littlestjohnny's rating: 1188 &rarr; <strong>1205</strong><br />(+17 for winning)\n|c|☆SFactorX2|gg\n|l|☆littlestjohnny\n|player|p2|\n","uploadtime":1788340001,"views":"0","formatid":"gen9championsvgc2026regmb","rating":1059,"private":0,"password":null}