{"id":"gen9championsvgc2026regmb-2674393729","format":"[Gen 9 Champions] VGC 2026 Reg M-B","players":["aguacer00","M1945"],"log":"|j|☆aguacer00\n|j|☆M1945\n|t:|1788354125\n|gametype|doubles\n|player|p1|aguacer00|elesa|1142\n|player|p2|M1945|102|1246\n|gen|9\n|tier|[Gen 9 Champions] VGC 2026 Reg M-B\n|rated|\n|rule|Species Clause: Limit one of each Pokémon\n|rule|Item Clause: Limit 1 of each item\n|clearpoke\n|poke|p1|Froslass, L50, F, shiny|\n|poke|p1|Rotom-Frost, L50, shiny|\n|poke|p1|Talonflame, L50, M|\n|poke|p1|Garchomp, L50, M|\n|poke|p1|Kingambit, L50, F|\n|poke|p1|Sneasler, L50, F, shiny|\n|poke|p2|Farigiraf, L50, F|\n|poke|p2|Sneasler, L50, F|\n|poke|p2|Primarina, L50, M|\n|poke|p2|Raichu, L50, F|\n|poke|p2|Kingambit, L50, F|\n|poke|p2|Emboar, L50, M, shiny|\n|teampreview|4\n|inactive|Battle timer is ON: inactive players will automatically lose when time's up. (requested by M1945)\n|inactive|aguacer00 also wants the timer to be on.\n|inactive|M1945 has 60 seconds left.\nM1945 has agreed to open team sheets.\n|inactive|M1945 has 30 seconds left.\n|\n|t:|1788354187\n|teamsize|p1|4\n|teamsize|p2|4\n|start\n|switch|p1a: Talonflame|Talonflame, L50, M|100/100\n|switch|p1b: Rotom|Rotom-Frost, L50, shiny|100/100\n|switch|p2a: Farigiraf|Farigiraf, L50, F|100/100\n|switch|p2b: Sneasler|Sneasler, L50, F|100/100\n|turn|1\n|\n|t:|1788354208\n|move|p2b: Sneasler|Fake Out|p1a: Talonflame\n|-damage|p1a: Talonflame|75/100\n|-status|p1a: Talonflame|psn|[from] ability: Poison Touch|[of] p2b: Sneasler\n|move|p1b: Rotom|Electroweb|p2b: Sneasler|[spread] p2a,p2b\n|-damage|p2a: Farigiraf|84/100\n|-damage|p2b: Sneasler|74/100\n|-unboost|p2a: Farigiraf|spe|1\n|-unboost|p2b: Sneasler|spe|1\n|cant|p1a: Talonflame|flinch\n|move|p2a: Farigiraf|Thunderbolt|p1a: Talonflame\n|-supereffective|p1a: Talonflame|1\n|-damage|p1a: Talonflame|10/100 psn\n|\n|-damage|p1a: Talonflame|0 fnt|[from] psn\n|faint|p1a: Talonflame\n|upkeep\n|\n|t:|1788354224\n|switch|p1a: Froslass|Froslass, L50, F, shiny|100/100\n|turn|2\n|\n|t:|1788354242\n|switch|p2b: Emboar|Emboar, L50, M, shiny|100/100\n|detailschange|p1a: Froslass|Froslass-Mega, L50, F, shiny\n|-mega|p1a: Froslass|Froslass|Froslassite\n|-weather|Snowscape|[from] ability: Snow Warning|[of] p1a: Froslass\n|move|p1b: Rotom|Electroweb|p2b: Emboar|[spread] p2a,p2b\n|-crit|p2a: Farigiraf\n|-damage|p2a: Farigiraf|60/100\n|-damage|p2b: Emboar|81/100\n|-unboost|p2a: Farigiraf|spe|1\n|-unboost|p2b: Emboar|spe|1\n|move|p1a: Froslass|Blizzard|p2a: Farigiraf|[spread] p2a,p2b\n|-resisted|p2b: Emboar|1\n|-damage|p2a: Farigiraf|14/100\n|-damage|p2b: Emboar|58/100\n|-enditem|p2a: Farigiraf|Sitrus Berry|[eat]\n|-heal|p2a: Farigiraf|39/100|[from] item: Sitrus Berry\n|move|p2a: Farigiraf|Trick Room|p2a: Farigiraf\n|-fieldstart|move: Trick Room|[of] p2a: Farigiraf\n|\n|-weather|Snowscape|[upkeep]\n|-heal|p2b: Emboar|64/100|[from] item: Leftovers\n|upkeep\n|turn|3\n|inactive|aguacer00 has 30 seconds left.\n|inactive|M1945 has 30 seconds left.\n|inactive|aguacer00 has 20 seconds left.\n|inactive|aguacer00 has 15 seconds left.\n|inactive|M1945 has 20 seconds left.\n|\n|t:|1788354285\n|switch|p1b: Kingambit|Kingambit, L50, F|100/100\n|move|p2a: Farigiraf|Helping Hand|p2b: Emboar\n|-singleturn|p2b: Emboar|Helping Hand|[of] p2a: Farigiraf\n|move|p1a: Froslass|Protect|p1a: Froslass\n|-singleturn|p1a: Froslass|Protect\n|move|p2b: Emboar|Flare Blitz|p1b: Kingambit\n|-supereffective|p1b: Kingambit|1\n|-damage|p1b: Kingambit|0 fnt\n|faint|p1b: Kingambit\n|-damage|p2b: Emboar|38/100|[from] Recoil\n|\n|-weather|Snowscape|[upkeep]\n|-heal|p2b: Emboar|44/100|[from] item: Leftovers\n|upkeep\n|\n|t:|1788354301\n|switch|p1b: Rotom|Rotom-Frost, L50, shiny|100/100\n|turn|4\n|\n|t:|1788354306\n|move|p2a: Farigiraf|Helping Hand|p2b: Emboar\n|-singleturn|p2b: Emboar|Helping Hand|[of] p2a: Farigiraf\n|move|p2b: Emboar|Flare Blitz|p1a: Froslass\n|-supereffective|p1a: Froslass|1\n|-damage|p1a: Froslass|0 fnt\n|faint|p1a: Froslass\n|-damage|p2b: Emboar|21/100|[from] Recoil\n|move|p1b: Rotom|Blizzard|p2b: Emboar|[spread] p2a,p2b\n|-resisted|p2b: Emboar|1\n|-damage|p2a: Farigiraf|8/100\n|-damage|p2b: Emboar|3/100\n|\n|-weather|Snowscape|[upkeep]\n|-heal|p2b: Emboar|9/100|[from] item: Leftovers\n|upkeep\n|turn|5\n|\n|t:|1788354320\n|move|p2a: Farigiraf|Helping Hand|p2b: Emboar\n|-singleturn|p2b: Emboar|Helping Hand|[of] p2a: Farigiraf\n|move|p2b: Emboar|Flare Blitz|p1b: Rotom\n|-supereffective|p1b: Rotom|1\n|-damage|p1b: Rotom|0 fnt\n|faint|p1b: Rotom\n|-damage|p2b: Emboar|0 fnt|[from] Recoil\n|faint|p2b: Emboar\n|\n|win|M1945\n|raw|aguacer00's rating: 1142 &rarr; <strong>1124</strong><br />(-18 for losing)\n|raw|M1945's rating: 1246 &rarr; <strong>1264</strong><br />(+18 for winning)\n|c|☆M1945|Ggs\n|l|☆aguacer00\n|player|p1|\n","uploadtime":1788354347,"views":"1","formatid":"gen9championsvgc2026regmb","rating":1124,"private":0,"password":null}