{"id":"gen9championsvgc2026regmb-2673866972","format":"[Gen 9 Champions] VGC 2026 Reg M-B","players":["lilzjamboz","Thornlace48812"],"log":"|j|☆lilzjamboz\n|j|☆Thornlace48812\n|t:|1788270651\n|gametype|doubles\n|player|p1|lilzjamboz|102|1146\n|player|p2|Thornlace48812|102|1075\n|gen|9\n|tier|[Gen 9 Champions] VGC 2026 Reg M-B\n|rated|\n|rule|Species Clause: Limit one of each Pokémon\n|rule|Item Clause: Limit 1 of each item\n|clearpoke\n|poke|p1|Swampert, L50, F|\n|poke|p1|Staraptor, L50, F|\n|poke|p1|Pelipper, L50, F|\n|poke|p1|Archaludon, L50, F|\n|poke|p1|Grimmsnarl, L50, M|\n|poke|p1|Raichu, L50, M|\n|poke|p2|Garchomp, L50, F|\n|poke|p2|Charizard, L50, F|\n|poke|p2|Whimsicott, L50, M|\n|poke|p2|Sylveon, L50, M|\n|poke|p2|Kingambit, L50, F|\n|poke|p2|Basculegion, L50, M|\n|teampreview|4\n|inactive|Battle timer is ON: inactive players will automatically lose when time's up. (requested by Thornlace48812)\nThornlace48812 rejected open team sheets.\n|\n|t:|1788270666\n|teamsize|p1|4\n|teamsize|p2|4\n|start\n|switch|p1a: Staraptor|Staraptor, L50, F|100/100\n|switch|p1b: Raichu|Raichu, L50, M|100/100\n|switch|p2a: Kingambit|Kingambit, L50, F|100/100\n|switch|p2b: Basculegion|Basculegion, L50, M|100/100\n|-ability|p1a: Staraptor|Intimidate|boost\n|-unboost|p2a: Kingambit|atk|1\n|-unboost|p2b: Basculegion|atk|1\n|turn|1\n|inactive|lilzjamboz has 30 seconds left.\n|\n|t:|1788270693\n|detailschange|p1a: Staraptor|Staraptor-Mega, L50, F\n|-mega|p1a: Staraptor|Staraptor|Staraptite\n|move|p2a: Kingambit|Sucker Punch|p1a: Staraptor\n|-resisted|p1a: Staraptor|1\n|-damage|p1a: Staraptor|84/100\n|move|p1a: Staraptor|Close Combat|p2a: Kingambit\n|-supereffective|p2a: Kingambit|2\n|-damage|p2a: Kingambit|0 fnt\n|-boost|p1a: Staraptor|def|1\n|-boost|p1a: Staraptor|spd|1\n|faint|p2a: Kingambit\n|-end|p2a: Kingambit|fallenundefined|[silent]\n|move|p1b: Raichu|Charm|p1a: Staraptor\n|-boost|p1a: Staraptor|atk|2\n|move|p2b: Basculegion|Last Respects|p1a: Staraptor\n|-damage|p1a: Staraptor|52/100\n|\n|upkeep\n|\n|t:|1788270693\n|switch|p2a: Sylveon|Sylveon, L50, M|100/100\n|turn|2\n|\n|t:|1788270717\n|move|p1a: Staraptor|Protect|p1a: Staraptor\n|-singleturn|p1a: Staraptor|Protect\n|move|p2b: Basculegion|Aqua Jet|p1b: Raichu\n|-damage|p1b: Raichu|50/100g\n|move|p2a: Sylveon|Quick Attack|p1b: Raichu\n|-damage|p1b: Raichu|23/100\n|move|p1b: Raichu|Charm|p2b: Basculegion\n|-unboost|p2b: Basculegion|atk|2\n|\n|upkeep\n|turn|3\n|\n|t:|1788270735\n|move|p1b: Raichu|Zap Cannon|p2b: Basculegion\n|-supereffective|p2b: Basculegion|1\n|-damage|p2b: Basculegion|0 fnt\n|faint|p2b: Basculegion\n|move|p1a: Staraptor|Dual Wingbeat|p2a: Sylveon\n|-damage|p2a: Sylveon|51/100\n|-crit|p2a: Sylveon\n|-damage|p2a: Sylveon|0 fnt\n|faint|p2a: Sylveon\n|-hitcount|p2: Sylveon|2\n|\n|upkeep\n|\n|t:|1788270735\n|switch|p2b: Charizard|Charizard, L50, F|100/100\n|turn|4\n|\n|t:|1788270751\n|move|p2b: Charizard|Protect|p2b: Charizard\n|-singleturn|p2b: Charizard|Protect\n|move|p1a: Staraptor|Close Combat|p2b: Charizard\n|-activate|p2b: Charizard|move: Protect\n|move|p1b: Raichu|Charm|p1a: Staraptor\n|-boost|p1a: Staraptor|atk|2\n|\n|upkeep\n|turn|5\n|\n|t:|1788270773\n|detailschange|p2b: Charizard|Charizard-Mega-Y, L50, F\n|-mega|p2b: Charizard|Charizard|Charizardite Y\n|-weather|SunnyDay|[from] ability: Drought|[of] p2b: Charizard\n|move|p1a: Staraptor|Dual Wingbeat|p2b: Charizard|[miss]\n|-miss|p1a: Staraptor|p2b: Charizard\n|move|p1b: Raichu|Charm|p1a: Staraptor\n|-boost|p1a: Staraptor|atk|2\n|move|p2b: Charizard|Heat Wave|p1a: Staraptor|[spread] p1a,p1b\n|-damage|p1a: Staraptor|8/100\n|-damage|p1b: Raichu|0 fnt\n|faint|p1b: Raichu\n|\n|-weather|SunnyDay|[upkeep]\n|upkeep\n|\n|t:|1788270785\n|switch|p1b: Pelipper|Pelipper, L50, F|100/100\n|-weather|RainDance|[from] ability: Drizzle|[of] p1b: Pelipper\n|turn|6\n|\n|t:|1788270793\n|move|p1a: Staraptor|Close Combat|p2b: Charizard\n|-resisted|p2b: Charizard|1\n|-damage|p2b: Charizard|0 fnt\n|-boost|p1a: Staraptor|def|1\n|-boost|p1a: Staraptor|spd|1\n|faint|p2b: Charizard\n|\n|win|lilzjamboz\n|raw|lilzjamboz's rating: 1146 &rarr; <strong>1165</strong><br />(+19 for winning)\n|raw|Thornlace48812's rating: 1054 &rarr; <strong>1041</strong><br />(-13 for losing)\n","uploadtime":1788270793,"views":"6","formatid":"gen9championsvgc2026regmb","rating":1041,"private":0,"password":null}