{"id":"gen9championsvgc2026regmb-2675021037","format":"[Gen 9 Champions] VGC 2026 Reg M-B","players":["zenchaos","iconic_stardust"],"log":"|j|☆zenchaos\n|j|☆iconic_stardust\n|t:|1788449599\n|gametype|doubles\n|player|p1|zenchaos|170|1606\n|player|p2|iconic_stardust|170|1554\n|gen|9\n|tier|[Gen 9 Champions] VGC 2026 Reg M-B\n|rated|\n|rule|Species Clause: Limit one of each Pokémon\n|rule|Item Clause: Limit 1 of each item\n|clearpoke\n|poke|p1|Grimmsnarl, L50, M|\n|poke|p1|Incineroar, L50, M|\n|poke|p1|Sinistcha-Masterpiece, L50|\n|poke|p1|Staraptor, L50, F|\n|poke|p1|Floette-Eternal, L50, F|\n|poke|p1|Rotom-Wash, L50|\n|poke|p2|Charizard, L50, M|\n|poke|p2|Venusaur, L50, M|\n|poke|p2|Swampert, L50, M|\n|poke|p2|Grimmsnarl, L50, M|\n|poke|p2|Pelipper, L50, M|\n|poke|p2|Archaludon, L50, M|\n|teampreview|4\n|\n|t:|1788449632\n|teamsize|p1|4\n|teamsize|p2|4\n|start\n|switch|p1a: Floette|Floette-Eternal, L50, F|100/100\n|switch|p1b: Grimmsnarl|Grimmsnarl, L50, M|100/100\n|switch|p2a: Grimmsnarl|Grimmsnarl, L50, M|100/100\n|switch|p2b: Charizard|Charizard, L50, M|100/100\n|turn|1\n|j| oherrodersir\n|inactive|Battle timer is ON: inactive players will automatically lose when time's up. (requested by zenchaos)\n|\n|t:|1788449658\n|detailschange|p2b: Charizard|Charizard-Mega-Y, L50, M\n|-mega|p2b: Charizard|Charizard|Charizardite Y\n|-weather|SunnyDay|[from] ability: Drought|[of] p2b: Charizard\n|detailschange|p1a: Floette|Floette-Mega, L50, F\n|-mega|p1a: Floette|Floette|Floettite\n|-ability|p1a: Floette|Fairy Aura\n|move|p2a: Grimmsnarl|Light Screen|p2a: Grimmsnarl\n|-sidestart|p2: iconic_stardust|move: Light Screen\n|move|p1b: Grimmsnarl|Light Screen|p1b: Grimmsnarl\n|-sidestart|p1: zenchaos|move: Light Screen\n|move|p2b: Charizard|Heat Wave|p1b: Grimmsnarl|[spread] p1a,p1b\n|-damage|p1a: Floette|67/100\n|-damage|p1b: Grimmsnarl|66/100\n|move|p1a: Floette|Calm Mind|p1a: Floette\n|-boost|p1a: Floette|spa|1\n|-boost|p1a: Floette|spd|1\n|\n|-weather|SunnyDay|[upkeep]\n|upkeep\n|turn|2\n|\n|t:|1788449672\n|move|p2a: Grimmsnarl|Parting Shot|p1a: Floette\n|-unboost|p1a: Floette|atk|1\n|-unboost|p1a: Floette|spa|1\n|\n|t:|1788449679\n|switch|p2a: Venusaur|Venusaur, L50, M|100/100|[from] Parting Shot\n|move|p1b: Grimmsnarl|Parting Shot|p2b: Charizard\n|-unboost|p2b: Charizard|atk|1\n|-unboost|p2b: Charizard|spa|1\n|\n|t:|1788449683\n|switch|p1b: Incineroar|Incineroar, L50, M|100/100|[from] Parting Shot\n|-ability|p1b: Incineroar|Intimidate|boost\n|-unboost|p2a: Venusaur|atk|1\n|-unboost|p2b: Charizard|atk|1\n|move|p2b: Charizard|Heat Wave|p1a: Floette|[spread] p1a,p1b\n|-resisted|p1b: Incineroar|1\n|-damage|p1a: Floette|54/100\n|-damage|p1b: Incineroar|91/100\n|move|p1a: Floette|Calm Mind|p1a: Floette\n|-boost|p1a: Floette|spa|1\n|-boost|p1a: Floette|spd|1\n|\n|-weather|SunnyDay|[upkeep]\n|upkeep\n|turn|3\n|\n|t:|1788449701\n|move|p2a: Venusaur|Protect|p2a: Venusaur\n|-singleturn|p2a: Venusaur|Protect\n|move|p2b: Charizard|Protect|p2b: Charizard\n|-singleturn|p2b: Charizard|Protect\n|move|p1b: Incineroar|Fake Out|p2a: Venusaur\n|-activate|p2a: Venusaur|move: Protect\n|move|p1a: Floette|Calm Mind|p1a: Floette\n|-boost|p1a: Floette|spa|1\n|-boost|p1a: Floette|spd|1\n|\n|-weather|SunnyDay|[upkeep]\n|upkeep\n|turn|4\n|\n|t:|1788449707\n|move|p2a: Venusaur|Sludge Bomb|p1a: Floette\n|-supereffective|p1a: Floette|1\n|-damage|p1a: Floette|36/100\n|move|p2b: Charizard|Heat Wave|p1a: Floette|[spread] p1a\n|-miss|p2b: Charizard|p1b: Incineroar\n|-damage|p1a: Floette|29/100\n|move|p1a: Floette|Draining Kiss|p2b: Charizard\n|-resisted|p2b: Charizard|1\n|-damage|p2b: Charizard|76/100\n|-heal|p1a: Floette|44/100|[from] drain|[of] p2b: Charizard\n|move|p1b: Incineroar|Flare Blitz|p2a: Venusaur\n|-supereffective|p2a: Venusaur|1\n|-enditem|p2a: Venusaur|Focus Sash\n|-damage|p2a: Venusaur|1/100\n|-damage|p1b: Incineroar|65/100|[from] Recoil\n|\n|-weather|SunnyDay|[upkeep]\n|upkeep\n|turn|5\n|\n|t:|1788449722\n|switch|p2a: Grimmsnarl|Grimmsnarl, L50, M|100/100\n|move|p1a: Floette|Protect|p1a: Floette\n|-singleturn|p1a: Floette|Protect\n|move|p2b: Charizard|Heat Wave|p1b: Incineroar|[spread] p1b\n|-activate|p1a: Floette|move: Protect\n|-resisted|p1b: Incineroar|1\n|-damage|p1b: Incineroar|55/100\n|move|p1b: Incineroar|Snarl|p2a: Grimmsnarl|[spread] p2a,p2b\n|-resisted|p2a: Grimmsnarl|2\n|-damage|p2a: Grimmsnarl|98/100\n|-damage|p2b: Charizard|69/100\n|-unboost|p2a: Grimmsnarl|spa|1\n|-unboost|p2b: Charizard|spa|1\n|\n|-weather|none\n|upkeep\n|turn|6\n|-message|iconic_stardust forfeited.\n|\n|win|zenchaos\n|raw|zenchaos's rating: 1606 &rarr; <strong>1623</strong><br />(+17 for winning)\n|raw|iconic_stardust's rating: 1554 &rarr; <strong>1537</strong><br />(-17 for losing)\n|l|☆iconic_stardust\n|player|p2|\n|l|☆zenchaos\n|player|p1|\n","uploadtime":1788449816,"views":"2","formatid":"gen9championsvgc2026regmb","rating":1537,"private":0,"password":null}