{"id":"gen9championsvgc2026regmb-2674994720","format":"[Gen 9 Champions] VGC 2026 Reg M-B","players":["Mimikyujoppadesu","GenericEdgeLrd"],"log":"|j|☆Mimikyujoppadesu\n|j|☆GenericEdgeLrd\n|t:|1788446517\n|gametype|doubles\n|player|p1|Mimikyujoppadesu|juggler|1040\n|player|p2|GenericEdgeLrd|gentleman-gen4|1121\n|gen|9\n|tier|[Gen 9 Champions] VGC 2026 Reg M-B\n|rated|\n|rule|Species Clause: Limit one of each Pokémon\n|rule|Item Clause: Limit 1 of each item\n|clearpoke\n|poke|p1|Staraptor, L50, F|\n|poke|p1|Sneasler, L50, M|\n|poke|p1|Orthworm, L50, M, shiny|\n|poke|p1|Gengar, L50, F, shiny|\n|poke|p1|Politoed, L50, F, shiny|\n|poke|p1|Basculegion, L50, M, shiny|\n|poke|p2|Whimsicott, L50, F|\n|poke|p2|Charizard, L50, F, shiny|\n|poke|p2|Gholdengo, L50|\n|poke|p2|Mamoswine, L50, F|\n|poke|p2|Overqwil, L50, M|\n|poke|p2|Farigiraf, L50, F|\n|teampreview|4\n|inactive|Battle timer is ON: inactive players will automatically lose when time's up. (requested by GenericEdgeLrd)\n|inactive|Mimikyujoppadesu has 60 seconds left.\n|\n|t:|1788446566\n|teamsize|p1|4\n|teamsize|p2|4\n|start\n|switch|p1a: Sneasler|Sneasler, L50, M|100/100\n|switch|p1b: Gengar|Gengar, L50, F, shiny|100/100\n|switch|p2a: Overqwil|Overqwil, L50, M|100/100\n|switch|p2b: Farigiraf|Farigiraf, L50, F|100/100\n|-ability|p2a: Overqwil|Intimidate|boost\n|-unboost|p1a: Sneasler|atk|1\n|-unboost|p1b: Gengar|atk|1\n|turn|1\n|\n|t:|1788446584\n|detailschange|p1b: Gengar|Gengar-Mega, L50, F, shiny\n|-mega|p1b: Gengar|Gengar|Gengarite\n|move|p1b: Gengar|Nasty Plot|p1b: Gengar\n|-boost|p1b: Gengar|spa|2\n|move|p2a: Overqwil|Crunch|p1b: Gengar\n|-supereffective|p1b: Gengar|1\n|-damage|p1b: Gengar|17/100\n|-unboost|p1b: Gengar|def|1\n|move|p1a: Sneasler|Close Combat|p2a: Overqwil\n|-damage|p2a: Overqwil|44/100\n|-unboost|p1a: Sneasler|def|1\n|-unboost|p1a: Sneasler|spd|1\n|move|p2b: Farigiraf|Psychic|p1a: Sneasler\n|-supereffective|p1a: Sneasler|2\n|-enditem|p1a: Sneasler|Focus Sash\n|-damage|p1a: Sneasler|1/100\n|\n|upkeep\n|turn|2\n|\n|t:|1788446609\n|move|p2b: Farigiraf|Ally Switch|p2b: Farigiraf\n|swap|p2b: Farigiraf|0|[from] move: Ally Switch\n|move|p1b: Gengar|Sludge Wave|p2a: Farigiraf|[spread] p1a,p2a,p2b\n|-resisted|p1a: Sneasler|1\n|-resisted|p2b: Overqwil|1\n|-damage|p1a: Sneasler|0 fnt\n|-damage|p2a: Farigiraf|41/100\n|-damage|p2b: Overqwil|0 fnt\n|-status|p2a: Farigiraf|psn\n|-enditem|p2a: Farigiraf|Sitrus Berry|[eat]\n|-heal|p2a: Farigiraf|66/100 psn|[from] item: Sitrus Berry\n|faint|p1a: Sneasler\n|faint|p2b: Overqwil\n|\n|-damage|p2a: Farigiraf|53/100 psn|[from] psn\n|upkeep\n|\n|t:|1788446623\n|switch|p2b: Charizard|Charizard, L50, F, shiny|100/100\n|switch|p1a: Basculegion|Basculegion, L50, M, shiny|100/100\n|turn|3\n|inactive|Mimikyujoppadesu has 30 seconds left.\n|\n|t:|1788446652\n|detailschange|p2b: Charizard|Charizard-Mega-Y, L50, F, shiny\n|-mega|p2b: Charizard|Charizard|Charizardite Y\n|-weather|SunnyDay|[from] ability: Drought|[of] p2b: Charizard\n|move|p2b: Charizard|Protect|p2b: Charizard\n|-singleturn|p2b: Charizard|Protect\n|move|p1a: Basculegion|Protect|p1a: Basculegion\n|-singleturn|p1a: Basculegion|Protect\n|move|p1b: Gengar|Sludge Wave|p2b: Charizard|[spread] p2a\n|-activate|p1a: Basculegion|move: Protect\n|-activate|p2b: Charizard|move: Protect\n|-damage|p2a: Farigiraf|0 fnt\n|faint|p2a: Farigiraf\n|\n|-weather|SunnyDay|[upkeep]\n|upkeep\n|\n|t:|1788446665\n|switch|p2a: Gholdengo|Gholdengo, L50|100/100\n|turn|4\n|\n|t:|1788446679\n|switch|p1b: Politoed|Politoed, L50, F, shiny|100/100\n|-weather|RainDance|[from] ability: Drizzle|[of] p1b: Politoed\n|move|p2b: Charizard|Heat Wave|p1b: Politoed|[spread] p1b\n|-miss|p2b: Charizard|p1a: Basculegion\n|-resisted|p1b: Politoed|1\n|-damage|p1b: Politoed|90/100\n|move|p2a: Gholdengo|Shadow Ball|p1a: Basculegion\n|-supereffective|p1a: Basculegion|1\n|-damage|p1a: Basculegion|0 fnt\n|faint|p1a: Basculegion\n|-damage|p2a: Gholdengo|90/100|[from] item: Life Orb\n|\n|-weather|RainDance|[upkeep]\n|upkeep\n|\n|t:|1788446694\n|switch|p1a: Gengar|Gengar-Mega, L50, F, shiny|17/100\n|turn|5\n|\n|t:|1788446711\n|move|p2b: Charizard|Weather Ball|p1a: Gengar\n|-damage|p1a: Gengar|0 fnt\n|faint|p1a: Gengar\n|move|p2a: Gholdengo|Shadow Ball|p1b: Politoed\n|-damage|p1b: Politoed|32/100\n|-damage|p2a: Gholdengo|80/100|[from] item: Life Orb\n|move|p1b: Politoed|Weather Ball|p2b: Charizard\n|-supereffective|p2b: Charizard|1\n|-damage|p2b: Charizard|0 fnt\n|faint|p2b: Charizard\n|-damage|p1b: Politoed|23/100|[from] item: Life Orb\n|\n|-weather|RainDance|[upkeep]\n|upkeep\n|turn|6\n|\n|t:|1788446725\n|move|p2a: Gholdengo|Shadow Ball|p1b: Politoed\n|-damage|p1b: Politoed|0 fnt\n|faint|p1b: Politoed\n|-damage|p2a: Gholdengo|70/100|[from] item: Life Orb\n|\n|win|GenericEdgeLrd\n|raw|Mimikyujoppadesu's rating: 1040 &rarr; <strong>1028</strong><br />(-12 for losing)\n|raw|GenericEdgeLrd's rating: 1121 &rarr; <strong>1140</strong><br />(+19 for winning)\n|l|☆Mimikyujoppadesu\n|player|p1|\n","uploadtime":1788446727,"views":"0","formatid":"gen9championsvgc2026regmb","rating":1028,"private":0,"password":null}