{"id":"gen9championsvgc2026regmb-2673922514","format":"[Gen 9 Champions] VGC 2026 Reg M-B","players":["tung cubed","IronSerpentFan"],"log":"|j|☆tung cubed\n|j|☆IronSerpentFan\n|html|<table width=\"100%\"><tr><td align=\"left\">tung cubed</td><td align=\"right\">IronSerpentFan</tr><tr><td align=\"left\"><i class=\"fa fa-circle-o\"></i> <i class=\"fa fa-circle-o\"></i> </td><td align=\"right\"><i class=\"fa fa-circle-o\"></i> <i class=\"fa fa-circle-o\"></i> </tr></table>\n|uhtml|bestof|<h2><strong>Game 1</strong> of <a href=\"/game-bestof3-gen9championsvgc2026regmb-2673922513\">a best-of-3</a></h2>\n|t:|1788277503\n|gametype|doubles\n|player|p1|tung cubed|skyla|\n|player|p2|IronSerpentFan|schoolkid-gen4|\n|gen|9\n|tier|[Gen 9 Champions] VGC 2026 Reg M-B\n|rated|Tournament battle\n|rule|Species Clause: Limit one of each Pokémon\n|rule|Item Clause: Limit 1 of each item\n|raw|<div class=\"infobox\"><details class=\"readmore\" open><summary><strong>2 custom rules:</strong></summary> Force Open Team Sheets, Best of = 3</details></div>\n|clearpoke\n|poke|p1|Floette-Eternal, L50, F|\n|poke|p1|Charizard, L50, M|\n|poke|p1|Kingambit, L50, M|\n|poke|p1|Whimsicott, L50, F|\n|poke|p1|Basculegion, L50, M|\n|poke|p1|Garchomp, L50, F|\n|poke|p2|Raichu, L50, F|\n|poke|p2|Gengar, L50, F|\n|poke|p2|Politoed, L50, M|\n|poke|p2|Incineroar, L50, F|\n|poke|p2|Sinistcha, L50|\n|poke|p2|Palafin, L50, M|\n|teampreview|4\n|showteam|p1|Floette-Eternal||Floettite|FlowerVeil|Protect,LightofRuin,Moonblast,DazzlingGleam|Timid||F|||50|]Charizard||CharizarditeY|Blaze|SolarBeam,HeatWave,WeatherBall,Protect|Modest||M|||50|]Kingambit||BlackGlasses|Defiant|IronHead,Protect,KowtowCleave,SuckerPunch|Adamant||M|||50|]Whimsicott||FocusSash|Prankster|Moonblast,Tailwind,Encore,Protect|Timid||F|||50|]Basculegion||MysticWater|Adaptability|WaveCrash,Protect,LastRespects,AquaJet|Adamant||M|||50|]Garchomp||LifeOrb|RoughSkin|Earthquake,RockSlide,Protect,DragonClaw|Jolly||F|||50|\n|showteam|p2|Raichu||RaichuniteY|LightningRod|Protect,Thunder,Electroweb,FocusBlast|Timid||F|||50|]Gengar||Gengarite|CursedBody|Protect,Disable,ShadowBall,SludgeBomb|Timid||F|||50|]Politoed||SitrusBerry|Drizzle|Protect,Encore,WeatherBall,PerishSong|Calm||M|||50|]Incineroar||PasshoBerry|Intimidate|Protect,FakeOut,ThroatChop,PartingShot|Sassy||F|||50|]Sinistcha||ColburBerry|Hospitality|Protect,RagePowder,MatchaGotcha,TrickRoom|Sassy|||||50|]Palafin||MysticWater|ZerotoHero|Protect,WaveCrash,JetPunch,CloseCombat|Jolly||M|||50|\n|inactive|Battle timer is ON: inactive players will automatically lose when time's up. (requested by tung cubed)\n|inactive|IronSerpentFan also wants the timer to be on.\n|c|☆IronSerpentFan|glhf\n|c|☆IronSerpentFan|noo\n|c|☆IronSerpentFan|wrong team\n|inactive|tung cubed has 60 seconds left.\n|inactive|IronSerpentFan has 60 seconds left.\n|inactive|tung cubed has 30 seconds left.\n|\n|t:|1788277567\n|teamsize|p1|4\n|teamsize|p2|4\n|start\n|switch|p1a: Garchomp|Garchomp, L50, F|100/100\n|switch|p1b: Charizard|Charizard, L50, M|100/100\n|switch|p2a: Gengar|Gengar, L50, F|100/100\n|switch|p2b: Incineroar|Incineroar, L50, F|100/100\n|-ability|p2b: Incineroar|Intimidate|boost\n|-unboost|p1a: Garchomp|atk|1\n|-unboost|p1b: Charizard|atk|1\n|turn|1\n|inactive|IronSerpentFan has 30 seconds left.\n|\n|t:|1788277600\n|detailschange|p2a: Gengar|Gengar-Mega, L50, F\n|-mega|p2a: Gengar|Gengar|Gengarite\n|detailschange|p1b: Charizard|Charizard-Mega-Y, L50, M\n|-mega|p1b: Charizard|Charizard|Charizardite Y\n|-weather|SunnyDay|[from] ability: Drought|[of] p1b: Charizard\n|move|p2a: Gengar|Protect|p2a: Gengar\n|-singleturn|p2a: Gengar|Protect\n|move|p1a: Garchomp|Earthquake|p2b: Incineroar|[spread] p2b\n|-activate|p2a: Gengar|move: Protect\n|-immune|p1b: Charizard\n|-supereffective|p2b: Incineroar|1\n|-damage|p2b: Incineroar|33/100\n|-damage|p1a: Garchomp|90/100|[from] item: Life Orb\n|move|p1b: Charizard|Weather Ball|p2a: Gengar\n|-activate|p2a: Gengar|move: Protect\n|move|p2b: Incineroar|Parting Shot|p1a: Garchomp\n|-unboost|p1a: Garchomp|atk|1\n|-unboost|p1a: Garchomp|spa|1\n|\n|t:|1788277612\n|switch|p2b: Politoed|Politoed, L50, M|100/100|[from] Parting Shot\n|-weather|RainDance|[from] ability: Drizzle|[of] p2b: Politoed\n|\n|-weather|RainDance|[upkeep]\n|upkeep\n|turn|2\n|\n|t:|1788277628\n|move|p2a: Gengar|Disable|p1a: Garchomp\n|-start|p1a: Garchomp|Disable|Earthquake\n|cant|p1a: Garchomp|Disable|Earthquake\n|move|p1b: Charizard|Weather Ball|p2a: Gengar\n|-damage|p2a: Gengar|15/100\n|move|p2b: Politoed|Perish Song|p2b: Politoed\n|-start|p1a: Garchomp|perish3|[silent]\n|-start|p1b: Charizard|perish3|[silent]\n|-start|p2a: Gengar|perish3|[silent]\n|-start|p2b: Politoed|perish3|[silent]\n|-fieldactivate|move: Perish Song\n|\n|-weather|RainDance|[upkeep]\n|-start|p2a: Gengar|perish3\n|-start|p1a: Garchomp|perish3\n|-start|p1b: Charizard|perish3\n|-start|p2b: Politoed|perish3\n|upkeep\n|turn|3\n|\n|t:|1788277649\n|move|p2a: Gengar|Protect|p2a: Gengar\n|-singleturn|p2a: Gengar|Protect\n|move|p1a: Garchomp|Dragon Claw|p2a: Gengar\n|-activate|p2a: Gengar|move: Protect\n|move|p1b: Charizard|Heat Wave|p2a: Gengar|[spread] p2b\n|-activate|p2a: Gengar|move: Protect\n|-resisted|p2b: Politoed|1\n|-damage|p2b: Politoed|92/100\n|move|p2b: Politoed|Weather Ball|p1b: Charizard\n|-supereffective|p1b: Charizard|1\n|-damage|p1b: Charizard|8/100\n|\n|-weather|RainDance|[upkeep]\n|-start|p2a: Gengar|perish2\n|-start|p1a: Garchomp|perish2\n|-start|p1b: Charizard|perish2\n|-start|p2b: Politoed|perish2\n|upkeep\n|turn|4\n|\n|t:|1788277672\n|switch|p2a: Incineroar|Incineroar, L50, F|33/100\n|-ability|p2a: Incineroar|Intimidate|boost\n|-unboost|p1a: Garchomp|atk|1\n|-unboost|p1b: Charizard|atk|1\n|move|p1a: Garchomp|Dragon Claw|p2a: Incineroar\n|-damage|p2a: Incineroar|11/100\n|-damage|p1a: Garchomp|80/100|[from] item: Life Orb\n|move|p1b: Charizard|Weather Ball|p2a: Incineroar\n|-supereffective|p2a: Incineroar|1\n|-enditem|p2a: Incineroar|Passho Berry|[eat]\n|-enditem|p2a: Incineroar|Passho Berry|[weaken]\n|-damage|p2a: Incineroar|0 fnt\n|faint|p2a: Incineroar\n|move|p2b: Politoed|Weather Ball|p1b: Charizard\n|-supereffective|p1b: Charizard|1\n|-damage|p1b: Charizard|0 fnt\n|faint|p1b: Charizard\n|\n|-weather|RainDance|[upkeep]\n|-start|p1a: Garchomp|perish1\n|-start|p2b: Politoed|perish1\n|upkeep\n|\n|t:|1788277691\n|switch|p1b: Whimsicott|Whimsicott, L50, F|100/100\n|switch|p2a: Gengar|Gengar-Mega, L50, F|15/100\n|turn|5\n|\n|t:|1788277699\n|switch|p2b: Sinistcha|Sinistcha, L50|100/100\n|-heal|p2a: Gengar|40/100|[from] ability: Hospitality|[of] p2b: Sinistcha\n|move|p2a: Gengar|Protect|p2a: Gengar\n|-singleturn|p2a: Gengar|Protect\n|move|p1b: Whimsicott|Tailwind|p1b: Whimsicott\n|-sidestart|p1: tung cubed|move: Tailwind\n|move|p1a: Garchomp|Dragon Claw|p2a: Gengar\n|-activate|p2a: Gengar|move: Protect\n|\n|-weather|none\n|-end|p1a: Garchomp|Disable\n|-start|p1a: Garchomp|perish0\n|faint|p1a: Garchomp\n|upkeep\n|\n|t:|1788277704\n|switch|p1a: Basculegion|Basculegion, L50, M|100/100\n|turn|6\n|inactive|IronSerpentFan has 30 seconds left.\n|inactive|IronSerpentFan has 20 seconds left.\n|inactive|IronSerpentFan has 15 seconds left.\n|inactive|IronSerpentFan has 10 seconds left.\n|inactive|IronSerpentFan has 5 seconds left.\n|\n|t:|1788277755\n|switch|p2a: Politoed|Politoed, L50, M|92/100\n|-weather|RainDance|[from] ability: Drizzle|[of] p2a: Politoed\n|move|p2b: Sinistcha|Protect|p2b: Sinistcha\n|-singleturn|p2b: Sinistcha|Protect\n|move|p1b: Whimsicott|Encore||[still]\n|-fail|p1b: Whimsicott\n|move|p1a: Basculegion|Last Respects|p2b: Sinistcha\n|-activate|p2b: Sinistcha|move: Protect\n|\n|-weather|RainDance|[upkeep]\n|upkeep\n|turn|7\n|\n|t:|1788277773\n|move|p2b: Sinistcha|Rage Powder|p2b: Sinistcha\n|-singleturn|p2b: Sinistcha|move: Rage Powder\n|move|p1b: Whimsicott|Moonblast|p2a: Politoed\n|-damage|p2a: Politoed|67/100\n|move|p1a: Basculegion|Last Respects|p2b: Sinistcha\n|-supereffective|p2b: Sinistcha|1\n|-damage|p2b: Sinistcha|0 fnt\n|faint|p2b: Sinistcha\n|move|p2a: Politoed|Perish Song|p2a: Politoed\n|-start|p1a: Basculegion|perish3|[silent]\n|-start|p1b: Whimsicott|perish3|[silent]\n|-start|p2a: Politoed|perish3|[silent]\n|-fieldactivate|move: Perish Song\n|\n|-weather|RainDance|[upkeep]\n|-start|p1b: Whimsicott|perish3\n|-start|p1a: Basculegion|perish3\n|-start|p2a: Politoed|perish3\n|upkeep\n|\n|t:|1788277776\n|switch|p2b: Gengar|Gengar-Mega, L50, F|40/100\n|turn|8\n|\n|t:|1788277800\n|move|p2b: Gengar|Protect|p2b: Gengar\n|-singleturn|p2b: Gengar|Protect\n|move|p2a: Politoed|Protect|p2a: Politoed\n|-singleturn|p2a: Politoed|Protect\n|move|p1b: Whimsicott|Encore|p2a: Politoed\n|-activate|p2a: Politoed|move: Protect\n|move|p1a: Basculegion|Wave Crash|p2b: Gengar\n|-activate|p2b: Gengar|move: Protect\n|\n|-weather|RainDance|[upkeep]\n|-start|p1b: Whimsicott|perish2\n|-start|p1a: Basculegion|perish2\n|-start|p2a: Politoed|perish2\n|-sideend|p1: tung cubed|move: Tailwind\n|upkeep\n|turn|9\n|\n|t:|1788277819\n|move|p2b: Gengar|Shadow Ball|p1a: Basculegion\n|-supereffective|p1a: Basculegion|1\n|-damage|p1a: Basculegion|0 fnt\n|faint|p1a: Basculegion\n|move|p1b: Whimsicott|Moonblast|p2b: Gengar\n|-resisted|p2b: Gengar|1\n|-damage|p2b: Gengar|15/100\n|move|p2a: Politoed|Encore|p1b: Whimsicott\n|-start|p1b: Whimsicott|Encore\n|\n|-weather|RainDance|[upkeep]\n|-start|p1b: Whimsicott|perish1\n|-start|p2a: Politoed|perish1\n|upkeep\n|turn|10\n|-message|tung cubed forfeited.\n|\n|win|IronSerpentFan\n|l|☆tung cubed\n|player|p1|\n","uploadtime":1788277829,"views":"0","formatid":"gen9championsvgc2026regmb","rating":null,"private":0,"password":null}