{"id":"gen9championsvgc2026regmb-2674266675","format":"[Gen 9 Champions] VGC 2026 Reg M-B","players":["chandra4678","Thornlace48812"],"log":"|j|☆chandra4678\n|j|☆Thornlace48812\n|t:|1788327112\n|gametype|doubles\n|player|p1|chandra4678|blue|1214\n|player|p2|Thornlace48812|1|1197\n|gen|9\n|tier|[Gen 9 Champions] VGC 2026 Reg M-B\n|rated|\n|rule|Species Clause: Limit one of each Pokémon\n|rule|Item Clause: Limit 1 of each item\n|clearpoke\n|poke|p1|Floette-Eternal, L50, F|\n|poke|p1|Basculegion, L50, M|\n|poke|p1|Kingambit, L50, F|\n|poke|p1|Dragonite, L50, M|\n|poke|p1|Garchomp, L50, M|\n|poke|p1|Sneasler, L50, F|\n|poke|p2|Garchomp, L50, F|\n|poke|p2|Charizard, L50, M|\n|poke|p2|Whimsicott, L50, M|\n|poke|p2|Sylveon, L50, F|\n|poke|p2|Kingambit, L50, F|\n|poke|p2|Basculegion, L50, M|\n|teampreview|4\n|inactive|Battle timer is ON: inactive players will automatically lose when time's up. (requested by Thornlace48812)\nThornlace48812 rejected open team sheets.\n|\n|t:|1788327135\n|teamsize|p1|4\n|teamsize|p2|4\n|start\n|switch|p1a: Sneasler|Sneasler, L50, F|100/100\n|switch|p1b: Garchomp|Garchomp, L50, M|100/100\n|switch|p2a: Charizard|Charizard, L50, M|100/100\n|switch|p2b: Sylveon|Sylveon, L50, F|100/100\n|turn|1\n|\n|t:|1788327150\n|detailschange|p2a: Charizard|Charizard-Mega-Y, L50, M\n|-mega|p2a: Charizard|Charizard|Charizardite Y\n|-weather|SunnyDay|[from] ability: Drought|[of] p2a: Charizard\n|move|p1a: Sneasler|Fake Out|p2b: Sylveon\n|-damage|p2b: Sylveon|80/100\n|move|p1b: Garchomp|Rock Slide|p2b: Sylveon|[spread] p2a,p2b\n|-supereffective|p2a: Charizard|2\n|-damage|p2a: Charizard|3/100\n|-damage|p2b: Sylveon|50/100g\n|move|p2a: Charizard|Ancient Power|p1b: Garchomp\n|-resisted|p1b: Garchomp|1\n|-damage|p1b: Garchomp|84/100\n|cant|p2b: Sylveon|flinch\n|\n|-weather|SunnyDay|[upkeep]\n|upkeep\n|turn|2\n|\n|t:|1788327170\n|move|p2a: Charizard|Protect|p2a: Charizard\n|-singleturn|p2a: Charizard|Protect\n|move|p1b: Garchomp|Rock Slide|p2a: Charizard|[spread] p2b\n|-activate|p2a: Charizard|move: Protect\n|-damage|p2b: Sylveon|19/100\n|move|p1a: Sneasler|Dire Claw|p2b: Sylveon\n|-supereffective|p2b: Sylveon|1\n|-crit|p2b: Sylveon\n|-damage|p2b: Sylveon|0 fnt\n|faint|p2b: Sylveon\n|\n|-weather|SunnyDay|[upkeep]\n|upkeep\n|\n|t:|1788327170\n|switch|p2b: Whimsicott|Whimsicott, L50, M|100/100\n|turn|3\n|\n|t:|1788327187\n|move|p2a: Charizard|Protect|p2a: Charizard\n|-singleturn|p2a: Charizard|Protect\n|move|p1a: Sneasler|Feint|p2a: Charizard\n|-activate|p2a: Charizard|move: Feint\n|-damage|p2a: Charizard|0 fnt\n|faint|p2a: Charizard\n|move|p2b: Whimsicott|Tailwind|p2b: Whimsicott\n|-sidestart|p2: Thornlace48812|move: Tailwind\n|move|p1b: Garchomp|Rock Slide|p2b: Whimsicott\n|-damage|p2b: Whimsicott|57/100\n|\n|-weather|SunnyDay|[upkeep]\n|upkeep\n|\n|t:|1788327187\n|switch|p2a: Basculegion|Basculegion, L50, M|100/100\n|turn|4\n|\n|t:|1788327203\n|move|p2b: Whimsicott|Moonblast|p1b: Garchomp\n|-supereffective|p1b: Garchomp|1\n|-damage|p1b: Garchomp|12/100\n|move|p2a: Basculegion|Last Respects|p1a: Sneasler\n|-enditem|p1a: Sneasler|Focus Sash\n|-damage|p1a: Sneasler|1/100\n|move|p1a: Sneasler|Dire Claw|p2b: Whimsicott\n|-supereffective|p2b: Whimsicott|2\n|-damage|p2b: Whimsicott|0 fnt\n|faint|p2b: Whimsicott\n|move|p1b: Garchomp|Rock Slide|p2a: Basculegion\n|-damage|p2a: Basculegion|69/100\n|\n|-weather|SunnyDay|[upkeep]\n|upkeep\n|turn|5\n|\n|t:|1788327226\n|move|p1a: Sneasler|Dire Claw|p2a: Basculegion\n|-resisted|p2a: Basculegion|1\n|-damage|p2a: Basculegion|46/100\n|-status|p2a: Basculegion|par\n|move|p1b: Garchomp|Rock Slide|p2a: Basculegion|[miss]\n|-miss|p1b: Garchomp|p2a: Basculegion\n|cant|p2a: Basculegion|par\n|\n|-weather|none\n|upkeep\n|turn|6\n|\n|t:|1788327238\n|move|p2a: Basculegion|Aqua Jet|p1a: Sneasler\n|-damage|p1a: Sneasler|0 fnt\n|faint|p1a: Sneasler\n|move|p1b: Garchomp|Rock Slide|p2a: Basculegion\n|-damage|p2a: Basculegion|13/100 par\n|\n|-sideend|p2: Thornlace48812|move: Tailwind\n|upkeep\n|\n|t:|1788327247\n|switch|p1a: Kingambit|Kingambit, L50, F|100/100\n|turn|7\n|\n|t:|1788327252\n|move|p2a: Basculegion|Protect|p2a: Basculegion\n|-singleturn|p2a: Basculegion|Protect\n|move|p1b: Garchomp|Rock Slide|p2a: Basculegion\n|-activate|p2a: Basculegion|move: Protect\n|move|p1a: Kingambit|Kowtow Cleave|p2a: Basculegion\n|-activate|p2a: Basculegion|move: Protect\n|\n|upkeep\n|turn|8\n|\n|t:|1788327261\n|move|p2a: Basculegion|Aqua Jet|p1a: Kingambit\n|-damage|p1a: Kingambit|74/100\n|move|p1b: Garchomp|Rock Slide|p2a: Basculegion\n|-damage|p2a: Basculegion|0 fnt\n|faint|p2a: Basculegion\n|\n|win|chandra4678\n|raw|chandra4678's rating: 1214 &rarr; <strong>1240</strong><br />(+26 for winning)\n|raw|Thornlace48812's rating: 1229 &rarr; <strong>1203</strong><br />(-26 for losing)\n","uploadtime":1788327262,"views":"1","formatid":"gen9championsvgc2026regmb","rating":1203,"private":0,"password":null}