{"id":"gen9championsvgc2026regmb-2674914537","format":"[Gen 9 Champions] VGC 2026 Reg M-B","players":["bristolcitybewears","Drought Drop"],"log":"|j|☆bristolcitybewears\n|j|☆Drought Drop\n|html|<table width=\"100%\"><tr><td align=\"left\">bristolcitybewears</td><td align=\"right\">Drought Drop</tr><tr><td align=\"left\"><i class=\"fa fa-circle-o\"></i> <i class=\"fa fa-circle-o\"></i> </td><td align=\"right\"><i class=\"fa fa-circle-o\"></i> <i class=\"fa fa-circle-o\"></i> </tr></table>\n|uhtml|bestof|<h2><strong>Game 1</strong> of <a href=\"/game-bestof3-gen9championsvgc2026regmb-2674914536\">a best-of-3</a></h2>\n|t:|1788435078\n|gametype|doubles\n|player|p1|bristolcitybewears|102|\n|player|p2|Drought Drop|n-masters|\n|gen|9\n|tier|[Gen 9 Champions] VGC 2026 Reg M-B\n|rule|Species Clause: Limit one of each Pokémon\n|rule|Item Clause: Limit 1 of each item\n|raw|<div class=\"infobox\"><details class=\"readmore\" open><summary><strong>1 custom rule:</strong></summary> Best of = 3</details></div>\n|clearpoke\n|poke|p1|Mamoswine, L50, F|\n|poke|p1|Aerodactyl, L50, F|\n|poke|p1|Sableye, L50, F|\n|poke|p1|Sylveon, L50, F|\n|poke|p1|Wyrdeer, L50, F|\n|poke|p1|Scovillain, L50, M|\n|poke|p2|Politoed, L50, F|\n|poke|p2|Kleavor, L50, F|\n|poke|p2|Farigiraf, L50, F|\n|poke|p2|Incineroar, L50, F|\n|poke|p2|Starmie, L50|\n|poke|p2|Goodra-Hisui, L50, M|\n|teampreview|4\n|inactive|Battle timer is ON: inactive players will automatically lose when time's up. (requested by Drought Drop)\nbristolcitybewears rejected open team sheets.\n|c|☆Drought Drop|GL HF fren\n|c|☆bristolcitybewears|gl hf\n|inactive|bristolcitybewears has 60 seconds left.\n|inactive|bristolcitybewears has 30 seconds left.\n|inactive|bristolcitybewears has 20 seconds left.\n|\n|t:|1788435153\n|teamsize|p1|4\n|teamsize|p2|4\n|start\n|switch|p1a: Sauron|Aerodactyl, L50, F|100/100\n|switch|p1b: BW: B4 wolfey|Mamoswine, L50, F|100/100\n|switch|p2a: Incineroar|Incineroar, L50, F|100/100\n|switch|p2b: Farigiraf|Farigiraf, L50, F|100/100\n|-ability|p1a: Sauron|Unnerve\n|-ability|p2a: Incineroar|Intimidate|boost\n|-unboost|p1a: Sauron|atk|1\n|-fail|p1b: BW: B4 wolfey|unboost|atk|[from] ability: Oblivious|[of] p1b: BW: B4 wolfey\n|turn|1\n|inactive|bristolcitybewears has 30 seconds left.\n|\n|t:|1788435180\n|move|p2a: Incineroar|Fake Out|p1b: BW: B4 wolfey\n|-damage|p1b: BW: B4 wolfey|82/100\n|cant|p1b: BW: B4 wolfey|flinch\n|move|p1a: Sauron|Rock Slide|p2a: Incineroar|[spread] p2a,p2b\n|-supereffective|p2a: Incineroar|1\n|-damage|p2a: Incineroar|66/100\n|-damage|p2b: Farigiraf|87/100\n|cant|p2b: Farigiraf|flinch\n|\n|upkeep\n|turn|2\n|\n|t:|1788435196\n|move|p1b: BW: B4 wolfey|Knock Off|p2b: Farigiraf\n|-supereffective|p2b: Farigiraf|1\n|-damage|p2b: Farigiraf|40/100\n|-enditem|p2b: Farigiraf|Mental Herb|[from] move: Knock Off|[of] p1b: BW: B4 wolfey\n|move|p1a: Sauron|Rock Slide|p2b: Farigiraf|[spread] p2a,p2b\n|-supereffective|p2a: Incineroar|1\n|-damage|p2a: Incineroar|35/100\n|-damage|p2b: Farigiraf|29/100\n|move|p2a: Incineroar|Parting Shot|p1b: BW: B4 wolfey\n|-unboost|p1b: BW: B4 wolfey|atk|1\n|-unboost|p1b: BW: B4 wolfey|spa|1\n|\n|t:|1788435202\n|switch|p2a: Kleavor|Kleavor, L50, F|100/100|[from] Parting Shot\n|move|p2b: Farigiraf|Calm Mind|p2b: Farigiraf\n|-boost|p2b: Farigiraf|spa|1\n|-boost|p2b: Farigiraf|spd|1\n|\n|upkeep\n|turn|3\n|\n|t:|1788435223\n|move|p2b: Farigiraf|Protect|p2b: Farigiraf\n|-singleturn|p2b: Farigiraf|Protect\n|move|p1b: BW: B4 wolfey|Knock Off|p2b: Farigiraf\n|-activate|p2b: Farigiraf|move: Protect\n|move|p2a: Kleavor|Rock Slide|p1b: BW: B4 wolfey|[spread] p1b\n|-miss|p2a: Kleavor|p1a: Sauron\n|-damage|p1b: BW: B4 wolfey|48/100\n|move|p1a: Sauron|Rock Slide|p2b: Farigiraf|[spread] p2a\n|-activate|p2b: Farigiraf|move: Protect\n|-supereffective|p2a: Kleavor|1\n|-damage|p2a: Kleavor|59/100\n|\n|upkeep\n|turn|4\n|inactive|Drought Drop has 30 seconds left.\n|\n|t:|1788435255\n|move|p1b: BW: B4 wolfey|Knock Off|p2b: Farigiraf\n|-supereffective|p2b: Farigiraf|1\n|-damage|p2b: Farigiraf|7/100\n|move|p2a: Kleavor|Rock Slide|p1a: Sauron|[spread] p1b\n|-miss|p2a: Kleavor|p1a: Sauron\n|-damage|p1b: BW: B4 wolfey|10/100\n|move|p1a: Sauron|Rock Slide|p2b: Farigiraf|[spread] p2a,p2b\n|-supereffective|p2a: Kleavor|1\n|-damage|p2a: Kleavor|14/100\n|-damage|p2b: Farigiraf|0 fnt\n|faint|p2b: Farigiraf\n|\n|upkeep\n|\n|t:|1788435258\n|switch|p2b: Incineroar|Incineroar, L50, F|35/100\n|-ability|p2b: Incineroar|Intimidate|boost\n|-unboost|p1a: Sauron|atk|1\n|-fail|p1b: BW: B4 wolfey|unboost|atk|[from] ability: Oblivious|[of] p1b: BW: B4 wolfey\n|turn|5\n|\n|t:|1788435277\n|switch|p1a: GEMS|Sableye, L50, F|100/100\n|move|p2b: Incineroar|Fake Out|p1b: BW: B4 wolfey\n|-damage|p1b: BW: B4 wolfey|0 fnt\n|faint|p1b: BW: B4 wolfey\n|move|p2a: Kleavor|Rock Slide|p1a: GEMS\n|-damage|p1a: GEMS|38/100\n|\n|upkeep\n|inactive|bristolcitybewears has 30 seconds left.\n|\n|t:|1788435304\n|switch|p1b: Sauron|Aerodactyl, L50, F|100/100\n|-ability|p1b: Sauron|Unnerve\n|turn|6\n|\n|t:|1788435325\n|switch|p2b: Starmie|Starmie, L50|100/100\n|detailschange|p1a: GEMS|Sableye-Mega, L50, F\n|-mega|p1a: GEMS|Sableye|Sablenite\n|move|p1b: Sauron|Wide Guard|p1b: Sauron\n|-singleturn|p1b: Sauron|Wide Guard\n|move|p2a: Kleavor|Rock Slide|p1b: Sauron|[spread] \n|-activate|p1a: GEMS|move: Wide Guard\n|-activate|p1b: Sauron|move: Wide Guard\n|move|p1a: GEMS|Power Gem|p2b: Starmie\n|-crit|p2b: Starmie\n|-damage|p2b: Starmie|64/100\n|\n|upkeep\n|turn|7\n|\n|t:|1788435343\n|move|p2a: Kleavor|Rock Slide|p1b: Sauron|[spread] p1a,p1b\n|-crit|p1a: GEMS\n|-supereffective|p1b: Sauron|1\n|-enditem|p1b: Sauron|Charti Berry|[eat]\n|-enditem|p1b: Sauron|Charti Berry|[weaken]\n|-damage|p1a: GEMS|0 fnt\n|-damage|p1b: Sauron|50/100g\n|faint|p1a: GEMS\n|move|p1b: Sauron|Tailwind|p1b: Sauron\n|-sidestart|p1: bristolcitybewears|move: Tailwind\n|move|p2b: Starmie|Dazzling Gleam|p1b: Sauron\n|-damage|p1b: Sauron|20/100y\n|\n|upkeep\n|\n|t:|1788435354\n|switch|p1a: Jamie Hayter|Sylveon, L50, F|100/100\n|turn|8\n|\n|t:|1788435362\n|move|p2b: Starmie|Protect|p2b: Starmie\n|-singleturn|p2b: Starmie|Protect\n|move|p1b: Sauron|Wide Guard|p1b: Sauron\n|-singleturn|p1b: Sauron|Wide Guard\n|move|p2a: Kleavor|Rock Slide|p1b: Sauron|[spread] \n|-activate|p1a: Jamie Hayter|move: Wide Guard\n|-activate|p1b: Sauron|move: Wide Guard\n|move|p1a: Jamie Hayter|Hyper Voice|p2b: Starmie|[spread] p2a\n|-activate|p2b: Starmie|move: Protect\n|-damage|p2a: Kleavor|0 fnt\n|faint|p2a: Kleavor\n|\n|upkeep\n|\n|t:|1788435366\n|switch|p2a: Incineroar|Incineroar, L50, F|35/100\n|-ability|p2a: Incineroar|Intimidate|boost\n|-unboost|p1a: Jamie Hayter|atk|1\n|-unboost|p1b: Sauron|atk|1\n|turn|9\n|\n|t:|1788435384\n|move|p2a: Incineroar|Fake Out|p1a: Jamie Hayter\n|-damage|p1a: Jamie Hayter|83/100\n|move|p1b: Sauron|Rock Slide|p2b: Starmie|[spread] p2a,p2b\n|-supereffective|p2a: Incineroar|1\n|-damage|p2a: Incineroar|0 fnt\n|-damage|p2b: Starmie|38/100\n|faint|p2a: Incineroar\n|move|p2b: Starmie|Ice Beam|p1b: Sauron\n|-supereffective|p1b: Sauron|1\n|-damage|p1b: Sauron|0 fnt\n|faint|p1b: Sauron\n|cant|p1a: Jamie Hayter|flinch\n|\n|upkeep\n|turn|10\n|\n|t:|1788435394\n|move|p2b: Starmie|Protect|p2b: Starmie\n|-singleturn|p2b: Starmie|Protect\n|move|p1a: Jamie Hayter|Hyper Voice|p2b: Starmie\n|-activate|p2b: Starmie|move: Protect\n|\n|-sideend|p1: bristolcitybewears|move: Tailwind\n|upkeep\n|turn|11\n|\n|t:|1788435398\n|move|p2b: Starmie|Ice Beam|p1a: Jamie Hayter\n|-damage|p1a: Jamie Hayter|62/100\n|move|p1a: Jamie Hayter|Hyper Voice|p2b: Starmie\n|-damage|p2b: Starmie|0 fnt\n|faint|p2b: Starmie\n|\n|win|bristolcitybewears\n||bristolcitybewears is ready for game 2.\n||Drought Drop is ready for game 2.\n|uhtml|next|Next: <a href=\"/battle-gen9championsvgc2026regmb-2674916338\"><strong>Game 2 of 3</strong></a>\n","uploadtime":1788435953,"views":"11","formatid":"gen9championsvgc2026regmb","rating":null,"private":0,"password":null}