{"id":"gen9championsvgc2026regmb-2674493347","format":"[Gen 9 Champions] VGC 2026 Reg M-B","players":["BonRequiem","Buggy00k"],"log":"|j|☆BonRequiem\n|j|☆Buggy00k\n|t:|1788366304\n|gametype|doubles\n|player|p1|BonRequiem|miku-ghost|1269\n|player|p2|Buggy00k|101|1196\n|gen|9\n|tier|[Gen 9 Champions] VGC 2026 Reg M-B\n|rated|\n|rule|Species Clause: Limit one of each Pokémon\n|rule|Item Clause: Limit 1 of each item\n|clearpoke\n|poke|p1|Clawitzer, L50, M|\n|poke|p1|Farigiraf, L50, F|\n|poke|p1|Mawile, L50, F|\n|poke|p1|Scovillain, L50, M|\n|poke|p1|Staraptor, L50, F|\n|poke|p1|Sneasler, L50, F|\n|poke|p2|Froslass, L50, F|\n|poke|p2|Blaziken, L50, M, shiny|\n|poke|p2|Kingambit, L50, F, shiny|\n|poke|p2|Primarina, L50, M, shiny|\n|poke|p2|Dragonite, L50, F, shiny|\n|poke|p2|Farigiraf, L50, F, shiny|\n|teampreview|4\n|\n|t:|1788366345\n|teamsize|p1|4\n|teamsize|p2|4\n|start\n|switch|p1a: Staraptor|Staraptor, L50, F|100/100\n|switch|p1b: Sneasler|Sneasler, L50, F|100/100\n|switch|p2a: Froslass|Froslass, L50, F|100/100\n|switch|p2b: Farigiraf|Farigiraf, L50, F, shiny|100/100\n|-ability|p1a: Staraptor|Intimidate|boost\n|-unboost|p2a: Froslass|atk|1\n|-unboost|p2b: Farigiraf|atk|1\n|turn|1\n|c|☆Buggy00k|glhf\n|\n|t:|1788366386\n|detailschange|p2a: Froslass|Froslass-Mega, L50, F\n|-mega|p2a: Froslass|Froslass|Froslassite\n|-weather|Snowscape|[from] ability: Snow Warning|[of] p2a: Froslass\n|move|p1a: Staraptor|Final Gambit|p2b: Farigiraf\n|-damage|p2b: Farigiraf|8/100\n|-enditem|p2b: Farigiraf|Sitrus Berry|[eat]\n|-heal|p2b: Farigiraf|33/100|[from] item: Sitrus Berry\n|faint|p1a: Staraptor\n|move|p1b: Sneasler|Taunt|p2a: Froslass\n|-start|p2a: Froslass|move: Taunt\n|cant|p2a: Froslass|move: Taunt|Aurora Veil\n|move|p2b: Farigiraf|Thunderbolt|p1b: Sneasler\n|-damage|p1b: Sneasler|69/100\n|\n|-weather|Snowscape|[upkeep]\n|upkeep\n|\n|t:|1788366405\n|switch|p1a: Farigiraf|Farigiraf, L50, F|100/100\n|turn|2\n|\n|t:|1788366423\n|move|p2a: Froslass|Blizzard|p1a: Farigiraf|[spread] p1a,p1b\n|-damage|p1a: Farigiraf|61/100\n|-damage|p1b: Sneasler|8/100\n|move|p1b: Sneasler|Close Combat|p2b: Farigiraf\n|-damage|p2b: Farigiraf|0 fnt\n|-unboost|p1b: Sneasler|def|1\n|-unboost|p1b: Sneasler|spd|1\n|faint|p2b: Farigiraf\n|-enditem|p1b: Sneasler|White Herb\n|-clearnegativeboost|p1b: Sneasler|[silent]\n|move|p1a: Farigiraf|Psychic|p2a: Froslass\n|-crit|p2a: Froslass\n|-damage|p2a: Froslass|39/100\n|\n|-weather|Snowscape|[upkeep]\n|upkeep\n|\n|t:|1788366437\n|switch|p2b: Primarina|Primarina, L50, M, shiny|100/100\n|turn|3\n|\n|t:|1788366456\n|move|p1b: Sneasler|Dire Claw|p2b: Primarina\n|-supereffective|p2b: Primarina|1\n|-damage|p2b: Primarina|22/100\n|move|p2a: Froslass|Blizzard|p1b: Sneasler|[spread] p1a,p1b\n|-damage|p1a: Farigiraf|23/100\n|-damage|p1b: Sneasler|0 fnt\n|faint|p1b: Sneasler\n|move|p2b: Primarina|Moonblast|p1a: Farigiraf\n|-damage|p1a: Farigiraf|0 fnt\n|faint|p1a: Farigiraf\n|\n|-weather|Snowscape|[upkeep]\n|-heal|p2b: Primarina|28/100|[from] item: Leftovers\n|-end|p2a: Froslass|move: Taunt\n|upkeep\n|\n|t:|1788366480\n|switch|p1a: Scovillain|Scovillain, L50, M|100/100\n|turn|4\n|c|☆BonRequiem|gg\n|\n|t:|1788366497\n|switch|p2a: Blaziken|Blaziken, L50, M, shiny|100/100\n|detailschange|p1a: Scovillain|Scovillain-Mega, L50, M\n|-mega|p1a: Scovillain|Scovillain|Scovillainite\n|move|p2b: Primarina|Protect|p2b: Primarina\n|-singleturn|p2b: Primarina|Protect\n|move|p1a: Scovillain|Flamethrower|p2a: Blaziken\n|-resisted|p2a: Blaziken|1\n|-crit|p2a: Blaziken\n|-damage|p2a: Blaziken|59/100\n|\n|-weather|Snowscape|[upkeep]\n|-heal|p2b: Primarina|34/100|[from] item: Leftovers\n|upkeep\n|turn|5\n|c|☆Buggy00k|gg\n|\n|t:|1788366512\n|move|p2a: Blaziken|Flare Blitz|p1a: Scovillain\n|-damage|p1a: Scovillain|26/100\n|-damage|p2a: Blaziken|34/100|[from] Recoil\n|move|p1a: Scovillain|Giga Drain|p2b: Primarina\n|-supereffective|p2b: Primarina|1\n|-damage|p2b: Primarina|0 fnt\n|-heal|p1a: Scovillain|45/100|[from] drain|[of] p2b: Primarina\n|faint|p2b: Primarina\n|\n|-weather|none\n|-ability|p2a: Blaziken|Speed Boost|boost\n|-boost|p2a: Blaziken|spe|1\n|upkeep\n|\n|t:|1788366519\n|switch|p2b: Froslass|Froslass-Mega, L50, F|39/100\n|-weather|Snowscape|[from] ability: Snow Warning|[of] p2b: Froslass\n|turn|6\n|\n|t:|1788366529\n|move|p2a: Blaziken|Flare Blitz|p1a: Scovillain\n|-damage|p1a: Scovillain|0 fnt\n|faint|p1a: Scovillain\n|-damage|p2a: Blaziken|18/100|[from] Recoil\n|\n|win|Buggy00k\n|raw|BonRequiem's rating: 1269 &rarr; <strong>1239</strong><br />(-30 for losing)\n|raw|Buggy00k's rating: 1196 &rarr; <strong>1226</strong><br />(+30 for winning)\n|l|☆BonRequiem\n|player|p1|\n","uploadtime":1788366536,"views":"3","formatid":"gen9championsvgc2026regmb","rating":1226,"private":0,"password":null}