{"id":"gen9championsvgc2026regmbbo3-2673561979","format":"[Gen 9 Champions] VGC 2026 Reg M-B (Bo3)","players":["NavarroMarin","luckstat10"],"log":"|j|☆NavarroMarin\n|j|☆luckstat10\n|html|<table width=\"100%\"><tr><td align=\"left\">NavarroMarin</td><td align=\"right\">luckstat10</tr><tr><td align=\"left\"><i class=\"fa fa-circle-o\"></i> <i class=\"fa fa-circle-o\"></i> </td><td align=\"right\"><i class=\"fa fa-circle-o\"></i> <i class=\"fa fa-circle-o\"></i> </tr></table>\n|uhtml|bestof|<h2><strong>Game 1</strong> of <a href=\"/game-bestof3-gen9championsvgc2026regmbbo3-2673561977\">a best-of-3</a></h2>\n|t:|1788213496\n|gametype|doubles\n|player|p1|NavarroMarin|norman|1112\n|player|p2|luckstat10|dawn|1186\n|gen|9\n|tier|[Gen 9 Champions] VGC 2026 Reg M-B (Bo3)\n|rated|\n|rule|Species Clause: Limit one of each Pokémon\n|rule|Item Clause: Limit 1 of each item\n|clearpoke\n|poke|p1|Incineroar, L50, F|\n|poke|p1|Kingambit, L50, M|\n|poke|p1|Sinistcha, L50|\n|poke|p1|Sneasler, L50, M|\n|poke|p1|Floette-Eternal, L50, F|\n|poke|p1|Delphox, L50, F|\n|poke|p2|Charizard, L50, F|\n|poke|p2|Garchomp, L50, M|\n|poke|p2|Venusaur, L50, F|\n|poke|p2|Floette-Eternal, L50, F|\n|poke|p2|Whimsicott, L50, M, shiny|\n|poke|p2|Kingambit, L50, M|\n|teampreview|4\n|showteam|p1|Incineroar||SitrusBerry|Intimidate|FakeOut,FlareBlitz,DarkestLariat,PartingShot|Careful||F|||50|]Kingambit||LifeOrb|Defiant|Protect,KowtowCleave,SuckerPunch,SwordsDance|Adamant||M|||50|]Sinistcha||OccaBerry|Hospitality|Protect,MatchaGotcha,RagePowder,TrickRoom|Relaxed|||||50|]Sneasler||FocusSash|PoisonTouch|FakeOut,CloseCombat,PoisonJab,Coaching|Jolly||M|||50|]Floette-Eternal||Floettite|FlowerVeil|Protect,Moonblast,DazzlingGleam,CalmMind|Modest||F|||50|]Delphox||Delphoxite|Blaze|Protect,HeatWave,Psychic,NastyPlot|Timid||F|||50|\n|showteam|p2|Charizard||CharizarditeY|Blaze|HeatWave,WeatherBall,AncientPower,Protect|Timid||F|||50|]Garchomp||LifeOrb|RoughSkin|DragonClaw,RockSlide,Earthquake,Protect|Jolly||M|||50|]Venusaur||MiracleSeed|Chlorophyll|LeafStorm,SludgeBomb,SleepPowder,Protect|Modest||F|||50|]Floette-Eternal||Floettite|FlowerVeil|DazzlingGleam,LightofRuin,CalmMind,Protect|Timid||F|||50|]Whimsicott||FocusSash|Prankster|Tailwind,Moonblast,Encore,Protect|Timid||M|||50|]Kingambit||ChopleBerry|Defiant|KowtowCleave,IronHead,SuckerPunch,Protect|Brave||M|||50|\n|\n|t:|1788213566\n|teamsize|p1|4\n|teamsize|p2|4\n|start\n|switch|p1a: Delphox|Delphox, L50, F|100/100\n|switch|p1b: Sneasler|Sneasler, L50, M|100/100\n|switch|p2a: Menace >:3|Garchomp, L50, M|100/100\n|switch|p2b: Kingambit|Kingambit, L50, M|100/100\n|turn|1\n|\n|t:|1788213590\n|switch|p1a: Floette|Floette-Eternal, L50, F|100/100\n|move|p2b: Kingambit|Protect|p2b: Kingambit\n|-singleturn|p2b: Kingambit|Protect\n|move|p1b: Sneasler|Fake Out|p2a: Menace >:3\n|-damage|p2a: Menace >:3|85/100\n|-damage|p1b: Sneasler|87/100|[from] ability: Rough Skin|[of] p2a: Menace >:3\n|cant|p2a: Menace >:3|flinch\n|\n|upkeep\n|turn|2\n|\n|t:|1788213618\n|switch|p2b: Surtur|Charizard, L50, F|100/100\n|detailschange|p1a: Floette|Floette-Mega, L50, F\n|-mega|p1a: Floette|Floette|Floettite\n|-ability|p1a: Floette|Fairy Aura\n|move|p1b: Sneasler|Close Combat|p2b: Surtur\n|-resisted|p2b: Surtur|1\n|-damage|p2b: Surtur|51/100\n|-unboost|p1b: Sneasler|def|1\n|-unboost|p1b: Sneasler|spd|1\n|move|p2a: Menace >:3|Earthquake|p1b: Sneasler|[spread] p1a,p1b\n|-immune|p2b: Surtur\n|-supereffective|p1b: Sneasler|1\n|-damage|p1a: Floette|50/100g\n|-damage|p1b: Sneasler|0 fnt\n|faint|p1b: Sneasler\n|-damage|p2a: Menace >:3|75/100|[from] item: Life Orb\n|move|p1a: Floette|Dazzling Gleam|p2b: Surtur|[spread] p2a,p2b\n|-supereffective|p2a: Menace >:3|1\n|-resisted|p2b: Surtur|1\n|-damage|p2a: Menace >:3|0 fnt\n|-damage|p2b: Surtur|21/100\n|faint|p2a: Menace >:3\n|\n|upkeep\n|\n|t:|1788213644\n|switch|p1b: Delphox|Delphox, L50, F|100/100\n|switch|p2a: Kingambit|Kingambit, L50, M|100/100\n|turn|3\n|\n|t:|1788213663\n|move|p2b: Surtur|Protect|p2b: Surtur\n|-singleturn|p2b: Surtur|Protect\n|move|p1b: Delphox|Nasty Plot|p1b: Delphox\n|-boost|p1b: Delphox|spa|2\n|move|p1a: Floette|Moonblast|p2a: Kingambit\n|-damage|p2a: Kingambit|25/100\n|move|p2a: Kingambit|Kowtow Cleave|p1b: Delphox\n|-supereffective|p1b: Delphox|1\n|-damage|p1b: Delphox|0 fnt\n|faint|p1b: Delphox\n|\n|upkeep\n|\n|t:|1788213674\n|switch|p1b: Sinistcha|Sinistcha, L50|100/100\n|-heal|p1a: Floette|75/100|[from] ability: Hospitality|[of] p1b: Sinistcha\n|turn|4\n|\n|t:|1788213685\n|switch|p2b: Venusaur|Venusaur, L50, F|100/100\n|move|p1b: Sinistcha|Rage Powder|p1b: Sinistcha\n|-singleturn|p1b: Sinistcha|move: Rage Powder\n|move|p1a: Floette|Dazzling Gleam|p2a: Kingambit|[spread] p2a,p2b\n|-resisted|p2b: Venusaur|1\n|-damage|p2a: Kingambit|0 fnt\n|-damage|p2b: Venusaur|77/100\n|faint|p2a: Kingambit\n|\n|upkeep\n|\n|t:|1788213693\n|switch|p2a: Surtur|Charizard, L50, F|21/100\n|turn|5\n|\n|t:|1788213716\n|detailschange|p2a: Surtur|Charizard-Mega-Y, L50, F\n|-mega|p2a: Surtur|Charizard|Charizardite Y\n|-weather|SunnyDay|[from] ability: Drought|[of] p2a: Surtur\n|move|p1b: Sinistcha|Protect|p1b: Sinistcha\n|-singleturn|p1b: Sinistcha|Protect\n|move|p2b: Venusaur|Sleep Powder|p1a: Floette\n|-status|p1a: Floette|slp|[from] move: Sleep Powder\n|move|p2a: Surtur|Heat Wave|p1a: Floette|[spread] p1a\n|-activate|p1b: Sinistcha|move: Protect\n|-damage|p1a: Floette|27/100 slp\n|cant|p1a: Floette|slp\n|\n|-weather|SunnyDay|[upkeep]\n|upkeep\n|turn|6\n|\n|t:|1788213735\n|move|p1b: Sinistcha|Rage Powder|p1b: Sinistcha\n|-singleturn|p1b: Sinistcha|move: Rage Powder\n|move|p2b: Venusaur|Sludge Bomb|p1a: Floette\n|-supereffective|p1a: Floette|1\n|-damage|p1a: Floette|0 fnt\n|faint|p1a: Floette\n|move|p2a: Surtur|Weather Ball|p1b: Sinistcha\n|-supereffective|p1b: Sinistcha|1\n|-enditem|p1b: Sinistcha|Occa Berry|[eat]\n|-enditem|p1b: Sinistcha|Occa Berry|[weaken]\n|-damage|p1b: Sinistcha|1/100\n|\n|-weather|SunnyDay|[upkeep]\n|upkeep\n|turn|7\n|\n|t:|1788213749\n|move|p2b: Venusaur|Sludge Bomb|p1b: Sinistcha\n|-damage|p1b: Sinistcha|0 fnt\n|faint|p1b: Sinistcha\n|\n|win|luckstat10\n||NavarroMarin is ready for game 2.\n||luckstat10 is ready for game 2.\n|uhtml|next|Next: <a href=\"/battle-gen9championsvgc2026regmbbo3-2673563724\"><strong>Game 2 of 3</strong></a>\n","uploadtime":1788214007,"views":"1","formatid":"gen9championsvgc2026regmbbo3","rating":null,"private":0,"password":null}