{"id":"gen9championsvgc2026regmbbo3-2674770106","format":"[Gen 9 Champions] VGC 2026 Reg M-B (Bo3)","players":["jomivgc","cjflex8"],"log":"|j|☆jomivgc\n|j|☆cjflex8\n|html|<table width=\"100%\"><tr><td align=\"left\">jomivgc</td><td align=\"right\">cjflex8</tr><tr><td align=\"left\"><i class=\"fa fa-circle\"></i> <i class=\"fa fa-circle-o\"></i> </td><td align=\"right\"><i class=\"fa fa-circle-o\"></i> <i class=\"fa fa-circle-o\"></i> </tr></table>\n|uhtml|bestof|<h2><strong>Game 2</strong> of <a href=\"/game-bestof3-gen9championsvgc2026regmbbo3-2674767852\">a best-of-3</a></h2>\n|t:|1788403500\n|gametype|doubles\n|player|p1|jomivgc|emmet|1267\n|player|p2|cjflex8|265|1210\n|gen|9\n|tier|[Gen 9 Champions] VGC 2026 Reg M-B (Bo3)\n|rated|\n|rule|Species Clause: Limit one of each Pokémon\n|rule|Item Clause: Limit 1 of each item\n|clearpoke\n|poke|p1|Raichu, L50, M|\n|poke|p1|Staraptor, L50, F|\n|poke|p1|Arcanine-Hisui, L50, M, shiny|\n|poke|p1|Farigiraf, L50, M|\n|poke|p1|Sylveon, L50, F|\n|poke|p1|Kingambit, L50, M|\n|poke|p2|Blaziken, L50, M|\n|poke|p2|Talonflame, L50, M|\n|poke|p2|Basculegion, L50, M|\n|poke|p2|Tsareena, L50, F|\n|poke|p2|Zoroark-Hisui, L50, F|\n|poke|p2|Empoleon, L50, F|\n|teampreview|4\n|showteam|p1|Raichu||RaichuniteY|LightningRod|ZapCannon,FocusBlast,FakeOut,Protect|Timid||M|||50|]Staraptor||Staraptite|Intimidate|CloseCombat,BraveBird,Tailwind,Protect|Jolly||F|||50|]Arcanine-Hisui||FocusSash|RockHead|FlareBlitz,HeadSmash,ExtremeSpeed,Protect|Jolly||M|||50|]Farigiraf||SitrusBerry|ArmorTail|Psychic,HelpingHand,TrickRoom,Protect|Calm||M|||50|]Sylveon||FairyFeather|Pixilate|HyperVoice,QuickAttack,HyperBeam,Detect|Modest||F|||50|]Kingambit||LifeOrb|Defiant|KowtowCleave,SuckerPunch,SwordsDance,Protect|Adamant||M|||50|\n|showteam|p2|Blaziken||Blazikenite|SpeedBoost|CloseCombat,FlareBlitz,Protect,RockSlide|Adamant||M|||50|]Talonflame||FocusSash|GaleWings|DualWingbeat,FlareBlitz,Protect,Tailwind|Jolly||M|||50|]Basculegion||ChoiceScarf|Adaptability|AquaJet,WaveCrash,LastRespects,FlipTurn|Jolly||M|||50|]Tsareena||WideLens|QueenlyMajesty|TropKick,HighJumpKick,TripleAxel,Protect|Adamant||F|||50|]Zoroark-Hisui||LifeOrb|Illusion|HyperVoice,BitterMalice,Protect,IcyWind|Timid||F|||50|]Empoleon||Leftovers|Competitive|FlashCannon,VacuumWave,HydroPump,Protect|Modest||F|||50|\n|inactive|Battle timer is ON: inactive players will automatically lose when time's up. (requested by jomivgc)\n|\n|t:|1788403524\n|teamsize|p1|4\n|teamsize|p2|4\n|start\n|switch|p1a: Staraptor|Staraptor, L50, F|100/100\n|switch|p1b: Arcanine|Arcanine-Hisui, L50, M, shiny|100/100\n|switch|p2a: Talonflame|Talonflame, L50, M|100/100\n|switch|p2b: Basculegion|Basculegion, L50, M|100/100\n|-ability|p1a: Staraptor|Intimidate|boost\n|-unboost|p2a: Talonflame|atk|1\n|-unboost|p2b: Basculegion|atk|1\n|turn|1\n|inactive|jomivgc has 30 seconds left.\n|inactive|cjflex8 has 30 seconds left.\n|inactive|jomivgc has 20 seconds left.\n|inactive|cjflex8 has 20 seconds left.\n|inactive|jomivgc has 15 seconds left.\n|\n|t:|1788403566\n|switch|p1b: Farigiraf|Farigiraf, L50, M|100/100\n|detailschange|p1a: Staraptor|Staraptor-Mega, L50, F\n|-mega|p1a: Staraptor|Staraptor|Staraptite\n|move|p2a: Talonflame|Protect|p2a: Talonflame\n|-singleturn|p2a: Talonflame|Protect\n|move|p2b: Basculegion|Wave Crash|p1a: Staraptor\n|-damage|p1a: Staraptor|45/100\n|-damage|p2b: Basculegion|83/100|[from] Recoil\n|move|p1a: Staraptor|Close Combat|p2b: Basculegion\n|-immune|p2b: Basculegion\n|\n|upkeep\n|turn|2\n|inactive|cjflex8 has 30 seconds left.\n|inactive|jomivgc has 30 seconds left.\n|\n|t:|1788403599\n|move|p1b: Farigiraf|Protect|p1b: Farigiraf\n|-singleturn|p1b: Farigiraf|Protect\n|move|p2b: Basculegion|Wave Crash|p1b: Farigiraf\n|-activate|p1b: Farigiraf|move: Protect\n|move|p2a: Talonflame|Flare Blitz|p1b: Farigiraf\n|-activate|p1b: Farigiraf|move: Protect\n|move|p1a: Staraptor|Close Combat|p2a: Talonflame\n|-resisted|p2a: Talonflame|1\n|-damage|p2a: Talonflame|56/100\n|-boost|p1a: Staraptor|def|1\n|-boost|p1a: Staraptor|spd|1\n|\n|upkeep\n|turn|3\n|inactive|jomivgc has 30 seconds left.\n|inactive|cjflex8 has 30 seconds left.\n|inactive|jomivgc has 20 seconds left.\n|inactive|jomivgc has 15 seconds left.\n|\n|t:|1788403643\n|switch|p2a: Tsareena|Tsareena, L50, F|100/100\n|move|p1b: Farigiraf|Helping Hand|p1a: Staraptor\n|-singleturn|p1a: Staraptor|Helping Hand|[of] p1b: Farigiraf\n|move|p2b: Basculegion|Wave Crash|p1b: Farigiraf\n|-damage|p1b: Farigiraf|57/100\n|-damage|p2b: Basculegion|67/100|[from] Recoil\n|move|p1a: Staraptor|Close Combat|p2a: Tsareena\n|-damage|p2a: Tsareena|3/100\n|-boost|p1a: Staraptor|def|1\n|-boost|p1a: Staraptor|spd|1\n|\n|upkeep\n|turn|4\n|inactive|jomivgc has 30 seconds left.\n|inactive|cjflex8 has 30 seconds left.\n|\n|t:|1788403671\n|switch|p1b: Kingambit|Kingambit, L50, M|100/100\n|move|p1a: Staraptor|Protect|p1a: Staraptor\n|-singleturn|p1a: Staraptor|Protect\n|move|p2a: Tsareena|Protect|p2a: Tsareena\n|-singleturn|p2a: Tsareena|Protect\n|move|p2b: Basculegion|Wave Crash|p1b: Kingambit\n|-damage|p1b: Kingambit|59/100\n|-damage|p2b: Basculegion|53/100|[from] Recoil\n|\n|upkeep\n|turn|5\n|\n|t:|1788403693\n|switch|p2a: Talonflame|Talonflame, L50, M|56/100\n|move|p1b: Kingambit|Sucker Punch|p2b: Basculegion\n|-supereffective|p2b: Basculegion|1\n|-damage|p2b: Basculegion|0 fnt\n|faint|p2b: Basculegion\n|-damage|p1b: Kingambit|49/100|[from] item: Life Orb\n|move|p1a: Staraptor|Close Combat|p2a: Talonflame\n|-resisted|p2a: Talonflame|1\n|-damage|p2a: Talonflame|6/100\n|-boost|p1a: Staraptor|def|1\n|-boost|p1a: Staraptor|spd|1\n|\n|upkeep\n|\n|t:|1788403702\n|switch|p2b: Tsareena|Tsareena, L50, F|3/100\n|turn|6\n|inactive|jomivgc has 30 seconds left.\n|\n|t:|1788403729\n|move|p2a: Talonflame|Tailwind|p2a: Talonflame\n|-sidestart|p2: cjflex8|move: Tailwind\n|move|p2b: Tsareena|Triple Axel|p1a: Staraptor\n|-supereffective|p1a: Staraptor|1\n|-damage|p1a: Staraptor|37/100\n|-supereffective|p1a: Staraptor|1\n|-damage|p1a: Staraptor|23/100\n|-supereffective|p1a: Staraptor|1\n|-damage|p1a: Staraptor|6/100\n|-hitcount|p1a: Staraptor|3\n|move|p1a: Staraptor|Close Combat|p2a: Talonflame\n|-resisted|p2a: Talonflame|1\n|-damage|p2a: Talonflame|0 fnt\n|-boost|p1a: Staraptor|def|1\n|-boost|p1a: Staraptor|spd|1\n|faint|p2a: Talonflame\n|move|p1b: Kingambit|Kowtow Cleave|p2b: Tsareena\n|-damage|p2b: Tsareena|0 fnt\n|faint|p2b: Tsareena\n|-damage|p1b: Kingambit|40/100|[from] item: Life Orb\n|\n|upkeep\n|\n|t:|1788403740\n|switch|p2b: Blaziken|Blaziken, L50, M|100/100\n|turn|7\n|\n|t:|1788403751\n|detailschange|p2b: Blaziken|Blaziken-Mega, L50, M\n|-mega|p2b: Blaziken|Blaziken|Blazikenite\n|move|p1b: Kingambit|Sucker Punch|p2b: Blaziken\n|-resisted|p2b: Blaziken|1\n|-crit|p2b: Blaziken\n|-damage|p2b: Blaziken|43/100\n|-damage|p1b: Kingambit|30/100|[from] item: Life Orb\n|move|p2b: Blaziken|Rock Slide|p1a: Staraptor|[spread] p1a,p1b\n|-resisted|p1b: Kingambit|1\n|-damage|p1a: Staraptor|0 fnt\n|-damage|p1b: Kingambit|21/100\n|faint|p1a: Staraptor\n|\n|-ability|p2b: Blaziken|Speed Boost|boost\n|-boost|p2b: Blaziken|spe|1\n|upkeep\n|\n|t:|1788403762\n|switch|p1a: Farigiraf|Farigiraf, L50, M|57/100\n|turn|8\n|-message|cjflex8 forfeited.\n|raw|jomivgc's rating: 1267 &rarr; <strong>1288</strong><br />(+21 for winning)\n|raw|cjflex8's rating: 1210 &rarr; <strong>1189</strong><br />(-21 for losing)\n|\n|win|jomivgc\n","uploadtime":1788403767,"views":"0","formatid":"gen9championsvgc2026regmbbo3","rating":1189,"private":0,"password":null}