{"id":"gen9championsvgc2026regmb-2674568010","format":"[Gen 9 Champions] VGC 2026 Reg M-B","players":["Noobiedoobie537","slackerang"],"log":"|j|☆Noobiedoobie537\n|j|☆slackerang\n|t:|1788374890\n|gametype|doubles\n|player|p1|Noobiedoobie537|lucas-gen4pt|1294\n|player|p2|slackerang|rocketgrunt|1202\n|gen|9\n|tier|[Gen 9 Champions] VGC 2026 Reg M-B\n|rated|\n|rule|Species Clause: Limit one of each Pokémon\n|rule|Item Clause: Limit 1 of each item\n|clearpoke\n|poke|p1|Reuniclus, L50, M, shiny|\n|poke|p1|Farigiraf, L50, F|\n|poke|p1|Sneasler, L50, F|\n|poke|p1|Pelipper, L50, M|\n|poke|p1|Swampert, L50, M|\n|poke|p1|Mawile, L50, F|\n|poke|p2|Gourgeist-Super, L50, M|\n|poke|p2|Goodra-Hisui, L50, M|\n|poke|p2|Tyranitar, L50, F, shiny|\n|poke|p2|Mawile, L50, F, shiny|\n|poke|p2|Sinistcha-Masterpiece, L50|\n|poke|p2|Azumarill, L50, F|\n|teampreview|4\n|\n|t:|1788374911\n|teamsize|p1|4\n|teamsize|p2|4\n|start\n|switch|p1a: john wave crash|Swampert, L50, M|100/100\n|switch|p1b: fraud|Pelipper, L50, M|100/100\n|switch|p2a: Gourgeist|Gourgeist-Super, L50, M|100/100\n|switch|p2b: Goodra|Goodra-Hisui, L50, M|100/100\n|-weather|RainDance|[from] ability: Drizzle|[of] p1b: fraud\n|-item|p1a: john wave crash|Swampertite|[from] ability: Frisk|[of] p2a: Gourgeist\n|-item|p1b: fraud|Mystic Water|[from] ability: Frisk|[of] p2a: Gourgeist\n|turn|1\n|inactive|Battle timer is ON: inactive players will automatically lose when time's up. (requested by slackerang)\n|\n|t:|1788374941\n|switch|p2b: Tyranitar|Tyranitar, L50, F, shiny|100/100\n|-weather|Sandstorm|[from] ability: Sand Stream|[of] p2b: Tyranitar\n|move|p1a: john wave crash|Protect|p1a: john wave crash\n|-singleturn|p1a: john wave crash|Protect\n|move|p1b: fraud|Hurricane|p2a: Gourgeist\n|-supereffective|p2a: Gourgeist|1\n|-damage|p2a: Gourgeist|10/100\n|move|p2a: Gourgeist|Trick Room|p2a: Gourgeist\n|-fieldstart|move: Trick Room|[of] p2a: Gourgeist\n|\n|-weather|Sandstorm|[upkeep]\n|-damage|p2a: Gourgeist|4/100|[from] Sandstorm\n|-damage|p1b: fraud|94/100|[from] Sandstorm\n|upkeep\n|turn|2\n|inactive|Noobiedoobie537 has 30 seconds left.\n|inactive|Noobiedoobie537 has 20 seconds left.\n|\n|t:|1788374976\n|switch|p1a: Harryhardtr|Farigiraf, L50, F|100/100\n|detailschange|p2b: Tyranitar|Tyranitar-Mega, L50, F, shiny\n|-mega|p2b: Tyranitar|Tyranitar|Tyranitarite\n|move|p2a: Gourgeist|Bullet Seed|p1a: Harryhardtr\n|-damage|p1a: Harryhardtr|91/100\n|-damage|p1a: Harryhardtr|83/100\n|-damage|p1a: Harryhardtr|74/100\n|-crit|p1a: Harryhardtr\n|-damage|p1a: Harryhardtr|62/100\n|-damage|p1a: Harryhardtr|52/100\n|-hitcount|p1a: Harryhardtr|5\n|move|p1b: fraud|Weather Ball|p2a: Gourgeist\n|-damage|p2a: Gourgeist|0 fnt\n|faint|p2a: Gourgeist\n|move|p2b: Tyranitar|Knock Off|p1b: fraud\n|-damage|p1b: fraud|32/100\n|-enditem|p1b: fraud|Mystic Water|[from] move: Knock Off|[of] p2b: Tyranitar\n|\n|-weather|Sandstorm|[upkeep]\n|-damage|p1a: Harryhardtr|46/100|[from] Sandstorm\n|-damage|p1b: fraud|26/100|[from] Sandstorm\n|-enditem|p1a: Harryhardtr|Sitrus Berry|[eat]\n|-heal|p1a: Harryhardtr|71/100|[from] item: Sitrus Berry\n|upkeep\n|\n|t:|1788375000\n|switch|p2a: Goodra|Goodra-Hisui, L50, M|100/100\n|turn|3\n|\n|t:|1788375010\n|switch|p1b: evil mf|Sneasler, L50, F|100/100\n|move|p1a: Harryhardtr|Protect|p1a: Harryhardtr\n|-singleturn|p1a: Harryhardtr|Protect\n|move|p2a: Goodra|Shelter|p2a: Goodra\n|-boost|p2a: Goodra|def|2\n|move|p2b: Tyranitar|Rock Slide|p1b: evil mf|[spread] p1b\n|-activate|p1a: Harryhardtr|move: Protect\n|-resisted|p1b: evil mf|1\n|-damage|p1b: evil mf|73/100\n|\n|-weather|Sandstorm|[upkeep]\n|-damage|p1a: Harryhardtr|65/100|[from] Sandstorm\n|-damage|p1b: evil mf|67/100|[from] Sandstorm\n|upkeep\n|turn|4\n|inactive|slackerang has 30 seconds left.\n|\n|t:|1788375039\n|move|p1b: evil mf|Fake Out|p2b: Tyranitar\n|-resisted|p2b: Tyranitar|1\n|-damage|p2b: Tyranitar|95/100\n|move|p2a: Goodra|Heavy Slam|p1b: evil mf\n|-damage|p1b: evil mf|0 fnt\n|faint|p1b: evil mf\n|cant|p2b: Tyranitar|flinch\n|move|p1a: Harryhardtr|Trick Room|p1a: Harryhardtr\n|-fieldend|move: Trick Room\n|\n|-weather|Sandstorm|[upkeep]\n|-damage|p1a: Harryhardtr|59/100|[from] Sandstorm\n|upkeep\n|\n|t:|1788375048\n|switch|p1b: john wave crash|Swampert, L50, M|100/100\n|turn|5\n|\n|t:|1788375077\n|switch|p1a: fraud|Pelipper, L50, M|26/100\n|-weather|RainDance|[from] ability: Drizzle|[of] p1a: fraud\n|detailschange|p1b: john wave crash|Swampert-Mega, L50, M\n|-mega|p1b: john wave crash|Swampert|Swampertite\n|move|p1b: john wave crash|Earthquake|p2a: Goodra|[spread] p2a,p2b\n|-immune|p1a: fraud\n|-supereffective|p2a: Goodra|1\n|-supereffective|p2b: Tyranitar|1\n|-damage|p2a: Goodra|70/100\n|-damage|p2b: Tyranitar|33/100\n|move|p2b: Tyranitar|Knock Off|p1a: fraud\n|-damage|p1a: fraud|0 fnt\n|faint|p1a: fraud\n|move|p2a: Goodra|Body Press|p1b: john wave crash\n|-damage|p1b: john wave crash|59/100\n|\n|-weather|RainDance|[upkeep]\n|-heal|p2a: Goodra|75/100|[from] item: Leftovers\n|upkeep\n|\n|t:|1788375091\n|switch|p1a: Harryhardtr|Farigiraf, L50, F|59/100\n|turn|6\n|\n|t:|1788375102\n|switch|p2b: Sinistcha|Sinistcha-Masterpiece, L50|100/100\n|-heal|p2a: Goodra|100/100|[from] ability: Hospitality|[of] p2b: Sinistcha\n|move|p1a: Harryhardtr|Helping Hand|p1b: john wave crash\n|-singleturn|p1b: john wave crash|Helping Hand|[of] p1a: Harryhardtr\n|move|p1b: john wave crash|Earthquake|p2b: Sinistcha|[spread] p1a,p2a,p2b\n|-crit|p1a: Harryhardtr\n|-supereffective|p2a: Goodra|1\n|-resisted|p2b: Sinistcha|1\n|-damage|p1a: Harryhardtr|0 fnt\n|-damage|p2a: Goodra|45/100\n|-damage|p2b: Sinistcha|73/100\n|faint|p1a: Harryhardtr\n|move|p2a: Goodra|Shelter|p2a: Goodra\n|-boost|p2a: Goodra|def|2\n|\n|-weather|RainDance|[upkeep]\n|-heal|p2a: Goodra|51/100|[from] item: Leftovers\n|upkeep\n|turn|7\n|-message|Noobiedoobie537 forfeited.\n|\n|win|slackerang\n|raw|Noobiedoobie537's rating: 1294 &rarr; <strong>1263</strong><br />(-31 for losing)\n|raw|slackerang's rating: 1202 &rarr; <strong>1233</strong><br />(+31 for winning)\n","uploadtime":1788375117,"views":"1","formatid":"gen9championsvgc2026regmb","rating":1233,"private":0,"password":null}