{"id":"gen9championsvgc2026regmbbo3-2674802209","format":"[Gen 9 Champions] VGC 2026 Reg M-B (Bo3)","players":["void25o","shred_ya"],"log":"|j|☆void25o\n|j|☆shred_ya\n|html|<table width=\"100%\"><tr><td align=\"left\">void25o</td><td align=\"right\">shred_ya</tr><tr><td align=\"left\"><i class=\"fa fa-circle\"></i> <i class=\"fa fa-circle-o\"></i> </td><td align=\"right\"><i class=\"fa fa-circle-o\"></i> <i class=\"fa fa-circle-o\"></i> </tr></table>\n|uhtml|bestof|<h2><strong>Game 2</strong> of <a href=\"/game-bestof3-gen9championsvgc2026regmbbo3-2674801681\">a best-of-3</a></h2>\n|t:|1788409661\n|gametype|doubles\n|player|p1|void25o|raihan-masters|1322\n|player|p2|shred_ya|170|1208\n|gen|9\n|tier|[Gen 9 Champions] VGC 2026 Reg M-B (Bo3)\n|rated|\n|rule|Species Clause: Limit one of each Pokémon\n|rule|Item Clause: Limit 1 of each item\n|clearpoke\n|poke|p1|Delphox, L50, F|\n|poke|p1|Basculegion, L50, M, shiny|\n|poke|p1|Farigiraf, L50, F, shiny|\n|poke|p1|Whimsicott, L50, F|\n|poke|p1|Sneasler, L50, M|\n|poke|p1|Blastoise, L50, M|\n|poke|p2|Kangaskhan, L50, F|\n|poke|p2|Farigiraf, L50, M|\n|poke|p2|Torkoal, L50, F|\n|poke|p2|Hatterene, L50, F|\n|poke|p2|Dragonite, L50, F|\n|poke|p2|Kingambit, L50, M|\n|teampreview|4\n|showteam|p1|Delphox||Delphoxite|Blaze|Psychic,HeatWave,NastyPlot,Protect|Timid||F|||50|]Basculegion||LifeOrb|Adaptability|WaveCrash,LastRespects,AquaJet,Protect|Adamant||M|||50|]Farigiraf||ColburBerry|ArmorTail|FoulPlay,Psychic,HelpingHand,TrickRoom|Modest||F|||50|]Whimsicott||FocusSash|Prankster|Moonblast,Encore,Tailwind,Protect|Timid||F|||50|]Sneasler||WhiteHerb|Unburden|CloseCombat,DireClaw,FakeOut,Protect|Jolly||M|||50|]Blastoise||Blastoisinite|RainDish|ShellSmash,WaterSpout,DarkPulse,Protect|Modest||M|||50|\n|showteam|p2|Kangaskhan||Kangaskhanite|Scrappy|FakeOut,DoubleEdge,HammerArm,SuckerPunch|Adamant||F|||50|]Farigiraf||ColburBerry|ArmorTail|TwinBeam,HelpingHand,TrickRoom,Thunderbolt|Relaxed||M|||50|]Torkoal||Charcoal|Drought|Eruption,HeatWave,EarthPower,Protect|Quiet||F|||50|]Hatterene||FocusSash|MagicBounce|Protect,DazzlingGleam,TrickRoom,Psychic|Quiet||F|||50|]Dragonite||LifeOrb|InnerFocus|ThunderPunch,Outrage,Haze,ExtremeSpeed|Brave||F|||50|]Kingambit||OccaBerry|Defiant|IronHead,SuckerPunch,KowtowCleave,LowKick|Brave||M|||50|\n|\n|t:|1788409673\n|teamsize|p1|4\n|teamsize|p2|4\n|start\n|switch|p1a: the cure|Sneasler, L50, M|100/100\n|switch|p1b: purple|Basculegion, L50, M, shiny|100/100\n|switch|p2a: Kangaskhan|Kangaskhan, L50, F|100/100\n|switch|p2b: Hatterene|Hatterene, L50, F|100/100\n|turn|1\n|inactive|Battle timer is ON: inactive players will automatically lose when time's up. (requested by shred_ya)\n|\n|t:|1788409695\n|detailschange|p2a: Kangaskhan|Kangaskhan-Mega, L50, F\n|-mega|p2a: Kangaskhan|Kangaskhan|Kangaskhanite\n|move|p1a: the cure|Fake Out|p2a: Kangaskhan\n|-damage|p2a: Kangaskhan|88/100\n|move|p1b: purple|Last Respects|p2b: Hatterene\n|-supereffective|p2b: Hatterene|1\n|-damage|p2b: Hatterene|1/100\n|-damage|p1b: purple|90/100|[from] item: Life Orb\n|cant|p2a: Kangaskhan|flinch\n|move|p2b: Hatterene|Trick Room|p2b: Hatterene\n|-fieldstart|move: Trick Room|[of] p2b: Hatterene\n|\n|upkeep\n|turn|2\n|\n|t:|1788409708\n|move|p2b: Hatterene|Protect|p2b: Hatterene\n|-singleturn|p2b: Hatterene|Protect\n|move|p2a: Kangaskhan|Sucker Punch|p1b: purple\n|-supereffective|p1b: purple|1\n|-damage|p1b: purple|30/100\n|-supereffective|p1b: purple|1\n|-damage|p1b: purple|15/100\n|-hitcount|p1b: purple|2\n|move|p1b: purple|Aqua Jet|p2b: Hatterene\n|-activate|p2b: Hatterene|move: Protect\n|move|p1a: the cure|Close Combat|p2a: Kangaskhan\n|-supereffective|p2a: Kangaskhan|1\n|-damage|p2a: Kangaskhan|0 fnt\n|-unboost|p1a: the cure|def|1\n|-unboost|p1a: the cure|spd|1\n|faint|p2a: Kangaskhan\n|-enditem|p1a: the cure|White Herb\n|-clearnegativeboost|p1a: the cure|[silent]\n|\n|upkeep\n|\n|t:|1788409721\n|switch|p2a: Torkoal|Torkoal, L50, F|100/100\n|-weather|SunnyDay|[from] ability: Drought|[of] p2a: Torkoal\n|turn|3\n|\n|t:|1788409726\n|switch|p2b: Kingambit|Kingambit, L50, M|100/100\n|move|p1b: purple|Protect|p1b: purple\n|-singleturn|p1b: purple|Protect\n|move|p1a: the cure|Protect|p1a: the cure\n|-singleturn|p1a: the cure|Protect\n|move|p2a: Torkoal|Eruption|p1b: purple|[spread] \n|-activate|p1a: the cure|move: Protect\n|-activate|p1b: purple|move: Protect\n|\n|-weather|SunnyDay|[upkeep]\n|upkeep\n|turn|4\n|\n|t:|1788409735\n|move|p2b: Kingambit|Sucker Punch|p1b: purple\n|-supereffective|p1b: purple|1\n|-damage|p1b: purple|0 fnt\n|faint|p1b: purple\n|move|p2a: Torkoal|Eruption|p1a: the cure\n|-damage|p1a: the cure|0 fnt\n|faint|p1a: the cure\n|\n|-weather|SunnyDay|[upkeep]\n|upkeep\n|\n|t:|1788409737\n|switch|p1b: <3|Delphox, L50, F|100/100\n|switch|p1a: my way|Farigiraf, L50, F, shiny|100/100\n|turn|5\n|\n|t:|1788409751\n|detailschange|p1b: <3|Delphox-Mega, L50, F\n|-mega|p1b: <3|Delphox|Delphoxite\n|move|p1a: my way|Helping Hand|p1b: <3\n|-singleturn|p1b: <3|Helping Hand|[of] p1a: my way\n|move|p2a: Torkoal|Eruption|p1a: my way|[spread] p1a,p1b\n|-resisted|p1b: <3|1\n|-damage|p1a: my way|22/100\n|-damage|p1b: <3|57/100\n|move|p2b: Kingambit|Kowtow Cleave|p1a: my way\n|-supereffective|p1a: my way|1\n|-enditem|p1a: my way|Colbur Berry|[eat]\n|-enditem|p1a: my way|Colbur Berry|[weaken]\n|-damage|p1a: my way|0 fnt\n|faint|p1a: my way\n|move|p1b: <3|Heat Wave|p2b: Kingambit|[spread] p2a,p2b\n|-resisted|p2a: Torkoal|1\n|-crit|p2a: Torkoal\n|-supereffective|p2b: Kingambit|1\n|-enditem|p2b: Kingambit|Occa Berry|[eat]\n|-enditem|p2b: Kingambit|Occa Berry|[weaken]\n|-damage|p2a: Torkoal|22/100\n|-damage|p2b: Kingambit|15/100\n|\n|-weather|SunnyDay|[upkeep]\n|-fieldend|move: Trick Room\n|upkeep\n|turn|6\n|\n|t:|1788409771\n|move|p1b: <3|Protect|p1b: <3\n|-singleturn|p1b: <3|Protect\n|move|p2b: Kingambit|Sucker Punch||[still]\n|-fail|p2b: Kingambit\n|move|p2a: Torkoal|Heat Wave|p1b: <3\n|-activate|p1b: <3|move: Protect\n|\n|-weather|SunnyDay|[upkeep]\n|upkeep\n|turn|7\n|\n|t:|1788409778\n|move|p1b: <3|Protect||[still]\n|-fail|p1b: <3\n|move|p2b: Kingambit|Sucker Punch||[still]\n|-fail|p2b: Kingambit\n|move|p2a: Torkoal|Heat Wave|p1b: <3\n|-resisted|p1b: <3|1\n|-damage|p1b: <3|24/100\n|\n|-weather|none\n|upkeep\n|turn|8\n|\n|t:|1788409784\n|move|p1b: <3|Protect|p1b: <3\n|-singleturn|p1b: <3|Protect\n|move|p2b: Kingambit|Sucker Punch||[still]\n|-fail|p2b: Kingambit\n|move|p2a: Torkoal|Heat Wave|p1b: <3\n|-activate|p1b: <3|move: Protect\n|\n|upkeep\n|turn|9\n|\n|t:|1788409790\n|move|p2b: Kingambit|Sucker Punch||[still]\n|-fail|p2b: Kingambit\n|move|p1b: <3|Nasty Plot|p1b: <3\n|-boost|p1b: <3|spa|2\n|move|p2a: Torkoal|Heat Wave|p1b: <3\n|-resisted|p1b: <3|1\n|-damage|p1b: <3|3/100\n|\n|upkeep\n|turn|10\n|\n|t:|1788409798\n|move|p1b: <3|Protect|p1b: <3\n|-singleturn|p1b: <3|Protect\n|move|p2b: Kingambit|Sucker Punch||[still]\n|-fail|p2b: Kingambit\n|move|p2a: Torkoal|Heat Wave|p1b: <3\n|-activate|p1b: <3|move: Protect\n|\n|upkeep\n|turn|11\n|\n|t:|1788409804\n|move|p1b: <3|Protect||[still]\n|-fail|p1b: <3\n|move|p2b: Kingambit|Sucker Punch||[still]\n|-fail|p2b: Kingambit\n|move|p2a: Torkoal|Heat Wave|p1b: <3|[miss]\n|-miss|p2a: Torkoal|p1b: <3\n|\n|upkeep\n|turn|12\n|\n|t:|1788409822\n|move|p1b: <3|Heat Wave|p2b: Kingambit|[spread] p2a,p2b\n|-resisted|p2a: Torkoal|1\n|-supereffective|p2b: Kingambit|1\n|-damage|p2a: Torkoal|0 fnt\n|-damage|p2b: Kingambit|0 fnt\n|faint|p2a: Torkoal\n|faint|p2b: Kingambit\n|\n|upkeep\n|\n|t:|1788409828\n|switch|p2b: Hatterene|Hatterene, L50, F|1/100\n|turn|13\n|\n|t:|1788409831\n|move|p1b: <3|Psychic|p2b: Hatterene\n|-resisted|p2b: Hatterene|1\n|-damage|p2b: Hatterene|0 fnt\n|faint|p2b: Hatterene\n|\n|win|void25o\n|raw|void25o's rating: 1322 &rarr; <strong>1336</strong><br />(+14 for winning)\n|raw|shred_ya's rating: 1208 &rarr; <strong>1191</strong><br />(-17 for losing)\n","uploadtime":1788409833,"views":"20","formatid":"gen9championsvgc2026regmbbo3","rating":1191,"private":0,"password":null}