{"id":"gen9championsvgc2026regmb-2674100251","format":"[Gen 9 Champions] VGC 2026 Reg M-B","players":["jago1806","Crotolamo67"],"log":"|j|☆jago1806\n|j|☆Crotolamo67\n|t:|1788299148\n|gametype|doubles\n|player|p1|jago1806|lucas|1464\n|player|p2|Crotolamo67|mina-lgpe|1368\n|gen|9\n|tier|[Gen 9 Champions] VGC 2026 Reg M-B\n|rated|\n|rule|Species Clause: Limit one of each Pokémon\n|rule|Item Clause: Limit 1 of each item\n|clearpoke\n|poke|p1|Sneasler, L50, F|\n|poke|p1|Sinistcha-Masterpiece, L50|\n|poke|p1|Kingambit, L50, M|\n|poke|p1|Whimsicott, L50, F|\n|poke|p1|Garchomp, L50, F|\n|poke|p1|Charizard, L50, F|\n|poke|p2|Raichu, L50, M, shiny|\n|poke|p2|Aerodactyl, L50, F|\n|poke|p2|Kingambit, L50, M, shiny|\n|poke|p2|Basculegion, L50, M, shiny|\n|poke|p2|Ninetales-Alola, L50, F|\n|poke|p2|Tsareena, L50, F, shiny|\n|teampreview|4\n|inactive|Battle timer is ON: inactive players will automatically lose when time's up. (requested by jago1806)\n|\n|t:|1788299192\n|teamsize|p1|4\n|teamsize|p2|4\n|start\n|switch|p1a: Garchomp|Garchomp, L50, F|100/100\n|switch|p1b: Sneasler|Sneasler, L50, F|100/100\n|switch|p2a: Raichu|Raichu, L50, M, shiny|100/100\n|switch|p2b: Aerodactyl|Aerodactyl, L50, F|100/100\n|-ability|p2b: Aerodactyl|Unnerve\n|turn|1\n|inactive|Crotolamo67 has 30 seconds left.\n|\n|t:|1788299227\n|switch|p2a: Tsareena|Tsareena, L50, F, shiny|100/100\n|move|p1a: Garchomp|Rock Tomb|p2b: Aerodactyl\n|-supereffective|p2b: Aerodactyl|1\n|-damage|p2b: Aerodactyl|39/100\n|-unboost|p2b: Aerodactyl|spe|1\n|move|p1b: Sneasler|Close Combat|p2b: Aerodactyl\n|-damage|p2b: Aerodactyl|0 fnt\n|-unboost|p1b: Sneasler|def|1\n|-unboost|p1b: Sneasler|spd|1\n|faint|p2b: Aerodactyl\n|-enditem|p1b: Sneasler|White Herb\n|-clearnegativeboost|p1b: Sneasler|[silent]\n|\n|upkeep\n|\n|t:|1788299243\n|switch|p2b: Basculegion|Basculegion, L50, M, shiny|100/100\n|turn|2\n|\n|t:|1788299257\n|switch|p1b: Sinistcha|Sinistcha-Masterpiece, L50|100/100\n|move|p1a: Garchomp|Rock Tomb|p2b: Basculegion\n|-damage|p2b: Basculegion|78/100\n|-unboost|p2b: Basculegion|spe|1\n|move|p2a: Tsareena|Triple Axel|p1a: Garchomp\n|-supereffective|p1a: Garchomp|2\n|-damage|p1a: Garchomp|67/100\n|-damage|p2a: Tsareena|87/100|[from] ability: Rough Skin|[of] p1a: Garchomp\n|-supereffective|p1a: Garchomp|2\n|-damage|p1a: Garchomp|13/100\n|-damage|p2a: Tsareena|75/100|[from] ability: Rough Skin|[of] p1a: Garchomp\n|-supereffective|p1a: Garchomp|2\n|-damage|p1a: Garchomp|0 fnt\n|-damage|p2a: Tsareena|62/100|[from] ability: Rough Skin|[of] p1a: Garchomp\n|faint|p1a: Garchomp\n|-hitcount|p1: Garchomp|3\n|move|p2b: Basculegion|Last Respects|p1b: Sinistcha\n|-supereffective|p1b: Sinistcha|1\n|-damage|p1b: Sinistcha|0 fnt\n|faint|p1b: Sinistcha\n|-damage|p2b: Basculegion|68/100|[from] item: Life Orb\n|\n|upkeep\n|\n|t:|1788299266\n|switch|p1a: Charizard|Charizard, L50, F|100/100\n|switch|p1b: Sneasler|Sneasler, L50, F|100/100\n|turn|3\n|inactive|Crotolamo67 has 30 seconds left.\n|inactive|Crotolamo67 has 20 seconds left.\n|\n|t:|1788299306\n|detailschange|p1a: Charizard|Charizard-Mega-Y, L50, F\n|-mega|p1a: Charizard|Charizard|Charizardite Y\n|-weather|SunnyDay|[from] ability: Drought|[of] p1a: Charizard\n|move|p2b: Basculegion|Protect|p2b: Basculegion\n|-singleturn|p2b: Basculegion|Protect\n|move|p1b: Sneasler|Rock Slide|p2b: Basculegion|[spread] p2a\n|-activate|p2b: Basculegion|move: Protect\n|-crit|p2a: Tsareena\n|-damage|p2a: Tsareena|25/100\n|move|p1a: Charizard|Heat Wave|p2a: Tsareena|[spread] p2a\n|-activate|p2b: Basculegion|move: Protect\n|-supereffective|p2a: Tsareena|1\n|-damage|p2a: Tsareena|0 fnt\n|faint|p2a: Tsareena\n|\n|-weather|SunnyDay|[upkeep]\n|upkeep\n|\n|t:|1788299318\n|switch|p2a: Raichu|Raichu, L50, M, shiny|100/100\n|turn|4\n|\n|t:|1788299331\n|detailschange|p2a: Raichu|Raichu-Mega-Y, L50, M, shiny\n|-mega|p2a: Raichu|Raichu|Raichunite Y\n|move|p1a: Charizard|Protect|p1a: Charizard\n|-singleturn|p1a: Charizard|Protect\n|move|p2a: Raichu|Fake Out|p1a: Charizard\n|-activate|p1a: Charizard|move: Protect\n|move|p1b: Sneasler|Close Combat|p2a: Raichu\n|-damage|p2a: Raichu|6/100\n|-unboost|p1b: Sneasler|def|1\n|-unboost|p1b: Sneasler|spd|1\n|move|p2b: Basculegion|Last Respects|p1b: Sneasler\n|-damage|p1b: Sneasler|0 fnt\n|faint|p1b: Sneasler\n|-damage|p2b: Basculegion|58/100|[from] item: Life Orb\n|\n|-weather|SunnyDay|[upkeep]\n|upkeep\n|turn|5\n|inactive|jago1806 has 30 seconds left.\n|inactive|jago1806 has 20 seconds left.\n|\n|t:|1788299370\n|move|p2b: Basculegion|Aqua Jet|p1a: Charizard\n|-supereffective|p1a: Charizard|1\n|-damage|p1a: Charizard|71/100\n|-damage|p2b: Basculegion|48/100|[from] item: Life Orb\n|move|p2a: Raichu|Zap Cannon|p1a: Charizard\n|-supereffective|p1a: Charizard|1\n|-damage|p1a: Charizard|0 fnt\n|faint|p1a: Charizard\n|\n|win|Crotolamo67\n","uploadtime":1788299150,"views":"1","formatid":"gen9championsvgc2026regmb","rating":null,"private":0,"password":null}