{"id":"gen9championsvgc2026regmb-2674380893","format":"[Gen 9 Champions] VGC 2026 Reg M-B","players":["carliex","jjavi2"],"log":"|j|☆carliex\n|j|☆jjavi2\n|t:|1788352185\n|gametype|doubles\n|player|p1|carliex|102|1425\n|player|p2|jjavi2|n|1387\n|gen|9\n|tier|[Gen 9 Champions] VGC 2026 Reg M-B\n|rated|\n|rule|Species Clause: Limit one of each Pokémon\n|rule|Item Clause: Limit 1 of each item\n|clearpoke\n|poke|p1|Garchomp, L50, F|\n|poke|p1|Charizard, L50, F|\n|poke|p1|Basculegion, L50, M|\n|poke|p1|Whimsicott, L50, M|\n|poke|p1|Sneasler, L50, M|\n|poke|p1|Sableye, L50, F|\n|poke|p2|Dragonite, L50, M, shiny|\n|poke|p2|Sneasler, L50, M|\n|poke|p2|Basculegion, L50, M|\n|poke|p2|Kingambit, L50, M|\n|poke|p2|Garchomp, L50, M|\n|poke|p2|Floette-Eternal, L50, F|\n|teampreview|4\n|inactive|Battle timer is ON: inactive players will automatically lose when time's up. (requested by jjavi2)\n|inactive|carliex has 60 seconds left.\n|\n|t:|1788352216\n|teamsize|p1|4\n|teamsize|p2|4\n|start\n|switch|p1a: Sneasler|Sneasler, L50, M|100/100\n|switch|p1b: Sableye|Sableye, L50, F|100/100\n|switch|p2a: Dragonite|Dragonite, L50, M, shiny|100/100\n|switch|p2b: Sneasler|Sneasler, L50, M|100/100\n|turn|1\n|inactive|jjavi2 has 30 seconds left.\n|inactive|jjavi2 has 20 seconds left.\n|inactive|jjavi2 has 15 seconds left.\n|inactive|jjavi2 has 10 seconds left.\n|inactive|jjavi2 has 5 seconds left.\n|\n|t:|1788352271\n|move|p1b: Sableye|Detect|p1b: Sableye\n|-singleturn|p1b: Sableye|Protect\n|move|p1a: Sneasler|Protect|p1a: Sneasler\n|-singleturn|p1a: Sneasler|Protect\n|move|p2b: Sneasler|Close Combat|p1b: Sableye\n|-activate|p1b: Sableye|move: Protect\n|move|p2a: Dragonite|Dragon Pulse|p1a: Sneasler\n|-activate|p1a: Sneasler|move: Protect\n|\n|upkeep\n|turn|2\n|inactive|jjavi2 has 30 seconds left.\n|\n|t:|1788352296\n|switch|p2b: Garchomp|Garchomp, L50, M|100/100\n|detailschange|p2a: Dragonite|Dragonite-Mega, L50, M, shiny\n|-mega|p2a: Dragonite|Dragonite|Dragoninite\n|move|p1b: Sableye|Swagger|p1a: Sneasler\n|-boost|p1a: Sneasler|atk|2\n|-start|p1a: Sneasler|confusion\n|-enditem|p1a: Sneasler|Lum Berry|[eat]\n|-end|p1a: Sneasler|confusion\n|move|p1a: Sneasler|Rock Slide|p2a: Dragonite|[spread] p2a,p2b\n|-supereffective|p2a: Dragonite|1\n|-resisted|p2b: Garchomp|1\n|-damage|p2a: Dragonite|62/100\n|-damage|p2b: Garchomp|79/100\n|cant|p2a: Dragonite|flinch\n|\n|upkeep\n|turn|3\n|inactive|carliex has 30 seconds left.\n|\n|t:|1788352325\n|move|p1b: Sableye|Swagger|p2b: Garchomp\n|-boost|p2b: Garchomp|atk|2\n|-start|p2b: Garchomp|confusion\n|move|p1a: Sneasler|Rock Slide|p2b: Garchomp|[spread] p2b\n|-miss|p1a: Sneasler|p2a: Dragonite\n|-resisted|p2b: Garchomp|1\n|-damage|p2b: Garchomp|61/100\n|cant|p2b: Garchomp|flinch\n|move|p2a: Dragonite|Heat Wave|p1a: Sneasler|[spread] p1a,p1b\n|-crit|p1b: Sableye\n|-damage|p1a: Sneasler|62/100\n|-damage|p1b: Sableye|36/100\n|\n|-heal|p1b: Sableye|42/100|[from] item: Leftovers\n|upkeep\n|turn|4\n|\n|t:|1788352346\n|move|p1b: Sableye|Swagger|p2a: Dragonite\n|-boost|p2a: Dragonite|atk|2\n|-start|p2a: Dragonite|confusion\n|move|p1a: Sneasler|Rock Slide|p2b: Garchomp|[spread] p2a,p2b\n|-supereffective|p2a: Dragonite|1\n|-resisted|p2b: Garchomp|1\n|-damage|p2a: Dragonite|0 fnt\n|-damage|p2b: Garchomp|43/100\n|faint|p2a: Dragonite\n|-activate|p2b: Garchomp|confusion\n|move|p2b: Garchomp|Earthquake|p1a: Sneasler|[spread] p1a,p1b\n|-supereffective|p1a: Sneasler|1\n|-damage|p1a: Sneasler|0 fnt\n|-damage|p1b: Sableye|0 fnt\n|faint|p1a: Sneasler\n|faint|p1b: Sableye\n|\n|upkeep\n|\n|t:|1788352361\n|switch|p1a: Whimsicott|Whimsicott, L50, M|100/100\n|switch|p2a: Sneasler|Sneasler, L50, M|100/100\n|switch|p1b: Charizard|Charizard, L50, F|100/100\n|turn|5\n|\n|t:|1788352376\n|switch|p2b: Basculegion|Basculegion, L50, M|100/100\n|move|p1a: Whimsicott|Protect|p1a: Whimsicott\n|-singleturn|p1a: Whimsicott|Protect\n|move|p1b: Charizard|Protect|p1b: Charizard\n|-singleturn|p1b: Charizard|Protect\n|move|p2a: Sneasler|Dire Claw|p1a: Whimsicott\n|-activate|p1a: Whimsicott|move: Protect\n|\n|upkeep\n|turn|6\n|inactive|jjavi2 has 30 seconds left.\n|\n|t:|1788352404\n|detailschange|p1b: Charizard|Charizard-Mega-Y, L50, F\n|-mega|p1b: Charizard|Charizard|Charizardite Y\n|-weather|SunnyDay|[from] ability: Drought|[of] p1b: Charizard\n|move|p1a: Whimsicott|Tailwind|p1a: Whimsicott\n|-sidestart|p1: carliex|move: Tailwind\n|move|p1b: Charizard|Solar Beam||[still]\n|-prepare|p1b: Charizard|Solar Beam\n|-anim|p1b: Charizard|Solar Beam|p2b: Basculegion\n|-supereffective|p2b: Basculegion|1\n|-damage|p2b: Basculegion|7/100\n|move|p2a: Sneasler|Dire Claw|p1b: Charizard\n|-damage|p1b: Charizard|56/100\n|-status|p1b: Charizard|slp\n|move|p2b: Basculegion|Wave Crash|p1b: Charizard\n|-supereffective|p1b: Charizard|1\n|-damage|p1b: Charizard|0 fnt\n|faint|p1b: Charizard\n|-damage|p2b: Basculegion|0 fnt|[from] Recoil\n|faint|p2b: Basculegion\n|\n|-weather|SunnyDay|[upkeep]\n|upkeep\n|\n|t:|1788352418\n|switch|p2b: Garchomp|Garchomp, L50, M|43/100\n|turn|7\n|\n|t:|1788352425\n|move|p1a: Whimsicott|Moonblast|p2b: Garchomp\n|-supereffective|p2b: Garchomp|1\n|-damage|p2b: Garchomp|0 fnt\n|faint|p2b: Garchomp\n|move|p2a: Sneasler|Dire Claw|p1a: Whimsicott\n|-supereffective|p1a: Whimsicott|2\n|-enditem|p1a: Whimsicott|Focus Sash\n|-damage|p1a: Whimsicott|1/100\n|\n|-weather|SunnyDay|[upkeep]\n|upkeep\n|turn|8\n|c|☆jjavi2|u cant protect everyturn\n|c|☆jjavi2|and expect to win\n|\n|t:|1788352438\n|move|p2a: Sneasler|Feint|p1a: Whimsicott\n|-damage|p1a: Whimsicott|0 fnt\n|faint|p1a: Whimsicott\n|\n|win|jjavi2\n|raw|carliex's rating: 1425 &rarr; <strong>1403</strong><br />(-22 for losing)\n|raw|jjavi2's rating: 1387 &rarr; <strong>1409</strong><br />(+22 for winning)\n","uploadtime":1788352439,"views":"4","formatid":"gen9championsvgc2026regmb","rating":1403,"private":0,"password":null}