{"id":"gen9championsvgc2026regmb-2674196963","format":"[Gen 9 Champions] VGC 2026 Reg M-B","players":["WrstEGirl","Pain02"],"log":"|j|☆WrstEGirl\n|j|☆Pain02\n|t:|1788313874\n|gametype|doubles\n|player|p1|WrstEGirl|dawn|1177\n|player|p2|Pain02|266|1080\n|gen|9\n|tier|[Gen 9 Champions] VGC 2026 Reg M-B\n|rated|\n|rule|Species Clause: Limit one of each Pokémon\n|rule|Item Clause: Limit 1 of each item\n|clearpoke\n|poke|p1|Blastoise, L50, F|\n|poke|p1|Meganium, L50, F|\n|poke|p1|Aerodactyl, L50, F|\n|poke|p1|Gholdengo, L50|\n|poke|p1|Tyranitar, L50, M|\n|poke|p1|Gallade, L50, M|\n|poke|p2|Garchomp, L50, M|\n|poke|p2|Sneasler, L50, M|\n|poke|p2|Tyranitar, L50, F|\n|poke|p2|Sinistcha-Masterpiece, L50|\n|poke|p2|Gholdengo, L50|\n|poke|p2|Talonflame, L50, M|\n|teampreview|4\nWrstEGirl rejected open team sheets.\n|inactive|Battle timer is ON: inactive players will automatically lose when time's up. (requested by WrstEGirl)\n|\n|t:|1788313911\n|teamsize|p1|4\n|teamsize|p2|4\n|start\n|switch|p1a: Aerodactyl|Aerodactyl, L50, F|100/100\n|switch|p1b: Meganium|Meganium, L50, F|100/100\n|switch|p2a: Sneasler|Sneasler, L50, M|100/100\n|switch|p2b: Tyranitar|Tyranitar, L50, F|100/100\n|-ability|p1a: Aerodactyl|Unnerve\n|-weather|Sandstorm|[from] ability: Sand Stream|[of] p2b: Tyranitar\n|turn|1\n|inactive|Pain02 has 30 seconds left.\n|\n|t:|1788313940\n|detailschange|p2b: Tyranitar|Tyranitar-Mega, L50, F\n|-mega|p2b: Tyranitar|Tyranitar|Tyranitarite\n|detailschange|p1b: Meganium|Meganium-Mega, L50, F\n|-mega|p1b: Meganium|Meganium|Meganiumite\n|move|p1a: Aerodactyl|Protect|p1a: Aerodactyl\n|-singleturn|p1a: Aerodactyl|Protect\n|move|p1b: Meganium|Protect|p1b: Meganium\n|-singleturn|p1b: Meganium|Protect\n|move|p2a: Sneasler|Fake Out|p1a: Aerodactyl\n|-activate|p1a: Aerodactyl|move: Protect\n|move|p2b: Tyranitar|Dragon Dance|p2b: Tyranitar\n|-boost|p2b: Tyranitar|atk|1\n|-boost|p2b: Tyranitar|spe|1\n|\n|-weather|Sandstorm|[upkeep]\n|-damage|p2a: Sneasler|94/100|[from] Sandstorm\n|-damage|p1b: Meganium|93/100|[from] Sandstorm\n|upkeep\n|turn|2\n|\n|t:|1788313962\n|move|p1a: Aerodactyl|Tailwind|p1a: Aerodactyl\n|-sidestart|p1: WrstEGirl|move: Tailwind\n|move|p1b: Meganium|Solar Beam||[still]\n|-prepare|p1b: Meganium|Solar Beam\n|-activate|p1b: Meganium|ability: Mega Sol\n|-anim|p1b: Meganium|Solar Beam|p2b: Tyranitar\n|-supereffective|p2b: Tyranitar|1\n|-damage|p2b: Tyranitar|0 fnt\n|faint|p2b: Tyranitar\n|move|p2a: Sneasler|Dire Claw|p1b: Meganium\n|-supereffective|p1b: Meganium|2\n|-damage|p1b: Meganium|0 fnt\n|faint|p1b: Meganium\n|\n|-weather|Sandstorm|[upkeep]\n|-damage|p2a: Sneasler|88/100|[from] Sandstorm\n|upkeep\n|\n|t:|1788313975\n|switch|p2b: Talonflame|Talonflame, L50, M|100/100\n|switch|p1b: Gholdengo|Gholdengo, L50|100/100\n|turn|3\n|\n|t:|1788313988\n|switch|p1b: Gallade|Gallade, L50, M|100/100\n|move|p2b: Talonflame|Tailwind|p2b: Talonflame\n|-sidestart|p2: Pain02|move: Tailwind\n|move|p1a: Aerodactyl|Rock Slide|p2b: Talonflame|[spread] p2a,p2b\n|-resisted|p2a: Sneasler|1\n|-supereffective|p2b: Talonflame|2\n|-crit|p2b: Talonflame\n|-damage|p2a: Sneasler|72/100\n|-damage|p2b: Talonflame|0 fnt\n|faint|p2b: Talonflame\n|cant|p2a: Sneasler|flinch\n|\n|-weather|Sandstorm|[upkeep]\n|-damage|p2a: Sneasler|67/100|[from] Sandstorm\n|-damage|p1b: Gallade|94/100|[from] Sandstorm\n|upkeep\n|\n|t:|1788313995\n|switch|p2b: Sinistcha|Sinistcha-Masterpiece, L50|100/100\n|-heal|p2a: Sneasler|91/100|[from] ability: Hospitality|[of] p2b: Sinistcha\n|turn|4\n|\n|t:|1788314009\n|move|p1a: Aerodactyl|Dual Wingbeat|p2b: Sinistcha\n|-supereffective|p2b: Sinistcha|1\n|-damage|p2b: Sinistcha|73/100\n|-supereffective|p2b: Sinistcha|1\n|-damage|p2b: Sinistcha|49/100\n|-hitcount|p2b: Sinistcha|2\n|move|p2a: Sneasler|Dire Claw|p1a: Aerodactyl\n|-resisted|p1a: Aerodactyl|1\n|-damage|p1a: Aerodactyl|71/100\n|move|p1b: Gallade|Psycho Cut|p2a: Sneasler\n|-supereffective|p2a: Sneasler|2\n|-damage|p2a: Sneasler|0 fnt\n|faint|p2a: Sneasler\n|move|p2b: Sinistcha|Matcha Gotcha|p1b: Gallade|[spread] p1a,p1b\n|-crit|p1b: Gallade\n|-damage|p1a: Aerodactyl|46/100\n|-heal|p2b: Sinistcha|60/100|[from] drain|[of] p1a: Aerodactyl\n|-damage|p1b: Gallade|58/100\n|-heal|p2b: Sinistcha|77/100|[from] drain|[of] p1b: Gallade\n|-status|p1b: Gallade|brn\n|\n|-weather|Sandstorm|[upkeep]\n|-damage|p1b: Gallade|52/100 brn|[from] Sandstorm\n|-damage|p2b: Sinistcha|71/100|[from] Sandstorm\n|-damage|p1b: Gallade|46/100 brn|[from] brn\n|upkeep\n|turn|5\n|inactive|WrstEGirl has 30 seconds left.\n|\n|t:|1788314034\n|move|p1a: Aerodactyl|Dual Wingbeat|p2b: Sinistcha\n|-supereffective|p2b: Sinistcha|1\n|-damage|p2b: Sinistcha|47/100\n|-supereffective|p2b: Sinistcha|1\n|-damage|p2b: Sinistcha|24/100\n|-hitcount|p2b: Sinistcha|2\n|move|p1b: Gallade|Psycho Cut|p2b: Sinistcha\n|-damage|p2b: Sinistcha|2/100\n|move|p2b: Sinistcha|Matcha Gotcha|p1b: Gallade|[spread] p1a,p1b\n|-damage|p1a: Aerodactyl|21/100\n|-heal|p2b: Sinistcha|13/100|[from] drain|[of] p1a: Aerodactyl\n|-damage|p1b: Gallade|22/100 brn\n|-heal|p2b: Sinistcha|24/100|[from] drain|[of] p1b: Gallade\n|\n|-weather|none\n|-damage|p1b: Gallade|16/100 brn|[from] brn\n|-sideend|p1: WrstEGirl|move: Tailwind\n|upkeep\n|turn|6\n|\n|t:|1788314056\n|move|p1a: Aerodactyl|Protect|p1a: Aerodactyl\n|-singleturn|p1a: Aerodactyl|Protect\n|move|p1b: Gallade|Protect|p1b: Gallade\n|-singleturn|p1b: Gallade|Protect\n|move|p2b: Sinistcha|Matcha Gotcha|p1b: Gallade|[spread] \n|-activate|p1a: Aerodactyl|move: Protect\n|-activate|p1b: Gallade|move: Protect\n|\n|-damage|p1b: Gallade|10/100 brn|[from] brn\n|-sideend|p2: Pain02|move: Tailwind\n|upkeep\n|turn|7\n|\n|t:|1788314069\n|move|p1a: Aerodactyl|Dual Wingbeat|p2b: Sinistcha\n|-supereffective|p2b: Sinistcha|1\n|-damage|p2b: Sinistcha|1/100\n|-supereffective|p2b: Sinistcha|1\n|-damage|p2b: Sinistcha|0 fnt\n|faint|p2b: Sinistcha\n|-hitcount|p2: Sinistcha|2\n|\n|win|WrstEGirl\n|raw|WrstEGirl's rating: 1177 &rarr; <strong>1195</strong><br />(+18 for winning)\n|raw|Pain02's rating: 1080 &rarr; <strong>1064</strong><br />(-16 for losing)\n|c|☆WrstEGirl|gg\n","uploadtime":1788314076,"views":"2","formatid":"gen9championsvgc2026regmb","rating":1064,"private":0,"password":null}