{"id":"gen9championsvgc2026regmb-2674542790","format":"[Gen 9 Champions] VGC 2026 Reg M-B","players":["Momotabanujje","magenilian"],"log":"|j|☆Momotabanujje\n|j|☆magenilian\n|t:|1788372032\n|gametype|doubles\n|player|p1|Momotabanujje|swimmerf|1518\n|player|p2|magenilian|101|1435\n|gen|9\n|tier|[Gen 9 Champions] VGC 2026 Reg M-B\n|rated|\n|rule|Species Clause: Limit one of each Pokémon\n|rule|Item Clause: Limit 1 of each item\n|clearpoke\n|poke|p1|Basculegion, L50, M|\n|poke|p1|Raichu, L50, M|\n|poke|p1|Incineroar, L50, F|\n|poke|p1|Whimsicott, L50, M|\n|poke|p1|Staraptor, L50, F|\n|poke|p1|Kingambit, L50, F|\n|poke|p2|Charizard, L50, M|\n|poke|p2|Whimsicott, L50, M|\n|poke|p2|Garchomp, L50, M|\n|poke|p2|Basculegion, L50, M|\n|poke|p2|Milotic, L50, F|\n|poke|p2|Tyranitar, L50, F|\n|teampreview|4\n|c|☆Momotabanujje|Metarat\n|\n|t:|1788372080\n|teamsize|p1|4\n|teamsize|p2|4\n|start\n|switch|p1a: Whimsicott|Whimsicott, L50, M|100/100\n|switch|p1b: Raichu|Raichu, L50, M|100/100\n|switch|p2a: Garchomp|Garchomp, L50, M|100/100\n|switch|p2b: Milotic|Milotic, L50, F|100/100\n|turn|1\n|\n|t:|1788372098\n|move|p1b: Raichu|Fake Out|p2a: Garchomp\n|-damage|p2a: Garchomp|93/100\n|-damage|p1b: Raichu|87/100|[from] ability: Rough Skin|[of] p2a: Garchomp\n|move|p1a: Whimsicott|Charm|p2a: Garchomp\n|-unboost|p2a: Garchomp|atk|2\n|cant|p2a: Garchomp|flinch\n|move|p2b: Milotic|Ice Beam|p1a: Whimsicott\n|-supereffective|p1a: Whimsicott|1\n|-damage|p1a: Whimsicott|25/100\n|\n|upkeep\n|turn|2\n|\n|t:|1788372133\n|switch|p2b: Whimsicott|Whimsicott, L50, M|100/100\n|detailschange|p1b: Raichu|Raichu-Mega-Y, L50, M\n|-mega|p1b: Raichu|Raichu|Raichunite Y\n|move|p1a: Whimsicott|Charm|p2a: Garchomp\n|-unboost|p2a: Garchomp|atk|2\n|move|p1b: Raichu|Zap Cannon|p2b: Whimsicott\n|-resisted|p2b: Whimsicott|1\n|-damage|p2b: Whimsicott|32/100\n|-status|p2b: Whimsicott|par\n|move|p2a: Garchomp|Earthquake|p1a: Whimsicott|[spread] p2b,p1a,p1b\n|-resisted|p2b: Whimsicott|1\n|-resisted|p1a: Whimsicott|1\n|-supereffective|p1b: Raichu|1\n|-damage|p2b: Whimsicott|18/100 par\n|-damage|p1a: Whimsicott|17/100\n|-damage|p1b: Raichu|17/100\n|-damage|p2a: Garchomp|83/100|[from] item: Life Orb\n|\n|upkeep\n|turn|3\n|\n|t:|1788372155\n|switch|p2a: Milotic|Milotic, L50, F|100/100\n|cant|p2b: Whimsicott|par\n|move|p1b: Raichu|Focus Blast|p2a: Milotic\n|-damage|p2a: Milotic|61/100\n|-unboost|p2a: Milotic|spd|1\n|-ability|p2a: Milotic|Competitive|boost\n|-boost|p2a: Milotic|spa|2\n|move|p1a: Whimsicott|Dazzling Gleam|p2b: Whimsicott|[spread] p2a,p2b\n|-damage|p2a: Milotic|44/100\n|-damage|p2b: Whimsicott|0 fnt\n|-enditem|p2a: Milotic|Sitrus Berry|[eat]\n|-heal|p2a: Milotic|68/100|[from] item: Sitrus Berry\n|faint|p2b: Whimsicott\n|\n|upkeep\n|\n|t:|1788372179\n|switch|p2b: Charizard|Charizard, L50, M|100/100\n|turn|4\n|c|☆Momotabanujje|Meta bahenchu y\n|\n|t:|1788372203\n|detailschange|p2b: Charizard|Charizard-Mega-Y, L50, M\n|-mega|p2b: Charizard|Charizard|Charizardite Y\n|-weather|SunnyDay|[from] ability: Drought|[of] p2b: Charizard\n|move|p1a: Whimsicott|Tailwind|p1a: Whimsicott\n|-sidestart|p1: Momotabanujje|move: Tailwind\n|move|p1b: Raichu|Zap Cannon|p2a: Milotic\n|-supereffective|p2a: Milotic|1\n|-damage|p2a: Milotic|0 fnt\n|faint|p2a: Milotic\n|move|p2b: Charizard|Heat Wave|p1a: Whimsicott|[spread] p1b\n|-miss|p2b: Charizard|p1a: Whimsicott\n|-damage|p1b: Raichu|0 fnt\n|faint|p1b: Raichu\n|\n|-weather|SunnyDay|[upkeep]\n|upkeep\n|\n|t:|1788372219\n|switch|p1b: Staraptor|Staraptor, L50, F|100/100\n|switch|p2a: Garchomp|Garchomp, L50, M|83/100\n|-ability|p1b: Staraptor|Intimidate|boost\n|-unboost|p2a: Garchomp|atk|1\n|-unboost|p2b: Charizard|atk|1\n|turn|5\n|\n|t:|1788372229\n|move|p2a: Garchomp|Protect|p2a: Garchomp\n|-singleturn|p2a: Garchomp|Protect\n|move|p1a: Whimsicott|Charm|p1b: Staraptor\n|-unboost|p1b: Staraptor|atk|2\n|move|p1b: Staraptor|Close Combat|p2a: Garchomp\n|-activate|p2a: Garchomp|move: Protect\n|move|p2b: Charizard|Heat Wave|p1a: Whimsicott|[spread] p1a\n|-miss|p2b: Charizard|p1b: Staraptor\n|-supereffective|p1a: Whimsicott|1\n|-damage|p1a: Whimsicott|0 fnt\n|faint|p1a: Whimsicott\n|\n|-weather|SunnyDay|[upkeep]\n|upkeep\n|c|☆Momotabanujje|Im a fool\n|\n|t:|1788372246\n|switch|p1a: Basculegion|Basculegion, L50, M|100/100\n|turn|6\n|\n|t:|1788372256\n|move|p1a: Basculegion|Last Respects|p2b: Charizard\n|-damage|p2b: Charizard|0 fnt\n|faint|p2b: Charizard\n|move|p1b: Staraptor|Close Combat|p2a: Garchomp\n|-damage|p2a: Garchomp|66/100\n|-unboost|p1b: Staraptor|def|1\n|-unboost|p1b: Staraptor|spd|1\n|-damage|p1b: Staraptor|87/100|[from] ability: Rough Skin|[of] p2a: Garchomp\n|move|p2a: Garchomp|Dragon Claw|p1a: Basculegion\n|-damage|p1a: Basculegion|45/100\n|-damage|p2a: Garchomp|57/100|[from] item: Life Orb\n|\n|-weather|SunnyDay|[upkeep]\n|upkeep\n|turn|7\n|c|☆Momotabanujje|Geeg tho\n|\n|t:|1788372278\n|move|p2a: Garchomp|Protect|p2a: Garchomp\n|-singleturn|p2a: Garchomp|Protect\n|move|p1a: Basculegion|Last Respects|p2a: Garchomp\n|-activate|p2a: Garchomp|move: Protect\n|move|p1b: Staraptor|Close Combat|p2a: Garchomp\n|-activate|p2a: Garchomp|move: Protect\n|\n|-weather|SunnyDay|[upkeep]\n|-sideend|p1: Momotabanujje|move: Tailwind\n|upkeep\n|turn|8\n|\n|t:|1788372289\n|move|p1a: Basculegion|Last Respects|p2a: Garchomp\n|-damage|p2a: Garchomp|0 fnt\n|faint|p2a: Garchomp\n|\n|win|Momotabanujje\n","uploadtime":1788372180,"views":"0","formatid":"gen9championsvgc2026regmb","rating":null,"private":0,"password":null}