{"id":"gen9championsvgc2026regmbbo3-2674221633","format":"[Gen 9 Champions] VGC 2026 Reg M-B (Bo3)","players":["teyvgc","kk1pper1314"],"log":"|j|☆teyvgc\n|j|☆kk1pper1314\n|html|<table width=\"100%\"><tr><td align=\"left\">teyvgc</td><td align=\"right\">kk1pper1314</tr><tr><td align=\"left\"><i class=\"fa fa-circle\"></i> <i class=\"fa fa-circle-o\"></i> </td><td align=\"right\"><i class=\"fa fa-circle-o\"></i> <i class=\"fa fa-circle-o\"></i> </tr></table>\n|uhtml|bestof|<h2><strong>Game 2</strong> of <a href=\"/game-bestof3-gen9championsvgc2026regmbbo3-2674219738\">a best-of-3</a></h2>\n|t:|1788317882\n|gametype|doubles\n|player|p1|teyvgc|rood|1376\n|player|p2|kk1pper1314|169|1298\n|gen|9\n|tier|[Gen 9 Champions] VGC 2026 Reg M-B (Bo3)\n|rated|\n|rule|Species Clause: Limit one of each Pokémon\n|rule|Item Clause: Limit 1 of each item\n|clearpoke\n|poke|p1|Delphox, L50, M|\n|poke|p1|Vanilluxe, L50, M|\n|poke|p1|Floette-Eternal, L50, F|\n|poke|p1|Sinistcha, L50|\n|poke|p1|Milotic, L50, M|\n|poke|p1|Incineroar, L50, M|\n|poke|p2|Swampert, L50, F|\n|poke|p2|Grimmsnarl, L50, M|\n|poke|p2|Pelipper, L50, F|\n|poke|p2|Archaludon, L50, M|\n|poke|p2|Venusaur, L50, F|\n|poke|p2|Charizard, L50, M|\n|teampreview|4\n|showteam|p1|Delphox||Delphoxite|Blaze|HeatWave,Psychic,NastyPlot,Protect|Timid||M|||50|]Vanilluxe||ChoiceScarf|SnowWarning|Blizzard,FreezeDry,SheerCold,IcyWind|Timid||M|||50|]Floette-Eternal||Floettite|FlowerVeil|Protect,Moonblast,DazzlingGleam,CalmMind|Modest||F|||50|]Sinistcha||KasibBerry|Hospitality|LifeDew,RagePowder,MatchaGotcha,Protect|Bold|||||50|]Milotic||Leftovers|Competitive|Coil,Protect,MuddyWater,Hypnosis|Bold||M|||50|]Incineroar||SitrusBerry|Intimidate|FakeOut,PartingShot,FlareBlitz,DarkestLariat|Impish||M|||50|\n|showteam|p2|Swampert||Swampertite|Torrent|WaveCrash,Earthquake,IcePunch,Protect|Adamant||F|||50|]Grimmsnarl||LightClay|Prankster|PartingShot,SpiritBreak,LightScreen,Reflect|Careful||M|||50|]Pelipper||SitrusBerry|Drizzle|Hurricane,Tailwind,WeatherBall,Protect|Modest||F|||50|]Archaludon||Leftovers|Stamina|ElectroShot,FlashCannon,DragonPulse,Protect|Calm||M|||50|]Venusaur||FocusSash|Chlorophyll|LeafStorm,SludgeBomb,SleepPowder,Protect|Timid||F|||50|]Charizard||CharizarditeY|Blaze|HeatWave,WeatherBall,SolarBeam,Protect|Modest||M|||50|\n|inactive|Battle timer is ON: inactive players will automatically lose when time's up. (requested by kk1pper1314)\n|inactive|teyvgc has 60 seconds left.\n|\n|t:|1788317922\n|teamsize|p1|4\n|teamsize|p2|4\n|start\n|switch|p1a: Floette|Floette-Eternal, L50, F|100/100\n|switch|p1b: Incineroar|Incineroar, L50, M|100/100\n|switch|p2a: Venusaur|Venusaur, L50, F|100/100\n|switch|p2b: Charizard|Charizard, L50, M|100/100\n|-ability|p1b: Incineroar|Intimidate|boost\n|-unboost|p2a: Venusaur|atk|1\n|-unboost|p2b: Charizard|atk|1\n|turn|1\n|\n|t:|1788317947\n|detailschange|p2b: Charizard|Charizard-Mega-Y, L50, M\n|-mega|p2b: Charizard|Charizard|Charizardite Y\n|-weather|SunnyDay|[from] ability: Drought|[of] p2b: Charizard\n|move|p1a: Floette|Protect|p1a: Floette\n|-singleturn|p1a: Floette|Protect\n|move|p2a: Venusaur|Sleep Powder|p1b: Incineroar\n|-status|p1b: Incineroar|slp|[from] move: Sleep Powder\n|move|p2b: Charizard|Weather Ball|p1a: Floette\n|-activate|p1a: Floette|move: Protect\n|cant|p1b: Incineroar|slp\n|\n|-weather|SunnyDay|[upkeep]\n|upkeep\n|turn|2\n|\n|t:|1788317960\n|switch|p1a: Vanilluxe|Vanilluxe, L50, M|100/100\n|-weather|Snowscape|[from] ability: Snow Warning|[of] p1a: Vanilluxe\n|move|p2a: Venusaur|Sludge Bomb|p1a: Vanilluxe\n|-damage|p1a: Vanilluxe|48/100\n|move|p2b: Charizard|Weather Ball|p1a: Vanilluxe\n|-resisted|p1a: Vanilluxe|1\n|-damage|p1a: Vanilluxe|25/100\n|cant|p1b: Incineroar|slp\n|\n|-weather|Snowscape|[upkeep]\n|upkeep\n|turn|3\n|inactive|teyvgc has 30 seconds left.\n|inactive|kk1pper1314 has 30 seconds left.\n|\n|t:|1788317989\n|move|p2a: Venusaur|Protect|p2a: Venusaur\n|-singleturn|p2a: Venusaur|Protect\n|move|p1a: Vanilluxe|Freeze-Dry|p2b: Charizard\n|-damage|p2b: Charizard|69/100\n|move|p2b: Charizard|Heat Wave|p1a: Vanilluxe|[spread] p1b\n|-miss|p2b: Charizard|p1a: Vanilluxe\n|-resisted|p1b: Incineroar|1\n|-damage|p1b: Incineroar|84/100 slp\n|-curestatus|p1b: Incineroar|slp|[msg]\n|move|p1b: Incineroar|Parting Shot|p2b: Charizard\n|-unboost|p2b: Charizard|atk|1\n|-unboost|p2b: Charizard|spa|1\n|\n|t:|1788318004\n|switch|p1b: Floette|Floette-Eternal, L50, F|100/100|[from] Parting Shot\n|\n|-weather|Snowscape|[upkeep]\n|upkeep\n|turn|4\n|\n|t:|1788318014\n|switch|p1a: Incineroar|Incineroar, L50, M|84/100\n|-ability|p1a: Incineroar|Intimidate|boost\n|-unboost|p2a: Venusaur|atk|1\n|-unboost|p2b: Charizard|atk|1\n|move|p1b: Floette|Protect|p1b: Floette\n|-singleturn|p1b: Floette|Protect\n|move|p2a: Venusaur|Sludge Bomb|p1b: Floette\n|-activate|p1b: Floette|move: Protect\n|move|p2b: Charizard|Heat Wave|p1b: Floette|[spread] \n|-activate|p1b: Floette|move: Protect\n|-miss|p2b: Charizard|p1a: Incineroar\n|\n|-weather|Snowscape|[upkeep]\n|upkeep\n|turn|5\n|inactive|teyvgc has 30 seconds left.\n|inactive|teyvgc has 20 seconds left.\n|\n|t:|1788318051\n|detailschange|p1b: Floette|Floette-Mega, L50, F\n|-mega|p1b: Floette|Floette|Floettite\n|-ability|p1b: Floette|Fairy Aura\n|move|p1a: Incineroar|Fake Out|p2a: Venusaur\n|-damage|p2a: Venusaur|85/100\n|move|p1b: Floette|Calm Mind|p1b: Floette\n|-boost|p1b: Floette|spa|1\n|-boost|p1b: Floette|spd|1\n|cant|p2a: Venusaur|flinch\n|move|p2b: Charizard|Heat Wave|p1a: Incineroar|[spread] p1a\n|-miss|p2b: Charizard|p1b: Floette\n|-resisted|p1a: Incineroar|1\n|-damage|p1a: Incineroar|73/100\n|\n|-weather|Snowscape|[upkeep]\n|upkeep\n|turn|6\n|\n|t:|1788318068\n|switch|p2b: Pelipper|Pelipper, L50, F|100/100\n|-weather|RainDance|[from] ability: Drizzle|[of] p2b: Pelipper\n|move|p1b: Floette|Protect|p1b: Floette\n|-singleturn|p1b: Floette|Protect\n|move|p2a: Venusaur|Sleep Powder|p1a: Incineroar\n|-status|p1a: Incineroar|slp|[from] move: Sleep Powder\n|cant|p1a: Incineroar|slp\n|\n|-weather|RainDance|[upkeep]\n|upkeep\n|turn|7\n|\n|t:|1788318085\n|move|p1b: Floette|Dazzling Gleam|p2a: Venusaur|[spread] p2a,p2b\n|-resisted|p2a: Venusaur|1\n|-damage|p2a: Venusaur|48/100\n|-damage|p2b: Pelipper|24/100\n|-enditem|p2b: Pelipper|Sitrus Berry|[eat]\n|-heal|p2b: Pelipper|48/100|[from] item: Sitrus Berry\n|move|p2a: Venusaur|Sludge Bomb|p1b: Floette\n|-supereffective|p1b: Floette|1\n|-damage|p1b: Floette|57/100\n|-status|p1b: Floette|psn\n|move|p2b: Pelipper|Hurricane|p1b: Floette\n|-damage|p1b: Floette|36/100 psn\n|cant|p1a: Incineroar|slp\n|\n|-weather|RainDance|[upkeep]\n|-damage|p1b: Floette|23/100 psn|[from] psn\n|upkeep\n|turn|8\n|\n|t:|1788318103\n|move|p1b: Floette|Protect|p1b: Floette\n|-singleturn|p1b: Floette|Protect\n|move|p2a: Venusaur|Protect|p2a: Venusaur\n|-singleturn|p2a: Venusaur|Protect\n|move|p2b: Pelipper|Weather Ball|p1a: Incineroar\n|-supereffective|p1a: Incineroar|1\n|-damage|p1a: Incineroar|0 fnt\n|faint|p1a: Incineroar\n|\n|-weather|RainDance|[upkeep]\n|-damage|p1b: Floette|11/100 psn|[from] psn\n|upkeep\n|\n|t:|1788318110\n|switch|p1a: Sinistcha|Sinistcha, L50|100/100\n|-heal|p1b: Floette|36/100 psn|[from] ability: Hospitality|[of] p1a: Sinistcha\n|turn|9\n|\n|t:|1788318123\n|switch|p2b: Charizard|Charizard-Mega-Y, L50, M|69/100\n|-weather|SunnyDay|[from] ability: Drought|[of] p2b: Charizard\n|switch|p1a: Vanilluxe|Vanilluxe, L50, M|25/100\n|-weather|Snowscape|[from] ability: Snow Warning|[of] p1a: Vanilluxe\n|move|p1b: Floette|Dazzling Gleam|p2b: Charizard|[spread] p2a,p2b\n|-resisted|p2a: Venusaur|1\n|-resisted|p2b: Charizard|1\n|-damage|p2a: Venusaur|9/100\n|-damage|p2b: Charizard|40/100\n|move|p2a: Venusaur|Sludge Bomb|p1b: Floette\n|-supereffective|p1b: Floette|1\n|-damage|p1b: Floette|0 fnt\n|faint|p1b: Floette\n|\n|-weather|Snowscape|[upkeep]\n|upkeep\n|\n|t:|1788318136\n|switch|p1b: Sinistcha|Sinistcha, L50|100/100\n|-heal|p1a: Vanilluxe|50/100g|[from] ability: Hospitality|[of] p1b: Sinistcha\n|turn|10\n|\n|t:|1788318146\n|switch|p2b: Pelipper|Pelipper, L50, F|48/100\n|-weather|RainDance|[from] ability: Drizzle|[of] p2b: Pelipper\n|move|p2a: Venusaur|Protect|p2a: Venusaur\n|-singleturn|p2a: Venusaur|Protect\n|move|p1a: Vanilluxe|Blizzard|p2a: Venusaur|[spread] p2b\n|-activate|p2a: Venusaur|move: Protect\n|-damage|p2b: Pelipper|8/100\n|move|p1b: Sinistcha|Matcha Gotcha|p2b: Pelipper|[spread] p2b\n|-activate|p2a: Venusaur|move: Protect\n|-damage|p2b: Pelipper|0 fnt\n|faint|p2b: Pelipper\n|\n|-weather|RainDance|[upkeep]\n|upkeep\n|\n|t:|1788318155\n|switch|p2b: Charizard|Charizard-Mega-Y, L50, M|40/100\n|-weather|SunnyDay|[from] ability: Drought|[of] p2b: Charizard\n|turn|11\n|\n|t:|1788318163\n|move|p2a: Venusaur|Leaf Storm|p1a: Vanilluxe\n|-damage|p1a: Vanilluxe|0 fnt\n|-unboost|p2a: Venusaur|spa|2\n|faint|p1a: Vanilluxe\n|move|p2b: Charizard|Weather Ball|p1b: Sinistcha\n|-supereffective|p1b: Sinistcha|1\n|-damage|p1b: Sinistcha|0 fnt\n|faint|p1b: Sinistcha\n|\n|win|kk1pper1314\n","uploadtime":1788318163,"views":"0","formatid":"gen9championsvgc2026regmbbo3","rating":null,"private":0,"password":null}