{"id":"gen9championsvgc2026regmb-2674873316","format":"[Gen 9 Champions] VGC 2026 Reg M-B","players":["Wolvkil23","Mikeflem12326171"],"log":"|j|☆Wolvkil23\n|j|☆Mikeflem12326171\n|t:|1788426338\n|gametype|doubles\n|player|p1|Wolvkil23|265|1731\n|player|p2|Mikeflem12326171|colress|1583\n|gen|9\n|tier|[Gen 9 Champions] VGC 2026 Reg M-B\n|rated|\n|rule|Species Clause: Limit one of each Pokémon\n|rule|Item Clause: Limit 1 of each item\n|clearpoke\n|poke|p1|Tyranitar, L50, M|\n|poke|p1|Excadrill, L50, F|\n|poke|p1|Gholdengo, L50|\n|poke|p1|Milotic, L50, F|\n|poke|p1|Sinistcha, L50|\n|poke|p1|Staraptor, L50, M|\n|poke|p2|Aggron, L50, F|\n|poke|p2|Farigiraf, L50, F|\n|poke|p2|Oranguru, L50, M|\n|poke|p2|Torkoal, L50, F|\n|poke|p2|Basculegion, L50, M|\n|poke|p2|Azumarill, L50, F|\n|teampreview|4\nWolvkil23 rejected open team sheets.\n|inactive|Battle timer is ON: inactive players will automatically lose when time's up. (requested by Wolvkil23)\n|\n|t:|1788426376\n|teamsize|p1|4\n|teamsize|p2|4\n|start\n|switch|p1a: Tyranitar|Tyranitar, L50, M|100/100\n|switch|p1b: Milotic|Milotic, L50, F|100/100\n|switch|p2a: THE WALL|Aggron, L50, F|100/100\n|switch|p2b: Oranguru|Oranguru, L50, M|100/100\n|-weather|Sandstorm|[from] ability: Sand Stream|[of] p1a: Tyranitar\n|turn|1\n|\n|t:|1788426388\n|switch|p1a: Sinistcha|Sinistcha, L50|100/100\n|detailschange|p2a: THE WALL|Aggron-Mega, L50, F\n|-mega|p2a: THE WALL|Aggron|Aggronite\n|move|p1b: Milotic|Scald|p2a: THE WALL\n|-damage|p2a: THE WALL|58/100\n|move|p2a: THE WALL|Iron Defense|p2a: THE WALL\n|-boost|p2a: THE WALL|def|2\n|move|p2b: Oranguru|Trick Room|p2b: Oranguru\n|-fieldstart|move: Trick Room|[of] p2b: Oranguru\n|\n|-weather|Sandstorm|[upkeep]\n|-damage|p2b: Oranguru|93/100|[from] Sandstorm\n|-damage|p1a: Sinistcha|93/100|[from] Sandstorm\n|-damage|p1b: Milotic|94/100|[from] Sandstorm\n|upkeep\n|turn|2\n|\n|t:|1788426412\n|move|p2a: THE WALL|Body Press|p1b: Milotic\n|-damage|p1b: Milotic|23/100\n|-enditem|p1b: Milotic|Sitrus Berry|[eat]\n|-heal|p1b: Milotic|48/100|[from] item: Sitrus Berry\n|move|p2b: Oranguru|Instruct|p2a: THE WALL\n|-singleturn|p2a: THE WALL|move: Instruct|[of] p2b: Oranguru\n|move|p2a: THE WALL|Body Press|p1b: Milotic\n|-damage|p1b: Milotic|0 fnt\n|faint|p1b: Milotic\n|move|p1a: Sinistcha|Matcha Gotcha|p2b: Oranguru|[spread] p2a,p2b\n|-resisted|p2a: THE WALL|1\n|-damage|p2a: THE WALL|45/100\n|-heal|p1a: Sinistcha|100/100|[from] drain|[of] p2a: THE WALL\n|-damage|p2b: Oranguru|78/100\n|\n|-weather|Sandstorm|[upkeep]\n|-damage|p2b: Oranguru|72/100|[from] Sandstorm\n|-damage|p1a: Sinistcha|93/100|[from] Sandstorm\n|upkeep\n|\n|t:|1788426423\n|switch|p1b: Tyranitar|Tyranitar, L50, M|100/100\n|turn|3\n|\n|t:|1788426431\n|switch|p1b: Gholdengo|Gholdengo, L50|100/100\n|move|p2a: THE WALL|Ice Punch|p1a: Sinistcha\n|-supereffective|p1a: Sinistcha|1\n|-damage|p1a: Sinistcha|43/100\n|move|p2b: Oranguru|Instruct|p2a: THE WALL\n|-singleturn|p2a: THE WALL|move: Instruct|[of] p2b: Oranguru\n|move|p2a: THE WALL|Ice Punch|p1a: Sinistcha\n|-supereffective|p1a: Sinistcha|1\n|-damage|p1a: Sinistcha|0 fnt\n|faint|p1a: Sinistcha\n|\n|-weather|Sandstorm|[upkeep]\n|-damage|p2b: Oranguru|66/100|[from] Sandstorm\n|upkeep\n|\n|t:|1788426434\n|switch|p1a: Tyranitar|Tyranitar, L50, M|100/100\n|turn|4\n|c|☆Mikeflem12326171|smart\n|\n|t:|1788426451\n|move|p1a: Tyranitar|Protect|p1a: Tyranitar\n|-singleturn|p1a: Tyranitar|Protect\n|move|p1b: Gholdengo|Protect|p1b: Gholdengo\n|-singleturn|p1b: Gholdengo|Protect\n|move|p2a: THE WALL|High Horsepower|p1b: Gholdengo\n|-activate|p1b: Gholdengo|move: Protect\n|move|p2b: Oranguru|Instruct|p2a: THE WALL\n|-singleturn|p2a: THE WALL|move: Instruct|[of] p2b: Oranguru\n|move|p2a: THE WALL|High Horsepower|p1b: Gholdengo\n|-activate|p1b: Gholdengo|move: Protect\n|\n|-weather|Sandstorm|[upkeep]\n|-damage|p2b: Oranguru|60/100|[from] Sandstorm\n|upkeep\n|turn|5\n|j| youpi90\n|\n|t:|1788426460\n|detailschange|p1a: Tyranitar|Tyranitar-Mega, L50, M\n|-mega|p1a: Tyranitar|Tyranitar|Tyranitarite\n|move|p1b: Gholdengo|Protect||[still]\n|-fail|p1b: Gholdengo\n|move|p2a: THE WALL|High Horsepower|p1b: Gholdengo\n|-supereffective|p1b: Gholdengo|1\n|-damage|p1b: Gholdengo|18/100\n|move|p2b: Oranguru|Instruct|p2a: THE WALL\n|-singleturn|p2a: THE WALL|move: Instruct|[of] p2b: Oranguru\n|move|p2a: THE WALL|High Horsepower|p1b: Gholdengo\n|-supereffective|p1b: Gholdengo|1\n|-damage|p1b: Gholdengo|0 fnt\n|faint|p1b: Gholdengo\n|move|p1a: Tyranitar|Knock Off|p2b: Oranguru\n|-supereffective|p2b: Oranguru|1\n|-damage|p2b: Oranguru|0 fnt\n|-enditem|p2b: Oranguru|Mental Herb|[from] move: Knock Off|[of] p1a: Tyranitar\n|faint|p2b: Oranguru\n|\n|-weather|none\n|-fieldend|move: Trick Room\n|upkeep\n|\n|t:|1788426470\n|switch|p2b: Basculegion|Basculegion, L50, M|100/100\n|turn|6\n|\n|t:|1788426476\n|move|p1a: Tyranitar|Knock Off|p2b: Basculegion\n|-supereffective|p2b: Basculegion|1\n|-damage|p2b: Basculegion|0 fnt\n|-enditem|p2b: Basculegion|Mystic Water|[from] move: Knock Off|[of] p1a: Tyranitar\n|faint|p2b: Basculegion\n|move|p2a: THE WALL|Body Press|p1a: Tyranitar\n|-supereffective|p1a: Tyranitar|2\n|-damage|p1a: Tyranitar|0 fnt\n|faint|p1a: Tyranitar\n|\n|win|Mikeflem12326171\n|raw|Wolvkil23's rating: 1731 &rarr; <strong>1703</strong><br />(-28 for losing)\n|raw|Mikeflem12326171's rating: 1583 &rarr; <strong>1611</strong><br />(+28 for winning)\n|c|☆Wolvkil23|gg\n|l|☆Wolvkil23\n|player|p1|\n|c|☆Mikeflem12326171|gg\n","uploadtime":1788426524,"views":"1","formatid":"gen9championsvgc2026regmb","rating":1611,"private":0,"password":null}