{"id":"gen9championsvgc2026regmbbo3-2674881324","format":"[Gen 9 Champions] VGC 2026 Reg M-B (Bo3)","players":["Pawah","Ceuta"],"log":"|j|☆Pawah\n|j|☆Ceuta\n|html|<table width=\"100%\"><tr><td align=\"left\">Pawah</td><td align=\"right\">Ceuta</tr><tr><td align=\"left\"><i class=\"fa fa-circle\"></i> <i class=\"fa fa-circle-o\"></i> </td><td align=\"right\"><i class=\"fa fa-circle-o\"></i> <i class=\"fa fa-circle-o\"></i> </tr></table>\n|uhtml|bestof|<h2><strong>Game 2</strong> of <a href=\"/game-bestof3-gen9championsvgc2026regmbbo3-2674881059\">a best-of-3</a></h2>\n|t:|1788428141\n|gametype|doubles\n|player|p1|Pawah|ethan|1254\n|player|p2|Ceuta|lebanne|1111\n|gen|9\n|tier|[Gen 9 Champions] VGC 2026 Reg M-B (Bo3)\n|rated|\n|rule|Species Clause: Limit one of each Pokémon\n|rule|Item Clause: Limit 1 of each item\n|clearpoke\n|poke|p1|Staraptor, L50, M|\n|poke|p1|Milotic, L50, F|\n|poke|p1|Tyranitar, L50, M|\n|poke|p1|Gholdengo, L50|\n|poke|p1|Excadrill, L50, M|\n|poke|p1|Sinistcha, L50|\n|poke|p2|Camerupt, L50, F|\n|poke|p2|Farigiraf, L50, F|\n|poke|p2|Sylveon, L50, F|\n|poke|p2|Incineroar, L50, F|\n|poke|p2|Maushold-Four, L50|\n|poke|p2|Abomasnow, L50, F|\n|teampreview|4\n|showteam|p1|Staraptor||Staraptite|Intimidate|BraveBird,CloseCombat,Tailwind,Protect|Jolly||M|||50|]Milotic||SitrusBerry|Competitive|Scald,IceBeam,IcyWind,Recover|Modest||F|||50|]Tyranitar||Tyranitarite|SandStream|RockSlide,KnockOff,LowKick,Protect|Adamant||M|||50|]Gholdengo||LifeOrb|GoodasGold|ShadowBall,MakeItRain,NastyPlot,Protect|Modest|||||50|]Excadrill||FocusSash|SandRush|HighHorsepower,IronHead,RockSlide,Protect|Adamant||M|||50|]Sinistcha||ColburBerry|Hospitality|MatchaGotcha,RagePowder,TrickRoom,Protect|Bold|||||50|\n|showteam|p2|Camerupt||Cameruptite|SolidRock|HeatWave,EarthPower,AncientPower,Protect|Quiet||F|||50|]Farigiraf||SitrusBerry|ArmorTail|TwinBeam,Thunderbolt,HelpingHand,TrickRoom|Relaxed||F|||50|]Sylveon||LifeOrb|Pixilate|HyperVoice,HyperBeam,QuickAttack,Detect|Quiet||F|||50|]Incineroar||WhiteHerb|Intimidate|FlareBlitz,DarkestLariat,CloseCombat,FakeOut|Adamant||F|||50|]Maushold-Four||WideLens|Technician|PopulationBomb,FollowMe,AfterYou,Protect|Jolly|||||50|]Abomasnow||Abomasite|SnowWarning|Blizzard,EnergyBall,EarthPower,IceShard|Quiet||F|||50|\n|inactive|Battle timer is ON: inactive players will automatically lose when time's up. (requested by Pawah)\n|inactive|Ceuta has 60 seconds left.\n|\n|t:|1788428175\n|teamsize|p1|4\n|teamsize|p2|4\n|start\n|switch|p1a: Milotic|Milotic, L50, F|100/100\n|switch|p1b: Tyranitar|Tyranitar, L50, M|100/100\n|switch|p2a: Farigiraf|Farigiraf, L50, F|100/100\n|switch|p2b: Sylveon|Sylveon, L50, F|100/100\n|-weather|Sandstorm|[from] ability: Sand Stream|[of] p1b: Tyranitar\n|turn|1\n|\n|t:|1788428190\n|switch|p2a: Abomasnow|Abomasnow, L50, F|100/100\n|-weather|Snowscape|[from] ability: Snow Warning|[of] p2a: Abomasnow\n|detailschange|p1b: Tyranitar|Tyranitar-Mega, L50, M\n|-mega|p1b: Tyranitar|Tyranitar|Tyranitarite\n|-weather|Sandstorm|[from] ability: Sand Stream|[of] p1b: Tyranitar\n|move|p1b: Tyranitar|Knock Off|p2a: Abomasnow\n|-damage|p2a: Abomasnow|49/100\n|move|p1a: Milotic|Scald|p2a: Abomasnow\n|-resisted|p2a: Abomasnow|1\n|-damage|p2a: Abomasnow|32/100\n|move|p2b: Sylveon|Hyper Voice|p1b: Tyranitar|[spread] p1a,p1b\n|-supereffective|p1b: Tyranitar|1\n|-damage|p1a: Milotic|61/100\n|-damage|p1b: Tyranitar|47/100\n|-damage|p2b: Sylveon|90/100|[from] item: Life Orb\n|\n|-weather|Sandstorm|[upkeep]\n|-damage|p1a: Milotic|55/100|[from] Sandstorm\n|-damage|p2b: Sylveon|84/100|[from] Sandstorm\n|-damage|p2a: Abomasnow|26/100|[from] Sandstorm\n|upkeep\n|turn|2\n|\n|t:|1788428210\n|switch|p1b: Gholdengo|Gholdengo, L50|100/100\n|move|p2a: Abomasnow|Ice Shard|p1a: Milotic\n|-resisted|p1a: Milotic|1\n|-damage|p1a: Milotic|49/100\n|-enditem|p1a: Milotic|Sitrus Berry|[eat]\n|-heal|p1a: Milotic|74/100|[from] item: Sitrus Berry\n|move|p1a: Milotic|Ice Beam|p2a: Abomasnow\n|-damage|p2a: Abomasnow|0 fnt\n|faint|p2a: Abomasnow\n|move|p2b: Sylveon|Hyper Voice|p1b: Gholdengo|[spread] p1a,p1b\n|-resisted|p1b: Gholdengo|1\n|-damage|p1a: Milotic|37/100\n|-damage|p1b: Gholdengo|71/100\n|-damage|p2b: Sylveon|74/100|[from] item: Life Orb\n|\n|-weather|Sandstorm|[upkeep]\n|-damage|p1a: Milotic|31/100|[from] Sandstorm\n|-damage|p2b: Sylveon|68/100|[from] Sandstorm\n|upkeep\n|\n|t:|1788428220\n|switch|p2a: Farigiraf|Farigiraf, L50, F|100/100\n|turn|3\n|\n|t:|1788428225\n|move|p2b: Sylveon|Detect|p2b: Sylveon\n|-singleturn|p2b: Sylveon|Protect\n|move|p1b: Gholdengo|Make It Rain|p2b: Sylveon|[spread] p2a\n|-activate|p2b: Sylveon|move: Protect\n|-damage|p2a: Farigiraf|39/100\n|-unboost|p1b: Gholdengo|spa|2\n|-enditem|p2a: Farigiraf|Sitrus Berry|[eat]\n|-heal|p2a: Farigiraf|64/100|[from] item: Sitrus Berry\n|-damage|p1b: Gholdengo|62/100|[from] item: Life Orb\n|move|p1a: Milotic|Scald|p2a: Farigiraf\n|-damage|p2a: Farigiraf|33/100\n|move|p2a: Farigiraf|Trick Room|p2a: Farigiraf\n|-fieldstart|move: Trick Room|[of] p2a: Farigiraf\n|\n|-weather|Sandstorm|[upkeep]\n|-damage|p2a: Farigiraf|27/100|[from] Sandstorm\n|-damage|p2b: Sylveon|62/100|[from] Sandstorm\n|-damage|p1a: Milotic|25/100|[from] Sandstorm\n|upkeep\n|turn|4\n|\n|t:|1788428242\n|switch|p2a: Camerupt|Camerupt, L50, F|100/100\n|move|p2b: Sylveon|Hyper Voice|p1b: Gholdengo|[spread] p1a,p1b\n|-resisted|p1b: Gholdengo|1\n|-damage|p1a: Milotic|0 fnt\n|-damage|p1b: Gholdengo|33/100\n|faint|p1a: Milotic\n|-damage|p2b: Sylveon|53/100|[from] item: Life Orb\n|move|p1b: Gholdengo|Make It Rain|p2a: Camerupt|[spread] p2a,p2b\n|-resisted|p2a: Camerupt|1\n|-supereffective|p2b: Sylveon|1\n|-damage|p2a: Camerupt|80/100\n|-damage|p2b: Sylveon|9/100\n|-unboost|p1b: Gholdengo|spa|2\n|-damage|p1b: Gholdengo|24/100|[from] item: Life Orb\n|\n|-weather|Sandstorm|[upkeep]\n|-damage|p2b: Sylveon|3/100|[from] Sandstorm\n|upkeep\n|\n|t:|1788428250\n|switch|p1a: Sinistcha|Sinistcha, L50|100/100\n|-heal|p1b: Gholdengo|48/100|[from] ability: Hospitality|[of] p1a: Sinistcha\n|turn|5\n|\n|t:|1788428266\n|switch|p2b: Farigiraf|Farigiraf, L50, F|27/100\n|detailschange|p2a: Camerupt|Camerupt-Mega, L50, F\n|-mega|p2a: Camerupt|Camerupt|Cameruptite\n|move|p1a: Sinistcha|Protect|p1a: Sinistcha\n|-singleturn|p1a: Sinistcha|Protect\n|move|p1b: Gholdengo|Protect|p1b: Gholdengo\n|-singleturn|p1b: Gholdengo|Protect\n|move|p2a: Camerupt|Heat Wave|p1b: Gholdengo|[spread] \n|-activate|p1a: Sinistcha|move: Protect\n|-activate|p1b: Gholdengo|move: Protect\n|\n|-weather|none\n|upkeep\n|turn|6\n|\n|t:|1788428273\n|switch|p1b: Tyranitar|Tyranitar-Mega, L50, M|47/100\n|-weather|Sandstorm|[from] ability: Sand Stream|[of] p1b: Tyranitar\n|move|p2b: Farigiraf|Helping Hand|p2a: Camerupt\n|-singleturn|p2a: Camerupt|Helping Hand|[of] p2b: Farigiraf\n|move|p2a: Camerupt|Heat Wave|p1b: Tyranitar|[spread] p1a,p1b\n|-supereffective|p1a: Sinistcha|1\n|-resisted|p1b: Tyranitar|1\n|-damage|p1a: Sinistcha|0 fnt\n|-damage|p1b: Tyranitar|26/100\n|faint|p1a: Sinistcha\n|\n|-weather|Sandstorm|[upkeep]\n|-damage|p2b: Farigiraf|21/100|[from] Sandstorm\n|upkeep\n|\n|t:|1788428281\n|switch|p1a: Gholdengo|Gholdengo, L50|48/100\n|turn|7\n|\n|t:|1788428298\n|move|p2b: Farigiraf|Helping Hand|p2a: Camerupt\n|-singleturn|p2a: Camerupt|Helping Hand|[of] p2b: Farigiraf\n|move|p1b: Tyranitar|Protect|p1b: Tyranitar\n|-singleturn|p1b: Tyranitar|Protect\n|move|p1a: Gholdengo|Protect|p1a: Gholdengo\n|-singleturn|p1a: Gholdengo|Protect\n|move|p2a: Camerupt|Heat Wave|p1b: Tyranitar|[spread] \n|-activate|p1a: Gholdengo|move: Protect\n|-activate|p1b: Tyranitar|move: Protect\n|\n|-weather|Sandstorm|[upkeep]\n|-damage|p2b: Farigiraf|15/100|[from] Sandstorm\n|-fieldend|move: Trick Room\n|upkeep\n|turn|8\n|inactive|Ceuta has 30 seconds left.\n|\n|t:|1788428323\n|move|p2a: Camerupt|Protect|p2a: Camerupt\n|-singleturn|p2a: Camerupt|Protect\n|move|p1a: Gholdengo|Shadow Ball|p2a: Camerupt\n|-activate|p2a: Camerupt|move: Protect\n|move|p1b: Tyranitar|Rock Slide|p2a: Camerupt|[spread] p2b\n|-activate|p2a: Camerupt|move: Protect\n|-damage|p2b: Farigiraf|0 fnt\n|faint|p2b: Farigiraf\n|\n|-weather|Sandstorm|[upkeep]\n|upkeep\n|\n|t:|1788428328\n|switch|p2b: Sylveon|Sylveon, L50, F|3/100\n|turn|9\n|\n|t:|1788428333\n|move|p1a: Gholdengo|Protect|p1a: Gholdengo\n|-singleturn|p1a: Gholdengo|Protect\n|move|p1b: Tyranitar|Protect|p1b: Tyranitar\n|-singleturn|p1b: Tyranitar|Protect\n|move|p2b: Sylveon|Quick Attack|p1b: Tyranitar\n|-activate|p1b: Tyranitar|move: Protect\n|move|p2a: Camerupt|Heat Wave|p1b: Tyranitar|[spread] \n|-activate|p1a: Gholdengo|move: Protect\n|-activate|p1b: Tyranitar|move: Protect\n|\n|-weather|Sandstorm|[upkeep]\n|-damage|p2b: Sylveon|0 fnt|[from] Sandstorm\n|faint|p2b: Sylveon\n|upkeep\n|turn|10\n|\n|t:|1788428347\n|move|p1a: Gholdengo|Shadow Ball|p2a: Camerupt\n|-damage|p2a: Camerupt|25/100\n|-damage|p1a: Gholdengo|39/100|[from] item: Life Orb\n|move|p1b: Tyranitar|Low Kick|p2a: Camerupt\n|-damage|p2a: Camerupt|0 fnt\n|faint|p2a: Camerupt\n|\n|win|Pawah\n|raw|Pawah's rating: 1254 &rarr; <strong>1269</strong><br />(+15 for winning)\n|raw|Ceuta's rating: 1111 &rarr; <strong>1096</strong><br />(-15 for losing)\n","uploadtime":1788428347,"views":"1","formatid":"gen9championsvgc2026regmbbo3","rating":1096,"private":0,"password":null}