{"id":"gen9championsvgc2026regmbbo3-2674656160","format":"[Gen 9 Champions] VGC 2026 Reg M-B (Bo3)","players":["gred.win","dkelly1126"],"log":"|j|☆gred.win\n|j|☆dkelly1126\n|html|<table width=\"100%\"><tr><td align=\"left\">gred.win</td><td align=\"right\">dkelly1126</tr><tr><td align=\"left\"><i class=\"fa fa-circle-o\"></i> <i class=\"fa fa-circle-o\"></i> </td><td align=\"right\"><i class=\"fa fa-circle-o\"></i> <i class=\"fa fa-circle-o\"></i> </tr></table>\n|uhtml|bestof|<h2><strong>Game 1</strong> of <a href=\"/game-bestof3-gen9championsvgc2026regmbbo3-2674656159\">a best-of-3</a></h2>\n|t:|1788385958\n|gametype|doubles\n|player|p1|gred.win|rocketgruntf|1002\n|player|p2|dkelly1126|101|1145\n|gen|9\n|tier|[Gen 9 Champions] VGC 2026 Reg M-B (Bo3)\n|rated|\n|rule|Species Clause: Limit one of each Pokémon\n|rule|Item Clause: Limit 1 of each item\n|clearpoke\n|poke|p1|Raichu, L50, M, shiny|\n|poke|p1|Gallade, L50, M|\n|poke|p1|Ceruledge, L50, F|\n|poke|p1|Infernape, L50, M|\n|poke|p1|Aerodactyl, L50, M|\n|poke|p1|Weavile, L50, F|\n|poke|p2|Blastoise, L50, M|\n|poke|p2|Delphox, L50, M|\n|poke|p2|Sinistcha-Masterpiece, L50|\n|poke|p2|Sneasler, L50, F|\n|poke|p2|Kingambit, L50, M|\n|poke|p2|Incineroar, L50, M|\n|teampreview|4\n|showteam|p1|Raichu||RaichuniteY|Static|ZapCannon,FocusBlast,FakeOut,Protect|Hasty||M|||50|]Gallade||ChoiceScarf|Sharpness|SacredSword,PsychoCut,Agility,Protect|Adamant||M|||50|]Ceruledge||Leftovers|WeakArmor|BitterBlade,PhantomForce,PoisonJab,Protect|Jolly||F|||50|]Infernape||LumBerry|IronFist|CloseCombat,RockSlide,FakeOut,RagingFury|Jolly||M|||50|]Aerodactyl|||RockHead|IceFang,RockSlide,Tailwind,DualWingbeat|Jolly||M|||50|]Weavile||LifeOrb|Pressure|IceSpinner,KnockOff,PoisonJab,FakeOut|Jolly||F|||50|\n|showteam|p2|Blastoise||Blastoisinite|RainDish|WaterSpout,DarkPulse,ShellSmash,Protect|Modest||M|||50|]Delphox||Delphoxite|Blaze|HeatWave,Psychic,NastyPlot,Protect|Timid||M|||50|]Sinistcha-Masterpiece||ColburBerry|Hospitality|MatchaGotcha,RagePowder,TrickRoom,Protect|Bold|||||50|]Sneasler||FocusSash|PoisonTouch|FakeOut,PoisonJab,CloseCombat,QuickGuard|Jolly||F|||50|]Kingambit||LifeOrb|Defiant|KowtowCleave,SuckerPunch,SwordsDance,Protect|Adamant||M|||50|]Incineroar||SitrusBerry|Intimidate|FakeOut,FlareBlitz,ThroatChop,PartingShot|Careful||M|||50|\n|inactive|Battle timer is ON: inactive players will automatically lose when time's up. (requested by gred.win)\n|inactive|gred.win has 60 seconds left.\n|inactive|dkelly1126 has 60 seconds left.\n|inactive|dkelly1126 has 30 seconds left.\n|\n|t:|1788386030\n|teamsize|p1|4\n|teamsize|p2|4\n|start\n|switch|p1a: Raijin|Raichu, L50, M, shiny|100/100\n|switch|p1b: Infernape|Infernape, L50, M|100/100\n|switch|p2a: Incineroar|Incineroar, L50, M|100/100\n|switch|p2b: Delphox|Delphox, L50, M|100/100\n|-ability|p2a: Incineroar|Intimidate|boost\n|-unboost|p1a: Raijin|atk|1\n|-unboost|p1b: Infernape|atk|1\n|turn|1\n|\n|t:|1788386052\n|detailschange|p1a: Raijin|Raichu-Mega-Y, L50, M, shiny\n|-mega|p1a: Raijin|Raichu|Raichunite Y\n|detailschange|p2b: Delphox|Delphox-Mega, L50, M\n|-mega|p2b: Delphox|Delphox|Delphoxite\n|move|p1a: Raijin|Fake Out|p2a: Incineroar\n|-damage|p2a: Incineroar|93/100\n|cant|p2a: Incineroar|flinch\n|move|p2b: Delphox|Nasty Plot|p2b: Delphox\n|-boost|p2b: Delphox|spa|2\n|move|p1b: Infernape|Rock Slide|p2b: Delphox|[spread] p2a\n|-miss|p1b: Infernape|p2b: Delphox\n|-supereffective|p2a: Incineroar|1\n|-damage|p2a: Incineroar|72/100\n|\n|upkeep\n|turn|2\n|\n|t:|1788386076\n|move|p2b: Delphox|Protect|p2b: Delphox\n|-singleturn|p2b: Delphox|Protect\n|move|p1a: Raijin|Zap Cannon|p2b: Delphox\n|-activate|p2b: Delphox|move: Protect\n|move|p1b: Infernape|Rock Slide|p2b: Delphox|[spread] p2a\n|-activate|p2b: Delphox|move: Protect\n|-supereffective|p2a: Incineroar|1\n|-damage|p2a: Incineroar|50/100g\n|move|p2a: Incineroar|Parting Shot|p1a: Raijin\n|-unboost|p1a: Raijin|atk|1\n|-unboost|p1a: Raijin|spa|1\n|\n|t:|1788386098\n|switch|p2a: Sneasler|Sneasler, L50, F|100/100|[from] Parting Shot\n|\n|upkeep\n|turn|3\n|\n|t:|1788386116\n|move|p2a: Sneasler|Fake Out|p1b: Infernape\n|-damage|p1b: Infernape|79/100\n|move|p2b: Delphox|Psychic|p1a: Raijin\n|-damage|p1a: Raijin|0 fnt\n|faint|p1a: Raijin\n|cant|p1b: Infernape|flinch\n|\n|upkeep\n|\n|t:|1788386125\n|switch|p1a: Ceruledge|Ceruledge, L50, F|100/100\n|turn|4\n|\n|t:|1788386140\n|move|p2b: Delphox|Protect|p2b: Delphox\n|-singleturn|p2b: Delphox|Protect\n|move|p2a: Sneasler|Poison Jab|p1a: Ceruledge\n|-resisted|p1a: Ceruledge|1\n|-damage|p1a: Ceruledge|71/100\n|-ability|p1a: Ceruledge|Weak Armor|boost\n|-unboost|p1a: Ceruledge|def|1\n|-boost|p1a: Ceruledge|spe|2\n|-status|p1a: Ceruledge|psn|[from] ability: Poison Touch|[of] p2a: Sneasler\n|move|p1a: Ceruledge|Phantom Force||[still]\n|-prepare|p1a: Ceruledge|Phantom Force\n|move|p1b: Infernape|Rock Slide|p2b: Delphox|[spread] p2a\n|-activate|p2b: Delphox|move: Protect\n|-resisted|p2a: Sneasler|1\n|-damage|p2a: Sneasler|90/100\n|\n|-heal|p1a: Ceruledge|77/100 psn|[from] item: Leftovers\n|-damage|p1a: Ceruledge|65/100 psn|[from] psn\n|upkeep\n|turn|5\n|inactive|gred.win has 30 seconds left.\n|inactive|dkelly1126 has 30 seconds left.\n|\n|t:|1788386170\n|switch|p2b: Incineroar|Incineroar, L50, M|50/100g\n|-ability|p2b: Incineroar|Intimidate|boost\n|-unboost|p1a: Ceruledge|atk|1\n|-unboost|p1b: Infernape|atk|1\n|move|p1a: Ceruledge|Phantom Force|p2b: Incineroar|[from] lockedmove\n|-resisted|p2b: Incineroar|1\n|-damage|p2b: Incineroar|35/100\n|-enditem|p2b: Incineroar|Sitrus Berry|[eat]\n|-heal|p2b: Incineroar|60/100|[from] item: Sitrus Berry\n|move|p2a: Sneasler|Close Combat|p1b: Infernape\n|-crit|p1b: Infernape\n|-damage|p1b: Infernape|0 fnt\n|-unboost|p2a: Sneasler|def|1\n|-unboost|p2a: Sneasler|spd|1\n|faint|p1b: Infernape\n|\n|-heal|p1a: Ceruledge|71/100 psn|[from] item: Leftovers\n|-damage|p1a: Ceruledge|58/100 psn|[from] psn\n|upkeep\n|\n|t:|1788386190\n|switch|p1b: Aerodactyl|Aerodactyl, L50, M|100/100\n|turn|6\n|\n|t:|1788386209\n|switch|p2a: Sinistcha|Sinistcha-Masterpiece, L50|100/100\n|-heal|p2b: Incineroar|85/100|[from] ability: Hospitality|[of] p2a: Sinistcha\n|move|p1a: Ceruledge|Poison Jab|p2b: Incineroar\n|-damage|p2b: Incineroar|66/100\n|move|p1b: Aerodactyl|Dual Wingbeat|p2a: Sinistcha\n|-supereffective|p2a: Sinistcha|1\n|-damage|p2a: Sinistcha|69/100\n|-supereffective|p2a: Sinistcha|1\n|-damage|p2a: Sinistcha|42/100\n|-hitcount|p2a: Sinistcha|2\n|move|p2b: Incineroar|Throat Chop|p1a: Ceruledge\n|-supereffective|p1a: Ceruledge|1\n|-damage|p1a: Ceruledge|0 fnt\n|faint|p1a: Ceruledge\n|\n|upkeep\n|turn|7\n|\n|t:|1788386227\n|move|p1b: Aerodactyl|Rock Slide|p2a: Sinistcha|[spread] p2a,p2b\n|-supereffective|p2b: Incineroar|1\n|-crit|p2b: Incineroar\n|-damage|p2a: Sinistcha|24/100\n|-damage|p2b: Incineroar|0 fnt\n|faint|p2b: Incineroar\n|move|p2a: Sinistcha|Matcha Gotcha|p1b: Aerodactyl\n|-damage|p1b: Aerodactyl|56/100\n|-heal|p2a: Sinistcha|43/100|[from] drain|[of] p1b: Aerodactyl\n|\n|upkeep\n|\n|t:|1788386237\n|switch|p2b: Sneasler|Sneasler, L50, F|90/100\n|turn|8\n|\n|t:|1788386241\n|move|p2b: Sneasler|Fake Out|p1b: Aerodactyl\n|-resisted|p1b: Aerodactyl|1\n|-damage|p1b: Aerodactyl|45/100\n|cant|p1b: Aerodactyl|flinch\n|move|p2a: Sinistcha|Matcha Gotcha|p1b: Aerodactyl\n|-damage|p1b: Aerodactyl|0 fnt\n|-heal|p2a: Sinistcha|64/100|[from] drain|[of] p1b: Aerodactyl\n|faint|p1b: Aerodactyl\n|\n|win|dkelly1126\n||gred.win is ready for game 2.\n","uploadtime":1788386248,"views":"0","formatid":"gen9championsvgc2026regmbbo3","rating":null,"private":0,"password":null}