{"id":"gen9championsvgc2026regmbbo3-2674451311","format":"[Gen 9 Champions] VGC 2026 Reg M-B (Bo3)","players":["vilan333","MoonEnthusiast"],"log":"|j|☆vilan333\n|j|☆MoonEnthusiast\n|html|<table width=\"100%\"><tr><td align=\"left\">vilan333</td><td align=\"right\">MoonEnthusiast</tr><tr><td align=\"left\"><i class=\"fa fa-circle\"></i> <i class=\"fa fa-circle-o\"></i> </td><td align=\"right\"><i class=\"fa fa-circle-o\"></i> <i class=\"fa fa-circle\"></i> </tr></table>\n|uhtml|bestof|<h2><strong>Game 3</strong> of <a href=\"/game-bestof3-gen9championsvgc2026regmbbo3-2674447227\">a best-of-3</a></h2>\n|t:|1788361397\n|gametype|doubles\n|player|p1|vilan333|marshal|1260\n|player|p2|MoonEnthusiast|169|1244\n|gen|9\n|tier|[Gen 9 Champions] VGC 2026 Reg M-B (Bo3)\n|rated|\n|rule|Species Clause: Limit one of each Pokémon\n|rule|Item Clause: Limit 1 of each item\n|clearpoke\n|poke|p1|Raichu, L50, M|\n|poke|p1|Staraptor, L50, M, shiny|\n|poke|p1|Glimmora, L50, M, shiny|\n|poke|p1|Kingambit, L50, M, shiny|\n|poke|p1|Sylveon, L50, M|\n|poke|p1|Farigiraf, L50, F|\n|poke|p2|Basculegion, L50, M|\n|poke|p2|Froslass, L50, F|\n|poke|p2|Kingambit, L50, F|\n|poke|p2|Scovillain, L50, F|\n|poke|p2|Sneasler, L50, F|\n|poke|p2|Lycanroc-Dusk, L50, F|\n|teampreview|4\n|showteam|p1|Raichu||RaichuniteY|LightningRod|Protect,FakeOut,ZapCannon,FocusBlast|Timid||M|||50|]Staraptor||Staraptite|Intimidate|Protect,CloseCombat,BraveBird,Tailwind|Jolly||M|||50|]Glimmora||FocusSash|ToxicDebris|SpikyShield,PowerGem,EarthPower,SludgeBomb|Timid||M|||50|]Kingambit||ChopleBerry|Defiant|Protect,KowtowCleave,SuckerPunch,SwordsDance|Adamant||M|||50|]Sylveon||FairyFeather|Pixilate|Detect,HyperBeam,HyperVoice,QuickAttack|Modest||M|||50|]Farigiraf||SitrusBerry|ArmorTail|Protect,Psyshock,HelpingHand,TrickRoom|Calm||F|||50|\n|showteam|p2|Basculegion||LifeOrb|Adaptability|WaveCrash,AquaJet,LastRespects,Protect|Adamant||M|||50|]Froslass||Froslassite|SnowCloak|Protect,Blizzard,ShadowBall,AuroraVeil|Timid||F|||50|]Kingambit||BlackGlasses|Defiant|KowtowCleave,SuckerPunch,SwordsDance,Protect|Adamant||F|||50|]Scovillain||Scovillainite|Moody|GigaDrain,Overheat,RagePowder,Protect|Bold||F|||50|]Sneasler||WhiteHerb|Unburden|CloseCombat,GunkShot,FakeOut,Protect|Jolly||F|||50|]Lycanroc-Dusk||FocusSash|ToughClaws|Protect,Accelerock,RockSlide,CloseCombat|Adamant||F|||50|\n|inactive|Battle timer is ON: inactive players will automatically lose when time's up. (requested by MoonEnthusiast)\n|\n|t:|1788361427\n|teamsize|p1|4\n|teamsize|p2|4\n|start\n|switch|p1a: Staraptor|Staraptor, L50, M, shiny|100/100\n|switch|p1b: Glimmora|Glimmora, L50, M, shiny|100/100\n|switch|p2a: Sneasler|Sneasler, L50, F|100/100\n|switch|p2b: Scovillain|Scovillain, L50, F|100/100\n|-ability|p1a: Staraptor|Intimidate|boost\n|-unboost|p2a: Sneasler|atk|1\n|-unboost|p2b: Scovillain|atk|1\n|-enditem|p2a: Sneasler|White Herb\n|-clearnegativeboost|p2a: Sneasler|[silent]\n|turn|1\n|\n|t:|1788361448\n|detailschange|p2b: Scovillain|Scovillain-Mega, L50, F\n|-mega|p2b: Scovillain|Scovillain|Scovillainite\n|move|p1a: Staraptor|Protect|p1a: Staraptor\n|-singleturn|p1a: Staraptor|Protect\n|move|p1b: Glimmora|Spiky Shield|p1b: Glimmora\n|-singleturn|p1b: Glimmora|move: Protect\n|move|p2a: Sneasler|Fake Out|p1a: Staraptor\n|-activate|p1a: Staraptor|move: Protect\n|move|p2b: Scovillain|Overheat|p1a: Staraptor\n|-activate|p1a: Staraptor|move: Protect\n|\n|upkeep\n|turn|2\n|\n|t:|1788361469\n|switch|p1a: Kingambit|Kingambit, L50, M, shiny|100/100\n|move|p2b: Scovillain|Rage Powder|p2b: Scovillain\n|-singleturn|p2b: Scovillain|move: Rage Powder\n|move|p2a: Sneasler|Gunk Shot|p1a: Kingambit\n|-immune|p1a: Kingambit\n|move|p1b: Glimmora|Power Gem|p2b: Scovillain\n|-supereffective|p2b: Scovillain|1\n|-damage|p2b: Scovillain|8/100\n|-status|p1b: Glimmora|brn|[from] ability: Spicy Spray|[of] p2b: Scovillain\n|\n|-damage|p1b: Glimmora|94/100 brn|[from] brn\n|upkeep\n|turn|3\n|inactive|vilan333 has 30 seconds left.\n|inactive|MoonEnthusiast has 30 seconds left.\n|inactive|vilan333 has 20 seconds left.\n|\n|t:|1788361506\n|switch|p2b: Kingambit|Kingambit, L50, F|100/100\n|switch|p1a: Staraptor|Staraptor, L50, M, shiny|100/100\n|-ability|p1a: Staraptor|Intimidate|boost\n|-unboost|p2a: Sneasler|atk|1\n|-unboost|p2b: Kingambit|atk|1\n|-ability|p2b: Kingambit|Defiant|boost\n|-boost|p2b: Kingambit|atk|2\n|move|p2a: Sneasler|Protect|p2a: Sneasler\n|-singleturn|p2a: Sneasler|Protect\n|move|p1b: Glimmora|Earth Power|p2a: Sneasler\n|-activate|p2a: Sneasler|move: Protect\n|\n|-damage|p1b: Glimmora|88/100 brn|[from] brn\n|upkeep\n|turn|4\n|inactive|vilan333 has 30 seconds left.\n|inactive|MoonEnthusiast has 30 seconds left.\n|inactive|vilan333 has 20 seconds left.\n|inactive|MoonEnthusiast has 20 seconds left.\n|inactive|MoonEnthusiast has 15 seconds left.\n|\n|t:|1788361551\n|switch|p2a: Basculegion|Basculegion, L50, M|100/100\n|detailschange|p1a: Staraptor|Staraptor-Mega, L50, M, shiny\n|-mega|p1a: Staraptor|Staraptor|Staraptite\n|move|p2b: Kingambit|Protect|p2b: Kingambit\n|-singleturn|p2b: Kingambit|Protect\n|move|p1a: Staraptor|Brave Bird|p2a: Basculegion\n|-damage|p2a: Basculegion|27/100\n|-damage|p1a: Staraptor|73/100|[from] Recoil\n|move|p1b: Glimmora|Earth Power|p2b: Kingambit\n|-activate|p2b: Kingambit|move: Protect\n|\n|-damage|p1b: Glimmora|82/100 brn|[from] brn\n|upkeep\n|turn|5\n|inactive|MoonEnthusiast has 30 seconds left.\n|\n|t:|1788361582\n|move|p2a: Basculegion|Aqua Jet|p1a: Staraptor\n|-damage|p1a: Staraptor|38/100\n|-damage|p2a: Basculegion|17/100|[from] item: Life Orb\n|move|p2b: Kingambit|Sucker Punch||[still]\n|-fail|p2b: Kingambit\n|move|p1a: Staraptor|Tailwind|p1a: Staraptor\n|-sidestart|p1: vilan333|move: Tailwind\n|move|p1b: Glimmora|Earth Power|p2b: Kingambit\n|-supereffective|p2b: Kingambit|1\n|-damage|p2b: Kingambit|40/100\n|\n|-damage|p1b: Glimmora|77/100 brn|[from] brn\n|upkeep\n|turn|6\n|\n|t:|1788361601\n|switch|p1a: Kingambit|Kingambit, L50, M, shiny|100/100\n|move|p2b: Kingambit|Protect|p2b: Kingambit\n|-singleturn|p2b: Kingambit|Protect\n|move|p2a: Basculegion|Aqua Jet|p1b: Glimmora\n|-supereffective|p1b: Glimmora|1\n|-damage|p1b: Glimmora|0 fnt\n|-activate|p1b: Glimmora|ability: Toxic Debris\n|-sidestart|p2: MoonEnthusiast|move: Toxic Spikes\n|faint|p1b: Glimmora\n|-damage|p2a: Basculegion|8/100|[from] item: Life Orb\n|\n|upkeep\n|\n|t:|1788361614\n|switch|p1b: Sylveon|Sylveon, L50, M|100/100\n|turn|7\n|inactive|MoonEnthusiast has 30 seconds left.\n|\n|t:|1788361644\n|switch|p2a: Sneasler|Sneasler, L50, F|100/100\n|-sideend|p2: MoonEnthusiast|move: Toxic Spikes|[of] p2a: Sneasler\n|move|p2b: Kingambit|Sucker Punch||[still]\n|-fail|p2b: Kingambit\n|move|p1b: Sylveon|Hyper Voice|p2b: Kingambit|[spread] p2a,p2b\n|-damage|p2a: Sneasler|48/100\n|-damage|p2b: Kingambit|1/100\n|move|p1a: Kingambit|Swords Dance|p1a: Kingambit\n|-boost|p1a: Kingambit|atk|2\n|\n|upkeep\n|turn|8\n|\n|t:|1788361661\n|move|p2a: Sneasler|Protect|p2a: Sneasler\n|-singleturn|p2a: Sneasler|Protect\n|move|p1b: Sylveon|Detect|p1b: Sylveon\n|-singleturn|p1b: Sylveon|Protect\n|move|p1a: Kingambit|Protect|p1a: Kingambit\n|-singleturn|p1a: Kingambit|Protect\n|move|p2b: Kingambit|Sucker Punch||[still]\n|-fail|p2b: Kingambit\n|\n|-sideend|p1: vilan333|move: Tailwind\n|upkeep\n|turn|9\n|inactive|vilan333 has 30 seconds left.\n|inactive|MoonEnthusiast has 30 seconds left.\n|inactive|MoonEnthusiast has 20 seconds left.\n|\n|t:|1788361700\n|move|p1b: Sylveon|Quick Attack|p2b: Kingambit\n|-damage|p2b: Kingambit|0 fnt\n|faint|p2b: Kingambit\n|move|p2a: Sneasler|Close Combat|p1a: Kingambit\n|-supereffective|p1a: Kingambit|2\n|-enditem|p1a: Kingambit|Chople Berry|[eat]\n|-enditem|p1a: Kingambit|Chople Berry|[weaken]\n|-damage|p1a: Kingambit|17/100\n|-unboost|p2a: Sneasler|def|1\n|-unboost|p2a: Sneasler|spd|1\n|move|p1a: Kingambit|Kowtow Cleave|p2a: Sneasler\n|-resisted|p2a: Sneasler|1\n|-damage|p2a: Sneasler|0 fnt\n|faint|p2a: Sneasler\n|\n|upkeep\n|\n|t:|1788361708\n|switch|p2a: Basculegion|Basculegion, L50, M|8/100\n|switch|p2b: Scovillain|Scovillain-Mega, L50, F|8/100\n|turn|10\n|-message|MoonEnthusiast forfeited.\n|raw|vilan333's rating: 1260 &rarr; <strong>1284</strong><br />(+24 for winning)\n|raw|MoonEnthusiast's rating: 1244 &rarr; <strong>1220</strong><br />(-24 for losing)\n|\n|win|vilan333\n|l|☆MoonEnthusiast\n|player|p2|\n","uploadtime":1788361720,"views":"6","formatid":"gen9championsvgc2026regmbbo3","rating":1220,"private":0,"password":null}