{"id":"gen9championsvgc2026regmb-2674398751","format":"[Gen 9 Champions] VGC 2026 Reg M-B","players":["Mr.pickup","On the wave now"],"log":"|j|☆Mr.pickup\n|j|☆On the wave now\n|t:|1788354832\n|gametype|doubles\n|player|p1|Mr.pickup|skierf-gen4dp|1673\n|player|p2|On the wave now|ruinmaniac|1576\n|gen|9\n|tier|[Gen 9 Champions] VGC 2026 Reg M-B\n|rated|\n|rule|Species Clause: Limit one of each Pokémon\n|rule|Item Clause: Limit 1 of each item\n|clearpoke\n|poke|p1|Floette-Eternal, L50, F|\n|poke|p1|Charizard, L50, F|\n|poke|p1|Garchomp, L50, F|\n|poke|p1|Basculegion, L50, M|\n|poke|p1|Sneasler, L50, F|\n|poke|p1|Whimsicott, L50, F|\n|poke|p2|Staraptor, L50, F|\n|poke|p2|Hippowdon, L50, F|\n|poke|p2|Glimmora, L50, M|\n|poke|p2|Gholdengo, L50|\n|poke|p2|Mimikyu, L50, M|\n|poke|p2|Tyrantrum, L50, M|\n|teampreview|4\n|inactive|Battle timer is ON: inactive players will automatically lose when time's up. (requested by Mr.pickup)\n|\n|t:|1788354861\n|teamsize|p1|4\n|teamsize|p2|4\n|start\n|switch|p1a: Floette|Floette-Eternal, L50, F|100/100\n|switch|p1b: Whimsicott|Whimsicott, L50, F|100/100\n|switch|p2a: Glimmora|Glimmora, L50, M|100/100\n|switch|p2b: Staraptor|Staraptor, L50, F|100/100\n|-ability|p2b: Staraptor|Intimidate|boost\n|-unboost|p1a: Floette|atk|1\n|-block|p1b: Whimsicott|ability: Flower Veil|[of] p1a: Floette\n|turn|1\n|\n|t:|1788354871\n|switch|p2b: Hippowdon|Hippowdon, L50, F|100/100\n|-weather|Sandstorm|[from] ability: Sand Stream|[of] p2b: Hippowdon\n|detailschange|p1a: Floette|Floette-Mega, L50, F\n|-mega|p1a: Floette|Floette|Floettite\n|-ability|p1a: Floette|Fairy Aura\n|move|p1a: Floette|Protect|p1a: Floette\n|-singleturn|p1a: Floette|Protect\n|move|p1b: Whimsicott|Moonblast|p2a: Glimmora\n|-resisted|p2a: Glimmora|1\n|-damage|p2a: Glimmora|79/100\n|move|p2a: Glimmora|Mortal Spin|p1b: Whimsicott|[spread] p1b\n|-activate|p1a: Floette|move: Protect\n|-supereffective|p1b: Whimsicott|2\n|-damage|p1b: Whimsicott|73/100\n|-status|p1b: Whimsicott|psn\n|\n|-weather|Sandstorm|[upkeep]\n|-damage|p1b: Whimsicott|67/100 psn|[from] Sandstorm\n|-damage|p1a: Floette|94/100|[from] Sandstorm\n|-damage|p1b: Whimsicott|55/100 psn|[from] psn\n|upkeep\n|turn|2\n|inactive|Mr.pickup has 30 seconds left.\n|j| GoPlayCatch\n|\n|t:|1788354908\n|move|p1b: Whimsicott|Moonblast|p2a: Glimmora\n|-resisted|p2a: Glimmora|1\n|-damage|p2a: Glimmora|57/100\n|move|p1a: Floette|Moonblast|p2b: Hippowdon\n|-damage|p2b: Hippowdon|30/100\n|-enditem|p2b: Hippowdon|Sitrus Berry|[eat]\n|-heal|p2b: Hippowdon|54/100|[from] item: Sitrus Berry\n|move|p2a: Glimmora|Mortal Spin|p1a: Floette|[spread] p1a,p1b\n|-supereffective|p1a: Floette|1\n|-supereffective|p1b: Whimsicott|2\n|-damage|p1a: Floette|82/100\n|-damage|p1b: Whimsicott|28/100 psn\n|-status|p1a: Floette|psn\n|move|p2b: Hippowdon|High Horsepower|p1a: Floette\n|-damage|p1a: Floette|24/100 psn\n|\n|-weather|Sandstorm|[upkeep]\n|-damage|p1b: Whimsicott|22/100 psn|[from] Sandstorm\n|-damage|p1a: Floette|18/100 psn|[from] Sandstorm\n|-damage|p1b: Whimsicott|11/100 psn|[from] psn\n|-damage|p1a: Floette|6/100 psn|[from] psn\n|upkeep\n|turn|3\n|\n|t:|1788354923\n|switch|p1a: Basculegion|Basculegion, L50, M|100/100\n|move|p2a: Glimmora|Spiky Shield|p2a: Glimmora\n|-singleturn|p2a: Glimmora|move: Protect\n|move|p2b: Hippowdon|Protect|p2b: Hippowdon\n|-singleturn|p2b: Hippowdon|Protect\n|move|p1b: Whimsicott|Tailwind|p1b: Whimsicott\n|-sidestart|p1: Mr.pickup|move: Tailwind\n|\n|-weather|Sandstorm|[upkeep]\n|-damage|p1b: Whimsicott|5/100 psn|[from] Sandstorm\n|-damage|p1a: Basculegion|93/100|[from] Sandstorm\n|-damage|p1b: Whimsicott|0 fnt|[from] psn\n|faint|p1b: Whimsicott\n|upkeep\n|\n|t:|1788354926\n|switch|p1b: Garchomp|Garchomp, L50, F|100/100\n|turn|4\n|\n|t:|1788354933\n|switch|p2a: Staraptor|Staraptor, L50, F|100/100\n|-ability|p2a: Staraptor|Intimidate|boost\n|-unboost|p1a: Basculegion|atk|1\n|-unboost|p1b: Garchomp|atk|1\n|move|p1b: Garchomp|Stomping Tantrum|p2a: Staraptor\n|-immune|p2a: Staraptor\n|move|p1a: Basculegion|Last Respects|p2b: Hippowdon\n|-damage|p2b: Hippowdon|11/100\n|-damage|p1a: Basculegion|84/100|[from] item: Life Orb\n|move|p2b: Hippowdon|Slack Off|p2b: Hippowdon\n|-heal|p2b: Hippowdon|61/100\n|\n|-weather|Sandstorm|[upkeep]\n|-damage|p1a: Basculegion|78/100|[from] Sandstorm\n|-damage|p2a: Staraptor|94/100|[from] Sandstorm\n|upkeep\n|turn|5\n|inactive|On the wave now has 30 seconds left.\n|\n|t:|1788354960\n|detailschange|p2a: Staraptor|Staraptor-Mega, L50, F\n|-mega|p2a: Staraptor|Staraptor|Staraptite\n|move|p2a: Staraptor|Protect|p2a: Staraptor\n|-singleturn|p2a: Staraptor|Protect\n|move|p1b: Garchomp|Stomping Tantrum|p2b: Hippowdon\n|-damage|p2b: Hippowdon|26/100\n|move|p1a: Basculegion|Wave Crash|p2a: Staraptor\n|-activate|p2a: Staraptor|move: Protect\n|move|p2b: Hippowdon|High Horsepower|p1a: Basculegion\n|-damage|p1a: Basculegion|25/100\n|\n|-weather|none\n|upkeep\n|turn|6\n|\n|t:|1788354976\n|switch|p1a: Floette|Floette-Mega, L50, F|6/100 psn\n|-ability|p1a: Floette|Fairy Aura\n|switch|p2a: Glimmora|Glimmora, L50, M|57/100\n|move|p2b: Hippowdon|Protect|p2b: Hippowdon\n|-singleturn|p2b: Hippowdon|Protect\n|move|p1b: Garchomp|Stomping Tantrum|p2b: Hippowdon\n|-activate|p2b: Hippowdon|move: Protect\n|\n|-damage|p1a: Floette|0 fnt|[from] psn\n|faint|p1a: Floette\n|-sideend|p1: Mr.pickup|move: Tailwind\n|upkeep\n|\n|t:|1788354978\n|switch|p1a: Basculegion|Basculegion, L50, M|25/100\n|turn|7\n|\n|t:|1788354989\n|move|p2a: Glimmora|Spiky Shield|p2a: Glimmora\n|-singleturn|p2a: Glimmora|move: Protect\n|move|p1a: Basculegion|Aqua Jet|p2a: Glimmora\n|-activate|p2a: Glimmora|move: Protect\n|-damage|p1a: Basculegion|13/100|[from] Spiky Shield|[of] p2a: Glimmora\n|move|p1b: Garchomp|Stomping Tantrum|p2b: Hippowdon\n|-damage|p2b: Hippowdon|7/100\n|move|p2b: Hippowdon|High Horsepower|p1a: Basculegion\n|-damage|p1a: Basculegion|0 fnt\n|faint|p1a: Basculegion\n|\n|upkeep\n|turn|8\n|-message|Mr.pickup forfeited.\n|\n|win|On the wave now\n|raw|Mr.pickup's rating: 1673 &rarr; <strong>1648</strong><br />(-25 for losing)\n|raw|On the wave now's rating: 1576 &rarr; <strong>1601</strong><br />(+25 for winning)\n|l|☆Mr.pickup\n|player|p1|\n","uploadtime":1788355008,"views":"9","formatid":"gen9championsvgc2026regmb","rating":1601,"private":0,"password":null}