{"id":"gen9championsvgc2026regmbbo3-2674872866","format":"[Gen 9 Champions] VGC 2026 Reg M-B (Bo3)","players":["okkia3","tald56"],"log":"|j|☆okkia3\n|j|☆tald56\n|html|<table width=\"100%\"><tr><td align=\"left\">okkia3</td><td align=\"right\">tald56</tr><tr><td align=\"left\"><i class=\"fa fa-circle-o\"></i> <i class=\"fa fa-circle-o\"></i> </td><td align=\"right\"><i class=\"fa fa-circle-o\"></i> <i class=\"fa fa-circle\"></i> </tr></table>\n|uhtml|bestof|<h2><strong>Game 2</strong> of <a href=\"/game-bestof3-gen9championsvgc2026regmbbo3-2674871886\">a best-of-3</a></h2>\n|t:|1788426242\n|gametype|doubles\n|player|p1|okkia3|102|1032\n|player|p2|tald56|backpacker|1071\n|gen|9\n|tier|[Gen 9 Champions] VGC 2026 Reg M-B (Bo3)\n|rated|\n|rule|Species Clause: Limit one of each Pokémon\n|rule|Item Clause: Limit 1 of each item\n|clearpoke\n|poke|p1|Charizard, L50, F|\n|poke|p1|Whimsicott, L50, F|\n|poke|p1|Basculegion, L50, M|\n|poke|p1|Farigiraf, L50, F|\n|poke|p1|Kangaskhan, L50, F|\n|poke|p1|Sneasler, L50, M|\n|poke|p2|Staraptor, L50, M|\n|poke|p2|Raichu, L50, M|\n|poke|p2|Sylveon, L50, F|\n|poke|p2|Farigiraf, L50, F|\n|poke|p2|Arcanine-Hisui, L50, M|\n|poke|p2|Kingambit, L50, F|\n|teampreview|4\n|showteam|p1|Charizard||CharizarditeY|SolarPower|WeatherBall,HeatWave,SolarBeam,Protect|Timid||F|||50|]Whimsicott||FocusSash|Prankster|Moonblast,Tailwind,SunnyDay,Encore|Timid||F|||50|]Basculegion||ChoiceScarf|Adaptability|WaveCrash,AquaJet,LastRespects,FlipTurn|Adamant||M|||50|]Farigiraf||SitrusBerry|ArmorTail|Psychic,HyperVoice,HelpingHand,TrickRoom|Modest||F|||50|]Kangaskhan||Kangaskhanite|Scrappy|FakeOut,DoubleEdge,DrainPunch,SuckerPunch|Adamant||F|||50|]Sneasler||WhiteHerb|Unburden|FakeOut,CloseCombat,DireClaw,RockTomb|Adamant||M|||50|\n|showteam|p2|Staraptor||Staraptite|Intimidate|Protect,Tailwind,CloseCombat,DualWingbeat|Jolly||M|||50|]Raichu||RaichuniteY|LightningRod|Protect,ZapCannon,FocusBlast,FakeOut|Timid||M|||50|]Sylveon||FairyFeather|Pixilate|Detect,HyperBeam,HyperVoice,QuickAttack|Modest||F|||50|]Farigiraf||SitrusBerry|ArmorTail|TrickRoom,HelpingHand,Psychic,Thunderbolt|Calm||F|||50|]Arcanine-Hisui||FocusSash|Intimidate|FlareBlitz,ExtremeSpeed,HeadSmash,Protect|Jolly||M|||50|]Kingambit||LifeOrb|Defiant|Protect,SuckerPunch,SwordsDance,KowtowCleave|Adamant||F|||50|\n|inactive|Battle timer is ON: inactive players will automatically lose when time's up. (requested by okkia3)\n|\n|t:|1788426260\n|teamsize|p1|4\n|teamsize|p2|4\n|start\n|switch|p1a: Basculegion|Basculegion, L50, M|100/100\n|switch|p1b: Sneasler|Sneasler, L50, M|100/100\n|switch|p2a: Farigiraf|Farigiraf, L50, F|100/100\n|switch|p2b: Raichu|Raichu, L50, M|100/100\n|turn|1\n|\n|t:|1788426276\n|move|p2b: Raichu|Protect|p2b: Raichu\n|-singleturn|p2b: Raichu|Protect\n|move|p1a: Basculegion|Flip Turn|p2b: Raichu\n|-activate|p2b: Raichu|move: Protect\n|move|p1b: Sneasler|Close Combat|p2b: Raichu\n|-activate|p2b: Raichu|move: Protect\n|move|p2a: Farigiraf|Psychic|p1b: Sneasler\n|-supereffective|p1b: Sneasler|2\n|-damage|p1b: Sneasler|0 fnt\n|faint|p1b: Sneasler\n|\n|upkeep\n|\n|t:|1788426277\n|switch|p1b: Kangaskhan|Kangaskhan, L50, F|100/100\n|turn|2\n|inactive|tald56 has 30 seconds left.\n|\n|t:|1788426308\n|detailschange|p2b: Raichu|Raichu-Mega-Y, L50, M\n|-mega|p2b: Raichu|Raichu|Raichunite Y\n|detailschange|p1b: Kangaskhan|Kangaskhan-Mega, L50, F\n|-mega|p1b: Kangaskhan|Kangaskhan|Kangaskhanite\n|move|p1a: Basculegion|Flip Turn|p2b: Raichu\n|-damage|p2b: Raichu|35/100\n|\n|t:|1788426308\n|switch|p1a: Farigiraf|Farigiraf, L50, F|100/100|[from] Flip Turn\n|move|p2b: Raichu|Focus Blast|p1b: Kangaskhan\n|-supereffective|p1b: Kangaskhan|1\n|-damage|p1b: Kangaskhan|21/100\n|move|p1b: Kangaskhan|Double-Edge|p2b: Raichu\n|-damage|p2b: Raichu|0 fnt\n|faint|p2b: Raichu\n|-damage|p1b: Kangaskhan|11/100|[from] Recoil\n|move|p2a: Farigiraf|Psychic|p1a: Farigiraf\n|-resisted|p1a: Farigiraf|1\n|-damage|p1a: Farigiraf|84/100\n|\n|upkeep\n|\n|t:|1788426330\n|switch|p2b: Arcanine|Arcanine-Hisui, L50, M|100/100\n|-ability|p2b: Arcanine|Intimidate|boost\n|-unboost|p1a: Farigiraf|atk|1\n|-unboost|p1b: Kangaskhan|atk|1\n|turn|3\n|\n|t:|1788426338\n|move|p2b: Arcanine|Flare Blitz|p1b: Kangaskhan\n|-damage|p1b: Kangaskhan|0 fnt\n|faint|p1b: Kangaskhan\n|-damage|p2b: Arcanine|95/100|[from] Recoil\n|move|p1a: Farigiraf|Psychic|p2b: Arcanine\n|-damage|p2b: Arcanine|47/100\n|move|p2a: Farigiraf|Psychic|p1a: Farigiraf\n|-resisted|p1a: Farigiraf|1\n|-crit|p1a: Farigiraf\n|-damage|p1a: Farigiraf|62/100\n|\n|upkeep\n|\n|t:|1788426338\n|switch|p1b: Basculegion|Basculegion, L50, M|100/100\n|turn|4\n|\n|t:|1788426350\n|move|p1b: Basculegion|Wave Crash|p2b: Arcanine\n|-supereffective|p2b: Arcanine|2\n|-damage|p2b: Arcanine|0 fnt\n|faint|p2b: Arcanine\n|-damage|p1b: Basculegion|86/100|[from] Recoil\n|move|p1a: Farigiraf|Psychic|p2a: Farigiraf\n|-resisted|p2a: Farigiraf|1\n|-damage|p2a: Farigiraf|84/100\n|move|p2a: Farigiraf|Thunderbolt|p1b: Basculegion\n|-supereffective|p1b: Basculegion|1\n|-damage|p1b: Basculegion|36/100\n|\n|upkeep\n|\n|t:|1788426361\n|switch|p2b: Kingambit|Kingambit, L50, F|100/100\n|turn|5\n|\n|t:|1788426371\n|move|p1b: Basculegion|Wave Crash|p2a: Farigiraf\n|-damage|p2a: Farigiraf|13/100\n|-enditem|p2a: Farigiraf|Sitrus Berry|[eat]\n|-heal|p2a: Farigiraf|38/100|[from] item: Sitrus Berry\n|-damage|p1b: Basculegion|10/100|[from] Recoil\n|move|p1a: Farigiraf|Hyper Voice|p2a: Farigiraf|[spread] p2a,p2b\n|-resisted|p2b: Kingambit|1\n|-damage|p2a: Farigiraf|14/100\n|-damage|p2b: Kingambit|84/100\n|move|p2a: Farigiraf|Thunderbolt|p1b: Basculegion\n|-supereffective|p1b: Basculegion|1\n|-damage|p1b: Basculegion|0 fnt\n|faint|p1b: Basculegion\n|move|p2b: Kingambit|Kowtow Cleave|p1a: Farigiraf\n|-supereffective|p1a: Farigiraf|1\n|-damage|p1a: Farigiraf|0 fnt\n|faint|p1a: Farigiraf\n|-damage|p2b: Kingambit|74/100|[from] item: Life Orb\n|\n|win|tald56\n|raw|okkia3's rating: 1056 &rarr; <strong>1038</strong><br />(-18 for losing)\n|raw|tald56's rating: 1071 &rarr; <strong>1099</strong><br />(+28 for winning)\n","uploadtime":1788426371,"views":"4","formatid":"gen9championsvgc2026regmbbo3","rating":1038,"private":0,"password":null}