{"id":"gen9championsvgc2026regmbbo3-2675038126","format":"[Gen 9 Champions] VGC 2026 Reg M-B (Bo3)","players":["ataaj83","kleimor"],"log":"|j|☆ataaj83\n|j|☆kleimor\n|html|<table width=\"100%\"><tr><td align=\"left\">ataaj83</td><td align=\"right\">kleimor</tr><tr><td align=\"left\"><i class=\"fa fa-circle\"></i> <i class=\"fa fa-circle-o\"></i> </td><td align=\"right\"><i class=\"fa fa-circle-o\"></i> <i class=\"fa fa-circle-o\"></i> </tr></table>\n|uhtml|bestof|<h2><strong>Game 2</strong> of <a href=\"/game-bestof3-gen9championsvgc2026regmbbo3-2675036233\">a best-of-3</a></h2>\n|t:|1788451625\n|gametype|doubles\n|player|p1|ataaj83|102|1168\n|player|p2|kleimor|waitress|1239\n|gen|9\n|tier|[Gen 9 Champions] VGC 2026 Reg M-B (Bo3)\n|rated|\n|rule|Species Clause: Limit one of each Pokémon\n|rule|Item Clause: Limit 1 of each item\n|clearpoke\n|poke|p1|Charizard, L50, M|\n|poke|p1|Basculegion, L50, M|\n|poke|p1|Farigiraf, L50, F|\n|poke|p1|Garchomp, L50, M|\n|poke|p1|Kingambit, L50, M|\n|poke|p1|Incineroar, L50, F|\n|poke|p2|Froslass, L50, F|\n|poke|p2|Garchomp, L50, M|\n|poke|p2|Kingambit, L50, M|\n|poke|p2|Sinistcha, L50|\n|poke|p2|Staraptor, L50, F, shiny|\n|poke|p2|Whimsicott, L50, M|\n|teampreview|4\n|showteam|p1|Charizard||CharizarditeY|Blaze|AncientPower,HeatWave,SolarBeam,Protect|Timid||M|||50|]Basculegion||ChoiceScarf|Adaptability|AquaJet,FlipTurn,LastRespects,WaveCrash|Jolly||M|||50|]Farigiraf||ColburBerry|ArmorTail|DazzlingGleam,TwinBeam,TrickRoom,Protect|Modest||F|||50|]Garchomp||LifeOrb|RoughSkin|DragonClaw,StompingTantrum,Protect,RockSlide|Jolly||M|||50|]Kingambit||ChopleBerry|Defiant|KowtowCleave,IronHead,SuckerPunch,Protect|Adamant||M|||50|]Incineroar||SitrusBerry|Intimidate|DarkestLariat,FakeOut,FlareBlitz,PartingShot|Impish||F|||50|\n|showteam|p2|Froslass||Froslassite|SnowCloak|Blizzard,ShadowBall,AuroraVeil,Protect|Timid||F|||50|]Garchomp||ChoiceScarf|RoughSkin|RockSlide,StompingTantrum,PoisonJab,DragonClaw|Adamant||M|||50|]Kingambit||ChopleBerry|Defiant|KowtowCleave,SuckerPunch,IronHead,Protect|Adamant||M|||50|]Sinistcha||ColburBerry|Hospitality|TrickRoom,MatchaGotcha,RagePowder,Protect|Bold|||||50|]Staraptor||Staraptite|Intimidate|CloseCombat,BraveBird,Protect,Roost|Jolly||F|||50|]Whimsicott||FocusSash|Prankster|Charm,Tailwind,Protect,Moonblast|Timid||M|||50|\n|inactive|Battle timer is ON: inactive players will automatically lose when time's up. (requested by kleimor)\n|\n|t:|1788451651\n|teamsize|p1|4\n|teamsize|p2|4\n|start\n|switch|p1a: Kingambit|Kingambit, L50, M|100/100\n|switch|p1b: Incineroar|Incineroar, L50, F|100/100\n|switch|p2a: Froslass|Froslass, L50, F|100/100\n|switch|p2b: Garchomp|Garchomp, L50, M|100/100\n|-ability|p1b: Incineroar|Intimidate|boost\n|-unboost|p2a: Froslass|atk|1\n|-unboost|p2b: Garchomp|atk|1\n|turn|1\n|\n|t:|1788451673\n|detailschange|p2a: Froslass|Froslass-Mega, L50, F\n|-mega|p2a: Froslass|Froslass|Froslassite\n|-weather|Snowscape|[from] ability: Snow Warning|[of] p2a: Froslass\n|move|p1b: Incineroar|Fake Out|p2b: Garchomp\n|-damage|p2b: Garchomp|89/100\n|-damage|p1b: Incineroar|87/100|[from] ability: Rough Skin|[of] p2b: Garchomp\n|cant|p2b: Garchomp|flinch\n|move|p2a: Froslass|Aurora Veil|p2a: Froslass\n|-sidestart|p2: kleimor|move: Aurora Veil\n|move|p1a: Kingambit|Kowtow Cleave|p2a: Froslass\n|-supereffective|p2a: Froslass|1\n|-damage|p2a: Froslass|36/100\n|\n|-weather|Snowscape|[upkeep]\n|upkeep\n|turn|2\n|inactive|kleimor has 30 seconds left.\n|\n|t:|1788451699\n|switch|p2a: Kingambit|Kingambit, L50, M|100/100\n|move|p1a: Kingambit|Protect|p1a: Kingambit\n|-singleturn|p1a: Kingambit|Protect\n|move|p2b: Garchomp|Stomping Tantrum|p1a: Kingambit\n|-activate|p1a: Kingambit|move: Protect\n|move|p1b: Incineroar|Parting Shot|p2b: Garchomp\n|-unboost|p2b: Garchomp|atk|1\n|-unboost|p2b: Garchomp|spa|1\n|\n|t:|1788451710\n|switch|p1b: Garchomp|Garchomp, L50, M|100/100|[from] Parting Shot\n|\n|-weather|Snowscape|[upkeep]\n|upkeep\n|turn|3\n|\n|t:|1788451720\n|switch|p2b: Sinistcha|Sinistcha, L50|100/100\n|move|p1a: Kingambit|Sucker Punch||[still]\n|-fail|p1a: Kingambit\n|move|p1b: Garchomp|Dragon Claw|p2b: Sinistcha\n|-damage|p2b: Sinistcha|73/100\n|-damage|p1b: Garchomp|90/100|[from] item: Life Orb\n|move|p2a: Kingambit|Kowtow Cleave|p1b: Garchomp\n|-damage|p1b: Garchomp|41/100\n|-damage|p2a: Kingambit|87/100|[from] ability: Rough Skin|[of] p1b: Garchomp\n|\n|-weather|Snowscape|[upkeep]\n|upkeep\n|turn|4\n|inactive|kleimor has 30 seconds left.\n|\n|t:|1788451753\n|move|p1b: Garchomp|Protect|p1b: Garchomp\n|-singleturn|p1b: Garchomp|Protect\n|move|p2b: Sinistcha|Matcha Gotcha|p1b: Garchomp|[spread] p1a\n|-activate|p1b: Garchomp|move: Protect\n|-resisted|p1a: Kingambit|1\n|-damage|p1a: Kingambit|88/100\n|-heal|p2b: Sinistcha|80/100|[from] drain|[of] p1a: Kingambit\n|move|p2a: Kingambit|Kowtow Cleave|p1b: Garchomp\n|-activate|p1b: Garchomp|move: Protect\n|move|p1a: Kingambit|Kowtow Cleave|p2b: Sinistcha\n|-supereffective|p2b: Sinistcha|1\n|-enditem|p2b: Sinistcha|Colbur Berry|[eat]\n|-enditem|p2b: Sinistcha|Colbur Berry|[weaken]\n|-damage|p2b: Sinistcha|53/100\n|\n|-weather|Snowscape|[upkeep]\n|upkeep\n|turn|5\n|inactive|ataaj83 has 30 seconds left.\n|\n|t:|1788451778\n|switch|p1b: Incineroar|Incineroar, L50, F|87/100\n|-ability|p1b: Incineroar|Intimidate|boost\n|-unboost|p2a: Kingambit|atk|1\n|-ability|p2a: Kingambit|Defiant|boost\n|-boost|p2a: Kingambit|atk|2\n|-unboost|p2b: Sinistcha|atk|1\n|move|p2b: Sinistcha|Matcha Gotcha|p1b: Incineroar|[spread] p1a,p1b\n|-resisted|p1a: Kingambit|1\n|-resisted|p1b: Incineroar|1\n|-damage|p1a: Kingambit|76/100\n|-heal|p2b: Sinistcha|60/100|[from] drain|[of] p1a: Kingambit\n|-damage|p1b: Incineroar|77/100\n|-heal|p2b: Sinistcha|66/100|[from] drain|[of] p1b: Incineroar\n|move|p2a: Kingambit|Kowtow Cleave|p1b: Incineroar\n|-resisted|p1b: Incineroar|1\n|-damage|p1b: Incineroar|52/100\n|move|p1a: Kingambit|Kowtow Cleave|p2b: Sinistcha\n|-supereffective|p2b: Sinistcha|1\n|-damage|p2b: Sinistcha|17/100\n|\n|-weather|none\n|-sideend|p2: kleimor|move: Aurora Veil\n|upkeep\n|turn|6\n|inactive|ataaj83 has 30 seconds left.\n|inactive|kleimor has 30 seconds left.\n|inactive|ataaj83 has 20 seconds left.\n|\n|t:|1788451815\n|switch|p2b: Garchomp|Garchomp, L50, M|89/100\n|move|p2a: Kingambit|Protect|p2a: Kingambit\n|-singleturn|p2a: Kingambit|Protect\n|move|p1b: Incineroar|Fake Out|p2a: Kingambit\n|-activate|p2a: Kingambit|move: Protect\n|move|p1a: Kingambit|Kowtow Cleave|p2b: Garchomp\n|-damage|p2b: Garchomp|44/100\n|-damage|p1a: Kingambit|64/100|[from] ability: Rough Skin|[of] p2b: Garchomp\n|\n|upkeep\n|turn|7\n|\n|t:|1788451833\n|switch|p1a: Basculegion|Basculegion, L50, M|100/100\n|move|p2b: Garchomp|Stomping Tantrum|p1b: Incineroar\n|-supereffective|p1b: Incineroar|1\n|-damage|p1b: Incineroar|0 fnt\n|faint|p1b: Incineroar\n|move|p2a: Kingambit|Kowtow Cleave|p1a: Basculegion\n|-supereffective|p1a: Basculegion|1\n|-damage|p1a: Basculegion|0 fnt\n|faint|p1a: Basculegion\n|\n|upkeep\n|\n|t:|1788451844\n|switch|p1a: Garchomp|Garchomp, L50, M|41/100\n|switch|p1b: Kingambit|Kingambit, L50, M|64/100\n|turn|8\n|\n|t:|1788451866\n|switch|p2a: Sinistcha|Sinistcha, L50|17/100\n|-heal|p2b: Garchomp|69/100|[from] ability: Hospitality|[of] p2a: Sinistcha\n|move|p1b: Kingambit|Protect|p1b: Kingambit\n|-singleturn|p1b: Kingambit|Protect\n|move|p2b: Garchomp|Stomping Tantrum|p1b: Kingambit\n|-activate|p1b: Kingambit|move: Protect\n|move|p1a: Garchomp|Dragon Claw|p2b: Garchomp\n|-supereffective|p2b: Garchomp|1\n|-damage|p2b: Garchomp|0 fnt\n|-damage|p1a: Garchomp|28/100|[from] ability: Rough Skin|[of] p2b: Garchomp\n|faint|p2b: Garchomp\n|-damage|p1a: Garchomp|18/100|[from] item: Life Orb\n|\n|upkeep\n|\n|t:|1788451876\n|switch|p2b: Kingambit|Kingambit, L50, M|87/100\n|turn|9\n|\n|t:|1788451890\n|move|p1a: Garchomp|Protect|p1a: Garchomp\n|-singleturn|p1a: Garchomp|Protect\n|move|p2a: Sinistcha|Rage Powder|p2a: Sinistcha\n|-singleturn|p2a: Sinistcha|move: Rage Powder\n|move|p2b: Kingambit|Kowtow Cleave|p1b: Kingambit\n|-resisted|p1b: Kingambit|1\n|-damage|p1b: Kingambit|46/100\n|move|p1b: Kingambit|Kowtow Cleave|p2a: Sinistcha\n|-supereffective|p2a: Sinistcha|1\n|-damage|p2a: Sinistcha|0 fnt\n|faint|p2a: Sinistcha\n|\n|upkeep\n|\n|t:|1788451898\n|switch|p2a: Froslass|Froslass-Mega, L50, F|36/100\n|-weather|Snowscape|[from] ability: Snow Warning|[of] p2a: Froslass\n|turn|10\n|\n|t:|1788451909\n|move|p2a: Froslass|Protect|p2a: Froslass\n|-singleturn|p2a: Froslass|Protect\n|move|p2b: Kingambit|Sucker Punch|p1a: Garchomp\n|-damage|p1a: Garchomp|0 fnt\n|-damage|p2b: Kingambit|75/100|[from] ability: Rough Skin|[of] p1a: Garchomp\n|faint|p1a: Garchomp\n|move|p1b: Kingambit|Sucker Punch||[still]\n|-fail|p1b: Kingambit\n|\n|-weather|Snowscape|[upkeep]\n|upkeep\n|turn|11\n|\n|t:|1788451919\n|move|p1b: Kingambit|Sucker Punch||[still]\n|-fail|p1b: Kingambit\n|move|p2a: Froslass|Aurora Veil|p2a: Froslass\n|-sidestart|p2: kleimor|move: Aurora Veil\n|move|p2b: Kingambit|Kowtow Cleave|p1b: Kingambit\n|-resisted|p1b: Kingambit|1\n|-damage|p1b: Kingambit|29/100\n|\n|-weather|Snowscape|[upkeep]\n|upkeep\n|turn|12\n|-message|ataaj83 forfeited.\n|\n|win|kleimor\n|l|☆ataaj83\n|player|p1|\n||kleimor is ready for game 3.\n||ataaj83 is ready for game 3.\n|uhtml|next|Next: <a href=\"/battle-gen9championsvgc2026regmbbo3-2675040790\"><strong>Game 3 of 3</strong></a>\n|l|☆kleimor\n|player|p2|\n|j|☆kleimor\n|player|p2|kleimor|waitress|\n","uploadtime":1788452166,"views":"3","formatid":"gen9championsvgc2026regmbbo3","rating":null,"private":0,"password":null}