{"id":"gen9championsvgc2026regmbbo3-2673523128","format":"[Gen 9 Champions] VGC 2026 Reg M-B (Bo3)","players":["tchat 28","humania1"],"log":"|j|☆tchat 28\n|j|☆humania1\n|html|<table width=\"100%\"><tr><td align=\"left\">tchat 28</td><td align=\"right\">humania1</tr><tr><td align=\"left\"><i class=\"fa fa-circle-o\"></i> <i class=\"fa fa-circle-o\"></i> </td><td align=\"right\"><i class=\"fa fa-circle-o\"></i> <i class=\"fa fa-circle\"></i> </tr></table>\n|uhtml|bestof|<h2><strong>Game 2</strong> of <a href=\"/game-bestof3-gen9championsvgc2026regmbbo3-2673521399\">a best-of-3</a></h2>\n|t:|1788208198\n|gametype|doubles\n|player|p1|tchat 28|101|1201\n|player|p2|humania1|170|1069\n|gen|9\n|tier|[Gen 9 Champions] VGC 2026 Reg M-B (Bo3)\n|rated|\n|rule|Species Clause: Limit one of each Pokémon\n|rule|Item Clause: Limit 1 of each item\n|clearpoke\n|poke|p1|Staraptor, L50, M|\n|poke|p1|Whimsicott, L50, F|\n|poke|p1|Sneasler, L50, M|\n|poke|p1|Sinistcha, L50|\n|poke|p1|Archaludon, L50, M|\n|poke|p1|Delphox, L50, F|\n|poke|p2|Blastoise, L50, M|\n|poke|p2|Delphox, L50, M, shiny|\n|poke|p2|Incineroar, L50, F|\n|poke|p2|Sinistcha, L50|\n|poke|p2|Sneasler, L50, F|\n|poke|p2|Vivillon, L50, F|\n|teampreview|4\n|showteam|p1|Staraptor||Staraptite|Intimidate|DualWingbeat,CloseCombat,Protect,Roost|Adamant||M|||50|]Whimsicott||FocusSash|Prankster|EnergyBall,Charm,Tailwind,Encore|Modest||F|||50|]Sneasler||LifeOrb|PoisonTouch|FakeOut,RockSlide,DireClaw,CloseCombat|Adamant||M|||50|]Sinistcha||SitrusBerry|Hospitality|MatchaGotcha,LifeDew,RagePowder,StrengthSap|Bold|||||50|]Archaludon||Leftovers|Stamina|Snarl,BreakingSwipe,FlashCannon,Thunderbolt|Serious||M|||50|]Delphox||Delphoxite|Blaze|HeatWave,Psychic,ShadowBall,Protect|Timid||F|||50|\n|showteam|p2|Blastoise||Blastoisinite|Torrent|Protect,ShellSmash,WaterSpout,DarkPulse|Modest||M|||50|]Delphox||Delphoxite|Blaze|Protect,HeatWave,Psyshock,NastyPlot|Timid||M|||50|]Incineroar||PasshoBerry|Intimidate|FakeOut,PartingShot,FlareBlitz,ThroatChop|Impish||F|||50|]Sinistcha||SitrusBerry|Hospitality|Protect,MatchaGotcha,TrickRoom,RagePowder|Bold|||||50|]Sneasler||FocusSash|PoisonTouch|QuickGuard,FakeOut,CloseCombat,DireClaw|Jolly||F|||50|]Vivillon||ChoiceScarf|CompoundEyes|Hurricane,SleepPowder,RagePowder,Uturn|Timid||F|||50|\n|inactive|Battle timer is ON: inactive players will automatically lose when time's up. (requested by humania1)\n|j| nosehabladebruno\n|\n|t:|1788208218\n|teamsize|p1|4\n|teamsize|p2|4\n|start\n|switch|p1a: Delphox|Delphox, L50, F|100/100\n|switch|p1b: Sneasler|Sneasler, L50, M|100/100\n|switch|p2a: Blastoise|Blastoise, L50, M|100/100\n|switch|p2b: Delphox|Delphox, L50, M, shiny|100/100\n|turn|1\n|inactive|tchat 28 has 30 seconds left.\n|inactive|tchat 28 has 20 seconds left.\n|inactive|tchat 28 has 15 seconds left.\n|inactive|tchat 28 has 10 seconds left.\n|\n|t:|1788208265\n|detailschange|p1a: Delphox|Delphox-Mega, L50, F\n|-mega|p1a: Delphox|Delphox|Delphoxite\n|detailschange|p2a: Blastoise|Blastoise-Mega, L50, M\n|-mega|p2a: Blastoise|Blastoise|Blastoisinite\n|move|p1a: Delphox|Psychic|p2a: Blastoise\n|-crit|p2a: Blastoise\n|-damage|p2a: Blastoise|16/100\n|move|p1b: Sneasler|Dire Claw|p2a: Blastoise\n|-damage|p2a: Blastoise|0 fnt\n|faint|p2a: Blastoise\n|-damage|p1b: Sneasler|90/100|[from] item: Life Orb\n|move|p2b: Delphox|Psyshock|p1b: Sneasler\n|-supereffective|p1b: Sneasler|2\n|-damage|p1b: Sneasler|0 fnt\n|faint|p1b: Sneasler\n|\n|upkeep\n|\n|t:|1788208280\n|switch|p1b: Whimsicott|Whimsicott, L50, F|100/100\n|switch|p2a: Incineroar|Incineroar, L50, F|100/100\n|-ability|p2a: Incineroar|Intimidate|boost\n|-unboost|p1a: Delphox|atk|1\n|-unboost|p1b: Whimsicott|atk|1\n|turn|2\n|inactive|humania1 has 30 seconds left.\n|\n|t:|1788208310\n|move|p1a: Delphox|Protect|p1a: Delphox\n|-singleturn|p1a: Delphox|Protect\n|move|p1b: Whimsicott|Encore|p2b: Delphox\n|-start|p2b: Delphox|Encore\n|move|p2b: Delphox|Psyshock|p1b: Whimsicott\n|-damage|p1b: Whimsicott|49/100\n|move|p2a: Incineroar|Flare Blitz|p1b: Whimsicott\n|-supereffective|p1b: Whimsicott|1\n|-damage|p1b: Whimsicott|0 fnt\n|faint|p1b: Whimsicott\n|-damage|p2a: Incineroar|89/100|[from] Recoil\n|\n|upkeep\n|\n|t:|1788208321\n|switch|p1b: Sinistcha|Sinistcha, L50|100/100\n|turn|3\n|\n|t:|1788208345\n|switch|p2b: Sinistcha|Sinistcha, L50|100/100\n|-heal|p2a: Incineroar|100/100|[from] ability: Hospitality|[of] p2b: Sinistcha\n|move|p1a: Delphox|Shadow Ball|p2b: Sinistcha\n|-supereffective|p2b: Sinistcha|1\n|-damage|p2b: Sinistcha|39/100\n|-enditem|p2b: Sinistcha|Sitrus Berry|[eat]\n|-heal|p2b: Sinistcha|64/100|[from] item: Sitrus Berry\n|move|p2a: Incineroar|Throat Chop|p1a: Delphox\n|-supereffective|p1a: Delphox|1\n|-damage|p1a: Delphox|11/100\n|-start|p1a: Delphox|Throat Chop|[silent]\n|move|p1b: Sinistcha|Matcha Gotcha|p2a: Incineroar|[spread] p2a,p2b\n|-resisted|p2a: Incineroar|1\n|-resisted|p2b: Sinistcha|1\n|-damage|p2a: Incineroar|88/100\n|-damage|p2b: Sinistcha|54/100\n|-status|p2b: Sinistcha|brn\n|\n|-damage|p2b: Sinistcha|48/100 brn|[from] brn\n|upkeep\n|turn|4\n|inactive|humania1 has 30 seconds left.\n|\n|t:|1788208379\n|move|p1b: Sinistcha|Rage Powder|p1b: Sinistcha\n|-singleturn|p1b: Sinistcha|move: Rage Powder\n|move|p1a: Delphox|Shadow Ball|p2b: Sinistcha\n|-supereffective|p2b: Sinistcha|1\n|-damage|p2b: Sinistcha|0 fnt\n|faint|p2b: Sinistcha\n|move|p2a: Incineroar|Throat Chop|p1b: Sinistcha\n|-supereffective|p1b: Sinistcha|1\n|-damage|p1b: Sinistcha|39/100\n|-start|p1b: Sinistcha|Throat Chop|[silent]\n|-enditem|p1b: Sinistcha|Sitrus Berry|[eat]\n|-heal|p1b: Sinistcha|64/100|[from] item: Sitrus Berry\n|\n|-end|p1a: Delphox|Throat Chop|[silent]\n|upkeep\n|\n|t:|1788208380\n|switch|p2b: Delphox|Delphox, L50, M, shiny|100/100\n|turn|5\n|\n|t:|1788208398\n|move|p1a: Delphox|Shadow Ball|p2b: Delphox\n|-supereffective|p2b: Delphox|1\n|-damage|p2b: Delphox|23/100\n|move|p2b: Delphox|Heat Wave|p1a: Delphox|[spread] p1a,p1b\n|-resisted|p1a: Delphox|1\n|-supereffective|p1b: Sinistcha|1\n|-damage|p1a: Delphox|0 fnt\n|-damage|p1b: Sinistcha|0 fnt\n|faint|p1a: Delphox\n|faint|p1b: Sinistcha\n|\n|win|humania1\n|raw|tchat 28's rating: 1201 &rarr; <strong>1167</strong><br />(-34 for losing)\n|raw|humania1's rating: 1069 &rarr; <strong>1109</strong><br />(+40 for winning)\n","uploadtime":1788208399,"views":"0","formatid":"gen9championsvgc2026regmbbo3","rating":1109,"private":0,"password":null}