{"id":"gen9championsvgc2026regmb-2673921476","format":"[Gen 9 Champions] VGC 2026 Reg M-B","players":["datrash","practor 007"],"log":"|j|☆datrash\n|j|☆practor 007\n|html|<table width=\"100%\"><tr><td align=\"left\">datrash</td><td align=\"right\">practor 007</tr><tr><td align=\"left\"><i class=\"fa fa-circle-o\"></i> <i class=\"fa fa-circle-o\"></i> </td><td align=\"right\"><i class=\"fa fa-circle-o\"></i> <i class=\"fa fa-circle-o\"></i> </tr></table>\n|uhtml|bestof|<h2><strong>Game 1</strong> of <a href=\"/game-bestof3-gen9championsvgc2026regmb-2673921475\">a best-of-3</a></h2>\n|t:|1788277383\n|gametype|doubles\n|player|p1|datrash|nate|\n|player|p2|practor 007|piers-masters|\n|gen|9\n|tier|[Gen 9 Champions] VGC 2026 Reg M-B\n|rule|Species Clause: Limit one of each Pokémon\n|rule|Item Clause: Limit 1 of each item\n|raw|<div class=\"infobox\"><details class=\"readmore\" open><summary><strong>1 custom rule:</strong></summary> Best of = 3</details></div>\n|clearpoke\n|poke|p1|Swampert, L50, M, shiny|\n|poke|p1|Pelipper, L50, M, shiny|\n|poke|p1|Archaludon, L50, M, shiny|\n|poke|p1|Metagross, L50, shiny|\n|poke|p1|Sableye, L50, F, shiny|\n|poke|p1|Basculegion, L50, M, shiny|\n|poke|p2|Conkeldurr, L50, M|\n|poke|p2|Hatterene, L50, F|\n|poke|p2|Ampharos, L50, M, shiny|\n|poke|p2|Incineroar, L50, F|\n|poke|p2|Torkoal, L50, F|\n|poke|p2|Skarmory, L50, F|\n|teampreview|4\n|inactive|Battle timer is ON: inactive players will automatically lose when time's up. (requested by practor 007)\n|c|☆practor 007|Glhf\npractor 007 rejected open team sheets.\n|c|☆datrash|glhf\n|c|☆practor 007|Thx\n|inactive|datrash has 60 seconds left.\n|\n|t:|1788277426\n|teamsize|p1|4\n|teamsize|p2|4\n|start\n|switch|p1a: Swampert|Swampert, L50, M, shiny|100/100\n|switch|p1b: Sableye|Sableye, L50, F, shiny|100/100\n|switch|p2a: Hatterene|Hatterene, L50, F|100/100\n|switch|p2b: Torkoal|Torkoal, L50, F|100/100\n|-weather|SunnyDay|[from] ability: Drought|[of] p2b: Torkoal\n|turn|1\n|\n|t:|1788277448\n|switch|p2b: Skarmory|Skarmory, L50, F|100/100\n|detailschange|p1a: Swampert|Swampert-Mega, L50, M, shiny\n|-mega|p1a: Swampert|Swampert|Swampertite\n|move|p2a: Hatterene|Protect|p2a: Hatterene\n|-singleturn|p2a: Hatterene|Protect\n|move|p1b: Sableye|Rain Dance|p1b: Sableye\n|-weather|RainDance\n|move|p1a: Swampert|Wave Crash|p2a: Hatterene\n|-activate|p2a: Hatterene|move: Protect\n|\n|-weather|RainDance|[upkeep]\n|upkeep\n|turn|2\n|inactive|datrash has 30 seconds left.\n|\n|t:|1788277480\n|detailschange|p2b: Skarmory|Skarmory-Mega, L50, F\n|-mega|p2b: Skarmory|Skarmory|Skarmorite\n|move|p1b: Sableye|Encore|p2a: Hatterene\n|move|p2a: Hatterene|Encore||[from] ability: Magic Bounce|[still]\n|-fail|p2a: Hatterene\n|move|p1a: Swampert|Wave Crash|p2b: Skarmory\n|-damage|p2b: Skarmory|0 fnt\n|faint|p2b: Skarmory\n|-damage|p1a: Swampert|67/100|[from] Recoil\n|move|p2a: Hatterene|Trick Room|p2a: Hatterene\n|-fieldstart|move: Trick Room|[of] p2a: Hatterene\n|\n|-weather|RainDance|[upkeep]\n|upkeep\n|\n|t:|1788277491\n|switch|p2b: Conkeldurr|Conkeldurr, L50, M|100/100\n|turn|3\n|\n|t:|1788277508\n|move|p1a: Swampert|Protect|p1a: Swampert\n|-singleturn|p1a: Swampert|Protect\n|move|p2a: Hatterene|Dazzling Gleam|p1b: Sableye|[spread] p1b\n|-activate|p1a: Swampert|move: Protect\n|-supereffective|p1b: Sableye|1\n|-enditem|p1b: Sableye|Roseli Berry|[eat]\n|-enditem|p1b: Sableye|Roseli Berry|[weaken]\n|-damage|p1b: Sableye|69/100\n|move|p2b: Conkeldurr|Drain Punch|p1a: Swampert\n|-activate|p1a: Swampert|move: Protect\n|move|p1b: Sableye|Knock Off|p2a: Hatterene\n|-damage|p2a: Hatterene|72/100\n|-enditem|p2a: Hatterene|Focus Sash|[from] move: Knock Off|[of] p1b: Sableye\n|\n|-weather|RainDance|[upkeep]\n|upkeep\n|turn|4\n|c|☆practor 007|Encoring the goat really?\n|\n|t:|1788277532\n|switch|p1a: Basculegion|Basculegion, L50, M, shiny|100/100\n|move|p2a: Hatterene|Dazzling Gleam|p1a: Basculegion|[spread] p1a,p1b\n|-supereffective|p1b: Sableye|1\n|-damage|p1a: Basculegion|67/100\n|-damage|p1b: Sableye|10/100\n|move|p2b: Conkeldurr|Drain Punch|p1a: Basculegion\n|-immune|p1a: Basculegion\n|move|p1b: Sableye|Knock Off|p2b: Conkeldurr\n|-resisted|p2b: Conkeldurr|1\n|-damage|p2b: Conkeldurr|88/100\n|-enditem|p2b: Conkeldurr|Life Orb|[from] move: Knock Off|[of] p1b: Sableye\n|\n|-weather|RainDance|[upkeep]\n|upkeep\n|turn|5\n|inactive|datrash has 30 seconds left.\n|\n|t:|1788277560\n|move|p2a: Hatterene|Dazzling Gleam|p1b: Sableye|[spread] p1a,p1b\n|-supereffective|p1b: Sableye|1\n|-damage|p1a: Basculegion|35/100\n|-damage|p1b: Sableye|0 fnt\n|faint|p1b: Sableye\n|move|p2b: Conkeldurr|Knock Off|p1a: Basculegion\n|-supereffective|p1a: Basculegion|1\n|-damage|p1a: Basculegion|0 fnt\n|-enditem|p1a: Basculegion|Rindo Berry|[from] move: Knock Off|[of] p2b: Conkeldurr\n|faint|p1a: Basculegion\n|\n|-weather|none\n|upkeep\n|\n|t:|1788277566\n|switch|p1b: Swampert|Swampert-Mega, L50, M, shiny|67/100\n|switch|p1a: Pelipper|Pelipper, L50, M, shiny|100/100\n|-weather|RainDance|[from] ability: Drizzle|[of] p1a: Pelipper\n|turn|6\n|\n|t:|1788277585\n|switch|p2a: Torkoal|Torkoal, L50, F|100/100\n|-weather|SunnyDay|[from] ability: Drought|[of] p2a: Torkoal\n|move|p1b: Swampert|Protect|p1b: Swampert\n|-singleturn|p1b: Swampert|Protect\n|move|p1a: Pelipper|Wide Guard|p1a: Pelipper\n|-singleturn|p1a: Pelipper|Wide Guard\n|move|p2b: Conkeldurr|Drain Punch|p1b: Swampert\n|-activate|p1b: Swampert|move: Protect\n|\n|-weather|SunnyDay|[upkeep]\n|-fieldend|move: Trick Room\n|upkeep\n|turn|7\n|\n|t:|1788277607\n|move|p1b: Swampert|Earthquake|p2b: Conkeldurr|[spread] p2a,p2b\n|-immune|p1a: Pelipper\n|-supereffective|p2a: Torkoal|1\n|-crit|p2a: Torkoal\n|-damage|p2a: Torkoal|0 fnt\n|-damage|p2b: Conkeldurr|45/100\n|faint|p2a: Torkoal\n|move|p1a: Pelipper|Hurricane|p2b: Conkeldurr|[miss]\n|-miss|p1a: Pelipper|p2b: Conkeldurr\n|move|p2b: Conkeldurr|Knock Off|p1a: Pelipper\n|-damage|p1a: Pelipper|44/100\n|-enditem|p1a: Pelipper|Focus Sash|[from] move: Knock Off|[of] p2b: Conkeldurr\n|\n|-weather|SunnyDay|[upkeep]\n|upkeep\n|\n|t:|1788277611\n|switch|p2a: Hatterene|Hatterene, L50, F|72/100\n|turn|8\n|\n|t:|1788277631\n|move|p2b: Conkeldurr|Protect|p2b: Conkeldurr\n|-singleturn|p2b: Conkeldurr|Protect\n|move|p1b: Swampert|Earthquake|p2b: Conkeldurr|[spread] p2a\n|-activate|p2b: Conkeldurr|move: Protect\n|-immune|p1a: Pelipper\n|-damage|p2a: Hatterene|20/100y\n|move|p1a: Pelipper|Hurricane|p2b: Conkeldurr\n|-activate|p2b: Conkeldurr|move: Protect\n|move|p2a: Hatterene|Trick Room|p2a: Hatterene\n|-fieldstart|move: Trick Room|[of] p2a: Hatterene\n|\n|-weather|SunnyDay|[upkeep]\n|upkeep\n|turn|9\n|\n|t:|1788277646\n|move|p1a: Pelipper|Wide Guard|p1a: Pelipper\n|-singleturn|p1a: Pelipper|Wide Guard\n|move|p2a: Hatterene|Heal Pulse|p2b: Conkeldurr\n|-heal|p2b: Conkeldurr|95/100\n|move|p2b: Conkeldurr|Knock Off|p1a: Pelipper\n|-crit|p1a: Pelipper\n|-damage|p1a: Pelipper|0 fnt\n|faint|p1a: Pelipper\n|move|p1b: Swampert|Earthquake|p2b: Conkeldurr|[spread] p2a,p2b\n|-damage|p2a: Hatterene|0 fnt\n|-damage|p2b: Conkeldurr|54/100\n|faint|p2a: Hatterene\n|\n|-weather|SunnyDay|[upkeep]\n|upkeep\n|turn|10\n|\n|t:|1788277664\n|move|p1b: Swampert|Protect|p1b: Swampert\n|-singleturn|p1b: Swampert|Protect\n|move|p2b: Conkeldurr|Drain Punch|p1b: Swampert\n|-activate|p1b: Swampert|move: Protect\n|\n|-weather|none\n|upkeep\n|turn|11\n|\n|t:|1788277670\n|move|p2b: Conkeldurr|Drain Punch|p1b: Swampert\n|-damage|p1b: Swampert|13/100\n|-heal|p2b: Conkeldurr|77/100|[from] drain|[of] p1b: Swampert\n|move|p1b: Swampert|Wave Crash|p2b: Conkeldurr\n|-damage|p2b: Conkeldurr|16/100\n|-damage|p1b: Swampert|0 fnt|[from] Recoil\n|faint|p1b: Swampert\n|\n|win|practor 007\n||practor 007 is ready for game 2.\n|c|☆datrash|gg\n|inactive|datrash has 30 seconds to confirm battle start!\n|c|☆practor 007|Gg\n|inactive|datrash has 20 seconds to confirm battle start!\n||datrash is ready for game 2.\n|uhtml|next|Next: <a href=\"/battle-gen9championsvgc2026regmb-2673924061\"><strong>Game 2 of 3</strong></a>\n","uploadtime":1788277679,"views":"18","formatid":"gen9championsvgc2026regmb","rating":null,"private":0,"password":null}