{"id":"gen9championsvgc2026regmbbo3-2674480842","format":"[Gen 9 Champions] VGC 2026 Reg M-B (Bo3)","players":["cookingorcooked2","Joriot"],"log":"|j|☆cookingorcooked2\n|j|☆Joriot\n|html|<table width=\"100%\"><tr><td align=\"left\">cookingorcooked2</td><td align=\"right\">Joriot</tr><tr><td align=\"left\"><i class=\"fa fa-circle\"></i> <i class=\"fa fa-circle-o\"></i> </td><td align=\"right\"><i class=\"fa fa-circle-o\"></i> <i class=\"fa fa-circle-o\"></i> </tr></table>\n|uhtml|bestof|<h2><strong>Game 2</strong> of <a href=\"/game-bestof3-gen9championsvgc2026regmbbo3-2674477708\">a best-of-3</a></h2>\n|t:|1788364834\n|gametype|doubles\n|player|p1|cookingorcooked2|1|1430\n|player|p2|Joriot|265|1319\n|gen|9\n|tier|[Gen 9 Champions] VGC 2026 Reg M-B (Bo3)\n|rated|\n|rule|Species Clause: Limit one of each Pokémon\n|rule|Item Clause: Limit 1 of each item\n|clearpoke\n|poke|p1|Garchomp, L50, M|\n|poke|p1|Gholdengo, L50|\n|poke|p1|Sinistcha, L50|\n|poke|p1|Incineroar, L50, M|\n|poke|p1|Floette-Eternal, L50, F|\n|poke|p1|Charizard, L50, M|\n|poke|p2|Ninetales-Alola, L50, F, shiny|\n|poke|p2|Incineroar, L50, M|\n|poke|p2|Dragonite, L50, F, shiny|\n|poke|p2|Sneasler, L50, M|\n|poke|p2|Gengar, L50, M, shiny|\n|poke|p2|Swampert, L50, F|\n|teampreview|4\n|showteam|p1|Garchomp||ChoiceScarf|RoughSkin|RockSlide,DragonClaw,Earthquake,StompingTantrum|Adamant||M|||50|]Gholdengo||FocusSash|GoodasGold|MakeItRain,ShadowBall,PowerGem,Protect|Timid|||||50|]Sinistcha||KasibBerry|Hospitality|MatchaGotcha,RagePowder,TrickRoom,Protect|Relaxed|||||50|]Incineroar||SitrusBerry|Intimidate|FlareBlitz,ThroatChop,PartingShot,FakeOut|Careful||M|||50|]Floette-Eternal||Floettite|FlowerVeil|DazzlingGleam,Moonblast,CalmMind,Protect|Modest||F|||50|]Charizard||CharizarditeY|Blaze|HeatWave,WeatherBall,SolarBeam,Protect|Modest||M|||50|\n|showteam|p2|Ninetales-Alola||ChoiceScarf|SnowWarning|Blizzard,FreezeDry,IcyWind,Encore|Timid||F|||50|]Incineroar||SitrusBerry|Intimidate|FlareBlitz,ThroatChop,FakeOut,PartingShot|Impish||M|||50|]Dragonite||LifeOrb|InnerFocus|DragonClaw,Superpower,ExtremeSpeed,Protect|Adamant||F|||50|]Sneasler||FocusSash|Unburden|CloseCombat,DireClaw,RockSlide,Protect|Adamant||M|||50|]Gengar||Gengarite|CursedBody|SludgeBomb,ShadowBall,Substitute,Protect|Timid||M|||50|]Swampert||Leftovers|Torrent|HighHorsepower,FlipTurn,Yawn,Protect|Relaxed||F|||50|\n|\n|t:|1788364920\n|teamsize|p1|4\n|teamsize|p2|4\n|start\n|switch|p1a: Gholdengo|Gholdengo, L50|100/100\n|switch|p1b: Incineroar|Incineroar, L50, M|100/100\n|switch|p2a: Gengar|Gengar, L50, M, shiny|100/100\n|switch|p2b: Incineroar|Incineroar, L50, M|100/100\n|-ability|p1b: Incineroar|Intimidate|boost\n|-unboost|p2a: Gengar|atk|1\n|-unboost|p2b: Incineroar|atk|1\n|-ability|p2b: Incineroar|Intimidate|boost\n|-unboost|p1a: Gholdengo|atk|1\n|-unboost|p1b: Incineroar|atk|1\n|turn|1\n|\n|t:|1788364977\n|switch|p2b: Sneasler|Sneasler, L50, M|100/100\n|detailschange|p2a: Gengar|Gengar-Mega, L50, M, shiny\n|-mega|p2a: Gengar|Gengar|Gengarite\n|move|p1b: Incineroar|Fake Out|p2b: Sneasler\n|-damage|p2b: Sneasler|87/100\n|move|p2a: Gengar|Shadow Ball|p1a: Gholdengo\n|-supereffective|p1a: Gholdengo|1\n|-enditem|p1a: Gholdengo|Focus Sash\n|-damage|p1a: Gholdengo|1/100\n|move|p1a: Gholdengo|Shadow Ball|p2a: Gengar\n|-supereffective|p2a: Gengar|1\n|-damage|p2a: Gengar|2/100\n|-unboost|p2a: Gengar|spd|1\n|\n|upkeep\n|turn|2\n|\n|t:|1788364998\n|switch|p1a: Garchomp|Garchomp, L50, M|100/100\n|move|p2a: Gengar|Sludge Bomb|p1b: Incineroar\n|-damage|p1b: Incineroar|62/100\n|move|p2b: Sneasler|Rock Slide|p1b: Incineroar|[spread] p1a,p1b\n|-resisted|p1a: Garchomp|1\n|-supereffective|p1b: Incineroar|1\n|-damage|p1a: Garchomp|89/100\n|-damage|p1b: Incineroar|23/100\n|-enditem|p1b: Incineroar|Sitrus Berry|[eat]\n|-heal|p1b: Incineroar|48/100|[from] item: Sitrus Berry\n|cant|p1b: Incineroar|flinch\n|\n|upkeep\n|turn|3\n|\n|t:|1788365022\n|switch|p2a: Incineroar|Incineroar, L50, M|100/100\n|-ability|p2a: Incineroar|Intimidate|boost\n|-unboost|p1a: Garchomp|atk|1\n|-unboost|p1b: Incineroar|atk|1\n|switch|p2b: Dragonite|Dragonite, L50, F, shiny|100/100\n|move|p1a: Garchomp|Stomping Tantrum|p2b: Dragonite\n|-immune|p2b: Dragonite\n|move|p1b: Incineroar|Parting Shot|p2a: Incineroar\n|-unboost|p2a: Incineroar|atk|1\n|-unboost|p2a: Incineroar|spa|1\n|\n|t:|1788365033\n|switch|p1b: Gholdengo|Gholdengo, L50|1/100|[from] Parting Shot\n|\n|upkeep\n|turn|4\n|\n|t:|1788365063\n|switch|p1a: Incineroar|Incineroar, L50, M|48/100\n|-ability|p1a: Incineroar|Intimidate|boost\n|-unboost|p2a: Incineroar|atk|1\n|-fail|p2b: Dragonite|unboost|atk|[from] ability: Inner Focus|[of] p2b: Dragonite\n|move|p1b: Gholdengo|Make It Rain|p2b: Dragonite|[spread] p2a,p2b\n|-resisted|p2a: Incineroar|1\n|-damage|p2a: Incineroar|77/100\n|-damage|p2b: Dragonite|55/100\n|-unboost|p1b: Gholdengo|spa|2\n|move|p2b: Dragonite|Dragon Claw|p1a: Incineroar\n|-crit|p1a: Incineroar\n|-damage|p1a: Incineroar|0 fnt\n|faint|p1a: Incineroar\n|-damage|p2b: Dragonite|45/100|[from] item: Life Orb\n|move|p2a: Incineroar|Throat Chop|p1b: Gholdengo\n|-supereffective|p1b: Gholdengo|1\n|-damage|p1b: Gholdengo|0 fnt\n|faint|p1b: Gholdengo\n|\n|upkeep\n|\n|t:|1788365072\n|switch|p1b: Garchomp|Garchomp, L50, M|89/100\n|switch|p1a: Charizard|Charizard, L50, M|100/100\n|turn|5\n|\n|t:|1788365099\n|switch|p2a: Gengar|Gengar-Mega, L50, M, shiny|2/100\n|detailschange|p1a: Charizard|Charizard-Mega-Y, L50, M\n|-mega|p1a: Charizard|Charizard|Charizardite Y\n|-weather|SunnyDay|[from] ability: Drought|[of] p1a: Charizard\n|move|p2b: Dragonite|Protect|p2b: Dragonite\n|-singleturn|p2b: Dragonite|Protect\n|move|p1b: Garchomp|Earthquake|p2b: Dragonite|[spread] p2a\n|-activate|p2b: Dragonite|move: Protect\n|-immune|p1a: Charizard\n|-supereffective|p2a: Gengar|1\n|-damage|p2a: Gengar|0 fnt\n|faint|p2a: Gengar\n|move|p1a: Charizard|Weather Ball|p2b: Dragonite\n|-activate|p2b: Dragonite|move: Protect\n|\n|-weather|SunnyDay|[upkeep]\n|upkeep\n|\n|t:|1788365110\n|switch|p2a: Incineroar|Incineroar, L50, M|77/100\n|-ability|p2a: Incineroar|Intimidate|boost\n|-unboost|p1a: Charizard|atk|1\n|-unboost|p1b: Garchomp|atk|1\n|turn|6\n|\n|t:|1788365116\n|move|p1a: Charizard|Protect|p1a: Charizard\n|-singleturn|p1a: Charizard|Protect\n|move|p2a: Incineroar|Fake Out|p1a: Charizard\n|-activate|p1a: Charizard|move: Protect\n|move|p1b: Garchomp|Earthquake|p2b: Dragonite|[spread] p2a\n|-activate|p1a: Charizard|move: Protect\n|-immune|p2b: Dragonite\n|-supereffective|p2a: Incineroar|1\n|-damage|p2a: Incineroar|35/100\n|-enditem|p2a: Incineroar|Sitrus Berry|[eat]\n|-heal|p2a: Incineroar|60/100|[from] item: Sitrus Berry\n|move|p2b: Dragonite|Dragon Claw|p1b: Garchomp\n|-supereffective|p1b: Garchomp|1\n|-damage|p1b: Garchomp|0 fnt\n|-damage|p2b: Dragonite|33/100|[from] ability: Rough Skin|[of] p1b: Garchomp\n|faint|p1b: Garchomp\n|-damage|p2b: Dragonite|23/100|[from] item: Life Orb\n|\n|-weather|SunnyDay|[upkeep]\n|upkeep\n|turn|7\n|-message|cookingorcooked2 forfeited.\n|\n|win|Joriot\n|l|☆cookingorcooked2\n|player|p1|\n||cookingorcooked2 is ready for game 3.\n||Joriot is ready for game 3.\n|uhtml|next|Next: <a href=\"/battle-gen9championsvgc2026regmbbo3-2674483284\"><strong>Game 3 of 3</strong></a>\n","uploadtime":1788365518,"views":"1","formatid":"gen9championsvgc2026regmbbo3","rating":null,"private":0,"password":null}