{"id":"gen9championsvgc2026regmb-2674374165","format":"[Gen 9 Champions] VGC 2026 Reg M-B","players":["ProfessorNatty","rilevs"],"log":"|j|☆ProfessorNatty\n|j|☆rilevs\n|t:|1788351100\n|gametype|doubles\n|player|p1|ProfessorNatty|266|1352\n|player|p2|rilevs|roxie|1385\n|gen|9\n|tier|[Gen 9 Champions] VGC 2026 Reg M-B\n|rated|\n|rule|Species Clause: Limit one of each Pokémon\n|rule|Item Clause: Limit 1 of each item\n|clearpoke\n|poke|p1|Kingambit, L50, F|\n|poke|p1|Hatterene, L50, F|\n|poke|p1|Torkoal, L50, M, shiny|\n|poke|p1|Floette-Eternal, L50, F|\n|poke|p1|Basculegion, L50, M|\n|poke|p1|Garchomp, L50, M|\n|poke|p2|Staraptor, L50, M|\n|poke|p2|Metagross, L50|\n|poke|p2|Farigiraf, L50, F|\n|poke|p2|Whimsicott, L50, M|\n|poke|p2|Garchomp, L50, M|\n|poke|p2|Ceruledge, L50, F|\n|teampreview|4\n|\n|t:|1788351151\n|teamsize|p1|4\n|teamsize|p2|4\n|start\n|switch|p1a: Hatterene|Hatterene, L50, F|100/100\n|switch|p1b: Kingambit|Kingambit, L50, F|100/100\n|switch|p2a: Metagross|Metagross, L50|100/100\n|switch|p2b: Farigiraf|Farigiraf, L50, F|100/100\n|turn|1\n|\n|t:|1788351175\n|detailschange|p2a: Metagross|Metagross-Mega, L50\n|-mega|p2a: Metagross|Metagross|Metagrossite\n|move|p2b: Farigiraf|Helping Hand|p2a: Metagross\n|-singleturn|p2a: Metagross|Helping Hand|[of] p2b: Farigiraf\n|move|p1a: Hatterene|Protect|p1a: Hatterene\n|-singleturn|p1a: Hatterene|Protect\n|move|p2a: Metagross|Stomping Tantrum|p1b: Kingambit\n|-supereffective|p1b: Kingambit|1\n|-damage|p1b: Kingambit|21/100\n|move|p1b: Kingambit|Kowtow Cleave|p2a: Metagross\n|-supereffective|p2a: Metagross|1\n|-damage|p2a: Metagross|14/100\n|\n|upkeep\n|turn|2\n|\n|t:|1788351196\n|move|p1b: Kingambit|Sucker Punch||[still]\n|cant|p2b: Farigiraf|ability: Armor Tail|Sucker Punch|[of] p1b: Kingambit\n|move|p2a: Metagross|Iron Head|p1a: Hatterene\n|-supereffective|p1a: Hatterene|1\n|-enditem|p1a: Hatterene|Focus Sash\n|-damage|p1a: Hatterene|1/100\n|move|p2b: Farigiraf|Thunderbolt|p1b: Kingambit\n|-damage|p1b: Kingambit|0 fnt\n|faint|p1b: Kingambit\n|cant|p1a: Hatterene|flinch\n|\n|upkeep\n|\n|t:|1788351207\n|switch|p1b: Torkoal|Torkoal, L50, M, shiny|100/100\n|-weather|SunnyDay|[from] ability: Drought|[of] p1b: Torkoal\n|turn|3\n|\n|t:|1788351214\n|switch|p2a: Ceruledge|Ceruledge, L50, F|100/100\n|move|p2b: Farigiraf|Hyper Voice|p1a: Hatterene|[spread] p1a,p1b\n|-damage|p1a: Hatterene|0 fnt\n|-damage|p1b: Torkoal|64/100\n|faint|p1a: Hatterene\n|move|p1b: Torkoal|Eruption|p2b: Farigiraf|[spread] p2b\n|-start|p2a: Ceruledge|ability: Flash Fire\n|-damage|p2b: Farigiraf|56/100\n|\n|-weather|SunnyDay|[upkeep]\n|upkeep\n|\n|t:|1788351262\n|switch|p1a: Floette|Floette-Eternal, L50, F|100/100\n|turn|4\n|\n|t:|1788351277\n|detailschange|p1a: Floette|Floette-Mega, L50, F\n|-mega|p1a: Floette|Floette|Floettite\n|-ability|p1a: Floette|Fairy Aura\n|move|p2b: Farigiraf|Helping Hand|p2a: Ceruledge\n|-singleturn|p2a: Ceruledge|Helping Hand|[of] p2b: Farigiraf\n|move|p2a: Ceruledge|Shadow Sneak|p1b: Torkoal\n|-crit|p1b: Torkoal\n|-damage|p1b: Torkoal|29/100\n|move|p1a: Floette|Light of Ruin|p2a: Ceruledge\n|-resisted|p2a: Ceruledge|1\n|-damage|p2a: Ceruledge|35/100\n|-damage|p1a: Floette|60/100|[from] Recoil\n|move|p1b: Torkoal|Weather Ball|p2b: Farigiraf\n|-damage|p2b: Farigiraf|0 fnt\n|faint|p2b: Farigiraf\n|\n|-weather|SunnyDay|[upkeep]\n|upkeep\n|\n|t:|1788351285\n|switch|p2b: Metagross|Metagross-Mega, L50|14/100\n|turn|5\n|\n|t:|1788351312\n|move|p2b: Metagross|Iron Head|p1a: Floette\n|-supereffective|p1a: Floette|1\n|-damage|p1a: Floette|0 fnt\n|faint|p1a: Floette\n|move|p2a: Ceruledge|Bitter Blade|p1b: Torkoal\n|-resisted|p1b: Torkoal|1\n|-damage|p1b: Torkoal|0 fnt\n|-heal|p2a: Ceruledge|50/100g|[from] drain|[of] p1b: Torkoal\n|faint|p1b: Torkoal\n|\n|win|rilevs\n|raw|ProfessorNatty's rating: 1352 &rarr; <strong>1334</strong><br />(-18 for losing)\n|raw|rilevs's rating: 1385 &rarr; <strong>1403</strong><br />(+18 for winning)\n|l|☆ProfessorNatty\n|player|p1|\n","uploadtime":1788351326,"views":"5","formatid":"gen9championsvgc2026regmb","rating":1334,"private":0,"password":null}