{"id":"gen9championsvgc2026regmbbo3-2673306227","format":"[Gen 9 Champions] VGC 2026 Reg M-B (Bo3)","players":["jeanryupr","ylmao"],"log":"|j|☆jeanryupr\n|j|☆ylmao\n|html|<table width=\"100%\"><tr><td align=\"left\">jeanryupr</td><td align=\"right\">ylmao</tr><tr><td align=\"left\"><i class=\"fa fa-circle\"></i> <i class=\"fa fa-circle-o\"></i> </td><td align=\"right\"><i class=\"fa fa-circle-o\"></i> <i class=\"fa fa-circle\"></i> </tr></table>\n|uhtml|bestof|<h2><strong>Game 3</strong> of <a href=\"/game-bestof3-gen9championsvgc2026regmbbo3-2673304114\">a best-of-3</a></h2>\n|t:|1788180686\n|gametype|doubles\n|player|p1|jeanryupr|265|1296\n|player|p2|ylmao|youngcouple|1341\n|gen|9\n|tier|[Gen 9 Champions] VGC 2026 Reg M-B (Bo3)\n|rated|\n|rule|Species Clause: Limit one of each Pokémon\n|rule|Item Clause: Limit 1 of each item\n|clearpoke\n|poke|p1|Scovillain, L50, M, shiny|\n|poke|p1|Basculegion, L50, M|\n|poke|p1|Kingambit, L50, M|\n|poke|p1|Sneasler, L50, F|\n|poke|p1|Lycanroc-Dusk, L50, F|\n|poke|p1|Froslass, L50, F|\n|poke|p2|Torkoal, L50, M|\n|poke|p2|Venusaur, L50, M|\n|poke|p2|Farigiraf, L50, F|\n|poke|p2|Sylveon, L50, F|\n|poke|p2|Aerodactyl, L50, F|\n|poke|p2|Kingambit, L50, F|\n|teampreview|4\n|showteam|p1|Scovillain||Scovillainite|Moody|GigaDrain,Overheat,RagePowder,Protect|Bold||M|||50|]Basculegion||LifeOrb|Adaptability|WaveCrash,LastRespects,AquaJet,Protect|Adamant||M|||50|]Kingambit||BlackGlasses|Defiant|KowtowCleave,SuckerPunch,SwordsDance,Protect|Adamant||M|||50|]Sneasler||WhiteHerb|Unburden|CloseCombat,DireClaw,Protect,FakeOut|Adamant||F|||50|]Lycanroc-Dusk||FocusSash|ToughClaws|CloseCombat,Accelerock,RockSlide,Protect|Adamant||F|||50|]Froslass||Froslassite|CursedBody|Blizzard,ShadowBall,AuroraVeil,Protect|Timid||F|||50|\n|showteam|p2|Torkoal||Charcoal|Drought|Eruption,HeatWave,HelpingHand,Protect|Quiet||M|||50|]Venusaur||LifeOrb|Chlorophyll|EnergyBall,WeatherBall,EarthPower,Protect|Modest||M|||50|]Farigiraf||ColburBerry|ArmorTail|TrickRoom,Psychic,Thunderbolt,HelpingHand|Calm||F|||50|]Sylveon||FairyFeather|Pixilate|QuickAttack,HyperVoice,HyperBeam,Protect|Quiet||F|||50|]Aerodactyl||Aerodactylite|Unnerve|RockSlide,DualWingbeat,IceFang,Protect|Jolly||F|||50|]Kingambit||FocusSash|Defiant|SuckerPunch,KowtowCleave,IronHead,LowKick|Adamant||F|||50|\n|inactive|Battle timer is ON: inactive players will automatically lose when time's up. (requested by ylmao)\n|inactive|jeanryupr has 60 seconds left.\n|\n|t:|1788180791\n|teamsize|p1|4\n|teamsize|p2|4\n|start\n|switch|p1a: Scovillain|Scovillain, L50, M, shiny|100/100\n|switch|p1b: Lycanroc|Lycanroc-Dusk, L50, F|100/100\n|switch|p2a: Venusaur|Venusaur, L50, M|100/100\n|switch|p2b: Torkoal|Torkoal, L50, M|100/100\n|-weather|SunnyDay|[from] ability: Drought|[of] p2b: Torkoal\n|turn|1\n|inactive|ylmao has 30 seconds left.\n|\n|t:|1788180821\n|detailschange|p1a: Scovillain|Scovillain-Mega, L50, M, shiny\n|-mega|p1a: Scovillain|Scovillain|Scovillainite\n|move|p2a: Venusaur|Protect|p2a: Venusaur\n|-singleturn|p2a: Venusaur|Protect\n|move|p1b: Lycanroc|Rock Slide|p2a: Venusaur|[spread] p2b\n|-activate|p2a: Venusaur|move: Protect\n|-supereffective|p2b: Torkoal|1\n|-damage|p2b: Torkoal|52/100\n|move|p1a: Scovillain|Overheat|p2a: Venusaur\n|-activate|p2a: Venusaur|move: Protect\n|move|p2b: Torkoal|Heat Wave|p1b: Lycanroc|[spread] p1a,p1b\n|-resisted|p1b: Lycanroc|1\n|-damage|p1a: Scovillain|45/100\n|-damage|p1b: Lycanroc|56/100\n|\n|-weather|SunnyDay|[upkeep]\n|upkeep\n|turn|2\n|inactive|ylmao has 30 seconds left.\n|\n|t:|1788180854\n|move|p2a: Venusaur|Weather Ball|p1a: Scovillain\n|-damage|p1a: Scovillain|0 fnt\n|-status|p2a: Venusaur|brn|[from] ability: Spicy Spray|[of] p1a: Scovillain\n|faint|p1a: Scovillain\n|-damage|p2a: Venusaur|90/100 brn|[from] item: Life Orb\n|move|p1b: Lycanroc|Rock Slide|p2b: Torkoal|[spread] p2a,p2b\n|-supereffective|p2b: Torkoal|1\n|-damage|p2a: Venusaur|47/100 brn\n|-damage|p2b: Torkoal|8/100\n|cant|p2b: Torkoal|flinch\n|\n|-weather|SunnyDay|[upkeep]\n|-damage|p2a: Venusaur|41/100 brn|[from] brn\n|upkeep\n|\n|t:|1788180866\n|switch|p1a: Sneasler|Sneasler, L50, F|100/100\n|turn|3\n|inactive|jeanryupr has 30 seconds left.\n|inactive|ylmao has 30 seconds left.\n|inactive|jeanryupr has 20 seconds left.\n|\n|t:|1788180903\n|move|p2a: Venusaur|Protect|p2a: Venusaur\n|-singleturn|p2a: Venusaur|Protect\n|move|p2b: Torkoal|Protect|p2b: Torkoal\n|-singleturn|p2b: Torkoal|Protect\n|move|p1a: Sneasler|Dire Claw|p2b: Torkoal\n|-activate|p2b: Torkoal|move: Protect\n|move|p1b: Lycanroc|Rock Slide|p2b: Torkoal|[spread] \n|-activate|p2a: Venusaur|move: Protect\n|-activate|p2b: Torkoal|move: Protect\n|\n|-weather|SunnyDay|[upkeep]\n|-damage|p2a: Venusaur|35/100 brn|[from] brn\n|upkeep\n|turn|4\n|\n|t:|1788180920\n|move|p2b: Torkoal|Helping Hand|p2a: Venusaur\n|-singleturn|p2a: Venusaur|Helping Hand|[of] p2b: Torkoal\n|move|p1b: Lycanroc|Accelerock|p2a: Venusaur\n|-damage|p2a: Venusaur|1/100 brn\n|move|p2a: Venusaur|Earth Power|p1a: Sneasler\n|-supereffective|p1a: Sneasler|1\n|-damage|p1a: Sneasler|0 fnt\n|faint|p1a: Sneasler\n|-damage|p2a: Venusaur|0 fnt|[from] item: Life Orb\n|faint|p2a: Venusaur\n|\n|-weather|SunnyDay|[upkeep]\n|upkeep\n|\n|t:|1788180930\n|switch|p1a: Kingambit|Kingambit, L50, M|100/100\n|switch|p2a: Farigiraf|Farigiraf, L50, F|100/100\n|turn|5\n|\n|t:|1788180940\n|switch|p2b: Sylveon|Sylveon, L50, F|100/100\n|move|p1b: Lycanroc|Rock Slide|p2a: Farigiraf|[spread] p2a,p2b\n|-damage|p2a: Farigiraf|72/100\n|-damage|p2b: Sylveon|62/100\n|move|p1a: Kingambit|Kowtow Cleave|p2a: Farigiraf\n|-supereffective|p2a: Farigiraf|1\n|-enditem|p2a: Farigiraf|Colbur Berry|[eat]\n|-enditem|p2a: Farigiraf|Colbur Berry|[weaken]\n|-damage|p2a: Farigiraf|22/100\n|cant|p2a: Farigiraf|flinch\n|\n|-weather|none\n|upkeep\n|turn|6\n|inactive|jeanryupr has 30 seconds left.\n|inactive|jeanryupr has 20 seconds left.\n|inactive|jeanryupr has 15 seconds left.\n|\n|t:|1788180982\n|move|p1b: Lycanroc|Rock Slide|p2b: Sylveon|[spread] p2a,p2b\n|-damage|p2a: Farigiraf|0 fnt\n|-damage|p2b: Sylveon|24/100\n|faint|p2a: Farigiraf\n|move|p2b: Sylveon|Hyper Voice|p1b: Lycanroc|[spread] p1a,p1b\n|-damage|p1a: Kingambit|48/100\n|-damage|p1b: Lycanroc|0 fnt\n|faint|p1b: Lycanroc\n|move|p1a: Kingambit|Kowtow Cleave|p2b: Sylveon\n|-resisted|p2b: Sylveon|1\n|-damage|p2b: Sylveon|0 fnt\n|faint|p2b: Sylveon\n|\n|upkeep\n|\n|t:|1788180990\n|switch|p2b: Torkoal|Torkoal, L50, M|8/100\n|-weather|SunnyDay|[from] ability: Drought|[of] p2b: Torkoal\n|turn|7\n|-message|ylmao forfeited.\n|\n|win|jeanryupr\n|raw|jeanryupr's rating: 1296 &rarr; <strong>1324</strong><br />(+28 for winning)\n|raw|ylmao's rating: 1341 &rarr; <strong>1318</strong><br />(-23 for losing)\n|l|☆ylmao\n|player|p2|\n","uploadtime":1788180699,"views":"0","formatid":"gen9championsvgc2026regmbbo3","rating":1318,"private":0,"password":null}