{"id":"gen9championsvgc2026regmbbo3-2673773018","format":"[Gen 9 Champions] VGC 2026 Reg M-B (Bo3)","players":["RNG Needed","RoadToWorlds44"],"log":"|j|☆RNG Needed\n|j|☆RoadToWorlds44\n|html|<table width=\"100%\"><tr><td align=\"left\">RNG Needed</td><td align=\"right\">RoadToWorlds44</tr><tr><td align=\"left\"><i class=\"fa fa-circle\"></i> <i class=\"fa fa-circle-o\"></i> </td><td align=\"right\"><i class=\"fa fa-circle-o\"></i> <i class=\"fa fa-circle\"></i> </tr></table>\n|uhtml|bestof|<h2><strong>Game 3</strong> of <a href=\"/game-bestof3-gen9championsvgc2026regmbbo3-2673770168\">a best-of-3</a></h2>\n|t:|1788253197\n|gametype|doubles\n|player|p1|RNG Needed|101|1143\n|player|p2|RoadToWorlds44|#apismogoni|1315\n|gen|9\n|tier|[Gen 9 Champions] VGC 2026 Reg M-B (Bo3)\n|rated|\n|rule|Species Clause: Limit one of each Pokémon\n|rule|Item Clause: Limit 1 of each item\n|clearpoke\n|poke|p1|Farigiraf, L50, F|\n|poke|p1|Sneasler, L50, F|\n|poke|p1|Volcarona, L50, M|\n|poke|p1|Basculegion, L50, M|\n|poke|p1|Camerupt, L50, M|\n|poke|p1|Sylveon, L50, F|\n|poke|p2|Sneasler, L50, M|\n|poke|p2|Delphox, L50, F|\n|poke|p2|Kingambit, L50, M|\n|poke|p2|Sinistcha, L50|\n|poke|p2|Incineroar, L50, M|\n|poke|p2|Blastoise, L50, F|\n|teampreview|4\n|showteam|p1|Farigiraf||LightClay|ArmorTail|TrickRoom,LightScreen,Reflect,PsychicFangs|Relaxed||F|||50|]Sneasler||LifeOrb|PoisonTouch|FakeOut,PoisonJab,CloseCombat,RockSlide|Adamant||F|||50|]Volcarona||FocusSash|FlameBody|RagePowder,Uturn,Overheat,BugBuzz|Modest||M|||50|]Basculegion||SitrusBerry|Adaptability|LastRespects,WaveCrash,AquaJet,Agility|Adamant||M|||50|]Camerupt||Cameruptite|SolidRock|HeatWave,EarthPower,AncientPower,Protect|Quiet||M|||50|]Sylveon||FairyFeather|Pixilate|CalmMind,HyperVoice,Moonblast,HyperBeam|Quiet||F|||50|\n|showteam|p2|Sneasler||FocusSash|PoisonTouch|PoisonJab,QuickGuard,CloseCombat,FakeOut|Jolly||M|||50|]Delphox||Delphoxite|Blaze|HeatWave,Psychic,NastyPlot,Protect|Timid||F|||50|]Kingambit||LifeOrb|Defiant|KowtowCleave,SuckerPunch,SwordsDance,Protect|Adamant||M|||50|]Sinistcha||ColburBerry|Hospitality|MatchaGotcha,RagePowder,TrickRoom,Protect|Bold|||||50|]Incineroar||SitrusBerry|Intimidate|FlareBlitz,HelpingHand,PartingShot,FakeOut|Careful||M|||50|]Blastoise||Blastoisinite|RainDish|WaterSpout,DarkPulse,ShellSmash,Protect|Modest||F|||50|\n|inactive|Battle timer is ON: inactive players will automatically lose when time's up. (requested by RoadToWorlds44)\n|inactive|RoadToWorlds44 has 60 seconds left.\n|\n|t:|1788253235\n|teamsize|p1|4\n|teamsize|p2|4\n|start\n|switch|p1a: Farigiraf|Farigiraf, L50, F|100/100\n|switch|p1b: Volcarona|Volcarona, L50, M|100/100\n|switch|p2a: Blastoise|Blastoise, L50, F|100/100\n|switch|p2b: Incineroar|Incineroar, L50, M|100/100\n|-ability|p2b: Incineroar|Intimidate|boost\n|-unboost|p1a: Farigiraf|atk|1\n|-unboost|p1b: Volcarona|atk|1\n|turn|1\n|inactive|RNG Needed has 30 seconds left.\n|\n|t:|1788253261\n|detailschange|p2a: Blastoise|Blastoise-Mega, L50, F\n|-mega|p2a: Blastoise|Blastoise|Blastoisinite\n|move|p1b: Volcarona|Bug Buzz|p2a: Blastoise\n|-damage|p2a: Blastoise|54/100\n|move|p2a: Blastoise|Water Spout|p1a: Farigiraf|[spread] p1a,p1b\n|-supereffective|p1b: Volcarona|1\n|-damage|p1a: Farigiraf|64/100\n|-damage|p1b: Volcarona|18/100\n|move|p2b: Incineroar|Parting Shot|p1a: Farigiraf\n|-unboost|p1a: Farigiraf|atk|1\n|-unboost|p1a: Farigiraf|spa|1\n|\n|t:|1788253273\n|switch|p2b: Sinistcha|Sinistcha, L50|100/100|[from] Parting Shot\n|-heal|p2a: Blastoise|79/100|[from] ability: Hospitality|[of] p2b: Sinistcha\n|move|p1a: Farigiraf|Trick Room|p1a: Farigiraf\n|-fieldstart|move: Trick Room|[of] p1a: Farigiraf\n|\n|upkeep\n|turn|2\n|inactive|RoadToWorlds44 has 30 seconds left.\n|inactive|RoadToWorlds44 has 20 seconds left.\n|inactive|RoadToWorlds44 has 15 seconds left.\n|\n|t:|1788253316\n|switch|p2b: Incineroar|Incineroar, L50, M|100/100\n|-ability|p2b: Incineroar|Intimidate|boost\n|-unboost|p1a: Farigiraf|atk|1\n|-unboost|p1b: Volcarona|atk|1\n|move|p1a: Farigiraf|Light Screen|p1a: Farigiraf\n|-sidestart|p1: RNG Needed|move: Light Screen\n|move|p2a: Blastoise|Dark Pulse|p1a: Farigiraf\n|-supereffective|p1a: Farigiraf|1\n|-damage|p1a: Farigiraf|9/100\n|move|p1b: Volcarona|Overheat|p2b: Incineroar\n|-resisted|p2b: Incineroar|1\n|-damage|p2b: Incineroar|73/100\n|-unboost|p1b: Volcarona|spa|2\n|\n|upkeep\n|turn|3\n|inactive|RoadToWorlds44 has 30 seconds left.\n|inactive|RoadToWorlds44 has 20 seconds left.\n|inactive|RoadToWorlds44 has 15 seconds left.\n|inactive|RNG Needed has 30 seconds left.\n|inactive|RoadToWorlds44 has 10 seconds left.\n|inactive|RoadToWorlds44 has 5 seconds left.\n|\n|t:|1788253370\n|switch|p2b: Sinistcha|Sinistcha, L50|100/100\n|-heal|p2a: Blastoise|100/100|[from] ability: Hospitality|[of] p2b: Sinistcha\n|move|p1a: Farigiraf|Reflect|p1a: Farigiraf\n|-sidestart|p1: RNG Needed|Reflect\n|move|p2a: Blastoise|Water Spout|p1a: Farigiraf|[spread] p1a,p1b\n|-supereffective|p1b: Volcarona|1\n|-damage|p1a: Farigiraf|0 fnt\n|-damage|p1b: Volcarona|0 fnt\n|faint|p1a: Farigiraf\n|faint|p1b: Volcarona\n|\n|upkeep\n|\n|t:|1788253377\n|switch|p1a: Camerupt|Camerupt, L50, M|100/100\n|switch|p1b: Sylveon|Sylveon, L50, F|100/100\n|turn|4\n|\n|t:|1788253398\n|detailschange|p1a: Camerupt|Camerupt-Mega, L50, M\n|-mega|p1a: Camerupt|Camerupt|Cameruptite\n|move|p1a: Camerupt|Protect|p1a: Camerupt\n|-singleturn|p1a: Camerupt|Protect\n|move|p2a: Blastoise|Protect|p2a: Blastoise\n|-singleturn|p2a: Blastoise|Protect\n|move|p1b: Sylveon|Calm Mind|p1b: Sylveon\n|-boost|p1b: Sylveon|spa|1\n|-boost|p1b: Sylveon|spd|1\n|move|p2b: Sinistcha|Trick Room|p2b: Sinistcha\n|-fieldend|move: Trick Room\n|\n|upkeep\n|turn|5\n|inactive|RoadToWorlds44 has 30 seconds left.\n|\n|t:|1788253430\n|move|p1a: Camerupt|Protect|p1a: Camerupt\n|-singleturn|p1a: Camerupt|Protect\n|move|p2a: Blastoise|Water Spout|p1b: Sylveon|[spread] p1b\n|-activate|p1a: Camerupt|move: Protect\n|-damage|p1b: Sylveon|76/100\n|move|p2b: Sinistcha|Matcha Gotcha|p1a: Camerupt|[spread] p1b\n|-activate|p1a: Camerupt|move: Protect\n|-damage|p1b: Sylveon|68/100\n|move|p1b: Sylveon|Calm Mind|p1b: Sylveon\n|-boost|p1b: Sylveon|spa|1\n|-boost|p1b: Sylveon|spd|1\n|\n|upkeep\n|turn|6\n|\n|t:|1788253451\n|move|p1a: Camerupt|Protect|p1a: Camerupt\n|-singleturn|p1a: Camerupt|Protect\n|move|p2a: Blastoise|Water Spout|p1b: Sylveon|[spread] p1b\n|-activate|p1a: Camerupt|move: Protect\n|-damage|p1b: Sylveon|51/100\n|move|p1b: Sylveon|Hyper Voice|p2b: Sinistcha|[spread] p2a,p2b\n|-damage|p2a: Blastoise|7/100\n|-damage|p2b: Sinistcha|3/100\n|move|p2b: Sinistcha|Trick Room|p2b: Sinistcha\n|-fieldstart|move: Trick Room|[of] p2b: Sinistcha\n|\n|upkeep\n|turn|7\n|c|☆RoadToWorlds44|loll\n|\n|t:|1788253472\n|move|p1a: Camerupt|Ancient Power|p2a: Blastoise\n|-damage|p2a: Blastoise|0 fnt\n|faint|p2a: Blastoise\n|move|p1b: Sylveon|Hyper Voice|p2b: Sinistcha\n|-damage|p2b: Sinistcha|0 fnt\n|faint|p2b: Sinistcha\n|\n|upkeep\n|\n|t:|1788253479\n|switch|p2b: Kingambit|Kingambit, L50, M|100/100\n|switch|p2a: Incineroar|Incineroar, L50, M|73/100\n|-ability|p2a: Incineroar|Intimidate|boost\n|-unboost|p1a: Camerupt|atk|1\n|-unboost|p1b: Sylveon|atk|1\n|turn|8\n|\n|t:|1788253492\n|move|p2a: Incineroar|Fake Out|p1a: Camerupt\n|-damage|p1a: Camerupt|92/100\n|cant|p1a: Camerupt|flinch\n|move|p2b: Kingambit|Kowtow Cleave|p1b: Sylveon\n|-resisted|p1b: Sylveon|1\n|-damage|p1b: Sylveon|31/100\n|-damage|p2b: Kingambit|90/100|[from] item: Life Orb\n|move|p1b: Sylveon|Hyper Voice|p2b: Kingambit|[spread] p2a,p2b\n|-crit|p2a: Incineroar\n|-damage|p2a: Incineroar|0 fnt\n|-damage|p2b: Kingambit|13/100\n|faint|p2a: Incineroar\n|\n|upkeep\n|turn|9\n|c|☆RNG Needed|Sorry xd\n|inactive|RNG Needed has 30 seconds left.\n|c|☆RoadToWorlds44|no prob\n|\n|t:|1788253520\n|move|p1a: Camerupt|Earth Power|p2b: Kingambit\n|-supereffective|p2b: Kingambit|1\n|-damage|p2b: Kingambit|0 fnt\n|faint|p2b: Kingambit\n|\n|win|RNG Needed\n|raw|RNG Needed's rating: 1143 &rarr; <strong>1179</strong><br />(+36 for winning)\n|raw|RoadToWorlds44's rating: 1315 &rarr; <strong>1286</strong><br />(-29 for losing)\n|l|☆RoadToWorlds44\n|player|p2|\n","uploadtime":1788253545,"views":"0","formatid":"gen9championsvgc2026regmbbo3","rating":1179,"private":0,"password":null}