{"id":"gen9championsvgc2026regmbbo3-2673384656","format":"[Gen 9 Champions] VGC 2026 Reg M-B (Bo3)","players":["Master M-rada","Jorge Saltamontes"],"log":"|j|☆Master M-rada\n|j|☆Jorge Saltamontes\n|html|<table width=\"100%\"><tr><td align=\"left\">Master M-rada</td><td align=\"right\">Jorge Saltamontes</tr><tr><td align=\"left\"><i class=\"fa fa-circle-o\"></i> <i class=\"fa fa-circle-o\"></i> </td><td align=\"right\"><i class=\"fa fa-circle-o\"></i> <i class=\"fa fa-circle\"></i> </tr></table>\n|uhtml|bestof|<h2><strong>Game 2</strong> of <a href=\"/game-bestof3-gen9championsvgc2026regmbbo3-2673383387\">a best-of-3</a></h2>\n|t:|1788191244\n|gametype|doubles\n|player|p1|Master M-rada|miku-ice|1294\n|player|p2|Jorge Saltamontes|marshal|1420\n|gen|9\n|tier|[Gen 9 Champions] VGC 2026 Reg M-B (Bo3)\n|rated|\n|rule|Species Clause: Limit one of each Pokémon\n|rule|Item Clause: Limit 1 of each item\n|clearpoke\n|poke|p1|Gengar, L50, M, shiny|\n|poke|p1|Snorlax, L50, M|\n|poke|p1|Incineroar, L50, M|\n|poke|p1|Scrafty, L50, M, shiny|\n|poke|p1|Dragonite, L50, M|\n|poke|p1|Altaria, L50, M, shiny|\n|poke|p2|Charizard, L50, F|\n|poke|p2|Kingambit, L50, M|\n|poke|p2|Sylveon, L50, F|\n|poke|p2|Garchomp, L50, F|\n|poke|p2|Aerodactyl, L50, M|\n|poke|p2|Farigiraf, L50, M|\n|teampreview|4\n|showteam|p1|Gengar||Gengarite|CursedBody|PerishSong,ShadowBall,SludgeBomb,Protect|Modest||M|||50|]Snorlax||Leftovers|ThickFat|Yawn,Encore,Fissure,Protect|Relaxed||M|||50|]Incineroar||SitrusBerry|Intimidate|FlareBlitz,PartingShot,FakeOut,Protect|Relaxed||M|||50|]Scrafty||FocusSash|Intimidate|CloseCombat,KnockOff,FakeOut,Protect|Impish||M|||50|]Dragonite||LifeOrb|InnerFocus|DragonClaw,LowKick,ExtremeSpeed,Protect|Adamant||M|||50|]Altaria||HabanBerry|CloudNine|FireSpin,Roost,PerishSong,Protect|Calm||M|||50|\n|showteam|p2|Charizard||CharizarditeY|SolarPower|WeatherBall,HeatWave,SolarBeam,Protect|Modest||F|||50|]Kingambit||FocusSash|Defiant|IronHead,SuckerPunch,KowtowCleave,LowKick|Adamant||M|||50|]Sylveon||FairyFeather|Pixilate|Protect,HyperVoice,HyperBeam,QuickAttack|Modest||F|||50|]Garchomp||LifeOrb|RoughSkin|Protect,DragonClaw,Earthquake,RockTomb|Jolly||F|||50|]Aerodactyl||Aerodactylite|Unnerve|IceFang,RockSlide,Tailwind,DualWingbeat|Jolly||M|||50|]Farigiraf||SitrusBerry|ArmorTail|TrickRoom,Psychic,Thunderbolt,Protect|Bold||M|||50|\n|inactive|Battle timer is ON: inactive players will automatically lose when time's up. (requested by Master M-rada)\n|inactive|Jorge Saltamontes has 60 seconds left.\n|\n|t:|1788191276\n|teamsize|p1|4\n|teamsize|p2|4\n|start\n|switch|p1a: Gengar|Gengar, L50, M, shiny|100/100\n|switch|p1b: Dragonite|Dragonite, L50, M|100/100\n|switch|p2a: Sylveon|Sylveon, L50, F|100/100\n|switch|p2b: Kingambit|Kingambit, L50, M|100/100\n|turn|1\n|inactive|Master M-rada has 30 seconds left.\n|inactive|Jorge Saltamontes has 30 seconds left.\n|\n|t:|1788191307\n|switch|p1b: Incineroar|Incineroar, L50, M|100/100\n|-ability|p1b: Incineroar|Intimidate|boost\n|-unboost|p2a: Sylveon|atk|1\n|-unboost|p2b: Kingambit|atk|1\n|-ability|p2b: Kingambit|Defiant|boost\n|-boost|p2b: Kingambit|atk|2\n|detailschange|p1a: Gengar|Gengar-Mega, L50, M, shiny\n|-mega|p1a: Gengar|Gengar|Gengarite\n|move|p1a: Gengar|Protect|p1a: Gengar\n|-singleturn|p1a: Gengar|Protect\n|move|p2b: Kingambit|Sucker Punch||[still]\n|-fail|p2b: Kingambit\n|move|p2a: Sylveon|Quick Attack|p1a: Gengar\n|-activate|p1a: Gengar|move: Protect\n|\n|upkeep\n|turn|2\n|\n|t:|1788191326\n|move|p1b: Incineroar|Fake Out|p2b: Kingambit\n|-resisted|p2b: Kingambit|1\n|-damage|p2b: Kingambit|96/100\n|move|p1a: Gengar|Perish Song|p1a: Gengar\n|-start|p1a: Gengar|perish3|[silent]\n|-start|p1b: Incineroar|perish3|[silent]\n|-start|p2a: Sylveon|perish3|[silent]\n|-start|p2b: Kingambit|perish3|[silent]\n|-fieldactivate|move: Perish Song\n|cant|p2b: Kingambit|flinch\n|move|p2a: Sylveon|Hyper Beam|p1b: Incineroar\n|-damage|p1b: Incineroar|5/100\n|-mustrecharge|p2a: Sylveon\n|-enditem|p1b: Incineroar|Sitrus Berry|[eat]\n|-heal|p1b: Incineroar|30/100|[from] item: Sitrus Berry\n|\n|-start|p1a: Gengar|perish3\n|-start|p2b: Kingambit|perish3\n|-start|p2a: Sylveon|perish3\n|-start|p1b: Incineroar|perish3\n|upkeep\n|turn|3\n|\n|t:|1788191344\n|move|p1a: Gengar|Protect|p1a: Gengar\n|-singleturn|p1a: Gengar|Protect\n|move|p1b: Incineroar|Protect|p1b: Incineroar\n|-singleturn|p1b: Incineroar|Protect\n|move|p2b: Kingambit|Low Kick|p1b: Incineroar\n|-activate|p1b: Incineroar|move: Protect\n|cant|p2a: Sylveon|recharge\n|\n|-start|p1a: Gengar|perish2\n|-start|p2b: Kingambit|perish2\n|-start|p2a: Sylveon|perish2\n|-start|p1b: Incineroar|perish2\n|upkeep\n|turn|4\n|\n|t:|1788191361\n|switch|p1a: Snorlax|Snorlax, L50, M|100/100\n|move|p2b: Kingambit|Kowtow Cleave|p1a: Snorlax\n|-damage|p1a: Snorlax|49/100\n|move|p2a: Sylveon|Hyper Voice|p1b: Incineroar|[spread] p1a,p1b\n|-damage|p1a: Snorlax|20/100y\n|-damage|p1b: Incineroar|0 fnt\n|faint|p1b: Incineroar\n|\n|-heal|p1a: Snorlax|26/100|[from] item: Leftovers\n|-start|p2b: Kingambit|perish1\n|-start|p2a: Sylveon|perish1\n|upkeep\n|\n|t:|1788191374\n|switch|p1b: Gengar|Gengar-Mega, L50, M, shiny|100/100\n|turn|5\n|\n|t:|1788191384\n|move|p1b: Gengar|Protect|p1b: Gengar\n|-singleturn|p1b: Gengar|Protect\n|move|p1a: Snorlax|Protect|p1a: Snorlax\n|-singleturn|p1a: Snorlax|Protect\n|move|p2b: Kingambit|Sucker Punch||[still]\n|-fail|p2b: Kingambit\n|move|p2a: Sylveon|Hyper Voice|p1b: Gengar|[spread] \n|-activate|p1a: Snorlax|move: Protect\n|-activate|p1b: Gengar|move: Protect\n|\n|-heal|p1a: Snorlax|33/100|[from] item: Leftovers\n|-start|p2b: Kingambit|perish0\n|-start|p2a: Sylveon|perish0\n|faint|p2b: Kingambit\n|faint|p2a: Sylveon\n|upkeep\n|\n|t:|1788191387\n|switch|p2b: Garchomp|Garchomp, L50, F|100/100\n|switch|p2a: Farigiraf|Farigiraf, L50, M|100/100\n|turn|6\n|inactive|Master M-rada has 30 seconds left.\n|inactive|Master M-rada has 20 seconds left.\n|\n|t:|1788191423\n|switch|p1a: Dragonite|Dragonite, L50, M|100/100\n|move|p2b: Garchomp|Earthquake|p1a: Dragonite|[spread] p2a,p1b\n|-immune|p1a: Dragonite\n|-supereffective|p1b: Gengar|1\n|-damage|p2a: Farigiraf|60/100\n|-damage|p1b: Gengar|0 fnt\n|faint|p1b: Gengar\n|-damage|p2b: Garchomp|90/100|[from] item: Life Orb\n|move|p2a: Farigiraf|Psychic|p1a: Dragonite\n|-damage|p1a: Dragonite|67/100\n|-unboost|p1a: Dragonite|spd|1\n|\n|upkeep\n|\n|t:|1788191434\n|switch|p1b: Snorlax|Snorlax, L50, M|33/100\n|turn|7\n|\n|t:|1788191449\n|move|p2b: Garchomp|Dragon Claw|p1a: Dragonite\n|-supereffective|p1a: Dragonite|1\n|-damage|p1a: Dragonite|0 fnt\n|faint|p1a: Dragonite\n|-damage|p2b: Garchomp|80/100|[from] item: Life Orb\n|move|p2a: Farigiraf|Psychic|p1b: Snorlax\n|-damage|p1b: Snorlax|13/100\n|move|p1b: Snorlax|Yawn|p2b: Garchomp\n|-start|p2b: Garchomp|move: Yawn|[of] p1b: Snorlax\n|\n|-heal|p1b: Snorlax|19/100|[from] item: Leftovers\n|upkeep\n|turn|8\n|-message|Master M-rada forfeited.\n|\n|win|Jorge Saltamontes\n","uploadtime":1788191249,"views":"1","formatid":"gen9championsvgc2026regmbbo3","rating":null,"private":0,"password":null}