{"id":"gen9championsvgc2026regmbbo3-2674263032","format":"[Gen 9 Champions] VGC 2026 Reg M-B (Bo3)","players":["That_Leek","KaZac"],"log":"|j|☆That_Leek\n|j|☆KaZac\n|html|<table width=\"100%\"><tr><td align=\"left\">That_Leek</td><td align=\"right\">KaZac</tr><tr><td align=\"left\"><i class=\"fa fa-circle\"></i> <i class=\"fa fa-circle-o\"></i> </td><td align=\"right\"><i class=\"fa fa-circle-o\"></i> <i class=\"fa fa-circle-o\"></i> </tr></table>\n|uhtml|bestof|<h2><strong>Game 2</strong> of <a href=\"/game-bestof3-gen9championsvgc2026regmbbo3-2674262561\">a best-of-3</a></h2>\n|t:|1788326236\n|gametype|doubles\n|player|p1|That_Leek|blue-masters|1169\n|player|p2|KaZac|102|1154\n|gen|9\n|tier|[Gen 9 Champions] VGC 2026 Reg M-B (Bo3)\n|rated|\n|rule|Species Clause: Limit one of each Pokémon\n|rule|Item Clause: Limit 1 of each item\n|clearpoke\n|poke|p1|Raichu, L50, F|\n|poke|p1|Kingambit, L50, F|\n|poke|p1|Dragonite, L50, F|\n|poke|p1|Ninetales-Alola, L50, F|\n|poke|p1|Sylveon, L50, F|\n|poke|p1|Incineroar, L50, M|\n|poke|p2|Glimmora, L50, F|\n|poke|p2|Garchomp, L50, F|\n|poke|p2|Talonflame, L50, F|\n|poke|p2|Sinistcha-Masterpiece, L50|\n|poke|p2|Gardevoir, L50, F|\n|poke|p2|Rotom-Wash, L50|\n|teampreview|4\n|showteam|p1|Raichu||RaichuniteY|LightningRod|FakeOut,ZapCannon,FocusBlast,Protect|Timid||F|||50|]Kingambit||BlackGlasses|Defiant|KowtowCleave,SuckerPunch,Protect,SwordsDance|Adamant||F|||50|]Dragonite||LifeOrb|InnerFocus|DragonClaw,Tailwind,Superpower,Protect|Adamant||F|||50|]Ninetales-Alola||FocusSash|SnowWarning|Blizzard,IcyWind,Protect,FreezeDry|Timid||F|||50|]Sylveon||FairyFeather|Pixilate|HyperVoice,QuickAttack,CalmMind,Detect|Modest||F|||50|]Incineroar||LumBerry|Intimidate|FakeOut,FlareBlitz,PartingShot,ThroatChop|Impish||M|||50|\n|showteam|p2|Glimmora||Glimmoranite|ToxicDebris|SludgeBomb,PowerGem,SpikyShield,EarthPower|Timid||F|||50|]Garchomp||LifeOrb|RoughSkin|Earthquake,DragonClaw,RockSlide,Protect|Jolly||F|||50|]Talonflame||FocusSash|GaleWings|BraveBird,Tailwind,FlareBlitz,Feint|Adamant||F|||50|]Sinistcha-Masterpiece||SitrusBerry|Hospitality|MatchaGotcha,RagePowder,TrickRoom,Protect|Calm|||||50|]Gardevoir||Gardevoirite|Telepathy|HyperVoice,Psychic,HyperBeam,Protect|Modest||F|||50|]Rotom-Wash||Leftovers|Levitate|WillOWisp,LightScreen,Thunderbolt,HydroPump|Calm|||||50|\n|\n|t:|1788326266\n|teamsize|p1|4\n|teamsize|p2|4\n|start\n|switch|p1a: Incineroar|Incineroar, L50, M|100/100\n|switch|p1b: Kingambit|Kingambit, L50, F|100/100\n|switch|p2a: Rotom|Rotom-Wash, L50|100/100\n|switch|p2b: Glimmora|Glimmora, L50, F|100/100\n|-ability|p1a: Incineroar|Intimidate|boost\n|-unboost|p2a: Rotom|atk|1\n|-unboost|p2b: Glimmora|atk|1\n|turn|1\n|inactive|Battle timer is ON: inactive players will automatically lose when time's up. (requested by KaZac)\n|\n|t:|1788326283\n|move|p1a: Incineroar|Fake Out|p2b: Glimmora\n|-resisted|p2b: Glimmora|1\n|-damage|p2b: Glimmora|93/100\n|-activate|p2b: Glimmora|ability: Toxic Debris\n|-sidestart|p1: That_Leek|move: Toxic Spikes\n|cant|p2b: Glimmora|flinch\n|move|p2a: Rotom|Will-O-Wisp|p1b: Kingambit\n|-status|p1b: Kingambit|brn\n|move|p1b: Kingambit|Swords Dance|p1b: Kingambit\n|-boost|p1b: Kingambit|atk|2\n|\n|-damage|p1b: Kingambit|94/100 brn|[from] brn\n|upkeep\n|turn|2\n|\n|t:|1788326306\n|detailschange|p2b: Glimmora|Glimmora-Mega, L50, F\n|-mega|p2b: Glimmora|Glimmora|Glimmoranite\n|move|p1b: Kingambit|Protect|p1b: Kingambit\n|-singleturn|p1b: Kingambit|Protect\n|move|p2b: Glimmora|Earth Power|p1b: Kingambit\n|-activate|p1b: Kingambit|move: Protect\n|move|p2a: Rotom|Hydro Pump|p1a: Incineroar\n|-supereffective|p1a: Incineroar|1\n|-damage|p1a: Incineroar|28/100\n|move|p1a: Incineroar|Parting Shot|p2a: Rotom\n|-unboost|p2a: Rotom|atk|1\n|-unboost|p2a: Rotom|spa|1\n|\n|t:|1788326309\n|switch|p1a: Raichu|Raichu, L50, F|100/100|[from] Parting Shot\n|-status|p1a: Raichu|psn\n|\n|-damage|p1a: Raichu|88/100 psn|[from] psn\n|-damage|p1b: Kingambit|88/100 brn|[from] brn\n|upkeep\n|turn|3\n|\n|t:|1788326324\n|detailschange|p1a: Raichu|Raichu-Mega-Y, L50, F\n|-mega|p1a: Raichu|Raichu|Raichunite Y\n|move|p2b: Glimmora|Spiky Shield|p2b: Glimmora\n|-singleturn|p2b: Glimmora|move: Protect\n|move|p1a: Raichu|Fake Out|p2b: Glimmora\n|-activate|p2b: Glimmora|move: Protect\n|-damage|p1a: Raichu|76/100 psn|[from] Spiky Shield|[of] p2b: Glimmora\n|move|p2a: Rotom|Light Screen|p2a: Rotom\n|-sidestart|p2: KaZac|move: Light Screen\n|move|p1b: Kingambit|Swords Dance|p1b: Kingambit\n|-boost|p1b: Kingambit|atk|2\n|\n|-damage|p1a: Raichu|64/100 psn|[from] psn\n|-damage|p1b: Kingambit|82/100 brn|[from] brn\n|upkeep\n|turn|4\n|\n|t:|1788326339\n|move|p1b: Kingambit|Sucker Punch|p2b: Glimmora\n|-damage|p2b: Glimmora|15/100\n|move|p1a: Raichu|Zap Cannon|p2b: Glimmora\n|-damage|p2b: Glimmora|0 fnt\n|faint|p2b: Glimmora\n|move|p2a: Rotom|Hydro Pump|p1a: Raichu\n|-damage|p1a: Raichu|29/100 psn\n|\n|-damage|p1a: Raichu|17/100 psn|[from] psn\n|-damage|p1b: Kingambit|76/100 brn|[from] brn\n|upkeep\n|\n|t:|1788326362\n|switch|p2b: Gardevoir|Gardevoir, L50, F|100/100\n|turn|5\n|\n|t:|1788326370\n|move|p2b: Gardevoir|Protect|p2b: Gardevoir\n|-singleturn|p2b: Gardevoir|Protect\n|move|p1b: Kingambit|Sucker Punch||[still]\n|-fail|p1b: Kingambit\n|move|p1a: Raichu|Zap Cannon|p2a: Rotom\n|-damage|p2a: Rotom|66/100\n|move|p2a: Rotom|Hydro Pump|p1b: Kingambit\n|-damage|p1b: Kingambit|53/100 brn\n|\n|-heal|p2a: Rotom|71/100|[from] item: Leftovers\n|-damage|p1a: Raichu|5/100 psn|[from] psn\n|-damage|p1b: Kingambit|47/100 brn|[from] brn\n|upkeep\n|turn|6\n|\n|t:|1788326395\n|move|p1b: Kingambit|Sucker Punch|p2b: Gardevoir\n|-damage|p2b: Gardevoir|0 fnt\n|faint|p2b: Gardevoir\n|move|p1a: Raichu|Zap Cannon|p2a: Rotom\n|-damage|p2a: Rotom|36/100\n|move|p2a: Rotom|Hydro Pump|p1b: Kingambit\n|-damage|p1b: Kingambit|23/100 brn\n|\n|-heal|p2a: Rotom|42/100|[from] item: Leftovers\n|-damage|p1a: Raichu|0 fnt|[from] psn\n|faint|p1a: Raichu\n|-damage|p1b: Kingambit|17/100 brn|[from] brn\n|upkeep\n|\n|t:|1788326407\n|switch|p1a: Incineroar|Incineroar, L50, M|28/100\n|switch|p2b: Talonflame|Talonflame, L50, F|100/100\n|-status|p1a: Incineroar|psn\n|-enditem|p1a: Incineroar|Lum Berry|[eat]\n|-curestatus|p1a: Incineroar|psn|[msg]\n|-ability|p1a: Incineroar|Intimidate|boost\n|-unboost|p2a: Rotom|atk|1\n|-unboost|p2b: Talonflame|atk|1\n|turn|7\n|\n|t:|1788326432\n|move|p1a: Incineroar|Fake Out|p2b: Talonflame\n|-damage|p2b: Talonflame|83/100\n|cant|p2b: Talonflame|flinch\n|move|p1b: Kingambit|Sucker Punch|p2a: Rotom\n|-damage|p2a: Rotom|0 fnt\n|faint|p2a: Rotom\n|\n|-damage|p1b: Kingambit|12/100 brn|[from] brn\n|-sideend|p2: KaZac|move: Light Screen\n|upkeep\n|turn|8\n|\n|t:|1788326443\n|move|p1b: Kingambit|Sucker Punch|p2b: Talonflame\n|-damage|p2b: Talonflame|0 fnt\n|faint|p2b: Talonflame\n|\n|win|That_Leek\n|raw|That_Leek's rating: 1169 &rarr; <strong>1193</strong><br />(+24 for winning)\n|raw|KaZac's rating: 1154 &rarr; <strong>1130</strong><br />(-24 for losing)\n|l|☆KaZac\n|player|p2|\n|l|☆That_Leek\n|player|p1|\n|j|☆That_Leek\n|player|p1|That_Leek|blue-masters|\n","uploadtime":1788326448,"views":"3","formatid":"gen9championsvgc2026regmbbo3","rating":1130,"private":0,"password":null}