{"id":"gen9championsvgc2026regmb-2674815539","format":"[Gen 9 Champions] VGC 2026 Reg M-B","players":["tmoney60000","ajp2352352433"],"log":"|j|☆tmoney60000\n|j|☆ajp2352352433\n|t:|1788412502\n|gametype|doubles\n|player|p1|tmoney60000|lucas|1076\n|player|p2|ajp2352352433|alder|1087\n|gen|9\n|tier|[Gen 9 Champions] VGC 2026 Reg M-B\n|rated|\n|rule|Species Clause: Limit one of each Pokémon\n|rule|Item Clause: Limit 1 of each item\n|clearpoke\n|poke|p1|Metagross, L50, shiny|\n|poke|p1|Kleavor, L50, F|\n|poke|p1|Whimsicott, L50, M, shiny|\n|poke|p1|Kingambit, L50, M|\n|poke|p1|Raichu, L50, M|\n|poke|p1|Basculegion, L50, M|\n|poke|p2|Floette-Eternal, L50, F|\n|poke|p2|Basculegion, L50, M|\n|poke|p2|Kingambit, L50, F|\n|poke|p2|Dragonite, L50, F|\n|poke|p2|Garchomp, L50, M|\n|poke|p2|Sneasler, L50, F|\n|teampreview|4\ntmoney60000 has agreed to open team sheets.\n|\n|t:|1788412547\n|teamsize|p1|4\n|teamsize|p2|4\n|start\n|switch|p1a: Metagross|Metagross, L50, shiny|100/100\n|switch|p1b: Whimsicott|Whimsicott, L50, M, shiny|100/100\n|switch|p2a: Garchomp|Garchomp, L50, M|100/100\n|switch|p2b: Dragonite|Dragonite, L50, F|100/100\n|turn|1\n|\n|t:|1788412567\n|detailschange|p1a: Metagross|Metagross-Mega, L50, shiny\n|-mega|p1a: Metagross|Metagross|Metagrossite\n|detailschange|p2b: Dragonite|Dragonite-Mega, L50, F\n|-mega|p2b: Dragonite|Dragonite|Dragoninite\n|move|p1b: Whimsicott|Tailwind|p1b: Whimsicott\n|-sidestart|p1: tmoney60000|move: Tailwind\n|move|p1a: Metagross|Ice Punch|p2a: Garchomp\n|-supereffective|p2a: Garchomp|2\n|-damage|p2a: Garchomp|0 fnt\n|-damage|p1a: Metagross|87/100|[from] ability: Rough Skin|[of] p2a: Garchomp\n|faint|p2a: Garchomp\n|move|p2b: Dragonite|Heat Wave|p1a: Metagross|[spread] p1a,p1b\n|-supereffective|p1a: Metagross|1\n|-supereffective|p1b: Whimsicott|1\n|-damage|p1a: Metagross|31/100\n|-damage|p1b: Whimsicott|16/100\n|-status|p1a: Metagross|brn\n|\n|-damage|p1a: Metagross|26/100 brn|[from] brn\n|upkeep\n|\n|t:|1788412584\n|switch|p2a: Kingambit|Kingambit, L50, F|100/100\n|turn|2\n|\n|t:|1788412593\n|move|p1a: Metagross|Protect|p1a: Metagross\n|-singleturn|p1a: Metagross|Protect\n|move|p2b: Dragonite|Extreme Speed|p1b: Whimsicott\n|-damage|p1b: Whimsicott|0 fnt\n|faint|p1b: Whimsicott\n|move|p2a: Kingambit|Sucker Punch||[still]\n|-fail|p2a: Kingambit\n|\n|-damage|p1a: Metagross|20/100y brn|[from] brn\n|upkeep\n|\n|t:|1788412605\n|switch|p1b: Kingambit|Kingambit, L50, M|100/100\n|turn|3\n|\n|t:|1788412615\n|move|p2b: Dragonite|Protect|p2b: Dragonite\n|-singleturn|p2b: Dragonite|Protect\n|move|p2a: Kingambit|Sucker Punch|p1a: Metagross\n|-supereffective|p1a: Metagross|1\n|-damage|p1a: Metagross|0 fnt\n|faint|p1a: Metagross\n|move|p1b: Kingambit|Low Kick|p2a: Kingambit\n|-supereffective|p2a: Kingambit|2\n|-enditem|p2a: Kingambit|Chople Berry|[eat]\n|-enditem|p2a: Kingambit|Chople Berry|[weaken]\n|-damage|p2a: Kingambit|37/100\n|\n|upkeep\n|\n|t:|1788412624\n|switch|p1a: Kleavor|Kleavor, L50, F|100/100\n|turn|4\n|\n|t:|1788412633\n|move|p1a: Kleavor|Stone Axe|p2b: Dragonite\n|-supereffective|p2b: Dragonite|1\n|-damage|p2b: Dragonite|47/100\n|-sidestart|p2: ajp2352352433|move: Stealth Rock\n|move|p1b: Kingambit|Low Kick|p2a: Kingambit\n|-supereffective|p2a: Kingambit|2\n|-damage|p2a: Kingambit|0 fnt\n|faint|p2a: Kingambit\n|move|p2b: Dragonite|Heat Wave|p1a: Kleavor|[spread] p1a\n|-miss|p2b: Dragonite|p1b: Kingambit\n|-damage|p1a: Kleavor|61/100\n|\n|-sideend|p1: tmoney60000|move: Tailwind\n|upkeep\n|\n|t:|1788412639\n|switch|p2a: Sneasler|Sneasler, L50, F|100/100\n|-damage|p2a: Sneasler|94/100|[from] Stealth Rock\n|turn|5\n|\n|t:|1788412647\n|move|p1a: Kleavor|Protect|p1a: Kleavor\n|-singleturn|p1a: Kleavor|Protect\n|move|p1b: Kingambit|Protect|p1b: Kingambit\n|-singleturn|p1b: Kingambit|Protect\n|move|p2b: Dragonite|Extreme Speed|p1a: Kleavor\n|-activate|p1a: Kleavor|move: Protect\n|move|p2a: Sneasler|Close Combat|p1b: Kingambit\n|-activate|p1b: Kingambit|move: Protect\n|\n|upkeep\n|turn|6\n|\n|t:|1788412670\n|move|p2a: Sneasler|Close Combat|p1b: Kingambit\n|-supereffective|p1b: Kingambit|2\n|-enditem|p1b: Kingambit|Chople Berry|[eat]\n|-enditem|p1b: Kingambit|Chople Berry|[weaken]\n|-damage|p1b: Kingambit|20/100y\n|-unboost|p2a: Sneasler|def|1\n|-unboost|p2a: Sneasler|spd|1\n|move|p1a: Kleavor|Stone Axe|p2b: Dragonite\n|-supereffective|p2b: Dragonite|1\n|-damage|p2b: Dragonite|0 fnt\n|faint|p2b: Dragonite\n|move|p1b: Kingambit|Kowtow Cleave|p2a: Sneasler\n|-resisted|p2a: Sneasler|1\n|-damage|p2a: Sneasler|29/100\n|\n|upkeep\n|turn|7\n|\n|t:|1788412701\n|move|p1b: Kingambit|Sucker Punch|p2a: Sneasler\n|-resisted|p2a: Sneasler|1\n|-damage|p2a: Sneasler|0 fnt\n|faint|p2a: Sneasler\n|\n|win|tmoney60000\n|raw|tmoney60000's rating: 1076 &rarr; <strong>1106</strong><br />(+30 for winning)\n|raw|ajp2352352433's rating: 1087 &rarr; <strong>1063</strong><br />(-24 for losing)\n","uploadtime":1788412705,"views":"0","formatid":"gen9championsvgc2026regmb","rating":1063,"private":0,"password":null}