{"id":"gen9championsvgc2026regmb-2674544219","format":"[Gen 9 Champions] VGC 2026 Reg M-B","players":["toobionest","skoomanus"],"log":"|j|☆toobionest\n|j|☆skoomanus\n|html|<table width=\"100%\"><tr><td align=\"left\">toobionest</td><td align=\"right\">skoomanus</tr><tr><td align=\"left\"><i class=\"fa fa-circle\"></i> <i class=\"fa fa-circle-o\"></i> </td><td align=\"right\"><i class=\"fa fa-circle-o\"></i> <i class=\"fa fa-circle-o\"></i> </tr></table>\n|uhtml|bestof|<h2><strong>Game 2</strong> of <a href=\"/game-bestof3-gen9championsvgc2026regmb-2674541911\">a best-of-3</a></h2>\n|t:|1788372196\n|gametype|doubles\n|player|p1|toobionest|brycenman|\n|player|p2|skoomanus|169|\n|gen|9\n|tier|[Gen 9 Champions] VGC 2026 Reg M-B\n|rule|Species Clause: Limit one of each Pokémon\n|rule|Item Clause: Limit 1 of each item\n|raw|<div class=\"infobox\"><details class=\"readmore\" open><summary><strong>1 custom rule:</strong></summary> Best of = 3</details></div>\n|clearpoke\n|poke|p1|Chandelure, L50, F|\n|poke|p1|Lycanroc-Dusk, L50, F|\n|poke|p1|Torkoal, L50, F|\n|poke|p1|Tsareena, L50, F|\n|poke|p1|Floette-Eternal, L50, F|\n|poke|p1|Whimsicott, L50, M|\n|poke|p2|Sinistcha, L50|\n|poke|p2|Oranguru, L50, F|\n|poke|p2|Torkoal, L50, F|\n|poke|p2|Crabominable, L50, M|\n|poke|p2|Farigiraf, L50, M|\n|poke|p2|Araquanid, L50, M|\n|teampreview|4\n|c|☆skoomanus|i think my team is not good vs yours\n|c|☆toobionest|you could have won yk\n|\n|t:|1788372268\n|teamsize|p1|4\n|teamsize|p2|4\n|start\n|switch|p1a: Chandelure|Chandelure, L50, F|100/100\n|switch|p1b: Whimsicott|Whimsicott, L50, M|100/100\n|switch|p2a: Araquanid|Araquanid, L50, M|100/100\n|switch|p2b: Farigiraf|Farigiraf, L50, M|100/100\n|turn|1\n|\n|t:|1788372329\n|move|p1a: Chandelure|Shadow Ball|p2a: Araquanid\n|-damage|p2a: Araquanid|55/100\n|move|p1b: Whimsicott|Dazzling Gleam|p2a: Araquanid|[spread] p2a,p2b\n|-damage|p2a: Araquanid|38/100\n|-damage|p2b: Farigiraf|82/100\n|move|p2b: Farigiraf|Psychic|p1b: Whimsicott\n|-damage|p1b: Whimsicott|48/100\n|move|p2a: Araquanid|Liquidation|p1b: Whimsicott\n|-resisted|p1b: Whimsicott|1\n|-damage|p1b: Whimsicott|3/100\n|\n|upkeep\n|turn|2\n|c|☆toobionest|???\n|c|☆toobionest|james your selling rn\n|c|☆skoomanus|thought you were gonna protect\n|-activate|p1b: Whimsicott|item: Quick Claw\n|\n|t:|1788372368\n|move|p2a: Araquanid|Protect|p2a: Araquanid\n|-singleturn|p2a: Araquanid|Protect\n|move|p1b: Whimsicott|Dazzling Gleam|p2b: Farigiraf|[spread] p2b\n|-activate|p2a: Araquanid|move: Protect\n|-damage|p2b: Farigiraf|66/100\n|move|p1a: Chandelure|Shadow Ball|p2a: Araquanid\n|-activate|p2a: Araquanid|move: Protect\n|move|p2b: Farigiraf|Trick Room|p2b: Farigiraf\n|-fieldstart|move: Trick Room|[of] p2b: Farigiraf\n|\n|upkeep\n|turn|3\n|\n|t:|1788372392\n|switch|p2b: Sinistcha|Sinistcha, L50|100/100\n|move|p1b: Whimsicott|Light Screen|p1b: Whimsicott\n|-sidestart|p1: toobionest|move: Light Screen\n|move|p2a: Araquanid|Liquidation|p1a: Chandelure\n|-supereffective|p1a: Chandelure|1\n|-damage|p1a: Chandelure|0 fnt\n|faint|p1a: Chandelure\n|\n|upkeep\n|\n|t:|1788372398\n|switch|p1a: Torkoal|Torkoal, L50, F|100/100\n|-weather|SunnyDay|[from] ability: Drought|[of] p1a: Torkoal\n|turn|4\n|c|☆toobionest|ggs i win\n|\n|t:|1788372446\n|move|p2a: Araquanid|Wide Guard|p2a: Araquanid\n|-singleturn|p2a: Araquanid|Wide Guard\n|move|p1b: Whimsicott|Taunt|p2b: Sinistcha\n|-start|p2b: Sinistcha|move: Taunt\n|move|p1a: Torkoal|Eruption|p2b: Sinistcha|[spread] \n|-activate|p2a: Araquanid|move: Wide Guard\n|-activate|p2b: Sinistcha|move: Wide Guard\n|move|p2b: Sinistcha|Shadow Ball|p1b: Whimsicott\n|-damage|p1b: Whimsicott|0 fnt\n|faint|p1b: Whimsicott\n|\n|-weather|SunnyDay|[upkeep]\n|upkeep\n|\n|t:|1788372457\n|switch|p1b: Lycanroc|Lycanroc-Dusk, L50, F|100/100\n|turn|5\n|\n|t:|1788372485\n|move|p1a: Torkoal|Protect|p1a: Torkoal\n|-singleturn|p1a: Torkoal|Protect\n|move|p2a: Araquanid|Protect||[still]\n|-fail|p2a: Araquanid\n|move|p1b: Lycanroc|Accelerock|p2a: Araquanid\n|-supereffective|p2a: Araquanid|1\n|-damage|p2a: Araquanid|0 fnt\n|faint|p2a: Araquanid\n|move|p2b: Sinistcha|Matcha Gotcha|p1a: Torkoal|[spread] p1b\n|-activate|p1a: Torkoal|move: Protect\n|-supereffective|p1b: Lycanroc|1\n|-damage|p1b: Lycanroc|25/100\n|\n|-weather|SunnyDay|[upkeep]\n|upkeep\n|c|☆toobionest|sohn\n|\n|t:|1788372508\n|switch|p2a: Torkoal|Torkoal, L50, F|100/100\n|turn|6\n|\n|t:|1788372559\n|move|p1b: Lycanroc|Accelerock|p2a: Torkoal\n|-supereffective|p2a: Torkoal|1\n|-damage|p2a: Torkoal|50/100g\n|move|p2a: Torkoal|Eruption|p1b: Lycanroc|[spread] p1a,p1b\n|-resisted|p1a: Torkoal|1\n|-resisted|p1b: Lycanroc|1\n|-damage|p1a: Torkoal|82/100\n|-damage|p1b: Lycanroc|2/100\n|move|p1a: Torkoal|Eruption|p2a: Torkoal|[spread] p2a,p2b\n|-resisted|p2a: Torkoal|1\n|-supereffective|p2b: Sinistcha|1\n|-damage|p2a: Torkoal|1/100\n|-damage|p2b: Sinistcha|9/100\n|-enditem|p2b: Sinistcha|Sitrus Berry|[eat]\n|-heal|p2b: Sinistcha|34/100|[from] item: Sitrus Berry\n|move|p2b: Sinistcha|Shadow Ball|p1a: Torkoal\n|-damage|p1a: Torkoal|46/100\n|\n|-weather|SunnyDay|[upkeep]\n|-end|p2b: Sinistcha|move: Taunt\n|-fieldend|move: Trick Room\n|upkeep\n|turn|7\n|\n|t:|1788372619\n|move|p1b: Lycanroc|Protect|p1b: Lycanroc\n|-singleturn|p1b: Lycanroc|Protect\n|move|p2b: Sinistcha|Rage Powder|p2b: Sinistcha\n|-singleturn|p2b: Sinistcha|move: Rage Powder\n|move|p1a: Torkoal|Lava Plume|p2b: Sinistcha|[spread] p2a,p2b\n|-activate|p1b: Lycanroc|move: Protect\n|-resisted|p2a: Torkoal|1\n|-supereffective|p2b: Sinistcha|1\n|-damage|p2a: Torkoal|0 fnt\n|-damage|p2b: Sinistcha|0 fnt\n|faint|p2a: Torkoal\n|faint|p2b: Sinistcha\n|\n|-weather|SunnyDay|[upkeep]\n|-sideend|p1: toobionest|move: Light Screen\n|upkeep\n|\n|t:|1788372642\n|switch|p2a: Farigiraf|Farigiraf, L50, M|66/100\n|turn|8\n|\n|t:|1788372679\n|move|p1a: Torkoal|Protect|p1a: Torkoal\n|-singleturn|p1a: Torkoal|Protect\n|move|p1b: Lycanroc|Close Combat|p2a: Farigiraf\n|-damage|p2a: Farigiraf|19/100\n|-unboost|p1b: Lycanroc|def|1\n|-unboost|p1b: Lycanroc|spd|1\n|move|p2a: Farigiraf|Hyper Voice|p1a: Torkoal|[spread] p1b\n|-activate|p1a: Torkoal|move: Protect\n|-resisted|p1b: Lycanroc|1\n|-damage|p1b: Lycanroc|0 fnt\n|faint|p1b: Lycanroc\n|\n|-weather|none\n|upkeep\n|turn|9\n|\n|t:|1788372699\n|move|p2a: Farigiraf|Psychic|p1a: Torkoal\n|-damage|p1a: Torkoal|0 fnt\n|faint|p1a: Torkoal\n|\n|win|skoomanus\n","uploadtime":1788372699,"views":"0","formatid":"gen9championsvgc2026regmb","rating":null,"private":0,"password":null}