{"id":"gen9championsvgc2026regmbbo3-2673698694","format":"[Gen 9 Champions] VGC 2026 Reg M-B (Bo3)","players":["ichibanactor","tevad"],"log":"|j|☆ichibanactor\n|j|☆tevad\n|html|<table width=\"100%\"><tr><td align=\"left\">ichibanactor</td><td align=\"right\">tevad</tr><tr><td align=\"left\"><i class=\"fa fa-circle\"></i> <i class=\"fa fa-circle-o\"></i> </td><td align=\"right\"><i class=\"fa fa-circle-o\"></i> <i class=\"fa fa-circle-o\"></i> </tr></table>\n|uhtml|bestof|<h2><strong>Game 2</strong> of <a href=\"/game-bestof3-gen9championsvgc2026regmbbo3-2673697254\">a best-of-3</a></h2>\n|t:|1788235502\n|gametype|doubles\n|player|p1|ichibanactor|richboy-gen4|1048\n|player|p2|tevad|hilbert|1029\n|gen|9\n|tier|[Gen 9 Champions] VGC 2026 Reg M-B (Bo3)\n|rated|\n|rule|Species Clause: Limit one of each Pokémon\n|rule|Item Clause: Limit 1 of each item\n|clearpoke\n|poke|p1|Lycanroc-Dusk, L50, M|\n|poke|p1|Froslass, L50, F|\n|poke|p1|Scovillain, L50, F|\n|poke|p1|Basculegion, L50, M|\n|poke|p1|Kingambit, L50, F|\n|poke|p1|Sneasler, L50, M|\n|poke|p2|Floette-Eternal, L50, F|\n|poke|p2|Charizard, L50, F|\n|poke|p2|Garchomp, L50, M|\n|poke|p2|Incineroar, L50, M|\n|poke|p2|Whimsicott, L50, F|\n|poke|p2|Venusaur, L50, M|\n|teampreview|4\n|showteam|p1|Lycanroc-Dusk||FocusSash|ToughClaws|RockSlide,CloseCombat,Accelerock,Protect|Adamant||M|||50|]Froslass||Froslassite|SnowCloak|Blizzard,ShadowBall,AuroraVeil,Protect|Modest||F|||50|]Scovillain||Scovillainite|Chlorophyll|Overheat,GigaDrain,RagePowder,Protect|Bold||F|||50|]Basculegion||SitrusBerry|Adaptability|WaveCrash,LastRespects,AquaJet,Protect|Adamant||M|||50|]Kingambit||ChopleBerry|Defiant|KowtowCleave,SuckerPunch,LowKick,Protect|Adamant||F|||50|]Sneasler||WhiteHerb|Unburden|CloseCombat,DireClaw,FakeOut,Protect|Adamant||M|||50|\n|showteam|p2|Floette-Eternal||Floettite|FlowerVeil|Moonblast,DazzlingGleam,Protect,CalmMind|Modest||F|||50|]Charizard||CharizarditeY|Blaze|Protect,HeatWave,SolarBeam,WeatherBall|Modest||F|||50|]Garchomp||LifeOrb|RoughSkin|DragonClaw,RockSlide,Earthquake,Protect|Jolly||M|||50|]Incineroar||SitrusBerry|Intimidate|FakeOut,PartingShot,FlareBlitz,ThroatChop|Careful||M|||50|]Whimsicott||FairyFeather|Prankster|Tailwind,Moonblast,Protect,Encore|Bold||F|||50|]Venusaur||FocusSash|Chlorophyll|SludgeBomb,LeafStorm,Protect,SleepPowder|Modest||M|||50|\n|inactive|Battle timer is ON: inactive players will automatically lose when time's up. (requested by ichibanactor)\n|inactive|tevad has 60 seconds left.\n|inactive|tevad has 30 seconds left.\n|\n|t:|1788235567\n|teamsize|p1|4\n|teamsize|p2|4\n|start\n|switch|p1a: Froslass|Froslass, L50, F|100/100\n|switch|p1b: Lycanroc|Lycanroc-Dusk, L50, M|100/100\n|switch|p2a: Incineroar|Incineroar, L50, M|100/100\n|switch|p2b: Whimsicott|Whimsicott, L50, F|100/100\n|-ability|p2a: Incineroar|Intimidate|boost\n|-unboost|p1a: Froslass|atk|1\n|-unboost|p1b: Lycanroc|atk|1\n|turn|1\n|inactive|tevad has 30 seconds left.\n|\n|t:|1788235599\n|detailschange|p1a: Froslass|Froslass-Mega, L50, F\n|-mega|p1a: Froslass|Froslass|Froslassite\n|-weather|Snowscape|[from] ability: Snow Warning|[of] p1a: Froslass\n|move|p2b: Whimsicott|Tailwind|p2b: Whimsicott\n|-sidestart|p2: tevad|move: Tailwind\n|move|p2a: Incineroar|Parting Shot|p1a: Froslass\n|-unboost|p1a: Froslass|atk|1\n|-unboost|p1a: Froslass|spa|1\n|\n|t:|1788235606\n|switch|p2a: Floette|Floette-Eternal, L50, F|100/100|[from] Parting Shot\n|move|p1b: Lycanroc|Rock Slide|p2a: Floette|[spread] p2b\n|-miss|p1b: Lycanroc|p2a: Floette\n|-damage|p2b: Whimsicott|83/100\n|move|p1a: Froslass|Aurora Veil|p1a: Froslass\n|-sidestart|p1: ichibanactor|move: Aurora Veil\n|\n|-weather|Snowscape|[upkeep]\n|upkeep\n|turn|2\n|inactive|ichibanactor has 30 seconds left.\n|\n|t:|1788235631\n|detailschange|p2a: Floette|Floette-Mega, L50, F\n|-mega|p2a: Floette|Floette|Floettite\n|-ability|p2a: Floette|Fairy Aura\n|move|p1b: Lycanroc|Protect|p1b: Lycanroc\n|-singleturn|p1b: Lycanroc|Protect\n|move|p2b: Whimsicott|Encore|p1a: Froslass\n|-start|p1a: Froslass|Encore\n|move|p2a: Floette|Calm Mind|p2a: Floette\n|-boost|p2a: Floette|spa|1\n|-boost|p2a: Floette|spd|1\n|move|p1a: Froslass|Aurora Veil||[still]\n|-fail|p1a: Froslass\n|\n|-weather|Snowscape|[upkeep]\n|upkeep\n|turn|3\n|inactive|tevad has 30 seconds left.\n|\n|t:|1788235662\n|switch|p1a: Sneasler|Sneasler, L50, M|100/100\n|move|p1b: Lycanroc|Accelerock|p2a: Floette\n|-damage|p2a: Floette|73/100\n|move|p2a: Floette|Moonblast|p1a: Sneasler\n|-damage|p1a: Sneasler|0 fnt\n|faint|p1a: Sneasler\n|move|p2b: Whimsicott|Moonblast|p1b: Lycanroc\n|-damage|p1b: Lycanroc|48/100\n|\n|-weather|Snowscape|[upkeep]\n|upkeep\n|\n|t:|1788235678\n|switch|p1a: Froslass|Froslass-Mega, L50, F|100/100\n|turn|4\n|\n|t:|1788235700\n|move|p2b: Whimsicott|Protect|p2b: Whimsicott\n|-singleturn|p2b: Whimsicott|Protect\n|move|p1b: Lycanroc|Protect|p1b: Lycanroc\n|-singleturn|p1b: Lycanroc|Protect\n|move|p2a: Floette|Moonblast|p1a: Froslass\n|-damage|p1a: Froslass|10/100\n|move|p1a: Froslass|Blizzard|p2a: Floette|[spread] p2a\n|-activate|p2b: Whimsicott|move: Protect\n|-crit|p2a: Floette\n|-damage|p2a: Floette|17/100\n|\n|-weather|Snowscape|[upkeep]\n|-sideend|p2: tevad|move: Tailwind\n|upkeep\n|turn|5\n|\n|t:|1788235719\n|move|p2a: Floette|Protect|p2a: Floette\n|-singleturn|p2a: Floette|Protect\n|move|p1b: Lycanroc|Accelerock|p2a: Floette\n|-activate|p2a: Floette|move: Protect\n|move|p1a: Froslass|Blizzard|p2a: Floette|[spread] p2b\n|-activate|p2a: Floette|move: Protect\n|-supereffective|p2b: Whimsicott|1\n|-damage|p2b: Whimsicott|0 fnt\n|faint|p2b: Whimsicott\n|\n|-weather|none\n|-sideend|p1: ichibanactor|move: Aurora Veil\n|upkeep\n|\n|t:|1788235731\n|switch|p2b: Incineroar|Incineroar, L50, M|100/100\n|-ability|p2b: Incineroar|Intimidate|boost\n|-unboost|p1a: Froslass|atk|1\n|-unboost|p1b: Lycanroc|atk|1\n|turn|6\n|inactive|tevad has 30 seconds left.\n|\n|t:|1788235756\n|move|p1b: Lycanroc|Protect|p1b: Lycanroc\n|-singleturn|p1b: Lycanroc|Protect\n|move|p1a: Froslass|Protect|p1a: Froslass\n|-singleturn|p1a: Froslass|Protect\n|move|p2b: Incineroar|Fake Out|p1b: Lycanroc\n|-activate|p1b: Lycanroc|move: Protect\n|move|p2a: Floette|Dazzling Gleam|p1b: Lycanroc|[spread] \n|-activate|p1a: Froslass|move: Protect\n|-activate|p1b: Lycanroc|move: Protect\n|\n|upkeep\n|turn|7\n|\n|t:|1788235777\n|switch|p2b: Garchomp|Garchomp, L50, M|100/100\n|move|p1b: Lycanroc|Rock Slide|p2a: Floette|[spread] p2a,p2b\n|-resisted|p2b: Garchomp|1\n|-damage|p2a: Floette|0 fnt\n|-damage|p2b: Garchomp|93/100\n|faint|p2a: Floette\n|move|p1a: Froslass|Shadow Ball|p2b: Garchomp\n|-damage|p2b: Garchomp|44/100\n|-unboost|p2b: Garchomp|spd|1\n|\n|upkeep\n|\n|t:|1788235783\n|switch|p2a: Incineroar|Incineroar, L50, M|100/100\n|-ability|p2a: Incineroar|Intimidate|boost\n|-unboost|p1a: Froslass|atk|1\n|-unboost|p1b: Lycanroc|atk|1\n|turn|8\n|\n|t:|1788235799\n|switch|p1b: Basculegion|Basculegion, L50, M|100/100\n|move|p2b: Garchomp|Rock Slide|p1b: Basculegion|[spread] p1a,p1b\n|-supereffective|p1a: Froslass|1\n|-damage|p1a: Froslass|0 fnt\n|-damage|p1b: Basculegion|73/100\n|faint|p1a: Froslass\n|-damage|p2b: Garchomp|34/100|[from] item: Life Orb\n|move|p2a: Incineroar|Flare Blitz|p1b: Basculegion\n|-resisted|p1b: Basculegion|1\n|-damage|p1b: Basculegion|49/100\n|-enditem|p1b: Basculegion|Sitrus Berry|[eat]\n|-heal|p1b: Basculegion|74/100|[from] item: Sitrus Berry\n|-damage|p2a: Incineroar|91/100|[from] Recoil\n|\n|upkeep\n|\n|t:|1788235815\n|switch|p1a: Lycanroc|Lycanroc-Dusk, L50, M|48/100\n|turn|9\n|inactive|ichibanactor has 30 seconds left.\n|inactive|tevad has 30 seconds left.\n|inactive|ichibanactor has 20 seconds left.\n|inactive|tevad has 20 seconds left.\n|inactive|tevad has 15 seconds left.\n|inactive|tevad has 10 seconds left.\n|inactive|tevad has 5 seconds left.\n|\n|t:|1788235866\n|move|p1a: Lycanroc|Accelerock|p2b: Garchomp\n|-resisted|p2b: Garchomp|1\n|-damage|p2b: Garchomp|19/100\n|-damage|p1a: Lycanroc|36/100|[from] ability: Rough Skin|[of] p2b: Garchomp\n|move|p1b: Basculegion|Aqua Jet|p2b: Garchomp\n|-damage|p2b: Garchomp|0 fnt\n|-damage|p1b: Basculegion|62/100|[from] ability: Rough Skin|[of] p2b: Garchomp\n|faint|p2b: Garchomp\n|move|p2a: Incineroar|Throat Chop|p1b: Basculegion\n|-supereffective|p1b: Basculegion|1\n|-damage|p1b: Basculegion|0 fnt\n|faint|p1b: Basculegion\n|\n|upkeep\n|turn|10\n|\n|t:|1788235885\n|move|p1a: Lycanroc|Close Combat|p2a: Incineroar\n|-supereffective|p2a: Incineroar|1\n|-damage|p2a: Incineroar|7/100\n|-unboost|p1a: Lycanroc|def|1\n|-unboost|p1a: Lycanroc|spd|1\n|-enditem|p2a: Incineroar|Sitrus Berry|[eat]\n|-heal|p2a: Incineroar|32/100|[from] item: Sitrus Berry\n|move|p2a: Incineroar|Throat Chop|p1a: Lycanroc\n|-damage|p1a: Lycanroc|0 fnt\n|faint|p1a: Lycanroc\n|\n|win|tevad\n|inactive|ichibanactor has 30 seconds to confirm battle start!\n|inactive|tevad has 30 seconds to confirm battle start!\n||ichibanactor is ready for game 3.\n||tevad is ready for game 3.\n|uhtml|next|Next: <a href=\"/battle-gen9championsvgc2026regmbbo3-2673700633\"><strong>Game 3 of 3</strong></a>\n","uploadtime":1788236100,"views":"12","formatid":"gen9championsvgc2026regmbbo3","rating":null,"private":0,"password":null}