{"id":"gen9championsvgc2026regmb-2674479404","format":"[Gen 9 Champions] VGC 2026 Reg M-B","players":["Quaaloods","InfernoXERO1"],"log":"|j|☆Quaaloods\n|j|☆InfernoXERO1\n|t:|1788364662\n|gametype|doubles\n|player|p1|Quaaloods|petrel|1306\n|player|p2|InfernoXERO1|cyrus|1314\n|gen|9\n|tier|[Gen 9 Champions] VGC 2026 Reg M-B\n|rated|\n|rule|Species Clause: Limit one of each Pokémon\n|rule|Item Clause: Limit 1 of each item\n|clearpoke\n|poke|p1|Ceruledge, L50, M|\n|poke|p1|Farigiraf, L50, F|\n|poke|p1|Sinistcha, L50|\n|poke|p1|Floette-Eternal, L50, F|\n|poke|p1|Incineroar, L50, M|\n|poke|p1|Golurk, L50|\n|poke|p2|Dragonite, L50, F|\n|poke|p2|Sneasler, L50, M|\n|poke|p2|Basculegion, L50, M|\n|poke|p2|Kingambit, L50, M|\n|poke|p2|Garchomp, L50, F|\n|poke|p2|Floette-Eternal, L50, F|\n|teampreview|4\n|\n|t:|1788364687\n|teamsize|p1|4\n|teamsize|p2|4\n|start\n|switch|p1a: Deus Vult|Ceruledge, L50, M|100/100\n|switch|p1b: Télétubbies|Farigiraf, L50, F|100/100\n|switch|p2a: Floette|Floette-Eternal, L50, F|100/100\n|switch|p2b: Sneasler|Sneasler, L50, M|100/100\n|turn|1\n|\n|t:|1788364710\n|detailschange|p2a: Floette|Floette-Mega, L50, F\n|-mega|p2a: Floette|Floette|Floettite\n|-ability|p2a: Floette|Fairy Aura\n|move|p2b: Sneasler|Dire Claw|p1a: Deus Vult\n|-resisted|p1a: Deus Vult|1\n|-damage|p1a: Deus Vult|68/100\n|move|p2a: Floette|Light of Ruin|p1b: Télétubbies\n|-damage|p1b: Télétubbies|1/100\n|-enditem|p1b: Télétubbies|Sitrus Berry|[eat]\n|-heal|p1b: Télétubbies|25/100|[from] item: Sitrus Berry\n|-damage|p2a: Floette|26/100|[from] Recoil\n|move|p1a: Deus Vult|Poltergeist|p2a: Floette|[miss]\n|-miss|p1a: Deus Vult|p2a: Floette\n|move|p1b: Télétubbies|Trick Room|p1b: Télétubbies\n|-fieldstart|move: Trick Room|[of] p1b: Télétubbies\n|\n|upkeep\n|turn|2\n|\n|t:|1788364739\n|move|p1b: Télétubbies|Psychic Noise|p2b: Sneasler\n|-supereffective|p2b: Sneasler|2\n|-enditem|p2b: Sneasler|Focus Sash\n|-damage|p2b: Sneasler|1/100\n|-start|p2b: Sneasler|move: Heal Block\n|move|p1a: Deus Vult|Poltergeist|p2a: Floette\n|-activate|p2a: Floette|move: Poltergeist|Floettite\n|-damage|p2a: Floette|0 fnt\n|faint|p2a: Floette\n|move|p2b: Sneasler|Dire Claw|p1a: Deus Vult\n|-resisted|p1a: Deus Vult|1\n|-damage|p1a: Deus Vult|36/100\n|\n|upkeep\n|\n|t:|1788364752\n|switch|p2a: Kingambit|Kingambit, L50, M|100/100\n|turn|3\n|\n|t:|1788364771\n|switch|p1b: Mojito|Sinistcha, L50|100/100\n|-heal|p1a: Deus Vult|61/100|[from] ability: Hospitality|[of] p1b: Mojito\n|switch|p2b: Basculegion|Basculegion, L50, M|100/100\n|move|p1a: Deus Vult|Protect|p1a: Deus Vult\n|-singleturn|p1a: Deus Vult|Protect\n|move|p2a: Kingambit|Kowtow Cleave|p1a: Deus Vult\n|-activate|p1a: Deus Vult|move: Protect\n|\n|upkeep\n|turn|4\n|\n|t:|1788364791\n|move|p2b: Basculegion|Protect|p2b: Basculegion\n|-singleturn|p2b: Basculegion|Protect\n|move|p1b: Mojito|Rage Powder|p1b: Mojito\n|-singleturn|p1b: Mojito|move: Rage Powder\n|move|p2a: Kingambit|Kowtow Cleave|p1b: Mojito\n|-supereffective|p1b: Mojito|1\n|-enditem|p1b: Mojito|Colbur Berry|[eat]\n|-enditem|p1b: Mojito|Colbur Berry|[weaken]\n|-damage|p1b: Mojito|62/100\n|move|p1a: Deus Vult|Close Combat|p2a: Kingambit\n|-supereffective|p2a: Kingambit|2\n|-enditem|p2a: Kingambit|Chople Berry|[eat]\n|-enditem|p2a: Kingambit|Chople Berry|[weaken]\n|-damage|p2a: Kingambit|28/100\n|-unboost|p1a: Deus Vult|def|1\n|-unboost|p1a: Deus Vult|spd|1\n|\n|upkeep\n|turn|5\n|\n|t:|1788364810\n|move|p1b: Mojito|Rage Powder|p1b: Mojito\n|-singleturn|p1b: Mojito|move: Rage Powder\n|move|p2a: Kingambit|Kowtow Cleave|p1b: Mojito\n|-supereffective|p1b: Mojito|1\n|-damage|p1b: Mojito|0 fnt\n|faint|p1b: Mojito\n|move|p2b: Basculegion|Last Respects|p1a: Deus Vult\n|-supereffective|p1a: Deus Vult|1\n|-damage|p1a: Deus Vult|0 fnt\n|faint|p1a: Deus Vult\n|-damage|p2b: Basculegion|90/100|[from] item: Life Orb\n|\n|-fieldend|move: Trick Room\n|upkeep\n|\n|t:|1788364825\n|switch|p1a: Hiroshima|Floette-Eternal, L50, F|100/100\n|switch|p1b: Télétubbies|Farigiraf, L50, F|25/100\n|turn|6\n|\n|t:|1788364857\n|detailschange|p1a: Hiroshima|Floette-Mega, L50, F\n|-mega|p1a: Hiroshima|Floette|Floettite\n|-ability|p1a: Hiroshima|Fairy Aura\n|move|p1b: Télétubbies|Ally Switch|p1b: Télétubbies\n|swap|p1b: Télétubbies|0|[from] move: Ally Switch\n|move|p1b: Hiroshima|Dazzling Gleam|p2a: Kingambit|[spread] p2a,p2b\n|-damage|p2a: Kingambit|0 fnt\n|-damage|p2b: Basculegion|46/100\n|faint|p2a: Kingambit\n|move|p2b: Basculegion|Last Respects|p1a: Télétubbies\n|-immune|p1a: Télétubbies\n|\n|upkeep\n|\n|t:|1788364867\n|switch|p2a: Sneasler|Sneasler, L50, M|1/100\n|turn|7\n|c|☆InfernoXERO1|great ally switch\n|inactive|Battle timer is ON: inactive players will automatically lose when time's up. (requested by InfernoXERO1)\n|\n|t:|1788364924\n|move|p2a: Sneasler|Dire Claw|p1a: Télétubbies\n|-damage|p1a: Télétubbies|0 fnt\n|faint|p1a: Télétubbies\n|move|p1b: Hiroshima|Dazzling Gleam|p2b: Basculegion|[spread] p2a,p2b\n|-damage|p2a: Sneasler|0 fnt\n|-damage|p2b: Basculegion|3/100\n|faint|p2a: Sneasler\n|move|p2b: Basculegion|Last Respects|p1b: Hiroshima\n|-damage|p1b: Hiroshima|0 fnt\n|faint|p1b: Hiroshima\n|-damage|p2b: Basculegion|0 fnt|[from] item: Life Orb\n|faint|p2b: Basculegion\n|\n|win|InfernoXERO1\n|raw|Quaaloods's rating: 1306 &rarr; <strong>1286</strong><br />(-20 for losing)\n|raw|InfernoXERO1's rating: 1314 &rarr; <strong>1334</strong><br />(+20 for winning)\n|c|☆Quaaloods|gg\n|c|☆InfernoXERO1|gg\n|l|☆InfernoXERO1\n|player|p2|\n","uploadtime":1788364940,"views":"0","formatid":"gen9championsvgc2026regmb","rating":1286,"private":0,"password":null}