{"id":"gen9championsvgc2026regmb-2674817748","format":"[Gen 9 Champions] VGC 2026 Reg M-B","players":["miltoneering","Alphahunter2000"],"log":"|j|☆miltoneering\n|j|☆Alphahunter2000\n|t:|1788413015\n|gametype|doubles\n|player|p1|miltoneering|265|1222\n|player|p2|Alphahunter2000|170|1159\n|gen|9\n|tier|[Gen 9 Champions] VGC 2026 Reg M-B\n|rated|\n|rule|Species Clause: Limit one of each Pokémon\n|rule|Item Clause: Limit 1 of each item\n|clearpoke\n|poke|p1|Abomasnow, L50, M|\n|poke|p1|Armarouge, L50, F|\n|poke|p1|Kingambit, L50, F|\n|poke|p1|Mimikyu, L50, F|\n|poke|p1|Basculegion, L50, M|\n|poke|p1|Whimsicott, L50, M|\n|poke|p2|Pelipper, L50, M|\n|poke|p2|Archaludon, L50, M|\n|poke|p2|Swampert, L50, M|\n|poke|p2|Greninja, L50, M|\n|poke|p2|Ninetales-Alola, L50, M|\n|poke|p2|Aegislash, L50, F|\n|teampreview|4\nmiltoneering rejected open team sheets.\n|\n|t:|1788413108\n|teamsize|p1|4\n|teamsize|p2|4\n|start\n|switch|p1a: Mimikyu|Mimikyu, L50, F|100/100\n|switch|p1b: Basculegion|Basculegion, L50, M|100/100\n|switch|p2a: Pelipper|Pelipper, L50, M|100/100\n|switch|p2b: Greninja|Greninja, L50, M|100/100\n|-weather|RainDance|[from] ability: Drizzle|[of] p2a: Pelipper\n|turn|1\n|\n|t:|1788413142\n|move|p2b: Greninja|Protect|p2b: Greninja\n|-singleturn|p2b: Greninja|Protect\n|move|p1b: Basculegion|Flip Turn|p2b: Greninja\n|-activate|p2b: Greninja|move: Protect\n|move|p1a: Mimikyu|Swords Dance|p1a: Mimikyu\n|-boost|p1a: Mimikyu|atk|2\n|move|p2a: Pelipper|Tailwind|p2a: Pelipper\n|-sidestart|p2: Alphahunter2000|move: Tailwind\n|\n|-weather|RainDance|[upkeep]\n|upkeep\n|turn|2\n|\n|t:|1788413181\n|switch|p1b: Abomasnow|Abomasnow, L50, M|100/100\n|-weather|Snowscape|[from] ability: Snow Warning|[of] p1b: Abomasnow\n|detailschange|p2b: Greninja|Greninja-Mega, L50, M\n|-mega|p2b: Greninja|Greninja|Greninjite\n|move|p2a: Pelipper|Protect|p2a: Pelipper\n|-singleturn|p2a: Pelipper|Protect\n|move|p2b: Greninja|Dark Pulse|p1b: Abomasnow\n|-start|p2b: Greninja|typechange|Dark|[from] ability: Protean\n|-damage|p1b: Abomasnow|64/100\n|move|p1a: Mimikyu|Play Rough|p2b: Greninja\n|-supereffective|p2b: Greninja|1\n|-damage|p2b: Greninja|0 fnt\n|faint|p2b: Greninja\n|-damage|p1a: Mimikyu|90/100|[from] item: Life Orb\n|\n|-weather|Snowscape|[upkeep]\n|upkeep\n|\n|t:|1788413198\n|switch|p2b: Aegislash|Aegislash, L50, F|100/100\n|turn|3\n|\n|t:|1788413223\n|detailschange|p1b: Abomasnow|Abomasnow-Mega, L50, M\n|-mega|p1b: Abomasnow|Abomasnow|Abomasite\n|move|p1a: Mimikyu|Shadow Sneak|p2b: Aegislash\n|-supereffective|p2b: Aegislash|1\n|-damage|p2b: Aegislash|25/100\n|-damage|p1a: Mimikyu|80/100|[from] item: Life Orb\n|move|p2b: Aegislash|Swords Dance|p2b: Aegislash\n|-boost|p2b: Aegislash|atk|2\n|move|p2a: Pelipper|Hurricane|p1b: Abomasnow|[miss]\n|-miss|p2a: Pelipper|p1b: Abomasnow\n|move|p1b: Abomasnow|Aurora Veil|p1b: Abomasnow\n|-sidestart|p1: miltoneering|move: Aurora Veil\n|\n|-weather|Snowscape|[upkeep]\n|upkeep\n|turn|4\n|\n|t:|1788413253\n|switch|p2a: Ninetales|Ninetales-Alola, L50, M|100/100\n|move|p2b: Aegislash|King's Shield|p2b: Aegislash\n|-singleturn|p2b: Aegislash|Protect\n|move|p1a: Mimikyu|Play Rough|p2a: Ninetales\n|-damage|p2a: Ninetales|1/100\n|-damage|p1a: Mimikyu|70/100|[from] item: Life Orb\n|move|p1b: Abomasnow|Giga Drain|p2a: Ninetales\n|-damage|p2a: Ninetales|0 fnt\n|-heal|p1b: Abomasnow|64/100|[from] drain|[of] p2a: Ninetales\n|faint|p2a: Ninetales\n|\n|-weather|Snowscape|[upkeep]\n|-sideend|p2: Alphahunter2000|move: Tailwind\n|upkeep\n|\n|t:|1788413266\n|switch|p2a: Pelipper|Pelipper, L50, M|100/100\n|-weather|RainDance|[from] ability: Drizzle|[of] p2a: Pelipper\n|turn|5\n|\n|t:|1788413280\n|switch|p1b: Basculegion|Basculegion, L50, M|100/100\n|move|p1a: Mimikyu|Shadow Sneak|p2b: Aegislash\n|-supereffective|p2b: Aegislash|1\n|-damage|p2b: Aegislash|0 fnt\n|faint|p2b: Aegislash\n|-damage|p1a: Mimikyu|60/100|[from] item: Life Orb\n|move|p2a: Pelipper|Hurricane|p1b: Basculegion\n|-damage|p1b: Basculegion|61/100\n|\n|-weather|RainDance|[upkeep]\n|upkeep\n|turn|6\n|-message|Alphahunter2000 forfeited.\n|\n|win|miltoneering\n|raw|miltoneering's rating: 1222 &rarr; <strong>1243</strong><br />(+21 for winning)\n|raw|Alphahunter2000's rating: 1159 &rarr; <strong>1138</strong><br />(-21 for losing)\n|l|☆Alphahunter2000\n|player|p2|\n|c|☆miltoneering|gg\n","uploadtime":1788413296,"views":"1","formatid":"gen9championsvgc2026regmb","rating":1138,"private":0,"password":null}