{"id":"gen9championsvgc2026regmb-2674346628","format":"[Gen 9 Champions] VGC 2026 Reg M-B","players":["Iamsupermegacool","parmesanlugubre206"],"log":"|j|☆Iamsupermegacool\n|j|☆parmesanlugubre206\n|t:|1788346021\n|gametype|doubles\n|player|p1|Iamsupermegacool|101|1526\n|player|p2|parmesanlugubre206|ethan|1514\n|gen|9\n|tier|[Gen 9 Champions] VGC 2026 Reg M-B\n|rated|\n|rule|Species Clause: Limit one of each Pokémon\n|rule|Item Clause: Limit 1 of each item\n|clearpoke\n|poke|p1|Froslass, L50, F|\n|poke|p1|Lycanroc-Dusk, L50, F|\n|poke|p1|Kingambit, L50, M|\n|poke|p1|Scovillain, L50, M|\n|poke|p1|Sneasler, L50, F|\n|poke|p1|Basculegion, L50, M|\n|poke|p2|Mawile, L50, M|\n|poke|p2|Farigiraf, L50, M|\n|poke|p2|Dragonite, L50, M|\n|poke|p2|Basculegion, L50, M|\n|poke|p2|Sneasler, L50, M|\n|poke|p2|Politoed, L50, M|\n|teampreview|4\n|inactive|Battle timer is ON: inactive players will automatically lose when time's up. (requested by parmesanlugubre206)\nparmesanlugubre206 rejected open team sheets.\n|inactive|Iamsupermegacool has 60 seconds left.\n|inactive|Iamsupermegacool has 30 seconds left.\n|\n|t:|1788346090\n|teamsize|p1|4\n|teamsize|p2|4\n|start\n|switch|p1a: Scovillain|Scovillain, L50, M|100/100\n|switch|p1b: Lycanroc|Lycanroc-Dusk, L50, F|100/100\n|switch|p2a: Basculegion|Basculegion, L50, M|100/100\n|switch|p2b: Politoed|Politoed, L50, M|100/100\n|-weather|RainDance|[from] ability: Drizzle|[of] p2b: Politoed\n|turn|1\n|inactive|Iamsupermegacool has 30 seconds left.\n|inactive|Iamsupermegacool has 20 seconds left.\n|\n|t:|1788346126\n|move|p1a: Scovillain|Protect|p1a: Scovillain\n|-singleturn|p1a: Scovillain|Protect\n|move|p2a: Basculegion|Wave Crash|p1a: Scovillain\n|-activate|p1a: Scovillain|move: Protect\n|move|p1b: Lycanroc|Rock Slide|p2a: Basculegion|[spread] p2a,p2b\n|-damage|p2a: Basculegion|66/100\n|-damage|p2b: Politoed|77/100\n|cant|p2b: Politoed|flinch\n|\n|-weather|RainDance|[upkeep]\n|-ability|p1a: Scovillain|Moody|boost\n|-boost|p1a: Scovillain|atk|2\n|-unboost|p1a: Scovillain|spd|1\n|upkeep\n|turn|2\n|inactive|Iamsupermegacool has 30 seconds left.\n|inactive|Iamsupermegacool has 20 seconds left.\n|inactive|Iamsupermegacool has 15 seconds left.\n|inactive|parmesanlugubre206 has 30 seconds left.\n|inactive|parmesanlugubre206 has 20 seconds left.\n|\n|t:|1788346184\n|switch|p1a: Basculegion|Basculegion, L50, M|100/100\n|move|p2a: Basculegion|Wave Crash|p1a: Basculegion\n|-resisted|p1a: Basculegion|1\n|-damage|p1a: Basculegion|46/100\n|-enditem|p1a: Basculegion|Sitrus Berry|[eat]\n|-heal|p1a: Basculegion|70/100|[from] item: Sitrus Berry\n|-damage|p2a: Basculegion|46/100|[from] Recoil\n|move|p1b: Lycanroc|Rock Slide|p2b: Politoed|[spread] p2a\n|-miss|p1b: Lycanroc|p2b: Politoed\n|-damage|p2a: Basculegion|13/100\n|move|p2b: Politoed|Weather Ball|p1b: Lycanroc\n|-supereffective|p1b: Lycanroc|1\n|-enditem|p1b: Lycanroc|Focus Sash\n|-damage|p1b: Lycanroc|1/100\n|-damage|p2b: Politoed|67/100|[from] item: Life Orb\n|\n|-weather|RainDance|[upkeep]\n|upkeep\n|turn|3\n|inactive|Iamsupermegacool has 30 seconds left.\n|\n|t:|1788346209\n|switch|p2b: Farigiraf|Farigiraf, L50, M|100/100\n|move|p1a: Basculegion|Aqua Jet||[still]\n|cant|p2b: Farigiraf|ability: Armor Tail|Aqua Jet|[of] p1a: Basculegion\n|move|p2a: Basculegion|Wave Crash|p1b: Lycanroc\n|-supereffective|p1b: Lycanroc|1\n|-damage|p1b: Lycanroc|0 fnt\n|faint|p1b: Lycanroc\n|-damage|p2a: Basculegion|12/100|[from] Recoil\n|\n|-weather|RainDance|[upkeep]\n|upkeep\n|\n|t:|1788346225\n|switch|p1b: Kingambit|Kingambit, L50, M|100/100\n|turn|4\n|inactive|Iamsupermegacool has 30 seconds left.\n|inactive|Iamsupermegacool has 20 seconds left.\n|\n|t:|1788346262\n|move|p1a: Basculegion|Protect|p1a: Basculegion\n|-singleturn|p1a: Basculegion|Protect\n|move|p2a: Basculegion|Wave Crash|p1b: Kingambit\n|-damage|p1b: Kingambit|11/100\n|-damage|p2a: Basculegion|0 fnt|[from] Recoil\n|faint|p2a: Basculegion\n|move|p2b: Farigiraf|Thunderbolt|p1a: Basculegion\n|-activate|p1a: Basculegion|move: Protect\n|move|p1b: Kingambit|Kowtow Cleave|p2b: Farigiraf\n|-supereffective|p2b: Farigiraf|1\n|-damage|p2b: Farigiraf|19/100\n|-enditem|p2b: Farigiraf|Sitrus Berry|[eat]\n|-heal|p2b: Farigiraf|44/100|[from] item: Sitrus Berry\n|\n|-weather|RainDance|[upkeep]\n|upkeep\n|\n|t:|1788346267\n|switch|p2a: Dragonite|Dragonite, L50, M|100/100\n|turn|5\n|\n|t:|1788346290\n|switch|p1b: Scovillain|Scovillain, L50, M|100/100\n|detailschange|p2a: Dragonite|Dragonite-Mega, L50, M\n|-mega|p2a: Dragonite|Dragonite|Dragoninite\n|move|p2b: Farigiraf|Helping Hand|p2a: Dragonite\n|-singleturn|p2a: Dragonite|Helping Hand|[of] p2b: Farigiraf\n|move|p2a: Dragonite|Hurricane|p1a: Basculegion\n|-damage|p1a: Basculegion|0 fnt\n|faint|p1a: Basculegion\n|\n|-weather|none\n|-ability|p1b: Scovillain|Moody|boost\n|-boost|p1b: Scovillain|spa|2\n|-unboost|p1b: Scovillain|spe|1\n|upkeep\n|\n|t:|1788346300\n|switch|p1a: Kingambit|Kingambit, L50, M|11/100\n|turn|6\n|inactive|Iamsupermegacool has 30 seconds left.\n|\n|t:|1788346326\n|switch|p2b: Politoed|Politoed, L50, M|67/100\n|-weather|RainDance|[from] ability: Drizzle|[of] p2b: Politoed\n|move|p1b: Scovillain|Protect|p1b: Scovillain\n|-singleturn|p1b: Scovillain|Protect\n|move|p2a: Dragonite|Hurricane|p1b: Scovillain\n|-activate|p1b: Scovillain|move: Protect\n|move|p1a: Kingambit|Kowtow Cleave|p2a: Dragonite\n|-damage|p2a: Dragonite|75/100\n|\n|-weather|RainDance|[upkeep]\n|-ability|p1b: Scovillain|Moody|boost\n|-boost|p1b: Scovillain|atk|2\n|-unboost|p1b: Scovillain|def|1\n|upkeep\n|turn|7\n|inactive|Iamsupermegacool has 30 seconds left.\n|\n|t:|1788346359\n|detailschange|p1b: Scovillain|Scovillain-Mega, L50, M\n|-mega|p1b: Scovillain|Scovillain|Scovillainite\n|move|p2a: Dragonite|Hurricane|p1b: Scovillain\n|-supereffective|p1b: Scovillain|1\n|-damage|p1b: Scovillain|0 fnt\n|-status|p2a: Dragonite|brn|[from] ability: Spicy Spray|[of] p1b: Scovillain\n|faint|p1b: Scovillain\n|move|p2b: Politoed|Weather Ball|p1a: Kingambit\n|-damage|p1a: Kingambit|0 fnt\n|faint|p1a: Kingambit\n|-damage|p2b: Politoed|57/100|[from] item: Life Orb\n|\n|win|parmesanlugubre206\n|raw|Iamsupermegacool's rating: 1526 &rarr; <strong>1505</strong><br />(-21 for losing)\n|raw|parmesanlugubre206's rating: 1514 &rarr; <strong>1535</strong><br />(+21 for winning)\n","uploadtime":1788346369,"views":"1","formatid":"gen9championsvgc2026regmb","rating":1505,"private":0,"password":null}