{"id":"gen9championsvgc2026regmbbo3-2673792208","format":"[Gen 9 Champions] VGC 2026 Reg M-B (Bo3)","players":["CaratroncoSun","plsbringregi"],"log":"|j|☆CaratroncoSun\n|j|☆plsbringregi\n|html|<table width=\"100%\"><tr><td align=\"left\">CaratroncoSun</td><td align=\"right\">plsbringregi</tr><tr><td align=\"left\"><i class=\"fa fa-circle-o\"></i> <i class=\"fa fa-circle-o\"></i> </td><td align=\"right\"><i class=\"fa fa-circle-o\"></i> <i class=\"fa fa-circle-o\"></i> </tr></table>\n|uhtml|bestof|<h2><strong>Game 1</strong> of <a href=\"/game-bestof3-gen9championsvgc2026regmbbo3-2673792207\">a best-of-3</a></h2>\n|t:|1788257695\n|gametype|doubles\n|player|p1|CaratroncoSun|170|1338\n|player|p2|plsbringregi|266|1491\n|gen|9\n|tier|[Gen 9 Champions] VGC 2026 Reg M-B (Bo3)\n|rated|\n|rule|Species Clause: Limit one of each Pokémon\n|rule|Item Clause: Limit 1 of each item\n|clearpoke\n|poke|p1|Charizard, L50, M, shiny|\n|poke|p1|Venusaur, L50, F, shiny|\n|poke|p1|Whimsicott, L50, F, shiny|\n|poke|p1|Basculegion, L50, M|\n|poke|p1|Tyranitar, L50, F|\n|poke|p1|Mamoswine, L50, M|\n|poke|p2|Dragonite, L50, F|\n|poke|p2|Sneasler, L50, M|\n|poke|p2|Sinistcha, L50|\n|poke|p2|Incineroar, L50, M|\n|poke|p2|Floette-Eternal, L50, F|\n|poke|p2|Gholdengo, L50|\n|teampreview|4\n|showteam|p1|Charizard||CharizarditeY|Blaze|Protect,SolarBeam,HeatWave,AirSlash|Modest||M|||50|]Venusaur||WideLens|Chlorophyll|Protect,GigaDrain,EarthPower,SleepPowder|Modest||F|||50|]Whimsicott||FocusSash|Prankster|Protect,Moonblast,Tailwind,Encore|Timid||F|||50|]Basculegion||MysticWater|Adaptability|Protect,AquaJet,WaveCrash,LastRespects|Adamant||M|||50|]Tyranitar||Tyranitarite|SandStream|Protect,RockSlide,KnockOff,LowKick|Adamant||F|||50|]Mamoswine||LifeOrb|Oblivious|Protect,HighHorsepower,RockSlide,IceShard|Adamant||M|||50|\n|showteam|p2|Dragonite||Dragoninite|Multiscale|DragonPulse,HeatWave,Thunderbolt,Protect|Modest||F|||50|]Sneasler||FocusSash|PoisonTouch|PoisonJab,CloseCombat,RockSlide,FakeOut|Jolly||M|||50|]Sinistcha||KasibBerry|Hospitality|MatchaGotcha,RagePowder,TrickRoom,Protect|Relaxed|||||50|]Incineroar||SitrusBerry|Intimidate|FlareBlitz,ThroatChop,PartingShot,FakeOut|Careful||M|||50|]Floette-Eternal||Floettite|FlowerVeil|DazzlingGleam,Moonblast,CalmMind,Protect|Modest||F|||50|]Gholdengo||LifeOrb|GoodasGold|MakeItRain,ShadowBall,NastyPlot,Protect|Modest|||||50|\n|\n|t:|1788257740\n|teamsize|p1|4\n|teamsize|p2|4\n|start\n|switch|p1a: Charizard|Charizard, L50, M, shiny|100/100\n|switch|p1b: Venusaur|Venusaur, L50, F, shiny|100/100\n|switch|p2a: Dragonite|Dragonite, L50, F|100/100\n|switch|p2b: Sneasler|Sneasler, L50, M|100/100\n|turn|1\n|\n|t:|1788257756\n|switch|p2b: Incineroar|Incineroar, L50, M|100/100\n|-ability|p2b: Incineroar|Intimidate|boost\n|-unboost|p1a: Charizard|atk|1\n|-unboost|p1b: Venusaur|atk|1\n|detailschange|p2a: Dragonite|Dragonite-Mega, L50, F\n|-mega|p2a: Dragonite|Dragonite|Dragoninite\n|move|p1a: Charizard|Protect|p1a: Charizard\n|-singleturn|p1a: Charizard|Protect\n|move|p1b: Venusaur|Protect|p1b: Venusaur\n|-singleturn|p1b: Venusaur|Protect\n|move|p2a: Dragonite|Heat Wave|p1a: Charizard|[spread] \n|-activate|p1a: Charizard|move: Protect\n|-activate|p1b: Venusaur|move: Protect\n|\n|upkeep\n|turn|2\n|\n|t:|1788257789\n|move|p2b: Incineroar|Fake Out|p1b: Venusaur\n|-damage|p1b: Venusaur|85/100\n|move|p2a: Dragonite|Heat Wave|p1a: Charizard|[spread] p1a,p1b\n|-resisted|p1a: Charizard|1\n|-supereffective|p1b: Venusaur|1\n|-damage|p1a: Charizard|83/100\n|-damage|p1b: Venusaur|17/100\n|move|p1a: Charizard|Heat Wave|p2b: Incineroar|[spread] p2a\n|-miss|p1a: Charizard|p2b: Incineroar\n|-resisted|p2a: Dragonite|1\n|-damage|p2a: Dragonite|93/100\n|cant|p1b: Venusaur|flinch\n|\n|upkeep\n|turn|3\n|\n|t:|1788257811\n|detailschange|p1a: Charizard|Charizard-Mega-Y, L50, M, shiny\n|-mega|p1a: Charizard|Charizard|Charizardite Y\n|-weather|SunnyDay|[from] ability: Drought|[of] p1a: Charizard\n|move|p1b: Venusaur|Sleep Powder|p2b: Incineroar\n|-status|p2b: Incineroar|slp|[from] move: Sleep Powder\n|move|p2a: Dragonite|Heat Wave|p1a: Charizard|[spread] p1a,p1b\n|-resisted|p1a: Charizard|1\n|-supereffective|p1b: Venusaur|1\n|-damage|p1a: Charizard|64/100\n|-damage|p1b: Venusaur|0 fnt\n|faint|p1b: Venusaur\n|move|p1a: Charizard|Air Slash|p2b: Incineroar\n|-damage|p2b: Incineroar|68/100 slp\n|cant|p2b: Incineroar|slp\n|\n|-weather|SunnyDay|[upkeep]\n|upkeep\n|\n|t:|1788257825\n|switch|p1b: Mamoswine|Mamoswine, L50, M|100/100\n|turn|4\n|\n|t:|1788257843\n|move|p2a: Dragonite|Thunderbolt|p1a: Charizard\n|-supereffective|p1a: Charizard|1\n|-damage|p1a: Charizard|0 fnt\n|faint|p1a: Charizard\n|move|p1b: Mamoswine|Rock Slide|p2a: Dragonite|[spread] p2a,p2b\n|-supereffective|p2a: Dragonite|1\n|-supereffective|p2b: Incineroar|1\n|-damage|p2a: Dragonite|41/100\n|-damage|p2b: Incineroar|21/100 slp\n|-enditem|p2b: Incineroar|Sitrus Berry|[eat]\n|-heal|p2b: Incineroar|46/100 slp|[from] item: Sitrus Berry\n|-damage|p1b: Mamoswine|90/100|[from] item: Life Orb\n|-curestatus|p2b: Incineroar|slp|[msg]\n|cant|p2b: Incineroar|flinch\n|\n|-weather|SunnyDay|[upkeep]\n|upkeep\n|\n|t:|1788257857\n|switch|p1a: Whimsicott|Whimsicott, L50, F, shiny|100/100\n|turn|5\n|\n|t:|1788257874\n|move|p1a: Whimsicott|Moonblast|p2a: Dragonite\n|-supereffective|p2a: Dragonite|1\n|-damage|p2a: Dragonite|0 fnt\n|faint|p2a: Dragonite\n|move|p1b: Mamoswine|High Horsepower|p2b: Incineroar\n|-supereffective|p2b: Incineroar|1\n|-damage|p2b: Incineroar|0 fnt\n|faint|p2b: Incineroar\n|-damage|p1b: Mamoswine|80/100|[from] item: Life Orb\n|\n|-weather|SunnyDay|[upkeep]\n|upkeep\n|\n|t:|1788257877\n|switch|p2a: Sneasler|Sneasler, L50, M|100/100\n|switch|p2b: Gholdengo|Gholdengo, L50|100/100\n|turn|6\n|\n|t:|1788257908\n|move|p2a: Sneasler|Fake Out|p1a: Whimsicott\n|-damage|p1a: Whimsicott|77/100\n|cant|p1a: Whimsicott|flinch\n|move|p2b: Gholdengo|Make It Rain|p1b: Mamoswine|[spread] p1a,p1b\n|-supereffective|p1a: Whimsicott|1\n|-supereffective|p1b: Mamoswine|1\n|-damage|p1a: Whimsicott|0 fnt\n|-damage|p1b: Mamoswine|0 fnt\n|-unboost|p2b: Gholdengo|spa|2\n|faint|p1a: Whimsicott\n|faint|p1b: Mamoswine\n|-damage|p2b: Gholdengo|90/100|[from] item: Life Orb\n|\n|win|plsbringregi\n","uploadtime":1788257908,"views":"0","formatid":"gen9championsvgc2026regmbbo3","rating":null,"private":0,"password":null}