{"id":"gen9championsvgc2026regmbbo3-2673641632","format":"[Gen 9 Champions] VGC 2026 Reg M-B (Bo3)","players":["endras125","mrpokemon33"],"log":"|j|☆endras125\n|j|☆mrpokemon33\n|html|<table width=\"100%\"><tr><td align=\"left\">endras125</td><td align=\"right\">mrpokemon33</tr><tr><td align=\"left\"><i class=\"fa fa-circle\"></i> <i class=\"fa fa-circle-o\"></i> </td><td align=\"right\"><i class=\"fa fa-circle-o\"></i> <i class=\"fa fa-circle\"></i> </tr></table>\n|uhtml|bestof|<h2><strong>Game 3</strong> of <a href=\"/game-bestof3-gen9championsvgc2026regmbbo3-2673635275\">a best-of-3</a></h2>\n|t:|1788225771\n|gametype|doubles\n|player|p1|endras125|266|\n|player|p2|mrpokemon33|steven|\n|gen|9\n|tier|[Gen 9 Champions] VGC 2026 Reg M-B (Bo3)\n|rule|Species Clause: Limit one of each Pokémon\n|rule|Item Clause: Limit 1 of each item\n|clearpoke\n|poke|p1|Camerupt, L50, F|\n|poke|p1|Empoleon, L50, M|\n|poke|p1|Sneasler, L50, F|\n|poke|p1|Whimsicott, L50, F|\n|poke|p1|Mr. Rime, L50, M|\n|poke|p1|Toxapex, L50, M|\n|poke|p2|Altaria, L50, F|\n|poke|p2|Incineroar, L50, F, shiny|\n|poke|p2|Drampa, L50, M|\n|poke|p2|Gardevoir, L50, F, shiny|\n|poke|p2|Orthworm, L50, M, shiny|\n|poke|p2|Dragonite, L50, F|\n|teampreview|4\n|showteam|p1|Camerupt||Cameruptite|MagmaArmor|EarthPower,HeatWave,Eruption,Protect|Quiet||F|||50|]Empoleon||SitrusBerry|Competitive|HydroPump,FlashCannon,GrassKnot,Protect|Modest||M|||50|]Sneasler||WhiteHerb|Unburden|FakeOut,CloseCombat,DireClaw,GunkShot|Jolly||F|||50|]Whimsicott||FocusSash|Prankster|Encore,Moonblast,Protect,Tailwind|Timid||F|||50|]Mr. Rime||NeverMeltIce|ScreenCleaner|FakeOut,FreezeDry,IcyWind,TrickRoom|Modest||M|||50|]Toxapex||Leftovers|Regenerator|WideGuard,Toxic,ChillingWater,Recover|Impish||M|||50|\n|showteam|p2|Altaria||Altarianite|CloudNine|Hurricane,DracoMeteor,HeatWave,HyperVoice|Timid||F|||50|]Incineroar||LifeOrb|Intimidate|FakeOut,Protect,IronHead,Overheat|Sassy||F|||50|]Drampa||DragonFang|Berserk|DracoMeteor,Thunderbolt,Protect,EarthPower|Modest||M|||50|]Gardevoir||Gardevoirite|Synchronize|AuraSphere,SkillSwap,Psychic,Thunderbolt|Timid||F|||50|]Orthworm||Leftovers|EarthEater|Protect,HighHorsepower,IronHead,Dig|Adamant||M|||50|]Dragonite||Dragoninite|InnerFocus|ExtremeSpeed,DragonDance,AquaJet,DragonRush|Adamant||F|||50|\n|\n|t:|1788225856\n|teamsize|p1|4\n|teamsize|p2|4\n|start\n|switch|p1a: Whimsicott|Whimsicott, L50, F|100/100\n|switch|p1b: Empoleon|Empoleon, L50, M|100/100\n|switch|p2a: Dragonite|Dragonite, L50, F|100/100\n|switch|p2b: Gardevoir|Gardevoir, L50, F, shiny|100/100\n|turn|1\n|\n|t:|1788225944\n|detailschange|p2a: Dragonite|Dragonite-Mega, L50, F\n|-mega|p2a: Dragonite|Dragonite|Dragoninite\n|move|p1a: Whimsicott|Moonblast|p2b: Gardevoir\n|-damage|p2b: Gardevoir|60/100\n|move|p2a: Dragonite|Dragon Dance|p2a: Dragonite\n|-boost|p2a: Dragonite|atk|1\n|-boost|p2a: Dragonite|spe|1\n|move|p2b: Gardevoir|Thunderbolt|p1b: Empoleon\n|-supereffective|p1b: Empoleon|1\n|-damage|p1b: Empoleon|40/100\n|-enditem|p1b: Empoleon|Sitrus Berry|[eat]\n|-heal|p1b: Empoleon|64/100|[from] item: Sitrus Berry\n|move|p1b: Empoleon|Flash Cannon|p2b: Gardevoir\n|-supereffective|p2b: Gardevoir|1\n|-damage|p2b: Gardevoir|0 fnt\n|faint|p2b: Gardevoir\n|\n|upkeep\n|\n|t:|1788225961\n|switch|p2b: Incineroar|Incineroar, L50, F, shiny|100/100\n|-ability|p2b: Incineroar|Intimidate|boost\n|-unboost|p1a: Whimsicott|atk|1\n|-unboost|p1b: Empoleon|atk|1\n|-ability|p1b: Empoleon|Competitive|boost\n|-boost|p1b: Empoleon|spa|2\n|turn|2\n|\n|t:|1788226034\n|move|p2b: Incineroar|Fake Out|p1b: Empoleon\n|-resisted|p1b: Empoleon|1\n|-damage|p1b: Empoleon|56/100\n|-damage|p2b: Incineroar|90/100|[from] item: Life Orb\n|move|p2a: Dragonite|Extreme Speed|p1b: Empoleon\n|-resisted|p1b: Empoleon|1\n|-damage|p1b: Empoleon|32/100\n|move|p1a: Whimsicott|Encore|p2a: Dragonite\n|-start|p2a: Dragonite|Encore\n|cant|p1b: Empoleon|flinch\n|\n|upkeep\n|turn|3\n|\n|t:|1788226090\n|move|p2a: Dragonite|Extreme Speed|p1a: Whimsicott\n|-damage|p1a: Whimsicott|31/100\n|move|p1a: Whimsicott|Moonblast|p2a: Dragonite\n|-supereffective|p2a: Dragonite|1\n|-damage|p2a: Dragonite|67/100\n|-unboost|p2a: Dragonite|spa|1\n|move|p1b: Empoleon|Hydro Pump|p2b: Incineroar\n|-supereffective|p2b: Incineroar|1\n|-damage|p2b: Incineroar|0 fnt\n|faint|p2b: Incineroar\n|\n|upkeep\n|\n|t:|1788226104\n|switch|p2b: Orthworm|Orthworm, L50, M, shiny|100/100\n|turn|4\n|\n|t:|1788226172\n|move|p2a: Dragonite|Extreme Speed|p1a: Whimsicott\n|-damage|p1a: Whimsicott|0 fnt\n|faint|p1a: Whimsicott\n|move|p2b: Orthworm|High Horsepower|p1b: Empoleon\n|-supereffective|p1b: Empoleon|1\n|-damage|p1b: Empoleon|0 fnt\n|faint|p1b: Empoleon\n|\n|upkeep\n|\n|t:|1788226180\n|switch|p1a: Sneasler|Sneasler, L50, F|100/100\n|switch|p1b: Mr. Rime|Mr. Rime, L50, M|100/100\n|turn|5\n|\n|t:|1788226235\n|move|p1a: Sneasler|Fake Out|p2a: Dragonite\n|-crit|p2a: Dragonite\n|-damage|p2a: Dragonite|47/100\n|cant|p2a: Dragonite|flinch\n|move|p1b: Mr. Rime|Freeze-Dry|p2a: Dragonite\n|-supereffective|p2a: Dragonite|2\n|-damage|p2a: Dragonite|0 fnt\n|faint|p2a: Dragonite\n|move|p2b: Orthworm|Iron Head|p1a: Sneasler\n|-damage|p1a: Sneasler|38/100\n|\n|upkeep\n|turn|6\n|\n|t:|1788226262\n|move|p2b: Orthworm|Protect|p2b: Orthworm\n|-singleturn|p2b: Orthworm|Protect\n|move|p1a: Sneasler|Close Combat|p2b: Orthworm\n|-activate|p2b: Orthworm|move: Protect\n|move|p1b: Mr. Rime|Freeze-Dry|p2b: Orthworm\n|-activate|p2b: Orthworm|move: Protect\n|\n|upkeep\n|turn|7\n|\n|t:|1788226279\n|move|p1a: Sneasler|Close Combat|p2b: Orthworm\n|-supereffective|p2b: Orthworm|1\n|-damage|p2b: Orthworm|7/100\n|-unboost|p1a: Sneasler|def|1\n|-unboost|p1a: Sneasler|spd|1\n|-enditem|p1a: Sneasler|White Herb\n|-clearnegativeboost|p1a: Sneasler|[silent]\n|move|p1b: Mr. Rime|Freeze-Dry|p2b: Orthworm\n|-resisted|p2b: Orthworm|1\n|-damage|p2b: Orthworm|0 fnt\n|faint|p2b: Orthworm\n|\n|win|endras125\n","uploadtime":1788226394,"views":"0","formatid":"gen9championsvgc2026regmbbo3","rating":null,"private":0,"password":null}