{"id":"gen9championsvgc2026regmbbo3-2674559335","format":"[Gen 9 Champions] VGC 2026 Reg M-B (Bo3)","players":["juanfran66","steelag0"],"log":"|j|☆juanfran66\n|j|☆steelag0\n|html|<table width=\"100%\"><tr><td align=\"left\">juanfran66</td><td align=\"right\">steelag0</tr><tr><td align=\"left\"><i class=\"fa fa-circle-o\"></i> <i class=\"fa fa-circle-o\"></i> </td><td align=\"right\"><i class=\"fa fa-circle-o\"></i> <i class=\"fa fa-circle\"></i> </tr></table>\n|uhtml|bestof|<h2><strong>Game 2</strong> of <a href=\"/game-bestof3-gen9championsvgc2026regmbbo3-2674556909\">a best-of-3</a></h2>\n|t:|1788373897\n|gametype|doubles\n|player|p1|juanfran66|1|\n|player|p2|steelag0|2|\n|gen|9\n|tier|[Gen 9 Champions] VGC 2026 Reg M-B (Bo3)\n|rule|Species Clause: Limit one of each Pokémon\n|rule|Item Clause: Limit 1 of each item\n|clearpoke\n|poke|p1|Sinistcha, L50|\n|poke|p1|Maushold, L50|\n|poke|p1|Delphox, L50, F|\n|poke|p1|Floette-Eternal, L50, F|\n|poke|p1|Incineroar, L50, M|\n|poke|p1|Grimmsnarl, L50, M|\n|poke|p2|Whimsicott, L50, F|\n|poke|p2|Floette-Eternal, L50, F|\n|poke|p2|Kingambit, L50, M|\n|poke|p2|Charizard, L50, F|\n|poke|p2|Basculegion, L50, M|\n|poke|p2|Garchomp, L50, F|\n|teampreview|4\n|showteam|p1|Sinistcha||KasibBerry|Hospitality|MatchaGotcha,RagePowder,LifeDew,Protect|Bold|||||50|]Maushold||ChopleBerry|FriendGuard|FollowMe,SuperFang,Feint,Protect|Impish|||||50|]Delphox||Delphoxite|Blaze|HeatWave,Psychic,NastyPlot,Protect|Modest||F|||50|]Floette-Eternal||Floettite|FlowerVeil|Moonblast,DrainingKiss,CalmMind,Protect|Modest||F|||50|]Incineroar||PasshoBerry|Intimidate|PartingShot,FakeOut,ThroatChop,FlareBlitz|Careful||M|||50|]Grimmsnarl||LightClay|Prankster|FakeOut,Reflect,LightScreen,PartingShot|Careful||M|||50|\n|showteam|p2|Whimsicott||FocusSash|Prankster|Moonblast,Tailwind,Encore,Protect|Timid||F|||50|]Floette-Eternal||Floettite|FlowerVeil|Moonblast,DazzlingGleam,LightofRuin,Protect|Modest||F|||50|]Kingambit||ChopleBerry|Defiant|KowtowCleave,SuckerPunch,IronHead,LowKick|Adamant||M|||50|]Charizard||CharizarditeY|SolarPower|HeatWave,WeatherBall,SolarBeam,Protect|Modest||F|||50|]Basculegion||MysticWater|Adaptability|WaveCrash,LastRespects,AquaJet,Protect|Adamant||M|||50|]Garchomp||LifeOrb|SandVeil|DragonClaw,Earthquake,RockSlide,Protect|Jolly||F|||50|\n|inactive|Battle timer is ON: inactive players will automatically lose when time's up. (requested by juanfran66)\n|inactive|juanfran66 has 60 seconds left.\n|\n|t:|1788373936\n|teamsize|p1|4\n|teamsize|p2|4\n|start\n|switch|p1a: Sakura|Floette-Eternal, L50, F|100/100\n|switch|p1b: Wolfe|Incineroar, L50, M|100/100\n|switch|p2a: Whimsicott|Whimsicott, L50, F|100/100\n|switch|p2b: Kingambit|Kingambit, L50, M|100/100\n|-ability|p1b: Wolfe|Intimidate|boost\n|-unboost|p2a: Whimsicott|atk|1\n|-unboost|p2b: Kingambit|atk|1\n|-ability|p2b: Kingambit|Defiant|boost\n|-boost|p2b: Kingambit|atk|2\n|turn|1\n|\n|t:|1788373957\n|detailschange|p1a: Sakura|Floette-Mega, L50, F\n|-mega|p1a: Sakura|Floette|Floettite\n|-ability|p1a: Sakura|Fairy Aura\n|move|p2a: Whimsicott|Protect|p2a: Whimsicott\n|-singleturn|p2a: Whimsicott|Protect\n|move|p1a: Sakura|Moonblast|p2b: Kingambit\n|-damage|p2b: Kingambit|32/100\n|move|p1b: Wolfe|Flare Blitz|p2b: Kingambit\n|-supereffective|p2b: Kingambit|1\n|-damage|p2b: Kingambit|0 fnt\n|faint|p2b: Kingambit\n|-damage|p1b: Wolfe|89/100|[from] Recoil\n|\n|upkeep\n|\n|t:|1788373979\n|switch|p2b: Basculegion|Basculegion, L50, M|100/100\n|turn|2\n|\n|t:|1788374002\n|switch|p1a: Familia Pogui|Maushold, L50|100/100\n|move|p2a: Whimsicott|Tailwind|p2a: Whimsicott\n|-sidestart|p2: steelag0|move: Tailwind\n|move|p2b: Basculegion|Wave Crash|p1a: Familia Pogui\n|-damage|p1a: Familia Pogui|10/100\n|-damage|p2b: Basculegion|72/100|[from] Recoil\n|move|p1b: Wolfe|Flare Blitz|p2a: Whimsicott\n|-supereffective|p2a: Whimsicott|1\n|-enditem|p2a: Whimsicott|Focus Sash\n|-damage|p2a: Whimsicott|1/100\n|-damage|p1b: Wolfe|67/100|[from] Recoil\n|\n|upkeep\n|turn|3\n|\n|t:|1788374022\n|move|p1a: Familia Pogui|Feint|p2a: Whimsicott\n|-damage|p2a: Whimsicott|0 fnt\n|faint|p2a: Whimsicott\n|move|p2b: Basculegion|Wave Crash|p1b: Wolfe\n|-supereffective|p1b: Wolfe|1\n|-enditem|p1b: Wolfe|Passho Berry|[eat]\n|-enditem|p1b: Wolfe|Passho Berry|[weaken]\n|-damage|p1b: Wolfe|2/100\n|-damage|p2b: Basculegion|50/100g|[from] Recoil\n|move|p1b: Wolfe|Parting Shot|p2b: Basculegion\n|-unboost|p2b: Basculegion|atk|1\n|-unboost|p2b: Basculegion|spa|1\n|\n|t:|1788374034\n|switch|p1b: Sakura|Floette-Mega, L50, F|100/100|[from] Parting Shot\n|-ability|p1b: Sakura|Fairy Aura\n|\n|upkeep\n|\n|t:|1788374038\n|switch|p2a: Floette|Floette-Eternal, L50, F|100/100\n|turn|4\n|\n|t:|1788374052\n|switch|p1a: Wolfe|Incineroar, L50, M|2/100\n|-ability|p1a: Wolfe|Intimidate|boost\n|-unboost|p2a: Floette|atk|1\n|-unboost|p2b: Basculegion|atk|1\n|detailschange|p2a: Floette|Floette-Mega, L50, F\n|-mega|p2a: Floette|Floette|Floettite\n|-ability|p2a: Floette|Fairy Aura\n|move|p1b: Sakura|Protect|p1b: Sakura\n|-singleturn|p1b: Sakura|Protect\n|move|p2a: Floette|Dazzling Gleam|p1a: Wolfe|[spread] p1a\n|-activate|p1b: Sakura|move: Protect\n|-damage|p1a: Wolfe|0 fnt\n|faint|p1a: Wolfe\n|move|p2b: Basculegion|Last Respects|p1b: Sakura\n|-activate|p1b: Sakura|move: Protect\n|\n|upkeep\n|\n|t:|1788374068\n|switch|p1a: Familia Pogui|Maushold, L50|10/100\n|turn|5\n|\n|t:|1788374083\n|move|p1a: Familia Pogui|Follow Me|p1a: Familia Pogui\n|-singleturn|p1a: Familia Pogui|move: Follow Me\n|move|p2a: Floette|Dazzling Gleam|p1b: Sakura|[spread] p1a,p1b\n|-damage|p1a: Familia Pogui|0 fnt\n|-damage|p1b: Sakura|73/100\n|faint|p1a: Familia Pogui\n|move|p2b: Basculegion|Last Respects|p1b: Sakura\n|-damage|p1b: Sakura|22/100\n|move|p1b: Sakura|Moonblast|p2a: Floette\n|-damage|p2a: Floette|38/100\n|\n|-sideend|p2: steelag0|move: Tailwind\n|upkeep\n|\n|t:|1788374093\n|switch|p1a: Tesito|Sinistcha, L50|100/100\n|-heal|p1b: Sakura|47/100|[from] ability: Hospitality|[of] p1a: Tesito\n|turn|6\n|\n|t:|1788374114\n|move|p1b: Sakura|Protect|p1b: Sakura\n|-singleturn|p1b: Sakura|Protect\n|move|p2a: Floette|Protect|p2a: Floette\n|-singleturn|p2a: Floette|Protect\n|move|p2b: Basculegion|Last Respects|p1a: Tesito\n|-supereffective|p1a: Tesito|1\n|-enditem|p1a: Tesito|Kasib Berry|[eat]\n|-enditem|p1a: Tesito|Kasib Berry|[weaken]\n|-damage|p1a: Tesito|67/100\n|move|p1a: Tesito|Matcha Gotcha|p2a: Floette|[spread] p2b\n|-activate|p2a: Floette|move: Protect\n|-supereffective|p2b: Basculegion|1\n|-damage|p2b: Basculegion|0 fnt\n|-heal|p1a: Tesito|95/100|[from] drain|[of] p2b: Basculegion\n|faint|p2b: Basculegion\n|\n|upkeep\n|turn|7\n|\n|t:|1788374137\n|move|p1a: Tesito|Rage Powder|p1a: Tesito\n|-singleturn|p1a: Tesito|move: Rage Powder\n|move|p1b: Sakura|Moonblast|p2a: Floette\n|-damage|p2a: Floette|0 fnt\n|faint|p2a: Floette\n|\n|win|juanfran66\n||juanfran66 is ready for game 3.\n","uploadtime":1788374143,"views":"0","formatid":"gen9championsvgc2026regmbbo3","rating":null,"private":0,"password":null}