{"id":"gen9championsvgc2026regmbbo3-2673947803","format":"[Gen 9 Champions] VGC 2026 Reg M-B (Bo3)","players":["juscuz joe","simioini"],"log":"|j|☆juscuz joe\n|j|☆simioini\n|html|<table width=\"100%\"><tr><td align=\"left\">juscuz joe</td><td align=\"right\">simioini</tr><tr><td align=\"left\"><i class=\"fa fa-circle\"></i> <i class=\"fa fa-circle-o\"></i> </td><td align=\"right\"><i class=\"fa fa-circle-o\"></i> <i class=\"fa fa-circle\"></i> </tr></table>\n|uhtml|bestof|<h2><strong>Game 3</strong> of <a href=\"/game-bestof3-gen9championsvgc2026regmbbo3-2673943893\">a best-of-3</a></h2>\n|t:|1788280578\n|gametype|doubles\n|player|p1|juscuz joe|1|1042\n|player|p2|simioini|169|1229\n|gen|9\n|tier|[Gen 9 Champions] VGC 2026 Reg M-B (Bo3)\n|rated|\n|rule|Species Clause: Limit one of each Pokémon\n|rule|Item Clause: Limit 1 of each item\n|clearpoke\n|poke|p1|Maushold, L50|\n|poke|p1|Whimsicott, L50, M|\n|poke|p1|Froslass, L50, F|\n|poke|p1|Sneasler, L50, M|\n|poke|p1|Greninja, L50, F|\n|poke|p1|Rotom-Heat, L50|\n|poke|p2|Charizard, L50, F|\n|poke|p2|Whimsicott, L50, F|\n|poke|p2|Garchomp, L50, M|\n|poke|p2|Floette-Eternal, L50, F|\n|poke|p2|Kingambit, L50, F|\n|poke|p2|Basculegion, L50, M|\n|teampreview|4\n|showteam|p1|Maushold||WideLens|Technician|PopulationBomb,Protect,BulletSeed,PlayRough|Adamant|||||50|]Whimsicott||FocusSash|Prankster|Tailwind,HelpingHand,DazzlingGleam,TrickRoom|Modest||M|||50|]Froslass||Froslassite|SnowCloak|Blizzard,AuroraVeil,ShadowBall,Thunderbolt|Timid||F|||50|]Sneasler||WhiteHerb|PoisonTouch|CloseCombat,DireClaw,FakeOut,ShadowClaw|Jolly||M|||50|]Greninja||Greninjite|Protean|IceBeam,HydroPump,DarkPulse,Extrasensory|Timid||F|||50|]Rotom-Heat||PasshoBerry|Levitate|Overheat,Electroweb,Poltergeist,Protect|Hasty|||||50|\n|showteam|p2|Charizard||CharizarditeY|Blaze|HeatWave,WeatherBall,AncientPower,Protect|Timid||F|||50|]Whimsicott||FocusSash|Prankster|Moonblast,Tailwind,Encore,Protect|Timid||F|||50|]Garchomp||SitrusBerry|RoughSkin|Earthquake,DragonClaw,RockSlide,Protect|Jolly||M|||50|]Floette-Eternal||Floettite|FlowerVeil|DazzlingGleam,Moonblast,LightofRuin,Protect|Modest||F|||50|]Kingambit||OccaBerry|Defiant|KowtowCleave,IronHead,SuckerPunch,LowKick|Adamant||F|||50|]Basculegion||LifeOrb|Adaptability|WaveCrash,LastRespects,AquaJet,Protect|Adamant||M|||50|\n|\n|t:|1788280633\n|teamsize|p1|4\n|teamsize|p2|4\n|start\n|switch|p1a: Sneasler|Sneasler, L50, M|100/100\n|switch|p1b: Rotom|Rotom-Heat, L50|100/100\n|switch|p2a: Kingambit|Kingambit, L50, F|100/100\n|switch|p2b: Whimsicott|Whimsicott, L50, F|100/100\n|turn|1\n|\n|t:|1788280646\n|switch|p2a: Basculegion|Basculegion, L50, M|100/100\n|move|p2b: Whimsicott|Protect|p2b: Whimsicott\n|-singleturn|p2b: Whimsicott|Protect\n|move|p1a: Sneasler|Close Combat|p2a: Basculegion\n|-immune|p2a: Basculegion\n|move|p1b: Rotom|Electroweb|p2b: Whimsicott|[spread] p2a\n|-activate|p2b: Whimsicott|move: Protect\n|-supereffective|p2a: Basculegion|1\n|-damage|p2a: Basculegion|56/100\n|-unboost|p2a: Basculegion|spe|1\n|\n|upkeep\n|turn|2\n|\n|t:|1788280664\n|move|p2b: Whimsicott|Encore|p1a: Sneasler\n|-start|p1a: Sneasler|Encore\n|move|p2a: Basculegion|Aqua Jet|p1b: Rotom\n|-supereffective|p1b: Rotom|1\n|-enditem|p1b: Rotom|Passho Berry|[eat]\n|-enditem|p1b: Rotom|Passho Berry|[weaken]\n|-damage|p1b: Rotom|44/100\n|-damage|p2a: Basculegion|47/100|[from] item: Life Orb\n|move|p1a: Sneasler|Close Combat|p2b: Whimsicott\n|-resisted|p2b: Whimsicott|1\n|-damage|p2b: Whimsicott|49/100\n|-unboost|p1a: Sneasler|def|1\n|-unboost|p1a: Sneasler|spd|1\n|-enditem|p1a: Sneasler|White Herb\n|-clearnegativeboost|p1a: Sneasler|[silent]\n|move|p1b: Rotom|Electroweb|p2a: Basculegion|[spread] p2a\n|-miss|p1b: Rotom|p2b: Whimsicott\n|-supereffective|p2a: Basculegion|1\n|-damage|p2a: Basculegion|6/100\n|-unboost|p2a: Basculegion|spe|1\n|\n|upkeep\n|turn|3\n|\n|t:|1788280696\n|move|p1b: Rotom|Protect|p1b: Rotom\n|-singleturn|p1b: Rotom|Protect\n|move|p2b: Whimsicott|Tailwind|p2b: Whimsicott\n|-sidestart|p2: simioini|move: Tailwind\n|move|p2a: Basculegion|Aqua Jet|p1a: Sneasler\n|-damage|p1a: Sneasler|43/100\n|-damage|p2a: Basculegion|0 fnt|[from] item: Life Orb\n|faint|p2a: Basculegion\n|move|p1a: Sneasler|Close Combat|p2b: Whimsicott\n|-resisted|p2b: Whimsicott|1\n|-damage|p2b: Whimsicott|1/100\n|-unboost|p1a: Sneasler|def|1\n|-unboost|p1a: Sneasler|spd|1\n|\n|upkeep\n|\n|t:|1788280714\n|switch|p2a: Kingambit|Kingambit, L50, F|100/100\n|turn|4\n|\n|t:|1788280731\n|move|p2b: Whimsicott|Encore|p1b: Rotom\n|-start|p1b: Rotom|Encore\n|move|p1b: Rotom|Protect||[still]\n|-fail|p1b: Rotom\n|move|p2a: Kingambit|Sucker Punch|p1a: Sneasler\n|-resisted|p1a: Sneasler|1\n|-damage|p1a: Sneasler|0 fnt\n|faint|p1a: Sneasler\n|\n|upkeep\n|\n|t:|1788280739\n|switch|p1a: Maushold|Maushold, L50|100/100\n|turn|5\n|\n|t:|1788280764\n|move|p1a: Maushold|Protect|p1a: Maushold\n|-singleturn|p1a: Maushold|Protect\n|move|p1b: Rotom|Protect|p1b: Rotom\n|-singleturn|p1b: Rotom|Protect\n|move|p2b: Whimsicott|Moonblast|p1a: Maushold\n|-activate|p1a: Maushold|move: Protect\n|move|p2a: Kingambit|Kowtow Cleave|p1a: Maushold\n|-activate|p1a: Maushold|move: Protect\n|\n|upkeep\n|turn|6\n|\n|t:|1788280777\n|switch|p1a: Greninja|Greninja, L50, F|100/100\n|move|p1b: Rotom|Protect||[still]\n|-fail|p1b: Rotom\n|move|p2b: Whimsicott|Encore|p1a: Greninja\n|-hint|Since gen 7, Dark is immune to Prankster moves.\n|-immune|p1a: Greninja\n|move|p2a: Kingambit|Iron Head|p1a: Greninja\n|-resisted|p1a: Greninja|1\n|-damage|p1a: Greninja|60/100\n|\n|-end|p1b: Rotom|Encore\n|-sideend|p2: simioini|move: Tailwind\n|upkeep\n|turn|7\n|\n|t:|1788280807\n|switch|p1b: Maushold|Maushold, L50|100/100\n|move|p2b: Whimsicott|Encore||[still]\n|-fail|p2b: Whimsicott\n|move|p1a: Greninja|Hydro Pump|p2a: Kingambit|[miss]\n|-start|p1a: Greninja|typechange|Water|[from] ability: Protean\n|-miss|p1a: Greninja|p2a: Kingambit\n|move|p2a: Kingambit|Iron Head|p1a: Greninja\n|-resisted|p1a: Greninja|1\n|-damage|p1a: Greninja|22/100\n|\n|upkeep\n|turn|8\n|\n|t:|1788280841\n|detailschange|p1a: Greninja|Greninja-Mega, L50, F\n|-mega|p1a: Greninja|Greninja|Greninjite\n|move|p2b: Whimsicott|Tailwind|p2b: Whimsicott\n|-sidestart|p2: simioini|move: Tailwind\n|move|p1a: Greninja|Hydro Pump|p2a: Kingambit|[miss]\n|-start|p1a: Greninja|typechange|Water|[from] ability: Protean\n|-miss|p1a: Greninja|p2a: Kingambit\n|move|p2a: Kingambit|Kowtow Cleave|p1b: Maushold\n|-damage|p1b: Maushold|29/100\n|move|p1b: Maushold|Population Bomb|p2b: Whimsicott\n|-damage|p2b: Whimsicott|0 fnt\n|faint|p2b: Whimsicott\n|-hitcount|p2: Whimsicott|1\n|\n|upkeep\n|\n|t:|1788280854\n|switch|p2b: Charizard|Charizard, L50, F|100/100\n|turn|9\n|\n|t:|1788280861\n|detailschange|p2b: Charizard|Charizard-Mega-Y, L50, F\n|-mega|p2b: Charizard|Charizard|Charizardite Y\n|-weather|SunnyDay|[from] ability: Drought|[of] p2b: Charizard\n|move|p1b: Maushold|Protect|p1b: Maushold\n|-singleturn|p1b: Maushold|Protect\n|move|p2b: Charizard|Heat Wave|p1a: Greninja|[spread] \n|-activate|p1b: Maushold|move: Protect\n|-miss|p2b: Charizard|p1a: Greninja\n|move|p1a: Greninja|Hydro Pump|p2b: Charizard\n|-supereffective|p2b: Charizard|1\n|-damage|p2b: Charizard|47/100\n|move|p2a: Kingambit|Kowtow Cleave|p1b: Maushold\n|-activate|p1b: Maushold|move: Protect\n|\n|-weather|SunnyDay|[upkeep]\n|upkeep\n|turn|10\n|\n|t:|1788280894\n|move|p2b: Charizard|Heat Wave|p1b: Maushold|[spread] p1a,p1b\n|-resisted|p1a: Greninja|1\n|-damage|p1a: Greninja|0 fnt\n|-damage|p1b: Maushold|0 fnt\n|faint|p1a: Greninja\n|faint|p1b: Maushold\n|move|p2a: Kingambit|Kowtow Cleave|p1: Greninja|[notarget]\n|-fail|p2a: Kingambit\n|\n|-weather|SunnyDay|[upkeep]\n|upkeep\n|\n|t:|1788280903\n|switch|p1b: Rotom|Rotom-Heat, L50|44/100\n|turn|11\n|\n|t:|1788280910\n|move|p2a: Kingambit|Sucker Punch|p1b: Rotom\n|-damage|p1b: Rotom|0 fnt\n|faint|p1b: Rotom\n|\n|win|simioini\n|raw|juscuz joe's rating: 1042 &rarr; <strong>1034</strong><br />(-8 for losing)\n|raw|simioini's rating: 1229 &rarr; <strong>1242</strong><br />(+13 for winning)\n","uploadtime":1788280910,"views":"0","formatid":"gen9championsvgc2026regmbbo3","rating":1034,"private":0,"password":null}