{"id":"gen9championsvgc2026regmb-2674112063","format":"[Gen 9 Champions] VGC 2026 Reg M-B","players":["Crotolamo67","Daemon_Targeryen"],"log":"|j|☆Crotolamo67\n|j|☆Daemon_Targeryen\n|t:|1788300833\n|gametype|doubles\n|player|p1|Crotolamo67|mina-lgpe|1327\n|player|p2|Daemon_Targeryen|hilbert|1385\n|gen|9\n|tier|[Gen 9 Champions] VGC 2026 Reg M-B\n|rated|\n|rule|Species Clause: Limit one of each Pokémon\n|rule|Item Clause: Limit 1 of each item\n|clearpoke\n|poke|p1|Raichu, L50, M, shiny|\n|poke|p1|Aerodactyl, L50, F|\n|poke|p1|Kingambit, L50, M, shiny|\n|poke|p1|Basculegion, L50, M, shiny|\n|poke|p1|Ninetales-Alola, L50, F|\n|poke|p1|Tsareena, L50, F, shiny|\n|poke|p2|Froslass, L50, F|\n|poke|p2|Excadrill, L50, M|\n|poke|p2|Charizard, L50, M, shiny|\n|poke|p2|Kommo-o, L50, M|\n|poke|p2|Tyranitar, L50, M|\n|poke|p2|Sneasler, L50, M|\n|teampreview|4\n|inactive|Battle timer is ON: inactive players will automatically lose when time's up. (requested by Daemon_Targeryen)\n|\n|t:|1788300894\n|teamsize|p1|4\n|teamsize|p2|4\n|start\n|switch|p1a: Aerodactyl|Aerodactyl, L50, F|100/100\n|switch|p1b: Raichu|Raichu, L50, M, shiny|100/100\n|switch|p2a: Drogon|Charizard, L50, M, shiny|100/100\n|switch|p2b: Vermithor|Kommo-o, L50, M|100/100\n|-ability|p1a: Aerodactyl|Unnerve\n|turn|1\n|\n|t:|1788300917\n|move|p2a: Drogon|Protect|p2a: Drogon\n|-singleturn|p2a: Drogon|Protect\n|move|p1b: Raichu|Fake Out|p2b: Vermithor\n|-damage|p2b: Vermithor|91/100\n|move|p1a: Aerodactyl|Rock Slide|p2b: Vermithor|[spread] p2b\n|-activate|p2a: Drogon|move: Protect\n|-resisted|p2b: Vermithor|1\n|-damage|p2b: Vermithor|81/100\n|cant|p2b: Vermithor|flinch\n|\n|upkeep\n|turn|2\n|\n|t:|1788300935\n|switch|p2a: Simon|Excadrill, L50, M|100/100\n|detailschange|p1b: Raichu|Raichu-Mega-Y, L50, M, shiny\n|-mega|p1b: Raichu|Raichu|Raichunite Y\n|move|p1a: Aerodactyl|Dual Wingbeat|p2b: Vermithor\n|-supereffective|p2b: Vermithor|1\n|-damage|p2b: Vermithor|48/100\n|-supereffective|p2b: Vermithor|1\n|-damage|p2b: Vermithor|17/100\n|-hitcount|p2b: Vermithor|2\n|move|p1b: Raichu|Zap Cannon|p2a: Simon\n|-immune|p2a: Simon\n|move|p2b: Vermithor|Flash Cannon|p1a: Aerodactyl\n|-supereffective|p1a: Aerodactyl|1\n|-damage|p1a: Aerodactyl|19/100\n|-damage|p2b: Vermithor|7/100|[from] item: Life Orb\n|\n|upkeep\n|turn|3\n|\n|t:|1788300958\n|switch|p2b: Devil Jho|Tyranitar, L50, M|100/100\n|-weather|Sandstorm|[from] ability: Sand Stream|[of] p2b: Devil Jho\n|move|p1a: Aerodactyl|Protect|p1a: Aerodactyl\n|-singleturn|p1a: Aerodactyl|Protect\n|move|p2a: Simon|Rock Slide|p1b: Raichu|[spread] p1b\n|-activate|p1a: Aerodactyl|move: Protect\n|-damage|p1b: Raichu|69/100\n|cant|p1b: Raichu|flinch\n|\n|-weather|Sandstorm|[upkeep]\n|-damage|p1b: Raichu|63/100|[from] Sandstorm\n|upkeep\n|turn|4\n|inactive|Crotolamo67 has 30 seconds left.\n|inactive|Crotolamo67 has 20 seconds left.\n|\n|t:|1788300996\n|switch|p1a: Ninetales|Ninetales-Alola, L50, F|100/100\n|-weather|Snowscape|[from] ability: Snow Warning|[of] p1a: Ninetales\n|move|p1b: Raichu|Focus Blast|p2b: Devil Jho\n|-supereffective|p2b: Devil Jho|2\n|-damage|p2b: Devil Jho|0 fnt\n|faint|p2b: Devil Jho\n|move|p2a: Simon|High Horsepower|p1b: Raichu\n|-supereffective|p1b: Raichu|1\n|-damage|p1b: Raichu|0 fnt\n|faint|p1b: Raichu\n|\n|-weather|Snowscape|[upkeep]\n|upkeep\n|\n|t:|1788301010\n|switch|p1b: Basculegion|Basculegion, L50, M, shiny|100/100\n|switch|p2b: Drogon|Charizard, L50, M, shiny|100/100\n|turn|5\n|\n|t:|1788301033\n|detailschange|p2b: Drogon|Charizard-Mega-Y, L50, M, shiny\n|-mega|p2b: Drogon|Charizard|Charizardite Y\n|-weather|SunnyDay|[from] ability: Drought|[of] p2b: Drogon\n|move|p1b: Basculegion|Protect|p1b: Basculegion\n|-singleturn|p1b: Basculegion|Protect\n|move|p1a: Ninetales|Howl|p1a: Ninetales|[spread] p1a,p1b\n|-boost|p1a: Ninetales|atk|1\n|-boost|p1b: Basculegion|atk|1\n|move|p2b: Drogon|Solar Beam||[still]\n|-prepare|p2b: Drogon|Solar Beam\n|-anim|p2b: Drogon|Solar Beam|p1b: Basculegion\n|-activate|p1b: Basculegion|move: Protect\n|move|p2a: Simon|Iron Head|p1a: Ninetales\n|-supereffective|p1a: Ninetales|2\n|-crit|p1a: Ninetales\n|-enditem|p1a: Ninetales|Focus Sash\n|-damage|p1a: Ninetales|1/100\n|\n|-weather|SunnyDay|[upkeep]\n|upkeep\n|turn|6\n|inactive|Crotolamo67 has 30 seconds left.\n|\n|t:|1788301066\n|move|p1b: Basculegion|Aqua Jet|p2b: Drogon\n|-supereffective|p2b: Drogon|1\n|-damage|p2b: Drogon|19/100\n|-damage|p1b: Basculegion|90/100|[from] item: Life Orb\n|move|p1a: Ninetales|Freeze-Dry|p2b: Drogon\n|-damage|p2b: Drogon|0 fnt\n|faint|p2b: Drogon\n|move|p2a: Simon|Rock Slide|p1b: Basculegion|[spread] p1a,p1b\n|-supereffective|p1a: Ninetales|1\n|-damage|p1a: Ninetales|0 fnt\n|-damage|p1b: Basculegion|63/100\n|faint|p1a: Ninetales\n|\n|-weather|SunnyDay|[upkeep]\n|upkeep\n|\n|t:|1788301079\n|switch|p1a: Aerodactyl|Aerodactyl, L50, F|19/100\n|switch|p2b: Vermithor|Kommo-o, L50, M|7/100\n|-ability|p1a: Aerodactyl|Unnerve\n|turn|7\n|inactive|Crotolamo67 has 30 seconds left.\n|inactive|Crotolamo67 has 20 seconds left.\n|inactive|Crotolamo67 has 15 seconds left.\n|\n|t:|1788301122\n|move|p1a: Aerodactyl|Protect|p1a: Aerodactyl\n|-singleturn|p1a: Aerodactyl|Protect\n|move|p2b: Vermithor|Protect|p2b: Vermithor\n|-singleturn|p2b: Vermithor|Protect\n|move|p1b: Basculegion|Aqua Jet|p2b: Vermithor\n|-activate|p2b: Vermithor|move: Protect\n|move|p2a: Simon|High Horsepower|p1b: Basculegion\n|-damage|p1b: Basculegion|0 fnt\n|faint|p1b: Basculegion\n|\n|-weather|SunnyDay|[upkeep]\n|upkeep\n|turn|8\n|\n|t:|1788301136\n|move|p1a: Aerodactyl|Rock Slide|p2a: Simon|[spread] p2a\n|-miss|p1a: Aerodactyl|p2b: Vermithor\n|-resisted|p2a: Simon|2\n|-damage|p2a: Simon|93/100\n|move|p2a: Simon|Rock Slide|p1a: Aerodactyl\n|-supereffective|p1a: Aerodactyl|1\n|-damage|p1a: Aerodactyl|0 fnt\n|faint|p1a: Aerodactyl\n|\n|win|Daemon_Targeryen\n","uploadtime":1788300836,"views":"1","formatid":"gen9championsvgc2026regmb","rating":null,"private":0,"password":null}