{"id":"gen9championsvgc2026regmb-2674928805","format":"[Gen 9 Champions] VGC 2026 Reg M-B","players":["FlameGoddess","fastboyyoufh"],"log":"|j|☆FlameGoddess\n|j|☆fastboyyoufh\n|t:|1788437544\n|gametype|doubles\n|player|p1|FlameGoddess|2|1105\n|player|p2|fastboyyoufh|101|1153\n|gen|9\n|tier|[Gen 9 Champions] VGC 2026 Reg M-B\n|rated|\n|rule|Species Clause: Limit one of each Pokémon\n|rule|Item Clause: Limit 1 of each item\n|clearpoke\n|poke|p1|Mimikyu, L50, M, shiny|\n|poke|p1|Camerupt, L50, M, shiny|\n|poke|p1|Sinistcha, L50, shiny|\n|poke|p1|Sneasler, L50, M, shiny|\n|poke|p1|Dragonite, L50, M, shiny|\n|poke|p1|Tsareena, L50, F, shiny|\n|poke|p2|Skarmory, L50, F|\n|poke|p2|Tyranitar, L50, F|\n|poke|p2|Excadrill, L50, M|\n|poke|p2|Clefable, L50, M|\n|poke|p2|Basculegion, L50, M|\n|poke|p2|Volcarona, L50, F|\n|teampreview|4\n|inactive|Battle timer is ON: inactive players will automatically lose when time's up. (requested by fastboyyoufh)\n|\n|t:|1788437580\n|teamsize|p1|4\n|teamsize|p2|4\n|start\n|switch|p1a: moria|Mimikyu, L50, M, shiny|100/100\n|switch|p1b: akainu|Camerupt, L50, M, shiny|100/100\n|switch|p2a: Tyranitar|Tyranitar, L50, F|100/100\n|switch|p2b: Excadrill|Excadrill, L50, M|100/100\n|-weather|Sandstorm|[from] ability: Sand Stream|[of] p2a: Tyranitar\n|turn|1\n|\n|t:|1788437598\n|detailschange|p2a: Tyranitar|Tyranitar-Mega, L50, F\n|-mega|p2a: Tyranitar|Tyranitar|Tyranitarite\n|move|p1b: akainu|Protect|p1b: akainu\n|-singleturn|p1b: akainu|Protect\n|move|p2b: Excadrill|High Horsepower|p1b: akainu\n|-activate|p1b: akainu|move: Protect\n|move|p2a: Tyranitar|Dragon Dance|p2a: Tyranitar\n|-boost|p2a: Tyranitar|atk|1\n|-boost|p2a: Tyranitar|spe|1\n|move|p1a: moria|Trick Room|p1a: moria\n|-fieldstart|move: Trick Room|[of] p1a: moria\n|\n|-weather|Sandstorm|[upkeep]\n|-damage|p1a: moria|93/100|[from] Sandstorm\n|upkeep\n|turn|2\n|inactive|FlameGoddess has 30 seconds left.\n|\n|t:|1788437625\n|detailschange|p1b: akainu|Camerupt-Mega, L50, M, shiny\n|-mega|p1b: akainu|Camerupt|Cameruptite\n|move|p1a: moria|Shadow Sneak|p2b: Excadrill\n|-damage|p2b: Excadrill|80/100\n|move|p1b: akainu|Eruption|p2a: Tyranitar|[spread] p2a,p2b\n|-resisted|p2a: Tyranitar|1\n|-supereffective|p2b: Excadrill|1\n|-damage|p2a: Tyranitar|81/100\n|-damage|p2b: Excadrill|0 fnt\n|faint|p2b: Excadrill\n|move|p2a: Tyranitar|Rock Slide|p1a: moria|[spread] p1a\n|-miss|p2a: Tyranitar|p1b: akainu\n|-activate|p1a: moria|ability: Disguise\n|-damage|p1a: moria|93/100\n|detailschange|p1a: moria|Mimikyu-Busted, L50, M, shiny\n|-damage|p1a: moria|81/100|[from] pokemon: Mimikyu-Busted\n|\n|-weather|Sandstorm|[upkeep]\n|-damage|p1a: moria|75/100|[from] Sandstorm\n|upkeep\n|\n|t:|1788437645\n|switch|p2b: Volcarona|Volcarona, L50, F|100/100\n|turn|3\n|\n|t:|1788437669\n|switch|p2b: Basculegion|Basculegion, L50, M|100/100\n|move|p1b: akainu|Protect|p1b: akainu\n|-singleturn|p1b: akainu|Protect\n|move|p1a: moria|Will-O-Wisp|p2a: Tyranitar\n|-status|p2a: Tyranitar|brn\n|move|p2a: Tyranitar|Rock Slide|p1b: akainu|[spread] p1a\n|-activate|p1b: akainu|move: Protect\n|-damage|p1a: moria|45/100\n|\n|-weather|Sandstorm|[upkeep]\n|-damage|p1a: moria|38/100|[from] Sandstorm\n|-damage|p2b: Basculegion|93/100|[from] Sandstorm\n|-damage|p2a: Tyranitar|75/100 brn|[from] brn\n|upkeep\n|turn|4\n|\n|t:|1788437692\n|switch|p1a: queen|Tsareena, L50, F, shiny|100/100\n|move|p1b: akainu|Earth Power|p2a: Tyranitar\n|-supereffective|p2a: Tyranitar|1\n|-crit|p2a: Tyranitar\n|-damage|p2a: Tyranitar|0 fnt\n|faint|p2a: Tyranitar\n|move|p2b: Basculegion|Wave Crash|p1b: akainu\n|-supereffective|p1b: akainu|2\n|-damage|p1b: akainu|0 fnt\n|faint|p1b: akainu\n|-damage|p2b: Basculegion|64/100|[from] Recoil\n|-damage|p2b: Basculegion|54/100|[from] item: Life Orb\n|\n|-weather|Sandstorm|[upkeep]\n|-damage|p1a: queen|93/100|[from] Sandstorm\n|-damage|p2b: Basculegion|48/100|[from] Sandstorm\n|upkeep\n|\n|t:|1788437710\n|switch|p1b: moria|Mimikyu-Busted, L50, M, shiny|38/100\n|switch|p2a: Volcarona|Volcarona, L50, F|100/100\n|turn|5\n|-message|fastboyyoufh forfeited.\n|\n|win|FlameGoddess\n|raw|FlameGoddess's rating: 1105 &rarr; <strong>1133</strong><br />(+28 for winning)\n|raw|fastboyyoufh's rating: 1153 &rarr; <strong>1125</strong><br />(-28 for losing)\n|l|☆fastboyyoufh\n|player|p2|\n","uploadtime":1788437723,"views":"9","formatid":"gen9championsvgc2026regmb","rating":1125,"private":0,"password":null}