{"id":"gen9championsvgc2026regmb-2674113135","format":"[Gen 9 Champions] VGC 2026 Reg M-B","players":["Arthastasia","Hatzoome"],"log":"|j|☆Arthastasia\n|j|☆Hatzoome\n|html|<table width=\"100%\"><tr><td align=\"left\">Arthastasia</td><td align=\"right\">Hatzoome</tr><tr><td align=\"left\"><i class=\"fa fa-circle\"></i> <i class=\"fa fa-circle-o\"></i> </td><td align=\"right\"><i class=\"fa fa-circle-o\"></i> <i class=\"fa fa-circle-o\"></i> </tr></table>\n|uhtml|bestof|<h2><strong>Game 2</strong> of <a href=\"/game-bestof3-gen9championsvgc2026regmb-2674111032\">a best-of-3</a></h2>\n|t:|1788300992\n|gametype|doubles\n|player|p1|Arthastasia|n|\n|player|p2|Hatzoome|cheryl|\n|gen|9\n|tier|[Gen 9 Champions] VGC 2026 Reg M-B\n|rule|Species Clause: Limit one of each Pokémon\n|rule|Item Clause: Limit 1 of each item\n|raw|<div class=\"infobox\"><details class=\"readmore\" open><summary><strong>1 custom rule:</strong></summary> Best of = 3</details></div>\n|clearpoke\n|poke|p1|Sinistcha, L50|\n|poke|p1|Tinkaton, L50, F|\n|poke|p1|Altaria, L50, F|\n|poke|p1|Glimmora, L50, M|\n|poke|p1|Jolteon, L50, F|\n|poke|p1|Malamar, L50, F|\n|poke|p2|Swampert, L50, M|\n|poke|p2|Pelipper, L50, F|\n|poke|p2|Sylveon, L50, F|\n|poke|p2|Kangaskhan, L50, F|\n|poke|p2|Infernape, L50, F|\n|poke|p2|Grimmsnarl, L50, M|\n|teampreview|4\nArthastasia rejected open team sheets.\n|j| owllegs\n|j| k1p_s0uvlak1\n|\n|t:|1788301094\n|teamsize|p1|4\n|teamsize|p2|4\n|start\n|switch|p1a: Tinkaton|Tinkaton, L50, F|100/100\n|switch|p1b: Malamar|Malamar, L50, F|100/100\n|switch|p2a: Fergalicious|Infernape, L50, F|100/100\n|switch|p2b: Cece|Sylveon, L50, F|100/100\n|turn|1\n|\n|t:|1788301115\n|detailschange|p1b: Malamar|Malamar-Mega, L50, F\n|-mega|p1b: Malamar|Malamar|Malamarite\n|move|p1a: Tinkaton|Fake Out|p2b: Cece\n|-damage|p2b: Cece|88/100\n|move|p2a: Fergalicious|Fake Out|p1a: Tinkaton\n|-resisted|p1a: Tinkaton|1\n|-damage|p1a: Tinkaton|92/100\n|-damage|p2a: Fergalicious|90/100|[from] item: Life Orb\n|move|p1b: Malamar|Superpower|p2a: Fergalicious\n|-damage|p2a: Fergalicious|26/100\n|-boost|p1b: Malamar|atk|1\n|-boost|p1b: Malamar|def|1\n|cant|p2b: Cece|flinch\n|\n|upkeep\n|turn|2\n|\n|t:|1788301164\n|move|p2b: Cece|Protect|p2b: Cece\n|-singleturn|p2b: Cece|Protect\n|move|p1a: Tinkaton|Gigaton Hammer|p2b: Cece\n|-activate|p2b: Cece|move: Protect\n|move|p2a: Fergalicious|Overheat|p1b: Malamar\n|-damage|p1b: Malamar|0 fnt\n|-unboost|p2a: Fergalicious|spa|2\n|faint|p1b: Malamar\n|-damage|p2a: Fergalicious|16/100|[from] item: Life Orb\n|\n|upkeep\n|\n|t:|1788301179\n|switch|p1b: Jolteon|Jolteon, L50, F|100/100\n|turn|3\n|\n|t:|1788301202\n|switch|p2a: Major Armstrong|Swampert, L50, M|100/100\n|move|p1b: Jolteon|Volt Switch|p2a: Major Armstrong\n|-immune|p2a: Major Armstrong\n|move|p1a: Tinkaton|Reflect|p1a: Tinkaton\n|-sidestart|p1: Arthastasia|Reflect\n|move|p2b: Cece|Calm Mind|p2b: Cece\n|-boost|p2b: Cece|spa|1\n|-boost|p2b: Cece|spd|1\n|\n|upkeep\n|turn|4\n|\n|t:|1788301243\n|move|p2b: Cece|Protect|p2b: Cece\n|-singleturn|p2b: Cece|Protect\n|move|p1a: Tinkaton|Feint|p2b: Cece\n|-activate|p2b: Cece|move: Feint\n|-damage|p2b: Cece|78/100\n|move|p1b: Jolteon|Volt Switch|p2b: Cece\n|-damage|p2b: Cece|62/100\n|\n|t:|1788301250\n|switch|p1b: Sinistcha|Sinistcha, L50|100/100|[from] Volt Switch\n|-heal|p1a: Tinkaton|100/100|[from] ability: Hospitality|[of] p1b: Sinistcha\n|move|p2a: Major Armstrong|Earthquake|p1a: Tinkaton|[spread] p2b,p1a,p1b\n|-supereffective|p1a: Tinkaton|1\n|-resisted|p1b: Sinistcha|1\n|-damage|p2b: Cece|19/100\n|-damage|p1a: Tinkaton|27/100\n|-damage|p1b: Sinistcha|87/100\n|-enditem|p2b: Cece|Sitrus Berry|[eat]\n|-heal|p2b: Cece|44/100|[from] item: Sitrus Berry\n|\n|-heal|p1b: Sinistcha|93/100|[from] item: Leftovers\n|upkeep\n|turn|5\n|\n|t:|1788301292\n|switch|p2b: Fergalicious|Infernape, L50, F|16/100\n|move|p1a: Tinkaton|Gigaton Hammer|p2b: Fergalicious\n|-resisted|p2b: Fergalicious|1\n|-damage|p2b: Fergalicious|0 fnt\n|faint|p2b: Fergalicious\n|move|p1b: Sinistcha|Matcha Gotcha|p2a: Major Armstrong\n|-supereffective|p2a: Major Armstrong|2\n|-damage|p2a: Major Armstrong|0 fnt\n|-heal|p1b: Sinistcha|100/100|[from] drain|[of] p2a: Major Armstrong\n|faint|p2a: Major Armstrong\n|\n|upkeep\n|\n|t:|1788301302\n|switch|p2b: Cece|Sylveon, L50, F|44/100\n|switch|p2a: Kanga & Roo|Kangaskhan, L50, F|100/100\n|turn|6\n|\n|t:|1788301322\n|detailschange|p2a: Kanga & Roo|Kangaskhan-Mega, L50, F\n|-mega|p2a: Kanga & Roo|Kangaskhan|Kangaskhanite\n|move|p2a: Kanga & Roo|Fake Out|p1b: Sinistcha\n|-immune|p1b: Sinistcha\n|move|p1a: Tinkaton|Feint|p2a: Kanga & Roo\n|-damage|p2a: Kanga & Roo|93/100\n|move|p1b: Sinistcha|Matcha Gotcha|p2a: Kanga & Roo|[spread] p2a,p2b\n|-damage|p2a: Kanga & Roo|70/100\n|-damage|p2b: Cece|25/100\n|move|p2b: Cece|Hyper Voice|p1b: Sinistcha|[spread] p1a,p1b\n|-resisted|p1a: Tinkaton|1\n|-damage|p1a: Tinkaton|5/100\n|-damage|p1b: Sinistcha|64/100\n|\n|-heal|p1b: Sinistcha|70/100|[from] item: Leftovers\n|upkeep\n|turn|7\n|\n|t:|1788301344\n|move|p2b: Cece|Quick Attack|p1a: Tinkaton\n|-resisted|p1a: Tinkaton|1\n|-damage|p1a: Tinkaton|1/100\n|move|p2a: Kanga & Roo|Fire Punch|p1b: Sinistcha\n|-supereffective|p1b: Sinistcha|1\n|-damage|p1b: Sinistcha|38/100\n|-status|p1b: Sinistcha|brn\n|-supereffective|p1b: Sinistcha|1\n|-damage|p1b: Sinistcha|29/100 brn\n|-hitcount|p1b: Sinistcha|2\n|move|p1a: Tinkaton|Gigaton Hammer|p2b: Cece\n|-supereffective|p2b: Cece|1\n|-damage|p2b: Cece|0 fnt\n|faint|p2b: Cece\n|move|p1b: Sinistcha|Matcha Gotcha|p2a: Kanga & Roo\n|-damage|p2a: Kanga & Roo|34/100\n|-heal|p1b: Sinistcha|48/100 brn|[from] drain|[of] p2a: Kanga & Roo\n|\n|-heal|p1b: Sinistcha|54/100 brn|[from] item: Leftovers\n|-damage|p1b: Sinistcha|48/100 brn|[from] brn\n|upkeep\n|turn|8\n|\n|t:|1788301363\n|move|p1a: Tinkaton|Feint|p2a: Kanga & Roo\n|-damage|p2a: Kanga & Roo|27/100\n|move|p2a: Kanga & Roo|Fire Punch|p1b: Sinistcha\n|-supereffective|p1b: Sinistcha|1\n|-damage|p1b: Sinistcha|12/100 brn\n|-supereffective|p1b: Sinistcha|1\n|-damage|p1b: Sinistcha|4/100 brn\n|-hitcount|p1b: Sinistcha|2\n|move|p1b: Sinistcha|Matcha Gotcha|p2a: Kanga & Roo\n|-damage|p2a: Kanga & Roo|0 fnt\n|-heal|p1b: Sinistcha|19/100 brn|[from] drain|[of] p2a: Kanga & Roo\n|faint|p2a: Kanga & Roo\n|\n|win|Arthastasia\n|c|☆Hatzoome|gg\n|c|☆Arthastasia|gg\n|c| owllegs|gg\n","uploadtime":1788301424,"views":"29","formatid":"gen9championsvgc2026regmb","rating":null,"private":0,"password":null}