{"id":"gen9championsvgc2026regmb-2674688065","format":"[Gen 9 Champions] VGC 2026 Reg M-B","players":["Jc1027","Sleepy Dreepys"],"log":"|j|☆Jc1027\n|j|☆Sleepy Dreepys\n|html|<table width=\"100%\"><tr><td align=\"left\">Jc1027</td><td align=\"right\">Sleepy Dreepys</tr><tr><td align=\"left\"><i class=\"fa fa-circle\"></i> <i class=\"fa fa-circle-o\"></i> </td><td align=\"right\"><i class=\"fa fa-circle-o\"></i> <i class=\"fa fa-circle-o\"></i> </tr></table>\n|uhtml|bestof|<h2><strong>Game 2</strong> of <a href=\"/game-bestof3-gen9championsvgc2026regmb-2674686110\">a best-of-3</a></h2>\n|t:|1788390713\n|gametype|doubles\n|player|p1|Jc1027|2|\n|player|p2|Sleepy Dreepys|ingo|\n|gen|9\n|tier|[Gen 9 Champions] VGC 2026 Reg M-B\n|rule|Species Clause: Limit one of each Pokémon\n|rule|Item Clause: Limit 1 of each item\n|raw|<div class=\"infobox\"><details class=\"readmore\" open><summary><strong>1 custom rule:</strong></summary> Best of = 3</details></div>\n|clearpoke\n|poke|p1|Blastoise, L50, F|\n|poke|p1|Orthworm, L50, M, shiny|\n|poke|p1|Snorlax, L50, M, shiny|\n|poke|p1|Whimsicott, L50, M|\n|poke|p1|Hydreigon, L50, M|\n|poke|p1|Umbreon, L50, F, shiny|\n|poke|p2|Dragapult, L50, F, shiny|\n|poke|p2|Tyrantrum, L50, M, shiny|\n|poke|p2|Rotom-Wash, L50|\n|poke|p2|Aegislash, L50, F, shiny|\n|poke|p2|Kangaskhan, L50, F, shiny|\n|poke|p2|Tsareena, L50, F, shiny|\n|teampreview|4\n|\n|t:|1788390724\n|teamsize|p1|4\n|teamsize|p2|4\n|start\n|switch|p1a: Orthworm|Orthworm, L50, M, shiny|100/100\n|switch|p1b: Umbreon|Umbreon, L50, F, shiny|100/100\n|switch|p2a: Kangaskhan|Kangaskhan, L50, F, shiny|100/100\n|switch|p2b: Tsareena|Tsareena, L50, F, shiny|100/100\n|turn|1\n|\n|t:|1788390756\n|detailschange|p2a: Kangaskhan|Kangaskhan-Mega, L50, F, shiny\n|-mega|p2a: Kangaskhan|Kangaskhan|Kangaskhanite\n|move|p1b: Umbreon|Protect|p1b: Umbreon\n|-singleturn|p1b: Umbreon|Protect\n|move|p2a: Kangaskhan|Sucker Punch||[still]\n|-fail|p2a: Kangaskhan\n|move|p2b: Tsareena|Triple Axel|p1b: Umbreon\n|-activate|p1b: Umbreon|move: Protect\n|move|p1a: Orthworm|Coil|p1a: Orthworm\n|-boost|p1a: Orthworm|atk|1\n|-boost|p1a: Orthworm|def|1\n|-boost|p1a: Orthworm|accuracy|1\n|\n|upkeep\n|turn|2\n|\n|t:|1788390775\n|move|p2a: Kangaskhan|Sucker Punch|p1a: Orthworm\n|-damage|p1a: Orthworm|90/100\n|-damage|p1a: Orthworm|89/100\n|-hitcount|p1a: Orthworm|2\n|move|p2b: Tsareena|Triple Axel|p1b: Umbreon\n|-damage|p1b: Umbreon|95/100\n|-damage|p1b: Umbreon|84/100\n|-damage|p1b: Umbreon|69/100\n|-hitcount|p1b: Umbreon|3\n|move|p1a: Orthworm|Body Press|p2a: Kangaskhan\n|-supereffective|p2a: Kangaskhan|1\n|-damage|p2a: Kangaskhan|3/100\n|move|p1b: Umbreon|Toxic|p2b: Tsareena\n|-status|p2b: Tsareena|tox\n|-enditem|p2b: Tsareena|Lum Berry|[eat]\n|-curestatus|p2b: Tsareena|tox|[msg]\n|\n|upkeep\n|turn|3\n|\n|t:|1788390830\n|move|p2a: Kangaskhan|Protect|p2a: Kangaskhan\n|-singleturn|p2a: Kangaskhan|Protect\n|move|p2b: Tsareena|Trop Kick|p1b: Umbreon\n|-damage|p1b: Umbreon|36/100\n|-unboost|p1b: Umbreon|atk|1\n|move|p1a: Orthworm|Heavy Slam|p2b: Tsareena\n|-damage|p2b: Tsareena|40/100\n|move|p1b: Umbreon|Foul Play|p2a: Kangaskhan\n|-activate|p2a: Kangaskhan|move: Protect\n|\n|upkeep\n|turn|4\n|\n|t:|1788390871\n|move|p2a: Kangaskhan|Protect|p2a: Kangaskhan\n|-singleturn|p2a: Kangaskhan|Protect\n|move|p2b: Tsareena|U-turn|p1b: Umbreon\n|-supereffective|p1b: Umbreon|1\n|-damage|p1b: Umbreon|1/100\n|\n|t:|1788390878\n|switch|p2b: Dragapult|Dragapult, L50, F, shiny|100/100|[from] U-turn\n|move|p1a: Orthworm|Body Press|p2a: Kangaskhan\n|-activate|p2a: Kangaskhan|move: Protect\n|move|p1b: Umbreon|Wish|p1b: Umbreon\n|\n|upkeep\n|turn|5\n|\n|t:|1788390903\n|move|p1b: Umbreon|Protect|p1b: Umbreon\n|-singleturn|p1b: Umbreon|Protect\n|move|p2b: Dragapult|Phantom Force||[still]\n|-prepare|p2b: Dragapult|Phantom Force\n|move|p2a: Kangaskhan|Double-Edge|p1b: Umbreon\n|-activate|p1b: Umbreon|move: Protect\n|move|p1a: Orthworm|Heavy Slam|p2b: Dragapult|[miss]\n|-miss|p1a: Orthworm|p2b: Dragapult\n|\n|-heal|p1b: Umbreon|51/100|[from] move: Wish|[wisher] Umbreon\n|upkeep\n|turn|6\n|\n|t:|1788390920\n|move|p2b: Dragapult|Phantom Force|p1a: Orthworm|[from] lockedmove\n|-damage|p1a: Orthworm|71/100\n|move|p2a: Kangaskhan|Double-Edge|p1b: Umbreon\n|-damage|p1b: Umbreon|8/100\n|-damage|p1b: Umbreon|0 fnt\n|faint|p1b: Umbreon\n|-hitcount|p1: Umbreon|2\n|-damage|p2a: Kangaskhan|0 fnt|[from] Recoil\n|faint|p2a: Kangaskhan\n|move|p1a: Orthworm|Heavy Slam|p2b: Dragapult\n|-damage|p2b: Dragapult|22/100\n|\n|upkeep\n|\n|t:|1788390932\n|switch|p2a: Tsareena|Tsareena, L50, F, shiny|40/100\n|switch|p1b: Hydreigon|Hydreigon, L50, M|100/100\n|turn|7\n|\n|t:|1788390946\n|move|p1b: Hydreigon|Heat Wave|p2a: Tsareena|[spread] p2a,p2b\n|-supereffective|p2a: Tsareena|1\n|-resisted|p2b: Dragapult|1\n|-crit|p2b: Dragapult\n|-damage|p2a: Tsareena|0 fnt\n|-damage|p2b: Dragapult|0 fnt\n|faint|p2a: Tsareena\n|faint|p2b: Dragapult\n|move|p1a: Orthworm|Heavy Slam|p2: Tsareena|[notarget]\n|-fail|p1a: Orthworm\n|\n|upkeep\n|\n|t:|1788390955\n|switch|p2a: Rotom|Rotom-Wash, L50|100/100\n|turn|8\n|\n|t:|1788390967\n|switch|p1b: Blastoise|Blastoise, L50, F|100/100\n|move|p2a: Rotom|Hydro Pump|p1b: Blastoise\n|-resisted|p1b: Blastoise|1\n|-damage|p1b: Blastoise|68/100\n|move|p1a: Orthworm|Body Press|p2a: Rotom\n|-damage|p2a: Rotom|44/100\n|-enditem|p2a: Rotom|Sitrus Berry|[eat]\n|-heal|p2a: Rotom|69/100|[from] item: Sitrus Berry\n|\n|upkeep\n|turn|9\n|\n|t:|1788390982\n|switch|p1b: Hydreigon|Hydreigon, L50, M|100/100\n|move|p2a: Rotom|Thunderbolt|p1b: Hydreigon\n|-resisted|p1b: Hydreigon|1\n|-damage|p1b: Hydreigon|75/100\n|move|p1a: Orthworm|Body Press|p2a: Rotom\n|-damage|p2a: Rotom|19/100\n|\n|upkeep\n|turn|10\n|\n|t:|1788390994\n|move|p1b: Hydreigon|Draco Meteor|p2a: Rotom\n|-damage|p2a: Rotom|0 fnt\n|-unboost|p1b: Hydreigon|spa|2\n|faint|p2a: Rotom\n|\n|win|Jc1027\n","uploadtime":1788391000,"views":"14","formatid":"gen9championsvgc2026regmb","rating":null,"private":0,"password":null}