{"id":"gen9championsvgc2026regmb-2674741004","format":"[Gen 9 Champions] VGC 2026 Reg M-B","players":["blueplaidshirtboy","lobasso"],"log":"|j|☆blueplaidshirtboy\n|j|☆lobasso\n|t:|1788398910\n|gametype|doubles\n|player|p1|blueplaidshirtboy|nate|1071\n|player|p2|lobasso|170|1039\n|gen|9\n|tier|[Gen 9 Champions] VGC 2026 Reg M-B\n|rated|\n|rule|Species Clause: Limit one of each Pokémon\n|rule|Item Clause: Limit 1 of each item\n|clearpoke\n|poke|p1|Talonflame, L50, F|\n|poke|p1|Corviknight, L50, F|\n|poke|p1|Vivillon, L50, F|\n|poke|p1|Staraptor, L50, M|\n|poke|p1|Rotom-Fan, L50|\n|poke|p1|Emolga, L50, F|\n|poke|p2|Absol, L50, M|\n|poke|p2|Maushold, L50|\n|poke|p2|Sneasler, L50, M|\n|poke|p2|Sinistcha, L50|\n|poke|p2|Whimsicott, L50, M|\n|poke|p2|Kingambit, L50, M|\n|teampreview|4\n|\n|t:|1788398929\n|teamsize|p1|4\n|teamsize|p2|4\n|start\n|switch|p1a: Elvis Staraptor|Staraptor, L50, M|100/100\n|switch|p1b: Chick DIVA|Talonflame, L50, F|100/100\n|switch|p2a: Absol|Absol, L50, M|100/100\n|switch|p2b: Maushold|Maushold, L50|100/100\n|-ability|p1a: Elvis Staraptor|Intimidate|boost\n|-unboost|p2a: Absol|atk|1\n|-unboost|p2b: Maushold|atk|1\n|turn|1\n|\n|t:|1788398944\n|detailschange|p1a: Elvis Staraptor|Staraptor-Mega, L50, M\n|-mega|p1a: Elvis Staraptor|Staraptor|Staraptite\n|move|p1b: Chick DIVA|Feather Dance|p1a: Elvis Staraptor\n|-boost|p1a: Elvis Staraptor|atk|2\n|move|p1a: Elvis Staraptor|Close Combat|p2b: Maushold\n|-supereffective|p2b: Maushold|1\n|-enditem|p2b: Maushold|Chople Berry|[eat]\n|-enditem|p2b: Maushold|Chople Berry|[weaken]\n|-damage|p2b: Maushold|0 fnt\n|-boost|p1a: Elvis Staraptor|def|1\n|-boost|p1a: Elvis Staraptor|spd|1\n|faint|p2b: Maushold\n|move|p2a: Absol|Focus Energy|p2a: Absol\n|-start|p2a: Absol|move: Focus Energy\n|\n|upkeep\n|\n|t:|1788398957\n|switch|p2b: Sneasler|Sneasler, L50, M|100/100\n|turn|2\n|inactive|Battle timer is ON: inactive players will automatically lose when time's up. (requested by lobasso)\n|\n|t:|1788398997\n|detailschange|p2a: Absol|Absol-Mega, L50, M\n|-mega|p2a: Absol|Absol|Absolite\n|move|p1a: Elvis Staraptor|Protect|p1a: Elvis Staraptor\n|-singleturn|p1a: Elvis Staraptor|Protect\n|move|p2b: Sneasler|Fake Out|p1a: Elvis Staraptor\n|-activate|p1a: Elvis Staraptor|move: Protect\n|move|p1b: Chick DIVA|Tailwind|p1b: Chick DIVA\n|-sidestart|p1: blueplaidshirtboy|move: Tailwind\n|move|p2a: Absol|Night Slash|p1a: Elvis Staraptor\n|-activate|p1a: Elvis Staraptor|move: Protect\n|\n|upkeep\n|turn|3\n|inactive|blueplaidshirtboy has 30 seconds left.\n|inactive|blueplaidshirtboy has 20 seconds left.\n|\n|t:|1788399033\n|move|p2a: Absol|Detect|p2a: Absol\n|-singleturn|p2a: Absol|Protect\n|move|p1b: Chick DIVA|Brave Bird|p2b: Sneasler\n|-supereffective|p2b: Sneasler|1\n|-damage|p2b: Sneasler|0 fnt\n|faint|p2b: Sneasler\n|-damage|p1b: Chick DIVA|66/100|[from] Recoil\n|move|p1a: Elvis Staraptor|Close Combat|p2a: Absol\n|-activate|p2a: Absol|move: Protect\n|\n|upkeep\n|\n|t:|1788399043\n|switch|p2b: Sinistcha|Sinistcha, L50|100/100\n|turn|4\n|\n|t:|1788399063\n|move|p2b: Sinistcha|Rage Powder|p2b: Sinistcha\n|-singleturn|p2b: Sinistcha|move: Rage Powder\n|move|p1b: Chick DIVA|Feather Dance|p2b: Sinistcha\n|-unboost|p2b: Sinistcha|atk|2\n|move|p1a: Elvis Staraptor|Dual Wingbeat|p2b: Sinistcha\n|-supereffective|p2b: Sinistcha|1\n|-damage|p2b: Sinistcha|15/100\n|-enditem|p2b: Sinistcha|Sitrus Berry|[eat]\n|-heal|p2b: Sinistcha|40/100|[from] item: Sitrus Berry\n|-supereffective|p2b: Sinistcha|1\n|-damage|p2b: Sinistcha|0 fnt\n|faint|p2b: Sinistcha\n|-hitcount|p2: Sinistcha|2\n|move|p2a: Absol|Night Slash|p1a: Elvis Staraptor\n|-resisted|p1a: Elvis Staraptor|1\n|-crit|p1a: Elvis Staraptor\n|-damage|p1a: Elvis Staraptor|68/100\n|\n|upkeep\n|turn|5\n|\n|t:|1788399087\n|move|p1b: Chick DIVA|Feather Dance|p2a: Absol\n|move|p2a: Absol|Feather Dance|p1b: Chick DIVA|[from] ability: Magic Bounce\n|-unboost|p1b: Chick DIVA|atk|2\n|move|p1a: Elvis Staraptor|Close Combat|p2a: Absol\n|-supereffective|p2a: Absol|1\n|-damage|p2a: Absol|0 fnt\n|-boost|p1a: Elvis Staraptor|def|1\n|-boost|p1a: Elvis Staraptor|spd|1\n|faint|p2a: Absol\n|\n|win|blueplaidshirtboy\n|raw|blueplaidshirtboy's rating: 1071 &rarr; <strong>1098</strong><br />(+27 for winning)\n|raw|lobasso's rating: 1039 &rarr; <strong>1025</strong><br />(-14 for losing)\n|l|☆lobasso\n|player|p2|\n","uploadtime":1788399095,"views":"0","formatid":"gen9championsvgc2026regmb","rating":1025,"private":0,"password":null}