{"id":"gen9championsvgc2026regmb-2674085143","format":"[Gen 9 Champions] VGC 2026 Reg M-B","players":["SpadesHS","oatey99"],"log":"|j|☆SpadesHS\n|j|☆oatey99\n|html|<table width=\"100%\"><tr><td align=\"left\">SpadesHS</td><td align=\"right\">oatey99</tr><tr><td align=\"left\"><i class=\"fa fa-circle\"></i> <i class=\"fa fa-circle-o\"></i> </td><td align=\"right\"><i class=\"fa fa-circle-o\"></i> <i class=\"fa fa-circle-o\"></i> </tr></table>\n|uhtml|bestof|<h2><strong>Game 2</strong> of <a href=\"/game-bestof3-gen9championsvgc2026regmb-2674082629\">a best-of-3</a></h2>\n|t:|1788297079\n|gametype|doubles\n|player|p1|SpadesHS|n|\n|player|p2|oatey99|101|\n|gen|9\n|tier|[Gen 9 Champions] VGC 2026 Reg M-B\n|rule|Species Clause: Limit one of each Pokémon\n|rule|Item Clause: Limit 1 of each item\n|raw|<div class=\"infobox\"><details class=\"readmore\" open><summary><strong>1 custom rule:</strong></summary> Best of = 3</details></div>\n|clearpoke\n|poke|p1|Scovillain, L50, F|\n|poke|p1|Gholdengo, L50|\n|poke|p1|Staraptor, L50, M|\n|poke|p1|Raichu, L50, F|\n|poke|p1|Swampert, L50, F|\n|poke|p1|Lycanroc-Midnight, L50, M|\n|poke|p2|Floette-Eternal, L50, F|\n|poke|p2|Incineroar, L50, M|\n|poke|p2|Rotom-Wash, L50|\n|poke|p2|Annihilape, L50, M|\n|poke|p2|Alakazam, L50, F|\n|poke|p2|Torterra, L50, M|\n|teampreview|4\nSpadesHS rejected open team sheets.\n|c|☆oatey99|glhf\n|c|☆SpadesHS|gl\n|\n|t:|1788297114\n|teamsize|p1|4\n|teamsize|p2|4\n|start\n|switch|p1a: Raichu|Raichu, L50, F|100/100\n|switch|p1b: Gholdengo|Gholdengo, L50|100/100\n|switch|p2a: Torterra|Torterra, L50, M|100/100\n|switch|p2b: Annihilape|Annihilape, L50, M|100/100\n|turn|1\n|\n|t:|1788297179\n|switch|p2b: Incineroar|Incineroar, L50, M|100/100\n|-ability|p2b: Incineroar|Intimidate|boost\n|-unboost|p1a: Raichu|atk|1\n|-unboost|p1b: Gholdengo|atk|1\n|move|p1b: Gholdengo|Protect|p1b: Gholdengo\n|-singleturn|p1b: Gholdengo|Protect\n|move|p1a: Raichu|Reflect|p1a: Raichu\n|-sidestart|p1: SpadesHS|Reflect\n|move|p2a: Torterra|High Horsepower|p1b: Gholdengo\n|-activate|p1b: Gholdengo|move: Protect\n|\n|upkeep\n|turn|2\n|j| raidersvgc\n|\n|t:|1788297223\n|switch|p1b: Staraptor|Staraptor, L50, M|100/100\n|-ability|p1b: Staraptor|Intimidate|boost\n|-unboost|p2a: Torterra|atk|1\n|-unboost|p2b: Incineroar|atk|1\n|move|p1a: Raichu|Volt Switch|p2b: Incineroar\n|-damage|p2b: Incineroar|77/100\n|\n|t:|1788297231\n|switch|p1a: Lycanroc|Lycanroc-Midnight, L50, M|100/100|[from] Volt Switch\n|move|p2a: Torterra|High Horsepower|p1b: Staraptor\n|-immune|p1b: Staraptor\n|move|p2b: Incineroar|Flare Blitz|p1b: Staraptor\n|-damage|p1b: Staraptor|68/100\n|-damage|p2b: Incineroar|68/100|[from] Recoil\n|\n|upkeep\n|turn|3\n|c|☆oatey99|just getting completely outplayed lol\n|\n|t:|1788297292\n|switch|p2a: Floette|Floette-Eternal, L50, F|100/100\n|switch|p2b: Annihilape|Annihilape, L50, M|100/100\n|detailschange|p1b: Staraptor|Staraptor-Mega, L50, M\n|-mega|p1b: Staraptor|Staraptor|Staraptite\n|move|p1a: Lycanroc|Play Rough|p2b: Annihilape\n|-supereffective|p2b: Annihilape|1\n|-damage|p2b: Annihilape|31/100\n|move|p1b: Staraptor|Brave Bird|p2a: Floette\n|-damage|p2a: Floette|0 fnt\n|faint|p2a: Floette\n|-damage|p1b: Staraptor|38/100|[from] Recoil\n|\n|upkeep\n|\n|t:|1788297323\n|switch|p2a: Incineroar|Incineroar, L50, M|68/100\n|-ability|p2a: Incineroar|Intimidate|boost\n|-unboost|p1a: Lycanroc|atk|1\n|-boost|p1b: Staraptor|atk|1\n|turn|4\n|\n|t:|1788297335\n|switch|p1a: Raichu|Raichu, L50, F|100/100\n|move|p1b: Staraptor|Protect|p1b: Staraptor\n|-singleturn|p1b: Staraptor|Protect\n|move|p2a: Incineroar|Fake Out|p1b: Staraptor\n|-activate|p1b: Staraptor|move: Protect\n|move|p2b: Annihilape|Drain Punch|p1a: Raichu\n|-damage|p1a: Raichu|40/100\n|-heal|p2b: Annihilape|50/100g|[from] drain|[of] p1a: Raichu\n|\n|upkeep\n|turn|5\n|\n|t:|1788297357\n|move|p1a: Raichu|Nuzzle|p2b: Annihilape\n|-damage|p2b: Annihilape|43/100\n|-status|p2b: Annihilape|par\n|-enditem|p2b: Annihilape|Lum Berry|[eat]\n|-curestatus|p2b: Annihilape|par|[msg]\n|move|p1b: Staraptor|Close Combat|p2a: Incineroar\n|-supereffective|p2a: Incineroar|1\n|-damage|p2a: Incineroar|0 fnt\n|-boost|p1b: Staraptor|def|1\n|-boost|p1b: Staraptor|spd|1\n|faint|p2a: Incineroar\n|move|p2b: Annihilape|Rage Fist|p1b: Staraptor\n|-damage|p1b: Staraptor|1/100\n|\n|-sideend|p1: SpadesHS|Reflect\n|upkeep\n|\n|t:|1788297371\n|switch|p2a: Torterra|Torterra, L50, M|100/100\n|turn|6\n|\n|t:|1788297386\n|move|p1b: Staraptor|Protect|p1b: Staraptor\n|-singleturn|p1b: Staraptor|Protect\n|move|p2a: Torterra|Protect|p2a: Torterra\n|-singleturn|p2a: Torterra|Protect\n|move|p1a: Raichu|Nuzzle|p2b: Annihilape\n|-damage|p2b: Annihilape|36/100\n|-status|p2b: Annihilape|par\n|move|p2b: Annihilape|Drain Punch|p1b: Staraptor\n|-activate|p1b: Staraptor|move: Protect\n|\n|upkeep\n|turn|7\n|\n|t:|1788297399\n|move|p2a: Torterra|Protect||[still]\n|-fail|p2a: Torterra\n|move|p1a: Raichu|Volt Switch|p2b: Annihilape\n|-damage|p2b: Annihilape|12/100 par\n|\n|t:|1788297407\n|switch|p1a: Lycanroc|Lycanroc-Midnight, L50, M|100/100|[from] Volt Switch\n|move|p1b: Staraptor|Brave Bird|p2a: Torterra\n|-supereffective|p2a: Torterra|1\n|-damage|p2a: Torterra|0 fnt\n|faint|p2a: Torterra\n|-damage|p1b: Staraptor|0 fnt|[from] Recoil\n|faint|p1b: Staraptor\n|move|p2b: Annihilape|Drain Punch|p1a: Lycanroc\n|-supereffective|p1a: Lycanroc|1\n|-damage|p1a: Lycanroc|0 fnt\n|-heal|p2b: Annihilape|51/100 par|[from] drain|[of] p1a: Lycanroc\n|faint|p1a: Lycanroc\n|\n|upkeep\n|\n|t:|1788297413\n|switch|p1b: Raichu|Raichu, L50, F|40/100\n|switch|p1a: Gholdengo|Gholdengo, L50|100/100\n|turn|8\n|c|☆SpadesHS|gg\n|\n|t:|1788297425\n|move|p1b: Raichu|Volt Switch|p2b: Annihilape\n|-damage|p2b: Annihilape|26/100 par\n|move|p1a: Gholdengo|Shadow Ball|p2b: Annihilape\n|-supereffective|p2b: Annihilape|1\n|-damage|p2b: Annihilape|0 fnt\n|faint|p2b: Annihilape\n|\n|win|SpadesHS\n|c|☆oatey99|gg\n|l|☆oatey99\n|player|p2|\n|l| raidersvgc\n","uploadtime":1788297443,"views":"33","formatid":"gen9championsvgc2026regmb","rating":null,"private":0,"password":null}