{"id":"gen9championsvgc2026regmbbo3-2674364447","format":"[Gen 9 Champions] VGC 2026 Reg M-B (Bo3)","players":["nale581","DavidSilesPardillo"],"log":"|j|☆nale581\n|j|☆DavidSilesPardillo\n|html|<table width=\"100%\"><tr><td align=\"left\">nale581</td><td align=\"right\">DavidSilesPardillo</tr><tr><td align=\"left\"><i class=\"fa fa-circle-o\"></i> <i class=\"fa fa-circle-o\"></i> </td><td align=\"right\"><i class=\"fa fa-circle-o\"></i> <i class=\"fa fa-circle-o\"></i> </tr></table>\n|uhtml|bestof|<h2><strong>Game 1</strong> of <a href=\"/game-bestof3-gen9championsvgc2026regmbbo3-2674364445\">a best-of-3</a></h2>\n|t:|1788349408\n|gametype|doubles\n|player|p1|nale581|n|1174\n|player|p2|DavidSilesPardillo|cynthia|1075\n|gen|9\n|tier|[Gen 9 Champions] VGC 2026 Reg M-B (Bo3)\n|rated|\n|rule|Species Clause: Limit one of each Pokémon\n|rule|Item Clause: Limit 1 of each item\n|clearpoke\n|poke|p1|Beedrill, L50, M|\n|poke|p1|Rotom-Wash, L50|\n|poke|p1|Incineroar, L50, F|\n|poke|p1|Farigiraf, L50, F|\n|poke|p1|Sylveon, L50, M|\n|poke|p1|Garchomp, L50, F|\n|poke|p2|Charizard, L50, M|\n|poke|p2|Aerodactyl, L50, F|\n|poke|p2|Kingambit, L50, F|\n|poke|p2|Basculegion, L50, M|\n|poke|p2|Whimsicott, L50, M|\n|poke|p2|Garchomp, L50, F|\n|teampreview|4\n|showteam|p1|Beedrill||Beedrillite|Swarm|Uturn,Round,PoisonJab,Protect|Jolly||M|||50|]Rotom-Wash||Leftovers|Levitate|Protect,HydroPump,VoltSwitch,WillOWisp|Modest|||||50|]Incineroar||PasshoBerry|Intimidate|FakeOut,PartingShot,Taunt,FlareBlitz|Adamant||F|||50|]Farigiraf||SitrusBerry|ArmorTail|Imprison,TrickRoom,HelpingHand,Protect|Bold||F|||50|]Sylveon||LifeOrb|Pixilate|Round,HyperBeam,HyperVoice,Protect|Modest||M|||50|]Garchomp||SoftSand|RoughSkin|Earthquake,RockSlide,DragonClaw,Protect|Jolly||F|||50|\n|showteam|p2|Charizard||CharizarditeY|SolarPower|Overheat,HeatWave,SolarBeam,Protect|Timid||M|||50|]Aerodactyl||Aerodactylite|Unnerve|RockSlide,DualWingbeat,IceFang,Protect|Jolly||F|||50|]Kingambit||FocusSash|Defiant|KowtowCleave,IronHead,SuckerPunch,LowKick|Adamant||F|||50|]Basculegion||ChoiceScarf|Adaptability|WaveCrash,LastRespects,AquaJet,FlipTurn|Jolly||M|||50|]Whimsicott||FairyFeather|Prankster|Moonblast,SunnyDay,Tailwind,Encore|Bold||M|||50|]Garchomp||LifeOrb|RoughSkin|Earthquake,DragonClaw,RockTomb,Protect|Jolly||F|||50|\n|inactive|Battle timer is ON: inactive players will automatically lose when time's up. (requested by nale581)\n|inactive|DavidSilesPardillo has 60 seconds left.\n|inactive|DavidSilesPardillo has 30 seconds left.\n|inactive|DavidSilesPardillo has 20 seconds left.\n|inactive|DavidSilesPardillo has 15 seconds left.\n|inactive|DavidSilesPardillo has 10 seconds left.\n|\n|t:|1788349493\n|teamsize|p1|4\n|teamsize|p2|4\n|start\n|switch|p1a: Beedrill|Beedrill, L50, M|100/100\n|switch|p1b: Rotom|Rotom-Wash, L50|100/100\n|switch|p2a: Charizard|Charizard, L50, M|100/100\n|switch|p2b: Kingambit|Kingambit, L50, F|100/100\n|turn|1\n|inactive|DavidSilesPardillo has 30 seconds left.\n|\n|t:|1788349520\n|switch|p1b: Farigiraf|Farigiraf, L50, F|100/100\n|detailschange|p2a: Charizard|Charizard-Mega-Y, L50, M\n|-mega|p2a: Charizard|Charizard|Charizardite Y\n|-weather|SunnyDay|[from] ability: Drought|[of] p2a: Charizard\n|detailschange|p1a: Beedrill|Beedrill-Mega, L50, M\n|-mega|p1a: Beedrill|Beedrill|Beedrillite\n|move|p2b: Kingambit|Sucker Punch||[still]\n|cant|p1b: Farigiraf|ability: Armor Tail|Sucker Punch|[of] p2b: Kingambit\n|move|p1a: Beedrill|U-turn|p2b: Kingambit\n|-damage|p2b: Kingambit|53/100\n|\n|t:|1788349538\n|switch|p1a: Rotom|Rotom-Wash, L50|100/100|[from] U-turn\n|move|p2a: Charizard|Solar Beam||[still]\n|-prepare|p2a: Charizard|Solar Beam\n|-anim|p2a: Charizard|Solar Beam|p1b: Farigiraf\n|-damage|p1b: Farigiraf|59/100\n|\n|-weather|SunnyDay|[upkeep]\n|upkeep\n|turn|2\n|inactive|DavidSilesPardillo has 30 seconds left.\n|\n|t:|1788349567\n|switch|p1b: Garchomp|Garchomp, L50, F|100/100\n|move|p1a: Rotom|Protect|p1a: Rotom\n|-singleturn|p1a: Rotom|Protect\n|move|p2a: Charizard|Solar Beam||[still]\n|-prepare|p2a: Charizard|Solar Beam\n|-anim|p2a: Charizard|Solar Beam|p1a: Rotom\n|-activate|p1a: Rotom|move: Protect\n|move|p2b: Kingambit|Kowtow Cleave|p1b: Garchomp\n|-damage|p1b: Garchomp|53/100\n|-damage|p2b: Kingambit|41/100|[from] ability: Rough Skin|[of] p1b: Garchomp\n|\n|-weather|SunnyDay|[upkeep]\n|upkeep\n|turn|3\n|inactive|nale581 has 30 seconds left.\n|\n|t:|1788349601\n|switch|p2b: Whimsicott|Whimsicott, L50, M|100/100\n|move|p2a: Charizard|Protect|p2a: Charizard\n|-singleturn|p2a: Charizard|Protect\n|move|p1b: Garchomp|Rock Slide|p2a: Charizard|[spread] p2b\n|-activate|p2a: Charizard|move: Protect\n|-damage|p2b: Whimsicott|81/100\n|move|p1a: Rotom|Volt Switch|p2a: Charizard\n|-activate|p2a: Charizard|move: Protect\n|\n|-weather|SunnyDay|[upkeep]\n|upkeep\n|turn|4\n|\n|t:|1788349627\n|move|p1b: Garchomp|Rock Slide|p2b: Whimsicott|[spread] p2a,p2b\n|-supereffective|p2a: Charizard|2\n|-damage|p2a: Charizard|0 fnt\n|-damage|p2b: Whimsicott|64/100\n|faint|p2a: Charizard\n|move|p2b: Whimsicott|Moonblast|p1b: Garchomp\n|-supereffective|p1b: Garchomp|1\n|-damage|p1b: Garchomp|0 fnt\n|faint|p1b: Garchomp\n|move|p1a: Rotom|Volt Switch|p2b: Whimsicott\n|-resisted|p2b: Whimsicott|1\n|-damage|p2b: Whimsicott|46/100\n|\n|t:|1788349636\n|switch|p1a: Beedrill|Beedrill-Mega, L50, M|100/100|[from] Volt Switch\n|\n|-weather|SunnyDay|[upkeep]\n|upkeep\n|\n|t:|1788349643\n|switch|p1b: Rotom|Rotom-Wash, L50|100/100\n|switch|p2a: Basculegion|Basculegion, L50, M|100/100\n|turn|5\n|\n|t:|1788349656\n|move|p1a: Beedrill|Protect|p1a: Beedrill\n|-singleturn|p1a: Beedrill|Protect\n|move|p2b: Whimsicott|Tailwind|p2b: Whimsicott\n|-sidestart|p2: DavidSilesPardillo|move: Tailwind\n|move|p2a: Basculegion|Flip Turn|p1a: Beedrill\n|-activate|p1a: Beedrill|move: Protect\n|move|p1b: Rotom|Volt Switch|p2a: Basculegion\n|-supereffective|p2a: Basculegion|1\n|-damage|p2a: Basculegion|29/100\n|\n|t:|1788349666\n|switch|p1b: Farigiraf|Farigiraf, L50, F|59/100|[from] Volt Switch\n|\n|-weather|none\n|upkeep\n|turn|6\n|\n|t:|1788349680\n|switch|p1a: Rotom|Rotom-Wash, L50|100/100\n|move|p1b: Farigiraf|Protect|p1b: Farigiraf\n|-singleturn|p1b: Farigiraf|Protect\n|move|p2a: Basculegion|Flip Turn|p1b: Farigiraf\n|-activate|p1b: Farigiraf|move: Protect\n|move|p2b: Whimsicott|Moonblast|p1b: Farigiraf\n|-activate|p1b: Farigiraf|move: Protect\n|\n|upkeep\n|turn|7\n|\n|t:|1788349693\n|switch|p1b: Beedrill|Beedrill-Mega, L50, M|100/100\n|move|p2a: Basculegion|Flip Turn|p1b: Beedrill\n|-damage|p1b: Beedrill|2/100\n|\n|t:|1788349696\n|switch|p2a: Kingambit|Kingambit, L50, F|41/100|[from] Flip Turn\n|move|p2b: Whimsicott|Moonblast|p1b: Beedrill\n|-resisted|p1b: Beedrill|1\n|-damage|p1b: Beedrill|0 fnt\n|faint|p1b: Beedrill\n|move|p1a: Rotom|Volt Switch|p2a: Kingambit\n|-damage|p2a: Kingambit|3/100\n|inactive|nale581 has 30 seconds left.\n|inactive|nale581 has 20 seconds left.\n|\n|t:|1788349733\n|switch|p1a: Farigiraf|Farigiraf, L50, F|59/100|[from] Volt Switch\n|\n|upkeep\n|\n|t:|1788349734\n|switch|p1b: Rotom|Rotom-Wash, L50|100/100\n|turn|8\n|\n|t:|1788349751\n|move|p2b: Whimsicott|Moonblast|p1b: Rotom\n|-damage|p1b: Rotom|66/100\n|move|p2a: Kingambit|Kowtow Cleave|p1b: Rotom\n|-damage|p1b: Rotom|17/100\n|move|p1b: Rotom|Volt Switch|p2a: Kingambit\n|-damage|p2a: Kingambit|0 fnt\n|faint|p2a: Kingambit\n|move|p1a: Farigiraf|Trick Room|p1a: Farigiraf\n|-fieldstart|move: Trick Room|[of] p1a: Farigiraf\n|\n|-heal|p1b: Rotom|22/100|[from] item: Leftovers\n|-sideend|p2: DavidSilesPardillo|move: Tailwind\n|upkeep\n|\n|t:|1788349757\n|switch|p2a: Basculegion|Basculegion, L50, M|29/100\n|turn|9\n|inactive|nale581 has 30 seconds left.\n|inactive|DavidSilesPardillo has 30 seconds left.\n|inactive|nale581 has 20 seconds left.\n|inactive|nale581 has 15 seconds left.\n|inactive|nale581 has 10 seconds left.\n|inactive|nale581 has 5 seconds left.\n|\n|t:|1788349812\n|move|p1b: Rotom|Protect|p1b: Rotom\n|-singleturn|p1b: Rotom|Protect\n|move|p1a: Farigiraf|Imprison|p1a: Farigiraf\n|-start|p1a: Farigiraf|move: Imprison\n|move|p2b: Whimsicott|Moonblast|p1b: Rotom\n|-activate|p1b: Rotom|move: Protect\n|move|p2a: Basculegion|Wave Crash|p1a: Farigiraf\n|-damage|p1a: Farigiraf|0 fnt\n|faint|p1a: Farigiraf\n|-damage|p2a: Basculegion|6/100|[from] Recoil\n|\n|-heal|p1b: Rotom|28/100|[from] item: Leftovers\n|upkeep\n|turn|10\n|inactive|nale581 has 30 seconds left.\n|inactive|nale581 has 20 seconds left.\n|inactive|nale581 has 15 seconds left.\n|inactive|nale581 has 10 seconds left.\n|inactive|nale581 has 5 seconds left.\n|\n|t:|1788349867\n|move|p1b: Rotom|Protect||[still]\n|-fail|p1b: Rotom\n|move|p2b: Whimsicott|Encore|p1b: Rotom\n|-start|p1b: Rotom|Encore\n|move|p2a: Basculegion|Wave Crash|p1b: Rotom\n|-resisted|p1b: Rotom|1\n|-damage|p1b: Rotom|0 fnt\n|faint|p1b: Rotom\n|-damage|p2a: Basculegion|0 fnt|[from] Recoil\n|faint|p2a: Basculegion\n|\n|win|DavidSilesPardillo\n||DavidSilesPardillo is ready for game 2.\n|inactive|nale581 has 30 seconds to confirm battle start!\n|l|☆nale581\n|player|p1|\n|inactive|nale581 has 20 seconds to confirm battle start!\n|inactive|nale581 has 10 seconds to confirm battle start!\n|uhtml|next|Next: <a href=\"/battle-gen9championsvgc2026regmbbo3-2674367279\"><strong>Game 2 of 3</strong></a>\n","uploadtime":1788349979,"views":"1","formatid":"gen9championsvgc2026regmbbo3","rating":null,"private":0,"password":null}