{"id":"gen9championsvgc2026regmbbo3-2673714246","format":"[Gen 9 Champions] VGC 2026 Reg M-B (Bo3)","players":["dwjgbe","w0rms4f1ng3rs"],"log":"|j|☆dwjgbe\n|j|☆w0rms4f1ng3rs\n|html|<table width=\"100%\"><tr><td align=\"left\">dwjgbe</td><td align=\"right\">w0rms4f1ng3rs</tr><tr><td align=\"left\"><i class=\"fa fa-circle\"></i> <i class=\"fa fa-circle-o\"></i> </td><td align=\"right\"><i class=\"fa fa-circle-o\"></i> <i class=\"fa fa-circle\"></i> </tr></table>\n|uhtml|bestof|<h2><strong>Game 3</strong> of <a href=\"/game-bestof3-gen9championsvgc2026regmbbo3-2673712409\">a best-of-3</a></h2>\n|t:|1788238835\n|gametype|doubles\n|player|p1|dwjgbe|supernerd-gen1|1228\n|player|p2|w0rms4f1ng3rs|zinzolin|1186\n|gen|9\n|tier|[Gen 9 Champions] VGC 2026 Reg M-B (Bo3)\n|rated|\n|rule|Species Clause: Limit one of each Pokémon\n|rule|Item Clause: Limit 1 of each item\n|clearpoke\n|poke|p1|Politoed, L50, M, shiny|\n|poke|p1|Scovillain, L50, F|\n|poke|p1|Aerodactyl, L50, M|\n|poke|p1|Archaludon, L50, M|\n|poke|p1|Espathra, L50, F|\n|poke|p1|Sneasler, L50, F|\n|poke|p2|Charizard, L50, F, shiny|\n|poke|p2|Whimsicott, L50, F|\n|poke|p2|Kingambit, L50, F|\n|poke|p2|Basculegion, L50, M|\n|poke|p2|Garchomp, L50, F|\n|poke|p2|Floette-Eternal, L50, F|\n|teampreview|4\n|showteam|p1|Politoed||SitrusBerry|Drizzle|Protect,Encore,WeatherBall,IceBeam|Calm||M|||50|]Scovillain||Scovillainite|Moody|Protect,LeechSeed,RagePowder,Overheat|Calm||F|||50|]Aerodactyl||Aerodactylite|Unnerve|IceFang,DualWingbeat,RockSlide,Protect|Jolly||M|||50|]Archaludon||Leftovers|Stamina|Protect,ElectroShot,DragonPulse,FlashCannon|Modest||M|||50|]Espathra||ColburBerry|SpeedBoost|Protect,LuminaCrash,CalmMind,BatonPass|Timid||F|||50|]Sneasler||FocusSash|Unburden|Protect,FakeOut,DireClaw,CloseCombat|Adamant||F|||50|\n|showteam|p2|Charizard||CharizarditeY|Blaze|HeatWave,WeatherBall,SolarBeam,Protect|Modest||F|||50|]Whimsicott||FocusSash|Prankster|Moonblast,Encore,Tailwind,Protect|Timid||F|||50|]Kingambit||OccaBerry|Defiant|KowtowCleave,SuckerPunch,IronHead,LowKick|Adamant||F|||50|]Basculegion||MysticWater|Adaptability|WaveCrash,LastRespects,AquaJet,Protect|Adamant||M|||50|]Garchomp||LifeOrb|RoughSkin|Earthquake,DragonClaw,RockSlide,Protect|Jolly||F|||50|]Floette-Eternal||Floettite|FlowerVeil|Moonblast,DazzlingGleam,LightofRuin,Protect|Timid||F|||50|\n|\n|t:|1788238849\n|teamsize|p1|4\n|teamsize|p2|4\n|start\n|switch|p1a: Sneasler|Sneasler, L50, F|100/100\n|switch|p1b: Aerodactyl|Aerodactyl, L50, M|100/100\n|switch|p2a: Whimsicott|Whimsicott, L50, F|100/100\n|switch|p2b: Kingambit|Kingambit, L50, F|100/100\n|-ability|p1b: Aerodactyl|Unnerve\n|turn|1\n|\n|t:|1788238871\n|detailschange|p1b: Aerodactyl|Aerodactyl-Mega, L50, M\n|-mega|p1b: Aerodactyl|Aerodactyl|Aerodactylite\n|move|p2a: Whimsicott|Tailwind|p2a: Whimsicott\n|-sidestart|p2: w0rms4f1ng3rs|move: Tailwind\n|move|p1b: Aerodactyl|Dual Wingbeat|p2a: Whimsicott\n|-supereffective|p2a: Whimsicott|1\n|-damage|p2a: Whimsicott|16/100\n|-supereffective|p2a: Whimsicott|1\n|-damage|p2a: Whimsicott|0 fnt\n|faint|p2a: Whimsicott\n|-hitcount|p2: Whimsicott|2\n|move|p1a: Sneasler|Close Combat|p2b: Kingambit\n|-supereffective|p2b: Kingambit|2\n|-damage|p2b: Kingambit|0 fnt\n|-unboost|p1a: Sneasler|def|1\n|-unboost|p1a: Sneasler|spd|1\n|faint|p2b: Kingambit\n|\n|upkeep\n|\n|t:|1788238882\n|switch|p2a: Garchomp|Garchomp, L50, F|100/100\n|switch|p2b: Floette|Floette-Eternal, L50, F|100/100\n|turn|2\n|\n|t:|1788238892\n|switch|p1b: Politoed|Politoed, L50, M, shiny|100/100\n|-weather|RainDance|[from] ability: Drizzle|[of] p1b: Politoed\n|switch|p1a: Archaludon|Archaludon, L50, M|100/100\n|detailschange|p2b: Floette|Floette-Mega, L50, F\n|-mega|p2b: Floette|Floette|Floettite\n|-ability|p2b: Floette|Fairy Aura\n|move|p2a: Garchomp|Rock Slide|p1a: Archaludon|[spread] p1a,p1b\n|-resisted|p1a: Archaludon|1\n|-damage|p1a: Archaludon|90/100\n|-damage|p1b: Politoed|74/100\n|-ability|p1a: Archaludon|Stamina|boost\n|-boost|p1a: Archaludon|def|1\n|-damage|p2a: Garchomp|90/100|[from] item: Life Orb\n|move|p2b: Floette|Dazzling Gleam|p1a: Archaludon|[spread] p1a,p1b\n|-damage|p1a: Archaludon|46/100\n|-damage|p1b: Politoed|43/100\n|-ability|p1a: Archaludon|Stamina|boost\n|-boost|p1a: Archaludon|def|1\n|-enditem|p1b: Politoed|Sitrus Berry|[eat]\n|-heal|p1b: Politoed|68/100|[from] item: Sitrus Berry\n|\n|-weather|RainDance|[upkeep]\n|-heal|p1a: Archaludon|52/100|[from] item: Leftovers\n|upkeep\n|turn|3\n|\n|t:|1788238903\n|move|p2a: Garchomp|Rock Slide|p1b: Politoed|[spread] p1a,p1b\n|-resisted|p1a: Archaludon|1\n|-damage|p1a: Archaludon|47/100\n|-damage|p1b: Politoed|42/100\n|-ability|p1a: Archaludon|Stamina|boost\n|-boost|p1a: Archaludon|def|1\n|-damage|p2a: Garchomp|80/100|[from] item: Life Orb\n|move|p2b: Floette|Dazzling Gleam|p1b: Politoed|[spread] p1a,p1b\n|-damage|p1a: Archaludon|1/100\n|-damage|p1b: Politoed|10/100\n|-ability|p1a: Archaludon|Stamina|boost\n|-boost|p1a: Archaludon|def|1\n|cant|p1a: Archaludon|flinch\n|move|p1b: Politoed|Ice Beam|p2a: Garchomp\n|-supereffective|p2a: Garchomp|2\n|-damage|p2a: Garchomp|0 fnt\n|faint|p2a: Garchomp\n|\n|-weather|RainDance|[upkeep]\n|-heal|p1a: Archaludon|6/100|[from] item: Leftovers\n|upkeep\n|turn|4\n|\n|t:|1788238914\n|move|p2b: Floette|Dazzling Gleam|p1b: Politoed|[spread] p1a,p1b\n|-damage|p1a: Archaludon|0 fnt\n|-damage|p1b: Politoed|0 fnt\n|faint|p1a: Archaludon\n|faint|p1b: Politoed\n|\n|-weather|RainDance|[upkeep]\n|-sideend|p2: w0rms4f1ng3rs|move: Tailwind\n|upkeep\n|\n|t:|1788238916\n|switch|p1a: Sneasler|Sneasler, L50, F|100/100\n|switch|p1b: Aerodactyl|Aerodactyl-Mega, L50, M|100/100\n|turn|5\n|\n|t:|1788238924\n|move|p1b: Aerodactyl|Dual Wingbeat|p2b: Floette\n|-damage|p2b: Floette|67/100\n|-damage|p2b: Floette|34/100\n|-hitcount|p2b: Floette|2\n|move|p1a: Sneasler|Dire Claw|p2b: Floette\n|-supereffective|p2b: Floette|1\n|-damage|p2b: Floette|0 fnt\n|faint|p2b: Floette\n|\n|win|dwjgbe\n|raw|dwjgbe's rating: 1228 &rarr; <strong>1250</strong><br />(+22 for winning)\n|raw|w0rms4f1ng3rs's rating: 1186 &rarr; <strong>1164</strong><br />(-22 for losing)\n","uploadtime":1788238925,"views":"0","formatid":"gen9championsvgc2026regmbbo3","rating":1164,"private":0,"password":null}