{"id":"gen9championsvgc2026regmb-2674603834","format":"[Gen 9 Champions] VGC 2026 Reg M-B","players":["dragon trainer red","yeduunited"],"log":"|j|☆dragon trainer red\n|j|☆yeduunited\n|t:|1788379170\n|gametype|doubles\n|player|p1|dragon trainer red|102|1068\n|player|p2|yeduunited|102|1100\n|gen|9\n|tier|[Gen 9 Champions] VGC 2026 Reg M-B\n|rated|\n|rule|Species Clause: Limit one of each Pokémon\n|rule|Item Clause: Limit 1 of each item\n|clearpoke\n|poke|p1|Politoed, L50, M|\n|poke|p1|Archaludon, L50, M|\n|poke|p1|Gengar, L50, M, shiny|\n|poke|p1|Incineroar, L50, M, shiny|\n|poke|p1|Swampert, L50, M|\n|poke|p1|Vivillon, L50, F|\n|poke|p2|Gardevoir, L50, F|\n|poke|p2|Whimsicott, L50, M|\n|poke|p2|Incineroar, L50, F|\n|poke|p2|Milotic, L50, M|\n|poke|p2|Houndstone, L50, M|\n|poke|p2|Sinistcha, L50|\n|teampreview|4\n|inactive|Battle timer is ON: inactive players will automatically lose when time's up. (requested by dragon trainer red)\ndragon trainer red rejected open team sheets.\n|\n|t:|1788379189\n|teamsize|p1|4\n|teamsize|p2|4\n|start\n|switch|p1a: Cheshire|Gengar, L50, M, shiny|100/100\n|switch|p1b: El Tigre|Incineroar, L50, M, shiny|100/100\n|switch|p2a: Milotic|Milotic, L50, M|100/100\n|switch|p2b: Incineroar|Incineroar, L50, F|100/100\n|-ability|p1b: El Tigre|Intimidate|boost\n|-unboost|p2a: Milotic|atk|1\n|-ability|p2a: Milotic|Competitive|boost\n|-boost|p2a: Milotic|spa|2\n|-unboost|p2b: Incineroar|atk|1\n|turn|1\n|-activate|p2b: Incineroar|item: Quick Claw\n|\n|t:|1788379211\n|detailschange|p1a: Cheshire|Gengar-Mega, L50, M, shiny\n|-mega|p1a: Cheshire|Gengar|Gengarite\n|move|p1b: El Tigre|Fake Out|p2b: Incineroar\n|-damage|p2b: Incineroar|87/100\n|cant|p2b: Incineroar|flinch\n|move|p1a: Cheshire|Perish Song|p1a: Cheshire\n|-start|p1a: Cheshire|perish3|[silent]\n|-start|p1b: El Tigre|perish3|[silent]\n|-start|p2a: Milotic|perish3|[silent]\n|-start|p2b: Incineroar|perish3|[silent]\n|-fieldactivate|move: Perish Song\n|move|p2a: Milotic|Muddy Water|p1b: El Tigre|[spread] p1a,p1b\n|-supereffective|p1b: El Tigre|1\n|-enditem|p1b: El Tigre|Passho Berry|[eat]\n|-enditem|p1b: El Tigre|Passho Berry|[weaken]\n|-damage|p1a: Cheshire|40/100\n|-damage|p1b: El Tigre|63/100\n|\n|-start|p1a: Cheshire|perish3\n|-start|p2b: Incineroar|perish3\n|-start|p2a: Milotic|perish3\n|-start|p1b: El Tigre|perish3\n|upkeep\n|turn|2\n|-activate|p2b: Incineroar|item: Quick Claw\n|\n|t:|1788379235\n|move|p2a: Milotic|Helping Hand|p2b: Incineroar\n|-singleturn|p2b: Incineroar|Helping Hand|[of] p2a: Milotic\n|move|p1a: Cheshire|Protect|p1a: Cheshire\n|-singleturn|p1a: Cheshire|Protect\n|move|p1b: El Tigre|Protect|p1b: El Tigre\n|-singleturn|p1b: El Tigre|Protect\n|move|p2b: Incineroar|Throat Chop|p1a: Cheshire\n|-activate|p1a: Cheshire|move: Protect\n|\n|-start|p1a: Cheshire|perish2\n|-start|p2b: Incineroar|perish2\n|-start|p2a: Milotic|perish2\n|-start|p1b: El Tigre|perish2\n|upkeep\n|turn|3\n|-activate|p2b: Incineroar|item: Quick Claw\n|\n|t:|1788379252\n|switch|p1a: Archaludon|Archaludon, L50, M|100/100\n|move|p2b: Incineroar|Parting Shot|p1b: El Tigre\n|-unboost|p1b: El Tigre|atk|1\n|-unboost|p1b: El Tigre|spa|1\n|\n|t:|1788379261\n|switch|p2b: Houndstone|Houndstone, L50, M|100/100|[from] Parting Shot\n|move|p2a: Milotic|Icy Wind|p1a: Archaludon|[spread] p1a,p1b\n|-resisted|p1b: El Tigre|1\n|-damage|p1a: Archaludon|73/100\n|-damage|p1b: El Tigre|57/100\n|-unboost|p1a: Archaludon|spe|1\n|-unboost|p1b: El Tigre|spe|1\n|-ability|p1a: Archaludon|Stamina|boost\n|-boost|p1a: Archaludon|def|1\n|move|p1b: El Tigre|Parting Shot|p2b: Houndstone\n|-unboost|p2b: Houndstone|atk|1\n|-unboost|p2b: Houndstone|spa|1\n|\n|t:|1788379264\n|switch|p1b: Cheshire|Gengar-Mega, L50, M, shiny|40/100|[from] Parting Shot\n|\n|-heal|p1a: Archaludon|79/100|[from] item: Leftovers\n|-start|p2a: Milotic|perish1\n|upkeep\n|turn|4\n|\n|t:|1788379289\n|move|p2a: Milotic|Helping Hand|p2b: Houndstone\n|-singleturn|p2b: Houndstone|Helping Hand|[of] p2a: Milotic\n|move|p1b: Cheshire|Protect|p1b: Cheshire\n|-singleturn|p1b: Cheshire|Protect\n|move|p1a: Archaludon|Protect|p1a: Archaludon\n|-singleturn|p1a: Archaludon|Protect\n|move|p2b: Houndstone|Body Press|p1a: Archaludon\n|-activate|p1a: Archaludon|move: Protect\n|\n|-heal|p1a: Archaludon|85/100|[from] item: Leftovers\n|-start|p2a: Milotic|perish0\n|faint|p2a: Milotic\n|upkeep\n|\n|t:|1788379299\n|switch|p2a: Incineroar|Incineroar, L50, F|87/100\n|turn|5\n|\n|t:|1788379311\n|switch|p1a: Kermit|Politoed, L50, M|100/100\n|-weather|RainDance|[from] ability: Drizzle|[of] p1a: Kermit\n|move|p1b: Cheshire|Shadow Ball|p2b: Houndstone\n|-supereffective|p2b: Houndstone|1\n|-damage|p2b: Houndstone|0 fnt\n|faint|p2b: Houndstone\n|move|p2a: Incineroar|Throat Chop|p1b: Cheshire\n|-supereffective|p1b: Cheshire|1\n|-damage|p1b: Cheshire|0 fnt\n|faint|p1b: Cheshire\n|\n|-weather|RainDance|[upkeep]\n|upkeep\n|\n|t:|1788379321\n|switch|p1b: Archaludon|Archaludon, L50, M|85/100\n|switch|p2b: Sinistcha|Sinistcha, L50|100/100\n|-heal|p2a: Incineroar|100/100|[from] ability: Hospitality|[of] p2b: Sinistcha\n|turn|6\n|-activate|p2a: Incineroar|item: Quick Claw\n|\n|t:|1788379333\n|move|p2a: Incineroar|Parting Shot|p1b: Archaludon\n|-unboost|p1b: Archaludon|atk|1\n|-unboost|p1b: Archaludon|spa|1\n|move|p1b: Archaludon|Electro Shot||[still]\n|-prepare|p1b: Archaludon|Electro Shot\n|-boost|p1b: Archaludon|spa|1\n|-anim|p1b: Archaludon|Electro Shot|p2a: Incineroar\n|-damage|p2a: Incineroar|48/100\n|move|p2b: Sinistcha|Matcha Gotcha|p1a: Kermit|[spread] p1a,p1b\n|-supereffective|p1a: Kermit|1\n|-crit|p1a: Kermit\n|-resisted|p1b: Archaludon|2\n|-damage|p1a: Kermit|31/100\n|-damage|p1b: Archaludon|73/100\n|-ability|p1b: Archaludon|Stamina|boost\n|-boost|p1b: Archaludon|def|1\n|-enditem|p1a: Kermit|Sitrus Berry|[eat]\n|-heal|p1a: Kermit|56/100|[from] item: Sitrus Berry\n|move|p1a: Kermit|Perish Song|p1a: Kermit\n|-start|p1a: Kermit|perish3|[silent]\n|-start|p1b: Archaludon|perish3|[silent]\n|-start|p2a: Incineroar|perish3|[silent]\n|-start|p2b: Sinistcha|perish3|[silent]\n|-fieldactivate|move: Perish Song\n|\n|-weather|RainDance|[upkeep]\n|-heal|p1b: Archaludon|79/100|[from] item: Leftovers\n|-start|p1b: Archaludon|perish3\n|-start|p2a: Incineroar|perish3\n|-start|p1a: Kermit|perish3\n|-start|p2b: Sinistcha|perish3\n|upkeep\n|turn|7\n|-activate|p2a: Incineroar|item: Quick Claw\n|\n|t:|1788379345\n|move|p1b: Archaludon|Protect|p1b: Archaludon\n|-singleturn|p1b: Archaludon|Protect\n|move|p1a: Kermit|Protect|p1a: Kermit\n|-singleturn|p1a: Kermit|Protect\n|move|p2a: Incineroar|Parting Shot|p1b: Archaludon\n|-activate|p1b: Archaludon|move: Protect\n|move|p2b: Sinistcha|Matcha Gotcha|p1b: Archaludon|[spread] \n|-activate|p1a: Kermit|move: Protect\n|-activate|p1b: Archaludon|move: Protect\n|\n|-weather|RainDance|[upkeep]\n|-heal|p1b: Archaludon|85/100|[from] item: Leftovers\n|-start|p1b: Archaludon|perish2\n|-start|p2a: Incineroar|perish2\n|-start|p2b: Sinistcha|perish2\n|-start|p1a: Kermit|perish2\n|upkeep\n|turn|8\n|\n|t:|1788379363\n|move|p1b: Archaludon|Dragon Pulse|p2b: Sinistcha\n|-damage|p2b: Sinistcha|51/100\n|move|p2a: Incineroar|Parting Shot|p1b: Archaludon\n|-unboost|p1b: Archaludon|atk|1\n|-unboost|p1b: Archaludon|spa|1\n|move|p2b: Sinistcha|Matcha Gotcha|p1b: Archaludon|[spread] p1a\n|-miss|p2b: Sinistcha|p1b: Archaludon\n|-supereffective|p1a: Kermit|1\n|-damage|p1a: Kermit|10/100\n|-heal|p2b: Sinistcha|76/100|[from] drain|[of] p1a: Kermit\n|move|p1a: Kermit|Weather Ball|p2a: Incineroar\n|-supereffective|p2a: Incineroar|1\n|-damage|p2a: Incineroar|0 fnt\n|faint|p2a: Incineroar\n|\n|-weather|RainDance|[upkeep]\n|-heal|p1b: Archaludon|91/100|[from] item: Leftovers\n|-start|p1b: Archaludon|perish1\n|-start|p2b: Sinistcha|perish1\n|-start|p1a: Kermit|perish1\n|upkeep\n|turn|9\n|c|☆dragon trainer red|gg\n|inactive|yeduunited has 30 seconds left.\n|inactive|yeduunited has 20 seconds left.\n|inactive|yeduunited has 15 seconds left.\n|inactive|yeduunited has 10 seconds left.\n|c|☆dragon trainer red|xD\n|l|☆yeduunited\n|inactive|yeduunited disconnected and has a minute to reconnect!\n|player|p2|\n|inactive|yeduunited has 5 seconds left.\n|c|☆dragon trainer red|sore loser\n|-message|yeduunited lost due to inactivity.\n|\n|win|dragon trainer red\n|raw|dragon trainer red's rating: 1068 &rarr; <strong>1101</strong><br />(+33 for winning)\n|raw|yeduunited's rating: 1100 &rarr; <strong>1073</strong><br />(-27 for losing)\n","uploadtime":1788379430,"views":"14","formatid":"gen9championsvgc2026regmb","rating":1073,"private":0,"password":null}