{"id":"gen9championsvgc2026regmbbo3-2673411575","format":"[Gen 9 Champions] VGC 2026 Reg M-B (Bo3)","players":["KNRayquaza","vtzin010"],"log":"|j|☆KNRayquaza\n|j|☆vtzin010\n|html|<table width=\"100%\"><tr><td align=\"left\">KNRayquaza</td><td align=\"right\">vtzin010</tr><tr><td align=\"left\"><i class=\"fa fa-circle-o\"></i> <i class=\"fa fa-circle-o\"></i> </td><td align=\"right\"><i class=\"fa fa-circle-o\"></i> <i class=\"fa fa-circle-o\"></i> </tr></table>\n|uhtml|bestof|<h2><strong>Game 1</strong> of <a href=\"/game-bestof3-gen9championsvgc2026regmbbo3-2673411574\">a best-of-3</a></h2>\n|t:|1788194587\n|gametype|doubles\n|player|p1|KNRayquaza|cynthia|1102\n|player|p2|vtzin010|2|1040\n|gen|9\n|tier|[Gen 9 Champions] VGC 2026 Reg M-B (Bo3)\n|rated|\n|rule|Species Clause: Limit one of each Pokémon\n|rule|Item Clause: Limit 1 of each item\n|clearpoke\n|poke|p1|Charizard, L50, F|\n|poke|p1|Hydreigon, L50, M|\n|poke|p1|Kingambit, L50, M|\n|poke|p1|Farigiraf, L50, F|\n|poke|p1|Sylveon, L50, M|\n|poke|p1|Venusaur, L50, M|\n|poke|p2|Charizard, L50, M|\n|poke|p2|Floette-Eternal, L50, F|\n|poke|p2|Whimsicott, L50, M|\n|poke|p2|Garchomp, L50, F|\n|poke|p2|Kingambit, L50, F|\n|poke|p2|Basculegion, L50, M|\n|teampreview|4\n|showteam|p1|Charizard||CharizarditeY|Blaze|HeatWave,WeatherBall,SolarBeam,Protect|Timid||F|||50|]Hydreigon||ChoiceScarf|Levitate|DracoMeteor,EarthPower,Uturn,Snarl|Timid||M|||50|]Kingambit||BlackGlasses|Defiant|SwordsDance,KowtowCleave,SuckerPunch,Protect|Brave||M|||50|]Farigiraf||ColburBerry|ArmorTail|Protect,TrickRoom,Thunderbolt,Psychic|Sassy||F|||50|]Sylveon||FairyFeather|Pixilate|HyperVoice,Substitute,WeatherBall,Protect|Modest||M|||50|]Venusaur||OccaBerry|Chlorophyll|SleepPowder,SludgeBomb,EarthPower,Protect|Serious||M|||50|\n|showteam|p2|Charizard||CharizarditeY|Blaze|HeatWave,WeatherBall,SolarBeam,Protect|Timid||M|||50|]Floette-Eternal||Floettite|FlowerVeil|Moonblast,DazzlingGleam,LightofRuin,Protect|Timid||F|||50|]Whimsicott||FocusSash|Prankster|Moonblast,Tailwind,Encore,Protect|Timid||M|||50|]Garchomp||SitrusBerry|RoughSkin|Earthquake,DragonClaw,RockSlide,Protect|Jolly||F|||50|]Kingambit||ChopleBerry|Defiant|KowtowCleave,SuckerPunch,IronHead,Protect|Adamant||F|||50|]Basculegion||MysticWater|Adaptability|WaveCrash,AquaJet,LastRespects,Protect|Adamant||M|||50|\n|inactive|Battle timer is ON: inactive players will automatically lose when time's up. (requested by KNRayquaza)\n|inactive|KNRayquaza has 60 seconds left.\n|inactive|vtzin010 has 60 seconds left.\n|inactive|KNRayquaza has 30 seconds left.\n|\n|t:|1788194651\n|teamsize|p1|4\n|teamsize|p2|4\n|start\n|switch|p1a: Farigiraf|Farigiraf, L50, F|100/100\n|switch|p1b: Kingambit|Kingambit, L50, M|100/100\n|switch|p2a: Charizard|Charizard, L50, M|100/100\n|switch|p2b: Garchomp|Garchomp, L50, F|100/100\n|turn|1\n|\n|t:|1788194668\n|detailschange|p2a: Charizard|Charizard-Mega-Y, L50, M\n|-mega|p2a: Charizard|Charizard|Charizardite Y\n|-weather|SunnyDay|[from] ability: Drought|[of] p2a: Charizard\n|move|p1b: Kingambit|Protect|p1b: Kingambit\n|-singleturn|p1b: Kingambit|Protect\n|move|p2b: Garchomp|Earthquake|p1a: Farigiraf|[spread] p1a\n|-activate|p1b: Kingambit|move: Protect\n|-immune|p2a: Charizard\n|-damage|p1a: Farigiraf|65/100\n|move|p2a: Charizard|Weather Ball|p1b: Kingambit\n|-activate|p1b: Kingambit|move: Protect\n|move|p1a: Farigiraf|Trick Room|p1a: Farigiraf\n|-fieldstart|move: Trick Room|[of] p1a: Farigiraf\n|\n|-weather|SunnyDay|[upkeep]\n|upkeep\n|turn|2\n|inactive|vtzin010 has 30 seconds left.\n|inactive|vtzin010 has 20 seconds left.\n|inactive|vtzin010 has 15 seconds left.\n|inactive|vtzin010 has 10 seconds left.\n|inactive|vtzin010 has 5 seconds left.\n|\n|t:|1788194721\n|switch|p1b: Charizard|Charizard, L50, F|100/100\n|move|p2a: Charizard|Protect|p2a: Charizard\n|-singleturn|p2a: Charizard|Protect\n|move|p1a: Farigiraf|Thunderbolt|p2a: Charizard\n|-activate|p2a: Charizard|move: Protect\n|move|p2b: Garchomp|Earthquake|p1b: Charizard|[spread] p1a\n|-activate|p2a: Charizard|move: Protect\n|-immune|p1b: Charizard\n|-damage|p1a: Farigiraf|33/100\n|\n|-weather|SunnyDay|[upkeep]\n|upkeep\n|turn|3\n|\n|t:|1788194741\n|switch|p2a: Whimsicott|Whimsicott, L50, M|100/100\n|detailschange|p1b: Charizard|Charizard-Mega-Y, L50, F\n|-mega|p1b: Charizard|Charizard|Charizardite Y\n|move|p1a: Farigiraf|Thunderbolt|p2a: Whimsicott\n|-resisted|p2a: Whimsicott|1\n|-damage|p2a: Whimsicott|80/100\n|move|p2b: Garchomp|Rock Slide|p1b: Charizard|[spread] p1a,p1b\n|-supereffective|p1b: Charizard|2\n|-damage|p1a: Farigiraf|14/100\n|-damage|p1b: Charizard|14/100\n|cant|p1b: Charizard|flinch\n|\n|-weather|SunnyDay|[upkeep]\n|upkeep\n|turn|4\n|inactive|vtzin010 has 30 seconds left.\n|\n|t:|1788194774\n|move|p1a: Farigiraf|Psychic|p2b: Garchomp\n|-damage|p2b: Garchomp|61/100\n|move|p2b: Garchomp|Rock Slide|p1a: Farigiraf|[spread] p1a,p1b\n|-supereffective|p1b: Charizard|2\n|-damage|p1a: Farigiraf|0 fnt\n|-damage|p1b: Charizard|0 fnt\n|faint|p1a: Farigiraf\n|faint|p1b: Charizard\n|move|p2a: Whimsicott|Moonblast|p1: Farigiraf|[notarget]\n|-fail|p2a: Whimsicott\n|\n|-weather|SunnyDay|[upkeep]\n|upkeep\n|\n|t:|1788194783\n|switch|p1a: Kingambit|Kingambit, L50, M|100/100\n|switch|p1b: Sylveon|Sylveon, L50, M|100/100\n|turn|5\n|\n|t:|1788194806\n|move|p2b: Garchomp|Protect|p2b: Garchomp\n|-singleturn|p2b: Garchomp|Protect\n|move|p2a: Whimsicott|Tailwind|p2a: Whimsicott\n|-sidestart|p2: vtzin010|move: Tailwind\n|move|p1a: Kingambit|Kowtow Cleave|p2b: Garchomp\n|-activate|p2b: Garchomp|move: Protect\n|move|p1b: Sylveon|Substitute|p1b: Sylveon\n|-start|p1b: Sylveon|Substitute\n|-damage|p1b: Sylveon|75/100\n|\n|-weather|none\n|-fieldend|move: Trick Room\n|upkeep\n|turn|6\n|inactive|vtzin010 has 30 seconds left.\n|\n|t:|1788194832\n|switch|p2b: Charizard|Charizard-Mega-Y, L50, M|100/100\n|-weather|SunnyDay|[from] ability: Drought|[of] p2b: Charizard\n|move|p2a: Whimsicott|Encore|p1b: Sylveon\n|-start|p1b: Sylveon|Encore\n|move|p1b: Sylveon|Substitute|p1b: Sylveon\n|-fail|p1b: Sylveon|move: Substitute\n|move|p1a: Kingambit|Swords Dance|p1a: Kingambit\n|-boost|p1a: Kingambit|atk|2\n|\n|-weather|SunnyDay|[upkeep]\n|upkeep\n|turn|7\n|\n|t:|1788194846\n|move|p2a: Whimsicott|Encore|p1a: Kingambit\n|-hint|Since gen 7, Dark is immune to Prankster moves.\n|-immune|p1a: Kingambit\n|move|p1a: Kingambit|Sucker Punch|p2b: Charizard\n|-damage|p2b: Charizard|0 fnt\n|faint|p2b: Charizard\n|move|p1b: Sylveon|Substitute|p1b: Sylveon\n|-fail|p1b: Sylveon|move: Substitute\n|\n|-weather|SunnyDay|[upkeep]\n|upkeep\n|\n|t:|1788194850\n|switch|p2b: Garchomp|Garchomp, L50, F|61/100\n|turn|8\n|\n|t:|1788194865\n|move|p2a: Whimsicott|Protect|p2a: Whimsicott\n|-singleturn|p2a: Whimsicott|Protect\n|move|p1a: Kingambit|Sucker Punch|p2b: Garchomp\n|-damage|p2b: Garchomp|0 fnt\n|-damage|p1a: Kingambit|87/100|[from] ability: Rough Skin|[of] p2b: Garchomp\n|faint|p2b: Garchomp\n|move|p1b: Sylveon|Substitute|p1b: Sylveon\n|-fail|p1b: Sylveon|move: Substitute\n|\n|-weather|SunnyDay|[upkeep]\n|-end|p1b: Sylveon|Encore\n|-sideend|p2: vtzin010|move: Tailwind\n|upkeep\n|\n|t:|1788194869\n|switch|p2b: Basculegion|Basculegion, L50, M|100/100\n|turn|9\n|\n|t:|1788194880\n|move|p1a: Kingambit|Sucker Punch|p2b: Basculegion\n|-supereffective|p2b: Basculegion|1\n|-damage|p2b: Basculegion|0 fnt\n|faint|p2b: Basculegion\n|move|p2a: Whimsicott|Moonblast|p1a: Kingambit\n|-damage|p1a: Kingambit|64/100\n|move|p1b: Sylveon|Weather Ball|p2a: Whimsicott\n|-supereffective|p2a: Whimsicott|1\n|-damage|p2a: Whimsicott|0 fnt\n|faint|p2a: Whimsicott\n|\n|win|KNRayquaza\n|l|☆vtzin010\n|player|p2|\n||KNRayquaza is ready for game 2.\n|inactive|vtzin010 has 30 seconds to confirm battle start!\n|inactive|vtzin010 has 20 seconds to confirm battle start!\n|inactive|vtzin010 has 10 seconds to confirm battle start!\n|uhtml|next|Next: <a href=\"/battle-gen9championsvgc2026regmbbo3-2673414279\"><strong>Game 2 of 3</strong></a>\n","uploadtime":1788194931,"views":"3","formatid":"gen9championsvgc2026regmbbo3","rating":null,"private":0,"password":null}