{"id":"gen9championsvgc2026regmb-2674720793","format":"[Gen 9 Champions] VGC 2026 Reg M-B","players":["mythofoxical","Rillabossman"],"log":"|j|☆mythofoxical\n|j|☆Rillabossman\n|t:|1788395747\n|gametype|doubles\n|player|p1|mythofoxical|linebacker|\n|player|p2|Rillabossman|burglar|\n|gen|9\n|tier|[Gen 9 Champions] VGC 2026 Reg M-B\n|rated|Tournament battle\n|rule|Species Clause: Limit one of each Pokémon\n|rule|Item Clause: Limit 1 of each item\n|raw|<div class=\"infobox\"><details class=\"readmore\" open><summary><strong>1 custom rule:</strong></summary> Force Open Team Sheets</details></div>\n|clearpoke\n|poke|p1|Meganium, L50, M|\n|poke|p1|Garchomp, L50, M|\n|poke|p1|Sneasler, L50, F|\n|poke|p1|Aurorus, L50, F|\n|poke|p1|Delphox, L50, M|\n|poke|p1|Farigiraf, L50, F|\n|poke|p2|Gengar, L50, F|\n|poke|p2|Incineroar, L50, F|\n|poke|p2|Azumarill, L50, F|\n|poke|p2|Sinistcha-Masterpiece, L50|\n|poke|p2|Kommo-o, L50, F|\n|poke|p2|Tyranitar, L50, M|\n|teampreview|4\n|showteam|p1|Meganium||Meganiumite|LeafGuard|SolarBeam,DazzlingGleam,WeatherBall,Protect|Calm||M|||50|]Garchomp||LifeOrb|RoughSkin|DragonClaw,Earthquake,RockSlide,Protect|Adamant||M|||50|]Sneasler||FocusSash|PoisonTouch|FakeOut,DireClaw,CloseCombat,Protect|Jolly||F|||50|]Aurorus||ChopleBerry|SnowWarning|Blizzard,AncientPower,AuroraVeil,Protect|Modest||F|||50|]Delphox||Delphoxite|Blaze|HeatWave,Psychic,NastyPlot,Protect|Timid||M|||50|]Farigiraf||ColburBerry|ArmorTail|Psychic,Thunderbolt,TrickRoom,Protect|Modest||F|||50|\n|showteam|p2|Gengar||Gengarite|CursedBody|SludgeBomb,ShadowBall,Substitute,Protect|Timid||F|||50|]Incineroar||ShucaBerry|Intimidate|FakeOut,FlareBlitz,PartingShot,ThroatChop|Careful||F|||50|]Azumarill||SitrusBerry|HugePower|BellyDrum,AquaJet,PlayRough,Protect|Adamant||F|||50|]Sinistcha-Masterpiece||OccaBerry|Hospitality|RagePowder,MatchaGotcha,LifeDew,Protect|Bold|||||50|]Kommo-o||Leftovers|Soundproof|ClangingScales,ClangorousSoul,AuraSphere,Protect|Modest||F|||50|]Tyranitar||ChoiceScarf|SandStream|KnockOff,RockSlide,LowKick,IcePunch|Adamant||M|||50|\n|c|☆mythofoxical|glhf\n|c|☆Rillabossman|glhf\n|j| bblhootiegang\n|l| bblhootiegang\n|\n|t:|1788395786\n|teamsize|p1|4\n|teamsize|p2|4\n|start\n|switch|p1a: Enyalius|Garchomp, L50, M|100/100\n|switch|p1b: Sneasler|Sneasler, L50, F|100/100\n|switch|p2a: The Purple One|Gengar, L50, F|100/100\n|switch|p2b: Aretha|Azumarill, L50, F|100/100\n|turn|1\n|\n|t:|1788395809\n|switch|p2b: King of Pop|Incineroar, L50, F|100/100\n|-ability|p2b: King of Pop|Intimidate|boost\n|-unboost|p1a: Enyalius|atk|1\n|-unboost|p1b: Sneasler|atk|1\n|detailschange|p2a: The Purple One|Gengar-Mega, L50, F\n|-mega|p2a: The Purple One|Gengar|Gengarite\n|move|p2a: The Purple One|Protect|p2a: The Purple One\n|-singleturn|p2a: The Purple One|Protect\n|move|p1b: Sneasler|Dire Claw|p2b: King of Pop\n|-damage|p2b: King of Pop|75/100\n|-status|p2b: King of Pop|psn|[from] ability: Poison Touch|[of] p1b: Sneasler\n|move|p1a: Enyalius|Dragon Claw|p2a: The Purple One\n|-activate|p2a: The Purple One|move: Protect\n|\n|-damage|p2b: King of Pop|63/100 psn|[from] psn\n|upkeep\n|turn|2\n|j| New Player IG\n|c|☆Rillabossman|:0\n|l| New Player IG\n|\n|t:|1788395835\n|move|p2b: King of Pop|Fake Out|p1a: Enyalius\n|-damage|p1a: Enyalius|90/100\n|-damage|p2b: King of Pop|51/100 psn|[from] ability: Rough Skin|[of] p1a: Enyalius\n|move|p2a: The Purple One|Shadow Ball|p1b: Sneasler\n|-damage|p1b: Sneasler|32/100\n|move|p1b: Sneasler|Dire Claw|p2a: The Purple One\n|-resisted|p2a: The Purple One|2\n|-damage|p2a: The Purple One|89/100\n|cant|p1a: Enyalius|flinch\n|\n|-damage|p2b: King of Pop|39/100 psn|[from] psn\n|upkeep\n|turn|3\n|j| eren honyao\n|\n|t:|1788395852\n|move|p2a: The Purple One|Protect|p2a: The Purple One\n|-singleturn|p2a: The Purple One|Protect\n|move|p1b: Sneasler|Protect|p1b: Sneasler\n|-singleturn|p1b: Sneasler|Protect\n|move|p1a: Enyalius|Earthquake|p2a: The Purple One|[spread] p2b\n|-activate|p1b: Sneasler|move: Protect\n|-activate|p2a: The Purple One|move: Protect\n|-supereffective|p2b: King of Pop|1\n|-enditem|p2b: King of Pop|Shuca Berry|[eat]\n|-enditem|p2b: King of Pop|Shuca Berry|[weaken]\n|-damage|p2b: King of Pop|5/100 psn\n|-damage|p1a: Enyalius|80/100|[from] item: Life Orb\n|move|p2b: King of Pop|Parting Shot|p1a: Enyalius\n|-unboost|p1a: Enyalius|atk|1\n|-unboost|p1a: Enyalius|spa|1\n|\n|t:|1788395855\n|switch|p2b: Aretha|Azumarill, L50, F|100/100|[from] Parting Shot\n|\n|upkeep\n|turn|4\n|j|#Radio Free C-Side\n|j| drifterking40\n|\n|t:|1788395873\n|move|p2a: The Purple One|Shadow Ball|p1b: Sneasler\n|-damage|p1b: Sneasler|0 fnt\n|faint|p1b: Sneasler\n|move|p1a: Enyalius|Dragon Claw|p2a: The Purple One\n|-damage|p2a: The Purple One|45/100\n|-damage|p1a: Enyalius|71/100|[from] item: Life Orb\n|move|p2b: Aretha|Belly Drum|p2b: Aretha\n|-damage|p2b: Aretha|50/100y\n|-setboost|p2b: Aretha|atk|6|[from] move: Belly Drum\n|-enditem|p2b: Aretha|Sitrus Berry|[eat]\n|-heal|p2b: Aretha|75/100|[from] item: Sitrus Berry\n|\n|upkeep\n|c|☆Rillabossman|mj ur da goat\n|j| Yache Burberry\n|\n|t:|1788395886\n|switch|p1b: Aurorus|Aurorus, L50, F|100/100\n|-weather|Snowscape|[from] ability: Snow Warning|[of] p1b: Aurorus\n|turn|5\n|j| New Player IG\n|\n|t:|1788395902\n|move|p2b: Aretha|Aqua Jet|p1b: Aurorus\n|-supereffective|p1b: Aurorus|1\n|-damage|p1b: Aurorus|0 fnt\n|faint|p1b: Aurorus\n|move|p2a: The Purple One|Shadow Ball|p1a: Enyalius\n|-damage|p1a: Enyalius|24/100\n|move|p1a: Enyalius|Rock Slide|p2a: The Purple One|[spread] p2a,p2b\n|-damage|p2a: The Purple One|27/100\n|-damage|p2b: Aretha|61/100\n|-damage|p1a: Enyalius|14/100|[from] item: Life Orb\n|\n|-weather|Snowscape|[upkeep]\n|upkeep\n|\n|t:|1788395913\n|switch|p1b: Thanatos|Meganium, L50, M|100/100\n|turn|6\n|j| conkeldurr agenda\n|\n|t:|1788395921\n|move|p1a: Enyalius|Protect|p1a: Enyalius\n|-singleturn|p1a: Enyalius|Protect\n|move|p2b: Aretha|Aqua Jet|p1a: Enyalius\n|-activate|p1a: Enyalius|move: Protect\n|move|p2a: The Purple One|Sludge Bomb|p1b: Thanatos\n|-supereffective|p1b: Thanatos|1\n|-damage|p1b: Thanatos|0 fnt\n|faint|p1b: Thanatos\n|\n|-weather|Snowscape|[upkeep]\n|upkeep\n|turn|7\n|l| eren honyao\n|c|☆mythofoxical|ggs\n|c|☆Rillabossman|ggs\n|\n|t:|1788395932\n|move|p2b: Aretha|Aqua Jet|p1a: Enyalius\n|-damage|p1a: Enyalius|0 fnt\n|-damage|p2b: Aretha|48/100|[from] ability: Rough Skin|[of] p1a: Enyalius\n|faint|p1a: Enyalius\n|\n|win|Rillabossman\n|n|☆mythofoxical|mythofoxical\n|n|☆Rillabossman|rillabossman\n|n|+Radio Free C-Side|radiofreecside\n|n| drifterking40|drifterking40\n|n| Yache Burberry|yacheburberry\n|n| New Player IG|newplayerig\n|n| conkeldurr agenda|conkeldurragenda\n","uploadtime":1788395932,"views":"0","formatid":"gen9championsvgc2026regmb","rating":null,"private":0,"password":null}