{"id":"gen9championsvgc2026regmb-2674765203","format":"[Gen 9 Champions] VGC 2026 Reg M-B","players":["yfleshcatchy","olyrral2"],"log":"|j|☆yfleshcatchy\n|j|☆olyrral2\n|t:|1788402692\n|gametype|doubles\n|player|p1|yfleshcatchy|miku-flying|1493\n|player|p2|olyrral2|unknown|1592\n|gen|9\n|tier|[Gen 9 Champions] VGC 2026 Reg M-B\n|rated|\n|rule|Species Clause: Limit one of each Pokémon\n|rule|Item Clause: Limit 1 of each item\n|clearpoke\n|poke|p1|Steelix, L50, M|\n|poke|p1|Tyranitar, L50, F|\n|poke|p1|Grimmsnarl, L50, M|\n|poke|p1|Sinistcha-Masterpiece, L50|\n|poke|p1|Rotom-Wash, L50|\n|poke|p1|Floette-Eternal, L50, F|\n|poke|p2|Charizard, L50, M|\n|poke|p2|Venusaur, L50, M|\n|poke|p2|Pelipper, L50, M|\n|poke|p2|Swampert, L50, M|\n|poke|p2|Archaludon, L50, M|\n|poke|p2|Grimmsnarl, L50, M|\n|teampreview|4\n|inactive|Battle timer is ON: inactive players will automatically lose when time's up. (requested by olyrral2)\n|\n|t:|1788402729\n|teamsize|p1|4\n|teamsize|p2|4\n|start\n|switch|p1a: Steelix|Steelix, L50, M|100/100\n|switch|p1b: Grimmsnarl|Grimmsnarl, L50, M|100/100\n|switch|p2a: Charizard|Charizard, L50, M|100/100\n|switch|p2b: Venusaur|Venusaur, L50, M|100/100\n|turn|1\n|inactive|olyrral2 has 30 seconds left.\n|\n|t:|1788402764\n|detailschange|p1a: Steelix|Steelix-Mega, L50, M\n|-mega|p1a: Steelix|Steelix|Steelixite\n|move|p2a: Charizard|Protect|p2a: Charizard\n|-singleturn|p2a: Charizard|Protect\n|move|p1a: Steelix|Protect|p1a: Steelix\n|-singleturn|p1a: Steelix|Protect\n|move|p1b: Grimmsnarl|Light Screen|p1b: Grimmsnarl\n|-sidestart|p1: yfleshcatchy|move: Light Screen\n|move|p2b: Venusaur|Sleep Powder|p1a: Steelix\n|-activate|p1a: Steelix|move: Protect\n|\n|upkeep\n|turn|2\n|\n|t:|1788402780\n|switch|p2a: Archaludon|Archaludon, L50, M|100/100\n|move|p1b: Grimmsnarl|Parting Shot|p2a: Archaludon\n|-unboost|p2a: Archaludon|atk|1\n|-unboost|p2a: Archaludon|spa|1\n|\n|t:|1788402784\n|switch|p1b: Tyranitar|Tyranitar, L50, F|100/100|[from] Parting Shot\n|-weather|Sandstorm|[from] ability: Sand Stream|[of] p1b: Tyranitar\n|move|p2b: Venusaur|Sleep Powder|p1a: Steelix\n|-status|p1a: Steelix|slp|[from] move: Sleep Powder\n|cant|p1a: Steelix|slp\n|\n|-weather|Sandstorm|[upkeep]\n|-damage|p2b: Venusaur|94/100|[from] Sandstorm\n|upkeep\n|turn|3\n|inactive|olyrral2 has 30 seconds left.\n|\n|t:|1788402813\n|move|p2b: Venusaur|Sleep Powder|p1b: Tyranitar\n|-status|p1b: Tyranitar|slp|[from] move: Sleep Powder\n|move|p2a: Archaludon|Flash Cannon|p1b: Tyranitar\n|-supereffective|p1b: Tyranitar|1\n|-damage|p1b: Tyranitar|82/100 slp\n|cant|p1b: Tyranitar|slp\n|-curestatus|p1a: Steelix|slp|[msg]\n|move|p1a: Steelix|High Horsepower|p2a: Archaludon\n|-supereffective|p2a: Archaludon|1\n|-damage|p2a: Archaludon|6/100\n|-ability|p2a: Archaludon|Stamina|boost\n|-boost|p2a: Archaludon|def|1\n|\n|-weather|Sandstorm|[upkeep]\n|-damage|p2b: Venusaur|88/100|[from] Sandstorm\n|-heal|p2a: Archaludon|12/100|[from] item: Leftovers\n|upkeep\n|turn|4\n|\n|t:|1788402838\n|switch|p2a: Pelipper|Pelipper, L50, M|100/100\n|-weather|RainDance|[from] ability: Drizzle|[of] p2a: Pelipper\n|move|p2b: Venusaur|Leaf Storm|p1b: Tyranitar\n|-supereffective|p1b: Tyranitar|1\n|-damage|p1b: Tyranitar|22/100 slp\n|-unboost|p2b: Venusaur|spa|2\n|cant|p1b: Tyranitar|slp\n|move|p1a: Steelix|Heavy Slam|p2b: Venusaur\n|-damage|p2b: Venusaur|0 fnt\n|faint|p2b: Venusaur\n|\n|-weather|RainDance|[upkeep]\n|upkeep\n|\n|t:|1788402854\n|switch|p2b: Charizard|Charizard, L50, M|100/100\n|turn|5\n|\n|t:|1788402866\n|switch|p1b: Grimmsnarl|Grimmsnarl, L50, M|100/100\n|move|p1a: Steelix|Protect|p1a: Steelix\n|-singleturn|p1a: Steelix|Protect\n|move|p2b: Charizard|Weather Ball|p1b: Grimmsnarl\n|-damage|p1b: Grimmsnarl|70/100\n|move|p2a: Pelipper|Hurricane|p1b: Grimmsnarl\n|-damage|p1b: Grimmsnarl|44/100\n|\n|-weather|RainDance|[upkeep]\n|upkeep\n|turn|6\n|inactive|olyrral2 has 30 seconds left.\n|inactive|olyrral2 has 20 seconds left.\n|inactive|olyrral2 has 15 seconds left.\n|\n|t:|1788402908\n|switch|p1a: Tyranitar|Tyranitar, L50, F|22/100 slp\n|-weather|Sandstorm|[from] ability: Sand Stream|[of] p1a: Tyranitar\n|move|p2b: Charizard|Protect|p2b: Charizard\n|-singleturn|p2b: Charizard|Protect\n|move|p1b: Grimmsnarl|Parting Shot|p2b: Charizard\n|-activate|p2b: Charizard|move: Protect\n|move|p2a: Pelipper|Weather Ball|p1a: Tyranitar\n|-damage|p1a: Tyranitar|13/100 slp\n|\n|-weather|Sandstorm|[upkeep]\n|-damage|p2b: Charizard|94/100|[from] Sandstorm\n|-damage|p2a: Pelipper|93/100|[from] Sandstorm\n|-damage|p1b: Grimmsnarl|38/100|[from] Sandstorm\n|upkeep\n|turn|7\n|\n|t:|1788402925\n|switch|p2a: Archaludon|Archaludon, L50, M|12/100\n|detailschange|p2b: Charizard|Charizard-Mega-Y, L50, M\n|-mega|p2b: Charizard|Charizard|Charizardite Y\n|-weather|SunnyDay|[from] ability: Drought|[of] p2b: Charizard\n|-curestatus|p1a: Tyranitar|slp|[msg]\n|move|p1a: Tyranitar|Protect|p1a: Tyranitar\n|-singleturn|p1a: Tyranitar|Protect\n|move|p1b: Grimmsnarl|Parting Shot|p2b: Charizard\n|-unboost|p2b: Charizard|atk|1\n|-unboost|p2b: Charizard|spa|1\n|\n|t:|1788402932\n|switch|p1b: Sinistcha|Sinistcha-Masterpiece, L50|100/100|[from] Parting Shot\n|-heal|p1a: Tyranitar|37/100|[from] ability: Hospitality|[of] p1b: Sinistcha\n|move|p2b: Charizard|Heat Wave|p1b: Sinistcha|[spread] \n|-activate|p1a: Tyranitar|move: Protect\n|-miss|p2b: Charizard|p1b: Sinistcha\n|\n|-weather|SunnyDay|[upkeep]\n|-heal|p2a: Archaludon|18/100|[from] item: Leftovers\n|upkeep\n|turn|8\n|\n|t:|1788402952\n|switch|p2b: Pelipper|Pelipper, L50, M|93/100\n|-weather|RainDance|[from] ability: Drizzle|[of] p2b: Pelipper\n|switch|p1a: Grimmsnarl|Grimmsnarl, L50, M|38/100\n|move|p2a: Archaludon|Flash Cannon|p1a: Grimmsnarl\n|-supereffective|p1a: Grimmsnarl|1\n|-damage|p1a: Grimmsnarl|0 fnt\n|faint|p1a: Grimmsnarl\n|move|p1b: Sinistcha|Trick Room|p1b: Sinistcha\n|-fieldstart|move: Trick Room|[of] p1b: Sinistcha\n|\n|-weather|RainDance|[upkeep]\n|-heal|p2a: Archaludon|25/100|[from] item: Leftovers\n|-sideend|p1: yfleshcatchy|move: Light Screen\n|upkeep\n|\n|t:|1788402955\n|switch|p1a: Tyranitar|Tyranitar, L50, F|37/100\n|-weather|Sandstorm|[from] ability: Sand Stream|[of] p1a: Tyranitar\n|turn|9\n|\n|t:|1788402967\n|switch|p1b: Steelix|Steelix-Mega, L50, M|100/100\n|move|p1a: Tyranitar|Protect|p1a: Tyranitar\n|-singleturn|p1a: Tyranitar|Protect\n|move|p2b: Pelipper|Wide Guard|p2b: Pelipper\n|-singleturn|p2b: Pelipper|Wide Guard\n|move|p2a: Archaludon|Flash Cannon|p1a: Tyranitar\n|-activate|p1a: Tyranitar|move: Protect\n|\n|-weather|Sandstorm|[upkeep]\n|-damage|p2b: Pelipper|87/100|[from] Sandstorm\n|-heal|p2a: Archaludon|31/100|[from] item: Leftovers\n|upkeep\n|turn|10\n|\n|t:|1788402983\n|switch|p2a: Charizard|Charizard-Mega-Y, L50, M|94/100\n|-weather|SunnyDay|[from] ability: Drought|[of] p2a: Charizard\n|move|p2b: Pelipper|Wide Guard|p2b: Pelipper\n|-singleturn|p2b: Pelipper|Wide Guard\n|move|p1b: Steelix|Heavy Slam|p2b: Pelipper\n|-resisted|p2b: Pelipper|1\n|-damage|p2b: Pelipper|51/100\n|move|p1a: Tyranitar|Knock Off|p2b: Pelipper\n|-damage|p2b: Pelipper|0 fnt\n|-enditem|p2b: Pelipper|Sitrus Berry|[from] move: Knock Off|[of] p1a: Tyranitar\n|faint|p2b: Pelipper\n|\n|-weather|SunnyDay|[upkeep]\n|upkeep\n|\n|t:|1788402993\n|switch|p2b: Archaludon|Archaludon, L50, M|31/100\n|turn|11\n|\n|t:|1788403012\n|move|p2b: Archaludon|Protect|p2b: Archaludon\n|-singleturn|p2b: Archaludon|Protect\n|move|p2a: Charizard|Protect|p2a: Charizard\n|-singleturn|p2a: Charizard|Protect\n|move|p1b: Steelix|High Horsepower|p2b: Archaludon\n|-activate|p2b: Archaludon|move: Protect\n|move|p1a: Tyranitar|Rock Slide|p2a: Charizard|[spread] \n|-activate|p2a: Charizard|move: Protect\n|-activate|p2b: Archaludon|move: Protect\n|\n|-weather|SunnyDay|[upkeep]\n|-heal|p2b: Archaludon|37/100|[from] item: Leftovers\n|upkeep\n|turn|12\n|\n|t:|1788403028\n|move|p2b: Archaludon|Protect|p2b: Archaludon\n|-singleturn|p2b: Archaludon|Protect\n|move|p1b: Steelix|High Horsepower|p2b: Archaludon\n|-activate|p2b: Archaludon|move: Protect\n|move|p1a: Tyranitar|Rock Slide|p2a: Charizard|[spread] p2a\n|-activate|p2b: Archaludon|move: Protect\n|-supereffective|p2a: Charizard|2\n|-damage|p2a: Charizard|0 fnt\n|faint|p2a: Charizard\n|\n|-weather|SunnyDay|[upkeep]\n|-heal|p2b: Archaludon|43/100|[from] item: Leftovers\n|-fieldend|move: Trick Room\n|upkeep\n|turn|13\n|-message|olyrral2 forfeited.\n|\n|win|yfleshcatchy\n|raw|yfleshcatchy's rating: 1493 &rarr; <strong>1519</strong><br />(+26 for winning)\n|raw|olyrral2's rating: 1592 &rarr; <strong>1566</strong><br />(-26 for losing)\n","uploadtime":1788403040,"views":"11","formatid":"gen9championsvgc2026regmb","rating":1519,"private":0,"password":null}