{"id":"gen9championsvgc2026regmbbo3-2674693957","format":"[Gen 9 Champions] VGC 2026 Reg M-B (Bo3)","players":["NoodleSushi","lanzario4"],"log":"|j|☆NoodleSushi\n|j|☆lanzario4\n|html|<table width=\"100%\"><tr><td align=\"left\">NoodleSushi</td><td align=\"right\">lanzario4</tr><tr><td align=\"left\"><i class=\"fa fa-circle-o\"></i> <i class=\"fa fa-circle-o\"></i> </td><td align=\"right\"><i class=\"fa fa-circle-o\"></i> <i class=\"fa fa-circle-o\"></i> </tr></table>\n|uhtml|bestof|<h2><strong>Game 1</strong> of <a href=\"/game-bestof3-gen9championsvgc2026regmbbo3-2674693956\">a best-of-3</a></h2>\n|t:|1788391618\n|gametype|doubles\n|player|p1|NoodleSushi|rocketgruntf|1085\n|player|p2|lanzario4|2|1134\n|gen|9\n|tier|[Gen 9 Champions] VGC 2026 Reg M-B (Bo3)\n|rated|\n|rule|Species Clause: Limit one of each Pokémon\n|rule|Item Clause: Limit 1 of each item\n|clearpoke\n|poke|p1|Froslass, L50, F|\n|poke|p1|Sneasler, L50, F|\n|poke|p1|Basculegion, L50, M|\n|poke|p1|Kingambit, L50, M|\n|poke|p1|Lycanroc-Dusk, L50, M|\n|poke|p1|Scovillain, L50, F|\n|poke|p2|Eelektross, L50, F|\n|poke|p2|Pelipper, L50, M|\n|poke|p2|Archaludon, L50, M|\n|poke|p2|Garchomp, L50, M|\n|poke|p2|Floette-Eternal, L50, F|\n|poke|p2|Whimsicott, L50, F|\n|teampreview|4\n|showteam|p1|Froslass||Froslassite|CursedBody|Blizzard,ShadowBall,Thunderbolt,Protect|Timid||F|||50|]Sneasler||WhiteHerb|Unburden|CloseCombat,GunkShot,FakeOut,Protect|Adamant||F|||50|]Basculegion||MysticWater|Adaptability|WaveCrash,LastRespects,AquaJet,Protect|Adamant||M|||50|]Kingambit||LifeOrb|Defiant|KowtowCleave,SuckerPunch,SwordsDance,Protect|Adamant||M|||50|]Lycanroc-Dusk||FocusSash|ToughClaws|RockSlide,CloseCombat,Accelerock,Protect|Adamant||M|||50|]Scovillain||Scovillainite|Moody|GigaDrain,Overheat,RagePowder,Protect|Bold||F|||50|\n|showteam|p2|Eelektross||Eelektrossite|Levitate|Protect,Discharge,Thunder,Flamethrower|Serious||F|||50|]Pelipper||SitrusBerry|Drizzle|WideGuard,Tailwind,WeatherBall,Hurricane|Modest||M|||50|]Archaludon||Leftovers|Stamina|Protect,DragonPulse,ElectroShot,FlashCannon|Timid||M|||50|]Garchomp||LifeOrb|RoughSkin|Protect,DragonClaw,Earthquake,RockSlide|Jolly||M|||50|]Floette-Eternal||Floettite|FlowerVeil|Protect,CalmMind,DazzlingGleam,Moonblast|Timid||F|||50|]Whimsicott||FocusSash|Prankster|Protect,Tailwind,Moonblast,Encore|Modest||F|||50|\n|inactive|Battle timer is ON: inactive players will automatically lose when time's up. (requested by lanzario4)\n|inactive|NoodleSushi has 60 seconds left.\n|\n|t:|1788391697\n|teamsize|p1|4\n|teamsize|p2|4\n|start\n|switch|p1a: Sneasler|Sneasler, L50, F|100/100\n|switch|p1b: Kingambit|Kingambit, L50, M|100/100\n|switch|p2a: Eelektross|Eelektross, L50, F|100/100\n|switch|p2b: Archaludon|Archaludon, L50, M|100/100\n|turn|1\n|inactive|lanzario4 has 30 seconds left.\n|\n|t:|1788391722\n|detailschange|p2a: Eelektross|Eelektross-Mega, L50, F\n|-mega|p2a: Eelektross|Eelektross|Eelektrossite\n|move|p1a: Sneasler|Fake Out|p2a: Eelektross\n|-damage|p2a: Eelektross|83/100\n|move|p2b: Archaludon|Dragon Pulse|p1a: Sneasler\n|-damage|p1a: Sneasler|48/100\n|cant|p2a: Eelektross|flinch\n|move|p1b: Kingambit|Swords Dance|p1b: Kingambit\n|-boost|p1b: Kingambit|atk|2\n|\n|upkeep\n|turn|2\n|inactive|NoodleSushi has 30 seconds left.\n|\n|t:|1788391756\n|switch|p2a: Whimsicott|Whimsicott, L50, F|100/100\n|move|p1b: Kingambit|Sucker Punch|p2b: Archaludon\n|-damage|p2b: Archaludon|12/100\n|-ability|p2b: Archaludon|Stamina|boost\n|-boost|p2b: Archaludon|def|1\n|-damage|p1b: Kingambit|90/100|[from] item: Life Orb\n|move|p1a: Sneasler|Close Combat|p2b: Archaludon\n|-supereffective|p2b: Archaludon|1\n|-damage|p2b: Archaludon|0 fnt\n|-unboost|p1a: Sneasler|def|1\n|-unboost|p1a: Sneasler|spd|1\n|faint|p2b: Archaludon\n|-enditem|p1a: Sneasler|White Herb\n|-clearnegativeboost|p1a: Sneasler|[silent]\n|\n|upkeep\n|\n|t:|1788391770\n|switch|p2b: Pelipper|Pelipper, L50, M|100/100\n|-weather|RainDance|[from] ability: Drizzle|[of] p2b: Pelipper\n|turn|3\n|inactive|NoodleSushi has 30 seconds left.\n|inactive|NoodleSushi has 20 seconds left.\n|\n|t:|1788391805\n|move|p2a: Whimsicott|Encore|p1a: Sneasler\n|-start|p1a: Sneasler|Encore\n|move|p1b: Kingambit|Sucker Punch|p2b: Pelipper\n|-damage|p2b: Pelipper|10/100\n|-enditem|p2b: Pelipper|Sitrus Berry|[eat]\n|-heal|p2b: Pelipper|35/100|[from] item: Sitrus Berry\n|-damage|p1b: Kingambit|80/100|[from] item: Life Orb\n|move|p1a: Sneasler|Close Combat|p2b: Pelipper\n|-resisted|p2b: Pelipper|1\n|-damage|p2b: Pelipper|12/100\n|-unboost|p1a: Sneasler|def|1\n|-unboost|p1a: Sneasler|spd|1\n|move|p2b: Pelipper|Weather Ball|p1b: Kingambit\n|-damage|p1b: Kingambit|22/100\n|\n|-weather|RainDance|[upkeep]\n|upkeep\n|turn|4\n|inactive|NoodleSushi has 30 seconds left.\n|inactive|lanzario4 has 30 seconds left.\n|inactive|NoodleSushi has 20 seconds left.\n|inactive|NoodleSushi has 15 seconds left.\n|inactive|NoodleSushi has 10 seconds left.\n|\n|t:|1788391854\n|move|p1b: Kingambit|Sucker Punch||[still]\n|-fail|p1b: Kingambit\n|move|p1a: Sneasler|Close Combat|p2a: Whimsicott\n|-resisted|p2a: Whimsicott|1\n|-damage|p2a: Whimsicott|59/100\n|-unboost|p1a: Sneasler|def|1\n|-unboost|p1a: Sneasler|spd|1\n|move|p2a: Whimsicott|Moonblast|p1b: Kingambit\n|-damage|p1b: Kingambit|0 fnt\n|faint|p1b: Kingambit\n|move|p2b: Pelipper|Tailwind|p2b: Pelipper\n|-sidestart|p2: lanzario4|move: Tailwind\n|\n|-weather|RainDance|[upkeep]\n|upkeep\n|\n|t:|1788391868\n|switch|p1b: Froslass|Froslass, L50, F|100/100\n|turn|5\n|inactive|NoodleSushi has 30 seconds left.\n|\n|t:|1788391898\n|detailschange|p1b: Froslass|Froslass-Mega, L50, F\n|-mega|p1b: Froslass|Froslass|Froslassite\n|-weather|Snowscape|[from] ability: Snow Warning|[of] p1b: Froslass\n|move|p2b: Pelipper|Wide Guard|p2b: Pelipper\n|-singleturn|p2b: Pelipper|Wide Guard\n|move|p1a: Sneasler|Close Combat|p2b: Pelipper\n|-resisted|p2b: Pelipper|1\n|-damage|p2b: Pelipper|0 fnt\n|-unboost|p1a: Sneasler|def|1\n|-unboost|p1a: Sneasler|spd|1\n|faint|p2b: Pelipper\n|move|p2a: Whimsicott|Moonblast|p1a: Sneasler\n|-damage|p1a: Sneasler|0 fnt\n|faint|p1a: Sneasler\n|move|p1b: Froslass|Blizzard|p2a: Whimsicott\n|-activate|p2a: Whimsicott|move: Wide Guard\n|\n|-weather|Snowscape|[upkeep]\n|upkeep\n|\n|t:|1788391914\n|switch|p1a: Lycanroc|Lycanroc-Dusk, L50, M|100/100\n|switch|p2b: Eelektross|Eelektross-Mega, L50, F|83/100\n|turn|6\n|inactive|lanzario4 has 30 seconds left.\n|\n|t:|1788391948\n|move|p1a: Lycanroc|Accelerock|p2b: Eelektross\n|-damage|p2b: Eelektross|46/100\n|move|p2a: Whimsicott|Moonblast|p1a: Lycanroc\n|-damage|p1a: Lycanroc|35/100\n|move|p2b: Eelektross|Thunder|p1a: Lycanroc\n|-damage|p1a: Lycanroc|0 fnt\n|faint|p1a: Lycanroc\n|-ability|p2b: Eelektross|Eelevate|boost\n|-boost|p2b: Eelektross|spa|1\n|move|p1b: Froslass|Blizzard|p2a: Whimsicott|[spread] p2a,p2b\n|-supereffective|p2a: Whimsicott|1\n|-damage|p2a: Whimsicott|0 fnt\n|-damage|p2b: Eelektross|9/100\n|-status|p2b: Eelektross|frz\n|faint|p2a: Whimsicott\n|\n|-weather|Snowscape|[upkeep]\n|upkeep\n|turn|7\n|inactive|NoodleSushi has 30 seconds left.\n|inactive|NoodleSushi has 20 seconds left.\n|inactive|NoodleSushi has 15 seconds left.\n|\n|t:|1788391990\n|cant|p2b: Eelektross|frz\n|move|p1b: Froslass|Shadow Ball|p2b: Eelektross\n|-damage|p2b: Eelektross|0 fnt\n|faint|p2b: Eelektross\n|\n|win|NoodleSushi\n|l|☆lanzario4\n|player|p2|\n","uploadtime":1788391996,"views":"0","formatid":"gen9championsvgc2026regmbbo3","rating":null,"private":0,"password":null}