{"id":"gen9championsvgc2026regmb-2674905446","format":"[Gen 9 Champions] VGC 2026 Reg M-B","players":["jussdoit","Thornlace48812"],"log":"|j|☆jussdoit\n|j|☆Thornlace48812\n|t:|1788433340\n|gametype|doubles\n|player|p1|jussdoit|265|1199\n|player|p2|Thornlace48812|102|1259\n|gen|9\n|tier|[Gen 9 Champions] VGC 2026 Reg M-B\n|rated|\n|rule|Species Clause: Limit one of each Pokémon\n|rule|Item Clause: Limit 1 of each item\n|clearpoke\n|poke|p1|Delphox, L50, M|\n|poke|p1|Hydrapple, L50, F|\n|poke|p1|Incineroar, L50, M|\n|poke|p1|Garchomp, L50, M|\n|poke|p1|Farigiraf, L50, M|\n|poke|p1|Meganium, L50, F|\n|poke|p2|Garchomp, L50, M|\n|poke|p2|Charizard, L50, F|\n|poke|p2|Whimsicott, L50, M|\n|poke|p2|Sylveon, L50, F|\n|poke|p2|Kingambit, L50, M|\n|poke|p2|Basculegion, L50, M|\n|teampreview|4\n|inactive|Battle timer is ON: inactive players will automatically lose when time's up. (requested by Thornlace48812)\n|inactive|jussdoit also wants the timer to be on.\nThornlace48812 rejected open team sheets.\n|inactive|jussdoit has 60 seconds left.\n|\n|t:|1788433393\n|teamsize|p1|4\n|teamsize|p2|4\n|start\n|switch|p1a: Delphox|Delphox, L50, M|100/100\n|switch|p1b: Incineroar|Incineroar, L50, M|100/100\n|switch|p2a: Charizard|Charizard, L50, F|100/100\n|switch|p2b: Garchomp|Garchomp, L50, M|100/100\n|-ability|p1b: Incineroar|Intimidate|boost\n|-unboost|p2a: Charizard|atk|1\n|-unboost|p2b: Garchomp|atk|1\n|turn|1\n|\n|t:|1788433411\n|detailschange|p1a: Delphox|Delphox-Mega, L50, M\n|-mega|p1a: Delphox|Delphox|Delphoxite\n|detailschange|p2a: Charizard|Charizard-Mega-Y, L50, F\n|-mega|p2a: Charizard|Charizard|Charizardite Y\n|-weather|SunnyDay|[from] ability: Drought|[of] p2a: Charizard\n|move|p2a: Charizard|Protect|p2a: Charizard\n|-singleturn|p2a: Charizard|Protect\n|move|p1b: Incineroar|Fake Out|p2b: Garchomp\n|-damage|p2b: Garchomp|88/100\n|-damage|p1b: Incineroar|87/100|[from] ability: Rough Skin|[of] p2b: Garchomp\n|move|p1a: Delphox|Nasty Plot|p1a: Delphox\n|-boost|p1a: Delphox|spa|2\n|cant|p2b: Garchomp|flinch\n|\n|-weather|SunnyDay|[upkeep]\n|upkeep\n|turn|2\n|\n|t:|1788433436\n|move|p1a: Delphox|Psychic|p2a: Charizard\n|-damage|p2a: Charizard|0 fnt\n|faint|p2a: Charizard\n|move|p2b: Garchomp|Rock Slide|p1b: Incineroar|[spread] p1a,p1b\n|-supereffective|p1a: Delphox|1\n|-crit|p1a: Delphox\n|-supereffective|p1b: Incineroar|1\n|-damage|p1a: Delphox|0 fnt\n|-damage|p1b: Incineroar|51/100\n|faint|p1a: Delphox\n|-damage|p2b: Garchomp|78/100|[from] item: Life Orb\n|cant|p1b: Incineroar|flinch\n|\n|-weather|SunnyDay|[upkeep]\n|upkeep\n|c|☆jussdoit|lmao\n|\n|t:|1788433449\n|switch|p1a: Garchomp|Garchomp, L50, M|100/100\n|switch|p2a: Whimsicott|Whimsicott, L50, M|100/100\n|turn|3\n|\n|t:|1788433460\n|move|p2a: Whimsicott|Protect|p2a: Whimsicott\n|-singleturn|p2a: Whimsicott|Protect\n|move|p2b: Garchomp|Earthquake|p1a: Garchomp|[spread] p1a,p1b\n|-activate|p2a: Whimsicott|move: Protect\n|-supereffective|p1b: Incineroar|1\n|-damage|p1a: Garchomp|68/100\n|-damage|p1b: Incineroar|0 fnt\n|faint|p1b: Incineroar\n|-damage|p2b: Garchomp|68/100|[from] item: Life Orb\n|move|p1a: Garchomp|Dragon Claw|p2b: Garchomp\n|-supereffective|p2b: Garchomp|1\n|-damage|p2b: Garchomp|0 fnt\n|-damage|p1a: Garchomp|56/100|[from] ability: Rough Skin|[of] p2b: Garchomp\n|faint|p2b: Garchomp\n|-damage|p1a: Garchomp|46/100|[from] item: Life Orb\n|\n|-weather|SunnyDay|[upkeep]\n|upkeep\n|\n|t:|1788433476\n|switch|p2b: Basculegion|Basculegion, L50, M|100/100\n|switch|p1b: Farigiraf|Farigiraf, L50, M|100/100\n|turn|4\n|\n|t:|1788433482\n|move|p1a: Garchomp|Protect|p1a: Garchomp\n|-singleturn|p1a: Garchomp|Protect\n|move|p2a: Whimsicott|Moonblast|p1a: Garchomp\n|-activate|p1a: Garchomp|move: Protect\n|move|p2b: Basculegion|Last Respects|p1a: Garchomp\n|-activate|p1a: Garchomp|move: Protect\n|move|p1b: Farigiraf|Thunderbolt|p2b: Basculegion\n|-supereffective|p2b: Basculegion|1\n|-damage|p2b: Basculegion|44/100\n|-status|p2b: Basculegion|par\n|\n|-weather|SunnyDay|[upkeep]\n|upkeep\n|turn|5\n|\n|t:|1788433497\n|move|p2a: Whimsicott|Moonblast|p1a: Garchomp\n|-supereffective|p1a: Garchomp|1\n|-damage|p1a: Garchomp|0 fnt\n|faint|p1a: Garchomp\n|move|p1b: Farigiraf|Thunderbolt|p2b: Basculegion\n|-supereffective|p2b: Basculegion|1\n|-crit|p2b: Basculegion\n|-damage|p2b: Basculegion|0 fnt\n|faint|p2b: Basculegion\n|\n|-weather|none\n|upkeep\n|turn|6\n|\n|t:|1788433507\n|move|p2a: Whimsicott|Moonblast|p1b: Farigiraf\n|-damage|p1b: Farigiraf|67/100\n|move|p1b: Farigiraf|Psychic|p2a: Whimsicott\n|-damage|p2a: Whimsicott|40/100\n|\n|upkeep\n|turn|7\n|\n|t:|1788433514\n|move|p2a: Whimsicott|Moonblast|p1b: Farigiraf\n|-damage|p1b: Farigiraf|36/100\n|-enditem|p1b: Farigiraf|Sitrus Berry|[eat]\n|-heal|p1b: Farigiraf|60/100|[from] item: Sitrus Berry\n|move|p1b: Farigiraf|Psychic|p2a: Whimsicott\n|-damage|p2a: Whimsicott|0 fnt\n|faint|p2a: Whimsicott\n|\n|win|jussdoit\n|raw|jussdoit's rating: 1199 &rarr; <strong>1226</strong><br />(+27 for winning)\n|raw|Thornlace48812's rating: 1226 &rarr; <strong>1199</strong><br />(-27 for losing)\n","uploadtime":1788433514,"views":"4","formatid":"gen9championsvgc2026regmb","rating":1199,"private":0,"password":null}