{"id":"gen9championsvgc2026regmb-2674796718","format":"[Gen 9 Champions] VGC 2026 Reg M-B","players":["t13ch19","ethalem99"],"log":"|j|☆t13ch19\n|j|☆ethalem99\n|t:|1788408562\n|gametype|doubles\n|player|p1|t13ch19|swimmer-gen4dp|1339\n|player|p2|ethalem99|acetrainer-gen4dp|1304\n|gen|9\n|tier|[Gen 9 Champions] VGC 2026 Reg M-B\n|rated|\n|rule|Species Clause: Limit one of each Pokémon\n|rule|Item Clause: Limit 1 of each item\n|clearpoke\n|poke|p1|Charizard, L50, M, shiny|\n|poke|p1|Gengar, L50, F, shiny|\n|poke|p1|Incineroar, L50, M|\n|poke|p1|Dragonite, L50, M|\n|poke|p1|Sneasler, L50, F|\n|poke|p1|Garchomp, L50, F|\n|poke|p2|Dragonite, L50, M|\n|poke|p2|Sneasler, L50, M|\n|poke|p2|Basculegion, L50, M|\n|poke|p2|Kingambit, L50, M|\n|poke|p2|Garchomp, L50, F|\n|poke|p2|Floette-Eternal, L50, F|\n|teampreview|4\n|inactive|Battle timer is ON: inactive players will automatically lose when time's up. (requested by ethalem99)\n|inactive|t13ch19 has 60 seconds left.\n|inactive|ethalem99 has 60 seconds left.\n|j| salchipapu\n|\n|t:|1788408603\n|teamsize|p1|4\n|teamsize|p2|4\n|start\n|switch|p1a: Gengar|Gengar, L50, F, shiny|100/100\n|switch|p1b: Sneasler|Sneasler, L50, F|100/100\n|switch|p2a: Kingambit|Kingambit, L50, M|100/100\n|switch|p2b: Basculegion|Basculegion, L50, M|100/100\n|turn|1\n|l| salchipapu\n|inactive|ethalem99 has 30 seconds left.\n|inactive|ethalem99 has 20 seconds left.\n|inactive|ethalem99 has 15 seconds left.\n|inactive|ethalem99 has 10 seconds left.\n|inactive|ethalem99 has 5 seconds left.\n|\n|t:|1788408653\n|detailschange|p1a: Gengar|Gengar-Mega, L50, F, shiny\n|-mega|p1a: Gengar|Gengar|Gengarite\n|move|p1b: Sneasler|Fake Out|p2a: Kingambit\n|-resisted|p2a: Kingambit|1\n|-damage|p2a: Kingambit|95/100\n|cant|p2a: Kingambit|flinch\n|move|p1a: Gengar|Shadow Ball|p2b: Basculegion\n|-supereffective|p2b: Basculegion|1\n|-crit|p2b: Basculegion\n|-damage|p2b: Basculegion|0 fnt\n|faint|p2b: Basculegion\n|\n|upkeep\n|\n|t:|1788408664\n|switch|p2b: Garchomp|Garchomp, L50, F|100/100\n|turn|2\n|inactive|t13ch19 has 30 seconds left.\n|\n|t:|1788408689\n|move|p1a: Gengar|Protect|p1a: Gengar\n|-singleturn|p1a: Gengar|Protect\n|move|p2a: Kingambit|Sucker Punch|p1b: Sneasler\n|-resisted|p1b: Sneasler|1\n|-damage|p1b: Sneasler|68/100\n|move|p2b: Garchomp|Earthquake|p1b: Sneasler|[spread] p2a,p1b\n|-activate|p1a: Gengar|move: Protect\n|-supereffective|p2a: Kingambit|1\n|-supereffective|p1b: Sneasler|1\n|-damage|p2a: Kingambit|37/100\n|-damage|p1b: Sneasler|0 fnt\n|faint|p1b: Sneasler\n|\n|upkeep\n|\n|t:|1788408709\n|switch|p1b: Dragonite|Dragonite, L50, M|100/100\n|turn|3\n|\n|t:|1788408727\n|switch|p1a: Incineroar|Incineroar, L50, M|100/100\n|-ability|p1a: Incineroar|Intimidate|boost\n|-unboost|p2a: Kingambit|atk|1\n|-ability|p2a: Kingambit|Defiant|boost\n|-boost|p2a: Kingambit|atk|2\n|-unboost|p2b: Garchomp|atk|1\n|move|p2a: Kingambit|Sucker Punch|p1b: Dragonite\n|-damage|p1b: Dragonite|44/100\n|move|p2b: Garchomp|Earthquake|p1a: Incineroar|[spread] p2a,p1a\n|-immune|p1b: Dragonite\n|-supereffective|p2a: Kingambit|1\n|-supereffective|p1a: Incineroar|1\n|-damage|p2a: Kingambit|0 fnt\n|-damage|p1a: Incineroar|61/100\n|faint|p2a: Kingambit\n|move|p1b: Dragonite|Superpower|p2b: Garchomp\n|-damage|p2b: Garchomp|46/100\n|-unboost|p1b: Dragonite|atk|1\n|-unboost|p1b: Dragonite|def|1\n|-damage|p1b: Dragonite|32/100|[from] ability: Rough Skin|[of] p2b: Garchomp\n|-damage|p1b: Dragonite|22/100|[from] item: Life Orb\n|\n|upkeep\n|\n|t:|1788408742\n|switch|p2a: Sneasler|Sneasler, L50, M|100/100\n|turn|4\n|inactive|t13ch19 has 30 seconds left.\n|\n|t:|1788408770\n|move|p1b: Dragonite|Protect|p1b: Dragonite\n|-singleturn|p1b: Dragonite|Protect\n|move|p2a: Sneasler|Fake Out|p1a: Incineroar\n|-damage|p1a: Incineroar|50/100g\n|move|p2b: Garchomp|Earthquake|p1b: Dragonite|[spread] p2a,p1a\n|-activate|p1b: Dragonite|move: Protect\n|-supereffective|p2a: Sneasler|1\n|-supereffective|p1a: Incineroar|1\n|-damage|p2a: Sneasler|7/100\n|-damage|p1a: Incineroar|10/100\n|-enditem|p1a: Incineroar|Sitrus Berry|[eat]\n|-heal|p1a: Incineroar|35/100|[from] item: Sitrus Berry\n|cant|p1a: Incineroar|flinch\n|\n|upkeep\n|turn|5\n|inactive|t13ch19 has 30 seconds left.\n|inactive|t13ch19 has 20 seconds left.\n|\n|t:|1788408809\n|move|p2a: Sneasler|Feint|p1b: Dragonite\n|-damage|p1b: Dragonite|7/100\n|move|p1b: Dragonite|Extreme Speed|p2a: Sneasler\n|-damage|p2a: Sneasler|0 fnt\n|faint|p2a: Sneasler\n|-damage|p1b: Dragonite|0 fnt|[from] item: Life Orb\n|faint|p1b: Dragonite\n|move|p2b: Garchomp|Earthquake|p1a: Incineroar\n|-supereffective|p1a: Incineroar|1\n|-damage|p1a: Incineroar|0 fnt\n|faint|p1a: Incineroar\n|\n|upkeep\n|\n|t:|1788408821\n|switch|p1b: Gengar|Gengar-Mega, L50, F, shiny|100/100\n|turn|6\n|\n|t:|1788408834\n|move|p2b: Garchomp|Earthquake|p1b: Gengar\n|-supereffective|p1b: Gengar|1\n|-damage|p1b: Gengar|16/100\n|move|p1b: Gengar|Shadow Ball|p2b: Garchomp\n|-damage|p2b: Garchomp|0 fnt\n|faint|p2b: Garchomp\n|\n|win|t13ch19\n|raw|t13ch19's rating: 1339 &rarr; <strong>1357</strong><br />(+18 for winning)\n|raw|ethalem99's rating: 1304 &rarr; <strong>1286</strong><br />(-18 for losing)\n","uploadtime":1788408837,"views":"1","formatid":"gen9championsvgc2026regmb","rating":1286,"private":0,"password":null}