{"id":"gen9championsvgc2026regmb-2674397640","format":"[Gen 9 Champions] VGC 2026 Reg M-B","players":["cinarguncavdi2231","audino316"],"log":"|j|☆cinarguncavdi2231\n|j|☆audino316\n|t:|1788354676\n|gametype|doubles\n|player|p1|cinarguncavdi2231|170|1592\n|player|p2|audino316|byron|1666\n|gen|9\n|tier|[Gen 9 Champions] VGC 2026 Reg M-B\n|rated|\n|rule|Species Clause: Limit one of each Pokémon\n|rule|Item Clause: Limit 1 of each item\n|clearpoke\n|poke|p1|Archaludon, L50, F, shiny|\n|poke|p1|Swampert, L50, F|\n|poke|p1|Grimmsnarl, L50, M|\n|poke|p1|Pelipper, L50, M|\n|poke|p1|Metagross, L50|\n|poke|p1|Sinistcha, L50|\n|poke|p2|Whimsicott, L50, F|\n|poke|p2|Delphox, L50, F|\n|poke|p2|Staraptor, L50, M|\n|poke|p2|Glimmora, L50, F|\n|poke|p2|Garchomp, L50, M|\n|poke|p2|Kingambit, L50, F|\n|teampreview|4\n|inactive|Battle timer is ON: inactive players will automatically lose when time's up. (requested by cinarguncavdi2231)\n|inactive|audino316 has 60 seconds left.\n|\n|t:|1788354719\n|teamsize|p1|4\n|teamsize|p2|4\n|start\n|switch|p1a: Metagross|Metagross, L50|100/100\n|switch|p1b: Grimmsnarl|Grimmsnarl, L50, M|100/100\n|switch|p2a: Staraptor|Staraptor, L50, M|100/100\n|switch|p2b: Glimmora|Glimmora, L50, F|100/100\n|-ability|p2a: Staraptor|Intimidate|boost\n|-fail|p1a: Metagross|unboost|[from] ability: Clear Body|[of] p1a: Metagross\n|-unboost|p1b: Grimmsnarl|atk|1\n|turn|1\n|\n|t:|1788354736\n|switch|p2a: Kingambit|Kingambit, L50, F|100/100\n|move|p1a: Metagross|Protect|p1a: Metagross\n|-singleturn|p1a: Metagross|Protect\n|move|p1b: Grimmsnarl|Light Screen|p1b: Grimmsnarl\n|-sidestart|p1: cinarguncavdi2231|move: Light Screen\n|move|p2b: Glimmora|Sludge Bomb|p1b: Grimmsnarl\n|-supereffective|p1b: Grimmsnarl|1\n|-damage|p1b: Grimmsnarl|40/100\n|\n|upkeep\n|turn|2\n|\n|t:|1788354753\n|detailschange|p1a: Metagross|Metagross-Mega, L50\n|-mega|p1a: Metagross|Metagross|Metagrossite\n|move|p1b: Grimmsnarl|Reflect|p1b: Grimmsnarl\n|-sidestart|p1: cinarguncavdi2231|Reflect\n|move|p1a: Metagross|Body Press|p2a: Kingambit\n|-supereffective|p2a: Kingambit|2\n|-damage|p2a: Kingambit|0 fnt\n|faint|p2a: Kingambit\n|move|p2b: Glimmora|Earth Power|p1a: Metagross\n|-supereffective|p1a: Metagross|1\n|-damage|p1a: Metagross|61/100\n|\n|upkeep\n|\n|t:|1788354768\n|switch|p2a: Whimsicott|Whimsicott, L50, F|100/100\n|turn|3\n|\n|t:|1788354773\n|move|p2a: Whimsicott|Charm|p1a: Metagross\n|-unboost|p1a: Metagross|atk|2\n|move|p1b: Grimmsnarl|Parting Shot|p2b: Glimmora\n|-unboost|p2b: Glimmora|atk|1\n|-unboost|p2b: Glimmora|spa|1\n|\n|t:|1788354775\n|switch|p1b: Pelipper|Pelipper, L50, M|100/100|[from] Parting Shot\n|-weather|RainDance|[from] ability: Drizzle|[of] p1b: Pelipper\n|move|p1a: Metagross|Iron Head|p2a: Whimsicott\n|-supereffective|p2a: Whimsicott|1\n|-damage|p2a: Whimsicott|8/100\n|move|p2b: Glimmora|Sludge Bomb|p1b: Pelipper\n|-damage|p1b: Pelipper|64/100\n|\n|-weather|RainDance|[upkeep]\n|upkeep\n|turn|4\n|\n|t:|1788354793\n|switch|p1b: Grimmsnarl|Grimmsnarl, L50, M|40/100\n|move|p2a: Whimsicott|Moonblast|p1b: Grimmsnarl\n|-supereffective|p1b: Grimmsnarl|1\n|-damage|p1b: Grimmsnarl|1/100\n|move|p1a: Metagross|Psychic Fangs|p2b: Glimmora\n|-supereffective|p2b: Glimmora|1\n|-damage|p2b: Glimmora|42/100\n|-activate|p2b: Glimmora|ability: Toxic Debris\n|-sidestart|p1: cinarguncavdi2231|move: Toxic Spikes\n|move|p2b: Glimmora|Power Gem|p1b: Grimmsnarl\n|-damage|p1b: Grimmsnarl|0 fnt\n|faint|p1b: Grimmsnarl\n|\n|-weather|RainDance|[upkeep]\n|upkeep\n|\n|t:|1788354796\n|switch|p1b: Archaludon|Archaludon, L50, F, shiny|100/100\n|turn|5\n|inactive|audino316 has 30 seconds left.\n|inactive|audino316 has 20 seconds left.\n|inactive|audino316 has 15 seconds left.\n|inactive|audino316 has 10 seconds left.\n|inactive|audino316 has 5 seconds left.\n|\n|t:|1788354848\n|move|p2b: Glimmora|Spiky Shield|p2b: Glimmora\n|-singleturn|p2b: Glimmora|move: Protect\n|move|p2a: Whimsicott|Charm|p1a: Metagross\n|-unboost|p1a: Metagross|atk|2\n|move|p1a: Metagross|Iron Head|p2a: Whimsicott\n|-supereffective|p2a: Whimsicott|1\n|-damage|p2a: Whimsicott|0 fnt\n|faint|p2a: Whimsicott\n|move|p1b: Archaludon|Electro Shot||[still]\n|-prepare|p1b: Archaludon|Electro Shot\n|-boost|p1b: Archaludon|spa|1\n|-anim|p1b: Archaludon|Electro Shot|p2b: Glimmora\n|-activate|p2b: Glimmora|move: Protect\n|\n|-weather|RainDance|[upkeep]\n|upkeep\n|inactive|audino316 has 30 seconds left.\n|inactive|audino316 has 20 seconds left.\n|inactive|audino316 has 15 seconds left.\n|inactive|audino316 has 10 seconds left.\n|\n|t:|1788354896\n|switch|p2a: Staraptor|Staraptor, L50, M|100/100\n|-ability|p2a: Staraptor|Intimidate|boost\n|-unboost|p1a: Metagross|atk|1\n|-unboost|p1b: Archaludon|atk|1\n|turn|6\n|j| GoPlayCatch\n|inactive|audino316 has 30 seconds left.\n|inactive|audino316 has 20 seconds left.\n|inactive|audino316 has 15 seconds left.\n|inactive|audino316 has 10 seconds left.\n|\n|t:|1788354945\n|switch|p1a: Pelipper|Pelipper, L50, M|64/100\n|detailschange|p2a: Staraptor|Staraptor-Mega, L50, M\n|-mega|p2a: Staraptor|Staraptor|Staraptite\n|move|p1b: Archaludon|Protect|p1b: Archaludon\n|-singleturn|p1b: Archaludon|Protect\n|move|p2a: Staraptor|Close Combat|p1b: Archaludon\n|-activate|p1b: Archaludon|move: Protect\n|move|p2b: Glimmora|Earth Power|p1b: Archaludon\n|-activate|p1b: Archaludon|move: Protect\n|\n|-weather|RainDance|[upkeep]\n|upkeep\n|turn|7\n|inactive|audino316 has 30 seconds left.\n|\n|t:|1788354972\n|move|p2a: Staraptor|Protect|p2a: Staraptor\n|-singleturn|p2a: Staraptor|Protect\n|move|p2b: Glimmora|Power Gem|p1a: Pelipper\n|-supereffective|p1a: Pelipper|1\n|-damage|p1a: Pelipper|10/100\n|move|p1b: Archaludon|Electro Shot||[still]\n|-prepare|p1b: Archaludon|Electro Shot\n|-boost|p1b: Archaludon|spa|1\n|-anim|p1b: Archaludon|Electro Shot|p2a: Staraptor\n|-activate|p2a: Staraptor|move: Protect\n|move|p1a: Pelipper|Weather Ball|p2b: Glimmora\n|-supereffective|p2b: Glimmora|1\n|-damage|p2b: Glimmora|0 fnt\n|faint|p2b: Glimmora\n|\n|-weather|none\n|upkeep\n|turn|8\n|inactive|audino316 has 30 seconds left.\n|\n|t:|1788354998\n|move|p2a: Staraptor|Close Combat|p1b: Archaludon\n|-supereffective|p1b: Archaludon|1\n|-damage|p1b: Archaludon|38/100\n|-boost|p2a: Staraptor|def|1\n|-boost|p2a: Staraptor|spd|1\n|-ability|p1b: Archaludon|Stamina|boost\n|-boost|p1b: Archaludon|def|1\n|move|p1b: Archaludon|Dragon Pulse|p2a: Staraptor\n|-damage|p2a: Staraptor|38/100\n|move|p1a: Pelipper|Tailwind|p1a: Pelipper\n|-sidestart|p1: cinarguncavdi2231|move: Tailwind\n|\n|-heal|p1b: Archaludon|44/100|[from] item: Leftovers\n|-sideend|p1: cinarguncavdi2231|move: Light Screen\n|upkeep\n|turn|9\n|\n|t:|1788355015\n|move|p1b: Archaludon|Dragon Pulse|p2a: Staraptor\n|-damage|p2a: Staraptor|0 fnt\n|faint|p2a: Staraptor\n|\n|win|cinarguncavdi2231\n|raw|cinarguncavdi2231's rating: 1592 &rarr; <strong>1616</strong><br />(+24 for winning)\n|raw|audino316's rating: 1666 &rarr; <strong>1642</strong><br />(-24 for losing)\n|l|☆audino316\n|player|p2|\n","uploadtime":1788355020,"views":"5","formatid":"gen9championsvgc2026regmb","rating":1616,"private":0,"password":null}