{"id":"gen9championsvgc2026regmbbo3-2673617558","format":"[Gen 9 Champions] VGC 2026 Reg M-B (Bo3)","players":["Link6166","lunekike98"],"log":"|j|☆Link6166\n|j|☆lunekike98\n|html|<table width=\"100%\"><tr><td align=\"left\">Link6166</td><td align=\"right\">lunekike98</tr><tr><td align=\"left\"><i class=\"fa fa-circle\"></i> <i class=\"fa fa-circle-o\"></i> </td><td align=\"right\"><i class=\"fa fa-circle-o\"></i> <i class=\"fa fa-circle-o\"></i> </tr></table>\n|uhtml|bestof|<h2><strong>Game 2</strong> of <a href=\"/game-bestof3-gen9championsvgc2026regmbbo3-2673615614\">a best-of-3</a></h2>\n|t:|1788222018\n|gametype|doubles\n|player|p1|Link6166|2|\n|player|p2|lunekike98|266|\n|gen|9\n|tier|[Gen 9 Champions] VGC 2026 Reg M-B (Bo3)\n|rule|Species Clause: Limit one of each Pokémon\n|rule|Item Clause: Limit 1 of each item\n|clearpoke\n|poke|p1|Sylveon, L50, M|\n|poke|p1|Rotom-Wash, L50|\n|poke|p1|Samurott-Hisui, L50, M|\n|poke|p1|Krookodile, L50, M|\n|poke|p1|Aerodactyl, L50, F|\n|poke|p1|Farigiraf, L50, F|\n|poke|p2|Metagross, L50|\n|poke|p2|Whimsicott, L50, F|\n|poke|p2|Aerodactyl, L50, F|\n|poke|p2|Arcanine, L50, M|\n|poke|p2|Greninja, L50, F|\n|poke|p2|Raichu, L50, M|\n|teampreview|4\n|showteam|p1|Sylveon||FairyFeather|Pixilate|Moonblast,HyperVoice,ShadowBall,Protect|Modest||M|||50|]Rotom-Wash||SitrusBerry|Levitate|Thunderbolt,WillOWisp,HydroPump,Protect|Modest|||||50|]Samurott-Hisui||FocusSash|Sharpness|RazorShell,CeaselessEdge,SacredSword,Protect|Adamant||M|||50|]Krookodile||ChopleBerry|Intimidate|HighHorsepower,KnockOff,Taunt,Protect|Adamant||M|||50|]Aerodactyl||Aerodactylite|Unnerve|RockSlide,DualWingbeat,Tailwind,Protect|Jolly||F|||50|]Farigiraf||MentalHerb|ArmorTail|Psychic,ShadowBall,TrickRoom,Protect|Modest||F|||50|\n|showteam|p2|Metagross||Metagrossite|ClearBody|BodyPress,IcePunch,IronHead,Protect|Jolly|||||50|]Whimsicott||FocusSash|Prankster|Moonblast,SunnyDay,Tailwind,Tickle|Timid||F|||50|]Aerodactyl||WideLens|RockHead|RockSlide,Protect,Tailwind,WideGuard|Jolly||F|||50|]Arcanine||SitrusBerry|Intimidate|FlareBlitz,Protect,Snarl,WillOWisp|Adamant||M|||50|]Greninja||LifeOrb|Torrent|DarkPulse,HydroPump,IceBeam,Protect|Timid||F|||50|]Raichu||ShucaBerry|Static|FakeOut,VoltSwitch,Protect,Thunderbolt|Timid||M|||50|\n|j| biboom\n|j| EGG_dude\n|j| PorygonTheBot\n|c| PorygonTheBot|y'all suck\n|\n|t:|1788222100\n|teamsize|p1|4\n|teamsize|p2|4\n|start\n|switch|p1a: Aerodactyl|Aerodactyl, L50, F|100/100\n|switch|p1b: Farigiraf|Farigiraf, L50, F|100/100\n|switch|p2a: Metagross|Metagross, L50|100/100\n|switch|p2b: Raichu|Raichu, L50, M|100/100\n|-ability|p1a: Aerodactyl|Unnerve\n|turn|1\n|\n|t:|1788222122\n|detailschange|p1a: Aerodactyl|Aerodactyl-Mega, L50, F\n|-mega|p1a: Aerodactyl|Aerodactyl|Aerodactylite\n|detailschange|p2a: Metagross|Metagross-Mega, L50\n|-mega|p2a: Metagross|Metagross|Metagrossite\n|move|p2b: Raichu|Fake Out||[still]\n|cant|p1b: Farigiraf|ability: Armor Tail|Fake Out|[of] p2b: Raichu\n|move|p1a: Aerodactyl|Tailwind|p1a: Aerodactyl\n|-sidestart|p1: Link6166|move: Tailwind\n|move|p1b: Farigiraf|Shadow Ball|p2a: Metagross\n|-supereffective|p2a: Metagross|1\n|-damage|p2a: Metagross|51/100\n|move|p2a: Metagross|Ice Punch|p1a: Aerodactyl\n|-supereffective|p1a: Aerodactyl|1\n|-damage|p1a: Aerodactyl|14/100\n|\n|upkeep\n|turn|2\n|\n|t:|1788222148\n|move|p1a: Aerodactyl|Protect|p1a: Aerodactyl\n|-singleturn|p1a: Aerodactyl|Protect\n|move|p2a: Metagross|Protect|p2a: Metagross\n|-singleturn|p2a: Metagross|Protect\n|move|p2b: Raichu|Volt Switch|p1a: Aerodactyl\n|-activate|p1a: Aerodactyl|move: Protect\n|move|p1b: Farigiraf|Shadow Ball|p2a: Metagross\n|-activate|p2a: Metagross|move: Protect\n|\n|upkeep\n|turn|3\n|\n|t:|1788222204\n|switch|p1a: Rotom|Rotom-Wash, L50|100/100\n|move|p2b: Raichu|Protect|p2b: Raichu\n|-singleturn|p2b: Raichu|Protect\n|move|p1b: Farigiraf|Shadow Ball|p2a: Metagross\n|-supereffective|p2a: Metagross|1\n|-damage|p2a: Metagross|3/100\n|move|p2a: Metagross|Ice Punch|p1a: Rotom\n|-resisted|p1a: Rotom|1\n|-damage|p1a: Rotom|84/100\n|\n|upkeep\n|turn|4\n|\n|t:|1788222256\n|move|p2a: Metagross|Protect|p2a: Metagross\n|-singleturn|p2a: Metagross|Protect\n|move|p1a: Rotom|Will-O-Wisp|p2a: Metagross\n|-activate|p2a: Metagross|move: Protect\n|move|p2b: Raichu|Thunderbolt|p1b: Farigiraf\n|-damage|p1b: Farigiraf|59/100\n|move|p1b: Farigiraf|Psychic|p2b: Raichu\n|-damage|p2b: Raichu|32/100\n|\n|-sideend|p1: Link6166|move: Tailwind\n|upkeep\n|turn|5\n|\n|t:|1788222279\n|move|p1a: Rotom|Protect|p1a: Rotom\n|-singleturn|p1a: Rotom|Protect\n|move|p2b: Raichu|Thunderbolt|p1b: Farigiraf\n|-damage|p1b: Farigiraf|18/100\n|move|p2a: Metagross|Body Press|p1b: Farigiraf\n|-damage|p1b: Farigiraf|0 fnt\n|faint|p1b: Farigiraf\n|\n|upkeep\n|\n|t:|1788222289\n|switch|p1b: Aerodactyl|Aerodactyl-Mega, L50, F|14/100\n|turn|6\n|\n|t:|1788222316\n|move|p2a: Metagross|Protect|p2a: Metagross\n|-singleturn|p2a: Metagross|Protect\n|move|p1b: Aerodactyl|Rock Slide|p2a: Metagross|[spread] p2b\n|-activate|p2a: Metagross|move: Protect\n|-damage|p2b: Raichu|0 fnt\n|faint|p2b: Raichu\n|move|p1a: Rotom|Thunderbolt|p2a: Metagross\n|-activate|p2a: Metagross|move: Protect\n|\n|upkeep\n|\n|t:|1788222326\n|switch|p2b: Greninja|Greninja, L50, F|100/100\n|turn|7\n|\n|t:|1788222346\n|move|p1b: Aerodactyl|Tailwind|p1b: Aerodactyl\n|-sidestart|p1: Link6166|move: Tailwind\n|move|p1a: Rotom|Thunderbolt|p2b: Greninja\n|-supereffective|p2b: Greninja|1\n|-damage|p2b: Greninja|0 fnt\n|faint|p2b: Greninja\n|move|p2a: Metagross|Ice Punch|p1b: Aerodactyl\n|-supereffective|p1b: Aerodactyl|1\n|-damage|p1b: Aerodactyl|0 fnt\n|faint|p1b: Aerodactyl\n|\n|upkeep\n|\n|t:|1788222357\n|switch|p1b: Samurott|Samurott-Hisui, L50, M|100/100\n|switch|p2b: Aerodactyl|Aerodactyl, L50, F|100/100\n|turn|8\n|\n|t:|1788222374\n|move|p2a: Metagross|Protect|p2a: Metagross\n|-singleturn|p2a: Metagross|Protect\n|move|p1b: Samurott|Ceaseless Edge|p2a: Metagross\n|-activate|p2a: Metagross|move: Protect\n|move|p1a: Rotom|Thunderbolt|p2b: Aerodactyl\n|-supereffective|p2b: Aerodactyl|1\n|-damage|p2b: Aerodactyl|0 fnt\n|faint|p2b: Aerodactyl\n|\n|upkeep\n|turn|9\n|\n|t:|1788222394\n|move|p1b: Samurott|Ceaseless Edge|p2a: Metagross\n|-supereffective|p2a: Metagross|1\n|-damage|p2a: Metagross|0 fnt\n|-sidestart|p2: lunekike98|Spikes\n|faint|p2a: Metagross\n|\n|win|Link6166\n","uploadtime":1788222394,"views":"1","formatid":"gen9championsvgc2026regmbbo3","rating":null,"private":0,"password":null}