{"id":"gen9championsvgc2026regmb-2674096308","format":"[Gen 9 Champions] VGC 2026 Reg M-B","players":["Yoghurt25","epicfailtesting"],"log":"|j|☆Yoghurt25\n|j|‽epicfailtesting\n|t:|1788298606\n|gametype|doubles\n|player|p1|Yoghurt25|2|1474\n|player|p2|epicfailtesting|skier|1438\n|gen|9\n|tier|[Gen 9 Champions] VGC 2026 Reg M-B\n|rated|\n|rule|Species Clause: Limit one of each Pokémon\n|rule|Item Clause: Limit 1 of each item\n|clearpoke\n|poke|p1|Sinistcha, L50|\n|poke|p1|Incineroar, L50, M|\n|poke|p1|Blaziken, L50, M|\n|poke|p1|Ninetales-Alola, L50, M|\n|poke|p1|Mawile, L50, F|\n|poke|p1|Basculegion, L50, M|\n|poke|p2|Scovillain, L50, F, shiny|\n|poke|p2|Basculegion, L50, M|\n|poke|p2|Kingambit, L50, F|\n|poke|p2|Sneasler, L50, F|\n|poke|p2|Lycanroc-Dusk, L50, M|\n|poke|p2|Froslass, L50, F|\n|teampreview|4\n|inactive|Battle timer is ON: inactive players will automatically lose when time's up. (requested by epicfailtesting)\n|inactive|Yoghurt25 has 60 seconds left.\n|inactive|epicfailtesting has 60 seconds left.\n|\n|t:|1788298663\n|teamsize|p1|4\n|teamsize|p2|4\n|start\n|switch|p1a: Incineroar|Incineroar, L50, M|100/100\n|switch|p1b: Blaziken|Blaziken, L50, M|100/100\n|switch|p2a: Froslass|Froslass, L50, F|100/100\n|switch|p2b: Kingambit|Kingambit, L50, F|100/100\n|-ability|p1a: Incineroar|Intimidate|boost\n|-unboost|p2a: Froslass|atk|1\n|-unboost|p2b: Kingambit|atk|1\n|-ability|p2b: Kingambit|Defiant|boost\n|-boost|p2b: Kingambit|atk|2\n|turn|1\n|\n|t:|1788298681\n|detailschange|p2a: Froslass|Froslass-Mega, L50, F\n|-mega|p2a: Froslass|Froslass|Froslassite\n|-weather|Snowscape|[from] ability: Snow Warning|[of] p2a: Froslass\n|detailschange|p1b: Blaziken|Blaziken-Mega, L50, M\n|-mega|p1b: Blaziken|Blaziken|Blazikenite\n|move|p1a: Incineroar|Fake Out|p2b: Kingambit\n|-resisted|p2b: Kingambit|1\n|-damage|p2b: Kingambit|96/100\n|move|p2a: Froslass|Aurora Veil|p2a: Froslass\n|-sidestart|p2: epicfailtesting|move: Aurora Veil\n|move|p1b: Blaziken|Close Combat|p2b: Kingambit\n|-supereffective|p2b: Kingambit|2\n|-damage|p2b: Kingambit|0 fnt\n|-unboost|p1b: Blaziken|def|1\n|-unboost|p1b: Blaziken|spd|1\n|faint|p2b: Kingambit\n|\n|-weather|Snowscape|[upkeep]\n|-ability|p1b: Blaziken|Speed Boost|boost\n|-boost|p1b: Blaziken|spe|1\n|upkeep\n|\n|t:|1788298690\n|switch|p2b: Sneasler|Sneasler, L50, F|100/100\n|turn|2\n|\n|t:|1788298714\n|move|p1b: Blaziken|Detect|p1b: Blaziken\n|-singleturn|p1b: Blaziken|Protect\n|move|p2a: Froslass|Shadow Ball|p1b: Blaziken\n|-activate|p1b: Blaziken|move: Protect\n|move|p2b: Sneasler|Close Combat|p1a: Incineroar\n|-supereffective|p1a: Incineroar|1\n|-damage|p1a: Incineroar|6/100\n|-unboost|p2b: Sneasler|def|1\n|-unboost|p2b: Sneasler|spd|1\n|-enditem|p1a: Incineroar|Sitrus Berry|[eat]\n|-heal|p1a: Incineroar|31/100|[from] item: Sitrus Berry\n|-enditem|p2b: Sneasler|White Herb\n|-clearnegativeboost|p2b: Sneasler|[silent]\n|move|p1a: Incineroar|Flare Blitz|p2a: Froslass\n|-supereffective|p2a: Froslass|1\n|-damage|p2a: Froslass|38/100\n|-damage|p1a: Incineroar|14/100|[from] Recoil\n|\n|-weather|Snowscape|[upkeep]\n|-ability|p1b: Blaziken|Speed Boost|boost\n|-boost|p1b: Blaziken|spe|1\n|upkeep\n|turn|3\n|inactive|Yoghurt25 has 30 seconds left.\n|inactive|Yoghurt25 has 20 seconds left.\n|inactive|Yoghurt25 has 15 seconds left.\n|\n|t:|1788298757\n|move|p2a: Froslass|Protect|p2a: Froslass\n|-singleturn|p2a: Froslass|Protect\n|move|p2b: Sneasler|Close Combat|p1b: Blaziken\n|-damage|p1b: Blaziken|0 fnt\n|-unboost|p2b: Sneasler|def|1\n|-unboost|p2b: Sneasler|spd|1\n|faint|p1b: Blaziken\n|move|p1a: Incineroar|Flare Blitz|p2a: Froslass\n|-activate|p2a: Froslass|move: Protect\n|\n|-weather|Snowscape|[upkeep]\n|upkeep\n|\n|t:|1788298771\n|switch|p1b: Basculegion|Basculegion, L50, M|100/100\n|turn|4\n|inactive|Yoghurt25 has 30 seconds left.\n|inactive|Yoghurt25 has 20 seconds left.\n|\n|t:|1788298811\n|switch|p1a: Sinistcha|Sinistcha, L50|100/100\n|move|p2b: Sneasler|Close Combat|p1a: Sinistcha\n|-immune|p1a: Sinistcha\n|move|p2a: Froslass|Shadow Ball|p1b: Basculegion\n|-supereffective|p1b: Basculegion|1\n|-damage|p1b: Basculegion|14/100\n|move|p1b: Basculegion|Last Respects|p2a: Froslass\n|-supereffective|p2a: Froslass|1\n|-damage|p2a: Froslass|0 fnt\n|faint|p2a: Froslass\n|-damage|p1b: Basculegion|5/100|[from] item: Life Orb\n|\n|-weather|Snowscape|[upkeep]\n|upkeep\n|\n|t:|1788298816\n|switch|p2a: Basculegion|Basculegion, L50, M|100/100\n|turn|5\n|\n|t:|1788298832\n|move|p1b: Basculegion|Protect|p1b: Basculegion\n|-singleturn|p1b: Basculegion|Protect\n|move|p2b: Sneasler|Dire Claw|p1a: Sinistcha\n|-damage|p1a: Sinistcha|64/100\n|move|p2a: Basculegion|Last Respects|p1b: Basculegion\n|-activate|p1b: Basculegion|move: Protect\n|move|p1a: Sinistcha|Trick Room|p1a: Sinistcha\n|-fieldstart|move: Trick Room|[of] p1a: Sinistcha\n|\n|-weather|none\n|-sideend|p2: epicfailtesting|move: Aurora Veil\n|upkeep\n|turn|6\n|\n|t:|1788298852\n|move|p2b: Sneasler|Protect|p2b: Sneasler\n|-singleturn|p2b: Sneasler|Protect\n|move|p1b: Basculegion|Aqua Jet|p2b: Sneasler\n|-activate|p2b: Sneasler|move: Protect\n|move|p1a: Sinistcha|Matcha Gotcha|p2a: Basculegion|[spread] p2a\n|-activate|p2b: Sneasler|move: Protect\n|-supereffective|p2a: Basculegion|1\n|-damage|p2a: Basculegion|45/100\n|-heal|p1a: Sinistcha|94/100|[from] drain|[of] p2a: Basculegion\n|-status|p2a: Basculegion|brn\n|move|p2a: Basculegion|Last Respects|p1b: Basculegion\n|-supereffective|p1b: Basculegion|1\n|-damage|p1b: Basculegion|0 fnt\n|faint|p1b: Basculegion\n|-damage|p2a: Basculegion|36/100 brn|[from] item: Life Orb\n|\n|-damage|p2a: Basculegion|30/100 brn|[from] brn\n|upkeep\n|\n|t:|1788298874\n|switch|p1b: Incineroar|Incineroar, L50, M|14/100\n|-ability|p1b: Incineroar|Intimidate|boost\n|-unboost|p2a: Basculegion|atk|1\n|-unboost|p2b: Sneasler|atk|1\n|turn|7\n|\n|t:|1788298884\n|move|p1b: Incineroar|Fake Out|p2b: Sneasler\n|-damage|p2b: Sneasler|75/100\n|move|p2a: Basculegion|Aqua Jet|p1b: Incineroar\n|-supereffective|p1b: Incineroar|1\n|-damage|p1b: Incineroar|0 fnt\n|faint|p1b: Incineroar\n|-damage|p2a: Basculegion|20/100y brn|[from] item: Life Orb\n|move|p1a: Sinistcha|Matcha Gotcha|p2a: Basculegion|[spread] p2a\n|-miss|p1a: Sinistcha|p2b: Sneasler\n|-supereffective|p2a: Basculegion|1\n|-damage|p2a: Basculegion|0 fnt\n|-heal|p1a: Sinistcha|100/100|[from] drain|[of] p2a: Basculegion\n|faint|p2a: Basculegion\n|cant|p2b: Sneasler|flinch\n|\n|upkeep\n|turn|8\n|\n|t:|1788298904\n|move|p1a: Sinistcha|Matcha Gotcha|p2b: Sneasler\n|-resisted|p2b: Sneasler|1\n|-damage|p2b: Sneasler|43/100\n|move|p2b: Sneasler|Dire Claw|p1a: Sinistcha\n|-damage|p1a: Sinistcha|75/100\n|\n|upkeep\n|turn|9\n|\n|t:|1788298913\n|move|p2b: Sneasler|Protect|p2b: Sneasler\n|-singleturn|p2b: Sneasler|Protect\n|move|p1a: Sinistcha|Matcha Gotcha|p2b: Sneasler\n|-activate|p2b: Sneasler|move: Protect\n|\n|-fieldend|move: Trick Room\n|upkeep\n|turn|10\n|\n|t:|1788298923\n|move|p2b: Sneasler|Dire Claw|p1a: Sinistcha\n|-damage|p1a: Sinistcha|51/100\n|move|p1a: Sinistcha|Matcha Gotcha|p2b: Sneasler\n|-resisted|p2b: Sneasler|1\n|-damage|p2b: Sneasler|10/100\n|-heal|p1a: Sinistcha|67/100|[from] drain|[of] p2b: Sneasler\n|\n|upkeep\n|turn|11\n|\n|t:|1788298939\n|move|p2b: Sneasler|Dire Claw|p1a: Sinistcha\n|-damage|p1a: Sinistcha|43/100\n|-status|p1a: Sinistcha|slp\n|cant|p1a: Sinistcha|slp\n|\n|upkeep\n|turn|12\n|\n|t:|1788298946\n|move|p2b: Sneasler|Dire Claw|p1a: Sinistcha\n|-damage|p1a: Sinistcha|21/100 slp\n|-curestatus|p1a: Sinistcha|slp|[msg]\n|move|p1a: Sinistcha|Matcha Gotcha|p2b: Sneasler\n|-resisted|p2b: Sneasler|1\n|-damage|p2b: Sneasler|0 fnt\n|-heal|p1a: Sinistcha|26/100|[from] drain|[of] p2b: Sneasler\n|faint|p2b: Sneasler\n|\n|win|Yoghurt25\n|raw|Yoghurt25's rating: 1474 &rarr; <strong>1492</strong><br />(+18 for winning)\n|raw|epicfailtesting's rating: 1438 &rarr; <strong>1420</strong><br />(-18 for losing)\n","uploadtime":1788298961,"views":"0","formatid":"gen9championsvgc2026regmb","rating":1420,"private":0,"password":null}