{"id":"gen9championsvgc2026regmb-2673862118","format":"[Gen 9 Champions] VGC 2026 Reg M-B","players":["Egederboss","Thornlace48812"],"log":"|j|☆Egederboss\n|j|☆Thornlace48812\n|t:|1788269992\n|gametype|doubles\n|player|p1|Egederboss|101|1217\n|player|p2|Thornlace48812|102|1179\n|gen|9\n|tier|[Gen 9 Champions] VGC 2026 Reg M-B\n|rated|\n|rule|Species Clause: Limit one of each Pokémon\n|rule|Item Clause: Limit 1 of each item\n|clearpoke\n|poke|p1|Farigiraf, L50, F|\n|poke|p1|Mr. Rime, L50, M|\n|poke|p1|Banette, L50, F|\n|poke|p1|Gallade, L50, M|\n|poke|p1|Araquanid, L50, F, shiny|\n|poke|p1|Rampardos, L50, M|\n|poke|p2|Garchomp, L50, F|\n|poke|p2|Charizard, L50, F|\n|poke|p2|Whimsicott, L50, F|\n|poke|p2|Sylveon, L50, M|\n|poke|p2|Kingambit, L50, F|\n|poke|p2|Basculegion, L50, M|\n|teampreview|4\n|inactive|Battle timer is ON: inactive players will automatically lose when time's up. (requested by Thornlace48812)\nThornlace48812 rejected open team sheets.\n|inactive|Egederboss also wants the timer to be on.\n|\n|t:|1788270011\n|teamsize|p1|4\n|teamsize|p2|4\n|start\n|switch|p1a: Farigiraf|Farigiraf, L50, F|100/100\n|switch|p1b: Mr. Rime|Mr. Rime, L50, M|100/100\n|switch|p2a: Basculegion|Basculegion, L50, M|100/100\n|switch|p2b: Sylveon|Sylveon, L50, M|100/100\n|turn|1\n|\n|t:|1788270016\n|move|p1b: Mr. Rime|Fake Out|p2b: Sylveon\n|-damage|p2b: Sylveon|88/100\n|move|p2a: Basculegion|Last Respects|p1b: Mr. Rime\n|-supereffective|p1b: Mr. Rime|1\n|-damage|p1b: Mr. Rime|11/100\n|cant|p2b: Sylveon|flinch\n|move|p1a: Farigiraf|Trick Room|p1a: Farigiraf\n|-fieldstart|move: Trick Room|[of] p1a: Farigiraf\n|\n|upkeep\n|turn|2\n|\n|t:|1788270024\n|move|p2b: Sylveon|Detect|p2b: Sylveon\n|-singleturn|p2b: Sylveon|Protect\n|move|p1a: Farigiraf|Zen Headbutt|p2b: Sylveon\n|-activate|p2b: Sylveon|move: Protect\n|move|p1b: Mr. Rime|Freeze-Dry|p2a: Basculegion\n|-supereffective|p2a: Basculegion|1\n|-damage|p2a: Basculegion|0 fnt\n|faint|p2a: Basculegion\n|\n|upkeep\n|\n|t:|1788270024\n|switch|p2a: Garchomp|Garchomp, L50, F|100/100\n|turn|3\n|\n|t:|1788270033\n|move|p1a: Farigiraf|Zen Headbutt|p2b: Sylveon\n|-damage|p2b: Sylveon|41/100\n|move|p1b: Mr. Rime|Freeze-Dry|p2a: Garchomp\n|-supereffective|p2a: Garchomp|2\n|-damage|p2a: Garchomp|0 fnt\n|faint|p2a: Garchomp\n|move|p2b: Sylveon|Hyper Voice|p1b: Mr. Rime|[spread] p1a,p1b\n|-damage|p1a: Farigiraf|46/100\n|-damage|p1b: Mr. Rime|0 fnt\n|faint|p1b: Mr. Rime\n|\n|upkeep\n|\n|t:|1788270041\n|switch|p1b: Gallade|Gallade, L50, M|100/100\n|switch|p2a: Charizard|Charizard, L50, F|100/100\n|turn|4\n|\n|t:|1788270053\n|detailschange|p2a: Charizard|Charizard-Mega-Y, L50, F\n|-mega|p2a: Charizard|Charizard|Charizardite Y\n|-weather|SunnyDay|[from] ability: Drought|[of] p2a: Charizard\n|move|p1b: Gallade|Psycho Cut|p2a: Charizard\n|-damage|p2a: Charizard|27/100\n|move|p1a: Farigiraf|Zen Headbutt|p2b: Sylveon\n|-crit|p2b: Sylveon\n|-damage|p2b: Sylveon|0 fnt\n|faint|p2b: Sylveon\n|move|p2a: Charizard|Heat Wave|p1b: Gallade|[spread] p1a\n|-miss|p2a: Charizard|p1b: Gallade\n|-damage|p1a: Farigiraf|0 fnt\n|faint|p1a: Farigiraf\n|\n|-weather|SunnyDay|[upkeep]\n|upkeep\n|\n|t:|1788270061\n|switch|p1a: Rampardos|Rampardos, L50, M|100/100\n|turn|5\n|\n|t:|1788270066\n|move|p2a: Charizard|Protect|p2a: Charizard\n|-singleturn|p2a: Charizard|Protect\n|move|p1b: Gallade|Psycho Cut|p2a: Charizard\n|-activate|p2a: Charizard|move: Protect\n|move|p1a: Rampardos|Rock Slide|p2a: Charizard\n|-activate|p2a: Charizard|move: Protect\n|\n|-weather|SunnyDay|[upkeep]\n|-fieldend|move: Trick Room\n|upkeep\n|turn|6\n|\n|t:|1788270069\n|move|p2a: Charizard|Protect||[still]\n|-fail|p2a: Charizard\n|move|p1a: Rampardos|Rock Slide|p2a: Charizard\n|-supereffective|p2a: Charizard|2\n|-damage|p2a: Charizard|0 fnt\n|faint|p2a: Charizard\n|\n|win|Egederboss\n|raw|Egederboss's rating: 1217 &rarr; <strong>1244</strong><br />(+27 for winning)\n|raw|Thornlace48812's rating: 1244 &rarr; <strong>1217</strong><br />(-27 for losing)\n","uploadtime":1788270070,"views":"5","formatid":"gen9championsvgc2026regmb","rating":1217,"private":0,"password":null}