{"id":"gen9championsvgc2026regmb-2674188339","format":"[Gen 9 Champions] VGC 2026 Reg M-B","players":["WrstEGirl","ImReallyBad2254"],"log":"|j|☆WrstEGirl\n|j|☆ImReallyBad2254\n|t:|1788312509\n|gametype|doubles\n|player|p1|WrstEGirl|dawn|1261\n|player|p2|ImReallyBad2254|170|1203\n|gen|9\n|tier|[Gen 9 Champions] VGC 2026 Reg M-B\n|rated|\n|rule|Species Clause: Limit one of each Pokémon\n|rule|Item Clause: Limit 1 of each item\n|clearpoke\n|poke|p1|Sneasler, L50, M|\n|poke|p1|Blastoise, L50, M|\n|poke|p1|Kingambit, L50, M|\n|poke|p1|Incineroar, L50, M|\n|poke|p1|Delphox, L50, F|\n|poke|p1|Sinistcha, L50|\n|poke|p2|Alakazam, L50, M|\n|poke|p2|Garchomp, L50, M|\n|poke|p2|Incineroar, L50, F|\n|poke|p2|Whimsicott, L50, M|\n|poke|p2|Meowstic, L50, M|\n|poke|p2|Scizor, L50, M|\n|teampreview|4\nWrstEGirl rejected open team sheets.\n|inactive|Battle timer is ON: inactive players will automatically lose when time's up. (requested by WrstEGirl)\n|inactive|ImReallyBad2254 has 60 seconds left.\n|\n|t:|1788312579\n|teamsize|p1|4\n|teamsize|p2|4\n|start\n|switch|p1a: Sneasler|Sneasler, L50, M|100/100\n|switch|p1b: Kingambit|Kingambit, L50, M|100/100\n|switch|p2a: Alakazam|Alakazam, L50, M|100/100\n|switch|p2b: Meowstic|Meowstic, L50, M|100/100\n|turn|1\n|\n|t:|1788312602\n|move|p2a: Alakazam|Protect|p2a: Alakazam\n|-singleturn|p2a: Alakazam|Protect\n|move|p1a: Sneasler|Fake Out|p2b: Meowstic\n|-damage|p2b: Meowstic|80/100\n|-status|p2b: Meowstic|psn|[from] ability: Poison Touch|[of] p1a: Sneasler\n|cant|p2b: Meowstic|flinch\n|move|p1b: Kingambit|Swords Dance|p1b: Kingambit\n|-boost|p1b: Kingambit|atk|2\n|\n|-damage|p2b: Meowstic|68/100 psn|[from] psn\n|upkeep\n|turn|2\n|inactive|ImReallyBad2254 has 30 seconds left.\n|inactive|ImReallyBad2254 has 20 seconds left.\n|inactive|ImReallyBad2254 has 15 seconds left.\n|inactive|ImReallyBad2254 has 10 seconds left.\n|\n|t:|1788312649\n|switch|p2a: Garchomp|Garchomp, L50, M|100/100\n|switch|p1a: Delphox|Delphox, L50, F|100/100\n|move|p2b: Meowstic|Gravity|p2b: Meowstic\n|-fieldstart|move: Gravity\n|move|p1b: Kingambit|Kowtow Cleave|p2a: Garchomp\n|-damage|p2a: Garchomp|1/100\n|-damage|p1b: Kingambit|87/100|[from] ability: Rough Skin|[of] p2a: Garchomp\n|\n|-damage|p2b: Meowstic|56/100 psn|[from] psn\n|upkeep\n|turn|3\n|inactive|WrstEGirl has 30 seconds left.\n|inactive|ImReallyBad2254 has 30 seconds left.\n|inactive|WrstEGirl has 20 seconds left.\n|inactive|ImReallyBad2254 has 20 seconds left.\n|inactive|ImReallyBad2254 has 15 seconds left.\n|\n|t:|1788312692\n|switch|p2a: Alakazam|Alakazam, L50, M|100/100\n|detailschange|p1a: Delphox|Delphox-Mega, L50, F\n|-mega|p1a: Delphox|Delphox|Delphoxite\n|move|p2b: Meowstic|Protect|p2b: Meowstic\n|-singleturn|p2b: Meowstic|Protect\n|move|p1b: Kingambit|Sucker Punch||[still]\n|-fail|p1b: Kingambit\n|move|p1a: Delphox|Nasty Plot|p1a: Delphox\n|-boost|p1a: Delphox|spa|2\n|\n|-damage|p2b: Meowstic|44/100 psn|[from] psn\n|upkeep\n|turn|4\n|\n|t:|1788312709\n|detailschange|p2a: Alakazam|Alakazam-Mega, L50, M\n|-mega|p2a: Alakazam|Alakazam|Alakazite\n|-ability|p2a: Alakazam|Levitate|Trace|[from] ability: Trace|[of] p1a: Delphox\n|move|p2b: Meowstic|Psychic Terrain|p2b: Meowstic\n|-fieldstart|move: Psychic Terrain\n|move|p1b: Kingambit|Sucker Punch|p2a: Alakazam\n|-activate|p2a: Alakazam|move: Psychic Terrain\n|move|p2a: Alakazam|Focus Blast|p1b: Kingambit\n|-supereffective|p1b: Kingambit|2\n|-damage|p1b: Kingambit|0 fnt\n|faint|p1b: Kingambit\n|move|p1a: Delphox|Heat Wave|p2a: Alakazam|[spread] p2a,p2b\n|-damage|p2a: Alakazam|2/100\n|-damage|p2b: Meowstic|0 fnt\n|faint|p2b: Meowstic\n|\n|upkeep\n|inactive|ImReallyBad2254 has 30 seconds left.\n|\n|t:|1788312743\n|switch|p2b: Incineroar|Incineroar, L50, F|100/100\n|switch|p1b: Sinistcha|Sinistcha, L50|100/100\n|-ability|p2b: Incineroar|Intimidate|boost\n|-unboost|p1a: Delphox|atk|1\n|-unboost|p1b: Sinistcha|atk|1\n|turn|5\n|\n|t:|1788312766\n|move|p1b: Sinistcha|Rage Powder|p1b: Sinistcha\n|-singleturn|p1b: Sinistcha|move: Rage Powder\n|move|p2a: Alakazam|Shadow Ball|p1b: Sinistcha\n|-supereffective|p1b: Sinistcha|1\n|-crit|p1b: Sinistcha\n|-enditem|p1b: Sinistcha|Kasib Berry|[eat]\n|-enditem|p1b: Sinistcha|Kasib Berry|[weaken]\n|-damage|p1b: Sinistcha|50/100g\n|move|p1a: Delphox|Heat Wave|p2b: Incineroar|[spread] p2a,p2b\n|-resisted|p2b: Incineroar|1\n|-damage|p2a: Alakazam|0 fnt\n|-damage|p2b: Incineroar|65/100\n|faint|p2a: Alakazam\n|move|p2b: Incineroar|Darkest Lariat|p1b: Sinistcha\n|-supereffective|p1b: Sinistcha|1\n|-damage|p1b: Sinistcha|0 fnt\n|faint|p1b: Sinistcha\n|\n|upkeep\n|\n|t:|1788312779\n|switch|p2a: Garchomp|Garchomp, L50, M|1/100\n|switch|p1b: Sneasler|Sneasler, L50, M|100/100\n|turn|6\n|\n|t:|1788312791\n|move|p1a: Delphox|Protect|p1a: Delphox\n|-singleturn|p1a: Delphox|Protect\n|move|p1b: Sneasler|Poison Jab|p2a: Garchomp\n|-resisted|p2a: Garchomp|1\n|-damage|p2a: Garchomp|0 fnt\n|-damage|p1b: Sneasler|87/100|[from] ability: Rough Skin|[of] p2a: Garchomp\n|faint|p2a: Garchomp\n|move|p2b: Incineroar|Darkest Lariat|p1a: Delphox\n|-activate|p1a: Delphox|move: Protect\n|\n|-fieldend|move: Gravity\n|upkeep\n|turn|7\n|\n|t:|1788312803\n|move|p1a: Delphox|Heat Wave|p2b: Incineroar\n|-resisted|p2b: Incineroar|1\n|-damage|p2b: Incineroar|13/100\n|-enditem|p2b: Incineroar|Sitrus Berry|[eat]\n|-heal|p2b: Incineroar|38/100|[from] item: Sitrus Berry\n|move|p1b: Sneasler|Close Combat|p2b: Incineroar\n|-supereffective|p2b: Incineroar|1\n|-damage|p2b: Incineroar|0 fnt\n|-unboost|p1b: Sneasler|def|1\n|-unboost|p1b: Sneasler|spd|1\n|faint|p2b: Incineroar\n|\n|win|WrstEGirl\n|raw|WrstEGirl's rating: 1261 &rarr; <strong>1282</strong><br />(+21 for winning)\n|raw|ImReallyBad2254's rating: 1203 &rarr; <strong>1182</strong><br />(-21 for losing)\n|c|☆WrstEGirl|gg\n|l|☆ImReallyBad2254\n|player|p2|\n","uploadtime":1788312817,"views":"1","formatid":"gen9championsvgc2026regmb","rating":1182,"private":0,"password":null}