{"id":"gen9championsvgc2026regmb-2673952144","format":"[Gen 9 Champions] VGC 2026 Reg M-B","players":["12321q","coohjoh"],"log":"|j|☆12321q\n|j|☆coohjoh\n|t:|1788281083\n|gametype|doubles\n|player|p1|12321q|1|1062\n|player|p2|coohjoh|cynthia-gen4|1033\n|gen|9\n|tier|[Gen 9 Champions] VGC 2026 Reg M-B\n|rated|\n|rule|Species Clause: Limit one of each Pokémon\n|rule|Item Clause: Limit 1 of each item\n|clearpoke\n|poke|p1|Gengar, L50, M, shiny|\n|poke|p1|Farigiraf, L50, M, shiny|\n|poke|p1|Annihilape, L50, M, shiny|\n|poke|p1|Tsareena, L50, F|\n|poke|p1|Incineroar, L50, M, shiny|\n|poke|p1|Kingambit, L50, M, shiny|\n|poke|p2|Raichu, L50, M|\n|poke|p2|Staraptor, L50, M|\n|poke|p2|Sinistcha-Masterpiece, L50|\n|poke|p2|Rotom-Wash, L50|\n|poke|p2|Garchomp, L50, F|\n|poke|p2|Sylveon, L50, F|\n|teampreview|4\n|inactive|Battle timer is ON: inactive players will automatically lose when time's up. (requested by 12321q)\n12321q has agreed to open team sheets.\n|inactive|12321q has 60 seconds left.\n|\n|t:|1788281136\n|teamsize|p1|4\n|teamsize|p2|4\n|start\n|switch|p1a: Tsareena|Tsareena, L50, F|100/100\n|switch|p1b: Annihilape|Annihilape, L50, M, shiny|100/100\n|switch|p2a: Garchomp|Garchomp, L50, F|100/100\n|switch|p2b: Rotom|Rotom-Wash, L50|100/100\n|turn|1\n|inactive|12321q has 30 seconds left.\n|inactive|coohjoh has 30 seconds left.\n|\n|t:|1788281167\n|switch|p2a: Sylveon|Sylveon, L50, F|100/100\n|move|p1b: Annihilape|Rock Slide|p2a: Sylveon|[spread] p2b\n|-miss|p1b: Annihilape|p2a: Sylveon\n|-damage|p2b: Rotom|81/100\n|move|p1a: Tsareena|Bullet Seed|p2b: Rotom\n|-supereffective|p2b: Rotom|1\n|-damage|p2b: Rotom|53/100\n|-supereffective|p2b: Rotom|1\n|-damage|p2b: Rotom|22/100\n|-supereffective|p2b: Rotom|1\n|-damage|p2b: Rotom|0 fnt\n|faint|p2b: Rotom\n|-hitcount|p2: Rotom|3\n|\n|upkeep\n|\n|t:|1788281183\n|switch|p2b: Raichu|Raichu, L50, M|100/100\n|turn|2\n|\n|t:|1788281201\n|detailschange|p2b: Raichu|Raichu-Mega-Y, L50, M\n|-mega|p2b: Raichu|Raichu|Raichunite Y\n|move|p2b: Raichu|Fake Out||[still]\n|cant|p1a: Tsareena|ability: Queenly Majesty|Fake Out|[of] p2b: Raichu\n|move|p1b: Annihilape|Rock Slide|p2a: Sylveon|[spread] p2a,p2b\n|-damage|p2a: Sylveon|76/100\n|-damage|p2b: Raichu|59/100\n|move|p1a: Tsareena|Triple Axel|p2a: Sylveon\n|-damage|p2a: Sylveon|66/100\n|-damage|p2a: Sylveon|50/100y\n|-hitcount|p2a: Sylveon|2\n|move|p2a: Sylveon|Hyper Voice|p1a: Tsareena|[spread] p1a,p1b\n|-supereffective|p1b: Annihilape|1\n|-damage|p1a: Tsareena|56/100\n|-damage|p1b: Annihilape|28/100\n|\n|-heal|p1a: Tsareena|62/100|[from] item: Leftovers\n|upkeep\n|turn|3\n|inactive|12321q has 30 seconds left.\n|\n|t:|1788281230\n|move|p2b: Raichu|Focus Blast|p1a: Tsareena\n|-damage|p1a: Tsareena|13/100\n|move|p1b: Annihilape|Rage Fist|p2b: Raichu\n|-damage|p2b: Raichu|0 fnt\n|faint|p2b: Raichu\n|move|p1a: Tsareena|Triple Axel|p2a: Sylveon\n|-damage|p2a: Sylveon|41/100\n|-damage|p2a: Sylveon|23/100\n|-hitcount|p2a: Sylveon|2\n|move|p2a: Sylveon|Hyper Voice|p1b: Annihilape|[spread] p1a,p1b\n|-supereffective|p1b: Annihilape|1\n|-damage|p1a: Tsareena|0 fnt\n|-damage|p1b: Annihilape|0 fnt\n|faint|p1a: Tsareena\n|faint|p1b: Annihilape\n|\n|upkeep\n|\n|t:|1788281247\n|switch|p2b: Garchomp|Garchomp, L50, F|100/100\n|switch|p1b: Farigiraf|Farigiraf, L50, M, shiny|100/100\n|switch|p1a: Kingambit|Kingambit, L50, M, shiny|100/100\n|turn|4\n|inactive|12321q has 30 seconds left.\n|inactive|12321q has 20 seconds left.\n|inactive|12321q has 15 seconds left.\n|\n|t:|1788281290\n|move|p2a: Sylveon|Detect|p2a: Sylveon\n|-singleturn|p2a: Sylveon|Protect\n|move|p1a: Kingambit|Sucker Punch||[still]\n|-fail|p1a: Kingambit\n|move|p2b: Garchomp|Earthquake|p1a: Kingambit|[spread] p1a,p1b\n|-activate|p2a: Sylveon|move: Protect\n|-supereffective|p1a: Kingambit|1\n|-crit|p1b: Farigiraf\n|-damage|p1a: Kingambit|19/100\n|-damage|p1b: Farigiraf|14/100\n|-enditem|p1b: Farigiraf|Sitrus Berry|[eat]\n|-heal|p1b: Farigiraf|38/100|[from] item: Sitrus Berry\n|-damage|p2b: Garchomp|90/100|[from] item: Life Orb\n|move|p1b: Farigiraf|Trick Room|p1b: Farigiraf\n|-fieldstart|move: Trick Room|[of] p1b: Farigiraf\n|\n|upkeep\n|turn|5\n|inactive|12321q has 30 seconds left.\n|inactive|coohjoh has 30 seconds left.\n|inactive|12321q has 20 seconds left.\n|inactive|coohjoh has 20 seconds left.\n|inactive|coohjoh has 15 seconds left.\n|inactive|coohjoh has 10 seconds left.\n|l|☆coohjoh\n|inactive|coohjoh disconnected and has a minute to reconnect!\n|player|p2|\n|inactive|coohjoh has 5 seconds left.\n|-message|coohjoh lost due to inactivity.\n|\n|win|12321q\n|raw|12321q's rating: 1062 &rarr; <strong>1090</strong><br />(+28 for winning)\n|raw|coohjoh's rating: 1033 &rarr; <strong>1019</strong><br />(-14 for losing)\n","uploadtime":1788281351,"views":"0","formatid":"gen9championsvgc2026regmb","rating":1019,"private":0,"password":null}