{"id":"gen9championsvgc2026regmb-2674355641","format":"[Gen 9 Champions] VGC 2026 Reg M-B","players":["Iamsupermegacool","Shinji Sakura"],"log":"|j|☆Iamsupermegacool\n|j|☆Shinji Sakura\n|t:|1788347800\n|gametype|doubles\n|player|p1|Iamsupermegacool|101|1493\n|player|p2|Shinji Sakura|101|1392\n|gen|9\n|tier|[Gen 9 Champions] VGC 2026 Reg M-B\n|rated|\n|rule|Species Clause: Limit one of each Pokémon\n|rule|Item Clause: Limit 1 of each item\n|clearpoke\n|poke|p1|Froslass, L50, F|\n|poke|p1|Lycanroc-Dusk, L50, F|\n|poke|p1|Kingambit, L50, F|\n|poke|p1|Scovillain, L50, M|\n|poke|p1|Sneasler, L50, F|\n|poke|p1|Basculegion, L50, M|\n|poke|p2|Floette-Eternal, L50, F|\n|poke|p2|Charizard, L50, F|\n|poke|p2|Kingambit, L50, F|\n|poke|p2|Whimsicott, L50, M|\n|poke|p2|Basculegion, L50, M|\n|poke|p2|Garchomp, L50, M|\n|teampreview|4\n|inactive|Battle timer is ON: inactive players will automatically lose when time's up. (requested by Shinji Sakura)\n|inactive|Iamsupermegacool has 60 seconds left.\n|inactive|Shinji Sakura has 60 seconds left.\n|\n|t:|1788347854\n|teamsize|p1|4\n|teamsize|p2|4\n|start\n|switch|p1a: Scovillain|Scovillain, L50, M|100/100\n|switch|p1b: Lycanroc|Lycanroc-Dusk, L50, F|100/100\n|switch|p2a: Basculegion|Basculegion, L50, M|100/100\n|switch|p2b: Whimsicott|Whimsicott, L50, M|100/100\n|turn|1\n|inactive|Iamsupermegacool has 30 seconds left.\n|inactive|Shinji Sakura has 30 seconds left.\n|\n|t:|1788347894\n|switch|p1b: Kingambit|Kingambit, L50, F|100/100\n|move|p1a: Scovillain|Protect|p1a: Scovillain\n|-singleturn|p1a: Scovillain|Protect\n|move|p2b: Whimsicott|Tailwind|p2b: Whimsicott\n|-sidestart|p2: Shinji Sakura|move: Tailwind\n|move|p2a: Basculegion|Wave Crash|p1b: Kingambit\n|-damage|p1b: Kingambit|30/100\n|-damage|p2a: Basculegion|76/100|[from] Recoil\n|\n|-ability|p1a: Scovillain|Moody|boost\n|-boost|p1a: Scovillain|atk|2\n|-unboost|p1a: Scovillain|spe|1\n|upkeep\n|turn|2\n|inactive|Iamsupermegacool has 30 seconds left.\n|inactive|Iamsupermegacool has 20 seconds left.\n|inactive|Iamsupermegacool has 15 seconds left.\n|inactive|Iamsupermegacool has 10 seconds left.\n|inactive|Shinji Sakura has 30 seconds left.\n|\n|t:|1788347942\n|detailschange|p1a: Scovillain|Scovillain-Mega, L50, M\n|-mega|p1a: Scovillain|Scovillain|Scovillainite\n|move|p2b: Whimsicott|Encore|p1a: Scovillain\n|-start|p1a: Scovillain|Encore\n|move|p1a: Scovillain|Protect|p1a: Scovillain\n|-singleturn|p1a: Scovillain|Protect\n|move|p2a: Basculegion|Aqua Jet|p1b: Kingambit\n|-damage|p1b: Kingambit|7/100\n|move|p1b: Kingambit|Sucker Punch||[still]\n|-fail|p1b: Kingambit\n|\n|upkeep\n|turn|3\n|\n|t:|1788347964\n|switch|p1a: Lycanroc|Lycanroc-Dusk, L50, F|100/100\n|move|p1b: Kingambit|Protect|p1b: Kingambit\n|-singleturn|p1b: Kingambit|Protect\n|move|p2a: Basculegion|Aqua Jet|p1b: Kingambit\n|-activate|p1b: Kingambit|move: Protect\n|move|p2b: Whimsicott|Moonblast|p1a: Lycanroc\n|-damage|p1a: Lycanroc|41/100\n|-unboost|p1a: Lycanroc|spa|1\n|\n|upkeep\n|turn|4\n|\n|t:|1788347988\n|switch|p1b: Scovillain|Scovillain-Mega, L50, M|100/100\n|move|p2a: Basculegion|Aqua Jet|p1a: Lycanroc\n|-supereffective|p1a: Lycanroc|1\n|-damage|p1a: Lycanroc|0 fnt\n|faint|p1a: Lycanroc\n|move|p2b: Whimsicott|Moonblast|p1b: Scovillain\n|-resisted|p1b: Scovillain|1\n|-damage|p1b: Scovillain|80/100\n|-unboost|p1b: Scovillain|spa|1\n|-status|p2b: Whimsicott|brn|[from] ability: Spicy Spray|[of] p1b: Scovillain\n|\n|-damage|p2b: Whimsicott|94/100 brn|[from] brn\n|-sideend|p2: Shinji Sakura|move: Tailwind\n|upkeep\n|\n|t:|1788348000\n|switch|p1a: Kingambit|Kingambit, L50, F|7/100\n|turn|5\n|\n|t:|1788348006\n|move|p2a: Basculegion|Protect|p2a: Basculegion\n|-singleturn|p2a: Basculegion|Protect\n|move|p1b: Scovillain|Rage Powder|p1b: Scovillain\n|-singleturn|p1b: Scovillain|move: Rage Powder\n|move|p2b: Whimsicott|Tailwind|p2b: Whimsicott\n|-sidestart|p2: Shinji Sakura|move: Tailwind\n|move|p1a: Kingambit|Kowtow Cleave|p2a: Basculegion\n|-activate|p2a: Basculegion|move: Protect\n|\n|-damage|p2b: Whimsicott|88/100 brn|[from] brn\n|upkeep\n|turn|6\n|\n|t:|1788348018\n|move|p1b: Scovillain|Rage Powder|p1b: Scovillain\n|-singleturn|p1b: Scovillain|move: Rage Powder\n|move|p2b: Whimsicott|Moonblast|p1a: Kingambit\n|-damage|p1a: Kingambit|0 fnt\n|faint|p1a: Kingambit\n|move|p2a: Basculegion|Wave Crash|p1b: Scovillain\n|-damage|p1b: Scovillain|0 fnt\n|-status|p2a: Basculegion|brn|[from] ability: Spicy Spray|[of] p1b: Scovillain\n|faint|p1b: Scovillain\n|-damage|p2a: Basculegion|54/100 brn|[from] Recoil\n|\n|-damage|p2b: Whimsicott|82/100 brn|[from] brn\n|-damage|p2a: Basculegion|48/100 brn|[from] brn\n|upkeep\n|\n|t:|1788348025\n|switch|p1a: Sneasler|Sneasler, L50, F|100/100\n|turn|7\n|c|☆Shinji Sakura|gg\n|\n|t:|1788348035\n|move|p2b: Whimsicott|Protect|p2b: Whimsicott\n|-singleturn|p2b: Whimsicott|Protect\n|move|p2a: Basculegion|Protect|p2a: Basculegion\n|-singleturn|p2a: Basculegion|Protect\n|move|p1a: Sneasler|Dire Claw|p2b: Whimsicott\n|-activate|p2b: Whimsicott|move: Protect\n|\n|-damage|p2b: Whimsicott|76/100 brn|[from] brn\n|-damage|p2a: Basculegion|42/100 brn|[from] brn\n|upkeep\n|turn|8\n|\n|t:|1788348046\n|move|p2b: Whimsicott|Moonblast|p1a: Sneasler\n|-damage|p1a: Sneasler|54/100\n|-unboost|p1a: Sneasler|spa|1\n|-enditem|p1a: Sneasler|White Herb\n|-clearnegativeboost|p1a: Sneasler|[silent]\n|move|p1a: Sneasler|Dire Claw|p2b: Whimsicott\n|-supereffective|p2b: Whimsicott|2\n|-damage|p2b: Whimsicott|0 fnt\n|faint|p2b: Whimsicott\n|move|p2a: Basculegion|Wave Crash|p1a: Sneasler\n|-damage|p1a: Sneasler|0 fnt\n|faint|p1a: Sneasler\n|-damage|p2a: Basculegion|28/100 brn|[from] Recoil\n|\n|win|Shinji Sakura\n|raw|Iamsupermegacool's rating: 1493 &rarr; <strong>1467</strong><br />(-26 for losing)\n|raw|Shinji Sakura's rating: 1392 &rarr; <strong>1418</strong><br />(+26 for winning)\n|l|☆Shinji Sakura\n|player|p2|\n","uploadtime":1788348059,"views":"10","formatid":"gen9championsvgc2026regmb","rating":1418,"private":0,"password":null}