{"id":"gen9championsvgc2026regmbbo3-2674519584","format":"[Gen 9 Champions] VGC 2026 Reg M-B (Bo3)","players":["Aikong","FatherPenguin"],"log":"|j|☆Aikong\n|j|☆FatherPenguin\n|html|<table width=\"100%\"><tr><td align=\"left\">Aikong</td><td align=\"right\">FatherPenguin</tr><tr><td align=\"left\"><i class=\"fa fa-circle-o\"></i> <i class=\"fa fa-circle-o\"></i> </td><td align=\"right\"><i class=\"fa fa-circle-o\"></i> <i class=\"fa fa-circle\"></i> </tr></table>\n|uhtml|bestof|<h2><strong>Game 2</strong> of <a href=\"/game-bestof3-gen9championsvgc2026regmbbo3-2674516731\">a best-of-3</a></h2>\n|t:|1788369373\n|gametype|doubles\n|player|p1|Aikong|102|1269\n|player|p2|FatherPenguin|acetrainersnow|1218\n|gen|9\n|tier|[Gen 9 Champions] VGC 2026 Reg M-B (Bo3)\n|rated|\n|rule|Species Clause: Limit one of each Pokémon\n|rule|Item Clause: Limit 1 of each item\n|clearpoke\n|poke|p1|Umbreon, L50, M, shiny|\n|poke|p1|Feraligatr, L50, F, shiny|\n|poke|p1|Sneasler, L50, M, shiny|\n|poke|p1|Incineroar, L50, M|\n|poke|p1|Metagross, L50, shiny|\n|poke|p1|Sinistcha-Masterpiece, L50|\n|poke|p2|Sneasler, L50, M|\n|poke|p2|Blastoise, L50, M|\n|poke|p2|Kingambit, L50, M|\n|poke|p2|Incineroar, L50, M|\n|poke|p2|Delphox, L50, F|\n|poke|p2|Sinistcha, L50|\n|teampreview|4\n|showteam|p1|Umbreon||Leftovers|InnerFocus|Detect,FoulPlay,Snarl,Yawn|Bold||M|||50|]Feraligatr||Feraligite|SheerForce|DragonDance,Liquidation,Facade,Protect|Adamant||F|||50|]Sneasler||FocusSash|Unburden|FakeOut,Coaching,CloseCombat,DireClaw|Jolly||M|||50|]Incineroar||LifeOrb|Intimidate|FakeOut,FlareBlitz,PartingShot,DarkestLariat|Adamant||M|||50|]Metagross||Metagrossite|ClearBody|CosmicPower,BodyPress,PsychicFangs,Protect|Impish|||||50|]Sinistcha-Masterpiece||SitrusBerry|Hospitality|MatchaGotcha,TrickRoom,Protect,RagePowder|Bold|||||50|\n|showteam|p2|Sneasler||FocusSash|PoisonTouch|PoisonJab,CloseCombat,FakeOut,QuickGuard|Jolly||M|||50|]Blastoise||Blastoisinite|RainDish|DarkPulse,WaterSpout,ShellSmash,Protect|Modest||M|||50|]Kingambit||LifeOrb|Defiant|KowtowCleave,SuckerPunch,SwordsDance,Protect|Adamant||M|||50|]Incineroar||SitrusBerry|Intimidate|FlareBlitz,ThroatChop,PartingShot,FakeOut|Careful||M|||50|]Delphox||Delphoxite|Blaze|HeatWave,NastyPlot,Psychic,Protect|Timid||F|||50|]Sinistcha||ColburBerry|Hospitality|MatchaGotcha,RagePowder,TrickRoom,Protect|Bold|||||50|\n|inactive|Battle timer is ON: inactive players will automatically lose when time's up. (requested by FatherPenguin)\n|inactive|FatherPenguin has 60 seconds left.\n|\n|t:|1788369422\n|teamsize|p1|4\n|teamsize|p2|4\n|start\n|switch|p1a: Incineroar|Incineroar, L50, M|100/100\n|switch|p1b: Feraligatr|Feraligatr, L50, F, shiny|100/100\n|switch|p2a: Incineroar|Incineroar, L50, M|100/100\n|switch|p2b: Delphox|Delphox, L50, F|100/100\n|-ability|p2a: Incineroar|Intimidate|boost\n|-unboost|p1a: Incineroar|atk|1\n|-unboost|p1b: Feraligatr|atk|1\n|-ability|p1a: Incineroar|Intimidate|boost\n|-unboost|p2a: Incineroar|atk|1\n|-unboost|p2b: Delphox|atk|1\n|turn|1\n|inactive|FatherPenguin has 30 seconds left.\n|\n|t:|1788369448\n|detailschange|p2b: Delphox|Delphox-Mega, L50, F\n|-mega|p2b: Delphox|Delphox|Delphoxite\n|detailschange|p1b: Feraligatr|Feraligatr-Mega, L50, F, shiny\n|-mega|p1b: Feraligatr|Feraligatr|Feraligite\n|move|p2a: Incineroar|Fake Out|p1b: Feraligatr\n|-damage|p1b: Feraligatr|93/100\n|move|p2b: Delphox|Nasty Plot|p2b: Delphox\n|-boost|p2b: Delphox|spa|2\n|cant|p1b: Feraligatr|flinch\n|move|p1a: Incineroar|Darkest Lariat|p2b: Delphox\n|-supereffective|p2b: Delphox|1\n|-damage|p2b: Delphox|0 fnt\n|faint|p2b: Delphox\n|-damage|p1a: Incineroar|90/100|[from] item: Life Orb\n|\n|upkeep\n|\n|t:|1788369464\n|switch|p2b: Sneasler|Sneasler, L50, M|100/100\n|turn|2\n|inactive|Aikong has 30 seconds left.\n|inactive|FatherPenguin has 30 seconds left.\n|\n|t:|1788369492\n|switch|p1a: Umbreon|Umbreon, L50, M, shiny|100/100\n|move|p2b: Sneasler|Close Combat|p1a: Umbreon\n|-supereffective|p1a: Umbreon|1\n|-damage|p1a: Umbreon|24/100\n|-unboost|p2b: Sneasler|def|1\n|-unboost|p2b: Sneasler|spd|1\n|move|p1b: Feraligatr|Dragon Dance|p1b: Feraligatr\n|-boost|p1b: Feraligatr|atk|1\n|-boost|p1b: Feraligatr|spe|1\n|move|p2a: Incineroar|Parting Shot|p1b: Feraligatr\n|-unboost|p1b: Feraligatr|atk|1\n|-unboost|p1b: Feraligatr|spa|1\n|\n|t:|1788369504\n|switch|p2a: Kingambit|Kingambit, L50, M|100/100|[from] Parting Shot\n|\n|-heal|p1a: Umbreon|30/100|[from] item: Leftovers\n|upkeep\n|turn|3\n|\n|t:|1788369527\n|move|p1b: Feraligatr|Liquidation|p2b: Sneasler\n|-crit|p2b: Sneasler\n|-enditem|p2b: Sneasler|Focus Sash\n|-damage|p2b: Sneasler|1/100\n|move|p2b: Sneasler|Poison Jab|p1b: Feraligatr\n|-damage|p1b: Feraligatr|52/100\n|-status|p1b: Feraligatr|psn\n|move|p1a: Umbreon|Yawn|p2a: Kingambit\n|-start|p2a: Kingambit|move: Yawn|[of] p1a: Umbreon\n|move|p2a: Kingambit|Kowtow Cleave|p1b: Feraligatr\n|-damage|p1b: Feraligatr|0 fnt\n|faint|p1b: Feraligatr\n|-damage|p2a: Kingambit|90/100|[from] item: Life Orb\n|\n|-heal|p1a: Umbreon|36/100|[from] item: Leftovers\n|upkeep\n|\n|t:|1788369543\n|switch|p1b: Sinistcha|Sinistcha-Masterpiece, L50|100/100\n|-heal|p1a: Umbreon|61/100|[from] ability: Hospitality|[of] p1b: Sinistcha\n|turn|4\n|inactive|Aikong has 30 seconds left.\n|\n|t:|1788369570\n|switch|p2a: Incineroar|Incineroar, L50, M|100/100\n|-ability|p2a: Incineroar|Intimidate|boost\n|-fail|p1a: Umbreon|unboost|atk|[from] ability: Inner Focus|[of] p1a: Umbreon\n|-unboost|p1b: Sinistcha|atk|1\n|move|p2b: Sneasler|Poison Jab|p1a: Umbreon\n|-damage|p1a: Umbreon|35/100\n|-status|p1a: Umbreon|psn\n|move|p1a: Umbreon|Foul Play|p2b: Sneasler\n|-resisted|p2b: Sneasler|1\n|-damage|p2b: Sneasler|0 fnt\n|faint|p2b: Sneasler\n|move|p1b: Sinistcha|Trick Room|p1b: Sinistcha\n|-fieldstart|move: Trick Room|[of] p1b: Sinistcha\n|\n|-heal|p1a: Umbreon|41/100 psn|[from] item: Leftovers\n|-damage|p1a: Umbreon|29/100 psn|[from] psn\n|upkeep\n|\n|t:|1788369585\n|switch|p2b: Kingambit|Kingambit, L50, M|90/100\n|turn|5\n|\n|t:|1788369595\n|move|p2b: Kingambit|Swords Dance|p2b: Kingambit\n|-boost|p2b: Kingambit|atk|2\n|move|p1a: Umbreon|Yawn|p2b: Kingambit\n|-start|p2b: Kingambit|move: Yawn|[of] p1a: Umbreon\n|move|p1b: Sinistcha|Matcha Gotcha|p2b: Kingambit|[spread] p2a,p2b\n|-resisted|p2a: Incineroar|1\n|-resisted|p2b: Kingambit|1\n|-damage|p2a: Incineroar|90/100\n|-damage|p2b: Kingambit|78/100\n|move|p2a: Incineroar|Flare Blitz|p1a: Umbreon\n|-damage|p1a: Umbreon|0 fnt\n|faint|p1a: Umbreon\n|-damage|p2a: Incineroar|81/100|[from] Recoil\n|\n|upkeep\n|\n|t:|1788369607\n|switch|p1a: Incineroar|Incineroar, L50, M|90/100\n|-ability|p1a: Incineroar|Intimidate|boost\n|-unboost|p2a: Incineroar|atk|1\n|-unboost|p2b: Kingambit|atk|1\n|-ability|p2b: Kingambit|Defiant|boost\n|-boost|p2b: Kingambit|atk|2\n|turn|6\n|\n|t:|1788369625\n|move|p2b: Kingambit|Protect|p2b: Kingambit\n|-singleturn|p2b: Kingambit|Protect\n|move|p1a: Incineroar|Fake Out|p2b: Kingambit\n|-activate|p2b: Kingambit|move: Protect\n|move|p1b: Sinistcha|Matcha Gotcha|p2a: Incineroar|[spread] p2a\n|-activate|p2b: Kingambit|move: Protect\n|-resisted|p2a: Incineroar|1\n|-damage|p2a: Incineroar|70/100\n|move|p2a: Incineroar|Parting Shot|p1a: Incineroar\n|-unboost|p1a: Incineroar|atk|1\n|-unboost|p1a: Incineroar|spa|1\n|\n|-end|p2b: Kingambit|move: Yawn|[silent]\n|-status|p2b: Kingambit|slp\n|upkeep\n|turn|7\n|\n|t:|1788369642\n|cant|p2b: Kingambit|slp\n|move|p1a: Incineroar|Flare Blitz|p2b: Kingambit\n|-supereffective|p2b: Kingambit|1\n|-damage|p2b: Kingambit|0 fnt\n|faint|p2b: Kingambit\n|-damage|p1a: Incineroar|63/100|[from] Recoil\n|-damage|p1a: Incineroar|53/100|[from] item: Life Orb\n|move|p1b: Sinistcha|Matcha Gotcha|p2a: Incineroar\n|-resisted|p2a: Incineroar|1\n|-damage|p2a: Incineroar|57/100\n|move|p2a: Incineroar|Parting Shot|p1a: Incineroar\n|-unboost|p1a: Incineroar|atk|1\n|-unboost|p1a: Incineroar|spa|1\n|\n|upkeep\n|turn|8\n|\n|t:|1788369660\n|move|p1a: Incineroar|Darkest Lariat|p2a: Incineroar\n|-resisted|p2a: Incineroar|1\n|-damage|p2a: Incineroar|43/100\n|-enditem|p2a: Incineroar|Sitrus Berry|[eat]\n|-heal|p2a: Incineroar|68/100|[from] item: Sitrus Berry\n|-damage|p1a: Incineroar|44/100|[from] item: Life Orb\n|move|p1b: Sinistcha|Matcha Gotcha|p2a: Incineroar\n|-resisted|p2a: Incineroar|1\n|-damage|p2a: Incineroar|55/100\n|move|p2a: Incineroar|Throat Chop|p1b: Sinistcha\n|-supereffective|p1b: Sinistcha|1\n|-damage|p1b: Sinistcha|66/100\n|-start|p1b: Sinistcha|Throat Chop|[silent]\n|\n|-fieldend|move: Trick Room\n|upkeep\n|turn|9\n|\n|t:|1788369679\n|move|p2a: Incineroar|Parting Shot|p1a: Incineroar\n|-unboost|p1a: Incineroar|atk|1\n|-unboost|p1a: Incineroar|spa|1\n|move|p1b: Sinistcha|Matcha Gotcha|p2a: Incineroar\n|-resisted|p2a: Incineroar|1\n|-damage|p2a: Incineroar|42/100\n|-heal|p1b: Sinistcha|73/100|[from] drain|[of] p2a: Incineroar\n|move|p1a: Incineroar|Darkest Lariat|p2a: Incineroar\n|-resisted|p2a: Incineroar|1\n|-damage|p2a: Incineroar|31/100\n|-damage|p1a: Incineroar|34/100|[from] item: Life Orb\n|\n|-end|p1b: Sinistcha|Throat Chop|[silent]\n|upkeep\n|turn|10\n|\n|t:|1788369706\n|move|p2a: Incineroar|Flare Blitz|p1b: Sinistcha\n|-supereffective|p1b: Sinistcha|1\n|-damage|p1b: Sinistcha|28/100\n|-enditem|p1b: Sinistcha|Sitrus Berry|[eat]\n|-heal|p1b: Sinistcha|53/100|[from] item: Sitrus Berry\n|-damage|p2a: Incineroar|18/100|[from] Recoil\n|move|p1b: Sinistcha|Matcha Gotcha|p2a: Incineroar\n|-resisted|p2a: Incineroar|1\n|-damage|p2a: Incineroar|6/100\n|-heal|p1b: Sinistcha|60/100|[from] drain|[of] p2a: Incineroar\n|move|p1a: Incineroar|Flare Blitz|p2a: Incineroar\n|-resisted|p2a: Incineroar|1\n|-damage|p2a: Incineroar|0 fnt\n|faint|p2a: Incineroar\n|-damage|p1a: Incineroar|32/100|[from] Recoil\n|-damage|p1a: Incineroar|22/100|[from] item: Life Orb\n|\n|win|Aikong\n|inactive|Aikong has 30 seconds to confirm battle start!\n|inactive|FatherPenguin has 30 seconds to confirm battle start!\n||Aikong is ready for game 3.\n","uploadtime":1788369723,"views":"0","formatid":"gen9championsvgc2026regmbbo3","rating":null,"private":0,"password":null}