{"id":"gen9championsvgc2026regmbbo3-2674692816","format":"[Gen 9 Champions] VGC 2026 Reg M-B (Bo3)","players":["idk_mizuki","wizl_oo"],"log":"|j|☆idk_mizuki\n|j|☆wizl_oo\n|html|<table width=\"100%\"><tr><td align=\"left\">idk_mizuki</td><td align=\"right\">wizl_oo</tr><tr><td align=\"left\"><i class=\"fa fa-circle\"></i> <i class=\"fa fa-circle-o\"></i> </td><td align=\"right\"><i class=\"fa fa-circle-o\"></i> <i class=\"fa fa-circle\"></i> </tr></table>\n|uhtml|bestof|<h2><strong>Game 3</strong> of <a href=\"/game-bestof3-gen9championsvgc2026regmbbo3-2674688172\">a best-of-3</a></h2>\n|t:|1788391446\n|gametype|doubles\n|player|p1|idk_mizuki|dawn|\n|player|p2|wizl_oo|hilda|\n|gen|9\n|tier|[Gen 9 Champions] VGC 2026 Reg M-B (Bo3)\n|rule|Species Clause: Limit one of each Pokémon\n|rule|Item Clause: Limit 1 of each item\n|clearpoke\n|poke|p1|Froslass, L50, F|\n|poke|p1|Sinistcha, L50|\n|poke|p1|Annihilape, L50, M|\n|poke|p1|Whimsicott, L50, F|\n|poke|p1|Rotom-Wash, L50|\n|poke|p1|Ninetales-Alola, L50, M|\n|poke|p2|Raichu, L50, F|\n|poke|p2|Staraptor, L50, M|\n|poke|p2|Ninetales-Alola, L50, F|\n|poke|p2|Ceruledge, L50, F|\n|poke|p2|Meowscarada, L50, F|\n|poke|p2|Milotic, L50, M|\n|teampreview|4\n|showteam|p1|Froslass||Froslassite|SnowCloak|AuroraVeil,Blizzard,Protect,ShadowBall|Modest||F|||50|]Sinistcha||Leftovers|Hospitality|LifeDew,MatchaGotcha,Protect,RagePowder|Modest|||||50|]Annihilape||LifeOrb|Defiant|CloseCombat,GunkShot,ShadowClaw,Protect|Adamant||M|||50|]Whimsicott||FocusSash|Prankster|Moonblast,Protect,Tailwind,Encore|Modest||F|||50|]Rotom-Wash||SitrusBerry|Levitate|HydroPump,VoltSwitch,Protect,WillOWisp|Modest|||||50|]Ninetales-Alola||IcyRock|SnowWarning|AuroraVeil,Blizzard,DazzlingGleam,Protect|Modest||M|||50|\n|showteam|p2|Raichu||RaichuniteY|Static|ZapCannon,FakeOut,FocusBlast,Protect|Timid||F|||50|]Staraptor||Staraptite|Intimidate|CloseCombat,BraveBird,Roost,Protect|Jolly||M|||50|]Ninetales-Alola||LightClay|SnowWarning|Blizzard,FreezeDry,AuroraVeil,Protect|Timid||F|||50|]Ceruledge||ColburBerry|FlashFire|BitterBlade,ShadowSneak,BulkUp,Protect|Adamant||F|||50|]Meowscarada||FocusSash|Protean|FlowerTrick,KnockOff,SuckerPunch,Protect|Jolly||F|||50|]Milotic||Leftovers|Competitive|MuddyWater,Hypnosis,Coil,Recover|Calm||M|||50|\n|\n|t:|1788391484\n|teamsize|p1|4\n|teamsize|p2|4\n|start\n|switch|p1a: Froslass|Froslass, L50, F|100/100\n|switch|p1b: Whimsicott|Whimsicott, L50, F|100/100\n|switch|p2a: Ceruledge|Ceruledge, L50, F|100/100\n|switch|p2b: Raichu|Raichu, L50, F|100/100\n|turn|1\n|inactive|Battle timer is ON: inactive players will automatically lose when time's up. (requested by idk_mizuki)\n|\n|t:|1788391527\n|detailschange|p1a: Froslass|Froslass-Mega, L50, F\n|-mega|p1a: Froslass|Froslass|Froslassite\n|-weather|Snowscape|[from] ability: Snow Warning|[of] p1a: Froslass\n|move|p2a: Ceruledge|Protect|p2a: Ceruledge\n|-singleturn|p2a: Ceruledge|Protect\n|move|p2b: Raichu|Fake Out|p1b: Whimsicott\n|-damage|p1b: Whimsicott|87/100\n|cant|p1b: Whimsicott|flinch\n|move|p1a: Froslass|Shadow Ball|p2a: Ceruledge\n|-activate|p2a: Ceruledge|move: Protect\n|\n|-weather|Snowscape|[upkeep]\n|upkeep\n|turn|2\n|\n|t:|1788391548\n|move|p1b: Whimsicott|Encore|p2a: Ceruledge\n|-start|p2a: Ceruledge|Encore\n|move|p2a: Ceruledge|Protect|p2a: Ceruledge\n|-singleturn|p2a: Ceruledge|Protect\n|move|p2b: Raichu|Zap Cannon|p1b: Whimsicott\n|-resisted|p1b: Whimsicott|1\n|-damage|p1b: Whimsicott|45/100\n|-status|p1b: Whimsicott|par\n|move|p1a: Froslass|Aurora Veil|p1a: Froslass\n|-sidestart|p1: idk_mizuki|move: Aurora Veil\n|\n|-weather|Snowscape|[upkeep]\n|upkeep\n|turn|3\n|\n|t:|1788391559\n|switch|p2a: Ninetales|Ninetales-Alola, L50, F|100/100\n|move|p1b: Whimsicott|Protect|p1b: Whimsicott\n|-singleturn|p1b: Whimsicott|Protect\n|move|p2b: Raichu|Zap Cannon|p1a: Froslass|[miss]\n|-miss|p2b: Raichu|p1a: Froslass\n|move|p1a: Froslass|Shadow Ball|p2a: Ninetales\n|-damage|p2a: Ninetales|45/100\n|\n|-weather|Snowscape|[upkeep]\n|upkeep\n|turn|4\n|\n|t:|1788391577\n|detailschange|p2b: Raichu|Raichu-Mega-Y, L50, F\n|-mega|p2b: Raichu|Raichu|Raichunite Y\n|cant|p1b: Whimsicott|par\n|move|p2b: Raichu|Zap Cannon|p1a: Froslass\n|-damage|p1a: Froslass|44/100\n|-status|p1a: Froslass|par\n|move|p2a: Ninetales|Blizzard|p1b: Whimsicott|[spread] p1a,p1b\n|-resisted|p1a: Froslass|1\n|-supereffective|p1b: Whimsicott|1\n|-crit|p1b: Whimsicott\n|-damage|p1a: Froslass|31/100 par\n|-damage|p1b: Whimsicott|0 fnt\n|faint|p1b: Whimsicott\n|move|p1a: Froslass|Shadow Ball|p2a: Ninetales\n|-crit|p2a: Ninetales\n|-damage|p2a: Ninetales|0 fnt\n|faint|p2a: Ninetales\n|\n|-weather|Snowscape|[upkeep]\n|upkeep\n|\n|t:|1788391596\n|switch|p2a: Ceruledge|Ceruledge, L50, F|100/100\n|switch|p1b: Annihilape|Annihilape, L50, M|100/100\n|turn|5\n|\n|t:|1788391616\n|move|p2a: Ceruledge|Shadow Sneak|p1b: Annihilape\n|-supereffective|p1b: Annihilape|1\n|-damage|p1b: Annihilape|63/100\n|move|p2b: Raichu|Zap Cannon|p1b: Annihilape\n|-damage|p1b: Annihilape|13/100\n|-status|p1b: Annihilape|par\n|cant|p1a: Froslass|par\n|move|p1b: Annihilape|Close Combat|p2b: Raichu\n|-damage|p2b: Raichu|0 fnt\n|-unboost|p1b: Annihilape|def|1\n|-unboost|p1b: Annihilape|spd|1\n|faint|p2b: Raichu\n|-damage|p1b: Annihilape|4/100 par|[from] item: Life Orb\n|\n|-weather|none\n|upkeep\n|\n|t:|1788391620\n|switch|p2b: Milotic|Milotic, L50, M|100/100\n|turn|6\n|\n|t:|1788391642\n|move|p1a: Froslass|Protect|p1a: Froslass\n|-singleturn|p1a: Froslass|Protect\n|move|p1b: Annihilape|Protect|p1b: Annihilape\n|-singleturn|p1b: Annihilape|Protect\n|move|p2a: Ceruledge|Bulk Up|p2a: Ceruledge\n|-boost|p2a: Ceruledge|atk|1\n|-boost|p2a: Ceruledge|def|1\n|move|p2b: Milotic|Muddy Water|p1b: Annihilape|[spread] \n|-activate|p1a: Froslass|move: Protect\n|-activate|p1b: Annihilape|move: Protect\n|\n|-sideend|p1: idk_mizuki|move: Aurora Veil\n|upkeep\n|turn|7\n|\n|t:|1788391660\n|switch|p1a: Rotom|Rotom-Wash, L50|100/100\n|move|p2a: Ceruledge|Shadow Sneak|p1b: Annihilape\n|-supereffective|p1b: Annihilape|1\n|-damage|p1b: Annihilape|0 fnt\n|faint|p1b: Annihilape\n|move|p2b: Milotic|Muddy Water|p1a: Rotom|[miss]\n|-miss|p2b: Milotic|p1a: Rotom\n|\n|upkeep\n|\n|t:|1788391664\n|switch|p1b: Froslass|Froslass-Mega, L50, F|31/100 par\n|-weather|Snowscape|[from] ability: Snow Warning|[of] p1b: Froslass\n|turn|8\n|\n|t:|1788391677\n|move|p1b: Froslass|Protect|p1b: Froslass\n|-singleturn|p1b: Froslass|Protect\n|move|p1a: Rotom|Hydro Pump|p2a: Ceruledge\n|-supereffective|p2a: Ceruledge|1\n|-damage|p2a: Ceruledge|14/100\n|move|p2a: Ceruledge|Bitter Blade|p1b: Froslass\n|-activate|p1b: Froslass|move: Protect\n|move|p2b: Milotic|Hypnosis|p1a: Rotom\n|-status|p1a: Rotom|slp|[from] move: Hypnosis\n|\n|-weather|Snowscape|[upkeep]\n|upkeep\n|turn|9\n|\n|t:|1788391696\n|move|p2a: Ceruledge|Protect|p2a: Ceruledge\n|-singleturn|p2a: Ceruledge|Protect\n|cant|p1a: Rotom|slp\n|move|p2b: Milotic|Coil|p2b: Milotic\n|-boost|p2b: Milotic|atk|1\n|-boost|p2b: Milotic|def|1\n|-boost|p2b: Milotic|accuracy|1\n|move|p1b: Froslass|Blizzard|p2a: Ceruledge|[spread] p2b\n|-activate|p2a: Ceruledge|move: Protect\n|-resisted|p2b: Milotic|1\n|-damage|p2b: Milotic|85/100\n|\n|-weather|Snowscape|[upkeep]\n|-heal|p2b: Milotic|91/100|[from] item: Leftovers\n|upkeep\n|turn|10\n|inactive|wizl_oo has 30 seconds left.\n|inactive|wizl_oo has 20 seconds left.\n|inactive|wizl_oo has 15 seconds left.\n|\n|t:|1788391737\n|-curestatus|p1a: Rotom|slp|[msg]\n|move|p1a: Rotom|Volt Switch|p2b: Milotic\n|-supereffective|p2b: Milotic|1\n|-damage|p2b: Milotic|61/100\n|move|p2a: Ceruledge|Bitter Blade|p1b: Froslass\n|-supereffective|p1b: Froslass|1\n|-damage|p1b: Froslass|0 fnt\n|-heal|p2a: Ceruledge|30/100|[from] drain|[of] p1b: Froslass\n|faint|p1b: Froslass\n|move|p2b: Milotic|Coil|p2b: Milotic\n|-boost|p2b: Milotic|atk|1\n|-boost|p2b: Milotic|def|1\n|-boost|p2b: Milotic|accuracy|1\n|\n|-weather|Snowscape|[upkeep]\n|-heal|p2b: Milotic|67/100|[from] item: Leftovers\n|upkeep\n|turn|11\n|\n|t:|1788391749\n|move|p2a: Ceruledge|Protect|p2a: Ceruledge\n|-singleturn|p2a: Ceruledge|Protect\n|move|p1a: Rotom|Hydro Pump|p2a: Ceruledge\n|-activate|p2a: Ceruledge|move: Protect\n|move|p2b: Milotic|Hypnosis|p1a: Rotom\n|-status|p1a: Rotom|slp|[from] move: Hypnosis\n|\n|-weather|Snowscape|[upkeep]\n|-heal|p2b: Milotic|73/100|[from] item: Leftovers\n|upkeep\n|turn|12\n|\n|t:|1788391761\n|move|p2a: Ceruledge|Shadow Sneak|p1a: Rotom\n|-damage|p1a: Rotom|63/100 slp\n|cant|p1a: Rotom|slp\n|move|p2b: Milotic|Muddy Water|p1a: Rotom\n|-resisted|p1a: Rotom|1\n|-damage|p1a: Rotom|46/100 slp\n|-enditem|p1a: Rotom|Sitrus Berry|[eat]\n|-heal|p1a: Rotom|71/100 slp|[from] item: Sitrus Berry\n|\n|-weather|none\n|-heal|p2b: Milotic|79/100|[from] item: Leftovers\n|upkeep\n|turn|13\n|\n|t:|1788391784\n|move|p2a: Ceruledge|Protect|p2a: Ceruledge\n|-singleturn|p2a: Ceruledge|Protect\n|cant|p1a: Rotom|slp\n|move|p2b: Milotic|Coil|p2b: Milotic\n|-boost|p2b: Milotic|atk|1\n|-boost|p2b: Milotic|def|1\n|-boost|p2b: Milotic|accuracy|1\n|\n|-heal|p2b: Milotic|85/100|[from] item: Leftovers\n|upkeep\n|turn|14\n|\n|t:|1788391796\n|-curestatus|p1a: Rotom|slp|[msg]\n|move|p1a: Rotom|Hydro Pump|p2a: Ceruledge\n|-supereffective|p2a: Ceruledge|1\n|-damage|p2a: Ceruledge|0 fnt\n|faint|p2a: Ceruledge\n|move|p2b: Milotic|Coil|p2b: Milotic\n|-boost|p2b: Milotic|atk|1\n|-boost|p2b: Milotic|def|1\n|-boost|p2b: Milotic|accuracy|1\n|\n|-heal|p2b: Milotic|91/100|[from] item: Leftovers\n|upkeep\n|turn|15\n|\n|t:|1788391802\n|move|p1a: Rotom|Volt Switch|p2b: Milotic\n|-supereffective|p2b: Milotic|1\n|-damage|p2b: Milotic|60/100\n|move|p2b: Milotic|Hypnosis|p1a: Rotom\n|-status|p1a: Rotom|slp|[from] move: Hypnosis\n|\n|-heal|p2b: Milotic|66/100|[from] item: Leftovers\n|upkeep\n|turn|16\n|\n|t:|1788391809\n|cant|p1a: Rotom|slp\n|move|p2b: Milotic|Recover|p2b: Milotic\n|-heal|p2b: Milotic|100/100\n|\n|upkeep\n|turn|17\n|\n|t:|1788391812\n|cant|p1a: Rotom|slp\n|move|p2b: Milotic|Muddy Water|p1a: Rotom\n|-resisted|p1a: Rotom|1\n|-damage|p1a: Rotom|54/100 slp\n|\n|upkeep\n|turn|18\n|\n|t:|1788391817\n|-curestatus|p1a: Rotom|slp|[msg]\n|move|p1a: Rotom|Volt Switch|p2b: Milotic\n|-supereffective|p2b: Milotic|1\n|-damage|p2b: Milotic|64/100\n|move|p2b: Milotic|Muddy Water|p1a: Rotom\n|-resisted|p1a: Rotom|1\n|-damage|p1a: Rotom|36/100\n|-unboost|p1a: Rotom|accuracy|1\n|\n|-heal|p2b: Milotic|70/100|[from] item: Leftovers\n|upkeep\n|turn|19\n|\n|t:|1788391823\n|move|p1a: Rotom|Volt Switch|p2b: Milotic\n|-supereffective|p2b: Milotic|1\n|-damage|p2b: Milotic|37/100\n|move|p2b: Milotic|Hypnosis|p1a: Rotom\n|-status|p1a: Rotom|slp|[from] move: Hypnosis\n|\n|-heal|p2b: Milotic|43/100|[from] item: Leftovers\n|upkeep\n|turn|20\n|\n|t:|1788391827\n|cant|p1a: Rotom|slp\n|move|p2b: Milotic|Recover|p2b: Milotic\n|-heal|p2b: Milotic|93/100\n|\n|-heal|p2b: Milotic|99/100|[from] item: Leftovers\n|upkeep\n|turn|21\n|\n|t:|1788391830\n|cant|p1a: Rotom|slp\n|move|p2b: Milotic|Muddy Water|p1a: Rotom\n|-resisted|p1a: Rotom|1\n|-damage|p1a: Rotom|20/100y slp\n|\n|-heal|p2b: Milotic|100/100|[from] item: Leftovers\n|upkeep\n|turn|22\n|\n|t:|1788391831\n|-curestatus|p1a: Rotom|slp|[msg]\n|move|p1a: Rotom|Volt Switch|p2b: Milotic\n|-supereffective|p2b: Milotic|1\n|-damage|p2b: Milotic|70/100\n|move|p2b: Milotic|Muddy Water|p1a: Rotom\n|-resisted|p1a: Rotom|1\n|-damage|p1a: Rotom|2/100\n|\n|-heal|p2b: Milotic|76/100|[from] item: Leftovers\n|upkeep\n|turn|23\n|\n|t:|1788391835\n|move|p1a: Rotom|Volt Switch|p2b: Milotic\n|-supereffective|p2b: Milotic|1\n|-damage|p2b: Milotic|46/100\n|move|p2b: Milotic|Hypnosis|p1a: Rotom\n|-status|p1a: Rotom|slp|[from] move: Hypnosis\n|\n|-heal|p2b: Milotic|52/100|[from] item: Leftovers\n|upkeep\n|turn|24\n|\n|t:|1788391839\n|cant|p1a: Rotom|slp\n|move|p2b: Milotic|Muddy Water|p1a: Rotom\n|-resisted|p1a: Rotom|1\n|-damage|p1a: Rotom|0 fnt\n|faint|p1a: Rotom\n|\n|win|wizl_oo\n|l|☆idk_mizuki\n|player|p1|\n","uploadtime":1788391943,"views":"10","formatid":"gen9championsvgc2026regmbbo3","rating":null,"private":0,"password":null}