{"id":"gen9championsvgc2026regmbbo3-2673340148","format":"[Gen 9 Champions] VGC 2026 Reg M-B (Bo3)","players":["ArielcitoTedetona","kpizzle35"],"log":"|j|☆ArielcitoTedetona\n|j|☆kpizzle35\n|html|<table width=\"100%\"><tr><td align=\"left\">ArielcitoTedetona</td><td align=\"right\">kpizzle35</tr><tr><td align=\"left\"><i class=\"fa fa-circle\"></i> <i class=\"fa fa-circle-o\"></i> </td><td align=\"right\"><i class=\"fa fa-circle-o\"></i> <i class=\"fa fa-circle-o\"></i> </tr></table>\n|uhtml|bestof|<h2><strong>Game 2</strong> of <a href=\"/game-bestof3-gen9championsvgc2026regmbbo3-2673338411\">a best-of-3</a></h2>\n|t:|1788185618\n|gametype|doubles\n|player|p1|ArielcitoTedetona|265|1120\n|player|p2|kpizzle35|170|1128\n|gen|9\n|tier|[Gen 9 Champions] VGC 2026 Reg M-B (Bo3)\n|rated|\n|rule|Species Clause: Limit one of each Pokémon\n|rule|Item Clause: Limit 1 of each item\n|clearpoke\n|poke|p1|Charizard, L50, M|\n|poke|p1|Incineroar, L50, F|\n|poke|p1|Venusaur, L50, M|\n|poke|p1|Garchomp, L50, M|\n|poke|p1|Sylveon, L50, F|\n|poke|p1|Annihilape, L50, M|\n|poke|p2|Farigiraf, L50, M|\n|poke|p2|Mr. Rime, L50, F|\n|poke|p2|Torkoal, L50, F|\n|poke|p2|Avalugg-Hisui, L50, M|\n|poke|p2|Crabominable, L50, M|\n|poke|p2|Lopunny, L50, F|\n|teampreview|4\n|showteam|p1|Charizard||CharizarditeY|Blaze|WeatherBall,HeatWave,AncientPower,Protect|Modest||M|||50|]Incineroar||SitrusBerry|Intimidate|FakeOut,FlareBlitz,DarkestLariat,PartingShot|Impish||F|||50|]Venusaur||LifeOrb|Chlorophyll|LeafStorm,SludgeBomb,EarthPower,Protect|Modest||M|||50|]Garchomp||ChoiceScarf|RoughSkin|Earthquake,DragonClaw,RockSlide,StompingTantrum|Adamant||M|||50|]Sylveon||FairyFeather|Pixilate|HyperVoice,Yawn,QuickAttack,Detect|Modest||F|||50|]Annihilape||FocusSash|Defiant|RockTomb,CloseCombat,RageFist,Protect|Jolly||M|||50|\n|showteam|p2|Farigiraf||LifeOrb|ArmorTail|Thunderbolt,TrickRoom,ExpandingForce,DazzlingGleam|Quiet||M|||50|]Mr. Rime||IronBall|ScreenCleaner|FakeOut,PsychicTerrain,FreezeDry,FocusBlast|Quiet||F|||50|]Torkoal||Charcoal|Drought|Eruption,HeatWave,EarthPower,SolarBeam|Quiet||F|||50|]Avalugg-Hisui||WideLens|Sturdy|RockSlide,MountainGale,WideGuard,BodyPress|Relaxed||M|||50|]Crabominable||Crabominite|HyperCutter|MachPunch,DrainPunch,IceHammer,ThunderPunch|Brave||M|||50|]Lopunny||Lopunnite|CuteCharm|AfterYou,CloseCombat,FakeOut,HelpingHand|Jolly||F|||50|\n|\n|t:|1788185646\n|teamsize|p1|4\n|teamsize|p2|4\n|start\n|switch|p1a: tumamigorda|Venusaur, L50, M|100/100\n|switch|p1b: malozard|Charizard, L50, M|100/100\n|switch|p2a: Lopunny|Lopunny, L50, F|100/100\n|switch|p2b: Farigiraf|Farigiraf, L50, M|100/100\n|turn|1\n|\n|t:|1788185664\n|detailschange|p2a: Lopunny|Lopunny-Mega, L50, F\n|-mega|p2a: Lopunny|Lopunny|Lopunnite\n|detailschange|p1b: malozard|Charizard-Mega-Y, L50, M\n|-mega|p1b: malozard|Charizard|Charizardite Y\n|-weather|SunnyDay|[from] ability: Drought|[of] p1b: malozard\n|move|p2a: Lopunny|Fake Out|p1b: malozard\n|-damage|p1b: malozard|81/100\n|move|p1a: tumamigorda|Leaf Storm|p2b: Farigiraf\n|-damage|p2b: Farigiraf|21/100\n|-unboost|p1a: tumamigorda|spa|2\n|-damage|p1a: tumamigorda|90/100|[from] item: Life Orb\n|cant|p1b: malozard|flinch\n|move|p2b: Farigiraf|Trick Room|p2b: Farigiraf\n|-fieldstart|move: Trick Room|[of] p2b: Farigiraf\n|\n|-weather|SunnyDay|[upkeep]\n|upkeep\n|turn|2\n|\n|t:|1788185684\n|switch|p2a: Torkoal|Torkoal, L50, F|100/100\n|switch|p1a: moron|Incineroar, L50, F|100/100\n|-ability|p1a: moron|Intimidate|boost\n|-unboost|p2a: Torkoal|atk|1\n|-unboost|p2b: Farigiraf|atk|1\n|move|p2b: Farigiraf|Expanding Force|p1a: moron\n|-immune|p1a: moron\n|move|p1b: malozard|Heat Wave|p2b: Farigiraf|[spread] p2a,p2b\n|-resisted|p2a: Torkoal|1\n|-crit|p2a: Torkoal\n|-damage|p2a: Torkoal|35/100\n|-damage|p2b: Farigiraf|0 fnt\n|faint|p2b: Farigiraf\n|\n|-weather|SunnyDay|[upkeep]\n|upkeep\n|\n|t:|1788185691\n|switch|p2b: Avalugg|Avalugg-Hisui, L50, M|100/100\n|turn|3\n|\n|t:|1788185723\n|move|p1b: malozard|Protect|p1b: malozard\n|-singleturn|p1b: malozard|Protect\n|move|p2a: Torkoal|Earth Power|p1a: moron\n|-supereffective|p1a: moron|1\n|-damage|p1a: moron|60/100\n|move|p2b: Avalugg|Rock Slide|p1a: moron|[spread] p1a\n|-activate|p1b: malozard|move: Protect\n|-supereffective|p1a: moron|1\n|-damage|p1a: moron|14/100\n|-enditem|p1a: moron|Sitrus Berry|[eat]\n|-heal|p1a: moron|39/100|[from] item: Sitrus Berry\n|move|p1a: moron|Parting Shot|p2b: Avalugg\n|-unboost|p2b: Avalugg|atk|1\n|-unboost|p2b: Avalugg|spa|1\n|\n|t:|1788185739\n|switch|p1a: tumamigorda|Venusaur, L50, M|90/100|[from] Parting Shot\n|\n|-weather|SunnyDay|[upkeep]\n|upkeep\n|turn|4\n|\n|t:|1788185747\n|switch|p1b: moron|Incineroar, L50, F|39/100\n|-ability|p1b: moron|Intimidate|boost\n|-unboost|p2a: Torkoal|atk|1\n|-unboost|p2b: Avalugg|atk|1\n|move|p1a: tumamigorda|Protect|p1a: tumamigorda\n|-singleturn|p1a: tumamigorda|Protect\n|move|p2a: Torkoal|Heat Wave|p1b: moron|[spread] p1b\n|-activate|p1a: tumamigorda|move: Protect\n|-resisted|p1b: moron|1\n|-damage|p1b: moron|16/100\n|move|p2b: Avalugg|Rock Slide|p1b: moron|[spread] p1b\n|-activate|p1a: tumamigorda|move: Protect\n|-supereffective|p1b: moron|1\n|-damage|p1b: moron|0 fnt\n|faint|p1b: moron\n|\n|-weather|SunnyDay|[upkeep]\n|upkeep\n|\n|t:|1788185763\n|switch|p1b: malozard|Charizard-Mega-Y, L50, M|81/100\n|turn|5\n|\n|t:|1788185768\n|switch|p2a: Lopunny|Lopunny-Mega, L50, F|100/100\n|switch|p1a: megaladron|Garchomp, L50, M|100/100\n|move|p1b: malozard|Protect|p1b: malozard\n|-singleturn|p1b: malozard|Protect\n|move|p2b: Avalugg|Mountain Gale|p1a: megaladron\n|-supereffective|p1a: megaladron|2\n|-damage|p1a: megaladron|0 fnt\n|faint|p1a: megaladron\n|\n|-weather|none\n|-fieldend|move: Trick Room\n|upkeep\n|\n|t:|1788185781\n|switch|p1a: tumamigorda|Venusaur, L50, M|90/100\n|turn|6\n|\n|t:|1788185795\n|move|p2a: Lopunny|After You|p2b: Avalugg\n|-activate|p2b: Avalugg|move: After You\n|move|p2b: Avalugg|Rock Slide|p1a: tumamigorda|[spread] p1a,p1b\n|-supereffective|p1b: malozard|2\n|-damage|p1a: tumamigorda|71/100\n|-damage|p1b: malozard|26/100\n|move|p1a: tumamigorda|Leaf Storm|p2b: Avalugg\n|-supereffective|p2b: Avalugg|1\n|-ability|p2b: Avalugg|Sturdy\n|-damage|p2b: Avalugg|1/100\n|-unboost|p1a: tumamigorda|spa|2\n|-damage|p1a: tumamigorda|61/100|[from] item: Life Orb\n|move|p1b: malozard|Heat Wave|p2b: Avalugg|[spread] p2a,p2b\n|-damage|p2a: Lopunny|51/100\n|-damage|p2b: Avalugg|0 fnt\n|faint|p2b: Avalugg\n|\n|upkeep\n|\n|t:|1788185804\n|switch|p2b: Torkoal|Torkoal, L50, F|35/100\n|-weather|SunnyDay|[from] ability: Drought|[of] p2b: Torkoal\n|turn|7\n|\n|t:|1788185835\n|move|p1a: tumamigorda|Earth Power|p2b: Torkoal\n|-supereffective|p2b: Torkoal|1\n|-damage|p2b: Torkoal|0 fnt\n|faint|p2b: Torkoal\n|-damage|p1a: tumamigorda|52/100|[from] item: Life Orb\n|move|p2a: Lopunny|Close Combat|p1b: malozard\n|-resisted|p1b: malozard|1\n|-damage|p1b: malozard|0 fnt\n|-unboost|p2a: Lopunny|def|1\n|-unboost|p2a: Lopunny|spd|1\n|faint|p1b: malozard\n|\n|-weather|SunnyDay|[upkeep]\n|upkeep\n|turn|8\n|\n|t:|1788185855\n|move|p1a: tumamigorda|Sludge Bomb|p2a: Lopunny\n|-crit|p2a: Lopunny\n|-damage|p2a: Lopunny|0 fnt\n|faint|p2a: Lopunny\n|-damage|p1a: tumamigorda|42/100|[from] item: Life Orb\n|\n|win|ArielcitoTedetona\n|raw|ArielcitoTedetona's rating: 1120 &rarr; <strong>1146</strong><br />(+26 for winning)\n|raw|kpizzle35's rating: 1128 &rarr; <strong>1102</strong><br />(-26 for losing)\n|l|☆kpizzle35\n|player|p2|\n","uploadtime":1788185866,"views":"0","formatid":"gen9championsvgc2026regmbbo3","rating":1102,"private":0,"password":null}