{"id":"gen9championsvgc2026regmbbo3-2673323431","format":"[Gen 9 Champions] VGC 2026 Reg M-B (Bo3)","players":["humania1","glofer"],"log":"|j|☆humania1\n|j|☆glofer\n|html|<table width=\"100%\"><tr><td align=\"left\">humania1</td><td align=\"right\">glofer</tr><tr><td align=\"left\"><i class=\"fa fa-circle-o\"></i> <i class=\"fa fa-circle-o\"></i> </td><td align=\"right\"><i class=\"fa fa-circle-o\"></i> <i class=\"fa fa-circle\"></i> </tr></table>\n|uhtml|bestof|<h2><strong>Game 2</strong> of <a href=\"/game-bestof3-gen9championsvgc2026regmbbo3-2673321921\">a best-of-3</a></h2>\n|t:|1788183299\n|gametype|doubles\n|player|p1|humania1|170|1000\n|player|p2|glofer|blackbelt|1082\n|gen|9\n|tier|[Gen 9 Champions] VGC 2026 Reg M-B (Bo3)\n|rated|\n|rule|Species Clause: Limit one of each Pokémon\n|rule|Item Clause: Limit 1 of each item\n|clearpoke\n|poke|p1|Blastoise, L50, M|\n|poke|p1|Delphox, L50, F, shiny|\n|poke|p1|Incineroar, L50, F|\n|poke|p1|Sinistcha, L50|\n|poke|p1|Sneasler, L50, M|\n|poke|p1|Vivillon, L50, F|\n|poke|p2|Oranguru, L50, M|\n|poke|p2|Alakazam, L50, M|\n|poke|p2|Meowstic-F, L50, F|\n|poke|p2|Gallade, L50, M|\n|poke|p2|Gardevoir, L50, M|\n|poke|p2|Metagross, L50|\n|teampreview|4\n|showteam|p1|Blastoise||Blastoisinite|Torrent|Protect,ShellSmash,WaterSpout,DarkPulse|Modest||M|||50|]Delphox||Delphoxite|Blaze|Protect,HeatWave,Psyshock,NastyPlot|Timid||F|||50|]Incineroar||PasshoBerry|Intimidate|FakeOut,PartingShot,FlareBlitz,ThroatChop|Impish||F|||50|]Sinistcha||SitrusBerry|Hospitality|Protect,MatchaGotcha,TrickRoom,RagePowder|Bold|||||50|]Sneasler||FocusSash|PoisonTouch|QuickGuard,FakeOut,CloseCombat,DireClaw|Jolly||M|||50|]Vivillon||ChoiceScarf|CompoundEyes|Hurricane,SleepPowder,RagePowder,Uturn|Timid||F|||50|\n|showteam|p2|Oranguru||SitrusBerry|InnerFocus|HyperVoice,Instruct,PsychicTerrain,TrickRoom|Sassy||M|||50|]Alakazam||Alakazite|Synchronize|Psychic,SkillSwap,SpeedSwap,Protect|Timid||M|||50|]Meowstic-F||Meowsticite|Competitive|ExpandingForce,DarkPulse,Thunderbolt,FakeOut|Modest||F|||50|]Gallade||FocusSash|Sharpness|PsychoCut,SacredSword,SwordsDance,Protect|Adamant||M|||50|]Gardevoir||LifeOrb|Telepathy|Psyshock,DazzlingGleam,MysticalFire,Protect|Modest||M|||50|]Metagross||WideLens|ClearBody|ZenHeadbutt,MeteorMash,Earthquake,Protect|Adamant|||||50|\n|inactive|Battle timer is ON: inactive players will automatically lose when time's up. (requested by humania1)\n|\n|t:|1788183305\n|teamsize|p1|4\n|teamsize|p2|4\n|start\n|switch|p1a: Blastoise|Blastoise, L50, M|100/100\n|switch|p1b: Delphox|Delphox, L50, F, shiny|100/100\n|switch|p2a: Meowstic|Meowstic-F, L50, F|100/100\n|switch|p2b: Oranguru|Oranguru, L50, M|100/100\n|turn|1\n|\n|t:|1788183322\n|detailschange|p2a: Meowstic|Meowstic-F-Mega, L50, F\n|-mega|p2a: Meowstic|Meowstic|Meowsticite\n|-ability|p2a: Meowstic|Blaze|Trace|[from] ability: Trace|[of] p1b: Delphox\n|move|p2a: Meowstic|Dark Pulse|p1b: Delphox\n|-supereffective|p1b: Delphox|1\n|-damage|p1b: Delphox|29/100\n|cant|p1b: Delphox|flinch\n|move|p1a: Blastoise|Water Spout|p2a: Meowstic|[spread] p2a,p2b\n|-crit|p2b: Oranguru\n|-damage|p2a: Meowstic|40/100\n|-damage|p2b: Oranguru|49/100\n|-enditem|p2b: Oranguru|Sitrus Berry|[eat]\n|-heal|p2b: Oranguru|74/100|[from] item: Sitrus Berry\n|move|p2b: Oranguru|Psychic Terrain|p2b: Oranguru\n|-fieldstart|move: Psychic Terrain\n|\n|upkeep\n|turn|2\n|\n|t:|1788183338\n|switch|p1b: Incineroar|Incineroar, L50, F|100/100\n|-ability|p1b: Incineroar|Intimidate|boost\n|-unboost|p2a: Meowstic|atk|1\n|-fail|p2b: Oranguru|unboost|Attack|[from] ability: Inner Focus|[of] p2b: Oranguru\n|move|p2a: Meowstic|Expanding Force|p1a: Blastoise|[spread] p1a\n|-immune|p1b: Incineroar\n|-damage|p1a: Blastoise|31/100\n|move|p1a: Blastoise|Water Spout|p2b: Oranguru|[spread] p2a,p2b\n|-damage|p2a: Meowstic|15/100\n|-damage|p2b: Oranguru|58/100\n|move|p2b: Oranguru|Trick Room|p2b: Oranguru\n|-fieldstart|move: Trick Room|[of] p2b: Oranguru\n|\n|upkeep\n|turn|3\n|\n|t:|1788183354\n|move|p2b: Oranguru|Instruct|p2a: Meowstic\n|-singleturn|p2a: Meowstic|move: Instruct|[of] p2b: Oranguru\n|move|p2a: Meowstic|Expanding Force|p1a: Blastoise|[spread] p1a\n|-immune|p1b: Incineroar\n|-damage|p1a: Blastoise|0 fnt\n|faint|p1a: Blastoise\n|move|p1b: Incineroar|Throat Chop|p2a: Meowstic\n|-supereffective|p2a: Meowstic|1\n|-damage|p2a: Meowstic|0 fnt\n|faint|p2a: Meowstic\n|\n|upkeep\n|\n|t:|1788183364\n|switch|p1a: Sinistcha|Sinistcha, L50|100/100\n|switch|p2a: Gardevoir|Gardevoir, L50, M|100/100\n|turn|4\n|\n|t:|1788183373\n|move|p2b: Oranguru|Instruct||[still]\n|-fail|p2b: Oranguru\n|move|p1a: Sinistcha|Matcha Gotcha|p2b: Oranguru|[spread] p2a,p2b\n|-damage|p2a: Gardevoir|77/100\n|-damage|p2b: Oranguru|41/100\n|move|p2a: Gardevoir|Dazzling Gleam|p1b: Incineroar|[spread] p1a,p1b\n|-damage|p1a: Sinistcha|59/100\n|-damage|p1b: Incineroar|59/100\n|-damage|p2a: Gardevoir|68/100|[from] item: Life Orb\n|move|p1b: Incineroar|Throat Chop|p2b: Oranguru\n|-supereffective|p2b: Oranguru|1\n|-damage|p2b: Oranguru|0 fnt\n|faint|p2b: Oranguru\n|\n|upkeep\n|\n|t:|1788183376\n|switch|p2b: Gallade|Gallade, L50, M|100/100\n|turn|5\n|\n|t:|1788183391\n|move|p2b: Gallade|Protect|p2b: Gallade\n|-singleturn|p2b: Gallade|Protect\n|move|p1a: Sinistcha|Matcha Gotcha|p2a: Gardevoir|[spread] p2a\n|-activate|p2b: Gallade|move: Protect\n|-damage|p2a: Gardevoir|47/100\n|-heal|p1a: Sinistcha|69/100|[from] drain|[of] p2a: Gardevoir\n|move|p2a: Gardevoir|Dazzling Gleam|p1a: Sinistcha|[spread] p1a,p1b\n|-damage|p1a: Sinistcha|31/100\n|-damage|p1b: Incineroar|16/100\n|-enditem|p1a: Sinistcha|Sitrus Berry|[eat]\n|-heal|p1a: Sinistcha|56/100|[from] item: Sitrus Berry\n|-damage|p2a: Gardevoir|37/100|[from] item: Life Orb\n|move|p1b: Incineroar|Flare Blitz|p2a: Gardevoir\n|-damage|p2a: Gardevoir|0 fnt\n|faint|p2a: Gardevoir\n|-damage|p1b: Incineroar|5/100|[from] Recoil\n|\n|-fieldend|move: Psychic Terrain\n|upkeep\n|turn|6\n|\n|t:|1788183399\n|switch|p1b: Delphox|Delphox, L50, F, shiny|29/100\n|move|p1a: Sinistcha|Matcha Gotcha|p2b: Gallade\n|-damage|p2b: Gallade|64/100\n|-heal|p1a: Sinistcha|71/100|[from] drain|[of] p2b: Gallade\n|move|p2b: Gallade|Psycho Cut|p1a: Sinistcha\n|-damage|p1a: Sinistcha|24/100\n|\n|-fieldend|move: Trick Room\n|upkeep\n|turn|7\n|\n|t:|1788183412\n|switch|p1a: Incineroar|Incineroar, L50, F|5/100\n|-ability|p1a: Incineroar|Intimidate|boost\n|-unboost|p2b: Gallade|atk|1\n|move|p1b: Delphox|Nasty Plot|p1b: Delphox\n|-boost|p1b: Delphox|spa|2\n|move|p2b: Gallade|Psycho Cut|p1b: Delphox\n|-resisted|p1b: Delphox|1\n|-damage|p1b: Delphox|0 fnt\n|faint|p1b: Delphox\n|\n|upkeep\n|\n|t:|1788183413\n|switch|p1b: Sinistcha|Sinistcha, L50|24/100\n|-heal|p1a: Incineroar|30/100|[from] ability: Hospitality|[of] p1b: Sinistcha\n|turn|8\n|\n|t:|1788183423\n|move|p2b: Gallade|Protect|p2b: Gallade\n|-singleturn|p2b: Gallade|Protect\n|move|p1a: Incineroar|Flare Blitz|p2b: Gallade\n|-activate|p2b: Gallade|move: Protect\n|move|p1b: Sinistcha|Trick Room|p1b: Sinistcha\n|-fieldstart|move: Trick Room|[of] p1b: Sinistcha\n|\n|upkeep\n|turn|9\n|\n|t:|1788183435\n|move|p1b: Sinistcha|Protect|p1b: Sinistcha\n|-singleturn|p1b: Sinistcha|Protect\n|move|p1a: Incineroar|Flare Blitz|p2b: Gallade\n|-crit|p2b: Gallade\n|-damage|p2b: Gallade|0 fnt\n|faint|p2b: Gallade\n|-damage|p1a: Incineroar|14/100|[from] Recoil\n|\n|win|humania1\n","uploadtime":1788183435,"views":"0","formatid":"gen9championsvgc2026regmbbo3","rating":null,"private":0,"password":null}