{"id":"gen9championsvgc2026regmb-2674714717","format":"[Gen 9 Champions] VGC 2026 Reg M-B","players":["Difjsjc","BloodTrailedCometV"],"log":"|j|☆Difjsjc\n|j|☆BloodTrailedCometV\n|t:|1788394811\n|gametype|doubles\n|player|p1|Difjsjc|clerk-boss|1310\n|player|p2|BloodTrailedCometV|lusamine-nihilego|1373\n|gen|9\n|tier|[Gen 9 Champions] VGC 2026 Reg M-B\n|rated|\n|rule|Species Clause: Limit one of each Pokémon\n|rule|Item Clause: Limit 1 of each item\n|clearpoke\n|poke|p1|Toxapex, L50, F|\n|poke|p1|Overqwil, L50, M|\n|poke|p1|Scolipede, L50, M|\n|poke|p1|Sneasler, L50, M, shiny|\n|poke|p1|Venusaur, L50, F|\n|poke|p1|Slowking-Galar, L50, M|\n|poke|p2|Sceptile, L50, F|\n|poke|p2|Garchomp, L50, M|\n|poke|p2|Floette-Eternal, L50, F|\n|poke|p2|Rotom-Heat, L50, shiny|\n|poke|p2|Basculegion, L50, M, shiny|\n|poke|p2|Talonflame, L50, F|\n|teampreview|4\n|inactive|Battle timer is ON: inactive players will automatically lose when time's up. (requested by BloodTrailedCometV)\n|\n|t:|1788394837\n|teamsize|p1|4\n|teamsize|p2|4\n|start\n|switch|p1a: Chernobyl|Toxapex, L50, F|100/100\n|switch|p1b: Migraine|Slowking-Galar, L50, M|100/100\n|switch|p2a: Goatile|Sceptile, L50, F|100/100\n|switch|p2b: PortableGenerator|Rotom-Heat, L50, shiny|100/100\n|turn|1\n|\n|t:|1788394846\n|detailschange|p2a: Goatile|Sceptile-Mega, L50, F\n|-mega|p2a: Goatile|Sceptile|Sceptilite\n|move|p1a: Chernobyl|Wide Guard|p1a: Chernobyl\n|-singleturn|p1a: Chernobyl|Wide Guard\n|move|p2b: PortableGenerator|Discharge|p1a: Chernobyl|[spread] \n|-activate|p1a: Chernobyl|move: Wide Guard\n|-activate|p1b: Migraine|move: Wide Guard\n|-ability|p2a: Goatile|Lightning Rod|boost\n|-boost|p2a: Goatile|spa|1\n|move|p2a: Goatile|Earth Power|p1b: Migraine\n|-supereffective|p1b: Migraine|1\n|-damage|p1b: Migraine|35/100\n|move|p1b: Migraine|Trick Room|p1b: Migraine\n|-fieldstart|move: Trick Room|[of] p1b: Migraine\n|\n|upkeep\n|turn|2\n|inactive|Difjsjc has 30 seconds left.\n|\n|t:|1788394876\n|move|p2a: Goatile|Detect|p2a: Goatile\n|-singleturn|p2a: Goatile|Protect\n|move|p1b: Migraine|Acid Spray|p2a: Goatile\n|-activate|p2a: Goatile|move: Protect\n|move|p1a: Chernobyl|Light Screen|p1a: Chernobyl\n|-sidestart|p1: Difjsjc|move: Light Screen\n|move|p2b: PortableGenerator|Discharge|p1a: Chernobyl|[spread] p1a,p1b\n|-activate|p2a: Goatile|move: Protect\n|-supereffective|p1a: Chernobyl|1\n|-damage|p1a: Chernobyl|66/100\n|-damage|p1b: Migraine|23/100\n|\n|upkeep\n|turn|3\n|\n|t:|1788394892\n|-heal|p1b: Migraine|56/100|[from] ability: Regenerator|[silent]\n|switch|p1b: Asparagus|Venusaur, L50, F|100/100\n|move|p1a: Chernobyl|Toxic|p2a: Goatile\n|-status|p2a: Goatile|tox\n|move|p2a: Goatile|Earth Power|p1b: Asparagus\n|-damage|p1b: Asparagus|68/100\n|move|p2b: PortableGenerator|Discharge|p1a: Chernobyl|[spread] p1a,p1b\n|-ability|p2a: Goatile|Lightning Rod|boost\n|-boost|p2a: Goatile|spa|1\n|-supereffective|p1a: Chernobyl|1\n|-resisted|p1b: Asparagus|1\n|-damage|p1a: Chernobyl|38/100\n|-damage|p1b: Asparagus|60/100\n|-status|p1a: Chernobyl|par\n|\n|-damage|p2a: Goatile|93/100 tox|[from] psn\n|upkeep\n|turn|4\n|\n|t:|1788394914\n|-heal|p1a: Chernobyl|71/100 par|[from] ability: Regenerator|[silent]\n|switch|p1a: Migraine|Slowking-Galar, L50, M|56/100\n|detailschange|p1b: Asparagus|Venusaur-Mega, L50, F\n|-mega|p1b: Asparagus|Venusaur|Venusaurite\n|move|p1b: Asparagus|Venoshock|p2a: Goatile\n|-supereffective|p2a: Goatile|1\n|-damage|p2a: Goatile|0 fnt\n|faint|p2a: Goatile\n|move|p2b: PortableGenerator|Discharge|p1b: Asparagus|[spread] p1a,p1b\n|-resisted|p1b: Asparagus|1\n|-damage|p1a: Migraine|44/100\n|-damage|p1b: Asparagus|52/100\n|-status|p1b: Asparagus|par\n|\n|upkeep\n|\n|t:|1788394920\n|switch|p2a: Sandus|Garchomp, L50, M|100/100\n|turn|5\n|\n|t:|1788394937\n|move|p2a: Sandus|Protect|p2a: Sandus\n|-singleturn|p2a: Sandus|Protect\n|move|p1a: Migraine|Acid Spray|p2a: Sandus\n|-activate|p2a: Sandus|move: Protect\n|move|p1b: Asparagus|Giga Drain|p2b: PortableGenerator\n|-resisted|p2b: PortableGenerator|1\n|-damage|p2b: PortableGenerator|78/100\n|-heal|p1b: Asparagus|60/100 par|[from] drain|[of] p2b: PortableGenerator\n|move|p2b: PortableGenerator|Discharge|p1a: Migraine|[spread] p1a,p1b\n|-activate|p2a: Sandus|move: Protect\n|-resisted|p1b: Asparagus|1\n|-damage|p1a: Migraine|32/100\n|-damage|p1b: Asparagus|53/100 par\n|\n|-fieldend|move: Trick Room\n|upkeep\n|turn|6\n|\n|t:|1788394953\n|-heal|p1a: Migraine|65/100|[from] ability: Regenerator|[silent]\n|switch|p1a: Minesweeper|Overqwil, L50, M|100/100\n|-ability|p1a: Minesweeper|Intimidate|boost\n|-unboost|p2a: Sandus|atk|1\n|-unboost|p2b: PortableGenerator|atk|1\n|move|p2b: PortableGenerator|Discharge|p1a: Minesweeper|[spread] p1a,p1b\n|-immune|p2a: Sandus\n|-resisted|p1b: Asparagus|1\n|-damage|p1a: Minesweeper|76/100\n|-damage|p1b: Asparagus|45/100 par\n|move|p2a: Sandus|Earthquake|p1a: Minesweeper|[spread] p1a,p1b\n|-immune|p2b: PortableGenerator|[from] ability: Levitate\n|-supereffective|p1a: Minesweeper|1\n|-damage|p1a: Minesweeper|10/100\n|-damage|p1b: Asparagus|25/100 par\n|-enditem|p1a: Minesweeper|Sitrus Berry|[eat]\n|-heal|p1a: Minesweeper|35/100|[from] item: Sitrus Berry\n|-damage|p2a: Sandus|90/100|[from] item: Life Orb\n|move|p1b: Asparagus|Leech Seed|p2a: Sandus\n|-start|p2a: Sandus|move: Leech Seed\n|\n|-damage|p2a: Sandus|77/100|[from] Leech Seed|[of] p1b: Asparagus\n|-heal|p1b: Asparagus|37/100 par|[silent]\n|upkeep\n|turn|7\n|inactive|Difjsjc has 30 seconds left.\n|inactive|Difjsjc has 20 seconds left.\n|\n|t:|1788394991\n|move|p1b: Asparagus|Protect|p1b: Asparagus\n|-singleturn|p1b: Asparagus|Protect\n|move|p2b: PortableGenerator|Discharge|p1a: Minesweeper|[spread] p1a\n|-activate|p1b: Asparagus|move: Protect\n|-immune|p2a: Sandus\n|-damage|p1a: Minesweeper|14/100\n|move|p2a: Sandus|Earthquake|p1b: Asparagus|[spread] p1a\n|-activate|p1b: Asparagus|move: Protect\n|-immune|p2b: PortableGenerator|[from] ability: Levitate\n|-supereffective|p1a: Minesweeper|1\n|-damage|p1a: Minesweeper|0 fnt\n|faint|p1a: Minesweeper\n|-damage|p2a: Sandus|68/100|[from] item: Life Orb\n|\n|-damage|p2a: Sandus|55/100|[from] Leech Seed|[of] p1b: Asparagus\n|-heal|p1b: Asparagus|49/100 par|[silent]\n|upkeep\n|\n|t:|1788395002\n|switch|p1a: Chernobyl|Toxapex, L50, F|71/100 par\n|turn|8\n|\n|t:|1788395019\n|switch|p2b: Talonflame|Talonflame, L50, F|100/100\n|move|p2a: Sandus|Protect|p2a: Sandus\n|-singleturn|p2a: Sandus|Protect\n|move|p1a: Chernobyl|Wide Guard|p1a: Chernobyl\n|-singleturn|p1a: Chernobyl|Wide Guard\n|move|p1b: Asparagus|Leech Seed|p2b: Talonflame\n|-start|p2b: Talonflame|move: Leech Seed\n|\n|-damage|p2b: Talonflame|87/100|[from] Leech Seed|[of] p1b: Asparagus\n|-heal|p1b: Asparagus|59/100 par|[silent]\n|-damage|p2a: Sandus|43/100|[from] Leech Seed|[of] p1b: Asparagus\n|-heal|p1b: Asparagus|72/100 par|[silent]\n|upkeep\n|turn|9\n|\n|t:|1788395035\n|switch|p2a: PortableGenerator|Rotom-Heat, L50, shiny|78/100\n|move|p1b: Asparagus|Protect|p1b: Asparagus\n|-singleturn|p1b: Asparagus|Protect\n|move|p2b: Talonflame|Dual Wingbeat|p1b: Asparagus\n|-activate|p1b: Asparagus|move: Protect\n|move|p1a: Chernobyl|Muddy Water|p2b: Talonflame|[spread] p2a,p2b\n|-supereffective|p2a: PortableGenerator|1\n|-supereffective|p2b: Talonflame|1\n|-damage|p2a: PortableGenerator|39/100\n|-damage|p2b: Talonflame|45/100\n|\n|-damage|p2b: Talonflame|32/100|[from] Leech Seed|[of] p1b: Asparagus\n|-heal|p1b: Asparagus|82/100 par|[silent]\n|-sideend|p1: Difjsjc|move: Light Screen\n|upkeep\n|turn|10\n|\n|t:|1788395056\n|move|p2a: PortableGenerator|Overheat|p1b: Asparagus\n|-supereffective|p1b: Asparagus|1\n|-damage|p1b: Asparagus|34/100 par\n|-unboost|p2a: PortableGenerator|spa|2\n|move|p2b: Talonflame|Dual Wingbeat|p1b: Asparagus\n|-supereffective|p1b: Asparagus|1\n|-damage|p1b: Asparagus|13/100 par\n|-supereffective|p1b: Asparagus|1\n|-damage|p1b: Asparagus|0 fnt\n|faint|p1b: Asparagus\n|-hitcount|p1: Asparagus|2\n|move|p1a: Chernobyl|Muddy Water|p2b: Talonflame|[spread] p2a,p2b\n|-supereffective|p2a: PortableGenerator|1\n|-supereffective|p2b: Talonflame|1\n|-damage|p2a: PortableGenerator|1/100\n|-damage|p2b: Talonflame|0 fnt\n|faint|p2b: Talonflame\n|\n|upkeep\n|\n|t:|1788395065\n|switch|p2b: Sandus|Garchomp, L50, M|43/100\n|switch|p1b: Migraine|Slowking-Galar, L50, M|65/100\n|turn|11\n|\n|t:|1788395074\n|move|p1a: Chernobyl|Wide Guard|p1a: Chernobyl\n|-singleturn|p1a: Chernobyl|Wide Guard\n|move|p2a: PortableGenerator|Overheat|p1b: Migraine\n|-damage|p1b: Migraine|44/100\n|-unboost|p2a: PortableGenerator|spa|2\n|move|p2b: Sandus|Earthquake|p1b: Migraine|[spread] \n|-activate|p1a: Chernobyl|move: Wide Guard\n|-activate|p1b: Migraine|move: Wide Guard\n|-immune|p2a: PortableGenerator|[from] ability: Levitate\n|move|p1b: Migraine|Trick Room|p1b: Migraine\n|-fieldstart|move: Trick Room|[of] p1b: Migraine\n|\n|upkeep\n|turn|12\n|-message|BloodTrailedCometV forfeited.\n|\n|win|Difjsjc\n|raw|Difjsjc's rating: 1310 &rarr; <strong>1334</strong><br />(+24 for winning)\n|raw|BloodTrailedCometV's rating: 1373 &rarr; <strong>1349</strong><br />(-24 for losing)\n|l|☆BloodTrailedCometV\n|player|p2|\n","uploadtime":1788395104,"views":"0","formatid":"gen9championsvgc2026regmb","rating":1334,"private":0,"password":null}