{"id":"gen9championsvgc2026regmb-2674037377","format":"[Gen 9 Champions] VGC 2026 Reg M-B","players":["chaosregen","rapidzaf"],"log":"|j|☆chaosregen\n|j|☆rapidzaf\n|t:|1788291084\n|gametype|doubles\n|player|p1|chaosregen|1|\n|player|p2|rapidzaf|dawn|\n|gen|9\n|tier|[Gen 9 Champions] VGC 2026 Reg M-B\n|rule|Species Clause: Limit one of each Pokémon\n|rule|Item Clause: Limit 1 of each item\n|clearpoke\n|poke|p1|Staraptor, L50, F|\n|poke|p1|Incineroar, L50, M|\n|poke|p1|Metagross, L50|\n|poke|p1|Skeledirge, L50, M|\n|poke|p1|Swampert, L50, F|\n|poke|p1|Hydreigon, L50, M|\n|poke|p2|Decidueye-Hisui, L50, F, shiny|\n|poke|p2|Kingambit, L50, M|\n|poke|p2|Vaporeon, L50, F|\n|poke|p2|Kangaskhan, L50, F|\n|poke|p2|Chandelure, L50, F|\n|poke|p2|Farigiraf, L50, F, shiny|\n|teampreview|4\nrapidzaf rejected open team sheets.\n|\n|t:|1788291133\n|teamsize|p1|4\n|teamsize|p2|4\n|start\n|switch|p1a: Swampert|Swampert, L50, F|100/100\n|switch|p1b: Skeledirge|Skeledirge, L50, M|100/100\n|switch|p2a: Farigiraf|Farigiraf, L50, F, shiny|100/100\n|switch|p2b: Kangaskhan|Kangaskhan, L50, F|100/100\n|turn|1\n|\n|t:|1788291191\n|detailschange|p2b: Kangaskhan|Kangaskhan-Mega, L50, F\n|-mega|p2b: Kangaskhan|Kangaskhan|Kangaskhanite\n|move|p2b: Kangaskhan|Fake Out|p1a: Swampert\n|-damage|p1a: Swampert|80/100\n|-damage|p1a: Swampert|75/100\n|-hitcount|p1a: Swampert|2\n|move|p1b: Skeledirge|Alluring Voice|p2b: Kangaskhan\n|-damage|p2b: Kangaskhan|76/100\n|cant|p1a: Swampert|flinch\n|move|p2a: Farigiraf|Dazzling Gleam|p1b: Skeledirge|[spread] p1a,p1b\n|-resisted|p1b: Skeledirge|1\n|-damage|p1a: Swampert|63/100\n|-damage|p1b: Skeledirge|90/100\n|\n|upkeep\n|turn|2\n|\n|t:|1788291228\n|switch|p2a: Chandelure|Chandelure, L50, F|100/100\n|move|p2b: Kangaskhan|Sucker Punch|p1b: Skeledirge\n|-supereffective|p1b: Skeledirge|1\n|-damage|p1b: Skeledirge|41/100\n|-supereffective|p1b: Skeledirge|1\n|-damage|p1b: Skeledirge|27/100\n|-hitcount|p1b: Skeledirge|2\n|move|p1b: Skeledirge|Alluring Voice|p2a: Chandelure\n|-resisted|p2a: Chandelure|1\n|-damage|p2a: Chandelure|85/100\n|move|p1a: Swampert|Poison Jab|p2b: Kangaskhan\n|-damage|p2b: Kangaskhan|61/100\n|\n|upkeep\n|turn|3\n|inactive|Battle timer is ON: inactive players will automatically lose when time's up. (requested by chaosregen)\n|\n|t:|1788291273\n|switch|p1b: Hydreigon|Hydreigon, L50, M|100/100\n|move|p2b: Kangaskhan|Sucker Punch||[still]\n|-fail|p2b: Kangaskhan\n|move|p2a: Chandelure|Energy Ball|p1a: Swampert\n|-supereffective|p1a: Swampert|2\n|-damage|p1a: Swampert|0 fnt\n|faint|p1a: Swampert\n|\n|upkeep\n|\n|t:|1788291284\n|switch|p1a: Metagross|Metagross, L50|100/100\n|turn|4\n|\n|t:|1788291306\n|switch|p2b: Decidueye|Decidueye-Hisui, L50, F, shiny|100/100\n|detailschange|p1a: Metagross|Metagross-Mega, L50\n|-mega|p1a: Metagross|Metagross|Metagrossite\n|move|p1a: Metagross|Shadow Claw|p2a: Chandelure\n|-supereffective|p2a: Chandelure|1\n|-damage|p2a: Chandelure|1/100\n|move|p1b: Hydreigon|Dragon Pulse|p2b: Decidueye\n|-damage|p2b: Decidueye|63/100\n|move|p2a: Chandelure|Heat Wave|p1b: Hydreigon|[spread] p1b\n|-miss|p2a: Chandelure|p1a: Metagross\n|-resisted|p1b: Hydreigon|1\n|-damage|p1b: Hydreigon|77/100\n|\n|upkeep\n|turn|5\n|inactive|chaosregen has 30 seconds left.\n|\n|t:|1788291337\n|move|p2b: Decidueye|Protect|p2b: Decidueye\n|-singleturn|p2b: Decidueye|Protect\n|move|p1a: Metagross|Psychic Fangs|p2b: Decidueye\n|-activate|p2b: Decidueye|move: Protect\n|move|p1b: Hydreigon|Dark Pulse|p2a: Chandelure\n|-supereffective|p2a: Chandelure|1\n|-damage|p2a: Chandelure|0 fnt\n|faint|p2a: Chandelure\n|\n|upkeep\n|\n|t:|1788291352\n|switch|p2a: Farigiraf|Farigiraf, L50, F, shiny|100/100\n|turn|6\n|\n|t:|1788291371\n|move|p1a: Metagross|Iron Head|p2a: Farigiraf\n|-damage|p2a: Farigiraf|41/100\n|-enditem|p2a: Farigiraf|Sitrus Berry|[eat]\n|-heal|p2a: Farigiraf|66/100|[from] item: Sitrus Berry\n|move|p1b: Hydreigon|Flamethrower|p2b: Decidueye\n|-supereffective|p2b: Decidueye|1\n|-damage|p2b: Decidueye|7/100\n|move|p2b: Decidueye|Triple Arrows|p1b: Hydreigon|[miss]\n|-miss|p2b: Decidueye|p1b: Hydreigon\n|move|p2a: Farigiraf|Trick Room|p2a: Farigiraf\n|-fieldstart|move: Trick Room|[of] p2a: Farigiraf\n|\n|upkeep\n|turn|7\n|inactive|rapidzaf has 30 seconds left.\n|\n|t:|1788291398\n|move|p1b: Hydreigon|Protect|p1b: Hydreigon\n|-singleturn|p1b: Hydreigon|Protect\n|move|p1a: Metagross|Protect|p1a: Metagross\n|-singleturn|p1a: Metagross|Protect\n|move|p2a: Farigiraf|Dazzling Gleam|p1a: Metagross|[spread] \n|-activate|p1a: Metagross|move: Protect\n|-activate|p1b: Hydreigon|move: Protect\n|move|p2b: Decidueye|U-turn|p1a: Metagross\n|-activate|p1a: Metagross|move: Protect\n|\n|upkeep\n|turn|8\n|inactive|chaosregen has 30 seconds left.\n|\n|t:|1788291423\n|move|p2b: Decidueye|U-turn|p1b: Hydreigon\n|-supereffective|p1b: Hydreigon|1\n|-damage|p1b: Hydreigon|38/100\n|\n|t:|1788291429\n|switch|p2b: Kangaskhan|Kangaskhan-Mega, L50, F|61/100|[from] U-turn\n|move|p2a: Farigiraf|Dazzling Gleam|p1a: Metagross|[spread] p1a,p1b\n|-resisted|p1a: Metagross|1\n|-supereffective|p1b: Hydreigon|2\n|-damage|p1a: Metagross|94/100\n|-damage|p1b: Hydreigon|0 fnt\n|faint|p1b: Hydreigon\n|move|p1a: Metagross|Iron Head|p2b: Kangaskhan\n|-damage|p2b: Kangaskhan|12/100\n|\n|upkeep\n|\n|t:|1788291438\n|switch|p1b: Skeledirge|Skeledirge, L50, M|27/100\n|turn|9\n|\n|t:|1788291461\n|move|p2b: Kangaskhan|Fake Out|p1a: Metagross\n|-resisted|p1a: Metagross|1\n|-damage|p1a: Metagross|86/100\n|-resisted|p1a: Metagross|1\n|-damage|p1a: Metagross|84/100\n|-hitcount|p1a: Metagross|2\n|move|p2a: Farigiraf|Dazzling Gleam|p1b: Skeledirge|[spread] p1a,p1b\n|-resisted|p1a: Metagross|1\n|-resisted|p1b: Skeledirge|1\n|-damage|p1a: Metagross|78/100\n|-damage|p1b: Skeledirge|17/100\n|cant|p1a: Metagross|flinch\n|move|p1b: Skeledirge|Earth Power|p2b: Kangaskhan\n|-damage|p2b: Kangaskhan|0 fnt\n|faint|p2b: Kangaskhan\n|\n|upkeep\n|\n|t:|1788291480\n|switch|p2b: Decidueye|Decidueye-Hisui, L50, F, shiny|7/100\n|turn|10\n|\n|t:|1788291502\n|move|p2a: Farigiraf|Dazzling Gleam|p1a: Metagross|[spread] p1a,p1b\n|-resisted|p1a: Metagross|1\n|-resisted|p1b: Skeledirge|1\n|-damage|p1a: Metagross|72/100\n|-damage|p1b: Skeledirge|9/100\n|move|p2b: Decidueye|Triple Arrows|p1a: Metagross\n|-damage|p1a: Metagross|44/100\n|-unboost|p1a: Metagross|def|1\n|cant|p1a: Metagross|flinch\n|move|p1b: Skeledirge|Earth Power|p2a: Farigiraf\n|-damage|p2a: Farigiraf|44/100\n|\n|-fieldend|move: Trick Room\n|upkeep\n|turn|11\n|inactive|chaosregen has 30 seconds left.\n|inactive|rapidzaf has 30 seconds left.\n|inactive|chaosregen has 20 seconds left.\n|inactive|rapidzaf has 20 seconds left.\n|inactive|chaosregen has 15 seconds left.\n|\n|t:|1788291546\n|move|p2b: Decidueye|Protect|p2b: Decidueye\n|-singleturn|p2b: Decidueye|Protect\n|move|p1b: Skeledirge|Earth Power|p2a: Farigiraf\n|-damage|p2a: Farigiraf|23/100\n|move|p1a: Metagross|Psychic Fangs|p2b: Decidueye\n|-activate|p2b: Decidueye|move: Protect\n|move|p2a: Farigiraf|Trick Room|p2a: Farigiraf\n|-fieldstart|move: Trick Room|[of] p2a: Farigiraf\n|\n|upkeep\n|turn|12\n|inactive|rapidzaf has 30 seconds left.\n|\n|t:|1788291573\n|move|p2a: Farigiraf|Helping Hand|p2b: Decidueye\n|-singleturn|p2b: Decidueye|Helping Hand|[of] p2a: Farigiraf\n|move|p2b: Decidueye|Triple Arrows|p1a: Metagross\n|-damage|p1a: Metagross|0 fnt\n|faint|p1a: Metagross\n|move|p1b: Skeledirge|Earth Power|p2a: Farigiraf\n|-damage|p2a: Farigiraf|2/100\n|-unboost|p2a: Farigiraf|spd|1\n|\n|upkeep\n|turn|13\n|\n|t:|1788291592\n|move|p2a: Farigiraf|Dazzling Gleam|p1b: Skeledirge\n|-resisted|p1b: Skeledirge|1\n|-damage|p1b: Skeledirge|0 fnt\n|faint|p1b: Skeledirge\n|\n|win|rapidzaf\n","uploadtime":1788291601,"views":"10","formatid":"gen9championsvgc2026regmb","rating":null,"private":0,"password":null}