{"id":"gen9championsvgc2026regmb-2674898701","format":"[Gen 9 Champions] VGC 2026 Reg M-B","players":["Thornlace48812","Sturmtruppler"],"log":"|j|☆Thornlace48812\n|j|☆Sturmtruppler\n|t:|1788431960\n|gametype|doubles\n|player|p1|Thornlace48812|102|1170\n|player|p2|Sturmtruppler|boarder|1133\n|gen|9\n|tier|[Gen 9 Champions] VGC 2026 Reg M-B\n|rated|\n|rule|Species Clause: Limit one of each Pokémon\n|rule|Item Clause: Limit 1 of each item\n|clearpoke\n|poke|p1|Garchomp, L50, M|\n|poke|p1|Charizard, L50, F|\n|poke|p1|Whimsicott, L50, M|\n|poke|p1|Sylveon, L50, F|\n|poke|p1|Kingambit, L50, F|\n|poke|p1|Basculegion, L50, M|\n|poke|p2|Charizard, L50, M, shiny|\n|poke|p2|Whimsicott, L50, M, shiny|\n|poke|p2|Typhlosion-Hisui, L50, F, shiny|\n|poke|p2|Aerodactyl, L50, F|\n|poke|p2|Venusaur, L50, M, shiny|\n|poke|p2|Lucario, L50, M, shiny|\n|teampreview|4\n|inactive|Battle timer is ON: inactive players will automatically lose when time's up. (requested by Thornlace48812)\nThornlace48812 rejected open team sheets.\n|\n|t:|1788431971\n|teamsize|p1|4\n|teamsize|p2|4\n|start\n|switch|p1a: Charizard|Charizard, L50, F|100/100\n|switch|p1b: Kingambit|Kingambit, L50, F|100/100\n|switch|p2a: Whimsicott|Whimsicott, L50, M, shiny|100/100\n|switch|p2b: Lucario|Lucario, L50, M, shiny|100/100\n|turn|1\n|\n|t:|1788431982\n|detailschange|p1a: Charizard|Charizard-Mega-Y, L50, F\n|-mega|p1a: Charizard|Charizard|Charizardite Y\n|-weather|SunnyDay|[from] ability: Drought|[of] p1a: Charizard\n|move|p2a: Whimsicott|Tailwind|p2a: Whimsicott\n|-sidestart|p2: Sturmtruppler|move: Tailwind\n|move|p2b: Lucario|Rock Slide|p1b: Kingambit|[spread] \n|-miss|p2b: Lucario|p1a: Charizard\n|-miss|p2b: Lucario|p1b: Kingambit\n|move|p1a: Charizard|Heat Wave|p2b: Lucario|[spread] p2a,p2b\n|-supereffective|p2a: Whimsicott|1\n|-supereffective|p2b: Lucario|1\n|-enditem|p2a: Whimsicott|Focus Sash\n|-damage|p2a: Whimsicott|1/100\n|-damage|p2b: Lucario|0 fnt\n|faint|p2b: Lucario\n|move|p1b: Kingambit|Kowtow Cleave|p2a: Whimsicott\n|-resisted|p2a: Whimsicott|1\n|-damage|p2a: Whimsicott|0 fnt\n|faint|p2a: Whimsicott\n|\n|-weather|SunnyDay|[upkeep]\n|upkeep\n|\n|t:|1788431999\n|switch|p2a: Charizard|Charizard, L50, M, shiny|100/100\n|switch|p2b: Venusaur|Venusaur, L50, M, shiny|100/100\n|turn|2\n|\n|t:|1788432014\n|move|p1b: Kingambit|Sucker Punch|p2a: Charizard\n|-damage|p2a: Charizard|25/100\n|move|p2b: Venusaur|Sleep Powder|p1a: Charizard\n|-status|p1a: Charizard|slp|[from] move: Sleep Powder\n|move|p2a: Charizard|Heat Wave|p1b: Kingambit|[spread] p1a,p1b\n|-resisted|p1a: Charizard|1\n|-supereffective|p1b: Kingambit|1\n|-damage|p1a: Charizard|58/100 slp\n|-damage|p1b: Kingambit|0 fnt\n|faint|p1b: Kingambit\n|-end|p1b: Kingambit|fallenundefined|[silent]\n|cant|p1a: Charizard|slp\n|\n|-weather|SunnyDay|[upkeep]\n|upkeep\n|\n|t:|1788432015\n|switch|p1b: Garchomp|Garchomp, L50, M|100/100\n|turn|3\n|\n|t:|1788432037\n|cant|p1a: Charizard|slp\n|move|p2b: Venusaur|Sleep Powder|p1b: Garchomp\n|-status|p1b: Garchomp|slp|[from] move: Sleep Powder\n|move|p2a: Charizard|Heat Wave|p1a: Charizard|[spread] p1a,p1b\n|-resisted|p1a: Charizard|1\n|-resisted|p1b: Garchomp|1\n|-damage|p1a: Charizard|20/100y slp\n|-damage|p1b: Garchomp|58/100 slp\n|cant|p1b: Garchomp|slp\n|\n|-weather|SunnyDay|[upkeep]\n|upkeep\n|turn|4\n|\n|t:|1788432051\n|-curestatus|p1a: Charizard|slp|[msg]\n|move|p1a: Charizard|Protect|p1a: Charizard\n|-singleturn|p1a: Charizard|Protect\n|move|p2b: Venusaur|Leech Seed|p1b: Garchomp\n|-start|p1b: Garchomp|move: Leech Seed\n|move|p2a: Charizard|Heat Wave|p1a: Charizard|[spread] p1b\n|-activate|p1a: Charizard|move: Protect\n|-resisted|p1b: Garchomp|1\n|-damage|p1b: Garchomp|17/100 slp\n|cant|p1b: Garchomp|slp\n|\n|-weather|SunnyDay|[upkeep]\n|-damage|p1b: Garchomp|4/100 slp|[from] Leech Seed|[of] p2b: Venusaur\n|-sideend|p2: Sturmtruppler|move: Tailwind\n|upkeep\n|turn|5\n|inactive|Sturmtruppler has 30 seconds left.\n|\n|t:|1788432081\n|switch|p1a: Sylveon|Sylveon, L50, F|100/100\n|detailschange|p2a: Charizard|Charizard-Mega-Y, L50, M, shiny\n|-mega|p2a: Charizard|Charizard|Charizardite Y\n|move|p2b: Venusaur|Sleep Powder|p1a: Sylveon\n|-status|p1a: Sylveon|slp|[from] move: Sleep Powder\n|-curestatus|p1b: Garchomp|slp|[msg]\n|move|p1b: Garchomp|Dragon Claw|p2a: Charizard\n|-damage|p2a: Charizard|0 fnt\n|faint|p2a: Charizard\n|-damage|p1b: Garchomp|0 fnt|[from] item: Life Orb\n|faint|p1b: Garchomp\n|\n|-weather|none\n|upkeep\n|\n|t:|1788432082\n|switch|p1b: Charizard|Charizard-Mega-Y, L50, F|20/100y\n|-weather|SunnyDay|[from] ability: Drought|[of] p1b: Charizard\n|turn|6\n|\n|t:|1788432099\n|move|p2b: Venusaur|Sleep Powder|p1b: Charizard\n|-status|p1b: Charizard|slp|[from] move: Sleep Powder\n|cant|p1b: Charizard|slp\n|cant|p1a: Sylveon|slp\n|\n|-weather|SunnyDay|[upkeep]\n|upkeep\n|turn|7\n|\n|t:|1788432109\n|cant|p1b: Charizard|slp\n|move|p2b: Venusaur|Sludge Bomb|p1b: Charizard\n|-damage|p1b: Charizard|0 fnt\n|faint|p1b: Charizard\n|cant|p1a: Sylveon|slp\n|\n|-weather|SunnyDay|[upkeep]\n|upkeep\n|turn|8\n|\n|t:|1788432118\n|move|p2b: Venusaur|Leech Seed|p1a: Sylveon\n|-start|p1a: Sylveon|move: Leech Seed\n|-curestatus|p1a: Sylveon|slp|[msg]\n|move|p1a: Sylveon|Hyper Beam|p2b: Venusaur\n|-resisted|p2b: Venusaur|1\n|-crit|p2b: Venusaur\n|-damage|p2b: Venusaur|21/100\n|-mustrecharge|p1a: Sylveon\n|\n|-weather|SunnyDay|[upkeep]\n|-heal|p2b: Venusaur|27/100|[from] item: Leftovers\n|-damage|p1a: Sylveon|87/100|[from] Leech Seed|[of] p2b: Venusaur\n|-heal|p2b: Venusaur|41/100|[silent]\n|upkeep\n|turn|9\n|\n|t:|1788432129\n|move|p2b: Venusaur|Sludge Bomb|p1a: Sylveon\n|-supereffective|p1a: Sylveon|1\n|-damage|p1a: Sylveon|33/100\n|cant|p1a: Sylveon|recharge\n|\n|-weather|SunnyDay|[upkeep]\n|-heal|p2b: Venusaur|47/100|[from] item: Leftovers\n|-damage|p1a: Sylveon|21/100|[from] Leech Seed|[of] p2b: Venusaur\n|-heal|p2b: Venusaur|62/100|[silent]\n|upkeep\n|turn|10\n|\n|t:|1788432139\n|move|p2b: Venusaur|Sludge Bomb|p1a: Sylveon\n|-supereffective|p1a: Sylveon|1\n|-damage|p1a: Sylveon|0 fnt\n|faint|p1a: Sylveon\n|\n|win|Sturmtruppler\n|raw|Thornlace48812's rating: 1246 &rarr; <strong>1213</strong><br />(-33 for losing)\n|raw|Sturmtruppler's rating: 1133 &rarr; <strong>1166</strong><br />(+33 for winning)\n","uploadtime":1788432139,"views":"0","formatid":"gen9championsvgc2026regmb","rating":1166,"private":0,"password":null}