{"id":"gen9championsvgc2026regmbbo3-2673340580","format":"[Gen 9 Champions] VGC 2026 Reg M-B (Bo3)","players":["jirkunow","spodermees"],"log":"|j|☆jirkunow\n|j|☆spodermees\n|html|<table width=\"100%\"><tr><td align=\"left\">jirkunow</td><td align=\"right\">spodermees</tr><tr><td align=\"left\"><i class=\"fa fa-circle-o\"></i> <i class=\"fa fa-circle-o\"></i> </td><td align=\"right\"><i class=\"fa fa-circle-o\"></i> <i class=\"fa fa-circle\"></i> </tr></table>\n|uhtml|bestof|<h2><strong>Game 2</strong> of <a href=\"/game-bestof3-gen9championsvgc2026regmbbo3-2673338687\">a best-of-3</a></h2>\n|t:|1788185681\n|gametype|doubles\n|player|p1|jirkunow|dancer|1076\n|player|p2|spodermees|sailor|1166\n|gen|9\n|tier|[Gen 9 Champions] VGC 2026 Reg M-B (Bo3)\n|rated|\n|rule|Species Clause: Limit one of each Pokémon\n|rule|Item Clause: Limit 1 of each item\n|clearpoke\n|poke|p1|Swampert, L50, F|\n|poke|p1|Pelipper, L50, F|\n|poke|p1|Archaludon, L50, F|\n|poke|p1|Basculegion, L50, M|\n|poke|p1|Grimmsnarl, L50, M|\n|poke|p1|Venusaur, L50, M|\n|poke|p2|Kingambit, L50, M|\n|poke|p2|Farigiraf, L50, M|\n|poke|p2|Charizard, L50, M|\n|poke|p2|Aerodactyl, L50, M|\n|poke|p2|Garchomp, L50, F|\n|poke|p2|Sylveon, L50, F|\n|teampreview|4\n|showteam|p1|Swampert||Swampertite|Torrent|WaveCrash,Earthquake,Protect,IcePunch|Adamant||F|||50|]Pelipper||FocusSash|Drizzle|Tailwind,WeatherBall,Protect,Hurricane|Modest||F|||50|]Archaludon||SitrusBerry|Stamina|ElectroShot,DragonPulse,FlashCannon,Protect|Modest||F|||50|]Basculegion||ChoiceScarf|Adaptability|LastRespects,AquaJet,FlipTurn,WaveCrash|Jolly||M|||50|]Grimmsnarl||LightClay|Prankster|LightScreen,Reflect,PartingShot,SpiritBreak|Impish||M|||50|]Venusaur||Venusaurite|Chlorophyll|SludgeBomb,GigaDrain,EarthPower,Protect|Modest||M|||50|\n|showteam|p2|Kingambit||FocusSash|Defiant|KowtowCleave,IronHead,LowKick,SuckerPunch|Adamant||M|||50|]Farigiraf||SitrusBerry|ArmorTail|TrickRoom,Thunderbolt,HelpingHand,SunnyDay|Serious||M|||50|]Charizard||CharizarditeY|Blaze|HeatWave,WeatherBall,SolarBeam,Protect|Modest||M|||50|]Aerodactyl||Aerodactylite|Unnerve|RockSlide,DualWingbeat,IceFang,Tailwind|Jolly||M|||50|]Garchomp||LifeOrb|RoughSkin|Protect,Earthquake,DragonClaw,StompingTantrum|Jolly||F|||50|]Sylveon||FairyFeather|Pixilate|HyperBeam,HyperVoice,QuickAttack,Protect|Modest||F|||50|\n|inactive|Battle timer is ON: inactive players will automatically lose when time's up. (requested by spodermees)\n|\n|t:|1788185705\n|teamsize|p1|4\n|teamsize|p2|4\n|start\n|switch|p1a: Venusaur|Venusaur, L50, M|100/100\n|switch|p1b: Grimmsnarl|Grimmsnarl, L50, M|100/100\n|switch|p2a: Charizard|Charizard, L50, M|100/100\n|switch|p2b: Sylveon|Sylveon, L50, F|100/100\n|turn|1\n|\n|t:|1788185728\n|detailschange|p2a: Charizard|Charizard-Mega-Y, L50, M\n|-mega|p2a: Charizard|Charizard|Charizardite Y\n|-weather|SunnyDay|[from] ability: Drought|[of] p2a: Charizard\n|detailschange|p1a: Venusaur|Venusaur-Mega, L50, M\n|-mega|p1a: Venusaur|Venusaur|Venusaurite\n|move|p1b: Grimmsnarl|Parting Shot|p2a: Charizard\n|-unboost|p2a: Charizard|atk|1\n|-unboost|p2a: Charizard|spa|1\n|\n|t:|1788185735\n|switch|p1b: Pelipper|Pelipper, L50, F|100/100|[from] Parting Shot\n|-weather|RainDance|[from] ability: Drizzle|[of] p1b: Pelipper\n|move|p2a: Charizard|Weather Ball|p1a: Venusaur\n|-resisted|p1a: Venusaur|1\n|-damage|p1a: Venusaur|80/100\n|move|p1a: Venusaur|Sludge Bomb|p2b: Sylveon\n|-supereffective|p2b: Sylveon|1\n|-damage|p2b: Sylveon|25/100\n|move|p2b: Sylveon|Hyper Voice|p1b: Pelipper|[spread] p1a,p1b\n|-resisted|p1a: Venusaur|1\n|-damage|p1a: Venusaur|59/100\n|-damage|p1b: Pelipper|18/100\n|\n|-weather|RainDance|[upkeep]\n|upkeep\n|turn|2\n|inactive|jirkunow has 30 seconds left.\n|\n|t:|1788185766\n|switch|p2a: Kingambit|Kingambit, L50, M|100/100\n|switch|p1b: Grimmsnarl|Grimmsnarl, L50, M|100/100\n|move|p2b: Sylveon|Protect|p2b: Sylveon\n|-singleturn|p2b: Sylveon|Protect\n|move|p1a: Venusaur|Sludge Bomb|p2a: Kingambit\n|-immune|p2a: Kingambit\n|\n|-weather|RainDance|[upkeep]\n|upkeep\n|turn|3\n|\n|t:|1788185784\n|switch|p2b: Farigiraf|Farigiraf, L50, M|100/100\n|move|p1b: Grimmsnarl|Light Screen|p1b: Grimmsnarl\n|-sidestart|p1: jirkunow|move: Light Screen\n|move|p1a: Venusaur|Earth Power|p2a: Kingambit\n|-supereffective|p2a: Kingambit|1\n|-damage|p2a: Kingambit|40/100\n|move|p2a: Kingambit|Iron Head|p1b: Grimmsnarl\n|-supereffective|p1b: Grimmsnarl|1\n|-damage|p1b: Grimmsnarl|1/100\n|\n|-weather|RainDance|[upkeep]\n|upkeep\n|turn|4\n|\n|t:|1788185798\n|switch|p1b: Archaludon|Archaludon, L50, F|100/100\n|switch|p2a: Charizard|Charizard-Mega-Y, L50, M|100/100\n|-weather|SunnyDay|[from] ability: Drought|[of] p2a: Charizard\n|move|p1a: Venusaur|Giga Drain|p2b: Farigiraf\n|-damage|p2b: Farigiraf|62/100\n|-heal|p1a: Venusaur|85/100|[from] drain|[of] p2b: Farigiraf\n|move|p2b: Farigiraf|Thunderbolt|p1b: Archaludon\n|-resisted|p1b: Archaludon|1\n|-damage|p1b: Archaludon|90/100\n|-ability|p1b: Archaludon|Stamina|boost\n|-boost|p1b: Archaludon|def|1\n|\n|-weather|SunnyDay|[upkeep]\n|upkeep\n|turn|5\n|\n|t:|1788185818\n|switch|p1b: Pelipper|Pelipper, L50, F|18/100\n|-weather|RainDance|[from] ability: Drizzle|[of] p1b: Pelipper\n|move|p2a: Charizard|Protect|p2a: Charizard\n|-singleturn|p2a: Charizard|Protect\n|move|p1a: Venusaur|Sludge Bomb|p2b: Farigiraf\n|-damage|p2b: Farigiraf|18/100\n|-enditem|p2b: Farigiraf|Sitrus Berry|[eat]\n|-heal|p2b: Farigiraf|43/100|[from] item: Sitrus Berry\n|move|p2b: Farigiraf|Sunny Day|p2b: Farigiraf\n|-weather|SunnyDay\n|\n|-weather|SunnyDay|[upkeep]\n|upkeep\n|turn|6\n|\n|t:|1788185838\n|switch|p1b: Archaludon|Archaludon, L50, F|90/100\n|move|p2b: Farigiraf|Helping Hand|p2a: Charizard\n|-singleturn|p2a: Charizard|Helping Hand|[of] p2b: Farigiraf\n|move|p2a: Charizard|Heat Wave|p1a: Venusaur|[spread] p1a,p1b\n|-supereffective|p1a: Venusaur|1\n|-damage|p1a: Venusaur|22/100\n|-damage|p1b: Archaludon|8/100\n|-status|p1b: Archaludon|brn\n|-ability|p1b: Archaludon|Stamina|boost\n|-boost|p1b: Archaludon|def|1\n|-enditem|p1b: Archaludon|Sitrus Berry|[eat]\n|-heal|p1b: Archaludon|33/100 brn|[from] item: Sitrus Berry\n|move|p1a: Venusaur|Sludge Bomb|p2a: Charizard\n|-damage|p2a: Charizard|50/100g\n|\n|-weather|SunnyDay|[upkeep]\n|-damage|p1b: Archaludon|27/100 brn|[from] brn\n|upkeep\n|turn|7\n|inactive|jirkunow has 30 seconds left.\n|\n|t:|1788185866\n|switch|p1b: Pelipper|Pelipper, L50, F|18/100\n|-weather|RainDance|[from] ability: Drizzle|[of] p1b: Pelipper\n|move|p2b: Farigiraf|Helping Hand|p2a: Charizard\n|-singleturn|p2a: Charizard|Helping Hand|[of] p2b: Farigiraf\n|move|p2a: Charizard|Heat Wave|p1a: Venusaur|[spread] p1a,p1b\n|-supereffective|p1a: Venusaur|1\n|-resisted|p1b: Pelipper|1\n|-damage|p1a: Venusaur|1/100\n|-damage|p1b: Pelipper|0 fnt\n|faint|p1b: Pelipper\n|move|p1a: Venusaur|Giga Drain|p2a: Charizard\n|-resisted|p2a: Charizard|2\n|-damage|p2a: Charizard|41/100\n|-heal|p1a: Venusaur|5/100|[from] drain|[of] p2a: Charizard\n|\n|-weather|RainDance|[upkeep]\n|upkeep\n|\n|t:|1788185871\n|switch|p1b: Archaludon|Archaludon, L50, F|27/100 brn\n|turn|8\n|\n|t:|1788185885\n|switch|p2a: Sylveon|Sylveon, L50, F|25/100\n|move|p1b: Archaludon|Electro Shot||[still]\n|-prepare|p1b: Archaludon|Electro Shot\n|-boost|p1b: Archaludon|spa|1\n|-anim|p1b: Archaludon|Electro Shot|p2a: Sylveon\n|-damage|p2a: Sylveon|0 fnt\n|faint|p2a: Sylveon\n|move|p1a: Venusaur|Earth Power|p2b: Farigiraf\n|-damage|p2b: Farigiraf|13/100\n|move|p2b: Farigiraf|Thunderbolt|p1a: Venusaur\n|-resisted|p1a: Venusaur|1\n|-damage|p1a: Venusaur|0 fnt\n|faint|p1a: Venusaur\n|\n|-weather|RainDance|[upkeep]\n|-damage|p1b: Archaludon|21/100 brn|[from] brn\n|upkeep\n|\n|t:|1788185894\n|switch|p1a: Grimmsnarl|Grimmsnarl, L50, M|1/100\n|switch|p2a: Charizard|Charizard-Mega-Y, L50, M|41/100\n|-weather|SunnyDay|[from] ability: Drought|[of] p2a: Charizard\n|turn|9\n|\n|t:|1788185903\n|move|p1b: Archaludon|Protect|p1b: Archaludon\n|-singleturn|p1b: Archaludon|Protect\n|move|p2a: Charizard|Weather Ball|p1b: Archaludon\n|-activate|p1b: Archaludon|move: Protect\n|move|p1a: Grimmsnarl|Spirit Break|p2a: Charizard\n|-resisted|p2a: Charizard|1\n|-damage|p2a: Charizard|18/100\n|-unboost|p2a: Charizard|spa|1\n|move|p2b: Farigiraf|Thunderbolt|p1a: Grimmsnarl\n|-damage|p1a: Grimmsnarl|0 fnt\n|faint|p1a: Grimmsnarl\n|\n|-weather|SunnyDay|[upkeep]\n|-damage|p1b: Archaludon|15/100 brn|[from] brn\n|upkeep\n|turn|10\n|\n|t:|1788185911\n|move|p2b: Farigiraf|Helping Hand|p2a: Charizard\n|-singleturn|p2a: Charizard|Helping Hand|[of] p2b: Farigiraf\n|move|p2a: Charizard|Weather Ball|p1b: Archaludon\n|-damage|p1b: Archaludon|0 fnt\n|faint|p1b: Archaludon\n|\n|win|spodermees\n|raw|jirkunow's rating: 1076 &rarr; <strong>1060</strong><br />(-16 for losing)\n|raw|spodermees's rating: 1166 &rarr; <strong>1185</strong><br />(+19 for winning)\n","uploadtime":1788185912,"views":"0","formatid":"gen9championsvgc2026regmbbo3","rating":1060,"private":0,"password":null}