{"id":"gen9championsvgc2026regmb-2673924309","format":"[Gen 9 Champions] VGC 2026 Reg M-B","players":["cinarguncavdi2231","Lvl4Metapod"],"log":"|j|☆cinarguncavdi2231\n|j|☆Lvl4Metapod\n|t:|1788277720\n|gametype|doubles\n|player|p1|cinarguncavdi2231|1|1546\n|player|p2|Lvl4Metapod|266|1505\n|gen|9\n|tier|[Gen 9 Champions] VGC 2026 Reg M-B\n|rated|\n|rule|Species Clause: Limit one of each Pokémon\n|rule|Item Clause: Limit 1 of each item\n|clearpoke\n|poke|p1|Raichu, L50, F|\n|poke|p1|Scolipede, L50, F|\n|poke|p1|Ceruledge, L50, M|\n|poke|p1|Weavile, L50, M|\n|poke|p1|Milotic, L50, M|\n|poke|p1|Sinistcha, L50|\n|poke|p2|Bellibolt, L50, M|\n|poke|p2|Raichu, L50, F|\n|poke|p2|Staraptor, L50, M|\n|poke|p2|Hippowdon, L50, F|\n|poke|p2|Grimmsnarl, L50, M|\n|poke|p2|Sinistcha, L50|\n|teampreview|4\n|inactive|Battle timer is ON: inactive players will automatically lose when time's up. (requested by cinarguncavdi2231)\n|inactive|cinarguncavdi2231 has 60 seconds left.\n|\n|t:|1788277759\n|teamsize|p1|4\n|teamsize|p2|4\n|start\n|switch|p1a: Weavile|Weavile, L50, M|100/100\n|switch|p1b: Milotic|Milotic, L50, M|100/100\n|switch|p2a: Grimmsnarl|Grimmsnarl, L50, M|100/100\n|switch|p2b: Bellibolt|Bellibolt, L50, M|100/100\n|turn|1\n|\n|t:|1788277782\n|move|p1a: Weavile|Fake Out|p2b: Bellibolt\n|-damage|p2b: Bellibolt|89/100\n|-start|p2b: Bellibolt|Charge|Fake Out|[from] ability: Electromorphosis\n|move|p2a: Grimmsnarl|Light Screen|p2a: Grimmsnarl\n|-sidestart|p2: Lvl4Metapod|move: Light Screen\n|move|p1b: Milotic|Coil|p1b: Milotic\n|-boost|p1b: Milotic|atk|1\n|-boost|p1b: Milotic|def|1\n|-boost|p1b: Milotic|accuracy|1\n|cant|p2b: Bellibolt|flinch\n|\n|upkeep\n|turn|2\n|\n|t:|1788277802\n|switch|p1a: Raichu|Raichu, L50, F|100/100\n|move|p2a: Grimmsnarl|Reflect|p2a: Grimmsnarl\n|-sidestart|p2: Lvl4Metapod|Reflect\n|move|p1b: Milotic|Coil|p1b: Milotic\n|-boost|p1b: Milotic|atk|1\n|-boost|p1b: Milotic|def|1\n|-boost|p1b: Milotic|accuracy|1\n|move|p2b: Bellibolt|Parabolic Charge|p1b: Milotic|[spread] p2a,p1b\n|-ability|p1a: Raichu|Lightning Rod|boost\n|-boost|p1a: Raichu|spa|1\n|-supereffective|p1b: Milotic|1\n|-damage|p2a: Grimmsnarl|79/100\n|-heal|p2b: Bellibolt|99/100|[from] drain|[of] p2a: Grimmsnarl\n|-damage|p1b: Milotic|48/100\n|-heal|p2b: Bellibolt|100/100|[from] drain|[of] p1b: Milotic\n|-end|p2b: Bellibolt|Charge|[silent]\n|\n|-heal|p1b: Milotic|54/100|[from] item: Leftovers\n|upkeep\n|turn|3\n|\n|t:|1788277823\n|move|p2b: Bellibolt|Protect|p2b: Bellibolt\n|-singleturn|p2b: Bellibolt|Protect\n|move|p1a: Raichu|Fake Out|p2a: Grimmsnarl\n|-damage|p2a: Grimmsnarl|73/100\n|move|p1b: Milotic|Hypnosis|p2b: Bellibolt\n|-activate|p2b: Bellibolt|move: Protect\n|cant|p2a: Grimmsnarl|flinch\n|\n|-heal|p1b: Milotic|60/100|[from] item: Leftovers\n|upkeep\n|turn|4\n|\n|t:|1788277842\n|move|p1a: Raichu|Protect|p1a: Raichu\n|-singleturn|p1a: Raichu|Protect\n|move|p1b: Milotic|Hypnosis|p2b: Bellibolt\n|-status|p2b: Bellibolt|slp|[from] move: Hypnosis\n|move|p2a: Grimmsnarl|Throat Chop|p1a: Raichu\n|-activate|p1a: Raichu|move: Protect\n|cant|p2b: Bellibolt|slp\n|\n|-heal|p1b: Milotic|66/100|[from] item: Leftovers\n|upkeep\n|turn|5\n|\n|t:|1788277860\n|detailschange|p1a: Raichu|Raichu-Mega-Y, L50, F\n|-mega|p1a: Raichu|Raichu|Raichunite Y\n|move|p2a: Grimmsnarl|Parting Shot|p1a: Raichu\n|-unboost|p1a: Raichu|atk|1\n|-unboost|p1a: Raichu|spa|1\n|\n|t:|1788277864\n|switch|p2a: Hippowdon|Hippowdon, L50, F|100/100|[from] Parting Shot\n|-weather|Sandstorm|[from] ability: Sand Stream|[of] p2a: Hippowdon\n|move|p1a: Raichu|Focus Blast|p2b: Bellibolt\n|-damage|p2b: Bellibolt|78/100 slp\n|-start|p2b: Bellibolt|Charge|Focus Blast|[from] ability: Electromorphosis\n|move|p1b: Milotic|Muddy Water|p2b: Bellibolt|[spread] p2a,p2b\n|-supereffective|p2a: Hippowdon|1\n|-damage|p2a: Hippowdon|70/100\n|-damage|p2b: Bellibolt|65/100 slp\n|-unboost|p2a: Hippowdon|accuracy|1\n|-start|p2b: Bellibolt|Charge|Muddy Water|[from] ability: Electromorphosis\n|-curestatus|p2b: Bellibolt|slp|[msg]\n|move|p2b: Bellibolt|Parabolic Charge|p1a: Raichu|[spread] p1a,p1b\n|-immune|p2a: Hippowdon\n|-resisted|p1a: Raichu|1\n|-supereffective|p1b: Milotic|1\n|-damage|p1a: Raichu|74/100\n|-heal|p2b: Bellibolt|75/100|[from] drain|[of] p1a: Raichu\n|-damage|p1b: Milotic|11/100\n|-heal|p2b: Bellibolt|100/100|[from] drain|[of] p1b: Milotic\n|-end|p2b: Bellibolt|Charge|[silent]\n|\n|-weather|Sandstorm|[upkeep]\n|-damage|p1a: Raichu|68/100|[from] Sandstorm\n|-damage|p1b: Milotic|5/100|[from] Sandstorm\n|-damage|p2b: Bellibolt|93/100|[from] Sandstorm\n|-heal|p1b: Milotic|11/100|[from] item: Leftovers\n|upkeep\n|turn|6\n|inactive|Lvl4Metapod has 30 seconds left.\n|\n|t:|1788277898\n|switch|p1a: Sinistcha|Sinistcha, L50|100/100\n|-heal|p1b: Milotic|36/100|[from] ability: Hospitality|[of] p1a: Sinistcha\n|switch|p2a: Grimmsnarl|Grimmsnarl, L50, M|73/100\n|move|p1b: Milotic|Recover|p1b: Milotic\n|-heal|p1b: Milotic|86/100\n|move|p2b: Bellibolt|Parabolic Charge|p1b: Milotic|[spread] p2a,p1a,p1b\n|-resisted|p1a: Sinistcha|1\n|-supereffective|p1b: Milotic|1\n|-damage|p2a: Grimmsnarl|63/100\n|-heal|p2b: Bellibolt|99/100|[from] drain|[of] p2a: Grimmsnarl\n|-damage|p1a: Sinistcha|89/100\n|-heal|p2b: Bellibolt|100/100|[from] drain|[of] p1a: Sinistcha\n|-damage|p1b: Milotic|59/100\n|\n|-weather|Sandstorm|[upkeep]\n|-damage|p1b: Milotic|53/100|[from] Sandstorm\n|-damage|p2a: Grimmsnarl|57/100|[from] Sandstorm\n|-damage|p1a: Sinistcha|83/100|[from] Sandstorm\n|-damage|p2b: Bellibolt|93/100|[from] Sandstorm\n|-heal|p1b: Milotic|59/100|[from] item: Leftovers\n|upkeep\n|turn|7\n|\n|t:|1788277921\n|move|p1b: Milotic|Hypnosis|p2b: Bellibolt\n|-status|p2b: Bellibolt|slp|[from] move: Hypnosis\n|move|p1a: Sinistcha|Matcha Gotcha|p2a: Grimmsnarl|[spread] p2a,p2b\n|-damage|p2a: Grimmsnarl|43/100\n|-heal|p1a: Sinistcha|91/100|[from] drain|[of] p2a: Grimmsnarl\n|-damage|p2b: Bellibolt|80/100 slp\n|-heal|p1a: Sinistcha|98/100|[from] drain|[of] p2b: Bellibolt\n|-start|p2b: Bellibolt|Charge|Matcha Gotcha|[from] ability: Electromorphosis\n|move|p2a: Grimmsnarl|Throat Chop|p1a: Sinistcha\n|-supereffective|p1a: Sinistcha|1\n|-damage|p1a: Sinistcha|48/100\n|-start|p1a: Sinistcha|Throat Chop|[silent]\n|-enditem|p1a: Sinistcha|Sitrus Berry|[eat]\n|-heal|p1a: Sinistcha|73/100|[from] item: Sitrus Berry\n|cant|p2b: Bellibolt|slp\n|-end|p2b: Bellibolt|Charge|[silent]\n|\n|-weather|Sandstorm|[upkeep]\n|-damage|p1b: Milotic|53/100|[from] Sandstorm\n|-damage|p2a: Grimmsnarl|37/100|[from] Sandstorm\n|-damage|p1a: Sinistcha|66/100|[from] Sandstorm\n|-damage|p2b: Bellibolt|74/100 slp|[from] Sandstorm\n|-heal|p1b: Milotic|59/100|[from] item: Leftovers\n|upkeep\n|turn|8\n|\n|t:|1788277941\n|move|p2a: Grimmsnarl|Parting Shot|p1a: Sinistcha\n|-unboost|p1a: Sinistcha|atk|1\n|-unboost|p1a: Sinistcha|spa|1\n|\n|t:|1788277951\n|switch|p2a: Hippowdon|Hippowdon, L50, F|70/100|[from] Parting Shot\n|move|p1b: Milotic|Hypnosis|p2a: Hippowdon\n|-status|p2a: Hippowdon|slp|[from] move: Hypnosis\n|move|p1a: Sinistcha|Matcha Gotcha|p2a: Hippowdon|[spread] p2a,p2b\n|-supereffective|p2a: Hippowdon|1\n|-crit|p2b: Bellibolt\n|-damage|p2a: Hippowdon|50/100y slp\n|-heal|p1a: Sinistcha|78/100|[from] drain|[of] p2a: Hippowdon\n|-damage|p2b: Bellibolt|44/100 slp\n|-heal|p1a: Sinistcha|96/100|[from] drain|[of] p2b: Bellibolt\n|-start|p2b: Bellibolt|Charge|Matcha Gotcha|[from] ability: Electromorphosis\n|-enditem|p2b: Bellibolt|Sitrus Berry|[eat]\n|-heal|p2b: Bellibolt|69/100 slp|[from] item: Sitrus Berry\n|-curestatus|p2b: Bellibolt|slp|[msg]\n|move|p2b: Bellibolt|Thunderbolt|p1b: Milotic\n|-supereffective|p1b: Milotic|1\n|-damage|p1b: Milotic|0 fnt\n|faint|p1b: Milotic\n|-end|p2b: Bellibolt|Charge|[silent]\n|\n|-weather|Sandstorm|[upkeep]\n|-damage|p1a: Sinistcha|89/100|[from] Sandstorm\n|-damage|p2b: Bellibolt|63/100|[from] Sandstorm\n|-end|p1a: Sinistcha|Throat Chop|[silent]\n|-sideend|p2: Lvl4Metapod|move: Light Screen\n|upkeep\n|\n|t:|1788277972\n|switch|p1b: Raichu|Raichu-Mega-Y, L50, F|68/100\n|turn|9\n|\n|t:|1788277986\n|move|p1b: Raichu|Focus Blast|p2b: Bellibolt\n|-damage|p2b: Bellibolt|32/100\n|-start|p2b: Bellibolt|Charge|Focus Blast|[from] ability: Electromorphosis\n|move|p1a: Sinistcha|Matcha Gotcha|p2a: Hippowdon|[spread] p2a,p2b\n|-supereffective|p2a: Hippowdon|1\n|-damage|p2a: Hippowdon|17/100 slp\n|-heal|p1a: Sinistcha|100/100|[from] drain|[of] p2a: Hippowdon\n|-damage|p2b: Bellibolt|18/100\n|-start|p2b: Bellibolt|Charge|Matcha Gotcha|[from] ability: Electromorphosis\n|move|p2b: Bellibolt|Parabolic Charge|p1a: Sinistcha|[spread] p1a,p1b\n|-immune|p2a: Hippowdon\n|-resisted|p1a: Sinistcha|1\n|-resisted|p1b: Raichu|1\n|-damage|p1a: Sinistcha|79/100\n|-heal|p2b: Bellibolt|27/100|[from] drain|[of] p1a: Sinistcha\n|-damage|p1b: Raichu|45/100\n|-heal|p2b: Bellibolt|37/100|[from] drain|[of] p1b: Raichu\n|-end|p2b: Bellibolt|Charge|[silent]\n|cant|p2a: Hippowdon|slp\n|\n|-weather|none\n|-sideend|p2: Lvl4Metapod|Reflect\n|upkeep\n|turn|10\n|j| elskerhafla\n|\n|t:|1788278009\n|move|p2b: Bellibolt|Protect|p2b: Bellibolt\n|-singleturn|p2b: Bellibolt|Protect\n|move|p1b: Raichu|Focus Blast|p2b: Bellibolt\n|-activate|p2b: Bellibolt|move: Protect\n|move|p1a: Sinistcha|Matcha Gotcha|p2a: Hippowdon|[spread] p2a\n|-activate|p2b: Bellibolt|move: Protect\n|-supereffective|p2a: Hippowdon|1\n|-damage|p2a: Hippowdon|0 fnt\n|-heal|p1a: Sinistcha|88/100|[from] drain|[of] p2a: Hippowdon\n|faint|p2a: Hippowdon\n|\n|upkeep\n|\n|t:|1788278016\n|switch|p2a: Grimmsnarl|Grimmsnarl, L50, M|37/100\n|turn|11\n|\n|t:|1788278029\n|move|p2a: Grimmsnarl|Light Screen|p2a: Grimmsnarl\n|-sidestart|p2: Lvl4Metapod|move: Light Screen\n|move|p1b: Raichu|Focus Blast|p2b: Bellibolt\n|-damage|p2b: Bellibolt|16/100\n|-start|p2b: Bellibolt|Charge|Focus Blast|[from] ability: Electromorphosis\n|move|p1a: Sinistcha|Matcha Gotcha|p2b: Bellibolt|[spread] p2a,p2b\n|-damage|p2a: Grimmsnarl|28/100\n|-heal|p1a: Sinistcha|93/100|[from] drain|[of] p2a: Grimmsnarl\n|-damage|p2b: Bellibolt|8/100\n|-heal|p1a: Sinistcha|98/100|[from] drain|[of] p2b: Bellibolt\n|-start|p2b: Bellibolt|Charge|Matcha Gotcha|[from] ability: Electromorphosis\n|move|p2b: Bellibolt|Thunderbolt|p1b: Raichu\n|-resisted|p1b: Raichu|1\n|-damage|p1b: Raichu|0 fnt\n|faint|p1b: Raichu\n|-end|p2b: Bellibolt|Charge|[silent]\n|\n|upkeep\n|\n|t:|1788278034\n|switch|p1b: Weavile|Weavile, L50, M|100/100\n|turn|12\n|\n|t:|1788278051\n|move|p2b: Bellibolt|Protect|p2b: Bellibolt\n|-singleturn|p2b: Bellibolt|Protect\n|move|p1b: Weavile|Fake Out|p2a: Grimmsnarl\n|-damage|p2a: Grimmsnarl|12/100\n|cant|p2a: Grimmsnarl|flinch\n|move|p1a: Sinistcha|Matcha Gotcha|p2a: Grimmsnarl|[spread] p2a\n|-activate|p2b: Bellibolt|move: Protect\n|-crit|p2a: Grimmsnarl\n|-damage|p2a: Grimmsnarl|0 fnt\n|-heal|p1a: Sinistcha|100/100|[from] drain|[of] p2a: Grimmsnarl\n|faint|p2a: Grimmsnarl\n|\n|upkeep\n|\n|t:|1788278054\n|switch|p2a: Staraptor|Staraptor, L50, M|100/100\n|-ability|p2a: Staraptor|Intimidate|boost\n|-unboost|p1a: Sinistcha|atk|1\n|-unboost|p1b: Weavile|atk|1\n|turn|13\n|\n|t:|1788278068\n|detailschange|p2a: Staraptor|Staraptor-Mega, L50, M\n|-mega|p2a: Staraptor|Staraptor|Staraptite\n|move|p1b: Weavile|Knock Off|p2b: Bellibolt\n|-damage|p2b: Bellibolt|0 fnt\n|faint|p2b: Bellibolt\n|move|p2a: Staraptor|Close Combat|p1b: Weavile\n|-supereffective|p1b: Weavile|2\n|-enditem|p1b: Weavile|Focus Sash\n|-damage|p1b: Weavile|1/100\n|-boost|p2a: Staraptor|def|1\n|-boost|p2a: Staraptor|spd|1\n|move|p1a: Sinistcha|Matcha Gotcha|p2a: Staraptor|[miss]\n|-miss|p1a: Sinistcha|p2a: Staraptor\n|\n|upkeep\n|turn|14\n|\n|t:|1788278076\n|move|p1a: Sinistcha|Rage Powder|p1a: Sinistcha\n|-singleturn|p1a: Sinistcha|move: Rage Powder\n|move|p1b: Weavile|Triple Axel|p2a: Staraptor\n|-supereffective|p2a: Staraptor|1\n|-damage|p2a: Staraptor|90/100\n|-supereffective|p2a: Staraptor|1\n|-damage|p2a: Staraptor|73/100\n|-supereffective|p2a: Staraptor|1\n|-damage|p2a: Staraptor|47/100\n|-hitcount|p2a: Staraptor|3\n|move|p2a: Staraptor|Brave Bird|p1a: Sinistcha\n|-supereffective|p1a: Sinistcha|1\n|-damage|p1a: Sinistcha|17/100\n|-damage|p2a: Staraptor|21/100|[from] Recoil\n|\n|upkeep\n|turn|15\n|c|☆Lvl4Metapod|gg\n|\n|t:|1788278086\n|move|p1a: Sinistcha|Rage Powder|p1a: Sinistcha\n|-singleturn|p1a: Sinistcha|move: Rage Powder\n|move|p1b: Weavile|Triple Axel|p2a: Staraptor\n|-supereffective|p2a: Staraptor|1\n|-damage|p2a: Staraptor|12/100\n|-supereffective|p2a: Staraptor|1\n|-damage|p2a: Staraptor|0 fnt\n|faint|p2a: Staraptor\n|-hitcount|p2: Staraptor|2\n|\n|win|cinarguncavdi2231\n|raw|cinarguncavdi2231's rating: 1546 &rarr; <strong>1564</strong><br />(+18 for winning)\n|raw|Lvl4Metapod's rating: 1505 &rarr; <strong>1487</strong><br />(-18 for losing)\n|c|☆cinarguncavdi2231|Gg bro\n|c|☆cinarguncavdi2231|Cool tech\n","uploadtime":1788278104,"views":"4","formatid":"gen9championsvgc2026regmb","rating":1487,"private":0,"password":null}