{"id":"gen9championsvgc2026regmb-2674078241","format":"[Gen 9 Champions] VGC 2026 Reg M-B","players":["disciple of blahaj","CYalo"],"log":"|j|☆disciple of blahaj\n|j|☆CYalo\n|t:|1788296117\n|gametype|doubles\n|player|p1|disciple of blahaj|iris|1290\n|player|p2|CYalo|wallace|1323\n|gen|9\n|tier|[Gen 9 Champions] VGC 2026 Reg M-B\n|rated|\n|rule|Species Clause: Limit one of each Pokémon\n|rule|Item Clause: Limit 1 of each item\n|clearpoke\n|poke|p1|Eelektross, L50, F|\n|poke|p1|Garchomp, L50, F|\n|poke|p1|Aerodactyl, L50, M|\n|poke|p1|Sinistcha, L50|\n|poke|p1|Toxapex, L50, F|\n|poke|p1|Froslass, L50, F, shiny|\n|poke|p2|Raichu, L50, F|\n|poke|p2|Arcanine-Hisui, L50, F|\n|poke|p2|Weavile, L50, F|\n|poke|p2|Basculegion, L50, M|\n|poke|p2|Klefki, L50, F|\n|poke|p2|Altaria, L50, M|\n|teampreview|4\n|\n|t:|1788296141\n|teamsize|p1|4\n|teamsize|p2|4\n|start\n|switch|p1a: Blåhaj|Garchomp, L50, F|100/100\n|switch|p1b: Noelle|Froslass, L50, F, shiny|100/100\n|switch|p2a: Weavile|Weavile, L50, F|100/100\n|switch|p2b: Arcanine|Arcanine-Hisui, L50, F|100/100\n|-ability|p2b: Arcanine|Intimidate|boost\n|-unboost|p1a: Blåhaj|atk|1\n|-unboost|p1b: Noelle|atk|1\n|turn|1\n|\n|t:|1788296169\n|move|p2b: Arcanine|Protect|p2b: Arcanine\n|-singleturn|p2b: Arcanine|Protect\n|move|p1a: Blåhaj|Earthquake|p2b: Arcanine|[spread] p1b,p2a\n|-activate|p2b: Arcanine|move: Protect\n|-damage|p1b: Noelle|67/100\n|-damage|p2a: Weavile|48/100\n|move|p2a: Weavile|Knock Off|p1b: Noelle\n|-supereffective|p1b: Noelle|1\n|-damage|p1b: Noelle|0 fnt\n|-start|p2a: Weavile|Disable|Knock Off|[from] ability: Cursed Body|[of] p1b: Noelle\n|faint|p1b: Noelle\n|\n|upkeep\n|\n|t:|1788296174\n|switch|p1b: Eskeelators|Eelektross, L50, F|100/100\n|turn|2\n|\n|t:|1788296196\n|detailschange|p1b: Eskeelators|Eelektross-Mega, L50, F\n|-mega|p1b: Eskeelators|Eelektross|Eelektrossite\n|move|p2a: Weavile|Protect|p2a: Weavile\n|-singleturn|p2a: Weavile|Protect\n|move|p1a: Blåhaj|Earthquake|p2b: Arcanine|[spread] p2b\n|-activate|p2a: Weavile|move: Protect\n|-immune|p1b: Eskeelators|[from] ability: Eelevate\n|-supereffective|p2b: Arcanine|2\n|-crit|p2b: Arcanine\n|-damage|p2b: Arcanine|0 fnt\n|faint|p2b: Arcanine\n|move|p1b: Eskeelators|Discharge|p2a: Weavile|[spread] \n|-activate|p2a: Weavile|move: Protect\n|-immune|p1a: Blåhaj\n|\n|upkeep\n|\n|t:|1788296207\n|switch|p2b: Raichu|Raichu, L50, F|100/100\n|turn|3\n|\n|t:|1788296231\n|switch|p1a: Pterra|Aerodactyl, L50, M|100/100\n|-ability|p1a: Pterra|Unnerve\n|move|p2b: Raichu|Fake Out|p1a: Pterra\n|-resisted|p1a: Pterra|1\n|-damage|p1a: Pterra|94/100\n|move|p2a: Weavile|Triple Axel|p1a: Pterra\n|-supereffective|p1a: Pterra|1\n|-damage|p1a: Pterra|59/100\n|-supereffective|p1a: Pterra|1\n|-damage|p1a: Pterra|0 fnt\n|faint|p1a: Pterra\n|-hitcount|p1: Pterra|2\n|move|p1b: Eskeelators|Discharge|p2b: Raichu|[spread] p2a\n|-ability|p2b: Raichu|Lightning Rod|boost\n|-boost|p2b: Raichu|spa|1\n|-damage|p2a: Weavile|0 fnt\n|faint|p2a: Weavile\n|-ability|p1b: Eskeelators|Eelevate|boost\n|-boost|p1b: Eskeelators|spa|1\n|\n|upkeep\n|\n|t:|1788296248\n|switch|p1a: Blåhaj|Garchomp, L50, F|100/100\n|switch|p2a: Basculegion|Basculegion, L50, M|100/100\n|turn|4\n|\n|t:|1788296263\n|move|p2b: Raichu|Protect|p2b: Raichu\n|-singleturn|p2b: Raichu|Protect\n|move|p1a: Blåhaj|Earthquake|p2b: Raichu|[spread] p2a\n|-activate|p2b: Raichu|move: Protect\n|-immune|p1b: Eskeelators|[from] ability: Eelevate\n|-damage|p2a: Basculegion|49/100\n|move|p2a: Basculegion|Last Respects|p1a: Blåhaj\n|-damage|p1a: Blåhaj|1/100\n|move|p1b: Eskeelators|Discharge|p2b: Raichu|[spread] p2a\n|-activate|p2b: Raichu|move: Protect\n|-immune|p1a: Blåhaj\n|-supereffective|p2a: Basculegion|1\n|-damage|p2a: Basculegion|0 fnt\n|faint|p2a: Basculegion\n|-ability|p1b: Eskeelators|Eelevate|boost\n|-boost|p1b: Eskeelators|spa|1\n|\n|upkeep\n|turn|5\n|\n|t:|1788296285\n|detailschange|p2b: Raichu|Raichu-Mega-Y, L50, F\n|-mega|p2b: Raichu|Raichu|Raichunite Y\n|move|p1a: Blåhaj|Earthquake|p2b: Raichu|[spread] p2b\n|-immune|p1b: Eskeelators|[from] ability: Eelevate\n|-supereffective|p2b: Raichu|1\n|-damage|p2b: Raichu|0 fnt\n|faint|p2b: Raichu\n|\n|win|disciple of blahaj\n|raw|disciple of blahaj's rating: 1290 &rarr; <strong>1317</strong><br />(+27 for winning)\n|raw|CYalo's rating: 1323 &rarr; <strong>1301</strong><br />(-22 for losing)\n|l|☆CYalo\n|player|p2|\n","uploadtime":1788296294,"views":"1","formatid":"gen9championsvgc2026regmb","rating":1301,"private":0,"password":null}