{"id":"gen9championsvgc2026regmb-2674794957","format":"[Gen 9 Champions] VGC 2026 Reg M-B","players":["HospitalityCheck","carrotbeafsteak"],"log":"|j|☆HospitalityCheck\n|j|☆carrotbeafsteak\n|t:|1788408223\n|gametype|doubles\n|player|p1|HospitalityCheck|2|1131\n|player|p2|carrotbeafsteak|170|1217\n|gen|9\n|tier|[Gen 9 Champions] VGC 2026 Reg M-B\n|rated|\n|rule|Species Clause: Limit one of each Pokémon\n|rule|Item Clause: Limit 1 of each item\n|clearpoke\n|poke|p1|Metagross, L50|\n|poke|p1|Incineroar, L50, M|\n|poke|p1|Sinistcha, L50|\n|poke|p1|Whimsicott, L50, F|\n|poke|p1|Garchomp, L50, M|\n|poke|p1|Kingambit, L50, F|\n|poke|p2|Simipour, L50, M|\n|poke|p2|Simisage, L50, F|\n|poke|p2|Simisear, L50, M|\n|poke|p2|Pelipper, L50, M|\n|poke|p2|Torkoal, L50, F|\n|poke|p2|Gyarados, L50, M|\n|teampreview|4\n|inactive|Battle timer is ON: inactive players will automatically lose when time's up. (requested by HospitalityCheck)\nHospitalityCheck has agreed to open team sheets.\n|\n|t:|1788408249\n|teamsize|p1|4\n|teamsize|p2|4\n|start\n|switch|p1a: Metagross|Metagross, L50|100/100\n|switch|p1b: Incineroar|Incineroar, L50, M|100/100\n|switch|p2a: Simisear|Simisear, L50, M|100/100\n|switch|p2b: Torkoal|Torkoal, L50, F|100/100\n|-ability|p1b: Incineroar|Intimidate|boost\n|-unboost|p2a: Simisear|atk|1\n|-unboost|p2b: Torkoal|atk|1\n|-weather|SunnyDay|[from] ability: Drought|[of] p2b: Torkoal\n|turn|1\n|\n|t:|1788408260\n|switch|p1b: Garchomp|Garchomp, L50, M|100/100\n|detailschange|p1a: Metagross|Metagross-Mega, L50\n|-mega|p1a: Metagross|Metagross|Metagrossite\n|move|p1a: Metagross|Protect|p1a: Metagross\n|-singleturn|p1a: Metagross|Protect\n|move|p2a: Simisear|Fire Blast|p1a: Metagross\n|-activate|p1a: Metagross|move: Protect\n|move|p2b: Torkoal|Eruption|p1b: Garchomp|[spread] p1b\n|-activate|p1a: Metagross|move: Protect\n|-resisted|p1b: Garchomp|1\n|-damage|p1b: Garchomp|69/100\n|\n|-weather|SunnyDay|[upkeep]\n|upkeep\n|turn|2\n|inactive|carrotbeafsteak has 30 seconds left.\n|\n|t:|1788408286\n|switch|p2a: Simipour|Simipour, L50, M|100/100\n|switch|p2b: Gyarados|Gyarados, L50, M|100/100\n|-ability|p2b: Gyarados|Intimidate|boost\n|-unboost|p1a: Metagross|atk|1\n|-unboost|p1b: Garchomp|atk|1\n|move|p1b: Garchomp|Earthquake|p2a: Simipour|[spread] p1a,p2a\n|-immune|p2b: Gyarados\n|-supereffective|p1a: Metagross|1\n|-damage|p1a: Metagross|48/100\n|-damage|p2a: Simipour|38/100\n|-damage|p1b: Garchomp|60/100|[from] item: Life Orb\n|move|p1a: Metagross|Psychic Fangs|p2b: Gyarados\n|-damage|p2b: Gyarados|50/100y\n|\n|-weather|SunnyDay|[upkeep]\n|upkeep\n|turn|3\n|\n|t:|1788408310\n|detailschange|p2b: Gyarados|Gyarados-Mega, L50, M\n|-mega|p2b: Gyarados|Gyarados|Gyaradosite\n|-ability|p2b: Gyarados|Mold Breaker\n|move|p1a: Metagross|Protect|p1a: Metagross\n|-singleturn|p1a: Metagross|Protect\n|move|p2a: Simipour|Ice Beam|p1b: Garchomp\n|-supereffective|p1b: Garchomp|2\n|-damage|p1b: Garchomp|0 fnt\n|faint|p1b: Garchomp\n|move|p2b: Gyarados|Dragon Dance|p2b: Gyarados\n|-boost|p2b: Gyarados|atk|1\n|-boost|p2b: Gyarados|spe|1\n|\n|-weather|SunnyDay|[upkeep]\n|upkeep\n|\n|t:|1788408311\n|switch|p1b: Sinistcha|Sinistcha, L50|100/100\n|-heal|p1a: Metagross|73/100|[from] ability: Hospitality|[of] p1b: Sinistcha\n|turn|4\n|\n|t:|1788408324\n|switch|p2a: Torkoal|Torkoal, L50, F|100/100\n|move|p2b: Gyarados|Crunch|p1a: Metagross\n|-supereffective|p1a: Metagross|1\n|-damage|p1a: Metagross|0 fnt\n|faint|p1a: Metagross\n|move|p1b: Sinistcha|Matcha Gotcha|p2a: Torkoal|[spread] p2a,p2b\n|-resisted|p2a: Torkoal|1\n|-supereffective|p2b: Gyarados|1\n|-damage|p2a: Torkoal|86/100\n|-damage|p2b: Gyarados|11/100\n|\n|-weather|SunnyDay|[upkeep]\n|-heal|p2a: Torkoal|92/100|[from] item: Leftovers\n|upkeep\n|\n|t:|1788408325\n|switch|p1a: Incineroar|Incineroar, L50, M|100/100\n|-ability|p1a: Incineroar|Intimidate|boost\n|-unboost|p2a: Torkoal|atk|1\n|-unboost|p2b: Gyarados|atk|1\n|turn|5\n|\n|t:|1788408337\n|move|p2b: Gyarados|Protect|p2b: Gyarados\n|-singleturn|p2b: Gyarados|Protect\n|move|p1b: Sinistcha|Matcha Gotcha|p2b: Gyarados|[spread] p2a\n|-activate|p2b: Gyarados|move: Protect\n|-resisted|p2a: Torkoal|1\n|-damage|p2a: Torkoal|80/100\n|move|p1a: Incineroar|Flare Blitz|p2a: Torkoal\n|-resisted|p2a: Torkoal|1\n|-damage|p2a: Torkoal|57/100\n|-damage|p1a: Incineroar|93/100|[from] Recoil\n|move|p2a: Torkoal|Yawn|p1a: Incineroar\n|-start|p1a: Incineroar|move: Yawn|[of] p2a: Torkoal\n|\n|-weather|none\n|-heal|p2a: Torkoal|63/100|[from] item: Leftovers\n|upkeep\n|turn|6\n|\n|t:|1788408349\n|move|p2a: Torkoal|Helping Hand|p2b: Gyarados\n|-singleturn|p2b: Gyarados|Helping Hand|[of] p2a: Torkoal\n|move|p2b: Gyarados|Crunch|p1b: Sinistcha\n|-supereffective|p1b: Sinistcha|1\n|-damage|p1b: Sinistcha|0 fnt\n|faint|p1b: Sinistcha\n|move|p1a: Incineroar|Throat Chop|p2b: Gyarados\n|-resisted|p2b: Gyarados|1\n|-damage|p2b: Gyarados|0 fnt\n|faint|p2b: Gyarados\n|\n|-heal|p2a: Torkoal|70/100|[from] item: Leftovers\n|-end|p1a: Incineroar|move: Yawn|[silent]\n|-status|p1a: Incineroar|slp\n|upkeep\n|\n|t:|1788408354\n|switch|p2b: Simipour|Simipour, L50, M|38/100\n|turn|7\n|\n|t:|1788408360\n|move|p2a: Torkoal|Helping Hand|p2b: Simipour\n|-singleturn|p2b: Simipour|Helping Hand|[of] p2a: Torkoal\n|move|p2b: Simipour|Hydro Pump|p1a: Incineroar\n|-supereffective|p1a: Incineroar|1\n|-damage|p1a: Incineroar|0 fnt\n|faint|p1a: Incineroar\n|\n|win|carrotbeafsteak\n|raw|HospitalityCheck's rating: 1131 &rarr; <strong>1112</strong><br />(-19 for losing)\n|raw|carrotbeafsteak's rating: 1217 &rarr; <strong>1236</strong><br />(+19 for winning)\n|l|☆HospitalityCheck\n|player|p1|\n","uploadtime":1788408365,"views":"1","formatid":"gen9championsvgc2026regmb","rating":1112,"private":0,"password":null}