{"id":"gen9championsvgc2026regmbbo3-2674567450","format":"[Gen 9 Champions] VGC 2026 Reg M-B (Bo3)","players":["TheBigMark","Olciax34"],"log":"|j|☆TheBigMark\n|j|☆Olciax34\n|html|<table width=\"100%\"><tr><td align=\"left\">TheBigMark</td><td align=\"right\">Olciax34</tr><tr><td align=\"left\"><i class=\"fa fa-circle\"></i> <i class=\"fa fa-circle-o\"></i> </td><td align=\"right\"><i class=\"fa fa-circle-o\"></i> <i class=\"fa fa-circle\"></i> </tr></table>\n|uhtml|bestof|<h2><strong>Game 3</strong> of <a href=\"/game-bestof3-gen9championsvgc2026regmbbo3-2674562680\">a best-of-3</a></h2>\n|t:|1788374824\n|gametype|doubles\n|player|p1|TheBigMark|rocketgrunt|1241\n|player|p2|Olciax34|clair|1356\n|gen|9\n|tier|[Gen 9 Champions] VGC 2026 Reg M-B (Bo3)\n|rated|\n|rule|Species Clause: Limit one of each Pokémon\n|rule|Item Clause: Limit 1 of each item\n|clearpoke\n|poke|p1|Goodra-Hisui, L50, M|\n|poke|p1|Delphox, L50, F|\n|poke|p1|Floette-Eternal, L50, F|\n|poke|p1|Ninetales-Alola, L50, M|\n|poke|p1|Sneasler, L50, M|\n|poke|p1|Basculegion, L50, M|\n|poke|p2|Floette-Eternal, L50, F|\n|poke|p2|Sinistcha, L50|\n|poke|p2|Incineroar, L50, M|\n|poke|p2|Basculegion, L50, M|\n|poke|p2|Sneasler, L50, F|\n|poke|p2|Dragonite, L50, M|\n|teampreview|4\n|showteam|p1|Goodra-Hisui||Leftovers|ShellArmor|HeavySlam,BodyPress,Protect,Shelter|Impish||M|||50|]Delphox||Delphoxite|Blaze|HeatWave,Psychic,NastyPlot,Protect|Modest||F|||50|]Floette-Eternal||Floettite|FlowerVeil|Protect,CalmMind,DazzlingGleam,Moonblast|Modest||F|||50|]Ninetales-Alola||ChoiceScarf|SnowWarning|DazzlingGleam,Blizzard,FreezeDry,IcyWind|Modest||M|||50|]Sneasler||WhiteHerb|Unburden|RockSlide,FakeOut,CloseCombat,DireClaw|Serious||M|||50|]Basculegion||FocusSash|Adaptability|AquaJet,LastRespects,Liquidation,Protect|Jolly||M|||50|\n|showteam|p2|Floette-Eternal||Floettite|FlowerVeil|DazzlingGleam,DrainingKiss,CalmMind,Protect|Modest||F|||50|]Sinistcha||ColburBerry|Hospitality|MatchaGotcha,TrickRoom,RagePowder,Protect|Calm|||||50|]Incineroar||SitrusBerry|Intimidate|FlareBlitz,ThroatChop,PartingShot,FakeOut|Careful||M|||50|]Basculegion||ChoiceScarf|Adaptability|WaveCrash,FlipTurn,AquaJet,LastRespects|Jolly||M|||50|]Sneasler||FocusSash|PoisonTouch|FakeOut,PoisonJab,CloseCombat,Coaching|Jolly||F|||50|]Dragonite||Dragoninite|Multiscale|DragonPulse,HeatWave,ExtremeSpeed,Protect|Modest||M|||50|\n|inactive|Battle timer is ON: inactive players will automatically lose when time's up. (requested by Olciax34)\n|inactive|Olciax34 has 60 seconds left.\n|inactive|TheBigMark has 60 seconds left.\n|\n|t:|1788374868\n|teamsize|p1|4\n|teamsize|p2|4\n|start\n|switch|p1a: Goodra|Goodra-Hisui, L50, M|100/100\n|switch|p1b: Basculegion|Basculegion, L50, M|100/100\n|switch|p2a: Basculegion|Basculegion, L50, M|100/100\n|switch|p2b: Sneasler|Sneasler, L50, F|100/100\n|turn|1\n|inactive|TheBigMark has 30 seconds left.\n|\n|t:|1788374894\n|switch|p1b: Sneasler|Sneasler, L50, M|100/100\n|move|p2a: Basculegion|Last Respects|p1b: Sneasler\n|-damage|p1b: Sneasler|57/100\n|move|p2b: Sneasler|Coaching|p2a: Basculegion\n|-boost|p2a: Basculegion|atk|1\n|-boost|p2a: Basculegion|def|1\n|move|p1a: Goodra|Shelter|p1a: Goodra\n|-boost|p1a: Goodra|def|2\n|\n|upkeep\n|turn|2\n|\n|t:|1788374917\n|switch|p2b: Incineroar|Incineroar, L50, M|100/100\n|-ability|p2b: Incineroar|Intimidate|boost\n|-unboost|p1a: Goodra|atk|1\n|-unboost|p1b: Sneasler|atk|1\n|-enditem|p1b: Sneasler|White Herb\n|-clearnegativeboost|p1b: Sneasler|[silent]\n|move|p1b: Sneasler|Dire Claw|p2a: Basculegion\n|-resisted|p2a: Basculegion|1\n|-damage|p2a: Basculegion|84/100\n|move|p2a: Basculegion|Last Respects|p1b: Sneasler\n|-damage|p1b: Sneasler|0 fnt\n|faint|p1b: Sneasler\n|move|p1a: Goodra|Shelter|p1a: Goodra\n|-boost|p1a: Goodra|def|2\n|\n|upkeep\n|\n|t:|1788374938\n|switch|p1b: Basculegion|Basculegion, L50, M|100/100\n|turn|3\n|\n|t:|1788374950\n|switch|p2b: Sneasler|Sneasler, L50, F|100/100\n|move|p2a: Basculegion|Last Respects|p1b: Basculegion\n|-supereffective|p1b: Basculegion|1\n|-enditem|p1b: Basculegion|Focus Sash\n|-damage|p1b: Basculegion|1/100\n|move|p1b: Basculegion|Last Respects|p2a: Basculegion\n|-supereffective|p2a: Basculegion|1\n|-damage|p2a: Basculegion|0 fnt\n|faint|p2a: Basculegion\n|move|p1a: Goodra|Body Press|p2b: Sneasler\n|-resisted|p2b: Sneasler|1\n|-damage|p2b: Sneasler|37/100\n|\n|upkeep\n|inactive|Olciax34 has 30 seconds left.\n|\n|t:|1788374978\n|switch|p2a: Dragonite|Dragonite, L50, M|100/100\n|turn|4\n|\n|t:|1788374994\n|switch|p2b: Incineroar|Incineroar, L50, M|100/100\n|-ability|p2b: Incineroar|Intimidate|boost\n|-unboost|p1a: Goodra|atk|1\n|-unboost|p1b: Basculegion|atk|1\n|detailschange|p2a: Dragonite|Dragonite-Mega, L50, M\n|-mega|p2a: Dragonite|Dragonite|Dragoninite\n|move|p1b: Basculegion|Protect|p1b: Basculegion\n|-singleturn|p1b: Basculegion|Protect\n|move|p2a: Dragonite|Heat Wave|p1b: Basculegion|[spread] p1a\n|-activate|p1b: Basculegion|move: Protect\n|-damage|p1a: Goodra|80/100\n|move|p1a: Goodra|Body Press|p2b: Incineroar\n|-supereffective|p2b: Incineroar|1\n|-damage|p2b: Incineroar|0 fnt\n|faint|p2b: Incineroar\n|\n|-heal|p1a: Goodra|86/100|[from] item: Leftovers\n|upkeep\n|\n|t:|1788375009\n|switch|p2b: Sneasler|Sneasler, L50, F|37/100\n|turn|5\n|\n|t:|1788375025\n|move|p2b: Sneasler|Fake Out|p1a: Goodra\n|-resisted|p1a: Goodra|1\n|-damage|p1a: Goodra|84/100\n|move|p1b: Basculegion|Aqua Jet|p2a: Dragonite\n|-resisted|p2a: Dragonite|1\n|-damage|p2a: Dragonite|96/100\n|move|p2a: Dragonite|Heat Wave|p1b: Basculegion|[spread] p1a,p1b\n|-resisted|p1b: Basculegion|1\n|-damage|p1a: Goodra|66/100\n|-damage|p1b: Basculegion|0 fnt\n|-status|p1a: Goodra|brn\n|faint|p1b: Basculegion\n|cant|p1a: Goodra|flinch\n|\n|-heal|p1a: Goodra|72/100 brn|[from] item: Leftovers\n|-damage|p1a: Goodra|66/100 brn|[from] brn\n|upkeep\n|\n|t:|1788375041\n|switch|p1b: Delphox|Delphox, L50, F|100/100\n|turn|6\n|\n|t:|1788375064\n|detailschange|p1b: Delphox|Delphox-Mega, L50, F\n|-mega|p1b: Delphox|Delphox|Delphoxite\n|move|p2b: Sneasler|Poison Jab|p1b: Delphox\n|-damage|p1b: Delphox|50/100g\n|-status|p1b: Delphox|psn|[from] ability: Poison Touch|[of] p2b: Sneasler\n|move|p1b: Delphox|Heat Wave|p2b: Sneasler|[spread] p2b\n|-miss|p1b: Delphox|p2a: Dragonite\n|-damage|p2b: Sneasler|0 fnt\n|faint|p2b: Sneasler\n|move|p2a: Dragonite|Dragon Pulse|p1b: Delphox\n|-damage|p1b: Delphox|4/100 psn\n|move|p1a: Goodra|Body Press|p2a: Dragonite\n|-resisted|p2a: Dragonite|1\n|-damage|p2a: Dragonite|82/100\n|\n|-heal|p1a: Goodra|72/100 brn|[from] item: Leftovers\n|-damage|p1b: Delphox|0 fnt|[from] psn\n|faint|p1b: Delphox\n|-damage|p1a: Goodra|66/100 brn|[from] brn\n|upkeep\n|turn|7\n|\n|t:|1788375087\n|move|p2a: Dragonite|Dragon Pulse|p1a: Goodra\n|-damage|p1a: Goodra|34/100 brn\n|move|p1a: Goodra|Body Press|p2a: Dragonite\n|-resisted|p2a: Dragonite|1\n|-damage|p2a: Dragonite|67/100\n|\n|-heal|p1a: Goodra|40/100 brn|[from] item: Leftovers\n|-damage|p1a: Goodra|34/100 brn|[from] brn\n|upkeep\n|turn|8\n|\n|t:|1788375096\n|move|p2a: Dragonite|Dragon Pulse|p1a: Goodra\n|-damage|p1a: Goodra|1/100 brn\n|move|p1a: Goodra|Body Press|p2a: Dragonite\n|-resisted|p2a: Dragonite|1\n|-damage|p2a: Dragonite|52/100\n|\n|-heal|p1a: Goodra|7/100 brn|[from] item: Leftovers\n|-damage|p1a: Goodra|1/100 brn|[from] brn\n|upkeep\n|turn|9\n|\n|t:|1788375104\n|move|p2a: Dragonite|Dragon Pulse|p1a: Goodra\n|-damage|p1a: Goodra|0 fnt\n|faint|p1a: Goodra\n|\n|win|Olciax34\n|raw|TheBigMark's rating: 1241 &rarr; <strong>1224</strong><br />(-17 for losing)\n|raw|Olciax34's rating: 1356 &rarr; <strong>1370</strong><br />(+14 for winning)\n","uploadtime":1788375105,"views":"1","formatid":"gen9championsvgc2026regmbbo3","rating":1224,"private":0,"password":null}