{"id":"gen9championsvgc2026regmb-2674290527","format":"[Gen 9 Champions] VGC 2026 Reg M-B","players":["Xiao Shi","nonight"],"log":"|j|☆Xiao Shi\n|j|☆nonight\n|html|<table width=\"100%\"><tr><td align=\"left\">Xiao Shi</td><td align=\"right\">nonight</tr><tr><td align=\"left\"><i class=\"fa fa-circle\"></i> <i class=\"fa fa-circle-o\"></i> </td><td align=\"right\"><i class=\"fa fa-circle-o\"></i> <i class=\"fa fa-circle-o\"></i> </tr></table>\n|uhtml|bestof|<h2><strong>Game 2</strong> of <a href=\"/game-bestof3-gen9championsvgc2026regmb-2674289069\">a best-of-3</a></h2>\n|t:|1788333039\n|gametype|doubles\n|player|p1|Xiao Shi|169|\n|player|p2|nonight|roxie|\n|gen|9\n|tier|[Gen 9 Champions] VGC 2026 Reg M-B\n|rule|Species Clause: Limit one of each Pokémon\n|rule|Item Clause: Limit 1 of each item\n|raw|<div class=\"infobox\"><details class=\"readmore\" open><summary><strong>1 custom rule:</strong></summary> Best of = 3</details></div>\n|clearpoke\n|poke|p1|Froslass, L50, F|\n|poke|p1|Sneasler, L50, M|\n|poke|p1|Lycanroc-Dusk, L50, F|\n|poke|p1|Basculegion, L50, M|\n|poke|p1|Kingambit, L50, F|\n|poke|p1|Scovillain, L50, F|\n|poke|p2|Houndstone, L50, F|\n|poke|p2|Tyranitar, L50, M|\n|poke|p2|Milotic, L50, F|\n|poke|p2|Excadrill, L50, M|\n|poke|p2|Gholdengo, L50|\n|poke|p2|Staraptor, L50, M|\n|teampreview|4\n|inactive|Battle timer is ON: inactive players will automatically lose when time's up. (requested by Xiao Shi)\n|inactive|Xiao Shi has 60 seconds left.\n|inactive|nonight has 60 seconds left.\n|\n|t:|1788333097\n|teamsize|p1|4\n|teamsize|p2|4\n|start\n|switch|p1a: Scovillain|Scovillain, L50, F|100/100\n|switch|p1b: Kingambit|Kingambit, L50, F|100/100\n|switch|p2a: Staraptor|Staraptor, L50, M|100/100\n|switch|p2b: Gholdengo|Gholdengo, L50|100/100\n|-ability|p2a: Staraptor|Intimidate|boost\n|-unboost|p1a: Scovillain|atk|1\n|-unboost|p1b: Kingambit|atk|1\n|-ability|p1b: Kingambit|Defiant|boost\n|-boost|p1b: Kingambit|atk|2\n|turn|1\n|inactive|nonight has 30 seconds left.\n|inactive|nonight has 20 seconds left.\n|\n|t:|1788333148\n|detailschange|p2a: Staraptor|Staraptor-Mega, L50, M\n|-mega|p2a: Staraptor|Staraptor|Staraptite\n|detailschange|p1a: Scovillain|Scovillain-Mega, L50, F\n|-mega|p1a: Scovillain|Scovillain|Scovillainite\n|move|p2b: Gholdengo|Protect|p2b: Gholdengo\n|-singleturn|p2b: Gholdengo|Protect\n|move|p1b: Kingambit|Protect|p1b: Kingambit\n|-singleturn|p1b: Kingambit|Protect\n|move|p2a: Staraptor|Close Combat|p1b: Kingambit\n|-activate|p1b: Kingambit|move: Protect\n|move|p1a: Scovillain|Overheat|p2b: Gholdengo\n|-activate|p2b: Gholdengo|move: Protect\n|\n|upkeep\n|turn|2\n|inactive|nonight has 30 seconds left.\n|\n|t:|1788333180\n|switch|p2b: Tyranitar|Tyranitar, L50, M|100/100\n|-weather|Sandstorm|[from] ability: Sand Stream|[of] p2b: Tyranitar\n|move|p1a: Scovillain|Rage Powder|p1a: Scovillain\n|-singleturn|p1a: Scovillain|move: Rage Powder\n|move|p2a: Staraptor|Brave Bird|p1a: Scovillain\n|-supereffective|p1a: Scovillain|1\n|-damage|p1a: Scovillain|0 fnt\n|-status|p2a: Staraptor|brn|[from] ability: Spicy Spray|[of] p1a: Scovillain\n|faint|p1a: Scovillain\n|-damage|p2a: Staraptor|70/100 brn|[from] Recoil\n|move|p1b: Kingambit|Kowtow Cleave|p2b: Tyranitar\n|-resisted|p2b: Tyranitar|1\n|-crit|p2b: Tyranitar\n|-damage|p2b: Tyranitar|29/100\n|-damage|p1b: Kingambit|90/100|[from] item: Life Orb\n|\n|-weather|Sandstorm|[upkeep]\n|-damage|p2a: Staraptor|64/100 brn|[from] Sandstorm\n|-damage|p2a: Staraptor|58/100 brn|[from] brn\n|upkeep\n|\n|t:|1788333194\n|switch|p1a: Sneasler|Sneasler, L50, M|100/100\n|turn|3\n|\n|t:|1788333214\n|move|p2a: Staraptor|Protect|p2a: Staraptor\n|-singleturn|p2a: Staraptor|Protect\n|move|p2b: Tyranitar|Protect|p2b: Tyranitar\n|-singleturn|p2b: Tyranitar|Protect\n|move|p1a: Sneasler|Fake Out|p2a: Staraptor\n|-activate|p2a: Staraptor|move: Protect\n|move|p1b: Kingambit|Kowtow Cleave|p2a: Staraptor\n|-activate|p2a: Staraptor|move: Protect\n|\n|-weather|Sandstorm|[upkeep]\n|-damage|p2a: Staraptor|53/100 brn|[from] Sandstorm\n|-damage|p1a: Sneasler|94/100|[from] Sandstorm\n|-damage|p2a: Staraptor|47/100 brn|[from] brn\n|upkeep\n|turn|4\n|\n|t:|1788333230\n|move|p1b: Kingambit|Protect|p1b: Kingambit\n|-singleturn|p1b: Kingambit|Protect\n|move|p2a: Staraptor|Tailwind|p2a: Staraptor\n|-sidestart|p2: nonight|move: Tailwind\n|move|p2b: Tyranitar|Low Kick|p1b: Kingambit\n|-activate|p1b: Kingambit|move: Protect\n|move|p1a: Sneasler|Close Combat|p2b: Tyranitar\n|-supereffective|p2b: Tyranitar|2\n|-damage|p2b: Tyranitar|0 fnt\n|-unboost|p1a: Sneasler|def|1\n|-unboost|p1a: Sneasler|spd|1\n|faint|p2b: Tyranitar\n|-enditem|p1a: Sneasler|White Herb\n|-clearnegativeboost|p1a: Sneasler|[silent]\n|\n|-weather|Sandstorm|[upkeep]\n|-damage|p2a: Staraptor|41/100 brn|[from] Sandstorm\n|-damage|p1a: Sneasler|88/100|[from] Sandstorm\n|-damage|p2a: Staraptor|35/100 brn|[from] brn\n|upkeep\n|\n|t:|1788333240\n|switch|p2b: Houndstone|Houndstone, L50, F|100/100\n|turn|5\n|inactive|nonight has 30 seconds left.\n|inactive|nonight has 20 seconds left.\n|\n|t:|1788333277\n|switch|p1b: Basculegion|Basculegion, L50, M|100/100\n|move|p2b: Houndstone|Will-O-Wisp|p1b: Basculegion\n|-status|p1b: Basculegion|brn\n|move|p2a: Staraptor|Close Combat|p1b: Basculegion\n|-immune|p1b: Basculegion\n|move|p1a: Sneasler|Dire Claw|p2a: Staraptor\n|-damage|p2a: Staraptor|1/100 brn\n|\n|-weather|Sandstorm|[upkeep]\n|-damage|p2a: Staraptor|0 fnt|[from] Sandstorm\n|-damage|p1a: Sneasler|83/100|[from] Sandstorm\n|-damage|p1b: Basculegion|94/100 brn|[from] Sandstorm\n|faint|p2a: Staraptor\n|-damage|p1b: Basculegion|88/100 brn|[from] brn\n|upkeep\n|\n|t:|1788333283\n|switch|p2a: Gholdengo|Gholdengo, L50|100/100\n|turn|6\n|inactive|nonight has 30 seconds left.\n|\n|t:|1788333315\n|move|p2b: Houndstone|Poltergeist|p1b: Basculegion\n|-activate|p1b: Basculegion|move: Poltergeist|Sitrus Berry\n|-supereffective|p1b: Basculegion|1\n|-damage|p1b: Basculegion|0 fnt\n|faint|p1b: Basculegion\n|move|p1a: Sneasler|Dire Claw|p2b: Houndstone\n|-resisted|p2b: Houndstone|1\n|-damage|p2b: Houndstone|84/100\n|move|p2a: Gholdengo|Nasty Plot|p2a: Gholdengo\n|-boost|p2a: Gholdengo|spa|2\n|\n|-weather|none\n|upkeep\n|\n|t:|1788333326\n|switch|p1b: Kingambit|Kingambit, L50, F|90/100\n|turn|7\n|\n|t:|1788333350\n|move|p1a: Sneasler|Protect|p1a: Sneasler\n|-singleturn|p1a: Sneasler|Protect\n|move|p2b: Houndstone|Ally Switch|p2b: Houndstone\n|swap|p2b: Houndstone|0|[from] move: Ally Switch\n|move|p2b: Gholdengo|Make It Rain|p1a: Sneasler|[spread] \n|-activate|p1a: Sneasler|move: Protect\n|-miss|p2b: Gholdengo|p1b: Kingambit\n|move|p1b: Kingambit|Kowtow Cleave|p2b: Gholdengo\n|-supereffective|p2b: Gholdengo|1\n|-damage|p2b: Gholdengo|0 fnt\n|faint|p2b: Gholdengo\n|-damage|p1b: Kingambit|80/100|[from] item: Life Orb\n|\n|-sideend|p2: nonight|move: Tailwind\n|upkeep\n|turn|8\n|c|☆nonight|gg\n|inactive|nonight has 30 seconds left.\n|-message|nonight forfeited.\n|\n|win|Xiao Shi\n|c|☆Xiao Shi|gg\n|l|☆nonight\n|player|p2|\n","uploadtime":1788333378,"views":"12","formatid":"gen9championsvgc2026regmb","rating":null,"private":0,"password":null}