{"id":"gen9championsvgc2026regmbbo3-2674977520","format":"[Gen 9 Champions] VGC 2026 Reg M-B (Bo3)","players":["snow leopard1","okkia3"],"log":"|j|☆snow leopard1\n|j|☆okkia3\n|html|<table width=\"100%\"><tr><td align=\"left\">snow leopard1</td><td align=\"right\">okkia3</tr><tr><td align=\"left\"><i class=\"fa fa-circle-o\"></i> <i class=\"fa fa-circle-o\"></i> </td><td align=\"right\"><i class=\"fa fa-circle-o\"></i> <i class=\"fa fa-circle\"></i> </tr></table>\n|uhtml|bestof|<h2><strong>Game 2</strong> of <a href=\"/game-bestof3-gen9championsvgc2026regmbbo3-2674976165\">a best-of-3</a></h2>\n|t:|1788444451\n|gametype|doubles\n|player|p1|snow leopard1|iris-gen5bw2|1163\n|player|p2|okkia3|102|1077\n|gen|9\n|tier|[Gen 9 Champions] VGC 2026 Reg M-B (Bo3)\n|rated|\n|rule|Species Clause: Limit one of each Pokémon\n|rule|Item Clause: Limit 1 of each item\n|clearpoke\n|poke|p1|Mimikyu, L50, M|\n|poke|p1|Milotic, L50, M|\n|poke|p1|Raichu, L50, F|\n|poke|p1|Ninetales-Alola, L50, M|\n|poke|p1|Incineroar, L50, M|\n|poke|p1|Sinistcha, L50|\n|poke|p2|Charizard, L50, M|\n|poke|p2|Whimsicott, L50, F|\n|poke|p2|Basculegion, L50, M|\n|poke|p2|Farigiraf, L50, M|\n|poke|p2|Kangaskhan, L50, F|\n|poke|p2|Sneasler, L50, F|\n|teampreview|4\n|showteam|p1|Mimikyu||MentalHerb|Disguise|TrickRoom,ShadowClaw,PlayRough,ShadowSneak|Brave||M|||50|]Milotic||Leftovers|Competitive|Scald,IcyWind,Protect,Haze|Modest||M|||50|]Raichu||RaichuniteY|LightningRod|ZapCannon,Protect,FocusBlast,FakeOut|Hasty||F|||50|]Ninetales-Alola||FocusSash|SnowWarning|AuroraVeil,Blizzard,Protect,FreezeDry|Modest||M|||50|]Incineroar||SitrusBerry|Intimidate|FakeOut,FlareBlitz,PartingShot,ThroatChop|Careful||M|||50|]Sinistcha||KasibBerry|Hospitality|MatchaGotcha,RagePowder,Protect,LifeDew|Bold|||||50|\n|showteam|p2|Charizard||CharizarditeY|SolarPower|WeatherBall,HeatWave,SolarBeam,Protect|Timid||M|||50|]Whimsicott||FocusSash|Prankster|Moonblast,Tailwind,SunnyDay,Encore|Timid||F|||50|]Basculegion||ChoiceScarf|Adaptability|WaveCrash,AquaJet,LastRespects,FlipTurn|Adamant||M|||50|]Farigiraf||SitrusBerry|ArmorTail|Psychic,HyperVoice,HelpingHand,TrickRoom|Modest||M|||50|]Kangaskhan||Kangaskhanite|Scrappy|FakeOut,DoubleEdge,DrainPunch,SuckerPunch|Adamant||F|||50|]Sneasler||WhiteHerb|Unburden|FakeOut,CloseCombat,DireClaw,RockTomb|Adamant||F|||50|\n|inactive|Battle timer is ON: inactive players will automatically lose when time's up. (requested by okkia3)\n|inactive|snow leopard1 has 60 seconds left.\n|\n|t:|1788444507\n|teamsize|p1|4\n|teamsize|p2|4\n|start\n|switch|p1a: Mimikyu|Mimikyu, L50, M|100/100\n|switch|p1b: Incineroar|Incineroar, L50, M|100/100\n|switch|p2a: Basculegion|Basculegion, L50, M|100/100\n|switch|p2b: Sneasler|Sneasler, L50, F|100/100\n|-ability|p1b: Incineroar|Intimidate|boost\n|-unboost|p2a: Basculegion|atk|1\n|-unboost|p2b: Sneasler|atk|1\n|-enditem|p2b: Sneasler|White Herb\n|-clearnegativeboost|p2b: Sneasler|[silent]\n|turn|1\n|\n|t:|1788444530\n|switch|p2a: Kangaskhan|Kangaskhan, L50, F|100/100\n|move|p1b: Incineroar|Fake Out|p2b: Sneasler\n|-damage|p2b: Sneasler|80/100\n|cant|p2b: Sneasler|flinch\n|move|p1a: Mimikyu|Shadow Claw|p2a: Kangaskhan\n|-immune|p2a: Kangaskhan\n|\n|upkeep\n|turn|2\n|\n|t:|1788444551\n|detailschange|p2a: Kangaskhan|Kangaskhan-Mega, L50, F\n|-mega|p2a: Kangaskhan|Kangaskhan|Kangaskhanite\n|move|p2a: Kangaskhan|Fake Out|p1b: Incineroar\n|-damage|p1b: Incineroar|82/100\n|-damage|p1b: Incineroar|77/100\n|-hitcount|p1b: Incineroar|2\n|move|p2b: Sneasler|Close Combat|p1b: Incineroar\n|-supereffective|p1b: Incineroar|1\n|-damage|p1b: Incineroar|0 fnt\n|-unboost|p2b: Sneasler|def|1\n|-unboost|p2b: Sneasler|spd|1\n|faint|p1b: Incineroar\n|move|p1a: Mimikyu|Trick Room|p1a: Mimikyu\n|-fieldstart|move: Trick Room|[of] p1a: Mimikyu\n|\n|upkeep\n|\n|t:|1788444562\n|switch|p1b: Raichu|Raichu, L50, F|100/100\n|turn|3\n|\n|t:|1788444583\n|switch|p2b: Farigiraf|Farigiraf, L50, M|100/100\n|detailschange|p1b: Raichu|Raichu-Mega-Y, L50, F\n|-mega|p1b: Raichu|Raichu|Raichunite Y\n|move|p1a: Mimikyu|Play Rough|p2b: Farigiraf\n|-damage|p2b: Farigiraf|61/100\n|move|p2a: Kangaskhan|Double-Edge|p1b: Raichu\n|-damage|p1b: Raichu|0 fnt\n|faint|p1b: Raichu\n|-damage|p2a: Kangaskhan|75/100|[from] Recoil\n|\n|upkeep\n|\n|t:|1788444595\n|switch|p1b: Milotic|Milotic, L50, M|100/100\n|turn|4\n|\n|t:|1788444606\n|move|p2a: Kangaskhan|Sucker Punch|p1a: Mimikyu\n|-activate|p1a: Mimikyu|ability: Disguise\n|-damage|p1a: Mimikyu|100/100\n|detailschange|p1a: Mimikyu|Mimikyu-Busted, L50, M\n|-damage|p1a: Mimikyu|87/100|[from] pokemon: Mimikyu-Busted\n|-damage|p1a: Mimikyu|79/100\n|-hitcount|p1a: Mimikyu|2\n|move|p2b: Farigiraf|Psychic|p1a: Mimikyu\n|-damage|p1a: Mimikyu|40/100\n|move|p1b: Milotic|Scald|p2a: Kangaskhan\n|-damage|p2a: Kangaskhan|35/100\n|-status|p2a: Kangaskhan|brn\n|move|p1a: Mimikyu|Play Rough|p2a: Kangaskhan|[miss]\n|-miss|p1a: Mimikyu|p2a: Kangaskhan\n|\n|-damage|p2a: Kangaskhan|29/100 brn|[from] brn\n|upkeep\n|turn|5\n|\n|t:|1788444630\n|move|p2a: Kangaskhan|Sucker Punch|p1a: Mimikyu\n|-damage|p1a: Mimikyu|24/100\n|-damage|p1a: Mimikyu|20/100y\n|-hitcount|p1a: Mimikyu|2\n|move|p2b: Farigiraf|Psychic|p1a: Mimikyu\n|-damage|p1a: Mimikyu|0 fnt\n|faint|p1a: Mimikyu\n|move|p1b: Milotic|Scald|p2b: Farigiraf\n|-damage|p2b: Farigiraf|28/100\n|-enditem|p2b: Farigiraf|Sitrus Berry|[eat]\n|-heal|p2b: Farigiraf|53/100|[from] item: Sitrus Berry\n|\n|-damage|p2a: Kangaskhan|23/100 brn|[from] brn\n|upkeep\n|turn|6\n|\n|t:|1788444643\n|move|p2b: Farigiraf|Psychic|p1b: Milotic\n|-damage|p1b: Milotic|72/100\n|move|p1b: Milotic|Scald|p2b: Farigiraf\n|-damage|p2b: Farigiraf|19/100\n|move|p2a: Kangaskhan|Double-Edge|p1b: Milotic\n|-damage|p1b: Milotic|37/100\n|-damage|p1b: Milotic|28/100\n|-hitcount|p1b: Milotic|2\n|-damage|p2a: Kangaskhan|6/100 brn|[from] Recoil\n|\n|-heal|p1b: Milotic|34/100|[from] item: Leftovers\n|-damage|p2a: Kangaskhan|1/100 brn|[from] brn\n|-fieldend|move: Trick Room\n|upkeep\n|turn|7\n|\n|t:|1788444657\n|move|p1b: Milotic|Protect|p1b: Milotic\n|-singleturn|p1b: Milotic|Protect\n|move|p2a: Kangaskhan|Double-Edge|p1b: Milotic\n|-activate|p1b: Milotic|move: Protect\n|move|p2b: Farigiraf|Trick Room|p2b: Farigiraf\n|-fieldstart|move: Trick Room|[of] p2b: Farigiraf\n|\n|-heal|p1b: Milotic|40/100|[from] item: Leftovers\n|-damage|p2a: Kangaskhan|0 fnt|[from] brn\n|faint|p2a: Kangaskhan\n|upkeep\n|\n|t:|1788444657\n|switch|p2a: Sneasler|Sneasler, L50, F|80/100\n|turn|8\n|\n|t:|1788444670\n|move|p2b: Farigiraf|Helping Hand|p2a: Sneasler\n|-singleturn|p2a: Sneasler|Helping Hand|[of] p2b: Farigiraf\n|move|p1b: Milotic|Scald|p2a: Sneasler\n|-damage|p2a: Sneasler|26/100\n|move|p2a: Sneasler|Close Combat|p1b: Milotic\n|-damage|p1b: Milotic|0 fnt\n|-unboost|p2a: Sneasler|def|1\n|-unboost|p2a: Sneasler|spd|1\n|faint|p1b: Milotic\n|\n|win|okkia3\n|raw|snow leopard1's rating: 1163 &rarr; <strong>1132</strong><br />(-31 for losing)\n|raw|okkia3's rating: 1077 &rarr; <strong>1112</strong><br />(+35 for winning)\n","uploadtime":1788444670,"views":"1","formatid":"gen9championsvgc2026regmbbo3","rating":1112,"private":0,"password":null}