{"id":"gen9championsvgc2026regmb-2674351474","format":"[Gen 9 Champions] VGC 2026 Reg M-B","players":["sdqqzxc","FlameGoddess"],"log":"|j|☆sdqqzxc\n|j|☆FlameGoddess\n|t:|1788346998\n|gametype|doubles\n|player|p1|sdqqzxc|170|1147\n|player|p2|FlameGoddess|169|1039\n|gen|9\n|tier|[Gen 9 Champions] VGC 2026 Reg M-B\n|rated|\n|rule|Species Clause: Limit one of each Pokémon\n|rule|Item Clause: Limit 1 of each item\n|clearpoke\n|poke|p1|Sinistcha, L50|\n|poke|p1|Blastoise, L50, F|\n|poke|p1|Kingambit, L50, F, shiny|\n|poke|p1|Ariados, L50, M|\n|poke|p1|Drampa, L50, M, shiny|\n|poke|p1|Sylveon, L50, M|\n|poke|p2|Mimikyu, L50, M, shiny|\n|poke|p2|Camerupt, L50, M, shiny|\n|poke|p2|Crabominable, L50, M, shiny|\n|poke|p2|Sinistcha-Masterpiece, L50, shiny|\n|poke|p2|Drampa, L50, M, shiny|\n|poke|p2|Sneasler, L50, M, shiny|\n|teampreview|4\n|inactive|Battle timer is ON: inactive players will automatically lose when time's up. (requested by FlameGoddess)\n|\n|t:|1788347091\n|teamsize|p1|4\n|teamsize|p2|4\n|start\n|switch|p1a: Sinistcha|Sinistcha, L50|100/100\n|switch|p1b: Ariados|Ariados, L50, M|100/100\n|switch|p2a: brook|Mimikyu, L50, M, shiny|100/100\n|switch|p2b: pedro|Sneasler, L50, M, shiny|100/100\n|turn|1\n|inactive|sdqqzxc has 30 seconds left.\n|inactive|FlameGoddess has 30 seconds left.\n|\n|t:|1788347122\n|switch|p1a: Kingambit|Kingambit, L50, F, shiny|100/100\n|move|p1b: Ariados|Protect|p1b: Ariados\n|-singleturn|p1b: Ariados|Protect\n|move|p2b: pedro|Fake Out|p1b: Ariados\n|-activate|p1b: Ariados|move: Protect\n|move|p2a: brook|Taunt|p1a: Kingambit\n|-start|p1a: Kingambit|move: Taunt\n|\n|upkeep\n|turn|2\n|inactive|sdqqzxc has 30 seconds left.\n|inactive|FlameGoddess has 30 seconds left.\n|\n|t:|1788347156\n|move|p1b: Ariados|Rage Powder|p1b: Ariados\n|-singleturn|p1b: Ariados|move: Rage Powder\n|move|p2b: pedro|Close Combat|p1b: Ariados\n|-resisted|p1b: Ariados|2\n|-damage|p1b: Ariados|79/100\n|-unboost|p2b: pedro|def|1\n|-unboost|p2b: pedro|spd|1\n|-enditem|p2b: pedro|White Herb\n|-clearnegativeboost|p2b: pedro|[silent]\n|move|p1a: Kingambit|Iron Head|p2a: brook\n|-activate|p2a: brook|ability: Disguise\n|-damage|p2a: brook|100/100\n|detailschange|p2a: brook|Mimikyu-Busted, L50, M, shiny\n|-damage|p2a: brook|87/100|[from] pokemon: Mimikyu-Busted\n|move|p2a: brook|Trick Room|p2a: brook\n|-fieldstart|move: Trick Room|[of] p2a: brook\n|\n|upkeep\n|turn|3\n|inactive|sdqqzxc has 30 seconds left.\n|inactive|FlameGoddess has 30 seconds left.\n|inactive|sdqqzxc has 20 seconds left.\n|\n|t:|1788347191\n|switch|p1b: Blastoise|Blastoise, L50, F|100/100\n|move|p1a: Kingambit|Iron Head|p2a: brook\n|-supereffective|p2a: brook|1\n|-damage|p2a: brook|1/100\n|move|p2a: brook|Will-O-Wisp|p1a: Kingambit\n|-status|p1a: Kingambit|brn\n|move|p2b: pedro|Dire Claw|p1b: Blastoise\n|-damage|p1b: Blastoise|59/100\n|\n|-damage|p1a: Kingambit|94/100 brn|[from] brn\n|-end|p1a: Kingambit|move: Taunt\n|upkeep\n|turn|4\n|inactive|FlameGoddess has 30 seconds left.\n|\n|t:|1788347220\n|switch|p2b: moria|Sinistcha-Masterpiece, L50, shiny|100/100\n|-heal|p2a: brook|25/100|[from] ability: Hospitality|[of] p2b: moria\n|detailschange|p1b: Blastoise|Blastoise-Mega, L50, F\n|-mega|p1b: Blastoise|Blastoise|Blastoisinite\n|move|p2a: brook|Shadow Sneak|p1b: Blastoise\n|-damage|p1b: Blastoise|50/100y\n|move|p1a: Kingambit|Swords Dance|p1a: Kingambit\n|-boost|p1a: Kingambit|atk|2\n|move|p1b: Blastoise|Water Spout|p2b: moria|[spread] p2a,p2b\n|-resisted|p2b: moria|1\n|-damage|p2a: brook|0 fnt\n|-damage|p2b: moria|84/100\n|faint|p2a: brook\n|\n|-heal|p2b: moria|91/100|[from] item: Leftovers\n|-damage|p1a: Kingambit|88/100 brn|[from] brn\n|upkeep\n|\n|t:|1788347237\n|switch|p2a: garp|Crabominable, L50, M, shiny|100/100\n|turn|5\n|inactive|sdqqzxc has 30 seconds left.\n|inactive|sdqqzxc has 20 seconds left.\n|\n|t:|1788347274\n|switch|p1a: Sinistcha|Sinistcha, L50|100/100\n|switch|p1b: Ariados|Ariados, L50, M|79/100\n|detailschange|p2a: garp|Crabominable-Mega, L50, M, shiny\n|-mega|p2a: garp|Crabominable|Crabominite\n|move|p2a: garp|Mach Punch|p1a: Sinistcha\n|-immune|p1a: Sinistcha\n|move|p2b: moria|Matcha Gotcha|p1a: Sinistcha|[spread] p1a\n|-miss|p2b: moria|p1b: Ariados\n|-resisted|p1a: Sinistcha|1\n|-damage|p1a: Sinistcha|89/100\n|-heal|p2b: moria|96/100|[from] drain|[of] p1a: Sinistcha\n|\n|-heal|p2b: moria|100/100|[from] item: Leftovers\n|upkeep\n|turn|6\n|inactive|sdqqzxc has 30 seconds left.\n|inactive|FlameGoddess has 30 seconds left.\n|\n|t:|1788347304\n|move|p1b: Ariados|Rage Powder|p1b: Ariados\n|-singleturn|p1b: Ariados|move: Rage Powder\n|move|p2b: moria|Rage Powder|p2b: moria\n|-singleturn|p2b: moria|move: Rage Powder\n|move|p2a: garp|Ice Hammer|p1b: Ariados|[miss]\n|-miss|p2a: garp|p1b: Ariados\n|move|p1a: Sinistcha|Calm Mind|p1a: Sinistcha\n|-boost|p1a: Sinistcha|spa|1\n|-boost|p1a: Sinistcha|spd|1\n|\n|-fieldend|move: Trick Room\n|upkeep\n|turn|7\n|\n|t:|1788347322\n|move|p2a: garp|Protect|p2a: garp\n|-singleturn|p2a: garp|Protect\n|move|p1b: Ariados|Rage Powder|p1b: Ariados\n|-singleturn|p1b: Ariados|move: Rage Powder\n|move|p1a: Sinistcha|Calm Mind|p1a: Sinistcha\n|-boost|p1a: Sinistcha|spa|1\n|-boost|p1a: Sinistcha|spd|1\n|move|p2b: moria|Trick Room|p2b: moria\n|-fieldstart|move: Trick Room|[of] p2b: moria\n|\n|upkeep\n|turn|8\n|\n|t:|1788347341\n|move|p1b: Ariados|Rage Powder|p1b: Ariados\n|-singleturn|p1b: Ariados|move: Rage Powder\n|move|p2b: moria|Rage Powder|p2b: moria\n|-singleturn|p2b: moria|move: Rage Powder\n|move|p2a: garp|Ice Hammer|p1b: Ariados\n|-damage|p1b: Ariados|0 fnt\n|-unboost|p2a: garp|spe|1\n|faint|p1b: Ariados\n|move|p1a: Sinistcha|Matcha Gotcha|p2b: moria|[spread] p2a,p2b\n|-resisted|p2b: moria|1\n|-damage|p2a: garp|56/100\n|-heal|p1a: Sinistcha|100/100|[from] drain|[of] p2a: garp\n|-damage|p2b: moria|79/100\n|\n|-heal|p2b: moria|85/100|[from] item: Leftovers\n|upkeep\n|\n|t:|1788347355\n|switch|p1b: Blastoise|Blastoise-Mega, L50, F|50/100y\n|turn|9\n|\n|t:|1788347363\n|move|p2a: garp|Protect|p2a: garp\n|-singleturn|p2a: garp|Protect\n|move|p1b: Blastoise|Fake Out|p2a: garp\n|-activate|p2a: garp|move: Protect\n|move|p1a: Sinistcha|Matcha Gotcha|p2a: garp|[spread] p2b\n|-activate|p2a: garp|move: Protect\n|-resisted|p2b: moria|1\n|-damage|p2b: moria|64/100\n|move|p2b: moria|Life Dew|p2b: moria|[spread] p2a,p2b\n|-heal|p2a: garp|81/100\n|-heal|p2b: moria|89/100\n|\n|-heal|p2b: moria|95/100|[from] item: Leftovers\n|upkeep\n|turn|10\n|\n|t:|1788347385\n|move|p2a: garp|Ice Hammer|p1a: Sinistcha\n|-supereffective|p1a: Sinistcha|1\n|-damage|p1a: Sinistcha|0 fnt\n|-unboost|p2a: garp|spe|1\n|faint|p1a: Sinistcha\n|move|p2b: moria|Matcha Gotcha|p1b: Blastoise\n|-supereffective|p1b: Blastoise|1\n|-damage|p1b: Blastoise|0 fnt\n|-heal|p2b: moria|100/100|[from] drain|[of] p1b: Blastoise\n|faint|p1b: Blastoise\n|\n|upkeep\n|-message|sdqqzxc forfeited.\n|\n|win|FlameGoddess\n|raw|sdqqzxc's rating: 1147 &rarr; <strong>1114</strong><br />(-33 for losing)\n|raw|FlameGoddess's rating: 1039 &rarr; <strong>1083</strong><br />(+44 for winning)\n|l|☆sdqqzxc\n|player|p1|\n|c|☆FlameGoddess|gg\n","uploadtime":1788347402,"views":"12","formatid":"gen9championsvgc2026regmb","rating":1083,"private":0,"password":null}