{"id":"gen9championsvgc2026regmbbo3-2673436202","format":"[Gen 9 Champions] VGC 2026 Reg M-B (Bo3)","players":["wolfenite","spodermees"],"log":"|j|☆wolfenite\n|j|☆spodermees\n|html|<table width=\"100%\"><tr><td align=\"left\">wolfenite</td><td align=\"right\">spodermees</tr><tr><td align=\"left\"><i class=\"fa fa-circle\"></i> <i class=\"fa fa-circle-o\"></i> </td><td align=\"right\"><i class=\"fa fa-circle-o\"></i> <i class=\"fa fa-circle-o\"></i> </tr></table>\n|uhtml|bestof|<h2><strong>Game 2</strong> of <a href=\"/game-bestof3-gen9championsvgc2026regmbbo3-2673435187\">a best-of-3</a></h2>\n|t:|1788197557\n|gametype|doubles\n|player|p1|wolfenite|pokemonranger-gen4|1228\n|player|p2|spodermees|sailor|1298\n|gen|9\n|tier|[Gen 9 Champions] VGC 2026 Reg M-B (Bo3)\n|rated|\n|rule|Species Clause: Limit one of each Pokémon\n|rule|Item Clause: Limit 1 of each item\n|clearpoke\n|poke|p1|Aerodactyl, L50, M|\n|poke|p1|Kingambit, L50, M|\n|poke|p1|Sylveon, L50, M|\n|poke|p1|Garchomp, L50, M|\n|poke|p1|Charizard, L50, M|\n|poke|p1|Incineroar, L50, M|\n|poke|p2|Kingambit, L50, M|\n|poke|p2|Farigiraf, L50, M|\n|poke|p2|Charizard, L50, M|\n|poke|p2|Aerodactyl, L50, F|\n|poke|p2|Garchomp, L50, M|\n|poke|p2|Sylveon, L50, F|\n|teampreview|4\n|showteam|p1|Aerodactyl||Aerodactylite|Unnerve|RockSlide,IceFang,Tailwind,WideGuard|Jolly||M|||50|]Kingambit||FocusSash|Defiant|KowtowCleave,SuckerPunch,IronHead,Protect|Adamant||M|||50|]Sylveon||FairyFeather|Pixilate|Detect,HyperVoice,HyperBeam,QuickAttack|Modest||M|||50|]Garchomp||LifeOrb|RoughSkin|Earthquake,DragonClaw,StompingTantrum,Protect|Jolly||M|||50|]Charizard||CharizarditeY|Blaze|Protect,HeatWave,SolarBeam,WeatherBall|Modest||M|||50|]Incineroar||SitrusBerry|Intimidate|DarkestLariat,FlareBlitz,FakeOut,PartingShot|Impish||M|||50|\n|showteam|p2|Kingambit||FocusSash|Defiant|KowtowCleave,IronHead,LowKick,SuckerPunch|Adamant||M|||50|]Farigiraf||SitrusBerry|ArmorTail|TrickRoom,Thunderbolt,HelpingHand,SunnyDay|Serious||M|||50|]Charizard||CharizarditeY|Blaze|HeatWave,WeatherBall,SolarBeam,Protect|Modest||M|||50|]Aerodactyl||Aerodactylite|Unnerve|RockSlide,DualWingbeat,IceFang,Tailwind|Jolly||F|||50|]Garchomp||LifeOrb|RoughSkin|Protect,Earthquake,DragonClaw,StompingTantrum|Jolly||M|||50|]Sylveon||FairyFeather|Pixilate|HyperBeam,HyperVoice,QuickAttack,Protect|Modest||F|||50|\n|inactive|Battle timer is ON: inactive players will automatically lose when time's up. (requested by wolfenite)\n|inactive|spodermees also wants the timer to be on.\n|\n|t:|1788197569\n|teamsize|p1|4\n|teamsize|p2|4\n|start\n|switch|p1a: Charizard|Charizard, L50, M|100/100\n|switch|p1b: Aerodactyl|Aerodactyl, L50, M|100/100\n|switch|p2a: Aerodactyl|Aerodactyl, L50, F|100/100\n|switch|p2b: Garchomp|Garchomp, L50, M|100/100\n|-ability|p2a: Aerodactyl|Unnerve\n|-ability|p1b: Aerodactyl|Unnerve\n|turn|1\n|\n|t:|1788197585\n|switch|p2b: Sylveon|Sylveon, L50, F|100/100\n|detailschange|p2a: Aerodactyl|Aerodactyl-Mega, L50, F\n|-mega|p2a: Aerodactyl|Aerodactyl|Aerodactylite\n|move|p1a: Charizard|Protect|p1a: Charizard\n|-singleturn|p1a: Charizard|Protect\n|move|p2a: Aerodactyl|Rock Slide|p1b: Aerodactyl|[spread] p1b\n|-activate|p1a: Charizard|move: Protect\n|-supereffective|p1b: Aerodactyl|1\n|-damage|p1b: Aerodactyl|23/100\n|move|p1b: Aerodactyl|Tailwind|p1b: Aerodactyl\n|-sidestart|p1: wolfenite|move: Tailwind\n|\n|upkeep\n|turn|2\n|\n|t:|1788197600\n|detailschange|p1a: Charizard|Charizard-Mega-Y, L50, M\n|-mega|p1a: Charizard|Charizard|Charizardite Y\n|-weather|SunnyDay|[from] ability: Drought|[of] p1a: Charizard\n|move|p2b: Sylveon|Quick Attack|p1b: Aerodactyl\n|-damage|p1b: Aerodactyl|7/100\n|move|p1b: Aerodactyl|Rock Slide|p2a: Aerodactyl|[spread] p2a,p2b\n|-supereffective|p2a: Aerodactyl|1\n|-damage|p2a: Aerodactyl|42/100\n|-damage|p2b: Sylveon|76/100\n|move|p1a: Charizard|Solar Beam||[still]\n|-prepare|p1a: Charizard|Solar Beam\n|-anim|p1a: Charizard|Solar Beam|p2a: Aerodactyl\n|-damage|p2a: Aerodactyl|0 fnt\n|faint|p2a: Aerodactyl\n|\n|-weather|SunnyDay|[upkeep]\n|upkeep\n|\n|t:|1788197609\n|switch|p2a: Garchomp|Garchomp, L50, M|100/100\n|turn|3\n|\n|t:|1788197621\n|move|p2b: Sylveon|Quick Attack|p1b: Aerodactyl\n|-damage|p1b: Aerodactyl|0 fnt\n|faint|p1b: Aerodactyl\n|move|p1a: Charizard|Heat Wave|p2b: Sylveon|[spread] p2a,p2b\n|-resisted|p2a: Garchomp|1\n|-damage|p2a: Garchomp|68/100\n|-damage|p2b: Sylveon|25/100\n|move|p2a: Garchomp|Dragon Claw|p1a: Charizard\n|-damage|p1a: Charizard|41/100\n|-damage|p2a: Garchomp|58/100|[from] item: Life Orb\n|\n|-weather|SunnyDay|[upkeep]\n|upkeep\n|\n|t:|1788197624\n|switch|p1b: Incineroar|Incineroar, L50, M|100/100\n|-ability|p1b: Incineroar|Intimidate|boost\n|-unboost|p2a: Garchomp|atk|1\n|-unboost|p2b: Sylveon|atk|1\n|turn|4\n|\n|t:|1788197629\n|move|p2a: Garchomp|Protect|p2a: Garchomp\n|-singleturn|p2a: Garchomp|Protect\n|move|p2b: Sylveon|Protect|p2b: Sylveon\n|-singleturn|p2b: Sylveon|Protect\n|move|p1b: Incineroar|Fake Out|p2a: Garchomp\n|-activate|p2a: Garchomp|move: Protect\n|move|p1a: Charizard|Heat Wave|p2b: Sylveon|[spread] \n|-activate|p2a: Garchomp|move: Protect\n|-activate|p2b: Sylveon|move: Protect\n|\n|-weather|SunnyDay|[upkeep]\n|-sideend|p1: wolfenite|move: Tailwind\n|upkeep\n|turn|5\n|\n|t:|1788197636\n|move|p2a: Garchomp|Dragon Claw|p1a: Charizard\n|-damage|p1a: Charizard|5/100\n|-damage|p2a: Garchomp|49/100|[from] item: Life Orb\n|move|p1a: Charizard|Heat Wave|p2b: Sylveon|[spread] p2a\n|-miss|p1a: Charizard|p2b: Sylveon\n|-resisted|p2a: Garchomp|1\n|-damage|p2a: Garchomp|17/100\n|-status|p2a: Garchomp|brn\n|move|p2b: Sylveon|Hyper Voice|p1b: Incineroar|[spread] p1a,p1b\n|-resisted|p1a: Charizard|1\n|-damage|p1a: Charizard|0 fnt\n|-damage|p1b: Incineroar|59/100\n|faint|p1a: Charizard\n|move|p1b: Incineroar|Parting Shot|p2b: Sylveon\n|-unboost|p2b: Sylveon|atk|1\n|-unboost|p2b: Sylveon|spa|1\n|\n|t:|1788197639\n|switch|p1b: Garchomp|Garchomp, L50, M|100/100|[from] Parting Shot\n|\n|-weather|SunnyDay|[upkeep]\n|-damage|p2a: Garchomp|11/100 brn|[from] brn\n|upkeep\n|\n|t:|1788197641\n|switch|p1a: Incineroar|Incineroar, L50, M|59/100\n|-ability|p1a: Incineroar|Intimidate|boost\n|-unboost|p2a: Garchomp|atk|1\n|-unboost|p2b: Sylveon|atk|1\n|turn|6\n|\n|t:|1788197653\n|move|p2a: Garchomp|Protect|p2a: Garchomp\n|-singleturn|p2a: Garchomp|Protect\n|move|p2b: Sylveon|Protect|p2b: Sylveon\n|-singleturn|p2b: Sylveon|Protect\n|move|p1b: Garchomp|Stomping Tantrum|p2b: Sylveon\n|-activate|p2b: Sylveon|move: Protect\n|move|p1a: Incineroar|Flare Blitz|p2b: Sylveon\n|-activate|p2b: Sylveon|move: Protect\n|\n|-weather|none\n|-damage|p2a: Garchomp|5/100 brn|[from] brn\n|upkeep\n|turn|7\n|\n|t:|1788197666\n|move|p1b: Garchomp|Stomping Tantrum|p2b: Sylveon\n|-damage|p2b: Sylveon|0 fnt\n|faint|p2b: Sylveon\n|-damage|p1b: Garchomp|90/100|[from] item: Life Orb\n|move|p2a: Garchomp|Dragon Claw|p1b: Garchomp\n|-supereffective|p1b: Garchomp|1\n|-damage|p1b: Garchomp|60/100\n|-damage|p2a: Garchomp|0 fnt|[from] ability: Rough Skin|[of] p1b: Garchomp\n|faint|p2a: Garchomp\n|move|p1a: Incineroar|Darkest Lariat|p2: Garchomp|[notarget]\n|-fail|p1a: Incineroar\n|\n|upkeep\n|\n|t:|1788197669\n|switch|p2b: Kingambit|Kingambit, L50, M|100/100\n|turn|8\n|\n|t:|1788197676\n|move|p1b: Garchomp|Stomping Tantrum|p2b: Kingambit\n|-supereffective|p2b: Kingambit|1\n|-damage|p2b: Kingambit|24/100\n|-damage|p1b: Garchomp|50/100g|[from] item: Life Orb\n|move|p1a: Incineroar|Flare Blitz|p2b: Kingambit\n|-supereffective|p2b: Kingambit|1\n|-damage|p2b: Kingambit|0 fnt\n|faint|p2b: Kingambit\n|-damage|p1a: Incineroar|50/100g|[from] Recoil\n|\n|win|wolfenite\n|raw|wolfenite's rating: 1228 &rarr; <strong>1258</strong><br />(+30 for winning)\n|raw|spodermees's rating: 1298 &rarr; <strong>1268</strong><br />(-30 for losing)\n","uploadtime":1788197676,"views":"0","formatid":"gen9championsvgc2026regmbbo3","rating":1258,"private":0,"password":null}