{"id":"gen9championsvgc2026regmbbo3-2673473330","format":"[Gen 9 Champions] VGC 2026 Reg M-B (Bo3)","players":["Amaterios_03","Cfoowl"],"log":"|j|☆Amaterios_03\n|j|☆Cfoowl\n|html|<table width=\"100%\"><tr><td align=\"left\">Amaterios_03</td><td align=\"right\">Cfoowl</tr><tr><td align=\"left\"><i class=\"fa fa-circle\"></i> <i class=\"fa fa-circle-o\"></i> </td><td align=\"right\"><i class=\"fa fa-circle-o\"></i> <i class=\"fa fa-circle-o\"></i> </tr></table>\n|uhtml|bestof|<h2><strong>Game 2</strong> of <a href=\"/game-bestof3-gen9championsvgc2026regmbbo3-2673470354\">a best-of-3</a></h2>\n|t:|1788202006\n|gametype|doubles\n|player|p1|Amaterios_03|hugh|1210\n|player|p2|Cfoowl|265|1240\n|gen|9\n|tier|[Gen 9 Champions] VGC 2026 Reg M-B (Bo3)\n|rated|\n|rule|Species Clause: Limit one of each Pokémon\n|rule|Item Clause: Limit 1 of each item\n|clearpoke\n|poke|p1|Metagross, L50, shiny|\n|poke|p1|Farigiraf, L50, F|\n|poke|p1|Sneasler, L50, F|\n|poke|p1|Torkoal, L50, M|\n|poke|p1|Toxapex, L50, F|\n|poke|p1|Scovillain, L50, F|\n|poke|p2|Scovillain, L50, F, shiny|\n|poke|p2|Basculegion, L50, M|\n|poke|p2|Kingambit, L50, M|\n|poke|p2|Sneasler, L50, M|\n|poke|p2|Lycanroc-Dusk, L50, F|\n|poke|p2|Froslass, L50, F, shiny|\n|teampreview|4\n|showteam|p1|Metagross||Metagrossite|ClearBody|IronHead,PsychicFangs,Protect,RockSlide|Brave|||||50|]Farigiraf||SitrusBerry|ArmorTail|Psychic,Thunderbolt,Protect,TrickRoom|Serious||F|||50|]Sneasler||FocusSash|PoisonTouch|CloseCombat,FakeOut,Protect,DireClaw|Adamant||F|||50|]Torkoal||Charcoal|Drought|Eruption,HeatWave,Protect,EarthPower|Quiet||M|||50|]Toxapex||Leftovers|Regenerator|Lunge,Infestation,BanefulBunker,WideGuard|Sassy||F|||50|]Scovillain||Scovillainite|Moody|LeafStorm,LeechSeed,Protect,RagePowder|Calm||F|||50|\n|showteam|p2|Scovillain||Scovillainite|Moody|GigaDrain,Overheat,RagePowder,Protect|Bold||F|||50|]Basculegion||LifeOrb|Adaptability|WaveCrash,LastRespects,AquaJet,Protect|Adamant||M|||50|]Kingambit||BlackGlasses|Defiant|KowtowCleave,SuckerPunch,SwordsDance,Protect|Adamant||M|||50|]Sneasler||WhiteHerb|Unburden|CloseCombat,DireClaw,Protect,FakeOut|Adamant||M|||50|]Lycanroc-Dusk||FocusSash|ToughClaws|CloseCombat,Accelerock,RockSlide,Protect|Adamant||F|||50|]Froslass||Froslassite|CursedBody|Blizzard,ShadowBall,AuroraVeil,Protect|Timid||F|||50|\n|\n|t:|1788202026\n|teamsize|p1|4\n|teamsize|p2|4\n|start\n|switch|p1a: Farigiraf|Farigiraf, L50, F|100/100\n|switch|p1b: Scovillain|Scovillain, L50, F|100/100\n|switch|p2a: Koala|Froslass, L50, F, shiny|100/100\n|switch|p2b: SlycedBread|Basculegion, L50, M|100/100\n|turn|1\n|\n|t:|1788202034\n|detailschange|p2a: Koala|Froslass-Mega, L50, F, shiny\n|-mega|p2a: Koala|Froslass|Froslassite\n|-weather|Snowscape|[from] ability: Snow Warning|[of] p2a: Koala\n|detailschange|p1b: Scovillain|Scovillain-Mega, L50, F\n|-mega|p1b: Scovillain|Scovillain|Scovillainite\n|move|p2a: Koala|Blizzard|p1b: Scovillain|[spread] p1a,p1b\n|-damage|p1a: Farigiraf|62/100\n|-damage|p1b: Scovillain|66/100\n|-status|p2a: Koala|brn|[from] ability: Spicy Spray|[of] p1b: Scovillain\n|move|p2b: SlycedBread|Wave Crash|p1a: Farigiraf\n|-damage|p1a: Farigiraf|0 fnt\n|faint|p1a: Farigiraf\n|-damage|p2b: SlycedBread|76/100|[from] Recoil\n|-damage|p2b: SlycedBread|66/100|[from] item: Life Orb\n|move|p1b: Scovillain|Leech Seed|p2a: Koala\n|-start|p2a: Koala|move: Leech Seed\n|\n|-weather|Snowscape|[upkeep]\n|-damage|p2a: Koala|87/100 brn|[from] Leech Seed|[of] p1b: Scovillain\n|-heal|p1b: Scovillain|78/100|[silent]\n|-damage|p2a: Koala|81/100 brn|[from] brn\n|upkeep\n|\n|t:|1788202051\n|switch|p1a: Sneasler|Sneasler, L50, F|100/100\n|turn|2\n|inactive|Battle timer is ON: inactive players will automatically lose when time's up. (requested by Cfoowl)\n|\n|t:|1788202064\n|switch|p1a: Torkoal|Torkoal, L50, M|100/100\n|-weather|SunnyDay|[from] ability: Drought|[of] p1a: Torkoal\n|move|p2a: Koala|Aurora Veil||[still]\n|-fail|p2a: Koala\n|move|p2b: SlycedBread|Wave Crash|p1a: Torkoal\n|-supereffective|p1a: Torkoal|1\n|-damage|p1a: Torkoal|29/100\n|-damage|p2b: SlycedBread|46/100|[from] Recoil\n|-damage|p2b: SlycedBread|36/100|[from] item: Life Orb\n|move|p1b: Scovillain|Leaf Storm|p2b: SlycedBread\n|-supereffective|p2b: SlycedBread|1\n|-damage|p2b: SlycedBread|0 fnt\n|-unboost|p1b: Scovillain|spa|2\n|faint|p2b: SlycedBread\n|\n|-weather|SunnyDay|[upkeep]\n|-damage|p2a: Koala|69/100 brn|[from] Leech Seed|[of] p1b: Scovillain\n|-heal|p1b: Scovillain|90/100|[silent]\n|-damage|p2a: Koala|63/100 brn|[from] brn\n|upkeep\n|\n|t:|1788202074\n|switch|p2b: Cisco|Sneasler, L50, M|100/100\n|turn|3\n|\n|t:|1788202091\n|switch|p2a: Kids|Kingambit, L50, M|100/100\n|switch|p1a: Sneasler|Sneasler, L50, F|100/100\n|move|p2b: Cisco|Fake Out|p1a: Sneasler\n|-damage|p1a: Sneasler|78/100\n|move|p1b: Scovillain|Leech Seed|p2b: Cisco\n|-start|p2b: Cisco|move: Leech Seed\n|\n|-weather|SunnyDay|[upkeep]\n|-damage|p2b: Cisco|87/100|[from] Leech Seed|[of] p1b: Scovillain\n|-heal|p1b: Scovillain|100/100|[silent]\n|upkeep\n|turn|4\n|\n|t:|1788202109\n|switch|p2b: Koala|Froslass-Mega, L50, F, shiny|63/100 brn\n|-weather|Snowscape|[from] ability: Snow Warning|[of] p2b: Koala\n|move|p1a: Sneasler|Protect|p1a: Sneasler\n|-singleturn|p1a: Sneasler|Protect\n|move|p2a: Kids|Protect|p2a: Kids\n|-singleturn|p2a: Kids|Protect\n|move|p1b: Scovillain|Leech Seed|p2a: Kids\n|-activate|p2a: Kids|move: Protect\n|\n|-weather|Snowscape|[upkeep]\n|-damage|p2b: Koala|57/100 brn|[from] brn\n|upkeep\n|turn|5\n|\n|t:|1788202129\n|switch|p1b: Torkoal|Torkoal, L50, M|29/100\n|-weather|SunnyDay|[from] ability: Drought|[of] p1b: Torkoal\n|switch|p2a: Cisco|Sneasler, L50, M|87/100\n|move|p2b: Koala|Shadow Ball|p1a: Sneasler\n|-damage|p1a: Sneasler|28/100\n|move|p1a: Sneasler|Close Combat|p2a: Cisco\n|-resisted|p2a: Cisco|1\n|-damage|p2a: Cisco|35/100\n|-unboost|p1a: Sneasler|def|1\n|-unboost|p1a: Sneasler|spd|1\n|\n|-weather|SunnyDay|[upkeep]\n|-damage|p2b: Koala|51/100 brn|[from] brn\n|upkeep\n|turn|6\n|\n|t:|1788202153\n|switch|p1a: Scovillain|Scovillain-Mega, L50, F|100/100\n|move|p1b: Torkoal|Protect|p1b: Torkoal\n|-singleturn|p1b: Torkoal|Protect\n|move|p2b: Koala|Shadow Ball|p1b: Torkoal\n|-activate|p1b: Torkoal|move: Protect\n|move|p2a: Cisco|Close Combat|p1a: Scovillain\n|-damage|p1a: Scovillain|37/100\n|-unboost|p2a: Cisco|def|1\n|-unboost|p2a: Cisco|spd|1\n|-status|p2a: Cisco|brn|[from] ability: Spicy Spray|[of] p1a: Scovillain\n|-enditem|p2a: Cisco|White Herb\n|-clearnegativeboost|p2a: Cisco|[silent]\n|\n|-weather|SunnyDay|[upkeep]\n|-damage|p2a: Cisco|29/100 brn|[from] brn\n|-damage|p2b: Koala|45/100 brn|[from] brn\n|upkeep\n|turn|7\n|inactive|Amaterios_03 has 30 seconds left.\n|\n|t:|1788202180\n|move|p1a: Scovillain|Protect|p1a: Scovillain\n|-singleturn|p1a: Scovillain|Protect\n|move|p2a: Cisco|Dire Claw|p1a: Scovillain\n|-activate|p1a: Scovillain|move: Protect\n|move|p2b: Koala|Shadow Ball|p1b: Torkoal\n|-damage|p1b: Torkoal|0 fnt\n|faint|p1b: Torkoal\n|\n|-weather|SunnyDay|[upkeep]\n|-damage|p2a: Cisco|23/100 brn|[from] brn\n|-damage|p2b: Koala|40/100 brn|[from] brn\n|upkeep\n|\n|t:|1788202189\n|switch|p1b: Sneasler|Sneasler, L50, F|28/100\n|turn|8\n|\n|t:|1788202214\n|move|p2a: Cisco|Protect|p2a: Cisco\n|-singleturn|p2a: Cisco|Protect\n|move|p2b: Koala|Shadow Ball|p1a: Scovillain\n|-damage|p1a: Scovillain|2/100\n|-unboost|p1a: Scovillain|spd|1\n|move|p1b: Sneasler|Close Combat|p2b: Koala\n|-immune|p2b: Koala\n|move|p1a: Scovillain|Leech Seed|p2b: Koala\n|-start|p2b: Koala|move: Leech Seed\n|\n|-weather|SunnyDay|[upkeep]\n|-damage|p2b: Koala|27/100 brn|[from] Leech Seed|[of] p1a: Scovillain\n|-heal|p1a: Scovillain|14/100|[silent]\n|-damage|p2a: Cisco|17/100 brn|[from] brn\n|-damage|p2b: Koala|21/100 brn|[from] brn\n|upkeep\n|turn|9\n|\n|t:|1788202231\n|move|p1b: Sneasler|Protect|p1b: Sneasler\n|-singleturn|p1b: Sneasler|Protect\n|move|p1a: Scovillain|Protect|p1a: Scovillain\n|-singleturn|p1a: Scovillain|Protect\n|move|p2a: Cisco|Close Combat|p1b: Sneasler\n|-activate|p1b: Sneasler|move: Protect\n|move|p2b: Koala|Shadow Ball|p1a: Scovillain\n|-activate|p1a: Scovillain|move: Protect\n|\n|-weather|none\n|-damage|p2b: Koala|9/100 brn|[from] Leech Seed|[of] p1a: Scovillain\n|-heal|p1a: Scovillain|26/100|[silent]\n|-damage|p2a: Cisco|12/100 brn|[from] brn\n|-damage|p2b: Koala|3/100 brn|[from] brn\n|upkeep\n|turn|10\n|inactive|Amaterios_03 has 30 seconds left.\n|inactive|Amaterios_03 has 20 seconds left.\n|inactive|Amaterios_03 has 15 seconds left.\n|inactive|Amaterios_03 has 10 seconds left.\n|\n|t:|1788202279\n|move|p1a: Scovillain|Protect||[still]\n|-fail|p1a: Scovillain\n|move|p2a: Cisco|Close Combat|p1b: Sneasler\n|-resisted|p1b: Sneasler|1\n|-damage|p1b: Sneasler|3/100\n|-unboost|p2a: Cisco|def|1\n|-unboost|p2a: Cisco|spd|1\n|move|p2b: Koala|Shadow Ball|p1a: Scovillain\n|-damage|p1a: Scovillain|0 fnt\n|faint|p1a: Scovillain\n|move|p1b: Sneasler|Close Combat|p2a: Cisco\n|-resisted|p2a: Cisco|1\n|-damage|p2a: Cisco|0 fnt\n|-unboost|p1b: Sneasler|def|1\n|-unboost|p1b: Sneasler|spd|1\n|faint|p2a: Cisco\n|\n|-damage|p2b: Koala|0 fnt|[from] brn\n|faint|p2b: Koala\n|upkeep\n|\n|t:|1788202291\n|switch|p2a: Kids|Kingambit, L50, M|100/100\n|turn|11\n|\n|t:|1788202306\n|move|p1b: Sneasler|Protect|p1b: Sneasler\n|-singleturn|p1b: Sneasler|Protect\n|move|p2a: Kids|Sucker Punch||[still]\n|-fail|p2a: Kids\n|\n|upkeep\n|turn|12\n|\n|t:|1788202317\n|move|p1b: Sneasler|Protect||[still]\n|-fail|p1b: Sneasler\n|move|p2a: Kids|Sucker Punch||[still]\n|-fail|p2a: Kids\n|\n|upkeep\n|turn|13\n|\n|t:|1788202331\n|move|p2a: Kids|Sucker Punch|p1b: Sneasler\n|-resisted|p1b: Sneasler|1\n|-damage|p1b: Sneasler|0 fnt\n|faint|p1b: Sneasler\n|\n|win|Cfoowl\n||Cfoowl is ready for game 3.\n||Amaterios_03 is ready for game 3.\n|uhtml|next|Next: <a href=\"/battle-gen9championsvgc2026regmbbo3-2673476043\"><strong>Game 3 of 3</strong></a>\n","uploadtime":1788202340,"views":"2","formatid":"gen9championsvgc2026regmbbo3","rating":null,"private":0,"password":null}