{"id":"gen9championsvgc2026regmb-2674224059","format":"[Gen 9 Champions] VGC 2026 Reg M-B","players":["Atlantean","magicalarcher57"],"log":"|j|☆Atlantean\n|j|☆magicalarcher57\n|html|<table width=\"100%\"><tr><td align=\"left\">Atlantean</td><td align=\"right\">magicalarcher57</tr><tr><td align=\"left\"><i class=\"fa fa-circle-o\"></i> <i class=\"fa fa-circle-o\"></i> </td><td align=\"right\"><i class=\"fa fa-circle-o\"></i> <i class=\"fa fa-circle-o\"></i> </tr></table>\n|uhtml|bestof|<h2><strong>Game 1</strong> of <a href=\"/game-bestof3-gen9championsvgc2026regmb-2674224058\">a best-of-3</a></h2>\n|t:|1788318312\n|gametype|doubles\n|player|p1|Atlantean|ghetsis-gen5bw|\n|player|p2|magicalarcher57|cynthia-masters|\n|gen|9\n|tier|[Gen 9 Champions] VGC 2026 Reg M-B\n|rated|Tournament battle\n|rule|Species Clause: Limit one of each Pokémon\n|rule|Item Clause: Limit 1 of each item\n|raw|<div class=\"infobox\"><details class=\"readmore\" open><summary><strong>2 custom rules:</strong></summary> Force Open Team Sheets, Best of = 3</details></div>\n|clearpoke\n|poke|p1|Swampert, L50, M|\n|poke|p1|Grimmsnarl, L50, M, shiny|\n|poke|p1|Archaludon, L50, F|\n|poke|p1|Pelipper, L50, F|\n|poke|p1|Charizard, L50, M|\n|poke|p1|Venusaur, L50, M|\n|poke|p2|Raichu, L50, F, shiny|\n|poke|p2|Garchomp, L50, M, shiny|\n|poke|p2|Whimsicott, L50, M, shiny|\n|poke|p2|Kingambit, L50, M, shiny|\n|poke|p2|Charizard, L50, M, shiny|\n|poke|p2|Basculegion, L50, M|\n|teampreview|4\n|showteam|p1|Swampert||Swampertite|Damp|Protect,Earthquake,WaveCrash,IcePunch|Adamant||M|||50|]Grimmsnarl||LightClay|Prankster|Reflect,SpiritBreak,LightScreen,PartingShot|Sassy||M|||50|]Archaludon||Leftovers|Stamina|Protect,DragonPulse,ElectroShot,FlashCannon|Calm||F|||50|]Pelipper||SitrusBerry|Drizzle|WideGuard,Hurricane,WeatherBall,Tailwind|Modest||F|||50|]Charizard||CharizarditeY|Blaze|Protect,HeatWave,Hurricane,WeatherBall|Modest||M|||50|]Venusaur||FocusSash|Chlorophyll|SleepPowder,Protect,LeafStorm,SludgeBomb|Modest||M|||50|\n|showteam|p2|Raichu||RaichuniteY|LightningRod|FakeOut,FocusBlast,ZapCannon,Protect|Timid||F|||50|]Garchomp||LifeOrb|RoughSkin|DragonClaw,RockSlide,StompingTantrum,Protect|Jolly||M|||50|]Whimsicott||FocusSash|Prankster|Moonblast,Tailwind,Protect,Encore|Timid||M|||50|]Kingambit||BlackGlasses|Defiant|SuckerPunch,KowtowCleave,IronHead,Protect|Adamant||M|||50|]Charizard||CharizarditeY|Blaze|WeatherBall,AncientPower,HeatWave,Protect|Modest||M|||50|]Basculegion||MysticWater|Adaptability|WaveCrash,LastRespects,AquaJet,Protect|Adamant||M|||50|\n|inactive|Battle timer is ON: inactive players will automatically lose when time's up. (requested by Atlantean)\n|inactive|magicalarcher57 also wants the timer to be on.\n|c|☆Atlantean|gl;hf\n|c|☆magicalarcher57|gglhf\n|j| pfizerlordozai\n|c|☆magicalarcher57|*glhf\n|j|@llefface\n|j| Tindall64\n|inactive|Atlantean has 60 seconds left.\n|\n|t:|1788318345\n|teamsize|p1|4\n|teamsize|p2|4\n|start\n|switch|p1a: Charizard|Charizard, L50, M|100/100\n|switch|p1b: Grimmsnarl|Grimmsnarl, L50, M, shiny|100/100\n|switch|p2a: Whimsicott|Whimsicott, L50, M, shiny|100/100\n|switch|p2b: Garchomp|Garchomp, L50, M, shiny|100/100\n|turn|1\n|j|%defiantvgc\n|l|%defiantvgc\n|inactive|magicalarcher57 has 30 seconds left.\n|\n|t:|1788318371\n|detailschange|p1a: Charizard|Charizard-Mega-Y, L50, M\n|-mega|p1a: Charizard|Charizard|Charizardite Y\n|-weather|SunnyDay|[from] ability: Drought|[of] p1a: Charizard\n|move|p1a: Charizard|Protect|p1a: Charizard\n|-singleturn|p1a: Charizard|Protect\n|move|p2a: Whimsicott|Tailwind|p2a: Whimsicott\n|-sidestart|p2: magicalarcher57|move: Tailwind\n|move|p1b: Grimmsnarl|Reflect|p1b: Grimmsnarl\n|-sidestart|p1: Atlantean|Reflect\n|move|p2b: Garchomp|Rock Slide|p1a: Charizard|[spread] p1b\n|-activate|p1a: Charizard|move: Protect\n|-damage|p1b: Grimmsnarl|81/100\n|-damage|p2b: Garchomp|90/100|[from] item: Life Orb\n|\n|-weather|SunnyDay|[upkeep]\n|upkeep\n|turn|2\n|\n|t:|1788318392\n|switch|p1a: Pelipper|Pelipper, L50, F|100/100\n|-weather|RainDance|[from] ability: Drizzle|[of] p1a: Pelipper\n|move|p2a: Whimsicott|Moonblast|p1b: Grimmsnarl\n|-supereffective|p1b: Grimmsnarl|1\n|-damage|p1b: Grimmsnarl|22/100\n|move|p2b: Garchomp|Rock Slide|p1a: Pelipper|[spread] p1a,p1b\n|-supereffective|p1a: Pelipper|1\n|-damage|p1a: Pelipper|65/100\n|-damage|p1b: Grimmsnarl|5/100\n|-damage|p2b: Garchomp|80/100|[from] item: Life Orb\n|cant|p1b: Grimmsnarl|flinch\n|\n|-weather|RainDance|[upkeep]\n|upkeep\n|turn|3\n|l| pfizerlordozai\n|j| TheOneAndOnlyChat\n|\n|t:|1788318411\n|move|p1b: Grimmsnarl|Parting Shot|p2b: Garchomp\n|-unboost|p2b: Garchomp|atk|1\n|-unboost|p2b: Garchomp|spa|1\n|\n|t:|1788318423\n|switch|p1b: Charizard|Charizard-Mega-Y, L50, M|100/100|[from] Parting Shot\n|-weather|SunnyDay|[from] ability: Drought|[of] p1b: Charizard\n|move|p2a: Whimsicott|Moonblast|p1b: Charizard\n|-resisted|p1b: Charizard|1\n|-damage|p1b: Charizard|83/100\n|-unboost|p1b: Charizard|spa|1\n|move|p2b: Garchomp|Dragon Claw|p1a: Pelipper\n|-damage|p1a: Pelipper|38/100\n|-enditem|p1a: Pelipper|Sitrus Berry|[eat]\n|-heal|p1a: Pelipper|63/100|[from] item: Sitrus Berry\n|-damage|p2b: Garchomp|70/100|[from] item: Life Orb\n|move|p1a: Pelipper|Hurricane|p2a: Whimsicott|[miss]\n|-miss|p1a: Pelipper|p2a: Whimsicott\n|\n|-weather|SunnyDay|[upkeep]\n|upkeep\n|turn|4\n|l|@llefface\n|inactive|Atlantean has 30 seconds left.\n|\n|t:|1788318448\n|move|p1b: Charizard|Protect|p1b: Charizard\n|-singleturn|p1b: Charizard|Protect\n|move|p2a: Whimsicott|Moonblast|p1a: Pelipper\n|-damage|p1a: Pelipper|18/100\n|move|p2b: Garchomp|Rock Slide|p1a: Pelipper|[spread] p1a\n|-activate|p1b: Charizard|move: Protect\n|-supereffective|p1a: Pelipper|1\n|-damage|p1a: Pelipper|0 fnt\n|faint|p1a: Pelipper\n|-damage|p2b: Garchomp|61/100|[from] item: Life Orb\n|\n|-weather|SunnyDay|[upkeep]\n|-sideend|p2: magicalarcher57|move: Tailwind\n|upkeep\n|\n|t:|1788318456\n|switch|p1a: Grimmsnarl|Grimmsnarl, L50, M, shiny|5/100\n|turn|5\n|\n|t:|1788318475\n|move|p1a: Grimmsnarl|Light Screen|p1a: Grimmsnarl\n|-sidestart|p1: Atlantean|move: Light Screen\n|move|p2a: Whimsicott|Moonblast|p1b: Charizard\n|-resisted|p1b: Charizard|1\n|-damage|p1b: Charizard|72/100\n|move|p2b: Garchomp|Rock Slide|p1a: Grimmsnarl|[spread] p1a,p1b\n|-supereffective|p1b: Charizard|2\n|-damage|p1a: Grimmsnarl|0 fnt\n|-damage|p1b: Charizard|26/100\n|faint|p1a: Grimmsnarl\n|-damage|p2b: Garchomp|51/100|[from] item: Life Orb\n|move|p1b: Charizard|Weather Ball|p2a: Whimsicott\n|-supereffective|p2a: Whimsicott|1\n|-enditem|p2a: Whimsicott|Focus Sash\n|-damage|p2a: Whimsicott|1/100\n|\n|-weather|SunnyDay|[upkeep]\n|upkeep\n|\n|t:|1788318481\n|switch|p1a: Swampert|Swampert, L50, M|100/100\n|turn|6\n|\n|t:|1788318484\n|move|p1b: Charizard|Protect|p1b: Charizard\n|-singleturn|p1b: Charizard|Protect\n|move|p2a: Whimsicott|Tailwind|p2a: Whimsicott\n|-sidestart|p2: magicalarcher57|move: Tailwind\n|move|p2b: Garchomp|Rock Slide|p1b: Charizard|[spread] \n|-activate|p1b: Charizard|move: Protect\n|-miss|p2b: Garchomp|p1a: Swampert\n|move|p1a: Swampert|Earthquake|p2b: Garchomp|[spread] p2a,p2b\n|-activate|p1b: Charizard|move: Protect\n|-resisted|p2a: Whimsicott|1\n|-damage|p2a: Whimsicott|0 fnt\n|-damage|p2b: Garchomp|17/100\n|faint|p2a: Whimsicott\n|\n|-weather|SunnyDay|[upkeep]\n|upkeep\n|\n|t:|1788318487\n|switch|p2a: Charizard|Charizard, L50, M, shiny|100/100\n|turn|7\n|\n|t:|1788318497\n|detailschange|p2a: Charizard|Charizard-Mega-Y, L50, M, shiny\n|-mega|p2a: Charizard|Charizard|Charizardite Y\n|move|p1b: Charizard|Protect|p1b: Charizard\n|-singleturn|p1b: Charizard|Protect\n|move|p2b: Garchomp|Dragon Claw|p1a: Swampert\n|-damage|p1a: Swampert|78/100\n|-damage|p2b: Garchomp|7/100|[from] item: Life Orb\n|move|p2a: Charizard|Ancient Power|p1b: Charizard\n|-activate|p1b: Charizard|move: Protect\n|move|p1a: Swampert|Earthquake|p2a: Charizard|[spread] p2b\n|-activate|p1b: Charizard|move: Protect\n|-immune|p2a: Charizard\n|-damage|p2b: Garchomp|0 fnt\n|faint|p2b: Garchomp\n|\n|-weather|none\n|upkeep\n|\n|t:|1788318513\n|switch|p2b: Basculegion|Basculegion, L50, M|100/100\n|turn|8\n|\n|t:|1788318519\n|move|p2a: Charizard|Ancient Power|p1b: Charizard\n|-supereffective|p1b: Charizard|2\n|-damage|p1b: Charizard|0 fnt\n|faint|p1b: Charizard\n|move|p2b: Basculegion|Last Respects|p1a: Swampert\n|-damage|p1a: Swampert|16/100\n|move|p1a: Swampert|Wave Crash|p2a: Charizard\n|-supereffective|p2a: Charizard|1\n|-damage|p2a: Charizard|0 fnt\n|faint|p2a: Charizard\n|-damage|p1a: Swampert|0 fnt|[from] Recoil\n|faint|p1a: Swampert\n|\n|win|magicalarcher57\n","uploadtime":1788318520,"views":"0","formatid":"gen9championsvgc2026regmb","rating":null,"private":0,"password":null}