{"id":"gen9championsvgc2026regmb-2673992602","format":"[Gen 9 Champions] VGC 2026 Reg M-B","players":["LightEternity","ethalem77"],"log":"|j|☆LightEternity\n|j|☆ethalem77\n|t:|1788285795\n|gametype|doubles\n|player|p1|LightEternity|colress|1522\n|player|p2|ethalem77|acetrainer-gen4dp|1567\n|gen|9\n|tier|[Gen 9 Champions] VGC 2026 Reg M-B\n|rated|\n|rule|Species Clause: Limit one of each Pokémon\n|rule|Item Clause: Limit 1 of each item\n|clearpoke\n|poke|p1|Whimsicott, L50, M|\n|poke|p1|Basculegion, L50, M|\n|poke|p1|Kingambit, L50, M|\n|poke|p1|Floette-Eternal, L50, F|\n|poke|p1|Garchomp, L50, M|\n|poke|p1|Charizard, L50, F|\n|poke|p2|Dragonite, L50, F|\n|poke|p2|Sneasler, L50, F|\n|poke|p2|Basculegion, L50, M|\n|poke|p2|Kingambit, L50, F|\n|poke|p2|Garchomp, L50, M|\n|poke|p2|Floette-Eternal, L50, F|\n|teampreview|4\n|inactive|Battle timer is ON: inactive players will automatically lose when time's up. (requested by ethalem77)\n|inactive|LightEternity also wants the timer to be on.\n|\n|t:|1788285822\n|teamsize|p1|4\n|teamsize|p2|4\n|start\n|switch|p1a: Whimsicott|Whimsicott, L50, M|100/100\n|switch|p1b: Basculegion|Basculegion, L50, M|100/100\n|switch|p2a: Basculegion|Basculegion, L50, M|100/100\n|switch|p2b: Sneasler|Sneasler, L50, F|100/100\n|turn|1\n|\n|t:|1788285841\n|move|p1a: Whimsicott|Tailwind|p1a: Whimsicott\n|-sidestart|p1: LightEternity|move: Tailwind\n|move|p1b: Basculegion|Wave Crash|p2b: Sneasler\n|-enditem|p2b: Sneasler|Focus Sash\n|-damage|p2b: Sneasler|1/100\n|-damage|p1b: Basculegion|74/100|[from] Recoil\n|move|p2b: Sneasler|Dire Claw|p1a: Whimsicott\n|-supereffective|p1a: Whimsicott|2\n|-enditem|p1a: Whimsicott|Focus Sash\n|-damage|p1a: Whimsicott|1/100\n|-status|p1a: Whimsicott|slp\n|move|p2a: Basculegion|Last Respects|p1b: Basculegion\n|-supereffective|p1b: Basculegion|1\n|-damage|p1b: Basculegion|0 fnt\n|faint|p1b: Basculegion\n|-damage|p2a: Basculegion|90/100|[from] item: Life Orb\n|\n|upkeep\n|\n|t:|1788285859\n|switch|p1b: Charizard|Charizard, L50, F|100/100\n|turn|2\n|\n|t:|1788285870\n|switch|p2b: Dragonite|Dragonite, L50, F|100/100\n|detailschange|p1b: Charizard|Charizard-Mega-Y, L50, F\n|-mega|p1b: Charizard|Charizard|Charizardite Y\n|-weather|SunnyDay|[from] ability: Drought|[of] p1b: Charizard\n|cant|p1a: Whimsicott|slp\n|move|p2a: Basculegion|Aqua Jet|p1a: Whimsicott\n|-resisted|p1a: Whimsicott|1\n|-damage|p1a: Whimsicott|0 fnt\n|faint|p1a: Whimsicott\n|-damage|p2a: Basculegion|80/100|[from] item: Life Orb\n|move|p1b: Charizard|Heat Wave|p2a: Basculegion|[spread] p2a,p2b\n|-resisted|p2a: Basculegion|1\n|-resisted|p2b: Dragonite|1\n|-damage|p2a: Basculegion|48/100\n|-damage|p2b: Dragonite|82/100\n|-status|p2a: Basculegion|brn\n|-status|p2b: Dragonite|brn\n|\n|-weather|SunnyDay|[upkeep]\n|-damage|p2b: Dragonite|76/100 brn|[from] brn\n|-damage|p2a: Basculegion|42/100 brn|[from] brn\n|upkeep\n|\n|t:|1788285889\n|switch|p1a: Garchomp|Garchomp, L50, M|100/100\n|turn|3\n|\n|t:|1788285907\n|detailschange|p2b: Dragonite|Dragonite-Mega, L50, F\n|-mega|p2b: Dragonite|Dragonite|Dragoninite\n|move|p2b: Dragonite|Protect|p2b: Dragonite\n|-singleturn|p2b: Dragonite|Protect\n|move|p2a: Basculegion|Protect|p2a: Basculegion\n|-singleturn|p2a: Basculegion|Protect\n|move|p1a: Garchomp|Dragon Claw|p2b: Dragonite\n|-activate|p2b: Dragonite|move: Protect\n|move|p1b: Charizard|Heat Wave|p2b: Dragonite|[spread] \n|-activate|p2a: Basculegion|move: Protect\n|-activate|p2b: Dragonite|move: Protect\n|\n|-weather|SunnyDay|[upkeep]\n|-damage|p2b: Dragonite|70/100 brn|[from] brn\n|-damage|p2a: Basculegion|36/100 brn|[from] brn\n|upkeep\n|turn|4\n|inactive|ethalem77 has 30 seconds left.\n|\n|t:|1788285933\n|switch|p2b: Kingambit|Kingambit, L50, F|100/100\n|move|p1a: Garchomp|Dragon Claw|p2b: Kingambit\n|-resisted|p2b: Kingambit|1\n|-damage|p2b: Kingambit|81/100\n|-damage|p1a: Garchomp|90/100|[from] item: Life Orb\n|move|p1b: Charizard|Heat Wave|p2b: Kingambit|[spread] p2a,p2b\n|-resisted|p2a: Basculegion|1\n|-supereffective|p2b: Kingambit|1\n|-damage|p2a: Basculegion|4/100 brn\n|-damage|p2b: Kingambit|0 fnt\n|faint|p2b: Kingambit\n|move|p2a: Basculegion|Wave Crash|p1b: Charizard\n|-supereffective|p1b: Charizard|1\n|-damage|p1b: Charizard|36/100\n|-damage|p2a: Basculegion|0 fnt|[from] Recoil\n|faint|p2a: Basculegion\n|\n|-weather|SunnyDay|[upkeep]\n|-sideend|p1: LightEternity|move: Tailwind\n|upkeep\n|\n|t:|1788285943\n|switch|p2a: Sneasler|Sneasler, L50, F|1/100\n|switch|p2b: Dragonite|Dragonite-Mega, L50, F|70/100 brn\n|turn|5\n|\n|t:|1788285958\n|move|p1a: Garchomp|Protect|p1a: Garchomp\n|-singleturn|p1a: Garchomp|Protect\n|move|p1b: Charizard|Protect|p1b: Charizard\n|-singleturn|p1b: Charizard|Protect\n|move|p2a: Sneasler|Fake Out|p1a: Garchomp\n|-activate|p1a: Garchomp|move: Protect\n|move|p2b: Dragonite|Dragon Pulse|p1a: Garchomp\n|-activate|p1a: Garchomp|move: Protect\n|\n|-weather|SunnyDay|[upkeep]\n|-damage|p2b: Dragonite|64/100 brn|[from] brn\n|upkeep\n|turn|6\n|\n|t:|1788285969\n|move|p2b: Dragonite|Protect|p2b: Dragonite\n|-singleturn|p2b: Dragonite|Protect\n|move|p2a: Sneasler|Dire Claw|p1b: Charizard\n|-damage|p1b: Charizard|0 fnt\n|faint|p1b: Charizard\n|move|p1a: Garchomp|Dragon Claw|p2b: Dragonite\n|-activate|p2b: Dragonite|move: Protect\n|\n|-weather|none\n|-damage|p2b: Dragonite|58/100 brn|[from] brn\n|upkeep\n|turn|7\n|inactive|ethalem77 has 30 seconds left.\n|\n|t:|1788285997\n|move|p2b: Dragonite|Extreme Speed|p1a: Garchomp\n|-damage|p1a: Garchomp|79/100\n|-damage|p2b: Dragonite|45/100 brn|[from] ability: Rough Skin|[of] p1a: Garchomp\n|move|p2a: Sneasler|Close Combat|p1a: Garchomp\n|-damage|p1a: Garchomp|17/100\n|-unboost|p2a: Sneasler|def|1\n|-unboost|p2a: Sneasler|spd|1\n|-damage|p2a: Sneasler|0 fnt|[from] ability: Rough Skin|[of] p1a: Garchomp\n|faint|p2a: Sneasler\n|move|p1a: Garchomp|Rock Slide|p2b: Dragonite|[miss]\n|-miss|p1a: Garchomp|p2b: Dragonite\n|\n|-damage|p2b: Dragonite|39/100 brn|[from] brn\n|upkeep\n|turn|8\n|\n|t:|1788286014\n|move|p2b: Dragonite|Protect|p2b: Dragonite\n|-singleturn|p2b: Dragonite|Protect\n|move|p1a: Garchomp|Dragon Claw|p2b: Dragonite\n|-activate|p2b: Dragonite|move: Protect\n|\n|-damage|p2b: Dragonite|33/100 brn|[from] brn\n|upkeep\n|turn|9\n|\n|t:|1788286019\n|move|p2b: Dragonite|Extreme Speed|p1a: Garchomp\n|-damage|p1a: Garchomp|7/100\n|-damage|p2b: Dragonite|21/100 brn|[from] ability: Rough Skin|[of] p1a: Garchomp\n|move|p1a: Garchomp|Dragon Claw|p2b: Dragonite\n|-supereffective|p2b: Dragonite|1\n|-damage|p2b: Dragonite|0 fnt\n|faint|p2b: Dragonite\n|-damage|p1a: Garchomp|0 fnt|[from] item: Life Orb\n|faint|p1a: Garchomp\n|\n|win|LightEternity\n|raw|LightEternity's rating: 1522 &rarr; <strong>1545</strong><br />(+23 for winning)\n|raw|ethalem77's rating: 1567 &rarr; <strong>1544</strong><br />(-23 for losing)\n","uploadtime":1788286024,"views":"0","formatid":"gen9championsvgc2026regmb","rating":1544,"private":0,"password":null}