{"id":"gen9championsvgc2026regmb-2673875142","format":"[Gen 9 Champions] VGC 2026 Reg M-B","players":["Xanndy12","DripDrop1"],"log":"|j|☆Xanndy12\n|j|☆DripDrop1\n|html|<table width=\"100%\"><tr><td align=\"left\">Xanndy12</td><td align=\"right\">DripDrop1</tr><tr><td align=\"left\"><i class=\"fa fa-circle\"></i> <i class=\"fa fa-circle-o\"></i> </td><td align=\"right\"><i class=\"fa fa-circle-o\"></i> <i class=\"fa fa-circle-o\"></i> </tr></table>\n|uhtml|bestof|<h2><strong>Game 2</strong> of <a href=\"/game-bestof3-gen9championsvgc2026regmb-2673873186\">a best-of-3</a></h2>\n|t:|1788271722\n|gametype|doubles\n|player|p1|Xanndy12|hilbert|\n|player|p2|DripDrop1|miku-flying|\n|gen|9\n|tier|[Gen 9 Champions] VGC 2026 Reg M-B\n|rule|Species Clause: Limit one of each Pokémon\n|rule|Item Clause: Limit 1 of each item\n|raw|<div class=\"infobox\"><details class=\"readmore\" open><summary><strong>1 custom rule:</strong></summary> Best of = 3</details></div>\n|clearpoke\n|poke|p1|Arcanine, L50, M|\n|poke|p1|Tauros-Paldea-Combat, L50, M, shiny|\n|poke|p1|Oranguru, L50, M|\n|poke|p1|Steelix, L50, M|\n|poke|p1|Dragonite, L50, M|\n|poke|p1|Froslass, L50, F|\n|poke|p2|Venusaur, L50, F|\n|poke|p2|Golurk, L50|\n|poke|p2|Glimmora, L50, M|\n|poke|p2|Klefki, L50, M|\n|poke|p2|Mr. Rime, L50, M, shiny|\n|poke|p2|Audino, L50, F|\n|teampreview|4\n|inactive|Battle timer is ON: inactive players will automatically lose when time's up. (requested by DripDrop1)\n|inactive|DripDrop1 has 60 seconds left.\n|\n|t:|1788271755\n|teamsize|p1|4\n|teamsize|p2|4\n|start\n|switch|p1a: Mímir|Oranguru, L50, M|100/100\n|switch|p1b: Jörd|Steelix, L50, M|100/100\n|switch|p2a: Mr. Rime|Mr. Rime, L50, M, shiny|100/100\n|switch|p2b: Audino|Audino, L50, F|100/100\n|turn|1\n|inactive|Xanndy12 has 30 seconds left.\n|inactive|DripDrop1 has 30 seconds left.\n|inactive|Xanndy12 has 20 seconds left.\n|inactive|Xanndy12 has 15 seconds left.\n|inactive|DripDrop1 has 20 seconds left.\n|inactive|DripDrop1 has 15 seconds left.\n|inactive|Xanndy12 has 10 seconds left.\n|inactive|DripDrop1 has 10 seconds left.\n|\n|t:|1788271809\n|detailschange|p1b: Jörd|Steelix-Mega, L50, M\n|-mega|p1b: Jörd|Steelix|Steelixite\n|move|p2a: Mr. Rime|Fake Out|p1b: Jörd\n|-resisted|p1b: Jörd|1\n|-damage|p1b: Jörd|97/100\n|move|p2b: Audino|Life Dew||[still]|[still]|[spread] \n|-fail|p2a: Mr. Rime|heal\n|-fail|p2b: Audino|heal\n|cant|p1b: Jörd|flinch\n|move|p1a: Mímir|Trick Room|p1a: Mímir\n|-fieldstart|move: Trick Room|[of] p1a: Mímir\n|\n|upkeep\n|turn|2\n|\n|t:|1788271832\n|switch|p2a: Venusaur|Venusaur, L50, F|100/100\n|move|p1b: Jörd|Iron Defense|p1b: Jörd\n|-boost|p1b: Jörd|def|2\n|move|p2b: Audino|Encore|p1a: Mímir\n|-start|p1a: Mímir|Encore\n|move|p1a: Mímir|Trick Room|p1a: Mímir\n|-fieldend|move: Trick Room\n|\n|upkeep\n|turn|3\n|\n|t:|1788271851\n|switch|p2b: Mr. Rime|Mr. Rime, L50, M, shiny|100/100\n|detailschange|p2a: Venusaur|Venusaur-Mega, L50, F\n|-mega|p2a: Venusaur|Venusaur|Venusaurite\n|move|p1b: Jörd|Protect|p1b: Jörd\n|-singleturn|p1b: Jörd|Protect\n|move|p2a: Venusaur|Leech Seed|p1b: Jörd\n|-activate|p1b: Jörd|move: Protect\n|move|p1a: Mímir|Trick Room|p1a: Mímir\n|-fieldstart|move: Trick Room|[of] p1a: Mímir\n|\n|upkeep\n|turn|4\n|inactive|Xanndy12 has 30 seconds left.\n|inactive|Xanndy12 has 20 seconds left.\n|inactive|Xanndy12 has 15 seconds left.\n|\n|t:|1788271891\n|switch|p1a: Thor|Dragonite, L50, M|100/100\n|move|p2b: Mr. Rime|Fake Out|p1b: Jörd\n|-resisted|p1b: Jörd|1\n|-damage|p1b: Jörd|96/100\n|cant|p1b: Jörd|flinch\n|move|p2a: Venusaur|Leech Seed|p1b: Jörd|[miss]\n|-miss|p2a: Venusaur|p1b: Jörd\n|\n|upkeep\n|turn|5\n|inactive|Xanndy12 has 30 seconds left.\n|inactive|Xanndy12 has 20 seconds left.\n|\n|t:|1788271928\n|move|p1b: Jörd|Body Press|p2a: Venusaur\n|-resisted|p2a: Venusaur|1\n|-damage|p2a: Venusaur|70/100\n|move|p2a: Venusaur|Leech Seed|p1b: Jörd\n|-start|p1b: Jörd|move: Leech Seed\n|move|p1a: Thor|Rock Slide|p2b: Mr. Rime|[spread] p2a,p2b\n|-supereffective|p2b: Mr. Rime|1\n|-damage|p2a: Venusaur|54/100\n|-damage|p2b: Mr. Rime|29/100\n|cant|p2b: Mr. Rime|flinch\n|\n|-damage|p1b: Jörd|84/100|[from] Leech Seed|[of] p2a: Venusaur\n|-heal|p2a: Venusaur|66/100|[silent]\n|upkeep\n|turn|6\n|inactive|DripDrop1 has 30 seconds left.\n|\n|t:|1788271953\n|move|p2b: Mr. Rime|Protect|p2b: Mr. Rime\n|-singleturn|p2b: Mr. Rime|Protect\n|move|p1b: Jörd|Body Press|p2a: Venusaur\n|-resisted|p2a: Venusaur|1\n|-damage|p2a: Venusaur|34/100\n|move|p2a: Venusaur|Leech Seed|p1a: Thor\n|-start|p1a: Thor|move: Leech Seed\n|move|p1a: Thor|Rock Slide|p2b: Mr. Rime|[spread] p2a\n|-activate|p2b: Mr. Rime|move: Protect\n|-damage|p2a: Venusaur|18/100\n|\n|-damage|p1b: Jörd|72/100|[from] Leech Seed|[of] p2a: Venusaur\n|-heal|p2a: Venusaur|30/100|[silent]\n|-damage|p1a: Thor|87/100|[from] Leech Seed|[of] p2a: Venusaur\n|-heal|p2a: Venusaur|43/100|[silent]\n|upkeep\n|turn|7\n|\n|t:|1788271976\n|switch|p2b: Audino|Audino, L50, F|100/100\n|move|p2a: Venusaur|Protect|p2a: Venusaur\n|-singleturn|p2a: Venusaur|Protect\n|move|p1b: Jörd|Iron Defense|p1b: Jörd\n|-boost|p1b: Jörd|def|2\n|move|p1a: Thor|Rock Slide|p2a: Venusaur|[spread] p2b\n|-activate|p2a: Venusaur|move: Protect\n|-damage|p2b: Audino|85/100\n|\n|-damage|p1b: Jörd|60/100|[from] Leech Seed|[of] p2a: Venusaur\n|-heal|p2a: Venusaur|55/100|[silent]\n|-damage|p1a: Thor|75/100|[from] Leech Seed|[of] p2a: Venusaur\n|-heal|p2a: Venusaur|68/100|[silent]\n|-fieldend|move: Trick Room\n|upkeep\n|turn|8\n|\n|t:|1788271998\n|move|p1a: Thor|Rock Slide|p2b: Audino|[spread] p2a,p2b\n|-damage|p2a: Venusaur|53/100\n|-damage|p2b: Audino|69/100\n|move|p2a: Venusaur|Leech Seed|p1a: Thor|[miss]\n|-miss|p2a: Venusaur|p1a: Thor\n|cant|p2b: Audino|flinch\n|move|p1b: Jörd|Body Press|p2b: Audino\n|-supereffective|p2b: Audino|1\n|-enditem|p2b: Audino|Chople Berry|[eat]\n|-enditem|p2b: Audino|Chople Berry|[weaken]\n|-damage|p2b: Audino|0 fnt\n|faint|p2b: Audino\n|\n|-damage|p1a: Thor|63/100|[from] Leech Seed|[of] p2a: Venusaur\n|-heal|p2a: Venusaur|66/100|[silent]\n|-damage|p1b: Jörd|48/100|[from] Leech Seed|[of] p2a: Venusaur\n|-heal|p2a: Venusaur|78/100|[silent]\n|upkeep\n|\n|t:|1788272008\n|switch|p2b: Mr. Rime|Mr. Rime, L50, M, shiny|29/100\n|turn|9\n|\n|t:|1788272027\n|move|p1b: Jörd|Protect|p1b: Jörd\n|-singleturn|p1b: Jörd|Protect\n|move|p2b: Mr. Rime|Icy Wind|p1a: Thor|[spread] p1a\n|-activate|p1b: Jörd|move: Protect\n|-supereffective|p1a: Thor|2\n|-damage|p1a: Thor|7/100\n|-unboost|p1a: Thor|spe|1\n|move|p2a: Venusaur|Earth Power|p1b: Jörd\n|-activate|p1b: Jörd|move: Protect\n|move|p1a: Thor|Rock Slide|p2a: Venusaur|[spread] p2a,p2b\n|-supereffective|p2b: Mr. Rime|1\n|-crit|p2b: Mr. Rime\n|-damage|p2a: Venusaur|61/100\n|-damage|p2b: Mr. Rime|0 fnt\n|faint|p2b: Mr. Rime\n|\n|-damage|p1a: Thor|0 fnt|[from] Leech Seed|[of] p2a: Venusaur\n|-heal|p2a: Venusaur|69/100|[silent]\n|faint|p1a: Thor\n|-damage|p1b: Jörd|36/100|[from] Leech Seed|[of] p2a: Venusaur\n|-heal|p2a: Venusaur|81/100|[silent]\n|upkeep\n|inactive|DripDrop1 has 30 seconds left.\n|\n|t:|1788272055\n|switch|p2b: Golurk|Golurk, L50|100/100\n|switch|p1a: Tyr|Arcanine, L50, M|100/100\n|-ability|p1a: Tyr|Intimidate|boost\n|-unboost|p2a: Venusaur|atk|1\n|-unboost|p2b: Golurk|atk|1\n|turn|10\n|\n|t:|1788272073\n|move|p1b: Jörd|Protect|p1b: Jörd\n|-singleturn|p1b: Jörd|Protect\n|move|p1a: Tyr|Flamethrower|p2a: Venusaur\n|-supereffective|p2a: Venusaur|1\n|-damage|p2a: Venusaur|38/100\n|-damage|p1a: Tyr|90/100|[from] item: Life Orb\n|move|p2a: Venusaur|Earth Power|p1b: Jörd\n|-activate|p1b: Jörd|move: Protect\n|move|p2b: Golurk|Stone Edge|p1a: Tyr\n|-supereffective|p1a: Tyr|1\n|-damage|p1a: Tyr|8/100\n|-damage|p2b: Golurk|90/100|[from] item: Life Orb\n|\n|-damage|p1b: Jörd|24/100|[from] Leech Seed|[of] p2a: Venusaur\n|-heal|p2a: Venusaur|50/100g|[silent]\n|upkeep\n|turn|11\n|\n|t:|1788272091\n|move|p2a: Venusaur|Protect|p2a: Venusaur\n|-singleturn|p2a: Venusaur|Protect\n|move|p1a: Tyr|Flamethrower|p2a: Venusaur\n|-activate|p2a: Venusaur|move: Protect\n|move|p2b: Golurk|Dynamic Punch|p1b: Jörd\n|-supereffective|p1b: Jörd|1\n|-damage|p1b: Jörd|14/100\n|-start|p1b: Jörd|confusion\n|-damage|p2b: Golurk|80/100|[from] item: Life Orb\n|-activate|p1b: Jörd|confusion\n|move|p1b: Jörd|High Horsepower|p2b: Golurk\n|-damage|p2b: Golurk|36/100\n|\n|-damage|p1b: Jörd|2/100|[from] Leech Seed|[of] p2a: Venusaur\n|-heal|p2a: Venusaur|62/100|[silent]\n|upkeep\n|turn|12\n|inactive|Xanndy12 has 30 seconds left.\n|inactive|DripDrop1 has 30 seconds left.\n|\n|t:|1788272127\n|move|p2a: Venusaur|Protect||[still]\n|-fail|p2a: Venusaur\n|move|p1a: Tyr|Flamethrower|p2b: Golurk\n|-damage|p2b: Golurk|0 fnt\n|faint|p2b: Golurk\n|-damage|p1a: Tyr|0 fnt|[from] item: Life Orb\n|faint|p1a: Tyr\n|-activate|p1b: Jörd|confusion\n|-damage|p1b: Jörd|0 fnt|[from] confusion\n|faint|p1b: Jörd\n|\n|upkeep\n|\n|t:|1788272141\n|switch|p1a: Mímir|Oranguru, L50, M|100/100\n|turn|13\n|\n|t:|1788272150\n|move|p2a: Venusaur|Leech Seed|p1a: Mímir\n|-start|p1a: Mímir|move: Leech Seed\n|move|p1a: Mímir|Psychic|p2a: Venusaur\n|-supereffective|p2a: Venusaur|1\n|-damage|p2a: Venusaur|10/100\n|\n|-damage|p1a: Mímir|87/100|[from] Leech Seed|[of] p2a: Venusaur\n|-heal|p2a: Venusaur|23/100|[silent]\n|upkeep\n|turn|14\n|\n|t:|1788272161\n|move|p2a: Venusaur|Protect|p2a: Venusaur\n|-singleturn|p2a: Venusaur|Protect\n|move|p1a: Mímir|Psychic|p2a: Venusaur\n|-activate|p2a: Venusaur|move: Protect\n|\n|-damage|p1a: Mímir|75/100|[from] Leech Seed|[of] p2a: Venusaur\n|-heal|p2a: Venusaur|36/100|[silent]\n|upkeep\n|turn|15\n|\n|t:|1788272169\n|move|p2a: Venusaur|Sludge Bomb|p1a: Mímir\n|-damage|p1a: Mímir|49/100\n|move|p1a: Mímir|Psychic|p2a: Venusaur\n|-supereffective|p2a: Venusaur|1\n|-damage|p2a: Venusaur|0 fnt\n|faint|p2a: Venusaur\n|\n|win|Xanndy12\n|c|☆DripDrop1|ggwp\n|c|☆Xanndy12|ggwp!!\n|c|☆DripDrop1|u got the replays or should I?\n|c|☆Xanndy12|good luck on the next ones and have a good a good week!! I can send, np!!\n","uploadtime":1788272234,"views":"2","formatid":"gen9championsvgc2026regmb","rating":null,"private":0,"password":null}