{"id":"gen9championsvgc2026regmb-2674673150","format":"[Gen 9 Champions] VGC 2026 Reg M-B","players":["wearifulpoet","3vrlads"],"log":"|j|☆wearifulpoet\n|j|☆3vrlads\n|t:|1788388445\n|gametype|doubles\n|player|p1|wearifulpoet|266|1257\n|player|p2|3vrlads|alder|1274\n|gen|9\n|tier|[Gen 9 Champions] VGC 2026 Reg M-B\n|rated|\n|rule|Species Clause: Limit one of each Pokémon\n|rule|Item Clause: Limit 1 of each item\n|clearpoke\n|poke|p1|Charizard, L50, F|\n|poke|p1|Whimsicott, L50, M|\n|poke|p1|Garchomp, L50, F|\n|poke|p1|Floette-Eternal, L50, F|\n|poke|p1|Basculegion, L50, M|\n|poke|p1|Kingambit, L50, F|\n|poke|p2|Medicham, L50, F, shiny|\n|poke|p2|Golurk, L50, shiny|\n|poke|p2|Torkoal, L50, F|\n|poke|p2|Tsareena, L50, F|\n|poke|p2|Basculegion, L50, M|\n|poke|p2|Staraptor, L50, F|\n|teampreview|4\n|inactive|Battle timer is ON: inactive players will automatically lose when time's up. (requested by 3vrlads)\n|inactive|wearifulpoet has 60 seconds left.\n|\n|t:|1788388480\n|teamsize|p1|4\n|teamsize|p2|4\n|start\n|switch|p1a: Floette|Floette-Eternal, L50, F|100/100\n|switch|p1b: Basculegion|Basculegion, L50, M|100/100\n|switch|p2a: Medicham|Medicham, L50, F, shiny|100/100\n|switch|p2b: Torkoal|Torkoal, L50, F|100/100\n|-weather|SunnyDay|[from] ability: Drought|[of] p2b: Torkoal\n|turn|1\n|\n|t:|1788388498\n|detailschange|p1a: Floette|Floette-Mega, L50, F\n|-mega|p1a: Floette|Floette|Floettite\n|-ability|p1a: Floette|Fairy Aura\n|move|p1a: Floette|Dazzling Gleam|p2a: Medicham|[spread] p2a,p2b\n|-supereffective|p2a: Medicham|1\n|-resisted|p2b: Torkoal|1\n|-enditem|p2a: Medicham|Focus Sash\n|-damage|p2a: Medicham|1/100\n|-damage|p2b: Torkoal|70/100\n|move|p1b: Basculegion|Wave Crash|p2b: Torkoal\n|-supereffective|p2b: Torkoal|1\n|-damage|p2b: Torkoal|0 fnt\n|faint|p2b: Torkoal\n|-damage|p1b: Basculegion|82/100|[from] Recoil\n|-damage|p1b: Basculegion|73/100|[from] item: Life Orb\n|move|p2a: Medicham|Trick Room|p2a: Medicham\n|-fieldstart|move: Trick Room|[of] p2a: Medicham\n|\n|-weather|SunnyDay|[upkeep]\n|upkeep\n|\n|t:|1788388516\n|switch|p2b: Basculegion|Basculegion, L50, M|100/100\n|turn|2\n|inactive|wearifulpoet has 30 seconds left.\n|\n|t:|1788388542\n|move|p1b: Basculegion|Protect|p1b: Basculegion\n|-singleturn|p1b: Basculegion|Protect\n|move|p2a: Medicham|Feint|p1a: Floette\n|-damage|p1a: Floette|95/100\n|move|p2b: Basculegion|Last Respects|p1b: Basculegion\n|-activate|p1b: Basculegion|move: Protect\n|move|p1a: Floette|Dazzling Gleam|p2a: Medicham|[spread] p2a,p2b\n|-supereffective|p2a: Medicham|1\n|-damage|p2a: Medicham|0 fnt\n|-damage|p2b: Basculegion|40/100\n|faint|p2a: Medicham\n|\n|-weather|SunnyDay|[upkeep]\n|upkeep\n|\n|t:|1788388558\n|switch|p2a: Golurk|Golurk, L50, shiny|100/100\n|turn|3\n|\n|t:|1788388569\n|move|p1b: Basculegion|Aqua Jet|p2a: Golurk\n|-supereffective|p2a: Golurk|1\n|-damage|p2a: Golurk|62/100\n|-damage|p1b: Basculegion|63/100|[from] item: Life Orb\n|move|p2a: Golurk|Poltergeist|p1b: Basculegion\n|-activate|p1b: Basculegion|move: Poltergeist|Life Orb\n|-supereffective|p1b: Basculegion|1\n|-damage|p1b: Basculegion|0 fnt\n|faint|p1b: Basculegion\n|move|p2b: Basculegion|Last Respects|p1a: Floette\n|-damage|p1a: Floette|0 fnt\n|faint|p1a: Floette\n|-damage|p2b: Basculegion|30/100|[from] item: Life Orb\n|\n|-weather|SunnyDay|[upkeep]\n|upkeep\n|\n|t:|1788388581\n|switch|p1b: Garchomp|Garchomp, L50, F|100/100\n|switch|p1a: Kingambit|Kingambit, L50, F|100/100\n|turn|4\n|\n|t:|1788388601\n|detailschange|p2a: Golurk|Golurk-Mega, L50, shiny\n|-mega|p2a: Golurk|Golurk|Golurkite\n|move|p2b: Basculegion|Protect|p2b: Basculegion\n|-singleturn|p2b: Basculegion|Protect\n|move|p1a: Kingambit|Sucker Punch||[still]\n|-fail|p1a: Kingambit\n|move|p2a: Golurk|Earthquake|p1b: Garchomp|[spread] p1a,p1b\n|-activate|p2b: Basculegion|move: Protect\n|-supereffective|p1a: Kingambit|1\n|-damage|p1a: Kingambit|18/100\n|-damage|p1b: Garchomp|53/100\n|move|p1b: Garchomp|Dragon Claw|p2a: Golurk\n|-damage|p2a: Golurk|33/100\n|\n|-weather|SunnyDay|[upkeep]\n|upkeep\n|turn|5\n|inactive|3vrlads has 30 seconds left.\n|inactive|3vrlads has 20 seconds left.\n|inactive|3vrlads has 15 seconds left.\n|inactive|3vrlads has 10 seconds left.\n|inactive|3vrlads has 5 seconds left.\n|\n|t:|1788388654\n|move|p1b: Garchomp|Protect|p1b: Garchomp\n|-singleturn|p1b: Garchomp|Protect\n|move|p1a: Kingambit|Sucker Punch|p2a: Golurk\n|-supereffective|p2a: Golurk|1\n|-damage|p2a: Golurk|0 fnt\n|faint|p2a: Golurk\n|move|p2b: Basculegion|Last Respects|p1a: Kingambit\n|-resisted|p1a: Kingambit|1\n|-damage|p1a: Kingambit|0 fnt\n|faint|p1a: Kingambit\n|-damage|p2b: Basculegion|20/100y|[from] item: Life Orb\n|\n|-weather|none\n|-fieldend|move: Trick Room\n|upkeep\n|turn|6\n|inactive|3vrlads has 30 seconds left.\n|\n|t:|1788388679\n|move|p2b: Basculegion|Aqua Jet|p1b: Garchomp\n|-damage|p1b: Garchomp|28/100\n|-damage|p2b: Basculegion|8/100|[from] ability: Rough Skin|[of] p1b: Garchomp\n|-enditem|p1b: Garchomp|Sitrus Berry|[eat]\n|-heal|p1b: Garchomp|53/100|[from] item: Sitrus Berry\n|-damage|p2b: Basculegion|0 fnt|[from] item: Life Orb\n|faint|p2b: Basculegion\n|\n|win|wearifulpoet\n|raw|wearifulpoet's rating: 1257 &rarr; <strong>1283</strong><br />(+26 for winning)\n|raw|3vrlads's rating: 1274 &rarr; <strong>1248</strong><br />(-26 for losing)\n|c|☆3vrlads|Gg\n|c|☆wearifulpoet|gg\n|c|☆wearifulpoet|fun team\n","uploadtime":1788388690,"views":"0","formatid":"gen9championsvgc2026regmb","rating":1248,"private":0,"password":null}