{"id":"gen9championsvgc2026regmbbo3-2674105320","format":"[Gen 9 Champions] VGC 2026 Reg M-B (Bo3)","players":["bartcr0987","Mashuno"],"log":"|j|☆bartcr0987\n|j|☆Mashuno\n|html|<table width=\"100%\"><tr><td align=\"left\">bartcr0987</td><td align=\"right\">Mashuno</tr><tr><td align=\"left\"><i class=\"fa fa-circle\"></i> <i class=\"fa fa-circle-o\"></i> </td><td align=\"right\"><i class=\"fa fa-circle-o\"></i> <i class=\"fa fa-circle\"></i> </tr></table>\n|uhtml|bestof|<h2><strong>Game 3</strong> of <a href=\"/game-bestof3-gen9championsvgc2026regmbbo3-2674101060\">a best-of-3</a></h2>\n|t:|1788299848\n|gametype|doubles\n|player|p1|bartcr0987|2|1270\n|player|p2|Mashuno|harlequin|1206\n|gen|9\n|tier|[Gen 9 Champions] VGC 2026 Reg M-B (Bo3)\n|rated|\n|rule|Species Clause: Limit one of each Pokémon\n|rule|Item Clause: Limit 1 of each item\n|clearpoke\n|poke|p1|Charizard, L50, M, shiny|\n|poke|p1|Sneasler, L50, M, shiny|\n|poke|p1|Floette-Eternal, L50, F|\n|poke|p1|Kingambit, L50, F, shiny|\n|poke|p1|Farigiraf, L50, M|\n|poke|p1|Gliscor, L50, M|\n|poke|p2|Pelipper, L50, F|\n|poke|p2|Archaludon, L50, M|\n|poke|p2|Blastoise, L50, M|\n|poke|p2|Sinistcha, L50|\n|poke|p2|Sableye, L50, M|\n|poke|p2|Sneasler, L50, F|\n|teampreview|4\n|showteam|p1|Charizard||CharizarditeY|SolarPower|HeatWave,SolarBeam,WeatherBall,Protect|Modest||M|||50|]Sneasler||FocusSash|Unburden|DireClaw,CloseCombat,Protect,RockSlide|Jolly||M|||50|]Floette-Eternal||Floettite|FlowerVeil|Moonblast,DazzlingGleam,LightofRuin,Protect|Modest||F|||50|]Kingambit||ChopleBerry|Defiant|KowtowCleave,SuckerPunch,LowKick,Protect|Brave||F|||50|]Farigiraf||SitrusBerry|ArmorTail|TrickRoom,Protect,Psychic,Thunderbolt|Calm||M|||50|]Gliscor||LifeOrb|HyperCutter|Protect,HighHorsepower,Tailwind,DualWingbeat|Careful||M|||50|\n|showteam|p2|Pelipper||FocusSash|Drizzle|WeatherBall,Hurricane,Tailwind,RainDance|Timid||F|||50|]Archaludon||Leftovers|Stamina|Protect,DracoMeteor,FlashCannon,ElectroShot|Modest||M|||50|]Blastoise||Blastoisinite|RainDish|Protect,WaterSpout,DarkPulse,IceBeam|Modest||M|||50|]Sinistcha||SitrusBerry|Hospitality|MatchaGotcha,RagePowder,LifeDew,TrickRoom|Bold|||||50|]Sableye||LightClay|Prankster|FoulPlay,LightScreen,Reflect,RainDance|Impish||M|||50|]Sneasler||WhiteHerb|Unburden|FakeOut,DireClaw,CloseCombat,RockSlide|Jolly||F|||50|\n|\n|t:|1788299874\n|teamsize|p1|4\n|teamsize|p2|4\n|start\n|switch|p1a: Sneasler|Sneasler, L50, M, shiny|100/100\n|switch|p1b: Farigiraf|Farigiraf, L50, M|100/100\n|switch|p2a: Kocho|Sneasler, L50, F|100/100\n|switch|p2b: Sableye|Sableye, L50, M|100/100\n|turn|1\n|inactive|Battle timer is ON: inactive players will automatically lose when time's up. (requested by bartcr0987)\n|\n|t:|1788299895\n|switch|p2a: Dai News|Pelipper, L50, F|100/100\n|-weather|RainDance|[from] ability: Drizzle|[of] p2a: Dai News\n|move|p1a: Sneasler|Close Combat|p2a: Dai News\n|-resisted|p2a: Dai News|1\n|-damage|p2a: Dai News|56/100\n|-unboost|p1a: Sneasler|def|1\n|-unboost|p1a: Sneasler|spd|1\n|move|p1b: Farigiraf|Psychic|p2a: Dai News\n|-damage|p2a: Dai News|0 fnt\n|faint|p2a: Dai News\n|move|p2b: Sableye|Foul Play|p1a: Sneasler\n|-resisted|p1a: Sneasler|1\n|-damage|p1a: Sneasler|38/100\n|\n|-weather|RainDance|[upkeep]\n|upkeep\n|\n|t:|1788299908\n|switch|p2a: Kocho|Sneasler, L50, F|100/100\n|turn|2\n|\n|t:|1788299917\n|move|p1a: Sneasler|Protect|p1a: Sneasler\n|-singleturn|p1a: Sneasler|Protect\n|move|p2a: Kocho|Dire Claw|p1b: Farigiraf\n|-damage|p1b: Farigiraf|62/100\n|move|p1b: Farigiraf|Psychic|p2a: Kocho\n|-supereffective|p2a: Kocho|2\n|-damage|p2a: Kocho|0 fnt\n|faint|p2a: Kocho\n|move|p2b: Sableye|Foul Play|p1a: Sneasler\n|-activate|p1a: Sneasler|move: Protect\n|\n|-weather|RainDance|[upkeep]\n|upkeep\n|\n|t:|1788299925\n|switch|p2a: Blastoise|Blastoise, L50, M|100/100\n|turn|3\n|inactive|Mashuno has 30 seconds left.\n|\n|t:|1788299960\n|detailschange|p2a: Blastoise|Blastoise-Mega, L50, M\n|-mega|p2a: Blastoise|Blastoise|Blastoisinite\n|move|p2b: Sableye|Reflect|p2b: Sableye\n|-sidestart|p2: Mashuno|Reflect\n|move|p1a: Sneasler|Dire Claw|p2a: Blastoise\n|-damage|p2a: Blastoise|75/100\n|move|p2a: Blastoise|Dark Pulse|p1b: Farigiraf\n|-supereffective|p1b: Farigiraf|1\n|-damage|p1b: Farigiraf|0 fnt\n|faint|p1b: Farigiraf\n|\n|-weather|RainDance|[upkeep]\n|upkeep\n|\n|t:|1788299970\n|switch|p1b: Kingambit|Kingambit, L50, F, shiny|100/100\n|turn|4\n|\n|t:|1788299981\n|move|p2a: Blastoise|Protect|p2a: Blastoise\n|-singleturn|p2a: Blastoise|Protect\n|move|p1a: Sneasler|Dire Claw|p2b: Sableye\n|-resisted|p2b: Sableye|1\n|-damage|p2b: Sableye|80/100\n|move|p2b: Sableye|Foul Play|p1a: Sneasler\n|-resisted|p1a: Sneasler|1\n|-damage|p1a: Sneasler|0 fnt\n|faint|p1a: Sneasler\n|move|p1b: Kingambit|Kowtow Cleave|p2b: Sableye\n|-damage|p2b: Sableye|35/100\n|\n|-weather|RainDance|[upkeep]\n|upkeep\n|\n|t:|1788299993\n|switch|p1a: Charizard|Charizard, L50, M, shiny|100/100\n|turn|5\n|\n|t:|1788300000\n|move|p1a: Charizard|Protect|p1a: Charizard\n|-singleturn|p1a: Charizard|Protect\n|move|p2a: Blastoise|Water Spout|p1b: Kingambit|[spread] p1b\n|-activate|p1a: Charizard|move: Protect\n|-damage|p1b: Kingambit|27/100\n|move|p2b: Sableye|Foul Play|p1b: Kingambit\n|-resisted|p1b: Kingambit|1\n|-damage|p1b: Kingambit|8/100\n|move|p1b: Kingambit|Kowtow Cleave|p2b: Sableye\n|-damage|p2b: Sableye|0 fnt\n|faint|p2b: Sableye\n|\n|-weather|none\n|upkeep\n|turn|6\n|\n|t:|1788300016\n|detailschange|p1a: Charizard|Charizard-Mega-Y, L50, M, shiny\n|-mega|p1a: Charizard|Charizard|Charizardite Y\n|-weather|SunnyDay|[from] ability: Drought|[of] p1a: Charizard\n|move|p1b: Kingambit|Sucker Punch|p2a: Blastoise\n|-damage|p2a: Blastoise|49/100\n|move|p1a: Charizard|Solar Beam||[still]\n|-prepare|p1a: Charizard|Solar Beam\n|-anim|p1a: Charizard|Solar Beam|p2a: Blastoise\n|-supereffective|p2a: Blastoise|1\n|-damage|p2a: Blastoise|0 fnt\n|faint|p2a: Blastoise\n|\n|win|bartcr0987\n|raw|bartcr0987's rating: 1270 &rarr; <strong>1290</strong><br />(+20 for winning)\n|raw|Mashuno's rating: 1206 &rarr; <strong>1186</strong><br />(-20 for losing)\n|c|☆Mashuno|ggs\n|c|☆bartcr0987|gg\n|l|☆Mashuno\n|player|p2|\n","uploadtime":1788300076,"views":"9","formatid":"gen9championsvgc2026regmbbo3","rating":1186,"private":0,"password":null}