{"id":"gen9championsvgc2026regmbbo3-2673441626","format":"[Gen 9 Champions] VGC 2026 Reg M-B (Bo3)","players":["marcio1428","Hxjdjz"],"log":"|j|☆marcio1428\n|j|☆Hxjdjz\n|html|<table width=\"100%\"><tr><td align=\"left\">marcio1428</td><td align=\"right\">Hxjdjz</tr><tr><td align=\"left\"><i class=\"fa fa-circle-o\"></i> <i class=\"fa fa-circle-o\"></i> </td><td align=\"right\"><i class=\"fa fa-circle-o\"></i> <i class=\"fa fa-circle-o\"></i> </tr></table>\n|uhtml|bestof|<h2><strong>Game 1</strong> of <a href=\"/game-bestof3-gen9championsvgc2026regmbbo3-2673441625\">a best-of-3</a></h2>\n|t:|1788198211\n|gametype|doubles\n|player|p1|marcio1428|1|1083\n|player|p2|Hxjdjz|1|1047\n|gen|9\n|tier|[Gen 9 Champions] VGC 2026 Reg M-B (Bo3)\n|rated|\n|rule|Species Clause: Limit one of each Pokémon\n|rule|Item Clause: Limit 1 of each item\n|clearpoke\n|poke|p1|Swampert, L50, M|\n|poke|p1|Sneasler, L50, M|\n|poke|p1|Pelipper, L50, M|\n|poke|p1|Basculegion, L50, M|\n|poke|p1|Archaludon, L50, F|\n|poke|p1|Raichu, L50, F|\n|poke|p2|Gengar, L50, M|\n|poke|p2|Politoed, L50, F|\n|poke|p2|Incineroar, L50, F|\n|poke|p2|Sinistcha, L50|\n|poke|p2|Raichu, L50, F|\n|poke|p2|Mamoswine, L50, F|\n|teampreview|4\n|showteam|p1|Swampert||Swampertite|Damp|Waterfall,Earthquake,IcePunch,Protect|Adamant||M|||50|]Sneasler||FocusSash|PoisonTouch|CloseCombat,DireClaw,FakeOut,Feint|Jolly||M|||50|]Pelipper||SitrusBerry|Drizzle|WeatherBall,Hurricane,WideGuard,Tailwind|Modest||M|||50|]Basculegion||LifeOrb|Adaptability|WaveCrash,LastRespects,AquaJet,Protect|Jolly||M|||50|]Archaludon||Leftovers|Stamina|FlashCannon,DragonPulse,ElectroShot,Protect|Calm||F|||50|]Raichu||RaichuniteY|LightningRod|ZapCannon,FocusBlast,FakeOut,Protect|Timid||F|||50|\n|showteam|p2|Gengar||Gengarite|CursedBody|ShadowBall,Disable,PerishSong,Protect|Calm||M|||50|]Politoed||Leftovers|Drizzle|WeatherBall,Encore,PerishSong,Protect|Bold||F|||50|]Incineroar||PasshoBerry|Intimidate|DarkestLariat,PartingShot,FakeOut,Protect|Sassy||F|||50|]Sinistcha||SitrusBerry|Hospitality|MatchaGotcha,RagePowder,Protect,TrickRoom|Calm|||||50|]Raichu||RaichuniteY|Static|ZapCannon,FocusBlast,FakeOut,Protect|Timid||F|||50|]Mamoswine||FocusSash|Oblivious|IcicleCrash,HighHorsepower,RockSlide,Protect|Adamant||F|||50|\n|\n|t:|1788198263\n|teamsize|p1|4\n|teamsize|p2|4\n|start\n|switch|p1a: Basculegion|Basculegion, L50, M|100/100\n|switch|p1b: Pelipper|Pelipper, L50, M|100/100\n|switch|p2a: Gengar|Gengar, L50, M|100/100\n|switch|p2b: Incineroar|Incineroar, L50, F|100/100\n|-weather|RainDance|[from] ability: Drizzle|[of] p1b: Pelipper\n|-ability|p2b: Incineroar|Intimidate|boost\n|-unboost|p1a: Basculegion|atk|1\n|-unboost|p1b: Pelipper|atk|1\n|turn|1\n|\n|t:|1788198312\n|switch|p1b: Swampert|Swampert, L50, M|100/100\n|detailschange|p2a: Gengar|Gengar-Mega, L50, M\n|-mega|p2a: Gengar|Gengar|Gengarite\n|move|p2b: Incineroar|Fake Out|p1b: Swampert\n|-damage|p1b: Swampert|89/100\n|move|p2a: Gengar|Shadow Ball|p1a: Basculegion\n|-supereffective|p1a: Basculegion|1\n|-damage|p1a: Basculegion|4/100\n|move|p1a: Basculegion|Last Respects|p2a: Gengar\n|-supereffective|p2a: Gengar|1\n|-damage|p2a: Gengar|37/100\n|-damage|p1a: Basculegion|0 fnt|[from] item: Life Orb\n|faint|p1a: Basculegion\n|\n|-weather|RainDance|[upkeep]\n|upkeep\n|\n|t:|1788198334\n|switch|p1a: Pelipper|Pelipper, L50, M|100/100\n|turn|2\n|\n|t:|1788198344\n|switch|p2b: Sinistcha|Sinistcha, L50|100/100\n|-heal|p2a: Gengar|62/100|[from] ability: Hospitality|[of] p2b: Sinistcha\n|detailschange|p1b: Swampert|Swampert-Mega, L50, M\n|-mega|p1b: Swampert|Swampert|Swampertite\n|move|p2a: Gengar|Protect|p2a: Gengar\n|-singleturn|p2a: Gengar|Protect\n|move|p1b: Swampert|Earthquake|p2b: Sinistcha|[spread] p2b\n|-activate|p2a: Gengar|move: Protect\n|-immune|p1a: Pelipper\n|-resisted|p2b: Sinistcha|1\n|-damage|p2b: Sinistcha|79/100\n|move|p1a: Pelipper|Tailwind|p1a: Pelipper\n|-sidestart|p1: marcio1428|move: Tailwind\n|\n|-weather|RainDance|[upkeep]\n|upkeep\n|turn|3\n|\n|t:|1788198388\n|switch|p2a: Incineroar|Incineroar, L50, F|100/100\n|-ability|p2a: Incineroar|Intimidate|boost\n|-unboost|p1a: Pelipper|atk|1\n|-unboost|p1b: Swampert|atk|1\n|move|p2b: Sinistcha|Protect|p2b: Sinistcha\n|-singleturn|p2b: Sinistcha|Protect\n|move|p1b: Swampert|Waterfall|p2a: Incineroar\n|-supereffective|p2a: Incineroar|1\n|-enditem|p2a: Incineroar|Passho Berry|[eat]\n|-enditem|p2a: Incineroar|Passho Berry|[weaken]\n|-damage|p2a: Incineroar|57/100\n|move|p1a: Pelipper|Hurricane|p2b: Sinistcha\n|-activate|p2b: Sinistcha|move: Protect\n|\n|-weather|RainDance|[upkeep]\n|upkeep\n|turn|4\n|\n|t:|1788198410\n|move|p1b: Swampert|Protect|p1b: Swampert\n|-singleturn|p1b: Swampert|Protect\n|move|p2a: Incineroar|Fake Out|p1a: Pelipper\n|-damage|p1a: Pelipper|87/100\n|cant|p1a: Pelipper|flinch\n|move|p2b: Sinistcha|Trick Room|p2b: Sinistcha\n|-fieldstart|move: Trick Room|[of] p2b: Sinistcha\n|\n|-weather|RainDance|[upkeep]\n|upkeep\n|turn|5\n|\n|t:|1788198454\n|move|p1a: Pelipper|Wide Guard|p1a: Pelipper\n|-singleturn|p1a: Pelipper|Wide Guard\n|move|p2a: Incineroar|Parting Shot|p1a: Pelipper\n|-unboost|p1a: Pelipper|atk|1\n|-unboost|p1a: Pelipper|spa|1\n|\n|t:|1788198460\n|switch|p2a: Politoed|Politoed, L50, F|100/100|[from] Parting Shot\n|move|p2b: Sinistcha|Matcha Gotcha|p1b: Swampert|[spread] \n|-activate|p1a: Pelipper|move: Wide Guard\n|-activate|p1b: Swampert|move: Wide Guard\n|move|p1b: Swampert|Earthquake|p2a: Politoed|[spread] p2a,p2b\n|-activate|p1a: Pelipper|move: Wide Guard\n|-resisted|p2b: Sinistcha|1\n|-damage|p2a: Politoed|74/100\n|-damage|p2b: Sinistcha|63/100\n|\n|-weather|none\n|-heal|p2a: Politoed|80/100|[from] item: Leftovers\n|-sideend|p1: marcio1428|move: Tailwind\n|upkeep\n|turn|6\n|\n|t:|1788198499\n|switch|p1b: Sneasler|Sneasler, L50, M|100/100\n|move|p2a: Politoed|Perish Song|p2a: Politoed\n|-start|p1a: Pelipper|perish3|[silent]\n|-start|p1b: Sneasler|perish3|[silent]\n|-start|p2a: Politoed|perish3|[silent]\n|-start|p2b: Sinistcha|perish3|[silent]\n|-fieldactivate|move: Perish Song\n|move|p2b: Sinistcha|Matcha Gotcha|p1b: Sneasler|[spread] p1a,p1b\n|-resisted|p1b: Sneasler|1\n|-damage|p1a: Pelipper|46/100\n|-heal|p2b: Sinistcha|80/100|[from] drain|[of] p1a: Pelipper\n|-damage|p1b: Sneasler|84/100\n|-heal|p2b: Sinistcha|87/100|[from] drain|[of] p1b: Sneasler\n|-enditem|p1a: Pelipper|Sitrus Berry|[eat]\n|-heal|p1a: Pelipper|71/100|[from] item: Sitrus Berry\n|move|p1a: Pelipper|Hurricane|p2b: Sinistcha\n|-supereffective|p2b: Sinistcha|1\n|-damage|p2b: Sinistcha|33/100\n|-start|p2b: Sinistcha|confusion\n|-enditem|p2b: Sinistcha|Sitrus Berry|[eat]\n|-heal|p2b: Sinistcha|58/100|[from] item: Sitrus Berry\n|\n|-heal|p2a: Politoed|86/100|[from] item: Leftovers\n|-start|p2a: Politoed|perish3\n|-start|p2b: Sinistcha|perish3\n|-start|p1a: Pelipper|perish3\n|-start|p1b: Sneasler|perish3\n|upkeep\n|turn|7\n|\n|t:|1788198537\n|switch|p2b: Incineroar|Incineroar, L50, F|57/100\n|-ability|p2b: Incineroar|Intimidate|boost\n|-unboost|p1a: Pelipper|atk|1\n|-unboost|p1b: Sneasler|atk|1\n|switch|p1a: Swampert|Swampert-Mega, L50, M|89/100\n|move|p2a: Politoed|Protect|p2a: Politoed\n|-singleturn|p2a: Politoed|Protect\n|move|p1b: Sneasler|Dire Claw|p2a: Politoed\n|-activate|p2a: Politoed|move: Protect\n|\n|-heal|p2a: Politoed|93/100|[from] item: Leftovers\n|-start|p2a: Politoed|perish2\n|-start|p1b: Sneasler|perish2\n|upkeep\n|turn|8\n|\n|t:|1788198589\n|switch|p1b: Pelipper|Pelipper, L50, M|71/100\n|-weather|RainDance|[from] ability: Drizzle|[of] p1b: Pelipper\n|move|p1a: Swampert|Protect|p1a: Swampert\n|-singleturn|p1a: Swampert|Protect\n|move|p2b: Incineroar|Parting Shot|p1a: Swampert\n|-activate|p1a: Swampert|move: Protect\n|move|p2a: Politoed|Weather Ball|p1b: Pelipper\n|-resisted|p1b: Pelipper|1\n|-damage|p1b: Pelipper|35/100\n|\n|-weather|RainDance|[upkeep]\n|-heal|p2a: Politoed|99/100|[from] item: Leftovers\n|-start|p2a: Politoed|perish1\n|-fieldend|move: Trick Room\n|upkeep\n|turn|9\n|\n|t:|1788198620\n|switch|p2a: Sinistcha|Sinistcha, L50|58/100\n|-heal|p2b: Incineroar|82/100|[from] ability: Hospitality|[of] p2a: Sinistcha\n|move|p2b: Incineroar|Protect|p2b: Incineroar\n|-singleturn|p2b: Incineroar|Protect\n|move|p1a: Swampert|Waterfall|p2a: Sinistcha\n|-resisted|p2a: Sinistcha|1\n|-damage|p2a: Sinistcha|20/100y\n|move|p1b: Pelipper|Hurricane|p2b: Incineroar\n|-activate|p2b: Incineroar|move: Protect\n|\n|-weather|RainDance|[upkeep]\n|upkeep\n|turn|10\n|\n|t:|1788198672\n|switch|p2b: Politoed|Politoed, L50, F|99/100\n|move|p2a: Sinistcha|Protect|p2a: Sinistcha\n|-singleturn|p2a: Sinistcha|Protect\n|move|p1a: Swampert|Waterfall|p2b: Politoed\n|-resisted|p2b: Politoed|1\n|-damage|p2b: Politoed|65/100\n|move|p1b: Pelipper|Hurricane|p2a: Sinistcha\n|-activate|p2a: Sinistcha|move: Protect\n|\n|-weather|RainDance|[upkeep]\n|-heal|p2b: Politoed|71/100|[from] item: Leftovers\n|upkeep\n|turn|11\n|\n|t:|1788198702\n|switch|p1a: Sneasler|Sneasler, L50, M|84/100\n|switch|p2a: Incineroar|Incineroar, L50, F|82/100\n|-ability|p2a: Incineroar|Intimidate|boost\n|-unboost|p1a: Sneasler|atk|1\n|-unboost|p1b: Pelipper|atk|1\n|move|p1b: Pelipper|Hurricane|p2a: Incineroar\n|-damage|p2a: Incineroar|42/100\n|move|p2b: Politoed|Encore|p1b: Pelipper\n|-start|p1b: Pelipper|Encore\n|\n|-weather|RainDance|[upkeep]\n|-heal|p2b: Politoed|77/100|[from] item: Leftovers\n|upkeep\n|turn|12\n|\n|t:|1788198722\n|switch|p2b: Gengar|Gengar-Mega, L50, M|62/100\n|move|p1a: Sneasler|Fake Out|p2a: Incineroar\n|-damage|p2a: Incineroar|34/100\n|cant|p2a: Incineroar|flinch\n|move|p1b: Pelipper|Hurricane|p2a: Incineroar\n|-damage|p2a: Incineroar|0 fnt\n|faint|p2a: Incineroar\n|\n|-weather|none\n|upkeep\n|\n|t:|1788198737\n|switch|p2a: Sinistcha|Sinistcha, L50|20/100y\n|-heal|p2b: Gengar|86/100|[from] ability: Hospitality|[of] p2a: Sinistcha\n|turn|13\n|\n|t:|1788198771\n|switch|p2a: Politoed|Politoed, L50, F|77/100\n|-weather|RainDance|[from] ability: Drizzle|[of] p2a: Politoed\n|move|p1a: Sneasler|Dire Claw|p2a: Politoed\n|-damage|p2a: Politoed|52/100\n|-status|p2a: Politoed|psn|[from] ability: Poison Touch|[of] p1a: Sneasler\n|move|p2b: Gengar|Disable|p1b: Pelipper\n|-start|p1b: Pelipper|Disable|Hurricane\n|cant|p1b: Pelipper|Disable|Hurricane\n|\n|-weather|RainDance|[upkeep]\n|-heal|p2a: Politoed|58/100 psn|[from] item: Leftovers\n|-damage|p2a: Politoed|46/100 psn|[from] psn\n|upkeep\n|turn|14\n|\n|t:|1788198809\n|move|p1a: Sneasler|Dire Claw|p2a: Politoed\n|-damage|p2a: Politoed|22/100 psn\n|move|p2b: Gengar|Shadow Ball|p1a: Sneasler\n|-damage|p1a: Sneasler|28/100\n|-activate|p1b: Pelipper|move: Struggle\n|move|p1b: Pelipper|Struggle|p2a: Politoed\n|-damage|p2a: Politoed|18/100 psn\n|-damage|p1b: Pelipper|10/100|[from] recoil\n|move|p2a: Politoed|Weather Ball|p1a: Sneasler\n|-damage|p1a: Sneasler|0 fnt\n|faint|p1a: Sneasler\n|\n|-weather|RainDance|[upkeep]\n|-heal|p2a: Politoed|25/100 psn|[from] item: Leftovers\n|-damage|p2a: Politoed|12/100 psn|[from] psn\n|-end|p1b: Pelipper|Encore\n|upkeep\n|\n|t:|1788198826\n|switch|p1a: Swampert|Swampert-Mega, L50, M|89/100\n|turn|15\n|c|☆marcio1428|bro, encore + disable is demoniac xD\n|\n|t:|1788198918\n|switch|p2b: Sinistcha|Sinistcha, L50|20/100y\n|-heal|p2a: Politoed|37/100 psn|[from] ability: Hospitality|[of] p2b: Sinistcha\n|move|p1a: Swampert|Earthquake|p2a: Politoed|[spread] p2a,p2b\n|-immune|p1b: Pelipper\n|-resisted|p2b: Sinistcha|1\n|-crit|p2b: Sinistcha\n|-damage|p2a: Politoed|0 fnt\n|-damage|p2b: Sinistcha|0 fnt\n|faint|p2a: Politoed\n|faint|p2b: Sinistcha\n|move|p1b: Pelipper|Weather Ball|p2: Politoed|[notarget]\n|-fail|p1b: Pelipper\n|\n|-weather|RainDance|[upkeep]\n|upkeep\n|\n|t:|1788198933\n|switch|p2b: Gengar|Gengar-Mega, L50, M|86/100\n|turn|16\n|\n|t:|1788198946\n|move|p1a: Swampert|Earthquake|p2b: Gengar|[spread] p2b\n|-immune|p1b: Pelipper\n|-supereffective|p2b: Gengar|1\n|-damage|p2b: Gengar|0 fnt\n|faint|p2b: Gengar\n|\n|win|marcio1428\n||Hxjdjz is ready for game 2.\n|inactive|marcio1428 has 30 seconds to confirm battle start!\n","uploadtime":1788198960,"views":"17","formatid":"gen9championsvgc2026regmbbo3","rating":null,"private":0,"password":null}