{"id":"gen9championsvgc2026regmbbo3-2674727793","format":"[Gen 9 Champions] VGC 2026 Reg M-B (Bo3)","players":["Kevin-V8","svnzv"],"log":"|j|☆Kevin-V8\n|j|☆svnzv\n|html|<table width=\"100%\"><tr><td align=\"left\">Kevin-V8</td><td align=\"right\">svnzv</tr><tr><td align=\"left\"><i class=\"fa fa-circle-o\"></i> <i class=\"fa fa-circle-o\"></i> </td><td align=\"right\"><i class=\"fa fa-circle-o\"></i> <i class=\"fa fa-circle-o\"></i> </tr></table>\n|uhtml|bestof|<h2><strong>Game 1</strong> of <a href=\"/game-bestof3-gen9championsvgc2026regmbbo3-2674727791\">a best-of-3</a></h2>\n|t:|1788396838\n|gametype|doubles\n|player|p1|Kevin-V8|ethan|1187\n|player|p2|svnzv|iris-gen5bw2|1256\n|gen|9\n|tier|[Gen 9 Champions] VGC 2026 Reg M-B (Bo3)\n|rated|\n|rule|Species Clause: Limit one of each Pokémon\n|rule|Item Clause: Limit 1 of each item\n|clearpoke\n|poke|p1|Tyranitar, L50, M|\n|poke|p1|Excadrill, L50, M|\n|poke|p1|Whimsicott, L50, F|\n|poke|p1|Floette-Eternal, L50, F|\n|poke|p1|Incineroar, L50, M|\n|poke|p1|Sinistcha, L50|\n|poke|p2|Blaziken, L50, F, shiny|\n|poke|p2|Kingambit, L50, F|\n|poke|p2|Garchomp, L50, M|\n|poke|p2|Incineroar, L50, F|\n|poke|p2|Vivillon-High Plains, L50, F|\n|poke|p2|Gardevoir, L50, M|\n|teampreview|4\n|showteam|p1|Tyranitar||FocusSash|SandStream|KnockOff,RockSlide,LowKick,Protect|Adamant||M|||50|]Excadrill||LifeOrb|SandRush|HighHorsepower,IronHead,RockTomb,Protect|Adamant||M|||50|]Whimsicott||OccaBerry|Prankster|Moonblast,Encore,Tailwind,LightScreen|Calm||F|||50|]Floette-Eternal||Floettite|FlowerVeil|Moonblast,DazzlingGleam,CalmMind,Protect|Modest||F|||50|]Incineroar||SitrusBerry|Intimidate|FlareBlitz,FakeOut,PartingShot,HelpingHand|Impish||M|||50|]Sinistcha||Leftovers|Hospitality|ShadowBall,RagePowder,TrickRoom,Protect|Calm|||||50|\n|showteam|p2|Blaziken||Blazikenite|SpeedBoost|FlareBlitz,CloseCombat,RockSlide,Detect|Adamant||F|||50|]Kingambit||ChopleBerry|Defiant|KowtowCleave,SuckerPunch,IronHead,LowKick|Brave||F|||50|]Garchomp||SitrusBerry|RoughSkin|DragonClaw,Earthquake,RockTomb,Protect|Jolly||M|||50|]Incineroar||PasshoBerry|Intimidate|FlareBlitz,ThroatChop,PartingShot,FakeOut|Careful||F|||50|]Vivillon-High Plains||FocusSash|CompoundEyes|RagePowder,Hurricane,SleepPowder,Protect|Naive||F|||50|]Gardevoir||Gardevoirite|Synchronize|Psychic,HyperVoice,TrickRoom,Protect|Bold||M|||50|\n|inactive|Battle timer is ON: inactive players will automatically lose when time's up. (requested by Kevin-V8)\n|inactive|svnzv also wants the timer to be on.\n|inactive|Kevin-V8 has 60 seconds left.\n|inactive|svnzv has 60 seconds left.\n|inactive|Kevin-V8 has 30 seconds left.\n|inactive|svnzv has 30 seconds left.\n|inactive|Kevin-V8 has 20 seconds left.\n|inactive|svnzv has 20 seconds left.\n|inactive|Kevin-V8 has 15 seconds left.\n|inactive|svnzv has 15 seconds left.\n|inactive|Kevin-V8 has 10 seconds left.\n|inactive|svnzv has 10 seconds left.\n|inactive|Kevin-V8 has 5 seconds left.\n|inactive|svnzv has 5 seconds left.\n|\n|t:|1788396929\n|teamsize|p1|4\n|teamsize|p2|4\n|start\n|switch|p1a: Tyranitar|Tyranitar, L50, M|100/100\n|switch|p1b: Excadrill|Excadrill, L50, M|100/100\n|switch|p2a: Blaziken|Blaziken, L50, F, shiny|100/100\n|switch|p2b: Kingambit|Kingambit, L50, F|100/100\n|-weather|Sandstorm|[from] ability: Sand Stream|[of] p1a: Tyranitar\n|turn|1\n|inactive|Kevin-V8 has 30 seconds left.\n|\n|t:|1788396954\n|move|p2a: Blaziken|Detect|p2a: Blaziken\n|-singleturn|p2a: Blaziken|Protect\n|move|p1b: Excadrill|Iron Head|p2b: Kingambit\n|-resisted|p2b: Kingambit|1\n|-damage|p2b: Kingambit|78/100\n|-damage|p1b: Excadrill|90/100|[from] item: Life Orb\n|move|p1a: Tyranitar|Low Kick|p2b: Kingambit\n|-supereffective|p2b: Kingambit|2\n|-enditem|p2b: Kingambit|Chople Berry|[eat]\n|-enditem|p2b: Kingambit|Chople Berry|[weaken]\n|-damage|p2b: Kingambit|16/100\n|cant|p2b: Kingambit|flinch\n|\n|-weather|Sandstorm|[upkeep]\n|-damage|p2a: Blaziken|94/100|[from] Sandstorm\n|-ability|p2a: Blaziken|Speed Boost|boost\n|-boost|p2a: Blaziken|spe|1\n|upkeep\n|turn|2\n|\n|t:|1788396978\n|switch|p2a: Garchomp|Garchomp, L50, M|100/100\n|move|p2b: Kingambit|Sucker Punch|p1b: Excadrill\n|-damage|p1b: Excadrill|43/100\n|move|p1b: Excadrill|High Horsepower|p2a: Garchomp\n|-damage|p2a: Garchomp|45/100\n|-damage|p1b: Excadrill|31/100|[from] ability: Rough Skin|[of] p2a: Garchomp\n|-enditem|p2a: Garchomp|Sitrus Berry|[eat]\n|-heal|p2a: Garchomp|69/100|[from] item: Sitrus Berry\n|-damage|p1b: Excadrill|22/100|[from] item: Life Orb\n|move|p1a: Tyranitar|Low Kick|p2b: Kingambit\n|-supereffective|p2b: Kingambit|2\n|-damage|p2b: Kingambit|0 fnt\n|faint|p2b: Kingambit\n|\n|-weather|Sandstorm|[upkeep]\n|upkeep\n|\n|t:|1788396994\n|switch|p2b: Incineroar|Incineroar, L50, F|100/100\n|-ability|p2b: Incineroar|Intimidate|boost\n|-unboost|p1a: Tyranitar|atk|1\n|-unboost|p1b: Excadrill|atk|1\n|turn|3\n|\n|t:|1788397010\n|switch|p1b: Whimsicott|Whimsicott, L50, F|100/100\n|switch|p2b: Blaziken|Blaziken, L50, F, shiny|94/100\n|move|p1a: Tyranitar|Protect|p1a: Tyranitar\n|-singleturn|p1a: Tyranitar|Protect\n|move|p2a: Garchomp|Dragon Claw|p1a: Tyranitar\n|-activate|p1a: Tyranitar|move: Protect\n|\n|-weather|Sandstorm|[upkeep]\n|-damage|p1b: Whimsicott|94/100|[from] Sandstorm\n|-damage|p2b: Blaziken|88/100|[from] Sandstorm\n|upkeep\n|turn|4\n|\n|t:|1788397032\n|switch|p2a: Incineroar|Incineroar, L50, F|100/100\n|-ability|p2a: Incineroar|Intimidate|boost\n|-unboost|p1a: Tyranitar|atk|1\n|-unboost|p1b: Whimsicott|atk|1\n|switch|p1a: Floette|Floette-Eternal, L50, F|100/100\n|detailschange|p2b: Blaziken|Blaziken-Mega, L50, F, shiny\n|-mega|p2b: Blaziken|Blaziken|Blazikenite\n|move|p2b: Blaziken|Rock Slide|p1a: Floette|[spread] p1b\n|-miss|p2b: Blaziken|p1a: Floette\n|-damage|p1b: Whimsicott|68/100\n|cant|p1b: Whimsicott|flinch\n|\n|-weather|Sandstorm|[upkeep]\n|-damage|p2b: Blaziken|82/100|[from] Sandstorm\n|-damage|p1a: Floette|94/100|[from] Sandstorm\n|-damage|p1b: Whimsicott|62/100|[from] Sandstorm\n|-damage|p2a: Incineroar|93/100|[from] Sandstorm\n|-ability|p2b: Blaziken|Speed Boost|boost\n|-boost|p2b: Blaziken|spe|1\n|upkeep\n|turn|5\n|inactive|Kevin-V8 has 30 seconds left.\n|inactive|svnzv has 30 seconds left.\n|\n|t:|1788397063\n|detailschange|p1a: Floette|Floette-Mega, L50, F\n|-mega|p1a: Floette|Floette|Floettite\n|-ability|p1a: Floette|Fairy Aura\n|move|p2a: Incineroar|Fake Out|p1b: Whimsicott\n|-damage|p1b: Whimsicott|51/100\n|cant|p1b: Whimsicott|flinch\n|move|p2b: Blaziken|Flare Blitz|p1b: Whimsicott\n|-supereffective|p1b: Whimsicott|1\n|-enditem|p1b: Whimsicott|Occa Berry|[eat]\n|-enditem|p1b: Whimsicott|Occa Berry|[weaken]\n|-damage|p1b: Whimsicott|0 fnt\n|faint|p1b: Whimsicott\n|-damage|p2b: Blaziken|64/100|[from] Recoil\n|move|p1a: Floette|Dazzling Gleam|p2b: Blaziken|[spread] p2a,p2b\n|-damage|p2a: Incineroar|55/100\n|-damage|p2b: Blaziken|0 fnt\n|faint|p2b: Blaziken\n|\n|-weather|none\n|upkeep\n|\n|t:|1788397081\n|switch|p2b: Garchomp|Garchomp, L50, M|69/100\n|switch|p1b: Tyranitar|Tyranitar, L50, M|100/100\n|-weather|Sandstorm|[from] ability: Sand Stream|[of] p1b: Tyranitar\n|turn|6\n|-message|svnzv forfeited.\n|\n|win|Kevin-V8\n|l|☆svnzv\n|player|p2|\n||svnzv is ready for game 2.\n||Kevin-V8 is ready for game 2.\n|uhtml|next|Next: <a href=\"/battle-gen9championsvgc2026regmbbo3-2674729447\"><strong>Game 2 of 3</strong></a>\n","uploadtime":1788397715,"views":"5","formatid":"gen9championsvgc2026regmbbo3","rating":null,"private":0,"password":null}