{"id":"gen9championsvgc2026regmb-2673901760","format":"[Gen 9 Champions] VGC 2026 Reg M-B","players":["magicalarcher57","endershovel"],"log":"|j|☆magicalarcher57\n|j|☆endershovel\n|html|<table width=\"100%\"><tr><td align=\"left\">magicalarcher57</td><td align=\"right\">endershovel</tr><tr><td align=\"left\"><i class=\"fa fa-circle\"></i> <i class=\"fa fa-circle-o\"></i> </td><td align=\"right\"><i class=\"fa fa-circle-o\"></i> <i class=\"fa fa-circle-o\"></i> </tr></table>\n|uhtml|bestof|<h2><strong>Game 2</strong> of <a href=\"/game-bestof3-gen9championsvgc2026regmb-2673900647\">a best-of-3</a></h2>\n|t:|1788275004\n|gametype|doubles\n|player|p1|magicalarcher57|cynthia-masters|\n|player|p2|endershovel|miku-water|\n|gen|9\n|tier|[Gen 9 Champions] VGC 2026 Reg M-B\n|rated|Tournament battle\n|rule|Species Clause: Limit one of each Pokémon\n|rule|Item Clause: Limit 1 of each item\n|raw|<div class=\"infobox\"><details class=\"readmore\" open><summary><strong>2 custom rules:</strong></summary> Force Open Team Sheets, Best of = 3</details></div>\n|clearpoke\n|poke|p1|Raichu, L50, M, shiny|\n|poke|p1|Garchomp, L50, M, shiny|\n|poke|p1|Whimsicott, L50, M, shiny|\n|poke|p1|Kingambit, L50, M, shiny|\n|poke|p1|Charizard, L50, F, shiny|\n|poke|p1|Basculegion, L50, M|\n|poke|p2|Starmie, L50, shiny|\n|poke|p2|Sneasler, L50, M|\n|poke|p2|Pelipper, L50, M|\n|poke|p2|Garchomp, L50, M|\n|poke|p2|Sinistcha-Masterpiece, L50|\n|poke|p2|Golurk, L50|\n|teampreview|4\n|showteam|p1|Raichu||RaichuniteY|LightningRod|FakeOut,FocusBlast,ZapCannon,Protect|Timid||M|||50|]Garchomp||LifeOrb|RoughSkin|DragonClaw,RockSlide,StompingTantrum,Protect|Jolly||M|||50|]Whimsicott||FocusSash|Prankster|Moonblast,Tailwind,Protect,Encore|Timid||M|||50|]Kingambit||BlackGlasses|Defiant|SuckerPunch,KowtowCleave,IronHead,Protect|Adamant||M|||50|]Charizard||CharizarditeY|Blaze|WeatherBall,AncientPower,HeatWave,Protect|Modest||F|||50|]Basculegion||MysticWater|Adaptability|WaveCrash,LastRespects,AquaJet,Protect|Adamant||M|||50|\n|showteam|p2|Starmie||Starminite|NaturalCure|Liquidation,ZenHeadbutt,AquaJet,Protect|Jolly|||||50|]Sneasler||FocusSash|PoisonTouch|CloseCombat,DireClaw,Coaching,FakeOut|Jolly||M|||50|]Pelipper||SitrusBerry|Drizzle|Hurricane,MuddyWater,Tailwind,WideGuard|Modest||M|||50|]Garchomp||ChoiceScarf|RoughSkin|DragonClaw,RockSlide,Earthquake,StompingTantrum|Jolly||M|||50|]Sinistcha-Masterpiece||ColburBerry|Hospitality|MatchaGotcha,RagePowder,TrickRoom,Protect|Calm|||||50|]Golurk||Golurkite|IronFist|Poltergeist,DrainPunch,HeadlongRush,Protect|Adamant|||||50|\n|inactive|Battle timer is ON: inactive players will automatically lose when time's up. (requested by magicalarcher57)\n|j| JkShowdownguest\n|j| s!dd_1\n|j| phoenix_589\n|\n|t:|1788275016\n|teamsize|p1|4\n|teamsize|p2|4\n|start\n|switch|p1a: Basculegion|Basculegion, L50, M|100/100\n|switch|p1b: Whimsicott|Whimsicott, L50, M, shiny|100/100\n|switch|p2a: Sneasler|Sneasler, L50, M|100/100\n|switch|p2b: Sinistcha|Sinistcha-Masterpiece, L50|100/100\n|turn|1\n|j| IronSerpentFan\n|c| phoenix_589|rooting for mega starmie\n|c|☆endershovel|i kinda brought the wrong team icl\n|inactive|magicalarcher57 has 30 seconds left.\n|c| phoenix_589|you can do it\n|c| phoenix_589|lets goooo\n|inactive|magicalarcher57 has 20 seconds left.\n|\n|t:|1788275052\n|move|p2a: Sneasler|Fake Out|p1b: Whimsicott\n|-damage|p1b: Whimsicott|78/100\n|cant|p1b: Whimsicott|flinch\n|move|p1a: Basculegion|Wave Crash|p2a: Sneasler\n|-enditem|p2a: Sneasler|Focus Sash\n|-damage|p2a: Sneasler|1/100\n|-damage|p1a: Basculegion|74/100|[from] Recoil\n|move|p2b: Sinistcha|Trick Room|p2b: Sinistcha\n|-fieldstart|move: Trick Room|[of] p2b: Sinistcha\n|\n|upkeep\n|turn|2\n|\n|t:|1788275075\n|move|p2b: Sinistcha|Rage Powder|p2b: Sinistcha\n|-singleturn|p2b: Sinistcha|move: Rage Powder\n|move|p1a: Basculegion|Aqua Jet|p2b: Sinistcha\n|-resisted|p2b: Sinistcha|1\n|-damage|p2b: Sinistcha|84/100\n|move|p1b: Whimsicott|Encore|p2b: Sinistcha\n|-start|p2b: Sinistcha|Encore\n|move|p2a: Sneasler|Dire Claw|p1b: Whimsicott\n|-supereffective|p1b: Whimsicott|2\n|-damage|p1b: Whimsicott|0 fnt\n|faint|p1b: Whimsicott\n|\n|upkeep\n|c| phoenix_589|i love non meta teams, love to see new strats\n|\n|t:|1788275093\n|switch|p1b: Kingambit|Kingambit, L50, M, shiny|100/100\n|turn|3\n|\n|t:|1788275099\n|switch|p2b: Pelipper|Pelipper, L50, M|100/100\n|-weather|RainDance|[from] ability: Drizzle|[of] p2b: Pelipper\n|move|p1b: Kingambit|Protect|p1b: Kingambit\n|-singleturn|p1b: Kingambit|Protect\n|move|p1a: Basculegion|Last Respects|p2a: Sneasler\n|-damage|p2a: Sneasler|0 fnt\n|faint|p2a: Sneasler\n|\n|-weather|RainDance|[upkeep]\n|upkeep\n|\n|t:|1788275104\n|switch|p2a: Sinistcha|Sinistcha-Masterpiece, L50|84/100\n|turn|4\n|j| Cdogp\n|\n|t:|1788275114\n|move|p1a: Basculegion|Aqua Jet|p2b: Pelipper\n|-resisted|p2b: Pelipper|1\n|-damage|p2b: Pelipper|74/100\n|move|p1b: Kingambit|Kowtow Cleave|p2a: Sinistcha\n|-supereffective|p2a: Sinistcha|1\n|-enditem|p2a: Sinistcha|Colbur Berry|[eat]\n|-enditem|p2a: Sinistcha|Colbur Berry|[weaken]\n|-damage|p2a: Sinistcha|30/100\n|move|p2a: Sinistcha|Matcha Gotcha|p1a: Basculegion|[spread] p1a,p1b\n|-supereffective|p1a: Basculegion|1\n|-resisted|p1b: Kingambit|1\n|-damage|p1a: Basculegion|20/100y\n|-heal|p2a: Sinistcha|61/100|[from] drain|[of] p1a: Basculegion\n|-damage|p1b: Kingambit|85/100\n|-heal|p2a: Sinistcha|69/100|[from] drain|[of] p1b: Kingambit\n|move|p2b: Pelipper|Muddy Water|p1a: Basculegion|[spread] p1a,p1b\n|-resisted|p1a: Basculegion|1\n|-damage|p1a: Basculegion|0 fnt\n|-damage|p1b: Kingambit|47/100\n|-unboost|p1b: Kingambit|accuracy|1\n|-ability|p1b: Kingambit|Defiant|boost\n|-boost|p1b: Kingambit|atk|2\n|faint|p1a: Basculegion\n|\n|-weather|RainDance|[upkeep]\n|upkeep\n|\n|t:|1788275119\n|switch|p1a: Raichu|Raichu, L50, M, shiny|100/100\n|turn|5\n|\n|t:|1788275126\n|detailschange|p1a: Raichu|Raichu-Mega-Y, L50, M, shiny\n|-mega|p1a: Raichu|Raichu|Raichunite Y\n|move|p2a: Sinistcha|Protect|p2a: Sinistcha\n|-singleturn|p2a: Sinistcha|Protect\n|move|p1a: Raichu|Fake Out|p2b: Pelipper\n|-damage|p2b: Pelipper|65/100\n|move|p1b: Kingambit|Kowtow Cleave|p2a: Sinistcha\n|-activate|p2a: Sinistcha|move: Protect\n|cant|p2b: Pelipper|flinch\n|\n|-weather|RainDance|[upkeep]\n|-fieldend|move: Trick Room\n|upkeep\n|turn|6\n|\n|t:|1788275133\n|move|p2a: Sinistcha|Rage Powder|p2a: Sinistcha\n|-singleturn|p2a: Sinistcha|move: Rage Powder\n|move|p1a: Raichu|Zap Cannon|p2a: Sinistcha\n|-resisted|p2a: Sinistcha|1\n|-damage|p2a: Sinistcha|37/100\n|-status|p2a: Sinistcha|par\n|move|p2b: Pelipper|Muddy Water|p1b: Kingambit|[spread] p1a,p1b\n|-damage|p1a: Raichu|39/100\n|-damage|p1b: Kingambit|9/100\n|move|p1b: Kingambit|Kowtow Cleave|p2a: Sinistcha\n|-supereffective|p2a: Sinistcha|1\n|-damage|p2a: Sinistcha|0 fnt\n|faint|p2a: Sinistcha\n|\n|-weather|RainDance|[upkeep]\n|upkeep\n|\n|t:|1788275136\n|switch|p2a: Golurk|Golurk, L50|100/100\n|turn|7\n|\n|t:|1788275154\n|detailschange|p2a: Golurk|Golurk-Mega, L50\n|-mega|p2a: Golurk|Golurk|Golurkite\n|move|p1a: Raichu|Zap Cannon|p2b: Pelipper\n|-supereffective|p2b: Pelipper|2\n|-damage|p2b: Pelipper|0 fnt\n|faint|p2b: Pelipper\n|move|p1b: Kingambit|Kowtow Cleave|p2a: Golurk\n|-supereffective|p2a: Golurk|1\n|-damage|p2a: Golurk|0 fnt\n|faint|p2a: Golurk\n|\n|win|magicalarcher57\n","uploadtime":1788275154,"views":"2","formatid":"gen9championsvgc2026regmb","rating":null,"private":0,"password":null}