{"id":"gen9championsvgc2026regmbbo3-2673542368","format":"[Gen 9 Champions] VGC 2026 Reg M-B (Bo3)","players":["Mashuno","markknight05"],"log":"|j|☆Mashuno\n|j|☆markknight05\n|html|<table width=\"100%\"><tr><td align=\"left\">Mashuno</td><td align=\"right\">markknight05</tr><tr><td align=\"left\"><i class=\"fa fa-circle-o\"></i> <i class=\"fa fa-circle-o\"></i> </td><td align=\"right\"><i class=\"fa fa-circle-o\"></i> <i class=\"fa fa-circle\"></i> </tr></table>\n|uhtml|bestof|<h2><strong>Game 2</strong> of <a href=\"/game-bestof3-gen9championsvgc2026regmbbo3-2673538667\">a best-of-3</a></h2>\n|t:|1788210759\n|gametype|doubles\n|player|p1|Mashuno|harlequin|1159\n|player|p2|markknight05|265|1223\n|gen|9\n|tier|[Gen 9 Champions] VGC 2026 Reg M-B (Bo3)\n|rated|\n|rule|Species Clause: Limit one of each Pokémon\n|rule|Item Clause: Limit 1 of each item\n|clearpoke\n|poke|p1|Pelipper, L50, M|\n|poke|p1|Archaludon, L50, M|\n|poke|p1|Blastoise, L50, M|\n|poke|p1|Sinistcha, L50|\n|poke|p1|Sableye, L50, M|\n|poke|p1|Sneasler, L50, F|\n|poke|p2|Tyrantrum, L50, F|\n|poke|p2|Glimmora, L50, M|\n|poke|p2|Mimikyu, L50, F|\n|poke|p2|Hippowdon, L50, M|\n|poke|p2|Meganium, L50, M|\n|poke|p2|Staraptor, L50, F|\n|teampreview|4\n|showteam|p1|Pelipper||FocusSash|Drizzle|WeatherBall,Hurricane,Tailwind,RainDance|Timid||M|||50|]Archaludon||Leftovers|Stamina|Protect,DracoMeteor,FlashCannon,ElectroShot|Modest||M|||50|]Blastoise||Blastoisinite|RainDish|Protect,WaterSpout,DarkPulse,AuraSphere|Modest||M|||50|]Sinistcha||SitrusBerry|Hospitality|MatchaGotcha,RagePowder,LifeDew,TrickRoom|Bold|||||50|]Sableye||LightClay|Prankster|FoulPlay,LightScreen,Reflect,RainDance|Impish||M|||50|]Sneasler||WhiteHerb|Unburden|FakeOut,DireClaw,CloseCombat,RockSlide|Jolly||F|||50|\n|showteam|p2|Tyrantrum||ChoiceScarf|StrongJaw|RockSlide,IceFang,PsychicFangs,HighHorsepower|Jolly||F|||50|]Glimmora||FocusSash|ToxicDebris|MortalSpin,PowerGem,EarthPower,SpikyShield|Modest||M|||50|]Mimikyu||LifeOrb|Disguise|PlayRough,PhantomForce,ShadowSneak,Protect|Adamant||F|||50|]Hippowdon||SitrusBerry|SandStream|HighHorsepower,RockTomb,SlackOff,Protect|Relaxed||M|||50|]Meganium||Meganiumite|LeafGuard|WeatherBall,SolarBeam,LeechSeed,Protect|Calm||M|||50|]Staraptor||Staraptite|Intimidate|DualWingbeat,CloseCombat,Roost,Protect|Careful||F|||50|\n|inactive|Battle timer is ON: inactive players will automatically lose when time's up. (requested by markknight05)\n|inactive|Mashuno has 60 seconds left.\n|\n|t:|1788210816\n|teamsize|p1|4\n|teamsize|p2|4\n|start\n|switch|p1a: Blastoise|Blastoise, L50, M|100/100\n|switch|p1b: Iroh|Sinistcha, L50|100/100\n|switch|p2a: Glimmora|Glimmora, L50, M|100/100\n|switch|p2b: Mimikyu|Mimikyu, L50, F|100/100\n|turn|1\n|\n|t:|1788210838\n|switch|p1a: Junketsu|Archaludon, L50, M|100/100\n|move|p2b: Mimikyu|Shadow Sneak|p1a: Junketsu\n|-damage|p1a: Junketsu|81/100\n|-ability|p1a: Junketsu|Stamina|boost\n|-boost|p1a: Junketsu|def|1\n|-damage|p2b: Mimikyu|90/100|[from] item: Life Orb\n|move|p2a: Glimmora|Mortal Spin|p1a: Junketsu|[spread] p1b\n|-immune|p1a: Junketsu\n|-damage|p1b: Iroh|96/100\n|-status|p1b: Iroh|psn\n|move|p1b: Iroh|Matcha Gotcha|p2a: Glimmora|[spread] p2a,p2b\n|-damage|p2a: Glimmora|65/100\n|-heal|p1b: Iroh|100/100 psn|[from] drain|[of] p2a: Glimmora\n|-activate|p2b: Mimikyu|ability: Disguise\n|-damage|p2b: Mimikyu|90/100\n|detailschange|p2b: Mimikyu|Mimikyu-Busted, L50, F\n|-damage|p2b: Mimikyu|77/100|[from] pokemon: Mimikyu-Busted\n|\n|-heal|p1a: Junketsu|87/100|[from] item: Leftovers\n|-damage|p1b: Iroh|87/100 psn|[from] psn\n|upkeep\n|turn|2\n|inactive|Mashuno has 30 seconds left.\n|inactive|markknight05 has 30 seconds left.\n|inactive|Mashuno has 20 seconds left.\n|inactive|Mashuno has 15 seconds left.\n|inactive|Mashuno has 10 seconds left.\n|\n|t:|1788210886\n|move|p2a: Glimmora|Spiky Shield|p2a: Glimmora\n|-singleturn|p2a: Glimmora|move: Protect\n|move|p1b: Iroh|Rage Powder|p1b: Iroh\n|-singleturn|p1b: Iroh|move: Rage Powder\n|move|p2b: Mimikyu|Phantom Force||[still]\n|-prepare|p2b: Mimikyu|Phantom Force\n|move|p1a: Junketsu|Flash Cannon|p2b: Mimikyu|[miss]\n|-miss|p1a: Junketsu|p2b: Mimikyu\n|\n|-heal|p1a: Junketsu|93/100|[from] item: Leftovers\n|-damage|p1b: Iroh|75/100 psn|[from] psn\n|upkeep\n|turn|3\n|inactive|Mashuno has 30 seconds left.\n|\n|t:|1788210914\n|move|p1b: Iroh|Rage Powder|p1b: Iroh\n|-singleturn|p1b: Iroh|move: Rage Powder\n|move|p2b: Mimikyu|Phantom Force|p1b: Iroh|[from] lockedmove\n|-supereffective|p1b: Iroh|1\n|-damage|p1b: Iroh|0 fnt\n|faint|p1b: Iroh\n|-damage|p2b: Mimikyu|67/100|[from] item: Life Orb\n|move|p2a: Glimmora|Earth Power|p1a: Junketsu\n|-supereffective|p1a: Junketsu|1\n|-damage|p1a: Junketsu|10/100\n|-ability|p1a: Junketsu|Stamina|boost\n|-boost|p1a: Junketsu|def|1\n|move|p1a: Junketsu|Flash Cannon|p2a: Glimmora\n|-supereffective|p2a: Glimmora|1\n|-damage|p2a: Glimmora|0 fnt\n|faint|p2a: Glimmora\n|\n|-heal|p1a: Junketsu|16/100|[from] item: Leftovers\n|upkeep\n|\n|t:|1788210930\n|switch|p2a: Staraptor|Staraptor, L50, F|100/100\n|switch|p1b: Dai News|Pelipper, L50, M|100/100\n|-ability|p2a: Staraptor|Intimidate|boost\n|-unboost|p1a: Junketsu|atk|1\n|-unboost|p1b: Dai News|atk|1\n|-weather|RainDance|[from] ability: Drizzle|[of] p1b: Dai News\n|turn|4\n|inactive|markknight05 has 30 seconds left.\n|\n|t:|1788210956\n|detailschange|p2a: Staraptor|Staraptor-Mega, L50, F\n|-mega|p2a: Staraptor|Staraptor|Staraptite\n|move|p1a: Junketsu|Protect|p1a: Junketsu\n|-singleturn|p1a: Junketsu|Protect\n|move|p2b: Mimikyu|Phantom Force||[still]\n|-prepare|p2b: Mimikyu|Phantom Force\n|move|p2a: Staraptor|Close Combat|p1a: Junketsu\n|-activate|p1a: Junketsu|move: Protect\n|move|p1b: Dai News|Tailwind|p1b: Dai News\n|-sidestart|p1: Mashuno|move: Tailwind\n|\n|-weather|RainDance|[upkeep]\n|-heal|p1a: Junketsu|22/100|[from] item: Leftovers\n|upkeep\n|turn|5\n|inactive|Mashuno has 30 seconds left.\n|\n|t:|1788210987\n|move|p2a: Staraptor|Protect|p2a: Staraptor\n|-singleturn|p2a: Staraptor|Protect\n|move|p1a: Junketsu|Electro Shot||[still]\n|-prepare|p1a: Junketsu|Electro Shot\n|-boost|p1a: Junketsu|spa|1\n|-anim|p1a: Junketsu|Electro Shot|p2a: Staraptor\n|-activate|p2a: Staraptor|move: Protect\n|move|p1b: Dai News|Hurricane|p2a: Staraptor\n|-activate|p2a: Staraptor|move: Protect\n|move|p2b: Mimikyu|Phantom Force|p1b: Dai News|[from] lockedmove\n|-damage|p1b: Dai News|31/100\n|-damage|p2b: Mimikyu|57/100|[from] item: Life Orb\n|\n|-weather|RainDance|[upkeep]\n|-heal|p1a: Junketsu|29/100|[from] item: Leftovers\n|upkeep\n|turn|6\n|\n|t:|1788211009\n|switch|p2b: Hippowdon|Hippowdon, L50, M|100/100\n|-weather|Sandstorm|[from] ability: Sand Stream|[of] p2b: Hippowdon\n|move|p1a: Junketsu|Flash Cannon|p2b: Hippowdon\n|-damage|p2b: Hippowdon|52/100\n|move|p1b: Dai News|Hurricane|p2a: Staraptor\n|-supereffective|p2a: Staraptor|1\n|-damage|p2a: Staraptor|33/100\n|-start|p2a: Staraptor|confusion\n|-activate|p2a: Staraptor|confusion\n|move|p2a: Staraptor|Close Combat|p1a: Junketsu\n|-supereffective|p1a: Junketsu|1\n|-damage|p1a: Junketsu|0 fnt\n|-boost|p2a: Staraptor|def|1\n|-boost|p2a: Staraptor|spd|1\n|faint|p1a: Junketsu\n|\n|-weather|Sandstorm|[upkeep]\n|-damage|p1b: Dai News|25/100|[from] Sandstorm\n|-damage|p2a: Staraptor|27/100|[from] Sandstorm\n|upkeep\n|\n|t:|1788211025\n|switch|p1a: Blastoise|Blastoise, L50, M|100/100\n|turn|7\n|\n|t:|1788211044\n|detailschange|p1a: Blastoise|Blastoise-Mega, L50, M\n|-mega|p1a: Blastoise|Blastoise|Blastoisinite\n|move|p1b: Dai News|Rain Dance|p1b: Dai News\n|-weather|RainDance\n|move|p1a: Blastoise|Water Spout|p2a: Staraptor|[spread] p2a,p2b\n|-supereffective|p2b: Hippowdon|1\n|-damage|p2a: Staraptor|0 fnt\n|-damage|p2b: Hippowdon|0 fnt\n|faint|p2a: Staraptor\n|faint|p2b: Hippowdon\n|\n|-weather|RainDance|[upkeep]\n|-sideend|p1: Mashuno|move: Tailwind\n|upkeep\n|\n|t:|1788211055\n|switch|p2b: Mimikyu|Mimikyu-Busted, L50, F|57/100\n|turn|8\n|inactive|Mashuno has 30 seconds left.\n|\n|t:|1788211081\n|move|p2b: Mimikyu|Phantom Force||[still]\n|-prepare|p2b: Mimikyu|Phantom Force\n|move|p1b: Dai News|Weather Ball|p2b: Mimikyu|[miss]\n|-miss|p1b: Dai News|p2b: Mimikyu\n|move|p1a: Blastoise|Dark Pulse|p2b: Mimikyu|[miss]\n|-miss|p1a: Blastoise|p2b: Mimikyu\n|\n|-weather|RainDance|[upkeep]\n|upkeep\n|turn|9\n|\n|t:|1788211093\n|move|p2b: Mimikyu|Phantom Force|p1a: Blastoise|[from] lockedmove\n|-damage|p1a: Blastoise|57/100\n|-damage|p2b: Mimikyu|47/100|[from] item: Life Orb\n|move|p1b: Dai News|Weather Ball|p2b: Mimikyu\n|-damage|p2b: Mimikyu|0 fnt\n|faint|p2b: Mimikyu\n|\n|win|Mashuno\n||markknight05 is ready for game 3.\n||Mashuno is ready for game 3.\n|uhtml|next|Next: <a href=\"/battle-gen9championsvgc2026regmbbo3-2673544776\"><strong>Game 3 of 3</strong></a>\n|l|☆markknight05\n|player|p2|\n","uploadtime":1788211713,"views":"1","formatid":"gen9championsvgc2026regmbbo3","rating":null,"private":0,"password":null}