{"id":"gen9championsvgc2026regmb-2674556644","format":"[Gen 9 Champions] VGC 2026 Reg M-B","players":["Scorina","elektriktoad2"],"log":"|j|☆Scorina\n|j|☆elektriktoad2\n|t:|1788373600\n|gametype|doubles\n|player|p1|Scorina|266|1726\n|player|p2|elektriktoad2|janine|1730\n|gen|9\n|tier|[Gen 9 Champions] VGC 2026 Reg M-B\n|rated|\n|rule|Species Clause: Limit one of each Pokémon\n|rule|Item Clause: Limit 1 of each item\n|clearpoke\n|poke|p1|Kingambit, L50, M|\n|poke|p1|Scovillain, L50, M|\n|poke|p1|Aerodactyl, L50, M|\n|poke|p1|Farigiraf, L50, F|\n|poke|p1|Primarina, L50, M|\n|poke|p1|Sneasler, L50, F|\n|poke|p2|Victreebel, L50, F|\n|poke|p2|Sneasler, L50, F|\n|poke|p2|Corviknight, L50, M|\n|poke|p2|Sableye, L50, F|\n|poke|p2|Kingambit, L50, F|\n|poke|p2|Raichu, L50, M|\n|teampreview|4\n|\n|t:|1788373640\n|teamsize|p1|4\n|teamsize|p2|4\n|start\n|switch|p1a: Kingambit|Kingambit, L50, M|100/100\n|switch|p1b: Scovillain|Scovillain, L50, M|100/100\n|switch|p2a: Victreebel|Victreebel, L50, F|100/100\n|switch|p2b: Sneasler|Sneasler, L50, F|100/100\n|turn|1\n|\n|t:|1788373650\n|detailschange|p1b: Scovillain|Scovillain-Mega, L50, M\n|-mega|p1b: Scovillain|Scovillain|Scovillainite\n|detailschange|p2a: Victreebel|Victreebel-Mega, L50, F\n|-mega|p2a: Victreebel|Victreebel|Victreebelite\n|move|p1a: Kingambit|Protect|p1a: Kingambit\n|-singleturn|p1a: Kingambit|Protect\n|move|p2b: Sneasler|Feint|p1b: Scovillain\n|-damage|p1b: Scovillain|89/100\n|-status|p2b: Sneasler|brn|[from] ability: Spicy Spray|[of] p1b: Scovillain\n|move|p1b: Scovillain|Overheat|p2a: Victreebel|[miss]\n|-miss|p1b: Scovillain|p2a: Victreebel\n|move|p2a: Victreebel|Sludge Bomb|p1b: Scovillain\n|-supereffective|p1b: Scovillain|1\n|-damage|p1b: Scovillain|0 fnt\n|-status|p2a: Victreebel|brn|[from] ability: Spicy Spray|[of] p1b: Scovillain\n|faint|p1b: Scovillain\n|\n|-damage|p2b: Sneasler|94/100 brn|[from] brn\n|-damage|p2a: Victreebel|94/100 brn|[from] brn\n|upkeep\n|\n|t:|1788373668\n|switch|p1b: Sneasler|Sneasler, L50, F|100/100\n|turn|2\n|\n|t:|1788373678\n|switch|p2b: Sableye|Sableye, L50, F|100/100\n|move|p1b: Sneasler|Fake Out|p2b: Sableye\n|-immune|p2b: Sableye\n|move|p2a: Victreebel|Strength Sap|p1b: Sneasler\n|-unboost|p1b: Sneasler|atk|1\n|-heal|p2a: Victreebel|100/100 brn\n|-enditem|p1b: Sneasler|White Herb\n|-clearnegativeboost|p1b: Sneasler|[silent]\n|move|p1a: Kingambit|Swords Dance|p1a: Kingambit\n|-boost|p1a: Kingambit|atk|2\n|\n|-damage|p2a: Victreebel|94/100 brn|[from] brn\n|upkeep\n|turn|3\n|j| hashaman\n|\n|t:|1788373711\n|move|p2b: Sableye|Encore|p1b: Sneasler\n|-start|p1b: Sneasler|Encore\n|move|p1b: Sneasler|Fake Out||[still]\n|-hint|Fake Out only works on your first turn out.\n|-fail|p1b: Sneasler\n|move|p2a: Victreebel|Sludge Bomb|p1b: Sneasler\n|-resisted|p1b: Sneasler|1\n|-damage|p1b: Sneasler|66/100\n|move|p1a: Kingambit|Kowtow Cleave|p2b: Sableye\n|-damage|p2b: Sableye|0 fnt\n|faint|p2b: Sableye\n|-damage|p1a: Kingambit|90/100|[from] item: Life Orb\n|\n|-damage|p2a: Victreebel|88/100 brn|[from] brn\n|upkeep\n|\n|t:|1788373724\n|switch|p2b: Corviknight|Corviknight, L50, M|100/100\n|turn|4\n|\n|t:|1788373734\n|switch|p1b: Farigiraf|Farigiraf, L50, F|100/100\n|move|p1a: Kingambit|Protect|p1a: Kingambit\n|-singleturn|p1a: Kingambit|Protect\n|move|p2a: Victreebel|Sludge Bomb|p1b: Farigiraf\n|-damage|p1b: Farigiraf|52/100\n|-status|p1b: Farigiraf|psn\n|move|p2b: Corviknight|Iron Defense|p2b: Corviknight\n|-boost|p2b: Corviknight|def|2\n|\n|-damage|p1b: Farigiraf|40/100 psn|[from] psn\n|-damage|p2a: Victreebel|82/100 brn|[from] brn\n|upkeep\n|-enditem|p1b: Farigiraf|Sitrus Berry|[eat]\n|-heal|p1b: Farigiraf|64/100 psn|[from] item: Sitrus Berry\n|turn|5\n|\n|t:|1788373754\n|switch|p1a: Sneasler|Sneasler, L50, F|66/100\n|move|p2a: Victreebel|Sludge Bomb|p1b: Farigiraf\n|-damage|p1b: Farigiraf|21/100 psn\n|move|p2b: Corviknight|Body Press|p1b: Farigiraf\n|-damage|p1b: Farigiraf|0 fnt\n|faint|p1b: Farigiraf\n|\n|-damage|p2a: Victreebel|76/100 brn|[from] brn\n|upkeep\n|\n|t:|1788373762\n|switch|p1b: Kingambit|Kingambit, L50, M|90/100\n|turn|6\n|\n|t:|1788373768\n|move|p1a: Sneasler|Fake Out|p2b: Corviknight\n|-resisted|p2b: Corviknight|1\n|-damage|p2b: Corviknight|98/100\n|move|p2a: Victreebel|Strength Sap|p1a: Sneasler\n|-unboost|p1a: Sneasler|atk|1\n|-heal|p2a: Victreebel|100/100 brn\n|cant|p2b: Corviknight|flinch\n|move|p1b: Kingambit|Swords Dance|p1b: Kingambit\n|-boost|p1b: Kingambit|atk|2\n|\n|-heal|p2b: Corviknight|100/100|[from] item: Leftovers\n|-damage|p2a: Victreebel|94/100 brn|[from] brn\n|upkeep\n|turn|7\n|\n|t:|1788373778\n|move|p1b: Kingambit|Sucker Punch||[still]\n|-fail|p1b: Kingambit\n|move|p1a: Sneasler|Close Combat|p2b: Corviknight\n|-damage|p2b: Corviknight|86/100\n|-unboost|p1a: Sneasler|def|1\n|-unboost|p1a: Sneasler|spd|1\n|move|p2a: Victreebel|Sludge Bomb|p1a: Sneasler\n|-resisted|p1a: Sneasler|1\n|-crit|p1a: Sneasler\n|-damage|p1a: Sneasler|0 fnt\n|faint|p1a: Sneasler\n|move|p2b: Corviknight|Iron Defense|p2b: Corviknight\n|-boost|p2b: Corviknight|def|2\n|\n|-heal|p2b: Corviknight|92/100|[from] item: Leftovers\n|-damage|p2a: Victreebel|88/100 brn|[from] brn\n|upkeep\n|turn|8\n|-message|Scorina forfeited.\n|\n|win|elektriktoad2\n|raw|Scorina's rating: 1726 &rarr; <strong>1705</strong><br />(-21 for losing)\n|raw|elektriktoad2's rating: 1700 &rarr; <strong>1721</strong><br />(+21 for winning)\n|l|☆Scorina\n|player|p1|\n","uploadtime":1788373786,"views":"0","formatid":"gen9championsvgc2026regmb","rating":1705,"private":0,"password":null}