{"id":"gen9championsvgc2026regmbbo3-2674152976","format":"[Gen 9 Champions] VGC 2026 Reg M-B (Bo3)","players":["nwalesu","sixivs"],"log":"|j|☆sixivs\n|html|<table width=\"100%\"><tr><td align=\"left\">nwalesu</td><td align=\"right\">sixivs</tr><tr><td align=\"left\"><i class=\"fa fa-circle\"></i> <i class=\"fa fa-circle-o\"></i> </td><td align=\"right\"><i class=\"fa fa-circle-o\"></i> <i class=\"fa fa-circle-o\"></i> </tr></table>\n|uhtml|bestof|<h2><strong>Game 2</strong> of <a href=\"/game-bestof3-gen9championsvgc2026regmbbo3-2674151061\">a best-of-3</a></h2>\n|t:|1788307030\n|gametype|doubles\n|player|p1|nwalesu|2|1077\n|player|p2|sixivs|102|1117\n|gen|9\n|tier|[Gen 9 Champions] VGC 2026 Reg M-B (Bo3)\n|rated|\n|rule|Species Clause: Limit one of each Pokémon\n|rule|Item Clause: Limit 1 of each item\n|clearpoke\n|poke|p1|Staraptor, L50, F|\n|poke|p1|Incineroar, L50, M|\n|poke|p1|Whimsicott, L50, F|\n|poke|p1|Mamoswine, L50, F|\n|poke|p1|Gholdengo, L50|\n|poke|p1|Swampert, L50, M|\n|poke|p2|Floette-Eternal, L50, F|\n|poke|p2|Charizard, L50, M|\n|poke|p2|Whimsicott, L50, F|\n|poke|p2|Garchomp, L50, F|\n|poke|p2|Basculegion, L50, M|\n|poke|p2|Kingambit, L50, F|\n|teampreview|4\n|showteam|p1|Staraptor||Staraptite|Intimidate|BraveBird,CloseCombat,Tailwind,Protect|Jolly||F|||50|]Incineroar||PasshoBerry|Intimidate|FakeOut,FlareBlitz,PartingShot,Taunt|Impish||M|||50|]Whimsicott||FocusSash|Prankster|Tailwind,EnergyBall,Moonblast,Tickle|Modest||F|||50|]Mamoswine||LifeOrb|Oblivious|HighHorsepower,IceShard,IcicleCrash,Protect|Adamant||F|||50|]Gholdengo||MetalCoat|GoodasGold|MakeItRain,ShadowBall,Protect,NastyPlot|Modest|||||50|]Swampert||RindoBerry|Torrent|WideGuard,IcyWind,StoneEdge,MirrorCoat|Careful||M|||50|\n|showteam|p2|Floette-Eternal||Floettite|FlowerVeil|Moonblast,DazzlingGleam,LightofRuin,Protect|Modest||F|||50|]Charizard||CharizarditeY|Blaze|HeatWave,WeatherBall,SolarBeam,Protect|Modest||M|||50|]Whimsicott||FocusSash|Prankster|Moonblast,Tailwind,Encore,Protect|Timid||F|||50|]Garchomp||LifeOrb|RoughSkin|DragonClaw,Earthquake,RockSlide,Protect|Jolly||F|||50|]Basculegion||MysticWater|Adaptability|WaveCrash,LastRespects,AquaJet,Protect|Adamant||M|||50|]Kingambit||BlackGlasses|Defiant|KowtowCleave,SuckerPunch,IronHead,Protect|Adamant||F|||50|\n|j|☆nwalesu\n|player|p1|nwalesu|2|\n|inactive|Battle timer is ON: inactive players will automatically lose when time's up. (requested by nwalesu)\n|inactive|nwalesu has 60 seconds left.\n|inactive|sixivs has 60 seconds left.\n|\n|t:|1788307093\n|teamsize|p1|4\n|teamsize|p2|4\n|start\n|switch|p1a: Whimsicott|Whimsicott, L50, F|100/100\n|switch|p1b: Mamoswine|Mamoswine, L50, F|100/100\n|switch|p2a: Whimsicott|Whimsicott, L50, F|100/100\n|switch|p2b: Basculegion|Basculegion, L50, M|100/100\n|turn|1\n|\n|t:|1788307113\n|switch|p1b: Staraptor|Staraptor, L50, F|100/100\n|-ability|p1b: Staraptor|Intimidate|boost\n|-unboost|p2a: Whimsicott|atk|1\n|-unboost|p2b: Basculegion|atk|1\n|move|p2a: Whimsicott|Protect|p2a: Whimsicott\n|-singleturn|p2a: Whimsicott|Protect\n|move|p2b: Basculegion|Aqua Jet|p1b: Staraptor\n|-damage|p1b: Staraptor|69/100\n|move|p1a: Whimsicott|Energy Ball|p2b: Basculegion\n|-supereffective|p2b: Basculegion|1\n|-damage|p2b: Basculegion|17/100\n|\n|upkeep\n|turn|2\n|inactive|nwalesu has 30 seconds left.\n|inactive|sixivs has 30 seconds left.\n|\n|t:|1788307147\n|detailschange|p1b: Staraptor|Staraptor-Mega, L50, F\n|-mega|p1b: Staraptor|Staraptor|Staraptite\n|move|p1b: Staraptor|Protect|p1b: Staraptor\n|-singleturn|p1b: Staraptor|Protect\n|move|p2a: Whimsicott|Tailwind|p2a: Whimsicott\n|-sidestart|p2: sixivs|move: Tailwind\n|move|p2b: Basculegion|Aqua Jet|p1b: Staraptor\n|-activate|p1b: Staraptor|move: Protect\n|move|p1a: Whimsicott|Moonblast|p2b: Basculegion\n|-damage|p2b: Basculegion|0 fnt\n|faint|p2b: Basculegion\n|\n|upkeep\n|\n|t:|1788307160\n|switch|p2b: Charizard|Charizard, L50, M|100/100\n|turn|3\n|\n|t:|1788307167\n|switch|p1b: Swampert|Swampert, L50, M|100/100\n|detailschange|p2b: Charizard|Charizard-Mega-Y, L50, M\n|-mega|p2b: Charizard|Charizard|Charizardite Y\n|-weather|SunnyDay|[from] ability: Drought|[of] p2b: Charizard\n|move|p2a: Whimsicott|Encore||[still]\n|-fail|p2a: Whimsicott\n|move|p1a: Whimsicott|Tailwind|p1a: Whimsicott\n|-sidestart|p1: nwalesu|move: Tailwind\n|move|p2b: Charizard|Heat Wave|p1b: Swampert|[spread] p1a,p1b\n|-supereffective|p1a: Whimsicott|1\n|-resisted|p1b: Swampert|1\n|-enditem|p1a: Whimsicott|Focus Sash\n|-damage|p1a: Whimsicott|1/100\n|-damage|p1b: Swampert|78/100\n|\n|-weather|SunnyDay|[upkeep]\n|upkeep\n|turn|4\n|inactive|nwalesu has 30 seconds left.\n|inactive|sixivs has 30 seconds left.\n|\n|t:|1788307205\n|move|p1a: Whimsicott|Tickle|p2a: Whimsicott\n|-unboost|p2a: Whimsicott|atk|1\n|-unboost|p2a: Whimsicott|def|1\n|move|p2a: Whimsicott|Moonblast|p1a: Whimsicott\n|-damage|p1a: Whimsicott|0 fnt\n|faint|p1a: Whimsicott\n|move|p2b: Charizard|Solar Beam||[still]\n|-prepare|p2b: Charizard|Solar Beam\n|-anim|p2b: Charizard|Solar Beam|p1b: Swampert\n|-supereffective|p1b: Swampert|2\n|-enditem|p1b: Swampert|Rindo Berry|[eat]\n|-enditem|p1b: Swampert|Rindo Berry|[weaken]\n|-damage|p1b: Swampert|9/100\n|move|p1b: Swampert|Stone Edge|p2b: Charizard|[miss]\n|-miss|p1b: Swampert|p2b: Charizard\n|\n|-weather|SunnyDay|[upkeep]\n|upkeep\n|\n|t:|1788307220\n|switch|p1a: Mamoswine|Mamoswine, L50, F|100/100\n|turn|5\n|inactive|nwalesu has 30 seconds left.\n|\n|t:|1788307249\n|move|p2a: Whimsicott|Protect|p2a: Whimsicott\n|-singleturn|p2a: Whimsicott|Protect\n|move|p1b: Swampert|Wide Guard|p1b: Swampert\n|-singleturn|p1b: Swampert|Wide Guard\n|move|p2b: Charizard|Weather Ball|p1b: Swampert\n|-resisted|p1b: Swampert|1\n|-damage|p1b: Swampert|0 fnt\n|faint|p1b: Swampert\n|move|p1a: Mamoswine|Icicle Crash|p2b: Charizard\n|-damage|p2b: Charizard|15/100\n|-damage|p1a: Mamoswine|90/100|[from] item: Life Orb\n|\n|-weather|SunnyDay|[upkeep]\n|-sideend|p2: sixivs|move: Tailwind\n|upkeep\n|\n|t:|1788307257\n|switch|p1b: Staraptor|Staraptor-Mega, L50, F|69/100\n|turn|6\n|inactive|sixivs has 30 seconds left.\n|inactive|sixivs has 20 seconds left.\n|inactive|sixivs has 15 seconds left.\n|\n|t:|1788307298\n|move|p1a: Mamoswine|Ice Shard|p2b: Charizard\n|-damage|p2b: Charizard|0 fnt\n|faint|p2b: Charizard\n|-damage|p1a: Mamoswine|80/100|[from] item: Life Orb\n|move|p1b: Staraptor|Close Combat|p2a: Whimsicott\n|-resisted|p2a: Whimsicott|1\n|-damage|p2a: Whimsicott|30/100\n|-boost|p1b: Staraptor|def|1\n|-boost|p1b: Staraptor|spd|1\n|move|p2a: Whimsicott|Moonblast|p1b: Staraptor\n|-supereffective|p1b: Staraptor|1\n|-damage|p1b: Staraptor|16/100\n|\n|-weather|SunnyDay|[upkeep]\n|-sideend|p1: nwalesu|move: Tailwind\n|upkeep\n|\n|t:|1788307311\n|switch|p2b: Floette|Floette-Eternal, L50, F|100/100\n|turn|7\n|\n|t:|1788307324\n|move|p1b: Staraptor|Protect|p1b: Staraptor\n|-singleturn|p1b: Staraptor|Protect\n|move|p2a: Whimsicott|Tailwind|p2a: Whimsicott\n|-sidestart|p2: sixivs|move: Tailwind\n|move|p1a: Mamoswine|Ice Shard|p2a: Whimsicott\n|-supereffective|p2a: Whimsicott|1\n|-damage|p2a: Whimsicott|0 fnt\n|faint|p2a: Whimsicott\n|-damage|p1a: Mamoswine|70/100|[from] item: Life Orb\n|move|p2b: Floette|Dazzling Gleam|p1a: Mamoswine|[spread] p1a\n|-activate|p1b: Staraptor|move: Protect\n|-crit|p1a: Mamoswine\n|-damage|p1a: Mamoswine|10/100\n|\n|-weather|none\n|upkeep\n|turn|8\n|\n|t:|1788307339\n|move|p2b: Floette|Dazzling Gleam|p1a: Mamoswine|[spread] p1a,p1b\n|-supereffective|p1b: Staraptor|1\n|-damage|p1a: Mamoswine|0 fnt\n|-damage|p1b: Staraptor|0 fnt\n|faint|p1a: Mamoswine\n|faint|p1b: Staraptor\n|\n|win|sixivs\n","uploadtime":1788307343,"views":"4","formatid":"gen9championsvgc2026regmbbo3","rating":null,"private":0,"password":null}