{"id":"gen9championsvgc2026regmbbo3-2673946023","format":"[Gen 9 Champions] VGC 2026 Reg M-B (Bo3)","players":["juscuz joe","simioini"],"log":"|j|☆juscuz joe\n|j|☆simioini\n|html|<table width=\"100%\"><tr><td align=\"left\">juscuz joe</td><td align=\"right\">simioini</tr><tr><td align=\"left\"><i class=\"fa fa-circle\"></i> <i class=\"fa fa-circle-o\"></i> </td><td align=\"right\"><i class=\"fa fa-circle-o\"></i> <i class=\"fa fa-circle-o\"></i> </tr></table>\n|uhtml|bestof|<h2><strong>Game 2</strong> of <a href=\"/game-bestof3-gen9championsvgc2026regmbbo3-2673943893\">a best-of-3</a></h2>\n|t:|1788280367\n|gametype|doubles\n|player|p1|juscuz joe|1|1042\n|player|p2|simioini|169|1229\n|gen|9\n|tier|[Gen 9 Champions] VGC 2026 Reg M-B (Bo3)\n|rated|\n|rule|Species Clause: Limit one of each Pokémon\n|rule|Item Clause: Limit 1 of each item\n|clearpoke\n|poke|p1|Maushold, L50|\n|poke|p1|Whimsicott, L50, F|\n|poke|p1|Froslass, L50, F|\n|poke|p1|Sneasler, L50, M|\n|poke|p1|Greninja, L50, F|\n|poke|p1|Rotom-Heat, L50|\n|poke|p2|Charizard, L50, F|\n|poke|p2|Whimsicott, L50, F|\n|poke|p2|Garchomp, L50, M|\n|poke|p2|Floette-Eternal, L50, F|\n|poke|p2|Kingambit, L50, M|\n|poke|p2|Basculegion, L50, M|\n|teampreview|4\n|showteam|p1|Maushold||WideLens|Technician|PopulationBomb,Protect,BulletSeed,PlayRough|Adamant|||||50|]Whimsicott||FocusSash|Prankster|Tailwind,HelpingHand,DazzlingGleam,TrickRoom|Modest||F|||50|]Froslass||Froslassite|SnowCloak|Blizzard,AuroraVeil,ShadowBall,Thunderbolt|Timid||F|||50|]Sneasler||WhiteHerb|PoisonTouch|CloseCombat,DireClaw,FakeOut,ShadowClaw|Jolly||M|||50|]Greninja||Greninjite|Protean|IceBeam,HydroPump,DarkPulse,Extrasensory|Timid||F|||50|]Rotom-Heat||PasshoBerry|Levitate|Overheat,Electroweb,Poltergeist,Protect|Hasty|||||50|\n|showteam|p2|Charizard||CharizarditeY|Blaze|HeatWave,WeatherBall,AncientPower,Protect|Timid||F|||50|]Whimsicott||FocusSash|Prankster|Moonblast,Tailwind,Encore,Protect|Timid||F|||50|]Garchomp||SitrusBerry|RoughSkin|Earthquake,DragonClaw,RockSlide,Protect|Jolly||M|||50|]Floette-Eternal||Floettite|FlowerVeil|DazzlingGleam,Moonblast,LightofRuin,Protect|Modest||F|||50|]Kingambit||OccaBerry|Defiant|KowtowCleave,IronHead,SuckerPunch,LowKick|Adamant||M|||50|]Basculegion||LifeOrb|Adaptability|WaveCrash,LastRespects,AquaJet,Protect|Adamant||M|||50|\n|\n|t:|1788280411\n|teamsize|p1|4\n|teamsize|p2|4\n|start\n|switch|p1a: Rotom|Rotom-Heat, L50|100/100\n|switch|p1b: Whimsicott|Whimsicott, L50, F|100/100\n|switch|p2a: Charizard|Charizard, L50, F|100/100\n|switch|p2b: Basculegion|Basculegion, L50, M|100/100\n|turn|1\n|\n|t:|1788280427\n|switch|p2b: Whimsicott|Whimsicott, L50, F|100/100\n|detailschange|p2a: Charizard|Charizard-Mega-Y, L50, F\n|-mega|p2a: Charizard|Charizard|Charizardite Y\n|-weather|SunnyDay|[from] ability: Drought|[of] p2a: Charizard\n|move|p1b: Whimsicott|Tailwind|p1b: Whimsicott\n|-sidestart|p1: juscuz joe|move: Tailwind\n|move|p1a: Rotom|Electroweb|p2b: Whimsicott|[spread] p2a,p2b\n|-supereffective|p2a: Charizard|1\n|-resisted|p2b: Whimsicott|1\n|-damage|p2a: Charizard|60/100\n|-damage|p2b: Whimsicott|84/100\n|-unboost|p2a: Charizard|spe|1\n|-unboost|p2b: Whimsicott|spe|1\n|move|p2a: Charizard|Heat Wave|p1a: Rotom|[spread] p1a\n|-miss|p2a: Charizard|p1b: Whimsicott\n|-resisted|p1a: Rotom|1\n|-damage|p1a: Rotom|60/100\n|\n|-weather|SunnyDay|[upkeep]\n|upkeep\n|turn|2\n|\n|t:|1788280448\n|move|p1b: Whimsicott|Helping Hand|p1a: Rotom\n|-singleturn|p1a: Rotom|Helping Hand|[of] p1b: Whimsicott\n|move|p2a: Charizard|Protect|p2a: Charizard\n|-singleturn|p2a: Charizard|Protect\n|move|p2b: Whimsicott|Encore|p1b: Whimsicott\n|-start|p1b: Whimsicott|Encore\n|move|p1a: Rotom|Electroweb|p2a: Charizard|[spread] p2b\n|-activate|p2a: Charizard|move: Protect\n|-resisted|p2b: Whimsicott|1\n|-damage|p2b: Whimsicott|62/100\n|-unboost|p2b: Whimsicott|spe|1\n|\n|-weather|SunnyDay|[upkeep]\n|upkeep\n|turn|3\n|\n|t:|1788280473\n|switch|p2a: Kingambit|Kingambit, L50, M|100/100\n|move|p1b: Whimsicott|Helping Hand|p1a: Rotom\n|-singleturn|p1a: Rotom|Helping Hand|[of] p1b: Whimsicott\n|move|p2b: Whimsicott|Tailwind|p2b: Whimsicott\n|-sidestart|p2: simioini|move: Tailwind\n|move|p1a: Rotom|Electroweb|p2b: Whimsicott|[spread] p2a,p2b\n|-resisted|p2b: Whimsicott|1\n|-damage|p2a: Kingambit|68/100\n|-damage|p2b: Whimsicott|39/100\n|-unboost|p2a: Kingambit|spe|1\n|-ability|p2a: Kingambit|Defiant|boost\n|-boost|p2a: Kingambit|atk|2\n|-unboost|p2b: Whimsicott|spe|1\n|\n|-weather|SunnyDay|[upkeep]\n|upkeep\n|turn|4\n|\n|t:|1788280491\n|move|p1b: Whimsicott|Helping Hand|p1a: Rotom\n|-singleturn|p1a: Rotom|Helping Hand|[of] p1b: Whimsicott\n|move|p2b: Whimsicott|Encore|p1a: Rotom\n|-start|p1a: Rotom|Encore\n|move|p2a: Kingambit|Sucker Punch|p1a: Rotom\n|-damage|p1a: Rotom|0 fnt\n|faint|p1a: Rotom\n|\n|-weather|SunnyDay|[upkeep]\n|-sideend|p1: juscuz joe|move: Tailwind\n|upkeep\n|\n|t:|1788280504\n|switch|p1a: Froslass|Froslass, L50, F|100/100\n|turn|5\n|\n|t:|1788280527\n|switch|p1a: Maushold|Maushold, L50|100/100\n|move|p1b: Whimsicott|Helping Hand|p1a: Maushold\n|-singleturn|p1a: Maushold|Helping Hand|[of] p1b: Whimsicott\n|move|p2b: Whimsicott|Moonblast|p1b: Whimsicott\n|-damage|p1b: Whimsicott|49/100\n|move|p2a: Kingambit|Kowtow Cleave|p1a: Maushold\n|-damage|p1a: Maushold|0 fnt\n|faint|p1a: Maushold\n|\n|-weather|none\n|-end|p1b: Whimsicott|Encore\n|upkeep\n|\n|t:|1788280540\n|switch|p1a: Froslass|Froslass, L50, F|100/100\n|turn|6\n|\n|t:|1788280551\n|detailschange|p1a: Froslass|Froslass-Mega, L50, F\n|-mega|p1a: Froslass|Froslass|Froslassite\n|-weather|Snowscape|[from] ability: Snow Warning|[of] p1a: Froslass\n|move|p2b: Whimsicott|Encore|p1b: Whimsicott\n|-start|p1b: Whimsicott|Encore\n|move|p1b: Whimsicott|Helping Hand|p1a: Froslass\n|-singleturn|p1a: Froslass|Helping Hand|[of] p1b: Whimsicott\n|move|p1a: Froslass|Aurora Veil|p1a: Froslass\n|-sidestart|p1: juscuz joe|move: Aurora Veil\n|move|p2a: Kingambit|Kowtow Cleave|p1a: Froslass\n|-supereffective|p1a: Froslass|1\n|-damage|p1a: Froslass|0 fnt\n|faint|p1a: Froslass\n|\n|-weather|Snowscape|[upkeep]\n|-sideend|p2: simioini|move: Tailwind\n|upkeep\n|turn|7\n|\n|t:|1788280574\n|move|p1b: Whimsicott|Helping Hand|p1: Froslass|[notarget]\n|-fail|p1b: Whimsicott\n|move|p2b: Whimsicott|Moonblast|p1b: Whimsicott\n|-damage|p1b: Whimsicott|17/100\n|move|p2a: Kingambit|Iron Head|p1b: Whimsicott\n|-supereffective|p1b: Whimsicott|1\n|-damage|p1b: Whimsicott|0 fnt\n|faint|p1b: Whimsicott\n|\n|win|simioini\n","uploadtime":1788280574,"views":"4","formatid":"gen9championsvgc2026regmbbo3","rating":null,"private":0,"password":null}