{"id":"gen9championsvgc2026regmb-2674752752","format":"[Gen 9 Champions] VGC 2026 Reg M-B","players":["rawbraines","leejit"],"log":"|j|☆rawbraines\n|j|☆leejit\n|html|<table width=\"100%\"><tr><td align=\"left\">rawbraines</td><td align=\"right\">leejit</tr><tr><td align=\"left\"><i class=\"fa fa-circle\"></i> <i class=\"fa fa-circle-o\"></i> </td><td align=\"right\"><i class=\"fa fa-circle-o\"></i> <i class=\"fa fa-circle\"></i> </tr></table>\n|uhtml|bestof|<h2><strong>Game 3</strong> of <a href=\"/game-bestof3-gen9championsvgc2026regmb-2674747449\">a best-of-3</a></h2>\n|t:|1788400721\n|gametype|doubles\n|player|p1|rawbraines|101|\n|player|p2|leejit|102|\n|gen|9\n|tier|[Gen 9 Champions] VGC 2026 Reg M-B\n|rule|Species Clause: Limit one of each Pokémon\n|rule|Item Clause: Limit 1 of each item\n|raw|<div class=\"infobox\"><details class=\"readmore\" open><summary><strong>1 custom rule:</strong></summary> Best of = 3</details></div>\n|clearpoke\n|poke|p1|Annihilape, L50, F|\n|poke|p1|Sinistcha, L50|\n|poke|p1|Camerupt, L50, M|\n|poke|p1|Toxapex, L50, F|\n|poke|p1|Kommo-o, L50, M|\n|poke|p1|Incineroar, L50, F|\n|poke|p2|Garchomp, L50, M|\n|poke|p2|Whimsicott, L50, F|\n|poke|p2|Vaporeon, L50, F|\n|poke|p2|Hippowdon, L50, F|\n|poke|p2|Kingambit, L50, F|\n|poke|p2|Pyroar, L50, F|\n|teampreview|4\n|c|☆rawbraines|gl hf\nrawbraines rejected open team sheets.\n|c|☆leejit|glhf\n|inactive|Battle timer is ON: inactive players will automatically lose when time's up. (requested by leejit)\n|\n|t:|1788400832\n|teamsize|p1|4\n|teamsize|p2|4\n|start\n|switch|p1a: Kommo-o|Kommo-o, L50, M|100/100\n|switch|p1b: Toxapex|Toxapex, L50, F|100/100\n|switch|p2a: Garchomp|Garchomp, L50, M|100/100\n|switch|p2b: Hippowdon|Hippowdon, L50, F|100/100\n|-weather|Sandstorm|[from] ability: Sand Stream|[of] p2b: Hippowdon\n|turn|1\n|inactive|rawbraines has 30 seconds left.\n|inactive|leejit has 30 seconds left.\n|inactive|leejit has 20 seconds left.\n|inactive|leejit has 15 seconds left.\n|inactive|leejit has 10 seconds left.\n|\n|t:|1788400880\n|move|p2a: Garchomp|Protect|p2a: Garchomp\n|-singleturn|p2a: Garchomp|Protect\n|move|p1a: Kommo-o|Iron Defense|p1a: Kommo-o\n|-boost|p1a: Kommo-o|def|2\n|move|p2b: Hippowdon|High Horsepower|p1b: Toxapex\n|-supereffective|p1b: Toxapex|1\n|-crit|p1b: Toxapex\n|-damage|p1b: Toxapex|15/100\n|move|p1b: Toxapex|Toxic|p2b: Hippowdon\n|-status|p2b: Hippowdon|tox\n|\n|-weather|Sandstorm|[upkeep]\n|-damage|p1a: Kommo-o|93/100|[from] Sandstorm\n|-damage|p1b: Toxapex|10/100|[from] Sandstorm\n|-heal|p1a: Kommo-o|100/100|[from] item: Leftovers\n|-damage|p2b: Hippowdon|93/100 tox|[from] psn\n|upkeep\n|turn|2\n|inactive|rawbraines has 30 seconds left.\n|inactive|leejit has 30 seconds left.\n|\n|t:|1788400913\n|switch|p2a: Whimsicott|Whimsicott, L50, F|100/100\n|move|p1b: Toxapex|Baneful Bunker|p1b: Toxapex\n|-singleturn|p1b: Toxapex|move: Protect\n|move|p1a: Kommo-o|Draco Meteor|p2a: Whimsicott\n|-immune|p2a: Whimsicott\n|move|p2b: Hippowdon|High Horsepower|p1b: Toxapex\n|-activate|p1b: Toxapex|move: Protect\n|\n|-weather|Sandstorm|[upkeep]\n|-damage|p2a: Whimsicott|94/100|[from] Sandstorm\n|-damage|p1a: Kommo-o|93/100|[from] Sandstorm\n|-damage|p1b: Toxapex|4/100|[from] Sandstorm\n|-heal|p1a: Kommo-o|100/100|[from] item: Leftovers\n|-heal|p2b: Hippowdon|100/100 tox|[from] item: Leftovers\n|-damage|p2b: Hippowdon|87/100 tox|[from] psn\n|upkeep\n|turn|3\n|inactive|rawbraines has 30 seconds left.\n|inactive|leejit has 30 seconds left.\n|inactive|rawbraines has 20 seconds left.\n|inactive|rawbraines has 15 seconds left.\n|\n|t:|1788400954\n|switch|p1a: Camerupt|Camerupt, L50, M|100/100\n|-heal|p1b: Toxapex|37/100|[from] ability: Regenerator|[silent]\n|switch|p1b: Sinistcha|Sinistcha, L50|100/100\n|move|p2a: Whimsicott|Moonblast|p1a: Camerupt\n|-resisted|p1a: Camerupt|1\n|-damage|p1a: Camerupt|73/100\n|move|p2b: Hippowdon|High Horsepower|p1b: Sinistcha\n|-resisted|p1b: Sinistcha|1\n|-damage|p1b: Sinistcha|85/100\n|\n|-weather|Sandstorm|[upkeep]\n|-damage|p2a: Whimsicott|88/100|[from] Sandstorm\n|-damage|p1b: Sinistcha|79/100|[from] Sandstorm\n|-heal|p2b: Hippowdon|93/100 tox|[from] item: Leftovers\n|-damage|p2b: Hippowdon|75/100 tox|[from] psn\n|upkeep\n|turn|4\n|inactive|leejit has 30 seconds left.\n|inactive|leejit has 20 seconds left.\n|inactive|leejit has 15 seconds left.\n|\n|t:|1788400996\n|switch|p2a: Garchomp|Garchomp, L50, M|100/100\n|detailschange|p1a: Camerupt|Camerupt-Mega, L50, M\n|-mega|p1a: Camerupt|Camerupt|Cameruptite\n|move|p1a: Camerupt|Protect|p1a: Camerupt\n|-singleturn|p1a: Camerupt|Protect\n|move|p2b: Hippowdon|High Horsepower|p1a: Camerupt\n|-activate|p1a: Camerupt|move: Protect\n|move|p1b: Sinistcha|Trick Room|p1b: Sinistcha\n|-fieldstart|move: Trick Room|[of] p1b: Sinistcha\n|\n|-weather|Sandstorm|[upkeep]\n|-damage|p1b: Sinistcha|73/100|[from] Sandstorm\n|-heal|p2b: Hippowdon|81/100 tox|[from] item: Leftovers\n|-damage|p2b: Hippowdon|56/100 tox|[from] psn\n|upkeep\n|turn|5\n|inactive|leejit has 30 seconds left.\n|\n|t:|1788401027\n|detailschange|p2a: Garchomp|Garchomp-Mega, L50, M\n|-mega|p2a: Garchomp|Garchomp|Garchompite\n|move|p2b: Hippowdon|Protect|p2b: Hippowdon\n|-singleturn|p2b: Hippowdon|Protect\n|move|p1a: Camerupt|Earth Power|p2b: Hippowdon\n|-activate|p2b: Hippowdon|move: Protect\n|move|p1b: Sinistcha|Matcha Gotcha|p2b: Hippowdon|[spread] p2a\n|-activate|p2b: Hippowdon|move: Protect\n|-damage|p2a: Garchomp|80/100\n|-heal|p1b: Sinistcha|85/100|[from] drain|[of] p2a: Garchomp\n|move|p2a: Garchomp|Stomping Tantrum|p1a: Camerupt\n|-supereffective|p1a: Camerupt|1\n|-crit|p1a: Camerupt\n|-damage|p1a: Camerupt|0 fnt\n|faint|p1a: Camerupt\n|\n|-weather|none\n|-heal|p2b: Hippowdon|63/100 tox|[from] item: Leftovers\n|-damage|p2b: Hippowdon|32/100 tox|[from] psn\n|upkeep\n|inactive|rawbraines has 30 seconds left.\n|\n|t:|1788401055\n|switch|p1a: Toxapex|Toxapex, L50, F|37/100\n|turn|6\n|\n|t:|1788401073\n|switch|p2b: Kingambit|Kingambit, L50, F|100/100\n|move|p1b: Sinistcha|Rage Powder|p1b: Sinistcha\n|-singleturn|p1b: Sinistcha|move: Rage Powder\n|move|p1a: Toxapex|Toxic|p2a: Garchomp\n|-status|p2a: Garchomp|tox\n|move|p2a: Garchomp|Dragon Claw|p1b: Sinistcha\n|-damage|p1b: Sinistcha|48/100\n|-enditem|p1b: Sinistcha|Sitrus Berry|[eat]\n|-heal|p1b: Sinistcha|73/100|[from] item: Sitrus Berry\n|\n|-damage|p2a: Garchomp|74/100 tox|[from] psn\n|upkeep\n|turn|7\n|inactive|rawbraines has 30 seconds left.\n|\n|t:|1788401099\n|switch|p1b: Kommo-o|Kommo-o, L50, M|100/100\n|move|p1a: Toxapex|Baneful Bunker|p1a: Toxapex\n|-singleturn|p1a: Toxapex|move: Protect\n|move|p2b: Kingambit|Swords Dance|p2b: Kingambit\n|-boost|p2b: Kingambit|atk|2\n|move|p2a: Garchomp|Stomping Tantrum|p1a: Toxapex\n|-activate|p1a: Toxapex|move: Protect\n|\n|-damage|p2a: Garchomp|62/100 tox|[from] psn\n|upkeep\n|turn|8\n|inactive|rawbraines has 30 seconds left.\n|\n|t:|1788401131\n|-heal|p1a: Toxapex|70/100|[from] ability: Regenerator|[silent]\n|switch|p1a: Sinistcha|Sinistcha, L50|73/100\n|move|p2b: Kingambit|Kowtow Cleave|p1b: Kommo-o\n|-resisted|p1b: Kommo-o|1\n|-damage|p1b: Kommo-o|61/100\n|-damage|p2b: Kingambit|90/100|[from] item: Life Orb\n|move|p1b: Kommo-o|Body Press|p2b: Kingambit\n|-supereffective|p2b: Kingambit|2\n|-damage|p2b: Kingambit|0 fnt\n|faint|p2b: Kingambit\n|move|p2a: Garchomp|Dragon Claw|p1b: Kommo-o\n|-supereffective|p1b: Kommo-o|1\n|-damage|p1b: Kommo-o|1/100\n|\n|-heal|p1b: Kommo-o|7/100|[from] item: Leftovers\n|-damage|p2a: Garchomp|44/100 tox|[from] psn\n|-fieldend|move: Trick Room\n|upkeep\n|\n|t:|1788401148\n|switch|p2b: Hippowdon|Hippowdon, L50, F|32/100 tox\n|-weather|Sandstorm|[from] ability: Sand Stream|[of] p2b: Hippowdon\n|turn|9\n|\n|t:|1788401172\n|switch|p2a: Whimsicott|Whimsicott, L50, F|88/100\n|move|p1b: Kommo-o|Draco Meteor|p2a: Whimsicott\n|-immune|p2a: Whimsicott\n|move|p2b: Hippowdon|Fire Fang|p1a: Sinistcha\n|-supereffective|p1a: Sinistcha|1\n|-damage|p1a: Sinistcha|43/100\n|cant|p1a: Sinistcha|flinch\n|\n|-weather|Sandstorm|[upkeep]\n|-damage|p2a: Whimsicott|82/100|[from] Sandstorm\n|-damage|p1b: Kommo-o|1/100|[from] Sandstorm\n|-damage|p1a: Sinistcha|37/100|[from] Sandstorm\n|-heal|p1b: Kommo-o|7/100|[from] item: Leftovers\n|-heal|p2b: Hippowdon|38/100 tox|[from] item: Leftovers\n|-damage|p2b: Hippowdon|32/100 tox|[from] psn\n|upkeep\n|turn|10\n|inactive|rawbraines has 30 seconds left.\n|inactive|leejit has 30 seconds left.\n|inactive|rawbraines has 20 seconds left.\n|inactive|rawbraines has 15 seconds left.\n|inactive|leejit has 20 seconds left.\n|inactive|rawbraines has 10 seconds left.\n|\n|t:|1788401218\n|move|p2a: Whimsicott|Moonblast|p1b: Kommo-o\n|-supereffective|p1b: Kommo-o|2\n|-damage|p1b: Kommo-o|0 fnt\n|faint|p1b: Kommo-o\n|move|p2b: Hippowdon|Fire Fang|p1a: Sinistcha\n|-supereffective|p1a: Sinistcha|1\n|-damage|p1a: Sinistcha|10/100\n|move|p1a: Sinistcha|Trick Room|p1a: Sinistcha\n|-fieldstart|move: Trick Room|[of] p1a: Sinistcha\n|\n|-weather|Sandstorm|[upkeep]\n|-damage|p1a: Sinistcha|4/100|[from] Sandstorm\n|-damage|p2a: Whimsicott|76/100|[from] Sandstorm\n|-heal|p2b: Hippowdon|38/100 tox|[from] item: Leftovers\n|-damage|p2b: Hippowdon|26/100 tox|[from] psn\n|upkeep\n|\n|t:|1788401230\n|switch|p1b: Toxapex|Toxapex, L50, F|70/100\n|turn|11\n|inactive|leejit has 30 seconds left.\n|\n|t:|1788401257\n|move|p2a: Whimsicott|Encore|p1a: Sinistcha\n|-start|p1a: Sinistcha|Encore\n|move|p1b: Toxapex|Toxic|p2a: Whimsicott\n|-status|p2a: Whimsicott|tox\n|move|p2b: Hippowdon|High Horsepower|p1b: Toxapex\n|-supereffective|p1b: Toxapex|1\n|-damage|p1b: Toxapex|21/100\n|move|p1a: Sinistcha|Trick Room|p1a: Sinistcha\n|-fieldend|move: Trick Room\n|\n|-weather|Sandstorm|[upkeep]\n|-damage|p2a: Whimsicott|70/100 tox|[from] Sandstorm\n|-damage|p1a: Sinistcha|0 fnt|[from] Sandstorm\n|-damage|p1b: Toxapex|15/100|[from] Sandstorm\n|faint|p1a: Sinistcha\n|-heal|p2b: Hippowdon|32/100 tox|[from] item: Leftovers\n|-damage|p2a: Whimsicott|64/100 tox|[from] psn\n|-damage|p2b: Hippowdon|13/100 tox|[from] psn\n|upkeep\n|turn|12\n|inactive|leejit has 30 seconds left.\n|c|☆rawbraines|damn that flinch might have sealed it\n|\n|t:|1788401286\n|move|p1b: Toxapex|Baneful Bunker|p1b: Toxapex\n|-singleturn|p1b: Toxapex|move: Protect\n|move|p2a: Whimsicott|Moonblast|p1b: Toxapex\n|-activate|p1b: Toxapex|move: Protect\n|move|p2b: Hippowdon|High Horsepower|p1b: Toxapex\n|-activate|p1b: Toxapex|move: Protect\n|\n|-weather|Sandstorm|[upkeep]\n|-damage|p2a: Whimsicott|59/100 tox|[from] Sandstorm\n|-damage|p1b: Toxapex|9/100|[from] Sandstorm\n|-heal|p2b: Hippowdon|19/100 tox|[from] item: Leftovers\n|-damage|p2a: Whimsicott|47/100 tox|[from] psn\n|-damage|p2b: Hippowdon|0 fnt|[from] psn\n|faint|p2b: Hippowdon\n|upkeep\n|c|☆rawbraines|didnt even know fire fang could do that\n|\n|t:|1788401299\n|switch|p2b: Garchomp|Garchomp-Mega, L50, M|44/100 tox\n|turn|13\n|c|☆leejit|yeah that flinch was big there\n|c|☆leejit|that Kommo O was so bulky man\n|inactive|rawbraines has 30 seconds left.\n|\n|t:|1788401331\n|move|p2a: Whimsicott|Protect|p2a: Whimsicott\n|-singleturn|p2a: Whimsicott|Protect\n|move|p1b: Toxapex|Baneful Bunker|p1b: Toxapex\n|-singleturn|p1b: Toxapex|move: Protect\n|move|p2b: Garchomp|Stomping Tantrum|p1b: Toxapex\n|-activate|p1b: Toxapex|move: Protect\n|\n|-weather|none\n|-damage|p2a: Whimsicott|29/100 tox|[from] psn\n|-damage|p2b: Garchomp|38/100 tox|[from] psn\n|upkeep\n|turn|14\n|\n|t:|1788401348\n|move|p1b: Toxapex|Baneful Bunker||[still]\n|-fail|p1b: Toxapex\n|move|p2a: Whimsicott|Moonblast|p1b: Toxapex\n|-resisted|p1b: Toxapex|1\n|-damage|p1b: Toxapex|0 fnt\n|faint|p1b: Toxapex\n|\n|win|leejit\n","uploadtime":1788401348,"views":"11","formatid":"gen9championsvgc2026regmb","rating":null,"private":0,"password":null}