{"id":"gen9championsvgc2026regmbbo3-2673287939","format":"[Gen 9 Champions] VGC 2026 Reg M-B (Bo3)","players":["va_cyclone","CaratroncoSun"],"log":"|j|☆va_cyclone\n|j|☆CaratroncoSun\n|html|<table width=\"100%\"><tr><td align=\"left\">va_cyclone</td><td align=\"right\">CaratroncoSun</tr><tr><td align=\"left\"><i class=\"fa fa-circle-o\"></i> <i class=\"fa fa-circle-o\"></i> </td><td align=\"right\"><i class=\"fa fa-circle-o\"></i> <i class=\"fa fa-circle-o\"></i> </tr></table>\n|uhtml|bestof|<h2><strong>Game 1</strong> of <a href=\"/game-bestof3-gen9championsvgc2026regmbbo3-2673287938\">a best-of-3</a></h2>\n|t:|1788177457\n|gametype|doubles\n|player|p1|va_cyclone|1|1127\n|player|p2|CaratroncoSun|265|1335\n|gen|9\n|tier|[Gen 9 Champions] VGC 2026 Reg M-B (Bo3)\n|rated|\n|rule|Species Clause: Limit one of each Pokémon\n|rule|Item Clause: Limit 1 of each item\n|clearpoke\n|poke|p1|Incineroar, L50, F|\n|poke|p1|Toxapex, L50, F|\n|poke|p1|Garchomp, L50, F|\n|poke|p1|Charizard, L50, F|\n|poke|p1|Venusaur, L50, M|\n|poke|p1|Sylveon, L50, F|\n|poke|p2|Charizard, L50, M, shiny|\n|poke|p2|Venusaur, L50, M, shiny|\n|poke|p2|Whimsicott, L50, F, shiny|\n|poke|p2|Basculegion, L50, M|\n|poke|p2|Tyranitar, L50, F|\n|poke|p2|Mamoswine, L50, F|\n|teampreview|4\n|showteam|p1|Incineroar||SitrusBerry|Intimidate|FakeOut,PartingShot,FlareBlitz,Protect|Impish||F|||50|]Toxapex||Leftovers|Regenerator|BanefulBunker,Infestation,Toxic,WideGuard|Relaxed||F|||50|]Garchomp||ChoiceScarf|RoughSkin|StompingTantrum,Earthquake,DragonClaw,RockSlide|Adamant||F|||50|]Charizard||CharizarditeY|Blaze|Protect,HeatWave,SolarBeam,WeatherBall|Timid||F|||50|]Venusaur||FocusSash|Chlorophyll|Protect,SludgeBomb,EarthPower,SleepPowder|Modest||M|||50|]Sylveon||FairyFeather|Pixilate|Detect,HyperVoice,QuickAttack,Yawn|Quiet||F|||50|\n|showteam|p2|Charizard||CharizarditeY|Blaze|Protect,SolarBeam,HeatWave,AirSlash|Modest||M|||50|]Venusaur||WideLens|Chlorophyll|Protect,GigaDrain,EarthPower,SleepPowder|Modest||M|||50|]Whimsicott||FocusSash|Prankster|Protect,Moonblast,Tailwind,Encore|Timid||F|||50|]Basculegion||MysticWater|Adaptability|Protect,AquaJet,WaveCrash,LastRespects|Adamant||M|||50|]Tyranitar||Tyranitarite|SandStream|Protect,RockSlide,KnockOff,LowKick|Adamant||F|||50|]Mamoswine||LifeOrb|Oblivious|Protect,HighHorsepower,RockSlide,IceShard|Adamant||F|||50|\n|inactive|Battle timer is ON: inactive players will automatically lose when time's up. (requested by va_cyclone)\n|\n|t:|1788177481\n|teamsize|p1|4\n|teamsize|p2|4\n|start\n|switch|p1a: Charizard|Charizard, L50, F|100/100\n|switch|p1b: Garchomp|Garchomp, L50, F|100/100\n|switch|p2a: Whimsicott|Whimsicott, L50, F, shiny|100/100\n|switch|p2b: Mamoswine|Mamoswine, L50, F|100/100\n|turn|1\n|\n|t:|1788177493\n|detailschange|p1a: Charizard|Charizard-Mega-Y, L50, F\n|-mega|p1a: Charizard|Charizard|Charizardite Y\n|-weather|SunnyDay|[from] ability: Drought|[of] p1a: Charizard\n|move|p2a: Whimsicott|Tailwind|p2a: Whimsicott\n|-sidestart|p2: CaratroncoSun|move: Tailwind\n|move|p2b: Mamoswine|Rock Slide|p1b: Garchomp|[spread] p1a,p1b\n|-supereffective|p1a: Charizard|2\n|-crit|p1a: Charizard\n|-resisted|p1b: Garchomp|1\n|-damage|p1a: Charizard|0 fnt\n|-damage|p1b: Garchomp|87/100\n|faint|p1a: Charizard\n|-damage|p2b: Mamoswine|90/100|[from] item: Life Orb\n|move|p1b: Garchomp|Rock Slide|p2b: Mamoswine|[spread] p2a,p2b\n|-damage|p2a: Whimsicott|70/100\n|-damage|p2b: Mamoswine|66/100\n|\n|-weather|SunnyDay|[upkeep]\n|upkeep\n|\n|t:|1788177510\n|switch|p1a: Venusaur|Venusaur, L50, M|100/100\n|turn|2\n|\n|t:|1788177524\n|switch|p1b: Toxapex|Toxapex, L50, F|100/100\n|move|p2b: Mamoswine|Protect|p2b: Mamoswine\n|-singleturn|p2b: Mamoswine|Protect\n|move|p2a: Whimsicott|Moonblast|p1b: Toxapex\n|-resisted|p1b: Toxapex|1\n|-damage|p1b: Toxapex|87/100\n|move|p1a: Venusaur|Sludge Bomb|p2a: Whimsicott\n|-supereffective|p2a: Whimsicott|2\n|-damage|p2a: Whimsicott|0 fnt\n|faint|p2a: Whimsicott\n|\n|-weather|SunnyDay|[upkeep]\n|-heal|p1b: Toxapex|93/100|[from] item: Leftovers\n|upkeep\n|\n|t:|1788177537\n|switch|p2a: Tyranitar|Tyranitar, L50, F|100/100\n|-weather|Sandstorm|[from] ability: Sand Stream|[of] p2a: Tyranitar\n|turn|3\n|\n|t:|1788177555\n|detailschange|p2a: Tyranitar|Tyranitar-Mega, L50, F\n|-mega|p2a: Tyranitar|Tyranitar|Tyranitarite\n|move|p1b: Toxapex|Baneful Bunker|p1b: Toxapex\n|-singleturn|p1b: Toxapex|move: Protect\n|move|p2b: Mamoswine|High Horsepower|p1a: Venusaur\n|-damage|p1a: Venusaur|1/100\n|-damage|p2b: Mamoswine|56/100|[from] item: Life Orb\n|move|p2a: Tyranitar|Knock Off|p1b: Toxapex\n|-activate|p1b: Toxapex|move: Protect\n|-status|p2a: Tyranitar|psn\n|move|p1a: Venusaur|Earth Power|p2a: Tyranitar\n|-supereffective|p2a: Tyranitar|1\n|-damage|p2a: Tyranitar|70/100 psn\n|\n|-weather|Sandstorm|[upkeep]\n|-damage|p1a: Venusaur|0 fnt|[from] Sandstorm\n|-damage|p1b: Toxapex|87/100|[from] Sandstorm\n|faint|p1a: Venusaur\n|-heal|p1b: Toxapex|93/100|[from] item: Leftovers\n|-damage|p2a: Tyranitar|57/100 psn|[from] psn\n|upkeep\n|\n|t:|1788177558\n|switch|p1a: Garchomp|Garchomp, L50, F|87/100\n|turn|4\n|\n|t:|1788177579\n|move|p2b: Mamoswine|Ice Shard|p1a: Garchomp\n|-supereffective|p1a: Garchomp|2\n|-crit|p1a: Garchomp\n|-damage|p1a: Garchomp|0 fnt\n|faint|p1a: Garchomp\n|-damage|p2b: Mamoswine|46/100|[from] item: Life Orb\n|move|p2a: Tyranitar|Knock Off|p1b: Toxapex\n|-damage|p1b: Toxapex|44/100\n|-enditem|p1b: Toxapex|Leftovers|[from] move: Knock Off|[of] p2a: Tyranitar\n|move|p1b: Toxapex|Infestation|p2a: Tyranitar\n|-supereffective|p2a: Tyranitar|1\n|-damage|p2a: Tyranitar|53/100 psn\n|-activate|p2a: Tyranitar|move: Infestation|[of] p1b: Toxapex\n|\n|-weather|Sandstorm|[upkeep]\n|-damage|p1b: Toxapex|37/100|[from] Sandstorm\n|-damage|p2a: Tyranitar|41/100 psn|[from] psn\n|-damage|p2a: Tyranitar|28/100 psn|[from] move: Infestation|[partiallytrapped]\n|-sideend|p2: CaratroncoSun|move: Tailwind\n|upkeep\n|turn|5\n|c|☆va_cyclone|gg\n|\n|t:|1788177604\n|move|p2b: Mamoswine|High Horsepower|p1b: Toxapex\n|-supereffective|p1b: Toxapex|1\n|-damage|p1b: Toxapex|0 fnt\n|faint|p1b: Toxapex\n|-damage|p2b: Mamoswine|36/100|[from] item: Life Orb\n|\n|win|CaratroncoSun\n","uploadtime":1788177604,"views":"1","formatid":"gen9championsvgc2026regmbbo3","rating":null,"private":0,"password":null}