{"id":"gen9championsvgc2026regmbbo3-2674926644","format":"[Gen 9 Champions] VGC 2026 Reg M-B (Bo3)","players":["MinasDevilCrobats","Nonnyvibrant"],"log":"|j|☆MinasDevilCrobats\n|j|☆Nonnyvibrant\n|html|<table width=\"100%\"><tr><td align=\"left\">MinasDevilCrobats</td><td align=\"right\">Nonnyvibrant</tr><tr><td align=\"left\"><i class=\"fa fa-circle\"></i> <i class=\"fa fa-circle-o\"></i> </td><td align=\"right\"><i class=\"fa fa-circle-o\"></i> <i class=\"fa fa-circle-o\"></i> </tr></table>\n|uhtml|bestof|<h2><strong>Game 2</strong> of <a href=\"/game-bestof3-gen9championsvgc2026regmbbo3-2674925069\">a best-of-3</a></h2>\n|t:|1788437189\n|gametype|doubles\n|player|p1|MinasDevilCrobats|darach-caitlin|1229\n|player|p2|Nonnyvibrant|169|1179\n|gen|9\n|tier|[Gen 9 Champions] VGC 2026 Reg M-B (Bo3)\n|rated|\n|rule|Species Clause: Limit one of each Pokémon\n|rule|Item Clause: Limit 1 of each item\n|clearpoke\n|poke|p1|Grimmsnarl, L50, M|\n|poke|p1|Staraptor, L50, F|\n|poke|p1|Tyranitar, L50, M|\n|poke|p1|Excadrill, L50, F|\n|poke|p1|Milotic, L50, F|\n|poke|p1|Wyrdeer, L50, F|\n|poke|p2|Blastoise, L50, M|\n|poke|p2|Delphox, L50, M|\n|poke|p2|Sinistcha-Masterpiece, L50|\n|poke|p2|Sneasler, L50, F|\n|poke|p2|Kingambit, L50, M|\n|poke|p2|Incineroar, L50, M|\n|teampreview|4\n|showteam|p1|Grimmsnarl||LightClay|Prankster|DazzlingGleam,LightScreen,Reflect,PartingShot|Calm||M|||50|]Staraptor||Staraptite|Intimidate|CloseCombat,BraveBird,Tailwind,Protect|Jolly||F|||50|]Tyranitar||PasshoBerry|SandStream|RockSlide,LashOut,Superpower,Protect|Adamant||M|||50|]Excadrill||LifeOrb|SandRush|HighHorsepower,IronHead,RockSlide,Protect|Adamant||F|||50|]Milotic||Leftovers|Competitive|Scald,IceBeam,WeatherBall,Protect|Quiet||F|||50|]Wyrdeer||SitrusBerry|Intimidate|Psychic,EnergyBall,TrickRoom,SkillSwap|Calm||F|||50|\n|showteam|p2|Blastoise||Blastoisinite|RainDish|WaterSpout,DarkPulse,ShellSmash,Protect|Modest||M|||50|]Delphox||Delphoxite|Blaze|HeatWave,Psychic,NastyPlot,Protect|Timid||M|||50|]Sinistcha-Masterpiece||ColburBerry|Hospitality|MatchaGotcha,RagePowder,TrickRoom,Protect|Bold|||||50|]Sneasler||FocusSash|PoisonTouch|FakeOut,PoisonJab,CloseCombat,QuickGuard|Jolly||F|||50|]Kingambit||LifeOrb|Defiant|KowtowCleave,SuckerPunch,SwordsDance,Protect|Adamant||M|||50|]Incineroar||SitrusBerry|Intimidate|FakeOut,FlareBlitz,ThroatChop,PartingShot|Careful||M|||50|\n|inactive|Battle timer is ON: inactive players will automatically lose when time's up. (requested by Nonnyvibrant)\n|inactive|Nonnyvibrant has 60 seconds left.\n|\n|t:|1788437235\n|teamsize|p1|4\n|teamsize|p2|4\n|start\n|switch|p1a: Staraptor|Staraptor, L50, F|100/100\n|switch|p1b: Grimmsnarl|Grimmsnarl, L50, M|100/100\n|switch|p2a: Sneasler|Sneasler, L50, F|100/100\n|switch|p2b: Blastoise|Blastoise, L50, M|100/100\n|-ability|p1a: Staraptor|Intimidate|boost\n|-unboost|p2a: Sneasler|atk|1\n|-unboost|p2b: Blastoise|atk|1\n|turn|1\n|inactive|Nonnyvibrant has 30 seconds left.\n|\n|t:|1788437261\n|switch|p2a: Incineroar|Incineroar, L50, M|100/100\n|-ability|p2a: Incineroar|Intimidate|boost\n|-unboost|p1a: Staraptor|atk|1\n|-unboost|p1b: Grimmsnarl|atk|1\n|detailschange|p1a: Staraptor|Staraptor-Mega, L50, F\n|-mega|p1a: Staraptor|Staraptor|Staraptite\n|detailschange|p2b: Blastoise|Blastoise-Mega, L50, M\n|-mega|p2b: Blastoise|Blastoise|Blastoisinite\n|move|p1b: Grimmsnarl|Light Screen|p1b: Grimmsnarl\n|-sidestart|p1: MinasDevilCrobats|move: Light Screen\n|move|p1a: Staraptor|Tailwind|p1a: Staraptor\n|-sidestart|p1: MinasDevilCrobats|move: Tailwind\n|move|p2b: Blastoise|Water Spout|p1b: Grimmsnarl|[spread] p1a,p1b\n|-damage|p1a: Staraptor|50/100g\n|-damage|p1b: Grimmsnarl|62/100\n|\n|upkeep\n|turn|2\n|inactive|Nonnyvibrant has 30 seconds left.\n|\n|t:|1788437291\n|move|p1a: Staraptor|Protect|p1a: Staraptor\n|-singleturn|p1a: Staraptor|Protect\n|move|p2a: Incineroar|Fake Out|p1a: Staraptor\n|-activate|p1a: Staraptor|move: Protect\n|move|p1b: Grimmsnarl|Dazzling Gleam|p2b: Blastoise|[spread] p2a,p2b\n|-crit|p2b: Blastoise\n|-damage|p2a: Incineroar|81/100\n|-damage|p2b: Blastoise|75/100\n|move|p2b: Blastoise|Water Spout|p1b: Grimmsnarl|[spread] p1b\n|-activate|p1a: Staraptor|move: Protect\n|-damage|p1b: Grimmsnarl|36/100\n|\n|upkeep\n|turn|3\n|\n|t:|1788437309\n|switch|p2a: Sinistcha|Sinistcha-Masterpiece, L50|100/100\n|-heal|p2b: Blastoise|100/100|[from] ability: Hospitality|[of] p2a: Sinistcha\n|move|p1b: Grimmsnarl|Parting Shot|p1a: Staraptor\n|-boost|p1a: Staraptor|atk|1\n|-boost|p1a: Staraptor|spa|1\n|\n|t:|1788437317\n|switch|p1b: Tyranitar|Tyranitar, L50, M|100/100|[from] Parting Shot\n|-weather|Sandstorm|[from] ability: Sand Stream|[of] p1b: Tyranitar\n|move|p1a: Staraptor|Close Combat|p2b: Blastoise\n|-damage|p2b: Blastoise|44/100\n|-boost|p1a: Staraptor|def|1\n|-boost|p1a: Staraptor|spd|1\n|move|p2b: Blastoise|Water Spout|p1b: Tyranitar|[spread] p1a,p1b\n|-supereffective|p1b: Tyranitar|1\n|-enditem|p1b: Tyranitar|Passho Berry|[eat]\n|-enditem|p1b: Tyranitar|Passho Berry|[weaken]\n|-damage|p1a: Staraptor|35/100\n|-damage|p1b: Tyranitar|88/100\n|\n|-weather|Sandstorm|[upkeep]\n|-damage|p1a: Staraptor|29/100|[from] Sandstorm\n|-damage|p2b: Blastoise|38/100|[from] Sandstorm\n|-damage|p2a: Sinistcha|93/100|[from] Sandstorm\n|upkeep\n|turn|4\n|inactive|Nonnyvibrant has 30 seconds left.\n|\n|t:|1788437348\n|move|p2b: Blastoise|Protect|p2b: Blastoise\n|-singleturn|p2b: Blastoise|Protect\n|move|p1a: Staraptor|Brave Bird|p2a: Sinistcha\n|-supereffective|p2a: Sinistcha|1\n|-damage|p2a: Sinistcha|0 fnt\n|faint|p2a: Sinistcha\n|-damage|p1a: Staraptor|0 fnt|[from] Recoil\n|faint|p1a: Staraptor\n|move|p1b: Tyranitar|Lash Out|p2b: Blastoise\n|-activate|p2b: Blastoise|move: Protect\n|\n|-weather|Sandstorm|[upkeep]\n|-damage|p2b: Blastoise|32/100|[from] Sandstorm\n|-sideend|p1: MinasDevilCrobats|move: Tailwind\n|upkeep\n|\n|t:|1788437368\n|switch|p1a: Grimmsnarl|Grimmsnarl, L50, M|36/100\n|switch|p2a: Sneasler|Sneasler, L50, F|100/100\n|turn|5\n|inactive|MinasDevilCrobats has 30 seconds left.\n|inactive|Nonnyvibrant has 30 seconds left.\n|\n|t:|1788437402\n|switch|p2b: Incineroar|Incineroar, L50, M|81/100\n|-ability|p2b: Incineroar|Intimidate|boost\n|-unboost|p1a: Grimmsnarl|atk|1\n|-unboost|p1b: Tyranitar|atk|1\n|move|p1b: Tyranitar|Protect|p1b: Tyranitar\n|-singleturn|p1b: Tyranitar|Protect\n|move|p2a: Sneasler|Fake Out|p1a: Grimmsnarl\n|-damage|p1a: Grimmsnarl|20/100y\n|-status|p1a: Grimmsnarl|psn|[from] ability: Poison Touch|[of] p2a: Sneasler\n|cant|p1a: Grimmsnarl|flinch\n|\n|-weather|Sandstorm|[upkeep]\n|-damage|p2a: Sneasler|94/100|[from] Sandstorm\n|-damage|p2b: Incineroar|75/100|[from] Sandstorm\n|-damage|p1a: Grimmsnarl|14/100 psn|[from] Sandstorm\n|-damage|p1a: Grimmsnarl|2/100 psn|[from] psn\n|upkeep\n|turn|6\n|\n|t:|1788437424\n|switch|p1a: Excadrill|Excadrill, L50, F|100/100\n|move|p2b: Incineroar|Fake Out|p1a: Excadrill\n|-resisted|p1a: Excadrill|1\n|-damage|p1a: Excadrill|92/100\n|move|p2a: Sneasler|Close Combat|p1b: Tyranitar\n|-supereffective|p1b: Tyranitar|2\n|-damage|p1b: Tyranitar|0 fnt\n|-unboost|p2a: Sneasler|def|1\n|-unboost|p2a: Sneasler|spd|1\n|faint|p1b: Tyranitar\n|\n|-weather|Sandstorm|[upkeep]\n|-damage|p2a: Sneasler|88/100|[from] Sandstorm\n|-damage|p2b: Incineroar|69/100|[from] Sandstorm\n|upkeep\n|\n|t:|1788437432\n|switch|p1b: Grimmsnarl|Grimmsnarl, L50, M|2/100 psn\n|turn|7\n|inactive|Nonnyvibrant has 30 seconds left.\n|\n|t:|1788437462\n|switch|p2a: Blastoise|Blastoise-Mega, L50, M|32/100\n|move|p1b: Grimmsnarl|Reflect|p1b: Grimmsnarl\n|-sidestart|p1: MinasDevilCrobats|Reflect\n|move|p1a: Excadrill|High Horsepower|p2a: Blastoise\n|-damage|p2a: Blastoise|0 fnt\n|faint|p2a: Blastoise\n|-damage|p1a: Excadrill|82/100|[from] item: Life Orb\n|move|p2b: Incineroar|Parting Shot|p1a: Excadrill\n|-unboost|p1a: Excadrill|atk|1\n|-unboost|p1a: Excadrill|spa|1\n|\n|t:|1788437472\n|switch|p2b: Sneasler|Sneasler, L50, F|88/100|[from] Parting Shot\n|\n|-weather|none\n|-damage|p1b: Grimmsnarl|0 fnt|[from] psn\n|faint|p1b: Grimmsnarl\n|upkeep\n|\n|t:|1788437478\n|switch|p2a: Incineroar|Incineroar, L50, M|69/100\n|-ability|p2a: Incineroar|Intimidate|boost\n|-unboost|p1a: Excadrill|atk|1\n|turn|8\n|\n|t:|1788437485\n|move|p1a: Excadrill|Protect|p1a: Excadrill\n|-singleturn|p1a: Excadrill|Protect\n|move|p2a: Incineroar|Fake Out|p1a: Excadrill\n|-activate|p1a: Excadrill|move: Protect\n|move|p2b: Sneasler|Close Combat|p1a: Excadrill\n|-activate|p1a: Excadrill|move: Protect\n|\n|-sideend|p1: MinasDevilCrobats|move: Light Screen\n|upkeep\n|turn|9\n|\n|t:|1788437491\n|move|p2b: Sneasler|Close Combat|p1a: Excadrill\n|-supereffective|p1a: Excadrill|1\n|-damage|p1a: Excadrill|0 fnt\n|-unboost|p2b: Sneasler|def|1\n|-unboost|p2b: Sneasler|spd|1\n|faint|p1a: Excadrill\n|\n|win|Nonnyvibrant\n||MinasDevilCrobats is ready for game 3.\n","uploadtime":1788437499,"views":"4","formatid":"gen9championsvgc2026regmbbo3","rating":null,"private":0,"password":null}