{"id":"gen9championsvgc2026regmbbo3-2674012094","format":"[Gen 9 Champions] VGC 2026 Reg M-B (Bo3)","players":["imshithaha","SwervePR"],"log":"|j|☆imshithaha\n|j|☆SwervePR\n|html|<table width=\"100%\"><tr><td align=\"left\">imshithaha</td><td align=\"right\">SwervePR</tr><tr><td align=\"left\"><i class=\"fa fa-circle-o\"></i> <i class=\"fa fa-circle-o\"></i> </td><td align=\"right\"><i class=\"fa fa-circle-o\"></i> <i class=\"fa fa-circle\"></i> </tr></table>\n|uhtml|bestof|<h2><strong>Game 2</strong> of <a href=\"/game-bestof3-gen9championsvgc2026regmbbo3-2674009920\">a best-of-3</a></h2>\n|t:|1788288051\n|gametype|doubles\n|player|p1|imshithaha|170|1053\n|player|p2|SwervePR|bellelba|1152\n|gen|9\n|tier|[Gen 9 Champions] VGC 2026 Reg M-B (Bo3)\n|rated|\n|rule|Species Clause: Limit one of each Pokémon\n|rule|Item Clause: Limit 1 of each item\n|clearpoke\n|poke|p1|Froslass, L50, F|\n|poke|p1|Sneasler, L50, F|\n|poke|p1|Arcanine-Hisui, L50, F|\n|poke|p1|Dragonite, L50, M|\n|poke|p1|Kingambit, L50, M|\n|poke|p1|Basculegion, L50, M|\n|poke|p2|Froslass, L50, F|\n|poke|p2|Scovillain, L50, M|\n|poke|p2|Lycanroc-Dusk, L50, F|\n|poke|p2|Sneasler, L50, F|\n|poke|p2|Kingambit, L50, F|\n|poke|p2|Basculegion, L50, M|\n|teampreview|4\n|showteam|p1|Froslass||Froslassite|CursedBody|Protect,Blizzard,ShadowBall,Taunt|Modest||F|||50|]Sneasler||WhiteHerb|Unburden|FakeOut,CloseCombat,DireClaw,Protect|Adamant||F|||50|]Arcanine-Hisui||FocusSash|RockHead|Protect,HeadSmash,FlareBlitz,ExtremeSpeed|Jolly||F|||50|]Dragonite||LifeOrb|InnerFocus|Protect,DragonClaw,ExtremeSpeed,LowKick|Adamant||M|||50|]Kingambit||ChopleBerry|Defiant|Protect,KowtowCleave,SuckerPunch,IronHead|Brave||M|||50|]Basculegion||ChoiceScarf|Adaptability|LastRespects,WaveCrash,AquaJet,FlipTurn|Jolly||M|||50|\n|showteam|p2|Froslass||Froslassite|SnowCloak|Blizzard,ShadowBall,AuroraVeil,Protect|Modest||F|||50|]Scovillain||Scovillainite|Chlorophyll|GigaDrain,Overheat,Protect,RagePowder|Bold||M|||50|]Lycanroc-Dusk||FocusSash|ToughClaws|Accelerock,CloseCombat,Protect,RockSlide|Adamant||F|||50|]Sneasler||WhiteHerb|Unburden|DireClaw,CloseCombat,Protect,FakeOut|Jolly||F|||50|]Kingambit||BlackGlasses|Defiant|KowtowCleave,SuckerPunch,SwordsDance,Protect|Adamant||F|||50|]Basculegion||LifeOrb|Adaptability|AquaJet,WaveCrash,LastRespects,Protect|Adamant||M|||50|\n|\n|t:|1788288069\n|teamsize|p1|4\n|teamsize|p2|4\n|start\n|switch|p1a: Froslass|Froslass, L50, F|100/100\n|switch|p1b: Arcanine|Arcanine-Hisui, L50, F|100/100\n|switch|p2a: Milk Hater|Scovillain, L50, M|100/100\n|switch|p2b: R.I.P. Tide|Basculegion, L50, M|100/100\n|turn|1\n|\n|t:|1788288097\n|detailschange|p1a: Froslass|Froslass-Mega, L50, F\n|-mega|p1a: Froslass|Froslass|Froslassite\n|-weather|Snowscape|[from] ability: Snow Warning|[of] p1a: Froslass\n|detailschange|p2a: Milk Hater|Scovillain-Mega, L50, M\n|-mega|p2a: Milk Hater|Scovillain|Scovillainite\n|move|p2b: R.I.P. Tide|Aqua Jet|p1b: Arcanine\n|-supereffective|p1b: Arcanine|2\n|-enditem|p1b: Arcanine|Focus Sash\n|-damage|p1b: Arcanine|1/100\n|-damage|p2b: R.I.P. Tide|90/100|[from] item: Life Orb\n|move|p1a: Froslass|Blizzard|p2b: R.I.P. Tide|[spread] p2a,p2b\n|-resisted|p2b: R.I.P. Tide|1\n|-damage|p2a: Milk Hater|56/100\n|-damage|p2b: R.I.P. Tide|64/100\n|-status|p1a: Froslass|brn|[from] ability: Spicy Spray|[of] p2a: Milk Hater\n|move|p1b: Arcanine|Head Smash|p2b: R.I.P. Tide\n|-damage|p2b: R.I.P. Tide|0 fnt\n|faint|p2b: R.I.P. Tide\n|move|p2a: Milk Hater|Overheat|p1a: Froslass\n|-supereffective|p1a: Froslass|1\n|-damage|p1a: Froslass|0 fnt\n|-unboost|p2a: Milk Hater|spa|2\n|faint|p1a: Froslass\n|\n|-weather|Snowscape|[upkeep]\n|upkeep\n|\n|t:|1788288121\n|switch|p1a: Sneasler|Sneasler, L50, F|100/100\n|switch|p2b: Alysa Kujuo|Froslass, L50, F|100/100\n|turn|2\n|\n|t:|1788288134\n|move|p1b: Arcanine|Protect|p1b: Arcanine\n|-singleturn|p1b: Arcanine|Protect\n|move|p2a: Milk Hater|Rage Powder|p2a: Milk Hater\n|-singleturn|p2a: Milk Hater|move: Rage Powder\n|move|p1a: Sneasler|Dire Claw|p2a: Milk Hater\n|-supereffective|p2a: Milk Hater|1\n|-damage|p2a: Milk Hater|0 fnt\n|-status|p1a: Sneasler|brn|[from] ability: Spicy Spray|[of] p2a: Milk Hater\n|faint|p2a: Milk Hater\n|move|p2b: Alysa Kujuo|Blizzard|p1b: Arcanine|[spread] p1a\n|-activate|p1b: Arcanine|move: Protect\n|-damage|p1a: Sneasler|63/100 brn\n|\n|-weather|Snowscape|[upkeep]\n|-damage|p1a: Sneasler|56/100 brn|[from] brn\n|upkeep\n|\n|t:|1788288144\n|switch|p2a: Prophylaxis|Kingambit, L50, F|100/100\n|turn|3\n|\n|t:|1788288160\n|move|p2a: Prophylaxis|Protect|p2a: Prophylaxis\n|-singleturn|p2a: Prophylaxis|Protect\n|move|p1a: Sneasler|Close Combat|p2a: Prophylaxis\n|-activate|p2a: Prophylaxis|move: Protect\n|move|p2b: Alysa Kujuo|Blizzard|p1b: Arcanine|[spread] p1a,p1b\n|-resisted|p1b: Arcanine|1\n|-damage|p1a: Sneasler|17/100 brn\n|-damage|p1b: Arcanine|0 fnt\n|faint|p1b: Arcanine\n|\n|-weather|Snowscape|[upkeep]\n|-damage|p1a: Sneasler|11/100 brn|[from] brn\n|upkeep\n|\n|t:|1788288174\n|switch|p1b: Dragonite|Dragonite, L50, M|100/100\n|turn|4\n|\n|t:|1788288197\n|move|p1a: Sneasler|Protect|p1a: Sneasler\n|-singleturn|p1a: Sneasler|Protect\n|move|p2a: Prophylaxis|Sucker Punch||[still]\n|-fail|p2a: Prophylaxis\n|move|p2b: Alysa Kujuo|Blizzard|p1a: Sneasler|[spread] p1b\n|-activate|p1a: Sneasler|move: Protect\n|-supereffective|p1b: Dragonite|2\n|-damage|p1b: Dragonite|0 fnt\n|faint|p1b: Dragonite\n|\n|-weather|Snowscape|[upkeep]\n|-damage|p1a: Sneasler|5/100 brn|[from] brn\n|upkeep\n|turn|5\n|-message|imshithaha forfeited.\n|raw|imshithaha's rating: 1053 &rarr; <strong>1040</strong><br />(-13 for losing)\n|raw|SwervePR's rating: 1152 &rarr; <strong>1170</strong><br />(+18 for winning)\n|\n|win|SwervePR\n|l|☆imshithaha\n|player|p1|\n|l|☆SwervePR\n|player|p2|\n|j|☆SwervePR\n|player|p2|SwervePR|bellelba|\n","uploadtime":1788288218,"views":"12","formatid":"gen9championsvgc2026regmbbo3","rating":1040,"private":0,"password":null}