{"id":"gen9championsvgc2026regmb-2674056020","format":"[Gen 9 Champions] VGC 2026 Reg M-B","players":["Rose Gold Joint","Elektriktoad2"],"log":"|j|☆Rose Gold Joint\n|j|☆Elektriktoad2\n|t:|1788293331\n|gametype|doubles\n|player|p1|Rose Gold Joint|101|1589\n|player|p2|Elektriktoad2|janine|1841\n|gen|9\n|tier|[Gen 9 Champions] VGC 2026 Reg M-B\n|rated|\n|rule|Species Clause: Limit one of each Pokémon\n|rule|Item Clause: Limit 1 of each item\n|clearpoke\n|poke|p1|Gengar, L50, F|\n|poke|p1|Sylveon, L50, M|\n|poke|p1|Tsareena, L50, F|\n|poke|p1|Incineroar, L50, M|\n|poke|p1|Azumarill, L50, F|\n|poke|p1|Garchomp, L50, M|\n|poke|p2|Victreebel, L50, F|\n|poke|p2|Corviknight, L50, F|\n|poke|p2|Sneasler, L50, M|\n|poke|p2|Sableye, L50, M|\n|poke|p2|Kingambit, L50, F|\n|poke|p2|Raichu, L50, F|\n|teampreview|4\n|\n|t:|1788293382\n|teamsize|p1|4\n|teamsize|p2|4\n|start\n|switch|p1a: Gengar|Gengar, L50, F|100/100\n|switch|p1b: Incineroar|Incineroar, L50, M|100/100\n|switch|p2a: Victreebel|Victreebel, L50, F|100/100\n|switch|p2b: Kingambit|Kingambit, L50, F|100/100\n|-ability|p1b: Incineroar|Intimidate|boost\n|-unboost|p2a: Victreebel|atk|1\n|-unboost|p2b: Kingambit|atk|1\n|-ability|p2b: Kingambit|Defiant|boost\n|-boost|p2b: Kingambit|atk|2\n|turn|1\n|\n|t:|1788293390\n|switch|p2b: Sableye|Sableye, L50, M|100/100\n|detailschange|p1a: Gengar|Gengar-Mega, L50, F\n|-mega|p1a: Gengar|Gengar|Gengarite\n|detailschange|p2a: Victreebel|Victreebel-Mega, L50, F\n|-mega|p2a: Victreebel|Victreebel|Victreebelite\n|move|p1b: Incineroar|Fake Out|p2b: Sableye\n|-immune|p2b: Sableye\n|move|p1a: Gengar|Perish Song|p1a: Gengar\n|-start|p1a: Gengar|perish3|[silent]\n|-start|p1b: Incineroar|perish3|[silent]\n|-start|p2a: Victreebel|perish3|[silent]\n|-start|p2b: Sableye|perish3|[silent]\n|-fieldactivate|move: Perish Song\n|move|p2a: Victreebel|Sludge Bomb|p1b: Incineroar\n|-damage|p1b: Incineroar|56/100\n|-status|p1b: Incineroar|psn\n|\n|-damage|p1b: Incineroar|44/100 psn|[from] psn\n|-start|p1a: Gengar|perish3\n|-start|p2a: Victreebel|perish3\n|-start|p1b: Incineroar|perish3\n|-start|p2b: Sableye|perish3\n|upkeep\n|-enditem|p1b: Incineroar|Sitrus Berry|[eat]\n|-heal|p1b: Incineroar|69/100 psn|[from] item: Sitrus Berry\n|turn|2\n|\n|t:|1788293420\n|move|p2b: Sableye|Encore|p1a: Gengar\n|-start|p1a: Gengar|Encore\n|move|p1a: Gengar|Perish Song||[still]\n|-fail|p1a: Gengar\n|move|p2a: Victreebel|Sludge Bomb|p1b: Incineroar\n|-damage|p1b: Incineroar|28/100 psn\n|move|p1b: Incineroar|Parting Shot|p2a: Victreebel\n|-unboost|p2a: Victreebel|atk|1\n|-unboost|p2a: Victreebel|spa|1\n|\n|t:|1788293450\n|switch|p1b: Tsareena|Tsareena, L50, F|100/100|[from] Parting Shot\n|\n|-start|p1a: Gengar|perish2\n|-start|p2a: Victreebel|perish2\n|-start|p2b: Sableye|perish2\n|upkeep\n|turn|3\n|\n|t:|1788293472\n|switch|p2b: Kingambit|Kingambit, L50, F|100/100\n|move|p1b: Tsareena|Protect|p1b: Tsareena\n|-singleturn|p1b: Tsareena|Protect\n|move|p1a: Gengar|Perish Song|p1a: Gengar\n|-start|p1b: Tsareena|perish3|[silent]\n|-start|p2b: Kingambit|perish3|[silent]\n|-fieldactivate|move: Perish Song\n|move|p2a: Victreebel|Sludge Bomb|p1b: Tsareena\n|-activate|p1b: Tsareena|move: Protect\n|\n|-start|p1a: Gengar|perish1\n|-start|p1b: Tsareena|perish3\n|-start|p2a: Victreebel|perish1\n|-start|p2b: Kingambit|perish3\n|upkeep\n|turn|4\n|\n|t:|1788293515\n|switch|p1a: Incineroar|Incineroar, L50, M|28/100 psn\n|-ability|p1a: Incineroar|Intimidate|boost\n|-unboost|p2a: Victreebel|atk|1\n|-unboost|p2b: Kingambit|atk|1\n|-ability|p2b: Kingambit|Defiant|boost\n|-boost|p2b: Kingambit|atk|2\n|switch|p1b: Garchomp|Garchomp, L50, M|100/100\n|move|p2a: Victreebel|Sludge Bomb|p1a: Incineroar\n|-damage|p1a: Incineroar|2/100 psn\n|move|p2b: Kingambit|Iron Head|p1b: Garchomp\n|-damage|p1b: Garchomp|27/100\n|-damage|p2b: Kingambit|87/100|[from] ability: Rough Skin|[of] p1b: Garchomp\n|\n|-damage|p1a: Incineroar|0 fnt|[from] psn\n|faint|p1a: Incineroar\n|-start|p2a: Victreebel|perish0\n|-start|p2b: Kingambit|perish2\n|faint|p2a: Victreebel\n|upkeep\n|\n|t:|1788293558\n|switch|p2a: Sableye|Sableye, L50, M|100/100\n|switch|p1a: Tsareena|Tsareena, L50, F|100/100\n|turn|5\n|\n|t:|1788293592\n|switch|p1b: Gengar|Gengar-Mega, L50, F|100/100\n|switch|p2b: Sneasler|Sneasler, L50, M|100/100\n|move|p1a: Tsareena|High Jump Kick|p2b: Sneasler\n|-resisted|p2b: Sneasler|1\n|-damage|p2b: Sneasler|59/100\n|move|p2a: Sableye|Foul Play|p1b: Gengar\n|-supereffective|p1b: Gengar|1\n|-damage|p1b: Gengar|37/100\n|\n|upkeep\n|turn|6\n|\n|t:|1788293642\n|move|p1b: Gengar|Shadow Ball|p2a: Sableye\n|-crit|p2a: Sableye\n|-damage|p2a: Sableye|12/100\n|move|p2b: Sneasler|Dire Claw|p1a: Tsareena\n|-supereffective|p1a: Tsareena|1\n|-damage|p1a: Tsareena|2/100\n|-status|p1a: Tsareena|psn|[from] ability: Poison Touch|[of] p2b: Sneasler\n|move|p1a: Tsareena|Power Whip|p2a: Sableye\n|-damage|p2a: Sableye|0 fnt\n|faint|p2a: Sableye\n|\n|-damage|p1a: Tsareena|0 fnt|[from] psn\n|faint|p1a: Tsareena\n|upkeep\n|\n|t:|1788293654\n|switch|p1a: Garchomp|Garchomp, L50, M|27/100\n|switch|p2a: Kingambit|Kingambit, L50, F|87/100\n|turn|7\n|\n|t:|1788293687\n|move|p2b: Sneasler|Protect|p2b: Sneasler\n|-singleturn|p2b: Sneasler|Protect\n|move|p1a: Garchomp|Protect|p1a: Garchomp\n|-singleturn|p1a: Garchomp|Protect\n|move|p2a: Kingambit|Sucker Punch||[still]\n|-fail|p2a: Kingambit\n|move|p1b: Gengar|Disable|p2a: Kingambit\n|-start|p2a: Kingambit|Disable|Sucker Punch\n|\n|upkeep\n|turn|8\n|\n|t:|1788293738\n|move|p1b: Gengar|Shadow Ball|p2b: Sneasler\n|-damage|p2b: Sneasler|0 fnt\n|faint|p2b: Sneasler\n|move|p1a: Garchomp|Stomping Tantrum|p2a: Kingambit\n|-supereffective|p2a: Kingambit|1\n|-damage|p2a: Kingambit|18/100\n|-damage|p1a: Garchomp|17/100|[from] item: Life Orb\n|move|p2a: Kingambit|Kowtow Cleave|p1b: Gengar\n|-supereffective|p1b: Gengar|1\n|-damage|p1b: Gengar|0 fnt\n|faint|p1b: Gengar\n|\n|upkeep\n|turn|9\n|\n|t:|1788293750\n|move|p2a: Kingambit|Protect|p2a: Kingambit\n|-singleturn|p2a: Kingambit|Protect\n|move|p1a: Garchomp|Stomping Tantrum|p2a: Kingambit\n|-activate|p2a: Kingambit|move: Protect\n|\n|upkeep\n|turn|10\n|\n|t:|1788293759\n|move|p2a: Kingambit|Protect||[still]\n|-fail|p2a: Kingambit\n|move|p1a: Garchomp|Stomping Tantrum|p2a: Kingambit\n|-supereffective|p2a: Kingambit|1\n|-damage|p2a: Kingambit|0 fnt\n|faint|p2a: Kingambit\n|-damage|p1a: Garchomp|7/100|[from] item: Life Orb\n|\n|win|Rose Gold Joint\n|raw|Rose Gold Joint's rating: 1589 &rarr; <strong>1621</strong><br />(+32 for winning)\n|raw|Elektriktoad2's rating: 1841 &rarr; <strong>1809</strong><br />(-32 for losing)\n|l|☆Elektriktoad2\n|player|p2|\n","uploadtime":1788293787,"views":"4","formatid":"gen9championsvgc2026regmb","rating":1621,"private":0,"password":null}