{"id":"gen9championsvgc2026regmbbo3-2674788699","format":"[Gen 9 Champions] VGC 2026 Reg M-B (Bo3)","players":["mechabicho_14","teyvgc"],"log":"|j|☆mechabicho_14\n|j|☆teyvgc\n|html|<table width=\"100%\"><tr><td align=\"left\">mechabicho_14</td><td align=\"right\">teyvgc</tr><tr><td align=\"left\"><i class=\"fa fa-circle\"></i> <i class=\"fa fa-circle-o\"></i> </td><td align=\"right\"><i class=\"fa fa-circle-o\"></i> <i class=\"fa fa-circle\"></i> </tr></table>\n|uhtml|bestof|<h2><strong>Game 3</strong> of <a href=\"/game-bestof3-gen9championsvgc2026regmbbo3-2674786847\">a best-of-3</a></h2>\n|t:|1788407042\n|gametype|doubles\n|player|p1|mechabicho_14|169|1326\n|player|p2|teyvgc|rood|1368\n|gen|9\n|tier|[Gen 9 Champions] VGC 2026 Reg M-B (Bo3)\n|rated|\n|rule|Species Clause: Limit one of each Pokémon\n|rule|Item Clause: Limit 1 of each item\n|clearpoke\n|poke|p1|Milotic, L50, F|\n|poke|p1|Excadrill, L50, M|\n|poke|p1|Gholdengo, L50|\n|poke|p1|Sinistcha, L50|\n|poke|p1|Staraptor, L50, F|\n|poke|p1|Tyranitar, L50, F|\n|poke|p2|Delphox, L50, M|\n|poke|p2|Vanilluxe, L50, F|\n|poke|p2|Floette-Eternal, L50, F|\n|poke|p2|Sinistcha, L50|\n|poke|p2|Milotic, L50, M|\n|poke|p2|Incineroar, L50, M|\n|teampreview|4\n|showteam|p1|Milotic||SitrusBerry|Competitive|Protect,IcyWind,Scald,Recover|Modest||F|||50|]Excadrill||FocusSash|SandRush|Protect,HighHorsepower,RockSlide,IronHead|Adamant||M|||50|]Gholdengo||LifeOrb|GoodasGold|Protect,MakeItRain,ShadowBall,NastyPlot|Timid|||||50|]Sinistcha||ColburBerry|Hospitality|Protect,ShadowBall,MatchaGotcha,RagePowder|Calm|||||50|]Staraptor||Staraptite|Intimidate|Protect,CloseCombat,BraveBird,Tailwind|Jolly||F|||50|]Tyranitar||Tyranitarite|SandStream|Protect,RockSlide,KnockOff,LowKick|Adamant||F|||50|\n|showteam|p2|Delphox||Delphoxite|Blaze|HeatWave,Psychic,NastyPlot,Protect|Timid||M|||50|]Vanilluxe||ChoiceScarf|SnowWarning|Blizzard,FreezeDry,SheerCold,IcyWind|Timid||F|||50|]Floette-Eternal||Floettite|FlowerVeil|Protect,Moonblast,DazzlingGleam,CalmMind|Modest||F|||50|]Sinistcha||KasibBerry|Hospitality|LifeDew,RagePowder,MatchaGotcha,Protect|Bold|||||50|]Milotic||Leftovers|Competitive|Coil,Protect,MuddyWater,Hypnosis|Bold||M|||50|]Incineroar||SitrusBerry|Intimidate|FakeOut,PartingShot,FlareBlitz,DarkestLariat|Impish||M|||50|\n|\n|t:|1788407076\n|teamsize|p1|4\n|teamsize|p2|4\n|start\n|switch|p1a: Gholdengo|Gholdengo, L50|100/100\n|switch|p1b: Milotic|Milotic, L50, F|100/100\n|switch|p2a: Floette|Floette-Eternal, L50, F|100/100\n|switch|p2b: Sinistcha|Sinistcha, L50|100/100\n|turn|1\n|\n|t:|1788407093\n|detailschange|p2a: Floette|Floette-Mega, L50, F\n|-mega|p2a: Floette|Floette|Floettite\n|-ability|p2a: Floette|Fairy Aura\n|move|p2b: Sinistcha|Rage Powder|p2b: Sinistcha\n|-singleturn|p2b: Sinistcha|move: Rage Powder\n|move|p2a: Floette|Moonblast|p1a: Gholdengo\n|-resisted|p1a: Gholdengo|1\n|-damage|p1a: Gholdengo|63/100\n|move|p1a: Gholdengo|Nasty Plot|p1a: Gholdengo\n|-boost|p1a: Gholdengo|spa|2\n|move|p1b: Milotic|Icy Wind|p2a: Floette|[spread] p2a,p2b\n|-supereffective|p2b: Sinistcha|1\n|-damage|p2a: Floette|91/100\n|-damage|p2b: Sinistcha|77/100\n|-unboost|p2a: Floette|spe|1\n|-unboost|p2b: Sinistcha|spe|1\n|\n|upkeep\n|turn|2\n|\n|t:|1788407117\n|switch|p2a: Milotic|Milotic, L50, M|100/100\n|move|p2b: Sinistcha|Protect|p2b: Sinistcha\n|-singleturn|p2b: Sinistcha|Protect\n|move|p1a: Gholdengo|Make It Rain|p2a: Milotic|[spread] p2a\n|-activate|p2b: Sinistcha|move: Protect\n|-resisted|p2a: Milotic|1\n|-damage|p2a: Milotic|60/100\n|-unboost|p1a: Gholdengo|spa|2\n|-damage|p1a: Gholdengo|53/100|[from] item: Life Orb\n|move|p1b: Milotic|Icy Wind|p2a: Milotic|[spread] \n|-activate|p2b: Sinistcha|move: Protect\n|-miss|p1b: Milotic|p2a: Milotic\n|\n|-heal|p2a: Milotic|66/100|[from] item: Leftovers\n|upkeep\n|turn|3\n|\n|t:|1788407139\n|move|p1a: Gholdengo|Shadow Ball|p2b: Sinistcha\n|-supereffective|p2b: Sinistcha|1\n|-enditem|p2b: Sinistcha|Kasib Berry|[eat]\n|-enditem|p2b: Sinistcha|Kasib Berry|[weaken]\n|-damage|p2b: Sinistcha|24/100\n|-damage|p1a: Gholdengo|44/100|[from] item: Life Orb\n|move|p1b: Milotic|Scald|p2a: Milotic\n|-resisted|p2a: Milotic|1\n|-crit|p2a: Milotic\n|-damage|p2a: Milotic|50/100g\n|move|p2a: Milotic|Muddy Water|p1a: Gholdengo|[spread] p1a,p1b\n|-resisted|p1b: Milotic|1\n|-damage|p1a: Gholdengo|20/100y\n|-damage|p1b: Milotic|91/100\n|move|p2b: Sinistcha|Matcha Gotcha|p1a: Gholdengo|[spread] p1a,p1b\n|-resisted|p1a: Gholdengo|1\n|-supereffective|p1b: Milotic|1\n|-damage|p1a: Gholdengo|8/100\n|-heal|p2b: Sinistcha|30/100|[from] drain|[of] p1a: Gholdengo\n|-damage|p1b: Milotic|58/100\n|-heal|p2b: Sinistcha|49/100|[from] drain|[of] p1b: Milotic\n|\n|-heal|p2a: Milotic|56/100|[from] item: Leftovers\n|upkeep\n|turn|4\n|\n|t:|1788407163\n|move|p2b: Sinistcha|Rage Powder|p2b: Sinistcha\n|-singleturn|p2b: Sinistcha|move: Rage Powder\n|move|p1a: Gholdengo|Shadow Ball|p2b: Sinistcha\n|-supereffective|p2b: Sinistcha|1\n|-damage|p2b: Sinistcha|0 fnt\n|faint|p2b: Sinistcha\n|-damage|p1a: Gholdengo|0 fnt|[from] item: Life Orb\n|faint|p1a: Gholdengo\n|move|p1b: Milotic|Scald|p2a: Milotic\n|-resisted|p2a: Milotic|1\n|-crit|p2a: Milotic\n|-damage|p2a: Milotic|38/100\n|-status|p2a: Milotic|brn\n|move|p2a: Milotic|Muddy Water|p1b: Milotic\n|-resisted|p1b: Milotic|1\n|-damage|p1b: Milotic|48/100\n|-enditem|p1b: Milotic|Sitrus Berry|[eat]\n|-heal|p1b: Milotic|72/100|[from] item: Sitrus Berry\n|\n|-heal|p2a: Milotic|44/100 brn|[from] item: Leftovers\n|-damage|p2a: Milotic|38/100 brn|[from] brn\n|upkeep\n|\n|t:|1788407183\n|switch|p1a: Excadrill|Excadrill, L50, M|100/100\n|switch|p2b: Floette|Floette-Mega, L50, F|91/100\n|-ability|p2b: Floette|Fairy Aura\n|turn|5\n|\n|t:|1788407220\n|move|p2b: Floette|Protect|p2b: Floette\n|-singleturn|p2b: Floette|Protect\n|move|p1a: Excadrill|High Horsepower|p2a: Milotic\n|-damage|p2a: Milotic|0 fnt\n|faint|p2a: Milotic\n|move|p1b: Milotic|Scald|p2b: Floette\n|-activate|p2b: Floette|move: Protect\n|\n|upkeep\n|\n|t:|1788407225\n|switch|p2a: Incineroar|Incineroar, L50, M|100/100\n|-ability|p2a: Incineroar|Intimidate|boost\n|-unboost|p1a: Excadrill|atk|1\n|-unboost|p1b: Milotic|atk|1\n|-ability|p1b: Milotic|Competitive|boost\n|-boost|p1b: Milotic|spa|2\n|turn|6\n|\n|t:|1788407236\n|switch|p1a: Tyranitar|Tyranitar, L50, F|100/100\n|-weather|Sandstorm|[from] ability: Sand Stream|[of] p1a: Tyranitar\n|move|p1b: Milotic|Protect|p1b: Milotic\n|-singleturn|p1b: Milotic|Protect\n|move|p2a: Incineroar|Fake Out|p1a: Tyranitar\n|-resisted|p1a: Tyranitar|1\n|-damage|p1a: Tyranitar|95/100\n|move|p2b: Floette|Calm Mind|p2b: Floette\n|-boost|p2b: Floette|spa|1\n|-boost|p2b: Floette|spd|1\n|\n|-weather|Sandstorm|[upkeep]\n|-damage|p2b: Floette|85/100|[from] Sandstorm\n|-damage|p1b: Milotic|66/100|[from] Sandstorm\n|-damage|p2a: Incineroar|94/100|[from] Sandstorm\n|upkeep\n|turn|7\n|\n|t:|1788407288\n|detailschange|p1a: Tyranitar|Tyranitar-Mega, L50, F\n|-mega|p1a: Tyranitar|Tyranitar|Tyranitarite\n|move|p2b: Floette|Dazzling Gleam|p1a: Tyranitar|[spread] p1a,p1b\n|-supereffective|p1a: Tyranitar|1\n|-damage|p1a: Tyranitar|27/100\n|-damage|p1b: Milotic|17/100\n|move|p1a: Tyranitar|Rock Slide|p2b: Floette|[spread] p2a,p2b\n|-supereffective|p2a: Incineroar|1\n|-crit|p2a: Incineroar\n|-damage|p2a: Incineroar|10/100\n|-damage|p2b: Floette|47/100\n|-enditem|p2a: Incineroar|Sitrus Berry|[eat]\n|-heal|p2a: Incineroar|35/100|[from] item: Sitrus Berry\n|move|p1b: Milotic|Scald|p2a: Incineroar\n|-supereffective|p2a: Incineroar|1\n|-crit|p2a: Incineroar\n|-damage|p2a: Incineroar|0 fnt\n|faint|p2a: Incineroar\n|\n|-weather|Sandstorm|[upkeep]\n|-damage|p2b: Floette|42/100|[from] Sandstorm\n|-damage|p1b: Milotic|11/100|[from] Sandstorm\n|upkeep\n|turn|8\n|\n|t:|1788407302\n|move|p2b: Floette|Dazzling Gleam|p1a: Tyranitar|[spread] p1a,p1b\n|-supereffective|p1a: Tyranitar|1\n|-damage|p1a: Tyranitar|0 fnt\n|-damage|p1b: Milotic|0 fnt\n|faint|p1a: Tyranitar\n|faint|p1b: Milotic\n|\n|-weather|Sandstorm|[upkeep]\n|-damage|p2b: Floette|36/100|[from] Sandstorm\n|upkeep\n|\n|t:|1788407305\n|switch|p1b: Excadrill|Excadrill, L50, M|100/100\n|turn|9\n|\n|t:|1788407309\n|move|p2b: Floette|Protect|p2b: Floette\n|-singleturn|p2b: Floette|Protect\n|move|p1b: Excadrill|Iron Head|p2b: Floette\n|-activate|p2b: Floette|move: Protect\n|\n|-weather|Sandstorm|[upkeep]\n|-damage|p2b: Floette|30/100|[from] Sandstorm\n|upkeep\n|turn|10\n|\n|t:|1788407312\n|move|p2b: Floette|Protect|p2b: Floette\n|-singleturn|p2b: Floette|Protect\n|move|p1b: Excadrill|Iron Head|p2b: Floette\n|-activate|p2b: Floette|move: Protect\n|\n|-weather|none\n|upkeep\n|turn|11\n|\n|t:|1788407314\n|move|p2b: Floette|Moonblast|p1b: Excadrill\n|-resisted|p1b: Excadrill|1\n|-damage|p1b: Excadrill|32/100\n|move|p1b: Excadrill|Iron Head|p2b: Floette\n|-supereffective|p2b: Floette|1\n|-damage|p2b: Floette|0 fnt\n|faint|p2b: Floette\n|\n|win|mechabicho_14\n|raw|mechabicho_14's rating: 1326 &rarr; <strong>1348</strong><br />(+22 for winning)\n|raw|teyvgc's rating: 1368 &rarr; <strong>1346</strong><br />(-22 for losing)\n","uploadtime":1788407315,"views":"0","formatid":"gen9championsvgc2026regmbbo3","rating":1346,"private":0,"password":null}