{"id":"gen9championsvgc2026regmbbo3-2674794297","format":"[Gen 9 Champions] VGC 2026 Reg M-B (Bo3)","players":["Leialotyl","SenorFrosty"],"log":"|j|☆Leialotyl\n|j|☆SenorFrosty\n|html|<table width=\"100%\"><tr><td align=\"left\">Leialotyl</td><td align=\"right\">SenorFrosty</tr><tr><td align=\"left\"><i class=\"fa fa-circle\"></i> <i class=\"fa fa-circle-o\"></i> </td><td align=\"right\"><i class=\"fa fa-circle-o\"></i> <i class=\"fa fa-circle\"></i> </tr></table>\n|uhtml|bestof|<h2><strong>Game 3</strong> of <a href=\"/game-bestof3-gen9championsvgc2026regmbbo3-2674790134\">a best-of-3</a></h2>\n|t:|1788408097\n|gametype|doubles\n|player|p1|Leialotyl|101|\n|player|p2|SenorFrosty|gentleman-gen4|\n|gen|9\n|tier|[Gen 9 Champions] VGC 2026 Reg M-B (Bo3)\n|rule|Species Clause: Limit one of each Pokémon\n|rule|Item Clause: Limit 1 of each item\n|clearpoke\n|poke|p1|Metagross, L50, shiny|\n|poke|p1|Whimsicott, L50, F, shiny|\n|poke|p1|Basculegion, L50, M, shiny|\n|poke|p1|Sylveon, L50, F|\n|poke|p1|Chesnaught, L50, F, shiny|\n|poke|p1|Gliscor, L50, F, shiny|\n|poke|p2|Excadrill, L50, M|\n|poke|p2|Tyranitar, L50, F|\n|poke|p2|Sableye, L50, F|\n|poke|p2|Staraptor, L50, F|\n|poke|p2|Rotom-Wash, L50|\n|poke|p2|Oranguru, L50, M|\n|teampreview|4\n|showteam|p1|Metagross||Metagrossite|ClearBody|Protect,BodyPress,IronHead,PsychicFangs|Adamant|||||50|]Whimsicott||FocusSash|Prankster|Tailwind,Encore,Moonblast,Protect|Timid||F|||50|]Basculegion||MysticWater|Adaptability|AquaJet,LastRespects,Protect,WaveCrash|Adamant||M|||50|]Sylveon||FairyFeather|Pixilate|HyperVoice,QuickAttack,Detect,HyperBeam|Modest||F|||50|]Chesnaught||Leftovers|Bulletproof|SpikyShield,BodyPress,WideGuard,DrainPunch|Impish||F|||50|]Gliscor||BrightPowder|SandVeil|DualWingbeat,RockSlide,Earthquake,KnockOff|Adamant||F|||50|\n|showteam|p2|Excadrill||FocusSash|SandRush|RockSlide,IronHead,Earthquake,Protect|Adamant||M|||50|]Tyranitar||Tyranitarite|SandStream|IcePunch,KnockOff,Protect,RockSlide|Jolly||F|||50|]Sableye||MentalHerb|Prankster|SkillSwap,Snarl,PainSplit,Quash|Serious||F|||50|]Staraptor||SharpBeak|Intimidate|FinalGambit,Uturn,BraveBird,Protect|Jolly||F|||50|]Rotom-Wash||ChoiceScarf|Levitate|Thunder,HydroPump,WillOWisp,VoltSwitch|Timid|||||50|]Oranguru||Leftovers|Telepathy|Imprison,TrickRoom,AfterYou,Protect|Serious||M|||50|\n|\n|t:|1788408131\n|teamsize|p1|4\n|teamsize|p2|4\n|start\n|switch|p1a: Sylveon|Sylveon, L50, F|100/100\n|switch|p1b: Whimsicott|Whimsicott, L50, F, shiny|100/100\n|switch|p2a: Sableye|Sableye, L50, F|100/100\n|switch|p2b: Staraptor|Staraptor, L50, F|100/100\n|-ability|p2b: Staraptor|Intimidate|boost\n|-unboost|p1a: Sylveon|atk|1\n|-unboost|p1b: Whimsicott|atk|1\n|turn|1\n|\n|t:|1788408155\n|move|p1a: Sylveon|Detect|p1a: Sylveon\n|-singleturn|p1a: Sylveon|Protect\n|move|p1b: Whimsicott|Tailwind|p1b: Whimsicott\n|-sidestart|p1: Leialotyl|move: Tailwind\n|move|p2a: Sableye|Skill Swap|p1a: Sylveon\n|-activate|p1a: Sylveon|move: Protect\n|move|p2b: Staraptor|Brave Bird|p1b: Whimsicott\n|-supereffective|p1b: Whimsicott|1\n|-enditem|p1b: Whimsicott|Focus Sash\n|-damage|p1b: Whimsicott|1/100\n|-damage|p2b: Staraptor|76/100|[from] Recoil\n|\n|upkeep\n|turn|2\n|\n|t:|1788408186\n|move|p1b: Whimsicott|Encore|p2b: Staraptor\n|-start|p2b: Staraptor|Encore\n|move|p2a: Sableye|Skill Swap|p1a: Sylveon\n|-activate|p2a: Sableye|Skill Swap|Pixilate|Prankster|[of] p1a: Sylveon\n|move|p2b: Staraptor|Brave Bird|p1b: Whimsicott\n|-supereffective|p1b: Whimsicott|1\n|-damage|p1b: Whimsicott|0 fnt\n|faint|p1b: Whimsicott\n|-damage|p2b: Staraptor|76/100|[from] Recoil\n|move|p1a: Sylveon|Hyper Voice|p2a: Sableye|[spread] p2b\n|-immune|p2a: Sableye\n|-damage|p2b: Staraptor|42/100\n|\n|upkeep\n|\n|t:|1788408203\n|switch|p1b: Basculegion|Basculegion, L50, M, shiny|100/100\n|turn|3\n|\n|t:|1788408229\n|move|p1b: Basculegion|Aqua Jet|p2b: Staraptor\n|-damage|p2b: Staraptor|1/100\n|move|p1a: Sylveon|Quick Attack|p2b: Staraptor\n|-damage|p2b: Staraptor|0 fnt\n|faint|p2b: Staraptor\n|move|p2a: Sableye|Quash||[still]\n|-fail|p2a: Sableye\n|\n|upkeep\n|\n|t:|1788408240\n|switch|p2b: Tyranitar|Tyranitar, L50, F|100/100\n|-weather|Sandstorm|[from] ability: Sand Stream|[of] p2b: Tyranitar\n|turn|4\n|\n|t:|1788408267\n|switch|p1a: Metagross|Metagross, L50, shiny|100/100\n|switch|p2a: Excadrill|Excadrill, L50, M|100/100\n|detailschange|p2b: Tyranitar|Tyranitar-Mega, L50, F\n|-mega|p2b: Tyranitar|Tyranitar|Tyranitarite\n|move|p1b: Basculegion|Wave Crash|p2b: Tyranitar\n|-supereffective|p2b: Tyranitar|1\n|-damage|p2b: Tyranitar|0 fnt\n|faint|p2b: Tyranitar\n|-damage|p1b: Basculegion|70/100|[from] Recoil\n|\n|-weather|Sandstorm|[upkeep]\n|-damage|p1b: Basculegion|64/100|[from] Sandstorm\n|-sideend|p1: Leialotyl|move: Tailwind\n|upkeep\n|\n|t:|1788408280\n|switch|p2b: Sableye|Sableye, L50, F|100/100\n|turn|5\n|\n|t:|1788408302\n|detailschange|p1a: Metagross|Metagross-Mega, L50, shiny\n|-mega|p1a: Metagross|Metagross|Metagrossite\n|move|p1b: Basculegion|Protect|p1b: Basculegion\n|-singleturn|p1b: Basculegion|Protect\n|move|p2b: Sableye|Quash|p1b: Basculegion\n|-activate|p1b: Basculegion|move: Protect\n|move|p2a: Excadrill|Earthquake|p1b: Basculegion|[spread] p2b,p1a\n|-activate|p1b: Basculegion|move: Protect\n|-supereffective|p1a: Metagross|1\n|-damage|p2b: Sableye|41/100\n|-damage|p1a: Metagross|33/100\n|move|p1a: Metagross|Iron Head|p2b: Sableye\n|-damage|p2b: Sableye|0 fnt\n|faint|p2b: Sableye\n|\n|-weather|Sandstorm|[upkeep]\n|-damage|p1b: Basculegion|58/100|[from] Sandstorm\n|upkeep\n|turn|6\n|\n|t:|1788408328\n|move|p2a: Excadrill|Earthquake|p1a: Metagross|[spread] p1a,p1b\n|-supereffective|p1a: Metagross|1\n|-damage|p1a: Metagross|0 fnt\n|-damage|p1b: Basculegion|4/100\n|faint|p1a: Metagross\n|move|p1b: Basculegion|Wave Crash|p2a: Excadrill\n|-supereffective|p2a: Excadrill|1\n|-enditem|p2a: Excadrill|Focus Sash\n|-damage|p2a: Excadrill|1/100\n|-damage|p1b: Basculegion|0 fnt|[from] Recoil\n|faint|p1b: Basculegion\n|\n|-weather|Sandstorm|[upkeep]\n|upkeep\n|\n|t:|1788408341\n|switch|p1a: Sylveon|Sylveon, L50, F|100/100\n|turn|7\n|\n|t:|1788408346\n|move|p1a: Sylveon|Quick Attack|p2a: Excadrill\n|-resisted|p2a: Excadrill|1\n|-damage|p2a: Excadrill|0 fnt\n|faint|p2a: Excadrill\n|\n|win|Leialotyl\n|l|☆SenorFrosty\n|player|p2|\n","uploadtime":1788408476,"views":"18","formatid":"gen9championsvgc2026regmbbo3","rating":null,"private":0,"password":null}