{"id":"gen9championsvgc2026regmb-2674252720","format":"[Gen 9 Champions] VGC 2026 Reg M-B","players":["tajin buu","Thornlace48812"],"log":"|j|☆tajin buu\n|j|☆Thornlace48812\n|t:|1788323918\n|gametype|doubles\n|player|p1|tajin buu|shadowtriad|1113\n|player|p2|Thornlace48812|1|1083\n|gen|9\n|tier|[Gen 9 Champions] VGC 2026 Reg M-B\n|rated|\n|rule|Species Clause: Limit one of each Pokémon\n|rule|Item Clause: Limit 1 of each item\n|clearpoke\n|poke|p1|Dragonite, L50, M, shiny|\n|poke|p1|Whimsicott, L50, M|\n|poke|p1|Blastoise, L50, F, shiny|\n|poke|p1|Farigiraf, L50, M|\n|poke|p1|Gholdengo, L50|\n|poke|p1|Arcanine-Hisui, L50, M, shiny|\n|poke|p2|Garchomp, L50, F|\n|poke|p2|Charizard, L50, F|\n|poke|p2|Whimsicott, L50, M|\n|poke|p2|Sylveon, L50, M|\n|poke|p2|Kingambit, L50, F|\n|poke|p2|Basculegion, L50, M|\n|teampreview|4\n|inactive|Battle timer is ON: inactive players will automatically lose when time's up. (requested by Thornlace48812)\nThornlace48812 rejected open team sheets.\n|inactive|tajin buu has 60 seconds left.\n|\n|t:|1788323975\n|teamsize|p1|4\n|teamsize|p2|4\n|start\n|switch|p1a: Dragonite|Dragonite, L50, M, shiny|100/100\n|switch|p1b: Whimsicott|Whimsicott, L50, M|100/100\n|switch|p2a: Charizard|Charizard, L50, F|100/100\n|switch|p2b: Sylveon|Sylveon, L50, M|100/100\n|turn|1\n|\n|t:|1788323987\n|detailschange|p2a: Charizard|Charizard-Mega-Y, L50, F\n|-mega|p2a: Charizard|Charizard|Charizardite Y\n|-weather|SunnyDay|[from] ability: Drought|[of] p2a: Charizard\n|detailschange|p1a: Dragonite|Dragonite-Mega, L50, M, shiny\n|-mega|p1a: Dragonite|Dragonite|Dragoninite\n|move|p1b: Whimsicott|Fake Tears|p2b: Sylveon\n|-unboost|p2b: Sylveon|spd|2\n|move|p2a: Charizard|Heat Wave|p1a: Dragonite|[spread] p1a\n|-miss|p2a: Charizard|p1b: Whimsicott\n|-resisted|p1a: Dragonite|1\n|-damage|p1a: Dragonite|86/100\n|move|p1a: Dragonite|Heat Wave|p2b: Sylveon|[spread] p2a,p2b\n|-resisted|p2a: Charizard|1\n|-damage|p2a: Charizard|78/100\n|-damage|p2b: Sylveon|38/100\n|move|p2b: Sylveon|Hyper Voice|p1b: Whimsicott|[spread] p1a,p1b\n|-supereffective|p1a: Dragonite|1\n|-damage|p1a: Dragonite|0 fnt\n|-damage|p1b: Whimsicott|24/100\n|faint|p1a: Dragonite\n|\n|-weather|SunnyDay|[upkeep]\n|upkeep\n|\n|t:|1788324008\n|switch|p1a: Arcanine|Arcanine-Hisui, L50, M, shiny|100/100\n|turn|2\n|\n|t:|1788324032\n|move|p2a: Charizard|Protect|p2a: Charizard\n|-singleturn|p2a: Charizard|Protect\n|move|p1a: Arcanine|Rock Slide|p2b: Sylveon|[spread] \n|-activate|p2a: Charizard|move: Protect\n|-miss|p1a: Arcanine|p2b: Sylveon\n|move|p1b: Whimsicott|Moonblast|p2b: Sylveon\n|-damage|p2b: Sylveon|0 fnt\n|faint|p2b: Sylveon\n|\n|-weather|SunnyDay|[upkeep]\n|upkeep\n|\n|t:|1788324032\n|switch|p2b: Kingambit|Kingambit, L50, F|100/100\n|-activate|p2b: Kingambit|ability: Supreme Overlord\n|-start|p2b: Kingambit|fallen1|[silent]\n|turn|3\n|\n|t:|1788324047\n|move|p1a: Arcanine|Rock Slide|p2b: Kingambit|[spread] p2a,p2b\n|-supereffective|p2a: Charizard|2\n|-resisted|p2b: Kingambit|1\n|-damage|p2a: Charizard|0 fnt\n|-damage|p2b: Kingambit|86/100\n|faint|p2a: Charizard\n|move|p1b: Whimsicott|Moonblast|p2b: Kingambit\n|-damage|p2b: Kingambit|43/100\n|move|p2b: Kingambit|Kowtow Cleave|p1a: Arcanine\n|-damage|p1a: Arcanine|19/100\n|\n|-weather|SunnyDay|[upkeep]\n|upkeep\n|\n|t:|1788324048\n|switch|p2a: Basculegion|Basculegion, L50, M|100/100\n|turn|4\n|\n|t:|1788324068\n|move|p2b: Kingambit|Sucker Punch|p1a: Arcanine\n|-crit|p1a: Arcanine\n|-damage|p1a: Arcanine|0 fnt\n|faint|p1a: Arcanine\n|move|p1b: Whimsicott|Moonblast|p2b: Kingambit\n|-damage|p2b: Kingambit|1/100\n|move|p2a: Basculegion|Last Respects|p1b: Whimsicott\n|-damage|p1b: Whimsicott|0 fnt\n|faint|p1b: Whimsicott\n|\n|-weather|SunnyDay|[upkeep]\n|upkeep\n|\n|t:|1788324077\n|switch|p1b: Gholdengo|Gholdengo, L50|100/100\n|turn|5\n|\n|t:|1788324082\n|move|p1b: Gholdengo|Make It Rain|p2b: Kingambit|[spread] p2b\n|-miss|p1b: Gholdengo|p2a: Basculegion\n|-resisted|p2b: Kingambit|1\n|-damage|p2b: Kingambit|0 fnt\n|-unboost|p1b: Gholdengo|spa|2\n|faint|p2b: Kingambit\n|-end|p2b: Kingambit|fallen1|[silent]\n|-damage|p1b: Gholdengo|90/100|[from] item: Life Orb\n|move|p2a: Basculegion|Last Respects|p1b: Gholdengo\n|-supereffective|p1b: Gholdengo|1\n|-crit|p1b: Gholdengo\n|-damage|p1b: Gholdengo|0 fnt\n|faint|p1b: Gholdengo\n|\n|win|Thornlace48812\n|raw|tajin buu's rating: 1113 &rarr; <strong>1084</strong><br />(-29 for losing)\n|raw|Thornlace48812's rating: 1051 &rarr; <strong>1089</strong><br />(+38 for winning)\n","uploadtime":1788324082,"views":"0","formatid":"gen9championsvgc2026regmb","rating":1084,"private":0,"password":null}