{"id":"gen9championsvgc2026regmb-2674044992","format":"[Gen 9 Champions] VGC 2026 Reg M-B","players":["igor vgc 22!","topougamer"],"log":"|j|☆igor vgc 22!\n|j|☆topougamer\n|html|<table width=\"100%\"><tr><td align=\"left\">igor vgc 22!</td><td align=\"right\">topougamer</tr><tr><td align=\"left\"><i class=\"fa fa-circle-o\"></i> <i class=\"fa fa-circle-o\"></i> </td><td align=\"right\"><i class=\"fa fa-circle-o\"></i> <i class=\"fa fa-circle-o\"></i> </tr></table>\n|uhtml|bestof|<h2><strong>Game 1</strong> of <a href=\"/game-bestof3-gen9championsvgc2026regmb-2674044991\">a best-of-3</a></h2>\n|t:|1788291989\n|gametype|doubles\n|player|p1|igor vgc 22!|clemont|\n|player|p2|topougamer|chuck|\n|gen|9\n|tier|[Gen 9 Champions] VGC 2026 Reg M-B\n|rated|Tournament battle\n|rule|Species Clause: Limit one of each Pokémon\n|rule|Item Clause: Limit 1 of each item\n|raw|<div class=\"infobox\"><details class=\"readmore\" open><summary><strong>2 custom rules:</strong></summary> Force Open Team Sheets, Best of = 3</details></div>\n|clearpoke\n|poke|p1|Floette-Eternal, L50, F|\n|poke|p1|Garchomp, L50, M, shiny|\n|poke|p1|Whimsicott, L50, M, shiny|\n|poke|p1|Basculegion, L50, M, shiny|\n|poke|p1|Charizard, L50, M, shiny|\n|poke|p1|Kingambit, L50, M, shiny|\n|poke|p2|Tyranitar, L50, M|\n|poke|p2|Staraptor, L50, F|\n|poke|p2|Whimsicott, L50, F|\n|poke|p2|Aegislash, L50, F|\n|poke|p2|Rotom-Wash, L50|\n|poke|p2|Garchomp, L50, F|\n|teampreview|4\n|showteam|p1|Floette-Eternal||Floettite|FlowerVeil|Moonblast,DazzlingGleam,LightofRuin,Protect|Timid||F|||50|]Garchomp||LifeOrb|RoughSkin|Protect,DragonClaw,RockSlide,Earthquake|Jolly||M|||50|]Whimsicott||FocusSash|Prankster|Tailwind,Encore,Moonblast,Protect|Timid||M|||50|]Basculegion||MysticWater|Adaptability|Protect,AquaJet,WaveCrash,LastRespects|Adamant||M|||50|]Charizard||CharizarditeY|Blaze|HeatWave,SolarBeam,WeatherBall,Protect|Modest||M|||50|]Kingambit||BlackGlasses|Defiant|Protect,SuckerPunch,KowtowCleave,IronHead|Adamant||M|||50|\n|showteam|p2|Tyranitar||Tyranitarite|SandStream|RockSlide,KnockOff,IcePunch,Protect|Adamant||M|||50|]Staraptor||Staraptite|Intimidate|CloseCombat,DualWingbeat,Roost,Protect|Jolly||F|||50|]Whimsicott||FocusSash|Prankster|Moonblast,Encore,Tailwind,Protect|Timid||F|||50|]Aegislash||Leftovers|StanceChange|FlashCannon,ShadowBall,KingsShield,WideGuard|Calm||F|||50|]Rotom-Wash||SitrusBerry|Levitate|HydroPump,Thunderbolt,WillOWisp,Discharge|Modest|||||50|]Garchomp||LifeOrb|RoughSkin|Earthquake,RockSlide,DragonClaw,Protect|Jolly||F|||50|\n|inactive|Battle timer is ON: inactive players will automatically lose when time's up. (requested by igor vgc 22!)\n|inactive|topougamer has 60 seconds left.\n|inactive|topougamer has 30 seconds left.\n|inactive|topougamer has 20 seconds left.\n|\n|t:|1788292062\n|teamsize|p1|4\n|teamsize|p2|4\n|start\n|switch|p1a: whimsy maxing|Whimsicott, L50, M, shiny|100/100\n|switch|p1b: fish|Basculegion, L50, M, shiny|100/100\n|switch|p2a: Aegislash|Aegislash, L50, F|100/100\n|switch|p2b: Garchomp|Garchomp, L50, F|100/100\n|turn|1\n|inactive|topougamer has 30 seconds left.\n|inactive|topougamer has 20 seconds left.\n|inactive|topougamer has 15 seconds left.\n|inactive|topougamer has 10 seconds left.\n|inactive|topougamer has 5 seconds left.\n|\n|t:|1788292113\n|move|p1b: fish|Protect|p1b: fish\n|-singleturn|p1b: fish|Protect\n|move|p1a: whimsy maxing|Tailwind|p1a: whimsy maxing\n|-sidestart|p1: igor vgc 22!|move: Tailwind\n|move|p2b: Garchomp|Rock Slide|p1a: whimsy maxing|[spread] \n|-activate|p1b: fish|move: Protect\n|-miss|p2b: Garchomp|p1a: whimsy maxing\n|-formechange|p2a: Aegislash|Aegislash-Blade|\n|move|p2a: Aegislash|Flash Cannon|p1a: whimsy maxing\n|-supereffective|p1a: whimsy maxing|1\n|-enditem|p1a: whimsy maxing|Focus Sash\n|-damage|p1a: whimsy maxing|1/100\n|\n|upkeep\n|turn|2\n|inactive|topougamer has 30 seconds left.\n|inactive|topougamer has 20 seconds left.\n|inactive|topougamer has 15 seconds left.\n|inactive|topougamer has 10 seconds left.\n|inactive|topougamer has 5 seconds left.\n|\n|t:|1788292165\n|switch|p1a: goatchomp|Garchomp, L50, M, shiny|100/100\n|switch|p2a: Tyranitar|Tyranitar, L50, M|100/100\n|-weather|Sandstorm|[from] ability: Sand Stream|[of] p2a: Tyranitar\n|move|p2b: Garchomp|Protect|p2b: Garchomp\n|-singleturn|p2b: Garchomp|Protect\n|move|p1b: fish|Wave Crash|p2b: Garchomp\n|-activate|p2b: Garchomp|move: Protect\n|\n|-weather|Sandstorm|[upkeep]\n|-damage|p1b: fish|94/100|[from] Sandstorm\n|upkeep\n|turn|3\n|inactive|topougamer has 30 seconds left.\n|inactive|topougamer has 20 seconds left.\n|inactive|topougamer has 15 seconds left.\n|inactive|topougamer has 10 seconds left.\n|\n|t:|1788292215\n|switch|p2b: Aegislash|Aegislash, L50, F|100/100\n|move|p2a: Tyranitar|Protect|p2a: Tyranitar\n|-singleturn|p2a: Tyranitar|Protect\n|move|p1a: goatchomp|Dragon Claw|p2b: Aegislash\n|-resisted|p2b: Aegislash|1\n|-damage|p2b: Aegislash|76/100\n|-damage|p1a: goatchomp|90/100|[from] item: Life Orb\n|move|p1b: fish|Wave Crash|p2a: Tyranitar\n|-activate|p2a: Tyranitar|move: Protect\n|\n|-weather|Sandstorm|[upkeep]\n|-damage|p1b: fish|88/100|[from] Sandstorm\n|-heal|p2b: Aegislash|82/100|[from] item: Leftovers\n|upkeep\n|turn|4\n|inactive|topougamer has 30 seconds left.\n|\n|t:|1788292240\n|detailschange|p2a: Tyranitar|Tyranitar-Mega, L50, M\n|-mega|p2a: Tyranitar|Tyranitar|Tyranitarite\n|move|p1a: goatchomp|Protect|p1a: goatchomp\n|-singleturn|p1a: goatchomp|Protect\n|move|p2b: Aegislash|Wide Guard|p2b: Aegislash\n|-singleturn|p2b: Aegislash|Wide Guard\n|move|p1b: fish|Wave Crash|p2a: Tyranitar\n|-supereffective|p2a: Tyranitar|1\n|-damage|p2a: Tyranitar|0 fnt\n|faint|p2a: Tyranitar\n|-damage|p1b: fish|59/100|[from] Recoil\n|\n|-weather|Sandstorm|[upkeep]\n|-damage|p1b: fish|53/100|[from] Sandstorm\n|-heal|p2b: Aegislash|88/100|[from] item: Leftovers\n|-sideend|p1: igor vgc 22!|move: Tailwind\n|upkeep\n|\n|t:|1788292247\n|switch|p2a: Whimsicott|Whimsicott, L50, F|100/100\n|turn|5\n|\n|t:|1788292258\n|switch|p1a: hatsune miku|Floette-Eternal, L50, F|100/100\n|move|p2a: Whimsicott|Tailwind|p2a: Whimsicott\n|-sidestart|p2: topougamer|move: Tailwind\n|-formechange|p2b: Aegislash|Aegislash-Blade|\n|move|p2b: Aegislash|Shadow Ball|p1b: fish\n|-supereffective|p1b: fish|1\n|-damage|p1b: fish|0 fnt\n|faint|p1b: fish\n|\n|-weather|Sandstorm|[upkeep]\n|-damage|p2a: Whimsicott|94/100|[from] Sandstorm\n|-damage|p1a: hatsune miku|94/100|[from] Sandstorm\n|-heal|p2b: Aegislash|94/100|[from] item: Leftovers\n|upkeep\n|\n|t:|1788292264\n|switch|p1b: whimsy maxing|Whimsicott, L50, M, shiny|1/100\n|turn|6\n|inactive|topougamer has 30 seconds left.\n|\n|t:|1788292299\n|detailschange|p1a: hatsune miku|Floette-Mega, L50, F\n|-mega|p1a: hatsune miku|Floette|Floettite\n|-ability|p1a: hatsune miku|Fairy Aura\n|-formechange|p2b: Aegislash|Aegislash|\n|move|p2b: Aegislash|King's Shield|p2b: Aegislash\n|-singleturn|p2b: Aegislash|Protect\n|move|p1b: whimsy maxing|Tailwind|p1b: whimsy maxing\n|-sidestart|p1: igor vgc 22!|move: Tailwind\n|move|p2a: Whimsicott|Moonblast|p1a: hatsune miku\n|-damage|p1a: hatsune miku|57/100\n|-unboost|p1a: hatsune miku|spa|1\n|move|p1a: hatsune miku|Moonblast|p2a: Whimsicott\n|-crit|p2a: Whimsicott\n|-damage|p2a: Whimsicott|0 fnt\n|faint|p2a: Whimsicott\n|\n|-weather|none\n|-heal|p2b: Aegislash|100/100|[from] item: Leftovers\n|upkeep\n|\n|t:|1788292312\n|switch|p2a: Garchomp|Garchomp, L50, F|100/100\n|turn|7\n|\n|t:|1788292330\n|move|p2a: Garchomp|Protect|p2a: Garchomp\n|-singleturn|p2a: Garchomp|Protect\n|move|p1b: whimsy maxing|Encore|p2b: Aegislash\n|-start|p2b: Aegislash|Encore\n|move|p2b: Aegislash|King's Shield||[still]\n|-fail|p2b: Aegislash\n|move|p1a: hatsune miku|Moonblast|p2a: Garchomp\n|-activate|p2a: Garchomp|move: Protect\n|\n|upkeep\n|turn|8\n|c|☆topougamer|gg\n|\n|t:|1788292352\n|switch|p1a: goatchomp|Garchomp, L50, M, shiny|90/100\n|move|p2b: Aegislash|King's Shield|p2b: Aegislash\n|-singleturn|p2b: Aegislash|Protect\n|move|p1b: whimsy maxing|Encore|p2a: Garchomp\n|-start|p2a: Garchomp|Encore\n|move|p2a: Garchomp|Protect||[still]\n|-fail|p2a: Garchomp\n|\n|-sideend|p2: topougamer|move: Tailwind\n|upkeep\n|turn|9\n|\n|t:|1788292361\n|move|p1b: whimsy maxing|Protect|p1b: whimsy maxing\n|-singleturn|p1b: whimsy maxing|Protect\n|move|p2a: Garchomp|Protect|p2a: Garchomp\n|-singleturn|p2a: Garchomp|Protect\n|move|p2b: Aegislash|King's Shield|p2b: Aegislash\n|-singleturn|p2b: Aegislash|Protect\n|move|p1a: goatchomp|Earthquake|p2a: Garchomp|[spread] \n|-activate|p1b: whimsy maxing|move: Protect\n|-activate|p2a: Garchomp|move: Protect\n|-activate|p2b: Aegislash|move: Protect\n|\n|-end|p2b: Aegislash|Encore\n|-sideend|p1: igor vgc 22!|move: Tailwind\n|upkeep\n|turn|10\n|\n|t:|1788292373\n|move|p2a: Garchomp|Protect||[still]\n|-fail|p2a: Garchomp\n|move|p2b: Aegislash|King's Shield||[still]\n|-fail|p2b: Aegislash\n|move|p1b: whimsy maxing|Encore|p2b: Aegislash\n|-start|p2b: Aegislash|Encore\n|move|p1a: goatchomp|Dragon Claw|p2a: Garchomp\n|-supereffective|p2a: Garchomp|1\n|-damage|p2a: Garchomp|0 fnt\n|-damage|p1a: goatchomp|77/100|[from] ability: Rough Skin|[of] p2a: Garchomp\n|faint|p2a: Garchomp\n|-damage|p1a: goatchomp|68/100|[from] item: Life Orb\n|\n|upkeep\n|turn|11\n|-message|topougamer forfeited.\n|\n|win|igor vgc 22!\n","uploadtime":1788292381,"views":"2","formatid":"gen9championsvgc2026regmb","rating":null,"private":0,"password":null}