{"id":"gen9championsvgc2026regmb-2674344637","format":"[Gen 9 Champions] VGC 2026 Reg M-B","players":["iMatCia","Punatulkku"],"log":"|j|☆iMatCia\n|j|☆Punatulkku\n|t:|1788345621\n|gametype|doubles\n|player|p1|iMatCia|169|1197\n|player|p2|Punatulkku|nate|1209\n|gen|9\n|tier|[Gen 9 Champions] VGC 2026 Reg M-B\n|rated|\n|rule|Species Clause: Limit one of each Pokémon\n|rule|Item Clause: Limit 1 of each item\n|clearpoke\n|poke|p1|Venusaur, L50, F, shiny|\n|poke|p1|Milotic, L50, M|\n|poke|p1|Sylveon, L50, F|\n|poke|p1|Corviknight, L50, F|\n|poke|p1|Excadrill, L50, M|\n|poke|p1|Tyranitar, L50, F|\n|poke|p2|Eelektross, L50, F|\n|poke|p2|Aerodactyl, L50, F|\n|poke|p2|Sylveon, L50, F|\n|poke|p2|Sinistcha, L50|\n|poke|p2|Basculegion, L50, M|\n|poke|p2|Charizard, L50, M|\n|teampreview|4\n|\n|t:|1788345643\n|teamsize|p1|4\n|teamsize|p2|4\n|start\n|switch|p1a: Venusaur|Venusaur, L50, F, shiny|100/100\n|switch|p1b: Sylveon|Sylveon, L50, F|100/100\n|switch|p2a: Sinistcha|Sinistcha, L50|100/100\n|switch|p2b: Basculegion|Basculegion, L50, M|100/100\n|turn|1\n|inactive|Battle timer is ON: inactive players will automatically lose when time's up. (requested by iMatCia)\n|\n|t:|1788345658\n|detailschange|p1a: Venusaur|Venusaur-Mega, L50, F, shiny\n|-mega|p1a: Venusaur|Venusaur|Venusaurite\n|move|p2b: Basculegion|Wave Crash|p1b: Sylveon\n|-damage|p1b: Sylveon|0 fnt\n|faint|p1b: Sylveon\n|-damage|p2b: Basculegion|69/100|[from] Recoil\n|-damage|p2b: Basculegion|59/100|[from] item: Life Orb\n|move|p1a: Venusaur|Giga Drain|p2b: Basculegion\n|-supereffective|p2b: Basculegion|1\n|-damage|p2b: Basculegion|0 fnt\n|faint|p2b: Basculegion\n|move|p2a: Sinistcha|Trick Room|p2a: Sinistcha\n|-fieldstart|move: Trick Room|[of] p2a: Sinistcha\n|\n|upkeep\n|\n|t:|1788345670\n|switch|p1b: Tyranitar|Tyranitar, L50, F|100/100\n|switch|p2b: Charizard|Charizard, L50, M|100/100\n|-weather|Sandstorm|[from] ability: Sand Stream|[of] p1b: Tyranitar\n|turn|2\n|\n|t:|1788345687\n|detailschange|p2b: Charizard|Charizard-Mega-Y, L50, M\n|-mega|p2b: Charizard|Charizard|Charizardite Y\n|-weather|SunnyDay|[from] ability: Drought|[of] p2b: Charizard\n|move|p1b: Tyranitar|Knock Off|p2a: Sinistcha\n|-supereffective|p2a: Sinistcha|1\n|-enditem|p2a: Sinistcha|Colbur Berry|[eat]\n|-enditem|p2a: Sinistcha|Colbur Berry|[weaken]\n|-damage|p2a: Sinistcha|52/100\n|move|p2a: Sinistcha|Matcha Gotcha|p1a: Venusaur|[spread] p1a,p1b\n|-resisted|p1a: Venusaur|2\n|-supereffective|p1b: Tyranitar|1\n|-damage|p1a: Venusaur|94/100\n|-heal|p2a: Sinistcha|55/100|[from] drain|[of] p1a: Venusaur\n|-damage|p1b: Tyranitar|50/100g\n|-heal|p2a: Sinistcha|84/100|[from] drain|[of] p1b: Tyranitar\n|move|p1a: Venusaur|Sludge Bomb|p2a: Sinistcha\n|-damage|p2a: Sinistcha|38/100\n|-status|p2a: Sinistcha|psn\n|move|p2b: Charizard|Heat Wave|p1a: Venusaur|[spread] p1a,p1b\n|-supereffective|p1a: Venusaur|1\n|-resisted|p1b: Tyranitar|1\n|-damage|p1a: Venusaur|45/100\n|-damage|p1b: Tyranitar|24/100\n|\n|-weather|SunnyDay|[upkeep]\n|-damage|p2a: Sinistcha|25/100 psn|[from] psn\n|upkeep\n|turn|3\n|inactive|iMatCia has 30 seconds left.\n|inactive|Punatulkku has 30 seconds left.\n|\n|t:|1788345716\n|move|p1b: Tyranitar|Rock Slide|p2a: Sinistcha|[spread] p2a,p2b\n|-supereffective|p2b: Charizard|2\n|-damage|p2a: Sinistcha|0 fnt\n|-damage|p2b: Charizard|0 fnt\n|faint|p2a: Sinistcha\n|faint|p2b: Charizard\n|move|p1a: Venusaur|Sludge Bomb|p2: Sinistcha|[notarget]\n|-fail|p1a: Venusaur\n|\n|-weather|SunnyDay|[upkeep]\n|upkeep\n|\n|t:|1788345720\n|switch|p2b: Sylveon|Sylveon, L50, F|100/100\n|turn|4\n|\n|t:|1788345732\n|switch|p1b: Excadrill|Excadrill, L50, M|100/100\n|move|p2b: Sylveon|Hyper Voice|p1b: Excadrill|[spread] p1a,p1b\n|-resisted|p1a: Venusaur|1\n|-resisted|p1b: Excadrill|1\n|-damage|p1a: Venusaur|24/100\n|-damage|p1b: Excadrill|69/100\n|move|p1a: Venusaur|Sludge Bomb|p2b: Sylveon\n|-supereffective|p2b: Sylveon|1\n|-damage|p2b: Sylveon|29/100\n|\n|-weather|SunnyDay|[upkeep]\n|upkeep\n|turn|5\n|inactive|Punatulkku has 30 seconds left.\n|inactive|Punatulkku has 20 seconds left.\n|inactive|Punatulkku has 15 seconds left.\n|inactive|Punatulkku has 10 seconds left.\n|inactive|Punatulkku has 5 seconds left.\n|\n|t:|1788345787\n|move|p1a: Venusaur|Protect|p1a: Venusaur\n|-singleturn|p1a: Venusaur|Protect\n|move|p1b: Excadrill|Protect|p1b: Excadrill\n|-singleturn|p1b: Excadrill|Protect\n|move|p2b: Sylveon|Quick Attack|p1b: Excadrill\n|-activate|p1b: Excadrill|move: Protect\n|\n|-weather|SunnyDay|[upkeep]\n|-fieldend|move: Trick Room\n|upkeep\n|turn|6\n|\n|t:|1788345796\n|move|p1b: Excadrill|Iron Head|p2b: Sylveon\n|-supereffective|p2b: Sylveon|1\n|-damage|p2b: Sylveon|0 fnt\n|faint|p2b: Sylveon\n|\n|win|iMatCia\n|raw|iMatCia's rating: 1197 &rarr; <strong>1223</strong><br />(+26 for winning)\n|raw|Punatulkku's rating: 1209 &rarr; <strong>1183</strong><br />(-26 for losing)\n|l|☆Punatulkku\n|player|p2|\n","uploadtime":1788345804,"views":"11","formatid":"gen9championsvgc2026regmb","rating":1183,"private":0,"password":null}