{"id":"gen9championsvgc2026regmbbo3-2674194509","format":"[Gen 9 Champions] VGC 2026 Reg M-B (Bo3)","players":["ignaa","we all love urshf"],"log":"|j|☆ignaa\n|j|☆we all love urshf\n|html|<table width=\"100%\"><tr><td align=\"left\">ignaa</td><td align=\"right\">we all love urshf</tr><tr><td align=\"left\"><i class=\"fa fa-circle-o\"></i> <i class=\"fa fa-circle-o\"></i> </td><td align=\"right\"><i class=\"fa fa-circle-o\"></i> <i class=\"fa fa-circle-o\"></i> </tr></table>\n|uhtml|bestof|<h2><strong>Game 1</strong> of <a href=\"/game-bestof3-gen9championsvgc2026regmbbo3-2674194508\">a best-of-3</a></h2>\n|t:|1788313493\n|gametype|doubles\n|player|p1|ignaa|pokefan-gen2|1215\n|player|p2|we all love urshf|ingo|1299\n|gen|9\n|tier|[Gen 9 Champions] VGC 2026 Reg M-B (Bo3)\n|rated|\n|rule|Species Clause: Limit one of each Pokémon\n|rule|Item Clause: Limit 1 of each item\n|clearpoke\n|poke|p1|Kingambit, L50, F, shiny|\n|poke|p1|Mawile, L50, F, shiny|\n|poke|p1|Kangaskhan, L50, F|\n|poke|p1|Torkoal, L50, F, shiny|\n|poke|p1|Gallade, L50, M, shiny|\n|poke|p1|Farigiraf, L50, F, shiny|\n|poke|p2|Charizard, L50, F|\n|poke|p2|Venusaur, L50, M|\n|poke|p2|Toxapex, L50, F|\n|poke|p2|Hydreigon, L50, F|\n|poke|p2|Metagross, L50|\n|poke|p2|Incineroar, L50, F|\n|teampreview|4\n|showteam|p1|Kingambit||BlackGlasses|Defiant|KowtowCleave,SuckerPunch,SwordsDance,Protect|Brave||F|||50|]Mawile||Mawilite|HyperCutter|IronHead,PlayRough,SuckerPunch,Protect|Brave||F|||50|]Kangaskhan||SilkScarf|Scrappy|FakeOut,LastResort|Adamant||F|||50|]Torkoal||Charcoal|Drought|Eruption,Protect,WeatherBall,HeatWave|Modest||F|||50|]Gallade||IronBall|Sharpness|SacredSword,TrickRoom,PsychoCut,LeafBlade|Brave||M|||50|]Farigiraf||SitrusBerry|ArmorTail|TrickRoom,Roar,Thunderbolt,PsychicFangs|Relaxed||F|||50|\n|showteam|p2|Charizard||CharizarditeY|Blaze|HeatWave,WeatherBall,AncientPower,Protect|Timid||F|||50|]Venusaur||FocusSash|Chlorophyll|LeafStorm,SludgeBomb,SleepPowder,Protect|Modest||M|||50|]Toxapex||Leftovers|Regenerator|Toxic,Infestation,WideGuard,BanefulBunker|Bold||F|||50|]Hydreigon||ChoiceScarf|Levitate|DarkPulse,Snarl,DracoMeteor,HeatWave|Modest||F|||50|]Metagross||Metagrossite|ClearBody|IronHead,PsychicFangs,IcePunch,Protect|Jolly|||||50|]Incineroar||SitrusBerry|Intimidate|FakeOut,PartingShot,FlareBlitz,ThroatChop|Impish||F|||50|\n|inactive|Battle timer is ON: inactive players will automatically lose when time's up. (requested by we all love urshf)\n|\n|t:|1788313510\n|teamsize|p1|4\n|teamsize|p2|4\n|start\n|switch|p1a: Kangaskhan|Kangaskhan, L50, F|100/100\n|switch|p1b: Farigiraf|Farigiraf, L50, F, shiny|100/100\n|switch|p2a: Charizard|Charizard, L50, F|100/100\n|switch|p2b: Venusaur|Venusaur, L50, M|100/100\n|turn|1\n|\n|t:|1788313532\n|detailschange|p2a: Charizard|Charizard-Mega-Y, L50, F\n|-mega|p2a: Charizard|Charizard|Charizardite Y\n|-weather|SunnyDay|[from] ability: Drought|[of] p2a: Charizard\n|move|p1a: Kangaskhan|Fake Out|p2b: Venusaur\n|-damage|p2b: Venusaur|72/100\n|cant|p2b: Venusaur|flinch\n|move|p2a: Charizard|Heat Wave|p1a: Kangaskhan|[spread] p1a,p1b\n|-damage|p1a: Kangaskhan|34/100\n|-damage|p1b: Farigiraf|41/100\n|-enditem|p1b: Farigiraf|Sitrus Berry|[eat]\n|-heal|p1b: Farigiraf|66/100|[from] item: Sitrus Berry\n|move|p1b: Farigiraf|Trick Room|p1b: Farigiraf\n|-fieldstart|move: Trick Room|[of] p1b: Farigiraf\n|\n|-weather|SunnyDay|[upkeep]\n|upkeep\n|turn|2\n|\n|t:|1788313547\n|switch|p2b: Toxapex|Toxapex, L50, F|100/100\n|move|p1b: Farigiraf|Thunderbolt|p2a: Charizard\n|-supereffective|p2a: Charizard|1\n|-damage|p2a: Charizard|55/100\n|move|p1a: Kangaskhan|Last Resort|p2a: Charizard\n|-damage|p2a: Charizard|0 fnt\n|faint|p2a: Charizard\n|\n|-weather|SunnyDay|[upkeep]\n|upkeep\n|\n|t:|1788313554\n|switch|p2a: Incineroar|Incineroar, L50, F|100/100\n|-ability|p2a: Incineroar|Intimidate|boost\n|-fail|p1a: Kangaskhan|unboost|atk|[from] ability: Scrappy|[of] p1a: Kangaskhan\n|-unboost|p1b: Farigiraf|atk|1\n|turn|3\n|\n|t:|1788313570\n|move|p2b: Toxapex|Baneful Bunker|p2b: Toxapex\n|-singleturn|p2b: Toxapex|move: Protect\n|move|p1b: Farigiraf|Psychic Fangs|p2b: Toxapex\n|-activate|p2b: Toxapex|move: Protect\n|-status|p1b: Farigiraf|psn\n|move|p2a: Incineroar|Flare Blitz|p1a: Kangaskhan\n|-damage|p1a: Kangaskhan|0 fnt\n|faint|p1a: Kangaskhan\n|-damage|p2a: Incineroar|88/100|[from] Recoil\n|\n|-weather|SunnyDay|[upkeep]\n|-damage|p1b: Farigiraf|54/100 psn|[from] psn\n|upkeep\n|\n|t:|1788313574\n|switch|p1a: Gallade|Gallade, L50, M, shiny|100/100\n|turn|4\n|\n|t:|1788313590\n|switch|p2a: Venusaur|Venusaur, L50, M|72/100\n|move|p1a: Gallade|Psycho Cut|p2b: Toxapex\n|-supereffective|p2b: Toxapex|1\n|-damage|p2b: Toxapex|26/100\n|move|p2b: Toxapex|Infestation|p1b: Farigiraf\n|-supereffective|p1b: Farigiraf|1\n|-damage|p1b: Farigiraf|49/100 psn\n|-activate|p1b: Farigiraf|move: Infestation|[of] p2b: Toxapex\n|move|p1b: Farigiraf|Trick Room|p1b: Farigiraf\n|-fieldend|move: Trick Room\n|\n|-weather|SunnyDay|[upkeep]\n|-heal|p2b: Toxapex|31/100|[from] item: Leftovers\n|-damage|p1b: Farigiraf|36/100 psn|[from] psn\n|-damage|p1b: Farigiraf|24/100 psn|[from] move: Infestation|[partiallytrapped]\n|upkeep\n|turn|5\n|\n|t:|1788313610\n|-heal|p2b: Toxapex|64/100|[from] ability: Regenerator|[silent]\n|switch|p2b: Incineroar|Incineroar, L50, F|88/100\n|-ability|p2b: Incineroar|Intimidate|boost\n|-unboost|p1a: Gallade|atk|1\n|-unboost|p1b: Farigiraf|atk|1\n|move|p2a: Venusaur|Sleep Powder|p1a: Gallade|[miss]\n|-miss|p2a: Venusaur|p1a: Gallade\n|move|p1a: Gallade|Psycho Cut|p2a: Venusaur\n|-supereffective|p2a: Venusaur|1\n|-damage|p2a: Venusaur|0 fnt\n|faint|p2a: Venusaur\n|move|p1b: Farigiraf|Trick Room|p1b: Farigiraf\n|-fieldstart|move: Trick Room|[of] p1b: Farigiraf\n|\n|-weather|none\n|-damage|p1b: Farigiraf|11/100 psn|[from] psn\n|-end|p1b: Farigiraf|Infestation|[partiallytrapped]|[silent]\n|upkeep\n|\n|t:|1788313618\n|switch|p2a: Toxapex|Toxapex, L50, F|64/100\n|turn|6\n|\n|t:|1788313624\n|move|p2a: Toxapex|Baneful Bunker|p2a: Toxapex\n|-singleturn|p2a: Toxapex|move: Protect\n|move|p1a: Gallade|Sacred Sword|p2b: Incineroar\n|-supereffective|p2b: Incineroar|1\n|-damage|p2b: Incineroar|4/100\n|-enditem|p2b: Incineroar|Sitrus Berry|[eat]\n|-heal|p2b: Incineroar|29/100|[from] item: Sitrus Berry\n|move|p1b: Farigiraf|Psychic Fangs|p2a: Toxapex\n|-activate|p2a: Toxapex|move: Protect\n|move|p2b: Incineroar|Flare Blitz|p1a: Gallade\n|-damage|p1a: Gallade|29/100\n|-damage|p2b: Incineroar|9/100|[from] Recoil\n|\n|-heal|p2a: Toxapex|70/100|[from] item: Leftovers\n|-damage|p1b: Farigiraf|0 fnt|[from] psn\n|faint|p1b: Farigiraf\n|upkeep\n|\n|t:|1788313627\n|switch|p1b: Mawile|Mawile, L50, F, shiny|100/100\n|turn|7\n|-message|we all love urshf forfeited.\n|\n|win|ignaa\n|l|☆we all love urshf\n|player|p2|\n","uploadtime":1788313647,"views":"0","formatid":"gen9championsvgc2026regmbbo3","rating":null,"private":0,"password":null}