{"id":"gen9championsvgc2026regmb-2674718675","format":"[Gen 9 Champions] VGC 2026 Reg M-B","players":["BraydenBrayden","TangerineFIY"],"log":"|j|☆BraydenBrayden\n|j|☆TangerineFIY\n|html|<table width=\"100%\"><tr><td align=\"left\">BraydenBrayden</td><td align=\"right\">TangerineFIY</tr><tr><td align=\"left\"><i class=\"fa fa-circle\"></i> <i class=\"fa fa-circle-o\"></i> </td><td align=\"right\"><i class=\"fa fa-circle-o\"></i> <i class=\"fa fa-circle-o\"></i> </tr></table>\n|uhtml|bestof|<h2><strong>Game 2</strong> of <a href=\"/game-bestof3-gen9championsvgc2026regmb-2674713162\">a best-of-3</a></h2>\n|t:|1788395424\n|gametype|doubles\n|player|p1|BraydenBrayden|burglar|\n|player|p2|TangerineFIY|cynthia-gen4|\n|gen|9\n|tier|[Gen 9 Champions] VGC 2026 Reg M-B\n|rule|Species Clause: Limit one of each Pokémon\n|rule|Item Clause: Limit 1 of each item\n|raw|<div class=\"infobox\"><details class=\"readmore\" open><summary><strong>1 custom rule:</strong></summary> Best of = 3</details></div>\n|clearpoke\n|poke|p1|Lycanroc-Dusk, L50, F|\n|poke|p1|Sneasler, L50, F|\n|poke|p1|Scovillain, L50, F|\n|poke|p1|Klefki, L50, M|\n|poke|p1|Basculegion, L50, M|\n|poke|p1|Glalie, L50, M|\n|poke|p2|Raichu, L50, F|\n|poke|p2|Ninetales-Alola, L50, F|\n|poke|p2|Clefable, L50, M|\n|poke|p2|Dragonite, L50, F|\n|poke|p2|Swampert, L50, M|\n|poke|p2|Corviknight, L50, F|\n|teampreview|4\nBraydenBrayden rejected open team sheets.\n|\n|t:|1788395570\n|teamsize|p1|4\n|teamsize|p2|4\n|start\n|switch|p1a: Sneasler|Sneasler, L50, F|100/100\n|switch|p1b: Scovillain|Scovillain, L50, F|100/100\n|switch|p2a: SWAM|Swampert, L50, M|100/100\n|switch|p2b: mOODY|Corviknight, L50, F|100/100\n|turn|1\n|\n|t:|1788395620\n|detailschange|p1b: Scovillain|Scovillain-Mega, L50, F\n|-mega|p1b: Scovillain|Scovillain|Scovillainite\n|move|p1a: Sneasler|Protect|p1a: Sneasler\n|-singleturn|p1a: Sneasler|Protect\n|move|p1b: Scovillain|Overheat|p2b: mOODY\n|-supereffective|p2b: mOODY|1\n|-damage|p2b: mOODY|0 fnt\n|-unboost|p1b: Scovillain|spa|2\n|faint|p2b: mOODY\n|move|p2a: SWAM|Rock Slide|p1b: Scovillain|[spread] p1b\n|-activate|p1a: Sneasler|move: Protect\n|-supereffective|p1b: Scovillain|1\n|-damage|p1b: Scovillain|60/100\n|-status|p2a: SWAM|brn|[from] ability: Spicy Spray|[of] p1b: Scovillain\n|\n|-damage|p2a: SWAM|94/100 brn|[from] brn\n|upkeep\n|\n|t:|1788395646\n|switch|p2b: HIM|Raichu, L50, F|100/100\n|turn|2\n|\n|t:|1788395682\n|detailschange|p2b: HIM|Raichu-Mega-Y, L50, F\n|-mega|p2b: HIM|Raichu|Raichunite Y\n|move|p2b: HIM|Protect|p2b: HIM\n|-singleturn|p2b: HIM|Protect\n|move|p1b: Scovillain|Rage Powder|p1b: Scovillain\n|-singleturn|p1b: Scovillain|move: Rage Powder\n|move|p1a: Sneasler|Close Combat|p2b: HIM\n|-activate|p2b: HIM|move: Protect\n|move|p2a: SWAM|Earthquake|p1b: Scovillain|[spread] p1a,p1b\n|-activate|p2b: HIM|move: Protect\n|-supereffective|p1a: Sneasler|1\n|-damage|p1a: Sneasler|34/100\n|-damage|p1b: Scovillain|37/100\n|\n|-damage|p2a: SWAM|88/100 brn|[from] brn\n|upkeep\n|turn|3\n|\n|t:|1788395744\n|switch|p2b: HER|Ninetales-Alola, L50, F|100/100\n|-weather|Snowscape|[from] ability: Snow Warning|[of] p2b: HER\n|move|p1a: Sneasler|Protect|p1a: Sneasler\n|-singleturn|p1a: Sneasler|Protect\n|move|p1b: Scovillain|Overheat|p2b: HER\n|-supereffective|p2b: HER|1\n|-damage|p2b: HER|44/100\n|-unboost|p1b: Scovillain|spa|2\n|move|p2a: SWAM|Rock Slide|p1b: Scovillain|[spread] p1b\n|-activate|p1a: Sneasler|move: Protect\n|-supereffective|p1b: Scovillain|1\n|-damage|p1b: Scovillain|16/100\n|\n|-weather|Snowscape|[upkeep]\n|-damage|p2a: SWAM|82/100 brn|[from] brn\n|upkeep\n|turn|4\n|\n|t:|1788395792\n|move|p2b: HER|Protect|p2b: HER\n|-singleturn|p2b: HER|Protect\n|move|p1a: Sneasler|Dire Claw|p2b: HER\n|-activate|p2b: HER|move: Protect\n|move|p1b: Scovillain|Giga Drain|p2a: SWAM\n|-supereffective|p2a: SWAM|2\n|-crit|p2a: SWAM\n|-enditem|p2a: SWAM|Rindo Berry|[eat]\n|-enditem|p2a: SWAM|Rindo Berry|[weaken]\n|-damage|p2a: SWAM|0 fnt\n|-heal|p1b: Scovillain|66/100|[from] drain|[of] p2a: SWAM\n|faint|p2a: SWAM\n|\n|-weather|Snowscape|[upkeep]\n|upkeep\n|\n|t:|1788395808\n|switch|p2a: HIM|Raichu-Mega-Y, L50, F|100/100\n|turn|5\n|\n|t:|1788395825\n|move|p2a: HIM|Fake Out|p1a: Sneasler\n|-damage|p1a: Sneasler|21/100\n|move|p1b: Scovillain|Rage Powder|p1b: Scovillain\n|-singleturn|p1b: Scovillain|move: Rage Powder\n|cant|p1a: Sneasler|flinch\n|move|p2b: HER|Aurora Veil|p2b: HER\n|-sidestart|p2: TangerineFIY|move: Aurora Veil\n|\n|-weather|Snowscape|[upkeep]\n|upkeep\n|turn|6\n|\n|t:|1788395860\n|move|p2a: HIM|Protect|p2a: HIM\n|-singleturn|p2a: HIM|Protect\n|move|p1b: Scovillain|Protect|p1b: Scovillain\n|-singleturn|p1b: Scovillain|Protect\n|move|p1a: Sneasler|Close Combat|p2a: HIM\n|-activate|p2a: HIM|move: Protect\n|move|p2b: HER|Blizzard|p1b: Scovillain|[spread] p1a\n|-activate|p1b: Scovillain|move: Protect\n|-damage|p1a: Sneasler|0 fnt\n|faint|p1a: Sneasler\n|\n|-weather|Snowscape|[upkeep]\n|upkeep\n|\n|t:|1788395875\n|switch|p1a: Lycanroc|Lycanroc-Dusk, L50, F|100/100\n|turn|7\n|\n|t:|1788395886\n|move|p1b: Scovillain|Rage Powder|p1b: Scovillain\n|-singleturn|p1b: Scovillain|move: Rage Powder\n|move|p1a: Lycanroc|Rock Slide|p2a: HIM|[spread] p2a,p2b\n|-supereffective|p2b: HER|1\n|-damage|p2a: HIM|62/100\n|-damage|p2b: HER|15/100\n|move|p2a: HIM|Focus Blast|p1b: Scovillain\n|-damage|p1b: Scovillain|19/100\n|-status|p2a: HIM|brn|[from] ability: Spicy Spray|[of] p1b: Scovillain\n|move|p2b: HER|Blizzard|p1b: Scovillain|[spread] p1a,p1b\n|-damage|p1a: Lycanroc|56/100\n|-damage|p1b: Scovillain|0 fnt\n|-status|p2b: HER|brn|[from] ability: Spicy Spray|[of] p1b: Scovillain\n|faint|p1b: Scovillain\n|\n|-weather|none\n|-damage|p2a: HIM|56/100 brn|[from] brn\n|-damage|p2b: HER|9/100 brn|[from] brn\n|upkeep\n|\n|t:|1788395902\n|switch|p1b: Basculegion|Basculegion, L50, M|100/100\n|turn|8\n|\n|t:|1788395923\n|move|p1b: Basculegion|Last Respects|p2a: HIM\n|-damage|p2a: HIM|0 fnt\n|faint|p2a: HIM\n|move|p1a: Lycanroc|Rock Slide|p2b: HER\n|-supereffective|p2b: HER|1\n|-damage|p2b: HER|0 fnt\n|faint|p2b: HER\n|\n|win|BraydenBrayden\n|c|☆BraydenBrayden|gg\n|c|☆TangerineFIY|GGs!\n|l|☆TangerineFIY\n|player|p2|\n","uploadtime":1788396103,"views":"6","formatid":"gen9championsvgc2026regmb","rating":null,"private":0,"password":null}