{"id":"gen9championsvgc2026regmbbo3-2675013550","format":"[Gen 9 Champions] VGC 2026 Reg M-B (Bo3)","players":["Bananin4","ignaa"],"log":"|j|☆Bananin4\n|j|☆ignaa\n|html|<table width=\"100%\"><tr><td align=\"left\">Bananin4</td><td align=\"right\">ignaa</tr><tr><td align=\"left\"><i class=\"fa fa-circle-o\"></i> <i class=\"fa fa-circle-o\"></i> </td><td align=\"right\"><i class=\"fa fa-circle-o\"></i> <i class=\"fa fa-circle-o\"></i> </tr></table>\n|uhtml|bestof|<h2><strong>Game 1</strong> of <a href=\"/game-bestof3-gen9championsvgc2026regmbbo3-2675013548\">a best-of-3</a></h2>\n|t:|1788448731\n|gametype|doubles\n|player|p1|Bananin4|lucas-gen4pt|1199\n|player|p2|ignaa|pokefan-gen2|1206\n|gen|9\n|tier|[Gen 9 Champions] VGC 2026 Reg M-B (Bo3)\n|rated|\n|rule|Species Clause: Limit one of each Pokémon\n|rule|Item Clause: Limit 1 of each item\n|clearpoke\n|poke|p1|Delphox, L50, M, shiny|\n|poke|p1|Blastoise, L50, F|\n|poke|p1|Sinistcha, L50|\n|poke|p1|Sneasler, L50, F|\n|poke|p1|Incineroar, L50, F, shiny|\n|poke|p1|Kingambit, L50, M|\n|poke|p2|Kingambit, L50, M, shiny|\n|poke|p2|Mawile, L50, M, shiny|\n|poke|p2|Kangaskhan, L50, F|\n|poke|p2|Torkoal, L50, F, shiny|\n|poke|p2|Gallade, L50, M, shiny|\n|poke|p2|Farigiraf, L50, F, shiny|\n|teampreview|4\n|showteam|p1|Delphox||Delphoxite|Blaze|HeatWave,Psychic,NastyPlot,Protect|Timid||M|||50|]Blastoise||Blastoisinite|RainDish|WaterSpout,DarkPulse,ShellSmash,Protect|Modest||F|||50|]Sinistcha||ColburBerry|Hospitality|MatchaGotcha,RagePowder,TrickRoom,Protect|Bold|||||50|]Sneasler||FocusSash|PoisonTouch|FakeOut,PoisonJab,CloseCombat,QuickGuard|Jolly||F|||50|]Incineroar||SitrusBerry|Intimidate|FakeOut,FlareBlitz,ThroatChop,PartingShot|Careful||F|||50|]Kingambit||ChopleBerry|Defiant|KowtowCleave,SuckerPunch,SwordsDance,Protect|Adamant||M|||50|\n|showteam|p2|Kingambit||BlackGlasses|Defiant|KowtowCleave,SuckerPunch,SwordsDance,Protect|Brave||M|||50|]Mawile||Mawilite|HyperCutter|IronHead,PlayRough,SuckerPunch,Protect|Brave||M|||50|]Kangaskhan||SilkScarf|Scrappy|FakeOut,LastResort|Adamant||F|||50|]Torkoal||Charcoal|Drought|Eruption,Protect,WeatherBall,HeatWave|Modest||F|||50|]Gallade||IronBall|Sharpness|SacredSword,TrickRoom,PsychoCut,LeafBlade|Brave||M|||50|]Farigiraf||SitrusBerry|ArmorTail|TrickRoom,Roar,Thunderbolt,PsychicFangs|Relaxed||F|||50|\n|\n|t:|1788448792\n|teamsize|p1|4\n|teamsize|p2|4\n|start\n|switch|p1a: Sneasler|Sneasler, L50, F|100/100\n|switch|p1b: Kingambit|Kingambit, L50, M|100/100\n|switch|p2a: Kangaskhan|Kangaskhan, L50, F|100/100\n|switch|p2b: Farigiraf|Farigiraf, L50, F, shiny|100/100\n|turn|1\n|inactive|Battle timer is ON: inactive players will automatically lose when time's up. (requested by ignaa)\n|\n|t:|1788448811\n|move|p1a: Sneasler|Quick Guard|p1a: Sneasler\n|-singleturn|p1a: Sneasler|Quick Guard\n|move|p2a: Kangaskhan|Fake Out|p1a: Sneasler\n|-activate|p1a: Sneasler|move: Quick Guard\n|move|p1b: Kingambit|Swords Dance|p1b: Kingambit\n|-boost|p1b: Kingambit|atk|2\n|move|p2b: Farigiraf|Trick Room|p2b: Farigiraf\n|-fieldstart|move: Trick Room|[of] p2b: Farigiraf\n|\n|upkeep\n|turn|2\n|inactive|Bananin4 has 30 seconds left.\n|inactive|ignaa has 30 seconds left.\n|inactive|Bananin4 has 20 seconds left.\n|\n|t:|1788448850\n|switch|p2b: Mawile|Mawile, L50, M, shiny|100/100\n|move|p1b: Kingambit|Kowtow Cleave|p2b: Mawile\n|-resisted|p2b: Mawile|1\n|-damage|p2b: Mawile|29/100\n|move|p2a: Kangaskhan|Last Resort|p1a: Sneasler\n|-enditem|p1a: Sneasler|Focus Sash\n|-damage|p1a: Sneasler|1/100\n|move|p1a: Sneasler|Close Combat|p2a: Kangaskhan\n|-supereffective|p2a: Kangaskhan|1\n|-damage|p2a: Kangaskhan|0 fnt\n|-unboost|p1a: Sneasler|def|1\n|-unboost|p1a: Sneasler|spd|1\n|faint|p2a: Kangaskhan\n|\n|upkeep\n|\n|t:|1788448863\n|switch|p2a: Gallade|Gallade, L50, M, shiny|100/100\n|turn|3\n|inactive|Bananin4 has 30 seconds left.\n|\n|t:|1788448889\n|switch|p2b: Farigiraf|Farigiraf, L50, F, shiny|100/100\n|move|p1a: Sneasler|Quick Guard|p1a: Sneasler\n|-singleturn|p1a: Sneasler|Quick Guard\n|move|p2a: Gallade|Sacred Sword|p1b: Kingambit\n|-supereffective|p1b: Kingambit|2\n|-enditem|p1b: Kingambit|Chople Berry|[eat]\n|-enditem|p1b: Kingambit|Chople Berry|[weaken]\n|-damage|p1b: Kingambit|0 fnt\n|faint|p1b: Kingambit\n|\n|upkeep\n|\n|t:|1788448901\n|switch|p1b: Sinistcha|Sinistcha, L50|100/100\n|-heal|p1a: Sneasler|25/100|[from] ability: Hospitality|[of] p1b: Sinistcha\n|turn|4\n|\n|t:|1788448920\n|move|p2a: Gallade|Psycho Cut|p1b: Sinistcha\n|-damage|p1b: Sinistcha|54/100\n|move|p2b: Farigiraf|Psychic Fangs|p1a: Sneasler\n|-supereffective|p1a: Sneasler|2\n|-damage|p1a: Sneasler|0 fnt\n|faint|p1a: Sneasler\n|move|p1b: Sinistcha|Matcha Gotcha|p2a: Gallade|[spread] p2a,p2b\n|-damage|p2a: Gallade|77/100\n|-heal|p1b: Sinistcha|65/100|[from] drain|[of] p2a: Gallade\n|-damage|p2b: Farigiraf|78/100\n|-heal|p1b: Sinistcha|79/100|[from] drain|[of] p2b: Farigiraf\n|-status|p2a: Gallade|brn\n|\n|-damage|p2a: Gallade|72/100 brn|[from] brn\n|upkeep\n|\n|t:|1788448934\n|switch|p1a: Incineroar|Incineroar, L50, F, shiny|100/100\n|-ability|p1a: Incineroar|Intimidate|boost\n|-unboost|p2a: Gallade|atk|1\n|-unboost|p2b: Farigiraf|atk|1\n|turn|5\n|\n|t:|1788448949\n|move|p2a: Gallade|Sacred Sword|p1a: Incineroar\n|-supereffective|p1a: Incineroar|1\n|-damage|p1a: Incineroar|49/100\n|-enditem|p1a: Incineroar|Sitrus Berry|[eat]\n|-heal|p1a: Incineroar|74/100|[from] item: Sitrus Berry\n|move|p2b: Farigiraf|Thunderbolt|p1a: Incineroar\n|-damage|p1a: Incineroar|54/100\n|move|p1b: Sinistcha|Matcha Gotcha|p2a: Gallade|[spread] p2a,p2b\n|-damage|p2a: Gallade|50/100g brn\n|-heal|p1b: Sinistcha|89/100|[from] drain|[of] p2a: Gallade\n|-damage|p2b: Farigiraf|57/100\n|-heal|p1b: Sinistcha|100/100|[from] drain|[of] p2b: Farigiraf\n|move|p1a: Incineroar|Throat Chop|p2b: Farigiraf\n|-supereffective|p2b: Farigiraf|1\n|-damage|p2b: Farigiraf|8/100\n|-start|p2b: Farigiraf|Throat Chop|[silent]\n|-enditem|p2b: Farigiraf|Sitrus Berry|[eat]\n|-heal|p2b: Farigiraf|33/100|[from] item: Sitrus Berry\n|\n|-damage|p2a: Gallade|45/100 brn|[from] brn\n|-fieldend|move: Trick Room\n|upkeep\n|turn|6\n|inactive|Bananin4 has 30 seconds left.\n|\n|t:|1788448975\n|move|p1a: Incineroar|Throat Chop|p2b: Farigiraf\n|-supereffective|p2b: Farigiraf|1\n|-damage|p2b: Farigiraf|0 fnt\n|faint|p2b: Farigiraf\n|move|p1b: Sinistcha|Matcha Gotcha|p2a: Gallade\n|-damage|p2a: Gallade|16/100 brn\n|move|p2a: Gallade|Sacred Sword|p1a: Incineroar\n|-supereffective|p1a: Incineroar|1\n|-damage|p1a: Incineroar|3/100\n|\n|-damage|p2a: Gallade|10/100 brn|[from] brn\n|upkeep\n|\n|t:|1788448983\n|switch|p2b: Mawile|Mawile, L50, M, shiny|29/100\n|turn|7\n|inactive|Bananin4 has 30 seconds left.\n|\n|t:|1788449015\n|detailschange|p2b: Mawile|Mawile-Mega, L50, M, shiny\n|-mega|p2b: Mawile|Mawile|Mawilite\n|move|p1b: Sinistcha|Rage Powder|p1b: Sinistcha\n|-singleturn|p1b: Sinistcha|move: Rage Powder\n|move|p2b: Mawile|Sucker Punch||[still]\n|-fail|p2b: Mawile\n|move|p1a: Incineroar|Flare Blitz|p2b: Mawile\n|-supereffective|p2b: Mawile|1\n|-damage|p2b: Mawile|0 fnt\n|faint|p2b: Mawile\n|-damage|p1a: Incineroar|0 fnt|[from] Recoil\n|faint|p1a: Incineroar\n|move|p2a: Gallade|Psycho Cut|p1b: Sinistcha\n|-damage|p1b: Sinistcha|84/100\n|\n|-damage|p2a: Gallade|4/100 brn|[from] brn\n|upkeep\n|turn|8\n|inactive|ignaa has 30 seconds left.\n|inactive|ignaa has 20 seconds left.\n|inactive|ignaa has 15 seconds left.\n|inactive|ignaa has 10 seconds left.\n|inactive|ignaa has 5 seconds left.\n|\n|t:|1788449070\n|move|p1b: Sinistcha|Protect|p1b: Sinistcha\n|-singleturn|p1b: Sinistcha|Protect\n|move|p2a: Gallade|Sacred Sword|p1b: Sinistcha\n|-activate|p1b: Sinistcha|move: Protect\n|\n|-damage|p2a: Gallade|0 fnt|[from] brn\n|faint|p2a: Gallade\n|\n|win|Bananin4\n||Bananin4 is ready for game 2.\n|inactive|ignaa has 30 seconds to confirm battle start!\n||ignaa is ready for game 2.\n|uhtml|next|Next: <a href=\"/battle-gen9championsvgc2026regmbbo3-2675016608\"><strong>Game 2 of 3</strong></a>\n|l|☆Bananin4\n|player|p1|\n","uploadtime":1788449071,"views":"10","formatid":"gen9championsvgc2026regmbbo3","rating":null,"private":0,"password":null}