{"id":"gen9championsvgc2026regmb-2674981912","format":"[Gen 9 Champions] VGC 2026 Reg M-B","players":["RedVersion643","cataclyst03"],"log":"|j|☆RedVersion643\n|j|☆cataclyst03\n|t:|1788444987\n|gametype|doubles\n|player|p1|RedVersion643|blue-masters2|1303\n|player|p2|cataclyst03|265|1361\n|gen|9\n|tier|[Gen 9 Champions] VGC 2026 Reg M-B\n|rated|\n|rule|Species Clause: Limit one of each Pokémon\n|rule|Item Clause: Limit 1 of each item\n|clearpoke\n|poke|p1|Charizard, L50, M|\n|poke|p1|Venusaur, L50, M|\n|poke|p1|Whimsicott, L50, M|\n|poke|p1|Farigiraf, L50, M|\n|poke|p1|Sylveon, L50, F|\n|poke|p1|Lycanroc-Dusk, L50, F|\n|poke|p2|Charizard, L50, F|\n|poke|p2|Kingambit, L50, F|\n|poke|p2|Floette-Eternal, L50, F|\n|poke|p2|Basculegion, L50, M|\n|poke|p2|Garchomp, L50, F|\n|poke|p2|Sneasler, L50, F|\n|teampreview|4\n|inactive|Battle timer is ON: inactive players will automatically lose when time's up. (requested by RedVersion643)\n|inactive|cataclyst03 has 60 seconds left.\n|\n|t:|1788445025\n|teamsize|p1|4\n|teamsize|p2|4\n|start\n|switch|p1a: My Own Worst Enemy|Farigiraf, L50, M|100/100\n|switch|p1b: Morning Glory|Sylveon, L50, F|100/100\n|switch|p2a: Sneasler|Sneasler, L50, F|100/100\n|switch|p2b: Garchomp|Garchomp, L50, F|100/100\n|turn|1\n|\n|t:|1788445047\n|move|p1b: Morning Glory|Protect|p1b: Morning Glory\n|-singleturn|p1b: Morning Glory|Protect\n|move|p2b: Garchomp|Dragon Claw|p1a: My Own Worst Enemy\n|-damage|p1a: My Own Worst Enemy|49/100\n|-enditem|p1a: My Own Worst Enemy|Sitrus Berry|[eat]\n|-heal|p1a: My Own Worst Enemy|74/100|[from] item: Sitrus Berry\n|move|p2a: Sneasler|Close Combat|p1a: My Own Worst Enemy\n|-damage|p1a: My Own Worst Enemy|12/100\n|-unboost|p2a: Sneasler|def|1\n|-unboost|p2a: Sneasler|spd|1\n|-enditem|p2a: Sneasler|White Herb\n|-clearnegativeboost|p2a: Sneasler|[silent]\n|move|p1a: My Own Worst Enemy|Trick Room|p1a: My Own Worst Enemy\n|-fieldstart|move: Trick Room|[of] p1a: My Own Worst Enemy\n|\n|upkeep\n|turn|2\n|c|☆cataclyst03|I cant anymore\n|\n|t:|1788445071\n|move|p1a: My Own Worst Enemy|Twin Beam|p2a: Sneasler\n|-supereffective|p2a: Sneasler|2\n|-damage|p2a: Sneasler|12/100\n|-supereffective|p2a: Sneasler|2\n|-damage|p2a: Sneasler|0 fnt\n|faint|p2a: Sneasler\n|-hitcount|p2: Sneasler|2\n|move|p1b: Morning Glory|Hyper Voice|p2b: Garchomp\n|-supereffective|p2b: Garchomp|1\n|-damage|p2b: Garchomp|0 fnt\n|faint|p2b: Garchomp\n|\n|upkeep\n|\n|t:|1788445081\n|switch|p2b: Kingambit|Kingambit, L50, F|100/100\n|switch|p2a: Basculegion|Basculegion, L50, M|100/100\n|turn|3\n|\n|t:|1788445098\n|move|p2a: Basculegion|Protect|p2a: Basculegion\n|-singleturn|p2a: Basculegion|Protect\n|move|p1a: My Own Worst Enemy|Twin Beam|p2a: Basculegion\n|-activate|p2a: Basculegion|move: Protect\n|move|p1b: Morning Glory|Hyper Voice|p2a: Basculegion|[spread] p2b\n|-activate|p2a: Basculegion|move: Protect\n|-damage|p2b: Kingambit|44/100\n|move|p2b: Kingambit|Kowtow Cleave|p1a: My Own Worst Enemy\n|-supereffective|p1a: My Own Worst Enemy|1\n|-damage|p1a: My Own Worst Enemy|0 fnt\n|faint|p1a: My Own Worst Enemy\n|\n|upkeep\n|\n|t:|1788445110\n|switch|p1a: Teen Spirit|Charizard, L50, M|100/100\n|turn|4\n|\n|t:|1788445132\n|detailschange|p1a: Teen Spirit|Charizard-Mega-Y, L50, M\n|-mega|p1a: Teen Spirit|Charizard|Charizardite Y\n|-weather|SunnyDay|[from] ability: Drought|[of] p1a: Teen Spirit\n|move|p1b: Morning Glory|Weather Ball|p2b: Kingambit\n|-supereffective|p2b: Kingambit|1\n|-damage|p2b: Kingambit|0 fnt\n|faint|p2b: Kingambit\n|move|p2a: Basculegion|Last Respects|p1a: Teen Spirit\n|-damage|p1a: Teen Spirit|0 fnt\n|faint|p1a: Teen Spirit\n|-damage|p2a: Basculegion|90/100|[from] item: Life Orb\n|\n|-weather|SunnyDay|[upkeep]\n|upkeep\n|\n|t:|1788445141\n|switch|p1a: Basket Case|Venusaur, L50, M|100/100\n|turn|5\n|\n|t:|1788445153\n|move|p1b: Morning Glory|Hyper Voice|p2a: Basculegion\n|-damage|p2a: Basculegion|14/100\n|move|p2a: Basculegion|Last Respects|p1b: Morning Glory\n|-damage|p1b: Morning Glory|0 fnt\n|faint|p1b: Morning Glory\n|-damage|p2a: Basculegion|4/100|[from] item: Life Orb\n|move|p1a: Basket Case|Sleep Powder|p2a: Basculegion\n|-status|p2a: Basculegion|slp|[from] move: Sleep Powder\n|\n|-weather|SunnyDay|[upkeep]\n|-fieldend|move: Trick Room\n|upkeep\n|turn|6\n|c|☆cataclyst03|Why\n|c|☆RedVersion643|Why what?\n|inactive|cataclyst03 has 30 seconds left.\n|c|☆cataclyst03|Sleep powder\n|inactive|cataclyst03 has 20 seconds left.\n|inactive|cataclyst03 has 15 seconds left.\n|c|☆cataclyst03|Are u not protect\n|inactive|cataclyst03 has 10 seconds left.\n|\n|t:|1788445198\n|cant|p2a: Basculegion|slp\n|move|p1a: Basket Case|Giga Drain|p2a: Basculegion\n|-supereffective|p2a: Basculegion|1\n|-damage|p2a: Basculegion|0 fnt\n|faint|p2a: Basculegion\n|\n|win|RedVersion643\n|raw|RedVersion643's rating: 1303 &rarr; <strong>1326</strong><br />(+23 for winning)\n|raw|cataclyst03's rating: 1361 &rarr; <strong>1338</strong><br />(-23 for losing)\n|c|☆RedVersion643|National Pokédex #360\n|c|☆cataclyst03|Alr\n|c|☆RedVersion643|hehehhehe\n|l|☆cataclyst03\n|player|p2|\n|c|☆RedVersion643|gday twin\n","uploadtime":1788445226,"views":"1","formatid":"gen9championsvgc2026regmb","rating":1326,"private":0,"password":null}