{"id":"gen9championsvgc2026regmbbo3-2674562683","format":"[Gen 9 Champions] VGC 2026 Reg M-B (Bo3)","players":["TheBigMark","Olciax34"],"log":"|j|☆TheBigMark\n|j|☆Olciax34\n|html|<table width=\"100%\"><tr><td align=\"left\">TheBigMark</td><td align=\"right\">Olciax34</tr><tr><td align=\"left\"><i class=\"fa fa-circle-o\"></i> <i class=\"fa fa-circle-o\"></i> </td><td align=\"right\"><i class=\"fa fa-circle-o\"></i> <i class=\"fa fa-circle-o\"></i> </tr></table>\n|uhtml|bestof|<h2><strong>Game 1</strong> of <a href=\"/game-bestof3-gen9championsvgc2026regmbbo3-2674562680\">a best-of-3</a></h2>\n|t:|1788374270\n|gametype|doubles\n|player|p1|TheBigMark|rocketgrunt|1241\n|player|p2|Olciax34|clair|1356\n|gen|9\n|tier|[Gen 9 Champions] VGC 2026 Reg M-B (Bo3)\n|rated|\n|rule|Species Clause: Limit one of each Pokémon\n|rule|Item Clause: Limit 1 of each item\n|clearpoke\n|poke|p1|Goodra-Hisui, L50, F|\n|poke|p1|Delphox, L50, F|\n|poke|p1|Floette-Eternal, L50, F|\n|poke|p1|Ninetales-Alola, L50, F|\n|poke|p1|Sneasler, L50, M|\n|poke|p1|Basculegion, L50, M|\n|poke|p2|Floette-Eternal, L50, F|\n|poke|p2|Sinistcha, L50|\n|poke|p2|Incineroar, L50, M|\n|poke|p2|Basculegion, L50, M|\n|poke|p2|Sneasler, L50, F|\n|poke|p2|Dragonite, L50, M|\n|teampreview|4\n|showteam|p1|Goodra-Hisui||Leftovers|ShellArmor|HeavySlam,BodyPress,Protect,Shelter|Impish||F|||50|]Delphox||Delphoxite|Blaze|HeatWave,Psychic,NastyPlot,Protect|Modest||F|||50|]Floette-Eternal||Floettite|FlowerVeil|Protect,CalmMind,DazzlingGleam,Moonblast|Modest||F|||50|]Ninetales-Alola||ChoiceScarf|SnowWarning|DazzlingGleam,Blizzard,FreezeDry,IcyWind|Modest||F|||50|]Sneasler||WhiteHerb|Unburden|RockSlide,FakeOut,CloseCombat,DireClaw|Serious||M|||50|]Basculegion||FocusSash|Adaptability|AquaJet,LastRespects,Liquidation,Protect|Jolly||M|||50|\n|showteam|p2|Floette-Eternal||Floettite|FlowerVeil|DazzlingGleam,DrainingKiss,CalmMind,Protect|Modest||F|||50|]Sinistcha||ColburBerry|Hospitality|MatchaGotcha,TrickRoom,RagePowder,Protect|Calm|||||50|]Incineroar||SitrusBerry|Intimidate|FlareBlitz,ThroatChop,PartingShot,FakeOut|Careful||M|||50|]Basculegion||ChoiceScarf|Adaptability|WaveCrash,FlipTurn,AquaJet,LastRespects|Jolly||M|||50|]Sneasler||FocusSash|PoisonTouch|FakeOut,PoisonJab,CloseCombat,Coaching|Jolly||F|||50|]Dragonite||Dragoninite|Multiscale|DragonPulse,HeatWave,ExtremeSpeed,Protect|Modest||M|||50|\n|inactive|Battle timer is ON: inactive players will automatically lose when time's up. (requested by Olciax34)\n|inactive|TheBigMark has 60 seconds left.\n|inactive|Olciax34 has 60 seconds left.\n|\n|t:|1788374312\n|teamsize|p1|4\n|teamsize|p2|4\n|start\n|switch|p1a: Sneasler|Sneasler, L50, M|100/100\n|switch|p1b: Goodra|Goodra-Hisui, L50, F|100/100\n|switch|p2a: Floette|Floette-Eternal, L50, F|100/100\n|switch|p2b: Sneasler|Sneasler, L50, F|100/100\n|turn|1\n|\n|t:|1788374334\n|detailschange|p2a: Floette|Floette-Mega, L50, F\n|-mega|p2a: Floette|Floette|Floettite\n|-ability|p2a: Floette|Fairy Aura\n|move|p2b: Sneasler|Fake Out|p1a: Sneasler\n|-damage|p1a: Sneasler|82/100\n|cant|p1a: Sneasler|flinch\n|move|p2a: Floette|Calm Mind|p2a: Floette\n|-boost|p2a: Floette|spa|1\n|-boost|p2a: Floette|spd|1\n|move|p1b: Goodra|Heavy Slam|p2a: Floette\n|-supereffective|p2a: Floette|1\n|-damage|p2a: Floette|50/100g\n|\n|upkeep\n|turn|2\n|\n|t:|1788374354\n|move|p2a: Floette|Protect|p2a: Floette\n|-singleturn|p2a: Floette|Protect\n|move|p2b: Sneasler|Coaching|p2a: Floette\n|-boost|p2a: Floette|atk|1\n|-boost|p2a: Floette|def|1\n|move|p1a: Sneasler|Dire Claw|p2a: Floette\n|-activate|p2a: Floette|move: Protect\n|move|p1b: Goodra|Heavy Slam|p2b: Sneasler\n|-damage|p2b: Sneasler|31/100\n|\n|upkeep\n|turn|3\n|\n|t:|1788374373\n|switch|p2b: Incineroar|Incineroar, L50, M|100/100\n|-ability|p2b: Incineroar|Intimidate|boost\n|-unboost|p1a: Sneasler|atk|1\n|-unboost|p1b: Goodra|atk|1\n|-enditem|p1a: Sneasler|White Herb\n|-clearnegativeboost|p1a: Sneasler|[silent]\n|move|p1b: Goodra|Protect|p1b: Goodra\n|-singleturn|p1b: Goodra|Protect\n|move|p1a: Sneasler|Dire Claw|p2a: Floette\n|-supereffective|p2a: Floette|1\n|-damage|p2a: Floette|8/100\n|move|p2a: Floette|Draining Kiss|p1b: Goodra\n|-activate|p1b: Goodra|move: Protect\n|\n|upkeep\n|turn|4\n|inactive|TheBigMark has 30 seconds left.\n|\n|t:|1788374400\n|switch|p1b: Delphox|Delphox, L50, F|100/100\n|move|p2b: Incineroar|Fake Out|p1a: Sneasler\n|-damage|p1a: Sneasler|68/100\n|cant|p1a: Sneasler|flinch\n|move|p2a: Floette|Draining Kiss|p1b: Delphox\n|-resisted|p1b: Delphox|1\n|-damage|p1b: Delphox|68/100\n|-heal|p2a: Floette|32/100|[from] drain|[of] p1b: Delphox\n|\n|upkeep\n|turn|5\n|\n|t:|1788374420\n|switch|p2b: Basculegion|Basculegion, L50, M|100/100\n|detailschange|p1b: Delphox|Delphox-Mega, L50, F\n|-mega|p1b: Delphox|Delphox|Delphoxite\n|move|p2a: Floette|Protect|p2a: Floette\n|-singleturn|p2a: Floette|Protect\n|move|p1a: Sneasler|Close Combat|p2b: Basculegion\n|-immune|p2b: Basculegion\n|move|p1b: Delphox|Psychic|p2a: Floette\n|-activate|p2a: Floette|move: Protect\n|\n|upkeep\n|turn|6\n|inactive|TheBigMark has 30 seconds left.\n|inactive|Olciax34 has 30 seconds left.\n|\n|t:|1788374458\n|switch|p2b: Incineroar|Incineroar, L50, M|100/100\n|-ability|p2b: Incineroar|Intimidate|boost\n|-unboost|p1a: Sneasler|atk|1\n|-unboost|p1b: Delphox|atk|1\n|move|p1a: Sneasler|Dire Claw|p2a: Floette\n|-supereffective|p2a: Floette|1\n|-damage|p2a: Floette|3/100\n|-status|p2a: Floette|slp\n|move|p1b: Delphox|Heat Wave|p2a: Floette|[spread] p2a,p2b\n|-resisted|p2b: Incineroar|1\n|-damage|p2a: Floette|0 fnt\n|-damage|p2b: Incineroar|84/100\n|faint|p2a: Floette\n|\n|upkeep\n|\n|t:|1788374473\n|switch|p2a: Basculegion|Basculegion, L50, M|100/100\n|turn|7\n|\n|t:|1788374482\n|move|p1b: Delphox|Protect|p1b: Delphox\n|-singleturn|p1b: Delphox|Protect\n|move|p2b: Incineroar|Fake Out|p1a: Sneasler\n|-damage|p1a: Sneasler|54/100\n|cant|p1a: Sneasler|flinch\n|move|p2a: Basculegion|Wave Crash|p1b: Delphox\n|-activate|p1b: Delphox|move: Protect\n|\n|upkeep\n|turn|8\n|\n|t:|1788374495\n|switch|p1b: Goodra|Goodra-Hisui, L50, F|100/100\n|move|p1a: Sneasler|Close Combat|p2b: Incineroar\n|-supereffective|p2b: Incineroar|1\n|-crit|p2b: Incineroar\n|-damage|p2b: Incineroar|0 fnt\n|-unboost|p1a: Sneasler|def|1\n|-unboost|p1a: Sneasler|spd|1\n|faint|p2b: Incineroar\n|move|p2a: Basculegion|Wave Crash|p1b: Goodra\n|-resisted|p1b: Goodra|1\n|-damage|p1b: Goodra|72/100\n|-damage|p2a: Basculegion|91/100|[from] Recoil\n|\n|-heal|p1b: Goodra|78/100|[from] item: Leftovers\n|upkeep\n|\n|t:|1788374507\n|switch|p2b: Sneasler|Sneasler, L50, F|31/100\n|turn|9\n|\n|t:|1788374517\n|move|p1b: Goodra|Protect|p1b: Goodra\n|-singleturn|p1b: Goodra|Protect\n|move|p1a: Sneasler|Close Combat|p2b: Sneasler\n|-resisted|p2b: Sneasler|1\n|-damage|p2b: Sneasler|0 fnt\n|-unboost|p1a: Sneasler|def|1\n|-unboost|p1a: Sneasler|spd|1\n|faint|p2b: Sneasler\n|move|p2a: Basculegion|Wave Crash|p1a: Sneasler\n|-damage|p1a: Sneasler|0 fnt\n|faint|p1a: Sneasler\n|-damage|p2a: Basculegion|75/100|[from] Recoil\n|\n|-heal|p1b: Goodra|84/100|[from] item: Leftovers\n|upkeep\n|-message|Olciax34 forfeited.\n|\n|win|TheBigMark\n","uploadtime":1788374526,"views":"5","formatid":"gen9championsvgc2026regmbbo3","rating":null,"private":0,"password":null}