{"id":"gen9championsvgc2026regmb-2674437764","format":"[Gen 9 Champions] VGC 2026 Reg M-B","players":["Orizor","Jenzz2"],"log":"|j|☆Orizor\n|j|☆Jenzz2\n|t:|1788359783\n|gametype|doubles\n|player|p1|Orizor|hilbert-wonderlauncher|1490\n|player|p2|Jenzz2|bruno|1556\n|gen|9\n|tier|[Gen 9 Champions] VGC 2026 Reg M-B\n|rated|\n|rule|Species Clause: Limit one of each Pokémon\n|rule|Item Clause: Limit 1 of each item\n|clearpoke\n|poke|p1|Charizard, L50, F|\n|poke|p1|Heliolisk, L50, M|\n|poke|p1|Garchomp, L50, F|\n|poke|p1|Kingambit, L50, M|\n|poke|p1|Basculegion, L50, M|\n|poke|p1|Whimsicott, L50, F|\n|poke|p2|Raichu, L50, M|\n|poke|p2|Whimsicott, L50, M|\n|poke|p2|Pelipper, L50, M|\n|poke|p2|Kingambit, L50, M|\n|poke|p2|Basculegion, L50, M|\n|poke|p2|Tsareena, L50, F|\n|teampreview|4\n|inactive|Battle timer is ON: inactive players will automatically lose when time's up. (requested by Jenzz2)\n|inactive|Orizor has 60 seconds left.\n|\n|t:|1788359824\n|teamsize|p1|4\n|teamsize|p2|4\n|start\n|switch|p1a: Garchomp|Garchomp, L50, F|100/100\n|switch|p1b: Whimsicott|Whimsicott, L50, F|100/100\n|switch|p2a: Raichu|Raichu, L50, M|100/100\n|switch|p2b: Whimsicott|Whimsicott, L50, M|100/100\n|turn|1\n|\n|t:|1788359845\n|detailschange|p2a: Raichu|Raichu-Mega-Y, L50, M\n|-mega|p2a: Raichu|Raichu|Raichunite Y\n|move|p2a: Raichu|Fake Out|p1a: Garchomp\n|-damage|p1a: Garchomp|90/100\n|-damage|p2a: Raichu|87/100|[from] ability: Rough Skin|[of] p1a: Garchomp\n|move|p1b: Whimsicott|Tailwind|p1b: Whimsicott\n|-sidestart|p1: Orizor|move: Tailwind\n|move|p2b: Whimsicott|Tailwind|p2b: Whimsicott\n|-sidestart|p2: Jenzz2|move: Tailwind\n|cant|p1a: Garchomp|flinch\n|\n|upkeep\n|turn|2\n|\n|t:|1788359859\n|switch|p2a: Pelipper|Pelipper, L50, M|100/100\n|-weather|RainDance|[from] ability: Drizzle|[of] p2a: Pelipper\n|move|p1b: Whimsicott|Encore|p2b: Whimsicott\n|-start|p2b: Whimsicott|Encore\n|move|p2b: Whimsicott|Tailwind||[still]\n|-fail|p2b: Whimsicott\n|move|p1a: Garchomp|Stomping Tantrum|p2a: Pelipper\n|-immune|p2a: Pelipper\n|\n|-weather|RainDance|[upkeep]\n|upkeep\n|turn|3\n|\n|t:|1788359878\n|switch|p2b: Kingambit|Kingambit, L50, M|100/100\n|move|p2a: Pelipper|Ice Beam|p1a: Garchomp\n|-supereffective|p1a: Garchomp|2\n|-damage|p1a: Garchomp|0 fnt\n|faint|p1a: Garchomp\n|move|p1b: Whimsicott|Moonblast|p2a: Pelipper\n|-damage|p2a: Pelipper|37/100\n|\n|-weather|RainDance|[upkeep]\n|upkeep\n|\n|t:|1788359886\n|switch|p1a: Charizard|Charizard, L50, F|100/100\n|turn|4\n|inactive|Jenzz2 has 30 seconds left.\n|\n|t:|1788359916\n|detailschange|p1a: Charizard|Charizard-Mega-Y, L50, F\n|-mega|p1a: Charizard|Charizard|Charizardite Y\n|-weather|SunnyDay|[from] ability: Drought|[of] p1a: Charizard\n|move|p2b: Kingambit|Sucker Punch|p1b: Whimsicott\n|-resisted|p1b: Whimsicott|1\n|-damage|p1b: Whimsicott|67/100\n|move|p2a: Pelipper|Ice Beam|p1b: Whimsicott\n|-supereffective|p1b: Whimsicott|1\n|-damage|p1b: Whimsicott|0 fnt\n|faint|p1b: Whimsicott\n|move|p1a: Charizard|Weather Ball|p2b: Kingambit\n|-supereffective|p2b: Kingambit|1\n|-damage|p2b: Kingambit|0 fnt\n|faint|p2b: Kingambit\n|\n|-weather|SunnyDay|[upkeep]\n|-sideend|p2: Jenzz2|move: Tailwind\n|-sideend|p1: Orizor|move: Tailwind\n|upkeep\n|\n|t:|1788359937\n|switch|p1b: Heliolisk|Heliolisk, L50, M|100/100\n|switch|p2b: Raichu|Raichu-Mega-Y, L50, M|87/100\n|turn|5\n|inactive|Jenzz2 has 30 seconds left.\n|inactive|Jenzz2 has 20 seconds left.\n|inactive|Jenzz2 has 15 seconds left.\n|inactive|Jenzz2 has 10 seconds left.\n|inactive|Jenzz2 has 5 seconds left.\n|\n|t:|1788359992\n|move|p2b: Raichu|Fake Out|p1b: Heliolisk\n|-damage|p1b: Heliolisk|82/100\n|cant|p1b: Heliolisk|flinch\n|move|p2a: Pelipper|Ice Beam|p1b: Heliolisk\n|-damage|p1b: Heliolisk|48/100\n|move|p1a: Charizard|Weather Ball|p2b: Raichu\n|-damage|p2b: Raichu|0 fnt\n|faint|p2b: Raichu\n|\n|-weather|SunnyDay|[upkeep]\n|-damage|p1b: Heliolisk|36/100|[from] ability: Solar Power|[of] p1b: Heliolisk\n|upkeep\n|\n|t:|1788360009\n|switch|p2b: Whimsicott|Whimsicott, L50, M|100/100\n|turn|6\n|\n|t:|1788360023\n|move|p1b: Heliolisk|Electroweb|p2b: Whimsicott|[spread] p2a,p2b\n|-supereffective|p2a: Pelipper|2\n|-resisted|p2b: Whimsicott|1\n|-damage|p2a: Pelipper|0 fnt\n|-damage|p2b: Whimsicott|72/100\n|-unboost|p2b: Whimsicott|spe|1\n|faint|p2a: Pelipper\n|move|p1a: Charizard|Heat Wave|p2b: Whimsicott\n|-supereffective|p2b: Whimsicott|1\n|-damage|p2b: Whimsicott|0 fnt\n|faint|p2b: Whimsicott\n|\n|win|Orizor\n|raw|Orizor's rating: 1490 &rarr; <strong>1514</strong><br />(+24 for winning)\n|raw|Jenzz2's rating: 1556 &rarr; <strong>1532</strong><br />(-24 for losing)\n|l|☆Jenzz2\n|player|p2|\n","uploadtime":1788360031,"views":"16","formatid":"gen9championsvgc2026regmb","rating":1514,"private":0,"password":null}