{"id":"gen9championsvgc2026regmb-2674263185","format":"[Gen 9 Champions] VGC 2026 Reg M-B","players":["Aranda Camilo","Thornlace48812"],"log":"|j|☆Aranda Camilo\n|j|☆Thornlace48812\n|t:|1788326272\n|gametype|doubles\n|player|p1|Aranda Camilo|ingo|1123\n|player|p2|Thornlace48812|1|1030\n|gen|9\n|tier|[Gen 9 Champions] VGC 2026 Reg M-B\n|rated|\n|rule|Species Clause: Limit one of each Pokémon\n|rule|Item Clause: Limit 1 of each item\n|clearpoke\n|poke|p1|Sneasler, L50, F, shiny|\n|poke|p1|Blastoise, L50, M, shiny|\n|poke|p1|Kingambit, L50, F|\n|poke|p1|Incineroar, L50, F|\n|poke|p1|Delphox, L50, F, shiny|\n|poke|p1|Whimsicott, L50, M|\n|poke|p2|Garchomp, L50, F|\n|poke|p2|Charizard, L50, F|\n|poke|p2|Whimsicott, L50, M|\n|poke|p2|Sylveon, L50, F|\n|poke|p2|Kingambit, L50, F|\n|poke|p2|Basculegion, L50, M|\n|teampreview|4\n|inactive|Battle timer is ON: inactive players will automatically lose when time's up. (requested by Thornlace48812)\nThornlace48812 rejected open team sheets.\n|\n|t:|1788326298\n|teamsize|p1|4\n|teamsize|p2|4\n|start\n|switch|p1a: Sneasler|Sneasler, L50, F, shiny|100/100\n|switch|p1b: Blastoise|Blastoise, L50, M, shiny|100/100\n|switch|p2a: Charizard|Charizard, L50, F|100/100\n|switch|p2b: Whimsicott|Whimsicott, L50, M|100/100\n|turn|1\n|\n|t:|1788326310\n|detailschange|p2a: Charizard|Charizard-Mega-Y, L50, F\n|-mega|p2a: Charizard|Charizard|Charizardite Y\n|-weather|SunnyDay|[from] ability: Drought|[of] p2a: Charizard\n|move|p1b: Blastoise|Protect|p1b: Blastoise\n|-singleturn|p1b: Blastoise|Protect\n|move|p2b: Whimsicott|Tailwind|p2b: Whimsicott\n|-sidestart|p2: Thornlace48812|move: Tailwind\n|move|p2a: Charizard|Heat Wave|p1b: Blastoise|[spread] p1a\n|-activate|p1b: Blastoise|move: Protect\n|-damage|p1a: Sneasler|15/100\n|move|p1a: Sneasler|Dire Claw|p2b: Whimsicott\n|-supereffective|p2b: Whimsicott|2\n|-enditem|p2b: Whimsicott|Focus Sash\n|-damage|p2b: Whimsicott|1/100\n|\n|-weather|SunnyDay|[upkeep]\n|upkeep\n|turn|2\n|inactive|Aranda Camilo has 30 seconds left.\n|\n|t:|1788326341\n|detailschange|p1b: Blastoise|Blastoise-Mega, L50, M, shiny\n|-mega|p1b: Blastoise|Blastoise|Blastoisinite\n|move|p2a: Charizard|Protect|p2a: Charizard\n|-singleturn|p2a: Charizard|Protect\n|move|p2b: Whimsicott|Encore|p1a: Sneasler\n|-start|p1a: Sneasler|Encore\n|move|p1a: Sneasler|Dire Claw|p2b: Whimsicott\n|-supereffective|p2b: Whimsicott|2\n|-damage|p2b: Whimsicott|0 fnt\n|faint|p2b: Whimsicott\n|move|p1b: Blastoise|Water Spout|p2a: Charizard\n|-activate|p2a: Charizard|move: Protect\n|\n|-weather|SunnyDay|[upkeep]\n|upkeep\n|\n|t:|1788326343\n|switch|p2b: Basculegion|Basculegion, L50, M|100/100\n|turn|3\n|\n|t:|1788326356\n|switch|p1a: Whimsicott|Whimsicott, L50, M|100/100\n|move|p1b: Blastoise|Protect|p1b: Blastoise\n|-singleturn|p1b: Blastoise|Protect\n|move|p2a: Charizard|Heat Wave|p1b: Blastoise|[spread] p1a\n|-activate|p1b: Blastoise|move: Protect\n|-supereffective|p1a: Whimsicott|1\n|-enditem|p1a: Whimsicott|Focus Sash\n|-damage|p1a: Whimsicott|1/100\n|move|p2b: Basculegion|Last Respects|p1b: Blastoise\n|-activate|p1b: Blastoise|move: Protect\n|\n|-weather|SunnyDay|[upkeep]\n|upkeep\n|turn|4\n|\n|t:|1788326370\n|move|p1a: Whimsicott|Tailwind|p1a: Whimsicott\n|-sidestart|p1: Aranda Camilo|move: Tailwind\n|move|p2a: Charizard|Heat Wave|p1a: Whimsicott|[spread] p1b\n|-miss|p2a: Charizard|p1a: Whimsicott\n|-resisted|p1b: Blastoise|1\n|-damage|p1b: Blastoise|63/100\n|-status|p1b: Blastoise|brn\n|move|p1b: Blastoise|Water Spout|p2b: Basculegion|[spread] p2a,p2b\n|-supereffective|p2a: Charizard|1\n|-resisted|p2b: Basculegion|1\n|-damage|p2a: Charizard|61/100\n|-damage|p2b: Basculegion|88/100\n|move|p2b: Basculegion|Last Respects|p1b: Blastoise\n|-damage|p1b: Blastoise|0 fnt\n|faint|p1b: Blastoise\n|\n|-weather|SunnyDay|[upkeep]\n|-sideend|p2: Thornlace48812|move: Tailwind\n|upkeep\n|\n|t:|1788326381\n|switch|p1b: Sneasler|Sneasler, L50, F, shiny|15/100\n|turn|5\n|\n|t:|1788326395\n|move|p1b: Sneasler|Close Combat|p2a: Charizard\n|-resisted|p2a: Charizard|1\n|-damage|p2a: Charizard|27/100\n|-unboost|p1b: Sneasler|def|1\n|-unboost|p1b: Sneasler|spd|1\n|-enditem|p1b: Sneasler|White Herb\n|-clearnegativeboost|p1b: Sneasler|[silent]\n|move|p1a: Whimsicott|Moonblast|p2a: Charizard\n|-resisted|p2a: Charizard|1\n|-damage|p2a: Charizard|10/100\n|move|p2a: Charizard|Heat Wave|p1b: Sneasler|[spread] p1a,p1b\n|-supereffective|p1a: Whimsicott|1\n|-crit|p1a: Whimsicott\n|-damage|p1a: Whimsicott|0 fnt\n|-damage|p1b: Sneasler|0 fnt\n|faint|p1a: Whimsicott\n|faint|p1b: Sneasler\n|move|p2b: Basculegion|Last Respects|p1: Whimsicott|[notarget]\n|-fail|p2b: Basculegion\n|\n|-weather|none\n|upkeep\n|\n|t:|1788326404\n|switch|p1b: Kingambit|Kingambit, L50, F|100/100\n|turn|6\n|\n|t:|1788326407\n|move|p2a: Charizard|Protect|p2a: Charizard\n|-singleturn|p2a: Charizard|Protect\n|move|p1b: Kingambit|Sucker Punch|p2b: Basculegion\n|-supereffective|p2b: Basculegion|1\n|-damage|p2b: Basculegion|0 fnt\n|faint|p2b: Basculegion\n|\n|upkeep\n|\n|t:|1788326408\n|switch|p2b: Sylveon|Sylveon, L50, F|100/100\n|turn|7\n|\n|t:|1788326416\n|move|p1b: Kingambit|Sucker Punch|p2a: Charizard\n|-damage|p2a: Charizard|0 fnt\n|faint|p2a: Charizard\n|move|p2b: Sylveon|Hyper Voice|p1b: Kingambit\n|-damage|p1b: Kingambit|31/100\n|\n|-sideend|p1: Aranda Camilo|move: Tailwind\n|upkeep\n|turn|8\n|\n|t:|1788326422\n|move|p1b: Kingambit|Sucker Punch|p2b: Sylveon\n|-resisted|p2b: Sylveon|1\n|-damage|p2b: Sylveon|71/100\n|move|p2b: Sylveon|Hyper Voice|p1b: Kingambit\n|-damage|p1b: Kingambit|0 fnt\n|faint|p1b: Kingambit\n|\n|win|Thornlace48812\n|raw|Aranda Camilo's rating: 1123 &rarr; <strong>1093</strong><br />(-30 for losing)\n|raw|Thornlace48812's rating: 1051 &rarr; <strong>1090</strong><br />(+39 for winning)\n","uploadtime":1788326423,"views":"4","formatid":"gen9championsvgc2026regmb","rating":1090,"private":0,"password":null}