{"id":"gen9championsvgc2026regmb-2674919112","format":"[Gen 9 Champions] VGC 2026 Reg M-B","players":["TESTDIGI","AnTree4"],"log":"|j|☆TESTDIGI\n|j|☆AnTree4\n|t:|1788435892\n|gametype|doubles\n|player|p1|TESTDIGI|169|1342\n|player|p2|AnTree4|102|1433\n|gen|9\n|tier|[Gen 9 Champions] VGC 2026 Reg M-B\n|rated|\n|rule|Species Clause: Limit one of each Pokémon\n|rule|Item Clause: Limit 1 of each item\n|clearpoke\n|poke|p1|Gholdengo, L50|\n|poke|p1|Staraptor, L50, M, shiny|\n|poke|p1|Tyranitar, L50, M|\n|poke|p1|Farigiraf, L50, M|\n|poke|p1|Whimsicott, L50, M, shiny|\n|poke|p1|Excadrill, L50, F|\n|poke|p2|Overqwil, L50, F|\n|poke|p2|Politoed, L50, M|\n|poke|p2|Froslass, L50, F|\n|poke|p2|Archaludon, L50, M|\n|poke|p2|Aerodactyl, L50, M|\n|poke|p2|Sneasler, L50, M|\n|teampreview|4\n|inactive|Battle timer is ON: inactive players will automatically lose when time's up. (requested by TESTDIGI)\n|\n|t:|1788435958\n|teamsize|p1|4\n|teamsize|p2|4\n|start\n|switch|p1a: Tyranitar|Tyranitar, L50, M|100/100\n|switch|p1b: Excadrill|Excadrill, L50, F|100/100\n|switch|p2a: Froslass|Froslass, L50, F|100/100\n|switch|p2b: Archaludon|Archaludon, L50, M|100/100\n|-weather|Sandstorm|[from] ability: Sand Stream|[of] p1a: Tyranitar\n|turn|1\n|\n|t:|1788435976\n|move|p2a: Froslass|Protect|p2a: Froslass\n|-singleturn|p2a: Froslass|Protect\n|move|p1b: Excadrill|High Horsepower|p2b: Archaludon\n|-supereffective|p2b: Archaludon|1\n|-damage|p2b: Archaludon|1/100\n|-ability|p2b: Archaludon|Stamina|boost\n|-boost|p2b: Archaludon|def|1\n|move|p2b: Archaludon|Flash Cannon|p1a: Tyranitar\n|-supereffective|p1a: Tyranitar|1\n|-damage|p1a: Tyranitar|51/100\n|move|p1a: Tyranitar|Knock Off|p2a: Froslass\n|-activate|p2a: Froslass|move: Protect\n|\n|-weather|Sandstorm|[upkeep]\n|-damage|p2a: Froslass|93/100|[from] Sandstorm\n|-heal|p2b: Archaludon|7/100|[from] item: Leftovers\n|upkeep\n|turn|2\n|\n|t:|1788435997\n|detailschange|p2a: Froslass|Froslass-Mega, L50, F\n|-mega|p2a: Froslass|Froslass|Froslassite\n|-weather|Snowscape|[from] ability: Snow Warning|[of] p2a: Froslass\n|move|p2b: Archaludon|Protect|p2b: Archaludon\n|-singleturn|p2b: Archaludon|Protect\n|move|p2a: Froslass|Blizzard|p1a: Tyranitar|[spread] p1a,p1b\n|-damage|p1a: Tyranitar|17/100\n|-damage|p1b: Excadrill|50/100g\n|move|p1b: Excadrill|High Horsepower|p2b: Archaludon\n|-activate|p2b: Archaludon|move: Protect\n|move|p1a: Tyranitar|Knock Off|p2a: Froslass\n|-supereffective|p2a: Froslass|1\n|-damage|p2a: Froslass|45/100\n|\n|-weather|Snowscape|[upkeep]\n|-heal|p2b: Archaludon|13/100|[from] item: Leftovers\n|upkeep\n|turn|3\n|\n|t:|1788436015\n|switch|p1a: Farigiraf|Farigiraf, L50, M|100/100\n|move|p1b: Excadrill|Protect|p1b: Excadrill\n|-singleturn|p1b: Excadrill|Protect\n|move|p2a: Froslass|Blizzard|p1a: Farigiraf|[spread] p1a\n|-activate|p1b: Excadrill|move: Protect\n|-crit|p1a: Farigiraf\n|-damage|p1a: Farigiraf|44/100\n|-enditem|p1a: Farigiraf|Sitrus Berry|[eat]\n|-heal|p1a: Farigiraf|69/100|[from] item: Sitrus Berry\n|move|p2b: Archaludon|Dragon Pulse|p1b: Excadrill\n|-activate|p1b: Excadrill|move: Protect\n|\n|-weather|Snowscape|[upkeep]\n|-heal|p2b: Archaludon|18/100|[from] item: Leftovers\n|upkeep\n|turn|4\n|\n|t:|1788436030\n|switch|p1b: Tyranitar|Tyranitar, L50, M|17/100\n|-weather|Sandstorm|[from] ability: Sand Stream|[of] p1b: Tyranitar\n|move|p2b: Archaludon|Protect|p2b: Archaludon\n|-singleturn|p2b: Archaludon|Protect\n|move|p2a: Froslass|Shadow Ball|p1b: Tyranitar\n|-resisted|p1b: Tyranitar|1\n|-damage|p1b: Tyranitar|6/100\n|move|p1a: Farigiraf|Nasty Plot|p1a: Farigiraf\n|-boost|p1a: Farigiraf|spa|2\n|\n|-weather|Sandstorm|[upkeep]\n|-damage|p2a: Froslass|38/100|[from] Sandstorm\n|-damage|p1a: Farigiraf|63/100|[from] Sandstorm\n|-heal|p2b: Archaludon|24/100|[from] item: Leftovers\n|upkeep\n|turn|5\n|\n|t:|1788436050\n|move|p2a: Froslass|Blizzard|p1a: Farigiraf|[spread] p1a,p1b\n|-damage|p1a: Farigiraf|23/100\n|-damage|p1b: Tyranitar|0 fnt\n|faint|p1b: Tyranitar\n|move|p2b: Archaludon|Dragon Pulse|p1a: Farigiraf\n|-damage|p1a: Farigiraf|0 fnt\n|faint|p1a: Farigiraf\n|\n|-weather|Sandstorm|[upkeep]\n|-damage|p2a: Froslass|32/100|[from] Sandstorm\n|-heal|p2b: Archaludon|30/100|[from] item: Leftovers\n|upkeep\n|\n|t:|1788436054\n|switch|p1b: Staraptor|Staraptor, L50, M, shiny|100/100\n|switch|p1a: Excadrill|Excadrill, L50, F|50/100g\n|-ability|p1b: Staraptor|Intimidate|boost\n|-unboost|p2a: Froslass|atk|1\n|-unboost|p2b: Archaludon|atk|1\n|turn|6\n|\n|t:|1788436069\n|detailschange|p1b: Staraptor|Staraptor-Mega, L50, M, shiny\n|-mega|p1b: Staraptor|Staraptor|Staraptite\n|move|p2b: Archaludon|Protect|p2b: Archaludon\n|-singleturn|p2b: Archaludon|Protect\n|move|p1a: Excadrill|Earthquake|p2a: Froslass|[spread] p2a\n|-activate|p2b: Archaludon|move: Protect\n|-immune|p1b: Staraptor\n|-damage|p2a: Froslass|0 fnt\n|faint|p2a: Froslass\n|move|p1b: Staraptor|Tailwind|p1b: Staraptor\n|-sidestart|p1: TESTDIGI|move: Tailwind\n|\n|-weather|Sandstorm|[upkeep]\n|-damage|p1b: Staraptor|94/100|[from] Sandstorm\n|-heal|p2b: Archaludon|36/100|[from] item: Leftovers\n|upkeep\n|\n|t:|1788436078\n|switch|p2a: Politoed|Politoed, L50, M|100/100\n|-weather|RainDance|[from] ability: Drizzle|[of] p2a: Politoed\n|turn|7\n|\n|t:|1788436092\n|move|p2b: Archaludon|Protect|p2b: Archaludon\n|-singleturn|p2b: Archaludon|Protect\n|move|p1b: Staraptor|Close Combat|p2a: Politoed\n|-damage|p2a: Politoed|43/100\n|-boost|p1b: Staraptor|def|1\n|-boost|p1b: Staraptor|spd|1\n|-enditem|p2a: Politoed|Sitrus Berry|[eat]\n|-heal|p2a: Politoed|68/100|[from] item: Sitrus Berry\n|move|p1a: Excadrill|Earthquake|p2b: Archaludon|[spread] p2a\n|-activate|p2b: Archaludon|move: Protect\n|-immune|p1b: Staraptor\n|-damage|p2a: Politoed|30/100\n|move|p2a: Politoed|Perish Song|p2a: Politoed\n|-start|p1a: Excadrill|perish3|[silent]\n|-start|p1b: Staraptor|perish3|[silent]\n|-start|p2a: Politoed|perish3|[silent]\n|-start|p2b: Archaludon|perish3|[silent]\n|-fieldactivate|move: Perish Song\n|\n|-weather|RainDance|[upkeep]\n|-heal|p2b: Archaludon|42/100|[from] item: Leftovers\n|-start|p1b: Staraptor|perish3\n|-start|p1a: Excadrill|perish3\n|-start|p2b: Archaludon|perish3\n|-start|p2a: Politoed|perish3\n|upkeep\n|turn|8\n|inactive|AnTree4 has 30 seconds left.\n|\n|t:|1788436120\n|switch|p2b: Overqwil|Overqwil, L50, F|100/100\n|move|p2a: Politoed|Protect|p2a: Politoed\n|-singleturn|p2a: Politoed|Protect\n|move|p1b: Staraptor|Close Combat|p2b: Overqwil\n|-damage|p2b: Overqwil|36/100\n|-boost|p1b: Staraptor|def|1\n|-boost|p1b: Staraptor|spd|1\n|move|p1a: Excadrill|Earthquake|p2b: Overqwil|[spread] p2b\n|-activate|p2a: Politoed|move: Protect\n|-immune|p1b: Staraptor\n|-supereffective|p2b: Overqwil|1\n|-damage|p2b: Overqwil|0 fnt\n|faint|p2b: Overqwil\n|\n|-weather|RainDance|[upkeep]\n|-start|p1b: Staraptor|perish2\n|-start|p1a: Excadrill|perish2\n|-start|p2a: Politoed|perish2\n|upkeep\n|\n|t:|1788436123\n|switch|p2b: Archaludon|Archaludon, L50, M|42/100\n|turn|9\n|\n|t:|1788436136\n|move|p2b: Archaludon|Protect|p2b: Archaludon\n|-singleturn|p2b: Archaludon|Protect\n|move|p1b: Staraptor|Close Combat|p2a: Politoed\n|-damage|p2a: Politoed|0 fnt\n|-boost|p1b: Staraptor|def|1\n|-boost|p1b: Staraptor|spd|1\n|faint|p2a: Politoed\n|move|p1a: Excadrill|Earthquake|p2b: Archaludon|[spread] \n|-activate|p2b: Archaludon|move: Protect\n|-immune|p1b: Staraptor\n|\n|-weather|RainDance|[upkeep]\n|-heal|p2b: Archaludon|47/100|[from] item: Leftovers\n|-start|p1b: Staraptor|perish1\n|-start|p1a: Excadrill|perish1\n|-sideend|p1: TESTDIGI|move: Tailwind\n|upkeep\n|turn|10\n|\n|t:|1788436151\n|move|p2b: Archaludon|Protect||[still]\n|-fail|p2b: Archaludon\n|move|p1b: Staraptor|Close Combat|p2b: Archaludon\n|-supereffective|p2b: Archaludon|1\n|-damage|p2b: Archaludon|0 fnt\n|-boost|p1b: Staraptor|def|1\n|-boost|p1b: Staraptor|spd|1\n|faint|p2b: Archaludon\n|\n|win|TESTDIGI\n","uploadtime":1788435894,"views":"0","formatid":"gen9championsvgc2026regmb","rating":null,"private":0,"password":null}