{"id":"gen9championsvgc2026regmb-2673994731","format":"[Gen 9 Champions] VGC 2026 Reg M-B","players":["iluminador","cynthialov3r"],"log":"|j|☆iluminador\n|j|☆cynthialov3r\n|t:|1788286044\n|gametype|doubles\n|player|p1|iluminador|265|1051\n|player|p2|cynthialov3r|265|1101\n|gen|9\n|tier|[Gen 9 Champions] VGC 2026 Reg M-B\n|rated|\n|rule|Species Clause: Limit one of each Pokémon\n|rule|Item Clause: Limit 1 of each item\n|clearpoke\n|poke|p1|Venusaur, L50, F|\n|poke|p1|Corviknight, L50, F|\n|poke|p1|Sinistcha-Masterpiece, L50|\n|poke|p1|Incineroar, L50, F|\n|poke|p1|Gallade, L50, M|\n|poke|p1|Sableye, L50, F|\n|poke|p2|Meowstic, L50, M, shiny|\n|poke|p2|Gallade, L50, M, shiny|\n|poke|p2|Delphox, L50, F, shiny|\n|poke|p2|Alakazam, L50, M|\n|poke|p2|Malamar, L50, F|\n|poke|p2|Espeon, L50, F|\n|teampreview|4\n|inactive|Battle timer is ON: inactive players will automatically lose when time's up. (requested by iluminador)\n|\n|t:|1788286070\n|teamsize|p1|4\n|teamsize|p2|4\n|start\n|switch|p1a: Incineroar|Incineroar, L50, F|100/100\n|switch|p1b: Sableye|Sableye, L50, F|100/100\n|switch|p2a: Malamar|Malamar, L50, F|100/100\n|switch|p2b: Meowstic|Meowstic, L50, M, shiny|100/100\n|-ability|p1a: Incineroar|Intimidate|boost\n|-boost|p2a: Malamar|atk|1\n|-unboost|p2b: Meowstic|atk|1\n|turn|1\n|\n|t:|1788286091\n|move|p2b: Meowstic|Reflect|p2b: Meowstic\n|-sidestart|p2: cynthialov3r|Reflect\n|move|p1b: Sableye|Reflect|p1b: Sableye\n|-sidestart|p1: iluminador|Reflect\n|move|p2a: Malamar|Superpower|p1a: Incineroar\n|-supereffective|p1a: Incineroar|1\n|-damage|p1a: Incineroar|34/100\n|-boost|p2a: Malamar|atk|1\n|-boost|p2a: Malamar|def|1\n|move|p1a: Incineroar|Darkest Lariat|p2b: Meowstic\n|-supereffective|p2b: Meowstic|1\n|-damage|p2b: Meowstic|26/100\n|\n|upkeep\n|turn|2\n|\n|t:|1788286115\n|switch|p1a: Corviknight|Corviknight, L50, F|100/100\n|-ability|p1a: Corviknight|Pressure\n|move|p2b: Meowstic|Light Screen|p2b: Meowstic\n|-sidestart|p2: cynthialov3r|move: Light Screen\n|move|p1b: Sableye|Skill Swap|p1a: Corviknight\n|-activate|p1b: Sableye|Skill Swap|||[of] p1a: Corviknight\n|-hint|Skill Swap does not announce the abilities of the Pokémon when used between allies.\n|-ability|p1b: Sableye|Pressure\n|move|p2a: Malamar|Superpower|p1a: Corviknight\n|-damage|p1a: Corviknight|58/100\n|-boost|p2a: Malamar|atk|1\n|-boost|p2a: Malamar|def|1\n|\n|upkeep\n|turn|3\n|inactive|cynthialov3r has 30 seconds left.\n|\n|t:|1788286141\n|switch|p1b: Sinistcha|Sinistcha-Masterpiece, L50|100/100\n|-heal|p1a: Corviknight|82/100|[from] ability: Hospitality|[of] p1b: Sinistcha\n|move|p2b: Meowstic|Thunder Wave|p1a: Corviknight\n|-status|p1a: Corviknight|par\n|move|p1a: Corviknight|Bulk Up|p1a: Corviknight\n|-boost|p1a: Corviknight|atk|1\n|-boost|p1a: Corviknight|def|1\n|move|p2a: Malamar|Superpower|p1a: Corviknight\n|-damage|p1a: Corviknight|48/100 par\n|-boost|p2a: Malamar|atk|1\n|-boost|p2a: Malamar|def|1\n|\n|upkeep\n|turn|4\n|inactive|iluminador has 30 seconds left.\n|inactive|cynthialov3r has 30 seconds left.\n|inactive|iluminador has 20 seconds left.\n|inactive|iluminador has 15 seconds left.\n|\n|t:|1788286183\n|move|p1b: Sinistcha|Rage Powder|p1b: Sinistcha\n|-singleturn|p1b: Sinistcha|move: Rage Powder\n|move|p2b: Meowstic|Thunder Wave|p1b: Sinistcha\n|-status|p1b: Sinistcha|par\n|move|p1a: Corviknight|Roost|p1a: Corviknight\n|-heal|p1a: Corviknight|98/100 par\n|-singleturn|p1a: Corviknight|move: Roost\n|move|p2a: Malamar|Knock Off|p1b: Sinistcha\n|-supereffective|p1b: Sinistcha|1\n|-damage|p1b: Sinistcha|0 fnt\n|-enditem|p1b: Sinistcha|Sitrus Berry|[from] move: Knock Off|[of] p2a: Malamar\n|faint|p1b: Sinistcha\n|\n|upkeep\n|\n|t:|1788286187\n|switch|p1b: Sableye|Sableye, L50, F|100/100\n|turn|5\n|\n|t:|1788286208\n|move|p1b: Sableye|Skill Swap|p2b: Meowstic\n|-activate|p1b: Sableye|Skill Swap|Prankster|Prankster|[of] p2b: Meowstic\n|move|p1a: Corviknight|Bulk Up|p1a: Corviknight\n|-boost|p1a: Corviknight|atk|1\n|-boost|p1a: Corviknight|def|1\n|move|p2b: Meowstic|Expanding Force|p1a: Corviknight\n|-resisted|p1a: Corviknight|1\n|-damage|p1a: Corviknight|89/100 par\n|move|p2a: Malamar|Superpower|p1a: Corviknight\n|-damage|p1a: Corviknight|61/100 par\n|-boost|p2a: Malamar|atk|1\n|-boost|p2a: Malamar|def|1\n|\n|upkeep\n|turn|6\n|inactive|cynthialov3r has 30 seconds left.\n|\n|t:|1788286235\n|move|p1b: Sableye|Skill Swap|p2a: Malamar\n|-hint|Since gen 7, Dark is immune to Prankster moves.\n|-immune|p2a: Malamar\n|move|p1a: Corviknight|Bulk Up|p1a: Corviknight\n|-boost|p1a: Corviknight|atk|1\n|-boost|p1a: Corviknight|def|1\n|move|p2b: Meowstic|Expanding Force|p1a: Corviknight\n|-resisted|p1a: Corviknight|1\n|-damage|p1a: Corviknight|52/100 par\n|move|p2a: Malamar|Superpower|p1a: Corviknight\n|-damage|p1a: Corviknight|23/100 par\n|-boost|p2a: Malamar|atk|1\n|-boost|p2a: Malamar|def|1\n|\n|upkeep\n|turn|7\n|\n|t:|1788286255\n|switch|p1b: Incineroar|Incineroar, L50, F|34/100\n|-ability|p1b: Incineroar|Intimidate|boost\n|-boost|p2a: Malamar|atk|0\n|-unboost|p2b: Meowstic|atk|1\n|move|p1a: Corviknight|Roost|p1a: Corviknight\n|-heal|p1a: Corviknight|74/100 par\n|-singleturn|p1a: Corviknight|move: Roost\n|move|p2b: Meowstic|Expanding Force|p1a: Corviknight\n|-resisted|p1a: Corviknight|1\n|-damage|p1a: Corviknight|65/100 par\n|move|p2a: Malamar|Superpower|p1a: Corviknight\n|-supereffective|p1a: Corviknight|1\n|-damage|p1a: Corviknight|0 fnt\n|-boost|p2a: Malamar|def|1\n|faint|p1a: Corviknight\n|\n|upkeep\n|\n|t:|1788286274\n|switch|p1a: Sableye|Sableye, L50, F|100/100\n|turn|8\n|-message|iluminador forfeited.\n|\n|win|cynthialov3r\n|raw|iluminador's rating: 1079 &rarr; <strong>1059</strong><br />(-20 for losing)\n|raw|cynthialov3r's rating: 1101 &rarr; <strong>1124</strong><br />(+23 for winning)\n|l|☆iluminador\n|player|p1|\n","uploadtime":1788286281,"views":"7","formatid":"gen9championsvgc2026regmb","rating":1059,"private":0,"password":null}