{"id":"gen9championsvgc2026regmb-2673888010","format":"[Gen 9 Champions] VGC 2026 Reg M-B","players":["Andsant23","ReiTolo07"],"log":"|j|☆Andsant23\n|j|☆ReiTolo07\n|t:|1788273315\n|gametype|doubles\n|player|p1|Andsant23|red|1136\n|player|p2|ReiTolo07|gentleman-gen4|1036\n|gen|9\n|tier|[Gen 9 Champions] VGC 2026 Reg M-B\n|rated|\n|rule|Species Clause: Limit one of each Pokémon\n|rule|Item Clause: Limit 1 of each item\n|clearpoke\n|poke|p1|Charizard, L50, M, shiny|\n|poke|p1|Venusaur, L50, F, shiny|\n|poke|p1|Incineroar, L50, F, shiny|\n|poke|p1|Sneasler, L50, M, shiny|\n|poke|p1|Basculegion, L50, M, shiny|\n|poke|p1|Garchomp, L50, M, shiny|\n|poke|p2|Rotom-Frost, L50|\n|poke|p2|Vanilluxe, L50, F|\n|poke|p2|Greninja, L50, M|\n|poke|p2|Kingambit, L50, M|\n|poke|p2|Ceruledge, L50, F|\n|poke|p2|Palafin, L50, M|\n|teampreview|4\n|inactive|Battle timer is ON: inactive players will automatically lose when time's up. (requested by Andsant23)\n|\n|t:|1788273368\n|teamsize|p1|4\n|teamsize|p2|4\n|start\n|switch|p1a: Charizard|Charizard, L50, M, shiny|100/100\n|switch|p1b: Venusaur|Venusaur, L50, F, shiny|100/100\n|switch|p2a: Ceruledge|Ceruledge, L50, F|100/100\n|switch|p2b: Rotom|Rotom-Frost, L50|100/100\n|turn|1\n|\n|t:|1788273387\n|detailschange|p1a: Charizard|Charizard-Mega-Y, L50, M, shiny\n|-mega|p1a: Charizard|Charizard|Charizardite Y\n|-weather|SunnyDay|[from] ability: Drought|[of] p1a: Charizard\n|move|p1b: Venusaur|Sleep Powder|p2a: Ceruledge\n|-status|p2a: Ceruledge|slp|[from] move: Sleep Powder\n|move|p2b: Rotom|Volt Switch|p1a: Charizard\n|-supereffective|p1a: Charizard|1\n|-damage|p1a: Charizard|34/100\n|\n|t:|1788273398\n|switch|p2b: Vanilluxe|Vanilluxe, L50, F|100/100|[from] Volt Switch\n|-weather|Snowscape|[from] ability: Snow Warning|[of] p2b: Vanilluxe\n|cant|p2a: Ceruledge|slp\n|move|p1a: Charizard|Heat Wave|p2a: Ceruledge|[spread] p2b\n|-start|p2a: Ceruledge|ability: Flash Fire\n|-supereffective|p2b: Vanilluxe|1\n|-damage|p2b: Vanilluxe|34/100\n|\n|-weather|Snowscape|[upkeep]\n|-heal|p2b: Vanilluxe|41/100|[from] item: Leftovers\n|upkeep\n|turn|2\n|\n|t:|1788273422\n|switch|p1b: Sneasler|Sneasler, L50, M, shiny|100/100\n|move|p1a: Charizard|Protect|p1a: Charizard\n|-singleturn|p1a: Charizard|Protect\n|move|p2b: Vanilluxe|Protect|p2b: Vanilluxe\n|-singleturn|p2b: Vanilluxe|Protect\n|-curestatus|p2a: Ceruledge|slp|[msg]\n|move|p2a: Ceruledge|Bitter Blade|p1b: Sneasler\n|-damage|p1b: Sneasler|0 fnt\n|faint|p1b: Sneasler\n|\n|-weather|Snowscape|[upkeep]\n|-heal|p2b: Vanilluxe|47/100|[from] item: Leftovers\n|upkeep\n|\n|t:|1788273438\n|switch|p1b: Basculegion|Basculegion, L50, M, shiny|100/100\n|turn|3\n|inactive|ReiTolo07 has 30 seconds left.\n|\n|t:|1788273467\n|switch|p1a: Venusaur|Venusaur, L50, F, shiny|100/100\n|move|p2a: Ceruledge|Shadow Sneak|p1a: Venusaur\n|-damage|p1a: Venusaur|71/100\n|move|p1b: Basculegion|Flip Turn|p2a: Ceruledge\n|-supereffective|p2a: Ceruledge|1\n|-damage|p2a: Ceruledge|0 fnt\n|faint|p2a: Ceruledge\n|\n|t:|1788273477\n|switch|p1b: Charizard|Charizard-Mega-Y, L50, M, shiny|34/100|[from] Flip Turn\n|-weather|SunnyDay|[from] ability: Drought|[of] p1b: Charizard\n|move|p2b: Vanilluxe|Freeze-Dry|p1b: Charizard\n|-damage|p1b: Charizard|6/100\n|\n|-weather|SunnyDay|[upkeep]\n|-heal|p2b: Vanilluxe|53/100|[from] item: Leftovers\n|upkeep\n|\n|t:|1788273480\n|switch|p2a: Kingambit|Kingambit, L50, M|100/100\n|-activate|p2a: Kingambit|ability: Supreme Overlord\n|-start|p2a: Kingambit|fallen1|[silent]\n|turn|4\n|\n|t:|1788273504\n|move|p1b: Charizard|Protect|p1b: Charizard\n|-singleturn|p1b: Charizard|Protect\n|move|p2a: Kingambit|Sucker Punch||[still]\n|-fail|p2a: Kingambit\n|move|p1a: Venusaur|Earth Power|p2a: Kingambit\n|-supereffective|p2a: Kingambit|1\n|-damage|p2a: Kingambit|42/100\n|move|p2b: Vanilluxe|Freeze-Dry|p1a: Venusaur\n|-supereffective|p1a: Venusaur|1\n|-crit|p1a: Venusaur\n|-damage|p1a: Venusaur|0 fnt\n|faint|p1a: Venusaur\n|\n|-weather|SunnyDay|[upkeep]\n|-heal|p2b: Vanilluxe|59/100|[from] item: Leftovers\n|upkeep\n|\n|t:|1788273516\n|switch|p1a: Basculegion|Basculegion, L50, M, shiny|100/100\n|turn|5\n|\n|t:|1788273529\n|move|p2a: Kingambit|Sucker Punch|p1b: Charizard\n|-damage|p1b: Charizard|0 fnt\n|faint|p1b: Charizard\n|move|p1a: Basculegion|Last Respects|p2b: Vanilluxe\n|-damage|p2b: Vanilluxe|0 fnt\n|faint|p2b: Vanilluxe\n|\n|-weather|SunnyDay|[upkeep]\n|upkeep\n|\n|t:|1788273533\n|switch|p2b: Rotom|Rotom-Frost, L50|100/100\n|turn|6\n|\n|t:|1788273543\n|move|p2a: Kingambit|Sucker Punch|p1a: Basculegion\n|-supereffective|p1a: Basculegion|1\n|-damage|p1a: Basculegion|0 fnt\n|faint|p1a: Basculegion\n|\n|win|ReiTolo07\n|raw|Andsant23's rating: 1136 &rarr; <strong>1104</strong><br />(-32 for losing)\n|raw|ReiTolo07's rating: 1036 &rarr; <strong>1080</strong><br />(+44 for winning)\n|l|☆Andsant23\n|player|p1|\n","uploadtime":1788273550,"views":"1","formatid":"gen9championsvgc2026regmb","rating":1080,"private":0,"password":null}