{"id":"gen9championsvgc2026regmb-2674145005","format":"[Gen 9 Champions] VGC 2026 Reg M-B","players":["nicolastomato","HornetSilksong2"],"log":"|j|☆nicolastomato\n|j|☆HornetSilksong2\n|t:|1788305824\n|gametype|doubles\n|player|p1|nicolastomato|265|1297\n|player|p2|HornetSilksong2|1|1310\n|gen|9\n|tier|[Gen 9 Champions] VGC 2026 Reg M-B\n|rated|\n|rule|Species Clause: Limit one of each Pokémon\n|rule|Item Clause: Limit 1 of each item\n|clearpoke\n|poke|p1|Cofagrigus, L50, M|\n|poke|p1|Mawile, L50, F|\n|poke|p1|Torkoal, L50, F|\n|poke|p1|Kangaskhan, L50, F|\n|poke|p1|Basculegion, L50, M|\n|poke|p1|Ampharos, L50, M|\n|poke|p2|Sceptile, L50, M|\n|poke|p2|Maushold-Four, L50|\n|poke|p2|Incineroar, L50, M|\n|poke|p2|Floette-Eternal, L50, F|\n|poke|p2|Basculegion, L50, M|\n|poke|p2|Jolteon, L50, F|\n|teampreview|4\n|inactive|Battle timer is ON: inactive players will automatically lose when time's up. (requested by HornetSilksong2)\nHornetSilksong2 rejected open team sheets.\n|inactive|HornetSilksong2 has 60 seconds left.\n|inactive|nicolastomato has 60 seconds left.\n|\n|t:|1788305867\n|teamsize|p1|4\n|teamsize|p2|4\n|start\n|switch|p1a: Cofagrigus|Cofagrigus, L50, M|100/100\n|switch|p1b: Torkoal|Torkoal, L50, F|100/100\n|switch|p2a: Jolteon|Jolteon, L50, F|100/100\n|switch|p2b: Sceptile|Sceptile, L50, M|100/100\n|-weather|SunnyDay|[from] ability: Drought|[of] p1b: Torkoal\n|turn|1\n|\n|t:|1788305880\n|detailschange|p2b: Sceptile|Sceptile-Mega, L50, M\n|-mega|p2b: Sceptile|Sceptile|Sceptilite\n|move|p1b: Torkoal|Protect|p1b: Torkoal\n|-singleturn|p1b: Torkoal|Protect\n|move|p2a: Jolteon|Discharge|p1a: Cofagrigus|[spread] p1a\n|-activate|p1b: Torkoal|move: Protect\n|-ability|p2b: Sceptile|Lightning Rod|boost\n|-boost|p2b: Sceptile|spa|1\n|-damage|p1a: Cofagrigus|75/100\n|move|p2b: Sceptile|Leaf Storm|p1a: Cofagrigus|[miss]\n|-miss|p2b: Sceptile|p1a: Cofagrigus\n|move|p1a: Cofagrigus|Trick Room|p1a: Cofagrigus\n|-fieldstart|move: Trick Room|[of] p1a: Cofagrigus\n|\n|-weather|SunnyDay|[upkeep]\n|upkeep\n|turn|2\n|c|☆HornetSilksong2|bruh\n|inactive|nicolastomato has 30 seconds left.\n|inactive|HornetSilksong2 has 30 seconds left.\n|\n|t:|1788305915\n|move|p1b: Torkoal|Eruption|p2a: Jolteon|[spread] p2a,p2b\n|-enditem|p2a: Jolteon|Focus Sash\n|-damage|p2a: Jolteon|1/100\n|-damage|p2b: Sceptile|0 fnt\n|faint|p2b: Sceptile\n|move|p1a: Cofagrigus|Hex|p2a: Jolteon\n|-damage|p2a: Jolteon|0 fnt\n|faint|p2a: Jolteon\n|\n|-weather|SunnyDay|[upkeep]\n|upkeep\n|\n|t:|1788305920\n|switch|p2b: Maushold|Maushold-Four, L50|100/100\n|switch|p2a: Incineroar|Incineroar, L50, M|100/100\n|-ability|p2a: Incineroar|Intimidate|boost\n|-unboost|p1a: Cofagrigus|atk|1\n|-unboost|p1b: Torkoal|atk|1\n|turn|3\n|\n|t:|1788305934\n|move|p2a: Incineroar|Fake Out|p1b: Torkoal\n|-damage|p1b: Torkoal|89/100\n|cant|p1b: Torkoal|flinch\n|move|p1a: Cofagrigus|Will-O-Wisp|p2b: Maushold|[miss]\n|-miss|p1a: Cofagrigus|p2b: Maushold\n|move|p2b: Maushold|Population Bomb|p1b: Torkoal\n|-damage|p1b: Torkoal|80/100\n|-damage|p1b: Torkoal|72/100\n|-crit|p1b: Torkoal\n|-damage|p1b: Torkoal|57/100\n|-damage|p1b: Torkoal|48/100\n|-damage|p1b: Torkoal|39/100\n|-damage|p1b: Torkoal|31/100\n|-damage|p1b: Torkoal|22/100\n|-damage|p1b: Torkoal|13/100\n|-damage|p1b: Torkoal|5/100\n|-damage|p1b: Torkoal|0 fnt\n|faint|p1b: Torkoal\n|-hitcount|p1: Torkoal|10\n|\n|-weather|SunnyDay|[upkeep]\n|upkeep\n|c|☆nicolastomato|bruh\n|\n|t:|1788305956\n|switch|p1b: Mawile|Mawile, L50, F|100/100\n|turn|4\n|\n|t:|1788305972\n|detailschange|p1b: Mawile|Mawile-Mega, L50, F\n|-mega|p1b: Mawile|Mawile|Mawilite\n|move|p2b: Maushold|Follow Me|p2b: Maushold\n|-singleturn|p2b: Maushold|move: Follow Me\n|move|p1a: Cofagrigus|Will-O-Wisp|p2b: Maushold\n|-status|p2b: Maushold|brn\n|move|p1b: Mawile|Play Rough|p2b: Maushold\n|-damage|p2b: Maushold|0 fnt\n|faint|p2b: Maushold\n|move|p2a: Incineroar|Flare Blitz|p1b: Mawile\n|-supereffective|p1b: Mawile|1\n|-damage|p1b: Mawile|0 fnt\n|faint|p1b: Mawile\n|-damage|p2a: Incineroar|73/100|[from] Recoil\n|\n|-weather|SunnyDay|[upkeep]\n|upkeep\n|\n|t:|1788305988\n|switch|p1b: Basculegion|Basculegion, L50, M|100/100\n|turn|5\n|\n|t:|1788306002\n|move|p1b: Basculegion|Aqua Jet|p2a: Incineroar\n|-supereffective|p2a: Incineroar|1\n|-damage|p2a: Incineroar|47/100\n|-enditem|p2a: Incineroar|Sitrus Berry|[eat]\n|-heal|p2a: Incineroar|72/100|[from] item: Sitrus Berry\n|move|p1a: Cofagrigus|Hex|p2a: Incineroar\n|-resisted|p2a: Incineroar|1\n|-damage|p2a: Incineroar|61/100\n|move|p2a: Incineroar|Throat Chop|p1b: Basculegion\n|-supereffective|p1b: Basculegion|1\n|-damage|p1b: Basculegion|0 fnt\n|faint|p1b: Basculegion\n|\n|-weather|none\n|-fieldend|move: Trick Room\n|upkeep\n|turn|6\n|\n|t:|1788306018\n|move|p1a: Cofagrigus|Protect|p1a: Cofagrigus\n|-singleturn|p1a: Cofagrigus|Protect\n|move|p2a: Incineroar|Throat Chop|p1a: Cofagrigus\n|-activate|p1a: Cofagrigus|move: Protect\n|\n|upkeep\n|turn|7\n|\n|t:|1788306025\n|move|p2a: Incineroar|Throat Chop|p1a: Cofagrigus\n|-supereffective|p1a: Cofagrigus|1\n|-damage|p1a: Cofagrigus|23/100\n|-start|p1a: Cofagrigus|Throat Chop|[silent]\n|-activate|p1a: Cofagrigus|ability: Mummy|p2a: Incineroar|[ability] Intimidate\n|move|p1a: Cofagrigus|Hex|p2a: Incineroar\n|-resisted|p2a: Incineroar|1\n|-damage|p2a: Incineroar|52/100\n|\n|upkeep\n|turn|8\n|\n|t:|1788306033\n|move|p1a: Cofagrigus|Protect|p1a: Cofagrigus\n|-singleturn|p1a: Cofagrigus|Protect\n|move|p2a: Incineroar|Throat Chop|p1a: Cofagrigus\n|-activate|p1a: Cofagrigus|move: Protect\n|\n|-end|p1a: Cofagrigus|Throat Chop|[silent]\n|upkeep\n|turn|9\n|c|☆HornetSilksong2|incin I love you\n|\n|t:|1788306038\n|move|p1a: Cofagrigus|Protect||[still]\n|-fail|p1a: Cofagrigus\n|move|p2a: Incineroar|Throat Chop|p1a: Cofagrigus\n|-supereffective|p1a: Cofagrigus|1\n|-damage|p1a: Cofagrigus|0 fnt\n|faint|p1a: Cofagrigus\n|\n|win|HornetSilksong2\n|raw|nicolastomato's rating: 1297 &rarr; <strong>1273</strong><br />(-24 for losing)\n|raw|HornetSilksong2's rating: 1310 &rarr; <strong>1329</strong><br />(+19 for winning)\n|l|☆nicolastomato\n|player|p1|\n|c|☆HornetSilksong2|gg\n","uploadtime":1788306053,"views":"7","formatid":"gen9championsvgc2026regmb","rating":1273,"private":0,"password":null}