{"id":"gen9championsvgc2026regmbbo3-2673850402","format":"[Gen 9 Champions] VGC 2026 Reg M-B (Bo3)","players":["mxi50","humania1"],"log":"|j|☆mxi50\n|j|☆humania1\n|html|<table width=\"100%\"><tr><td align=\"left\">mxi50</td><td align=\"right\">humania1</tr><tr><td align=\"left\"><i class=\"fa fa-circle-o\"></i> <i class=\"fa fa-circle-o\"></i> </td><td align=\"right\"><i class=\"fa fa-circle-o\"></i> <i class=\"fa fa-circle-o\"></i> </tr></table>\n|uhtml|bestof|<h2><strong>Game 1</strong> of <a href=\"/game-bestof3-gen9championsvgc2026regmbbo3-2673850401\">a best-of-3</a></h2>\n|t:|1788268325\n|gametype|doubles\n|player|p1|mxi50|102|1172\n|player|p2|humania1|265|1043\n|gen|9\n|tier|[Gen 9 Champions] VGC 2026 Reg M-B (Bo3)\n|rated|\n|rule|Species Clause: Limit one of each Pokémon\n|rule|Item Clause: Limit 1 of each item\n|clearpoke\n|poke|p1|Dragonite, L50, M|\n|poke|p1|Swampert, L50, M|\n|poke|p1|Pelipper, L50, M|\n|poke|p1|Archaludon, L50, F|\n|poke|p1|Grimmsnarl, L50, M|\n|poke|p1|Scizor, L50, F|\n|poke|p2|Blastoise, L50, F|\n|poke|p2|Delphox, L50, F, shiny|\n|poke|p2|Incineroar, L50, F|\n|poke|p2|Sinistcha, L50|\n|poke|p2|Sneasler, L50, M|\n|poke|p2|Vivillon, L50, M|\n|teampreview|4\n|showteam|p1|Dragonite||Dragoninite|InnerFocus|Hurricane,HeatWave,DragonPulse,Protect|Modest||M|||50|]Swampert||Swampertite|Torrent|WaveCrash,EarthPower,IcePunch,Protect|Adamant||M|||50|]Pelipper||FocusSash|KeenEye|Tailwind,WeatherBall,Hurricane,WideGuard|Modest||M|||50|]Archaludon||Leftovers|Stamina|DragonPulse,FlashCannon,ElectroShot,Protect|Calm||F|||50|]Grimmsnarl||LightClay|Prankster|SpiritBreak,SuckerPunch,Reflect,LightScreen|Adamant||M|||50|]Scizor||LifeOrb|Technician|BulletPunch,BugBite,Trailblaze,Protect|Adamant||F|||50|\n|showteam|p2|Blastoise||Blastoisinite|Torrent|Protect,ShellSmash,WaterSpout,DarkPulse|Modest||F|||50|]Delphox||Delphoxite|Blaze|Protect,HeatWave,Psyshock,NastyPlot|Timid||F|||50|]Incineroar||PasshoBerry|Intimidate|FakeOut,PartingShot,FlareBlitz,ThroatChop|Impish||F|||50|]Sinistcha||SitrusBerry|Hospitality|Protect,MatchaGotcha,TrickRoom,RagePowder|Bold|||||50|]Sneasler||FocusSash|PoisonTouch|QuickGuard,FakeOut,CloseCombat,DireClaw|Jolly||M|||50|]Vivillon||ChoiceScarf|CompoundEyes|Hurricane,SleepPowder,RagePowder,Uturn|Timid||M|||50|\n|inactive|Battle timer is ON: inactive players will automatically lose when time's up. (requested by humania1)\n|inactive|mxi50 has 60 seconds left.\n|\n|t:|1788268362\n|teamsize|p1|4\n|teamsize|p2|4\n|start\n|switch|p1a: Dragonite|Dragonite, L50, M|100/100\n|switch|p1b: Pelipper|Pelipper, L50, M|100/100\n|switch|p2a: Blastoise|Blastoise, L50, F|100/100\n|switch|p2b: Incineroar|Incineroar, L50, F|100/100\n|-ability|p2b: Incineroar|Intimidate|boost\n|-fail|p1a: Dragonite|unboost|Attack|[from] ability: Inner Focus|[of] p1a: Dragonite\n|-unboost|p1b: Pelipper|atk|1\n|turn|1\n|\n|t:|1788268379\n|detailschange|p2a: Blastoise|Blastoise-Mega, L50, F\n|-mega|p2a: Blastoise|Blastoise|Blastoisinite\n|detailschange|p1a: Dragonite|Dragonite-Mega, L50, M\n|-mega|p1a: Dragonite|Dragonite|Dragoninite\n|move|p2a: Blastoise|Water Spout|p1a: Dragonite|[spread] p1a,p1b\n|-resisted|p1a: Dragonite|1\n|-resisted|p1b: Pelipper|1\n|-damage|p1a: Dragonite|88/100\n|-damage|p1b: Pelipper|53/100\n|move|p1a: Dragonite|Hurricane|p2a: Blastoise\n|-damage|p2a: Blastoise|31/100\n|move|p2b: Incineroar|Throat Chop|p1b: Pelipper\n|-damage|p1b: Pelipper|22/100\n|-start|p1b: Pelipper|Throat Chop|[silent]\n|move|p1b: Pelipper|Tailwind|p1b: Pelipper\n|-sidestart|p1: mxi50|move: Tailwind\n|\n|upkeep\n|turn|2\n|\n|t:|1788268396\n|move|p1b: Pelipper|Wide Guard|p1b: Pelipper\n|-singleturn|p1b: Pelipper|Wide Guard\n|move|p1a: Dragonite|Heat Wave|p2b: Incineroar|[spread] p2a,p2b\n|-resisted|p2a: Blastoise|1\n|-resisted|p2b: Incineroar|1\n|-damage|p2a: Blastoise|17/100\n|-damage|p2b: Incineroar|85/100\n|move|p2a: Blastoise|Water Spout|p1b: Pelipper|[spread] \n|-activate|p1a: Dragonite|move: Wide Guard\n|-activate|p1b: Pelipper|move: Wide Guard\n|move|p2b: Incineroar|Throat Chop|p1b: Pelipper\n|-damage|p1b: Pelipper|0 fnt\n|faint|p1b: Pelipper\n|\n|upkeep\n|\n|t:|1788268402\n|switch|p1b: Scizor|Scizor, L50, F|100/100\n|turn|3\n|\n|t:|1788268410\n|switch|p1b: Archaludon|Archaludon, L50, F|100/100\n|move|p2a: Blastoise|Protect|p2a: Blastoise\n|-singleturn|p2a: Blastoise|Protect\n|move|p1a: Dragonite|Dragon Pulse|p2a: Blastoise\n|-activate|p2a: Blastoise|move: Protect\n|move|p2b: Incineroar|Flare Blitz|p1b: Archaludon\n|-damage|p1b: Archaludon|66/100\n|-ability|p1b: Archaludon|Stamina|boost\n|-boost|p1b: Archaludon|def|1\n|-damage|p2b: Incineroar|74/100|[from] Recoil\n|\n|-heal|p1b: Archaludon|72/100|[from] item: Leftovers\n|upkeep\n|turn|4\n|\n|t:|1788268426\n|move|p1a: Dragonite|Dragon Pulse|p2b: Incineroar\n|-damage|p2b: Incineroar|27/100\n|move|p1b: Archaludon|Dragon Pulse|p2a: Blastoise\n|-damage|p2a: Blastoise|0 fnt\n|faint|p2a: Blastoise\n|move|p2b: Incineroar|Throat Chop|p1a: Dragonite\n|-damage|p1a: Dragonite|61/100\n|-start|p1a: Dragonite|Throat Chop|[silent]\n|\n|-heal|p1b: Archaludon|78/100|[from] item: Leftovers\n|-sideend|p1: mxi50|move: Tailwind\n|upkeep\n|\n|t:|1788268427\n|switch|p2a: Sneasler|Sneasler, L50, M|100/100\n|turn|5\n|\n|t:|1788268433\n|move|p1b: Archaludon|Protect|p1b: Archaludon\n|-singleturn|p1b: Archaludon|Protect\n|move|p2a: Sneasler|Dire Claw|p1a: Dragonite\n|-damage|p1a: Dragonite|23/100\n|-status|p1a: Dragonite|psn\n|move|p1a: Dragonite|Heat Wave|p2a: Sneasler|[spread] p2a,p2b\n|-crit|p2a: Sneasler\n|-resisted|p2b: Incineroar|1\n|-damage|p2a: Sneasler|36/100\n|-damage|p2b: Incineroar|13/100\n|move|p2b: Incineroar|Throat Chop|p1a: Dragonite\n|-damage|p1a: Dragonite|0 fnt\n|faint|p1a: Dragonite\n|\n|-heal|p1b: Archaludon|84/100|[from] item: Leftovers\n|upkeep\n|\n|t:|1788268454\n|switch|p1a: Scizor|Scizor, L50, F|100/100\n|turn|6\n|\n|t:|1788268460\n|move|p1a: Scizor|Bullet Punch|p2a: Sneasler\n|-damage|p2a: Sneasler|0 fnt\n|faint|p2a: Sneasler\n|-damage|p1a: Scizor|90/100|[from] item: Life Orb\n|move|p1b: Archaludon|Dragon Pulse|p2b: Incineroar\n|-damage|p2b: Incineroar|0 fnt\n|faint|p2b: Incineroar\n|\n|-heal|p1b: Archaludon|90/100|[from] item: Leftovers\n|upkeep\n|\n|t:|1788268460\n|switch|p2b: Sinistcha|Sinistcha, L50|100/100\n|turn|7\n|\n|t:|1788268466\n|move|p1b: Archaludon|Dragon Pulse|p2b: Sinistcha\n|-damage|p2b: Sinistcha|68/100\n|move|p1a: Scizor|Bug Bite|p2b: Sinistcha\n|-damage|p2b: Sinistcha|10/100\n|-enditem|p2b: Sinistcha|Sitrus Berry|[from] stealeat|[move] Bug Bite|[of] p1a: Scizor\n|-heal|p1a: Scizor|100/100|[from] item: Sitrus Berry\n|-damage|p1a: Scizor|90/100|[from] item: Life Orb\n|move|p2b: Sinistcha|Trick Room|p2b: Sinistcha\n|-fieldstart|move: Trick Room|[of] p2b: Sinistcha\n|\n|-heal|p1b: Archaludon|96/100|[from] item: Leftovers\n|upkeep\n|turn|8\n|\n|t:|1788268476\n|move|p2b: Sinistcha|Protect|p2b: Sinistcha\n|-singleturn|p2b: Sinistcha|Protect\n|move|p1a: Scizor|Bullet Punch|p2b: Sinistcha\n|-activate|p2b: Sinistcha|move: Protect\n|move|p1b: Archaludon|Dragon Pulse|p2b: Sinistcha\n|-activate|p2b: Sinistcha|move: Protect\n|\n|-heal|p1b: Archaludon|100/100|[from] item: Leftovers\n|upkeep\n|turn|9\n|\n|t:|1788268487\n|move|p2b: Sinistcha|Protect||[still]\n|-fail|p2b: Sinistcha\n|move|p1a: Scizor|Bullet Punch|p2b: Sinistcha\n|-damage|p2b: Sinistcha|0 fnt\n|faint|p2b: Sinistcha\n|-damage|p1a: Scizor|80/100|[from] item: Life Orb\n|\n|win|mxi50\n","uploadtime":1788268487,"views":"5","formatid":"gen9championsvgc2026regmbbo3","rating":null,"private":0,"password":null}