{"id":"gen9championsvgc2026regmbbo3-2673486914","format":"[Gen 9 Champions] VGC 2026 Reg M-B (Bo3)","players":["affableCritter","Frisk Azzy"],"log":"|j|☆affableCritter\n|j|☆Frisk Azzy\n|html|<table width=\"100%\"><tr><td align=\"left\">affableCritter</td><td align=\"right\">Frisk Azzy</tr><tr><td align=\"left\"><i class=\"fa fa-circle-o\"></i> <i class=\"fa fa-circle-o\"></i> </td><td align=\"right\"><i class=\"fa fa-circle-o\"></i> <i class=\"fa fa-circle-o\"></i> </tr></table>\n|uhtml|bestof|<h2><strong>Game 1</strong> of <a href=\"/game-bestof3-gen9championsvgc2026regmbbo3-2673486912\">a best-of-3</a></h2>\n|t:|1788203658\n|gametype|doubles\n|player|p1|affableCritter|harlequin|\n|player|p2|Frisk Azzy|riley|\n|gen|9\n|tier|[Gen 9 Champions] VGC 2026 Reg M-B (Bo3)\n|rule|Species Clause: Limit one of each Pokémon\n|rule|Item Clause: Limit 1 of each item\n|clearpoke\n|poke|p1|Raichu, L50, M|\n|poke|p1|Aerodactyl, L50, M|\n|poke|p1|Kingambit, L50, F|\n|poke|p1|Sneasler, L50, M|\n|poke|p1|Basculegion, L50, M|\n|poke|p1|Sylveon, L50, F|\n|poke|p2|Gallade, L50, M, shiny|\n|poke|p2|Maushold-Four, L50|\n|poke|p2|Zoroark-Hisui, L50, M, shiny|\n|poke|p2|Luxray, L50, M, shiny|\n|poke|p2|Noivern, L50, F|\n|poke|p2|Gardevoir, L50, M|\n|teampreview|4\n|showteam|p1|Raichu||RaichuniteY|LightningRod|FakeOut,ZapCannon,FocusBlast,Protect|Timid||M|||50|]Aerodactyl||Aerodactylite|Unnerve|RockSlide,DualWingbeat,IceFang,Tailwind|Jolly||M|||50|]Kingambit||FocusSash|Defiant|KowtowCleave,SuckerPunch,LowKick,Protect|Adamant||F|||50|]Sneasler||WhiteHerb|Unburden|FakeOut,CloseCombat,DireClaw,Feint|Jolly||M|||50|]Basculegion||MysticWater|Adaptability|AquaJet,WaveCrash,LastRespects,Protect|Adamant||M|||50|]Sylveon||FairyFeather|Pixilate|HyperVoice,QuickAttack,HyperBeam,Detect|Modest||F|||50|\n|showteam|p2|Gallade||Galladite|Justified|Protect,SacredSword,PsychoCut,ShadowSneak|Brave||M|||50|]Maushold-Four||Leftovers|FriendGuard|BeatUp,FollowMe,PopulationBomb,Protect|Jolly|||||50|]Zoroark-Hisui||FocusSash|Illusion|BitterMalice,IcyWind,Protect,HyperVoice|Timid||M|||50|]Luxray||SitrusBerry|Intimidate|WildCharge,Protect,VoltSwitch,Crunch|Sassy||M|||50|]Noivern||YacheBerry|Infiltrator|Tailwind,HyperVoice,DragonPulse,Protect|Timid||F|||50|]Gardevoir||Gardevoirite|Synchronize|HyperVoice,PsychicNoise,IcyWind,Protect|Timid||M|||50|\n|inactive|Battle timer is ON: inactive players will automatically lose when time's up. (requested by affableCritter)\n|inactiveoff|Battle timer is now OFF.\n|\n|t:|1788203728\n|teamsize|p1|4\n|teamsize|p2|4\n|start\n|switch|p1a: Raichu|Raichu, L50, M|100/100\n|switch|p1b: Basculegion|Basculegion, L50, M|100/100\n|switch|p2a: Noivern|Noivern, L50, F|100/100\n|switch|p2b: Gardevoir|Gardevoir, L50, M|100/100\n|turn|1\n|inactive|Battle timer is ON: inactive players will automatically lose when time's up. (requested by affableCritter)\n|\n|t:|1788203750\n|detailschange|p1a: Raichu|Raichu-Mega-Y, L50, M\n|-mega|p1a: Raichu|Raichu|Raichunite Y\n|detailschange|p2b: Gardevoir|Gardevoir-Mega, L50, M\n|-mega|p2b: Gardevoir|Gardevoir|Gardevoirite\n|move|p1a: Raichu|Fake Out|p2a: Noivern\n|-immune|p2a: Noivern\n|move|p2a: Noivern|Icy Wind|p1a: Raichu|[spread] p1a,p1b\n|-resisted|p1b: Basculegion|1\n|-damage|p1a: Raichu|80/100\n|-damage|p1b: Basculegion|93/100\n|-unboost|p1a: Raichu|spe|1\n|-unboost|p1b: Basculegion|spe|1\n|move|p2b: Gardevoir|Hyper Voice|p1a: Raichu|[spread] p1a,p1b\n|-damage|p1a: Raichu|10/100\n|-damage|p1b: Basculegion|44/100\n|move|p1b: Basculegion|Wave Crash|p2b: Gardevoir\n|-damage|p2b: Gardevoir|0 fnt\n|faint|p2b: Gardevoir\n|-damage|p1b: Basculegion|22/100|[from] Recoil\n|\n|upkeep\n|\n|t:|1788203767\n|switch|p2b: Noivern|Noivern, L50, F|100/100\n|turn|2\n|\n|t:|1788203791\n|switch|p1b: Kingambit|Kingambit, L50, F|100/100\n|move|p2b: Noivern|Tailwind|p2b: Noivern\n|-sidestart|p2: Frisk Azzy|move: Tailwind\n|move|p2a: Noivern|Hyper Voice|p1a: Raichu|[spread] p1a,p1b\n|-resisted|p1b: Kingambit|1\n|-damage|p1a: Raichu|0 fnt\n|-damage|p1b: Kingambit|84/100\n|faint|p1a: Raichu\n|\n|upkeep\n|\n|t:|1788203799\n|switch|p1a: Basculegion|Basculegion, L50, M|22/100\n|turn|3\n|\n|t:|1788203815\n|move|p1a: Basculegion|Protect|p1a: Basculegion\n|-singleturn|p1a: Basculegion|Protect\n|move|p1b: Kingambit|Sucker Punch|p2a: Noivern\n|-supereffective|p2a: Noivern|1\n|-enditem|p2a: Noivern|Focus Sash\n|-damage|p2a: Noivern|1/100\n|replace|p2a: Willo|Zoroark-Hisui, L50, M, shiny\n|-end|p2a: Willo|Illusion\n|move|p2b: Noivern|Dragon Pulse|p1a: Basculegion\n|-activate|p1a: Basculegion|move: Protect\n|move|p2a: Willo|Hyper Voice|p1b: Kingambit|[spread] p1b\n|-activate|p1a: Basculegion|move: Protect\n|-resisted|p1b: Kingambit|1\n|-damage|p1b: Kingambit|68/100\n|\n|upkeep\n|turn|4\n|inactive|Frisk Azzy has 30 seconds left.\n|\n|t:|1788203842\n|move|p1b: Kingambit|Sucker Punch|p2a: Willo\n|-supereffective|p2a: Willo|1\n|-damage|p2a: Willo|0 fnt\n|faint|p2a: Willo\n|move|p2b: Noivern|Dragon Pulse|p1b: Kingambit\n|-resisted|p1b: Kingambit|1\n|-damage|p1b: Kingambit|49/100\n|move|p1a: Basculegion|Wave Crash|p2b: Noivern\n|-resisted|p2b: Noivern|1\n|-damage|p2b: Noivern|35/100\n|-damage|p1a: Basculegion|7/100|[from] Recoil\n|\n|upkeep\n|\n|t:|1788203854\n|switch|p2a: Skippy|Luxray, L50, M, shiny|100/100\n|-ability|p2a: Skippy|Intimidate|boost\n|-unboost|p1a: Basculegion|atk|1\n|-unboost|p1b: Kingambit|atk|1\n|-ability|p1b: Kingambit|Defiant|boost\n|-boost|p1b: Kingambit|atk|2\n|turn|5\n|inactive|affableCritter has 30 seconds left.\n|\n|t:|1788203884\n|move|p1a: Basculegion|Protect|p1a: Basculegion\n|-singleturn|p1a: Basculegion|Protect\n|move|p2b: Noivern|Hyper Voice|p1b: Kingambit|[spread] p1b\n|-activate|p1a: Basculegion|move: Protect\n|-resisted|p1b: Kingambit|1\n|-damage|p1b: Kingambit|40/100\n|move|p2a: Skippy|Volt Switch|p1a: Basculegion\n|-activate|p1a: Basculegion|move: Protect\n|move|p1b: Kingambit|Kowtow Cleave|p2b: Noivern\n|-damage|p2b: Noivern|0 fnt\n|faint|p2b: Noivern\n|\n|-sideend|p2: Frisk Azzy|move: Tailwind\n|upkeep\n|turn|6\n|\n|t:|1788203903\n|move|p1a: Basculegion|Aqua Jet|p2a: Skippy\n|-damage|p2a: Skippy|72/100\n|move|p2a: Skippy|Wild Charge|p1b: Kingambit\n|-damage|p1b: Kingambit|7/100\n|-damage|p2a: Skippy|62/100|[from] Recoil\n|move|p1b: Kingambit|Kowtow Cleave|p2a: Skippy\n|-damage|p2a: Skippy|0 fnt\n|faint|p2a: Skippy\n|\n|win|affableCritter\n|l|☆affableCritter\n|player|p1|\n||affableCritter is ready for game 2.\n|inactive|Frisk Azzy has 30 seconds to confirm battle start!\n","uploadtime":1788203915,"views":"2","formatid":"gen9championsvgc2026regmbbo3","rating":null,"private":0,"password":null}