{"id":"gen9championsvgc2026regmb-2674706917","format":"[Gen 9 Champions] VGC 2026 Reg M-B","players":["scrappy10","Jayteez"],"log":"|j|☆scrappy10\n|j|☆Jayteez\n|html|<table width=\"100%\"><tr><td align=\"left\">scrappy10</td><td align=\"right\">Jayteez</tr><tr><td align=\"left\"><i class=\"fa fa-circle\"></i> <i class=\"fa fa-circle-o\"></i> </td><td align=\"right\"><i class=\"fa fa-circle-o\"></i> <i class=\"fa fa-circle-o\"></i> </tr></table>\n|uhtml|bestof|<h2><strong>Game 2</strong> of <a href=\"/game-bestof3-gen9championsvgc2026regmb-2674705882\">a best-of-3</a></h2>\n|t:|1788393599\n|gametype|doubles\n|player|p1|scrappy10|infielder|\n|player|p2|Jayteez|169|\n|gen|9\n|tier|[Gen 9 Champions] VGC 2026 Reg M-B\n|rule|Species Clause: Limit one of each Pokémon\n|rule|Item Clause: Limit 1 of each item\n|raw|<div class=\"infobox\"><details class=\"readmore\" open><summary><strong>1 custom rule:</strong></summary> Best of = 3</details></div>\n|clearpoke\n|poke|p1|Metagross, L50|\n|poke|p1|Sneasler, L50, F|\n|poke|p1|Aerodactyl, L50, M|\n|poke|p1|Meowstic, L50, M|\n|poke|p1|Dragapult, L50, M|\n|poke|p1|Blaziken, L50, M|\n|poke|p2|Wyrdeer, L50, F|\n|poke|p2|Basculegion-F, L50, F|\n|poke|p2|Charizard, L50, F|\n|poke|p2|Noivern, L50, M|\n|poke|p2|Gallade, L50, M|\n|poke|p2|Eelektross, L50, F|\n|teampreview|4\n|inactive|Battle timer is ON: inactive players will automatically lose when time's up. (requested by scrappy10)\n|j| neummy\n|j| obi3\n|inactive|scrappy10 has 60 seconds left.\n|inactive|Jayteez has 60 seconds left.\nscrappy10 rejected open team sheets.\n|inactiveoff|Battle timer is now OFF.\n|\n|t:|1788393654\n|teamsize|p1|4\n|teamsize|p2|4\n|start\n|switch|p1a: Dragapult|Dragapult, L50, M|100/100\n|switch|p1b: Aerodactyl|Aerodactyl, L50, M|100/100\n|switch|p2a: Noivern|Noivern, L50, M|100/100\n|switch|p2b: Eelektross|Eelektross, L50, F|100/100\n|-ability|p1b: Aerodactyl|Unnerve\n|turn|1\n|\n|t:|1788393687\n|detailschange|p2b: Eelektross|Eelektross-Mega, L50, F\n|-mega|p2b: Eelektross|Eelektross|Eelektrossite\n|move|p2a: Noivern|Protect|p2a: Noivern\n|-singleturn|p2a: Noivern|Protect\n|move|p2b: Eelektross|Protect|p2b: Eelektross\n|-singleturn|p2b: Eelektross|Protect\n|move|p1b: Aerodactyl|Rock Slide|p2a: Noivern|[spread] \n|-activate|p2a: Noivern|move: Protect\n|-activate|p2b: Eelektross|move: Protect\n|move|p1a: Dragapult|Shadow Ball|p2b: Eelektross\n|-activate|p2b: Eelektross|move: Protect\n|\n|upkeep\n|turn|2\n|\n|t:|1788393717\n|switch|p2a: Wyrdeer|Wyrdeer, L50, F|100/100\n|-ability|p2a: Wyrdeer|Intimidate|boost\n|-unboost|p1a: Dragapult|atk|1\n|-unboost|p1b: Aerodactyl|atk|1\n|move|p1b: Aerodactyl|Rock Slide|p2a: Wyrdeer|[spread] p2a,p2b\n|-damage|p2a: Wyrdeer|88/100\n|-damage|p2b: Eelektross|83/100\n|move|p1a: Dragapult|Shadow Ball|p2b: Eelektross\n|-damage|p2b: Eelektross|39/100\n|-damage|p1a: Dragapult|90/100|[from] item: Life Orb\n|move|p2b: Eelektross|Supercell Slam|p1b: Aerodactyl|[miss]\n|-miss|p2b: Eelektross|p1b: Aerodactyl\n|-damage|p2b: Eelektross|0 fnt|[from] supercellslam\n|faint|p2b: Eelektross\n|\n|-heal|p2a: Wyrdeer|94/100|[from] item: Leftovers\n|upkeep\n|\n|t:|1788393734\n|switch|p2b: Basculegion|Basculegion-F, L50, F|100/100\n|turn|3\n|\n|t:|1788393737\n|move|p1a: Dragapult|Protect|p1a: Dragapult\n|-singleturn|p1a: Dragapult|Protect\n|move|p2b: Basculegion|Protect|p2b: Basculegion\n|-singleturn|p2b: Basculegion|Protect\n|move|p1b: Aerodactyl|Rock Slide|p2a: Wyrdeer|[spread] p2a\n|-activate|p2b: Basculegion|move: Protect\n|-damage|p2a: Wyrdeer|82/100\n|move|p2a: Wyrdeer|Trick Room|p2a: Wyrdeer\n|-fieldstart|move: Trick Room|[of] p2a: Wyrdeer\n|\n|-heal|p2a: Wyrdeer|88/100|[from] item: Leftovers\n|upkeep\n|turn|4\n|\n|t:|1788393761\n|switch|p1a: Sneasler|Sneasler, L50, F|100/100\n|move|p2a: Wyrdeer|Psyshield Bash|p1a: Sneasler\n|-supereffective|p1a: Sneasler|2\n|-enditem|p1a: Sneasler|Focus Sash\n|-damage|p1a: Sneasler|1/100\n|-boost|p2a: Wyrdeer|def|1\n|move|p2b: Basculegion|Shadow Ball|p1a: Sneasler\n|-crit|p1a: Sneasler\n|-damage|p1a: Sneasler|0 fnt\n|faint|p1a: Sneasler\n|move|p1b: Aerodactyl|Rock Slide|p2b: Basculegion|[spread] p2a,p2b\n|-damage|p2a: Wyrdeer|80/100\n|-damage|p2b: Basculegion|82/100\n|\n|-heal|p2a: Wyrdeer|86/100|[from] item: Leftovers\n|upkeep\n|\n|t:|1788393772\n|switch|p1a: Blaziken|Blaziken, L50, M|100/100\n|turn|5\n|\n|t:|1788393785\n|detailschange|p1a: Blaziken|Blaziken-Mega, L50, M\n|-mega|p1a: Blaziken|Blaziken|Blazikenite\n|move|p2a: Wyrdeer|Psyshield Bash|p1b: Aerodactyl|[miss]\n|-miss|p2a: Wyrdeer|p1b: Aerodactyl\n|move|p2b: Basculegion|Muddy Water|p1b: Aerodactyl|[spread] p1a\n|-miss|p2b: Basculegion|p1b: Aerodactyl\n|-supereffective|p1a: Blaziken|1\n|-damage|p1a: Blaziken|0 fnt\n|faint|p1a: Blaziken\n|move|p1b: Aerodactyl|Rock Slide|p2b: Basculegion|[spread] p2a,p2b\n|-crit|p2a: Wyrdeer\n|-damage|p2a: Wyrdeer|56/100\n|-damage|p2b: Basculegion|64/100\n|\n|-heal|p2a: Wyrdeer|62/100|[from] item: Leftovers\n|upkeep\n|\n|t:|1788393792\n|switch|p1a: Dragapult|Dragapult, L50, M|90/100\n|turn|6\n|j| Hogline\n|\n|t:|1788393799\n|move|p1a: Dragapult|Protect|p1a: Dragapult\n|-singleturn|p1a: Dragapult|Protect\n|move|p2a: Wyrdeer|Shadow Ball|p1a: Dragapult\n|-activate|p1a: Dragapult|move: Protect\n|move|p2b: Basculegion|Muddy Water|p1a: Dragapult|[spread] \n|-activate|p1a: Dragapult|move: Protect\n|-miss|p2b: Basculegion|p1b: Aerodactyl\n|move|p1b: Aerodactyl|Rock Slide|p2a: Wyrdeer|[spread] p2a\n|-miss|p1b: Aerodactyl|p2b: Basculegion\n|-damage|p2a: Wyrdeer|54/100\n|\n|-heal|p2a: Wyrdeer|60/100|[from] item: Leftovers\n|upkeep\n|turn|7\n|\n|t:|1788393816\n|move|p1a: Dragapult|Protect||[still]\n|-fail|p1a: Dragapult\n|move|p2a: Wyrdeer|Shadow Ball|p1a: Dragapult\n|-supereffective|p1a: Dragapult|1\n|-damage|p1a: Dragapult|34/100\n|-unboost|p1a: Dragapult|spd|1\n|move|p2b: Basculegion|Shadow Ball|p1a: Dragapult\n|-supereffective|p1a: Dragapult|1\n|-crit|p1a: Dragapult\n|-damage|p1a: Dragapult|0 fnt\n|faint|p1a: Dragapult\n|move|p1b: Aerodactyl|Rock Slide|p2b: Basculegion|[spread] p2a,p2b\n|-damage|p2a: Wyrdeer|50/100g\n|-damage|p2b: Basculegion|46/100\n|\n|-heal|p2a: Wyrdeer|56/100|[from] item: Leftovers\n|-fieldend|move: Trick Room\n|upkeep\n|turn|8\n|\n|t:|1788393822\n|move|p2b: Basculegion|Protect|p2b: Basculegion\n|-singleturn|p2b: Basculegion|Protect\n|move|p1b: Aerodactyl|Rock Slide|p2b: Basculegion|[spread] p2a\n|-activate|p2b: Basculegion|move: Protect\n|-damage|p2a: Wyrdeer|47/100\n|move|p2a: Wyrdeer|Psyshield Bash|p1b: Aerodactyl\n|-damage|p1b: Aerodactyl|52/100\n|-boost|p2a: Wyrdeer|def|1\n|\n|-heal|p2a: Wyrdeer|53/100|[from] item: Leftovers\n|upkeep\n|turn|9\n|\n|t:|1788393829\n|move|p1b: Aerodactyl|Rock Slide|p2a: Wyrdeer|[spread] p2a,p2b\n|-damage|p2a: Wyrdeer|47/100\n|-damage|p2b: Basculegion|31/100\n|cant|p2b: Basculegion|flinch\n|cant|p2a: Wyrdeer|flinch\n|\n|-heal|p2a: Wyrdeer|53/100|[from] item: Leftovers\n|upkeep\n|turn|10\n|\n|t:|1788393836\n|move|p1b: Aerodactyl|Rock Slide|p2a: Wyrdeer|[spread] p2a,p2b\n|-damage|p2a: Wyrdeer|47/100\n|-damage|p2b: Basculegion|15/100\n|cant|p2b: Basculegion|flinch\n|move|p2a: Wyrdeer|Shadow Ball|p1b: Aerodactyl\n|-damage|p1b: Aerodactyl|24/100\n|\n|-heal|p2a: Wyrdeer|53/100|[from] item: Leftovers\n|upkeep\n|turn|11\n|\n|t:|1788393846\n|move|p1b: Aerodactyl|Rock Slide|p2a: Wyrdeer|[spread] p2a,p2b\n|-damage|p2a: Wyrdeer|47/100\n|-damage|p2b: Basculegion|0 fnt\n|faint|p2b: Basculegion\n|cant|p2a: Wyrdeer|flinch\n|\n|-heal|p2a: Wyrdeer|53/100|[from] item: Leftovers\n|upkeep\n|\n|t:|1788393850\n|switch|p2b: Noivern|Noivern, L50, M|100/100\n|turn|12\n|\n|t:|1788393857\n|move|p2b: Noivern|Protect|p2b: Noivern\n|-singleturn|p2b: Noivern|Protect\n|move|p1b: Aerodactyl|Rock Slide|p2a: Wyrdeer|[spread] p2a\n|-activate|p2b: Noivern|move: Protect\n|-damage|p2a: Wyrdeer|47/100\n|move|p2a: Wyrdeer|Psyshield Bash|p1b: Aerodactyl|[miss]\n|-miss|p2a: Wyrdeer|p1b: Aerodactyl\n|\n|-heal|p2a: Wyrdeer|53/100|[from] item: Leftovers\n|upkeep\n|turn|13\n|\n|t:|1788393866\n|-activate|p1b: Aerodactyl|move: Struggle\n|move|p1b: Aerodactyl|Struggle|p2b: Noivern\n|-damage|p2b: Noivern|86/100\n|-damage|p1b: Aerodactyl|0 fnt|[from] recoil\n|faint|p1b: Aerodactyl\n|\n|win|Jayteez\n","uploadtime":1788393871,"views":"21","formatid":"gen9championsvgc2026regmb","rating":null,"private":0,"password":null}