{"id":"gen9championsvgc2026regmb-2674673611","format":"[Gen 9 Champions] VGC 2026 Reg M-B","players":["MilkTeaWayGalaxy","mind goblin games"],"log":"|j|☆MilkTeaWayGalaxy\n|j|☆mind goblin games\n|t:|1788388512\n|gametype|doubles\n|player|p1|MilkTeaWayGalaxy|rosa-pokestar3|1735\n|player|p2|mind goblin games|li|1750\n|gen|9\n|tier|[Gen 9 Champions] VGC 2026 Reg M-B\n|rated|\n|rule|Species Clause: Limit one of each Pokémon\n|rule|Item Clause: Limit 1 of each item\n|clearpoke\n|poke|p1|Sableye, L50, M|\n|poke|p1|Archaludon, L50, M|\n|poke|p1|Pelipper, L50, F|\n|poke|p1|Maushold, L50|\n|poke|p1|Swampert, L50, M|\n|poke|p1|Sinistcha, L50|\n|poke|p2|Kangaskhan, L50, F|\n|poke|p2|Farigiraf, L50, M|\n|poke|p2|Camerupt, L50, M|\n|poke|p2|Basculegion, L50, M|\n|poke|p2|Vivillon, L50, M|\n|poke|p2|Blastoise, L50, M|\n|teampreview|4\n|inactive|Battle timer is ON: inactive players will automatically lose when time's up. (requested by mind goblin games)\n|\n|t:|1788388555\n|teamsize|p1|4\n|teamsize|p2|4\n|start\n|switch|p1a: Sableye|Sableye, L50, M|100/100\n|switch|p1b: Maushold|Maushold, L50|100/100\n|switch|p2a: Vivillon|Vivillon, L50, M|100/100\n|switch|p2b: Blastoise|Blastoise, L50, M|100/100\n|turn|1\n|\n|t:|1788388574\n|detailschange|p2b: Blastoise|Blastoise-Mega, L50, M\n|-mega|p2b: Blastoise|Blastoise|Blastoisinite\n|move|p1b: Maushold|Protect|p1b: Maushold\n|-singleturn|p1b: Maushold|Protect\n|move|p1a: Sableye|Light Screen|p1a: Sableye\n|-sidestart|p1: MilkTeaWayGalaxy|move: Light Screen\n|move|p2a: Vivillon|Sleep Powder|p1b: Maushold\n|-activate|p1b: Maushold|move: Protect\n|move|p2b: Blastoise|Shell Smash|p2b: Blastoise\n|-unboost|p2b: Blastoise|def|1\n|-unboost|p2b: Blastoise|spd|1\n|-boost|p2b: Blastoise|atk|2\n|-boost|p2b: Blastoise|spa|2\n|-boost|p2b: Blastoise|spe|2\n|\n|upkeep\n|turn|2\n|j| Rabbithorn05\n|\n|t:|1788388585\n|switch|p2a: Farigiraf|Farigiraf, L50, M|100/100\n|move|p1a: Sableye|Quash||[still]\n|cant|p2a: Farigiraf|ability: Armor Tail|Quash|[of] p1a: Sableye\n|move|p2b: Blastoise|Water Spout|p1b: Maushold|[spread] p1a,p1b\n|-damage|p1a: Sableye|0 fnt\n|-damage|p1b: Maushold|0 fnt\n|faint|p1a: Sableye\n|faint|p1b: Maushold\n|\n|upkeep\n|\n|t:|1788388592\n|switch|p1b: Sinistcha|Sinistcha, L50|100/100\n|switch|p1a: Swampert|Swampert, L50, M|100/100\n|turn|3\n|\n|t:|1788388609\n|detailschange|p1a: Swampert|Swampert-Mega, L50, M\n|-mega|p1a: Swampert|Swampert|Swampertite\n|move|p2b: Blastoise|Dark Pulse|p1b: Sinistcha\n|-supereffective|p1b: Sinistcha|1\n|-enditem|p1b: Sinistcha|Colbur Berry|[eat]\n|-enditem|p1b: Sinistcha|Colbur Berry|[weaken]\n|-damage|p1b: Sinistcha|43/100\n|move|p1a: Swampert|High Horsepower|p2b: Blastoise\n|-damage|p2b: Blastoise|17/100\n|move|p1b: Sinistcha|Matcha Gotcha|p2a: Farigiraf|[spread] p2a,p2b\n|-supereffective|p2b: Blastoise|1\n|-damage|p2a: Farigiraf|74/100\n|-heal|p1b: Sinistcha|59/100|[from] drain|[of] p2a: Farigiraf\n|-damage|p2b: Blastoise|0 fnt\n|-heal|p1b: Sinistcha|67/100|[from] drain|[of] p2b: Blastoise\n|faint|p2b: Blastoise\n|move|p2a: Farigiraf|Nasty Plot|p2a: Farigiraf\n|-boost|p2a: Farigiraf|spa|2\n|\n|upkeep\n|\n|t:|1788388625\n|switch|p2b: Basculegion|Basculegion, L50, M|100/100\n|turn|4\n|\n|t:|1788388638\n|move|p1a: Swampert|Protect|p1a: Swampert\n|-singleturn|p1a: Swampert|Protect\n|move|p2b: Basculegion|Last Respects|p1b: Sinistcha\n|-supereffective|p1b: Sinistcha|1\n|-damage|p1b: Sinistcha|0 fnt\n|faint|p1b: Sinistcha\n|move|p2a: Farigiraf|Psychic|p1a: Swampert\n|-activate|p1a: Swampert|move: Protect\n|\n|upkeep\n|turn|5\n|\n|t:|1788388647\n|switch|p2b: Vivillon|Vivillon, L50, M|100/100\n|move|p1a: Swampert|Wave Crash|p2a: Farigiraf\n|-damage|p2a: Farigiraf|16/100\n|-enditem|p2a: Farigiraf|Sitrus Berry|[eat]\n|-heal|p2a: Farigiraf|41/100|[from] item: Sitrus Berry\n|-damage|p1a: Swampert|76/100|[from] Recoil\n|move|p2a: Farigiraf|Psychic|p1a: Swampert\n|-damage|p1a: Swampert|39/100\n|\n|upkeep\n|turn|6\n|-message|MilkTeaWayGalaxy forfeited.\n|\n|win|mind goblin games\n|raw|MilkTeaWayGalaxy's rating: 1735 &rarr; <strong>1716</strong><br />(-19 for losing)\n|raw|mind goblin games's rating: 1750 &rarr; <strong>1769</strong><br />(+19 for winning)\n|l|☆MilkTeaWayGalaxy\n|player|p1|\n|l|☆mind goblin games\n|player|p2|\n","uploadtime":1788388661,"views":"0","formatid":"gen9championsvgc2026regmb","rating":1716,"private":0,"password":null}