{"id":"gen9championsvgc2026regmb-2674531621","format":"[Gen 9 Champions] VGC 2026 Reg M-B","players":["toobionest","skoomanus"],"log":"|j|☆toobionest\n|j|☆skoomanus\n|html|<table width=\"100%\"><tr><td align=\"left\">toobionest</td><td align=\"right\">skoomanus</tr><tr><td align=\"left\"><i class=\"fa fa-circle-o\"></i> <i class=\"fa fa-circle-o\"></i> </td><td align=\"right\"><i class=\"fa fa-circle-o\"></i> <i class=\"fa fa-circle-o\"></i> </tr></table>\n|uhtml|bestof|<h2><strong>Game 1</strong> of <a href=\"/game-bestof3-gen9championsvgc2026regmb-2674531620\">a best-of-3</a></h2>\n|t:|1788370760\n|gametype|doubles\n|player|p1|toobionest|brycenman|\n|player|p2|skoomanus|169|\n|gen|9\n|tier|[Gen 9 Champions] VGC 2026 Reg M-B\n|rule|Species Clause: Limit one of each Pokémon\n|rule|Item Clause: Limit 1 of each item\n|raw|<div class=\"infobox\"><details class=\"readmore\" open><summary><strong>1 custom rule:</strong></summary> Best of = 3</details></div>\n|clearpoke\n|poke|p1|Pyroar, L50, F|\n|poke|p1|Ninetales, L50, M|\n|poke|p1|Grimmsnarl, L50, M|\n|poke|p1|Scovillain, L50, F|\n|poke|p1|Dragalge, L50, M|\n|poke|p1|Hydreigon, L50, M|\n|poke|p2|Gholdengo, L50|\n|poke|p2|Whimsicott, L50, M|\n|poke|p2|Incineroar, L50, M|\n|poke|p2|Sinistcha, L50|\n|poke|p2|Swampert, L50, F|\n|poke|p2|Archaludon, L50, F|\n|teampreview|4\nskoomanus rejected open team sheets.\n|\n|t:|1788370799\n|teamsize|p1|4\n|teamsize|p2|4\n|start\n|switch|p1a: Grimmsnarl|Grimmsnarl, L50, M|100/100\n|switch|p1b: Hydreigon|Hydreigon, L50, M|100/100\n|switch|p2a: Swampert|Swampert, L50, F|100/100\n|switch|p2b: Whimsicott|Whimsicott, L50, M|100/100\n|turn|1\n|\n|t:|1788370822\n|move|p1a: Grimmsnarl|Reflect|p1a: Grimmsnarl\n|-sidestart|p1: toobionest|Reflect\n|move|p1b: Hydreigon|Dark Pulse|p2a: Swampert\n|-damage|p2a: Swampert|57/100\n|move|p2b: Whimsicott|Moonblast|p1a: Grimmsnarl\n|-supereffective|p1a: Grimmsnarl|1\n|-damage|p1a: Grimmsnarl|46/100\n|cant|p2a: Swampert|flinch\n|\n|upkeep\n|turn|2\n|\n|t:|1788370851\n|detailschange|p2a: Swampert|Swampert-Mega, L50, F\n|-mega|p2a: Swampert|Swampert|Swampertite\n|move|p2b: Whimsicott|Tailwind|p2b: Whimsicott\n|-sidestart|p2: skoomanus|move: Tailwind\n|move|p1a: Grimmsnarl|Light Screen|p1a: Grimmsnarl\n|-sidestart|p1: toobionest|move: Light Screen\n|move|p1b: Hydreigon|Dark Pulse|p2a: Swampert\n|-crit|p2a: Swampert\n|-damage|p2a: Swampert|9/100\n|move|p2a: Swampert|Wave Crash|p1a: Grimmsnarl\n|-damage|p1a: Grimmsnarl|0 fnt\n|faint|p1a: Grimmsnarl\n|-damage|p2a: Swampert|0 fnt|[from] Recoil\n|faint|p2a: Swampert\n|\n|upkeep\n|\n|t:|1788370887\n|switch|p2a: Gholdengo|Gholdengo, L50|100/100\n|switch|p1a: Dragalge|Dragalge, L50, M|100/100\n|turn|3\n|\n|t:|1788370909\n|move|p2b: Whimsicott|Helping Hand|p2a: Gholdengo\n|-immune|p2a: Gholdengo|[from] ability: Good as Gold\n|move|p1b: Hydreigon|Dark Pulse|p2a: Gholdengo\n|-supereffective|p2a: Gholdengo|1\n|-damage|p2a: Gholdengo|8/100\n|move|p2a: Gholdengo|Dazzling Gleam|p1a: Dragalge|[spread] p1a,p1b\n|-supereffective|p1b: Hydreigon|2\n|-damage|p1a: Dragalge|83/100\n|-damage|p1b: Hydreigon|1/100\n|-damage|p2a: Gholdengo|0 fnt|[from] item: Life Orb\n|faint|p2a: Gholdengo\n|move|p1a: Dragalge|Sludge Bomb|p2b: Whimsicott\n|-supereffective|p2b: Whimsicott|2\n|-enditem|p2b: Whimsicott|Focus Sash\n|-damage|p2b: Whimsicott|1/100\n|\n|upkeep\n|c|☆skoomanus|are we deadhuzz\n|c|☆skoomanus|i forgot that\n|c|☆toobionest|james\n|\n|t:|1788370930\n|switch|p2a: Sinistcha|Sinistcha, L50|100/100\n|-heal|p2b: Whimsicott|25/100|[from] ability: Hospitality|[of] p2a: Sinistcha\n|turn|4\n|c|☆toobionest|yk it says all status moves right\n|c|☆skoomanus|i keep forgetting\n|c|☆skoomanus|i dont play any pokemon besides this\n|c|☆skoomanus|you win\n|\n|t:|1788370983\n|move|p2b: Whimsicott|Fake Tears|p1a: Dragalge\n|-unboost|p1a: Dragalge|spd|2\n|move|p1b: Hydreigon|Dark Pulse|p2a: Sinistcha\n|-supereffective|p2a: Sinistcha|1\n|-damage|p2a: Sinistcha|12/100\n|-enditem|p2a: Sinistcha|Sitrus Berry|[eat]\n|-heal|p2a: Sinistcha|37/100|[from] item: Sitrus Berry\n|move|p2a: Sinistcha|Matcha Gotcha|p1a: Dragalge|[spread] p1a,p1b\n|-resisted|p1a: Dragalge|2\n|-resisted|p1b: Hydreigon|1\n|-damage|p1a: Dragalge|76/100\n|-heal|p2a: Sinistcha|40/100|[from] drain|[of] p1a: Dragalge\n|-damage|p1b: Hydreigon|0 fnt\n|-heal|p2a: Sinistcha|41/100|[from] drain|[of] p1b: Hydreigon\n|faint|p1b: Hydreigon\n|move|p1a: Dragalge|Sludge Bomb|p2b: Whimsicott\n|-supereffective|p2b: Whimsicott|2\n|-damage|p2b: Whimsicott|0 fnt\n|faint|p2b: Whimsicott\n|\n|upkeep\n|c|☆skoomanus|just attack me\n|\n|t:|1788370992\n|switch|p1b: Pyroar|Pyroar, L50, F|100/100\n|turn|5\n|\n|t:|1788371006\n|detailschange|p1b: Pyroar|Pyroar-Mega, L50, F\n|-mega|p1b: Pyroar|Pyroar|Pyroarite\n|move|p1b: Pyroar|Heat Wave|p2a: Sinistcha\n|-supereffective|p2a: Sinistcha|1\n|-damage|p2a: Sinistcha|0 fnt\n|faint|p2a: Sinistcha\n|\n|win|toobionest\n","uploadtime":1788371006,"views":"0","formatid":"gen9championsvgc2026regmb","rating":null,"private":0,"password":null}