{"id":"gen9championsvgc2026regmb-2674389541","format":"[Gen 9 Champions] VGC 2026 Reg M-B","players":["PeytonVgc2026","rushinhoward"],"log":"|j|☆PeytonVgc2026\n|j|☆rushinhoward\n|t:|1788353501\n|gametype|doubles\n|player|p1|PeytonVgc2026|red|1450\n|player|p2|rushinhoward|1|1453\n|gen|9\n|tier|[Gen 9 Champions] VGC 2026 Reg M-B\n|rated|\n|rule|Species Clause: Limit one of each Pokémon\n|rule|Item Clause: Limit 1 of each item\n|clearpoke\n|poke|p1|Gengar, L50, M|\n|poke|p1|Maushold-Four, L50|\n|poke|p1|Politoed, L50, M|\n|poke|p1|Sinistcha-Masterpiece, L50|\n|poke|p1|Annihilape, L50, M|\n|poke|p1|Sableye, L50, M|\n|poke|p2|Raichu, L50, M|\n|poke|p2|Sylveon, L50, F|\n|poke|p2|Arcanine-Hisui, L50, M|\n|poke|p2|Kingambit, L50, F|\n|poke|p2|Farigiraf, L50, F|\n|poke|p2|Staraptor, L50, M|\n|teampreview|4\n|inactive|Battle timer is ON: inactive players will automatically lose when time's up. (requested by PeytonVgc2026)\n|inactive|rushinhoward has 60 seconds left.\n|\n|t:|1788353555\n|teamsize|p1|4\n|teamsize|p2|4\n|start\n|switch|p1a: Annihilape|Annihilape, L50, M|100/100\n|switch|p1b: Sableye|Sableye, L50, M|100/100\n|switch|p2a: Raichu|Raichu, L50, M|100/100\n|switch|p2b: Sylveon|Sylveon, L50, F|100/100\n|turn|1\n|\n|t:|1788353572\n|detailschange|p2a: Raichu|Raichu-Mega-Y, L50, M\n|-mega|p2a: Raichu|Raichu|Raichunite Y\n|move|p1b: Sableye|Light Screen|p1b: Sableye\n|-sidestart|p1: PeytonVgc2026|move: Light Screen\n|move|p2a: Raichu|Zap Cannon|p1a: Annihilape\n|-damage|p1a: Annihilape|72/100\n|-status|p1a: Annihilape|par\n|move|p2b: Sylveon|Hyper Voice|p1a: Annihilape|[spread] p1a,p1b\n|-supereffective|p1a: Annihilape|1\n|-supereffective|p1b: Sableye|1\n|-damage|p1a: Annihilape|32/100 par\n|-damage|p1b: Sableye|23/100\n|move|p1a: Annihilape|Rage Fist|p2b: Sylveon\n|-damage|p2b: Sylveon|29/100\n|\n|-heal|p1a: Annihilape|38/100 par|[from] item: Leftovers\n|upkeep\n|turn|2\n|inactive|rushinhoward has 30 seconds left.\n|\n|t:|1788353597\n|move|p1a: Annihilape|Protect|p1a: Annihilape\n|-singleturn|p1a: Annihilape|Protect\n|move|p2b: Sylveon|Quick Attack|p1b: Sableye\n|-supereffective|p1b: Sableye|1\n|-damage|p1b: Sableye|0 fnt\n|faint|p1b: Sableye\n|move|p2a: Raichu|Zap Cannon|p1a: Annihilape\n|-activate|p1a: Annihilape|move: Protect\n|\n|-heal|p1a: Annihilape|44/100 par|[from] item: Leftovers\n|upkeep\n|inactive|PeytonVgc2026 has 30 seconds left.\n|\n|t:|1788353625\n|switch|p1b: Sinistcha|Sinistcha-Masterpiece, L50|100/100\n|-heal|p1a: Annihilape|69/100 par|[from] ability: Hospitality|[of] p1b: Sinistcha\n|turn|3\n|\n|t:|1788353644\n|switch|p1b: Maushold|Maushold-Four, L50|100/100\n|switch|p2b: Kingambit|Kingambit, L50, F|100/100\n|move|p2a: Raichu|Protect|p2a: Raichu\n|-singleturn|p2a: Raichu|Protect\n|move|p1a: Annihilape|Rage Fist|p2b: Kingambit\n|-resisted|p2b: Kingambit|1\n|-damage|p2b: Kingambit|76/100\n|\n|-heal|p1a: Annihilape|75/100 par|[from] item: Leftovers\n|upkeep\n|turn|4\n|inactive|PeytonVgc2026 has 30 seconds left.\n|\n|t:|1788353677\n|switch|p1b: Sinistcha|Sinistcha-Masterpiece, L50|100/100\n|-heal|p1a: Annihilape|100/100 par|[from] ability: Hospitality|[of] p1b: Sinistcha\n|move|p2b: Kingambit|Protect|p2b: Kingambit\n|-singleturn|p2b: Kingambit|Protect\n|move|p2a: Raichu|Zap Cannon|p1b: Sinistcha\n|-resisted|p1b: Sinistcha|1\n|-damage|p1b: Sinistcha|79/100\n|-status|p1b: Sinistcha|par\n|cant|p1a: Annihilape|par\n|\n|upkeep\n|turn|5\n|\n|t:|1788353701\n|switch|p2a: Sylveon|Sylveon, L50, F|29/100\n|switch|p1b: Maushold|Maushold-Four, L50|100/100\n|move|p2b: Kingambit|Kowtow Cleave|p1b: Maushold\n|-damage|p1b: Maushold|13/100\n|-damage|p2b: Kingambit|66/100|[from] item: Life Orb\n|cant|p1a: Annihilape|par\n|\n|upkeep\n|turn|6\n|inactive|PeytonVgc2026 has 30 seconds left.\n|\n|t:|1788353734\n|move|p2a: Sylveon|Detect|p2a: Sylveon\n|-singleturn|p2a: Sylveon|Protect\n|move|p1b: Maushold|Population Bomb|p2a: Sylveon\n|-activate|p2a: Sylveon|move: Protect\n|move|p2b: Kingambit|Kowtow Cleave|p1b: Maushold\n|-damage|p1b: Maushold|0 fnt\n|faint|p1b: Maushold\n|-damage|p2b: Kingambit|57/100|[from] item: Life Orb\n|move|p1a: Annihilape|Bulk Up|p1a: Annihilape\n|-boost|p1a: Annihilape|atk|1\n|-boost|p1a: Annihilape|def|1\n|\n|upkeep\n|\n|t:|1788353738\n|switch|p1b: Sinistcha|Sinistcha-Masterpiece, L50|79/100 par\n|turn|7\n|\n|t:|1788353754\n|switch|p2a: Farigiraf|Farigiraf, L50, F|100/100\n|move|p2b: Kingambit|Kowtow Cleave|p1b: Sinistcha\n|-supereffective|p1b: Sinistcha|1\n|-damage|p1b: Sinistcha|0 fnt\n|faint|p1b: Sinistcha\n|-damage|p2b: Kingambit|47/100|[from] item: Life Orb\n|move|p1a: Annihilape|Rage Fist|p2a: Farigiraf\n|-immune|p2a: Farigiraf\n|\n|upkeep\n|turn|8\n|\n|t:|1788353772\n|move|p2b: Kingambit|Sucker Punch|p1a: Annihilape\n|-damage|p1a: Annihilape|63/100 par\n|-damage|p2b: Kingambit|37/100|[from] item: Life Orb\n|move|p2a: Farigiraf|Psychic|p1a: Annihilape\n|-supereffective|p1a: Annihilape|1\n|-damage|p1a: Annihilape|31/100 par\n|move|p1a: Annihilape|Drain Punch|p2a: Farigiraf\n|-damage|p2a: Farigiraf|57/100\n|-heal|p1a: Annihilape|54/100 par|[from] drain|[of] p2a: Farigiraf\n|\n|-heal|p1a: Annihilape|60/100 par|[from] item: Leftovers\n|-sideend|p1: PeytonVgc2026|move: Light Screen\n|upkeep\n|turn|9\n|\n|t:|1788353786\n|move|p1a: Annihilape|Protect|p1a: Annihilape\n|-singleturn|p1a: Annihilape|Protect\n|move|p2b: Kingambit|Sucker Punch||[still]\n|-fail|p2b: Kingambit\n|move|p2a: Farigiraf|Psychic|p1a: Annihilape\n|-activate|p1a: Annihilape|move: Protect\n|\n|-heal|p1a: Annihilape|66/100 par|[from] item: Leftovers\n|upkeep\n|turn|10\n|\n|t:|1788353797\n|move|p2b: Kingambit|Sucker Punch|p1a: Annihilape\n|-crit|p1a: Annihilape\n|-damage|p1a: Annihilape|0 fnt\n|faint|p1a: Annihilape\n|-damage|p2b: Kingambit|28/100|[from] item: Life Orb\n|\n|win|rushinhoward\n|raw|PeytonVgc2026's rating: 1450 &rarr; <strong>1430</strong><br />(-20 for losing)\n|raw|rushinhoward's rating: 1453 &rarr; <strong>1473</strong><br />(+20 for winning)\n|l|☆PeytonVgc2026\n|player|p1|\n","uploadtime":1788353807,"views":"0","formatid":"gen9championsvgc2026regmb","rating":1430,"private":0,"password":null}