{"id":"gen9championsvgc2026regmbbo3-2674205824","format":"[Gen 9 Champions] VGC 2026 Reg M-B (Bo3)","players":["MoonEnthusiast","platinumflare"],"log":"|j|☆MoonEnthusiast\n|j|☆platinumflare\n|html|<table width=\"100%\"><tr><td align=\"left\">MoonEnthusiast</td><td align=\"right\">platinumflare</tr><tr><td align=\"left\"><i class=\"fa fa-circle\"></i> <i class=\"fa fa-circle-o\"></i> </td><td align=\"right\"><i class=\"fa fa-circle-o\"></i> <i class=\"fa fa-circle-o\"></i> </tr></table>\n|uhtml|bestof|<h2><strong>Game 2</strong> of <a href=\"/game-bestof3-gen9championsvgc2026regmbbo3-2674204679\">a best-of-3</a></h2>\n|t:|1788315278\n|gametype|doubles\n|player|p1|MoonEnthusiast|2|1333\n|player|p2|platinumflare|lance|1255\n|gen|9\n|tier|[Gen 9 Champions] VGC 2026 Reg M-B (Bo3)\n|rated|\n|rule|Species Clause: Limit one of each Pokémon\n|rule|Item Clause: Limit 1 of each item\n|clearpoke\n|poke|p1|Basculegion, L50, M|\n|poke|p1|Froslass, L50, F|\n|poke|p1|Kingambit, L50, M|\n|poke|p1|Scovillain, L50, M|\n|poke|p1|Sneasler, L50, F|\n|poke|p1|Lycanroc-Dusk, L50, M|\n|poke|p2|Blaziken, L50, F|\n|poke|p2|Meowscarada, L50, M|\n|poke|p2|Kingambit, L50, M|\n|poke|p2|Whimsicott, L50, F|\n|poke|p2|Floette-Eternal, L50, F|\n|poke|p2|Farigiraf, L50, M|\n|teampreview|4\n|showteam|p1|Basculegion||LifeOrb|Adaptability|WaveCrash,AquaJet,LastRespects,Protect|Adamant||M|||50|]Froslass||Froslassite|SnowCloak|Protect,Blizzard,ShadowBall,AuroraVeil|Timid||F|||50|]Kingambit||BlackGlasses|Defiant|KowtowCleave,SuckerPunch,SwordsDance,Protect|Adamant||M|||50|]Scovillain||Scovillainite|Moody|GigaDrain,Overheat,RagePowder,Protect|Bold||M|||50|]Sneasler||WhiteHerb|Unburden|CloseCombat,GunkShot,FakeOut,Protect|Jolly||F|||50|]Lycanroc-Dusk||FocusSash|ToughClaws|Protect,Accelerock,RockSlide,CloseCombat|Adamant||M|||50|\n|showteam|p2|Blaziken||Blazikenite|SpeedBoost|FlareBlitz,CloseCombat,RockSlide,Protect|Adamant||F|||50|]Meowscarada||ChoiceScarf|Protean|FlowerTrick,TripleAxel,KnockOff,Uturn|Adamant||M|||50|]Kingambit||LifeOrb|Defiant|KowtowCleave,LowKick,SuckerPunch,Protect|Adamant||M|||50|]Whimsicott||FocusSash|Prankster|Moonblast,Tailwind,Encore,Protect|Modest||F|||50|]Floette-Eternal||Floettite|FlowerVeil|DazzlingGleam,Moonblast,LightofRuin,Protect|Modest||F|||50|]Farigiraf||SitrusBerry|ArmorTail|TrickRoom,Imprison,Psychic,HyperVoice|Modest||M|||50|\n|inactive|Battle timer is ON: inactive players will automatically lose when time's up. (requested by MoonEnthusiast)\n|\n|t:|1788315308\n|teamsize|p1|4\n|teamsize|p2|4\n|start\n|switch|p1a: Froslass|Froslass, L50, F|100/100\n|switch|p1b: Sneasler|Sneasler, L50, F|100/100\n|switch|p2a: Blaziken|Blaziken, L50, F|100/100\n|switch|p2b: Meowscarada|Meowscarada, L50, M|100/100\n|turn|1\n|\n|t:|1788315327\n|detailschange|p1a: Froslass|Froslass-Mega, L50, F\n|-mega|p1a: Froslass|Froslass|Froslassite\n|-weather|Snowscape|[from] ability: Snow Warning|[of] p1a: Froslass\n|detailschange|p2a: Blaziken|Blaziken-Mega, L50, F\n|-mega|p2a: Blaziken|Blaziken|Blazikenite\n|move|p1b: Sneasler|Fake Out|p2a: Blaziken\n|-damage|p2a: Blaziken|84/100\n|move|p2b: Meowscarada|U-turn|p1a: Froslass\n|-start|p2b: Meowscarada|typechange|Bug|[from] ability: Protean\n|-resisted|p1a: Froslass|1\n|-damage|p1a: Froslass|81/100\n|\n|t:|1788315337\n|switch|p2b: Kingambit|Kingambit, L50, M|100/100|[from] U-turn\n|move|p1a: Froslass|Aurora Veil|p1a: Froslass\n|-sidestart|p1: MoonEnthusiast|move: Aurora Veil\n|cant|p2a: Blaziken|flinch\n|\n|-weather|Snowscape|[upkeep]\n|-ability|p2a: Blaziken|Speed Boost|boost\n|-boost|p2a: Blaziken|spe|1\n|upkeep\n|turn|2\n|inactive|MoonEnthusiast has 30 seconds left.\n|\n|t:|1788315367\n|move|p2b: Kingambit|Sucker Punch|p1a: Froslass\n|-supereffective|p1a: Froslass|1\n|-damage|p1a: Froslass|10/100\n|-damage|p2b: Kingambit|90/100|[from] item: Life Orb\n|move|p2a: Blaziken|Flare Blitz|p1b: Sneasler\n|-damage|p1b: Sneasler|29/100\n|-status|p1b: Sneasler|brn\n|-damage|p2a: Blaziken|57/100|[from] Recoil\n|move|p1a: Froslass|Shadow Ball|p2a: Blaziken\n|-damage|p2a: Blaziken|0 fnt\n|faint|p2a: Blaziken\n|move|p1b: Sneasler|Close Combat|p2b: Kingambit\n|-supereffective|p2b: Kingambit|2\n|-damage|p2b: Kingambit|3/100\n|-unboost|p1b: Sneasler|def|1\n|-unboost|p1b: Sneasler|spd|1\n|-enditem|p1b: Sneasler|White Herb\n|-clearnegativeboost|p1b: Sneasler|[silent]\n|\n|-weather|Snowscape|[upkeep]\n|-damage|p1b: Sneasler|23/100 brn|[from] brn\n|upkeep\n|\n|t:|1788315385\n|switch|p2a: Meowscarada|Meowscarada, L50, M|100/100\n|turn|3\n|\n|t:|1788315396\n|move|p1a: Froslass|Protect|p1a: Froslass\n|-singleturn|p1a: Froslass|Protect\n|move|p2b: Kingambit|Sucker Punch||[still]\n|-fail|p2b: Kingambit\n|move|p1b: Sneasler|Close Combat|p2a: Meowscarada\n|-supereffective|p2a: Meowscarada|1\n|-damage|p2a: Meowscarada|16/100\n|-unboost|p1b: Sneasler|def|1\n|-unboost|p1b: Sneasler|spd|1\n|move|p2a: Meowscarada|Flower Trick|p1b: Sneasler\n|-start|p2a: Meowscarada|typechange|Grass|[from] ability: Protean\n|-resisted|p1b: Sneasler|1\n|-crit|p1b: Sneasler\n|-damage|p1b: Sneasler|0 fnt\n|faint|p1b: Sneasler\n|\n|-weather|Snowscape|[upkeep]\n|upkeep\n|\n|t:|1788315414\n|switch|p1b: Lycanroc|Lycanroc-Dusk, L50, M|100/100\n|turn|4\n|\n|t:|1788315424\n|switch|p2b: Farigiraf|Farigiraf, L50, M|100/100\n|move|p2a: Meowscarada|Flower Trick|p1a: Froslass\n|-crit|p1a: Froslass\n|-damage|p1a: Froslass|0 fnt\n|faint|p1a: Froslass\n|move|p1b: Lycanroc|Rock Slide|p2b: Farigiraf|[spread] p2a,p2b\n|-damage|p2a: Meowscarada|0 fnt\n|-damage|p2b: Farigiraf|69/100\n|faint|p2a: Meowscarada\n|\n|-weather|Snowscape|[upkeep]\n|upkeep\n|\n|t:|1788315429\n|switch|p1a: Basculegion|Basculegion, L50, M|100/100\n|switch|p2a: Kingambit|Kingambit, L50, M|3/100\n|turn|5\n|\n|t:|1788315439\n|move|p2a: Kingambit|Sucker Punch|p1a: Basculegion\n|-supereffective|p1a: Basculegion|1\n|-crit|p1a: Basculegion\n|-damage|p1a: Basculegion|0 fnt\n|faint|p1a: Basculegion\n|-damage|p2a: Kingambit|0 fnt|[from] item: Life Orb\n|faint|p2a: Kingambit\n|move|p1b: Lycanroc|Rock Slide|p2b: Farigiraf\n|-damage|p2b: Farigiraf|23/100\n|-enditem|p2b: Farigiraf|Sitrus Berry|[eat]\n|-heal|p2b: Farigiraf|48/100|[from] item: Sitrus Berry\n|move|p2b: Farigiraf|Psychic|p1b: Lycanroc\n|-damage|p1b: Lycanroc|51/100\n|\n|-weather|none\n|-sideend|p1: MoonEnthusiast|move: Aurora Veil\n|upkeep\n|turn|6\n|\n|t:|1788315455\n|move|p1b: Lycanroc|Rock Slide|p2b: Farigiraf\n|-damage|p2b: Farigiraf|6/100\n|move|p2b: Farigiraf|Psychic|p1b: Lycanroc\n|-damage|p1b: Lycanroc|0 fnt\n|faint|p1b: Lycanroc\n|\n|win|platinumflare\n||MoonEnthusiast is ready for game 3.\n||platinumflare is ready for game 3.\n|uhtml|next|Next: <a href=\"/battle-gen9championsvgc2026regmbbo3-2674206973\"><strong>Game 3 of 3</strong></a>\n|l|☆MoonEnthusiast\n|player|p1|\n","uploadtime":1788315650,"views":"0","formatid":"gen9championsvgc2026regmbbo3","rating":null,"private":0,"password":null}