{"id":"gen9championsvgc2026regmbbo3-2674392194","format":"[Gen 9 Champions] VGC 2026 Reg M-B (Bo3)","players":["Loiradotchan16","reshiramvg"],"log":"|j|☆Loiradotchan16\n|j|☆reshiramvg\n|html|<table width=\"100%\"><tr><td align=\"left\">Loiradotchan16</td><td align=\"right\">reshiramvg</tr><tr><td align=\"left\"><i class=\"fa fa-circle-o\"></i> <i class=\"fa fa-circle-o\"></i> </td><td align=\"right\"><i class=\"fa fa-circle-o\"></i> <i class=\"fa fa-circle-o\"></i> </tr></table>\n|uhtml|bestof|<h2><strong>Game 1</strong> of <a href=\"/game-bestof3-gen9championsvgc2026regmbbo3-2674392193\">a best-of-3</a></h2>\n|t:|1788353902\n|gametype|doubles\n|player|p1|Loiradotchan16|266|1282\n|player|p2|reshiramvg|hilbert|1278\n|gen|9\n|tier|[Gen 9 Champions] VGC 2026 Reg M-B (Bo3)\n|rated|\n|rule|Species Clause: Limit one of each Pokémon\n|rule|Item Clause: Limit 1 of each item\n|clearpoke\n|poke|p1|Grimmsnarl, L50, M|\n|poke|p1|Pelipper, L50, F|\n|poke|p1|Archaludon, L50, F|\n|poke|p1|Swampert, L50, F|\n|poke|p1|Venusaur, L50, F|\n|poke|p1|Charizard, L50, M|\n|poke|p2|Farigiraf, L50, F|\n|poke|p2|Arcanine-Hisui, L50, M|\n|poke|p2|Sylveon, L50, F|\n|poke|p2|Staraptor, L50, F, shiny|\n|poke|p2|Raichu, L50, F|\n|poke|p2|Kingambit, L50, F|\n|teampreview|4\n|showteam|p1|Grimmsnarl||LightClay|Prankster|SpiritBreak,Reflect,LightScreen,PartingShot|Careful||M|||50|]Pelipper||SitrusBerry|Drizzle|Hurricane,WeatherBall,Tailwind,WideGuard|Calm||F|||50|]Archaludon||Leftovers|Stamina|DracoMeteor,ElectroShot,SteelBeam,Protect|Modest||F|||50|]Swampert||Swampertite|Damp|WaveCrash,Earthquake,Protect,IcePunch|Adamant||F|||50|]Venusaur||FocusSash|Chlorophyll|SludgeBomb,SleepPowder,EarthPower,Protect|Modest||F|||50|]Charizard||CharizarditeY|Blaze|HeatWave,WeatherBall,Hurricane,Protect|Modest||M|||50|\n|showteam|p2|Farigiraf||SitrusBerry|ArmorTail|Psychic,HelpingHand,TrickRoom,Protect|Calm||F|||50|]Arcanine-Hisui||FocusSash|RockHead|FlareBlitz,ExtremeSpeed,HeadSmash,Protect|Jolly||M|||50|]Sylveon||FairyFeather|Pixilate|HyperVoice,HyperBeam,QuickAttack,Protect|Modest||F|||50|]Staraptor||Staraptite|Intimidate|DualWingbeat,CloseCombat,Tailwind,Protect|Jolly||F|||50|]Raichu||RaichuniteY|Static|FakeOut,ZapCannon,FocusBlast,Protect|Timid||F|||50|]Kingambit||LifeOrb|Defiant|KowtowCleave,SwordsDance,SuckerPunch,Protect|Adamant||F|||50|\n|inactive|Battle timer is ON: inactive players will automatically lose when time's up. (requested by Loiradotchan16)\n|\n|t:|1788353930\n|teamsize|p1|4\n|teamsize|p2|4\n|start\n|switch|p1a: Charizard|Charizard, L50, M|100/100\n|switch|p1b: Venusaur|Venusaur, L50, F|100/100\n|switch|p2a: Staraptor|Staraptor, L50, F, shiny|100/100\n|switch|p2b: Arcanine|Arcanine-Hisui, L50, M|100/100\n|-ability|p2a: Staraptor|Intimidate|boost\n|-unboost|p1a: Charizard|atk|1\n|-unboost|p1b: Venusaur|atk|1\n|turn|1\n|\n|t:|1788353952\n|detailschange|p2a: Staraptor|Staraptor-Mega, L50, F, shiny\n|-mega|p2a: Staraptor|Staraptor|Staraptite\n|detailschange|p1a: Charizard|Charizard-Mega-Y, L50, M\n|-mega|p1a: Charizard|Charizard|Charizardite Y\n|-weather|SunnyDay|[from] ability: Drought|[of] p1a: Charizard\n|move|p1b: Venusaur|Sleep Powder|p2b: Arcanine\n|-status|p2b: Arcanine|slp|[from] move: Sleep Powder\n|move|p2a: Staraptor|Dual Wingbeat|p1b: Venusaur\n|-supereffective|p1b: Venusaur|1\n|-damage|p1b: Venusaur|41/100\n|-supereffective|p1b: Venusaur|1\n|-damage|p1b: Venusaur|0 fnt\n|faint|p1b: Venusaur\n|-hitcount|p1: Venusaur|2\n|cant|p2b: Arcanine|slp\n|move|p1a: Charizard|Heat Wave|p2a: Staraptor|[spread] p2b\n|-miss|p1a: Charizard|p2a: Staraptor\n|-resisted|p2b: Arcanine|2\n|-damage|p2b: Arcanine|81/100 slp\n|\n|-weather|SunnyDay|[upkeep]\n|upkeep\n|\n|t:|1788353977\n|switch|p1b: Pelipper|Pelipper, L50, F|100/100\n|-weather|RainDance|[from] ability: Drizzle|[of] p1b: Pelipper\n|turn|2\n|\n|t:|1788353997\n|move|p2a: Staraptor|Protect|p2a: Staraptor\n|-singleturn|p2a: Staraptor|Protect\n|move|p1a: Charizard|Protect|p1a: Charizard\n|-singleturn|p1a: Charizard|Protect\n|cant|p2b: Arcanine|slp\n|move|p1b: Pelipper|Tailwind|p1b: Pelipper\n|-sidestart|p1: Loiradotchan16|move: Tailwind\n|\n|-weather|RainDance|[upkeep]\n|upkeep\n|turn|3\n|inactive|reshiramvg has 30 seconds left.\n|inactive|reshiramvg has 20 seconds left.\n|\n|t:|1788354034\n|-curestatus|p2b: Arcanine|slp|[msg]\n|move|p2b: Arcanine|Protect|p2b: Arcanine\n|-singleturn|p2b: Arcanine|Protect\n|move|p1a: Charizard|Hurricane|p2a: Staraptor\n|-supereffective|p2a: Staraptor|1\n|-damage|p2a: Staraptor|0 fnt\n|faint|p2a: Staraptor\n|move|p1b: Pelipper|Weather Ball|p2b: Arcanine\n|-activate|p2b: Arcanine|move: Protect\n|\n|-weather|RainDance|[upkeep]\n|upkeep\n|\n|t:|1788354051\n|switch|p2a: Farigiraf|Farigiraf, L50, F|100/100\n|turn|4\n|inactive|Loiradotchan16 has 30 seconds left.\n|\n|t:|1788354082\n|switch|p2b: Sylveon|Sylveon, L50, F|100/100\n|move|p1a: Charizard|Weather Ball|p2a: Farigiraf\n|-damage|p2a: Farigiraf|48/100\n|-enditem|p2a: Farigiraf|Sitrus Berry|[eat]\n|-heal|p2a: Farigiraf|73/100|[from] item: Sitrus Berry\n|move|p1b: Pelipper|Weather Ball|p2a: Farigiraf\n|-damage|p2a: Farigiraf|33/100\n|move|p2a: Farigiraf|Trick Room|p2a: Farigiraf\n|-fieldstart|move: Trick Room|[of] p2a: Farigiraf\n|\n|-weather|RainDance|[upkeep]\n|upkeep\n|turn|5\n|inactive|Loiradotchan16 has 30 seconds left.\n|inactive|reshiramvg has 30 seconds left.\n|inactive|reshiramvg has 20 seconds left.\n|inactive|reshiramvg has 15 seconds left.\n|\n|t:|1788354128\n|move|p1b: Pelipper|Wide Guard|p1b: Pelipper\n|-singleturn|p1b: Pelipper|Wide Guard\n|move|p2a: Farigiraf|Psychic|p1b: Pelipper\n|-damage|p1b: Pelipper|61/100\n|move|p2b: Sylveon|Hyper Beam|p1b: Pelipper\n|-damage|p1b: Pelipper|0 fnt\n|-mustrecharge|p2b: Sylveon\n|faint|p1b: Pelipper\n|move|p1a: Charizard|Weather Ball|p2b: Sylveon\n|-damage|p2b: Sylveon|51/100\n|\n|-weather|RainDance|[upkeep]\n|-sideend|p1: Loiradotchan16|move: Tailwind\n|upkeep\n|\n|t:|1788354143\n|switch|p1b: Archaludon|Archaludon, L50, F|100/100\n|turn|6\n|\n|t:|1788354158\n|cant|p2b: Sylveon|recharge\n|move|p1b: Archaludon|Electro Shot||[still]\n|-prepare|p1b: Archaludon|Electro Shot\n|-boost|p1b: Archaludon|spa|1\n|-anim|p1b: Archaludon|Electro Shot|p2b: Sylveon\n|-damage|p2b: Sylveon|4/100\n|move|p1a: Charizard|Weather Ball|p2a: Farigiraf\n|-damage|p2a: Farigiraf|0 fnt\n|faint|p2a: Farigiraf\n|\n|-weather|none\n|upkeep\n|\n|t:|1788354171\n|switch|p2a: Arcanine|Arcanine-Hisui, L50, M|81/100\n|turn|7\n|\n|t:|1788354186\n|move|p2b: Sylveon|Protect|p2b: Sylveon\n|-singleturn|p2b: Sylveon|Protect\n|move|p1b: Archaludon|Draco Meteor|p2a: Arcanine|[miss]\n|-miss|p1b: Archaludon|p2a: Arcanine\n|move|p1a: Charizard|Heat Wave|p2b: Sylveon|[spread] p2a\n|-activate|p2b: Sylveon|move: Protect\n|-resisted|p2a: Arcanine|2\n|-damage|p2a: Arcanine|69/100\n|move|p2a: Arcanine|Head Smash|p1a: Charizard|[miss]\n|-miss|p2a: Arcanine|p1a: Charizard\n|\n|upkeep\n|turn|8\n|\n|t:|1788354206\n|move|p2a: Arcanine|Protect|p2a: Arcanine\n|-singleturn|p2a: Arcanine|Protect\n|move|p2b: Sylveon|Hyper Beam|p1b: Archaludon\n|-damage|p1b: Archaludon|0 fnt\n|-mustrecharge|p2b: Sylveon\n|faint|p1b: Archaludon\n|move|p1a: Charizard|Weather Ball|p2b: Sylveon\n|-damage|p2b: Sylveon|0 fnt\n|faint|p2b: Sylveon\n|\n|-fieldend|move: Trick Room\n|upkeep\n|turn|9\n|\n|t:|1788354220\n|move|p2a: Arcanine|Head Smash|p1a: Charizard\n|-supereffective|p1a: Charizard|2\n|-damage|p1a: Charizard|0 fnt\n|faint|p1a: Charizard\n|\n|win|reshiramvg\n","uploadtime":1788354225,"views":"0","formatid":"gen9championsvgc2026regmbbo3","rating":null,"private":0,"password":null}