{"id":"gen9championsvgc2026regmbbo3-2674617406","format":"[Gen 9 Champions] VGC 2026 Reg M-B (Bo3)","players":["kalaluwi","thebigmacky"],"log":"|j|☆kalaluwi\n|j|☆thebigmacky\n|html|<table width=\"100%\"><tr><td align=\"left\">kalaluwi</td><td align=\"right\">thebigmacky</tr><tr><td align=\"left\"><i class=\"fa fa-circle\"></i> <i class=\"fa fa-circle-o\"></i> </td><td align=\"right\"><i class=\"fa fa-circle-o\"></i> <i class=\"fa fa-circle\"></i> </tr></table>\n|uhtml|bestof|<h2><strong>Game 3</strong> of <a href=\"/game-bestof3-gen9championsvgc2026regmbbo3-2674614522\">a best-of-3</a></h2>\n|t:|1788380856\n|gametype|doubles\n|player|p1|kalaluwi|266|1333\n|player|p2|thebigmacky|miku-ghost|1307\n|gen|9\n|tier|[Gen 9 Champions] VGC 2026 Reg M-B (Bo3)\n|rated|\n|rule|Species Clause: Limit one of each Pokémon\n|rule|Item Clause: Limit 1 of each item\n|clearpoke\n|poke|p1|Farigiraf, L50, F|\n|poke|p1|Incineroar, L50, F|\n|poke|p1|Camerupt, L50, M|\n|poke|p1|Vanilluxe, L50, F|\n|poke|p1|Kingambit, L50, F|\n|poke|p1|Primarina, L50, F|\n|poke|p2|Archaludon, L50, F|\n|poke|p2|Pelipper, L50, M|\n|poke|p2|Charizard, L50, M, shiny|\n|poke|p2|Venusaur, L50, M|\n|poke|p2|Swampert, L50, F|\n|poke|p2|Grimmsnarl, L50, M, shiny|\n|teampreview|4\n|showteam|p1|Farigiraf||ColburBerry|ArmorTail|TrickRoom,Psychic,HelpingHand,Thunderbolt|Modest||F|||50|]Incineroar||LifeOrb|Intimidate|FakeOut,CloseCombat,FlareBlitz,DarkestLariat|Adamant||F|||50|]Camerupt||Cameruptite|MagmaArmor|EarthPower,HeatWave,AncientPower,Protect|Modest||M|||50|]Vanilluxe||ChoiceScarf|SnowWarning|Blizzard,IcyWind,FreezeDry,SheerCold|Modest||F|||50|]Kingambit||BlackGlasses|Defiant|LowKick,KowtowCleave,SuckerPunch,Protect|Adamant||F|||50|]Primarina||Leftovers|LiquidVoice|CalmMind,HyperVoice,Moonblast,Protect|Modest||F|||50|\n|showteam|p2|Archaludon||Leftovers|Stamina|Protect,ElectroShot,FlashCannon,DragonPulse|Calm||F|||50|]Pelipper||SitrusBerry|Drizzle|WideGuard,Tailwind,WeatherBall,Hurricane|Bold||M|||50|]Charizard||CharizarditeY|Blaze|Protect,WeatherBall,HeatWave,Hurricane|Modest||M|||50|]Venusaur||FocusSash|Chlorophyll|Protect,LeafStorm,SludgeBomb,SleepPowder|Modest||M|||50|]Swampert||Swampertite|Torrent|Protect,WaveCrash,Earthquake,IcePunch|Adamant||F|||50|]Grimmsnarl||LightClay|Prankster|SpiritBreak,Reflect,LightScreen,PartingShot|Sassy||M|||50|\n|inactive|Battle timer is ON: inactive players will automatically lose when time's up. (requested by thebigmacky)\n|\n|t:|1788380871\n|teamsize|p1|4\n|teamsize|p2|4\n|start\n|switch|p1a: Kingambit|Kingambit, L50, F|100/100\n|switch|p1b: Primarina|Primarina, L50, F|100/100\n|switch|p2a: Archaludon|Archaludon, L50, F|100/100\n|switch|p2b: Venusaur|Venusaur, L50, M|100/100\n|turn|1\n|inactive|kalaluwi has 30 seconds left.\n|\n|t:|1788380898\n|move|p1b: Primarina|Protect|p1b: Primarina\n|-singleturn|p1b: Primarina|Protect\n|move|p2b: Venusaur|Sleep Powder|p1a: Kingambit\n|-status|p1a: Kingambit|slp|[from] move: Sleep Powder\n|move|p2a: Archaludon|Flash Cannon|p1b: Primarina\n|-activate|p1b: Primarina|move: Protect\n|cant|p1a: Kingambit|slp\n|\n|upkeep\n|turn|2\n|\n|t:|1788380919\n|switch|p2b: Pelipper|Pelipper, L50, M|100/100\n|-weather|RainDance|[from] ability: Drizzle|[of] p2b: Pelipper\n|switch|p1b: Incineroar|Incineroar, L50, F|100/100\n|-ability|p1b: Incineroar|Intimidate|boost\n|-unboost|p2a: Archaludon|atk|1\n|-unboost|p2b: Pelipper|atk|1\n|move|p2a: Archaludon|Electro Shot||[still]\n|-prepare|p2a: Archaludon|Electro Shot\n|-boost|p2a: Archaludon|spa|1\n|-anim|p2a: Archaludon|Electro Shot|p1b: Incineroar\n|-damage|p1b: Incineroar|46/100\n|-curestatus|p1a: Kingambit|slp|[msg]\n|move|p1a: Kingambit|Kowtow Cleave|p2b: Pelipper\n|-damage|p2b: Pelipper|36/100\n|-enditem|p2b: Pelipper|Sitrus Berry|[eat]\n|-heal|p2b: Pelipper|60/100|[from] item: Sitrus Berry\n|\n|-weather|RainDance|[upkeep]\n|upkeep\n|turn|3\n|\n|t:|1788380943\n|move|p1b: Incineroar|Fake Out|p2b: Pelipper\n|-damage|p2b: Pelipper|42/100\n|-damage|p1b: Incineroar|36/100|[from] item: Life Orb\n|move|p2a: Archaludon|Electro Shot||[still]\n|-prepare|p2a: Archaludon|Electro Shot\n|-boost|p2a: Archaludon|spa|1\n|-anim|p2a: Archaludon|Electro Shot|p1a: Kingambit\n|-damage|p1a: Kingambit|25/100\n|cant|p2b: Pelipper|flinch\n|move|p1a: Kingambit|Kowtow Cleave|p2b: Pelipper\n|-damage|p2b: Pelipper|0 fnt\n|faint|p2b: Pelipper\n|\n|-weather|RainDance|[upkeep]\n|upkeep\n|\n|t:|1788380961\n|switch|p2b: Swampert|Swampert, L50, F|100/100\n|turn|4\n|\n|t:|1788380977\n|detailschange|p2b: Swampert|Swampert-Mega, L50, F\n|-mega|p2b: Swampert|Swampert|Swampertite\n|move|p1a: Kingambit|Sucker Punch|p2b: Swampert\n|-damage|p2b: Swampert|62/100\n|move|p2b: Swampert|Wave Crash|p1a: Kingambit\n|-damage|p1a: Kingambit|0 fnt\n|faint|p1a: Kingambit\n|-damage|p2b: Swampert|54/100|[from] Recoil\n|move|p2a: Archaludon|Dragon Pulse|p1b: Incineroar\n|-crit|p1b: Incineroar\n|-damage|p1b: Incineroar|0 fnt\n|faint|p1b: Incineroar\n|\n|-weather|RainDance|[upkeep]\n|upkeep\n|\n|t:|1788380989\n|switch|p1b: Vanilluxe|Vanilluxe, L50, F|100/100\n|switch|p1a: Primarina|Primarina, L50, F|100/100\n|-weather|Snowscape|[from] ability: Snow Warning|[of] p1b: Vanilluxe\n|turn|5\n|\n|t:|1788380998\n|move|p2a: Archaludon|Protect|p2a: Archaludon\n|-singleturn|p2a: Archaludon|Protect\n|move|p2b: Swampert|Protect|p2b: Swampert\n|-singleturn|p2b: Swampert|Protect\n|move|p1b: Vanilluxe|Blizzard|p2b: Swampert|[spread] \n|-activate|p2a: Archaludon|move: Protect\n|-activate|p2b: Swampert|move: Protect\n|move|p1a: Primarina|Moonblast|p2a: Archaludon\n|-activate|p2a: Archaludon|move: Protect\n|\n|-weather|Snowscape|[upkeep]\n|upkeep\n|turn|6\n|\n|t:|1788381009\n|move|p1a: Primarina|Protect|p1a: Primarina\n|-singleturn|p1a: Primarina|Protect\n|move|p1b: Vanilluxe|Blizzard|p2a: Archaludon|[spread] p2a,p2b\n|-damage|p2a: Archaludon|60/100\n|-damage|p2b: Swampert|17/100\n|-ability|p2a: Archaludon|Stamina|boost\n|-boost|p2a: Archaludon|def|1\n|move|p2a: Archaludon|Flash Cannon|p1b: Vanilluxe\n|-supereffective|p1b: Vanilluxe|1\n|-damage|p1b: Vanilluxe|0 fnt\n|faint|p1b: Vanilluxe\n|move|p2b: Swampert|Wave Crash|p1a: Primarina\n|-activate|p1a: Primarina|move: Protect\n|\n|-weather|Snowscape|[upkeep]\n|-heal|p2a: Archaludon|66/100|[from] item: Leftovers\n|upkeep\n|turn|7\n|\n|t:|1788381019\n|switch|p2b: Venusaur|Venusaur, L50, M|100/100\n|move|p2a: Archaludon|Flash Cannon|p1a: Primarina\n|-damage|p1a: Primarina|38/100\n|move|p1a: Primarina|Hyper Voice|p2a: Archaludon|[spread] p2a,p2b\n|-resisted|p2a: Archaludon|1\n|-resisted|p2b: Venusaur|1\n|-crit|p2b: Venusaur\n|-damage|p2a: Archaludon|48/100\n|-damage|p2b: Venusaur|66/100\n|-ability|p2a: Archaludon|Stamina|boost\n|-boost|p2a: Archaludon|def|1\n|\n|-weather|Snowscape|[upkeep]\n|-heal|p2a: Archaludon|54/100|[from] item: Leftovers\n|-heal|p1a: Primarina|44/100|[from] item: Leftovers\n|upkeep\n|turn|8\n|\n|t:|1788381026\n|move|p2b: Venusaur|Sludge Bomb|p1a: Primarina\n|-supereffective|p1a: Primarina|1\n|-damage|p1a: Primarina|0 fnt\n|faint|p1a: Primarina\n|\n|win|thebigmacky\n|raw|kalaluwi's rating: 1333 &rarr; <strong>1312</strong><br />(-21 for losing)\n|raw|thebigmacky's rating: 1307 &rarr; <strong>1328</strong><br />(+21 for winning)\n","uploadtime":1788381026,"views":"6","formatid":"gen9championsvgc2026regmbbo3","rating":1312,"private":0,"password":null}