{"id":"gen9championsvgc2026regmb-2673854978","format":"[Gen 9 Champions] VGC 2026 Reg M-B","players":["alekeipapa","Thornlace48812"],"log":"|j|☆alekeipapa\n|j|☆Thornlace48812\n|t:|1788268994\n|gametype|doubles\n|player|p1|alekeipapa|169|1131\n|player|p2|Thornlace48812|102|1202\n|gen|9\n|tier|[Gen 9 Champions] VGC 2026 Reg M-B\n|rated|\n|rule|Species Clause: Limit one of each Pokémon\n|rule|Item Clause: Limit 1 of each item\n|clearpoke\n|poke|p1|Dragonite, L50, F|\n|poke|p1|Sneasler, L50, F|\n|poke|p1|Basculegion, L50, M|\n|poke|p1|Kingambit, L50, M|\n|poke|p1|Garchomp, L50, M|\n|poke|p1|Floette-Eternal, L50, F|\n|poke|p2|Garchomp, L50, F|\n|poke|p2|Charizard, L50, M|\n|poke|p2|Whimsicott, L50, M|\n|poke|p2|Sylveon, L50, F|\n|poke|p2|Kingambit, L50, M|\n|poke|p2|Basculegion, L50, M|\n|teampreview|4\n|inactive|Battle timer is ON: inactive players will automatically lose when time's up. (requested by Thornlace48812)\nThornlace48812 rejected open team sheets.\n|inactive|alekeipapa has 60 seconds left.\n|inactive|alekeipapa has 30 seconds left.\n|\n|t:|1788269058\n|teamsize|p1|4\n|teamsize|p2|4\n|start\n|switch|p1a: Sneasler|Sneasler, L50, F|100/100\n|switch|p1b: Garchomp|Garchomp, L50, M|100/100\n|switch|p2a: Charizard|Charizard, L50, M|100/100\n|switch|p2b: Sylveon|Sylveon, L50, F|100/100\n|turn|1\n|\n|t:|1788269068\n|detailschange|p2a: Charizard|Charizard-Mega-Y, L50, M\n|-mega|p2a: Charizard|Charizard|Charizardite Y\n|-weather|SunnyDay|[from] ability: Drought|[of] p2a: Charizard\n|move|p1a: Sneasler|Fake Out|p2b: Sylveon\n|-damage|p2b: Sylveon|81/100\n|-status|p2b: Sylveon|psn|[from] ability: Poison Touch|[of] p1a: Sneasler\n|move|p1b: Garchomp|Rock Slide|p2b: Sylveon|[spread] p2b\n|-miss|p1b: Garchomp|p2a: Charizard\n|-damage|p2b: Sylveon|57/100 psn\n|move|p2a: Charizard|Heat Wave|p1a: Sneasler|[spread] p1b\n|-miss|p2a: Charizard|p1a: Sneasler\n|-resisted|p1b: Garchomp|1\n|-damage|p1b: Garchomp|65/100\n|cant|p2b: Sylveon|flinch\n|\n|-weather|SunnyDay|[upkeep]\n|-damage|p2b: Sylveon|45/100 psn|[from] psn\n|upkeep\n|turn|2\n|\n|t:|1788269087\n|move|p1b: Garchomp|Rock Slide|p2a: Charizard|[spread] p2a,p2b\n|-supereffective|p2a: Charizard|2\n|-damage|p2a: Charizard|3/100\n|-damage|p2b: Sylveon|16/100 psn\n|move|p1a: Sneasler|Dire Claw|p2b: Sylveon\n|-supereffective|p2b: Sylveon|1\n|-damage|p2b: Sylveon|0 fnt\n|faint|p2b: Sylveon\n|move|p2a: Charizard|Heat Wave|p1b: Garchomp|[spread] p1a,p1b\n|-resisted|p1b: Garchomp|1\n|-damage|p1a: Sneasler|11/100\n|-damage|p1b: Garchomp|28/100\n|\n|-weather|SunnyDay|[upkeep]\n|upkeep\n|\n|t:|1788269087\n|switch|p2b: Kingambit|Kingambit, L50, M|100/100\n|-activate|p2b: Kingambit|ability: Supreme Overlord\n|-start|p2b: Kingambit|fallen1|[silent]\n|turn|3\n|inactive|alekeipapa has 30 seconds left.\n|\n|t:|1788269118\n|switch|p1b: Dragonite|Dragonite, L50, F|100/100\n|move|p2a: Charizard|Protect|p2a: Charizard\n|-singleturn|p2a: Charizard|Protect\n|move|p2b: Kingambit|Sucker Punch|p1a: Sneasler\n|-resisted|p1a: Sneasler|1\n|-damage|p1a: Sneasler|0 fnt\n|faint|p1a: Sneasler\n|\n|-weather|SunnyDay|[upkeep]\n|upkeep\n|\n|t:|1788269128\n|switch|p1a: Garchomp|Garchomp, L50, M|28/100\n|turn|4\n|\n|t:|1788269147\n|switch|p1a: Floette|Floette-Eternal, L50, F|100/100\n|detailschange|p1b: Dragonite|Dragonite-Mega, L50, F\n|-mega|p1b: Dragonite|Dragonite|Dragoninite\n|move|p2a: Charizard|Protect||[still]\n|-fail|p2a: Charizard\n|move|p1b: Dragonite|Heat Wave|p2a: Charizard|[spread] p2a,p2b\n|-resisted|p2a: Charizard|1\n|-supereffective|p2b: Kingambit|1\n|-damage|p2a: Charizard|0 fnt\n|-damage|p2b: Kingambit|0 fnt\n|faint|p2a: Charizard\n|faint|p2b: Kingambit\n|-end|p2b: Kingambit|fallen1|[silent]\n|\n|-weather|SunnyDay|[upkeep]\n|upkeep\n|\n|t:|1788269148\n|switch|p2b: Basculegion|Basculegion, L50, M|100/100\n|turn|5\n|\n|t:|1788269166\n|move|p1a: Floette|Light of Ruin|p2b: Basculegion\n|-damage|p2b: Basculegion|16/100\n|-damage|p1a: Floette|44/100|[from] Recoil\n|move|p1b: Dragonite|Draco Meteor|p2b: Basculegion\n|-damage|p2b: Basculegion|0 fnt\n|-unboost|p1b: Dragonite|spa|2\n|faint|p2b: Basculegion\n|\n|win|alekeipapa\n|raw|alekeipapa's rating: 1131 &rarr; <strong>1155</strong><br />(+24 for winning)\n|raw|Thornlace48812's rating: 1117 &rarr; <strong>1093</strong><br />(-24 for losing)\n","uploadtime":1788269166,"views":"4","formatid":"gen9championsvgc2026regmb","rating":1093,"private":0,"password":null}