{"id":"gen9championsvgc2026regmb-2674585497","format":"[Gen 9 Champions] VGC 2026 Reg M-B","players":["blog2","apagun"],"log":"|j|☆blog2\n|j|☆apagun\n|t:|1788376957\n|gametype|doubles\n|player|p1|blog2|169|1072\n|player|p2|apagun|hoopster|1020\n|gen|9\n|tier|[Gen 9 Champions] VGC 2026 Reg M-B\n|rated|\n|rule|Species Clause: Limit one of each Pokémon\n|rule|Item Clause: Limit 1 of each item\n|clearpoke\n|poke|p1|Roserade, L50, F, shiny|\n|poke|p1|Scizor, L50, M|\n|poke|p1|Dragapult, L50, M, shiny|\n|poke|p1|Garchomp, L50, M|\n|poke|p1|Ninetales-Alola, L50, M|\n|poke|p1|Arcanine, L50, F|\n|poke|p2|Pangoro, L50, F|\n|poke|p2|Meowstic-F, L50, F|\n|poke|p2|Mr. Rime, L50, M|\n|poke|p2|Wyrdeer, L50, F|\n|poke|p2|Empoleon, L50, M|\n|poke|p2|Infernape, L50, F|\n|teampreview|4\n|inactive|Battle timer is ON: inactive players will automatically lose when time's up. (requested by blog2)\n|inactive|apagun has 60 seconds left.\n|\n|t:|1788377026\n|teamsize|p1|4\n|teamsize|p2|4\n|start\n|switch|p1a: Roserade|Roserade, L50, F, shiny|100/100\n|switch|p1b: Ninetales|Ninetales-Alola, L50, M|100/100\n|switch|p2a: Pangoro|Pangoro, L50, F|100/100\n|switch|p2b: Infernape|Infernape, L50, F|100/100\n|-weather|Snowscape|[from] ability: Snow Warning|[of] p1b: Ninetales\n|turn|1\n|l|☆blog2\n|inactive|blog2 disconnected and has a minute to reconnect!\n|player|p1|\n|j|☆blog2\n|inactive|blog2 reconnected and has 55 seconds left.\n|player|p1|blog2|169|\n|inactive|apagun has 30 seconds left.\n|inactive|apagun has 20 seconds left.\n|inactive|apagun has 15 seconds left.\n|inactive|apagun has 10 seconds left.\n|\n|t:|1788377072\n|move|p2b: Infernape|Fake Out|p1b: Ninetales\n|-crit|p1b: Ninetales\n|-damage|p1b: Ninetales|81/100\n|cant|p1b: Ninetales|flinch\n|move|p1a: Roserade|Leech Seed|p2b: Infernape\n|-start|p2b: Infernape|move: Leech Seed\n|move|p2a: Pangoro|Poison Jab|p1b: Ninetales\n|-supereffective|p1b: Ninetales|1\n|-damage|p1b: Ninetales|18/100\n|\n|-weather|Snowscape|[upkeep]\n|-damage|p2b: Infernape|88/100|[from] Leech Seed|[of] p1a: Roserade\n|upkeep\n|turn|2\n|inactive|blog2 has 30 seconds left.\n|inactive|blog2 has 20 seconds left.\n|inactive|blog2 has 15 seconds left.\n|\n|t:|1788377113\n|move|p1b: Ninetales|Protect|p1b: Ninetales\n|-singleturn|p1b: Ninetales|Protect\n|move|p2b: Infernape|Overheat|p1a: Roserade\n|-supereffective|p1a: Roserade|1\n|-enditem|p1a: Roserade|Focus Sash\n|-damage|p1a: Roserade|1/100\n|-unboost|p2b: Infernape|spa|2\n|move|p1a: Roserade|Leech Seed|p2a: Pangoro\n|-start|p2a: Pangoro|move: Leech Seed\n|move|p2a: Pangoro|Poison Jab|p1b: Ninetales\n|-activate|p1b: Ninetales|move: Protect\n|\n|-weather|Snowscape|[upkeep]\n|-damage|p2b: Infernape|76/100|[from] Leech Seed|[of] p1a: Roserade\n|-heal|p1a: Roserade|12/100|[silent]\n|-damage|p2a: Pangoro|87/100|[from] Leech Seed|[of] p1a: Roserade\n|-heal|p1a: Roserade|28/100|[silent]\n|upkeep\n|turn|3\n|l|☆apagun\n|inactive|apagun disconnected and has a minute to reconnect!\n|player|p2|\n|inactive|apagun has 30 seconds left.\n|j|☆apagun\n|inactive|apagun reconnected and has 30 seconds left.\n|player|p2|apagun|hoopster|\n|\n|t:|1788377145\n|switch|p1b: Arcanine|Arcanine, L50, F|100/100\n|-ability|p1b: Arcanine|Intimidate|boost\n|-fail|p2a: Pangoro|unboost|atk|[from] ability: Scrappy|[of] p2a: Pangoro\n|-unboost|p2b: Infernape|atk|1\n|move|p1a: Roserade|Protect|p1a: Roserade\n|-singleturn|p1a: Roserade|Protect\n|move|p2b: Infernape|Overheat|p1a: Roserade\n|-activate|p1a: Roserade|move: Protect\n|move|p2a: Pangoro|Poison Jab|p1b: Arcanine\n|-damage|p1b: Arcanine|62/100\n|\n|-weather|Snowscape|[upkeep]\n|-damage|p2b: Infernape|64/100|[from] Leech Seed|[of] p1a: Roserade\n|-heal|p1a: Roserade|39/100|[silent]\n|-damage|p2a: Pangoro|75/100|[from] Leech Seed|[of] p1a: Roserade\n|-heal|p1a: Roserade|55/100|[silent]\n|upkeep\n|turn|4\n|inactive|apagun has 30 seconds left.\n|\n|t:|1788377177\n|switch|p2b: Meowstic|Meowstic-F, L50, F|100/100\n|switch|p1a: Ninetales|Ninetales-Alola, L50, M|18/100\n|switch|p2a: Wyrdeer|Wyrdeer, L50, F|100/100\n|-ability|p2a: Wyrdeer|Intimidate|boost\n|-unboost|p1a: Ninetales|atk|1\n|-unboost|p1b: Arcanine|atk|1\n|switch|p1b: Scizor|Scizor, L50, M|100/100\n|\n|-weather|Snowscape|[upkeep]\n|upkeep\n|turn|5\n|inactive|apagun has 30 seconds left.\n|inactive|apagun has 20 seconds left.\n|inactive|apagun has 15 seconds left.\n|inactive|apagun has 10 seconds left.\n|inactive|apagun has 5 seconds left.\n|\n|t:|1788377232\n|detailschange|p1b: Scizor|Scizor-Mega, L50, M\n|-mega|p1b: Scizor|Scizor|Scizorite\n|move|p1a: Ninetales|Blizzard|p2b: Meowstic|[spread] p2a,p2b\n|-damage|p2a: Wyrdeer|65/100\n|-damage|p2b: Meowstic|57/100\n|-status|p2b: Meowstic|frz\n|cant|p2b: Meowstic|frz\n|move|p1b: Scizor|Bug Bite|p2a: Wyrdeer\n|-supereffective|p2a: Wyrdeer|1\n|-damage|p2a: Wyrdeer|0 fnt\n|-enditem|p2a: Wyrdeer|Colbur Berry|[from] stealeat|[move] Bug Bite|[of] p1b: Scizor\n|faint|p2a: Wyrdeer\n|\n|-weather|none\n|upkeep\n|\n|t:|1788377248\n|switch|p2a: Pangoro|Pangoro, L50, F|75/100\n|turn|6\n|inactive|apagun has 30 seconds left.\n|\n|t:|1788377274\n|switch|p1a: Arcanine|Arcanine, L50, F|62/100\n|-ability|p1a: Arcanine|Intimidate|boost\n|-fail|p2a: Pangoro|unboost|atk|[from] ability: Scrappy|[of] p2a: Pangoro\n|-unboost|p2b: Meowstic|atk|1\n|-ability|p2b: Meowstic|Competitive|boost\n|-boost|p2b: Meowstic|spa|2\n|cant|p2b: Meowstic|frz\n|move|p2a: Pangoro|Drain Punch|p1b: Scizor\n|-damage|p1b: Scizor|70/100\n|-heal|p2a: Pangoro|88/100|[from] drain|[of] p1b: Scizor\n|move|p1b: Scizor|Trailblaze|p2a: Pangoro\n|-damage|p2a: Pangoro|50/100g\n|-boost|p1b: Scizor|spe|1\n|\n|upkeep\n|turn|7\n|\n|t:|1788377300\n|-curestatus|p2b: Meowstic|frz|[msg]\n|move|p2b: Meowstic|Protect|p2b: Meowstic\n|-singleturn|p2b: Meowstic|Protect\n|move|p1a: Arcanine|Extreme Speed|p2b: Meowstic\n|-activate|p2b: Meowstic|move: Protect\n|move|p1b: Scizor|Bullet Punch|p2b: Meowstic\n|-activate|p2b: Meowstic|move: Protect\n|move|p2a: Pangoro|Drain Punch|p1b: Scizor\n|-damage|p1b: Scizor|37/100\n|-heal|p2a: Pangoro|65/100|[from] drain|[of] p1b: Scizor\n|\n|upkeep\n|turn|8\n|inactive|apagun has 30 seconds left.\n|inactive|apagun has 20 seconds left.\n|inactive|apagun has 15 seconds left.\n|inactive|apagun has 10 seconds left.\n|inactive|apagun has 5 seconds left.\n|\n|t:|1788377353\n|detailschange|p2b: Meowstic|Meowstic-F-Mega, L50, F\n|-mega|p2b: Meowstic|Meowstic|Meowsticite\n|-ability|p2b: Meowstic|Intimidate|Trace|[from] ability: Trace|[of] p1a: Arcanine\n|-ability|p2b: Meowstic|Intimidate|boost\n|-unboost|p1a: Arcanine|atk|1\n|-unboost|p1b: Scizor|atk|1\n|move|p1a: Arcanine|Extreme Speed|p2b: Meowstic\n|-damage|p2b: Meowstic|37/100\n|move|p1b: Scizor|Bullet Punch|p2b: Meowstic\n|-damage|p2b: Meowstic|0 fnt\n|faint|p2b: Meowstic\n|move|p2a: Pangoro|Drain Punch|p1b: Scizor\n|-damage|p1b: Scizor|3/100\n|-heal|p2a: Pangoro|80/100|[from] drain|[of] p1b: Scizor\n|\n|upkeep\n|\n|t:|1788377370\n|switch|p2b: Infernape|Infernape, L50, F|64/100\n|turn|9\n|inactive|apagun has 30 seconds left.\n|\n|t:|1788377403\n|move|p2b: Infernape|Fake Out|p1b: Scizor\n|-resisted|p1b: Scizor|1\n|-damage|p1b: Scizor|0 fnt\n|faint|p1b: Scizor\n|move|p1a: Arcanine|Extreme Speed|p2a: Pangoro\n|-damage|p2a: Pangoro|66/100\n|move|p2a: Pangoro|Drain Punch|p1a: Arcanine\n|-damage|p1a: Arcanine|15/100\n|-heal|p2a: Pangoro|90/100|[from] drain|[of] p1a: Arcanine\n|-enditem|p1a: Arcanine|Sitrus Berry|[eat]\n|-heal|p1a: Arcanine|40/100|[from] item: Sitrus Berry\n|\n|upkeep\n|inactive|blog2 has 30 seconds left.\n|\n|t:|1788377433\n|switch|p1b: Ninetales|Ninetales-Alola, L50, M|18/100\n|-weather|Snowscape|[from] ability: Snow Warning|[of] p1b: Ninetales\n|turn|10\n|inactive|apagun has 30 seconds left.\n|\n|t:|1788377460\n|switch|p1a: Roserade|Roserade, L50, F, shiny|55/100\n|move|p1b: Ninetales|Aurora Veil|p1b: Ninetales\n|-sidestart|p1: blog2|move: Aurora Veil\n|move|p2b: Infernape|Aura Sphere|p1b: Ninetales\n|-damage|p1b: Ninetales|0 fnt\n|faint|p1b: Ninetales\n|move|p2a: Pangoro|Drain Punch|p1a: Roserade\n|-resisted|p1a: Roserade|1\n|-damage|p1a: Roserade|40/100\n|-heal|p2a: Pangoro|96/100|[from] drain|[of] p1a: Roserade\n|-status|p2a: Pangoro|psn|[from] ability: Poison Point|[of] p1a: Roserade\n|\n|-weather|Snowscape|[upkeep]\n|-damage|p2a: Pangoro|83/100 psn|[from] psn\n|upkeep\n|inactive|blog2 has 30 seconds left.\n|inactive|blog2 has 20 seconds left.\n|inactive|blog2 has 15 seconds left.\n|inactive|blog2 has 10 seconds left.\n|inactive|blog2 has 5 seconds left.\n|\n|t:|1788377515\n|switch|p1b: Arcanine|Arcanine, L50, F|40/100\n|-ability|p1b: Arcanine|Intimidate|boost\n|-fail|p2a: Pangoro|unboost|atk|[from] ability: Scrappy|[of] p2a: Pangoro\n|-unboost|p2b: Infernape|atk|1\n|turn|11\n|\n|t:|1788377537\n|move|p1a: Roserade|Protect|p1a: Roserade\n|-singleturn|p1a: Roserade|Protect\n|move|p1b: Arcanine|Extreme Speed|p2b: Infernape\n|-damage|p2b: Infernape|25/100\n|move|p2b: Infernape|Overheat|p1a: Roserade\n|-activate|p1a: Roserade|move: Protect\n|move|p2a: Pangoro|Drain Punch|p1b: Arcanine\n|-damage|p1b: Arcanine|6/100\n|-heal|p2a: Pangoro|100/100 psn|[from] drain|[of] p1b: Arcanine\n|\n|-weather|Snowscape|[upkeep]\n|-damage|p2a: Pangoro|87/100 psn|[from] psn\n|upkeep\n|turn|12\n|inactive|apagun has 30 seconds left.\n|\n|t:|1788377555\n|move|p1b: Arcanine|Extreme Speed|p2b: Infernape\n|-damage|p2b: Infernape|0 fnt\n|faint|p2b: Infernape\n|move|p1a: Roserade|Leech Seed|p2a: Pangoro\n|-start|p2a: Pangoro|move: Leech Seed\n|move|p2a: Pangoro|Drain Punch|p1b: Arcanine\n|-damage|p1b: Arcanine|0 fnt\n|-heal|p2a: Pangoro|90/100 psn|[from] drain|[of] p1b: Arcanine\n|faint|p1b: Arcanine\n|\n|-weather|Snowscape|[upkeep]\n|-damage|p2a: Pangoro|78/100 psn|[from] Leech Seed|[of] p1a: Roserade\n|-heal|p1a: Roserade|56/100|[silent]\n|-damage|p2a: Pangoro|65/100 psn|[from] psn\n|upkeep\n|turn|13\n|inactive|apagun has 25 seconds left this turn.\n|inactive|apagun has 20 seconds left.\n|inactive|apagun has 15 seconds left.\n|inactive|apagun has 10 seconds left.\n|\n|t:|1788377572\n|move|p1a: Roserade|Giga Drain|p2a: Pangoro\n|-damage|p2a: Pangoro|32/100 psn\n|-heal|p1a: Roserade|78/100|[from] drain|[of] p2a: Pangoro\n|move|p2a: Pangoro|Drain Punch|p1a: Roserade\n|-resisted|p1a: Roserade|1\n|-damage|p1a: Roserade|61/100\n|-heal|p2a: Pangoro|39/100 psn|[from] drain|[of] p1a: Roserade\n|\n|-weather|Snowscape|[upkeep]\n|-damage|p2a: Pangoro|26/100 psn|[from] Leech Seed|[of] p1a: Roserade\n|-heal|p1a: Roserade|77/100|[silent]\n|-damage|p2a: Pangoro|14/100 psn|[from] psn\n|upkeep\n|turn|14\n|inactive|apagun has 10 seconds left this turn.\n|c|☆blog2|It's gonna be close\n|inactive|apagun has 5 seconds left.\n|c|☆blog2|Or not. gg\n|-message|apagun lost due to inactivity.\n|\n|win|blog2\n|raw|blog2's rating: 1072 &rarr; <strong>1097</strong><br />(+25 for winning)\n|raw|apagun's rating: 1020 &rarr; <strong>1009</strong><br />(-11 for losing)\n","uploadtime":1788377584,"views":"3","formatid":"gen9championsvgc2026regmb","rating":1009,"private":0,"password":null}