{"id":"gen9championsvgc2026regmb-2674944912","format":"[Gen 9 Champions] VGC 2026 Reg M-B","players":["soulo333","VictoriousDancing"],"log":"|j|☆soulo333\n|j|☆VictoriousDancing\n|t:|1788440039\n|gametype|doubles\n|player|p1|soulo333|265|1307\n|player|p2|VictoriousDancing|cynthia|1318\n|gen|9\n|tier|[Gen 9 Champions] VGC 2026 Reg M-B\n|rated|\n|rule|Species Clause: Limit one of each Pokémon\n|rule|Item Clause: Limit 1 of each item\n|clearpoke\n|poke|p1|Staraptor, L50, F|\n|poke|p1|Arcanine-Hisui, L50, M|\n|poke|p1|Kingambit, L50, F|\n|poke|p1|Sylveon, L50, F, shiny|\n|poke|p1|Raichu, L50, M|\n|poke|p1|Farigiraf, L50, M|\n|poke|p2|Charizard, L50, M, shiny|\n|poke|p2|Basculegion, L50, M, shiny|\n|poke|p2|Whimsicott, L50, F, shiny|\n|poke|p2|Garchomp, L50, F, shiny|\n|poke|p2|Kingambit, L50, M, shiny|\n|poke|p2|Floette-Eternal, L50, F|\n|teampreview|4\n|inactive|Battle timer is ON: inactive players will automatically lose when time's up. (requested by VictoriousDancing)\nVictoriousDancing rejected open team sheets.\n|\n|t:|1788440066\n|teamsize|p1|4\n|teamsize|p2|4\n|start\n|switch|p1a: Raichu|Raichu, L50, M|100/100\n|switch|p1b: Arcanine|Arcanine-Hisui, L50, M|100/100\n|switch|p2a: Floette|Floette-Eternal, L50, F|100/100\n|switch|p2b: Whimsicott|Whimsicott, L50, F, shiny|100/100\n|turn|1\n|\n|t:|1788440071\n|detailschange|p1a: Raichu|Raichu-Mega-Y, L50, M\n|-mega|p1a: Raichu|Raichu|Raichunite Y\n|detailschange|p2a: Floette|Floette-Mega, L50, F\n|-mega|p2a: Floette|Floette|Floettite\n|-ability|p2a: Floette|Fairy Aura\n|move|p2b: Whimsicott|Protect|p2b: Whimsicott\n|-singleturn|p2b: Whimsicott|Protect\n|move|p2a: Floette|Protect|p2a: Floette\n|-singleturn|p2a: Floette|Protect\n|move|p1a: Raichu|Zap Cannon|p2a: Floette\n|-activate|p2a: Floette|move: Protect\n|move|p1b: Arcanine|Flare Blitz|p2b: Whimsicott\n|-activate|p2b: Whimsicott|move: Protect\n|\n|upkeep\n|turn|2\n|\n|t:|1788440090\n|move|p2b: Whimsicott|Tailwind|p2b: Whimsicott\n|-sidestart|p2: VictoriousDancing|move: Tailwind\n|move|p2a: Floette|Moonblast|p1a: Raichu\n|-damage|p1a: Raichu|2/100\n|move|p1a: Raichu|Zap Cannon|p2a: Floette\n|-damage|p2a: Floette|51/100\n|-status|p2a: Floette|par\n|move|p1b: Arcanine|Flare Blitz|p2b: Whimsicott\n|-supereffective|p2b: Whimsicott|1\n|-enditem|p2b: Whimsicott|Focus Sash\n|-damage|p2b: Whimsicott|1/100\n|\n|upkeep\n|turn|3\n|\n|t:|1788440102\n|move|p1a: Raichu|Protect|p1a: Raichu\n|-singleturn|p1a: Raichu|Protect\n|move|p2b: Whimsicott|Moonblast|p1a: Raichu\n|-activate|p1a: Raichu|move: Protect\n|move|p1b: Arcanine|Flare Blitz|p2a: Floette\n|-damage|p2a: Floette|0 fnt\n|faint|p2a: Floette\n|\n|upkeep\n|\n|t:|1788440102\n|switch|p2a: Garchomp|Garchomp, L50, F, shiny|100/100\n|turn|4\n|\n|t:|1788440118\n|switch|p1a: Farigiraf|Farigiraf, L50, M|100/100\n|move|p1b: Arcanine|Extreme Speed|p2b: Whimsicott\n|-damage|p2b: Whimsicott|0 fnt\n|faint|p2b: Whimsicott\n|move|p2a: Garchomp|Earthquake|p1b: Arcanine|[spread] p1a,p1b\n|-supereffective|p1b: Arcanine|2\n|-damage|p1a: Farigiraf|62/100\n|-enditem|p1b: Arcanine|Focus Sash\n|-damage|p1b: Arcanine|1/100\n|\n|upkeep\n|\n|t:|1788440118\n|switch|p2b: Kingambit|Kingambit, L50, M, shiny|100/100\n|turn|5\n|\n|t:|1788440128\n|move|p1b: Arcanine|Protect|p1b: Arcanine\n|-singleturn|p1b: Arcanine|Protect\n|move|p1a: Farigiraf|Protect|p1a: Farigiraf\n|-singleturn|p1a: Farigiraf|Protect\n|move|p2a: Garchomp|Earthquake|p1b: Arcanine|[spread] p2b\n|-activate|p1a: Farigiraf|move: Protect\n|-activate|p1b: Arcanine|move: Protect\n|-supereffective|p2b: Kingambit|1\n|-damage|p2b: Kingambit|39/100\n|move|p2b: Kingambit|Kowtow Cleave|p1a: Farigiraf\n|-activate|p1a: Farigiraf|move: Protect\n|\n|-sideend|p2: VictoriousDancing|move: Tailwind\n|upkeep\n|turn|6\n|inactive|soulo333 has 30 seconds left.\n|\n|t:|1788440154\n|switch|p1a: Kingambit|Kingambit, L50, F|100/100\n|move|p1b: Arcanine|Extreme Speed|p2a: Garchomp\n|-damage|p2a: Garchomp|73/100\n|-damage|p1b: Arcanine|0 fnt|[from] ability: Rough Skin|[of] p2a: Garchomp\n|faint|p1b: Arcanine\n|move|p2a: Garchomp|Earthquake|p1a: Kingambit|[spread] p2b,p1a\n|-supereffective|p2b: Kingambit|1\n|-supereffective|p1a: Kingambit|1\n|-damage|p2b: Kingambit|0 fnt\n|-damage|p1a: Kingambit|46/100\n|faint|p2b: Kingambit\n|\n|upkeep\n|\n|t:|1788440161\n|switch|p1b: Farigiraf|Farigiraf, L50, M|62/100\n|turn|7\n|\n|t:|1788440163\n|move|p1a: Kingambit|Protect|p1a: Kingambit\n|-singleturn|p1a: Kingambit|Protect\n|move|p2a: Garchomp|Earthquake|p1a: Kingambit|[spread] p1b\n|-activate|p1a: Kingambit|move: Protect\n|-damage|p1b: Farigiraf|25/100\n|-enditem|p1b: Farigiraf|Sitrus Berry|[eat]\n|-heal|p1b: Farigiraf|50/100y|[from] item: Sitrus Berry\n|move|p1b: Farigiraf|Trick Room|p1b: Farigiraf\n|-fieldstart|move: Trick Room|[of] p1b: Farigiraf\n|\n|upkeep\n|turn|8\n|\n|t:|1788440174\n|move|p2a: Garchomp|Protect|p2a: Garchomp\n|-singleturn|p2a: Garchomp|Protect\n|move|p1a: Kingambit|Kowtow Cleave|p2a: Garchomp\n|-activate|p2a: Garchomp|move: Protect\n|move|p1b: Farigiraf|Psychic|p2a: Garchomp\n|-activate|p2a: Garchomp|move: Protect\n|\n|upkeep\n|turn|9\n|\n|t:|1788440176\n|move|p1a: Kingambit|Kowtow Cleave|p2a: Garchomp\n|-damage|p2a: Garchomp|9/100\n|-damage|p1a: Kingambit|34/100|[from] ability: Rough Skin|[of] p2a: Garchomp\n|-damage|p1a: Kingambit|25/100|[from] item: Life Orb\n|move|p1b: Farigiraf|Psychic|p2a: Garchomp\n|-damage|p2a: Garchomp|0 fnt\n|faint|p2a: Garchomp\n|\n|win|soulo333\n|raw|soulo333's rating: 1307 &rarr; <strong>1327</strong><br />(+20 for winning)\n|raw|VictoriousDancing's rating: 1310 &rarr; <strong>1290</strong><br />(-20 for losing)\n|l|☆VictoriousDancing\n|player|p2|\n","uploadtime":1788440177,"views":"1","formatid":"gen9championsvgc2026regmb","rating":1290,"private":0,"password":null}