{"id":"gen9championsvgc2026regmbbo3-2673556337","format":"[Gen 9 Champions] VGC 2026 Reg M-B (Bo3)","players":["Thomnahs","Florens44"],"log":"|j|☆Thomnahs\n|j|☆Florens44\n|html|<table width=\"100%\"><tr><td align=\"left\">Thomnahs</td><td align=\"right\">Florens44</tr><tr><td align=\"left\"><i class=\"fa fa-circle-o\"></i> <i class=\"fa fa-circle-o\"></i> </td><td align=\"right\"><i class=\"fa fa-circle-o\"></i> <i class=\"fa fa-circle-o\"></i> </tr></table>\n|uhtml|bestof|<h2><strong>Game 1</strong> of <a href=\"/game-bestof3-gen9championsvgc2026regmbbo3-2673556336\">a best-of-3</a></h2>\n|t:|1788212691\n|gametype|doubles\n|player|p1|Thomnahs|101|1191\n|player|p2|Florens44|caitlin|1023\n|gen|9\n|tier|[Gen 9 Champions] VGC 2026 Reg M-B (Bo3)\n|rated|\n|rule|Species Clause: Limit one of each Pokémon\n|rule|Item Clause: Limit 1 of each item\n|clearpoke\n|poke|p1|Whimsicott, L50, M|\n|poke|p1|Garchomp, L50, F|\n|poke|p1|Basculegion, L50, M|\n|poke|p1|Kingambit, L50, F|\n|poke|p1|Floette-Eternal, L50, F|\n|poke|p1|Charizard, L50, M|\n|poke|p2|Arcanine-Hisui, L50, M|\n|poke|p2|Basculegion, L50, M|\n|poke|p2|Staraptor, L50, M, shiny|\n|poke|p2|Kingambit, L50, F|\n|poke|p2|Raichu, L50, M|\n|poke|p2|Sylveon, L50, M|\n|teampreview|4\n|showteam|p1|Whimsicott||FocusSash|Prankster|Moonblast,Tailwind,Encore,Protect|Timid||M|||50|]Garchomp||SitrusBerry|RoughSkin|DragonClaw,StompingTantrum,RockSlide,Protect|Adamant||F|||50|]Basculegion||LifeOrb|Adaptability|WaveCrash,LastRespects,AquaJet,Protect|Adamant||M|||50|]Kingambit||OccaBerry|Defiant|KowtowCleave,IronHead,LowKick,SuckerPunch|Adamant||F|||50|]Floette-Eternal||Floettite|FlowerVeil|Moonblast,DazzlingGleam,LightofRuin,Protect|Timid||F|||50|]Charizard||CharizarditeY|Blaze|HeatWave,AncientPower,WeatherBall,Protect|Bold||M|||50|\n|showteam|p2|Arcanine-Hisui||FocusSash|RockHead|FlareBlitz,HeadSmash,ExtremeSpeed,Protect|Jolly||M|||50|]Basculegion||LifeOrb|SwiftSwim|WaveCrash,LastRespects,AquaJet,Protect|Adamant||M|||50|]Staraptor||Staraptite|Intimidate|CloseCombat,BraveBird,Protect,Tailwind|Jolly||M|||50|]Kingambit||ChopleBerry|Defiant|KowtowCleave,SuckerPunch,IronHead,LowKick|Adamant||F|||50|]Raichu||RaichuniteY|LightningRod|FakeOut,ZapCannon,FocusBlast,Protect|Timid||M|||50|]Sylveon||FairyFeather|Pixilate|HyperBeam,HyperVoice,QuickAttack,Detect|Modest||M|||50|\n|inactive|Battle timer is ON: inactive players will automatically lose when time's up. (requested by Thomnahs)\n|inactive|Florens44 also wants the timer to be on.\n|\n|t:|1788212721\n|teamsize|p1|4\n|teamsize|p2|4\n|start\n|switch|p1a: Whimsicott|Whimsicott, L50, M|100/100\n|switch|p1b: Basculegion|Basculegion, L50, M|100/100\n|switch|p2a: Raichu|Raichu, L50, M|100/100\n|switch|p2b: Arcanine|Arcanine-Hisui, L50, M|100/100\n|turn|1\n|c|☆Florens44|hf\n|inactive|Florens44 has 30 seconds left.\n|\n|t:|1788212751\n|switch|p2b: Kingambit|Kingambit, L50, F|100/100\n|detailschange|p2a: Raichu|Raichu-Mega-Y, L50, M\n|-mega|p2a: Raichu|Raichu|Raichunite Y\n|move|p1a: Whimsicott|Protect|p1a: Whimsicott\n|-singleturn|p1a: Whimsicott|Protect\n|move|p1b: Basculegion|Protect|p1b: Basculegion\n|-singleturn|p1b: Basculegion|Protect\n|move|p2a: Raichu|Zap Cannon|p1b: Basculegion\n|-activate|p1b: Basculegion|move: Protect\n|\n|upkeep\n|turn|2\n|inactive|Thomnahs has 30 seconds left.\n|inactive|Florens44 has 30 seconds left.\n|inactive|Florens44 has 20 seconds left.\n|inactive|Florens44 has 15 seconds left.\n|\n|t:|1788212796\n|move|p2a: Raichu|Protect|p2a: Raichu\n|-singleturn|p2a: Raichu|Protect\n|move|p1a: Whimsicott|Tailwind|p1a: Whimsicott\n|-sidestart|p1: Thomnahs|move: Tailwind\n|move|p2b: Kingambit|Sucker Punch|p1b: Basculegion\n|-supereffective|p1b: Basculegion|1\n|-damage|p1b: Basculegion|8/100\n|move|p1b: Basculegion|Wave Crash|p2a: Raichu\n|-activate|p2a: Raichu|move: Protect\n|\n|upkeep\n|turn|3\n|\n|t:|1788212810\n|switch|p2a: Sylveon|Sylveon, L50, M|100/100\n|move|p1a: Whimsicott|Encore||[still]\n|-fail|p1a: Whimsicott\n|move|p1b: Basculegion|Aqua Jet|p2b: Kingambit\n|-damage|p2b: Kingambit|73/100\n|-damage|p1b: Basculegion|0 fnt|[from] item: Life Orb\n|faint|p1b: Basculegion\n|move|p2b: Kingambit|Iron Head|p1a: Whimsicott\n|-supereffective|p1a: Whimsicott|1\n|-enditem|p1a: Whimsicott|Focus Sash\n|-damage|p1a: Whimsicott|1/100\n|\n|upkeep\n|j| trestkon\n|\n|t:|1788212825\n|switch|p1b: Kingambit|Kingambit, L50, F|100/100\n|turn|4\n|\n|t:|1788212839\n|switch|p1a: Garchomp|Garchomp, L50, F|100/100\n|move|p2b: Kingambit|Sucker Punch||[still]\n|-fail|p2b: Kingambit\n|move|p1b: Kingambit|Iron Head|p2a: Sylveon\n|-supereffective|p2a: Sylveon|1\n|-damage|p2a: Sylveon|6/100\n|move|p2a: Sylveon|Hyper Beam|p1b: Kingambit\n|-damage|p1b: Kingambit|24/100\n|-mustrecharge|p2a: Sylveon\n|\n|upkeep\n|turn|5\n|inactive|Florens44 has 30 seconds left.\n|inactive|Florens44 has 20 seconds left.\n|\n|t:|1788212877\n|move|p2b: Kingambit|Sucker Punch|p1a: Garchomp\n|-damage|p1a: Garchomp|68/100\n|-damage|p2b: Kingambit|61/100|[from] ability: Rough Skin|[of] p1a: Garchomp\n|move|p1a: Garchomp|Stomping Tantrum|p2b: Kingambit\n|-supereffective|p2b: Kingambit|1\n|-damage|p2b: Kingambit|3/100\n|move|p1b: Kingambit|Low Kick|p2b: Kingambit\n|-supereffective|p2b: Kingambit|2\n|-enditem|p2b: Kingambit|Chople Berry|[eat]\n|-enditem|p2b: Kingambit|Chople Berry|[weaken]\n|-damage|p2b: Kingambit|0 fnt\n|faint|p2b: Kingambit\n|cant|p2a: Sylveon|recharge\n|\n|-sideend|p1: Thomnahs|move: Tailwind\n|upkeep\n|\n|t:|1788212892\n|switch|p2b: Raichu|Raichu-Mega-Y, L50, M|100/100\n|turn|6\n|\n|t:|1788212905\n|move|p2a: Sylveon|Quick Attack|p1a: Garchomp\n|-supereffective|p1a: Garchomp|1\n|-damage|p1a: Garchomp|44/100\n|-damage|p2a: Sylveon|0 fnt|[from] ability: Rough Skin|[of] p1a: Garchomp\n|-enditem|p1a: Garchomp|Sitrus Berry|[eat]\n|-heal|p1a: Garchomp|69/100|[from] item: Sitrus Berry\n|faint|p2a: Sylveon\n|move|p1b: Kingambit|Sucker Punch|p2b: Raichu\n|-damage|p2b: Raichu|49/100\n|move|p2b: Raichu|Focus Blast|p1a: Garchomp\n|-damage|p1a: Garchomp|28/100\n|move|p1a: Garchomp|Rock Slide|p2b: Raichu\n|-damage|p2b: Raichu|8/100\n|\n|upkeep\n|\n|t:|1788212917\n|switch|p2a: Arcanine|Arcanine-Hisui, L50, M|100/100\n|turn|7\n|\n|t:|1788212941\n|move|p2b: Raichu|Protect|p2b: Raichu\n|-singleturn|p2b: Raichu|Protect\n|move|p1b: Kingambit|Sucker Punch||[still]\n|-fail|p1b: Kingambit\n|move|p2a: Arcanine|Flare Blitz|p1a: Garchomp\n|-resisted|p1a: Garchomp|1\n|-damage|p1a: Garchomp|4/100\n|-damage|p2a: Arcanine|87/100|[from] ability: Rough Skin|[of] p1a: Garchomp\n|move|p1a: Garchomp|Stomping Tantrum|p2a: Arcanine\n|-supereffective|p2a: Arcanine|2\n|-damage|p2a: Arcanine|0 fnt\n|faint|p2a: Arcanine\n|\n|upkeep\n|turn|8\n|-message|Florens44 forfeited.\n|\n|win|Thomnahs\n","uploadtime":1788212952,"views":"3","formatid":"gen9championsvgc2026regmbbo3","rating":null,"private":0,"password":null}