{"id":"gen9championsvgc2026regmbbo3-2673492821","format":"[Gen 9 Champions] VGC 2026 Reg M-B (Bo3)","players":["Ng010394","BlackAshura"],"log":"|j|☆Ng010394\n|j|☆BlackAshura\n|html|<table width=\"100%\"><tr><td align=\"left\">Ng010394</td><td align=\"right\">BlackAshura</tr><tr><td align=\"left\"><i class=\"fa fa-circle-o\"></i> <i class=\"fa fa-circle-o\"></i> </td><td align=\"right\"><i class=\"fa fa-circle-o\"></i> <i class=\"fa fa-circle-o\"></i> </tr></table>\n|uhtml|bestof|<h2><strong>Game 1</strong> of <a href=\"/game-bestof3-gen9championsvgc2026regmbbo3-2673492820\">a best-of-3</a></h2>\n|t:|1788204374\n|gametype|doubles\n|player|p1|Ng010394|102|1104\n|player|p2|BlackAshura|samsonoak|1186\n|gen|9\n|tier|[Gen 9 Champions] VGC 2026 Reg M-B (Bo3)\n|rated|\n|rule|Species Clause: Limit one of each Pokémon\n|rule|Item Clause: Limit 1 of each item\n|clearpoke\n|poke|p1|Corviknight, L50, M|\n|poke|p1|Raichu, L50, M|\n|poke|p1|Primarina, L50, F|\n|poke|p1|Dragapult, L50, F|\n|poke|p1|Incineroar, L50, M|\n|poke|p1|Altaria, L50, F|\n|poke|p2|Metagross, L50, shiny|\n|poke|p2|Lycanroc-Dusk, L50, F, shiny|\n|poke|p2|Dragonite, L50, F|\n|poke|p2|Kingambit, L50, M|\n|poke|p2|Basculegion, L50, M|\n|poke|p2|Whimsicott, L50, F|\n|teampreview|4\n|showteam|p1|Corviknight||Leftovers|MirrorArmor|Tailwind,BodyPress,IronHead,BulkUp|Impish||M|||50|]Raichu||RaichuniteY|LightningRod|ZapCannon,FocusBlast,FakeOut,Encore|Timid||M|||50|]Primarina||MysticWater|LiquidVoice|Moonblast,Protect,HyperVoice,EnergyBall|Modest||F|||50|]Dragapult||LifeOrb|ClearBody|DragonDarts,ShadowBall,Protect,Flamethrower|Hasty||F|||50|]Incineroar||SitrusBerry|Intimidate|FakeOut,PartingShot,ThroatChop,FlareBlitz|Careful||M|||50|]Altaria||Altarianite|CloudNine|HyperVoice,FireBlast,HelpingHand,WillOWisp|Calm||F|||50|\n|showteam|p2|Metagross||Metagrossite|ClearBody|IronHead,PsychicFangs,IcePunch,Protect|Jolly|||||50|]Lycanroc-Dusk||FocusSash|ToughClaws|Accelerock,RockSlide,CloseCombat,Protect|Adamant||F|||50|]Dragonite||Dragoninite|Multiscale|DragonPulse,HeatWave,Thunderbolt,Protect|Modest||F|||50|]Kingambit||ChopleBerry|Defiant|KowtowCleave,SuckerPunch,LowKick,Protect|Adamant||M|||50|]Basculegion||LifeOrb|SwiftSwim|AquaJet,WaveCrash,LastRespects,Protect|Adamant||M|||50|]Whimsicott||FairyFeather|Prankster|Moonblast,Tailwind,Encore,Protect|Timid||F|||50|\n|inactive|Battle timer is ON: inactive players will automatically lose when time's up. (requested by Ng010394)\n|\n|t:|1788204440\n|teamsize|p1|4\n|teamsize|p2|4\n|start\n|switch|p1a: Raichu|Raichu, L50, M|100/100\n|switch|p1b: Corviknight|Corviknight, L50, M|100/100\n|switch|p2a: Kingambit|Kingambit, L50, M|100/100\n|switch|p2b: Whimsicott|Whimsicott, L50, F|100/100\n|turn|1\n|inactive|BlackAshura has 30 seconds left.\n|\n|t:|1788204466\n|move|p2b: Whimsicott|Protect|p2b: Whimsicott\n|-singleturn|p2b: Whimsicott|Protect\n|move|p1a: Raichu|Fake Out|p2b: Whimsicott\n|-activate|p2b: Whimsicott|move: Protect\n|move|p2a: Kingambit|Kowtow Cleave|p1a: Raichu\n|-damage|p1a: Raichu|33/100\n|move|p1b: Corviknight|Body Press|p2a: Kingambit\n|-supereffective|p2a: Kingambit|2\n|-enditem|p2a: Kingambit|Chople Berry|[eat]\n|-enditem|p2a: Kingambit|Chople Berry|[weaken]\n|-damage|p2a: Kingambit|66/100\n|\n|upkeep\n|turn|2\n|inactive|Ng010394 has 30 seconds left.\n|inactive|BlackAshura has 30 seconds left.\n|inactive|BlackAshura has 20 seconds left.\n|inactive|BlackAshura has 15 seconds left.\n|\n|t:|1788204510\n|switch|p2a: Basculegion|Basculegion, L50, M|100/100\n|detailschange|p1a: Raichu|Raichu-Mega-Y, L50, M\n|-mega|p1a: Raichu|Raichu|Raichunite Y\n|move|p2b: Whimsicott|Encore|p1a: Raichu\n|-start|p1a: Raichu|Encore\n|move|p1a: Raichu|Fake Out||[still]\n|-hint|Fake Out only works on your first turn out.\n|-fail|p1a: Raichu\n|move|p1b: Corviknight|Iron Head|p2b: Whimsicott\n|-supereffective|p2b: Whimsicott|1\n|-damage|p2b: Whimsicott|29/100\n|\n|upkeep\n|turn|3\n|inactive|BlackAshura has 30 seconds left.\n|\n|t:|1788204536\n|switch|p1a: Incineroar|Incineroar, L50, M|100/100\n|-ability|p1a: Incineroar|Intimidate|boost\n|-unboost|p2a: Basculegion|atk|1\n|-unboost|p2b: Whimsicott|atk|1\n|move|p2b: Whimsicott|Tailwind|p2b: Whimsicott\n|-sidestart|p2: BlackAshura|move: Tailwind\n|move|p2a: Basculegion|Wave Crash|p1b: Corviknight\n|-damage|p1b: Corviknight|63/100\n|-damage|p2a: Basculegion|87/100|[from] Recoil\n|-damage|p2a: Basculegion|77/100|[from] item: Life Orb\n|move|p1b: Corviknight|Tailwind|p1b: Corviknight\n|-sidestart|p1: Ng010394|move: Tailwind\n|\n|-heal|p1b: Corviknight|69/100|[from] item: Leftovers\n|upkeep\n|turn|4\n|inactive|BlackAshura has 30 seconds left.\n|\n|t:|1788204564\n|switch|p2a: Kingambit|Kingambit, L50, M|66/100\n|move|p2b: Whimsicott|Protect|p2b: Whimsicott\n|-singleturn|p2b: Whimsicott|Protect\n|move|p1b: Corviknight|Iron Head|p2b: Whimsicott\n|-activate|p2b: Whimsicott|move: Protect\n|move|p1a: Incineroar|Parting Shot|p2a: Kingambit\n|-unboost|p2a: Kingambit|atk|1\n|-ability|p2a: Kingambit|Defiant|boost\n|-boost|p2a: Kingambit|atk|2\n|-unboost|p2a: Kingambit|spa|1\n|-ability|p2a: Kingambit|Defiant|boost\n|-boost|p2a: Kingambit|atk|2\n|\n|t:|1788204569\n|switch|p1a: Raichu|Raichu-Mega-Y, L50, M|33/100|[from] Parting Shot\n|\n|-heal|p1b: Corviknight|75/100|[from] item: Leftovers\n|upkeep\n|turn|5\n|inactive|BlackAshura has 30 seconds left.\n|\n|t:|1788204600\n|move|p2a: Kingambit|Protect|p2a: Kingambit\n|-singleturn|p2a: Kingambit|Protect\n|move|p1a: Raichu|Fake Out|p2a: Kingambit\n|-activate|p2a: Kingambit|move: Protect\n|move|p2b: Whimsicott|Moonblast|p1a: Raichu\n|-damage|p1a: Raichu|0 fnt\n|faint|p1a: Raichu\n|move|p1b: Corviknight|Iron Head|p2b: Whimsicott\n|-supereffective|p2b: Whimsicott|1\n|-damage|p2b: Whimsicott|0 fnt\n|faint|p2b: Whimsicott\n|\n|-heal|p1b: Corviknight|80/100|[from] item: Leftovers\n|upkeep\n|\n|t:|1788204615\n|switch|p1a: Primarina|Primarina, L50, F|100/100\n|switch|p2b: Dragonite|Dragonite, L50, F|100/100\n|turn|6\n|\n|t:|1788204634\n|detailschange|p2b: Dragonite|Dragonite-Mega, L50, F\n|-mega|p2b: Dragonite|Dragonite|Dragoninite\n|move|p1a: Primarina|Protect|p1a: Primarina\n|-singleturn|p1a: Primarina|Protect\n|move|p2b: Dragonite|Thunderbolt|p1b: Corviknight\n|-supereffective|p1b: Corviknight|1\n|-damage|p1b: Corviknight|16/100\n|move|p2a: Kingambit|Kowtow Cleave|p1b: Corviknight\n|-damage|p1b: Corviknight|0 fnt\n|faint|p1b: Corviknight\n|\n|-sideend|p2: BlackAshura|move: Tailwind\n|-sideend|p1: Ng010394|move: Tailwind\n|upkeep\n|\n|t:|1788204647\n|switch|p1b: Incineroar|Incineroar, L50, M|100/100\n|-ability|p1b: Incineroar|Intimidate|boost\n|-unboost|p2a: Kingambit|atk|1\n|-ability|p2a: Kingambit|Defiant|boost\n|-boost|p2a: Kingambit|atk|2\n|-unboost|p2b: Dragonite|atk|1\n|turn|7\n|\n|t:|1788204657\n|move|p2b: Dragonite|Protect|p2b: Dragonite\n|-singleturn|p2b: Dragonite|Protect\n|move|p2a: Kingambit|Protect|p2a: Kingambit\n|-singleturn|p2a: Kingambit|Protect\n|move|p1b: Incineroar|Flare Blitz|p2a: Kingambit\n|-activate|p2a: Kingambit|move: Protect\n|move|p1a: Primarina|Hyper Voice|p2a: Kingambit|[spread] \n|-activate|p2a: Kingambit|move: Protect\n|-activate|p2b: Dragonite|move: Protect\n|\n|upkeep\n|turn|8\n|\n|t:|1788204679\n|move|p1a: Primarina|Protect|p1a: Primarina\n|-singleturn|p1a: Primarina|Protect\n|move|p2b: Dragonite|Dragon Pulse|p1b: Incineroar\n|-damage|p1b: Incineroar|62/100\n|move|p2a: Kingambit|Low Kick|p1b: Incineroar\n|-supereffective|p1b: Incineroar|1\n|-damage|p1b: Incineroar|0 fnt\n|faint|p1b: Incineroar\n|\n|upkeep\n|turn|9\n|\n|t:|1788204691\n|move|p2a: Kingambit|Sucker Punch|p1a: Primarina\n|-resisted|p1a: Primarina|1\n|-damage|p1a: Primarina|26/100\n|move|p2b: Dragonite|Thunderbolt|p1a: Primarina\n|-supereffective|p1a: Primarina|1\n|-damage|p1a: Primarina|0 fnt\n|faint|p1a: Primarina\n|\n|win|BlackAshura\n||BlackAshura is ready for game 2.\n||Ng010394 is ready for game 2.\n|uhtml|next|Next: <a href=\"/battle-gen9championsvgc2026regmbbo3-2673495496\"><strong>Game 2 of 3</strong></a>\n","uploadtime":1788204376,"views":"1","formatid":"gen9championsvgc2026regmbbo3","rating":null,"private":0,"password":null}