{"id":"gen9championsvgc2026regmb-2674995732","format":"[Gen 9 Champions] VGC 2026 Reg M-B","players":["Arcane Brain","Quaaloods"],"log":"|j|☆Arcane Brain\n|j|☆Quaaloods\n|t:|1788446634\n|gametype|doubles\n|player|p1|Arcane Brain|miku-ground|1249\n|player|p2|Quaaloods|petrel|1203\n|gen|9\n|tier|[Gen 9 Champions] VGC 2026 Reg M-B\n|rated|\n|rule|Species Clause: Limit one of each Pokémon\n|rule|Item Clause: Limit 1 of each item\n|clearpoke\n|poke|p1|Raichu, L50, F|\n|poke|p1|Staraptor, L50, F|\n|poke|p1|Arcanine-Hisui, L50, F|\n|poke|p1|Farigiraf, L50, F|\n|poke|p1|Sylveon, L50, M|\n|poke|p1|Kingambit, L50, F|\n|poke|p2|Ceruledge, L50, M|\n|poke|p2|Farigiraf, L50, F|\n|poke|p2|Sinistcha, L50|\n|poke|p2|Floette-Eternal, L50, F|\n|poke|p2|Incineroar, L50, M|\n|poke|p2|Golurk, L50|\n|teampreview|4\n|\n|t:|1788446678\n|teamsize|p1|4\n|teamsize|p2|4\n|start\n|switch|p1a: Staraptor|Staraptor, L50, F|100/100\n|switch|p1b: Kingambit|Kingambit, L50, F|100/100\n|switch|p2a: Deus Vult|Ceruledge, L50, M|100/100\n|switch|p2b: Incineroar|Incineroar, L50, M|100/100\n|-ability|p1a: Staraptor|Intimidate|boost\n|-unboost|p2a: Deus Vult|atk|1\n|-unboost|p2b: Incineroar|atk|1\n|-ability|p2b: Incineroar|Intimidate|boost\n|-unboost|p1a: Staraptor|atk|1\n|-unboost|p1b: Kingambit|atk|1\n|-ability|p1b: Kingambit|Defiant|boost\n|-boost|p1b: Kingambit|atk|2\n|turn|1\n|\n|t:|1788446706\n|switch|p2b: Télétubbies|Farigiraf, L50, F|100/100\n|detailschange|p1a: Staraptor|Staraptor-Mega, L50, F\n|-mega|p1a: Staraptor|Staraptor|Staraptite\n|move|p1b: Kingambit|Protect|p1b: Kingambit\n|-singleturn|p1b: Kingambit|Protect\n|move|p1a: Staraptor|Tailwind|p1a: Staraptor\n|-sidestart|p1: Arcane Brain|move: Tailwind\n|move|p2a: Deus Vult|Close Combat|p1b: Kingambit\n|-activate|p1b: Kingambit|move: Protect\n|\n|upkeep\n|turn|2\n|\n|t:|1788446735\n|switch|p1a: Sylveon|Sylveon, L50, M|100/100\n|move|p2b: Télétubbies|Ally Switch|p2b: Télétubbies\n|swap|p2b: Télétubbies|0|[from] move: Ally Switch\n|move|p1b: Kingambit|Kowtow Cleave|p2b: Deus Vult\n|-supereffective|p2b: Deus Vult|1\n|-enditem|p2b: Deus Vult|Focus Sash\n|-damage|p2b: Deus Vult|1/100\n|-damage|p1b: Kingambit|90/100|[from] item: Life Orb\n|move|p2b: Deus Vult|Close Combat|p1b: Kingambit\n|-supereffective|p1b: Kingambit|2\n|-damage|p1b: Kingambit|1/100\n|-unboost|p2b: Deus Vult|def|1\n|-unboost|p2b: Deus Vult|spd|1\n|\n|upkeep\n|turn|3\n|\n|t:|1788446763\n|move|p2b: Deus Vult|Shadow Sneak|p1b: Kingambit\n|-resisted|p1b: Kingambit|1\n|-damage|p1b: Kingambit|0 fnt\n|faint|p1b: Kingambit\n|move|p1a: Sylveon|Hyper Voice|p2a: Télétubbies|[spread] p2a,p2b\n|-resisted|p2b: Deus Vult|1\n|-damage|p2a: Télétubbies|60/100\n|-damage|p2b: Deus Vult|0 fnt\n|faint|p2b: Deus Vult\n|move|p2a: Télétubbies|Trick Room|p2a: Télétubbies\n|-fieldstart|move: Trick Room|[of] p2a: Télétubbies\n|\n|upkeep\n|\n|t:|1788446771\n|switch|p1b: Farigiraf|Farigiraf, L50, F|100/100\n|switch|p2b: Tomorrowland|Golurk, L50|100/100\n|turn|4\n|\n|t:|1788446787\n|detailschange|p2b: Tomorrowland|Golurk-Mega, L50\n|-mega|p2b: Tomorrowland|Golurk|Golurkite\n|move|p2a: Télétubbies|Helping Hand|p2b: Tomorrowland\n|-singleturn|p2b: Tomorrowland|Helping Hand|[of] p2a: Télétubbies\n|move|p1b: Farigiraf|Protect|p1b: Farigiraf\n|-singleturn|p1b: Farigiraf|Protect\n|move|p2b: Tomorrowland|Headlong Rush|p1a: Sylveon\n|-damage|p1a: Sylveon|0 fnt\n|-unboost|p2b: Tomorrowland|def|1\n|-unboost|p2b: Tomorrowland|spd|1\n|faint|p1a: Sylveon\n|\n|-sideend|p1: Arcane Brain|move: Tailwind\n|upkeep\n|\n|t:|1788446798\n|switch|p1a: Staraptor|Staraptor-Mega, L50, F|100/100\n|turn|5\n|\n|t:|1788446818\n|move|p1a: Staraptor|Protect|p1a: Staraptor\n|-singleturn|p1a: Staraptor|Protect\n|move|p2b: Tomorrowland|Poltergeist|p1a: Staraptor\n|-activate|p1a: Staraptor|move: Protect\n|move|p2a: Télétubbies|Trick Room|p2a: Télétubbies\n|-fieldend|move: Trick Room\n|move|p1b: Farigiraf|Trick Room|p1b: Farigiraf\n|-fieldstart|move: Trick Room|[of] p1b: Farigiraf\n|\n|upkeep\n|turn|6\n|\n|t:|1788446836\n|move|p1b: Farigiraf|Protect|p1b: Farigiraf\n|-singleturn|p1b: Farigiraf|Protect\n|move|p2b: Tomorrowland|Poltergeist|p1a: Staraptor\n|-activate|p1a: Staraptor|move: Poltergeist|Staraptite\n|-damage|p1a: Staraptor|25/100\n|move|p2a: Télétubbies|Psychic Noise|p1a: Staraptor\n|-supereffective|p1a: Staraptor|1\n|-damage|p1a: Staraptor|0 fnt\n|faint|p1a: Staraptor\n|\n|upkeep\n|turn|7\n|-message|Arcane Brain forfeited.\n|\n|win|Quaaloods\n|raw|Arcane Brain's rating: 1249 &rarr; <strong>1221</strong><br />(-28 for losing)\n|raw|Quaaloods's rating: 1203 &rarr; <strong>1231</strong><br />(+28 for winning)\n|l|☆Arcane Brain\n|player|p1|\n","uploadtime":1788446847,"views":"0","formatid":"gen9championsvgc2026regmb","rating":1221,"private":0,"password":null}