{"id":"gen9championsvgc2026regmbbo3-2673830329","format":"[Gen 9 Champions] VGC 2026 Reg M-B (Bo3)","players":["bearlover997","humania1"],"log":"|j|☆bearlover997\n|j|☆humania1\n|html|<table width=\"100%\"><tr><td align=\"left\">bearlover997</td><td align=\"right\">humania1</tr><tr><td align=\"left\"><i class=\"fa fa-circle\"></i> <i class=\"fa fa-circle-o\"></i> </td><td align=\"right\"><i class=\"fa fa-circle-o\"></i> <i class=\"fa fa-circle-o\"></i> </tr></table>\n|uhtml|bestof|<h2><strong>Game 2</strong> of <a href=\"/game-bestof3-gen9championsvgc2026regmbbo3-2673828871\">a best-of-3</a></h2>\n|t:|1788265182\n|gametype|doubles\n|player|p1|bearlover997|sage|1048\n|player|p2|humania1|265|1047\n|gen|9\n|tier|[Gen 9 Champions] VGC 2026 Reg M-B (Bo3)\n|rated|\n|rule|Species Clause: Limit one of each Pokémon\n|rule|Item Clause: Limit 1 of each item\n|clearpoke\n|poke|p1|Lopunny, L50, M|\n|poke|p1|Volcarona, L50, M|\n|poke|p1|Ninetales-Alola, L50, M|\n|poke|p1|Dragalge, L50, F|\n|poke|p1|Grimmsnarl, L50, M|\n|poke|p1|Sinistcha, L50|\n|poke|p2|Blastoise, L50, F|\n|poke|p2|Delphox, L50, F, shiny|\n|poke|p2|Incineroar, L50, F|\n|poke|p2|Sinistcha, L50|\n|poke|p2|Sneasler, L50, F|\n|poke|p2|Vivillon, L50, M|\n|teampreview|4\n|showteam|p1|Lopunny||Lopunnite|Limber|FakeOut,Uturn,CloseCombat,Encore|Jolly||M|||50|]Volcarona||Leftovers|FlameBody|HeatWave,BugBuzz,Protect,QuiverDance|Modest||M|||50|]Ninetales-Alola||FocusSash|SnowWarning|Encore,Disable,Protect,FreezeDry|Timid||M|||50|]Dragalge||Dragalgite|PoisonPoint|SludgeBomb,DracoMeteor,FlipTurn,Toxic|Calm||F|||50|]Grimmsnarl||LightClay|Prankster|LightScreen,Reflect,PartingShot,SpiritBreak|Careful||M|||50|]Sinistcha||SitrusBerry|Hospitality|RagePowder,Curse,MatchaGotcha,Protect|Bold|||||50|\n|showteam|p2|Blastoise||Blastoisinite|Torrent|Protect,ShellSmash,WaterSpout,DarkPulse|Modest||F|||50|]Delphox||Delphoxite|Blaze|Protect,HeatWave,Psyshock,NastyPlot|Timid||F|||50|]Incineroar||PasshoBerry|Intimidate|FakeOut,PartingShot,FlareBlitz,ThroatChop|Impish||F|||50|]Sinistcha||SitrusBerry|Hospitality|Protect,MatchaGotcha,TrickRoom,RagePowder|Bold|||||50|]Sneasler||FocusSash|PoisonTouch|QuickGuard,FakeOut,CloseCombat,DireClaw|Jolly||F|||50|]Vivillon||ChoiceScarf|CompoundEyes|Hurricane,SleepPowder,RagePowder,Uturn|Timid||M|||50|\n|inactive|Battle timer is ON: inactive players will automatically lose when time's up. (requested by humania1)\n|inactive|bearlover997 also wants the timer to be on.\n|\n|t:|1788265192\n|teamsize|p1|4\n|teamsize|p2|4\n|start\n|switch|p1a: Lopunny|Lopunny, L50, M|100/100\n|switch|p1b: Volcarona|Volcarona, L50, M|100/100\n|switch|p2a: Delphox|Delphox, L50, F, shiny|100/100\n|switch|p2b: Incineroar|Incineroar, L50, F|100/100\n|-ability|p2b: Incineroar|Intimidate|boost\n|-unboost|p1a: Lopunny|atk|1\n|-unboost|p1b: Volcarona|atk|1\n|turn|1\n|\n|t:|1788265200\n|detailschange|p1a: Lopunny|Lopunny-Mega, L50, M\n|-mega|p1a: Lopunny|Lopunny|Lopunnite\n|move|p2a: Delphox|Protect|p2a: Delphox\n|-singleturn|p2a: Delphox|Protect\n|move|p1a: Lopunny|Fake Out|p2b: Incineroar\n|-damage|p2b: Incineroar|89/100\n|cant|p2b: Incineroar|flinch\n|move|p1b: Volcarona|Quiver Dance|p1b: Volcarona\n|-boost|p1b: Volcarona|spa|1\n|-boost|p1b: Volcarona|spd|1\n|-boost|p1b: Volcarona|spe|1\n|\n|upkeep\n|turn|2\n|\n|t:|1788265225\n|switch|p2b: Sneasler|Sneasler, L50, F|100/100\n|detailschange|p2a: Delphox|Delphox-Mega, L50, F, shiny\n|-mega|p2a: Delphox|Delphox|Delphoxite\n|move|p1b: Volcarona|Bug Buzz|p2a: Delphox\n|-damage|p2a: Delphox|24/100\n|move|p1a: Lopunny|U-turn|p2a: Delphox\n|-damage|p2a: Delphox|1/100\n|\n|t:|1788265234\n|switch|p1a: Grimmsnarl|Grimmsnarl, L50, M|100/100|[from] U-turn\n|move|p2a: Delphox|Nasty Plot|p2a: Delphox\n|-boost|p2a: Delphox|spa|2\n|\n|upkeep\n|turn|3\n|\n|t:|1788265243\n|move|p2a: Delphox|Protect|p2a: Delphox\n|-singleturn|p2a: Delphox|Protect\n|move|p2b: Sneasler|Fake Out|p1b: Volcarona\n|-damage|p1b: Volcarona|79/100\n|move|p1a: Grimmsnarl|Light Screen|p1a: Grimmsnarl\n|-sidestart|p1: bearlover997|move: Light Screen\n|cant|p1b: Volcarona|flinch\n|\n|-heal|p1b: Volcarona|85/100|[from] item: Leftovers\n|upkeep\n|turn|4\n|\n|t:|1788265253\n|move|p1a: Grimmsnarl|Reflect|p1a: Grimmsnarl\n|-sidestart|p1: bearlover997|Reflect\n|move|p1b: Volcarona|Heat Wave|p2b: Sneasler|[spread] p2a,p2b\n|-resisted|p2a: Delphox|1\n|-damage|p2a: Delphox|0 fnt\n|-damage|p2b: Sneasler|13/100\n|faint|p2a: Delphox\n|move|p2b: Sneasler|Dire Claw|p1b: Volcarona\n|-damage|p1b: Volcarona|43/100\n|-status|p2b: Sneasler|brn|[from] ability: Flame Body|[of] p1b: Volcarona\n|\n|-heal|p1b: Volcarona|50/100y|[from] item: Leftovers\n|-damage|p2b: Sneasler|7/100 brn|[from] brn\n|upkeep\n|\n|t:|1788265253\n|switch|p2a: Incineroar|Incineroar, L50, F|89/100\n|-ability|p2a: Incineroar|Intimidate|boost\n|-unboost|p1a: Grimmsnarl|atk|1\n|-unboost|p1b: Volcarona|atk|1\n|turn|5\n|\n|t:|1788265269\n|move|p1b: Volcarona|Protect|p1b: Volcarona\n|-singleturn|p1b: Volcarona|Protect\n|move|p2b: Sneasler|Dire Claw|p1b: Volcarona\n|-activate|p1b: Volcarona|move: Protect\n|move|p2a: Incineroar|Flare Blitz|p1b: Volcarona\n|-activate|p1b: Volcarona|move: Protect\n|move|p1a: Grimmsnarl|Spirit Break|p2a: Incineroar\n|-damage|p2a: Incineroar|71/100\n|-unboost|p2a: Incineroar|spa|1\n|\n|-heal|p1b: Volcarona|56/100|[from] item: Leftovers\n|-damage|p2b: Sneasler|1/100 brn|[from] brn\n|upkeep\n|turn|6\n|\n|t:|1788265285\n|move|p1a: Grimmsnarl|Parting Shot|p2b: Sneasler\n|-unboost|p2b: Sneasler|atk|1\n|-unboost|p2b: Sneasler|spa|1\n|\n|t:|1788265287\n|switch|p1a: Lopunny|Lopunny-Mega, L50, M|100/100|[from] Parting Shot\n|move|p1b: Volcarona|Bug Buzz|p2a: Incineroar\n|-damage|p2a: Incineroar|0 fnt\n|faint|p2a: Incineroar\n|move|p2b: Sneasler|Dire Claw|p1b: Volcarona\n|-damage|p1b: Volcarona|41/100\n|-status|p1b: Volcarona|psn|[from] ability: Poison Touch|[of] p2b: Sneasler\n|\n|-heal|p1b: Volcarona|48/100 psn|[from] item: Leftovers\n|-damage|p1b: Volcarona|35/100 psn|[from] psn\n|-damage|p2b: Sneasler|0 fnt|[from] brn\n|faint|p2b: Sneasler\n|upkeep\n|\n|t:|1788265287\n|switch|p2a: Sinistcha|Sinistcha, L50|100/100\n|turn|7\n|\n|t:|1788265295\n|move|p2a: Sinistcha|Protect|p2a: Sinistcha\n|-singleturn|p2a: Sinistcha|Protect\n|move|p1a: Lopunny|Fake Out|p2a: Sinistcha\n|-activate|p2a: Sinistcha|move: Protect\n|move|p1b: Volcarona|Heat Wave|p2a: Sinistcha\n|-activate|p2a: Sinistcha|move: Protect\n|\n|-heal|p1b: Volcarona|41/100 psn|[from] item: Leftovers\n|-damage|p1b: Volcarona|29/100 psn|[from] psn\n|upkeep\n|turn|8\n|\n|t:|1788265298\n|move|p1b: Volcarona|Heat Wave|p2a: Sinistcha\n|-supereffective|p2a: Sinistcha|1\n|-damage|p2a: Sinistcha|0 fnt\n|faint|p2a: Sinistcha\n|\n|win|bearlover997\n|raw|bearlover997's rating: 1048 &rarr; <strong>1081</strong><br />(+33 for winning)\n|raw|humania1's rating: 1047 &rarr; <strong>1030</strong><br />(-17 for losing)\n","uploadtime":1788265298,"views":"4","formatid":"gen9championsvgc2026regmbbo3","rating":1030,"private":0,"password":null}