{"id":"gen9championsvgc2026regmbbo3-2675000265","format":"[Gen 9 Champions] VGC 2026 Reg M-B (Bo3)","players":["humania1","Junction7"],"log":"|j|☆humania1\n|j|☆Junction7\n|html|<table width=\"100%\"><tr><td align=\"left\">humania1</td><td align=\"right\">Junction7</tr><tr><td align=\"left\"><i class=\"fa fa-circle-o\"></i> <i class=\"fa fa-circle-o\"></i> </td><td align=\"right\"><i class=\"fa fa-circle-o\"></i> <i class=\"fa fa-circle-o\"></i> </tr></table>\n|uhtml|bestof|<h2><strong>Game 1</strong> of <a href=\"/game-bestof3-gen9championsvgc2026regmbbo3-2675000264\">a best-of-3</a></h2>\n|t:|1788447168\n|gametype|doubles\n|player|p1|humania1|265|1126\n|player|p2|Junction7|drayden|1072\n|gen|9\n|tier|[Gen 9 Champions] VGC 2026 Reg M-B (Bo3)\n|rated|\n|rule|Species Clause: Limit one of each Pokémon\n|rule|Item Clause: Limit 1 of each item\n|clearpoke\n|poke|p1|Charizard, L50, M|\n|poke|p1|Whimsicott, L50, F|\n|poke|p1|Basculegion, L50, M|\n|poke|p1|Farigiraf, L50, F|\n|poke|p1|Kangaskhan, L50, F|\n|poke|p1|Sneasler, L50, F|\n|poke|p2|Charizard, L50, M, shiny|\n|poke|p2|Venusaur, L50, F, shiny|\n|poke|p2|Sinistcha, L50|\n|poke|p2|Garchomp, L50, M, shiny|\n|poke|p2|Blastoise, L50, F, shiny|\n|poke|p2|Aerodactyl, L50, M|\n|teampreview|4\n|showteam|p1|Charizard||CharizarditeY|SolarPower|WeatherBall,HeatWave,SolarBeam,Protect|Timid||M|||50|]Whimsicott||FocusSash|Prankster|Moonblast,Tailwind,SunnyDay,Encore|Timid||F|||50|]Basculegion||ChoiceScarf|Adaptability|WaveCrash,AquaJet,LastRespects,FlipTurn|Adamant||M|||50|]Farigiraf||SitrusBerry|ArmorTail|Psychic,HyperVoice,HelpingHand,TrickRoom|Modest||F|||50|]Kangaskhan||Kangaskhanite|Scrappy|FakeOut,DoubleEdge,DrainPunch,SuckerPunch|Adamant||F|||50|]Sneasler||WhiteHerb|Unburden|FakeOut,CloseCombat,DireClaw,RockTomb|Adamant||F|||50|\n|showteam|p2|Charizard||CharizarditeY|SolarPower|HeatWave,SolarBeam,ScorchingSands,Protect|Timid||M|||50|]Venusaur||LifeOrb|Chlorophyll|SolarBeam,SludgeBomb,EnergyBall,Synthesis|Modest||F|||50|]Sinistcha||Leftovers|Hospitality|MatchaGotcha,RagePowder,Hex,StrengthSap|Modest|||||50|]Garchomp||ChoiceScarf|RoughSkin|PoisonJab,Earthquake,DragonClaw,RockSlide|Adamant||M|||50|]Blastoise||Blastoisinite|RainDish|AuraSphere,DarkPulse,WaterPulse,Protect|Modest||F|||50|]Aerodactyl||FocusSash|Unnerve|DualWingbeat,RockSlide,Protect,Tailwind|Jolly||M|||50|\n|inactive|Battle timer is ON: inactive players will automatically lose when time's up. (requested by Junction7)\n|inactive|humania1 also wants the timer to be on.\n|\n|t:|1788447180\n|teamsize|p1|4\n|teamsize|p2|4\n|start\n|switch|p1a: Farigiraf|Farigiraf, L50, F|100/100\n|switch|p1b: Sneasler|Sneasler, L50, F|100/100\n|switch|p2a: Charizard|Charizard, L50, M, shiny|100/100\n|switch|p2b: Venusaur|Venusaur, L50, F, shiny|100/100\n|turn|1\n|\n|t:|1788447197\n|detailschange|p2a: Charizard|Charizard-Mega-Y, L50, M, shiny\n|-mega|p2a: Charizard|Charizard|Charizardite Y\n|-weather|SunnyDay|[from] ability: Drought|[of] p2a: Charizard\n|move|p2b: Venusaur|Solar Beam||[still]\n|-prepare|p2b: Venusaur|Solar Beam\n|-anim|p2b: Venusaur|Solar Beam|p1a: Farigiraf\n|-damage|p1a: Farigiraf|38/100\n|-enditem|p1a: Farigiraf|Sitrus Berry|[eat]\n|-heal|p1a: Farigiraf|62/100|[from] item: Sitrus Berry\n|-damage|p2b: Venusaur|90/100|[from] item: Life Orb\n|move|p1b: Sneasler|Rock Tomb|p2a: Charizard\n|-supereffective|p2a: Charizard|2\n|-damage|p2a: Charizard|0 fnt\n|faint|p2a: Charizard\n|move|p1a: Farigiraf|Psychic|p2b: Venusaur\n|-supereffective|p2b: Venusaur|1\n|-damage|p2b: Venusaur|9/100\n|\n|-weather|SunnyDay|[upkeep]\n|upkeep\n|\n|t:|1788447210\n|switch|p2a: Sinistcha|Sinistcha, L50|100/100\n|-heal|p2b: Venusaur|33/100|[from] ability: Hospitality|[of] p2a: Sinistcha\n|turn|2\n|\n|t:|1788447222\n|move|p2b: Venusaur|Synthesis|p2b: Venusaur\n|-heal|p2b: Venusaur|100/100\n|move|p1b: Sneasler|Dire Claw|p2b: Venusaur\n|-damage|p2b: Venusaur|41/100\n|move|p2a: Sinistcha|Matcha Gotcha|p1a: Farigiraf|[spread] p1b\n|-miss|p2a: Sinistcha|p1a: Farigiraf\n|-resisted|p1b: Sneasler|1\n|-crit|p1b: Sneasler\n|-damage|p1b: Sneasler|63/100\n|move|p1a: Farigiraf|Psychic|p2b: Venusaur\n|-supereffective|p2b: Venusaur|1\n|-damage|p2b: Venusaur|0 fnt\n|faint|p2b: Venusaur\n|\n|-weather|SunnyDay|[upkeep]\n|upkeep\n|\n|t:|1788447233\n|switch|p2b: Garchomp|Garchomp, L50, M, shiny|100/100\n|turn|3\n|\n|t:|1788447240\n|move|p2b: Garchomp|Rock Slide|p1a: Farigiraf|[spread] p1a,p1b\n|-resisted|p1b: Sneasler|1\n|-damage|p1a: Farigiraf|41/100\n|-damage|p1b: Sneasler|43/100\n|move|p1b: Sneasler|Close Combat|p2b: Garchomp\n|-damage|p2b: Garchomp|31/100\n|-unboost|p1b: Sneasler|def|1\n|-unboost|p1b: Sneasler|spd|1\n|-damage|p1b: Sneasler|31/100|[from] ability: Rough Skin|[of] p2b: Garchomp\n|-enditem|p1b: Sneasler|White Herb\n|-clearnegativeboost|p1b: Sneasler|[silent]\n|move|p2a: Sinistcha|Matcha Gotcha|p1a: Farigiraf|[spread] p1a\n|-miss|p2a: Sinistcha|p1b: Sneasler\n|-damage|p1a: Farigiraf|10/100\n|move|p1a: Farigiraf|Psychic|p2b: Garchomp\n|-damage|p2b: Garchomp|0 fnt\n|faint|p2b: Garchomp\n|\n|-weather|SunnyDay|[upkeep]\n|upkeep\n|turn|4\n|\n|t:|1788447258\n|switch|p1a: Kangaskhan|Kangaskhan, L50, F|100/100\n|move|p1b: Sneasler|Dire Claw|p2a: Sinistcha\n|-damage|p2a: Sinistcha|54/100\n|move|p2a: Sinistcha|Matcha Gotcha|p1b: Sneasler|[spread] p1a,p1b\n|-resisted|p1b: Sneasler|1\n|-damage|p1a: Kangaskhan|63/100\n|-heal|p2a: Sinistcha|73/100|[from] drain|[of] p1a: Kangaskhan\n|-damage|p1b: Sneasler|7/100\n|-heal|p2a: Sinistcha|84/100|[from] drain|[of] p1b: Sneasler\n|\n|-weather|SunnyDay|[upkeep]\n|-heal|p2a: Sinistcha|90/100|[from] item: Leftovers\n|upkeep\n|turn|5\n|\n|t:|1788447264\n|detailschange|p1a: Kangaskhan|Kangaskhan-Mega, L50, F\n|-mega|p1a: Kangaskhan|Kangaskhan|Kangaskhanite\n|move|p1a: Kangaskhan|Sucker Punch|p2a: Sinistcha\n|-supereffective|p2a: Sinistcha|1\n|-damage|p2a: Sinistcha|44/100\n|-supereffective|p2a: Sinistcha|1\n|-crit|p2a: Sinistcha\n|-damage|p2a: Sinistcha|26/100\n|-hitcount|p2a: Sinistcha|2\n|move|p1b: Sneasler|Dire Claw|p2a: Sinistcha\n|-damage|p2a: Sinistcha|0 fnt\n|faint|p2a: Sinistcha\n|\n|win|humania1\n","uploadtime":1788447264,"views":"0","formatid":"gen9championsvgc2026regmbbo3","rating":null,"private":0,"password":null}