{"id":"gen9championsvgc2026regmbbo3-2674843967","format":"[Gen 9 Champions] VGC 2026 Reg M-B (Bo3)","players":["tjdywirn","okkia3"],"log":"|j|☆tjdywirn\n|j|☆okkia3\n|html|<table width=\"100%\"><tr><td align=\"left\">tjdywirn</td><td align=\"right\">okkia3</tr><tr><td align=\"left\"><i class=\"fa fa-circle\"></i> <i class=\"fa fa-circle-o\"></i> </td><td align=\"right\"><i class=\"fa fa-circle-o\"></i> <i class=\"fa fa-circle-o\"></i> </tr></table>\n|uhtml|bestof|<h2><strong>Game 2</strong> of <a href=\"/game-bestof3-gen9championsvgc2026regmbbo3-2674842601\">a best-of-3</a></h2>\n|t:|1788419414\n|gametype|doubles\n|player|p1|tjdywirn|266|1000\n|player|p2|okkia3|102|1000\n|gen|9\n|tier|[Gen 9 Champions] VGC 2026 Reg M-B (Bo3)\n|rated|\n|rule|Species Clause: Limit one of each Pokémon\n|rule|Item Clause: Limit 1 of each item\n|clearpoke\n|poke|p1|Gardevoir, L50, F|\n|poke|p1|Incineroar, L50, M|\n|poke|p1|Talonflame, L50, M|\n|poke|p1|Sinistcha, L50|\n|poke|p1|Mawile, L50, M|\n|poke|p1|Kangaskhan, L50, F|\n|poke|p2|Charizard, L50, M|\n|poke|p2|Whimsicott, L50, M|\n|poke|p2|Basculegion, L50, M|\n|poke|p2|Farigiraf, L50, F|\n|poke|p2|Kangaskhan, L50, F|\n|poke|p2|Sneasler, L50, F|\n|teampreview|4\n|showteam|p1|Gardevoir||Gardevoirite|Trace|HyperVoice,Moonblast,Protect,CalmMind|Bold||F|||50|]Incineroar||SitrusBerry|Intimidate|FakeOut,FlareBlitz,Protect,PartingShot|Sassy||M|||50|]Talonflame||Leftovers|GaleWings|Tailwind,BraveBird,FlareBlitz,Protect|Adamant||M|||50|]Sinistcha||MentalHerb|Hospitality|RagePowder,TrickRoom,MatchaGotcha,Protect|Modest|||||50|]Mawile||Mawilite|Intimidate|IronHead,PlayRough,Protect,SwordsDance|Brave||M|||50|]Kangaskhan||LifeOrb|Scrappy|FakeOut,LastResort,RockSlide|Brave||F|||50|\n|showteam|p2|Charizard||CharizarditeY|SolarPower|WeatherBall,HeatWave,SolarBeam,Protect|Timid||M|||50|]Whimsicott||FocusSash|Prankster|Moonblast,Tailwind,SunnyDay,Encore|Timid||M|||50|]Basculegion||ChoiceScarf|Adaptability|WaveCrash,AquaJet,LastRespects,FlipTurn|Adamant||M|||50|]Farigiraf||SitrusBerry|ArmorTail|Psychic,HyperVoice,HelpingHand,TrickRoom|Modest||F|||50|]Kangaskhan||Kangaskhanite|Scrappy|FakeOut,DoubleEdge,DrainPunch,SuckerPunch|Adamant||F|||50|]Sneasler||WhiteHerb|Unburden|FakeOut,CloseCombat,DireClaw,RockTomb|Adamant||F|||50|\n|inactive|Battle timer is ON: inactive players will automatically lose when time's up. (requested by okkia3)\n|\n|t:|1788419433\n|teamsize|p1|4\n|teamsize|p2|4\n|start\n|switch|p1a: Incineroar|Incineroar, L50, M|100/100\n|switch|p1b: Sinistcha|Sinistcha, L50|100/100\n|switch|p2a: Charizard|Charizard, L50, M|100/100\n|switch|p2b: Basculegion|Basculegion, L50, M|100/100\n|-ability|p1a: Incineroar|Intimidate|boost\n|-unboost|p2a: Charizard|atk|1\n|-unboost|p2b: Basculegion|atk|1\n|turn|1\n|\n|t:|1788419448\n|detailschange|p2a: Charizard|Charizard-Mega-Y, L50, M\n|-mega|p2a: Charizard|Charizard|Charizardite Y\n|-weather|SunnyDay|[from] ability: Drought|[of] p2a: Charizard\n|move|p1a: Incineroar|Fake Out|p2a: Charizard\n|-damage|p2a: Charizard|83/100\n|move|p2b: Basculegion|Flip Turn|p1a: Incineroar\n|-supereffective|p1a: Incineroar|1\n|-damage|p1a: Incineroar|78/100\n|\n|t:|1788419448\n|switch|p2b: Sneasler|Sneasler, L50, F|100/100|[from] Flip Turn\n|cant|p2a: Charizard|flinch\n|move|p1b: Sinistcha|Trick Room|p1b: Sinistcha\n|-fieldstart|move: Trick Room|[of] p1b: Sinistcha\n|\n|-weather|SunnyDay|[upkeep]\n|upkeep\n|turn|2\n|inactive|tjdywirn has 30 seconds left.\n|\n|t:|1788419478\n|move|p1a: Incineroar|Parting Shot|p2a: Charizard\n|-unboost|p2a: Charizard|atk|1\n|-unboost|p2a: Charizard|spa|1\n|\n|t:|1788419482\n|switch|p1a: Mawile|Mawile, L50, M|100/100|[from] Parting Shot\n|-ability|p1a: Mawile|Intimidate|boost\n|-unboost|p2a: Charizard|atk|1\n|-unboost|p2b: Sneasler|atk|1\n|-enditem|p2b: Sneasler|White Herb\n|-clearnegativeboost|p2b: Sneasler|[silent]\n|move|p1b: Sinistcha|Matcha Gotcha|p2b: Sneasler|[spread] p2a,p2b\n|-resisted|p2a: Charizard|2\n|-crit|p2a: Charizard\n|-resisted|p2b: Sneasler|1\n|-damage|p2a: Charizard|72/100\n|-damage|p2b: Sneasler|77/100\n|move|p2a: Charizard|Heat Wave|p1b: Sinistcha|[spread] p1a,p1b\n|-supereffective|p1a: Mawile|1\n|-supereffective|p1b: Sinistcha|1\n|-damage|p1a: Mawile|0 fnt\n|-damage|p1b: Sinistcha|8/100\n|faint|p1a: Mawile\n|move|p2b: Sneasler|Close Combat|p1b: Sinistcha\n|-immune|p1b: Sinistcha\n|\n|-weather|SunnyDay|[upkeep]\n|upkeep\n|\n|t:|1788419506\n|switch|p1a: Incineroar|Incineroar, L50, M|78/100\n|-ability|p1a: Incineroar|Intimidate|boost\n|-unboost|p2a: Charizard|atk|1\n|-unboost|p2b: Sneasler|atk|1\n|turn|3\n|inactive|tjdywirn has 30 seconds left.\n|\n|t:|1788419536\n|move|p1b: Sinistcha|Protect|p1b: Sinistcha\n|-singleturn|p1b: Sinistcha|Protect\n|move|p1a: Incineroar|Parting Shot|p2a: Charizard\n|-unboost|p2a: Charizard|atk|1\n|-unboost|p2a: Charizard|spa|1\n|\n|t:|1788419542\n|switch|p1a: Talonflame|Talonflame, L50, M|100/100|[from] Parting Shot\n|move|p2a: Charizard|Heat Wave|p1a: Talonflame|[spread] p1a\n|-activate|p1b: Sinistcha|move: Protect\n|-resisted|p1a: Talonflame|1\n|-damage|p1a: Talonflame|79/100\n|move|p2b: Sneasler|Close Combat|p1a: Talonflame\n|-resisted|p1a: Talonflame|1\n|-damage|p1a: Talonflame|49/100\n|-unboost|p2b: Sneasler|def|1\n|-unboost|p2b: Sneasler|spd|1\n|\n|-weather|SunnyDay|[upkeep]\n|-heal|p1a: Talonflame|55/100|[from] item: Leftovers\n|upkeep\n|turn|4\n|\n|t:|1788419560\n|switch|p1b: Incineroar|Incineroar, L50, M|78/100\n|-ability|p1b: Incineroar|Intimidate|boost\n|-unboost|p2a: Charizard|atk|1\n|-unboost|p2b: Sneasler|atk|1\n|move|p1a: Talonflame|Protect|p1a: Talonflame\n|-singleturn|p1a: Talonflame|Protect\n|move|p2a: Charizard|Heat Wave|p1b: Incineroar|[spread] p1b\n|-activate|p1a: Talonflame|move: Protect\n|-resisted|p1b: Incineroar|1\n|-damage|p1b: Incineroar|65/100\n|move|p2b: Sneasler|Rock Tomb|p1a: Talonflame\n|-activate|p1a: Talonflame|move: Protect\n|\n|-weather|SunnyDay|[upkeep]\n|-heal|p1a: Talonflame|61/100|[from] item: Leftovers\n|upkeep\n|turn|5\n|\n|t:|1788419583\n|move|p2a: Charizard|Protect|p2a: Charizard\n|-singleturn|p2a: Charizard|Protect\n|move|p1b: Incineroar|Parting Shot|p2a: Charizard\n|-activate|p2a: Charizard|move: Protect\n|move|p1a: Talonflame|Brave Bird|p2b: Sneasler\n|-supereffective|p2b: Sneasler|1\n|-damage|p2b: Sneasler|0 fnt\n|faint|p2b: Sneasler\n|-damage|p1a: Talonflame|38/100|[from] Recoil\n|\n|-weather|none\n|-heal|p1a: Talonflame|45/100|[from] item: Leftovers\n|-fieldend|move: Trick Room\n|upkeep\n|\n|t:|1788419583\n|switch|p2b: Basculegion|Basculegion, L50, M|100/100\n|turn|6\n|\n|t:|1788419606\n|move|p1a: Talonflame|Protect|p1a: Talonflame\n|-singleturn|p1a: Talonflame|Protect\n|move|p2b: Basculegion|Wave Crash|p1b: Incineroar\n|-supereffective|p1b: Incineroar|1\n|-damage|p1b: Incineroar|0 fnt\n|faint|p1b: Incineroar\n|-damage|p2b: Basculegion|77/100|[from] Recoil\n|move|p2a: Charizard|Weather Ball|p1a: Talonflame\n|-activate|p1a: Talonflame|move: Protect\n|\n|-heal|p1a: Talonflame|51/100|[from] item: Leftovers\n|upkeep\n|\n|t:|1788419619\n|switch|p1b: Sinistcha|Sinistcha, L50|8/100\n|-heal|p1a: Talonflame|76/100|[from] ability: Hospitality|[of] p1b: Sinistcha\n|turn|7\n|\n|t:|1788419632\n|move|p2b: Basculegion|Wave Crash|p1a: Talonflame\n|-supereffective|p1a: Talonflame|1\n|-damage|p1a: Talonflame|0 fnt\n|faint|p1a: Talonflame\n|-damage|p2b: Basculegion|54/100|[from] Recoil\n|move|p2a: Charizard|Heat Wave|p1b: Sinistcha\n|-supereffective|p1b: Sinistcha|1\n|-damage|p1b: Sinistcha|0 fnt\n|faint|p1b: Sinistcha\n|\n|win|okkia3\n","uploadtime":1788419632,"views":"0","formatid":"gen9championsvgc2026regmbbo3","rating":null,"private":0,"password":null}