{"id":"gen9championsvgc2026regmbbo3-2674730088","format":"[Gen 9 Champions] VGC 2026 Reg M-B (Bo3)","players":["kingsrowbajax","we all love urshf"],"log":"|j|☆kingsrowbajax\n|j|☆we all love urshf\n|html|<table width=\"100%\"><tr><td align=\"left\">kingsrowbajax</td><td align=\"right\">we all love urshf</tr><tr><td align=\"left\"><i class=\"fa fa-circle-o\"></i> <i class=\"fa fa-circle-o\"></i> </td><td align=\"right\"><i class=\"fa fa-circle-o\"></i> <i class=\"fa fa-circle-o\"></i> </tr></table>\n|uhtml|bestof|<h2><strong>Game 1</strong> of <a href=\"/game-bestof3-gen9championsvgc2026regmbbo3-2674730087\">a best-of-3</a></h2>\n|t:|1788397199\n|gametype|doubles\n|player|p1|kingsrowbajax|266|1278\n|player|p2|we all love urshf|ingo|1272\n|gen|9\n|tier|[Gen 9 Champions] VGC 2026 Reg M-B (Bo3)\n|rated|\n|rule|Species Clause: Limit one of each Pokémon\n|rule|Item Clause: Limit 1 of each item\n|clearpoke\n|poke|p1|Blastoise, L50, M|\n|poke|p1|Delphox, L50, M|\n|poke|p1|Sinistcha-Masterpiece, L50|\n|poke|p1|Sneasler, L50, F|\n|poke|p1|Kingambit, L50, M|\n|poke|p1|Incineroar, L50, M|\n|poke|p2|Froslass, L50, F|\n|poke|p2|Kingambit, L50, M|\n|poke|p2|Sneasler, L50, F|\n|poke|p2|Basculegion, L50, M|\n|poke|p2|Arcanine-Hisui, L50, M|\n|poke|p2|Scovillain, L50, M|\n|teampreview|4\n|showteam|p1|Blastoise||Blastoisinite|RainDish|WaterSpout,DarkPulse,ShellSmash,Protect|Modest||M|||50|]Delphox||Delphoxite|Blaze|HeatWave,Psychic,NastyPlot,Protect|Timid||M|||50|]Sinistcha-Masterpiece||ColburBerry|Hospitality|MatchaGotcha,RagePowder,TrickRoom,Protect|Bold|||||50|]Sneasler||FocusSash|PoisonTouch|FakeOut,PoisonJab,CloseCombat,QuickGuard|Jolly||F|||50|]Kingambit||LifeOrb|Defiant|KowtowCleave,SuckerPunch,SwordsDance,Protect|Adamant||M|||50|]Incineroar||SitrusBerry|Intimidate|FakeOut,FlareBlitz,ThroatChop,PartingShot|Careful||M|||50|\n|showteam|p2|Froslass||Froslassite|CursedBody|Blizzard,ShadowBall,AuroraVeil,Protect|Timid||F|||50|]Kingambit||BlackGlasses|Defiant|KowtowCleave,SuckerPunch,SwordsDance,Protect|Adamant||M|||50|]Sneasler||WhiteHerb|Unburden|FakeOut,DireClaw,CloseCombat,Protect|Adamant||F|||50|]Basculegion||LifeOrb|Adaptability|WaveCrash,AquaJet,LastRespects,Protect|Adamant||M|||50|]Arcanine-Hisui||FocusSash|RockHead|FlareBlitz,HeadSmash,ExtremeSpeed,Protect|Jolly||M|||50|]Scovillain||Scovillainite|Moody|Overheat,GigaDrain,RagePowder,Protect|Bold||M|||50|\n|inactive|Battle timer is ON: inactive players will automatically lose when time's up. (requested by we all love urshf)\n|inactive|kingsrowbajax has 60 seconds left.\n|\n|t:|1788397243\n|teamsize|p1|4\n|teamsize|p2|4\n|start\n|switch|p1a: Blastoise|Blastoise, L50, M|100/100\n|switch|p1b: Incineroar|Incineroar, L50, M|100/100\n|switch|p2a: Kingambit|Kingambit, L50, M|100/100\n|switch|p2b: Sneasler|Sneasler, L50, F|100/100\n|-ability|p1b: Incineroar|Intimidate|boost\n|-unboost|p2a: Kingambit|atk|1\n|-ability|p2a: Kingambit|Defiant|boost\n|-boost|p2a: Kingambit|atk|2\n|-unboost|p2b: Sneasler|atk|1\n|-enditem|p2b: Sneasler|White Herb\n|-clearnegativeboost|p2b: Sneasler|[silent]\n|turn|1\n|inactive|kingsrowbajax has 30 seconds left.\n|inactive|we all love urshf has 30 seconds left.\n|\n|t:|1788397277\n|detailschange|p1a: Blastoise|Blastoise-Mega, L50, M\n|-mega|p1a: Blastoise|Blastoise|Blastoisinite\n|move|p1a: Blastoise|Protect|p1a: Blastoise\n|-singleturn|p1a: Blastoise|Protect\n|move|p2b: Sneasler|Close Combat|p1a: Blastoise\n|-activate|p1a: Blastoise|move: Protect\n|move|p1b: Incineroar|Parting Shot|p2b: Sneasler\n|-unboost|p2b: Sneasler|atk|1\n|-unboost|p2b: Sneasler|spa|1\n|\n|t:|1788397291\n|switch|p1b: Sneasler|Sneasler, L50, F|100/100|[from] Parting Shot\n|move|p2a: Kingambit|Kowtow Cleave|p1b: Sneasler\n|-resisted|p1b: Sneasler|1\n|-damage|p1b: Sneasler|29/100\n|\n|upkeep\n|turn|2\n|inactive|kingsrowbajax has 30 seconds left.\n|inactive|kingsrowbajax has 20 seconds left.\n|\n|t:|1788397330\n|move|p2a: Kingambit|Sucker Punch||[still]\n|-fail|p2a: Kingambit\n|move|p2b: Sneasler|Close Combat|p1a: Blastoise\n|-damage|p1a: Blastoise|60/100\n|-unboost|p2b: Sneasler|def|1\n|-unboost|p2b: Sneasler|spd|1\n|move|p1b: Sneasler|Close Combat|p2a: Kingambit\n|-supereffective|p2a: Kingambit|2\n|-damage|p2a: Kingambit|0 fnt\n|-unboost|p1b: Sneasler|def|1\n|-unboost|p1b: Sneasler|spd|1\n|faint|p2a: Kingambit\n|move|p1a: Blastoise|Shell Smash|p1a: Blastoise\n|-unboost|p1a: Blastoise|def|1\n|-unboost|p1a: Blastoise|spd|1\n|-boost|p1a: Blastoise|atk|2\n|-boost|p1a: Blastoise|spa|2\n|-boost|p1a: Blastoise|spe|2\n|\n|upkeep\n|\n|t:|1788397341\n|switch|p2a: Froslass|Froslass, L50, F|100/100\n|turn|3\n|inactive|kingsrowbajax has 30 seconds left.\n|\n|t:|1788397368\n|switch|p1b: Incineroar|Incineroar, L50, M|100/100\n|-ability|p1b: Incineroar|Intimidate|boost\n|-unboost|p2a: Froslass|atk|1\n|-unboost|p2b: Sneasler|atk|1\n|detailschange|p2a: Froslass|Froslass-Mega, L50, F\n|-mega|p2a: Froslass|Froslass|Froslassite\n|-weather|Snowscape|[from] ability: Snow Warning|[of] p2a: Froslass\n|move|p1a: Blastoise|Protect|p1a: Blastoise\n|-singleturn|p1a: Blastoise|Protect\n|move|p2b: Sneasler|Close Combat|p1b: Incineroar\n|-supereffective|p1b: Incineroar|1\n|-damage|p1b: Incineroar|30/100\n|-unboost|p2b: Sneasler|def|1\n|-unboost|p2b: Sneasler|spd|1\n|-enditem|p1b: Incineroar|Sitrus Berry|[eat]\n|-heal|p1b: Incineroar|55/100|[from] item: Sitrus Berry\n|move|p2a: Froslass|Shadow Ball|p1a: Blastoise\n|-activate|p1a: Blastoise|move: Protect\n|\n|-weather|Snowscape|[upkeep]\n|upkeep\n|turn|4\n|inactive|kingsrowbajax has 30 seconds left.\n|\n|t:|1788397399\n|move|p2b: Sneasler|Protect|p2b: Sneasler\n|-singleturn|p2b: Sneasler|Protect\n|move|p2a: Froslass|Protect|p2a: Froslass\n|-singleturn|p2a: Froslass|Protect\n|move|p1b: Incineroar|Fake Out|p2b: Sneasler\n|-activate|p2b: Sneasler|move: Protect\n|move|p1a: Blastoise|Water Spout|p2a: Froslass|[spread] \n|-activate|p2a: Froslass|move: Protect\n|-activate|p2b: Sneasler|move: Protect\n|\n|-weather|Snowscape|[upkeep]\n|upkeep\n|turn|5\n|\n|t:|1788397423\n|move|p1a: Blastoise|Protect|p1a: Blastoise\n|-singleturn|p1a: Blastoise|Protect\n|move|p2b: Sneasler|Close Combat|p1b: Incineroar\n|-supereffective|p1b: Incineroar|1\n|-damage|p1b: Incineroar|0 fnt\n|-unboost|p2b: Sneasler|def|1\n|-unboost|p2b: Sneasler|spd|1\n|faint|p1b: Incineroar\n|move|p2a: Froslass|Aurora Veil|p2a: Froslass\n|-sidestart|p2: we all love urshf|move: Aurora Veil\n|\n|-weather|Snowscape|[upkeep]\n|upkeep\n|\n|t:|1788397439\n|switch|p1b: Sneasler|Sneasler, L50, F|29/100\n|turn|6\n|\n|t:|1788397452\n|switch|p1b: Kingambit|Kingambit, L50, M|100/100\n|move|p2b: Sneasler|Protect|p2b: Sneasler\n|-singleturn|p2b: Sneasler|Protect\n|move|p1a: Blastoise|Dark Pulse|p2a: Froslass\n|-supereffective|p2a: Froslass|1\n|-damage|p2a: Froslass|0 fnt\n|faint|p2a: Froslass\n|\n|-weather|Snowscape|[upkeep]\n|upkeep\n|\n|t:|1788397460\n|switch|p2a: Basculegion|Basculegion, L50, M|100/100\n|turn|7\n|inactive|kingsrowbajax has 30 seconds left.\n|\n|t:|1788397491\n|move|p1b: Kingambit|Sucker Punch|p2b: Sneasler\n|-resisted|p2b: Sneasler|1\n|-damage|p2b: Sneasler|30/100\n|-damage|p1b: Kingambit|90/100|[from] item: Life Orb\n|move|p2b: Sneasler|Close Combat|p1b: Kingambit\n|-supereffective|p1b: Kingambit|2\n|-damage|p1b: Kingambit|0 fnt\n|-unboost|p2b: Sneasler|def|1\n|-unboost|p2b: Sneasler|spd|1\n|faint|p1b: Kingambit\n|move|p1a: Blastoise|Dark Pulse|p2a: Basculegion\n|-supereffective|p2a: Basculegion|1\n|-damage|p2a: Basculegion|0 fnt\n|faint|p2a: Basculegion\n|\n|-weather|none\n|upkeep\n|\n|t:|1788397504\n|switch|p1b: Sneasler|Sneasler, L50, F|29/100\n|turn|8\n|\n|t:|1788397514\n|move|p2b: Sneasler|Protect|p2b: Sneasler\n|-singleturn|p2b: Sneasler|Protect\n|move|p1b: Sneasler|Fake Out|p2b: Sneasler\n|-activate|p2b: Sneasler|move: Protect\n|move|p1a: Blastoise|Shell Smash|p1a: Blastoise\n|-unboost|p1a: Blastoise|def|1\n|-unboost|p1a: Blastoise|spd|1\n|-boost|p1a: Blastoise|atk|2\n|-boost|p1a: Blastoise|spa|2\n|-boost|p1a: Blastoise|spe|2\n|\n|upkeep\n|turn|9\n|\n|t:|1788397535\n|move|p1a: Blastoise|Dark Pulse|p2b: Sneasler\n|-resisted|p2b: Sneasler|1\n|-damage|p2b: Sneasler|0 fnt\n|faint|p2b: Sneasler\n|\n|win|kingsrowbajax\n","uploadtime":1788397536,"views":"1","formatid":"gen9championsvgc2026regmbbo3","rating":null,"private":0,"password":null}