{"id":"gen9championsvgc2026regmb-2674023783","format":"[Gen 9 Champions] VGC 2026 Reg M-B","players":["Yoghurt25","Theredapple"],"log":"|j|☆Yoghurt25\n|j|☆Theredapple\n|t:|1788289457\n|gametype|doubles\n|player|p1|Yoghurt25|2|1446\n|player|p2|Theredapple|2|1531\n|gen|9\n|tier|[Gen 9 Champions] VGC 2026 Reg M-B\n|rated|\n|rule|Species Clause: Limit one of each Pokémon\n|rule|Item Clause: Limit 1 of each item\n|clearpoke\n|poke|p1|Sinistcha, L50|\n|poke|p1|Incineroar, L50, M|\n|poke|p1|Blaziken, L50, F|\n|poke|p1|Ninetales-Alola, L50, M|\n|poke|p1|Mawile, L50, F|\n|poke|p1|Basculegion, L50, M|\n|poke|p2|Tyranitar, L50, F|\n|poke|p2|Staraptor, L50, M|\n|poke|p2|Glimmora, L50, F|\n|poke|p2|Sinistcha, L50|\n|poke|p2|Whimsicott, L50, F|\n|poke|p2|Arcanine-Hisui, L50, F|\n|teampreview|4\nYoghurt25 has agreed to open team sheets.\n|\n|t:|1788289505\n|teamsize|p1|4\n|teamsize|p2|4\n|start\n|switch|p1a: Sinistcha|Sinistcha, L50|100/100\n|switch|p1b: Mawile|Mawile, L50, F|100/100\n|switch|p2a: Staraptor|Staraptor, L50, M|100/100\n|switch|p2b: Sinistcha|Sinistcha, L50|100/100\n|-ability|p2a: Staraptor|Intimidate|boost\n|-unboost|p1a: Sinistcha|atk|1\n|-fail|p1b: Mawile|unboost|Attack|[from] ability: Hyper Cutter|[of] p1b: Mawile\n|turn|1\n|inactive|Battle timer is ON: inactive players will automatically lose when time's up. (requested by Theredapple)\n|inactive|Yoghurt25 has 60 seconds left.\n|\n|t:|1788289555\n|detailschange|p2a: Staraptor|Staraptor-Mega, L50, M\n|-mega|p2a: Staraptor|Staraptor|Staraptite\n|detailschange|p1b: Mawile|Mawile-Mega, L50, F\n|-mega|p1b: Mawile|Mawile|Mawilite\n|move|p1a: Sinistcha|Protect|p1a: Sinistcha\n|-singleturn|p1a: Sinistcha|Protect\n|move|p2b: Sinistcha|Rage Powder|p2b: Sinistcha\n|-singleturn|p2b: Sinistcha|move: Rage Powder\n|move|p2a: Staraptor|Close Combat|p1b: Mawile\n|-damage|p1b: Mawile|36/100\n|-boost|p2a: Staraptor|def|1\n|-boost|p2a: Staraptor|spd|1\n|move|p1b: Mawile|Play Rough|p2b: Sinistcha\n|-damage|p2b: Sinistcha|13/100\n|-enditem|p2b: Sinistcha|Sitrus Berry|[eat]\n|-heal|p2b: Sinistcha|38/100|[from] item: Sitrus Berry\n|\n|upkeep\n|turn|2\n|inactive|Theredapple has 30 seconds left.\n|inactive|Theredapple has 20 seconds left.\n|inactive|Theredapple has 15 seconds left.\n|inactive|Theredapple has 10 seconds left.\n|inactive|Theredapple has 5 seconds left.\n|\n|t:|1788289608\n|switch|p2b: Arcanine|Arcanine-Hisui, L50, F|100/100\n|move|p1b: Mawile|Protect|p1b: Mawile\n|-singleturn|p1b: Mawile|Protect\n|move|p2a: Staraptor|Brave Bird|p1b: Mawile\n|-activate|p1b: Mawile|move: Protect\n|move|p1a: Sinistcha|Trick Room|p1a: Sinistcha\n|-fieldstart|move: Trick Room|[of] p1a: Sinistcha\n|\n|upkeep\n|turn|3\n|\n|t:|1788289627\n|move|p2a: Staraptor|Protect|p2a: Staraptor\n|-singleturn|p2a: Staraptor|Protect\n|move|p1b: Mawile|Iron Head|p2b: Arcanine\n|-enditem|p2b: Arcanine|Focus Sash\n|-damage|p2b: Arcanine|1/100\n|move|p1a: Sinistcha|Matcha Gotcha|p2a: Staraptor|[spread] p2b\n|-activate|p2a: Staraptor|move: Protect\n|-damage|p2b: Arcanine|0 fnt\n|faint|p2b: Arcanine\n|\n|upkeep\n|\n|t:|1788289639\n|switch|p2b: Sinistcha|Sinistcha, L50|38/100\n|turn|4\n|\n|t:|1788289653\n|move|p1a: Sinistcha|Rage Powder|p1a: Sinistcha\n|-singleturn|p1a: Sinistcha|move: Rage Powder\n|move|p2b: Sinistcha|Rage Powder|p2b: Sinistcha\n|-singleturn|p2b: Sinistcha|move: Rage Powder\n|move|p1b: Mawile|Play Rough|p2b: Sinistcha\n|-damage|p2b: Sinistcha|0 fnt\n|faint|p2b: Sinistcha\n|move|p2a: Staraptor|Brave Bird|p1a: Sinistcha\n|-supereffective|p1a: Sinistcha|1\n|-damage|p1a: Sinistcha|0 fnt\n|faint|p1a: Sinistcha\n|-damage|p2a: Staraptor|65/100|[from] Recoil\n|\n|upkeep\n|\n|t:|1788289666\n|switch|p1a: Basculegion|Basculegion, L50, M|100/100\n|switch|p2b: Tyranitar|Tyranitar, L50, F|100/100\n|-weather|Sandstorm|[from] ability: Sand Stream|[of] p2b: Tyranitar\n|turn|5\n|inactive|Yoghurt25 has 30 seconds left.\n|inactive|Yoghurt25 has 20 seconds left.\n|\n|t:|1788289704\n|move|p1b: Mawile|Protect|p1b: Mawile\n|-singleturn|p1b: Mawile|Protect\n|move|p1a: Basculegion|Wave Crash|p2b: Tyranitar\n|-supereffective|p2b: Tyranitar|1\n|-damage|p2b: Tyranitar|0 fnt\n|faint|p2b: Tyranitar\n|-damage|p1a: Basculegion|70/100|[from] Recoil\n|-damage|p1a: Basculegion|61/100|[from] item: Life Orb\n|move|p2a: Staraptor|Close Combat|p1b: Mawile\n|-activate|p1b: Mawile|move: Protect\n|\n|-weather|Sandstorm|[upkeep]\n|-damage|p1a: Basculegion|55/100|[from] Sandstorm\n|-damage|p2a: Staraptor|59/100|[from] Sandstorm\n|upkeep\n|turn|6\n|\n|t:|1788289722\n|move|p2a: Staraptor|Protect|p2a: Staraptor\n|-singleturn|p2a: Staraptor|Protect\n|move|p1b: Mawile|Play Rough|p2a: Staraptor\n|-activate|p2a: Staraptor|move: Protect\n|move|p1a: Basculegion|Wave Crash|p2a: Staraptor\n|-activate|p2a: Staraptor|move: Protect\n|\n|-weather|Sandstorm|[upkeep]\n|-damage|p1a: Basculegion|49/100|[from] Sandstorm\n|-damage|p2a: Staraptor|54/100|[from] Sandstorm\n|-fieldend|move: Trick Room\n|upkeep\n|turn|7\n|\n|t:|1788289743\n|move|p2a: Staraptor|Close Combat|p1b: Mawile\n|-damage|p1b: Mawile|0 fnt\n|-boost|p2a: Staraptor|def|1\n|-boost|p2a: Staraptor|spd|1\n|faint|p1b: Mawile\n|move|p1a: Basculegion|Wave Crash|p2a: Staraptor\n|-damage|p2a: Staraptor|1/100\n|-damage|p1a: Basculegion|34/100|[from] Recoil\n|-damage|p1a: Basculegion|24/100|[from] item: Life Orb\n|\n|-weather|Sandstorm|[upkeep]\n|-damage|p2a: Staraptor|0 fnt|[from] Sandstorm\n|-damage|p1a: Basculegion|18/100|[from] Sandstorm\n|faint|p2a: Staraptor\n|\n|win|Yoghurt25\n|raw|Yoghurt25's rating: 1446 &rarr; <strong>1471</strong><br />(+25 for winning)\n|raw|Theredapple's rating: 1531 &rarr; <strong>1506</strong><br />(-25 for losing)\n|l|☆Theredapple\n|player|p2|\n","uploadtime":1788289758,"views":"0","formatid":"gen9championsvgc2026regmb","rating":1471,"private":0,"password":null}