{"id":"gen9championsvgc2026regmb-2674925969","format":"[Gen 9 Champions] VGC 2026 Reg M-B","players":["lj da shoppe","carl we"],"log":"|j|☆lj da shoppe\n|j|☆carl we\n|t:|1788437077\n|gametype|doubles\n|player|p1|lj da shoppe|2|1141\n|player|p2|carl we|volkner|1107\n|gen|9\n|tier|[Gen 9 Champions] VGC 2026 Reg M-B\n|rated|\n|rule|Species Clause: Limit one of each Pokémon\n|rule|Item Clause: Limit 1 of each item\n|clearpoke\n|poke|p1|Bellibolt, L50, F|\n|poke|p1|Florges, L50, F|\n|poke|p1|Annihilape, L50, F|\n|poke|p1|Sinistcha-Masterpiece, L50|\n|poke|p1|Incineroar, L50, M|\n|poke|p1|Malamar, L50, M|\n|poke|p2|Kingambit, L50, M, shiny|\n|poke|p2|Clefable, L50, M|\n|poke|p2|Alakazam, L50, M|\n|poke|p2|Rotom-Mow, L50|\n|poke|p2|Greninja, L50, M|\n|poke|p2|Diggersby, L50, M, shiny|\n|teampreview|4\n|\n|t:|1788437142\n|teamsize|p1|4\n|teamsize|p2|4\n|start\n|switch|p1a: Bellibolt|Bellibolt, L50, F|100/100\n|switch|p1b: Incineroar|Incineroar, L50, M|100/100\n|switch|p2a: Still in closet|Clefable, L50, M|100/100\n|switch|p2b: Sit on me|Kingambit, L50, M, shiny|100/100\n|-ability|p1b: Incineroar|Intimidate|boost\n|-unboost|p2a: Still in closet|atk|1\n|-unboost|p2b: Sit on me|atk|1\n|-ability|p2b: Sit on me|Defiant|boost\n|-boost|p2b: Sit on me|atk|2\n|turn|1\n|\n|t:|1788437156\n|move|p2a: Still in closet|Protect|p2a: Still in closet\n|-singleturn|p2a: Still in closet|Protect\n|move|p2b: Sit on me|Protect|p2b: Sit on me\n|-singleturn|p2b: Sit on me|Protect\n|move|p1b: Incineroar|Will-O-Wisp|p2b: Sit on me\n|-activate|p2b: Sit on me|move: Protect\n|move|p1a: Bellibolt|Reflect|p1a: Bellibolt\n|-sidestart|p1: lj da shoppe|Reflect\n|\n|upkeep\n|turn|2\n|\n|t:|1788437172\n|move|p2a: Still in closet|Follow Me|p2a: Still in closet\n|-singleturn|p2a: Still in closet|move: Follow Me\n|move|p1b: Incineroar|Will-O-Wisp|p2a: Still in closet\n|-status|p2a: Still in closet|brn\n|move|p2b: Sit on me|Kowtow Cleave|p1a: Bellibolt\n|-crit|p1a: Bellibolt\n|-damage|p1a: Bellibolt|31/100\n|move|p1a: Bellibolt|Light Screen|p1a: Bellibolt\n|-sidestart|p1: lj da shoppe|move: Light Screen\n|\n|-damage|p2a: Still in closet|94/100 brn|[from] brn\n|upkeep\n|turn|3\n|\n|t:|1788437184\n|move|p2a: Still in closet|Follow Me|p2a: Still in closet\n|-singleturn|p2a: Still in closet|move: Follow Me\n|move|p1b: Incineroar|Parting Shot|p2a: Still in closet\n|-unboost|p2a: Still in closet|atk|1\n|-unboost|p2a: Still in closet|spa|1\n|\n|t:|1788437189\n|switch|p1b: Malamar|Malamar, L50, M|100/100|[from] Parting Shot\n|move|p2b: Sit on me|Kowtow Cleave|p1a: Bellibolt\n|-damage|p1a: Bellibolt|0 fnt\n|faint|p1a: Bellibolt\n|\n|-heal|p2a: Still in closet|100/100 brn|[from] item: Leftovers\n|-damage|p2a: Still in closet|94/100 brn|[from] brn\n|upkeep\n|\n|t:|1788437192\n|switch|p1a: Florges|Florges, L50, F|100/100\n|turn|4\n|\n|t:|1788437199\n|detailschange|p1b: Malamar|Malamar-Mega, L50, M\n|-mega|p1b: Malamar|Malamar|Malamarite\n|move|p2a: Still in closet|Follow Me|p2a: Still in closet\n|-singleturn|p2a: Still in closet|move: Follow Me\n|move|p1b: Malamar|Superpower|p2a: Still in closet\n|-resisted|p2a: Still in closet|1\n|-damage|p2a: Still in closet|79/100 brn\n|-boost|p1b: Malamar|atk|1\n|-boost|p1b: Malamar|def|1\n|move|p1a: Florges|Moonblast|p2a: Still in closet\n|-damage|p2a: Still in closet|32/100 brn\n|move|p2b: Sit on me|Iron Head|p1a: Florges\n|-supereffective|p1a: Florges|1\n|-damage|p1a: Florges|0 fnt\n|faint|p1a: Florges\n|\n|-heal|p2a: Still in closet|38/100 brn|[from] item: Leftovers\n|-damage|p2a: Still in closet|32/100 brn|[from] brn\n|upkeep\n|\n|t:|1788437204\n|switch|p1a: Incineroar|Incineroar, L50, M|100/100\n|-ability|p1a: Incineroar|Intimidate|boost\n|-unboost|p2a: Still in closet|atk|1\n|-unboost|p2b: Sit on me|atk|1\n|-ability|p2b: Sit on me|Defiant|boost\n|-boost|p2b: Sit on me|atk|2\n|turn|5\n|\n|t:|1788437211\n|move|p1a: Incineroar|Fake Out|p2a: Still in closet\n|-damage|p2a: Still in closet|23/100 brn\n|cant|p2a: Still in closet|flinch\n|move|p1b: Malamar|Superpower|p2b: Sit on me\n|-supereffective|p2b: Sit on me|2\n|-enditem|p2b: Sit on me|Chople Berry|[eat]\n|-enditem|p2b: Sit on me|Chople Berry|[weaken]\n|-damage|p2b: Sit on me|28/100\n|-boost|p1b: Malamar|atk|1\n|-boost|p1b: Malamar|def|1\n|move|p2b: Sit on me|Iron Head|p1b: Malamar\n|-damage|p1b: Malamar|62/100\n|\n|-heal|p2a: Still in closet|29/100 brn|[from] item: Leftovers\n|-damage|p2a: Still in closet|23/100 brn|[from] brn\n|upkeep\n|turn|6\n|\n|t:|1788437232\n|move|p2a: Still in closet|Follow Me|p2a: Still in closet\n|-singleturn|p2a: Still in closet|move: Follow Me\n|move|p1b: Malamar|Superpower|p2a: Still in closet\n|-resisted|p2a: Still in closet|1\n|-damage|p2a: Still in closet|8/100 brn\n|-boost|p1b: Malamar|atk|1\n|-boost|p1b: Malamar|def|1\n|move|p1a: Incineroar|Darkest Lariat|p2a: Still in closet\n|-resisted|p2a: Still in closet|1\n|-damage|p2a: Still in closet|0 fnt\n|faint|p2a: Still in closet\n|move|p2b: Sit on me|Iron Head|p1b: Malamar\n|-damage|p1b: Malamar|33/100\n|\n|upkeep\n|\n|t:|1788437246\n|switch|p2a: Spoon me|Alakazam, L50, M|100/100\n|turn|7\n|\n|t:|1788437254\n|detailschange|p2a: Spoon me|Alakazam-Mega, L50, M\n|-mega|p2a: Spoon me|Alakazam|Alakazite\n|-ability|p2a: Spoon me|Contrary|Trace|[from] ability: Trace|[of] p1b: Malamar\n|move|p1b: Malamar|Protect|p1b: Malamar\n|-singleturn|p1b: Malamar|Protect\n|move|p2b: Sit on me|Protect|p2b: Sit on me\n|-singleturn|p2b: Sit on me|Protect\n|move|p2a: Spoon me|Dazzling Gleam|p1a: Incineroar|[spread] p1a\n|-activate|p1b: Malamar|move: Protect\n|-damage|p1a: Incineroar|87/100\n|move|p1a: Incineroar|Darkest Lariat|p2a: Spoon me\n|-supereffective|p2a: Spoon me|1\n|-damage|p2a: Spoon me|0 fnt\n|faint|p2a: Spoon me\n|\n|upkeep\n|\n|t:|1788437269\n|switch|p2a: Strip Poker|Greninja, L50, M|100/100\n|turn|8\n|\n|t:|1788437278\n|move|p2b: Sit on me|Sucker Punch|p1b: Malamar\n|-damage|p1b: Malamar|6/100\n|move|p2a: Strip Poker|Surf|p1b: Malamar|[spread] p2b,p1a,p1b\n|-start|p2a: Strip Poker|typechange|Water|[from] ability: Protean\n|-supereffective|p1a: Incineroar|1\n|-damage|p2b: Sit on me|0 fnt\n|-damage|p1a: Incineroar|50/100y\n|-damage|p1b: Malamar|0 fnt\n|faint|p2b: Sit on me\n|faint|p1b: Malamar\n|-damage|p2a: Strip Poker|90/100|[from] item: Life Orb\n|move|p1a: Incineroar|Darkest Lariat|p2a: Strip Poker\n|-damage|p2a: Strip Poker|35/100\n|\n|-sideend|p1: lj da shoppe|Reflect\n|upkeep\n|turn|9\n|\n|t:|1788437291\n|move|p2a: Strip Poker|Surf|p1a: Incineroar\n|-supereffective|p1a: Incineroar|1\n|-damage|p1a: Incineroar|0 fnt\n|faint|p1a: Incineroar\n|-damage|p2a: Strip Poker|26/100|[from] item: Life Orb\n|\n|win|carl we\n|raw|lj da shoppe's rating: 1141 &rarr; <strong>1114</strong><br />(-27 for losing)\n|raw|carl we's rating: 1107 &rarr; <strong>1134</strong><br />(+27 for winning)\n|l|☆carl we\n|player|p2|\n|l|☆lj da shoppe\n|player|p1|\n|j|☆carl we\n|player|p2|carl we|volkner|\n","uploadtime":1788437307,"views":"2","formatid":"gen9championsvgc2026regmb","rating":1114,"private":0,"password":null}