{"id":"gen9championsvgc2026regmbbo3-2674061723","format":"[Gen 9 Champions] VGC 2026 Reg M-B (Bo3)","players":["paquita navaja","rockslap"],"log":"|j|☆paquita navaja\n|j|☆rockslap\n|html|<table width=\"100%\"><tr><td align=\"left\">paquita navaja</td><td align=\"right\">rockslap</tr><tr><td align=\"left\"><i class=\"fa fa-circle\"></i> <i class=\"fa fa-circle-o\"></i> </td><td align=\"right\"><i class=\"fa fa-circle-o\"></i> <i class=\"fa fa-circle\"></i> </tr></table>\n|uhtml|bestof|<h2><strong>Game 3</strong> of <a href=\"/game-bestof3-gen9championsvgc2026regmbbo3-2674057080\">a best-of-3</a></h2>\n|t:|1788294025\n|gametype|doubles\n|player|p1|paquita navaja|170|\n|player|p2|rockslap|hiker-gen4|\n|gen|9\n|tier|[Gen 9 Champions] VGC 2026 Reg M-B (Bo3)\n|rule|Species Clause: Limit one of each Pokémon\n|rule|Item Clause: Limit 1 of each item\n|clearpoke\n|poke|p1|Metagross, L50|\n|poke|p1|Blaziken, L50, M|\n|poke|p1|Milotic, L50, F|\n|poke|p1|Pelipper, L50, M|\n|poke|p1|Gardevoir, L50, F|\n|poke|p1|Sableye, L50, M|\n|poke|p2|Maushold, L50|\n|poke|p2|Annihilape, L50, M|\n|poke|p2|Archaludon, L50, M|\n|poke|p2|Palafin, L50, M|\n|poke|p2|Sinistcha, L50|\n|poke|p2|Farigiraf, L50, M|\n|teampreview|4\n|showteam|p1|Metagross||LifeOrb|ClearBody|PsychicFangs,MeteorMash,RockSlide,Protect|Adamant|||||50|]Blaziken||FocusSash|SpeedBoost|HeatWave,Coaching,AuraSphere,Detect|Modest||M|||50|]Milotic||Leftovers|Competitive|MuddyWater,IceBeam,Hypnosis,Protect|Modest||F|||50|]Pelipper||SitrusBerry|Drizzle|MuddyWater,Hurricane,Tailwind,WideGuard|Modest||M|||50|]Gardevoir||FairyFeather|Trace|Moonblast,DazzlingGleam,Hypnosis,Protect|Timid||F|||50|]Sableye||LightClay|Prankster|FoulPlay,Reflect,LightScreen,Gravity|Careful||M|||50|\n|showteam|p2|Maushold||FocusSash|FriendGuard|FollowMe,RainDance,Protect,BeatUp|Jolly|||||50|]Annihilape||SitrusBerry|Defiant|DrainPunch,RageFist,BulkUp,Protect|Adamant||M|||50|]Archaludon||Leftovers|Stamina|DragonPulse,ElectroShot,FlashCannon,Protect|Modest||M|||50|]Palafin||MysticWater|ZerotoHero|WaveCrash,JetPunch,IceBeam,Protect|Jolly||M|||50|]Sinistcha||ColburBerry|Hospitality|MatchaGotcha,TrickRoom,RagePowder,LifeDew|Calm|||||50|]Farigiraf||LifeOrb|ArmorTail|HyperBeam,NastyPlot,Psychic,Protect|Bold||M|||50|\n|\n|t:|1788294056\n|teamsize|p1|4\n|teamsize|p2|4\n|start\n|switch|p1a: Gardevoir|Gardevoir, L50, F|100/100\n|switch|p1b: Sableye|Sableye, L50, M|100/100\n|switch|p2a: Archaludon|Archaludon, L50, M|100/100\n|switch|p2b: Maushold|Maushold, L50|100/100\n|-ability|p1a: Gardevoir|Stamina|Trace|[from] ability: Trace|[of] p2a: Archaludon\n|turn|1\n|\n|t:|1788294077\n|move|p2a: Archaludon|Protect|p2a: Archaludon\n|-singleturn|p2a: Archaludon|Protect\n|move|p1b: Sableye|Gravity|p1b: Sableye\n|-fieldstart|move: Gravity\n|move|p2b: Maushold|Rain Dance|p2b: Maushold\n|-weather|RainDance\n|move|p1a: Gardevoir|Hypnosis|p2b: Maushold\n|-status|p2b: Maushold|slp|[from] move: Hypnosis\n|\n|-weather|RainDance|[upkeep]\n|upkeep\n|turn|2\n|\n|t:|1788294094\n|switch|p2b: Farigiraf|Farigiraf, L50, M|100/100\n|move|p1b: Sableye|Light Screen|p1b: Sableye\n|-sidestart|p1: paquita navaja|move: Light Screen\n|move|p1a: Gardevoir|Hypnosis|p2a: Archaludon\n|-status|p2a: Archaludon|slp|[from] move: Hypnosis\n|cant|p2a: Archaludon|slp\n|\n|-weather|RainDance|[upkeep]\n|upkeep\n|turn|3\n|\n|t:|1788294124\n|move|p1a: Gardevoir|Hypnosis|p2b: Farigiraf\n|-status|p2b: Farigiraf|slp|[from] move: Hypnosis\n|cant|p2a: Archaludon|slp\n|cant|p2b: Farigiraf|slp\n|move|p1b: Sableye|Foul Play|p2a: Archaludon\n|-damage|p2a: Archaludon|81/100 slp\n|-ability|p2a: Archaludon|Stamina|boost\n|-boost|p2a: Archaludon|def|1\n|\n|-weather|RainDance|[upkeep]\n|-heal|p2a: Archaludon|87/100 slp|[from] item: Leftovers\n|upkeep\n|turn|4\n|\n|t:|1788294146\n|move|p1a: Gardevoir|Moonblast|p2a: Archaludon\n|-damage|p2a: Archaludon|22/100 slp\n|-ability|p2a: Archaludon|Stamina|boost\n|-boost|p2a: Archaludon|def|1\n|-curestatus|p2a: Archaludon|slp|[msg]\n|move|p2a: Archaludon|Electro Shot||[still]\n|-prepare|p2a: Archaludon|Electro Shot\n|-boost|p2a: Archaludon|spa|1\n|-anim|p2a: Archaludon|Electro Shot|p1b: Sableye\n|-damage|p1b: Sableye|49/100\n|cant|p2b: Farigiraf|slp\n|move|p1b: Sableye|Foul Play|p2b: Farigiraf\n|-supereffective|p2b: Farigiraf|1\n|-damage|p2b: Farigiraf|46/100 slp\n|\n|-weather|RainDance|[upkeep]\n|-heal|p2a: Archaludon|28/100|[from] item: Leftovers\n|upkeep\n|turn|5\n|\n|t:|1788294175\n|switch|p2b: Sinistcha|Sinistcha, L50|100/100\n|-heal|p2a: Archaludon|53/100|[from] ability: Hospitality|[of] p2b: Sinistcha\n|move|p1a: Gardevoir|Dazzling Gleam|p2b: Sinistcha|[spread] p2a,p2b\n|-damage|p2a: Archaludon|12/100\n|-damage|p2b: Sinistcha|66/100\n|-ability|p2a: Archaludon|Stamina|boost\n|-boost|p2a: Archaludon|def|1\n|move|p2a: Archaludon|Flash Cannon|p1a: Gardevoir\n|-supereffective|p1a: Gardevoir|1\n|-damage|p1a: Gardevoir|17/100\n|-ability|p1a: Gardevoir|Stamina|boost\n|-boost|p1a: Gardevoir|def|1\n|move|p1b: Sableye|Foul Play|p2b: Sinistcha\n|-supereffective|p2b: Sinistcha|1\n|-enditem|p2b: Sinistcha|Colbur Berry|[eat]\n|-enditem|p2b: Sinistcha|Colbur Berry|[weaken]\n|-damage|p2b: Sinistcha|47/100\n|\n|-weather|none\n|-heal|p2a: Archaludon|18/100|[from] item: Leftovers\n|-fieldend|move: Gravity\n|upkeep\n|turn|6\n|\n|t:|1788294202\n|move|p2a: Archaludon|Protect|p2a: Archaludon\n|-singleturn|p2a: Archaludon|Protect\n|move|p1b: Sableye|Gravity|p1b: Sableye\n|-fieldstart|move: Gravity\n|move|p1a: Gardevoir|Dazzling Gleam|p2b: Sinistcha|[spread] p2b\n|-activate|p2a: Archaludon|move: Protect\n|-damage|p2b: Sinistcha|13/100\n|move|p2b: Sinistcha|Life Dew|p2b: Sinistcha|[spread] p2a,p2b\n|-heal|p2a: Archaludon|43/100\n|-heal|p2b: Sinistcha|38/100\n|\n|-heal|p2a: Archaludon|49/100|[from] item: Leftovers\n|upkeep\n|turn|7\n|\n|t:|1788294224\n|switch|p2b: Maushold|Maushold, L50|100/100 slp\n|move|p1a: Gardevoir|Dazzling Gleam|p2a: Archaludon|[spread] p2a,p2b\n|-damage|p2a: Archaludon|15/100\n|-damage|p2b: Maushold|56/100 slp\n|-ability|p2a: Archaludon|Stamina|boost\n|-boost|p2a: Archaludon|def|1\n|move|p2a: Archaludon|Flash Cannon|p1a: Gardevoir\n|-supereffective|p1a: Gardevoir|1\n|-damage|p1a: Gardevoir|0 fnt\n|faint|p1a: Gardevoir\n|move|p1b: Sableye|Foul Play|p2b: Maushold\n|-damage|p2b: Maushold|23/100 slp\n|\n|-heal|p2a: Archaludon|21/100|[from] item: Leftovers\n|upkeep\n|\n|t:|1788294241\n|switch|p1a: Blaziken|Blaziken, L50, M|100/100\n|turn|8\n|\n|t:|1788294255\n|cant|p2b: Maushold|slp\n|move|p2a: Archaludon|Protect|p2a: Archaludon\n|-singleturn|p2a: Archaludon|Protect\n|move|p1a: Blaziken|Aura Sphere|p2a: Archaludon\n|-activate|p2a: Archaludon|move: Protect\n|move|p1b: Sableye|Foul Play|p2b: Maushold\n|-damage|p2b: Maushold|0 fnt\n|faint|p2b: Maushold\n|\n|-heal|p2a: Archaludon|28/100|[from] item: Leftovers\n|-ability|p1a: Blaziken|Speed Boost|boost\n|-boost|p1a: Blaziken|spe|1\n|upkeep\n|\n|t:|1788294271\n|switch|p2b: Sinistcha|Sinistcha, L50|38/100\n|-heal|p2a: Archaludon|52/100|[from] ability: Hospitality|[of] p2b: Sinistcha\n|turn|9\n|\n|t:|1788294290\n|switch|p2b: Farigiraf|Farigiraf, L50, M|46/100 slp\n|move|p1a: Blaziken|Heat Wave|p2b: Farigiraf|[spread] p2a,p2b\n|-damage|p2a: Archaludon|11/100\n|-damage|p2b: Farigiraf|10/100 slp\n|-ability|p2a: Archaludon|Stamina|boost\n|-boost|p2a: Archaludon|def|1\n|move|p2a: Archaludon|Dragon Pulse|p1a: Blaziken\n|-damage|p1a: Blaziken|43/100\n|move|p1b: Sableye|Foul Play|p2b: Farigiraf\n|-supereffective|p2b: Farigiraf|1\n|-damage|p2b: Farigiraf|0 fnt\n|faint|p2b: Farigiraf\n|\n|-heal|p2a: Archaludon|17/100|[from] item: Leftovers\n|-sideend|p1: paquita navaja|move: Light Screen\n|-ability|p1a: Blaziken|Speed Boost|boost\n|-boost|p1a: Blaziken|spe|1\n|upkeep\n|\n|t:|1788294305\n|switch|p2b: Sinistcha|Sinistcha, L50|38/100\n|-heal|p2a: Archaludon|42/100|[from] ability: Hospitality|[of] p2b: Sinistcha\n|turn|10\n|\n|t:|1788294328\n|move|p2b: Sinistcha|Rage Powder|p2b: Sinistcha\n|-singleturn|p2b: Sinistcha|move: Rage Powder\n|move|p1b: Sableye|Light Screen|p1b: Sableye\n|-sidestart|p1: paquita navaja|move: Light Screen\n|move|p1a: Blaziken|Heat Wave|p2b: Sinistcha|[spread] p2a,p2b\n|-supereffective|p2b: Sinistcha|1\n|-crit|p2b: Sinistcha\n|-damage|p2a: Archaludon|2/100\n|-damage|p2b: Sinistcha|0 fnt\n|-ability|p2a: Archaludon|Stamina|boost\n|-boost|p2a: Archaludon|def|1\n|faint|p2b: Sinistcha\n|move|p2a: Archaludon|Dragon Pulse|p1a: Blaziken\n|-damage|p1a: Blaziken|0 fnt\n|faint|p1a: Blaziken\n|\n|-heal|p2a: Archaludon|8/100|[from] item: Leftovers\n|-fieldend|move: Gravity\n|upkeep\n|\n|t:|1788294342\n|switch|p1a: Metagross|Metagross, L50|100/100\n|turn|11\n|\n|t:|1788294356\n|move|p1b: Sableye|Gravity|p1b: Sableye\n|-fieldstart|move: Gravity\n|move|p1a: Metagross|Meteor Mash|p2a: Archaludon\n|-resisted|p2a: Archaludon|1\n|-damage|p2a: Archaludon|3/100\n|-damage|p1a: Metagross|90/100|[from] item: Life Orb\n|move|p2a: Archaludon|Dragon Pulse|p1b: Sableye\n|-damage|p1b: Sableye|0 fnt\n|faint|p1b: Sableye\n|\n|-heal|p2a: Archaludon|9/100|[from] item: Leftovers\n|upkeep\n|turn|12\n|\n|t:|1788294368\n|move|p2a: Archaludon|Protect|p2a: Archaludon\n|-singleturn|p2a: Archaludon|Protect\n|move|p1a: Metagross|Meteor Mash|p2a: Archaludon\n|-activate|p2a: Archaludon|move: Protect\n|\n|-heal|p2a: Archaludon|15/100|[from] item: Leftovers\n|upkeep\n|turn|13\n|\n|t:|1788294379\n|move|p1a: Metagross|Meteor Mash|p2a: Archaludon\n|-resisted|p2a: Archaludon|1\n|-damage|p2a: Archaludon|8/100\n|-damage|p1a: Metagross|80/100|[from] item: Life Orb\n|move|p2a: Archaludon|Flash Cannon|p1a: Metagross\n|-resisted|p1a: Metagross|1\n|-damage|p1a: Metagross|59/100\n|\n|-heal|p2a: Archaludon|14/100|[from] item: Leftovers\n|upkeep\n|turn|14\n|\n|t:|1788294392\n|move|p2a: Archaludon|Protect|p2a: Archaludon\n|-singleturn|p2a: Archaludon|Protect\n|move|p1a: Metagross|Meteor Mash|p2a: Archaludon\n|-activate|p2a: Archaludon|move: Protect\n|\n|-heal|p2a: Archaludon|20/100y|[from] item: Leftovers\n|upkeep\n|turn|15\n|\n|t:|1788294407\n|move|p1a: Metagross|Meteor Mash|p2a: Archaludon\n|-resisted|p2a: Archaludon|1\n|-damage|p2a: Archaludon|14/100\n|-damage|p1a: Metagross|49/100|[from] item: Life Orb\n|move|p2a: Archaludon|Flash Cannon|p1a: Metagross\n|-resisted|p1a: Metagross|1\n|-crit|p1a: Metagross\n|-damage|p1a: Metagross|2/100\n|\n|-heal|p2a: Archaludon|20/100y|[from] item: Leftovers\n|-fieldend|move: Gravity\n|upkeep\n|turn|16\n|\n|t:|1788294417\n|move|p2a: Archaludon|Protect|p2a: Archaludon\n|-singleturn|p2a: Archaludon|Protect\n|move|p1a: Metagross|Meteor Mash|p2a: Archaludon\n|-activate|p2a: Archaludon|move: Protect\n|\n|-heal|p2a: Archaludon|26/100|[from] item: Leftovers\n|upkeep\n|turn|17\n|\n|t:|1788294422\n|move|p1a: Metagross|Meteor Mash|p2a: Archaludon\n|-resisted|p2a: Archaludon|1\n|-damage|p2a: Archaludon|19/100\n|-damage|p1a: Metagross|0 fnt|[from] item: Life Orb\n|faint|p1a: Metagross\n|\n|win|rockslap\n","uploadtime":1788294426,"views":"9","formatid":"gen9championsvgc2026regmbbo3","rating":null,"private":0,"password":null}