{"id":"gen9championsvgc2026regmb-2674867742","format":"[Gen 9 Champions] VGC 2026 Reg M-B","players":["calacadura","ChaosStarsz777"],"log":"|j|☆calacadura\n|j|☆ChaosStarsz777\n|t:|1788425059\n|gametype|doubles\n|player|p1|calacadura|1|1332\n|player|p2|ChaosStarsz777|red|1458\n|gen|9\n|tier|[Gen 9 Champions] VGC 2026 Reg M-B\n|rated|\n|rule|Species Clause: Limit one of each Pokémon\n|rule|Item Clause: Limit 1 of each item\n|clearpoke\n|poke|p1|Sinistcha, L50|\n|poke|p1|Archaludon, L50, M|\n|poke|p1|Grimmsnarl, L50, M|\n|poke|p1|Pelipper, L50, M|\n|poke|p1|Scovillain, L50, M|\n|poke|p1|Basculegion, L50, M|\n|poke|p2|Metagross, L50|\n|poke|p2|Dragonite, L50, F|\n|poke|p2|Sneasler, L50, M|\n|poke|p2|Kingambit, L50, F|\n|poke|p2|Ninetales-Alola, L50, F|\n|poke|p2|Rotom-Wash, L50|\n|teampreview|4\n|inactive|Battle timer is ON: inactive players will automatically lose when time's up. (requested by ChaosStarsz777)\n|inactive|calacadura has 60 seconds left.\n|\n|t:|1788425123\n|teamsize|p1|4\n|teamsize|p2|4\n|start\n|switch|p1a: Scovillain|Scovillain, L50, M|100/100\n|switch|p1b: Grimmsnarl|Grimmsnarl, L50, M|100/100\n|switch|p2a: Sneasler|Sneasler, L50, M|100/100\n|switch|p2b: Dragonite|Dragonite, L50, F|100/100\n|turn|1\n|\n|t:|1788425145\n|detailschange|p2b: Dragonite|Dragonite-Mega, L50, F\n|-mega|p2b: Dragonite|Dragonite|Dragoninite\n|move|p1a: Scovillain|Protect|p1a: Scovillain\n|-singleturn|p1a: Scovillain|Protect\n|move|p2a: Sneasler|Fake Out|p1b: Grimmsnarl\n|-damage|p1b: Grimmsnarl|83/100\n|cant|p1b: Grimmsnarl|flinch\n|move|p2b: Dragonite|Dragon Pulse|p1a: Scovillain\n|-activate|p1a: Scovillain|move: Protect\n|\n|-ability|p1a: Scovillain|Moody|boost\n|-boost|p1a: Scovillain|spd|2\n|-unboost|p1a: Scovillain|spe|1\n|upkeep\n|turn|2\n|\n|t:|1788425164\n|detailschange|p1a: Scovillain|Scovillain-Mega, L50, M\n|-mega|p1a: Scovillain|Scovillain|Scovillainite\n|move|p1a: Scovillain|Rage Powder|p1a: Scovillain\n|-singleturn|p1a: Scovillain|move: Rage Powder\n|move|p1b: Grimmsnarl|Reflect|p1b: Grimmsnarl\n|-sidestart|p1: calacadura|Reflect\n|move|p2a: Sneasler|Close Combat|p1a: Scovillain\n|-damage|p1a: Scovillain|54/100\n|-unboost|p2a: Sneasler|def|1\n|-unboost|p2a: Sneasler|spd|1\n|-status|p2a: Sneasler|brn|[from] ability: Spicy Spray|[of] p1a: Scovillain\n|-enditem|p2a: Sneasler|White Herb\n|-clearnegativeboost|p2a: Sneasler|[silent]\n|move|p2b: Dragonite|Dragon Pulse|p1a: Scovillain\n|-damage|p1a: Scovillain|30/100\n|-status|p2b: Dragonite|brn|[from] ability: Spicy Spray|[of] p1a: Scovillain\n|\n|-damage|p2a: Sneasler|94/100 brn|[from] brn\n|-damage|p2b: Dragonite|94/100 brn|[from] brn\n|upkeep\n|turn|3\n|\n|t:|1788425185\n|move|p1b: Grimmsnarl|Parting Shot|p2a: Sneasler\n|-unboost|p2a: Sneasler|atk|1\n|-unboost|p2a: Sneasler|spa|1\n|\n|t:|1788425187\n|switch|p1b: Sinistcha|Sinistcha, L50|100/100|[from] Parting Shot\n|-heal|p1a: Scovillain|55/100|[from] ability: Hospitality|[of] p1b: Sinistcha\n|move|p2a: Sneasler|Dire Claw|p1b: Sinistcha\n|-damage|p1b: Sinistcha|93/100\n|move|p2b: Dragonite|Dragon Pulse|p1a: Scovillain\n|-damage|p1a: Scovillain|32/100\n|move|p1a: Scovillain|Leech Seed|p2b: Dragonite\n|-start|p2b: Dragonite|move: Leech Seed\n|\n|-damage|p2b: Dragonite|81/100 brn|[from] Leech Seed|[of] p1a: Scovillain\n|-heal|p1a: Scovillain|45/100|[silent]\n|-damage|p2a: Sneasler|88/100 brn|[from] brn\n|-damage|p2b: Dragonite|75/100 brn|[from] brn\n|upkeep\n|turn|4\n|\n|t:|1788425198\n|switch|p2b: Kingambit|Kingambit, L50, F|100/100\n|move|p1a: Scovillain|Protect|p1a: Scovillain\n|-singleturn|p1a: Scovillain|Protect\n|move|p2a: Sneasler|Coaching|p2b: Kingambit\n|-boost|p2b: Kingambit|atk|1\n|-boost|p2b: Kingambit|def|1\n|move|p1b: Sinistcha|Calm Mind|p1b: Sinistcha\n|-boost|p1b: Sinistcha|spa|1\n|-boost|p1b: Sinistcha|spd|1\n|\n|-damage|p2a: Sneasler|82/100 brn|[from] brn\n|upkeep\n|turn|5\n|\n|t:|1788425213\n|move|p2a: Sneasler|Coaching|p2b: Kingambit\n|-boost|p2b: Kingambit|atk|1\n|-boost|p2b: Kingambit|def|1\n|move|p1b: Sinistcha|Life Dew|p1b: Sinistcha|[spread] p1a,p1b\n|-heal|p1a: Scovillain|70/100\n|-heal|p1b: Sinistcha|100/100\n|move|p2b: Kingambit|Kowtow Cleave|p1b: Sinistcha\n|-supereffective|p1b: Sinistcha|1\n|-damage|p1b: Sinistcha|5/100\n|move|p1a: Scovillain|Burning Jealousy|p2a: Sneasler|[spread] p2a,p2b\n|-supereffective|p2b: Kingambit|1\n|-damage|p2a: Sneasler|49/100 brn\n|-damage|p2b: Kingambit|62/100\n|-status|p2b: Kingambit|brn\n|\n|-damage|p2a: Sneasler|43/100 brn|[from] brn\n|-damage|p2b: Kingambit|56/100 brn|[from] brn\n|upkeep\n|turn|6\n|\n|t:|1788425238\n|switch|p1b: Grimmsnarl|Grimmsnarl, L50, M|83/100\n|move|p2a: Sneasler|Dire Claw|p1b: Grimmsnarl\n|-supereffective|p1b: Grimmsnarl|1\n|-damage|p1b: Grimmsnarl|61/100\n|move|p2b: Kingambit|Kowtow Cleave|p1a: Scovillain\n|-damage|p1a: Scovillain|40/100\n|move|p1a: Scovillain|Burning Jealousy|p2b: Kingambit|[spread] p2a,p2b\n|-supereffective|p2b: Kingambit|1\n|-damage|p2a: Sneasler|13/100 brn\n|-damage|p2b: Kingambit|17/100 brn\n|\n|-damage|p2a: Sneasler|7/100 brn|[from] brn\n|-damage|p2b: Kingambit|12/100 brn|[from] brn\n|upkeep\n|turn|7\n|\n|t:|1788425258\n|move|p1a: Scovillain|Protect|p1a: Scovillain\n|-singleturn|p1a: Scovillain|Protect\n|move|p1b: Grimmsnarl|Parting Shot|p2a: Sneasler\n|-unboost|p2a: Sneasler|atk|1\n|-unboost|p2a: Sneasler|spa|1\n|\n|t:|1788425260\n|switch|p1b: Sinistcha|Sinistcha, L50|5/100|[from] Parting Shot\n|-heal|p1a: Scovillain|65/100|[from] ability: Hospitality|[of] p1b: Sinistcha\n|move|p2a: Sneasler|Dire Claw|p1a: Scovillain\n|-activate|p1a: Scovillain|move: Protect\n|move|p2b: Kingambit|Kowtow Cleave|p1a: Scovillain\n|-activate|p1a: Scovillain|move: Protect\n|\n|-damage|p2a: Sneasler|1/100 brn|[from] brn\n|-damage|p2b: Kingambit|6/100 brn|[from] brn\n|upkeep\n|turn|8\n|\n|t:|1788425276\n|switch|p1b: Archaludon|Archaludon, L50, M|100/100\n|move|p2a: Sneasler|Dire Claw|p1b: Archaludon\n|-immune|p1b: Archaludon\n|move|p2b: Kingambit|Kowtow Cleave|p1a: Scovillain\n|-damage|p1a: Scovillain|34/100\n|move|p1a: Scovillain|Burning Jealousy|p2b: Kingambit|[spread] p2a,p2b\n|-supereffective|p2b: Kingambit|1\n|-crit|p2b: Kingambit\n|-damage|p2a: Sneasler|0 fnt\n|-damage|p2b: Kingambit|0 fnt\n|faint|p2a: Sneasler\n|faint|p2b: Kingambit\n|\n|upkeep\n|\n|t:|1788425279\n|switch|p2a: Dragonite|Dragonite-Mega, L50, F|75/100 brn\n|switch|p2b: Ninetales|Ninetales-Alola, L50, F|100/100\n|-weather|Snowscape|[from] ability: Snow Warning|[of] p2b: Ninetales\n|turn|9\n|\n|t:|1788425293\n|move|p2a: Dragonite|Protect|p2a: Dragonite\n|-singleturn|p2a: Dragonite|Protect\n|move|p1b: Archaludon|Protect|p1b: Archaludon\n|-singleturn|p1b: Archaludon|Protect\n|move|p2b: Ninetales|Aurora Veil|p2b: Ninetales\n|-sidestart|p2: ChaosStarsz777|move: Aurora Veil\n|move|p1a: Scovillain|Leech Seed|p2b: Ninetales\n|-start|p2b: Ninetales|move: Leech Seed\n|\n|-weather|Snowscape|[upkeep]\n|-damage|p2b: Ninetales|88/100|[from] Leech Seed|[of] p1a: Scovillain\n|-heal|p1a: Scovillain|46/100|[silent]\n|-damage|p2a: Dragonite|69/100 brn|[from] brn\n|-sideend|p1: calacadura|Reflect\n|upkeep\n|turn|10\n|\n|t:|1788425305\n|move|p2b: Ninetales|Blizzard|p1a: Scovillain|[spread] p1a,p1b\n|-damage|p1a: Scovillain|35/100\n|-damage|p1b: Archaludon|80/100\n|-status|p2b: Ninetales|brn|[from] ability: Spicy Spray|[of] p1a: Scovillain\n|-ability|p1b: Archaludon|Stamina|boost\n|-boost|p1b: Archaludon|def|1\n|move|p2a: Dragonite|Dragon Pulse|p1b: Archaludon\n|-damage|p1b: Archaludon|31/100\n|-ability|p1b: Archaludon|Stamina|boost\n|-boost|p1b: Archaludon|def|1\n|move|p1b: Archaludon|Snarl|p2a: Dragonite|[spread] p2a,p2b\n|-resisted|p2b: Ninetales|1\n|-damage|p2a: Dragonite|63/100 brn\n|-damage|p2b: Ninetales|83/100 brn\n|-unboost|p2a: Dragonite|spa|1\n|-unboost|p2b: Ninetales|spa|1\n|move|p1a: Scovillain|Leech Seed|p2a: Dragonite\n|-start|p2a: Dragonite|move: Leech Seed\n|\n|-weather|Snowscape|[upkeep]\n|-heal|p1b: Archaludon|37/100|[from] item: Leftovers\n|-damage|p2b: Ninetales|71/100 brn|[from] Leech Seed|[of] p1a: Scovillain\n|-heal|p1a: Scovillain|48/100|[silent]\n|-damage|p2a: Dragonite|50/100g brn|[from] Leech Seed|[of] p1a: Scovillain\n|-heal|p1a: Scovillain|60/100|[silent]\n|-damage|p2b: Ninetales|65/100 brn|[from] brn\n|-damage|p2a: Dragonite|44/100 brn|[from] brn\n|upkeep\n|turn|11\n|\n|t:|1788425319\n|move|p1b: Archaludon|Protect|p1b: Archaludon\n|-singleturn|p1b: Archaludon|Protect\n|move|p1a: Scovillain|Protect|p1a: Scovillain\n|-singleturn|p1a: Scovillain|Protect\n|move|p2b: Ninetales|Moonblast|p1b: Archaludon\n|-activate|p1b: Archaludon|move: Protect\n|move|p2a: Dragonite|Dragon Pulse|p1b: Archaludon\n|-activate|p1b: Archaludon|move: Protect\n|\n|-weather|Snowscape|[upkeep]\n|-heal|p1b: Archaludon|43/100|[from] item: Leftovers\n|-damage|p2b: Ninetales|53/100 brn|[from] Leech Seed|[of] p1a: Scovillain\n|-heal|p1a: Scovillain|73/100|[silent]\n|-damage|p2a: Dragonite|32/100 brn|[from] Leech Seed|[of] p1a: Scovillain\n|-heal|p1a: Scovillain|85/100|[silent]\n|-damage|p2b: Ninetales|47/100 brn|[from] brn\n|-damage|p2a: Dragonite|26/100 brn|[from] brn\n|upkeep\n|turn|12\n|-message|ChaosStarsz777 forfeited.\n|\n|win|calacadura\n|raw|calacadura's rating: 1332 &rarr; <strong>1359</strong><br />(+27 for winning)\n|raw|ChaosStarsz777's rating: 1458 &rarr; <strong>1431</strong><br />(-27 for losing)\n|l|☆ChaosStarsz777\n|player|p2|\n","uploadtime":1788425324,"views":"1","formatid":"gen9championsvgc2026regmb","rating":1359,"private":0,"password":null}