{"id":"gen9championsvgc2026regmbbo3-2674112717","format":"[Gen 9 Champions] VGC 2026 Reg M-B (Bo3)","players":["fa15eh0pe","djgrooves213"],"log":"|j|☆fa15eh0pe\n|j|☆djgrooves213\n|html|<table width=\"100%\"><tr><td align=\"left\">fa15eh0pe</td><td align=\"right\">djgrooves213</tr><tr><td align=\"left\"><i class=\"fa fa-circle-o\"></i> <i class=\"fa fa-circle-o\"></i> </td><td align=\"right\"><i class=\"fa fa-circle-o\"></i> <i class=\"fa fa-circle\"></i> </tr></table>\n|uhtml|bestof|<h2><strong>Game 2</strong> of <a href=\"/game-bestof3-gen9championsvgc2026regmbbo3-2674110476\">a best-of-3</a></h2>\n|t:|1788300931\n|gametype|doubles\n|player|p1|fa15eh0pe|2|1151\n|player|p2|djgrooves213|2|1124\n|gen|9\n|tier|[Gen 9 Champions] VGC 2026 Reg M-B (Bo3)\n|rated|\n|rule|Species Clause: Limit one of each Pokémon\n|rule|Item Clause: Limit 1 of each item\n|clearpoke\n|poke|p1|Raichu, L50, F|\n|poke|p1|Gholdengo, L50|\n|poke|p1|Whimsicott, L50, M|\n|poke|p1|Garchomp, L50, M|\n|poke|p1|Basculegion, L50, M, shiny|\n|poke|p1|Sylveon, L50, M, shiny|\n|poke|p2|Arcanine, L50, M, shiny|\n|poke|p2|Froslass, L50, F, shiny|\n|poke|p2|Chesnaught, L50, M, shiny|\n|poke|p2|Farigiraf, L50, M, shiny|\n|poke|p2|Milotic, L50, M, shiny|\n|poke|p2|Dragonite, L50, M, shiny|\n|teampreview|4\n|showteam|p1|Raichu||RaichuniteY|LightningRod|ZapCannon,FakeOut,FocusBlast,Protect|Timid||F|||50|]Gholdengo||LifeOrb|GoodasGold|MakeItRain,NastyPlot,ShadowBall,Protect|Modest|||||50|]Whimsicott||FocusSash|Prankster|Tailwind,Moonblast,Encore,Protect|Modest||M|||50|]Garchomp||SitrusBerry|RoughSkin|RockSlide,StompingTantrum,DragonClaw,Protect|Jolly||M|||50|]Basculegion||SpellTag|Adaptability|Protect,WaveCrash,LastRespects,AquaJet|Adamant||M|||50|]Sylveon||FairyFeather|Pixilate|HyperVoice,HyperBeam,QuickAttack,Protect|Modest||M|||50|\n|showteam|p2|Arcanine||ShucaBerry|Intimidate|Protect,ExtremeSpeed,ScorchingSands,Flamethrower|Relaxed||M|||50|]Froslass||Froslassite|SnowCloak|AuroraVeil,Protect,Blizzard,ShadowBall|Timid||F|||50|]Chesnaught||Chesnaughtite|Bulletproof|WideGuard,SpikyShield,BodyPress,WoodHammer|Relaxed||M|||50|]Farigiraf||SitrusBerry|ArmorTail|TrickRoom,Protect,FoulPlay,Psychic|Bold||M|||50|]Milotic||Leftovers|Competitive|Scald,IceBeam,LifeDew,Protect|Bold||M|||50|]Dragonite||LifeOrb|InnerFocus|DragonClaw,ExtremeSpeed,Superpower,Protect|Jolly||M|||50|\n|inactive|Battle timer is ON: inactive players will automatically lose when time's up. (requested by fa15eh0pe)\n|inactive|djgrooves213 has 60 seconds left.\n|\n|t:|1788300979\n|teamsize|p1|4\n|teamsize|p2|4\n|start\n|switch|p1a: Raichu|Raichu, L50, F|100/100\n|switch|p1b: Whimsicott|Whimsicott, L50, M|100/100\n|switch|p2a: Farigiraf|Farigiraf, L50, M, shiny|100/100\n|switch|p2b: Arcanine|Arcanine, L50, M, shiny|100/100\n|-ability|p2b: Arcanine|Intimidate|boost\n|-unboost|p1a: Raichu|atk|1\n|-unboost|p1b: Whimsicott|atk|1\n|turn|1\n|\n|t:|1788300992\n|switch|p2a: Chesnaught|Chesnaught, L50, M, shiny|100/100\n|detailschange|p1a: Raichu|Raichu-Mega-Y, L50, F\n|-mega|p1a: Raichu|Raichu|Raichunite Y\n|move|p1a: Raichu|Zap Cannon|p2a: Chesnaught\n|-immune|p2a: Chesnaught|[from] ability: Bulletproof\n|move|p1b: Whimsicott|Moonblast|p2a: Chesnaught\n|-supereffective|p2a: Chesnaught|1\n|-damage|p2a: Chesnaught|13/100\n|move|p2b: Arcanine|Flamethrower|p1b: Whimsicott\n|-supereffective|p1b: Whimsicott|1\n|-enditem|p1b: Whimsicott|Focus Sash\n|-damage|p1b: Whimsicott|1/100\n|\n|upkeep\n|turn|2\n|\n|t:|1788301015\n|detailschange|p2a: Chesnaught|Chesnaught-Mega, L50, M, shiny\n|-mega|p2a: Chesnaught|Chesnaught|Chesnaughtite\n|move|p2b: Arcanine|Extreme Speed|p1b: Whimsicott\n|-damage|p1b: Whimsicott|0 fnt\n|faint|p1b: Whimsicott\n|move|p1a: Raichu|Zap Cannon|p2b: Arcanine\n|-damage|p2b: Arcanine|31/100\n|-status|p2b: Arcanine|par\n|move|p2a: Chesnaught|Body Press|p1a: Raichu\n|-damage|p1a: Raichu|5/100\n|\n|upkeep\n|\n|t:|1788301019\n|switch|p1b: Sylveon|Sylveon, L50, M, shiny|100/100\n|turn|3\n|\n|t:|1788301033\n|move|p1a: Raichu|Protect|p1a: Raichu\n|-singleturn|p1a: Raichu|Protect\n|move|p2a: Chesnaught|Wide Guard|p2a: Chesnaught\n|-singleturn|p2a: Chesnaught|Wide Guard\n|move|p2b: Arcanine|Extreme Speed|p1a: Raichu\n|-activate|p1a: Raichu|move: Protect\n|move|p1b: Sylveon|Hyper Voice|p2a: Chesnaught|[spread] \n|-activate|p2a: Chesnaught|move: Wide Guard\n|-activate|p2b: Arcanine|move: Wide Guard\n|\n|upkeep\n|turn|4\n|\n|t:|1788301044\n|move|p2a: Chesnaught|Spiky Shield|p2a: Chesnaught\n|-singleturn|p2a: Chesnaught|move: Protect\n|move|p2b: Arcanine|Extreme Speed|p1a: Raichu\n|-damage|p1a: Raichu|0 fnt\n|faint|p1a: Raichu\n|move|p1b: Sylveon|Quick Attack|p2a: Chesnaught\n|-activate|p2a: Chesnaught|move: Protect\n|-damage|p1b: Sylveon|87/100|[from] Spiky Shield|[of] p2a: Chesnaught\n|\n|upkeep\n|\n|t:|1788301046\n|switch|p1a: Basculegion|Basculegion, L50, M, shiny|100/100\n|turn|5\n|\n|t:|1788301056\n|switch|p2b: Farigiraf|Farigiraf, L50, M, shiny|100/100\n|move|p1b: Sylveon|Quick Attack||[still]\n|cant|p2b: Farigiraf|ability: Armor Tail|Quick Attack|[of] p1b: Sylveon\n|move|p1a: Basculegion|Last Respects|p2b: Farigiraf\n|-immune|p2b: Farigiraf\n|move|p2a: Chesnaught|Wood Hammer|p1a: Basculegion\n|-supereffective|p1a: Basculegion|1\n|-damage|p1a: Basculegion|0 fnt\n|faint|p1a: Basculegion\n|-damage|p2a: Chesnaught|0 fnt|[from] Recoil\n|faint|p2a: Chesnaught\n|\n|upkeep\n|\n|t:|1788301061\n|switch|p2a: Milotic|Milotic, L50, M, shiny|100/100\n|turn|6\n|\n|t:|1788301065\n|move|p2a: Milotic|Scald|p1b: Sylveon\n|-damage|p1b: Sylveon|68/100\n|move|p1b: Sylveon|Hyper Voice|p2b: Farigiraf|[spread] p2a,p2b\n|-damage|p2a: Milotic|72/100\n|-damage|p2b: Farigiraf|57/100\n|move|p2b: Farigiraf|Psychic|p1b: Sylveon\n|-damage|p1b: Sylveon|43/100\n|\n|-heal|p2a: Milotic|78/100|[from] item: Leftovers\n|upkeep\n|turn|7\n|\n|t:|1788301074\n|move|p2a: Milotic|Life Dew|p2a: Milotic|[spread] p2a,p2b\n|-heal|p2a: Milotic|100/100\n|-heal|p2b: Farigiraf|82/100\n|move|p1b: Sylveon|Hyper Voice|p2b: Farigiraf|[spread] p2a,p2b\n|-damage|p2a: Milotic|70/100\n|-damage|p2b: Farigiraf|43/100\n|-enditem|p2b: Farigiraf|Sitrus Berry|[eat]\n|-heal|p2b: Farigiraf|68/100|[from] item: Sitrus Berry\n|move|p2b: Farigiraf|Psychic|p1b: Sylveon\n|-crit|p1b: Sylveon\n|-damage|p1b: Sylveon|8/100\n|\n|-heal|p2a: Milotic|76/100|[from] item: Leftovers\n|upkeep\n|turn|8\n|-message|fa15eh0pe forfeited.\n|\n|win|djgrooves213\n|raw|fa15eh0pe's rating: 1151 &rarr; <strong>1124</strong><br />(-27 for losing)\n|raw|djgrooves213's rating: 1124 &rarr; <strong>1151</strong><br />(+27 for winning)\n|l|☆fa15eh0pe\n|player|p1|\n","uploadtime":1788301156,"views":"17","formatid":"gen9championsvgc2026regmbbo3","rating":1124,"private":0,"password":null}