{"id":"gen9championsvgc2026regmb-2674057496","format":"[Gen 9 Champions] VGC 2026 Reg M-B","players":["Aposeon","ethalem77"],"log":"|j|☆Aposeon\n|j|☆ethalem77\n|t:|1788293510\n|gametype|doubles\n|player|p1|Aposeon|169|1447\n|player|p2|ethalem77|acetrainer-gen4dp|1535\n|gen|9\n|tier|[Gen 9 Champions] VGC 2026 Reg M-B\n|rated|\n|rule|Species Clause: Limit one of each Pokémon\n|rule|Item Clause: Limit 1 of each item\n|clearpoke\n|poke|p1|Grimmsnarl, L50, M|\n|poke|p1|Swampert, L50, F|\n|poke|p1|Pelipper, L50, F|\n|poke|p1|Archaludon, L50, F|\n|poke|p1|Sinistcha, L50|\n|poke|p1|Metagross, L50|\n|poke|p2|Dragonite, L50, M|\n|poke|p2|Sneasler, L50, M|\n|poke|p2|Basculegion, L50, M|\n|poke|p2|Kingambit, L50, F|\n|poke|p2|Garchomp, L50, F|\n|poke|p2|Floette-Eternal, L50, F|\n|teampreview|4\n|inactive|Battle timer is ON: inactive players will automatically lose when time's up. (requested by ethalem77)\n|inactive|Aposeon has 60 seconds left.\n|\n|t:|1788293549\n|teamsize|p1|4\n|teamsize|p2|4\n|start\n|switch|p1a: Grimmsnarl|Grimmsnarl, L50, M|100/100\n|switch|p1b: Archaludon|Archaludon, L50, F|100/100\n|switch|p2a: Dragonite|Dragonite, L50, M|100/100\n|switch|p2b: Sneasler|Sneasler, L50, M|100/100\n|turn|1\n|\n|t:|1788293566\n|detailschange|p2a: Dragonite|Dragonite-Mega, L50, M\n|-mega|p2a: Dragonite|Dragonite|Dragoninite\n|move|p1b: Archaludon|Protect|p1b: Archaludon\n|-singleturn|p1b: Archaludon|Protect\n|move|p2b: Sneasler|Fake Out|p1a: Grimmsnarl\n|-damage|p1a: Grimmsnarl|86/100\n|cant|p1a: Grimmsnarl|flinch\n|move|p2a: Dragonite|Dragon Pulse|p1b: Archaludon\n|-activate|p1b: Archaludon|move: Protect\n|\n|upkeep\n|turn|2\n|inactive|Aposeon has 30 seconds left.\n|\n|t:|1788293601\n|switch|p1b: Pelipper|Pelipper, L50, F|100/100\n|-weather|RainDance|[from] ability: Drizzle|[of] p1b: Pelipper\n|move|p1a: Grimmsnarl|Light Screen|p1a: Grimmsnarl\n|-sidestart|p1: Aposeon|move: Light Screen\n|move|p2b: Sneasler|Close Combat|p1b: Pelipper\n|-resisted|p1b: Pelipper|1\n|-damage|p1b: Pelipper|66/100\n|-unboost|p2b: Sneasler|def|1\n|-unboost|p2b: Sneasler|spd|1\n|move|p2a: Dragonite|Dragon Pulse|p1b: Pelipper\n|-damage|p1b: Pelipper|22/100\n|-enditem|p1b: Pelipper|Sitrus Berry|[eat]\n|-heal|p1b: Pelipper|47/100|[from] item: Sitrus Berry\n|\n|-weather|RainDance|[upkeep]\n|upkeep\n|turn|3\n|\n|t:|1788293626\n|switch|p1b: Archaludon|Archaludon, L50, F|100/100\n|move|p2b: Sneasler|Dire Claw|p1a: Grimmsnarl\n|-supereffective|p1a: Grimmsnarl|1\n|-damage|p1a: Grimmsnarl|0 fnt\n|faint|p1a: Grimmsnarl\n|move|p2a: Dragonite|Dragon Pulse|p1b: Archaludon\n|-damage|p1b: Archaludon|69/100\n|-ability|p1b: Archaludon|Stamina|boost\n|-boost|p1b: Archaludon|def|1\n|\n|-weather|RainDance|[upkeep]\n|-heal|p1b: Archaludon|75/100|[from] item: Leftovers\n|upkeep\n|\n|t:|1788293630\n|switch|p1a: Swampert|Swampert, L50, F|100/100\n|turn|4\n|\n|t:|1788293650\n|detailschange|p1a: Swampert|Swampert-Mega, L50, F\n|-mega|p1a: Swampert|Swampert|Swampertite\n|move|p2a: Dragonite|Protect|p2a: Dragonite\n|-singleturn|p2a: Dragonite|Protect\n|move|p1a: Swampert|Wave Crash|p2b: Sneasler\n|-enditem|p2b: Sneasler|Focus Sash\n|-damage|p2b: Sneasler|1/100\n|-damage|p1a: Swampert|73/100|[from] Recoil\n|move|p2b: Sneasler|Close Combat|p1b: Archaludon\n|-supereffective|p1b: Archaludon|1\n|-damage|p1b: Archaludon|14/100\n|-unboost|p2b: Sneasler|def|1\n|-unboost|p2b: Sneasler|spd|1\n|-ability|p1b: Archaludon|Stamina|boost\n|-boost|p1b: Archaludon|def|1\n|move|p1b: Archaludon|Dragon Pulse|p2a: Dragonite\n|-activate|p2a: Dragonite|move: Protect\n|\n|-weather|RainDance|[upkeep]\n|-heal|p1b: Archaludon|20/100y|[from] item: Leftovers\n|upkeep\n|turn|5\n|inactive|ethalem77 has 30 seconds left.\n|inactive|Aposeon has 30 seconds left.\n|inactive|ethalem77 has 20 seconds left.\n|inactive|ethalem77 has 15 seconds left.\n|\n|t:|1788293692\n|move|p1a: Swampert|Ice Punch|p2a: Dragonite\n|-supereffective|p2a: Dragonite|2\n|-damage|p2a: Dragonite|42/100\n|move|p2b: Sneasler|Close Combat|p1a: Swampert\n|-damage|p1a: Swampert|20/100y\n|-unboost|p2b: Sneasler|def|1\n|-unboost|p2b: Sneasler|spd|1\n|move|p2a: Dragonite|Dragon Pulse|p1a: Swampert\n|-damage|p1a: Swampert|0 fnt\n|faint|p1a: Swampert\n|move|p1b: Archaludon|Flash Cannon|p2a: Dragonite\n|-damage|p2a: Dragonite|8/100\n|\n|-weather|RainDance|[upkeep]\n|-heal|p1b: Archaludon|26/100|[from] item: Leftovers\n|upkeep\n|\n|t:|1788293701\n|switch|p1a: Pelipper|Pelipper, L50, F|47/100\n|turn|6\n|\n|t:|1788293717\n|move|p1b: Archaludon|Protect|p1b: Archaludon\n|-singleturn|p1b: Archaludon|Protect\n|move|p2b: Sneasler|Feint|p1b: Archaludon\n|-activate|p1b: Archaludon|move: Feint\n|-resisted|p1b: Archaludon|1\n|-damage|p1b: Archaludon|24/100\n|-ability|p1b: Archaludon|Stamina|boost\n|-boost|p1b: Archaludon|def|1\n|move|p2a: Dragonite|Dragon Pulse|p1b: Archaludon\n|-damage|p1b: Archaludon|0 fnt\n|faint|p1b: Archaludon\n|move|p1a: Pelipper|Tailwind|p1a: Pelipper\n|-sidestart|p1: Aposeon|move: Tailwind\n|\n|-weather|none\n|upkeep\n|turn|7\n|-message|Aposeon forfeited.\n|\n|win|ethalem77\n|raw|Aposeon's rating: 1447 &rarr; <strong>1432</strong><br />(-15 for losing)\n|raw|ethalem77's rating: 1535 &rarr; <strong>1550</strong><br />(+15 for winning)\n|l|☆Aposeon\n|player|p1|\n","uploadtime":1788293725,"views":"1","formatid":"gen9championsvgc2026regmb","rating":1432,"private":0,"password":null}