{"id":"gen9championsvgc2026regmb-2674176152","format":"[Gen 9 Champions] VGC 2026 Reg M-B","players":["SupaJello","Atlantean"],"log":"|j|☆SupaJello\n|j|☆Atlantean\n|html|<table width=\"100%\"><tr><td align=\"left\">SupaJello</td><td align=\"right\">Atlantean</tr><tr><td align=\"left\"><i class=\"fa fa-circle\"></i> <i class=\"fa fa-circle-o\"></i> </td><td align=\"right\"><i class=\"fa fa-circle-o\"></i> <i class=\"fa fa-circle-o\"></i> </tr></table>\n|uhtml|bestof|<h2><strong>Game 2</strong> of <a href=\"/game-bestof3-gen9championsvgc2026regmb-2674175127\">a best-of-3</a></h2>\n|t:|1788310606\n|gametype|doubles\n|player|p1|SupaJello|hilbert|\n|player|p2|Atlantean|ghetsis-gen5bw|\n|gen|9\n|tier|[Gen 9 Champions] VGC 2026 Reg M-B\n|rated|Tournament battle\n|rule|Species Clause: Limit one of each Pokémon\n|rule|Item Clause: Limit 1 of each item\n|raw|<div class=\"infobox\"><details class=\"readmore\" open><summary><strong>2 custom rules:</strong></summary> Force Open Team Sheets, Best of = 3</details></div>\n|clearpoke\n|poke|p1|Garchomp, L50, F|\n|poke|p1|Delphox, L50, M|\n|poke|p1|Vivillon, L50, F|\n|poke|p1|Sinistcha, L50|\n|poke|p1|Basculegion, L50, M|\n|poke|p1|Floette-Eternal, L50, F|\n|poke|p2|Swampert, L50, M|\n|poke|p2|Grimmsnarl, L50, M, shiny|\n|poke|p2|Archaludon, L50, F|\n|poke|p2|Pelipper, L50, F|\n|poke|p2|Charizard, L50, M|\n|poke|p2|Venusaur, L50, M|\n|teampreview|4\n|showteam|p1|Garchomp||LifeOrb|RoughSkin|Earthquake,RockSlide,DragonClaw,Protect|Jolly||F|||50|]Delphox||Delphoxite|Blaze|NastyPlot,HeatWave,Psychic,Protect|Timid||M|||50|]Vivillon||ChoiceScarf|CompoundEyes|SleepPowder,Hurricane,RagePowder,Tailwind|Timid||F|||50|]Sinistcha||SitrusBerry|Hospitality|TrickRoom,MatchaGotcha,RagePowder,Protect|Bold|||||50|]Basculegion||MysticWater|Adaptability|WaveCrash,AquaJet,LastRespects,Protect|Jolly||M|||50|]Floette-Eternal||Floettite|FlowerVeil|Moonblast,DazzlingGleam,CalmMind,Protect|Timid||F|||50|\n|showteam|p2|Swampert||Swampertite|Damp|Protect,Earthquake,WaveCrash,IcePunch|Adamant||M|||50|]Grimmsnarl||LightClay|Prankster|Reflect,SpiritBreak,LightScreen,PartingShot|Sassy||M|||50|]Archaludon||Leftovers|Stamina|Protect,DragonPulse,ElectroShot,FlashCannon|Calm||F|||50|]Pelipper||SitrusBerry|Drizzle|WideGuard,Hurricane,WeatherBall,Tailwind|Modest||F|||50|]Charizard||CharizarditeY|Blaze|Protect,HeatWave,Hurricane,WeatherBall|Modest||M|||50|]Venusaur||FocusSash|Chlorophyll|SleepPowder,Protect,LeafStorm,SludgeBomb|Modest||M|||50|\n|inactive|Battle timer is ON: inactive players will automatically lose when time's up. (requested by Atlantean)\n|inactive|SupaJello also wants the timer to be on.\n|j| ArmouredWing\n|\n|t:|1788310617\n|teamsize|p1|4\n|teamsize|p2|4\n|start\n|switch|p1a: Garchomp|Garchomp, L50, F|100/100\n|switch|p1b: Vivillon|Vivillon, L50, F|100/100\n|switch|p2a: Grimmsnarl|Grimmsnarl, L50, M, shiny|100/100\n|switch|p2b: Archaludon|Archaludon, L50, F|100/100\n|turn|1\n|\n|t:|1788310627\n|move|p2a: Grimmsnarl|Reflect|p2a: Grimmsnarl\n|-sidestart|p2: Atlantean|Reflect\n|move|p1b: Vivillon|Sleep Powder|p2b: Archaludon\n|-status|p2b: Archaludon|slp|[from] move: Sleep Powder\n|move|p1a: Garchomp|Earthquake|p2b: Archaludon|[spread] p2a,p2b\n|-immune|p1b: Vivillon\n|-supereffective|p2b: Archaludon|1\n|-damage|p2a: Grimmsnarl|66/100\n|-damage|p2b: Archaludon|52/100 slp\n|-ability|p2b: Archaludon|Stamina|boost\n|-boost|p2b: Archaludon|def|1\n|-damage|p1a: Garchomp|90/100|[from] item: Life Orb\n|cant|p2b: Archaludon|slp\n|\n|-heal|p2b: Archaludon|58/100 slp|[from] item: Leftovers\n|upkeep\n|turn|2\n|\n|t:|1788310652\n|move|p2a: Grimmsnarl|Parting Shot|p1a: Garchomp\n|-unboost|p1a: Garchomp|atk|1\n|-unboost|p1a: Garchomp|spa|1\n|\n|t:|1788310657\n|switch|p2a: Pelipper|Pelipper, L50, F|100/100|[from] Parting Shot\n|-weather|RainDance|[from] ability: Drizzle|[of] p2a: Pelipper\n|move|p1b: Vivillon|Sleep Powder|p2a: Pelipper\n|-status|p2a: Pelipper|slp|[from] move: Sleep Powder\n|move|p1a: Garchomp|Earthquake|p2b: Archaludon|[spread] p2b\n|-immune|p1b: Vivillon\n|-immune|p2a: Pelipper\n|-supereffective|p2b: Archaludon|1\n|-damage|p2b: Archaludon|39/100 slp\n|-ability|p2b: Archaludon|Stamina|boost\n|-boost|p2b: Archaludon|def|1\n|-damage|p1a: Garchomp|80/100|[from] item: Life Orb\n|cant|p2b: Archaludon|slp\n|\n|-weather|RainDance|[upkeep]\n|-heal|p2b: Archaludon|45/100 slp|[from] item: Leftovers\n|upkeep\n|turn|3\n|\n|t:|1788310682\n|switch|p1b: Floette|Floette-Eternal, L50, F|100/100\n|cant|p2a: Pelipper|slp\n|move|p1a: Garchomp|Dragon Claw|p2a: Pelipper\n|-damage|p2a: Pelipper|78/100 slp\n|-damage|p1a: Garchomp|70/100|[from] item: Life Orb\n|-curestatus|p2b: Archaludon|slp|[msg]\n|move|p2b: Archaludon|Electro Shot||[still]\n|-prepare|p2b: Archaludon|Electro Shot\n|-boost|p2b: Archaludon|spa|1\n|-anim|p2b: Archaludon|Electro Shot|p1b: Floette\n|-damage|p1b: Floette|48/100\n|\n|-weather|RainDance|[upkeep]\n|-heal|p2b: Archaludon|51/100|[from] item: Leftovers\n|upkeep\n|turn|4\n|\n|t:|1788310699\n|detailschange|p1b: Floette|Floette-Mega, L50, F\n|-mega|p1b: Floette|Floette|Floettite\n|-ability|p1b: Floette|Fairy Aura\n|move|p2b: Archaludon|Protect|p2b: Archaludon\n|-singleturn|p2b: Archaludon|Protect\n|move|p1a: Garchomp|Rock Slide|p2b: Archaludon|[spread] p2a\n|-activate|p2b: Archaludon|move: Protect\n|-supereffective|p2a: Pelipper|1\n|-damage|p2a: Pelipper|55/100 slp\n|-damage|p1a: Garchomp|60/100|[from] item: Life Orb\n|move|p1b: Floette|Moonblast|p2a: Pelipper\n|-damage|p2a: Pelipper|0 fnt\n|faint|p2a: Pelipper\n|\n|-weather|RainDance|[upkeep]\n|-heal|p2b: Archaludon|57/100|[from] item: Leftovers\n|upkeep\n|\n|t:|1788310718\n|switch|p2a: Grimmsnarl|Grimmsnarl, L50, M, shiny|66/100\n|turn|5\n|\n|t:|1788310737\n|switch|p1a: Sinistcha|Sinistcha, L50|100/100\n|-heal|p1b: Floette|72/100|[from] ability: Hospitality|[of] p1a: Sinistcha\n|move|p1b: Floette|Protect|p1b: Floette\n|-singleturn|p1b: Floette|Protect\n|move|p2a: Grimmsnarl|Light Screen|p2a: Grimmsnarl\n|-sidestart|p2: Atlantean|move: Light Screen\n|move|p2b: Archaludon|Dragon Pulse|p1a: Sinistcha\n|-damage|p1a: Sinistcha|39/100\n|-enditem|p1a: Sinistcha|Sitrus Berry|[eat]\n|-heal|p1a: Sinistcha|64/100|[from] item: Sitrus Berry\n|\n|-weather|RainDance|[upkeep]\n|-heal|p2b: Archaludon|63/100|[from] item: Leftovers\n|upkeep\n|turn|6\n|inactive|Atlantean has 30 seconds left.\n|inactive|Atlantean has 20 seconds left.\n|\n|t:|1788310776\n|move|p2b: Archaludon|Protect|p2b: Archaludon\n|-singleturn|p2b: Archaludon|Protect\n|move|p1a: Sinistcha|Rage Powder|p1a: Sinistcha\n|-singleturn|p1a: Sinistcha|move: Rage Powder\n|move|p1b: Floette|Calm Mind|p1b: Floette\n|-boost|p1b: Floette|spa|1\n|-boost|p1b: Floette|spd|1\n|move|p2a: Grimmsnarl|Spirit Break|p1a: Sinistcha\n|-damage|p1a: Sinistcha|33/100\n|-unboost|p1a: Sinistcha|spa|1\n|\n|-weather|none\n|-heal|p2b: Archaludon|69/100|[from] item: Leftovers\n|upkeep\n|turn|7\n|\n|t:|1788310789\n|move|p1a: Sinistcha|Rage Powder|p1a: Sinistcha\n|-singleturn|p1a: Sinistcha|move: Rage Powder\n|move|p1b: Floette|Dazzling Gleam|p2a: Grimmsnarl|[spread] p2a,p2b\n|-supereffective|p2a: Grimmsnarl|1\n|-damage|p2a: Grimmsnarl|0 fnt\n|-damage|p2b: Archaludon|29/100\n|-ability|p2b: Archaludon|Stamina|boost\n|-boost|p2b: Archaludon|def|1\n|faint|p2a: Grimmsnarl\n|move|p2b: Archaludon|Dragon Pulse|p1a: Sinistcha\n|-damage|p1a: Sinistcha|0 fnt\n|faint|p1a: Sinistcha\n|\n|-heal|p2b: Archaludon|35/100|[from] item: Leftovers\n|upkeep\n|\n|t:|1788310794\n|switch|p1a: Vivillon|Vivillon, L50, F|100/100\n|switch|p2a: Charizard|Charizard, L50, M|100/100\n|turn|8\n|j| csr not honse\n|inactive|Atlantean has 30 seconds left.\n|\n|t:|1788310820\n|detailschange|p2a: Charizard|Charizard-Mega-Y, L50, M\n|-mega|p2a: Charizard|Charizard|Charizardite Y\n|-weather|SunnyDay|[from] ability: Drought|[of] p2a: Charizard\n|move|p1a: Vivillon|Sleep Powder|p2a: Charizard\n|-status|p2a: Charizard|slp|[from] move: Sleep Powder\n|move|p1b: Floette|Moonblast|p2b: Archaludon\n|-damage|p2b: Archaludon|0 fnt\n|faint|p2b: Archaludon\n|cant|p2a: Charizard|slp\n|\n|-weather|SunnyDay|[upkeep]\n|-sideend|p2: Atlantean|Reflect\n|upkeep\n|turn|9\n|\n|t:|1788310826\n|switch|p1a: Garchomp|Garchomp, L50, F|60/100\n|move|p1b: Floette|Calm Mind|p1b: Floette\n|-boost|p1b: Floette|spa|1\n|-boost|p1b: Floette|spd|1\n|cant|p2a: Charizard|slp\n|\n|-weather|SunnyDay|[upkeep]\n|upkeep\n|turn|10\n|\n|t:|1788310829\n|move|p1b: Floette|Moonblast|p2a: Charizard\n|-resisted|p2a: Charizard|1\n|-damage|p2a: Charizard|59/100 slp\n|move|p1a: Garchomp|Rock Slide|p2a: Charizard\n|-supereffective|p2a: Charizard|2\n|-damage|p2a: Charizard|0 fnt\n|faint|p2a: Charizard\n|-damage|p1a: Garchomp|50/100g|[from] item: Life Orb\n|\n|win|SupaJello\n|l| csr not honse\n","uploadtime":1788310835,"views":"9","formatid":"gen9championsvgc2026regmb","rating":null,"private":0,"password":null}