{"id":"gen9championsvgc2026regmb-2674282570","format":"[Gen 9 Champions] VGC 2026 Reg M-B","players":["slimejrlegit","deinosuchuss"],"log":"|j|☆slimejrlegit\n|j|☆deinosuchuss\n|t:|1788331024\n|gametype|doubles\n|player|p1|slimejrlegit|brawly|1397\n|player|p2|deinosuchuss|101|1370\n|gen|9\n|tier|[Gen 9 Champions] VGC 2026 Reg M-B\n|rated|\n|rule|Species Clause: Limit one of each Pokémon\n|rule|Item Clause: Limit 1 of each item\n|clearpoke\n|poke|p1|Tsareena, L50, F, shiny|\n|poke|p1|Charizard, L50, M|\n|poke|p1|Garchomp, L50, F|\n|poke|p1|Sneasler, L50, F|\n|poke|p1|Whimsicott, L50, M|\n|poke|p1|Samurott-Hisui, L50, F|\n|poke|p2|Starmie, L50, shiny|\n|poke|p2|Sneasler, L50, F|\n|poke|p2|Hydreigon, L50, F|\n|poke|p2|Gholdengo, L50|\n|poke|p2|Arcanine-Hisui, L50, F|\n|poke|p2|Corviknight, L50, M, shiny|\n|teampreview|4\n|inactive|Battle timer is ON: inactive players will automatically lose when time's up. (requested by slimejrlegit)\n|\n|t:|1788331053\n|teamsize|p1|4\n|teamsize|p2|4\n|start\n|switch|p1a: Whimsicott|Whimsicott, L50, M|100/100\n|switch|p1b: Charizard|Charizard, L50, M|100/100\n|switch|p2a: Corviknight|Corviknight, L50, M, shiny|100/100\n|switch|p2b: Starmie|Starmie, L50, shiny|100/100\n|turn|1\n|\n|t:|1788331070\n|detailschange|p1b: Charizard|Charizard-Mega-Y, L50, M\n|-mega|p1b: Charizard|Charizard|Charizardite Y\n|-weather|SunnyDay|[from] ability: Drought|[of] p1b: Charizard\n|move|p2b: Starmie|Protect|p2b: Starmie\n|-singleturn|p2b: Starmie|Protect\n|move|p1a: Whimsicott|Tailwind|p1a: Whimsicott\n|-sidestart|p1: slimejrlegit|move: Tailwind\n|move|p1b: Charizard|Solar Beam||[still]\n|-prepare|p1b: Charizard|Solar Beam\n|-anim|p1b: Charizard|Solar Beam|p2b: Starmie\n|-activate|p2b: Starmie|move: Protect\n|move|p2a: Corviknight|Tailwind|p2a: Corviknight\n|-sidestart|p2: deinosuchuss|move: Tailwind\n|\n|-weather|SunnyDay|[upkeep]\n|upkeep\n|turn|2\n|\n|t:|1788331091\n|detailschange|p2b: Starmie|Starmie-Mega, L50, shiny\n|-mega|p2b: Starmie|Starmie|Starminite\n|move|p1a: Whimsicott|Encore|p2b: Starmie\n|-start|p2b: Starmie|Encore\n|move|p2b: Starmie|Protect||[still]\n|-fail|p2b: Starmie\n|move|p1b: Charizard|Flamethrower|p2a: Corviknight\n|-supereffective|p2a: Corviknight|1\n|-damage|p2a: Corviknight|0 fnt\n|faint|p2a: Corviknight\n|\n|-weather|SunnyDay|[upkeep]\n|upkeep\n|c|☆slimejrlegit|Gg\n|\n|t:|1788331107\n|switch|p2a: Sneasler|Sneasler, L50, F|100/100\n|turn|3\n|\n|t:|1788331114\n|switch|p2b: Hydreigon|Hydreigon, L50, F|100/100\n|switch|p1a: Tsareena|Tsareena, L50, F, shiny|100/100\n|move|p2a: Sneasler|Fake Out||[still]\n|cant|p1a: Tsareena|ability: Queenly Majesty|Fake Out|[of] p2a: Sneasler\n|move|p1b: Charizard|Heat Wave|p2a: Sneasler|[spread] p2a,p2b\n|-resisted|p2b: Hydreigon|1\n|-damage|p2a: Sneasler|6/100\n|-damage|p2b: Hydreigon|63/100\n|\n|-weather|SunnyDay|[upkeep]\n|upkeep\n|turn|4\n|\n|t:|1788331135\n|switch|p1a: Sneasler|Sneasler, L50, F|100/100\n|move|p1b: Charizard|Protect|p1b: Charizard\n|-singleturn|p1b: Charizard|Protect\n|move|p2b: Hydreigon|Draco Meteor|p1b: Charizard\n|-activate|p1b: Charizard|move: Protect\n|move|p2a: Sneasler|Dire Claw|p1a: Sneasler\n|-resisted|p1a: Sneasler|1\n|-damage|p1a: Sneasler|61/100\n|\n|-weather|SunnyDay|[upkeep]\n|-sideend|p1: slimejrlegit|move: Tailwind\n|-sideend|p2: deinosuchuss|move: Tailwind\n|upkeep\n|turn|5\n|inactive|deinosuchuss has 30 seconds left.\n|\n|t:|1788331160\n|switch|p1b: Whimsicott|Whimsicott, L50, M|100/100\n|move|p2a: Sneasler|Protect|p2a: Sneasler\n|-singleturn|p2a: Sneasler|Protect\n|move|p1a: Sneasler|Fake Out|p2a: Sneasler\n|-activate|p2a: Sneasler|move: Protect\n|move|p2b: Hydreigon|Draco Meteor|p1b: Whimsicott\n|-immune|p1b: Whimsicott\n|\n|-weather|none\n|upkeep\n|turn|6\n|inactive|deinosuchuss has 30 seconds left.\n|inactive|deinosuchuss has 20 seconds left.\n|l|☆deinosuchuss\n|inactive|deinosuchuss disconnected and has a minute to reconnect!\n|player|p2|\n|inactive|deinosuchuss has 15 seconds left.\n|c|☆slimejrlegit|Lmao\n|inactive|deinosuchuss has 10 seconds left.\n|inactive|deinosuchuss has 5 seconds left.\n|-message|deinosuchuss lost due to inactivity.\n|\n|win|slimejrlegit\n|raw|slimejrlegit's rating: 1397 &rarr; <strong>1414</strong><br />(+17 for winning)\n|raw|deinosuchuss's rating: 1348 &rarr; <strong>1331</strong><br />(-17 for losing)\n|l|☆slimejrlegit\n|player|p1|\n|j|☆slimejrlegit\n|player|p1|slimejrlegit|brawly|\n","uploadtime":1788331323,"views":"15","formatid":"gen9championsvgc2026regmb","rating":1331,"private":0,"password":null}