{"id":"gen9championsvgc2026regmbbo3-2674301586","format":"[Gen 9 Champions] VGC 2026 Reg M-B (Bo3)","players":["Joriot","kushida3416"],"log":"|j|☆Joriot\n|j|☆kushida3416\n|html|<table width=\"100%\"><tr><td align=\"left\">Joriot</td><td align=\"right\">kushida3416</tr><tr><td align=\"left\"><i class=\"fa fa-circle\"></i> <i class=\"fa fa-circle-o\"></i> </td><td align=\"right\"><i class=\"fa fa-circle-o\"></i> <i class=\"fa fa-circle\"></i> </tr></table>\n|uhtml|bestof|<h2><strong>Game 3</strong> of <a href=\"/game-bestof3-gen9championsvgc2026regmbbo3-2674299181\">a best-of-3</a></h2>\n|t:|1788335724\n|gametype|doubles\n|player|p1|Joriot|2|1270\n|player|p2|kushida3416|1|1163\n|gen|9\n|tier|[Gen 9 Champions] VGC 2026 Reg M-B (Bo3)\n|rated|\n|rule|Species Clause: Limit one of each Pokémon\n|rule|Item Clause: Limit 1 of each item\n|clearpoke\n|poke|p1|Ninetales-Alola, L50, F, shiny|\n|poke|p1|Incineroar, L50, M|\n|poke|p1|Dragonite, L50, M, shiny|\n|poke|p1|Sneasler, L50, F|\n|poke|p1|Gengar, L50, F, shiny|\n|poke|p1|Swampert, L50, M|\n|poke|p2|Froslass, L50, F|\n|poke|p2|Sneasler, L50, F|\n|poke|p2|Basculegion, L50, M|\n|poke|p2|Dragonite, L50, M|\n|poke|p2|Tsareena, L50, F|\n|poke|p2|Kingambit, L50, F|\n|teampreview|4\n|showteam|p1|Ninetales-Alola||ChoiceScarf|SnowWarning|Blizzard,FreezeDry,IcyWind,Encore|Timid||F|||50|]Incineroar||SitrusBerry|Intimidate|FlareBlitz,ThroatChop,FakeOut,PartingShot|Impish||M|||50|]Dragonite||LifeOrb|InnerFocus|DragonClaw,Superpower,ExtremeSpeed,Protect|Adamant||M|||50|]Sneasler||FocusSash|Unburden|CloseCombat,DireClaw,RockSlide,Protect|Adamant||F|||50|]Gengar||Gengarite|CursedBody|SludgeBomb,ShadowBall,Substitute,Protect|Timid||F|||50|]Swampert||Leftovers|Torrent|HighHorsepower,FlipTurn,Yawn,Protect|Relaxed||M|||50|\n|showteam|p2|Froslass||Froslassite|CursedBody|Blizzard,ShadowBall,AuroraVeil,Protect|Modest||F|||50|]Sneasler||FocusSash|Unburden|FakeOut,CloseCombat,DireClaw,Feint|Jolly||F|||50|]Basculegion||MysticWater|Adaptability|WaveCrash,AquaJet,LastRespects,Protect|Adamant||M|||50|]Dragonite||Dragoninite|Multiscale|DragonPulse,HeatWave,Tailwind,Protect|Modest||M|||50|]Tsareena||LifeOrb|QueenlyMajesty|TropKick,LowKick,TripleAxel,Protect|Adamant||F|||50|]Kingambit||ChopleBerry|Defiant|KowtowCleave,SuckerPunch,IronHead,LowKick|Adamant||F|||50|\n|inactive|Battle timer is ON: inactive players will automatically lose when time's up. (requested by kushida3416)\n|\n|t:|1788335758\n|teamsize|p1|4\n|teamsize|p2|4\n|start\n|switch|p1a: Ninetales|Ninetales-Alola, L50, F, shiny|100/100\n|switch|p1b: Sneasler|Sneasler, L50, F|100/100\n|switch|p2a: Kingambit|Kingambit, L50, F|100/100\n|switch|p2b: Sneasler|Sneasler, L50, F|100/100\n|-weather|Snowscape|[from] ability: Snow Warning|[of] p1a: Ninetales\n|turn|1\n|inactive|Joriot has 30 seconds left.\n|\n|t:|1788335785\n|move|p2b: Sneasler|Fake Out|p1b: Sneasler\n|-damage|p1b: Sneasler|76/100\n|move|p1a: Ninetales|Encore|p2b: Sneasler\n|-start|p2b: Sneasler|Encore\n|cant|p1b: Sneasler|flinch\n|move|p2a: Kingambit|Iron Head|p1a: Ninetales\n|-supereffective|p1a: Ninetales|2\n|-damage|p1a: Ninetales|0 fnt\n|faint|p1a: Ninetales\n|\n|-weather|Snowscape|[upkeep]\n|upkeep\n|\n|t:|1788335799\n|switch|p1a: Gengar|Gengar, L50, F, shiny|100/100\n|turn|2\n|\n|t:|1788335811\n|switch|p2b: Basculegion|Basculegion, L50, M|100/100\n|detailschange|p1a: Gengar|Gengar-Mega, L50, F, shiny\n|-mega|p1a: Gengar|Gengar|Gengarite\n|move|p2a: Kingambit|Sucker Punch||[still]\n|-fail|p2a: Kingambit\n|move|p1a: Gengar|Substitute|p1a: Gengar\n|-start|p1a: Gengar|Substitute\n|-damage|p1a: Gengar|75/100\n|move|p1b: Sneasler|Close Combat|p2a: Kingambit\n|-supereffective|p2a: Kingambit|2\n|-enditem|p2a: Kingambit|Chople Berry|[eat]\n|-enditem|p2a: Kingambit|Chople Berry|[weaken]\n|-damage|p2a: Kingambit|1/100\n|-unboost|p1b: Sneasler|def|1\n|-unboost|p1b: Sneasler|spd|1\n|\n|-weather|Snowscape|[upkeep]\n|upkeep\n|turn|3\n|\n|t:|1788335833\n|switch|p1b: Incineroar|Incineroar, L50, M|100/100\n|-ability|p1b: Incineroar|Intimidate|boost\n|-unboost|p2a: Kingambit|atk|1\n|-ability|p2a: Kingambit|Defiant|boost\n|-boost|p2a: Kingambit|atk|2\n|-unboost|p2b: Basculegion|atk|1\n|move|p1a: Gengar|Protect|p1a: Gengar\n|-singleturn|p1a: Gengar|Protect\n|move|p2a: Kingambit|Sucker Punch||[still]\n|-fail|p2a: Kingambit\n|move|p2b: Basculegion|Wave Crash|p1b: Incineroar\n|-supereffective|p1b: Incineroar|1\n|-damage|p1b: Incineroar|6/100\n|-enditem|p1b: Incineroar|Sitrus Berry|[eat]\n|-heal|p1b: Incineroar|31/100|[from] item: Sitrus Berry\n|-damage|p2b: Basculegion|70/100|[from] Recoil\n|\n|-weather|Snowscape|[upkeep]\n|upkeep\n|turn|4\n|inactive|kushida3416 has 30 seconds left.\n|\n|t:|1788335859\n|move|p2b: Basculegion|Protect|p2b: Basculegion\n|-singleturn|p2b: Basculegion|Protect\n|move|p1b: Incineroar|Fake Out|p2a: Kingambit\n|-resisted|p2a: Kingambit|1\n|-damage|p2a: Kingambit|0 fnt\n|faint|p2a: Kingambit\n|move|p1a: Gengar|Shadow Ball|p2b: Basculegion\n|-activate|p2b: Basculegion|move: Protect\n|\n|-weather|Snowscape|[upkeep]\n|upkeep\n|\n|t:|1788335865\n|switch|p2a: Froslass|Froslass, L50, F|100/100\n|turn|5\n|inactive|Joriot has 30 seconds left.\n|\n|t:|1788335892\n|detailschange|p2a: Froslass|Froslass-Mega, L50, F\n|-mega|p2a: Froslass|Froslass|Froslassite\n|move|p1a: Gengar|Shadow Ball|p2b: Basculegion\n|-supereffective|p2b: Basculegion|1\n|-damage|p2b: Basculegion|0 fnt\n|faint|p2b: Basculegion\n|move|p2a: Froslass|Blizzard|p1b: Incineroar|[spread] p1a,p1b\n|-end|p1a: Gengar|Substitute\n|-resisted|p1b: Incineroar|1\n|-damage|p1b: Incineroar|10/100\n|move|p1b: Incineroar|Throat Chop|p2a: Froslass\n|-supereffective|p2a: Froslass|1\n|-damage|p2a: Froslass|37/100\n|-start|p2a: Froslass|Throat Chop|[silent]\n|\n|-weather|none\n|upkeep\n|\n|t:|1788335901\n|switch|p2b: Sneasler|Sneasler, L50, F|100/100\n|turn|6\n|\n|t:|1788335919\n|move|p2a: Froslass|Protect|p2a: Froslass\n|-singleturn|p2a: Froslass|Protect\n|move|p1a: Gengar|Shadow Ball|p2a: Froslass\n|-activate|p2a: Froslass|move: Protect\n|move|p2b: Sneasler|Dire Claw|p1a: Gengar\n|-resisted|p1a: Gengar|2\n|-damage|p1a: Gengar|62/100\n|move|p1b: Incineroar|Parting Shot|p2b: Sneasler\n|-unboost|p2b: Sneasler|atk|1\n|-unboost|p2b: Sneasler|spa|1\n|\n|t:|1788335928\n|switch|p1b: Sneasler|Sneasler, L50, F|76/100|[from] Parting Shot\n|\n|-end|p2a: Froslass|Throat Chop|[silent]\n|upkeep\n|turn|7\n|-message|kushida3416 forfeited.\n|raw|Joriot's rating: 1270 &rarr; <strong>1288</strong><br />(+18 for winning)\n|raw|kushida3416's rating: 1163 &rarr; <strong>1145</strong><br />(-18 for losing)\n|\n|win|Joriot\n|l|☆kushida3416\n|player|p2|\n","uploadtime":1788335949,"views":"1","formatid":"gen9championsvgc2026regmbbo3","rating":1145,"private":0,"password":null}