{"id":"gen9championsvgc2026regmbbo3-2675028410","format":"[Gen 9 Champions] VGC 2026 Reg M-B (Bo3)","players":["humania1","dynopin15"],"log":"|j|☆humania1\n|j|☆dynopin15\n|html|<table width=\"100%\"><tr><td align=\"left\">humania1</td><td align=\"right\">dynopin15</tr><tr><td align=\"left\"><i class=\"fa fa-circle-o\"></i> <i class=\"fa fa-circle-o\"></i> </td><td align=\"right\"><i class=\"fa fa-circle-o\"></i> <i class=\"fa fa-circle\"></i> </tr></table>\n|uhtml|bestof|<h2><strong>Game 2</strong> of <a href=\"/game-bestof3-gen9championsvgc2026regmbbo3-2675026979\">a best-of-3</a></h2>\n|t:|1788450474\n|gametype|doubles\n|player|p1|humania1|265|1061\n|player|p2|dynopin15|ghetsis|1025\n|gen|9\n|tier|[Gen 9 Champions] VGC 2026 Reg M-B (Bo3)\n|rated|\n|rule|Species Clause: Limit one of each Pokémon\n|rule|Item Clause: Limit 1 of each item\n|clearpoke\n|poke|p1|Charizard, L50, F|\n|poke|p1|Whimsicott, L50, F|\n|poke|p1|Basculegion, L50, M|\n|poke|p1|Farigiraf, L50, M|\n|poke|p1|Kangaskhan, L50, F|\n|poke|p1|Sneasler, L50, F|\n|poke|p2|Tyranitar, L50, M|\n|poke|p2|Excadrill, L50, F|\n|poke|p2|Milotic, L50, F|\n|poke|p2|Sinistcha, L50|\n|poke|p2|Staraptor, L50, M|\n|poke|p2|Gholdengo, L50|\n|teampreview|4\n|showteam|p1|Charizard||CharizarditeY|SolarPower|WeatherBall,HeatWave,SolarBeam,Protect|Timid||F|||50|]Whimsicott||FocusSash|Prankster|Moonblast,Tailwind,SunnyDay,Encore|Timid||F|||50|]Basculegion||ChoiceScarf|Adaptability|WaveCrash,AquaJet,LastRespects,FlipTurn|Adamant||M|||50|]Farigiraf||SitrusBerry|ArmorTail|Psychic,HyperVoice,HelpingHand,TrickRoom|Modest||M|||50|]Kangaskhan||Kangaskhanite|Scrappy|FakeOut,DoubleEdge,DrainPunch,SuckerPunch|Adamant||F|||50|]Sneasler||WhiteHerb|Unburden|FakeOut,CloseCombat,DireClaw,RockTomb|Adamant||F|||50|\n|showteam|p2|Tyranitar||Tyranitarite|SandStream|RockSlide,KnockOff,HighHorsepower,Protect|Jolly||M|||50|]Excadrill||FocusSash|SandRush|IronHead,HighHorsepower,RockSlide,Protect|Jolly||F|||50|]Milotic||SitrusBerry|Competitive|Scald,IceBeam,IcyWind,Protect|Calm||F|||50|]Sinistcha||ColburBerry|Hospitality|MatchaGotcha,TrickRoom,Protect,RagePowder|Bold|||||50|]Staraptor||Staraptite|Intimidate|CloseCombat,BraveBird,Tailwind,Protect|Jolly||M|||50|]Gholdengo||LifeOrb|GoodasGold|ShadowBall,MakeItRain,NastyPlot,Protect|Modest|||||50|\n|inactive|Battle timer is ON: inactive players will automatically lose when time's up. (requested by humania1)\n|inactive|dynopin15 also wants the timer to be on.\n|inactive|dynopin15 has 60 seconds left.\n|\n|t:|1788450516\n|teamsize|p1|4\n|teamsize|p2|4\n|start\n|switch|p1a: Charizard|Charizard, L50, F|100/100\n|switch|p1b: Basculegion|Basculegion, L50, M|100/100\n|switch|p2a: Staraptor|Staraptor, L50, M|100/100\n|switch|p2b: Sinistcha|Sinistcha, L50|100/100\n|-ability|p2a: Staraptor|Intimidate|boost\n|-unboost|p1a: Charizard|atk|1\n|-unboost|p1b: Basculegion|atk|1\n|turn|1\n|inactive|dynopin15 has 30 seconds left.\n|\n|t:|1788450551\n|detailschange|p1a: Charizard|Charizard-Mega-Y, L50, F\n|-mega|p1a: Charizard|Charizard|Charizardite Y\n|-weather|SunnyDay|[from] ability: Drought|[of] p1a: Charizard\n|move|p2b: Sinistcha|Protect|p2b: Sinistcha\n|-singleturn|p2b: Sinistcha|Protect\n|move|p1b: Basculegion|Wave Crash|p2a: Staraptor\n|-damage|p2a: Staraptor|65/100\n|-damage|p1b: Basculegion|88/100|[from] Recoil\n|move|p1a: Charizard|Heat Wave|p2a: Staraptor|[spread] p2a\n|-activate|p2b: Sinistcha|move: Protect\n|-damage|p2a: Staraptor|0 fnt\n|faint|p2a: Staraptor\n|\n|-weather|SunnyDay|[upkeep]\n|upkeep\n|\n|t:|1788450564\n|switch|p2a: Tyranitar|Tyranitar, L50, M|100/100\n|-weather|Sandstorm|[from] ability: Sand Stream|[of] p2a: Tyranitar\n|turn|2\n|\n|t:|1788450583\n|detailschange|p2a: Tyranitar|Tyranitar-Mega, L50, M\n|-mega|p2a: Tyranitar|Tyranitar|Tyranitarite\n|move|p2a: Tyranitar|Protect|p2a: Tyranitar\n|-singleturn|p2a: Tyranitar|Protect\n|move|p1b: Basculegion|Wave Crash|p2a: Tyranitar\n|-activate|p2a: Tyranitar|move: Protect\n|move|p1a: Charizard|Weather Ball|p2a: Tyranitar\n|-activate|p2a: Tyranitar|move: Protect\n|move|p2b: Sinistcha|Trick Room|p2b: Sinistcha\n|-fieldstart|move: Trick Room|[of] p2b: Sinistcha\n|\n|-weather|Sandstorm|[upkeep]\n|-damage|p2b: Sinistcha|94/100|[from] Sandstorm\n|-damage|p1a: Charizard|94/100|[from] Sandstorm\n|-damage|p1b: Basculegion|82/100|[from] Sandstorm\n|upkeep\n|turn|3\n|\n|t:|1788450605\n|move|p2b: Sinistcha|Matcha Gotcha|p1b: Basculegion|[spread] p1a,p1b\n|-resisted|p1a: Charizard|2\n|-supereffective|p1b: Basculegion|1\n|-damage|p1a: Charizard|88/100\n|-heal|p2b: Sinistcha|97/100|[from] drain|[of] p1a: Charizard\n|-damage|p1b: Basculegion|24/100\n|-heal|p2b: Sinistcha|100/100|[from] drain|[of] p1b: Basculegion\n|move|p2a: Tyranitar|Knock Off|p1b: Basculegion\n|-supereffective|p1b: Basculegion|1\n|-damage|p1b: Basculegion|0 fnt\n|-enditem|p1b: Basculegion|Choice Scarf|[from] move: Knock Off|[of] p2a: Tyranitar\n|faint|p1b: Basculegion\n|move|p1a: Charizard|Weather Ball|p2a: Tyranitar\n|-damage|p2a: Tyranitar|78/100\n|\n|-weather|Sandstorm|[upkeep]\n|-damage|p2b: Sinistcha|94/100|[from] Sandstorm\n|-damage|p1a: Charizard|82/100|[from] Sandstorm\n|upkeep\n|\n|t:|1788450605\n|switch|p1b: Whimsicott|Whimsicott, L50, F|100/100\n|turn|4\n|\n|t:|1788450627\n|move|p2b: Sinistcha|Matcha Gotcha|p1a: Charizard|[spread] p1a,p1b\n|-resisted|p1a: Charizard|2\n|-resisted|p1b: Whimsicott|1\n|-damage|p1a: Charizard|77/100\n|-heal|p2b: Sinistcha|96/100|[from] drain|[of] p1a: Charizard\n|-damage|p1b: Whimsicott|78/100\n|-heal|p2b: Sinistcha|100/100|[from] drain|[of] p1b: Whimsicott\n|-status|p1b: Whimsicott|brn\n|move|p2a: Tyranitar|Rock Slide|p1b: Whimsicott|[spread] p1a,p1b\n|-supereffective|p1a: Charizard|2\n|-damage|p1a: Charizard|0 fnt\n|-damage|p1b: Whimsicott|27/100 brn\n|faint|p1a: Charizard\n|move|p1b: Whimsicott|Moonblast|p2a: Tyranitar\n|-supereffective|p2a: Tyranitar|1\n|-damage|p2a: Tyranitar|42/100\n|\n|-weather|Sandstorm|[upkeep]\n|-damage|p2b: Sinistcha|94/100|[from] Sandstorm\n|-damage|p1b: Whimsicott|21/100 brn|[from] Sandstorm\n|-damage|p1b: Whimsicott|16/100 brn|[from] brn\n|upkeep\n|\n|t:|1788450627\n|switch|p1a: Farigiraf|Farigiraf, L50, M|100/100\n|turn|5\n|inactive|dynopin15 has 30 seconds left.\n|\n|t:|1788450654\n|move|p1a: Farigiraf|Psychic|p2b: Sinistcha\n|-damage|p2b: Sinistcha|52/100\n|-unboost|p2b: Sinistcha|spd|1\n|move|p2b: Sinistcha|Matcha Gotcha|p1a: Farigiraf|[spread] p1a\n|-miss|p2b: Sinistcha|p1b: Whimsicott\n|-damage|p1a: Farigiraf|76/100\n|-heal|p2b: Sinistcha|68/100|[from] drain|[of] p1a: Farigiraf\n|move|p2a: Tyranitar|Rock Slide|p1a: Farigiraf|[spread] p1b\n|-miss|p2a: Tyranitar|p1a: Farigiraf\n|-damage|p1b: Whimsicott|0 fnt\n|faint|p1b: Whimsicott\n|\n|-weather|Sandstorm|[upkeep]\n|-damage|p1a: Farigiraf|69/100|[from] Sandstorm\n|-damage|p2b: Sinistcha|62/100|[from] Sandstorm\n|upkeep\n|turn|6\n|\n|t:|1788450670\n|move|p1a: Farigiraf|Psychic|p2b: Sinistcha\n|-damage|p2b: Sinistcha|4/100\n|move|p2b: Sinistcha|Matcha Gotcha|p1a: Farigiraf\n|-crit|p1a: Farigiraf\n|-damage|p1a: Farigiraf|24/100\n|-heal|p2b: Sinistcha|33/100|[from] drain|[of] p1a: Farigiraf\n|-enditem|p1a: Farigiraf|Sitrus Berry|[eat]\n|-heal|p1a: Farigiraf|49/100|[from] item: Sitrus Berry\n|move|p2a: Tyranitar|Knock Off|p1a: Farigiraf\n|-supereffective|p1a: Farigiraf|1\n|-crit|p1a: Farigiraf\n|-damage|p1a: Farigiraf|0 fnt\n|faint|p1a: Farigiraf\n|\n|win|dynopin15\n|raw|humania1's rating: 1061 &rarr; <strong>1040</strong><br />(-21 for losing)\n|raw|dynopin15's rating: 1025 &rarr; <strong>1065</strong><br />(+40 for winning)\n","uploadtime":1788450670,"views":"1","formatid":"gen9championsvgc2026regmbbo3","rating":1040,"private":0,"password":null}