{"id":"gen9championsvgc2026regmb-2674391854","format":"[Gen 9 Champions] VGC 2026 Reg M-B","players":["macetwo","ky123456"],"log":"|j|☆macetwo\n|j|☆ky123456\n|t:|1788353850\n|gametype|doubles\n|player|p1|macetwo|102|1678\n|player|p2|ky123456|cynthia-gen4|1677\n|gen|9\n|tier|[Gen 9 Champions] VGC 2026 Reg M-B\n|rated|\n|rule|Species Clause: Limit one of each Pokémon\n|rule|Item Clause: Limit 1 of each item\n|clearpoke\n|poke|p1|Staraptor, L50, F, shiny|\n|poke|p1|Garchomp, L50, M, shiny|\n|poke|p1|Whimsicott, L50, M|\n|poke|p1|Delphox, L50, M, shiny|\n|poke|p1|Glimmora, L50, F|\n|poke|p1|Kingambit, L50, F|\n|poke|p2|Froslass, L50, F|\n|poke|p2|Basculegion, L50, M|\n|poke|p2|Kingambit, L50, F|\n|poke|p2|Sneasler, L50, M|\n|poke|p2|Lycanroc-Dusk, L50, F|\n|poke|p2|Scovillain, L50, M|\n|teampreview|4\n|\n|t:|1788353913\n|teamsize|p1|4\n|teamsize|p2|4\n|start\n|switch|p1a: Whimsicott|Whimsicott, L50, M|100/100\n|switch|p1b: Glimmora|Glimmora, L50, F|100/100\n|switch|p2a: Basculegion|Basculegion, L50, M|100/100\n|switch|p2b: Sneasler|Sneasler, L50, M|100/100\n|turn|1\n|inactive|Battle timer is ON: inactive players will automatically lose when time's up. (requested by macetwo)\n|\n|t:|1788353971\n|move|p1b: Glimmora|Spiky Shield|p1b: Glimmora\n|-singleturn|p1b: Glimmora|move: Protect\n|move|p1a: Whimsicott|Tailwind|p1a: Whimsicott\n|-sidestart|p1: macetwo|move: Tailwind\n|move|p2b: Sneasler|Close Combat|p1a: Whimsicott\n|-resisted|p1a: Whimsicott|1\n|-damage|p1a: Whimsicott|61/100\n|-unboost|p2b: Sneasler|def|1\n|-unboost|p2b: Sneasler|spd|1\n|-enditem|p2b: Sneasler|White Herb\n|-clearnegativeboost|p2b: Sneasler|[silent]\n|move|p2a: Basculegion|Last Respects|p1a: Whimsicott\n|-damage|p1a: Whimsicott|19/100\n|\n|upkeep\n|turn|2\n|inactive|macetwo has 30 seconds left.\n|inactive|ky123456 has 30 seconds left.\n|inactive|macetwo has 20 seconds left.\n|inactive|macetwo has 15 seconds left.\n|inactive|macetwo has 10 seconds left.\n|inactive|ky123456 has 20 seconds left.\n|\n|t:|1788354017\n|move|p1a: Whimsicott|Charm|p2a: Basculegion\n|-unboost|p2a: Basculegion|atk|2\n|move|p2b: Sneasler|Close Combat|p1a: Whimsicott\n|-resisted|p1a: Whimsicott|1\n|-damage|p1a: Whimsicott|0 fnt\n|-unboost|p2b: Sneasler|def|1\n|-unboost|p2b: Sneasler|spd|1\n|faint|p1a: Whimsicott\n|move|p1b: Glimmora|Earth Power|p2b: Sneasler\n|-supereffective|p2b: Sneasler|1\n|-damage|p2b: Sneasler|0 fnt\n|faint|p2b: Sneasler\n|move|p2a: Basculegion|Last Respects|p1b: Glimmora\n|-damage|p1b: Glimmora|58/100\n|-activate|p1b: Glimmora|ability: Toxic Debris\n|-sidestart|p2: ky123456|move: Toxic Spikes\n|\n|upkeep\n|\n|t:|1788354037\n|switch|p2b: Lycanroc|Lycanroc-Dusk, L50, F|100/100\n|switch|p1a: Garchomp|Garchomp, L50, M, shiny|100/100\n|-status|p2b: Lycanroc|psn\n|turn|3\n|\n|t:|1788354061\n|move|p1b: Glimmora|Spiky Shield|p1b: Glimmora\n|-singleturn|p1b: Glimmora|move: Protect\n|move|p2a: Basculegion|Aqua Jet|p1b: Glimmora\n|-activate|p1b: Glimmora|move: Protect\n|-damage|p2a: Basculegion|87/100|[from] Spiky Shield|[of] p1b: Glimmora\n|move|p1a: Garchomp|Earthquake|p2a: Basculegion|[spread] p2a,p2b\n|-activate|p1b: Glimmora|move: Protect\n|-supereffective|p2b: Lycanroc|1\n|-damage|p2a: Basculegion|29/100\n|-enditem|p2b: Lycanroc|Focus Sash\n|-damage|p2b: Lycanroc|1/100 psn\n|-damage|p1a: Garchomp|90/100|[from] item: Life Orb\n|move|p2b: Lycanroc|Close Combat|p1a: Garchomp\n|-damage|p1a: Garchomp|36/100\n|-unboost|p2b: Lycanroc|def|1\n|-unboost|p2b: Lycanroc|spd|1\n|-damage|p2b: Lycanroc|0 fnt|[from] ability: Rough Skin|[of] p1a: Garchomp\n|faint|p2b: Lycanroc\n|\n|upkeep\n|\n|t:|1788354074\n|switch|p2b: Froslass|Froslass, L50, F|100/100\n|-status|p2b: Froslass|psn\n|turn|4\n|inactive|macetwo has 30 seconds left.\n|\n|t:|1788354108\n|move|p2b: Froslass|Protect|p2b: Froslass\n|-singleturn|p2b: Froslass|Protect\n|move|p2a: Basculegion|Protect|p2a: Basculegion\n|-singleturn|p2a: Basculegion|Protect\n|move|p1a: Garchomp|Rock Slide|p2a: Basculegion|[spread] \n|-activate|p2a: Basculegion|move: Protect\n|-activate|p2b: Froslass|move: Protect\n|move|p1b: Glimmora|Power Gem|p2a: Basculegion\n|-activate|p2a: Basculegion|move: Protect\n|\n|-damage|p2b: Froslass|87/100 psn|[from] psn\n|-sideend|p1: macetwo|move: Tailwind\n|upkeep\n|turn|5\n|inactive|macetwo has 30 seconds left.\n|\n|t:|1788354134\n|detailschange|p2b: Froslass|Froslass-Mega, L50, F\n|-mega|p2b: Froslass|Froslass|Froslassite\n|-weather|Snowscape|[from] ability: Snow Warning|[of] p2b: Froslass\n|move|p1a: Garchomp|Protect|p1a: Garchomp\n|-singleturn|p1a: Garchomp|Protect\n|move|p1b: Glimmora|Spiky Shield|p1b: Glimmora\n|-singleturn|p1b: Glimmora|move: Protect\n|move|p2b: Froslass|Blizzard|p1a: Garchomp|[spread] \n|-activate|p1a: Garchomp|move: Protect\n|-activate|p1b: Glimmora|move: Protect\n|move|p2a: Basculegion|Last Respects|p1b: Glimmora\n|-activate|p1b: Glimmora|move: Protect\n|\n|-weather|Snowscape|[upkeep]\n|-damage|p2b: Froslass|75/100 psn|[from] psn\n|upkeep\n|turn|6\n|inactive|macetwo has 30 seconds left.\n|inactive|macetwo has 20 seconds left.\n|\n|t:|1788354172\n|move|p2a: Basculegion|Aqua Jet|p1b: Glimmora\n|-supereffective|p1b: Glimmora|1\n|-damage|p1b: Glimmora|18/100\n|-activate|p1b: Glimmora|ability: Toxic Debris\n|-sidestart|p2: ky123456|move: Toxic Spikes\n|move|p2b: Froslass|Blizzard|p1a: Garchomp|[spread] p1a,p1b\n|-supereffective|p1a: Garchomp|2\n|-crit|p1b: Glimmora\n|-damage|p1a: Garchomp|0 fnt\n|-damage|p1b: Glimmora|0 fnt\n|faint|p1a: Garchomp\n|faint|p1b: Glimmora\n|\n|-weather|Snowscape|[upkeep]\n|-damage|p2b: Froslass|63/100 psn|[from] psn\n|upkeep\n|inactive|macetwo has 30 seconds left.\n|\n|t:|1788354201\n|switch|p1b: Delphox|Delphox, L50, M, shiny|100/100\n|turn|7\n|inactive|ky123456 has 30 seconds left.\n|inactive|ky123456 has 20 seconds left.\n|inactive|ky123456 has 15 seconds left.\n|inactive|ky123456 has 10 seconds left.\n|\n|t:|1788354249\n|detailschange|p1b: Delphox|Delphox-Mega, L50, M, shiny\n|-mega|p1b: Delphox|Delphox|Delphoxite\n|move|p1b: Delphox|Heat Wave|p2b: Froslass|[spread] \n|-miss|p1b: Delphox|p2a: Basculegion\n|-miss|p1b: Delphox|p2b: Froslass\n|move|p2b: Froslass|Shadow Ball|p1b: Delphox\n|-supereffective|p1b: Delphox|1\n|-damage|p1b: Delphox|25/100\n|move|p2a: Basculegion|Last Respects|p1b: Delphox\n|-supereffective|p1b: Delphox|1\n|-damage|p1b: Delphox|0 fnt\n|faint|p1b: Delphox\n|\n|win|ky123456\n|raw|macetwo's rating: 1678 &rarr; <strong>1658</strong><br />(-20 for losing)\n|raw|ky123456's rating: 1677 &rarr; <strong>1697</strong><br />(+20 for winning)\n|c|☆macetwo|Classic\n|l|☆ky123456\n|player|p2|\n","uploadtime":1788354275,"views":"13","formatid":"gen9championsvgc2026regmb","rating":1658,"private":0,"password":null}