{"id":"gen9championsvgc2026regmb-2674136945","format":"[Gen 9 Champions] VGC 2026 Reg M-B","players":["Gadrongo","HondourPoker"],"log":"|j|☆Gadrongo\n|j|☆HondourPoker\n|t:|1788304581\n|gametype|doubles\n|player|p1|Gadrongo|n|\n|player|p2|HondourPoker|170|\n|gen|9\n|tier|[Gen 9 Champions] VGC 2026 Reg M-B\n|rule|Species Clause: Limit one of each Pokémon\n|rule|Item Clause: Limit 1 of each item\n|clearpoke\n|poke|p1|Floette-Eternal, L50, F|\n|poke|p1|Gyarados, L50, F|\n|poke|p1|Corviknight, L50, M, shiny|\n|poke|p1|Sinistcha, L50|\n|poke|p1|Mamoswine, L50, M|\n|poke|p1|Meowstic, L50, M|\n|poke|p2|Sableye, L50, F|\n|poke|p2|Gengar, L50, M|\n|poke|p2|Dragapult, L50, M|\n|poke|p2|Tinkaton, L50, F|\n|poke|p2|Incineroar, L50, M|\n|poke|p2|Primarina, L50, F|\n|teampreview|4\n|\n|t:|1788304624\n|teamsize|p1|4\n|teamsize|p2|4\n|start\n|switch|p1a: Rogue|Meowstic, L50, M|100/100\n|switch|p1b: Iceman|Mamoswine, L50, M|100/100\n|switch|p2a: Tinkaton|Tinkaton, L50, F|100/100\n|switch|p2b: Gengar|Gengar, L50, M|100/100\n|-ability|p2a: Tinkaton|Mold Breaker\n|turn|1\n|\n|t:|1788304664\n|detailschange|p2b: Gengar|Gengar-Mega, L50, M\n|-mega|p2b: Gengar|Gengar|Gengarite\n|move|p1a: Rogue|Protect|p1a: Rogue\n|-singleturn|p1a: Rogue|Protect\n|move|p2a: Tinkaton|Fake Out|p1b: Iceman\n|-damage|p1b: Iceman|91/100\n|move|p2b: Gengar|Perish Song|p2b: Gengar\n|-start|p1a: Rogue|perish3|[silent]\n|-start|p1b: Iceman|perish3|[silent]\n|-start|p2a: Tinkaton|perish3|[silent]\n|-start|p2b: Gengar|perish3|[silent]\n|-fieldactivate|move: Perish Song\n|cant|p1b: Iceman|flinch\n|\n|-start|p2b: Gengar|perish3\n|-start|p1b: Iceman|perish3\n|-start|p2a: Tinkaton|perish3\n|-start|p1a: Rogue|perish3\n|upkeep\n|turn|2\n|\n|t:|1788304711\n|switch|p2a: Incineroar|Incineroar, L50, M|100/100\n|-ability|p2a: Incineroar|Intimidate|boost\n|-unboost|p1a: Rogue|atk|1\n|-fail|p1b: Iceman|unboost|atk|[from] ability: Oblivious|[of] p1b: Iceman\n|move|p2b: Gengar|Protect|p2b: Gengar\n|-singleturn|p2b: Gengar|Protect\n|move|p1a: Rogue|Light Screen|p1a: Rogue\n|-sidestart|p1: Gadrongo|move: Light Screen\n|move|p1b: Iceman|Earthquake|p2a: Incineroar|[spread] p1a,p2a\n|-activate|p2b: Gengar|move: Protect\n|-supereffective|p2a: Incineroar|1\n|-damage|p1a: Rogue|56/100\n|-damage|p2a: Incineroar|34/100\n|-enditem|p2a: Incineroar|Sitrus Berry|[eat]\n|-heal|p2a: Incineroar|59/100|[from] item: Sitrus Berry\n|\n|-start|p2b: Gengar|perish2\n|-start|p1b: Iceman|perish2\n|-start|p1a: Rogue|perish2\n|upkeep\n|turn|3\n|\n|t:|1788304733\n|switch|p2b: Primarina|Primarina, L50, F|100/100\n|move|p1a: Rogue|Protect|p1a: Rogue\n|-singleturn|p1a: Rogue|Protect\n|move|p1b: Iceman|Earthquake|p2a: Incineroar|[spread] p2a,p2b\n|-activate|p1a: Rogue|move: Protect\n|-supereffective|p2a: Incineroar|1\n|-damage|p2a: Incineroar|0 fnt\n|-damage|p2b: Primarina|64/100\n|faint|p2a: Incineroar\n|\n|-heal|p2b: Primarina|70/100|[from] item: Leftovers\n|-start|p1b: Iceman|perish1\n|-start|p1a: Rogue|perish1\n|upkeep\n|\n|t:|1788304746\n|switch|p2a: Gengar|Gengar-Mega, L50, M|100/100\n|turn|4\n|\n|t:|1788304754\n|move|p2a: Gengar|Protect|p2a: Gengar\n|-singleturn|p2a: Gengar|Protect\n|move|p2b: Primarina|Protect|p2b: Primarina\n|-singleturn|p2b: Primarina|Protect\n|move|p1a: Rogue|Reflect|p1a: Rogue\n|-sidestart|p1: Gadrongo|Reflect\n|move|p1b: Iceman|Earthquake|p2a: Gengar|[spread] p1a\n|-activate|p2a: Gengar|move: Protect\n|-activate|p2b: Primarina|move: Protect\n|-damage|p1a: Rogue|22/100\n|\n|-heal|p2b: Primarina|75/100|[from] item: Leftovers\n|-start|p1b: Iceman|perish0\n|-start|p1a: Rogue|perish0\n|faint|p1b: Iceman\n|faint|p1a: Rogue\n|upkeep\n|\n|t:|1788304770\n|switch|p1b: Beast|Gyarados, L50, F|100/100\n|switch|p1a: Cyclops|Floette-Eternal, L50, F|100/100\n|-ability|p1b: Beast|Intimidate|boost\n|-unboost|p2a: Gengar|atk|1\n|-unboost|p2b: Primarina|atk|1\n|turn|5\n|\n|t:|1788304803\n|switch|p2b: Tinkaton|Tinkaton, L50, F|100/100\n|-ability|p2b: Tinkaton|Mold Breaker\n|detailschange|p1b: Beast|Gyarados-Mega, L50, F\n|-mega|p1b: Beast|Gyarados|Gyaradosite\n|-ability|p1b: Beast|Mold Breaker\n|move|p1a: Cyclops|Protect|p1a: Cyclops\n|-singleturn|p1a: Cyclops|Protect\n|move|p2a: Gengar|Perish Song|p2a: Gengar\n|-start|p1a: Cyclops|perish3|[silent]\n|-start|p1b: Beast|perish3|[silent]\n|-start|p2a: Gengar|perish3|[silent]\n|-start|p2b: Tinkaton|perish3|[silent]\n|-fieldactivate|move: Perish Song\n|move|p1b: Beast|Crunch|p2a: Gengar\n|-supereffective|p2a: Gengar|1\n|-damage|p2a: Gengar|0 fnt\n|faint|p2a: Gengar\n|\n|-start|p2b: Tinkaton|perish3\n|-start|p1a: Cyclops|perish3\n|-start|p1b: Beast|perish3\n|upkeep\n|\n|t:|1788304812\n|switch|p2a: Primarina|Primarina, L50, F|75/100\n|turn|6\n|\n|t:|1788304837\n|move|p2b: Tinkaton|Protect|p2b: Tinkaton\n|-singleturn|p2b: Tinkaton|Protect\n|move|p2a: Primarina|Protect|p2a: Primarina\n|-singleturn|p2a: Primarina|Protect\n|move|p1a: Cyclops|Dazzling Gleam|p2a: Primarina|[spread] \n|-activate|p2a: Primarina|move: Protect\n|-activate|p2b: Tinkaton|move: Protect\n|move|p1b: Beast|Waterfall|p2b: Tinkaton\n|-activate|p2b: Tinkaton|move: Protect\n|\n|-heal|p2a: Primarina|81/100|[from] item: Leftovers\n|-start|p2b: Tinkaton|perish2\n|-start|p1a: Cyclops|perish2\n|-start|p1b: Beast|perish2\n|upkeep\n|turn|7\n|\n|t:|1788304868\n|move|p2b: Tinkaton|Encore|p1a: Cyclops\n|-start|p1a: Cyclops|Encore\n|move|p1a: Cyclops|Dazzling Gleam|p2b: Tinkaton|[spread] p2a,p2b\n|-resisted|p2b: Tinkaton|1\n|-damage|p2a: Primarina|55/100\n|-damage|p2b: Tinkaton|86/100\n|move|p1b: Beast|Waterfall|p2b: Tinkaton\n|-damage|p2b: Tinkaton|36/100\n|move|p2a: Primarina|Hyper Voice|p1a: Cyclops|[spread] p1a,p1b\n|-resisted|p1b: Beast|1\n|-damage|p1a: Cyclops|81/100\n|-damage|p1b: Beast|92/100\n|\n|-heal|p2a: Primarina|61/100|[from] item: Leftovers\n|-start|p2b: Tinkaton|perish1\n|-start|p1a: Cyclops|perish1\n|-start|p1b: Beast|perish1\n|upkeep\n|turn|8\n|\n|t:|1788304892\n|move|p2b: Tinkaton|Protect|p2b: Tinkaton\n|-singleturn|p2b: Tinkaton|Protect\n|move|p2a: Primarina|Protect|p2a: Primarina\n|-singleturn|p2a: Primarina|Protect\n|move|p1a: Cyclops|Dazzling Gleam|p2b: Tinkaton|[spread] \n|-activate|p2a: Primarina|move: Protect\n|-activate|p2b: Tinkaton|move: Protect\n|move|p1b: Beast|Waterfall|p2b: Tinkaton\n|-activate|p2b: Tinkaton|move: Protect\n|\n|-heal|p2a: Primarina|67/100|[from] item: Leftovers\n|-start|p2b: Tinkaton|perish0\n|-start|p1a: Cyclops|perish0\n|-start|p1b: Beast|perish0\n|faint|p2b: Tinkaton\n|faint|p1a: Cyclops\n|faint|p1b: Beast\n|\n|win|HondourPoker\n|l|☆Gadrongo\n|player|p1|\n","uploadtime":1788304899,"views":"0","formatid":"gen9championsvgc2026regmb","rating":null,"private":0,"password":null}