{"id":"gen9championsvgc2026regmbbo3-2674551249","format":"[Gen 9 Champions] VGC 2026 Reg M-B (Bo3)","players":["edenatwork","sqwrlyd00d"],"log":"|j|☆edenatwork\n|j|☆sqwrlyd00d\n|html|<table width=\"100%\"><tr><td align=\"left\">edenatwork</td><td align=\"right\">sqwrlyd00d</tr><tr><td align=\"left\"><i class=\"fa fa-circle-o\"></i> <i class=\"fa fa-circle-o\"></i> </td><td align=\"right\"><i class=\"fa fa-circle-o\"></i> <i class=\"fa fa-circle-o\"></i> </tr></table>\n|uhtml|bestof|<h2><strong>Game 1</strong> of <a href=\"/game-bestof3-gen9championsvgc2026regmbbo3-2674551248\">a best-of-3</a></h2>\n|t:|1788372981\n|gametype|doubles\n|player|p1|edenatwork|backersf|1204\n|player|p2|sqwrlyd00d|drayden|1221\n|gen|9\n|tier|[Gen 9 Champions] VGC 2026 Reg M-B (Bo3)\n|rated|\n|rule|Species Clause: Limit one of each Pokémon\n|rule|Item Clause: Limit 1 of each item\n|clearpoke\n|poke|p1|Charizard, L50, M|\n|poke|p1|Garchomp, L50, M|\n|poke|p1|Incineroar, L50, M|\n|poke|p1|Toxapex, L50, M|\n|poke|p1|Basculegion, L50, M|\n|poke|p1|Floette-Eternal, L50, F|\n|poke|p2|Lycanroc-Dusk, L50, F|\n|poke|p2|Basculegion, L50, M|\n|poke|p2|Kingambit, L50, M|\n|poke|p2|Sneasler, L50, M|\n|poke|p2|Froslass, L50, F|\n|poke|p2|Scovillain, L50, F|\n|teampreview|4\n|showteam|p1|Charizard||CharizarditeY|Blaze|HeatWave,WeatherBall,AncientPower,Protect|Modest||M|||50|]Garchomp||ChoiceScarf|RoughSkin|DragonClaw,Earthquake,RockSlide,StompingTantrum|Adamant||M|||50|]Incineroar||SitrusBerry|Intimidate|FakeOut,ThroatChop,FlareBlitz,PartingShot|Impish||M|||50|]Toxapex||Leftovers|Regenerator|Infestation,Toxic,BanefulBunker,WideGuard|Impish||M|||50|]Basculegion||FocusSash|Adaptability|AquaJet,LastRespects,WaveCrash,FlipTurn|Adamant||M|||50|]Floette-Eternal||Floettite|FlowerVeil|DazzlingGleam,LightofRuin,DrainingKiss,Protect|Modest||F|||50|\n|showteam|p2|Lycanroc-Dusk||FocusSash|ToughClaws|RockSlide,Accelerock,CloseCombat,Protect|Adamant||F|||50|]Basculegion||SitrusBerry|Adaptability|WaveCrash,LastRespects,AquaJet,Protect|Adamant||M|||50|]Kingambit||BlackGlasses|Defiant|KowtowCleave,SuckerPunch,SwordsDance,Protect|Adamant||M|||50|]Sneasler||WhiteHerb|Unburden|DireClaw,CloseCombat,FakeOut,Coaching|Jolly||M|||50|]Froslass||Froslassite|CursedBody|Blizzard,ShadowBall,AuroraVeil,Protect|Timid||F|||50|]Scovillain||Scovillainite|Moody|Overheat,GigaDrain,RagePowder,Protect|Bold||F|||50|\n|inactive|Battle timer is ON: inactive players will automatically lose when time's up. (requested by edenatwork)\n|inactive|sqwrlyd00d has 60 seconds left.\n|c|☆edenatwork|gl hf\n|\n|t:|1788373034\n|teamsize|p1|4\n|teamsize|p2|4\n|start\n|switch|p1a: Toxapex|Toxapex, L50, M|100/100\n|switch|p1b: Garchomp|Garchomp, L50, M|100/100\n|switch|p2a: Sneasler|Sneasler, L50, M|100/100\n|switch|p2b: Basculegion|Basculegion, L50, M|100/100\n|turn|1\n|c|☆sqwrlyd00d|glhf :)\n|inactive|edenatwork has 30 seconds left.\n|inactive|sqwrlyd00d has 30 seconds left.\n|\n|t:|1788373066\n|switch|p1b: Basculegion|Basculegion, L50, M|100/100\n|move|p2a: Sneasler|Fake Out|p1b: Basculegion\n|-immune|p1b: Basculegion\n|move|p2b: Basculegion|Wave Crash|p1b: Basculegion\n|-resisted|p1b: Basculegion|1\n|-damage|p1b: Basculegion|49/100\n|-damage|p2b: Basculegion|84/100|[from] Recoil\n|move|p1a: Toxapex|Toxic|p2b: Basculegion\n|-status|p2b: Basculegion|tox\n|\n|-damage|p2b: Basculegion|78/100 tox|[from] psn\n|upkeep\n|turn|2\n|\n|t:|1788373088\n|switch|p2b: Kingambit|Kingambit, L50, M|100/100\n|move|p2a: Sneasler|Coaching|p2b: Kingambit\n|-boost|p2b: Kingambit|atk|1\n|-boost|p2b: Kingambit|def|1\n|move|p1b: Basculegion|Flip Turn|p2a: Sneasler\n|-crit|p2a: Sneasler\n|-damage|p2a: Sneasler|25/100\n|\n|t:|1788373098\n|switch|p1b: Garchomp|Garchomp, L50, M|100/100|[from] Flip Turn\n|move|p1a: Toxapex|Infestation|p2a: Sneasler\n|-resisted|p2a: Sneasler|2\n|-damage|p2a: Sneasler|24/100\n|-activate|p2a: Sneasler|move: Infestation|[of] p1a: Toxapex\n|\n|-damage|p2a: Sneasler|12/100|[from] move: Infestation|[partiallytrapped]\n|upkeep\n|turn|3\n|inactive|edenatwork has 30 seconds left.\n|inactive|edenatwork has 20 seconds left.\n|\n|t:|1788373134\n|move|p2b: Kingambit|Protect|p2b: Kingambit\n|-singleturn|p2b: Kingambit|Protect\n|move|p1a: Toxapex|Baneful Bunker|p1a: Toxapex\n|-singleturn|p1a: Toxapex|move: Protect\n|move|p1b: Garchomp|Earthquake|p2b: Kingambit|[spread] p2a\n|-activate|p1a: Toxapex|move: Protect\n|-activate|p2b: Kingambit|move: Protect\n|-supereffective|p2a: Sneasler|1\n|-damage|p2a: Sneasler|0 fnt\n|faint|p2a: Sneasler\n|\n|upkeep\n|\n|t:|1788373142\n|switch|p2a: Froslass|Froslass, L50, F|100/100\n|turn|4\n|\n|t:|1788373163\n|switch|p1b: Basculegion|Basculegion, L50, M|49/100\n|detailschange|p2a: Froslass|Froslass-Mega, L50, F\n|-mega|p2a: Froslass|Froslass|Froslassite\n|-weather|Snowscape|[from] ability: Snow Warning|[of] p2a: Froslass\n|move|p2a: Froslass|Shadow Ball|p1b: Basculegion\n|-supereffective|p1b: Basculegion|1\n|-damage|p1b: Basculegion|0 fnt\n|faint|p1b: Basculegion\n|move|p2b: Kingambit|Kowtow Cleave|p1a: Toxapex\n|-damage|p1a: Toxapex|43/100\n|move|p1a: Toxapex|Toxic|p2a: Froslass\n|-status|p2a: Froslass|tox\n|\n|-weather|Snowscape|[upkeep]\n|-heal|p1a: Toxapex|49/100|[from] item: Leftovers\n|-damage|p2a: Froslass|93/100 tox|[from] psn\n|upkeep\n|\n|t:|1788373179\n|switch|p1b: Charizard|Charizard, L50, M|100/100\n|turn|5\n|\n|t:|1788373191\n|switch|p2a: Basculegion|Basculegion, L50, M|78/100 tox\n|detailschange|p1b: Charizard|Charizard-Mega-Y, L50, M\n|-mega|p1b: Charizard|Charizard|Charizardite Y\n|-weather|SunnyDay|[from] ability: Drought|[of] p1b: Charizard\n|move|p2b: Kingambit|Protect|p2b: Kingambit\n|-singleturn|p2b: Kingambit|Protect\n|move|p1b: Charizard|Heat Wave|p2a: Basculegion|[spread] p2a\n|-activate|p2b: Kingambit|move: Protect\n|-resisted|p2a: Basculegion|1\n|-damage|p2a: Basculegion|47/100 tox\n|-enditem|p2a: Basculegion|Sitrus Berry|[eat]\n|-heal|p2a: Basculegion|72/100 tox|[from] item: Sitrus Berry\n|move|p1a: Toxapex|Infestation|p2b: Kingambit\n|-activate|p2b: Kingambit|move: Protect\n|\n|-weather|SunnyDay|[upkeep]\n|-heal|p1a: Toxapex|55/100|[from] item: Leftovers\n|-damage|p2a: Basculegion|66/100 tox|[from] psn\n|upkeep\n|turn|6\n|inactive|sqwrlyd00d has 30 seconds left.\n|\n|t:|1788373223\n|switch|p2a: Froslass|Froslass-Mega, L50, F|93/100 tox\n|-weather|Snowscape|[from] ability: Snow Warning|[of] p2a: Froslass\n|-heal|p1a: Toxapex|88/100|[from] ability: Regenerator|[silent]\n|switch|p1a: Garchomp|Garchomp, L50, M|100/100\n|move|p1b: Charizard|Protect|p1b: Charizard\n|-singleturn|p1b: Charizard|Protect\n|move|p2b: Kingambit|Swords Dance|p2b: Kingambit\n|-boost|p2b: Kingambit|atk|2\n|\n|-weather|Snowscape|[upkeep]\n|-damage|p2a: Froslass|87/100 tox|[from] psn\n|upkeep\n|turn|7\n|inactive|sqwrlyd00d has 30 seconds left.\n|\n|t:|1788373254\n|move|p2b: Kingambit|Sucker Punch|p1a: Garchomp\n|-damage|p1a: Garchomp|0 fnt\n|-damage|p2b: Kingambit|87/100|[from] ability: Rough Skin|[of] p1a: Garchomp\n|faint|p1a: Garchomp\n|move|p2a: Froslass|Blizzard|p1b: Charizard\n|-damage|p1b: Charizard|55/100\n|-status|p1b: Charizard|frz\n|cant|p1b: Charizard|frz\n|\n|-weather|Snowscape|[upkeep]\n|-damage|p2a: Froslass|75/100 tox|[from] psn\n|upkeep\n|inactive|edenatwork has 30 seconds left.\n|c|☆edenatwork|dont they thaw if they use a fire move?\n|\n|t:|1788373289\n|switch|p1a: Toxapex|Toxapex, L50, M|88/100\n|turn|8\n|c|☆sqwrlyd00d|if you get hit by a fire move is guaranteed\n|inactive|sqwrlyd00d has 30 seconds left.\n|c|☆sqwrlyd00d|if you use one is not guaranteed\n|inactive|sqwrlyd00d has 20 seconds left.\n|\n|t:|1788373324\n|cant|p1b: Charizard|frz\n|move|p2a: Froslass|Shadow Ball|p1b: Charizard\n|-damage|p1b: Charizard|23/100 frz\n|move|p2b: Kingambit|Kowtow Cleave|p1a: Toxapex\n|-damage|p1a: Toxapex|0 fnt\n|faint|p1a: Toxapex\n|\n|-weather|Snowscape|[upkeep]\n|-damage|p2a: Froslass|56/100 tox|[from] psn\n|upkeep\n|turn|9\n|c|☆edenatwork|welp that sucks\n|\n|t:|1788373344\n|move|p2b: Kingambit|Sucker Punch|p1b: Charizard\n|-damage|p1b: Charizard|0 fnt\n|faint|p1b: Charizard\n|\n|win|sqwrlyd00d\n|c|☆sqwrlyd00d|def unfortunate my b\n||sqwrlyd00d is ready for game 2.\n||edenatwork is ready for game 2.\n|uhtml|next|Next: <a href=\"/battle-gen9championsvgc2026regmbbo3-2674554491\"><strong>Game 2 of 3</strong></a>\n|l|☆edenatwork\n|player|p1|\n","uploadtime":1788373576,"views":"1","formatid":"gen9championsvgc2026regmbbo3","rating":null,"private":0,"password":null}