{"id":"gen9championsvgc2026regmb-2674123262","format":"[Gen 9 Champions] VGC 2026 Reg M-B","players":["mediumwarm","triplemz1125"],"log":"|j|☆mediumwarm\n|j|☆triplemz1125\n|t:|1788302500\n|gametype|doubles\n|player|p1|mediumwarm|265|\n|player|p2|triplemz1125|norman|\n|gen|9\n|tier|[Gen 9 Champions] VGC 2026 Reg M-B\n|rule|Species Clause: Limit one of each Pokémon\n|rule|Item Clause: Limit 1 of each item\n|clearpoke\n|poke|p1|Raichu, L50, F|\n|poke|p1|Blastoise, L50, F|\n|poke|p1|Tsareena, L50, F|\n|poke|p1|Rotom-Heat, L50|\n|poke|p1|Meowstic, L50, M|\n|poke|p1|Gyarados, L50, M|\n|poke|p2|Garchomp, L50, M, shiny|\n|poke|p2|Skarmory, L50, M, shiny|\n|poke|p2|Rotom-Heat, L50|\n|poke|p2|Weavile, L50, F|\n|poke|p2|Clawitzer, L50, M, shiny|\n|poke|p2|Zoroark-Hisui, L50, F|\n|teampreview|4\nmediumwarm rejected open team sheets.\n|\n|t:|1788302573\n|teamsize|p1|4\n|teamsize|p2|4\n|start\n|switch|p1a: Blastoise|Blastoise, L50, F|100/100\n|switch|p1b: Tsareena|Tsareena, L50, F|100/100\n|switch|p2a: Easy-Bake|Rotom-Heat, L50|100/100\n|switch|p2b: Pevin Purant|Garchomp, L50, M, shiny|100/100\n|turn|1\n|\n|t:|1788302613\n|move|p2a: Easy-Bake|Thunderbolt|p1a: Blastoise\n|-supereffective|p1a: Blastoise|1\n|-damage|p1a: Blastoise|10/100\n|move|p2b: Pevin Purant|Bitter Malice|p1b: Tsareena\n|-damage|p1b: Tsareena|51/100\n|-unboost|p1b: Tsareena|atk|1\n|-damage|p2b: Pevin Purant|90/100|[from] item: Life Orb\n|move|p1a: Blastoise|Water Spout|p2a: Easy-Bake|[spread] p2a,p2b\n|-supereffective|p2a: Easy-Bake|1\n|-damage|p2a: Easy-Bake|81/100\n|-damage|p2b: Pevin Purant|74/100\n|replace|p2b: Mr. Fox|Zoroark-Hisui, L50, F\n|-end|p2b: Mr. Fox|Illusion\n|move|p1b: Tsareena|Triple Axel|p2b: Mr. Fox\n|-damage|p2b: Mr. Fox|64/100\n|-damage|p2b: Mr. Fox|45/100\n|-damage|p2b: Mr. Fox|17/100\n|-hitcount|p2b: Mr. Fox|3\n|\n|upkeep\n|turn|2\n|\n|t:|1788302694\n|switch|p1a: Raichu|Raichu, L50, F|100/100\n|move|p1b: Tsareena|Protect|p1b: Tsareena\n|-singleturn|p1b: Tsareena|Protect\n|move|p2a: Easy-Bake|Thunderbolt|p1a: Raichu\n|-ability|p1a: Raichu|Lightning Rod|boost\n|-boost|p1a: Raichu|spa|1\n|move|p2b: Mr. Fox|Flamethrower|p1b: Tsareena\n|-activate|p1b: Tsareena|move: Protect\n|\n|upkeep\n|turn|3\n|\n|t:|1788302747\n|switch|p2a: Westjet|Skarmory, L50, M, shiny|100/100\n|switch|p1b: Gyarados|Gyarados, L50, M|100/100\n|-ability|p1b: Gyarados|Intimidate|boost\n|-unboost|p2a: Westjet|atk|1\n|-unboost|p2b: Mr. Fox|atk|1\n|detailschange|p1a: Raichu|Raichu-Mega-Y, L50, F\n|-mega|p1a: Raichu|Raichu|Raichunite Y\n|move|p1a: Raichu|Focus Blast|p2b: Mr. Fox\n|-immune|p2b: Mr. Fox\n|move|p2b: Mr. Fox|Flamethrower|p1b: Gyarados\n|-resisted|p1b: Gyarados|1\n|-crit|p1b: Gyarados\n|-damage|p1b: Gyarados|69/100\n|-damage|p2b: Mr. Fox|7/100|[from] item: Life Orb\n|\n|upkeep\n|turn|4\n|\n|t:|1788302809\n|move|p1a: Raichu|Zap Cannon|p2a: Westjet\n|-supereffective|p2a: Westjet|1\n|-ability|p2a: Westjet|Sturdy\n|-damage|p2a: Westjet|1/100\n|-status|p2a: Westjet|par\n|move|p2b: Mr. Fox|Bitter Malice|p1b: Gyarados\n|-damage|p1b: Gyarados|21/100\n|-unboost|p1b: Gyarados|atk|1\n|-damage|p2b: Mr. Fox|0 fnt|[from] item: Life Orb\n|faint|p2b: Mr. Fox\n|move|p1b: Gyarados|Waterfall|p2a: Westjet\n|-damage|p2a: Westjet|0 fnt\n|faint|p2a: Westjet\n|-damage|p1b: Gyarados|11/100|[from] item: Life Orb\n|\n|upkeep\n|\n|t:|1788302829\n|switch|p2b: Pevin Purant|Garchomp, L50, M, shiny|100/100\n|switch|p2a: Easy-Bake|Rotom-Heat, L50|81/100\n|turn|5\n|\n|t:|1788302857\n|detailschange|p2b: Pevin Purant|Garchomp-Mega, L50, M, shiny\n|-mega|p2b: Pevin Purant|Garchomp|Garchompite\n|move|p2a: Easy-Bake|Electroweb|p1b: Gyarados|[spread] p1a,p1b\n|-resisted|p1a: Raichu|1\n|-supereffective|p1b: Gyarados|2\n|-damage|p1a: Raichu|82/100\n|-damage|p1b: Gyarados|0 fnt\n|-unboost|p1a: Raichu|spe|1\n|faint|p1b: Gyarados\n|move|p2b: Pevin Purant|Earthquake|p1a: Raichu|[spread] p1a\n|-immune|p2a: Easy-Bake|[from] ability: Levitate\n|-supereffective|p1a: Raichu|1\n|-damage|p1a: Raichu|0 fnt\n|faint|p1a: Raichu\n|\n|upkeep\n|\n|t:|1788302882\n|switch|p1a: Blastoise|Blastoise, L50, F|10/100\n|switch|p1b: Tsareena|Tsareena, L50, F|51/100\n|turn|6\n|\n|t:|1788302918\n|move|p2b: Pevin Purant|Protect|p2b: Pevin Purant\n|-singleturn|p2b: Pevin Purant|Protect\n|move|p2a: Easy-Bake|Electroweb|p1a: Blastoise|[spread] p1a,p1b\n|-supereffective|p1a: Blastoise|1\n|-resisted|p1b: Tsareena|1\n|-damage|p1a: Blastoise|0 fnt\n|-damage|p1b: Tsareena|41/100\n|-unboost|p1b: Tsareena|spe|1\n|faint|p1a: Blastoise\n|move|p1b: Tsareena|Triple Axel|p2b: Pevin Purant\n|-activate|p2b: Pevin Purant|move: Protect\n|\n|upkeep\n|turn|7\n|\n|t:|1788302934\n|move|p2a: Easy-Bake|Electroweb|p1b: Tsareena\n|-resisted|p1b: Tsareena|1\n|-damage|p1b: Tsareena|28/100\n|-unboost|p1b: Tsareena|spe|1\n|move|p2b: Pevin Purant|Dragon Claw|p1b: Tsareena\n|-damage|p1b: Tsareena|0 fnt\n|faint|p1b: Tsareena\n|\n|win|triplemz1125\n","uploadtime":1788302944,"views":"5","formatid":"gen9championsvgc2026regmb","rating":null,"private":0,"password":null}