{"id":"gen9championsvgc2026regmb-2674024883","format":"[Gen 9 Champions] VGC 2026 Reg M-B","players":["twv2842","GhostCappy"],"log":"|j|☆twv2842\n|j|☆GhostCappy\n|t:|1788289594\n|gametype|doubles\n|player|p1|twv2842|101|1049\n|player|p2|GhostCappy|hilbert-wonderlauncher|1000\n|gen|9\n|tier|[Gen 9 Champions] VGC 2026 Reg M-B\n|rated|\n|rule|Species Clause: Limit one of each Pokémon\n|rule|Item Clause: Limit 1 of each item\n|clearpoke\n|poke|p1|Maushold-Four, L50|\n|poke|p1|Garchomp, L50, F, shiny|\n|poke|p1|Whimsicott, L50, M|\n|poke|p1|Gholdengo, L50|\n|poke|p1|Tyranitar, L50, M|\n|poke|p1|Basculegion, L50, M|\n|poke|p2|Raichu, L50, F|\n|poke|p2|Sneasler, L50, M|\n|poke|p2|Whimsicott, L50, M|\n|poke|p2|Kingambit, L50, F, shiny|\n|poke|p2|Dragonite, L50, F|\n|poke|p2|Sylveon, L50, F|\n|teampreview|4\n|\n|t:|1788289644\n|teamsize|p1|4\n|teamsize|p2|4\n|start\n|switch|p1a: Whimsicott|Whimsicott, L50, M|100/100\n|switch|p1b: Basculegion|Basculegion, L50, M|100/100\n|switch|p2a: Sneasler|Sneasler, L50, M|100/100\n|switch|p2b: Whimsicott|Whimsicott, L50, M|100/100\n|turn|1\n|\n|t:|1788289675\n|switch|p2a: Kingambit|Kingambit, L50, F, shiny|100/100\n|move|p2b: Whimsicott|Charm|p1b: Basculegion\n|-unboost|p1b: Basculegion|atk|2\n|move|p1a: Whimsicott|Tailwind|p1a: Whimsicott\n|-sidestart|p1: twv2842|move: Tailwind\n|move|p1b: Basculegion|Flip Turn|p2b: Whimsicott\n|-resisted|p2b: Whimsicott|1\n|-damage|p2b: Whimsicott|84/100\n|\n|t:|1788289684\n|switch|p1b: Tyranitar|Tyranitar, L50, M|100/100|[from] Flip Turn\n|-weather|Sandstorm|[from] ability: Sand Stream|[of] p1b: Tyranitar\n|\n|-weather|Sandstorm|[upkeep]\n|-damage|p1a: Whimsicott|94/100|[from] Sandstorm\n|-damage|p2b: Whimsicott|78/100|[from] Sandstorm\n|upkeep\n|turn|2\n|\n|t:|1788289720\n|switch|p1a: Gholdengo|Gholdengo, L50|100/100\n|move|p2b: Whimsicott|Charm|p1b: Tyranitar\n|-hint|Since gen 7, Dark is immune to Prankster moves.\n|-immune|p1b: Tyranitar\n|move|p1b: Tyranitar|Dragon Dance|p1b: Tyranitar\n|-boost|p1b: Tyranitar|atk|1\n|-boost|p1b: Tyranitar|spe|1\n|move|p2a: Kingambit|Swords Dance|p2a: Kingambit\n|-boost|p2a: Kingambit|atk|2\n|\n|-weather|Sandstorm|[upkeep]\n|-damage|p2b: Whimsicott|72/100|[from] Sandstorm\n|upkeep\n|turn|3\n|\n|t:|1788289749\n|switch|p2b: Sneasler|Sneasler, L50, M|100/100\n|move|p1b: Tyranitar|Rock Slide|p2b: Sneasler|[spread] p2a,p2b\n|-resisted|p2a: Kingambit|1\n|-resisted|p2b: Sneasler|1\n|-damage|p2a: Kingambit|83/100\n|-damage|p2b: Sneasler|61/100\n|move|p1a: Gholdengo|Make It Rain|p2a: Kingambit|[spread] p2a,p2b\n|-resisted|p2a: Kingambit|1\n|-damage|p2a: Kingambit|57/100\n|-damage|p2b: Sneasler|0 fnt\n|-unboost|p1a: Gholdengo|spa|2\n|faint|p2b: Sneasler\n|move|p2a: Kingambit|Iron Head|p1b: Tyranitar\n|-supereffective|p1b: Tyranitar|1\n|-damage|p1b: Tyranitar|0 fnt\n|faint|p1b: Tyranitar\n|\n|-weather|Sandstorm|[upkeep]\n|upkeep\n|\n|t:|1788289766\n|switch|p2b: Whimsicott|Whimsicott, L50, M|72/100\n|switch|p1b: Basculegion|Basculegion, L50, M|100/100\n|turn|4\n|\n|t:|1788289779\n|switch|p1a: Whimsicott|Whimsicott, L50, M|94/100\n|move|p2b: Whimsicott|Tailwind|p2b: Whimsicott\n|-sidestart|p2: GhostCappy|move: Tailwind\n|move|p2a: Kingambit|Sucker Punch|p1b: Basculegion\n|-supereffective|p1b: Basculegion|1\n|-damage|p1b: Basculegion|0 fnt\n|faint|p1b: Basculegion\n|\n|-weather|Sandstorm|[upkeep]\n|-damage|p1a: Whimsicott|88/100|[from] Sandstorm\n|-damage|p2b: Whimsicott|67/100|[from] Sandstorm\n|-sideend|p1: twv2842|move: Tailwind\n|upkeep\n|\n|t:|1788289789\n|switch|p1b: Gholdengo|Gholdengo, L50|100/100\n|turn|5\n|\n|t:|1788289829\n|move|p2b: Whimsicott|Protect|p2b: Whimsicott\n|-singleturn|p2b: Whimsicott|Protect\n|move|p1a: Whimsicott|Stun Spore|p2a: Kingambit\n|-hint|Since gen 7, Dark is immune to Prankster moves.\n|-immune|p2a: Kingambit\n|move|p2a: Kingambit|Kowtow Cleave|p1b: Gholdengo\n|-supereffective|p1b: Gholdengo|1\n|-damage|p1b: Gholdengo|0 fnt\n|faint|p1b: Gholdengo\n|\n|-weather|none\n|upkeep\n|turn|6\n|-message|twv2842 forfeited.\n|\n|win|GhostCappy\n|raw|twv2842's rating: 1049 &rarr; <strong>1029</strong><br />(-20 for losing)\n|raw|GhostCappy's rating: 1000 &rarr; <strong>1046</strong><br />(+46 for winning)\n|l|☆twv2842\n|player|p1|\n","uploadtime":1788289865,"views":"1","formatid":"gen9championsvgc2026regmb","rating":1029,"private":0,"password":null}