{"id":"gen9championsvgc2026regmbbo3-2674137738","format":"[Gen 9 Champions] VGC 2026 Reg M-B (Bo3)","players":["kememe","bartcr0987"],"log":"|j|☆kememe\n|j|☆bartcr0987\n|html|<table width=\"100%\"><tr><td align=\"left\">kememe</td><td align=\"right\">bartcr0987</tr><tr><td align=\"left\"><i class=\"fa fa-circle-o\"></i> <i class=\"fa fa-circle-o\"></i> </td><td align=\"right\"><i class=\"fa fa-circle-o\"></i> <i class=\"fa fa-circle-o\"></i> </tr></table>\n|uhtml|bestof|<h2><strong>Game 1</strong> of <a href=\"/game-bestof3-gen9championsvgc2026regmbbo3-2674137737\">a best-of-3</a></h2>\n|t:|1788304708\n|gametype|doubles\n|player|p1|kememe|cheren-gen5bw2|1132\n|player|p2|bartcr0987|2|1243\n|gen|9\n|tier|[Gen 9 Champions] VGC 2026 Reg M-B (Bo3)\n|rated|\n|rule|Species Clause: Limit one of each Pokémon\n|rule|Item Clause: Limit 1 of each item\n|clearpoke\n|poke|p1|Basculegion, L50, M|\n|poke|p1|Maushold, L50|\n|poke|p1|Sneasler, L50, F|\n|poke|p1|Delphox, L50, M|\n|poke|p1|Floette-Eternal, L50, F|\n|poke|p1|Farigiraf, L50, M|\n|poke|p2|Charizard, L50, M, shiny|\n|poke|p2|Sneasler, L50, M, shiny|\n|poke|p2|Floette-Eternal, L50, F|\n|poke|p2|Kingambit, L50, F, shiny|\n|poke|p2|Farigiraf, L50, F|\n|poke|p2|Gliscor, L50, M|\n|teampreview|4\n|showteam|p1|Basculegion||ChoiceScarf|Adaptability|AquaJet,FlipTurn,WaveCrash,LastRespects|Adamant||M|||50|]Maushold||FocusSash|FriendGuard|RainDance,FollowMe,Protect,SuperFang|Timid|||||50|]Sneasler||WhiteHerb|Unburden|CloseCombat,FakeOut,Protect,DireClaw|Adamant||F|||50|]Delphox||Delphoxite|Blaze|CalmMind,Protect,HeatWave,Psychic|Modest||M|||50|]Floette-Eternal||Floettite|FlowerVeil|DazzlingGleam,Protect,Moonblast,CalmMind|Modest||F|||50|]Farigiraf||Leftovers|ArmorTail|Psychic,GrassKnot,Protect,TrickRoom|Modest||M|||50|\n|showteam|p2|Charizard||CharizarditeY|SolarPower|HeatWave,SolarBeam,WeatherBall,Protect|Modest||M|||50|]Sneasler||FocusSash|Unburden|DireClaw,CloseCombat,Protect,RockSlide|Jolly||M|||50|]Floette-Eternal||Floettite|FlowerVeil|Moonblast,DazzlingGleam,LightofRuin,Protect|Modest||F|||50|]Kingambit||ChopleBerry|Defiant|KowtowCleave,SuckerPunch,LowKick,Protect|Brave||F|||50|]Farigiraf||SitrusBerry|ArmorTail|TrickRoom,Protect,Psychic,Thunderbolt|Calm||F|||50|]Gliscor||LifeOrb|HyperCutter|Protect,HighHorsepower,Tailwind,DualWingbeat|Careful||M|||50|\n|inactive|Battle timer is ON: inactive players will automatically lose when time's up. (requested by bartcr0987)\n|\n|t:|1788304768\n|teamsize|p1|4\n|teamsize|p2|4\n|start\n|switch|p1a: Basculegion|Basculegion, L50, M|100/100\n|switch|p1b: Maushold|Maushold, L50|100/100\n|switch|p2a: Charizard|Charizard, L50, M, shiny|100/100\n|switch|p2b: Sneasler|Sneasler, L50, M, shiny|100/100\n|turn|1\n|\n|t:|1788304790\n|move|p1b: Maushold|Protect|p1b: Maushold\n|-singleturn|p1b: Maushold|Protect\n|move|p2a: Charizard|Protect|p2a: Charizard\n|-singleturn|p2a: Charizard|Protect\n|move|p1a: Basculegion|Flip Turn|p2b: Sneasler\n|-damage|p2b: Sneasler|28/100\n|\n|t:|1788304802\n|switch|p1a: Farigiraf|Farigiraf, L50, M|100/100|[from] Flip Turn\n|move|p2b: Sneasler|Close Combat|p1b: Maushold\n|-activate|p1b: Maushold|move: Protect\n|\n|upkeep\n|turn|2\n|\n|t:|1788304815\n|detailschange|p2a: Charizard|Charizard-Mega-Y, L50, M, shiny\n|-mega|p2a: Charizard|Charizard|Charizardite Y\n|-weather|SunnyDay|[from] ability: Drought|[of] p2a: Charizard\n|move|p2b: Sneasler|Close Combat|p1b: Maushold\n|-supereffective|p1b: Maushold|1\n|-enditem|p1b: Maushold|Focus Sash\n|-damage|p1b: Maushold|1/100\n|-unboost|p2b: Sneasler|def|1\n|-unboost|p2b: Sneasler|spd|1\n|move|p1b: Maushold|Rain Dance|p1b: Maushold\n|-weather|RainDance\n|move|p2a: Charizard|Heat Wave|p1b: Maushold|[spread] p1a,p1b\n|-damage|p1a: Farigiraf|85/100\n|-damage|p1b: Maushold|0 fnt\n|faint|p1b: Maushold\n|move|p1a: Farigiraf|Psychic|p2b: Sneasler\n|-supereffective|p2b: Sneasler|2\n|-crit|p2b: Sneasler\n|-damage|p2b: Sneasler|0 fnt\n|faint|p2b: Sneasler\n|\n|-weather|RainDance|[upkeep]\n|-heal|p1a: Farigiraf|91/100|[from] item: Leftovers\n|upkeep\n|\n|t:|1788304838\n|switch|p2b: Kingambit|Kingambit, L50, F, shiny|100/100\n|switch|p1b: Delphox|Delphox, L50, M|100/100\n|turn|3\n|\n|t:|1788304861\n|switch|p2a: Farigiraf|Farigiraf, L50, F|100/100\n|detailschange|p1b: Delphox|Delphox-Mega, L50, M\n|-mega|p1b: Delphox|Delphox|Delphoxite\n|move|p1b: Delphox|Heat Wave|p2b: Kingambit|[spread] p2a,p2b\n|-supereffective|p2b: Kingambit|1\n|-damage|p2a: Farigiraf|79/100\n|-damage|p2b: Kingambit|53/100\n|move|p1a: Farigiraf|Psychic|p2a: Farigiraf\n|-resisted|p2a: Farigiraf|1\n|-damage|p2a: Farigiraf|60/100\n|move|p2b: Kingambit|Kowtow Cleave|p1a: Farigiraf\n|-supereffective|p1a: Farigiraf|1\n|-damage|p1a: Farigiraf|0 fnt\n|faint|p1a: Farigiraf\n|\n|-weather|RainDance|[upkeep]\n|upkeep\n|\n|t:|1788304876\n|switch|p1a: Basculegion|Basculegion, L50, M|100/100\n|turn|4\n|\n|t:|1788304892\n|move|p2a: Farigiraf|Protect|p2a: Farigiraf\n|-singleturn|p2a: Farigiraf|Protect\n|move|p2b: Kingambit|Protect|p2b: Kingambit\n|-singleturn|p2b: Kingambit|Protect\n|move|p1a: Basculegion|Wave Crash|p2b: Kingambit\n|-activate|p2b: Kingambit|move: Protect\n|move|p1b: Delphox|Psychic|p2a: Farigiraf\n|-activate|p2a: Farigiraf|move: Protect\n|\n|-weather|RainDance|[upkeep]\n|upkeep\n|turn|5\n|\n|t:|1788304904\n|move|p2b: Kingambit|Sucker Punch|p1a: Basculegion\n|-supereffective|p1a: Basculegion|1\n|-damage|p1a: Basculegion|0 fnt\n|faint|p1a: Basculegion\n|move|p1b: Delphox|Heat Wave|p2b: Kingambit|[spread] p2a,p2b\n|-supereffective|p2b: Kingambit|1\n|-damage|p2a: Farigiraf|40/100\n|-damage|p2b: Kingambit|12/100\n|-enditem|p2a: Farigiraf|Sitrus Berry|[eat]\n|-heal|p2a: Farigiraf|65/100|[from] item: Sitrus Berry\n|move|p2a: Farigiraf|Thunderbolt|p1b: Delphox\n|-damage|p1b: Delphox|78/100\n|\n|-weather|RainDance|[upkeep]\n|upkeep\n|turn|6\n|-message|kememe forfeited.\n|\n|win|bartcr0987\n||kememe is ready for game 2.\n||bartcr0987 is ready for game 2.\n|uhtml|next|Next: <a href=\"/battle-gen9championsvgc2026regmbbo3-2674139167\"><strong>Game 2 of 3</strong></a>\n","uploadtime":1788305246,"views":"15","formatid":"gen9championsvgc2026regmbbo3","rating":null,"private":0,"password":null}