{"id":"gen9championsvgc2026regmb-2674117850","format":"[Gen 9 Champions] VGC 2026 Reg M-B","players":["ethalem77","Bigoleg"],"log":"|j|☆ethalem77\n|j|☆Bigoleg\n|t:|1788301693\n|gametype|doubles\n|player|p1|ethalem77|acetrainer-gen4dp|1579\n|player|p2|Bigoleg|hilbert|1663\n|gen|9\n|tier|[Gen 9 Champions] VGC 2026 Reg M-B\n|rated|\n|rule|Species Clause: Limit one of each Pokémon\n|rule|Item Clause: Limit 1 of each item\n|clearpoke\n|poke|p1|Dragonite, L50, M|\n|poke|p1|Sneasler, L50, F|\n|poke|p1|Basculegion, L50, M|\n|poke|p1|Kingambit, L50, M|\n|poke|p1|Garchomp, L50, F|\n|poke|p1|Floette-Eternal, L50, F|\n|poke|p2|Farigiraf, L50, M|\n|poke|p2|Zoroark-Hisui, L50, F|\n|poke|p2|Sylveon, L50, M|\n|poke|p2|Charizard, L50, M|\n|poke|p2|Swampert, L50, M|\n|poke|p2|Pelipper, L50, M|\n|teampreview|4\n|inactive|Battle timer is ON: inactive players will automatically lose when time's up. (requested by ethalem77)\n|\n|t:|1788301701\n|teamsize|p1|4\n|teamsize|p2|4\n|start\n|switch|p1a: Floette|Floette-Eternal, L50, F|100/100\n|switch|p1b: Kingambit|Kingambit, L50, M|100/100\n|switch|p2a: Farigiraf|Farigiraf, L50, M|100/100\n|switch|p2b: Sylveon|Sylveon, L50, M|100/100\n|turn|1\n|\n|t:|1788301709\n|detailschange|p1a: Floette|Floette-Mega, L50, F\n|-mega|p1a: Floette|Floette|Floettite\n|-ability|p1a: Floette|Fairy Aura\n|move|p2a: Farigiraf|Round|p1b: Kingambit\n|-resisted|p1b: Kingambit|1\n|-damage|p1b: Kingambit|86/100\n|move|p2b: Sylveon|Round|p1b: Kingambit|[from] move: Round\n|-damage|p1b: Kingambit|0 fnt\n|faint|p1b: Kingambit\n|move|p1a: Floette|Dazzling Gleam|p2a: Farigiraf|[spread] p2a,p2b\n|-damage|p2a: Farigiraf|6/100\n|-damage|p2b: Sylveon|65/100\n|replace|p2a: Zoroark|Zoroark-Hisui, L50, F\n|-end|p2a: Zoroark|Illusion\n|\n|upkeep\n|\n|t:|1788301722\n|switch|p1b: Sneasler|Sneasler, L50, F|100/100\n|turn|2\n|\n|t:|1788301729\n|switch|p2a: Farigiraf|Farigiraf, L50, M|100/100\n|move|p1b: Sneasler|Dire Claw|p2b: Sylveon\n|-supereffective|p2b: Sylveon|1\n|-damage|p2b: Sylveon|0 fnt\n|faint|p2b: Sylveon\n|move|p1a: Floette|Dazzling Gleam|p2a: Farigiraf\n|-damage|p2a: Farigiraf|53/100\n|\n|-heal|p2a: Farigiraf|59/100|[from] item: Leftovers\n|upkeep\n|\n|t:|1788301735\n|switch|p2b: Charizard|Charizard, L50, M|6/100\n|turn|3\n|\n|t:|1788301757\n|move|p2b: Charizard|Bitter Malice|p1b: Sneasler\n|-damage|p1b: Sneasler|45/100\n|-unboost|p1b: Sneasler|atk|1\n|move|p1b: Sneasler|Close Combat|p2a: Farigiraf\n|-damage|p2a: Farigiraf|16/100\n|-unboost|p1b: Sneasler|def|1\n|-unboost|p1b: Sneasler|spd|1\n|move|p1a: Floette|Dazzling Gleam|p2a: Farigiraf|[spread] p2a,p2b\n|-damage|p2a: Farigiraf|0 fnt\n|-damage|p2b: Charizard|0 fnt\n|replace|p2b: Zoroark|Zoroark-Hisui, L50, F\n|-end|p2b: Zoroark|Illusion\n|faint|p2a: Farigiraf\n|faint|p2b: Zoroark\n|\n|upkeep\n|\n|t:|1788301770\n|switch|p2b: Charizard|Charizard, L50, M|100/100\n|turn|4\n|\n|t:|1788301776\n|detailschange|p2b: Charizard|Charizard-Mega-Y, L50, M\n|-mega|p2b: Charizard|Charizard|Charizardite Y\n|-weather|SunnyDay|[from] ability: Drought|[of] p2b: Charizard\n|move|p1b: Sneasler|Feint|p2b: Charizard\n|-damage|p2b: Charizard|89/100\n|move|p2b: Charizard|Heat Wave|p1b: Sneasler|[spread] p1a,p1b\n|-damage|p1a: Floette|47/100\n|-damage|p1b: Sneasler|0 fnt\n|-status|p1a: Floette|brn\n|faint|p1b: Sneasler\n|move|p1a: Floette|Light of Ruin|p2b: Charizard\n|-resisted|p2b: Charizard|1\n|-damage|p2b: Charizard|29/100\n|-damage|p1a: Floette|16/100 brn|[from] Recoil\n|\n|-weather|SunnyDay|[upkeep]\n|-damage|p1a: Floette|10/100 brn|[from] brn\n|upkeep\n|\n|t:|1788301783\n|switch|p1b: Basculegion|Basculegion, L50, M|100/100\n|turn|5\n|\n|t:|1788301807\n|move|p2b: Charizard|Solar Beam||[still]\n|-prepare|p2b: Charizard|Solar Beam\n|-anim|p2b: Charizard|Solar Beam|p1b: Basculegion\n|-supereffective|p1b: Basculegion|1\n|-damage|p1b: Basculegion|1/100\n|move|p1a: Floette|Moonblast|p2b: Charizard\n|-resisted|p2b: Charizard|1\n|-damage|p2b: Charizard|0 fnt\n|faint|p2b: Charizard\n|\n|win|ethalem77\n|raw|ethalem77's rating: 1579 &rarr; <strong>1604</strong><br />(+25 for winning)\n|raw|Bigoleg's rating: 1663 &rarr; <strong>1638</strong><br />(-25 for losing)\n|l|☆Bigoleg\n|player|p2|\n","uploadtime":1788301819,"views":"3","formatid":"gen9championsvgc2026regmb","rating":1604,"private":0,"password":null}