{"id":"gen9championsvgc2026regmbbo3-2674733282","format":"[Gen 9 Champions] VGC 2026 Reg M-B (Bo3)","players":["Millie Jean","mike6972"],"log":"|j|‽Millie Jean\n|j|☆mike6972\n|html|<table width=\"100%\"><tr><td align=\"left\">Millie Jean</td><td align=\"right\">mike6972</tr><tr><td align=\"left\"><i class=\"fa fa-circle-o\"></i> <i class=\"fa fa-circle-o\"></i> </td><td align=\"right\"><i class=\"fa fa-circle-o\"></i> <i class=\"fa fa-circle\"></i> </tr></table>\n|uhtml|bestof|<h2><strong>Game 2</strong> of <a href=\"/game-bestof3-gen9championsvgc2026regmbbo3-2674731964\">a best-of-3</a></h2>\n|t:|1788397693\n|gametype|doubles\n|player|p1|Millie Jean|hilda-wonderlauncher|1088\n|player|p2|mike6972|266|1121\n|gen|9\n|tier|[Gen 9 Champions] VGC 2026 Reg M-B (Bo3)\n|rated|\n|rule|Species Clause: Limit one of each Pokémon\n|rule|Item Clause: Limit 1 of each item\n|clearpoke\n|poke|p1|Sylveon, L50, M|\n|poke|p1|Sinistcha, L50|\n|poke|p1|Toxapex, L50, M|\n|poke|p1|Charizard, L50, M|\n|poke|p1|Incineroar, L50, F|\n|poke|p1|Whimsicott, L50, M|\n|poke|p2|Blaziken, L50, F|\n|poke|p2|Farigiraf, L50, M|\n|poke|p2|Torkoal, L50, F|\n|poke|p2|Kingambit, L50, M|\n|poke|p2|Primarina, L50, M|\n|poke|p2|Venusaur, L50, M|\n|teampreview|4\n|showteam|p1|Sylveon||FairyFeather|Pixilate|Protect,QuickAttack,HyperVoice,HyperBeam|Modest||M|||50|]Sinistcha||ColburBerry|Hospitality|RagePowder,MatchaGotcha,LifeDew,TrickRoom|Bold|||||50|]Toxapex||Leftovers|Regenerator|BanefulBunker,Toxic,Infestation,WideGuard|Bold||M|||50|]Charizard||CharizarditeY|SolarPower|Protect,AncientPower,HeatWave,SolarBeam|Modest||M|||50|]Incineroar||SitrusBerry|Intimidate|FakeOut,PartingShot,Snarl,FlareBlitz|Careful||F|||50|]Whimsicott||FocusSash|Prankster|Tailwind,FakeTears,HelpingHand,Moonblast|Timid||M|||50|\n|showteam|p2|Blaziken||Blazikenite|SpeedBoost|Detect,CloseCombat,FlareBlitz,RockSlide|Jolly||F|||50|]Farigiraf||SitrusBerry|ArmorTail|TrickRoom,Protect,Psychic,HyperVoice|Sassy||M|||50|]Torkoal||Charcoal|Drought|Protect,Yawn,HeatWave,Eruption|Quiet||F|||50|]Kingambit||BlackGlasses|Defiant|KowtowCleave,IronHead,SuckerPunch,Protect|Brave||M|||50|]Primarina||LifeOrb|LiquidVoice|HyperVoice,Moonblast,EnergyBall,Protect|Quiet||M|||50|]Venusaur||FocusSash|Chlorophyll|SleepPowder,GigaDrain,SludgeBomb,Protect|Timid||M|||50|\n|inactive|Battle timer is ON: inactive players will automatically lose when time's up. (requested by Millie Jean)\n|\n|t:|1788397720\n|teamsize|p1|4\n|teamsize|p2|4\n|start\n|switch|p1a: Toxapex|Toxapex, L50, M|100/100\n|switch|p1b: Incineroar|Incineroar, L50, F|100/100\n|switch|p2a: Blaziken|Blaziken, L50, F|100/100\n|switch|p2b: Farigiraf|Farigiraf, L50, M|100/100\n|-ability|p1b: Incineroar|Intimidate|boost\n|-unboost|p2a: Blaziken|atk|1\n|-unboost|p2b: Farigiraf|atk|1\n|turn|1\n|\n|t:|1788397741\n|move|p2a: Blaziken|Detect|p2a: Blaziken\n|-singleturn|p2a: Blaziken|Protect\n|move|p1b: Incineroar|Snarl|p2a: Blaziken|[spread] p2b\n|-activate|p2a: Blaziken|move: Protect\n|-supereffective|p2b: Farigiraf|1\n|-damage|p2b: Farigiraf|84/100\n|-unboost|p2b: Farigiraf|spa|1\n|move|p2b: Farigiraf|Psychic|p1a: Toxapex\n|-supereffective|p1a: Toxapex|1\n|-damage|p1a: Toxapex|64/100\n|move|p1a: Toxapex|Toxic|p2b: Farigiraf\n|-status|p2b: Farigiraf|tox\n|\n|-heal|p1a: Toxapex|70/100|[from] item: Leftovers\n|-damage|p2b: Farigiraf|77/100 tox|[from] psn\n|-ability|p2a: Blaziken|Speed Boost|boost\n|-boost|p2a: Blaziken|spe|1\n|upkeep\n|turn|2\n|inactive|Millie Jean has 30 seconds left.\n|\n|t:|1788397773\n|switch|p1b: Whimsicott|Whimsicott, L50, M|100/100\n|detailschange|p2a: Blaziken|Blaziken-Mega, L50, F\n|-mega|p2a: Blaziken|Blaziken|Blazikenite\n|move|p2a: Blaziken|Close Combat|p1b: Whimsicott\n|-resisted|p1b: Whimsicott|1\n|-damage|p1b: Whimsicott|63/100\n|-unboost|p2a: Blaziken|def|1\n|-unboost|p2a: Blaziken|spd|1\n|move|p2b: Farigiraf|Psychic|p1a: Toxapex\n|-supereffective|p1a: Toxapex|1\n|-damage|p1a: Toxapex|35/100\n|move|p1a: Toxapex|Toxic|p2a: Blaziken\n|-status|p2a: Blaziken|tox\n|\n|-heal|p1a: Toxapex|41/100|[from] item: Leftovers\n|-damage|p2a: Blaziken|94/100 tox|[from] psn\n|-damage|p2b: Farigiraf|65/100 tox|[from] psn\n|-ability|p2a: Blaziken|Speed Boost|boost\n|-boost|p2a: Blaziken|spe|1\n|upkeep\n|turn|3\n|\n|t:|1788397794\n|switch|p2a: Torkoal|Torkoal, L50, F|100/100\n|-weather|SunnyDay|[from] ability: Drought|[of] p2a: Torkoal\n|-heal|p1a: Toxapex|74/100|[from] ability: Regenerator|[silent]\n|switch|p1a: Incineroar|Incineroar, L50, F|100/100\n|-ability|p1a: Incineroar|Intimidate|boost\n|-unboost|p2a: Torkoal|atk|1\n|-unboost|p2b: Farigiraf|atk|1\n|move|p1b: Whimsicott|Moonblast|p2a: Torkoal\n|-resisted|p2a: Torkoal|1\n|-damage|p2a: Torkoal|77/100\n|move|p2b: Farigiraf|Trick Room|p2b: Farigiraf\n|-fieldstart|move: Trick Room|[of] p2b: Farigiraf\n|\n|-weather|SunnyDay|[upkeep]\n|-damage|p2b: Farigiraf|47/100 tox|[from] psn\n|upkeep\n|-enditem|p2b: Farigiraf|Sitrus Berry|[eat]\n|-heal|p2b: Farigiraf|71/100 tox|[from] item: Sitrus Berry\n|turn|4\n|inactive|Millie Jean has 30 seconds left.\n|\n|t:|1788397826\n|switch|p1b: Charizard|Charizard, L50, M|100/100\n|move|p2a: Torkoal|Heat Wave|p1a: Incineroar|[spread] p1a,p1b\n|-resisted|p1a: Incineroar|1\n|-resisted|p1b: Charizard|1\n|-damage|p1a: Incineroar|78/100\n|-damage|p1b: Charizard|66/100\n|move|p2b: Farigiraf|Hyper Voice|p1b: Charizard|[spread] p1a,p1b\n|-damage|p1a: Incineroar|65/100\n|-damage|p1b: Charizard|44/100\n|move|p1a: Incineroar|Snarl|p2b: Farigiraf|[spread] p2a,p2b\n|-supereffective|p2b: Farigiraf|1\n|-damage|p2a: Torkoal|63/100\n|-damage|p2b: Farigiraf|57/100 tox\n|-unboost|p2a: Torkoal|spa|1\n|-unboost|p2b: Farigiraf|spa|1\n|\n|-weather|SunnyDay|[upkeep]\n|-damage|p1b: Charizard|32/100|[from] ability: Solar Power|[of] p1b: Charizard\n|-damage|p2b: Farigiraf|33/100 tox|[from] psn\n|upkeep\n|turn|5\n|-message|mike6972 forfeited.\n|\n|win|Millie Jean\n|l|☆mike6972\n|player|p2|\n|inactive|Millie Jean has 30 seconds to confirm battle start!\n|inactive|mike6972 has 30 seconds to confirm battle start!\n||Millie Jean is ready for game 3.\n|inactive|mike6972 has 20 seconds to confirm battle start!\n","uploadtime":1788397844,"views":"1","formatid":"gen9championsvgc2026regmbbo3","rating":null,"private":0,"password":null}