{"id":"gen9championsvgc2026regmb-2673980225","format":"[Gen 9 Champions] VGC 2026 Reg M-B","players":["chocokoala vgc","Cortadoenjoyer"],"log":"|j|☆chocokoala vgc\n|j|☆Cortadoenjoyer\n|t:|1788284369\n|gametype|doubles\n|player|p1|chocokoala vgc|benga|1177\n|player|p2|Cortadoenjoyer|101|1271\n|gen|9\n|tier|[Gen 9 Champions] VGC 2026 Reg M-B\n|rated|\n|rule|Species Clause: Limit one of each Pokémon\n|rule|Item Clause: Limit 1 of each item\n|clearpoke\n|poke|p1|Dedenne, L50, F|\n|poke|p1|Charizard, L50, M|\n|poke|p1|Mamoswine, L50, F|\n|poke|p1|Torkoal, L50, F|\n|poke|p1|Farigiraf, L50, F|\n|poke|p1|Aerodactyl, L50, F|\n|poke|p2|Mawile, L50, F|\n|poke|p2|Whimsicott, L50, F|\n|poke|p2|Sableye, L50, F|\n|poke|p2|Torkoal, L50, F|\n|poke|p2|Primarina, L50, M|\n|poke|p2|Raichu, L50, M|\n|teampreview|4\n|inactive|Battle timer is ON: inactive players will automatically lose when time's up. (requested by chocokoala vgc)\n|\n|t:|1788284396\n|teamsize|p1|4\n|teamsize|p2|4\n|start\n|switch|p1a: Mamoswine|Mamoswine, L50, F|100/100\n|switch|p1b: Charizard|Charizard, L50, M|100/100\n|switch|p2a: Whimsicott|Whimsicott, L50, F|100/100\n|switch|p2b: Raichu|Raichu, L50, M|100/100\n|turn|1\n|inactive|Cortadoenjoyer has 30 seconds left.\n|\n|t:|1788284429\n|detailschange|p2b: Raichu|Raichu-Mega-Y, L50, M\n|-mega|p2b: Raichu|Raichu|Raichunite Y\n|detailschange|p1b: Charizard|Charizard-Mega-Y, L50, M\n|-mega|p1b: Charizard|Charizard|Charizardite Y\n|-weather|SunnyDay|[from] ability: Drought|[of] p1b: Charizard\n|move|p2b: Raichu|Zap Cannon|p1b: Charizard\n|-supereffective|p1b: Charizard|1\n|-damage|p1b: Charizard|0 fnt\n|faint|p1b: Charizard\n|move|p1a: Mamoswine|Earthquake|p2a: Whimsicott|[spread] p2a,p2b\n|-resisted|p2a: Whimsicott|1\n|-supereffective|p2b: Raichu|1\n|-damage|p2a: Whimsicott|74/100\n|-damage|p2b: Raichu|0 fnt\n|faint|p2b: Raichu\n|-damage|p1a: Mamoswine|90/100|[from] item: Life Orb\n|move|p2a: Whimsicott|Trick Room|p2a: Whimsicott\n|-fieldstart|move: Trick Room|[of] p2a: Whimsicott\n|\n|-weather|SunnyDay|[upkeep]\n|upkeep\n|inactive|Cortadoenjoyer has 30 seconds left.\n|\n|t:|1788284455\n|switch|p1b: Torkoal|Torkoal, L50, F|100/100\n|switch|p2b: Primarina|Primarina, L50, M|100/100\n|turn|2\n|\n|t:|1788284474\n|move|p2a: Whimsicott|Tickle|p1a: Mamoswine\n|-unboost|p1a: Mamoswine|atk|1\n|-unboost|p1a: Mamoswine|def|1\n|move|p1a: Mamoswine|Ice Shard|p2a: Whimsicott\n|-supereffective|p2a: Whimsicott|1\n|-damage|p2a: Whimsicott|40/100\n|-damage|p1a: Mamoswine|80/100|[from] item: Life Orb\n|move|p1b: Torkoal|Eruption|p2b: Primarina|[spread] p2a,p2b\n|-supereffective|p2a: Whimsicott|1\n|-resisted|p2b: Primarina|1\n|-damage|p2a: Whimsicott|0 fnt\n|-damage|p2b: Primarina|65/100\n|faint|p2a: Whimsicott\n|move|p2b: Primarina|Hyper Voice|p1b: Torkoal|[spread] p1a,p1b\n|-supereffective|p1a: Mamoswine|1\n|-supereffective|p1b: Torkoal|1\n|-crit|p1b: Torkoal\n|-damage|p1a: Mamoswine|25/100\n|-damage|p1b: Torkoal|24/100\n|\n|-weather|SunnyDay|[upkeep]\n|upkeep\n|\n|t:|1788284491\n|switch|p2a: Mawile|Mawile, L50, F|100/100\n|-ability|p2a: Mawile|Intimidate|boost\n|-fail|p1a: Mamoswine|unboost|Attack|[from] ability: Oblivious|[of] p1a: Mamoswine\n|-unboost|p1b: Torkoal|atk|1\n|turn|3\n|\n|t:|1788284498\n|switch|p1a: Farigiraf|Farigiraf, L50, F|100/100\n|move|p2a: Mawile|Protect|p2a: Mawile\n|-singleturn|p2a: Mawile|Protect\n|move|p1b: Torkoal|Eruption|p2b: Primarina|[spread] p2b\n|-activate|p2a: Mawile|move: Protect\n|-resisted|p2b: Primarina|1\n|-crit|p2b: Primarina\n|-damage|p2b: Primarina|52/100\n|move|p2b: Primarina|Hyper Voice|p1b: Torkoal|[spread] p1a,p1b\n|-supereffective|p1b: Torkoal|1\n|-damage|p1a: Farigiraf|81/100\n|-damage|p1b: Torkoal|0 fnt\n|faint|p1b: Torkoal\n|\n|-weather|SunnyDay|[upkeep]\n|upkeep\n|\n|t:|1788284509\n|switch|p1b: Mamoswine|Mamoswine, L50, F|25/100\n|turn|4\n|\n|t:|1788284520\n|move|p1b: Mamoswine|Protect|p1b: Mamoswine\n|-singleturn|p1b: Mamoswine|Protect\n|move|p2a: Mawile|Iron Head|p1b: Mamoswine\n|-activate|p1b: Mamoswine|move: Protect\n|move|p2b: Primarina|Hyper Voice|p1a: Farigiraf|[spread] p1a\n|-activate|p1b: Mamoswine|move: Protect\n|-damage|p1a: Farigiraf|64/100\n|move|p1a: Farigiraf|Trick Room|p1a: Farigiraf\n|-fieldend|move: Trick Room\n|\n|-weather|SunnyDay|[upkeep]\n|upkeep\n|turn|5\n|\n|t:|1788284538\n|move|p2a: Mawile|Protect|p2a: Mawile\n|-singleturn|p2a: Mawile|Protect\n|move|p1b: Mamoswine|High Horsepower|p2a: Mawile\n|-activate|p2a: Mawile|move: Protect\n|move|p2b: Primarina|Hyper Voice|p1b: Mamoswine|[spread] p1a,p1b\n|-supereffective|p1b: Mamoswine|1\n|-damage|p1a: Farigiraf|47/100\n|-damage|p1b: Mamoswine|0 fnt\n|-enditem|p1a: Farigiraf|Sitrus Berry|[eat]\n|-heal|p1a: Farigiraf|72/100|[from] item: Sitrus Berry\n|faint|p1b: Mamoswine\n|move|p1a: Farigiraf|Thunderbolt|p2b: Primarina\n|-supereffective|p2b: Primarina|1\n|-damage|p2b: Primarina|16/100\n|\n|-weather|none\n|upkeep\n|turn|6\n|-message|chocokoala vgc forfeited.\n|\n|win|Cortadoenjoyer\n|raw|chocokoala vgc's rating: 1177 &rarr; <strong>1159</strong><br />(-18 for losing)\n|raw|Cortadoenjoyer's rating: 1271 &rarr; <strong>1289</strong><br />(+18 for winning)\n","uploadtime":1788284555,"views":"0","formatid":"gen9championsvgc2026regmb","rating":1159,"private":0,"password":null}