{"id":"gen9championsvgc2026regmbbo3-2673859251","format":"[Gen 9 Champions] VGC 2026 Reg M-B (Bo3)","players":["IBstudios","lucienflash"],"log":"|j|☆IBstudios\n|j|☆lucienflash\n|html|<table width=\"100%\"><tr><td align=\"left\">IBstudios</td><td align=\"right\">lucienflash</tr><tr><td align=\"left\"><i class=\"fa fa-circle-o\"></i> <i class=\"fa fa-circle-o\"></i> </td><td align=\"right\"><i class=\"fa fa-circle-o\"></i> <i class=\"fa fa-circle-o\"></i> </tr></table>\n|uhtml|bestof|<h2><strong>Game 1</strong> of <a href=\"/game-bestof3-gen9championsvgc2026regmbbo3-2673859249\">a best-of-3</a></h2>\n|t:|1788269595\n|gametype|doubles\n|player|p1|IBstudios|266|1296\n|player|p2|lucienflash|1|1296\n|gen|9\n|tier|[Gen 9 Champions] VGC 2026 Reg M-B (Bo3)\n|rated|\n|rule|Species Clause: Limit one of each Pokémon\n|rule|Item Clause: Limit 1 of each item\n|clearpoke\n|poke|p1|Incineroar, L50, F|\n|poke|p1|Dragonite, L50, F|\n|poke|p1|Metagross, L50|\n|poke|p1|Sneasler, L50, F|\n|poke|p1|Primarina, L50, F|\n|poke|p1|Sinistcha-Masterpiece, L50|\n|poke|p2|Torkoal, L50, F|\n|poke|p2|Blastoise, L50, M|\n|poke|p2|Farigiraf, L50, F|\n|poke|p2|Abomasnow, L50, M|\n|poke|p2|Lycanroc, L50, M|\n|poke|p2|Kingambit, L50, M|\n|teampreview|4\n|showteam|p1|Incineroar||SitrusBerry|Intimidate|FakeOut,FlareBlitz,ThroatChop,PartingShot|Adamant||F|||50|]Dragonite||Dragoninite|Multiscale|DragonPulse,HeatWave,Tailwind,Protect|Modest||F|||50|]Metagross||Metagrossite|ClearBody|PsychicFangs,BulletPunch,BodyPress,Protect|Jolly|||||50|]Sneasler||FocusSash|PoisonTouch|CloseCombat,PoisonJab,FakeOut,Protect|Jolly||F|||50|]Primarina||LifeOrb|LiquidVoice|HyperVoice,Moonblast,CalmMind,Protect|Modest||F|||50|]Sinistcha-Masterpiece||KasibBerry|Hospitality|MatchaGotcha,TrickRoom,RagePowder,Protect|Modest|||||50|\n|showteam|p2|Torkoal||LifeOrb|Drought|Eruption,EarthPower,SolarBeam,Protect|Modest||F|||50|]Blastoise||Blastoisinite|RainDish|FakeOut,AuraSphere,WaterSpout,DarkPulse|Modest||M|||50|]Farigiraf||SitrusBerry|ArmorTail|PsychicNoise,Thunderbolt,TrickRoom,RainDance|Bold||F|||50|]Abomasnow||Abomasite|SnowWarning|Blizzard,GigaDrain,AuroraVeil,Protect|Modest||M|||50|]Lycanroc||FocusSash|KeenEye|Accelerock,RockSlide,CloseCombat,Protect|Jolly||M|||50|]Kingambit||ChopleBerry|Defiant|IronHead,KowtowCleave,SuckerPunch,Protect|Brave||M|||50|\n|inactive|Battle timer is ON: inactive players will automatically lose when time's up. (requested by lucienflash)\n|inactive|IBstudios has 60 seconds left.\n|inactive|lucienflash has 60 seconds left.\n|\n|t:|1788269647\n|teamsize|p1|4\n|teamsize|p2|4\n|start\n|switch|p1a: Metagross|Metagross, L50|100/100\n|switch|p1b: Primarina|Primarina, L50, F|100/100\n|switch|p2a: Blastoise|Blastoise, L50, M|100/100\n|switch|p2b: Farigiraf|Farigiraf, L50, F|100/100\n|turn|1\n|inactive|lucienflash has 30 seconds left.\n|inactive|lucienflash has 20 seconds left.\n|inactive|lucienflash has 15 seconds left.\n|\n|t:|1788269689\n|detailschange|p2a: Blastoise|Blastoise-Mega, L50, M\n|-mega|p2a: Blastoise|Blastoise|Blastoisinite\n|move|p1a: Metagross|Protect|p1a: Metagross\n|-singleturn|p1a: Metagross|Protect\n|move|p2a: Blastoise|Dark Pulse|p1a: Metagross\n|-activate|p1a: Metagross|move: Protect\n|move|p1b: Primarina|Calm Mind|p1b: Primarina\n|-boost|p1b: Primarina|spa|1\n|-boost|p1b: Primarina|spd|1\n|move|p2b: Farigiraf|Trick Room|p2b: Farigiraf\n|-fieldstart|move: Trick Room|[of] p2b: Farigiraf\n|\n|upkeep\n|turn|2\n|inactive|IBstudios has 30 seconds left.\n|inactive|IBstudios has 20 seconds left.\n|inactive|IBstudios has 15 seconds left.\n|\n|t:|1788269732\n|switch|p1a: Dragonite|Dragonite, L50, F|100/100\n|move|p2b: Farigiraf|Thunderbolt|p1b: Primarina\n|-supereffective|p1b: Primarina|1\n|-damage|p1b: Primarina|72/100\n|move|p1b: Primarina|Moonblast|p2a: Blastoise\n|-damage|p2a: Blastoise|9/100\n|-damage|p1b: Primarina|63/100|[from] item: Life Orb\n|move|p2a: Blastoise|Dark Pulse|p1a: Dragonite\n|-damage|p1a: Dragonite|78/100\n|\n|upkeep\n|turn|3\n|inactive|IBstudios has 30 seconds left.\n|\n|t:|1788269764\n|detailschange|p1a: Dragonite|Dragonite-Mega, L50, F\n|-mega|p1a: Dragonite|Dragonite|Dragoninite\n|move|p2b: Farigiraf|Thunderbolt|p1b: Primarina\n|-supereffective|p1b: Primarina|1\n|-damage|p1b: Primarina|35/100\n|move|p1b: Primarina|Hyper Voice|p2a: Blastoise|[spread] p2a,p2b\n|-resisted|p2a: Blastoise|1\n|-crit|p2a: Blastoise\n|-damage|p2a: Blastoise|0 fnt\n|-damage|p2b: Farigiraf|24/100\n|-enditem|p2b: Farigiraf|Sitrus Berry|[eat]\n|-heal|p2b: Farigiraf|48/100|[from] item: Sitrus Berry\n|faint|p2a: Blastoise\n|-damage|p1b: Primarina|26/100|[from] item: Life Orb\n|move|p1a: Dragonite|Dragon Pulse|p2b: Farigiraf\n|-damage|p2b: Farigiraf|0 fnt\n|faint|p2b: Farigiraf\n|\n|upkeep\n|\n|t:|1788269770\n|switch|p2b: Abomasnow|Abomasnow, L50, M|100/100\n|switch|p2a: Torkoal|Torkoal, L50, F|100/100\n|-weather|SunnyDay|[from] ability: Drought|[of] p2a: Torkoal\n|-weather|Snowscape|[from] ability: Snow Warning|[of] p2b: Abomasnow\n|turn|4\n|\n|t:|1788269787\n|switch|p1a: Incineroar|Incineroar, L50, F|100/100\n|-ability|p1a: Incineroar|Intimidate|boost\n|-unboost|p2a: Torkoal|atk|1\n|-unboost|p2b: Abomasnow|atk|1\n|move|p1b: Primarina|Protect|p1b: Primarina\n|-singleturn|p1b: Primarina|Protect\n|move|p2a: Torkoal|Eruption|p1b: Primarina|[spread] p1a\n|-activate|p1b: Primarina|move: Protect\n|-resisted|p1a: Incineroar|1\n|-damage|p1a: Incineroar|71/100\n|-damage|p2a: Torkoal|90/100|[from] item: Life Orb\n|move|p2b: Abomasnow|Aurora Veil|p2b: Abomasnow\n|-sidestart|p2: lucienflash|move: Aurora Veil\n|\n|-weather|Snowscape|[upkeep]\n|upkeep\n|turn|5\n|\n|t:|1788269807\n|move|p1a: Incineroar|Fake Out|p2b: Abomasnow\n|-damage|p2b: Abomasnow|92/100\n|move|p2a: Torkoal|Earth Power|p1a: Incineroar\n|-supereffective|p1a: Incineroar|1\n|-damage|p1a: Incineroar|15/100\n|-enditem|p1a: Incineroar|Sitrus Berry|[eat]\n|-heal|p1a: Incineroar|40/100|[from] item: Sitrus Berry\n|-damage|p2a: Torkoal|80/100|[from] item: Life Orb\n|cant|p2b: Abomasnow|flinch\n|move|p1b: Primarina|Calm Mind|p1b: Primarina\n|-boost|p1b: Primarina|spa|1\n|-boost|p1b: Primarina|spd|1\n|\n|-weather|Snowscape|[upkeep]\n|-fieldend|move: Trick Room\n|upkeep\n|turn|6\n|\n|t:|1788269818\n|move|p1b: Primarina|Hyper Voice|p2b: Abomasnow|[spread] p2a,p2b\n|-supereffective|p2a: Torkoal|1\n|-resisted|p2b: Abomasnow|1\n|-damage|p2a: Torkoal|0 fnt\n|-damage|p2b: Abomasnow|61/100\n|faint|p2a: Torkoal\n|-damage|p1b: Primarina|16/100|[from] item: Life Orb\n|move|p1a: Incineroar|Flare Blitz|p2b: Abomasnow\n|-supereffective|p2b: Abomasnow|2\n|-damage|p2b: Abomasnow|0 fnt\n|faint|p2b: Abomasnow\n|-damage|p1a: Incineroar|20/100r|[from] Recoil\n|\n|win|IBstudios\n||lucienflash is ready for game 2.\n||IBstudios is ready for game 2.\n|uhtml|next|Next: <a href=\"/battle-gen9championsvgc2026regmbbo3-2673860916\"><strong>Game 2 of 3</strong></a>\n|l|☆lucienflash\n|player|p2|\n","uploadtime":1788270054,"views":"21","formatid":"gen9championsvgc2026regmbbo3","rating":null,"private":0,"password":null}