{"id":"gen9championsvgc2026regmb-2673950458","format":"[Gen 9 Champions] VGC 2026 Reg M-B","players":["MileDownDaRoad","YourMomIsMyFriend"],"log":"|j|☆MileDownDaRoad\n|j|☆YourMomIsMyFriend\n|t:|1788280891\n|gametype|doubles\n|player|p1|MileDownDaRoad|volkner|1093\n|player|p2|YourMomIsMyFriend|169|1037\n|gen|9\n|tier|[Gen 9 Champions] VGC 2026 Reg M-B\n|rated|\n|rule|Species Clause: Limit one of each Pokémon\n|rule|Item Clause: Limit 1 of each item\n|clearpoke\n|poke|p1|Feraligatr, L50, M|\n|poke|p1|Sinistcha, L50|\n|poke|p1|Vivillon, L50, M|\n|poke|p1|Sneasler, L50, F|\n|poke|p1|Delphox, L50, F|\n|poke|p1|Incineroar, L50, M|\n|poke|p2|Farigiraf, L50, F|\n|poke|p2|Arcanine-Hisui, L50, M|\n|poke|p2|Sylveon, L50, F|\n|poke|p2|Staraptor, L50, F|\n|poke|p2|Raichu, L50, F|\n|poke|p2|Kingambit, L50, F|\n|teampreview|4\n|\n|t:|1788280941\n|teamsize|p1|4\n|teamsize|p2|4\n|start\n|switch|p1a: Vivillon|Vivillon, L50, M|100/100\n|switch|p1b: Delphox|Delphox, L50, F|100/100\n|switch|p2a: Kingambit|Kingambit, L50, F|100/100\n|switch|p2b: Arcanine|Arcanine-Hisui, L50, M|100/100\n|turn|1\n|inactive|Battle timer is ON: inactive players will automatically lose when time's up. (requested by MileDownDaRoad)\n|\n|t:|1788280961\n|detailschange|p1b: Delphox|Delphox-Mega, L50, F\n|-mega|p1b: Delphox|Delphox|Delphoxite\n|move|p2a: Kingambit|Sucker Punch||[still]\n|-fail|p2a: Kingambit\n|move|p1a: Vivillon|Sleep Powder|p2b: Arcanine\n|-status|p2b: Arcanine|slp|[from] move: Sleep Powder\n|cant|p2b: Arcanine|slp\n|move|p1b: Delphox|Nasty Plot|p1b: Delphox\n|-boost|p1b: Delphox|spa|2\n|\n|upkeep\n|turn|2\n|\n|t:|1788280980\n|move|p1b: Delphox|Protect|p1b: Delphox\n|-singleturn|p1b: Delphox|Protect\n|move|p1a: Vivillon|Sleep Powder|p2a: Kingambit\n|-status|p2a: Kingambit|slp|[from] move: Sleep Powder\n|cant|p2b: Arcanine|slp\n|cant|p2a: Kingambit|slp\n|\n|upkeep\n|turn|3\n|\n|t:|1788280996\n|switch|p1a: Sneasler|Sneasler, L50, F|100/100\n|switch|p2a: Farigiraf|Farigiraf, L50, F|100/100\n|-curestatus|p2b: Arcanine|slp|[msg]\n|move|p2b: Arcanine|Head Smash|p1b: Delphox|[miss]\n|-miss|p2b: Arcanine|p1b: Delphox\n|move|p1b: Delphox|Heat Wave|p2a: Farigiraf|[spread] p2a,p2b\n|-resisted|p2b: Arcanine|2\n|-damage|p2a: Farigiraf|36/100\n|-damage|p2b: Arcanine|71/100\n|-enditem|p2a: Farigiraf|Sitrus Berry|[eat]\n|-heal|p2a: Farigiraf|61/100|[from] item: Sitrus Berry\n|\n|upkeep\n|turn|4\n|inactive|MileDownDaRoad has 30 seconds left.\n|inactive|YourMomIsMyFriend has 30 seconds left.\n|\n|t:|1788281027\n|move|p2b: Arcanine|Protect|p2b: Arcanine\n|-singleturn|p2b: Arcanine|Protect\n|move|p1a: Sneasler|Close Combat|p2b: Arcanine\n|-activate|p2b: Arcanine|move: Protect\n|move|p1b: Delphox|Heat Wave|p2a: Farigiraf|[spread] p2a\n|-activate|p2b: Arcanine|move: Protect\n|-damage|p2a: Farigiraf|0 fnt\n|faint|p2a: Farigiraf\n|\n|upkeep\n|\n|t:|1788281037\n|switch|p2a: Staraptor|Staraptor, L50, F|100/100\n|-ability|p2a: Staraptor|Intimidate|boost\n|-unboost|p1a: Sneasler|atk|1\n|-unboost|p1b: Delphox|atk|1\n|turn|5\n|\n|t:|1788281054\n|detailschange|p2a: Staraptor|Staraptor-Mega, L50, F\n|-mega|p2a: Staraptor|Staraptor|Staraptite\n|move|p1a: Sneasler|Close Combat|p2b: Arcanine\n|-supereffective|p2b: Arcanine|1\n|-damage|p2b: Arcanine|0 fnt\n|-unboost|p1a: Sneasler|def|1\n|-unboost|p1a: Sneasler|spd|1\n|faint|p2b: Arcanine\n|move|p2a: Staraptor|Tailwind|p2a: Staraptor\n|-sidestart|p2: YourMomIsMyFriend|move: Tailwind\n|move|p1b: Delphox|Psychic|p2a: Staraptor\n|-supereffective|p2a: Staraptor|1\n|-crit|p2a: Staraptor\n|-damage|p2a: Staraptor|0 fnt\n|faint|p2a: Staraptor\n|\n|upkeep\n|\n|t:|1788281062\n|switch|p2b: Kingambit|Kingambit, L50, F|100/100 slp\n|turn|6\n|\n|t:|1788281070\n|cant|p2b: Kingambit|slp\n|move|p1a: Sneasler|Close Combat|p2b: Kingambit\n|-supereffective|p2b: Kingambit|2\n|-damage|p2b: Kingambit|0 fnt\n|-unboost|p1a: Sneasler|def|1\n|-unboost|p1a: Sneasler|spd|1\n|faint|p2b: Kingambit\n|\n|win|MileDownDaRoad\n|raw|MileDownDaRoad's rating: 1093 &rarr; <strong>1115</strong><br />(+22 for winning)\n|raw|YourMomIsMyFriend's rating: 1037 &rarr; <strong>1024</strong><br />(-13 for losing)\n|l|☆YourMomIsMyFriend\n|player|p2|\n","uploadtime":1788281080,"views":"2","formatid":"gen9championsvgc2026regmb","rating":1024,"private":0,"password":null}