{"id":"gen9championsvgc2026regmb-2674285903","format":"[Gen 9 Champions] VGC 2026 Reg M-B","players":["trods2","Nderechte"],"log":"|j|☆trods2\n|j|☆Nderechte\n|t:|1788331851\n|gametype|doubles\n|player|p1|trods2|clerk|1145\n|player|p2|Nderechte|n|1194\n|gen|9\n|tier|[Gen 9 Champions] VGC 2026 Reg M-B\n|rated|\n|rule|Species Clause: Limit one of each Pokémon\n|rule|Item Clause: Limit 1 of each item\n|clearpoke\n|poke|p1|Dragapult, L50, M|\n|poke|p1|Scovillain, L50, M|\n|poke|p1|Tyranitar, L50, M|\n|poke|p1|Incineroar, L50, M|\n|poke|p1|Heliolisk, L50, F|\n|poke|p1|Rotom-Wash, L50|\n|poke|p2|Gardevoir, L50, M|\n|poke|p2|Incineroar, L50, F|\n|poke|p2|Garchomp, L50, M|\n|poke|p2|Basculegion, L50, M|\n|poke|p2|Metagross, L50|\n|poke|p2|Whimsicott, L50, M|\n|teampreview|4\n|inactive|Battle timer is ON: inactive players will automatically lose when time's up. (requested by Nderechte)\n|inactive|trods2 has 60 seconds left.\n|\n|t:|1788331896\n|teamsize|p1|4\n|teamsize|p2|4\n|start\n|switch|p1a: Scovillain|Scovillain, L50, M|100/100\n|switch|p1b: Incineroar|Incineroar, L50, M|100/100\n|switch|p2a: Whimsicott|Whimsicott, L50, M|100/100\n|switch|p2b: Garchomp|Garchomp, L50, M|100/100\n|-ability|p1b: Incineroar|Intimidate|boost\n|-unboost|p2a: Whimsicott|atk|1\n|-unboost|p2b: Garchomp|atk|1\n|turn|1\n|\n|t:|1788331920\n|detailschange|p1a: Scovillain|Scovillain-Mega, L50, M\n|-mega|p1a: Scovillain|Scovillain|Scovillainite\n|move|p1b: Incineroar|Fake Out|p2a: Whimsicott\n|-damage|p2a: Whimsicott|78/100\n|cant|p2a: Whimsicott|flinch\n|move|p2b: Garchomp|Rock Slide|p1b: Incineroar|[spread] p1a,p1b\n|-supereffective|p1a: Scovillain|1\n|-supereffective|p1b: Incineroar|1\n|-damage|p1a: Scovillain|69/100\n|-damage|p1b: Incineroar|69/100\n|-status|p2b: Garchomp|brn|[from] ability: Spicy Spray|[of] p1a: Scovillain\n|cant|p1a: Scovillain|flinch\n|\n|-damage|p2b: Garchomp|94/100 brn|[from] brn\n|upkeep\n|turn|2\n|inactive|trods2 has 30 seconds left.\n|inactive|trods2 has 20 seconds left.\n|\n|t:|1788331956\n|switch|p1b: Rotom|Rotom-Wash, L50|100/100\n|move|p2a: Whimsicott|Tickle|p1b: Rotom\n|-unboost|p1b: Rotom|atk|1\n|-unboost|p1b: Rotom|def|1\n|move|p2b: Garchomp|Rock Slide|p1a: Scovillain|[spread] p1a,p1b\n|-supereffective|p1a: Scovillain|1\n|-damage|p1a: Scovillain|56/100\n|-damage|p1b: Rotom|84/100\n|cant|p1a: Scovillain|flinch\n|\n|-heal|p1b: Rotom|89/100|[from] item: Leftovers\n|-damage|p2b: Garchomp|88/100 brn|[from] brn\n|upkeep\n|turn|3\n|\n|t:|1788331981\n|switch|p2b: Basculegion|Basculegion, L50, M|100/100\n|move|p2a: Whimsicott|Moonblast|p1b: Rotom\n|-damage|p1b: Rotom|40/100\n|move|p1b: Rotom|Hydro Pump|p2a: Whimsicott\n|-resisted|p2a: Whimsicott|1\n|-crit|p2a: Whimsicott\n|-damage|p2a: Whimsicott|18/100\n|move|p1a: Scovillain|Leech Seed|p2b: Basculegion\n|-start|p2b: Basculegion|move: Leech Seed\n|\n|-heal|p1b: Rotom|45/100|[from] item: Leftovers\n|-damage|p2b: Basculegion|87/100|[from] Leech Seed|[of] p1a: Scovillain\n|-heal|p1a: Scovillain|70/100|[silent]\n|upkeep\n|turn|4\n|\n|t:|1788332003\n|move|p1a: Scovillain|Protect|p1a: Scovillain\n|-singleturn|p1a: Scovillain|Protect\n|move|p2a: Whimsicott|Moonblast|p1b: Rotom\n|-damage|p1b: Rotom|0 fnt\n|faint|p1b: Rotom\n|move|p2b: Basculegion|Wave Crash|p1a: Scovillain\n|-activate|p1a: Scovillain|move: Protect\n|\n|-damage|p2b: Basculegion|75/100|[from] Leech Seed|[of] p1a: Scovillain\n|-heal|p1a: Scovillain|85/100|[silent]\n|upkeep\n|\n|t:|1788332015\n|switch|p1b: Incineroar|Incineroar, L50, M|69/100\n|-ability|p1b: Incineroar|Intimidate|boost\n|-unboost|p2a: Whimsicott|atk|1\n|-unboost|p2b: Basculegion|atk|1\n|turn|5\n|\n|t:|1788332037\n|switch|p2a: Garchomp|Garchomp, L50, M|88/100 brn\n|move|p1b: Incineroar|Fake Out|p2a: Garchomp\n|-damage|p2a: Garchomp|74/100 brn\n|-damage|p1b: Incineroar|56/100|[from] ability: Rough Skin|[of] p2a: Garchomp\n|move|p1a: Scovillain|Rage Powder|p1a: Scovillain\n|-singleturn|p1a: Scovillain|move: Rage Powder\n|move|p2b: Basculegion|Icy Wind|p1a: Scovillain|[spread] p1a,p1b\n|-resisted|p1b: Incineroar|1\n|-damage|p1a: Scovillain|76/100\n|-damage|p1b: Incineroar|52/100\n|-unboost|p1a: Scovillain|spe|1\n|-unboost|p1b: Incineroar|spe|1\n|-status|p2b: Basculegion|brn|[from] ability: Spicy Spray|[of] p1a: Scovillain\n|\n|-damage|p2b: Basculegion|62/100 brn|[from] Leech Seed|[of] p1a: Scovillain\n|-heal|p1a: Scovillain|91/100|[silent]\n|-damage|p2a: Garchomp|68/100 brn|[from] brn\n|-damage|p2b: Basculegion|56/100 brn|[from] brn\n|upkeep\n|turn|6\n|inactive|trods2 has 30 seconds left.\n|\n|t:|1788332063\n|move|p2b: Basculegion|Protect|p2b: Basculegion\n|-singleturn|p2b: Basculegion|Protect\n|move|p2a: Garchomp|Earthquake|p1b: Incineroar|[spread] p1a,p1b\n|-activate|p2b: Basculegion|move: Protect\n|-supereffective|p1b: Incineroar|1\n|-damage|p1a: Scovillain|71/100\n|-damage|p1b: Incineroar|10/100\n|-enditem|p1b: Incineroar|Sitrus Berry|[eat]\n|-heal|p1b: Incineroar|35/100|[from] item: Sitrus Berry\n|move|p1a: Scovillain|Giga Drain|p2b: Basculegion\n|-activate|p2b: Basculegion|move: Protect\n|move|p1b: Incineroar|Parting Shot|p2a: Garchomp\n|-unboost|p2a: Garchomp|atk|1\n|-unboost|p2a: Garchomp|spa|1\n|\n|t:|1788332078\n|switch|p1b: Dragapult|Dragapult, L50, M|100/100|[from] Parting Shot\n|\n|-damage|p2b: Basculegion|44/100 brn|[from] Leech Seed|[of] p1a: Scovillain\n|-heal|p1a: Scovillain|86/100|[silent]\n|-damage|p2a: Garchomp|62/100 brn|[from] brn\n|-damage|p2b: Basculegion|38/100 brn|[from] brn\n|upkeep\n|turn|7\n|\n|t:|1788332101\n|switch|p2a: Whimsicott|Whimsicott, L50, M|18/100\n|move|p1b: Dragapult|Substitute|p1b: Dragapult\n|-start|p1b: Dragapult|Substitute\n|-damage|p1b: Dragapult|75/100\n|move|p2b: Basculegion|Last Respects|p1b: Dragapult\n|-supereffective|p1b: Dragapult|1\n|-end|p1b: Dragapult|Substitute\n|move|p1a: Scovillain|Leech Seed|p2a: Whimsicott\n|-immune|p2a: Whimsicott\n|\n|-damage|p2b: Basculegion|25/100 brn|[from] Leech Seed|[of] p1a: Scovillain\n|-heal|p1a: Scovillain|100/100|[silent]\n|-damage|p2b: Basculegion|19/100 brn|[from] brn\n|upkeep\n|turn|8\n|\n|t:|1788332122\n|move|p1a: Scovillain|Rage Powder|p1a: Scovillain\n|-singleturn|p1a: Scovillain|move: Rage Powder\n|move|p2a: Whimsicott|Tailwind|p2a: Whimsicott\n|-sidestart|p2: Nderechte|move: Tailwind\n|move|p2b: Basculegion|Last Respects|p1a: Scovillain\n|-damage|p1a: Scovillain|90/100\n|move|p1b: Dragapult|Phantom Force||[still]\n|-prepare|p1b: Dragapult|Phantom Force\n|\n|-damage|p2b: Basculegion|7/100 brn|[from] Leech Seed|[of] p1a: Scovillain\n|-heal|p1a: Scovillain|100/100|[silent]\n|-damage|p2b: Basculegion|1/100 brn|[from] brn\n|upkeep\n|turn|9\n|inactive|Nderechte has 30 seconds left.\n|\n|t:|1788332154\n|switch|p2a: Garchomp|Garchomp, L50, M|62/100 brn\n|move|p2b: Basculegion|Wave Crash|p1a: Scovillain\n|-damage|p1a: Scovillain|70/100\n|-damage|p2b: Basculegion|0 fnt|[from] Recoil\n|faint|p2b: Basculegion\n|move|p1b: Dragapult|Phantom Force|p2a: Garchomp|[from] lockedmove\n|-damage|p2a: Garchomp|17/100 brn\n|-damage|p1b: Dragapult|63/100|[from] ability: Rough Skin|[of] p2a: Garchomp\n|move|p1a: Scovillain|Giga Drain|p2a: Garchomp\n|-damage|p2a: Garchomp|0 fnt\n|-heal|p1a: Scovillain|80/100|[from] drain|[of] p2a: Garchomp\n|faint|p2a: Garchomp\n|\n|upkeep\n|\n|t:|1788332164\n|switch|p2a: Whimsicott|Whimsicott, L50, M|18/100\n|switch|p2b: Gardevoir|Gardevoir, L50, M|100/100\n|-ability|p2b: Gardevoir|Spicy Spray|Trace|[from] ability: Trace|[of] p1a: Scovillain\n|turn|10\n|inactive|trods2 has 30 seconds left.\n|inactive|trods2 has 20 seconds left.\n|\n|t:|1788332199\n|switch|p1b: Incineroar|Incineroar, L50, M|35/100\n|-ability|p1b: Incineroar|Intimidate|boost\n|-unboost|p2a: Whimsicott|atk|1\n|-unboost|p2b: Gardevoir|atk|1\n|detailschange|p2b: Gardevoir|Gardevoir-Mega, L50, M\n|-mega|p2b: Gardevoir|Gardevoir|Gardevoirite\n|move|p2a: Whimsicott|Moonblast|p1b: Incineroar\n|-damage|p1b: Incineroar|2/100\n|move|p2b: Gardevoir|Psychic|p1a: Scovillain\n|-damage|p1a: Scovillain|27/100\n|-status|p2b: Gardevoir|brn|[from] ability: Spicy Spray|[of] p1a: Scovillain\n|move|p1a: Scovillain|Leech Seed|p2b: Gardevoir\n|-start|p2b: Gardevoir|move: Leech Seed\n|\n|-damage|p2b: Gardevoir|88/100 brn|[from] Leech Seed|[of] p1a: Scovillain\n|-heal|p1a: Scovillain|37/100|[silent]\n|-damage|p2b: Gardevoir|82/100 brn|[from] brn\n|upkeep\n|turn|11\n|inactive|trods2 has 30 seconds left.\n|inactive|Nderechte has 30 seconds left.\n|\n|t:|1788332230\n|move|p1a: Scovillain|Protect|p1a: Scovillain\n|-singleturn|p1a: Scovillain|Protect\n|move|p1b: Incineroar|Fake Out|p2a: Whimsicott\n|-damage|p2a: Whimsicott|0 fnt\n|faint|p2a: Whimsicott\n|move|p2b: Gardevoir|Hyper Voice|p1b: Incineroar|[spread] p1b\n|-activate|p1a: Scovillain|move: Protect\n|-damage|p1b: Incineroar|0 fnt\n|faint|p1b: Incineroar\n|\n|-damage|p2b: Gardevoir|70/100 brn|[from] Leech Seed|[of] p1a: Scovillain\n|-heal|p1a: Scovillain|47/100|[silent]\n|-damage|p2b: Gardevoir|65/100 brn|[from] brn\n|-sideend|p2: Nderechte|move: Tailwind\n|upkeep\n|\n|t:|1788332245\n|switch|p1b: Dragapult|Dragapult, L50, M|63/100\n|turn|12\n|\n|t:|1788332263\n|move|p1b: Dragapult|Phantom Force||[still]\n|-prepare|p1b: Dragapult|Phantom Force\n|move|p2b: Gardevoir|Hyper Voice|p1b: Dragapult|[spread] p1a\n|-miss|p2b: Gardevoir|p1b: Dragapult\n|-resisted|p1a: Scovillain|1\n|-crit|p1a: Scovillain\n|-damage|p1a: Scovillain|5/100\n|move|p1a: Scovillain|Giga Drain|p2b: Gardevoir\n|-damage|p2b: Gardevoir|32/100 brn\n|-heal|p1a: Scovillain|18/100|[from] drain|[of] p2b: Gardevoir\n|\n|-damage|p2b: Gardevoir|20/100y brn|[from] Leech Seed|[of] p1a: Scovillain\n|-heal|p1a: Scovillain|28/100|[silent]\n|-damage|p2b: Gardevoir|15/100 brn|[from] brn\n|upkeep\n|turn|13\n|\n|t:|1788332279\n|move|p2b: Gardevoir|Protect|p2b: Gardevoir\n|-singleturn|p2b: Gardevoir|Protect\n|move|p1a: Scovillain|Rage Powder|p1a: Scovillain\n|-singleturn|p1a: Scovillain|move: Rage Powder\n|move|p1b: Dragapult|Phantom Force|p2b: Gardevoir|[from] lockedmove\n|-activate|p2b: Gardevoir|move: Phantom Force|[broken]\n|-supereffective|p2b: Gardevoir|1\n|-damage|p2b: Gardevoir|0 fnt\n|faint|p2b: Gardevoir\n|\n|win|trods2\n|raw|trods2's rating: 1145 &rarr; <strong>1174</strong><br />(+29 for winning)\n|raw|Nderechte's rating: 1194 &rarr; <strong>1165</strong><br />(-29 for losing)\n|l|☆Nderechte\n|player|p2|\n","uploadtime":1788332522,"views":"10","formatid":"gen9championsvgc2026regmb","rating":1165,"private":0,"password":null}