{"id":"gen9championsvgc2026regmb-2674213007","format":"[Gen 9 Champions] VGC 2026 Reg M-B","players":["btc37","Sturty685"],"log":"|j|☆btc37\n|j|☆Sturty685\n|t:|1788316453\n|gametype|doubles\n|player|p1|btc37|170|1223\n|player|p2|Sturty685|170|1110\n|gen|9\n|tier|[Gen 9 Champions] VGC 2026 Reg M-B\n|rated|\n|rule|Species Clause: Limit one of each Pokémon\n|rule|Item Clause: Limit 1 of each item\n|clearpoke\n|poke|p1|Gengar, L50, F|\n|poke|p1|Maushold-Four, L50|\n|poke|p1|Garchomp, L50, F|\n|poke|p1|Whimsicott, L50, M, shiny|\n|poke|p1|Incineroar, L50, M|\n|poke|p1|Rotom-Wash, L50|\n|poke|p2|Machamp, L50, M|\n|poke|p2|Abomasnow, L50, F|\n|poke|p2|Incineroar, L50, M|\n|poke|p2|Corviknight, L50, F|\n|poke|p2|Milotic, L50, M|\n|poke|p2|Pangoro, L50, F|\n|teampreview|4\nbtc37 has agreed to open team sheets.\n|\n|t:|1788316497\n|teamsize|p1|4\n|teamsize|p2|4\n|start\n|switch|p1a: Maushold|Maushold-Four, L50|100/100\n|switch|p1b: Gengar|Gengar, L50, F|100/100\n|switch|p2a: Milotic|Milotic, L50, M|100/100\n|switch|p2b: Corviknight|Corviknight, L50, F|100/100\n|turn|1\n|\n|t:|1788316515\n|switch|p2a: Incineroar|Incineroar, L50, M|100/100\n|-ability|p2a: Incineroar|Intimidate|boost\n|-unboost|p1a: Maushold|atk|1\n|-unboost|p1b: Gengar|atk|1\n|detailschange|p1b: Gengar|Gengar-Mega, L50, F\n|-mega|p1b: Gengar|Gengar|Gengarite\n|move|p1b: Gengar|Protect|p1b: Gengar\n|-singleturn|p1b: Gengar|Protect\n|move|p1a: Maushold|Protect|p1a: Maushold\n|-singleturn|p1a: Maushold|Protect\n|move|p2b: Corviknight|Bulk Up|p2b: Corviknight\n|-boost|p2b: Corviknight|atk|1\n|-boost|p2b: Corviknight|def|1\n|\n|upkeep\n|turn|2\n|\n|t:|1788316537\n|switch|p1a: Garchomp|Garchomp, L50, F|100/100\n|move|p1b: Gengar|Disable|p2b: Corviknight\n|-start|p2b: Corviknight|Disable|Bulk Up\n|-enditem|p2b: Corviknight|Mental Herb\n|-end|p2b: Corviknight|Disable\n|move|p2b: Corviknight|Brave Bird|p1b: Gengar\n|-damage|p1b: Gengar|0 fnt\n|faint|p1b: Gengar\n|-damage|p2b: Corviknight|73/100|[from] Recoil\n|move|p2a: Incineroar|Throat Chop|p1a: Garchomp\n|-damage|p1a: Garchomp|51/100\n|-start|p1a: Garchomp|Throat Chop|[silent]\n|-damage|p2a: Incineroar|87/100|[from] ability: Rough Skin|[of] p1a: Garchomp\n|\n|upkeep\n|\n|t:|1788316552\n|switch|p1b: Rotom|Rotom-Wash, L50|100/100\n|turn|3\n|\n|t:|1788316566\n|move|p1a: Garchomp|Stomping Tantrum|p2a: Incineroar\n|-supereffective|p2a: Incineroar|1\n|-damage|p2a: Incineroar|0 fnt\n|faint|p2a: Incineroar\n|-damage|p1a: Garchomp|41/100|[from] item: Life Orb\n|move|p1b: Rotom|Will-O-Wisp|p2b: Corviknight\n|-status|p2b: Corviknight|brn\n|move|p2b: Corviknight|Body Press|p1b: Rotom\n|-damage|p1b: Rotom|85/100\n|\n|-heal|p1b: Rotom|91/100|[from] item: Leftovers\n|-damage|p2b: Corviknight|67/100 brn|[from] brn\n|-end|p1a: Garchomp|Throat Chop|[silent]\n|upkeep\n|\n|t:|1788316573\n|switch|p2a: Abomasnow|Abomasnow, L50, F|100/100\n|-weather|Snowscape|[from] ability: Snow Warning|[of] p2a: Abomasnow\n|turn|4\n|\n|t:|1788316593\n|move|p2a: Abomasnow|Protect|p2a: Abomasnow\n|-singleturn|p2a: Abomasnow|Protect\n|move|p1a: Garchomp|Rock Slide|p2b: Corviknight|[spread] p2b\n|-activate|p2a: Abomasnow|move: Protect\n|-damage|p2b: Corviknight|51/100 brn\n|-damage|p1a: Garchomp|31/100|[from] item: Life Orb\n|move|p1b: Rotom|Hydro Pump|p2b: Corviknight\n|-damage|p2b: Corviknight|10/100 brn\n|move|p2b: Corviknight|Tailwind|p2b: Corviknight\n|-sidestart|p2: Sturty685|move: Tailwind\n|\n|-weather|Snowscape|[upkeep]\n|-heal|p1b: Rotom|97/100|[from] item: Leftovers\n|-damage|p2b: Corviknight|4/100 brn|[from] brn\n|upkeep\n|turn|5\n|\n|t:|1788316631\n|move|p1a: Garchomp|Protect|p1a: Garchomp\n|-singleturn|p1a: Garchomp|Protect\n|move|p1b: Rotom|Protect|p1b: Rotom\n|-singleturn|p1b: Rotom|Protect\n|move|p2b: Corviknight|Brave Bird|p1b: Rotom\n|-activate|p1b: Rotom|move: Protect\n|move|p2a: Abomasnow|Aurora Veil|p2a: Abomasnow\n|-sidestart|p2: Sturty685|move: Aurora Veil\n|\n|-weather|Snowscape|[upkeep]\n|-heal|p1b: Rotom|100/100|[from] item: Leftovers\n|-damage|p2b: Corviknight|0 fnt|[from] brn\n|faint|p2b: Corviknight\n|upkeep\n|\n|t:|1788316637\n|switch|p2b: Milotic|Milotic, L50, M|100/100\n|turn|6\n|\n|t:|1788316649\n|switch|p1a: Maushold|Maushold-Four, L50|100/100\n|detailschange|p2a: Abomasnow|Abomasnow-Mega, L50, F\n|-mega|p2a: Abomasnow|Abomasnow|Abomasite\n|move|p2b: Milotic|Scald|p1b: Rotom\n|-resisted|p1b: Rotom|1\n|-damage|p1b: Rotom|89/100\n|move|p1b: Rotom|Will-O-Wisp|p2b: Milotic\n|-status|p2b: Milotic|brn\n|move|p2a: Abomasnow|Blizzard|p1b: Rotom|[spread] p1a,p1b\n|-crit|p1a: Maushold\n|-resisted|p1b: Rotom|1\n|-damage|p1a: Maushold|33/100\n|-damage|p1b: Rotom|78/100\n|\n|-weather|Snowscape|[upkeep]\n|-heal|p1b: Rotom|84/100|[from] item: Leftovers\n|-damage|p2b: Milotic|94/100 brn|[from] brn\n|upkeep\n|turn|7\n|\n|t:|1788316685\n|move|p1a: Maushold|Follow Me|p1a: Maushold\n|-singleturn|p1a: Maushold|move: Follow Me\n|move|p2b: Milotic|Scald|p1a: Maushold\n|-damage|p1a: Maushold|0 fnt\n|faint|p1a: Maushold\n|move|p1b: Rotom|Will-O-Wisp|p2a: Abomasnow\n|-status|p2a: Abomasnow|brn\n|move|p2a: Abomasnow|Leaf Storm|p1b: Rotom\n|-supereffective|p1b: Rotom|1\n|-damage|p1b: Rotom|0 fnt\n|-unboost|p2a: Abomasnow|spa|2\n|faint|p1b: Rotom\n|\n|-weather|Snowscape|[upkeep]\n|-heal|p2b: Milotic|100/100 brn|[from] item: Leftovers\n|-damage|p2b: Milotic|94/100 brn|[from] brn\n|-damage|p2a: Abomasnow|93/100 brn|[from] brn\n|-sideend|p2: Sturty685|move: Tailwind\n|upkeep\n|\n|t:|1788316711\n|switch|p1b: Garchomp|Garchomp, L50, F|31/100\n|turn|8\n|inactive|Battle timer is ON: inactive players will automatically lose when time's up. (requested by Sturty685)\n|\n|t:|1788316726\n|move|p1b: Garchomp|Rock Slide|p2a: Abomasnow|[spread] p2b\n|-miss|p1b: Garchomp|p2a: Abomasnow\n|-damage|p2b: Milotic|82/100 brn\n|-damage|p1b: Garchomp|22/100|[from] item: Life Orb\n|move|p2b: Milotic|Ice Beam|p1b: Garchomp\n|-supereffective|p1b: Garchomp|2\n|-damage|p1b: Garchomp|0 fnt\n|faint|p1b: Garchomp\n|\n|win|Sturty685\n|raw|btc37's rating: 1223 &rarr; <strong>1190</strong><br />(-33 for losing)\n|raw|Sturty685's rating: 1110 &rarr; <strong>1143</strong><br />(+33 for winning)\n|l|☆Sturty685\n|player|p2|\n","uploadtime":1788316782,"views":"0","formatid":"gen9championsvgc2026regmb","rating":1143,"private":0,"password":null}