{"id":"gen9championsvgc2026regmb-2674969063","format":"[Gen 9 Champions] VGC 2026 Reg M-B","players":["DarkDustDespair","tztimlee"],"log":"|j|☆DarkDustDespair\n|j|☆tztimlee\n|t:|1788443374\n|gametype|doubles\n|player|p1|DarkDustDespair|101|1194\n|player|p2|tztimlee|170|1125\n|gen|9\n|tier|[Gen 9 Champions] VGC 2026 Reg M-B\n|rated|\n|rule|Species Clause: Limit one of each Pokémon\n|rule|Item Clause: Limit 1 of each item\n|clearpoke\n|poke|p1|Scizor, L50, F|\n|poke|p1|Tyranitar, L50, F|\n|poke|p1|Whimsicott, L50, M|\n|poke|p1|Sneasler, L50, F|\n|poke|p1|Sinistcha, L50|\n|poke|p1|Archaludon, L50, M|\n|poke|p2|Venusaur, L50, M|\n|poke|p2|Charizard, L50, M|\n|poke|p2|Garchomp, L50, M|\n|poke|p2|Sylveon, L50, M|\n|poke|p2|Incineroar, L50, M|\n|poke|p2|Toxapex, L50, M|\n|teampreview|4\n|inactive|Battle timer is ON: inactive players will automatically lose when time's up. (requested by DarkDustDespair)\ntztimlee has agreed to open team sheets.\n|inactive|tztimlee has 60 seconds left.\nDarkDustDespair rejected open team sheets.\n|\n|t:|1788443421\n|teamsize|p1|4\n|teamsize|p2|4\n|start\n|switch|p1a: Whimsicott|Whimsicott, L50, M|100/100\n|switch|p1b: Sneasler|Sneasler, L50, F|100/100\n|switch|p2a: Garchomp|Garchomp, L50, M|100/100\n|switch|p2b: Sylveon|Sylveon, L50, M|100/100\n|turn|1\n|\n|t:|1788443441\n|move|p1b: Sneasler|Fake Out|p2a: Garchomp\n|-damage|p2a: Garchomp|87/100\n|-damage|p1b: Sneasler|87/100|[from] ability: Rough Skin|[of] p2a: Garchomp\n|move|p1a: Whimsicott|Tailwind|p1a: Whimsicott\n|-sidestart|p1: DarkDustDespair|move: Tailwind\n|cant|p2a: Garchomp|flinch\n|move|p2b: Sylveon|Hyper Voice|p1a: Whimsicott|[spread] p1a,p1b\n|-damage|p1a: Whimsicott|40/100\n|-damage|p1b: Sneasler|29/100\n|\n|upkeep\n|turn|2\n|inactive|tztimlee has 30 seconds left.\n|\n|t:|1788443472\n|switch|p2b: Incineroar|Incineroar, L50, M|100/100\n|-ability|p2b: Incineroar|Intimidate|boost\n|-unboost|p1a: Whimsicott|atk|1\n|-unboost|p1b: Sneasler|atk|1\n|move|p1b: Sneasler|Dire Claw|p2b: Incineroar\n|-damage|p2b: Incineroar|77/100\n|-status|p2b: Incineroar|par\n|move|p1a: Whimsicott|Moonblast|p2a: Garchomp\n|-supereffective|p2a: Garchomp|1\n|-damage|p2a: Garchomp|28/100\n|move|p2a: Garchomp|Rock Slide|p1b: Sneasler|[spread] p1a,p1b\n|-resisted|p1b: Sneasler|1\n|-damage|p1a: Whimsicott|16/100\n|-damage|p1b: Sneasler|14/100\n|\n|upkeep\n|turn|3\n|inactive|tztimlee has 30 seconds left.\n|inactive|tztimlee has 20 seconds left.\n|\n|t:|1788443509\n|switch|p2a: Toxapex|Toxapex, L50, M|100/100\n|switch|p2b: Sylveon|Sylveon, L50, M|100/100\n|move|p1a: Whimsicott|Protect|p1a: Whimsicott\n|-singleturn|p1a: Whimsicott|Protect\n|move|p1b: Sneasler|Fling|p2a: Toxapex\n|-damage|p2a: Toxapex|94/100\n|-enditem|p1b: Sneasler|King's Rock|[from] move: Fling\n|\n|-heal|p2a: Toxapex|100/100|[from] item: Leftovers\n|upkeep\n|turn|4\n|\n|t:|1788443533\n|move|p2b: Sylveon|Quick Attack|p1b: Sneasler\n|-damage|p1b: Sneasler|0 fnt\n|faint|p1b: Sneasler\n|move|p1a: Whimsicott|Moonblast|p2b: Sylveon\n|-damage|p2b: Sylveon|82/100\n|-unboost|p2b: Sylveon|spa|1\n|move|p2a: Toxapex|Infestation|p1a: Whimsicott\n|-damage|p1a: Whimsicott|12/100\n|-activate|p1a: Whimsicott|move: Infestation|[of] p2a: Toxapex\n|\n|-damage|p1a: Whimsicott|1/100|[from] move: Infestation|[partiallytrapped]\n|-sideend|p1: DarkDustDespair|move: Tailwind\n|upkeep\n|\n|t:|1788443539\n|switch|p1b: Tyranitar|Tyranitar, L50, F|100/100\n|-weather|Sandstorm|[from] ability: Sand Stream|[of] p1b: Tyranitar\n|turn|5\n|\n|t:|1788443560\n|switch|p2b: Incineroar|Incineroar, L50, M|77/100 par\n|-ability|p2b: Incineroar|Intimidate|boost\n|-unboost|p1a: Whimsicott|atk|1\n|-unboost|p1b: Tyranitar|atk|1\n|move|p1a: Whimsicott|Tailwind|p1a: Whimsicott\n|-sidestart|p1: DarkDustDespair|move: Tailwind\n|move|p1b: Tyranitar|Iron Head|p2b: Incineroar\n|-resisted|p2b: Incineroar|1\n|-damage|p2b: Incineroar|70/100 par\n|move|p2a: Toxapex|Toxic|p1b: Tyranitar\n|-status|p1b: Tyranitar|tox\n|\n|-weather|Sandstorm|[upkeep]\n|-damage|p1a: Whimsicott|0 fnt|[from] Sandstorm\n|-damage|p2a: Toxapex|94/100|[from] Sandstorm\n|-damage|p2b: Incineroar|64/100 par|[from] Sandstorm\n|faint|p1a: Whimsicott\n|-heal|p2a: Toxapex|100/100|[from] item: Leftovers\n|-damage|p1b: Tyranitar|93/100 tox|[from] psn\n|upkeep\n|\n|t:|1788443562\n|switch|p1a: Scizor|Scizor, L50, F|100/100\n|turn|6\n|-message|DarkDustDespair forfeited.\n|\n|win|tztimlee\n|raw|DarkDustDespair's rating: 1194 &rarr; <strong>1164</strong><br />(-30 for losing)\n|raw|tztimlee's rating: 1125 &rarr; <strong>1155</strong><br />(+30 for winning)\n|l|☆DarkDustDespair\n|player|p1|\n","uploadtime":1788443588,"views":"0","formatid":"gen9championsvgc2026regmb","rating":1155,"private":0,"password":null}