{"id":"gen9championsvgc2026regmb-2674772553","format":"[Gen 9 Champions] VGC 2026 Reg M-B","players":["a_0602","Terry Unbound"],"log":"|j|☆a_0602\n|j|☆Terry Unbound\n|html|<table width=\"100%\"><tr><td align=\"left\">a_0602</td><td align=\"right\">Terry Unbound</tr><tr><td align=\"left\"><i class=\"fa fa-circle\"></i> <i class=\"fa fa-circle-o\"></i> </td><td align=\"right\"><i class=\"fa fa-circle-o\"></i> <i class=\"fa fa-circle\"></i> </tr></table>\n|uhtml|bestof|<h2><strong>Game 3</strong> of <a href=\"/game-bestof3-gen9championsvgc2026regmb-2674766428\">a best-of-3</a></h2>\n|t:|1788403920\n|gametype|doubles\n|player|p1|a_0602|interviewers|\n|player|p2|Terry Unbound|gambler|\n|gen|9\n|tier|[Gen 9 Champions] VGC 2026 Reg M-B\n|rule|Species Clause: Limit one of each Pokémon\n|rule|Item Clause: Limit 1 of each item\n|raw|<div class=\"infobox\"><details class=\"readmore\" open><summary><strong>1 custom rule:</strong></summary> Best of = 3</details></div>\n|clearpoke\n|poke|p1|Whimsicott, L50, F|\n|poke|p1|Gholdengo, L50|\n|poke|p1|Blastoise, L50, F|\n|poke|p1|Arcanine, L50, M|\n|poke|p1|Conkeldurr, L50, M|\n|poke|p1|Alakazam, L50, F|\n|poke|p2|Froslass, L50, F|\n|poke|p2|Gallade, L50, M|\n|poke|p2|Scovillain, L50, F|\n|poke|p2|Kingambit, L50, F|\n|poke|p2|Audino, L50, M|\n|poke|p2|Vivillon, L50, F|\n|teampreview|4\n|j| yunglegs\na_0602 rejected open team sheets.\n|j| Percivol\n|c|☆a_0602|ROUND 3\n|c|☆a_0602|FIGHT\n|c|☆Terry Unbound|xD\n|j| five_venoms\n|\n|t:|1788404139\n|teamsize|p1|4\n|teamsize|p2|4\n|start\n|switch|p1a: Wealthy Benefactor|Gholdengo, L50|100/100\n|switch|p1b: Worf Effect|Conkeldurr, L50, M|100/100\n|switch|p2a: Scovillain|Scovillain, L50, F|100/100\n|switch|p2b: Vivillon|Vivillon, L50, F|100/100\n|turn|1\n|\n|t:|1788404222\n|move|p2b: Vivillon|Protect|p2b: Vivillon\n|-singleturn|p2b: Vivillon|Protect\n|move|p1a: Wealthy Benefactor|Make It Rain|p2a: Scovillain|[spread] p2a\n|-activate|p2b: Vivillon|move: Protect\n|-resisted|p2a: Scovillain|1\n|-damage|p2a: Scovillain|74/100\n|-unboost|p1a: Wealthy Benefactor|spa|2\n|move|p2a: Scovillain|Flamethrower|p1a: Wealthy Benefactor\n|-supereffective|p1a: Wealthy Benefactor|1\n|-damage|p1a: Wealthy Benefactor|27/100\n|move|p1b: Worf Effect|Rock Slide|p2b: Vivillon|[spread] p2a\n|-activate|p2b: Vivillon|move: Protect\n|-supereffective|p2a: Scovillain|1\n|-damage|p2a: Scovillain|19/100\n|\n|-ability|p2a: Scovillain|Moody|boost\n|-boost|p2a: Scovillain|def|2\n|-unboost|p2a: Scovillain|spe|1\n|upkeep\n|turn|2\n|\n|t:|1788404311\n|switch|p1a: Pet the Dog|Arcanine, L50, M|100/100\n|-ability|p1a: Pet the Dog|Intimidate|boost\n|-unboost|p2a: Scovillain|atk|1\n|-unboost|p2b: Vivillon|atk|1\n|move|p2a: Scovillain|Protect|p2a: Scovillain\n|-singleturn|p2a: Scovillain|Protect\n|move|p2b: Vivillon|Hurricane|p1b: Worf Effect\n|-supereffective|p1b: Worf Effect|1\n|-damage|p1b: Worf Effect|0 fnt\n|faint|p1b: Worf Effect\n|\n|-ability|p2a: Scovillain|Moody|boost\n|-boost|p2a: Scovillain|spa|2\n|-unboost|p2a: Scovillain|spe|1\n|upkeep\n|\n|t:|1788404325\n|switch|p1b: Wealthy Benefactor|Gholdengo, L50|27/100\n|turn|3\n|\n|t:|1788404357\n|move|p2b: Vivillon|Protect|p2b: Vivillon\n|-singleturn|p2b: Vivillon|Protect\n|move|p1b: Wealthy Benefactor|Make It Rain|p2b: Vivillon|[spread] p2a\n|-activate|p2b: Vivillon|move: Protect\n|-resisted|p2a: Scovillain|1\n|-damage|p2a: Scovillain|0 fnt\n|-unboost|p1b: Wealthy Benefactor|spa|2\n|faint|p2a: Scovillain\n|move|p1a: Pet the Dog|Flare Blitz|p2b: Vivillon\n|-activate|p2b: Vivillon|move: Protect\n|\n|upkeep\n|c|☆a_0602|edge of my seat\n|\n|t:|1788404422\n|switch|p2a: Gallade|Gallade, L50, M|100/100\n|turn|4\n|c|☆Terry Unbound|same xD\n|\n|t:|1788404534\n|move|p1b: Wealthy Benefactor|Make It Rain|p2b: Vivillon|[spread] p2a,p2b\n|-damage|p2a: Gallade|80/100\n|-damage|p2b: Vivillon|61/100\n|-unboost|p1b: Wealthy Benefactor|spa|2\n|move|p1a: Pet the Dog|Will-O-Wisp|p2a: Gallade\n|-status|p2a: Gallade|brn\n|move|p2b: Vivillon|Hurricane|p1b: Wealthy Benefactor\n|-resisted|p1b: Wealthy Benefactor|1\n|-damage|p1b: Wealthy Benefactor|0 fnt\n|faint|p1b: Wealthy Benefactor\n|move|p2a: Gallade|Trick Room|p2a: Gallade\n|-fieldstart|move: Trick Room|[of] p2a: Gallade\n|\n|-damage|p2a: Gallade|74/100 brn|[from] brn\n|upkeep\n|\n|t:|1788404548\n|switch|p1b: Transform Sequence|Blastoise, L50, F|100/100\n|turn|5\n|\n|t:|1788404644\n|detailschange|p1b: Transform Sequence|Blastoise-Mega, L50, F\n|-mega|p1b: Transform Sequence|Blastoise|Blastoisinite\n|move|p1b: Transform Sequence|Protect|p1b: Transform Sequence\n|-singleturn|p1b: Transform Sequence|Protect\n|move|p2a: Gallade|Sacred Sword|p1b: Transform Sequence\n|-activate|p1b: Transform Sequence|move: Protect\n|move|p2b: Vivillon|Hurricane|p1a: Pet the Dog\n|-damage|p1a: Pet the Dog|46/100\n|move|p1a: Pet the Dog|Flare Blitz|p2a: Gallade\n|-damage|p2a: Gallade|9/100 brn\n|-damage|p1a: Pet the Dog|27/100|[from] Recoil\n|\n|-heal|p1a: Pet the Dog|34/100|[from] item: Leftovers\n|-damage|p2a: Gallade|4/100 brn|[from] brn\n|upkeep\n|turn|6\n|j| jdthetoastmachine\n|\n|t:|1788404702\n|move|p1b: Transform Sequence|Protect||[still]\n|-fail|p1b: Transform Sequence\n|move|p2a: Gallade|Sacred Sword|p1b: Transform Sequence\n|-damage|p1b: Transform Sequence|67/100\n|move|p2b: Vivillon|Hurricane|p1b: Transform Sequence\n|-damage|p1b: Transform Sequence|20/100y\n|-start|p1b: Transform Sequence|confusion\n|move|p1a: Pet the Dog|Flare Blitz|p2b: Vivillon\n|-supereffective|p2b: Vivillon|1\n|-damage|p2b: Vivillon|0 fnt\n|faint|p2b: Vivillon\n|-damage|p1a: Pet the Dog|14/100|[from] Recoil\n|\n|-heal|p1a: Pet the Dog|20/100y|[from] item: Leftovers\n|-damage|p2a: Gallade|0 fnt|[from] brn\n|faint|p2a: Gallade\n|upkeep\n|\n|t:|1788404721\n|switch|p2a: Froslass|Froslass, L50, F|100/100\n|turn|7\n|\n|t:|1788404755\n|detailschange|p2a: Froslass|Froslass-Mega, L50, F\n|-mega|p2a: Froslass|Froslass|Froslassite\n|-weather|Snowscape|[from] ability: Snow Warning|[of] p2a: Froslass\n|-activate|p1b: Transform Sequence|confusion\n|-damage|p1b: Transform Sequence|12/100|[from] confusion\n|move|p2a: Froslass|Blizzard|p1a: Pet the Dog|[spread] p1a,p1b\n|-resisted|p1a: Pet the Dog|1\n|-crit|p1a: Pet the Dog\n|-resisted|p1b: Transform Sequence|1\n|-damage|p1a: Pet the Dog|0 fnt\n|-damage|p1b: Transform Sequence|0 fnt\n|faint|p1a: Pet the Dog\n|faint|p1b: Transform Sequence\n|\n|win|Terry Unbound\n|c|☆Terry Unbound|my queen <3\n|c|☆a_0602|I feel a little silly with that last protect\n|c|☆a_0602|gg though\n|c|☆Terry Unbound|ya fair enough\n|l| Percivol\n|l| jdthetoastmachine\n|c|☆Terry Unbound|ggwp, fun one\n|l|☆Terry Unbound\n|player|p2|\n|c|☆a_0602|oh yeah, solid stuff\n|l|☆a_0602\n|player|p1|\n","uploadtime":1788404827,"views":"11","formatid":"gen9championsvgc2026regmb","rating":null,"private":0,"password":null}