{"id":"gen9championsvgc2026regmbbo3-2673390929","format":"[Gen 9 Champions] VGC 2026 Reg M-B (Bo3)","players":["aerodactylhater","mechabicho_14"],"log":"|j|☆aerodactylhater\n|j|☆mechabicho_14\n|html|<table width=\"100%\"><tr><td align=\"left\">aerodactylhater</td><td align=\"right\">mechabicho_14</tr><tr><td align=\"left\"><i class=\"fa fa-circle\"></i> <i class=\"fa fa-circle-o\"></i> </td><td align=\"right\"><i class=\"fa fa-circle-o\"></i> <i class=\"fa fa-circle\"></i> </tr></table>\n|uhtml|bestof|<h2><strong>Game 3</strong> of <a href=\"/game-bestof3-gen9championsvgc2026regmbbo3-2673388280\">a best-of-3</a></h2>\n|t:|1788192043\n|gametype|doubles\n|player|p1|aerodactylhater|cowgirl|1373\n|player|p2|mechabicho_14|101|1512\n|gen|9\n|tier|[Gen 9 Champions] VGC 2026 Reg M-B (Bo3)\n|rated|\n|rule|Species Clause: Limit one of each Pokémon\n|rule|Item Clause: Limit 1 of each item\n|clearpoke\n|poke|p1|Tyranitar, L50, M|\n|poke|p1|Excadrill, L50, M|\n|poke|p1|Milotic, L50, M|\n|poke|p1|Sinistcha, L50|\n|poke|p1|Staraptor, L50, M|\n|poke|p1|Gholdengo, L50|\n|poke|p2|Garchomp, L50, M|\n|poke|p2|Farigiraf, L50, F|\n|poke|p2|Charizard, L50, F|\n|poke|p2|Sylveon, L50, M|\n|poke|p2|Aerodactyl, L50, M|\n|poke|p2|Kingambit, L50, F|\n|teampreview|4\n|showteam|p1|Tyranitar||Tyranitarite|SandStream|RockSlide,KnockOff,LowKick,Protect|Jolly||M|||50|]Excadrill||FocusSash|SandRush|RockSlide,IronHead,HighHorsepower,Protect|Adamant||M|||50|]Milotic||SitrusBerry|Competitive|Scald,IceBeam,Recover,Protect|Calm||M|||50|]Sinistcha||ColburBerry|Hospitality|MatchaGotcha,RagePowder,ShadowBall,Protect|Bold|||||50|]Staraptor||Staraptite|Intimidate|BraveBird,CloseCombat,Tailwind,Protect|Jolly||M|||50|]Gholdengo||LifeOrb|GoodasGold|MakeItRain,ShadowBall,NastyPlot,Protect|Modest|||||50|\n|showteam|p2|Garchomp||LifeOrb|RoughSkin|Protect,DragonClaw,StompingTantrum,Earthquake|Jolly||M|||50|]Farigiraf||SitrusBerry|ArmorTail|Roar,TrickRoom,TwinBeam,Thunderbolt|Bold||F|||50|]Charizard||CharizarditeY|Blaze|Protect,HeatWave,WeatherBall,SolarBeam|Modest||F|||50|]Sylveon||FairyFeather|Pixilate|Detect,HyperVoice,HyperBeam,QuickAttack|Modest||M|||50|]Aerodactyl||Aerodactylite|Unnerve|Tailwind,IceFang,DualWingbeat,RockSlide|Jolly||M|||50|]Kingambit||ChopleBerry|Defiant|LowKick,IronHead,KowtowCleave,SuckerPunch|Adamant||F|||50|\n|inactive|Battle timer is ON: inactive players will automatically lose when time's up. (requested by aerodactylhater)\n|\n|t:|1788192061\n|teamsize|p1|4\n|teamsize|p2|4\n|start\n|switch|p1a: Tyranitar|Tyranitar, L50, M|100/100\n|switch|p1b: Excadrill|Excadrill, L50, M|100/100\n|switch|p2a: Sylveon|Sylveon, L50, M|100/100\n|switch|p2b: Garchomp|Garchomp, L50, M|100/100\n|-weather|Sandstorm|[from] ability: Sand Stream|[of] p1a: Tyranitar\n|turn|1\n|\n|t:|1788192084\n|detailschange|p1a: Tyranitar|Tyranitar-Mega, L50, M\n|-mega|p1a: Tyranitar|Tyranitar|Tyranitarite\n|move|p1b: Excadrill|Protect|p1b: Excadrill\n|-singleturn|p1b: Excadrill|Protect\n|move|p2a: Sylveon|Detect|p2a: Sylveon\n|-singleturn|p2a: Sylveon|Protect\n|move|p2b: Garchomp|Earthquake|p1a: Tyranitar|[spread] p1a\n|-activate|p2a: Sylveon|move: Protect\n|-activate|p1b: Excadrill|move: Protect\n|-supereffective|p1a: Tyranitar|1\n|-damage|p1a: Tyranitar|31/100\n|-damage|p2b: Garchomp|90/100|[from] item: Life Orb\n|move|p1a: Tyranitar|Knock Off|p2b: Garchomp\n|-damage|p2b: Garchomp|30/100\n|-damage|p1a: Tyranitar|19/100|[from] ability: Rough Skin|[of] p2b: Garchomp\n|-enditem|p2b: Garchomp|Life Orb|[from] move: Knock Off|[of] p1a: Tyranitar\n|\n|-weather|Sandstorm|[upkeep]\n|-damage|p2a: Sylveon|93/100|[from] Sandstorm\n|upkeep\n|turn|2\n|inactive|mechabicho_14 has 30 seconds left.\n|inactive|mechabicho_14 has 20 seconds left.\n|inactive|mechabicho_14 has 15 seconds left.\n|\n|t:|1788192124\n|switch|p1a: Gholdengo|Gholdengo, L50|100/100\n|switch|p2a: Aerodactyl|Aerodactyl, L50, M|100/100\n|-ability|p2a: Aerodactyl|Unnerve\n|move|p1b: Excadrill|Iron Head|p2b: Garchomp\n|-damage|p2b: Garchomp|0 fnt\n|-damage|p1b: Excadrill|87/100|[from] ability: Rough Skin|[of] p2b: Garchomp\n|faint|p2b: Garchomp\n|\n|-weather|Sandstorm|[upkeep]\n|upkeep\n|\n|t:|1788192139\n|switch|p2b: Kingambit|Kingambit, L50, F|100/100\n|turn|3\n|\n|t:|1788192158\n|detailschange|p2a: Aerodactyl|Aerodactyl-Mega, L50, M\n|-mega|p2a: Aerodactyl|Aerodactyl|Aerodactylite\n|move|p1a: Gholdengo|Protect|p1a: Gholdengo\n|-singleturn|p1a: Gholdengo|Protect\n|move|p1b: Excadrill|High Horsepower|p2b: Kingambit\n|-supereffective|p2b: Kingambit|1\n|-damage|p2b: Kingambit|26/100\n|move|p2a: Aerodactyl|Tailwind|p2a: Aerodactyl\n|-sidestart|p2: mechabicho_14|move: Tailwind\n|move|p2b: Kingambit|Kowtow Cleave|p1b: Excadrill\n|-damage|p1b: Excadrill|18/100\n|\n|-weather|Sandstorm|[upkeep]\n|upkeep\n|turn|4\n|\n|t:|1788192176\n|move|p2a: Aerodactyl|Ice Fang|p1b: Excadrill\n|-damage|p1b: Excadrill|0 fnt\n|faint|p1b: Excadrill\n|move|p2b: Kingambit|Kowtow Cleave|p1a: Gholdengo\n|-supereffective|p1a: Gholdengo|1\n|-damage|p1a: Gholdengo|0 fnt\n|faint|p1a: Gholdengo\n|\n|-weather|Sandstorm|[upkeep]\n|upkeep\n|\n|t:|1788192180\n|switch|p1b: Tyranitar|Tyranitar-Mega, L50, M|19/100\n|switch|p1a: Milotic|Milotic, L50, M|100/100\n|turn|5\n|\n|t:|1788192203\n|move|p2a: Aerodactyl|Rock Slide|p1a: Milotic|[spread] p1a,p1b\n|-damage|p1a: Milotic|68/100\n|-damage|p1b: Tyranitar|0 fnt\n|faint|p1b: Tyranitar\n|move|p2b: Kingambit|Kowtow Cleave|p1a: Milotic\n|-damage|p1a: Milotic|20/100y\n|-enditem|p1a: Milotic|Sitrus Berry|[eat]\n|-heal|p1a: Milotic|45/100|[from] item: Sitrus Berry\n|cant|p1a: Milotic|flinch\n|\n|-weather|none\n|upkeep\n|turn|6\n|\n|t:|1788192215\n|move|p1a: Milotic|Protect|p1a: Milotic\n|-singleturn|p1a: Milotic|Protect\n|move|p2a: Aerodactyl|Rock Slide|p1a: Milotic\n|-activate|p1a: Milotic|move: Protect\n|move|p2b: Kingambit|Kowtow Cleave|p1a: Milotic\n|-activate|p1a: Milotic|move: Protect\n|\n|-sideend|p2: mechabicho_14|move: Tailwind\n|upkeep\n|turn|7\n|\n|t:|1788192218\n|move|p2a: Aerodactyl|Rock Slide|p1a: Milotic\n|-damage|p1a: Milotic|5/100\n|move|p1a: Milotic|Scald|p2b: Kingambit\n|-damage|p2b: Kingambit|0 fnt\n|faint|p2b: Kingambit\n|\n|upkeep\n|\n|t:|1788192221\n|switch|p2b: Sylveon|Sylveon, L50, M|93/100\n|turn|8\n|-message|aerodactylhater forfeited.\n|\n|win|mechabicho_14\n|raw|aerodactylhater's rating: 1373 &rarr; <strong>1361</strong><br />(-12 for losing)\n|raw|mechabicho_14's rating: 1512 &rarr; <strong>1524</strong><br />(+12 for winning)\n","uploadtime":1788192227,"views":"2","formatid":"gen9championsvgc2026regmbbo3","rating":1361,"private":0,"password":null}