{"id":"gen9championsvgc2026regmb-2673876323","format":"[Gen 9 Champions] VGC 2026 Reg M-B","players":["notbloodmask","Javis2025"],"log":"|j|☆notbloodmask\n|j|‽Javis2025\n|t:|1788271873\n|gametype|doubles\n|player|p1|notbloodmask|unknown|1192\n|player|p2|Javis2025|102|1240\n|gen|9\n|tier|[Gen 9 Champions] VGC 2026 Reg M-B\n|rated|\n|rule|Species Clause: Limit one of each Pokémon\n|rule|Item Clause: Limit 1 of each item\n|clearpoke\n|poke|p1|Absol, L50, M|\n|poke|p1|Rotom-Wash, L50|\n|poke|p1|Garchomp, L50, M|\n|poke|p1|Incineroar, L50, M|\n|poke|p1|Sinistcha, L50|\n|poke|p1|Venusaur, L50, M|\n|poke|p2|Blastoise, L50, M|\n|poke|p2|Sneasler, L50, M|\n|poke|p2|Delphox, L50, F|\n|poke|p2|Kingambit, L50, M|\n|poke|p2|Sinistcha-Masterpiece, L50|\n|poke|p2|Incineroar, L50, F|\n|teampreview|4\n|inactive|Battle timer is ON: inactive players will automatically lose when time's up. (requested by Javis2025)\n|\n|t:|1788271906\n|teamsize|p1|4\n|teamsize|p2|4\n|start\n|switch|p1a: Garchomp|Garchomp, L50, M|100/100\n|switch|p1b: Rotom|Rotom-Wash, L50|100/100\n|switch|p2a: Blastoise|Blastoise, L50, M|100/100\n|switch|p2b: Sneasler|Sneasler, L50, M|100/100\n|turn|1\n|\n|t:|1788271931\n|detailschange|p2a: Blastoise|Blastoise-Mega, L50, M\n|-mega|p2a: Blastoise|Blastoise|Blastoisinite\n|move|p2b: Sneasler|Fake Out|p1b: Rotom\n|-damage|p1b: Rotom|84/100\n|move|p1a: Garchomp|Earthquake|p2a: Blastoise|[spread] p2a,p2b\n|-immune|p1b: Rotom|[from] ability: Levitate\n|-supereffective|p2b: Sneasler|1\n|-damage|p2a: Blastoise|52/100\n|-enditem|p2b: Sneasler|Focus Sash\n|-damage|p2b: Sneasler|1/100\n|-damage|p1a: Garchomp|90/100|[from] item: Life Orb\n|move|p2a: Blastoise|Water Spout|p1b: Rotom|[spread] p1a,p1b\n|-resisted|p1b: Rotom|1\n|-crit|p1b: Rotom\n|-damage|p1a: Garchomp|54/100\n|-damage|p1b: Rotom|55/100\n|cant|p1b: Rotom|flinch\n|\n|upkeep\n|turn|2\n|inactive|notbloodmask has 30 seconds left.\n|\n|t:|1788271960\n|switch|p2b: Sinistcha|Sinistcha-Masterpiece, L50|100/100\n|-heal|p2a: Blastoise|76/100|[from] ability: Hospitality|[of] p2b: Sinistcha\n|switch|p1b: Sinistcha|Sinistcha, L50|100/100\n|-heal|p1a: Garchomp|78/100|[from] ability: Hospitality|[of] p1b: Sinistcha\n|move|p2a: Blastoise|Protect|p2a: Blastoise\n|-singleturn|p2a: Blastoise|Protect\n|move|p1a: Garchomp|Earthquake|p2b: Sinistcha|[spread] p1b,p2b\n|-activate|p2a: Blastoise|move: Protect\n|-resisted|p1b: Sinistcha|1\n|-resisted|p2b: Sinistcha|1\n|-damage|p1b: Sinistcha|79/100\n|-damage|p2b: Sinistcha|80/100\n|-damage|p1a: Garchomp|69/100|[from] item: Life Orb\n|\n|upkeep\n|turn|3\n|inactive|notbloodmask has 30 seconds left.\n|\n|t:|1788271986\n|move|p1a: Garchomp|Rock Slide|p2a: Blastoise|[spread] p2a,p2b\n|-crit|p2a: Blastoise\n|-damage|p2a: Blastoise|39/100\n|-damage|p2b: Sinistcha|58/100\n|-damage|p1a: Garchomp|59/100|[from] item: Life Orb\n|cant|p2a: Blastoise|flinch\n|move|p1b: Sinistcha|Matcha Gotcha|p2b: Sinistcha|[spread] \n|-miss|p1b: Sinistcha|p2a: Blastoise\n|-miss|p1b: Sinistcha|p2b: Sinistcha\n|cant|p2b: Sinistcha|flinch\n|\n|upkeep\n|turn|4\n|\n|t:|1788272008\n|switch|p1b: Rotom|Rotom-Wash, L50|55/100\n|move|p1a: Garchomp|Earthquake|p2b: Sinistcha|[spread] p2a,p2b\n|-immune|p1b: Rotom|[from] ability: Levitate\n|-resisted|p2b: Sinistcha|1\n|-damage|p2a: Blastoise|0 fnt\n|-damage|p2b: Sinistcha|38/100\n|faint|p2a: Blastoise\n|-damage|p1a: Garchomp|50/100y|[from] item: Life Orb\n|move|p2b: Sinistcha|Matcha Gotcha|p1a: Garchomp|[spread] p1a,p1b\n|-supereffective|p1b: Rotom|1\n|-damage|p1a: Garchomp|25/100\n|-heal|p2b: Sinistcha|52/100|[from] drain|[of] p1a: Garchomp\n|-damage|p1b: Rotom|0 fnt\n|-heal|p2b: Sinistcha|75/100|[from] drain|[of] p1b: Rotom\n|-status|p1a: Garchomp|brn\n|faint|p1b: Rotom\n|\n|-damage|p1a: Garchomp|19/100 brn|[from] brn\n|upkeep\n|l|‽Javis2025\n|inactive|Javis2025 disconnected and has a minute to reconnect!\n|player|p2|\n|inactive|Javis2025 has 30 seconds left.\n|inactive|Javis2025 has 20 seconds left.\n|inactive|Javis2025 has 15 seconds left.\n|j|‽Javis2025\n|inactive|Javis2025 reconnected and has 15 seconds left.\n|player|p2|Javis2025|102|\n|n|‽Javis2025|javis2025\n|inactive|Javis2025 has 10 seconds left.\n|inactive|Javis2025 has 5 seconds left.\n|\n|t:|1788272059\n|switch|p2a: Sneasler|Sneasler, L50, M|1/100\n|switch|p1b: Sinistcha|Sinistcha, L50|79/100\n|-heal|p1a: Garchomp|44/100 brn|[from] ability: Hospitality|[of] p1b: Sinistcha\n|turn|5\n|\n|t:|1788272078\n|move|p1a: Garchomp|Protect|p1a: Garchomp\n|-singleturn|p1a: Garchomp|Protect\n|move|p2a: Sneasler|Fake Out|p1a: Garchomp\n|-activate|p1a: Garchomp|move: Protect\n|move|p1b: Sinistcha|Matcha Gotcha|p2b: Sinistcha|[spread] p2b\n|-miss|p1b: Sinistcha|p2a: Sneasler\n|-resisted|p2b: Sinistcha|1\n|-damage|p2b: Sinistcha|61/100\n|-heal|p1b: Sinistcha|86/100|[from] drain|[of] p2b: Sinistcha\n|move|p2b: Sinistcha|Trick Room|p2b: Sinistcha\n|-fieldstart|move: Trick Room|[of] p2b: Sinistcha\n|\n|-damage|p1a: Garchomp|38/100 brn|[from] brn\n|upkeep\n|turn|6\n|\n|t:|1788272101\n|switch|p1a: Venusaur|Venusaur, L50, M|100/100\n|move|p2b: Sinistcha|Matcha Gotcha|p1b: Sinistcha|[spread] p1a,p1b\n|-resisted|p1a: Venusaur|2\n|-resisted|p1b: Sinistcha|1\n|-damage|p1a: Venusaur|94/100\n|-heal|p2b: Sinistcha|64/100|[from] drain|[of] p1a: Venusaur\n|-damage|p1b: Sinistcha|74/100\n|-heal|p2b: Sinistcha|70/100|[from] drain|[of] p1b: Sinistcha\n|-status|p1b: Sinistcha|brn\n|move|p1b: Sinistcha|Matcha Gotcha|p2a: Sneasler|[spread] p2a,p2b\n|-resisted|p2a: Sneasler|1\n|-resisted|p2b: Sinistcha|1\n|-damage|p2a: Sneasler|0 fnt\n|-heal|p1b: Sinistcha|74/100 brn|[from] drain|[of] p2a: Sneasler\n|-damage|p2b: Sinistcha|58/100\n|-heal|p1b: Sinistcha|81/100 brn|[from] drain|[of] p2b: Sinistcha\n|-status|p2b: Sinistcha|brn\n|faint|p2a: Sneasler\n|\n|-damage|p2b: Sinistcha|52/100 brn|[from] brn\n|-damage|p1b: Sinistcha|75/100 brn|[from] brn\n|upkeep\n|\n|t:|1788272116\n|switch|p2a: Kingambit|Kingambit, L50, M|100/100\n|turn|7\n|inactive|notbloodmask has 30 seconds left.\n|\n|t:|1788272144\n|detailschange|p1a: Venusaur|Venusaur-Mega, L50, M\n|-mega|p1a: Venusaur|Venusaur|Venusaurite\n|move|p2b: Sinistcha|Rage Powder|p2b: Sinistcha\n|-singleturn|p2b: Sinistcha|move: Rage Powder\n|move|p1b: Sinistcha|Rage Powder|p1b: Sinistcha\n|-singleturn|p1b: Sinistcha|move: Rage Powder\n|move|p2a: Kingambit|Kowtow Cleave|p1b: Sinistcha\n|-supereffective|p1b: Sinistcha|1\n|-damage|p1b: Sinistcha|0 fnt\n|faint|p1b: Sinistcha\n|move|p1a: Venusaur|Sleep Powder|p2a: Kingambit|[miss]\n|-miss|p1a: Venusaur|p2a: Kingambit\n|\n|-damage|p2b: Sinistcha|46/100 brn|[from] brn\n|upkeep\n|\n|t:|1788272156\n|switch|p1b: Garchomp|Garchomp, L50, M|38/100 brn\n|turn|8\n|\n|t:|1788272162\n|move|p1a: Venusaur|Protect|p1a: Venusaur\n|-singleturn|p1a: Venusaur|Protect\n|move|p2a: Kingambit|Kowtow Cleave|p1a: Venusaur\n|-activate|p1a: Venusaur|move: Protect\n|move|p2b: Sinistcha|Matcha Gotcha|p1b: Garchomp|[spread] p1b\n|-activate|p1a: Venusaur|move: Protect\n|-damage|p1b: Garchomp|13/100 brn\n|-heal|p2b: Sinistcha|60/100 brn|[from] drain|[of] p1b: Garchomp\n|move|p1b: Garchomp|Earthquake|p2b: Sinistcha|[spread] p2a,p2b\n|-activate|p1a: Venusaur|move: Protect\n|-supereffective|p2a: Kingambit|1\n|-resisted|p2b: Sinistcha|1\n|-damage|p2a: Kingambit|66/100\n|-damage|p2b: Sinistcha|51/100 brn\n|-damage|p1b: Garchomp|4/100 brn|[from] item: Life Orb\n|\n|-damage|p2b: Sinistcha|44/100 brn|[from] brn\n|-damage|p1b: Garchomp|0 fnt|[from] brn\n|faint|p1b: Garchomp\n|upkeep\n|turn|9\n|\n|t:|1788272186\n|move|p1a: Venusaur|Protect|p1a: Venusaur\n|-singleturn|p1a: Venusaur|Protect\n|move|p2a: Kingambit|Swords Dance|p2a: Kingambit\n|-boost|p2a: Kingambit|atk|2\n|move|p2b: Sinistcha|Matcha Gotcha|p1a: Venusaur\n|-activate|p1a: Venusaur|move: Protect\n|\n|-damage|p2b: Sinistcha|38/100 brn|[from] brn\n|-fieldend|move: Trick Room\n|upkeep\n|turn|10\n|\n|t:|1788272209\n|move|p2a: Kingambit|Protect|p2a: Kingambit\n|-singleturn|p2a: Kingambit|Protect\n|move|p1a: Venusaur|Sleep Powder|p2a: Kingambit\n|-activate|p2a: Kingambit|move: Protect\n|move|p2b: Sinistcha|Trick Room|p2b: Sinistcha\n|-fieldstart|move: Trick Room|[of] p2b: Sinistcha\n|\n|-damage|p2b: Sinistcha|32/100 brn|[from] brn\n|upkeep\n|turn|11\n|\n|t:|1788272225\n|move|p1a: Venusaur|Protect|p1a: Venusaur\n|-singleturn|p1a: Venusaur|Protect\n|move|p2a: Kingambit|Kowtow Cleave|p1a: Venusaur\n|-activate|p1a: Venusaur|move: Protect\n|move|p2b: Sinistcha|Matcha Gotcha|p1a: Venusaur\n|-activate|p1a: Venusaur|move: Protect\n|\n|-damage|p2b: Sinistcha|26/100 brn|[from] brn\n|upkeep\n|turn|12\n|\n|t:|1788272245\n|move|p2a: Kingambit|Kowtow Cleave|p1a: Venusaur\n|-damage|p1a: Venusaur|1/100\n|move|p2b: Sinistcha|Matcha Gotcha|p1a: Venusaur\n|-resisted|p1a: Venusaur|2\n|-damage|p1a: Venusaur|0 fnt\n|-heal|p2b: Sinistcha|26/100 brn|[from] drain|[of] p1a: Venusaur\n|faint|p1a: Venusaur\n|\n|win|Javis2025\n|raw|notbloodmask's rating: 1192 &rarr; <strong>1170</strong><br />(-22 for losing)\n|raw|Javis2025's rating: 1240 &rarr; <strong>1262</strong><br />(+22 for winning)\n","uploadtime":1788272255,"views":"0","formatid":"gen9championsvgc2026regmb","rating":1170,"private":0,"password":null}