{"id":"gen9championsvgc2026regmbbo3-2673760209","format":"[Gen 9 Champions] VGC 2026 Reg M-B (Bo3)","players":["Joker113","CaratroncoSun"],"log":"|j|☆Joker113\n|j|☆CaratroncoSun\n|html|<table width=\"100%\"><tr><td align=\"left\">Joker113</td><td align=\"right\">CaratroncoSun</tr><tr><td align=\"left\"><i class=\"fa fa-circle-o\"></i> <i class=\"fa fa-circle-o\"></i> </td><td align=\"right\"><i class=\"fa fa-circle-o\"></i> <i class=\"fa fa-circle-o\"></i> </tr></table>\n|uhtml|bestof|<h2><strong>Game 1</strong> of <a href=\"/game-bestof3-gen9championsvgc2026regmbbo3-2673760207\">a best-of-3</a></h2>\n|t:|1788250063\n|gametype|doubles\n|player|p1|Joker113|170|1331\n|player|p2|CaratroncoSun|170|1320\n|gen|9\n|tier|[Gen 9 Champions] VGC 2026 Reg M-B (Bo3)\n|rated|\n|rule|Species Clause: Limit one of each Pokémon\n|rule|Item Clause: Limit 1 of each item\n|clearpoke\n|poke|p1|Floette-Eternal, L50, F|\n|poke|p1|Sneasler, L50, M|\n|poke|p1|Dragapult, L50, F|\n|poke|p1|Azumarill, L50, M|\n|poke|p1|Ditto, L50|\n|poke|p1|Aerodactyl, L50, F|\n|poke|p2|Charizard, L50, M, shiny|\n|poke|p2|Venusaur, L50, F, shiny|\n|poke|p2|Whimsicott, L50, F, shiny|\n|poke|p2|Basculegion, L50, M|\n|poke|p2|Tyranitar, L50, M|\n|poke|p2|Mamoswine, L50, M|\n|teampreview|4\n|showteam|p1|Floette-Eternal||Floettite|FlowerVeil|Protect,DazzlingGleam,Moonblast,DrainingKiss|Modest||F|||50|]Sneasler||WhiteHerb|Unburden|CloseCombat,FakeOut,DireClaw,Protect|Adamant||M|||50|]Dragapult||LifeOrb|CursedBody|WillOWisp,ShadowBall,DracoMeteor,Protect|Modest||F|||50|]Azumarill||SitrusBerry|HugePower|AquaJet,BellyDrum,Protect,PlayRough|Brave||M|||50|]Ditto||ChoiceScarf|Imposter|Transform|Serious|||||50|]Aerodactyl||FocusSash|Unnerve|RockSlide,Tailwind,DualWingbeat,Protect|Jolly||F|||50|\n|showteam|p2|Charizard||CharizarditeY|Blaze|Protect,SolarBeam,HeatWave,AirSlash|Modest||M|||50|]Venusaur||WideLens|Chlorophyll|Protect,GigaDrain,EarthPower,SleepPowder|Modest||F|||50|]Whimsicott||FocusSash|Prankster|Protect,Moonblast,Tailwind,Encore|Timid||F|||50|]Basculegion||MysticWater|Adaptability|Protect,AquaJet,WaveCrash,LastRespects|Adamant||M|||50|]Tyranitar||Tyranitarite|SandStream|Protect,RockSlide,KnockOff,LowKick|Adamant||M|||50|]Mamoswine||LifeOrb|Oblivious|Protect,HighHorsepower,RockSlide,IceShard|Adamant||M|||50|\n|inactive|Battle timer is ON: inactive players will automatically lose when time's up. (requested by Joker113)\n|inactive|Joker113 has 60 seconds left.\n|inactive|CaratroncoSun has 60 seconds left.\n|\n|t:|1788250108\n|teamsize|p1|4\n|teamsize|p2|4\n|start\n|switch|p1a: Sneasler|Sneasler, L50, M|100/100\n|switch|p1b: Aerodactyl|Aerodactyl, L50, F|100/100\n|switch|p2a: Whimsicott|Whimsicott, L50, F, shiny|100/100\n|switch|p2b: Mamoswine|Mamoswine, L50, M|100/100\n|-ability|p1b: Aerodactyl|Unnerve\n|turn|1\n|l|☆Joker113\n|inactive|Joker113 disconnected and has a minute to reconnect!\n|player|p1|\n|j|☆Joker113\n|inactive|Joker113 reconnected and has 40 seconds left.\n|player|p1|Joker113|170|\n|inactive|Joker113 has 30 seconds left.\n|inactive|Joker113 has 20 seconds left.\n|\n|t:|1788250147\n|move|p2a: Whimsicott|Protect|p2a: Whimsicott\n|-singleturn|p2a: Whimsicott|Protect\n|move|p1a: Sneasler|Fake Out|p2b: Mamoswine\n|-crit|p2b: Mamoswine\n|-damage|p2b: Mamoswine|73/100\n|cant|p2b: Mamoswine|flinch\n|move|p1b: Aerodactyl|Tailwind|p1b: Aerodactyl\n|-sidestart|p1: Joker113|move: Tailwind\n|\n|upkeep\n|turn|2\n|\n|t:|1788250164\n|move|p2b: Mamoswine|Protect|p2b: Mamoswine\n|-singleturn|p2b: Mamoswine|Protect\n|move|p2a: Whimsicott|Encore|p1b: Aerodactyl\n|-start|p1b: Aerodactyl|Encore\n|move|p1b: Aerodactyl|Tailwind||[still]\n|-fail|p1b: Aerodactyl\n|move|p1a: Sneasler|Close Combat|p2b: Mamoswine\n|-activate|p2b: Mamoswine|move: Protect\n|\n|upkeep\n|turn|3\n|\n|t:|1788250182\n|switch|p1b: Floette|Floette-Eternal, L50, F|100/100\n|move|p2b: Mamoswine|Ice Shard|p1b: Floette\n|-damage|p1b: Floette|69/100\n|-damage|p2b: Mamoswine|63/100|[from] item: Life Orb\n|move|p1a: Sneasler|Dire Claw|p2a: Whimsicott\n|-supereffective|p2a: Whimsicott|2\n|-enditem|p2a: Whimsicott|Focus Sash\n|-damage|p2a: Whimsicott|1/100\n|move|p2a: Whimsicott|Moonblast|p1a: Sneasler\n|-damage|p1a: Sneasler|52/100\n|\n|upkeep\n|turn|4\n|\n|t:|1788250203\n|switch|p1a: Aerodactyl|Aerodactyl, L50, F|100/100\n|-ability|p1a: Aerodactyl|Unnerve\n|detailschange|p1b: Floette|Floette-Mega, L50, F\n|-mega|p1b: Floette|Floette|Floettite\n|-ability|p1b: Floette|Fairy Aura\n|move|p2a: Whimsicott|Tailwind|p2a: Whimsicott\n|-sidestart|p2: CaratroncoSun|move: Tailwind\n|move|p2b: Mamoswine|Ice Shard|p1a: Aerodactyl\n|-supereffective|p1a: Aerodactyl|1\n|-damage|p1a: Aerodactyl|1/100\n|-damage|p2b: Mamoswine|53/100|[from] item: Life Orb\n|move|p1b: Floette|Dazzling Gleam|p2a: Whimsicott|[spread] p2a,p2b\n|-damage|p2a: Whimsicott|0 fnt\n|-damage|p2b: Mamoswine|0 fnt\n|faint|p2a: Whimsicott\n|faint|p2b: Mamoswine\n|\n|-sideend|p1: Joker113|move: Tailwind\n|upkeep\n|\n|t:|1788250220\n|switch|p2a: Charizard|Charizard, L50, M, shiny|100/100\n|switch|p2b: Venusaur|Venusaur, L50, F, shiny|100/100\n|turn|5\n|\n|t:|1788250230\n|detailschange|p2a: Charizard|Charizard-Mega-Y, L50, M, shiny\n|-mega|p2a: Charizard|Charizard|Charizardite Y\n|-weather|SunnyDay|[from] ability: Drought|[of] p2a: Charizard\n|move|p1a: Aerodactyl|Protect|p1a: Aerodactyl\n|-singleturn|p1a: Aerodactyl|Protect\n|move|p1b: Floette|Protect|p1b: Floette\n|-singleturn|p1b: Floette|Protect\n|move|p2b: Venusaur|Sleep Powder|p1b: Floette\n|-activate|p1b: Floette|move: Protect\n|move|p2a: Charizard|Heat Wave|p1a: Aerodactyl|[spread] \n|-activate|p1a: Aerodactyl|move: Protect\n|-activate|p1b: Floette|move: Protect\n|\n|-weather|SunnyDay|[upkeep]\n|upkeep\n|turn|6\n|\n|t:|1788250252\n|switch|p1a: Sneasler|Sneasler, L50, M|52/100\n|move|p2b: Venusaur|Sleep Powder|p1b: Floette\n|-status|p1b: Floette|slp|[from] move: Sleep Powder\n|move|p2a: Charizard|Heat Wave|p1a: Sneasler|[spread] p1a,p1b\n|-damage|p1a: Sneasler|0 fnt\n|-damage|p1b: Floette|20/100y slp\n|faint|p1a: Sneasler\n|cant|p1b: Floette|slp\n|\n|-weather|SunnyDay|[upkeep]\n|upkeep\n|\n|t:|1788250263\n|switch|p1a: Aerodactyl|Aerodactyl, L50, F|1/100\n|-ability|p1a: Aerodactyl|Unnerve\n|turn|7\n|\n|t:|1788250278\n|move|p1a: Aerodactyl|Protect|p1a: Aerodactyl\n|-singleturn|p1a: Aerodactyl|Protect\n|move|p2b: Venusaur|Giga Drain|p1a: Aerodactyl\n|-activate|p1a: Aerodactyl|move: Protect\n|move|p2a: Charizard|Air Slash|p1b: Floette\n|-damage|p1b: Floette|0 fnt\n|faint|p1b: Floette\n|\n|-weather|SunnyDay|[upkeep]\n|-sideend|p2: CaratroncoSun|move: Tailwind\n|upkeep\n|\n|t:|1788250280\n|switch|p1b: Ditto|Ditto, L50|100/100\n|-transform|p1b: Ditto|p2a: Charizard|[from] ability: Imposter\n|turn|8\n|\n|t:|1788250300\n|move|p2b: Venusaur|Giga Drain|p1a: Aerodactyl\n|-damage|p1a: Aerodactyl|0 fnt\n|faint|p1a: Aerodactyl\n|move|p1b: Ditto|Heat Wave|p2b: Venusaur|[spread] p2a,p2b\n|-resisted|p2a: Charizard|1\n|-supereffective|p2b: Venusaur|1\n|-damage|p2a: Charizard|67/100\n|-damage|p2b: Venusaur|0 fnt\n|faint|p2b: Venusaur\n|move|p2a: Charizard|Air Slash|p1b: Ditto\n|-damage|p1b: Ditto|49/100\n|\n|-weather|SunnyDay|[upkeep]\n|upkeep\n|turn|9\n|\n|t:|1788250311\n|move|p1b: Ditto|Heat Wave|p2a: Charizard\n|-resisted|p2a: Charizard|1\n|-damage|p2a: Charizard|26/100\n|move|p2a: Charizard|Air Slash|p1b: Ditto\n|-damage|p1b: Ditto|5/100\n|\n|-weather|none\n|upkeep\n|turn|10\n|\n|t:|1788250321\n|move|p1b: Ditto|Heat Wave|p2a: Charizard\n|-resisted|p2a: Charizard|1\n|-damage|p2a: Charizard|0 fnt\n|faint|p2a: Charizard\n|\n|win|Joker113\n","uploadtime":1788250322,"views":"8","formatid":"gen9championsvgc2026regmbbo3","rating":null,"private":0,"password":null}