{"id":"gen9championsvgc2026regmb-2674264063","format":"[Gen 9 Champions] VGC 2026 Reg M-B","players":["PartnerMon","Thornlace48812"],"log":"|j|☆PartnerMon\n|j|☆Thornlace48812\n|t:|1788326487\n|gametype|doubles\n|player|p1|PartnerMon|cynthia|1192\n|player|p2|Thornlace48812|1|1111\n|gen|9\n|tier|[Gen 9 Champions] VGC 2026 Reg M-B\n|rated|\n|rule|Species Clause: Limit one of each Pokémon\n|rule|Item Clause: Limit 1 of each item\n|clearpoke\n|poke|p1|Meganium, L50, F|\n|poke|p1|Incineroar, L50, M|\n|poke|p1|Glimmora, L50, M|\n|poke|p1|Ninetales-Alola, L50, F|\n|poke|p1|Talonflame, L50, M|\n|poke|p1|Basculegion, L50, M|\n|poke|p2|Garchomp, L50, F|\n|poke|p2|Charizard, L50, F|\n|poke|p2|Whimsicott, L50, F|\n|poke|p2|Sylveon, L50, F|\n|poke|p2|Kingambit, L50, F|\n|poke|p2|Basculegion, L50, M|\n|teampreview|4\n|inactive|Battle timer is ON: inactive players will automatically lose when time's up. (requested by Thornlace48812)\nThornlace48812 rejected open team sheets.\n|\n|t:|1788326509\n|teamsize|p1|4\n|teamsize|p2|4\n|start\n|switch|p1a: Talonflame|Talonflame, L50, M|100/100\n|switch|p1b: Ninetales|Ninetales-Alola, L50, F|100/100\n|switch|p2a: Charizard|Charizard, L50, F|100/100\n|switch|p2b: Sylveon|Sylveon, L50, F|100/100\n|-weather|Snowscape|[from] ability: Snow Warning|[of] p1b: Ninetales\n|turn|1\n|inactive|PartnerMon has 30 seconds left.\n|\n|t:|1788326539\n|switch|p1b: Glimmora|Glimmora, L50, M|100/100\n|detailschange|p2a: Charizard|Charizard-Mega-Y, L50, F\n|-mega|p2a: Charizard|Charizard|Charizardite Y\n|-weather|SunnyDay|[from] ability: Drought|[of] p2a: Charizard\n|move|p1a: Talonflame|Tailwind|p1a: Talonflame\n|-sidestart|p1: PartnerMon|move: Tailwind\n|move|p2a: Charizard|Heat Wave|p1b: Glimmora|[spread] p1a,p1b\n|-resisted|p1a: Talonflame|1\n|-resisted|p1b: Glimmora|1\n|-damage|p1a: Talonflame|45/100\n|-damage|p1b: Glimmora|57/100\n|-status|p1b: Glimmora|brn\n|move|p2b: Sylveon|Hyper Voice|p1b: Glimmora|[spread] p1a,p1b\n|-resisted|p1a: Talonflame|1\n|-resisted|p1b: Glimmora|1\n|-damage|p1a: Talonflame|9/100\n|-damage|p1b: Glimmora|27/100 brn\n|\n|-weather|SunnyDay|[upkeep]\n|-damage|p1b: Glimmora|21/100 brn|[from] brn\n|upkeep\n|turn|2\n|inactive|PartnerMon has 30 seconds left.\n|\n|t:|1788326571\n|detailschange|p1b: Glimmora|Glimmora-Mega, L50, M\n|-mega|p1b: Glimmora|Glimmora|Glimmoranite\n|move|p2a: Charizard|Protect|p2a: Charizard\n|-singleturn|p2a: Charizard|Protect\n|move|p2b: Sylveon|Quick Attack|p1a: Talonflame\n|-resisted|p1a: Talonflame|1\n|-damage|p1a: Talonflame|0 fnt\n|faint|p1a: Talonflame\n|move|p1b: Glimmora|Sludge Bomb|p2b: Sylveon\n|-supereffective|p2b: Sylveon|1\n|-damage|p2b: Sylveon|0 fnt\n|faint|p2b: Sylveon\n|\n|-weather|SunnyDay|[upkeep]\n|-damage|p1b: Glimmora|15/100 brn|[from] brn\n|upkeep\n|\n|t:|1788326584\n|switch|p1a: Ninetales|Ninetales-Alola, L50, F|100/100\n|switch|p2b: Basculegion|Basculegion, L50, M|100/100\n|-weather|Snowscape|[from] ability: Snow Warning|[of] p1a: Ninetales\n|turn|3\n|\n|t:|1788326598\n|move|p1b: Glimmora|Spiky Shield|p1b: Glimmora\n|-singleturn|p1b: Glimmora|move: Protect\n|move|p2b: Basculegion|Protect|p2b: Basculegion\n|-singleturn|p2b: Basculegion|Protect\n|move|p1a: Ninetales|Blizzard|p2b: Basculegion|[spread] p2a\n|-activate|p2b: Basculegion|move: Protect\n|-damage|p2a: Charizard|77/100\n|move|p2a: Charizard|Heat Wave|p1b: Glimmora|[spread] p1a\n|-activate|p1b: Glimmora|move: Protect\n|-supereffective|p1a: Ninetales|1\n|-damage|p1a: Ninetales|15/100\n|\n|-weather|Snowscape|[upkeep]\n|-damage|p1b: Glimmora|10/100 brn|[from] brn\n|upkeep\n|turn|4\n|\n|t:|1788326617\n|switch|p1b: Basculegion|Basculegion, L50, M|100/100\n|move|p2a: Charizard|Protect|p2a: Charizard\n|-singleturn|p2a: Charizard|Protect\n|move|p1a: Ninetales|Blizzard|p2a: Charizard|[spread] p2b\n|-activate|p2a: Charizard|move: Protect\n|-resisted|p2b: Basculegion|1\n|-damage|p2b: Basculegion|87/100\n|move|p2b: Basculegion|Last Respects|p1b: Basculegion\n|-supereffective|p1b: Basculegion|1\n|-damage|p1b: Basculegion|0 fnt\n|faint|p1b: Basculegion\n|\n|-weather|Snowscape|[upkeep]\n|-sideend|p1: PartnerMon|move: Tailwind\n|upkeep\n|\n|t:|1788326628\n|switch|p1b: Glimmora|Glimmora-Mega, L50, M|10/100 brn\n|turn|5\n|\n|t:|1788326633\n|move|p1a: Ninetales|Blizzard|p2b: Basculegion|[spread] p2a,p2b\n|-resisted|p2b: Basculegion|1\n|-damage|p2a: Charizard|52/100\n|-damage|p2b: Basculegion|74/100\n|move|p1b: Glimmora|Power Gem|p2a: Charizard\n|-supereffective|p2a: Charizard|2\n|-damage|p2a: Charizard|0 fnt\n|faint|p2a: Charizard\n|move|p2b: Basculegion|Last Respects|p1b: Glimmora\n|-damage|p1b: Glimmora|0 fnt\n|faint|p1b: Glimmora\n|\n|-weather|Snowscape|[upkeep]\n|upkeep\n|\n|t:|1788326634\n|switch|p2a: Kingambit|Kingambit, L50, F|100/100\n|-activate|p2a: Kingambit|ability: Supreme Overlord\n|-start|p2a: Kingambit|fallen2|[silent]\n|turn|6\n|-message|PartnerMon forfeited.\n|\n|win|Thornlace48812\n|raw|PartnerMon's rating: 1192 &rarr; <strong>1160</strong><br />(-32 for losing)\n|raw|Thornlace48812's rating: 1095 &rarr; <strong>1128</strong><br />(+33 for winning)\n","uploadtime":1788326644,"views":"0","formatid":"gen9championsvgc2026regmb","rating":1128,"private":0,"password":null}