{"id":"gen9championsvgc2026regmb-2674257246","format":"[Gen 9 Champions] VGC 2026 Reg M-B","players":["Thornlace48812","chickmagnet23"],"log":"|j|☆Thornlace48812\n|j|☆chickmagnet23\n|t:|1788324904\n|gametype|doubles\n|player|p1|Thornlace48812|1|1102\n|player|p2|chickmagnet23|1|1172\n|gen|9\n|tier|[Gen 9 Champions] VGC 2026 Reg M-B\n|rated|\n|rule|Species Clause: Limit one of each Pokémon\n|rule|Item Clause: Limit 1 of each item\n|clearpoke\n|poke|p1|Garchomp, L50, F|\n|poke|p1|Charizard, L50, F|\n|poke|p1|Whimsicott, L50, M|\n|poke|p1|Sylveon, L50, M|\n|poke|p1|Kingambit, L50, M|\n|poke|p1|Basculegion, L50, M|\n|poke|p2|Swampert, L50, M|\n|poke|p2|Grimmsnarl, L50, M|\n|poke|p2|Archaludon, L50, M|\n|poke|p2|Venusaur, L50, F|\n|poke|p2|Charizard, L50, M|\n|poke|p2|Pelipper, L50, M|\n|teampreview|4\n|inactive|Battle timer is ON: inactive players will automatically lose when time's up. (requested by chickmagnet23)\n|inactive|Thornlace48812 also wants the timer to be on.\nThornlace48812 rejected open team sheets.\n|\n|t:|1788324933\n|teamsize|p1|4\n|teamsize|p2|4\n|start\n|switch|p1a: Charizard|Charizard, L50, F|100/100\n|switch|p1b: Garchomp|Garchomp, L50, F|100/100\n|switch|p2a: Grimmsnarl|Grimmsnarl, L50, M|100/100\n|switch|p2b: Swampert|Swampert, L50, M|100/100\n|turn|1\n|\n|t:|1788324954\n|detailschange|p1a: Charizard|Charizard-Mega-Y, L50, F\n|-mega|p1a: Charizard|Charizard|Charizardite Y\n|-weather|SunnyDay|[from] ability: Drought|[of] p1a: Charizard\n|detailschange|p2b: Swampert|Swampert-Mega, L50, M\n|-mega|p2b: Swampert|Swampert|Swampertite\n|move|p2b: Swampert|Protect|p2b: Swampert\n|-singleturn|p2b: Swampert|Protect\n|move|p2a: Grimmsnarl|Reflect|p2a: Grimmsnarl\n|-sidestart|p2: chickmagnet23|Reflect\n|move|p1b: Garchomp|Earthquake|p2b: Swampert|[spread] p2a\n|-activate|p2b: Swampert|move: Protect\n|-immune|p1a: Charizard\n|-crit|p2a: Grimmsnarl\n|-damage|p2a: Grimmsnarl|11/100\n|-damage|p1b: Garchomp|90/100|[from] item: Life Orb\n|move|p1a: Charizard|Heat Wave|p2b: Swampert|[spread] p2a\n|-activate|p2b: Swampert|move: Protect\n|-damage|p2a: Grimmsnarl|0 fnt\n|faint|p2a: Grimmsnarl\n|\n|-weather|SunnyDay|[upkeep]\n|upkeep\n|\n|t:|1788324972\n|switch|p2a: Pelipper|Pelipper, L50, M|100/100\n|-weather|RainDance|[from] ability: Drizzle|[of] p2a: Pelipper\n|turn|2\n|\n|t:|1788324986\n|move|p2b: Swampert|Ice Punch|p1b: Garchomp\n|-supereffective|p1b: Garchomp|2\n|-damage|p1b: Garchomp|0 fnt\n|-damage|p2b: Swampert|87/100|[from] ability: Rough Skin|[of] p1b: Garchomp\n|faint|p1b: Garchomp\n|move|p1a: Charizard|Ancient Power|p2b: Swampert\n|-resisted|p2b: Swampert|1\n|-damage|p2b: Swampert|77/100\n|move|p2a: Pelipper|Tailwind|p2a: Pelipper\n|-sidestart|p2: chickmagnet23|move: Tailwind\n|\n|-weather|RainDance|[upkeep]\n|upkeep\n|\n|t:|1788324986\n|switch|p1b: Sylveon|Sylveon, L50, M|100/100\n|turn|3\n|\n|t:|1788325001\n|move|p1a: Charizard|Protect|p1a: Charizard\n|-singleturn|p1a: Charizard|Protect\n|move|p2b: Swampert|Wave Crash|p1a: Charizard\n|-activate|p1a: Charizard|move: Protect\n|move|p2a: Pelipper|Weather Ball|p1b: Sylveon\n|-damage|p1b: Sylveon|48/100\n|move|p1b: Sylveon|Hyper Voice|p2b: Swampert|[spread] p2a,p2b\n|-damage|p2a: Pelipper|27/100\n|-damage|p2b: Swampert|36/100\n|-enditem|p2a: Pelipper|Sitrus Berry|[eat]\n|-heal|p2a: Pelipper|52/100|[from] item: Sitrus Berry\n|\n|-weather|RainDance|[upkeep]\n|upkeep\n|turn|4\n|\n|t:|1788325011\n|switch|p1a: Basculegion|Basculegion, L50, M|100/100\n|move|p2b: Swampert|Wave Crash|p1a: Basculegion\n|-resisted|p1a: Basculegion|1\n|-damage|p1a: Basculegion|32/100\n|-damage|p2b: Swampert|14/100|[from] Recoil\n|move|p2a: Pelipper|Weather Ball|p1b: Sylveon\n|-damage|p1b: Sylveon|0 fnt\n|faint|p1b: Sylveon\n|\n|-weather|RainDance|[upkeep]\n|upkeep\n|\n|t:|1788325012\n|switch|p1b: Charizard|Charizard-Mega-Y, L50, F|100/100\n|-weather|SunnyDay|[from] ability: Drought|[of] p1b: Charizard\n|turn|5\n|\n|t:|1788325033\n|switch|p2a: Archaludon|Archaludon, L50, M|100/100\n|move|p2b: Swampert|Protect|p2b: Swampert\n|-singleturn|p2b: Swampert|Protect\n|move|p1a: Basculegion|Protect|p1a: Basculegion\n|-singleturn|p1a: Basculegion|Protect\n|move|p1b: Charizard|Solar Beam||[still]\n|-prepare|p1b: Charizard|Solar Beam\n|-anim|p1b: Charizard|Solar Beam|p2a: Archaludon\n|-resisted|p2a: Archaludon|2\n|-damage|p2a: Archaludon|88/100\n|-ability|p2a: Archaludon|Stamina|boost\n|-boost|p2a: Archaludon|def|1\n|\n|-weather|SunnyDay|[upkeep]\n|-heal|p2a: Archaludon|94/100|[from] item: Leftovers\n|-sideend|p2: chickmagnet23|move: Tailwind\n|upkeep\n|turn|6\n|\n|t:|1788325052\n|switch|p2b: Pelipper|Pelipper, L50, M|52/100\n|-weather|RainDance|[from] ability: Drizzle|[of] p2b: Pelipper\n|move|p2a: Archaludon|Protect|p2a: Archaludon\n|-singleturn|p2a: Archaludon|Protect\n|move|p1b: Charizard|Heat Wave|p2b: Pelipper|[spread] p2b\n|-activate|p2a: Archaludon|move: Protect\n|-resisted|p2b: Pelipper|1\n|-damage|p2b: Pelipper|34/100\n|move|p1a: Basculegion|Last Respects|p2a: Archaludon\n|-activate|p2a: Archaludon|move: Protect\n|\n|-weather|RainDance|[upkeep]\n|-heal|p2a: Archaludon|100/100|[from] item: Leftovers\n|upkeep\n|turn|7\n|inactive|chickmagnet23 has 30 seconds left.\n|\n|t:|1788325077\n|move|p1b: Charizard|Ancient Power|p2a: Archaludon\n|-resisted|p2a: Archaludon|1\n|-damage|p2a: Archaludon|88/100\n|-ability|p2a: Archaludon|Stamina|boost\n|-boost|p2a: Archaludon|def|1\n|move|p1a: Basculegion|Wave Crash|p2b: Pelipper\n|-resisted|p2b: Pelipper|1\n|-damage|p2b: Pelipper|0 fnt\n|faint|p2b: Pelipper\n|-damage|p1a: Basculegion|24/100|[from] Recoil\n|move|p2a: Archaludon|Electro Shot||[still]\n|-prepare|p2a: Archaludon|Electro Shot\n|-boost|p2a: Archaludon|spa|1\n|-anim|p2a: Archaludon|Electro Shot|p1b: Charizard\n|-supereffective|p1b: Charizard|1\n|-damage|p1b: Charizard|0 fnt\n|faint|p1b: Charizard\n|\n|-weather|RainDance|[upkeep]\n|-heal|p2a: Archaludon|94/100|[from] item: Leftovers\n|upkeep\n|\n|t:|1788325094\n|switch|p2b: Swampert|Swampert-Mega, L50, M|14/100\n|turn|8\n|\n|t:|1788325100\n|move|p1a: Basculegion|Protect|p1a: Basculegion\n|-singleturn|p1a: Basculegion|Protect\n|move|p2b: Swampert|Wave Crash|p1a: Basculegion\n|-activate|p1a: Basculegion|move: Protect\n|move|p2a: Archaludon|Electro Shot||[still]\n|-prepare|p2a: Archaludon|Electro Shot\n|-boost|p2a: Archaludon|spa|1\n|-anim|p2a: Archaludon|Electro Shot|p1a: Basculegion\n|-activate|p1a: Basculegion|move: Protect\n|\n|-weather|RainDance|[upkeep]\n|-heal|p2a: Archaludon|100/100|[from] item: Leftovers\n|-sideend|p2: chickmagnet23|Reflect\n|upkeep\n|turn|9\n|\n|t:|1788325103\n|move|p2b: Swampert|Wave Crash|p1a: Basculegion\n|-resisted|p1a: Basculegion|1\n|-damage|p1a: Basculegion|0 fnt\n|faint|p1a: Basculegion\n|-damage|p2b: Swampert|6/100|[from] Recoil\n|\n|win|chickmagnet23\n|raw|Thornlace48812's rating: 1149 &rarr; <strong>1126</strong><br />(-23 for losing)\n|raw|chickmagnet23's rating: 1172 &rarr; <strong>1195</strong><br />(+23 for winning)\n","uploadtime":1788325106,"views":"1","formatid":"gen9championsvgc2026regmb","rating":1126,"private":0,"password":null}