{"id":"gen9championsvgc2026regmb-2673864128","format":"[Gen 9 Champions] VGC 2026 Reg M-B","players":["Thornlace48812","tayluhautumn"],"log":"|j|☆Thornlace48812\n|j|☆tayluhautumn\n|t:|1788270269\n|gametype|doubles\n|player|p1|Thornlace48812|102|1103\n|player|p2|tayluhautumn|hilda|1072\n|gen|9\n|tier|[Gen 9 Champions] VGC 2026 Reg M-B\n|rated|\n|rule|Species Clause: Limit one of each Pokémon\n|rule|Item Clause: Limit 1 of each item\n|clearpoke\n|poke|p1|Garchomp, L50, F|\n|poke|p1|Charizard, L50, M|\n|poke|p1|Whimsicott, L50, F|\n|poke|p1|Sylveon, L50, F|\n|poke|p1|Kingambit, L50, M|\n|poke|p1|Basculegion, L50, M|\n|poke|p2|Barbaracle, L50, M|\n|poke|p2|Pelipper, L50, F|\n|poke|p2|Basculegion, L50, M|\n|poke|p2|Dragonite, L50, F|\n|poke|p2|Clefable, L50, M|\n|poke|p2|Sneasler, L50, M|\n|teampreview|4\n|inactive|Battle timer is ON: inactive players will automatically lose when time's up. (requested by Thornlace48812)\nThornlace48812 rejected open team sheets.\n|\n|t:|1788270294\n|teamsize|p1|4\n|teamsize|p2|4\n|start\n|switch|p1a: Basculegion|Basculegion, L50, M|100/100\n|switch|p1b: Whimsicott|Whimsicott, L50, F|100/100\n|switch|p2a: Barbaracle|Barbaracle, L50, M|100/100\n|switch|p2b: Clefable|Clefable, L50, M|100/100\n|turn|1\n|inactive|tayluhautumn has 30 seconds left.\n|\n|t:|1788270320\n|move|p1a: Basculegion|Protect|p1a: Basculegion\n|-singleturn|p1a: Basculegion|Protect\n|move|p2a: Barbaracle|Protect|p2a: Barbaracle\n|-singleturn|p2a: Barbaracle|Protect\n|move|p1b: Whimsicott|Tailwind|p1b: Whimsicott\n|-sidestart|p1: Thornlace48812|move: Tailwind\n|move|p2b: Clefable|Rain Dance|p2b: Clefable\n|-weather|RainDance\n|\n|-weather|RainDance|[upkeep]\n|upkeep\n|turn|2\n|inactive|tayluhautumn has 30 seconds left.\n|\n|t:|1788270353\n|switch|p2a: Basculegion|Basculegion, L50, M|100/100\n|move|p2b: Clefable|Protect|p2b: Clefable\n|-singleturn|p2b: Clefable|Protect\n|move|p1b: Whimsicott|Moonblast|p2a: Basculegion\n|-damage|p2a: Basculegion|77/100\n|move|p1a: Basculegion|Wave Crash|p2a: Basculegion\n|-resisted|p2a: Basculegion|1\n|-damage|p2a: Basculegion|0 fnt\n|faint|p2a: Basculegion\n|-damage|p1a: Basculegion|71/100|[from] Recoil\n|\n|-weather|RainDance|[upkeep]\n|upkeep\n|\n|t:|1788270369\n|switch|p2a: Pelipper|Pelipper, L50, F|100/100\n|turn|3\n|\n|t:|1788270377\n|move|p2b: Clefable|Follow Me|p2b: Clefable\n|-singleturn|p2b: Clefable|move: Follow Me\n|move|p1b: Whimsicott|Moonblast|p2b: Clefable\n|-damage|p2b: Clefable|76/100\n|move|p1a: Basculegion|Last Respects|p2b: Clefable\n|-damage|p2b: Clefable|33/100\n|move|p2a: Pelipper|Hurricane|p1b: Whimsicott\n|-supereffective|p1b: Whimsicott|1\n|-enditem|p1b: Whimsicott|Focus Sash\n|-damage|p1b: Whimsicott|1/100\n|\n|-weather|RainDance|[upkeep]\n|upkeep\n|turn|4\n|inactive|tayluhautumn has 30 seconds left.\n|\n|t:|1788270406\n|move|p2b: Clefable|Protect|p2b: Clefable\n|-singleturn|p2b: Clefable|Protect\n|move|p1b: Whimsicott|Moonblast|p2a: Pelipper\n|-damage|p2a: Pelipper|54/100\n|-unboost|p2a: Pelipper|spa|1\n|move|p1a: Basculegion|Last Respects|p2a: Pelipper\n|-damage|p2a: Pelipper|12/100\n|-enditem|p2a: Pelipper|Sitrus Berry|[eat]\n|-heal|p2a: Pelipper|36/100|[from] item: Sitrus Berry\n|move|p2a: Pelipper|Blizzard|p1b: Whimsicott|[spread] p1a,p1b\n|-resisted|p1a: Basculegion|1\n|-supereffective|p1b: Whimsicott|1\n|-damage|p1a: Basculegion|62/100\n|-damage|p1b: Whimsicott|0 fnt\n|faint|p1b: Whimsicott\n|\n|-weather|RainDance|[upkeep]\n|-sideend|p1: Thornlace48812|move: Tailwind\n|upkeep\n|\n|t:|1788270407\n|switch|p1b: Charizard|Charizard, L50, M|100/100\n|turn|5\n|\n|t:|1788270431\n|switch|p2b: Barbaracle|Barbaracle, L50, M|100/100\n|detailschange|p1b: Charizard|Charizard-Mega-Y, L50, M\n|-mega|p1b: Charizard|Charizard|Charizardite Y\n|-weather|SunnyDay|[from] ability: Drought|[of] p1b: Charizard\n|move|p1b: Charizard|Heat Wave|p2b: Barbaracle|[spread] p2a,p2b\n|-resisted|p2a: Pelipper|1\n|-resisted|p2b: Barbaracle|2\n|-damage|p2a: Pelipper|0 fnt\n|-damage|p2b: Barbaracle|74/100\n|faint|p2a: Pelipper\n|move|p1a: Basculegion|Last Respects|p2b: Barbaracle\n|-damage|p2b: Barbaracle|15/100\n|\n|-weather|SunnyDay|[upkeep]\n|upkeep\n|\n|t:|1788270446\n|switch|p2a: Clefable|Clefable, L50, M|33/100\n|turn|6\n|\n|t:|1788270452\n|detailschange|p2b: Barbaracle|Barbaracle-Mega, L50, M\n|-mega|p2b: Barbaracle|Barbaracle|Barbaracite\n|move|p1b: Charizard|Heat Wave|p2a: Clefable|[spread] p2a,p2b\n|-resisted|p2b: Barbaracle|1\n|-damage|p2a: Clefable|0 fnt\n|-damage|p2b: Barbaracle|0 fnt\n|faint|p2a: Clefable\n|faint|p2b: Barbaracle\n|\n|win|Thornlace48812\n|raw|Thornlace48812's rating: 1056 &rarr; <strong>1089</strong><br />(+33 for winning)\n|raw|tayluhautumn's rating: 1072 &rarr; <strong>1050</strong><br />(-22 for losing)\n","uploadtime":1788270452,"views":"2","formatid":"gen9championsvgc2026regmb","rating":1050,"private":0,"password":null}