{"id":"gen9championsvgc2026regmb-2674665291","format":"[Gen 9 Champions] VGC 2026 Reg M-B","players":["s5s5f5s","ethalem99"],"log":"|j|☆s5s5f5s\n|j|☆ethalem99\n|t:|1788387273\n|gametype|doubles\n|player|p1|s5s5f5s|265|1316\n|player|p2|ethalem99|acetrainer-gen4dp|1310\n|gen|9\n|tier|[Gen 9 Champions] VGC 2026 Reg M-B\n|rated|\n|rule|Species Clause: Limit one of each Pokémon\n|rule|Item Clause: Limit 1 of each item\n|clearpoke\n|poke|p1|Basculegion, L50, M|\n|poke|p1|Whimsicott, L50, F|\n|poke|p1|Kingambit, L50, F|\n|poke|p1|Garchomp, L50, M|\n|poke|p1|Delphox, L50, M|\n|poke|p1|Farigiraf, L50, M|\n|poke|p2|Dragonite, L50, F|\n|poke|p2|Sneasler, L50, M|\n|poke|p2|Basculegion, L50, M|\n|poke|p2|Kingambit, L50, M|\n|poke|p2|Garchomp, L50, M|\n|poke|p2|Floette-Eternal, L50, F|\n|teampreview|4\n|inactive|Battle timer is ON: inactive players will automatically lose when time's up. (requested by ethalem99)\n|inactive|s5s5f5s also wants the timer to be on.\n|inactive|s5s5f5s has 60 seconds left.\n|\n|t:|1788387321\n|teamsize|p1|4\n|teamsize|p2|4\n|start\n|switch|p1a: Delphox|Delphox, L50, M|100/100\n|switch|p1b: Garchomp|Garchomp, L50, M|100/100\n|switch|p2a: Floette|Floette-Eternal, L50, F|100/100\n|switch|p2b: Kingambit|Kingambit, L50, M|100/100\n|turn|1\n|\n|t:|1788387342\n|switch|p1b: Farigiraf|Farigiraf, L50, M|100/100\n|detailschange|p1a: Delphox|Delphox-Mega, L50, M\n|-mega|p1a: Delphox|Delphox|Delphoxite\n|detailschange|p2a: Floette|Floette-Mega, L50, F\n|-mega|p2a: Floette|Floette|Floettite\n|-ability|p2a: Floette|Fairy Aura\n|move|p2b: Kingambit|Sucker Punch||[still]\n|cant|p1b: Farigiraf|ability: Armor Tail|Sucker Punch|[of] p2b: Kingambit\n|move|p1a: Delphox|Heat Wave|p2a: Floette|[spread] p2a,p2b\n|-supereffective|p2b: Kingambit|1\n|-damage|p2a: Floette|60/100\n|-damage|p2b: Kingambit|23/100\n|move|p2a: Floette|Moonblast|p1b: Farigiraf\n|-damage|p1b: Farigiraf|28/100\n|\n|-heal|p1b: Farigiraf|34/100|[from] item: Leftovers\n|upkeep\n|turn|2\n|\n|t:|1788387361\n|switch|p2b: Basculegion|Basculegion, L50, M|100/100\n|move|p1b: Farigiraf|Protect|p1b: Farigiraf\n|-singleturn|p1b: Farigiraf|Protect\n|move|p1a: Delphox|Heat Wave|p2b: Basculegion|[spread] p2a,p2b\n|-resisted|p2b: Basculegion|1\n|-damage|p2a: Floette|25/100\n|-damage|p2b: Basculegion|80/100\n|move|p2a: Floette|Dazzling Gleam|p1a: Delphox|[spread] p1a\n|-activate|p1b: Farigiraf|move: Protect\n|-resisted|p1a: Delphox|1\n|-damage|p1a: Delphox|76/100\n|\n|-heal|p1b: Farigiraf|40/100|[from] item: Leftovers\n|upkeep\n|turn|3\n|\n|t:|1788387385\n|switch|p1b: Garchomp|Garchomp, L50, M|100/100\n|move|p2a: Floette|Protect|p2a: Floette\n|-singleturn|p2a: Floette|Protect\n|move|p1a: Delphox|Psychic|p2b: Basculegion\n|-damage|p2b: Basculegion|30/100\n|move|p2b: Basculegion|Wave Crash|p1a: Delphox\n|-supereffective|p1a: Delphox|1\n|-damage|p1a: Delphox|0 fnt\n|faint|p1a: Delphox\n|-damage|p2b: Basculegion|11/100|[from] Recoil\n|-damage|p2b: Basculegion|1/100|[from] item: Life Orb\n|\n|upkeep\n|\n|t:|1788387403\n|switch|p1a: Basculegion|Basculegion, L50, M|100/100\n|turn|4\n|\n|t:|1788387419\n|move|p2b: Basculegion|Protect|p2b: Basculegion\n|-singleturn|p2b: Basculegion|Protect\n|move|p1a: Basculegion|Wave Crash|p2a: Floette\n|-damage|p2a: Floette|0 fnt\n|faint|p2a: Floette\n|-damage|p1a: Basculegion|93/100|[from] Recoil\n|move|p1b: Garchomp|Dragon Claw|p2b: Basculegion\n|-activate|p2b: Basculegion|move: Protect\n|\n|upkeep\n|\n|t:|1788387431\n|switch|p2a: Sneasler|Sneasler, L50, M|100/100\n|turn|5\n|\n|t:|1788387448\n|move|p2b: Basculegion|Aqua Jet|p1b: Garchomp\n|-damage|p1b: Garchomp|64/100\n|-damage|p2b: Basculegion|0 fnt|[from] ability: Rough Skin|[of] p1b: Garchomp\n|faint|p2b: Basculegion\n|move|p1a: Basculegion|Wave Crash|p2a: Sneasler\n|-enditem|p2a: Sneasler|Focus Sash\n|-damage|p2a: Sneasler|1/100\n|-damage|p1a: Basculegion|67/100|[from] Recoil\n|move|p2a: Sneasler|Close Combat|p1b: Garchomp\n|-damage|p1b: Garchomp|1/100\n|-unboost|p2a: Sneasler|def|1\n|-unboost|p2a: Sneasler|spd|1\n|-damage|p2a: Sneasler|0 fnt|[from] ability: Rough Skin|[of] p1b: Garchomp\n|-enditem|p1b: Garchomp|Sitrus Berry|[eat]\n|-heal|p1b: Garchomp|25/100|[from] item: Sitrus Berry\n|faint|p2a: Sneasler\n|move|p1b: Garchomp|Rock Slide|p2: Sneasler|[notarget]\n|-fail|p1b: Garchomp\n|\n|upkeep\n|\n|t:|1788387459\n|switch|p2a: Kingambit|Kingambit, L50, M|23/100\n|turn|6\n|\n|t:|1788387472\n|switch|p1b: Farigiraf|Farigiraf, L50, M|40/100\n|move|p2a: Kingambit|Sucker Punch||[still]\n|cant|p1b: Farigiraf|ability: Armor Tail|Sucker Punch|[of] p2a: Kingambit\n|move|p1a: Basculegion|Wave Crash|p2a: Kingambit\n|-damage|p2a: Kingambit|0 fnt\n|faint|p2a: Kingambit\n|-damage|p1a: Basculegion|59/100|[from] Recoil\n|\n|win|s5s5f5s\n|raw|s5s5f5s's rating: 1316 &rarr; <strong>1336</strong><br />(+20 for winning)\n|raw|ethalem99's rating: 1310 &rarr; <strong>1290</strong><br />(-20 for losing)\n","uploadtime":1788387474,"views":"1","formatid":"gen9championsvgc2026regmb","rating":1290,"private":0,"password":null}