{"id":"gen9championsvgc2026regmbbo3-2673415761","format":"[Gen 9 Champions] VGC 2026 Reg M-B (Bo3)","players":["mrnicoxd","Pawah"],"log":"|j|☆mrnicoxd\n|j|☆Pawah\n|html|<table width=\"100%\"><tr><td align=\"left\">mrnicoxd</td><td align=\"right\">Pawah</tr><tr><td align=\"left\"><i class=\"fa fa-circle-o\"></i> <i class=\"fa fa-circle-o\"></i> </td><td align=\"right\"><i class=\"fa fa-circle-o\"></i> <i class=\"fa fa-circle\"></i> </tr></table>\n|uhtml|bestof|<h2><strong>Game 2</strong> of <a href=\"/game-bestof3-gen9championsvgc2026regmbbo3-2673414026\">a best-of-3</a></h2>\n|t:|1788195102\n|gametype|doubles\n|player|p1|mrnicoxd|n|1116\n|player|p2|Pawah|ethan|1311\n|gen|9\n|tier|[Gen 9 Champions] VGC 2026 Reg M-B (Bo3)\n|rated|\n|rule|Species Clause: Limit one of each Pokémon\n|rule|Item Clause: Limit 1 of each item\n|clearpoke\n|poke|p1|Whimsicott, L50, M|\n|poke|p1|Gholdengo, L50, shiny|\n|poke|p1|Staraptor, L50, M|\n|poke|p1|Garchomp, L50, M|\n|poke|p1|Delphox, L50, F|\n|poke|p1|Rotom-Wash, L50|\n|poke|p2|Incineroar, L50, M|\n|poke|p2|Sinistcha, L50|\n|poke|p2|Floette-Eternal, L50, F|\n|poke|p2|Samurott-Hisui, L50, F|\n|poke|p2|Sneasler, L50, F|\n|poke|p2|Delphox, L50, M|\n|teampreview|4\n|showteam|p1|Whimsicott||FocusSash|Prankster|Moonblast,Tailwind,Tickle,FakeTears|Modest||M|||50|]Gholdengo||LifeOrb|GoodasGold|MakeItRain,ShadowBall,NastyPlot,Protect|Modest|||||50|]Staraptor||Staraptite|Intimidate|CloseCombat,BraveBird,Roost,Protect|Impish||M|||50|]Garchomp||ChoiceScarf|RoughSkin|DragonClaw,Earthquake,RockSlide,StompingTantrum|Jolly||M|||50|]Delphox||Delphoxite|Blaze|HeatWave,Psychic,DazzlingGleam,Protect|Timid||F|||50|]Rotom-Wash||SitrusBerry|Levitate|HydroPump,VoltSwitch,WillOWisp,Thunderbolt|Modest|||||50|\n|showteam|p2|Incineroar||SitrusBerry|Intimidate|FlareBlitz,DarkestLariat,FakeOut,PartingShot|Careful||M|||50|]Sinistcha||OccaBerry|Hospitality|MatchaGotcha,LifeDew,RagePowder,Protect|Bold|||||50|]Floette-Eternal||Floettite|FlowerVeil|Protect,DazzlingGleam,Moonblast,CalmMind|Modest||F|||50|]Samurott-Hisui||ChoiceScarf|Sharpness|NightSlash,AquaCutter,SacredSword,FlipTurn|Jolly||F|||50|]Sneasler||FocusSash|PoisonTouch|PoisonJab,RockSlide,CloseCombat,FakeOut|Jolly||F|||50|]Delphox||Delphoxite|Blaze|HeatWave,Protect,Psychic,NastyPlot|Timid||M|||50|\n|inactive|Battle timer is ON: inactive players will automatically lose when time's up. (requested by Pawah)\n|\n|t:|1788195128\n|teamsize|p1|4\n|teamsize|p2|4\n|start\n|switch|p1a: Whimsicott|Whimsicott, L50, M|100/100\n|switch|p1b: Delphox|Delphox, L50, F|100/100\n|switch|p2a: Samurott|Samurott-Hisui, L50, F|100/100\n|switch|p2b: Sneasler|Sneasler, L50, F|100/100\n|turn|1\n|inactive|mrnicoxd has 30 seconds left.\n|inactive|Pawah has 30 seconds left.\n|\n|t:|1788195162\n|switch|p1a: Gholdengo|Gholdengo, L50, shiny|100/100\n|move|p2b: Sneasler|Fake Out|p1a: Gholdengo\n|-immune|p1a: Gholdengo\n|move|p2a: Samurott|Aqua Cutter|p1b: Delphox\n|-supereffective|p1b: Delphox|1\n|-damage|p1b: Delphox|0 fnt\n|faint|p1b: Delphox\n|\n|upkeep\n|\n|t:|1788195176\n|switch|p1b: Rotom|Rotom-Wash, L50|100/100\n|turn|2\n|\n|t:|1788195194\n|switch|p2b: Incineroar|Incineroar, L50, M|100/100\n|-ability|p2b: Incineroar|Intimidate|boost\n|-unboost|p1a: Gholdengo|atk|1\n|-unboost|p1b: Rotom|atk|1\n|move|p1a: Gholdengo|Protect|p1a: Gholdengo\n|-singleturn|p1a: Gholdengo|Protect\n|move|p2a: Samurott|Aqua Cutter|p1a: Gholdengo\n|-activate|p1a: Gholdengo|move: Protect\n|move|p1b: Rotom|Thunderbolt|p2a: Samurott\n|-supereffective|p2a: Samurott|1\n|-damage|p2a: Samurott|0 fnt\n|faint|p2a: Samurott\n|\n|upkeep\n|inactive|Pawah has 30 seconds left.\n|\n|t:|1788195222\n|switch|p2a: Floette|Floette-Eternal, L50, F|100/100\n|turn|3\n|inactive|mrnicoxd has 30 seconds left.\n|inactive|mrnicoxd has 20 seconds left.\n|inactive|mrnicoxd has 15 seconds left.\n|\n|t:|1788195263\n|switch|p1a: Whimsicott|Whimsicott, L50, M|100/100\n|detailschange|p2a: Floette|Floette-Mega, L50, F\n|-mega|p2a: Floette|Floette|Floettite\n|-ability|p2a: Floette|Fairy Aura\n|move|p2a: Floette|Protect|p2a: Floette\n|-singleturn|p2a: Floette|Protect\n|move|p1b: Rotom|Volt Switch|p2a: Floette\n|-activate|p2a: Floette|move: Protect\n|move|p2b: Incineroar|Flare Blitz|p1a: Whimsicott\n|-supereffective|p1a: Whimsicott|1\n|-damage|p1a: Whimsicott|1/100\n|-damage|p2b: Incineroar|78/100|[from] Recoil\n|\n|upkeep\n|turn|4\n|inactive|mrnicoxd has 30 seconds left.\n|inactive|mrnicoxd has 20 seconds left.\n|inactive|mrnicoxd has 15 seconds left.\n|\n|t:|1788195304\n|move|p1a: Whimsicott|Tailwind|p1a: Whimsicott\n|-sidestart|p1: mrnicoxd|move: Tailwind\n|move|p1b: Rotom|Thunderbolt|p2a: Floette\n|-damage|p2a: Floette|73/100\n|move|p2a: Floette|Calm Mind|p2a: Floette\n|-boost|p2a: Floette|spa|1\n|-boost|p2a: Floette|spd|1\n|move|p2b: Incineroar|Parting Shot|p1b: Rotom\n|-unboost|p1b: Rotom|atk|1\n|-unboost|p1b: Rotom|spa|1\n|\n|t:|1788195312\n|switch|p2b: Sneasler|Sneasler, L50, F|100/100|[from] Parting Shot\n|\n|upkeep\n|turn|5\n|\n|t:|1788195329\n|switch|p1a: Gholdengo|Gholdengo, L50, shiny|100/100\n|move|p2b: Sneasler|Fake Out|p1a: Gholdengo\n|-immune|p1a: Gholdengo\n|move|p1b: Rotom|Volt Switch|p2a: Floette\n|-damage|p2a: Floette|64/100\n|\n|t:|1788195338\n|switch|p1b: Whimsicott|Whimsicott, L50, M|1/100|[from] Volt Switch\n|move|p2a: Floette|Calm Mind|p2a: Floette\n|-boost|p2a: Floette|spa|1\n|-boost|p2a: Floette|spd|1\n|\n|upkeep\n|turn|6\n|\n|t:|1788195356\n|switch|p2b: Incineroar|Incineroar, L50, M|78/100\n|-ability|p2b: Incineroar|Intimidate|boost\n|-unboost|p1a: Gholdengo|atk|1\n|-unboost|p1b: Whimsicott|atk|1\n|move|p1a: Gholdengo|Protect|p1a: Gholdengo\n|-singleturn|p1a: Gholdengo|Protect\n|move|p2a: Floette|Protect|p2a: Floette\n|-singleturn|p2a: Floette|Protect\n|move|p1b: Whimsicott|Fake Tears|p2a: Floette\n|-activate|p2a: Floette|move: Protect\n|\n|upkeep\n|turn|7\n|inactive|mrnicoxd has 30 seconds left.\n|inactive|Pawah has 30 seconds left.\n|\n|t:|1788195389\n|switch|p2a: Sneasler|Sneasler, L50, F|100/100\n|move|p1b: Whimsicott|Moonblast|p2a: Sneasler\n|-damage|p2a: Sneasler|45/100\n|move|p1a: Gholdengo|Make It Rain|p2a: Sneasler|[spread] p2a,p2b\n|-resisted|p2b: Incineroar|1\n|-damage|p2a: Sneasler|0 fnt\n|-damage|p2b: Incineroar|52/100\n|-unboost|p1a: Gholdengo|spa|2\n|faint|p2a: Sneasler\n|-damage|p1a: Gholdengo|90/100|[from] item: Life Orb\n|move|p2b: Incineroar|Flare Blitz|p1a: Gholdengo\n|-supereffective|p1a: Gholdengo|1\n|-damage|p1a: Gholdengo|2/100\n|-status|p1a: Gholdengo|brn\n|-damage|p2b: Incineroar|25/100|[from] Recoil\n|-enditem|p2b: Incineroar|Sitrus Berry|[eat]\n|-heal|p2b: Incineroar|50/100y|[from] item: Sitrus Berry\n|\n|-damage|p1a: Gholdengo|0 fnt|[from] brn\n|faint|p1a: Gholdengo\n|-sideend|p1: mrnicoxd|move: Tailwind\n|upkeep\n|\n|t:|1788195395\n|switch|p2a: Floette|Floette-Mega, L50, F|64/100\n|switch|p1a: Rotom|Rotom-Wash, L50|100/100\n|-ability|p2a: Floette|Fairy Aura\n|turn|8\n|\n|t:|1788195408\n|move|p2a: Floette|Calm Mind|p2a: Floette\n|-boost|p2a: Floette|spa|1\n|-boost|p2a: Floette|spd|1\n|move|p1b: Whimsicott|Moonblast|p2b: Incineroar\n|-damage|p2b: Incineroar|13/100\n|move|p1a: Rotom|Hydro Pump|p2a: Floette\n|-damage|p2a: Floette|44/100\n|move|p2b: Incineroar|Flare Blitz|p1b: Whimsicott\n|-supereffective|p1b: Whimsicott|1\n|-damage|p1b: Whimsicott|0 fnt\n|faint|p1b: Whimsicott\n|-damage|p2b: Incineroar|13/100|[from] Recoil\n|\n|upkeep\n|turn|9\n|\n|t:|1788195427\n|move|p2a: Floette|Moonblast|p1a: Rotom\n|-crit|p1a: Rotom\n|-damage|p1a: Rotom|0 fnt\n|faint|p1a: Rotom\n|\n|win|Pawah\n|raw|mrnicoxd's rating: 1116 &rarr; <strong>1104</strong><br />(-12 for losing)\n|raw|Pawah's rating: 1311 &rarr; <strong>1321</strong><br />(+10 for winning)\n","uploadtime":1788195427,"views":"0","formatid":"gen9championsvgc2026regmbbo3","rating":1104,"private":0,"password":null}