{"id":"gen9championsvgc2026regmb-2673979346","format":"[Gen 9 Champions] VGC 2026 Reg M-B","players":["biss2330","bimboddue"],"log":"|j|☆biss2330\n|j|☆bimboddue\n|t:|1788284267\n|gametype|doubles\n|player|p1|biss2330|nate|1207\n|player|p2|bimboddue|cynthia|1272\n|gen|9\n|tier|[Gen 9 Champions] VGC 2026 Reg M-B\n|rated|\n|rule|Species Clause: Limit one of each Pokémon\n|rule|Item Clause: Limit 1 of each item\n|clearpoke\n|poke|p1|Toxapex, L50, F|\n|poke|p1|Floette-Eternal, L50, F|\n|poke|p1|Incineroar, L50, M|\n|poke|p1|Sinistcha, L50|\n|poke|p1|Farigiraf, L50, M|\n|poke|p1|Aerodactyl, L50, F|\n|poke|p2|Altaria, L50, F|\n|poke|p2|Ceruledge, L50, M|\n|poke|p2|Aggron, L50, M|\n|poke|p2|Whimsicott, L50, M|\n|poke|p2|Milotic, L50, M|\n|poke|p2|Gallade, L50, M|\n|teampreview|4\n|\n|t:|1788284287\n|teamsize|p1|4\n|teamsize|p2|4\n|start\n|switch|p1a: Aerodactyl|Aerodactyl, L50, F|100/100\n|switch|p1b: Toxapex|Toxapex, L50, F|100/100\n|switch|p2a: Aggron|Aggron, L50, M|100/100\n|switch|p2b: Milotic|Milotic, L50, M|100/100\n|-ability|p1a: Aerodactyl|Unnerve\n|turn|1\n|inactive|Battle timer is ON: inactive players will automatically lose when time's up. (requested by biss2330)\n|\n|t:|1788284318\n|detailschange|p2a: Aggron|Aggron-Mega, L50, M\n|-mega|p2a: Aggron|Aggron|Aggronite\n|move|p1a: Aerodactyl|Protect|p1a: Aerodactyl\n|-singleturn|p1a: Aerodactyl|Protect\n|move|p2b: Milotic|Scald|p1a: Aerodactyl\n|-activate|p1a: Aerodactyl|move: Protect\n|move|p2a: Aggron|Iron Defense|p2a: Aggron\n|-boost|p2a: Aggron|def|2\n|move|p1b: Toxapex|Toxic|p2b: Milotic\n|-status|p2b: Milotic|tox\n|\n|-damage|p2b: Milotic|94/100 tox|[from] psn\n|upkeep\n|turn|2\n|\n|t:|1788284342\n|switch|p1a: Sinistcha|Sinistcha, L50|100/100\n|move|p2b: Milotic|Coil|p2b: Milotic\n|-boost|p2b: Milotic|atk|1\n|-boost|p2b: Milotic|def|1\n|-boost|p2b: Milotic|accuracy|1\n|move|p2a: Aggron|Heavy Slam|p1a: Sinistcha\n|-damage|p1a: Sinistcha|59/100\n|move|p1b: Toxapex|Infestation|p2a: Aggron\n|-resisted|p2a: Aggron|1\n|-damage|p2a: Aggron|98/100\n|-activate|p2a: Aggron|move: Infestation|[of] p1b: Toxapex\n|\n|-heal|p2b: Milotic|100/100 tox|[from] item: Leftovers\n|-damage|p2b: Milotic|88/100 tox|[from] psn\n|-damage|p2a: Aggron|86/100|[from] move: Infestation|[partiallytrapped]\n|upkeep\n|turn|3\n|inactive|biss2330 has 30 seconds left.\n|\n|t:|1788284370\n|move|p2b: Milotic|Hypnosis|p1a: Sinistcha\n|-status|p1a: Sinistcha|slp|[from] move: Hypnosis\n|move|p2a: Aggron|Heavy Slam|p1a: Sinistcha\n|-damage|p1a: Sinistcha|21/100 slp\n|move|p1b: Toxapex|Infestation|p2b: Milotic\n|-damage|p2b: Milotic|85/100 tox\n|-activate|p2b: Milotic|move: Infestation|[of] p1b: Toxapex\n|cant|p1a: Sinistcha|slp\n|\n|-heal|p2b: Milotic|91/100 tox|[from] item: Leftovers\n|-damage|p2b: Milotic|73/100 tox|[from] psn\n|-damage|p2b: Milotic|61/100 tox|[from] move: Infestation|[partiallytrapped]\n|-damage|p2a: Aggron|74/100|[from] move: Infestation|[partiallytrapped]\n|upkeep\n|turn|4\n|\n|t:|1788284383\n|move|p1b: Toxapex|Baneful Bunker|p1b: Toxapex\n|-singleturn|p1b: Toxapex|move: Protect\n|move|p2b: Milotic|Life Dew|p2b: Milotic|[spread] p2a,p2b\n|-heal|p2a: Aggron|98/100\n|-heal|p2b: Milotic|86/100 tox\n|-curestatus|p1a: Sinistcha|slp|[msg]\n|move|p1a: Sinistcha|Matcha Gotcha|p2b: Milotic|[spread] p2b\n|-miss|p1a: Sinistcha|p2a: Aggron\n|-supereffective|p2b: Milotic|1\n|-damage|p2b: Milotic|53/100 tox\n|-heal|p1a: Sinistcha|40/100|[from] drain|[of] p2b: Milotic\n|move|p2a: Aggron|Heavy Slam|p1a: Sinistcha\n|-damage|p1a: Sinistcha|0 fnt\n|faint|p1a: Sinistcha\n|\n|-heal|p2b: Milotic|59/100 tox|[from] item: Leftovers\n|-damage|p2b: Milotic|36/100 tox|[from] psn\n|-damage|p2b: Milotic|23/100 tox|[from] move: Infestation|[partiallytrapped]\n|-damage|p2a: Aggron|86/100|[from] move: Infestation|[partiallytrapped]\n|upkeep\n|\n|t:|1788284403\n|switch|p1a: Farigiraf|Farigiraf, L50, M|100/100\n|turn|5\n|\n|t:|1788284422\n|move|p2b: Milotic|Hypnosis|p1b: Toxapex\n|-status|p1b: Toxapex|slp|[from] move: Hypnosis\n|move|p1a: Farigiraf|Psychic|p2b: Milotic\n|-damage|p2b: Milotic|0 fnt\n|faint|p2b: Milotic\n|move|p2a: Aggron|Iron Defense|p2a: Aggron\n|-boost|p2a: Aggron|def|2\n|cant|p1b: Toxapex|slp\n|\n|-damage|p2a: Aggron|74/100|[from] move: Infestation|[partiallytrapped]\n|upkeep\n|\n|t:|1788284431\n|switch|p2b: Ceruledge|Ceruledge, L50, M|100/100\n|turn|6\n|\n|t:|1788284441\n|move|p2b: Ceruledge|Bulk Up|p2b: Ceruledge\n|-boost|p2b: Ceruledge|atk|1\n|-boost|p2b: Ceruledge|def|1\n|move|p2a: Aggron|Body Press|p1a: Farigiraf\n|-damage|p1a: Farigiraf|3/100\n|-enditem|p1a: Farigiraf|Sitrus Berry|[eat]\n|-heal|p1a: Farigiraf|28/100|[from] item: Sitrus Berry\n|-curestatus|p1b: Toxapex|slp|[msg]\n|move|p1b: Toxapex|Toxic|p2b: Ceruledge\n|-status|p2b: Ceruledge|tox\n|move|p1a: Farigiraf|Trick Room|p1a: Farigiraf\n|-fieldstart|move: Trick Room|[of] p1a: Farigiraf\n|\n|-damage|p2b: Ceruledge|94/100 tox|[from] psn\n|-damage|p2a: Aggron|61/100|[from] move: Infestation|[partiallytrapped]\n|upkeep\n|turn|7\n|\n|t:|1788284460\n|move|p1b: Toxapex|Infestation|p2b: Ceruledge\n|-resisted|p2b: Ceruledge|2\n|-damage|p2b: Ceruledge|93/100 tox\n|-activate|p2b: Ceruledge|move: Infestation|[of] p1b: Toxapex\n|move|p2a: Aggron|Heavy Slam|p1b: Toxapex\n|-resisted|p1b: Toxapex|1\n|-damage|p1b: Toxapex|80/100\n|move|p1a: Farigiraf|Psychic|p2a: Aggron\n|-resisted|p2a: Aggron|1\n|-damage|p2a: Aggron|46/100\n|-unboost|p2a: Aggron|spd|1\n|move|p2b: Ceruledge|Bitter Blade|p1a: Farigiraf\n|-damage|p1a: Farigiraf|0 fnt\n|-heal|p2b: Ceruledge|100/100 tox|[from] drain|[of] p1a: Farigiraf\n|faint|p1a: Farigiraf\n|\n|-heal|p1b: Toxapex|85/100|[from] item: Leftovers\n|-damage|p2b: Ceruledge|88/100 tox|[from] psn\n|-end|p2a: Aggron|Infestation|[partiallytrapped]\n|-damage|p2b: Ceruledge|75/100 tox|[from] move: Infestation|[partiallytrapped]\n|upkeep\n|inactive|biss2330 has 30 seconds left.\n|\n|t:|1788284490\n|switch|p1a: Aerodactyl|Aerodactyl, L50, F|100/100\n|-ability|p1a: Aerodactyl|Unnerve\n|turn|8\n|\n|t:|1788284502\n|detailschange|p1a: Aerodactyl|Aerodactyl-Mega, L50, F\n|-mega|p1a: Aerodactyl|Aerodactyl|Aerodactylite\n|move|p1a: Aerodactyl|Protect|p1a: Aerodactyl\n|-singleturn|p1a: Aerodactyl|Protect\n|move|p1b: Toxapex|Infestation|p2b: Ceruledge\n|-resisted|p2b: Ceruledge|2\n|-damage|p2b: Ceruledge|75/100 tox\n|move|p2a: Aggron|Heavy Slam|p1a: Aerodactyl\n|-activate|p1a: Aerodactyl|move: Protect\n|move|p2b: Ceruledge|Bitter Blade|p1b: Toxapex\n|-resisted|p1b: Toxapex|1\n|-damage|p1b: Toxapex|62/100\n|-heal|p2b: Ceruledge|86/100 tox|[from] drain|[of] p1b: Toxapex\n|\n|-heal|p1b: Toxapex|68/100|[from] item: Leftovers\n|-damage|p2b: Ceruledge|68/100 tox|[from] psn\n|-damage|p2b: Ceruledge|56/100 tox|[from] move: Infestation|[partiallytrapped]\n|upkeep\n|turn|9\n|\n|t:|1788284520\n|move|p1b: Toxapex|Infestation|p2a: Aggron\n|-resisted|p2a: Aggron|1\n|-damage|p2a: Aggron|44/100\n|-activate|p2a: Aggron|move: Infestation|[of] p1b: Toxapex\n|move|p2a: Aggron|Heavy Slam|p1a: Aerodactyl\n|-supereffective|p1a: Aerodactyl|1\n|-damage|p1a: Aerodactyl|0 fnt\n|faint|p1a: Aerodactyl\n|move|p2b: Ceruledge|Bitter Blade|p1b: Toxapex\n|-resisted|p1b: Toxapex|1\n|-damage|p1b: Toxapex|43/100\n|-heal|p2b: Ceruledge|68/100 tox|[from] drain|[of] p1b: Toxapex\n|\n|-heal|p1b: Toxapex|49/100|[from] item: Leftovers\n|-damage|p2b: Ceruledge|44/100 tox|[from] psn\n|-damage|p2a: Aggron|32/100|[from] move: Infestation|[partiallytrapped]\n|-damage|p2b: Ceruledge|32/100 tox|[from] move: Infestation|[partiallytrapped]\n|upkeep\n|turn|10\n|\n|t:|1788284532\n|move|p1b: Toxapex|Recover|p1b: Toxapex\n|-heal|p1b: Toxapex|99/100\n|move|p2a: Aggron|Heavy Slam|p1b: Toxapex\n|-resisted|p1b: Toxapex|1\n|-damage|p1b: Toxapex|80/100\n|move|p2b: Ceruledge|Bitter Blade|p1b: Toxapex\n|-resisted|p1b: Toxapex|1\n|-damage|p1b: Toxapex|57/100\n|-heal|p2b: Ceruledge|42/100 tox|[from] drain|[of] p1b: Toxapex\n|\n|-heal|p1b: Toxapex|63/100|[from] item: Leftovers\n|-damage|p2b: Ceruledge|13/100 tox|[from] psn\n|-damage|p2a: Aggron|19/100|[from] move: Infestation|[partiallytrapped]\n|-damage|p2b: Ceruledge|1/100 tox|[from] move: Infestation|[partiallytrapped]\n|-fieldend|move: Trick Room\n|upkeep\n|turn|11\n|inactive|bimboddue has 30 seconds left.\n|\n|t:|1788284557\n|move|p1b: Toxapex|Baneful Bunker|p1b: Toxapex\n|-singleturn|p1b: Toxapex|move: Protect\n|move|p2b: Ceruledge|Shadow Sneak|p1b: Toxapex\n|-activate|p1b: Toxapex|move: Protect\n|move|p2a: Aggron|Heavy Slam|p1b: Toxapex\n|-activate|p1b: Toxapex|move: Protect\n|\n|-heal|p1b: Toxapex|68/100|[from] item: Leftovers\n|-damage|p2b: Ceruledge|0 fnt|[from] psn\n|faint|p2b: Ceruledge\n|-damage|p2a: Aggron|7/100|[from] move: Infestation|[partiallytrapped]\n|upkeep\n|\n|t:|1788284559\n|switch|p2b: Whimsicott|Whimsicott, L50, M|100/100\n|turn|12\n|\n|t:|1788284570\n|move|p2b: Whimsicott|Encore|p1b: Toxapex\n|-start|p1b: Toxapex|Encore\n|move|p1b: Toxapex|Baneful Bunker||[still]\n|-fail|p1b: Toxapex\n|move|p2a: Aggron|Heavy Slam|p1b: Toxapex\n|-resisted|p1b: Toxapex|1\n|-damage|p1b: Toxapex|50/100g\n|\n|-heal|p1b: Toxapex|56/100|[from] item: Leftovers\n|-damage|p2a: Aggron|0 fnt|[from] move: Infestation|[partiallytrapped]\n|faint|p2a: Aggron\n|upkeep\n|turn|13\n|\n|t:|1788284585\n|move|p1b: Toxapex|Baneful Bunker|p1b: Toxapex\n|-singleturn|p1b: Toxapex|move: Protect\n|move|p2b: Whimsicott|Moonblast|p1b: Toxapex\n|-activate|p1b: Toxapex|move: Protect\n|\n|-heal|p1b: Toxapex|61/100|[from] item: Leftovers\n|upkeep\n|turn|14\n|\n|t:|1788284590\n|move|p1b: Toxapex|Baneful Bunker||[still]\n|-fail|p1b: Toxapex\n|move|p2b: Whimsicott|Moonblast|p1b: Toxapex\n|-resisted|p1b: Toxapex|1\n|-damage|p1b: Toxapex|48/100\n|\n|-heal|p1b: Toxapex|54/100|[from] item: Leftovers\n|-end|p1b: Toxapex|Encore\n|upkeep\n|turn|15\n|\n|t:|1788284601\n|move|p2b: Whimsicott|Encore|p1b: Toxapex\n|-start|p1b: Toxapex|Encore\n|move|p1b: Toxapex|Baneful Bunker||[still]\n|-fail|p1b: Toxapex\n|\n|-heal|p1b: Toxapex|59/100|[from] item: Leftovers\n|upkeep\n|turn|16\n|\n|t:|1788284606\n|move|p1b: Toxapex|Baneful Bunker|p1b: Toxapex\n|-singleturn|p1b: Toxapex|move: Protect\n|move|p2b: Whimsicott|Moonblast|p1b: Toxapex\n|-activate|p1b: Toxapex|move: Protect\n|\n|-heal|p1b: Toxapex|65/100|[from] item: Leftovers\n|upkeep\n|turn|17\n|\n|t:|1788284612\n|move|p1b: Toxapex|Baneful Bunker|p1b: Toxapex\n|-singleturn|p1b: Toxapex|move: Protect\n|move|p2b: Whimsicott|Moonblast|p1b: Toxapex\n|-activate|p1b: Toxapex|move: Protect\n|\n|-heal|p1b: Toxapex|71/100|[from] item: Leftovers\n|-end|p1b: Toxapex|Encore\n|upkeep\n|turn|18\n|\n|t:|1788284618\n|move|p2b: Whimsicott|Encore||[still]\n|-fail|p2b: Whimsicott\n|move|p1b: Toxapex|Toxic|p2b: Whimsicott\n|-status|p2b: Whimsicott|tox\n|\n|-heal|p1b: Toxapex|77/100|[from] item: Leftovers\n|-damage|p2b: Whimsicott|94/100 tox|[from] psn\n|upkeep\n|turn|19\n|\n|t:|1788284629\n|move|p2b: Whimsicott|Encore|p1b: Toxapex\n|-start|p1b: Toxapex|Encore\n|move|p1b: Toxapex|Toxic|p2b: Whimsicott\n|-fail|p2b: Whimsicott|tox\n|\n|-heal|p1b: Toxapex|82/100|[from] item: Leftovers\n|-damage|p2b: Whimsicott|82/100 tox|[from] psn\n|upkeep\n|turn|20\n|\n|t:|1788284634\n|move|p2b: Whimsicott|Moonblast|p1b: Toxapex\n|-resisted|p1b: Toxapex|1\n|-damage|p1b: Toxapex|68/100\n|move|p1b: Toxapex|Toxic|p2b: Whimsicott\n|-fail|p2b: Whimsicott|tox\n|\n|-heal|p1b: Toxapex|73/100|[from] item: Leftovers\n|-damage|p2b: Whimsicott|64/100 tox|[from] psn\n|upkeep\n|turn|21\n|\n|t:|1788284648\n|move|p2b: Whimsicott|Moonblast|p1b: Toxapex\n|-resisted|p1b: Toxapex|1\n|-damage|p1b: Toxapex|60/100\n|move|p1b: Toxapex|Toxic|p2b: Whimsicott\n|-fail|p2b: Whimsicott|tox\n|\n|-heal|p1b: Toxapex|66/100|[from] item: Leftovers\n|-damage|p2b: Whimsicott|41/100 tox|[from] psn\n|-end|p1b: Toxapex|Encore\n|upkeep\n|turn|22\n|-message|bimboddue forfeited.\n|\n|win|biss2330\n|raw|biss2330's rating: 1207 &rarr; <strong>1237</strong><br />(+30 for winning)\n|raw|bimboddue's rating: 1272 &rarr; <strong>1242</strong><br />(-30 for losing)\n|l|☆bimboddue\n|player|p2|\n","uploadtime":1788284666,"views":"6","formatid":"gen9championsvgc2026regmb","rating":1237,"private":0,"password":null}