{"id":"gen9championsvgc2026regmbbo3-2674914105","format":"[Gen 9 Champions] VGC 2026 Reg M-B (Bo3)","players":["marcio1428","Amaterios_03"],"log":"|j|☆marcio1428\n|j|☆Amaterios_03\n|html|<table width=\"100%\"><tr><td align=\"left\">marcio1428</td><td align=\"right\">Amaterios_03</tr><tr><td align=\"left\"><i class=\"fa fa-circle-o\"></i> <i class=\"fa fa-circle-o\"></i> </td><td align=\"right\"><i class=\"fa fa-circle-o\"></i> <i class=\"fa fa-circle-o\"></i> </tr></table>\n|uhtml|bestof|<h2><strong>Game 1</strong> of <a href=\"/game-bestof3-gen9championsvgc2026regmbbo3-2674914104\">a best-of-3</a></h2>\n|t:|1788434996\n|gametype|doubles\n|player|p1|marcio1428|169|1112\n|player|p2|Amaterios_03|hugh|1141\n|gen|9\n|tier|[Gen 9 Champions] VGC 2026 Reg M-B (Bo3)\n|rated|\n|rule|Species Clause: Limit one of each Pokémon\n|rule|Item Clause: Limit 1 of each item\n|clearpoke\n|poke|p1|Scrafty, L50, F|\n|poke|p1|Whimsicott, L50, F|\n|poke|p1|Mimikyu, L50, F|\n|poke|p1|Pelipper, L50, M|\n|poke|p1|Staraptor, L50, F|\n|poke|p1|Raichu, L50, F|\n|poke|p2|Garchomp, L50, M|\n|poke|p2|Farigiraf, L50, M|\n|poke|p2|Mawile, L50, F|\n|poke|p2|Torkoal, L50, F|\n|poke|p2|Sneasler, L50, M|\n|poke|p2|Glimmora, L50, F|\n|teampreview|4\n|showteam|p1|Scrafty||SitrusBerry|Intimidate|KnockOff,DrainPunch,FakeOut,Protect|Jolly||F|||50|]Whimsicott||FairyFeather|Prankster|Moonblast,Charm,Tailwind,Encore|Timid||F|||50|]Mimikyu||LifeOrb|Disguise|PhantomForce,PlayRough,ShadowSneak,TrickRoom|Brave||F|||50|]Pelipper||MysticWater|Drizzle|Hurricane,WeatherBall,WideGuard,Tailwind|Bold||M|||50|]Staraptor||WhiteHerb|Intimidate|BraveBird,CloseCombat,Tailwind,Protect|Jolly||F|||50|]Raichu||FocusSash|LightningRod|Thunderbolt,VoltSwitch,FakeOut,Protect|Timid||F|||50|\n|showteam|p2|Garchomp||LifeOrb|SandVeil|StompingTantrum,DragonClaw,Protect,RockSlide|Adamant||M|||50|]Farigiraf||SitrusBerry|ArmorTail|Psychic,Thunderbolt,Protect,TrickRoom|Relaxed||M|||50|]Mawile||Mawilite|HyperCutter|IronHead,PlayRough,Protect,SuckerPunch|Brave||F|||50|]Torkoal||Charcoal|Drought|Eruption,HeatWave,Protect,EarthPower|Quiet||F|||50|]Sneasler||FocusSash|PoisonTouch|CloseCombat,DireClaw,Protect,FakeOut|Adamant||M|||50|]Glimmora||Glimmoranite|ToxicDebris|SludgeBomb,AncientPower,SpikyShield,EarthPower|Timid||F|||50|\n|\n|t:|1788435057\n|teamsize|p1|4\n|teamsize|p2|4\n|start\n|switch|p1a: Whimsicott|Whimsicott, L50, F|100/100\n|switch|p1b: Scrafty|Scrafty, L50, F|100/100\n|switch|p2a: Farigiraf|Farigiraf, L50, M|100/100\n|switch|p2b: Glimmora|Glimmora, L50, F|100/100\n|-ability|p1b: Scrafty|Intimidate|boost\n|-unboost|p2a: Farigiraf|atk|1\n|-unboost|p2b: Glimmora|atk|1\n|turn|1\n|\n|t:|1788435092\n|detailschange|p2b: Glimmora|Glimmora-Mega, L50, F\n|-mega|p2b: Glimmora|Glimmora|Glimmoranite\n|move|p1a: Whimsicott|Tailwind|p1a: Whimsicott\n|-sidestart|p1: marcio1428|move: Tailwind\n|move|p1b: Scrafty|Knock Off|p2a: Farigiraf\n|-supereffective|p2a: Farigiraf|1\n|-damage|p2a: Farigiraf|36/100\n|-enditem|p2a: Farigiraf|Sitrus Berry|[from] move: Knock Off|[of] p1b: Scrafty\n|move|p2b: Glimmora|Sludge Bomb|p1a: Whimsicott\n|-supereffective|p1a: Whimsicott|2\n|-damage|p1a: Whimsicott|0 fnt\n|faint|p1a: Whimsicott\n|move|p2a: Farigiraf|Psychic|p1b: Scrafty\n|-immune|p1b: Scrafty\n|\n|upkeep\n|\n|t:|1788435109\n|switch|p1a: Staraptor|Staraptor, L50, F|100/100\n|-ability|p1a: Staraptor|Intimidate|boost\n|-unboost|p2a: Farigiraf|atk|1\n|-unboost|p2b: Glimmora|atk|1\n|turn|2\n|\n|t:|1788435121\n|move|p2a: Farigiraf|Protect|p2a: Farigiraf\n|-singleturn|p2a: Farigiraf|Protect\n|move|p1a: Staraptor|Close Combat|p2b: Glimmora\n|-damage|p2b: Glimmora|59/100\n|-unboost|p1a: Staraptor|def|1\n|-unboost|p1a: Staraptor|spd|1\n|-enditem|p1a: Staraptor|White Herb\n|-clearnegativeboost|p1a: Staraptor|[silent]\n|move|p1b: Scrafty|Drain Punch|p2b: Glimmora\n|-damage|p2b: Glimmora|28/100\n|move|p2b: Glimmora|Ancient Power|p1a: Staraptor\n|-supereffective|p1a: Staraptor|1\n|-damage|p1a: Staraptor|0 fnt\n|faint|p1a: Staraptor\n|\n|upkeep\n|\n|t:|1788435135\n|switch|p1a: Pelipper|Pelipper, L50, M|100/100\n|-weather|RainDance|[from] ability: Drizzle|[of] p1a: Pelipper\n|turn|3\n|\n|t:|1788435144\n|switch|p2a: Torkoal|Torkoal, L50, F|100/100\n|-weather|SunnyDay|[from] ability: Drought|[of] p2a: Torkoal\n|move|p2b: Glimmora|Spiky Shield|p2b: Glimmora\n|-singleturn|p2b: Glimmora|move: Protect\n|move|p1b: Scrafty|Knock Off|p2a: Torkoal\n|-damage|p2a: Torkoal|69/100\n|-enditem|p2a: Torkoal|Charcoal|[from] move: Knock Off|[of] p1b: Scrafty\n|move|p1a: Pelipper|Weather Ball|p2b: Glimmora\n|-activate|p2b: Glimmora|move: Protect\n|\n|-weather|SunnyDay|[upkeep]\n|upkeep\n|turn|4\n|\n|t:|1788435179\n|move|p1b: Scrafty|Drain Punch|p2b: Glimmora\n|-damage|p2b: Glimmora|0 fnt\n|faint|p2b: Glimmora\n|move|p1a: Pelipper|Hurricane|p2a: Torkoal\n|-damage|p2a: Torkoal|11/100\n|-start|p2a: Torkoal|confusion\n|-activate|p2a: Torkoal|confusion\n|move|p2a: Torkoal|Heat Wave|p1b: Scrafty|[spread] p1a,p1b\n|-resisted|p1a: Pelipper|1\n|-damage|p1a: Pelipper|67/100\n|-damage|p1b: Scrafty|48/100\n|-status|p1b: Scrafty|brn\n|-enditem|p1b: Scrafty|Sitrus Berry|[eat]\n|-heal|p1b: Scrafty|73/100 brn|[from] item: Sitrus Berry\n|\n|-weather|SunnyDay|[upkeep]\n|-damage|p1b: Scrafty|67/100 brn|[from] brn\n|-sideend|p1: marcio1428|move: Tailwind\n|upkeep\n|\n|t:|1788435192\n|switch|p2b: Sneasler|Sneasler, L50, M|100/100\n|turn|5\n|\n|t:|1788435198\n|move|p1b: Scrafty|Protect|p1b: Scrafty\n|-singleturn|p1b: Scrafty|Protect\n|move|p2b: Sneasler|Fake Out|p1b: Scrafty\n|-activate|p1b: Scrafty|move: Protect\n|move|p1a: Pelipper|Hurricane|p2b: Sneasler\n|-supereffective|p2b: Sneasler|1\n|-enditem|p2b: Sneasler|Focus Sash\n|-damage|p2b: Sneasler|1/100\n|-activate|p2a: Torkoal|confusion\n|-damage|p2a: Torkoal|5/100|[from] confusion\n|\n|-weather|SunnyDay|[upkeep]\n|-damage|p1b: Scrafty|62/100 brn|[from] brn\n|upkeep\n|turn|6\n|\n|t:|1788435214\n|move|p1b: Scrafty|Protect|p1b: Scrafty\n|-singleturn|p1b: Scrafty|Protect\n|move|p2b: Sneasler|Close Combat|p1b: Scrafty\n|-activate|p1b: Scrafty|move: Protect\n|move|p1a: Pelipper|Weather Ball|p2b: Sneasler\n|-damage|p2b: Sneasler|0 fnt\n|faint|p2b: Sneasler\n|-activate|p2a: Torkoal|confusion\n|move|p2a: Torkoal|Heat Wave|p1a: Pelipper|[spread] p1a\n|-activate|p1b: Scrafty|move: Protect\n|-resisted|p1a: Pelipper|1\n|-damage|p1a: Pelipper|33/100\n|\n|-weather|SunnyDay|[upkeep]\n|-damage|p1b: Scrafty|56/100 brn|[from] brn\n|upkeep\n|\n|t:|1788435217\n|switch|p2b: Farigiraf|Farigiraf, L50, M|36/100\n|turn|7\n|\n|t:|1788435231\n|-activate|p2a: Torkoal|confusion\n|move|p2a: Torkoal|Protect|p2a: Torkoal\n|-singleturn|p2a: Torkoal|Protect\n|move|p1b: Scrafty|Knock Off|p2b: Farigiraf\n|-supereffective|p2b: Farigiraf|1\n|-damage|p2b: Farigiraf|14/100\n|move|p1a: Pelipper|Weather Ball|p2a: Torkoal\n|-activate|p2a: Torkoal|move: Protect\n|move|p2b: Farigiraf|Trick Room|p2b: Farigiraf\n|-fieldstart|move: Trick Room|[of] p2b: Farigiraf\n|\n|-weather|none\n|-damage|p1b: Scrafty|50/100g brn|[from] brn\n|upkeep\n|turn|8\n|\n|t:|1788435247\n|move|p1a: Pelipper|Wide Guard|p1a: Pelipper\n|-singleturn|p1a: Pelipper|Wide Guard\n|-end|p2a: Torkoal|confusion\n|move|p2a: Torkoal|Heat Wave|p1b: Scrafty|[spread] \n|-activate|p1a: Pelipper|move: Wide Guard\n|-activate|p1b: Scrafty|move: Wide Guard\n|move|p2b: Farigiraf|Thunderbolt|p1a: Pelipper\n|-supereffective|p1a: Pelipper|2\n|-damage|p1a: Pelipper|0 fnt\n|faint|p1a: Pelipper\n|move|p1b: Scrafty|Knock Off|p2a: Torkoal\n|-damage|p2a: Torkoal|0 fnt\n|faint|p2a: Torkoal\n|\n|-damage|p1b: Scrafty|45/100 brn|[from] brn\n|upkeep\n|turn|9\n|\n|t:|1788435262\n|move|p2b: Farigiraf|Protect|p2b: Farigiraf\n|-singleturn|p2b: Farigiraf|Protect\n|move|p1b: Scrafty|Knock Off|p2b: Farigiraf\n|-activate|p2b: Farigiraf|move: Protect\n|\n|-damage|p1b: Scrafty|39/100 brn|[from] brn\n|upkeep\n|turn|10\n|\n|t:|1788435272\n|move|p2b: Farigiraf|Thunderbolt|p1b: Scrafty\n|-damage|p1b: Scrafty|13/100 brn\n|move|p1b: Scrafty|Knock Off|p2b: Farigiraf\n|-supereffective|p2b: Farigiraf|1\n|-damage|p2b: Farigiraf|0 fnt\n|faint|p2b: Farigiraf\n|\n|win|marcio1428\n||Amaterios_03 is ready for game 2.\n","uploadtime":1788435279,"views":"11","formatid":"gen9championsvgc2026regmbbo3","rating":null,"private":0,"password":null}