{"id":"gen9championsvgc2026regmbbo3-2674119894","format":"[Gen 9 Champions] VGC 2026 Reg M-B (Bo3)","players":["Jaaagan","venomelias"],"log":"|j|☆Jaaagan\n|j|☆venomelias\n|html|<table width=\"100%\"><tr><td align=\"left\">Jaaagan</td><td align=\"right\">venomelias</tr><tr><td align=\"left\"><i class=\"fa fa-circle\"></i> <i class=\"fa fa-circle-o\"></i> </td><td align=\"right\"><i class=\"fa fa-circle-o\"></i> <i class=\"fa fa-circle-o\"></i> </tr></table>\n|uhtml|bestof|<h2><strong>Game 2</strong> of <a href=\"/game-bestof3-gen9championsvgc2026regmbbo3-2674118721\">a best-of-3</a></h2>\n|t:|1788301999\n|gametype|doubles\n|player|p1|Jaaagan|265|\n|player|p2|venomelias|2|\n|gen|9\n|tier|[Gen 9 Champions] VGC 2026 Reg M-B (Bo3)\n|rule|Species Clause: Limit one of each Pokémon\n|rule|Item Clause: Limit 1 of each item\n|raw|<div class=\"infobox\"><details class=\"readmore\" open><summary><strong>1 custom rule:</strong></summary> !Force Open Team Sheets</details></div>\n|clearpoke\n|poke|p1|Mawile, L50, M|\n|poke|p1|Farigiraf, L50, F|\n|poke|p1|Torkoal, L50, F|\n|poke|p1|Staraptor, L50, M|\n|poke|p1|Raichu, L50, M|\n|poke|p1|Gyarados, L50, F|\n|poke|p2|Gardevoir, L50, F, shiny|\n|poke|p2|Garchomp, L50, M|\n|poke|p2|Kingambit, L50, M|\n|poke|p2|Talonflame, L50, M|\n|poke|p2|Rampardos, L50, M|\n|poke|p2|Morpeko, L50, F|\n|teampreview|4\n|\n|t:|1788302022\n|teamsize|p1|4\n|teamsize|p2|4\n|start\n|switch|p1a: Torkoal|Torkoal, L50, F|100/100\n|switch|p1b: Farigiraf|Farigiraf, L50, F|100/100\n|switch|p2a: Morpeko|Morpeko, L50, F|100/100\n|switch|p2b: Kingambit|Kingambit, L50, M|100/100\n|-weather|SunnyDay|[from] ability: Drought|[of] p1a: Torkoal\n|turn|1\n|\n|t:|1788302070\n|move|p2a: Morpeko|Aura Wheel|p1a: Torkoal\n|-damage|p1a: Torkoal|66/100\n|-boost|p2a: Morpeko|spe|1\n|move|p2b: Kingambit|Kowtow Cleave|p1b: Farigiraf\n|-supereffective|p1b: Farigiraf|1\n|-damage|p1b: Farigiraf|9/100\n|-enditem|p1b: Farigiraf|Sitrus Berry|[eat]\n|-heal|p1b: Farigiraf|33/100|[from] item: Sitrus Berry\n|move|p1a: Torkoal|Eruption|p2b: Kingambit|[spread] p2a,p2b\n|-supereffective|p2b: Kingambit|1\n|-enditem|p2a: Morpeko|Focus Sash\n|-damage|p2a: Morpeko|1/100\n|-damage|p2b: Kingambit|0 fnt\n|faint|p2b: Kingambit\n|move|p1b: Farigiraf|Trick Room|p1b: Farigiraf\n|-fieldstart|move: Trick Room|[of] p1b: Farigiraf\n|\n|-weather|SunnyDay|[upkeep]\n|-formechange|p2a: Morpeko|Morpeko-Hangry|\n|upkeep\n|\n|t:|1788302088\n|switch|p2b: Garchomp|Garchomp, L50, M|100/100\n|turn|2\n|\n|t:|1788302114\n|move|p2a: Morpeko|Protect|p2a: Morpeko\n|-singleturn|p2a: Morpeko|Protect\n|move|p1a: Torkoal|Eruption|p2b: Garchomp|[spread] p2b\n|-activate|p2a: Morpeko|move: Protect\n|-resisted|p2b: Garchomp|1\n|-damage|p2b: Garchomp|70/100\n|move|p2b: Garchomp|Earthquake|p1a: Torkoal|[spread] p1a,p1b\n|-activate|p2a: Morpeko|move: Protect\n|-supereffective|p1a: Torkoal|1\n|-damage|p1a: Torkoal|0 fnt\n|-damage|p1b: Farigiraf|0 fnt\n|faint|p1a: Torkoal\n|faint|p1b: Farigiraf\n|-damage|p2b: Garchomp|61/100|[from] item: Life Orb\n|\n|-weather|SunnyDay|[upkeep]\n|-formechange|p2a: Morpeko|Morpeko|\n|upkeep\n|\n|t:|1788302130\n|switch|p1a: Staraptor|Staraptor, L50, M|100/100\n|switch|p1b: Mawile|Mawile, L50, M|100/100\n|turn|3\n|\n|t:|1788302152\n|detailschange|p1b: Mawile|Mawile-Mega, L50, M\n|-mega|p1b: Mawile|Mawile|Mawilite\n|move|p1b: Mawile|Iron Head|p2a: Morpeko\n|-resisted|p2a: Morpeko|1\n|-damage|p2a: Morpeko|0 fnt\n|faint|p2a: Morpeko\n|move|p2b: Garchomp|Rock Slide|p1b: Mawile|[spread] p1a,p1b\n|-supereffective|p1a: Staraptor|1\n|-resisted|p1b: Mawile|1\n|-damage|p1a: Staraptor|33/100\n|-damage|p1b: Mawile|87/100\n|-damage|p2b: Garchomp|51/100|[from] item: Life Orb\n|move|p1a: Staraptor|Final Gambit|p2b: Garchomp\n|-damage|p2b: Garchomp|16/100\n|faint|p1a: Staraptor\n|\n|-weather|SunnyDay|[upkeep]\n|upkeep\n|\n|t:|1788302165\n|switch|p2a: Gardevoir|Gardevoir, L50, F, shiny|100/100\n|turn|4\n|\n|t:|1788302194\n|move|p1b: Mawile|Play Rough|p2b: Garchomp\n|-supereffective|p2b: Garchomp|1\n|-damage|p2b: Garchomp|0 fnt\n|-damage|p1b: Mawile|75/100|[from] ability: Rough Skin|[of] p2b: Garchomp\n|faint|p2b: Garchomp\n|move|p2a: Gardevoir|Thunderbolt|p1b: Mawile\n|-damage|p1b: Mawile|34/100\n|\n|-weather|SunnyDay|[upkeep]\n|upkeep\n|turn|5\n|\n|t:|1788302205\n|move|p2a: Gardevoir|Protect|p2a: Gardevoir\n|-singleturn|p2a: Gardevoir|Protect\n|move|p1b: Mawile|Iron Head|p2a: Gardevoir\n|-activate|p2a: Gardevoir|move: Protect\n|\n|-weather|none\n|-fieldend|move: Trick Room\n|upkeep\n|turn|6\n|\n|t:|1788302212\n|detailschange|p2a: Gardevoir|Gardevoir-Mega, L50, F, shiny\n|-mega|p2a: Gardevoir|Gardevoir|Gardevoirite\n|move|p2a: Gardevoir|Thunderbolt|p1b: Mawile\n|-damage|p1b: Mawile|0 fnt\n|faint|p1b: Mawile\n|\n|win|venomelias\n||venomelias is ready for game 3.\n||Jaaagan is ready for game 3.\n|uhtml|next|Next: <a href=\"/battle-gen9championsvgc2026regmbbo3-2674121352\"><strong>Game 3 of 3</strong></a>\n","uploadtime":1788302606,"views":"13","formatid":"gen9championsvgc2026regmbbo3","rating":null,"private":0,"password":null}