{"id":"gen9championsvgc2026regmbbo3-2674294361","format":"[Gen 9 Champions] VGC 2026 Reg M-B (Bo3)","players":["fivelittlemonkeys","dcdvv"],"log":"|j|☆fivelittlemonkeys\n|j|☆dcdvv\n|html|<table width=\"100%\"><tr><td align=\"left\">fivelittlemonkeys</td><td align=\"right\">dcdvv</tr><tr><td align=\"left\"><i class=\"fa fa-circle-o\"></i> <i class=\"fa fa-circle-o\"></i> </td><td align=\"right\"><i class=\"fa fa-circle-o\"></i> <i class=\"fa fa-circle-o\"></i> </tr></table>\n|uhtml|bestof|<h2><strong>Game 1</strong> of <a href=\"/game-bestof3-gen9championsvgc2026regmbbo3-2674294360\">a best-of-3</a></h2>\n|t:|1788333969\n|gametype|doubles\n|player|p1|fivelittlemonkeys|265|1102\n|player|p2|dcdvv|nate|1042\n|gen|9\n|tier|[Gen 9 Champions] VGC 2026 Reg M-B (Bo3)\n|rated|\n|rule|Species Clause: Limit one of each Pokémon\n|rule|Item Clause: Limit 1 of each item\n|clearpoke\n|poke|p1|Camerupt, L50, F|\n|poke|p1|Kingambit, L50, M|\n|poke|p1|Sylveon, L50, M|\n|poke|p1|Farigiraf, L50, F|\n|poke|p1|Raichu, L50, F|\n|poke|p1|Maushold-Four, L50|\n|poke|p2|Quaquaval, L50, M|\n|poke|p2|Houndstone, L50, M|\n|poke|p2|Metagross, L50|\n|poke|p2|Sylveon, L50, M|\n|poke|p2|Incineroar, L50, M|\n|poke|p2|Farigiraf, L50, F|\n|teampreview|4\n|showteam|p1|Camerupt||Cameruptite|SolidRock|Protect,EarthPower,HeatWave,AncientPower|Quiet||F|||50|]Kingambit||ExpertBelt|Defiant|KowtowCleave,IronHead,SuckerPunch,LowKick|Adamant||M|||50|]Sylveon||FairyFeather|Pixilate|HyperVoice,HyperBeam,QuickAttack,Protect|Modest||M|||50|]Farigiraf||SitrusBerry|ArmorTail|Psychic,Thunderbolt,TrickRoom,HelpingHand|Calm||F|||50|]Raichu||RaichuniteY|LightningRod|FakeOut,ZapCannon,FocusBlast,Protect|Timid||F|||50|]Maushold-Four||WideLens|Technician|PopulationBomb,FollowMe,Encore,Protect|Jolly|||||50|\n|showteam|p2|Quaquaval||WhiteHerb|Moxie|AquaStep,CloseCombat,IceSpinner,Protect|Jolly||M|||50|]Houndstone||ChoiceScarf|SandRush|BodyPress,LastRespects,Endeavor,ShadowSneak|Jolly||M|||50|]Metagross||Metagrossite|ClearBody|PsychicFangs,Earthquake,IronHead,Protect|Jolly|||||50|]Sylveon||FairyFeather|Pixilate|HyperVoice,Moonblast,Protect,ShadowBall|Modest||M|||50|]Incineroar||SitrusBerry|Intimidate|FlareBlitz,Protect,FakeOut,DarkestLariat|Adamant||M|||50|]Farigiraf||LifeOrb|ArmorTail|DazzlingGleam,Psychic,AllySwitch,Crunch|Quiet||F|||50|\n|\n|t:|1788334061\n|teamsize|p1|4\n|teamsize|p2|4\n|start\n|switch|p1a: Raichu|Raichu, L50, F|100/100\n|switch|p1b: Kingambit|Kingambit, L50, M|100/100\n|switch|p2a: Farigiraf|Farigiraf, L50, F|100/100\n|switch|p2b: Metagross|Metagross, L50|100/100\n|turn|1\n|\n|t:|1788334089\n|detailschange|p2b: Metagross|Metagross-Mega, L50\n|-mega|p2b: Metagross|Metagross|Metagrossite\n|move|p1a: Raichu|Protect|p1a: Raichu\n|-singleturn|p1a: Raichu|Protect\n|move|p2b: Metagross|Earthquake|p1b: Kingambit|[spread] p2a,p1b\n|-activate|p1a: Raichu|move: Protect\n|-supereffective|p1b: Kingambit|1\n|-damage|p2a: Farigiraf|70/100\n|-damage|p1b: Kingambit|55/100\n|move|p2a: Farigiraf|Dazzling Gleam|p1b: Kingambit|[spread] p1b\n|-activate|p1a: Raichu|move: Protect\n|-damage|p1b: Kingambit|31/100\n|-damage|p2a: Farigiraf|61/100|[from] item: Life Orb\n|move|p1b: Kingambit|Kowtow Cleave|p2b: Metagross\n|-supereffective|p2b: Metagross|1\n|-damage|p2b: Metagross|11/100\n|\n|upkeep\n|turn|2\n|\n|t:|1788334113\n|detailschange|p1a: Raichu|Raichu-Mega-Y, L50, F\n|-mega|p1a: Raichu|Raichu|Raichunite Y\n|move|p1a: Raichu|Zap Cannon|p2b: Metagross\n|-damage|p2b: Metagross|0 fnt\n|faint|p2b: Metagross\n|move|p2a: Farigiraf|Dazzling Gleam|p1a: Raichu|[spread] p1a,p1b\n|-damage|p1a: Raichu|54/100\n|-damage|p1b: Kingambit|7/100\n|-damage|p2a: Farigiraf|51/100|[from] item: Life Orb\n|move|p1b: Kingambit|Kowtow Cleave|p2a: Farigiraf\n|-supereffective|p2a: Farigiraf|1\n|-damage|p2a: Farigiraf|0 fnt\n|faint|p2a: Farigiraf\n|\n|upkeep\n|\n|t:|1788334129\n|switch|p2b: Sylveon|Sylveon, L50, M|100/100\n|switch|p2a: Incineroar|Incineroar, L50, M|100/100\n|-ability|p2a: Incineroar|Intimidate|boost\n|-unboost|p1a: Raichu|atk|1\n|-unboost|p1b: Kingambit|atk|1\n|-ability|p1b: Kingambit|Defiant|boost\n|-boost|p1b: Kingambit|atk|2\n|turn|3\n|\n|t:|1788334145\n|move|p1a: Raichu|Protect|p1a: Raichu\n|-singleturn|p1a: Raichu|Protect\n|move|p2b: Sylveon|Protect|p2b: Sylveon\n|-singleturn|p2b: Sylveon|Protect\n|move|p2a: Incineroar|Fake Out|p1b: Kingambit\n|-resisted|p1b: Kingambit|1\n|-damage|p1b: Kingambit|1/100\n|cant|p1b: Kingambit|flinch\n|\n|upkeep\n|turn|4\n|\n|t:|1788334174\n|move|p1a: Raichu|Zap Cannon|p2b: Sylveon\n|-damage|p2b: Sylveon|49/100\n|-status|p2b: Sylveon|par\n|move|p2a: Incineroar|Flare Blitz|p1b: Kingambit\n|-supereffective|p1b: Kingambit|1\n|-damage|p1b: Kingambit|0 fnt\n|faint|p1b: Kingambit\n|-damage|p2a: Incineroar|99/100|[from] Recoil\n|move|p2b: Sylveon|Hyper Voice|p1a: Raichu\n|-damage|p1a: Raichu|0 fnt\n|faint|p1a: Raichu\n|\n|upkeep\n|\n|t:|1788334185\n|switch|p1a: Farigiraf|Farigiraf, L50, F|100/100\n|switch|p1b: Sylveon|Sylveon, L50, M|100/100\n|turn|5\n|\n|t:|1788334216\n|move|p2a: Incineroar|Darkest Lariat|p1a: Farigiraf\n|-supereffective|p1a: Farigiraf|1\n|-damage|p1a: Farigiraf|7/100\n|-enditem|p1a: Farigiraf|Sitrus Berry|[eat]\n|-heal|p1a: Farigiraf|32/100|[from] item: Sitrus Berry\n|move|p1a: Farigiraf|Psychic|p2b: Sylveon\n|-damage|p2b: Sylveon|26/100 par\n|move|p1b: Sylveon|Hyper Voice|p2b: Sylveon|[spread] p2a,p2b\n|-damage|p2a: Incineroar|52/100\n|-damage|p2b: Sylveon|0 fnt\n|faint|p2b: Sylveon\n|\n|upkeep\n|turn|6\n|\n|t:|1788334237\n|move|p1b: Sylveon|Hyper Beam|p2a: Incineroar\n|-damage|p2a: Incineroar|0 fnt\n|-mustrecharge|p1b: Sylveon\n|faint|p2a: Incineroar\n|\n|win|fivelittlemonkeys\n||fivelittlemonkeys is ready for game 2.\n||dcdvv is ready for game 2.\n|uhtml|next|Next: <a href=\"/battle-gen9championsvgc2026regmbbo3-2674295443\"><strong>Game 2 of 3</strong></a>\n|l|☆fivelittlemonkeys\n|player|p1|\n|j|☆fivelittlemonkeys\n|player|p1|fivelittlemonkeys|265|\n","uploadtime":1788334451,"views":"4","formatid":"gen9championsvgc2026regmbbo3","rating":null,"private":0,"password":null}