{"id":"gen9championsvgc2026regmb-2674176261","format":"[Gen 9 Champions] VGC 2026 Reg M-B","players":["dirt_bro33","Charmir"],"log":"|j|☆dirt_bro33\n|j|☆Charmir\n|t:|1788310624\n|gametype|doubles\n|player|p1|dirt_bro33|hugh|1130\n|player|p2|Charmir|hugh|1036\n|gen|9\n|tier|[Gen 9 Champions] VGC 2026 Reg M-B\n|rated|\n|rule|Species Clause: Limit one of each Pokémon\n|rule|Item Clause: Limit 1 of each item\n|clearpoke\n|poke|p1|Tyranitar, L50, F|\n|poke|p1|Starmie, L50|\n|poke|p1|Excadrill, L50, M|\n|poke|p1|Incineroar, L50, F|\n|poke|p1|Sinistcha, L50|\n|poke|p1|Milotic, L50, M|\n|poke|p2|Tyranitar, L50, M|\n|poke|p2|Excadrill, L50, M|\n|poke|p2|Hydreigon, L50, M|\n|poke|p2|Staraptor, L50, M|\n|poke|p2|Charizard, L50, M|\n|poke|p2|Sylveon, L50, M|\n|teampreview|4\ndirt_bro33 has agreed to open team sheets.\nCharmir has agreed to open team sheets.\n|showteam|p1|Tyranitar||ChoiceScarf|SandStream|RockSlide,KnockOff,LowKick,HeavySlam|Adamant||F|||50|]Starmie||Starminite|NaturalCure|SkillSwap,Protect,Liquidation,PsychoCut|Jolly|||||50|]Excadrill||FocusSash|SandRush|HighHorsepower,IronHead,Protect,RockSlide|Jolly||M|||50|]Incineroar||SitrusBerry|Intimidate|FakeOut,DarkestLariat,FlareBlitz,PartingShot|Careful||F|||50|]Sinistcha||Leftovers|Hospitality|RagePowder,MatchaGotcha,LifeDew,Protect|Modest|||||50|]Milotic||KingsRock|Competitive|Scald,MuddyWater,Protect,IcyWind|Bold||M|||50|\n|showteam|p2|Tyranitar||Tyranitarite|SandStream|RockSlide,KnockOff,LowKick,Protect|Adamant||M|||50|]Excadrill||FocusSash|SandRush|IronHead,HighHorsepower,RockSlide,Protect|Adamant||M|||50|]Hydreigon||ChoiceScarf|Levitate|DarkPulse,DracoMeteor,Snarl,EarthPower|Modest||M|||50|]Staraptor||Staraptite|Intimidate|CloseCombat,Roost,BraveBird,FinalGambit|Jolly||M|||50|]Charizard||CharizarditeY|Blaze|Protect,HeatWave,WeatherBall,SolarBeam|Modest||M|||50|]Sylveon||LifeOrb|Pixilate|QuickAttack,HyperVoice,HyperBeam|Modest||M|||50|\n|\n|t:|1788310676\n|teamsize|p1|4\n|teamsize|p2|4\n|start\n|switch|p1a: Tyranitar|Tyranitar, L50, F|100/100\n|switch|p1b: Starmie|Starmie, L50|100/100\n|switch|p2a: Staraptor|Staraptor, L50, M|100/100\n|switch|p2b: Excadrill|Excadrill, L50, M|100/100\n|-weather|Sandstorm|[from] ability: Sand Stream|[of] p1a: Tyranitar\n|-ability|p2a: Staraptor|Intimidate|boost\n|-unboost|p1a: Tyranitar|atk|1\n|-unboost|p1b: Starmie|atk|1\n|turn|1\n|inactive|Battle timer is ON: inactive players will automatically lose when time's up. (requested by Charmir)\n|inactive|Charmir has 60 seconds left.\n|\n|t:|1788310710\n|switch|p1a: Excadrill|Excadrill, L50, M|100/100\n|detailschange|p1b: Starmie|Starmie-Mega, L50\n|-mega|p1b: Starmie|Starmie|Starminite\n|detailschange|p2a: Staraptor|Staraptor-Mega, L50, M\n|-mega|p2a: Staraptor|Staraptor|Staraptite\n|move|p2b: Excadrill|Iron Head|p1b: Starmie\n|-resisted|p1b: Starmie|1\n|-damage|p1b: Starmie|69/100\n|move|p1b: Starmie|Liquidation|p2b: Excadrill\n|-supereffective|p2b: Excadrill|1\n|-enditem|p2b: Excadrill|Focus Sash\n|-damage|p2b: Excadrill|1/100\n|-unboost|p2b: Excadrill|def|1\n|move|p2a: Staraptor|Close Combat|p1a: Excadrill\n|-supereffective|p1a: Excadrill|1\n|-enditem|p1a: Excadrill|Focus Sash\n|-damage|p1a: Excadrill|1/100\n|-boost|p2a: Staraptor|def|1\n|-boost|p2a: Staraptor|spd|1\n|\n|-weather|Sandstorm|[upkeep]\n|-damage|p1b: Starmie|63/100|[from] Sandstorm\n|-damage|p2a: Staraptor|93/100|[from] Sandstorm\n|upkeep\n|turn|2\n|inactive|Charmir has 30 seconds left.\n|\n|t:|1788310740\n|move|p2b: Excadrill|Protect|p2b: Excadrill\n|-singleturn|p2b: Excadrill|Protect\n|move|p1a: Excadrill|Rock Slide|p2a: Staraptor|[spread] p2a\n|-activate|p2b: Excadrill|move: Protect\n|-damage|p2a: Staraptor|79/100\n|move|p1b: Starmie|Psycho Cut|p2a: Staraptor\n|-supereffective|p2a: Staraptor|1\n|-damage|p2a: Staraptor|19/100\n|move|p2a: Staraptor|Close Combat|p1a: Excadrill\n|-supereffective|p1a: Excadrill|1\n|-damage|p1a: Excadrill|0 fnt\n|-boost|p2a: Staraptor|def|1\n|-boost|p2a: Staraptor|spd|1\n|faint|p1a: Excadrill\n|\n|-weather|Sandstorm|[upkeep]\n|-damage|p1b: Starmie|57/100|[from] Sandstorm\n|-damage|p2a: Staraptor|12/100|[from] Sandstorm\n|upkeep\n|\n|t:|1788310752\n|switch|p1a: Incineroar|Incineroar, L50, F|100/100\n|-ability|p1a: Incineroar|Intimidate|boost\n|-boost|p2a: Staraptor|atk|1\n|-unboost|p2b: Excadrill|atk|1\n|turn|3\n|\n|t:|1788310766\n|move|p1a: Incineroar|Fake Out|p2b: Excadrill\n|-resisted|p2b: Excadrill|1\n|-damage|p2b: Excadrill|0 fnt\n|faint|p2b: Excadrill\n|move|p1b: Starmie|Psycho Cut|p2a: Staraptor\n|-supereffective|p2a: Staraptor|1\n|-damage|p2a: Staraptor|0 fnt\n|faint|p2a: Staraptor\n|\n|-weather|Sandstorm|[upkeep]\n|-damage|p1b: Starmie|51/100|[from] Sandstorm\n|-damage|p1a: Incineroar|94/100|[from] Sandstorm\n|upkeep\n|\n|t:|1788310776\n|switch|p2a: Hydreigon|Hydreigon, L50, M|100/100\n|switch|p2b: Sylveon|Sylveon, L50, M|100/100\n|turn|4\n|\n|t:|1788310788\n|switch|p1b: Tyranitar|Tyranitar, L50, F|100/100\n|move|p2a: Hydreigon|Dark Pulse|p1b: Tyranitar\n|-resisted|p1b: Tyranitar|1\n|-damage|p1b: Tyranitar|85/100\n|move|p2b: Sylveon|Hyper Voice|p1a: Incineroar|[spread] p1a,p1b\n|-supereffective|p1b: Tyranitar|1\n|-damage|p1a: Incineroar|47/100\n|-damage|p1b: Tyranitar|14/100\n|-enditem|p1a: Incineroar|Sitrus Berry|[eat]\n|-heal|p1a: Incineroar|72/100|[from] item: Sitrus Berry\n|-damage|p2b: Sylveon|90/100|[from] item: Life Orb\n|move|p1a: Incineroar|Parting Shot|p2a: Hydreigon\n|-unboost|p2a: Hydreigon|atk|1\n|-unboost|p2a: Hydreigon|spa|1\n|\n|t:|1788310799\n|switch|p1a: Starmie|Starmie-Mega, L50|51/100|[from] Parting Shot\n|\n|-weather|Sandstorm|[upkeep]\n|-damage|p2a: Hydreigon|94/100|[from] Sandstorm\n|-damage|p1a: Starmie|45/100|[from] Sandstorm\n|-damage|p2b: Sylveon|83/100|[from] Sandstorm\n|upkeep\n|turn|5\n|\n|t:|1788310813\n|move|p2a: Hydreigon|Dark Pulse|p1a: Starmie\n|-supereffective|p1a: Starmie|1\n|-damage|p1a: Starmie|0 fnt\n|faint|p1a: Starmie\n|move|p1b: Tyranitar|Rock Slide|p2b: Sylveon|[spread] p2a,p2b\n|-damage|p2a: Hydreigon|61/100\n|-damage|p2b: Sylveon|46/100\n|move|p2b: Sylveon|Hyper Voice|p1b: Tyranitar\n|-supereffective|p1b: Tyranitar|1\n|-damage|p1b: Tyranitar|0 fnt\n|faint|p1b: Tyranitar\n|-damage|p2b: Sylveon|37/100|[from] item: Life Orb\n|\n|-weather|none\n|upkeep\n|\n|t:|1788310823\n|switch|p1b: Incineroar|Incineroar, L50, F|72/100\n|-ability|p1b: Incineroar|Intimidate|boost\n|-unboost|p2a: Hydreigon|atk|1\n|-unboost|p2b: Sylveon|atk|1\n|turn|6\n|\n|t:|1788310833\n|move|p2a: Hydreigon|Dark Pulse|p1b: Incineroar\n|-resisted|p1b: Incineroar|1\n|-crit|p1b: Incineroar\n|-damage|p1b: Incineroar|46/100\n|move|p1b: Incineroar|Flare Blitz|p2b: Sylveon\n|-damage|p2b: Sylveon|0 fnt\n|faint|p2b: Sylveon\n|-damage|p1b: Incineroar|35/100|[from] Recoil\n|\n|upkeep\n|turn|7\n|\n|t:|1788310854\n|move|p2a: Hydreigon|Dark Pulse|p1b: Incineroar\n|-resisted|p1b: Incineroar|1\n|-damage|p1b: Incineroar|24/100\n|cant|p1b: Incineroar|flinch\n|\n|upkeep\n|turn|8\n|\n|t:|1788310860\n|move|p2a: Hydreigon|Dark Pulse|p1b: Incineroar\n|-resisted|p1b: Incineroar|1\n|-damage|p1b: Incineroar|14/100\n|cant|p1b: Incineroar|flinch\n|\n|upkeep\n|turn|9\n|\n|t:|1788310878\n|move|p2a: Hydreigon|Dark Pulse|p1b: Incineroar\n|-resisted|p1b: Incineroar|1\n|-damage|p1b: Incineroar|3/100\n|move|p1b: Incineroar|Flare Blitz|p2a: Hydreigon\n|-resisted|p2a: Hydreigon|1\n|-damage|p2a: Hydreigon|37/100\n|-damage|p1b: Incineroar|0 fnt|[from] Recoil\n|faint|p1b: Incineroar\n|\n|win|Charmir\n|raw|dirt_bro33's rating: 1130 &rarr; <strong>1098</strong><br />(-32 for losing)\n|raw|Charmir's rating: 1036 &rarr; <strong>1080</strong><br />(+44 for winning)\n","uploadtime":1788310891,"views":"11","formatid":"gen9championsvgc2026regmb","rating":1080,"private":0,"password":null}