{"id":"gen9championsvgc2026regmbbo3-2674554389","format":"[Gen 9 Champions] VGC 2026 Reg M-B (Bo3)","players":["kalaluwi","VurcanPKZ"],"log":"|j|☆kalaluwi\n|j|☆VurcanPKZ\n|html|<table width=\"100%\"><tr><td align=\"left\">kalaluwi</td><td align=\"right\">VurcanPKZ</tr><tr><td align=\"left\"><i class=\"fa fa-circle-o\"></i> <i class=\"fa fa-circle-o\"></i> </td><td align=\"right\"><i class=\"fa fa-circle-o\"></i> <i class=\"fa fa-circle-o\"></i> </tr></table>\n|uhtml|bestof|<h2><strong>Game 1</strong> of <a href=\"/game-bestof3-gen9championsvgc2026regmbbo3-2674554388\">a best-of-3</a></h2>\n|t:|1788373342\n|gametype|doubles\n|player|p1|kalaluwi|265|1281\n|player|p2|VurcanPKZ|hugh|1245\n|gen|9\n|tier|[Gen 9 Champions] VGC 2026 Reg M-B (Bo3)\n|rated|\n|rule|Species Clause: Limit one of each Pokémon\n|rule|Item Clause: Limit 1 of each item\n|clearpoke\n|poke|p1|Farigiraf, L50, F|\n|poke|p1|Incineroar, L50, F|\n|poke|p1|Camerupt, L50, F|\n|poke|p1|Vanilluxe, L50, F|\n|poke|p1|Kingambit, L50, F|\n|poke|p1|Golurk, L50|\n|poke|p2|Charizard, L50, M|\n|poke|p2|Venusaur, L50, M|\n|poke|p2|Garchomp, L50, M|\n|poke|p2|Sylveon, L50, F|\n|poke|p2|Toxapex, L50, F|\n|poke|p2|Incineroar, L50, M|\n|teampreview|4\n|showteam|p1|Farigiraf||ColburBerry|ArmorTail|TrickRoom,Psychic,HelpingHand,Thunderbolt|Modest||F|||50|]Incineroar||LifeOrb|Blaze|FakeOut,CloseCombat,FlareBlitz,DarkestLariat|Adamant||F|||50|]Camerupt||Cameruptite|MagmaArmor|EarthPower,HeatWave,AncientPower,Protect|Modest||F|||50|]Vanilluxe||ChoiceScarf|SnowWarning|Blizzard,IcyWind,FreezeDry,SheerCold|Modest||F|||50|]Kingambit||BlackGlasses|Defiant|LowKick,KowtowCleave,SuckerPunch,Protect|Adamant||F|||50|]Golurk||Golurkite|IronFist|HeadlongRush,Poltergeist,Curse,Protect|Adamant|||||50|\n|showteam|p2|Charizard||CharizarditeY|Blaze|HeatWave,WeatherBall,AncientPower,Protect|Timid||M|||50|]Venusaur||LifeOrb|Chlorophyll|SolarBeam,SludgeBomb,EarthPower,Protect|Modest||M|||50|]Garchomp||ChoiceScarf|RoughSkin|Earthquake,DragonClaw,StompingTantrum,RockSlide|Adamant||M|||50|]Sylveon||FairyFeather|Pixilate|HyperVoice,QuickAttack,Yawn,Detect|Quiet||F|||50|]Toxapex||Leftovers|Regenerator|Infestation,Toxic,WideGuard,BanefulBunker|Relaxed||F|||50|]Incineroar||SitrusBerry|Intimidate|FlareBlitz,FakeOut,PartingShot,Protect|Careful||M|||50|\n|inactive|Battle timer is ON: inactive players will automatically lose when time's up. (requested by VurcanPKZ)\n|\n|t:|1788373374\n|teamsize|p1|4\n|teamsize|p2|4\n|start\n|switch|p1a: Farigiraf|Farigiraf, L50, F|100/100\n|switch|p1b: Incineroar|Incineroar, L50, F|100/100\n|switch|p2a: Garchomp|Garchomp, L50, M|100/100\n|switch|p2b: Charizard|Charizard, L50, M|100/100\n|turn|1\n|inactive|VurcanPKZ has 30 seconds left.\n|\n|t:|1788373402\n|detailschange|p2b: Charizard|Charizard-Mega-Y, L50, M\n|-mega|p2b: Charizard|Charizard|Charizardite Y\n|-weather|SunnyDay|[from] ability: Drought|[of] p2b: Charizard\n|move|p1b: Incineroar|Fake Out|p2a: Garchomp\n|-damage|p2a: Garchomp|83/100\n|-damage|p1b: Incineroar|87/100|[from] ability: Rough Skin|[of] p2a: Garchomp\n|-damage|p1b: Incineroar|77/100|[from] item: Life Orb\n|cant|p2a: Garchomp|flinch\n|move|p2b: Charizard|Weather Ball|p1a: Farigiraf\n|-damage|p1a: Farigiraf|37/100\n|move|p1a: Farigiraf|Trick Room|p1a: Farigiraf\n|-fieldstart|move: Trick Room|[of] p1a: Farigiraf\n|\n|-weather|SunnyDay|[upkeep]\n|upkeep\n|turn|2\n|inactive|VurcanPKZ has 30 seconds left.\n|\n|t:|1788373427\n|switch|p2a: Toxapex|Toxapex, L50, F|100/100\n|move|p1a: Farigiraf|Psychic|p2a: Toxapex\n|-supereffective|p2a: Toxapex|1\n|-damage|p2a: Toxapex|35/100\n|move|p1b: Incineroar|Close Combat|p2a: Toxapex\n|-resisted|p2a: Toxapex|1\n|-damage|p2a: Toxapex|18/100\n|-unboost|p1b: Incineroar|def|1\n|-unboost|p1b: Incineroar|spd|1\n|-damage|p1b: Incineroar|67/100|[from] item: Life Orb\n|move|p2b: Charizard|Weather Ball|p1a: Farigiraf\n|-damage|p1a: Farigiraf|0 fnt\n|faint|p1a: Farigiraf\n|\n|-weather|SunnyDay|[upkeep]\n|-heal|p2a: Toxapex|24/100|[from] item: Leftovers\n|upkeep\n|\n|t:|1788373438\n|switch|p1a: Camerupt|Camerupt, L50, F|100/100\n|turn|3\n|inactive|kalaluwi has 30 seconds left.\n|\n|t:|1788373466\n|-heal|p2a: Toxapex|57/100|[from] ability: Regenerator|[silent]\n|switch|p2a: Garchomp|Garchomp, L50, M|83/100\n|detailschange|p1a: Camerupt|Camerupt-Mega, L50, F\n|-mega|p1a: Camerupt|Camerupt|Cameruptite\n|move|p1a: Camerupt|Ancient Power|p2a: Garchomp\n|-resisted|p2a: Garchomp|1\n|-damage|p2a: Garchomp|65/100\n|move|p1b: Incineroar|Darkest Lariat|p2b: Charizard\n|-damage|p2b: Charizard|34/100\n|-damage|p1b: Incineroar|57/100|[from] item: Life Orb\n|move|p2b: Charizard|Heat Wave|p1b: Incineroar|[spread] p1a\n|-miss|p2b: Charizard|p1b: Incineroar\n|-resisted|p1a: Camerupt|1\n|-damage|p1a: Camerupt|74/100\n|\n|-weather|SunnyDay|[upkeep]\n|upkeep\n|turn|4\n|\n|t:|1788373485\n|move|p1a: Camerupt|Heat Wave|p2a: Garchomp|[spread] p2a,p2b\n|-resisted|p2a: Garchomp|1\n|-resisted|p2b: Charizard|1\n|-damage|p2a: Garchomp|24/100\n|-damage|p2b: Charizard|0 fnt\n|faint|p2b: Charizard\n|move|p1b: Incineroar|Darkest Lariat|p2a: Garchomp\n|-damage|p2a: Garchomp|0 fnt\n|-damage|p1b: Incineroar|45/100|[from] ability: Rough Skin|[of] p2a: Garchomp\n|faint|p2a: Garchomp\n|-damage|p1b: Incineroar|35/100|[from] item: Life Orb\n|\n|-weather|SunnyDay|[upkeep]\n|upkeep\n|\n|t:|1788373492\n|switch|p2a: Toxapex|Toxapex, L50, F|57/100\n|switch|p2b: Sylveon|Sylveon, L50, F|100/100\n|turn|5\n|\n|t:|1788373511\n|switch|p1b: Vanilluxe|Vanilluxe, L50, F|100/100\n|-weather|Snowscape|[from] ability: Snow Warning|[of] p1b: Vanilluxe\n|move|p2a: Toxapex|Wide Guard|p2a: Toxapex\n|-singleturn|p2a: Toxapex|Wide Guard\n|move|p1a: Camerupt|Earth Power|p2a: Toxapex\n|-supereffective|p2a: Toxapex|1\n|-damage|p2a: Toxapex|0 fnt\n|faint|p2a: Toxapex\n|move|p2b: Sylveon|Hyper Voice|p1a: Camerupt|[spread] p1a,p1b\n|-resisted|p1a: Camerupt|1\n|-damage|p1a: Camerupt|51/100\n|-damage|p1b: Vanilluxe|40/100\n|\n|-weather|Snowscape|[upkeep]\n|-fieldend|move: Trick Room\n|upkeep\n|turn|6\n|\n|t:|1788373536\n|move|p1b: Vanilluxe|Blizzard|p2b: Sylveon\n|-damage|p2b: Sylveon|57/100\n|move|p2b: Sylveon|Hyper Voice|p1b: Vanilluxe|[spread] p1a,p1b\n|-resisted|p1a: Camerupt|1\n|-damage|p1a: Camerupt|29/100\n|-damage|p1b: Vanilluxe|0 fnt\n|faint|p1b: Vanilluxe\n|move|p1a: Camerupt|Earth Power|p2b: Sylveon\n|-damage|p2b: Sylveon|4/100\n|\n|-weather|Snowscape|[upkeep]\n|upkeep\n|\n|t:|1788373541\n|switch|p1b: Incineroar|Incineroar, L50, F|35/100\n|turn|7\n|\n|t:|1788373548\n|move|p2b: Sylveon|Detect|p2b: Sylveon\n|-singleturn|p2b: Sylveon|Protect\n|move|p1b: Incineroar|Fake Out|p2b: Sylveon\n|-activate|p2b: Sylveon|move: Protect\n|move|p1a: Camerupt|Earth Power|p2b: Sylveon\n|-activate|p2b: Sylveon|move: Protect\n|\n|-weather|Snowscape|[upkeep]\n|upkeep\n|turn|8\n|\n|t:|1788373555\n|move|p1b: Incineroar|Flare Blitz|p2b: Sylveon\n|-damage|p2b: Sylveon|0 fnt\n|faint|p2b: Sylveon\n|-damage|p1b: Incineroar|34/100|[from] Recoil\n|-damage|p1b: Incineroar|24/100|[from] item: Life Orb\n|\n|win|kalaluwi\n","uploadtime":1788373555,"views":"4","formatid":"gen9championsvgc2026regmbbo3","rating":null,"private":0,"password":null}