{"id":"gen9championsvgc2026regmb-2674258503","format":"[Gen 9 Champions] VGC 2026 Reg M-B","players":["Alfredope","breakway"],"log":"|j|☆Alfredope\n|j|☆breakway\n|t:|1788325184\n|gametype|doubles\n|player|p1|Alfredope|n|1048\n|player|p2|breakway|red|1113\n|gen|9\n|tier|[Gen 9 Champions] VGC 2026 Reg M-B\n|rated|\n|rule|Species Clause: Limit one of each Pokémon\n|rule|Item Clause: Limit 1 of each item\n|clearpoke\n|poke|p1|Delphox, L50, F|\n|poke|p1|Drampa, L50, F|\n|poke|p1|Whimsicott, L50, M|\n|poke|p1|Sneasler, L50, F|\n|poke|p1|Orthworm, L50, M|\n|poke|p1|Gyarados, L50, M, shiny|\n|poke|p2|Jolteon, L50, M|\n|poke|p2|Sceptile, L50, F, shiny|\n|poke|p2|Sneasler, L50, M|\n|poke|p2|Whimsicott, L50, F|\n|poke|p2|Charizard, L50, F|\n|poke|p2|Kangaskhan, L50, F|\n|teampreview|4\n|\n|t:|1788325225\n|teamsize|p1|4\n|teamsize|p2|4\n|start\n|switch|p1a: Delphox|Delphox, L50, F|100/100\n|switch|p1b: Whimsicott|Whimsicott, L50, M|100/100\n|switch|p2a: Jolteon|Jolteon, L50, M|100/100\n|switch|p2b: Sceptile|Sceptile, L50, F, shiny|100/100\n|turn|1\n|\n|t:|1788325242\n|detailschange|p2b: Sceptile|Sceptile-Mega, L50, F, shiny\n|-mega|p2b: Sceptile|Sceptile|Sceptilite\n|detailschange|p1a: Delphox|Delphox-Mega, L50, F\n|-mega|p1a: Delphox|Delphox|Delphoxite\n|move|p1b: Whimsicott|Tailwind|p1b: Whimsicott\n|-sidestart|p1: Alfredope|move: Tailwind\n|move|p1a: Delphox|Heat Wave|p2a: Jolteon|[spread] p2a,p2b\n|-damage|p2a: Jolteon|47/100\n|-damage|p2b: Sceptile|37/100\n|move|p2a: Jolteon|Discharge|p1a: Delphox|[spread] p1a,p1b\n|-ability|p2b: Sceptile|Lightning Rod|boost\n|-boost|p2b: Sceptile|spa|1\n|-resisted|p1b: Whimsicott|1\n|-damage|p1a: Delphox|61/100\n|-damage|p1b: Whimsicott|70/100\n|-status|p1a: Delphox|par\n|-status|p1b: Whimsicott|par\n|-damage|p2a: Jolteon|37/100|[from] item: Life Orb\n|move|p2b: Sceptile|Earth Power|p1a: Delphox\n|-immune|p1a: Delphox|[from] ability: Levitate\n|\n|upkeep\n|turn|2\n|c|☆Alfredope|son\n|c|☆breakway|Oopsies\n|\n|t:|1788325281\n|switch|p2a: Whimsicott|Whimsicott, L50, F|100/100\n|move|p2b: Sceptile|Protect|p2b: Sceptile\n|-singleturn|p2b: Sceptile|Protect\n|move|p1a: Delphox|Heat Wave|p2b: Sceptile|[spread] p2a\n|-activate|p2b: Sceptile|move: Protect\n|-supereffective|p2a: Whimsicott|1\n|-enditem|p2a: Whimsicott|Focus Sash\n|-damage|p2a: Whimsicott|1/100\n|move|p1b: Whimsicott|Moonblast|p2a: Whimsicott\n|-damage|p2a: Whimsicott|0 fnt\n|faint|p2a: Whimsicott\n|\n|upkeep\n|c|☆breakway|Never fought a delphox n i forgor\n|c|☆Alfredope|nah the doubl par is crazy\n|c|☆breakway|U shd be happi doe u wouldve died\n|\n|t:|1788325305\n|switch|p2a: Sneasler|Sneasler, L50, M|100/100\n|turn|3\n|\n|t:|1788325331\n|move|p1a: Delphox|Protect|p1a: Delphox\n|-singleturn|p1a: Delphox|Protect\n|move|p2b: Sceptile|Dragon Pulse|p1a: Delphox\n|-activate|p1a: Delphox|move: Protect\n|move|p2a: Sneasler|Dire Claw|p1b: Whimsicott\n|-supereffective|p1b: Whimsicott|2\n|-damage|p1b: Whimsicott|0 fnt\n|faint|p1b: Whimsicott\n|\n|upkeep\n|\n|t:|1788325353\n|switch|p1b: Sneasler|Sneasler, L50, F|100/100\n|turn|4\n|\n|t:|1788325376\n|move|p2b: Sceptile|Protect|p2b: Sceptile\n|-singleturn|p2b: Sceptile|Protect\n|move|p2a: Sneasler|Protect|p2a: Sneasler\n|-singleturn|p2a: Sneasler|Protect\n|move|p1b: Sneasler|Close Combat|p2b: Sceptile\n|-activate|p2b: Sceptile|move: Protect\n|move|p1a: Delphox|Nasty Plot|p1a: Delphox\n|-boost|p1a: Delphox|spa|2\n|\n|-sideend|p1: Alfredope|move: Tailwind\n|upkeep\n|turn|5\n|c|☆breakway|This is my 2nd double para\n|\n|t:|1788325404\n|move|p2b: Sceptile|Dragon Pulse|p1b: Sneasler\n|-damage|p1b: Sneasler|0 fnt\n|faint|p1b: Sneasler\n|move|p2a: Sneasler|Dire Claw|p1a: Delphox\n|-damage|p1a: Delphox|1/100 par\n|move|p1a: Delphox|Psyshock|p2a: Sneasler\n|-supereffective|p2a: Sneasler|2\n|-damage|p2a: Sneasler|0 fnt\n|faint|p2a: Sneasler\n|\n|upkeep\n|\n|t:|1788325415\n|switch|p2a: Jolteon|Jolteon, L50, M|37/100\n|switch|p1b: Drampa|Drampa, L50, F|100/100\n|-ability|p1b: Drampa|Cloud Nine\n|turn|6\n|c|☆breakway|Gg\n|c|☆Alfredope|gg\n|\n|t:|1788325443\n|move|p2a: Jolteon|Discharge|p1a: Delphox|[spread] p1a,p1b\n|-ability|p2b: Sceptile|Lightning Rod|boost\n|-boost|p2b: Sceptile|spa|1\n|-resisted|p1b: Drampa|1\n|-damage|p1a: Delphox|0 fnt\n|-damage|p1b: Drampa|81/100\n|-status|p1b: Drampa|par\n|faint|p1a: Delphox\n|-damage|p2a: Jolteon|27/100|[from] item: Life Orb\n|move|p2b: Sceptile|Dragon Pulse|p1b: Drampa\n|-supereffective|p1b: Drampa|1\n|-damage|p1b: Drampa|0 fnt\n|faint|p1b: Drampa\n|\n|win|breakway\n|raw|Alfredope's rating: 1048 &rarr; <strong>1034</strong><br />(-14 for losing)\n|raw|breakway's rating: 1113 &rarr; <strong>1133</strong><br />(+20 for winning)\n|c|☆Alfredope|LMAO\n|c|☆breakway|Para\n|c|☆breakway|Sob\n","uploadtime":1788325463,"views":"0","formatid":"gen9championsvgc2026regmb","rating":1034,"private":0,"password":null}