{"id":"gen9championsvgc2026regmb-2673924818","format":"[Gen 9 Champions] VGC 2026 Reg M-B","players":["Berloosconee","SANJAClNTO"],"log":"|j|☆Berloosconee\n|j|☆SANJAClNTO\n|t:|1788277782\n|gametype|doubles\n|player|p1|Berloosconee|crasherwake|1115\n|player|p2|SANJAClNTO|2|1108\n|gen|9\n|tier|[Gen 9 Champions] VGC 2026 Reg M-B\n|rated|\n|rule|Species Clause: Limit one of each Pokémon\n|rule|Item Clause: Limit 1 of each item\n|clearpoke\n|poke|p1|Zoroark-Hisui, L50, M|\n|poke|p1|Kingambit, L50, M|\n|poke|p1|Farigiraf, L50, F|\n|poke|p1|Toxapex, L50, F|\n|poke|p1|Sylveon, L50, M|\n|poke|p1|Eelektross, L50, F|\n|poke|p2|Raichu, L50, M|\n|poke|p2|Ninetales-Alola, L50, M|\n|poke|p2|Decidueye-Hisui, L50, F|\n|poke|p2|Incineroar, L50, F|\n|poke|p2|Lycanroc-Midnight, L50, F|\n|poke|p2|Basculegion, L50, M|\n|teampreview|4\nBerloosconee rejected open team sheets.\n|inactive|Battle timer is ON: inactive players will automatically lose when time's up. (requested by Berloosconee)\n|inactive|Berloosconee has 60 seconds left.\n|inactive|SANJAClNTO has 60 seconds left.\n|\n|t:|1788277826\n|teamsize|p1|4\n|teamsize|p2|4\n|start\n|switch|p1a: Farigiraf|Farigiraf, L50, F|100/100\n|switch|p1b: Kingambit|Kingambit, L50, M|100/100\n|switch|p2a: Raichu|Raichu, L50, M|100/100\n|switch|p2b: Ninetales|Ninetales-Alola, L50, M|100/100\n|-weather|Snowscape|[from] ability: Snow Warning|[of] p2b: Ninetales\n|turn|1\n|inactive|Berloosconee has 30 seconds left.\n|\n|t:|1788277860\n|detailschange|p2a: Raichu|Raichu-Mega-Y, L50, M\n|-mega|p2a: Raichu|Raichu|Raichunite Y\n|move|p1b: Kingambit|Protect|p1b: Kingambit\n|-singleturn|p1b: Kingambit|Protect\n|move|p2a: Raichu|Focus Blast|p1b: Kingambit\n|-activate|p1b: Kingambit|move: Protect\n|move|p2b: Ninetales|Aurora Veil|p2b: Ninetales\n|-sidestart|p2: SANJAClNTO|move: Aurora Veil\n|move|p1a: Farigiraf|Trick Room|p1a: Farigiraf\n|-fieldstart|move: Trick Room|[of] p1a: Farigiraf\n|\n|-weather|Snowscape|[upkeep]\n|upkeep\n|turn|2\n|inactive|SANJAClNTO has 30 seconds left.\n|\n|t:|1788277892\n|move|p2b: Ninetales|Protect|p2b: Ninetales\n|-singleturn|p2b: Ninetales|Protect\n|move|p1b: Kingambit|Kowtow Cleave|p2a: Raichu\n|-damage|p2a: Raichu|33/100\n|move|p1a: Farigiraf|Psychic|p2a: Raichu\n|-damage|p2a: Raichu|1/100\n|move|p2a: Raichu|Focus Blast|p1b: Kingambit\n|-supereffective|p1b: Kingambit|2\n|-damage|p1b: Kingambit|0 fnt\n|faint|p1b: Kingambit\n|\n|-weather|Snowscape|[upkeep]\n|upkeep\n|\n|t:|1788277906\n|switch|p1b: Sylveon|Sylveon, L50, M|100/100\n|turn|3\n|c|☆SANJAClNTO|my goat\n|\n|t:|1788277920\n|switch|p2b: Incineroar|Incineroar, L50, F|100/100\n|-ability|p2b: Incineroar|Intimidate|boost\n|-unboost|p1a: Farigiraf|atk|1\n|-unboost|p1b: Sylveon|atk|1\n|move|p2a: Raichu|Protect|p2a: Raichu\n|-singleturn|p2a: Raichu|Protect\n|move|p1b: Sylveon|Hyper Voice|p2b: Incineroar|[spread] p2b\n|-activate|p2a: Raichu|move: Protect\n|-damage|p2b: Incineroar|74/100\n|move|p1a: Farigiraf|Psychic|p2b: Incineroar\n|-immune|p2b: Incineroar\n|\n|-weather|Snowscape|[upkeep]\n|upkeep\n|turn|4\n|\n|t:|1788277941\n|switch|p2a: Ninetales|Ninetales-Alola, L50, M|100/100\n|move|p1b: Sylveon|Hyper Beam|p2b: Incineroar\n|-damage|p2b: Incineroar|14/100\n|-mustrecharge|p1b: Sylveon\n|-enditem|p2b: Incineroar|Sitrus Berry|[eat]\n|-heal|p2b: Incineroar|39/100|[from] item: Sitrus Berry\n|move|p1a: Farigiraf|Psychic|p2a: Ninetales\n|-damage|p2a: Ninetales|70/100\n|move|p2b: Incineroar|Throat Chop|p1b: Sylveon\n|-resisted|p1b: Sylveon|1\n|-damage|p1b: Sylveon|79/100\n|-start|p1b: Sylveon|Throat Chop|[silent]\n|\n|-weather|Snowscape|[upkeep]\n|upkeep\n|turn|5\n|\n|t:|1788277959\n|cant|p1b: Sylveon|recharge\n|move|p2b: Incineroar|Throat Chop|p1a: Farigiraf\n|-supereffective|p1a: Farigiraf|1\n|-damage|p1a: Farigiraf|46/100\n|-start|p1a: Farigiraf|Throat Chop|[silent]\n|-enditem|p1a: Farigiraf|Sitrus Berry|[eat]\n|-heal|p1a: Farigiraf|70/100|[from] item: Sitrus Berry\n|move|p1a: Farigiraf|Psychic|p2a: Ninetales\n|-damage|p2a: Ninetales|43/100\n|move|p2a: Ninetales|Blizzard|p1a: Farigiraf|[spread] p1a,p1b\n|-damage|p1a: Farigiraf|40/100\n|-damage|p1b: Sylveon|56/100\n|\n|-weather|none\n|-end|p1b: Sylveon|Throat Chop|[silent]\n|-sideend|p2: SANJAClNTO|move: Aurora Veil\n|-fieldend|move: Trick Room\n|upkeep\n|turn|6\n|\n|t:|1788277979\n|move|p1a: Farigiraf|Protect|p1a: Farigiraf\n|-singleturn|p1a: Farigiraf|Protect\n|move|p2a: Ninetales|Blizzard|p1b: Sylveon|[spread] p1b\n|-activate|p1a: Farigiraf|move: Protect\n|-damage|p1b: Sylveon|30/100\n|move|p2b: Incineroar|Throat Chop|p1a: Farigiraf\n|-activate|p1a: Farigiraf|move: Protect\n|move|p1b: Sylveon|Hyper Voice|p2a: Ninetales|[spread] p2a,p2b\n|-damage|p2a: Ninetales|0 fnt\n|-damage|p2b: Incineroar|4/100\n|faint|p2a: Ninetales\n|\n|-end|p1a: Farigiraf|Throat Chop|[silent]\n|upkeep\n|\n|t:|1788277991\n|switch|p2a: Decidueye|Decidueye-Hisui, L50, F|100/100\n|turn|7\n|\n|t:|1788278001\n|move|p1b: Sylveon|Quick Attack|p2b: Incineroar\n|-damage|p2b: Incineroar|0 fnt\n|faint|p2b: Incineroar\n|move|p2a: Decidueye|Leaf Blade|p1b: Sylveon\n|-damage|p1b: Sylveon|0 fnt\n|faint|p1b: Sylveon\n|move|p1a: Farigiraf|Trick Room|p1a: Farigiraf\n|-fieldstart|move: Trick Room|[of] p1a: Farigiraf\n|\n|upkeep\n|\n|t:|1788278008\n|switch|p1b: Eelektross|Eelektross, L50, F|100/100\n|switch|p2b: Raichu|Raichu-Mega-Y, L50, M|1/100\n|turn|8\n|-message|SANJAClNTO forfeited.\n|\n|win|Berloosconee\n|raw|Berloosconee's rating: 1115 &rarr; <strong>1139</strong><br />(+24 for winning)\n|raw|SANJAClNTO's rating: 1108 &rarr; <strong>1084</strong><br />(-24 for losing)\n|l|☆SANJAClNTO\n|player|p2|\n|c|☆Berloosconee|il goat te lo infili dove ben sai\n|c|☆Berloosconee|stronzo\n","uploadtime":1788278040,"views":"5","formatid":"gen9championsvgc2026regmb","rating":1084,"private":0,"password":null}