{"id":"gen9championsvgc2026regmbbo3-2674205706","format":"[Gen 9 Champions] VGC 2026 Reg M-B (Bo3)","players":["Cheribat","cantchat_sorry"],"log":"|j|☆Cheribat\n|j|☆cantchat_sorry\n|html|<table width=\"100%\"><tr><td align=\"left\">Cheribat</td><td align=\"right\">cantchat_sorry</tr><tr><td align=\"left\"><i class=\"fa fa-circle-o\"></i> <i class=\"fa fa-circle-o\"></i> </td><td align=\"right\"><i class=\"fa fa-circle-o\"></i> <i class=\"fa fa-circle-o\"></i> </tr></table>\n|uhtml|bestof|<h2><strong>Game 1</strong> of <a href=\"/game-bestof3-gen9championsvgc2026regmbbo3-2674205705\">a best-of-3</a></h2>\n|t:|1788315259\n|gametype|doubles\n|player|p1|Cheribat|waitress-gen4|1081\n|player|p2|cantchat_sorry|clair|1136\n|gen|9\n|tier|[Gen 9 Champions] VGC 2026 Reg M-B (Bo3)\n|rated|\n|rule|Species Clause: Limit one of each Pokémon\n|rule|Item Clause: Limit 1 of each item\n|clearpoke\n|poke|p1|Metagross, L50|\n|poke|p1|Milotic, L50, F|\n|poke|p1|Volcarona, L50, F|\n|poke|p1|Sneasler, L50, F|\n|poke|p1|Hydreigon, L50, F|\n|poke|p1|Zoroark-Hisui, L50, F, shiny|\n|poke|p2|Garchomp, L50, M|\n|poke|p2|Tyranitar, L50, F|\n|poke|p2|Corviknight, L50, F, shiny|\n|poke|p2|Milotic, L50, M|\n|poke|p2|Sinistcha, L50|\n|poke|p2|Ceruledge, L50, M|\n|teampreview|4\n|showteam|p1|Metagross||Metagrossite|ClearBody|PsychicFangs,MeteorMash,StompingTantrum,Protect|Jolly|||||50|]Milotic||Leftovers|Competitive|Scald,IceBeam,Recover,Protect|Modest||F|||50|]Volcarona||SitrusBerry|FlameBody|RagePowder,StruggleBug,Tailwind,Flamethrower|Bold||F|||50|]Sneasler||WhiteHerb|Unburden|CloseCombat,DireClaw,FakeOut,Uturn|Adamant||F|||50|]Hydreigon||ChoiceScarf|Levitate|DracoMeteor,EarthPower,DarkPulse,FlashCannon|Modest||F|||50|]Zoroark-Hisui||FocusSash|Illusion|BitterMalice,Taunt,IcyWind,WillOWisp|Timid||F|||50|\n|showteam|p2|Garchomp||Garchompite|RoughSkin|EarthPower,DracoMeteor,PowerGem,Protect|Modest||M|||50|]Tyranitar||ChoiceScarf|SandStream|KnockOff,RockSlide,IcePunch,LowKick|Jolly||F|||50|]Corviknight||LifeOrb|MirrorArmor|BraveBird,IronHead,Tailwind,Protect|Jolly||F|||50|]Milotic||SitrusBerry|Competitive|Scald,IcyWind,Haze,Protect|Bold||M|||50|]Sinistcha||KasibBerry|Hospitality|MatchaGotcha,RagePowder,TrickRoom,Protect|Bold|||||50|]Ceruledge||ColburBerry|FlashFire|BitterBlade,ShadowSneak,BulkUp,Protect|Adamant||M|||50|\n|inactive|Battle timer is ON: inactive players will automatically lose when time's up. (requested by cantchat_sorry)\n|inactive|cantchat_sorry has 60 seconds left.\n|\n|t:|1788315354\n|teamsize|p1|4\n|teamsize|p2|4\n|start\n|switch|p1a: Milotic|Milotic, L50, F|100/100\n|switch|p1b: Sneasler|Sneasler, L50, F|100/100\n|switch|p2a: Tyranitar|Tyranitar, L50, F|100/100\n|switch|p2b: Milotic|Milotic, L50, M|100/100\n|-weather|Sandstorm|[from] ability: Sand Stream|[of] p2a: Tyranitar\n|turn|1\n|\n|t:|1788315371\n|switch|p2a: Ceruledge|Ceruledge, L50, M|100/100\n|move|p1b: Sneasler|Fake Out|p2b: Milotic\n|-damage|p2b: Milotic|87/100\n|cant|p2b: Milotic|flinch\n|move|p1a: Milotic|Scald|p2a: Ceruledge\n|-supereffective|p2a: Ceruledge|1\n|-damage|p2a: Ceruledge|24/100\n|\n|-weather|Sandstorm|[upkeep]\n|-damage|p1b: Sneasler|94/100|[from] Sandstorm\n|-damage|p2a: Ceruledge|18/100|[from] Sandstorm\n|-damage|p2b: Milotic|81/100|[from] Sandstorm\n|-damage|p1a: Milotic|93/100|[from] Sandstorm\n|-heal|p1a: Milotic|100/100|[from] item: Leftovers\n|upkeep\n|turn|2\n|\n|t:|1788315393\n|move|p2a: Ceruledge|Protect|p2a: Ceruledge\n|-singleturn|p2a: Ceruledge|Protect\n|move|p1b: Sneasler|Dire Claw|p2b: Milotic\n|-damage|p2b: Milotic|46/100\n|-enditem|p2b: Milotic|Sitrus Berry|[eat]\n|-heal|p2b: Milotic|70/100|[from] item: Sitrus Berry\n|move|p2b: Milotic|Scald|p1b: Sneasler\n|-damage|p1b: Sneasler|56/100\n|move|p1a: Milotic|Ice Beam|p2a: Ceruledge\n|-activate|p2a: Ceruledge|move: Protect\n|\n|-weather|Sandstorm|[upkeep]\n|-damage|p1b: Sneasler|50/100g|[from] Sandstorm\n|-damage|p2a: Ceruledge|11/100|[from] Sandstorm\n|-damage|p2b: Milotic|64/100|[from] Sandstorm\n|-damage|p1a: Milotic|93/100|[from] Sandstorm\n|-heal|p1a: Milotic|100/100|[from] item: Leftovers\n|upkeep\n|turn|3\n|inactive|cantchat_sorry has 30 seconds left.\n|inactive|cantchat_sorry has 20 seconds left.\n|\n|t:|1788315432\n|move|p2a: Ceruledge|Shadow Sneak|p1b: Sneasler\n|-damage|p1b: Sneasler|17/100\n|move|p1b: Sneasler|Close Combat|p2b: Milotic\n|-damage|p2b: Milotic|12/100\n|-unboost|p1b: Sneasler|def|1\n|-unboost|p1b: Sneasler|spd|1\n|-enditem|p1b: Sneasler|White Herb\n|-clearnegativeboost|p1b: Sneasler|[silent]\n|move|p2b: Milotic|Scald|p1b: Sneasler\n|-damage|p1b: Sneasler|0 fnt\n|faint|p1b: Sneasler\n|move|p1a: Milotic|Ice Beam|p2a: Ceruledge\n|-resisted|p2a: Ceruledge|1\n|-damage|p2a: Ceruledge|0 fnt\n|faint|p2a: Ceruledge\n|\n|-weather|Sandstorm|[upkeep]\n|-damage|p2b: Milotic|6/100|[from] Sandstorm\n|-damage|p1a: Milotic|93/100|[from] Sandstorm\n|-heal|p1a: Milotic|100/100|[from] item: Leftovers\n|upkeep\n|\n|t:|1788315451\n|switch|p1b: Hydreigon|Hydreigon, L50, F|100/100\n|switch|p2a: Tyranitar|Tyranitar, L50, F|100/100\n|turn|4\n|\n|t:|1788315462\n|move|p1b: Hydreigon|Dark Pulse|p2b: Milotic\n|-damage|p2b: Milotic|0 fnt\n|faint|p2b: Milotic\n|move|p2a: Tyranitar|Knock Off|p1a: Milotic\n|-damage|p1a: Milotic|53/100\n|-enditem|p1a: Milotic|Leftovers|[from] move: Knock Off|[of] p2a: Tyranitar\n|move|p1a: Milotic|Scald|p2a: Tyranitar\n|-supereffective|p2a: Tyranitar|1\n|-damage|p2a: Tyranitar|45/100\n|-status|p2a: Tyranitar|brn\n|\n|-weather|Sandstorm|[upkeep]\n|-damage|p1b: Hydreigon|94/100|[from] Sandstorm\n|-damage|p1a: Milotic|47/100|[from] Sandstorm\n|-damage|p2a: Tyranitar|39/100 brn|[from] brn\n|upkeep\n|\n|t:|1788315475\n|switch|p2b: Garchomp|Garchomp, L50, M|100/100\n|turn|5\n|\n|t:|1788315498\n|switch|p1b: Volcarona|Volcarona, L50, F|100/100\n|detailschange|p2b: Garchomp|Garchomp-Mega, L50, M\n|-mega|p2b: Garchomp|Garchomp|Garchompite\n|move|p2a: Tyranitar|Knock Off|p1b: Volcarona\n|-damage|p1b: Volcarona|76/100\n|-enditem|p1b: Volcarona|Sitrus Berry|[from] move: Knock Off|[of] p2a: Tyranitar\n|move|p2b: Garchomp|Earth Power|p1a: Milotic\n|-damage|p1a: Milotic|0 fnt\n|faint|p1a: Milotic\n|\n|-weather|none\n|-damage|p2a: Tyranitar|33/100 brn|[from] brn\n|upkeep\n|\n|t:|1788315509\n|switch|p1a: Hydreigon|Hydreigon, L50, F|94/100\n|turn|6\n|\n|t:|1788315521\n|move|p1a: Hydreigon|Draco Meteor|p2b: Garchomp\n|-supereffective|p2b: Garchomp|1\n|-damage|p2b: Garchomp|0 fnt\n|-unboost|p1a: Hydreigon|spa|2\n|faint|p2b: Garchomp\n|move|p2a: Tyranitar|Knock Off|p1a: Hydreigon\n|-resisted|p1a: Hydreigon|1\n|-damage|p1a: Hydreigon|79/100\n|-enditem|p1a: Hydreigon|Choice Scarf|[from] move: Knock Off|[of] p2a: Tyranitar\n|move|p1b: Volcarona|Struggle Bug|p2a: Tyranitar\n|-supereffective|p2a: Tyranitar|1\n|-damage|p2a: Tyranitar|0 fnt\n|faint|p2a: Tyranitar\n|\n|win|Cheribat\n|l|☆cantchat_sorry\n|player|p2|\n||cantchat_sorry is ready for game 2.\n|inactive|Cheribat has 30 seconds to confirm battle start!\n||Cheribat is ready for game 2.\n|uhtml|next|Next: <a href=\"/battle-gen9championsvgc2026regmbbo3-2674207451\"><strong>Game 2 of 3</strong></a>\n","uploadtime":1788315534,"views":"0","formatid":"gen9championsvgc2026regmbbo3","rating":null,"private":0,"password":null}