{"id":"gen9championsvgc2026regmb-2673875460","format":"[Gen 9 Champions] VGC 2026 Reg M-B","players":["The Gray Crow","Thornlace48812"],"log":"|j|☆The Gray Crow\n|j|☆Thornlace48812\n|t:|1788271764\n|gametype|doubles\n|player|p1|The Gray Crow|cilan|1068\n|player|p2|Thornlace48812|102|1133\n|gen|9\n|tier|[Gen 9 Champions] VGC 2026 Reg M-B\n|rated|\n|rule|Species Clause: Limit one of each Pokémon\n|rule|Item Clause: Limit 1 of each item\n|clearpoke\n|poke|p1|Lopunny, L50, F, shiny|\n|poke|p1|Mimikyu, L50, M|\n|poke|p1|Tsareena, L50, F|\n|poke|p1|Sylveon, L50, F|\n|poke|p1|Basculegion, L50, M|\n|poke|p1|Kingambit, L50, M|\n|poke|p2|Garchomp, L50, F|\n|poke|p2|Charizard, L50, M|\n|poke|p2|Whimsicott, L50, F|\n|poke|p2|Sylveon, L50, M|\n|poke|p2|Kingambit, L50, F|\n|poke|p2|Basculegion, L50, M|\n|teampreview|4\n|inactive|Battle timer is ON: inactive players will automatically lose when time's up. (requested by Thornlace48812)\nThornlace48812 rejected open team sheets.\n|\n|t:|1788271778\n|teamsize|p1|4\n|teamsize|p2|4\n|start\n|switch|p1a: Lopunny|Lopunny, L50, F, shiny|100/100\n|switch|p1b: Tsareena|Tsareena, L50, F|100/100\n|switch|p2a: Charizard|Charizard, L50, M|100/100\n|switch|p2b: Sylveon|Sylveon, L50, M|100/100\n|turn|1\n|\n|t:|1788271796\n|detailschange|p1a: Lopunny|Lopunny-Mega, L50, F, shiny\n|-mega|p1a: Lopunny|Lopunny|Lopunnite\n|detailschange|p2a: Charizard|Charizard-Mega-Y, L50, M\n|-mega|p2a: Charizard|Charizard|Charizardite Y\n|-weather|SunnyDay|[from] ability: Drought|[of] p2a: Charizard\n|move|p2a: Charizard|Protect|p2a: Charizard\n|-singleturn|p2a: Charizard|Protect\n|move|p1a: Lopunny|Fake Out|p2a: Charizard\n|-activate|p2a: Charizard|move: Protect\n|move|p1b: Tsareena|Triple Axel|p2b: Sylveon\n|-damage|p2b: Sylveon|91/100\n|-damage|p2b: Sylveon|74/100\n|-damage|p2b: Sylveon|46/100\n|-hitcount|p2b: Sylveon|3\n|move|p2b: Sylveon|Hyper Voice|p1a: Lopunny|[spread] p1a,p1b\n|-supereffective|p1a: Lopunny|1\n|-damage|p1a: Lopunny|0 fnt\n|-damage|p1b: Tsareena|36/100\n|faint|p1a: Lopunny\n|\n|-weather|SunnyDay|[upkeep]\n|upkeep\n|\n|t:|1788271819\n|switch|p1a: Basculegion|Basculegion, L50, M|100/100\n|turn|2\n|\n|t:|1788271827\n|move|p1b: Tsareena|Protect|p1b: Tsareena\n|-singleturn|p1b: Tsareena|Protect\n|move|p1a: Basculegion|Flip Turn|p2a: Charizard\n|-supereffective|p2a: Charizard|1\n|-damage|p2a: Charizard|56/100\n|\n|t:|1788271836\n|switch|p1a: Mimikyu|Mimikyu, L50, M|100/100|[from] Flip Turn\n|move|p2a: Charizard|Heat Wave|p1b: Tsareena|[spread] p1a\n|-activate|p1b: Tsareena|move: Protect\n|-activate|p1a: Mimikyu|ability: Disguise\n|-damage|p1a: Mimikyu|100/100\n|detailschange|p1a: Mimikyu|Mimikyu-Busted, L50, M\n|-damage|p1a: Mimikyu|87/100|[from] pokemon: Mimikyu-Busted\n|move|p2b: Sylveon|Hyper Voice|p1a: Mimikyu|[spread] p1a\n|-activate|p1b: Tsareena|move: Protect\n|-damage|p1a: Mimikyu|40/100\n|-enditem|p1a: Mimikyu|Sitrus Berry|[eat]\n|-heal|p1a: Mimikyu|65/100|[from] item: Sitrus Berry\n|\n|-weather|SunnyDay|[upkeep]\n|upkeep\n|turn|3\n|inactive|The Gray Crow has 30 seconds left.\n|\n|t:|1788271865\n|move|p1a: Mimikyu|Shadow Sneak|p2a: Charizard\n|-damage|p2a: Charizard|35/100\n|move|p2a: Charizard|Heat Wave|p1b: Tsareena|[spread] p1a,p1b\n|-supereffective|p1b: Tsareena|1\n|-damage|p1a: Mimikyu|0 fnt\n|-damage|p1b: Tsareena|0 fnt\n|faint|p1a: Mimikyu\n|faint|p1b: Tsareena\n|move|p2b: Sylveon|Hyper Voice|p1: Mimikyu|[notarget]\n|-fail|p2b: Sylveon\n|\n|-weather|SunnyDay|[upkeep]\n|upkeep\n|\n|t:|1788271880\n|switch|p1a: Basculegion|Basculegion, L50, M|100/100\n|turn|4\n|\n|t:|1788271886\n|move|p1a: Basculegion|Last Respects|p2a: Charizard\n|-damage|p2a: Charizard|0 fnt\n|faint|p2a: Charizard\n|move|p2b: Sylveon|Hyper Beam|p1a: Basculegion|[miss]\n|-miss|p2b: Sylveon|p1a: Basculegion\n|\n|-weather|SunnyDay|[upkeep]\n|upkeep\n|\n|t:|1788271888\n|switch|p2a: Whimsicott|Whimsicott, L50, F|100/100\n|turn|5\n|\n|t:|1788271912\n|move|p2b: Sylveon|Detect|p2b: Sylveon\n|-singleturn|p2b: Sylveon|Protect\n|move|p2a: Whimsicott|Encore|p1a: Basculegion\n|-start|p1a: Basculegion|Encore\n|move|p1a: Basculegion|Last Respects|p2b: Sylveon\n|-activate|p2b: Sylveon|move: Protect\n|\n|-weather|none\n|upkeep\n|turn|6\n|\n|t:|1788271926\n|move|p1a: Basculegion|Last Respects|p2b: Sylveon\n|-damage|p2b: Sylveon|0 fnt\n|faint|p2b: Sylveon\n|move|p2a: Whimsicott|Moonblast|p1a: Basculegion\n|-damage|p1a: Basculegion|58/100\n|-unboost|p1a: Basculegion|spa|1\n|\n|upkeep\n|\n|t:|1788271926\n|switch|p2b: Basculegion|Basculegion, L50, M|100/100\n|turn|7\n|\n|t:|1788271940\n|move|p1a: Basculegion|Last Respects|p2b: Basculegion\n|-supereffective|p2b: Basculegion|1\n|-damage|p2b: Basculegion|0 fnt\n|faint|p2b: Basculegion\n|move|p2a: Whimsicott|Moonblast|p1a: Basculegion\n|-damage|p1a: Basculegion|13/100\n|\n|-end|p1a: Basculegion|Encore\n|upkeep\n|turn|8\n|\n|t:|1788271951\n|move|p1a: Basculegion|Last Respects|p2a: Whimsicott\n|-enditem|p2a: Whimsicott|Focus Sash\n|-damage|p2a: Whimsicott|1/100\n|move|p2a: Whimsicott|Moonblast|p1a: Basculegion\n|-damage|p1a: Basculegion|0 fnt\n|faint|p1a: Basculegion\n|\n|win|Thornlace48812\n|raw|The Gray Crow's rating: 1068 &rarr; <strong>1050</strong><br />(-18 for losing)\n|raw|Thornlace48812's rating: 1105 &rarr; <strong>1127</strong><br />(+22 for winning)\n","uploadtime":1788271951,"views":"4","formatid":"gen9championsvgc2026regmb","rating":1050,"private":0,"password":null}