{"id":"gen9championsvgc2026regmb-2674580929","format":"[Gen 9 Champions] VGC 2026 Reg M-B","players":["t3001ab","Notabigshot"],"log":"|j|☆t3001ab\n|j|☆Notabigshot\n|t:|1788376419\n|gametype|doubles\n|player|p1|t3001ab|benga|\n|player|p2|Notabigshot|giovanni|\n|gen|9\n|tier|[Gen 9 Champions] VGC 2026 Reg M-B\n|rule|Species Clause: Limit one of each Pokémon\n|rule|Item Clause: Limit 1 of each item\n|clearpoke\n|poke|p1|Froslass, L50, F|\n|poke|p1|Ceruledge, L50, M|\n|poke|p1|Ditto, L50|\n|poke|p1|Armarouge, L50, M|\n|poke|p1|Kingambit, L50, M|\n|poke|p1|Dragonite, L50, F|\n|poke|p2|Tyranitar, L50, M|\n|poke|p2|Sandaconda, L50, M|\n|poke|p2|Incineroar, L50, M|\n|poke|p2|Aerodactyl, L50, F|\n|poke|p2|Sneasler, L50, F|\n|poke|p2|Arcanine-Hisui, L50, M|\n|teampreview|4\n|\n|t:|1788376433\n|teamsize|p1|4\n|teamsize|p2|4\n|start\n|switch|p1a: (⁠・⁠∀⁠・⁠)|Ceruledge, L50, M|100/100\n|switch|p1b: (｡•́︿•̀｡)|Armarouge, L50, M|100/100\n|switch|p2a: Tyranitar|Tyranitar, L50, M|100/100\n|switch|p2b: Sandaconda|Sandaconda, L50, M|100/100\n|-weather|Sandstorm|[from] ability: Sand Stream|[of] p2a: Tyranitar\n|turn|1\n|l|☆t3001ab\n|player|p1|\n|j|☆t3001ab\n|player|p1|t3001ab|benga|\n|\n|t:|1788376459\n|move|p2a: Tyranitar|Protect|p2a: Tyranitar\n|-singleturn|p2a: Tyranitar|Protect\n|move|p1a: (⁠・⁠∀⁠・⁠)|Bitter Blade|p2b: Sandaconda\n|-crit|p2b: Sandaconda\n|-damage|p2b: Sandaconda|31/100\n|-damage|p1a: (⁠・⁠∀⁠・⁠)|90/100|[from] item: Life Orb\n|move|p1b: (｡•́︿•̀｡)|Armor Cannon|p2b: Sandaconda\n|-damage|p2b: Sandaconda|0 fnt\n|-unboost|p1b: (｡•́︿•̀｡)|def|1\n|-unboost|p1b: (｡•́︿•̀｡)|spd|1\n|faint|p2b: Sandaconda\n|\n|-weather|Sandstorm|[upkeep]\n|-damage|p1a: (⁠・⁠∀⁠・⁠)|84/100|[from] Sandstorm\n|-damage|p1b: (｡•́︿•̀｡)|93/100|[from] Sandstorm\n|upkeep\n|\n|t:|1788376474\n|switch|p2b: Arcanine|Arcanine-Hisui, L50, M|100/100\n|-ability|p2b: Arcanine|Intimidate|boost\n|-unboost|p1a: (⁠・⁠∀⁠・⁠)|atk|1\n|-unboost|p1b: (｡•́︿•̀｡)|atk|1\n|turn|2\n|\n|t:|1788376495\n|detailschange|p2a: Tyranitar|Tyranitar-Mega, L50, M\n|-mega|p2a: Tyranitar|Tyranitar|Tyranitarite\n|move|p1a: (⁠・⁠∀⁠・⁠)|Shadow Sneak|p2b: Arcanine\n|-damage|p2b: Arcanine|76/100\n|-damage|p1a: (⁠・⁠∀⁠・⁠)|74/100|[from] item: Life Orb\n|move|p2b: Arcanine|Crunch|p1a: (⁠・⁠∀⁠・⁠)\n|-supereffective|p1a: (⁠・⁠∀⁠・⁠)|1\n|-damage|p1a: (⁠・⁠∀⁠・⁠)|0 fnt\n|faint|p1a: (⁠・⁠∀⁠・⁠)\n|move|p1b: (｡•́︿•̀｡)|Armor Cannon|p2a: Tyranitar\n|-resisted|p2a: Tyranitar|1\n|-damage|p2a: Tyranitar|83/100\n|-unboost|p1b: (｡•́︿•̀｡)|def|1\n|-unboost|p1b: (｡•́︿•̀｡)|spd|1\n|move|p2a: Tyranitar|Rock Slide|p1b: (｡•́︿•̀｡)\n|-supereffective|p1b: (｡•́︿•̀｡)|1\n|-damage|p1b: (｡•́︿•̀｡)|0 fnt\n|faint|p1b: (｡•́︿•̀｡)\n|\n|-weather|Sandstorm|[upkeep]\n|upkeep\n|\n|t:|1788376516\n|switch|p1a: ₮ⱧɆ ɄⱠ₮ł₥₳₮Ɇ|Dragonite, L50, F|100/100\n|switch|p1b: Clone|Ditto, L50|100/100\n|-transform|p1b: Clone|p2a: Tyranitar|[from] ability: Imposter\n|turn|3\n|\n|t:|1788376550\n|detailschange|p1a: ₮ⱧɆ ɄⱠ₮ł₥₳₮Ɇ|Dragonite-Mega, L50, F\n|-mega|p1a: ₮ⱧɆ ɄⱠ₮ł₥₳₮Ɇ|Dragonite|Dragoninite\n|move|p2a: Tyranitar|Protect|p2a: Tyranitar\n|-singleturn|p2a: Tyranitar|Protect\n|move|p2b: Arcanine|Crunch|p1a: ₮ⱧɆ ɄⱠ₮ł₥₳₮Ɇ\n|-damage|p1a: ₮ⱧɆ ɄⱠ₮ł₥₳₮Ɇ|88/100\n|move|p1a: ₮ⱧɆ ɄⱠ₮ł₥₳₮Ɇ|Brick Break|p2a: Tyranitar\n|-activate|p2a: Tyranitar|move: Protect\n|move|p1b: Clone|High Horsepower|p2b: Arcanine\n|-supereffective|p2b: Arcanine|2\n|-damage|p2b: Arcanine|0 fnt\n|faint|p2b: Arcanine\n|\n|-weather|Sandstorm|[upkeep]\n|-damage|p1a: ₮ⱧɆ ɄⱠ₮ł₥₳₮Ɇ|82/100|[from] Sandstorm\n|upkeep\n|\n|t:|1788376562\n|switch|p2b: Incineroar|Incineroar, L50, M|100/100\n|-ability|p2b: Incineroar|Intimidate|boost\n|-unboost|p1a: ₮ⱧɆ ɄⱠ₮ł₥₳₮Ɇ|atk|1\n|-unboost|p1b: Clone|atk|1\n|turn|4\n|\n|t:|1788376574\n|move|p2b: Incineroar|Fake Out|p1a: ₮ⱧɆ ɄⱠ₮ł₥₳₮Ɇ\n|-damage|p1a: ₮ⱧɆ ɄⱠ₮ł₥₳₮Ɇ|67/100\n|cant|p1a: ₮ⱧɆ ɄⱠ₮ł₥₳₮Ɇ|flinch\n|move|p1b: Clone|High Horsepower|p2a: Tyranitar\n|-supereffective|p2a: Tyranitar|1\n|-damage|p2a: Tyranitar|55/100\n|move|p2a: Tyranitar|High Horsepower|p1b: Clone\n|-supereffective|p1b: Clone|1\n|-damage|p1b: Clone|48/100\n|\n|-weather|Sandstorm|[upkeep]\n|-damage|p1a: ₮ⱧɆ ɄⱠ₮ł₥₳₮Ɇ|61/100|[from] Sandstorm\n|-damage|p2b: Incineroar|94/100|[from] Sandstorm\n|-heal|p2b: Incineroar|100/100|[from] item: Leftovers\n|upkeep\n|turn|5\n|\n|t:|1788376602\n|move|p1a: ₮ⱧɆ ɄⱠ₮ł₥₳₮Ɇ|Brick Break|p2a: Tyranitar\n|-supereffective|p2a: Tyranitar|2\n|-damage|p2a: Tyranitar|16/100\n|move|p1b: Clone|High Horsepower|p2a: Tyranitar\n|-supereffective|p2a: Tyranitar|1\n|-damage|p2a: Tyranitar|0 fnt\n|faint|p2a: Tyranitar\n|move|p2b: Incineroar|Darkest Lariat|p1a: ₮ⱧɆ ɄⱠ₮ł₥₳₮Ɇ\n|-damage|p1a: ₮ⱧɆ ɄⱠ₮ł₥₳₮Ɇ|18/100\n|\n|-weather|none\n|upkeep\n|turn|6\n|\n|t:|1788376620\n|move|p1a: ₮ⱧɆ ɄⱠ₮ł₥₳₮Ɇ|Brick Break|p2b: Incineroar\n|-supereffective|p2b: Incineroar|1\n|-damage|p2b: Incineroar|65/100\n|move|p1b: Clone|High Horsepower|p2b: Incineroar\n|-supereffective|p2b: Incineroar|1\n|-damage|p2b: Incineroar|13/100\n|move|p2b: Incineroar|Shadow Claw|p1a: ₮ⱧɆ ɄⱠ₮ł₥₳₮Ɇ\n|-damage|p1a: ₮ⱧɆ ɄⱠ₮ł₥₳₮Ɇ|0 fnt\n|faint|p1a: ₮ⱧɆ ɄⱠ₮ł₥₳₮Ɇ\n|\n|-heal|p2b: Incineroar|19/100|[from] item: Leftovers\n|upkeep\n|turn|7\n|\n|t:|1788376633\n|move|p1b: Clone|High Horsepower|p2b: Incineroar\n|-supereffective|p2b: Incineroar|1\n|-damage|p2b: Incineroar|0 fnt\n|faint|p2b: Incineroar\n|\n|win|t3001ab\n|l|☆Notabigshot\n|player|p2|\n|l|☆t3001ab\n|player|p1|\n|j|☆t3001ab\n|player|p1|t3001ab|benga|\n","uploadtime":1788376702,"views":"5","formatid":"gen9championsvgc2026regmb","rating":null,"private":0,"password":null}