{"id":"gen9championsvgc2026regmbbo3-2673754585","format":"[Gen 9 Champions] VGC 2026 Reg M-B (Bo3)","players":["CaratroncoSun","olciax34"],"log":"|j|☆CaratroncoSun\n|j|☆olciax34\n|html|<table width=\"100%\"><tr><td align=\"left\">CaratroncoSun</td><td align=\"right\">olciax34</tr><tr><td align=\"left\"><i class=\"fa fa-circle-o\"></i> <i class=\"fa fa-circle-o\"></i> </td><td align=\"right\"><i class=\"fa fa-circle-o\"></i> <i class=\"fa fa-circle\"></i> </tr></table>\n|uhtml|bestof|<h2><strong>Game 2</strong> of <a href=\"/game-bestof3-gen9championsvgc2026regmbbo3-2673753510\">a best-of-3</a></h2>\n|t:|1788248689\n|gametype|doubles\n|player|p1|CaratroncoSun|170|1343\n|player|p2|olciax34|266|1309\n|gen|9\n|tier|[Gen 9 Champions] VGC 2026 Reg M-B (Bo3)\n|rated|\n|rule|Species Clause: Limit one of each Pokémon\n|rule|Item Clause: Limit 1 of each item\n|clearpoke\n|poke|p1|Charizard, L50, M, shiny|\n|poke|p1|Venusaur, L50, F, shiny|\n|poke|p1|Whimsicott, L50, F, shiny|\n|poke|p1|Basculegion, L50, M|\n|poke|p1|Tyranitar, L50, F|\n|poke|p1|Mamoswine, L50, M|\n|poke|p2|Floette-Eternal, L50, F|\n|poke|p2|Sinistcha, L50|\n|poke|p2|Incineroar, L50, M|\n|poke|p2|Basculegion, L50, M|\n|poke|p2|Sneasler, L50, F|\n|poke|p2|Dragonite, L50, F|\n|teampreview|4\n|showteam|p1|Charizard||CharizarditeY|Blaze|Protect,SolarBeam,HeatWave,AirSlash|Modest||M|||50|]Venusaur||WideLens|Chlorophyll|Protect,GigaDrain,EarthPower,SleepPowder|Modest||F|||50|]Whimsicott||FocusSash|Prankster|Protect,Moonblast,Tailwind,Encore|Timid||F|||50|]Basculegion||MysticWater|Adaptability|Protect,AquaJet,WaveCrash,LastRespects|Adamant||M|||50|]Tyranitar||Tyranitarite|SandStream|Protect,RockSlide,KnockOff,LowKick|Adamant||F|||50|]Mamoswine||LifeOrb|Oblivious|Protect,HighHorsepower,RockSlide,IceShard|Adamant||M|||50|\n|showteam|p2|Floette-Eternal||Floettite|FlowerVeil|DazzlingGleam,DrainingKiss,CalmMind,Protect|Modest||F|||50|]Sinistcha||ColburBerry|Hospitality|MatchaGotcha,TrickRoom,RagePowder,Protect|Calm|||||50|]Incineroar||SitrusBerry|Intimidate|FlareBlitz,ThroatChop,PartingShot,FakeOut|Careful||M|||50|]Basculegion||ChoiceScarf|Adaptability|WaveCrash,FlipTurn,AquaJet,LastRespects|Jolly||M|||50|]Sneasler||FocusSash|PoisonTouch|FakeOut,PoisonJab,CloseCombat,Coaching|Jolly||F|||50|]Dragonite||Dragoninite|Multiscale|DragonPulse,HeatWave,ExtremeSpeed,Protect|Modest||F|||50|\n|inactive|Battle timer is ON: inactive players will automatically lose when time's up. (requested by olciax34)\n|\n|t:|1788248727\n|teamsize|p1|4\n|teamsize|p2|4\n|start\n|switch|p1a: Whimsicott|Whimsicott, L50, F, shiny|100/100\n|switch|p1b: Tyranitar|Tyranitar, L50, F|100/100\n|switch|p2a: Sneasler|Sneasler, L50, F|100/100\n|switch|p2b: Dragonite|Dragonite, L50, F|100/100\n|-weather|Sandstorm|[from] ability: Sand Stream|[of] p1b: Tyranitar\n|turn|1\n|inactive|olciax34 has 30 seconds left.\n|\n|t:|1788248759\n|switch|p1b: Basculegion|Basculegion, L50, M|100/100\n|detailschange|p2b: Dragonite|Dragonite-Mega, L50, F\n|-mega|p2b: Dragonite|Dragonite|Dragoninite\n|move|p1a: Whimsicott|Protect|p1a: Whimsicott\n|-singleturn|p1a: Whimsicott|Protect\n|move|p2a: Sneasler|Coaching|p2b: Dragonite\n|-boost|p2b: Dragonite|atk|1\n|-boost|p2b: Dragonite|def|1\n|move|p2b: Dragonite|Heat Wave|p1b: Basculegion|[spread] p1b\n|-activate|p1a: Whimsicott|move: Protect\n|-resisted|p1b: Basculegion|1\n|-damage|p1b: Basculegion|83/100\n|\n|-weather|Sandstorm|[upkeep]\n|-damage|p2a: Sneasler|94/100|[from] Sandstorm\n|-damage|p1a: Whimsicott|94/100|[from] Sandstorm\n|-damage|p2b: Dragonite|93/100|[from] Sandstorm\n|-damage|p1b: Basculegion|76/100|[from] Sandstorm\n|upkeep\n|turn|2\n|inactive|CaratroncoSun has 30 seconds left.\n|inactive|olciax34 has 30 seconds left.\n|\n|t:|1788248791\n|switch|p2a: Sinistcha|Sinistcha, L50|100/100\n|-heal|p2b: Dragonite|100/100|[from] ability: Hospitality|[of] p2a: Sinistcha\n|move|p1a: Whimsicott|Tailwind|p1a: Whimsicott\n|-sidestart|p1: CaratroncoSun|move: Tailwind\n|move|p1b: Basculegion|Wave Crash|p2a: Sinistcha\n|-resisted|p2a: Sinistcha|1\n|-damage|p2a: Sinistcha|55/100\n|-damage|p1b: Basculegion|63/100|[from] Recoil\n|move|p2b: Dragonite|Heat Wave|p1b: Basculegion|[spread] p1a,p1b\n|-supereffective|p1a: Whimsicott|1\n|-resisted|p1b: Basculegion|1\n|-damage|p1a: Whimsicott|0 fnt\n|-damage|p1b: Basculegion|49/100\n|faint|p1a: Whimsicott\n|\n|-weather|Sandstorm|[upkeep]\n|-damage|p1b: Basculegion|43/100|[from] Sandstorm\n|-damage|p2b: Dragonite|93/100|[from] Sandstorm\n|-damage|p2a: Sinistcha|49/100|[from] Sandstorm\n|upkeep\n|\n|t:|1788248807\n|switch|p1a: Tyranitar|Tyranitar, L50, F|100/100\n|turn|3\n|\n|t:|1788248826\n|switch|p2a: Sneasler|Sneasler, L50, F|94/100\n|move|p2b: Dragonite|Protect|p2b: Dragonite\n|-singleturn|p2b: Dragonite|Protect\n|move|p1b: Basculegion|Last Respects|p2b: Dragonite\n|-activate|p2b: Dragonite|move: Protect\n|move|p1a: Tyranitar|Rock Slide|p2a: Sneasler|[spread] p2a\n|-activate|p2b: Dragonite|move: Protect\n|-resisted|p2a: Sneasler|1\n|-damage|p2a: Sneasler|63/100\n|\n|-weather|Sandstorm|[upkeep]\n|-damage|p1b: Basculegion|36/100|[from] Sandstorm\n|-damage|p2a: Sneasler|58/100|[from] Sandstorm\n|-damage|p2b: Dragonite|87/100|[from] Sandstorm\n|upkeep\n|turn|4\n|inactive|CaratroncoSun has 30 seconds left.\n|\n|t:|1788248852\n|switch|p2a: Sinistcha|Sinistcha, L50|49/100\n|-heal|p2b: Dragonite|100/100|[from] ability: Hospitality|[of] p2a: Sinistcha\n|move|p1b: Basculegion|Last Respects|p2a: Sinistcha\n|-supereffective|p2a: Sinistcha|1\n|-damage|p2a: Sinistcha|0 fnt\n|faint|p2a: Sinistcha\n|move|p1a: Tyranitar|Rock Slide|p2b: Dragonite\n|-supereffective|p2b: Dragonite|1\n|-damage|p2b: Dragonite|76/100\n|move|p2b: Dragonite|Dragon Pulse|p1b: Basculegion\n|-damage|p1b: Basculegion|0 fnt\n|faint|p1b: Basculegion\n|\n|-weather|Sandstorm|[upkeep]\n|-damage|p2b: Dragonite|70/100|[from] Sandstorm\n|upkeep\n|\n|t:|1788248871\n|switch|p1b: Charizard|Charizard, L50, M, shiny|100/100\n|switch|p2a: Sneasler|Sneasler, L50, F|58/100\n|turn|5\n|\n|t:|1788248882\n|detailschange|p1b: Charizard|Charizard-Mega-Y, L50, M, shiny\n|-mega|p1b: Charizard|Charizard|Charizardite Y\n|-weather|SunnyDay|[from] ability: Drought|[of] p1b: Charizard\n|move|p1a: Tyranitar|Protect|p1a: Tyranitar\n|-singleturn|p1a: Tyranitar|Protect\n|move|p2a: Sneasler|Fake Out|p1a: Tyranitar\n|-activate|p1a: Tyranitar|move: Protect\n|move|p1b: Charizard|Heat Wave|p2b: Dragonite|[spread] p2b\n|-miss|p1b: Charizard|p2a: Sneasler\n|-resisted|p2b: Dragonite|1\n|-damage|p2b: Dragonite|46/100\n|move|p2b: Dragonite|Dragon Pulse|p1b: Charizard\n|-damage|p1b: Charizard|54/100\n|\n|-weather|SunnyDay|[upkeep]\n|-sideend|p1: CaratroncoSun|move: Tailwind\n|upkeep\n|turn|6\n|\n|t:|1788248904\n|move|p1a: Tyranitar|Protect||[still]\n|-fail|p1a: Tyranitar\n|move|p2a: Sneasler|Close Combat|p1a: Tyranitar\n|-supereffective|p1a: Tyranitar|2\n|-damage|p1a: Tyranitar|0 fnt\n|-unboost|p2a: Sneasler|def|1\n|-unboost|p2a: Sneasler|spd|1\n|faint|p1a: Tyranitar\n|move|p1b: Charizard|Heat Wave|p2b: Dragonite|[spread] p2a,p2b\n|-resisted|p2b: Dragonite|1\n|-damage|p2a: Sneasler|0 fnt\n|-damage|p2b: Dragonite|23/100\n|faint|p2a: Sneasler\n|move|p2b: Dragonite|Dragon Pulse|p1b: Charizard\n|-damage|p1b: Charizard|9/100\n|\n|-weather|SunnyDay|[upkeep]\n|upkeep\n|\n|t:|1788248919\n|switch|p2a: Basculegion|Basculegion, L50, M|100/100\n|turn|7\n|\n|t:|1788248924\n|move|p2b: Dragonite|Extreme Speed|p1b: Charizard\n|-damage|p1b: Charizard|0 fnt\n|faint|p1b: Charizard\n|\n|win|olciax34\n|raw|CaratroncoSun's rating: 1343 &rarr; <strong>1321</strong><br />(-22 for losing)\n|raw|olciax34's rating: 1309 &rarr; <strong>1331</strong><br />(+22 for winning)\n|l|☆CaratroncoSun\n|player|p1|\n","uploadtime":1788248924,"views":"8","formatid":"gen9championsvgc2026regmbbo3","rating":1321,"private":0,"password":null}