{"id":"gen9championsvgc2026regmb-2674773105","format":"[Gen 9 Champions] VGC 2026 Reg M-B","players":["Jerry Judewong","Sampsonwildbeast"],"log":"|j|☆Jerry Judewong\n|j|☆Sampsonwildbeast\n|t:|1788404012\n|gametype|doubles\n|player|p1|Jerry Judewong|hilbert|1417\n|player|p2|Sampsonwildbeast|2|1377\n|gen|9\n|tier|[Gen 9 Champions] VGC 2026 Reg M-B\n|rated|\n|rule|Species Clause: Limit one of each Pokémon\n|rule|Item Clause: Limit 1 of each item\n|clearpoke\n|poke|p1|Incineroar, L50, F|\n|poke|p1|Sinistcha, L50|\n|poke|p1|Floette-Eternal, L50, F|\n|poke|p1|Hydreigon, L50, F|\n|poke|p1|Volcarona, L50, M|\n|poke|p1|Milotic, L50, M|\n|poke|p2|Staraptor, L50, F|\n|poke|p2|Delphox, L50, F|\n|poke|p2|Kingambit, L50, F|\n|poke|p2|Whimsicott, L50, F|\n|poke|p2|Glimmora, L50, F|\n|poke|p2|Basculegion, L50, M|\n|teampreview|4\n|inactive|Battle timer is ON: inactive players will automatically lose when time's up. (requested by Sampsonwildbeast)\n|\n|t:|1788404040\n|teamsize|p1|4\n|teamsize|p2|4\n|start\n|switch|p1a: Hydreigon|Hydreigon, L50, F|100/100\n|switch|p1b: Volcarona|Volcarona, L50, M|100/100\n|switch|p2a: Staraptor|Staraptor, L50, F|100/100\n|switch|p2b: Whimsicott|Whimsicott, L50, F|100/100\n|-ability|p2a: Staraptor|Intimidate|boost\n|-unboost|p1a: Hydreigon|atk|1\n|-unboost|p1b: Volcarona|atk|1\n|turn|1\n|\n|t:|1788404059\n|switch|p1a: Sinistcha|Sinistcha, L50|100/100\n|detailschange|p2a: Staraptor|Staraptor-Mega, L50, F\n|-mega|p2a: Staraptor|Staraptor|Staraptite\n|move|p2b: Whimsicott|Tailwind|p2b: Whimsicott\n|-sidestart|p2: Sampsonwildbeast|move: Tailwind\n|move|p2a: Staraptor|Close Combat|p1a: Sinistcha\n|-immune|p1a: Sinistcha\n|move|p1b: Volcarona|Quiver Dance|p1b: Volcarona\n|-boost|p1b: Volcarona|spa|1\n|-boost|p1b: Volcarona|spd|1\n|-boost|p1b: Volcarona|spe|1\n|\n|upkeep\n|turn|2\n|inactive|Jerry Judewong has 30 seconds left.\n|inactive|Sampsonwildbeast has 30 seconds left.\n|\n|t:|1788404086\n|move|p1a: Sinistcha|Rage Powder|p1a: Sinistcha\n|-singleturn|p1a: Sinistcha|move: Rage Powder\n|move|p2b: Whimsicott|Light Screen|p2b: Whimsicott\n|-sidestart|p2: Sampsonwildbeast|move: Light Screen\n|move|p2a: Staraptor|Brave Bird|p1a: Sinistcha\n|-supereffective|p1a: Sinistcha|1\n|-damage|p1a: Sinistcha|0 fnt\n|faint|p1a: Sinistcha\n|-damage|p2a: Staraptor|69/100|[from] Recoil\n|move|p1b: Volcarona|Heat Wave|p2b: Whimsicott|[spread] p2a,p2b\n|-supereffective|p2b: Whimsicott|1\n|-enditem|p2b: Whimsicott|Occa Berry|[eat]\n|-enditem|p2b: Whimsicott|Occa Berry|[weaken]\n|-damage|p2a: Staraptor|36/100\n|-damage|p2b: Whimsicott|40/100\n|\n|upkeep\n|\n|t:|1788404100\n|switch|p1a: Floette|Floette-Eternal, L50, F|100/100\n|turn|3\n|\n|t:|1788404115\n|detailschange|p1a: Floette|Floette-Mega, L50, F\n|-mega|p1a: Floette|Floette|Floettite\n|-ability|p1a: Floette|Fairy Aura\n|move|p1b: Volcarona|Protect|p1b: Volcarona\n|-singleturn|p1b: Volcarona|Protect\n|move|p2b: Whimsicott|Moonblast|p1a: Floette\n|-damage|p1a: Floette|61/100\n|-unboost|p1a: Floette|spa|1\n|move|p2a: Staraptor|Brave Bird|p1b: Volcarona\n|-activate|p1b: Volcarona|move: Protect\n|move|p1a: Floette|Dazzling Gleam|p2b: Whimsicott|[spread] p2a,p2b\n|-supereffective|p2a: Staraptor|1\n|-crit|p2b: Whimsicott\n|-damage|p2a: Staraptor|0 fnt\n|-damage|p2b: Whimsicott|0 fnt\n|faint|p2a: Staraptor\n|faint|p2b: Whimsicott\n|\n|upkeep\n|\n|t:|1788404133\n|switch|p2b: Glimmora|Glimmora, L50, F|100/100\n|switch|p2a: Kingambit|Kingambit, L50, F|100/100\n|turn|4\n|\n|t:|1788404154\n|move|p2b: Glimmora|Power Gem|p1b: Volcarona\n|-supereffective|p1b: Volcarona|2\n|-enditem|p1b: Volcarona|Charti Berry|[eat]\n|-enditem|p1b: Volcarona|Charti Berry|[weaken]\n|-damage|p1b: Volcarona|40/100\n|move|p1b: Volcarona|Heat Wave|p2a: Kingambit|[spread] p2a,p2b\n|-supereffective|p2a: Kingambit|1\n|-resisted|p2b: Glimmora|1\n|-damage|p2a: Kingambit|29/100\n|-damage|p2b: Glimmora|77/100\n|move|p1a: Floette|Dazzling Gleam|p2b: Glimmora|[spread] p2a,p2b\n|-resisted|p2b: Glimmora|1\n|-damage|p2a: Kingambit|12/100\n|-damage|p2b: Glimmora|66/100\n|move|p2a: Kingambit|Iron Head|p1a: Floette\n|-supereffective|p1a: Floette|1\n|-damage|p1a: Floette|0 fnt\n|faint|p1a: Floette\n|\n|-sideend|p2: Sampsonwildbeast|move: Tailwind\n|upkeep\n|\n|t:|1788404171\n|switch|p1a: Hydreigon|Hydreigon, L50, F|100/100\n|turn|5\n|\n|t:|1788404186\n|move|p1a: Hydreigon|Dark Pulse|p2a: Kingambit\n|-resisted|p2a: Kingambit|1\n|-damage|p2a: Kingambit|0 fnt\n|faint|p2a: Kingambit\n|move|p1b: Volcarona|Giga Drain|p2b: Glimmora\n|-damage|p2b: Glimmora|32/100\n|-heal|p1b: Volcarona|56/100|[from] drain|[of] p2b: Glimmora\n|move|p2b: Glimmora|Power Gem|p2: Kingambit|[notarget]\n|-fail|p2b: Glimmora\n|\n|upkeep\n|turn|6\n|\n|t:|1788404199\n|move|p1a: Hydreigon|Dark Pulse|p2b: Glimmora\n|-damage|p2b: Glimmora|0 fnt\n|faint|p2b: Glimmora\n|\n|win|Jerry Judewong\n|raw|Jerry Judewong's rating: 1417 &rarr; <strong>1435</strong><br />(+18 for winning)\n|raw|Sampsonwildbeast's rating: 1377 &rarr; <strong>1359</strong><br />(-18 for losing)\n|l|☆Sampsonwildbeast\n|player|p2|\n","uploadtime":1788404211,"views":"17","formatid":"gen9championsvgc2026regmb","rating":1359,"private":0,"password":null}