{"id":"gen9championsvgc2026regmbbo3-2673646518","format":"[Gen 9 Champions] VGC 2026 Reg M-B (Bo3)","players":["ilyKuronaa","no_dupes"],"log":"|j|☆ilyKuronaa\n|j|☆no_dupes\n|html|<table width=\"100%\"><tr><td align=\"left\">ilyKuronaa</td><td align=\"right\">no_dupes</tr><tr><td align=\"left\"><i class=\"fa fa-circle-o\"></i> <i class=\"fa fa-circle-o\"></i> </td><td align=\"right\"><i class=\"fa fa-circle-o\"></i> <i class=\"fa fa-circle-o\"></i> </tr></table>\n|uhtml|bestof|<h2><strong>Game 1</strong> of <a href=\"/game-bestof3-gen9championsvgc2026regmbbo3-2673646517\">a best-of-3</a></h2>\n|t:|1788226553\n|gametype|doubles\n|player|p1|ilyKuronaa|170|1253\n|player|p2|no_dupes|brock-gen2|1147\n|gen|9\n|tier|[Gen 9 Champions] VGC 2026 Reg M-B (Bo3)\n|rated|\n|rule|Species Clause: Limit one of each Pokémon\n|rule|Item Clause: Limit 1 of each item\n|clearpoke\n|poke|p1|Floette-Eternal, L50, F|\n|poke|p1|Basculegion, L50, M|\n|poke|p1|Kingambit, L50, M|\n|poke|p1|Dragonite, L50, M|\n|poke|p1|Garchomp, L50, M|\n|poke|p1|Sneasler, L50, F|\n|poke|p2|Charizard, L50, M, shiny|\n|poke|p2|Pelipper, L50, F|\n|poke|p2|Archaludon, L50, M|\n|poke|p2|Venusaur, L50, M|\n|poke|p2|Swampert, L50, M|\n|poke|p2|Grimmsnarl, L50, M|\n|teampreview|4\n|showteam|p1|Floette-Eternal||Floettite|FlowerVeil|Moonblast,DazzlingGleam,LightofRuin,Protect|Timid||F|||50|]Basculegion||LifeOrb|Adaptability|WaveCrash,LastRespects,AquaJet,Protect|Adamant||M|||50|]Kingambit||ChopleBerry|Defiant|SuckerPunch,KowtowCleave,LowKick,IronHead|Adamant||M|||50|]Dragonite||Dragoninite|Multiscale|DragonPulse,HeatWave,ExtremeSpeed,Protect|Modest||M|||50|]Garchomp||ChoiceScarf|RoughSkin|DragonClaw,StompingTantrum,Earthquake,RockSlide|Jolly||M|||50|]Sneasler||FocusSash|Unburden|CloseCombat,DireClaw,FakeOut,Feint|Adamant||F|||50|\n|showteam|p2|Charizard||CharizarditeY|Blaze|Protect,HeatWave,WeatherBall,Hurricane|Modest||M|||50|]Pelipper||SitrusBerry|Drizzle|Hurricane,WeatherBall,Tailwind,WideGuard|Bold||F|||50|]Archaludon||Leftovers|Stamina|Protect,ElectroShot,DragonPulse,FlashCannon|Calm||M|||50|]Venusaur||FocusSash|Chlorophyll|Protect,SleepPowder,SludgeBomb,LeafStorm|Modest||M|||50|]Swampert||Swampertite|Torrent|Protect,WaveCrash,Earthquake,IcePunch|Adamant||M|||50|]Grimmsnarl||LightClay|Prankster|SpiritBreak,Reflect,LightScreen,PartingShot|Sassy||M|||50|\n|inactive|Battle timer is ON: inactive players will automatically lose when time's up. (requested by no_dupes)\n|\n|t:|1788226601\n|teamsize|p1|4\n|teamsize|p2|4\n|start\n|switch|p1a: Sneasler|Sneasler, L50, F|100/100\n|switch|p1b: Garchomp|Garchomp, L50, M|100/100\n|switch|p2a: Swamp Ting|Swampert, L50, M|100/100\n|switch|p2b: GNARLY SHIRK|Grimmsnarl, L50, M|100/100\n|turn|1\n|\n|t:|1788226622\n|move|p2a: Swamp Ting|Protect|p2a: Swamp Ting\n|-singleturn|p2a: Swamp Ting|Protect\n|move|p2b: GNARLY SHIRK|Reflect|p2b: GNARLY SHIRK\n|-sidestart|p2: no_dupes|Reflect\n|move|p1b: Garchomp|Dragon Claw|p2a: Swamp Ting\n|-activate|p2a: Swamp Ting|move: Protect\n|move|p1a: Sneasler|Dire Claw|p2b: GNARLY SHIRK\n|-supereffective|p2b: GNARLY SHIRK|1\n|-crit|p2b: GNARLY SHIRK\n|-damage|p2b: GNARLY SHIRK|0 fnt\n|faint|p2b: GNARLY SHIRK\n|\n|upkeep\n|\n|t:|1788226628\n|switch|p2b: Pelial|Pelipper, L50, F|100/100\n|-weather|RainDance|[from] ability: Drizzle|[of] p2b: Pelial\n|turn|2\n|\n|t:|1788226645\n|detailschange|p2a: Swamp Ting|Swampert-Mega, L50, M\n|-mega|p2a: Swamp Ting|Swampert|Swampertite\n|move|p1b: Garchomp|Dragon Claw|p2a: Swamp Ting\n|-damage|p2a: Swamp Ting|76/100\n|move|p2a: Swamp Ting|Earthquake|p1a: Sneasler|[spread] p1a,p1b\n|-immune|p2b: Pelial\n|-supereffective|p1a: Sneasler|1\n|-enditem|p1a: Sneasler|Focus Sash\n|-damage|p1a: Sneasler|1/100\n|-damage|p1b: Garchomp|54/100\n|move|p1a: Sneasler|Dire Claw|p2a: Swamp Ting\n|-resisted|p2a: Swamp Ting|1\n|-damage|p2a: Swamp Ting|64/100\n|move|p2b: Pelial|Weather Ball|p1a: Sneasler\n|-damage|p1a: Sneasler|0 fnt\n|faint|p1a: Sneasler\n|\n|-weather|RainDance|[upkeep]\n|upkeep\n|\n|t:|1788226659\n|switch|p1a: Kingambit|Kingambit, L50, M|100/100\n|turn|3\n|\n|t:|1788226668\n|move|p2a: Swamp Ting|Protect|p2a: Swamp Ting\n|-singleturn|p2a: Swamp Ting|Protect\n|move|p1a: Kingambit|Sucker Punch||[still]\n|-fail|p1a: Kingambit\n|move|p1b: Garchomp|Dragon Claw|p2a: Swamp Ting\n|-activate|p2a: Swamp Ting|move: Protect\n|move|p2b: Pelial|Tailwind|p2b: Pelial\n|-sidestart|p2: no_dupes|move: Tailwind\n|\n|-weather|RainDance|[upkeep]\n|upkeep\n|turn|4\n|\n|t:|1788226674\n|move|p1a: Kingambit|Sucker Punch|p2a: Swamp Ting\n|-damage|p2a: Swamp Ting|43/100\n|move|p2a: Swamp Ting|Earthquake|p1b: Garchomp|[spread] p1a,p1b\n|-immune|p2b: Pelial\n|-supereffective|p1a: Kingambit|1\n|-damage|p1a: Kingambit|30/100\n|-damage|p1b: Garchomp|9/100\n|move|p1b: Garchomp|Dragon Claw|p2a: Swamp Ting\n|-damage|p2a: Swamp Ting|20/100y\n|move|p2b: Pelial|Weather Ball|p1b: Garchomp\n|-damage|p1b: Garchomp|0 fnt\n|faint|p1b: Garchomp\n|\n|-weather|RainDance|[upkeep]\n|upkeep\n|\n|t:|1788226679\n|switch|p1b: Dragonite|Dragonite, L50, M|100/100\n|turn|5\n|\n|t:|1788226700\n|detailschange|p1b: Dragonite|Dragonite-Mega, L50, M\n|-mega|p1b: Dragonite|Dragonite|Dragoninite\n|move|p2a: Swamp Ting|Protect|p2a: Swamp Ting\n|-singleturn|p2a: Swamp Ting|Protect\n|move|p1a: Kingambit|Sucker Punch|p2b: Pelial\n|-damage|p2b: Pelial|74/100\n|move|p2b: Pelial|Weather Ball|p1a: Kingambit\n|-damage|p1a: Kingambit|0 fnt\n|faint|p1a: Kingambit\n|move|p1b: Dragonite|Dragon Pulse|p2b: Pelial\n|-damage|p2b: Pelial|16/100\n|-enditem|p2b: Pelial|Sitrus Berry|[eat]\n|-heal|p2b: Pelial|40/100|[from] item: Sitrus Berry\n|\n|-weather|RainDance|[upkeep]\n|upkeep\n|turn|6\n|\n|t:|1788226710\n|switch|p2b: Barbatos|Archaludon, L50, M|100/100\n|move|p1b: Dragonite|Extreme Speed|p2a: Swamp Ting\n|-damage|p2a: Swamp Ting|10/100\n|move|p2a: Swamp Ting|Ice Punch|p1b: Dragonite\n|-supereffective|p1b: Dragonite|2\n|-damage|p1b: Dragonite|46/100\n|\n|-weather|none\n|-sideend|p2: no_dupes|move: Tailwind\n|upkeep\n|turn|7\n|\n|t:|1788226723\n|move|p1b: Dragonite|Heat Wave|p2a: Swamp Ting|[spread] p2a,p2b\n|-resisted|p2a: Swamp Ting|1\n|-damage|p2a: Swamp Ting|0 fnt\n|-damage|p2b: Barbatos|73/100\n|-ability|p2b: Barbatos|Stamina|boost\n|-boost|p2b: Barbatos|def|1\n|faint|p2a: Swamp Ting\n|move|p2b: Barbatos|Dragon Pulse|p1b: Dragonite\n|-supereffective|p1b: Dragonite|1\n|-damage|p1b: Dragonite|0 fnt\n|faint|p1b: Dragonite\n|\n|win|no_dupes\n","uploadtime":1788226723,"views":"0","formatid":"gen9championsvgc2026regmbbo3","rating":null,"private":0,"password":null}