{"id":"gen9championsvgc2026regmb-2674123063","format":"[Gen 9 Champions] VGC 2026 Reg M-B","players":["HospitalityCheck","theadonia"],"log":"|j|☆HospitalityCheck\n|j|☆theadonia\n|t:|1788302468\n|gametype|doubles\n|player|p1|HospitalityCheck|2|1101\n|player|p2|theadonia|caitlin|1023\n|gen|9\n|tier|[Gen 9 Champions] VGC 2026 Reg M-B\n|rated|\n|rule|Species Clause: Limit one of each Pokémon\n|rule|Item Clause: Limit 1 of each item\n|clearpoke\n|poke|p1|Metagross, L50|\n|poke|p1|Incineroar, L50, F|\n|poke|p1|Sinistcha, L50|\n|poke|p1|Whimsicott, L50, F|\n|poke|p1|Garchomp, L50, F|\n|poke|p1|Kingambit, L50, F|\n|poke|p2|Staraptor, L50, M|\n|poke|p2|Malamar, L50, F|\n|poke|p2|Whimsicott, L50, M|\n|poke|p2|Jolteon, L50, F|\n|poke|p2|Talonflame, L50, F|\n|poke|p2|Milotic, L50, F, shiny|\n|teampreview|4\n|inactive|Battle timer is ON: inactive players will automatically lose when time's up. (requested by HospitalityCheck)\nHospitalityCheck has agreed to open team sheets.\n|inactive|theadonia has 60 seconds left.\n|\n|t:|1788302504\n|teamsize|p1|4\n|teamsize|p2|4\n|start\n|switch|p1a: Metagross|Metagross, L50|100/100\n|switch|p1b: Incineroar|Incineroar, L50, F|100/100\n|switch|p2a: Milotic|Milotic, L50, F, shiny|100/100\n|switch|p2b: Jolteon|Jolteon, L50, F|100/100\n|-ability|p1b: Incineroar|Intimidate|boost\n|-unboost|p2a: Milotic|atk|1\n|-ability|p2a: Milotic|Competitive|boost\n|-boost|p2a: Milotic|spa|2\n|-unboost|p2b: Jolteon|atk|1\n|turn|1\n|\n|t:|1788302522\n|detailschange|p1a: Metagross|Metagross-Mega, L50\n|-mega|p1a: Metagross|Metagross|Metagrossite\n|move|p1b: Incineroar|Fake Out|p2a: Milotic\n|-damage|p2a: Milotic|91/100\n|move|p1a: Metagross|Psychic Fangs|p2b: Jolteon|[miss]\n|-miss|p1a: Metagross|p2b: Jolteon\n|cant|p2a: Milotic|flinch\n|move|p2b: Jolteon|Roar|p1a: Metagross\n|drag|p1a: Sinistcha|Sinistcha, L50|100/100\n|\n|-heal|p2a: Milotic|97/100|[from] item: Leftovers\n|upkeep\n|turn|2\n|\n|t:|1788302538\n|switch|p1a: Metagross|Metagross-Mega, L50|100/100\n|switch|p1b: Garchomp|Garchomp, L50, F|100/100\n|move|p2b: Jolteon|Metal Sound|p1a: Metagross\n|-unboost|p1a: Metagross|spd|2\n|move|p2a: Milotic|Icy Wind|p1b: Garchomp|[spread] p1a,p1b\n|-resisted|p1a: Metagross|1\n|-supereffective|p1b: Garchomp|2\n|-damage|p1a: Metagross|80/100\n|-damage|p1b: Garchomp|9/100\n|-unboost|p1a: Metagross|spe|1\n|-unboost|p1b: Garchomp|spe|1\n|\n|-heal|p2a: Milotic|100/100|[from] item: Leftovers\n|upkeep\n|turn|3\n|\n|t:|1788302558\n|move|p1a: Metagross|Protect|p1a: Metagross\n|-singleturn|p1a: Metagross|Protect\n|move|p2b: Jolteon|Electroweb|p1b: Garchomp|[spread] \n|-activate|p1a: Metagross|move: Protect\n|-immune|p1b: Garchomp\n|move|p1b: Garchomp|Earthquake|p2a: Milotic|[spread] p2a,p2b\n|-activate|p1a: Metagross|move: Protect\n|-supereffective|p2b: Jolteon|1\n|-damage|p2a: Milotic|62/100\n|-damage|p2b: Jolteon|0 fnt\n|faint|p2b: Jolteon\n|-damage|p1b: Garchomp|0 fnt|[from] item: Life Orb\n|faint|p1b: Garchomp\n|move|p2a: Milotic|Icy Wind|p1a: Metagross\n|-activate|p1a: Metagross|move: Protect\n|\n|-heal|p2a: Milotic|68/100|[from] item: Leftovers\n|upkeep\n|\n|t:|1788302567\n|switch|p2b: Staraptor|Staraptor, L50, M|100/100\n|switch|p1b: Sinistcha|Sinistcha, L50|100/100\n|-ability|p2b: Staraptor|Intimidate|boost\n|-unboost|p1a: Metagross|atk|1\n|-unboost|p1b: Sinistcha|atk|1\n|-heal|p1a: Metagross|100/100|[from] ability: Hospitality|[of] p1b: Sinistcha\n|turn|4\n|\n|t:|1788302578\n|switch|p1b: Incineroar|Incineroar, L50, F|100/100\n|-ability|p1b: Incineroar|Intimidate|boost\n|-unboost|p2a: Milotic|atk|1\n|-ability|p2a: Milotic|Competitive|boost\n|-boost|p2a: Milotic|spa|2\n|-unboost|p2b: Staraptor|atk|1\n|detailschange|p2b: Staraptor|Staraptor-Mega, L50, M\n|-mega|p2b: Staraptor|Staraptor|Staraptite\n|move|p2b: Staraptor|Blaze Kick|p1b: Incineroar\n|-resisted|p1b: Incineroar|1\n|-crit|p1b: Incineroar\n|-damage|p1b: Incineroar|76/100\n|move|p1a: Metagross|Psychic Fangs|p2b: Staraptor\n|-supereffective|p2b: Staraptor|1\n|-damage|p2b: Staraptor|10/100\n|move|p2a: Milotic|Icy Wind|p1b: Incineroar|[spread] p1a,p1b\n|-resisted|p1a: Metagross|1\n|-resisted|p1b: Incineroar|1\n|-damage|p1a: Metagross|71/100\n|-damage|p1b: Incineroar|64/100\n|-unboost|p1a: Metagross|spe|1\n|-unboost|p1b: Incineroar|spe|1\n|\n|-heal|p2a: Milotic|74/100|[from] item: Leftovers\n|upkeep\n|turn|5\n|\n|t:|1788302586\n|switch|p2b: Talonflame|Talonflame, L50, F|100/100\n|move|p1a: Metagross|Protect|p1a: Metagross\n|-singleturn|p1a: Metagross|Protect\n|move|p2a: Milotic|Scald|p1a: Metagross\n|-activate|p1a: Metagross|move: Protect\n|move|p1b: Incineroar|Throat Chop|p2b: Talonflame\n|-damage|p2b: Talonflame|60/100\n|-start|p2b: Talonflame|Throat Chop|[silent]\n|\n|-heal|p2a: Milotic|80/100|[from] item: Leftovers\n|upkeep\n|turn|6\n|\n|t:|1788302601\n|move|p2b: Talonflame|Tailwind|p2b: Talonflame\n|-sidestart|p2: theadonia|move: Tailwind\n|move|p2a: Milotic|Icy Wind|p1b: Incineroar|[spread] p1a,p1b\n|-resisted|p1a: Metagross|1\n|-resisted|p1b: Incineroar|1\n|-damage|p1a: Metagross|38/100\n|-damage|p1b: Incineroar|54/100\n|-unboost|p1a: Metagross|spe|1\n|-unboost|p1b: Incineroar|spe|1\n|move|p1a: Metagross|Psychic Fangs|p2b: Talonflame\n|-damage|p2b: Talonflame|6/100\n|move|p1b: Incineroar|Throat Chop|p2a: Milotic\n|-damage|p2a: Milotic|54/100\n|-start|p2a: Milotic|Throat Chop|[silent]\n|\n|-heal|p2a: Milotic|60/100|[from] item: Leftovers\n|-end|p2b: Talonflame|Throat Chop|[silent]\n|upkeep\n|turn|7\n|\n|t:|1788302609\n|move|p1a: Metagross|Protect|p1a: Metagross\n|-singleturn|p1a: Metagross|Protect\n|move|p2b: Talonflame|Feather Dance|p1a: Metagross\n|-activate|p1a: Metagross|move: Protect\n|move|p2a: Milotic|Scald|p1b: Incineroar\n|-supereffective|p1b: Incineroar|1\n|-damage|p1b: Incineroar|0 fnt\n|faint|p1b: Incineroar\n|\n|-heal|p2a: Milotic|66/100|[from] item: Leftovers\n|-end|p2a: Milotic|Throat Chop|[silent]\n|upkeep\n|\n|t:|1788302610\n|switch|p1b: Sinistcha|Sinistcha, L50|100/100\n|-heal|p1a: Metagross|63/100|[from] ability: Hospitality|[of] p1b: Sinistcha\n|turn|8\n|\n|t:|1788302621\n|move|p1b: Sinistcha|Rage Powder|p1b: Sinistcha\n|-singleturn|p1b: Sinistcha|move: Rage Powder\n|move|p2b: Talonflame|Dual Wingbeat|p1b: Sinistcha\n|-supereffective|p1b: Sinistcha|1\n|-damage|p1b: Sinistcha|79/100\n|-supereffective|p1b: Sinistcha|1\n|-damage|p1b: Sinistcha|59/100\n|-hitcount|p1b: Sinistcha|2\n|move|p2a: Milotic|Icy Wind|p1a: Metagross|[spread] p1a,p1b\n|-resisted|p1a: Metagross|1\n|-supereffective|p1b: Sinistcha|1\n|-damage|p1a: Metagross|31/100\n|-damage|p1b: Sinistcha|5/100\n|-unboost|p1a: Metagross|spe|1\n|-unboost|p1b: Sinistcha|spe|1\n|move|p1a: Metagross|Psychic Fangs|p2a: Milotic\n|-damage|p2a: Milotic|33/100\n|\n|-heal|p2a: Milotic|39/100|[from] item: Leftovers\n|-heal|p1b: Sinistcha|11/100|[from] item: Leftovers\n|upkeep\n|turn|9\n|\n|t:|1788302634\n|move|p1b: Sinistcha|Rage Powder|p1b: Sinistcha\n|-singleturn|p1b: Sinistcha|move: Rage Powder\n|move|p2b: Talonflame|Dual Wingbeat|p1b: Sinistcha\n|-supereffective|p1b: Sinistcha|1\n|-damage|p1b: Sinistcha|0 fnt\n|faint|p1b: Sinistcha\n|-hitcount|p1: Sinistcha|1\n|move|p2a: Milotic|Icy Wind|p1a: Metagross\n|-resisted|p1a: Metagross|1\n|-damage|p1a: Metagross|0 fnt\n|faint|p1a: Metagross\n|\n|win|theadonia\n|raw|HospitalityCheck's rating: 1101 &rarr; <strong>1070</strong><br />(-31 for losing)\n|raw|theadonia's rating: 1023 &rarr; <strong>1068</strong><br />(+45 for winning)\n|l|☆HospitalityCheck\n|player|p1|\n","uploadtime":1788302648,"views":"3","formatid":"gen9championsvgc2026regmb","rating":1068,"private":0,"password":null}