{"id":"gen9championsvgc2026regmb-2674365631","format":"[Gen 9 Champions] VGC 2026 Reg M-B","players":["reggie1000","PokemonRangerJon"],"log":"|j|☆reggie1000\n|j|☆PokemonRangerJon\n|t:|1788349617\n|gametype|doubles\n|player|p1|reggie1000|102|1177\n|player|p2|PokemonRangerJon|pokemonranger-gen4|1147\n|gen|9\n|tier|[Gen 9 Champions] VGC 2026 Reg M-B\n|rated|\n|rule|Species Clause: Limit one of each Pokémon\n|rule|Item Clause: Limit 1 of each item\n|clearpoke\n|poke|p1|Tauros-Paldea-Blaze, L50, M|\n|poke|p1|Meowscarada, L50, M|\n|poke|p1|Glalie, L50, F|\n|poke|p1|Starmie, L50|\n|poke|p1|Gholdengo, L50|\n|poke|p1|Mamoswine, L50, F|\n|poke|p2|Lycanroc-Dusk, L50, M|\n|poke|p2|Milotic, L50, M|\n|poke|p2|Froslass, L50, F|\n|poke|p2|Kingambit, L50, M|\n|poke|p2|Excadrill, L50, F|\n|poke|p2|Gholdengo, L50|\n|teampreview|4\n|inactive|Battle timer is ON: inactive players will automatically lose when time's up. (requested by PokemonRangerJon)\nPokemonRangerJon rejected open team sheets.\n|\n|t:|1788349635\n|teamsize|p1|4\n|teamsize|p2|4\n|start\n|switch|p1a: Tauros|Tauros-Paldea-Blaze, L50, M|100/100\n|switch|p1b: Meowscarada|Meowscarada, L50, M|100/100\n|switch|p2a: Kingambit|Kingambit, L50, M|100/100\n|switch|p2b: Froslass|Froslass, L50, F|100/100\n|turn|1\n|inactive|PokemonRangerJon has 30 seconds left.\n|inactive|PokemonRangerJon has 20 seconds left.\n|inactive|PokemonRangerJon has 15 seconds left.\n|\n|t:|1788349675\n|move|p1b: Meowscarada|Flower Trick|p1a: Tauros\n|-resisted|p1a: Tauros|1\n|-crit|p1a: Tauros\n|-damage|p1a: Tauros|85/100\n|-setboost|p1a: Tauros|atk|6|[from] ability: Anger Point\n|move|p2b: Froslass|Blizzard|p1b: Meowscarada|[spread] p1a,p1b\n|-resisted|p1a: Tauros|1\n|-supereffective|p1b: Meowscarada|1\n|-damage|p1a: Tauros|62/100\n|-damage|p1b: Meowscarada|21/100\n|move|p1a: Tauros|Flame Charge|p2b: Froslass\n|-supereffective|p2b: Froslass|1\n|-damage|p2b: Froslass|0 fnt\n|-boost|p1a: Tauros|spe|1\n|faint|p2b: Froslass\n|move|p2a: Kingambit|Iron Head|p1b: Meowscarada\n|-damage|p1b: Meowscarada|0 fnt\n|faint|p1b: Meowscarada\n|\n|upkeep\n|\n|t:|1788349693\n|switch|p1b: Mamoswine|Mamoswine, L50, F|100/100\n|switch|p2b: Milotic|Milotic, L50, M|100/100\n|turn|2\n|\n|t:|1788349708\n|move|p1a: Tauros|Protect|p1a: Tauros\n|-singleturn|p1a: Tauros|Protect\n|move|p2a: Kingambit|Protect|p2a: Kingambit\n|-singleturn|p2a: Kingambit|Protect\n|move|p1b: Mamoswine|High Horsepower|p2b: Milotic\n|-damage|p2b: Milotic|43/100\n|move|p2b: Milotic|Ice Beam|p1b: Mamoswine\n|-damage|p1b: Mamoswine|82/100\n|\n|-heal|p2b: Milotic|49/100|[from] item: Leftovers\n|upkeep\n|turn|3\n|\n|t:|1788349721\n|move|p2b: Milotic|Protect|p2b: Milotic\n|-singleturn|p2b: Milotic|Protect\n|move|p2a: Kingambit|Sucker Punch|p1a: Tauros\n|-resisted|p1a: Tauros|1\n|-damage|p1a: Tauros|41/100\n|-enditem|p1a: Tauros|Sitrus Berry|[eat]\n|-heal|p1a: Tauros|66/100|[from] item: Sitrus Berry\n|move|p1a: Tauros|Raging Bull|p2a: Kingambit\n|-supereffective|p2a: Kingambit|1\n|-damage|p2a: Kingambit|0 fnt\n|faint|p2a: Kingambit\n|move|p1b: Mamoswine|High Horsepower|p2b: Milotic\n|-activate|p2b: Milotic|move: Protect\n|\n|-heal|p2b: Milotic|54/100|[from] item: Leftovers\n|upkeep\n|\n|t:|1788349721\n|switch|p2a: Lycanroc|Lycanroc-Dusk, L50, M|100/100\n|turn|4\n|\n|t:|1788349731\n|move|p2a: Lycanroc|Protect|p2a: Lycanroc\n|-singleturn|p2a: Lycanroc|Protect\n|move|p2b: Milotic|Protect||[still]\n|-fail|p2b: Milotic\n|move|p1b: Mamoswine|High Horsepower|p2a: Lycanroc\n|-activate|p2a: Lycanroc|move: Protect\n|move|p1a: Tauros|Rock Slide|p2a: Lycanroc|[spread] p2b\n|-activate|p2a: Lycanroc|move: Protect\n|-damage|p2b: Milotic|0 fnt\n|faint|p2b: Milotic\n|\n|upkeep\n|turn|5\n|\n|t:|1788349737\n|move|p1a: Tauros|Rock Slide|p2a: Lycanroc\n|-damage|p2a: Lycanroc|0 fnt\n|faint|p2a: Lycanroc\n|\n|win|reggie1000\n|raw|reggie1000's rating: 1177 &rarr; <strong>1200</strong><br />(+23 for winning)\n|raw|PokemonRangerJon's rating: 1147 &rarr; <strong>1124</strong><br />(-23 for losing)\n","uploadtime":1788349740,"views":"8","formatid":"gen9championsvgc2026regmb","rating":1124,"private":0,"password":null}