{"id":"gen9championsvgc2026regmb-2674484985","format":"[Gen 9 Champions] VGC 2026 Reg M-B","players":["bodeylee","Meed"],"log":"|j|☆bodeylee\n|j|☆Meed\n|t:|1788365323\n|gametype|doubles\n|player|p1|bodeylee|170|1131\n|player|p2|Meed|lady-gen4|1221\n|gen|9\n|tier|[Gen 9 Champions] VGC 2026 Reg M-B\n|rated|\n|rule|Species Clause: Limit one of each Pokémon\n|rule|Item Clause: Limit 1 of each item\n|clearpoke\n|poke|p1|Whimsicott, L50, M|\n|poke|p1|Tyranitar, L50, M|\n|poke|p1|Garchomp, L50, M|\n|poke|p1|Garganacl, L50, F|\n|poke|p1|Sandaconda, L50, M|\n|poke|p1|Chimecho, L50, M|\n|poke|p2|Rotom-Wash, L50|\n|poke|p2|Sableye, L50, F|\n|poke|p2|Garchomp, L50, M|\n|poke|p2|Corviknight, L50, F|\n|poke|p2|Gardevoir, L50, F|\n|poke|p2|Arcanine-Hisui, L50, M|\n|teampreview|4\n|inactive|Battle timer is ON: inactive players will automatically lose when time's up. (requested by Meed)\n|\n|t:|1788365356\n|teamsize|p1|4\n|teamsize|p2|4\n|start\n|switch|p1a: Sandaconda|Sandaconda, L50, M|100/100\n|switch|p1b: Whimsicott|Whimsicott, L50, M|100/100\n|switch|p2a: Sableye|Sableye, L50, F|100/100\n|switch|p2b: Corviknight|Corviknight, L50, F|100/100\n|turn|1\n|\n|t:|1788365377\n|move|p2a: Sableye|Will-O-Wisp|p1a: Sandaconda\n|-status|p1a: Sandaconda|brn\n|move|p1b: Whimsicott|Moonblast|p2a: Sableye\n|-supereffective|p2a: Sableye|1\n|-damage|p2a: Sableye|12/100\n|move|p1a: Sandaconda|Sand Tomb|p2a: Sableye\n|-damage|p2a: Sableye|5/100\n|-activate|p2a: Sableye|move: Sand Tomb|[of] p1a: Sandaconda\n|move|p2b: Corviknight|Iron Head|p1b: Whimsicott\n|-supereffective|p1b: Whimsicott|1\n|-damage|p1b: Whimsicott|20/100y\n|-damage|p2b: Corviknight|90/100|[from] item: Life Orb\n|\n|-damage|p1a: Sandaconda|93/100 brn|[from] brn\n|-damage|p2a: Sableye|0 fnt|[from] move: Sand Tomb|[partiallytrapped]\n|faint|p2a: Sableye\n|upkeep\n|\n|t:|1788365394\n|switch|p2a: Garchomp|Garchomp, L50, M|100/100\n|turn|2\n|\n|t:|1788365406\n|move|p2a: Garchomp|Earthquake|p1a: Sandaconda|[spread] p1a,p1b\n|-immune|p2b: Corviknight\n|-resisted|p1b: Whimsicott|1\n|-damage|p1a: Sandaconda|63/100 brn\n|-damage|p1b: Whimsicott|2/100\n|-weather|Sandstorm|[from] ability: Sand Spit|[of] p1a: Sandaconda\n|move|p1b: Whimsicott|Moonblast|p2a: Garchomp\n|-supereffective|p2a: Garchomp|1\n|-damage|p2a: Garchomp|41/100\n|move|p1a: Sandaconda|Coil|p1a: Sandaconda\n|-boost|p1a: Sandaconda|atk|1\n|-boost|p1a: Sandaconda|def|1\n|-boost|p1a: Sandaconda|accuracy|1\n|move|p2b: Corviknight|Tailwind|p2b: Corviknight\n|-sidestart|p2: Meed|move: Tailwind\n|\n|-weather|Sandstorm|[upkeep]\n|-damage|p1b: Whimsicott|0 fnt|[from] Sandstorm\n|faint|p1b: Whimsicott\n|-damage|p1a: Sandaconda|56/100 brn|[from] brn\n|upkeep\n|\n|t:|1788365427\n|switch|p1b: Chimecho|Chimecho, L50, M|100/100\n|turn|3\n|\n|t:|1788365439\n|detailschange|p1b: Chimecho|Chimecho-Mega, L50, M\n|-mega|p1b: Chimecho|Chimecho|Chimechite\n|move|p2a: Garchomp|Earthquake|p1b: Chimecho|[spread] p1a\n|-immune|p2b: Corviknight\n|-immune|p1b: Chimecho|[from] ability: Levitate\n|-damage|p1a: Sandaconda|36/100 brn\n|-enditem|p1a: Sandaconda|Sitrus Berry|[eat]\n|-heal|p1a: Sandaconda|60/100 brn|[from] item: Sitrus Berry\n|move|p2b: Corviknight|Iron Head|p1a: Sandaconda\n|-damage|p1a: Sandaconda|36/100 brn\n|-damage|p2b: Corviknight|80/100|[from] item: Life Orb\n|move|p1a: Sandaconda|Coil|p1a: Sandaconda\n|-boost|p1a: Sandaconda|atk|1\n|-boost|p1a: Sandaconda|def|1\n|-boost|p1a: Sandaconda|accuracy|1\n|move|p1b: Chimecho|Trick Room|p1b: Chimecho\n|-fieldstart|move: Trick Room|[of] p1b: Chimecho\n|\n|-weather|Sandstorm|[upkeep]\n|-damage|p1a: Sandaconda|30/100 brn|[from] brn\n|upkeep\n|turn|4\n|\n|t:|1788365464\n|move|p1b: Chimecho|Cosmic Power|p1b: Chimecho\n|-boost|p1b: Chimecho|def|1\n|-boost|p1b: Chimecho|spd|1\n|move|p1a: Sandaconda|Sand Tomb|p2a: Garchomp\n|-damage|p2a: Garchomp|29/100\n|-activate|p2a: Garchomp|move: Sand Tomb|[of] p1a: Sandaconda\n|move|p2b: Corviknight|Body Press|p1b: Chimecho\n|-damage|p1b: Chimecho|83/100\n|-damage|p2b: Corviknight|70/100|[from] item: Life Orb\n|move|p2a: Garchomp|Earthquake|p1a: Sandaconda|[spread] p1a\n|-immune|p2b: Corviknight\n|-immune|p1b: Chimecho|[from] ability: Levitate\n|-damage|p1a: Sandaconda|15/100 brn\n|\n|-weather|Sandstorm|[upkeep]\n|-damage|p1a: Sandaconda|8/100 brn|[from] brn\n|-damage|p2a: Garchomp|16/100|[from] move: Sand Tomb|[partiallytrapped]\n|upkeep\n|turn|5\n|inactive|bodeylee has 30 seconds left.\n|\n|t:|1788365492\n|move|p1b: Chimecho|Cosmic Power|p1b: Chimecho\n|-boost|p1b: Chimecho|def|1\n|-boost|p1b: Chimecho|spd|1\n|move|p1a: Sandaconda|Sand Tomb|p2a: Garchomp\n|-damage|p2a: Garchomp|3/100\n|move|p2b: Corviknight|Body Press|p1b: Chimecho\n|-damage|p1b: Chimecho|69/100\n|-damage|p2b: Corviknight|60/100|[from] item: Life Orb\n|move|p2a: Garchomp|Earthquake|p1b: Chimecho|[spread] p1a\n|-immune|p2b: Corviknight\n|-immune|p1b: Chimecho|[from] ability: Levitate\n|-damage|p1a: Sandaconda|0 fnt\n|faint|p1a: Sandaconda\n|\n|-weather|Sandstorm|[upkeep]\n|-end|p2a: Garchomp|Sand Tomb|[partiallytrapped]|[silent]\n|-sideend|p2: Meed|move: Tailwind\n|upkeep\n|\n|t:|1788365510\n|switch|p1a: Garchomp|Garchomp, L50, M|100/100\n|turn|6\n|\n|t:|1788365521\n|move|p1b: Chimecho|Draining Kiss|p2a: Garchomp\n|-supereffective|p2a: Garchomp|1\n|-damage|p2a: Garchomp|0 fnt\n|-heal|p1b: Chimecho|71/100|[from] drain|[of] p2a: Garchomp\n|-damage|p1b: Chimecho|59/100|[from] ability: Rough Skin|[of] p2a: Garchomp\n|faint|p2a: Garchomp\n|move|p2b: Corviknight|Tailwind|p2b: Corviknight\n|-sidestart|p2: Meed|move: Tailwind\n|move|p1a: Garchomp|Swords Dance|p1a: Garchomp\n|-boost|p1a: Garchomp|atk|2\n|\n|-weather|none\n|upkeep\n|\n|t:|1788365531\n|switch|p2a: Gardevoir|Gardevoir, L50, F|100/100\n|turn|7\n|\n|t:|1788365545\n|detailschange|p2a: Gardevoir|Gardevoir-Mega, L50, F\n|-mega|p2a: Gardevoir|Gardevoir|Gardevoirite\n|move|p2a: Gardevoir|Protect|p2a: Gardevoir\n|-singleturn|p2a: Gardevoir|Protect\n|move|p1b: Chimecho|Stored Power|p2b: Corviknight\n|-resisted|p2b: Corviknight|1\n|-damage|p2b: Corviknight|32/100\n|move|p1a: Garchomp|Iron Head|p2a: Gardevoir\n|-activate|p2a: Gardevoir|move: Protect\n|move|p2b: Corviknight|Roost|p2b: Corviknight\n|-heal|p2b: Corviknight|82/100\n|-singleturn|p2b: Corviknight|move: Roost\n|\n|-fieldend|move: Trick Room\n|upkeep\n|turn|8\n|\n|t:|1788365569\n|move|p2a: Gardevoir|Hyper Voice|p1b: Chimecho|[spread] p1a,p1b\n|-supereffective|p1a: Garchomp|1\n|-resisted|p1b: Chimecho|1\n|-damage|p1a: Garchomp|0 fnt\n|-damage|p1b: Chimecho|50/100y\n|faint|p1a: Garchomp\n|move|p2b: Corviknight|Body Press|p1b: Chimecho\n|-damage|p1b: Chimecho|37/100\n|-damage|p2b: Corviknight|72/100|[from] item: Life Orb\n|move|p1b: Chimecho|Draining Kiss|p2a: Gardevoir\n|-damage|p2a: Gardevoir|79/100\n|-heal|p1b: Chimecho|50/100y|[from] drain|[of] p2a: Gardevoir\n|\n|upkeep\n|turn|9\n|\n|t:|1788365586\n|move|p2a: Gardevoir|Aura Sphere|p1b: Chimecho\n|-damage|p1b: Chimecho|35/100\n|move|p2b: Corviknight|Iron Head|p1b: Chimecho\n|-resisted|p1b: Chimecho|1\n|-damage|p1b: Chimecho|25/100\n|-damage|p2b: Corviknight|62/100|[from] item: Life Orb\n|cant|p1b: Chimecho|flinch\n|\n|-sideend|p2: Meed|move: Tailwind\n|upkeep\n|turn|10\n|-message|bodeylee forfeited.\n|\n|win|Meed\n|raw|bodeylee's rating: 1131 &rarr; <strong>1112</strong><br />(-19 for losing)\n|raw|Meed's rating: 1221 &rarr; <strong>1240</strong><br />(+19 for winning)\n|l|☆bodeylee\n|player|p1|\n","uploadtime":1788365605,"views":"9","formatid":"gen9championsvgc2026regmb","rating":1112,"private":0,"password":null}