{"id":"gen9championsvgc2026regmbbo3-2673305698","format":"[Gen 9 Champions] VGC 2026 Reg M-B (Bo3)","players":["humania1","GuntherTV"],"log":"|j|☆humania1\n|j|☆GuntherTV\n|html|<table width=\"100%\"><tr><td align=\"left\">humania1</td><td align=\"right\">GuntherTV</tr><tr><td align=\"left\"><i class=\"fa fa-circle-o\"></i> <i class=\"fa fa-circle-o\"></i> </td><td align=\"right\"><i class=\"fa fa-circle-o\"></i> <i class=\"fa fa-circle-o\"></i> </tr></table>\n|uhtml|bestof|<h2><strong>Game 1</strong> of <a href=\"/game-bestof3-gen9championsvgc2026regmbbo3-2673305697\">a best-of-3</a></h2>\n|t:|1788180597\n|gametype|doubles\n|player|p1|humania1|170|1048\n|player|p2|GuntherTV|265|1000\n|gen|9\n|tier|[Gen 9 Champions] VGC 2026 Reg M-B (Bo3)\n|rated|\n|rule|Species Clause: Limit one of each Pokémon\n|rule|Item Clause: Limit 1 of each item\n|clearpoke\n|poke|p1|Blastoise, L50, F|\n|poke|p1|Delphox, L50, M, shiny|\n|poke|p1|Incineroar, L50, F|\n|poke|p1|Sinistcha, L50|\n|poke|p1|Sneasler, L50, F|\n|poke|p1|Vivillon, L50, M|\n|poke|p2|Charizard, L50, F|\n|poke|p2|Scovillain, L50, F|\n|poke|p2|Tinkaton, L50, F|\n|poke|p2|Maushold-Four, L50|\n|poke|p2|Garchomp, L50, F|\n|poke|p2|Sneasler, L50, M|\n|teampreview|4\n|showteam|p1|Blastoise||Blastoisinite|Torrent|Protect,ShellSmash,WaterSpout,DarkPulse|Modest||F|||50|]Delphox||Delphoxite|Blaze|Protect,HeatWave,Psyshock,NastyPlot|Timid||M|||50|]Incineroar||PasshoBerry|Intimidate|FakeOut,PartingShot,FlareBlitz,ThroatChop|Impish||F|||50|]Sinistcha||SitrusBerry|Hospitality|Protect,MatchaGotcha,TrickRoom,RagePowder|Bold|||||50|]Sneasler||FocusSash|PoisonTouch|QuickGuard,FakeOut,CloseCombat,DireClaw|Jolly||F|||50|]Vivillon||ChoiceScarf|CompoundEyes|Hurricane,SleepPowder,RagePowder,Uturn|Timid||M|||50|\n|showteam|p2|Charizard||CharizarditeX|Blaze|DragonClaw,FlareBlitz,DragonDance,Protect|Adamant||F|||50|]Scovillain||Scovillainite|Moody|RagePowder,LeechSeed,Flamethrower,GigaDrain|Bold||F|||50|]Tinkaton||FocusSash|OwnTempo|GigatonHammer,PlayRough,FakeOut,Protect|Jolly||F|||50|]Maushold-Four||LifeOrb|Technician|PopulationBomb,SuperFang,Taunt,FollowMe|Jolly|||||50|]Garchomp||ChoiceScarf|RoughSkin|RockSlide,DragonClaw,Earthquake,Liquidation|Jolly||F|||50|]Sneasler||MentalHerb|Unburden|FakeOut,DireClaw,CloseCombat,Protect|Adamant||M|||50|\n|inactive|Battle timer is ON: inactive players will automatically lose when time's up. (requested by humania1)\n|\n|t:|1788180614\n|teamsize|p1|4\n|teamsize|p2|4\n|start\n|switch|p1a: Incineroar|Incineroar, L50, F|100/100\n|switch|p1b: Sinistcha|Sinistcha, L50|100/100\n|switch|p2a: Charizard|Charizard, L50, F|100/100\n|switch|p2b: Maushold|Maushold-Four, L50|100/100\n|-ability|p1a: Incineroar|Intimidate|boost\n|-unboost|p2a: Charizard|atk|1\n|-unboost|p2b: Maushold|atk|1\n|turn|1\n|\n|t:|1788180629\n|detailschange|p2a: Charizard|Charizard-Mega-X, L50, F\n|-mega|p2a: Charizard|Charizard|Charizardite X\n|move|p2b: Maushold|Follow Me|p2b: Maushold\n|-singleturn|p2b: Maushold|move: Follow Me\n|move|p2a: Charizard|Dragon Dance|p2a: Charizard\n|-boost|p2a: Charizard|atk|1\n|-boost|p2a: Charizard|spe|1\n|move|p1a: Incineroar|Flare Blitz|p2b: Maushold\n|-damage|p2b: Maushold|41/100\n|-status|p2b: Maushold|brn\n|-damage|p1a: Incineroar|82/100|[from] Recoil\n|move|p1b: Sinistcha|Matcha Gotcha|p2b: Maushold|[spread] p2b\n|-miss|p1b: Sinistcha|p2a: Charizard\n|-damage|p2b: Maushold|13/100 brn\n|\n|-damage|p2b: Maushold|7/100 brn|[from] brn\n|upkeep\n|turn|2\n|inactive|GuntherTV has 30 seconds left.\n|\n|t:|1788180664\n|move|p2b: Maushold|Follow Me|p2b: Maushold\n|-singleturn|p2b: Maushold|move: Follow Me\n|move|p2a: Charizard|Dragon Claw|p1a: Incineroar\n|-damage|p1a: Incineroar|36/100\n|move|p1a: Incineroar|Flare Blitz|p2b: Maushold\n|-damage|p2b: Maushold|0 fnt\n|faint|p2b: Maushold\n|-damage|p1a: Incineroar|34/100|[from] Recoil\n|move|p1b: Sinistcha|Trick Room|p1b: Sinistcha\n|-fieldstart|move: Trick Room|[of] p1b: Sinistcha\n|\n|upkeep\n|\n|t:|1788180675\n|switch|p2b: Tinkaton|Tinkaton, L50, F|100/100\n|turn|3\n|j| nosehabladebruno\n|\n|t:|1788180688\n|switch|p1a: Sneasler|Sneasler, L50, F|100/100\n|move|p1b: Sinistcha|Protect|p1b: Sinistcha\n|-singleturn|p1b: Sinistcha|Protect\n|move|p2b: Tinkaton|Fake Out|p1a: Sneasler\n|-damage|p1a: Sneasler|82/100\n|move|p2a: Charizard|Dragon Claw|p1a: Sneasler\n|-damage|p1a: Sneasler|0 fnt\n|faint|p1a: Sneasler\n|\n|upkeep\n|\n|t:|1788180688\n|switch|p1a: Incineroar|Incineroar, L50, F|34/100\n|-ability|p1a: Incineroar|Intimidate|boost\n|-unboost|p2a: Charizard|atk|1\n|-fail|p2b: Tinkaton|unboost|Attack|[from] ability: Own Tempo|[of] p2b: Tinkaton\n|turn|4\n|\n|t:|1788180705\n|move|p2b: Tinkaton|Protect|p2b: Tinkaton\n|-singleturn|p2b: Tinkaton|Protect\n|move|p1b: Sinistcha|Rage Powder|p1b: Sinistcha\n|-singleturn|p1b: Sinistcha|move: Rage Powder\n|move|p1a: Incineroar|Parting Shot|p2a: Charizard\n|-unboost|p2a: Charizard|atk|1\n|-unboost|p2a: Charizard|spa|1\n|\n|t:|1788180705\n|switch|p1a: Vivillon|Vivillon, L50, M|100/100|[from] Parting Shot\n|move|p2a: Charizard|Dragon Dance|p2a: Charizard\n|-boost|p2a: Charizard|atk|1\n|-boost|p2a: Charizard|spe|1\n|\n|upkeep\n|turn|5\n|j| trestkon\n|\n|t:|1788180725\n|switch|p1a: Incineroar|Incineroar, L50, F|34/100\n|-ability|p1a: Incineroar|Intimidate|boost\n|-unboost|p2a: Charizard|atk|1\n|-fail|p2b: Tinkaton|unboost|Attack|[from] ability: Own Tempo|[of] p2b: Tinkaton\n|move|p1b: Sinistcha|Protect|p1b: Sinistcha\n|-singleturn|p1b: Sinistcha|Protect\n|move|p2b: Tinkaton|Gigaton Hammer|p1b: Sinistcha\n|-activate|p1b: Sinistcha|move: Protect\n|move|p2a: Charizard|Flare Blitz|p1a: Incineroar\n|-resisted|p1a: Incineroar|1\n|-damage|p1a: Incineroar|15/100\n|-damage|p2a: Charizard|91/100|[from] Recoil\n|\n|upkeep\n|turn|6\n|\n|t:|1788180743\n|move|p1a: Incineroar|Parting Shot|p2a: Charizard\n|-unboost|p2a: Charizard|atk|1\n|-unboost|p2a: Charizard|spa|1\n|\n|t:|1788180743\n|switch|p1a: Vivillon|Vivillon, L50, M|100/100|[from] Parting Shot\n|move|p2b: Tinkaton|Play Rough|p1a: Vivillon|[miss]\n|-miss|p2b: Tinkaton|p1a: Vivillon\n|move|p2a: Charizard|Dragon Dance|p2a: Charizard\n|-boost|p2a: Charizard|atk|1\n|-boost|p2a: Charizard|spe|1\n|move|p1b: Sinistcha|Trick Room|p1b: Sinistcha\n|-fieldend|move: Trick Room\n|\n|upkeep\n|turn|7\n|\n|t:|1788180764\n|switch|p1b: Incineroar|Incineroar, L50, F|15/100\n|-ability|p1b: Incineroar|Intimidate|boost\n|-unboost|p2a: Charizard|atk|1\n|-fail|p2b: Tinkaton|unboost|Attack|[from] ability: Own Tempo|[of] p2b: Tinkaton\n|move|p2a: Charizard|Flare Blitz|p1b: Incineroar\n|-resisted|p1b: Incineroar|1\n|-damage|p1b: Incineroar|1/100\n|-damage|p2a: Charizard|85/100|[from] Recoil\n|move|p1a: Vivillon|Sleep Powder|p2a: Charizard\n|-status|p2a: Charizard|slp|[from] move: Sleep Powder\n|move|p2b: Tinkaton|Gigaton Hammer|p1a: Vivillon\n|-damage|p1a: Vivillon|0 fnt\n|faint|p1a: Vivillon\n|\n|upkeep\n|\n|t:|1788180764\n|switch|p1a: Sinistcha|Sinistcha, L50|100/100\n|-heal|p1b: Incineroar|25/100|[from] ability: Hospitality|[of] p1a: Sinistcha\n|turn|8\n|\n|t:|1788180788\n|cant|p2a: Charizard|slp\n|move|p2b: Tinkaton|Play Rough|p1a: Sinistcha\n|-damage|p1a: Sinistcha|69/100\n|move|p1b: Incineroar|Flare Blitz|p2b: Tinkaton\n|-supereffective|p2b: Tinkaton|1\n|-enditem|p2b: Tinkaton|Focus Sash\n|-damage|p2b: Tinkaton|1/100\n|-damage|p1b: Incineroar|0 fnt|[from] Recoil\n|faint|p1b: Incineroar\n|move|p1a: Sinistcha|Matcha Gotcha|p2a: Charizard|[spread] p2a,p2b\n|-resisted|p2a: Charizard|2\n|-resisted|p2b: Tinkaton|1\n|-damage|p2a: Charizard|77/100 slp\n|-heal|p1a: Sinistcha|72/100|[from] drain|[of] p2a: Charizard\n|-damage|p2b: Tinkaton|0 fnt\n|-heal|p1a: Sinistcha|73/100|[from] drain|[of] p2b: Tinkaton\n|faint|p2b: Tinkaton\n|\n|upkeep\n|\n|t:|1788180806\n|switch|p2b: Sneasler|Sneasler, L50, M|100/100\n|turn|9\n|\n|t:|1788180820\n|-curestatus|p2a: Charizard|slp|[msg]\n|move|p2a: Charizard|Flare Blitz|p1a: Sinistcha\n|-supereffective|p1a: Sinistcha|1\n|-damage|p1a: Sinistcha|10/100\n|-enditem|p1a: Sinistcha|Sitrus Berry|[eat]\n|-heal|p1a: Sinistcha|35/100|[from] item: Sitrus Berry\n|-damage|p2a: Charizard|54/100|[from] Recoil\n|move|p2b: Sneasler|Dire Claw|p1a: Sinistcha\n|-damage|p1a: Sinistcha|0 fnt\n|faint|p1a: Sinistcha\n|\n|win|GuntherTV\n","uploadtime":1788180820,"views":"0","formatid":"gen9championsvgc2026regmbbo3","rating":null,"private":0,"password":null}