{"id":"gen9championsvgc2026regmbbo3-2674946308","format":"[Gen 9 Champions] VGC 2026 Reg M-B (Bo3)","players":["kleimor","rebeccaribena"],"log":"|j|☆kleimor\n|j|☆rebeccaribena\n|html|<table width=\"100%\"><tr><td align=\"left\">kleimor</td><td align=\"right\">rebeccaribena</tr><tr><td align=\"left\"><i class=\"fa fa-circle-o\"></i> <i class=\"fa fa-circle-o\"></i> </td><td align=\"right\"><i class=\"fa fa-circle-o\"></i> <i class=\"fa fa-circle\"></i> </tr></table>\n|uhtml|bestof|<h2><strong>Game 2</strong> of <a href=\"/game-bestof3-gen9championsvgc2026regmbbo3-2674944093\">a best-of-3</a></h2>\n|t:|1788440250\n|gametype|doubles\n|player|p1|kleimor|waitress|1195\n|player|p2|rebeccaribena|whitney|1075\n|gen|9\n|tier|[Gen 9 Champions] VGC 2026 Reg M-B (Bo3)\n|rated|\n|rule|Species Clause: Limit one of each Pokémon\n|rule|Item Clause: Limit 1 of each item\n|clearpoke\n|poke|p1|Froslass, L50, F|\n|poke|p1|Garchomp, L50, M|\n|poke|p1|Kingambit, L50, M|\n|poke|p1|Sinistcha, L50|\n|poke|p1|Staraptor, L50, F, shiny|\n|poke|p1|Whimsicott, L50, M|\n|poke|p2|Floette-Eternal, L50, F|\n|poke|p2|Basculegion, L50, M|\n|poke|p2|Kingambit, L50, M|\n|poke|p2|Dragonite, L50, M|\n|poke|p2|Garchomp, L50, F|\n|poke|p2|Sneasler, L50, M|\n|teampreview|4\n|showteam|p1|Froslass||Froslassite|SnowCloak|Blizzard,ShadowBall,IcyWind,Protect|Timid||F|||50|]Garchomp||ChoiceScarf|RoughSkin|RockSlide,StompingTantrum,PoisonJab,DragonClaw|Adamant||M|||50|]Kingambit||ChopleBerry|Defiant|KowtowCleave,SuckerPunch,IronHead,Protect|Adamant||M|||50|]Sinistcha||ColburBerry|Hospitality|TrickRoom,MatchaGotcha,RagePowder,Protect|Bold|||||50|]Staraptor||Staraptite|Intimidate|CloseCombat,BraveBird,Protect,Roost|Jolly||F|||50|]Whimsicott||FocusSash|Prankster|Charm,Tailwind,Protect,Moonblast|Timid||M|||50|\n|showteam|p2|Floette-Eternal||Floettite|FlowerVeil|Moonblast,DazzlingGleam,LightofRuin,Protect|Timid||F|||50|]Basculegion||LifeOrb|Adaptability|WaveCrash,LastRespects,AquaJet,Protect|Adamant||M|||50|]Kingambit||ChopleBerry|Defiant|SuckerPunch,KowtowCleave,LowKick,IronHead|Adamant||M|||50|]Dragonite||Dragoninite|Multiscale|DragonPulse,HeatWave,ExtremeSpeed,Protect|Modest||M|||50|]Garchomp||ChoiceScarf|RoughSkin|DragonClaw,StompingTantrum,Earthquake,RockSlide|Adamant||F|||50|]Sneasler||FocusSash|PoisonTouch|CloseCombat,DireClaw,FakeOut,Feint|Jolly||M|||50|\n|inactive|Battle timer is ON: inactive players will automatically lose when time's up. (requested by kleimor)\n|inactive|rebeccaribena has 60 seconds left.\n|\n|t:|1788440281\n|teamsize|p1|4\n|teamsize|p2|4\n|start\n|switch|p1a: Staraptor|Staraptor, L50, F, shiny|100/100\n|switch|p1b: Whimsicott|Whimsicott, L50, M|100/100\n|switch|p2a: Kingambit|Kingambit, L50, M|100/100\n|switch|p2b: Dragonite|Dragonite, L50, M|100/100\n|-ability|p1a: Staraptor|Intimidate|boost\n|-unboost|p2a: Kingambit|atk|1\n|-ability|p2a: Kingambit|Defiant|boost\n|-boost|p2a: Kingambit|atk|2\n|-unboost|p2b: Dragonite|atk|1\n|turn|1\n|inactive|rebeccaribena has 30 seconds left.\n|\n|t:|1788440312\n|switch|p2a: Basculegion|Basculegion, L50, M|100/100\n|detailschange|p1a: Staraptor|Staraptor-Mega, L50, F, shiny\n|-mega|p1a: Staraptor|Staraptor|Staraptite\n|detailschange|p2b: Dragonite|Dragonite-Mega, L50, M\n|-mega|p2b: Dragonite|Dragonite|Dragoninite\n|move|p1b: Whimsicott|Charm|p1a: Staraptor\n|-boost|p1a: Staraptor|atk|2\n|move|p1a: Staraptor|Close Combat|p2a: Basculegion\n|-immune|p2a: Basculegion\n|move|p2b: Dragonite|Dragon Pulse|p1a: Staraptor\n|-damage|p1a: Staraptor|56/100\n|\n|upkeep\n|turn|2\n|inactive|kleimor has 30 seconds left.\n|inactive|rebeccaribena has 30 seconds left.\n|inactive|kleimor has 20 seconds left.\n|inactive|rebeccaribena has 20 seconds left.\n|\n|t:|1788440358\n|move|p1a: Staraptor|Protect|p1a: Staraptor\n|-singleturn|p1a: Staraptor|Protect\n|move|p2a: Basculegion|Aqua Jet|p1a: Staraptor\n|-activate|p1a: Staraptor|move: Protect\n|move|p1b: Whimsicott|Moonblast|p2b: Dragonite\n|-supereffective|p2b: Dragonite|1\n|-damage|p2b: Dragonite|70/100\n|-unboost|p2b: Dragonite|spa|1\n|move|p2b: Dragonite|Heat Wave|p1a: Staraptor|[spread] p1b\n|-activate|p1a: Staraptor|move: Protect\n|-supereffective|p1b: Whimsicott|1\n|-damage|p1b: Whimsicott|50/100g\n|\n|upkeep\n|turn|3\n|\n|t:|1788440383\n|switch|p2b: Kingambit|Kingambit, L50, M|100/100\n|move|p1b: Whimsicott|Tailwind|p1b: Whimsicott\n|-sidestart|p1: kleimor|move: Tailwind\n|move|p1a: Staraptor|Brave Bird|p2b: Kingambit\n|-resisted|p2b: Kingambit|1\n|-damage|p2b: Kingambit|55/100\n|-damage|p1a: Staraptor|42/100|[from] Recoil\n|move|p2a: Basculegion|Wave Crash|p1a: Staraptor\n|-damage|p1a: Staraptor|0 fnt\n|faint|p1a: Staraptor\n|-damage|p2a: Basculegion|86/100|[from] Recoil\n|-damage|p2a: Basculegion|76/100|[from] item: Life Orb\n|\n|upkeep\n|\n|t:|1788440393\n|switch|p1a: Garchomp|Garchomp, L50, M|100/100\n|turn|4\n|inactive|rebeccaribena has 30 seconds left.\n|\n|t:|1788440425\n|switch|p2a: Sneasler|Sneasler, L50, M|100/100\n|move|p1b: Whimsicott|Charm|p2a: Sneasler\n|-unboost|p2a: Sneasler|atk|2\n|move|p1a: Garchomp|Stomping Tantrum|p2b: Kingambit\n|-supereffective|p2b: Kingambit|1\n|-damage|p2b: Kingambit|0 fnt\n|faint|p2b: Kingambit\n|\n|upkeep\n|\n|t:|1788440434\n|switch|p2b: Dragonite|Dragonite-Mega, L50, M|70/100\n|turn|5\n|\n|t:|1788440444\n|switch|p1a: Kingambit|Kingambit, L50, M|100/100\n|move|p2a: Sneasler|Fake Out|p1a: Kingambit\n|-resisted|p1a: Kingambit|1\n|-damage|p1a: Kingambit|98/100\n|move|p1b: Whimsicott|Moonblast|p2b: Dragonite\n|-supereffective|p2b: Dragonite|1\n|-damage|p2b: Dragonite|11/100\n|move|p2b: Dragonite|Dragon Pulse|p1a: Kingambit\n|-resisted|p1a: Kingambit|1\n|-damage|p1a: Kingambit|75/100\n|\n|upkeep\n|turn|6\n|\n|t:|1788440461\n|move|p2b: Dragonite|Protect|p2b: Dragonite\n|-singleturn|p2b: Dragonite|Protect\n|move|p1b: Whimsicott|Charm|p2a: Sneasler\n|-unboost|p2a: Sneasler|atk|2\n|move|p1a: Kingambit|Kowtow Cleave|p2b: Dragonite\n|-activate|p2b: Dragonite|move: Protect\n|move|p2a: Sneasler|Dire Claw|p1b: Whimsicott\n|-supereffective|p1b: Whimsicott|2\n|-damage|p1b: Whimsicott|0 fnt\n|faint|p1b: Whimsicott\n|\n|-sideend|p1: kleimor|move: Tailwind\n|upkeep\n|\n|t:|1788440471\n|switch|p1b: Garchomp|Garchomp, L50, M|100/100\n|turn|7\n|\n|t:|1788440490\n|switch|p2a: Basculegion|Basculegion, L50, M|76/100\n|move|p1b: Garchomp|Dragon Claw|p2b: Dragonite\n|-supereffective|p2b: Dragonite|1\n|-damage|p2b: Dragonite|0 fnt\n|faint|p2b: Dragonite\n|move|p1a: Kingambit|Kowtow Cleave|p2a: Basculegion\n|-supereffective|p2a: Basculegion|1\n|-damage|p2a: Basculegion|0 fnt\n|faint|p2a: Basculegion\n|\n|upkeep\n|\n|t:|1788440500\n|switch|p2b: Sneasler|Sneasler, L50, M|100/100\n|turn|8\n|\n|t:|1788440505\n|move|p1a: Kingambit|Sucker Punch|p2b: Sneasler\n|-resisted|p2b: Sneasler|1\n|-damage|p2b: Sneasler|67/100\n|move|p1b: Garchomp|Dragon Claw|p2b: Sneasler\n|-damage|p2b: Sneasler|0 fnt\n|faint|p2b: Sneasler\n|\n|win|kleimor\n|l|☆rebeccaribena\n|player|p2|\n||rebeccaribena is ready for game 3.\n||kleimor is ready for game 3.\n|uhtml|next|Next: <a href=\"/battle-gen9championsvgc2026regmbbo3-2674948064\"><strong>Game 3 of 3</strong></a>\n","uploadtime":1788440731,"views":"7","formatid":"gen9championsvgc2026regmbbo3","rating":null,"private":0,"password":null}