{"id":"gen9championsvgc2026regmb-2674535520","format":"[Gen 9 Champions] VGC 2026 Reg M-B","players":["Jot44","Daap_15"],"log":"|j|☆Jot44\n|j|☆Daap_15\n|t:|1788371208\n|gametype|doubles\n|player|p1|Jot44|hilbert-wonderlauncher|1277\n|player|p2|Daap_15|pokemaniac|1251\n|gen|9\n|tier|[Gen 9 Champions] VGC 2026 Reg M-B\n|rated|\n|rule|Species Clause: Limit one of each Pokémon\n|rule|Item Clause: Limit 1 of each item\n|clearpoke\n|poke|p1|Charizard, L50, F, shiny|\n|poke|p1|Sableye, L50, F, shiny|\n|poke|p1|Sneasler, L50, M|\n|poke|p1|Metagross, L50, shiny|\n|poke|p1|Florges, L50, F, shiny|\n|poke|p1|Rotom-Wash, L50|\n|poke|p2|Aerodactyl, L50, M, shiny|\n|poke|p2|Kingambit, L50, M, shiny|\n|poke|p2|Charizard, L50, M, shiny|\n|poke|p2|Garchomp, L50, M, shiny|\n|poke|p2|Farigiraf, L50, F, shiny|\n|poke|p2|Whimsicott, L50, F, shiny|\n|teampreview|4\n|inactive|Battle timer is ON: inactive players will automatically lose when time's up. (requested by Daap_15)\nDaap_15 rejected open team sheets.\n|inactive|Jot44 has 60 seconds left.\n|\n|t:|1788371256\n|teamsize|p1|4\n|teamsize|p2|4\n|start\n|switch|p1a: Charizard|Charizard, L50, F, shiny|100/100\n|switch|p1b: Sableye|Sableye, L50, F, shiny|100/100\n|switch|p2a: Charizard|Charizard, L50, M, shiny|100/100\n|switch|p2b: Whimsicott|Whimsicott, L50, F, shiny|100/100\n|turn|1\n|\n|t:|1788371271\n|detailschange|p2a: Charizard|Charizard-Mega-Y, L50, M, shiny\n|-mega|p2a: Charizard|Charizard|Charizardite Y\n|-weather|SunnyDay|[from] ability: Drought|[of] p2a: Charizard\n|move|p1b: Sableye|Protect|p1b: Sableye\n|-singleturn|p1b: Sableye|Protect\n|move|p1a: Charizard|Protect|p1a: Charizard\n|-singleturn|p1a: Charizard|Protect\n|move|p2b: Whimsicott|Tailwind|p2b: Whimsicott\n|-sidestart|p2: Daap_15|move: Tailwind\n|move|p2a: Charizard|Ancient Power|p1a: Charizard\n|-activate|p1a: Charizard|move: Protect\n|\n|-weather|SunnyDay|[upkeep]\n|-damage|p1a: Charizard|87/100|[from] ability: Solar Power|[of] p1a: Charizard\n|upkeep\n|turn|2\n|inactive|Jot44 has 30 seconds left.\n|\n|t:|1788371297\n|detailschange|p1a: Charizard|Charizard-Mega-Y, L50, F, shiny\n|-mega|p1a: Charizard|Charizard|Charizardite Y\n|move|p1b: Sableye|Disable|p2a: Charizard\n|-start|p2a: Charizard|Disable|Ancient Power\n|move|p2b: Whimsicott|Moonblast|p1b: Sableye\n|-supereffective|p1b: Sableye|1\n|-damage|p1b: Sableye|0 fnt\n|faint|p1b: Sableye\n|move|p2a: Charizard|Heat Wave|p1a: Charizard|[miss]\n|-miss|p2a: Charizard|p1a: Charizard\n|move|p1a: Charizard|Heat Wave|p2a: Charizard|[spread] p2a,p2b\n|-resisted|p2a: Charizard|1\n|-supereffective|p2b: Whimsicott|1\n|-damage|p2a: Charizard|68/100\n|-enditem|p2b: Whimsicott|Focus Sash\n|-damage|p2b: Whimsicott|1/100\n|\n|-weather|SunnyDay|[upkeep]\n|upkeep\n|\n|t:|1788371318\n|switch|p1b: Sneasler|Sneasler, L50, M|100/100\n|turn|3\n|\n|t:|1788371327\n|switch|p2a: Garchomp|Garchomp, L50, M, shiny|100/100\n|move|p2b: Whimsicott|Protect|p2b: Whimsicott\n|-singleturn|p2b: Whimsicott|Protect\n|move|p1b: Sneasler|Fake Out|p2a: Garchomp\n|-damage|p2a: Garchomp|85/100\n|-damage|p1b: Sneasler|87/100|[from] ability: Rough Skin|[of] p2a: Garchomp\n|move|p1a: Charizard|Heat Wave|p2a: Garchomp|[spread] p2a\n|-activate|p2b: Whimsicott|move: Protect\n|-resisted|p2a: Garchomp|1\n|-damage|p2a: Garchomp|49/100\n|\n|-weather|SunnyDay|[upkeep]\n|upkeep\n|turn|4\n|\n|t:|1788371351\n|move|p1a: Charizard|Protect|p1a: Charizard\n|-singleturn|p1a: Charizard|Protect\n|move|p2b: Whimsicott|Encore|p1b: Sneasler\n|-start|p1b: Sneasler|Encore\n|move|p1b: Sneasler|Fake Out||[still]\n|-hint|Fake Out only works on your first turn out.\n|-fail|p1b: Sneasler\n|move|p2a: Garchomp|Rock Slide|p1a: Charizard|[spread] p1b\n|-activate|p1a: Charizard|move: Protect\n|-resisted|p1b: Sneasler|1\n|-damage|p1b: Sneasler|68/100\n|-damage|p2a: Garchomp|39/100|[from] item: Life Orb\n|\n|-weather|SunnyDay|[upkeep]\n|-sideend|p2: Daap_15|move: Tailwind\n|upkeep\n|turn|5\n|\n|t:|1788371365\n|switch|p1a: Metagross|Metagross, L50, shiny|100/100\n|move|p2b: Whimsicott|Tailwind|p2b: Whimsicott\n|-sidestart|p2: Daap_15|move: Tailwind\n|move|p2a: Garchomp|Rock Slide|p1b: Sneasler|[spread] p1a,p1b\n|-resisted|p1a: Metagross|1\n|-crit|p1a: Metagross\n|-resisted|p1b: Sneasler|1\n|-damage|p1a: Metagross|86/100\n|-damage|p1b: Sneasler|48/100\n|-damage|p2a: Garchomp|29/100|[from] item: Life Orb\n|-activate|p1b: Sneasler|move: Struggle\n|move|p1b: Sneasler|Struggle|p2b: Whimsicott\n|-damage|p2b: Whimsicott|0 fnt\n|faint|p2b: Whimsicott\n|-damage|p1b: Sneasler|23/100|[from] recoil\n|\n|-weather|none\n|upkeep\n|\n|t:|1788371379\n|switch|p2b: Charizard|Charizard-Mega-Y, L50, M, shiny|68/100\n|-weather|SunnyDay|[from] ability: Drought|[of] p2b: Charizard\n|turn|6\n|\n|t:|1788371392\n|move|p1a: Metagross|Protect|p1a: Metagross\n|-singleturn|p1a: Metagross|Protect\n|move|p2a: Garchomp|Rock Slide|p1a: Metagross|[spread] p1b\n|-activate|p1a: Metagross|move: Protect\n|-resisted|p1b: Sneasler|1\n|-damage|p1b: Sneasler|3/100\n|-damage|p2a: Garchomp|20/100r|[from] item: Life Orb\n|move|p2b: Charizard|Heat Wave|p1b: Sneasler|[spread] p1b\n|-activate|p1a: Metagross|move: Protect\n|-damage|p1b: Sneasler|0 fnt\n|faint|p1b: Sneasler\n|\n|-weather|SunnyDay|[upkeep]\n|upkeep\n|\n|t:|1788371398\n|switch|p1b: Charizard|Charizard-Mega-Y, L50, F, shiny|87/100\n|turn|7\n|\n|t:|1788371409\n|move|p1b: Charizard|Protect|p1b: Charizard\n|-singleturn|p1b: Charizard|Protect\n|move|p2a: Garchomp|Rock Slide|p1b: Charizard|[spread] p1a\n|-activate|p1b: Charizard|move: Protect\n|-resisted|p1a: Metagross|1\n|-damage|p1a: Metagross|76/100\n|-damage|p2a: Garchomp|10/100|[from] item: Life Orb\n|move|p2b: Charizard|Heat Wave|p1b: Charizard|[spread] p1a\n|-activate|p1b: Charizard|move: Protect\n|-supereffective|p1a: Metagross|1\n|-damage|p1a: Metagross|0 fnt\n|faint|p1a: Metagross\n|\n|-weather|SunnyDay|[upkeep]\n|upkeep\n|turn|8\n|\n|t:|1788371425\n|move|p1b: Charizard|Protect||[still]\n|-fail|p1b: Charizard\n|move|p2a: Garchomp|Rock Slide|p1b: Charizard\n|-supereffective|p1b: Charizard|2\n|-damage|p1b: Charizard|0 fnt\n|faint|p1b: Charizard\n|-damage|p2a: Garchomp|1/100|[from] item: Life Orb\n|\n|win|Daap_15\n|raw|Jot44's rating: 1277 &rarr; <strong>1250</strong><br />(-27 for losing)\n|raw|Daap_15's rating: 1251 &rarr; <strong>1278</strong><br />(+27 for winning)\n|l|☆Jot44\n|player|p1|\n","uploadtime":1788371435,"views":"4","formatid":"gen9championsvgc2026regmb","rating":1250,"private":0,"password":null}