{"id":"gen9championsvgc2026regmbbo3-2673990846","format":"[Gen 9 Champions] VGC 2026 Reg M-B (Bo3)","players":["mweiuk","humania1"],"log":"|j|☆mweiuk\n|j|☆humania1\n|html|<table width=\"100%\"><tr><td align=\"left\">mweiuk</td><td align=\"right\">humania1</tr><tr><td align=\"left\"><i class=\"fa fa-circle-o\"></i> <i class=\"fa fa-circle-o\"></i> </td><td align=\"right\"><i class=\"fa fa-circle-o\"></i> <i class=\"fa fa-circle-o\"></i> </tr></table>\n|uhtml|bestof|<h2><strong>Game 1</strong> of <a href=\"/game-bestof3-gen9championsvgc2026regmbbo3-2673990845\">a best-of-3</a></h2>\n|t:|1788285595\n|gametype|doubles\n|player|p1|mweiuk|170|1000\n|player|p2|humania1|266|1000\n|gen|9\n|tier|[Gen 9 Champions] VGC 2026 Reg M-B (Bo3)\n|rated|\n|rule|Species Clause: Limit one of each Pokémon\n|rule|Item Clause: Limit 1 of each item\n|clearpoke\n|poke|p1|Farigiraf, L50, M|\n|poke|p1|Meowstic, L50, M, shiny|\n|poke|p1|Corviknight, L50, F, shiny|\n|poke|p1|Vivillon-Monsoon, L50, M|\n|poke|p1|Meganium, L50, M|\n|poke|p1|Garchomp, L50, M, shiny|\n|poke|p2|Blastoise, L50, F|\n|poke|p2|Delphox, L50, F, shiny|\n|poke|p2|Incineroar, L50, F|\n|poke|p2|Sinistcha, L50|\n|poke|p2|Sneasler, L50, M|\n|poke|p2|Vivillon, L50, F|\n|teampreview|4\n|showteam|p1|Farigiraf||SitrusBerry|ArmorTail|HelpingHand,PsychicTerrain,ExpandingForce,Protect|Timid||M|||50|]Meowstic||Meowsticite|Prankster|FakeOut,ShadowBall,Protect,ExpandingForce|Modest||M|||50|]Corviknight||Leftovers|MirrorArmor|Tailwind,Protect,Taunt,BraveBird|Impish||F|||50|]Vivillon-Monsoon||FocusSash|CompoundEyes|Protect,SleepPowder,Tailwind,Uturn|Jolly||M|||50|]Meganium||Meganiumite|Overgrow|Protect,WeatherBall,SolarBeam,DazzlingGleam|Timid||M|||50|]Garchomp||LifeOrb|RoughSkin|Protect,PoisonJab,RockSlide,Earthquake|Jolly||M|||50|\n|showteam|p2|Blastoise||Blastoisinite|Torrent|Protect,ShellSmash,WaterSpout,DarkPulse|Modest||F|||50|]Delphox||Delphoxite|Blaze|Protect,HeatWave,Psyshock,NastyPlot|Timid||F|||50|]Incineroar||PasshoBerry|Intimidate|FakeOut,PartingShot,FlareBlitz,ThroatChop|Impish||F|||50|]Sinistcha||SitrusBerry|Hospitality|Protect,MatchaGotcha,TrickRoom,RagePowder|Bold|||||50|]Sneasler||FocusSash|PoisonTouch|QuickGuard,FakeOut,CloseCombat,DireClaw|Jolly||M|||50|]Vivillon||ChoiceScarf|CompoundEyes|Hurricane,SleepPowder,RagePowder,Uturn|Timid||F|||50|\n|inactive|Battle timer is ON: inactive players will automatically lose when time's up. (requested by humania1)\n|inactive|mweiuk has 60 seconds left.\n|\n|t:|1788285631\n|teamsize|p1|4\n|teamsize|p2|4\n|start\n|switch|p1a: Farigiraf|Farigiraf, L50, M|100/100\n|switch|p1b: Meowstic|Meowstic, L50, M, shiny|100/100\n|switch|p2a: Incineroar|Incineroar, L50, F|100/100\n|switch|p2b: Sneasler|Sneasler, L50, M|100/100\n|-ability|p2a: Incineroar|Intimidate|boost\n|-unboost|p1a: Farigiraf|atk|1\n|-unboost|p1b: Meowstic|atk|1\n|turn|1\n|\n|t:|1788285651\n|switch|p2b: Sinistcha|Sinistcha, L50|100/100\n|detailschange|p1b: Meowstic|Meowstic-M-Mega, L50, M, shiny\n|-mega|p1b: Meowstic|Meowstic|Meowsticite\n|-ability|p1b: Meowstic|Intimidate|Trace|[from] ability: Trace|[of] p2a: Incineroar\n|-ability|p1b: Meowstic|Intimidate|boost\n|-unboost|p2a: Incineroar|atk|1\n|-unboost|p2b: Sinistcha|atk|1\n|move|p1b: Meowstic|Protect|p1b: Meowstic\n|-singleturn|p1b: Meowstic|Protect\n|move|p1a: Farigiraf|Protect|p1a: Farigiraf\n|-singleturn|p1a: Farigiraf|Protect\n|move|p2a: Incineroar|Throat Chop|p1b: Meowstic\n|-activate|p1b: Meowstic|move: Protect\n|\n|upkeep\n|turn|2\n|inactive|mweiuk has 30 seconds left.\n|\n|t:|1788285680\n|switch|p1b: Garchomp|Garchomp, L50, M, shiny|100/100\n|move|p1a: Farigiraf|Psychic Terrain|p1a: Farigiraf\n|-fieldstart|move: Psychic Terrain\n|move|p2a: Incineroar|Throat Chop|p1b: Garchomp\n|-damage|p1b: Garchomp|78/100\n|-start|p1b: Garchomp|Throat Chop|[silent]\n|-damage|p2a: Incineroar|87/100|[from] ability: Rough Skin|[of] p1b: Garchomp\n|move|p2b: Sinistcha|Matcha Gotcha|p1a: Farigiraf|[spread] p1a,p1b\n|-damage|p1a: Farigiraf|74/100\n|-damage|p1b: Garchomp|53/100\n|-status|p1b: Garchomp|brn\n|\n|-damage|p1b: Garchomp|47/100 brn|[from] brn\n|upkeep\n|turn|3\n|inactive|mweiuk has 30 seconds left.\n|inactive|mweiuk has 20 seconds left.\n|\n|t:|1788285718\n|switch|p1a: Vivillon|Vivillon-Monsoon, L50, M|100/100\n|move|p2b: Sinistcha|Rage Powder|p2b: Sinistcha\n|-singleturn|p2b: Sinistcha|move: Rage Powder\n|move|p1b: Garchomp|Earthquake|p2a: Incineroar|[spread] p2a,p2b\n|-immune|p1a: Vivillon\n|-supereffective|p2a: Incineroar|1\n|-resisted|p2b: Sinistcha|1\n|-damage|p2a: Incineroar|43/100\n|-damage|p2b: Sinistcha|89/100\n|-damage|p1b: Garchomp|37/100 brn|[from] item: Life Orb\n|move|p2a: Incineroar|Parting Shot|p1b: Garchomp\n|-unboost|p1b: Garchomp|atk|1\n|-unboost|p1b: Garchomp|spa|1\n|\n|t:|1788285718\n|switch|p2a: Delphox|Delphox, L50, F, shiny|100/100|[from] Parting Shot\n|\n|-damage|p1b: Garchomp|31/100 brn|[from] brn\n|-end|p1b: Garchomp|Throat Chop|[silent]\n|upkeep\n|turn|4\n|\n|t:|1788285739\n|move|p2a: Delphox|Psyshock|p1b: Garchomp\n|-damage|p1b: Garchomp|0 fnt\n|faint|p1b: Garchomp\n|move|p1a: Vivillon|Sleep Powder|p2a: Delphox\n|-status|p2a: Delphox|slp|[from] move: Sleep Powder\n|move|p2b: Sinistcha|Trick Room|p2b: Sinistcha\n|-fieldstart|move: Trick Room|[of] p2b: Sinistcha\n|\n|upkeep\n|\n|t:|1788285753\n|switch|p1b: Meowstic|Meowstic-M-Mega, L50, M, shiny|100/100\n|-ability|p1b: Meowstic|Hospitality|Trace|[from] ability: Trace|[of] p2b: Sinistcha\n|turn|5\n|\n|t:|1788285762\n|switch|p2b: Incineroar|Incineroar, L50, F|43/100\n|-ability|p2b: Incineroar|Intimidate|boost\n|-unboost|p1a: Vivillon|atk|1\n|-unboost|p1b: Meowstic|atk|1\n|cant|p2a: Delphox|slp\n|move|p1a: Vivillon|Sleep Powder|p2b: Incineroar\n|-status|p2b: Incineroar|slp|[from] move: Sleep Powder\n|move|p1b: Meowstic|Expanding Force|p2b: Incineroar|[spread] p2a\n|-immune|p2b: Incineroar\n|-resisted|p2a: Delphox|1\n|-damage|p2a: Delphox|63/100 slp\n|\n|upkeep\n|turn|6\n|inactive|mweiuk has 30 seconds left.\n|\n|t:|1788285789\n|detailschange|p2a: Delphox|Delphox-Mega, L50, F, shiny\n|-mega|p2a: Delphox|Delphox|Delphoxite\n|cant|p2b: Incineroar|slp\n|move|p1a: Vivillon|U-turn|p2b: Incineroar\n|-damage|p2b: Incineroar|33/100 slp\n|\n|t:|1788285794\n|switch|p1a: Farigiraf|Farigiraf, L50, M|74/100|[from] U-turn\n|move|p1b: Meowstic|Shadow Ball|p2b: Incineroar\n|-resisted|p2b: Incineroar|1\n|-damage|p2b: Incineroar|18/100 slp\n|-curestatus|p2a: Delphox|slp|[msg]\n|move|p2a: Delphox|Heat Wave|p1a: Farigiraf|[spread] p1a,p1b\n|-damage|p1a: Farigiraf|33/100\n|-damage|p1b: Meowstic|53/100\n|-enditem|p1a: Farigiraf|Sitrus Berry|[eat]\n|-heal|p1a: Farigiraf|58/100|[from] item: Sitrus Berry\n|\n|-fieldend|move: Psychic Terrain\n|upkeep\n|turn|7\n|\n|t:|1788285816\n|-curestatus|p2b: Incineroar|slp|[msg]\n|move|p2b: Incineroar|Throat Chop|p1b: Meowstic\n|-supereffective|p1b: Meowstic|1\n|-crit|p1b: Meowstic\n|-damage|p1b: Meowstic|0 fnt\n|faint|p1b: Meowstic\n|move|p1a: Farigiraf|Psychic Terrain|p1a: Farigiraf\n|-fieldstart|move: Psychic Terrain\n|move|p2a: Delphox|Nasty Plot|p2a: Delphox\n|-boost|p2a: Delphox|spa|2\n|\n|upkeep\n|\n|t:|1788285829\n|switch|p1b: Vivillon|Vivillon-Monsoon, L50, M|100/100\n|turn|8\n|\n|t:|1788285837\n|move|p2b: Incineroar|Throat Chop|p1a: Farigiraf\n|-supereffective|p1a: Farigiraf|1\n|-damage|p1a: Farigiraf|0 fnt\n|faint|p1a: Farigiraf\n|move|p1b: Vivillon|Sleep Powder|p2a: Delphox\n|-status|p2a: Delphox|slp|[from] move: Sleep Powder\n|cant|p2a: Delphox|slp\n|\n|-fieldend|move: Trick Room\n|upkeep\n|turn|9\n|\n|t:|1788285848\n|switch|p2b: Sneasler|Sneasler, L50, M|100/100\n|cant|p2a: Delphox|slp\n|move|p1b: Vivillon|U-turn|p2b: Sneasler\n|-resisted|p2b: Sneasler|2\n|-damage|p2b: Sneasler|94/100\n|\n|upkeep\n|turn|10\n|-message|mweiuk forfeited.\n|raw|mweiuk's rating: 1000 &rarr; <strong>1000</strong><br />(+0 for losing)\n|raw|humania1's rating: 1000 &rarr; <strong>1040</strong><br />(+40 for winning)\n|\n|win|humania1\n","uploadtime":1788285855,"views":"0","formatid":"gen9championsvgc2026regmbbo3","rating":1000,"private":0,"password":null}