{"id":"gen9championsvgc2026regmb-2674902178","format":"[Gen 9 Champions] VGC 2026 Reg M-B","players":["lumiere215","Rockylosta"],"log":"|j|☆lumiere215\n|j|☆Rockylosta\n|html|<table width=\"100%\"><tr><td align=\"left\">lumiere215</td><td align=\"right\">Rockylosta</tr><tr><td align=\"left\"><i class=\"fa fa-circle-o\"></i> <i class=\"fa fa-circle-o\"></i> </td><td align=\"right\"><i class=\"fa fa-circle-o\"></i> <i class=\"fa fa-circle\"></i> </tr></table>\n|uhtml|bestof|<h2><strong>Game 2</strong> of <a href=\"/game-bestof3-gen9championsvgc2026regmb-2674899034\">a best-of-3</a></h2>\n|t:|1788432685\n|gametype|doubles\n|player|p1|lumiere215|drayden|\n|player|p2|Rockylosta|hilbert-wonderlauncher|\n|gen|9\n|tier|[Gen 9 Champions] VGC 2026 Reg M-B\n|rule|Species Clause: Limit one of each Pokémon\n|rule|Item Clause: Limit 1 of each item\n|raw|<div class=\"infobox\"><details class=\"readmore\" open><summary><strong>1 custom rule:</strong></summary> Best of = 3</details></div>\n|clearpoke\n|poke|p1|Talonflame, L50, F|\n|poke|p1|Excadrill, L50, F|\n|poke|p1|Rotom-Wash, L50|\n|poke|p1|Ninetales-Alola, L50, M|\n|poke|p1|Greninja, L50, M, shiny|\n|poke|p1|Infernape, L50, M|\n|poke|p2|Tyranitar, L50, F|\n|poke|p2|Excadrill, L50, M|\n|poke|p2|Primarina, L50, F|\n|poke|p2|Scovillain, L50, M|\n|poke|p2|Lopunny, L50, F|\n|poke|p2|Cofagrigus, L50, M|\n|teampreview|4\n|j| indianpro#2011\n|j| Goliathusaurus\n|j| m0ckingej\n|j| Flyan ryan 51\nRockylosta rejected open team sheets.\n|c| indianpro#2011|Moody too good\n|j| Meota\n|c|☆Rockylosta|i wasn’t expecting that\n|c| Flyan ryan 51|Damn the coffin cooked\n|c| Goliathusaurus|coffin: I don't need no partner, I set TR and sweep them myself\n|c| indianpro#2011|Fr\n|\n|t:|1788432780\n|teamsize|p1|4\n|teamsize|p2|4\n|start\n|switch|p1a: Evolution of Man|Infernape, L50, M|100/100\n|switch|p1b: Spicy Zinger Box|Talonflame, L50, F|100/100\n|switch|p2a: Cofagrigus|Cofagrigus, L50, M|100/100\n|switch|p2b: Primarina|Primarina, L50, F|100/100\n|turn|1\n|\n|t:|1788432810\n|move|p1a: Evolution of Man|U-turn|p2b: Primarina\n|-resisted|p2b: Primarina|1\n|-damage|p2b: Primarina|85/100\n|\n|t:|1788432814\n|switch|p1a: Stepsister Trap|Rotom-Wash, L50|100/100|[from] U-turn\n|move|p1b: Spicy Zinger Box|Taunt|p2a: Cofagrigus\n|-start|p2a: Cofagrigus|move: Taunt\n|move|p2b: Primarina|Calm Mind|p2b: Primarina\n|-boost|p2b: Primarina|spa|1\n|-boost|p2b: Primarina|spd|1\n|cant|p2a: Cofagrigus|move: Taunt|Trick Room\n|\n|-heal|p2b: Primarina|91/100|[from] item: Leftovers\n|upkeep\n|turn|2\n|c| Goliathusaurus|nice taunt\n|\n|t:|1788432863\n|switch|p2a: Tyranitar|Tyranitar, L50, F|100/100\n|-weather|Sandstorm|[from] ability: Sand Stream|[of] p2a: Tyranitar\n|move|p2b: Primarina|Protect|p2b: Primarina\n|-singleturn|p2b: Primarina|Protect\n|move|p1b: Spicy Zinger Box|Acrobatics|p2b: Primarina\n|-activate|p2b: Primarina|move: Protect\n|move|p1a: Stepsister Trap|Thunderbolt|p2b: Primarina\n|-activate|p2b: Primarina|move: Protect\n|\n|-weather|Sandstorm|[upkeep]\n|-damage|p1b: Spicy Zinger Box|94/100|[from] Sandstorm\n|-damage|p1a: Stepsister Trap|94/100|[from] Sandstorm\n|-damage|p2b: Primarina|85/100|[from] Sandstorm\n|-heal|p1a: Stepsister Trap|100/100|[from] item: Leftovers\n|-heal|p2b: Primarina|91/100|[from] item: Leftovers\n|upkeep\n|turn|3\n|j| Sylviera\n|\n|t:|1788432915\n|switch|p2b: Cofagrigus|Cofagrigus, L50, M|100/100\n|detailschange|p2a: Tyranitar|Tyranitar-Mega, L50, F\n|-mega|p2a: Tyranitar|Tyranitar|Tyranitarite\n|move|p1b: Spicy Zinger Box|Protect|p1b: Spicy Zinger Box\n|-singleturn|p1b: Spicy Zinger Box|Protect\n|move|p1a: Stepsister Trap|Thunderbolt|p2b: Cofagrigus\n|-damage|p2b: Cofagrigus|65/100\n|-status|p2b: Cofagrigus|par\n|move|p2a: Tyranitar|Rock Slide|p1a: Stepsister Trap|[spread] p1a\n|-activate|p1b: Spicy Zinger Box|move: Protect\n|-damage|p1a: Stepsister Trap|63/100\n|\n|-weather|Sandstorm|[upkeep]\n|-damage|p1b: Spicy Zinger Box|88/100|[from] Sandstorm\n|-damage|p1a: Stepsister Trap|57/100|[from] Sandstorm\n|-damage|p2b: Cofagrigus|59/100 par|[from] Sandstorm\n|-heal|p1a: Stepsister Trap|63/100|[from] item: Leftovers\n|upkeep\n|turn|4\n|\n|t:|1788432956\n|move|p2b: Cofagrigus|Ally Switch|p2b: Cofagrigus\n|swap|p2b: Cofagrigus|0|[from] move: Ally Switch\n|move|p1b: Spicy Zinger Box|Acrobatics|p2b: Tyranitar\n|-resisted|p2b: Tyranitar|1\n|-damage|p2b: Tyranitar|87/100\n|move|p1a: Stepsister Trap|Thunderbolt|p2b: Tyranitar\n|-damage|p2b: Tyranitar|68/100\n|move|p2b: Tyranitar|Rock Slide|p1b: Spicy Zinger Box|[spread] p1b\n|-miss|p2b: Tyranitar|p1a: Stepsister Trap\n|-supereffective|p1b: Spicy Zinger Box|2\n|-crit|p1b: Spicy Zinger Box\n|-damage|p1b: Spicy Zinger Box|0 fnt\n|faint|p1b: Spicy Zinger Box\n|\n|-weather|Sandstorm|[upkeep]\n|-damage|p1a: Stepsister Trap|57/100|[from] Sandstorm\n|-damage|p2a: Cofagrigus|53/100 par|[from] Sandstorm\n|-heal|p1a: Stepsister Trap|63/100|[from] item: Leftovers\n|upkeep\n|c|☆lumiere215|rude\n|\n|t:|1788432979\n|switch|p1b: Ninja in Paris|Greninja, L50, M, shiny|100/100\n|turn|5\n|c|☆Rockylosta|lol\n|\n|t:|1788433006\n|move|p2b: Tyranitar|Protect|p2b: Tyranitar\n|-singleturn|p2b: Tyranitar|Protect\n|move|p1b: Ninja in Paris|Low Kick|p2b: Tyranitar\n|-start|p1b: Ninja in Paris|typechange|Fighting|[from] ability: Protean\n|-activate|p2b: Tyranitar|move: Protect\n|move|p1a: Stepsister Trap|Thunderbolt|p2a: Cofagrigus\n|-damage|p2a: Cofagrigus|16/100 par\n|-enditem|p2a: Cofagrigus|Sitrus Berry|[eat]\n|-heal|p2a: Cofagrigus|41/100 par|[from] item: Sitrus Berry\n|move|p2a: Cofagrigus|Trick Room|p2a: Cofagrigus\n|-fieldstart|move: Trick Room|[of] p2a: Cofagrigus\n|\n|-weather|Sandstorm|[upkeep]\n|-damage|p2a: Cofagrigus|35/100 par|[from] Sandstorm\n|-damage|p1a: Stepsister Trap|57/100|[from] Sandstorm\n|-damage|p1b: Ninja in Paris|94/100|[from] Sandstorm\n|-heal|p1a: Stepsister Trap|63/100|[from] item: Leftovers\n|upkeep\n|turn|6\n|\n|t:|1788433053\n|move|p2a: Cofagrigus|Shadow Ball|p1a: Stepsister Trap\n|-damage|p1a: Stepsister Trap|35/100\n|move|p2b: Tyranitar|Knock Off|p1a: Stepsister Trap\n|-damage|p1a: Stepsister Trap|0 fnt\n|-enditem|p1a: Stepsister Trap|Leftovers|[from] move: Knock Off|[of] p2b: Tyranitar\n|faint|p1a: Stepsister Trap\n|move|p1b: Ninja in Paris|Low Kick|p2a: Cofagrigus\n|-immune|p2a: Cofagrigus\n|\n|-weather|none\n|upkeep\n|\n|t:|1788433063\n|switch|p1a: Evolution of Man|Infernape, L50, M|100/100\n|turn|7\n|c|☆Rockylosta|damm\n|c| indianpro#2011|Read failed\n|c|☆Rockylosta|feels bad im sorry\n|c|☆lumiere215|Nah all good\n|\n|t:|1788433176\n|move|p2b: Tyranitar|Protect|p2b: Tyranitar\n|-singleturn|p2b: Tyranitar|Protect\n|move|p2a: Cofagrigus|Shadow Ball|p1b: Ninja in Paris\n|-damage|p1b: Ninja in Paris|49/100\n|-unboost|p1b: Ninja in Paris|spd|1\n|move|p1b: Ninja in Paris|Dark Pulse|p2a: Cofagrigus\n|-supereffective|p2a: Cofagrigus|1\n|-damage|p2a: Cofagrigus|0 fnt\n|faint|p2a: Cofagrigus\n|move|p1a: Evolution of Man|Thunder Punch|p2b: Tyranitar\n|-activate|p2b: Tyranitar|move: Protect\n|\n|upkeep\n|\n|t:|1788433192\n|switch|p2a: Primarina|Primarina, L50, F|91/100\n|turn|8\n|\n|t:|1788433242\n|move|p2a: Primarina|Hyper Voice|p1a: Evolution of Man|[spread] p1a,p1b\n|-supereffective|p1a: Evolution of Man|1\n|-crit|p1b: Ninja in Paris\n|-damage|p1a: Evolution of Man|6/100\n|-damage|p1b: Ninja in Paris|0 fnt\n|faint|p1b: Ninja in Paris\n|move|p2b: Tyranitar|Knock Off|p1a: Evolution of Man\n|-resisted|p1a: Evolution of Man|1\n|-damage|p1a: Evolution of Man|0 fnt\n|-enditem|p1a: Evolution of Man|Choice Scarf|[from] move: Knock Off|[of] p2b: Tyranitar\n|faint|p1a: Evolution of Man\n|\n|win|Rockylosta\n|c|☆lumiere215|gg man\n|l| Flyan ryan 51\n|c|☆Rockylosta|ggs dude\n|l| Goliathusaurus\n|c| indianpro#2011|Great game\n|c|☆lumiere215|Nasty Plot coffin was spicy\n|c|☆Rockylosta|scarf infernape was incredible\n|l| indianpro#2011\n|j| indianpro#2011\n|l| indianpro#2011\n|l| m0ckingej\n|c|☆lumiere215|Yeah I knew I could catch the Lopunny out with a faster Fake Out. But couldn't pull through the rest of the game.\n|c|☆Rockylosta|no it was crazy i thought that game was a loss after turn 1\n|c|☆lumiere215|The scarf was tough because I almost locked myself into moves I couldn't get locked into multiple times.\n|c|☆lumiere215|I really thought game 1 would be an easy win for me because of the Fake Out but I couldn't deal with Nasty Plot coffin.\n|c|☆Rockylosta|yeah but you got my lopunny good\n|c|☆lumiere215|I almost taunted the Cof on turn 1 instead of Acrobatics too.\n|c|☆Rockylosta|nasty plot coffin i have to say i was cooking\n|c|☆lumiere215|Oh for sure\n|c|☆lumiere215|It's so hard to kill so it'll go heaps of value out of the boost.\n|c|☆Rockylosta|i was close to running mental herb too i was so sad when it got taunted\n|c|☆Rockylosta|would you mind doing the replays?\n|c|☆lumiere215|Yeah I thought it might have been herb but you ran the berry in previous games and I figured you'd keep the berry because of Greninja.\n","uploadtime":1788433503,"views":"19","formatid":"gen9championsvgc2026regmb","rating":null,"private":0,"password":null}