{"id":"gen9championsvgc2026regmbbo3-2673429444","format":"[Gen 9 Champions] VGC 2026 Reg M-B (Bo3)","players":["Spottedwoot","simioini"],"log":"|j|☆Spottedwoot\n|j|☆simioini\n|html|<table width=\"100%\"><tr><td align=\"left\">Spottedwoot</td><td align=\"right\">simioini</tr><tr><td align=\"left\"><i class=\"fa fa-circle\"></i> <i class=\"fa fa-circle-o\"></i> </td><td align=\"right\"><i class=\"fa fa-circle-o\"></i> <i class=\"fa fa-circle\"></i> </tr></table>\n|uhtml|bestof|<h2><strong>Game 3</strong> of <a href=\"/game-bestof3-gen9championsvgc2026regmbbo3-2673426451\">a best-of-3</a></h2>\n|t:|1788196747\n|gametype|doubles\n|player|p1|Spottedwoot|266|1196\n|player|p2|simioini|101|1231\n|gen|9\n|tier|[Gen 9 Champions] VGC 2026 Reg M-B (Bo3)\n|rated|\n|rule|Species Clause: Limit one of each Pokémon\n|rule|Item Clause: Limit 1 of each item\n|clearpoke\n|poke|p1|Garchomp, L50, M|\n|poke|p1|Delphox, L50, M|\n|poke|p1|Dragonite, L50, F|\n|poke|p1|Maushold, L50|\n|poke|p1|Aegislash, L50, F|\n|poke|p1|Milotic, L50, F|\n|poke|p2|Incineroar, L50, F|\n|poke|p2|Samurott-Hisui, L50, M, shiny|\n|poke|p2|Sinistcha, L50|\n|poke|p2|Sneasler, L50, F|\n|poke|p2|Floette-Eternal, L50, F|\n|poke|p2|Delphox, L50, F, shiny|\n|teampreview|4\n|showteam|p1|Garchomp||ChoiceScarf|RoughSkin|DragonClaw,StompingTantrum,Earthquake,RockSlide|Jolly||M|||50|]Delphox||Delphoxite|Blaze|Psychic,HeatWave,NastyPlot,Protect|Timid||M|||50|]Dragonite||LifeOrb|InnerFocus|DragonClaw,Superpower,ExtremeSpeed,Protect|Adamant||F|||50|]Maushold||FocusSash|FriendGuard|SuperFang,FollowMe,HelpingHand,Protect|Calm|||||50|]Aegislash||SpellTag|StanceChange|Poltergeist,SacredSword,ShadowSneak,KingsShield|Adamant||F|||50|]Milotic||SitrusBerry|Competitive|Scald,IceBeam,HelpingHand,Protect|Modest||F|||50|\n|showteam|p2|Incineroar||SitrusBerry|Intimidate|FakeOut,FlareBlitz,DarkestLariat,PartingShot|Careful||F|||50|]Samurott-Hisui||ChoiceScarf|Sharpness|RazorShell,NightSlash,SacredSword,FlipTurn|Jolly||M|||50|]Sinistcha||OccaBerry|Hospitality|MatchaGotcha,LifeDew,RagePowder,Protect|Relaxed|||||50|]Sneasler||FocusSash|PoisonTouch|FakeOut,CloseCombat,PoisonJab,RockSlide|Jolly||F|||50|]Floette-Eternal||Floettite|FlowerVeil|Moonblast,DazzlingGleam,CalmMind,Protect|Modest||F|||50|]Delphox||Delphoxite|Blaze|Psychic,HeatWave,NastyPlot,Protect|Timid||F|||50|\n|\n|t:|1788196769\n|teamsize|p1|4\n|teamsize|p2|4\n|start\n|switch|p1a: Aegislash|Aegislash, L50, F|100/100\n|switch|p1b: Milotic|Milotic, L50, F|100/100\n|switch|p2a: Floette|Floette-Eternal, L50, F|100/100\n|switch|p2b: Samurott|Samurott-Hisui, L50, M, shiny|100/100\n|turn|1\n|\n|t:|1788196791\n|detailschange|p2a: Floette|Floette-Mega, L50, F\n|-mega|p2a: Floette|Floette|Floettite\n|-ability|p2a: Floette|Fairy Aura\n|move|p2b: Samurott|Night Slash|p1b: Milotic\n|-damage|p1b: Milotic|46/100\n|-enditem|p1b: Milotic|Sitrus Berry|[eat]\n|-heal|p1b: Milotic|71/100|[from] item: Sitrus Berry\n|move|p2a: Floette|Calm Mind|p2a: Floette\n|-boost|p2a: Floette|spa|1\n|-boost|p2a: Floette|spd|1\n|move|p1b: Milotic|Scald|p2a: Floette\n|-damage|p2a: Floette|79/100\n|-status|p2a: Floette|brn\n|-formechange|p1a: Aegislash|Aegislash-Blade|\n|move|p1a: Aegislash|Sacred Sword|p2b: Samurott\n|-supereffective|p2b: Samurott|1\n|-damage|p2b: Samurott|1/100\n|\n|-damage|p2a: Floette|73/100 brn|[from] brn\n|upkeep\n|turn|2\n|\n|t:|1788196817\n|switch|p2b: Sinistcha|Sinistcha, L50|100/100\n|-heal|p2a: Floette|98/100 brn|[from] ability: Hospitality|[of] p2b: Sinistcha\n|-formechange|p1a: Aegislash|Aegislash|\n|move|p1a: Aegislash|King's Shield|p1a: Aegislash\n|-singleturn|p1a: Aegislash|Protect\n|move|p2a: Floette|Moonblast|p1b: Milotic\n|-damage|p1b: Milotic|0 fnt\n|faint|p1b: Milotic\n|\n|-damage|p2a: Floette|92/100 brn|[from] brn\n|upkeep\n|\n|t:|1788196820\n|switch|p1b: Delphox|Delphox, L50, M|100/100\n|turn|3\n|\n|t:|1788196834\n|switch|p2b: Incineroar|Incineroar, L50, F|100/100\n|-ability|p2b: Incineroar|Intimidate|boost\n|-unboost|p1a: Aegislash|atk|1\n|-unboost|p1b: Delphox|atk|1\n|detailschange|p1b: Delphox|Delphox-Mega, L50, M\n|-mega|p1b: Delphox|Delphox|Delphoxite\n|move|p2a: Floette|Protect|p2a: Floette\n|-singleturn|p2a: Floette|Protect\n|move|p1b: Delphox|Nasty Plot|p1b: Delphox\n|-boost|p1b: Delphox|spa|2\n|-formechange|p1a: Aegislash|Aegislash-Blade|\n|move|p1a: Aegislash|Poltergeist|p2b: Incineroar\n|-activate|p2b: Incineroar|move: Poltergeist|Sitrus Berry\n|-resisted|p2b: Incineroar|1\n|-damage|p2b: Incineroar|79/100\n|\n|-damage|p2a: Floette|85/100 brn|[from] brn\n|upkeep\n|turn|4\n|\n|t:|1788196870\n|move|p1b: Delphox|Protect|p1b: Delphox\n|-singleturn|p1b: Delphox|Protect\n|move|p2a: Floette|Dazzling Gleam|p1b: Delphox|[spread] p1a\n|-activate|p1b: Delphox|move: Protect\n|-resisted|p1a: Aegislash|1\n|-crit|p1a: Aegislash\n|-damage|p1a: Aegislash|7/100\n|move|p1a: Aegislash|Poltergeist|p2a: Floette\n|-activate|p2a: Floette|move: Poltergeist|Floettite\n|-damage|p2a: Floette|30/100 brn\n|move|p2b: Incineroar|Parting Shot|p1a: Aegislash\n|-unboost|p1a: Aegislash|atk|1\n|-unboost|p1a: Aegislash|spa|1\n|\n|t:|1788196883\n|switch|p2b: Samurott|Samurott-Hisui, L50, M, shiny|1/100|[from] Parting Shot\n|\n|-damage|p2a: Floette|24/100 brn|[from] brn\n|upkeep\n|turn|5\n|\n|t:|1788196899\n|switch|p2a: Sinistcha|Sinistcha, L50|100/100\n|-heal|p2b: Samurott|26/100|[from] ability: Hospitality|[of] p2a: Sinistcha\n|move|p1a: Aegislash|Shadow Sneak|p2b: Samurott\n|-resisted|p2b: Samurott|1\n|-damage|p2b: Samurott|16/100\n|move|p2b: Samurott|Night Slash|p1b: Delphox\n|-supereffective|p1b: Delphox|1\n|-damage|p1b: Delphox|0 fnt\n|faint|p1b: Delphox\n|\n|upkeep\n|-message|Spottedwoot forfeited.\n|\n|win|simioini\n|raw|Spottedwoot's rating: 1196 &rarr; <strong>1174</strong><br />(-22 for losing)\n|raw|simioini's rating: 1231 &rarr; <strong>1253</strong><br />(+22 for winning)\n","uploadtime":1788196909,"views":"8","formatid":"gen9championsvgc2026regmbbo3","rating":1174,"private":0,"password":null}