{"id":"gen9championsvgc2026regmbbo3-2674504896","format":"[Gen 9 Champions] VGC 2026 Reg M-B (Bo3)","players":["i love all turtles","mangosol"],"log":"|j|☆i love all turtles\n|j|☆mangosol\n|html|<table width=\"100%\"><tr><td align=\"left\">i love all turtles</td><td align=\"right\">mangosol</tr><tr><td align=\"left\"><i class=\"fa fa-circle-o\"></i> <i class=\"fa fa-circle-o\"></i> </td><td align=\"right\"><i class=\"fa fa-circle-o\"></i> <i class=\"fa fa-circle\"></i> </tr></table>\n|uhtml|bestof|<h2><strong>Game 2</strong> of <a href=\"/game-bestof3-gen9championsvgc2026regmbbo3-2674502723\">a best-of-3</a></h2>\n|t:|1788367656\n|gametype|doubles\n|player|p1|i love all turtles|ethan|1419\n|player|p2|mangosol|102|1343\n|gen|9\n|tier|[Gen 9 Champions] VGC 2026 Reg M-B (Bo3)\n|rated|\n|rule|Species Clause: Limit one of each Pokémon\n|rule|Item Clause: Limit 1 of each item\n|clearpoke\n|poke|p1|Whimsicott, L50, F|\n|poke|p1|Basculegion, L50, M|\n|poke|p1|Floette-Eternal, L50, F|\n|poke|p1|Dragonite, L50, M|\n|poke|p1|Sneasler, L50, F|\n|poke|p1|Kingambit, L50, F|\n|poke|p2|Garchomp, L50, M|\n|poke|p2|Sneasler, L50, F|\n|poke|p2|Whimsicott, L50, F|\n|poke|p2|Charizard, L50, M, shiny|\n|poke|p2|Floette-Eternal, L50, F|\n|poke|p2|Kingambit, L50, M|\n|teampreview|4\n|showteam|p1|Whimsicott||FocusSash|Prankster|Moonblast,Tailwind,Encore,Protect|Timid||F|||50|]Basculegion||LifeOrb|Adaptability|WaveCrash,LastRespects,AquaJet,Protect|Adamant||M|||50|]Floette-Eternal||Floettite|FlowerVeil|Moonblast,DazzlingGleam,LightofRuin,Protect|Timid||F|||50|]Dragonite||Dragoninite|InnerFocus|DragonPulse,HeatWave,Thunderbolt,Protect|Modest||M|||50|]Sneasler||WhiteHerb|Unburden|DireClaw,CloseCombat,RockSlide,FakeOut|Jolly||F|||50|]Kingambit||ChopleBerry|Defiant|KowtowCleave,IronHead,LowKick,SuckerPunch|Adamant||F|||50|\n|showteam|p2|Garchomp||LifeOrb|RoughSkin|DragonClaw,RockSlide,Protect,Earthquake|Jolly||M|||50|]Sneasler||WhiteHerb|Unburden|FakeOut,Taunt,DireClaw,CloseCombat|Jolly||F|||50|]Whimsicott||FocusSash|Prankster|Tailwind,Encore,WorrySeed,Moonblast|Timid||F|||50|]Charizard||CharizarditeY|Blaze|HeatWave,Protect,AncientPower,SolarBeam|Timid||M|||50|]Floette-Eternal||Floettite|FlowerVeil|DazzlingGleam,LightofRuin,Protect,Moonblast|Timid||F|||50|]Kingambit||BlackGlasses|Defiant|SuckerPunch,IronHead,Protect,KowtowCleave|Adamant||M|||50|\n|inactive|Battle timer is ON: inactive players will automatically lose when time's up. (requested by i love all turtles)\n|inactive|mangosol has 60 seconds left.\n|\n|t:|1788367698\n|teamsize|p1|4\n|teamsize|p2|4\n|start\n|switch|p1a: Dragonite|Dragonite, L50, M|100/100\n|switch|p1b: Sneasler|Sneasler, L50, F|100/100\n|switch|p2a: Whimsicott|Whimsicott, L50, F|100/100\n|switch|p2b: Sneasler|Sneasler, L50, F|100/100\n|turn|1\n|inactive|i love all turtles has 30 seconds left.\n|\n|t:|1788367725\n|detailschange|p1a: Dragonite|Dragonite-Mega, L50, M\n|-mega|p1a: Dragonite|Dragonite|Dragoninite\n|move|p2b: Sneasler|Fake Out|p1b: Sneasler\n|-damage|p1b: Sneasler|77/100\n|move|p2a: Whimsicott|Tailwind|p2a: Whimsicott\n|-sidestart|p2: mangosol|move: Tailwind\n|cant|p1b: Sneasler|flinch\n|move|p1a: Dragonite|Heat Wave|p2a: Whimsicott|[spread] p2a,p2b\n|-supereffective|p2a: Whimsicott|1\n|-damage|p2a: Whimsicott|4/100\n|-damage|p2b: Sneasler|57/100\n|\n|upkeep\n|turn|2\n|inactive|mangosol has 30 seconds left.\n|\n|t:|1788367758\n|switch|p1b: Basculegion|Basculegion, L50, M|100/100\n|move|p2b: Sneasler|Dire Claw|p1a: Dragonite\n|-damage|p1a: Dragonite|82/100\n|move|p2a: Whimsicott|Moonblast|p1a: Dragonite\n|-supereffective|p1a: Dragonite|1\n|-damage|p1a: Dragonite|17/100\n|move|p1a: Dragonite|Heat Wave|p2b: Sneasler|[spread] p2b\n|-miss|p1a: Dragonite|p2a: Whimsicott\n|-damage|p2b: Sneasler|14/100\n|\n|upkeep\n|turn|3\n|inactive|mangosol has 30 seconds left.\n|\n|t:|1788367789\n|switch|p2a: Garchomp|Garchomp, L50, M|100/100\n|move|p1b: Basculegion|Aqua Jet|p2a: Garchomp\n|-damage|p2a: Garchomp|61/100\n|-damage|p1b: Basculegion|87/100|[from] ability: Rough Skin|[of] p2a: Garchomp\n|-damage|p1b: Basculegion|77/100|[from] item: Life Orb\n|move|p2b: Sneasler|Dire Claw|p1b: Basculegion\n|-resisted|p1b: Basculegion|1\n|-damage|p1b: Basculegion|54/100\n|move|p1a: Dragonite|Dragon Pulse|p2b: Sneasler\n|-damage|p2b: Sneasler|0 fnt\n|faint|p2b: Sneasler\n|\n|upkeep\n|\n|t:|1788367803\n|switch|p2b: Charizard|Charizard, L50, M, shiny|100/100\n|turn|4\n|\n|t:|1788367818\n|detailschange|p2b: Charizard|Charizard-Mega-Y, L50, M, shiny\n|-mega|p2b: Charizard|Charizard|Charizardite Y\n|-weather|SunnyDay|[from] ability: Drought|[of] p2b: Charizard\n|move|p1b: Basculegion|Protect|p1b: Basculegion\n|-singleturn|p1b: Basculegion|Protect\n|move|p2a: Garchomp|Earthquake|p1a: Dragonite|[spread] \n|-activate|p1b: Basculegion|move: Protect\n|-immune|p2b: Charizard\n|-immune|p1a: Dragonite\n|move|p2b: Charizard|Heat Wave|p1b: Basculegion|[spread] p1a\n|-activate|p1b: Basculegion|move: Protect\n|-resisted|p1a: Dragonite|1\n|-damage|p1a: Dragonite|0 fnt\n|faint|p1a: Dragonite\n|\n|-weather|SunnyDay|[upkeep]\n|-sideend|p2: mangosol|move: Tailwind\n|upkeep\n|\n|t:|1788367826\n|switch|p1a: Whimsicott|Whimsicott, L50, F|100/100\n|turn|5\n|inactive|mangosol has 30 seconds left.\n|inactive|mangosol has 20 seconds left.\n|\n|t:|1788367864\n|move|p1a: Whimsicott|Tailwind|p1a: Whimsicott\n|-sidestart|p1: i love all turtles|move: Tailwind\n|move|p1b: Basculegion|Last Respects|p2a: Garchomp\n|-crit|p2a: Garchomp\n|-damage|p2a: Garchomp|0 fnt\n|faint|p2a: Garchomp\n|-damage|p1b: Basculegion|45/100|[from] item: Life Orb\n|move|p2b: Charizard|Heat Wave|p1b: Basculegion|[spread] p1a,p1b\n|-supereffective|p1a: Whimsicott|1\n|-resisted|p1b: Basculegion|1\n|-enditem|p1a: Whimsicott|Focus Sash\n|-damage|p1a: Whimsicott|1/100\n|-damage|p1b: Basculegion|9/100\n|\n|-weather|SunnyDay|[upkeep]\n|upkeep\n|\n|t:|1788367876\n|switch|p2a: Whimsicott|Whimsicott, L50, F|4/100\n|turn|6\n|\n|t:|1788367896\n|move|p1a: Whimsicott|Protect|p1a: Whimsicott\n|-singleturn|p1a: Whimsicott|Protect\n|move|p1b: Basculegion|Aqua Jet|p2a: Whimsicott\n|-resisted|p2a: Whimsicott|1\n|-damage|p2a: Whimsicott|0 fnt\n|faint|p2a: Whimsicott\n|-damage|p1b: Basculegion|0 fnt|[from] item: Life Orb\n|faint|p1b: Basculegion\n|move|p2b: Charizard|Heat Wave|p1a: Whimsicott\n|-activate|p1a: Whimsicott|move: Protect\n|\n|-weather|SunnyDay|[upkeep]\n|upkeep\n|\n|t:|1788367901\n|switch|p1b: Sneasler|Sneasler, L50, F|77/100\n|turn|7\n|\n|t:|1788367906\n|move|p1b: Sneasler|Fake Out|p2b: Charizard\n|-damage|p2b: Charizard|80/100\n|move|p1a: Whimsicott|Moonblast|p2b: Charizard\n|-resisted|p2b: Charizard|1\n|-damage|p2b: Charizard|64/100\n|-unboost|p2b: Charizard|spa|1\n|cant|p2b: Charizard|flinch\n|\n|-weather|SunnyDay|[upkeep]\n|upkeep\n|turn|8\n|\n|t:|1788367912\n|move|p1a: Whimsicott|Moonblast|p2b: Charizard\n|-resisted|p2b: Charizard|1\n|-crit|p2b: Charizard\n|-damage|p2b: Charizard|38/100\n|-unboost|p2b: Charizard|spa|1\n|move|p1b: Sneasler|Dire Claw|p2b: Charizard\n|-damage|p2b: Charizard|0 fnt\n|faint|p2b: Charizard\n|\n|win|i love all turtles\n","uploadtime":1788367913,"views":"2","formatid":"gen9championsvgc2026regmbbo3","rating":null,"private":0,"password":null}