{"id":"gen9championsvgc2026regmb-2674956742","format":"[Gen 9 Champions] VGC 2026 Reg M-B","players":["thykatt","mantien123"],"log":"|j|☆thykatt\n|j|☆mantien123\n|t:|1788441741\n|gametype|doubles\n|player|p1|thykatt|266|1288\n|player|p2|mantien123|2|1341\n|gen|9\n|tier|[Gen 9 Champions] VGC 2026 Reg M-B\n|rated|\n|rule|Species Clause: Limit one of each Pokémon\n|rule|Item Clause: Limit 1 of each item\n|clearpoke\n|poke|p1|Raichu, L50, F|\n|poke|p1|Staraptor, L50, F|\n|poke|p1|Arcanine-Hisui, L50, M|\n|poke|p1|Farigiraf, L50, M|\n|poke|p1|Sylveon, L50, F|\n|poke|p1|Kingambit, L50, M|\n|poke|p2|Staraptor, L50, M|\n|poke|p2|Excadrill, L50, F|\n|poke|p2|Farigiraf, L50, M|\n|poke|p2|Gholdengo, L50|\n|poke|p2|Tyranitar, L50, F|\n|poke|p2|Whimsicott, L50, F|\n|teampreview|4\n|inactive|Battle timer is ON: inactive players will automatically lose when time's up. (requested by thykatt)\n|inactive|thykatt has 60 seconds left.\n|inactive|mantien123 has 60 seconds left.\n|\n|t:|1788441787\n|teamsize|p1|4\n|teamsize|p2|4\n|start\n|switch|p1a: Arcanine|Arcanine-Hisui, L50, M|100/100\n|switch|p1b: Staraptor|Staraptor, L50, F|100/100\n|switch|p2a: Staraptor|Staraptor, L50, M|100/100\n|switch|p2b: Farigiraf|Farigiraf, L50, M|100/100\n|-ability|p1b: Staraptor|Intimidate|boost\n|-unboost|p2a: Staraptor|atk|1\n|-unboost|p2b: Farigiraf|atk|1\n|-ability|p2a: Staraptor|Intimidate|boost\n|-unboost|p1a: Arcanine|atk|1\n|-unboost|p1b: Staraptor|atk|1\n|turn|1\n|inactive|thykatt has 30 seconds left.\n|inactive|thykatt has 20 seconds left.\n|\n|t:|1788441823\n|detailschange|p2a: Staraptor|Staraptor-Mega, L50, M\n|-mega|p2a: Staraptor|Staraptor|Staraptite\n|detailschange|p1b: Staraptor|Staraptor-Mega, L50, F\n|-mega|p1b: Staraptor|Staraptor|Staraptite\n|move|p1a: Arcanine|Protect|p1a: Arcanine\n|-singleturn|p1a: Arcanine|Protect\n|move|p1b: Staraptor|Dual Wingbeat|p2a: Staraptor\n|-supereffective|p2a: Staraptor|1\n|-damage|p2a: Staraptor|68/100\n|-supereffective|p2a: Staraptor|1\n|-damage|p2a: Staraptor|35/100\n|-hitcount|p2a: Staraptor|2\n|move|p2a: Staraptor|Close Combat|p1a: Arcanine\n|-activate|p1a: Arcanine|move: Protect\n|move|p2b: Farigiraf|Psychic|p1b: Staraptor\n|-supereffective|p1b: Staraptor|1\n|-damage|p1b: Staraptor|24/100\n|\n|upkeep\n|turn|2\n|inactive|thykatt has 30 seconds left.\n|inactive|mantien123 has 30 seconds left.\n|\n|t:|1788441853\n|move|p1b: Staraptor|Protect|p1b: Staraptor\n|-singleturn|p1b: Staraptor|Protect\n|move|p2a: Staraptor|Protect|p2a: Staraptor\n|-singleturn|p2a: Staraptor|Protect\n|move|p1a: Arcanine|Head Smash|p2a: Staraptor\n|-activate|p2a: Staraptor|move: Protect\n|move|p2b: Farigiraf|Nasty Plot|p2b: Farigiraf\n|-boost|p2b: Farigiraf|spa|2\n|\n|upkeep\n|turn|3\n|inactive|thykatt has 30 seconds left.\n|inactive|mantien123 has 30 seconds left.\n|\n|t:|1788441886\n|switch|p2a: Excadrill|Excadrill, L50, F|100/100\n|move|p1b: Staraptor|Tailwind|p1b: Staraptor\n|-sidestart|p1: thykatt|move: Tailwind\n|move|p1a: Arcanine|Flare Blitz|p2a: Excadrill\n|-supereffective|p2a: Excadrill|1\n|-damage|p2a: Excadrill|0 fnt\n|faint|p2a: Excadrill\n|move|p2b: Farigiraf|Thunderbolt|p1b: Staraptor\n|-supereffective|p1b: Staraptor|1\n|-damage|p1b: Staraptor|0 fnt\n|faint|p1b: Staraptor\n|\n|upkeep\n|\n|t:|1788441899\n|switch|p1b: Kingambit|Kingambit, L50, M|100/100\n|switch|p2a: Tyranitar|Tyranitar, L50, F|100/100\n|-weather|Sandstorm|[from] ability: Sand Stream|[of] p2a: Tyranitar\n|turn|4\n|inactive|thykatt has 30 seconds left.\n|inactive|mantien123 has 30 seconds left.\n|\n|t:|1788441927\n|switch|p1a: Sylveon|Sylveon, L50, F|100/100\n|move|p1b: Kingambit|Kowtow Cleave|p2b: Farigiraf\n|-supereffective|p2b: Farigiraf|1\n|-damage|p2b: Farigiraf|9/100\n|-enditem|p2b: Farigiraf|Sitrus Berry|[eat]\n|-heal|p2b: Farigiraf|34/100|[from] item: Sitrus Berry\n|-damage|p1b: Kingambit|90/100|[from] item: Life Orb\n|move|p2a: Tyranitar|Low Kick|p1b: Kingambit\n|-supereffective|p1b: Kingambit|2\n|-damage|p1b: Kingambit|0 fnt\n|faint|p1b: Kingambit\n|move|p2b: Farigiraf|Psychic|p1a: Sylveon\n|-damage|p1a: Sylveon|50/100g\n|\n|-weather|Sandstorm|[upkeep]\n|-damage|p1a: Sylveon|44/100|[from] Sandstorm\n|-damage|p2b: Farigiraf|28/100|[from] Sandstorm\n|upkeep\n|\n|t:|1788441942\n|switch|p1b: Arcanine|Arcanine-Hisui, L50, M|100/100\n|turn|5\n|\n|t:|1788441956\n|move|p1b: Arcanine|Head Smash|p2a: Tyranitar\n|-damage|p2a: Tyranitar|44/100\n|move|p1a: Sylveon|Hyper Voice|p2a: Tyranitar|[spread] p2a,p2b\n|-supereffective|p2a: Tyranitar|1\n|-damage|p2a: Tyranitar|0 fnt\n|-damage|p2b: Farigiraf|0 fnt\n|faint|p2a: Tyranitar\n|faint|p2b: Farigiraf\n|\n|-weather|Sandstorm|[upkeep]\n|-damage|p1a: Sylveon|38/100|[from] Sandstorm\n|upkeep\n|\n|t:|1788441963\n|switch|p2b: Staraptor|Staraptor-Mega, L50, M|35/100\n|turn|6\n|\n|t:|1788441972\n|move|p2b: Staraptor|Protect|p2b: Staraptor\n|-singleturn|p2b: Staraptor|Protect\n|move|p1b: Arcanine|Flare Blitz|p2b: Staraptor\n|-activate|p2b: Staraptor|move: Protect\n|move|p1a: Sylveon|Hyper Beam|p2b: Staraptor\n|-activate|p2b: Staraptor|move: Protect\n|\n|-weather|Sandstorm|[upkeep]\n|-damage|p2b: Staraptor|29/100|[from] Sandstorm\n|-damage|p1a: Sylveon|32/100|[from] Sandstorm\n|-sideend|p1: thykatt|move: Tailwind\n|upkeep\n|turn|7\n|\n|t:|1788441981\n|move|p1b: Arcanine|Extreme Speed|p2b: Staraptor\n|-damage|p2b: Staraptor|1/100\n|move|p1a: Sylveon|Quick Attack|p2b: Staraptor\n|-supereffective|p2b: Staraptor|1\n|-damage|p2b: Staraptor|0 fnt\n|faint|p2b: Staraptor\n|\n|win|thykatt\n|raw|thykatt's rating: 1288 &rarr; <strong>1317</strong><br />(+29 for winning)\n|raw|mantien123's rating: 1341 &rarr; <strong>1318</strong><br />(-23 for losing)\n","uploadtime":1788442446,"views":"5","formatid":"gen9championsvgc2026regmb","rating":1317,"private":0,"password":null}