{"id":"gen9championsvgc2026regmb-2673989279","format":"[Gen 9 Champions] VGC 2026 Reg M-B","players":["Energenius","homerj71"],"log":"|j|☆Energenius\n|j|☆homerj71\n|html|<table width=\"100%\"><tr><td align=\"left\">Energenius</td><td align=\"right\">homerj71</tr><tr><td align=\"left\"><i class=\"fa fa-circle\"></i> <i class=\"fa fa-circle-o\"></i> </td><td align=\"right\"><i class=\"fa fa-circle-o\"></i> <i class=\"fa fa-circle\"></i> </tr></table>\n|uhtml|bestof|<h2><strong>Game 3</strong> of <a href=\"/game-bestof3-gen9championsvgc2026regmb-2673980984\">a best-of-3</a></h2>\n|t:|1788285416\n|gametype|doubles\n|player|p1|Energenius|169|\n|player|p2|homerj71|265|\n|gen|9\n|tier|[Gen 9 Champions] VGC 2026 Reg M-B\n|rule|Species Clause: Limit one of each Pokémon\n|rule|Item Clause: Limit 1 of each item\n|raw|<div class=\"infobox\"><details class=\"readmore\" open><summary><strong>1 custom rule:</strong></summary> Best of = 3</details></div>\n|clearpoke\n|poke|p1|Floette-Eternal, L50, F|\n|poke|p1|Garchomp, L50, M, shiny|\n|poke|p1|Basculegion, L50, M, shiny|\n|poke|p1|Kingambit, L50, M, shiny|\n|poke|p1|Whimsicott, L50, M, shiny|\n|poke|p1|Charizard, L50, F, shiny|\n|poke|p2|Sneasler, L50, M|\n|poke|p2|Sinistcha, L50|\n|poke|p2|Incineroar, L50, F, shiny|\n|poke|p2|Kingambit, L50, M, shiny|\n|poke|p2|Delphox, L50, F, shiny|\n|poke|p2|Blastoise, L50, F|\n|teampreview|4\n|inactive|Battle timer is ON: inactive players will automatically lose when time's up. (requested by homerj71)\nhomerj71 has agreed to open team sheets.\n|inactive|Energenius has 60 seconds left.\n|inactive|Energenius has 30 seconds left.\n|\n|t:|1788285478\n|teamsize|p1|4\n|teamsize|p2|4\n|start\n|switch|p1a: Kingambit|Kingambit, L50, M, shiny|100/100\n|switch|p1b: Charizard|Charizard, L50, F, shiny|100/100\n|switch|p2a: Delphox|Delphox, L50, F, shiny|100/100\n|switch|p2b: Incineroar|Incineroar, L50, F, shiny|100/100\n|-ability|p2b: Incineroar|Intimidate|boost\n|-unboost|p1a: Kingambit|atk|1\n|-ability|p1a: Kingambit|Defiant|boost\n|-boost|p1a: Kingambit|atk|2\n|-unboost|p1b: Charizard|atk|1\n|turn|1\n|inactive|Energenius has 30 seconds left.\n|inactive|Energenius has 20 seconds left.\n|inactive|Energenius has 15 seconds left.\n|inactive|Energenius has 10 seconds left.\n|inactive|Energenius has 5 seconds left.\n|\n|t:|1788285531\n|switch|p1b: Whimsicott|Whimsicott, L50, M, shiny|100/100\n|detailschange|p2a: Delphox|Delphox-Mega, L50, F, shiny\n|-mega|p2a: Delphox|Delphox|Delphoxite\n|move|p2a: Delphox|Protect|p2a: Delphox\n|-singleturn|p2a: Delphox|Protect\n|move|p2b: Incineroar|Flare Blitz|p1a: Kingambit\n|-supereffective|p1a: Kingambit|1\n|-damage|p1a: Kingambit|25/100\n|-damage|p2b: Incineroar|75/100|[from] Recoil\n|move|p1a: Kingambit|Kowtow Cleave|p2a: Delphox\n|-activate|p2a: Delphox|move: Protect\n|\n|upkeep\n|turn|2\n|\n|t:|1788285551\n|switch|p2a: Sinistcha|Sinistcha, L50|100/100\n|-heal|p2b: Incineroar|100/100|[from] ability: Hospitality|[of] p2a: Sinistcha\n|move|p1b: Whimsicott|Tailwind|p1b: Whimsicott\n|-sidestart|p1: Energenius|move: Tailwind\n|move|p1a: Kingambit|Low Kick|p2b: Incineroar\n|-supereffective|p2b: Incineroar|1\n|-damage|p2b: Incineroar|28/100\n|-enditem|p2b: Incineroar|Sitrus Berry|[eat]\n|-heal|p2b: Incineroar|53/100|[from] item: Sitrus Berry\n|move|p2b: Incineroar|Flare Blitz|p1b: Whimsicott\n|-supereffective|p1b: Whimsicott|1\n|-enditem|p1b: Whimsicott|Focus Sash\n|-damage|p1b: Whimsicott|1/100\n|-damage|p2b: Incineroar|31/100|[from] Recoil\n|\n|upkeep\n|turn|3\n|inactive|Energenius has 30 seconds left.\n|inactive|homerj71 has 30 seconds left.\n|inactive|Energenius has 20 seconds left.\n|inactive|homerj71 has 20 seconds left.\n|inactive|Energenius has 15 seconds left.\n|inactive|homerj71 has 15 seconds left.\n|inactive|Energenius has 10 seconds left.\n|inactive|homerj71 has 10 seconds left.\n|inactive|Energenius has 5 seconds left.\n|\n|t:|1788285604\n|move|p1b: Whimsicott|Protect|p1b: Whimsicott\n|-singleturn|p1b: Whimsicott|Protect\n|move|p2a: Sinistcha|Rage Powder|p2a: Sinistcha\n|-singleturn|p2a: Sinistcha|move: Rage Powder\n|move|p1a: Kingambit|Kowtow Cleave|p2a: Sinistcha\n|-supereffective|p2a: Sinistcha|1\n|-enditem|p2a: Sinistcha|Colbur Berry|[eat]\n|-enditem|p2a: Sinistcha|Colbur Berry|[weaken]\n|-damage|p2a: Sinistcha|46/100\n|move|p2b: Incineroar|Flare Blitz|p1a: Kingambit\n|-supereffective|p1a: Kingambit|1\n|-damage|p1a: Kingambit|0 fnt\n|faint|p1a: Kingambit\n|-damage|p2b: Incineroar|23/100|[from] Recoil\n|\n|upkeep\n|\n|t:|1788285619\n|switch|p1a: Charizard|Charizard, L50, F, shiny|100/100\n|turn|4\n|inactive|Energenius has 30 seconds left.\n|\n|t:|1788285652\n|switch|p1b: Basculegion|Basculegion, L50, M, shiny|100/100\n|detailschange|p1a: Charizard|Charizard-Mega-Y, L50, F, shiny\n|-mega|p1a: Charizard|Charizard|Charizardite Y\n|-weather|SunnyDay|[from] ability: Drought|[of] p1a: Charizard\n|move|p1a: Charizard|Heat Wave|p2a: Sinistcha|[spread] p2a,p2b\n|-supereffective|p2a: Sinistcha|1\n|-resisted|p2b: Incineroar|1\n|-damage|p2a: Sinistcha|0 fnt\n|-damage|p2b: Incineroar|0 fnt\n|faint|p2a: Sinistcha\n|faint|p2b: Incineroar\n|\n|-weather|SunnyDay|[upkeep]\n|upkeep\n|\n|t:|1788285660\n|switch|p2b: Kingambit|Kingambit, L50, M, shiny|100/100\n|switch|p2a: Delphox|Delphox-Mega, L50, F, shiny|100/100\n|turn|5\n|\n|t:|1788285676\n|move|p2b: Kingambit|Sucker Punch|p1a: Charizard\n|-damage|p1a: Charizard|50/100g\n|-damage|p2b: Kingambit|90/100|[from] item: Life Orb\n|move|p1a: Charizard|Heat Wave|p2a: Delphox|[spread] p2a,p2b\n|-resisted|p2a: Delphox|1\n|-supereffective|p2b: Kingambit|1\n|-damage|p2a: Delphox|72/100\n|-damage|p2b: Kingambit|0 fnt\n|faint|p2b: Kingambit\n|move|p1b: Basculegion|Last Respects|p2a: Delphox\n|-supereffective|p2a: Delphox|1\n|-damage|p2a: Delphox|0 fnt\n|faint|p2a: Delphox\n|-damage|p1b: Basculegion|90/100|[from] item: Life Orb\n|\n|win|Energenius\n|l|☆homerj71\n|player|p2|\n|j|☆homerj71\n|player|p2|homerj71|265|\n","uploadtime":1788285676,"views":"14","formatid":"gen9championsvgc2026regmb","rating":null,"private":0,"password":null}