{"id":"gen9championsvgc2026regmb-2674914474","format":"[Gen 9 Champions] VGC 2026 Reg M-B","players":["Wigwag","Thornlace48812"],"log":"|j|☆Wigwag\n|j|☆Thornlace48812\n|t:|1788435066\n|gametype|doubles\n|player|p1|Wigwag|roxie|1280\n|player|p2|Thornlace48812|102|1173\n|gen|9\n|tier|[Gen 9 Champions] VGC 2026 Reg M-B\n|rated|\n|rule|Species Clause: Limit one of each Pokémon\n|rule|Item Clause: Limit 1 of each item\n|clearpoke\n|poke|p1|Raichu, L50, F|\n|poke|p1|Pelipper, L50, F|\n|poke|p1|Grimmsnarl, L50, M, shiny|\n|poke|p1|Basculegion, L50, M, shiny|\n|poke|p1|Floette-Eternal, L50, F|\n|poke|p1|Excadrill, L50, F, shiny|\n|poke|p2|Garchomp, L50, F|\n|poke|p2|Charizard, L50, F|\n|poke|p2|Whimsicott, L50, M|\n|poke|p2|Sylveon, L50, F|\n|poke|p2|Kingambit, L50, F|\n|poke|p2|Basculegion, L50, M|\n|teampreview|4\n|inactive|Battle timer is ON: inactive players will automatically lose when time's up. (requested by Thornlace48812)\nThornlace48812 rejected open team sheets.\n|\n|t:|1788435097\n|teamsize|p1|4\n|teamsize|p2|4\n|start\n|switch|p1a: Raichu|Raichu, L50, F|100/100\n|switch|p1b: Pelipper|Pelipper, L50, F|100/100\n|switch|p2a: Charizard|Charizard, L50, F|100/100\n|switch|p2b: Garchomp|Garchomp, L50, F|100/100\n|-weather|RainDance|[from] ability: Drizzle|[of] p1b: Pelipper\n|turn|1\n|inactive|Wigwag has 30 seconds left.\n|\n|t:|1788435126\n|switch|p2a: Whimsicott|Whimsicott, L50, M|100/100\n|switch|p1b: Excadrill|Excadrill, L50, F, shiny|100/100\n|-ability|p1b: Excadrill|Mold Breaker\n|detailschange|p1a: Raichu|Raichu-Mega-Y, L50, F\n|-mega|p1a: Raichu|Raichu|Raichunite Y\n|move|p1a: Raichu|Volt Switch|p2a: Whimsicott\n|-resisted|p2a: Whimsicott|1\n|-crit|p2a: Whimsicott\n|-damage|p2a: Whimsicott|37/100\n|\n|t:|1788435137\n|switch|p1a: Pelipper|Pelipper, L50, F|100/100|[from] Volt Switch\n|move|p2b: Garchomp|Rock Slide|p1b: Excadrill|[spread] p1a,p1b\n|-supereffective|p1a: Pelipper|1\n|-resisted|p1b: Excadrill|2\n|-damage|p1a: Pelipper|31/100\n|-damage|p1b: Excadrill|90/100\n|-damage|p2b: Garchomp|90/100|[from] item: Life Orb\n|\n|-weather|RainDance|[upkeep]\n|-heal|p1a: Pelipper|37/100|[from] item: Leftovers\n|upkeep\n|turn|2\n|\n|t:|1788435154\n|move|p1a: Pelipper|Wide Guard|p1a: Pelipper\n|-singleturn|p1a: Pelipper|Wide Guard\n|move|p2a: Whimsicott|Tailwind|p2a: Whimsicott\n|-sidestart|p2: Thornlace48812|move: Tailwind\n|move|p2b: Garchomp|Dragon Claw|p1b: Excadrill\n|-resisted|p1b: Excadrill|1\n|-damage|p1b: Excadrill|53/100\n|-damage|p2b: Garchomp|80/100|[from] item: Life Orb\n|move|p1b: Excadrill|Iron Head|p2a: Whimsicott\n|-supereffective|p2a: Whimsicott|1\n|-damage|p2a: Whimsicott|0 fnt\n|faint|p2a: Whimsicott\n|\n|-weather|RainDance|[upkeep]\n|-heal|p1a: Pelipper|43/100|[from] item: Leftovers\n|upkeep\n|\n|t:|1788435155\n|switch|p2a: Charizard|Charizard, L50, F|100/100\n|turn|3\n|\n|t:|1788435178\n|detailschange|p2a: Charizard|Charizard-Mega-Y, L50, F\n|-mega|p2a: Charizard|Charizard|Charizardite Y\n|-weather|SunnyDay|[from] ability: Drought|[of] p2a: Charizard\n|move|p2b: Garchomp|Rock Slide|p1b: Excadrill|[spread] p1a,p1b\n|-supereffective|p1a: Pelipper|1\n|-resisted|p1b: Excadrill|2\n|-damage|p1a: Pelipper|0 fnt\n|-damage|p1b: Excadrill|44/100\n|faint|p1a: Pelipper\n|-damage|p2b: Garchomp|70/100|[from] item: Life Orb\n|move|p2a: Charizard|Heat Wave|p1b: Excadrill\n|-supereffective|p1b: Excadrill|1\n|-damage|p1b: Excadrill|0 fnt\n|faint|p1b: Excadrill\n|\n|-weather|SunnyDay|[upkeep]\n|upkeep\n|\n|t:|1788435194\n|switch|p1b: Raichu|Raichu-Mega-Y, L50, F|100/100\n|switch|p1a: Basculegion|Basculegion, L50, M, shiny|100/100\n|turn|4\n|\n|t:|1788435207\n|move|p1b: Raichu|Fake Out|p2b: Garchomp\n|-damage|p2b: Garchomp|62/100\n|-damage|p1b: Raichu|87/100|[from] ability: Rough Skin|[of] p2b: Garchomp\n|cant|p2b: Garchomp|flinch\n|move|p2a: Charizard|Heat Wave|p1a: Basculegion|[spread] p1a,p1b\n|-resisted|p1a: Basculegion|1\n|-damage|p1a: Basculegion|61/100\n|-damage|p1b: Raichu|0 fnt\n|faint|p1b: Raichu\n|move|p1a: Basculegion|Last Respects|p2b: Garchomp\n|-damage|p2b: Garchomp|0 fnt\n|faint|p2b: Garchomp\n|\n|-weather|SunnyDay|[upkeep]\n|upkeep\n|\n|t:|1788435207\n|switch|p2b: Basculegion|Basculegion, L50, M|100/100\n|turn|5\n|\n|t:|1788435226\n|move|p1a: Basculegion|Protect|p1a: Basculegion\n|-singleturn|p1a: Basculegion|Protect\n|move|p2a: Charizard|Ancient Power|p1a: Basculegion\n|-activate|p1a: Basculegion|move: Protect\n|move|p2b: Basculegion|Last Respects|p1a: Basculegion\n|-activate|p1a: Basculegion|move: Protect\n|\n|-weather|SunnyDay|[upkeep]\n|-sideend|p2: Thornlace48812|move: Tailwind\n|upkeep\n|turn|6\n|\n|t:|1788435237\n|move|p2a: Charizard|Ancient Power|p1a: Basculegion\n|-damage|p1a: Basculegion|31/100\n|move|p1a: Basculegion|Last Respects|p2b: Basculegion\n|-supereffective|p2b: Basculegion|1\n|-damage|p2b: Basculegion|0 fnt\n|faint|p2b: Basculegion\n|\n|-weather|SunnyDay|[upkeep]\n|upkeep\n|turn|7\n|\n|t:|1788435251\n|move|p1a: Basculegion|Protect|p1a: Basculegion\n|-singleturn|p1a: Basculegion|Protect\n|move|p2a: Charizard|Heat Wave|p1a: Basculegion\n|-activate|p1a: Basculegion|move: Protect\n|\n|-weather|none\n|upkeep\n|turn|8\n|\n|t:|1788435260\n|move|p2a: Charizard|Ancient Power|p1a: Basculegion\n|-damage|p1a: Basculegion|1/100\n|-boost|p2a: Charizard|atk|1\n|-boost|p2a: Charizard|def|1\n|-boost|p2a: Charizard|spa|1\n|-boost|p2a: Charizard|spd|1\n|-boost|p2a: Charizard|spe|1\n|move|p1a: Basculegion|Wave Crash|p2a: Charizard\n|-supereffective|p2a: Charizard|1\n|-damage|p2a: Charizard|0 fnt\n|faint|p2a: Charizard\n|-damage|p1a: Basculegion|0 fnt|[from] Recoil\n|faint|p1a: Basculegion\n|\n|win|Wigwag\n|raw|Wigwag's rating: 1280 &rarr; <strong>1302</strong><br />(+22 for winning)\n|raw|Thornlace48812's rating: 1232 &rarr; <strong>1210</strong><br />(-22 for losing)\n","uploadtime":1788435261,"views":"4","formatid":"gen9championsvgc2026regmb","rating":1210,"private":0,"password":null}