{"id":"gen9championsvgc2026regmbbo3-2673462317","format":"[Gen 9 Champions] VGC 2026 Reg M-B (Bo3)","players":["CanjicaVGC","Cfoowl"],"log":"|j|☆CanjicaVGC\n|j|☆Cfoowl\n|html|<table width=\"100%\"><tr><td align=\"left\">CanjicaVGC</td><td align=\"right\">Cfoowl</tr><tr><td align=\"left\"><i class=\"fa fa-circle-o\"></i> <i class=\"fa fa-circle-o\"></i> </td><td align=\"right\"><i class=\"fa fa-circle-o\"></i> <i class=\"fa fa-circle-o\"></i> </tr></table>\n|uhtml|bestof|<h2><strong>Game 1</strong> of <a href=\"/game-bestof3-gen9championsvgc2026regmbbo3-2673462316\">a best-of-3</a></h2>\n|t:|1788200680\n|gametype|doubles\n|player|p1|CanjicaVGC|sailor|1288\n|player|p2|Cfoowl|265|1209\n|gen|9\n|tier|[Gen 9 Champions] VGC 2026 Reg M-B (Bo3)\n|rated|\n|rule|Species Clause: Limit one of each Pokémon\n|rule|Item Clause: Limit 1 of each item\n|clearpoke\n|poke|p1|Swampert, L50, F|\n|poke|p1|Pelipper, L50, M|\n|poke|p1|Gholdengo, L50|\n|poke|p1|Archaludon, L50, F|\n|poke|p1|Sinistcha, L50|\n|poke|p1|Grimmsnarl, L50, M|\n|poke|p2|Scovillain, L50, M, shiny|\n|poke|p2|Basculegion, L50, M|\n|poke|p2|Kingambit, L50, M|\n|poke|p2|Sneasler, L50, M|\n|poke|p2|Lycanroc-Dusk, L50, M|\n|poke|p2|Froslass, L50, F, shiny|\n|teampreview|4\n|showteam|p1|Swampert||Swampertite|Damp|WaveCrash,Earthquake,IcePunch,Protect|Adamant||F|||50|]Pelipper||SitrusBerry|Drizzle|WeatherBall,Hurricane,Tailwind,WideGuard|Calm||M|||50|]Gholdengo||LifeOrb|GoodasGold|MakeItRain,ShadowBall,NastyPlot,Protect|Timid|||||50|]Archaludon||Leftovers|Stamina|Protect,ElectroShot,DragonPulse,FlashCannon|Modest||F|||50|]Sinistcha||KasibBerry|Hospitality|MatchaGotcha,RagePowder,LifeDew,TrickRoom|Bold|||||50|]Grimmsnarl||LightClay|Prankster|LightScreen,Reflect,PartingShot,SpiritBreak|Careful||M|||50|\n|showteam|p2|Scovillain||Scovillainite|Moody|GigaDrain,Overheat,RagePowder,Protect|Bold||M|||50|]Basculegion||LifeOrb|Adaptability|WaveCrash,LastRespects,AquaJet,Protect|Adamant||M|||50|]Kingambit||BlackGlasses|Defiant|KowtowCleave,SuckerPunch,SwordsDance,Protect|Adamant||M|||50|]Sneasler||WhiteHerb|Unburden|CloseCombat,DireClaw,Protect,FakeOut|Adamant||M|||50|]Lycanroc-Dusk||FocusSash|ToughClaws|CloseCombat,Accelerock,RockSlide,Protect|Adamant||M|||50|]Froslass||Froslassite|CursedBody|Blizzard,ShadowBall,AuroraVeil,Protect|Timid||F|||50|\n|inactive|Battle timer is ON: inactive players will automatically lose when time's up. (requested by Cfoowl)\n|\n|t:|1788200723\n|teamsize|p1|4\n|teamsize|p2|4\n|start\n|switch|p1a: Archaludon|Archaludon, L50, F|100/100\n|switch|p1b: Grimmsnarl|Grimmsnarl, L50, M|100/100\n|switch|p2a: John Dogs|Scovillain, L50, M, shiny|100/100\n|switch|p2b: Kids|Kingambit, L50, M|100/100\n|turn|1\n|inactive|Cfoowl has 30 seconds left.\n|inactive|Cfoowl has 20 seconds left.\n|inactive|Cfoowl has 15 seconds left.\n|\n|t:|1788200768\n|detailschange|p2a: John Dogs|Scovillain-Mega, L50, M, shiny\n|-mega|p2a: John Dogs|Scovillain|Scovillainite\n|move|p1b: Grimmsnarl|Parting Shot|p2a: John Dogs\n|-unboost|p2a: John Dogs|atk|1\n|-unboost|p2a: John Dogs|spa|1\n|\n|t:|1788200773\n|switch|p1b: Pelipper|Pelipper, L50, M|100/100|[from] Parting Shot\n|-weather|RainDance|[from] ability: Drizzle|[of] p1b: Pelipper\n|move|p1a: Archaludon|Electro Shot||[still]\n|-prepare|p1a: Archaludon|Electro Shot\n|-boost|p1a: Archaludon|spa|1\n|-anim|p1a: Archaludon|Electro Shot|p2b: Kids\n|-damage|p2b: Kids|43/100\n|move|p2a: John Dogs|Giga Drain|p1b: Pelipper\n|-damage|p1b: Pelipper|77/100\n|move|p2b: Kids|Swords Dance|p2b: Kids\n|-boost|p2b: Kids|atk|2\n|\n|-weather|RainDance|[upkeep]\n|upkeep\n|turn|2\n|inactive|CanjicaVGC has 30 seconds left.\n|inactive|Cfoowl has 30 seconds left.\n|inactive|Cfoowl has 20 seconds left.\n|\n|t:|1788200812\n|switch|p1b: Grimmsnarl|Grimmsnarl, L50, M|100/100\n|move|p1a: Archaludon|Protect|p1a: Archaludon\n|-singleturn|p1a: Archaludon|Protect\n|move|p2a: John Dogs|Rage Powder|p2a: John Dogs\n|-singleturn|p2a: John Dogs|move: Rage Powder\n|move|p2b: Kids|Kowtow Cleave|p1b: Grimmsnarl\n|-resisted|p1b: Grimmsnarl|2\n|-damage|p1b: Grimmsnarl|67/100\n|\n|-weather|RainDance|[upkeep]\n|upkeep\n|turn|3\n|\n|t:|1788200824\n|move|p2a: John Dogs|Rage Powder|p2a: John Dogs\n|-singleturn|p2a: John Dogs|move: Rage Powder\n|move|p1b: Grimmsnarl|Reflect|p1b: Grimmsnarl\n|-sidestart|p1: CanjicaVGC|Reflect\n|move|p1a: Archaludon|Electro Shot||[still]\n|-prepare|p1a: Archaludon|Electro Shot\n|-boost|p1a: Archaludon|spa|1\n|-anim|p1a: Archaludon|Electro Shot|p2a: John Dogs\n|-resisted|p2a: John Dogs|1\n|-damage|p2a: John Dogs|54/100\n|-status|p1a: Archaludon|brn|[from] ability: Spicy Spray|[of] p2a: John Dogs\n|move|p2b: Kids|Kowtow Cleave|p1a: Archaludon\n|-damage|p1a: Archaludon|36/100 brn\n|-ability|p1a: Archaludon|Stamina|boost\n|-boost|p1a: Archaludon|def|1\n|\n|-weather|RainDance|[upkeep]\n|-heal|p1a: Archaludon|43/100 brn|[from] item: Leftovers\n|-damage|p1a: Archaludon|36/100 brn|[from] brn\n|upkeep\n|turn|4\n|\n|t:|1788200843\n|move|p2a: John Dogs|Rage Powder|p2a: John Dogs\n|-singleturn|p2a: John Dogs|move: Rage Powder\n|move|p1b: Grimmsnarl|Parting Shot|p2a: John Dogs\n|-unboost|p2a: John Dogs|atk|1\n|-unboost|p2a: John Dogs|spa|1\n|\n|t:|1788200848\n|switch|p1b: Swampert|Swampert, L50, F|100/100|[from] Parting Shot\n|move|p1a: Archaludon|Dragon Pulse|p2a: John Dogs\n|-crit|p2a: John Dogs\n|-damage|p2a: John Dogs|0 fnt\n|faint|p2a: John Dogs\n|move|p2b: Kids|Kowtow Cleave|p1a: Archaludon\n|-damage|p1a: Archaludon|0 fnt\n|faint|p1a: Archaludon\n|\n|-weather|RainDance|[upkeep]\n|upkeep\n|\n|t:|1788200859\n|switch|p1a: Grimmsnarl|Grimmsnarl, L50, M|67/100\n|switch|p2a: SlycedBread|Basculegion, L50, M|100/100\n|turn|5\n|inactive|CanjicaVGC has 30 seconds left.\n|inactive|CanjicaVGC has 20 seconds left.\n|inactive|CanjicaVGC has 15 seconds left.\n|inactive|CanjicaVGC has 10 seconds left.\n|inactive|CanjicaVGC has 5 seconds left.\n|\n|t:|1788200914\n|move|p2b: Kids|Protect|p2b: Kids\n|-singleturn|p2b: Kids|Protect\n|move|p1a: Grimmsnarl|Light Screen|p1a: Grimmsnarl\n|-sidestart|p1: CanjicaVGC|move: Light Screen\n|move|p2a: SlycedBread|Wave Crash|p1b: Swampert\n|-damage|p1b: Swampert|0 fnt\n|faint|p1b: Swampert\n|-damage|p2a: SlycedBread|68/100|[from] Recoil\n|-damage|p2a: SlycedBread|59/100|[from] item: Life Orb\n|\n|-weather|none\n|upkeep\n|inactive|CanjicaVGC has 30 seconds left.\n|inactive|CanjicaVGC has 20 seconds left.\n|inactive|CanjicaVGC has 15 seconds left.\n|\n|t:|1788200959\n|switch|p1b: Pelipper|Pelipper, L50, M|77/100\n|-weather|RainDance|[from] ability: Drizzle|[of] p1b: Pelipper\n|turn|6\n|\n|t:|1788200972\n|move|p1a: Grimmsnarl|Parting Shot|p2a: SlycedBread\n|-unboost|p2a: SlycedBread|atk|1\n|-unboost|p2a: SlycedBread|spa|1\n|move|p2b: Kids|Sucker Punch|p1b: Pelipper\n|-damage|p1b: Pelipper|5/100\n|-enditem|p1b: Pelipper|Sitrus Berry|[eat]\n|-heal|p1b: Pelipper|30/100|[from] item: Sitrus Berry\n|move|p2a: SlycedBread|Wave Crash|p1a: Grimmsnarl\n|-damage|p1a: Grimmsnarl|0 fnt\n|faint|p1a: Grimmsnarl\n|-damage|p2a: SlycedBread|36/100|[from] Recoil\n|-damage|p2a: SlycedBread|27/100|[from] item: Life Orb\n|move|p1b: Pelipper|Weather Ball|p2b: Kids\n|-damage|p2b: Kids|0 fnt\n|faint|p2b: Kids\n|\n|-weather|RainDance|[upkeep]\n|upkeep\n|\n|t:|1788200982\n|switch|p2b: Cisco|Sneasler, L50, M|100/100\n|turn|7\n|-message|CanjicaVGC forfeited.\n|\n|win|Cfoowl\n|l|☆CanjicaVGC\n|player|p1|\n||CanjicaVGC is ready for game 2.\n||Cfoowl is ready for game 2.\n|uhtml|next|Next: <a href=\"/battle-gen9championsvgc2026regmbbo3-2673464861\"><strong>Game 2 of 3</strong></a>\n","uploadtime":1788200997,"views":"0","formatid":"gen9championsvgc2026regmbbo3","rating":null,"private":0,"password":null}