{"id":"gen9championsvgc2026regmbbo3-2673949224","format":"[Gen 9 Champions] VGC 2026 Reg M-B (Bo3)","players":["Cfoowl","solarflare11821"],"log":"|j|☆Cfoowl\n|j|☆solarflare11821\n|html|<table width=\"100%\"><tr><td align=\"left\">Cfoowl</td><td align=\"right\">solarflare11821</tr><tr><td align=\"left\"><i class=\"fa fa-circle-o\"></i> <i class=\"fa fa-circle-o\"></i> </td><td align=\"right\"><i class=\"fa fa-circle-o\"></i> <i class=\"fa fa-circle-o\"></i> </tr></table>\n|uhtml|bestof|<h2><strong>Game 1</strong> of <a href=\"/game-bestof3-gen9championsvgc2026regmbbo3-2673949223\">a best-of-3</a></h2>\n|t:|1788280744\n|gametype|doubles\n|player|p1|Cfoowl|265|1231\n|player|p2|solarflare11821|benga|1305\n|gen|9\n|tier|[Gen 9 Champions] VGC 2026 Reg M-B (Bo3)\n|rated|\n|rule|Species Clause: Limit one of each Pokémon\n|rule|Item Clause: Limit 1 of each item\n|clearpoke\n|poke|p1|Scovillain, L50, M, shiny|\n|poke|p1|Basculegion, L50, M|\n|poke|p1|Kingambit, L50, F|\n|poke|p1|Sneasler, L50, M|\n|poke|p1|Lycanroc-Dusk, L50, F|\n|poke|p1|Froslass, L50, F, shiny|\n|poke|p2|Sinistcha, L50|\n|poke|p2|Incineroar, L50, F|\n|poke|p2|Sneasler, L50, M|\n|poke|p2|Kingambit, L50, F|\n|poke|p2|Blastoise, L50, F|\n|poke|p2|Delphox, L50, M|\n|teampreview|4\n|showteam|p1|Scovillain||Scovillainite|Moody|GigaDrain,Overheat,RagePowder,Protect|Bold||M|||50|]Basculegion||LifeOrb|Adaptability|WaveCrash,LastRespects,AquaJet,Protect|Adamant||M|||50|]Kingambit||BlackGlasses|Defiant|KowtowCleave,SuckerPunch,SwordsDance,Protect|Adamant||F|||50|]Sneasler||WhiteHerb|Unburden|CloseCombat,DireClaw,Protect,FakeOut|Adamant||M|||50|]Lycanroc-Dusk||FocusSash|ToughClaws|CloseCombat,Accelerock,RockSlide,Protect|Adamant||F|||50|]Froslass||Froslassite|CursedBody|Blizzard,ShadowBall,AuroraVeil,Protect|Timid||F|||50|\n|showteam|p2|Sinistcha||ColburBerry|Hospitality|MatchaGotcha,RagePowder,Protect,TrickRoom|Bold|||||50|]Incineroar||SitrusBerry|Intimidate|FlareBlitz,HelpingHand,FakeOut,PartingShot|Impish||F|||50|]Sneasler||FocusSash|PoisonTouch|CloseCombat,PoisonJab,FakeOut,QuickGuard|Jolly||M|||50|]Kingambit||BlackGlasses|Defiant|KowtowCleave,SuckerPunch,SwordsDance,Protect|Adamant||F|||50|]Blastoise||Blastoisinite|RainDish|Protect,WaterSpout,ShellSmash,DarkPulse|Modest||F|||50|]Delphox||Delphoxite|Blaze|Protect,HeatWave,Psychic,NastyPlot|Timid||M|||50|\n|inactive|Battle timer is ON: inactive players will automatically lose when time's up. (requested by Cfoowl)\n|inactive|Cfoowl has 60 seconds left.\n|inactive|solarflare11821 has 60 seconds left.\n|\n|t:|1788280805\n|teamsize|p1|4\n|teamsize|p2|4\n|start\n|switch|p1a: Froslass|Froslass, L50, F, shiny|100/100\n|switch|p1b: Basculegion|Basculegion, L50, M|100/100\n|switch|p2a: Blastoise|Blastoise, L50, F|100/100\n|switch|p2b: Sneasler|Sneasler, L50, M|100/100\n|turn|1\n|inactive|solarflare11821 has 30 seconds left.\n|inactive|solarflare11821 has 20 seconds left.\n|inactive|solarflare11821 has 15 seconds left.\n|\n|t:|1788280849\n|switch|p2b: Kingambit|Kingambit, L50, F|100/100\n|detailschange|p1a: Froslass|Froslass-Mega, L50, F, shiny\n|-mega|p1a: Froslass|Froslass|Froslassite\n|-weather|Snowscape|[from] ability: Snow Warning|[of] p1a: Froslass\n|detailschange|p2a: Blastoise|Blastoise-Mega, L50, F\n|-mega|p2a: Blastoise|Blastoise|Blastoisinite\n|move|p1a: Froslass|Aurora Veil|p1a: Froslass\n|-sidestart|p1: Cfoowl|move: Aurora Veil\n|move|p2a: Blastoise|Dark Pulse|p1b: Basculegion\n|-supereffective|p1b: Basculegion|1\n|-damage|p1b: Basculegion|31/100\n|move|p1b: Basculegion|Wave Crash|p2a: Blastoise\n|-resisted|p2a: Blastoise|1\n|-damage|p2a: Blastoise|46/100\n|-damage|p1b: Basculegion|18/100|[from] Recoil\n|-damage|p1b: Basculegion|8/100|[from] item: Life Orb\n|\n|-weather|Snowscape|[upkeep]\n|upkeep\n|turn|2\n|inactive|Cfoowl has 30 seconds left.\n|inactive|solarflare11821 has 30 seconds left.\n|inactive|Cfoowl has 20 seconds left.\n|inactive|solarflare11821 has 20 seconds left.\n|\n|t:|1788280888\n|switch|p1a: Kingambit|Kingambit, L50, F|100/100\n|switch|p2b: Sinistcha|Sinistcha, L50|100/100\n|-heal|p2a: Blastoise|71/100|[from] ability: Hospitality|[of] p2b: Sinistcha\n|move|p1b: Basculegion|Aqua Jet|p2a: Blastoise\n|-resisted|p2a: Blastoise|1\n|-damage|p2a: Blastoise|53/100\n|-damage|p1b: Basculegion|0 fnt|[from] item: Life Orb\n|faint|p1b: Basculegion\n|move|p2a: Blastoise|Shell Smash|p2a: Blastoise\n|-unboost|p2a: Blastoise|def|1\n|-unboost|p2a: Blastoise|spd|1\n|-boost|p2a: Blastoise|atk|2\n|-boost|p2a: Blastoise|spa|2\n|-boost|p2a: Blastoise|spe|2\n|\n|-weather|Snowscape|[upkeep]\n|upkeep\n|\n|t:|1788280900\n|switch|p1b: Froslass|Froslass-Mega, L50, F, shiny|100/100\n|turn|3\n|inactive|solarflare11821 has 30 seconds left.\n|\n|t:|1788280929\n|switch|p2b: Sneasler|Sneasler, L50, M|100/100\n|move|p2a: Blastoise|Protect|p2a: Blastoise\n|-singleturn|p2a: Blastoise|Protect\n|move|p1b: Froslass|Protect|p1b: Froslass\n|-singleturn|p1b: Froslass|Protect\n|move|p1a: Kingambit|Swords Dance|p1a: Kingambit\n|-boost|p1a: Kingambit|atk|2\n|\n|-weather|Snowscape|[upkeep]\n|upkeep\n|turn|4\n|\n|t:|1788280950\n|switch|p1b: Sneasler|Sneasler, L50, M|100/100\n|move|p1a: Kingambit|Protect|p1a: Kingambit\n|-singleturn|p1a: Kingambit|Protect\n|move|p2b: Sneasler|Fake Out|p1a: Kingambit\n|-activate|p1a: Kingambit|move: Protect\n|move|p2a: Blastoise|Dark Pulse|p1b: Sneasler\n|-resisted|p1b: Sneasler|1\n|-damage|p1b: Sneasler|62/100\n|\n|-weather|Snowscape|[upkeep]\n|upkeep\n|turn|5\n|inactive|solarflare11821 has 30 seconds left.\n|inactive|Cfoowl has 30 seconds left.\n|\n|t:|1788280987\n|move|p2b: Sneasler|Quick Guard|p2b: Sneasler\n|-singleturn|p2b: Sneasler|Quick Guard\n|move|p1b: Sneasler|Fake Out|p2b: Sneasler\n|-activate|p2b: Sneasler|move: Quick Guard\n|move|p2a: Blastoise|Water Spout|p1a: Kingambit|[spread] p1a,p1b\n|-damage|p1a: Kingambit|57/100\n|-damage|p1b: Sneasler|2/100\n|move|p1a: Kingambit|Kowtow Cleave|p2b: Sneasler\n|-resisted|p2b: Sneasler|1\n|-enditem|p2b: Sneasler|Focus Sash\n|-damage|p2b: Sneasler|1/100\n|\n|-weather|none\n|-sideend|p1: Cfoowl|move: Aurora Veil\n|upkeep\n|turn|6\n|inactive|Cfoowl has 30 seconds left.\n|\n|t:|1788281014\n|move|p1a: Kingambit|Protect|p1a: Kingambit\n|-singleturn|p1a: Kingambit|Protect\n|move|p2b: Sneasler|Quick Guard|p2b: Sneasler\n|-singleturn|p2b: Sneasler|Quick Guard\n|move|p2a: Blastoise|Water Spout|p1b: Sneasler|[spread] p1b\n|-activate|p1a: Kingambit|move: Protect\n|-crit|p1b: Sneasler\n|-damage|p1b: Sneasler|0 fnt\n|faint|p1b: Sneasler\n|\n|upkeep\n|\n|t:|1788281021\n|switch|p1b: Froslass|Froslass-Mega, L50, F, shiny|100/100\n|-weather|Snowscape|[from] ability: Snow Warning|[of] p1b: Froslass\n|turn|7\n|\n|t:|1788281045\n|move|p2b: Sneasler|Quick Guard|p2b: Sneasler\n|-singleturn|p2b: Sneasler|Quick Guard\n|move|p2a: Blastoise|Water Spout|p1b: Froslass|[spread] p1a,p1b\n|-damage|p1a: Kingambit|0 fnt\n|-damage|p1b: Froslass|31/100\n|faint|p1a: Kingambit\n|move|p1b: Froslass|Blizzard|p2a: Blastoise|[spread] p2a,p2b\n|-resisted|p2a: Blastoise|1\n|-damage|p2a: Blastoise|23/100\n|-damage|p2b: Sneasler|0 fnt\n|-status|p2a: Blastoise|frz\n|faint|p2b: Sneasler\n|\n|-weather|Snowscape|[upkeep]\n|upkeep\n|inactive|solarflare11821 has 30 seconds left.\n|inactive|solarflare11821 has 20 seconds left.\n|inactive|solarflare11821 has 15 seconds left.\n|\n|t:|1788281088\n|switch|p2b: Sinistcha|Sinistcha, L50|100/100\n|-heal|p2a: Blastoise|48/100 frz|[from] ability: Hospitality|[of] p2b: Sinistcha\n|turn|8\n|\n|t:|1788281109\n|-curestatus|p2a: Blastoise|frz|[msg]\n|move|p2a: Blastoise|Dark Pulse|p1b: Froslass\n|-supereffective|p1b: Froslass|1\n|-damage|p1b: Froslass|0 fnt\n|faint|p1b: Froslass\n|\n|win|solarflare11821\n||Cfoowl is ready for game 2.\n","uploadtime":1788281115,"views":"2","formatid":"gen9championsvgc2026regmbbo3","rating":null,"private":0,"password":null}