{"id":"gen9championsvgc2026regmbbo3-2675034405","format":"[Gen 9 Champions] VGC 2026 Reg M-B (Bo3)","players":["humania1","RaymondCastro1203"],"log":"|j|☆humania1\n|j|‽RaymondCastro1203\n|html|<table width=\"100%\"><tr><td align=\"left\">humania1</td><td align=\"right\">RaymondCastro1203</tr><tr><td align=\"left\"><i class=\"fa fa-circle\"></i> <i class=\"fa fa-circle-o\"></i> </td><td align=\"right\"><i class=\"fa fa-circle-o\"></i> <i class=\"fa fa-circle-o\"></i> </tr></table>\n|uhtml|bestof|<h2><strong>Game 2</strong> of <a href=\"/game-bestof3-gen9championsvgc2026regmbbo3-2675033488\">a best-of-3</a></h2>\n|t:|1788451179\n|gametype|doubles\n|player|p1|humania1|265|1040\n|player|p2|RaymondCastro1203|169|1074\n|gen|9\n|tier|[Gen 9 Champions] VGC 2026 Reg M-B (Bo3)\n|rated|\n|rule|Species Clause: Limit one of each Pokémon\n|rule|Item Clause: Limit 1 of each item\n|clearpoke\n|poke|p1|Charizard, L50, F|\n|poke|p1|Whimsicott, L50, F|\n|poke|p1|Basculegion, L50, M|\n|poke|p1|Farigiraf, L50, F|\n|poke|p1|Kangaskhan, L50, F|\n|poke|p1|Sneasler, L50, F|\n|poke|p2|Eelektross, L50, M|\n|poke|p2|Rhyperior, L50, M|\n|poke|p2|Klefki, L50, F|\n|poke|p2|Toxapex, L50, F|\n|poke|p2|Ninetales, L50, M|\n|poke|p2|Clefable, L50, F|\n|teampreview|4\n|showteam|p1|Charizard||CharizarditeY|SolarPower|WeatherBall,HeatWave,SolarBeam,Protect|Timid||F|||50|]Whimsicott||FocusSash|Prankster|Moonblast,Tailwind,SunnyDay,Encore|Timid||F|||50|]Basculegion||ChoiceScarf|Adaptability|WaveCrash,AquaJet,LastRespects,FlipTurn|Adamant||M|||50|]Farigiraf||SitrusBerry|ArmorTail|Psychic,HyperVoice,HelpingHand,TrickRoom|Modest||F|||50|]Kangaskhan||Kangaskhanite|Scrappy|FakeOut,DoubleEdge,DrainPunch,SuckerPunch|Adamant||F|||50|]Sneasler||WhiteHerb|Unburden|FakeOut,CloseCombat,DireClaw,RockTomb|Adamant||F|||50|\n|showteam|p2|Eelektross||Eelektrossite|Levitate|Coil,Discharge,DrainPunch,Waterfall|Sassy||M|||50|]Rhyperior||FocusSash|SolidRock|Avalanche,Earthquake,ThunderPunch,BodyPress|Adamant||M|||50|]Klefki||MentalHerb|Prankster|LightScreen,Reflect,TrickRoom,DazzlingGleam|Quiet||F|||50|]Toxapex||Leftovers|Regenerator|BanefulBunker,WideGuard,Haze,Toxic|Relaxed||F|||50|]Ninetales||HeatRock|Drought|SolarBeam,HeatWave,Hex,Roar|Timid||M|||50|]Clefable||SitrusBerry|Unaware|HealPulse,FollowMe,PsychUp,BatonPass|Relaxed||F|||50|\n|inactive|Battle timer is ON: inactive players will automatically lose when time's up. (requested by humania1)\n|\n|t:|1788451204\n|teamsize|p1|4\n|teamsize|p2|4\n|start\n|switch|p1a: Farigiraf|Farigiraf, L50, F|100/100\n|switch|p1b: Sneasler|Sneasler, L50, F|100/100\n|switch|p2a: Klefki|Klefki, L50, F|100/100\n|switch|p2b: Ninetales|Ninetales, L50, M|100/100\n|-weather|SunnyDay|[from] ability: Drought|[of] p2b: Ninetales\n|turn|1\n|\n|t:|1788451216\n|move|p2a: Klefki|Reflect|p2a: Klefki\n|-sidestart|p2: RaymondCastro1203|Reflect\n|move|p1b: Sneasler|Close Combat|p2a: Klefki\n|-damage|p2a: Klefki|42/100\n|-unboost|p1b: Sneasler|def|1\n|-unboost|p1b: Sneasler|spd|1\n|-enditem|p1b: Sneasler|White Herb\n|-clearnegativeboost|p1b: Sneasler|[silent]\n|move|p2b: Ninetales|Heat Wave|p1a: Farigiraf|[spread] p1a,p1b\n|-damage|p1a: Farigiraf|64/100\n|-damage|p1b: Sneasler|48/100\n|move|p1a: Farigiraf|Hyper Voice|p2b: Ninetales|[spread] p2a,p2b\n|-resisted|p2a: Klefki|1\n|-crit|p2b: Ninetales\n|-damage|p2a: Klefki|25/100\n|-damage|p2b: Ninetales|45/100\n|\n|-weather|SunnyDay|[upkeep]\n|upkeep\n|turn|2\n|\n|t:|1788451235\n|move|p2a: Klefki|Light Screen|p2a: Klefki\n|-sidestart|p2: RaymondCastro1203|move: Light Screen\n|move|p1b: Sneasler|Close Combat|p2b: Ninetales\n|-crit|p2b: Ninetales\n|-damage|p2b: Ninetales|0 fnt\n|-unboost|p1b: Sneasler|def|1\n|-unboost|p1b: Sneasler|spd|1\n|faint|p2b: Ninetales\n|move|p1a: Farigiraf|Hyper Voice|p2a: Klefki\n|-resisted|p2a: Klefki|1\n|-damage|p2a: Klefki|9/100\n|\n|-weather|SunnyDay|[upkeep]\n|upkeep\n|\n|t:|1788451246\n|switch|p2b: Eelektross|Eelektross, L50, M|100/100\n|turn|3\n|\n|t:|1788451254\n|detailschange|p2b: Eelektross|Eelektross-Mega, L50, M\n|-mega|p2b: Eelektross|Eelektross|Eelektrossite\n|move|p1b: Sneasler|Close Combat|p2a: Klefki\n|-damage|p2a: Klefki|0 fnt\n|-unboost|p1b: Sneasler|def|1\n|-unboost|p1b: Sneasler|spd|1\n|faint|p2a: Klefki\n|move|p2b: Eelektross|Coil|p2b: Eelektross\n|-boost|p2b: Eelektross|atk|1\n|-boost|p2b: Eelektross|def|1\n|-boost|p2b: Eelektross|accuracy|1\n|move|p1a: Farigiraf|Hyper Voice|p2b: Eelektross\n|-damage|p2b: Eelektross|75/100\n|\n|-weather|SunnyDay|[upkeep]\n|upkeep\n|\n|t:|1788451266\n|switch|p2a: Clefable|Clefable, L50, F|100/100\n|turn|4\n|\n|t:|1788451273\n|move|p2a: Clefable|Follow Me|p2a: Clefable\n|-singleturn|p2a: Clefable|move: Follow Me\n|move|p1b: Sneasler|Dire Claw|p2a: Clefable\n|-supereffective|p2a: Clefable|1\n|-damage|p2a: Clefable|50/100g\n|move|p2b: Eelektross|Coil|p2b: Eelektross\n|-boost|p2b: Eelektross|atk|1\n|-boost|p2b: Eelektross|def|1\n|-boost|p2b: Eelektross|accuracy|1\n|move|p1a: Farigiraf|Hyper Voice|p2a: Clefable|[spread] p2a,p2b\n|-damage|p2a: Clefable|32/100\n|-damage|p2b: Eelektross|57/100\n|-enditem|p2a: Clefable|Sitrus Berry|[eat]\n|-heal|p2a: Clefable|57/100|[from] item: Sitrus Berry\n|\n|-weather|SunnyDay|[upkeep]\n|upkeep\n|turn|5\n|inactive|RaymondCastro1203 has 30 seconds left.\n|\n|t:|1788451302\n|move|p1b: Sneasler|Dire Claw|p2a: Clefable\n|-supereffective|p2a: Clefable|1\n|-damage|p2a: Clefable|7/100\n|move|p2b: Eelektross|Drain Punch|p1a: Farigiraf\n|-damage|p1a: Farigiraf|19/100\n|-heal|p2b: Eelektross|88/100|[from] drain|[of] p1a: Farigiraf\n|-enditem|p1a: Farigiraf|Sitrus Berry|[eat]\n|-heal|p1a: Farigiraf|44/100|[from] item: Sitrus Berry\n|move|p1a: Farigiraf|Hyper Voice|p2a: Clefable|[spread] p2a,p2b\n|-damage|p2a: Clefable|0 fnt\n|-damage|p2b: Eelektross|69/100\n|faint|p2a: Clefable\n|\n|-weather|SunnyDay|[upkeep]\n|-sideend|p2: RaymondCastro1203|Reflect\n|upkeep\n|turn|6\n|\n|t:|1788451323\n|move|p1b: Sneasler|Close Combat|p2b: Eelektross\n|-damage|p2b: Eelektross|33/100\n|-unboost|p1b: Sneasler|def|1\n|-unboost|p1b: Sneasler|spd|1\n|move|p2b: Eelektross|Coil|p2b: Eelektross\n|-boost|p2b: Eelektross|atk|1\n|-boost|p2b: Eelektross|def|1\n|-boost|p2b: Eelektross|accuracy|1\n|move|p1a: Farigiraf|Psychic|p2b: Eelektross\n|-damage|p2b: Eelektross|9/100\n|\n|-weather|SunnyDay|[upkeep]\n|-sideend|p2: RaymondCastro1203|move: Light Screen\n|upkeep\n|turn|7\n|\n|t:|1788451335\n|switch|p1a: Basculegion|Basculegion, L50, M|100/100\n|move|p1b: Sneasler|Close Combat|p2b: Eelektross\n|-damage|p2b: Eelektross|0 fnt\n|-unboost|p1b: Sneasler|def|1\n|-unboost|p1b: Sneasler|spd|1\n|faint|p2b: Eelektross\n|\n|win|humania1\n|raw|humania1's rating: 1040 &rarr; <strong>1077</strong><br />(+37 for winning)\n|raw|RaymondCastro1203's rating: 1074 &rarr; <strong>1051</strong><br />(-23 for losing)\n","uploadtime":1788451336,"views":"0","formatid":"gen9championsvgc2026regmbbo3","rating":1051,"private":0,"password":null}