{"id":"gen9championsvgc2026regmbbo3-2673931600","format":"[Gen 9 Champions] VGC 2026 Reg M-B (Bo3)","players":["Buuuuushi","Joriot"],"log":"|j|☆Buuuuushi\n|j|☆Joriot\n|html|<table width=\"100%\"><tr><td align=\"left\">Buuuuushi</td><td align=\"right\">Joriot</tr><tr><td align=\"left\"><i class=\"fa fa-circle-o\"></i> <i class=\"fa fa-circle-o\"></i> </td><td align=\"right\"><i class=\"fa fa-circle-o\"></i> <i class=\"fa fa-circle\"></i> </tr></table>\n|uhtml|bestof|<h2><strong>Game 2</strong> of <a href=\"/game-bestof3-gen9championsvgc2026regmbbo3-2673929033\">a best-of-3</a></h2>\n|t:|1788278617\n|gametype|doubles\n|player|p1|Buuuuushi|crasherwake|1197\n|player|p2|Joriot|170|1248\n|gen|9\n|tier|[Gen 9 Champions] VGC 2026 Reg M-B (Bo3)\n|rated|\n|rule|Species Clause: Limit one of each Pokémon\n|rule|Item Clause: Limit 1 of each item\n|clearpoke\n|poke|p1|Scrafty, L50, F|\n|poke|p1|Mamoswine, L50, F|\n|poke|p1|Armarouge, L50, M|\n|poke|p1|Mawile, L50, M|\n|poke|p1|Farigiraf, L50, M|\n|poke|p1|Torkoal, L50, M|\n|poke|p2|Ninetales-Alola, L50, M, shiny|\n|poke|p2|Incineroar, L50, F|\n|poke|p2|Dragonite, L50, F, shiny|\n|poke|p2|Sneasler, L50, F|\n|poke|p2|Gengar, L50, F, shiny|\n|poke|p2|Swampert, L50, F|\n|teampreview|4\n|showteam|p1|Scrafty||Scraftinite|Intimidate|FakeOut,KnockOff,DrainPunch,IronHead|Adamant||F|||50|]Mamoswine||FocusSash|Oblivious|HighHorsepower,RockSlide,IceShard,Protect|Adamant||F|||50|]Armarouge||ColburBerry|FlashFire|ArmorCannon,EnergyBall,WideGuard,TrickRoom|Modest||M|||50|]Mawile||Mawilite|Intimidate|PlayRough,RockSlide,SuckerPunch,Protect|Brave||M|||50|]Farigiraf||SitrusBerry|ArmorTail|Psychic,TrickRoom,Thunderbolt,HelpingHand|Bold||M|||50|]Torkoal||Charcoal|Drought|Eruption,SolarBeam,WeatherBall,Protect|Quiet||M|||50|\n|showteam|p2|Ninetales-Alola||ChoiceScarf|SnowWarning|Blizzard,FreezeDry,IcyWind,Encore|Timid||M|||50|]Incineroar||SitrusBerry|Intimidate|FlareBlitz,ThroatChop,FakeOut,PartingShot|Impish||F|||50|]Dragonite||LifeOrb|InnerFocus|DragonClaw,Superpower,ExtremeSpeed,Protect|Adamant||F|||50|]Sneasler||FocusSash|Unburden|CloseCombat,DireClaw,RockSlide,Protect|Adamant||F|||50|]Gengar||Gengarite|CursedBody|SludgeBomb,ShadowBall,Substitute,Protect|Timid||F|||50|]Swampert||Leftovers|Torrent|HighHorsepower,FlipTurn,Yawn,Protect|Relaxed||F|||50|\n|\n|t:|1788278706\n|teamsize|p1|4\n|teamsize|p2|4\n|start\n|switch|p1a: Armarouge|Armarouge, L50, M|100/100\n|switch|p1b: Farigiraf|Farigiraf, L50, M|100/100\n|switch|p2a: Incineroar|Incineroar, L50, F|100/100\n|switch|p2b: Gengar|Gengar, L50, F, shiny|100/100\n|-ability|p2a: Incineroar|Intimidate|boost\n|-unboost|p1a: Armarouge|atk|1\n|-unboost|p1b: Farigiraf|atk|1\n|turn|1\n|\n|t:|1788278731\n|detailschange|p2b: Gengar|Gengar-Mega, L50, F, shiny\n|-mega|p2b: Gengar|Gengar|Gengarite\n|move|p2b: Gengar|Sludge Bomb|p1b: Farigiraf\n|-damage|p1b: Farigiraf|47/100\n|-status|p1b: Farigiraf|psn\n|-enditem|p1b: Farigiraf|Sitrus Berry|[eat]\n|-heal|p1b: Farigiraf|71/100 psn|[from] item: Sitrus Berry\n|move|p2a: Incineroar|Throat Chop|p1b: Farigiraf\n|-supereffective|p1b: Farigiraf|1\n|-damage|p1b: Farigiraf|20/100y psn\n|-start|p1b: Farigiraf|Throat Chop|[silent]\n|move|p1b: Farigiraf|Psychic|p2b: Gengar\n|-supereffective|p2b: Gengar|1\n|-damage|p2b: Gengar|16/100\n|move|p1a: Armarouge|Trick Room|p1a: Armarouge\n|-fieldstart|move: Trick Room|[of] p1a: Armarouge\n|\n|-damage|p1b: Farigiraf|8/100 psn|[from] psn\n|upkeep\n|turn|2\n|\n|t:|1788278769\n|switch|p2b: Swampert|Swampert, L50, F|100/100\n|move|p1b: Farigiraf|Helping Hand|p1a: Armarouge\n|-singleturn|p1a: Armarouge|Helping Hand|[of] p1b: Farigiraf\n|move|p2a: Incineroar|Throat Chop|p1a: Armarouge\n|-supereffective|p1a: Armarouge|1\n|-enditem|p1a: Armarouge|Colbur Berry|[eat]\n|-enditem|p1a: Armarouge|Colbur Berry|[weaken]\n|-damage|p1a: Armarouge|70/100\n|-start|p1a: Armarouge|Throat Chop|[silent]\n|move|p1a: Armarouge|Armor Cannon|p2b: Swampert\n|-resisted|p2b: Swampert|1\n|-damage|p2b: Swampert|59/100\n|-unboost|p1a: Armarouge|def|1\n|-unboost|p1a: Armarouge|spd|1\n|\n|-heal|p2b: Swampert|65/100|[from] item: Leftovers\n|-damage|p1b: Farigiraf|0 fnt|[from] psn\n|faint|p1b: Farigiraf\n|upkeep\n|\n|t:|1788278784\n|switch|p1b: name|Scrafty, L50, F|100/100\n|-ability|p1b: name|Intimidate|boost\n|-unboost|p2a: Incineroar|atk|1\n|-unboost|p2b: Swampert|atk|1\n|turn|3\n|\n|t:|1788278827\n|switch|p2b: Gengar|Gengar-Mega, L50, F, shiny|16/100\n|detailschange|p1b: name|Scrafty-Mega, L50, F\n|-mega|p1b: name|Scrafty|Scraftinite\n|-ability|p1b: name|Intimidate|boost\n|-unboost|p2a: Incineroar|atk|1\n|-unboost|p2b: Gengar|atk|1\n|move|p1b: name|Fake Out|p2a: Incineroar\n|-damage|p2a: Incineroar|87/100\n|cant|p2a: Incineroar|flinch\n|move|p1a: Armarouge|Energy Ball|p2b: Gengar\n|-resisted|p2b: Gengar|1\n|-damage|p2b: Gengar|0 fnt\n|faint|p2b: Gengar\n|\n|-end|p1a: Armarouge|Throat Chop|[silent]\n|upkeep\n|\n|t:|1788278840\n|switch|p2b: Swampert|Swampert, L50, F|65/100\n|turn|4\n|\n|t:|1788278858\n|move|p2b: Swampert|Flip Turn|p1a: Armarouge\n|-supereffective|p1a: Armarouge|1\n|-damage|p1a: Armarouge|7/100\n|\n|t:|1788278861\n|switch|p2b: Sneasler|Sneasler, L50, F|100/100|[from] Flip Turn\n|move|p2a: Incineroar|Parting Shot|p1b: name\n|-unboost|p1b: name|atk|1\n|-unboost|p1b: name|spa|1\n|\n|t:|1788278866\n|switch|p2a: Swampert|Swampert, L50, F|65/100|[from] Parting Shot\n|move|p1b: name|Drain Punch|p2a: Swampert\n|-damage|p2a: Swampert|43/100\n|move|p1a: Armarouge|Energy Ball|p2b: Sneasler\n|-resisted|p2b: Sneasler|1\n|-damage|p2b: Sneasler|77/100\n|\n|-heal|p2a: Swampert|49/100|[from] item: Leftovers\n|upkeep\n|turn|5\n|\n|t:|1788278914\n|move|p2b: Sneasler|Protect|p2b: Sneasler\n|-singleturn|p2b: Sneasler|Protect\n|move|p2a: Swampert|Flip Turn|p1a: Armarouge\n|-supereffective|p1a: Armarouge|1\n|-damage|p1a: Armarouge|0 fnt\n|faint|p1a: Armarouge\n|\n|t:|1788278920\n|switch|p2a: Incineroar|Incineroar, L50, F|87/100|[from] Flip Turn\n|-ability|p2a: Incineroar|Intimidate|boost\n|-unboost|p1b: name|atk|1\n|move|p1b: name|Drain Punch|p2a: Incineroar\n|-supereffective|p2a: Incineroar|1\n|-damage|p2a: Incineroar|53/100\n|\n|-fieldend|move: Trick Room\n|upkeep\n|\n|t:|1788278923\n|switch|p1a: Torkoal|Torkoal, L50, M|100/100\n|-weather|SunnyDay|[from] ability: Drought|[of] p1a: Torkoal\n|turn|6\n|\n|t:|1788278944\n|move|p2a: Incineroar|Fake Out|p1a: Torkoal\n|-damage|p1a: Torkoal|90/100\n|move|p2b: Sneasler|Close Combat|p1b: name\n|-supereffective|p1b: name|1\n|-damage|p1b: name|0 fnt\n|-unboost|p2b: Sneasler|def|1\n|-unboost|p2b: Sneasler|spd|1\n|faint|p1b: name\n|cant|p1a: Torkoal|flinch\n|\n|-weather|SunnyDay|[upkeep]\n|upkeep\n|turn|7\n|\n|t:|1788278956\n|move|p2b: Sneasler|Rock Slide|p1a: Torkoal\n|-supereffective|p1a: Torkoal|1\n|-damage|p1a: Torkoal|44/100\n|move|p2a: Incineroar|Flare Blitz|p1a: Torkoal\n|-resisted|p1a: Torkoal|1\n|-damage|p1a: Torkoal|17/100\n|-damage|p2a: Incineroar|46/100|[from] Recoil\n|-enditem|p2a: Incineroar|Sitrus Berry|[eat]\n|-heal|p2a: Incineroar|70/100|[from] item: Sitrus Berry\n|move|p1a: Torkoal|Eruption|p2a: Incineroar|[spread] p2a,p2b\n|-resisted|p2a: Incineroar|1\n|-damage|p2a: Incineroar|63/100\n|-damage|p2b: Sneasler|46/100\n|\n|-weather|SunnyDay|[upkeep]\n|upkeep\n|turn|8\n|-message|Buuuuushi forfeited.\n|\n|win|Joriot\n|raw|Buuuuushi's rating: 1197 &rarr; <strong>1176</strong><br />(-21 for losing)\n|raw|Joriot's rating: 1248 &rarr; <strong>1269</strong><br />(+21 for winning)\n|l|☆Buuuuushi\n|player|p1|\n","uploadtime":1788278976,"views":"0","formatid":"gen9championsvgc2026regmbbo3","rating":1176,"private":0,"password":null}