{"id":"gen9championsvgc2026regmbbo3-2673536749","format":"[Gen 9 Champions] VGC 2026 Reg M-B (Bo3)","players":["freudianbreath","C0n_C0N"],"log":"|j|☆freudianbreath\n|j|☆C0n_C0N\n|html|<table width=\"100%\"><tr><td align=\"left\">freudianbreath</td><td align=\"right\">C0n_C0N</tr><tr><td align=\"left\"><i class=\"fa fa-circle-o\"></i> <i class=\"fa fa-circle-o\"></i> </td><td align=\"right\"><i class=\"fa fa-circle-o\"></i> <i class=\"fa fa-circle-o\"></i> </tr></table>\n|uhtml|bestof|<h2><strong>Game 1</strong> of <a href=\"/game-bestof3-gen9championsvgc2026regmbbo3-2673536745\">a best-of-3</a></h2>\n|t:|1788209979\n|gametype|doubles\n|player|p1|freudianbreath|2|1077\n|player|p2|C0n_C0N|dancer|1000\n|gen|9\n|tier|[Gen 9 Champions] VGC 2026 Reg M-B (Bo3)\n|rated|\n|rule|Species Clause: Limit one of each Pokémon\n|rule|Item Clause: Limit 1 of each item\n|clearpoke\n|poke|p1|Sneasler, L50, M|\n|poke|p1|Incineroar, L50, F|\n|poke|p1|Gengar, L50, M|\n|poke|p1|Sinistcha-Masterpiece, L50|\n|poke|p1|Dragonite, L50, M|\n|poke|p1|Charizard, L50, M|\n|poke|p2|Decidueye, L50, F, shiny|\n|poke|p2|Incineroar, L50, M|\n|poke|p2|Snorlax, L50, F, shiny|\n|poke|p2|Hawlucha, L50, M|\n|poke|p2|Palafin, L50, F|\n|poke|p2|Manectric, L50, M|\n|teampreview|4\n|showteam|p1|Sneasler||SitrusBerry|PoisonTouch|FakeOut,CloseCombat,DireClaw,Uturn|Jolly||M|||50|]Incineroar||Charcoal|Intimidate|FakeOut,FlareBlitz,PartingShot,Snarl|Brave||F|||50|]Gengar||Gengarite|CursedBody|Protect,Taunt,SludgeBomb,WillOWisp|Timid||M|||50|]Sinistcha-Masterpiece||MiracleSeed|Heatproof|MatchaGotcha,ShadowBall,Scald,TrickRoom|Quiet|||||50|]Dragonite||Leftovers|Multiscale|Protect,DragonClaw,ExtremeSpeed,IceSpinner|Adamant||M|||50|]Charizard||CharizarditeY|Blaze|HeatWave,AncientPower,Overheat,Protect|Timid||M|||50|\n|showteam|p2|Decidueye||LifeOrb|Overgrow|KnockOff,LeafBlade,Tailwind,SpiritShackle|Jolly||F|||50|]Incineroar||Leftovers|Blaze|FakeOut,PartingShot,FlareBlitz,Snarl|Serious||M|||50|]Snorlax||SitrusBerry|Gluttony|HighHorsepower,BellyDrum,BodySlam,Recycle|Relaxed||F|||50|]Hawlucha||FocusSash|MoldBreaker|CloseCombat,Uturn,ZenHeadbutt,BraveBird|Jolly||M|||50|]Palafin||ChoiceScarf|ZerotoHero|Liquidation,DrainPunch,JetPunch,IronHead|Serious||F|||50|]Manectric||Manectite|LightningRod|Protect,Snarl,ElectroBall,Roar|Hasty||M|||50|\n|c|☆C0n_C0N|hi\n|\n|t:|1788210107\n|teamsize|p1|4\n|teamsize|p2|4\n|start\n|switch|p1a: Gengar|Gengar, L50, M|100/100\n|switch|p1b: Sneasler|Sneasler, L50, M|100/100\n|switch|p2a: Incineroar|Incineroar, L50, M|100/100\n|switch|p2b: Palafin|Palafin, L50, F|100/100\n|turn|1\n|\n|t:|1788210173\n|detailschange|p2b: Palafin|Palafin-Hero, L50, F\n|switch|p2b: Manectric|Manectric, L50, M|100/100\n|detailschange|p1a: Gengar|Gengar-Mega, L50, M\n|-mega|p1a: Gengar|Gengar|Gengarite\n|move|p1b: Sneasler|Fake Out|p2b: Manectric\n|-damage|p2b: Manectric|76/100\n|-status|p2b: Manectric|psn|[from] ability: Poison Touch|[of] p1b: Sneasler\n|move|p1a: Gengar|Taunt|p2a: Incineroar\n|-start|p2a: Incineroar|move: Taunt\n|cant|p2a: Incineroar|move: Taunt|Parting Shot\n|\n|-damage|p2b: Manectric|64/100 psn|[from] psn\n|upkeep\n|turn|2\n|\n|t:|1788210225\n|detailschange|p2b: Manectric|Manectric-Mega, L50, M\n|-mega|p2b: Manectric|Manectric|Manectite\n|-ability|p2b: Manectric|Intimidate|boost\n|-unboost|p1a: Gengar|atk|1\n|-unboost|p1b: Sneasler|atk|1\n|move|p1a: Gengar|Sludge Bomb|p2b: Manectric\n|-damage|p2b: Manectric|6/100 psn\n|move|p1b: Sneasler|U-turn|p2b: Manectric\n|-damage|p2b: Manectric|0 fnt\n|faint|p2b: Manectric\n|c|☆C0n_C0N|wana play?\n|c|☆C0n_C0N|:(\n|\n|t:|1788210243\n|switch|p1b: Incineroar|Incineroar, L50, F|100/100|[from] U-turn\n|-ability|p1b: Incineroar|Intimidate|boost\n|-unboost|p2a: Incineroar|atk|1\n|move|p2a: Incineroar|Snarl|p1b: Incineroar|[spread] p1a,p1b\n|-supereffective|p1a: Gengar|1\n|-resisted|p1b: Incineroar|1\n|-damage|p1a: Gengar|74/100\n|-damage|p1b: Incineroar|94/100\n|-unboost|p1a: Gengar|spa|1\n|-unboost|p1b: Incineroar|spa|1\n|\n|upkeep\n|\n|t:|1788210282\n|switch|p2b: Palafin|Palafin-Hero, L50, F|100/100\n|-activate|p2b: Palafin|ability: Zero to Hero\n|turn|3\n|\n|t:|1788210312\n|switch|p1a: Sneasler|Sneasler, L50, M|100/100\n|move|p1b: Incineroar|Fake Out|p2b: Palafin\n|-damage|p2b: Palafin|88/100\n|cant|p2b: Palafin|flinch\n|move|p2a: Incineroar|Snarl|p1b: Incineroar|[spread] p1a,p1b\n|-resisted|p1a: Sneasler|1\n|-resisted|p1b: Incineroar|1\n|-damage|p1a: Sneasler|92/100\n|-damage|p1b: Incineroar|88/100\n|-unboost|p1a: Sneasler|spa|1\n|-unboost|p1b: Incineroar|spa|1\n|\n|-end|p2a: Incineroar|move: Taunt\n|upkeep\n|turn|4\n|\n|t:|1788210353\n|move|p1a: Sneasler|Fake Out|p2b: Palafin\n|-damage|p2b: Palafin|77/100\n|cant|p2b: Palafin|flinch\n|move|p2a: Incineroar|Flare Blitz|p1a: Sneasler\n|-crit|p1a: Sneasler\n|-damage|p1a: Sneasler|0 fnt\n|faint|p1a: Sneasler\n|-damage|p2a: Incineroar|72/100|[from] Recoil\n|move|p1b: Incineroar|Parting Shot|p2b: Palafin\n|-unboost|p2b: Palafin|atk|1\n|-unboost|p2b: Palafin|spa|1\n|\n|t:|1788210368\n|switch|p1b: Gengar|Gengar-Mega, L50, M|74/100|[from] Parting Shot\n|\n|-heal|p2a: Incineroar|77/100|[from] item: Leftovers\n|upkeep\n|\n|t:|1788210369\n|switch|p1a: Incineroar|Incineroar, L50, F|88/100\n|-ability|p1a: Incineroar|Intimidate|boost\n|-unboost|p2a: Incineroar|atk|1\n|-unboost|p2b: Palafin|atk|1\n|turn|5\n|\n|t:|1788210402\n|move|p1a: Incineroar|Fake Out|p2b: Palafin\n|-damage|p2b: Palafin|64/100\n|move|p1b: Gengar|Will-O-Wisp|p2b: Palafin|[miss]\n|-miss|p1b: Gengar|p2b: Palafin\n|cant|p2b: Palafin|flinch\n|move|p2a: Incineroar|Snarl|p1b: Gengar|[spread] p1a,p1b\n|-resisted|p1a: Incineroar|1\n|-supereffective|p1b: Gengar|1\n|-damage|p1a: Incineroar|83/100\n|-damage|p1b: Gengar|46/100\n|-unboost|p1a: Incineroar|spa|1\n|-unboost|p1b: Gengar|spa|1\n|\n|-heal|p2a: Incineroar|83/100|[from] item: Leftovers\n|upkeep\n|turn|6\n|c|☆C0n_C0N|:)\n|c|☆C0n_C0N|pls dont protect\n|\n|t:|1788210453\n|switch|p1a: Dragonite|Dragonite, L50, M|100/100\n|move|p1b: Gengar|Protect|p1b: Gengar\n|-singleturn|p1b: Gengar|Protect\n|move|p2b: Palafin|Drain Punch|p1a: Dragonite\n|-resisted|p1a: Dragonite|1\n|-damage|p1a: Dragonite|97/100\n|-heal|p2b: Palafin|66/100|[from] drain|[of] p1a: Dragonite\n|move|p2a: Incineroar|Snarl|p1b: Gengar|[spread] p1a\n|-activate|p1b: Gengar|move: Protect\n|-damage|p1a: Dragonite|86/100\n|-unboost|p1a: Dragonite|spa|1\n|\n|-heal|p1a: Dragonite|92/100|[from] item: Leftovers\n|-heal|p2a: Incineroar|89/100|[from] item: Leftovers\n|upkeep\n|turn|7\n|\n|t:|1788210522\n|move|p1b: Gengar|Will-O-Wisp|p2b: Palafin|[miss]\n|-miss|p1b: Gengar|p2b: Palafin\n|move|p2b: Palafin|Drain Punch|p1a: Dragonite\n|-resisted|p1a: Dragonite|1\n|-damage|p1a: Dragonite|86/100\n|-heal|p2b: Palafin|70/100|[from] drain|[of] p1a: Dragonite\n|move|p1a: Dragonite|Dragon Claw|p2a: Incineroar\n|-damage|p2a: Incineroar|47/100\n|move|p2a: Incineroar|Parting Shot|p1b: Gengar\n|-unboost|p1b: Gengar|atk|1\n|-unboost|p1b: Gengar|spa|1\n|\n|t:|1788210534\n|switch|p2a: Decidueye|Decidueye, L50, F, shiny|100/100|[from] Parting Shot\n|\n|-heal|p1a: Dragonite|92/100|[from] item: Leftovers\n|upkeep\n|turn|8\n|c|☆C0n_C0N|why gangar so fast\n|\n|t:|1788210593\n|move|p1b: Gengar|Taunt|p2a: Decidueye\n|-start|p2a: Decidueye|move: Taunt\n|move|p2b: Palafin|Drain Punch|p1a: Dragonite\n|-resisted|p1a: Dragonite|1\n|-damage|p1a: Dragonite|86/100\n|-heal|p2b: Palafin|73/100|[from] drain|[of] p1a: Dragonite\n|move|p2a: Decidueye|Spirit Shackle|p1b: Gengar\n|-supereffective|p1b: Gengar|1\n|-damage|p1b: Gengar|0 fnt\n|faint|p1b: Gengar\n|-damage|p2a: Decidueye|90/100|[from] item: Life Orb\n|move|p1a: Dragonite|Ice Spinner|p2a: Decidueye\n|-supereffective|p2a: Decidueye|1\n|-damage|p2a: Decidueye|11/100\n|\n|-heal|p1a: Dragonite|92/100|[from] item: Leftovers\n|upkeep\n|\n|t:|1788210608\n|switch|p1b: Incineroar|Incineroar, L50, F|83/100\n|-ability|p1b: Incineroar|Intimidate|boost\n|-unboost|p2a: Decidueye|atk|1\n|-unboost|p2b: Palafin|atk|1\n|turn|9\n|c|☆C0n_C0N|i will start timer\n|inactive|Battle timer is ON: inactive players will automatically lose when time's up. (requested by C0n_C0N)\n|\n|t:|1788210689\n|switch|p2a: Incineroar|Incineroar, L50, M|47/100\n|move|p2b: Palafin|Drain Punch|p1b: Incineroar\n|-supereffective|p1b: Incineroar|1\n|-damage|p1b: Incineroar|63/100\n|-heal|p2b: Palafin|84/100|[from] drain|[of] p1b: Incineroar\n|move|p1a: Dragonite|Dragon Claw|p2b: Palafin\n|-damage|p2b: Palafin|45/100\n|move|p1b: Incineroar|Snarl|p2a: Incineroar|[spread] p2a,p2b\n|-resisted|p2a: Incineroar|1\n|-damage|p2a: Incineroar|41/100\n|-damage|p2b: Palafin|35/100\n|-unboost|p2a: Incineroar|spa|1\n|-unboost|p2b: Palafin|spa|1\n|\n|-heal|p1a: Dragonite|98/100|[from] item: Leftovers\n|-heal|p2a: Incineroar|47/100|[from] item: Leftovers\n|upkeep\n|turn|10\n|inactive|C0n_C0N has 30 seconds left.\n|\n|t:|1788210717\n|switch|p2b: Decidueye|Decidueye, L50, F, shiny|11/100\n|move|p1a: Dragonite|Protect|p1a: Dragonite\n|-singleturn|p1a: Dragonite|Protect\n|move|p2a: Incineroar|Fake Out|p1a: Dragonite\n|-activate|p1a: Dragonite|move: Protect\n|move|p1b: Incineroar|Flare Blitz|p2b: Decidueye\n|-supereffective|p2b: Decidueye|1\n|-damage|p2b: Decidueye|0 fnt\n|faint|p2b: Decidueye\n|-damage|p1b: Incineroar|60/100|[from] Recoil\n|\n|-heal|p1a: Dragonite|100/100|[from] item: Leftovers\n|-heal|p2a: Incineroar|53/100|[from] item: Leftovers\n|upkeep\n|\n|t:|1788210730\n|switch|p2b: Palafin|Palafin-Hero, L50, F|35/100\n|turn|11\n|inactive|freudianbreath has 30 seconds left.\n|inactive|C0n_C0N has 30 seconds left.\n|inactive|C0n_C0N has 20 seconds left.\n|inactive|C0n_C0N has 15 seconds left.\n|\n|t:|1788210772\n|move|p1a: Dragonite|Extreme Speed|p2b: Palafin\n|-damage|p2b: Palafin|8/100\n|move|p2b: Palafin|Liquidation|p1b: Incineroar\n|-supereffective|p1b: Incineroar|1\n|-damage|p1b: Incineroar|0 fnt\n|faint|p1b: Incineroar\n|move|p2a: Incineroar|Flare Blitz|p1a: Dragonite\n|-resisted|p1a: Dragonite|1\n|-damage|p1a: Dragonite|89/100\n|-damage|p2a: Incineroar|49/100|[from] Recoil\n|\n|-heal|p1a: Dragonite|95/100|[from] item: Leftovers\n|-heal|p2a: Incineroar|55/100|[from] item: Leftovers\n|upkeep\n|turn|12\n|inactive|C0n_C0N has 30 seconds left.\n|\n|t:|1788210800\n|move|p1a: Dragonite|Extreme Speed|p2b: Palafin\n|-damage|p2b: Palafin|0 fnt\n|faint|p2b: Palafin\n|move|p2a: Incineroar|Parting Shot|p1a: Dragonite\n|-unboost|p1a: Dragonite|atk|1\n|-unboost|p1a: Dragonite|spa|1\n|\n|-heal|p1a: Dragonite|100/100|[from] item: Leftovers\n|-heal|p2a: Incineroar|61/100|[from] item: Leftovers\n|upkeep\n|turn|13\n|\n|t:|1788210811\n|move|p1a: Dragonite|Dragon Claw|p2a: Incineroar\n|-crit|p2a: Incineroar\n|-damage|p2a: Incineroar|0 fnt\n|faint|p2a: Incineroar\n|\n|win|freudianbreath\n","uploadtime":1788210817,"views":"4","formatid":"gen9championsvgc2026regmbbo3","rating":null,"private":0,"password":null}