{"id":"gen9championsvgc2026regmb-2674976945","format":"[Gen 9 Champions] VGC 2026 Reg M-B","players":["mismanette","username 96"],"log":"|j|☆mismanette\n|j|☆username 96\n|t:|1788444376\n|gametype|doubles\n|player|p1|mismanette|dawn|1078\n|player|p2|username 96|101|1000\n|gen|9\n|tier|[Gen 9 Champions] VGC 2026 Reg M-B\n|rated|\n|rule|Species Clause: Limit one of each Pokémon\n|rule|Item Clause: Limit 1 of each item\n|clearpoke\n|poke|p1|Aegislash, L50, F|\n|poke|p1|Barbaracle, L50, M|\n|poke|p1|Heliolisk, L50, M|\n|poke|p1|Sylveon, L50, F|\n|poke|p1|Talonflame, L50, F|\n|poke|p1|Greninja, L50, M|\n|poke|p2|Raichu, L50, F|\n|poke|p2|Basculegion, L50, M|\n|poke|p2|Whimsicott, L50, M|\n|poke|p2|Talonflame, L50, M|\n|poke|p2|Ninetales-Alola, L50, F|\n|poke|p2|Archaludon, L50, M|\n|teampreview|4\n|\n|t:|1788444414\n|teamsize|p1|4\n|teamsize|p2|4\n|start\n|switch|p1a: Talonflame|Talonflame, L50, F|100/100\n|switch|p1b: Aegislash|Aegislash, L50, F|100/100\n|switch|p2a: Raichu|Raichu, L50, F|100/100\n|switch|p2b: Ninetales|Ninetales-Alola, L50, F|100/100\n|-weather|Snowscape|[from] ability: Snow Warning|[of] p2b: Ninetales\n|turn|1\n|inactive|Battle timer is ON: inactive players will automatically lose when time's up. (requested by username 96)\n|\n|t:|1788444466\n|detailschange|p2a: Raichu|Raichu-Mega-Y, L50, F\n|-mega|p2a: Raichu|Raichu|Raichunite Y\n|move|p2a: Raichu|Fake Out|p1a: Talonflame\n|-damage|p1a: Talonflame|89/100\n|-status|p2a: Raichu|brn|[from] ability: Flame Body|[of] p1a: Talonflame\n|cant|p1a: Talonflame|flinch\n|move|p2b: Ninetales|Aurora Veil|p2b: Ninetales\n|-sidestart|p2: username 96|move: Aurora Veil\n|-formechange|p1b: Aegislash|Aegislash-Blade|\n|move|p1b: Aegislash|Iron Head|p2b: Ninetales\n|-supereffective|p2b: Ninetales|2\n|-crit|p2b: Ninetales\n|-damage|p2b: Ninetales|0 fnt\n|faint|p2b: Ninetales\n|\n|-weather|Snowscape|[upkeep]\n|-damage|p2a: Raichu|94/100 brn|[from] brn\n|upkeep\n|\n|t:|1788444489\n|switch|p2b: Basculegion|Basculegion, L50, M|100/100\n|turn|2\n|\n|t:|1788444499\n|-formechange|p1b: Aegislash|Aegislash|\n|move|p1b: Aegislash|King's Shield|p1b: Aegislash\n|-singleturn|p1b: Aegislash|Protect\n|move|p2b: Basculegion|Aqua Jet|p1a: Talonflame\n|-supereffective|p1a: Talonflame|1\n|-damage|p1a: Talonflame|0 fnt\n|faint|p1a: Talonflame\n|-damage|p2b: Basculegion|90/100|[from] item: Life Orb\n|move|p2a: Raichu|Zap Cannon|p1b: Aegislash\n|-activate|p1b: Aegislash|move: Protect\n|\n|-weather|Snowscape|[upkeep]\n|-damage|p2a: Raichu|88/100 brn|[from] brn\n|upkeep\n|\n|t:|1788444512\n|switch|p1a: Heliolisk|Heliolisk, L50, M|100/100\n|turn|3\n|\n|t:|1788444533\n|move|p2b: Basculegion|Protect|p2b: Basculegion\n|-singleturn|p2b: Basculegion|Protect\n|move|p2a: Raichu|Zap Cannon|p1b: Aegislash\n|-damage|p1b: Aegislash|62/100\n|-status|p1b: Aegislash|par\n|move|p1a: Heliolisk|Grass Knot|p2b: Basculegion\n|-activate|p2b: Basculegion|move: Protect\n|-formechange|p1b: Aegislash|Aegislash-Blade|\n|move|p1b: Aegislash|Poltergeist|p2a: Raichu\n|-activate|p2a: Raichu|move: Poltergeist|Raichunite Y\n|-crit|p2a: Raichu\n|-damage|p2a: Raichu|0 fnt\n|faint|p2a: Raichu\n|\n|-weather|Snowscape|[upkeep]\n|-heal|p1b: Aegislash|68/100 par|[from] item: Leftovers\n|upkeep\n|\n|t:|1788444548\n|switch|p2a: Whimsicott|Whimsicott, L50, M|100/100\n|turn|4\n|inactive|username 96 has 30 seconds left.\n|inactive|username 96 has 20 seconds left.\n|\n|t:|1788444586\n|-formechange|p1b: Aegislash|Aegislash|\n|move|p1b: Aegislash|King's Shield|p1b: Aegislash\n|-singleturn|p1b: Aegislash|Protect\n|move|p2a: Whimsicott|Moonblast|p1a: Heliolisk\n|-damage|p1a: Heliolisk|48/100\n|move|p1a: Heliolisk|Grass Knot|p2b: Basculegion\n|-supereffective|p2b: Basculegion|1\n|-damage|p2b: Basculegion|28/100\n|move|p2b: Basculegion|Wave Crash|p1b: Aegislash\n|-activate|p1b: Aegislash|move: Protect\n|-unboost|p2b: Basculegion|atk|1\n|\n|-weather|Snowscape|[upkeep]\n|-heal|p1b: Aegislash|74/100 par|[from] item: Leftovers\n|upkeep\n|turn|5\n|\n|t:|1788444609\n|move|p2b: Basculegion|Protect|p2b: Basculegion\n|-singleturn|p2b: Basculegion|Protect\n|move|p2a: Whimsicott|Moonblast|p1a: Heliolisk\n|-damage|p1a: Heliolisk|0 fnt\n|faint|p1a: Heliolisk\n|cant|p1b: Aegislash|par\n|\n|-weather|none\n|-heal|p1b: Aegislash|80/100 par|[from] item: Leftovers\n|upkeep\n|\n|t:|1788444618\n|switch|p1a: Barbaracle|Barbaracle, L50, M|100/100\n|turn|6\n|inactive|username 96 has 30 seconds left.\n|\n|t:|1788444646\n|detailschange|p1a: Barbaracle|Barbaracle-Mega, L50, M\n|-mega|p1a: Barbaracle|Barbaracle|Barbaracite\n|move|p2a: Whimsicott|Taunt|p1b: Aegislash\n|-start|p1b: Aegislash|move: Taunt\n|move|p1a: Barbaracle|Rock Slide|p2b: Basculegion|[spread] p2a,p2b\n|-damage|p2a: Whimsicott|64/100\n|-damage|p2b: Basculegion|0 fnt\n|faint|p2b: Basculegion\n|cant|p1b: Aegislash|par\n|\n|-heal|p1b: Aegislash|86/100 par|[from] item: Leftovers\n|upkeep\n|turn|7\n|\n|t:|1788444670\n|move|p2a: Whimsicott|Encore|p1b: Aegislash\n|-start|p1b: Aegislash|Encore\n|cant|p1b: Aegislash|move: Taunt|King's Shield\n|move|p1a: Barbaracle|Liquidation|p2a: Whimsicott\n|-resisted|p2a: Whimsicott|1\n|-damage|p2a: Whimsicott|40/100\n|\n|-heal|p1b: Aegislash|92/100 par|[from] item: Leftovers\n|upkeep\n|turn|8\n|\n|t:|1788444680\n|move|p2a: Whimsicott|Moonblast|p1a: Barbaracle\n|-supereffective|p1a: Barbaracle|1\n|-damage|p1a: Barbaracle|22/100\n|move|p1a: Barbaracle|Rock Slide|p2a: Whimsicott\n|-crit|p2a: Whimsicott\n|-damage|p2a: Whimsicott|0 fnt\n|faint|p2a: Whimsicott\n|\n|win|mismanette\n|raw|mismanette's rating: 1078 &rarr; <strong>1100</strong><br />(+22 for winning)\n|raw|username 96's rating: 1000 &rarr; <strong>1000</strong><br />(+0 for losing)\n|l|☆username 96\n|player|p2|\n|c|☆mismanette|gg\n","uploadtime":1788444689,"views":"4","formatid":"gen9championsvgc2026regmb","rating":1000,"private":0,"password":null}