{"id":"gen9championsvgc2026regmbbo3-2674326454","format":"[Gen 9 Champions] VGC 2026 Reg M-B (Bo3)","players":["DINOLONK","lunalotll"],"log":"|j|☆DINOLONK\n|j|☆lunalotll\n|html|<table width=\"100%\"><tr><td align=\"left\">DINOLONK</td><td align=\"right\">lunalotll</tr><tr><td align=\"left\"><i class=\"fa fa-circle-o\"></i> <i class=\"fa fa-circle-o\"></i> </td><td align=\"right\"><i class=\"fa fa-circle-o\"></i> <i class=\"fa fa-circle-o\"></i> </tr></table>\n|uhtml|bestof|<h2><strong>Game 1</strong> of <a href=\"/game-bestof3-gen9championsvgc2026regmbbo3-2674326453\">a best-of-3</a></h2>\n|t:|1788341593\n|gametype|doubles\n|player|p1|DINOLONK|parasollady-gen4|1377\n|player|p2|lunalotll|lana|1376\n|gen|9\n|tier|[Gen 9 Champions] VGC 2026 Reg M-B (Bo3)\n|rated|\n|rule|Species Clause: Limit one of each Pokémon\n|rule|Item Clause: Limit 1 of each item\n|clearpoke\n|poke|p1|Dragonite, L50, M|\n|poke|p1|Sneasler, L50, M|\n|poke|p1|Kingambit, L50, F|\n|poke|p1|Basculegion, L50, M|\n|poke|p1|Whimsicott, L50, M|\n|poke|p1|Floette-Eternal, L50, F|\n|poke|p2|Venusaur, L50, M|\n|poke|p2|Primarina, L50, M|\n|poke|p2|Kingambit, L50, M|\n|poke|p2|Farigiraf, L50, M|\n|poke|p2|Torkoal, L50, M|\n|poke|p2|Blaziken, L50, F|\n|teampreview|4\n|showteam|p1|Dragonite||Dragoninite|InnerFocus|DragonPulse,HeatWave,Thunderbolt,Protect|Modest||M|||50|]Sneasler||WhiteHerb|Unburden|DireClaw,CloseCombat,RockSlide,FakeOut|Jolly||M|||50|]Kingambit||ChopleBerry|Defiant|KowtowCleave,SuckerPunch,LowKick,IronHead|Adamant||F|||50|]Basculegion||LifeOrb|Adaptability|WaveCrash,LastRespects,AquaJet,Protect|Adamant||M|||50|]Whimsicott||FocusSash|Prankster|Moonblast,Tailwind,Encore,Protect|Timid||M|||50|]Floette-Eternal||Floettite|FlowerVeil|Moonblast,DazzlingGleam,LightofRuin,Protect|Timid||F|||50|\n|showteam|p2|Venusaur||OccaBerry|Chlorophyll|LeafStorm,SludgeBomb,SleepPowder,Protect|Timid||M|||50|]Primarina||LifeOrb|LiquidVoice|HyperVoice,Moonblast,AquaJet,Protect|Quiet||M|||50|]Kingambit||FocusSash|Defiant|KowtowCleave,IronHead,SuckerPunch,Protect|Adamant||M|||50|]Farigiraf||SitrusBerry|ArmorTail|Psychic,Thunderbolt,TrickRoom,Protect|Bold||M|||50|]Torkoal||Charcoal|Drought|Eruption,WeatherBall,HelpingHand,Protect|Quiet||M|||50|]Blaziken||Blazikenite|SpeedBoost|FlareBlitz,CloseCombat,RockSlide,Detect|Adamant||F|||50|\n|inactive|Battle timer is ON: inactive players will automatically lose when time's up. (requested by lunalotll)\n|inactive|DINOLONK also wants the timer to be on.\n|inactive|lunalotll has 60 seconds left.\n|\n|t:|1788341653\n|teamsize|p1|4\n|teamsize|p2|4\n|start\n|switch|p1a: Sneasler|Sneasler, L50, M|100/100\n|switch|p1b: Dragonite|Dragonite, L50, M|100/100\n|switch|p2a: Blaziken|Blaziken, L50, F|100/100\n|switch|p2b: Venusaur|Venusaur, L50, M|100/100\n|turn|1\n|inactive|DINOLONK has 30 seconds left.\n|\n|t:|1788341679\n|switch|p2b: Farigiraf|Farigiraf, L50, M|100/100\n|detailschange|p1b: Dragonite|Dragonite-Mega, L50, M\n|-mega|p1b: Dragonite|Dragonite|Dragoninite\n|detailschange|p2a: Blaziken|Blaziken-Mega, L50, F\n|-mega|p2a: Blaziken|Blaziken|Blazikenite\n|move|p1a: Sneasler|Dire Claw|p2a: Blaziken\n|-damage|p2a: Blaziken|38/100\n|move|p2a: Blaziken|Flare Blitz|p1a: Sneasler\n|-damage|p1a: Sneasler|0 fnt\n|faint|p1a: Sneasler\n|-damage|p2a: Blaziken|3/100|[from] Recoil\n|move|p1b: Dragonite|Heat Wave|p2a: Blaziken|[spread] p2a,p2b\n|-resisted|p2a: Blaziken|1\n|-damage|p2a: Blaziken|0 fnt\n|-damage|p2b: Farigiraf|70/100\n|faint|p2a: Blaziken\n|\n|upkeep\n|\n|t:|1788341696\n|switch|p1a: Basculegion|Basculegion, L50, M|100/100\n|switch|p2a: Primarina|Primarina, L50, M|100/100\n|turn|2\n|\n|t:|1788341719\n|switch|p2a: Venusaur|Venusaur, L50, M|100/100\n|move|p2b: Farigiraf|Protect|p2b: Farigiraf\n|-singleturn|p2b: Farigiraf|Protect\n|move|p1b: Dragonite|Thunderbolt|p2a: Venusaur\n|-resisted|p2a: Venusaur|1\n|-damage|p2a: Venusaur|82/100\n|move|p1a: Basculegion|Wave Crash|p2b: Farigiraf\n|-activate|p2b: Farigiraf|move: Protect\n|\n|upkeep\n|turn|3\n|\n|t:|1788341731\n|move|p1b: Dragonite|Heat Wave|p2b: Farigiraf|[spread] p2b\n|-miss|p1b: Dragonite|p2a: Venusaur\n|-damage|p2b: Farigiraf|40/100\n|-enditem|p2b: Farigiraf|Sitrus Berry|[eat]\n|-heal|p2b: Farigiraf|65/100|[from] item: Sitrus Berry\n|move|p2a: Venusaur|Leaf Storm|p1a: Basculegion|[miss]\n|-miss|p2a: Venusaur|p1a: Basculegion\n|move|p1a: Basculegion|Wave Crash|p2b: Farigiraf\n|-damage|p2b: Farigiraf|0 fnt\n|faint|p2b: Farigiraf\n|-damage|p1a: Basculegion|74/100|[from] Recoil\n|-damage|p1a: Basculegion|65/100|[from] item: Life Orb\n|\n|upkeep\n|\n|t:|1788341745\n|switch|p2b: Primarina|Primarina, L50, M|100/100\n|turn|4\n|\n|t:|1788341762\n|move|p2b: Primarina|Protect|p2b: Primarina\n|-singleturn|p2b: Primarina|Protect\n|move|p1b: Dragonite|Heat Wave|p2b: Primarina|[spread] p2a\n|-activate|p2b: Primarina|move: Protect\n|-supereffective|p2a: Venusaur|1\n|-crit|p2a: Venusaur\n|-enditem|p2a: Venusaur|Occa Berry|[eat]\n|-enditem|p2a: Venusaur|Occa Berry|[weaken]\n|-damage|p2a: Venusaur|34/100\n|move|p2a: Venusaur|Sleep Powder|p1b: Dragonite\n|-status|p1b: Dragonite|slp|[from] move: Sleep Powder\n|move|p1a: Basculegion|Last Respects|p2b: Primarina\n|-activate|p2b: Primarina|move: Protect\n|\n|upkeep\n|turn|5\n|\n|t:|1788341777\n|move|p1a: Basculegion|Protect|p1a: Basculegion\n|-singleturn|p1a: Basculegion|Protect\n|cant|p1b: Dragonite|slp\n|move|p2a: Venusaur|Leaf Storm|p1a: Basculegion\n|-activate|p1a: Basculegion|move: Protect\n|move|p2b: Primarina|Moonblast|p1b: Dragonite\n|-supereffective|p1b: Dragonite|1\n|-damage|p1b: Dragonite|34/100 slp\n|-damage|p2b: Primarina|90/100|[from] item: Life Orb\n|\n|upkeep\n|turn|6\n|\n|t:|1788341794\n|cant|p1b: Dragonite|slp\n|move|p2a: Venusaur|Leaf Storm|p1a: Basculegion\n|-supereffective|p1a: Basculegion|1\n|-damage|p1a: Basculegion|0 fnt\n|-unboost|p2a: Venusaur|spa|2\n|faint|p1a: Basculegion\n|move|p2b: Primarina|Moonblast|p1b: Dragonite\n|-supereffective|p1b: Dragonite|1\n|-crit|p1b: Dragonite\n|-damage|p1b: Dragonite|0 fnt\n|faint|p1b: Dragonite\n|-damage|p2b: Primarina|80/100|[from] item: Life Orb\n|\n|upkeep\n|\n|t:|1788341797\n|switch|p1b: Kingambit|Kingambit, L50, F|100/100\n|turn|7\n|\n|t:|1788341810\n|move|p2a: Venusaur|Sleep Powder|p1b: Kingambit\n|-status|p1b: Kingambit|slp|[from] move: Sleep Powder\n|cant|p1b: Kingambit|slp\n|move|p2b: Primarina|Moonblast|p1b: Kingambit\n|-damage|p1b: Kingambit|35/100 slp\n|-damage|p2b: Primarina|71/100|[from] item: Life Orb\n|\n|upkeep\n|turn|8\n|\n|t:|1788341823\n|move|p2a: Venusaur|Sleep Powder|p1b: Kingambit\n|-fail|p1b: Kingambit|slp\n|cant|p1b: Kingambit|slp\n|move|p2b: Primarina|Moonblast|p1b: Kingambit\n|-damage|p1b: Kingambit|0 fnt\n|faint|p1b: Kingambit\n|-damage|p2b: Primarina|61/100|[from] item: Life Orb\n|\n|win|lunalotll\n","uploadtime":1788341823,"views":"2","formatid":"gen9championsvgc2026regmbbo3","rating":null,"private":0,"password":null}