{"id":"gen9championsvgc2026regmb-2674901834","format":"[Gen 9 Champions] VGC 2026 Reg M-B","players":["xavvies","Thornlace48812"],"log":"|j|☆xavvies\n|j|☆Thornlace48812\n|t:|1788432619\n|gametype|doubles\n|player|p1|xavvies|hilda|1282\n|player|p2|Thornlace48812|102|1352\n|gen|9\n|tier|[Gen 9 Champions] VGC 2026 Reg M-B\n|rated|\n|rule|Species Clause: Limit one of each Pokémon\n|rule|Item Clause: Limit 1 of each item\n|clearpoke\n|poke|p1|Primarina, L50, M|\n|poke|p1|Kingambit, L50, F|\n|poke|p1|Farigiraf, L50, M|\n|poke|p1|Torkoal, L50, F|\n|poke|p1|Blaziken, L50, M, shiny|\n|poke|p1|Venusaur, L50, M|\n|poke|p2|Garchomp, L50, M|\n|poke|p2|Charizard, L50, F|\n|poke|p2|Whimsicott, L50, F|\n|poke|p2|Sylveon, L50, F|\n|poke|p2|Kingambit, L50, M|\n|poke|p2|Basculegion, L50, M|\n|teampreview|4\n|inactive|Battle timer is ON: inactive players will automatically lose when time's up. (requested by Thornlace48812)\n|inactive|xavvies also wants the timer to be on.\nThornlace48812 rejected open team sheets.\n|\n|t:|1788432629\n|teamsize|p1|4\n|teamsize|p2|4\n|start\n|switch|p1a: Farigiraf|Farigiraf, L50, M|100/100\n|switch|p1b: Blaziken|Blaziken, L50, M, shiny|100/100\n|switch|p2a: Charizard|Charizard, L50, F|100/100\n|switch|p2b: Sylveon|Sylveon, L50, F|100/100\n|turn|1\n|\n|t:|1788432637\n|detailschange|p2a: Charizard|Charizard-Mega-Y, L50, F\n|-mega|p2a: Charizard|Charizard|Charizardite Y\n|-weather|SunnyDay|[from] ability: Drought|[of] p2a: Charizard\n|detailschange|p1b: Blaziken|Blaziken-Mega, L50, M, shiny\n|-mega|p1b: Blaziken|Blaziken|Blazikenite\n|move|p1b: Blaziken|Detect|p1b: Blaziken\n|-singleturn|p1b: Blaziken|Protect\n|move|p1a: Farigiraf|Protect|p1a: Farigiraf\n|-singleturn|p1a: Farigiraf|Protect\n|move|p2a: Charizard|Heat Wave|p1a: Farigiraf|[spread] \n|-activate|p1a: Farigiraf|move: Protect\n|-activate|p1b: Blaziken|move: Protect\n|move|p2b: Sylveon|Hyper Voice|p1a: Farigiraf|[spread] \n|-activate|p1a: Farigiraf|move: Protect\n|-activate|p1b: Blaziken|move: Protect\n|\n|-weather|SunnyDay|[upkeep]\n|-ability|p1b: Blaziken|Speed Boost|boost\n|-boost|p1b: Blaziken|spe|1\n|upkeep\n|turn|2\n|\n|t:|1788432654\n|switch|p2a: Whimsicott|Whimsicott, L50, F|100/100\n|move|p1b: Blaziken|Rock Slide|p2a: Whimsicott|[spread] p2a,p2b\n|-damage|p2a: Whimsicott|63/100\n|-damage|p2b: Sylveon|68/100\n|cant|p2b: Sylveon|flinch\n|move|p1a: Farigiraf|Trick Room|p1a: Farigiraf\n|-fieldstart|move: Trick Room|[of] p1a: Farigiraf\n|\n|-weather|SunnyDay|[upkeep]\n|-ability|p1b: Blaziken|Speed Boost|boost\n|-boost|p1b: Blaziken|spe|1\n|upkeep\n|turn|3\n|\n|t:|1788432668\n|move|p2a: Whimsicott|Protect|p2a: Whimsicott\n|-singleturn|p2a: Whimsicott|Protect\n|move|p1a: Farigiraf|Psychic|p2a: Whimsicott\n|-activate|p2a: Whimsicott|move: Protect\n|move|p2b: Sylveon|Hyper Voice|p1a: Farigiraf|[spread] p1a,p1b\n|-damage|p1a: Farigiraf|53/100\n|-damage|p1b: Blaziken|37/100\n|move|p1b: Blaziken|Flare Blitz|p2b: Sylveon\n|-damage|p2b: Sylveon|0 fnt\n|faint|p2b: Sylveon\n|-damage|p1b: Blaziken|9/100|[from] Recoil\n|\n|-weather|SunnyDay|[upkeep]\n|-ability|p1b: Blaziken|Speed Boost|boost\n|-boost|p1b: Blaziken|spe|1\n|upkeep\n|\n|t:|1788432669\n|switch|p2b: Garchomp|Garchomp, L50, M|100/100\n|turn|4\n|\n|t:|1788432685\n|move|p2a: Whimsicott|Tailwind|p2a: Whimsicott\n|-sidestart|p2: Thornlace48812|move: Tailwind\n|move|p1a: Farigiraf|Psychic|p2a: Whimsicott\n|-damage|p2a: Whimsicott|5/100\n|-unboost|p2a: Whimsicott|spd|1\n|move|p2b: Garchomp|Earthquake|p1b: Blaziken|[spread] p2a,p1a,p1b\n|-resisted|p2a: Whimsicott|1\n|-supereffective|p1b: Blaziken|1\n|-damage|p2a: Whimsicott|0 fnt\n|-damage|p1a: Farigiraf|14/100\n|-damage|p1b: Blaziken|0 fnt\n|-enditem|p1a: Farigiraf|Sitrus Berry|[eat]\n|-heal|p1a: Farigiraf|39/100|[from] item: Sitrus Berry\n|faint|p2a: Whimsicott\n|faint|p1b: Blaziken\n|-damage|p2b: Garchomp|90/100|[from] item: Life Orb\n|\n|-weather|SunnyDay|[upkeep]\n|upkeep\n|\n|t:|1788432694\n|switch|p1b: Primarina|Primarina, L50, M|100/100\n|switch|p2a: Charizard|Charizard-Mega-Y, L50, F|100/100\n|turn|5\n|\n|t:|1788432697\n|move|p1b: Primarina|Moonblast|p2b: Garchomp\n|-supereffective|p2b: Garchomp|1\n|-damage|p2b: Garchomp|0 fnt\n|faint|p2b: Garchomp\n|-damage|p1b: Primarina|90/100|[from] item: Life Orb\n|move|p1a: Farigiraf|Thunderbolt|p2a: Charizard\n|-supereffective|p2a: Charizard|1\n|-damage|p2a: Charizard|52/100\n|move|p2a: Charizard|Heat Wave|p1b: Primarina|[spread] p1b\n|-miss|p2a: Charizard|p1a: Farigiraf\n|-resisted|p1b: Primarina|1\n|-crit|p1b: Primarina\n|-damage|p1b: Primarina|45/100\n|\n|-weather|none\n|upkeep\n|turn|6\n|\n|t:|1788432706\n|move|p1b: Primarina|Hyper Voice|p2a: Charizard\n|-supereffective|p2a: Charizard|1\n|-damage|p2a: Charizard|0 fnt\n|faint|p2a: Charizard\n|-damage|p1b: Primarina|36/100|[from] item: Life Orb\n|\n|win|xavvies\n|raw|xavvies's rating: 1282 &rarr; <strong>1314</strong><br />(+32 for winning)\n|raw|Thornlace48812's rating: 1382 &rarr; <strong>1356</strong><br />(-26 for losing)\n","uploadtime":1788432706,"views":"1","formatid":"gen9championsvgc2026regmb","rating":1314,"private":0,"password":null}