{"id":"gen9championsvgc2026regmb-2674689621","format":"[Gen 9 Champions] VGC 2026 Reg M-B","players":["lavandinaVGC","element111"],"log":"|j|☆lavandinaVGC\n|j|☆element111\n|t:|1788390950\n|gametype|doubles\n|player|p1|lavandinaVGC|1|1259\n|player|p2|element111|169|1360\n|gen|9\n|tier|[Gen 9 Champions] VGC 2026 Reg M-B\n|rated|\n|rule|Species Clause: Limit one of each Pokémon\n|rule|Item Clause: Limit 1 of each item\n|clearpoke\n|poke|p1|Incineroar, L50, M|\n|poke|p1|Sinistcha, L50|\n|poke|p1|Corviknight, L50, F|\n|poke|p1|Drampa, L50, M|\n|poke|p1|Mamoswine, L50, F|\n|poke|p1|Eelektross, L50, M|\n|poke|p2|Scovillain, L50, F, shiny|\n|poke|p2|Basculegion, L50, M|\n|poke|p2|Kingambit, L50, M|\n|poke|p2|Sneasler, L50, M|\n|poke|p2|Lycanroc-Dusk, L50, F|\n|poke|p2|Froslass, L50, F|\n|teampreview|4\nelement111 has agreed to open team sheets.\n|\n|t:|1788390985\n|teamsize|p1|4\n|teamsize|p2|4\n|start\n|switch|p1a: Corviknight|Corviknight, L50, F|100/100\n|switch|p1b: Mamoswine|Mamoswine, L50, F|100/100\n|switch|p2a: The Antithesis|Froslass, L50, F|100/100\n|switch|p2b: The Miracle|Basculegion, L50, M|100/100\n|turn|1\n|\n|t:|1788391007\n|detailschange|p2a: The Antithesis|Froslass-Mega, L50, F\n|-mega|p2a: The Antithesis|Froslass|Froslassite\n|-weather|Snowscape|[from] ability: Snow Warning|[of] p2a: The Antithesis\n|move|p1b: Mamoswine|Earthquake|p2a: The Antithesis|[spread] p2a,p2b\n|-immune|p1a: Corviknight\n|-damage|p2a: The Antithesis|59/100\n|-damage|p2b: The Miracle|59/100\n|move|p2a: The Antithesis|Blizzard|p1a: Corviknight|[spread] p1a,p1b\n|-damage|p1a: Corviknight|72/100\n|-damage|p1b: Mamoswine|48/100\n|move|p2b: The Miracle|Wave Crash|p1a: Corviknight\n|-damage|p1a: Corviknight|0 fnt\n|faint|p1a: Corviknight\n|-damage|p2b: The Miracle|34/100|[from] Recoil\n|-damage|p2b: The Miracle|25/100|[from] item: Life Orb\n|\n|-weather|Snowscape|[upkeep]\n|upkeep\n|\n|t:|1788391024\n|switch|p1a: Incineroar|Incineroar, L50, M|100/100\n|-ability|p1a: Incineroar|Intimidate|boost\n|-unboost|p2a: The Antithesis|atk|1\n|-unboost|p2b: The Miracle|atk|1\n|turn|2\n|\n|t:|1788391047\n|switch|p1a: Eelektross|Eelektross, L50, M|100/100\n|move|p2b: The Miracle|Protect|p2b: The Miracle\n|-singleturn|p2b: The Miracle|Protect\n|move|p1b: Mamoswine|Earthquake|p2b: The Miracle|[spread] p2a\n|-activate|p2b: The Miracle|move: Protect\n|-immune|p1a: Eelektross|[from] ability: Levitate\n|-damage|p2a: The Antithesis|24/100\n|move|p2a: The Antithesis|Blizzard|p1a: Eelektross|[spread] p1a,p1b\n|-damage|p1a: Eelektross|60/100\n|-damage|p1b: Mamoswine|0 fnt\n|faint|p1b: Mamoswine\n|\n|-weather|Snowscape|[upkeep]\n|upkeep\n|\n|t:|1788391061\n|switch|p1b: Incineroar|Incineroar, L50, M|100/100\n|-ability|p1b: Incineroar|Intimidate|boost\n|-unboost|p2a: The Antithesis|atk|1\n|-unboost|p2b: The Miracle|atk|1\n|turn|3\n|inactive|Battle timer is ON: inactive players will automatically lose when time's up. (requested by element111)\n|\n|t:|1788391071\n|switch|p2b: The Deathdealing|Sneasler, L50, M|100/100\n|detailschange|p1a: Eelektross|Eelektross-Mega, L50, M\n|-mega|p1a: Eelektross|Eelektross|Eelektrossite\n|move|p2a: The Antithesis|Shadow Ball|p1a: Eelektross\n|-damage|p1a: Eelektross|25/100\n|move|p1a: Eelektross|Thunderbolt|p2b: The Deathdealing\n|-damage|p2b: The Deathdealing|28/100\n|move|p1b: Incineroar|Throat Chop|p2a: The Antithesis\n|-supereffective|p2a: The Antithesis|1\n|-crit|p2a: The Antithesis\n|-damage|p2a: The Antithesis|0 fnt\n|faint|p2a: The Antithesis\n|\n|-weather|Snowscape|[upkeep]\n|upkeep\n|\n|t:|1788391089\n|switch|p2a: The Almighty|Kingambit, L50, M|100/100\n|turn|4\n|\n|t:|1788391099\n|move|p1a: Eelektross|Protect|p1a: Eelektross\n|-singleturn|p1a: Eelektross|Protect\n|move|p2b: The Deathdealing|Fake Out|p1b: Incineroar\n|-damage|p1b: Incineroar|89/100\n|move|p2a: The Almighty|Sucker Punch||[still]\n|-fail|p2a: The Almighty\n|cant|p1b: Incineroar|flinch\n|\n|-weather|Snowscape|[upkeep]\n|upkeep\n|turn|5\n|\n|t:|1788391108\n|move|p2a: The Almighty|Sucker Punch|p1a: Eelektross\n|-damage|p1a: Eelektross|0 fnt\n|faint|p1a: Eelektross\n|move|p2b: The Deathdealing|Close Combat|p1b: Incineroar\n|-supereffective|p1b: Incineroar|1\n|-damage|p1b: Incineroar|0 fnt\n|-unboost|p2b: The Deathdealing|def|1\n|-unboost|p2b: The Deathdealing|spd|1\n|faint|p1b: Incineroar\n|\n|win|element111\n|raw|lavandinaVGC's rating: 1259 &rarr; <strong>1241</strong><br />(-18 for losing)\n|raw|element111's rating: 1360 &rarr; <strong>1374</strong><br />(+14 for winning)\n|c|☆element111|gg\n","uploadtime":1788391123,"views":"1","formatid":"gen9championsvgc2026regmb","rating":1241,"private":0,"password":null}