{"id":"gen9championsvgc2026regmbbo3-2674543765","format":"[Gen 9 Champions] VGC 2026 Reg M-B (Bo3)","players":["mystabloom","fvevfvfv"],"log":"|j|☆mystabloom\n|j|☆fvevfvfv\n|html|<table width=\"100%\"><tr><td align=\"left\">mystabloom</td><td align=\"right\">fvevfvfv</tr><tr><td align=\"left\"><i class=\"fa fa-circle-o\"></i> <i class=\"fa fa-circle-o\"></i> </td><td align=\"right\"><i class=\"fa fa-circle-o\"></i> <i class=\"fa fa-circle-o\"></i> </tr></table>\n|uhtml|bestof|<h2><strong>Game 1</strong> of <a href=\"/game-bestof3-gen9championsvgc2026regmbbo3-2674543764\">a best-of-3</a></h2>\n|t:|1788372144\n|gametype|doubles\n|player|p1|mystabloom|102|\n|player|p2|fvevfvfv|265|\n|gen|9\n|tier|[Gen 9 Champions] VGC 2026 Reg M-B (Bo3)\n|rule|Species Clause: Limit one of each Pokémon\n|rule|Item Clause: Limit 1 of each item\n|clearpoke\n|poke|p1|Dragonite, L50, F|\n|poke|p1|Floette-Eternal, L50, F|\n|poke|p1|Basculegion, L50, M|\n|poke|p1|Garchomp, L50, F|\n|poke|p1|Sneasler, L50, M|\n|poke|p1|Kingambit, L50, M|\n|poke|p2|Charizard, L50, F, shiny|\n|poke|p2|Whimsicott, L50, M, shiny|\n|poke|p2|Garchomp, L50, F, shiny|\n|poke|p2|Floette-Eternal, L50, F|\n|poke|p2|Basculegion, L50, M, shiny|\n|poke|p2|Kingambit, L50, F, shiny|\n|teampreview|4\n|showteam|p1|Dragonite||Dragoninite|Multiscale|DragonPulse,HeatWave,ExtremeSpeed,Protect|Modest||F|||50|]Floette-Eternal||Floettite|FlowerVeil|DazzlingGleam,Moonblast,Protect,LightofRuin|Timid||F|||50|]Basculegion||LifeOrb|Adaptability|WaveCrash,LastRespects,AquaJet,Protect|Adamant||M|||50|]Garchomp||ChoiceScarf|RoughSkin|DragonClaw,StompingTantrum,Earthquake,RockSlide|Adamant||F|||50|]Sneasler||FocusSash|PoisonTouch|FakeOut,CloseCombat,DireClaw,Feint|Jolly||M|||50|]Kingambit||ChopleBerry|Defiant|SuckerPunch,KowtowCleave,IronHead,LowKick|Adamant||M|||50|\n|showteam|p2|Charizard||CharizarditeY|Blaze|HeatWave,WeatherBall,AncientPower,Protect|Timid||F|||50|]Whimsicott||FocusSash|Prankster|Moonblast,Tailwind,Encore,Protect|Timid||M|||50|]Garchomp||SitrusBerry|RoughSkin|DragonClaw,Earthquake,RockSlide,Protect|Jolly||F|||50|]Floette-Eternal||Floettite|FlowerVeil|Moonblast,DazzlingGleam,LightofRuin,Protect|Modest||F|||50|]Basculegion||LifeOrb|Adaptability|WaveCrash,LastRespects,AquaJet,Protect|Adamant||M|||50|]Kingambit||OccaBerry|Defiant|KowtowCleave,SuckerPunch,IronHead,LowKick|Adamant||F|||50|\n|inactive|Battle timer is ON: inactive players will automatically lose when time's up. (requested by mystabloom)\n|\n|t:|1788372200\n|teamsize|p1|4\n|teamsize|p2|4\n|start\n|switch|p1a: Sneasler|Sneasler, L50, M|100/100\n|switch|p1b: Dragonite|Dragonite, L50, F|100/100\n|switch|p2a: Whimsicott|Whimsicott, L50, M, shiny|100/100\n|switch|p2b: Basculegion|Basculegion, L50, M, shiny|100/100\n|turn|1\n|inactive|fvevfvfv has 30 seconds left.\n|inactive|fvevfvfv has 20 seconds left.\n|inactive|fvevfvfv has 15 seconds left.\n|inactive|fvevfvfv has 10 seconds left.\n|inactive|fvevfvfv has 5 seconds left.\n|\n|t:|1788372250\n|switch|p2a: Garchomp|Garchomp, L50, F, shiny|100/100\n|detailschange|p1b: Dragonite|Dragonite-Mega, L50, F\n|-mega|p1b: Dragonite|Dragonite|Dragoninite\n|move|p1a: Sneasler|Feint|p2a: Garchomp\n|-damage|p2a: Garchomp|89/100\n|move|p1b: Dragonite|Heat Wave|p2b: Basculegion|[spread] p2a,p2b\n|-resisted|p2a: Garchomp|1\n|-resisted|p2b: Basculegion|1\n|-damage|p2a: Garchomp|74/100\n|-damage|p2b: Basculegion|85/100\n|-status|p2a: Garchomp|brn\n|move|p2b: Basculegion|Last Respects|p1b: Dragonite\n|-damage|p1b: Dragonite|77/100\n|-damage|p2b: Basculegion|75/100|[from] item: Life Orb\n|\n|-damage|p2a: Garchomp|68/100 brn|[from] brn\n|upkeep\n|turn|2\n|inactive|mystabloom has 30 seconds left.\n|inactive|fvevfvfv has 30 seconds left.\n|inactive|mystabloom has 20 seconds left.\n|\n|t:|1788372287\n|switch|p1a: Kingambit|Kingambit, L50, M|100/100\n|move|p1b: Dragonite|Protect|p1b: Dragonite\n|-singleturn|p1b: Dragonite|Protect\n|move|p2b: Basculegion|Protect|p2b: Basculegion\n|-singleturn|p2b: Basculegion|Protect\n|move|p2a: Garchomp|Earthquake|p1a: Kingambit|[spread] p1a\n|-activate|p2b: Basculegion|move: Protect\n|-activate|p1b: Dragonite|move: Protect\n|-supereffective|p1a: Kingambit|1\n|-damage|p1a: Kingambit|76/100\n|\n|-damage|p2a: Garchomp|62/100 brn|[from] brn\n|upkeep\n|turn|3\n|inactive|mystabloom has 30 seconds left.\n|inactive|fvevfvfv has 30 seconds left.\n|inactive|fvevfvfv has 20 seconds left.\n|inactive|fvevfvfv has 15 seconds left.\n|inactive|fvevfvfv has 10 seconds left.\n|\n|t:|1788372333\n|switch|p2b: Whimsicott|Whimsicott, L50, M, shiny|100/100\n|move|p1a: Kingambit|Sucker Punch||[still]\n|-fail|p1a: Kingambit\n|move|p2a: Garchomp|Dragon Claw|p1b: Dragonite\n|-supereffective|p1b: Dragonite|1\n|-damage|p1b: Dragonite|45/100\n|move|p1b: Dragonite|Dragon Pulse|p2b: Whimsicott\n|-immune|p2b: Whimsicott\n|\n|-damage|p2a: Garchomp|56/100 brn|[from] brn\n|upkeep\n|turn|4\n|inactive|fvevfvfv has 30 seconds left.\n|inactive|fvevfvfv has 20 seconds left.\n|\n|t:|1788372372\n|switch|p1b: Sneasler|Sneasler, L50, M|100/100\n|move|p2b: Whimsicott|Protect|p2b: Whimsicott\n|-singleturn|p2b: Whimsicott|Protect\n|move|p2a: Garchomp|Earthquake|p1b: Sneasler|[spread] p1a,p1b\n|-activate|p2b: Whimsicott|move: Protect\n|-supereffective|p1a: Kingambit|1\n|-supereffective|p1b: Sneasler|1\n|-damage|p1a: Kingambit|52/100\n|-damage|p1b: Sneasler|44/100\n|move|p1a: Kingambit|Iron Head|p2b: Whimsicott\n|-activate|p2b: Whimsicott|move: Protect\n|\n|-damage|p2a: Garchomp|50/100g brn|[from] brn\n|upkeep\n|turn|5\n|inactive|mystabloom has 30 seconds left.\n|inactive|fvevfvfv has 30 seconds left.\n|\n|t:|1788372400\n|switch|p2b: Basculegion|Basculegion, L50, M, shiny|75/100\n|move|p1b: Sneasler|Close Combat|p2a: Garchomp\n|-damage|p2a: Garchomp|0 fnt\n|-unboost|p1b: Sneasler|def|1\n|-unboost|p1b: Sneasler|spd|1\n|-damage|p1b: Sneasler|32/100|[from] ability: Rough Skin|[of] p2a: Garchomp\n|faint|p2a: Garchomp\n|move|p1a: Kingambit|Iron Head|p2b: Basculegion\n|-resisted|p2b: Basculegion|1\n|-crit|p2b: Basculegion\n|-damage|p2b: Basculegion|31/100\n|\n|upkeep\n|\n|t:|1788372418\n|switch|p2a: Whimsicott|Whimsicott, L50, M, shiny|100/100\n|turn|6\n|inactive|mystabloom has 30 seconds left.\n|\n|t:|1788372444\n|move|p1b: Sneasler|Feint|p2a: Whimsicott\n|-damage|p2a: Whimsicott|84/100\n|move|p2b: Basculegion|Aqua Jet|p1b: Sneasler\n|-damage|p1b: Sneasler|0 fnt\n|faint|p1b: Sneasler\n|-damage|p2b: Basculegion|22/100|[from] item: Life Orb\n|move|p1a: Kingambit|Sucker Punch||[still]\n|-fail|p1a: Kingambit\n|move|p2a: Whimsicott|Moonblast|p1a: Kingambit\n|-damage|p1a: Kingambit|14/100\n|\n|upkeep\n|c|☆mystabloom|oh my god i meant to click the other one\n|c|☆mystabloom|thats so painful lmao\n|inactive|mystabloom has 30 seconds left.\n|inactive|mystabloom has 20 seconds left.\n|c|☆fvevfvfv|it happens oof\n|inactive|mystabloom has 15 seconds left.\n|\n|t:|1788372486\n|switch|p1b: Basculegion|Basculegion, L50, M|100/100\n|turn|7\n|inactive|fvevfvfv has 30 seconds left.\n|\n|t:|1788372519\n|move|p2a: Whimsicott|Protect|p2a: Whimsicott\n|-singleturn|p2a: Whimsicott|Protect\n|move|p2b: Basculegion|Aqua Jet|p1a: Kingambit\n|-damage|p1a: Kingambit|0 fnt\n|faint|p1a: Kingambit\n|-damage|p2b: Basculegion|12/100|[from] item: Life Orb\n|move|p1b: Basculegion|Aqua Jet|p2b: Basculegion\n|-resisted|p2b: Basculegion|1\n|-damage|p2b: Basculegion|0 fnt\n|faint|p2b: Basculegion\n|-damage|p1b: Basculegion|90/100|[from] item: Life Orb\n|\n|upkeep\n|\n|t:|1788372532\n|switch|p2b: Floette|Floette-Eternal, L50, F|100/100\n|switch|p1a: Dragonite|Dragonite-Mega, L50, F|45/100\n|turn|8\n|inactive|mystabloom has 30 seconds left.\n|\n|t:|1788372558\n|detailschange|p2b: Floette|Floette-Mega, L50, F\n|-mega|p2b: Floette|Floette|Floettite\n|-ability|p2b: Floette|Fairy Aura\n|move|p1a: Dragonite|Protect|p1a: Dragonite\n|-singleturn|p1a: Dragonite|Protect\n|move|p2a: Whimsicott|Encore|p1b: Basculegion\n|-start|p1b: Basculegion|Encore\n|move|p1b: Basculegion|Aqua Jet|p2b: Floette\n|-damage|p2b: Floette|58/100\n|-damage|p1b: Basculegion|80/100|[from] item: Life Orb\n|move|p2b: Floette|Dazzling Gleam|p1b: Basculegion|[spread] p1b\n|-activate|p1a: Dragonite|move: Protect\n|-crit|p1b: Basculegion\n|-damage|p1b: Basculegion|0 fnt\n|faint|p1b: Basculegion\n|\n|upkeep\n|turn|9\n|c|☆mystabloom|aaaaaah\n|c|☆fvevfvfv|oops\n|-message|mystabloom forfeited.\n|\n|win|fvevfvfv\n||mystabloom is ready for game 2.\n||fvevfvfv is ready for game 2.\n|uhtml|next|Next: <a href=\"/battle-gen9championsvgc2026regmbbo3-2674547689\"><strong>Game 2 of 3</strong></a>\n|l|☆mystabloom\n|player|p1|\n|l|☆fvevfvfv\n|player|p2|\n|j|☆mystabloom\n|player|p1|mystabloom|102|\n","uploadtime":1788373395,"views":"1","formatid":"gen9championsvgc2026regmbbo3","rating":null,"private":0,"password":null}