{"id":"gen9championsvgc2026regmb-2674248176","format":"[Gen 9 Champions] VGC 2026 Reg M-B","players":["not925chickenrice","ShrimpGun"],"log":"|j|☆not925chickenrice\n|j|☆ShrimpGun\n|t:|1788322940\n|gametype|doubles\n|player|p1|not925chickenrice|pokemonranger-gen4|1197\n|player|p2|ShrimpGun|fisherman-gen4|1282\n|gen|9\n|tier|[Gen 9 Champions] VGC 2026 Reg M-B\n|rated|\n|rule|Species Clause: Limit one of each Pokémon\n|rule|Item Clause: Limit 1 of each item\n|clearpoke\n|poke|p1|Abomasnow, L50, M|\n|poke|p1|Farigiraf, L50, M|\n|poke|p1|Clawitzer, L50, F, shiny|\n|poke|p1|Incineroar, L50, F|\n|poke|p1|Sinistcha-Masterpiece, L50|\n|poke|p1|Mawile, L50, F|\n|poke|p2|Staraptor, L50, F|\n|poke|p2|Farigiraf, L50, F, shiny|\n|poke|p2|Clawitzer, L50, F|\n|poke|p2|Arcanine-Hisui, L50, M|\n|poke|p2|Sylveon, L50, F|\n|poke|p2|Vivillon, L50, F|\n|teampreview|4\n|inactive|Battle timer is ON: inactive players will automatically lose when time's up. (requested by ShrimpGun)\n|\n|t:|1788322980\n|teamsize|p1|4\n|teamsize|p2|4\n|start\n|switch|p1a: Clawitzer|Clawitzer, L50, F, shiny|100/100\n|switch|p1b: Incineroar|Incineroar, L50, F|100/100\n|switch|p2a: Vivillon|Vivillon, L50, F|100/100\n|switch|p2b: Farigiraf|Farigiraf, L50, F, shiny|100/100\n|-ability|p1b: Incineroar|Intimidate|boost\n|-unboost|p2a: Vivillon|atk|1\n|-unboost|p2b: Farigiraf|atk|1\n|turn|1\n|\n|t:|1788322990\n|move|p2a: Vivillon|Sleep Powder|p1a: Clawitzer\n|-status|p1a: Clawitzer|slp|[from] move: Sleep Powder\n|move|p2b: Farigiraf|Nasty Plot|p2b: Farigiraf\n|-boost|p2b: Farigiraf|spa|2\n|move|p1b: Incineroar|Throat Chop|p2b: Farigiraf\n|-supereffective|p2b: Farigiraf|1\n|-damage|p2b: Farigiraf|39/100\n|-start|p2b: Farigiraf|Throat Chop|[silent]\n|-enditem|p2b: Farigiraf|Sitrus Berry|[eat]\n|-heal|p2b: Farigiraf|63/100|[from] item: Sitrus Berry\n|cant|p1a: Clawitzer|slp\n|\n|upkeep\n|turn|2\n|\n|t:|1788323007\n|switch|p1b: Abomasnow|Abomasnow, L50, M|100/100\n|-weather|Snowscape|[from] ability: Snow Warning|[of] p1b: Abomasnow\n|move|p2a: Vivillon|Sleep Powder|p1b: Abomasnow\n|-immune|p1b: Abomasnow\n|move|p2b: Farigiraf|Thunderbolt|p1a: Clawitzer\n|-supereffective|p1a: Clawitzer|1\n|-damage|p1a: Clawitzer|0 fnt\n|faint|p1a: Clawitzer\n|\n|-weather|Snowscape|[upkeep]\n|-end|p2b: Farigiraf|Throat Chop|[silent]\n|upkeep\n|\n|t:|1788323017\n|switch|p1a: Incineroar|Incineroar, L50, F|100/100\n|-ability|p1a: Incineroar|Intimidate|boost\n|-unboost|p2a: Vivillon|atk|1\n|-unboost|p2b: Farigiraf|atk|1\n|turn|3\n|\n|t:|1788323030\n|detailschange|p1b: Abomasnow|Abomasnow-Mega, L50, M\n|-mega|p1b: Abomasnow|Abomasnow|Abomasite\n|move|p2a: Vivillon|Sleep Powder|p1a: Incineroar\n|-status|p1a: Incineroar|slp|[from] move: Sleep Powder\n|move|p2b: Farigiraf|Hyper Voice|p1b: Abomasnow|[spread] p1a,p1b\n|-damage|p1a: Incineroar|57/100 slp\n|-damage|p1b: Abomasnow|55/100\n|cant|p1a: Incineroar|slp\n|move|p1b: Abomasnow|Blizzard|p2a: Vivillon|[spread] p2a,p2b\n|-supereffective|p2a: Vivillon|1\n|-damage|p2a: Vivillon|0 fnt\n|-damage|p2b: Farigiraf|20/100y\n|faint|p2a: Vivillon\n|\n|-weather|Snowscape|[upkeep]\n|upkeep\n|\n|t:|1788323037\n|switch|p2a: Staraptor|Staraptor, L50, F|100/100\n|-ability|p2a: Staraptor|Intimidate|boost\n|-unboost|p1a: Incineroar|atk|1\n|-unboost|p1b: Abomasnow|atk|1\n|turn|4\n|\n|t:|1788323043\n|detailschange|p2a: Staraptor|Staraptor-Mega, L50, F\n|-mega|p2a: Staraptor|Staraptor|Staraptite\n|move|p1b: Abomasnow|Protect|p1b: Abomasnow\n|-singleturn|p1b: Abomasnow|Protect\n|move|p2a: Staraptor|Close Combat|p1b: Abomasnow\n|-activate|p1b: Abomasnow|move: Protect\n|move|p2b: Farigiraf|Hyper Voice|p1b: Abomasnow|[spread] p1a\n|-activate|p1b: Abomasnow|move: Protect\n|-damage|p1a: Incineroar|20/100y slp\n|cant|p1a: Incineroar|slp\n|\n|-weather|Snowscape|[upkeep]\n|upkeep\n|turn|5\n|\n|t:|1788323067\n|switch|p1b: Farigiraf|Farigiraf, L50, M|100/100\n|move|p2a: Staraptor|Close Combat|p1b: Farigiraf\n|-damage|p1b: Farigiraf|51/100\n|-boost|p2a: Staraptor|def|1\n|-boost|p2a: Staraptor|spd|1\n|move|p2b: Farigiraf|Hyper Voice|p1a: Incineroar|[spread] p1a,p1b\n|-damage|p1a: Incineroar|0 fnt\n|-damage|p1b: Farigiraf|7/100\n|-enditem|p1b: Farigiraf|Sitrus Berry|[eat]\n|-heal|p1b: Farigiraf|32/100|[from] item: Sitrus Berry\n|faint|p1a: Incineroar\n|\n|-weather|Snowscape|[upkeep]\n|upkeep\n|\n|t:|1788323072\n|switch|p1a: Abomasnow|Abomasnow-Mega, L50, M|55/100\n|turn|6\n|\n|t:|1788323076\n|move|p1a: Abomasnow|Protect|p1a: Abomasnow\n|-singleturn|p1a: Abomasnow|Protect\n|move|p2a: Staraptor|Close Combat|p1a: Abomasnow\n|-activate|p1a: Abomasnow|move: Protect\n|move|p2b: Farigiraf|Hyper Voice|p1a: Abomasnow|[spread] p1b\n|-activate|p1a: Abomasnow|move: Protect\n|-damage|p1b: Farigiraf|0 fnt\n|faint|p1b: Farigiraf\n|\n|-weather|none\n|upkeep\n|turn|7\n|\n|t:|1788323079\n|move|p2a: Staraptor|Close Combat|p1a: Abomasnow\n|-supereffective|p1a: Abomasnow|1\n|-damage|p1a: Abomasnow|0 fnt\n|-boost|p2a: Staraptor|def|1\n|-boost|p2a: Staraptor|spd|1\n|faint|p1a: Abomasnow\n|\n|win|ShrimpGun\n|raw|not925chickenrice's rating: 1197 &rarr; <strong>1178</strong><br />(-19 for losing)\n|raw|ShrimpGun's rating: 1282 &rarr; <strong>1301</strong><br />(+19 for winning)\n|l|☆not925chickenrice\n|player|p1|\n","uploadtime":1788323168,"views":"6","formatid":"gen9championsvgc2026regmb","rating":1178,"private":0,"password":null}