{"id":"gen9championsvgc2026regmb-2674253291","format":"[Gen 9 Champions] VGC 2026 Reg M-B","players":["idkwhatimdoinglol2","xxslayrxx"],"log":"|j|☆idkwhatimdoinglol2\n|j|☆xxslayrxx\n|html|<table width=\"100%\"><tr><td align=\"left\">idkwhatimdoinglol2</td><td align=\"right\">xxslayrxx</tr><tr><td align=\"left\"><i class=\"fa fa-circle-o\"></i> <i class=\"fa fa-circle-o\"></i> </td><td align=\"right\"><i class=\"fa fa-circle-o\"></i> <i class=\"fa fa-circle-o\"></i> </tr></table>\n|uhtml|bestof|<h2><strong>Game 1</strong> of <a href=\"/game-bestof3-gen9championsvgc2026regmb-2674253290\">a best-of-3</a></h2>\n|t:|1788324039\n|gametype|doubles\n|player|p1|idkwhatimdoinglol2|policeman-gen4|\n|player|p2|xxslayrxx|backersf|\n|gen|9\n|tier|[Gen 9 Champions] VGC 2026 Reg M-B\n|rule|Species Clause: Limit one of each Pokémon\n|rule|Item Clause: Limit 1 of each item\n|raw|<div class=\"infobox\"><details class=\"readmore\" open><summary><strong>1 custom rule:</strong></summary> Best of = 3</details></div>\n|clearpoke\n|poke|p1|Tyranitar, L50, F|\n|poke|p1|Gallade, L50, M|\n|poke|p1|Rotom-Wash, L50|\n|poke|p1|Volcarona, L50, M|\n|poke|p1|Excadrill, L50, F|\n|poke|p1|Houndstone, L50, M|\n|poke|p2|Gliscor, L50, M, shiny|\n|poke|p2|Meowscarada, L50, F, shiny|\n|poke|p2|Klefki, L50, F, shiny|\n|poke|p2|Mawile, L50, F, shiny|\n|poke|p2|Clawitzer, L50, M, shiny|\n|poke|p2|Maushold-Four, L50, shiny|\n|teampreview|4\nidkwhatimdoinglol2 rejected open team sheets.\n|j| ShadowFlamePkm\n|l| ShadowFlamePkm\n|j| weepyduckling22\n|j| ShadowFlamePkm\n|\n|t:|1788324223\n|teamsize|p1|4\n|teamsize|p2|4\n|start\n|switch|p1a: Gallame|Gallade, L50, M|100/100\n|switch|p1b: Volcarona|Volcarona, L50, M|100/100\n|switch|p2a: Mommy|Meowscarada, L50, F, shiny|100/100\n|switch|p2b: Family of Four|Maushold-Four, L50, shiny|100/100\n|turn|1\n|l| weepyduckling22\n|j| weepyduckling22\n|\n|t:|1788324332\n|switch|p1b: Rotom|Rotom-Wash, L50|100/100\n|move|p2b: Family of Four|Feint|p1b: Rotom\n|-damage|p1b: Rotom|90/100\n|move|p2a: Mommy|Knock Off|p1b: Rotom\n|-start|p2a: Mommy|typechange|Dark|[from] ability: Protean\n|-damage|p1b: Rotom|46/100\n|-enditem|p1b: Rotom|Rindo Berry|[from] move: Knock Off|[of] p2a: Mommy\n|move|p1a: Gallame|Brick Break|p2b: Family of Four\n|-supereffective|p2b: Family of Four|1\n|-enditem|p2b: Family of Four|Chople Berry|[eat]\n|-enditem|p2b: Family of Four|Chople Berry|[weaken]\n|-damage|p2b: Family of Four|61/100\n|\n|upkeep\n|turn|2\n|\n|t:|1788324415\n|move|p2b: Family of Four|Protect|p2b: Family of Four\n|-singleturn|p2b: Family of Four|Protect\n|move|p2a: Mommy|Flower Trick|p1b: Rotom\n|-supereffective|p1b: Rotom|1\n|-crit|p1b: Rotom\n|-damage|p1b: Rotom|0 fnt\n|faint|p1b: Rotom\n|move|p1a: Gallame|Brick Break|p2b: Family of Four\n|-activate|p2b: Family of Four|move: Protect\n|\n|upkeep\n|\n|t:|1788324432\n|switch|p1b: Volcarona|Volcarona, L50, M|100/100\n|turn|3\n|\n|t:|1788324531\n|detailschange|p1a: Gallame|Gallade-Mega, L50, M\n|-mega|p1a: Gallame|Gallade|Galladite\n|move|p2b: Family of Four|Feint|p1b: Volcarona\n|-damage|p1b: Volcarona|89/100\n|move|p2a: Mommy|Knock Off|p1b: Volcarona\n|-damage|p1b: Volcarona|32/100\n|-status|p2a: Mommy|brn|[from] ability: Flame Body|[of] p1b: Volcarona\n|-enditem|p1b: Volcarona|Charcoal|[from] move: Knock Off|[of] p2a: Mommy\n|move|p1a: Gallame|Brick Break|p2b: Family of Four\n|-supereffective|p2b: Family of Four|1\n|-damage|p2b: Family of Four|0 fnt\n|faint|p2b: Family of Four\n|move|p1b: Volcarona|Heat Wave|p2a: Mommy\n|-damage|p2a: Mommy|20/100r brn\n|\n|-damage|p2a: Mommy|14/100 brn|[from] brn\n|upkeep\n|\n|t:|1788324636\n|switch|p2b: Silly Keys|Klefki, L50, F, shiny|100/100\n|turn|4\n|\n|t:|1788324695\n|move|p2a: Mommy|Protect|p2a: Mommy\n|-singleturn|p2a: Mommy|Protect\n|move|p2b: Silly Keys|Thunder Wave|p1b: Volcarona\n|-status|p1b: Volcarona|par\n|move|p1a: Gallame|Brick Break|p2b: Silly Keys\n|-damage|p2b: Silly Keys|54/100\n|move|p1b: Volcarona|Heat Wave|p2a: Mommy|[spread] p2b\n|-activate|p2a: Mommy|move: Protect\n|-supereffective|p2b: Silly Keys|1\n|-damage|p2b: Silly Keys|0 fnt\n|faint|p2b: Silly Keys\n|\n|-damage|p2a: Mommy|8/100 brn|[from] brn\n|upkeep\n|\n|t:|1788324710\n|switch|p2b: Mega Gengar|Mawile, L50, F, shiny|100/100\n|-ability|p2b: Mega Gengar|Intimidate|boost\n|-fail|p1a: Gallame|unboost|atk|[from] ability: Inner Focus|[of] p1a: Gallame\n|-unboost|p1b: Volcarona|atk|1\n|turn|5\n|c| ShadowFlamePkm|He did bring mega gengar\n|c| ShadowFlamePkm|better hit it with a dark move\n|\n|t:|1788324776\n|detailschange|p2b: Mega Gengar|Mawile-Mega, L50, F, shiny\n|-mega|p2b: Mega Gengar|Mawile|Mawilite\n|move|p2a: Mommy|Flower Trick|p1a: Gallame\n|-crit|p1a: Gallame\n|-damage|p1a: Gallame|82/100\n|move|p1a: Gallame|Brick Break|p2b: Mega Gengar\n|-damage|p2b: Mega Gengar|53/100\n|move|p2b: Mega Gengar|Crunch|p1a: Gallame\n|-damage|p1a: Gallame|26/100\n|move|p1b: Volcarona|Heat Wave|p2a: Mommy|[spread] p2a,p2b\n|-supereffective|p2b: Mega Gengar|1\n|-damage|p2a: Mommy|0 fnt\n|-damage|p2b: Mega Gengar|0 fnt\n|faint|p2a: Mommy\n|faint|p2b: Mega Gengar\n|\n|win|idkwhatimdoinglol2\n||idkwhatimdoinglol2 is ready for game 2.\n|inactive|xxslayrxx has 30 seconds to confirm battle start!\n||xxslayrxx is ready for game 2.\n|uhtml|next|Next: <a href=\"/battle-gen9championsvgc2026regmb-2674256688\"><strong>Game 2 of 3</strong></a>\n|l| weepyduckling22\n","uploadtime":1788326166,"views":"8","formatid":"gen9championsvgc2026regmb","rating":null,"private":0,"password":null}