{"id":"gen9championsvgc2026regmb-2674823511","format":"[Gen 9 Champions] VGC 2026 Reg M-B","players":["corrrryyyy","Soldierofwar"],"log":"|j|☆corrrryyyy\n|j|☆Soldierofwar\n|t:|1788414380\n|gametype|doubles\n|player|p1|corrrryyyy|2|1208\n|player|p2|Soldierofwar|lance|1150\n|gen|9\n|tier|[Gen 9 Champions] VGC 2026 Reg M-B\n|rated|\n|rule|Species Clause: Limit one of each Pokémon\n|rule|Item Clause: Limit 1 of each item\n|clearpoke\n|poke|p1|Blaziken, L50, M|\n|poke|p1|Kingambit, L50, M|\n|poke|p1|Incineroar, L50, M|\n|poke|p1|Torkoal, L50, F|\n|poke|p1|Farigiraf, L50, F|\n|poke|p1|Froslass, L50, F|\n|poke|p2|Charizard, L50, F|\n|poke|p2|Floette-Eternal, L50, F|\n|poke|p2|Incineroar, L50, M, shiny|\n|poke|p2|Sinistcha, L50|\n|poke|p2|Sneasler, L50, F|\n|poke|p2|Kingambit, L50, M, shiny|\n|teampreview|4\n|inactive|Battle timer is ON: inactive players will automatically lose when time's up. (requested by Soldierofwar)\n|l|☆Soldierofwar\n|inactive|Soldierofwar disconnected and has a minute to reconnect!\n|player|p2|\n|\n|t:|1788414410\n|teamsize|p1|4\n|teamsize|p2|4\n|start\n|switch|p1a: Blaziken|Blaziken, L50, M|100/100\n|switch|p1b: Farigiraf|Farigiraf, L50, F|100/100\n|switch|p2a: Charizard|Charizard, L50, F|100/100\n|switch|p2b: Incineroar|Incineroar, L50, M, shiny|100/100\n|-ability|p2b: Incineroar|Intimidate|boost\n|-unboost|p1a: Blaziken|atk|1\n|-unboost|p1b: Farigiraf|atk|1\n|turn|1\n|j|☆Soldierofwar\n|inactive|Soldierofwar reconnected and has 40 seconds left.\n|player|p2|Soldierofwar|lance|\n|inactive|Soldierofwar has 30 seconds left.\n|inactive|Soldierofwar has 20 seconds left.\n|\n|t:|1788414447\n|detailschange|p2a: Charizard|Charizard-Mega-X, L50, F\n|-mega|p2a: Charizard|Charizard|Charizardite X\n|move|p1a: Blaziken|Protect|p1a: Blaziken\n|-singleturn|p1a: Blaziken|Protect\n|move|p1b: Farigiraf|Protect|p1b: Farigiraf\n|-singleturn|p1b: Farigiraf|Protect\n|move|p2a: Charizard|Flare Blitz|p1b: Farigiraf\n|-activate|p1b: Farigiraf|move: Protect\n|move|p2b: Incineroar|Flare Blitz|p1b: Farigiraf\n|-activate|p1b: Farigiraf|move: Protect\n|\n|-ability|p1a: Blaziken|Speed Boost|boost\n|-boost|p1a: Blaziken|spe|1\n|upkeep\n|turn|2\n|inactive|Soldierofwar has 30 seconds left.\n|inactive|Soldierofwar has 20 seconds left.\n|\n|t:|1788414486\n|move|p1a: Blaziken|Rock Slide|p2b: Incineroar|[spread] p2a,p2b\n|-supereffective|p2a: Charizard|1\n|-supereffective|p2b: Incineroar|1\n|-damage|p2a: Charizard|77/100\n|-damage|p2b: Incineroar|74/100\n|move|p2a: Charizard|Flare Blitz|p1b: Farigiraf\n|-damage|p1b: Farigiraf|29/100\n|-enditem|p1b: Farigiraf|Sitrus Berry|[eat]\n|-heal|p1b: Farigiraf|54/100|[from] item: Sitrus Berry\n|-damage|p2a: Charizard|47/100|[from] Recoil\n|cant|p2b: Incineroar|flinch\n|move|p1b: Farigiraf|Trick Room|p1b: Farigiraf\n|-fieldstart|move: Trick Room|[of] p1b: Farigiraf\n|\n|-ability|p1a: Blaziken|Speed Boost|boost\n|-boost|p1a: Blaziken|spe|1\n|upkeep\n|turn|3\n|l|☆Soldierofwar\n|inactive|Soldierofwar disconnected and has a minute to reconnect!\n|player|p2|\n|j|☆Soldierofwar\n|inactive|Soldierofwar reconnected and has 40 seconds left.\n|player|p2|Soldierofwar|lance|\n|inactive|Soldierofwar has 30 seconds left.\n|\n|t:|1788414518\n|move|p2b: Incineroar|Parting Shot|p1a: Blaziken\n|-unboost|p1a: Blaziken|atk|1\n|-unboost|p1a: Blaziken|spa|1\n|\n|t:|1788414523\n|switch|p2b: Sinistcha|Sinistcha, L50|100/100|[from] Parting Shot\n|-heal|p2a: Charizard|72/100|[from] ability: Hospitality|[of] p2b: Sinistcha\n|move|p1b: Farigiraf|Thunderbolt|p2a: Charizard\n|-resisted|p2a: Charizard|1\n|-damage|p2a: Charizard|57/100\n|move|p2a: Charizard|Flare Blitz|p1b: Farigiraf\n|-damage|p1b: Farigiraf|0 fnt\n|faint|p1b: Farigiraf\n|-damage|p2a: Charizard|35/100|[from] Recoil\n|move|p1a: Blaziken|Close Combat|p2b: Sinistcha\n|-immune|p2b: Sinistcha\n|\n|-ability|p1a: Blaziken|Speed Boost|boost\n|-boost|p1a: Blaziken|spe|1\n|upkeep\n|\n|t:|1788414539\n|switch|p1b: Torkoal|Torkoal, L50, F|100/100\n|-weather|SunnyDay|[from] ability: Drought|[of] p1b: Torkoal\n|turn|4\n|\n|t:|1788414557\n|switch|p2b: Incineroar|Incineroar, L50, M, shiny|74/100\n|-ability|p2b: Incineroar|Intimidate|boost\n|-unboost|p1a: Blaziken|atk|1\n|-unboost|p1b: Torkoal|atk|1\n|switch|p1a: Froslass|Froslass, L50, F|100/100\n|move|p1b: Torkoal|Eruption|p2b: Incineroar|[spread] p2a,p2b\n|-resisted|p2a: Charizard|2\n|-resisted|p2b: Incineroar|1\n|-damage|p2a: Charizard|7/100\n|-damage|p2b: Incineroar|42/100\n|-enditem|p2b: Incineroar|Sitrus Berry|[eat]\n|-heal|p2b: Incineroar|67/100|[from] item: Sitrus Berry\n|move|p2a: Charizard|Dragon Claw|p1b: Torkoal\n|-damage|p1b: Torkoal|53/100\n|\n|-weather|SunnyDay|[upkeep]\n|upkeep\n|turn|5\n|inactive|corrrryyyy has 30 seconds left.\n|\n|t:|1788414585\n|detailschange|p1a: Froslass|Froslass-Mega, L50, F\n|-mega|p1a: Froslass|Froslass|Froslassite\n|-weather|Snowscape|[from] ability: Snow Warning|[of] p1a: Froslass\n|move|p2b: Incineroar|Fake Out|p1b: Torkoal\n|-damage|p1b: Torkoal|44/100\n|cant|p1b: Torkoal|flinch\n|move|p2a: Charizard|Flare Blitz|p1a: Froslass\n|-supereffective|p1a: Froslass|1\n|-damage|p1a: Froslass|0 fnt\n|faint|p1a: Froslass\n|-damage|p2a: Charizard|0 fnt|[from] Recoil\n|faint|p2a: Charizard\n|\n|-weather|Snowscape|[upkeep]\n|upkeep\n|-message|corrrryyyy forfeited.\n|\n|win|Soldierofwar\n|raw|corrrryyyy's rating: 1208 &rarr; <strong>1179</strong><br />(-29 for losing)\n|raw|Soldierofwar's rating: 1150 &rarr; <strong>1179</strong><br />(+29 for winning)\n|l|☆corrrryyyy\n|player|p1|\n","uploadtime":1788414633,"views":"0","formatid":"gen9championsvgc2026regmb","rating":1179,"private":0,"password":null}