{"id":"gen9championsvgc2026regmb-2674004584","format":"[Gen 9 Champions] VGC 2026 Reg M-B","players":["cinarguncavdi2231","adriancndef"],"log":"|j|‽cinarguncavdi2231\n|j|☆adriancndef\n|t:|1788287185\n|gametype|doubles\n|player|p1|cinarguncavdi2231|101|1541\n|player|p2|adriancndef|2|1488\n|gen|9\n|tier|[Gen 9 Champions] VGC 2026 Reg M-B\n|rated|\n|rule|Species Clause: Limit one of each Pokémon\n|rule|Item Clause: Limit 1 of each item\n|clearpoke\n|poke|p1|Raichu, L50, M|\n|poke|p1|Scolipede, L50, M|\n|poke|p1|Ceruledge, L50, M|\n|poke|p1|Weavile, L50, M|\n|poke|p1|Milotic, L50, F|\n|poke|p1|Sinistcha, L50|\n|poke|p2|Gengar, L50, M|\n|poke|p2|Incineroar, L50, M|\n|poke|p2|Politoed, L50, M|\n|poke|p2|Archaludon, L50, F|\n|poke|p2|Vivillon, L50, M|\n|poke|p2|Swampert, L50, F|\n|teampreview|4\n|inactive|Battle timer is ON: inactive players will automatically lose when time's up. (requested by cinarguncavdi2231)\nadriancndef rejected open team sheets.\n|inactive|adriancndef has 60 seconds left.\n|\n|t:|1788287233\n|teamsize|p1|4\n|teamsize|p2|4\n|start\n|switch|p1a: Raichu|Raichu, L50, M|100/100\n|switch|p1b: Weavile|Weavile, L50, M|100/100\n|switch|p2a: Incineroar|Incineroar, L50, M|100/100\n|switch|p2b: Vivillon|Vivillon, L50, M|100/100\n|-ability|p2a: Incineroar|Intimidate|boost\n|-unboost|p1a: Raichu|atk|1\n|-unboost|p1b: Weavile|atk|1\n|turn|1\n|\n|t:|1788287252\n|switch|p2b: Archaludon|Archaludon, L50, F|100/100\n|detailschange|p1a: Raichu|Raichu-Mega-Y, L50, M\n|-mega|p1a: Raichu|Raichu|Raichunite Y\n|move|p1a: Raichu|Fake Out|p2a: Incineroar\n|-damage|p2a: Incineroar|95/100\n|cant|p2a: Incineroar|flinch\n|move|p1b: Weavile|Triple Axel|p2b: Archaludon\n|-damage|p2b: Archaludon|94/100\n|-ability|p2b: Archaludon|Stamina|boost\n|-boost|p2b: Archaludon|def|1\n|-damage|p2b: Archaludon|88/100\n|-ability|p2b: Archaludon|Stamina|boost\n|-boost|p2b: Archaludon|def|1\n|-damage|p2b: Archaludon|81/100\n|-ability|p2b: Archaludon|Stamina|boost\n|-boost|p2b: Archaludon|def|1\n|-hitcount|p2b: Archaludon|3\n|\n|-heal|p2b: Archaludon|87/100|[from] item: Leftovers\n|upkeep\n|turn|2\n|\n|t:|1788287275\n|move|p2b: Archaludon|Protect|p2b: Archaludon\n|-singleturn|p2b: Archaludon|Protect\n|move|p1b: Weavile|Knock Off|p2b: Archaludon\n|-activate|p2b: Archaludon|move: Protect\n|move|p1a: Raichu|Zap Cannon|p2a: Incineroar\n|-damage|p2a: Incineroar|41/100\n|-status|p2a: Incineroar|par\n|move|p2a: Incineroar|Throat Chop|p1a: Raichu\n|-damage|p1a: Raichu|50/100g\n|-start|p1a: Raichu|Throat Chop|[silent]\n|\n|-heal|p2b: Archaludon|93/100|[from] item: Leftovers\n|upkeep\n|turn|3\n|inactive|adriancndef has 30 seconds left.\n|inactive|adriancndef has 20 seconds left.\n|inactive|adriancndef has 15 seconds left.\n|\n|t:|1788287319\n|switch|p2b: Vivillon|Vivillon, L50, M|100/100\n|move|p1b: Weavile|Knock Off|p2b: Vivillon\n|-damage|p2b: Vivillon|38/100\n|-enditem|p2b: Vivillon|Focus Sash|[from] move: Knock Off|[of] p1b: Weavile\n|move|p1a: Raichu|Focus Blast|p2b: Vivillon\n|-resisted|p2b: Vivillon|2\n|-damage|p2b: Vivillon|19/100\n|cant|p2a: Incineroar|par\n|\n|-end|p1a: Raichu|Throat Chop|[silent]\n|upkeep\n|turn|4\n|inactive|adriancndef has 30 seconds left.\n|\n|t:|1788287346\n|switch|p2a: Archaludon|Archaludon, L50, F|93/100\n|move|p1b: Weavile|Knock Off|p2b: Vivillon\n|-damage|p2b: Vivillon|0 fnt\n|faint|p2b: Vivillon\n|move|p1a: Raichu|Focus Blast|p2a: Archaludon\n|-supereffective|p2a: Archaludon|1\n|-damage|p2a: Archaludon|9/100\n|-ability|p2a: Archaludon|Stamina|boost\n|-boost|p2a: Archaludon|def|1\n|\n|-heal|p2a: Archaludon|15/100|[from] item: Leftovers\n|upkeep\n|\n|t:|1788287359\n|switch|p2b: Incineroar|Incineroar, L50, M|41/100 par\n|-ability|p2b: Incineroar|Intimidate|boost\n|-unboost|p1a: Raichu|atk|1\n|-unboost|p1b: Weavile|atk|1\n|turn|5\n|\n|t:|1788287373\n|move|p2a: Archaludon|Protect|p2a: Archaludon\n|-singleturn|p2a: Archaludon|Protect\n|move|p2b: Incineroar|Fake Out|p1a: Raichu\n|-damage|p1a: Raichu|34/100\n|move|p1b: Weavile|Low Kick|p2a: Archaludon\n|-activate|p2a: Archaludon|move: Protect\n|cant|p1a: Raichu|flinch\n|\n|-heal|p2a: Archaludon|21/100|[from] item: Leftovers\n|upkeep\n|turn|6\n|\n|t:|1788287390\n|switch|p2a: Politoed|Politoed, L50, M|100/100\n|-weather|RainDance|[from] ability: Drizzle|[of] p2a: Politoed\n|move|p1b: Weavile|Knock Off|p2a: Politoed\n|-damage|p2a: Politoed|78/100\n|-enditem|p2a: Politoed|Sitrus Berry|[from] move: Knock Off|[of] p1b: Weavile\n|move|p1a: Raichu|Focus Blast|p2b: Incineroar\n|-supereffective|p2b: Incineroar|1\n|-damage|p2b: Incineroar|0 fnt\n|faint|p2b: Incineroar\n|\n|-weather|RainDance|[upkeep]\n|upkeep\n|-message|adriancndef forfeited.\n|\n|win|cinarguncavdi2231\n|raw|cinarguncavdi2231's rating: 1541 &rarr; <strong>1558</strong><br />(+17 for winning)\n|raw|adriancndef's rating: 1488 &rarr; <strong>1471</strong><br />(-17 for losing)\n|l|☆adriancndef\n|player|p2|\n","uploadtime":1788287407,"views":"0","formatid":"gen9championsvgc2026regmb","rating":1471,"private":0,"password":null}