{"id":"gen9championsvgc2026regmbbo3-2674078322","format":"[Gen 9 Champions] VGC 2026 Reg M-B (Bo3)","players":["OssiGT","JakAttack626"],"log":"|j|☆OssiGT\n|j|☆JakAttack626\n|html|<table width=\"100%\"><tr><td align=\"left\">OssiGT</td><td align=\"right\">JakAttack626</tr><tr><td align=\"left\"><i class=\"fa fa-circle\"></i> <i class=\"fa fa-circle-o\"></i> </td><td align=\"right\"><i class=\"fa fa-circle-o\"></i> <i class=\"fa fa-circle-o\"></i> </tr></table>\n|uhtml|bestof|<h2><strong>Game 2</strong> of <a href=\"/game-bestof3-gen9championsvgc2026regmbbo3-2674075653\">a best-of-3</a></h2>\n|t:|1788296127\n|gametype|doubles\n|player|p1|OssiGT|hilbert|1307\n|player|p2|JakAttack626|pryce|1185\n|gen|9\n|tier|[Gen 9 Champions] VGC 2026 Reg M-B (Bo3)\n|rated|\n|rule|Species Clause: Limit one of each Pokémon\n|rule|Item Clause: Limit 1 of each item\n|clearpoke\n|poke|p1|Whimsicott, L50, F|\n|poke|p1|Garchomp, L50, M|\n|poke|p1|Charizard, L50, M|\n|poke|p1|Basculegion, L50, M|\n|poke|p1|Kingambit, L50, F|\n|poke|p1|Floette-Eternal, L50, F|\n|poke|p2|Scovillain, L50, M, shiny|\n|poke|p2|Basculegion, L50, M|\n|poke|p2|Kingambit, L50, M|\n|poke|p2|Sneasler, L50, M|\n|poke|p2|Lycanroc-Dusk, L50, F|\n|poke|p2|Froslass, L50, F|\n|teampreview|4\n|showteam|p1|Whimsicott||FocusSash|Prankster|Moonblast,Tailwind,Encore,Protect|Timid||F|||50|]Garchomp||LifeOrb|RoughSkin|DragonClaw,StompingTantrum,RockSlide,Protect|Jolly||M|||50|]Charizard||CharizarditeY|Blaze|HeatWave,WeatherBall,AncientPower,Protect|Timid||M|||50|]Basculegion||MysticWater|Adaptability|WaveCrash,LastRespects,AquaJet,Protect|Adamant||M|||50|]Kingambit||OccaBerry|Defiant|KowtowCleave,SuckerPunch,LowKick,IronHead|Adamant||F|||50|]Floette-Eternal||Floettite|FlowerVeil|Moonblast,DazzlingGleam,LightofRuin,Protect|Timid||F|||50|\n|showteam|p2|Scovillain||Scovillainite|Moody|GigaDrain,Overheat,RagePowder,Protect|Bold||M|||50|]Basculegion||LifeOrb|Adaptability|WaveCrash,AquaJet,LastRespects,Protect|Adamant||M|||50|]Kingambit||BlackGlasses|Defiant|KowtowCleave,SuckerPunch,SwordsDance,Protect|Adamant||M|||50|]Sneasler||WhiteHerb|Unburden|DireClaw,CloseCombat,FakeOut,Protect|Adamant||M|||50|]Lycanroc-Dusk||FocusSash|ToughClaws|RockSlide,CloseCombat,Accelerock,Protect|Adamant||F|||50|]Froslass||Froslassite|CursedBody|Blizzard,ShadowBall,AuroraVeil,Protect|Timid||F|||50|\n|inactive|Battle timer is ON: inactive players will automatically lose when time's up. (requested by JakAttack626)\n|\n|t:|1788296158\n|teamsize|p1|4\n|teamsize|p2|4\n|start\n|switch|p1a: Floette|Floette-Eternal, L50, F|100/100\n|switch|p1b: Basculegion|Basculegion, L50, M|100/100\n|switch|p2a: Kachow|Sneasler, L50, M|100/100\n|switch|p2b: Dirt road|Lycanroc-Dusk, L50, F|100/100\n|turn|1\n|\n|t:|1788296177\n|switch|p1a: Kingambit|Kingambit, L50, F|100/100\n|move|p2a: Kachow|Dire Claw|p1a: Kingambit\n|-immune|p1a: Kingambit\n|move|p2b: Dirt road|Rock Slide|p1b: Basculegion|[spread] p1a,p1b\n|-resisted|p1a: Kingambit|1\n|-damage|p1a: Kingambit|87/100\n|-damage|p1b: Basculegion|67/100\n|move|p1b: Basculegion|Wave Crash|p2a: Kachow\n|-damage|p2a: Kachow|0 fnt\n|faint|p2a: Kachow\n|-damage|p1b: Basculegion|39/100|[from] Recoil\n|\n|upkeep\n|\n|t:|1788296188\n|switch|p2a: Hot One|Scovillain, L50, M, shiny|100/100\n|turn|2\n|\n|t:|1788296205\n|detailschange|p2a: Hot One|Scovillain-Mega, L50, M, shiny\n|-mega|p2a: Hot One|Scovillain|Scovillainite\n|move|p2b: Dirt road|Rock Slide|p1b: Basculegion|[spread] p1a\n|-miss|p2b: Dirt road|p1b: Basculegion\n|-resisted|p1a: Kingambit|1\n|-damage|p1a: Kingambit|76/100\n|move|p1b: Basculegion|Wave Crash|p2a: Hot One\n|-damage|p2a: Hot One|18/100\n|-status|p1b: Basculegion|brn|[from] ability: Spicy Spray|[of] p2a: Hot One\n|-damage|p1b: Basculegion|16/100 brn|[from] Recoil\n|move|p2a: Hot One|Overheat|p1a: Kingambit\n|-supereffective|p1a: Kingambit|1\n|-enditem|p1a: Kingambit|Occa Berry|[eat]\n|-enditem|p1a: Kingambit|Occa Berry|[weaken]\n|-damage|p1a: Kingambit|24/100\n|-unboost|p2a: Hot One|spa|2\n|move|p1a: Kingambit|Kowtow Cleave|p2a: Hot One\n|-crit|p2a: Hot One\n|-damage|p2a: Hot One|0 fnt\n|-status|p1a: Kingambit|brn|[from] ability: Spicy Spray|[of] p2a: Hot One\n|faint|p2a: Hot One\n|\n|-damage|p1b: Basculegion|10/100 brn|[from] brn\n|-damage|p1a: Kingambit|18/100 brn|[from] brn\n|upkeep\n|\n|t:|1788296220\n|switch|p2a: Beetle|Kingambit, L50, M|100/100\n|turn|3\n|\n|t:|1788296231\n|move|p2b: Dirt road|Accelerock|p1b: Basculegion\n|-damage|p1b: Basculegion|0 fnt\n|faint|p1b: Basculegion\n|move|p1a: Kingambit|Low Kick|p2a: Beetle\n|-supereffective|p2a: Beetle|2\n|-damage|p2a: Beetle|49/100\n|move|p2a: Beetle|Swords Dance|p2a: Beetle\n|-boost|p2a: Beetle|atk|2\n|\n|-damage|p1a: Kingambit|12/100 brn|[from] brn\n|upkeep\n|\n|t:|1788296255\n|switch|p1b: Whimsicott|Whimsicott, L50, F|100/100\n|turn|4\n|\n|t:|1788296267\n|move|p1b: Whimsicott|Tailwind|p1b: Whimsicott\n|-sidestart|p1: OssiGT|move: Tailwind\n|move|p1a: Kingambit|Sucker Punch|p2b: Dirt road\n|-damage|p2b: Dirt road|68/100\n|move|p2b: Dirt road|Rock Slide|p1b: Whimsicott|[spread] p1a,p1b\n|-resisted|p1a: Kingambit|1\n|-damage|p1a: Kingambit|0 fnt\n|-damage|p1b: Whimsicott|57/100\n|faint|p1a: Kingambit\n|move|p2a: Beetle|Kowtow Cleave|p1b: Whimsicott\n|-resisted|p1b: Whimsicott|1\n|-damage|p1b: Whimsicott|0 fnt\n|faint|p1b: Whimsicott\n|\n|upkeep\n|\n|t:|1788296272\n|switch|p1a: Floette|Floette-Eternal, L50, F|100/100\n|turn|5\n|\n|t:|1788296285\n|detailschange|p1a: Floette|Floette-Mega, L50, F\n|-mega|p1a: Floette|Floette|Floettite\n|-ability|p1a: Floette|Fairy Aura\n|move|p2b: Dirt road|Accelerock|p1a: Floette\n|-damage|p1a: Floette|63/100\n|move|p2a: Beetle|Sucker Punch|p1a: Floette\n|-resisted|p1a: Floette|1\n|-damage|p1a: Floette|0 fnt\n|faint|p1a: Floette\n|\n|win|JakAttack626\n||OssiGT is ready for game 3.\n","uploadtime":1788296286,"views":"1","formatid":"gen9championsvgc2026regmbbo3","rating":null,"private":0,"password":null}