{"id":"gen9championsvgc2026regmb-2674260721","format":"[Gen 9 Champions] VGC 2026 Reg M-B","players":["idk1139a","ffgbgvb"],"log":"|j|☆idk1139a\n|j|☆ffgbgvb\n|t:|1788325703\n|gametype|doubles\n|player|p1|idk1139a|169|1247\n|player|p2|ffgbgvb|cynthia|1319\n|gen|9\n|tier|[Gen 9 Champions] VGC 2026 Reg M-B\n|rated|\n|rule|Species Clause: Limit one of each Pokémon\n|rule|Item Clause: Limit 1 of each item\n|clearpoke\n|poke|p1|Chandelure, L50, F|\n|poke|p1|Metagross, L50|\n|poke|p1|Tsareena, L50, F|\n|poke|p1|Garchomp, L50, F|\n|poke|p1|Milotic, L50, F|\n|poke|p1|Maushold-Four, L50|\n|poke|p2|Kingambit, L50, F|\n|poke|p2|Sneasler, L50, F|\n|poke|p2|Basculegion, L50, M|\n|poke|p2|Froslass, L50, F|\n|poke|p2|Delphox, L50, M|\n|poke|p2|Sinistcha, L50|\n|teampreview|4\n|\n|t:|1788325729\n|teamsize|p1|4\n|teamsize|p2|4\n|start\n|switch|p1a: Maushold|Maushold-Four, L50|100/100\n|switch|p1b: Milotic|Milotic, L50, F|100/100\n|switch|p2a: Basculegion|Basculegion, L50, M|100/100\n|switch|p2b: Kingambit|Kingambit, L50, F|100/100\n|turn|1\n|inactive|Battle timer is ON: inactive players will automatically lose when time's up. (requested by idk1139a)\n|\n|t:|1788325753\n|move|p2a: Basculegion|Protect|p2a: Basculegion\n|-singleturn|p2a: Basculegion|Protect\n|move|p1a: Maushold|Super Fang|p2b: Kingambit|[miss]\n|-miss|p1a: Maushold|p2b: Kingambit\n|move|p1b: Milotic|Scald|p2b: Kingambit\n|-damage|p2b: Kingambit|65/100\n|move|p2b: Kingambit|Swords Dance|p2b: Kingambit\n|-boost|p2b: Kingambit|atk|2\n|\n|upkeep\n|turn|2\n|inactive|idk1139a has 30 seconds left.\n|\n|t:|1788325780\n|switch|p2a: Sneasler|Sneasler, L50, F|100/100\n|move|p1a: Maushold|Follow Me|p1a: Maushold\n|-singleturn|p1a: Maushold|move: Follow Me\n|move|p1b: Milotic|Scald|p2b: Kingambit\n|-damage|p2b: Kingambit|36/100\n|move|p2b: Kingambit|Kowtow Cleave|p1a: Maushold\n|-enditem|p1a: Maushold|Focus Sash\n|-damage|p1a: Maushold|1/100\n|\n|upkeep\n|turn|3\n|inactive|ffgbgvb has 30 seconds left.\n|\n|t:|1788325812\n|move|p2a: Sneasler|Fake Out|p1a: Maushold\n|-damage|p1a: Maushold|0 fnt\n|faint|p1a: Maushold\n|move|p2b: Kingambit|Sucker Punch|p1b: Milotic\n|-damage|p1b: Milotic|27/100\n|move|p1b: Milotic|Scald|p2b: Kingambit\n|-damage|p2b: Kingambit|3/100\n|\n|-heal|p1b: Milotic|33/100|[from] item: Leftovers\n|upkeep\n|\n|t:|1788325823\n|switch|p1a: Tsareena|Tsareena, L50, F|100/100\n|turn|4\n|\n|t:|1788325842\n|move|p2b: Kingambit|Protect|p2b: Kingambit\n|-singleturn|p2b: Kingambit|Protect\n|move|p2a: Sneasler|Poison Jab|p1a: Tsareena\n|-supereffective|p1a: Tsareena|1\n|-damage|p1a: Tsareena|11/100\n|move|p1a: Tsareena|Knock Off|p2a: Sneasler\n|-resisted|p2a: Sneasler|1\n|-damage|p2a: Sneasler|78/100\n|-enditem|p2a: Sneasler|White Herb|[from] move: Knock Off|[of] p1a: Tsareena\n|move|p1b: Milotic|Icy Wind|p2b: Kingambit|[spread] p2a\n|-activate|p2b: Kingambit|move: Protect\n|-damage|p2a: Sneasler|67/100\n|-unboost|p2a: Sneasler|spe|1\n|\n|-heal|p1b: Milotic|39/100|[from] item: Leftovers\n|upkeep\n|turn|5\n|inactive|idk1139a has 30 seconds left.\n|\n|t:|1788325870\n|switch|p2b: Basculegion|Basculegion, L50, M|100/100\n|move|p2a: Sneasler|Poison Jab|p1a: Tsareena\n|-supereffective|p1a: Tsareena|1\n|-damage|p1a: Tsareena|0 fnt\n|faint|p1a: Tsareena\n|move|p1b: Milotic|Scald|p2a: Sneasler\n|-damage|p2a: Sneasler|30/100\n|-status|p2a: Sneasler|brn\n|\n|-heal|p1b: Milotic|45/100|[from] item: Leftovers\n|-damage|p2a: Sneasler|24/100 brn|[from] brn\n|upkeep\n|\n|t:|1788325881\n|switch|p1a: Chandelure|Chandelure, L50, F|100/100\n|turn|6\n|\n|t:|1788325895\n|detailschange|p1a: Chandelure|Chandelure-Mega, L50, F\n|-mega|p1a: Chandelure|Chandelure|Chandelurite\n|move|p2b: Basculegion|Protect|p2b: Basculegion\n|-singleturn|p2b: Basculegion|Protect\n|move|p2a: Sneasler|Close Combat|p1b: Milotic\n|-damage|p1b: Milotic|24/100\n|-unboost|p2a: Sneasler|def|1\n|-unboost|p2a: Sneasler|spd|1\n|move|p1a: Chandelure|Minimize|p1a: Chandelure\n|-boost|p1a: Chandelure|evasion|2\n|move|p1b: Milotic|Scald|p2b: Basculegion\n|-activate|p2b: Basculegion|move: Protect\n|\n|-heal|p1b: Milotic|30/100|[from] item: Leftovers\n|-damage|p2a: Sneasler|18/100 brn|[from] brn\n|upkeep\n|turn|7\n|\n|t:|1788325912\n|move|p2a: Sneasler|Poison Jab|p1a: Chandelure\n|-resisted|p1a: Chandelure|1\n|-damage|p1a: Chandelure|87/100\n|move|p1a: Chandelure|Minimize|p1a: Chandelure\n|-boost|p1a: Chandelure|evasion|2\n|move|p2b: Basculegion|Liquidation|p1a: Chandelure\n|-supereffective|p1a: Chandelure|1\n|-damage|p1a: Chandelure|0 fnt\n|faint|p1a: Chandelure\n|move|p1b: Milotic|Scald|p2b: Basculegion\n|-resisted|p2b: Basculegion|1\n|-damage|p2b: Basculegion|85/100\n|\n|-heal|p1b: Milotic|36/100|[from] item: Leftovers\n|-damage|p2a: Sneasler|12/100 brn|[from] brn\n|upkeep\n|turn|8\n|-message|idk1139a forfeited.\n|\n|win|ffgbgvb\n|raw|idk1139a's rating: 1247 &rarr; <strong>1227</strong><br />(-20 for losing)\n|raw|ffgbgvb's rating: 1319 &rarr; <strong>1335</strong><br />(+16 for winning)\n|l|☆idk1139a\n|player|p1|\n","uploadtime":1788325936,"views":"4","formatid":"gen9championsvgc2026regmb","rating":1227,"private":0,"password":null}