{"id":"gen9championsvgc2026regmb-2674500148","format":"[Gen 9 Champions] VGC 2026 Reg M-B","players":["ihatezardy","Pronaren"],"log":"|j|☆ihatezardy\n|j|☆Pronaren\n|t:|1788367100\n|gametype|doubles\n|player|p1|ihatezardy|janine|1137\n|player|p2|Pronaren|1|1056\n|gen|9\n|tier|[Gen 9 Champions] VGC 2026 Reg M-B\n|rated|\n|rule|Species Clause: Limit one of each Pokémon\n|rule|Item Clause: Limit 1 of each item\n|clearpoke\n|poke|p1|Lopunny, L50, F|\n|poke|p1|Glimmora, L50, F|\n|poke|p1|Lycanroc-Dusk, L50, F|\n|poke|p1|Altaria, L50, F|\n|poke|p1|Whimsicott, L50, M|\n|poke|p1|Chimecho, L50, F|\n|poke|p2|Blaziken, L50, M, shiny|\n|poke|p2|Charizard, L50, M|\n|poke|p2|Grimmsnarl, L50, M|\n|poke|p2|Farigiraf, L50, F|\n|poke|p2|Archaludon, L50, F|\n|poke|p2|Sylveon, L50, F|\n|teampreview|4\n|inactive|Battle timer is ON: inactive players will automatically lose when time's up. (requested by Pronaren)\n|inactive|ihatezardy also wants the timer to be on.\n|inactive|ihatezardy has 60 seconds left.\n|\n|t:|1788367143\n|teamsize|p1|4\n|teamsize|p2|4\n|start\n|switch|p1a: Lycanroc|Lycanroc-Dusk, L50, F|100/100\n|switch|p1b: Lopunny|Lopunny, L50, F|100/100\n|switch|p2a: Farigiraf|Farigiraf, L50, F|100/100\n|switch|p2b: Grimmsnarl|Grimmsnarl, L50, M|100/100\n|turn|1\n|\n|t:|1788367165\n|detailschange|p1b: Lopunny|Lopunny-Mega, L50, F\n|-mega|p1b: Lopunny|Lopunny|Lopunnite\n|move|p2b: Grimmsnarl|Reflect|p2b: Grimmsnarl\n|-sidestart|p2: Pronaren|Reflect\n|move|p1b: Lopunny|Close Combat|p2a: Farigiraf\n|-damage|p2a: Farigiraf|63/100\n|-unboost|p1b: Lopunny|def|1\n|-unboost|p1b: Lopunny|spd|1\n|move|p1a: Lycanroc|Rock Slide|p2a: Farigiraf|[spread] p2a,p2b\n|-damage|p2a: Farigiraf|45/100\n|-damage|p2b: Grimmsnarl|75/100\n|-enditem|p2a: Farigiraf|Sitrus Berry|[eat]\n|-heal|p2a: Farigiraf|70/100|[from] item: Sitrus Berry\n|move|p2a: Farigiraf|Psychic Noise|p1a: Lycanroc\n|-damage|p1a: Lycanroc|51/100\n|-start|p1a: Lycanroc|move: Heal Block\n|\n|upkeep\n|turn|2\n|\n|t:|1788367187\n|move|p1b: Lopunny|Protect|p1b: Lopunny\n|-singleturn|p1b: Lopunny|Protect\n|move|p1a: Lycanroc|Protect|p1a: Lycanroc\n|-singleturn|p1a: Lycanroc|Protect\n|move|p2b: Grimmsnarl|Light Screen|p2b: Grimmsnarl\n|-sidestart|p2: Pronaren|move: Light Screen\n|move|p2a: Farigiraf|Psychic Noise|p1b: Lopunny\n|-activate|p1b: Lopunny|move: Protect\n|\n|-end|p1a: Lycanroc|move: Heal Block\n|upkeep\n|turn|3\n|\n|t:|1788367203\n|switch|p1b: Chimecho|Chimecho, L50, F|100/100\n|move|p2b: Grimmsnarl|Parting Shot|p1b: Chimecho\n|-unboost|p1b: Chimecho|atk|1\n|-unboost|p1b: Chimecho|spa|1\n|\n|t:|1788367211\n|switch|p2b: Blaziken|Blaziken, L50, M, shiny|100/100|[from] Parting Shot\n|move|p1a: Lycanroc|Close Combat|p2b: Blaziken\n|-damage|p2b: Blaziken|57/100\n|-unboost|p1a: Lycanroc|def|1\n|-unboost|p1a: Lycanroc|spd|1\n|move|p2a: Farigiraf|Psychic Noise|p1b: Chimecho\n|-resisted|p1b: Chimecho|1\n|-damage|p1b: Chimecho|84/100\n|-start|p1b: Chimecho|move: Heal Block\n|\n|upkeep\n|turn|4\n|\n|t:|1788367232\n|switch|p1a: Altaria|Altaria, L50, F|100/100\n|-ability|p1a: Altaria|Cloud Nine\n|move|p2a: Farigiraf|Helping Hand|p2b: Blaziken\n|-singleturn|p2b: Blaziken|Helping Hand|[of] p2a: Farigiraf\n|move|p1b: Chimecho|Psychic|p2b: Blaziken\n|-supereffective|p2b: Blaziken|1\n|-damage|p2b: Blaziken|10/100\n|move|p2b: Blaziken|Close Combat|p1a: Altaria\n|-resisted|p1a: Altaria|1\n|-damage|p1a: Altaria|50/100y\n|-unboost|p2b: Blaziken|def|1\n|-unboost|p2b: Blaziken|spd|1\n|\n|-heal|p1a: Altaria|56/100|[from] item: Leftovers\n|-end|p1b: Chimecho|move: Heal Block\n|-ability|p2b: Blaziken|Speed Boost|boost\n|-boost|p2b: Blaziken|spe|1\n|upkeep\n|turn|5\n|inactive|Pronaren has 30 seconds left.\n|\n|t:|1788367261\n|move|p2b: Blaziken|Flare Blitz|p1b: Chimecho\n|-damage|p1b: Chimecho|0 fnt\n|faint|p1b: Chimecho\n|-damage|p2b: Blaziken|0 fnt|[from] Recoil\n|faint|p2b: Blaziken\n|move|p1a: Altaria|Roost|p1a: Altaria\n|-heal|p1a: Altaria|100/100\n|-singleturn|p1a: Altaria|move: Roost\n|move|p2a: Farigiraf|Psychic Noise|p1a: Altaria\n|-damage|p1a: Altaria|80/100\n|-start|p1a: Altaria|move: Heal Block\n|\n|upkeep\n|\n|t:|1788367275\n|switch|p1b: Lycanroc|Lycanroc-Dusk, L50, F|51/100\n|switch|p2b: Charizard|Charizard, L50, M|100/100\n|turn|6\n|\n|t:|1788367294\n|detailschange|p2b: Charizard|Charizard-Mega-Y, L50, M\n|-mega|p2b: Charizard|Charizard|Charizardite Y\n|-weather|SunnyDay|[from] ability: Drought|[of] p2b: Charizard\n|move|p1b: Lycanroc|Rock Slide|p2a: Farigiraf|[spread] p2a,p2b\n|-supereffective|p2b: Charizard|2\n|-crit|p2b: Charizard\n|-damage|p2a: Farigiraf|52/100\n|-damage|p2b: Charizard|0 fnt\n|faint|p2b: Charizard\n|move|p1a: Altaria|Brave Bird|p2a: Farigiraf\n|-damage|p2a: Farigiraf|35/100\n|-damage|p1a: Altaria|73/100|[from] Recoil\n|cant|p2a: Farigiraf|flinch\n|\n|-weather|SunnyDay|[upkeep]\n|-end|p1a: Altaria|move: Heal Block\n|upkeep\n|c|☆ihatezardy|mb\n|\n|t:|1788367309\n|switch|p2b: Grimmsnarl|Grimmsnarl, L50, M|75/100\n|turn|7\n|inactive|ihatezardy has 30 seconds left.\n|\n|t:|1788367335\n|move|p1b: Lycanroc|Rock Slide|p2b: Grimmsnarl|[spread] p2a,p2b\n|-damage|p2a: Farigiraf|17/100\n|-damage|p2b: Grimmsnarl|53/100\n|move|p1a: Altaria|Will-O-Wisp|p2b: Grimmsnarl\n|-status|p2b: Grimmsnarl|brn\n|move|p2b: Grimmsnarl|Spirit Break|p1a: Altaria\n|-supereffective|p1a: Altaria|1\n|-damage|p1a: Altaria|42/100\n|-unboost|p1a: Altaria|spa|1\n|cant|p2a: Farigiraf|flinch\n|\n|-weather|SunnyDay|[upkeep]\n|-heal|p1a: Altaria|48/100|[from] item: Leftovers\n|-damage|p2b: Grimmsnarl|47/100 brn|[from] brn\n|upkeep\n|turn|8\n|\n|t:|1788367355\n|move|p2a: Farigiraf|Helping Hand|p2b: Grimmsnarl\n|-singleturn|p2b: Grimmsnarl|Helping Hand|[of] p2a: Farigiraf\n|move|p1b: Lycanroc|Rock Slide|p2b: Grimmsnarl|[spread] p2a,p2b\n|-damage|p2a: Farigiraf|1/100\n|-damage|p2b: Grimmsnarl|25/100 brn\n|move|p1a: Altaria|Brave Bird|p2b: Grimmsnarl\n|-damage|p2b: Grimmsnarl|3/100 brn\n|-damage|p1a: Altaria|41/100|[from] Recoil\n|move|p2b: Grimmsnarl|Spirit Break|p1a: Altaria\n|-supereffective|p1a: Altaria|1\n|-damage|p1a: Altaria|0 fnt\n|faint|p1a: Altaria\n|\n|-weather|SunnyDay|[upkeep]\n|-damage|p2b: Grimmsnarl|0 fnt|[from] brn\n|faint|p2b: Grimmsnarl\n|-sideend|p2: Pronaren|Reflect\n|upkeep\n|\n|t:|1788367366\n|switch|p1a: Lopunny|Lopunny-Mega, L50, F|100/100\n|turn|9\n|-message|Pronaren forfeited.\n|\n|win|ihatezardy\n|raw|ihatezardy's rating: 1137 &rarr; <strong>1156</strong><br />(+19 for winning)\n|raw|Pronaren's rating: 1056 &rarr; <strong>1042</strong><br />(-14 for losing)\n|l|☆Pronaren\n|player|p2|\n","uploadtime":1788367778,"views":"1","formatid":"gen9championsvgc2026regmb","rating":1042,"private":0,"password":null}