{"id":"gen9championsvgc2026regmb-2674632815","format":"[Gen 9 Champions] VGC 2026 Reg M-B","players":["totosape","Difjsjc"],"log":"|j|☆totosape\n|j|☆Difjsjc\n|t:|1788382772\n|gametype|doubles\n|player|p1|totosape|giovanni|1189\n|player|p2|Difjsjc|clerk-boss|1221\n|gen|9\n|tier|[Gen 9 Champions] VGC 2026 Reg M-B\n|rated|\n|rule|Species Clause: Limit one of each Pokémon\n|rule|Item Clause: Limit 1 of each item\n|clearpoke\n|poke|p1|Skarmory, L50, F|\n|poke|p1|Sinistcha, L50|\n|poke|p1|Rotom-Wash, L50|\n|poke|p1|Incineroar, L50, M|\n|poke|p1|Sneasler, L50, M|\n|poke|p1|Tyranitar, L50, F|\n|poke|p2|Toxapex, L50, M|\n|poke|p2|Overqwil, L50, M|\n|poke|p2|Scolipede, L50, M|\n|poke|p2|Sneasler, L50, M, shiny|\n|poke|p2|Venusaur, L50, M|\n|poke|p2|Slowking-Galar, L50, F|\n|teampreview|4\n|\n|t:|1788382797\n|teamsize|p1|4\n|teamsize|p2|4\n|start\n|switch|p1a: Rotom|Rotom-Wash, L50|100/100\n|switch|p1b: Incineroar|Incineroar, L50, M|100/100\n|switch|p2a: Chernobyl|Toxapex, L50, M|100/100\n|switch|p2b: Minesweeper|Overqwil, L50, M|100/100\n|-ability|p2b: Minesweeper|Intimidate|boost\n|-unboost|p1a: Rotom|atk|1\n|-unboost|p1b: Incineroar|atk|1\n|-ability|p1b: Incineroar|Intimidate|boost\n|-unboost|p2a: Chernobyl|atk|1\n|-unboost|p2b: Minesweeper|atk|1\n|turn|1\n|\n|t:|1788382820\n|switch|p2b: Migraine|Slowking-Galar, L50, F|100/100\n|switch|p2a: Asparagus|Venusaur, L50, M|100/100\n|move|p1b: Incineroar|Fake Out|p2b: Migraine\n|-crit|p2b: Migraine\n|-damage|p2b: Migraine|85/100\n|move|p1a: Rotom|Electroweb|p2b: Migraine|[spread] p2a,p2b\n|-resisted|p2a: Asparagus|1\n|-damage|p2a: Asparagus|93/100\n|-damage|p2b: Migraine|74/100\n|-unboost|p2a: Asparagus|spe|1\n|-unboost|p2b: Migraine|spe|1\n|\n|upkeep\n|turn|2\n|\n|t:|1788382839\n|switch|p1a: Skarmory|Skarmory, L50, F|100/100\n|detailschange|p2a: Asparagus|Venusaur-Mega, L50, M\n|-mega|p2a: Asparagus|Venusaur|Venusaurite\n|move|p1b: Incineroar|Taunt|p2b: Migraine\n|-start|p2b: Migraine|move: Taunt\n|move|p2a: Asparagus|Giga Drain|p1a: Skarmory\n|-resisted|p1a: Skarmory|2\n|-crit|p1a: Skarmory\n|-damage|p1a: Skarmory|84/100\n|-heal|p2a: Asparagus|100/100|[from] drain|[of] p1a: Skarmory\n|cant|p2b: Migraine|move: Taunt|Trick Room\n|\n|upkeep\n|turn|3\n|\n|t:|1788382856\n|-heal|p2b: Migraine|100/100|[from] ability: Regenerator|[silent]\n|switch|p2b: Minesweeper|Overqwil, L50, M|100/100\n|-ability|p2b: Minesweeper|Intimidate|boost\n|-unboost|p1a: Skarmory|atk|1\n|-unboost|p1b: Incineroar|atk|1\n|detailschange|p1a: Skarmory|Skarmory-Mega, L50, F\n|-mega|p1a: Skarmory|Skarmory|Skarmorite\n|move|p1a: Skarmory|Swords Dance|p1a: Skarmory\n|-boost|p1a: Skarmory|atk|2\n|move|p1b: Incineroar|Taunt|p2a: Asparagus\n|-start|p2a: Asparagus|move: Taunt\n|cant|p2a: Asparagus|move: Taunt|Leech Seed\n|\n|upkeep\n|turn|4\n|\n|t:|1788382878\n|switch|p2a: Chernobyl|Toxapex, L50, M|100/100\n|move|p1a: Skarmory|Brave Bird|p2a: Chernobyl\n|-damage|p2a: Chernobyl|48/100\n|-damage|p1a: Skarmory|68/100|[from] Recoil\n|move|p2b: Minesweeper|Stockpile|p2b: Minesweeper\n|-start|p2b: Minesweeper|stockpile1\n|-boost|p2b: Minesweeper|def|1\n|-boost|p2b: Minesweeper|spd|1\n|move|p1b: Incineroar|Parting Shot|p2b: Minesweeper\n|-unboost|p2b: Minesweeper|atk|1\n|-unboost|p2b: Minesweeper|spa|1\n|\n|t:|1788382897\n|switch|p1b: Tyranitar|Tyranitar, L50, F|100/100|[from] Parting Shot\n|-weather|Sandstorm|[from] ability: Sand Stream|[of] p1b: Tyranitar\n|\n|-weather|Sandstorm|[upkeep]\n|-damage|p2b: Minesweeper|93/100|[from] Sandstorm\n|-damage|p2a: Chernobyl|42/100|[from] Sandstorm\n|upkeep\n|turn|5\n|\n|t:|1788382908\n|-heal|p2a: Chernobyl|75/100|[from] ability: Regenerator|[silent]\n|switch|p2a: Migraine|Slowking-Galar, L50, F|100/100\n|move|p1a: Skarmory|Iron Head|p2b: Minesweeper\n|-damage|p2b: Minesweeper|56/100\n|move|p1b: Tyranitar|Rock Slide|p2a: Migraine|[spread] p2a,p2b\n|-damage|p2a: Migraine|71/100\n|-damage|p2b: Minesweeper|35/100\n|-enditem|p2b: Minesweeper|Sitrus Berry|[eat]\n|-heal|p2b: Minesweeper|60/100|[from] item: Sitrus Berry\n|move|p2b: Minesweeper|Crunch|p1a: Skarmory\n|-damage|p1a: Skarmory|40/100\n|-unboost|p1a: Skarmory|def|1\n|\n|-weather|Sandstorm|[upkeep]\n|-damage|p2b: Minesweeper|54/100|[from] Sandstorm\n|-damage|p2a: Migraine|65/100|[from] Sandstorm\n|upkeep\n|turn|6\n|\n|t:|1788382937\n|move|p1a: Skarmory|Iron Head|p2b: Minesweeper\n|-damage|p2b: Minesweeper|20/100y\n|move|p1b: Tyranitar|Rock Slide|p2b: Minesweeper|[spread] p2a,p2b\n|-damage|p2a: Migraine|38/100\n|-damage|p2b: Minesweeper|0 fnt\n|faint|p2b: Minesweeper\n|move|p2a: Migraine|Trick Room|p2a: Migraine\n|-fieldstart|move: Trick Room|[of] p2a: Migraine\n|\n|-weather|Sandstorm|[upkeep]\n|-damage|p2a: Migraine|32/100|[from] Sandstorm\n|upkeep\n|\n|t:|1788382945\n|switch|p2b: Chernobyl|Toxapex, L50, M|75/100\n|turn|7\n|\n|t:|1788382960\n|move|p1b: Tyranitar|Protect|p1b: Tyranitar\n|-singleturn|p1b: Tyranitar|Protect\n|move|p1a: Skarmory|Protect|p1a: Skarmory\n|-singleturn|p1a: Skarmory|Protect\n|move|p2a: Migraine|Flamethrower|p1a: Skarmory\n|-activate|p1a: Skarmory|move: Protect\n|move|p2b: Chernobyl|Muddy Water|p1a: Skarmory|[spread] \n|-activate|p1a: Skarmory|move: Protect\n|-activate|p1b: Tyranitar|move: Protect\n|\n|-weather|Sandstorm|[upkeep]\n|-damage|p2a: Migraine|26/100|[from] Sandstorm\n|-damage|p2b: Chernobyl|70/100|[from] Sandstorm\n|upkeep\n|turn|8\n|\n|t:|1788382982\n|-heal|p2a: Migraine|59/100|[from] ability: Regenerator|[silent]\n|switch|p2a: Asparagus|Venusaur-Mega, L50, M|100/100\n|switch|p1a: Rotom|Rotom-Wash, L50|100/100\n|move|p2b: Chernobyl|Muddy Water|p1b: Tyranitar|[spread] p1b\n|-miss|p2b: Chernobyl|p1a: Rotom\n|-supereffective|p1b: Tyranitar|1\n|-damage|p1b: Tyranitar|81/100\n|move|p1b: Tyranitar|Lash Out|p2a: Asparagus\n|-damage|p2a: Asparagus|75/100\n|\n|-weather|none\n|upkeep\n|turn|9\n|\n|t:|1788383005\n|move|p1b: Tyranitar|Protect|p1b: Tyranitar\n|-singleturn|p1b: Tyranitar|Protect\n|move|p2b: Chernobyl|Toxic|p1a: Rotom\n|-status|p1a: Rotom|tox\n|move|p2a: Asparagus|Giga Drain|p1b: Tyranitar\n|-activate|p1b: Tyranitar|move: Protect\n|move|p1a: Rotom|Trick|p2b: Chernobyl\n|-activate|p1a: Rotom|move: Trick|[of] p2b: Chernobyl\n|-item|p2b: Chernobyl|Choice Scarf|[from] move: Trick\n|-item|p1a: Rotom|Light Clay|[from] move: Trick\n|\n|-damage|p1a: Rotom|94/100 tox|[from] psn\n|upkeep\n|turn|10\n|\n|t:|1788383029\n|switch|p1b: Incineroar|Incineroar, L50, M|100/100\n|-ability|p1b: Incineroar|Intimidate|boost\n|-unboost|p2a: Asparagus|atk|1\n|-unboost|p2b: Chernobyl|atk|1\n|move|p2b: Chernobyl|Muddy Water|p1b: Incineroar|[spread] p1a,p1b\n|-resisted|p1a: Rotom|1\n|-supereffective|p1b: Incineroar|1\n|-damage|p1a: Rotom|86/100 tox\n|-damage|p1b: Incineroar|76/100\n|move|p2a: Asparagus|Leech Seed|p1b: Incineroar\n|-start|p1b: Incineroar|move: Leech Seed\n|move|p1a: Rotom|Volt Switch|p2b: Chernobyl\n|-supereffective|p2b: Chernobyl|1\n|-damage|p2b: Chernobyl|24/100\n|\n|t:|1788383042\n|switch|p1a: Skarmory|Skarmory-Mega, L50, F|40/100|[from] Volt Switch\n|\n|-damage|p1b: Incineroar|63/100|[from] Leech Seed|[of] p2a: Asparagus\n|-heal|p2a: Asparagus|88/100|[silent]\n|-fieldend|move: Trick Room\n|upkeep\n|turn|11\n|\n|t:|1788383065\n|-heal|p2b: Chernobyl|57/100|[from] ability: Regenerator|[silent]\n|switch|p2b: Migraine|Slowking-Galar, L50, F|59/100\n|move|p2a: Asparagus|Protect|p2a: Asparagus\n|-singleturn|p2a: Asparagus|Protect\n|move|p1a: Skarmory|Brave Bird|p2a: Asparagus\n|-activate|p2a: Asparagus|move: Protect\n|move|p1b: Incineroar|Parting Shot|p2b: Migraine\n|-unboost|p2b: Migraine|atk|1\n|-unboost|p2b: Migraine|spa|1\n|\n|t:|1788383073\n|switch|p1b: Tyranitar|Tyranitar, L50, F|81/100|[from] Parting Shot\n|-weather|Sandstorm|[from] ability: Sand Stream|[of] p1b: Tyranitar\n|\n|-weather|Sandstorm|[upkeep]\n|-damage|p2a: Asparagus|82/100|[from] Sandstorm\n|-damage|p2b: Migraine|53/100|[from] Sandstorm\n|upkeep\n|turn|12\n|\n|t:|1788383093\n|move|p1a: Skarmory|Brave Bird|p2a: Asparagus\n|-supereffective|p2a: Asparagus|1\n|-damage|p2a: Asparagus|15/100\n|-damage|p1a: Skarmory|16/100|[from] Recoil\n|move|p1b: Tyranitar|Rock Slide|p2a: Asparagus|[spread] p2b\n|-miss|p1b: Tyranitar|p2a: Asparagus\n|-damage|p2b: Migraine|28/100\n|move|p2a: Asparagus|Leech Seed|p1a: Skarmory\n|-start|p1a: Skarmory|move: Leech Seed\n|move|p2b: Migraine|Trick Room|p2b: Migraine\n|-fieldstart|move: Trick Room|[of] p2b: Migraine\n|\n|-weather|Sandstorm|[upkeep]\n|-damage|p2b: Migraine|22/100|[from] Sandstorm\n|-damage|p2a: Asparagus|9/100|[from] Sandstorm\n|-damage|p1a: Skarmory|4/100|[from] Leech Seed|[of] p2a: Asparagus\n|-heal|p2a: Asparagus|20/100y|[silent]\n|upkeep\n|turn|13\n|\n|t:|1788383114\n|move|p2b: Migraine|Flamethrower|p1a: Skarmory\n|-supereffective|p1a: Skarmory|1\n|-crit|p1a: Skarmory\n|-damage|p1a: Skarmory|0 fnt\n|faint|p1a: Skarmory\n|move|p2a: Asparagus|Giga Drain|p1b: Tyranitar\n|-supereffective|p1b: Tyranitar|1\n|-crit|p1b: Tyranitar\n|-damage|p1b: Tyranitar|14/100\n|-heal|p2a: Asparagus|52/100|[from] drain|[of] p1b: Tyranitar\n|move|p1b: Tyranitar|Lash Out|p2b: Migraine\n|-supereffective|p2b: Migraine|1\n|-enditem|p2b: Migraine|Colbur Berry|[eat]\n|-enditem|p2b: Migraine|Colbur Berry|[weaken]\n|-damage|p2b: Migraine|0 fnt\n|faint|p2b: Migraine\n|\n|-weather|Sandstorm|[upkeep]\n|-damage|p2a: Asparagus|47/100|[from] Sandstorm\n|upkeep\n|\n|t:|1788383127\n|switch|p2b: Chernobyl|Toxapex, L50, M|57/100\n|switch|p1a: Incineroar|Incineroar, L50, M|63/100\n|-ability|p1a: Incineroar|Intimidate|boost\n|-unboost|p2a: Asparagus|atk|1\n|-unboost|p2b: Chernobyl|atk|1\n|turn|14\n|\n|t:|1788383141\n|move|p2a: Asparagus|Protect|p2a: Asparagus\n|-singleturn|p2a: Asparagus|Protect\n|move|p1a: Incineroar|Fake Out|p2a: Asparagus\n|-activate|p2a: Asparagus|move: Protect\n|move|p2b: Chernobyl|Muddy Water|p1b: Tyranitar|[spread] p1a,p1b\n|-supereffective|p1a: Incineroar|1\n|-supereffective|p1b: Tyranitar|1\n|-damage|p1a: Incineroar|40/100\n|-damage|p1b: Tyranitar|0 fnt\n|faint|p1b: Tyranitar\n|\n|-weather|Sandstorm|[upkeep]\n|-damage|p2b: Chernobyl|51/100|[from] Sandstorm\n|-damage|p1a: Incineroar|34/100|[from] Sandstorm\n|-damage|p2a: Asparagus|41/100|[from] Sandstorm\n|upkeep\n|\n|t:|1788383144\n|switch|p1b: Rotom|Rotom-Wash, L50|86/100 tox\n|turn|15\n|\n|t:|1788383158\n|move|p2b: Chernobyl|Muddy Water|p1a: Incineroar|[spread] p1b\n|-miss|p2b: Chernobyl|p1a: Incineroar\n|-resisted|p1b: Rotom|1\n|-damage|p1b: Rotom|78/100 tox\n|move|p1a: Incineroar|Flare Blitz|p2a: Asparagus\n|-supereffective|p2a: Asparagus|1\n|-damage|p2a: Asparagus|11/100\n|-damage|p1a: Incineroar|25/100|[from] Recoil\n|move|p2a: Asparagus|Giga Drain|p1b: Rotom\n|-supereffective|p1b: Rotom|1\n|-damage|p1b: Rotom|9/100 tox\n|-heal|p2a: Asparagus|40/100|[from] drain|[of] p1b: Rotom\n|move|p1b: Rotom|Volt Switch|p2b: Chernobyl\n|-supereffective|p2b: Chernobyl|1\n|-damage|p2b: Chernobyl|5/100\n|\n|-weather|none\n|-damage|p1b: Rotom|3/100 tox|[from] psn\n|upkeep\n|turn|16\n|\n|t:|1788383183\n|move|p2b: Chernobyl|Muddy Water|p1b: Rotom|[spread] p1a,p1b\n|-supereffective|p1a: Incineroar|1\n|-resisted|p1b: Rotom|1\n|-damage|p1a: Incineroar|1/100\n|-damage|p1b: Rotom|0 fnt\n|faint|p1b: Rotom\n|move|p1a: Incineroar|Flare Blitz|p2b: Chernobyl\n|-resisted|p2b: Chernobyl|1\n|-damage|p2b: Chernobyl|0 fnt\n|faint|p2b: Chernobyl\n|-damage|p1a: Incineroar|0 fnt|[from] Recoil\n|faint|p1a: Incineroar\n|\n|win|Difjsjc\n|raw|totosape's rating: 1189 &rarr; <strong>1166</strong><br />(-23 for losing)\n|raw|Difjsjc's rating: 1221 &rarr; <strong>1244</strong><br />(+23 for winning)\n|l|☆totosape\n|player|p1|\n|l|☆Difjsjc\n|player|p2|\n|j|☆Difjsjc\n|player|p2|Difjsjc|clerk-boss|\n","uploadtime":1788383195,"views":"9","formatid":"gen9championsvgc2026regmb","rating":1166,"private":0,"password":null}