{"id":"gen9championsvgc2026regmb-2674200072","format":"[Gen 9 Champions] VGC 2026 Reg M-B","players":["WrstEGirl","CupIsGood"],"log":"|j|☆WrstEGirl\n|j|☆CupIsGood\n|t:|1788314363\n|gametype|doubles\n|player|p1|WrstEGirl|dawn|1219\n|player|p2|CupIsGood|170|1138\n|gen|9\n|tier|[Gen 9 Champions] VGC 2026 Reg M-B\n|rated|\n|rule|Species Clause: Limit one of each Pokémon\n|rule|Item Clause: Limit 1 of each item\n|clearpoke\n|poke|p1|Blastoise, L50, F|\n|poke|p1|Meganium, L50, M|\n|poke|p1|Aerodactyl, L50, M|\n|poke|p1|Gholdengo, L50|\n|poke|p1|Tyranitar, L50, M|\n|poke|p1|Gallade, L50, M|\n|poke|p2|Chimecho, L50, F|\n|poke|p2|Incineroar, L50, F|\n|poke|p2|Chandelure, L50, F|\n|poke|p2|Rotom-Wash, L50|\n|poke|p2|Mudsdale, L50, F|\n|poke|p2|Kommo-o, L50, F|\n|teampreview|4\nWrstEGirl rejected open team sheets.\n|inactive|Battle timer is ON: inactive players will automatically lose when time's up. (requested by WrstEGirl)\n|\n|t:|1788314444\n|teamsize|p1|4\n|teamsize|p2|4\n|start\n|switch|p1a: Tyranitar|Tyranitar, L50, M|100/100\n|switch|p1b: Aerodactyl|Aerodactyl, L50, M|100/100\n|switch|p2a: Chandelure|Chandelure, L50, F|100/100\n|switch|p2b: Rotom|Rotom-Wash, L50|100/100\n|-ability|p1b: Aerodactyl|Unnerve\n|-weather|Sandstorm|[from] ability: Sand Stream|[of] p1a: Tyranitar\n|turn|1\n|inactive|WrstEGirl has 30 seconds left.\n|inactive|CupIsGood has 30 seconds left.\n|\n|t:|1788314478\n|switch|p2a: Mudsdale|Mudsdale, L50, F|100/100\n|move|p2b: Rotom|Hydro Pump|p1a: Tyranitar|[miss]\n|-miss|p2b: Rotom|p1a: Tyranitar\n|move|p1b: Aerodactyl|Rock Slide|p2a: Mudsdale|[spread] p2a,p2b\n|-resisted|p2a: Mudsdale|1\n|-damage|p2a: Mudsdale|87/100\n|-damage|p2b: Rotom|69/100\n|move|p1a: Tyranitar|Rock Slide|p2b: Rotom|[spread] p2a,p2b\n|-resisted|p2a: Mudsdale|1\n|-damage|p2a: Mudsdale|73/100\n|-damage|p2b: Rotom|31/100\n|\n|-weather|Sandstorm|[upkeep]\n|-damage|p2b: Rotom|25/100|[from] Sandstorm\n|upkeep\n|turn|2\n|inactive|CupIsGood has 30 seconds left.\n|inactive|CupIsGood has 20 seconds left.\n|\n|t:|1788314517\n|switch|p1a: Meganium|Meganium, L50, M|100/100\n|move|p2b: Rotom|Hydro Pump|p1a: Meganium\n|-resisted|p1a: Meganium|1\n|-damage|p1a: Meganium|71/100\n|move|p1b: Aerodactyl|Tailwind|p1b: Aerodactyl\n|-sidestart|p1: WrstEGirl|move: Tailwind\n|move|p2a: Mudsdale|Rock Slide|p1a: Meganium|[spread] p1a,p1b\n|-supereffective|p1b: Aerodactyl|1\n|-damage|p1a: Meganium|51/100\n|-damage|p1b: Aerodactyl|28/100\n|\n|-weather|Sandstorm|[upkeep]\n|-damage|p1a: Meganium|45/100|[from] Sandstorm\n|-damage|p2b: Rotom|20/100y|[from] Sandstorm\n|upkeep\n|turn|3\n|\n|t:|1788314537\n|switch|p2b: Chandelure|Chandelure, L50, F|100/100\n|detailschange|p1a: Meganium|Meganium-Mega, L50, M\n|-mega|p1a: Meganium|Meganium|Meganiumite\n|move|p1b: Aerodactyl|Dual Wingbeat|p2a: Mudsdale\n|-crit|p2a: Mudsdale\n|-damage|p2a: Mudsdale|50/100g\n|-damage|p2a: Mudsdale|33/100\n|-hitcount|p2a: Mudsdale|2\n|move|p1a: Meganium|Dazzling Gleam|p2b: Chandelure|[spread] p2a,p2b\n|-resisted|p2b: Chandelure|1\n|-damage|p2a: Mudsdale|0 fnt\n|-damage|p2b: Chandelure|73/100\n|faint|p2a: Mudsdale\n|\n|-weather|Sandstorm|[upkeep]\n|-damage|p1a: Meganium|39/100|[from] Sandstorm\n|-damage|p2b: Chandelure|67/100|[from] Sandstorm\n|upkeep\n|\n|t:|1788314551\n|switch|p2a: Chimecho|Chimecho, L50, F|100/100\n|turn|4\n|\n|t:|1788314567\n|detailschange|p2a: Chimecho|Chimecho-Mega, L50, F\n|-mega|p2a: Chimecho|Chimecho|Chimechite\n|move|p1b: Aerodactyl|Rock Slide|p2a: Chimecho|[spread] p2a,p2b\n|-resisted|p2a: Chimecho|1\n|-supereffective|p2b: Chandelure|1\n|-damage|p2a: Chimecho|89/100\n|-damage|p2b: Chandelure|0 fnt\n|faint|p2b: Chandelure\n|move|p1a: Meganium|Solar Beam||[still]\n|-prepare|p1a: Meganium|Solar Beam\n|-activate|p1a: Meganium|ability: Mega Sol\n|-anim|p1a: Meganium|Solar Beam|p2a: Chimecho\n|-resisted|p2a: Chimecho|1\n|-damage|p2a: Chimecho|58/100\n|move|p2a: Chimecho|Flash Cannon|p1a: Meganium\n|-supereffective|p1a: Meganium|1\n|-damage|p1a: Meganium|0 fnt\n|faint|p1a: Meganium\n|\n|-weather|Sandstorm|[upkeep]\n|upkeep\n|\n|t:|1788314586\n|switch|p2b: Rotom|Rotom-Wash, L50|20/100y\n|switch|p1a: Tyranitar|Tyranitar, L50, M|100/100\n|turn|5\n|\n|t:|1788314602\n|move|p1b: Aerodactyl|Rock Slide|p2a: Chimecho|[spread] p2a,p2b\n|-resisted|p2a: Chimecho|1\n|-damage|p2a: Chimecho|47/100\n|-damage|p2b: Rotom|0 fnt\n|faint|p2b: Rotom\n|move|p1a: Tyranitar|Knock Off|p2a: Chimecho\n|-supereffective|p2a: Chimecho|1\n|-damage|p2a: Chimecho|0 fnt\n|faint|p2a: Chimecho\n|\n|win|WrstEGirl\n|raw|WrstEGirl's rating: 1219 &rarr; <strong>1238</strong><br />(+19 for winning)\n|raw|CupIsGood's rating: 1138 &rarr; <strong>1119</strong><br />(-19 for losing)\n|l|☆CupIsGood\n|player|p2|\n|c|☆WrstEGirl|gg\n","uploadtime":1788314612,"views":"2","formatid":"gen9championsvgc2026regmb","rating":1119,"private":0,"password":null}