{"id":"gen9championsvgc2026regmb-2674989106","format":"[Gen 9 Champions] VGC 2026 Reg M-B","players":["idiota.mp3","Others sides"],"log":"|j|☆idiota.mp3\n|j|☆Others sides\n|t:|1788445852\n|gametype|doubles\n|player|p1|idiota.mp3|1|1090\n|player|p2|Others sides|102|1161\n|gen|9\n|tier|[Gen 9 Champions] VGC 2026 Reg M-B\n|rated|\n|rule|Species Clause: Limit one of each Pokémon\n|rule|Item Clause: Limit 1 of each item\n|clearpoke\n|poke|p1|Primarina, L50, M|\n|poke|p1|Clefable, L50, F|\n|poke|p1|Meowstic, L50, M|\n|poke|p1|Slowbro, L50, F|\n|poke|p1|Incineroar, L50, F|\n|poke|p1|Vivillon-Fancy, L50, M|\n|poke|p2|Camerupt, L50, M, shiny|\n|poke|p2|Farigiraf, L50, M|\n|poke|p2|Abomasnow, L50, M, shiny|\n|poke|p2|Sinistcha-Masterpiece, L50|\n|poke|p2|Incineroar, L50, F|\n|poke|p2|Glaceon, L50, F|\n|teampreview|4\n|inactive|Battle timer is ON: inactive players will automatically lose when time's up. (requested by Others sides)\n|\n|t:|1788445875\n|teamsize|p1|4\n|teamsize|p2|4\n|start\n|switch|p1a: Clefable|Clefable, L50, F|100/100\n|switch|p1b: Vivillon|Vivillon-Fancy, L50, M|100/100\n|switch|p2a: Farigiraf|Farigiraf, L50, M|100/100\n|switch|p2b: Incineroar|Incineroar, L50, F|100/100\n|turn|1\n|\n|t:|1788445884\n|move|p1b: Vivillon|Protect|p1b: Vivillon\n|-singleturn|p1b: Vivillon|Protect\n|move|p2b: Incineroar|Fake Out|p1b: Vivillon\n|-activate|p1b: Vivillon|move: Protect\n|move|p1a: Clefable|Cosmic Power|p1a: Clefable\n|-boost|p1a: Clefable|def|1\n|-boost|p1a: Clefable|spd|1\n|move|p2a: Farigiraf|Trick Room|p2a: Farigiraf\n|-fieldstart|move: Trick Room|[of] p2a: Farigiraf\n|\n|upkeep\n|turn|2\n|\n|t:|1788445905\n|move|p2a: Farigiraf|Helping Hand|p2b: Incineroar\n|-singleturn|p2b: Incineroar|Helping Hand|[of] p2a: Farigiraf\n|move|p2b: Incineroar|Flare Blitz|p1b: Vivillon\n|-supereffective|p1b: Vivillon|1\n|-enditem|p1b: Vivillon|Focus Sash\n|-damage|p1b: Vivillon|1/100\n|-damage|p2b: Incineroar|69/100|[from] Recoil\n|move|p1a: Clefable|Cosmic Power|p1a: Clefable\n|-boost|p1a: Clefable|def|1\n|-boost|p1a: Clefable|spd|1\n|move|p1b: Vivillon|Sleep Powder|p2b: Incineroar\n|-status|p2b: Incineroar|slp|[from] move: Sleep Powder\n|\n|-heal|p2b: Incineroar|75/100 slp|[from] item: Leftovers\n|upkeep\n|turn|3\n|inactive|idiota.mp3 has 30 seconds left.\n|\n|t:|1788445933\n|move|p2a: Farigiraf|Psychic|p1b: Vivillon\n|-damage|p1b: Vivillon|0 fnt\n|faint|p1b: Vivillon\n|move|p1a: Clefable|Cosmic Power|p1a: Clefable\n|-boost|p1a: Clefable|def|1\n|-boost|p1a: Clefable|spd|1\n|cant|p2b: Incineroar|slp\n|\n|-heal|p2b: Incineroar|81/100 slp|[from] item: Leftovers\n|upkeep\n|\n|t:|1788445945\n|switch|p1b: Primarina|Primarina, L50, M|100/100\n|turn|4\n|\n|t:|1788445962\n|move|p2a: Farigiraf|Protect|p2a: Farigiraf\n|-singleturn|p2a: Farigiraf|Protect\n|move|p1b: Primarina|Protect|p1b: Primarina\n|-singleturn|p1b: Primarina|Protect\n|-curestatus|p2b: Incineroar|slp|[msg]\n|move|p2b: Incineroar|Parting Shot|p1a: Clefable\n|-unboost|p1a: Clefable|atk|1\n|-unboost|p1a: Clefable|spa|1\n|\n|t:|1788445984\n|switch|p2b: Abomasnow|Abomasnow, L50, M, shiny|100/100|[from] Parting Shot\n|-weather|Snowscape|[from] ability: Snow Warning|[of] p2b: Abomasnow\n|move|p1a: Clefable|Cosmic Power|p1a: Clefable\n|-boost|p1a: Clefable|def|1\n|-boost|p1a: Clefable|spd|1\n|\n|-weather|Snowscape|[upkeep]\n|upkeep\n|turn|5\n|\n|t:|1788446002\n|detailschange|p2b: Abomasnow|Abomasnow-Mega, L50, M, shiny\n|-mega|p2b: Abomasnow|Abomasnow|Abomasite\n|move|p2b: Abomasnow|Giga Drain|p1b: Primarina\n|-supereffective|p1b: Primarina|1\n|-damage|p1b: Primarina|29/100\n|move|p2a: Farigiraf|Psychic|p1b: Primarina\n|-damage|p1b: Primarina|0 fnt\n|faint|p1b: Primarina\n|move|p1a: Clefable|Baton Pass|p1a: Clefable\n|\n|t:|1788446012\n|switch|p1a: Slowbro|Slowbro, L50, F|100/100|[from] Baton Pass\n|\n|-weather|Snowscape|[upkeep]\n|-fieldend|move: Trick Room\n|upkeep\n|\n|t:|1788446018\n|switch|p1b: Clefable|Clefable, L50, F|100/100\n|turn|6\n|\n|t:|1788446042\n|detailschange|p1a: Slowbro|Slowbro-Mega, L50, F\n|-mega|p1a: Slowbro|Slowbro|Slowbronite\n|move|p1b: Clefable|Wish|p1b: Clefable\n|move|p1a: Slowbro|Stored Power|p2b: Abomasnow\n|-damage|p2b: Abomasnow|50/100g\n|move|p2b: Abomasnow|Blizzard|p1a: Slowbro|[spread] p1a,p1b\n|-resisted|p1a: Slowbro|1\n|-damage|p1a: Slowbro|91/100\n|-damage|p1b: Clefable|68/100\n|move|p2a: Farigiraf|Trick Room|p2a: Farigiraf\n|-fieldstart|move: Trick Room|[of] p2a: Farigiraf\n|\n|-weather|Snowscape|[upkeep]\n|-heal|p1b: Clefable|74/100|[from] item: Leftovers\n|upkeep\n|turn|7\n|\n|t:|1788446059\n|move|p2a: Farigiraf|Helping Hand|p2b: Abomasnow\n|-singleturn|p2b: Abomasnow|Helping Hand|[of] p2a: Farigiraf\n|move|p2b: Abomasnow|Giga Drain|p1a: Slowbro\n|-supereffective|p1a: Slowbro|1\n|-damage|p1a: Slowbro|46/100\n|-heal|p2b: Abomasnow|73/100|[from] drain|[of] p1a: Slowbro\n|move|p1a: Slowbro|Stored Power|p2b: Abomasnow\n|-damage|p2b: Abomasnow|23/100\n|move|p1b: Clefable|Cosmic Power|p1b: Clefable\n|-boost|p1b: Clefable|def|1\n|-boost|p1b: Clefable|spd|1\n|\n|-weather|Snowscape|[upkeep]\n|-heal|p1b: Clefable|100/100|[from] move: Wish|[wisher] Clefable\n|upkeep\n|turn|8\n|\n|t:|1788446080\n|move|p2a: Farigiraf|Helping Hand|p2b: Abomasnow\n|-singleturn|p2b: Abomasnow|Helping Hand|[of] p2a: Farigiraf\n|move|p2b: Abomasnow|Giga Drain|p1a: Slowbro\n|-supereffective|p1a: Slowbro|1\n|-damage|p1a: Slowbro|1/100\n|-heal|p2b: Abomasnow|46/100|[from] drain|[of] p1a: Slowbro\n|move|p1a: Slowbro|Slack Off|p1a: Slowbro\n|-heal|p1a: Slowbro|51/100\n|move|p1b: Clefable|Cosmic Power|p1b: Clefable\n|-boost|p1b: Clefable|def|1\n|-boost|p1b: Clefable|spd|1\n|\n|-weather|none\n|upkeep\n|turn|9\n|-message|idiota.mp3 forfeited.\n|\n|win|Others sides\n|raw|idiota.mp3's rating: 1090 &rarr; <strong>1071</strong><br />(-19 for losing)\n|raw|Others sides's rating: 1161 &rarr; <strong>1181</strong><br />(+20 for winning)\n|l|☆idiota.mp3\n|player|p1|\n|l|☆Others sides\n|player|p2|\n|j|☆Others sides\n|player|p2|Others sides|102|\n|l|☆Others sides\n|player|p2|\n|j|☆Others sides\n|player|p2|Others sides|102|\n|l|☆Others sides\n|player|p2|\n|j|☆Others sides\n|player|p2|Others sides|102|\n","uploadtime":1788447948,"views":"8","formatid":"gen9championsvgc2026regmb","rating":1071,"private":0,"password":null}