{"id":"gen9championsvgc2026regmb-2674395161","format":"[Gen 9 Champions] VGC 2026 Reg M-B","players":["777skills","spcbeam"],"log":"|j|☆777skills\n|j|☆spcbeam\n|t:|1788354332\n|gametype|doubles\n|player|p1|777skills|1|1168\n|player|p2|spcbeam|170|1272\n|gen|9\n|tier|[Gen 9 Champions] VGC 2026 Reg M-B\n|rated|\n|rule|Species Clause: Limit one of each Pokémon\n|rule|Item Clause: Limit 1 of each item\n|clearpoke\n|poke|p1|Gengar, L50, F|\n|poke|p1|Clefable, L50, M|\n|poke|p1|Rotom-Heat, L50|\n|poke|p1|Zoroark-Hisui, L50, F|\n|poke|p1|Lucario, L50, F|\n|poke|p1|Meganium, L50, M|\n|poke|p2|Glimmora, L50, M|\n|poke|p2|Farigiraf, L50, F|\n|poke|p2|Whimsicott, L50, F|\n|poke|p2|Staraptor, L50, F|\n|poke|p2|Basculegion, L50, M|\n|poke|p2|Ninetales-Alola, L50, F|\n|teampreview|4\n|inactive|Battle timer is ON: inactive players will automatically lose when time's up. (requested by spcbeam)\n|inactive|777skills has 60 seconds left.\n|inactive|spcbeam has 60 seconds left.\n|inactive|777skills has 30 seconds left.\n|inactive|777skills has 20 seconds left.\n|inactive|777skills has 15 seconds left.\n|inactive|777skills has 10 seconds left.\n|\n|t:|1788354415\n|teamsize|p1|4\n|teamsize|p2|4\n|start\n|switch|p1a: Lucario|Lucario, L50, F|100/100\n|switch|p1b: Rotom|Rotom-Heat, L50|100/100\n|switch|p2a: Basculegion|Basculegion, L50, M|100/100\n|switch|p2b: Glimmora|Glimmora, L50, M|100/100\n|turn|1\n|\n|t:|1788354435\n|detailschange|p2b: Glimmora|Glimmora-Mega, L50, M\n|-mega|p2b: Glimmora|Glimmora|Glimmoranite\n|move|p2a: Basculegion|Wave Crash|p1a: Lucario\n|-damage|p1a: Lucario|0 fnt\n|replace|p1a: Zoroark|Zoroark-Hisui, L50, F\n|-end|p1a: Zoroark|Illusion\n|faint|p1a: Zoroark\n|-damage|p2a: Basculegion|77/100|[from] Recoil\n|move|p2b: Glimmora|Power Gem|p1b: Rotom\n|-supereffective|p1b: Rotom|1\n|-enditem|p1b: Rotom|Charti Berry|[eat]\n|-enditem|p1b: Rotom|Charti Berry|[weaken]\n|-damage|p1b: Rotom|13/100\n|move|p1b: Rotom|Thunderbolt|p2a: Basculegion\n|-supereffective|p2a: Basculegion|1\n|-damage|p2a: Basculegion|0 fnt\n|faint|p2a: Basculegion\n|\n|upkeep\n|\n|t:|1788354456\n|switch|p1a: Lucario|Lucario, L50, F|100/100\n|switch|p2a: Farigiraf|Farigiraf, L50, F|100/100\n|turn|2\n|\n|t:|1788354480\n|move|p1a: Lucario|Meteor Mash|p2b: Glimmora\n|-supereffective|p2b: Glimmora|1\n|-crit|p2b: Glimmora\n|-damage|p2b: Glimmora|0 fnt\n|faint|p2b: Glimmora\n|move|p1b: Rotom|Overheat|p2a: Farigiraf\n|-damage|p2a: Farigiraf|44/100\n|-unboost|p1b: Rotom|spa|2\n|-enditem|p2a: Farigiraf|Sitrus Berry|[eat]\n|-heal|p2a: Farigiraf|69/100|[from] item: Sitrus Berry\n|move|p2a: Farigiraf|Psychic|p1a: Lucario\n|-damage|p1a: Lucario|48/100\n|\n|upkeep\n|\n|t:|1788354492\n|switch|p2b: Staraptor|Staraptor, L50, F|100/100\n|-ability|p2b: Staraptor|Intimidate|boost\n|-fail|p1a: Lucario|unboost|atk|[from] ability: Inner Focus|[of] p1a: Lucario\n|-unboost|p1b: Rotom|atk|1\n|turn|3\n|inactive|777skills has 30 seconds left.\n|\n|t:|1788354518\n|move|p2b: Staraptor|Protect|p2b: Staraptor\n|-singleturn|p2b: Staraptor|Protect\n|move|p1a: Lucario|Close Combat|p2a: Farigiraf\n|-damage|p2a: Farigiraf|25/100\n|-unboost|p1a: Lucario|def|1\n|-unboost|p1a: Lucario|spd|1\n|move|p1b: Rotom|Thunderbolt|p2b: Staraptor\n|-activate|p2b: Staraptor|move: Protect\n|move|p2a: Farigiraf|Psychic|p1a: Lucario\n|-damage|p1a: Lucario|0 fnt\n|faint|p1a: Lucario\n|\n|upkeep\n|\n|t:|1788354524\n|switch|p1a: Gengar|Gengar, L50, F|100/100\n|turn|4\n|inactive|777skills has 30 seconds left.\n|\n|t:|1788354556\n|detailschange|p1a: Gengar|Gengar-Mega, L50, F\n|-mega|p1a: Gengar|Gengar|Gengarite\n|move|p1a: Gengar|Sludge Bomb|p2a: Farigiraf\n|-damage|p2a: Farigiraf|0 fnt\n|faint|p2a: Farigiraf\n|move|p1b: Rotom|Thunderbolt|p2b: Staraptor\n|-supereffective|p2b: Staraptor|1\n|-damage|p2b: Staraptor|43/100\n|move|p2b: Staraptor|Brave Bird|p1b: Rotom\n|-resisted|p1b: Rotom|1\n|-crit|p1b: Rotom\n|-damage|p1b: Rotom|0 fnt\n|faint|p1b: Rotom\n|-damage|p2b: Staraptor|40/100|[from] Recoil\n|\n|upkeep\n|turn|5\n|\n|t:|1788354570\n|move|p1a: Gengar|Sludge Bomb|p2b: Staraptor\n|-damage|p2b: Staraptor|0 fnt\n|faint|p2b: Staraptor\n|\n|win|777skills\n|raw|777skills's rating: 1168 &rarr; <strong>1200</strong><br />(+32 for winning)\n|raw|spcbeam's rating: 1272 &rarr; <strong>1240</strong><br />(-32 for losing)\n","uploadtime":1788354573,"views":"0","formatid":"gen9championsvgc2026regmb","rating":1200,"private":0,"password":null}