{"id":"gen9championsvgc2026regmbbo3-2674790135","format":"[Gen 9 Champions] VGC 2026 Reg M-B (Bo3)","players":["Leialotyl","SenorFrosty"],"log":"|j|☆Leialotyl\n|j|☆SenorFrosty\n|html|<table width=\"100%\"><tr><td align=\"left\">Leialotyl</td><td align=\"right\">SenorFrosty</tr><tr><td align=\"left\"><i class=\"fa fa-circle-o\"></i> <i class=\"fa fa-circle-o\"></i> </td><td align=\"right\"><i class=\"fa fa-circle-o\"></i> <i class=\"fa fa-circle-o\"></i> </tr></table>\n|uhtml|bestof|<h2><strong>Game 1</strong> of <a href=\"/game-bestof3-gen9championsvgc2026regmbbo3-2674790134\">a best-of-3</a></h2>\n|t:|1788407315\n|gametype|doubles\n|player|p1|Leialotyl|101|\n|player|p2|SenorFrosty|gentleman-gen4|\n|gen|9\n|tier|[Gen 9 Champions] VGC 2026 Reg M-B (Bo3)\n|rule|Species Clause: Limit one of each Pokémon\n|rule|Item Clause: Limit 1 of each item\n|clearpoke\n|poke|p1|Metagross, L50, shiny|\n|poke|p1|Whimsicott, L50, F, shiny|\n|poke|p1|Basculegion, L50, M, shiny|\n|poke|p1|Sylveon, L50, F|\n|poke|p1|Chesnaught, L50, F, shiny|\n|poke|p1|Gliscor, L50, F, shiny|\n|poke|p2|Excadrill, L50, M|\n|poke|p2|Tyranitar, L50, M|\n|poke|p2|Sableye, L50, F|\n|poke|p2|Staraptor, L50, F|\n|poke|p2|Rotom-Wash, L50|\n|poke|p2|Oranguru, L50, M|\n|teampreview|4\n|showteam|p1|Metagross||Metagrossite|ClearBody|Protect,BodyPress,IronHead,PsychicFangs|Adamant|||||50|]Whimsicott||FocusSash|Prankster|Tailwind,Encore,Moonblast,Protect|Timid||F|||50|]Basculegion||MysticWater|Adaptability|AquaJet,LastRespects,Protect,WaveCrash|Adamant||M|||50|]Sylveon||FairyFeather|Pixilate|HyperVoice,QuickAttack,Detect,HyperBeam|Modest||F|||50|]Chesnaught||Leftovers|Bulletproof|SpikyShield,BodyPress,WideGuard,DrainPunch|Impish||F|||50|]Gliscor||BrightPowder|SandVeil|DualWingbeat,RockSlide,Earthquake,KnockOff|Adamant||F|||50|\n|showteam|p2|Excadrill||FocusSash|SandRush|RockSlide,IronHead,Earthquake,Protect|Adamant||M|||50|]Tyranitar||Tyranitarite|SandStream|IcePunch,KnockOff,Protect,RockSlide|Jolly||M|||50|]Sableye||MentalHerb|Prankster|SkillSwap,Snarl,PainSplit,Quash|Serious||F|||50|]Staraptor||SharpBeak|Intimidate|FinalGambit,Uturn,BraveBird,Protect|Jolly||F|||50|]Rotom-Wash||ChoiceScarf|Levitate|Thunder,HydroPump,WillOWisp,VoltSwitch|Timid|||||50|]Oranguru||Leftovers|Telepathy|Imprison,TrickRoom,AfterYou,Protect|Serious||M|||50|\n|\n|t:|1788407421\n|teamsize|p1|4\n|teamsize|p2|4\n|start\n|switch|p1a: Metagross|Metagross, L50, shiny|100/100\n|switch|p1b: Whimsicott|Whimsicott, L50, F, shiny|100/100\n|switch|p2a: Rotom|Rotom-Wash, L50|100/100\n|switch|p2b: Staraptor|Staraptor, L50, F|100/100\n|-ability|p2b: Staraptor|Intimidate|boost\n|-fail|p1a: Metagross|unboost|[from] ability: Clear Body|[of] p1a: Metagross\n|-unboost|p1b: Whimsicott|atk|1\n|turn|1\n|\n|t:|1788407480\n|detailschange|p1a: Metagross|Metagross-Mega, L50, shiny\n|-mega|p1a: Metagross|Metagross|Metagrossite\n|move|p1b: Whimsicott|Tailwind|p1b: Whimsicott\n|-sidestart|p1: Leialotyl|move: Tailwind\n|move|p1a: Metagross|Body Press|p2a: Rotom\n|-damage|p2a: Rotom|57/100\n|move|p2a: Rotom|Will-O-Wisp|p1a: Metagross\n|-status|p1a: Metagross|brn\n|move|p2b: Staraptor|Brave Bird|p1b: Whimsicott\n|-supereffective|p1b: Whimsicott|1\n|-enditem|p1b: Whimsicott|Focus Sash\n|-damage|p1b: Whimsicott|1/100\n|-damage|p2b: Staraptor|76/100|[from] Recoil\n|\n|-damage|p1a: Metagross|94/100 brn|[from] brn\n|upkeep\n|turn|2\n|\n|t:|1788407543\n|move|p2b: Staraptor|Protect|p2b: Staraptor\n|-singleturn|p2b: Staraptor|Protect\n|move|p1b: Whimsicott|Moonblast|p2b: Staraptor\n|-activate|p2b: Staraptor|move: Protect\n|move|p1a: Metagross|Iron Head|p2b: Staraptor\n|-activate|p2b: Staraptor|move: Protect\n|move|p2a: Rotom|Will-O-Wisp|p1b: Whimsicott\n|-status|p1b: Whimsicott|brn\n|\n|-damage|p1b: Whimsicott|0 fnt|[from] brn\n|faint|p1b: Whimsicott\n|-damage|p1a: Metagross|88/100 brn|[from] brn\n|upkeep\n|\n|t:|1788407562\n|switch|p1b: Gliscor|Gliscor, L50, F, shiny|100/100\n|turn|3\n|\n|t:|1788407575\n|move|p1a: Metagross|Iron Head|p2b: Staraptor\n|-damage|p2b: Staraptor|38/100\n|move|p1b: Gliscor|Rock Slide|p2a: Rotom|[spread] p2b\n|-miss|p1b: Gliscor|p2a: Rotom\n|-supereffective|p2b: Staraptor|1\n|-damage|p2b: Staraptor|2/100\n|move|p2a: Rotom|Will-O-Wisp|p1b: Gliscor\n|-status|p1b: Gliscor|brn\n|move|p2b: Staraptor|U-turn|p1a: Metagross\n|-damage|p1a: Metagross|73/100 brn\n|\n|t:|1788407603\n|switch|p2b: Tyranitar|Tyranitar, L50, M|100/100|[from] U-turn\n|-weather|Sandstorm|[from] ability: Sand Stream|[of] p2b: Tyranitar\n|\n|-weather|Sandstorm|[upkeep]\n|-damage|p2a: Rotom|51/100|[from] Sandstorm\n|-damage|p1a: Metagross|67/100 brn|[from] brn\n|-damage|p1b: Gliscor|94/100 brn|[from] brn\n|upkeep\n|turn|4\n|\n|t:|1788407657\n|switch|p2a: Staraptor|Staraptor, L50, F|2/100\n|-ability|p2a: Staraptor|Intimidate|boost\n|-unboost|p1a: Metagross|atk|1\n|-unboost|p1b: Gliscor|atk|1\n|detailschange|p2b: Tyranitar|Tyranitar-Mega, L50, M\n|-mega|p2b: Tyranitar|Tyranitar|Tyranitarite\n|move|p1a: Metagross|Body Press|p2b: Tyranitar\n|-supereffective|p2b: Tyranitar|2\n|-damage|p2b: Tyranitar|55/100\n|move|p1b: Gliscor|Rock Slide|p2a: Staraptor|[spread] p2a,p2b\n|-supereffective|p2a: Staraptor|1\n|-crit|p2a: Staraptor\n|-damage|p2a: Staraptor|0 fnt\n|-damage|p2b: Tyranitar|52/100\n|faint|p2a: Staraptor\n|cant|p2b: Tyranitar|flinch\n|\n|-weather|Sandstorm|[upkeep]\n|-damage|p1a: Metagross|61/100 brn|[from] brn\n|-damage|p1b: Gliscor|88/100 brn|[from] brn\n|-sideend|p1: Leialotyl|move: Tailwind\n|upkeep\n|\n|t:|1788407673\n|switch|p2a: Excadrill|Excadrill, L50, M|100/100\n|turn|5\n|\n|t:|1788407711\n|move|p2a: Excadrill|Rock Slide|p1b: Gliscor|[spread] p1a,p1b\n|-resisted|p1a: Metagross|1\n|-damage|p1a: Metagross|53/100 brn\n|-damage|p1b: Gliscor|70/100 brn\n|cant|p1a: Metagross|flinch\n|move|p2b: Tyranitar|Knock Off|p1a: Metagross\n|-supereffective|p1a: Metagross|1\n|-damage|p1a: Metagross|0 fnt\n|faint|p1a: Metagross\n|move|p1b: Gliscor|Knock Off|p2a: Excadrill\n|-crit|p2a: Excadrill\n|-damage|p2a: Excadrill|71/100\n|-enditem|p2a: Excadrill|Focus Sash|[from] move: Knock Off|[of] p1b: Gliscor\n|\n|-weather|Sandstorm|[upkeep]\n|-damage|p1b: Gliscor|64/100 brn|[from] brn\n|upkeep\n|\n|t:|1788407726\n|switch|p1a: Basculegion|Basculegion, L50, M, shiny|100/100\n|turn|6\n|\n|t:|1788407747\n|move|p1a: Basculegion|Aqua Jet|p2b: Tyranitar\n|-supereffective|p2b: Tyranitar|1\n|-damage|p2b: Tyranitar|11/100\n|move|p2a: Excadrill|Rock Slide|p1a: Basculegion|[spread] p1a,p1b\n|-damage|p1a: Basculegion|71/100\n|-damage|p1b: Gliscor|44/100 brn\n|move|p2b: Tyranitar|Knock Off|p1a: Basculegion\n|-supereffective|p1a: Basculegion|1\n|-damage|p1a: Basculegion|0 fnt\n|-enditem|p1a: Basculegion|Mystic Water|[from] move: Knock Off|[of] p2b: Tyranitar\n|faint|p1a: Basculegion\n|move|p1b: Gliscor|Rock Slide|p2a: Excadrill|[spread] p2a,p2b\n|-resisted|p2a: Excadrill|2\n|-damage|p2a: Excadrill|69/100\n|-damage|p2b: Tyranitar|8/100\n|\n|-weather|Sandstorm|[upkeep]\n|-damage|p1b: Gliscor|38/100 brn|[from] brn\n|upkeep\n|turn|7\n|\n|t:|1788407766\n|switch|p2b: Rotom|Rotom-Wash, L50|51/100\n|move|p2a: Excadrill|Iron Head|p1b: Gliscor|[miss]\n|-miss|p2a: Excadrill|p1b: Gliscor\n|move|p1b: Gliscor|Earthquake|p2a: Excadrill|[spread] p2a\n|-immune|p2b: Rotom|[from] ability: Levitate\n|-supereffective|p2a: Excadrill|1\n|-damage|p2a: Excadrill|42/100\n|\n|-weather|none\n|-damage|p1b: Gliscor|32/100 brn|[from] brn\n|upkeep\n|turn|8\n|\n|t:|1788407783\n|move|p2b: Rotom|Hydro Pump|p1b: Gliscor\n|-supereffective|p1b: Gliscor|1\n|-damage|p1b: Gliscor|0 fnt\n|faint|p1b: Gliscor\n|\n|win|SenorFrosty\n||Leialotyl is ready for game 2.\n|inactive|SenorFrosty has 30 seconds to confirm battle start!\n|inactive|SenorFrosty has 20 seconds to confirm battle start!\n||SenorFrosty is ready for game 2.\n|uhtml|next|Next: <a href=\"/battle-gen9championsvgc2026regmbbo3-2674792748\"><strong>Game 2 of 3</strong></a>\n|l|☆SenorFrosty\n|player|p2|\n","uploadtime":1788408431,"views":"13","formatid":"gen9championsvgc2026regmbbo3","rating":null,"private":0,"password":null}