{"id":"gen9championsvgc2026regmbbo3-2674903310","format":"[Gen 9 Champions] VGC 2026 Reg M-B (Bo3)","players":["kingsrowbajax","propedro"],"log":"|j|☆kingsrowbajax\n|j|☆propedro\n|html|<table width=\"100%\"><tr><td align=\"left\">kingsrowbajax</td><td align=\"right\">propedro</tr><tr><td align=\"left\"><i class=\"fa fa-circle-o\"></i> <i class=\"fa fa-circle-o\"></i> </td><td align=\"right\"><i class=\"fa fa-circle-o\"></i> <i class=\"fa fa-circle\"></i> </tr></table>\n|uhtml|bestof|<h2><strong>Game 2</strong> of <a href=\"/game-bestof3-gen9championsvgc2026regmbbo3-2674902429\">a best-of-3</a></h2>\n|t:|1788432911\n|gametype|doubles\n|player|p1|kingsrowbajax|101|1281\n|player|p2|propedro|n|1463\n|gen|9\n|tier|[Gen 9 Champions] VGC 2026 Reg M-B (Bo3)\n|rated|\n|rule|Species Clause: Limit one of each Pokémon\n|rule|Item Clause: Limit 1 of each item\n|clearpoke\n|poke|p1|Blastoise, L50, M|\n|poke|p1|Delphox, L50, M|\n|poke|p1|Sinistcha-Masterpiece, L50|\n|poke|p1|Sneasler, L50, F|\n|poke|p1|Kingambit, L50, M|\n|poke|p1|Incineroar, L50, M|\n|poke|p2|Incineroar, L50, F|\n|poke|p2|Sinistcha, L50|\n|poke|p2|Raichu, L50, M|\n|poke|p2|Gengar, L50, F|\n|poke|p2|Kommo-o, L50, F|\n|poke|p2|Ninetales-Alola, L50, M|\n|teampreview|4\n|showteam|p1|Blastoise||Blastoisinite|RainDish|WaterSpout,DarkPulse,ShellSmash,Protect|Modest||M|||50|]Delphox||Delphoxite|Blaze|HeatWave,Psychic,NastyPlot,Protect|Timid||M|||50|]Sinistcha-Masterpiece||ColburBerry|Hospitality|MatchaGotcha,RagePowder,TrickRoom,Protect|Bold|||||50|]Sneasler||FocusSash|PoisonTouch|FakeOut,PoisonJab,CloseCombat,QuickGuard|Jolly||F|||50|]Kingambit||LifeOrb|Defiant|KowtowCleave,SuckerPunch,SwordsDance,Protect|Adamant||M|||50|]Incineroar||SitrusBerry|Intimidate|FakeOut,FlareBlitz,ThroatChop,PartingShot|Careful||M|||50|\n|showteam|p2|Incineroar||SitrusBerry|Intimidate|FakeOut,FlareBlitz,PartingShot,Protect|Impish||F|||50|]Sinistcha||OccaBerry|Hospitality|MatchaGotcha,RagePowder,LifeDew,TrickRoom|Bold|||||50|]Raichu||RaichuniteY|LightningRod|FakeOut,Electroweb,ZapCannon,Protect|Timid||M|||50|]Gengar||Gengarite|CursedBody|SludgeBomb,ShadowBall,PerishSong,Protect|Modest||F|||50|]Kommo-o||Leftovers|Soundproof|ClangingScales,AuraSphere,ClangorousSoul,Protect|Modest||F|||50|]Ninetales-Alola||ChoiceScarf|SnowWarning|Blizzard,Encore,IcyWind,FreezeDry|Timid||M|||50|\n|inactive|Battle timer is ON: inactive players will automatically lose when time's up. (requested by propedro)\n|\n|t:|1788432941\n|teamsize|p1|4\n|teamsize|p2|4\n|start\n|switch|p1a: Kingambit|Kingambit, L50, M|100/100\n|switch|p1b: Sneasler|Sneasler, L50, F|100/100\n|switch|p2a: Raichu|Raichu, L50, M|100/100\n|switch|p2b: Kommo-o|Kommo-o, L50, F|100/100\n|turn|1\n|\n|t:|1788432960\n|switch|p2a: Incineroar|Incineroar, L50, F|100/100\n|-ability|p2a: Incineroar|Intimidate|boost\n|-unboost|p1a: Kingambit|atk|1\n|-ability|p1a: Kingambit|Defiant|boost\n|-boost|p1a: Kingambit|atk|2\n|-unboost|p1b: Sneasler|atk|1\n|move|p1a: Kingambit|Protect|p1a: Kingambit\n|-singleturn|p1a: Kingambit|Protect\n|move|p1b: Sneasler|Close Combat|p2a: Incineroar\n|-supereffective|p2a: Incineroar|1\n|-damage|p2a: Incineroar|37/100\n|-unboost|p1b: Sneasler|def|1\n|-unboost|p1b: Sneasler|spd|1\n|-status|p2a: Incineroar|psn|[from] ability: Poison Touch|[of] p1b: Sneasler\n|-enditem|p2a: Incineroar|Sitrus Berry|[eat]\n|-heal|p2a: Incineroar|62/100 psn|[from] item: Sitrus Berry\n|move|p2b: Kommo-o|Aura Sphere|p1a: Kingambit\n|-activate|p1a: Kingambit|move: Protect\n|\n|-damage|p2a: Incineroar|50/100y psn|[from] psn\n|upkeep\n|turn|2\n|inactive|kingsrowbajax has 30 seconds left.\n|\n|t:|1788432987\n|switch|p1a: Sinistcha|Sinistcha-Masterpiece, L50|100/100\n|move|p2a: Incineroar|Fake Out|p1b: Sneasler\n|-damage|p1b: Sneasler|72/100\n|cant|p1b: Sneasler|flinch\n|move|p2b: Kommo-o|Clangorous Soul|p2b: Kommo-o\n|-boost|p2b: Kommo-o|atk|1\n|-boost|p2b: Kommo-o|def|1\n|-boost|p2b: Kommo-o|spa|1\n|-boost|p2b: Kommo-o|spd|1\n|-boost|p2b: Kommo-o|spe|1\n|-damage|p2b: Kommo-o|67/100\n|\n|-heal|p2b: Kommo-o|73/100|[from] item: Leftovers\n|-damage|p2a: Incineroar|37/100 psn|[from] psn\n|upkeep\n|turn|3\n|\n|t:|1788433011\n|move|p2b: Kommo-o|Clanging Scales|p1b: Sneasler|[spread] p1a,p1b\n|-damage|p1a: Sinistcha|45/100\n|-damage|p1b: Sneasler|0 fnt\n|faint|p1b: Sneasler\n|-unboost|p2b: Kommo-o|def|1\n|move|p2a: Incineroar|Flare Blitz|p1a: Sinistcha\n|-supereffective|p1a: Sinistcha|1\n|-damage|p1a: Sinistcha|0 fnt\n|faint|p1a: Sinistcha\n|-damage|p2a: Incineroar|24/100 psn|[from] Recoil\n|\n|-heal|p2b: Kommo-o|78/100|[from] item: Leftovers\n|-damage|p2a: Incineroar|11/100 psn|[from] psn\n|upkeep\n|\n|t:|1788433024\n|switch|p1b: Incineroar|Incineroar, L50, M|100/100\n|switch|p1a: Kingambit|Kingambit, L50, M|100/100\n|-ability|p1b: Incineroar|Intimidate|boost\n|-unboost|p2a: Incineroar|atk|1\n|-unboost|p2b: Kommo-o|atk|1\n|turn|4\n|\n|t:|1788433033\n|move|p2b: Kommo-o|Protect|p2b: Kommo-o\n|-singleturn|p2b: Kommo-o|Protect\n|move|p1b: Incineroar|Fake Out|p2b: Kommo-o\n|-activate|p2b: Kommo-o|move: Protect\n|move|p2a: Incineroar|Flare Blitz|p1a: Kingambit\n|-supereffective|p1a: Kingambit|1\n|-damage|p1a: Kingambit|58/100\n|-damage|p2a: Incineroar|0 fnt|[from] Recoil\n|faint|p2a: Incineroar\n|move|p1a: Kingambit|Swords Dance|p1a: Kingambit\n|-boost|p1a: Kingambit|atk|2\n|\n|-heal|p2b: Kommo-o|84/100|[from] item: Leftovers\n|upkeep\n|\n|t:|1788433042\n|switch|p2a: Raichu|Raichu, L50, M|100/100\n|turn|5\n|\n|t:|1788433056\n|detailschange|p2a: Raichu|Raichu-Mega-Y, L50, M\n|-mega|p2a: Raichu|Raichu|Raichunite Y\n|move|p1a: Kingambit|Protect|p1a: Kingambit\n|-singleturn|p1a: Kingambit|Protect\n|move|p2a: Raichu|Fake Out|p1a: Kingambit\n|-activate|p1a: Kingambit|move: Protect\n|move|p2b: Kommo-o|Aura Sphere|p1b: Incineroar\n|-supereffective|p1b: Incineroar|1\n|-damage|p1b: Incineroar|3/100\n|-enditem|p1b: Incineroar|Sitrus Berry|[eat]\n|-heal|p1b: Incineroar|27/100|[from] item: Sitrus Berry\n|move|p1b: Incineroar|Parting Shot|p2b: Kommo-o\n|-immune|p2b: Kommo-o|[from] ability: Soundproof\n|\n|-heal|p2b: Kommo-o|90/100|[from] item: Leftovers\n|upkeep\n|turn|6\n|\n|t:|1788433072\n|move|p1a: Kingambit|Sucker Punch|p2a: Raichu\n|-damage|p2a: Raichu|0 fnt\n|faint|p2a: Raichu\n|-damage|p1a: Kingambit|48/100|[from] item: Life Orb\n|move|p2b: Kommo-o|Aura Sphere|p1a: Kingambit\n|-supereffective|p1a: Kingambit|2\n|-damage|p1a: Kingambit|0 fnt\n|faint|p1a: Kingambit\n|move|p1b: Incineroar|Flare Blitz|p2b: Kommo-o\n|-resisted|p2b: Kommo-o|1\n|-damage|p2b: Kommo-o|67/100\n|-status|p2b: Kommo-o|brn\n|-damage|p1b: Incineroar|21/100|[from] Recoil\n|\n|-heal|p2b: Kommo-o|73/100 brn|[from] item: Leftovers\n|-damage|p2b: Kommo-o|67/100 brn|[from] brn\n|upkeep\n|\n|t:|1788433075\n|switch|p2a: Sinistcha|Sinistcha, L50|100/100\n|-heal|p2b: Kommo-o|92/100 brn|[from] ability: Hospitality|[of] p2a: Sinistcha\n|turn|7\n|-message|kingsrowbajax forfeited.\n|\n|win|propedro\n|raw|kingsrowbajax's rating: 1281 &rarr; <strong>1268</strong><br />(-13 for losing)\n|raw|propedro's rating: 1463 &rarr; <strong>1473</strong><br />(+10 for winning)\n","uploadtime":1788433088,"views":"0","formatid":"gen9championsvgc2026regmbbo3","rating":1268,"private":0,"password":null}