{"id":"gen9championsvgc2026regmbbo3-2674591779","format":"[Gen 9 Champions] VGC 2026 Reg M-B (Bo3)","players":["fvevfvfv","yzuii"],"log":"|j|☆fvevfvfv\n|j|☆yzuii\n|html|<table width=\"100%\"><tr><td align=\"left\">fvevfvfv</td><td align=\"right\">yzuii</tr><tr><td align=\"left\"><i class=\"fa fa-circle\"></i> <i class=\"fa fa-circle-o\"></i> </td><td align=\"right\"><i class=\"fa fa-circle-o\"></i> <i class=\"fa fa-circle-o\"></i> </tr></table>\n|uhtml|bestof|<h2><strong>Game 2</strong> of <a href=\"/game-bestof3-gen9championsvgc2026regmbbo3-2674587788\">a best-of-3</a></h2>\n|t:|1788377714\n|gametype|doubles\n|player|p1|fvevfvfv|265|\n|player|p2|yzuii|kimonogirl|\n|gen|9\n|tier|[Gen 9 Champions] VGC 2026 Reg M-B (Bo3)\n|rule|Species Clause: Limit one of each Pokémon\n|rule|Item Clause: Limit 1 of each item\n|clearpoke\n|poke|p1|Charizard, L50, F, shiny|\n|poke|p1|Whimsicott, L50, M, shiny|\n|poke|p1|Garchomp, L50, F, shiny|\n|poke|p1|Floette-Eternal, L50, F|\n|poke|p1|Basculegion, L50, M, shiny|\n|poke|p1|Kingambit, L50, F, shiny|\n|poke|p2|Blaziken, L50, F|\n|poke|p2|Kingambit, L50, F|\n|poke|p2|Basculegion, L50, M|\n|poke|p2|Ninetales-Alola, L50, F|\n|poke|p2|Gengar, L50, M|\n|poke|p2|Incineroar, L50, F|\n|teampreview|4\n|showteam|p1|Charizard||CharizarditeY|Blaze|HeatWave,WeatherBall,AncientPower,Protect|Timid||F|||50|]Whimsicott||FocusSash|Prankster|Moonblast,Tailwind,Encore,Protect|Timid||M|||50|]Garchomp||SitrusBerry|RoughSkin|DragonClaw,Earthquake,RockSlide,Protect|Jolly||F|||50|]Floette-Eternal||Floettite|FlowerVeil|Moonblast,DazzlingGleam,LightofRuin,Protect|Modest||F|||50|]Basculegion||LifeOrb|Adaptability|WaveCrash,LastRespects,AquaJet,Protect|Adamant||M|||50|]Kingambit||OccaBerry|Defiant|KowtowCleave,SuckerPunch,IronHead,LowKick|Adamant||F|||50|\n|showteam|p2|Blaziken||Blazikenite|SpeedBoost|CloseCombat,RockSlide,FlareBlitz,Detect|Adamant||F|||50|]Kingambit||LifeOrb|Defiant|KowtowCleave,SuckerPunch,Protect,IronHead|Adamant||F|||50|]Basculegion||FocusSash|Adaptability|Liquidation,LastRespects,AquaJet,Protect|Adamant||M|||50|]Ninetales-Alola||NeverMeltIce|SnowWarning|Blizzard,FreezeDry,Encore,Protect|Timid||F|||50|]Gengar||Gengarite|CursedBody|ShadowBall,Disable,PerishSong,Protect|Modest||M|||50|]Incineroar||PasshoBerry|Intimidate|FakeOut,PartingShot,FlareBlitz,Protect|Relaxed||F|||50|\n|\n|t:|1788377763\n|teamsize|p1|4\n|teamsize|p2|4\n|start\n|switch|p1a: Whimsicott|Whimsicott, L50, M, shiny|100/100\n|switch|p1b: Kingambit|Kingambit, L50, F, shiny|100/100\n|switch|p2a: Incineroar|Incineroar, L50, F|100/100\n|switch|p2b: Gengar|Gengar, L50, M|100/100\n|-ability|p2a: Incineroar|Intimidate|boost\n|-unboost|p1a: Whimsicott|atk|1\n|-unboost|p1b: Kingambit|atk|1\n|-ability|p1b: Kingambit|Defiant|boost\n|-boost|p1b: Kingambit|atk|2\n|turn|1\n|\n|t:|1788377793\n|switch|p1a: Basculegion|Basculegion, L50, M, shiny|100/100\n|detailschange|p2b: Gengar|Gengar-Mega, L50, M\n|-mega|p2b: Gengar|Gengar|Gengarite\n|move|p2a: Incineroar|Fake Out|p1b: Kingambit\n|-resisted|p1b: Kingambit|1\n|-damage|p1b: Kingambit|95/100\n|move|p2b: Gengar|Perish Song|p2b: Gengar\n|-start|p1a: Basculegion|perish3|[silent]\n|-start|p1b: Kingambit|perish3|[silent]\n|-start|p2a: Incineroar|perish3|[silent]\n|-start|p2b: Gengar|perish3|[silent]\n|-fieldactivate|move: Perish Song\n|cant|p1b: Kingambit|flinch\n|\n|-start|p2b: Gengar|perish3\n|-start|p1a: Basculegion|perish3\n|-start|p1b: Kingambit|perish3\n|-start|p2a: Incineroar|perish3\n|upkeep\n|turn|2\n|\n|t:|1788377849\n|move|p2b: Gengar|Protect|p2b: Gengar\n|-singleturn|p2b: Gengar|Protect\n|move|p2a: Incineroar|Protect|p2a: Incineroar\n|-singleturn|p2a: Incineroar|Protect\n|move|p1b: Kingambit|Sucker Punch||[still]\n|-fail|p1b: Kingambit\n|move|p1a: Basculegion|Wave Crash|p2a: Incineroar\n|-activate|p2a: Incineroar|move: Protect\n|\n|-start|p2b: Gengar|perish2\n|-start|p1a: Basculegion|perish2\n|-start|p1b: Kingambit|perish2\n|-start|p2a: Incineroar|perish2\n|upkeep\n|turn|3\n|\n|t:|1788377900\n|switch|p2b: Ninetales|Ninetales-Alola, L50, F|100/100\n|-weather|Snowscape|[from] ability: Snow Warning|[of] p2b: Ninetales\n|move|p1a: Basculegion|Wave Crash|p2b: Ninetales\n|-damage|p2b: Ninetales|0 fnt\n|faint|p2b: Ninetales\n|-damage|p1a: Basculegion|73/100|[from] Recoil\n|-damage|p1a: Basculegion|63/100|[from] item: Life Orb\n|move|p1b: Kingambit|Low Kick|p2a: Incineroar\n|-supereffective|p2a: Incineroar|1\n|-damage|p2a: Incineroar|31/100\n|move|p2a: Incineroar|Parting Shot|p1a: Basculegion\n|-unboost|p1a: Basculegion|atk|1\n|-unboost|p1a: Basculegion|spa|1\n|\n|t:|1788377918\n|switch|p2a: Gengar|Gengar-Mega, L50, M|100/100|[from] Parting Shot\n|\n|-weather|Snowscape|[upkeep]\n|-start|p1a: Basculegion|perish1\n|-start|p1b: Kingambit|perish1\n|upkeep\n|\n|t:|1788377920\n|switch|p2b: Incineroar|Incineroar, L50, F|31/100\n|-ability|p2b: Incineroar|Intimidate|boost\n|-unboost|p1a: Basculegion|atk|1\n|-unboost|p1b: Kingambit|atk|1\n|-ability|p1b: Kingambit|Defiant|boost\n|-boost|p1b: Kingambit|atk|2\n|turn|4\n|\n|t:|1788377936\n|switch|p1a: Whimsicott|Whimsicott, L50, M, shiny|100/100\n|move|p2b: Incineroar|Fake Out|p1b: Kingambit\n|-resisted|p1b: Kingambit|1\n|-damage|p1b: Kingambit|91/100\n|cant|p1b: Kingambit|flinch\n|move|p2a: Gengar|Shadow Ball|p1a: Whimsicott\n|-damage|p1a: Whimsicott|14/100\n|-unboost|p1a: Whimsicott|spd|1\n|\n|-weather|Snowscape|[upkeep]\n|-start|p1b: Kingambit|perish0\n|upkeep\n|faint|p1b: Kingambit\n|\n|t:|1788377973\n|switch|p1b: Garchomp|Garchomp, L50, F, shiny|100/100\n|turn|5\n|\n|t:|1788377985\n|switch|p2b: Basculegion|Basculegion, L50, M|100/100\n|move|p1a: Whimsicott|Protect|p1a: Whimsicott\n|-singleturn|p1a: Whimsicott|Protect\n|move|p1b: Garchomp|Earthquake|p2b: Basculegion|[spread] p2a,p2b\n|-activate|p1a: Whimsicott|move: Protect\n|-supereffective|p2a: Gengar|1\n|-damage|p2a: Gengar|28/100\n|-damage|p2b: Basculegion|60/100\n|move|p2a: Gengar|Shadow Ball|p1a: Whimsicott\n|-activate|p1a: Whimsicott|move: Protect\n|\n|-weather|Snowscape|[upkeep]\n|upkeep\n|turn|6\n|\n|t:|1788378038\n|move|p2b: Basculegion|Aqua Jet|p1a: Whimsicott\n|-resisted|p1a: Whimsicott|1\n|-damage|p1a: Whimsicott|0 fnt\n|faint|p1a: Whimsicott\n|move|p1b: Garchomp|Earthquake|p2b: Basculegion|[spread] p2a,p2b\n|-supereffective|p2a: Gengar|1\n|-damage|p2a: Gengar|0 fnt\n|-damage|p2b: Basculegion|13/100\n|faint|p2a: Gengar\n|\n|-weather|Snowscape|[upkeep]\n|upkeep\n|\n|t:|1788378047\n|switch|p1a: Basculegion|Basculegion, L50, M, shiny|63/100\n|switch|p2a: Incineroar|Incineroar, L50, F|31/100\n|-ability|p2a: Incineroar|Intimidate|boost\n|-unboost|p1a: Basculegion|atk|1\n|-unboost|p1b: Garchomp|atk|1\n|turn|7\n|\n|t:|1788378066\n|move|p1b: Garchomp|Protect|p1b: Garchomp\n|-singleturn|p1b: Garchomp|Protect\n|move|p1a: Basculegion|Protect|p1a: Basculegion\n|-singleturn|p1a: Basculegion|Protect\n|move|p2a: Incineroar|Protect|p2a: Incineroar\n|-singleturn|p2a: Incineroar|Protect\n|move|p2b: Basculegion|Last Respects|p1a: Basculegion\n|-activate|p1a: Basculegion|move: Protect\n|\n|-weather|none\n|upkeep\n|turn|8\n|c|☆yzuii|Ggs\n|\n|t:|1788378085\n|move|p1a: Basculegion|Aqua Jet|p2a: Incineroar\n|-supereffective|p2a: Incineroar|1\n|-enditem|p2a: Incineroar|Passho Berry|[eat]\n|-enditem|p2a: Incineroar|Passho Berry|[weaken]\n|-damage|p2a: Incineroar|13/100\n|-damage|p1a: Basculegion|54/100|[from] item: Life Orb\n|move|p1b: Garchomp|Earthquake|p2a: Incineroar|[spread] p1a,p2a,p2b\n|-supereffective|p2a: Incineroar|1\n|-damage|p1a: Basculegion|28/100\n|-damage|p2a: Incineroar|0 fnt\n|-damage|p2b: Basculegion|0 fnt\n|faint|p2a: Incineroar\n|faint|p2b: Basculegion\n|\n|win|fvevfvfv\n|c|☆fvevfvfv|ggs\n|l|☆yzuii\n|player|p2|\n","uploadtime":1788378321,"views":"11","formatid":"gen9championsvgc2026regmbbo3","rating":null,"private":0,"password":null}