{"id":"gen9championsvgc2026regmbbo3-2673787526","format":"[Gen 9 Champions] VGC 2026 Reg M-B (Bo3)","players":["CaratroncoSun","Chewe_60111"],"log":"|j|☆CaratroncoSun\n|j|☆Chewe_60111\n|html|<table width=\"100%\"><tr><td align=\"left\">CaratroncoSun</td><td align=\"right\">Chewe_60111</tr><tr><td align=\"left\"><i class=\"fa fa-circle-o\"></i> <i class=\"fa fa-circle-o\"></i> </td><td align=\"right\"><i class=\"fa fa-circle-o\"></i> <i class=\"fa fa-circle\"></i> </tr></table>\n|uhtml|bestof|<h2><strong>Game 2</strong> of <a href=\"/game-bestof3-gen9championsvgc2026regmbbo3-2673785610\">a best-of-3</a></h2>\n|t:|1788256604\n|gametype|doubles\n|player|p1|CaratroncoSun|170|1350\n|player|p2|Chewe_60111|1|1243\n|gen|9\n|tier|[Gen 9 Champions] VGC 2026 Reg M-B (Bo3)\n|rated|\n|rule|Species Clause: Limit one of each Pokémon\n|rule|Item Clause: Limit 1 of each item\n|clearpoke\n|poke|p1|Charizard, L50, F, shiny|\n|poke|p1|Venusaur, L50, F, shiny|\n|poke|p1|Whimsicott, L50, F, shiny|\n|poke|p1|Basculegion, L50, M|\n|poke|p1|Tyranitar, L50, M|\n|poke|p1|Mamoswine, L50, F|\n|poke|p2|Sneasler, L50, M|\n|poke|p2|Basculegion, L50, M|\n|poke|p2|Kingambit, L50, F|\n|poke|p2|Incineroar, L50, F|\n|poke|p2|Dragonite, L50, M|\n|poke|p2|Whimsicott, L50, M|\n|teampreview|4\n|showteam|p1|Charizard||CharizarditeY|Blaze|Protect,SolarBeam,HeatWave,AirSlash|Modest||F|||50|]Venusaur||WideLens|Chlorophyll|Protect,GigaDrain,EarthPower,SleepPowder|Modest||F|||50|]Whimsicott||FocusSash|Prankster|Protect,Moonblast,Tailwind,Encore|Timid||F|||50|]Basculegion||MysticWater|Adaptability|Protect,AquaJet,WaveCrash,LastRespects|Adamant||M|||50|]Tyranitar||Tyranitarite|SandStream|Protect,RockSlide,KnockOff,LowKick|Adamant||M|||50|]Mamoswine||LifeOrb|Oblivious|Protect,HighHorsepower,RockSlide,IceShard|Adamant||F|||50|\n|showteam|p2|Sneasler||WhiteHerb|PoisonTouch|FakeOut,CloseCombat,DireClaw,Coaching|Jolly||M|||50|]Basculegion||SitrusBerry|Adaptability|WaveCrash,LastRespects,AquaJet,Protect|Adamant||M|||50|]Kingambit||ChopleBerry|Defiant|KowtowCleave,SuckerPunch,IronHead,LowKick|Adamant||F|||50|]Incineroar||Leftovers|Intimidate|FakeOut,FlareBlitz,PartingShot,ThroatChop|Impish||F|||50|]Dragonite||Dragoninite|Multiscale|Roost,Thunderbolt,DragonPulse,HeatWave|Modest||M|||50|]Whimsicott||BrightPowder|Prankster|Tailwind,Moonblast,Encore,LightScreen|Bold||M|||50|\n|inactive|Battle timer is ON: inactive players will automatically lose when time's up. (requested by Chewe_60111)\n|\n|t:|1788256641\n|teamsize|p1|4\n|teamsize|p2|4\n|start\n|switch|p1a: Whimsicott|Whimsicott, L50, F, shiny|100/100\n|switch|p1b: Mamoswine|Mamoswine, L50, F|100/100\n|switch|p2a: Incineroar|Incineroar, L50, F|100/100\n|switch|p2b: Dragonite|Dragonite, L50, M|100/100\n|-ability|p2a: Incineroar|Intimidate|boost\n|-unboost|p1a: Whimsicott|atk|1\n|-fail|p1b: Mamoswine|unboost|Attack|[from] ability: Oblivious|[of] p1b: Mamoswine\n|turn|1\n|\n|t:|1788256661\n|switch|p1a: Tyranitar|Tyranitar, L50, M|100/100\n|-weather|Sandstorm|[from] ability: Sand Stream|[of] p1a: Tyranitar\n|detailschange|p2b: Dragonite|Dragonite-Mega, L50, M\n|-mega|p2b: Dragonite|Dragonite|Dragoninite\n|move|p1b: Mamoswine|Protect|p1b: Mamoswine\n|-singleturn|p1b: Mamoswine|Protect\n|move|p2a: Incineroar|Fake Out|p1b: Mamoswine\n|-activate|p1b: Mamoswine|move: Protect\n|move|p2b: Dragonite|Heat Wave|p1a: Tyranitar|[spread] p1a\n|-activate|p1b: Mamoswine|move: Protect\n|-resisted|p1a: Tyranitar|1\n|-damage|p1a: Tyranitar|90/100\n|\n|-weather|Sandstorm|[upkeep]\n|-damage|p2b: Dragonite|94/100|[from] Sandstorm\n|-damage|p2a: Incineroar|94/100|[from] Sandstorm\n|-heal|p2a: Incineroar|100/100|[from] item: Leftovers\n|upkeep\n|turn|2\n|inactive|Chewe_60111 has 30 seconds left.\n|inactive|Chewe_60111 has 20 seconds left.\n|inactive|CaratroncoSun has 30 seconds left.\n|inactive|Chewe_60111 has 15 seconds left.\n|inactive|Chewe_60111 has 10 seconds left.\n|\n|t:|1788256707\n|switch|p2b: Basculegion|Basculegion, L50, M|100/100\n|detailschange|p1a: Tyranitar|Tyranitar-Mega, L50, M\n|-mega|p1a: Tyranitar|Tyranitar|Tyranitarite\n|move|p1b: Mamoswine|High Horsepower|p2a: Incineroar\n|-supereffective|p2a: Incineroar|1\n|-damage|p2a: Incineroar|5/100\n|-damage|p1b: Mamoswine|90/100|[from] item: Life Orb\n|move|p1a: Tyranitar|Rock Slide|p2b: Basculegion|[spread] p2a,p2b\n|-supereffective|p2a: Incineroar|1\n|-damage|p2a: Incineroar|0 fnt\n|-damage|p2b: Basculegion|57/100\n|faint|p2a: Incineroar\n|\n|-weather|Sandstorm|[upkeep]\n|-damage|p2b: Basculegion|51/100|[from] Sandstorm\n|upkeep\n|\n|t:|1788256727\n|switch|p2a: Whimsicott|Whimsicott, L50, M|100/100\n|turn|3\n|\n|t:|1788256749\n|move|p1a: Tyranitar|Protect|p1a: Tyranitar\n|-singleturn|p1a: Tyranitar|Protect\n|move|p2a: Whimsicott|Tailwind|p2a: Whimsicott\n|-sidestart|p2: Chewe_60111|move: Tailwind\n|move|p1b: Mamoswine|Ice Shard|p2a: Whimsicott\n|-supereffective|p2a: Whimsicott|1\n|-damage|p2a: Whimsicott|32/100\n|-damage|p1b: Mamoswine|80/100|[from] item: Life Orb\n|move|p2b: Basculegion|Wave Crash|p1a: Tyranitar\n|-activate|p1a: Tyranitar|move: Protect\n|\n|-weather|Sandstorm|[upkeep]\n|-damage|p2a: Whimsicott|26/100|[from] Sandstorm\n|-damage|p2b: Basculegion|44/100|[from] Sandstorm\n|-enditem|p2b: Basculegion|Sitrus Berry|[eat]\n|-heal|p2b: Basculegion|69/100|[from] item: Sitrus Berry\n|upkeep\n|turn|4\n|inactive|Chewe_60111 has 30 seconds left.\n|inactive|Chewe_60111 has 20 seconds left.\n|\n|t:|1788256787\n|switch|p1a: Whimsicott|Whimsicott, L50, F, shiny|100/100\n|move|p1b: Mamoswine|Ice Shard|p2a: Whimsicott|[miss]\n|-miss|p1b: Mamoswine|p2a: Whimsicott\n|move|p2a: Whimsicott|Moonblast|p1a: Whimsicott\n|-damage|p1a: Whimsicott|53/100\n|move|p2b: Basculegion|Last Respects|p1b: Mamoswine\n|-damage|p1b: Mamoswine|0 fnt\n|faint|p1b: Mamoswine\n|\n|-weather|Sandstorm|[upkeep]\n|-damage|p2a: Whimsicott|20/100y|[from] Sandstorm\n|-damage|p2b: Basculegion|63/100|[from] Sandstorm\n|-damage|p1a: Whimsicott|47/100|[from] Sandstorm\n|upkeep\n|\n|t:|1788256801\n|switch|p1b: Basculegion|Basculegion, L50, M|100/100\n|turn|5\n|inactive|Chewe_60111 has 30 seconds left.\n|inactive|Chewe_60111 has 20 seconds left.\n|inactive|Chewe_60111 has 15 seconds left.\n|\n|t:|1788256843\n|switch|p2b: Dragonite|Dragonite-Mega, L50, M|94/100\n|move|p1a: Whimsicott|Tailwind|p1a: Whimsicott\n|-sidestart|p1: CaratroncoSun|move: Tailwind\n|move|p1b: Basculegion|Aqua Jet|p2a: Whimsicott\n|-resisted|p2a: Whimsicott|1\n|-damage|p2a: Whimsicott|2/100\n|move|p2a: Whimsicott|Moonblast|p1b: Basculegion\n|-damage|p1b: Basculegion|70/100\n|\n|-weather|none\n|upkeep\n|turn|6\n|inactive|CaratroncoSun has 30 seconds left.\n|inactive|Chewe_60111 has 30 seconds left.\n|\n|t:|1788256869\n|switch|p2a: Basculegion|Basculegion, L50, M|63/100\n|move|p1b: Basculegion|Aqua Jet|p2a: Basculegion\n|-resisted|p2a: Basculegion|1\n|-damage|p2a: Basculegion|47/100\n|move|p1a: Whimsicott|Moonblast|p2b: Dragonite\n|-supereffective|p2b: Dragonite|1\n|-damage|p2b: Dragonite|29/100\n|-unboost|p2b: Dragonite|spa|1\n|move|p2b: Dragonite|Thunderbolt|p1b: Basculegion\n|-supereffective|p1b: Basculegion|1\n|-damage|p1b: Basculegion|17/100\n|\n|-sideend|p2: Chewe_60111|move: Tailwind\n|upkeep\n|turn|7\n|inactive|Chewe_60111 has 30 seconds left.\n|\n|t:|1788256900\n|move|p2a: Basculegion|Aqua Jet|p1b: Basculegion\n|-resisted|p1b: Basculegion|1\n|-damage|p1b: Basculegion|0 fnt\n|faint|p1b: Basculegion\n|move|p1a: Whimsicott|Moonblast|p2b: Dragonite\n|-supereffective|p2b: Dragonite|1\n|-damage|p2b: Dragonite|0 fnt\n|faint|p2b: Dragonite\n|\n|upkeep\n|\n|t:|1788256909\n|switch|p1b: Tyranitar|Tyranitar-Mega, L50, M|90/100\n|switch|p2b: Whimsicott|Whimsicott, L50, M|2/100\n|-weather|Sandstorm|[from] ability: Sand Stream|[of] p1b: Tyranitar\n|turn|8\n|\n|t:|1788256933\n|move|p1a: Whimsicott|Encore|p2a: Basculegion\n|-start|p2a: Basculegion|Encore\n|move|p2b: Whimsicott|Tailwind|p2b: Whimsicott\n|-sidestart|p2: Chewe_60111|move: Tailwind\n|move|p2a: Basculegion|Aqua Jet|p1a: Whimsicott\n|-resisted|p1a: Whimsicott|1\n|-damage|p1a: Whimsicott|28/100\n|move|p1b: Tyranitar|Rock Slide|p2a: Basculegion|[spread] p2a,p2b\n|-damage|p2a: Basculegion|4/100\n|-damage|p2b: Whimsicott|0 fnt\n|faint|p2b: Whimsicott\n|\n|-weather|Sandstorm|[upkeep]\n|-damage|p1a: Whimsicott|22/100|[from] Sandstorm\n|-damage|p2a: Basculegion|0 fnt|[from] Sandstorm\n|faint|p2a: Basculegion\n|\n|win|CaratroncoSun\n","uploadtime":1788256933,"views":"5","formatid":"gen9championsvgc2026regmbbo3","rating":null,"private":0,"password":null}