{"id":"gen9championsvgc2026regmbbo3-2674365956","format":"[Gen 9 Champions] VGC 2026 Reg M-B (Bo3)","players":["aaronroopesh9","raksbach"],"log":"|j|☆aaronroopesh9\n|j|☆raksbach\n|html|<table width=\"100%\"><tr><td align=\"left\">aaronroopesh9</td><td align=\"right\">raksbach</tr><tr><td align=\"left\"><i class=\"fa fa-circle-o\"></i> <i class=\"fa fa-circle-o\"></i> </td><td align=\"right\"><i class=\"fa fa-circle-o\"></i> <i class=\"fa fa-circle-o\"></i> </tr></table>\n|uhtml|bestof|<h2><strong>Game 1</strong> of <a href=\"/game-bestof3-gen9championsvgc2026regmbbo3-2674365955\">a best-of-3</a></h2>\n|t:|1788349681\n|gametype|doubles\n|player|p1|aaronroopesh9|red|1094\n|player|p2|raksbach|doubleteam|1228\n|gen|9\n|tier|[Gen 9 Champions] VGC 2026 Reg M-B (Bo3)\n|rated|\n|rule|Species Clause: Limit one of each Pokémon\n|rule|Item Clause: Limit 1 of each item\n|clearpoke\n|poke|p1|Dragonite, L50, F|\n|poke|p1|Pelipper, L50, F|\n|poke|p1|Basculegion, L50, M|\n|poke|p1|Sinistcha-Masterpiece, L50|\n|poke|p1|Sableye, L50, M|\n|poke|p1|Archaludon, L50, M, shiny|\n|poke|p2|Dragonite, L50, F|\n|poke|p2|Sneasler, L50, M|\n|poke|p2|Basculegion, L50, M|\n|poke|p2|Kingambit, L50, M|\n|poke|p2|Garchomp, L50, F|\n|poke|p2|Floette-Eternal, L50, F|\n|teampreview|4\n|showteam|p1|Dragonite||Dragoninite|Multiscale|Hurricane,Thunder,Protect,WeatherBall|Timid||F|||50|]Pelipper||FocusSash|Drizzle|Tailwind,HelpingHand,WideGuard,MuddyWater|Calm||F|||50|]Basculegion||MysticWater|SwiftSwim|Protect,WaveCrash,FlipTurn,LastRespects|Adamant||M|||50|]Sinistcha-Masterpiece||SitrusBerry|Hospitality|RagePowder,MatchaGotcha,Protect,Reflect|Calm|||||50|]Sableye||MentalHerb|Prankster|FakeOut,RainDance,Taunt,Encore|Careful||M|||50|]Archaludon||Leftovers|Stamina|ElectroShot,DracoMeteor,HeavySlam,Protect|Calm||M|||50|\n|showteam|p2|Dragonite||Dragoninite|Multiscale|DragonPulse,HeatWave,ExtremeSpeed,Protect|Modest||F|||50|]Sneasler||FocusSash|PoisonTouch|CloseCombat,DireClaw,FakeOut,Feint|Jolly||M|||50|]Basculegion||LifeOrb|Adaptability|WaveCrash,LastRespects,AquaJet,Protect|Adamant||M|||50|]Kingambit||ChopleBerry|Defiant|SuckerPunch,KowtowCleave,LowKick,IronHead|Adamant||M|||50|]Garchomp||ChoiceScarf|RoughSkin|DragonClaw,StompingTantrum,Earthquake,RockSlide|Adamant||F|||50|]Floette-Eternal||Floettite|FlowerVeil|Moonblast,DazzlingGleam,LightofRuin,Protect|Timid||F|||50|\n|inactive|Battle timer is ON: inactive players will automatically lose when time's up. (requested by raksbach)\n|\n|t:|1788349702\n|teamsize|p1|4\n|teamsize|p2|4\n|start\n|switch|p1a: Fairy Serpent|Dragonite, L50, F|100/100\n|switch|p1b: Lightning Rod|Pelipper, L50, F|100/100\n|switch|p2a: Kingambit|Kingambit, L50, M|100/100\n|switch|p2b: Sneasler|Sneasler, L50, M|100/100\n|-weather|RainDance|[from] ability: Drizzle|[of] p1b: Lightning Rod\n|turn|1\n|\n|t:|1788349722\n|detailschange|p1a: Fairy Serpent|Dragonite-Mega, L50, F\n|-mega|p1a: Fairy Serpent|Dragonite|Dragoninite\n|move|p2b: Sneasler|Fake Out|p1b: Lightning Rod\n|-damage|p1b: Lightning Rod|84/100\n|-status|p1b: Lightning Rod|psn|[from] ability: Poison Touch|[of] p2b: Sneasler\n|move|p1a: Fairy Serpent|Hurricane|p2b: Sneasler\n|-supereffective|p2b: Sneasler|1\n|-enditem|p2b: Sneasler|Focus Sash\n|-damage|p2b: Sneasler|1/100\n|cant|p1b: Lightning Rod|flinch\n|move|p2a: Kingambit|Kowtow Cleave|p1b: Lightning Rod\n|-damage|p1b: Lightning Rod|36/100 psn\n|\n|-weather|RainDance|[upkeep]\n|-damage|p1b: Lightning Rod|24/100 psn|[from] psn\n|upkeep\n|turn|2\n|\n|t:|1788349746\n|move|p2b: Sneasler|Dire Claw|p1b: Lightning Rod\n|-damage|p1b: Lightning Rod|0 fnt\n|faint|p1b: Lightning Rod\n|move|p1a: Fairy Serpent|Thunder|p2a: Kingambit\n|-damage|p2a: Kingambit|67/100\n|-status|p2a: Kingambit|par\n|cant|p2a: Kingambit|par\n|\n|-weather|RainDance|[upkeep]\n|upkeep\n|c|☆raksbach|2% XD\n|\n|t:|1788349758\n|switch|p1b: Not a Prankster|Sableye, L50, M|100/100\n|turn|3\n|inactive|raksbach has 30 seconds left.\n|\n|t:|1788349791\n|move|p1b: Not a Prankster|Fake Out|p2b: Sneasler\n|-damage|p2b: Sneasler|0 fnt\n|faint|p2b: Sneasler\n|move|p1a: Fairy Serpent|Thunder|p2a: Kingambit\n|-damage|p2a: Kingambit|29/100 par\n|move|p2a: Kingambit|Kowtow Cleave|p1b: Not a Prankster\n|-damage|p1b: Not a Prankster|42/100\n|\n|-weather|RainDance|[upkeep]\n|upkeep\n|\n|t:|1788349810\n|switch|p2b: Dragonite|Dragonite, L50, F|100/100\n|turn|4\n|\n|t:|1788349822\n|detailschange|p2b: Dragonite|Dragonite-Mega, L50, F\n|-mega|p2b: Dragonite|Dragonite|Dragoninite\n|move|p2b: Dragonite|Protect|p2b: Dragonite\n|-singleturn|p2b: Dragonite|Protect\n|move|p1b: Not a Prankster|Encore|p2a: Kingambit\n|-hint|Since gen 7, Dark is immune to Prankster moves.\n|-immune|p2a: Kingambit\n|move|p1a: Fairy Serpent|Thunder|p2b: Dragonite\n|-activate|p2b: Dragonite|move: Protect\n|move|p2a: Kingambit|Kowtow Cleave|p1b: Not a Prankster\n|-damage|p1b: Not a Prankster|0 fnt\n|faint|p1b: Not a Prankster\n|\n|-weather|RainDance|[upkeep]\n|upkeep\n|\n|t:|1788349830\n|switch|p1b: Blue Gate|Archaludon, L50, M, shiny|100/100\n|turn|5\n|\n|t:|1788349849\n|move|p1a: Fairy Serpent|Thunder|p2a: Kingambit\n|-damage|p2a: Kingambit|0 fnt\n|faint|p2a: Kingambit\n|move|p2b: Dragonite|Dragon Pulse|p1a: Fairy Serpent\n|-supereffective|p1a: Fairy Serpent|1\n|-damage|p1a: Fairy Serpent|53/100\n|move|p1b: Blue Gate|Electro Shot||[still]\n|-prepare|p1b: Blue Gate|Electro Shot\n|-boost|p1b: Blue Gate|spa|1\n|-anim|p1b: Blue Gate|Electro Shot|p2b: Dragonite\n|-damage|p2b: Dragonite|78/100\n|\n|-weather|none\n|upkeep\n|\n|t:|1788349860\n|switch|p2a: Basculegion|Basculegion, L50, M|100/100\n|turn|6\n|\n|t:|1788349880\n|move|p1a: Fairy Serpent|Thunder|p2a: Basculegion\n|-supereffective|p2a: Basculegion|1\n|-crit|p2a: Basculegion\n|-damage|p2a: Basculegion|0 fnt\n|faint|p2a: Basculegion\n|move|p2b: Dragonite|Dragon Pulse|p1b: Blue Gate\n|-damage|p1b: Blue Gate|45/100\n|-ability|p1b: Blue Gate|Stamina|boost\n|-boost|p1b: Blue Gate|def|1\n|move|p1b: Blue Gate|Draco Meteor|p2b: Dragonite\n|-supereffective|p2b: Dragonite|1\n|-damage|p2b: Dragonite|0 fnt\n|-unboost|p1b: Blue Gate|spa|2\n|faint|p2b: Dragonite\n|\n|win|aaronroopesh9\n","uploadtime":1788349881,"views":"2","formatid":"gen9championsvgc2026regmbbo3","rating":null,"private":0,"password":null}