{"id":"gen9championsvgc2026regmbbo3-2673979398","format":"[Gen 9 Champions] VGC 2026 Reg M-B (Bo3)","players":["KingZeusVGC","Pawah"],"log":"|j|☆KingZeusVGC\n|j|☆Pawah\n|html|<table width=\"100%\"><tr><td align=\"left\">KingZeusVGC</td><td align=\"right\">Pawah</tr><tr><td align=\"left\"><i class=\"fa fa-circle\"></i> <i class=\"fa fa-circle-o\"></i> </td><td align=\"right\"><i class=\"fa fa-circle-o\"></i> <i class=\"fa fa-circle\"></i> </tr></table>\n|uhtml|bestof|<h2><strong>Game 3</strong> of <a href=\"/game-bestof3-gen9championsvgc2026regmbbo3-2673974522\">a best-of-3</a></h2>\n|t:|1788284274\n|gametype|doubles\n|player|p1|KingZeusVGC|blackbelt-gen4dp|1161\n|player|p2|Pawah|ethan|1234\n|gen|9\n|tier|[Gen 9 Champions] VGC 2026 Reg M-B (Bo3)\n|rated|\n|rule|Species Clause: Limit one of each Pokémon\n|rule|Item Clause: Limit 1 of each item\n|clearpoke\n|poke|p1|Farigiraf, L50, M|\n|poke|p1|Rhyperior, L50, F|\n|poke|p1|Blastoise, L50, M|\n|poke|p1|Hatterene, L50, F|\n|poke|p1|Pelipper, L50, M|\n|poke|p1|Kingambit, L50, F|\n|poke|p2|Froslass, L50, F|\n|poke|p2|Scovillain, L50, M, shiny|\n|poke|p2|Basculegion, L50, M|\n|poke|p2|Kingambit, L50, M|\n|poke|p2|Sneasler, L50, M|\n|poke|p2|Lycanroc-Dusk, L50, M|\n|teampreview|4\n|showteam|p1|Farigiraf||ColburBerry|ArmorTail|TrickRoom,Thunderbolt,TwinBeam,LightScreen|Relaxed||M|||50|]Rhyperior||LifeOrb|LightningRod|Protect,RockSlide,HighHorsepower,PoisonJab|Brave||F|||50|]Blastoise||Blastoisinite|RainDish|WaterSpout,FakeOut,DarkPulse,AuraSphere|Quiet||M|||50|]Hatterene||FocusSash|MagicBounce|TrickRoom,Psychic,DazzlingGleam,Protect|Quiet||F|||50|]Pelipper||SitrusBerry|Drizzle|Hurricane,WeatherBall,KnockOff,WideGuard|Quiet||M|||50|]Kingambit||ExpertBelt|Defiant|LowKick,KowtowCleave,IronHead,Protect|Brave||F|||50|\n|showteam|p2|Froslass||Froslassite|CursedBody|Blizzard,ShadowBall,AuroraVeil,Protect|Modest||F|||50|]Scovillain||Scovillainite|Moody|GigaDrain,Overheat,RagePowder,Protect|Bold||M|||50|]Basculegion||SitrusBerry|Adaptability|WaveCrash,LastRespects,AquaJet,Protect|Adamant||M|||50|]Kingambit||BlackGlasses|Defiant|KowtowCleave,SuckerPunch,SwordsDance,Protect|Adamant||M|||50|]Sneasler||WhiteHerb|Unburden|CloseCombat,GunkShot,Protect,FakeOut|Adamant||M|||50|]Lycanroc-Dusk||FocusSash|ToughClaws|CloseCombat,Accelerock,RockSlide,Protect|Adamant||M|||50|\n|inactive|Battle timer is ON: inactive players will automatically lose when time's up. (requested by Pawah)\n|\n|t:|1788284298\n|teamsize|p1|4\n|teamsize|p2|4\n|start\n|switch|p1a: Hatterene|Hatterene, L50, F|100/100\n|switch|p1b: Kingambit|Kingambit, L50, F|100/100\n|switch|p2a: Froslass|Froslass, L50, F|100/100\n|switch|p2b: Kingambit|Kingambit, L50, M|100/100\n|turn|1\n|\n|t:|1788284318\n|detailschange|p2a: Froslass|Froslass-Mega, L50, F\n|-mega|p2a: Froslass|Froslass|Froslassite\n|-weather|Snowscape|[from] ability: Snow Warning|[of] p2a: Froslass\n|move|p2a: Froslass|Shadow Ball|p1a: Hatterene\n|-supereffective|p1a: Hatterene|1\n|-damage|p1a: Hatterene|15/100\n|-unboost|p1a: Hatterene|spd|1\n|move|p2b: Kingambit|Kowtow Cleave|p1a: Hatterene\n|-damage|p1a: Hatterene|0 fnt\n|faint|p1a: Hatterene\n|move|p1b: Kingambit|Low Kick|p2b: Kingambit\n|-supereffective|p2b: Kingambit|2\n|-damage|p2b: Kingambit|0 fnt\n|faint|p2b: Kingambit\n|\n|-weather|Snowscape|[upkeep]\n|upkeep\n|\n|t:|1788284332\n|switch|p2b: Scovillain|Scovillain, L50, M, shiny|100/100\n|switch|p1a: Farigiraf|Farigiraf, L50, M|100/100\n|turn|2\n|\n|t:|1788284350\n|move|p2a: Froslass|Aurora Veil|p2a: Froslass\n|-sidestart|p2: Pawah|move: Aurora Veil\n|move|p2b: Scovillain|Overheat|p1b: Kingambit\n|-supereffective|p1b: Kingambit|1\n|-damage|p1b: Kingambit|21/100\n|-unboost|p2b: Scovillain|spa|2\n|move|p1b: Kingambit|Kowtow Cleave|p2a: Froslass\n|-supereffective|p2a: Froslass|1\n|-crit|p2a: Froslass\n|-damage|p2a: Froslass|0 fnt\n|faint|p2a: Froslass\n|move|p1a: Farigiraf|Trick Room|p1a: Farigiraf\n|-fieldstart|move: Trick Room|[of] p1a: Farigiraf\n|\n|-weather|Snowscape|[upkeep]\n|-ability|p2b: Scovillain|Moody|boost\n|-boost|p2b: Scovillain|spd|2\n|-unboost|p2b: Scovillain|def|1\n|upkeep\n|\n|t:|1788284357\n|switch|p2a: Basculegion|Basculegion, L50, M|100/100\n|turn|3\n|\n|t:|1788284380\n|move|p1b: Kingambit|Kowtow Cleave|p2a: Basculegion\n|-supereffective|p2a: Basculegion|1\n|-damage|p2a: Basculegion|34/100\n|-enditem|p2a: Basculegion|Sitrus Berry|[eat]\n|-heal|p2a: Basculegion|58/100|[from] item: Sitrus Berry\n|move|p1a: Farigiraf|Thunderbolt|p2a: Basculegion\n|-supereffective|p2a: Basculegion|1\n|-damage|p2a: Basculegion|30/100\n|move|p2a: Basculegion|Wave Crash|p1a: Farigiraf\n|-damage|p1a: Farigiraf|43/100\n|-damage|p2a: Basculegion|10/100|[from] Recoil\n|move|p2b: Scovillain|Giga Drain|p1a: Farigiraf\n|-damage|p1a: Farigiraf|30/100\n|\n|-weather|Snowscape|[upkeep]\n|-ability|p2b: Scovillain|Moody|boost\n|-boost|p2b: Scovillain|spd|2\n|-unboost|p2b: Scovillain|atk|1\n|upkeep\n|turn|4\n|\n|t:|1788284397\n|move|p2a: Basculegion|Protect|p2a: Basculegion\n|-singleturn|p2a: Basculegion|Protect\n|move|p1b: Kingambit|Kowtow Cleave|p2b: Scovillain\n|-damage|p2b: Scovillain|51/100\n|move|p1a: Farigiraf|Thunderbolt|p2a: Basculegion\n|-activate|p2a: Basculegion|move: Protect\n|move|p2b: Scovillain|Overheat|p1b: Kingambit|[miss]\n|-miss|p2b: Scovillain|p1b: Kingambit\n|\n|-weather|Snowscape|[upkeep]\n|-ability|p2b: Scovillain|Moody|boost\n|-boost|p2b: Scovillain|spe|2\n|-unboost|p2b: Scovillain|def|1\n|upkeep\n|turn|5\n|\n|t:|1788284407\n|move|p2a: Basculegion|Protect||[still]\n|-fail|p2a: Basculegion\n|move|p1b: Kingambit|Kowtow Cleave|p2b: Scovillain\n|-crit|p2b: Scovillain\n|-damage|p2b: Scovillain|0 fnt\n|faint|p2b: Scovillain\n|move|p1a: Farigiraf|Thunderbolt|p2a: Basculegion\n|-supereffective|p2a: Basculegion|1\n|-damage|p2a: Basculegion|0 fnt\n|faint|p2a: Basculegion\n|\n|win|KingZeusVGC\n|raw|KingZeusVGC's rating: 1161 &rarr; <strong>1191</strong><br />(+30 for winning)\n|raw|Pawah's rating: 1234 &rarr; <strong>1204</strong><br />(-30 for losing)\n","uploadtime":1788284407,"views":"0","formatid":"gen9championsvgc2026regmbbo3","rating":1191,"private":0,"password":null}