{"id":"gen9championsvgc2026regmbbo3-2673902478","format":"[Gen 9 Champions] VGC 2026 Reg M-B (Bo3)","players":["Ralph-LM","shadow193"],"log":"|j|☆Ralph-LM\n|j|☆shadow193\n|html|<table width=\"100%\"><tr><td align=\"left\">Ralph-LM</td><td align=\"right\">shadow193</tr><tr><td align=\"left\"><i class=\"fa fa-circle-o\"></i> <i class=\"fa fa-circle-o\"></i> </td><td align=\"right\"><i class=\"fa fa-circle-o\"></i> <i class=\"fa fa-circle-o\"></i> </tr></table>\n|uhtml|bestof|<h2><strong>Game 1</strong> of <a href=\"/game-bestof3-gen9championsvgc2026regmbbo3-2673902477\">a best-of-3</a></h2>\n|t:|1788275095\n|gametype|doubles\n|player|p1|Ralph-LM|proton|\n|player|p2|shadow193|veteran|\n|gen|9\n|tier|[Gen 9 Champions] VGC 2026 Reg M-B (Bo3)\n|rule|Species Clause: Limit one of each Pokémon\n|rule|Item Clause: Limit 1 of each item\n|clearpoke\n|poke|p1|Heracross, L50, F, shiny|\n|poke|p1|Clefable, L50, M, shiny|\n|poke|p1|Rotom-Heat, L50, shiny|\n|poke|p1|Meowscarada, L50, F|\n|poke|p1|Basculegion-F, L50, F|\n|poke|p1|Dragonite, L50, M|\n|poke|p2|Maushold-Four, L50|\n|poke|p2|Azumarill, L50, M|\n|poke|p2|Mawile, L50, F|\n|poke|p2|Farigiraf, L50, F|\n|poke|p2|Gallade, L50, M|\n|poke|p2|Camerupt, L50, M|\n|teampreview|4\n|showteam|p1|Heracross||Heracronite|Moxie|Detect,RockBlast,PinMissile,CloseCombat|Adamant||F|||50|]Clefable||Clefablite|Unaware|Protect,FollowMe,Moonblast,HelpingHand|Modest||M|||50|]Rotom-Heat||WhiteHerb|Levitate|Overheat,Thunderbolt,VoltSwitch,Protect|Modest|||||50|]Meowscarada||FocusSash|Protean|FlowerTrick,TripleAxel,KnockOff,Protect|Adamant||F|||50|]Basculegion-F||SitrusBerry|Adaptability|AquaJet,LastRespects,WaveCrash,Protect|Adamant||F|||50|]Dragonite||Dragoninite|Multiscale|Tailwind,AirSlash,DragonPulse,Protect|Modest||M|||50|\n|showteam|p2|Maushold-Four||WideLens|Technician|PopulationBomb,FollowMe,AfterYou,Protect|Jolly|||||50|]Azumarill||SitrusBerry|HugePower|AquaJet,PlayRough,Protect,BellyDrum|Brave||M|||50|]Mawile||Mawilite|HyperCutter|PlayRough,SuckerPunch,RockSlide,Protect|Brave||F|||50|]Farigiraf||ColburBerry|ArmorTail|HelpingHand,Psychic,Protect,TrickRoom|Sassy||F|||50|]Gallade||FocusSash|Sharpness|SacredSword,PsychoCut,LeafBlade,Protect|Adamant||M|||50|]Camerupt||Cameruptite|SolidRock|HeatWave,EarthPower,Protect,AncientPower|Quiet||M|||50|\n|\n|t:|1788275134\n|teamsize|p1|4\n|teamsize|p2|4\n|start\n|switch|p1a: Heracross|Heracross, L50, F, shiny|100/100\n|switch|p1b: Rotom|Rotom-Heat, L50, shiny|100/100\n|switch|p2a: Farigiraf|Farigiraf, L50, F|100/100\n|switch|p2b: Maushold|Maushold-Four, L50|100/100\n|turn|1\n|\n|t:|1788275158\n|detailschange|p1a: Heracross|Heracross-Mega, L50, F, shiny\n|-mega|p1a: Heracross|Heracross|Heracronite\n|move|p2b: Maushold|After You|p2a: Farigiraf\n|-activate|p2a: Farigiraf|move: After You\n|move|p2a: Farigiraf|Trick Room|p2a: Farigiraf\n|-fieldstart|move: Trick Room|[of] p2a: Farigiraf\n|move|p1a: Heracross|Close Combat|p2b: Maushold\n|-supereffective|p2b: Maushold|1\n|-damage|p2b: Maushold|0 fnt\n|-unboost|p1a: Heracross|def|1\n|-unboost|p1a: Heracross|spd|1\n|faint|p2b: Maushold\n|move|p1b: Rotom|Volt Switch|p2a: Farigiraf\n|-damage|p2a: Farigiraf|75/100\n|\n|t:|1788275172\n|switch|p1b: Basculegion|Basculegion-F, L50, F|100/100|[from] Volt Switch\n|\n|upkeep\n|\n|t:|1788275194\n|switch|p2b: Azumarill|Azumarill, L50, M|100/100\n|turn|2\n|\n|t:|1788275206\n|switch|p1a: Rotom|Rotom-Heat, L50, shiny|100/100\n|move|p2b: Azumarill|Belly Drum|p2b: Azumarill\n|-damage|p2b: Azumarill|50/100y\n|-setboost|p2b: Azumarill|atk|6|[from] move: Belly Drum\n|-enditem|p2b: Azumarill|Sitrus Berry|[eat]\n|-heal|p2b: Azumarill|74/100|[from] item: Sitrus Berry\n|move|p2a: Farigiraf|Psychic|p1a: Rotom\n|-damage|p1a: Rotom|62/100\n|move|p1b: Basculegion|Wave Crash|p2b: Azumarill\n|-resisted|p2b: Azumarill|1\n|-damage|p2b: Azumarill|42/100\n|-damage|p1b: Basculegion|89/100|[from] Recoil\n|\n|upkeep\n|turn|3\n|\n|t:|1788275240\n|switch|p2a: Mawile|Mawile, L50, F|100/100\n|move|p2b: Azumarill|Aqua Jet|p1a: Rotom\n|-supereffective|p1a: Rotom|1\n|-crit|p1a: Rotom\n|-damage|p1a: Rotom|0 fnt\n|faint|p1a: Rotom\n|move|p1b: Basculegion|Wave Crash|p2b: Azumarill\n|-resisted|p2b: Azumarill|1\n|-damage|p2b: Azumarill|7/100\n|-damage|p1b: Basculegion|77/100|[from] Recoil\n|\n|upkeep\n|\n|t:|1788275253\n|switch|p1a: Meowscarada|Meowscarada, L50, F|100/100\n|turn|4\n|\n|t:|1788275268\n|detailschange|p2a: Mawile|Mawile-Mega, L50, F\n|-mega|p2a: Mawile|Mawile|Mawilite\n|move|p1a: Meowscarada|Protect|p1a: Meowscarada\n|-start|p1a: Meowscarada|typechange|Normal|[from] ability: Protean\n|-singleturn|p1a: Meowscarada|Protect\n|move|p1b: Basculegion|Aqua Jet|p2b: Azumarill\n|-resisted|p2b: Azumarill|1\n|-damage|p2b: Azumarill|0 fnt\n|faint|p2b: Azumarill\n|move|p2a: Mawile|Rock Slide|p1a: Meowscarada|[spread] p1b\n|-activate|p1a: Meowscarada|move: Protect\n|-damage|p1b: Basculegion|41/100\n|-enditem|p1b: Basculegion|Sitrus Berry|[eat]\n|-heal|p1b: Basculegion|66/100|[from] item: Sitrus Berry\n|\n|upkeep\n|\n|t:|1788275276\n|switch|p2b: Farigiraf|Farigiraf, L50, F|75/100\n|turn|5\n|\n|t:|1788275290\n|move|p1b: Basculegion|Protect|p1b: Basculegion\n|-singleturn|p1b: Basculegion|Protect\n|move|p1a: Meowscarada|Protect|p1a: Meowscarada\n|-singleturn|p1a: Meowscarada|Protect\n|move|p2a: Mawile|Play Rough|p1a: Meowscarada\n|-activate|p1a: Meowscarada|move: Protect\n|move|p2b: Farigiraf|Psychic|p1a: Meowscarada\n|-activate|p1a: Meowscarada|move: Protect\n|\n|-fieldend|move: Trick Room\n|upkeep\n|turn|6\n|\n|t:|1788275306\n|move|p2a: Mawile|Sucker Punch|p1b: Basculegion\n|-supereffective|p1b: Basculegion|1\n|-damage|p1b: Basculegion|0 fnt\n|faint|p1b: Basculegion\n|move|p1a: Meowscarada|Flower Trick|p2b: Farigiraf\n|-crit|p2b: Farigiraf\n|-damage|p2b: Farigiraf|45/100\n|move|p2b: Farigiraf|Trick Room|p2b: Farigiraf\n|-fieldstart|move: Trick Room|[of] p2b: Farigiraf\n|\n|upkeep\n|\n|t:|1788275316\n|switch|p1b: Heracross|Heracross-Mega, L50, F, shiny|100/100\n|turn|7\n|\n|t:|1788275326\n|move|p1b: Heracross|Detect|p1b: Heracross\n|-singleturn|p1b: Heracross|Protect\n|move|p2a: Mawile|Play Rough|p1b: Heracross\n|-activate|p1b: Heracross|move: Protect\n|move|p2b: Farigiraf|Psychic|p1a: Meowscarada\n|-damage|p1a: Meowscarada|56/100\n|move|p1a: Meowscarada|Flower Trick|p2b: Farigiraf\n|-crit|p2b: Farigiraf\n|-damage|p2b: Farigiraf|16/100\n|\n|upkeep\n|turn|8\n|\n|t:|1788275341\n|move|p2a: Mawile|Play Rough|p1b: Heracross\n|-supereffective|p1b: Heracross|1\n|-damage|p1b: Heracross|0 fnt\n|faint|p1b: Heracross\n|move|p2b: Farigiraf|Psychic|p1a: Meowscarada\n|-damage|p1a: Meowscarada|11/100\n|move|p1a: Meowscarada|Flower Trick|p2b: Farigiraf\n|-crit|p2b: Farigiraf\n|-damage|p2b: Farigiraf|0 fnt\n|faint|p2b: Farigiraf\n|\n|upkeep\n|turn|9\n|\n|t:|1788275355\n|move|p1a: Meowscarada|Protect|p1a: Meowscarada\n|-singleturn|p1a: Meowscarada|Protect\n|move|p2a: Mawile|Play Rough|p1a: Meowscarada\n|-activate|p1a: Meowscarada|move: Protect\n|\n|upkeep\n|turn|10\n|\n|t:|1788275363\n|move|p1a: Meowscarada|Protect|p1a: Meowscarada\n|-singleturn|p1a: Meowscarada|Protect\n|move|p2a: Mawile|Rock Slide|p1a: Meowscarada\n|-activate|p1a: Meowscarada|move: Protect\n|\n|-fieldend|move: Trick Room\n|upkeep\n|turn|11\n|\n|t:|1788275371\n|move|p1a: Meowscarada|Protect||[still]\n|-fail|p1a: Meowscarada\n|move|p2a: Mawile|Sucker Punch||[still]\n|-fail|p2a: Mawile\n|\n|upkeep\n|turn|12\n|\n|t:|1788275380\n|move|p2a: Mawile|Protect|p2a: Mawile\n|-singleturn|p2a: Mawile|Protect\n|move|p1a: Meowscarada|Flower Trick|p2a: Mawile\n|-activate|p2a: Mawile|move: Protect\n|\n|upkeep\n|turn|13\n|\n|t:|1788275388\n|move|p1a: Meowscarada|Protect|p1a: Meowscarada\n|-singleturn|p1a: Meowscarada|Protect\n|move|p2a: Mawile|Sucker Punch||[still]\n|-fail|p2a: Mawile\n|\n|upkeep\n|turn|14\n|\n|t:|1788275394\n|move|p1a: Meowscarada|Protect||[still]\n|-fail|p1a: Meowscarada\n|move|p2a: Mawile|Play Rough|p1a: Meowscarada\n|-damage|p1a: Meowscarada|0 fnt\n|faint|p1a: Meowscarada\n|\n|win|shadow193\n","uploadtime":1788275394,"views":"0","formatid":"gen9championsvgc2026regmbbo3","rating":null,"private":0,"password":null}