{"id":"gen9championsvgc2026regmbbo3-2673578938","format":"[Gen 9 Champions] VGC 2026 Reg M-B (Bo3)","players":["DINOLONK","Lxtar17"],"log":"|j|☆DINOLONK\n|j|☆Lxtar17\n|html|<table width=\"100%\"><tr><td align=\"left\">DINOLONK</td><td align=\"right\">Lxtar17</tr><tr><td align=\"left\"><i class=\"fa fa-circle\"></i> <i class=\"fa fa-circle-o\"></i> </td><td align=\"right\"><i class=\"fa fa-circle-o\"></i> <i class=\"fa fa-circle-o\"></i> </tr></table>\n|uhtml|bestof|<h2><strong>Game 2</strong> of <a href=\"/game-bestof3-gen9championsvgc2026regmbbo3-2673577072\">a best-of-3</a></h2>\n|t:|1788216020\n|gametype|doubles\n|player|p1|DINOLONK|parasollady-gen4|1312\n|player|p2|Lxtar17|1|1238\n|gen|9\n|tier|[Gen 9 Champions] VGC 2026 Reg M-B (Bo3)\n|rated|\n|rule|Species Clause: Limit one of each Pokémon\n|rule|Item Clause: Limit 1 of each item\n|clearpoke\n|poke|p1|Dragonite, L50, M|\n|poke|p1|Sneasler, L50, M|\n|poke|p1|Kingambit, L50, F|\n|poke|p1|Basculegion, L50, M|\n|poke|p1|Whimsicott, L50, M|\n|poke|p1|Floette-Eternal, L50, F|\n|poke|p2|Aerodactyl, L50, M|\n|poke|p2|Kingambit, L50, F|\n|poke|p2|Charizard, L50, M|\n|poke|p2|Sylveon, L50, M|\n|poke|p2|Farigiraf, L50, M|\n|poke|p2|Garchomp, L50, M|\n|teampreview|4\n|showteam|p1|Dragonite||Dragoninite|InnerFocus|DragonPulse,HeatWave,Thunderbolt,Protect|Modest||M|||50|]Sneasler||WhiteHerb|Unburden|DireClaw,CloseCombat,RockSlide,FakeOut|Jolly||M|||50|]Kingambit||ChopleBerry|Defiant|KowtowCleave,SuckerPunch,LowKick,IronHead|Adamant||F|||50|]Basculegion||LifeOrb|Adaptability|WaveCrash,LastRespects,AquaJet,Protect|Adamant||M|||50|]Whimsicott||FocusSash|Prankster|Moonblast,Tailwind,Encore,Protect|Timid||M|||50|]Floette-Eternal||Floettite|FlowerVeil|Moonblast,DazzlingGleam,LightofRuin,Protect|Timid||F|||50|\n|showteam|p2|Aerodactyl||Aerodactylite|Unnerve|IceFang,RockSlide,Tailwind,DualWingbeat|Jolly||M|||50|]Kingambit||FocusSash|Defiant|SuckerPunch,KowtowCleave,IronHead,LowKick|Adamant||F|||50|]Charizard||CharizarditeY|SolarPower|Protect,WeatherBall,HeatWave,SolarBeam|Modest||M|||50|]Sylveon||FairyFeather|Pixilate|Protect,HyperVoice,QuickAttack,Yawn|Modest||M|||50|]Farigiraf||SitrusBerry|ArmorTail|TrickRoom,Protect,Thunderbolt,Psychic|Modest||M|||50|]Garchomp||LifeOrb|RoughSkin|Protect,RockTomb,Earthquake,DragonClaw|Jolly||M|||50|\n|inactive|Battle timer is ON: inactive players will automatically lose when time's up. (requested by DINOLONK)\n|\n|t:|1788216035\n|teamsize|p1|4\n|teamsize|p2|4\n|start\n|switch|p1a: Dragonite|Dragonite, L50, M|100/100\n|switch|p1b: Sneasler|Sneasler, L50, M|100/100\n|switch|p2a: Charizard|Charizard, L50, M|100/100\n|switch|p2b: Farigiraf|Farigiraf, L50, M|100/100\n|turn|1\n|\n|t:|1788216056\n|detailschange|p2a: Charizard|Charizard-Mega-Y, L50, M\n|-mega|p2a: Charizard|Charizard|Charizardite Y\n|-weather|SunnyDay|[from] ability: Drought|[of] p2a: Charizard\n|detailschange|p1a: Dragonite|Dragonite-Mega, L50, M\n|-mega|p1a: Dragonite|Dragonite|Dragoninite\n|move|p2a: Charizard|Protect|p2a: Charizard\n|-singleturn|p2a: Charizard|Protect\n|move|p1b: Sneasler|Rock Slide|p2a: Charizard|[spread] p2b\n|-activate|p2a: Charizard|move: Protect\n|-damage|p2b: Farigiraf|85/100\n|move|p1a: Dragonite|Heat Wave|p2b: Farigiraf|[spread] p2b\n|-activate|p2a: Charizard|move: Protect\n|-damage|p2b: Farigiraf|44/100\n|-enditem|p2b: Farigiraf|Sitrus Berry|[eat]\n|-heal|p2b: Farigiraf|69/100|[from] item: Sitrus Berry\n|move|p2b: Farigiraf|Trick Room|p2b: Farigiraf\n|-fieldstart|move: Trick Room|[of] p2b: Farigiraf\n|\n|-weather|SunnyDay|[upkeep]\n|upkeep\n|turn|2\n|\n|t:|1788216080\n|move|p2b: Farigiraf|Psychic|p1b: Sneasler\n|-supereffective|p1b: Sneasler|2\n|-damage|p1b: Sneasler|0 fnt\n|faint|p1b: Sneasler\n|move|p2a: Charizard|Heat Wave|p1a: Dragonite\n|-resisted|p1a: Dragonite|1\n|-damage|p1a: Dragonite|82/100\n|move|p1a: Dragonite|Thunderbolt|p2a: Charizard\n|-supereffective|p2a: Charizard|1\n|-damage|p2a: Charizard|31/100\n|\n|-weather|SunnyDay|[upkeep]\n|upkeep\n|\n|t:|1788216085\n|switch|p1b: Basculegion|Basculegion, L50, M|100/100\n|turn|3\n|\n|t:|1788216095\n|switch|p2a: Kingambit|Kingambit, L50, F|100/100\n|move|p1b: Basculegion|Protect|p1b: Basculegion\n|-singleturn|p1b: Basculegion|Protect\n|move|p2b: Farigiraf|Psychic|p1a: Dragonite\n|-damage|p1a: Dragonite|50/100g\n|-unboost|p1a: Dragonite|spd|1\n|move|p1a: Dragonite|Heat Wave|p2b: Farigiraf|[spread] p2a,p2b\n|-supereffective|p2a: Kingambit|1\n|-enditem|p2a: Kingambit|Focus Sash\n|-damage|p2a: Kingambit|1/100\n|-damage|p2b: Farigiraf|28/100\n|-status|p2b: Farigiraf|brn\n|\n|-weather|SunnyDay|[upkeep]\n|-damage|p2b: Farigiraf|22/100 brn|[from] brn\n|upkeep\n|turn|4\n|\n|t:|1788216117\n|switch|p2b: Sylveon|Sylveon, L50, M|100/100\n|switch|p1b: Kingambit|Kingambit, L50, F|100/100\n|move|p1a: Dragonite|Protect|p1a: Dragonite\n|-singleturn|p1a: Dragonite|Protect\n|move|p2a: Kingambit|Kowtow Cleave|p1b: Kingambit\n|-resisted|p1b: Kingambit|1\n|-crit|p1b: Kingambit\n|-damage|p1b: Kingambit|74/100\n|\n|-weather|SunnyDay|[upkeep]\n|upkeep\n|turn|5\n|inactive|DINOLONK has 30 seconds left.\n|inactive|Lxtar17 has 30 seconds left.\n|\n|t:|1788216154\n|switch|p2a: Charizard|Charizard-Mega-Y, L50, M|31/100\n|switch|p1a: Basculegion|Basculegion, L50, M|100/100\n|move|p1b: Kingambit|Iron Head|p2b: Sylveon\n|-supereffective|p2b: Sylveon|1\n|-damage|p2b: Sylveon|7/100\n|move|p2b: Sylveon|Hyper Voice|p1b: Kingambit|[spread] p1a,p1b\n|-damage|p1a: Basculegion|46/100\n|-damage|p1b: Kingambit|28/100\n|\n|-weather|none\n|-fieldend|move: Trick Room\n|upkeep\n|turn|6\n|inactive|DINOLONK has 30 seconds left.\n|\n|t:|1788216186\n|switch|p2b: Farigiraf|Farigiraf, L50, M|22/100 brn\n|move|p2a: Charizard|Heat Wave|p1a: Basculegion|[spread] p1b\n|-miss|p2a: Charizard|p1a: Basculegion\n|-supereffective|p1b: Kingambit|1\n|-crit|p1b: Kingambit\n|-damage|p1b: Kingambit|0 fnt\n|faint|p1b: Kingambit\n|move|p1a: Basculegion|Last Respects|p2a: Charizard\n|-damage|p2a: Charizard|0 fnt\n|faint|p2a: Charizard\n|-damage|p1a: Basculegion|36/100|[from] item: Life Orb\n|\n|-damage|p2b: Farigiraf|16/100 brn|[from] brn\n|upkeep\n|\n|t:|1788216201\n|switch|p2a: Sylveon|Sylveon, L50, M|7/100\n|switch|p1b: Dragonite|Dragonite-Mega, L50, M|50/100g\n|turn|7\n|\n|t:|1788216217\n|move|p1b: Dragonite|Protect|p1b: Dragonite\n|-singleturn|p1b: Dragonite|Protect\n|move|p2a: Sylveon|Protect|p2a: Sylveon\n|-singleturn|p2a: Sylveon|Protect\n|move|p1a: Basculegion|Wave Crash|p2b: Farigiraf\n|-damage|p2b: Farigiraf|0 fnt\n|faint|p2b: Farigiraf\n|-damage|p1a: Basculegion|30/100|[from] Recoil\n|-damage|p1a: Basculegion|20/100y|[from] item: Life Orb\n|\n|upkeep\n|\n|t:|1788216224\n|switch|p2b: Kingambit|Kingambit, L50, F|1/100\n|turn|8\n|\n|t:|1788216234\n|move|p1a: Basculegion|Aqua Jet|p2b: Kingambit\n|-damage|p2b: Kingambit|0 fnt\n|faint|p2b: Kingambit\n|-damage|p1a: Basculegion|10/100|[from] item: Life Orb\n|move|p1b: Dragonite|Thunderbolt|p2a: Sylveon\n|-damage|p2a: Sylveon|0 fnt\n|faint|p2a: Sylveon\n|\n|win|DINOLONK\n|raw|DINOLONK's rating: 1312 &rarr; <strong>1328</strong><br />(+16 for winning)\n|raw|Lxtar17's rating: 1238 &rarr; <strong>1218</strong><br />(-20 for losing)\n","uploadtime":1788216235,"views":"3","formatid":"gen9championsvgc2026regmbbo3","rating":1218,"private":0,"password":null}