{"id":"gen9championsvgc2026regmb-2674504685","format":"[Gen 9 Champions] VGC 2026 Reg M-B","players":["DominicGV","Zapdos79"],"log":"|j|☆DominicGV\n|j|☆Zapdos79\n|t:|1788367630\n|gametype|doubles\n|player|p1|DominicGV|waiter-gen4dp|1159\n|player|p2|Zapdos79|flannery|1213\n|gen|9\n|tier|[Gen 9 Champions] VGC 2026 Reg M-B\n|rated|\n|rule|Species Clause: Limit one of each Pokémon\n|rule|Item Clause: Limit 1 of each item\n|clearpoke\n|poke|p1|Charizard, L50, M|\n|poke|p1|Dedenne, L50, F|\n|poke|p1|Dragonite, L50, F|\n|poke|p1|Vileplume, L50, F|\n|poke|p1|Farigiraf, L50, F|\n|poke|p1|Incineroar, L50, M|\n|poke|p2|Espathra, L50, F|\n|poke|p2|Floette-Eternal, L50, F|\n|poke|p2|Charizard, L50, M|\n|poke|p2|Zoroark-Hisui, L50, M|\n|poke|p2|Sneasler, L50, F|\n|poke|p2|Kingambit, L50, M|\n|teampreview|4\n|inactive|Battle timer is ON: inactive players will automatically lose when time's up. (requested by DominicGV)\n|inactive|DominicGV has 60 seconds left.\n|inactive|Zapdos79 has 60 seconds left.\n|\n|t:|1788367684\n|teamsize|p1|4\n|teamsize|p2|4\n|start\n|switch|p1a: Charizard|Charizard, L50, M|100/100\n|switch|p1b: Dedenne|Dedenne, L50, F|100/100\n|switch|p2a: Espathra|Espathra, L50, F|100/100\n|switch|p2b: Sneasler|Sneasler, L50, F|100/100\n|turn|1\n|\n|t:|1788367707\n|detailschange|p1a: Charizard|Charizard-Mega-Y, L50, M\n|-mega|p1a: Charizard|Charizard|Charizardite Y\n|-weather|SunnyDay|[from] ability: Drought|[of] p1a: Charizard\n|move|p1b: Dedenne|Protect|p1b: Dedenne\n|-singleturn|p1b: Dedenne|Protect\n|move|p1a: Charizard|Protect|p1a: Charizard\n|-singleturn|p1a: Charizard|Protect\n|move|p2b: Sneasler|Fake Out|p1b: Dedenne\n|-activate|p1b: Dedenne|move: Protect\n|move|p2a: Espathra|Calm Mind|p2a: Espathra\n|-boost|p2a: Espathra|spa|1\n|-boost|p2a: Espathra|spd|1\n|\n|-weather|SunnyDay|[upkeep]\n|-ability|p2a: Espathra|Speed Boost|boost\n|-boost|p2a: Espathra|spe|1\n|upkeep\n|turn|2\n|\n|t:|1788367731\n|move|p2a: Espathra|Calm Mind|p2a: Espathra\n|-boost|p2a: Espathra|spa|1\n|-boost|p2a: Espathra|spd|1\n|move|p2b: Sneasler|Dire Claw|p1b: Dedenne\n|-supereffective|p1b: Dedenne|1\n|-enditem|p1b: Dedenne|Focus Sash\n|-damage|p1b: Dedenne|1/100\n|move|p1b: Dedenne|Entrainment|p1a: Charizard\n|-ability|p1a: Charizard|Plus|Drought|[from] move: Entrainment|[of] p1b: Dedenne\n|move|p1a: Charizard|Heat Wave|p2b: Sneasler|[spread] p2a,p2b\n|-crit|p2a: Espathra\n|-damage|p2a: Espathra|0 fnt\n|-damage|p2b: Sneasler|0 fnt\n|faint|p2a: Espathra\n|faint|p2b: Sneasler\n|\n|-weather|SunnyDay|[upkeep]\n|upkeep\n|\n|t:|1788367747\n|switch|p2b: Floette|Floette-Eternal, L50, F|100/100\n|switch|p2a: Floette|Floette-Eternal, L50, F|100/100\n|turn|3\n|inactive|DominicGV has 30 seconds left.\n|inactive|DominicGV has 20 seconds left.\n|\n|t:|1788367787\n|detailschange|p2a: Floette|Floette-Mega, L50, F\n|-mega|p2a: Floette|Floette|Floettite\n|-ability|p2a: Floette|Fairy Aura\n|move|p1a: Charizard|Protect|p1a: Charizard\n|-singleturn|p1a: Charizard|Protect\n|move|p2b: Floette|Hyper Voice|p1a: Charizard|[spread] p1b\n|-activate|p1a: Charizard|move: Protect\n|-damage|p1b: Dedenne|0 fnt\n|faint|p1b: Dedenne\n|move|p2a: Floette|Moonblast|p1a: Charizard\n|-activate|p1a: Charizard|move: Protect\n|\n|-weather|SunnyDay|[upkeep]\n|upkeep\n|\n|t:|1788367796\n|switch|p1b: Vileplume|Vileplume, L50, F|100/100\n|turn|4\n|\n|t:|1788367810\n|move|p1b: Vileplume|Sludge Bomb|p2a: Floette\n|-supereffective|p2a: Floette|1\n|-damage|p2a: Floette|37/100\n|-status|p2a: Floette|psn\n|move|p2b: Floette|Hyper Voice|p1b: Vileplume|[spread] p1a,p1b\n|-damage|p1a: Charizard|67/100\n|-damage|p1b: Vileplume|56/100\n|move|p1a: Charizard|Heat Wave|p2a: Floette|[spread] p2a,p2b\n|-damage|p2a: Floette|0 fnt\n|-enditem|p2b: Floette|Focus Sash\n|-damage|p2b: Floette|1/100\n|replace|p2b: Zoroark|Zoroark-Hisui, L50, M\n|-end|p2b: Zoroark|Illusion\n|faint|p2a: Floette\n|\n|-weather|SunnyDay|[upkeep]\n|upkeep\n|turn|5\n|c|☆Zapdos79|gg\n|\n|t:|1788367825\n|move|p1b: Vileplume|Giga Drain|p2b: Zoroark\n|-damage|p2b: Zoroark|0 fnt\n|-heal|p1b: Vileplume|57/100|[from] drain|[of] p2b: Zoroark\n|faint|p2b: Zoroark\n|\n|win|DominicGV\n|raw|DominicGV's rating: 1159 &rarr; <strong>1188</strong><br />(+29 for winning)\n|raw|Zapdos79's rating: 1213 &rarr; <strong>1184</strong><br />(-29 for losing)\n","uploadtime":1788367828,"views":"18","formatid":"gen9championsvgc2026regmb","rating":1184,"private":0,"password":null}