{"id":"gen9championsvgc2026regmbbo3-2673987229","format":"[Gen 9 Champions] VGC 2026 Reg M-B (Bo3)","players":["puli95","Cfoowl"],"log":"|j|☆puli95\n|j|☆Cfoowl\n|html|<table width=\"100%\"><tr><td align=\"left\">puli95</td><td align=\"right\">Cfoowl</tr><tr><td align=\"left\"><i class=\"fa fa-circle-o\"></i> <i class=\"fa fa-circle-o\"></i> </td><td align=\"right\"><i class=\"fa fa-circle-o\"></i> <i class=\"fa fa-circle\"></i> </tr></table>\n|uhtml|bestof|<h2><strong>Game 2</strong> of <a href=\"/game-bestof3-gen9championsvgc2026regmbbo3-2673983795\">a best-of-3</a></h2>\n|t:|1788285181\n|gametype|doubles\n|player|p1|puli95|blue|1163\n|player|p2|Cfoowl|265|1295\n|gen|9\n|tier|[Gen 9 Champions] VGC 2026 Reg M-B (Bo3)\n|rated|\n|rule|Species Clause: Limit one of each Pokémon\n|rule|Item Clause: Limit 1 of each item\n|clearpoke\n|poke|p1|Staraptor, L50, M|\n|poke|p1|Whimsicott, L50, F|\n|poke|p1|Lycanroc-Dusk, L50, M|\n|poke|p1|Milotic, L50, F|\n|poke|p1|Gholdengo, L50|\n|poke|p1|Incineroar, L50, M|\n|poke|p2|Scovillain, L50, F, shiny|\n|poke|p2|Basculegion, L50, M|\n|poke|p2|Kingambit, L50, F|\n|poke|p2|Sneasler, L50, M|\n|poke|p2|Lycanroc-Dusk, L50, M|\n|poke|p2|Froslass, L50, F, shiny|\n|teampreview|4\n|showteam|p1|Staraptor||Staraptite|Intimidate|CloseCombat,DualWingbeat,Roost,Protect|Jolly||M|||50|]Whimsicott||OccaBerry|Prankster|Moonblast,Tailwind,Charm,Protect|Timid||F|||50|]Lycanroc-Dusk||FocusSash|ToughClaws|RockSlide,Accelerock,CloseCombat,Protect|Adamant||M|||50|]Milotic||Leftovers|Competitive|Scald,IceBeam,LifeDew,Protect|Bold||F|||50|]Gholdengo||ExpertBelt|GoodasGold|MakeItRain,ShadowBall,NastyPlot,Protect|Modest|||||50|]Incineroar||PasshoBerry|Intimidate|FlareBlitz,ThroatChop,FakeOut,PartingShot|Careful||M|||50|\n|showteam|p2|Scovillain||Scovillainite|Moody|GigaDrain,Overheat,RagePowder,Protect|Bold||F|||50|]Basculegion||LifeOrb|Adaptability|WaveCrash,LastRespects,AquaJet,Protect|Adamant||M|||50|]Kingambit||BlackGlasses|Defiant|KowtowCleave,SuckerPunch,SwordsDance,Protect|Adamant||F|||50|]Sneasler||WhiteHerb|Unburden|CloseCombat,DireClaw,Protect,FakeOut|Adamant||M|||50|]Lycanroc-Dusk||FocusSash|ToughClaws|CloseCombat,Accelerock,RockSlide,Protect|Adamant||M|||50|]Froslass||Froslassite|CursedBody|Blizzard,ShadowBall,AuroraVeil,Protect|Timid||F|||50|\n|inactive|Battle timer is ON: inactive players will automatically lose when time's up. (requested by Cfoowl)\n|\n|t:|1788285208\n|teamsize|p1|4\n|teamsize|p2|4\n|start\n|switch|p1a: Lycanroc|Lycanroc-Dusk, L50, M|100/100\n|switch|p1b: Gholdengo|Gholdengo, L50|100/100\n|switch|p2a: Froslass|Froslass, L50, F, shiny|100/100\n|switch|p2b: Sneasler|Sneasler, L50, M|100/100\n|turn|1\n|\n|t:|1788285222\n|switch|p2a: Kingambit|Kingambit, L50, F|100/100\n|switch|p1b: Whimsicott|Whimsicott, L50, F|100/100\n|move|p2b: Sneasler|Fake Out|p1a: Lycanroc\n|-resisted|p1a: Lycanroc|1\n|-damage|p1a: Lycanroc|88/100\n|cant|p1a: Lycanroc|flinch\n|\n|upkeep\n|turn|2\n|inactive|puli95 has 30 seconds left.\n|\n|t:|1788285252\n|move|p2b: Sneasler|Close Combat|p1a: Lycanroc\n|-supereffective|p1a: Lycanroc|1\n|-damage|p1a: Lycanroc|0 fnt\n|-unboost|p2b: Sneasler|def|1\n|-unboost|p2b: Sneasler|spd|1\n|faint|p1a: Lycanroc\n|-enditem|p2b: Sneasler|White Herb\n|-clearnegativeboost|p2b: Sneasler|[silent]\n|move|p1b: Whimsicott|Moonblast|p2a: Kingambit\n|-damage|p2a: Kingambit|71/100\n|move|p2a: Kingambit|Swords Dance|p2a: Kingambit\n|-boost|p2a: Kingambit|atk|2\n|\n|upkeep\n|inactive|puli95 has 30 seconds left.\n|\n|t:|1788285279\n|switch|p1a: Staraptor|Staraptor, L50, M|100/100\n|-ability|p1a: Staraptor|Intimidate|boost\n|-unboost|p2a: Kingambit|atk|1\n|-ability|p2a: Kingambit|Defiant|boost\n|-boost|p2a: Kingambit|atk|2\n|-unboost|p2b: Sneasler|atk|1\n|turn|3\n|\n|t:|1788285294\n|detailschange|p1a: Staraptor|Staraptor-Mega, L50, M\n|-mega|p1a: Staraptor|Staraptor|Staraptite\n|move|p1b: Whimsicott|Charm|p1a: Staraptor\n|-boost|p1a: Staraptor|atk|2\n|move|p2a: Kingambit|Sucker Punch|p1a: Staraptor\n|-resisted|p1a: Staraptor|1\n|-damage|p1a: Staraptor|43/100\n|move|p2b: Sneasler|Dire Claw|p1b: Whimsicott\n|-supereffective|p1b: Whimsicott|2\n|-damage|p1b: Whimsicott|0 fnt\n|faint|p1b: Whimsicott\n|move|p1a: Staraptor|Close Combat|p2a: Kingambit\n|-supereffective|p2a: Kingambit|2\n|-damage|p2a: Kingambit|0 fnt\n|-boost|p1a: Staraptor|def|1\n|-boost|p1a: Staraptor|spd|1\n|faint|p2a: Kingambit\n|\n|upkeep\n|\n|t:|1788285309\n|switch|p1b: Gholdengo|Gholdengo, L50|100/100\n|switch|p2a: Froslass|Froslass, L50, F, shiny|100/100\n|turn|4\n|inactive|Cfoowl has 30 seconds left.\n|inactive|Cfoowl has 20 seconds left.\n|inactive|Cfoowl has 15 seconds left.\n|\n|t:|1788285353\n|move|p2a: Froslass|Protect|p2a: Froslass\n|-singleturn|p2a: Froslass|Protect\n|move|p2b: Sneasler|Close Combat|p1a: Staraptor\n|-resisted|p1a: Staraptor|1\n|-damage|p1a: Staraptor|31/100\n|-unboost|p2b: Sneasler|def|1\n|-unboost|p2b: Sneasler|spd|1\n|move|p1a: Staraptor|Roost|p1a: Staraptor\n|-heal|p1a: Staraptor|81/100\n|-singleturn|p1a: Staraptor|move: Roost\n|move|p1b: Gholdengo|Nasty Plot|p1b: Gholdengo\n|-boost|p1b: Gholdengo|spa|2\n|\n|upkeep\n|turn|5\n|\n|t:|1788285370\n|detailschange|p2a: Froslass|Froslass-Mega, L50, F, shiny\n|-mega|p2a: Froslass|Froslass|Froslassite\n|-weather|Snowscape|[from] ability: Snow Warning|[of] p2a: Froslass\n|move|p2b: Sneasler|Close Combat|p1a: Staraptor\n|-resisted|p1a: Staraptor|1\n|-damage|p1a: Staraptor|67/100\n|-unboost|p2b: Sneasler|def|1\n|-unboost|p2b: Sneasler|spd|1\n|move|p2a: Froslass|Blizzard|p1a: Staraptor|[spread] p1a,p1b\n|-supereffective|p1a: Staraptor|1\n|-resisted|p1b: Gholdengo|1\n|-damage|p1a: Staraptor|9/100\n|-damage|p1b: Gholdengo|78/100\n|move|p1a: Staraptor|Dual Wingbeat|p2b: Sneasler\n|-supereffective|p2b: Sneasler|1\n|-damage|p2b: Sneasler|0 fnt\n|faint|p2b: Sneasler\n|-hitcount|p2: Sneasler|1\n|move|p1b: Gholdengo|Shadow Ball|p2a: Froslass\n|-supereffective|p2a: Froslass|1\n|-damage|p2a: Froslass|0 fnt\n|faint|p2a: Froslass\n|\n|-weather|Snowscape|[upkeep]\n|upkeep\n|\n|t:|1788285383\n|switch|p2b: Basculegion|Basculegion, L50, M|100/100\n|turn|6\n|\n|t:|1788285393\n|move|p1a: Staraptor|Roost|p1a: Staraptor\n|-heal|p1a: Staraptor|59/100\n|-singleturn|p1a: Staraptor|move: Roost\n|move|p1b: Gholdengo|Shadow Ball|p2b: Basculegion\n|-supereffective|p2b: Basculegion|1\n|-damage|p2b: Basculegion|0 fnt\n|faint|p2b: Basculegion\n|\n|win|puli95\n||Cfoowl is ready for game 3.\n||puli95 is ready for game 3.\n|uhtml|next|Next: <a href=\"/battle-gen9championsvgc2026regmbbo3-2673989171\"><strong>Game 3 of 3</strong></a>\n","uploadtime":1788285403,"views":"0","formatid":"gen9championsvgc2026regmbbo3","rating":null,"private":0,"password":null}