{"id":"gen9championsvgc2026regmb-2674768379","format":"[Gen 9 Champions] VGC 2026 Reg M-B","players":["olyrral2","LadiesLoveCdog"],"log":"|j|☆olyrral2\n|j|☆LadiesLoveCdog\n|t:|1788403213\n|gametype|doubles\n|player|p1|olyrral2|unknown|1587\n|player|p2|LadiesLoveCdog|elesa|1631\n|gen|9\n|tier|[Gen 9 Champions] VGC 2026 Reg M-B\n|rated|\n|rule|Species Clause: Limit one of each Pokémon\n|rule|Item Clause: Limit 1 of each item\n|clearpoke\n|poke|p1|Charizard, L50, M|\n|poke|p1|Venusaur, L50, M|\n|poke|p1|Pelipper, L50, M|\n|poke|p1|Swampert, L50, M|\n|poke|p1|Archaludon, L50, M|\n|poke|p1|Grimmsnarl, L50, M|\n|poke|p2|Froslass, L50, F|\n|poke|p2|Basculegion, L50, M|\n|poke|p2|Kingambit, L50, M|\n|poke|p2|Sneasler, L50, F|\n|poke|p2|Lycanroc-Dusk, L50, M|\n|poke|p2|Scovillain, L50, M|\n|teampreview|4\n|inactive|Battle timer is ON: inactive players will automatically lose when time's up. (requested by LadiesLoveCdog)\n|inactive|LadiesLoveCdog has 60 seconds left.\n|\n|t:|1788403267\n|teamsize|p1|4\n|teamsize|p2|4\n|start\n|switch|p1a: Charizard|Charizard, L50, M|100/100\n|switch|p1b: Venusaur|Venusaur, L50, M|100/100\n|switch|p2a: Lycanroc|Lycanroc-Dusk, L50, M|100/100\n|switch|p2b: Kingambit|Kingambit, L50, M|100/100\n|turn|1\n|\n|t:|1788403287\n|detailschange|p1a: Charizard|Charizard-Mega-Y, L50, M\n|-mega|p1a: Charizard|Charizard|Charizardite Y\n|-weather|SunnyDay|[from] ability: Drought|[of] p1a: Charizard\n|move|p2a: Lycanroc|Protect|p2a: Lycanroc\n|-singleturn|p2a: Lycanroc|Protect\n|move|p1a: Charizard|Protect|p1a: Charizard\n|-singleturn|p1a: Charizard|Protect\n|move|p1b: Venusaur|Sleep Powder|p2a: Lycanroc\n|-activate|p2a: Lycanroc|move: Protect\n|move|p2b: Kingambit|Kowtow Cleave|p1b: Venusaur\n|-damage|p1b: Venusaur|26/100\n|\n|-weather|SunnyDay|[upkeep]\n|upkeep\n|turn|2\n|\n|t:|1788403308\n|move|p1b: Venusaur|Protect|p1b: Venusaur\n|-singleturn|p1b: Venusaur|Protect\n|move|p2a: Lycanroc|Accelerock|p1b: Venusaur\n|-activate|p1b: Venusaur|move: Protect\n|move|p1a: Charizard|Weather Ball|p2b: Kingambit\n|-supereffective|p2b: Kingambit|1\n|-damage|p2b: Kingambit|0 fnt\n|faint|p2b: Kingambit\n|\n|-weather|SunnyDay|[upkeep]\n|upkeep\n|\n|t:|1788403317\n|switch|p2b: Froslass|Froslass, L50, F|100/100\n|turn|3\n|inactive|olyrral2 has 30 seconds left.\n|\n|t:|1788403349\n|switch|p1a: Archaludon|Archaludon, L50, M|100/100\n|detailschange|p2b: Froslass|Froslass-Mega, L50, F\n|-mega|p2b: Froslass|Froslass|Froslassite\n|-weather|Snowscape|[from] ability: Snow Warning|[of] p2b: Froslass\n|move|p1b: Venusaur|Protect||[still]\n|-fail|p1b: Venusaur\n|move|p2a: Lycanroc|Accelerock|p1b: Venusaur\n|-damage|p1b: Venusaur|0 fnt\n|faint|p1b: Venusaur\n|move|p2b: Froslass|Aurora Veil|p2b: Froslass\n|-sidestart|p2: LadiesLoveCdog|move: Aurora Veil\n|\n|-weather|Snowscape|[upkeep]\n|upkeep\n|\n|t:|1788403356\n|switch|p1b: Pelipper|Pelipper, L50, M|100/100\n|-weather|RainDance|[from] ability: Drizzle|[of] p1b: Pelipper\n|turn|4\n|\n|t:|1788403373\n|move|p1a: Archaludon|Protect|p1a: Archaludon\n|-singleturn|p1a: Archaludon|Protect\n|move|p2b: Froslass|Shadow Ball|p1a: Archaludon\n|-activate|p1a: Archaludon|move: Protect\n|move|p2a: Lycanroc|Close Combat|p1a: Archaludon\n|-activate|p1a: Archaludon|move: Protect\n|move|p1b: Pelipper|Tailwind|p1b: Pelipper\n|-sidestart|p1: olyrral2|move: Tailwind\n|\n|-weather|RainDance|[upkeep]\n|upkeep\n|turn|5\n|\n|t:|1788403398\n|switch|p2b: Sneasler|Sneasler, L50, F|100/100\n|move|p1a: Archaludon|Electro Shot||[still]\n|-prepare|p1a: Archaludon|Electro Shot\n|-boost|p1a: Archaludon|spa|1\n|-anim|p1a: Archaludon|Electro Shot|p2b: Sneasler\n|-damage|p2b: Sneasler|57/100\n|move|p1b: Pelipper|Weather Ball|p2b: Sneasler\n|-damage|p2b: Sneasler|10/100\n|move|p2a: Lycanroc|Close Combat|p1a: Archaludon\n|-supereffective|p1a: Archaludon|1\n|-damage|p1a: Archaludon|23/100\n|-unboost|p2a: Lycanroc|def|1\n|-unboost|p2a: Lycanroc|spd|1\n|-ability|p1a: Archaludon|Stamina|boost\n|-boost|p1a: Archaludon|def|1\n|\n|-weather|RainDance|[upkeep]\n|-heal|p1a: Archaludon|29/100|[from] item: Leftovers\n|upkeep\n|turn|6\n|\n|t:|1788403417\n|switch|p2a: Froslass|Froslass-Mega, L50, F|100/100\n|-weather|Snowscape|[from] ability: Snow Warning|[of] p2a: Froslass\n|move|p1a: Archaludon|Protect|p1a: Archaludon\n|-singleturn|p1a: Archaludon|Protect\n|move|p2b: Sneasler|Fake Out|p1b: Pelipper\n|-damage|p1b: Pelipper|84/100\n|cant|p1b: Pelipper|flinch\n|\n|-weather|Snowscape|[upkeep]\n|-heal|p1a: Archaludon|35/100|[from] item: Leftovers\n|upkeep\n|turn|7\n|inactive|olyrral2 has 30 seconds left.\n|\n|t:|1788403445\n|move|p1a: Archaludon|Flash Cannon|p2b: Sneasler\n|-damage|p2b: Sneasler|0 fnt\n|faint|p2b: Sneasler\n|move|p1b: Pelipper|Weather Ball|p2a: Froslass\n|-resisted|p2a: Froslass|1\n|-damage|p2a: Froslass|90/100\n|move|p2a: Froslass|Blizzard|p1a: Archaludon|[spread] p1a,p1b\n|-damage|p1a: Archaludon|0 fnt\n|-damage|p1b: Pelipper|26/100\n|-enditem|p1b: Pelipper|Sitrus Berry|[eat]\n|-heal|p1b: Pelipper|51/100|[from] item: Sitrus Berry\n|faint|p1a: Archaludon\n|\n|-weather|Snowscape|[upkeep]\n|-sideend|p1: olyrral2|move: Tailwind\n|-sideend|p2: LadiesLoveCdog|move: Aurora Veil\n|upkeep\n|\n|t:|1788403458\n|switch|p2b: Lycanroc|Lycanroc-Dusk, L50, M|100/100\n|switch|p1a: Charizard|Charizard-Mega-Y, L50, M|100/100\n|-weather|SunnyDay|[from] ability: Drought|[of] p1a: Charizard\n|turn|8\n|\n|t:|1788403474\n|move|p2a: Froslass|Shadow Ball|p1b: Pelipper\n|-damage|p1b: Pelipper|0 fnt\n|faint|p1b: Pelipper\n|move|p2b: Lycanroc|Rock Slide|p1a: Charizard\n|-supereffective|p1a: Charizard|2\n|-damage|p1a: Charizard|0 fnt\n|faint|p1a: Charizard\n|\n|win|LadiesLoveCdog\n|raw|olyrral2's rating: 1587 &rarr; <strong>1570</strong><br />(-17 for losing)\n|raw|LadiesLoveCdog's rating: 1631 &rarr; <strong>1648</strong><br />(+17 for winning)\n|c|☆LadiesLoveCdog|gg\n","uploadtime":1788403487,"views":"5","formatid":"gen9championsvgc2026regmb","rating":1570,"private":0,"password":null}