{"id":"gen9championsvgc2026regmbbo3-2673867108","format":"[Gen 9 Champions] VGC 2026 Reg M-B (Bo3)","players":["humania1","pucheeltuerto"],"log":"|j|☆humania1\n|j|☆pucheeltuerto\n|html|<table width=\"100%\"><tr><td align=\"left\">humania1</td><td align=\"right\">pucheeltuerto</tr><tr><td align=\"left\"><i class=\"fa fa-circle-o\"></i> <i class=\"fa fa-circle-o\"></i> </td><td align=\"right\"><i class=\"fa fa-circle-o\"></i> <i class=\"fa fa-circle\"></i> </tr></table>\n|uhtml|bestof|<h2><strong>Game 2</strong> of <a href=\"/game-bestof3-gen9championsvgc2026regmbbo3-2673864489\">a best-of-3</a></h2>\n|t:|1788270669\n|gametype|doubles\n|player|p1|humania1|265|1022\n|player|p2|pucheeltuerto|roxie|1000\n|gen|9\n|tier|[Gen 9 Champions] VGC 2026 Reg M-B (Bo3)\n|rated|\n|rule|Species Clause: Limit one of each Pokémon\n|rule|Item Clause: Limit 1 of each item\n|clearpoke\n|poke|p1|Blastoise, L50, M|\n|poke|p1|Delphox, L50, M, shiny|\n|poke|p1|Incineroar, L50, M|\n|poke|p1|Sinistcha, L50|\n|poke|p1|Sneasler, L50, F|\n|poke|p1|Vivillon, L50, M|\n|poke|p2|Camerupt, L50, M|\n|poke|p2|Empoleon, L50, M|\n|poke|p2|Farigiraf, L50, M|\n|poke|p2|Sylveon, L50, M|\n|poke|p2|Umbreon, L50, M|\n|poke|p2|Snorlax, L50, F|\n|teampreview|4\n|showteam|p1|Blastoise||Blastoisinite|Torrent|Protect,ShellSmash,WaterSpout,DarkPulse|Modest||M|||50|]Delphox||Delphoxite|Blaze|Protect,HeatWave,Psyshock,NastyPlot|Timid||M|||50|]Incineroar||PasshoBerry|Intimidate|FakeOut,PartingShot,FlareBlitz,ThroatChop|Impish||M|||50|]Sinistcha||SitrusBerry|Hospitality|Protect,MatchaGotcha,TrickRoom,RagePowder|Bold|||||50|]Sneasler||FocusSash|PoisonTouch|QuickGuard,FakeOut,CloseCombat,DireClaw|Jolly||F|||50|]Vivillon||ChoiceScarf|CompoundEyes|Hurricane,SleepPowder,RagePowder,Uturn|Timid||M|||50|\n|showteam|p2|Camerupt||Cameruptite|MagmaArmor|SolarBeam,Protect,EarthPower,HeatWave|Modest||M|||50|]Empoleon||ShucaBerry|Competitive|Surf,IceBeam,Protect,FlashCannon|Modest||M|||50|]Farigiraf||FocusSash|ArmorTail|TrickRoom,Psyshock,Protect,HelpingHand|Sassy||M|||50|]Sylveon||FairyFeather|Pixilate|Detect,Wish,HyperBeam,HyperVoice|Modest||M|||50|]Umbreon||Leftovers|InnerFocus|FoulPlay,Yawn,Detect,Moonlight|Relaxed||M|||50|]Snorlax||SitrusBerry|ThickFat|Protect,Curse,BodySlam,HammerArm|Brave||F|||50|\n|inactive|Battle timer is ON: inactive players will automatically lose when time's up. (requested by humania1)\n|\n|t:|1788270691\n|teamsize|p1|4\n|teamsize|p2|4\n|start\n|switch|p1a: Incineroar|Incineroar, L50, M|100/100\n|switch|p1b: Sinistcha|Sinistcha, L50|100/100\n|switch|p2a: Farigiraf|Farigiraf, L50, M|100/100\n|switch|p2b: Empoleon|Empoleon, L50, M|100/100\n|-ability|p1a: Incineroar|Intimidate|boost\n|-unboost|p2a: Farigiraf|atk|1\n|-unboost|p2b: Empoleon|atk|1\n|-ability|p2b: Empoleon|Competitive|boost\n|-boost|p2b: Empoleon|spa|2\n|turn|1\n|\n|t:|1788270709\n|move|p2a: Farigiraf|Protect|p2a: Farigiraf\n|-singleturn|p2a: Farigiraf|Protect\n|move|p1a: Incineroar|Throat Chop|p2a: Farigiraf\n|-activate|p2a: Farigiraf|move: Protect\n|move|p1b: Sinistcha|Matcha Gotcha|p2b: Empoleon|[spread] p2b\n|-activate|p2a: Farigiraf|move: Protect\n|-damage|p2b: Empoleon|75/100\n|-status|p2b: Empoleon|brn\n|move|p2b: Empoleon|Surf|p1a: Incineroar|[spread] p1a,p1b\n|-activate|p2a: Farigiraf|move: Protect\n|-supereffective|p1a: Incineroar|1\n|-enditem|p1a: Incineroar|Passho Berry|[eat]\n|-enditem|p1a: Incineroar|Passho Berry|[weaken]\n|-resisted|p1b: Sinistcha|1\n|-damage|p1a: Incineroar|31/100\n|-damage|p1b: Sinistcha|69/100\n|\n|-damage|p2b: Empoleon|70/100 brn|[from] brn\n|upkeep\n|turn|2\n|\n|t:|1788270734\n|move|p1b: Sinistcha|Protect|p1b: Sinistcha\n|-singleturn|p1b: Sinistcha|Protect\n|move|p1a: Incineroar|Flare Blitz|p2b: Empoleon\n|-damage|p2b: Empoleon|17/100 brn\n|-damage|p1a: Incineroar|15/100|[from] Recoil\n|move|p2b: Empoleon|Ice Beam|p1b: Sinistcha\n|-activate|p1b: Sinistcha|move: Protect\n|move|p2a: Farigiraf|Trick Room|p2a: Farigiraf\n|-fieldstart|move: Trick Room|[of] p2a: Farigiraf\n|\n|-damage|p2b: Empoleon|12/100 brn|[from] brn\n|upkeep\n|turn|3\n|\n|t:|1788270754\n|switch|p1b: Sneasler|Sneasler, L50, F|100/100\n|move|p2a: Farigiraf|Psyshock|p1a: Incineroar\n|-immune|p1a: Incineroar\n|move|p2b: Empoleon|Ice Beam|p1b: Sneasler\n|-damage|p1b: Sneasler|20/100y\n|move|p1a: Incineroar|Throat Chop|p2b: Empoleon\n|-damage|p2b: Empoleon|0 fnt\n|faint|p2b: Empoleon\n|\n|upkeep\n|\n|t:|1788270766\n|switch|p2b: Umbreon|Umbreon, L50, M|100/100\n|turn|4\n|\n|t:|1788270782\n|move|p2a: Farigiraf|Psyshock|p1b: Sneasler\n|-supereffective|p1b: Sneasler|2\n|-damage|p1b: Sneasler|0 fnt\n|faint|p1b: Sneasler\n|move|p2b: Umbreon|Foul Play|p1a: Incineroar\n|-resisted|p1a: Incineroar|1\n|-damage|p1a: Incineroar|1/100\n|move|p1a: Incineroar|Throat Chop|p2a: Farigiraf\n|-supereffective|p2a: Farigiraf|1\n|-damage|p2a: Farigiraf|23/100\n|-start|p2a: Farigiraf|Throat Chop|[silent]\n|\n|upkeep\n|\n|t:|1788270782\n|switch|p1b: Vivillon|Vivillon, L50, M|100/100\n|turn|5\n|inactive|pucheeltuerto has 30 seconds left.\n|\n|t:|1788270812\n|move|p2a: Farigiraf|Psyshock|p1b: Vivillon\n|-damage|p1b: Vivillon|21/100\n|move|p2b: Umbreon|Foul Play|p1a: Incineroar\n|-resisted|p1a: Incineroar|1\n|-crit|p1a: Incineroar\n|-damage|p1a: Incineroar|0 fnt\n|faint|p1a: Incineroar\n|move|p1b: Vivillon|U-turn|p2a: Farigiraf\n|-supereffective|p2a: Farigiraf|1\n|-damage|p2a: Farigiraf|0 fnt\n|faint|p2a: Farigiraf\n|\n|t:|1788270812\n|switch|p1b: Sinistcha|Sinistcha, L50|69/100|[from] U-turn\n|\n|upkeep\n|\n|t:|1788270830\n|switch|p2a: Camerupt|Camerupt, L50, M|100/100\n|switch|p1a: Vivillon|Vivillon, L50, M|21/100\n|turn|6\n|\n|t:|1788270843\n|detailschange|p2a: Camerupt|Camerupt-Mega, L50, M\n|-mega|p2a: Camerupt|Camerupt|Cameruptite\n|move|p2a: Camerupt|Heat Wave|p1b: Sinistcha|[spread] p1a,p1b\n|-supereffective|p1a: Vivillon|1\n|-supereffective|p1b: Sinistcha|1\n|-damage|p1a: Vivillon|0 fnt\n|-damage|p1b: Sinistcha|0 fnt\n|faint|p1a: Vivillon\n|faint|p1b: Sinistcha\n|\n|win|pucheeltuerto\n|raw|humania1's rating: 1022 &rarr; <strong>1008</strong><br />(-14 for losing)\n|raw|pucheeltuerto's rating: 1000 &rarr; <strong>1043</strong><br />(+43 for winning)\n","uploadtime":1788270843,"views":"5","formatid":"gen9championsvgc2026regmbbo3","rating":1008,"private":0,"password":null}