{"id":"gen9championsvgc2026regmb-2674218696","format":"[Gen 9 Champions] VGC 2026 Reg M-B","players":["Kzrov","kroacky"],"log":"|j|☆Kzrov\n|j|☆kroacky\n|t:|1788317391\n|gametype|doubles\n|player|p1|Kzrov|veteran|1049\n|player|p2|kroacky|169|1091\n|gen|9\n|tier|[Gen 9 Champions] VGC 2026 Reg M-B\n|rated|\n|rule|Species Clause: Limit one of each Pokémon\n|rule|Item Clause: Limit 1 of each item\n|clearpoke\n|poke|p1|Whimsicott, L50, F|\n|poke|p1|Garchomp, L50, M|\n|poke|p1|Charizard, L50, M|\n|poke|p1|Basculegion, L50, M|\n|poke|p1|Kingambit, L50, F|\n|poke|p1|Floette-Eternal, L50, F|\n|poke|p2|Wyrdeer, L50, M|\n|poke|p2|Sneasler, L50, M|\n|poke|p2|Scovillain, L50, F|\n|poke|p2|Basculegion, L50, M|\n|poke|p2|Sylveon, L50, F|\n|poke|p2|Garchomp, L50, M|\n|teampreview|4\n|inactive|Battle timer is ON: inactive players will automatically lose when time's up. (requested by Kzrov)\n|inactive|kroacky has 60 seconds left.\n|\n|t:|1788317437\n|teamsize|p1|4\n|teamsize|p2|4\n|start\n|switch|p1a: Whimsicott|Whimsicott, L50, F|100/100\n|switch|p1b: Garchomp|Garchomp, L50, M|100/100\n|switch|p2a: Sneasler|Sneasler, L50, M|100/100\n|switch|p2b: Wyrdeer|Wyrdeer, L50, M|100/100\n|-ability|p2b: Wyrdeer|Intimidate|boost\n|-unboost|p1a: Whimsicott|atk|1\n|-unboost|p1b: Garchomp|atk|1\n|turn|1\n|inactive|Kzrov has 30 seconds left.\n|inactive|Kzrov has 20 seconds left.\n|inactive|Kzrov has 15 seconds left.\n|\n|t:|1788317478\n|move|p1a: Whimsicott|Protect|p1a: Whimsicott\n|-singleturn|p1a: Whimsicott|Protect\n|move|p2a: Sneasler|Coaching|p2b: Wyrdeer\n|-boost|p2b: Wyrdeer|atk|1\n|-boost|p2b: Wyrdeer|def|1\n|move|p1b: Garchomp|Rock Slide|p2a: Sneasler|[spread] p2a,p2b\n|-resisted|p2a: Sneasler|1\n|-damage|p2a: Sneasler|85/100\n|-damage|p2b: Wyrdeer|89/100\n|-damage|p1b: Garchomp|90/100|[from] item: Life Orb\n|move|p2b: Wyrdeer|Trick Room|p2b: Wyrdeer\n|-fieldstart|move: Trick Room|[of] p2b: Wyrdeer\n|\n|-heal|p2b: Wyrdeer|95/100|[from] item: Leftovers\n|upkeep\n|turn|2\n|inactive|Kzrov has 30 seconds left.\n|inactive|kroacky has 30 seconds left.\n|\n|t:|1788317510\n|switch|p2a: Scovillain|Scovillain, L50, F|100/100\n|move|p2b: Wyrdeer|Protect|p2b: Wyrdeer\n|-singleturn|p2b: Wyrdeer|Protect\n|move|p1a: Whimsicott|Encore|p2b: Wyrdeer\n|-activate|p2b: Wyrdeer|move: Protect\n|move|p1b: Garchomp|Stomping Tantrum|p2a: Scovillain\n|-damage|p2a: Scovillain|53/100\n|-damage|p1b: Garchomp|80/100|[from] item: Life Orb\n|\n|-heal|p2b: Wyrdeer|100/100|[from] item: Leftovers\n|upkeep\n|turn|3\n|\n|t:|1788317534\n|switch|p2b: Basculegion|Basculegion, L50, M|100/100\n|detailschange|p2a: Scovillain|Scovillain-Mega, L50, F\n|-mega|p2a: Scovillain|Scovillain|Scovillainite\n|move|p1a: Whimsicott|Encore||[still]\n|-fail|p1a: Whimsicott\n|move|p2a: Scovillain|Overheat|p1a: Whimsicott\n|-supereffective|p1a: Whimsicott|1\n|-enditem|p1a: Whimsicott|Focus Sash\n|-damage|p1a: Whimsicott|1/100\n|-unboost|p2a: Scovillain|spa|2\n|move|p1b: Garchomp|Rock Slide|p2a: Scovillain|[spread] p2a,p2b\n|-supereffective|p2a: Scovillain|1\n|-damage|p2a: Scovillain|12/100\n|-damage|p2b: Basculegion|80/100\n|-status|p1b: Garchomp|brn|[from] ability: Spicy Spray|[of] p2a: Scovillain\n|-damage|p1b: Garchomp|71/100 brn|[from] item: Life Orb\n|\n|-damage|p1b: Garchomp|65/100 brn|[from] brn\n|upkeep\n|turn|4\n|inactive|Kzrov has 30 seconds left.\n|inactive|kroacky has 30 seconds left.\n|\n|t:|1788317562\n|move|p1a: Whimsicott|Protect|p1a: Whimsicott\n|-singleturn|p1a: Whimsicott|Protect\n|move|p2a: Scovillain|Spicy Extract|p2b: Basculegion\n|-boost|p2b: Basculegion|atk|2\n|-unboost|p2b: Basculegion|def|2\n|move|p2b: Basculegion|Wave Crash|p1b: Garchomp\n|-damage|p1b: Garchomp|0 fnt\n|-damage|p2b: Basculegion|68/100|[from] ability: Rough Skin|[of] p1b: Garchomp\n|faint|p1b: Garchomp\n|-damage|p2b: Basculegion|47/100|[from] Recoil\n|-enditem|p2b: Basculegion|Sitrus Berry|[eat]\n|-heal|p2b: Basculegion|72/100|[from] item: Sitrus Berry\n|\n|upkeep\n|\n|t:|1788317577\n|switch|p1b: Charizard|Charizard, L50, M|100/100\n|turn|5\n|\n|t:|1788317586\n|switch|p1a: Basculegion|Basculegion, L50, M|100/100\n|move|p1b: Charizard|Protect|p1b: Charizard\n|-singleturn|p1b: Charizard|Protect\n|move|p2a: Scovillain|Rage Powder|p2a: Scovillain\n|-singleturn|p2a: Scovillain|move: Rage Powder\n|move|p2b: Basculegion|Aqua Jet|p1a: Basculegion\n|-resisted|p1a: Basculegion|1\n|-crit|p1a: Basculegion\n|-damage|p1a: Basculegion|48/100\n|\n|-fieldend|move: Trick Room\n|upkeep\n|turn|6\n|\n|t:|1788317599\n|detailschange|p1b: Charizard|Charizard-Mega-Y, L50, M\n|-mega|p1b: Charizard|Charizard|Charizardite Y\n|-weather|SunnyDay|[from] ability: Drought|[of] p1b: Charizard\n|move|p2a: Scovillain|Rage Powder|p2a: Scovillain\n|-singleturn|p2a: Scovillain|move: Rage Powder\n|move|p2b: Basculegion|Aqua Jet|p1a: Basculegion\n|-resisted|p1a: Basculegion|1\n|-damage|p1a: Basculegion|34/100\n|move|p1b: Charizard|Heat Wave|p2b: Basculegion|[spread] p2a,p2b\n|-resisted|p2b: Basculegion|1\n|-damage|p2a: Scovillain|0 fnt\n|-damage|p2b: Basculegion|39/100\n|faint|p2a: Scovillain\n|move|p1a: Basculegion|Last Respects|p2b: Basculegion\n|-supereffective|p2b: Basculegion|1\n|-damage|p2b: Basculegion|0 fnt\n|faint|p2b: Basculegion\n|\n|-weather|SunnyDay|[upkeep]\n|upkeep\n|\n|t:|1788317604\n|switch|p2b: Wyrdeer|Wyrdeer, L50, M|100/100\n|switch|p2a: Sneasler|Sneasler, L50, M|85/100\n|-ability|p2b: Wyrdeer|Intimidate|boost\n|-unboost|p1a: Basculegion|atk|1\n|-unboost|p1b: Charizard|atk|1\n|turn|7\n|\n|t:|1788317625\n|move|p2a: Sneasler|Rock Slide|p1a: Basculegion|[spread] p1a,p1b\n|-supereffective|p1b: Charizard|2\n|-damage|p1a: Basculegion|11/100\n|-damage|p1b: Charizard|7/100\n|move|p1b: Charizard|Heat Wave|p2b: Wyrdeer|[spread] p2a,p2b\n|-damage|p2a: Sneasler|5/100\n|-damage|p2b: Wyrdeer|54/100\n|move|p1a: Basculegion|Last Respects|p2a: Sneasler\n|-damage|p2a: Sneasler|0 fnt\n|faint|p2a: Sneasler\n|move|p2b: Wyrdeer|Psyshield Bash|p1a: Basculegion\n|-damage|p1a: Basculegion|0 fnt\n|-boost|p2b: Wyrdeer|def|1\n|faint|p1a: Basculegion\n|\n|-weather|SunnyDay|[upkeep]\n|-heal|p2b: Wyrdeer|60/100|[from] item: Leftovers\n|upkeep\n|\n|t:|1788317632\n|switch|p1a: Whimsicott|Whimsicott, L50, F|1/100\n|turn|8\n|\n|t:|1788317649\n|move|p1a: Whimsicott|Moonblast|p2b: Wyrdeer\n|-damage|p2b: Wyrdeer|28/100\n|move|p1b: Charizard|Weather Ball|p2b: Wyrdeer\n|-damage|p2b: Wyrdeer|0 fnt\n|faint|p2b: Wyrdeer\n|\n|win|Kzrov\n|raw|Kzrov's rating: 1049 &rarr; <strong>1086</strong><br />(+37 for winning)\n|raw|kroacky's rating: 1091 &rarr; <strong>1065</strong><br />(-26 for losing)\n|l|☆kroacky\n|player|p2|\n","uploadtime":1788317655,"views":"0","formatid":"gen9championsvgc2026regmb","rating":1065,"private":0,"password":null}