{"id":"gen9championsvgc2026regmb-2673873187","format":"[Gen 9 Champions] VGC 2026 Reg M-B","players":["Xanndy12","DripDrop1"],"log":"|j|☆Xanndy12\n|j|☆DripDrop1\n|html|<table width=\"100%\"><tr><td align=\"left\">Xanndy12</td><td align=\"right\">DripDrop1</tr><tr><td align=\"left\"><i class=\"fa fa-circle-o\"></i> <i class=\"fa fa-circle-o\"></i> </td><td align=\"right\"><i class=\"fa fa-circle-o\"></i> <i class=\"fa fa-circle-o\"></i> </tr></table>\n|uhtml|bestof|<h2><strong>Game 1</strong> of <a href=\"/game-bestof3-gen9championsvgc2026regmb-2673873186\">a best-of-3</a></h2>\n|t:|1788271475\n|gametype|doubles\n|player|p1|Xanndy12|hilbert|\n|player|p2|DripDrop1|miku-flying|\n|gen|9\n|tier|[Gen 9 Champions] VGC 2026 Reg M-B\n|rule|Species Clause: Limit one of each Pokémon\n|rule|Item Clause: Limit 1 of each item\n|raw|<div class=\"infobox\"><details class=\"readmore\" open><summary><strong>1 custom rule:</strong></summary> Best of = 3</details></div>\n|clearpoke\n|poke|p1|Arcanine, L50, M|\n|poke|p1|Tauros-Paldea-Combat, L50, M, shiny|\n|poke|p1|Oranguru, L50, M|\n|poke|p1|Steelix, L50, M|\n|poke|p1|Dragonite, L50, M|\n|poke|p1|Froslass, L50, F|\n|poke|p2|Venusaur, L50, F|\n|poke|p2|Golurk, L50|\n|poke|p2|Glimmora, L50, F|\n|poke|p2|Klefki, L50, F|\n|poke|p2|Mr. Rime, L50, F, shiny|\n|poke|p2|Audino, L50, M|\n|teampreview|4\n|inactive|Battle timer is ON: inactive players will automatically lose when time's up. (requested by DripDrop1)\n|c|☆DripDrop1|glhf\nDripDrop1 rejected open team sheets.\n|c|☆Xanndy12|glhf!!\n|inactiveoff|Battle timer is now OFF.\n|\n|t:|1788271546\n|teamsize|p1|4\n|teamsize|p2|4\n|start\n|switch|p1a: Odin|Tauros-Paldea-Combat, L50, M, shiny|100/100\n|switch|p1b: Skadi|Froslass, L50, F|100/100\n|switch|p2a: Glimmora|Glimmora, L50, F|100/100\n|switch|p2b: Audino|Audino, L50, M|100/100\n|turn|1\n|\n|t:|1788271564\n|detailschange|p2a: Glimmora|Glimmora-Mega, L50, F\n|-mega|p2a: Glimmora|Glimmora|Glimmoranite\n|move|p1b: Skadi|Frost Breath|p1a: Odin\n|-crit|p1a: Odin\n|-damage|p1a: Odin|73/100\n|-setboost|p1a: Odin|atk|6|[from] ability: Anger Point\n|move|p1a: Odin|High Horsepower|p2a: Glimmora\n|-supereffective|p2a: Glimmora|2\n|-damage|p2a: Glimmora|0 fnt\n|faint|p2a: Glimmora\n|move|p2b: Audino|Trick Room|p2b: Audino\n|-fieldstart|move: Trick Room|[of] p2b: Audino\n|\n|upkeep\n|c|☆DripDrop1|OH NO\n|\n|t:|1788271575\n|switch|p2a: Klefki|Klefki, L50, F|100/100\n|turn|2\n|\n|t:|1788271600\n|detailschange|p1b: Skadi|Froslass-Mega, L50, F\n|-mega|p1b: Skadi|Froslass|Froslassite\n|-weather|Snowscape|[from] ability: Snow Warning|[of] p1b: Skadi\n|move|p2b: Audino|Rain Dance|p2b: Audino\n|-weather|RainDance\n|move|p2a: Klefki|Dazzling Gleam|p1b: Skadi|[spread] p1a,p1b\n|-supereffective|p1a: Odin|1\n|-damage|p1a: Odin|25/100\n|-damage|p1b: Skadi|80/100\n|-enditem|p1a: Odin|Sitrus Berry|[eat]\n|-heal|p1a: Odin|50/100g|[from] item: Sitrus Berry\n|move|p1a: Odin|Raging Bull|p2b: Audino\n|-supereffective|p2b: Audino|1\n|-enditem|p2b: Audino|Chople Berry|[eat]\n|-enditem|p2b: Audino|Chople Berry|[weaken]\n|-damage|p2b: Audino|0 fnt\n|faint|p2b: Audino\n|move|p1b: Skadi|Aurora Veil||[still]\n|-fail|p1b: Skadi\n|\n|-weather|RainDance|[upkeep]\n|upkeep\n|\n|t:|1788271610\n|switch|p2b: Golurk|Golurk, L50|100/100\n|turn|3\n|\n|t:|1788271642\n|switch|p1b: Thor|Dragonite, L50, M|100/100\n|move|p1a: Odin|Protect|p1a: Odin\n|-singleturn|p1a: Odin|Protect\n|move|p2b: Golurk|Poltergeist||[still]\n|-fail|p2b: Golurk\n|move|p2a: Klefki|Flash Cannon|p1b: Thor\n|-damage|p1b: Thor|88/100\n|\n|-weather|RainDance|[upkeep]\n|upkeep\n|turn|4\n|\n|t:|1788271668\n|move|p2b: Golurk|Poltergeist||[still]\n|-fail|p2b: Golurk\n|move|p2a: Klefki|Dazzling Gleam|p1a: Odin|[spread] p1a,p1b\n|-supereffective|p1a: Odin|1\n|-supereffective|p1b: Thor|1\n|-damage|p1a: Odin|6/100\n|-damage|p1b: Thor|52/100\n|move|p1b: Thor|Stomping Tantrum|p2a: Klefki\n|-supereffective|p2a: Klefki|1\n|-damage|p2a: Klefki|26/100\n|move|p1a: Odin|High Horsepower|p2a: Klefki\n|-supereffective|p2a: Klefki|1\n|-crit|p2a: Klefki\n|-damage|p2a: Klefki|0 fnt\n|faint|p2a: Klefki\n|\n|-weather|RainDance|[upkeep]\n|upkeep\n|turn|5\n|c|☆DripDrop1|I fogot\n|c|☆Xanndy12|Yeah, sitrus lol\n|\n|t:|1788271696\n|move|p1b: Thor|Protect|p1b: Thor\n|-singleturn|p1b: Thor|Protect\n|move|p1a: Odin|Protect|p1a: Odin\n|-singleturn|p1a: Odin|Protect\n|move|p2b: Golurk|Poltergeist||[still]\n|-fail|p2b: Golurk\n|\n|-weather|RainDance|[upkeep]\n|-fieldend|move: Trick Room\n|upkeep\n|turn|6\n|\n|t:|1788271712\n|move|p1a: Odin|High Horsepower|p2b: Golurk\n|-damage|p2b: Golurk|1/100\n|move|p1b: Thor|Stomping Tantrum|p2b: Golurk\n|-damage|p2b: Golurk|0 fnt\n|faint|p2b: Golurk\n|\n|win|Xanndy12\n||DripDrop1 is ready for game 2.\n||Xanndy12 is ready for game 2.\n|uhtml|next|Next: <a href=\"/battle-gen9championsvgc2026regmb-2673875142\"><strong>Game 2 of 3</strong></a>\n","uploadtime":1788272200,"views":"10","formatid":"gen9championsvgc2026regmb","rating":null,"private":0,"password":null}