{"id":"gen9championsvgc2026regmbbo3-2673644956","format":"[Gen 9 Champions] VGC 2026 Reg M-B (Bo3)","players":["miyoshi4","bernardomgj"],"log":"|j|☆miyoshi4\n|j|☆bernardomgj\n|html|<table width=\"100%\"><tr><td align=\"left\">miyoshi4</td><td align=\"right\">bernardomgj</tr><tr><td align=\"left\"><i class=\"fa fa-circle-o\"></i> <i class=\"fa fa-circle-o\"></i> </td><td align=\"right\"><i class=\"fa fa-circle-o\"></i> <i class=\"fa fa-circle-o\"></i> </tr></table>\n|uhtml|bestof|<h2><strong>Game 1</strong> of <a href=\"/game-bestof3-gen9championsvgc2026regmbbo3-2673644954\">a best-of-3</a></h2>\n|t:|1788226307\n|gametype|doubles\n|player|p1|miyoshi4|101|1000\n|player|p2|bernardomgj|169|1080\n|gen|9\n|tier|[Gen 9 Champions] VGC 2026 Reg M-B (Bo3)\n|rated|\n|rule|Species Clause: Limit one of each Pokémon\n|rule|Item Clause: Limit 1 of each item\n|clearpoke\n|poke|p1|Palafin, L50, M|\n|poke|p1|Pelipper, L50, M, shiny|\n|poke|p1|Sinistcha, L50|\n|poke|p1|Incineroar, L50, F|\n|poke|p1|Sceptile, L50, F|\n|poke|p1|Heliolisk, L50, M|\n|poke|p2|Gallade, L50, M, shiny|\n|poke|p2|Maushold, L50|\n|poke|p2|Raichu, L50, M|\n|poke|p2|Weavile, L50, M|\n|poke|p2|Empoleon, L50, F, shiny|\n|poke|p2|Grimmsnarl, L50, M, shiny|\n|teampreview|4\n|showteam|p1|Palafin||MysticWater|ZerotoHero|FlipTurn,JetPunch,DrainPunch,Protect|Adamant||M|||50|]Pelipper||QuickClaw|Drizzle|WeatherBall,Surf,Hurricane,Protect|Bold||M|||50|]Sinistcha||Leftovers|Hospitality|MatchaGotcha,RagePowder,TrickRoom,Protect|Relaxed|||||50|]Incineroar||SitrusBerry|Intimidate|FakeOut,PartingShot,FlareBlitz,Protect|Careful||F|||50|]Sceptile||Sceptilite|Overgrow|GigaDrain,DragonPulse,EarthPower,Protect|Timid||F|||50|]Heliolisk||ExpertBelt|DrySkin|Discharge,HyperVoice,VoltSwitch,Protect|Timid||M|||50|\n|showteam|p2|Gallade||Galladite|Justified|DrainPunch,RockSlide,ShadowSneak,Protect|Jolly||M|||50|]Maushold||FocusSash|FriendGuard|BeatUp,FollowMe,SuperFang,Protect|Bold|||||50|]Raichu||RaichuniteY|LightningRod|FocusBlast,ZapCannon,Feint,FakeOut|Timid||M|||50|]Weavile||WideLens|Pressure|TripleAxel,KnockOff,FakeOut,LowKick|Jolly||M|||50|]Empoleon||Leftovers|Competitive|HydroPump,FlashCannon,IceBeam,Protect|Bold||F|||50|]Grimmsnarl||LightClay|Prankster|SpiritBreak,LightScreen,Reflect,PartingShot|Careful||M|||50|\n|\n|t:|1788226345\n|teamsize|p1|4\n|teamsize|p2|4\n|start\n|switch|p1a: Sceptile|Sceptile, L50, F|100/100\n|switch|p1b: Palafin|Palafin, L50, M|100/100\n|switch|p2a: Grimmsnarl|Grimmsnarl, L50, M, shiny|100/100\n|switch|p2b: Weavile|Weavile, L50, M|100/100\n|-ability|p2b: Weavile|Pressure\n|turn|1\n|\n|t:|1788226392\n|move|p2b: Weavile|Fake Out|p1b: Palafin\n|-damage|p1b: Palafin|85/100\n|move|p2a: Grimmsnarl|Light Screen|p2a: Grimmsnarl\n|-sidestart|p2: bernardomgj|move: Light Screen\n|move|p1a: Sceptile|Earth Power|p2b: Weavile\n|-damage|p2b: Weavile|74/100\n|cant|p1b: Palafin|flinch\n|\n|upkeep\n|turn|2\n|\n|t:|1788226406\n|move|p1a: Sceptile|Protect|p1a: Sceptile\n|-singleturn|p1a: Sceptile|Protect\n|move|p2a: Grimmsnarl|Parting Shot|p1a: Sceptile\n|-activate|p1a: Sceptile|move: Protect\n|move|p2b: Weavile|Triple Axel|p1a: Sceptile\n|-activate|p1a: Sceptile|move: Protect\n|move|p1b: Palafin|Flip Turn|p2b: Weavile\n|-crit|p2b: Weavile\n|-damage|p2b: Weavile|6/100\n|\n|t:|1788226432\n|detailschange|p1b: Palafin|Palafin-Hero, L50, M\n|switch|p1b: Heliolisk|Heliolisk, L50, M|100/100|[from] Flip Turn\n|\n|upkeep\n|turn|3\n|\n|t:|1788226459\n|switch|p1a: Pelipper|Pelipper, L50, M, shiny|100/100\n|-weather|RainDance|[from] ability: Drizzle|[of] p1a: Pelipper\n|move|p2a: Grimmsnarl|Parting Shot|p1a: Pelipper\n|-unboost|p1a: Pelipper|atk|1\n|-unboost|p1a: Pelipper|spa|1\n|\n|t:|1788226466\n|switch|p2a: Maushold|Maushold, L50|100/100|[from] Parting Shot\n|move|p2b: Weavile|Low Kick|p1b: Heliolisk\n|-supereffective|p1b: Heliolisk|1\n|-damage|p1b: Heliolisk|54/100\n|move|p1b: Heliolisk|Hyper Voice|p2a: Maushold|[spread] p2a,p2b\n|-damage|p2a: Maushold|76/100\n|-damage|p2b: Weavile|0 fnt\n|faint|p2b: Weavile\n|\n|-weather|RainDance|[upkeep]\n|-heal|p1b: Heliolisk|66/100|[from] ability: Dry Skin\n|upkeep\n|\n|t:|1788226477\n|switch|p2b: Grimmsnarl|Grimmsnarl, L50, M, shiny|100/100\n|turn|4\n|\n|t:|1788226502\n|move|p1b: Heliolisk|Hyper Voice|p2b: Grimmsnarl|[spread] p2a,p2b\n|-damage|p2a: Maushold|55/100\n|-damage|p2b: Grimmsnarl|86/100\n|move|p2a: Maushold|Super Fang|p1a: Pelipper\n|-damage|p1a: Pelipper|50/100g\n|move|p1a: Pelipper|Surf|p2b: Grimmsnarl|[spread] p2a,p2b\n|-heal|p1b: Heliolisk|91/100|[from] ability: Dry Skin|[of] p1a: Pelipper\n|-damage|p2a: Maushold|37/100\n|-damage|p2b: Grimmsnarl|76/100\n|move|p2b: Grimmsnarl|Spirit Break|p1b: Heliolisk\n|-damage|p1b: Heliolisk|41/100\n|-unboost|p1b: Heliolisk|spa|1\n|\n|-weather|RainDance|[upkeep]\n|-heal|p1b: Heliolisk|54/100|[from] ability: Dry Skin\n|upkeep\n|turn|5\n|\n|t:|1788226535\n|move|p2b: Grimmsnarl|Parting Shot|p1a: Pelipper\n|-unboost|p1a: Pelipper|atk|1\n|-unboost|p1a: Pelipper|spa|1\n|\n|t:|1788226539\n|switch|p2b: Gallade|Gallade, L50, M, shiny|100/100|[from] Parting Shot\n|move|p1b: Heliolisk|Hyper Voice|p2a: Maushold|[spread] p2a,p2b\n|-crit|p2a: Maushold\n|-damage|p2a: Maushold|0 fnt\n|-damage|p2b: Gallade|90/100\n|faint|p2a: Maushold\n|move|p1a: Pelipper|Surf|p2b: Gallade|[spread] p2b\n|-heal|p1b: Heliolisk|79/100|[from] ability: Dry Skin|[of] p1a: Pelipper\n|-damage|p2b: Gallade|79/100\n|\n|-weather|RainDance|[upkeep]\n|-heal|p1b: Heliolisk|91/100|[from] ability: Dry Skin\n|upkeep\n|\n|t:|1788226550\n|switch|p2a: Grimmsnarl|Grimmsnarl, L50, M, shiny|76/100\n|turn|6\n|-activate|p1a: Pelipper|item: Quick Claw\n|\n|t:|1788226570\n|detailschange|p2b: Gallade|Gallade-Mega, L50, M, shiny\n|-mega|p2b: Gallade|Gallade|Galladite\n|move|p1a: Pelipper|Protect|p1a: Pelipper\n|-singleturn|p1a: Pelipper|Protect\n|move|p2a: Grimmsnarl|Parting Shot|p1b: Heliolisk\n|-unboost|p1b: Heliolisk|atk|1\n|-unboost|p1b: Heliolisk|spa|1\n|move|p1b: Heliolisk|Volt Switch|p2b: Gallade\n|-crit|p2b: Gallade\n|-damage|p2b: Gallade|37/100\n|\n|t:|1788226580\n|switch|p1b: Palafin|Palafin-Hero, L50, M|85/100|[from] Volt Switch\n|-activate|p1b: Palafin|ability: Zero to Hero\n|move|p2b: Gallade|Rock Slide|p1b: Palafin|[spread] p1b\n|-activate|p1a: Pelipper|move: Protect\n|-damage|p1b: Palafin|67/100\n|\n|-weather|RainDance|[upkeep]\n|upkeep\n|turn|7\n|\n|t:|1788226607\n|move|p1b: Palafin|Jet Punch|p2b: Gallade\n|-damage|p2b: Gallade|0 fnt\n|faint|p2b: Gallade\n|move|p2a: Grimmsnarl|Reflect|p2a: Grimmsnarl\n|-sidestart|p2: bernardomgj|Reflect\n|move|p1a: Pelipper|Weather Ball|p2a: Grimmsnarl\n|-damage|p2a: Grimmsnarl|59/100\n|\n|-weather|none\n|upkeep\n|turn|8\n|\n|t:|1788226642\n|switch|p1a: Sceptile|Sceptile, L50, F|100/100\n|move|p1b: Palafin|Flip Turn|p2a: Grimmsnarl\n|-damage|p2a: Grimmsnarl|29/100\n|\n|t:|1788226649\n|switch|p1b: Heliolisk|Heliolisk, L50, M|91/100|[from] Flip Turn\n|move|p2a: Grimmsnarl|Spirit Break|p1b: Heliolisk\n|-damage|p1b: Heliolisk|41/100\n|-unboost|p1b: Heliolisk|spa|1\n|\n|-sideend|p2: bernardomgj|move: Light Screen\n|upkeep\n|turn|9\n|\n|t:|1788226663\n|detailschange|p1a: Sceptile|Sceptile-Mega, L50, F\n|-mega|p1a: Sceptile|Sceptile|Sceptilite\n|move|p1a: Sceptile|Dragon Pulse|p2a: Grimmsnarl\n|-immune|p2a: Grimmsnarl\n|move|p1b: Heliolisk|Discharge|p2a: Grimmsnarl|[spread] p2a\n|-ability|p1a: Sceptile|Lightning Rod|boost\n|-boost|p1a: Sceptile|spa|1\n|-damage|p2a: Grimmsnarl|14/100\n|move|p2a: Grimmsnarl|Spirit Break|p1b: Heliolisk\n|-damage|p1b: Heliolisk|0 fnt\n|faint|p1b: Heliolisk\n|\n|upkeep\n|\n|t:|1788226674\n|switch|p1b: Palafin|Palafin-Hero, L50, M|67/100\n|turn|10\n|\n|t:|1788226680\n|move|p1b: Palafin|Jet Punch|p2a: Grimmsnarl\n|-damage|p2a: Grimmsnarl|0 fnt\n|faint|p2a: Grimmsnarl\n|\n|win|miyoshi4\n||bernardomgj is ready for game 2.\n","uploadtime":1788226685,"views":"0","formatid":"gen9championsvgc2026regmbbo3","rating":null,"private":0,"password":null}