{"id":"gen9championsvgc2026regmbbo3-2673861563","format":"[Gen 9 Champions] VGC 2026 Reg M-B (Bo3)","players":["totaldestroy","humania1"],"log":"|j|☆totaldestroy\n|j|☆humania1\n|html|<table width=\"100%\"><tr><td align=\"left\">totaldestroy</td><td align=\"right\">humania1</tr><tr><td align=\"left\"><i class=\"fa fa-circle\"></i> <i class=\"fa fa-circle-o\"></i> </td><td align=\"right\"><i class=\"fa fa-circle-o\"></i> <i class=\"fa fa-circle\"></i> </tr></table>\n|uhtml|bestof|<h2><strong>Game 3</strong> of <a href=\"/game-bestof3-gen9championsvgc2026regmbbo3-2673859135\">a best-of-3</a></h2>\n|t:|1788269915\n|gametype|doubles\n|player|p1|totaldestroy|veteran|1120\n|player|p2|humania1|265|1052\n|gen|9\n|tier|[Gen 9 Champions] VGC 2026 Reg M-B (Bo3)\n|rated|\n|rule|Species Clause: Limit one of each Pokémon\n|rule|Item Clause: Limit 1 of each item\n|clearpoke\n|poke|p1|Incineroar, L50, F|\n|poke|p1|Zoroark-Hisui, L50, M|\n|poke|p1|Froslass, L50, F|\n|poke|p1|Sneasler, L50, F|\n|poke|p1|Farigiraf, L50, F|\n|poke|p1|Arcanine-Hisui, L50, F|\n|poke|p2|Blastoise, L50, F|\n|poke|p2|Delphox, L50, M, shiny|\n|poke|p2|Incineroar, L50, F|\n|poke|p2|Sinistcha, L50|\n|poke|p2|Sneasler, L50, F|\n|poke|p2|Vivillon, L50, M|\n|teampreview|4\n|showteam|p1|Incineroar||PasshoBerry|Intimidate|ThroatChop,FlareBlitz,FakeOut,PartingShot|Adamant||F|||50|]Zoroark-Hisui||FocusSash|Illusion|IcyWind,BitterMalice,WillOWisp,Protect|Timid||M|||50|]Froslass||Froslassite|CursedBody|Blizzard,ShadowBall,NastyPlot,Protect|Modest||F|||50|]Sneasler||WhiteHerb|Unburden|FakeOut,DireClaw,CloseCombat,Protect|Adamant||F|||50|]Farigiraf||SitrusBerry|ArmorTail|Psychic,Thunderbolt,HelpingHand,Roar|Bold||F|||50|]Arcanine-Hisui||ChoiceScarf|RockHead|FlareBlitz,HeadSmash,RockSlide,CloseCombat|Jolly||F|||50|\n|showteam|p2|Blastoise||Blastoisinite|Torrent|Protect,ShellSmash,WaterSpout,DarkPulse|Modest||F|||50|]Delphox||Delphoxite|Blaze|Protect,HeatWave,Psyshock,NastyPlot|Timid||M|||50|]Incineroar||PasshoBerry|Intimidate|FakeOut,PartingShot,FlareBlitz,ThroatChop|Impish||F|||50|]Sinistcha||SitrusBerry|Hospitality|Protect,MatchaGotcha,TrickRoom,RagePowder|Bold|||||50|]Sneasler||FocusSash|PoisonTouch|QuickGuard,FakeOut,CloseCombat,DireClaw|Jolly||F|||50|]Vivillon||ChoiceScarf|CompoundEyes|Hurricane,SleepPowder,RagePowder,Uturn|Timid||M|||50|\n|inactive|Battle timer is ON: inactive players will automatically lose when time's up. (requested by humania1)\n|\n|t:|1788269934\n|teamsize|p1|4\n|teamsize|p2|4\n|start\n|switch|p1a: wife material|Froslass, L50, F|100/100\n|switch|p1b: The Sneasler|Sneasler, L50, F|100/100\n|switch|p2a: Blastoise|Blastoise, L50, F|100/100\n|switch|p2b: Incineroar|Incineroar, L50, F|100/100\n|-ability|p2b: Incineroar|Intimidate|boost\n|-unboost|p1a: wife material|atk|1\n|-unboost|p1b: The Sneasler|atk|1\n|-enditem|p1b: The Sneasler|White Herb\n|-clearnegativeboost|p1b: The Sneasler|[silent]\n|turn|1\n|\n|t:|1788269957\n|detailschange|p1a: wife material|Froslass-Mega, L50, F\n|-mega|p1a: wife material|Froslass|Froslassite\n|-weather|Snowscape|[from] ability: Snow Warning|[of] p1a: wife material\n|move|p2a: Blastoise|Protect|p2a: Blastoise\n|-singleturn|p2a: Blastoise|Protect\n|move|p1b: The Sneasler|Fake Out|p2a: Blastoise\n|-activate|p2a: Blastoise|move: Protect\n|move|p1a: wife material|Nasty Plot|p1a: wife material\n|-boost|p1a: wife material|spa|2\n|move|p2b: Incineroar|Flare Blitz|p1a: wife material\n|-supereffective|p1a: wife material|1\n|-damage|p1a: wife material|15/100\n|-damage|p2b: Incineroar|75/100|[from] Recoil\n|\n|-weather|Snowscape|[upkeep]\n|upkeep\n|turn|2\n|\n|t:|1788269967\n|switch|p2b: Sneasler|Sneasler, L50, F|100/100\n|detailschange|p2a: Blastoise|Blastoise-Mega, L50, F\n|-mega|p2a: Blastoise|Blastoise|Blastoisinite\n|move|p1b: The Sneasler|Close Combat|p2b: Sneasler\n|-resisted|p2b: Sneasler|1\n|-damage|p2b: Sneasler|46/100\n|-unboost|p1b: The Sneasler|def|1\n|-unboost|p1b: The Sneasler|spd|1\n|move|p1a: wife material|Shadow Ball|p2a: Blastoise\n|-damage|p2a: Blastoise|17/100\n|move|p2a: Blastoise|Water Spout|p1a: wife material|[spread] p1a,p1b\n|-damage|p1a: wife material|5/100\n|-damage|p1b: The Sneasler|75/100\n|\n|-weather|Snowscape|[upkeep]\n|upkeep\n|turn|3\n|\n|t:|1788269984\n|move|p2b: Sneasler|Fake Out|p1b: The Sneasler\n|-damage|p1b: The Sneasler|38/100\n|cant|p1b: The Sneasler|flinch\n|move|p1a: wife material|Blizzard|p2a: Blastoise|[spread] p2a,p2b\n|-resisted|p2a: Blastoise|1\n|-damage|p2a: Blastoise|0 fnt\n|-damage|p2b: Sneasler|0 fnt\n|faint|p2a: Blastoise\n|faint|p2b: Sneasler\n|\n|-weather|Snowscape|[upkeep]\n|upkeep\n|\n|t:|1788269984\n|switch|p2b: Sinistcha|Sinistcha, L50|100/100\n|switch|p2a: Incineroar|Incineroar, L50, F|75/100\n|-ability|p2a: Incineroar|Intimidate|boost\n|-unboost|p1a: wife material|atk|1\n|-unboost|p1b: The Sneasler|atk|1\n|-heal|p2a: Incineroar|100/100|[from] ability: Hospitality|[of] p2b: Sinistcha\n|turn|4\n|\n|t:|1788269995\n|move|p1b: The Sneasler|Dire Claw|p2b: Sinistcha\n|-crit|p2b: Sinistcha\n|-damage|p2b: Sinistcha|36/100\n|-status|p2b: Sinistcha|par\n|-enditem|p2b: Sinistcha|Sitrus Berry|[eat]\n|-heal|p2b: Sinistcha|61/100 par|[from] item: Sitrus Berry\n|move|p1a: wife material|Blizzard|p2b: Sinistcha|[spread] p2a,p2b\n|-resisted|p2a: Incineroar|1\n|-supereffective|p2b: Sinistcha|1\n|-damage|p2a: Incineroar|52/100\n|-damage|p2b: Sinistcha|0 fnt\n|faint|p2b: Sinistcha\n|move|p2a: Incineroar|Flare Blitz|p1a: wife material\n|-supereffective|p1a: wife material|1\n|-damage|p1a: wife material|0 fnt\n|faint|p1a: wife material\n|-damage|p2a: Incineroar|50/100g|[from] Recoil\n|\n|-weather|Snowscape|[upkeep]\n|upkeep\n|\n|t:|1788270004\n|switch|p1a: head banger|Arcanine-Hisui, L50, F|100/100\n|turn|5\n|\n|t:|1788270008\n|switch|p1b: my cat at 3am|Incineroar, L50, F|100/100\n|-ability|p1b: my cat at 3am|Intimidate|boost\n|-unboost|p2a: Incineroar|atk|1\n|move|p1a: head banger|Head Smash|p2a: Incineroar\n|-supereffective|p2a: Incineroar|1\n|-damage|p2a: Incineroar|0 fnt\n|faint|p2a: Incineroar\n|\n|win|totaldestroy\n|raw|totaldestroy's rating: 1120 &rarr; <strong>1140</strong><br />(+20 for winning)\n|raw|humania1's rating: 1052 &rarr; <strong>1038</strong><br />(-14 for losing)\n","uploadtime":1788270008,"views":"13","formatid":"gen9championsvgc2026regmbbo3","rating":1038,"private":0,"password":null}