{"id":"gen9championsvgc2026regmb-2674312950","format":"[Gen 9 Champions] VGC 2026 Reg M-B","players":["ItzS1N","wexiomatic"],"log":"|j|☆ItzS1N\n|j|☆wexiomatic\n|html|<table width=\"100%\"><tr><td align=\"left\">ItzS1N</td><td align=\"right\">wexiomatic</tr><tr><td align=\"left\"><i class=\"fa fa-circle-o\"></i> <i class=\"fa fa-circle-o\"></i> </td><td align=\"right\"><i class=\"fa fa-circle-o\"></i> <i class=\"fa fa-circle-o\"></i> </tr></table>\n|uhtml|bestof|<h2><strong>Game 1</strong> of <a href=\"/game-bestof3-gen9championsvgc2026regmb-2674312949\">a best-of-3</a></h2>\n|t:|1788338455\n|gametype|doubles\n|player|p1|ItzS1N|lucas-gen4pt|\n|player|p2|wexiomatic|265|\n|gen|9\n|tier|[Gen 9 Champions] VGC 2026 Reg M-B\n|rule|Species Clause: Limit one of each Pokémon\n|rule|Item Clause: Limit 1 of each item\n|raw|<div class=\"infobox\"><details class=\"readmore\" open><summary><strong>2 custom rules:</strong></summary> Best of = 3, !Open Team Sheets</details></div>\n|clearpoke\n|poke|p1|Talonflame, L50, M|\n|poke|p1|Gardevoir, L50, F|\n|poke|p1|Liepard, L50, M|\n|poke|p1|Dragonite, L50, M|\n|poke|p1|Vivillon, L50, M|\n|poke|p1|Kleavor, L50, F|\n|poke|p2|Froslass, L50, F|\n|poke|p2|Grimmsnarl, L50, M|\n|poke|p2|Annihilape, L50, F|\n|poke|p2|Corviknight, L50, F|\n|poke|p2|Wyrdeer, L50, M|\n|poke|p2|Toxapex, L50, F|\n|teampreview|4\n|j| ElainJade\n|j| poppliolord\n|c| poppliolord|Hi, chat!\n|c| poppliolord|One of you has 3 world champions on their side.\n|c|☆ItzS1N|And one has forgot his prep\n|c| poppliolord|OOH, fighting words\n|c| poppliolord|This is gonna be good\n|c|☆ItzS1N|Nah that person is me\n|\n|t:|1788338638\n|teamsize|p1|4\n|teamsize|p2|4\n|start\n|switch|p1a: Talonflame|Talonflame, L50, M|100/100\n|switch|p1b: Liepard|Liepard, L50, M|100/100\n|switch|p2a: Grimmsnarl|Grimmsnarl, L50, M|100/100\n|switch|p2b: Toxapex|Toxapex, L50, F|100/100\n|turn|1\n|\n|t:|1788338688\n|move|p1b: Liepard|Fake Out|p2b: Toxapex\n|-damage|p2b: Toxapex|91/100\n|move|p2a: Grimmsnarl|Fake Out|p1a: Talonflame\n|-damage|p1a: Talonflame|81/100\n|cant|p1a: Talonflame|flinch\n|cant|p2b: Toxapex|flinch\n|\n|-heal|p2b: Toxapex|96/100|[from] item: Leftovers\n|upkeep\n|turn|2\n|\n|t:|1788338737\n|move|p2a: Grimmsnarl|Light Screen|p2a: Grimmsnarl\n|-sidestart|p2: wexiomatic|move: Light Screen\n|move|p1a: Talonflame|Tailwind|p1a: Talonflame\n|-sidestart|p1: ItzS1N|move: Tailwind\n|move|p1b: Liepard|Knock Off|p2b: Toxapex\n|-damage|p2b: Toxapex|66/100\n|-enditem|p2b: Toxapex|Leftovers|[from] move: Knock Off|[of] p1b: Liepard\n|move|p2b: Toxapex|Toxic|p1a: Talonflame\n|-status|p1a: Talonflame|tox\n|\n|-damage|p1a: Talonflame|75/100 tox|[from] psn\n|upkeep\n|turn|3\n|\n|t:|1788338782\n|move|p1b: Liepard|Sunny Day|p1b: Liepard\n|-weather|SunnyDay\n|move|p2a: Grimmsnarl|Parting Shot|p1a: Talonflame\n|-unboost|p1a: Talonflame|atk|1\n|-unboost|p1a: Talonflame|spa|1\n|\n|t:|1788338787\n|switch|p2a: Annihilape|Annihilape, L50, F|100/100|[from] Parting Shot\n|move|p1a: Talonflame|Flare Blitz|p2a: Annihilape\n|-damage|p2a: Annihilape|33/100\n|-damage|p1a: Talonflame|49/100 tox|[from] Recoil\n|move|p2b: Toxapex|Infestation|p1a: Talonflame\n|-resisted|p1a: Talonflame|2\n|-damage|p1a: Talonflame|48/100 tox\n|-activate|p1a: Talonflame|move: Infestation|[of] p2b: Toxapex\n|\n|-weather|SunnyDay|[upkeep]\n|-damage|p1a: Talonflame|36/100 tox|[from] psn\n|-damage|p1a: Talonflame|24/100 tox|[from] move: Infestation|[partiallytrapped]\n|upkeep\n|turn|4\n|\n|t:|1788338835\n|move|p2a: Annihilape|Protect|p2a: Annihilape\n|-singleturn|p2a: Annihilape|Protect\n|move|p2b: Toxapex|Baneful Bunker|p2b: Toxapex\n|-singleturn|p2b: Toxapex|move: Protect\n|move|p1a: Talonflame|Brave Bird|p2a: Annihilape\n|-activate|p2a: Annihilape|move: Protect\n|move|p1b: Liepard|Knock Off|p2b: Toxapex\n|-activate|p2b: Toxapex|move: Protect\n|-status|p1b: Liepard|psn\n|\n|-weather|SunnyDay|[upkeep]\n|-damage|p1a: Talonflame|7/100 tox|[from] psn\n|-damage|p1b: Liepard|87/100 psn|[from] psn\n|-damage|p1a: Talonflame|0 fnt|[from] move: Infestation|[partiallytrapped]\n|faint|p1a: Talonflame\n|upkeep\n|\n|t:|1788338842\n|switch|p1a: Gardevoir|Gardevoir, L50, F|100/100\n|turn|5\n|\n|t:|1788338881\n|switch|p2a: Corviknight|Corviknight, L50, F|100/100\n|detailschange|p1a: Gardevoir|Gardevoir-Mega, L50, F\n|-mega|p1a: Gardevoir|Gardevoir|Gardevoirite\n|move|p1b: Liepard|Encore||[still]\n|-fail|p1b: Liepard\n|move|p1a: Gardevoir|Psyshock|p2b: Toxapex\n|-supereffective|p2b: Toxapex|1\n|-damage|p2b: Toxapex|12/100\n|move|p2b: Toxapex|Infestation|p1a: Gardevoir\n|-damage|p1a: Gardevoir|97/100\n|-activate|p1a: Gardevoir|move: Infestation|[of] p2b: Toxapex\n|\n|-weather|SunnyDay|[upkeep]\n|-damage|p1b: Liepard|75/100 psn|[from] psn\n|-damage|p1a: Gardevoir|85/100|[from] move: Infestation|[partiallytrapped]\n|-sideend|p1: ItzS1N|move: Tailwind\n|upkeep\n|turn|6\n|\n|t:|1788338919\n|move|p2b: Toxapex|Baneful Bunker|p2b: Toxapex\n|-singleturn|p2b: Toxapex|move: Protect\n|move|p1b: Liepard|Knock Off|p2a: Corviknight\n|-damage|p2a: Corviknight|71/100\n|-enditem|p2a: Corviknight|Iron Ball|[from] move: Knock Off|[of] p1b: Liepard\n|move|p1a: Gardevoir|Hyper Voice|p2a: Corviknight|[spread] p2a\n|-activate|p2b: Toxapex|move: Protect\n|-resisted|p2a: Corviknight|1\n|-damage|p2a: Corviknight|58/100\n|move|p2a: Corviknight|Bulk Up|p2a: Corviknight\n|-boost|p2a: Corviknight|atk|1\n|-boost|p2a: Corviknight|def|1\n|\n|-weather|SunnyDay|[upkeep]\n|-damage|p1b: Liepard|63/100 psn|[from] psn\n|-damage|p1a: Gardevoir|72/100|[from] move: Infestation|[partiallytrapped]\n|-sideend|p2: wexiomatic|move: Light Screen\n|upkeep\n|turn|7\n|\n|t:|1788338974\n|-heal|p2b: Toxapex|45/100|[from] ability: Regenerator|[silent]\n|switch|p2b: Grimmsnarl|Grimmsnarl, L50, M|100/100\n|move|p1b: Liepard|Encore|p2a: Corviknight\n|-start|p2a: Corviknight|Encore\n|move|p1a: Gardevoir|Hyper Voice|p2b: Grimmsnarl|[spread] p2a,p2b\n|-resisted|p2a: Corviknight|1\n|-supereffective|p2b: Grimmsnarl|1\n|-damage|p2a: Corviknight|36/100\n|-damage|p2b: Grimmsnarl|16/100\n|move|p2a: Corviknight|Bulk Up|p2a: Corviknight\n|-boost|p2a: Corviknight|atk|1\n|-boost|p2a: Corviknight|def|1\n|\n|-weather|none\n|-damage|p1b: Liepard|51/100 psn|[from] psn\n|-end|p1a: Gardevoir|Infestation|[partiallytrapped]|[silent]\n|upkeep\n|turn|8\n|\n|t:|1788338998\n|switch|p1b: Dragonite|Dragonite, L50, M|100/100\n|move|p2b: Grimmsnarl|Fake Out|p1a: Gardevoir\n|-damage|p1a: Gardevoir|55/100\n|cant|p1a: Gardevoir|flinch\n|move|p2a: Corviknight|Bulk Up|p2a: Corviknight\n|-boost|p2a: Corviknight|atk|1\n|-boost|p2a: Corviknight|def|1\n|\n|upkeep\n|turn|9\n|\n|t:|1788339023\n|move|p2b: Grimmsnarl|Light Screen|p2b: Grimmsnarl\n|-sidestart|p2: wexiomatic|move: Light Screen\n|move|p1a: Gardevoir|Hyper Voice|p2b: Grimmsnarl|[spread] p2a,p2b\n|-resisted|p2a: Corviknight|1\n|-supereffective|p2b: Grimmsnarl|1\n|-damage|p2a: Corviknight|22/100\n|-damage|p2b: Grimmsnarl|0 fnt\n|faint|p2b: Grimmsnarl\n|move|p1b: Dragonite|Fire Punch|p2a: Corviknight\n|-supereffective|p2a: Corviknight|1\n|-damage|p2a: Corviknight|0 fnt\n|faint|p2a: Corviknight\n|\n|upkeep\n|\n|t:|1788339059\n|switch|p2a: Toxapex|Toxapex, L50, F|45/100\n|switch|p2b: Annihilape|Annihilape, L50, F|33/100\n|turn|10\n|l| ElainJade\n|\n|t:|1788339076\n|move|p2b: Annihilape|Phantom Force||[still]\n|-prepare|p2b: Annihilape|Phantom Force\n|move|p1a: Gardevoir|Hyper Voice|p2b: Annihilape|[spread] p2a\n|-miss|p1a: Gardevoir|p2b: Annihilape\n|-resisted|p2a: Toxapex|1\n|-damage|p2a: Toxapex|33/100\n|move|p1b: Dragonite|Dragon Claw|p2a: Toxapex\n|-damage|p2a: Toxapex|0 fnt\n|faint|p2a: Toxapex\n|\n|upkeep\n|turn|11\n|\n|t:|1788339089\n|move|p2b: Annihilape|Phantom Force|p1a: Gardevoir|[from] lockedmove\n|-supereffective|p1a: Gardevoir|1\n|-damage|p1a: Gardevoir|0 fnt\n|faint|p1a: Gardevoir\n|move|p1b: Dragonite|Dragon Claw|p2b: Annihilape\n|-damage|p2b: Annihilape|0 fnt\n|faint|p2b: Annihilape\n|\n|win|ItzS1N\n|inactive|ItzS1N has 30 seconds to confirm battle start!\n|inactive|wexiomatic has 30 seconds to confirm battle start!\n||wexiomatic is ready for game 2.\n||ItzS1N is ready for game 2.\n|uhtml|next|Next: <a href=\"/battle-gen9championsvgc2026regmb-2674315794\"><strong>Game 2 of 3</strong></a>\n|j| ElainJade\n","uploadtime":1788339620,"views":"10","formatid":"gen9championsvgc2026regmb","rating":null,"private":0,"password":null}