{"id":"gen9championsvgc2026regmb-2674949924","format":"[Gen 9 Champions] VGC 2026 Reg M-B","players":["Furakano Abira","thepearl"],"log":"|j|☆Furakano Abira\n|j|☆thepearl\n|t:|1788440774\n|gametype|doubles\n|player|p1|Furakano Abira|pokemonbreeder-gen4|1219\n|player|p2|thepearl|iris-gen5bw2|1126\n|gen|9\n|tier|[Gen 9 Champions] VGC 2026 Reg M-B\n|rated|\n|rule|Species Clause: Limit one of each Pokémon\n|rule|Item Clause: Limit 1 of each item\n|clearpoke\n|poke|p1|Charizard, L50, F|\n|poke|p1|Azumarill, L50, F|\n|poke|p1|Steelix, L50, M, shiny|\n|poke|p1|Whimsicott, L50, M, shiny|\n|poke|p1|Glimmora, L50, F|\n|poke|p1|Eelektross, L50, M|\n|poke|p2|Whimsicott, L50, F|\n|poke|p2|Charizard, L50, M|\n|poke|p2|Venusaur, L50, M|\n|poke|p2|Arcanine-Hisui, L50, F|\n|poke|p2|Garchomp, L50, M|\n|poke|p2|Ninetales-Alola, L50, M|\n|teampreview|4\n|inactive|Battle timer is ON: inactive players will automatically lose when time's up. (requested by thepearl)\n|\n|t:|1788440793\n|teamsize|p1|4\n|teamsize|p2|4\n|start\n|switch|p1a: Elfen|Whimsicott, L50, M, shiny|100/100\n|switch|p1b: Ishtar|Glimmora, L50, F|100/100\n|switch|p2a: Whimsicott|Whimsicott, L50, F|100/100\n|switch|p2b: Garchomp|Garchomp, L50, M|100/100\n|turn|1\n|\n|t:|1788440809\n|move|p2a: Whimsicott|Tailwind|p2a: Whimsicott\n|-sidestart|p2: thepearl|move: Tailwind\n|move|p2b: Garchomp|Earthquake|p1b: Ishtar|[spread] p2a,p1a,p1b\n|-resisted|p2a: Whimsicott|1\n|-resisted|p1a: Elfen|1\n|-supereffective|p1b: Ishtar|2\n|-damage|p2a: Whimsicott|73/100\n|-damage|p1a: Elfen|72/100\n|-enditem|p1b: Ishtar|Focus Sash\n|-damage|p1b: Ishtar|1/100\n|-activate|p1b: Ishtar|ability: Toxic Debris\n|-sidestart|p2: thepearl|move: Toxic Spikes\n|move|p1a: Elfen|Moonblast|p2b: Garchomp\n|-supereffective|p2b: Garchomp|1\n|-damage|p2b: Garchomp|5/100\n|move|p1b: Ishtar|Sludge Bomb|p2a: Whimsicott\n|-supereffective|p2a: Whimsicott|2\n|-damage|p2a: Whimsicott|0 fnt\n|faint|p2a: Whimsicott\n|\n|upkeep\n|inactive|thepearl has 30 seconds left.\n|inactive|thepearl has 20 seconds left.\n|inactive|thepearl has 15 seconds left.\n|inactive|thepearl has 10 seconds left.\n|\n|t:|1788440857\n|switch|p2a: Charizard|Charizard, L50, M|100/100\n|turn|2\n|\n|t:|1788440866\n|detailschange|p2a: Charizard|Charizard-Mega-Y, L50, M\n|-mega|p2a: Charizard|Charizard|Charizardite Y\n|-weather|SunnyDay|[from] ability: Drought|[of] p2a: Charizard\n|move|p1a: Elfen|Tailwind|p1a: Elfen\n|-sidestart|p1: Furakano Abira|move: Tailwind\n|move|p2b: Garchomp|Earthquake|p1a: Elfen|[spread] p1a,p1b\n|-immune|p2a: Charizard\n|-resisted|p1a: Elfen|1\n|-supereffective|p1b: Ishtar|2\n|-crit|p1b: Ishtar\n|-damage|p1a: Elfen|41/100\n|-damage|p1b: Ishtar|0 fnt\n|-activate|p1b: Ishtar|ability: Toxic Debris\n|-sidestart|p2: thepearl|move: Toxic Spikes\n|faint|p1b: Ishtar\n|move|p2a: Charizard|Heat Wave|p1a: Elfen|[miss]\n|-miss|p2a: Charizard|p1a: Elfen\n|\n|-weather|SunnyDay|[upkeep]\n|upkeep\n|\n|t:|1788440884\n|switch|p1b: Summer|Charizard, L50, F|100/100\n|turn|3\n|\n|t:|1788440904\n|detailschange|p1b: Summer|Charizard-Mega-Y, L50, F\n|-mega|p1b: Summer|Charizard|Charizardite Y\n|move|p1a: Elfen|Encore|p2b: Garchomp\n|-start|p2b: Garchomp|Encore\n|move|p2b: Garchomp|Earthquake|p1a: Elfen|[spread] p1a\n|-immune|p2a: Charizard\n|-immune|p1b: Summer\n|-resisted|p1a: Elfen|1\n|-damage|p1a: Elfen|13/100\n|move|p2a: Charizard|Weather Ball|p1b: Summer\n|-resisted|p1b: Summer|1\n|-damage|p1b: Summer|56/100\n|move|p1b: Summer|Air Slash|p2a: Charizard\n|-damage|p2a: Charizard|50/100g\n|\n|-weather|SunnyDay|[upkeep]\n|upkeep\n|turn|4\n|inactive|Furakano Abira has 30 seconds left.\n|inactive|thepearl has 30 seconds left.\n|inactive|thepearl has 20 seconds left.\n|inactive|thepearl has 15 seconds left.\n|\n|t:|1788440945\n|move|p2b: Garchomp|Earthquake|p1a: Elfen|[spread] p1a\n|-immune|p2a: Charizard\n|-immune|p1b: Summer\n|-resisted|p1a: Elfen|1\n|-damage|p1a: Elfen|0 fnt\n|faint|p1a: Elfen\n|move|p2a: Charizard|Heat Wave|p1b: Summer\n|-resisted|p1b: Summer|1\n|-crit|p1b: Summer\n|-damage|p1b: Summer|0 fnt\n|faint|p1b: Summer\n|\n|-weather|SunnyDay|[upkeep]\n|-sideend|p2: thepearl|move: Tailwind\n|upkeep\n|\n|t:|1788440957\n|switch|p1a: Jormungandor|Steelix, L50, M, shiny|100/100\n|turn|5\n|inactive|thepearl has 30 seconds left.\n|\n|t:|1788440987\n|move|p2b: Garchomp|Earthquake|p1a: Jormungandor|[spread] p1a\n|-immune|p2a: Charizard\n|-supereffective|p1a: Jormungandor|1\n|-damage|p1a: Jormungandor|59/100\n|move|p2a: Charizard|Weather Ball|p1a: Jormungandor\n|-supereffective|p1a: Jormungandor|1\n|-damage|p1a: Jormungandor|0 fnt\n|faint|p1a: Jormungandor\n|\n|win|thepearl\n|raw|Furakano Abira's rating: 1219 &rarr; <strong>1187</strong><br />(-32 for losing)\n|raw|thepearl's rating: 1126 &rarr; <strong>1158</strong><br />(+32 for winning)\n","uploadtime":1788440988,"views":"1","formatid":"gen9championsvgc2026regmb","rating":1158,"private":0,"password":null}