{"id":"gen9championsvgc2026regmb-2674537709","format":"[Gen 9 Champions] VGC 2026 Reg M-B","players":["bruhdnigerian","p0lvris"],"log":"|j|☆bruhdnigerian\n|j|☆p0lvris\n|t:|1788371456\n|gametype|doubles\n|player|p1|bruhdnigerian|lance|1202\n|player|p2|p0lvris|roxie|1215\n|gen|9\n|tier|[Gen 9 Champions] VGC 2026 Reg M-B\n|rated|\n|rule|Species Clause: Limit one of each Pokémon\n|rule|Item Clause: Limit 1 of each item\n|clearpoke\n|poke|p1|Pangoro, L50, F|\n|poke|p1|Chandelure, L50, F|\n|poke|p1|Spiritomb, L50, M|\n|poke|p1|Araquanid, L50, M|\n|poke|p1|Gliscor, L50, M|\n|poke|p1|Drampa, L50, M|\n|poke|p2|Sneasler, L50, M, shiny|\n|poke|p2|Basculegion, L50, M, shiny|\n|poke|p2|Kingambit, L50, M|\n|poke|p2|Dragonite, L50, M, shiny|\n|poke|p2|Garchomp, L50, F, shiny|\n|poke|p2|Gardevoir, L50, M, shiny|\n|teampreview|4\n|inactive|Battle timer is ON: inactive players will automatically lose when time's up. (requested by bruhdnigerian)\nbruhdnigerian rejected open team sheets.\n|inactive|bruhdnigerian has 60 seconds left.\n|\n|t:|1788371489\n|teamsize|p1|4\n|teamsize|p2|4\n|start\n|switch|p1a: Spiritomb|Spiritomb, L50, M|100/100\n|switch|p1b: Pangoro|Pangoro, L50, F|100/100\n|switch|p2a: Sneasler|Sneasler, L50, M, shiny|100/100\n|switch|p2b: Basculegion|Basculegion, L50, M, shiny|100/100\n|turn|1\n|\n|t:|1788371509\n|move|p2b: Basculegion|Protect|p2b: Basculegion\n|-singleturn|p2b: Basculegion|Protect\n|move|p1b: Pangoro|Protect|p1b: Pangoro\n|-singleturn|p1b: Pangoro|Protect\n|move|p2a: Sneasler|Fake Out|p1b: Pangoro\n|-activate|p1b: Pangoro|move: Protect\n|move|p1a: Spiritomb|Trick Room|p1a: Spiritomb\n|-fieldstart|move: Trick Room|[of] p1a: Spiritomb\n|\n|upkeep\n|turn|2\n|inactive|bruhdnigerian has 30 seconds left.\n|inactive|p0lvris has 30 seconds left.\n|inactive|bruhdnigerian has 20 seconds left.\n|inactive|p0lvris has 20 seconds left.\n|\n|t:|1788371548\n|switch|p2b: Gardevoir|Gardevoir, L50, M, shiny|100/100\n|move|p1a: Spiritomb|Will-O-Wisp|p2a: Sneasler\n|-status|p2a: Sneasler|brn\n|move|p1b: Pangoro|Knock Off|p2b: Gardevoir\n|-damage|p2b: Gardevoir|34/100\n|move|p2a: Sneasler|Close Combat|p1b: Pangoro\n|-supereffective|p1b: Pangoro|1\n|-damage|p1b: Pangoro|31/100\n|-unboost|p2a: Sneasler|def|1\n|-unboost|p2a: Sneasler|spd|1\n|\n|-damage|p2a: Sneasler|94/100 brn|[from] brn\n|upkeep\n|turn|3\n|inactive|p0lvris has 30 seconds left.\n|\n|t:|1788371575\n|detailschange|p2b: Gardevoir|Gardevoir-Mega, L50, M, shiny\n|-mega|p2b: Gardevoir|Gardevoir|Gardevoirite\n|move|p1a: Spiritomb|Hex|p2a: Sneasler\n|-damage|p2a: Sneasler|6/100 brn\n|move|p1b: Pangoro|Poison Jab|p2b: Gardevoir\n|-supereffective|p2b: Gardevoir|1\n|-damage|p2b: Gardevoir|0 fnt\n|faint|p2b: Gardevoir\n|move|p2a: Sneasler|Close Combat|p1b: Pangoro\n|-supereffective|p1b: Pangoro|1\n|-damage|p1b: Pangoro|0 fnt\n|-unboost|p2a: Sneasler|def|1\n|-unboost|p2a: Sneasler|spd|1\n|faint|p1b: Pangoro\n|\n|-damage|p2a: Sneasler|1/100 brn|[from] brn\n|upkeep\n|inactive|bruhdnigerian has 30 seconds left.\n|inactive|bruhdnigerian has 20 seconds left.\n|\n|t:|1788371611\n|switch|p1b: Gliscor|Gliscor, L50, M|100/100\n|switch|p2b: Garchomp|Garchomp, L50, F, shiny|100/100\n|turn|4\n|\n|t:|1788371636\n|move|p1a: Spiritomb|Will-O-Wisp|p2b: Garchomp\n|-status|p2b: Garchomp|brn\n|move|p1b: Gliscor|Rock Slide|p2b: Garchomp|[spread] p2a,p2b\n|-resisted|p2a: Sneasler|1\n|-resisted|p2b: Garchomp|1\n|-crit|p2b: Garchomp\n|-damage|p2a: Sneasler|0 fnt\n|-damage|p2b: Garchomp|87/100 brn\n|faint|p2a: Sneasler\n|move|p2b: Garchomp|Rock Slide|p1b: Gliscor|[spread] p1a,p1b\n|-damage|p1a: Spiritomb|89/100\n|-damage|p1b: Gliscor|92/100\n|\n|-damage|p2b: Garchomp|81/100 brn|[from] brn\n|upkeep\n|\n|t:|1788371649\n|switch|p2a: Basculegion|Basculegion, L50, M, shiny|100/100\n|turn|5\n|\n|t:|1788371668\n|move|p1b: Gliscor|Protect|p1b: Gliscor\n|-singleturn|p1b: Gliscor|Protect\n|move|p2a: Basculegion|Protect|p2a: Basculegion\n|-singleturn|p2a: Basculegion|Protect\n|move|p1a: Spiritomb|Will-O-Wisp|p2a: Basculegion\n|-activate|p2a: Basculegion|move: Protect\n|move|p2b: Garchomp|Rock Slide|p1a: Spiritomb|[spread] p1a\n|-activate|p1b: Gliscor|move: Protect\n|-damage|p1a: Spiritomb|78/100\n|\n|-damage|p2b: Garchomp|75/100 brn|[from] brn\n|-fieldend|move: Trick Room\n|upkeep\n|turn|6\n|\n|t:|1788371683\n|switch|p1b: Chandelure|Chandelure, L50, F|100/100\n|move|p2b: Garchomp|Rock Slide|p1a: Spiritomb|[spread] p1a,p1b\n|-supereffective|p1b: Chandelure|1\n|-damage|p1a: Spiritomb|68/100\n|-damage|p1b: Chandelure|77/100\n|move|p2a: Basculegion|Last Respects|p1a: Spiritomb\n|-damage|p1a: Spiritomb|0 fnt\n|faint|p1a: Spiritomb\n|-damage|p2a: Basculegion|90/100|[from] item: Life Orb\n|\n|-damage|p2b: Garchomp|68/100 brn|[from] brn\n|upkeep\n|\n|t:|1788371687\n|switch|p1a: Gliscor|Gliscor, L50, M|92/100\n|turn|7\n|\n|t:|1788371698\n|detailschange|p1b: Chandelure|Chandelure-Mega, L50, F\n|-mega|p1b: Chandelure|Chandelure|Chandelurite\n|move|p2a: Basculegion|Protect|p2a: Basculegion\n|-singleturn|p2a: Basculegion|Protect\n|move|p1b: Chandelure|Protect|p1b: Chandelure\n|-singleturn|p1b: Chandelure|Protect\n|move|p2b: Garchomp|Rock Slide|p1b: Chandelure|[spread] p1a\n|-activate|p1b: Chandelure|move: Protect\n|-damage|p1a: Gliscor|85/100\n|move|p1a: Gliscor|Acrobatics|p2a: Basculegion\n|-activate|p2a: Basculegion|move: Protect\n|\n|-damage|p2b: Garchomp|62/100 brn|[from] brn\n|upkeep\n|turn|8\n|\n|t:|1788371717\n|move|p1b: Chandelure|Protect||[still]\n|-fail|p1b: Chandelure\n|move|p2a: Basculegion|Aqua Jet|p1b: Chandelure\n|-supereffective|p1b: Chandelure|1\n|-damage|p1b: Chandelure|2/100\n|-damage|p2a: Basculegion|80/100|[from] item: Life Orb\n|move|p2b: Garchomp|Rock Slide|p1b: Chandelure|[spread] p1a,p1b\n|-supereffective|p1b: Chandelure|1\n|-damage|p1a: Gliscor|77/100\n|-damage|p1b: Chandelure|0 fnt\n|faint|p1b: Chandelure\n|cant|p1a: Gliscor|flinch\n|\n|-damage|p2b: Garchomp|56/100 brn|[from] brn\n|upkeep\n|turn|9\n|\n|t:|1788371741\n|move|p2a: Basculegion|Aqua Jet|p1a: Gliscor\n|-supereffective|p1a: Gliscor|1\n|-damage|p1a: Gliscor|25/100\n|-damage|p2a: Basculegion|71/100|[from] item: Life Orb\n|move|p2b: Garchomp|Rock Slide|p1a: Gliscor\n|-damage|p1a: Gliscor|15/100\n|move|p1a: Gliscor|Acrobatics|p2a: Basculegion\n|-damage|p2a: Basculegion|14/100\n|\n|-damage|p2b: Garchomp|50/100g brn|[from] brn\n|upkeep\n|turn|10\n|\n|t:|1788371753\n|move|p2a: Basculegion|Aqua Jet|p1a: Gliscor\n|-supereffective|p1a: Gliscor|1\n|-damage|p1a: Gliscor|0 fnt\n|faint|p1a: Gliscor\n|-damage|p2a: Basculegion|4/100|[from] item: Life Orb\n|\n|win|p0lvris\n|raw|bruhdnigerian's rating: 1202 &rarr; <strong>1178</strong><br />(-24 for losing)\n|raw|p0lvris's rating: 1215 &rarr; <strong>1239</strong><br />(+24 for winning)\n|l|☆p0lvris\n|player|p2|\n","uploadtime":1788371781,"views":"0","formatid":"gen9championsvgc2026regmb","rating":1178,"private":0,"password":null}