{"id":"gen9championsvgc2026regmb-2674747418","format":"[Gen 9 Champions] VGC 2026 Reg M-B","players":["Li7","Valhala Alfa"],"log":"|j|☆Li7\n|j|☆Valhala Alfa\n|t:|1788399905\n|gametype|doubles\n|player|p1|Li7|102|1161\n|player|p2|Valhala Alfa|battlegirl|1128\n|gen|9\n|tier|[Gen 9 Champions] VGC 2026 Reg M-B\n|rated|\n|rule|Species Clause: Limit one of each Pokémon\n|rule|Item Clause: Limit 1 of each item\n|clearpoke\n|poke|p1|Metagross, L50, shiny|\n|poke|p1|Kleavor, L50, F|\n|poke|p1|Whimsicott, L50, M, shiny|\n|poke|p1|Kingambit, L50, M|\n|poke|p1|Raichu, L50, M|\n|poke|p1|Basculegion, L50, M|\n|poke|p2|Camerupt, L50, F|\n|poke|p2|Reuniclus, L50, M|\n|poke|p2|Rhyperior, L50, F|\n|poke|p2|Sableye, L50, M|\n|poke|p2|Bellibolt, L50, M|\n|poke|p2|Weavile, L50, F|\n|teampreview|4\n|inactive|Battle timer is ON: inactive players will automatically lose when time's up. (requested by Valhala Alfa)\n|inactive|Li7 has 60 seconds left.\n|\n|t:|1788399936\n|teamsize|p1|4\n|teamsize|p2|4\n|start\n|switch|p1a: Kleavor|Kleavor, L50, F|100/100\n|switch|p1b: Whimsicott|Whimsicott, L50, M, shiny|100/100\n|switch|p2a: Reuniclus|Reuniclus, L50, M|100/100\n|switch|p2b: Weavile|Weavile, L50, F|100/100\n|-ability|p2b: Weavile|Pressure\n|turn|1\n|\n|t:|1788399949\n|move|p1b: Whimsicott|Tailwind|p1b: Whimsicott\n|-sidestart|p1: Li7|move: Tailwind\n|move|p1a: Kleavor|Stone Axe|p2b: Weavile\n|-supereffective|p2b: Weavile|1\n|-enditem|p2b: Weavile|Focus Sash\n|-damage|p2b: Weavile|1/100\n|-sidestart|p2: Valhala Alfa|move: Stealth Rock\n|move|p2b: Weavile|Triple Axel|p1b: Whimsicott\n|-supereffective|p1b: Whimsicott|1\n|-damage|p1b: Whimsicott|69/100\n|-supereffective|p1b: Whimsicott|1\n|-damage|p1b: Whimsicott|8/100\n|-supereffective|p1b: Whimsicott|1\n|-damage|p1b: Whimsicott|0 fnt\n|faint|p1b: Whimsicott\n|-hitcount|p1: Whimsicott|3\n|move|p2a: Reuniclus|Trick Room|p2a: Reuniclus\n|-fieldstart|move: Trick Room|[of] p2a: Reuniclus\n|\n|upkeep\n|\n|t:|1788399969\n|switch|p1b: Kingambit|Kingambit, L50, M|100/100\n|turn|2\n|\n|t:|1788399992\n|move|p1a: Kleavor|Feint|p2b: Weavile\n|-damage|p2b: Weavile|0 fnt\n|faint|p2b: Weavile\n|move|p2a: Reuniclus|Energy Ball|p1a: Kleavor\n|-damage|p1a: Kleavor|28/100\n|move|p1b: Kingambit|Kowtow Cleave|p2a: Reuniclus\n|-supereffective|p2a: Reuniclus|1\n|-damage|p2a: Reuniclus|19/100\n|\n|upkeep\n|\n|t:|1788400002\n|switch|p2b: Camerupt|Camerupt, L50, F|100/100\n|-damage|p2b: Camerupt|87/100|[from] Stealth Rock\n|turn|3\n|\n|t:|1788400017\n|detailschange|p2b: Camerupt|Camerupt-Mega, L50, F\n|-mega|p2b: Camerupt|Camerupt|Cameruptite\n|move|p1a: Kleavor|Feint|p2b: Camerupt\n|-damage|p2b: Camerupt|75/100\n|move|p1b: Kingambit|Sucker Punch|p2b: Camerupt\n|-damage|p2b: Camerupt|39/100\n|move|p2b: Camerupt|Heat Wave|p1b: Kingambit|[spread] p1a,p1b\n|-supereffective|p1b: Kingambit|1\n|-damage|p1a: Kleavor|0 fnt\n|-damage|p1b: Kingambit|0 fnt\n|faint|p1a: Kleavor\n|faint|p1b: Kingambit\n|move|p2a: Reuniclus|Energy Ball|p1: Kleavor|[notarget]\n|-fail|p2a: Reuniclus\n|\n|upkeep\n|\n|t:|1788400027\n|switch|p1b: Metagross|Metagross, L50, shiny|100/100\n|turn|4\n|\n|t:|1788400040\n|detailschange|p1b: Metagross|Metagross-Mega, L50, shiny\n|-mega|p1b: Metagross|Metagross|Metagrossite\n|move|p1b: Metagross|Protect|p1b: Metagross\n|-singleturn|p1b: Metagross|Protect\n|move|p2b: Camerupt|Earth Power|p1b: Metagross\n|-activate|p1b: Metagross|move: Protect\n|move|p2a: Reuniclus|Psychic|p1b: Metagross\n|-activate|p1b: Metagross|move: Protect\n|\n|-sideend|p1: Li7|move: Tailwind\n|upkeep\n|turn|5\n|\n|t:|1788400056\n|move|p1b: Metagross|Protect||[still]\n|-fail|p1b: Metagross\n|move|p2b: Camerupt|Earth Power|p1b: Metagross\n|-supereffective|p1b: Metagross|1\n|-damage|p1b: Metagross|0 fnt\n|faint|p1b: Metagross\n|\n|win|Valhala Alfa\n|raw|Li7's rating: 1161 &rarr; <strong>1134</strong><br />(-27 for losing)\n|raw|Valhala Alfa's rating: 1128 &rarr; <strong>1155</strong><br />(+27 for winning)\n|l|☆Li7\n|player|p1|\n","uploadtime":1788400070,"views":"11","formatid":"gen9championsvgc2026regmb","rating":1134,"private":0,"password":null}