{"id":"gen9championsvgc2026regmb-2674034757","format":"[Gen 9 Champions] VGC 2026 Reg M-B","players":["iceberg149","Yveltql"],"log":"|j|☆iceberg149\n|j|☆Yveltql\n|html|<table width=\"100%\"><tr><td align=\"left\">iceberg149</td><td align=\"right\">Yveltql</tr><tr><td align=\"left\"><i class=\"fa fa-circle\"></i> <i class=\"fa fa-circle-o\"></i> </td><td align=\"right\"><i class=\"fa fa-circle-o\"></i> <i class=\"fa fa-circle-o\"></i> </tr></table>\n|uhtml|bestof|<h2><strong>Game 2</strong> of <a href=\"/game-bestof3-gen9championsvgc2026regmb-2674028350\">a best-of-3</a></h2>\n|t:|1788290770\n|gametype|doubles\n|player|p1|iceberg149|ethan|\n|player|p2|Yveltql|ghetsis|\n|gen|9\n|tier|[Gen 9 Champions] VGC 2026 Reg M-B\n|rule|Species Clause: Limit one of each Pokémon\n|rule|Item Clause: Limit 1 of each item\n|raw|<div class=\"infobox\"><details class=\"readmore\" open><summary><strong>1 custom rule:</strong></summary> Best of = 3</details></div>\n|clearpoke\n|poke|p1|Staraptor, L50, F, shiny|\n|poke|p1|Gholdengo, L50, shiny|\n|poke|p1|Maushold-Four, L50, shiny|\n|poke|p1|Meowstic, L50, M|\n|poke|p1|Raichu, L50, F|\n|poke|p1|Rotom-Frost, L50, shiny|\n|poke|p2|Archaludon, L50, F, shiny|\n|poke|p2|Basculegion, L50, M, shiny|\n|poke|p2|Pelipper, L50, F, shiny|\n|poke|p2|Swampert, L50, F, shiny|\n|poke|p2|Jolteon, L50, F, shiny|\n|poke|p2|Espathra, L50, F, shiny|\n|teampreview|4\niceberg149 rejected open team sheets.\n|\n|t:|1788290868\n|teamsize|p1|4\n|teamsize|p2|4\n|start\n|switch|p1a: Shoto|Staraptor, L50, F, shiny|100/100\n|switch|p1b: Ren|Rotom-Frost, L50, shiny|100/100\n|switch|p2a: Red + White|Swampert, L50, F, shiny|100/100\n|switch|p2b: Its Raining Men|Pelipper, L50, F, shiny|100/100\n|-ability|p1a: Shoto|Intimidate|boost\n|-unboost|p2a: Red + White|atk|1\n|-unboost|p2b: Its Raining Men|atk|1\n|-weather|RainDance|[from] ability: Drizzle|[of] p2b: Its Raining Men\n|turn|1\n|\n|t:|1788290935\n|switch|p2b: Brooklyn Bridge|Archaludon, L50, F, shiny|100/100\n|detailschange|p1a: Shoto|Staraptor-Mega, L50, F, shiny\n|-mega|p1a: Shoto|Staraptor|Staraptite\n|detailschange|p2a: Red + White|Swampert-Mega, L50, F, shiny\n|-mega|p2a: Red + White|Swampert|Swampertite\n|move|p2a: Red + White|Wave Crash|p1a: Shoto\n|-damage|p1a: Shoto|29/100\n|-damage|p2a: Red + White|78/100|[from] Recoil\n|move|p1a: Shoto|Tailwind|p1a: Shoto\n|-sidestart|p1: iceberg149|move: Tailwind\n|move|p1b: Ren|Volt Switch|p2b: Brooklyn Bridge\n|-resisted|p2b: Brooklyn Bridge|1\n|-damage|p2b: Brooklyn Bridge|74/100\n|\n|t:|1788290957\n|switch|p1b: Goku|Raichu, L50, F|100/100|[from] Volt Switch\n|\n|-weather|RainDance|[upkeep]\n|upkeep\n|turn|2\n|j| Chris V9\n|\n|t:|1788290991\n|move|p2a: Red + White|Protect|p2a: Red + White\n|-singleturn|p2a: Red + White|Protect\n|move|p1a: Shoto|Close Combat|p2a: Red + White\n|-activate|p2a: Red + White|move: Protect\n|move|p1b: Goku|Grass Knot|p2a: Red + White\n|-activate|p2a: Red + White|move: Protect\n|move|p2b: Brooklyn Bridge|Electro Shot||[still]\n|-prepare|p2b: Brooklyn Bridge|Electro Shot\n|-boost|p2b: Brooklyn Bridge|spa|1\n|-anim|p2b: Brooklyn Bridge|Electro Shot|p1a: Shoto\n|-supereffective|p1a: Shoto|1\n|-damage|p1a: Shoto|0 fnt\n|faint|p1a: Shoto\n|\n|-weather|RainDance|[upkeep]\n|upkeep\n|\n|t:|1788291005\n|switch|p1a: All Might|Gholdengo, L50, shiny|100/100\n|turn|3\n|\n|t:|1788291042\n|switch|p2a: Its Raining Men|Pelipper, L50, F, shiny|100/100\n|move|p2b: Brooklyn Bridge|Protect|p2b: Brooklyn Bridge\n|-singleturn|p2b: Brooklyn Bridge|Protect\n|move|p1b: Goku|Grass Knot|p2a: Its Raining Men\n|-damage|p2a: Its Raining Men|74/100\n|move|p1a: All Might|Shadow Ball|p2b: Brooklyn Bridge\n|-activate|p2b: Brooklyn Bridge|move: Protect\n|\n|-weather|RainDance|[upkeep]\n|upkeep\n|turn|4\n|\n|t:|1788291101\n|move|p2a: Its Raining Men|Wide Guard|p2a: Its Raining Men\n|-singleturn|p2a: Its Raining Men|Wide Guard\n|move|p1b: Goku|Electroweb|p2a: Its Raining Men|[spread] \n|-activate|p2a: Its Raining Men|move: Wide Guard\n|-activate|p2b: Brooklyn Bridge|move: Wide Guard\n|move|p1a: All Might|Shadow Ball|p2b: Brooklyn Bridge\n|-damage|p2b: Brooklyn Bridge|0 fnt\n|faint|p2b: Brooklyn Bridge\n|\n|-weather|RainDance|[upkeep]\n|-sideend|p1: iceberg149|move: Tailwind\n|upkeep\n|j| DarkeKnight\n|\n|t:|1788291113\n|switch|p2b: Red + White|Swampert-Mega, L50, F, shiny|78/100\n|turn|5\n|\n|t:|1788291156\n|switch|p1a: Ren|Rotom-Frost, L50, shiny|100/100\n|move|p2b: Red + White|Earthquake|p1a: Ren|[spread] p1b\n|-immune|p2a: Its Raining Men\n|-immune|p1a: Ren|[from] ability: Levitate\n|-supereffective|p1b: Goku|1\n|-damage|p1b: Goku|0 fnt\n|faint|p1b: Goku\n|move|p2a: Its Raining Men|Tailwind|p2a: Its Raining Men\n|-sidestart|p2: Yveltql|move: Tailwind\n|\n|-weather|RainDance|[upkeep]\n|upkeep\n|\n|t:|1788291163\n|switch|p1b: All Might|Gholdengo, L50, shiny|100/100\n|turn|6\n|\n|t:|1788291224\n|move|p2b: Red + White|Earthquake|p1a: Ren|[spread] p1b\n|-immune|p2a: Its Raining Men\n|-immune|p1a: Ren|[from] ability: Levitate\n|-supereffective|p1b: All Might|1\n|-damage|p1b: All Might|0 fnt\n|faint|p1b: All Might\n|move|p2a: Its Raining Men|Hurricane|p1a: Ren\n|-resisted|p1a: Ren|1\n|-damage|p1a: Ren|76/100\n|move|p1a: Ren|Dark Pulse|p2b: Red + White\n|-damage|p2b: Red + White|55/100\n|\n|-weather|RainDance|[upkeep]\n|upkeep\n|turn|7\n|\n|t:|1788291241\n|move|p2a: Its Raining Men|Helping Hand|p2b: Red + White\n|-singleturn|p2b: Red + White|Helping Hand|[of] p2a: Its Raining Men\n|move|p2b: Red + White|Wave Crash|p1a: Ren\n|-damage|p1a: Ren|0 fnt\n|faint|p1a: Ren\n|-damage|p2b: Red + White|37/100|[from] Recoil\n|\n|win|Yveltql\n||iceberg149 is ready for game 3.\n||Yveltql is ready for game 3.\n|uhtml|next|Next: <a href=\"/battle-gen9championsvgc2026regmb-2674038782\"><strong>Game 3 of 3</strong></a>\n|l| Chris V9\n|l|☆iceberg149\n|player|p1|\n|l| DarkeKnight\n","uploadtime":1788291849,"views":"4","formatid":"gen9championsvgc2026regmb","rating":null,"private":0,"password":null}