{"id":"gen9championsvgc2026regmb-2673871195","format":"[Gen 9 Champions] VGC 2026 Reg M-B","players":["Thornlace48812","Jtg258"],"log":"|j|☆Thornlace48812\n|j|☆Jtg258\n|t:|1788271215\n|gametype|doubles\n|player|p1|Thornlace48812|102|1165\n|player|p2|Jtg258|ruinmaniac|1178\n|gen|9\n|tier|[Gen 9 Champions] VGC 2026 Reg M-B\n|rated|\n|rule|Species Clause: Limit one of each Pokémon\n|rule|Item Clause: Limit 1 of each item\n|clearpoke\n|poke|p1|Garchomp, L50, F|\n|poke|p1|Charizard, L50, F|\n|poke|p1|Whimsicott, L50, M|\n|poke|p1|Sylveon, L50, M|\n|poke|p1|Kingambit, L50, M|\n|poke|p1|Basculegion, L50, M|\n|poke|p2|Archaludon, L50, F|\n|poke|p2|Pelipper, L50, F|\n|poke|p2|Charizard, L50, F|\n|poke|p2|Raichu, L50, F|\n|poke|p2|Kingambit, L50, M|\n|poke|p2|Garchomp, L50, F|\n|teampreview|4\n|inactive|Battle timer is ON: inactive players will automatically lose when time's up. (requested by Thornlace48812)\nThornlace48812 rejected open team sheets.\n|inactive|Jtg258 has 60 seconds left.\n|\n|t:|1788271266\n|teamsize|p1|4\n|teamsize|p2|4\n|start\n|switch|p1a: Basculegion|Basculegion, L50, M|100/100\n|switch|p1b: Whimsicott|Whimsicott, L50, M|100/100\n|switch|p2a: Charizard|Charizard, L50, F|100/100\n|switch|p2b: Garchomp|Garchomp, L50, F|100/100\n|turn|1\n|\n|t:|1788271286\n|move|p2a: Charizard|Protect|p2a: Charizard\n|-singleturn|p2a: Charizard|Protect\n|move|p1a: Basculegion|Protect|p1a: Basculegion\n|-singleturn|p1a: Basculegion|Protect\n|move|p1b: Whimsicott|Tailwind|p1b: Whimsicott\n|-sidestart|p1: Thornlace48812|move: Tailwind\n|move|p2b: Garchomp|Earthquake|p1a: Basculegion|[spread] p1b\n|-activate|p2a: Charizard|move: Protect\n|-activate|p1a: Basculegion|move: Protect\n|-resisted|p1b: Whimsicott|1\n|-damage|p1b: Whimsicott|67/100\n|\n|upkeep\n|turn|2\n|\n|t:|1788271306\n|switch|p2b: Pelipper|Pelipper, L50, F|100/100\n|-weather|RainDance|[from] ability: Drizzle|[of] p2b: Pelipper\n|switch|p2a: Archaludon|Archaludon, L50, F|100/100\n|move|p1b: Whimsicott|Moonblast|p2b: Pelipper\n|-damage|p2b: Pelipper|37/100\n|move|p1a: Basculegion|Last Respects|p2a: Archaludon\n|-damage|p2a: Archaludon|73/100\n|-ability|p2a: Archaludon|Stamina|boost\n|-boost|p2a: Archaludon|def|1\n|\n|-weather|RainDance|[upkeep]\n|-heal|p2a: Archaludon|79/100|[from] item: Leftovers\n|upkeep\n|turn|3\n|\n|t:|1788271330\n|move|p2b: Pelipper|Protect|p2b: Pelipper\n|-singleturn|p2b: Pelipper|Protect\n|move|p1b: Whimsicott|Moonblast|p2b: Pelipper\n|-activate|p2b: Pelipper|move: Protect\n|move|p1a: Basculegion|Wave Crash|p2b: Pelipper\n|-activate|p2b: Pelipper|move: Protect\n|move|p2a: Archaludon|Flash Cannon|p1b: Whimsicott\n|-supereffective|p1b: Whimsicott|1\n|-damage|p1b: Whimsicott|0 fnt\n|faint|p1b: Whimsicott\n|\n|-weather|RainDance|[upkeep]\n|-heal|p2a: Archaludon|85/100|[from] item: Leftovers\n|upkeep\n|\n|t:|1788271331\n|switch|p1b: Sylveon|Sylveon, L50, M|100/100\n|turn|4\n|\n|t:|1788271352\n|move|p2a: Archaludon|Protect|p2a: Archaludon\n|-singleturn|p2a: Archaludon|Protect\n|move|p1a: Basculegion|Last Respects|p2b: Pelipper\n|-damage|p2b: Pelipper|0 fnt\n|faint|p2b: Pelipper\n|move|p1b: Sylveon|Hyper Voice|p2a: Archaludon\n|-activate|p2a: Archaludon|move: Protect\n|\n|-weather|RainDance|[upkeep]\n|-heal|p2a: Archaludon|91/100|[from] item: Leftovers\n|-sideend|p1: Thornlace48812|move: Tailwind\n|upkeep\n|\n|t:|1788271364\n|switch|p2b: Charizard|Charizard, L50, F|100/100\n|turn|5\n|\n|t:|1788271384\n|move|p2b: Charizard|Protect|p2b: Charizard\n|-singleturn|p2b: Charizard|Protect\n|move|p1a: Basculegion|Wave Crash|p2a: Archaludon\n|-resisted|p2a: Archaludon|1\n|-damage|p2a: Archaludon|55/100\n|-ability|p2a: Archaludon|Stamina|boost\n|-boost|p2a: Archaludon|def|1\n|-damage|p1a: Basculegion|88/100|[from] Recoil\n|move|p2a: Archaludon|Electro Shot||[still]\n|-prepare|p2a: Archaludon|Electro Shot\n|-boost|p2a: Archaludon|spa|1\n|-anim|p2a: Archaludon|Electro Shot|p1a: Basculegion\n|-supereffective|p1a: Basculegion|1\n|-damage|p1a: Basculegion|0 fnt\n|faint|p1a: Basculegion\n|move|p1b: Sylveon|Hyper Voice|p2b: Charizard|[spread] p2a\n|-activate|p2b: Charizard|move: Protect\n|-damage|p2a: Archaludon|14/100\n|-ability|p2a: Archaludon|Stamina|boost\n|-boost|p2a: Archaludon|def|1\n|\n|-weather|RainDance|[upkeep]\n|-heal|p2a: Archaludon|20/100y|[from] item: Leftovers\n|upkeep\n|\n|t:|1788271384\n|switch|p1a: Charizard|Charizard, L50, F|100/100\n|turn|6\n|inactive|Jtg258 has 30 seconds left.\n|\n|t:|1788271418\n|detailschange|p2b: Charizard|Charizard-Mega-Y, L50, F\n|-mega|p2b: Charizard|Charizard|Charizardite Y\n|-weather|SunnyDay|[from] ability: Drought|[of] p2b: Charizard\n|detailschange|p1a: Charizard|Charizard-Mega-Y, L50, F\n|-mega|p1a: Charizard|Charizard|Charizardite Y\n|move|p1a: Charizard|Protect|p1a: Charizard\n|-singleturn|p1a: Charizard|Protect\n|move|p1b: Sylveon|Quick Attack|p2a: Archaludon\n|-damage|p2a: Archaludon|15/100\n|-ability|p2a: Archaludon|Stamina|boost\n|-boost|p2a: Archaludon|def|1\n|move|p2b: Charizard|Weather Ball|p1b: Sylveon\n|-damage|p1b: Sylveon|35/100\n|move|p2a: Archaludon|Flash Cannon|p1b: Sylveon\n|-supereffective|p1b: Sylveon|1\n|-damage|p1b: Sylveon|0 fnt\n|faint|p1b: Sylveon\n|\n|-weather|SunnyDay|[upkeep]\n|-heal|p2a: Archaludon|21/100|[from] item: Leftovers\n|upkeep\n|turn|7\n|inactive|Jtg258 has 30 seconds left.\n|\n|t:|1788271446\n|move|p2b: Charizard|Protect|p2b: Charizard\n|-singleturn|p2b: Charizard|Protect\n|move|p2a: Archaludon|Protect|p2a: Archaludon\n|-singleturn|p2a: Archaludon|Protect\n|move|p1a: Charizard|Heat Wave|p2b: Charizard|[spread] \n|-activate|p2a: Archaludon|move: Protect\n|-activate|p2b: Charizard|move: Protect\n|\n|-weather|SunnyDay|[upkeep]\n|-heal|p2a: Archaludon|27/100|[from] item: Leftovers\n|upkeep\n|turn|8\n|\n|t:|1788271461\n|move|p2b: Charizard|Weather Ball|p1a: Charizard\n|-resisted|p1a: Charizard|1\n|-damage|p1a: Charizard|57/100\n|move|p1a: Charizard|Heat Wave|p2a: Archaludon|[spread] p2a,p2b\n|-resisted|p2b: Charizard|1\n|-damage|p2a: Archaludon|0 fnt\n|-damage|p2b: Charizard|68/100\n|faint|p2a: Archaludon\n|\n|-weather|SunnyDay|[upkeep]\n|upkeep\n|\n|t:|1788271471\n|switch|p2a: Garchomp|Garchomp, L50, F|100/100\n|turn|9\n|\n|t:|1788271479\n|move|p1a: Charizard|Protect|p1a: Charizard\n|-singleturn|p1a: Charizard|Protect\n|move|p2a: Garchomp|Dragon Claw|p1a: Charizard\n|-activate|p1a: Charizard|move: Protect\n|move|p2b: Charizard|Weather Ball|p1a: Charizard\n|-activate|p1a: Charizard|move: Protect\n|\n|-weather|SunnyDay|[upkeep]\n|upkeep\n|turn|10\n|\n|t:|1788271483\n|move|p2a: Garchomp|Dragon Claw|p1a: Charizard\n|-damage|p1a: Charizard|0 fnt\n|faint|p1a: Charizard\n|\n|win|Jtg258\n|raw|Thornlace48812's rating: 1182 &rarr; <strong>1157</strong><br />(-25 for losing)\n|raw|Jtg258's rating: 1178 &rarr; <strong>1203</strong><br />(+25 for winning)\n","uploadtime":1788271483,"views":"4","formatid":"gen9championsvgc2026regmb","rating":1157,"private":0,"password":null}