{"id":"gen9championsvgc2026regmb-2674300585","format":"[Gen 9 Champions] VGC 2026 Reg M-B","players":["BossBlazing","xiaoyang2004"],"log":"|j|☆BossBlazing\n|j|☆xiaoyang2004\n|t:|1788335487\n|gametype|doubles\n|player|p1|BossBlazing|benga|1225\n|player|p2|xiaoyang2004|102|1322\n|gen|9\n|tier|[Gen 9 Champions] VGC 2026 Reg M-B\n|rated|\n|rule|Species Clause: Limit one of each Pokémon\n|rule|Item Clause: Limit 1 of each item\n|clearpoke\n|poke|p1|Delphox, L50, M, shiny|\n|poke|p1|Garchomp, L50, F|\n|poke|p1|Rotom-Wash, L50, shiny|\n|poke|p1|Sinistcha, L50|\n|poke|p1|Clefable, L50, F|\n|poke|p1|Hydreigon, L50, M|\n|poke|p2|Charizard, L50, M, shiny|\n|poke|p2|Garchomp, L50, M, shiny|\n|poke|p2|Rotom-Wash, L50, shiny|\n|poke|p2|Whimsicott, L50, F, shiny|\n|poke|p2|Incineroar, L50, M, shiny|\n|poke|p2|Hydreigon, L50, M, shiny|\n|teampreview|4\n|inactive|Battle timer is ON: inactive players will automatically lose when time's up. (requested by BossBlazing)\n|l|☆xiaoyang2004\n|inactive|xiaoyang2004 disconnected and has a minute to reconnect!\n|player|p2|\n|inactive|BossBlazing has 60 seconds left.\n|j|☆xiaoyang2004\n|inactive|xiaoyang2004 reconnected and has 55 seconds left.\n|player|p2|xiaoyang2004|102|\n|\n|t:|1788335529\n|teamsize|p1|4\n|teamsize|p2|4\n|start\n|switch|p1a: Sinistcha|Sinistcha, L50|100/100\n|switch|p1b: Delphox|Delphox, L50, M, shiny|100/100\n|switch|p2a: Charizard|Charizard, L50, M, shiny|100/100\n|switch|p2b: Incineroar|Incineroar, L50, M, shiny|100/100\n|-ability|p2b: Incineroar|Intimidate|boost\n|-unboost|p1a: Sinistcha|atk|1\n|-unboost|p1b: Delphox|atk|1\n|turn|1\n|inactive|xiaoyang2004 has 30 seconds left.\n|\n|t:|1788335563\n|detailschange|p1b: Delphox|Delphox-Mega, L50, M, shiny\n|-mega|p1b: Delphox|Delphox|Delphoxite\n|detailschange|p2a: Charizard|Charizard-Mega-Y, L50, M, shiny\n|-mega|p2a: Charizard|Charizard|Charizardite Y\n|-weather|SunnyDay|[from] ability: Drought|[of] p2a: Charizard\n|move|p1b: Delphox|Protect|p1b: Delphox\n|-singleturn|p1b: Delphox|Protect\n|move|p2a: Charizard|Weather Ball|p1a: Sinistcha\n|-supereffective|p1a: Sinistcha|1\n|-enditem|p1a: Sinistcha|Occa Berry|[eat]\n|-enditem|p1a: Sinistcha|Occa Berry|[weaken]\n|-damage|p1a: Sinistcha|1/100\n|move|p1a: Sinistcha|Shadow Ball|p2a: Charizard\n|-damage|p2a: Charizard|68/100\n|move|p2b: Incineroar|Parting Shot|p1b: Delphox\n|-activate|p1b: Delphox|move: Protect\n|\n|-weather|SunnyDay|[upkeep]\n|upkeep\n|turn|2\n|inactive|BossBlazing has 30 seconds left.\n|inactive|xiaoyang2004 has 30 seconds left.\n|\n|t:|1788335598\n|move|p1b: Delphox|Hypnosis|p2a: Charizard\n|-status|p2a: Charizard|slp|[from] move: Hypnosis\n|cant|p2a: Charizard|slp\n|move|p1a: Sinistcha|Matcha Gotcha|p2a: Charizard|[spread] p2a,p2b\n|-resisted|p2a: Charizard|2\n|-resisted|p2b: Incineroar|1\n|-damage|p2a: Charizard|62/100 slp\n|-heal|p1a: Sinistcha|3/100|[from] drain|[of] p2a: Charizard\n|-damage|p2b: Incineroar|91/100\n|-heal|p1a: Sinistcha|8/100|[from] drain|[of] p2b: Incineroar\n|move|p2b: Incineroar|Parting Shot|p1b: Delphox\n|-unboost|p1b: Delphox|atk|1\n|-unboost|p1b: Delphox|spa|1\n|\n|t:|1788335614\n|switch|p2b: Garchomp|Garchomp, L50, M, shiny|100/100|[from] Parting Shot\n|\n|-weather|SunnyDay|[upkeep]\n|upkeep\n|turn|3\n|\n|t:|1788335635\n|switch|p1b: Hydreigon|Hydreigon, L50, M|100/100\n|move|p2b: Garchomp|Rock Slide|p1a: Sinistcha|[spread] p1a,p1b\n|-damage|p1a: Sinistcha|0 fnt\n|-damage|p1b: Hydreigon|69/100\n|faint|p1a: Sinistcha\n|-damage|p2b: Garchomp|90/100|[from] item: Life Orb\n|cant|p2a: Charizard|slp\n|\n|-weather|SunnyDay|[upkeep]\n|upkeep\n|\n|t:|1788335642\n|switch|p1a: Garchomp|Garchomp, L50, F|100/100\n|turn|4\n|\n|t:|1788335662\n|move|p2b: Garchomp|Protect|p2b: Garchomp\n|-singleturn|p2b: Garchomp|Protect\n|move|p1a: Garchomp|Dragon Claw|p2b: Garchomp\n|-activate|p2b: Garchomp|move: Protect\n|move|p1b: Hydreigon|Dark Pulse|p2a: Charizard\n|-damage|p2a: Charizard|14/100 slp\n|-damage|p1b: Hydreigon|59/100|[from] item: Life Orb\n|-curestatus|p2a: Charizard|slp|[msg]\n|move|p2a: Charizard|Heat Wave|p1b: Hydreigon|[spread] p1a,p1b\n|-resisted|p1a: Garchomp|1\n|-resisted|p1b: Hydreigon|1\n|-damage|p1a: Garchomp|66/100\n|-damage|p1b: Hydreigon|21/100\n|\n|-weather|SunnyDay|[upkeep]\n|upkeep\n|turn|5\n|inactive|xiaoyang2004 has 30 seconds left.\n|\n|t:|1788335692\n|switch|p2a: Incineroar|Incineroar, L50, M, shiny|91/100\n|-ability|p2a: Incineroar|Intimidate|boost\n|-unboost|p1a: Garchomp|atk|1\n|-unboost|p1b: Hydreigon|atk|1\n|move|p1a: Garchomp|Dragon Claw|p2b: Garchomp\n|-supereffective|p2b: Garchomp|1\n|-damage|p2b: Garchomp|35/100\n|-damage|p1a: Garchomp|54/100|[from] ability: Rough Skin|[of] p2b: Garchomp\n|move|p2b: Garchomp|Rock Slide|p1a: Garchomp|[spread] p1a,p1b\n|-resisted|p1a: Garchomp|1\n|-damage|p1a: Garchomp|42/100\n|-damage|p1b: Hydreigon|0 fnt\n|faint|p1b: Hydreigon\n|-damage|p2b: Garchomp|25/100|[from] item: Life Orb\n|\n|-weather|none\n|upkeep\n|\n|t:|1788335698\n|switch|p1b: Delphox|Delphox-Mega, L50, M, shiny|100/100\n|turn|6\n|\n|t:|1788335715\n|move|p2a: Incineroar|Fake Out|p1b: Delphox\n|-crit|p1b: Delphox\n|-damage|p1b: Delphox|75/100\n|move|p1a: Garchomp|Dragon Claw|p2b: Garchomp\n|-supereffective|p2b: Garchomp|1\n|-damage|p2b: Garchomp|0 fnt\n|-damage|p1a: Garchomp|29/100|[from] ability: Rough Skin|[of] p2b: Garchomp\n|faint|p2b: Garchomp\n|cant|p1b: Delphox|flinch\n|\n|upkeep\n|\n|t:|1788335727\n|switch|p2b: Hydreigon|Hydreigon, L50, M, shiny|100/100\n|turn|7\n|\n|t:|1788335736\n|move|p1b: Delphox|Protect|p1b: Delphox\n|-singleturn|p1b: Delphox|Protect\n|move|p2b: Hydreigon|Dark Pulse|p1a: Garchomp\n|-damage|p1a: Garchomp|0 fnt\n|faint|p1a: Garchomp\n|move|p2a: Incineroar|Throat Chop|p1b: Delphox\n|-activate|p1b: Delphox|move: Protect\n|\n|upkeep\n|turn|8\n|-message|BossBlazing forfeited.\n|\n|win|xiaoyang2004\n|raw|BossBlazing's rating: 1225 &rarr; <strong>1207</strong><br />(-18 for losing)\n|raw|xiaoyang2004's rating: 1322 &rarr; <strong>1337</strong><br />(+15 for winning)\n|l|☆BossBlazing\n|player|p1|\n","uploadtime":1788335751,"views":"4","formatid":"gen9championsvgc2026regmb","rating":1207,"private":0,"password":null}