{"id":"gen9championsvgc2026regmbbo3-2673907196","format":"[Gen 9 Champions] VGC 2026 Reg M-B (Bo3)","players":["IronSerpentFan","infamous coak"],"log":"|j|☆IronSerpentFan\n|j|☆infamous coak\n|html|<table width=\"100%\"><tr><td align=\"left\">IronSerpentFan</td><td align=\"right\">infamous coak</tr><tr><td align=\"left\"><i class=\"fa fa-circle\"></i> <i class=\"fa fa-circle-o\"></i> </td><td align=\"right\"><i class=\"fa fa-circle-o\"></i> <i class=\"fa fa-circle-o\"></i> </tr></table>\n|uhtml|bestof|<h2><strong>Game 2</strong> of <a href=\"/game-bestof3-gen9championsvgc2026regmbbo3-2673903655\">a best-of-3</a></h2>\n|t:|1788275677\n|gametype|doubles\n|player|p1|IronSerpentFan|schoolkid-gen4|1109\n|player|p2|infamous coak|1|1009\n|gen|9\n|tier|[Gen 9 Champions] VGC 2026 Reg M-B (Bo3)\n|rated|\n|rule|Species Clause: Limit one of each Pokémon\n|rule|Item Clause: Limit 1 of each item\n|clearpoke\n|poke|p1|Politoed, L50, M|\n|poke|p1|Gengar, L50, F|\n|poke|p1|Incineroar, L50, F|\n|poke|p1|Sinistcha, L50|\n|poke|p1|Whimsicott, L50, F|\n|poke|p1|Staraptor, L50, F|\n|poke|p2|Ampharos, L50, M|\n|poke|p2|Farigiraf, L50, F|\n|poke|p2|Mawile, L50, F|\n|poke|p2|Pelipper, L50, F|\n|poke|p2|Corviknight, L50, F|\n|poke|p2|Scrafty, L50, F|\n|teampreview|4\n|showteam|p1|Politoed||SitrusBerry|Drizzle|Protect,Encore,WeatherBall,PerishSong|Modest||M|||50|]Gengar||Gengarite|CursedBody|Protect,Disable,ShadowBall,SludgeBomb|Timid||F|||50|]Incineroar||PasshoBerry|Intimidate|Protect,FakeOut,ThroatChop,PartingShot|Sassy||F|||50|]Sinistcha||ColburBerry|Hospitality|Protect,RagePowder,MatchaGotcha,TrickRoom|Sassy|||||50|]Whimsicott||FocusSash|Prankster|Protect,Tailwind,Moonblast,Charm|Timid||F|||50|]Staraptor||Staraptite|Intimidate|Protect,Roost,CloseCombat,BraveBird|Jolly||F|||50|\n|showteam|p2|Ampharos||Ampharosite|Static|DazzlingGleam,Thunderbolt,DragonPulse,Protect|Quiet||M|||50|]Farigiraf||ColburBerry|ArmorTail|TrickRoom,PsychicNoise,Imprison,HelpingHand|Quiet||F|||50|]Mawile||Mawilite|Intimidate|SuckerPunch,PlayRough,IronHead,Protect|Adamant||F|||50|]Pelipper||LifeOrb|Drizzle|Hurricane,WideGuard,MuddyWater,Protect|Quiet||F|||50|]Corviknight||Leftovers|MirrorArmor|BulkUp,BraveBird,Roost,IronHead|Brave||F|||50|]Scrafty||RoseliBerry|Intimidate|CloseCombat,FakeOut,Encore,KnockOff|Brave||F|||50|\n|inactive|Battle timer is ON: inactive players will automatically lose when time's up. (requested by IronSerpentFan)\n|c|☆infamous coak|The frustration is real with this one\n|c|☆IronSerpentFan|lol\n|inactive|IronSerpentFan has 60 seconds left.\n|\n|t:|1788275721\n|teamsize|p1|4\n|teamsize|p2|4\n|start\n|switch|p1a: Incineroar|Incineroar, L50, F|100/100\n|switch|p1b: Whimsicott|Whimsicott, L50, F|100/100\n|switch|p2a: Farigiraf|Farigiraf, L50, F|100/100\n|switch|p2b: Scrafty|Scrafty, L50, F|100/100\n|-ability|p1a: Incineroar|Intimidate|boost\n|-unboost|p2a: Farigiraf|atk|1\n|-unboost|p2b: Scrafty|atk|1\n|-ability|p2b: Scrafty|Intimidate|boost\n|-unboost|p1a: Incineroar|atk|1\n|-unboost|p1b: Whimsicott|atk|1\n|turn|1\n|inactive|IronSerpentFan has 30 seconds left.\n|inactive|infamous coak has 30 seconds left.\n|inactive|infamous coak has 20 seconds left.\n|inactive|IronSerpentFan has 20 seconds left.\n|inactive|infamous coak has 15 seconds left.\n|inactive|infamous coak has 10 seconds left.\n|inactive|infamous coak has 5 seconds left.\n|\n|t:|1788275776\n|move|p1b: Whimsicott|Moonblast|p2b: Scrafty\n|-supereffective|p2b: Scrafty|2\n|-enditem|p2b: Scrafty|Roseli Berry|[eat]\n|-enditem|p2b: Scrafty|Roseli Berry|[weaken]\n|-damage|p2b: Scrafty|30/100\n|move|p1a: Incineroar|Parting Shot|p2a: Farigiraf\n|-unboost|p2a: Farigiraf|atk|1\n|-unboost|p2a: Farigiraf|spa|1\n|\n|t:|1788275783\n|switch|p1a: Staraptor|Staraptor, L50, F|100/100|[from] Parting Shot\n|-ability|p1a: Staraptor|Intimidate|boost\n|-unboost|p2a: Farigiraf|atk|1\n|-unboost|p2b: Scrafty|atk|1\n|move|p2b: Scrafty|Close Combat|p1b: Whimsicott\n|-resisted|p1b: Whimsicott|1\n|-damage|p1b: Whimsicott|80/100\n|-unboost|p2b: Scrafty|def|1\n|-unboost|p2b: Scrafty|spd|1\n|move|p2a: Farigiraf|Trick Room|p2a: Farigiraf\n|-fieldstart|move: Trick Room|[of] p2a: Farigiraf\n|\n|upkeep\n|turn|2\n|\n|t:|1788275801\n|switch|p2b: Pelipper|Pelipper, L50, F|100/100\n|-weather|RainDance|[from] ability: Drizzle|[of] p2b: Pelipper\n|detailschange|p1a: Staraptor|Staraptor-Mega, L50, F\n|-mega|p1a: Staraptor|Staraptor|Staraptite\n|move|p1b: Whimsicott|Charm|p1a: Staraptor\n|-boost|p1a: Staraptor|atk|2\n|move|p2a: Farigiraf|Psychic Noise|p1a: Staraptor\n|-supereffective|p1a: Staraptor|1\n|-damage|p1a: Staraptor|57/100\n|-start|p1a: Staraptor|move: Heal Block\n|move|p1a: Staraptor|Close Combat|p2a: Farigiraf\n|-damage|p2a: Farigiraf|0 fnt\n|-boost|p1a: Staraptor|def|1\n|-boost|p1a: Staraptor|spd|1\n|faint|p2a: Farigiraf\n|\n|-weather|RainDance|[upkeep]\n|upkeep\n|\n|t:|1788275811\n|switch|p2a: Ampharos|Ampharos, L50, M|100/100\n|turn|3\n|\n|t:|1788275819\n|switch|p1b: Incineroar|Incineroar, L50, F|100/100\n|-ability|p1b: Incineroar|Intimidate|boost\n|-unboost|p2a: Ampharos|atk|1\n|-unboost|p2b: Pelipper|atk|1\n|detailschange|p2a: Ampharos|Ampharos-Mega, L50, M\n|-mega|p2a: Ampharos|Ampharos|Ampharosite\n|-ability|p2a: Ampharos|Mold Breaker\n|move|p1a: Staraptor|Protect|p1a: Staraptor\n|-singleturn|p1a: Staraptor|Protect\n|move|p2a: Ampharos|Dazzling Gleam|p1a: Staraptor|[spread] p1b\n|-activate|p1a: Staraptor|move: Protect\n|-damage|p1b: Incineroar|77/100\n|move|p2b: Pelipper|Hurricane|p1a: Staraptor\n|-activate|p1a: Staraptor|move: Protect\n|\n|-weather|RainDance|[upkeep]\n|-end|p1a: Staraptor|move: Heal Block\n|upkeep\n|turn|4\n|\n|t:|1788275832\n|move|p1b: Incineroar|Fake Out|p2a: Ampharos\n|-damage|p2a: Ampharos|91/100\n|cant|p2a: Ampharos|flinch\n|move|p2b: Pelipper|Hurricane|p1a: Staraptor\n|-supereffective|p1a: Staraptor|1\n|-damage|p1a: Staraptor|0 fnt\n|faint|p1a: Staraptor\n|-damage|p2b: Pelipper|90/100|[from] item: Life Orb\n|\n|-weather|RainDance|[upkeep]\n|upkeep\n|\n|t:|1788275842\n|switch|p1a: Whimsicott|Whimsicott, L50, F|80/100\n|turn|5\n|\n|t:|1788275853\n|move|p1a: Whimsicott|Protect|p1a: Whimsicott\n|-singleturn|p1a: Whimsicott|Protect\n|move|p1b: Incineroar|Protect|p1b: Incineroar\n|-singleturn|p1b: Incineroar|Protect\n|move|p2a: Ampharos|Thunderbolt|p1b: Incineroar\n|-activate|p1b: Incineroar|move: Protect\n|move|p2b: Pelipper|Hurricane|p1a: Whimsicott\n|-activate|p1a: Whimsicott|move: Protect\n|\n|-weather|RainDance|[upkeep]\n|-fieldend|move: Trick Room\n|upkeep\n|turn|6\n|\n|t:|1788275866\n|move|p1a: Whimsicott|Moonblast|p2b: Pelipper\n|-damage|p2b: Pelipper|44/100\n|move|p2b: Pelipper|Hurricane|p1a: Whimsicott\n|-supereffective|p1a: Whimsicott|1\n|-damage|p1a: Whimsicott|0 fnt\n|faint|p1a: Whimsicott\n|-damage|p2b: Pelipper|35/100|[from] item: Life Orb\n|move|p1b: Incineroar|Parting Shot|p2a: Ampharos\n|-unboost|p2a: Ampharos|atk|1\n|-unboost|p2a: Ampharos|spa|1\n|\n|t:|1788275871\n|switch|p1b: Politoed|Politoed, L50, M|100/100|[from] Parting Shot\n|move|p2a: Ampharos|Thunderbolt|p1b: Politoed\n|-supereffective|p1b: Politoed|1\n|-damage|p1b: Politoed|35/100\n|-enditem|p1b: Politoed|Sitrus Berry|[eat]\n|-heal|p1b: Politoed|59/100|[from] item: Sitrus Berry\n|\n|-weather|none\n|upkeep\n|\n|t:|1788275873\n|switch|p1a: Incineroar|Incineroar, L50, F|77/100\n|-ability|p1a: Incineroar|Intimidate|boost\n|-unboost|p2a: Ampharos|atk|1\n|-unboost|p2b: Pelipper|atk|1\n|turn|7\n|\n|t:|1788275892\n|move|p1a: Incineroar|Fake Out|p2a: Ampharos\n|-damage|p2a: Ampharos|81/100\n|move|p1b: Politoed|Weather Ball|p2b: Pelipper\n|-damage|p2b: Pelipper|17/100\n|move|p2b: Pelipper|Muddy Water|p1b: Politoed|[spread] p1a\n|-miss|p2b: Pelipper|p1b: Politoed\n|-supereffective|p1a: Incineroar|1\n|-enditem|p1a: Incineroar|Passho Berry|[eat]\n|-enditem|p1a: Incineroar|Passho Berry|[weaken]\n|-damage|p1a: Incineroar|46/100\n|-damage|p2b: Pelipper|8/100|[from] item: Life Orb\n|cant|p2a: Ampharos|flinch\n|\n|upkeep\n|turn|8\n|\n|t:|1788275911\n|switch|p2a: Scrafty|Scrafty, L50, F|30/100\n|-ability|p2a: Scrafty|Intimidate|boost\n|-unboost|p1a: Incineroar|atk|1\n|-unboost|p1b: Politoed|atk|1\n|move|p2b: Pelipper|Protect|p2b: Pelipper\n|-singleturn|p2b: Pelipper|Protect\n|move|p1b: Politoed|Weather Ball|p2a: Scrafty\n|-damage|p2a: Scrafty|19/100\n|move|p1a: Incineroar|Throat Chop|p2a: Scrafty\n|-resisted|p2a: Scrafty|2\n|-damage|p2a: Scrafty|14/100\n|-start|p2a: Scrafty|Throat Chop|[silent]\n|\n|upkeep\n|turn|9\n|\n|t:|1788275933\n|switch|p2a: Ampharos|Ampharos-Mega, L50, M|81/100\n|-ability|p2a: Ampharos|Mold Breaker\n|move|p1b: Politoed|Protect|p1b: Politoed\n|-singleturn|p1b: Politoed|Protect\n|move|p1a: Incineroar|Protect|p1a: Incineroar\n|-singleturn|p1a: Incineroar|Protect\n|move|p2b: Pelipper|Muddy Water|p1a: Incineroar|[spread] \n|-activate|p1a: Incineroar|move: Protect\n|-activate|p1b: Politoed|move: Protect\n|\n|upkeep\n|turn|10\n|\n|t:|1788275948\n|switch|p2b: Scrafty|Scrafty, L50, F|14/100\n|-ability|p2b: Scrafty|Intimidate|boost\n|-unboost|p1a: Incineroar|atk|1\n|-unboost|p1b: Politoed|atk|1\n|move|p1b: Politoed|Weather Ball|p2b: Scrafty\n|-damage|p2b: Scrafty|4/100\n|move|p1a: Incineroar|Parting Shot|p2a: Ampharos\n|-unboost|p2a: Ampharos|atk|1\n|-unboost|p2a: Ampharos|spa|1\n|move|p2a: Ampharos|Thunderbolt|p1b: Politoed\n|-supereffective|p1b: Politoed|1\n|-damage|p1b: Politoed|0 fnt\n|faint|p1b: Politoed\n|\n|upkeep\n|turn|11\n|\n|t:|1788275961\n|move|p1a: Incineroar|Protect|p1a: Incineroar\n|-singleturn|p1a: Incineroar|Protect\n|move|p2b: Scrafty|Close Combat|p1a: Incineroar\n|-activate|p1a: Incineroar|move: Protect\n|move|p2a: Ampharos|Thunderbolt|p1a: Incineroar\n|-activate|p1a: Incineroar|move: Protect\n|\n|upkeep\n|turn|12\n|\n|t:|1788275966\n|move|p1a: Incineroar|Throat Chop|p2a: Ampharos\n|-damage|p2a: Ampharos|67/100\n|-start|p2a: Ampharos|Throat Chop|[silent]\n|move|p2b: Scrafty|Close Combat|p1a: Incineroar\n|-supereffective|p1a: Incineroar|1\n|-damage|p1a: Incineroar|0 fnt\n|-unboost|p2b: Scrafty|def|1\n|-unboost|p2b: Scrafty|spd|1\n|faint|p1a: Incineroar\n|\n|win|infamous coak\n||infamous coak is ready for game 3.\n","uploadtime":1788275971,"views":"0","formatid":"gen9championsvgc2026regmbbo3","rating":null,"private":0,"password":null}