{"id":"gen9championsvgc2026regmb-2673979612","format":"[Gen 9 Champions] VGC 2026 Reg M-B","players":["boise blastoise","lokithered"],"log":"|j|☆boise blastoise\n|j|☆lokithered\n|html|<table width=\"100%\"><tr><td align=\"left\">boise blastoise</td><td align=\"right\">lokithered</tr><tr><td align=\"left\"><i class=\"fa fa-circle\"></i> <i class=\"fa fa-circle-o\"></i> </td><td align=\"right\"><i class=\"fa fa-circle-o\"></i> <i class=\"fa fa-circle\"></i> </tr></table>\n|uhtml|bestof|<h2><strong>Game 3</strong> of <a href=\"/game-bestof3-gen9championsvgc2026regmb-2673971492\">a best-of-3</a></h2>\n|t:|1788284300\n|gametype|doubles\n|player|p1|boise blastoise|hoopster|\n|player|p2|lokithered|2|\n|gen|9\n|tier|[Gen 9 Champions] VGC 2026 Reg M-B\n|rule|Species Clause: Limit one of each Pokémon\n|rule|Item Clause: Limit 1 of each item\n|raw|<div class=\"infobox\"><details class=\"readmore\" open><summary><strong>1 custom rule:</strong></summary> Best of = 3</details></div>\n|clearpoke\n|poke|p1|Sneasler, L50, M|\n|poke|p1|Torkoal, L50, M|\n|poke|p1|Venusaur, L50, F|\n|poke|p1|Golurk, L50|\n|poke|p1|Farigiraf, L50, M|\n|poke|p1|Kingambit, L50, M|\n|poke|p2|Dragonite, L50, F|\n|poke|p2|Charizard, L50, F|\n|poke|p2|Grimmsnarl, L50, M|\n|poke|p2|Zoroark-Hisui, L50, F|\n|poke|p2|Venusaur, L50, F|\n|poke|p2|Floette-Eternal, L50, F|\n|teampreview|4\n|j| PreMaturely\nlokithered rejected open team sheets.\n|c| PreMaturely|Bro was so shell shocked he won he forgot to hit the button\n|c| PreMaturely|get it cause his name has Blastoise in it and it has a shell haha\n|\n|t:|1788284367\n|teamsize|p1|4\n|teamsize|p2|4\n|start\n|switch|p1a: Farigiraf|Farigiraf, L50, M|100/100\n|switch|p1b: Sneasler|Sneasler, L50, M|100/100\n|switch|p2a: Charizard|Charizard, L50, F|100/100\n|switch|p2b: Venusaur|Venusaur, L50, F|100/100\n|turn|1\n|\n|t:|1788284495\n|detailschange|p2a: Charizard|Charizard-Mega-Y, L50, F\n|-mega|p2a: Charizard|Charizard|Charizardite Y\n|-weather|SunnyDay|[from] ability: Drought|[of] p2a: Charizard\n|move|p1b: Sneasler|Fake Out|p2b: Venusaur\n|-damage|p2b: Venusaur|82/100\n|cant|p2b: Venusaur|flinch\n|move|p2a: Charizard|Heat Wave|p1a: Farigiraf|[spread] p1a,p1b\n|-damage|p1a: Farigiraf|61/100\n|-damage|p1b: Sneasler|25/100\n|-status|p1b: Sneasler|brn\n|move|p1a: Farigiraf|Trick Room|p1a: Farigiraf\n|-fieldstart|move: Trick Room|[of] p1a: Farigiraf\n|\n|-weather|SunnyDay|[upkeep]\n|-damage|p1b: Sneasler|18/100 brn|[from] brn\n|upkeep\n|turn|2\n|j| chicco_the_best\n|l| PreMaturely\n|j| PreMaturely\n|l| chicco_the_best\n|\n|t:|1788284623\n|switch|p2a: Dragonite|Dragonite, L50, F|100/100\n|move|p1a: Farigiraf|Helping Hand|p1b: Sneasler\n|-singleturn|p1b: Sneasler|Helping Hand|[of] p1a: Farigiraf\n|move|p1b: Sneasler|Rock Slide|p2b: Venusaur|[spread] p2a,p2b\n|-supereffective|p2a: Dragonite|1\n|-damage|p2a: Dragonite|70/100\n|-damage|p2b: Venusaur|65/100\n|cant|p2b: Venusaur|flinch\n|\n|-weather|SunnyDay|[upkeep]\n|-damage|p1b: Sneasler|12/100 brn|[from] brn\n|upkeep\n|turn|3\n|j| chicco_the_best\n|c| PreMaturely|Unlucky burn for Shay\n|l| chicco_the_best\n|\n|t:|1788284691\n|switch|p1a: Torkoal|Torkoal, L50, M|100/100\n|switch|p1b: Golurk|Golurk, L50|100/100\n|move|p2a: Dragonite|Dragon Claw|p1a: Torkoal\n|-damage|p1a: Torkoal|55/100\n|-damage|p2a: Dragonite|60/100|[from] item: Life Orb\n|move|p2b: Venusaur|Earth Power|p1a: Torkoal\n|-supereffective|p1a: Torkoal|1\n|-damage|p1a: Torkoal|0 fnt\n|faint|p1a: Torkoal\n|\n|-weather|SunnyDay|[upkeep]\n|upkeep\n|j| chicco_the_best\n|\n|t:|1788284733\n|switch|p1a: Sneasler|Sneasler, L50, M|12/100 brn\n|turn|4\n|\n|t:|1788284748\n|move|p2a: Dragonite|Protect|p2a: Dragonite\n|-singleturn|p2a: Dragonite|Protect\n|move|p2b: Venusaur|Protect|p2b: Venusaur\n|-singleturn|p2b: Venusaur|Protect\n|move|p1a: Sneasler|Fake Out|p2b: Venusaur\n|-activate|p2b: Venusaur|move: Protect\n|move|p1b: Golurk|Ice Punch|p2b: Venusaur\n|-activate|p2b: Venusaur|move: Protect\n|\n|-weather|SunnyDay|[upkeep]\n|-damage|p1a: Sneasler|6/100 brn|[from] brn\n|upkeep\n|turn|5\n|\n|t:|1788284774\n|switch|p1a: Farigiraf|Farigiraf, L50, M|61/100\n|move|p1b: Golurk|Ice Punch|p2a: Dragonite\n|-supereffective|p2a: Dragonite|2\n|-damage|p2a: Dragonite|0 fnt\n|faint|p2a: Dragonite\n|move|p2b: Venusaur|Earth Power|p1a: Farigiraf\n|-damage|p1a: Farigiraf|40/100\n|-enditem|p1a: Farigiraf|Sitrus Berry|[eat]\n|-heal|p1a: Farigiraf|64/100|[from] item: Sitrus Berry\n|\n|-weather|none\n|-fieldend|move: Trick Room\n|upkeep\n|l| chicco_the_best\n|\n|t:|1788284925\n|switch|p2a: Floette|Floette-Eternal, L50, F|100/100\n|turn|6\n|j| chicco_the_best\n|\n|t:|1788285009\n|move|p2a: Floette|Light of Ruin|p1b: Golurk\n|-damage|p1b: Golurk|15/100\n|-damage|p2a: Floette|50/100g|[from] Recoil\n|move|p2b: Venusaur|Sleep Powder|p1a: Farigiraf\n|-status|p1a: Farigiraf|slp|[from] move: Sleep Powder\n|move|p1b: Golurk|Ice Punch|p2b: Venusaur\n|-supereffective|p2b: Venusaur|1\n|-damage|p2b: Venusaur|1/100\n|cant|p1a: Farigiraf|slp\n|\n|-activate|p1a: Farigiraf|ability: Cud Chew\n|-enditem|p1a: Farigiraf|Sitrus Berry|[eat]\n|-heal|p1a: Farigiraf|89/100 slp|[from] item: Sitrus Berry\n|upkeep\n|turn|7\n|\n|t:|1788285028\n|switch|p1b: Sneasler|Sneasler, L50, M|6/100 brn\n|move|p2a: Floette|Light of Ruin|p1a: Farigiraf|[miss]\n|-miss|p2a: Floette|p1a: Farigiraf\n|move|p2b: Venusaur|Earth Power|p1b: Sneasler\n|-supereffective|p1b: Sneasler|1\n|-damage|p1b: Sneasler|0 fnt\n|faint|p1b: Sneasler\n|cant|p1a: Farigiraf|slp\n|\n|upkeep\n|\n|t:|1788285037\n|switch|p1b: Golurk|Golurk, L50|15/100\n|turn|8\n|\n|t:|1788285062\n|move|p2a: Floette|Light of Ruin|p1a: Farigiraf\n|-damage|p1a: Farigiraf|33/100 slp\n|-damage|p2a: Floette|13/100|[from] Recoil\n|move|p2b: Venusaur|Earth Power|p1a: Farigiraf\n|-damage|p1a: Farigiraf|13/100 slp\n|move|p1b: Golurk|Rock Slide|p2b: Venusaur|[spread] p2a,p2b\n|-damage|p2a: Floette|0 fnt\n|-damage|p2b: Venusaur|0 fnt\n|faint|p2a: Floette\n|faint|p2b: Venusaur\n|-curestatus|p1a: Farigiraf|slp|[msg]\n|move|p1a: Farigiraf|Trick Room|p1a: Farigiraf\n|-fieldstart|move: Trick Room|[of] p1a: Farigiraf\n|\n|upkeep\n|\n|t:|1788285071\n|switch|p2b: Charizard|Charizard-Mega-Y, L50, F|100/100\n|-weather|SunnyDay|[from] ability: Drought|[of] p2b: Charizard\n|turn|9\n|c|☆lokithered|i think lor miss loses me it\n|c|☆lokithered|ggs\n|\n|t:|1788285103\n|move|p1a: Farigiraf|Helping Hand|p1b: Golurk\n|-singleturn|p1b: Golurk|Helping Hand|[of] p1a: Farigiraf\n|move|p1b: Golurk|Rock Slide|p2b: Charizard\n|-supereffective|p2b: Charizard|2\n|-damage|p2b: Charizard|0 fnt\n|faint|p2b: Charizard\n|\n|win|boise blastoise\n|l| chicco_the_best\n|c| PreMaturely|Ggs\n|c|☆boise blastoise|Golurk my KING\n|c| PreMaturely|Wp both\n|c|☆boise blastoise|Gg!\n|l| PreMaturely\n","uploadtime":1788285160,"views":"12","formatid":"gen9championsvgc2026regmb","rating":null,"private":0,"password":null}