{"id":"gen9championsvgc2026regmbbo3-2673537619","format":"[Gen 9 Champions] VGC 2026 Reg M-B (Bo3)","players":["UwJU","Ramon1313"],"log":"|j|☆UwJU\n|j|☆Ramon1313\n|html|<table width=\"100%\"><tr><td align=\"left\">UwJU</td><td align=\"right\">Ramon1313</tr><tr><td align=\"left\"><i class=\"fa fa-circle-o\"></i> <i class=\"fa fa-circle-o\"></i> </td><td align=\"right\"><i class=\"fa fa-circle-o\"></i> <i class=\"fa fa-circle-o\"></i> </tr></table>\n|uhtml|bestof|<h2><strong>Game 1</strong> of <a href=\"/game-bestof3-gen9championsvgc2026regmbbo3-2673537618\">a best-of-3</a></h2>\n|t:|1788210096\n|gametype|doubles\n|player|p1|UwJU|1|1040\n|player|p2|Ramon1313|2|1000\n|gen|9\n|tier|[Gen 9 Champions] VGC 2026 Reg M-B (Bo3)\n|rated|\n|rule|Species Clause: Limit one of each Pokémon\n|rule|Item Clause: Limit 1 of each item\n|clearpoke\n|poke|p1|Staraptor, L50, F|\n|poke|p1|Gholdengo, L50|\n|poke|p1|Whimsicott, L50, M|\n|poke|p1|Floette-Eternal, L50, F|\n|poke|p1|Garchomp, L50, F|\n|poke|p1|Glimmora, L50, F|\n|poke|p2|Garchomp, L50, F|\n|poke|p2|Hippowdon, L50, F|\n|poke|p2|Houndstone, L50, M|\n|poke|p2|Dragapult, L50, M|\n|poke|p2|Volcarona, L50, F|\n|poke|p2|Kingambit, L50, M|\n|teampreview|4\n|showteam|p1|Staraptor||Staraptite|Intimidate|Protect,CloseCombat,BraveBird,Roost|Adamant||F|||50|]Gholdengo||LifeOrb|GoodasGold|Protect,MakeItRain,ShadowBall,NastyPlot|Timid|||||50|]Whimsicott||FairyFeather|Prankster|Moonblast,Tailwind,Encore,Charm|Timid||M|||50|]Floette-Eternal||Floettite|FlowerVeil|Protect,DazzlingGleam,Moonblast,LightofRuin|Timid||F|||50|]Garchomp||SitrusBerry|RoughSkin|Protect,StompingTantrum,RockSlide,DragonClaw|Jolly||F|||50|]Glimmora||FocusSash|ToxicDebris|SpikyShield,SludgeBomb,EarthPower,PowerGem|Timid||F|||50|\n|showteam|p2|Garchomp||Garchompite|SandVeil|DragonClaw,Earthquake,RockSlide,Protect|Adamant||F|||50|]Hippowdon||SmoothRock|SandStream|SandTomb,SlackOff,Yawn,Protect|Careful||F|||50|]Houndstone||LifeOrb|SandRush|LastRespects,ShadowSneak,PlayRough,Protect|Adamant||M|||50|]Dragapult||DragonFang|ClearBody|DragonDarts,PhantomForce,Uturn,SuckerPunch|Jolly||M|||50|]Volcarona||SitrusBerry|FlameBody|HeatWave,RagePowder,Tailwind,Protect|Bold||F|||50|]Kingambit||BlackGlasses|Defiant|KowtowCleave,SuckerPunch,IronHead,Protect|Adamant||M|||50|\n|\n|t:|1788210191\n|teamsize|p1|4\n|teamsize|p2|4\n|start\n|switch|p1a: Floette|Floette-Eternal, L50, F|100/100\n|switch|p1b: Whimsicott|Whimsicott, L50, M|100/100\n|switch|p2a: Hippowdon|Hippowdon, L50, F|100/100\n|switch|p2b: Volcarona|Volcarona, L50, F|100/100\n|-weather|Sandstorm|[from] ability: Sand Stream|[of] p2a: Hippowdon\n|turn|1\n|\n|t:|1788210238\n|detailschange|p1a: Floette|Floette-Mega, L50, F\n|-mega|p1a: Floette|Floette|Floettite\n|-ability|p1a: Floette|Fairy Aura\n|move|p1b: Whimsicott|Moonblast|p2b: Volcarona\n|-resisted|p2b: Volcarona|1\n|-damage|p2b: Volcarona|79/100\n|move|p1a: Floette|Light of Ruin|p2b: Volcarona\n|-resisted|p2b: Volcarona|1\n|-damage|p2b: Volcarona|29/100\n|-enditem|p2b: Volcarona|Sitrus Berry|[eat]\n|-heal|p2b: Volcarona|54/100|[from] item: Sitrus Berry\n|-damage|p1a: Floette|68/100|[from] Recoil\n|move|p2b: Volcarona|Tailwind|p2b: Volcarona\n|-sidestart|p2: Ramon1313|move: Tailwind\n|move|p2a: Hippowdon|Sand Tomb|p1a: Floette\n|-damage|p1a: Floette|49/100\n|-activate|p1a: Floette|move: Sand Tomb|[of] p2a: Hippowdon\n|\n|-weather|Sandstorm|[upkeep]\n|-damage|p2b: Volcarona|48/100|[from] Sandstorm\n|-damage|p1b: Whimsicott|94/100|[from] Sandstorm\n|-damage|p1a: Floette|43/100|[from] Sandstorm\n|-damage|p1a: Floette|31/100|[from] move: Sand Tomb|[partiallytrapped]\n|upkeep\n|turn|2\n|\n|t:|1788210270\n|move|p1a: Floette|Protect|p1a: Floette\n|-singleturn|p1a: Floette|Protect\n|move|p1b: Whimsicott|Tailwind|p1b: Whimsicott\n|-sidestart|p1: UwJU|move: Tailwind\n|move|p2b: Volcarona|Heat Wave|p1b: Whimsicott|[spread] p1b\n|-activate|p1a: Floette|move: Protect\n|-supereffective|p1b: Whimsicott|1\n|-crit|p1b: Whimsicott\n|-damage|p1b: Whimsicott|0 fnt\n|faint|p1b: Whimsicott\n|move|p2a: Hippowdon|Yawn|p1a: Floette\n|-activate|p1a: Floette|move: Protect\n|\n|-weather|Sandstorm|[upkeep]\n|-damage|p1a: Floette|25/100|[from] Sandstorm\n|-damage|p2b: Volcarona|42/100|[from] Sandstorm\n|-damage|p1a: Floette|13/100|[from] move: Sand Tomb|[partiallytrapped]\n|upkeep\n|\n|t:|1788210301\n|switch|p1b: Garchomp|Garchomp, L50, F|100/100\n|turn|3\n|\n|t:|1788210315\n|move|p1b: Garchomp|Rock Slide|p2b: Volcarona|[spread] p2a\n|-miss|p1b: Garchomp|p2b: Volcarona\n|-resisted|p2a: Hippowdon|1\n|-damage|p2a: Hippowdon|92/100\n|move|p1a: Floette|Moonblast|p2a: Hippowdon\n|-damage|p2a: Hippowdon|38/100\n|-unboost|p2a: Hippowdon|spa|1\n|move|p2b: Volcarona|Heat Wave|p1a: Floette|[spread] p1a,p1b\n|-resisted|p1b: Garchomp|1\n|-damage|p1a: Floette|0 fnt\n|-damage|p1b: Garchomp|83/100\n|faint|p1a: Floette\n|move|p2a: Hippowdon|Sand Tomb|p1b: Garchomp|[miss]\n|-miss|p2a: Hippowdon|p1b: Garchomp\n|\n|-weather|Sandstorm|[upkeep]\n|-damage|p2b: Volcarona|35/100|[from] Sandstorm\n|upkeep\n|\n|t:|1788210330\n|switch|p1a: Glimmora|Glimmora, L50, F|100/100\n|turn|4\n|\n|t:|1788210349\n|move|p2b: Volcarona|Rage Powder|p2b: Volcarona\n|-singleturn|p2b: Volcarona|move: Rage Powder\n|move|p1b: Garchomp|Rock Slide|p2b: Volcarona|[spread] \n|-miss|p1b: Garchomp|p2a: Hippowdon\n|-miss|p1b: Garchomp|p2b: Volcarona\n|move|p1a: Glimmora|Earth Power|p2b: Volcarona\n|-damage|p2b: Volcarona|8/100\n|move|p2a: Hippowdon|Slack Off|p2a: Hippowdon\n|-heal|p2a: Hippowdon|88/100\n|\n|-weather|Sandstorm|[upkeep]\n|-damage|p2b: Volcarona|2/100|[from] Sandstorm\n|-sideend|p2: Ramon1313|move: Tailwind\n|upkeep\n|turn|5\n|\n|t:|1788210379\n|move|p2a: Hippowdon|Protect|p2a: Hippowdon\n|-singleturn|p2a: Hippowdon|Protect\n|move|p1b: Garchomp|Dragon Claw|p2a: Hippowdon\n|-activate|p2a: Hippowdon|move: Protect\n|move|p1a: Glimmora|Power Gem|p2b: Volcarona\n|-supereffective|p2b: Volcarona|2\n|-damage|p2b: Volcarona|0 fnt\n|faint|p2b: Volcarona\n|\n|-weather|Sandstorm|[upkeep]\n|-sideend|p1: UwJU|move: Tailwind\n|upkeep\n|\n|t:|1788210393\n|switch|p2b: Garchomp|Garchomp, L50, F|100/100\n|turn|6\n|\n|t:|1788210412\n|detailschange|p2b: Garchomp|Garchomp-Mega, L50, F\n|-mega|p2b: Garchomp|Garchomp|Garchompite\n|move|p1b: Garchomp|Dragon Claw|p2b: Garchomp\n|-supereffective|p2b: Garchomp|1\n|-damage|p2b: Garchomp|22/100\n|move|p1a: Glimmora|Earth Power|p2b: Garchomp\n|-damage|p2b: Garchomp|0 fnt\n|faint|p2b: Garchomp\n|move|p2a: Hippowdon|Yawn|p1b: Garchomp\n|-start|p1b: Garchomp|move: Yawn|[of] p2a: Hippowdon\n|\n|-weather|Sandstorm|[upkeep]\n|upkeep\n|\n|t:|1788210426\n|switch|p2b: Kingambit|Kingambit, L50, M|100/100\n|turn|7\n|\n|t:|1788210437\n|move|p1b: Garchomp|Stomping Tantrum|p2b: Kingambit\n|-supereffective|p2b: Kingambit|1\n|-damage|p2b: Kingambit|41/100\n|move|p1a: Glimmora|Earth Power|p2b: Kingambit\n|-supereffective|p2b: Kingambit|1\n|-damage|p2b: Kingambit|0 fnt\n|faint|p2b: Kingambit\n|move|p2a: Hippowdon|Yawn|p1a: Glimmora\n|-start|p1a: Glimmora|move: Yawn|[of] p2a: Hippowdon\n|\n|-weather|Sandstorm|[upkeep]\n|-end|p1b: Garchomp|move: Yawn|[silent]\n|-status|p1b: Garchomp|slp\n|upkeep\n|turn|8\n|\n|t:|1788210453\n|cant|p1b: Garchomp|slp\n|move|p1a: Glimmora|Earth Power|p2a: Hippowdon\n|-damage|p2a: Hippowdon|66/100\n|move|p2a: Hippowdon|Sand Tomb|p1a: Glimmora\n|-supereffective|p1a: Glimmora|2\n|-damage|p1a: Glimmora|32/100\n|-activate|p1a: Glimmora|move: Sand Tomb|[of] p2a: Hippowdon\n|-activate|p1a: Glimmora|ability: Toxic Debris\n|-sidestart|p2: Ramon1313|move: Toxic Spikes\n|\n|-weather|none\n|-damage|p1a: Glimmora|20/100y|[from] move: Sand Tomb|[partiallytrapped]\n|-end|p1a: Glimmora|move: Yawn|[silent]\n|-status|p1a: Glimmora|slp\n|upkeep\n|turn|9\n|\n|t:|1788210473\n|cant|p1b: Garchomp|slp\n|cant|p1a: Glimmora|slp\n|move|p2a: Hippowdon|Sand Tomb|p1a: Glimmora\n|-supereffective|p1a: Glimmora|2\n|-damage|p1a: Glimmora|0 fnt\n|-activate|p1a: Glimmora|ability: Toxic Debris\n|-sidestart|p2: Ramon1313|move: Toxic Spikes\n|faint|p1a: Glimmora\n|\n|upkeep\n|turn|10\n|\n|t:|1788210487\n|-curestatus|p1b: Garchomp|slp|[msg]\n|move|p1b: Garchomp|Dragon Claw|p2a: Hippowdon\n|-damage|p2a: Hippowdon|37/100\n|move|p2a: Hippowdon|Sand Tomb|p1b: Garchomp\n|-damage|p1b: Garchomp|69/100\n|-activate|p1b: Garchomp|move: Sand Tomb|[of] p2a: Hippowdon\n|\n|-damage|p1b: Garchomp|56/100|[from] move: Sand Tomb|[partiallytrapped]\n|upkeep\n|turn|11\n|\n|t:|1788210499\n|move|p1b: Garchomp|Dragon Claw|p2a: Hippowdon\n|-damage|p2a: Hippowdon|7/100\n|move|p2a: Hippowdon|Slack Off|p2a: Hippowdon\n|-heal|p2a: Hippowdon|57/100\n|\n|-damage|p1b: Garchomp|44/100|[from] move: Sand Tomb|[partiallytrapped]\n|upkeep\n|-enditem|p1b: Garchomp|Sitrus Berry|[eat]\n|-heal|p1b: Garchomp|69/100|[from] item: Sitrus Berry\n|turn|12\n|\n|t:|1788210532\n|move|p1b: Garchomp|Dragon Claw|p2a: Hippowdon\n|-damage|p2a: Hippowdon|25/100\n|move|p2a: Hippowdon|Yawn|p1b: Garchomp\n|-start|p1b: Garchomp|move: Yawn|[of] p2a: Hippowdon\n|\n|-damage|p1b: Garchomp|56/100|[from] move: Sand Tomb|[partiallytrapped]\n|upkeep\n|turn|13\n|\n|t:|1788210545\n|move|p2a: Hippowdon|Protect|p2a: Hippowdon\n|-singleturn|p2a: Hippowdon|Protect\n|move|p1b: Garchomp|Dragon Claw|p2a: Hippowdon\n|-activate|p2a: Hippowdon|move: Protect\n|\n|-damage|p1b: Garchomp|44/100|[from] move: Sand Tomb|[partiallytrapped]\n|-end|p1b: Garchomp|move: Yawn|[silent]\n|-status|p1b: Garchomp|slp\n|upkeep\n|turn|14\n|\n|t:|1788210555\n|cant|p1b: Garchomp|slp\n|move|p2a: Hippowdon|Slack Off|p2a: Hippowdon\n|-heal|p2a: Hippowdon|75/100\n|\n|-end|p1b: Garchomp|Sand Tomb|[partiallytrapped]\n|upkeep\n|turn|15\n|\n|t:|1788210563\n|-curestatus|p1b: Garchomp|slp|[msg]\n|move|p1b: Garchomp|Dragon Claw|p2a: Hippowdon\n|-damage|p2a: Hippowdon|43/100\n|move|p2a: Hippowdon|Sand Tomb|p1b: Garchomp\n|-damage|p1b: Garchomp|29/100\n|-activate|p1b: Garchomp|move: Sand Tomb|[of] p2a: Hippowdon\n|\n|-damage|p1b: Garchomp|17/100|[from] move: Sand Tomb|[partiallytrapped]\n|upkeep\n|turn|16\n|\n|t:|1788210576\n|move|p1b: Garchomp|Dragon Claw|p2a: Hippowdon\n|-damage|p2a: Hippowdon|15/100\n|move|p2a: Hippowdon|Yawn|p1b: Garchomp\n|-start|p1b: Garchomp|move: Yawn|[of] p2a: Hippowdon\n|\n|-damage|p1b: Garchomp|4/100|[from] move: Sand Tomb|[partiallytrapped]\n|upkeep\n|turn|17\n|\n|t:|1788210585\n|move|p2a: Hippowdon|Protect|p2a: Hippowdon\n|-singleturn|p2a: Hippowdon|Protect\n|move|p1b: Garchomp|Dragon Claw|p2a: Hippowdon\n|-activate|p2a: Hippowdon|move: Protect\n|\n|-damage|p1b: Garchomp|0 fnt|[from] move: Sand Tomb|[partiallytrapped]\n|faint|p1b: Garchomp\n|\n|win|Ramon1313\n||UwJU is ready for game 2.\n|inactive|Ramon1313 has 30 seconds to confirm battle start!\n|l|☆Ramon1313\n|player|p2|\n|raw|UwJU's rating: 1040 &rarr; <strong>1070</strong><br />(+30 for winning)\n|raw|Ramon1313's rating: 1000 &rarr; <strong>1000</strong><br />(+0 for losing)\n","uploadtime":1788210613,"views":"0","formatid":"gen9championsvgc2026regmbbo3","rating":1000,"private":0,"password":null}