{"id":"gen9championsvgc2026regmbbo3-2674828362","format":"[Gen 9 Champions] VGC 2026 Reg M-B (Bo3)","players":["NemoAK","bronzongbroomsvgc"],"log":"|j|☆NemoAK\n|j|☆bronzongbroomsvgc\n|html|<table width=\"100%\"><tr><td align=\"left\">NemoAK</td><td align=\"right\">bronzongbroomsvgc</tr><tr><td align=\"left\"><i class=\"fa fa-circle-o\"></i> <i class=\"fa fa-circle-o\"></i> </td><td align=\"right\"><i class=\"fa fa-circle-o\"></i> <i class=\"fa fa-circle\"></i> </tr></table>\n|uhtml|bestof|<h2><strong>Game 2</strong> of <a href=\"/game-bestof3-gen9championsvgc2026regmbbo3-2674827755\">a best-of-3</a></h2>\n|t:|1788415538\n|gametype|doubles\n|player|p1|NemoAK|102|1207\n|player|p2|bronzongbroomsvgc|2|1385\n|gen|9\n|tier|[Gen 9 Champions] VGC 2026 Reg M-B (Bo3)\n|rated|\n|rule|Species Clause: Limit one of each Pokémon\n|rule|Item Clause: Limit 1 of each item\n|clearpoke\n|poke|p1|Alakazam, L50, M|\n|poke|p1|Drampa, L50, M|\n|poke|p1|Sinistcha-Masterpiece, L50|\n|poke|p1|Incineroar, L50, M|\n|poke|p1|Aerodactyl, L50, M|\n|poke|p1|Sneasler, L50, M|\n|poke|p2|Toxapex, L50, M|\n|poke|p2|Incineroar, L50, F|\n|poke|p2|Farigiraf, L50, F|\n|poke|p2|Charizard, L50, M|\n|poke|p2|Floette-Eternal, L50, F|\n|poke|p2|Garchomp, L50, F|\n|teampreview|4\n|showteam|p1|Alakazam||LightClay|InnerFocus|Psychic,LightScreen,Reflect,SpeedSwap|Timid||M|||50|]Drampa||Drampanite|CloudNine|HyperVoice,Protect,CalmMind,EarthPower|Quiet||M|||50|]Sinistcha-Masterpiece||OccaBerry|Hospitality|ShadowBall,MatchaGotcha,RagePowder,TrickRoom|Quiet|||||50|]Incineroar||SitrusBerry|Intimidate|FlareBlitz,DarkestLariat,FakeOut,PartingShot|Brave||M|||50|]Aerodactyl||Aerodactylite|Unnerve|Tailwind,RockSlide,DualWingbeat,WideGuard|Jolly||M|||50|]Sneasler||WhiteHerb|Unburden|DireClaw,CloseCombat,FakeOut,QuickGuard|Adamant||M|||50|\n|showteam|p2|Toxapex||Leftovers|Regenerator|BanefulBunker,WideGuard,Toxic,Infestation|Relaxed||M|||50|]Incineroar||SitrusBerry|Intimidate|FakeOut,ThroatChop,FlareBlitz,PartingShot|Adamant||F|||50|]Farigiraf||ColburBerry|ArmorTail|TrickRoom,Psychic,HelpingHand,Protect|Calm||F|||50|]Charizard||CharizarditeY|Blaze|HeatWave,AncientPower,WeatherBall,Protect|Timid||M|||50|]Floette-Eternal||Floettite|FlowerVeil|Moonblast,DazzlingGleam,LightofRuin,Protect|Modest||F|||50|]Garchomp||ChoiceScarf|RoughSkin|Earthquake,RockSlide,DragonClaw,StompingTantrum|Adamant||F|||50|\n|\n|t:|1788415556\n|teamsize|p1|4\n|teamsize|p2|4\n|start\n|switch|p1a: Hax|Aerodactyl, L50, M|100/100\n|switch|p1b: Ragebaiter|Sneasler, L50, M|100/100\n|switch|p2a: Farigiraf|Farigiraf, L50, F|100/100\n|switch|p2b: Floette|Floette-Eternal, L50, F|100/100\n|-ability|p1a: Hax|Unnerve\n|turn|1\n|inactive|Battle timer is ON: inactive players will automatically lose when time's up. (requested by NemoAK)\n|\n|t:|1788415568\n|switch|p2b: Toxapex|Toxapex, L50, M|100/100\n|detailschange|p1a: Hax|Aerodactyl-Mega, L50, M\n|-mega|p1a: Hax|Aerodactyl|Aerodactylite\n|move|p1a: Hax|Rock Slide|p2b: Toxapex|[spread] p2a,p2b\n|-damage|p2a: Farigiraf|73/100\n|-damage|p2b: Toxapex|78/100\n|move|p1b: Ragebaiter|Close Combat|p2a: Farigiraf\n|-damage|p2a: Farigiraf|8/100\n|-unboost|p1b: Ragebaiter|def|1\n|-unboost|p1b: Ragebaiter|spd|1\n|-enditem|p1b: Ragebaiter|White Herb\n|-clearnegativeboost|p1b: Ragebaiter|[silent]\n|cant|p2a: Farigiraf|flinch\n|\n|-heal|p2b: Toxapex|84/100|[from] item: Leftovers\n|upkeep\n|turn|2\n|\n|t:|1788415590\n|switch|p2a: Garchomp|Garchomp, L50, F|100/100\n|move|p1b: Ragebaiter|Dire Claw|p2a: Garchomp\n|-resisted|p2a: Garchomp|1\n|-damage|p2a: Garchomp|80/100\n|-damage|p1b: Ragebaiter|87/100|[from] ability: Rough Skin|[of] p2a: Garchomp\n|move|p1a: Hax|Dual Wingbeat|p2b: Toxapex\n|-damage|p2b: Toxapex|64/100\n|-damage|p2b: Toxapex|43/100\n|-hitcount|p2b: Toxapex|2\n|move|p2b: Toxapex|Toxic|p1a: Hax\n|-status|p1a: Hax|tox\n|\n|-heal|p2b: Toxapex|49/100|[from] item: Leftovers\n|-damage|p1a: Hax|94/100 tox|[from] psn\n|upkeep\n|turn|3\n|\n|t:|1788415608\n|switch|p1b: Break The Game|Incineroar, L50, M|100/100\n|-ability|p1b: Break The Game|Intimidate|boost\n|-unboost|p2a: Garchomp|atk|1\n|-unboost|p2b: Toxapex|atk|1\n|move|p2b: Toxapex|Baneful Bunker|p2b: Toxapex\n|-singleturn|p2b: Toxapex|move: Protect\n|move|p1a: Hax|Tailwind|p1a: Hax\n|-sidestart|p1: NemoAK|move: Tailwind\n|move|p2a: Garchomp|Stomping Tantrum|p1b: Break The Game\n|-supereffective|p1b: Break The Game|1\n|-damage|p1b: Break The Game|54/100\n|\n|-heal|p2b: Toxapex|54/100|[from] item: Leftovers\n|-damage|p1a: Hax|82/100 tox|[from] psn\n|upkeep\n|turn|4\n|\n|t:|1788415622\n|-heal|p2b: Toxapex|87/100|[from] ability: Regenerator|[silent]\n|switch|p2b: Farigiraf|Farigiraf, L50, F|8/100\n|move|p1b: Break The Game|Fake Out||[still]\n|cant|p2b: Farigiraf|ability: Armor Tail|Fake Out|[of] p1b: Break The Game\n|move|p1a: Hax|Dual Wingbeat|p2b: Farigiraf|[miss]\n|-miss|p1a: Hax|p2b: Farigiraf\n|move|p2a: Garchomp|Stomping Tantrum|p1b: Break The Game\n|-supereffective|p1b: Break The Game|1\n|-damage|p1b: Break The Game|4/100\n|-enditem|p1b: Break The Game|Sitrus Berry|[eat]\n|-heal|p1b: Break The Game|29/100|[from] item: Sitrus Berry\n|\n|-damage|p1a: Hax|65/100 tox|[from] psn\n|upkeep\n|turn|5\n|\n|t:|1788415642\n|switch|p1b: Cutlery|Alakazam, L50, M|100/100\n|switch|p2b: Toxapex|Toxapex, L50, M|87/100\n|move|p1a: Hax|Rock Slide|p2b: Toxapex|[spread] p2a,p2b\n|-resisted|p2a: Garchomp|1\n|-damage|p2a: Garchomp|67/100\n|-damage|p2b: Toxapex|68/100\n|move|p2a: Garchomp|Stomping Tantrum|p1b: Cutlery\n|-damage|p1b: Cutlery|30/100\n|\n|-heal|p2b: Toxapex|74/100|[from] item: Leftovers\n|-damage|p1a: Hax|41/100 tox|[from] psn\n|upkeep\n|turn|6\n|\n|t:|1788415658\n|move|p2b: Toxapex|Baneful Bunker|p2b: Toxapex\n|-singleturn|p2b: Toxapex|move: Protect\n|move|p1a: Hax|Dual Wingbeat|p2a: Garchomp\n|-damage|p2a: Garchomp|40/100\n|-damage|p1a: Hax|29/100 tox|[from] ability: Rough Skin|[of] p2a: Garchomp\n|-damage|p2a: Garchomp|15/100\n|-damage|p1a: Hax|17/100 tox|[from] ability: Rough Skin|[of] p2a: Garchomp\n|-hitcount|p2a: Garchomp|2\n|move|p1b: Cutlery|Psychic|p2a: Garchomp\n|-damage|p2a: Garchomp|0 fnt\n|faint|p2a: Garchomp\n|\n|-heal|p2b: Toxapex|80/100|[from] item: Leftovers\n|-damage|p1a: Hax|0 fnt|[from] psn\n|faint|p1a: Hax\n|-sideend|p1: NemoAK|move: Tailwind\n|upkeep\n|\n|t:|1788415674\n|switch|p1a: Ragebaiter|Sneasler, L50, M|87/100\n|switch|p2a: Floette|Floette-Eternal, L50, F|100/100\n|turn|7\n|\n|t:|1788415691\n|-heal|p2b: Toxapex|100/100|[from] ability: Regenerator|[silent]\n|switch|p2b: Farigiraf|Farigiraf, L50, F|8/100\n|detailschange|p2a: Floette|Floette-Mega, L50, F\n|-mega|p2a: Floette|Floette|Floettite\n|-ability|p2a: Floette|Fairy Aura\n|move|p1b: Cutlery|Psychic|p2a: Floette\n|-damage|p2a: Floette|67/100\n|move|p1a: Ragebaiter|Dire Claw|p2a: Floette\n|-supereffective|p2a: Floette|1\n|-damage|p2a: Floette|0 fnt\n|faint|p2a: Floette\n|\n|upkeep\n|\n|t:|1788415701\n|switch|p2a: Toxapex|Toxapex, L50, M|100/100\n|turn|8\n|\n|t:|1788415714\n|move|p1b: Cutlery|Psychic|p2a: Toxapex\n|-supereffective|p2a: Toxapex|1\n|-crit|p2a: Toxapex\n|-damage|p2a: Toxapex|0 fnt\n|faint|p2a: Toxapex\n|move|p1a: Ragebaiter|Dire Claw|p2b: Farigiraf\n|-damage|p2b: Farigiraf|0 fnt\n|faint|p2b: Farigiraf\n|\n|win|NemoAK\n||bronzongbroomsvgc is ready for game 3.\n||NemoAK is ready for game 3.\n|uhtml|next|Next: <a href=\"/battle-gen9championsvgc2026regmbbo3-2674829074\"><strong>Game 3 of 3</strong></a>\n|l|☆NemoAK\n|player|p1|\n","uploadtime":1788415919,"views":"4","formatid":"gen9championsvgc2026regmbbo3","rating":null,"private":0,"password":null}