{"id":"gen9championsvgc2026regmb-2673874171","format":"[Gen 9 Champions] VGC 2026 Reg M-B","players":["nanouqj","csgoAFK"],"log":"|j|☆nanouqj\n|j|☆csgoAFK\n|t:|1788271596\n|gametype|doubles\n|player|p1|nanouqj|steven|1351\n|player|p2|csgoAFK|steven|1473\n|gen|9\n|tier|[Gen 9 Champions] VGC 2026 Reg M-B\n|rated|\n|rule|Species Clause: Limit one of each Pokémon\n|rule|Item Clause: Limit 1 of each item\n|clearpoke\n|poke|p1|Floette-Eternal, L50, F|\n|poke|p1|Excadrill, L50, M|\n|poke|p1|Whimsicott, L50, M|\n|poke|p1|Garchomp, L50, M|\n|poke|p1|Kingambit, L50, F|\n|poke|p1|Delphox, L50, M|\n|poke|p2|Kingambit, L50, M|\n|poke|p2|Basculegion, L50, M|\n|poke|p2|Garchomp, L50, M|\n|poke|p2|Charizard, L50, F|\n|poke|p2|Whimsicott, L50, F|\n|poke|p2|Floette-Eternal, L50, F|\n|teampreview|4\n|inactive|Battle timer is ON: inactive players will automatically lose when time's up. (requested by nanouqj)\n|inactive|nanouqj has 60 seconds left.\n|inactive|csgoAFK has 60 seconds left.\n|\n|t:|1788271647\n|teamsize|p1|4\n|teamsize|p2|4\n|start\n|switch|p1a: Whimsicott|Whimsicott, L50, M|100/100\n|switch|p1b: Garchomp|Garchomp, L50, M|100/100\n|switch|p2a: Garchomp|Garchomp, L50, M|100/100\n|switch|p2b: Charizard|Charizard, L50, F|100/100\n|turn|1\n|\n|t:|1788271663\n|move|p2b: Charizard|Protect|p2b: Charizard\n|-singleturn|p2b: Charizard|Protect\n|move|p1b: Garchomp|Protect|p1b: Garchomp\n|-singleturn|p1b: Garchomp|Protect\n|move|p1a: Whimsicott|Tailwind|p1a: Whimsicott\n|-sidestart|p1: nanouqj|move: Tailwind\n|move|p2a: Garchomp|Dragon Claw|p1b: Garchomp\n|-activate|p1b: Garchomp|move: Protect\n|\n|upkeep\n|turn|2\n|\n|t:|1788271676\n|switch|p2b: Whimsicott|Whimsicott, L50, F|100/100\n|move|p1a: Whimsicott|Moonblast|p2a: Garchomp\n|-supereffective|p2a: Garchomp|1\n|-damage|p2a: Garchomp|17/100\n|-enditem|p2a: Garchomp|Sitrus Berry|[eat]\n|-heal|p2a: Garchomp|42/100|[from] item: Sitrus Berry\n|move|p1b: Garchomp|Rock Slide|p2a: Garchomp|[spread] p2a,p2b\n|-resisted|p2a: Garchomp|1\n|-damage|p2a: Garchomp|32/100\n|-damage|p2b: Whimsicott|68/100\n|cant|p2a: Garchomp|flinch\n|\n|upkeep\n|turn|3\n|inactive|nanouqj has 30 seconds left.\n|inactive|csgoAFK has 30 seconds left.\n|inactive|nanouqj has 20 seconds left.\n|inactive|csgoAFK has 20 seconds left.\n|inactive|nanouqj has 15 seconds left.\n|\n|t:|1788271716\n|move|p1a: Whimsicott|Moonblast|p2a: Garchomp\n|-supereffective|p2a: Garchomp|1\n|-damage|p2a: Garchomp|0 fnt\n|faint|p2a: Garchomp\n|move|p1b: Garchomp|Rock Slide|p2b: Whimsicott\n|-crit|p2b: Whimsicott\n|-damage|p2b: Whimsicott|11/100\n|move|p2b: Whimsicott|Moonblast|p1b: Garchomp\n|-supereffective|p1b: Garchomp|1\n|-damage|p1b: Garchomp|20/100y\n|-enditem|p1b: Garchomp|Sitrus Berry|[eat]\n|-heal|p1b: Garchomp|45/100|[from] item: Sitrus Berry\n|\n|upkeep\n|\n|t:|1788271727\n|switch|p2a: Kingambit|Kingambit, L50, M|100/100\n|turn|4\n|\n|t:|1788271745\n|switch|p1b: Kingambit|Kingambit, L50, F|100/100\n|move|p2b: Whimsicott|Tailwind|p2b: Whimsicott\n|-sidestart|p2: csgoAFK|move: Tailwind\n|move|p2a: Kingambit|Sucker Punch||[still]\n|-fail|p2a: Kingambit\n|move|p1a: Whimsicott|Moonblast|p2b: Whimsicott\n|-crit|p2b: Whimsicott\n|-damage|p2b: Whimsicott|0 fnt\n|faint|p2b: Whimsicott\n|\n|-sideend|p1: nanouqj|move: Tailwind\n|upkeep\n|inactive|csgoAFK has 30 seconds left.\n|inactive|csgoAFK has 20 seconds left.\n|inactive|csgoAFK has 15 seconds left.\n|inactive|csgoAFK has 10 seconds left.\n|inactive|csgoAFK has 5 seconds left.\n|\n|t:|1788271800\n|switch|p2b: Charizard|Charizard, L50, F|100/100\n|turn|5\n|\n|t:|1788271817\n|detailschange|p2b: Charizard|Charizard-Mega-Y, L50, F\n|-mega|p2b: Charizard|Charizard|Charizardite Y\n|-weather|SunnyDay|[from] ability: Drought|[of] p2b: Charizard\n|move|p1a: Whimsicott|Tailwind|p1a: Whimsicott\n|-sidestart|p1: nanouqj|move: Tailwind\n|move|p1b: Kingambit|Sucker Punch|p2b: Charizard\n|-damage|p2b: Charizard|50/100g\n|move|p2b: Charizard|Heat Wave|p1b: Kingambit|[spread] p1a,p1b\n|-supereffective|p1a: Whimsicott|1\n|-supereffective|p1b: Kingambit|1\n|-crit|p1b: Kingambit\n|-enditem|p1a: Whimsicott|Focus Sash\n|-damage|p1a: Whimsicott|1/100\n|-damage|p1b: Kingambit|0 fnt\n|faint|p1b: Kingambit\n|move|p2a: Kingambit|Low Kick|p1a: Whimsicott\n|-resisted|p1a: Whimsicott|1\n|-damage|p1a: Whimsicott|0 fnt\n|faint|p1a: Whimsicott\n|\n|-weather|SunnyDay|[upkeep]\n|upkeep\n|\n|t:|1788271834\n|switch|p1a: Garchomp|Garchomp, L50, M|45/100\n|switch|p1b: Floette|Floette-Eternal, L50, F|100/100\n|turn|6\n|\n|t:|1788271860\n|move|p1b: Floette|Protect|p1b: Floette\n|-singleturn|p1b: Floette|Protect\n|move|p1a: Garchomp|Protect|p1a: Garchomp\n|-singleturn|p1a: Garchomp|Protect\n|move|p2a: Kingambit|Sucker Punch||[still]\n|-fail|p2a: Kingambit\n|move|p2b: Charizard|Heat Wave|p1a: Garchomp|[spread] \n|-activate|p1a: Garchomp|move: Protect\n|-activate|p1b: Floette|move: Protect\n|\n|-weather|SunnyDay|[upkeep]\n|upkeep\n|turn|7\n|\n|t:|1788271875\n|detailschange|p1b: Floette|Floette-Mega, L50, F\n|-mega|p1b: Floette|Floette|Floettite\n|-ability|p1b: Floette|Fairy Aura\n|move|p1b: Floette|Moonblast|p2a: Kingambit\n|-damage|p2a: Kingambit|29/100\n|-unboost|p2a: Kingambit|spa|1\n|-ability|p2a: Kingambit|Defiant|boost\n|-boost|p2a: Kingambit|atk|2\n|move|p2b: Charizard|Weather Ball|p1a: Garchomp\n|-resisted|p1a: Garchomp|1\n|-damage|p1a: Garchomp|1/100\n|move|p1a: Garchomp|Rock Slide|p2a: Kingambit|[spread] p2a,p2b\n|-resisted|p2a: Kingambit|1\n|-supereffective|p2b: Charizard|2\n|-damage|p2a: Kingambit|22/100\n|-damage|p2b: Charizard|0 fnt\n|faint|p2b: Charizard\n|cant|p2a: Kingambit|flinch\n|\n|-weather|SunnyDay|[upkeep]\n|-sideend|p2: csgoAFK|move: Tailwind\n|upkeep\n|turn|8\n|c|☆csgoAFK|ahahahhahahahahaahah\n|\n|t:|1788271897\n|move|p1b: Floette|Moonblast|p2a: Kingambit\n|-damage|p2a: Kingambit|0 fnt\n|faint|p2a: Kingambit\n|\n|win|nanouqj\n|raw|nanouqj's rating: 1351 &rarr; <strong>1378</strong><br />(+27 for winning)\n|raw|csgoAFK's rating: 1473 &rarr; <strong>1446</strong><br />(-27 for losing)\n|l|☆csgoAFK\n|player|p2|\n","uploadtime":1788271906,"views":"6","formatid":"gen9championsvgc2026regmb","rating":1378,"private":0,"password":null}