{"id":"gen9championsvgc2026regmb-2674526491","format":"[Gen 9 Champions] VGC 2026 Reg M-B","players":["Run2344","gonegeb"],"log":"|j|☆Run2344\n|j|☆gonegeb\n|t:|1788370151\n|gametype|doubles\n|player|p1|Run2344|170|1334\n|player|p2|gonegeb|corbeau|1346\n|gen|9\n|tier|[Gen 9 Champions] VGC 2026 Reg M-B\n|rated|\n|rule|Species Clause: Limit one of each Pokémon\n|rule|Item Clause: Limit 1 of each item\n|clearpoke\n|poke|p1|Sableye, L50, F|\n|poke|p1|Garchomp, L50, M|\n|poke|p1|Maushold, L50|\n|poke|p1|Gengar, L50, M|\n|poke|p1|Mamoswine, L50, M|\n|poke|p1|Sinistcha, L50|\n|poke|p2|Lucario, L50, M|\n|poke|p2|Umbreon, L50, M, shiny|\n|poke|p2|Arcanine-Hisui, L50, M, shiny|\n|poke|p2|Ceruledge, L50, M|\n|poke|p2|Corviknight, L50, M|\n|poke|p2|Whimsicott, L50, F, shiny|\n|teampreview|4\n|\n|t:|1788370185\n|teamsize|p1|4\n|teamsize|p2|4\n|start\n|switch|p1a: Sableye|Sableye, L50, F|100/100\n|switch|p1b: Gengar|Gengar, L50, M|100/100\n|switch|p2a: Umbreon|Umbreon, L50, M, shiny|100/100\n|switch|p2b: Whimsicott|Whimsicott, L50, F, shiny|100/100\n|turn|1\n|inactive|Battle timer is ON: inactive players will automatically lose when time's up. (requested by gonegeb)\n|\n|t:|1788370248\n|detailschange|p1b: Gengar|Gengar-Mega, L50, M\n|-mega|p1b: Gengar|Gengar|Gengarite\n|move|p1a: Sableye|Fake Out|p2a: Umbreon\n|-damage|p2a: Umbreon|94/100\n|move|p2b: Whimsicott|Taunt|p1b: Gengar\n|-start|p1b: Gengar|move: Taunt\n|cant|p1b: Gengar|move: Taunt|Perish Song\n|move|p2a: Umbreon|Taunt|p1a: Sableye\n|-start|p1a: Sableye|move: Taunt\n|\n|-heal|p2a: Umbreon|100/100|[from] item: Leftovers\n|upkeep\n|turn|2\n|\n|t:|1788370273\n|switch|p1b: Mamoswine|Mamoswine, L50, M|100/100\n|switch|p1a: Garchomp|Garchomp, L50, M|100/100\n|move|p2b: Whimsicott|Tailwind|p2b: Whimsicott\n|-sidestart|p2: gonegeb|move: Tailwind\n|move|p2a: Umbreon|Snarl|p1a: Garchomp|[spread] p1a,p1b\n|-damage|p1a: Garchomp|90/100\n|-damage|p1b: Mamoswine|86/100\n|-unboost|p1a: Garchomp|spa|1\n|-unboost|p1b: Mamoswine|spa|1\n|\n|upkeep\n|turn|3\n|\n|t:|1788370294\n|move|p2b: Whimsicott|Grass Knot|p1b: Mamoswine\n|-supereffective|p1b: Mamoswine|1\n|-crit|p1b: Mamoswine\n|-damage|p1b: Mamoswine|0 fnt\n|faint|p1b: Mamoswine\n|move|p2a: Umbreon|Foul Play|p1a: Garchomp\n|-damage|p1a: Garchomp|36/100\n|-damage|p2a: Umbreon|87/100|[from] ability: Rough Skin|[of] p1a: Garchomp\n|move|p1a: Garchomp|Rock Slide|p2a: Umbreon|[spread] p2a,p2b\n|-damage|p2a: Umbreon|67/100\n|-damage|p2b: Whimsicott|62/100\n|-damage|p1a: Garchomp|26/100|[from] item: Life Orb\n|\n|-heal|p2a: Umbreon|73/100|[from] item: Leftovers\n|upkeep\n|\n|t:|1788370318\n|switch|p1b: Sableye|Sableye, L50, F|100/100\n|turn|4\n|\n|t:|1788370332\n|switch|p1a: Gengar|Gengar-Mega, L50, M|100/100\n|move|p1b: Sableye|Fake Out|p2b: Whimsicott\n|-damage|p2b: Whimsicott|51/100\n|cant|p2b: Whimsicott|flinch\n|move|p2a: Umbreon|Foul Play|p1a: Gengar\n|-supereffective|p1a: Gengar|1\n|-damage|p1a: Gengar|44/100\n|\n|-heal|p2a: Umbreon|79/100|[from] item: Leftovers\n|upkeep\n|turn|5\n|inactive|Run2344 has 30 seconds left.\n|inactive|gonegeb has 30 seconds left.\n|inactive|Run2344 has 20 seconds left.\n|inactive|Run2344 has 15 seconds left.\n|inactive|Run2344 has 10 seconds left.\n|inactive|Run2344 has 5 seconds left.\n|\n|t:|1788370384\n|switch|p1a: Garchomp|Garchomp, L50, M|26/100\n|move|p1b: Sableye|Gravity|p1b: Sableye\n|-fieldstart|move: Gravity\n|move|p2b: Whimsicott|Moonblast|p1b: Sableye\n|-supereffective|p1b: Sableye|1\n|-enditem|p1b: Sableye|Roseli Berry|[eat]\n|-enditem|p1b: Sableye|Roseli Berry|[weaken]\n|-damage|p1b: Sableye|52/100\n|move|p2a: Umbreon|Foul Play|p1a: Garchomp\n|-damage|p1a: Garchomp|0 fnt\n|-damage|p2a: Umbreon|67/100|[from] ability: Rough Skin|[of] p1a: Garchomp\n|faint|p1a: Garchomp\n|\n|-heal|p2a: Umbreon|73/100|[from] item: Leftovers\n|-sideend|p2: gonegeb|move: Tailwind\n|upkeep\n|\n|t:|1788370391\n|switch|p1a: Gengar|Gengar-Mega, L50, M|44/100\n|turn|6\n|\n|t:|1788370413\n|move|p2b: Whimsicott|Taunt|p1a: Gengar\n|-start|p1a: Gengar|move: Taunt\n|move|p1b: Sableye|Will-O-Wisp|p2a: Umbreon\n|-hint|Since gen 7, Dark is immune to Prankster moves.\n|-immune|p2a: Umbreon\n|cant|p1a: Gengar|move: Taunt|Hypnosis\n|move|p2a: Umbreon|Foul Play|p1a: Gengar\n|-supereffective|p1a: Gengar|1\n|-damage|p1a: Gengar|0 fnt\n|faint|p1a: Gengar\n|\n|-heal|p2a: Umbreon|79/100|[from] item: Leftovers\n|upkeep\n|turn|7\n|-message|Run2344 forfeited.\n|\n|win|gonegeb\n|raw|Run2344's rating: 1334 &rarr; <strong>1315</strong><br />(-19 for losing)\n|raw|gonegeb's rating: 1346 &rarr; <strong>1365</strong><br />(+19 for winning)\n|l|☆Run2344\n|player|p1|\n|c|☆gonegeb|lol\n","uploadtime":1788370441,"views":"0","formatid":"gen9championsvgc2026regmb","rating":1315,"private":0,"password":null}