{"id":"gen9championsvgc2026regmbbo3-2674357473","format":"[Gen 9 Champions] VGC 2026 Reg M-B (Bo3)","players":["CaratroncoSun","ImAtWorkVGC"],"log":"|j|‽CaratroncoSun\n|j|☆ImAtWorkVGC\n|html|<table width=\"100%\"><tr><td align=\"left\">CaratroncoSun</td><td align=\"right\">ImAtWorkVGC</tr><tr><td align=\"left\"><i class=\"fa fa-circle\"></i> <i class=\"fa fa-circle-o\"></i> </td><td align=\"right\"><i class=\"fa fa-circle-o\"></i> <i class=\"fa fa-circle-o\"></i> </tr></table>\n|uhtml|bestof|<h2><strong>Game 2</strong> of <a href=\"/game-bestof3-gen9championsvgc2026regmbbo3-2674356514\">a best-of-3</a></h2>\n|t:|1788348136\n|gametype|doubles\n|player|p1|CaratroncoSun|266|1351\n|player|p2|ImAtWorkVGC|101|1308\n|gen|9\n|tier|[Gen 9 Champions] VGC 2026 Reg M-B (Bo3)\n|rated|\n|rule|Species Clause: Limit one of each Pokémon\n|rule|Item Clause: Limit 1 of each item\n|clearpoke\n|poke|p1|Charizard, L50, F, shiny|\n|poke|p1|Venusaur, L50, F, shiny|\n|poke|p1|Whimsicott, L50, M, shiny|\n|poke|p1|Basculegion, L50, M|\n|poke|p1|Tyranitar, L50, F|\n|poke|p1|Mamoswine, L50, M|\n|poke|p2|Gengar, L50, F|\n|poke|p2|Vanilluxe, L50, F|\n|poke|p2|Lycanroc-Dusk, L50, M|\n|poke|p2|Kingambit, L50, M|\n|poke|p2|Dragonite, L50, F|\n|poke|p2|Incineroar, L50, M|\n|teampreview|4\n|showteam|p1|Charizard||CharizarditeY|Blaze|Protect,SolarBeam,HeatWave,AirSlash|Modest||F|||50|]Venusaur||WideLens|Chlorophyll|Protect,GigaDrain,EarthPower,SleepPowder|Modest||F|||50|]Whimsicott||FocusSash|Prankster|Protect,Moonblast,Tailwind,Encore|Timid||M|||50|]Basculegion||MysticWater|Adaptability|Protect,AquaJet,WaveCrash,LastRespects|Adamant||M|||50|]Tyranitar||Tyranitarite|SandStream|Protect,RockSlide,KnockOff,LowKick|Adamant||F|||50|]Mamoswine||LifeOrb|Oblivious|Protect,HighHorsepower,RockSlide,IceShard|Adamant||M|||50|\n|showteam|p2|Gengar||Gengarite|CursedBody|Protect,SludgeBomb,ShadowBall,Substitute|Timid||F|||50|]Vanilluxe||ChoiceScarf|SnowWarning|Blizzard,FreezeDry,IcyWind,SheerCold|Timid||F|||50|]Lycanroc-Dusk||FocusSash|ToughClaws|RockSlide,CloseCombat,Accelerock,Protect|Jolly||M|||50|]Kingambit||BlackGlasses|Defiant|KowtowCleave,SuckerPunch,SwordsDance,Protect|Adamant||M|||50|]Dragonite||LifeOrb|InnerFocus|Protect,DragonClaw,ExtremeSpeed,Superpower|Adamant||F|||50|]Incineroar||SitrusBerry|Intimidate|PartingShot,FlareBlitz,DarkestLariat,FakeOut|Careful||M|||50|\n|\n|t:|1788348162\n|teamsize|p1|4\n|teamsize|p2|4\n|start\n|switch|p1a: Mamoswine|Mamoswine, L50, M|100/100\n|switch|p1b: Whimsicott|Whimsicott, L50, M, shiny|100/100\n|switch|p2a: Cream|Dragonite, L50, F|100/100\n|switch|p2b: Scream|Gengar, L50, F|100/100\n|turn|1\n|\n|t:|1788348211\n|detailschange|p2b: Scream|Gengar-Mega, L50, F\n|-mega|p2b: Scream|Gengar|Gengarite\n|move|p1b: Whimsicott|Tailwind|p1b: Whimsicott\n|-sidestart|p1: CaratroncoSun|move: Tailwind\n|move|p1a: Mamoswine|High Horsepower|p2b: Scream\n|-supereffective|p2b: Scream|1\n|-damage|p2b: Scream|0 fnt\n|faint|p2b: Scream\n|-damage|p1a: Mamoswine|90/100|[from] item: Life Orb\n|move|p2a: Cream|Superpower|p1a: Mamoswine\n|-supereffective|p1a: Mamoswine|1\n|-damage|p1a: Mamoswine|0 fnt\n|-unboost|p2a: Cream|atk|1\n|-unboost|p2a: Cream|def|1\n|faint|p1a: Mamoswine\n|-damage|p2a: Cream|90/100|[from] item: Life Orb\n|\n|upkeep\n|\n|t:|1788348228\n|switch|p2b: You|Incineroar, L50, M|100/100\n|switch|p1a: Venusaur|Venusaur, L50, F, shiny|100/100\n|-ability|p2b: You|Intimidate|boost\n|-unboost|p1a: Venusaur|atk|1\n|-unboost|p1b: Whimsicott|atk|1\n|turn|2\n|\n|t:|1788348248\n|move|p1a: Venusaur|Protect|p1a: Venusaur\n|-singleturn|p1a: Venusaur|Protect\n|move|p2a: Cream|Protect|p2a: Cream\n|-singleturn|p2a: Cream|Protect\n|move|p1b: Whimsicott|Moonblast|p2a: Cream\n|-activate|p2a: Cream|move: Protect\n|move|p2b: You|Flare Blitz|p1a: Venusaur\n|-activate|p1a: Venusaur|move: Protect\n|\n|upkeep\n|turn|3\n|\n|t:|1788348264\n|switch|p2a: I|Lycanroc-Dusk, L50, M|100/100\n|move|p1b: Whimsicott|Encore||[still]\n|-fail|p1b: Whimsicott\n|move|p1a: Venusaur|Sleep Powder|p2b: You\n|-status|p2b: You|slp|[from] move: Sleep Powder\n|cant|p2b: You|slp\n|\n|upkeep\n|turn|4\n|\n|t:|1788348275\n|move|p2a: I|Protect|p2a: I\n|-singleturn|p2a: I|Protect\n|move|p1b: Whimsicott|Moonblast|p2a: I\n|-activate|p2a: I|move: Protect\n|move|p1a: Venusaur|Earth Power|p2a: I\n|-activate|p2a: I|move: Protect\n|-curestatus|p2b: You|slp|[msg]\n|move|p2b: You|Flare Blitz|p1b: Whimsicott\n|-supereffective|p1b: Whimsicott|1\n|-enditem|p1b: Whimsicott|Focus Sash\n|-damage|p1b: Whimsicott|1/100\n|-damage|p2b: You|78/100|[from] Recoil\n|\n|-sideend|p1: CaratroncoSun|move: Tailwind\n|upkeep\n|turn|5\n|\n|t:|1788348292\n|move|p1b: Whimsicott|Tailwind|p1b: Whimsicott\n|-sidestart|p1: CaratroncoSun|move: Tailwind\n|move|p2a: I|Accelerock|p1b: Whimsicott\n|-damage|p1b: Whimsicott|0 fnt\n|faint|p1b: Whimsicott\n|move|p1a: Venusaur|Sleep Powder|p2a: I|[miss]\n|-miss|p1a: Venusaur|p2a: I\n|move|p2b: You|Flare Blitz|p1a: Venusaur\n|-supereffective|p1a: Venusaur|1\n|-damage|p1a: Venusaur|0 fnt\n|faint|p1a: Venusaur\n|-damage|p2b: You|51/100|[from] Recoil\n|\n|upkeep\n|\n|t:|1788348305\n|switch|p1b: Charizard|Charizard, L50, F, shiny|100/100\n|turn|6\n|\n|t:|1788348309\n|detailschange|p1b: Charizard|Charizard-Mega-Y, L50, F, shiny\n|-mega|p1b: Charizard|Charizard|Charizardite Y\n|-weather|SunnyDay|[from] ability: Drought|[of] p1b: Charizard\n|move|p2a: I|Accelerock|p1b: Charizard\n|-supereffective|p1b: Charizard|2\n|-damage|p1b: Charizard|0 fnt\n|faint|p1b: Charizard\n|\n|win|ImAtWorkVGC\n","uploadtime":1788348309,"views":"8","formatid":"gen9championsvgc2026regmbbo3","rating":null,"private":0,"password":null}