{"id":"gen9championsvgc2026regmbbo3-2673689623","format":"[Gen 9 Champions] VGC 2026 Reg M-B (Bo3)","players":["DecorateWithDonuts","KinnatheKoa"],"log":"|j|☆DecorateWithDonuts\n|j|☆KinnatheKoa\n|html|<table width=\"100%\"><tr><td align=\"left\">DecorateWithDonuts</td><td align=\"right\">KinnatheKoa</tr><tr><td align=\"left\"><i class=\"fa fa-circle\"></i> <i class=\"fa fa-circle-o\"></i> </td><td align=\"right\"><i class=\"fa fa-circle-o\"></i> <i class=\"fa fa-circle\"></i> </tr></table>\n|uhtml|bestof|<h2><strong>Game 3</strong> of <a href=\"/game-bestof3-gen9championsvgc2026regmbbo3-2673684784\">a best-of-3</a></h2>\n|t:|1788233746\n|gametype|doubles\n|player|p1|DecorateWithDonuts|rosa|\n|player|p2|KinnatheKoa|102|\n|gen|9\n|tier|[Gen 9 Champions] VGC 2026 Reg M-B (Bo3)\n|rule|Species Clause: Limit one of each Pokémon\n|rule|Item Clause: Limit 1 of each item\n|clearpoke\n|poke|p1|Alcremie-Ruby-Swirl, L50, F|\n|poke|p1|Camerupt, L50, M|\n|poke|p1|Farigiraf, L50, M|\n|poke|p1|Blastoise, L50, F|\n|poke|p1|Vivillon-Pokeball, L50, M|\n|poke|p1|Hatterene, L50, F|\n|poke|p2|Raichu, L50, F|\n|poke|p2|Staraptor, L50, F|\n|poke|p2|Arcanine-Hisui, L50, M|\n|poke|p2|Farigiraf, L50, M|\n|poke|p2|Sylveon, L50, F|\n|poke|p2|Kingambit, L50, M|\n|teampreview|4\n|showteam|p1|Alcremie-Ruby-Swirl||IronBall|SweetVeil|Decorate,AlluringVoice,HelpingHand,Protect|Relaxed||F|||50|]Camerupt||Cameruptite|SolidRock|HeatWave,AncientPower,EarthPower,Protect|Modest||M|||50|]Farigiraf||SitrusBerry|ArmorTail|TrickRoom,LowKick,Thunderbolt,Psyshock|Relaxed||M|||50|]Blastoise||Blastoisinite|RainDish|FakeOut,WaterSpout,AuraSphere,DarkPulse|Quiet||F|||50|]Vivillon-Pokeball||FocusSash|CompoundEyes|Hurricane,SleepPowder,RagePowder,Protect|Timid||M|||50|]Hatterene||LifeOrb|MagicBounce|TrickRoom,DazzlingGleam,StoredPower,Protect|Quiet||F|||50|\n|showteam|p2|Raichu||RaichuniteY|LightningRod|ZapCannon,FocusBlast,FakeOut,Protect|Timid||F|||50|]Staraptor||Staraptite|Intimidate|CloseCombat,DualWingbeat,Tailwind,Protect|Jolly||F|||50|]Arcanine-Hisui||FocusSash|RockHead|FlareBlitz,HeadSmash,ExtremeSpeed,Protect|Jolly||M|||50|]Farigiraf||SitrusBerry|ArmorTail|Psychic,HelpingHand,TrickRoom,Protect|Calm||M|||50|]Sylveon||FairyFeather|Pixilate|HyperVoice,QuickAttack,HyperBeam,Detect|Modest||F|||50|]Kingambit||LifeOrb|Defiant|KowtowCleave,SuckerPunch,SwordsDance,Protect|Adamant||M|||50|\n|\n|t:|1788233830\n|teamsize|p1|4\n|teamsize|p2|4\n|start\n|switch|p1a: Hatterene|Hatterene, L50, F|100/100\n|switch|p1b: Vivillon|Vivillon-Pokeball, L50, M|100/100\n|switch|p2a: Arcanine|Arcanine-Hisui, L50, M|100/100\n|switch|p2b: Farigiraf|Farigiraf, L50, M|100/100\n|turn|1\n|\n|t:|1788233861\n|move|p1a: Hatterene|Protect|p1a: Hatterene\n|-singleturn|p1a: Hatterene|Protect\n|move|p2a: Arcanine|Head Smash|p1b: Vivillon|[miss]\n|-miss|p2a: Arcanine|p1b: Vivillon\n|move|p1b: Vivillon|Sleep Powder|p2a: Arcanine\n|-status|p2a: Arcanine|slp|[from] move: Sleep Powder\n|move|p2b: Farigiraf|Psychic|p1b: Vivillon\n|-damage|p1b: Vivillon|36/100\n|-unboost|p1b: Vivillon|spd|1\n|\n|upkeep\n|turn|2\n|inactive|Battle timer is ON: inactive players will automatically lose when time's up. (requested by KinnatheKoa)\n|\n|t:|1788233908\n|cant|p2a: Arcanine|slp\n|move|p1b: Vivillon|Hurricane|p2a: Arcanine\n|-resisted|p2a: Arcanine|1\n|-damage|p2a: Arcanine|72/100 slp\n|-start|p2a: Arcanine|confusion\n|move|p2b: Farigiraf|Psychic|p1b: Vivillon\n|-damage|p1b: Vivillon|0 fnt\n|faint|p1b: Vivillon\n|move|p1a: Hatterene|Trick Room|p1a: Hatterene\n|-fieldstart|move: Trick Room|[of] p1a: Hatterene\n|\n|upkeep\n|\n|t:|1788233921\n|switch|p1b: ILY <3|Alcremie-Ruby-Swirl, L50, F|100/100\n|turn|3\n|inactive|DecorateWithDonuts has 30 seconds left.\n|\n|t:|1788233951\n|-curestatus|p2a: Arcanine|slp|[msg]\n|-activate|p2a: Arcanine|confusion\n|-damage|p2a: Arcanine|55/100|[from] confusion\n|move|p1b: ILY <3|Decorate|p1a: Hatterene\n|-boost|p1a: Hatterene|atk|2\n|-boost|p1a: Hatterene|spa|2\n|move|p1a: Hatterene|Stored Power|p2a: Arcanine\n|-damage|p2a: Arcanine|0 fnt\n|faint|p2a: Arcanine\n|-damage|p1a: Hatterene|90/100|[from] item: Life Orb\n|move|p2b: Farigiraf|Trick Room|p2b: Farigiraf\n|-fieldend|move: Trick Room\n|\n|upkeep\n|\n|t:|1788233965\n|switch|p2a: Sylveon|Sylveon, L50, F|100/100\n|turn|4\n|\n|t:|1788233988\n|switch|p1b: Camerupt|Camerupt, L50, M|100/100\n|move|p1a: Hatterene|Protect|p1a: Hatterene\n|-singleturn|p1a: Hatterene|Protect\n|move|p2a: Sylveon|Hyper Voice|p1b: Camerupt|[spread] p1b\n|-activate|p1a: Hatterene|move: Protect\n|-resisted|p1b: Camerupt|1\n|-damage|p1b: Camerupt|72/100\n|move|p2b: Farigiraf|Psychic|p1a: Hatterene\n|-activate|p1a: Hatterene|move: Protect\n|\n|upkeep\n|turn|5\n|inactive|DecorateWithDonuts has 30 seconds left.\n|\n|t:|1788234022\n|detailschange|p1b: Camerupt|Camerupt-Mega, L50, M\n|-mega|p1b: Camerupt|Camerupt|Cameruptite\n|move|p2a: Sylveon|Hyper Voice|p1b: Camerupt|[spread] p1a,p1b\n|-resisted|p1b: Camerupt|1\n|-damage|p1a: Hatterene|40/100\n|-damage|p1b: Camerupt|50/100g\n|move|p2b: Farigiraf|Psychic|p1a: Hatterene\n|-resisted|p1a: Hatterene|1\n|-damage|p1a: Hatterene|21/100\n|-unboost|p1a: Hatterene|spd|1\n|move|p1a: Hatterene|Stored Power|p2a: Sylveon\n|-damage|p2a: Sylveon|0 fnt\n|faint|p2a: Sylveon\n|-damage|p1a: Hatterene|11/100|[from] item: Life Orb\n|move|p1b: Camerupt|Earth Power|p2b: Farigiraf\n|-damage|p2b: Farigiraf|40/100\n|-enditem|p2b: Farigiraf|Sitrus Berry|[eat]\n|-heal|p2b: Farigiraf|65/100|[from] item: Sitrus Berry\n|\n|upkeep\n|\n|t:|1788234038\n|switch|p2a: Staraptor|Staraptor, L50, F|100/100\n|-ability|p2a: Staraptor|Intimidate|boost\n|-unboost|p1a: Hatterene|atk|1\n|-unboost|p1b: Camerupt|atk|1\n|turn|6\n|inactive|DecorateWithDonuts has 30 seconds left.\n|inactive|DecorateWithDonuts has 20 seconds left.\n|inactive|DecorateWithDonuts has 15 seconds left.\n|inactive|DecorateWithDonuts has 10 seconds left.\n|inactive|DecorateWithDonuts has 5 seconds left.\n|\n|t:|1788234089\n|switch|p1a: ILY <3|Alcremie-Ruby-Swirl, L50, F|100/100\n|detailschange|p2a: Staraptor|Staraptor-Mega, L50, F\n|-mega|p2a: Staraptor|Staraptor|Staraptite\n|move|p2a: Staraptor|Close Combat|p1b: Camerupt\n|-damage|p1b: Camerupt|0 fnt\n|-boost|p2a: Staraptor|def|1\n|-boost|p2a: Staraptor|spd|1\n|faint|p1b: Camerupt\n|move|p2b: Farigiraf|Psychic|p1a: ILY <3\n|-damage|p1a: ILY <3|71/100\n|\n|upkeep\n|\n|t:|1788234100\n|switch|p1b: Hatterene|Hatterene, L50, F|11/100\n|turn|7\n|\n|t:|1788234108\n|move|p1b: Hatterene|Protect|p1b: Hatterene\n|-singleturn|p1b: Hatterene|Protect\n|move|p2a: Staraptor|Close Combat|p1a: ILY <3\n|-resisted|p1a: ILY <3|1\n|-damage|p1a: ILY <3|43/100\n|-boost|p2a: Staraptor|def|1\n|-boost|p2a: Staraptor|spd|1\n|move|p2b: Farigiraf|Psychic|p1b: Hatterene\n|-activate|p1b: Hatterene|move: Protect\n|move|p1a: ILY <3|Alluring Voice|p2a: Staraptor\n|-supereffective|p2a: Staraptor|1\n|-damage|p2a: Staraptor|68/100\n|-start|p2a: Staraptor|confusion\n|\n|upkeep\n|turn|8\n|\n|t:|1788234128\n|move|p1b: Hatterene|Protect||[still]\n|-fail|p1b: Hatterene\n|-activate|p2a: Staraptor|confusion\n|move|p2a: Staraptor|Close Combat|p1b: Hatterene\n|-resisted|p1b: Hatterene|2\n|-damage|p1b: Hatterene|0 fnt\n|-boost|p2a: Staraptor|def|1\n|-boost|p2a: Staraptor|spd|1\n|faint|p1b: Hatterene\n|move|p2b: Farigiraf|Psychic|p1a: ILY <3\n|-damage|p1a: ILY <3|15/100\n|move|p1a: ILY <3|Decorate|p2a: Staraptor\n|-unboost|p2a: Staraptor|atk|2\n|-unboost|p2a: Staraptor|spa|2\n|\n|upkeep\n|turn|9\n|\n|t:|1788234144\n|-activate|p2a: Staraptor|confusion\n|-damage|p2a: Staraptor|64/100|[from] confusion\n|move|p2b: Farigiraf|Psychic|p1a: ILY <3\n|-damage|p1a: ILY <3|0 fnt\n|faint|p1a: ILY <3\n|\n|win|KinnatheKoa\n","uploadtime":1788233749,"views":"2","formatid":"gen9championsvgc2026regmbbo3","rating":null,"private":0,"password":null}