{"id":"gen9championsvgc2026regmb-2674707332","format":"[Gen 9 Champions] VGC 2026 Reg M-B","players":["randomtieflinggirl","realgreenz"],"log":"|j|☆randomtieflinggirl\n|j|☆realgreenz\n|t:|1788393667\n|gametype|doubles\n|player|p1|randomtieflinggirl|170|1240\n|player|p2|realgreenz|1|1255\n|gen|9\n|tier|[Gen 9 Champions] VGC 2026 Reg M-B\n|rated|\n|rule|Species Clause: Limit one of each Pokémon\n|rule|Item Clause: Limit 1 of each item\n|clearpoke\n|poke|p1|Lycanroc-Dusk, L50, M|\n|poke|p1|Froslass, L50, F|\n|poke|p1|Scovillain, L50, M|\n|poke|p1|Basculegion, L50, M|\n|poke|p1|Kingambit, L50, M|\n|poke|p1|Sneasler, L50, M|\n|poke|p2|Gengar, L50, M, shiny|\n|poke|p2|Garchomp, L50, F|\n|poke|p2|Swampert, L50, F|\n|poke|p2|Incineroar, L50, M|\n|poke|p2|Sinistcha, L50|\n|poke|p2|Pidgeot, L50, M|\n|teampreview|4\nrandomtieflinggirl has agreed to open team sheets.\n|inactive|Battle timer is ON: inactive players will automatically lose when time's up. (requested by randomtieflinggirl)\n|inactive|randomtieflinggirl has 60 seconds left.\n|\n|t:|1788393735\n|teamsize|p1|4\n|teamsize|p2|4\n|start\n|switch|p1a: Froslass|Froslass, L50, F|100/100\n|switch|p1b: Kingambit|Kingambit, L50, M|100/100\n|switch|p2a: Gengar|Gengar, L50, M, shiny|100/100\n|switch|p2b: Incineroar|Incineroar, L50, M|100/100\n|-ability|p2b: Incineroar|Intimidate|boost\n|-unboost|p1a: Froslass|atk|1\n|-unboost|p1b: Kingambit|atk|1\n|-ability|p1b: Kingambit|Defiant|boost\n|-boost|p1b: Kingambit|atk|2\n|turn|1\n|inactive|randomtieflinggirl has 30 seconds left.\n|\n|t:|1788393768\n|detailschange|p2a: Gengar|Gengar-Mega, L50, M, shiny\n|-mega|p2a: Gengar|Gengar|Gengarite\n|detailschange|p1a: Froslass|Froslass-Mega, L50, F\n|-mega|p1a: Froslass|Froslass|Froslassite\n|-weather|Snowscape|[from] ability: Snow Warning|[of] p1a: Froslass\n|move|p2b: Incineroar|Fake Out|p1b: Kingambit\n|-resisted|p1b: Kingambit|1\n|-damage|p1b: Kingambit|95/100\n|move|p2a: Gengar|Shadow Ball|p1a: Froslass\n|-supereffective|p1a: Froslass|1\n|-damage|p1a: Froslass|0 fnt\n|faint|p1a: Froslass\n|cant|p1b: Kingambit|flinch\n|\n|-weather|Snowscape|[upkeep]\n|upkeep\n|\n|t:|1788393783\n|switch|p1a: Lycanroc|Lycanroc-Dusk, L50, M|100/100\n|turn|2\n|\n|t:|1788393802\n|move|p2a: Gengar|Protect|p2a: Gengar\n|-singleturn|p2a: Gengar|Protect\n|move|p1b: Kingambit|Sucker Punch||[still]\n|-fail|p1b: Kingambit\n|move|p1a: Lycanroc|Rock Slide|p2a: Gengar|[spread] p2b\n|-activate|p2a: Gengar|move: Protect\n|-supereffective|p2b: Incineroar|1\n|-damage|p2b: Incineroar|37/100\n|-enditem|p2b: Incineroar|Sitrus Berry|[eat]\n|-heal|p2b: Incineroar|62/100|[from] item: Sitrus Berry\n|move|p2b: Incineroar|Flare Blitz|p1b: Kingambit\n|-supereffective|p1b: Kingambit|1\n|-damage|p1b: Kingambit|0 fnt\n|faint|p1b: Kingambit\n|-damage|p2b: Incineroar|30/100|[from] Recoil\n|\n|-weather|Snowscape|[upkeep]\n|upkeep\n|\n|t:|1788393817\n|switch|p1b: Basculegion|Basculegion, L50, M|100/100\n|turn|3\n|\n|t:|1788393830\n|move|p1b: Basculegion|Protect|p1b: Basculegion\n|-singleturn|p1b: Basculegion|Protect\n|move|p1a: Lycanroc|Accelerock|p2b: Incineroar\n|-supereffective|p2b: Incineroar|1\n|-damage|p2b: Incineroar|0 fnt\n|faint|p2b: Incineroar\n|move|p2a: Gengar|Shadow Ball|p1b: Basculegion\n|-activate|p1b: Basculegion|move: Protect\n|\n|-weather|Snowscape|[upkeep]\n|upkeep\n|\n|t:|1788393837\n|switch|p2b: Garchomp|Garchomp, L50, F|100/100\n|turn|4\n|\n|t:|1788393856\n|move|p2a: Gengar|Shadow Ball|p1b: Basculegion\n|-supereffective|p1b: Basculegion|1\n|-damage|p1b: Basculegion|9/100\n|-enditem|p1b: Basculegion|Sitrus Berry|[eat]\n|-heal|p1b: Basculegion|34/100|[from] item: Sitrus Berry\n|move|p2b: Garchomp|Stomping Tantrum|p1a: Lycanroc\n|-supereffective|p1a: Lycanroc|1\n|-enditem|p1a: Lycanroc|Focus Sash\n|-damage|p1a: Lycanroc|1/100\n|move|p1a: Lycanroc|Rock Slide|p2b: Garchomp|[spread] p2a,p2b\n|-resisted|p2b: Garchomp|1\n|-damage|p2a: Gengar|48/100\n|-damage|p2b: Garchomp|84/100\n|move|p1b: Basculegion|Last Respects|p2a: Gengar\n|-supereffective|p2a: Gengar|1\n|-damage|p2a: Gengar|0 fnt\n|faint|p2a: Gengar\n|\n|-weather|Snowscape|[upkeep]\n|upkeep\n|\n|t:|1788393873\n|switch|p2a: Swampert|Swampert, L50, F|100/100\n|turn|5\n|\n|t:|1788393887\n|move|p2b: Garchomp|Protect|p2b: Garchomp\n|-singleturn|p2b: Garchomp|Protect\n|move|p1a: Lycanroc|Rock Slide|p2a: Swampert|[spread] \n|-activate|p2b: Garchomp|move: Protect\n|-miss|p1a: Lycanroc|p2a: Swampert\n|move|p1b: Basculegion|Last Respects|p2b: Garchomp\n|-activate|p2b: Garchomp|move: Protect\n|move|p2a: Swampert|Waterfall|p1a: Lycanroc\n|-supereffective|p1a: Lycanroc|1\n|-crit|p1a: Lycanroc\n|-damage|p1a: Lycanroc|0 fnt\n|faint|p1a: Lycanroc\n|-damage|p2a: Swampert|90/100|[from] item: Life Orb\n|\n|-weather|none\n|upkeep\n|turn|6\n|\n|t:|1788393909\n|move|p2b: Garchomp|Dragon Claw|p1b: Basculegion\n|-damage|p1b: Basculegion|0 fnt\n|faint|p1b: Basculegion\n|\n|win|realgreenz\n|raw|randomtieflinggirl's rating: 1240 &rarr; <strong>1216</strong><br />(-24 for losing)\n|raw|realgreenz's rating: 1255 &rarr; <strong>1279</strong><br />(+24 for winning)\n|c|☆randomtieflinggirl|gg\n","uploadtime":1788393918,"views":"6","formatid":"gen9championsvgc2026regmb","rating":1216,"private":0,"password":null}