{"id":"gen9championsvgc2026regmb-2674257384","format":"[Gen 9 Champions] VGC 2026 Reg M-B","players":["anhvb","Noobiedoobie537"],"log":"|j|☆anhvb\n|j|☆Noobiedoobie537\n|t:|1788324933\n|gametype|doubles\n|player|p1|anhvb|red|1257\n|player|p2|Noobiedoobie537|lucas-gen4pt|1226\n|gen|9\n|tier|[Gen 9 Champions] VGC 2026 Reg M-B\n|rated|\n|rule|Species Clause: Limit one of each Pokémon\n|rule|Item Clause: Limit 1 of each item\n|clearpoke\n|poke|p1|Swampert, L50, F|\n|poke|p1|Pelipper, L50, M|\n|poke|p1|Archaludon, L50, F|\n|poke|p1|Grimmsnarl, L50, M|\n|poke|p1|Kingambit, L50, M|\n|poke|p1|Lycanroc-Dusk, L50, M|\n|poke|p2|Reuniclus, L50, M, shiny|\n|poke|p2|Farigiraf, L50, M|\n|poke|p2|Sneasler, L50, M|\n|poke|p2|Pelipper, L50, M|\n|poke|p2|Swampert, L50, M|\n|poke|p2|Mawile, L50, M|\n|teampreview|4\n|inactive|Battle timer is ON: inactive players will automatically lose when time's up. (requested by anhvb)\n|c|☆Noobiedoobie537|glhf\n|\n|t:|1788324958\n|teamsize|p1|4\n|teamsize|p2|4\n|start\n|switch|p1a: Lycanroc|Lycanroc-Dusk, L50, M|100/100\n|switch|p1b: Kingambit|Kingambit, L50, M|100/100\n|switch|p2a: Swampert|Swampert, L50, M|100/100\n|switch|p2b: devil|Sneasler, L50, M|100/100\n|turn|1\n|\n|t:|1788324979\n|switch|p1b: Pelipper|Pelipper, L50, M|100/100\n|-weather|RainDance|[from] ability: Drizzle|[of] p1b: Pelipper\n|detailschange|p2a: Swampert|Swampert-Mega, L50, M\n|-mega|p2a: Swampert|Swampert|Swampertite\n|move|p2a: Swampert|Earthquake|p1b: Pelipper|[spread] p2b,p1a\n|-immune|p1b: Pelipper\n|-supereffective|p2b: devil|1\n|-supereffective|p1a: Lycanroc|1\n|-damage|p2b: devil|0 fnt\n|-enditem|p1a: Lycanroc|Focus Sash\n|-damage|p1a: Lycanroc|1/100\n|faint|p2b: devil\n|move|p1a: Lycanroc|Psychic Fangs|p2a: Swampert\n|-damage|p2a: Swampert|63/100\n|\n|-weather|RainDance|[upkeep]\n|upkeep\n|c|☆Noobiedoobie537|smart\n|\n|t:|1788324998\n|switch|p2b: Harryhardtr|Farigiraf, L50, M|100/100\n|turn|2\n|\n|t:|1788325021\n|move|p2a: Swampert|Wave Crash|p1b: Pelipper\n|-resisted|p1b: Pelipper|1\n|-damage|p1b: Pelipper|44/100\n|-damage|p2a: Swampert|47/100|[from] Recoil\n|move|p1a: Lycanroc|Close Combat|p2a: Swampert\n|-damage|p2a: Swampert|3/100\n|-unboost|p1a: Lycanroc|def|1\n|-unboost|p1a: Lycanroc|spd|1\n|move|p1b: Pelipper|Hurricane|p2a: Swampert\n|-damage|p2a: Swampert|0 fnt\n|faint|p2a: Swampert\n|move|p2b: Harryhardtr|Psychic|p1b: Pelipper\n|-damage|p1b: Pelipper|0 fnt\n|faint|p1b: Pelipper\n|\n|-weather|RainDance|[upkeep]\n|upkeep\n|\n|t:|1788325037\n|switch|p2a: Pelipper|Pelipper, L50, M|100/100\n|switch|p1b: Kingambit|Kingambit, L50, M|100/100\n|turn|3\n|\n|t:|1788325047\n|move|p2b: Harryhardtr|Helping Hand|p2a: Pelipper\n|-singleturn|p2a: Pelipper|Helping Hand|[of] p2b: Harryhardtr\n|move|p1a: Lycanroc|Psychic Fangs|p2a: Pelipper\n|-damage|p2a: Pelipper|57/100\n|move|p2a: Pelipper|Weather Ball|p1b: Kingambit\n|-damage|p1b: Kingambit|0 fnt\n|faint|p1b: Kingambit\n|\n|-weather|RainDance|[upkeep]\n|upkeep\n|\n|t:|1788325056\n|switch|p1b: Swampert|Swampert, L50, F|100/100\n|turn|4\n|\n|t:|1788325072\n|move|p1b: Swampert|Protect|p1b: Swampert\n|-singleturn|p1b: Swampert|Protect\n|move|p2a: Pelipper|Protect|p2a: Pelipper\n|-singleturn|p2a: Pelipper|Protect\n|move|p1a: Lycanroc|Close Combat|p2b: Harryhardtr\n|-damage|p2b: Harryhardtr|54/100\n|-unboost|p1a: Lycanroc|def|1\n|-unboost|p1a: Lycanroc|spd|1\n|move|p2b: Harryhardtr|Trick Room|p2b: Harryhardtr\n|-fieldstart|move: Trick Room|[of] p2b: Harryhardtr\n|\n|-weather|RainDance|[upkeep]\n|upkeep\n|turn|5\n|\n|t:|1788325090\n|detailschange|p1b: Swampert|Swampert-Mega, L50, F\n|-mega|p1b: Swampert|Swampert|Swampertite\n|move|p2b: Harryhardtr|Helping Hand|p2a: Pelipper\n|-singleturn|p2a: Pelipper|Helping Hand|[of] p2b: Harryhardtr\n|move|p2a: Pelipper|Weather Ball|p1b: Swampert\n|-damage|p1b: Swampert|0 fnt\n|faint|p1b: Swampert\n|move|p1a: Lycanroc|Close Combat|p2b: Harryhardtr\n|-damage|p2b: Harryhardtr|7/100\n|-unboost|p1a: Lycanroc|def|1\n|-unboost|p1a: Lycanroc|spd|1\n|-enditem|p2b: Harryhardtr|Sitrus Berry|[eat]\n|-heal|p2b: Harryhardtr|32/100|[from] item: Sitrus Berry\n|\n|-weather|RainDance|[upkeep]\n|upkeep\n|turn|6\n|c|☆Noobiedoobie537|ggs\n|\n|t:|1788325104\n|move|p2b: Harryhardtr|Psychic|p1a: Lycanroc\n|-damage|p1a: Lycanroc|0 fnt\n|faint|p1a: Lycanroc\n|\n|win|Noobiedoobie537\n|raw|anhvb's rating: 1233 &rarr; <strong>1207</strong><br />(-26 for losing)\n|raw|Noobiedoobie537's rating: 1226 &rarr; <strong>1252</strong><br />(+26 for winning)\n|l|☆anhvb\n|player|p1|\n","uploadtime":1788325120,"views":"4","formatid":"gen9championsvgc2026regmb","rating":1207,"private":0,"password":null}