{"id":"gen9championsvgc2026regmb-2674432830","format":"[Gen 9 Champions] VGC 2026 Reg M-B","players":["alkanetdz","LasermanZ11"],"log":"|j|☆alkanetdz\n|j|☆LasermanZ11\n|t:|1788359184\n|gametype|doubles\n|player|p1|alkanetdz|dawn|1135\n|player|p2|LasermanZ11|red|1174\n|gen|9\n|tier|[Gen 9 Champions] VGC 2026 Reg M-B\n|rated|\n|rule|Species Clause: Limit one of each Pokémon\n|rule|Item Clause: Limit 1 of each item\n|clearpoke\n|poke|p1|Alakazam, L50, M|\n|poke|p1|Floette-Eternal, L50, F|\n|poke|p1|Grimmsnarl, L50, M|\n|poke|p1|Arcanine-Hisui, L50, M|\n|poke|p1|Rotom-Wash, L50|\n|poke|p1|Kingambit, L50, F|\n|poke|p2|Rotom-Heat, L50|\n|poke|p2|Gyarados, L50, M|\n|poke|p2|Sinistcha, L50|\n|poke|p2|Garchomp, L50, M|\n|poke|p2|Corviknight, L50, M|\n|poke|p2|Ninetales-Alola, L50, M|\n|teampreview|4\n|inactive|Battle timer is ON: inactive players will automatically lose when time's up. (requested by alkanetdz)\n|inactive|LasermanZ11 has 60 seconds left.\n|\n|t:|1788359282\n|teamsize|p1|4\n|teamsize|p2|4\n|start\n|switch|p1a: Alakazam|Alakazam, L50, M|100/100\n|switch|p1b: Grimmsnarl|Grimmsnarl, L50, M|100/100\n|switch|p2a: Garchomp|Garchomp, L50, M|100/100\n|switch|p2b: Corviknight|Corviknight, L50, M|100/100\n|turn|1\n|inactive|LasermanZ11 has 30 seconds left.\n|inactive|LasermanZ11 has 20 seconds left.\n|\n|t:|1788359318\n|switch|p2a: Gyarados|Gyarados, L50, M|100/100\n|-ability|p2a: Gyarados|Intimidate|boost\n|-unboost|p1a: Alakazam|atk|1\n|-unboost|p1b: Grimmsnarl|atk|1\n|detailschange|p1a: Alakazam|Alakazam-Mega, L50, M\n|-mega|p1a: Alakazam|Alakazam|Alakazite\n|-ability|p1a: Alakazam|Intimidate|Trace|[from] ability: Trace|[of] p2a: Gyarados\n|-ability|p1a: Alakazam|Intimidate|boost\n|-unboost|p2a: Gyarados|atk|1\n|-ability|p2b: Corviknight|Mirror Armor\n|-unboost|p1a: Alakazam|atk|1\n|move|p1a: Alakazam|Dazzling Gleam|p2b: Corviknight|[spread] p2a,p2b\n|-resisted|p2b: Corviknight|1\n|-damage|p2a: Gyarados|75/100\n|-damage|p2b: Corviknight|86/100\n|move|p2b: Corviknight|Tailwind|p2b: Corviknight\n|-sidestart|p2: LasermanZ11|move: Tailwind\n|move|p1b: Grimmsnarl|Spirit Break|p2a: Gyarados\n|-damage|p2a: Gyarados|50/100g\n|-unboost|p2a: Gyarados|spa|1\n|\n|-heal|p2b: Corviknight|92/100|[from] item: Leftovers\n|upkeep\n|turn|2\n|inactive|alkanetdz has 30 seconds left.\n|inactive|LasermanZ11 has 30 seconds left.\n|inactive|alkanetdz has 20 seconds left.\n|\n|t:|1788359353\n|detailschange|p2a: Gyarados|Gyarados-Mega, L50, M\n|-mega|p2a: Gyarados|Gyarados|Gyaradosite\n|-ability|p2a: Gyarados|Mold Breaker\n|move|p1b: Grimmsnarl|Reflect|p1b: Grimmsnarl\n|-sidestart|p1: alkanetdz|Reflect\n|move|p2a: Gyarados|Crunch|p1a: Alakazam\n|-supereffective|p1a: Alakazam|1\n|-damage|p1a: Alakazam|14/100\n|move|p1a: Alakazam|Nasty Plot|p1a: Alakazam\n|-boost|p1a: Alakazam|spa|2\n|move|p2b: Corviknight|Iron Head|p1b: Grimmsnarl\n|-supereffective|p1b: Grimmsnarl|1\n|-damage|p1b: Grimmsnarl|56/100\n|\n|-heal|p2b: Corviknight|98/100|[from] item: Leftovers\n|upkeep\n|turn|3\n|inactive|alkanetdz has 30 seconds left.\n|inactive|LasermanZ11 has 30 seconds left.\n|inactive|LasermanZ11 has 20 seconds left.\n|\n|t:|1788359390\n|move|p1a: Alakazam|Protect|p1a: Alakazam\n|-singleturn|p1a: Alakazam|Protect\n|move|p2a: Gyarados|Waterfall|p1a: Alakazam\n|-activate|p1a: Alakazam|move: Protect\n|move|p2b: Corviknight|Iron Head|p1b: Grimmsnarl\n|-supereffective|p1b: Grimmsnarl|1\n|-damage|p1b: Grimmsnarl|10/100\n|move|p1b: Grimmsnarl|Spirit Break|p2a: Gyarados\n|-supereffective|p2a: Gyarados|1\n|-damage|p2a: Gyarados|14/100\n|-unboost|p2a: Gyarados|spa|1\n|\n|-heal|p2b: Corviknight|100/100|[from] item: Leftovers\n|upkeep\n|turn|4\n|inactive|alkanetdz has 30 seconds left.\n|\n|t:|1788359420\n|switch|p1a: Floette|Floette-Eternal, L50, F|100/100\n|move|p1b: Grimmsnarl|Protect|p1b: Grimmsnarl\n|-singleturn|p1b: Grimmsnarl|Protect\n|move|p2a: Gyarados|Crunch|p1a: Floette\n|-resisted|p1a: Floette|1\n|-damage|p1a: Floette|83/100\n|move|p2b: Corviknight|Iron Head|p1b: Grimmsnarl\n|-activate|p1b: Grimmsnarl|move: Protect\n|\n|-sideend|p2: LasermanZ11|move: Tailwind\n|upkeep\n|turn|5\n|\n|t:|1788359440\n|switch|p1b: Arcanine|Arcanine-Hisui, L50, M|100/100\n|-ability|p1b: Arcanine|Intimidate|boost\n|-unboost|p2a: Gyarados|atk|1\n|-ability|p2b: Corviknight|Mirror Armor\n|-unboost|p1b: Arcanine|atk|1\n|move|p2a: Gyarados|Protect|p2a: Gyarados\n|-singleturn|p2a: Gyarados|Protect\n|move|p1a: Floette|Dazzling Gleam|p2a: Gyarados|[spread] p2b\n|-activate|p2a: Gyarados|move: Protect\n|-resisted|p2b: Corviknight|1\n|-damage|p2b: Corviknight|84/100\n|move|p2b: Corviknight|Tailwind|p2b: Corviknight\n|-sidestart|p2: LasermanZ11|move: Tailwind\n|\n|-heal|p2b: Corviknight|90/100|[from] item: Leftovers\n|upkeep\n|turn|6\n|inactive|alkanetdz has 30 seconds left.\n|inactive|LasermanZ11 has 30 seconds left.\n|\n|t:|1788359470\n|move|p1a: Floette|Protect|p1a: Floette\n|-singleturn|p1a: Floette|Protect\n|move|p2a: Gyarados|Waterfall|p1b: Arcanine\n|-supereffective|p1b: Arcanine|2\n|-damage|p1b: Arcanine|11/100\n|move|p2b: Corviknight|Iron Head|p1a: Floette\n|-activate|p1a: Floette|move: Protect\n|move|p1b: Arcanine|Flare Blitz|p2b: Corviknight\n|-supereffective|p2b: Corviknight|1\n|-damage|p2b: Corviknight|0 fnt\n|faint|p2b: Corviknight\n|-damage|p1b: Arcanine|0 fnt|[from] Recoil\n|faint|p1b: Arcanine\n|\n|upkeep\n|\n|t:|1788359495\n|switch|p1b: Grimmsnarl|Grimmsnarl, L50, M|10/100\n|switch|p2b: Garchomp|Garchomp, L50, M|100/100\n|turn|7\n|inactive|LasermanZ11 has 30 seconds left.\n|\n|t:|1788359523\n|move|p2b: Garchomp|Rock Slide|p1a: Floette|[spread] p1a,p1b\n|-damage|p1a: Floette|56/100\n|-damage|p1b: Grimmsnarl|0 fnt\n|faint|p1b: Grimmsnarl\n|-damage|p2b: Garchomp|90/100|[from] item: Life Orb\n|move|p2a: Gyarados|Waterfall|p1a: Floette\n|-damage|p1a: Floette|26/100\n|move|p1a: Floette|Light of Ruin|p2b: Garchomp\n|-supereffective|p2b: Garchomp|1\n|-damage|p2b: Garchomp|0 fnt\n|faint|p2b: Garchomp\n|-damage|p1a: Floette|0 fnt|[from] Recoil\n|faint|p1a: Floette\n|\n|upkeep\n|\n|t:|1788359537\n|switch|p2b: Sinistcha|Sinistcha, L50|100/100\n|switch|p1b: Alakazam|Alakazam-Mega, L50, M|14/100\n|-ability|p1b: Alakazam|Mold Breaker|Trace|[from] ability: Trace|[of] p2a: Gyarados\n|-ability|p1b: Alakazam|Mold Breaker\n|-heal|p2a: Gyarados|39/100|[from] ability: Hospitality|[of] p2b: Sinistcha\n|turn|8\n|\n|t:|1788359551\n|move|p2a: Gyarados|Crunch|p1b: Alakazam\n|-supereffective|p1b: Alakazam|1\n|-damage|p1b: Alakazam|0 fnt\n|faint|p1b: Alakazam\n|\n|win|LasermanZ11\n|raw|alkanetdz's rating: 1135 &rarr; <strong>1113</strong><br />(-22 for losing)\n|raw|LasermanZ11's rating: 1174 &rarr; <strong>1196</strong><br />(+22 for winning)\n|l|☆alkanetdz\n|player|p1|\n","uploadtime":1788359558,"views":"2","formatid":"gen9championsvgc2026regmb","rating":1113,"private":0,"password":null}