{"id":"gen9championsvgc2026regmbbo3-2673545308","format":"[Gen 9 Champions] VGC 2026 Reg M-B (Bo3)","players":["KalimotxoComunista","NightshadeAI"],"log":"|j|☆KalimotxoComunista\n|j|☆NightshadeAI\n|html|<table width=\"100%\"><tr><td align=\"left\">KalimotxoComunista</td><td align=\"right\">NightshadeAI</tr><tr><td align=\"left\"><i class=\"fa fa-circle-o\"></i> <i class=\"fa fa-circle-o\"></i> </td><td align=\"right\"><i class=\"fa fa-circle-o\"></i> <i class=\"fa fa-circle-o\"></i> </tr></table>\n|uhtml|bestof|<h2><strong>Game 1</strong> of <a href=\"/game-bestof3-gen9championsvgc2026regmbbo3-2673545307\">a best-of-3</a></h2>\n|t:|1788211171\n|gametype|doubles\n|player|p1|KalimotxoComunista|265|1121\n|player|p2|NightshadeAI|101|1111\n|gen|9\n|tier|[Gen 9 Champions] VGC 2026 Reg M-B (Bo3)\n|rated|\n|rule|Species Clause: Limit one of each Pokémon\n|rule|Item Clause: Limit 1 of each item\n|clearpoke\n|poke|p1|Incineroar, L50, M|\n|poke|p1|Kingambit, L50, M|\n|poke|p1|Sinistcha, L50|\n|poke|p1|Sneasler, L50, F|\n|poke|p1|Blastoise, L50, M|\n|poke|p1|Delphox, L50, M|\n|poke|p2|Whimsicott, L50, M|\n|poke|p2|Charizard, L50, M|\n|poke|p2|Basculegion, L50, M|\n|poke|p2|Garchomp, L50, F|\n|poke|p2|Floette-Eternal, L50, F|\n|poke|p2|Kingambit, L50, F|\n|teampreview|4\n|showteam|p1|Incineroar||SitrusBerry|Intimidate|FakeOut,FlareBlitz,PartingShot,ThroatChop|Impish||M|||50|]Kingambit||LifeOrb|Defiant|KowtowCleave,SuckerPunch,SwordsDance,Protect|Adamant||M|||50|]Sinistcha||ColburBerry|Hospitality|MatchaGotcha,RagePowder,Protect,TrickRoom|Bold|||||50|]Sneasler||FocusSash|PoisonTouch|FakeOut,CloseCombat,PoisonJab,QuickGuard|Jolly||F|||50|]Blastoise||Blastoisinite|RainDish|WaterSpout,DarkPulse,ShellSmash,Protect|Modest||M|||50|]Delphox||Delphoxite|Blaze|HeatWave,Psychic,NastyPlot,Protect|Timid||M|||50|\n|showteam|p2|Whimsicott||FocusSash|Prankster|Moonblast,Tailwind,Encore,Protect|Timid||M|||50|]Charizard||CharizarditeY|Blaze|WeatherBall,SolarBeam,HeatWave,Protect|Modest||M|||50|]Basculegion||MysticWater|Adaptability|LastRespects,WaveCrash,AquaJet,Protect|Adamant||M|||50|]Garchomp||LifeOrb|RoughSkin|DragonClaw,Earthquake,RockSlide,Protect|Adamant||F|||50|]Floette-Eternal||Floettite|FlowerVeil|DazzlingGleam,LightofRuin,Moonblast,Protect|Modest||F|||50|]Kingambit||ChopleBerry|Defiant|KowtowCleave,SuckerPunch,IronHead,LowKick|Adamant||F|||50|\n|inactive|Battle timer is ON: inactive players will automatically lose when time's up. (requested by NightshadeAI)\n|inactive|KalimotxoComunista has 60 seconds left.\n|inactive|KalimotxoComunista has 30 seconds left.\n|\n|t:|1788211235\n|teamsize|p1|4\n|teamsize|p2|4\n|start\n|switch|p1a: Delphox|Delphox, L50, M|100/100\n|switch|p1b: Sneasler|Sneasler, L50, F|100/100\n|switch|p2a: Garchomp|Garchomp, L50, F|100/100\n|switch|p2b: Floette|Floette-Eternal, L50, F|100/100\n|turn|1\n|inactive|KalimotxoComunista has 30 seconds left.\n|\n|t:|1788211264\n|detailschange|p2b: Floette|Floette-Mega, L50, F\n|-mega|p2b: Floette|Floette|Floettite\n|-ability|p2b: Floette|Fairy Aura\n|move|p2b: Floette|Protect|p2b: Floette\n|-singleturn|p2b: Floette|Protect\n|move|p1b: Sneasler|Poison Jab|p2b: Floette\n|-activate|p2b: Floette|move: Protect\n|move|p1a: Delphox|Nasty Plot|p1a: Delphox\n|-boost|p1a: Delphox|spa|2\n|move|p2a: Garchomp|Earthquake|p1b: Sneasler|[spread] p1a,p1b\n|-activate|p2b: Floette|move: Protect\n|-supereffective|p1a: Delphox|1\n|-supereffective|p1b: Sneasler|1\n|-damage|p1a: Delphox|0 fnt\n|-enditem|p1b: Sneasler|Focus Sash\n|-damage|p1b: Sneasler|1/100\n|faint|p1a: Delphox\n|-damage|p2a: Garchomp|90/100|[from] item: Life Orb\n|\n|upkeep\n|inactive|KalimotxoComunista has 30 seconds left.\n|inactive|KalimotxoComunista has 20 seconds left.\n|inactive|KalimotxoComunista has 15 seconds left.\n|\n|t:|1788211305\n|switch|p1a: Sinistcha|Sinistcha, L50|100/100\n|-heal|p1b: Sneasler|25/100|[from] ability: Hospitality|[of] p1a: Sinistcha\n|turn|2\n|\n|t:|1788211310\n|move|p1b: Sneasler|Poison Jab|p2b: Floette\n|-supereffective|p2b: Floette|1\n|-damage|p2b: Floette|0 fnt\n|faint|p2b: Floette\n|move|p2a: Garchomp|Dragon Claw|p1b: Sneasler\n|-damage|p1b: Sneasler|0 fnt\n|faint|p1b: Sneasler\n|-damage|p2a: Garchomp|80/100|[from] item: Life Orb\n|move|p1a: Sinistcha|Trick Room|p1a: Sinistcha\n|-fieldstart|move: Trick Room|[of] p1a: Sinistcha\n|\n|upkeep\n|\n|t:|1788211317\n|switch|p2b: Kingambit|Kingambit, L50, F|100/100\n|switch|p1b: Kingambit|Kingambit, L50, M|100/100\n|turn|3\n|\n|t:|1788211329\n|move|p1b: Kingambit|Protect|p1b: Kingambit\n|-singleturn|p1b: Kingambit|Protect\n|move|p2b: Kingambit|Kowtow Cleave|p1a: Sinistcha\n|-supereffective|p1a: Sinistcha|1\n|-enditem|p1a: Sinistcha|Colbur Berry|[eat]\n|-enditem|p1a: Sinistcha|Colbur Berry|[weaken]\n|-damage|p1a: Sinistcha|58/100\n|move|p1a: Sinistcha|Matcha Gotcha|p2b: Kingambit|[spread] p2a,p2b\n|-resisted|p2b: Kingambit|1\n|-damage|p2a: Garchomp|54/100\n|-heal|p1a: Sinistcha|73/100|[from] drain|[of] p2a: Garchomp\n|-damage|p2b: Kingambit|87/100\n|-heal|p1a: Sinistcha|80/100|[from] drain|[of] p2b: Kingambit\n|move|p2a: Garchomp|Rock Slide|p1a: Sinistcha|[spread] p1a\n|-activate|p1b: Kingambit|move: Protect\n|-damage|p1a: Sinistcha|53/100\n|-damage|p2a: Garchomp|44/100|[from] item: Life Orb\n|\n|upkeep\n|turn|4\n|inactive|KalimotxoComunista has 30 seconds left.\n|\n|t:|1788211356\n|move|p1a: Sinistcha|Rage Powder|p1a: Sinistcha\n|-singleturn|p1a: Sinistcha|move: Rage Powder\n|move|p1b: Kingambit|Kowtow Cleave|p2a: Garchomp\n|-damage|p2a: Garchomp|0 fnt\n|-damage|p1b: Kingambit|87/100|[from] ability: Rough Skin|[of] p2a: Garchomp\n|faint|p2a: Garchomp\n|-damage|p1b: Kingambit|78/100|[from] item: Life Orb\n|move|p2b: Kingambit|Kowtow Cleave|p1a: Sinistcha\n|-supereffective|p1a: Sinistcha|1\n|-damage|p1a: Sinistcha|0 fnt\n|faint|p1a: Sinistcha\n|\n|upkeep\n|\n|t:|1788211360\n|switch|p2a: Basculegion|Basculegion, L50, M|100/100\n|turn|5\n|inactive|KalimotxoComunista has 30 seconds left.\n|inactive|KalimotxoComunista has 20 seconds left.\n|\n|t:|1788211395\n|move|p1b: Kingambit|Sucker Punch|p2a: Basculegion\n|-supereffective|p2a: Basculegion|1\n|-damage|p2a: Basculegion|0 fnt\n|faint|p2a: Basculegion\n|-damage|p1b: Kingambit|68/100|[from] item: Life Orb\n|move|p2b: Kingambit|Kowtow Cleave|p1b: Kingambit\n|-resisted|p1b: Kingambit|1\n|-damage|p1b: Kingambit|50/100g\n|\n|upkeep\n|turn|6\n|\n|t:|1788211408\n|move|p1b: Kingambit|Kowtow Cleave|p2b: Kingambit\n|-resisted|p2b: Kingambit|1\n|-damage|p2b: Kingambit|60/100\n|-damage|p1b: Kingambit|40/100|[from] item: Life Orb\n|move|p2b: Kingambit|Kowtow Cleave|p1b: Kingambit\n|-resisted|p1b: Kingambit|1\n|-damage|p1b: Kingambit|22/100\n|\n|-fieldend|move: Trick Room\n|upkeep\n|turn|7\n|\n|t:|1788211419\n|move|p2b: Kingambit|Kowtow Cleave|p1b: Kingambit\n|-resisted|p1b: Kingambit|1\n|-damage|p1b: Kingambit|3/100\n|move|p1b: Kingambit|Kowtow Cleave|p2b: Kingambit\n|-resisted|p2b: Kingambit|1\n|-damage|p2b: Kingambit|35/100\n|-damage|p1b: Kingambit|0 fnt|[from] item: Life Orb\n|faint|p1b: Kingambit\n|\n|win|NightshadeAI\n|l|☆NightshadeAI\n|player|p2|\n|inactive|KalimotxoComunista has 30 seconds to confirm battle start!\n|inactive|NightshadeAI has 30 seconds to confirm battle start!\n","uploadtime":1788211430,"views":"2","formatid":"gen9championsvgc2026regmbbo3","rating":null,"private":0,"password":null}