{"id":"gen9championsvgc2026regmb-2674960042","format":"[Gen 9 Champions] VGC 2026 Reg M-B","players":["bigdogmollywop","JopDone"],"log":"|j|☆bigdogmollywop\n|j|☆JopDone\n|t:|1788442189\n|gametype|doubles\n|player|p1|bigdogmollywop|1|1139\n|player|p2|JopDone|palmer|1197\n|gen|9\n|tier|[Gen 9 Champions] VGC 2026 Reg M-B\n|rated|\n|rule|Species Clause: Limit one of each Pokémon\n|rule|Item Clause: Limit 1 of each item\n|clearpoke\n|poke|p1|Garchomp, L50, F|\n|poke|p1|Tyranitar, L50, M|\n|poke|p1|Metagross, L50|\n|poke|p1|Volcarona, L50, M|\n|poke|p1|Gardevoir, L50, F|\n|poke|p1|Avalugg-Hisui, L50, M|\n|poke|p2|Ampharos, L50, F, shiny|\n|poke|p2|Pelipper, L50, F|\n|poke|p2|Farigiraf, L50, M|\n|poke|p2|Sinistcha-Masterpiece, L50|\n|poke|p2|Aegislash, L50, F|\n|poke|p2|Sneasler, L50, M|\n|teampreview|4\n|\n|t:|1788442254\n|teamsize|p1|4\n|teamsize|p2|4\n|start\n|switch|p1a: Tyranitar|Tyranitar, L50, M|100/100\n|switch|p1b: Garchomp|Garchomp, L50, F|100/100\n|switch|p2a: Farigiraf|Farigiraf, L50, M|100/100\n|switch|p2b: Sneasler|Sneasler, L50, M|100/100\n|-weather|Sandstorm|[from] ability: Sand Stream|[of] p1a: Tyranitar\n|turn|1\n|inactive|Battle timer is ON: inactive players will automatically lose when time's up. (requested by JopDone)\n|\n|t:|1788442272\n|move|p2b: Sneasler|Fake Out|p1b: Garchomp\n|-damage|p1b: Garchomp|82/100\n|cant|p1b: Garchomp|flinch\n|move|p1a: Tyranitar|High Horsepower|p2b: Sneasler\n|-supereffective|p2b: Sneasler|1\n|-damage|p2b: Sneasler|6/100\n|move|p2a: Farigiraf|Trick Room|p2a: Farigiraf\n|-fieldstart|move: Trick Room|[of] p2a: Farigiraf\n|\n|-weather|Sandstorm|[upkeep]\n|-damage|p2a: Farigiraf|93/100|[from] Sandstorm\n|-damage|p2b: Sneasler|1/100|[from] Sandstorm\n|upkeep\n|turn|2\n|\n|t:|1788442293\n|switch|p2a: Pelipper|Pelipper, L50, F|100/100\n|-weather|RainDance|[from] ability: Drizzle|[of] p2a: Pelipper\n|move|p1a: Tyranitar|Protect|p1a: Tyranitar\n|-singleturn|p1a: Tyranitar|Protect\n|move|p2b: Sneasler|Close Combat|p1a: Tyranitar\n|-activate|p1a: Tyranitar|move: Protect\n|move|p1b: Garchomp|Crunch|p2a: Pelipper\n|-damage|p2a: Pelipper|65/100\n|-damage|p1b: Garchomp|72/100|[from] item: Life Orb\n|\n|-weather|RainDance|[upkeep]\n|upkeep\n|turn|3\n|inactive|bigdogmollywop has 30 seconds left.\n|inactive|bigdogmollywop has 20 seconds left.\n|\n|t:|1788442329\n|detailschange|p1a: Tyranitar|Tyranitar-Mega, L50, M\n|-mega|p1a: Tyranitar|Tyranitar|Tyranitarite\n|-weather|Sandstorm|[from] ability: Sand Stream|[of] p1a: Tyranitar\n|move|p2a: Pelipper|Wide Guard|p2a: Pelipper\n|-singleturn|p2a: Pelipper|Wide Guard\n|move|p2b: Sneasler|Close Combat|p1a: Tyranitar\n|-supereffective|p1a: Tyranitar|2\n|-damage|p1a: Tyranitar|0 fnt\n|-unboost|p2b: Sneasler|def|1\n|-unboost|p2b: Sneasler|spd|1\n|faint|p1a: Tyranitar\n|move|p1b: Garchomp|Poison Jab|p2a: Pelipper\n|-damage|p2a: Pelipper|31/100\n|-damage|p1b: Garchomp|62/100|[from] item: Life Orb\n|\n|-weather|Sandstorm|[upkeep]\n|-damage|p2a: Pelipper|25/100|[from] Sandstorm\n|-damage|p2b: Sneasler|0 fnt|[from] Sandstorm\n|faint|p2b: Sneasler\n|upkeep\n|inactive|bigdogmollywop has 30 seconds left.\n|inactive|bigdogmollywop has 20 seconds left.\n|inactive|bigdogmollywop has 15 seconds left.\n|\n|t:|1788442373\n|switch|p1a: Avalugg|Avalugg-Hisui, L50, M|100/100\n|switch|p2b: Mega-Flaaffy|Ampharos, L50, F, shiny|100/100\n|turn|4\n|inactive|bigdogmollywop has 30 seconds left.\n|\n|t:|1788442404\n|detailschange|p2b: Mega-Flaaffy|Ampharos-Mega, L50, F, shiny\n|-mega|p2b: Mega-Flaaffy|Ampharos|Ampharosite\n|-ability|p2b: Mega-Flaaffy|Mold Breaker\n|move|p2b: Mega-Flaaffy|Cotton Guard|p2b: Mega-Flaaffy\n|-boost|p2b: Mega-Flaaffy|def|3\n|move|p2a: Pelipper|Weather Ball|p1a: Avalugg\n|-supereffective|p1a: Avalugg|1\n|-damage|p1a: Avalugg|4/100\n|move|p1a: Avalugg|High Horsepower|p2b: Mega-Flaaffy\n|-supereffective|p2b: Mega-Flaaffy|1\n|-damage|p2b: Mega-Flaaffy|70/100\n|move|p1b: Garchomp|Poison Jab|p2a: Pelipper\n|-damage|p2a: Pelipper|0 fnt\n|faint|p2a: Pelipper\n|-damage|p1b: Garchomp|53/100|[from] item: Life Orb\n|\n|-weather|Sandstorm|[upkeep]\n|-damage|p2b: Mega-Flaaffy|64/100|[from] Sandstorm\n|upkeep\n|\n|t:|1788442417\n|switch|p2a: Farigiraf|Farigiraf, L50, M|93/100\n|turn|5\n|\n|t:|1788442426\n|move|p1a: Avalugg|Protect|p1a: Avalugg\n|-singleturn|p1a: Avalugg|Protect\n|move|p1b: Garchomp|Protect|p1b: Garchomp\n|-singleturn|p1b: Garchomp|Protect\n|move|p2a: Farigiraf|Ally Switch|p2a: Farigiraf\n|swap|p2a: Farigiraf|1|[from] move: Ally Switch\n|move|p2a: Mega-Flaaffy|Dragon Pulse|p1b: Garchomp\n|-activate|p1b: Garchomp|move: Protect\n|\n|-weather|Sandstorm|[upkeep]\n|-damage|p2a: Mega-Flaaffy|58/100|[from] Sandstorm\n|-damage|p2b: Farigiraf|87/100|[from] Sandstorm\n|-fieldend|move: Trick Room\n|upkeep\n|turn|6\n|\n|t:|1788442439\n|move|p1b: Garchomp|Earth Power|p2a: Mega-Flaaffy\n|-supereffective|p2a: Mega-Flaaffy|1\n|-damage|p2a: Mega-Flaaffy|0 fnt\n|faint|p2a: Mega-Flaaffy\n|-damage|p1b: Garchomp|43/100|[from] item: Life Orb\n|move|p1a: Avalugg|Mountain Gale|p2b: Farigiraf\n|-damage|p2b: Farigiraf|33/100\n|move|p2b: Farigiraf|Twin Beam|p1a: Avalugg\n|-damage|p1a: Avalugg|0 fnt\n|faint|p1a: Avalugg\n|-hitcount|p1: Avalugg|1\n|\n|-weather|Sandstorm|[upkeep]\n|-damage|p2b: Farigiraf|27/100|[from] Sandstorm\n|upkeep\n|\n|t:|1788442442\n|switch|p1a: Volcarona|Volcarona, L50, M|100/100\n|turn|7\n|c|☆JopDone|earthpower\n|c|☆JopDone|damn\n|-message|JopDone forfeited.\n|\n|win|bigdogmollywop\n|raw|bigdogmollywop's rating: 1139 &rarr; <strong>1168</strong><br />(+29 for winning)\n|raw|JopDone's rating: 1197 &rarr; <strong>1168</strong><br />(-29 for losing)\n|l|☆JopDone\n|player|p2|\n","uploadtime":1788442465,"views":"13","formatid":"gen9championsvgc2026regmb","rating":1168,"private":0,"password":null}