{"id":"gen9championsvgc2026regmb-2673878663","format":"[Gen 9 Champions] VGC 2026 Reg M-B","players":["Bootyswamppp","Thornlace48812"],"log":"|j|☆Bootyswamppp\n|j|☆Thornlace48812\n|t:|1788272156\n|gametype|doubles\n|player|p1|Bootyswamppp|depotagent|1073\n|player|p2|Thornlace48812|102|1091\n|gen|9\n|tier|[Gen 9 Champions] VGC 2026 Reg M-B\n|rated|\n|rule|Species Clause: Limit one of each Pokémon\n|rule|Item Clause: Limit 1 of each item\n|clearpoke\n|poke|p1|Mimikyu, L50, F, shiny|\n|poke|p1|Aerodactyl, L50, M, shiny|\n|poke|p1|Incineroar, L50, M, shiny|\n|poke|p1|Torkoal, L50, F, shiny|\n|poke|p1|Samurott-Hisui, L50, M, shiny|\n|poke|p1|Vanilluxe, L50, M, shiny|\n|poke|p2|Garchomp, L50, F|\n|poke|p2|Charizard, L50, M|\n|poke|p2|Whimsicott, L50, F|\n|poke|p2|Sylveon, L50, M|\n|poke|p2|Kingambit, L50, F|\n|poke|p2|Basculegion, L50, M|\n|teampreview|4\n|inactive|Battle timer is ON: inactive players will automatically lose when time's up. (requested by Thornlace48812)\nThornlace48812 rejected open team sheets.\n|\n|t:|1788272177\n|teamsize|p1|4\n|teamsize|p2|4\n|start\n|switch|p1a: Mimikyu|Mimikyu, L50, F, shiny|100/100\n|switch|p1b: Aerodactyl|Aerodactyl, L50, M, shiny|100/100\n|switch|p2a: Charizard|Charizard, L50, M|100/100\n|switch|p2b: Sylveon|Sylveon, L50, M|100/100\n|-ability|p1b: Aerodactyl|Unnerve\n|turn|1\n|\n|t:|1788272192\n|detailschange|p1b: Aerodactyl|Aerodactyl-Mega, L50, M, shiny\n|-mega|p1b: Aerodactyl|Aerodactyl|Aerodactylite\n|detailschange|p2a: Charizard|Charizard-Mega-Y, L50, M\n|-mega|p2a: Charizard|Charizard|Charizardite Y\n|-weather|SunnyDay|[from] ability: Drought|[of] p2a: Charizard\n|move|p2a: Charizard|Protect|p2a: Charizard\n|-singleturn|p2a: Charizard|Protect\n|move|p1b: Aerodactyl|Rock Slide|p2b: Sylveon|[spread] p2b\n|-activate|p2a: Charizard|move: Protect\n|-damage|p2b: Sylveon|59/100\n|move|p1a: Mimikyu|Light Screen|p1a: Mimikyu\n|-sidestart|p1: Bootyswamppp|move: Light Screen\n|move|p2b: Sylveon|Hyper Beam|p1b: Aerodactyl\n|-damage|p1b: Aerodactyl|26/100\n|-mustrecharge|p2b: Sylveon\n|\n|-weather|SunnyDay|[upkeep]\n|upkeep\n|turn|2\n|\n|t:|1788272196\n|move|p1b: Aerodactyl|Protect|p1b: Aerodactyl\n|-singleturn|p1b: Aerodactyl|Protect\n|move|p2a: Charizard|Ancient Power|p1a: Mimikyu\n|-activate|p1a: Mimikyu|ability: Disguise\n|-damage|p1a: Mimikyu|100/100\n|-boost|p2a: Charizard|atk|1\n|-boost|p2a: Charizard|def|1\n|-boost|p2a: Charizard|spa|1\n|-boost|p2a: Charizard|spd|1\n|-boost|p2a: Charizard|spe|1\n|detailschange|p1a: Mimikyu|Mimikyu-Busted, L50, F, shiny\n|-damage|p1a: Mimikyu|87/100|[from] pokemon: Mimikyu-Busted\n|cant|p2b: Sylveon|recharge\n|move|p1a: Mimikyu|Trick Room|p1a: Mimikyu\n|-fieldstart|move: Trick Room|[of] p1a: Mimikyu\n|\n|-weather|SunnyDay|[upkeep]\n|upkeep\n|turn|3\n|\n|t:|1788272213\n|move|p2b: Sylveon|Hyper Voice|p1a: Mimikyu|[spread] p1a,p1b\n|-damage|p1a: Mimikyu|59/100\n|-damage|p1b: Aerodactyl|0 fnt\n|faint|p1b: Aerodactyl\n|move|p1a: Mimikyu|Play Rough|p2b: Sylveon\n|-damage|p2b: Sylveon|19/100\n|move|p2a: Charizard|Heat Wave|p1a: Mimikyu\n|-damage|p1a: Mimikyu|0 fnt\n|faint|p1a: Mimikyu\n|\n|-weather|SunnyDay|[upkeep]\n|upkeep\n|\n|t:|1788272215\n|switch|p1a: Samurott|Samurott-Hisui, L50, M, shiny|100/100\n|switch|p1b: Vanilluxe|Vanilluxe, L50, M, shiny|100/100\n|-weather|Snowscape|[from] ability: Snow Warning|[of] p1b: Vanilluxe\n|turn|4\n|\n|t:|1788272219\n|move|p1b: Vanilluxe|Blizzard|p2a: Charizard|[spread] p2a,p2b\n|-damage|p2a: Charizard|66/100\n|-damage|p2b: Sylveon|0 fnt\n|faint|p2b: Sylveon\n|move|p1a: Samurott|Aqua Cutter|p2a: Charizard\n|-supereffective|p2a: Charizard|1\n|-damage|p2a: Charizard|0 fnt\n|faint|p2a: Charizard\n|-damage|p1a: Samurott|90/100|[from] item: Life Orb\n|\n|-weather|Snowscape|[upkeep]\n|upkeep\n|\n|t:|1788272219\n|switch|p2b: Basculegion|Basculegion, L50, M|100/100\n|switch|p2a: Whimsicott|Whimsicott, L50, F|100/100\n|turn|5\n|\n|t:|1788272227\n|move|p1a: Samurott|Sucker Punch|p2b: Basculegion\n|-supereffective|p2b: Basculegion|1\n|-damage|p2b: Basculegion|0 fnt\n|faint|p2b: Basculegion\n|-damage|p1a: Samurott|80/100|[from] item: Life Orb\n|move|p1b: Vanilluxe|Blizzard|p2a: Whimsicott\n|-supereffective|p2a: Whimsicott|1\n|-enditem|p2a: Whimsicott|Focus Sash\n|-damage|p2a: Whimsicott|1/100\n|move|p2a: Whimsicott|Moonblast|p1a: Samurott\n|-supereffective|p1a: Samurott|1\n|-damage|p1a: Samurott|21/100\n|\n|-weather|Snowscape|[upkeep]\n|-sideend|p1: Bootyswamppp|move: Light Screen\n|upkeep\n|turn|6\n|\n|t:|1788272233\n|move|p2a: Whimsicott|Protect|p2a: Whimsicott\n|-singleturn|p2a: Whimsicott|Protect\n|move|p1a: Samurott|Sucker Punch||[still]\n|-fail|p1a: Samurott\n|move|p1b: Vanilluxe|Blizzard|p2a: Whimsicott\n|-activate|p2a: Whimsicott|move: Protect\n|\n|-weather|Snowscape|[upkeep]\n|-fieldend|move: Trick Room\n|upkeep\n|turn|7\n|\n|t:|1788272235\n|move|p1a: Samurott|Sucker Punch|p2a: Whimsicott\n|-resisted|p2a: Whimsicott|1\n|-damage|p2a: Whimsicott|0 fnt\n|faint|p2a: Whimsicott\n|-damage|p1a: Samurott|12/100|[from] item: Life Orb\n|\n|win|Bootyswamppp\n|raw|Bootyswamppp's rating: 1073 &rarr; <strong>1101</strong><br />(+28 for winning)\n|raw|Thornlace48812's rating: 1064 &rarr; <strong>1045</strong><br />(-19 for losing)\n","uploadtime":1788272235,"views":"0","formatid":"gen9championsvgc2026regmb","rating":1045,"private":0,"password":null}