{"id":"gen9championsvgc2026regmb-2674748724","format":"[Gen 9 Champions] VGC 2026 Reg M-B","players":["lobasso","Pain02"],"log":"|j|☆lobasso\n|j|☆Pain02\n|t:|1788400107\n|gametype|doubles\n|player|p1|lobasso|170|1043\n|player|p2|Pain02|170|1149\n|gen|9\n|tier|[Gen 9 Champions] VGC 2026 Reg M-B\n|rated|\n|rule|Species Clause: Limit one of each Pokémon\n|rule|Item Clause: Limit 1 of each item\n|clearpoke\n|poke|p1|Absol, L50, M|\n|poke|p1|Maushold, L50|\n|poke|p1|Sneasler, L50, F|\n|poke|p1|Sinistcha, L50|\n|poke|p1|Whimsicott, L50, F|\n|poke|p1|Floette-Eternal, L50, F|\n|poke|p2|Garchomp, L50, F|\n|poke|p2|Sneasler, L50, F|\n|poke|p2|Tyranitar, L50, F|\n|poke|p2|Sinistcha-Masterpiece, L50|\n|poke|p2|Talonflame, L50, M|\n|poke|p2|Gengar, L50, F|\n|teampreview|4\n|\n|t:|1788400130\n|teamsize|p1|4\n|teamsize|p2|4\n|start\n|switch|p1a: Absol|Absol, L50, M|100/100\n|switch|p1b: Maushold|Maushold, L50|100/100\n|switch|p2a: Tyranitar|Tyranitar, L50, F|100/100\n|switch|p2b: Sneasler|Sneasler, L50, F|100/100\n|-weather|Sandstorm|[from] ability: Sand Stream|[of] p2a: Tyranitar\n|turn|1\n|\n|t:|1788400154\n|switch|p1a: Sinistcha|Sinistcha, L50|100/100\n|detailschange|p2a: Tyranitar|Tyranitar-Mega, L50, F\n|-mega|p2a: Tyranitar|Tyranitar|Tyranitarite\n|move|p2b: Sneasler|Fake Out|p1b: Maushold\n|-damage|p1b: Maushold|86/100\n|cant|p1b: Maushold|flinch\n|move|p2a: Tyranitar|Rock Slide|p1b: Maushold|[spread] p1a,p1b\n|-damage|p1a: Sinistcha|75/100\n|-damage|p1b: Maushold|43/100\n|\n|-weather|Sandstorm|[upkeep]\n|-damage|p2b: Sneasler|94/100|[from] Sandstorm\n|-damage|p1b: Maushold|37/100|[from] Sandstorm\n|-damage|p1a: Sinistcha|69/100|[from] Sandstorm\n|upkeep\n|turn|2\n|inactive|Battle timer is ON: inactive players will automatically lose when time's up. (requested by Pain02)\n|\n|t:|1788400173\n|move|p2b: Sneasler|Coaching|p2a: Tyranitar\n|-boost|p2a: Tyranitar|atk|1\n|-boost|p2a: Tyranitar|def|1\n|move|p1b: Maushold|Super Fang|p2b: Sneasler\n|-damage|p2b: Sneasler|47/100\n|move|p2a: Tyranitar|Dragon Dance|p2a: Tyranitar\n|-boost|p2a: Tyranitar|atk|1\n|-boost|p2a: Tyranitar|spe|1\n|move|p1a: Sinistcha|Matcha Gotcha|p2b: Sneasler|[spread] p2a,p2b\n|-supereffective|p2a: Tyranitar|1\n|-resisted|p2b: Sneasler|1\n|-damage|p2a: Tyranitar|72/100\n|-heal|p1a: Sinistcha|83/100|[from] drain|[of] p2a: Tyranitar\n|-damage|p2b: Sneasler|30/100\n|-heal|p1a: Sinistcha|90/100|[from] drain|[of] p2b: Sneasler\n|\n|-weather|Sandstorm|[upkeep]\n|-damage|p2b: Sneasler|25/100|[from] Sandstorm\n|-damage|p1b: Maushold|30/100|[from] Sandstorm\n|-damage|p1a: Sinistcha|84/100|[from] Sandstorm\n|upkeep\n|turn|3\n|\n|t:|1788400195\n|switch|p1b: Sneasler|Sneasler, L50, F|100/100\n|move|p2a: Tyranitar|Rock Slide|p1b: Sneasler|[spread] p1a,p1b\n|-resisted|p1b: Sneasler|1\n|-damage|p1a: Sinistcha|23/100\n|-damage|p1b: Sneasler|40/100\n|-enditem|p1a: Sinistcha|Sitrus Berry|[eat]\n|-heal|p1a: Sinistcha|47/100|[from] item: Sitrus Berry\n|move|p2b: Sneasler|Dire Claw|p1a: Sinistcha\n|-damage|p1a: Sinistcha|15/100\n|move|p1a: Sinistcha|Matcha Gotcha|p2a: Tyranitar|[spread] p2a,p2b\n|-supereffective|p2a: Tyranitar|1\n|-resisted|p2b: Sneasler|1\n|-damage|p2a: Tyranitar|40/100\n|-heal|p1a: Sinistcha|31/100|[from] drain|[of] p2a: Tyranitar\n|-damage|p2b: Sneasler|10/100\n|-heal|p1a: Sinistcha|37/100|[from] drain|[of] p2b: Sneasler\n|-status|p2b: Sneasler|brn\n|\n|-weather|Sandstorm|[upkeep]\n|-damage|p1b: Sneasler|35/100|[from] Sandstorm\n|-damage|p2b: Sneasler|5/100 brn|[from] Sandstorm\n|-damage|p1a: Sinistcha|31/100|[from] Sandstorm\n|-damage|p2b: Sneasler|0 fnt|[from] brn\n|faint|p2b: Sneasler\n|upkeep\n|\n|t:|1788400208\n|switch|p2b: Sinistcha|Sinistcha-Masterpiece, L50|100/100\n|-heal|p2a: Tyranitar|65/100|[from] ability: Hospitality|[of] p2b: Sinistcha\n|turn|4\n|\n|t:|1788400227\n|move|p1b: Sneasler|Fake Out|p2a: Tyranitar\n|-resisted|p2a: Tyranitar|1\n|-damage|p2a: Tyranitar|61/100\n|move|p2b: Sinistcha|Rage Powder|p2b: Sinistcha\n|-singleturn|p2b: Sinistcha|move: Rage Powder\n|cant|p2a: Tyranitar|flinch\n|move|p1a: Sinistcha|Matcha Gotcha|p2b: Sinistcha|[spread] p2a,p2b\n|-supereffective|p2a: Tyranitar|1\n|-resisted|p2b: Sinistcha|1\n|-damage|p2a: Tyranitar|30/100\n|-heal|p1a: Sinistcha|46/100|[from] drain|[of] p2a: Tyranitar\n|-damage|p2b: Sinistcha|84/100\n|-heal|p1a: Sinistcha|54/100|[from] drain|[of] p2b: Sinistcha\n|\n|-weather|Sandstorm|[upkeep]\n|-damage|p1b: Sneasler|29/100|[from] Sandstorm\n|-damage|p1a: Sinistcha|48/100|[from] Sandstorm\n|-damage|p2b: Sinistcha|78/100|[from] Sandstorm\n|upkeep\n|turn|5\n|inactive|lobasso has 30 seconds left.\n|\n|t:|1788400258\n|move|p1b: Sneasler|Close Combat|p2a: Tyranitar\n|-supereffective|p2a: Tyranitar|2\n|-damage|p2a: Tyranitar|0 fnt\n|-unboost|p1b: Sneasler|def|1\n|-unboost|p1b: Sneasler|spd|1\n|faint|p2a: Tyranitar\n|-enditem|p1b: Sneasler|White Herb\n|-clearnegativeboost|p1b: Sneasler|[silent]\n|move|p1a: Sinistcha|Matcha Gotcha|p2b: Sinistcha\n|-resisted|p2b: Sinistcha|1\n|-damage|p2b: Sinistcha|58/100\n|-heal|p1a: Sinistcha|58/100|[from] drain|[of] p2b: Sinistcha\n|move|p2b: Sinistcha|Life Dew|p2b: Sinistcha\n|-heal|p2b: Sinistcha|83/100\n|\n|-weather|none\n|upkeep\n|\n|t:|1788400264\n|switch|p2a: Garchomp|Garchomp, L50, F|100/100\n|turn|6\n|\n|t:|1788400281\n|move|p2b: Sinistcha|Rage Powder|p2b: Sinistcha\n|-singleturn|p2b: Sinistcha|move: Rage Powder\n|move|p1b: Sneasler|Dire Claw|p2b: Sinistcha\n|-damage|p2b: Sinistcha|53/100\n|move|p2a: Garchomp|Stomping Tantrum|p1b: Sneasler\n|-supereffective|p1b: Sneasler|1\n|-damage|p1b: Sneasler|0 fnt\n|faint|p1b: Sneasler\n|-damage|p2a: Garchomp|90/100|[from] item: Life Orb\n|move|p1a: Sinistcha|Matcha Gotcha|p2a: Garchomp|[spread] p2a,p2b\n|-resisted|p2b: Sinistcha|1\n|-damage|p2a: Garchomp|62/100\n|-heal|p1a: Sinistcha|73/100|[from] drain|[of] p2a: Garchomp\n|-damage|p2b: Sinistcha|39/100\n|-heal|p1a: Sinistcha|79/100|[from] drain|[of] p2b: Sinistcha\n|-enditem|p2b: Sinistcha|Sitrus Berry|[eat]\n|-heal|p2b: Sinistcha|64/100|[from] item: Sitrus Berry\n|\n|upkeep\n|\n|t:|1788400305\n|switch|p1b: Absol|Absol, L50, M|100/100\n|turn|7\n|\n|t:|1788400323\n|detailschange|p1b: Absol|Absol-Mega, L50, M\n|-mega|p1b: Absol|Absol|Absolite\n|move|p2a: Garchomp|Dragon Claw|p1b: Absol\n|-crit|p1b: Absol\n|-damage|p1b: Absol|0 fnt\n|faint|p1b: Absol\n|-damage|p2a: Garchomp|52/100|[from] item: Life Orb\n|move|p2b: Sinistcha|Life Dew|p2b: Sinistcha|[spread] p2a,p2b\n|-heal|p2a: Garchomp|77/100\n|-heal|p2b: Sinistcha|89/100\n|move|p1a: Sinistcha|Trick Room|p1a: Sinistcha\n|-fieldstart|move: Trick Room|[of] p1a: Sinistcha\n|\n|upkeep\n|\n|t:|1788400334\n|switch|p1b: Maushold|Maushold, L50|30/100\n|turn|8\n|\n|t:|1788400346\n|move|p1a: Sinistcha|Rage Powder|p1a: Sinistcha\n|-singleturn|p1a: Sinistcha|move: Rage Powder\n|move|p2b: Sinistcha|Matcha Gotcha|p1a: Sinistcha|[spread] p1a\n|-miss|p2b: Sinistcha|p1b: Maushold\n|-resisted|p1a: Sinistcha|1\n|-damage|p1a: Sinistcha|71/100\n|-heal|p2b: Sinistcha|93/100|[from] drain|[of] p1a: Sinistcha\n|move|p1b: Maushold|Super Fang|p2a: Garchomp\n|-damage|p2a: Garchomp|38/100\n|move|p2a: Garchomp|Dragon Claw|p1a: Sinistcha\n|-crit|p1a: Sinistcha\n|-damage|p1a: Sinistcha|20/100y\n|-damage|p2a: Garchomp|29/100|[from] item: Life Orb\n|\n|upkeep\n|turn|9\n|\n|t:|1788400368\n|move|p1b: Maushold|Protect|p1b: Maushold\n|-singleturn|p1b: Maushold|Protect\n|move|p1a: Sinistcha|Matcha Gotcha|p2a: Garchomp|[spread] p2a,p2b\n|-resisted|p2b: Sinistcha|1\n|-damage|p2a: Garchomp|1/100\n|-heal|p1a: Sinistcha|34/100|[from] drain|[of] p2a: Garchomp\n|-damage|p2b: Sinistcha|79/100\n|-heal|p1a: Sinistcha|42/100|[from] drain|[of] p2b: Sinistcha\n|-status|p2b: Sinistcha|brn\n|move|p2b: Sinistcha|Life Dew|p2b: Sinistcha|[spread] p2a,p2b\n|-heal|p2a: Garchomp|25/100\n|-heal|p2b: Sinistcha|100/100 brn\n|move|p2a: Garchomp|Rock Slide|p1a: Sinistcha|[spread] p1a\n|-activate|p1b: Maushold|move: Protect\n|-damage|p1a: Sinistcha|25/100\n|-damage|p2a: Garchomp|16/100|[from] item: Life Orb\n|\n|-damage|p2b: Sinistcha|93/100 brn|[from] brn\n|upkeep\n|turn|10\n|inactive|lobasso has 30 seconds left.\n|\n|t:|1788400393\n|move|p2a: Garchomp|Protect|p2a: Garchomp\n|-singleturn|p2a: Garchomp|Protect\n|move|p2b: Sinistcha|Life Dew|p2b: Sinistcha|[spread] p2a,p2b\n|-heal|p2a: Garchomp|41/100\n|-heal|p2b: Sinistcha|100/100 brn\n|move|p1a: Sinistcha|Matcha Gotcha|p2b: Sinistcha|[spread] p2b\n|-activate|p2a: Garchomp|move: Protect\n|-resisted|p2b: Sinistcha|1\n|-damage|p2b: Sinistcha|86/100 brn\n|-heal|p1a: Sinistcha|32/100|[from] drain|[of] p2b: Sinistcha\n|move|p1b: Maushold|Beat Up|p2b: Sinistcha\n|-supereffective|p2b: Sinistcha|1\n|-damage|p2b: Sinistcha|83/100 brn\n|-supereffective|p2b: Sinistcha|1\n|-damage|p2b: Sinistcha|79/100 brn\n|-hitcount|p2b: Sinistcha|2\n|\n|-damage|p2b: Sinistcha|73/100 brn|[from] brn\n|upkeep\n|turn|11\n|inactive|lobasso has 30 seconds left.\n|inactive|Pain02 has 30 seconds left.\n|\n|t:|1788400425\n|move|p1b: Maushold|Follow Me|p1b: Maushold\n|-singleturn|p1b: Maushold|move: Follow Me\n|move|p2b: Sinistcha|Matcha Gotcha|p1b: Maushold|[spread] p1a,p1b\n|-resisted|p1a: Sinistcha|1\n|-damage|p1a: Sinistcha|24/100\n|-heal|p2b: Sinistcha|77/100 brn|[from] drain|[of] p1a: Sinistcha\n|-damage|p1b: Maushold|4/100\n|-heal|p2b: Sinistcha|91/100 brn|[from] drain|[of] p1b: Maushold\n|move|p1a: Sinistcha|Matcha Gotcha|p2b: Sinistcha|[spread] p2a,p2b\n|-resisted|p2b: Sinistcha|1\n|-damage|p2a: Garchomp|11/100\n|-heal|p1a: Sinistcha|40/100|[from] drain|[of] p2a: Garchomp\n|-damage|p2b: Sinistcha|75/100 brn\n|-heal|p1a: Sinistcha|48/100|[from] drain|[of] p2b: Sinistcha\n|move|p2a: Garchomp|Stomping Tantrum|p1b: Maushold\n|-damage|p1b: Maushold|0 fnt\n|faint|p1b: Maushold\n|-damage|p2a: Garchomp|1/100|[from] item: Life Orb\n|\n|-damage|p2b: Sinistcha|69/100 brn|[from] brn\n|-fieldend|move: Trick Room\n|upkeep\n|turn|12\n|\n|t:|1788400450\n|move|p2a: Garchomp|Protect|p2a: Garchomp\n|-singleturn|p2a: Garchomp|Protect\n|move|p2b: Sinistcha|Life Dew|p2b: Sinistcha|[spread] p2a,p2b\n|-heal|p2a: Garchomp|26/100\n|-heal|p2b: Sinistcha|94/100 brn\n|move|p1a: Sinistcha|Life Dew|p1a: Sinistcha\n|-heal|p1a: Sinistcha|73/100\n|\n|-damage|p2b: Sinistcha|88/100 brn|[from] brn\n|upkeep\n|turn|13\n|\n|t:|1788400466\n|move|p2a: Garchomp|Dragon Claw|p1a: Sinistcha\n|-damage|p1a: Sinistcha|24/100\n|-damage|p2a: Garchomp|16/100|[from] item: Life Orb\n|move|p1a: Sinistcha|Matcha Gotcha|p2b: Sinistcha|[spread] p2a,p2b\n|-resisted|p2b: Sinistcha|1\n|-damage|p2a: Garchomp|0 fnt\n|-heal|p1a: Sinistcha|33/100|[from] drain|[of] p2a: Garchomp\n|-damage|p2b: Sinistcha|73/100 brn\n|-heal|p1a: Sinistcha|41/100|[from] drain|[of] p2b: Sinistcha\n|faint|p2a: Garchomp\n|move|p2b: Sinistcha|Life Dew|p2b: Sinistcha\n|-heal|p2b: Sinistcha|98/100 brn\n|\n|-damage|p2b: Sinistcha|92/100 brn|[from] brn\n|upkeep\n|turn|14\n|\n|t:|1788400485\n|move|p2b: Sinistcha|Matcha Gotcha|p1a: Sinistcha\n|-resisted|p1a: Sinistcha|1\n|-damage|p1a: Sinistcha|26/100\n|-heal|p2b: Sinistcha|100/100 brn|[from] drain|[of] p1a: Sinistcha\n|move|p1a: Sinistcha|Life Dew|p1a: Sinistcha\n|-heal|p1a: Sinistcha|51/100\n|\n|-damage|p2b: Sinistcha|93/100 brn|[from] brn\n|upkeep\n|turn|15\n|\n|t:|1788400502\n|move|p1a: Sinistcha|Life Dew|p1a: Sinistcha\n|-heal|p1a: Sinistcha|76/100\n|move|p2b: Sinistcha|Matcha Gotcha|p1a: Sinistcha\n|-resisted|p1a: Sinistcha|1\n|-damage|p1a: Sinistcha|61/100\n|-heal|p2b: Sinistcha|100/100 brn|[from] drain|[of] p1a: Sinistcha\n|-status|p1a: Sinistcha|brn\n|\n|-damage|p2b: Sinistcha|93/100 brn|[from] brn\n|-damage|p1a: Sinistcha|55/100 brn|[from] brn\n|upkeep\n|turn|16\n|\n|t:|1788400517\n|move|p2b: Sinistcha|Matcha Gotcha|p1a: Sinistcha\n|-resisted|p1a: Sinistcha|1\n|-crit|p1a: Sinistcha\n|-damage|p1a: Sinistcha|30/100 brn\n|-heal|p2b: Sinistcha|100/100 brn|[from] drain|[of] p1a: Sinistcha\n|move|p1a: Sinistcha|Life Dew|p1a: Sinistcha\n|-heal|p1a: Sinistcha|55/100 brn\n|\n|-damage|p1a: Sinistcha|49/100 brn|[from] brn\n|-damage|p2b: Sinistcha|93/100 brn|[from] brn\n|upkeep\n|turn|17\n|\n|t:|1788400533\n|move|p2b: Sinistcha|Matcha Gotcha|p1a: Sinistcha\n|-resisted|p1a: Sinistcha|1\n|-damage|p1a: Sinistcha|34/100 brn\n|-heal|p2b: Sinistcha|100/100 brn|[from] drain|[of] p1a: Sinistcha\n|move|p1a: Sinistcha|Life Dew|p1a: Sinistcha\n|-heal|p1a: Sinistcha|59/100 brn\n|\n|-damage|p2b: Sinistcha|93/100 brn|[from] brn\n|-damage|p1a: Sinistcha|53/100 brn|[from] brn\n|upkeep\n|turn|18\n|\n|t:|1788400551\n|move|p2b: Sinistcha|Matcha Gotcha|p1a: Sinistcha|[miss]\n|-miss|p2b: Sinistcha|p1a: Sinistcha\n|move|p1a: Sinistcha|Life Dew|p1a: Sinistcha\n|-heal|p1a: Sinistcha|78/100 brn\n|\n|-damage|p1a: Sinistcha|72/100 brn|[from] brn\n|-damage|p2b: Sinistcha|87/100 brn|[from] brn\n|upkeep\n|turn|19\n|\n|t:|1788400561\n|move|p2b: Sinistcha|Protect|p2b: Sinistcha\n|-singleturn|p2b: Sinistcha|Protect\n|move|p1a: Sinistcha|Life Dew|p1a: Sinistcha\n|-heal|p1a: Sinistcha|97/100 brn\n|\n|-damage|p1a: Sinistcha|91/100 brn|[from] brn\n|-damage|p2b: Sinistcha|81/100 brn|[from] brn\n|upkeep\n|turn|20\n|\n|t:|1788400567\n|move|p2b: Sinistcha|Protect||[still]\n|-fail|p2b: Sinistcha\n|move|p1a: Sinistcha|Life Dew|p1a: Sinistcha\n|-heal|p1a: Sinistcha|100/100 brn\n|\n|-damage|p2b: Sinistcha|75/100 brn|[from] brn\n|-damage|p1a: Sinistcha|93/100 brn|[from] brn\n|upkeep\n|turn|21\n|\n|t:|1788400573\n|move|p2b: Sinistcha|Protect|p2b: Sinistcha\n|-singleturn|p2b: Sinistcha|Protect\n|move|p1a: Sinistcha|Matcha Gotcha|p2b: Sinistcha\n|-activate|p2b: Sinistcha|move: Protect\n|\n|-damage|p1a: Sinistcha|87/100 brn|[from] brn\n|-damage|p2b: Sinistcha|69/100 brn|[from] brn\n|upkeep\n|turn|22\n|\n|t:|1788400581\n|move|p2b: Sinistcha|Life Dew|p2b: Sinistcha\n|-heal|p2b: Sinistcha|94/100 brn\n|move|p1a: Sinistcha|Matcha Gotcha|p2b: Sinistcha\n|-resisted|p2b: Sinistcha|1\n|-damage|p2b: Sinistcha|75/100 brn\n|-heal|p1a: Sinistcha|97/100 brn|[from] drain|[of] p2b: Sinistcha\n|\n|-damage|p2b: Sinistcha|69/100 brn|[from] brn\n|-damage|p1a: Sinistcha|91/100 brn|[from] brn\n|upkeep\n|turn|23\n|\n|t:|1788400591\n|move|p2b: Sinistcha|Protect|p2b: Sinistcha\n|-singleturn|p2b: Sinistcha|Protect\n|move|p1a: Sinistcha|Matcha Gotcha|p2b: Sinistcha\n|-activate|p2b: Sinistcha|move: Protect\n|\n|-damage|p2b: Sinistcha|63/100 brn|[from] brn\n|-damage|p1a: Sinistcha|84/100 brn|[from] brn\n|upkeep\n|turn|24\n|\n|t:|1788400601\n|move|p2b: Sinistcha|Matcha Gotcha|p1a: Sinistcha\n|-resisted|p1a: Sinistcha|1\n|-damage|p1a: Sinistcha|69/100 brn\n|-heal|p2b: Sinistcha|71/100 brn|[from] drain|[of] p1a: Sinistcha\n|move|p1a: Sinistcha|Matcha Gotcha|p2b: Sinistcha\n|-resisted|p2b: Sinistcha|1\n|-damage|p2b: Sinistcha|51/100 brn\n|-heal|p1a: Sinistcha|79/100 brn|[from] drain|[of] p2b: Sinistcha\n|\n|-damage|p2b: Sinistcha|44/100 brn|[from] brn\n|-damage|p1a: Sinistcha|73/100 brn|[from] brn\n|upkeep\n|turn|25\n|\n|t:|1788400617\n|move|p1a: Sinistcha|Matcha Gotcha|p2b: Sinistcha\n|-resisted|p2b: Sinistcha|1\n|-damage|p2b: Sinistcha|26/100 brn\n|-heal|p1a: Sinistcha|83/100 brn|[from] drain|[of] p2b: Sinistcha\n|move|p2b: Sinistcha|Life Dew|p2b: Sinistcha\n|-heal|p2b: Sinistcha|51/100 brn\n|\n|-damage|p2b: Sinistcha|45/100 brn|[from] brn\n|-damage|p1a: Sinistcha|76/100 brn|[from] brn\n|upkeep\n|turn|26\n|\n|t:|1788400633\n|move|p2b: Sinistcha|Protect|p2b: Sinistcha\n|-singleturn|p2b: Sinistcha|Protect\n|move|p1a: Sinistcha|Matcha Gotcha|p2b: Sinistcha\n|-activate|p2b: Sinistcha|move: Protect\n|\n|-damage|p2b: Sinistcha|39/100 brn|[from] brn\n|-damage|p1a: Sinistcha|70/100 brn|[from] brn\n|upkeep\n|turn|27\n|\n|t:|1788400641\n|move|p1a: Sinistcha|Life Dew|p1a: Sinistcha\n|-heal|p1a: Sinistcha|96/100 brn\n|move|p2b: Sinistcha|Life Dew|p2b: Sinistcha\n|-heal|p2b: Sinistcha|64/100 brn\n|\n|-damage|p2b: Sinistcha|58/100 brn|[from] brn\n|-damage|p1a: Sinistcha|89/100 brn|[from] brn\n|upkeep\n|turn|28\n|\n|t:|1788400658\n|move|p2b: Sinistcha|Rage Powder|p2b: Sinistcha\n|-singleturn|p2b: Sinistcha|move: Rage Powder\n|move|p1a: Sinistcha|Matcha Gotcha|p2b: Sinistcha\n|-resisted|p2b: Sinistcha|1\n|-damage|p2b: Sinistcha|38/100 brn\n|-heal|p1a: Sinistcha|100/100 brn|[from] drain|[of] p2b: Sinistcha\n|\n|-damage|p1a: Sinistcha|93/100 brn|[from] brn\n|-damage|p2b: Sinistcha|32/100 brn|[from] brn\n|upkeep\n|turn|29\n|\n|t:|1788400673\n|move|p2b: Sinistcha|Life Dew|p2b: Sinistcha\n|-heal|p2b: Sinistcha|57/100 brn\n|move|p1a: Sinistcha|Trick Room|p1a: Sinistcha\n|-fieldstart|move: Trick Room|[of] p1a: Sinistcha\n|\n|-damage|p1a: Sinistcha|87/100 brn|[from] brn\n|-damage|p2b: Sinistcha|51/100 brn|[from] brn\n|upkeep\n|turn|30\n|\n|t:|1788400686\n|move|p2b: Sinistcha|Matcha Gotcha|p1a: Sinistcha\n|-resisted|p1a: Sinistcha|1\n|-damage|p1a: Sinistcha|73/100 brn\n|-heal|p2b: Sinistcha|58/100 brn|[from] drain|[of] p1a: Sinistcha\n|move|p1a: Sinistcha|Trick Room|p1a: Sinistcha\n|-fieldend|move: Trick Room\n|\n|-damage|p2b: Sinistcha|52/100 brn|[from] brn\n|-damage|p1a: Sinistcha|67/100 brn|[from] brn\n|upkeep\n|turn|31\n|\n|t:|1788400698\n|move|p2b: Sinistcha|Matcha Gotcha|p1a: Sinistcha\n|-resisted|p1a: Sinistcha|1\n|-damage|p1a: Sinistcha|51/100 brn\n|-heal|p2b: Sinistcha|60/100 brn|[from] drain|[of] p1a: Sinistcha\n|move|p1a: Sinistcha|Life Dew|p1a: Sinistcha\n|-heal|p1a: Sinistcha|76/100 brn\n|\n|-damage|p2b: Sinistcha|54/100 brn|[from] brn\n|-damage|p1a: Sinistcha|70/100 brn|[from] brn\n|upkeep\n|turn|32\n|\n|t:|1788400710\n|move|p2b: Sinistcha|Protect|p2b: Sinistcha\n|-singleturn|p2b: Sinistcha|Protect\n|move|p1a: Sinistcha|Life Dew|p1a: Sinistcha\n|-heal|p1a: Sinistcha|95/100 brn\n|\n|-damage|p2b: Sinistcha|48/100 brn|[from] brn\n|-damage|p1a: Sinistcha|89/100 brn|[from] brn\n|upkeep\n|turn|33\n|\n|t:|1788400719\n|move|p2b: Sinistcha|Rage Powder|p2b: Sinistcha\n|-singleturn|p2b: Sinistcha|move: Rage Powder\n|move|p1a: Sinistcha|Trick Room|p1a: Sinistcha\n|-fieldstart|move: Trick Room|[of] p1a: Sinistcha\n|\n|-damage|p1a: Sinistcha|83/100 brn|[from] brn\n|-damage|p2b: Sinistcha|42/100 brn|[from] brn\n|upkeep\n|turn|34\n|\n|t:|1788400726\n|move|p2b: Sinistcha|Life Dew|p2b: Sinistcha\n|-heal|p2b: Sinistcha|67/100 brn\n|move|p1a: Sinistcha|Trick Room|p1a: Sinistcha\n|-fieldend|move: Trick Room\n|\n|-damage|p1a: Sinistcha|76/100 brn|[from] brn\n|-damage|p2b: Sinistcha|61/100 brn|[from] brn\n|upkeep\n|turn|35\n|\n|t:|1788400735\n|move|p2b: Sinistcha|Matcha Gotcha|p1a: Sinistcha\n|-resisted|p1a: Sinistcha|1\n|-damage|p1a: Sinistcha|62/100 brn\n|-heal|p2b: Sinistcha|68/100 brn|[from] drain|[of] p1a: Sinistcha\n|move|p1a: Sinistcha|Trick Room|p1a: Sinistcha\n|-fieldstart|move: Trick Room|[of] p1a: Sinistcha\n|\n|-damage|p1a: Sinistcha|56/100 brn|[from] brn\n|-damage|p2b: Sinistcha|62/100 brn|[from] brn\n|upkeep\n|turn|36\n|\n|t:|1788400743\n|move|p2b: Sinistcha|Rage Powder|p2b: Sinistcha\n|-singleturn|p2b: Sinistcha|move: Rage Powder\n|move|p1a: Sinistcha|Life Dew|p1a: Sinistcha\n|-heal|p1a: Sinistcha|82/100 brn\n|\n|-damage|p2b: Sinistcha|56/100 brn|[from] brn\n|-damage|p1a: Sinistcha|75/100 brn|[from] brn\n|upkeep\n|turn|37\n|\n|t:|1788400750\n|move|p2b: Sinistcha|Matcha Gotcha|p1a: Sinistcha\n|-resisted|p1a: Sinistcha|1\n|-damage|p1a: Sinistcha|61/100 brn\n|-heal|p2b: Sinistcha|63/100 brn|[from] drain|[of] p1a: Sinistcha\n|move|p1a: Sinistcha|Trick Room|p1a: Sinistcha\n|-fieldend|move: Trick Room\n|\n|-damage|p1a: Sinistcha|55/100 brn|[from] brn\n|-damage|p2b: Sinistcha|57/100 brn|[from] brn\n|upkeep\n|turn|38\n|\n|t:|1788400759\n|move|p2b: Sinistcha|Matcha Gotcha|p1a: Sinistcha\n|-resisted|p1a: Sinistcha|1\n|-damage|p1a: Sinistcha|39/100 brn\n|-heal|p2b: Sinistcha|65/100 brn|[from] drain|[of] p1a: Sinistcha\n|move|p1a: Sinistcha|Trick Room|p1a: Sinistcha\n|-fieldstart|move: Trick Room|[of] p1a: Sinistcha\n|\n|-damage|p2b: Sinistcha|58/100 brn|[from] brn\n|-damage|p1a: Sinistcha|33/100 brn|[from] brn\n|upkeep\n|turn|39\n|\n|t:|1788400764\n|move|p1a: Sinistcha|Rage Powder|p1a: Sinistcha\n|-singleturn|p1a: Sinistcha|move: Rage Powder\n|move|p2b: Sinistcha|Matcha Gotcha|p1a: Sinistcha\n|-resisted|p1a: Sinistcha|1\n|-damage|p1a: Sinistcha|18/100 brn\n|-heal|p2b: Sinistcha|66/100 brn|[from] drain|[of] p1a: Sinistcha\n|\n|-damage|p2b: Sinistcha|60/100 brn|[from] brn\n|-damage|p1a: Sinistcha|12/100 brn|[from] brn\n|upkeep\n|turn|40\n|\n|t:|1788400770\n|move|p1a: Sinistcha|Rage Powder|p1a: Sinistcha\n|-singleturn|p1a: Sinistcha|move: Rage Powder\n|move|p2b: Sinistcha|Matcha Gotcha|p1a: Sinistcha\n|-resisted|p1a: Sinistcha|1\n|-damage|p1a: Sinistcha|0 fnt\n|-heal|p2b: Sinistcha|66/100 brn|[from] drain|[of] p1a: Sinistcha\n|faint|p1a: Sinistcha\n|\n|win|Pain02\n|raw|lobasso's rating: 1043 &rarr; <strong>1031</strong><br />(-12 for losing)\n|raw|Pain02's rating: 1149 &rarr; <strong>1167</strong><br />(+18 for winning)\n|l|☆lobasso\n|player|p1|\n","uploadtime":1788400774,"views":"5","formatid":"gen9championsvgc2026regmb","rating":1031,"private":0,"password":null}