{"id":"gen9championsvgc2026regmb-2674969438","format":"[Gen 9 Champions] VGC 2026 Reg M-B","players":["PedroMonteiro","Ivanpmd"],"log":"|j|☆PedroMonteiro\n|j|☆Ivanpmd\n|t:|1788443420\n|gametype|doubles\n|player|p1|PedroMonteiro|crasherwake|1050\n|player|p2|Ivanpmd|cheren|1123\n|gen|9\n|tier|[Gen 9 Champions] VGC 2026 Reg M-B\n|rated|\n|rule|Species Clause: Limit one of each Pokémon\n|rule|Item Clause: Limit 1 of each item\n|clearpoke\n|poke|p1|Froslass, L50, F|\n|poke|p1|Incineroar, L50, M|\n|poke|p1|Kingambit, L50, M|\n|poke|p1|Sneasler, L50, F|\n|poke|p1|Rotom-Frost, L50|\n|poke|p1|Arcanine-Hisui, L50, M|\n|poke|p2|Charizard, L50, F, shiny|\n|poke|p2|Floette-Eternal, L50, F|\n|poke|p2|Hydreigon, L50, M, shiny|\n|poke|p2|Basculegion, L50, M, shiny|\n|poke|p2|Sneasler, L50, M, shiny|\n|poke|p2|Weavile, L50, F, shiny|\n|teampreview|4\n|inactive|Battle timer is ON: inactive players will automatically lose when time's up. (requested by Ivanpmd)\nIvanpmd rejected open team sheets.\n|c|☆Ivanpmd|glhf\n|inactive|Ivanpmd has 60 seconds left.\n|\n|t:|1788443456\n|teamsize|p1|4\n|teamsize|p2|4\n|start\n|switch|p1a: Arcanine|Arcanine-Hisui, L50, M|100/100\n|switch|p1b: Froslass|Froslass, L50, F|100/100\n|switch|p2a: Charizard|Charizard, L50, F, shiny|100/100\n|switch|p2b: Sneasler|Sneasler, L50, M, shiny|100/100\n|turn|1\n|\n|t:|1788443472\n|move|p1b: Froslass|Protect|p1b: Froslass\n|-singleturn|p1b: Froslass|Protect\n|move|p1a: Arcanine|Protect|p1a: Arcanine\n|-singleturn|p1a: Arcanine|Protect\n|move|p2a: Charizard|Protect|p2a: Charizard\n|-singleturn|p2a: Charizard|Protect\n|move|p2b: Sneasler|Close Combat|p1a: Arcanine\n|-activate|p1a: Arcanine|move: Protect\n|\n|upkeep\n|turn|2\n|\n|t:|1788443496\n|move|p2a: Charizard|Protect||[still]\n|-fail|p2a: Charizard\n|move|p2b: Sneasler|Close Combat|p1a: Arcanine\n|-supereffective|p1a: Arcanine|1\n|-enditem|p1a: Arcanine|Focus Sash\n|-damage|p1a: Arcanine|1/100\n|-unboost|p2b: Sneasler|def|1\n|-unboost|p2b: Sneasler|spd|1\n|-enditem|p2b: Sneasler|White Herb\n|-clearnegativeboost|p2b: Sneasler|[silent]\n|move|p1b: Froslass|Nasty Plot|p1b: Froslass\n|-boost|p1b: Froslass|spa|2\n|move|p1a: Arcanine|Head Smash|p2a: Charizard\n|-supereffective|p2a: Charizard|2\n|-damage|p2a: Charizard|0 fnt\n|faint|p2a: Charizard\n|\n|upkeep\n|\n|t:|1788443514\n|switch|p2a: Hydreigon|Hydreigon, L50, M, shiny|100/100\n|turn|3\n|\n|t:|1788443532\n|detailschange|p1b: Froslass|Froslass-Mega, L50, F\n|-mega|p1b: Froslass|Froslass|Froslassite\n|-weather|Snowscape|[from] ability: Snow Warning|[of] p1b: Froslass\n|move|p1a: Arcanine|Extreme Speed|p2b: Sneasler\n|-damage|p2b: Sneasler|57/100\n|move|p2b: Sneasler|Dire Claw|p1b: Froslass\n|-resisted|p1b: Froslass|1\n|-damage|p1b: Froslass|75/100\n|-status|p1b: Froslass|slp\n|cant|p1b: Froslass|slp\n|move|p2a: Hydreigon|Snarl|p1a: Arcanine|[spread] p1a,p1b\n|-supereffective|p1b: Froslass|1\n|-damage|p1a: Arcanine|0 fnt\n|-damage|p1b: Froslass|26/100 slp\n|-unboost|p1b: Froslass|spa|1\n|faint|p1a: Arcanine\n|\n|-weather|Snowscape|[upkeep]\n|upkeep\n|\n|t:|1788443549\n|switch|p1a: Kingambit|Kingambit, L50, M|100/100\n|turn|4\n|c|☆Ivanpmd|lol\n|\n|t:|1788443570\n|switch|p1a: Sneasler|Sneasler, L50, F|100/100\n|move|p2b: Sneasler|Quick Guard|p2b: Sneasler\n|-singleturn|p2b: Sneasler|Quick Guard\n|cant|p1b: Froslass|slp\n|move|p2a: Hydreigon|Snarl|p1a: Sneasler|[spread] p1a,p1b\n|-resisted|p1a: Sneasler|1\n|-crit|p1a: Sneasler\n|-supereffective|p1b: Froslass|1\n|-damage|p1a: Sneasler|78/100\n|-damage|p1b: Froslass|0 fnt\n|-unboost|p1a: Sneasler|spa|1\n|faint|p1b: Froslass\n|-enditem|p1a: Sneasler|White Herb\n|-clearnegativeboost|p1a: Sneasler|[silent]\n|\n|-weather|Snowscape|[upkeep]\n|upkeep\n|\n|t:|1788443585\n|switch|p1b: Kingambit|Kingambit, L50, M|100/100\n|turn|5\n|\n|t:|1788443602\n|move|p2a: Hydreigon|Protect|p2a: Hydreigon\n|-singleturn|p2a: Hydreigon|Protect\n|move|p1a: Sneasler|Fake Out|p2a: Hydreigon\n|-activate|p2a: Hydreigon|move: Protect\n|move|p2b: Sneasler|Close Combat|p1b: Kingambit\n|-supereffective|p1b: Kingambit|2\n|-damage|p1b: Kingambit|0 fnt\n|-unboost|p2b: Sneasler|def|1\n|-unboost|p2b: Sneasler|spd|1\n|faint|p1b: Kingambit\n|\n|-weather|Snowscape|[upkeep]\n|upkeep\n|turn|6\n|-message|PedroMonteiro forfeited.\n|\n|win|Ivanpmd\n|raw|PedroMonteiro's rating: 1050 &rarr; <strong>1036</strong><br />(-14 for losing)\n|raw|Ivanpmd's rating: 1123 &rarr; <strong>1143</strong><br />(+20 for winning)\n|l|☆PedroMonteiro\n|player|p1|\n","uploadtime":1788443616,"views":"1","formatid":"gen9championsvgc2026regmb","rating":1036,"private":0,"password":null}