{"id":"gen9championsvgc2026regmbbo3-2673397180","format":"[Gen 9 Champions] VGC 2026 Reg M-B (Bo3)","players":["humania1","redjaguar"],"log":"|j|☆humania1\n|j|☆redjaguar\n|html|<table width=\"100%\"><tr><td align=\"left\">humania1</td><td align=\"right\">redjaguar</tr><tr><td align=\"left\"><i class=\"fa fa-circle-o\"></i> <i class=\"fa fa-circle-o\"></i> </td><td align=\"right\"><i class=\"fa fa-circle-o\"></i> <i class=\"fa fa-circle-o\"></i> </tr></table>\n|uhtml|bestof|<h2><strong>Game 1</strong> of <a href=\"/game-bestof3-gen9championsvgc2026regmbbo3-2673397179\">a best-of-3</a></h2>\n|t:|1788192841\n|gametype|doubles\n|player|p1|humania1|170|1084\n|player|p2|redjaguar|gambler|1063\n|gen|9\n|tier|[Gen 9 Champions] VGC 2026 Reg M-B (Bo3)\n|rated|\n|rule|Species Clause: Limit one of each Pokémon\n|rule|Item Clause: Limit 1 of each item\n|clearpoke\n|poke|p1|Blastoise, L50, F|\n|poke|p1|Delphox, L50, F, shiny|\n|poke|p1|Incineroar, L50, M|\n|poke|p1|Sinistcha, L50|\n|poke|p1|Sneasler, L50, M|\n|poke|p1|Vivillon, L50, F|\n|poke|p2|Farigiraf, L50, M|\n|poke|p2|Aerodactyl, L50, M|\n|poke|p2|Gardevoir, L50, F|\n|poke|p2|Basculegion, L50, M|\n|poke|p2|Infernape, L50, F|\n|poke|p2|Garchomp, L50, M|\n|teampreview|4\n|showteam|p1|Blastoise||Blastoisinite|Torrent|Protect,ShellSmash,WaterSpout,DarkPulse|Modest||F|||50|]Delphox||Delphoxite|Blaze|Protect,HeatWave,Psyshock,NastyPlot|Timid||F|||50|]Incineroar||PasshoBerry|Intimidate|FakeOut,PartingShot,FlareBlitz,ThroatChop|Impish||M|||50|]Sinistcha||SitrusBerry|Hospitality|Protect,MatchaGotcha,TrickRoom,RagePowder|Bold|||||50|]Sneasler||FocusSash|PoisonTouch|QuickGuard,FakeOut,CloseCombat,DireClaw|Jolly||M|||50|]Vivillon||ChoiceScarf|CompoundEyes|Hurricane,SleepPowder,RagePowder,Uturn|Timid||F|||50|\n|showteam|p2|Farigiraf||SitrusBerry|ArmorTail|Psychic,Thunderbolt,Protect,HelpingHand|Bold||M|||50|]Aerodactyl||FocusSash|Unnerve|Tailwind,RockSlide,WideGuard,Protect|Jolly||M|||50|]Gardevoir||Gardevoirite|Telepathy|HyperVoice,Psychic,CalmMind,Protect|Timid||F|||50|]Basculegion||MysticWater|Adaptability|AquaJet,LastRespects,WaveCrash,Protect|Adamant||M|||50|]Infernape||WhiteHerb|IronFist|CloseCombat,Feint,FakeOut,StoneEdge|Jolly||F|||50|]Garchomp||LifeOrb|RoughSkin|Earthquake,RockSlide,DragonClaw,Protect|Jolly||M|||50|\n|inactive|Battle timer is ON: inactive players will automatically lose when time's up. (requested by humania1)\n|inactive|redjaguar has 60 seconds left.\n|\n|t:|1788192875\n|teamsize|p1|4\n|teamsize|p2|4\n|start\n|switch|p1a: Blastoise|Blastoise, L50, F|100/100\n|switch|p1b: Sinistcha|Sinistcha, L50|100/100\n|switch|p2a: Aerodactyl|Aerodactyl, L50, M|100/100\n|switch|p2b: Garchomp|Garchomp, L50, M|100/100\n|-ability|p2a: Aerodactyl|Unnerve\n|turn|1\n|\n|t:|1788192895\n|detailschange|p1a: Blastoise|Blastoise-Mega, L50, F\n|-mega|p1a: Blastoise|Blastoise|Blastoisinite\n|move|p2a: Aerodactyl|Rock Slide|p1a: Blastoise|[spread] p1a\n|-miss|p2a: Aerodactyl|p1b: Sinistcha\n|-damage|p1a: Blastoise|77/100\n|move|p2b: Garchomp|Rock Slide|p1a: Blastoise|[spread] p1a,p1b\n|-damage|p1a: Blastoise|54/100\n|-damage|p1b: Sinistcha|75/100\n|-damage|p2b: Garchomp|90/100|[from] item: Life Orb\n|move|p1a: Blastoise|Water Spout|p2a: Aerodactyl|[spread] p2a,p2b\n|-supereffective|p2a: Aerodactyl|1\n|-damage|p2a: Aerodactyl|3/100\n|-damage|p2b: Garchomp|54/100\n|move|p1b: Sinistcha|Matcha Gotcha|p2a: Aerodactyl|[spread] p2a,p2b\n|-damage|p2a: Aerodactyl|0 fnt\n|-heal|p1b: Sinistcha|77/100|[from] drain|[of] p2a: Aerodactyl\n|-damage|p2b: Garchomp|25/100\n|-heal|p1b: Sinistcha|92/100|[from] drain|[of] p2b: Garchomp\n|-status|p2b: Garchomp|brn\n|faint|p2a: Aerodactyl\n|\n|-damage|p2b: Garchomp|19/100 brn|[from] brn\n|upkeep\n|\n|t:|1788192918\n|switch|p2a: Gardevoir|Gardevoir, L50, F|100/100\n|turn|2\n|\n|t:|1788192926\n|switch|p1b: Incineroar|Incineroar, L50, M|100/100\n|-ability|p1b: Incineroar|Intimidate|boost\n|-unboost|p2a: Gardevoir|atk|1\n|-unboost|p2b: Garchomp|atk|1\n|move|p2b: Garchomp|Earthquake|p1b: Incineroar|[spread] p1a,p1b\n|-activate|p2a: Gardevoir|ability: Telepathy\n|-supereffective|p1b: Incineroar|1\n|-damage|p1a: Blastoise|39/100\n|-damage|p1b: Incineroar|72/100\n|-damage|p2b: Garchomp|9/100 brn|[from] item: Life Orb\n|move|p2a: Gardevoir|Calm Mind|p2a: Gardevoir\n|-boost|p2a: Gardevoir|spa|1\n|-boost|p2a: Gardevoir|spd|1\n|move|p1a: Blastoise|Water Spout|p2b: Garchomp|[spread] p2a,p2b\n|-damage|p2a: Gardevoir|80/100\n|-damage|p2b: Garchomp|0 fnt\n|faint|p2b: Garchomp\n|\n|upkeep\n|\n|t:|1788192942\n|switch|p2b: Basculegion|Basculegion, L50, M|100/100\n|turn|3\n|\n|t:|1788192948\n|detailschange|p2a: Gardevoir|Gardevoir-Mega, L50, F\n|-mega|p2a: Gardevoir|Gardevoir|Gardevoirite\n|move|p2a: Gardevoir|Protect|p2a: Gardevoir\n|-singleturn|p2a: Gardevoir|Protect\n|move|p2b: Basculegion|Protect|p2b: Basculegion\n|-singleturn|p2b: Basculegion|Protect\n|move|p1a: Blastoise|Dark Pulse|p2b: Basculegion\n|-activate|p2b: Basculegion|move: Protect\n|move|p1b: Incineroar|Throat Chop|p2b: Basculegion\n|-activate|p2b: Basculegion|move: Protect\n|\n|upkeep\n|turn|4\n|\n|t:|1788192961\n|move|p2b: Basculegion|Aqua Jet|p1b: Incineroar\n|-supereffective|p1b: Incineroar|1\n|-enditem|p1b: Incineroar|Passho Berry|[eat]\n|-enditem|p1b: Incineroar|Passho Berry|[weaken]\n|-damage|p1b: Incineroar|43/100\n|move|p2a: Gardevoir|Hyper Voice|p1a: Blastoise|[spread] p1a,p1b\n|-damage|p1a: Blastoise|0 fnt\n|-damage|p1b: Incineroar|0 fnt\n|faint|p1a: Blastoise\n|faint|p1b: Incineroar\n|\n|upkeep\n|\n|t:|1788192961\n|switch|p1a: Delphox|Delphox, L50, F, shiny|100/100\n|switch|p1b: Sinistcha|Sinistcha, L50|92/100\n|turn|5\n|\n|t:|1788192984\n|move|p1a: Delphox|Psyshock|p2b: Basculegion\n|-damage|p2b: Basculegion|62/100\n|move|p2a: Gardevoir|Hyper Voice|p1a: Delphox|[spread] p1a,p1b\n|-resisted|p1a: Delphox|1\n|-damage|p1a: Delphox|54/100\n|-damage|p1b: Sinistcha|17/100\n|-enditem|p1b: Sinistcha|Sitrus Berry|[eat]\n|-heal|p1b: Sinistcha|42/100|[from] item: Sitrus Berry\n|move|p2b: Basculegion|Last Respects|p1b: Sinistcha\n|-supereffective|p1b: Sinistcha|1\n|-damage|p1b: Sinistcha|0 fnt\n|faint|p1b: Sinistcha\n|\n|upkeep\n|turn|6\n|\n|t:|1788192998\n|move|p2b: Basculegion|Aqua Jet|p1a: Delphox\n|-supereffective|p1a: Delphox|1\n|-damage|p1a: Delphox|0 fnt\n|faint|p1a: Delphox\n|\n|win|redjaguar\n|l|☆humania1\n|player|p1|\n||humania1 is ready for game 2.\n|inactive|redjaguar has 30 seconds to confirm battle start!\n||redjaguar is ready for game 2.\n|uhtml|next|Next: <a href=\"/battle-gen9championsvgc2026regmbbo3-2673398538\"><strong>Game 2 of 3</strong></a>\n","uploadtime":1788192998,"views":"1","formatid":"gen9championsvgc2026regmbbo3","rating":null,"private":0,"password":null}