{"id":"gen9championsvgc2026regmbbo3-2673488030","format":"[Gen 9 Champions] VGC 2026 Reg M-B (Bo3)","players":["shibikanon","Juanttn"],"log":"|j|☆shibikanon\n|j|☆Juanttn\n|html|<table width=\"100%\"><tr><td align=\"left\">shibikanon</td><td align=\"right\">Juanttn</tr><tr><td align=\"left\"><i class=\"fa fa-circle-o\"></i> <i class=\"fa fa-circle-o\"></i> </td><td align=\"right\"><i class=\"fa fa-circle-o\"></i> <i class=\"fa fa-circle-o\"></i> </tr></table>\n|uhtml|bestof|<h2><strong>Game 1</strong> of <a href=\"/game-bestof3-gen9championsvgc2026regmbbo3-2673488029\">a best-of-3</a></h2>\n|t:|1788203793\n|gametype|doubles\n|player|p1|shibikanon|skyla-masters3|1043\n|player|p2|Juanttn|101|1000\n|gen|9\n|tier|[Gen 9 Champions] VGC 2026 Reg M-B (Bo3)\n|rated|\n|rule|Species Clause: Limit one of each Pokémon\n|rule|Item Clause: Limit 1 of each item\n|clearpoke\n|poke|p1|Blaziken, L50, F|\n|poke|p1|Froslass, L50, F|\n|poke|p1|Kingambit, L50, M|\n|poke|p1|Dragonite, L50, F|\n|poke|p1|Basculegion, L50, M|\n|poke|p1|Sneasler, L50, F|\n|poke|p2|Dragonite, L50, M|\n|poke|p2|Sneasler, L50, F|\n|poke|p2|Basculegion, L50, M|\n|poke|p2|Kingambit, L50, M|\n|poke|p2|Garchomp, L50, M|\n|poke|p2|Floette-Eternal, L50, F|\n|teampreview|4\n|showteam|p1|Blaziken||Blazikenite|SpeedBoost|CloseCombat,FlareBlitz,RockSlide,Detect|Adamant||F|||50|]Froslass||Froslassite|SnowCloak|Blizzard,ShadowBall,AuroraVeil,Protect|Modest||F|||50|]Kingambit||LifeOrb|Defiant|KowtowCleave,SuckerPunch,SwordsDance,Protect|Adamant||M|||50|]Dragonite||DragonFang|InnerFocus|DragonClaw,LowKick,ExtremeSpeed,Protect|Adamant||F|||50|]Basculegion||SitrusBerry|Adaptability|WaveCrash,LastRespects,AquaJet,Protect|Adamant||M|||50|]Sneasler||FocusSash|PoisonTouch|CloseCombat,PoisonJab,FakeOut,Protect|Jolly||F|||50|\n|showteam|p2|Dragonite||Dragoninite|InnerFocus|DragonPulse,HeatWave,ExtremeSpeed,Protect|Modest||M|||50|]Sneasler||FocusSash|Pressure|FakeOut,CloseCombat,DireClaw,Feint|Jolly||F|||50|]Basculegion||LifeOrb|SwiftSwim|WaveCrash,LastRespects,AquaJet,Protect|Adamant||M|||50|]Kingambit||ChopleBerry|Defiant|KowtowCleave,IronDefense,SuckerPunch,LowKick|Adamant||M|||50|]Garchomp||ChoiceScarf|SandVeil|Earthquake,DragonClaw,StompingTantrum,RockSlide|Adamant||M|||50|]Floette-Eternal||Floettite|FlowerVeil|Moonblast,DazzlingGleam,LightofRuin,Protect|Timid||F|||50|\n|inactive|Battle timer is ON: inactive players will automatically lose when time's up. (requested by shibikanon)\n|inactive|shibikanon has 60 seconds left.\n|\n|t:|1788203831\n|teamsize|p1|4\n|teamsize|p2|4\n|start\n|switch|p1a: Froslass|Froslass, L50, F|100/100\n|switch|p1b: Sneasler|Sneasler, L50, F|100/100\n|switch|p2a: Floette|Floette-Eternal, L50, F|100/100\n|switch|p2b: Garchomp|Garchomp, L50, M|100/100\n|turn|1\n|inactive|Juanttn has 30 seconds left.\n|\n|t:|1788203862\n|switch|p2b: Basculegion|Basculegion, L50, M|100/100\n|detailschange|p1a: Froslass|Froslass-Mega, L50, F\n|-mega|p1a: Froslass|Froslass|Froslassite\n|-weather|Snowscape|[from] ability: Snow Warning|[of] p1a: Froslass\n|detailschange|p2a: Floette|Floette-Mega, L50, F\n|-mega|p2a: Floette|Floette|Floettite\n|-ability|p2a: Floette|Fairy Aura\n|move|p2a: Floette|Protect|p2a: Floette\n|-singleturn|p2a: Floette|Protect\n|move|p1b: Sneasler|Poison Jab|p2a: Floette\n|-activate|p2a: Floette|move: Protect\n|move|p1a: Froslass|Blizzard|p2b: Basculegion|[spread] p2b\n|-activate|p2a: Floette|move: Protect\n|-resisted|p2b: Basculegion|1\n|-damage|p2b: Basculegion|77/100\n|-status|p2b: Basculegion|frz\n|\n|-weather|Snowscape|[upkeep]\n|upkeep\n|turn|2\n|inactive|Juanttn has 30 seconds left.\n|inactive|Juanttn has 20 seconds left.\n|\n|t:|1788203898\n|switch|p2a: Kingambit|Kingambit, L50, M|100/100\n|move|p1b: Sneasler|Poison Jab|p2a: Kingambit\n|-immune|p2a: Kingambit\n|move|p1a: Froslass|Blizzard|p2b: Basculegion|[spread] p2a,p2b\n|-resisted|p2a: Kingambit|1\n|-resisted|p2b: Basculegion|1\n|-damage|p2a: Kingambit|82/100\n|-damage|p2b: Basculegion|56/100 frz\n|cant|p2b: Basculegion|frz\n|\n|-weather|Snowscape|[upkeep]\n|upkeep\n|turn|3\n|inactive|Juanttn has 30 seconds left.\n|inactive|Juanttn has 20 seconds left.\n|inactive|Juanttn has 15 seconds left.\n|inactive|Juanttn has 10 seconds left.\n|\n|t:|1788203946\n|move|p1b: Sneasler|Close Combat|p2a: Kingambit\n|-supereffective|p2a: Kingambit|2\n|-enditem|p2a: Kingambit|Chople Berry|[eat]\n|-enditem|p2a: Kingambit|Chople Berry|[weaken]\n|-damage|p2a: Kingambit|0 fnt\n|-unboost|p1b: Sneasler|def|1\n|-unboost|p1b: Sneasler|spd|1\n|faint|p2a: Kingambit\n|move|p1a: Froslass|Aurora Veil|p1a: Froslass\n|-sidestart|p1: shibikanon|move: Aurora Veil\n|-curestatus|p2b: Basculegion|frz|[msg]\n|move|p2b: Basculegion|Wave Crash|p1b: Sneasler\n|-crit|p1b: Sneasler\n|-enditem|p1b: Sneasler|Focus Sash\n|-damage|p1b: Sneasler|1/100\n|-damage|p2b: Basculegion|30/100|[from] Recoil\n|-damage|p2b: Basculegion|21/100|[from] item: Life Orb\n|\n|-weather|Snowscape|[upkeep]\n|upkeep\n|\n|t:|1788203964\n|switch|p2a: Floette|Floette-Mega, L50, F|100/100\n|-ability|p2a: Floette|Fairy Aura\n|turn|4\n|\n|t:|1788203974\n|move|p1b: Sneasler|Protect|p1b: Sneasler\n|-singleturn|p1b: Sneasler|Protect\n|move|p2b: Basculegion|Aqua Jet|p1b: Sneasler\n|-activate|p1b: Sneasler|move: Protect\n|move|p1a: Froslass|Blizzard|p2b: Basculegion|[spread] p2a,p2b\n|-crit|p2a: Floette\n|-resisted|p2b: Basculegion|1\n|-damage|p2a: Floette|40/100\n|-damage|p2b: Basculegion|1/100\n|move|p2a: Floette|Dazzling Gleam|p1a: Froslass|[spread] p1a\n|-activate|p1b: Sneasler|move: Protect\n|-damage|p1a: Froslass|68/100\n|\n|-weather|Snowscape|[upkeep]\n|upkeep\n|turn|5\n|\n|t:|1788203992\n|move|p2b: Basculegion|Aqua Jet|p1b: Sneasler\n|-damage|p1b: Sneasler|0 fnt\n|faint|p1b: Sneasler\n|-damage|p2b: Basculegion|0 fnt|[from] item: Life Orb\n|faint|p2b: Basculegion\n|move|p1a: Froslass|Blizzard|p2a: Floette\n|-damage|p2a: Floette|0 fnt\n|faint|p2a: Floette\n|\n|-weather|none\n|upkeep\n|\n|t:|1788204007\n|switch|p1b: Basculegion|Basculegion, L50, M|100/100\n|switch|p2b: Garchomp|Garchomp, L50, M|100/100\n|turn|6\n|\n|t:|1788204015\n|move|p2b: Garchomp|Stomping Tantrum|p1a: Froslass\n|-damage|p1a: Froslass|32/100\n|move|p1a: Froslass|Shadow Ball|p2b: Garchomp\n|-damage|p2b: Garchomp|56/100\n|move|p1b: Basculegion|Last Respects|p2b: Garchomp\n|-damage|p2b: Garchomp|0 fnt\n|faint|p2b: Garchomp\n|\n|win|shibikanon\n","uploadtime":1788204016,"views":"5","formatid":"gen9championsvgc2026regmbbo3","rating":null,"private":0,"password":null}