{"id":"gen9championsvgc2026regmb-2674342240","format":"[Gen 9 Champions] VGC 2026 Reg M-B","players":["spirit 8","kololi"],"log":"|j|☆spirit 8\n|j|☆kololi\n|t:|1788345109\n|gametype|doubles\n|player|p1|spirit 8|1|1691\n|player|p2|kololi|102|1714\n|gen|9\n|tier|[Gen 9 Champions] VGC 2026 Reg M-B\n|rated|\n|rule|Species Clause: Limit one of each Pokémon\n|rule|Item Clause: Limit 1 of each item\n|clearpoke\n|poke|p1|Charizard, L50, M|\n|poke|p1|Venusaur, L50, F|\n|poke|p1|Incineroar, L50, M|\n|poke|p1|Garchomp, L50, F|\n|poke|p1|Sylveon, L50, F|\n|poke|p1|Toxapex, L50, M|\n|poke|p2|Toxapex, L50, M, shiny|\n|poke|p2|Audino, L50, M, shiny|\n|poke|p2|Alcremie, L50, F, shiny|\n|poke|p2|Dragapult, L50, M|\n|poke|p2|Basculegion-F, L50, F, shiny|\n|poke|p2|Raichu, L50, M, shiny|\n|teampreview|4\n|inactive|Battle timer is ON: inactive players will automatically lose when time's up. (requested by kololi)\n|j| nwncc0929\n|j| yymaru\n|inactive|spirit 8 has 60 seconds left.\n|\n|t:|1788345148\n|teamsize|p1|4\n|teamsize|p2|4\n|start\n|switch|p1a: Charizard|Charizard, L50, M|100/100\n|switch|p1b: Venusaur|Venusaur, L50, F|100/100\n|switch|p2a: Raichu|Raichu, L50, M, shiny|100/100\n|switch|p2b: Audino|Audino, L50, M, shiny|100/100\n|turn|1\n|\n|t:|1788345167\n|switch|p1a: Garchomp|Garchomp, L50, F|100/100\n|detailschange|p2b: Audino|Audino-Mega, L50, M, shiny\n|-mega|p2b: Audino|Audino|Audinite\n|move|p2a: Raichu|Fake Out|p1b: Venusaur\n|-damage|p1b: Venusaur|88/100\n|cant|p1b: Venusaur|flinch\n|move|p2b: Audino|Trick Room|p2b: Audino\n|-fieldstart|move: Trick Room|[of] p2b: Audino\n|\n|upkeep\n|turn|2\n|inactive|spirit 8 has 30 seconds left.\n|\n|t:|1788345192\n|switch|p1a: Sylveon|Sylveon, L50, F|100/100\n|move|p2b: Audino|Yawn|p1b: Venusaur\n|-start|p1b: Venusaur|move: Yawn|[of] p2b: Audino\n|move|p2a: Raichu|Charm|p1a: Sylveon\n|-unboost|p1a: Sylveon|atk|2\n|move|p1b: Venusaur|Earth Power|p2a: Raichu\n|-supereffective|p2a: Raichu|1\n|-damage|p2a: Raichu|12/100\n|-damage|p1b: Venusaur|78/100|[from] item: Life Orb\n|\n|upkeep\n|turn|3\n|\n|t:|1788345211\n|switch|p2a: Toxapex|Toxapex, L50, M, shiny|100/100\n|switch|p1b: Garchomp|Garchomp, L50, F|100/100\n|move|p2b: Audino|Simple Beam|p2a: Toxapex\n|-ability|p2a: Toxapex|Simple|Regenerator|[from] move: Simple Beam\n|move|p1a: Sylveon|Yawn|p2b: Audino\n|-start|p2b: Audino|move: Yawn|[of] p1a: Sylveon\n|\n|upkeep\n|turn|4\n|\n|t:|1788345236\n|switch|p2b: Raichu|Raichu, L50, M, shiny|12/100\n|move|p2a: Toxapex|Stockpile|p2a: Toxapex\n|-start|p2a: Toxapex|stockpile1\n|-boost|p2a: Toxapex|def|2\n|-boost|p2a: Toxapex|spd|2\n|move|p1a: Sylveon|Yawn|p2a: Toxapex\n|-start|p2a: Toxapex|move: Yawn|[of] p1a: Sylveon\n|move|p1b: Garchomp|Stomping Tantrum|p2a: Toxapex\n|-supereffective|p2a: Toxapex|1\n|-damage|p2a: Toxapex|73/100\n|\n|-heal|p2a: Toxapex|78/100|[from] item: Leftovers\n|upkeep\n|turn|5\n|inactive|kololi has 30 seconds left.\n|\n|t:|1788345262\n|move|p2a: Toxapex|Stockpile|p2a: Toxapex\n|-start|p2a: Toxapex|stockpile2\n|-boost|p2a: Toxapex|def|2\n|-boost|p2a: Toxapex|spd|2\n|move|p1a: Sylveon|Hyper Voice|p2b: Raichu|[spread] p2a,p2b\n|-resisted|p2a: Toxapex|1\n|-damage|p2a: Toxapex|73/100\n|-damage|p2b: Raichu|0 fnt\n|faint|p2b: Raichu\n|move|p1b: Garchomp|Stomping Tantrum|p2a: Toxapex\n|-supereffective|p2a: Toxapex|1\n|-damage|p2a: Toxapex|53/100\n|\n|-heal|p2a: Toxapex|59/100|[from] item: Leftovers\n|-end|p2a: Toxapex|move: Yawn|[silent]\n|-status|p2a: Toxapex|slp\n|-fieldend|move: Trick Room\n|upkeep\n|\n|t:|1788345266\n|switch|p2b: Dragapult|Dragapult, L50, M|100/100\n|turn|6\n|\n|t:|1788345287\n|switch|p1b: Charizard|Charizard, L50, M|100/100\n|switch|p2b: Audino|Audino-Mega, L50, M, shiny|100/100\n|move|p1a: Sylveon|Hyper Voice|p2b: Audino|[spread] p2a,p2b\n|-resisted|p2a: Toxapex|1\n|-damage|p2a: Toxapex|54/100 slp\n|-damage|p2b: Audino|72/100\n|cant|p2a: Toxapex|slp\n|\n|-activate|p2b: Audino|ability: Healer\n|-curestatus|p2a: Toxapex|slp|[msg]\n|-heal|p2a: Toxapex|59/100|[from] item: Leftovers\n|upkeep\n|turn|7\n|l| yymaru\n|\n|t:|1788345305\n|detailschange|p1b: Charizard|Charizard-Mega-Y, L50, M\n|-mega|p1b: Charizard|Charizard|Charizardite Y\n|-weather|SunnyDay|[from] ability: Drought|[of] p1b: Charizard\n|move|p1b: Charizard|Weather Ball|p2b: Audino\n|-crit|p2b: Audino\n|-damage|p2b: Audino|0 fnt\n|faint|p2b: Audino\n|move|p1a: Sylveon|Hyper Voice|p2a: Toxapex\n|-resisted|p2a: Toxapex|1\n|-damage|p2a: Toxapex|53/100\n|move|p2a: Toxapex|Recover|p2a: Toxapex\n|-heal|p2a: Toxapex|100/100\n|\n|-weather|SunnyDay|[upkeep]\n|upkeep\n|\n|t:|1788345311\n|switch|p2b: Dragapult|Dragapult, L50, M|100/100\n|turn|8\n|\n|t:|1788345327\n|move|p2b: Dragapult|Curse|p1a: Sylveon\n|-start|p1a: Sylveon|Curse|[of] p2b: Dragapult\n|-damage|p2b: Dragapult|50/100y\n|move|p1b: Charizard|Ancient Power|p2b: Dragapult\n|-damage|p2b: Dragapult|25/100\n|move|p1a: Sylveon|Hyper Voice|p2a: Toxapex|[spread] p2a,p2b\n|-resisted|p2a: Toxapex|1\n|-supereffective|p2b: Dragapult|1\n|-damage|p2a: Toxapex|95/100\n|-damage|p2b: Dragapult|0 fnt\n|faint|p2b: Dragapult\n|move|p2a: Toxapex|Infestation|p1a: Sylveon\n|-resisted|p1a: Sylveon|1\n|-damage|p1a: Sylveon|98/100\n|-activate|p1a: Sylveon|move: Infestation|[of] p2a: Toxapex\n|\n|-weather|SunnyDay|[upkeep]\n|-heal|p2a: Toxapex|100/100|[from] item: Leftovers\n|-damage|p1a: Sylveon|74/100|[from] Curse\n|-damage|p1a: Sylveon|62/100|[from] move: Infestation|[partiallytrapped]\n|upkeep\n|turn|9\n|\n|t:|1788345335\n|move|p1b: Charizard|Ancient Power|p2a: Toxapex\n|-crit|p2a: Toxapex\n|-damage|p2a: Toxapex|73/100\n|move|p1a: Sylveon|Yawn|p2a: Toxapex\n|-start|p2a: Toxapex|move: Yawn|[of] p1a: Sylveon\n|move|p2a: Toxapex|Stockpile|p2a: Toxapex\n|-start|p2a: Toxapex|stockpile3\n|-boost|p2a: Toxapex|def|2\n|-boost|p2a: Toxapex|spd|2\n|\n|-weather|SunnyDay|[upkeep]\n|-heal|p2a: Toxapex|79/100|[from] item: Leftovers\n|-damage|p1a: Sylveon|37/100|[from] Curse\n|-damage|p1a: Sylveon|25/100|[from] move: Infestation|[partiallytrapped]\n|upkeep\n|turn|10\n|\n|t:|1788345348\n|move|p1b: Charizard|Ancient Power|p2a: Toxapex\n|-crit|p2a: Toxapex\n|-damage|p2a: Toxapex|55/100\n|-boost|p1b: Charizard|atk|1\n|-boost|p1b: Charizard|def|1\n|-boost|p1b: Charizard|spa|1\n|-boost|p1b: Charizard|spd|1\n|-boost|p1b: Charizard|spe|1\n|move|p1a: Sylveon|Hyper Voice|p2a: Toxapex\n|-resisted|p2a: Toxapex|1\n|-damage|p2a: Toxapex|49/100\n|move|p2a: Toxapex|Toxic|p1b: Charizard\n|-status|p1b: Charizard|tox\n|\n|-weather|SunnyDay|[upkeep]\n|-heal|p2a: Toxapex|55/100|[from] item: Leftovers\n|-damage|p1b: Charizard|93/100 tox|[from] psn\n|-damage|p1a: Sylveon|1/100|[from] Curse\n|-damage|p1a: Sylveon|0 fnt|[from] move: Infestation|[partiallytrapped]\n|faint|p1a: Sylveon\n|-end|p2a: Toxapex|move: Yawn|[silent]\n|-status|p2a: Toxapex|slp\n|upkeep\n|\n|t:|1788345365\n|switch|p1a: Venusaur|Venusaur, L50, F|78/100\n|turn|11\n|\n|t:|1788345372\n|move|p1a: Venusaur|Earth Power|p2a: Toxapex\n|-supereffective|p2a: Toxapex|1\n|-damage|p2a: Toxapex|40/100 slp\n|-unboost|p2a: Toxapex|spd|2\n|-damage|p1a: Venusaur|69/100|[from] item: Life Orb\n|move|p1b: Charizard|Weather Ball|p2a: Toxapex\n|-resisted|p2a: Toxapex|1\n|-damage|p2a: Toxapex|23/100 slp\n|cant|p2a: Toxapex|slp\n|\n|-weather|none\n|-heal|p2a: Toxapex|29/100 slp|[from] item: Leftovers\n|-damage|p1b: Charizard|81/100 tox|[from] psn\n|upkeep\n|turn|12\n|\n|t:|1788345378\n|switch|p1b: Garchomp|Garchomp, L50, F|100/100\n|move|p1a: Venusaur|Earth Power|p2a: Toxapex\n|-supereffective|p2a: Toxapex|1\n|-damage|p2a: Toxapex|9/100 slp\n|-damage|p1a: Venusaur|59/100|[from] item: Life Orb\n|cant|p2a: Toxapex|slp\n|\n|-heal|p2a: Toxapex|15/100 slp|[from] item: Leftovers\n|upkeep\n|turn|13\n|-message|kololi forfeited.\n|\n|win|spirit 8\n|raw|spirit 8's rating: 1691 &rarr; <strong>1712</strong><br />(+21 for winning)\n|raw|kololi's rating: 1714 &rarr; <strong>1693</strong><br />(-21 for losing)\n|l|☆kololi\n|player|p2|\n","uploadtime":1788345394,"views":"0","formatid":"gen9championsvgc2026regmb","rating":1693,"private":0,"password":null}