{"id":"gen9championsvgc2026regmb-2674087493","format":"[Gen 9 Champions] VGC 2026 Reg M-B","players":["gourdko","soulo333"],"log":"|j|☆gourdko\n|j|☆soulo333\n|t:|1788297398\n|gametype|doubles\n|player|p1|gourdko|265|1234\n|player|p2|soulo333|101|1329\n|gen|9\n|tier|[Gen 9 Champions] VGC 2026 Reg M-B\n|rated|\n|rule|Species Clause: Limit one of each Pokémon\n|rule|Item Clause: Limit 1 of each item\n|clearpoke\n|poke|p1|Dragonite, L50, M|\n|poke|p1|Floette-Eternal, L50, F|\n|poke|p1|Sneasler, L50, M|\n|poke|p1|Kingambit, L50, M|\n|poke|p1|Garchomp, L50, M|\n|poke|p1|Basculegion, L50, M|\n|poke|p2|Staraptor, L50, F|\n|poke|p2|Arcanine-Hisui, L50, M|\n|poke|p2|Kingambit, L50, F|\n|poke|p2|Sylveon, L50, F, shiny|\n|poke|p2|Raichu, L50, M|\n|poke|p2|Farigiraf, L50, F|\n|teampreview|4\n|inactive|Battle timer is ON: inactive players will automatically lose when time's up. (requested by gourdko)\n|\n|t:|1788297462\n|teamsize|p1|4\n|teamsize|p2|4\n|start\n|switch|p1a: Floette|Floette-Eternal, L50, F|100/100\n|switch|p1b: Kingambit|Kingambit, L50, M|100/100\n|switch|p2a: Celeste|Staraptor, L50, F|100/100\n|switch|p2b: Sylveon|Sylveon, L50, F, shiny|100/100\n|-ability|p2a: Celeste|Intimidate|boost\n|-unboost|p1a: Floette|atk|1\n|-unboost|p1b: Kingambit|atk|1\n|-ability|p1b: Kingambit|Defiant|boost\n|-boost|p1b: Kingambit|atk|2\n|turn|1\n|inactive|gourdko has 30 seconds left.\n|inactive|gourdko has 20 seconds left.\n|\n|t:|1788297499\n|detailschange|p1a: Floette|Floette-Mega, L50, F\n|-mega|p1a: Floette|Floette|Floettite\n|-ability|p1a: Floette|Fairy Aura\n|move|p2a: Celeste|Protect|p2a: Celeste\n|-singleturn|p2a: Celeste|Protect\n|move|p1a: Floette|Moonblast|p2a: Celeste\n|-activate|p2a: Celeste|move: Protect\n|move|p2b: Sylveon|Hyper Beam|p1b: Kingambit\n|-damage|p1b: Kingambit|0 fnt\n|-mustrecharge|p2b: Sylveon\n|faint|p1b: Kingambit\n|\n|upkeep\n|\n|t:|1788297515\n|switch|p1b: Garchomp|Garchomp, L50, M|100/100\n|turn|2\n|\n|t:|1788297523\n|switch|p2a: Arcanine|Arcanine-Hisui, L50, M|100/100\n|move|p1b: Garchomp|Rock Slide|p2b: Sylveon|[spread] p2a,p2b\n|-supereffective|p2a: Arcanine|1\n|-damage|p2a: Arcanine|48/100\n|-damage|p2b: Sylveon|76/100\n|move|p1a: Floette|Moonblast|p2a: Arcanine\n|-resisted|p2a: Arcanine|1\n|-damage|p2a: Arcanine|2/100\n|cant|p2b: Sylveon|recharge\n|\n|upkeep\n|turn|3\n|inactive|gourdko has 30 seconds left.\n|\n|t:|1788297558\n|move|p2a: Arcanine|Extreme Speed|p1a: Floette\n|-damage|p1a: Floette|67/100\n|move|p2b: Sylveon|Quick Attack|p1b: Garchomp\n|-supereffective|p1b: Garchomp|1\n|-damage|p1b: Garchomp|70/100\n|-damage|p2b: Sylveon|64/100|[from] ability: Rough Skin|[of] p1b: Garchomp\n|move|p1b: Garchomp|Rock Slide|p2b: Sylveon|[spread] p2a,p2b\n|-supereffective|p2a: Arcanine|1\n|-damage|p2a: Arcanine|0 fnt\n|-damage|p2b: Sylveon|38/100\n|faint|p2a: Arcanine\n|move|p1a: Floette|Light of Ruin|p2b: Sylveon\n|-damage|p2b: Sylveon|0 fnt\n|faint|p2b: Sylveon\n|-damage|p1a: Floette|43/100|[from] Recoil\n|\n|upkeep\n|\n|t:|1788297563\n|switch|p2a: Celeste|Staraptor, L50, F|100/100\n|switch|p2b: Raichu|Raichu, L50, M|100/100\n|-ability|p2a: Celeste|Intimidate|boost\n|-unboost|p1a: Floette|atk|1\n|-unboost|p1b: Garchomp|atk|1\n|turn|4\n|inactive|gourdko has 30 seconds left.\n|\n|t:|1788297595\n|detailschange|p2a: Celeste|Staraptor-Mega, L50, F\n|-mega|p2a: Celeste|Staraptor|Staraptite\n|move|p1a: Floette|Protect|p1a: Floette\n|-singleturn|p1a: Floette|Protect\n|move|p2b: Raichu|Fake Out|p1a: Floette\n|-activate|p1a: Floette|move: Protect\n|move|p1b: Garchomp|Rock Slide|p2b: Raichu|[spread] p2a,p2b\n|-damage|p2a: Celeste|87/100\n|-damage|p2b: Raichu|80/100\n|cant|p2a: Celeste|flinch\n|\n|upkeep\n|turn|5\n|-message|soulo333 forfeited.\n|\n|win|gourdko\n|raw|gourdko's rating: 1234 &rarr; <strong>1266</strong><br />(+32 for winning)\n|raw|soulo333's rating: 1329 &rarr; <strong>1304</strong><br />(-25 for losing)\n","uploadtime":1788297619,"views":"4","formatid":"gen9championsvgc2026regmb","rating":1266,"private":0,"password":null}