{"id":"gen9championsvgc2026regmb-2674318102","format":"[Gen 9 Champions] VGC 2026 Reg M-B","players":["JamesFakeperson","nulce"],"log":"|j|☆JamesFakeperson\n|j|☆nulce\n|t:|1788339655\n|gametype|doubles\n|player|p1|JamesFakeperson|blue|1000\n|player|p2|nulce|marley|1069\n|gen|9\n|tier|[Gen 9 Champions] VGC 2026 Reg M-B\n|rated|\n|rule|Species Clause: Limit one of each Pokémon\n|rule|Item Clause: Limit 1 of each item\n|clearpoke\n|poke|p1|Metagross, L50|\n|poke|p1|Meowstic, L50, M|\n|poke|p1|Overqwil, L50, M|\n|poke|p1|Delphox, L50, M|\n|poke|p1|Farigiraf, L50, F|\n|poke|p1|Sneasler, L50, M|\n|poke|p2|Rotom-Frost, L50, shiny|\n|poke|p2|Garchomp, L50, F|\n|poke|p2|Froslass, L50, F, shiny|\n|poke|p2|Kingambit, L50, F, shiny|\n|poke|p2|Whimsicott, L50, M, shiny|\n|poke|p2|Sneasler, L50, M, shiny|\n|teampreview|4\n|inactive|Battle timer is ON: inactive players will automatically lose when time's up. (requested by nulce)\nJamesFakeperson has agreed to open team sheets.\n|\n|t:|1788339672\n|teamsize|p1|4\n|teamsize|p2|4\n|start\n|switch|p1a: Meowstic|Meowstic, L50, M|100/100\n|switch|p1b: Overqwil|Overqwil, L50, M|100/100\n|switch|p2a: Rotom|Rotom-Frost, L50, shiny|100/100\n|switch|p2b: Garchomp|Garchomp, L50, F|100/100\n|-ability|p1b: Overqwil|Intimidate|boost\n|-unboost|p2a: Rotom|atk|1\n|-unboost|p2b: Garchomp|atk|1\n|turn|1\n|\n|t:|1788339687\n|move|p1a: Meowstic|Skill Swap|p1b: Overqwil\n|-activate|p1a: Meowstic|Skill Swap|||[of] p1b: Overqwil\n|-hint|Skill Swap does not announce the abilities of the Pokémon when used between allies.\n|-ability|p1a: Meowstic|Intimidate|boost\n|-unboost|p2a: Rotom|atk|1\n|-unboost|p2b: Garchomp|atk|1\n|move|p1b: Overqwil|Minimize|p1b: Overqwil\n|-boost|p1b: Overqwil|evasion|2\n|move|p2a: Rotom|Discharge|p1b: Overqwil|[spread] p1a,p1b\n|-immune|p2b: Garchomp\n|-damage|p1a: Meowstic|80/100\n|-damage|p1b: Overqwil|64/100\n|-status|p1a: Meowstic|par\n|-status|p1b: Overqwil|par\n|move|p2b: Garchomp|Earthquake|p1b: Overqwil|[spread] p1a\n|-immune|p2a: Rotom|[from] ability: Levitate\n|-miss|p2b: Garchomp|p1b: Overqwil\n|-damage|p1a: Meowstic|48/100 par\n|-damage|p2b: Garchomp|90/100|[from] item: Life Orb\n|\n|-heal|p1b: Overqwil|70/100 par|[from] item: Leftovers\n|upkeep\n|turn|2\n|inactive|JamesFakeperson has 30 seconds left.\n|\n|t:|1788339714\n|switch|p2a: Sneasler|Sneasler, L50, M, shiny|100/100\n|move|p1b: Overqwil|Minimize|p1b: Overqwil\n|-boost|p1b: Overqwil|evasion|2\n|move|p2b: Garchomp|Rock Slide|p1b: Overqwil|[spread] p1a,p1b\n|-damage|p1a: Meowstic|32/100 par\n|-damage|p1b: Overqwil|61/100 par\n|-damage|p2b: Garchomp|80/100|[from] item: Life Orb\n|cant|p1a: Meowstic|flinch\n|\n|-heal|p1b: Overqwil|67/100 par|[from] item: Leftovers\n|upkeep\n|turn|3\n|\n|t:|1788339733\n|move|p2a: Sneasler|Fake Out|p1a: Meowstic\n|-damage|p1a: Meowstic|13/100 par\n|move|p1b: Overqwil|Minimize|p1b: Overqwil\n|-boost|p1b: Overqwil|evasion|2\n|move|p2b: Garchomp|Dragon Claw|p1b: Overqwil\n|-damage|p1b: Overqwil|47/100 par\n|-damage|p2b: Garchomp|70/100|[from] item: Life Orb\n|cant|p1a: Meowstic|flinch\n|\n|-heal|p1b: Overqwil|53/100 par|[from] item: Leftovers\n|upkeep\n|turn|4\n|\n|t:|1788339751\n|move|p2a: Sneasler|Protect|p2a: Sneasler\n|-singleturn|p2a: Sneasler|Protect\n|cant|p1b: Overqwil|par\n|move|p2b: Garchomp|Earthquake|p1b: Overqwil|[spread] p1a\n|-activate|p2a: Sneasler|move: Protect\n|-miss|p2b: Garchomp|p1b: Overqwil\n|-crit|p1a: Meowstic\n|-damage|p1a: Meowstic|0 fnt\n|faint|p1a: Meowstic\n|-damage|p2b: Garchomp|61/100|[from] item: Life Orb\n|\n|-heal|p1b: Overqwil|59/100 par|[from] item: Leftovers\n|upkeep\n|\n|t:|1788339764\n|switch|p1a: Sneasler|Sneasler, L50, M|100/100\n|turn|5\n|\n|t:|1788339775\n|switch|p2b: Rotom|Rotom-Frost, L50, shiny|100/100\n|move|p1a: Sneasler|Fake Out|p2a: Sneasler\n|-damage|p2a: Sneasler|74/100\n|move|p1b: Overqwil|Stockpile|p1b: Overqwil\n|-start|p1b: Overqwil|stockpile1\n|-boost|p1b: Overqwil|def|1\n|-boost|p1b: Overqwil|spd|1\n|cant|p2a: Sneasler|flinch\n|\n|-heal|p1b: Overqwil|66/100 par|[from] item: Leftovers\n|upkeep\n|turn|6\n|\n|t:|1788339800\n|move|p1b: Overqwil|Stockpile|p1b: Overqwil\n|-start|p1b: Overqwil|stockpile2\n|-boost|p1b: Overqwil|def|1\n|-boost|p1b: Overqwil|spd|1\n|move|p2b: Rotom|Volt Switch|p1b: Overqwil|[miss]\n|-miss|p2b: Rotom|p1b: Overqwil\n|move|p1a: Sneasler|Coaching|p1b: Overqwil\n|-boost|p1b: Overqwil|atk|1\n|-boost|p1b: Overqwil|def|1\n|move|p2a: Sneasler|Dire Claw|p1b: Overqwil|[miss]\n|-miss|p2a: Sneasler|p1b: Overqwil\n|\n|-heal|p1b: Overqwil|72/100 par|[from] item: Leftovers\n|upkeep\n|turn|7\n|\n|t:|1788339817\n|move|p1b: Overqwil|Stockpile|p1b: Overqwil\n|-start|p1b: Overqwil|stockpile3\n|-boost|p1b: Overqwil|def|1\n|-boost|p1b: Overqwil|spd|1\n|move|p2b: Rotom|Volt Switch|p1b: Overqwil|[miss]\n|-miss|p2b: Rotom|p1b: Overqwil\n|move|p1a: Sneasler|Coaching|p1b: Overqwil\n|-boost|p1b: Overqwil|atk|1\n|-boost|p1b: Overqwil|def|1\n|move|p2a: Sneasler|Dire Claw|p1b: Overqwil\n|-resisted|p1b: Overqwil|1\n|-damage|p1b: Overqwil|67/100 par\n|\n|-heal|p1b: Overqwil|73/100 par|[from] item: Leftovers\n|upkeep\n|turn|8\n|\n|t:|1788339839\n|switch|p2a: Froslass|Froslass, L50, F, shiny|100/100\n|move|p1b: Overqwil|Stockpile||[still]\n|-fail|p1b: Overqwil\n|move|p2b: Rotom|Volt Switch|p1b: Overqwil\n|-damage|p1b: Overqwil|56/100 par\n|\n|t:|1788339848\n|switch|p2b: Garchomp|Garchomp, L50, F|61/100|[from] Volt Switch\n|move|p1a: Sneasler|Coaching|p1b: Overqwil\n|-boost|p1b: Overqwil|atk|1\n|-boost|p1b: Overqwil|def|1\n|\n|-heal|p1b: Overqwil|62/100 par|[from] item: Leftovers\n|upkeep\n|turn|9\n|\n|t:|1788339861\n|detailschange|p2a: Froslass|Froslass-Mega, L50, F, shiny\n|-mega|p2a: Froslass|Froslass|Froslassite\n|-weather|Snowscape|[from] ability: Snow Warning|[of] p2a: Froslass\n|move|p2a: Froslass|Protect|p2a: Froslass\n|-singleturn|p2a: Froslass|Protect\n|move|p1a: Sneasler|Dire Claw|p2a: Froslass\n|-activate|p2a: Froslass|move: Protect\n|move|p2b: Garchomp|Earthquake|p1a: Sneasler|[spread] p1a,p1b\n|-activate|p2a: Froslass|move: Protect\n|-supereffective|p1a: Sneasler|1\n|-supereffective|p1b: Overqwil|1\n|-damage|p1a: Sneasler|0 fnt\n|-damage|p1b: Overqwil|44/100 par\n|faint|p1a: Sneasler\n|-damage|p2b: Garchomp|51/100|[from] item: Life Orb\n|move|p1b: Overqwil|Barb Barrage|p2b: Garchomp\n|-resisted|p2b: Garchomp|1\n|-damage|p2b: Garchomp|20/100y\n|\n|-weather|Snowscape|[upkeep]\n|-heal|p1b: Overqwil|51/100 par|[from] item: Leftovers\n|upkeep\n|\n|t:|1788339879\n|switch|p1a: Metagross|Metagross, L50|100/100\n|turn|10\n|\n|t:|1788339893\n|detailschange|p1a: Metagross|Metagross-Mega, L50\n|-mega|p1a: Metagross|Metagross|Metagrossite\n|move|p1b: Overqwil|Rest|p1b: Overqwil\n|-status|p1b: Overqwil|slp|[from] move: Rest\n|-heal|p1b: Overqwil|100/100 slp|[silent]\n|move|p2a: Froslass|Aurora Veil|p2a: Froslass\n|-sidestart|p2: nulce|move: Aurora Veil\n|move|p2b: Garchomp|Earthquake|p1b: Overqwil|[spread] p2a,p1a\n|-miss|p2b: Garchomp|p1b: Overqwil\n|-supereffective|p1a: Metagross|1\n|-damage|p2a: Froslass|63/100\n|-damage|p1a: Metagross|23/100\n|-damage|p2b: Garchomp|10/100|[from] item: Life Orb\n|move|p1a: Metagross|Psych Up|p1b: Overqwil\n|-copyboost|p1a: Metagross|p1b: Overqwil|[from] move: Psych Up\n|\n|-weather|Snowscape|[upkeep]\n|upkeep\n|turn|11\n|\n|t:|1788339913\n|move|p2a: Froslass|Blizzard|p1a: Metagross|[spread] p1a,p1b\n|-resisted|p1a: Metagross|1\n|-damage|p1a: Metagross|15/100\n|-damage|p1b: Overqwil|78/100 slp\n|move|p2b: Garchomp|Rock Slide|p1b: Overqwil|[spread] p1a\n|-miss|p2b: Garchomp|p1b: Overqwil\n|-resisted|p1a: Metagross|1\n|-damage|p1a: Metagross|13/100\n|-damage|p2b: Garchomp|1/100|[from] item: Life Orb\n|move|p1a: Metagross|Rest|p1a: Metagross\n|-status|p1a: Metagross|slp|[from] move: Rest\n|-heal|p1a: Metagross|100/100 slp|[silent]\n|cant|p1b: Overqwil|slp\n|\n|-weather|Snowscape|[upkeep]\n|-heal|p1b: Overqwil|84/100 slp|[from] item: Leftovers\n|upkeep\n|turn|12\n|\n|t:|1788339933\n|move|p2a: Froslass|Shadow Ball|p1a: Metagross|[miss]\n|-miss|p2a: Froslass|p1a: Metagross\n|move|p2b: Garchomp|Rock Slide|p1b: Overqwil|[spread] p1a\n|-miss|p2b: Garchomp|p1b: Overqwil\n|-resisted|p1a: Metagross|1\n|-damage|p1a: Metagross|97/100 slp\n|-damage|p2b: Garchomp|0 fnt|[from] item: Life Orb\n|faint|p2b: Garchomp\n|cant|p1a: Metagross|slp\n|cant|p1b: Overqwil|slp\n|\n|-weather|Snowscape|[upkeep]\n|-heal|p1b: Overqwil|90/100 slp|[from] item: Leftovers\n|upkeep\n|\n|t:|1788339943\n|switch|p2b: Rotom|Rotom-Frost, L50, shiny|100/100\n|turn|13\n|\n|t:|1788339951\n|move|p2b: Rotom|Blizzard|p1a: Metagross|[spread] p1a,p1b\n|-resisted|p1a: Metagross|1\n|-damage|p1a: Metagross|91/100 slp\n|-damage|p1b: Overqwil|69/100 slp\n|move|p2a: Froslass|Blizzard|p1a: Metagross|[spread] p1a,p1b\n|-resisted|p1a: Metagross|1\n|-crit|p1b: Overqwil\n|-damage|p1a: Metagross|83/100 slp\n|-damage|p1b: Overqwil|0 fnt\n|faint|p1b: Overqwil\n|cant|p1a: Metagross|slp\n|\n|-weather|none\n|upkeep\n|turn|14\n|\n|t:|1788339968\n|move|p2b: Rotom|Blizzard|p1a: Metagross|[miss]\n|-miss|p2b: Rotom|p1a: Metagross\n|move|p2a: Froslass|Shadow Ball|p1a: Metagross|[miss]\n|-miss|p2a: Froslass|p1a: Metagross\n|-curestatus|p1a: Metagross|slp|[msg]\n|move|p1a: Metagross|Psychic Fangs|p2b: Rotom\n|-sideend|p2: nulce|move: Aurora Veil\n|-damage|p2b: Rotom|0 fnt\n|faint|p2b: Rotom\n|\n|upkeep\n|\n|t:|1788339974\n|switch|p2b: Sneasler|Sneasler, L50, M, shiny|74/100\n|turn|15\n|\n|t:|1788339983\n|move|p2b: Sneasler|Fake Out|p1a: Metagross\n|-resisted|p1a: Metagross|1\n|-damage|p1a: Metagross|82/100\n|move|p2a: Froslass|Blizzard|p1a: Metagross|[miss]\n|-miss|p2a: Froslass|p1a: Metagross\n|cant|p1a: Metagross|flinch\n|\n|upkeep\n|turn|16\n|\n|t:|1788339996\n|move|p2a: Froslass|Shadow Ball|p1a: Metagross|[miss]\n|-miss|p2a: Froslass|p1a: Metagross\n|move|p2b: Sneasler|Close Combat|p1a: Metagross|[miss]\n|-miss|p2b: Sneasler|p1a: Metagross\n|move|p1a: Metagross|Psychic Fangs|p2b: Sneasler\n|-supereffective|p2b: Sneasler|2\n|-damage|p2b: Sneasler|0 fnt\n|faint|p2b: Sneasler\n|\n|upkeep\n|turn|17\n|\n|t:|1788340006\n|move|p2a: Froslass|Blizzard|p1a: Metagross|[miss]\n|-miss|p2a: Froslass|p1a: Metagross\n|move|p1a: Metagross|Psychic Fangs|p2a: Froslass\n|-damage|p2a: Froslass|0 fnt\n|faint|p2a: Froslass\n|\n|win|JamesFakeperson\n|raw|JamesFakeperson's rating: 1000 &rarr; <strong>1048</strong><br />(+48 for winning)\n|raw|nulce's rating: 1069 &rarr; <strong>1045</strong><br />(-24 for losing)\n|l|☆nulce\n|player|p2|\n","uploadtime":1788340013,"views":"2","formatid":"gen9championsvgc2026regmb","rating":1045,"private":0,"password":null}