{"id":"gen9championsvgc2026regmb-2673910927","format":"[Gen 9 Champions] VGC 2026 Reg M-B","players":["Crucible&Gambit","HospitalityCheck"],"log":"|j|☆Crucible&Gambit\n|j|☆HospitalityCheck\n|t:|1788276123\n|gametype|doubles\n|player|p1|Crucible&Gambit|concordia|1155\n|player|p2|HospitalityCheck|2|1249\n|gen|9\n|tier|[Gen 9 Champions] VGC 2026 Reg M-B\n|rated|\n|rule|Species Clause: Limit one of each Pokémon\n|rule|Item Clause: Limit 1 of each item\n|clearpoke\n|poke|p1|Alcremie, L50, F|\n|poke|p1|Mawile, L50, M|\n|poke|p1|Talonflame, L50, M|\n|poke|p1|Garchomp, L50, M|\n|poke|p1|Gholdengo, L50|\n|poke|p1|Hydreigon, L50, F|\n|poke|p2|Metagross, L50|\n|poke|p2|Incineroar, L50, M|\n|poke|p2|Sinistcha, L50|\n|poke|p2|Whimsicott, L50, F|\n|poke|p2|Garchomp, L50, F|\n|poke|p2|Kingambit, L50, F|\n|teampreview|4\n|inactive|Battle timer is ON: inactive players will automatically lose when time's up. (requested by HospitalityCheck)\nHospitalityCheck has agreed to open team sheets.\n|inactive|Crucible&Gambit also wants the timer to be on.\n|inactive|Crucible&Gambit has 60 seconds left.\nCrucible&Gambit rejected open team sheets.\n|\n|t:|1788276170\n|teamsize|p1|4\n|teamsize|p2|4\n|start\n|switch|p1a: Talonflame|Talonflame, L50, M|100/100\n|switch|p1b: Gambit|Hydreigon, L50, F|100/100\n|switch|p2a: Metagross|Metagross, L50|100/100\n|switch|p2b: Incineroar|Incineroar, L50, M|100/100\n|-ability|p2b: Incineroar|Intimidate|boost\n|-unboost|p1a: Talonflame|atk|1\n|-unboost|p1b: Gambit|atk|1\n|turn|1\n|\n|t:|1788276175\n|detailschange|p2a: Metagross|Metagross-Mega, L50\n|-mega|p2a: Metagross|Metagross|Metagrossite\n|move|p1a: Talonflame|Protect|p1a: Talonflame\n|-singleturn|p1a: Talonflame|Protect\n|move|p2b: Incineroar|Fake Out|p1b: Gambit\n|-damage|p1b: Gambit|89/100\n|move|p2a: Metagross|Ice Punch|p1b: Gambit\n|-supereffective|p1b: Gambit|1\n|-damage|p1b: Gambit|0 fnt\n|faint|p1b: Gambit\n|\n|upkeep\n|\n|t:|1788276184\n|switch|p1b: Crucible|Mawile, L50, M|100/100\n|-ability|p1b: Crucible|Intimidate|boost\n|-unboost|p2a: Metagross|atk|1\n|-unboost|p2b: Incineroar|atk|1\n|turn|2\n|\n|t:|1788276190\n|detailschange|p1b: Crucible|Mawile-Mega, L50, M\n|-mega|p1b: Crucible|Mawile|Mawilite\n|move|p1a: Talonflame|Tailwind|p1a: Talonflame\n|-sidestart|p1: Crucible&Gambit|move: Tailwind\n|move|p1b: Crucible|Swords Dance|p1b: Crucible\n|-boost|p1b: Crucible|atk|2\n|move|p2a: Metagross|Psychic Fangs|p1a: Talonflame\n|-damage|p1a: Talonflame|39/100\n|move|p2b: Incineroar|Flare Blitz|p1b: Crucible\n|-supereffective|p1b: Crucible|1\n|-damage|p1b: Crucible|37/100\n|-damage|p2b: Incineroar|85/100|[from] Recoil\n|\n|upkeep\n|turn|3\n|\n|t:|1788276206\n|move|p2a: Metagross|Protect|p2a: Metagross\n|-singleturn|p2a: Metagross|Protect\n|move|p1a: Talonflame|Will-O-Wisp|p2a: Metagross\n|-activate|p2a: Metagross|move: Protect\n|move|p1b: Crucible|Play Rough|p2b: Incineroar\n|-damage|p2b: Incineroar|0 fnt\n|faint|p2b: Incineroar\n|\n|upkeep\n|\n|t:|1788276208\n|switch|p2b: Whimsicott|Whimsicott, L50, F|100/100\n|turn|4\n|\n|t:|1788276217\n|move|p2b: Whimsicott|Protect|p2b: Whimsicott\n|-singleturn|p2b: Whimsicott|Protect\n|move|p1b: Crucible|Protect|p1b: Crucible\n|-singleturn|p1b: Crucible|Protect\n|move|p1a: Talonflame|Will-O-Wisp|p2a: Metagross\n|-status|p2a: Metagross|brn\n|move|p2a: Metagross|Psychic Fangs|p1a: Talonflame\n|-damage|p1a: Talonflame|9/100\n|\n|-damage|p2a: Metagross|94/100 brn|[from] brn\n|upkeep\n|turn|5\n|\n|t:|1788276227\n|switch|p2a: Garchomp|Garchomp, L50, F|100/100\n|move|p1b: Crucible|Sucker Punch||[still]\n|-fail|p1b: Crucible\n|move|p2b: Whimsicott|Encore|p1b: Crucible\n|-start|p1b: Crucible|Encore\n|move|p1a: Talonflame|Acrobatics|p2b: Whimsicott\n|-supereffective|p2b: Whimsicott|1\n|-damage|p2b: Whimsicott|28/100\n|\n|-sideend|p1: Crucible&Gambit|move: Tailwind\n|upkeep\n|turn|6\n|\n|t:|1788276233\n|move|p2b: Whimsicott|Encore||[still]\n|-fail|p2b: Whimsicott\n|move|p1b: Crucible|Sucker Punch|p2a: Garchomp\n|-damage|p2a: Garchomp|13/100\n|-damage|p1b: Crucible|25/100|[from] ability: Rough Skin|[of] p2a: Garchomp\n|move|p1a: Talonflame|Acrobatics|p2b: Whimsicott\n|-supereffective|p2b: Whimsicott|1\n|-damage|p2b: Whimsicott|0 fnt\n|faint|p2b: Whimsicott\n|move|p2a: Garchomp|Rock Slide|p1a: Talonflame|[spread] p1a,p1b\n|-supereffective|p1a: Talonflame|2\n|-resisted|p1b: Crucible|1\n|-damage|p1a: Talonflame|0 fnt\n|-damage|p1b: Crucible|12/100\n|faint|p1a: Talonflame\n|-damage|p2a: Garchomp|3/100|[from] item: Life Orb\n|\n|upkeep\n|\n|t:|1788276241\n|switch|p1a: Alcremie|Alcremie, L50, F|100/100\n|switch|p2b: Metagross|Metagross-Mega, L50|94/100 brn\n|turn|7\n|\n|t:|1788276246\n|move|p2a: Garchomp|Protect|p2a: Garchomp\n|-singleturn|p2a: Garchomp|Protect\n|move|p2b: Metagross|Protect|p2b: Metagross\n|-singleturn|p2b: Metagross|Protect\n|move|p1b: Crucible|Sucker Punch||[still]\n|-fail|p1b: Crucible\n|move|p1a: Alcremie|Dazzling Gleam|p2b: Metagross|[spread] \n|-activate|p2a: Garchomp|move: Protect\n|-activate|p2b: Metagross|move: Protect\n|\n|-damage|p2b: Metagross|88/100 brn|[from] brn\n|upkeep\n|turn|8\n|\n|t:|1788276252\n|move|p1b: Crucible|Sucker Punch|p2b: Metagross\n|-supereffective|p2b: Metagross|1\n|-damage|p2b: Metagross|0 fnt\n|faint|p2b: Metagross\n|move|p2a: Garchomp|Rock Slide|p1a: Alcremie|[spread] p1a,p1b\n|-resisted|p1b: Crucible|1\n|-damage|p1a: Alcremie|75/100\n|-damage|p1b: Crucible|0 fnt\n|faint|p1b: Crucible\n|-damage|p2a: Garchomp|0 fnt|[from] item: Life Orb\n|faint|p2a: Garchomp\n|\n|win|Crucible&Gambit\n|raw|Crucible&amp;Gambit's rating: 1155 &rarr; <strong>1187</strong><br />(+32 for winning)\n|raw|HospitalityCheck's rating: 1249 &rarr; <strong>1217</strong><br />(-32 for losing)\n|l|☆HospitalityCheck\n|player|p2|\n","uploadtime":1788276260,"views":"2","formatid":"gen9championsvgc2026regmb","rating":1187,"private":0,"password":null}