{"id":"gen9championsvgc2026regmb-2674262398","format":"[Gen 9 Champions] VGC 2026 Reg M-B","players":["willhoop","epicfailtesting"],"log":"|j|☆willhoop\n|j|☆epicfailtesting\n|t:|1788326091\n|gametype|doubles\n|player|p1|willhoop|crasherwake|1380\n|player|p2|epicfailtesting|skier|1383\n|gen|9\n|tier|[Gen 9 Champions] VGC 2026 Reg M-B\n|rated|\n|rule|Species Clause: Limit one of each Pokémon\n|rule|Item Clause: Limit 1 of each item\n|clearpoke\n|poke|p1|Charizard, L50, M|\n|poke|p1|Whimsicott, L50, F|\n|poke|p1|Sneasler, L50, F|\n|poke|p1|Venusaur, L50, F|\n|poke|p1|Swampert, L50, F|\n|poke|p1|Gholdengo, L50|\n|poke|p2|Tyranitar, L50, M|\n|poke|p2|Excadrill, L50, M|\n|poke|p2|Milotic, L50, M|\n|poke|p2|Sinistcha, L50|\n|poke|p2|Staraptor, L50, F|\n|poke|p2|Gholdengo, L50|\n|teampreview|4\n|inactive|Battle timer is ON: inactive players will automatically lose when time's up. (requested by willhoop)\n|inactive|epicfailtesting has 60 seconds left.\n|inactive|epicfailtesting has 30 seconds left.\n|inactive|epicfailtesting has 20 seconds left.\n|inactive|epicfailtesting has 15 seconds left.\n|inactive|epicfailtesting has 10 seconds left.\n|inactive|epicfailtesting has 5 seconds left.\n|\n|t:|1788326182\n|teamsize|p1|4\n|teamsize|p2|4\n|start\n|switch|p1a: Whimsicott|Whimsicott, L50, F|100/100\n|switch|p1b: Swampert|Swampert, L50, F|100/100\n|switch|p2a: Tyranitar|Tyranitar, L50, M|100/100\n|switch|p2b: Excadrill|Excadrill, L50, M|100/100\n|-weather|Sandstorm|[from] ability: Sand Stream|[of] p2a: Tyranitar\n|turn|1\n|inactive|willhoop has 30 seconds left.\n|inactive|willhoop has 20 seconds left.\n|\n|t:|1788326221\n|detailschange|p2a: Tyranitar|Tyranitar-Mega, L50, M\n|-mega|p2a: Tyranitar|Tyranitar|Tyranitarite\n|move|p2a: Tyranitar|Protect|p2a: Tyranitar\n|-singleturn|p2a: Tyranitar|Protect\n|move|p1b: Swampert|Wide Guard|p1b: Swampert\n|-singleturn|p1b: Swampert|Wide Guard\n|move|p1a: Whimsicott|Sunny Day|p1a: Whimsicott\n|-weather|SunnyDay\n|move|p2b: Excadrill|Earthquake|p1a: Whimsicott|[spread] \n|-activate|p1a: Whimsicott|move: Wide Guard\n|-activate|p1b: Swampert|move: Wide Guard\n|-activate|p2a: Tyranitar|move: Protect\n|\n|-weather|SunnyDay|[upkeep]\n|upkeep\n|turn|2\n|inactive|epicfailtesting has 30 seconds left.\n|\n|t:|1788326247\n|switch|p1a: Charizard|Charizard, L50, M|100/100\n|move|p2b: Excadrill|Protect|p2b: Excadrill\n|-singleturn|p2b: Excadrill|Protect\n|move|p1b: Swampert|Wide Guard|p1b: Swampert\n|-singleturn|p1b: Swampert|Wide Guard\n|move|p2a: Tyranitar|Rock Slide|p1a: Charizard|[spread] \n|-activate|p1a: Charizard|move: Wide Guard\n|-activate|p1b: Swampert|move: Wide Guard\n|\n|-weather|SunnyDay|[upkeep]\n|upkeep\n|turn|3\n|\n|t:|1788326271\n|switch|p2a: Milotic|Milotic, L50, M|100/100\n|detailschange|p1a: Charizard|Charizard-Mega-Y, L50, M\n|-mega|p1a: Charizard|Charizard|Charizardite Y\n|move|p1b: Swampert|Wide Guard|p1b: Swampert\n|-singleturn|p1b: Swampert|Wide Guard\n|move|p1a: Charizard|Solar Beam||[still]\n|-prepare|p1a: Charizard|Solar Beam\n|-anim|p1a: Charizard|Solar Beam|p2a: Milotic\n|-supereffective|p2a: Milotic|1\n|-damage|p2a: Milotic|34/100\n|-enditem|p2a: Milotic|Sitrus Berry|[eat]\n|-heal|p2a: Milotic|59/100|[from] item: Sitrus Berry\n|move|p2b: Excadrill|Iron Head|p1b: Swampert\n|-resisted|p1b: Swampert|1\n|-damage|p1b: Swampert|78/100\n|\n|-weather|SunnyDay|[upkeep]\n|-heal|p1b: Swampert|84/100|[from] item: Leftovers\n|upkeep\n|turn|4\n|inactive|willhoop has 30 seconds left.\n|\n|t:|1788326298\n|switch|p2b: Tyranitar|Tyranitar-Mega, L50, M|100/100\n|-weather|Sandstorm|[from] ability: Sand Stream|[of] p2b: Tyranitar\n|move|p1a: Charizard|Protect|p1a: Charizard\n|-singleturn|p1a: Charizard|Protect\n|move|p2a: Milotic|Scald|p1a: Charizard\n|-activate|p1a: Charizard|move: Protect\n|move|p1b: Swampert|Earthquake|p2a: Milotic|[spread] p2a,p2b\n|-activate|p1a: Charizard|move: Protect\n|-supereffective|p2b: Tyranitar|1\n|-damage|p2a: Milotic|23/100\n|-damage|p2b: Tyranitar|48/100\n|\n|-weather|Sandstorm|[upkeep]\n|-damage|p1a: Charizard|94/100|[from] Sandstorm\n|-damage|p2a: Milotic|17/100|[from] Sandstorm\n|-heal|p1b: Swampert|90/100|[from] item: Leftovers\n|upkeep\n|turn|5\n|inactive|willhoop has 30 seconds left.\n|inactive|epicfailtesting has 30 seconds left.\n|inactive|willhoop has 20 seconds left.\n|inactive|epicfailtesting has 20 seconds left.\n|inactive|epicfailtesting has 15 seconds left.\n|\n|t:|1788326341\n|switch|p1a: Venusaur|Venusaur, L50, F|100/100\n|switch|p2a: Sinistcha|Sinistcha, L50|100/100\n|-heal|p2b: Tyranitar|73/100|[from] ability: Hospitality|[of] p2a: Sinistcha\n|move|p2b: Tyranitar|High Horsepower|p1b: Swampert\n|-damage|p1b: Swampert|57/100\n|move|p1b: Swampert|Earthquake|p2a: Sinistcha|[spread] p1a,p2a,p2b\n|-resisted|p2a: Sinistcha|1\n|-supereffective|p2b: Tyranitar|1\n|-damage|p1a: Venusaur|52/100\n|-damage|p2a: Sinistcha|84/100\n|-damage|p2b: Tyranitar|22/100\n|\n|-weather|Sandstorm|[upkeep]\n|-damage|p1a: Venusaur|46/100|[from] Sandstorm\n|-damage|p2a: Sinistcha|78/100|[from] Sandstorm\n|-heal|p1b: Swampert|62/100|[from] item: Leftovers\n|upkeep\n|turn|6\n|\n|t:|1788326366\n|switch|p2a: Milotic|Milotic, L50, M|17/100\n|switch|p1b: Charizard|Charizard-Mega-Y, L50, M|94/100\n|-weather|SunnyDay|[from] ability: Drought|[of] p1b: Charizard\n|move|p2b: Tyranitar|Protect|p2b: Tyranitar\n|-singleturn|p2b: Tyranitar|Protect\n|move|p1a: Venusaur|Solar Beam||[still]\n|-prepare|p1a: Venusaur|Solar Beam\n|-anim|p1a: Venusaur|Solar Beam|p2b: Tyranitar\n|-activate|p2b: Tyranitar|move: Protect\n|\n|-weather|SunnyDay|[upkeep]\n|upkeep\n|turn|7\n|\n|t:|1788326379\n|switch|p2b: Sinistcha|Sinistcha, L50|78/100\n|-heal|p2a: Milotic|42/100|[from] ability: Hospitality|[of] p2b: Sinistcha\n|move|p2a: Milotic|Protect|p2a: Milotic\n|-singleturn|p2a: Milotic|Protect\n|move|p1a: Venusaur|Solar Beam||[still]\n|-prepare|p1a: Venusaur|Solar Beam\n|-anim|p1a: Venusaur|Solar Beam|p2b: Sinistcha\n|-resisted|p2b: Sinistcha|1\n|-damage|p2b: Sinistcha|41/100\n|-damage|p1a: Venusaur|36/100|[from] item: Life Orb\n|move|p1b: Charizard|Solar Beam||[still]\n|-prepare|p1b: Charizard|Solar Beam\n|-anim|p1b: Charizard|Solar Beam|p2a: Milotic\n|-activate|p2a: Milotic|move: Protect\n|\n|-weather|SunnyDay|[upkeep]\n|upkeep\n|turn|8\n|inactive|willhoop has 30 seconds left.\n|inactive|epicfailtesting has 30 seconds left.\n|inactive|epicfailtesting has 20 seconds left.\n|inactive|epicfailtesting has 15 seconds left.\n|inactive|epicfailtesting has 10 seconds left.\n|inactive|epicfailtesting has 5 seconds left.\n|\n|t:|1788326434\n|switch|p1b: Whimsicott|Whimsicott, L50, F|100/100\n|move|p1a: Venusaur|Sludge Bomb|p2b: Sinistcha\n|-damage|p2b: Sinistcha|0 fnt\n|faint|p2b: Sinistcha\n|-damage|p1a: Venusaur|27/100|[from] item: Life Orb\n|move|p2a: Milotic|Scald|p1a: Venusaur\n|-resisted|p1a: Venusaur|1\n|-damage|p1a: Venusaur|19/100\n|\n|-weather|SunnyDay|[upkeep]\n|upkeep\n|inactive|epicfailtesting has 30 seconds left.\n|inactive|epicfailtesting has 20 seconds left.\n|inactive|epicfailtesting has 15 seconds left.\n|inactive|epicfailtesting has 10 seconds left.\n|inactive|epicfailtesting has 5 seconds left.\n|\n|t:|1788326489\n|switch|p2b: Excadrill|Excadrill, L50, M|100/100\n|turn|9\n|inactive|epicfailtesting has 30 seconds left.\n|inactive|epicfailtesting has 20 seconds left.\n|inactive|epicfailtesting has 15 seconds left.\n|inactive|epicfailtesting has 10 seconds left.\n|inactive|epicfailtesting has 5 seconds left.\n|\n|t:|1788326545\n|move|p1b: Whimsicott|Sunny Day||[still]\n|-fail|p1b: Whimsicott\n|move|p1a: Venusaur|Solar Beam||[still]\n|-prepare|p1a: Venusaur|Solar Beam\n|-anim|p1a: Venusaur|Solar Beam|p2a: Milotic\n|-supereffective|p2a: Milotic|1\n|-damage|p2a: Milotic|0 fnt\n|faint|p2a: Milotic\n|-damage|p1a: Venusaur|10/100|[from] item: Life Orb\n|move|p2b: Excadrill|Earthquake|p1a: Venusaur|[spread] p1a,p1b\n|-resisted|p1b: Whimsicott|1\n|-damage|p1a: Venusaur|0 fnt\n|-damage|p1b: Whimsicott|71/100\n|faint|p1a: Venusaur\n|\n|-weather|SunnyDay|[upkeep]\n|upkeep\n|inactive|epicfailtesting has 30 seconds left.\n|inactive|epicfailtesting has 20 seconds left.\n|inactive|epicfailtesting has 15 seconds left.\n|inactive|epicfailtesting has 10 seconds left.\n|inactive|epicfailtesting has 5 seconds left.\n|\n|t:|1788326600\n|switch|p1a: Swampert|Swampert, L50, F|62/100\n|switch|p2a: Tyranitar|Tyranitar-Mega, L50, M|22/100\n|-weather|Sandstorm|[from] ability: Sand Stream|[of] p2a: Tyranitar\n|turn|10\n|inactive|epicfailtesting has 30 seconds left.\n|inactive|epicfailtesting has 20 seconds left.\n|inactive|epicfailtesting has 15 seconds left.\n|inactive|epicfailtesting has 10 seconds left.\n|inactive|epicfailtesting has 5 seconds left.\n|\n|t:|1788326655\n|move|p1a: Swampert|Wide Guard|p1a: Swampert\n|-singleturn|p1a: Swampert|Wide Guard\n|move|p1b: Whimsicott|Encore|p2b: Excadrill\n|-start|p2b: Excadrill|Encore\n|move|p2b: Excadrill|Earthquake|p1b: Whimsicott|[spread] p2a\n|-activate|p1a: Swampert|move: Wide Guard\n|-activate|p1b: Whimsicott|move: Wide Guard\n|-supereffective|p2a: Tyranitar|1\n|-damage|p2a: Tyranitar|0 fnt\n|faint|p2a: Tyranitar\n|\n|-weather|Sandstorm|[upkeep]\n|-damage|p1b: Whimsicott|65/100|[from] Sandstorm\n|-heal|p1a: Swampert|68/100|[from] item: Leftovers\n|upkeep\n|turn|11\n|inactive|epicfailtesting has 10 seconds left this turn.\n|inactive|epicfailtesting has 5 seconds left.\n|-message|epicfailtesting lost due to inactivity.\n|\n|win|willhoop\n|raw|willhoop's rating: 1380 &rarr; <strong>1400</strong><br />(+20 for winning)\n|raw|epicfailtesting's rating: 1383 &rarr; <strong>1363</strong><br />(-20 for losing)\n|c|☆willhoop|gg\n","uploadtime":1788326669,"views":"0","formatid":"gen9championsvgc2026regmb","rating":1363,"private":0,"password":null}