{"id":"gen9championsvgc2026regmb-2674560319","format":"[Gen 9 Champions] VGC 2026 Reg M-B","players":["Kurocookie","Buggy00k"],"log":"|j|☆Kurocookie\n|j|☆Buggy00k\n|t:|1788374008\n|gametype|doubles\n|player|p1|Kurocookie|roark|1323\n|player|p2|Buggy00k|101|1266\n|gen|9\n|tier|[Gen 9 Champions] VGC 2026 Reg M-B\n|rated|\n|rule|Species Clause: Limit one of each Pokémon\n|rule|Item Clause: Limit 1 of each item\n|clearpoke\n|poke|p1|Mawile, L50, F|\n|poke|p1|Aerodactyl, L50, F|\n|poke|p1|Farigiraf, L50, M|\n|poke|p1|Garchomp, L50, M|\n|poke|p1|Blastoise, L50, M|\n|poke|p1|Sylveon, L50, M|\n|poke|p2|Froslass, L50, F|\n|poke|p2|Blaziken, L50, M, shiny|\n|poke|p2|Kingambit, L50, F, shiny|\n|poke|p2|Primarina, L50, F, shiny|\n|poke|p2|Dragonite, L50, M, shiny|\n|poke|p2|Farigiraf, L50, M, shiny|\n|teampreview|4\n|c|☆Buggy00k|glhf\n|\n|t:|1788374050\n|teamsize|p1|4\n|teamsize|p2|4\n|start\n|switch|p1a: Aerodactyl|Aerodactyl, L50, F|100/100\n|switch|p1b: Mawile|Mawile, L50, F|100/100\n|switch|p2a: Kingambit|Kingambit, L50, F, shiny|100/100\n|switch|p2b: Farigiraf|Farigiraf, L50, M, shiny|100/100\n|-ability|p1a: Aerodactyl|Unnerve\n|turn|1\n|\n|t:|1788374092\n|detailschange|p1b: Mawile|Mawile-Mega, L50, F\n|-mega|p1b: Mawile|Mawile|Mawilite\n|move|p1a: Aerodactyl|Rock Slide|p2a: Kingambit|[spread] p2a,p2b\n|-resisted|p2a: Kingambit|1\n|-damage|p2a: Kingambit|89/100\n|-damage|p2b: Farigiraf|82/100\n|move|p1b: Mawile|Play Rough|p2a: Kingambit\n|-damage|p2a: Kingambit|30/100\n|move|p2b: Farigiraf|Nasty Plot|p2b: Farigiraf\n|-boost|p2b: Farigiraf|spa|2\n|cant|p2a: Kingambit|flinch\n|\n|upkeep\n|turn|2\n|\n|t:|1788374120\n|move|p1b: Mawile|Sucker Punch||[still]\n|cant|p2b: Farigiraf|ability: Armor Tail|Sucker Punch|[of] p1b: Mawile\n|move|p2a: Kingambit|Sucker Punch||[still]\n|-fail|p2a: Kingambit\n|move|p1a: Aerodactyl|Rock Slide|p2a: Kingambit|[spread] p2a,p2b\n|-resisted|p2a: Kingambit|1\n|-damage|p2a: Kingambit|20/100y\n|-damage|p2b: Farigiraf|64/100\n|move|p2b: Farigiraf|Thunderbolt|p1b: Mawile\n|-damage|p1b: Mawile|47/100\n|\n|upkeep\n|turn|3\n|\n|t:|1788374137\n|move|p2a: Kingambit|Sucker Punch||[still]\n|-fail|p2a: Kingambit\n|move|p1a: Aerodactyl|Tailwind|p1a: Aerodactyl\n|-sidestart|p1: Kurocookie|move: Tailwind\n|move|p1b: Mawile|Play Rough|p2b: Farigiraf\n|-damage|p2b: Farigiraf|0 fnt\n|faint|p2b: Farigiraf\n|\n|upkeep\n|\n|t:|1788374148\n|switch|p2b: Blaziken|Blaziken, L50, M, shiny|100/100\n|turn|4\n|\n|t:|1788374163\n|move|p2b: Blaziken|Detect|p2b: Blaziken\n|-singleturn|p2b: Blaziken|Protect\n|move|p2a: Kingambit|Sucker Punch|p1a: Aerodactyl\n|-damage|p1a: Aerodactyl|35/100\n|move|p1a: Aerodactyl|Rock Slide|p2b: Blaziken|[spread] \n|-activate|p2b: Blaziken|move: Protect\n|-miss|p1a: Aerodactyl|p2a: Kingambit\n|move|p1b: Mawile|Play Rough|p2a: Kingambit\n|-damage|p2a: Kingambit|0 fnt\n|faint|p2a: Kingambit\n|\n|-ability|p2b: Blaziken|Speed Boost|boost\n|-boost|p2b: Blaziken|spe|1\n|upkeep\n|\n|t:|1788374177\n|switch|p2a: Froslass|Froslass, L50, F|100/100\n|turn|5\n|\n|t:|1788374188\n|detailschange|p2a: Froslass|Froslass-Mega, L50, F\n|-mega|p2a: Froslass|Froslass|Froslassite\n|-weather|Snowscape|[from] ability: Snow Warning|[of] p2a: Froslass\n|move|p1b: Mawile|Protect|p1b: Mawile\n|-singleturn|p1b: Mawile|Protect\n|move|p1a: Aerodactyl|Rock Slide|p2b: Blaziken|[spread] p2a,p2b\n|-supereffective|p2a: Froslass|1\n|-damage|p2a: Froslass|49/100\n|-damage|p2b: Blaziken|65/100\n|move|p2b: Blaziken|Flare Blitz|p1b: Mawile\n|-activate|p1b: Mawile|move: Protect\n|move|p2a: Froslass|Aurora Veil|p2a: Froslass\n|-sidestart|p2: Buggy00k|move: Aurora Veil\n|\n|-weather|Snowscape|[upkeep]\n|-ability|p2b: Blaziken|Speed Boost|boost\n|-boost|p2b: Blaziken|spe|1\n|upkeep\n|turn|6\n|\n|t:|1788374218\n|move|p2a: Froslass|Protect|p2a: Froslass\n|-singleturn|p2a: Froslass|Protect\n|move|p1b: Mawile|Sucker Punch||[still]\n|-fail|p1b: Mawile\n|move|p1a: Aerodactyl|Rock Slide|p2b: Blaziken|[spread] p2b\n|-activate|p2a: Froslass|move: Protect\n|-damage|p2b: Blaziken|40/100\n|cant|p2b: Blaziken|flinch\n|\n|-weather|Snowscape|[upkeep]\n|-sideend|p1: Kurocookie|move: Tailwind\n|-ability|p2b: Blaziken|Speed Boost|boost\n|-boost|p2b: Blaziken|spe|1\n|upkeep\n|turn|7\n|\n|t:|1788374242\n|move|p2a: Froslass|Protect|p2a: Froslass\n|-singleturn|p2a: Froslass|Protect\n|move|p1b: Mawile|Sucker Punch|p2b: Blaziken\n|-resisted|p2b: Blaziken|1\n|-damage|p2b: Blaziken|20/100y\n|move|p2b: Blaziken|Flare Blitz|p1b: Mawile\n|-supereffective|p1b: Mawile|1\n|-damage|p1b: Mawile|0 fnt\n|faint|p1b: Mawile\n|-damage|p2b: Blaziken|7/100|[from] Recoil\n|move|p1a: Aerodactyl|Rock Slide|p2a: Froslass|[spread] p2b\n|-activate|p2a: Froslass|move: Protect\n|-crit|p2b: Blaziken\n|-damage|p2b: Blaziken|0 fnt\n|faint|p2b: Blaziken\n|\n|-weather|Snowscape|[upkeep]\n|upkeep\n|\n|t:|1788374264\n|switch|p1b: Sylveon|Sylveon, L50, M|100/100\n|turn|8\n|\n|t:|1788374270\n|move|p1b: Sylveon|Protect|p1b: Sylveon\n|-singleturn|p1b: Sylveon|Protect\n|move|p1a: Aerodactyl|Tailwind|p1a: Aerodactyl\n|-sidestart|p1: Kurocookie|move: Tailwind\n|move|p2a: Froslass|Blizzard|p1b: Sylveon|[spread] p1a\n|-activate|p1b: Sylveon|move: Protect\n|-supereffective|p1a: Aerodactyl|1\n|-damage|p1a: Aerodactyl|0 fnt\n|faint|p1a: Aerodactyl\n|\n|-weather|Snowscape|[upkeep]\n|upkeep\n|\n|t:|1788374282\n|switch|p1a: Garchomp|Garchomp, L50, M|100/100\n|turn|9\n|\n|t:|1788374292\n|move|p1a: Garchomp|Stomping Tantrum|p2a: Froslass\n|-damage|p2a: Froslass|19/100\n|move|p1b: Sylveon|Moonblast|p2a: Froslass\n|-damage|p2a: Froslass|0 fnt\n|faint|p2a: Froslass\n|\n|win|Kurocookie\n|raw|Kurocookie's rating: 1323 &rarr; <strong>1340</strong><br />(+17 for winning)\n|raw|Buggy00k's rating: 1266 &rarr; <strong>1245</strong><br />(-21 for losing)\n|c|☆Buggy00k|gg\n","uploadtime":1788374300,"views":"0","formatid":"gen9championsvgc2026regmb","rating":1245,"private":0,"password":null}