{"id":"gen9championsvgc2026regmb-2673872770","format":"[Gen 9 Champions] VGC 2026 Reg M-B","players":["artemisjcollins","m3troGoonin"],"log":"|j|☆artemisjcollins\n|j|☆m3troGoonin\n|html|<table width=\"100%\"><tr><td align=\"left\">artemisjcollins</td><td align=\"right\">m3troGoonin</tr><tr><td align=\"left\"><i class=\"fa fa-circle-o\"></i> <i class=\"fa fa-circle-o\"></i> </td><td align=\"right\"><i class=\"fa fa-circle-o\"></i> <i class=\"fa fa-circle-o\"></i> </tr></table>\n|uhtml|bestof|<h2><strong>Game 1</strong> of <a href=\"/game-bestof3-gen9championsvgc2026regmb-2673872769\">a best-of-3</a></h2>\n|t:|1788271419\n|gametype|doubles\n|player|p1|artemisjcollins|1|\n|player|p2|m3troGoonin|2|\n|gen|9\n|tier|[Gen 9 Champions] VGC 2026 Reg M-B\n|rated|Tournament battle\n|rule|Species Clause: Limit one of each Pokémon\n|rule|Item Clause: Limit 1 of each item\n|raw|<div class=\"infobox\"><details class=\"readmore\" open><summary><strong>2 custom rules:</strong></summary> Force Open Team Sheets, Best of = 3</details></div>\n|clearpoke\n|poke|p1|Aerodactyl, L50, M|\n|poke|p1|Kingambit, L50, M|\n|poke|p1|Sylveon, L50, M|\n|poke|p1|Garchomp, L50, M|\n|poke|p1|Charizard, L50, M|\n|poke|p1|Incineroar, L50, M|\n|poke|p2|Scovillain, L50, M, shiny|\n|poke|p2|Basculegion, L50, M|\n|poke|p2|Kingambit, L50, F|\n|poke|p2|Sneasler, L50, M|\n|poke|p2|Lycanroc-Dusk, L50, M|\n|poke|p2|Froslass, L50, F|\n|teampreview|4\n|showteam|p1|Aerodactyl||Aerodactylite|Unnerve|RockSlide,IceFang,Tailwind,WideGuard|Jolly||M|||50|]Kingambit||FocusSash|Defiant|KowtowCleave,SuckerPunch,IronHead,Protect|Adamant||M|||50|]Sylveon||FairyFeather|Pixilate|Detect,HyperVoice,HyperBeam,QuickAttack|Modest||M|||50|]Garchomp||LifeOrb|RoughSkin|Earthquake,DragonClaw,StompingTantrum,Protect|Jolly||M|||50|]Charizard||CharizarditeY|Blaze|Protect,HeatWave,SolarBeam,WeatherBall|Modest||M|||50|]Incineroar||SitrusBerry|Intimidate|DarkestLariat,FlareBlitz,FakeOut,PartingShot|Impish||M|||50|\n|showteam|p2|Scovillain||Scovillainite|Moody|GigaDrain,Overheat,RagePowder,Protect|Bold||M|||50|]Basculegion||LifeOrb|Adaptability|WaveCrash,LastRespects,AquaJet,Protect|Adamant||M|||50|]Kingambit||BlackGlasses|Defiant|KowtowCleave,SuckerPunch,SwordsDance,Protect|Adamant||F|||50|]Sneasler||WhiteHerb|Unburden|CloseCombat,DireClaw,FakeOut,Protect|Adamant||M|||50|]Lycanroc-Dusk||FocusSash|ToughClaws|CloseCombat,Accelerock,RockSlide,Protect|Adamant||M|||50|]Froslass||Froslassite|CursedBody|Blizzard,ShadowBall,AuroraVeil,Protect|Timid||F|||50|\n|inactive|Battle timer is ON: inactive players will automatically lose when time's up. (requested by artemisjcollins)\nartemisjcollins has agreed to open team sheets.\n|inactive|artemisjcollins has 60 seconds left.\n|inactive|m3troGoonin has 60 seconds left.\n|\n|t:|1788271476\n|teamsize|p1|4\n|teamsize|p2|4\n|start\n|switch|p1a: Aerodactyl|Aerodactyl, L50, M|100/100\n|switch|p1b: Garchomp|Garchomp, L50, M|100/100\n|switch|p2a: Scovillain|Scovillain, L50, M, shiny|100/100\n|switch|p2b: Lycanroc|Lycanroc-Dusk, L50, M|100/100\n|-ability|p1a: Aerodactyl|Unnerve\n|turn|1\n|inactive|m3troGoonin has 30 seconds left.\n|\n|t:|1788271507\n|detailschange|p1a: Aerodactyl|Aerodactyl-Mega, L50, M\n|-mega|p1a: Aerodactyl|Aerodactyl|Aerodactylite\n|detailschange|p2a: Scovillain|Scovillain-Mega, L50, M, shiny\n|-mega|p2a: Scovillain|Scovillain|Scovillainite\n|move|p2a: Scovillain|Rage Powder|p2a: Scovillain\n|-singleturn|p2a: Scovillain|move: Rage Powder\n|move|p2b: Lycanroc|Accelerock|p1a: Aerodactyl\n|-supereffective|p1a: Aerodactyl|1\n|-damage|p1a: Aerodactyl|43/100\n|move|p1a: Aerodactyl|Rock Slide|p2a: Scovillain|[spread] p2a,p2b\n|-supereffective|p2a: Scovillain|1\n|-damage|p2a: Scovillain|49/100\n|-damage|p2b: Lycanroc|57/100\n|-status|p1a: Aerodactyl|brn|[from] ability: Spicy Spray|[of] p2a: Scovillain\n|move|p1b: Garchomp|Earthquake|p2a: Scovillain|[spread] p2a,p2b\n|-immune|p1a: Aerodactyl\n|-supereffective|p2b: Lycanroc|1\n|-damage|p2a: Scovillain|0 fnt\n|-damage|p2b: Lycanroc|0 fnt\n|-status|p1b: Garchomp|brn|[from] ability: Spicy Spray|[of] p2a: Scovillain\n|faint|p2a: Scovillain\n|faint|p2b: Lycanroc\n|-damage|p1b: Garchomp|90/100 brn|[from] item: Life Orb\n|\n|-damage|p1a: Aerodactyl|37/100 brn|[from] brn\n|-damage|p1b: Garchomp|84/100 brn|[from] brn\n|upkeep\n|\n|t:|1788271524\n|switch|p2b: Kingambit|Kingambit, L50, F|100/100\n|switch|p2a: Sneasler|Sneasler, L50, M|100/100\n|turn|2\n|\n|t:|1788271542\n|move|p2a: Sneasler|Fake Out|p1b: Garchomp\n|-damage|p1b: Garchomp|69/100 brn\n|-damage|p2a: Sneasler|87/100|[from] ability: Rough Skin|[of] p1b: Garchomp\n|move|p2b: Kingambit|Sucker Punch|p1b: Garchomp\n|-damage|p1b: Garchomp|18/100 brn\n|-damage|p2b: Kingambit|87/100|[from] ability: Rough Skin|[of] p1b: Garchomp\n|move|p1a: Aerodactyl|Tailwind|p1a: Aerodactyl\n|-sidestart|p1: artemisjcollins|move: Tailwind\n|cant|p1b: Garchomp|flinch\n|\n|-damage|p1a: Aerodactyl|31/100 brn|[from] brn\n|-damage|p1b: Garchomp|12/100 brn|[from] brn\n|upkeep\n|turn|3\n|\n|t:|1788271567\n|move|p2a: Sneasler|Protect|p2a: Sneasler\n|-singleturn|p2a: Sneasler|Protect\n|move|p2b: Kingambit|Sucker Punch|p1b: Garchomp\n|-crit|p1b: Garchomp\n|-damage|p1b: Garchomp|0 fnt\n|-damage|p2b: Kingambit|75/100|[from] ability: Rough Skin|[of] p1b: Garchomp\n|faint|p1b: Garchomp\n|move|p1a: Aerodactyl|Rock Slide|p2b: Kingambit|[spread] \n|-activate|p2a: Sneasler|move: Protect\n|-miss|p1a: Aerodactyl|p2b: Kingambit\n|\n|-damage|p1a: Aerodactyl|25/100 brn|[from] brn\n|upkeep\n|\n|t:|1788271580\n|switch|p1b: Charizard|Charizard, L50, M|100/100\n|turn|4\n|\n|t:|1788271595\n|move|p2b: Kingambit|Sucker Punch|p1b: Charizard\n|-damage|p1b: Charizard|45/100\n|move|p1a: Aerodactyl|Rock Slide|p2a: Sneasler|[spread] p2a,p2b\n|-resisted|p2a: Sneasler|1\n|-resisted|p2b: Kingambit|1\n|-damage|p2a: Sneasler|78/100\n|-damage|p2b: Kingambit|70/100\n|move|p1b: Charizard|Heat Wave|p2b: Kingambit|[spread] p2a,p2b\n|-supereffective|p2b: Kingambit|1\n|-damage|p2a: Sneasler|40/100\n|-damage|p2b: Kingambit|11/100\n|-status|p2a: Sneasler|brn\n|move|p2a: Sneasler|Close Combat|p1b: Charizard\n|-resisted|p1b: Charizard|1\n|-damage|p1b: Charizard|28/100\n|-unboost|p2a: Sneasler|def|1\n|-unboost|p2a: Sneasler|spd|1\n|-enditem|p2a: Sneasler|White Herb\n|-clearnegativeboost|p2a: Sneasler|[silent]\n|\n|-damage|p1a: Aerodactyl|19/100 brn|[from] brn\n|-damage|p2a: Sneasler|34/100 brn|[from] brn\n|upkeep\n|turn|5\n|inactive|artemisjcollins has 30 seconds left.\n|inactive|m3troGoonin has 30 seconds left.\n|inactive|artemisjcollins has 20 seconds left.\n|inactive|m3troGoonin has 20 seconds left.\n|inactive|artemisjcollins has 15 seconds left.\n|inactive|artemisjcollins has 10 seconds left.\n|\n|t:|1788271641\n|move|p2a: Sneasler|Protect|p2a: Sneasler\n|-singleturn|p2a: Sneasler|Protect\n|move|p2b: Kingambit|Protect|p2b: Kingambit\n|-singleturn|p2b: Kingambit|Protect\n|move|p1a: Aerodactyl|Rock Slide|p2a: Sneasler|[spread] \n|-activate|p2a: Sneasler|move: Protect\n|-activate|p2b: Kingambit|move: Protect\n|move|p1b: Charizard|Heat Wave|p2a: Sneasler|[spread] \n|-activate|p2a: Sneasler|move: Protect\n|-activate|p2b: Kingambit|move: Protect\n|\n|-damage|p1a: Aerodactyl|13/100 brn|[from] brn\n|-damage|p2a: Sneasler|28/100 brn|[from] brn\n|-sideend|p1: artemisjcollins|move: Tailwind\n|upkeep\n|turn|6\n|\n|t:|1788271664\n|move|p1b: Charizard|Protect|p1b: Charizard\n|-singleturn|p1b: Charizard|Protect\n|move|p2b: Kingambit|Sucker Punch||[still]\n|-fail|p2b: Kingambit\n|move|p2a: Sneasler|Close Combat|p1a: Aerodactyl\n|-damage|p1a: Aerodactyl|0 fnt\n|-unboost|p2a: Sneasler|def|1\n|-unboost|p2a: Sneasler|spd|1\n|faint|p1a: Aerodactyl\n|\n|-damage|p2a: Sneasler|23/100 brn|[from] brn\n|upkeep\n|\n|t:|1788271673\n|switch|p1a: Sylveon|Sylveon, L50, M|100/100\n|turn|7\n|\n|t:|1788271692\n|move|p2b: Kingambit|Sucker Punch|p1b: Charizard\n|-damage|p1b: Charizard|0 fnt\n|faint|p1b: Charizard\n|move|p2a: Sneasler|Dire Claw|p1a: Sylveon\n|-supereffective|p1a: Sylveon|1\n|-damage|p1a: Sylveon|51/100\n|move|p1a: Sylveon|Hyper Voice|p2b: Kingambit|[spread] p2a,p2b\n|-crit|p2a: Sneasler\n|-damage|p2a: Sneasler|0 fnt\n|-damage|p2b: Kingambit|0 fnt\n|faint|p2a: Sneasler\n|faint|p2b: Kingambit\n|\n|win|artemisjcollins\n","uploadtime":1788271692,"views":"0","formatid":"gen9championsvgc2026regmb","rating":null,"private":0,"password":null}