{"id":"gen9championsvgc2026regmb-2673962691","format":"[Gen 9 Champions] VGC 2026 Reg M-B","players":["Xavien","benenelius"],"log":"|j|☆Xavien\n|j|☆benenelius\n|t:|1788282317\n|gametype|doubles\n|player|p1|Xavien|101|1000\n|player|p2|benenelius|dancer|1082\n|gen|9\n|tier|[Gen 9 Champions] VGC 2026 Reg M-B\n|rated|\n|rule|Species Clause: Limit one of each Pokémon\n|rule|Item Clause: Limit 1 of each item\n|clearpoke\n|poke|p1|Swampert, L50, F|\n|poke|p1|Pelipper, L50, M|\n|poke|p1|Espeon, L50, F|\n|poke|p1|Arcanine, L50, M|\n|poke|p1|Sinistcha-Masterpiece, L50|\n|poke|p1|Florges, L50, F|\n|poke|p2|Vivillon-Fancy, L50, M|\n|poke|p2|Beartic, L50, F|\n|poke|p2|Froslass, L50, F, shiny|\n|poke|p2|Samurott-Hisui, L50, F|\n|poke|p2|Armarouge, L50, M|\n|poke|p2|Kleavor, L50, M, shiny|\n|teampreview|4\n|\n|t:|1788282339\n|teamsize|p1|4\n|teamsize|p2|4\n|start\n|switch|p1a: Arcanine|Arcanine, L50, M|100/100\n|switch|p1b: Swampert|Swampert, L50, F|100/100\n|switch|p2a: Vivillon|Vivillon-Fancy, L50, M|100/100\n|switch|p2b: Froslass|Froslass, L50, F, shiny|100/100\n|-ability|p1a: Arcanine|Intimidate|boost\n|-unboost|p2a: Vivillon|atk|1\n|-unboost|p2b: Froslass|atk|1\n|turn|1\n|\n|t:|1788282367\n|switch|p2b: Bjorn Gunderson|Kleavor, L50, M, shiny|100/100\n|detailschange|p1b: Swampert|Swampert-Mega, L50, F\n|-mega|p1b: Swampert|Swampert|Swampertite\n|move|p1b: Swampert|Protect|p1b: Swampert\n|-singleturn|p1b: Swampert|Protect\n|move|p2a: Vivillon|Sleep Powder|p1a: Arcanine\n|-status|p1a: Arcanine|slp|[from] move: Sleep Powder\n|cant|p1a: Arcanine|slp\n|\n|upkeep\n|turn|2\n|\n|t:|1788282393\n|switch|p1a: Pelipper|Pelipper, L50, M|100/100\n|-weather|RainDance|[from] ability: Drizzle|[of] p1a: Pelipper\n|move|p1b: Swampert|Wave Crash|p2b: Bjorn Gunderson\n|-supereffective|p2b: Bjorn Gunderson|1\n|-damage|p2b: Bjorn Gunderson|0 fnt\n|faint|p2b: Bjorn Gunderson\n|-damage|p1b: Swampert|71/100|[from] Recoil\n|move|p2a: Vivillon|Tailwind|p2a: Vivillon\n|-sidestart|p2: benenelius|move: Tailwind\n|\n|-weather|RainDance|[upkeep]\n|upkeep\n|\n|t:|1788282400\n|switch|p2b: Beartic|Beartic, L50, F|100/100\n|turn|3\n|\n|t:|1788282413\n|move|p1b: Swampert|Protect|p1b: Swampert\n|-singleturn|p1b: Swampert|Protect\n|move|p2a: Vivillon|Sleep Powder|p1b: Swampert\n|-activate|p1b: Swampert|move: Protect\n|move|p2b: Beartic|Icicle Crash|p1a: Pelipper\n|-damage|p1a: Pelipper|57/100\n|move|p1a: Pelipper|Blizzard|p2a: Vivillon|[spread] p2b\n|-miss|p1a: Pelipper|p2a: Vivillon\n|-resisted|p2b: Beartic|1\n|-damage|p2b: Beartic|89/100\n|\n|-weather|RainDance|[upkeep]\n|upkeep\n|turn|4\n|\n|t:|1788282439\n|switch|p2a: Froslass|Froslass, L50, F, shiny|100/100\n|switch|p1b: Arcanine|Arcanine, L50, M|100/100 slp\n|-ability|p1b: Arcanine|Intimidate|boost\n|-unboost|p2a: Froslass|atk|1\n|-unboost|p2b: Beartic|atk|1\n|move|p1a: Pelipper|Protect|p1a: Pelipper\n|-singleturn|p1a: Pelipper|Protect\n|move|p2b: Beartic|Icicle Crash|p1a: Pelipper\n|-activate|p1a: Pelipper|move: Protect\n|\n|-weather|RainDance|[upkeep]\n|upkeep\n|turn|5\n|\n|t:|1788282457\n|detailschange|p2a: Froslass|Froslass-Mega, L50, F, shiny\n|-mega|p2a: Froslass|Froslass|Froslassite\n|-weather|Snowscape|[from] ability: Snow Warning|[of] p2a: Froslass\n|move|p2b: Beartic|Rock Slide|p1a: Pelipper|[spread] p1a,p1b\n|-supereffective|p1a: Pelipper|1\n|-supereffective|p1b: Arcanine|1\n|-damage|p1a: Pelipper|28/100\n|-damage|p1b: Arcanine|63/100 slp\n|move|p2a: Froslass|Aurora Veil|p2a: Froslass\n|-sidestart|p2: benenelius|move: Aurora Veil\n|cant|p1b: Arcanine|slp\n|cant|p1a: Pelipper|flinch\n|\n|-weather|Snowscape|[upkeep]\n|-sideend|p2: benenelius|move: Tailwind\n|upkeep\n|turn|6\n|\n|t:|1788282483\n|switch|p1a: Sinistcha|Sinistcha-Masterpiece, L50|100/100\n|-heal|p1b: Arcanine|88/100 slp|[from] ability: Hospitality|[of] p1a: Sinistcha\n|-curestatus|p1b: Arcanine|slp|[msg]\n|move|p1b: Arcanine|Protect|p1b: Arcanine\n|-singleturn|p1b: Arcanine|Protect\n|move|p2b: Beartic|Rock Slide|p1b: Arcanine|[spread] p1a\n|-activate|p1b: Arcanine|move: Protect\n|-damage|p1a: Sinistcha|89/100\n|move|p2a: Froslass|Shadow Ball|p1b: Arcanine\n|-activate|p1b: Arcanine|move: Protect\n|\n|-weather|Snowscape|[upkeep]\n|upkeep\n|turn|7\n|\n|t:|1788282505\n|switch|p2b: Vivillon|Vivillon-Fancy, L50, M|100/100\n|move|p1a: Sinistcha|Rage Powder|p1a: Sinistcha\n|-singleturn|p1a: Sinistcha|move: Rage Powder\n|move|p2a: Froslass|Blizzard|p1a: Sinistcha|[spread] p1a,p1b\n|-supereffective|p1a: Sinistcha|1\n|-resisted|p1b: Arcanine|1\n|-damage|p1a: Sinistcha|0 fnt\n|-damage|p1b: Arcanine|62/100\n|faint|p1a: Sinistcha\n|move|p1b: Arcanine|Flare Blitz|p2b: Vivillon\n|-supereffective|p2b: Vivillon|1\n|-enditem|p2b: Vivillon|Focus Sash\n|-damage|p2b: Vivillon|1/100\n|-damage|p1b: Arcanine|28/100|[from] Recoil\n|-damage|p1b: Arcanine|18/100|[from] item: Life Orb\n|\n|-weather|Snowscape|[upkeep]\n|upkeep\n|\n|t:|1788282521\n|switch|p1a: Pelipper|Pelipper, L50, M|28/100\n|-weather|RainDance|[from] ability: Drizzle|[of] p1a: Pelipper\n|turn|8\n|\n|t:|1788282552\n|switch|p1b: Swampert|Swampert-Mega, L50, F|71/100\n|move|p1a: Pelipper|Protect|p1a: Pelipper\n|-singleturn|p1a: Pelipper|Protect\n|move|p2a: Froslass|Blizzard|p1a: Pelipper|[spread] \n|-activate|p1a: Pelipper|move: Protect\n|-miss|p2a: Froslass|p1b: Swampert\n|move|p2b: Vivillon|Tailwind|p2b: Vivillon\n|-sidestart|p2: benenelius|move: Tailwind\n|\n|-weather|RainDance|[upkeep]\n|upkeep\n|turn|9\n|\n|t:|1788282569\n|move|p2a: Froslass|Thunderbolt|p1a: Pelipper\n|-supereffective|p1a: Pelipper|2\n|-damage|p1a: Pelipper|0 fnt\n|faint|p1a: Pelipper\n|move|p2b: Vivillon|Sleep Powder|p1b: Swampert\n|-status|p1b: Swampert|slp|[from] move: Sleep Powder\n|cant|p1b: Swampert|slp\n|\n|-weather|RainDance|[upkeep]\n|-sideend|p2: benenelius|move: Aurora Veil\n|upkeep\n|\n|t:|1788282578\n|switch|p1a: Arcanine|Arcanine, L50, M|18/100\n|-ability|p1a: Arcanine|Intimidate|boost\n|-unboost|p2a: Froslass|atk|1\n|-unboost|p2b: Vivillon|atk|1\n|turn|10\n|\n|t:|1788282590\n|switch|p2a: Beartic|Beartic, L50, F|89/100\n|move|p2b: Vivillon|Protect|p2b: Vivillon\n|-singleturn|p2b: Vivillon|Protect\n|move|p1a: Arcanine|Protect|p1a: Arcanine\n|-singleturn|p1a: Arcanine|Protect\n|cant|p1b: Swampert|slp\n|\n|-weather|RainDance|[upkeep]\n|upkeep\n|turn|11\n|\n|t:|1788282616\n|-curestatus|p1b: Swampert|slp|[msg]\n|move|p1b: Swampert|Protect|p1b: Swampert\n|-singleturn|p1b: Swampert|Protect\n|move|p2b: Vivillon|Rage Powder|p2b: Vivillon\n|-singleturn|p2b: Vivillon|move: Rage Powder\n|move|p2a: Beartic|Earthquake|p1a: Arcanine|[spread] p1a\n|-activate|p1b: Swampert|move: Protect\n|-immune|p2b: Vivillon\n|-supereffective|p1a: Arcanine|1\n|-damage|p1a: Arcanine|0 fnt\n|faint|p1a: Arcanine\n|\n|-weather|RainDance|[upkeep]\n|-sideend|p2: benenelius|move: Tailwind\n|upkeep\n|turn|12\n|\n|t:|1788282638\n|move|p2b: Vivillon|Rage Powder|p2b: Vivillon\n|-singleturn|p2b: Vivillon|move: Rage Powder\n|move|p1b: Swampert|Earthquake|p2b: Vivillon|[spread] p2a\n|-immune|p2b: Vivillon\n|-crit|p2a: Beartic\n|-damage|p2a: Beartic|17/100\n|move|p2a: Beartic|Icicle Crash|p1b: Swampert\n|-damage|p1b: Swampert|37/100\n|\n|-weather|none\n|upkeep\n|turn|13\n|\n|t:|1788282653\n|move|p2b: Vivillon|Sleep Powder|p1b: Swampert\n|-status|p1b: Swampert|slp|[from] move: Sleep Powder\n|move|p2a: Beartic|Icicle Crash|p1b: Swampert\n|-damage|p1b: Swampert|2/100 slp\n|cant|p1b: Swampert|slp\n|\n|upkeep\n|turn|14\n|-message|Xavien forfeited.\n|\n|win|benenelius\n|raw|Xavien's rating: 1000 &rarr; <strong>1000</strong><br />(+0 for losing)\n|raw|benenelius's rating: 1082 &rarr; <strong>1103</strong><br />(+21 for winning)\n|l|☆Xavien\n|player|p1|\n","uploadtime":1788282672,"views":"11","formatid":"gen9championsvgc2026regmb","rating":1000,"private":0,"password":null}