{"id":"gen9championsvgc2026regmbbo3-2673613822","format":"[Gen 9 Champions] VGC 2026 Reg M-B (Bo3)","players":["tevad","NightshadeAI"],"log":"|j|☆tevad\n|j|☆NightshadeAI\n|html|<table width=\"100%\"><tr><td align=\"left\">tevad</td><td align=\"right\">NightshadeAI</tr><tr><td align=\"left\"><i class=\"fa fa-circle-o\"></i> <i class=\"fa fa-circle-o\"></i> </td><td align=\"right\"><i class=\"fa fa-circle-o\"></i> <i class=\"fa fa-circle\"></i> </tr></table>\n|uhtml|bestof|<h2><strong>Game 2</strong> of <a href=\"/game-bestof3-gen9championsvgc2026regmbbo3-2673611957\">a best-of-3</a></h2>\n|t:|1788221430\n|gametype|doubles\n|player|p1|tevad|hilbert|1000\n|player|p2|NightshadeAI|101|1050\n|gen|9\n|tier|[Gen 9 Champions] VGC 2026 Reg M-B (Bo3)\n|rated|\n|rule|Species Clause: Limit one of each Pokémon\n|rule|Item Clause: Limit 1 of each item\n|clearpoke\n|poke|p1|Floette-Eternal, L50, F|\n|poke|p1|Charizard, L50, F|\n|poke|p1|Garchomp, L50, M|\n|poke|p1|Incineroar, L50, M|\n|poke|p1|Sinistcha, L50|\n|poke|p1|Venusaur, L50, F|\n|poke|p2|Whimsicott, L50, F|\n|poke|p2|Charizard, L50, F|\n|poke|p2|Basculegion, L50, M|\n|poke|p2|Garchomp, L50, M|\n|poke|p2|Floette-Eternal, L50, F|\n|poke|p2|Kingambit, L50, F|\n|teampreview|4\n|showteam|p1|Floette-Eternal||Floettite|FlowerVeil|Moonblast,DazzlingGleam,Protect,CalmMind|Modest||F|||50|]Charizard||CharizarditeY|Blaze|Protect,HeatWave,SolarBeam,WeatherBall|Modest||F|||50|]Garchomp||ChoiceScarf|RoughSkin|DragonClaw,RockSlide,Earthquake,Protect|Jolly||M|||50|]Incineroar||SitrusBerry|Intimidate|FakeOut,PartingShot,FlareBlitz,ThroatChop|Careful||M|||50|]Sinistcha||ColburBerry|Hospitality|MatchaGotcha,RagePowder,TrickRoom,Protect|Bold|||||50|]Venusaur||FocusSash|Chlorophyll|SludgeBomb,LeafStorm,Protect,SleepPowder|Modest||F|||50|\n|showteam|p2|Whimsicott||FocusSash|Prankster|Moonblast,Tailwind,Encore,Protect|Timid||F|||50|]Charizard||CharizarditeY|Blaze|WeatherBall,SolarBeam,HeatWave,Protect|Modest||F|||50|]Basculegion||MysticWater|Adaptability|LastRespects,WaveCrash,AquaJet,Protect|Adamant||M|||50|]Garchomp||LifeOrb|RoughSkin|DragonClaw,Earthquake,RockSlide,Protect|Adamant||M|||50|]Floette-Eternal||Floettite|FlowerVeil|DazzlingGleam,LightofRuin,Moonblast,Protect|Modest||F|||50|]Kingambit||ChopleBerry|Defiant|KowtowCleave,SuckerPunch,IronHead,LowKick|Adamant||F|||50|\n|inactive|Battle timer is ON: inactive players will automatically lose when time's up. (requested by NightshadeAI)\n|inactive|tevad has 60 seconds left.\n|\n|t:|1788221463\n|teamsize|p1|4\n|teamsize|p2|4\n|start\n|switch|p1a: Charizard|Charizard, L50, F|100/100\n|switch|p1b: Venusaur|Venusaur, L50, F|100/100\n|switch|p2a: Garchomp|Garchomp, L50, M|100/100\n|switch|p2b: Floette|Floette-Eternal, L50, F|100/100\n|turn|1\n|inactive|tevad has 30 seconds left.\n|inactive|tevad has 20 seconds left.\n|inactive|tevad has 15 seconds left.\n|inactive|tevad has 10 seconds left.\n|inactive|tevad has 5 seconds left.\n|\n|t:|1788221514\n|detailschange|p1a: Charizard|Charizard-Mega-Y, L50, F\n|-mega|p1a: Charizard|Charizard|Charizardite Y\n|-weather|SunnyDay|[from] ability: Drought|[of] p1a: Charizard\n|detailschange|p2b: Floette|Floette-Mega, L50, F\n|-mega|p2b: Floette|Floette|Floettite\n|-ability|p2b: Floette|Fairy Aura\n|move|p1b: Venusaur|Sludge Bomb|p2b: Floette\n|-supereffective|p2b: Floette|1\n|-damage|p2b: Floette|26/100\n|-status|p2b: Floette|psn\n|move|p1a: Charizard|Solar Beam||[still]\n|-prepare|p1a: Charizard|Solar Beam\n|-anim|p1a: Charizard|Solar Beam|p2a: Garchomp\n|-damage|p2a: Garchomp|43/100\n|move|p2a: Garchomp|Rock Slide|p1b: Venusaur|[spread] p1a,p1b\n|-supereffective|p1a: Charizard|2\n|-damage|p1a: Charizard|0 fnt\n|-damage|p1b: Venusaur|69/100\n|faint|p1a: Charizard\n|-damage|p2a: Garchomp|33/100|[from] item: Life Orb\n|move|p2b: Floette|Dazzling Gleam|p1b: Venusaur\n|-resisted|p1b: Venusaur|1\n|-damage|p1b: Venusaur|35/100\n|\n|-weather|SunnyDay|[upkeep]\n|-damage|p2b: Floette|14/100 psn|[from] psn\n|upkeep\n|\n|t:|1788221536\n|switch|p1a: Incineroar|Incineroar, L50, M|100/100\n|-ability|p1a: Incineroar|Intimidate|boost\n|-unboost|p2a: Garchomp|atk|1\n|-unboost|p2b: Floette|atk|1\n|turn|2\n|inactive|tevad has 30 seconds left.\n|\n|t:|1788221570\n|move|p1a: Incineroar|Fake Out|p2a: Garchomp\n|-damage|p2a: Garchomp|23/100\n|-damage|p1a: Incineroar|87/100|[from] ability: Rough Skin|[of] p2a: Garchomp\n|move|p1b: Venusaur|Sludge Bomb|p2b: Floette\n|-supereffective|p2b: Floette|1\n|-damage|p2b: Floette|0 fnt\n|faint|p2b: Floette\n|cant|p2a: Garchomp|flinch\n|\n|-weather|SunnyDay|[upkeep]\n|upkeep\n|\n|t:|1788221573\n|switch|p2b: Kingambit|Kingambit, L50, F|100/100\n|turn|3\n|\n|t:|1788221585\n|move|p1b: Venusaur|Protect|p1b: Venusaur\n|-singleturn|p1b: Venusaur|Protect\n|move|p2a: Garchomp|Earthquake|p1b: Venusaur|[spread] p2b,p1a\n|-activate|p1b: Venusaur|move: Protect\n|-supereffective|p2b: Kingambit|1\n|-supereffective|p1a: Incineroar|1\n|-damage|p2b: Kingambit|36/100\n|-damage|p1a: Incineroar|21/100\n|-enditem|p1a: Incineroar|Sitrus Berry|[eat]\n|-heal|p1a: Incineroar|46/100|[from] item: Sitrus Berry\n|-damage|p2a: Garchomp|14/100|[from] item: Life Orb\n|move|p2b: Kingambit|Kowtow Cleave|p1b: Venusaur\n|-activate|p1b: Venusaur|move: Protect\n|move|p1a: Incineroar|Flare Blitz|p2b: Kingambit\n|-supereffective|p2b: Kingambit|1\n|-damage|p2b: Kingambit|0 fnt\n|faint|p2b: Kingambit\n|-damage|p1a: Incineroar|33/100|[from] Recoil\n|\n|-weather|SunnyDay|[upkeep]\n|upkeep\n|\n|t:|1788221588\n|switch|p2b: Basculegion|Basculegion, L50, M|100/100\n|turn|4\n|inactive|tevad has 30 seconds left.\n|\n|t:|1788221620\n|move|p2b: Basculegion|Protect|p2b: Basculegion\n|-singleturn|p2b: Basculegion|Protect\n|move|p1b: Venusaur|Leaf Storm|p2b: Basculegion\n|-activate|p2b: Basculegion|move: Protect\n|move|p2a: Garchomp|Earthquake|p1b: Venusaur|[spread] p1a,p1b\n|-activate|p2b: Basculegion|move: Protect\n|-supereffective|p1a: Incineroar|1\n|-damage|p1a: Incineroar|0 fnt\n|-damage|p1b: Venusaur|0 fnt\n|faint|p1a: Incineroar\n|faint|p1b: Venusaur\n|-damage|p2a: Garchomp|4/100|[from] item: Life Orb\n|\n|-weather|SunnyDay|[upkeep]\n|upkeep\n|\n|t:|1788221623\n|switch|p1b: Floette|Floette-Eternal, L50, F|100/100\n|turn|5\n|\n|t:|1788221631\n|move|p2a: Garchomp|Rock Slide|p1b: Floette\n|-damage|p1b: Floette|60/100\n|-damage|p2a: Garchomp|0 fnt|[from] item: Life Orb\n|faint|p2a: Garchomp\n|cant|p1b: Floette|flinch\n|move|p2b: Basculegion|Last Respects|p1b: Floette\n|-crit|p1b: Floette\n|-damage|p1b: Floette|0 fnt\n|faint|p1b: Floette\n|\n|win|NightshadeAI\n|raw|tevad's rating: 1000 &rarr; <strong>1000</strong><br />(+0 for losing)\n|raw|NightshadeAI's rating: 1050 &rarr; <strong>1078</strong><br />(+28 for winning)\n|l|☆NightshadeAI\n|player|p2|\n","uploadtime":1788221803,"views":"4","formatid":"gen9championsvgc2026regmbbo3","rating":1000,"private":0,"password":null}