{"id":"gen9championsvgc2026regmb-2674169867","format":"[Gen 9 Champions] VGC 2026 Reg M-B","players":["HospitalityCheck","Vhplays"],"log":"|j|☆HospitalityCheck\n|j|☆Vhplays\n|t:|1788309641\n|gametype|doubles\n|player|p1|HospitalityCheck|2|1099\n|player|p2|Vhplays|266|1000\n|gen|9\n|tier|[Gen 9 Champions] VGC 2026 Reg M-B\n|rated|\n|rule|Species Clause: Limit one of each Pokémon\n|rule|Item Clause: Limit 1 of each item\n|clearpoke\n|poke|p1|Metagross, L50|\n|poke|p1|Incineroar, L50, F|\n|poke|p1|Sinistcha, L50|\n|poke|p1|Whimsicott, L50, F|\n|poke|p1|Garchomp, L50, M|\n|poke|p1|Kingambit, L50, F|\n|poke|p2|Cofagrigus, L50, F|\n|poke|p2|Lycanroc-Midnight, L50, F|\n|poke|p2|Infernape, L50, M|\n|poke|p2|Hawlucha, L50, F|\n|poke|p2|Samurott, L50, M|\n|poke|p2|Pangoro, L50, M|\n|teampreview|4\n|inactive|Battle timer is ON: inactive players will automatically lose when time's up. (requested by HospitalityCheck)\nHospitalityCheck has agreed to open team sheets.\n|\n|t:|1788309653\n|teamsize|p1|4\n|teamsize|p2|4\n|start\n|switch|p1a: Metagross|Metagross, L50|100/100\n|switch|p1b: Incineroar|Incineroar, L50, F|100/100\n|switch|p2a: Foo Fighter|Hawlucha, L50, F|100/100\n|switch|p2b: Zico|Infernape, L50, M|100/100\n|-ability|p2a: Foo Fighter|Mold Breaker\n|-ability|p1b: Incineroar|Intimidate|boost\n|-unboost|p2a: Foo Fighter|atk|1\n|-unboost|p2b: Zico|atk|1\n|turn|1\n|\n|t:|1788309677\n|detailschange|p1a: Metagross|Metagross-Mega, L50\n|-mega|p1a: Metagross|Metagross|Metagrossite\n|move|p2a: Foo Fighter|Quick Guard|p2a: Foo Fighter\n|-singleturn|p2a: Foo Fighter|Quick Guard\n|move|p2b: Zico|Close Combat|p1b: Incineroar\n|-supereffective|p1b: Incineroar|1\n|-crit|p1b: Incineroar\n|-damage|p1b: Incineroar|0 fnt\n|-unboost|p2b: Zico|def|1\n|-unboost|p2b: Zico|spd|1\n|faint|p1b: Incineroar\n|move|p1a: Metagross|Psychic Fangs|p2b: Zico\n|-supereffective|p2b: Zico|1\n|-damage|p2b: Zico|0 fnt\n|faint|p2b: Zico\n|\n|upkeep\n|\n|t:|1788309698\n|switch|p2b: Goleiro Bruno|Cofagrigus, L50, F|100/100\n|switch|p1b: Sinistcha|Sinistcha, L50|100/100\n|turn|2\n|\n|t:|1788309712\n|move|p2a: Foo Fighter|U-turn|p1a: Metagross\n|-damage|p1a: Metagross|89/100\n|\n|t:|1788309720\n|switch|p2a: Pangoro|Pangoro, L50, M|100/100|[from] U-turn\n|move|p1a: Metagross|Psychic Fangs|p2a: Pangoro\n|-immune|p2a: Pangoro\n|move|p1b: Sinistcha|Matcha Gotcha|p2a: Pangoro|[spread] p2a,p2b\n|-damage|p2a: Pangoro|75/100\n|-damage|p2b: Goleiro Bruno|79/100\n|move|p2b: Goleiro Bruno|Trick Room|p2b: Goleiro Bruno\n|-fieldstart|move: Trick Room|[of] p2b: Goleiro Bruno\n|\n|upkeep\n|turn|3\n|\n|t:|1788309741\n|move|p2a: Pangoro|Detect|p2a: Pangoro\n|-singleturn|p2a: Pangoro|Protect\n|move|p2b: Goleiro Bruno|Imprison|p2b: Goleiro Bruno\n|-start|p2b: Goleiro Bruno|move: Imprison\n|move|p1b: Sinistcha|Matcha Gotcha|p2b: Goleiro Bruno|[spread] p2b\n|-activate|p2a: Pangoro|move: Protect\n|-damage|p2b: Goleiro Bruno|58/100\n|-status|p2b: Goleiro Bruno|brn\n|move|p1a: Metagross|Iron Head|p2a: Pangoro\n|-activate|p2a: Pangoro|move: Protect\n|\n|-damage|p2b: Goleiro Bruno|52/100 brn|[from] brn\n|upkeep\n|turn|4\n|\n|t:|1788309762\n|move|p2b: Goleiro Bruno|Power Split|p1a: Metagross\n|-activate|p2b: Goleiro Bruno|move: Power Split|[of] p1a: Metagross\n|move|p2a: Pangoro|Knock Off|p1a: Metagross\n|-supereffective|p1a: Metagross|1\n|-damage|p1a: Metagross|34/100\n|move|p1b: Sinistcha|Matcha Gotcha|p2b: Goleiro Bruno|[spread] p2b\n|-miss|p1b: Sinistcha|p2a: Pangoro\n|-damage|p2b: Goleiro Bruno|32/100 brn\n|move|p1a: Metagross|Iron Head|p2a: Pangoro\n|-damage|p2a: Pangoro|26/100\n|\n|-damage|p2b: Goleiro Bruno|26/100 brn|[from] brn\n|upkeep\n|turn|5\n|\n|t:|1788309782\n|switch|p1a: Garchomp|Garchomp, L50, M|100/100\n|move|p2b: Goleiro Bruno|Protect|p2b: Goleiro Bruno\n|-singleturn|p2b: Goleiro Bruno|Protect\n|move|p2a: Pangoro|Knock Off|p1a: Garchomp\n|-damage|p1a: Garchomp|48/100\n|-damage|p2a: Pangoro|14/100|[from] ability: Rough Skin|[of] p1a: Garchomp\n|-enditem|p1a: Garchomp|Life Orb|[from] move: Knock Off|[of] p2a: Pangoro\n|move|p1b: Sinistcha|Matcha Gotcha|p2b: Goleiro Bruno|[spread] p2a\n|-activate|p2b: Goleiro Bruno|move: Protect\n|-damage|p2a: Pangoro|0 fnt\n|faint|p2a: Pangoro\n|\n|-damage|p2b: Goleiro Bruno|20/100y brn|[from] brn\n|upkeep\n|\n|t:|1788309800\n|switch|p2a: Foo Fighter|Hawlucha, L50, F|100/100\n|-ability|p2a: Foo Fighter|Mold Breaker\n|turn|6\n|\n|t:|1788309813\n|move|p2b: Goleiro Bruno|Power Split|p1a: Garchomp\n|-activate|p2b: Goleiro Bruno|move: Power Split|[of] p1a: Garchomp\n|move|p1b: Sinistcha|Life Dew||[still]|[spread] p1a,p1b\n|-heal|p1a: Garchomp|72/100\n|-fail|p1b: Sinistcha|heal\n|move|p1a: Garchomp|Earthquake|p2a: Foo Fighter|[spread] p1b,p2b\n|-immune|p2a: Foo Fighter\n|-resisted|p1b: Sinistcha|1\n|-damage|p1b: Sinistcha|86/100\n|-damage|p2b: Goleiro Bruno|0 fnt\n|faint|p2b: Goleiro Bruno\n|move|p2a: Foo Fighter|Flying Press|p1a: Garchomp|[miss]\n|-miss|p2a: Foo Fighter|p1a: Garchomp\n|\n|-heal|p1b: Sinistcha|92/100|[from] item: Leftovers\n|-fieldend|move: Trick Room\n|upkeep\n|turn|7\n|\n|t:|1788309830\n|move|p2a: Foo Fighter|Encore|p1a: Garchomp\n|-start|p1a: Garchomp|Encore\n|move|p1a: Garchomp|Earthquake|p2a: Foo Fighter|[spread] p1b\n|-immune|p2a: Foo Fighter\n|-resisted|p1b: Sinistcha|1\n|-damage|p1b: Sinistcha|80/100\n|move|p1b: Sinistcha|Life Dew|p1b: Sinistcha|[spread] p1a,p1b\n|-heal|p1a: Garchomp|97/100\n|-heal|p1b: Sinistcha|100/100\n|\n|upkeep\n|turn|8\n|\n|t:|1788309844\n|move|p2a: Foo Fighter|Encore|p1b: Sinistcha\n|-start|p1b: Sinistcha|Encore\n|move|p1a: Garchomp|Earthquake|p2a: Foo Fighter|[spread] p1b\n|-immune|p2a: Foo Fighter\n|-resisted|p1b: Sinistcha|1\n|-damage|p1b: Sinistcha|85/100\n|move|p1b: Sinistcha|Life Dew|p1b: Sinistcha|[spread] p1a,p1b\n|-heal|p1a: Garchomp|100/100\n|-heal|p1b: Sinistcha|100/100\n|\n|upkeep\n|turn|9\n|\n|t:|1788309857\n|move|p2a: Foo Fighter|U-turn|p1b: Sinistcha\n|-damage|p1b: Sinistcha|84/100\n|move|p1a: Garchomp|Earthquake|p2a: Foo Fighter|[spread] p1b\n|-immune|p2a: Foo Fighter\n|-resisted|p1b: Sinistcha|1\n|-damage|p1b: Sinistcha|70/100\n|move|p1b: Sinistcha|Life Dew||[still]|[spread] p1a,p1b\n|-fail|p1a: Garchomp|heal\n|-heal|p1b: Sinistcha|96/100\n|\n|-heal|p1b: Sinistcha|100/100|[from] item: Leftovers\n|-end|p1a: Garchomp|Encore\n|upkeep\n|turn|10\n|\n|t:|1788309871\n|move|p2a: Foo Fighter|Encore|p1a: Garchomp\n|-start|p1a: Garchomp|Encore\n|move|p1a: Garchomp|Earthquake|p2a: Foo Fighter|[spread] p1b\n|-immune|p2a: Foo Fighter\n|-resisted|p1b: Sinistcha|1\n|-damage|p1b: Sinistcha|86/100\n|move|p1b: Sinistcha|Life Dew||[still]|[spread] p1a,p1b\n|-fail|p1a: Garchomp|heal\n|-heal|p1b: Sinistcha|100/100\n|\n|-end|p1b: Sinistcha|Encore\n|upkeep\n|turn|11\n|\n|t:|1788309884\n|move|p2a: Foo Fighter|Encore|p1b: Sinistcha\n|-start|p1b: Sinistcha|Encore\n|move|p1a: Garchomp|Earthquake|p2a: Foo Fighter|[spread] p1b\n|-immune|p2a: Foo Fighter\n|-resisted|p1b: Sinistcha|1\n|-damage|p1b: Sinistcha|86/100\n|move|p1b: Sinistcha|Life Dew||[still]|[spread] p1a,p1b\n|-fail|p1a: Garchomp|heal\n|-heal|p1b: Sinistcha|100/100\n|\n|upkeep\n|turn|12\n|\n|t:|1788309896\n|move|p2a: Foo Fighter|U-turn|p1b: Sinistcha\n|-damage|p1b: Sinistcha|83/100\n|move|p1a: Garchomp|Earthquake|p2a: Foo Fighter|[spread] p1b\n|-immune|p2a: Foo Fighter\n|-resisted|p1b: Sinistcha|1\n|-damage|p1b: Sinistcha|69/100\n|move|p1b: Sinistcha|Life Dew||[still]|[spread] p1a,p1b\n|-fail|p1a: Garchomp|heal\n|-heal|p1b: Sinistcha|94/100\n|\n|-heal|p1b: Sinistcha|100/100|[from] item: Leftovers\n|-end|p1a: Garchomp|Encore\n|upkeep\n|turn|13\n|\n|t:|1788309911\n|move|p2a: Foo Fighter|Encore|p1a: Garchomp\n|-start|p1a: Garchomp|Encore\n|move|p1a: Garchomp|Earthquake|p2a: Foo Fighter|[spread] p1b\n|-immune|p2a: Foo Fighter\n|-resisted|p1b: Sinistcha|1\n|-damage|p1b: Sinistcha|86/100\n|move|p1b: Sinistcha|Life Dew||[still]|[spread] p1a,p1b\n|-fail|p1a: Garchomp|heal\n|-heal|p1b: Sinistcha|100/100\n|\n|-end|p1b: Sinistcha|Encore\n|upkeep\n|turn|14\n|\n|t:|1788309924\n|move|p2a: Foo Fighter|Encore|p1b: Sinistcha\n|-start|p1b: Sinistcha|Encore\n|move|p1a: Garchomp|Earthquake|p2a: Foo Fighter|[spread] p1b\n|-immune|p2a: Foo Fighter\n|-resisted|p1b: Sinistcha|1\n|-damage|p1b: Sinistcha|86/100\n|move|p1b: Sinistcha|Life Dew||[still]|[spread] p1a,p1b\n|-fail|p1a: Garchomp|heal\n|-heal|p1b: Sinistcha|100/100\n|\n|upkeep\n|turn|15\n|\n|t:|1788309939\n|move|p2a: Foo Fighter|U-turn|p1b: Sinistcha\n|-damage|p1b: Sinistcha|83/100\n|move|p1a: Garchomp|Earthquake|p2a: Foo Fighter|[spread] p1b\n|-immune|p2a: Foo Fighter\n|-resisted|p1b: Sinistcha|1\n|-damage|p1b: Sinistcha|70/100\n|move|p1b: Sinistcha|Life Dew||[still]|[spread] p1a,p1b\n|-fail|p1a: Garchomp|heal\n|-heal|p1b: Sinistcha|95/100\n|\n|-heal|p1b: Sinistcha|100/100|[from] item: Leftovers\n|-end|p1a: Garchomp|Encore\n|upkeep\n|turn|16\n|\n|t:|1788309953\n|move|p2a: Foo Fighter|Encore|p1a: Garchomp\n|-start|p1a: Garchomp|Encore\n|move|p1a: Garchomp|Earthquake|p2a: Foo Fighter|[spread] p1b\n|-immune|p2a: Foo Fighter\n|-resisted|p1b: Sinistcha|1\n|-damage|p1b: Sinistcha|87/100\n|move|p1b: Sinistcha|Life Dew||[still]|[spread] p1a,p1b\n|-fail|p1a: Garchomp|heal\n|-heal|p1b: Sinistcha|100/100\n|\n|-end|p1b: Sinistcha|Encore\n|upkeep\n|turn|17\n|\n|t:|1788309977\n|move|p2a: Foo Fighter|Encore|p1b: Sinistcha\n|-start|p1b: Sinistcha|Encore\n|move|p1a: Garchomp|Earthquake|p2a: Foo Fighter|[spread] p1b\n|-immune|p2a: Foo Fighter\n|-resisted|p1b: Sinistcha|1\n|-damage|p1b: Sinistcha|87/100\n|move|p1b: Sinistcha|Life Dew||[still]|[spread] p1a,p1b\n|-fail|p1a: Garchomp|heal\n|-heal|p1b: Sinistcha|100/100\n|\n|-end|p1a: Garchomp|Encore\n|-end|p1b: Sinistcha|Encore\n|upkeep\n|turn|18\n|\n|t:|1788309994\n|move|p1b: Sinistcha|Rage Powder|p1b: Sinistcha\n|-singleturn|p1b: Sinistcha|move: Rage Powder\n|move|p2a: Foo Fighter|U-turn|p1b: Sinistcha\n|-damage|p1b: Sinistcha|84/100\n|move|p1a: Garchomp|Dragon Claw|p2a: Foo Fighter\n|-damage|p2a: Foo Fighter|45/100\n|\n|-heal|p1b: Sinistcha|90/100|[from] item: Leftovers\n|upkeep\n|turn|19\n|\n|t:|1788310007\n|switch|p1b: Metagross|Metagross-Mega, L50|34/100\n|move|p2a: Foo Fighter|Flying Press|p1a: Garchomp\n|-damage|p1a: Garchomp|60/100\n|-damage|p2a: Foo Fighter|32/100|[from] ability: Rough Skin|[of] p1a: Garchomp\n|move|p1a: Garchomp|Dragon Claw|p2a: Foo Fighter\n|-damage|p2a: Foo Fighter|0 fnt\n|faint|p2a: Foo Fighter\n|\n|win|HospitalityCheck\n|raw|HospitalityCheck's rating: 1099 &rarr; <strong>1117</strong><br />(+18 for winning)\n|raw|Vhplays's rating: 1000 &rarr; <strong>1000</strong><br />(+0 for losing)\n|l|☆HospitalityCheck\n|player|p1|\n","uploadtime":1788310019,"views":"2","formatid":"gen9championsvgc2026regmb","rating":1000,"private":0,"password":null}