{"id":"gen9championsvgc2026regmb-2674917715","format":"[Gen 9 Champions] VGC 2026 Reg M-B","players":["Thornlace48812","k.con132"],"log":"|j|☆Thornlace48812\n|j|☆k.con132\n|t:|1788435646\n|gametype|doubles\n|player|p1|Thornlace48812|102|1109\n|player|p2|k.con132|265|1031\n|gen|9\n|tier|[Gen 9 Champions] VGC 2026 Reg M-B\n|rated|\n|rule|Species Clause: Limit one of each Pokémon\n|rule|Item Clause: Limit 1 of each item\n|clearpoke\n|poke|p1|Garchomp, L50, F|\n|poke|p1|Charizard, L50, M|\n|poke|p1|Whimsicott, L50, F|\n|poke|p1|Sylveon, L50, F|\n|poke|p1|Kingambit, L50, M|\n|poke|p1|Basculegion, L50, M|\n|poke|p2|Pyroar, L50, F|\n|poke|p2|Torkoal, L50, F|\n|poke|p2|Farigiraf, L50, M|\n|poke|p2|Incineroar, L50, M|\n|poke|p2|Sableye, L50, M|\n|poke|p2|Meowscarada, L50, F|\n|teampreview|4\n|inactive|Battle timer is ON: inactive players will automatically lose when time's up. (requested by Thornlace48812)\nThornlace48812 rejected open team sheets.\n|\n|t:|1788435661\n|teamsize|p1|4\n|teamsize|p2|4\n|start\n|switch|p1a: Charizard|Charizard, L50, M|100/100\n|switch|p1b: Garchomp|Garchomp, L50, F|100/100\n|switch|p2a: Meowscarada|Meowscarada, L50, F|100/100\n|switch|p2b: Incineroar|Incineroar, L50, M|100/100\n|-ability|p2b: Incineroar|Intimidate|boost\n|-unboost|p1a: Charizard|atk|1\n|-unboost|p1b: Garchomp|atk|1\n|turn|1\n|\n|t:|1788435668\n|move|p1a: Charizard|Protect|p1a: Charizard\n|-singleturn|p1a: Charizard|Protect\n|move|p2b: Incineroar|Fake Out|p1a: Charizard\n|-activate|p1a: Charizard|move: Protect\n|move|p2a: Meowscarada|Triple Axel|p1b: Garchomp\n|-start|p2a: Meowscarada|typechange|Ice|[from] ability: Protean\n|-supereffective|p1b: Garchomp|2\n|-damage|p1b: Garchomp|61/100\n|-damage|p2a: Meowscarada|87/100|[from] ability: Rough Skin|[of] p1b: Garchomp\n|-supereffective|p1b: Garchomp|2\n|-damage|p1b: Garchomp|0 fnt\n|-damage|p2a: Meowscarada|75/100|[from] ability: Rough Skin|[of] p1b: Garchomp\n|faint|p1b: Garchomp\n|-hitcount|p1: Garchomp|2\n|\n|upkeep\n|\n|t:|1788435669\n|switch|p1b: Sylveon|Sylveon, L50, F|100/100\n|turn|2\n|inactive|k.con132 has 30 seconds left.\n|\n|t:|1788435699\n|switch|p2a: Torkoal|Torkoal, L50, F|100/100\n|-weather|SunnyDay|[from] ability: Drought|[of] p2a: Torkoal\n|detailschange|p1a: Charizard|Charizard-Mega-Y, L50, M\n|-mega|p1a: Charizard|Charizard|Charizardite Y\n|move|p1a: Charizard|Heat Wave|p2b: Incineroar|[spread] p2a\n|-miss|p1a: Charizard|p2b: Incineroar\n|-resisted|p2a: Torkoal|1\n|-damage|p2a: Torkoal|58/100\n|move|p1b: Sylveon|Hyper Voice|p2b: Incineroar|[spread] p2a,p2b\n|-resisted|p2a: Torkoal|1\n|-damage|p2a: Torkoal|24/100\n|-damage|p2b: Incineroar|50/100g\n|move|p2b: Incineroar|Parting Shot|p1b: Sylveon\n|-unboost|p1b: Sylveon|atk|1\n|-unboost|p1b: Sylveon|spa|1\n|\n|t:|1788435715\n|switch|p2b: Pyroar|Pyroar, L50, F|100/100|[from] Parting Shot\n|\n|-weather|SunnyDay|[upkeep]\n|upkeep\n|turn|3\n|\n|t:|1788435725\n|detailschange|p2b: Pyroar|Pyroar-Mega, L50, F\n|-mega|p2b: Pyroar|Pyroar|Pyroarite\n|move|p2a: Torkoal|Helping Hand|p2b: Pyroar\n|-singleturn|p2b: Pyroar|Helping Hand|[of] p2a: Torkoal\n|move|p2b: Pyroar|Overheat|p1a: Charizard|[miss]\n|-miss|p2b: Pyroar|p1a: Charizard\n|move|p1a: Charizard|Heat Wave|p2a: Torkoal|[spread] p2a,p2b\n|-resisted|p2a: Torkoal|1\n|-resisted|p2b: Pyroar|1\n|-damage|p2a: Torkoal|0 fnt\n|-damage|p2b: Pyroar|54/100\n|faint|p2a: Torkoal\n|move|p1b: Sylveon|Hyper Voice|p2b: Pyroar\n|-resisted|p2b: Pyroar|1\n|-damage|p2b: Pyroar|27/100\n|\n|-weather|SunnyDay|[upkeep]\n|upkeep\n|\n|t:|1788435738\n|switch|p2a: Incineroar|Incineroar, L50, M|50/100g\n|-ability|p2a: Incineroar|Intimidate|boost\n|-unboost|p1a: Charizard|atk|1\n|-unboost|p1b: Sylveon|atk|1\n|turn|4\n|\n|t:|1788435747\n|move|p1a: Charizard|Protect|p1a: Charizard\n|-singleturn|p1a: Charizard|Protect\n|move|p2a: Incineroar|Fake Out|p1b: Sylveon\n|-damage|p1b: Sylveon|81/100\n|move|p2b: Pyroar|Overheat|p1a: Charizard\n|-activate|p1a: Charizard|move: Protect\n|cant|p1b: Sylveon|flinch\n|\n|-weather|SunnyDay|[upkeep]\n|upkeep\n|turn|5\n|\n|t:|1788435768\n|move|p2b: Pyroar|Overheat|p1a: Charizard\n|-resisted|p1a: Charizard|1\n|-damage|p1a: Charizard|8/100\n|-unboost|p2b: Pyroar|spa|2\n|move|p1a: Charizard|Heat Wave|p2b: Pyroar|[spread] p2a,p2b\n|-resisted|p2a: Incineroar|1\n|-crit|p2a: Incineroar\n|-resisted|p2b: Pyroar|1\n|-damage|p2a: Incineroar|4/100\n|-damage|p2b: Pyroar|0 fnt\n|faint|p2b: Pyroar\n|move|p1b: Sylveon|Hyper Voice|p2a: Incineroar\n|-damage|p2a: Incineroar|0 fnt\n|faint|p2a: Incineroar\n|\n|-weather|SunnyDay|[upkeep]\n|upkeep\n|\n|t:|1788435780\n|switch|p2b: Meowscarada|Meowscarada, L50, F|75/100\n|turn|6\n|\n|t:|1788435787\n|move|p1a: Charizard|Protect|p1a: Charizard\n|-singleturn|p1a: Charizard|Protect\n|move|p1b: Sylveon|Quick Attack|p2b: Meowscarada\n|-supereffective|p2b: Meowscarada|1\n|-damage|p2b: Meowscarada|54/100\n|move|p2b: Meowscarada|Flower Trick|p1a: Charizard\n|-start|p2b: Meowscarada|typechange|Grass|[from] ability: Protean\n|-activate|p1a: Charizard|move: Protect\n|\n|-weather|SunnyDay|[upkeep]\n|upkeep\n|turn|7\n|\n|t:|1788435789\n|move|p2b: Meowscarada|Flower Trick|p1a: Charizard\n|-resisted|p1a: Charizard|2\n|-crit|p1a: Charizard\n|-damage|p1a: Charizard|0 fnt\n|faint|p1a: Charizard\n|move|p1b: Sylveon|Hyper Beam|p2b: Meowscarada\n|-damage|p2b: Meowscarada|0 fnt\n|-mustrecharge|p1b: Sylveon\n|faint|p2b: Meowscarada\n|\n|win|Thornlace48812\n|raw|Thornlace48812's rating: 1098 &rarr; <strong>1118</strong><br />(+20 for winning)\n|raw|k.con132's rating: 1031 &rarr; <strong>1019</strong><br />(-12 for losing)\n","uploadtime":1788435789,"views":"0","formatid":"gen9championsvgc2026regmb","rating":1019,"private":0,"password":null}