{"id":"gen9championsvgc2026regmb-2674811368","format":"[Gen 9 Champions] VGC 2026 Reg M-B","players":["Senpac","BlindWizard"],"log":"|j|☆Senpac\n|j|☆BlindWizard\n|html|<table width=\"100%\"><tr><td align=\"left\">Senpac</td><td align=\"right\">BlindWizard</tr><tr><td align=\"left\"><i class=\"fa fa-circle-o\"></i> <i class=\"fa fa-circle-o\"></i> </td><td align=\"right\"><i class=\"fa fa-circle-o\"></i> <i class=\"fa fa-circle-o\"></i> </tr></table>\n|uhtml|bestof|<h2><strong>Game 1</strong> of <a href=\"/game-bestof3-gen9championsvgc2026regmb-2674811367\">a best-of-3</a></h2>\n|t:|1788411568\n|gametype|doubles\n|player|p1|Senpac|steven|\n|player|p2|BlindWizard|265|\n|gen|9\n|tier|[Gen 9 Champions] VGC 2026 Reg M-B\n|rule|Species Clause: Limit one of each Pokémon\n|rule|Item Clause: Limit 1 of each item\n|raw|<div class=\"infobox\"><details class=\"readmore\" open><summary><strong>1 custom rule:</strong></summary> Best of = 3</details></div>\n|clearpoke\n|poke|p1|Blastoise, L50, M|\n|poke|p1|Sneasler, L50, F|\n|poke|p1|Farigiraf, L50, M|\n|poke|p1|Vivillon-Polar, L50, F|\n|poke|p1|Araquanid, L50, F, shiny|\n|poke|p1|Houndoom, L50, M|\n|poke|p2|Zoroark-Hisui, L50, M|\n|poke|p2|Lopunny, L50, F|\n|poke|p2|Appletun, L50, F|\n|poke|p2|Rotom-Frost, L50|\n|poke|p2|Sylveon, L50, M|\n|poke|p2|Aegislash, L50, F|\n|teampreview|4\nSenpac rejected open team sheets.\n|j| HeroOfHydrangea\n|j| hyper crasher\n|c| HeroOfHydrangea|glhf\n|j| UndeadParadox\n|j| JabibiTheAxolotl\n|j| egg in me\n|c|☆BlindWizard|The goons pulled up to watch best friends play\n|c|☆Senpac|<3\n|c|☆Senpac|glhf bro\n|c| egg in me|gooning\n|c| egg in me|sorry\n|c|☆Senpac|im scared\n|c|☆Senpac|of both what u just said and wiz\n|c|☆BlindWizard|Don't apologies; speak your piece\n|c|☆BlindWizard|I can't type lmao\n|c| egg in me|lmfao\n|\n|t:|1788412111\n|teamsize|p1|4\n|teamsize|p2|4\n|start\n|switch|p1a: EZSneaslyBeautiful|Sneasler, L50, F|100/100\n|switch|p1b: WhatDaDoomDoin'|Houndoom, L50, M|100/100\n|switch|p2a: Eli|Appletun, L50, F|100/100\n|switch|p2b: Rino|Rotom-Frost, L50|100/100\n|-ability|p1b: WhatDaDoomDoin'|Unnerve\n|turn|1\n|c|☆BlindWizard|It's two friends playing a meta currently\n|c|☆Senpac|rino and Eli best friends\n|c|☆BlindWizard|Rino and Eli have created vgc\n|c| egg in me|what IS da doom doin?\n|c|☆Senpac|everything\n|j| samworldwide\n|\n|t:|1788412289\n|move|p2b: Rino|Protect|p2b: Rino\n|-singleturn|p2b: Rino|Protect\n|move|p2a: Eli|Protect|p2a: Eli\n|-singleturn|p2a: Eli|Protect\n|move|p1a: EZSneaslyBeautiful|Dire Claw|p2a: Eli\n|-activate|p2a: Eli|move: Protect\n|move|p1b: WhatDaDoomDoin'|Heat Wave|p2a: Eli|[spread] \n|-activate|p2a: Eli|move: Protect\n|-activate|p2b: Rino|move: Protect\n|\n|upkeep\n|turn|2\n|\n|t:|1788412443\n|move|p1a: EZSneaslyBeautiful|Dire Claw|p2a: Eli\n|-supereffective|p2a: Eli|1\n|-damage|p2a: Eli|16/100\n|-status|p2a: Eli|psn|[from] ability: Poison Touch|[of] p1a: EZSneaslyBeautiful\n|move|p1b: WhatDaDoomDoin'|Heat Wave|p2b: Rino|[spread] p2a,p2b\n|-supereffective|p2b: Rino|1\n|-damage|p2a: Eli|3/100 psn\n|-damage|p2b: Rino|23/100\n|move|p2b: Rino|Light Screen|p2b: Rino\n|-sidestart|p2: BlindWizard|move: Light Screen\n|move|p2a: Eli|Amnesia|p2a: Eli\n|-boost|p2a: Eli|spd|2\n|\n|-heal|p2a: Eli|9/100 psn|[from] item: Leftovers\n|-damage|p2a: Eli|0 fnt|[from] psn\n|faint|p2a: Eli\n|upkeep\n|\n|t:|1788412527\n|switch|p2a: Lezhan|Lopunny, L50, F|100/100\n|turn|3\n|\n|t:|1788412698\n|detailschange|p2a: Lezhan|Lopunny-Mega, L50, F\n|-mega|p2a: Lezhan|Lopunny|Lopunnite\n|move|p2a: Lezhan|Fake Out|p1a: EZSneaslyBeautiful\n|-damage|p1a: EZSneaslyBeautiful|65/100\n|cant|p1a: EZSneaslyBeautiful|flinch\n|move|p1b: WhatDaDoomDoin'|Heat Wave|p2a: Lezhan|[spread] p2a,p2b\n|-supereffective|p2b: Rino|1\n|-damage|p2a: Lezhan|71/100\n|-damage|p2b: Rino|0 fnt\n|faint|p2b: Rino\n|\n|upkeep\n|\n|t:|1788412713\n|switch|p2b: Kyle|Aegislash, L50, F|100/100\n|turn|4\n|\n|t:|1788412813\n|switch|p1a: Geoffrey|Farigiraf, L50, M|100/100\n|move|p1b: WhatDaDoomDoin'|Protect|p1b: WhatDaDoomDoin'\n|-singleturn|p1b: WhatDaDoomDoin'|Protect\n|move|p2a: Lezhan|Close Combat|p1b: WhatDaDoomDoin'\n|-activate|p1b: WhatDaDoomDoin'|move: Protect\n|-formechange|p2b: Kyle|Aegislash-Blade|\n|move|p2b: Kyle|Poltergeist|p1b: WhatDaDoomDoin'\n|-activate|p1b: WhatDaDoomDoin'|move: Protect\n|\n|upkeep\n|turn|5\n|l| hyper crasher\n|\n|t:|1788412914\n|move|p2a: Lezhan|Close Combat|p1b: WhatDaDoomDoin'\n|-supereffective|p1b: WhatDaDoomDoin'|1\n|-enditem|p1b: WhatDaDoomDoin'|Focus Sash\n|-damage|p1b: WhatDaDoomDoin'|1/100\n|-unboost|p2a: Lezhan|def|1\n|-unboost|p2a: Lezhan|spd|1\n|move|p1b: WhatDaDoomDoin'|Dark Pulse|p2b: Kyle\n|-supereffective|p2b: Kyle|1\n|-damage|p2b: Kyle|18/100\n|move|p2b: Kyle|Poltergeist|p1a: Geoffrey\n|-immune|p1a: Geoffrey\n|move|p1a: Geoffrey|Psychic|p2a: Lezhan\n|-supereffective|p2a: Lezhan|1\n|-damage|p2a: Lezhan|0 fnt\n|faint|p2a: Lezhan\n|\n|upkeep\n|turn|6\n|\n|t:|1788412948\n|move|p1b: WhatDaDoomDoin'|Dark Pulse|p2b: Kyle\n|-supereffective|p2b: Kyle|1\n|-damage|p2b: Kyle|0 fnt\n|faint|p2b: Kyle\n|\n|win|Senpac\n","uploadtime":1788412954,"views":"19","formatid":"gen9championsvgc2026regmb","rating":null,"private":0,"password":null}