{"id":"gen9championsvgc2026regmbbo3-2673438349","format":"[Gen 9 Champions] VGC 2026 Reg M-B (Bo3)","players":["its just mat","garrisoniams69"],"log":"|j|☆its just mat\n|j|☆garrisoniams69\n|html|<table width=\"100%\"><tr><td align=\"left\">its just mat</td><td align=\"right\">garrisoniams69</tr><tr><td align=\"left\"><i class=\"fa fa-circle-o\"></i> <i class=\"fa fa-circle-o\"></i> </td><td align=\"right\"><i class=\"fa fa-circle-o\"></i> <i class=\"fa fa-circle-o\"></i> </tr></table>\n|uhtml|bestof|<h2><strong>Game 1</strong> of <a href=\"/game-bestof3-gen9championsvgc2026regmbbo3-2673438348\">a best-of-3</a></h2>\n|t:|1788197821\n|gametype|doubles\n|player|p1|its just mat|unknown|1131\n|player|p2|garrisoniams69|1|1151\n|gen|9\n|tier|[Gen 9 Champions] VGC 2026 Reg M-B (Bo3)\n|rated|\n|rule|Species Clause: Limit one of each Pokémon\n|rule|Item Clause: Limit 1 of each item\n|clearpoke\n|poke|p1|Charizard, L50, F, shiny|\n|poke|p1|Floette-Eternal, L50, F|\n|poke|p1|Kingambit, L50, F, shiny|\n|poke|p1|Basculegion, L50, M, shiny|\n|poke|p1|Garchomp, L50, M|\n|poke|p1|Whimsicott, L50, M, shiny|\n|poke|p2|Charizard, L50, F|\n|poke|p2|Toxapex, L50, F|\n|poke|p2|Sylveon, L50, F|\n|poke|p2|Incineroar, L50, F|\n|poke|p2|Garchomp, L50, F|\n|poke|p2|Venusaur, L50, F|\n|teampreview|4\n|showteam|p1|Charizard||CharizarditeY|Blaze|HeatWave,WeatherBall,AncientPower,Protect|Timid||F|||50|]Floette-Eternal||Floettite|FlowerVeil|Moonblast,DazzlingGleam,LightofRuin,Protect|Modest||F|||50|]Kingambit||OccaBerry|Defiant|KowtowCleave,SuckerPunch,IronHead,LowKick|Adamant||F|||50|]Basculegion||LifeOrb|Adaptability|WaveCrash,LastRespects,AquaJet,Protect|Adamant||M|||50|]Garchomp||SitrusBerry|RoughSkin|Earthquake,DragonClaw,RockSlide,Protect|Jolly||M|||50|]Whimsicott||FocusSash|Prankster|Moonblast,Tailwind,Encore,Protect|Timid||M|||50|\n|showteam|p2|Charizard||CharizarditeY|Blaze|Protect,HeatWave,SolarBeam,WeatherBall|Timid||F|||50|]Toxapex||Leftovers|Regenerator|BanefulBunker,Infestation,Toxic,WideGuard|Relaxed||F|||50|]Sylveon||FairyFeather|Pixilate|Detect,HyperVoice,QuickAttack,Yawn|Quiet||F|||50|]Incineroar||SitrusBerry|Intimidate|FakeOut,PartingShot,FlareBlitz,Protect|Impish||F|||50|]Garchomp||ChoiceScarf|RoughSkin|StompingTantrum,Earthquake,DragonClaw,RockSlide|Adamant||F|||50|]Venusaur||FocusSash|Chlorophyll|Protect,SludgeBomb,EarthPower,SleepPowder|Modest||F|||50|\n|inactive|Battle timer is ON: inactive players will automatically lose when time's up. (requested by garrisoniams69)\n|inactive|its just mat has 60 seconds left.\n|inactive|garrisoniams69 has 60 seconds left.\n|\n|t:|1788197876\n|teamsize|p1|4\n|teamsize|p2|4\n|start\n|switch|p1a: Charizard|Charizard, L50, F, shiny|100/100\n|switch|p1b: Whimsicott|Whimsicott, L50, M, shiny|100/100\n|switch|p2a: Charizard|Charizard, L50, F|100/100\n|switch|p2b: Garchomp|Garchomp, L50, F|100/100\n|turn|1\n|inactive|garrisoniams69 has 30 seconds left.\n|inactive|its just mat has 30 seconds left.\n|\n|t:|1788197910\n|detailschange|p2a: Charizard|Charizard-Mega-Y, L50, F\n|-mega|p2a: Charizard|Charizard|Charizardite Y\n|-weather|SunnyDay|[from] ability: Drought|[of] p2a: Charizard\n|move|p2a: Charizard|Protect|p2a: Charizard\n|-singleturn|p2a: Charizard|Protect\n|move|p1a: Charizard|Protect|p1a: Charizard\n|-singleturn|p1a: Charizard|Protect\n|move|p1b: Whimsicott|Tailwind|p1b: Whimsicott\n|-sidestart|p1: its just mat|move: Tailwind\n|move|p2b: Garchomp|Rock Slide|p1a: Charizard|[spread] p1b\n|-activate|p1a: Charizard|move: Protect\n|-damage|p1b: Whimsicott|70/100\n|\n|-weather|SunnyDay|[upkeep]\n|upkeep\n|turn|2\n|inactive|its just mat has 30 seconds left.\n|inactive|garrisoniams69 has 30 seconds left.\n|\n|t:|1788197944\n|switch|p1a: Garchomp|Garchomp, L50, M|100/100\n|switch|p2a: Toxapex|Toxapex, L50, F|100/100\n|move|p1b: Whimsicott|Encore||[still]\n|-fail|p1b: Whimsicott\n|move|p2b: Garchomp|Rock Slide|p1a: Garchomp|[spread] p1a,p1b\n|-resisted|p1a: Garchomp|1\n|-damage|p1a: Garchomp|88/100\n|-damage|p1b: Whimsicott|41/100\n|\n|-weather|SunnyDay|[upkeep]\n|upkeep\n|turn|3\n|inactive|its just mat has 30 seconds left.\n|\n|t:|1788197976\n|move|p2a: Toxapex|Wide Guard|p2a: Toxapex\n|-singleturn|p2a: Toxapex|Wide Guard\n|move|p1b: Whimsicott|Moonblast|p2b: Garchomp\n|-supereffective|p2b: Garchomp|1\n|-damage|p2b: Garchomp|25/100\n|move|p1a: Garchomp|Dragon Claw|p2b: Garchomp\n|-supereffective|p2b: Garchomp|1\n|-damage|p2b: Garchomp|0 fnt\n|-damage|p1a: Garchomp|75/100|[from] ability: Rough Skin|[of] p2b: Garchomp\n|faint|p2b: Garchomp\n|\n|-weather|SunnyDay|[upkeep]\n|upkeep\n|\n|t:|1788197994\n|switch|p2b: Venusaur|Venusaur, L50, F|100/100\n|turn|4\n|\n|t:|1788198016\n|move|p1b: Whimsicott|Protect|p1b: Whimsicott\n|-singleturn|p1b: Whimsicott|Protect\n|move|p1a: Garchomp|Protect|p1a: Garchomp\n|-singleturn|p1a: Garchomp|Protect\n|move|p2b: Venusaur|Sludge Bomb|p1b: Whimsicott\n|-activate|p1b: Whimsicott|move: Protect\n|move|p2a: Toxapex|Toxic|p1a: Garchomp\n|-activate|p1a: Garchomp|move: Protect\n|\n|-weather|SunnyDay|[upkeep]\n|-sideend|p1: its just mat|move: Tailwind\n|upkeep\n|turn|5\n|\n|t:|1788198040\n|move|p1b: Whimsicott|Tailwind|p1b: Whimsicott\n|-sidestart|p1: its just mat|move: Tailwind\n|move|p1a: Garchomp|Rock Slide|p2b: Venusaur|[spread] \n|-miss|p1a: Garchomp|p2a: Toxapex\n|-miss|p1a: Garchomp|p2b: Venusaur\n|move|p2b: Venusaur|Sludge Bomb|p1b: Whimsicott\n|-supereffective|p1b: Whimsicott|2\n|-damage|p1b: Whimsicott|0 fnt\n|faint|p1b: Whimsicott\n|move|p2a: Toxapex|Toxic|p1a: Garchomp\n|-status|p1a: Garchomp|tox\n|\n|-weather|none\n|-damage|p1a: Garchomp|69/100 tox|[from] psn\n|upkeep\n|\n|t:|1788198054\n|switch|p1b: Basculegion|Basculegion, L50, M, shiny|100/100\n|turn|6\n|\n|t:|1788198071\n|move|p2b: Venusaur|Protect|p2b: Venusaur\n|-singleturn|p2b: Venusaur|Protect\n|move|p1a: Garchomp|Rock Slide|p2a: Toxapex|[spread] p2a\n|-activate|p2b: Venusaur|move: Protect\n|-damage|p2a: Toxapex|88/100\n|move|p1b: Basculegion|Last Respects|p2b: Venusaur\n|-activate|p2b: Venusaur|move: Protect\n|cant|p2a: Toxapex|flinch\n|\n|-heal|p2a: Toxapex|94/100|[from] item: Leftovers\n|-damage|p1a: Garchomp|57/100 tox|[from] psn\n|upkeep\n|turn|7\n|inactive|garrisoniams69 has 30 seconds left.\n|\n|t:|1788198105\n|move|p1a: Garchomp|Dragon Claw|p2b: Venusaur\n|-damage|p2b: Venusaur|42/100\n|move|p1b: Basculegion|Last Respects|p2b: Venusaur\n|-damage|p2b: Venusaur|0 fnt\n|faint|p2b: Venusaur\n|-damage|p1b: Basculegion|90/100|[from] item: Life Orb\n|move|p2a: Toxapex|Infestation|p1a: Garchomp\n|-damage|p1a: Garchomp|54/100 tox\n|-activate|p1a: Garchomp|move: Infestation|[of] p2a: Toxapex\n|-damage|p2a: Toxapex|82/100|[from] ability: Rough Skin|[of] p1a: Garchomp\n|\n|-heal|p2a: Toxapex|87/100|[from] item: Leftovers\n|-damage|p1a: Garchomp|36/100 tox|[from] psn\n|-damage|p1a: Garchomp|23/100 tox|[from] move: Infestation|[partiallytrapped]\n|upkeep\n|-enditem|p1a: Garchomp|Sitrus Berry|[eat]\n|-heal|p1a: Garchomp|48/100 tox|[from] item: Sitrus Berry\n|\n|t:|1788198124\n|switch|p2b: Charizard|Charizard-Mega-Y, L50, F|100/100\n|-weather|SunnyDay|[from] ability: Drought|[of] p2b: Charizard\n|turn|8\n|\n|t:|1788198141\n|switch|p1b: Charizard|Charizard, L50, F, shiny|100/100\n|move|p2b: Charizard|Protect|p2b: Charizard\n|-singleturn|p2b: Charizard|Protect\n|move|p2a: Toxapex|Baneful Bunker|p2a: Toxapex\n|-singleturn|p2a: Toxapex|move: Protect\n|move|p1a: Garchomp|Earthquake|p2a: Toxapex|[spread] \n|-activate|p2a: Toxapex|move: Protect\n|-activate|p2b: Charizard|move: Protect\n|-immune|p1b: Charizard\n|\n|-weather|SunnyDay|[upkeep]\n|-heal|p2a: Toxapex|93/100|[from] item: Leftovers\n|-damage|p1a: Garchomp|24/100 tox|[from] psn\n|-damage|p1a: Garchomp|12/100 tox|[from] move: Infestation|[partiallytrapped]\n|-sideend|p1: its just mat|move: Tailwind\n|upkeep\n|turn|9\n|inactive|garrisoniams69 has 30 seconds left.\n|inactive|garrisoniams69 has 20 seconds left.\n|\n|t:|1788198180\n|detailschange|p1b: Charizard|Charizard-Mega-Y, L50, F, shiny\n|-mega|p1b: Charizard|Charizard|Charizardite Y\n|move|p1a: Garchomp|Dragon Claw|p2b: Charizard\n|-damage|p2b: Charizard|43/100\n|move|p1b: Charizard|Ancient Power|p2b: Charizard\n|-supereffective|p2b: Charizard|2\n|-damage|p2b: Charizard|0 fnt\n|faint|p2b: Charizard\n|move|p2a: Toxapex|Toxic|p1b: Charizard\n|-status|p1b: Charizard|tox\n|\n|-weather|SunnyDay|[upkeep]\n|-heal|p2a: Toxapex|99/100|[from] item: Leftovers\n|-damage|p1a: Garchomp|0 fnt|[from] psn\n|faint|p1a: Garchomp\n|-damage|p1b: Charizard|94/100 tox|[from] psn\n|upkeep\n|\n|t:|1788198189\n|switch|p1a: Basculegion|Basculegion, L50, M, shiny|90/100\n|turn|10\n|\n|t:|1788198205\n|move|p1b: Charizard|Weather Ball|p2a: Toxapex\n|-resisted|p2a: Toxapex|1\n|-damage|p2a: Toxapex|63/100\n|move|p1a: Basculegion|Last Respects|p2a: Toxapex\n|-damage|p2a: Toxapex|0 fnt\n|faint|p2a: Toxapex\n|-damage|p1a: Basculegion|80/100|[from] item: Life Orb\n|\n|win|its just mat\n||its just mat is ready for game 2.\n|inactive|garrisoniams69 has 30 seconds to confirm battle start!\n|inactive|garrisoniams69 has 20 seconds to confirm battle start!\n|inactive|garrisoniams69 has 10 seconds to confirm battle start!\n|uhtml|next|Next: <a href=\"/battle-gen9championsvgc2026regmbbo3-2673441908\"><strong>Game 2 of 3</strong></a>\n","uploadtime":1788198307,"views":"0","formatid":"gen9championsvgc2026regmbbo3","rating":null,"private":0,"password":null}