{"id":"gen9championsvgc2026regmb-2674280894","format":"[Gen 9 Champions] VGC 2026 Reg M-B","players":["Brrrraaayyy70","Newyiddyboy"],"log":"|j|☆Brrrraaayyy70\n|j|☆Newyiddyboy\n|t:|1788330610\n|gametype|doubles\n|player|p1|Brrrraaayyy70|266|1174\n|player|p2|Newyiddyboy|magmagrunt-rse|1214\n|gen|9\n|tier|[Gen 9 Champions] VGC 2026 Reg M-B\n|rated|\n|rule|Species Clause: Limit one of each Pokémon\n|rule|Item Clause: Limit 1 of each item\n|clearpoke\n|poke|p1|Swampert, L50, M|\n|poke|p1|Pelipper, L50, F|\n|poke|p1|Dragonite, L50, F|\n|poke|p1|Sneasler, L50, F|\n|poke|p1|Raichu, L50, M|\n|poke|p1|Sylveon, L50, F, shiny|\n|poke|p2|Incineroar, L50, M|\n|poke|p2|Sinistcha, L50|\n|poke|p2|Pelipper, L50, M|\n|poke|p2|Kingambit, L50, M|\n|poke|p2|Swampert, L50, F|\n|poke|p2|Dragonite, L50, M|\n|teampreview|4\n|inactive|Battle timer is ON: inactive players will automatically lose when time's up. (requested by Brrrraaayyy70)\n|inactive|Brrrraaayyy70 has 60 seconds left.\n|inactive|Newyiddyboy has 60 seconds left.\n|inactive|Newyiddyboy has 30 seconds left.\n|inactive|Newyiddyboy has 20 seconds left.\n|inactive|Newyiddyboy has 15 seconds left.\n|inactive|Newyiddyboy has 10 seconds left.\n|\n|t:|1788330696\n|teamsize|p1|4\n|teamsize|p2|4\n|start\n|switch|p1a: Sneasler|Sneasler, L50, F|100/100\n|switch|p1b: Sylveon|Sylveon, L50, F, shiny|100/100\n|switch|p2a: Incineroar|Incineroar, L50, M|100/100\n|switch|p2b: Pelipper|Pelipper, L50, M|100/100\n|-weather|RainDance|[from] ability: Drizzle|[of] p2b: Pelipper\n|-ability|p2a: Incineroar|Intimidate|boost\n|-unboost|p1a: Sneasler|atk|1\n|-unboost|p1b: Sylveon|atk|1\n|-enditem|p1a: Sneasler|White Herb\n|-clearnegativeboost|p1a: Sneasler|[silent]\n|turn|1\n|inactive|Newyiddyboy has 30 seconds left.\n|\n|t:|1788330723\n|move|p1a: Sneasler|Fake Out|p2a: Incineroar\n|-damage|p2a: Incineroar|86/100\n|cant|p2a: Incineroar|flinch\n|move|p1b: Sylveon|Hyper Voice|p2b: Pelipper|[spread] p2a,p2b\n|-damage|p2a: Incineroar|47/100\n|-damage|p2b: Pelipper|26/100\n|-enditem|p2b: Pelipper|Sitrus Berry|[eat]\n|-heal|p2b: Pelipper|50/100g|[from] item: Sitrus Berry\n|move|p2b: Pelipper|Hurricane|p1a: Sneasler\n|-supereffective|p1a: Sneasler|1\n|-damage|p1a: Sneasler|0 fnt\n|faint|p1a: Sneasler\n|\n|-weather|RainDance|[upkeep]\n|upkeep\n|\n|t:|1788330735\n|switch|p1a: Swampert|Swampert, L50, M|100/100\n|turn|2\n|inactive|Newyiddyboy has 30 seconds left.\n|inactive|Newyiddyboy has 20 seconds left.\n|inactive|Newyiddyboy has 15 seconds left.\n|\n|t:|1788330778\n|move|p1a: Swampert|Protect|p1a: Swampert\n|-singleturn|p1a: Swampert|Protect\n|move|p1b: Sylveon|Hyper Voice|p2b: Pelipper|[spread] p2a,p2b\n|-damage|p2a: Incineroar|10/100\n|-damage|p2b: Pelipper|0 fnt\n|faint|p2b: Pelipper\n|move|p2a: Incineroar|Parting Shot|p1b: Sylveon\n|-unboost|p1b: Sylveon|atk|1\n|-unboost|p1b: Sylveon|spa|1\n|\n|t:|1788330791\n|switch|p2a: Swampert|Swampert, L50, F|100/100|[from] Parting Shot\n|\n|-weather|RainDance|[upkeep]\n|upkeep\n|\n|t:|1788330812\n|switch|p2b: Incineroar|Incineroar, L50, M|10/100\n|-ability|p2b: Incineroar|Intimidate|boost\n|-unboost|p1a: Swampert|atk|1\n|-unboost|p1b: Sylveon|atk|1\n|turn|3\n|inactive|Newyiddyboy has 30 seconds left.\n|inactive|Newyiddyboy has 20 seconds left.\n|inactive|Newyiddyboy has 15 seconds left.\n|\n|t:|1788330852\n|switch|p1a: Pelipper|Pelipper, L50, F|100/100\n|detailschange|p2a: Swampert|Swampert-Mega, L50, F\n|-mega|p2a: Swampert|Swampert|Swampertite\n|move|p1b: Sylveon|Protect|p1b: Sylveon\n|-singleturn|p1b: Sylveon|Protect\n|move|p2b: Incineroar|Fake Out|p1a: Pelipper\n|-damage|p1a: Pelipper|86/100\n|move|p2a: Swampert|Wave Crash|p1b: Sylveon\n|-activate|p1b: Sylveon|move: Protect\n|\n|-weather|RainDance|[upkeep]\n|upkeep\n|turn|4\n|inactive|Newyiddyboy has 30 seconds left.\n|\n|t:|1788330881\n|switch|p2b: Kingambit|Kingambit, L50, M|100/100\n|move|p2a: Swampert|Wave Crash|p1b: Sylveon\n|-damage|p1b: Sylveon|0 fnt\n|faint|p1b: Sylveon\n|-damage|p2a: Swampert|69/100|[from] Recoil\n|move|p1a: Pelipper|Hurricane|p2a: Swampert\n|-damage|p2a: Swampert|23/100\n|\n|-weather|RainDance|[upkeep]\n|upkeep\n|\n|t:|1788330893\n|switch|p1b: Swampert|Swampert, L50, M|100/100\n|turn|5\n|inactive|Newyiddyboy has 30 seconds left.\n|inactive|Newyiddyboy has 20 seconds left.\n|\n|t:|1788330932\n|switch|p2a: Incineroar|Incineroar, L50, M|10/100\n|-ability|p2a: Incineroar|Intimidate|boost\n|-unboost|p1a: Pelipper|atk|1\n|-unboost|p1b: Swampert|atk|1\n|detailschange|p1b: Swampert|Swampert-Mega, L50, M\n|-mega|p1b: Swampert|Swampert|Swampertite\n|move|p1b: Swampert|High Horsepower|p2b: Kingambit\n|-supereffective|p2b: Kingambit|1\n|-damage|p2b: Kingambit|41/100\n|move|p1a: Pelipper|Hurricane|p2a: Incineroar\n|-damage|p2a: Incineroar|0 fnt\n|faint|p2a: Incineroar\n|move|p2b: Kingambit|Kowtow Cleave|p1a: Pelipper\n|-damage|p1a: Pelipper|24/100\n|-enditem|p1a: Pelipper|Sitrus Berry|[eat]\n|-heal|p1a: Pelipper|49/100|[from] item: Sitrus Berry\n|\n|-weather|none\n|upkeep\n|\n|t:|1788330951\n|switch|p2a: Swampert|Swampert-Mega, L50, F|23/100\n|turn|6\n|\n|t:|1788330971\n|move|p2b: Kingambit|Sucker Punch|p1b: Swampert\n|-damage|p1b: Swampert|64/100\n|move|p1b: Swampert|Wave Crash|p2b: Kingambit\n|-damage|p2b: Kingambit|9/100\n|-damage|p1b: Swampert|51/100|[from] Recoil\n|move|p1a: Pelipper|Hurricane|p2a: Swampert\n|-damage|p2a: Swampert|0 fnt\n|faint|p2a: Swampert\n|\n|upkeep\n|turn|7\n|\n|t:|1788330995\n|move|p2b: Kingambit|Sucker Punch|p1a: Pelipper\n|-damage|p1a: Pelipper|0 fnt\n|faint|p1a: Pelipper\n|move|p1b: Swampert|High Horsepower|p2b: Kingambit\n|-supereffective|p2b: Kingambit|1\n|-damage|p2b: Kingambit|0 fnt\n|faint|p2b: Kingambit\n|\n|win|Brrrraaayyy70\n|raw|Brrrraaayyy70's rating: 1174 &rarr; <strong>1202</strong><br />(+28 for winning)\n|raw|Newyiddyboy's rating: 1214 &rarr; <strong>1186</strong><br />(-28 for losing)\n","uploadtime":1788331001,"views":"6","formatid":"gen9championsvgc2026regmb","rating":1186,"private":0,"password":null}