{"id":"gen9championsvgc2026regmb-2674551533","format":"[Gen 9 Champions] VGC 2026 Reg M-B","players":["skibidioscar2","irmgy"],"log":"|j|☆skibidioscar2\n|j|☆irmgy\n|t:|1788373015\n|gametype|doubles\n|player|p1|skibidioscar2|hiker-gen4|1000\n|player|p2|irmgy|266|1045\n|gen|9\n|tier|[Gen 9 Champions] VGC 2026 Reg M-B\n|rated|\n|rule|Species Clause: Limit one of each Pokémon\n|rule|Item Clause: Limit 1 of each item\n|clearpoke\n|poke|p1|Chesnaught, L50, M|\n|poke|p1|Vivillon-Garden, L50, M|\n|poke|p1|Sinistcha, L50|\n|poke|p1|Kleavor, L50, M|\n|poke|p1|Clefable, L50, M|\n|poke|p1|Sableye, L50, M|\n|poke|p2|Beedrill, L50, F|\n|poke|p2|Vivillon-High Plains, L50, M|\n|poke|p2|Incineroar, L50, F|\n|poke|p2|Swampert, L50, F|\n|poke|p2|Farigiraf, L50, M|\n|poke|p2|Pelipper, L50, F|\n|teampreview|4\n|\n|t:|1788373064\n|teamsize|p1|4\n|teamsize|p2|4\n|start\n|switch|p1a: Chesnaught|Chesnaught, L50, M|100/100\n|switch|p1b: Vivillon|Vivillon-Garden, L50, M|100/100\n|switch|p2a: Incineroar|Incineroar, L50, F|100/100\n|switch|p2b: Vivillon|Vivillon-High Plains, L50, M|100/100\n|-ability|p2a: Incineroar|Intimidate|boost\n|-unboost|p1a: Chesnaught|atk|1\n|-unboost|p1b: Vivillon|atk|1\n|turn|1\n|\n|t:|1788373092\n|move|p2b: Vivillon|Tailwind|p2b: Vivillon\n|-sidestart|p2: irmgy|move: Tailwind\n|move|p2a: Incineroar|Flare Blitz|p1b: Vivillon\n|-supereffective|p1b: Vivillon|1\n|-damage|p1b: Vivillon|0 fnt\n|faint|p1b: Vivillon\n|-damage|p2a: Incineroar|74/100|[from] Recoil\n|move|p1a: Chesnaught|Belly Drum|p1a: Chesnaught\n|-damage|p1a: Chesnaught|50/100g\n|-setboost|p1a: Chesnaught|atk|6|[from] move: Belly Drum\n|\n|upkeep\n|\n|t:|1788373103\n|switch|p1b: Sinistcha|Sinistcha, L50|100/100\n|-heal|p1a: Chesnaught|74/100|[from] ability: Hospitality|[of] p1b: Sinistcha\n|turn|2\n|\n|t:|1788373118\n|move|p2b: Vivillon|Rage Powder|p2b: Vivillon\n|-singleturn|p2b: Vivillon|move: Rage Powder\n|move|p2a: Incineroar|Flare Blitz|p1a: Chesnaught\n|-supereffective|p1a: Chesnaught|1\n|-damage|p1a: Chesnaught|19/100\n|-enditem|p1a: Chesnaught|Sitrus Berry|[eat]\n|-heal|p1a: Chesnaught|44/100|[from] item: Sitrus Berry\n|-damage|p2a: Incineroar|56/100|[from] Recoil\n|move|p1a: Chesnaught|Drain Punch|p2a: Incineroar\n|-supereffective|p2a: Incineroar|1\n|-damage|p2a: Incineroar|0 fnt\n|-heal|p1a: Chesnaught|73/100|[from] drain|[of] p2a: Incineroar\n|faint|p2a: Incineroar\n|move|p1b: Sinistcha|Matcha Gotcha|p2b: Vivillon|[miss]\n|-miss|p1b: Sinistcha|p2b: Vivillon\n|\n|upkeep\n|\n|t:|1788373136\n|switch|p2a: Pelipper|Pelipper, L50, F|100/100\n|-weather|RainDance|[from] ability: Drizzle|[of] p2a: Pelipper\n|turn|3\n|\n|t:|1788373163\n|switch|p1b: Kleavor|Kleavor, L50, M|100/100\n|move|p1a: Chesnaught|Spiky Shield|p1a: Chesnaught\n|-singleturn|p1a: Chesnaught|move: Protect\n|move|p2b: Vivillon|Pollen Puff|p1b: Kleavor\n|-damage|p1b: Kleavor|48/100\n|move|p2a: Pelipper|Air Slash|p1a: Chesnaught\n|-activate|p1a: Chesnaught|move: Protect\n|\n|-weather|RainDance|[upkeep]\n|upkeep\n|turn|4\n|\n|t:|1788373184\n|move|p2b: Vivillon|Sleep Powder|p1a: Chesnaught\n|-immune|p1a: Chesnaught\n|move|p2a: Pelipper|Weather Ball|p1b: Kleavor\n|-supereffective|p1b: Kleavor|1\n|-damage|p1b: Kleavor|0 fnt\n|faint|p1b: Kleavor\n|-damage|p2a: Pelipper|90/100|[from] item: Life Orb\n|move|p1a: Chesnaught|Drain Punch|p2a: Pelipper\n|-resisted|p2a: Pelipper|1\n|-damage|p2a: Pelipper|31/100\n|-heal|p1a: Chesnaught|98/100|[from] drain|[of] p2a: Pelipper\n|\n|-weather|RainDance|[upkeep]\n|-sideend|p2: irmgy|move: Tailwind\n|upkeep\n|\n|t:|1788373197\n|switch|p1b: Sinistcha|Sinistcha, L50|100/100\n|-heal|p1a: Chesnaught|100/100|[from] ability: Hospitality|[of] p1b: Sinistcha\n|turn|5\n|\n|t:|1788373207\n|move|p1a: Chesnaught|Spiky Shield|p1a: Chesnaught\n|-singleturn|p1a: Chesnaught|move: Protect\n|move|p2b: Vivillon|Tailwind|p2b: Vivillon\n|-sidestart|p2: irmgy|move: Tailwind\n|move|p2a: Pelipper|Air Slash|p1a: Chesnaught\n|-activate|p1a: Chesnaught|move: Protect\n|move|p1b: Sinistcha|Shadow Ball|p2a: Pelipper\n|-damage|p2a: Pelipper|0 fnt\n|faint|p2a: Pelipper\n|\n|-weather|RainDance|[upkeep]\n|upkeep\n|\n|t:|1788373219\n|switch|p2a: Beedrill|Beedrill, L50, F|100/100\n|turn|6\n|\n|t:|1788373231\n|detailschange|p2a: Beedrill|Beedrill-Mega, L50, F\n|-mega|p2a: Beedrill|Beedrill|Beedrillite\n|move|p2b: Vivillon|Rage Powder|p2b: Vivillon\n|-singleturn|p2b: Vivillon|move: Rage Powder\n|move|p2a: Beedrill|Poison Jab|p1a: Chesnaught\n|-supereffective|p1a: Chesnaught|1\n|-crit|p1a: Chesnaught\n|-damage|p1a: Chesnaught|0 fnt\n|faint|p1a: Chesnaught\n|move|p1b: Sinistcha|Shadow Ball|p2a: Beedrill\n|-damage|p2a: Beedrill|31/100\n|\n|-weather|RainDance|[upkeep]\n|upkeep\n|turn|7\n|\n|t:|1788373250\n|move|p2a: Beedrill|Poison Jab|p1b: Sinistcha\n|-damage|p1b: Sinistcha|33/100\n|-status|p1b: Sinistcha|psn\n|move|p2b: Vivillon|Pollen Puff|p2a: Beedrill\n|-heal|p2a: Beedrill|81/100\n|move|p1b: Sinistcha|Shadow Ball|p2a: Beedrill\n|-damage|p2a: Beedrill|11/100\n|\n|-weather|none\n|-heal|p1b: Sinistcha|39/100 psn|[from] item: Leftovers\n|-damage|p1b: Sinistcha|27/100 psn|[from] psn\n|upkeep\n|turn|8\n|-message|skibidioscar2 forfeited.\n|\n|win|irmgy\n|raw|skibidioscar2's rating: 1000 &rarr; <strong>1000</strong><br />(+0 for losing)\n|raw|irmgy's rating: 1045 &rarr; <strong>1074</strong><br />(+29 for winning)\n|l|☆skibidioscar2\n|player|p1|\n","uploadtime":1788373272,"views":"1","formatid":"gen9championsvgc2026regmb","rating":1000,"private":0,"password":null}