{"id":"gen9championsvgc2026regmb-2674520189","format":"[Gen 9 Champions] VGC 2026 Reg M-B","players":["Mace0","magicalarcher57"],"log":"|j|☆Mace0\n|j|☆magicalarcher57\n|t:|1788369445\n|gametype|doubles\n|player|p1|Mace0|red-masters3|\n|player|p2|magicalarcher57|cynthia-masters|\n|gen|9\n|tier|[Gen 9 Champions] VGC 2026 Reg M-B\n|rated|Tournament battle\n|rule|Species Clause: Limit one of each Pokémon\n|rule|Item Clause: Limit 1 of each item\n|raw|<div class=\"infobox\"><details class=\"readmore\" open><summary><strong>1 custom rule:</strong></summary> Force Open Team Sheets</details></div>\n|clearpoke\n|poke|p1|Blaziken, L50, F|\n|poke|p1|Froslass, L50, F|\n|poke|p1|Kingambit, L50, M|\n|poke|p1|Basculegion, L50, M|\n|poke|p1|Whimsicott, L50, F|\n|poke|p1|Maushold, L50|\n|poke|p2|Raichu, L50, M, shiny|\n|poke|p2|Garchomp, L50, F, shiny|\n|poke|p2|Whimsicott, L50, F, shiny|\n|poke|p2|Kingambit, L50, M, shiny|\n|poke|p2|Charizard, L50, F, shiny|\n|poke|p2|Basculegion, L50, M|\n|teampreview|4\n|showteam|p1|Blaziken||Blazikenite|SpeedBoost|FlareBlitz,CloseCombat,RockSlide,Protect|Adamant||F|||50|]Froslass||Froslassite|CursedBody|Blizzard,ShadowBall,NastyPlot,Protect|Timid||F|||50|]Kingambit||BlackGlasses|Defiant|KowtowCleave,SuckerPunch,IronHead,Protect|Adamant||M|||50|]Basculegion||ChoiceScarf|Adaptability|WaveCrash,LastRespects,AquaJet,FlipTurn|Jolly||M|||50|]Whimsicott||FocusSash|Prankster|Moonblast,Encore,Tailwind,Protect|Timid||F|||50|]Maushold||ChopleBerry|FriendGuard|Feint,FollowMe,Encore,Protect|Jolly|||||50|\n|showteam|p2|Raichu||RaichuniteY|LightningRod|FakeOut,FocusBlast,ZapCannon,Protect|Timid||M|||50|]Garchomp||LifeOrb|RoughSkin|DragonClaw,RockSlide,StompingTantrum,Protect|Jolly||F|||50|]Whimsicott||FocusSash|Prankster|Moonblast,Tailwind,Protect,Encore|Timid||F|||50|]Kingambit||BlackGlasses|Defiant|SuckerPunch,KowtowCleave,IronHead,Protect|Adamant||M|||50|]Charizard||CharizarditeY|Blaze|WeatherBall,AncientPower,HeatWave,Protect|Modest||F|||50|]Basculegion||MysticWater|Adaptability|WaveCrash,LastRespects,AquaJet,Protect|Adamant||M|||50|\n|inactive|Battle timer is ON: inactive players will automatically lose when time's up. (requested by magicalarcher57)\n|c|☆Mace0|hf\n|c|☆magicalarcher57|glhf\n|inactive|Mace0 has 60 seconds left.\n|\n|t:|1788369485\n|teamsize|p1|4\n|teamsize|p2|4\n|start\n|switch|p1a: Whimsicott|Whimsicott, L50, F|100/100\n|switch|p1b: Basculegion|Basculegion, L50, M|100/100\n|switch|p2a: Whimsicott|Whimsicott, L50, F, shiny|100/100\n|switch|p2b: Charizard|Charizard, L50, F, shiny|100/100\n|turn|1\n|\n|t:|1788369509\n|switch|p2b: Kingambit|Kingambit, L50, M, shiny|100/100\n|move|p1a: Whimsicott|Tailwind|p1a: Whimsicott\n|-sidestart|p1: Mace0|move: Tailwind\n|move|p2a: Whimsicott|Tailwind|p2a: Whimsicott\n|-sidestart|p2: magicalarcher57|move: Tailwind\n|move|p1b: Basculegion|Wave Crash|p2b: Kingambit\n|-damage|p2b: Kingambit|43/100\n|-damage|p1b: Basculegion|81/100|[from] Recoil\n|\n|upkeep\n|turn|2\n|inactive|magicalarcher57 has 30 seconds left.\n|\n|t:|1788369544\n|switch|p1b: Kingambit|Kingambit, L50, M|100/100\n|move|p1a: Whimsicott|Encore|p2a: Whimsicott\n|-start|p2a: Whimsicott|Encore\n|move|p2a: Whimsicott|Tailwind||[still]\n|-fail|p2a: Whimsicott\n|move|p2b: Kingambit|Sucker Punch||[still]\n|-fail|p2b: Kingambit\n|\n|upkeep\n|turn|3\n|\n|t:|1788369558\n|switch|p2a: Garchomp|Garchomp, L50, F, shiny|100/100\n|move|p2b: Kingambit|Sucker Punch|p1a: Whimsicott\n|-resisted|p1a: Whimsicott|1\n|-damage|p1a: Whimsicott|63/100\n|move|p1a: Whimsicott|Moonblast|p2a: Garchomp\n|-supereffective|p2a: Garchomp|1\n|-damage|p2a: Garchomp|24/100\n|move|p1b: Kingambit|Kowtow Cleave|p2a: Garchomp\n|-damage|p2a: Garchomp|0 fnt\n|-damage|p1b: Kingambit|87/100|[from] ability: Rough Skin|[of] p2a: Garchomp\n|faint|p2a: Garchomp\n|\n|upkeep\n|j| Menthol Cigarette\n|\n|t:|1788369581\n|switch|p2a: Charizard|Charizard, L50, F, shiny|100/100\n|turn|4\n|\n|t:|1788369589\n|switch|p2b: Whimsicott|Whimsicott, L50, F, shiny|100/100\n|detailschange|p2a: Charizard|Charizard-Mega-Y, L50, F, shiny\n|-mega|p2a: Charizard|Charizard|Charizardite Y\n|-weather|SunnyDay|[from] ability: Drought|[of] p2a: Charizard\n|move|p1a: Whimsicott|Protect|p1a: Whimsicott\n|-singleturn|p1a: Whimsicott|Protect\n|move|p1b: Kingambit|Sucker Punch|p2a: Charizard\n|-damage|p2a: Charizard|28/100\n|move|p2a: Charizard|Heat Wave|p1b: Kingambit|[spread] p1b\n|-activate|p1a: Whimsicott|move: Protect\n|-supereffective|p1b: Kingambit|1\n|-damage|p1b: Kingambit|0 fnt\n|faint|p1b: Kingambit\n|\n|-weather|SunnyDay|[upkeep]\n|-sideend|p1: Mace0|move: Tailwind\n|-sideend|p2: magicalarcher57|move: Tailwind\n|upkeep\n|\n|t:|1788369599\n|switch|p1b: Blaziken|Blaziken, L50, F|100/100\n|turn|5\n|inactive|magicalarcher57 has 30 seconds left.\n|\n|t:|1788369634\n|detailschange|p1b: Blaziken|Blaziken-Mega, L50, F\n|-mega|p1b: Blaziken|Blaziken|Blazikenite\n|move|p1a: Whimsicott|Tailwind|p1a: Whimsicott\n|-sidestart|p1: Mace0|move: Tailwind\n|move|p2b: Whimsicott|Tailwind|p2b: Whimsicott\n|-sidestart|p2: magicalarcher57|move: Tailwind\n|move|p2a: Charizard|Heat Wave|p1b: Blaziken|[spread] p1a,p1b\n|-supereffective|p1a: Whimsicott|1\n|-resisted|p1b: Blaziken|1\n|-damage|p1a: Whimsicott|0 fnt\n|-damage|p1b: Blaziken|57/100\n|faint|p1a: Whimsicott\n|move|p1b: Blaziken|Flare Blitz|p2a: Charizard\n|-resisted|p2a: Charizard|1\n|-damage|p2a: Charizard|0 fnt\n|faint|p2a: Charizard\n|-damage|p1b: Blaziken|48/100|[from] Recoil\n|\n|-weather|SunnyDay|[upkeep]\n|-ability|p1b: Blaziken|Speed Boost|boost\n|-boost|p1b: Blaziken|spe|1\n|upkeep\n|\n|t:|1788369641\n|switch|p1a: Basculegion|Basculegion, L50, M|81/100\n|switch|p2a: Kingambit|Kingambit, L50, M, shiny|43/100\n|turn|6\n|inactive|Mace0 has 30 seconds left.\n|\n|t:|1788369668\n|move|p1a: Basculegion|Aqua Jet|p2b: Whimsicott\n|-resisted|p2b: Whimsicott|1\n|-damage|p2b: Whimsicott|90/100\n|move|p2a: Kingambit|Sucker Punch||[still]\n|-fail|p2a: Kingambit\n|move|p1b: Blaziken|Flare Blitz|p2a: Kingambit\n|-supereffective|p2a: Kingambit|1\n|-damage|p2a: Kingambit|0 fnt\n|faint|p2a: Kingambit\n|-damage|p1b: Blaziken|31/100|[from] Recoil\n|move|p2b: Whimsicott|Moonblast|p1b: Blaziken\n|-damage|p1b: Blaziken|0 fnt\n|faint|p1b: Blaziken\n|\n|-weather|SunnyDay|[upkeep]\n|upkeep\n|turn|7\n|-message|Mace0 forfeited.\n|\n|win|magicalarcher57\n|n|☆Mace0|mace0\n|n|☆magicalarcher57|magicalarcher57\n|n| Menthol Cigarette|mentholcigarette\n","uploadtime":1788369673,"views":"0","formatid":"gen9championsvgc2026regmb","rating":null,"private":0,"password":null}