{"id":"gen9championsvgc2026regmbbo3-2673725182","format":"[Gen 9 Champions] VGC 2026 Reg M-B (Bo3)","players":["aqua-shadow2","kingsrowbajax"],"log":"|j|☆aqua-shadow2\n|j|☆kingsrowbajax\n|html|<table width=\"100%\"><tr><td align=\"left\">aqua-shadow2</td><td align=\"right\">kingsrowbajax</tr><tr><td align=\"left\"><i class=\"fa fa-circle\"></i> <i class=\"fa fa-circle-o\"></i> </td><td align=\"right\"><i class=\"fa fa-circle-o\"></i> <i class=\"fa fa-circle-o\"></i> </tr></table>\n|uhtml|bestof|<h2><strong>Game 2</strong> of <a href=\"/game-bestof3-gen9championsvgc2026regmbbo3-2673724268\">a best-of-3</a></h2>\n|t:|1788241323\n|gametype|doubles\n|player|p1|aqua-shadow2|1|1157\n|player|p2|kingsrowbajax|170|1208\n|gen|9\n|tier|[Gen 9 Champions] VGC 2026 Reg M-B (Bo3)\n|rated|\n|rule|Species Clause: Limit one of each Pokémon\n|rule|Item Clause: Limit 1 of each item\n|clearpoke\n|poke|p1|Kingambit, L50, F|\n|poke|p1|Meowstic, L50, M|\n|poke|p1|Sylveon, L50, M|\n|poke|p1|Alakazam, L50, F|\n|poke|p1|Staraptor, L50, M|\n|poke|p1|Sneasler, L50, F|\n|poke|p2|Blastoise, L50, M|\n|poke|p2|Delphox, L50, F|\n|poke|p2|Sinistcha, L50|\n|poke|p2|Kingambit, L50, M|\n|poke|p2|Sneasler, L50, M|\n|poke|p2|Incineroar, L50, F|\n|teampreview|4\n|showteam|p1|Kingambit||BlackGlasses|Defiant|KowtowCleave,LowKick,IronHead,SuckerPunch|Adamant||F|||50|]Meowstic||FocusSash|Prankster|RainDance,Psychic,Charm,PsychicTerrain|Modest||M|||50|]Sylveon||FairyFeather|Pixilate|HyperBeam,HyperVoice,QuickAttack,Protect|Modest||M|||50|]Alakazam||Alakazite|InnerFocus|ExpandingForce,EnergyBall,DazzlingGleam,Protect|Timid||F|||50|]Staraptor||Staraptite|Intimidate|CloseCombat,BraveBird,Roost,Protect|Adamant||M|||50|]Sneasler||WhiteHerb|Unburden|FakeOut,DireClaw,CloseCombat,Protect|Adamant||F|||50|\n|showteam|p2|Blastoise||Blastoisinite|RainDish|WaterSpout,DarkPulse,ShellSmash,Protect|Modest||M|||50|]Delphox||Delphoxite|Blaze|HeatWave,Psychic,NastyPlot,Protect|Timid||F|||50|]Sinistcha||ColburBerry|Hospitality|MatchaGotcha,RagePowder,TrickRoom,Protect|Bold|||||50|]Kingambit||LifeOrb|Defiant|KowtowCleave,SuckerPunch,SwordsDance,Protect|Adamant||M|||50|]Sneasler||FocusSash|PoisonTouch|FakeOut,PoisonJab,CloseCombat,QuickGuard|Jolly||M|||50|]Incineroar||SitrusBerry|Intimidate|FakeOut,FlareBlitz,ThroatChop,PartingShot|Careful||F|||50|\n|\n|t:|1788241339\n|teamsize|p1|4\n|teamsize|p2|4\n|start\n|switch|p1a: Sneasler|Sneasler, L50, F|100/100\n|switch|p1b: You murderer|Kingambit, L50, F|100/100\n|switch|p2a: Sneasler|Sneasler, L50, M|100/100\n|switch|p2b: Blastoise|Blastoise, L50, M|100/100\n|turn|1\n|\n|t:|1788241369\n|detailschange|p2b: Blastoise|Blastoise-Mega, L50, M\n|-mega|p2b: Blastoise|Blastoise|Blastoisinite\n|move|p2a: Sneasler|Fake Out|p1a: Sneasler\n|-damage|p1a: Sneasler|73/100\n|cant|p1a: Sneasler|flinch\n|move|p2b: Blastoise|Shell Smash|p2b: Blastoise\n|-unboost|p2b: Blastoise|def|1\n|-unboost|p2b: Blastoise|spd|1\n|-boost|p2b: Blastoise|atk|2\n|-boost|p2b: Blastoise|spa|2\n|-boost|p2b: Blastoise|spe|2\n|move|p1b: You murderer|Kowtow Cleave|p2b: Blastoise\n|-damage|p2b: Blastoise|21/100\n|\n|upkeep\n|turn|2\n|\n|t:|1788241412\n|switch|p2a: Sinistcha|Sinistcha, L50|100/100\n|-heal|p2b: Blastoise|46/100|[from] ability: Hospitality|[of] p2a: Sinistcha\n|switch|p1a: Meowstic|Meowstic, L50, M|100/100\n|move|p2b: Blastoise|Protect|p2b: Blastoise\n|-singleturn|p2b: Blastoise|Protect\n|move|p1b: You murderer|Sucker Punch||[still]\n|-fail|p1b: You murderer\n|\n|upkeep\n|turn|3\n|\n|t:|1788241443\n|switch|p1b: Staraptor|Staraptor, L50, M|100/100\n|-ability|p1b: Staraptor|Intimidate|boost\n|-unboost|p2a: Sinistcha|atk|1\n|-unboost|p2b: Blastoise|atk|1\n|move|p2a: Sinistcha|Rage Powder|p2a: Sinistcha\n|-singleturn|p2a: Sinistcha|move: Rage Powder\n|move|p1a: Meowstic|Charm|p2a: Sinistcha\n|-unboost|p2a: Sinistcha|atk|2\n|move|p2b: Blastoise|Dark Pulse|p1a: Meowstic\n|-supereffective|p1a: Meowstic|1\n|-enditem|p1a: Meowstic|Focus Sash\n|-damage|p1a: Meowstic|1/100\n|\n|upkeep\n|turn|4\n|\n|t:|1788241459\n|switch|p2a: Incineroar|Incineroar, L50, F|100/100\n|-ability|p2a: Incineroar|Intimidate|boost\n|-unboost|p1a: Meowstic|atk|1\n|-unboost|p1b: Staraptor|atk|1\n|detailschange|p1b: Staraptor|Staraptor-Mega, L50, M\n|-mega|p1b: Staraptor|Staraptor|Staraptite\n|move|p2b: Blastoise|Protect|p2b: Blastoise\n|-singleturn|p2b: Blastoise|Protect\n|move|p1a: Meowstic|Charm|p1b: Staraptor\n|-boost|p1b: Staraptor|atk|2\n|move|p1b: Staraptor|Close Combat|p2b: Blastoise\n|-activate|p2b: Blastoise|move: Protect\n|\n|upkeep\n|turn|5\n|inactive|Battle timer is ON: inactive players will automatically lose when time's up. (requested by aqua-shadow2)\n|\n|t:|1788241491\n|switch|p1a: Sneasler|Sneasler, L50, F|73/100\n|move|p2a: Incineroar|Fake Out|p1b: Staraptor\n|-damage|p1b: Staraptor|90/100\n|move|p2b: Blastoise|Water Spout|p1a: Sneasler|[spread] p1a,p1b\n|-damage|p1a: Sneasler|0 fnt\n|-damage|p1b: Staraptor|35/100\n|faint|p1a: Sneasler\n|cant|p1b: Staraptor|flinch\n|\n|upkeep\n|\n|t:|1788241503\n|switch|p1a: You murderer|Kingambit, L50, F|100/100\n|turn|6\n|\n|t:|1788241526\n|switch|p2a: Sinistcha|Sinistcha, L50|100/100\n|-heal|p2b: Blastoise|71/100|[from] ability: Hospitality|[of] p2a: Sinistcha\n|move|p2b: Blastoise|Protect|p2b: Blastoise\n|-singleturn|p2b: Blastoise|Protect\n|move|p1a: You murderer|Sucker Punch||[still]\n|-fail|p1a: You murderer\n|move|p1b: Staraptor|Close Combat|p2a: Sinistcha\n|-immune|p2a: Sinistcha\n|\n|upkeep\n|turn|7\n|\n|t:|1788241539\n|move|p1b: Staraptor|Protect|p1b: Staraptor\n|-singleturn|p1b: Staraptor|Protect\n|move|p2a: Sinistcha|Rage Powder|p2a: Sinistcha\n|-singleturn|p2a: Sinistcha|move: Rage Powder\n|move|p2b: Blastoise|Water Spout|p1a: You murderer|[spread] p1a\n|-activate|p1b: Staraptor|move: Protect\n|-damage|p1a: You murderer|16/100\n|move|p1a: You murderer|Kowtow Cleave|p2a: Sinistcha\n|-supereffective|p2a: Sinistcha|1\n|-enditem|p2a: Sinistcha|Colbur Berry|[eat]\n|-enditem|p2a: Sinistcha|Colbur Berry|[weaken]\n|-damage|p2a: Sinistcha|49/100\n|\n|upkeep\n|turn|8\n|inactive|aqua-shadow2 has 30 seconds left.\n|\n|t:|1788241565\n|move|p2a: Sinistcha|Rage Powder|p2a: Sinistcha\n|-singleturn|p2a: Sinistcha|move: Rage Powder\n|move|p2b: Blastoise|Water Spout|p1a: You murderer|[spread] p1a,p1b\n|-damage|p1a: You murderer|0 fnt\n|-damage|p1b: Staraptor|0 fnt\n|faint|p1a: You murderer\n|faint|p1b: Staraptor\n|\n|upkeep\n|\n|t:|1788241571\n|switch|p1a: Meowstic|Meowstic, L50, M|1/100\n|turn|9\n|\n|t:|1788241576\n|move|p2a: Sinistcha|Rage Powder|p2a: Sinistcha\n|-singleturn|p2a: Sinistcha|move: Rage Powder\n|move|p2b: Blastoise|Dark Pulse|p1a: Meowstic\n|-supereffective|p1a: Meowstic|1\n|-damage|p1a: Meowstic|0 fnt\n|faint|p1a: Meowstic\n|\n|win|kingsrowbajax\n","uploadtime":1788241576,"views":"0","formatid":"gen9championsvgc2026regmbbo3","rating":null,"private":0,"password":null}