{"id":"gen9championsvgc2026regmb-2674240083","format":"[Gen 9 Champions] VGC 2026 Reg M-B","players":["Difjsjc","Dvk42"],"log":"|j|☆Difjsjc\n|j|☆Dvk42\n|t:|1788321250\n|gametype|doubles\n|player|p1|Difjsjc|clerk-boss|1151\n|player|p2|Dvk42|170|1168\n|gen|9\n|tier|[Gen 9 Champions] VGC 2026 Reg M-B\n|rated|\n|rule|Species Clause: Limit one of each Pokémon\n|rule|Item Clause: Limit 1 of each item\n|clearpoke\n|poke|p1|Toxapex, L50, F|\n|poke|p1|Overqwil, L50, F|\n|poke|p1|Scolipede, L50, F|\n|poke|p1|Sneasler, L50, F, shiny|\n|poke|p1|Venusaur, L50, M|\n|poke|p1|Slowking-Galar, L50, M|\n|poke|p2|Cofagrigus, L50, M, shiny|\n|poke|p2|Mawile, L50, F, shiny|\n|poke|p2|Scrafty, L50, M|\n|poke|p2|Dragalge, L50, F, shiny|\n|poke|p2|Farigiraf, L50, M, shiny|\n|poke|p2|Camerupt, L50, F, shiny|\n|teampreview|4\n|inactive|Battle timer is ON: inactive players will automatically lose when time's up. (requested by Dvk42)\nDvk42 has agreed to open team sheets.\nDifjsjc rejected open team sheets.\n|inactive|Dvk42 has 60 seconds left.\n|\n|t:|1788321325\n|teamsize|p1|4\n|teamsize|p2|4\n|start\n|switch|p1a: Chernobyl|Toxapex, L50, F|100/100\n|switch|p1b: Migraine|Slowking-Galar, L50, M|100/100\n|switch|p2a: Farigiraf|Farigiraf, L50, M, shiny|100/100\n|switch|p2b: Camerupt|Camerupt, L50, F, shiny|100/100\n|turn|1\n|\n|t:|1788321339\n|switch|p2b: Dragalge|Dragalge, L50, F, shiny|100/100\n|move|p2a: Farigiraf|Hyper Voice|p1a: Chernobyl|[spread] p1a,p1b\n|-damage|p1a: Chernobyl|78/100\n|-damage|p1b: Migraine|82/100\n|move|p1a: Chernobyl|Light Screen|p1a: Chernobyl\n|-sidestart|p1: Difjsjc|move: Light Screen\n|move|p1b: Migraine|Acid Spray|p2b: Dragalge\n|-resisted|p2b: Dragalge|1\n|-damage|p2b: Dragalge|92/100\n|-unboost|p2b: Dragalge|spd|2\n|\n|upkeep\n|turn|2\n|\n|t:|1788321362\n|move|p2a: Farigiraf|Hyper Voice|p1b: Migraine|[spread] p1a,p1b\n|-damage|p1a: Chernobyl|63/100\n|-damage|p1b: Migraine|71/100\n|move|p2b: Dragalge|Draco Meteor|p1b: Migraine\n|-damage|p1b: Migraine|35/100\n|-unboost|p2b: Dragalge|spa|2\n|move|p1a: Chernobyl|Toxic|p2a: Farigiraf\n|-status|p2a: Farigiraf|tox\n|move|p1b: Migraine|Psychic Noise|p2b: Dragalge\n|-supereffective|p2b: Dragalge|1\n|-damage|p2b: Dragalge|0 fnt\n|faint|p2b: Dragalge\n|\n|-damage|p2a: Farigiraf|93/100 tox|[from] psn\n|upkeep\n|\n|t:|1788321373\n|switch|p2b: Camerupt|Camerupt, L50, F, shiny|100/100\n|turn|3\n|\n|t:|1788321394\n|detailschange|p2b: Camerupt|Camerupt-Mega, L50, F, shiny\n|-mega|p2b: Camerupt|Camerupt|Cameruptite\n|move|p2a: Farigiraf|Ally Switch|p2a: Farigiraf\n|swap|p2a: Farigiraf|1|[from] move: Ally Switch\n|move|p1a: Chernobyl|Muddy Water|p2a: Camerupt|[spread] p2a,p2b\n|-supereffective|p2a: Camerupt|2\n|-damage|p2a: Camerupt|41/100\n|-damage|p2b: Farigiraf|82/100 tox\n|move|p1b: Migraine|Acid Spray|p2b: Farigiraf\n|-crit|p2b: Farigiraf\n|-damage|p2b: Farigiraf|62/100 tox\n|-unboost|p2b: Farigiraf|spd|2\n|move|p2a: Camerupt|Earth Power|p1a: Chernobyl\n|-supereffective|p1a: Chernobyl|1\n|-damage|p1a: Chernobyl|0 fnt\n|faint|p1a: Chernobyl\n|\n|-heal|p2b: Farigiraf|68/100 tox|[from] item: Leftovers\n|-damage|p2b: Farigiraf|56/100 tox|[from] psn\n|upkeep\n|\n|t:|1788321417\n|switch|p1a: Minesweeper|Overqwil, L50, F|100/100\n|-ability|p1a: Minesweeper|Intimidate|boost\n|-unboost|p2a: Camerupt|atk|1\n|-unboost|p2b: Farigiraf|atk|1\n|turn|4\n|\n|t:|1788321436\n|switch|p2b: Scrafty|Scrafty, L50, M|100/100\n|-ability|p2b: Scrafty|Intimidate|boost\n|-unboost|p1a: Minesweeper|atk|1\n|-unboost|p1b: Migraine|atk|1\n|move|p1a: Minesweeper|Crunch|p2b: Scrafty\n|-resisted|p2b: Scrafty|2\n|-damage|p2b: Scrafty|94/100\n|move|p1b: Migraine|Acid Spray|p2a: Camerupt\n|-resisted|p2a: Camerupt|1\n|-damage|p2a: Camerupt|34/100\n|-unboost|p2a: Camerupt|spd|2\n|move|p2a: Camerupt|Earth Power|p1b: Migraine\n|-supereffective|p1b: Migraine|1\n|-damage|p1b: Migraine|0 fnt\n|faint|p1b: Migraine\n|\n|upkeep\n|\n|t:|1788321441\n|switch|p1b: Asparagus|Venusaur, L50, M|100/100\n|turn|5\n|inactive|Dvk42 has 30 seconds left.\n|inactive|Dvk42 has 20 seconds left.\n|inactive|Dvk42 has 15 seconds left.\n|\n|t:|1788321483\n|switch|p2a: Farigiraf|Farigiraf, L50, M, shiny|56/100 tox\n|detailschange|p1b: Asparagus|Venusaur-Mega, L50, M\n|-mega|p1b: Asparagus|Venusaur|Venusaurite\n|move|p1a: Minesweeper|Protect|p1a: Minesweeper\n|-singleturn|p1a: Minesweeper|Protect\n|move|p1b: Asparagus|Protect|p1b: Asparagus\n|-singleturn|p1b: Asparagus|Protect\n|move|p2b: Scrafty|Fake Out|p1b: Asparagus\n|-activate|p1b: Asparagus|move: Protect\n|\n|-heal|p2a: Farigiraf|62/100 tox|[from] item: Leftovers\n|-damage|p2a: Farigiraf|56/100 tox|[from] psn\n|upkeep\n|turn|6\n|\n|t:|1788321504\n|move|p2b: Scrafty|Detect|p2b: Scrafty\n|-singleturn|p2b: Scrafty|Protect\n|move|p1a: Minesweeper|Stockpile|p1a: Minesweeper\n|-start|p1a: Minesweeper|stockpile1\n|-boost|p1a: Minesweeper|def|1\n|-boost|p1a: Minesweeper|spd|1\n|move|p1b: Asparagus|Venoshock|p2a: Farigiraf\n|-damage|p2a: Farigiraf|14/100 tox\n|move|p2a: Farigiraf|Trick Room|p2a: Farigiraf\n|-fieldstart|move: Trick Room|[of] p2a: Farigiraf\n|\n|-heal|p2a: Farigiraf|20/100y tox|[from] item: Leftovers\n|-damage|p2a: Farigiraf|8/100 tox|[from] psn\n|upkeep\n|turn|7\n|inactive|Difjsjc has 30 seconds left.\n|inactive|Dvk42 has 30 seconds left.\n|inactive|Difjsjc has 20 seconds left.\n|inactive|Dvk42 has 20 seconds left.\n|inactive|Dvk42 has 15 seconds left.\n|\n|t:|1788321545\n|move|p2b: Scrafty|Drain Punch|p1a: Minesweeper\n|-damage|p1a: Minesweeper|79/100\n|-heal|p2b: Scrafty|100/100|[from] drain|[of] p1a: Minesweeper\n|move|p2a: Farigiraf|Hyper Voice|p1a: Minesweeper|[spread] p1a,p1b\n|-damage|p1a: Minesweeper|64/100\n|-damage|p1b: Asparagus|86/100\n|move|p1b: Asparagus|Leech Seed|p2b: Scrafty\n|-start|p2b: Scrafty|move: Leech Seed\n|move|p1a: Minesweeper|Stockpile|p1a: Minesweeper\n|-start|p1a: Minesweeper|stockpile2\n|-boost|p1a: Minesweeper|def|1\n|-boost|p1a: Minesweeper|spd|1\n|\n|-heal|p2a: Farigiraf|14/100 tox|[from] item: Leftovers\n|-damage|p2b: Scrafty|87/100|[from] Leech Seed|[of] p1b: Asparagus\n|-heal|p1b: Asparagus|97/100|[silent]\n|-damage|p2a: Farigiraf|0 fnt|[from] psn\n|faint|p2a: Farigiraf\n|upkeep\n|\n|t:|1788321554\n|switch|p2a: Camerupt|Camerupt-Mega, L50, F, shiny|34/100\n|turn|8\n|\n|t:|1788321574\n|move|p2a: Camerupt|Protect|p2a: Camerupt\n|-singleturn|p2a: Camerupt|Protect\n|move|p1a: Minesweeper|Protect|p1a: Minesweeper\n|-singleturn|p1a: Minesweeper|Protect\n|move|p2b: Scrafty|Drain Punch|p1a: Minesweeper\n|-activate|p1a: Minesweeper|move: Protect\n|move|p1b: Asparagus|Giga Drain|p2a: Camerupt\n|-activate|p2a: Camerupt|move: Protect\n|\n|-damage|p2b: Scrafty|75/100|[from] Leech Seed|[of] p1b: Asparagus\n|-heal|p1b: Asparagus|100/100|[silent]\n|-sideend|p1: Difjsjc|move: Light Screen\n|upkeep\n|turn|9\n|inactive|Difjsjc has 30 seconds left.\n|\n|t:|1788321607\n|move|p2a: Camerupt|Heat Wave|p1a: Minesweeper|[spread] p1a,p1b\n|-supereffective|p1b: Asparagus|1\n|-damage|p1a: Minesweeper|26/100\n|-damage|p1b: Asparagus|50/100g\n|-enditem|p1a: Minesweeper|Sitrus Berry|[eat]\n|-heal|p1a: Minesweeper|51/100|[from] item: Sitrus Berry\n|move|p2b: Scrafty|Drain Punch|p1a: Minesweeper\n|-damage|p1a: Minesweeper|34/100\n|-heal|p2b: Scrafty|84/100|[from] drain|[of] p1a: Minesweeper\n|move|p1b: Asparagus|Giga Drain|p2a: Camerupt\n|-damage|p2a: Camerupt|3/100\n|-heal|p1b: Asparagus|64/100|[from] drain|[of] p2a: Camerupt\n|move|p1a: Minesweeper|Crunch|p2a: Camerupt\n|-damage|p2a: Camerupt|0 fnt\n|faint|p2a: Camerupt\n|\n|-damage|p2b: Scrafty|72/100|[from] Leech Seed|[of] p1b: Asparagus\n|-heal|p1b: Asparagus|75/100|[silent]\n|upkeep\n|turn|10\n|\n|t:|1788321631\n|move|p2b: Scrafty|Knock Off|p1b: Asparagus\n|-damage|p1b: Asparagus|56/100\n|move|p1b: Asparagus|Giga Drain|p2b: Scrafty\n|-damage|p2b: Scrafty|45/100\n|-heal|p1b: Asparagus|68/100|[from] drain|[of] p2b: Scrafty\n|move|p1a: Minesweeper|Pain Split|p2b: Scrafty\n|-sethp|p2b: Scrafty|42/100|[from] move: Pain Split|[silent]\n|-sethp|p1a: Minesweeper|38/100|[from] move: Pain Split\n|\n|-damage|p2b: Scrafty|30/100|[from] Leech Seed|[of] p1b: Asparagus\n|-heal|p1b: Asparagus|80/100|[silent]\n|-fieldend|move: Trick Room\n|upkeep\n|turn|11\n|-message|Dvk42 forfeited.\n|\n|win|Difjsjc\n|raw|Difjsjc's rating: 1151 &rarr; <strong>1177</strong><br />(+26 for winning)\n|raw|Dvk42's rating: 1168 &rarr; <strong>1142</strong><br />(-26 for losing)\n|l|☆Dvk42\n|player|p2|\n|l|☆Difjsjc\n|player|p1|\n|j|☆Difjsjc\n|player|p1|Difjsjc|clerk-boss|\n","uploadtime":1788321652,"views":"0","formatid":"gen9championsvgc2026regmb","rating":1142,"private":0,"password":null}