{"id":"gen9championsvgc2026regmb-2674681315","format":"[Gen 9 Champions] VGC 2026 Reg M-B","players":["randomtieflinggirl","gabesito307"],"log":"|j|☆randomtieflinggirl\n|j|☆gabesito307\n|t:|1788389669\n|gametype|doubles\n|player|p1|randomtieflinggirl|170|1196\n|player|p2|gabesito307|sophocles|1298\n|gen|9\n|tier|[Gen 9 Champions] VGC 2026 Reg M-B\n|rated|\n|rule|Species Clause: Limit one of each Pokémon\n|rule|Item Clause: Limit 1 of each item\n|clearpoke\n|poke|p1|Lycanroc-Dusk, L50, F|\n|poke|p1|Froslass, L50, F|\n|poke|p1|Scovillain, L50, M|\n|poke|p1|Basculegion, L50, M|\n|poke|p1|Kingambit, L50, M|\n|poke|p1|Sneasler, L50, M|\n|poke|p2|Kingambit, L50, F|\n|poke|p2|Kommo-o, L50, M|\n|poke|p2|Mimikyu, L50, F|\n|poke|p2|Farigiraf, L50, F|\n|poke|p2|Torkoal, L50, M|\n|poke|p2|Staraptor, L50, F|\n|teampreview|4\n|inactive|Battle timer is ON: inactive players will automatically lose when time's up. (requested by gabesito307)\nrandomtieflinggirl has agreed to open team sheets.\n|inactive|randomtieflinggirl has 60 seconds left.\n|\n|t:|1788389721\n|teamsize|p1|4\n|teamsize|p2|4\n|start\n|switch|p1a: Kingambit|Kingambit, L50, M|100/100\n|switch|p1b: Sneasler|Sneasler, L50, M|100/100\n|switch|p2a: Mimikyu|Mimikyu, L50, F|100/100\n|switch|p2b: Torkoal|Torkoal, L50, M|100/100\n|-weather|SunnyDay|[from] ability: Drought|[of] p2b: Torkoal\n|turn|1\n|\n|t:|1788389737\n|move|p2b: Torkoal|Protect|p2b: Torkoal\n|-singleturn|p2b: Torkoal|Protect\n|move|p1b: Sneasler|Dire Claw|p2a: Mimikyu\n|-activate|p2a: Mimikyu|ability: Disguise\n|-damage|p2a: Mimikyu|100/100\n|detailschange|p2a: Mimikyu|Mimikyu-Busted, L50, F\n|-damage|p2a: Mimikyu|87/100|[from] pokemon: Mimikyu-Busted\n|move|p1a: Kingambit|Kowtow Cleave|p2a: Mimikyu\n|-damage|p2a: Mimikyu|24/100\n|move|p2a: Mimikyu|Trick Room|p2a: Mimikyu\n|-fieldstart|move: Trick Room|[of] p2a: Mimikyu\n|\n|-weather|SunnyDay|[upkeep]\n|upkeep\n|turn|2\n|inactive|randomtieflinggirl has 30 seconds left.\n|\n|t:|1788389768\n|switch|p1b: Basculegion|Basculegion, L50, M|100/100\n|move|p1a: Kingambit|Protect|p1a: Kingambit\n|-singleturn|p1a: Kingambit|Protect\n|move|p2b: Torkoal|Eruption|p1a: Kingambit|[spread] p1b\n|-activate|p1a: Kingambit|move: Protect\n|-resisted|p1b: Basculegion|1\n|-damage|p1b: Basculegion|59/100\n|move|p2a: Mimikyu|Curse|p1b: Basculegion\n|-start|p1b: Basculegion|Curse|[of] p2a: Mimikyu\n|-damage|p2a: Mimikyu|0 fnt\n|faint|p2a: Mimikyu\n|\n|-weather|SunnyDay|[upkeep]\n|-damage|p1b: Basculegion|35/100|[from] Curse\n|upkeep\n|-enditem|p1b: Basculegion|Sitrus Berry|[eat]\n|-heal|p1b: Basculegion|59/100|[from] item: Sitrus Berry\n|\n|t:|1788389785\n|switch|p2a: Kommo-o|Kommo-o, L50, M|100/100\n|turn|3\n|\n|t:|1788389797\n|move|p2b: Torkoal|Protect|p2b: Torkoal\n|-singleturn|p2b: Torkoal|Protect\n|move|p1a: Kingambit|Sucker Punch||[still]\n|-fail|p1a: Kingambit\n|move|p1b: Basculegion|Aqua Jet|p2b: Torkoal\n|-activate|p2b: Torkoal|move: Protect\n|move|p2a: Kommo-o|Aura Sphere|p1a: Kingambit\n|-supereffective|p1a: Kingambit|2\n|-damage|p1a: Kingambit|0 fnt\n|faint|p1a: Kingambit\n|-damage|p2a: Kommo-o|90/100|[from] item: Life Orb\n|\n|-weather|SunnyDay|[upkeep]\n|-damage|p1b: Basculegion|35/100|[from] Curse\n|upkeep\n|\n|t:|1788389811\n|switch|p1a: Sneasler|Sneasler, L50, M|100/100\n|turn|4\n|\n|t:|1788389817\n|switch|p1b: Scovillain|Scovillain, L50, M|100/100\n|move|p1a: Sneasler|Fake Out|p2b: Torkoal\n|-damage|p2b: Torkoal|89/100\n|cant|p2b: Torkoal|flinch\n|move|p2a: Kommo-o|Clanging Scales|p1b: Scovillain|[spread] p1a,p1b\n|-damage|p1a: Sneasler|37/100\n|-damage|p1b: Scovillain|31/100\n|-unboost|p2a: Kommo-o|def|1\n|-damage|p2a: Kommo-o|81/100|[from] item: Life Orb\n|\n|-weather|SunnyDay|[upkeep]\n|upkeep\n|turn|5\n|\n|t:|1788389832\n|move|p1a: Sneasler|Protect|p1a: Sneasler\n|-singleturn|p1a: Sneasler|Protect\n|move|p1b: Scovillain|Protect|p1b: Scovillain\n|-singleturn|p1b: Scovillain|Protect\n|move|p2b: Torkoal|Eruption|p1a: Sneasler|[spread] \n|-activate|p1a: Sneasler|move: Protect\n|-activate|p1b: Scovillain|move: Protect\n|move|p2a: Kommo-o|Clanging Scales|p1a: Sneasler|[spread] \n|-activate|p1a: Sneasler|move: Protect\n|-activate|p1b: Scovillain|move: Protect\n|\n|-weather|none\n|-fieldend|move: Trick Room\n|upkeep\n|turn|6\n|inactive|randomtieflinggirl has 30 seconds left.\n|\n|t:|1788389864\n|detailschange|p1b: Scovillain|Scovillain-Mega, L50, M\n|-mega|p1b: Scovillain|Scovillain|Scovillainite\n|move|p2b: Torkoal|Protect|p2b: Torkoal\n|-singleturn|p2b: Torkoal|Protect\n|move|p1a: Sneasler|Close Combat|p2b: Torkoal\n|-activate|p2b: Torkoal|move: Protect\n|move|p1b: Scovillain|Overheat|p2a: Kommo-o\n|-resisted|p2a: Kommo-o|1\n|-damage|p2a: Kommo-o|53/100\n|-unboost|p1b: Scovillain|spa|2\n|move|p2a: Kommo-o|Clanging Scales|p1b: Scovillain|[spread] p1a,p1b\n|-damage|p1a: Sneasler|0 fnt\n|-damage|p1b: Scovillain|0 fnt\n|-status|p2a: Kommo-o|brn|[from] ability: Spicy Spray|[of] p1b: Scovillain\n|faint|p1a: Sneasler\n|faint|p1b: Scovillain\n|-unboost|p2a: Kommo-o|def|1\n|-damage|p2a: Kommo-o|44/100 brn|[from] item: Life Orb\n|\n|-damage|p2a: Kommo-o|37/100 brn|[from] brn\n|upkeep\n|\n|t:|1788389886\n|switch|p1a: Basculegion|Basculegion, L50, M|35/100\n|turn|7\n|\n|t:|1788389895\n|move|p1a: Basculegion|Aqua Jet|p2b: Torkoal\n|-supereffective|p2b: Torkoal|1\n|-damage|p2b: Torkoal|48/100\n|move|p2a: Kommo-o|Clanging Scales|p1a: Basculegion\n|-damage|p1a: Basculegion|0 fnt\n|faint|p1a: Basculegion\n|-damage|p2a: Kommo-o|28/100 brn|[from] item: Life Orb\n|\n|win|gabesito307\n|raw|randomtieflinggirl's rating: 1196 &rarr; <strong>1178</strong><br />(-18 for losing)\n|raw|gabesito307's rating: 1298 &rarr; <strong>1316</strong><br />(+18 for winning)\n|c|☆randomtieflinggirl|gg\n|c|☆gabesito307|gg\n|l|☆gabesito307\n|player|p2|\n","uploadtime":1788389896,"views":"0","formatid":"gen9championsvgc2026regmb","rating":1178,"private":0,"password":null}