{"id":"gen9championsvgc2026regmbbo3-2673944978","format":"[Gen 9 Champions] VGC 2026 Reg M-B (Bo3)","players":["izystrong","DINOLONK"],"log":"|j|☆izystrong\n|j|☆DINOLONK\n|html|<table width=\"100%\"><tr><td align=\"left\">izystrong</td><td align=\"right\">DINOLONK</tr><tr><td align=\"left\"><i class=\"fa fa-circle-o\"></i> <i class=\"fa fa-circle-o\"></i> </td><td align=\"right\"><i class=\"fa fa-circle-o\"></i> <i class=\"fa fa-circle-o\"></i> </tr></table>\n|uhtml|bestof|<h2><strong>Game 1</strong> of <a href=\"/game-bestof3-gen9championsvgc2026regmbbo3-2673944977\">a best-of-3</a></h2>\n|t:|1788280240\n|gametype|doubles\n|player|p1|izystrong|2|1129\n|player|p2|DINOLONK|parasollady-gen4|1291\n|gen|9\n|tier|[Gen 9 Champions] VGC 2026 Reg M-B (Bo3)\n|rated|\n|rule|Species Clause: Limit one of each Pokémon\n|rule|Item Clause: Limit 1 of each item\n|clearpoke\n|poke|p1|Raichu, L50, F|\n|poke|p1|Staraptor, L50, M|\n|poke|p1|Arcanine-Hisui, L50, M|\n|poke|p1|Farigiraf, L50, F|\n|poke|p1|Sylveon, L50, M|\n|poke|p1|Scizor, L50, M|\n|poke|p2|Dragonite, L50, M|\n|poke|p2|Sneasler, L50, M|\n|poke|p2|Kingambit, L50, F|\n|poke|p2|Basculegion, L50, M|\n|poke|p2|Whimsicott, L50, M|\n|poke|p2|Floette-Eternal, L50, F|\n|teampreview|4\n|showteam|p1|Raichu||RaichuniteY|LightningRod|ZapCannon,FocusBlast,FakeOut,Protect|Timid||F|||50|]Staraptor||Staraptite|Intimidate|CloseCombat,DualWingbeat,Tailwind,Protect|Jolly||M|||50|]Arcanine-Hisui||FocusSash|Intimidate|FlareBlitz,HeadSmash,ExtremeSpeed,Protect|Jolly||M|||50|]Farigiraf||SitrusBerry|CudChew|Psychic,EnergyBall,TrickRoom,Protect|Calm||F|||50|]Sylveon||FairyFeather|Pixilate|HyperVoice,QuickAttack,HyperBeam,Protect|Modest||M|||50|]Scizor||LifeOrb|Technician|BulletPunch,BugBite,SwordsDance,Protect|Adamant||M|||50|\n|showteam|p2|Dragonite||Dragoninite|InnerFocus|DragonPulse,HeatWave,Thunderbolt,Protect|Modest||M|||50|]Sneasler||WhiteHerb|Unburden|DireClaw,CloseCombat,RockSlide,FakeOut|Jolly||M|||50|]Kingambit||ChopleBerry|Defiant|KowtowCleave,SuckerPunch,LowKick,IronHead|Adamant||F|||50|]Basculegion||LifeOrb|Adaptability|WaveCrash,LastRespects,AquaJet,Protect|Adamant||M|||50|]Whimsicott||FocusSash|Prankster|Moonblast,Tailwind,Encore,Protect|Timid||M|||50|]Floette-Eternal||Floettite|FlowerVeil|Moonblast,DazzlingGleam,LightofRuin,Protect|Timid||F|||50|\n|inactive|Battle timer is ON: inactive players will automatically lose when time's up. (requested by DINOLONK)\n|inactive|izystrong has 60 seconds left.\n|\n|t:|1788280294\n|teamsize|p1|4\n|teamsize|p2|4\n|start\n|switch|p1a: Raichu|Raichu, L50, F|100/100\n|switch|p1b: Scizor|Scizor, L50, M|100/100\n|switch|p2a: Sneasler|Sneasler, L50, M|100/100\n|switch|p2b: Kingambit|Kingambit, L50, F|100/100\n|turn|1\n|\n|t:|1788280318\n|detailschange|p1a: Raichu|Raichu-Mega-Y, L50, F\n|-mega|p1a: Raichu|Raichu|Raichunite Y\n|move|p1a: Raichu|Fake Out|p2b: Kingambit\n|-resisted|p2b: Kingambit|1\n|-damage|p2b: Kingambit|96/100\n|move|p2a: Sneasler|Fake Out|p1b: Scizor\n|-resisted|p1b: Scizor|1\n|-damage|p1b: Scizor|93/100\n|cant|p1b: Scizor|flinch\n|cant|p2b: Kingambit|flinch\n|\n|upkeep\n|turn|2\n|inactive|DINOLONK has 30 seconds left.\n|\n|t:|1788280348\n|move|p1a: Raichu|Protect|p1a: Raichu\n|-singleturn|p1a: Raichu|Protect\n|move|p2b: Kingambit|Sucker Punch||[still]\n|-fail|p2b: Kingambit\n|move|p2a: Sneasler|Close Combat|p1a: Raichu\n|-activate|p1a: Raichu|move: Protect\n|move|p1b: Scizor|Swords Dance|p1b: Scizor\n|-boost|p1b: Scizor|atk|2\n|\n|upkeep\n|turn|3\n|\n|t:|1788280370\n|switch|p1a: Farigiraf|Farigiraf, L50, F|100/100\n|move|p2b: Kingambit|Sucker Punch||[still]\n|-fail|p2b: Kingambit\n|move|p2a: Sneasler|Close Combat|p1a: Farigiraf\n|-damage|p1a: Farigiraf|43/100\n|-unboost|p2a: Sneasler|def|1\n|-unboost|p2a: Sneasler|spd|1\n|-enditem|p1a: Farigiraf|Sitrus Berry|[eat]\n|-heal|p1a: Farigiraf|68/100|[from] item: Sitrus Berry\n|-enditem|p2a: Sneasler|White Herb\n|-clearnegativeboost|p2a: Sneasler|[silent]\n|move|p1b: Scizor|Bug Bite|p2b: Kingambit\n|-damage|p2b: Kingambit|2/100\n|-enditem|p2b: Kingambit|Chople Berry|[from] stealeat|[move] Bug Bite|[of] p1b: Scizor\n|-damage|p1b: Scizor|83/100|[from] item: Life Orb\n|\n|upkeep\n|turn|4\n|inactive|izystrong has 30 seconds left.\n|inactive|izystrong has 20 seconds left.\n|inactive|izystrong has 15 seconds left.\n|inactive|izystrong has 10 seconds left.\n|\n|t:|1788280419\n|move|p1b: Scizor|Bullet Punch|p2b: Kingambit\n|-resisted|p2b: Kingambit|1\n|-damage|p2b: Kingambit|0 fnt\n|faint|p2b: Kingambit\n|-damage|p1b: Scizor|73/100|[from] item: Life Orb\n|move|p2a: Sneasler|Rock Slide|p1a: Farigiraf|[spread] p1a,p1b\n|-crit|p1b: Scizor\n|-damage|p1a: Farigiraf|52/100\n|-damage|p1b: Scizor|41/100\n|move|p1a: Farigiraf|Psychic|p2a: Sneasler\n|-supereffective|p2a: Sneasler|2\n|-damage|p2a: Sneasler|0 fnt\n|faint|p2a: Sneasler\n|\n|-activate|p1a: Farigiraf|ability: Cud Chew\n|-enditem|p1a: Farigiraf|Sitrus Berry|[eat]\n|-heal|p1a: Farigiraf|77/100|[from] item: Sitrus Berry\n|upkeep\n|\n|t:|1788280430\n|switch|p2a: Dragonite|Dragonite, L50, M|100/100\n|switch|p2b: Whimsicott|Whimsicott, L50, M|100/100\n|turn|5\n|\n|t:|1788280446\n|detailschange|p2a: Dragonite|Dragonite-Mega, L50, M\n|-mega|p2a: Dragonite|Dragonite|Dragoninite\n|move|p2b: Whimsicott|Protect|p2b: Whimsicott\n|-singleturn|p2b: Whimsicott|Protect\n|move|p1b: Scizor|Protect|p1b: Scizor\n|-singleturn|p1b: Scizor|Protect\n|move|p2a: Dragonite|Heat Wave|p1b: Scizor|[spread] p1a\n|-activate|p1b: Scizor|move: Protect\n|-damage|p1a: Farigiraf|51/100\n|move|p1a: Farigiraf|Trick Room|p1a: Farigiraf\n|-fieldstart|move: Trick Room|[of] p1a: Farigiraf\n|\n|upkeep\n|turn|6\n|inactive|izystrong has 30 seconds left.\n|\n|t:|1788280475\n|move|p1b: Scizor|Bullet Punch|p2b: Whimsicott\n|-supereffective|p2b: Whimsicott|1\n|-enditem|p2b: Whimsicott|Focus Sash\n|-damage|p2b: Whimsicott|1/100\n|-damage|p1b: Scizor|31/100|[from] item: Life Orb\n|move|p1a: Farigiraf|Psychic|p2b: Whimsicott\n|-damage|p2b: Whimsicott|0 fnt\n|faint|p2b: Whimsicott\n|move|p2a: Dragonite|Heat Wave|p1b: Scizor|[spread] p1a,p1b\n|-supereffective|p1b: Scizor|2\n|-damage|p1a: Farigiraf|26/100\n|-damage|p1b: Scizor|0 fnt\n|-status|p1a: Farigiraf|brn\n|faint|p1b: Scizor\n|\n|-damage|p1a: Farigiraf|20/100y brn|[from] brn\n|upkeep\n|\n|t:|1788280499\n|switch|p1b: Arcanine|Arcanine-Hisui, L50, M|100/100\n|-ability|p1b: Arcanine|Intimidate|boost\n|-unboost|p2a: Dragonite|atk|1\n|turn|7\n|\n|t:|1788280516\n|move|p2a: Dragonite|Protect|p2a: Dragonite\n|-singleturn|p2a: Dragonite|Protect\n|move|p1a: Farigiraf|Psychic|p2a: Dragonite\n|-activate|p2a: Dragonite|move: Protect\n|move|p1b: Arcanine|Head Smash|p2a: Dragonite\n|-activate|p2a: Dragonite|move: Protect\n|\n|-damage|p1a: Farigiraf|13/100 brn|[from] brn\n|upkeep\n|turn|8\n|\n|t:|1788280527\n|move|p1a: Farigiraf|Psychic|p2a: Dragonite\n|-damage|p2a: Dragonite|85/100\n|move|p2a: Dragonite|Dragon Pulse|p1b: Arcanine\n|-crit|p1b: Arcanine\n|-enditem|p1b: Arcanine|Focus Sash\n|-damage|p1b: Arcanine|1/100\n|move|p1b: Arcanine|Head Smash|p2a: Dragonite\n|-supereffective|p2a: Dragonite|1\n|-damage|p2a: Dragonite|0 fnt\n|faint|p2a: Dragonite\n|-damage|p1b: Arcanine|0 fnt|[from] Recoil\n|faint|p1b: Arcanine\n|\n|win|izystrong\n","uploadtime":1788280528,"views":"4","formatid":"gen9championsvgc2026regmbbo3","rating":null,"private":0,"password":null}