{"id":"gen9championsvgc2026regmb-2674370165","format":"[Gen 9 Champions] VGC 2026 Reg M-B","players":["WaluigiVGC","mac_tu_khoa"],"log":"|j|☆WaluigiVGC\n|j|☆mac_tu_khoa\n|t:|1788350413\n|gametype|doubles\n|player|p1|WaluigiVGC|170|1000\n|player|p2|mac_tu_khoa|ethan|1040\n|gen|9\n|tier|[Gen 9 Champions] VGC 2026 Reg M-B\n|rated|\n|rule|Species Clause: Limit one of each Pokémon\n|rule|Item Clause: Limit 1 of each item\n|clearpoke\n|poke|p1|Venusaur, L50, M|\n|poke|p1|Charizard, L50, F|\n|poke|p1|Garchomp, L50, M|\n|poke|p1|Incineroar, L50, F|\n|poke|p1|Floette-Eternal, L50, F|\n|poke|p1|Sinistcha, L50|\n|poke|p2|Rampardos, L50, M|\n|poke|p2|Ditto, L50, shiny|\n|poke|p2|Empoleon, L50, F|\n|poke|p2|Whimsicott, L50, F|\n|poke|p2|Overqwil, L50, M|\n|poke|p2|Lopunny, L50, F, shiny|\n|teampreview|4\n|\n|t:|1788350432\n|teamsize|p1|4\n|teamsize|p2|4\n|start\n|switch|p1a: Charizard|Charizard, L50, F|100/100\n|switch|p1b: Venusaur|Venusaur, L50, M|100/100\n|switch|p2a: Empoleon|Empoleon, L50, F|100/100\n|switch|p2b: Rampardos|Rampardos, L50, M|100/100\n|turn|1\n|inactive|Battle timer is ON: inactive players will automatically lose when time's up. (requested by mac_tu_khoa)\n|\n|t:|1788350453\n|detailschange|p1a: Charizard|Charizard-Mega-Y, L50, F\n|-mega|p1a: Charizard|Charizard|Charizardite Y\n|-weather|SunnyDay|[from] ability: Drought|[of] p1a: Charizard\n|move|p1b: Venusaur|Earth Power|p2b: Rampardos\n|-supereffective|p2b: Rampardos|1\n|-damage|p2b: Rampardos|27/100\n|move|p1a: Charizard|Heat Wave|p2b: Rampardos|[spread] p2a,p2b\n|-resisted|p2b: Rampardos|1\n|-damage|p2a: Empoleon|45/100\n|-damage|p2b: Rampardos|0 fnt\n|faint|p2b: Rampardos\n|move|p2a: Empoleon|Yawn|p1a: Charizard\n|-start|p1a: Charizard|move: Yawn|[of] p2a: Empoleon\n|\n|-weather|SunnyDay|[upkeep]\n|upkeep\n|\n|t:|1788350478\n|switch|p2b: Ditto|Ditto, L50, shiny|100/100\n|-transform|p2b: Ditto|p1a: Charizard|[from] ability: Imposter\n|turn|2\n|\n|t:|1788350492\n|switch|p1a: Garchomp|Garchomp, L50, M|100/100\n|move|p1b: Venusaur|Sleep Powder|p2a: Empoleon\n|-status|p2a: Empoleon|slp|[from] move: Sleep Powder\n|move|p2b: Ditto|Heat Wave|p1b: Venusaur|[spread] p1a,p1b\n|-resisted|p1a: Garchomp|1\n|-supereffective|p1b: Venusaur|1\n|-damage|p1a: Garchomp|65/100\n|-enditem|p1b: Venusaur|Focus Sash\n|-damage|p1b: Venusaur|1/100\n|cant|p2a: Empoleon|slp\n|\n|-weather|SunnyDay|[upkeep]\n|upkeep\n|turn|3\n|inactive|WaluigiVGC has 30 seconds left.\n|\n|t:|1788350522\n|move|p1b: Venusaur|Earth Power|p2a: Empoleon\n|-supereffective|p2a: Empoleon|1\n|-damage|p2a: Empoleon|0 fnt\n|faint|p2a: Empoleon\n|move|p1a: Garchomp|Rock Slide|p2b: Ditto\n|-supereffective|p2b: Ditto|2\n|-damage|p2b: Ditto|0 fnt\n|faint|p2b: Ditto\n|\n|-weather|SunnyDay|[upkeep]\n|upkeep\n|inactive|mac_tu_khoa has 30 seconds left.\n|inactive|mac_tu_khoa has 20 seconds left.\n|inactive|mac_tu_khoa has 15 seconds left.\n|inactive|mac_tu_khoa has 10 seconds left.\n|inactive|mac_tu_khoa has 5 seconds left.\n|\n|t:|1788350577\n|switch|p2a: Lopunny|Lopunny, L50, F, shiny|100/100\n|turn|4\n|\n|t:|1788350585\n|detailschange|p2a: Lopunny|Lopunny-Mega, L50, F, shiny\n|-mega|p2a: Lopunny|Lopunny|Lopunnite\n|move|p2a: Lopunny|Fake Out|p1b: Venusaur\n|-damage|p1b: Venusaur|0 fnt\n|faint|p1b: Venusaur\n|move|p1a: Garchomp|Rock Slide|p2a: Lopunny\n|-resisted|p2a: Lopunny|1\n|-damage|p2a: Lopunny|80/100\n|\n|-weather|SunnyDay|[upkeep]\n|upkeep\n|\n|t:|1788350596\n|switch|p1b: Incineroar|Incineroar, L50, F|100/100\n|-ability|p1b: Incineroar|Intimidate|boost\n|-fail|p2a: Lopunny|unboost|atk|[from] ability: Scrappy|[of] p2a: Lopunny\n|turn|5\n|\n|t:|1788350609\n|switch|p1a: Charizard|Charizard-Mega-Y, L50, F|100/100\n|move|p1b: Incineroar|Fake Out|p2a: Lopunny\n|-damage|p2a: Lopunny|67/100\n|cant|p2a: Lopunny|flinch\n|\n|-weather|none\n|upkeep\n|turn|6\n|\n|t:|1788350625\n|move|p2a: Lopunny|Close Combat|p1b: Incineroar\n|-supereffective|p1b: Incineroar|1\n|-damage|p1b: Incineroar|0 fnt\n|-unboost|p2a: Lopunny|def|1\n|-unboost|p2a: Lopunny|spd|1\n|faint|p1b: Incineroar\n|move|p1a: Charizard|Heat Wave|p2a: Lopunny\n|-damage|p2a: Lopunny|0 fnt\n|faint|p2a: Lopunny\n|\n|win|WaluigiVGC\n|raw|WaluigiVGC's rating: 1000 &rarr; <strong>1045</strong><br />(+45 for winning)\n|raw|mac_tu_khoa's rating: 1040 &rarr; <strong>1022</strong><br />(-18 for losing)\n|l|☆mac_tu_khoa\n|player|p2|\n","uploadtime":1788350640,"views":"5","formatid":"gen9championsvgc2026regmb","rating":1022,"private":0,"password":null}