{"id":"gen9championsvgc2026regmbbo3-2673790461","format":"[Gen 9 Champions] VGC 2026 Reg M-B (Bo3)","players":["CretaceousDraconid","CaratroncoSun"],"log":"|j|☆CretaceousDraconid\n|j|☆CaratroncoSun\n|html|<table width=\"100%\"><tr><td align=\"left\">CretaceousDraconid</td><td align=\"right\">CaratroncoSun</tr><tr><td align=\"left\"><i class=\"fa fa-circle-o\"></i> <i class=\"fa fa-circle-o\"></i> </td><td align=\"right\"><i class=\"fa fa-circle-o\"></i> <i class=\"fa fa-circle-o\"></i> </tr></table>\n|uhtml|bestof|<h2><strong>Game 1</strong> of <a href=\"/game-bestof3-gen9championsvgc2026regmbbo3-2673790460\">a best-of-3</a></h2>\n|t:|1788257294\n|gametype|doubles\n|player|p1|CretaceousDraconid|zinnia-masters|1249\n|player|p2|CaratroncoSun|170|1364\n|gen|9\n|tier|[Gen 9 Champions] VGC 2026 Reg M-B (Bo3)\n|rated|\n|rule|Species Clause: Limit one of each Pokémon\n|rule|Item Clause: Limit 1 of each item\n|clearpoke\n|poke|p1|Metagross, L50, shiny|\n|poke|p1|Kleavor, L50, M|\n|poke|p1|Whimsicott, L50, F, shiny|\n|poke|p1|Kingambit, L50, F|\n|poke|p1|Raichu, L50, F|\n|poke|p1|Basculegion, L50, M|\n|poke|p2|Charizard, L50, M, shiny|\n|poke|p2|Venusaur, L50, M, shiny|\n|poke|p2|Whimsicott, L50, F, shiny|\n|poke|p2|Basculegion, L50, M|\n|poke|p2|Tyranitar, L50, M|\n|poke|p2|Mamoswine, L50, M|\n|teampreview|4\n|showteam|p1|Metagross||Metagrossite|ClearBody|Protect,IronHead,PsychicFangs,IcePunch|Jolly|||||50|]Kleavor||FocusSash|Sharpness|Protect,StoneAxe,XScissor,Feint|Adamant||M|||50|]Whimsicott||FairyFeather|Prankster|Protect,Moonblast,Tailwind,Encore|Timid||F|||50|]Kingambit||ChopleBerry|Defiant|Protect,KowtowCleave,SuckerPunch,LowKick|Adamant||F|||50|]Raichu||RaichuniteY|LightningRod|Protect,ZapCannon,FocusBlast,FakeOut|Timid||F|||50|]Basculegion||LifeOrb|Adaptability|Protect,WaveCrash,LastRespects,AquaJet|Adamant||M|||50|\n|showteam|p2|Charizard||CharizarditeY|Blaze|Protect,SolarBeam,HeatWave,AirSlash|Modest||M|||50|]Venusaur||WideLens|Chlorophyll|Protect,GigaDrain,EarthPower,SleepPowder|Modest||M|||50|]Whimsicott||FocusSash|Prankster|Protect,Moonblast,Tailwind,Encore|Timid||F|||50|]Basculegion||MysticWater|Adaptability|Protect,AquaJet,WaveCrash,LastRespects|Adamant||M|||50|]Tyranitar||Tyranitarite|SandStream|Protect,RockSlide,KnockOff,LowKick|Adamant||M|||50|]Mamoswine||LifeOrb|Oblivious|Protect,HighHorsepower,RockSlide,IceShard|Adamant||M|||50|\n|\n|t:|1788257346\n|teamsize|p1|4\n|teamsize|p2|4\n|start\n|switch|p1a: Kleavor|Kleavor, L50, M|100/100\n|switch|p1b: Whimsicott|Whimsicott, L50, F, shiny|100/100\n|switch|p2a: Charizard|Charizard, L50, M, shiny|100/100\n|switch|p2b: Venusaur|Venusaur, L50, M, shiny|100/100\n|turn|1\n|\n|t:|1788257390\n|detailschange|p2a: Charizard|Charizard-Mega-Y, L50, M, shiny\n|-mega|p2a: Charizard|Charizard|Charizardite Y\n|-weather|SunnyDay|[from] ability: Drought|[of] p2a: Charizard\n|move|p2a: Charizard|Protect|p2a: Charizard\n|-singleturn|p2a: Charizard|Protect\n|move|p1b: Whimsicott|Tailwind|p1b: Whimsicott\n|-sidestart|p1: CretaceousDraconid|move: Tailwind\n|move|p1a: Kleavor|X-Scissor|p2b: Venusaur\n|-damage|p2b: Venusaur|9/100\n|move|p2b: Venusaur|Sleep Powder|p1a: Kleavor\n|-status|p1a: Kleavor|slp|[from] move: Sleep Powder\n|\n|-weather|SunnyDay|[upkeep]\n|upkeep\n|turn|2\n|\n|t:|1788257417\n|switch|p2a: Mamoswine|Mamoswine, L50, M|100/100\n|move|p1b: Whimsicott|Moonblast|p2b: Venusaur\n|-resisted|p2b: Venusaur|1\n|-damage|p2b: Venusaur|0 fnt\n|faint|p2b: Venusaur\n|cant|p1a: Kleavor|slp\n|\n|-weather|SunnyDay|[upkeep]\n|upkeep\n|\n|t:|1788257428\n|switch|p2b: Charizard|Charizard-Mega-Y, L50, M, shiny|100/100\n|turn|3\n|\n|t:|1788257433\n|move|p1b: Whimsicott|Protect|p1b: Whimsicott\n|-singleturn|p1b: Whimsicott|Protect\n|cant|p1a: Kleavor|slp\n|move|p2b: Charizard|Heat Wave|p1b: Whimsicott|[spread] p1a\n|-activate|p1b: Whimsicott|move: Protect\n|-enditem|p1a: Kleavor|Focus Sash\n|-damage|p1a: Kleavor|1/100 slp\n|move|p2a: Mamoswine|Rock Slide|p1a: Kleavor|[spread] \n|-activate|p1b: Whimsicott|move: Protect\n|-miss|p2a: Mamoswine|p1a: Kleavor\n|\n|-weather|SunnyDay|[upkeep]\n|upkeep\n|turn|4\n|\n|t:|1788257456\n|switch|p1b: Raichu|Raichu, L50, F|100/100\n|switch|p2a: Basculegion|Basculegion, L50, M|100/100\n|-curestatus|p1a: Kleavor|slp|[msg]\n|move|p1a: Kleavor|Protect|p1a: Kleavor\n|-singleturn|p1a: Kleavor|Protect\n|move|p2b: Charizard|Protect||[still]\n|-fail|p2b: Charizard\n|\n|-weather|SunnyDay|[upkeep]\n|-sideend|p1: CretaceousDraconid|move: Tailwind\n|upkeep\n|turn|5\n|\n|t:|1788257471\n|switch|p2b: Mamoswine|Mamoswine, L50, M|100/100\n|detailschange|p1b: Raichu|Raichu-Mega-Y, L50, F\n|-mega|p1b: Raichu|Raichu|Raichunite Y\n|move|p2a: Basculegion|Aqua Jet|p1a: Kleavor\n|-supereffective|p1a: Kleavor|1\n|-crit|p1a: Kleavor\n|-damage|p1a: Kleavor|0 fnt\n|faint|p1a: Kleavor\n|move|p1b: Raichu|Zap Cannon|p2a: Basculegion\n|-supereffective|p2a: Basculegion|1\n|-damage|p2a: Basculegion|0 fnt\n|faint|p2a: Basculegion\n|\n|-weather|none\n|upkeep\n|\n|t:|1788257486\n|switch|p1a: Kingambit|Kingambit, L50, F|100/100\n|switch|p2a: Charizard|Charizard-Mega-Y, L50, M, shiny|100/100\n|-weather|SunnyDay|[from] ability: Drought|[of] p2a: Charizard\n|turn|6\n|\n|t:|1788257497\n|move|p1b: Raichu|Protect|p1b: Raichu\n|-singleturn|p1b: Raichu|Protect\n|move|p1a: Kingambit|Sucker Punch|p2b: Mamoswine\n|-damage|p2b: Mamoswine|54/100\n|move|p2a: Charizard|Heat Wave|p1b: Raichu|[spread] p1a\n|-activate|p1b: Raichu|move: Protect\n|-supereffective|p1a: Kingambit|1\n|-damage|p1a: Kingambit|0 fnt\n|faint|p1a: Kingambit\n|move|p2b: Mamoswine|High Horsepower|p1b: Raichu\n|-activate|p1b: Raichu|move: Protect\n|\n|-weather|SunnyDay|[upkeep]\n|upkeep\n|\n|t:|1788257511\n|switch|p1a: Whimsicott|Whimsicott, L50, F, shiny|100/100\n|turn|7\n|\n|t:|1788257522\n|move|p2b: Mamoswine|Ice Shard|p1b: Raichu\n|-damage|p1b: Raichu|60/100\n|-damage|p2b: Mamoswine|45/100|[from] item: Life Orb\n|move|p1b: Raichu|Zap Cannon|p2a: Charizard\n|-supereffective|p2a: Charizard|1\n|-damage|p2a: Charizard|0 fnt\n|faint|p2a: Charizard\n|move|p1a: Whimsicott|Moonblast|p2b: Mamoswine\n|-damage|p2b: Mamoswine|0 fnt\n|faint|p2b: Mamoswine\n|\n|win|CretaceousDraconid\n","uploadtime":1788257522,"views":"0","formatid":"gen9championsvgc2026regmbbo3","rating":null,"private":0,"password":null}