{"id":"gen9championsvgc2026regmbbo3-2674056560","format":"[Gen 9 Champions] VGC 2026 Reg M-B (Bo3)","players":["euic","That_Leek"],"log":"|j|☆euic\n|j|☆That_Leek\n|html|<table width=\"100%\"><tr><td align=\"left\">euic</td><td align=\"right\">That_Leek</tr><tr><td align=\"left\"><i class=\"fa fa-circle\"></i> <i class=\"fa fa-circle-o\"></i> </td><td align=\"right\"><i class=\"fa fa-circle-o\"></i> <i class=\"fa fa-circle\"></i> </tr></table>\n|uhtml|bestof|<h2><strong>Game 3</strong> of <a href=\"/game-bestof3-gen9championsvgc2026regmbbo3-2674050852\">a best-of-3</a></h2>\n|t:|1788293398\n|gametype|doubles\n|player|p1|euic|1|1000\n|player|p2|That_Leek|blue-masters|1138\n|gen|9\n|tier|[Gen 9 Champions] VGC 2026 Reg M-B (Bo3)\n|rated|\n|rule|Species Clause: Limit one of each Pokémon\n|rule|Item Clause: Limit 1 of each item\n|clearpoke\n|poke|p1|Floette-Eternal, L50, F|\n|poke|p1|Incineroar, L50, M|\n|poke|p1|Garchomp, L50, F|\n|poke|p1|Sinistcha, L50|\n|poke|p1|Kingambit, L50, M|\n|poke|p1|Sneasler, L50, F|\n|poke|p2|Raichu, L50, M|\n|poke|p2|Kingambit, L50, F|\n|poke|p2|Dragonite, L50, M|\n|poke|p2|Ninetales-Alola, L50, F|\n|poke|p2|Sylveon, L50, F|\n|poke|p2|Incineroar, L50, F|\n|teampreview|4\n|showteam|p1|Floette-Eternal||Floettite|FlowerVeil|DrainingKiss,DazzlingGleam,CalmMind,Protect|Timid||F|||50|]Incineroar||Leftovers|Intimidate|HelpingHand,FlareBlitz,FakeOut,PartingShot|Careful||M|||50|]Garchomp||Garchompite|RoughSkin|RockSlide,StompingTantrum,Earthquake,Protect|Jolly||F|||50|]Sinistcha||SitrusBerry|Hospitality|MatchaGotcha,RagePowder,Protect,TrickRoom|Calm|||||50|]Kingambit||ChopleBerry|Defiant|KowtowCleave,Protect,IronHead,SuckerPunch|Adamant||M|||50|]Sneasler||FocusSash|PoisonTouch|DireClaw,Coaching,FakeOut,CloseCombat|Jolly||F|||50|\n|showteam|p2|Raichu||RaichuniteY|LightningRod|FakeOut,ZapCannon,FocusBlast,Protect|Timid||M|||50|]Kingambit||BlackGlasses|Defiant|KowtowCleave,SuckerPunch,Protect,SwordsDance|Adamant||F|||50|]Dragonite||LifeOrb|InnerFocus|DragonClaw,Tailwind,Superpower,Protect|Adamant||M|||50|]Ninetales-Alola||FocusSash|SnowWarning|Blizzard,IcyWind,Protect,FreezeDry|Timid||F|||50|]Sylveon||FairyFeather|Pixilate|HyperVoice,QuickAttack,CalmMind,Detect|Modest||F|||50|]Incineroar||LumBerry|Intimidate|FakeOut,FlareBlitz,PartingShot,ThroatChop|Impish||F|||50|\n|\n|t:|1788293426\n|teamsize|p1|4\n|teamsize|p2|4\n|start\n|switch|p1a: Floette|Floette-Eternal, L50, F|100/100\n|switch|p1b: Sneasler|Sneasler, L50, F|100/100\n|switch|p2a: Raichu|Raichu, L50, M|100/100\n|switch|p2b: Sylveon|Sylveon, L50, F|100/100\n|turn|1\n|\n|t:|1788293467\n|detailschange|p2a: Raichu|Raichu-Mega-Y, L50, M\n|-mega|p2a: Raichu|Raichu|Raichunite Y\n|detailschange|p1a: Floette|Floette-Mega, L50, F\n|-mega|p1a: Floette|Floette|Floettite\n|-ability|p1a: Floette|Fairy Aura\n|move|p2a: Raichu|Zap Cannon|p1b: Sneasler\n|-damage|p1b: Sneasler|22/100\n|-status|p1b: Sneasler|par\n|move|p1a: Floette|Calm Mind|p1a: Floette\n|-boost|p1a: Floette|spa|1\n|-boost|p1a: Floette|spd|1\n|move|p2b: Sylveon|Hyper Voice|p1b: Sneasler|[spread] p1a,p1b\n|-damage|p1a: Floette|71/100\n|-damage|p1b: Sneasler|0 fnt\n|faint|p1b: Sneasler\n|\n|upkeep\n|\n|t:|1788293486\n|switch|p1b: Sinistcha|Sinistcha, L50|100/100\n|-heal|p1a: Floette|96/100|[from] ability: Hospitality|[of] p1b: Sinistcha\n|turn|2\n|c|☆euic|I had a feeling in my heart you'd do that LOL\n|c|☆euic|ah well\n|c|☆That_Leek|happens\n|c|☆That_Leek|all the time to me too\n|\n|t:|1788293537\n|move|p2a: Raichu|Protect|p2a: Raichu\n|-singleturn|p2a: Raichu|Protect\n|move|p1b: Sinistcha|Rage Powder|p1b: Sinistcha\n|-singleturn|p1b: Sinistcha|move: Rage Powder\n|move|p1a: Floette|Dazzling Gleam|p2a: Raichu|[spread] p2b\n|-activate|p2a: Raichu|move: Protect\n|-damage|p2b: Sylveon|46/100\n|move|p2b: Sylveon|Calm Mind|p2b: Sylveon\n|-boost|p2b: Sylveon|spa|1\n|-boost|p2b: Sylveon|spd|1\n|\n|upkeep\n|turn|3\n|\n|t:|1788293561\n|switch|p2a: Incineroar|Incineroar, L50, F|100/100\n|-ability|p2a: Incineroar|Intimidate|boost\n|-unboost|p1a: Floette|atk|1\n|-unboost|p1b: Sinistcha|atk|1\n|move|p2b: Sylveon|Detect|p2b: Sylveon\n|-singleturn|p2b: Sylveon|Protect\n|move|p1a: Floette|Dazzling Gleam|p2a: Incineroar|[spread] p2a\n|-activate|p2b: Sylveon|move: Protect\n|-damage|p2a: Incineroar|43/100\n|move|p1b: Sinistcha|Matcha Gotcha|p2a: Incineroar|[spread] p2a\n|-activate|p2b: Sylveon|move: Protect\n|-resisted|p2a: Incineroar|1\n|-damage|p2a: Incineroar|32/100\n|\n|upkeep\n|turn|4\n|\n|t:|1788293627\n|move|p2a: Incineroar|Fake Out|p1a: Floette\n|-damage|p1a: Floette|86/100\n|cant|p1a: Floette|flinch\n|move|p2b: Sylveon|Calm Mind|p2b: Sylveon\n|-boost|p2b: Sylveon|spa|1\n|-boost|p2b: Sylveon|spd|1\n|move|p1b: Sinistcha|Matcha Gotcha|p2a: Incineroar|[spread] p2a,p2b\n|-resisted|p2a: Incineroar|1\n|-damage|p2a: Incineroar|21/100\n|-damage|p2b: Sylveon|35/100\n|-status|p2b: Sylveon|brn\n|\n|-damage|p2b: Sylveon|30/100 brn|[from] brn\n|upkeep\n|turn|5\n|\n|t:|1788293661\n|move|p1b: Sinistcha|Rage Powder|p1b: Sinistcha\n|-singleturn|p1b: Sinistcha|move: Rage Powder\n|move|p1a: Floette|Dazzling Gleam|p2a: Incineroar|[spread] p2a,p2b\n|-crit|p2b: Sylveon\n|-damage|p2a: Incineroar|0 fnt\n|-damage|p2b: Sylveon|0 fnt\n|faint|p2a: Incineroar\n|faint|p2b: Sylveon\n|\n|upkeep\n|c|☆That_Leek|damn\n|\n|t:|1788293667\n|switch|p2b: Kingambit|Kingambit, L50, F|100/100\n|switch|p2a: Raichu|Raichu-Mega-Y, L50, M|100/100\n|turn|6\n|c|☆euic|unlucky\n|c|☆That_Leek|burn + crit = yiked\n|\n|t:|1788293685\n|move|p2a: Raichu|Fake Out|p1a: Floette\n|-damage|p1a: Floette|78/100\n|move|p1b: Sinistcha|Rage Powder|p1b: Sinistcha\n|-singleturn|p1b: Sinistcha|move: Rage Powder\n|cant|p1a: Floette|flinch\n|move|p2b: Kingambit|Swords Dance|p2b: Kingambit\n|-boost|p2b: Kingambit|atk|2\n|\n|upkeep\n|turn|7\n|\n|t:|1788293709\n|switch|p1b: Kingambit|Kingambit, L50, M|100/100\n|move|p2a: Raichu|Protect|p2a: Raichu\n|-singleturn|p2a: Raichu|Protect\n|move|p1a: Floette|Dazzling Gleam|p2b: Kingambit|[spread] p2b\n|-activate|p2a: Raichu|move: Protect\n|-damage|p2b: Kingambit|43/100\n|move|p2b: Kingambit|Kowtow Cleave|p1b: Kingambit\n|-resisted|p1b: Kingambit|1\n|-damage|p1b: Kingambit|57/100\n|\n|upkeep\n|turn|8\n|\n|t:|1788293739\n|move|p1b: Kingambit|Sucker Punch|p2a: Raichu\n|-damage|p2a: Raichu|29/100\n|move|p2a: Raichu|Zap Cannon|p1a: Floette\n|-damage|p1a: Floette|48/100\n|-status|p1a: Floette|par\n|move|p1a: Floette|Dazzling Gleam|p2a: Raichu|[spread] p2a,p2b\n|-damage|p2a: Raichu|0 fnt\n|-damage|p2b: Kingambit|0 fnt\n|faint|p2a: Raichu\n|faint|p2b: Kingambit\n|\n|win|euic\n|raw|euic's rating: 1000 &rarr; <strong>1055</strong><br />(+55 for winning)\n|raw|That_Leek's rating: 1138 &rarr; <strong>1104</strong><br />(-34 for losing)\n|c|☆euic|gg good luck with the league\n|c|☆That_Leek|thx man\n|c|☆That_Leek|unfort endings but we ball\n|l|☆That_Leek\n|player|p2|\n","uploadtime":1788294288,"views":"0","formatid":"gen9championsvgc2026regmbbo3","rating":1055,"private":0,"password":null}