{"id":"gen9championsvgc2026regmb-2674734192","format":"[Gen 9 Champions] VGC 2026 Reg M-B","players":["Kwiper","cesar097600"],"log":"|j|☆Kwiper\n|j|☆cesar097600\n|t:|1788397832\n|gametype|doubles\n|player|p1|Kwiper|sycamore|1620\n|player|p2|cesar097600|riley|1683\n|gen|9\n|tier|[Gen 9 Champions] VGC 2026 Reg M-B\n|rated|\n|rule|Species Clause: Limit one of each Pokémon\n|rule|Item Clause: Limit 1 of each item\n|clearpoke\n|poke|p1|Tyranitar, L50, F|\n|poke|p1|Excadrill, L50, M|\n|poke|p1|Milotic, L50, F|\n|poke|p1|Gholdengo, L50|\n|poke|p1|Sinistcha, L50|\n|poke|p1|Staraptor, L50, F|\n|poke|p2|Gholdengo, L50|\n|poke|p2|Sylveon, L50, M|\n|poke|p2|Scovillain, L50, F|\n|poke|p2|Farigiraf, L50, F|\n|poke|p2|Aerodactyl, L50, F|\n|poke|p2|Dragonite, L50, M|\n|teampreview|4\n|inactive|Battle timer is ON: inactive players will automatically lose when time's up. (requested by Kwiper)\n|j| Therazer456\n|\n|t:|1788397857\n|teamsize|p1|4\n|teamsize|p2|4\n|start\n|switch|p1a: Staraptor|Staraptor, L50, F|100/100\n|switch|p1b: Gholdengo|Gholdengo, L50|100/100\n|switch|p2a: Scovillain|Scovillain, L50, F|100/100\n|switch|p2b: Gholdengo|Gholdengo, L50|100/100\n|-ability|p1a: Staraptor|Intimidate|boost\n|-unboost|p2a: Scovillain|atk|1\n|-unboost|p2b: Gholdengo|atk|1\n|turn|1\n|\n|t:|1788397875\n|detailschange|p1a: Staraptor|Staraptor-Mega, L50, F\n|-mega|p1a: Staraptor|Staraptor|Staraptite\n|detailschange|p2a: Scovillain|Scovillain-Mega, L50, F\n|-mega|p2a: Scovillain|Scovillain|Scovillainite\n|move|p2a: Scovillain|Rage Powder|p2a: Scovillain\n|-singleturn|p2a: Scovillain|move: Rage Powder\n|move|p1a: Staraptor|Brave Bird|p2a: Scovillain\n|-supereffective|p2a: Scovillain|1\n|-crit|p2a: Scovillain\n|-damage|p2a: Scovillain|0 fnt\n|-status|p1a: Staraptor|brn|[from] ability: Spicy Spray|[of] p2a: Scovillain\n|faint|p2a: Scovillain\n|-damage|p1a: Staraptor|70/100 brn|[from] Recoil\n|move|p2b: Gholdengo|Shadow Ball|p1b: Gholdengo\n|-supereffective|p1b: Gholdengo|1\n|-damage|p1b: Gholdengo|0 fnt\n|faint|p1b: Gholdengo\n|-damage|p2b: Gholdengo|90/100|[from] item: Life Orb\n|\n|-damage|p1a: Staraptor|64/100 brn|[from] brn\n|upkeep\n|\n|t:|1788397888\n|switch|p1b: Excadrill|Excadrill, L50, M|100/100\n|switch|p2a: Farigiraf|Farigiraf, L50, F|100/100\n|turn|2\n|\n|t:|1788397899\n|move|p1a: Staraptor|Close Combat|p2a: Farigiraf\n|-damage|p2a: Farigiraf|73/100\n|-boost|p1a: Staraptor|def|1\n|-boost|p1a: Staraptor|spd|1\n|move|p1b: Excadrill|Iron Head|p2a: Farigiraf\n|-crit|p2a: Farigiraf\n|-damage|p2a: Farigiraf|4/100\n|-enditem|p2a: Farigiraf|Sitrus Berry|[eat]\n|-heal|p2a: Farigiraf|29/100|[from] item: Sitrus Berry\n|move|p2b: Gholdengo|Shadow Ball|p1b: Excadrill\n|-damage|p1b: Excadrill|25/100\n|-damage|p2b: Gholdengo|80/100|[from] item: Life Orb\n|cant|p2a: Farigiraf|flinch\n|\n|-damage|p1a: Staraptor|58/100 brn|[from] brn\n|upkeep\n|turn|3\n|\n|t:|1788397923\n|switch|p2a: Sylveon|Sylveon, L50, M|100/100\n|move|p1a: Staraptor|Close Combat|p2a: Sylveon\n|-resisted|p2a: Sylveon|1\n|-damage|p2a: Sylveon|86/100\n|-boost|p1a: Staraptor|def|1\n|-boost|p1a: Staraptor|spd|1\n|move|p1b: Excadrill|Rock Slide|p2b: Gholdengo|[spread] p2a,p2b\n|-resisted|p2b: Gholdengo|1\n|-damage|p2a: Sylveon|66/100\n|-damage|p2b: Gholdengo|69/100\n|cant|p2b: Gholdengo|flinch\n|\n|-damage|p1a: Staraptor|52/100 brn|[from] brn\n|upkeep\n|turn|4\n|\n|t:|1788397940\n|switch|p2a: Farigiraf|Farigiraf, L50, F|29/100\n|move|p1a: Staraptor|Protect|p1a: Staraptor\n|-singleturn|p1a: Staraptor|Protect\n|move|p1b: Excadrill|Iron Head|p2a: Farigiraf\n|-damage|p2a: Farigiraf|0 fnt\n|faint|p2a: Farigiraf\n|move|p2b: Gholdengo|Make It Rain|p1a: Staraptor|[spread] p1b\n|-activate|p1a: Staraptor|move: Protect\n|-resisted|p1b: Excadrill|1\n|-damage|p1b: Excadrill|0 fnt\n|-unboost|p2b: Gholdengo|spa|2\n|faint|p1b: Excadrill\n|-damage|p2b: Gholdengo|59/100|[from] item: Life Orb\n|\n|-damage|p1a: Staraptor|47/100 brn|[from] brn\n|upkeep\n|\n|t:|1788397946\n|switch|p1b: Tyranitar|Tyranitar, L50, F|100/100\n|switch|p2a: Sylveon|Sylveon, L50, M|66/100\n|-weather|Sandstorm|[from] ability: Sand Stream|[of] p1b: Tyranitar\n|turn|5\n|\n|t:|1788397955\n|move|p1a: Staraptor|Brave Bird|p2a: Sylveon\n|-damage|p2a: Sylveon|38/100\n|-damage|p1a: Staraptor|38/100 brn|[from] Recoil\n|move|p2b: Gholdengo|Make It Rain|p1b: Tyranitar|[spread] p1a,p1b\n|-supereffective|p1b: Tyranitar|1\n|-damage|p1a: Staraptor|21/100 brn\n|-damage|p1b: Tyranitar|61/100\n|-unboost|p2b: Gholdengo|spa|2\n|-damage|p2b: Gholdengo|50/100y|[from] item: Life Orb\n|move|p1b: Tyranitar|Rock Slide|p2b: Gholdengo|[spread] p2b\n|-miss|p1b: Tyranitar|p2a: Sylveon\n|-resisted|p2b: Gholdengo|1\n|-damage|p2b: Gholdengo|35/100\n|move|p2a: Sylveon|Hyper Voice|p1b: Tyranitar|[spread] p1a,p1b\n|-supereffective|p1a: Staraptor|1\n|-supereffective|p1b: Tyranitar|1\n|-damage|p1a: Staraptor|0 fnt\n|-damage|p1b: Tyranitar|10/100\n|faint|p1a: Staraptor\n|\n|-weather|Sandstorm|[upkeep]\n|-damage|p2a: Sylveon|32/100|[from] Sandstorm\n|upkeep\n|turn|6\n|-message|Kwiper forfeited.\n|\n|win|cesar097600\n|raw|Kwiper's rating: 1620 &rarr; <strong>1604</strong><br />(-16 for losing)\n|raw|cesar097600's rating: 1683 &rarr; <strong>1699</strong><br />(+16 for winning)\n","uploadtime":1788397963,"views":"1","formatid":"gen9championsvgc2026regmb","rating":1604,"private":0,"password":null}