{"id":"gen9championsvgc2026regmb-2674790113","format":"[Gen 9 Champions] VGC 2026 Reg M-B","players":["picklesdog2018","GenericEdgeLrd"],"log":"|j|☆picklesdog2018\n|j|☆GenericEdgeLrd\n|t:|1788407311\n|gametype|doubles\n|player|p1|picklesdog2018|102|1186\n|player|p2|GenericEdgeLrd|gentleman-gen4|1173\n|gen|9\n|tier|[Gen 9 Champions] VGC 2026 Reg M-B\n|rated|\n|rule|Species Clause: Limit one of each Pokémon\n|rule|Item Clause: Limit 1 of each item\n|clearpoke\n|poke|p1|Incineroar, L50, M|\n|poke|p1|Gardevoir, L50, M|\n|poke|p1|Basculegion, L50, M|\n|poke|p1|Pelipper, L50, F|\n|poke|p1|Archaludon, L50, M|\n|poke|p1|Maushold-Four, L50|\n|poke|p2|Whimsicott, L50, M|\n|poke|p2|Charizard, L50, M, shiny|\n|poke|p2|Gholdengo, L50|\n|poke|p2|Mamoswine, L50, M|\n|poke|p2|Overqwil, L50, F|\n|poke|p2|Farigiraf, L50, F|\n|teampreview|4\n|inactive|Battle timer is ON: inactive players will automatically lose when time's up. (requested by GenericEdgeLrd)\n|\n|t:|1788407330\n|teamsize|p1|4\n|teamsize|p2|4\n|start\n|switch|p1a: Gardevoir|Gardevoir, L50, M|100/100\n|switch|p1b: Maushold|Maushold-Four, L50|100/100\n|switch|p2a: Overqwil|Overqwil, L50, F|100/100\n|switch|p2b: Mamoswine|Mamoswine, L50, M|100/100\n|-ability|p2a: Overqwil|Intimidate|boost\n|-unboost|p1a: Gardevoir|atk|1\n|-unboost|p1b: Maushold|atk|1\n|-ability|p1a: Gardevoir|Oblivious|Trace|[from] ability: Trace|[of] p2b: Mamoswine\n|turn|1\n|\n|t:|1788407339\n|detailschange|p1a: Gardevoir|Gardevoir-Mega, L50, M\n|-mega|p1a: Gardevoir|Gardevoir|Gardevoirite\n|move|p1b: Maushold|Follow Me|p1b: Maushold\n|-singleturn|p1b: Maushold|move: Follow Me\n|move|p2a: Overqwil|Poison Jab|p1b: Maushold\n|-damage|p1b: Maushold|47/100\n|move|p2b: Mamoswine|Icicle Crash|p1b: Maushold\n|-damage|p1b: Maushold|0 fnt\n|faint|p1b: Maushold\n|move|p1a: Gardevoir|Calm Mind|p1a: Gardevoir\n|-boost|p1a: Gardevoir|spa|1\n|-boost|p1a: Gardevoir|spd|1\n|\n|upkeep\n|\n|t:|1788407345\n|switch|p1b: Pelipper|Pelipper, L50, F|100/100\n|-weather|RainDance|[from] ability: Drizzle|[of] p1b: Pelipper\n|turn|2\n|\n|t:|1788407358\n|move|p1a: Gardevoir|Protect|p1a: Gardevoir\n|-singleturn|p1a: Gardevoir|Protect\n|move|p2a: Overqwil|Poison Jab|p1a: Gardevoir\n|-activate|p1a: Gardevoir|move: Protect\n|move|p2b: Mamoswine|Rock Slide|p1a: Gardevoir|[spread] p1b\n|-activate|p1a: Gardevoir|move: Protect\n|-supereffective|p1b: Pelipper|1\n|-damage|p1b: Pelipper|57/100\n|move|p1b: Pelipper|Tailwind|p1b: Pelipper\n|-sidestart|p1: picklesdog2018|move: Tailwind\n|\n|-weather|RainDance|[upkeep]\n|upkeep\n|turn|3\n|inactive|picklesdog2018 has 30 seconds left.\n|inactive|picklesdog2018 has 20 seconds left.\n|\n|t:|1788407394\n|move|p2b: Mamoswine|Protect|p2b: Mamoswine\n|-singleturn|p2b: Mamoswine|Protect\n|move|p1a: Gardevoir|Hyper Voice|p2b: Mamoswine|[spread] p2a\n|-activate|p2b: Mamoswine|move: Protect\n|-damage|p2a: Overqwil|0 fnt\n|faint|p2a: Overqwil\n|move|p1b: Pelipper|Hurricane|p2b: Mamoswine\n|-activate|p2b: Mamoswine|move: Protect\n|\n|-weather|RainDance|[upkeep]\n|upkeep\n|\n|t:|1788407407\n|switch|p2a: Charizard|Charizard, L50, M, shiny|100/100\n|turn|4\n|\n|t:|1788407429\n|detailschange|p2a: Charizard|Charizard-Mega-Y, L50, M, shiny\n|-mega|p2a: Charizard|Charizard|Charizardite Y\n|-weather|SunnyDay|[from] ability: Drought|[of] p2a: Charizard\n|move|p2a: Charizard|Protect|p2a: Charizard\n|-singleturn|p2a: Charizard|Protect\n|move|p1a: Gardevoir|Hyper Voice|p2b: Mamoswine|[spread] p2b\n|-activate|p2a: Charizard|move: Protect\n|-damage|p2b: Mamoswine|0 fnt\n|faint|p2b: Mamoswine\n|move|p1b: Pelipper|Rain Dance|p1b: Pelipper\n|-weather|RainDance\n|\n|-weather|RainDance|[upkeep]\n|upkeep\n|\n|t:|1788407440\n|switch|p2b: Gholdengo|Gholdengo, L50|100/100\n|turn|5\n|inactive|picklesdog2018 has 30 seconds left.\n|inactive|picklesdog2018 has 20 seconds left.\n|\n|t:|1788407477\n|move|p1a: Gardevoir|Hyper Voice|p2a: Charizard|[spread] p2a,p2b\n|-resisted|p2a: Charizard|1\n|-resisted|p2b: Gholdengo|1\n|-damage|p2a: Charizard|61/100\n|-damage|p2b: Gholdengo|50/100y\n|move|p1b: Pelipper|Weather Ball|p2b: Gholdengo\n|-damage|p2b: Gholdengo|0 fnt\n|faint|p2b: Gholdengo\n|move|p2a: Charizard|Weather Ball|p1a: Gardevoir\n|-damage|p1a: Gardevoir|62/100\n|\n|-weather|RainDance|[upkeep]\n|-sideend|p1: picklesdog2018|move: Tailwind\n|upkeep\n|turn|6\n|\n|t:|1788407497\n|move|p2a: Charizard|Weather Ball|p1a: Gardevoir\n|-damage|p1a: Gardevoir|24/100\n|move|p1a: Gardevoir|Psyshock|p2a: Charizard\n|-damage|p2a: Charizard|0 fnt\n|faint|p2a: Charizard\n|\n|win|picklesdog2018\n|raw|picklesdog2018's rating: 1186 &rarr; <strong>1210</strong><br />(+24 for winning)\n|raw|GenericEdgeLrd's rating: 1173 &rarr; <strong>1149</strong><br />(-24 for losing)\n","uploadtime":1788407503,"views":"3","formatid":"gen9championsvgc2026regmb","rating":1149,"private":0,"password":null}