{"id":"gen9championsvgc2026regmb-2674247362","format":"[Gen 9 Champions] VGC 2026 Reg M-B","players":["9syn!d","Noobiedoobie537"],"log":"|j|☆9syn!d\n|j|☆Noobiedoobie537\n|t:|1788322759\n|gametype|doubles\n|player|p1|9syn!d|266|1132\n|player|p2|Noobiedoobie537|lucas-gen4pt|1033\n|gen|9\n|tier|[Gen 9 Champions] VGC 2026 Reg M-B\n|rated|\n|rule|Species Clause: Limit one of each Pokémon\n|rule|Item Clause: Limit 1 of each item\n|clearpoke\n|poke|p1|Glimmora, L50, F|\n|poke|p1|Charizard, L50, F|\n|poke|p1|Venusaur, L50, F|\n|poke|p1|Torkoal, L50, M|\n|poke|p1|Pelipper, L50, F|\n|poke|p1|Gengar, L50, F|\n|poke|p2|Reuniclus, L50, F, shiny|\n|poke|p2|Farigiraf, L50, M|\n|poke|p2|Sneasler, L50, F|\n|poke|p2|Pelipper, L50, F|\n|poke|p2|Swampert, L50, F|\n|poke|p2|Mawile, L50, M|\n|teampreview|4\n9syn!d has agreed to open team sheets.\n|\n|t:|1788322801\n|teamsize|p1|4\n|teamsize|p2|4\n|start\n|switch|p1a: Glimmora|Glimmora, L50, F|100/100\n|switch|p1b: Gengar|Gengar, L50, F|100/100\n|switch|p2a: Sneasler|Sneasler, L50, F|100/100\n|switch|p2b: sukuna|Reuniclus, L50, F, shiny|100/100\n|turn|1\n|inactive|Battle timer is ON: inactive players will automatically lose when time's up. (requested by Noobiedoobie537)\n|c|☆9syn!d|how to use team sheets\n|c|☆9syn!d|i am new\n|\n|t:|1788322824\n|move|p2a: Sneasler|Fake Out|p1a: Glimmora\n|-resisted|p1a: Glimmora|1\n|-damage|p1a: Glimmora|90/100\n|-activate|p1a: Glimmora|ability: Toxic Debris\n|-sidestart|p2: Noobiedoobie537|move: Toxic Spikes\n|move|p1b: Gengar|Knock Off|p2b: sukuna\n|-supereffective|p2b: sukuna|1\n|-crit|p2b: sukuna\n|-damage|p2b: sukuna|38/100\n|-enditem|p2b: sukuna|Life Orb|[from] move: Knock Off|[of] p1b: Gengar\n|cant|p1a: Glimmora|flinch\n|move|p2b: sukuna|Psychic|p1b: Gengar\n|-supereffective|p1b: Gengar|1\n|-damage|p1b: Gengar|0 fnt\n|faint|p1b: Gengar\n|\n|upkeep\n|\n|t:|1788322841\n|switch|p1b: Charizard|Charizard, L50, F|100/100\n|turn|2\n|c|☆Noobiedoobie537|mb cuz i didn't agree to them\n|c|☆Noobiedoobie537|i didn't see\n|\n|t:|1788322859\n|move|p1b: Charizard|Protect|p1b: Charizard\n|-singleturn|p1b: Charizard|Protect\n|move|p2b: sukuna|Protect|p2b: sukuna\n|-singleturn|p2b: sukuna|Protect\n|move|p2a: Sneasler|Dire Claw|p1b: Charizard\n|-activate|p1b: Charizard|move: Protect\n|move|p1a: Glimmora|Mortal Spin|p2b: sukuna|[spread] p2a\n|-activate|p2b: sukuna|move: Protect\n|-resisted|p2a: Sneasler|1\n|-damage|p2a: Sneasler|94/100\n|\n|upkeep\n|turn|3\n|inactive|9syn!d has 30 seconds left.\n|\n|t:|1788322887\n|detailschange|p1b: Charizard|Charizard-Mega-Y, L50, F\n|-mega|p1b: Charizard|Charizard|Charizardite Y\n|-weather|SunnyDay|[from] ability: Drought|[of] p1b: Charizard\n|move|p1a: Glimmora|Spiky Shield|p1a: Glimmora\n|-singleturn|p1a: Glimmora|move: Protect\n|move|p2a: Sneasler|Dire Claw|p1b: Charizard\n|-damage|p1b: Charizard|40/100\n|move|p1b: Charizard|Flamethrower|p2a: Sneasler\n|-damage|p2a: Sneasler|0 fnt\n|faint|p2a: Sneasler\n|move|p2b: sukuna|Psychic|p1a: Glimmora\n|-activate|p1a: Glimmora|move: Protect\n|\n|-weather|SunnyDay|[upkeep]\n|upkeep\n|\n|t:|1788322897\n|switch|p2a: Pelipper|Pelipper, L50, F|100/100\n|-weather|RainDance|[from] ability: Drizzle|[of] p2a: Pelipper\n|turn|4\n|\n|t:|1788322912\n|switch|p1b: Torkoal|Torkoal, L50, M|100/100\n|-weather|SunnyDay|[from] ability: Drought|[of] p1b: Torkoal\n|move|p1a: Glimmora|Mortal Spin|p2a: Pelipper|[spread] p2a,p2b\n|-damage|p2a: Pelipper|91/100\n|-damage|p2b: sukuna|30/100\n|-status|p2a: Pelipper|psn\n|-status|p2b: sukuna|psn\n|move|p2a: Pelipper|Weather Ball|p1a: Glimmora\n|-resisted|p1a: Glimmora|1\n|-damage|p1a: Glimmora|55/100\n|move|p2b: sukuna|Psychic|p1b: Torkoal\n|-damage|p1b: Torkoal|54/100\n|\n|-weather|SunnyDay|[upkeep]\n|-damage|p2a: Pelipper|79/100 psn|[from] psn\n|upkeep\n|turn|5\n|\n|t:|1788322933\n|move|p1a: Glimmora|Spiky Shield|p1a: Glimmora\n|-singleturn|p1a: Glimmora|move: Protect\n|move|p2a: Pelipper|Protect|p2a: Pelipper\n|-singleturn|p2a: Pelipper|Protect\n|move|p2b: sukuna|Protect|p2b: sukuna\n|-singleturn|p2b: sukuna|Protect\n|move|p1b: Torkoal|Protect||[still]\n|-fail|p1b: Torkoal\n|\n|-weather|SunnyDay|[upkeep]\n|-damage|p2a: Pelipper|67/100 psn|[from] psn\n|upkeep\n|turn|6\n|\n|t:|1788322952\n|move|p1a: Glimmora|Venoshock|p2a: Pelipper\n|-damage|p2a: Pelipper|0 fnt\n|faint|p2a: Pelipper\n|move|p2b: sukuna|Psychic|p1b: Torkoal\n|-damage|p1b: Torkoal|7/100\n|-enditem|p1b: Torkoal|Sitrus Berry|[eat]\n|-heal|p1b: Torkoal|32/100|[from] item: Sitrus Berry\n|move|p1b: Torkoal|Iron Defense|p1b: Torkoal\n|-boost|p1b: Torkoal|def|2\n|\n|-weather|SunnyDay|[upkeep]\n|upkeep\n|\n|t:|1788322956\n|switch|p2a: Mawile|Mawile, L50, M|100/100\n|-ability|p2a: Mawile|Intimidate|boost\n|-unboost|p1a: Glimmora|atk|1\n|-unboost|p1b: Torkoal|atk|1\n|turn|7\n|inactive|9syn!d has 30 seconds left.\n|\n|t:|1788322984\n|detailschange|p2a: Mawile|Mawile-Mega, L50, M\n|-mega|p2a: Mawile|Mawile|Mawilite\n|move|p2a: Mawile|Protect|p2a: Mawile\n|-singleturn|p2a: Mawile|Protect\n|move|p1a: Glimmora|Venoshock|p2b: sukuna\n|-damage|p2b: sukuna|0 fnt\n|faint|p2b: sukuna\n|move|p1b: Torkoal|Eruption|p2a: Mawile\n|-activate|p2a: Mawile|move: Protect\n|\n|-weather|SunnyDay|[upkeep]\n|upkeep\n|turn|8\n|\n|t:|1788322998\n|switch|p1a: Charizard|Charizard-Mega-Y, L50, F|40/100\n|move|p2a: Mawile|Sucker Punch|p1b: Torkoal\n|-damage|p1b: Torkoal|14/100\n|move|p1b: Torkoal|Eruption|p2a: Mawile\n|-supereffective|p2a: Mawile|1\n|-damage|p2a: Mawile|75/100\n|\n|-weather|none\n|upkeep\n|turn|9\n|\n|t:|1788323012\n|move|p2a: Mawile|Sucker Punch|p1a: Charizard\n|-damage|p1a: Charizard|0 fnt\n|faint|p1a: Charizard\n|move|p1b: Torkoal|Eruption|p2a: Mawile\n|-supereffective|p2a: Mawile|1\n|-damage|p2a: Mawile|59/100\n|\n|upkeep\n|\n|t:|1788323019\n|switch|p1a: Glimmora|Glimmora, L50, F|55/100\n|turn|10\n|\n|t:|1788323026\n|move|p2a: Mawile|Sucker Punch|p1a: Glimmora\n|-damage|p1a: Glimmora|1/100\n|-activate|p1a: Glimmora|ability: Toxic Debris\n|-sidestart|p2: Noobiedoobie537|move: Toxic Spikes\n|move|p1a: Glimmora|Rock Slide|p2a: Mawile\n|-resisted|p2a: Mawile|1\n|-damage|p2a: Mawile|48/100\n|move|p1b: Torkoal|Eruption|p2a: Mawile\n|-supereffective|p2a: Mawile|1\n|-damage|p2a: Mawile|31/100\n|\n|upkeep\n|turn|11\n|\n|t:|1788323038\n|move|p1a: Glimmora|Spiky Shield|p1a: Glimmora\n|-singleturn|p1a: Glimmora|move: Protect\n|move|p1b: Torkoal|Protect|p1b: Torkoal\n|-singleturn|p1b: Torkoal|Protect\n|move|p2a: Mawile|Sucker Punch||[still]\n|-fail|p2a: Mawile\n|\n|upkeep\n|turn|12\n|\n|t:|1788323048\n|move|p2a: Mawile|Sucker Punch|p1b: Torkoal\n|-damage|p1b: Torkoal|0 fnt\n|faint|p1b: Torkoal\n|move|p1a: Glimmora|Rock Slide|p2a: Mawile\n|-resisted|p2a: Mawile|1\n|-damage|p2a: Mawile|21/100\n|\n|upkeep\n|turn|13\n|\n|t:|1788323055\n|move|p1a: Glimmora|Spiky Shield|p1a: Glimmora\n|-singleturn|p1a: Glimmora|move: Protect\n|move|p2a: Mawile|Sucker Punch||[still]\n|-fail|p2a: Mawile\n|\n|upkeep\n|turn|14\n|\n|t:|1788323060\n|move|p2a: Mawile|Sucker Punch|p1a: Glimmora\n|-damage|p1a: Glimmora|0 fnt\n|faint|p1a: Glimmora\n|\n|win|Noobiedoobie537\n|raw|9syn!d's rating: 1132 &rarr; <strong>1100</strong><br />(-32 for losing)\n|raw|Noobiedoobie537's rating: 1033 &rarr; <strong>1078</strong><br />(+45 for winning)\n|l|☆9syn!d\n|player|p1|\n|c|☆Noobiedoobie537|gg\n","uploadtime":1788323068,"views":"0","formatid":"gen9championsvgc2026regmb","rating":1078,"private":0,"password":null}