{"id":"gen9championsvgc2026regmbbo3-2674079538","format":"[Gen 9 Champions] VGC 2026 Reg M-B (Bo3)","players":["OssiGT","JakAttack626"],"log":"|j|☆OssiGT\n|j|☆JakAttack626\n|html|<table width=\"100%\"><tr><td align=\"left\">OssiGT</td><td align=\"right\">JakAttack626</tr><tr><td align=\"left\"><i class=\"fa fa-circle\"></i> <i class=\"fa fa-circle-o\"></i> </td><td align=\"right\"><i class=\"fa fa-circle-o\"></i> <i class=\"fa fa-circle\"></i> </tr></table>\n|uhtml|bestof|<h2><strong>Game 3</strong> of <a href=\"/game-bestof3-gen9championsvgc2026regmbbo3-2674075653\">a best-of-3</a></h2>\n|t:|1788296298\n|gametype|doubles\n|player|p1|OssiGT|hilbert|1307\n|player|p2|JakAttack626|pryce|1185\n|gen|9\n|tier|[Gen 9 Champions] VGC 2026 Reg M-B (Bo3)\n|rated|\n|rule|Species Clause: Limit one of each Pokémon\n|rule|Item Clause: Limit 1 of each item\n|clearpoke\n|poke|p1|Whimsicott, L50, F|\n|poke|p1|Garchomp, L50, M|\n|poke|p1|Charizard, L50, M|\n|poke|p1|Basculegion, L50, M|\n|poke|p1|Kingambit, L50, F|\n|poke|p1|Floette-Eternal, L50, F|\n|poke|p2|Scovillain, L50, F, shiny|\n|poke|p2|Basculegion, L50, M|\n|poke|p2|Kingambit, L50, M|\n|poke|p2|Sneasler, L50, F|\n|poke|p2|Lycanroc-Dusk, L50, M|\n|poke|p2|Froslass, L50, F|\n|teampreview|4\n|showteam|p1|Whimsicott||FocusSash|Prankster|Moonblast,Tailwind,Encore,Protect|Timid||F|||50|]Garchomp||LifeOrb|RoughSkin|DragonClaw,StompingTantrum,RockSlide,Protect|Jolly||M|||50|]Charizard||CharizarditeY|Blaze|HeatWave,WeatherBall,AncientPower,Protect|Timid||M|||50|]Basculegion||MysticWater|Adaptability|WaveCrash,LastRespects,AquaJet,Protect|Adamant||M|||50|]Kingambit||OccaBerry|Defiant|KowtowCleave,SuckerPunch,LowKick,IronHead|Adamant||F|||50|]Floette-Eternal||Floettite|FlowerVeil|Moonblast,DazzlingGleam,LightofRuin,Protect|Timid||F|||50|\n|showteam|p2|Scovillain||Scovillainite|Moody|GigaDrain,Overheat,RagePowder,Protect|Bold||F|||50|]Basculegion||LifeOrb|Adaptability|WaveCrash,AquaJet,LastRespects,Protect|Adamant||M|||50|]Kingambit||BlackGlasses|Defiant|KowtowCleave,SuckerPunch,SwordsDance,Protect|Adamant||M|||50|]Sneasler||WhiteHerb|Unburden|DireClaw,CloseCombat,FakeOut,Protect|Adamant||F|||50|]Lycanroc-Dusk||FocusSash|ToughClaws|RockSlide,CloseCombat,Accelerock,Protect|Adamant||M|||50|]Froslass||Froslassite|CursedBody|Blizzard,ShadowBall,AuroraVeil,Protect|Timid||F|||50|\n|inactive|Battle timer is ON: inactive players will automatically lose when time's up. (requested by JakAttack626)\n|\n|t:|1788296346\n|teamsize|p1|4\n|teamsize|p2|4\n|start\n|switch|p1a: Garchomp|Garchomp, L50, M|100/100\n|switch|p1b: Basculegion|Basculegion, L50, M|100/100\n|switch|p2a: Hot One|Scovillain, L50, F, shiny|100/100\n|switch|p2b: SeaWater|Basculegion, L50, M|100/100\n|turn|1\n|inactive|JakAttack626 has 30 seconds left.\n|inactive|JakAttack626 has 20 seconds left.\n|inactive|OssiGT has 30 seconds left.\n|inactive|JakAttack626 has 15 seconds left.\n|inactive|JakAttack626 has 10 seconds left.\n|\n|t:|1788296396\n|switch|p1a: Charizard|Charizard, L50, M|100/100\n|move|p2a: Hot One|Protect|p2a: Hot One\n|-singleturn|p2a: Hot One|Protect\n|move|p1b: Basculegion|Wave Crash|p2a: Hot One\n|-activate|p2a: Hot One|move: Protect\n|move|p2b: SeaWater|Wave Crash|p1b: Basculegion\n|-resisted|p1b: Basculegion|1\n|-damage|p1b: Basculegion|37/100\n|-damage|p2b: SeaWater|79/100|[from] Recoil\n|-damage|p2b: SeaWater|69/100|[from] item: Life Orb\n|\n|-ability|p2a: Hot One|Moody|boost\n|-boost|p2a: Hot One|atk|2\n|-unboost|p2a: Hot One|spa|1\n|upkeep\n|turn|2\n|inactive|OssiGT has 30 seconds left.\n|\n|t:|1788296423\n|detailschange|p1a: Charizard|Charizard-Mega-Y, L50, M\n|-mega|p1a: Charizard|Charizard|Charizardite Y\n|-weather|SunnyDay|[from] ability: Drought|[of] p1a: Charizard\n|detailschange|p2a: Hot One|Scovillain-Mega, L50, F, shiny\n|-mega|p2a: Hot One|Scovillain|Scovillainite\n|move|p2b: SeaWater|Protect|p2b: SeaWater\n|-singleturn|p2b: SeaWater|Protect\n|move|p1a: Charizard|Heat Wave|p2a: Hot One|[spread] p2a\n|-activate|p2b: SeaWater|move: Protect\n|-damage|p2a: Hot One|31/100\n|move|p1b: Basculegion|Last Respects|p2b: SeaWater\n|-activate|p2b: SeaWater|move: Protect\n|move|p2a: Hot One|Giga Drain|p1b: Basculegion\n|-supereffective|p1b: Basculegion|1\n|-damage|p1b: Basculegion|0 fnt\n|-heal|p2a: Hot One|53/100|[from] drain|[of] p1b: Basculegion\n|faint|p1b: Basculegion\n|\n|-weather|SunnyDay|[upkeep]\n|upkeep\n|\n|t:|1788296434\n|switch|p1b: Whimsicott|Whimsicott, L50, F|100/100\n|turn|3\n|\n|t:|1788296452\n|move|p1b: Whimsicott|Encore|p2b: SeaWater\n|-start|p2b: SeaWater|Encore\n|move|p2b: SeaWater|Protect||[still]\n|-fail|p2b: SeaWater\n|move|p1a: Charizard|Weather Ball|p2a: Hot One\n|-damage|p2a: Hot One|0 fnt\n|faint|p2a: Hot One\n|\n|-weather|SunnyDay|[upkeep]\n|upkeep\n|\n|t:|1788296461\n|switch|p2a: Dirt road|Lycanroc-Dusk, L50, M|100/100\n|turn|4\n|\n|t:|1788296472\n|switch|p1a: Garchomp|Garchomp, L50, M|100/100\n|switch|p2b: Kachow|Sneasler, L50, F|100/100\n|move|p1b: Whimsicott|Moonblast|p2a: Dirt road\n|-damage|p2a: Dirt road|41/100\n|move|p2a: Dirt road|Rock Slide|p1a: Garchomp|[spread] p1b\n|-miss|p2a: Dirt road|p1a: Garchomp\n|-damage|p1b: Whimsicott|55/100\n|\n|-weather|SunnyDay|[upkeep]\n|upkeep\n|turn|5\n|inactive|JakAttack626 has 30 seconds left.\n|\n|t:|1788296500\n|move|p1b: Whimsicott|Protect|p1b: Whimsicott\n|-singleturn|p1b: Whimsicott|Protect\n|move|p2a: Dirt road|Protect|p2a: Dirt road\n|-singleturn|p2a: Dirt road|Protect\n|move|p2b: Kachow|Close Combat|p1a: Garchomp\n|-damage|p1a: Garchomp|42/100\n|-unboost|p2b: Kachow|def|1\n|-unboost|p2b: Kachow|spd|1\n|-damage|p2b: Kachow|87/100|[from] ability: Rough Skin|[of] p1a: Garchomp\n|-enditem|p2b: Kachow|White Herb\n|-clearnegativeboost|p2b: Kachow|[silent]\n|move|p1a: Garchomp|Stomping Tantrum|p2b: Kachow\n|-supereffective|p2b: Kachow|1\n|-damage|p2b: Kachow|0 fnt\n|faint|p2b: Kachow\n|-damage|p1a: Garchomp|33/100|[from] item: Life Orb\n|\n|-weather|SunnyDay|[upkeep]\n|upkeep\n|\n|t:|1788296514\n|switch|p2b: SeaWater|Basculegion, L50, M|69/100\n|turn|6\n|inactive|OssiGT has 30 seconds left.\n|\n|t:|1788296540\n|move|p2a: Dirt road|Protect||[still]\n|-fail|p2a: Dirt road\n|move|p1b: Whimsicott|Encore|p2a: Dirt road\n|-start|p2a: Dirt road|Encore\n|move|p1a: Garchomp|Dragon Claw|p2b: SeaWater\n|-damage|p2b: SeaWater|11/100\n|-damage|p1a: Garchomp|23/100|[from] item: Life Orb\n|move|p2b: SeaWater|Last Respects|p1a: Garchomp\n|-damage|p1a: Garchomp|0 fnt\n|faint|p1a: Garchomp\n|-damage|p2b: SeaWater|1/100|[from] item: Life Orb\n|\n|-weather|none\n|upkeep\n|\n|t:|1788296552\n|switch|p1a: Charizard|Charizard-Mega-Y, L50, M|100/100\n|-weather|SunnyDay|[from] ability: Drought|[of] p1a: Charizard\n|turn|7\n|\n|t:|1788296561\n|move|p2a: Dirt road|Protect|p2a: Dirt road\n|-singleturn|p2a: Dirt road|Protect\n|move|p2b: SeaWater|Aqua Jet|p1a: Charizard\n|-supereffective|p1a: Charizard|1\n|-damage|p1a: Charizard|57/100\n|-damage|p2b: SeaWater|0 fnt|[from] item: Life Orb\n|faint|p2b: SeaWater\n|move|p1b: Whimsicott|Moonblast|p2a: Dirt road\n|-activate|p2a: Dirt road|move: Protect\n|move|p1a: Charizard|Weather Ball|p2a: Dirt road\n|-activate|p2a: Dirt road|move: Protect\n|\n|-weather|SunnyDay|[upkeep]\n|upkeep\n|turn|8\n|c|☆JakAttack626|gg\n|-message|JakAttack626 forfeited.\n|\n|win|OssiGT\n|raw|OssiGT's rating: 1307 &rarr; <strong>1320</strong><br />(+13 for winning)\n|raw|JakAttack626's rating: 1185 &rarr; <strong>1168</strong><br />(-17 for losing)\n","uploadtime":1788296575,"views":"0","formatid":"gen9championsvgc2026regmbbo3","rating":1168,"private":0,"password":null}