{"id":"gen9championsvgc2026regmb-2674918194","format":"[Gen 9 Champions] VGC 2026 Reg M-B","players":["king_kabaal","Thornlace48812"],"log":"|j|☆king_kabaal\n|j|☆Thornlace48812\n|t:|1788435729\n|gametype|doubles\n|player|p1|king_kabaal|169|1144\n|player|p2|Thornlace48812|102|1098\n|gen|9\n|tier|[Gen 9 Champions] VGC 2026 Reg M-B\n|rated|\n|rule|Species Clause: Limit one of each Pokémon\n|rule|Item Clause: Limit 1 of each item\n|clearpoke\n|poke|p1|Charizard, L50, F|\n|poke|p1|Pelipper, L50, M|\n|poke|p1|Archaludon, L50, F|\n|poke|p1|Venusaur, L50, M|\n|poke|p1|Swampert, L50, F|\n|poke|p1|Grimmsnarl, L50, M|\n|poke|p2|Garchomp, L50, F|\n|poke|p2|Charizard, L50, M|\n|poke|p2|Whimsicott, L50, F|\n|poke|p2|Sylveon, L50, M|\n|poke|p2|Kingambit, L50, M|\n|poke|p2|Basculegion, L50, M|\n|teampreview|4\n|inactive|Battle timer is ON: inactive players will automatically lose when time's up. (requested by Thornlace48812)\nThornlace48812 rejected open team sheets.\n|\n|t:|1788435738\n|teamsize|p1|4\n|teamsize|p2|4\n|start\n|switch|p1a: Pelipper|Pelipper, L50, M|100/100\n|switch|p1b: Archaludon|Archaludon, L50, F|100/100\n|switch|p2a: Charizard|Charizard, L50, M|100/100\n|switch|p2b: Garchomp|Garchomp, L50, F|100/100\n|-weather|RainDance|[from] ability: Drizzle|[of] p1a: Pelipper\n|turn|1\n|inactive|king_kabaal has 30 seconds left.\n|\n|t:|1788435765\n|switch|p1a: Swampert|Swampert, L50, F|100/100\n|detailschange|p2a: Charizard|Charizard-Mega-Y, L50, M\n|-mega|p2a: Charizard|Charizard|Charizardite Y\n|-weather|SunnyDay|[from] ability: Drought|[of] p2a: Charizard\n|move|p2b: Garchomp|Dragon Claw|p1a: Swampert\n|-damage|p1a: Swampert|46/100\n|-damage|p2b: Garchomp|90/100|[from] item: Life Orb\n|move|p1b: Archaludon|Dragon Pulse|p2b: Garchomp\n|-supereffective|p2b: Garchomp|1\n|-damage|p2b: Garchomp|1/100\n|move|p2a: Charizard|Heat Wave|p1b: Archaludon|[spread] p1a,p1b\n|-resisted|p1a: Swampert|1\n|-damage|p1a: Swampert|18/100\n|-damage|p1b: Archaludon|1/100\n|-status|p1b: Archaludon|brn\n|-ability|p1b: Archaludon|Stamina|boost\n|-boost|p1b: Archaludon|def|1\n|\n|-weather|SunnyDay|[upkeep]\n|-heal|p1b: Archaludon|6/100 brn|[from] item: Leftovers\n|-damage|p1b: Archaludon|1/100 brn|[from] brn\n|upkeep\n|turn|2\n|inactive|king_kabaal has 30 seconds left.\n|\n|t:|1788435793\n|detailschange|p1a: Swampert|Swampert-Mega, L50, F\n|-mega|p1a: Swampert|Swampert|Swampertite\n|move|p2b: Garchomp|Earthquake|p1b: Archaludon|[spread] p1a,p1b\n|-immune|p2a: Charizard\n|-supereffective|p1b: Archaludon|1\n|-damage|p1a: Swampert|0 fnt\n|-damage|p1b: Archaludon|0 fnt\n|faint|p1a: Swampert\n|faint|p1b: Archaludon\n|-damage|p2b: Garchomp|0 fnt|[from] item: Life Orb\n|faint|p2b: Garchomp\n|move|p2a: Charizard|Heat Wave|p1: Swampert|[notarget]\n|-fail|p2a: Charizard\n|\n|-weather|SunnyDay|[upkeep]\n|upkeep\n|\n|t:|1788435798\n|switch|p2b: Sylveon|Sylveon, L50, M|100/100\n|switch|p1b: Grimmsnarl|Grimmsnarl, L50, M|100/100\n|switch|p1a: Pelipper|Pelipper, L50, M|100/100\n|-weather|RainDance|[from] ability: Drizzle|[of] p1a: Pelipper\n|turn|3\n|\n|t:|1788435816\n|switch|p2a: Basculegion|Basculegion, L50, M|100/100\n|move|p1b: Grimmsnarl|Light Screen|p1b: Grimmsnarl\n|-sidestart|p1: king_kabaal|move: Light Screen\n|move|p1a: Pelipper|Tailwind|p1a: Pelipper\n|-sidestart|p1: king_kabaal|move: Tailwind\n|move|p2b: Sylveon|Hyper Voice|p1b: Grimmsnarl|[spread] p1a,p1b\n|-supereffective|p1b: Grimmsnarl|1\n|-damage|p1a: Pelipper|56/100\n|-damage|p1b: Grimmsnarl|52/100\n|\n|-weather|RainDance|[upkeep]\n|upkeep\n|turn|4\n|\n|t:|1788435835\n|move|p1b: Grimmsnarl|Reflect|p1b: Grimmsnarl\n|-sidestart|p1: king_kabaal|Reflect\n|move|p2a: Basculegion|Aqua Jet|p1a: Pelipper\n|-resisted|p1a: Pelipper|1\n|-damage|p1a: Pelipper|39/100\n|-enditem|p1a: Pelipper|Sitrus Berry|[eat]\n|-heal|p1a: Pelipper|64/100|[from] item: Sitrus Berry\n|move|p1a: Pelipper|Hurricane|p2b: Sylveon\n|-damage|p2b: Sylveon|69/100\n|move|p2b: Sylveon|Hyper Voice|p1a: Pelipper|[spread] p1a,p1b\n|-supereffective|p1b: Grimmsnarl|1\n|-damage|p1a: Pelipper|17/100\n|-damage|p1b: Grimmsnarl|0 fnt\n|faint|p1b: Grimmsnarl\n|\n|-weather|RainDance|[upkeep]\n|upkeep\n|turn|5\n|\n|t:|1788435846\n|move|p1a: Pelipper|Wide Guard|p1a: Pelipper\n|-singleturn|p1a: Pelipper|Wide Guard\n|move|p2a: Basculegion|Aqua Jet|p1a: Pelipper\n|-resisted|p1a: Pelipper|1\n|-damage|p1a: Pelipper|0 fnt\n|faint|p1a: Pelipper\n|\n|win|Thornlace48812\n|raw|king_kabaal's rating: 1144 &rarr; <strong>1120</strong><br />(-24 for losing)\n|raw|Thornlace48812's rating: 1157 &rarr; <strong>1181</strong><br />(+24 for winning)\n","uploadtime":1788435847,"views":"0","formatid":"gen9championsvgc2026regmb","rating":1120,"private":0,"password":null}