{"id":"gen9championsvgc2026regmbbo3-2673963881","format":"[Gen 9 Champions] VGC 2026 Reg M-B (Bo3)","players":["marcio1428","echoes630"],"log":"|j|☆marcio1428\n|j|☆echoes630\n|html|<table width=\"100%\"><tr><td align=\"left\">marcio1428</td><td align=\"right\">echoes630</tr><tr><td align=\"left\"><i class=\"fa fa-circle\"></i> <i class=\"fa fa-circle-o\"></i> </td><td align=\"right\"><i class=\"fa fa-circle-o\"></i> <i class=\"fa fa-circle\"></i> </tr></table>\n|uhtml|bestof|<h2><strong>Game 3</strong> of <a href=\"/game-bestof3-gen9championsvgc2026regmbbo3-2673958496\">a best-of-3</a></h2>\n|t:|1788282455\n|gametype|doubles\n|player|p1|marcio1428|2|1104\n|player|p2|echoes630|2|1209\n|gen|9\n|tier|[Gen 9 Champions] VGC 2026 Reg M-B (Bo3)\n|rated|\n|rule|Species Clause: Limit one of each Pokémon\n|rule|Item Clause: Limit 1 of each item\n|clearpoke\n|poke|p1|Staraptor, L50, F|\n|poke|p1|Whimsicott, L50, F|\n|poke|p1|Gholdengo, L50|\n|poke|p1|Farigiraf, L50, M|\n|poke|p1|Excadrill, L50, M|\n|poke|p1|Tyranitar, L50, F|\n|poke|p2|Raichu, L50, F|\n|poke|p2|Sneasler, L50, F|\n|poke|p2|Sinistcha, L50|\n|poke|p2|Gholdengo, L50|\n|poke|p2|Garchomp, L50, F|\n|poke|p2|Gyarados, L50, M|\n|teampreview|4\n|showteam|p1|Staraptor||Staraptite|Intimidate|BraveBird,CloseCombat,Tailwind,Protect|Jolly||F|||50|]Whimsicott||FocusSash|Prankster|Moonblast,Charm,Tailwind,Encore|Timid||F|||50|]Gholdengo||LifeOrb|GoodasGold|MakeItRain,ShadowBall,PowerGem,Protect|Timid|||||50|]Farigiraf||SitrusBerry|ArmorTail|Psychic,Thunderbolt,TrickRoom,NastyPlot|Bold||M|||50|]Excadrill||ExpertBelt|SandRush|Earthquake,IronHead,HighHorsepower,Protect|Adamant||M|||50|]Tyranitar||ChopleBerry|SandStream|RockSlide,KnockOff,LowKick,Protect|Adamant||F|||50|\n|showteam|p2|Raichu||RaichuniteY|LightningRod|ZapCannon,FocusBlast,FakeOut,Protect|Timid||F|||50|]Sneasler||FocusSash|PoisonTouch|FakeOut,CloseCombat,DireClaw,Protect|Jolly||F|||50|]Sinistcha||OccaBerry|Hospitality|MatchaGotcha,RagePowder,TrickRoom,Protect|Bold|||||50|]Gholdengo||SpellTag|GoodasGold|MakeItRain,ShadowBall,NastyPlot,Protect|Modest|||||50|]Garchomp||LifeOrb|RoughSkin|DragonClaw,Earthquake,RockSlide,Protect|Jolly||F|||50|]Gyarados||Gyaradosite|Intimidate|Waterfall,Crunch,Protect,DragonDance|Jolly||M|||50|\n|\n|t:|1788282597\n|teamsize|p1|4\n|teamsize|p2|4\n|start\n|switch|p1a: Staraptor|Staraptor, L50, F|100/100\n|switch|p1b: Whimsicott|Whimsicott, L50, F|100/100\n|switch|p2a: Raichu|Raichu, L50, F|100/100\n|switch|p2b: Gholdengo|Gholdengo, L50|100/100\n|-ability|p1a: Staraptor|Intimidate|boost\n|-unboost|p2a: Raichu|atk|1\n|-unboost|p2b: Gholdengo|atk|1\n|turn|1\n|\n|t:|1788282659\n|detailschange|p1a: Staraptor|Staraptor-Mega, L50, F\n|-mega|p1a: Staraptor|Staraptor|Staraptite\n|move|p2a: Raichu|Fake Out|p1a: Staraptor\n|-damage|p1a: Staraptor|93/100\n|move|p1b: Whimsicott|Tailwind|p1b: Whimsicott\n|-sidestart|p1: marcio1428|move: Tailwind\n|cant|p1a: Staraptor|flinch\n|move|p2b: Gholdengo|Nasty Plot|p2b: Gholdengo\n|-boost|p2b: Gholdengo|spa|2\n|\n|upkeep\n|turn|2\n|\n|t:|1788282711\n|move|p2a: Raichu|Protect|p2a: Raichu\n|-singleturn|p2a: Raichu|Protect\n|move|p1b: Whimsicott|Charm|p1a: Staraptor\n|-boost|p1a: Staraptor|atk|2\n|move|p1a: Staraptor|Close Combat|p2a: Raichu\n|-activate|p2a: Raichu|move: Protect\n|move|p2b: Gholdengo|Shadow Ball|p1a: Staraptor\n|-damage|p1a: Staraptor|0 fnt\n|faint|p1a: Staraptor\n|\n|upkeep\n|\n|t:|1788282753\n|switch|p1a: Excadrill|Excadrill, L50, M|100/100\n|turn|3\n|\n|t:|1788282810\n|switch|p2a: Gyarados|Gyarados, L50, M|100/100\n|-ability|p2a: Gyarados|Intimidate|boost\n|-unboost|p1a: Excadrill|atk|1\n|-unboost|p1b: Whimsicott|atk|1\n|move|p1b: Whimsicott|Moonblast|p2b: Gholdengo\n|-resisted|p2b: Gholdengo|1\n|-damage|p2b: Gholdengo|81/100\n|-unboost|p2b: Gholdengo|spa|1\n|move|p1a: Excadrill|Earthquake|p2a: Gyarados|[spread] p1b,p2b\n|-immune|p2a: Gyarados\n|-resisted|p1b: Whimsicott|1\n|-supereffective|p2b: Gholdengo|1\n|-damage|p1b: Whimsicott|80/100\n|-damage|p2b: Gholdengo|13/100\n|move|p2b: Gholdengo|Shadow Ball|p1a: Excadrill\n|-damage|p1a: Excadrill|2/100\n|\n|upkeep\n|turn|4\n|\n|t:|1788282842\n|switch|p1a: Tyranitar|Tyranitar, L50, F|100/100\n|-weather|Sandstorm|[from] ability: Sand Stream|[of] p1a: Tyranitar\n|move|p2b: Gholdengo|Protect|p2b: Gholdengo\n|-singleturn|p2b: Gholdengo|Protect\n|move|p1b: Whimsicott|Moonblast|p2b: Gholdengo\n|-activate|p2b: Gholdengo|move: Protect\n|move|p2a: Gyarados|Waterfall|p1a: Tyranitar\n|-supereffective|p1a: Tyranitar|1\n|-damage|p1a: Tyranitar|42/100\n|\n|-weather|Sandstorm|[upkeep]\n|-damage|p1b: Whimsicott|74/100|[from] Sandstorm\n|-damage|p2a: Gyarados|94/100|[from] Sandstorm\n|-sideend|p1: marcio1428|move: Tailwind\n|upkeep\n|turn|5\n|\n|t:|1788282863\n|switch|p2a: Raichu|Raichu, L50, F|100/100\n|move|p1b: Whimsicott|Tailwind|p1b: Whimsicott\n|-sidestart|p1: marcio1428|move: Tailwind\n|move|p1a: Tyranitar|Rock Slide|p2b: Gholdengo|[spread] p2a,p2b\n|-resisted|p2b: Gholdengo|1\n|-damage|p2a: Raichu|47/100\n|-damage|p2b: Gholdengo|0 fnt\n|faint|p2b: Gholdengo\n|\n|-weather|Sandstorm|[upkeep]\n|-damage|p1b: Whimsicott|68/100|[from] Sandstorm\n|-damage|p2a: Raichu|41/100|[from] Sandstorm\n|upkeep\n|\n|t:|1788282876\n|switch|p2b: Gyarados|Gyarados, L50, M|94/100\n|-ability|p2b: Gyarados|Intimidate|boost\n|-unboost|p1a: Tyranitar|atk|1\n|-unboost|p1b: Whimsicott|atk|1\n|turn|6\n|\n|t:|1788282889\n|move|p1a: Tyranitar|Protect|p1a: Tyranitar\n|-singleturn|p1a: Tyranitar|Protect\n|move|p2a: Raichu|Fake Out|p1a: Tyranitar\n|-activate|p1a: Tyranitar|move: Protect\n|move|p1b: Whimsicott|Moonblast|p2a: Raichu\n|-crit|p2a: Raichu\n|-damage|p2a: Raichu|0 fnt\n|faint|p2a: Raichu\n|move|p2b: Gyarados|Dragon Dance|p2b: Gyarados\n|-boost|p2b: Gyarados|atk|1\n|-boost|p2b: Gyarados|spe|1\n|\n|-weather|Sandstorm|[upkeep]\n|-damage|p1b: Whimsicott|62/100|[from] Sandstorm\n|-damage|p2b: Gyarados|88/100|[from] Sandstorm\n|upkeep\n|\n|t:|1788282893\n|switch|p2a: Garchomp|Garchomp, L50, F|100/100\n|turn|7\n|\n|t:|1788282912\n|detailschange|p2b: Gyarados|Gyarados-Mega, L50, M\n|-mega|p2b: Gyarados|Gyarados|Gyaradosite\n|-ability|p2b: Gyarados|Mold Breaker\n|move|p1b: Whimsicott|Charm|p2b: Gyarados\n|-hint|Since gen 7, Dark is immune to Prankster moves.\n|-immune|p2b: Gyarados\n|move|p2b: Gyarados|Waterfall|p1b: Whimsicott\n|-resisted|p1b: Whimsicott|1\n|-damage|p1b: Whimsicott|18/100\n|move|p2a: Garchomp|Earthquake|p1b: Whimsicott|[spread] p2b,p1a,p1b\n|-supereffective|p1a: Tyranitar|1\n|-resisted|p1b: Whimsicott|1\n|-damage|p2b: Gyarados|39/100\n|-damage|p1a: Tyranitar|0 fnt\n|-damage|p1b: Whimsicott|0 fnt\n|faint|p1a: Tyranitar\n|faint|p1b: Whimsicott\n|-damage|p2a: Garchomp|90/100|[from] item: Life Orb\n|\n|-weather|Sandstorm|[upkeep]\n|-damage|p2b: Gyarados|33/100|[from] Sandstorm\n|upkeep\n|c|☆echoes630|ggwp\n|-message|marcio1428 forfeited.\n|\n|win|echoes630\n|raw|marcio1428's rating: 1104 &rarr; <strong>1086</strong><br />(-18 for losing)\n|raw|echoes630's rating: 1209 &rarr; <strong>1227</strong><br />(+18 for winning)\n","uploadtime":1788282929,"views":"1","formatid":"gen9championsvgc2026regmbbo3","rating":1086,"private":0,"password":null}