{"id":"gen9championsvgc2026regmb-2674765544","format":"[Gen 9 Champions] VGC 2026 Reg M-B","players":["Jackie the sparrow","CRWN RVM3"],"log":"|j|☆Jackie the sparrow\n|j|☆CRWN RVM3\n|t:|1788402746\n|gametype|doubles\n|player|p1|Jackie the sparrow|169|1409\n|player|p2|CRWN RVM3|hilbert|1417\n|gen|9\n|tier|[Gen 9 Champions] VGC 2026 Reg M-B\n|rated|\n|rule|Species Clause: Limit one of each Pokémon\n|rule|Item Clause: Limit 1 of each item\n|clearpoke\n|poke|p1|Floette-Eternal, L50, F|\n|poke|p1|Basculegion, L50, M|\n|poke|p1|Kingambit, L50, F, shiny|\n|poke|p1|Charizard, L50, F|\n|poke|p1|Garchomp, L50, M|\n|poke|p1|Sneasler, L50, F|\n|poke|p2|Charizard, L50, M|\n|poke|p2|Venusaur, L50, F|\n|poke|p2|Pelipper, L50, F|\n|poke|p2|Archaludon, L50, M|\n|poke|p2|Grimmsnarl, L50, M|\n|poke|p2|Swampert, L50, M|\n|teampreview|4\n|inactive|Battle timer is ON: inactive players will automatically lose when time's up. (requested by CRWN RVM3)\n|inactive|Jackie the sparrow also wants the timer to be on.\n|inactive|Jackie the sparrow has 60 seconds left.\n|inactive|CRWN RVM3 has 60 seconds left.\n|j| Abstract_97\n|l| Abstract_97\n|inactive|Jackie the sparrow has 30 seconds left.\n|inactive|CRWN RVM3 has 30 seconds left.\n|inactive|Jackie the sparrow has 20 seconds left.\n|inactive|Jackie the sparrow has 15 seconds left.\n|inactive|Jackie the sparrow has 10 seconds left.\n|inactive|Jackie the sparrow has 5 seconds left.\n|\n|t:|1788402836\n|teamsize|p1|4\n|teamsize|p2|4\n|start\n|switch|p1a: Dahlia|Floette-Eternal, L50, F|100/100\n|switch|p1b: William|Basculegion, L50, M|100/100\n|switch|p2a: Swampert|Swampert, L50, M|100/100\n|switch|p2b: Hades|Grimmsnarl, L50, M|100/100\n|turn|1\n|inactive|Jackie the sparrow has 30 seconds left.\n|inactive|Jackie the sparrow has 20 seconds left.\n|inactive|Jackie the sparrow has 15 seconds left.\n|inactive|Jackie the sparrow has 10 seconds left.\n|inactive|Jackie the sparrow has 5 seconds left.\n|\n|t:|1788402892\n|detailschange|p2a: Swampert|Swampert-Mega, L50, M\n|-mega|p2a: Swampert|Swampert|Swampertite\n|move|p2b: Hades|Light Screen|p2b: Hades\n|-sidestart|p2: CRWN RVM3|move: Light Screen\n|move|p1a: Dahlia|Moonblast|p2b: Hades\n|-supereffective|p2b: Hades|1\n|-damage|p2b: Hades|37/100\n|move|p1b: William|Wave Crash|p2b: Hades\n|-damage|p2b: Hades|0 fnt\n|faint|p2b: Hades\n|-damage|p1b: William|87/100|[from] Recoil\n|-damage|p1b: William|77/100|[from] item: Life Orb\n|move|p2a: Swampert|Wave Crash|p1a: Dahlia\n|-damage|p1a: Dahlia|0 fnt\n|faint|p1a: Dahlia\n|-damage|p2a: Swampert|74/100|[from] Recoil\n|\n|upkeep\n|inactive|Jackie the sparrow has 30 seconds left.\n|inactive|CRWN RVM3 has 30 seconds left.\n|inactive|Jackie the sparrow has 20 seconds left.\n|inactive|Jackie the sparrow has 15 seconds left.\n|inactive|Jackie the sparrow has 10 seconds left.\n|inactive|Jackie the sparrow has 5 seconds left.\n|\n|t:|1788402947\n|switch|p1a: Boris|Kingambit, L50, F, shiny|100/100\n|switch|p2b: Pushing P|Pelipper, L50, F|100/100\n|-weather|RainDance|[from] ability: Drizzle|[of] p2b: Pushing P\n|turn|2\n|inactive|Jackie the sparrow has 30 seconds left.\n|inactive|Jackie the sparrow has 20 seconds left.\n|inactive|Jackie the sparrow has 15 seconds left.\n|inactive|Jackie the sparrow has 10 seconds left.\n|inactive|Jackie the sparrow has 5 seconds left.\n|\n|t:|1788403002\n|move|p1a: Boris|Sucker Punch|p2a: Swampert\n|-damage|p2a: Swampert|38/100\n|move|p2a: Swampert|Earthquake|p1a: Boris|[spread] p1a,p1b\n|-immune|p2b: Pushing P\n|-supereffective|p1a: Boris|1\n|-crit|p1a: Boris\n|-damage|p1a: Boris|10/100\n|-damage|p1b: William|23/100\n|move|p1b: William|Wave Crash|p2a: Swampert\n|-damage|p2a: Swampert|0 fnt\n|faint|p2a: Swampert\n|-damage|p1b: William|11/100|[from] Recoil\n|-damage|p1b: William|1/100|[from] item: Life Orb\n|move|p2b: Pushing P|Tailwind|p2b: Pushing P\n|-sidestart|p2: CRWN RVM3|move: Tailwind\n|\n|-weather|RainDance|[upkeep]\n|upkeep\n|\n|t:|1788403017\n|switch|p2a: Kronos|Archaludon, L50, M|100/100\n|turn|3\n|inactive|Jackie the sparrow has 30 seconds left.\n|inactive|Jackie the sparrow has 20 seconds left.\n|inactive|Jackie the sparrow has 15 seconds left.\n|inactive|Jackie the sparrow has 10 seconds left.\n|inactive|Jackie the sparrow has 5 seconds left.\n|\n|t:|1788403072\n|move|p1a: Boris|Sucker Punch|p2b: Pushing P\n|-crit|p2b: Pushing P\n|-damage|p2b: Pushing P|34/100\n|-enditem|p2b: Pushing P|Sitrus Berry|[eat]\n|-heal|p2b: Pushing P|59/100|[from] item: Sitrus Berry\n|move|p2a: Kronos|Electro Shot||[still]\n|-prepare|p2a: Kronos|Electro Shot\n|-boost|p2a: Kronos|spa|1\n|-anim|p2a: Kronos|Electro Shot|p1a: Boris\n|-damage|p1a: Boris|0 fnt\n|faint|p1a: Boris\n|move|p2b: Pushing P|Weather Ball|p1b: William\n|-resisted|p1b: William|1\n|-damage|p1b: William|0 fnt\n|faint|p1b: William\n|\n|-weather|RainDance|[upkeep]\n|upkeep\n|inactive|Jackie the sparrow has 30 seconds left.\n|inactive|Jackie the sparrow has 20 seconds left.\n|inactive|Jackie the sparrow has 15 seconds left.\n|inactive|Jackie the sparrow has 10 seconds left.\n|inactive|Jackie the sparrow has 5 seconds left.\n|\n|t:|1788403127\n|switch|p1a: Charizard|Charizard, L50, F|100/100\n|turn|4\n|\n|t:|1788403145\n|detailschange|p1a: Charizard|Charizard-Mega-Y, L50, F\n|-mega|p1a: Charizard|Charizard|Charizardite Y\n|-weather|SunnyDay|[from] ability: Drought|[of] p1a: Charizard\n|move|p2a: Kronos|Electro Shot||[still]\n|-prepare|p2a: Kronos|Electro Shot\n|-boost|p2a: Kronos|spa|1\n|move|p2b: Pushing P|Weather Ball|p1a: Charizard\n|-resisted|p1a: Charizard|1\n|-damage|p1a: Charizard|79/100\n|move|p1a: Charizard|Weather Ball|p2b: Pushing P\n|-resisted|p2b: Pushing P|1\n|-crit|p2b: Pushing P\n|-damage|p2b: Pushing P|0 fnt\n|faint|p2b: Pushing P\n|\n|-weather|SunnyDay|[upkeep]\n|upkeep\n|turn|5\n|\n|t:|1788403162\n|move|p1a: Charizard|Protect|p1a: Charizard\n|-singleturn|p1a: Charizard|Protect\n|move|p2a: Kronos|Electro Shot|p1a: Charizard|[from] lockedmove\n|-activate|p1a: Charizard|move: Protect\n|\n|-weather|SunnyDay|[upkeep]\n|-sideend|p2: CRWN RVM3|move: Tailwind\n|upkeep\n|turn|6\n|\n|t:|1788403179\n|move|p1a: Charizard|Weather Ball|p2a: Kronos\n|-damage|p2a: Kronos|43/100\n|-ability|p2a: Kronos|Stamina|boost\n|-boost|p2a: Kronos|def|1\n|move|p2a: Kronos|Dragon Pulse|p1a: Charizard\n|-damage|p1a: Charizard|9/100\n|\n|-weather|SunnyDay|[upkeep]\n|-heal|p2a: Kronos|49/100|[from] item: Leftovers\n|upkeep\n|turn|7\n|\n|t:|1788403192\n|move|p2a: Kronos|Protect|p2a: Kronos\n|-singleturn|p2a: Kronos|Protect\n|move|p1a: Charizard|Weather Ball|p2a: Kronos\n|-activate|p2a: Kronos|move: Protect\n|\n|-weather|SunnyDay|[upkeep]\n|-heal|p2a: Kronos|55/100|[from] item: Leftovers\n|upkeep\n|turn|8\n|\n|t:|1788403199\n|move|p1a: Charizard|Weather Ball|p2a: Kronos\n|-damage|p2a: Kronos|4/100\n|-ability|p2a: Kronos|Stamina|boost\n|-boost|p2a: Kronos|def|1\n|move|p2a: Kronos|Dragon Pulse|p1a: Charizard\n|-damage|p1a: Charizard|0 fnt\n|faint|p1a: Charizard\n|\n|win|CRWN RVM3\n|raw|Jackie the sparrow's rating: 1409 &rarr; <strong>1389</strong><br />(-20 for losing)\n|raw|CRWN RVM3's rating: 1417 &rarr; <strong>1437</strong><br />(+20 for winning)\n","uploadtime":1788403214,"views":"0","formatid":"gen9championsvgc2026regmb","rating":1389,"private":0,"password":null}