{"id":"gen9championsvgc2026regmb-2674214563","format":"[Gen 9 Champions] VGC 2026 Reg M-B","players":["pandwin__","lilcardscammer alt"],"log":"|j|☆pandwin__\n|j|☆lilcardscammer alt\n|t:|1788316706\n|gametype|doubles\n|player|p1|pandwin__|1|1170\n|player|p2|lilcardscammer alt|waitress-gen4|1268\n|gen|9\n|tier|[Gen 9 Champions] VGC 2026 Reg M-B\n|rated|\n|rule|Species Clause: Limit one of each Pokémon\n|rule|Item Clause: Limit 1 of each item\n|clearpoke\n|poke|p1|Salazzle, L50, F|\n|poke|p1|Toxapex, L50, M|\n|poke|p1|Sneasler, L50, F|\n|poke|p1|Dragalge, L50, F|\n|poke|p1|Bellibolt, L50, M|\n|poke|p1|Gliscor, L50, M|\n|poke|p2|Gengar, L50, M|\n|poke|p2|Incineroar, L50, M|\n|poke|p2|Sinistcha-Masterpiece, L50|\n|poke|p2|Sneasler, L50, F, shiny|\n|poke|p2|Ninetales-Alola, L50, F|\n|poke|p2|Floette-Eternal, L50, F|\n|teampreview|4\n|inactive|Battle timer is ON: inactive players will automatically lose when time's up. (requested by lilcardscammer alt)\n|\n|t:|1788316724\n|teamsize|p1|4\n|teamsize|p2|4\n|start\n|switch|p1a: Salazzle|Salazzle, L50, F|100/100\n|switch|p1b: Gliscor|Gliscor, L50, M|100/100\n|switch|p2a: sir debonaire|Gengar, L50, M|100/100\n|switch|p2b: Todo|Incineroar, L50, M|100/100\n|-ability|p2b: Todo|Intimidate|boost\n|-unboost|p1a: Salazzle|atk|1\n|-unboost|p1b: Gliscor|atk|1\n|turn|1\n|inactive|pandwin__ has 30 seconds left.\n|\n|t:|1788316750\n|detailschange|p2a: sir debonaire|Gengar-Mega, L50, M\n|-mega|p2a: sir debonaire|Gengar|Gengarite\n|move|p2b: Todo|Fake Out|p1a: Salazzle\n|-damage|p1a: Salazzle|82/100\n|cant|p1a: Salazzle|flinch\n|move|p2a: sir debonaire|Perish Song|p2a: sir debonaire\n|-start|p1a: Salazzle|perish3|[silent]\n|-start|p1b: Gliscor|perish3|[silent]\n|-start|p2a: sir debonaire|perish3|[silent]\n|-start|p2b: Todo|perish3|[silent]\n|-fieldactivate|move: Perish Song\n|move|p1b: Gliscor|Toxic|p2b: Todo\n|-status|p2b: Todo|tox\n|\n|-damage|p2b: Todo|94/100 tox|[from] psn\n|-start|p1a: Salazzle|perish3\n|-start|p2a: sir debonaire|perish3\n|-start|p1b: Gliscor|perish3\n|-start|p2b: Todo|perish3\n|upkeep\n|turn|2\n|\n|t:|1788316770\n|move|p2a: sir debonaire|Protect|p2a: sir debonaire\n|-singleturn|p2a: sir debonaire|Protect\n|move|p2b: Todo|Protect|p2b: Todo\n|-singleturn|p2b: Todo|Protect\n|move|p1a: Salazzle|Toxic|p1b: Gliscor\n|-status|p1b: Gliscor|tox\n|move|p1b: Gliscor|Crabhammer|p2b: Todo\n|-activate|p2b: Todo|move: Protect\n|\n|-damage|p2b: Todo|82/100 tox|[from] psn\n|-start|p1a: Salazzle|perish2\n|-start|p2a: sir debonaire|perish2\n|-start|p1b: Gliscor|perish2\n|-start|p2b: Todo|perish2\n|upkeep\n|turn|3\n|inactive|pandwin__ has 30 seconds left.\n|\n|t:|1788316799\n|switch|p2a: its a party|Sinistcha-Masterpiece, L50|100/100\n|-heal|p2b: Todo|100/100 tox|[from] ability: Hospitality|[of] p2a: its a party\n|move|p1a: Salazzle|Protect|p1a: Salazzle\n|-singleturn|p1a: Salazzle|Protect\n|move|p1b: Gliscor|Earthquake|p2b: Todo|[spread] p2a,p2b\n|-activate|p1a: Salazzle|move: Protect\n|-resisted|p2a: its a party|1\n|-supereffective|p2b: Todo|1\n|-damage|p2a: its a party|92/100\n|-damage|p2b: Todo|69/100 tox\n|move|p2b: Todo|Parting Shot|p2a: its a party\n|-unboost|p2a: its a party|atk|1\n|-unboost|p2a: its a party|spa|1\n|\n|t:|1788316803\n|switch|p2b: sir debonaire|Gengar-Mega, L50, M|100/100|[from] Parting Shot\n|\n|-start|p1a: Salazzle|perish1\n|-start|p1b: Gliscor|perish1\n|upkeep\n|turn|4\n|\n|t:|1788316826\n|move|p2b: sir debonaire|Protect|p2b: sir debonaire\n|-singleturn|p2b: sir debonaire|Protect\n|move|p2a: its a party|Protect|p2a: its a party\n|-singleturn|p2a: its a party|Protect\n|move|p1a: Salazzle|Toxic|p2b: sir debonaire\n|-activate|p2b: sir debonaire|move: Protect\n|move|p1b: Gliscor|Toxic|p2a: its a party\n|-activate|p2a: its a party|move: Protect\n|\n|-start|p1a: Salazzle|perish0\n|-start|p1b: Gliscor|perish0\n|faint|p1a: Salazzle\n|faint|p1b: Gliscor\n|upkeep\n|\n|t:|1788316830\n|switch|p1a: Dragalge|Dragalge, L50, F|100/100\n|switch|p1b: Toxapex|Toxapex, L50, M|100/100\n|turn|5\n|c|☆lilcardscammer alt|quadruple poison is crazy 😭\n|inactive|pandwin__ has 30 seconds left.\n|\n|t:|1788316856\n|detailschange|p1a: Dragalge|Dragalge-Mega, L50, F\n|-mega|p1a: Dragalge|Dragalge|Dragalgite\n|move|p2a: its a party|Rage Powder|p2a: its a party\n|-singleturn|p2a: its a party|move: Rage Powder\n|move|p2b: sir debonaire|Perish Song|p2b: sir debonaire\n|-start|p1a: Dragalge|perish3|[silent]\n|-start|p1b: Toxapex|perish3|[silent]\n|-start|p2a: its a party|perish3|[silent]\n|-start|p2b: sir debonaire|perish3|[silent]\n|-fieldactivate|move: Perish Song\n|move|p1a: Dragalge|Draco Meteor|p2a: its a party|[miss]\n|-miss|p1a: Dragalge|p2a: its a party\n|move|p1b: Toxapex|Infestation|p2a: its a party\n|-damage|p2a: its a party|89/100\n|-activate|p2a: its a party|move: Infestation|[of] p1b: Toxapex\n|\n|-damage|p2a: its a party|77/100|[from] move: Infestation|[partiallytrapped]\n|-start|p2b: sir debonaire|perish3\n|-start|p2a: its a party|perish3\n|-start|p1a: Dragalge|perish3\n|-start|p1b: Toxapex|perish3\n|upkeep\n|turn|6\n|\n|t:|1788316875\n|move|p2b: sir debonaire|Protect|p2b: sir debonaire\n|-singleturn|p2b: sir debonaire|Protect\n|move|p2a: its a party|Protect|p2a: its a party\n|-singleturn|p2a: its a party|Protect\n|move|p1a: Dragalge|Draco Meteor|p2b: sir debonaire\n|-activate|p2b: sir debonaire|move: Protect\n|move|p1b: Toxapex|Toxic|p2a: its a party\n|-activate|p2a: its a party|move: Protect\n|\n|-damage|p2a: its a party|64/100|[from] move: Infestation|[partiallytrapped]\n|-start|p2b: sir debonaire|perish2\n|-start|p2a: its a party|perish2\n|-start|p1a: Dragalge|perish2\n|-start|p1b: Toxapex|perish2\n|upkeep\n|turn|7\n|\n|t:|1788316892\n|switch|p2a: Todo|Incineroar, L50, M|69/100 tox\n|-ability|p2a: Todo|Intimidate|boost\n|-unboost|p1a: Dragalge|atk|1\n|-unboost|p1b: Toxapex|atk|1\n|move|p2b: sir debonaire|Disable|p1a: Dragalge\n|-start|p1a: Dragalge|Disable|Draco Meteor\n|cant|p1a: Dragalge|Disable|Draco Meteor\n|move|p1b: Toxapex|Toxic|p2a: Todo\n|-fail|p2a: Todo|tox\n|\n|-damage|p2a: Todo|63/100 tox|[from] psn\n|-start|p2b: sir debonaire|perish1\n|-start|p1a: Dragalge|perish1\n|-start|p1b: Toxapex|perish1\n|upkeep\n|turn|8\n|\n|t:|1788316905\n|switch|p2b: its a party|Sinistcha-Masterpiece, L50|64/100\n|-heal|p2a: Todo|88/100 tox|[from] ability: Hospitality|[of] p2b: its a party\n|move|p1a: Dragalge|Protect|p1a: Dragalge\n|-singleturn|p1a: Dragalge|Protect\n|move|p1b: Toxapex|Baneful Bunker|p1b: Toxapex\n|-singleturn|p1b: Toxapex|move: Protect\n|move|p2a: Todo|Fake Out|p1a: Dragalge\n|-activate|p1a: Dragalge|move: Protect\n|\n|-damage|p2a: Todo|76/100 tox|[from] psn\n|-start|p1a: Dragalge|perish0\n|-start|p1b: Toxapex|perish0\n|faint|p1a: Dragalge\n|faint|p1b: Toxapex\n|\n|win|lilcardscammer alt\n|raw|pandwin__'s rating: 1170 &rarr; <strong>1152</strong><br />(-18 for losing)\n|raw|lilcardscammer alt's rating: 1268 &rarr; <strong>1286</strong><br />(+18 for winning)\n","uploadtime":1788316914,"views":"9","formatid":"gen9championsvgc2026regmb","rating":1152,"private":0,"password":null}