{"id":"gen9championsvgc2026regmbbo3-2674874741","format":"[Gen 9 Champions] VGC 2026 Reg M-B (Bo3)","players":["Sleepy_general","okkia3"],"log":"|j|☆Sleepy_general\n|j|☆okkia3\n|html|<table width=\"100%\"><tr><td align=\"left\">Sleepy_general</td><td align=\"right\">okkia3</tr><tr><td align=\"left\"><i class=\"fa fa-circle\"></i> <i class=\"fa fa-circle-o\"></i> </td><td align=\"right\"><i class=\"fa fa-circle-o\"></i> <i class=\"fa fa-circle-o\"></i> </tr></table>\n|uhtml|bestof|<h2><strong>Game 2</strong> of <a href=\"/game-bestof3-gen9championsvgc2026regmbbo3-2674872554\">a best-of-3</a></h2>\n|t:|1788426666\n|gametype|doubles\n|player|p1|Sleepy_general|silver|1127\n|player|p2|okkia3|102|1021\n|gen|9\n|tier|[Gen 9 Champions] VGC 2026 Reg M-B (Bo3)\n|rated|\n|rule|Species Clause: Limit one of each Pokémon\n|rule|Item Clause: Limit 1 of each item\n|clearpoke\n|poke|p1|Froslass, L50, F|\n|poke|p1|Glimmora, L50, M, shiny|\n|poke|p1|Garchomp, L50, M, shiny|\n|poke|p1|Kingambit, L50, F, shiny|\n|poke|p1|Meowscarada, L50, M, shiny|\n|poke|p1|Talonflame, L50, F, shiny|\n|poke|p2|Charizard, L50, F|\n|poke|p2|Whimsicott, L50, F|\n|poke|p2|Basculegion, L50, M|\n|poke|p2|Farigiraf, L50, F|\n|poke|p2|Kangaskhan, L50, F|\n|poke|p2|Sneasler, L50, M|\n|teampreview|4\n|showteam|p1|Froslass||Froslassite|SnowCloak|Blizzard,ShadowBall,IceBeam,Protect|Timid||F|||50|]Glimmora||Glimmoranite|ToxicDebris|EarthPower,SludgeBomb,PowerGem,Protect|Timid||M|||50|]Garchomp||ChoiceScarf|RoughSkin|DragonClaw,StompingTantrum,RockSlide,IronHead|Jolly||M|||50|]Kingambit||ChopleBerry|Defiant|KowtowCleave,IronHead,SuckerPunch,LowKick|Adamant||F|||50|]Meowscarada||LifeOrb|Protean|FlowerTrick,KnockOff,Protect,SuckerPunch|Jolly||M|||50|]Talonflame||FocusSash|GaleWings|DualWingbeat,Tailwind,WillOWisp,UpperHand|Jolly||F|||50|\n|showteam|p2|Charizard||CharizarditeY|SolarPower|WeatherBall,HeatWave,SolarBeam,Protect|Timid||F|||50|]Whimsicott||FocusSash|Prankster|Moonblast,Tailwind,SunnyDay,Encore|Timid||F|||50|]Basculegion||ChoiceScarf|Adaptability|WaveCrash,AquaJet,LastRespects,FlipTurn|Adamant||M|||50|]Farigiraf||SitrusBerry|ArmorTail|Psychic,HyperVoice,HelpingHand,TrickRoom|Modest||F|||50|]Kangaskhan||Kangaskhanite|Scrappy|FakeOut,DoubleEdge,DrainPunch,SuckerPunch|Adamant||F|||50|]Sneasler||WhiteHerb|Unburden|FakeOut,CloseCombat,DireClaw,RockTomb|Adamant||M|||50|\n|inactive|Battle timer is ON: inactive players will automatically lose when time's up. (requested by okkia3)\n|inactive|Sleepy_general has 60 seconds left.\n|\n|t:|1788426722\n|teamsize|p1|4\n|teamsize|p2|4\n|start\n|switch|p1a: Garchomp|Garchomp, L50, M, shiny|100/100\n|switch|p1b: Talonflame|Talonflame, L50, F, shiny|100/100\n|switch|p2a: Basculegion|Basculegion, L50, M|100/100\n|switch|p2b: Farigiraf|Farigiraf, L50, F|100/100\n|turn|1\n|\n|t:|1788426740\n|move|p2a: Basculegion|Aqua Jet|p1b: Talonflame\n|-supereffective|p1b: Talonflame|1\n|-damage|p1b: Talonflame|13/100\n|move|p1a: Garchomp|Rock Slide|p2b: Farigiraf|[spread] p2a,p2b\n|-damage|p2a: Basculegion|74/100\n|-damage|p2b: Farigiraf|81/100\n|move|p1b: Talonflame|Will-O-Wisp|p2a: Basculegion\n|-status|p2a: Basculegion|brn\n|move|p2b: Farigiraf|Psychic|p1b: Talonflame\n|-damage|p1b: Talonflame|0 fnt\n|faint|p1b: Talonflame\n|\n|-damage|p2a: Basculegion|68/100 brn|[from] brn\n|upkeep\n|\n|t:|1788426758\n|switch|p1b: Meowscarada|Meowscarada, L50, M, shiny|100/100\n|turn|2\n|\n|t:|1788426766\n|switch|p2a: Kangaskhan|Kangaskhan, L50, F|100/100\n|move|p1a: Garchomp|Rock Slide|p2b: Farigiraf|[spread] p2a,p2b\n|-damage|p2a: Kangaskhan|78/100\n|-damage|p2b: Farigiraf|60/100\n|move|p1b: Meowscarada|Knock Off|p2b: Farigiraf\n|-start|p1b: Meowscarada|typechange|Dark|[from] ability: Protean\n|-supereffective|p2b: Farigiraf|1\n|-damage|p2b: Farigiraf|0 fnt\n|-enditem|p2b: Farigiraf|Sitrus Berry|[from] move: Knock Off|[of] p1b: Meowscarada\n|faint|p2b: Farigiraf\n|-damage|p1b: Meowscarada|90/100|[from] item: Life Orb\n|\n|upkeep\n|\n|t:|1788426767\n|switch|p2b: Basculegion|Basculegion, L50, M|68/100 brn\n|turn|3\n|\n|t:|1788426787\n|switch|p2b: Sneasler|Sneasler, L50, M|100/100\n|detailschange|p2a: Kangaskhan|Kangaskhan-Mega, L50, F\n|-mega|p2a: Kangaskhan|Kangaskhan|Kangaskhanite\n|move|p1a: Garchomp|Rock Slide|p2b: Sneasler|[spread] p2a,p2b\n|-crit|p2a: Kangaskhan\n|-resisted|p2b: Sneasler|1\n|-damage|p2a: Kangaskhan|48/100\n|-damage|p2b: Sneasler|83/100\n|move|p1b: Meowscarada|Knock Off|p2b: Sneasler\n|-resisted|p2b: Sneasler|1\n|-damage|p2b: Sneasler|31/100\n|-enditem|p2b: Sneasler|White Herb|[from] move: Knock Off|[of] p1b: Meowscarada\n|-damage|p1b: Meowscarada|80/100|[from] item: Life Orb\n|move|p2a: Kangaskhan|Double-Edge|p1b: Meowscarada\n|-damage|p1b: Meowscarada|0 fnt\n|faint|p1b: Meowscarada\n|-damage|p2a: Kangaskhan|26/100|[from] Recoil\n|\n|upkeep\n|\n|t:|1788426807\n|switch|p1b: Glimmora|Glimmora, L50, M, shiny|100/100\n|turn|4\n|\n|t:|1788426812\n|detailschange|p1b: Glimmora|Glimmora-Mega, L50, M, shiny\n|-mega|p1b: Glimmora|Glimmora|Glimmoranite\n|move|p2b: Sneasler|Close Combat|p1b: Glimmora\n|-crit|p1b: Glimmora\n|-damage|p1b: Glimmora|0 fnt\n|-unboost|p2b: Sneasler|def|1\n|-unboost|p2b: Sneasler|spd|1\n|faint|p1b: Glimmora\n|move|p1a: Garchomp|Rock Slide|p2a: Kangaskhan|[spread] p2a,p2b\n|-resisted|p2b: Sneasler|1\n|-damage|p2a: Kangaskhan|7/100\n|-damage|p2b: Sneasler|8/100\n|move|p2a: Kangaskhan|Drain Punch|p1a: Garchomp\n|-damage|p1a: Garchomp|70/100\n|-heal|p2a: Kangaskhan|22/100|[from] drain|[of] p1a: Garchomp\n|-damage|p2a: Kangaskhan|10/100|[from] ability: Rough Skin|[of] p1a: Garchomp\n|-damage|p1a: Garchomp|63/100\n|-heal|p2a: Kangaskhan|13/100|[from] drain|[of] p1a: Garchomp\n|-damage|p2a: Kangaskhan|1/100|[from] ability: Rough Skin|[of] p1a: Garchomp\n|-hitcount|p1a: Garchomp|2\n|\n|upkeep\n|turn|5\n|\n|t:|1788426834\n|switch|p2a: Basculegion|Basculegion, L50, M|68/100 brn\n|move|p2b: Sneasler|Close Combat|p1a: Garchomp\n|-damage|p1a: Garchomp|0 fnt\n|-unboost|p2b: Sneasler|def|1\n|-unboost|p2b: Sneasler|spd|1\n|-damage|p2b: Sneasler|0 fnt|[from] ability: Rough Skin|[of] p1a: Garchomp\n|faint|p1a: Garchomp\n|faint|p2b: Sneasler\n|\n|win|okkia3\n","uploadtime":1788426834,"views":"0","formatid":"gen9championsvgc2026regmbbo3","rating":null,"private":0,"password":null}