{"id":"gen9championsvgc2026regmbbo3-2673446416","format":"[Gen 9 Champions] VGC 2026 Reg M-B (Bo3)","players":["ItsgoodSteve","dtcha"],"log":"|j|☆ItsgoodSteve\n|j|☆dtcha\n|html|<table width=\"100%\"><tr><td align=\"left\">ItsgoodSteve</td><td align=\"right\">dtcha</tr><tr><td align=\"left\"><i class=\"fa fa-circle-o\"></i> <i class=\"fa fa-circle-o\"></i> </td><td align=\"right\"><i class=\"fa fa-circle-o\"></i> <i class=\"fa fa-circle-o\"></i> </tr></table>\n|uhtml|bestof|<h2><strong>Game 1</strong> of <a href=\"/game-bestof3-gen9championsvgc2026regmbbo3-2673446414\">a best-of-3</a></h2>\n|t:|1788198781\n|gametype|doubles\n|player|p1|ItsgoodSteve|266|1234\n|player|p2|dtcha|265|1266\n|gen|9\n|tier|[Gen 9 Champions] VGC 2026 Reg M-B (Bo3)\n|rated|\n|rule|Species Clause: Limit one of each Pokémon\n|rule|Item Clause: Limit 1 of each item\n|clearpoke\n|poke|p1|Steelix, L50, F|\n|poke|p1|Tyranitar, L50, F|\n|poke|p1|Staraptor, L50, F|\n|poke|p1|Gholdengo, L50|\n|poke|p1|Farigiraf, L50, M|\n|poke|p1|Rotom-Wash, L50|\n|poke|p2|Camerupt, L50, F|\n|poke|p2|Aerodactyl, L50, M|\n|poke|p2|Kangaskhan, L50, F|\n|poke|p2|Farigiraf, L50, F|\n|poke|p2|Sylveon, L50, M|\n|poke|p2|Kingambit, L50, M|\n|teampreview|4\n|showteam|p1|Steelix||Steelixite|Sturdy|HeavySlam,HighHorsepower,WideGuard,Protect|Adamant||F|||50|]Tyranitar||RoseliBerry|SandStream|KnockOff,RockSlide,IcePunch,Protect|Adamant||F|||50|]Staraptor||Staraptite|Intimidate|CloseCombat,Roost,Protect,BraveBird|Jolly||F|||50|]Gholdengo||FocusSash|GoodasGold|MakeItRain,Protect,PowerGem,ShadowBall|Timid|||||50|]Farigiraf||SitrusBerry|ArmorTail|Psychic,TrickRoom,Protect,HelpingHand|Bold||M|||50|]Rotom-Wash||Leftovers|Levitate|Thunderbolt,HydroPump,WillOWisp,LightScreen|Serious|||||50|\n|showteam|p2|Camerupt||Cameruptite|SolidRock|Protect,EarthPower,HeatWave,AncientPower|Quiet||F|||50|]Aerodactyl||Aerodactylite|Unnerve|RockSlide,DualWingbeat,IceFang,Tailwind|Jolly||M|||50|]Kangaskhan||LifeOrb|Scrappy|DoubleEdge,FakeOut,HammerArm,IcePunch|Brave||F|||50|]Farigiraf||SitrusBerry|ArmorTail|Psychic,Thunderbolt,TrickRoom,HelpingHand|Calm||F|||50|]Sylveon||FairyFeather|Pixilate|HyperVoice,HyperBeam,QuickAttack,Protect|Modest||M|||50|]Kingambit||ExpertBelt|Defiant|KowtowCleave,IronHead,SuckerPunch,LowKick|Adamant||M|||50|\n|\n|t:|1788198819\n|teamsize|p1|4\n|teamsize|p2|4\n|start\n|switch|p1a: Rotom|Rotom-Wash, L50|100/100\n|switch|p1b: Farigiraf|Farigiraf, L50, M|100/100\n|switch|p2a: Farigiraf|Farigiraf, L50, F|100/100\n|switch|p2b: Kangaskhan|Kangaskhan, L50, F|100/100\n|turn|1\n|\n|t:|1788198842\n|switch|p1b: Tyranitar|Tyranitar, L50, F|100/100\n|-weather|Sandstorm|[from] ability: Sand Stream|[of] p1b: Tyranitar\n|move|p2b: Kangaskhan|Fake Out|p1a: Rotom\n|-damage|p1a: Rotom|75/100\n|-damage|p2b: Kangaskhan|90/100|[from] item: Life Orb\n|cant|p1a: Rotom|flinch\n|move|p2a: Farigiraf|Psychic|p1a: Rotom\n|-damage|p1a: Rotom|40/100\n|\n|-weather|Sandstorm|[upkeep]\n|-damage|p1a: Rotom|34/100|[from] Sandstorm\n|-damage|p2b: Kangaskhan|84/100|[from] Sandstorm\n|-damage|p2a: Farigiraf|93/100|[from] Sandstorm\n|-heal|p1a: Rotom|40/100|[from] item: Leftovers\n|upkeep\n|turn|2\n|\n|t:|1788198873\n|switch|p2a: Kingambit|Kingambit, L50, M|100/100\n|move|p1b: Tyranitar|Protect|p1b: Tyranitar\n|-singleturn|p1b: Tyranitar|Protect\n|move|p1a: Rotom|Will-O-Wisp|p2b: Kangaskhan|[miss]\n|-miss|p1a: Rotom|p2b: Kangaskhan\n|move|p2b: Kangaskhan|Hammer Arm|p1b: Tyranitar\n|-activate|p1b: Tyranitar|move: Protect\n|\n|-weather|Sandstorm|[upkeep]\n|-damage|p1a: Rotom|34/100|[from] Sandstorm\n|-damage|p2b: Kangaskhan|77/100|[from] Sandstorm\n|-heal|p1a: Rotom|40/100|[from] item: Leftovers\n|upkeep\n|turn|3\n|\n|t:|1788198902\n|switch|p1b: Farigiraf|Farigiraf, L50, M|100/100\n|move|p1a: Rotom|Will-O-Wisp|p2b: Kangaskhan\n|-status|p2b: Kangaskhan|brn\n|move|p2a: Kingambit|Iron Head|p1b: Farigiraf\n|-damage|p1b: Farigiraf|64/100\n|move|p2b: Kangaskhan|Double-Edge|p1b: Farigiraf\n|-damage|p1b: Farigiraf|35/100\n|-enditem|p1b: Farigiraf|Sitrus Berry|[eat]\n|-heal|p1b: Farigiraf|59/100|[from] item: Sitrus Berry\n|-damage|p2b: Kangaskhan|67/100 brn|[from] Recoil\n|-damage|p2b: Kangaskhan|57/100 brn|[from] item: Life Orb\n|\n|-weather|Sandstorm|[upkeep]\n|-damage|p1a: Rotom|34/100|[from] Sandstorm\n|-damage|p2b: Kangaskhan|51/100 brn|[from] Sandstorm\n|-damage|p1b: Farigiraf|53/100|[from] Sandstorm\n|-heal|p1a: Rotom|40/100|[from] item: Leftovers\n|-damage|p2b: Kangaskhan|45/100 brn|[from] brn\n|upkeep\n|turn|4\n|\n|t:|1788198922\n|switch|p2b: Farigiraf|Farigiraf, L50, F|93/100\n|move|p1b: Farigiraf|Protect|p1b: Farigiraf\n|-singleturn|p1b: Farigiraf|Protect\n|move|p1a: Rotom|Will-O-Wisp|p2a: Kingambit\n|-status|p2a: Kingambit|brn\n|move|p2a: Kingambit|Kowtow Cleave|p1b: Farigiraf\n|-activate|p1b: Farigiraf|move: Protect\n|\n|-weather|Sandstorm|[upkeep]\n|-damage|p1a: Rotom|34/100|[from] Sandstorm\n|-damage|p1b: Farigiraf|47/100|[from] Sandstorm\n|-damage|p2b: Farigiraf|87/100|[from] Sandstorm\n|-heal|p1a: Rotom|40/100|[from] item: Leftovers\n|-damage|p2a: Kingambit|94/100 brn|[from] brn\n|upkeep\n|turn|5\n|\n|t:|1788198943\n|move|p1b: Farigiraf|Helping Hand|p1a: Rotom\n|-singleturn|p1a: Rotom|Helping Hand|[of] p1b: Farigiraf\n|move|p1a: Rotom|Thunderbolt|p2a: Kingambit\n|-damage|p2a: Kingambit|38/100 brn\n|move|p2a: Kingambit|Kowtow Cleave|p1b: Farigiraf\n|-supereffective|p1b: Farigiraf|1\n|-damage|p1b: Farigiraf|0 fnt\n|faint|p1b: Farigiraf\n|move|p2b: Farigiraf|Trick Room|p2b: Farigiraf\n|-fieldstart|move: Trick Room|[of] p2b: Farigiraf\n|\n|-weather|none\n|-heal|p1a: Rotom|45/100|[from] item: Leftovers\n|-damage|p2a: Kingambit|32/100 brn|[from] brn\n|upkeep\n|\n|t:|1788198955\n|switch|p1b: Steelix|Steelix, L50, F|100/100\n|turn|6\n|\n|t:|1788198969\n|switch|p1a: Tyranitar|Tyranitar, L50, F|100/100\n|-weather|Sandstorm|[from] ability: Sand Stream|[of] p1a: Tyranitar\n|detailschange|p1b: Steelix|Steelix-Mega, L50, F\n|-mega|p1b: Steelix|Steelix|Steelixite\n|move|p1b: Steelix|High Horsepower|p2b: Farigiraf\n|-damage|p2b: Farigiraf|28/100\n|-enditem|p2b: Farigiraf|Sitrus Berry|[eat]\n|-heal|p2b: Farigiraf|53/100|[from] item: Sitrus Berry\n|move|p2b: Farigiraf|Psychic|p1a: Tyranitar\n|-immune|p1a: Tyranitar\n|move|p2a: Kingambit|Low Kick|p1a: Tyranitar\n|-supereffective|p1a: Tyranitar|2\n|-damage|p1a: Tyranitar|22/100\n|\n|-weather|Sandstorm|[upkeep]\n|-damage|p2b: Farigiraf|46/100|[from] Sandstorm\n|-damage|p2a: Kingambit|26/100 brn|[from] brn\n|upkeep\n|turn|7\n|\n|t:|1788199002\n|move|p2b: Farigiraf|Helping Hand|p2a: Kingambit\n|-singleturn|p2a: Kingambit|Helping Hand|[of] p2b: Farigiraf\n|move|p2a: Kingambit|Sucker Punch|p1a: Tyranitar\n|-resisted|p1a: Tyranitar|1\n|-damage|p1a: Tyranitar|11/100\n|move|p1b: Steelix|Heavy Slam|p2a: Kingambit\n|-resisted|p2a: Kingambit|1\n|-damage|p2a: Kingambit|0 fnt\n|faint|p2a: Kingambit\n|move|p1a: Tyranitar|Knock Off|p2b: Farigiraf\n|-supereffective|p2b: Farigiraf|1\n|-damage|p2b: Farigiraf|0 fnt\n|faint|p2b: Farigiraf\n|\n|-weather|Sandstorm|[upkeep]\n|upkeep\n|\n|t:|1788199012\n|switch|p2b: Kangaskhan|Kangaskhan, L50, F|45/100 brn\n|switch|p2a: Camerupt|Camerupt, L50, F|100/100\n|turn|8\n|\n|t:|1788199035\n|detailschange|p2a: Camerupt|Camerupt-Mega, L50, F\n|-mega|p2a: Camerupt|Camerupt|Cameruptite\n|move|p1b: Steelix|Protect|p1b: Steelix\n|-singleturn|p1b: Steelix|Protect\n|move|p1a: Tyranitar|Protect|p1a: Tyranitar\n|-singleturn|p1a: Tyranitar|Protect\n|move|p2b: Kangaskhan|Fake Out|p1a: Tyranitar\n|-activate|p1a: Tyranitar|move: Protect\n|move|p2a: Camerupt|Heat Wave|p1b: Steelix|[spread] \n|-activate|p1a: Tyranitar|move: Protect\n|-activate|p1b: Steelix|move: Protect\n|\n|-weather|Sandstorm|[upkeep]\n|-damage|p2b: Kangaskhan|39/100 brn|[from] Sandstorm\n|-damage|p2b: Kangaskhan|33/100 brn|[from] brn\n|upkeep\n|turn|9\n|\n|t:|1788199062\n|move|p2a: Camerupt|Earth Power|p1b: Steelix\n|-supereffective|p1b: Steelix|1\n|-damage|p1b: Steelix|0 fnt\n|faint|p1b: Steelix\n|move|p1a: Tyranitar|Rock Slide|p2b: Kangaskhan|[spread] p2a,p2b\n|-damage|p2a: Camerupt|69/100\n|-damage|p2b: Kangaskhan|1/100 brn\n|move|p2b: Kangaskhan|Ice Punch|p1a: Tyranitar\n|-damage|p1a: Tyranitar|1/100\n|-damage|p2b: Kangaskhan|0 fnt|[from] item: Life Orb\n|faint|p2b: Kangaskhan\n|\n|-weather|Sandstorm|[upkeep]\n|-fieldend|move: Trick Room\n|upkeep\n|\n|t:|1788199074\n|switch|p1b: Rotom|Rotom-Wash, L50|45/100\n|turn|10\n|\n|t:|1788199079\n|move|p1b: Rotom|Hydro Pump|p2a: Camerupt\n|-supereffective|p2a: Camerupt|2\n|-damage|p2a: Camerupt|0 fnt\n|faint|p2a: Camerupt\n|\n|win|ItsgoodSteve\n|l|☆ItsgoodSteve\n|player|p1|\n||ItsgoodSteve is ready for game 2.\n||dtcha is ready for game 2.\n|uhtml|next|Next: <a href=\"/battle-gen9championsvgc2026regmbbo3-2673448926\"><strong>Game 2 of 3</strong></a>\n","uploadtime":1788199344,"views":"1","formatid":"gen9championsvgc2026regmbbo3","rating":null,"private":0,"password":null}