{"id":"gen9championsvgc2026regmb-2674694489","format":"[Gen 9 Champions] VGC 2026 Reg M-B","players":["ImSoCalamari","gideon.prager20"],"log":"|j|☆ImSoCalamari\n|j|☆gideon.prager20\n|t:|1788391703\n|gametype|doubles\n|player|p1|ImSoCalamari|aromalady|1119\n|player|p2|gideon.prager20|170|1153\n|gen|9\n|tier|[Gen 9 Champions] VGC 2026 Reg M-B\n|rated|\n|rule|Species Clause: Limit one of each Pokémon\n|rule|Item Clause: Limit 1 of each item\n|clearpoke\n|poke|p1|Sylveon, L50, M|\n|poke|p1|Raichu, L50, M|\n|poke|p1|Staraptor, L50, F|\n|poke|p1|Arcanine-Hisui, L50, F|\n|poke|p1|Farigiraf, L50, M|\n|poke|p1|Kingambit, L50, F|\n|poke|p2|Staraptor, L50, F|\n|poke|p2|Charizard, L50, F|\n|poke|p2|Basculegion, L50, M, shiny|\n|poke|p2|Garchomp, L50, M|\n|poke|p2|Whimsicott, L50, M|\n|poke|p2|Sinistcha, L50|\n|teampreview|4\n|inactive|Battle timer is ON: inactive players will automatically lose when time's up. (requested by gideon.prager20)\n|inactive|ImSoCalamari has 60 seconds left.\n|\n|t:|1788391753\n|teamsize|p1|4\n|teamsize|p2|4\n|start\n|switch|p1a: Staraptor|Staraptor, L50, F|100/100\n|switch|p1b: Arcanine|Arcanine-Hisui, L50, F|100/100\n|switch|p2a: Staraptor|Staraptor, L50, F|100/100\n|switch|p2b: Whimsicott|Whimsicott, L50, M|100/100\n|-ability|p1a: Staraptor|Intimidate|boost\n|-unboost|p2a: Staraptor|atk|1\n|-unboost|p2b: Whimsicott|atk|1\n|-ability|p2a: Staraptor|Intimidate|boost\n|-unboost|p1a: Staraptor|atk|1\n|-unboost|p1b: Arcanine|atk|1\n|turn|1\n|inactive|ImSoCalamari has 30 seconds left.\n|\n|t:|1788391779\n|detailschange|p1a: Staraptor|Staraptor-Mega, L50, F\n|-mega|p1a: Staraptor|Staraptor|Staraptite\n|detailschange|p2a: Staraptor|Staraptor-Mega, L50, F\n|-mega|p2a: Staraptor|Staraptor|Staraptite\n|move|p2b: Whimsicott|Charm|p2a: Staraptor\n|-boost|p2a: Staraptor|atk|2\n|move|p1a: Staraptor|Dual Wingbeat|p2b: Whimsicott\n|-supereffective|p2b: Whimsicott|1\n|-damage|p2b: Whimsicott|71/100\n|-supereffective|p2b: Whimsicott|1\n|-damage|p2b: Whimsicott|40/100\n|-hitcount|p2b: Whimsicott|2\n|move|p2a: Staraptor|Close Combat|p1b: Arcanine\n|-supereffective|p1b: Arcanine|1\n|-enditem|p1b: Arcanine|Focus Sash\n|-damage|p1b: Arcanine|1/100\n|-boost|p2a: Staraptor|def|1\n|-boost|p2a: Staraptor|spd|1\n|move|p1b: Arcanine|Head Smash|p2a: Staraptor\n|-damage|p2a: Staraptor|60/100\n|\n|upkeep\n|turn|2\n|inactive|ImSoCalamari has 30 seconds left.\n|inactive|ImSoCalamari has 20 seconds left.\n|inactive|ImSoCalamari has 15 seconds left.\n|\n|t:|1788391824\n|move|p2b: Whimsicott|Tailwind|p2b: Whimsicott\n|-sidestart|p2: gideon.prager20|move: Tailwind\n|move|p2a: Staraptor|Brave Bird|p1a: Staraptor\n|-supereffective|p1a: Staraptor|1\n|-damage|p1a: Staraptor|0 fnt\n|faint|p1a: Staraptor\n|-damage|p2a: Staraptor|23/100|[from] Recoil\n|move|p1b: Arcanine|Head Smash|p2a: Staraptor\n|-damage|p2a: Staraptor|0 fnt\n|faint|p2a: Staraptor\n|\n|upkeep\n|\n|t:|1788391843\n|switch|p1a: Sylveon|Sylveon, L50, M|100/100\n|switch|p2a: Garchomp|Garchomp, L50, M|100/100\n|turn|3\n|inactive|ImSoCalamari has 30 seconds left.\n|\n|t:|1788391870\n|move|p1b: Arcanine|Protect|p1b: Arcanine\n|-singleturn|p1b: Arcanine|Protect\n|move|p2a: Garchomp|Poison Jab|p1a: Sylveon\n|-supereffective|p1a: Sylveon|1\n|-damage|p1a: Sylveon|22/100\n|move|p2b: Whimsicott|Moonblast|p1b: Arcanine\n|-activate|p1b: Arcanine|move: Protect\n|move|p1a: Sylveon|Hyper Voice|p2b: Whimsicott|[spread] p2a,p2b\n|-supereffective|p2a: Garchomp|1\n|-damage|p2a: Garchomp|11/100\n|-damage|p2b: Whimsicott|0 fnt\n|faint|p2b: Whimsicott\n|\n|upkeep\n|\n|t:|1788391877\n|switch|p2b: Basculegion|Basculegion, L50, M, shiny|100/100\n|turn|4\n|\n|t:|1788391890\n|move|p1a: Sylveon|Quick Attack|p2a: Garchomp\n|-supereffective|p2a: Garchomp|1\n|-damage|p2a: Garchomp|0 fnt\n|-damage|p1a: Sylveon|10/100|[from] ability: Rough Skin|[of] p2a: Garchomp\n|faint|p2a: Garchomp\n|move|p2b: Basculegion|Last Respects|p1a: Sylveon\n|-damage|p1a: Sylveon|0 fnt\n|faint|p1a: Sylveon\n|-damage|p2b: Basculegion|90/100|[from] item: Life Orb\n|move|p1b: Arcanine|Head Smash|p2b: Basculegion\n|-damage|p2b: Basculegion|29/100\n|\n|upkeep\n|\n|t:|1788391902\n|switch|p1a: Kingambit|Kingambit, L50, F|100/100\n|turn|5\n|\n|t:|1788391915\n|move|p2b: Basculegion|Flip Turn|p1b: Arcanine\n|-supereffective|p1b: Arcanine|2\n|-damage|p1b: Arcanine|0 fnt\n|faint|p1b: Arcanine\n|-damage|p2b: Basculegion|20/100r|[from] item: Life Orb\n|move|p1a: Kingambit|Kowtow Cleave|p2b: Basculegion\n|-supereffective|p2b: Basculegion|1\n|-damage|p2b: Basculegion|0 fnt\n|faint|p2b: Basculegion\n|-damage|p1a: Kingambit|90/100|[from] item: Life Orb\n|\n|win|ImSoCalamari\n|raw|ImSoCalamari's rating: 1119 &rarr; <strong>1146</strong><br />(+27 for winning)\n|raw|gideon.prager20's rating: 1153 &rarr; <strong>1126</strong><br />(-27 for losing)\n|l|☆gideon.prager20\n|player|p2|\n","uploadtime":1788392196,"views":"1","formatid":"gen9championsvgc2026regmb","rating":1126,"private":0,"password":null}