{"id":"gen9championsvgc2026regmb-2674233226","format":"[Gen 9 Champions] VGC 2026 Reg M-B","players":["Lokona Mokona","Goalysniper"],"log":"|j|☆Lokona Mokona\n|j|☆Goalysniper\n|html|<table width=\"100%\"><tr><td align=\"left\">Lokona Mokona</td><td align=\"right\">Goalysniper</tr><tr><td align=\"left\"><i class=\"fa fa-circle\"></i> <i class=\"fa fa-circle-o\"></i> </td><td align=\"right\"><i class=\"fa fa-circle-o\"></i> <i class=\"fa fa-circle\"></i> </tr></table>\n|uhtml|bestof|<h2><strong>Game 3</strong> of <a href=\"/game-bestof3-gen9championsvgc2026regmb-2674225550\">a best-of-3</a></h2>\n|t:|1788319935\n|gametype|doubles\n|player|p1|Lokona Mokona|marley|\n|player|p2|Goalysniper|170|\n|gen|9\n|tier|[Gen 9 Champions] VGC 2026 Reg M-B\n|rule|Species Clause: Limit one of each Pokémon\n|rule|Item Clause: Limit 1 of each item\n|raw|<div class=\"infobox\"><details class=\"readmore\" open><summary><strong>1 custom rule:</strong></summary> Best of = 3</details></div>\n|clearpoke\n|poke|p1|Steelix, L50, M|\n|poke|p1|Tyranitar, L50, M|\n|poke|p1|Farigiraf, L50, M|\n|poke|p1|Noivern, L50, F|\n|poke|p1|Rotom-Wash, L50|\n|poke|p1|Houndstone, L50, F|\n|poke|p2|Chandelure, L50, M|\n|poke|p2|Sylveon, L50, M|\n|poke|p2|Excadrill, L50, M|\n|poke|p2|Goodra, L50, M|\n|poke|p2|Zoroark-Hisui, L50, M|\n|poke|p2|Incineroar, L50, F|\n|teampreview|4\n|j| yunglegs\n|j| Percivol\n|j| five_venoms\nLokona Mokona rejected open team sheets.\n|j| TigerClaw18\n|\n|t:|1788320021\n|teamsize|p1|4\n|teamsize|p2|4\n|start\n|switch|p1a: Moose|Farigiraf, L50, M|100/100\n|switch|p1b: Washy|Rotom-Wash, L50|100/100\n|switch|p2a: The Undertaker|Chandelure, L50, M|100/100\n|switch|p2b: Stone Cold|Incineroar, L50, F|100/100\n|-ability|p2b: Stone Cold|Intimidate|boost\n|-unboost|p1a: Moose|atk|1\n|-unboost|p1b: Washy|atk|1\n|turn|1\n|\n|t:|1788320107\n|move|p1a: Moose|Protect|p1a: Moose\n|-singleturn|p1a: Moose|Protect\n|move|p2a: The Undertaker|Snarl|p1b: Washy|[spread] p1b\n|-activate|p1a: Moose|move: Protect\n|-damage|p1b: Washy|80/100\n|-unboost|p1b: Washy|spa|1\n|move|p1b: Washy|Hydro Pump|p2a: The Undertaker\n|-damage|p2a: The Undertaker|37/100\n|replace|p2a: Rey Mysterio|Zoroark-Hisui, L50, M\n|-end|p2a: Rey Mysterio|Illusion\n|move|p2b: Stone Cold|Darkest Lariat|p1a: Moose\n|-activate|p1a: Moose|move: Protect\n|\n|upkeep\n|turn|2\n|\n|t:|1788320127\n|move|p2a: Rey Mysterio|Snarl|p1a: Moose|[spread] p1a,p1b\n|-supereffective|p1a: Moose|1\n|-crit|p1a: Moose\n|-enditem|p1a: Moose|Colbur Berry|[eat]\n|-enditem|p1a: Moose|Colbur Berry|[weaken]\n|-damage|p1a: Moose|85/100\n|-damage|p1b: Washy|62/100\n|-unboost|p1a: Moose|spa|1\n|-unboost|p1b: Washy|spa|1\n|move|p1b: Washy|Hydro Pump|p2b: Stone Cold\n|-supereffective|p2b: Stone Cold|1\n|-damage|p2b: Stone Cold|58/100\n|move|p2b: Stone Cold|Darkest Lariat|p1a: Moose\n|-supereffective|p1a: Moose|1\n|-damage|p1a: Moose|16/100\n|move|p1a: Moose|Trick Room|p1a: Moose\n|-fieldstart|move: Trick Room|[of] p1a: Moose\n|\n|upkeep\n|turn|3\n|\n|t:|1788320188\n|switch|p1a: Boi|Tyranitar, L50, M|100/100\n|-weather|Sandstorm|[from] ability: Sand Stream|[of] p1a: Boi\n|switch|p2a: Yokozuna|Goodra, L50, M|100/100\n|move|p2b: Stone Cold|Parting Shot|p1b: Washy\n|-unboost|p1b: Washy|atk|1\n|-unboost|p1b: Washy|spa|1\n|\n|t:|1788320217\n|switch|p2b: The Undertaker|Chandelure, L50, M|37/100|[from] Parting Shot\n|move|p1b: Washy|Thunderbolt|p2a: Yokozuna\n|-resisted|p2a: Yokozuna|1\n|-damage|p2a: Yokozuna|93/100\n|\n|-weather|Sandstorm|[upkeep]\n|-damage|p2a: Yokozuna|87/100|[from] Sandstorm\n|-damage|p1b: Washy|56/100|[from] Sandstorm\n|-damage|p2b: The Undertaker|31/100|[from] Sandstorm\n|-heal|p2a: Yokozuna|93/100|[from] item: Leftovers\n|upkeep\n|turn|4\n|c|☆Lokona Mokona|wait\n|c|☆Lokona Mokona|how your chandelure is almost dead already?\n|\n|t:|1788320298\n|switch|p1b: Snek|Steelix, L50, M|100/100\n|move|p1a: Boi|Rock Slide|p2a: Yokozuna|[spread] p2a,p2b\n|-damage|p2a: Yokozuna|64/100\n|-damage|p2b: The Undertaker|0 fnt\n|replace|p2b: Rey Mysterio|Zoroark-Hisui, L50, M\n|-end|p2b: Rey Mysterio|Illusion\n|faint|p2b: Rey Mysterio\n|cant|p2a: Yokozuna|flinch\n|\n|-weather|Sandstorm|[upkeep]\n|-damage|p2a: Yokozuna|58/100|[from] Sandstorm\n|-heal|p2a: Yokozuna|64/100|[from] item: Leftovers\n|upkeep\n|c|☆Lokona Mokona|ah\n|c|☆Lokona Mokona|lol\n|c|☆Goalysniper|it's a BIG sandstorm ok\n|\n|t:|1788320330\n|switch|p2b: Stone Cold|Incineroar, L50, F|58/100\n|-ability|p2b: Stone Cold|Intimidate|boost\n|-unboost|p1a: Boi|atk|1\n|-unboost|p1b: Snek|atk|1\n|turn|5\n|c|☆Lokona Mokona|Wait\n|c|☆Lokona Mokona|nvm\n|c|☆Lokona Mokona|Capitalism is going to kill me lol\n|\n|t:|1788320445\n|detailschange|p1b: Snek|Steelix-Mega, L50, M\n|-mega|p1b: Snek|Steelix|Steelixite\n|move|p2b: Stone Cold|Fake Out|p1b: Snek\n|-resisted|p1b: Snek|1\n|-damage|p1b: Snek|97/100\n|cant|p1b: Snek|flinch\n|move|p1a: Boi|Rock Slide|p2b: Stone Cold|[spread] p2a,p2b\n|-supereffective|p2b: Stone Cold|1\n|-damage|p2a: Yokozuna|43/100\n|-damage|p2b: Stone Cold|19/100\n|-enditem|p2b: Stone Cold|Sitrus Berry|[eat]\n|-heal|p2b: Stone Cold|44/100|[from] item: Sitrus Berry\n|move|p2a: Yokozuna|Life Dew|p2a: Yokozuna|[spread] p2a,p2b\n|-heal|p2a: Yokozuna|68/100\n|-heal|p2b: Stone Cold|69/100\n|\n|-weather|Sandstorm|[upkeep]\n|-damage|p2b: Stone Cold|63/100|[from] Sandstorm\n|-damage|p2a: Yokozuna|62/100|[from] Sandstorm\n|-heal|p2a: Yokozuna|68/100|[from] item: Leftovers\n|upkeep\n|turn|6\n|\n|t:|1788320496\n|move|p1b: Snek|High Horsepower|p2b: Stone Cold\n|-supereffective|p2b: Stone Cold|1\n|-damage|p2b: Stone Cold|0 fnt\n|faint|p2b: Stone Cold\n|move|p1a: Boi|Rock Slide|p2a: Yokozuna\n|-damage|p2a: Yokozuna|41/100\n|move|p2a: Yokozuna|Breaking Swipe|p1a: Boi|[spread] p1a,p1b\n|-resisted|p1b: Snek|1\n|-damage|p1a: Boi|89/100\n|-damage|p1b: Snek|94/100\n|-unboost|p1a: Boi|atk|1\n|-unboost|p1b: Snek|atk|1\n|\n|-weather|Sandstorm|[upkeep]\n|-damage|p2a: Yokozuna|35/100|[from] Sandstorm\n|-heal|p2a: Yokozuna|41/100|[from] item: Leftovers\n|-fieldend|move: Trick Room\n|upkeep\n|\n|t:|1788320510\n|switch|p2b: The Undertaker|Chandelure, L50, M|100/100\n|turn|7\n|\n|t:|1788320596\n|switch|p1a: Washy|Rotom-Wash, L50|56/100\n|switch|p1b: Moose|Farigiraf, L50, M|16/100\n|detailschange|p2b: The Undertaker|Chandelure-Mega, L50, M\n|-mega|p2b: The Undertaker|Chandelure|Chandelurite\n|move|p2b: The Undertaker|Flamethrower|p1b: Moose\n|-damage|p1b: Moose|0 fnt\n|faint|p1b: Moose\n|move|p2a: Yokozuna|Blizzard|p1a: Washy\n|-resisted|p1a: Washy|1\n|-damage|p1a: Washy|37/100\n|-enditem|p1a: Washy|Sitrus Berry|[eat]\n|-heal|p1a: Washy|61/100|[from] item: Sitrus Berry\n|\n|-weather|none\n|-heal|p2a: Yokozuna|47/100|[from] item: Leftovers\n|upkeep\n|\n|t:|1788320612\n|switch|p1b: Boi|Tyranitar, L50, M|89/100\n|-weather|Sandstorm|[from] ability: Sand Stream|[of] p1b: Boi\n|turn|8\n|\n|t:|1788320672\n|move|p2b: The Undertaker|Energy Ball|p1a: Washy\n|-supereffective|p1a: Washy|1\n|-damage|p1a: Washy|0 fnt\n|faint|p1a: Washy\n|move|p2a: Yokozuna|Breaking Swipe|p1b: Boi\n|-damage|p1b: Boi|75/100\n|-unboost|p1b: Boi|atk|1\n|move|p1b: Boi|Knock Off|p2b: The Undertaker\n|-supereffective|p2b: The Undertaker|1\n|-damage|p2b: The Undertaker|40/100\n|\n|-weather|Sandstorm|[upkeep]\n|-damage|p2b: The Undertaker|34/100|[from] Sandstorm\n|-damage|p2a: Yokozuna|41/100|[from] Sandstorm\n|-heal|p2a: Yokozuna|47/100|[from] item: Leftovers\n|upkeep\n|\n|t:|1788320685\n|switch|p1a: Snek|Steelix-Mega, L50, M|94/100\n|turn|9\n|\n|t:|1788320776\n|move|p2b: The Undertaker|Protect|p2b: The Undertaker\n|-singleturn|p2b: The Undertaker|Protect\n|move|p2a: Yokozuna|Life Dew|p2a: Yokozuna|[spread] p2a,p2b\n|-heal|p2a: Yokozuna|72/100\n|-heal|p2b: The Undertaker|60/100\n|move|p1b: Boi|Knock Off|p2b: The Undertaker\n|-activate|p2b: The Undertaker|move: Protect\n|move|p1a: Snek|High Horsepower|p2b: The Undertaker\n|-activate|p2b: The Undertaker|move: Protect\n|\n|-weather|Sandstorm|[upkeep]\n|-damage|p2b: The Undertaker|54/100|[from] Sandstorm\n|-damage|p2a: Yokozuna|66/100|[from] Sandstorm\n|-heal|p2a: Yokozuna|72/100|[from] item: Leftovers\n|upkeep\n|turn|10\n|\n|t:|1788320823\n|move|p2b: The Undertaker|Flamethrower|p1a: Snek\n|-supereffective|p1a: Snek|1\n|-crit|p1a: Snek\n|-damage|p1a: Snek|0 fnt\n|faint|p1a: Snek\n|move|p2a: Yokozuna|Breaking Swipe|p1b: Boi\n|-damage|p1b: Boi|60/100\n|-unboost|p1b: Boi|atk|1\n|move|p1b: Boi|Dragon Dance|p1b: Boi\n|-boost|p1b: Boi|atk|1\n|-boost|p1b: Boi|spe|1\n|\n|-weather|Sandstorm|[upkeep]\n|-damage|p2b: The Undertaker|48/100|[from] Sandstorm\n|-damage|p2a: Yokozuna|66/100|[from] Sandstorm\n|-heal|p2a: Yokozuna|72/100|[from] item: Leftovers\n|upkeep\n|turn|11\n|c| five_venoms|Brutal crit\n|c| Percivol|that steelix was dead without crit actually unless the chandelure was +spd\n|c| Percivol|even then it's a range\n|\n|t:|1788321012\n|move|p2b: The Undertaker|Protect|p2b: The Undertaker\n|-singleturn|p2b: The Undertaker|Protect\n|move|p2a: Yokozuna|Breaking Swipe|p1b: Boi\n|-damage|p1b: Boi|45/100\n|-unboost|p1b: Boi|atk|1\n|move|p1b: Boi|Knock Off|p2b: The Undertaker\n|-activate|p2b: The Undertaker|move: Protect\n|\n|-weather|Sandstorm|[upkeep]\n|-damage|p2b: The Undertaker|42/100|[from] Sandstorm\n|-damage|p2a: Yokozuna|66/100|[from] Sandstorm\n|-heal|p2a: Yokozuna|72/100|[from] item: Leftovers\n|upkeep\n|turn|12\n|\n|t:|1788321040\n|move|p2b: The Undertaker|Energy Ball|p1b: Boi\n|-supereffective|p1b: Boi|1\n|-damage|p1b: Boi|7/100\n|move|p2a: Yokozuna|Breaking Swipe|p1b: Boi\n|-damage|p1b: Boi|0 fnt\n|faint|p1b: Boi\n|\n|win|Goalysniper\n|c|☆Lokona Mokona|gg\n","uploadtime":1788321050,"views":"9","formatid":"gen9championsvgc2026regmb","rating":null,"private":0,"password":null}