{"id":"gen9championsvgc2026regmb-2673968570","format":"[Gen 9 Champions] VGC 2026 Reg M-B","players":["tempcm","udfuchlhydcj"],"log":"|j|☆tempcm\n|j|☆udfuchlhydcj\n|t:|1788283008\n|gametype|doubles\n|player|p1|tempcm|265|1087\n|player|p2|udfuchlhydcj|169|1000\n|gen|9\n|tier|[Gen 9 Champions] VGC 2026 Reg M-B\n|rated|\n|rule|Species Clause: Limit one of each Pokémon\n|rule|Item Clause: Limit 1 of each item\n|clearpoke\n|poke|p1|Farigiraf, L50, F|\n|poke|p1|Arcanine-Hisui, L50, M|\n|poke|p1|Sylveon, L50, F|\n|poke|p1|Staraptor, L50, F|\n|poke|p1|Raichu, L50, M|\n|poke|p1|Kingambit, L50, M, shiny|\n|poke|p2|Dragonite, L50, F|\n|poke|p2|Sneasler, L50, M|\n|poke|p2|Kingambit, L50, F|\n|poke|p2|Basculegion, L50, M|\n|poke|p2|Floette-Eternal, L50, F|\n|poke|p2|Garchomp, L50, F|\n|teampreview|4\n|\n|t:|1788283027\n|teamsize|p1|4\n|teamsize|p2|4\n|start\n|switch|p1a: Arcanine|Arcanine-Hisui, L50, M|100/100\n|switch|p1b: Raichu|Raichu, L50, M|100/100\n|switch|p2a: Kingambit|Kingambit, L50, F|100/100\n|switch|p2b: Garchomp|Garchomp, L50, F|100/100\n|turn|1\n|inactive|Battle timer is ON: inactive players will automatically lose when time's up. (requested by udfuchlhydcj)\n|\n|t:|1788283045\n|move|p1b: Raichu|Protect|p1b: Raichu\n|-singleturn|p1b: Raichu|Protect\n|move|p1a: Arcanine|Protect|p1a: Arcanine\n|-singleturn|p1a: Arcanine|Protect\n|move|p2a: Kingambit|Protect|p2a: Kingambit\n|-singleturn|p2a: Kingambit|Protect\n|move|p2b: Garchomp|Earthquake|p1a: Arcanine|[spread] \n|-activate|p2a: Kingambit|move: Protect\n|-activate|p1a: Arcanine|move: Protect\n|-activate|p1b: Raichu|move: Protect\n|\n|upkeep\n|turn|2\n|\n|t:|1788283063\n|switch|p2a: Basculegion|Basculegion, L50, M|100/100\n|detailschange|p1b: Raichu|Raichu-Mega-Y, L50, M\n|-mega|p1b: Raichu|Raichu|Raichunite Y\n|move|p2b: Garchomp|Earthquake|p1b: Raichu|[spread] p2a,p1a,p1b\n|-supereffective|p1a: Arcanine|2\n|-supereffective|p1b: Raichu|1\n|-damage|p2a: Basculegion|54/100\n|-enditem|p1a: Arcanine|Focus Sash\n|-damage|p1a: Arcanine|1/100\n|-damage|p1b: Raichu|0 fnt\n|faint|p1b: Raichu\n|move|p1a: Arcanine|Flare Blitz|p2a: Basculegion\n|-resisted|p2a: Basculegion|1\n|-damage|p2a: Basculegion|18/100\n|\n|upkeep\n|\n|t:|1788283079\n|switch|p1b: Farigiraf|Farigiraf, L50, F|100/100\n|turn|3\n|\n|t:|1788283101\n|move|p2a: Basculegion|Protect|p2a: Basculegion\n|-singleturn|p2a: Basculegion|Protect\n|move|p1a: Arcanine|Extreme Speed|p2b: Garchomp\n|-damage|p2b: Garchomp|70/100\n|-damage|p1a: Arcanine|0 fnt|[from] ability: Rough Skin|[of] p2b: Garchomp\n|faint|p1a: Arcanine\n|move|p2b: Garchomp|Earthquake|p1b: Farigiraf|[spread] p1b\n|-activate|p2a: Basculegion|move: Protect\n|-damage|p1b: Farigiraf|66/100\n|move|p1b: Farigiraf|Trick Room|p1b: Farigiraf\n|-fieldstart|move: Trick Room|[of] p1b: Farigiraf\n|\n|upkeep\n|\n|t:|1788283112\n|switch|p1a: Sylveon|Sylveon, L50, F|100/100\n|turn|4\n|\n|t:|1788283125\n|switch|p2b: Kingambit|Kingambit, L50, F|100/100\n|move|p1b: Farigiraf|Helping Hand|p1a: Sylveon\n|-singleturn|p1a: Sylveon|Helping Hand|[of] p1b: Farigiraf\n|move|p1a: Sylveon|Hyper Voice|p2a: Basculegion|[spread] p2a,p2b\n|-crit|p2a: Basculegion\n|-damage|p2a: Basculegion|0 fnt\n|-damage|p2b: Kingambit|37/100\n|faint|p2a: Basculegion\n|\n|upkeep\n|\n|t:|1788283136\n|switch|p2a: Floette|Floette-Eternal, L50, F|100/100\n|turn|5\n|\n|t:|1788283149\n|detailschange|p2a: Floette|Floette-Mega, L50, F\n|-mega|p2a: Floette|Floette|Floettite\n|-ability|p2a: Floette|Fairy Aura\n|move|p1b: Farigiraf|Protect|p1b: Farigiraf\n|-singleturn|p1b: Farigiraf|Protect\n|move|p1a: Sylveon|Detect|p1a: Sylveon\n|-singleturn|p1a: Sylveon|Protect\n|move|p2b: Kingambit|Iron Head|p1a: Sylveon\n|-activate|p1a: Sylveon|move: Protect\n|move|p2a: Floette|Dazzling Gleam|p1b: Farigiraf|[spread] \n|-activate|p1a: Sylveon|move: Protect\n|-activate|p1b: Farigiraf|move: Protect\n|\n|upkeep\n|turn|6\n|\n|t:|1788283172\n|move|p1b: Farigiraf|Helping Hand|p1a: Sylveon\n|-singleturn|p1a: Sylveon|Helping Hand|[of] p1b: Farigiraf\n|move|p2b: Kingambit|Iron Head|p1a: Sylveon\n|-supereffective|p1a: Sylveon|1\n|-damage|p1a: Sylveon|9/100\n|cant|p1a: Sylveon|flinch\n|move|p2a: Floette|Moonblast|p1a: Sylveon\n|-damage|p1a: Sylveon|0 fnt\n|faint|p1a: Sylveon\n|\n|upkeep\n|turn|7\n|\n|t:|1788283194\n|move|p2b: Kingambit|Kowtow Cleave|p1b: Farigiraf\n|-supereffective|p1b: Farigiraf|1\n|-damage|p1b: Farigiraf|0 fnt\n|faint|p1b: Farigiraf\n|\n|win|udfuchlhydcj\n|raw|tempcm's rating: 1087 &rarr; <strong>1058</strong><br />(-29 for losing)\n|raw|udfuchlhydcj's rating: 1000 &rarr; <strong>1050</strong><br />(+50 for winning)\n","uploadtime":1788283197,"views":"13","formatid":"gen9championsvgc2026regmb","rating":1050,"private":0,"password":null}