{"id":"gen9championsvgc2026regmbbo3-2674268426","format":"[Gen 9 Champions] VGC 2026 Reg M-B (Bo3)","players":["pikellord","YakkaFoob"],"log":"|j|☆pikellord\n|j|☆YakkaFoob\n|html|<table width=\"100%\"><tr><td align=\"left\">pikellord</td><td align=\"right\">YakkaFoob</tr><tr><td align=\"left\"><i class=\"fa fa-circle-o\"></i> <i class=\"fa fa-circle-o\"></i> </td><td align=\"right\"><i class=\"fa fa-circle-o\"></i> <i class=\"fa fa-circle-o\"></i> </tr></table>\n|uhtml|bestof|<h2><strong>Game 1</strong> of <a href=\"/game-bestof3-gen9championsvgc2026regmbbo3-2674268425\">a best-of-3</a></h2>\n|t:|1788327534\n|gametype|doubles\n|player|p1|pikellord|170|\n|player|p2|YakkaFoob|sage|\n|gen|9\n|tier|[Gen 9 Champions] VGC 2026 Reg M-B (Bo3)\n|rule|Species Clause: Limit one of each Pokémon\n|rule|Item Clause: Limit 1 of each item\n|clearpoke\n|poke|p1|Delphox, L50, M|\n|poke|p1|Staraptor, L50, F|\n|poke|p1|Feraligatr, L50, M|\n|poke|p1|Sinistcha, L50|\n|poke|p1|Grimmsnarl, L50, M|\n|poke|p1|Sneasler, L50, F|\n|poke|p2|Tyranitar, L50, M|\n|poke|p2|Excadrill, L50, M|\n|poke|p2|Milotic, L50, F|\n|poke|p2|Staraptor, L50, F|\n|poke|p2|Sinistcha, L50|\n|poke|p2|Gholdengo, L50|\n|teampreview|4\n|showteam|p1|Delphox||Delphoxite|Blaze|Protect,HeatWave,Psyshock,NastyPlot|Timid||M|||50|]Staraptor||Staraptite|Intimidate|CloseCombat,BraveBird,Roost,Protect|Jolly||F|||50|]Feraligatr||LifeOrb|SheerForce|Protect,Liquidation,IcePunch,DragonDance|Adamant||M|||50|]Sinistcha||KasibBerry|Hospitality|RagePowder,MatchaGotcha,TrickRoom,Protect|Bold|||||50|]Grimmsnarl||LightClay|Prankster|PartingShot,Reflect,LightScreen,FoulPlay|Careful||M|||50|]Sneasler||FocusSash|PoisonTouch|FakeOut,CloseCombat,PoisonJab,Protect|Adamant||F|||50|\n|showteam|p2|Tyranitar||Tyranitarite|SandStream|DragonDance,RockSlide,KnockOff,Protect|Adamant||M|||50|]Excadrill||FocusSash|SandRush|HighHorsepower,IronHead,RockSlide,Protect|Adamant||M|||50|]Milotic||Leftovers|Competitive|Hypnosis,Coil,MuddyWater,IceBeam|Modest||F|||50|]Staraptor||Staraptite|Intimidate|BraveBird,CloseCombat,Tailwind,Protect|Jolly||F|||50|]Sinistcha||SitrusBerry|Hospitality|MatchaGotcha,TrickRoom,RagePowder,Protect|Calm|||||50|]Gholdengo||LifeOrb|GoodasGold|Protect,MakeItRain,ShadowBall,NastyPlot|Timid|||||50|\n|\n|t:|1788327578\n|teamsize|p1|4\n|teamsize|p2|4\n|start\n|switch|p1a: Feraligatr|Feraligatr, L50, M|100/100\n|switch|p1b: Sneasler|Sneasler, L50, F|100/100\n|switch|p2a: Staraptor|Staraptor, L50, F|100/100\n|switch|p2b: Milotic|Milotic, L50, F|100/100\n|-ability|p2a: Staraptor|Intimidate|boost\n|-unboost|p1a: Feraligatr|atk|1\n|-unboost|p1b: Sneasler|atk|1\n|turn|1\n|\n|t:|1788327614\n|detailschange|p2a: Staraptor|Staraptor-Mega, L50, F\n|-mega|p2a: Staraptor|Staraptor|Staraptite\n|move|p1b: Sneasler|Fake Out|p2a: Staraptor\n|-damage|p2a: Staraptor|91/100\n|-status|p2a: Staraptor|psn|[from] ability: Poison Touch|[of] p1b: Sneasler\n|cant|p2a: Staraptor|flinch\n|move|p1a: Feraligatr|Dragon Dance|p1a: Feraligatr\n|-boost|p1a: Feraligatr|atk|1\n|-boost|p1a: Feraligatr|spe|1\n|move|p2b: Milotic|Coil|p2b: Milotic\n|-boost|p2b: Milotic|atk|1\n|-boost|p2b: Milotic|def|1\n|-boost|p2b: Milotic|accuracy|1\n|\n|-damage|p2a: Staraptor|78/100 psn|[from] psn\n|upkeep\n|turn|2\n|\n|t:|1788327638\n|move|p2a: Staraptor|Tailwind|p2a: Staraptor\n|-sidestart|p2: YakkaFoob|move: Tailwind\n|move|p2b: Milotic|Hypnosis|p1a: Feraligatr\n|-status|p1a: Feraligatr|slp|[from] move: Hypnosis\n|move|p1b: Sneasler|Poison Jab|p2b: Milotic\n|-damage|p2b: Milotic|80/100\n|cant|p1a: Feraligatr|slp\n|\n|-heal|p2b: Milotic|86/100|[from] item: Leftovers\n|-damage|p2a: Staraptor|66/100 psn|[from] psn\n|upkeep\n|turn|3\n|\n|t:|1788327664\n|move|p2a: Staraptor|Brave Bird|p1b: Sneasler\n|-supereffective|p1b: Sneasler|1\n|-enditem|p1b: Sneasler|Focus Sash\n|-damage|p1b: Sneasler|1/100\n|-damage|p2a: Staraptor|39/100 psn|[from] Recoil\n|move|p2b: Milotic|Ice Beam|p1b: Sneasler\n|-damage|p1b: Sneasler|0 fnt\n|faint|p1b: Sneasler\n|cant|p1a: Feraligatr|slp\n|\n|-heal|p2b: Milotic|92/100|[from] item: Leftovers\n|-damage|p2a: Staraptor|27/100 psn|[from] psn\n|upkeep\n|\n|t:|1788327680\n|switch|p1b: Sinistcha|Sinistcha, L50|100/100\n|turn|4\n|\n|t:|1788327703\n|move|p2a: Staraptor|Protect|p2a: Staraptor\n|-singleturn|p2a: Staraptor|Protect\n|move|p1b: Sinistcha|Protect|p1b: Sinistcha\n|-singleturn|p1b: Sinistcha|Protect\n|move|p2b: Milotic|Ice Beam|p1b: Sinistcha\n|-activate|p1b: Sinistcha|move: Protect\n|-curestatus|p1a: Feraligatr|slp|[msg]\n|move|p1a: Feraligatr|Ice Punch|p2a: Staraptor\n|-activate|p2a: Staraptor|move: Protect\n|\n|-heal|p2b: Milotic|98/100|[from] item: Leftovers\n|-damage|p2a: Staraptor|14/100 psn|[from] psn\n|upkeep\n|turn|5\n|\n|t:|1788327730\n|switch|p1b: Delphox|Delphox, L50, M|100/100\n|move|p2a: Staraptor|Brave Bird|p1a: Feraligatr\n|-damage|p1a: Feraligatr|45/100\n|-damage|p2a: Staraptor|0 fnt|[from] Recoil\n|faint|p2a: Staraptor\n|move|p2b: Milotic|Ice Beam|p1b: Delphox\n|-resisted|p1b: Delphox|1\n|-crit|p1b: Delphox\n|-damage|p1b: Delphox|80/100\n|move|p1a: Feraligatr|Dragon Dance|p1a: Feraligatr\n|-boost|p1a: Feraligatr|atk|1\n|-boost|p1a: Feraligatr|spe|1\n|\n|-heal|p2b: Milotic|100/100|[from] item: Leftovers\n|-sideend|p2: YakkaFoob|move: Tailwind\n|upkeep\n|\n|t:|1788327746\n|switch|p2a: Sinistcha|Sinistcha, L50|100/100\n|turn|6\n|\n|t:|1788327773\n|detailschange|p1b: Delphox|Delphox-Mega, L50, M\n|-mega|p1b: Delphox|Delphox|Delphoxite\n|move|p1a: Feraligatr|Protect|p1a: Feraligatr\n|-singleturn|p1a: Feraligatr|Protect\n|move|p1b: Delphox|Nasty Plot|p1b: Delphox\n|-boost|p1b: Delphox|spa|2\n|move|p2b: Milotic|Hypnosis|p1b: Delphox\n|-status|p1b: Delphox|slp|[from] move: Hypnosis\n|move|p2a: Sinistcha|Trick Room|p2a: Sinistcha\n|-fieldstart|move: Trick Room|[of] p2a: Sinistcha\n|\n|upkeep\n|turn|7\n|\n|t:|1788327801\n|switch|p1b: Sinistcha|Sinistcha, L50|100/100\n|-heal|p1a: Feraligatr|70/100|[from] ability: Hospitality|[of] p1b: Sinistcha\n|move|p2a: Sinistcha|Matcha Gotcha|p1a: Feraligatr|[spread] p1a,p1b\n|-supereffective|p1a: Feraligatr|1\n|-crit|p1a: Feraligatr\n|-resisted|p1b: Sinistcha|1\n|-damage|p1a: Feraligatr|0 fnt\n|-damage|p1b: Sinistcha|88/100\n|faint|p1a: Feraligatr\n|move|p2b: Milotic|Ice Beam|p1b: Sinistcha\n|-supereffective|p1b: Sinistcha|1\n|-damage|p1b: Sinistcha|41/100\n|\n|upkeep\n|\n|t:|1788327811\n|switch|p1a: Delphox|Delphox-Mega, L50, M|80/100 slp\n|turn|8\n|\n|t:|1788327827\n|move|p2a: Sinistcha|Protect|p2a: Sinistcha\n|-singleturn|p2a: Sinistcha|Protect\n|cant|p1a: Delphox|slp\n|move|p2b: Milotic|Muddy Water|p1b: Sinistcha|[spread] p1a,p1b\n|-supereffective|p1a: Delphox|1\n|-resisted|p1b: Sinistcha|1\n|-damage|p1a: Delphox|37/100 slp\n|-damage|p1b: Sinistcha|27/100\n|-unboost|p1b: Sinistcha|accuracy|1\n|move|p1b: Sinistcha|Trick Room|p1b: Sinistcha\n|-fieldend|move: Trick Room\n|\n|upkeep\n|turn|9\n|\n|t:|1788327876\n|cant|p1a: Delphox|slp\n|move|p2b: Milotic|Muddy Water|p1a: Delphox|[spread] p1a,p1b\n|-supereffective|p1a: Delphox|1\n|-resisted|p1b: Sinistcha|1\n|-damage|p1a: Delphox|0 fnt\n|-damage|p1b: Sinistcha|14/100\n|faint|p1a: Delphox\n|move|p1b: Sinistcha|Matcha Gotcha|p2b: Milotic|[spread] p2b\n|-miss|p1b: Sinistcha|p2a: Sinistcha\n|-supereffective|p2b: Milotic|1\n|-damage|p2b: Milotic|61/100\n|-heal|p1b: Sinistcha|35/100|[from] drain|[of] p2b: Milotic\n|move|p2a: Sinistcha|Trick Room|p2a: Sinistcha\n|-fieldstart|move: Trick Room|[of] p2a: Sinistcha\n|\n|-heal|p2b: Milotic|67/100|[from] item: Leftovers\n|upkeep\n|turn|10\n|-message|pikellord forfeited.\n|\n|win|YakkaFoob\n","uploadtime":1788327881,"views":"2","formatid":"gen9championsvgc2026regmbbo3","rating":null,"private":0,"password":null}