{"id":"gen9championsvgc2026regmbbo3-2674096067","format":"[Gen 9 Champions] VGC 2026 Reg M-B (Bo3)","players":["TrevasVGC","DINOLONK"],"log":"|j|☆TrevasVGC\n|j|☆DINOLONK\n|html|<table width=\"100%\"><tr><td align=\"left\">TrevasVGC</td><td align=\"right\">DINOLONK</tr><tr><td align=\"left\"><i class=\"fa fa-circle-o\"></i> <i class=\"fa fa-circle-o\"></i> </td><td align=\"right\"><i class=\"fa fa-circle-o\"></i> <i class=\"fa fa-circle-o\"></i> </tr></table>\n|uhtml|bestof|<h2><strong>Game 1</strong> of <a href=\"/game-bestof3-gen9championsvgc2026regmbbo3-2674096066\">a best-of-3</a></h2>\n|t:|1788298573\n|gametype|doubles\n|player|p1|TrevasVGC|blaine|1300\n|player|p2|DINOLONK|parasollady-gen4|1345\n|gen|9\n|tier|[Gen 9 Champions] VGC 2026 Reg M-B (Bo3)\n|rated|\n|rule|Species Clause: Limit one of each Pokémon\n|rule|Item Clause: Limit 1 of each item\n|clearpoke\n|poke|p1|Scovillain, L50, F, shiny|\n|poke|p1|Basculegion, L50, M|\n|poke|p1|Kingambit, L50, M|\n|poke|p1|Sneasler, L50, F|\n|poke|p1|Lycanroc-Dusk, L50, F|\n|poke|p1|Froslass, L50, F|\n|poke|p2|Dragonite, L50, M|\n|poke|p2|Sneasler, L50, M|\n|poke|p2|Kingambit, L50, F|\n|poke|p2|Basculegion, L50, M|\n|poke|p2|Whimsicott, L50, M|\n|poke|p2|Floette-Eternal, L50, F|\n|teampreview|4\n|showteam|p1|Scovillain||Scovillainite|Moody|GigaDrain,Overheat,RagePowder,Protect|Bold||F|||50|]Basculegion||LifeOrb|Adaptability|WaveCrash,LastRespects,AquaJet,Protect|Adamant||M|||50|]Kingambit||BlackGlasses|Defiant|KowtowCleave,SuckerPunch,SwordsDance,Protect|Adamant||M|||50|]Sneasler||WhiteHerb|Unburden|CloseCombat,DireClaw,Protect,FakeOut|Adamant||F|||50|]Lycanroc-Dusk||FocusSash|ToughClaws|CloseCombat,Accelerock,RockSlide,Protect|Adamant||F|||50|]Froslass||Froslassite|CursedBody|Blizzard,ShadowBall,AuroraVeil,Protect|Timid||F|||50|\n|showteam|p2|Dragonite||Dragoninite|InnerFocus|DragonPulse,HeatWave,Thunderbolt,Protect|Modest||M|||50|]Sneasler||WhiteHerb|Unburden|DireClaw,CloseCombat,RockSlide,FakeOut|Jolly||M|||50|]Kingambit||ChopleBerry|Defiant|KowtowCleave,SuckerPunch,LowKick,IronHead|Adamant||F|||50|]Basculegion||LifeOrb|Adaptability|WaveCrash,LastRespects,AquaJet,Protect|Adamant||M|||50|]Whimsicott||FocusSash|Prankster|Moonblast,Tailwind,Encore,Protect|Timid||M|||50|]Floette-Eternal||Floettite|FlowerVeil|Moonblast,DazzlingGleam,LightofRuin,Protect|Timid||F|||50|\n|inactive|Battle timer is ON: inactive players will automatically lose when time's up. (requested by DINOLONK)\n|inactive|TrevasVGC has 60 seconds left.\n|inactive|TrevasVGC has 30 seconds left.\n|inactive|TrevasVGC has 20 seconds left.\n|\n|t:|1788298644\n|teamsize|p1|4\n|teamsize|p2|4\n|start\n|switch|p1a: Koala|Froslass, L50, F|100/100\n|switch|p1b: Cisco|Sneasler, L50, F|100/100\n|switch|p2a: Sneasler|Sneasler, L50, M|100/100\n|switch|p2b: Floette|Floette-Eternal, L50, F|100/100\n|turn|1\n|inactive|TrevasVGC has 30 seconds left.\n|inactive|TrevasVGC has 20 seconds left.\n|\n|t:|1788298681\n|detailschange|p2b: Floette|Floette-Mega, L50, F\n|-mega|p2b: Floette|Floette|Floettite\n|-ability|p2b: Floette|Fairy Aura\n|move|p1a: Koala|Protect|p1a: Koala\n|-singleturn|p1a: Koala|Protect\n|move|p1b: Cisco|Protect|p1b: Cisco\n|-singleturn|p1b: Cisco|Protect\n|move|p2a: Sneasler|Rock Slide|p1a: Koala|[spread] \n|-activate|p1a: Koala|move: Protect\n|-activate|p1b: Cisco|move: Protect\n|move|p2b: Floette|Dazzling Gleam|p1a: Koala|[spread] \n|-activate|p1a: Koala|move: Protect\n|-activate|p1b: Cisco|move: Protect\n|\n|upkeep\n|turn|2\n|inactive|TrevasVGC has 30 seconds left.\n|\n|t:|1788298708\n|switch|p2b: Kingambit|Kingambit, L50, F|100/100\n|detailschange|p1a: Koala|Froslass-Mega, L50, F\n|-mega|p1a: Koala|Froslass|Froslassite\n|-weather|Snowscape|[from] ability: Snow Warning|[of] p1a: Koala\n|move|p1a: Koala|Blizzard|p2b: Kingambit|[spread] p2a,p2b\n|-resisted|p2b: Kingambit|1\n|-damage|p2a: Sneasler|55/100\n|-damage|p2b: Kingambit|83/100\n|-status|p2a: Sneasler|frz\n|-curestatus|p2a: Sneasler|frz|[msg]\n|move|p2a: Sneasler|Rock Slide|p1b: Cisco|[spread] p1b\n|-miss|p2a: Sneasler|p1a: Koala\n|-resisted|p1b: Cisco|1\n|-damage|p1b: Cisco|84/100\n|move|p1b: Cisco|Dire Claw|p2b: Kingambit\n|-immune|p2b: Kingambit\n|\n|-weather|Snowscape|[upkeep]\n|upkeep\n|turn|3\n|inactive|TrevasVGC has 30 seconds left.\n|inactive|TrevasVGC has 20 seconds left.\n|\n|t:|1788298745\n|switch|p2b: Basculegion|Basculegion, L50, M|100/100\n|move|p1a: Koala|Aurora Veil|p1a: Koala\n|-sidestart|p1: TrevasVGC|move: Aurora Veil\n|move|p2a: Sneasler|Rock Slide|p1a: Koala|[spread] p1b\n|-miss|p2a: Sneasler|p1a: Koala\n|-resisted|p1b: Cisco|1\n|-damage|p1b: Cisco|75/100\n|move|p1b: Cisco|Close Combat|p2b: Basculegion\n|-immune|p2b: Basculegion\n|\n|-weather|Snowscape|[upkeep]\n|upkeep\n|turn|4\n|inactive|TrevasVGC has 30 seconds left.\n|\n|t:|1788298774\n|move|p1b: Cisco|Protect|p1b: Cisco\n|-singleturn|p1b: Cisco|Protect\n|move|p2b: Basculegion|Protect|p2b: Basculegion\n|-singleturn|p2b: Basculegion|Protect\n|move|p1a: Koala|Shadow Ball|p2b: Basculegion\n|-activate|p2b: Basculegion|move: Protect\n|move|p2a: Sneasler|Rock Slide|p1a: Koala|[spread] p1a\n|-activate|p1b: Cisco|move: Protect\n|-supereffective|p1a: Koala|1\n|-damage|p1a: Koala|78/100\n|\n|-weather|Snowscape|[upkeep]\n|upkeep\n|turn|5\n|\n|t:|1788298789\n|switch|p2b: Kingambit|Kingambit, L50, F|83/100\n|move|p1a: Koala|Shadow Ball|p2b: Kingambit\n|-resisted|p2b: Kingambit|1\n|-damage|p2b: Kingambit|66/100\n|move|p2a: Sneasler|Dire Claw|p1a: Koala\n|-resisted|p1a: Koala|1\n|-damage|p1a: Koala|65/100\n|move|p1b: Cisco|Close Combat|p2a: Sneasler\n|-resisted|p2a: Sneasler|1\n|-damage|p2a: Sneasler|2/100\n|-unboost|p1b: Cisco|def|1\n|-unboost|p1b: Cisco|spd|1\n|-enditem|p1b: Cisco|White Herb\n|-clearnegativeboost|p1b: Cisco|[silent]\n|\n|-weather|Snowscape|[upkeep]\n|upkeep\n|turn|6\n|\n|t:|1788298811\n|move|p1a: Koala|Protect|p1a: Koala\n|-singleturn|p1a: Koala|Protect\n|move|p2b: Kingambit|Sucker Punch||[still]\n|-fail|p2b: Kingambit\n|move|p1b: Cisco|Close Combat|p2b: Kingambit\n|-supereffective|p2b: Kingambit|2\n|-enditem|p2b: Kingambit|Chople Berry|[eat]\n|-enditem|p2b: Kingambit|Chople Berry|[weaken]\n|-damage|p2b: Kingambit|0 fnt\n|-unboost|p1b: Cisco|def|1\n|-unboost|p1b: Cisco|spd|1\n|faint|p2b: Kingambit\n|move|p2a: Sneasler|Dire Claw|p1a: Koala\n|-activate|p1a: Koala|move: Protect\n|\n|-weather|none\n|upkeep\n|\n|t:|1788298814\n|switch|p2b: Floette|Floette-Mega, L50, F|100/100\n|-ability|p2b: Floette|Fairy Aura\n|turn|7\n|-message|DINOLONK forfeited.\n|\n|win|TrevasVGC\n","uploadtime":1788298825,"views":"0","formatid":"gen9championsvgc2026regmbbo3","rating":null,"private":0,"password":null}