{"id":"gen9championsvgc2026regmbbo3-2673637128","format":"[Gen 9 Champions] VGC 2026 Reg M-B (Bo3)","players":["romov","bernardomgj"],"log":"|j|☆romov\n|j|☆bernardomgj\n|html|<table width=\"100%\"><tr><td align=\"left\">romov</td><td align=\"right\">bernardomgj</tr><tr><td align=\"left\"><i class=\"fa fa-circle-o\"></i> <i class=\"fa fa-circle-o\"></i> </td><td align=\"right\"><i class=\"fa fa-circle-o\"></i> <i class=\"fa fa-circle-o\"></i> </tr></table>\n|uhtml|bestof|<h2><strong>Game 1</strong> of <a href=\"/game-bestof3-gen9championsvgc2026regmbbo3-2673637127\">a best-of-3</a></h2>\n|t:|1788225065\n|gametype|doubles\n|player|p1|romov|169|1020\n|player|p2|bernardomgj|169|1086\n|gen|9\n|tier|[Gen 9 Champions] VGC 2026 Reg M-B (Bo3)\n|rated|\n|rule|Species Clause: Limit one of each Pokémon\n|rule|Item Clause: Limit 1 of each item\n|clearpoke\n|poke|p1|Archaludon, L50, M|\n|poke|p1|Sceptile, L50, F|\n|poke|p1|Rotom-Wash, L50|\n|poke|p1|Sinistcha, L50|\n|poke|p1|Sableye, L50, M|\n|poke|p1|Swampert, L50, F|\n|poke|p2|Gallade, L50, M, shiny|\n|poke|p2|Maushold, L50|\n|poke|p2|Raichu, L50, M|\n|poke|p2|Weavile, L50, M|\n|poke|p2|Empoleon, L50, M, shiny|\n|poke|p2|Grimmsnarl, L50, M, shiny|\n|teampreview|4\n|showteam|p1|Archaludon||Leftovers|Stamina|ElectroShot,DragonPulse,FlashCannon,Protect|Timid||M|||50|]Sceptile||Sceptilite|Overgrow|Detect,DragonPulse,EarthPower,LeafStorm|Timid||F|||50|]Rotom-Wash||ChoiceScarf|Levitate|Discharge,VoltSwitch,HydroPump,Trick|Timid|||||50|]Sinistcha||OccaBerry|Hospitality|MatchaGotcha,LifeDew,RagePowder,Protect|Relaxed|||||50|]Sableye||BlackGlasses|Prankster|FoulPlay,Recover,RainDance,FakeOut|Impish||M|||50|]Swampert||Swampertite|Torrent|WaveCrash,Protect,Earthquake,RockSlide|Adamant||F|||50|\n|showteam|p2|Gallade||Galladite|Justified|DrainPunch,RockSlide,ShadowSneak,Protect|Jolly||M|||50|]Maushold||FocusSash|FriendGuard|BeatUp,FollowMe,SuperFang,Protect|Bold|||||50|]Raichu||RaichuniteY|LightningRod|FocusBlast,ZapCannon,Feint,FakeOut|Timid||M|||50|]Weavile||WideLens|Pressure|TripleAxel,KnockOff,FakeOut,LowKick|Jolly||M|||50|]Empoleon||Leftovers|Competitive|HydroPump,FlashCannon,IceBeam,Protect|Bold||M|||50|]Grimmsnarl||LightClay|Prankster|SpiritBreak,LightScreen,Reflect,PartingShot|Careful||M|||50|\n|inactive|Battle timer is ON: inactive players will automatically lose when time's up. (requested by romov)\n|inactive|bernardomgj has 60 seconds left.\n|\n|t:|1788225110\n|teamsize|p1|4\n|teamsize|p2|4\n|start\n|switch|p1a: Sceptile|Sceptile, L50, F|100/100\n|switch|p1b: Rotom|Rotom-Wash, L50|100/100\n|switch|p2a: Weavile|Weavile, L50, M|100/100\n|switch|p2b: Grimmsnarl|Grimmsnarl, L50, M, shiny|100/100\n|-ability|p2a: Weavile|Pressure\n|turn|1\n|inactive|romov has 30 seconds left.\n|\n|t:|1788225141\n|switch|p1a: Sableye|Sableye, L50, M|100/100\n|move|p2a: Weavile|Fake Out|p1b: Rotom\n|-damage|p1b: Rotom|81/100\n|move|p2b: Grimmsnarl|Light Screen|p2b: Grimmsnarl\n|-sidestart|p2: bernardomgj|move: Light Screen\n|cant|p1b: Rotom|flinch\n|\n|upkeep\n|turn|2\n|\n|t:|1788225158\n|move|p1a: Sableye|Fake Out|p2a: Weavile\n|-damage|p2a: Weavile|87/100\n|move|p2b: Grimmsnarl|Parting Shot|p1b: Rotom\n|-unboost|p1b: Rotom|atk|1\n|-unboost|p1b: Rotom|spa|1\n|\n|t:|1788225164\n|switch|p2b: Maushold|Maushold, L50|100/100|[from] Parting Shot\n|move|p1b: Rotom|Trick|p2b: Maushold\n|-activate|p1b: Rotom|move: Trick|[of] p2b: Maushold\n|-item|p2b: Maushold|Choice Scarf|[from] move: Trick\n|-item|p1b: Rotom|Focus Sash|[from] move: Trick\n|cant|p2a: Weavile|flinch\n|\n|upkeep\n|turn|3\n|\n|t:|1788225184\n|switch|p2a: Gallade|Gallade, L50, M, shiny|100/100\n|move|p1a: Sableye|Rain Dance|p1a: Sableye\n|-weather|RainDance\n|move|p2b: Maushold|Beat Up|p2a: Gallade\n|-damage|p2a: Gallade|96/100\n|-ability|p2a: Gallade|Justified|boost\n|-boost|p2a: Gallade|atk|1\n|-damage|p2a: Gallade|94/100\n|-ability|p2a: Gallade|Justified|boost\n|-boost|p2a: Gallade|atk|1\n|-damage|p2a: Gallade|91/100\n|-ability|p2a: Gallade|Justified|boost\n|-boost|p2a: Gallade|atk|1\n|-damage|p2a: Gallade|88/100\n|-ability|p2a: Gallade|Justified|boost\n|-boost|p2a: Gallade|atk|1\n|-hitcount|p2a: Gallade|4\n|move|p1b: Rotom|Hydro Pump|p2a: Gallade|[miss]\n|-miss|p1b: Rotom|p2a: Gallade\n|\n|-weather|RainDance|[upkeep]\n|upkeep\n|turn|4\n|inactive|romov has 30 seconds left.\n|inactive|bernardomgj has 30 seconds left.\n|\n|t:|1788225210\n|switch|p2b: Weavile|Weavile, L50, M|87/100\n|-ability|p2b: Weavile|Pressure\n|detailschange|p2a: Gallade|Gallade-Mega, L50, M, shiny\n|-mega|p2a: Gallade|Gallade|Galladite\n|move|p2a: Gallade|Rock Slide|p1b: Rotom|[spread] p1a,p1b\n|-damage|p1a: Sableye|34/100\n|-damage|p1b: Rotom|0 fnt\n|faint|p1b: Rotom\n|move|p1a: Sableye|Foul Play|p2a: Gallade\n|-damage|p2a: Gallade|0 fnt\n|faint|p2a: Gallade\n|\n|-weather|RainDance|[upkeep]\n|upkeep\n|\n|t:|1788225225\n|switch|p2a: Grimmsnarl|Grimmsnarl, L50, M, shiny|100/100\n|switch|p1b: Sinistcha|Sinistcha, L50|100/100\n|-heal|p1a: Sableye|59/100|[from] ability: Hospitality|[of] p1b: Sinistcha\n|turn|5\n|\n|t:|1788225248\n|switch|p1b: Sceptile|Sceptile, L50, F|100/100\n|move|p1a: Sableye|Recover|p1a: Sableye\n|-heal|p1a: Sableye|100/100\n|move|p2b: Weavile|Knock Off|p1b: Sceptile\n|-damage|p1b: Sceptile|46/100\n|move|p2a: Grimmsnarl|Spirit Break|p1a: Sableye\n|-supereffective|p1a: Sableye|1\n|-damage|p1a: Sableye|39/100\n|-unboost|p1a: Sableye|spa|1\n|\n|-weather|RainDance|[upkeep]\n|upkeep\n|turn|6\n|\n|t:|1788225267\n|switch|p1a: Sinistcha|Sinistcha, L50|100/100\n|-heal|p1b: Sceptile|70/100|[from] ability: Hospitality|[of] p1a: Sinistcha\n|move|p1b: Sceptile|Detect|p1b: Sceptile\n|-singleturn|p1b: Sceptile|Protect\n|move|p2b: Weavile|Triple Axel|p1b: Sceptile\n|-activate|p1b: Sceptile|move: Protect\n|move|p2a: Grimmsnarl|Spirit Break|p1a: Sinistcha\n|-damage|p1a: Sinistcha|79/100\n|-unboost|p1a: Sinistcha|spa|1\n|\n|-weather|RainDance|[upkeep]\n|upkeep\n|turn|7\n|\n|t:|1788225289\n|detailschange|p1b: Sceptile|Sceptile-Mega, L50, F\n|-mega|p1b: Sceptile|Sceptile|Sceptilite\n|move|p1a: Sinistcha|Rage Powder|p1a: Sinistcha\n|-singleturn|p1a: Sinistcha|move: Rage Powder\n|move|p2a: Grimmsnarl|Parting Shot|p1a: Sinistcha\n|-unboost|p1a: Sinistcha|atk|1\n|-unboost|p1a: Sinistcha|spa|1\n|\n|t:|1788225295\n|switch|p2a: Maushold|Maushold, L50|100/100|[from] Parting Shot\n|move|p1b: Sceptile|Earth Power|p2b: Weavile\n|-damage|p2b: Weavile|63/100\n|move|p2b: Weavile|Knock Off|p1a: Sinistcha\n|-supereffective|p1a: Sinistcha|1\n|-damage|p1a: Sinistcha|10/100\n|-enditem|p1a: Sinistcha|Occa Berry|[from] move: Knock Off|[of] p2b: Weavile\n|\n|-weather|none\n|upkeep\n|turn|8\n|\n|t:|1788225316\n|move|p1b: Sceptile|Detect|p1b: Sceptile\n|-singleturn|p1b: Sceptile|Protect\n|move|p2a: Maushold|Follow Me|p2a: Maushold\n|-singleturn|p2a: Maushold|move: Follow Me\n|move|p2b: Weavile|Triple Axel|p1b: Sceptile\n|-activate|p1b: Sceptile|move: Protect\n|move|p1a: Sinistcha|Life Dew|p1a: Sinistcha|[spread] p1a,p1b\n|-heal|p1a: Sinistcha|35/100\n|-heal|p1b: Sceptile|95/100\n|\n|-sideend|p2: bernardomgj|move: Light Screen\n|upkeep\n|turn|9\n|\n|t:|1788225334\n|switch|p1a: Sableye|Sableye, L50, M|39/100\n|move|p2a: Maushold|Follow Me|p2a: Maushold\n|-singleturn|p2a: Maushold|move: Follow Me\n|move|p1b: Sceptile|Dragon Pulse|p2a: Maushold\n|-damage|p2a: Maushold|46/100\n|move|p2b: Weavile|Triple Axel|p1a: Sableye\n|-damage|p1a: Sableye|28/100\n|-damage|p1a: Sableye|8/100\n|-damage|p1a: Sableye|0 fnt\n|faint|p1a: Sableye\n|-hitcount|p1: Sableye|3\n|\n|upkeep\n|\n|t:|1788225345\n|switch|p1a: Sinistcha|Sinistcha, L50|35/100\n|-heal|p1b: Sceptile|100/100|[from] ability: Hospitality|[of] p1a: Sinistcha\n|turn|10\n|\n|t:|1788225356\n|switch|p2a: Grimmsnarl|Grimmsnarl, L50, M, shiny|100/100\n|move|p1a: Sinistcha|Protect|p1a: Sinistcha\n|-singleturn|p1a: Sinistcha|Protect\n|move|p1b: Sceptile|Dragon Pulse|p2a: Grimmsnarl\n|-immune|p2a: Grimmsnarl\n|move|p2b: Weavile|Triple Axel|p1a: Sinistcha\n|-activate|p1a: Sinistcha|move: Protect\n|\n|upkeep\n|turn|11\n|-message|romov forfeited.\n|raw|romov's rating: 1020 &rarr; <strong>1009</strong><br />(-11 for losing)\n|raw|bernardomgj's rating: 1086 &rarr; <strong>1108</strong><br />(+22 for winning)\n|\n|win|bernardomgj\n|l|☆romov\n|player|p1|\n","uploadtime":1788225368,"views":"1","formatid":"gen9championsvgc2026regmbbo3","rating":1009,"private":0,"password":null}