{"id":"gen9championsvgc2026regmb-2674112350","format":"[Gen 9 Champions] VGC 2026 Reg M-B","players":["mimrat6","totofe"],"log":"|j|☆mimrat6\n|j|☆totofe\n|t:|1788300876\n|gametype|doubles\n|player|p1|mimrat6|backersf|1390\n|player|p2|totofe|acetrainercouple|1382\n|gen|9\n|tier|[Gen 9 Champions] VGC 2026 Reg M-B\n|rated|\n|rule|Species Clause: Limit one of each Pokémon\n|rule|Item Clause: Limit 1 of each item\n|clearpoke\n|poke|p1|Ninetales-Alola, L50, M|\n|poke|p1|Incineroar, L50, F|\n|poke|p1|Dragonite, L50, F|\n|poke|p1|Sneasler, L50, F|\n|poke|p1|Gengar, L50, M|\n|poke|p1|Swampert, L50, M|\n|poke|p2|Slowking-Galar, L50, M|\n|poke|p2|Incineroar, L50, M|\n|poke|p2|Slowbro, L50, M|\n|poke|p2|Venusaur, L50, F|\n|poke|p2|Rhyperior, L50, M|\n|poke|p2|Bellibolt, L50, F|\n|teampreview|4\n|inactive|Battle timer is ON: inactive players will automatically lose when time's up. (requested by mimrat6)\ntotofe rejected open team sheets.\n|\n|t:|1788300905\n|teamsize|p1|4\n|teamsize|p2|4\n|start\n|switch|p1a: Gengar|Gengar, L50, M|100/100\n|switch|p1b: Dragonite|Dragonite, L50, F|100/100\n|switch|p2a: Slowking|Slowking-Galar, L50, M|100/100\n|switch|p2b: Incineroar|Incineroar, L50, M|100/100\n|-ability|p2b: Incineroar|Intimidate|boost\n|-unboost|p1a: Gengar|atk|1\n|-fail|p1b: Dragonite|unboost|atk|[from] ability: Inner Focus|[of] p1b: Dragonite\n|turn|1\n|\n|t:|1788300921\n|detailschange|p1a: Gengar|Gengar-Mega, L50, M\n|-mega|p1a: Gengar|Gengar|Gengarite\n|move|p1a: Gengar|Shadow Ball|p2a: Slowking\n|-supereffective|p2a: Slowking|1\n|-damage|p2a: Slowking|22/100\n|move|p1b: Dragonite|Superpower|p2b: Incineroar\n|-supereffective|p2b: Incineroar|1\n|-enditem|p2b: Incineroar|Chople Berry|[eat]\n|-enditem|p2b: Incineroar|Chople Berry|[weaken]\n|-damage|p2b: Incineroar|52/100\n|-unboost|p1b: Dragonite|atk|1\n|-unboost|p1b: Dragonite|def|1\n|-damage|p1b: Dragonite|90/100|[from] item: Life Orb\n|move|p2b: Incineroar|Will-O-Wisp|p1b: Dragonite\n|-status|p1b: Dragonite|brn\n|move|p2a: Slowking|Trick Room|p2a: Slowking\n|-fieldstart|move: Trick Room|[of] p2a: Slowking\n|\n|-damage|p1b: Dragonite|84/100 brn|[from] brn\n|upkeep\n|turn|2\n|\n|t:|1788300941\n|switch|p1b: Incineroar|Incineroar, L50, F|100/100\n|-ability|p1b: Incineroar|Intimidate|boost\n|-unboost|p2a: Slowking|atk|1\n|-unboost|p2b: Incineroar|atk|1\n|move|p1a: Gengar|Protect|p1a: Gengar\n|-singleturn|p1a: Gengar|Protect\n|-prepare|p2a: Slowking|Chilly Reception|[premajor]\n|move|p2a: Slowking|Chilly Reception|p2a: Slowking\n|-weather|Snowscape\n|\n|t:|1788300950\n|-heal|p2a: Slowking|55/100|[from] ability: Regenerator|[silent]\n|switch|p2a: Bellibolt|Bellibolt, L50, F|100/100|[from] Chilly Reception\n|move|p2b: Incineroar|Parting Shot|p1a: Gengar\n|-activate|p1a: Gengar|move: Protect\n|\n|-weather|Snowscape|[upkeep]\n|upkeep\n|turn|3\n|\n|t:|1788300970\n|move|p1b: Incineroar|Fake Out|p2b: Incineroar\n|-damage|p2b: Incineroar|44/100\n|move|p2a: Bellibolt|Soak|p1a: Gengar\n|-start|p1a: Gengar|typechange|Water\n|cant|p2b: Incineroar|flinch\n|move|p1a: Gengar|Sludge Bomb|p2a: Bellibolt\n|-damage|p2a: Bellibolt|68/100\n|-start|p2a: Bellibolt|Charge|Sludge Bomb|[from] ability: Electromorphosis\n|\n|-weather|Snowscape|[upkeep]\n|upkeep\n|turn|4\n|\n|t:|1788300986\n|switch|p1a: Swampert|Swampert, L50, M|100/100\n|move|p2a: Bellibolt|Charge|p2a: Bellibolt\n|-boost|p2a: Bellibolt|spd|1\n|-start|p2a: Bellibolt|Charge\n|move|p2b: Incineroar|Parting Shot|p1a: Swampert\n|-unboost|p1a: Swampert|atk|1\n|-unboost|p1a: Swampert|spa|1\n|\n|t:|1788300997\n|switch|p2b: Venusaur|Venusaur, L50, F|100/100|[from] Parting Shot\n|move|p1b: Incineroar|Parting Shot|p2a: Bellibolt\n|-unboost|p2a: Bellibolt|atk|1\n|-unboost|p2a: Bellibolt|spa|1\n|\n|t:|1788301006\n|switch|p1b: Gengar|Gengar-Mega, L50, M|100/100|[from] Parting Shot\n|\n|-weather|Snowscape|[upkeep]\n|upkeep\n|turn|5\n|\n|t:|1788301023\n|detailschange|p2b: Venusaur|Venusaur-Mega, L50, F\n|-mega|p2b: Venusaur|Venusaur|Venusaurite\n|move|p2a: Bellibolt|Soak|p1a: Swampert\n|-start|p1a: Swampert|typechange|Water\n|move|p1a: Swampert|Yawn|p2b: Venusaur\n|-start|p2b: Venusaur|move: Yawn|[of] p1a: Swampert\n|move|p2b: Venusaur|Grassy Terrain|p2b: Venusaur\n|-fieldstart|move: Grassy Terrain\n|move|p1b: Gengar|Sludge Bomb|p2b: Venusaur\n|-damage|p2b: Venusaur|56/100\n|\n|-weather|Snowscape|[upkeep]\n|-heal|p2a: Bellibolt|74/100|[from] Grassy Terrain\n|-heal|p2b: Venusaur|62/100|[from] Grassy Terrain\n|-fieldend|move: Trick Room\n|upkeep\n|turn|6\n|\n|t:|1788301042\n|move|p1b: Gengar|Protect|p1b: Gengar\n|-singleturn|p1b: Gengar|Protect\n|move|p2b: Venusaur|Leech Seed|p2a: Bellibolt\n|-start|p2a: Bellibolt|move: Leech Seed\n|move|p1a: Swampert|High Horsepower|p2a: Bellibolt\n|-supereffective|p2a: Bellibolt|1\n|-damage|p2a: Bellibolt|50/100g\n|-start|p2a: Bellibolt|Charge|High Horsepower|[from] ability: Electromorphosis\n|move|p2a: Bellibolt|Charge Beam|p1a: Swampert\n|-supereffective|p1a: Swampert|1\n|-damage|p1a: Swampert|61/100\n|-boost|p2a: Bellibolt|spa|1\n|-end|p2a: Bellibolt|Charge|[silent]\n|\n|-weather|none\n|-heal|p2b: Venusaur|68/100|[from] Grassy Terrain\n|-heal|p1a: Swampert|66/100|[from] Grassy Terrain\n|-heal|p1a: Swampert|72/100|[from] item: Leftovers\n|-heal|p2a: Bellibolt|56/100|[from] Grassy Terrain\n|-damage|p2a: Bellibolt|43/100|[from] Leech Seed|[of] p2b: Venusaur\n|-heal|p2b: Venusaur|82/100|[silent]\n|-end|p2b: Venusaur|move: Yawn|[silent]\n|-status|p2b: Venusaur|slp\n|upkeep\n|-enditem|p2a: Bellibolt|Sitrus Berry|[eat]\n|-heal|p2a: Bellibolt|68/100|[from] item: Sitrus Berry\n|turn|7\n|inactive|mimrat6 has 30 seconds left.\n|inactive|totofe has 30 seconds left.\n|\n|t:|1788301072\n|switch|p1a: Incineroar|Incineroar, L50, F|100/100\n|-ability|p1a: Incineroar|Intimidate|boost\n|-unboost|p2a: Bellibolt|atk|1\n|-unboost|p2b: Venusaur|atk|1\n|move|p1b: Gengar|Substitute|p1b: Gengar\n|-start|p1b: Gengar|Substitute\n|-damage|p1b: Gengar|75/100\n|cant|p2b: Venusaur|slp\n|move|p2a: Bellibolt|Charge Beam|p1b: Gengar\n|-activate|p1b: Gengar|move: Substitute|[damage]\n|-boost|p2a: Bellibolt|spa|1\n|\n|-heal|p1b: Gengar|81/100|[from] Grassy Terrain\n|-heal|p2b: Venusaur|88/100 slp|[from] Grassy Terrain\n|-heal|p2a: Bellibolt|75/100|[from] Grassy Terrain\n|-damage|p2a: Bellibolt|62/100|[from] Leech Seed|[of] p2b: Venusaur\n|-heal|p2b: Venusaur|100/100 slp|[silent]\n|upkeep\n|turn|8\n|\n|t:|1788301093\n|move|p1b: Gengar|Sludge Bomb|p2a: Bellibolt\n|-damage|p2a: Bellibolt|33/100\n|-start|p2a: Bellibolt|Charge|Sludge Bomb|[from] ability: Electromorphosis\n|-curestatus|p2b: Venusaur|slp|[msg]\n|move|p2b: Venusaur|Amnesia|p2b: Venusaur\n|-boost|p2b: Venusaur|spd|2\n|move|p1a: Incineroar|Parting Shot|p2a: Bellibolt\n|-unboost|p2a: Bellibolt|atk|1\n|-unboost|p2a: Bellibolt|spa|1\n|\n|t:|1788301105\n|switch|p1a: Swampert|Swampert, L50, M|72/100|[from] Parting Shot\n|move|p2a: Bellibolt|Soak|p1a: Swampert\n|-start|p1a: Swampert|typechange|Water\n|\n|-heal|p1b: Gengar|87/100|[from] Grassy Terrain\n|-heal|p1a: Swampert|78/100|[from] Grassy Terrain\n|-heal|p1a: Swampert|84/100|[from] item: Leftovers\n|-heal|p2a: Bellibolt|39/100|[from] Grassy Terrain\n|-damage|p2a: Bellibolt|26/100|[from] Leech Seed|[of] p2b: Venusaur\n|upkeep\n|turn|9\n|\n|t:|1788301122\n|move|p1b: Gengar|Sludge Bomb|p2b: Venusaur\n|-damage|p2b: Venusaur|77/100\n|move|p2b: Venusaur|Giga Drain|p1a: Swampert\n|-supereffective|p1a: Swampert|1\n|-damage|p1a: Swampert|17/100\n|-heal|p2b: Venusaur|100/100|[from] drain|[of] p1a: Swampert\n|move|p1a: Swampert|High Horsepower|p2a: Bellibolt\n|-supereffective|p2a: Bellibolt|1\n|-damage|p2a: Bellibolt|0 fnt\n|faint|p2a: Bellibolt\n|\n|-heal|p1b: Gengar|93/100|[from] Grassy Terrain\n|-heal|p1a: Swampert|23/100|[from] Grassy Terrain\n|-heal|p1a: Swampert|29/100|[from] item: Leftovers\n|-fieldend|move: Grassy Terrain\n|upkeep\n|\n|t:|1788301136\n|switch|p2a: Slowking|Slowking-Galar, L50, M|55/100\n|turn|10\n|\n|t:|1788301143\n|switch|p1a: Incineroar|Incineroar, L50, F|100/100\n|-ability|p1a: Incineroar|Intimidate|boost\n|-unboost|p2a: Slowking|atk|1\n|-unboost|p2b: Venusaur|atk|1\n|move|p1b: Gengar|Shadow Ball|p2a: Slowking\n|-supereffective|p2a: Slowking|1\n|-damage|p2a: Slowking|0 fnt\n|faint|p2a: Slowking\n|move|p2b: Venusaur|Leech Seed||[still]\n|-fail|p2b: Venusaur\n|\n|upkeep\n|-message|totofe forfeited.\n|\n|win|mimrat6\n|raw|mimrat6's rating: 1390 &rarr; <strong>1410</strong><br />(+20 for winning)\n|raw|totofe's rating: 1382 &rarr; <strong>1362</strong><br />(-20 for losing)\n|l|☆totofe\n|player|p2|\n","uploadtime":1788301159,"views":"3","formatid":"gen9championsvgc2026regmb","rating":1362,"private":0,"password":null}