{"id":"gen9championsvgc2026regmb-2674168272","format":"[Gen 9 Champions] VGC 2026 Reg M-B","players":["MF SUSAN","obseen"],"log":"|j|☆MF SUSAN\n|j|☆obseen\n|t:|1788309393\n|gametype|doubles\n|player|p1|MF SUSAN|266|\n|player|p2|obseen|alder|\n|gen|9\n|tier|[Gen 9 Champions] VGC 2026 Reg M-B\n|rule|Species Clause: Limit one of each Pokémon\n|rule|Item Clause: Limit 1 of each item\n|clearpoke\n|poke|p1|Blastoise, L50, M|\n|poke|p1|Sinistcha, L50|\n|poke|p1|Sneasler, L50, M|\n|poke|p1|Heliolisk, L50, F|\n|poke|p1|Kangaskhan, L50, F|\n|poke|p1|Arcanine, L50, M|\n|poke|p2|Floette-Eternal, L50, F|\n|poke|p2|Garchomp, L50, M|\n|poke|p2|Talonflame, L50, M|\n|poke|p2|Klefki, L50, M|\n|poke|p2|Hydreigon, L50, F|\n|poke|p2|Blaziken, L50, M|\n|teampreview|4\n|j| Gooigi88\n|j| Crispy Will\n|\n|t:|1788309446\n|teamsize|p1|4\n|teamsize|p2|4\n|start\n|switch|p1a: Money Back|Sneasler, L50, M|100/100\n|switch|p1b: BangisMom|Kangaskhan, L50, F|100/100\n|switch|p2a: Talonflame|Talonflame, L50, M|100/100\n|switch|p2b: Garchomp|Garchomp, L50, M|100/100\n|turn|1\n|\n|t:|1788309468\n|move|p2b: Garchomp|Protect|p2b: Garchomp\n|-singleturn|p2b: Garchomp|Protect\n|move|p1a: Money Back|Fake Out|p2a: Talonflame\n|-damage|p2a: Talonflame|78/100\n|-status|p2a: Talonflame|psn|[from] ability: Poison Touch|[of] p1a: Money Back\n|cant|p2a: Talonflame|flinch\n|move|p1b: BangisMom|Ice Punch|p2b: Garchomp\n|-activate|p2b: Garchomp|move: Protect\n|\n|-damage|p2a: Talonflame|65/100 psn|[from] psn\n|upkeep\n|turn|2\n|\n|t:|1788309513\n|move|p1a: Money Back|Dire Claw|p2a: Talonflame\n|-damage|p2a: Talonflame|3/100 psn\n|move|p2a: Talonflame|Dual Wingbeat|p1a: Money Back\n|-supereffective|p1a: Money Back|1\n|-damage|p1a: Money Back|38/100\n|-supereffective|p1a: Money Back|1\n|-damage|p1a: Money Back|0 fnt\n|faint|p1a: Money Back\n|-hitcount|p1: Money Back|2\n|move|p2b: Garchomp|Earthquake|p1b: BangisMom|[spread] p1b\n|-immune|p2a: Talonflame\n|-damage|p1b: BangisMom|43/100\n|-damage|p2b: Garchomp|90/100|[from] item: Life Orb\n|move|p1b: BangisMom|Ice Punch|p2b: Garchomp\n|-supereffective|p2b: Garchomp|2\n|-damage|p2b: Garchomp|0 fnt\n|-damage|p1b: BangisMom|31/100|[from] ability: Rough Skin|[of] p2b: Garchomp\n|faint|p2b: Garchomp\n|\n|-damage|p2a: Talonflame|0 fnt|[from] psn\n|faint|p2a: Talonflame\n|upkeep\n|\n|t:|1788309533\n|switch|p1a: Mid Life Crisis|Blastoise, L50, M|100/100\n|switch|p2a: Floette|Floette-Eternal, L50, F|100/100\n|switch|p2b: Hydreigon|Hydreigon, L50, F|100/100\n|turn|3\n|\n|t:|1788309548\n|detailschange|p1a: Mid Life Crisis|Blastoise-Mega, L50, M\n|-mega|p1a: Mid Life Crisis|Blastoise|Blastoisinite\n|detailschange|p2a: Floette|Floette-Mega, L50, F\n|-mega|p2a: Floette|Floette|Floettite\n|-ability|p2a: Floette|Fairy Aura\n|move|p1a: Mid Life Crisis|Protect|p1a: Mid Life Crisis\n|-singleturn|p1a: Mid Life Crisis|Protect\n|move|p2b: Hydreigon|Dark Pulse|p1a: Mid Life Crisis\n|-activate|p1a: Mid Life Crisis|move: Protect\n|move|p1b: BangisMom|Double-Edge|p2b: Hydreigon\n|-damage|p2b: Hydreigon|32/100\n|-damage|p1b: BangisMom|10/100|[from] Recoil\n|move|p2a: Floette|Dazzling Gleam|p1a: Mid Life Crisis|[spread] p1b\n|-activate|p1a: Mid Life Crisis|move: Protect\n|-crit|p1b: BangisMom\n|-damage|p1b: BangisMom|0 fnt\n|faint|p1b: BangisMom\n|\n|upkeep\n|\n|t:|1788309568\n|switch|p1b: Be Useful PLS|Arcanine, L50, M|100/100\n|-ability|p1b: Be Useful PLS|Intimidate|boost\n|-unboost|p2a: Floette|atk|1\n|-unboost|p2b: Hydreigon|atk|1\n|turn|4\n|\n|t:|1788309586\n|move|p1b: Be Useful PLS|Extreme Speed|p2b: Hydreigon\n|-damage|p2b: Hydreigon|5/100\n|move|p2b: Hydreigon|Dark Pulse|p1a: Mid Life Crisis\n|-damage|p1a: Mid Life Crisis|51/100\n|move|p1a: Mid Life Crisis|Water Spout|p2a: Floette|[spread] p2a,p2b\n|-resisted|p2b: Hydreigon|1\n|-damage|p2a: Floette|76/100\n|-damage|p2b: Hydreigon|0 fnt\n|faint|p2b: Hydreigon\n|move|p2a: Floette|Moonblast|p1a: Mid Life Crisis\n|-damage|p1a: Mid Life Crisis|0 fnt\n|faint|p1a: Mid Life Crisis\n|\n|upkeep\n|turn|5\n|\n|t:|1788309599\n|move|p1b: Be Useful PLS|Flare Blitz|p2a: Floette\n|-damage|p2a: Floette|8/100\n|-damage|p1b: Be Useful PLS|76/100|[from] Recoil\n|move|p2a: Floette|Moonblast|p1b: Be Useful PLS\n|-resisted|p1b: Be Useful PLS|1\n|-damage|p1b: Be Useful PLS|29/100\n|\n|upkeep\n|turn|6\n|\n|t:|1788309604\n|move|p1b: Be Useful PLS|Extreme Speed|p2a: Floette\n|-damage|p2a: Floette|0 fnt\n|faint|p2a: Floette\n|\n|win|MF SUSAN\n|c|☆obseen|damn gg\n|l| Gooigi88\n|l|☆MF SUSAN\n|player|p1|\n|l|☆obseen\n|player|p2|\n","uploadtime":1788309643,"views":"16","formatid":"gen9championsvgc2026regmb","rating":null,"private":0,"password":null}