{"id":"gen9championsvgc2026regmbbo3-2674341503","format":"[Gen 9 Champions] VGC 2026 Reg M-B (Bo3)","players":["TrustInClang","shibikanon"],"log":"|j|☆TrustInClang\n|j|☆shibikanon\n|html|<table width=\"100%\"><tr><td align=\"left\">TrustInClang</td><td align=\"right\">shibikanon</tr><tr><td align=\"left\"><i class=\"fa fa-circle-o\"></i> <i class=\"fa fa-circle-o\"></i> </td><td align=\"right\"><i class=\"fa fa-circle-o\"></i> <i class=\"fa fa-circle\"></i> </tr></table>\n|uhtml|bestof|<h2><strong>Game 2</strong> of <a href=\"/game-bestof3-gen9championsvgc2026regmbbo3-2674340750\">a best-of-3</a></h2>\n|t:|1788344956\n|gametype|doubles\n|player|p1|TrustInClang|cowgirl|1267\n|player|p2|shibikanon|skyla-masters3|1413\n|gen|9\n|tier|[Gen 9 Champions] VGC 2026 Reg M-B (Bo3)\n|rated|\n|rule|Species Clause: Limit one of each Pokémon\n|rule|Item Clause: Limit 1 of each item\n|clearpoke\n|poke|p1|Chandelure, L50, F|\n|poke|p1|Kommo-o, L50, F|\n|poke|p1|Whimsicott, L50, F|\n|poke|p1|Kingambit, L50, F|\n|poke|p1|Floette-Eternal, L50, F|\n|poke|p1|Kangaskhan, L50, F|\n|poke|p2|Charizard, L50, F, shiny|\n|poke|p2|Sylveon, L50, F, shiny|\n|poke|p2|Incineroar, L50, F|\n|poke|p2|Rhyperior, L50, F|\n|poke|p2|Farigiraf, L50, M|\n|poke|p2|Basculegion, L50, M|\n|teampreview|4\n|showteam|p1|Chandelure||FocusSash|FlashFire|HeatWave,ShadowBall,TrickRoom,Protect|Modest||F|||50|]Kommo-o||LifeOrb|Soundproof|ClangingScales,AuraSphere,VacuumWave,Protect|Modest||F|||50|]Whimsicott||FairyFeather|Prankster|Moonblast,Tailwind,FakeTears,Encore|Timid||F|||50|]Kingambit||ChopleBerry|Defiant|KowtowCleave,SuckerPunch,IronHead,Protect|Adamant||F|||50|]Floette-Eternal||Floettite|FlowerVeil|Moonblast,DazzlingGleam,Substitute,Protect|Modest||F|||50|]Kangaskhan||Kangaskhanite|Scrappy|FakeOut,DoubleEdge,IcePunch,LowKick|Adamant||F|||50|\n|showteam|p2|Charizard||CharizarditeY|Blaze|HeatWave,WeatherBall,SolarBeam,Protect|Modest||F|||50|]Sylveon||FairyFeather|Pixilate|HyperVoice,QuickAttack,HyperBeam,Detect|Modest||F|||50|]Incineroar||SitrusBerry|Intimidate|FlareBlitz,ThroatChop,PartingShot,FakeOut|Adamant||F|||50|]Rhyperior||LifeOrb|SolidRock|HighHorsepower,RockSlide,IcePunch,Protect|Brave||F|||50|]Farigiraf||ColburBerry|ArmorTail|Psychic,Thunderbolt,TrickRoom,Protect|Modest||M|||50|]Basculegion||ChoiceScarf|Adaptability|WaveCrash,LastRespects,AquaJet,FlipTurn|Jolly||M|||50|\n|inactive|Battle timer is ON: inactive players will automatically lose when time's up. (requested by shibikanon)\n|\n|t:|1788344974\n|teamsize|p1|4\n|teamsize|p2|4\n|start\n|switch|p1a: Kingambit|Kingambit, L50, F|100/100\n|switch|p1b: Kangaskhan|Kangaskhan, L50, F|100/100\n|switch|p2a: Incineroar|Incineroar, L50, F|100/100\n|switch|p2b: Farigiraf|Farigiraf, L50, M|100/100\n|-ability|p2a: Incineroar|Intimidate|boost\n|-unboost|p1a: Kingambit|atk|1\n|-ability|p1a: Kingambit|Defiant|boost\n|-boost|p1a: Kingambit|atk|2\n|-fail|p1b: Kangaskhan|unboost|atk|[from] ability: Scrappy|[of] p1b: Kangaskhan\n|turn|1\n|\n|t:|1788344998\n|detailschange|p1b: Kangaskhan|Kangaskhan-Mega, L50, F\n|-mega|p1b: Kangaskhan|Kangaskhan|Kangaskhanite\n|move|p2a: Incineroar|Fake Out|p1b: Kangaskhan\n|-damage|p1b: Kangaskhan|89/100\n|cant|p1b: Kangaskhan|flinch\n|move|p1a: Kingambit|Kowtow Cleave|p2b: Farigiraf\n|-supereffective|p2b: Farigiraf|1\n|-enditem|p2b: Farigiraf|Colbur Berry|[eat]\n|-enditem|p2b: Farigiraf|Colbur Berry|[weaken]\n|-damage|p2b: Farigiraf|35/100\n|move|p2b: Farigiraf|Trick Room|p2b: Farigiraf\n|-fieldstart|move: Trick Room|[of] p2b: Farigiraf\n|\n|upkeep\n|turn|2\n|\n|t:|1788345011\n|move|p2b: Farigiraf|Protect|p2b: Farigiraf\n|-singleturn|p2b: Farigiraf|Protect\n|move|p1a: Kingambit|Kowtow Cleave|p2a: Incineroar\n|-resisted|p2a: Incineroar|1\n|-damage|p2a: Incineroar|67/100\n|move|p2a: Incineroar|Parting Shot|p1b: Kangaskhan\n|-unboost|p1b: Kangaskhan|atk|1\n|-unboost|p1b: Kangaskhan|spa|1\n|\n|t:|1788345018\n|switch|p2a: Rhyperior|Rhyperior, L50, F|100/100|[from] Parting Shot\n|move|p1b: Kangaskhan|Double-Edge|p2a: Rhyperior\n|-resisted|p2a: Rhyperior|1\n|-damage|p2a: Rhyperior|84/100\n|-resisted|p2a: Rhyperior|1\n|-damage|p2a: Rhyperior|81/100\n|-hitcount|p2a: Rhyperior|2\n|-damage|p1b: Kangaskhan|81/100|[from] Recoil\n|\n|upkeep\n|turn|3\n|\n|t:|1788345043\n|switch|p1b: Whimsicott|Whimsicott, L50, F|100/100\n|move|p2a: Rhyperior|High Horsepower|p1a: Kingambit\n|-supereffective|p1a: Kingambit|1\n|-damage|p1a: Kingambit|0 fnt\n|faint|p1a: Kingambit\n|-damage|p2a: Rhyperior|71/100|[from] item: Life Orb\n|move|p2b: Farigiraf|Psychic|p1b: Whimsicott\n|-damage|p1b: Whimsicott|54/100\n|\n|upkeep\n|\n|t:|1788345055\n|switch|p1a: Chandelure|Chandelure, L50, F|100/100\n|turn|4\n|\n|t:|1788345064\n|move|p1a: Chandelure|Protect|p1a: Chandelure\n|-singleturn|p1a: Chandelure|Protect\n|move|p2a: Rhyperior|Rock Slide|p1b: Whimsicott|[spread] p1b\n|-activate|p1a: Chandelure|move: Protect\n|-damage|p1b: Whimsicott|7/100\n|-damage|p2a: Rhyperior|61/100|[from] item: Life Orb\n|move|p2b: Farigiraf|Psychic|p1a: Chandelure\n|-activate|p1a: Chandelure|move: Protect\n|move|p1b: Whimsicott|Moonblast|p2b: Farigiraf\n|-damage|p2b: Farigiraf|5/100\n|\n|upkeep\n|turn|5\n|\n|t:|1788345071\n|switch|p1a: Kangaskhan|Kangaskhan-Mega, L50, F|81/100\n|move|p1b: Whimsicott|Tailwind|p1b: Whimsicott\n|-sidestart|p1: TrustInClang|move: Tailwind\n|move|p2a: Rhyperior|Rock Slide|p1a: Kangaskhan|[spread] p1a,p1b\n|-damage|p1a: Kangaskhan|41/100\n|-damage|p1b: Whimsicott|0 fnt\n|faint|p1b: Whimsicott\n|-damage|p2a: Rhyperior|51/100|[from] item: Life Orb\n|move|p2b: Farigiraf|Psychic|p1a: Kangaskhan\n|-damage|p1a: Kangaskhan|5/100\n|-unboost|p1a: Kangaskhan|spd|1\n|\n|-fieldend|move: Trick Room\n|upkeep\n|\n|t:|1788345074\n|switch|p1b: Chandelure|Chandelure, L50, F|100/100\n|turn|6\n|\n|t:|1788345087\n|move|p2a: Rhyperior|Protect|p2a: Rhyperior\n|-singleturn|p2a: Rhyperior|Protect\n|move|p1a: Kangaskhan|Low Kick|p2a: Rhyperior\n|-activate|p2a: Rhyperior|move: Protect\n|move|p1b: Chandelure|Heat Wave|p2b: Farigiraf|[spread] p2b\n|-activate|p2a: Rhyperior|move: Protect\n|-damage|p2b: Farigiraf|0 fnt\n|faint|p2b: Farigiraf\n|\n|upkeep\n|\n|t:|1788345094\n|switch|p2b: Incineroar|Incineroar, L50, F|67/100\n|-ability|p2b: Incineroar|Intimidate|boost\n|-unboost|p1a: Kangaskhan|atk|1\n|-unboost|p1b: Chandelure|atk|1\n|turn|7\n|\n|t:|1788345098\n|switch|p2a: Charizard|Charizard, L50, F, shiny|100/100\n|move|p2b: Incineroar|Fake Out|p1a: Kangaskhan\n|-damage|p1a: Kangaskhan|0 fnt\n|faint|p1a: Kangaskhan\n|move|p1b: Chandelure|Shadow Ball|p2a: Charizard\n|-damage|p2a: Charizard|38/100\n|\n|upkeep\n|turn|8\n|-message|TrustInClang forfeited.\n|\n|win|shibikanon\n|raw|TrustInClang's rating: 1267 &rarr; <strong>1252</strong><br />(-15 for losing)\n|raw|shibikanon's rating: 1413 &rarr; <strong>1425</strong><br />(+12 for winning)\n","uploadtime":1788345102,"views":"3","formatid":"gen9championsvgc2026regmbbo3","rating":1252,"private":0,"password":null}