{"id":"gen9championsvgc2026regmbbo3-2673942748","format":"[Gen 9 Champions] VGC 2026 Reg M-B (Bo3)","players":["Turtonator44","IBstudios"],"log":"|j|☆Turtonator44\n|j|☆IBstudios\n|html|<table width=\"100%\"><tr><td align=\"left\">Turtonator44</td><td align=\"right\">IBstudios</tr><tr><td align=\"left\"><i class=\"fa fa-circle\"></i> <i class=\"fa fa-circle-o\"></i> </td><td align=\"right\"><i class=\"fa fa-circle-o\"></i> <i class=\"fa fa-circle-o\"></i> </tr></table>\n|uhtml|bestof|<h2><strong>Game 2</strong> of <a href=\"/game-bestof3-gen9championsvgc2026regmbbo3-2673940726\">a best-of-3</a></h2>\n|t:|1788279976\n|gametype|doubles\n|player|p1|Turtonator44|wally|1412\n|player|p2|IBstudios|266|1380\n|gen|9\n|tier|[Gen 9 Champions] VGC 2026 Reg M-B (Bo3)\n|rated|\n|rule|Species Clause: Limit one of each Pokémon\n|rule|Item Clause: Limit 1 of each item\n|clearpoke\n|poke|p1|Froslass, L50, F|\n|poke|p1|Corviknight, L50, M|\n|poke|p1|Arcanine-Hisui, L50, F|\n|poke|p1|Garchomp, L50, M|\n|poke|p1|Kommo-o, L50, M, shiny|\n|poke|p1|Tyranitar, L50, M|\n|poke|p2|Incineroar, L50, M|\n|poke|p2|Dragonite, L50, F|\n|poke|p2|Metagross, L50|\n|poke|p2|Sneasler, L50, M|\n|poke|p2|Primarina, L50, F|\n|poke|p2|Sinistcha-Masterpiece, L50|\n|teampreview|4\n|showteam|p1|Froslass||Froslassite|SnowCloak|Blizzard,ShadowBall,Protect,FrostBreath|Timid||F|||50|]Corviknight||OccaBerry|MirrorArmor|BraveBird,IronHead,Protect,Tailwind|Jolly||M|||50|]Arcanine-Hisui||FocusSash|RockHead|FlareBlitz,HeadSmash,Protect,ExtremeSpeed|Adamant||F|||50|]Garchomp||ChoiceScarf|RoughSkin|RockSlide,Earthquake,StompingTantrum,DragonClaw|Adamant||M|||50|]Kommo-o||LifeOrb|Soundproof|ClangingScales,AuraSphere,VacuumWave,Protect|Modest||M|||50|]Tyranitar||Tyranitarite|SandStream|RockSlide,KnockOff,LowKick,Protect|Adamant||M|||50|\n|showteam|p2|Incineroar||SitrusBerry|Intimidate|FakeOut,FlareBlitz,ThroatChop,PartingShot|Adamant||M|||50|]Dragonite||Dragoninite|Multiscale|DragonPulse,HeatWave,Tailwind,Protect|Modest||F|||50|]Metagross||Metagrossite|ClearBody|PsychicFangs,BulletPunch,BodyPress,Protect|Jolly|||||50|]Sneasler||FocusSash|PoisonTouch|CloseCombat,PoisonJab,FakeOut,Protect|Jolly||M|||50|]Primarina||LifeOrb|LiquidVoice|HyperVoice,Moonblast,CalmMind,Protect|Modest||F|||50|]Sinistcha-Masterpiece||KasibBerry|Hospitality|MatchaGotcha,TrickRoom,RagePowder,Protect|Modest|||||50|\n|inactive|Battle timer is ON: inactive players will automatically lose when time's up. (requested by Turtonator44)\n|inactive|Turtonator44 has 60 seconds left.\n|\n|t:|1788280016\n|teamsize|p1|4\n|teamsize|p2|4\n|start\n|switch|p1a: Corviknight|Corviknight, L50, M|100/100\n|switch|p1b: Arcanine|Arcanine-Hisui, L50, F|100/100\n|switch|p2a: Primarina|Primarina, L50, F|100/100\n|switch|p2b: Incineroar|Incineroar, L50, M|100/100\n|-ability|p2b: Incineroar|Intimidate|boost\n|-ability|p1a: Corviknight|Mirror Armor\n|-unboost|p2b: Incineroar|atk|1\n|-unboost|p1b: Arcanine|atk|1\n|turn|1\n|\n|t:|1788280037\n|move|p1b: Arcanine|Protect|p1b: Arcanine\n|-singleturn|p1b: Arcanine|Protect\n|move|p2b: Incineroar|Fake Out|p1b: Arcanine\n|-activate|p1b: Arcanine|move: Protect\n|move|p1a: Corviknight|Brave Bird|p2a: Primarina\n|-damage|p2a: Primarina|41/100\n|-damage|p1a: Corviknight|82/100|[from] Recoil\n|move|p2a: Primarina|Calm Mind|p2a: Primarina\n|-boost|p2a: Primarina|spa|1\n|-boost|p2a: Primarina|spd|1\n|\n|upkeep\n|turn|2\n|inactive|IBstudios has 30 seconds left.\n|\n|t:|1788280066\n|switch|p2b: Sinistcha|Sinistcha-Masterpiece, L50|100/100\n|-heal|p2a: Primarina|66/100|[from] ability: Hospitality|[of] p2b: Sinistcha\n|move|p1b: Arcanine|Head Smash|p2b: Sinistcha\n|-damage|p2b: Sinistcha|50/100g\n|move|p1a: Corviknight|Brave Bird|p2a: Primarina\n|-damage|p2a: Primarina|7/100\n|-damage|p1a: Corviknight|64/100|[from] Recoil\n|move|p2a: Primarina|Hyper Voice|p1b: Arcanine|[spread] p1a,p1b\n|-supereffective|p1b: Arcanine|2\n|-damage|p1a: Corviknight|0 fnt\n|-enditem|p1b: Arcanine|Focus Sash\n|-damage|p1b: Arcanine|1/100\n|faint|p1a: Corviknight\n|-damage|p2a: Primarina|0 fnt|[from] item: Life Orb\n|faint|p2a: Primarina\n|\n|upkeep\n|\n|t:|1788280084\n|switch|p1a: Froslass|Froslass, L50, F|100/100\n|switch|p2a: Metagross|Metagross, L50|100/100\n|turn|3\n|\n|t:|1788280102\n|switch|p1b: Garchomp|Garchomp, L50, M|100/100\n|switch|p2b: Incineroar|Incineroar, L50, M|100/100\n|-ability|p2b: Incineroar|Intimidate|boost\n|-unboost|p1a: Froslass|atk|1\n|-unboost|p1b: Garchomp|atk|1\n|detailschange|p1a: Froslass|Froslass-Mega, L50, F\n|-mega|p1a: Froslass|Froslass|Froslassite\n|-weather|Snowscape|[from] ability: Snow Warning|[of] p1a: Froslass\n|move|p2a: Metagross|Protect|p2a: Metagross\n|-singleturn|p2a: Metagross|Protect\n|move|p1a: Froslass|Blizzard|p2a: Metagross|[spread] p2b\n|-activate|p2a: Metagross|move: Protect\n|-resisted|p2b: Incineroar|1\n|-damage|p2b: Incineroar|80/100\n|\n|-weather|Snowscape|[upkeep]\n|upkeep\n|turn|4\n|inactive|Turtonator44 has 30 seconds left.\n|inactive|Turtonator44 has 20 seconds left.\n|inactive|Turtonator44 has 15 seconds left.\n|\n|t:|1788280145\n|detailschange|p2a: Metagross|Metagross-Mega, L50\n|-mega|p2a: Metagross|Metagross|Metagrossite\n|move|p2b: Incineroar|Fake Out|p1b: Garchomp\n|-damage|p1b: Garchomp|88/100\n|-damage|p2b: Incineroar|68/100|[from] ability: Rough Skin|[of] p1b: Garchomp\n|cant|p1b: Garchomp|flinch\n|move|p1a: Froslass|Shadow Ball|p2a: Metagross\n|-supereffective|p2a: Metagross|1\n|-damage|p2a: Metagross|13/100\n|-unboost|p2a: Metagross|spd|1\n|move|p2a: Metagross|Psychic Fangs|p1b: Garchomp\n|-damage|p1b: Garchomp|30/100\n|-damage|p2a: Metagross|1/100|[from] ability: Rough Skin|[of] p1b: Garchomp\n|\n|-weather|Snowscape|[upkeep]\n|upkeep\n|turn|5\n|inactive|Turtonator44 has 30 seconds left.\n|inactive|Turtonator44 has 20 seconds left.\n|inactive|IBstudios has 30 seconds left.\n|inactive|Turtonator44 has 15 seconds left.\n|inactive|IBstudios has 20 seconds left.\n|inactive|IBstudios has 15 seconds left.\n|inactive|IBstudios has 10 seconds left.\n|inactive|IBstudios has 5 seconds left.\n|\n|t:|1788280211\n|move|p1a: Froslass|Protect|p1a: Froslass\n|-singleturn|p1a: Froslass|Protect\n|move|p2a: Metagross|Bullet Punch|p1a: Froslass\n|-activate|p1a: Froslass|move: Protect\n|move|p1b: Garchomp|Stomping Tantrum|p2a: Metagross\n|-supereffective|p2a: Metagross|1\n|-damage|p2a: Metagross|0 fnt\n|faint|p2a: Metagross\n|move|p2b: Incineroar|Parting Shot|p1a: Froslass\n|-activate|p1a: Froslass|move: Protect\n|\n|-weather|Snowscape|[upkeep]\n|upkeep\n|\n|t:|1788280217\n|switch|p2a: Sinistcha|Sinistcha-Masterpiece, L50|50/100g\n|-heal|p2b: Incineroar|93/100|[from] ability: Hospitality|[of] p2a: Sinistcha\n|turn|6\n|\n|t:|1788280239\n|move|p1b: Garchomp|Stomping Tantrum|p2b: Incineroar\n|-supereffective|p2b: Incineroar|1\n|-crit|p2b: Incineroar\n|-damage|p2b: Incineroar|0 fnt\n|faint|p2b: Incineroar\n|move|p1a: Froslass|Blizzard|p2a: Sinistcha\n|-supereffective|p2a: Sinistcha|1\n|-damage|p2a: Sinistcha|0 fnt\n|faint|p2a: Sinistcha\n|\n|win|Turtonator44\n|raw|Turtonator44's rating: 1412 &rarr; <strong>1430</strong><br />(+18 for winning)\n|raw|IBstudios's rating: 1380 &rarr; <strong>1362</strong><br />(-18 for losing)\n|l|☆Turtonator44\n|player|p1|\n","uploadtime":1788280274,"views":"9","formatid":"gen9championsvgc2026regmbbo3","rating":1362,"private":0,"password":null}