{"id":"gen9championsvgc2026regmb-2673967673","format":"[Gen 9 Champions] VGC 2026 Reg M-B","players":["G3N13","raghavendarv"],"log":"|j|☆G3N13\n|j|☆raghavendarv\n|t:|1788282905\n|gametype|doubles\n|player|p1|G3N13|n|\n|player|p2|raghavendarv|riley|\n|gen|9\n|tier|[Gen 9 Champions] VGC 2026 Reg M-B\n|rule|Species Clause: Limit one of each Pokémon\n|rule|Item Clause: Limit 1 of each item\n|clearpoke\n|poke|p1|Garchomp, L50, F, shiny|\n|poke|p1|Raichu, L50, M, shiny|\n|poke|p1|Whimsicott, L50, M, shiny|\n|poke|p1|Delphox, L50, F, shiny|\n|poke|p1|Kingambit, L50, M, shiny|\n|poke|p1|Basculegion, L50, M, shiny|\n|poke|p2|Staraptor, L50, M|\n|poke|p2|Kingambit, L50, M|\n|poke|p2|Arcanine-Hisui, L50, M|\n|poke|p2|Floette-Eternal, L50, F|\n|poke|p2|Rotom-Wash, L50|\n|poke|p2|Sinistcha, L50|\n|teampreview|4\nG3N13 has agreed to open team sheets.\nraghavendarv has agreed to open team sheets.\n|showteam|p1|Garchomp||SitrusBerry|RoughSkin|RockSlide,DragonClaw,Protect,Earthquake|Adamant||F|||50|]Raichu||RaichuniteY|LightningRod|FocusBlast,FakeOut,Protect,ZapCannon|Timid||M|||50|]Whimsicott||FocusSash|Prankster|Encore,Tailwind,Protect,Moonblast|Timid||M|||50|]Delphox||Delphoxite|Magician|Substitute,HeatWave,Psyshock,Protect|Timid||F|||50|]Kingambit||LifeOrb|Defiant|SuckerPunch,KowtowCleave,IronHead,Protect|Adamant||M|||50|]Basculegion||ChoiceScarf|Adaptability|AquaJet,LastRespects,FlipTurn,WaveCrash|Jolly||M|||50|\n|showteam|p2|Staraptor||Staraptite|Intimidate|BraveBird,CloseCombat,Protect,Tailwind|Serious||M|||50|]Kingambit||BlackGlasses|Defiant|KowtowCleave,SuckerPunch,IronHead,Protect|Serious||M|||50|]Arcanine-Hisui||FocusSash|RockHead|FlareBlitz,HeadSmash,ExtremeSpeed,CloseCombat|Serious||M|||50|]Floette-Eternal||Floettite|FlowerVeil|CalmMind,DazzlingGleam,Moonblast,Protect|Serious||F|||50|]Rotom-Wash||Leftovers|Levitate|HydroPump,Thunderbolt,WillOWisp,Protect|Timid|||||50|]Sinistcha||SitrusBerry|Hospitality|RagePowder,MatchaGotcha,TrickRoom,Protect|Modest|||||50|\n|l|☆G3N13\n|player|p1|\n|j|☆G3N13\n|player|p1|G3N13|n|\n|c|☆raghavendarv|I accepted\n|c|☆raghavendarv|What happened\n|\n|t:|1788283062\n|teamsize|p1|4\n|teamsize|p2|4\n|start\n|switch|p1a: Whimsicott|Whimsicott, L50, M, shiny|100/100\n|switch|p1b: Basculegion|Basculegion, L50, M, shiny|100/100\n|switch|p2a: Rotom|Rotom-Wash, L50|100/100\n|switch|p2b: Floette|Floette-Eternal, L50, F|100/100\n|turn|1\n|\n|t:|1788283109\n|switch|p1b: Raichu|Raichu, L50, M, shiny|100/100\n|detailschange|p2b: Floette|Floette-Mega, L50, F\n|-mega|p2b: Floette|Floette|Floettite\n|-ability|p2b: Floette|Fairy Aura\n|move|p1a: Whimsicott|Tailwind|p1a: Whimsicott\n|-sidestart|p1: G3N13|move: Tailwind\n|move|p2b: Floette|Calm Mind|p2b: Floette\n|-boost|p2b: Floette|spa|1\n|-boost|p2b: Floette|spd|1\n|move|p2a: Rotom|Thunderbolt|p1b: Raichu\n|-ability|p1b: Raichu|Lightning Rod|boost\n|-boost|p1b: Raichu|spa|1\n|\n|upkeep\n|turn|2\n|c|☆G3N13|Nice\n|\n|t:|1788283144\n|switch|p1a: Kingambit|Kingambit, L50, M, shiny|100/100\n|switch|p2a: Sinistcha|Sinistcha, L50|100/100\n|detailschange|p1b: Raichu|Raichu-Mega-Y, L50, M, shiny\n|-mega|p1b: Raichu|Raichu|Raichunite Y\n|move|p2b: Floette|Protect|p2b: Floette\n|-singleturn|p2b: Floette|Protect\n|move|p1b: Raichu|Fake Out|p2b: Floette\n|-activate|p2b: Floette|move: Protect\n|\n|upkeep\n|turn|3\n|\n|t:|1788283178\n|move|p1b: Raichu|Protect|p1b: Raichu\n|-singleturn|p1b: Raichu|Protect\n|move|p2a: Sinistcha|Rage Powder|p2a: Sinistcha\n|-singleturn|p2a: Sinistcha|move: Rage Powder\n|move|p2b: Floette|Moonblast|p1a: Kingambit\n|-damage|p1a: Kingambit|5/100\n|move|p1a: Kingambit|Kowtow Cleave|p2a: Sinistcha\n|-supereffective|p2a: Sinistcha|1\n|-damage|p2a: Sinistcha|0 fnt\n|faint|p2a: Sinistcha\n|-damage|p1a: Kingambit|0 fnt|[from] item: Life Orb\n|faint|p1a: Kingambit\n|\n|upkeep\n|\n|t:|1788283190\n|switch|p2a: Kingambit|Kingambit, L50, M|100/100\n|switch|p1a: Basculegion|Basculegion, L50, M, shiny|100/100\n|turn|4\n|\n|t:|1788283209\n|switch|p1a: Whimsicott|Whimsicott, L50, M, shiny|100/100\n|move|p2a: Kingambit|Sucker Punch||[still]\n|-fail|p2a: Kingambit\n|move|p1b: Raichu|Focus Blast|p2a: Kingambit\n|-supereffective|p2a: Kingambit|2\n|-damage|p2a: Kingambit|0 fnt\n|faint|p2a: Kingambit\n|move|p2b: Floette|Moonblast|p1b: Raichu\n|-damage|p1b: Raichu|0 fnt\n|faint|p1b: Raichu\n|\n|-sideend|p1: G3N13|move: Tailwind\n|upkeep\n|\n|t:|1788283223\n|switch|p1b: Basculegion|Basculegion, L50, M, shiny|100/100\n|switch|p2a: Rotom|Rotom-Wash, L50|100/100\n|turn|5\n|\n|t:|1788283231\n|move|p2b: Floette|Protect|p2b: Floette\n|-singleturn|p2b: Floette|Protect\n|move|p1b: Basculegion|Last Respects|p2b: Floette\n|-activate|p2b: Floette|move: Protect\n|move|p1a: Whimsicott|Moonblast|p2a: Rotom\n|-damage|p2a: Rotom|53/100\n|move|p2a: Rotom|Thunderbolt|p1b: Basculegion\n|-supereffective|p1b: Basculegion|1\n|-damage|p1b: Basculegion|4/100\n|\n|-heal|p2a: Rotom|59/100|[from] item: Leftovers\n|upkeep\n|turn|6\n|\n|t:|1788283266\n|move|p2b: Floette|Protect||[still]\n|-fail|p2b: Floette\n|move|p1a: Whimsicott|Encore|p2b: Floette\n|-start|p2b: Floette|Encore\n|move|p1b: Basculegion|Last Respects|p2a: Rotom\n|-damage|p2a: Rotom|0 fnt\n|faint|p2a: Rotom\n|\n|upkeep\n|turn|7\n|\n|t:|1788283276\n|move|p2b: Floette|Protect|p2b: Floette\n|-singleturn|p2b: Floette|Protect\n|move|p1b: Basculegion|Last Respects|p2b: Floette\n|-activate|p2b: Floette|move: Protect\n|move|p1a: Whimsicott|Moonblast|p2b: Floette\n|-activate|p2b: Floette|move: Protect\n|\n|upkeep\n|turn|8\n|\n|t:|1788283282\n|move|p2b: Floette|Protect|p2b: Floette\n|-singleturn|p2b: Floette|Protect\n|move|p1b: Basculegion|Last Respects|p2b: Floette\n|-activate|p2b: Floette|move: Protect\n|move|p1a: Whimsicott|Moonblast|p2b: Floette\n|-activate|p2b: Floette|move: Protect\n|\n|upkeep\n|turn|9\n|\n|t:|1788283297\n|move|p2b: Floette|Protect||[still]\n|-fail|p2b: Floette\n|move|p1b: Basculegion|Last Respects|p2b: Floette\n|-damage|p2b: Floette|0 fnt\n|faint|p2b: Floette\n|\n|win|G3N13\n|c|☆raghavendarv|I should have won\n|c|☆G3N13|How\n|c|☆G3N13|?\n","uploadtime":1788283323,"views":"5","formatid":"gen9championsvgc2026regmb","rating":null,"private":0,"password":null}