{"id":"gen9championsvgc2026regmbbo3-2674884453","format":"[Gen 9 Champions] VGC 2026 Reg M-B (Bo3)","players":["OlympiaBmore2027","Jorge Saltamontes"],"log":"|j|☆OlympiaBmore2027\n|j|☆Jorge Saltamontes\n|html|<table width=\"100%\"><tr><td align=\"left\">OlympiaBmore2027</td><td align=\"right\">Jorge Saltamontes</tr><tr><td align=\"left\"><i class=\"fa fa-circle\"></i> <i class=\"fa fa-circle-o\"></i> </td><td align=\"right\"><i class=\"fa fa-circle-o\"></i> <i class=\"fa fa-circle\"></i> </tr></table>\n|uhtml|bestof|<h2><strong>Game 3</strong> of <a href=\"/game-bestof3-gen9championsvgc2026regmbbo3-2674882951\">a best-of-3</a></h2>\n|t:|1788428830\n|gametype|doubles\n|player|p1|OlympiaBmore2027|dahlia|1248\n|player|p2|Jorge Saltamontes|marshal|1474\n|gen|9\n|tier|[Gen 9 Champions] VGC 2026 Reg M-B (Bo3)\n|rated|\n|rule|Species Clause: Limit one of each Pokémon\n|rule|Item Clause: Limit 1 of each item\n|clearpoke\n|poke|p1|Mawile, L50, M|\n|poke|p1|Incineroar, L50, F|\n|poke|p1|Goodra, L50, M|\n|poke|p1|Farigiraf, L50, M|\n|poke|p1|Overqwil, L50, F|\n|poke|p1|Pelipper, L50, M|\n|poke|p2|Charizard, L50, F|\n|poke|p2|Garchomp, L50, F|\n|poke|p2|Incineroar, L50, M|\n|poke|p2|Venusaur, L50, M|\n|poke|p2|Toxapex, L50, M|\n|poke|p2|Sylveon, L50, F|\n|teampreview|4\n|showteam|p1|Mawile||Mawilite|HyperCutter|RockSlide,PlayRough,SuckerPunch,Protect|Adamant||M|||50|]Incineroar||PasshoBerry|Intimidate|FakeOut,PartingShot,FlareBlitz,Taunt|Adamant||F|||50|]Goodra||DragonFang|SapSipper|DracoMeteor,DragonPulse,Flamethrower,Protect|Modest||M|||50|]Farigiraf||ColburBerry|ArmorTail|TrickRoom,PsychicFangs,LowKick,HelpingHand|Brave||M|||50|]Overqwil||LifeOrb|SwiftSwim|ThroatChop,GunkShot,Liquidation,Protect|Adamant||F|||50|]Pelipper||SitrusBerry|Drizzle|WeatherBall,Hurricane,Tailwind,WideGuard|Modest||M|||50|\n|showteam|p2|Charizard||CharizarditeY|Blaze|WeatherBall,HeatWave,AncientPower,Protect|Modest||F|||50|]Garchomp||ChoiceScarf|RoughSkin|RockSlide,DragonClaw,Earthquake,StompingTantrum|Adamant||F|||50|]Incineroar||SitrusBerry|Intimidate|FlareBlitz,FakeOut,DarkestLariat,PartingShot|Impish||M|||50|]Venusaur||FocusSash|Chlorophyll|SludgeBomb,SleepPowder,EarthPower,Protect|Modest||M|||50|]Toxapex||Leftovers|Regenerator|Infestation,Toxic,WideGuard,BanefulBunker|Bold||M|||50|]Sylveon||FairyFeather|Pixilate|HyperVoice,QuickAttack,Yawn,Detect|Modest||F|||50|\n|\n|t:|1788428855\n|teamsize|p1|4\n|teamsize|p2|4\n|start\n|switch|p1a: Incineroar|Incineroar, L50, F|100/100\n|switch|p1b: Goodra|Goodra, L50, M|100/100\n|switch|p2a: Incineroar|Incineroar, L50, M|100/100\n|switch|p2b: Charizard|Charizard, L50, F|100/100\n|-ability|p1a: Incineroar|Intimidate|boost\n|-unboost|p2a: Incineroar|atk|1\n|-unboost|p2b: Charizard|atk|1\n|-ability|p2a: Incineroar|Intimidate|boost\n|-unboost|p1a: Incineroar|atk|1\n|-unboost|p1b: Goodra|atk|1\n|turn|1\n|\n|t:|1788428864\n|detailschange|p2b: Charizard|Charizard-Mega-Y, L50, F\n|-mega|p2b: Charizard|Charizard|Charizardite Y\n|-weather|SunnyDay|[from] ability: Drought|[of] p2b: Charizard\n|move|p1a: Incineroar|Fake Out|p2a: Incineroar\n|-damage|p2a: Incineroar|92/100\n|cant|p2a: Incineroar|flinch\n|move|p2b: Charizard|Ancient Power|p1a: Incineroar\n|-supereffective|p1a: Incineroar|1\n|-damage|p1a: Incineroar|54/100\n|-boost|p2b: Charizard|atk|1\n|-boost|p2b: Charizard|def|1\n|-boost|p2b: Charizard|spa|1\n|-boost|p2b: Charizard|spd|1\n|-boost|p2b: Charizard|spe|1\n|move|p1b: Goodra|Dragon Pulse|p2a: Incineroar\n|-damage|p2a: Incineroar|56/100\n|\n|-weather|SunnyDay|[upkeep]\n|upkeep\n|turn|2\n|\n|t:|1788428882\n|move|p2b: Charizard|Ancient Power|p1a: Incineroar\n|-supereffective|p1a: Incineroar|1\n|-damage|p1a: Incineroar|0 fnt\n|faint|p1a: Incineroar\n|move|p1b: Goodra|Draco Meteor|p2a: Incineroar\n|-damage|p2a: Incineroar|0 fnt\n|-unboost|p1b: Goodra|spa|2\n|faint|p2a: Incineroar\n|\n|-weather|SunnyDay|[upkeep]\n|upkeep\n|\n|t:|1788428897\n|switch|p1a: Mawile|Mawile, L50, M|100/100\n|switch|p2a: Garchomp|Garchomp, L50, F|100/100\n|turn|3\n|\n|t:|1788428940\n|move|p1a: Mawile|Protect|p1a: Mawile\n|-singleturn|p1a: Mawile|Protect\n|move|p2a: Garchomp|Stomping Tantrum|p1a: Mawile\n|-activate|p1a: Mawile|move: Protect\n|move|p2b: Charizard|Weather Ball|p1a: Mawile\n|-activate|p1a: Mawile|move: Protect\n|move|p1b: Goodra|Draco Meteor|p2a: Garchomp\n|-supereffective|p2a: Garchomp|1\n|-damage|p2a: Garchomp|20/100y\n|-unboost|p1b: Goodra|spa|2\n|\n|-weather|SunnyDay|[upkeep]\n|upkeep\n|turn|4\n|\n|t:|1788428952\n|switch|p1b: Pelipper|Pelipper, L50, M|100/100\n|-weather|RainDance|[from] ability: Drizzle|[of] p1b: Pelipper\n|detailschange|p1a: Mawile|Mawile-Mega, L50, M\n|-mega|p1a: Mawile|Mawile|Mawilite\n|move|p1a: Mawile|Sucker Punch|p2a: Garchomp\n|-damage|p2a: Garchomp|0 fnt\n|-damage|p1a: Mawile|88/100|[from] ability: Rough Skin|[of] p2a: Garchomp\n|faint|p2a: Garchomp\n|move|p2b: Charizard|Weather Ball|p1a: Mawile\n|-damage|p1a: Mawile|0 fnt\n|faint|p1a: Mawile\n|\n|-weather|RainDance|[upkeep]\n|upkeep\n|\n|t:|1788428954\n|switch|p2a: Toxapex|Toxapex, L50, M|100/100\n|switch|p1a: Goodra|Goodra, L50, M|100/100\n|turn|5\n|\n|t:|1788428973\n|move|p2b: Charizard|Ancient Power|p1b: Pelipper\n|-supereffective|p1b: Pelipper|1\n|-damage|p1b: Pelipper|13/100\n|-enditem|p1b: Pelipper|Sitrus Berry|[eat]\n|-heal|p1b: Pelipper|38/100|[from] item: Sitrus Berry\n|move|p1a: Goodra|Dragon Pulse|p2a: Toxapex\n|-damage|p2a: Toxapex|63/100\n|move|p1b: Pelipper|Weather Ball|p2b: Charizard\n|-supereffective|p2b: Charizard|1\n|-damage|p2b: Charizard|36/100\n|move|p2a: Toxapex|Toxic|p1b: Pelipper\n|-status|p1b: Pelipper|tox\n|\n|-weather|RainDance|[upkeep]\n|-heal|p2a: Toxapex|68/100|[from] item: Leftovers\n|-damage|p1b: Pelipper|32/100 tox|[from] psn\n|upkeep\n|turn|6\n|\n|t:|1788428985\n|move|p2b: Charizard|Ancient Power|p1b: Pelipper\n|-supereffective|p1b: Pelipper|1\n|-damage|p1b: Pelipper|0 fnt\n|faint|p1b: Pelipper\n|move|p1a: Goodra|Dragon Pulse|p2b: Charizard\n|-damage|p2b: Charizard|7/100\n|move|p2a: Toxapex|Toxic|p1a: Goodra\n|-status|p1a: Goodra|tox\n|\n|-weather|RainDance|[upkeep]\n|-heal|p2a: Toxapex|74/100|[from] item: Leftovers\n|-damage|p1a: Goodra|93/100 tox|[from] psn\n|upkeep\n|turn|7\n|-message|OlympiaBmore2027 forfeited.\n|\n|win|Jorge Saltamontes\n","uploadtime":1788428834,"views":"1","formatid":"gen9championsvgc2026regmbbo3","rating":null,"private":0,"password":null}