{"id":"gen9championsvgc2026regmbbo3-2674499969","format":"[Gen 9 Champions] VGC 2026 Reg M-B (Bo3)","players":["FatherPenguin","falafeeeel"],"log":"|j|☆FatherPenguin\n|j|☆falafeeeel\n|html|<table width=\"100%\"><tr><td align=\"left\">FatherPenguin</td><td align=\"right\">falafeeeel</tr><tr><td align=\"left\"><i class=\"fa fa-circle-o\"></i> <i class=\"fa fa-circle-o\"></i> </td><td align=\"right\"><i class=\"fa fa-circle-o\"></i> <i class=\"fa fa-circle-o\"></i> </tr></table>\n|uhtml|bestof|<h2><strong>Game 1</strong> of <a href=\"/game-bestof3-gen9championsvgc2026regmbbo3-2674499965\">a best-of-3</a></h2>\n|t:|1788367076\n|gametype|doubles\n|player|p1|FatherPenguin|acetrainersnow|1238\n|player|p2|falafeeeel|ghetsis|1308\n|gen|9\n|tier|[Gen 9 Champions] VGC 2026 Reg M-B (Bo3)\n|rated|\n|rule|Species Clause: Limit one of each Pokémon\n|rule|Item Clause: Limit 1 of each item\n|clearpoke\n|poke|p1|Sneasler, L50, M|\n|poke|p1|Blastoise, L50, M|\n|poke|p1|Kingambit, L50, M|\n|poke|p1|Incineroar, L50, M|\n|poke|p1|Delphox, L50, F|\n|poke|p1|Sinistcha, L50|\n|poke|p2|Dragonite, L50, M|\n|poke|p2|Scovillain, L50, F|\n|poke|p2|Tauros-Paldea-Aqua, L50, M|\n|poke|p2|Froslass, L50, F|\n|poke|p2|Glimmora, L50, F, shiny|\n|poke|p2|Scizor, L50, M, shiny|\n|teampreview|4\n|showteam|p1|Sneasler||FocusSash|PoisonTouch|PoisonJab,CloseCombat,FakeOut,QuickGuard|Jolly||M|||50|]Blastoise||Blastoisinite|RainDish|DarkPulse,WaterSpout,ShellSmash,Protect|Modest||M|||50|]Kingambit||LifeOrb|Defiant|KowtowCleave,SuckerPunch,SwordsDance,Protect|Adamant||M|||50|]Incineroar||SitrusBerry|Intimidate|FlareBlitz,ThroatChop,PartingShot,FakeOut|Careful||M|||50|]Delphox||Delphoxite|Blaze|HeatWave,NastyPlot,Psychic,Protect|Timid||F|||50|]Sinistcha||ColburBerry|Hospitality|MatchaGotcha,RagePowder,TrickRoom,Protect|Bold|||||50|\n|showteam|p2|Dragonite||DragonFang|InnerFocus|DragonClaw,ExtremeSpeed,DragonDance,Protect|Jolly||M|||50|]Scovillain||Scovillainite|Moody|RagePowder,Flamethrower,GigaDrain,Protect|Bold||F|||50|]Tauros-Paldea-Aqua||MysticWater|Intimidate|WaveCrash,CloseCombat,AquaJet,Protect|Adamant||M|||50|]Froslass||Froslassite|CursedBody|Blizzard,ShadowBall,AuroraVeil,Protect|Timid||F|||50|]Glimmora||FocusSash|ToxicDebris|PowerGem,SludgeBomb,EarthPower,SpikyShield|Timid||F|||50|]Scizor||LifeOrb|Technician|BulletPunch,BugBite,KnockOff,Protect|Adamant||M|||50|\n|inactive|Battle timer is ON: inactive players will automatically lose when time's up. (requested by FatherPenguin)\n|inactive|falafeeeel also wants the timer to be on.\n|inactive|FatherPenguin has 60 seconds left.\n|inactive|FatherPenguin has 30 seconds left.\n|inactive|FatherPenguin has 20 seconds left.\n|inactive|FatherPenguin has 15 seconds left.\n|inactive|FatherPenguin has 10 seconds left.\n|inactive|FatherPenguin has 5 seconds left.\n|\n|t:|1788367167\n|teamsize|p1|4\n|teamsize|p2|4\n|start\n|switch|p1a: Sneasler|Sneasler, L50, M|100/100\n|switch|p1b: Blastoise|Blastoise, L50, M|100/100\n|switch|p2a: Dragonite|Dragonite, L50, M|100/100\n|switch|p2b: Scovillain|Scovillain, L50, F|100/100\n|turn|1\n|inactive|FatherPenguin has 30 seconds left.\n|\n|t:|1788367196\n|switch|p1b: Incineroar|Incineroar, L50, M|100/100\n|-ability|p1b: Incineroar|Intimidate|boost\n|-fail|p2a: Dragonite|unboost|atk|[from] ability: Inner Focus|[of] p2a: Dragonite\n|-unboost|p2b: Scovillain|atk|1\n|move|p2b: Scovillain|Protect|p2b: Scovillain\n|-singleturn|p2b: Scovillain|Protect\n|move|p1a: Sneasler|Poison Jab|p2b: Scovillain\n|-activate|p2b: Scovillain|move: Protect\n|move|p2a: Dragonite|Dragon Dance|p2a: Dragonite\n|-boost|p2a: Dragonite|atk|1\n|-boost|p2a: Dragonite|spe|1\n|\n|-ability|p2b: Scovillain|Moody|boost\n|-boost|p2b: Scovillain|spe|2\n|-unboost|p2b: Scovillain|spa|1\n|upkeep\n|turn|2\n|\n|t:|1788367221\n|switch|p2b: Glimmora|Glimmora, L50, F, shiny|100/100\n|move|p2a: Dragonite|Dragon Claw|p1a: Sneasler\n|-enditem|p1a: Sneasler|Focus Sash\n|-damage|p1a: Sneasler|1/100\n|move|p1a: Sneasler|Poison Jab|p2b: Glimmora\n|-resisted|p2b: Glimmora|2\n|-damage|p2b: Glimmora|87/100\n|-activate|p2b: Glimmora|ability: Toxic Debris\n|-sidestart|p1: FatherPenguin|move: Toxic Spikes\n|move|p1b: Incineroar|Parting Shot|p2a: Dragonite\n|-unboost|p2a: Dragonite|atk|1\n|-unboost|p2a: Dragonite|spa|1\n|\n|t:|1788367235\n|switch|p1b: Kingambit|Kingambit, L50, M|100/100|[from] Parting Shot\n|\n|upkeep\n|turn|3\n|inactive|falafeeeel has 30 seconds left.\n|\n|t:|1788367264\n|switch|p1a: Incineroar|Incineroar, L50, M|100/100\n|-status|p1a: Incineroar|psn\n|-ability|p1a: Incineroar|Intimidate|boost\n|-fail|p2a: Dragonite|unboost|atk|[from] ability: Inner Focus|[of] p2a: Dragonite\n|-unboost|p2b: Glimmora|atk|1\n|move|p2a: Dragonite|Dragon Claw|p1a: Incineroar\n|-damage|p1a: Incineroar|54/100 psn\n|move|p2b: Glimmora|Earth Power|p1b: Kingambit\n|-supereffective|p1b: Kingambit|1\n|-damage|p1b: Kingambit|41/100\n|move|p1b: Kingambit|Swords Dance|p1b: Kingambit\n|-boost|p1b: Kingambit|atk|2\n|\n|-damage|p1a: Incineroar|41/100 psn|[from] psn\n|upkeep\n|-enditem|p1a: Incineroar|Sitrus Berry|[eat]\n|-heal|p1a: Incineroar|66/100 psn|[from] item: Sitrus Berry\n|turn|4\n|\n|t:|1788367287\n|move|p2b: Glimmora|Spiky Shield|p2b: Glimmora\n|-singleturn|p2b: Glimmora|move: Protect\n|move|p1b: Kingambit|Sucker Punch||[still]\n|-fail|p1b: Kingambit\n|move|p2a: Dragonite|Dragon Dance|p2a: Dragonite\n|-boost|p2a: Dragonite|atk|1\n|-boost|p2a: Dragonite|spe|1\n|move|p1a: Incineroar|Parting Shot|p2a: Dragonite\n|-unboost|p2a: Dragonite|atk|1\n|-unboost|p2a: Dragonite|spa|1\n|\n|t:|1788367296\n|switch|p1a: Sneasler|Sneasler, L50, M|1/100|[from] Parting Shot\n|-sideend|p1: FatherPenguin|move: Toxic Spikes|[of] p1a: Sneasler\n|\n|upkeep\n|turn|5\n|inactive|FatherPenguin has 30 seconds left.\n|\n|t:|1788367327\n|move|p2a: Dragonite|Protect|p2a: Dragonite\n|-singleturn|p2a: Dragonite|Protect\n|move|p1a: Sneasler|Quick Guard|p1a: Sneasler\n|-singleturn|p1a: Sneasler|Quick Guard\n|move|p2b: Glimmora|Earth Power|p1b: Kingambit\n|-supereffective|p1b: Kingambit|1\n|-damage|p1b: Kingambit|0 fnt\n|faint|p1b: Kingambit\n|\n|upkeep\n|\n|t:|1788367336\n|switch|p1b: Blastoise|Blastoise, L50, M|100/100\n|turn|6\n|inactive|FatherPenguin has 30 seconds left.\n|\n|t:|1788367368\n|detailschange|p1b: Blastoise|Blastoise-Mega, L50, M\n|-mega|p1b: Blastoise|Blastoise|Blastoisinite\n|move|p1a: Sneasler|Quick Guard|p1a: Sneasler\n|-singleturn|p1a: Sneasler|Quick Guard\n|move|p2a: Dragonite|Dragon Dance|p2a: Dragonite\n|-boost|p2a: Dragonite|atk|1\n|-boost|p2a: Dragonite|spe|1\n|move|p2b: Glimmora|Sludge Bomb|p1b: Blastoise\n|-damage|p1b: Blastoise|60/100\n|move|p1b: Blastoise|Shell Smash|p1b: Blastoise\n|-unboost|p1b: Blastoise|def|1\n|-unboost|p1b: Blastoise|spd|1\n|-boost|p1b: Blastoise|atk|2\n|-boost|p1b: Blastoise|spa|2\n|-boost|p1b: Blastoise|spe|2\n|\n|upkeep\n|turn|7\n|c|☆falafeeeel|ok!\n|\n|t:|1788367389\n|move|p1a: Sneasler|Quick Guard|p1a: Sneasler\n|-singleturn|p1a: Sneasler|Quick Guard\n|move|p2a: Dragonite|Dragon Claw|p1b: Blastoise\n|-damage|p1b: Blastoise|0 fnt\n|faint|p1b: Blastoise\n|move|p2b: Glimmora|Earth Power|p1a: Sneasler\n|-supereffective|p1a: Sneasler|1\n|-damage|p1a: Sneasler|0 fnt\n|faint|p1a: Sneasler\n|\n|upkeep\n|\n|t:|1788367402\n|switch|p1b: Incineroar|Incineroar, L50, M|66/100 psn\n|-ability|p1b: Incineroar|Intimidate|boost\n|-fail|p2a: Dragonite|unboost|atk|[from] ability: Inner Focus|[of] p2a: Dragonite\n|-unboost|p2b: Glimmora|atk|1\n|turn|8\n|\n|t:|1788367410\n|move|p1b: Incineroar|Fake Out|p2b: Glimmora\n|-resisted|p2b: Glimmora|1\n|-damage|p2b: Glimmora|81/100\n|-activate|p2b: Glimmora|ability: Toxic Debris\n|-sidestart|p1: FatherPenguin|move: Toxic Spikes\n|move|p2a: Dragonite|Dragon Claw|p1b: Incineroar\n|-damage|p1b: Incineroar|0 fnt\n|faint|p1b: Incineroar\n|\n|win|falafeeeel\n","uploadtime":1788367418,"views":"0","formatid":"gen9championsvgc2026regmbbo3","rating":null,"private":0,"password":null}