{"id":"gen9championsvgc2026regmbbo3-2674435881","format":"[Gen 9 Champions] VGC 2026 Reg M-B (Bo3)","players":["Darknight918","i love all turtles"],"log":"|j|☆Darknight918\n|j|☆i love all turtles\n|html|<table width=\"100%\"><tr><td align=\"left\">Darknight918</td><td align=\"right\">i love all turtles</tr><tr><td align=\"left\"><i class=\"fa fa-circle\"></i> <i class=\"fa fa-circle-o\"></i> </td><td align=\"right\"><i class=\"fa fa-circle-o\"></i> <i class=\"fa fa-circle\"></i> </tr></table>\n|uhtml|bestof|<h2><strong>Game 3</strong> of <a href=\"/game-bestof3-gen9championsvgc2026regmbbo3-2674432664\">a best-of-3</a></h2>\n|t:|1788359554\n|gametype|doubles\n|player|p1|Darknight918|will|1309\n|player|p2|i love all turtles|ethan|1446\n|gen|9\n|tier|[Gen 9 Champions] VGC 2026 Reg M-B (Bo3)\n|rated|\n|rule|Species Clause: Limit one of each Pokémon\n|rule|Item Clause: Limit 1 of each item\n|clearpoke\n|poke|p1|Froslass, L50, F|\n|poke|p1|Basculegion, L50, M|\n|poke|p1|Kingambit, L50, F|\n|poke|p1|Sneasler, L50, F|\n|poke|p1|Lycanroc-Dusk, L50, M|\n|poke|p1|Scovillain, L50, M|\n|poke|p2|Whimsicott, L50, F|\n|poke|p2|Basculegion, L50, M|\n|poke|p2|Floette-Eternal, L50, F|\n|poke|p2|Dragonite, L50, M|\n|poke|p2|Sneasler, L50, M|\n|poke|p2|Kingambit, L50, F|\n|teampreview|4\n|showteam|p1|Froslass||Froslassite|CursedBody|Blizzard,ShadowBall,AuroraVeil,Protect|Timid||F|||50|]Basculegion||LifeOrb|Adaptability|WaveCrash,LastRespects,AquaJet,Protect|Adamant||M|||50|]Kingambit||BlackGlasses|Defiant|KowtowCleave,SuckerPunch,SwordsDance,Protect|Adamant||F|||50|]Sneasler||WhiteHerb|Unburden|CloseCombat,FakeOut,Protect,DireClaw|Adamant||F|||50|]Lycanroc-Dusk||FocusSash|ToughClaws|RockSlide,CloseCombat,Accelerock,Protect|Adamant||M|||50|]Scovillain||Scovillainite|Moody|Overheat,GigaDrain,RagePowder,Protect|Bold||M|||50|\n|showteam|p2|Whimsicott||FocusSash|Prankster|Moonblast,Tailwind,Encore,Protect|Timid||F|||50|]Basculegion||LifeOrb|Adaptability|WaveCrash,LastRespects,AquaJet,Protect|Adamant||M|||50|]Floette-Eternal||Floettite|FlowerVeil|Moonblast,DazzlingGleam,LightofRuin,Protect|Timid||F|||50|]Dragonite||Dragoninite|InnerFocus|DragonPulse,HeatWave,Thunderbolt,Protect|Modest||M|||50|]Sneasler||WhiteHerb|Unburden|DireClaw,CloseCombat,RockSlide,FakeOut|Jolly||M|||50|]Kingambit||ChopleBerry|Defiant|KowtowCleave,IronHead,LowKick,SuckerPunch|Adamant||F|||50|\n|inactive|Battle timer is ON: inactive players will automatically lose when time's up. (requested by Darknight918)\n|inactive|i love all turtles has 60 seconds left.\n|\n|t:|1788359588\n|teamsize|p1|4\n|teamsize|p2|4\n|start\n|switch|p1a: Scovillain|Scovillain, L50, M|100/100\n|switch|p1b: Basculegion|Basculegion, L50, M|100/100\n|switch|p2a: Sneasler|Sneasler, L50, M|100/100\n|switch|p2b: Floette|Floette-Eternal, L50, F|100/100\n|turn|1\n|\n|t:|1788359606\n|detailschange|p2b: Floette|Floette-Mega, L50, F\n|-mega|p2b: Floette|Floette|Floettite\n|-ability|p2b: Floette|Fairy Aura\n|detailschange|p1a: Scovillain|Scovillain-Mega, L50, M\n|-mega|p1a: Scovillain|Scovillain|Scovillainite\n|move|p1a: Scovillain|Protect|p1a: Scovillain\n|-singleturn|p1a: Scovillain|Protect\n|move|p2a: Sneasler|Rock Slide|p1b: Basculegion|[spread] p1b\n|-activate|p1a: Scovillain|move: Protect\n|-damage|p1b: Basculegion|78/100\n|move|p2b: Floette|Dazzling Gleam|p1a: Scovillain|[spread] p1b\n|-activate|p1a: Scovillain|move: Protect\n|-damage|p1b: Basculegion|22/100\n|move|p1b: Basculegion|Wave Crash|p2b: Floette\n|-crit|p2b: Floette\n|-damage|p2b: Floette|0 fnt\n|faint|p2b: Floette\n|-damage|p1b: Basculegion|0 fnt|[from] Recoil\n|faint|p1b: Basculegion\n|\n|upkeep\n|\n|t:|1788359626\n|switch|p2b: Whimsicott|Whimsicott, L50, F|100/100\n|switch|p1b: Kingambit|Kingambit, L50, F|100/100\n|turn|2\n|\n|t:|1788359642\n|switch|p1b: Sneasler|Sneasler, L50, F|100/100\n|move|p1a: Scovillain|Rage Powder|p1a: Scovillain\n|-singleturn|p1a: Scovillain|move: Rage Powder\n|move|p2b: Whimsicott|Moonblast|p1a: Scovillain\n|-resisted|p1a: Scovillain|1\n|-damage|p1a: Scovillain|82/100\n|-status|p2b: Whimsicott|brn|[from] ability: Spicy Spray|[of] p1a: Scovillain\n|move|p2a: Sneasler|Dire Claw|p1a: Scovillain\n|-supereffective|p1a: Scovillain|1\n|-damage|p1a: Scovillain|0 fnt\n|-status|p2a: Sneasler|brn|[from] ability: Spicy Spray|[of] p1a: Scovillain\n|faint|p1a: Scovillain\n|\n|-damage|p2b: Whimsicott|94/100 brn|[from] brn\n|-damage|p2a: Sneasler|94/100 brn|[from] brn\n|upkeep\n|\n|t:|1788359654\n|switch|p1a: Kingambit|Kingambit, L50, F|100/100\n|turn|3\n|inactive|Darknight918 has 30 seconds left.\n|inactive|i love all turtles has 30 seconds left.\n|inactive|Darknight918 has 20 seconds left.\n|inactive|Darknight918 has 15 seconds left.\n|\n|t:|1788359698\n|switch|p2a: Basculegion|Basculegion, L50, M|100/100\n|move|p1a: Kingambit|Sucker Punch||[still]\n|-fail|p1a: Kingambit\n|move|p2b: Whimsicott|Moonblast|p1b: Sneasler\n|-damage|p1b: Sneasler|53/100\n|-unboost|p1b: Sneasler|spa|1\n|-enditem|p1b: Sneasler|White Herb\n|-clearnegativeboost|p1b: Sneasler|[silent]\n|move|p1b: Sneasler|Close Combat|p2a: Basculegion\n|-immune|p2a: Basculegion\n|\n|-damage|p2b: Whimsicott|88/100 brn|[from] brn\n|upkeep\n|turn|4\n|inactive|i love all turtles has 30 seconds left.\n|inactive|i love all turtles has 20 seconds left.\n|inactive|i love all turtles has 15 seconds left.\n|\n|t:|1788359740\n|move|p2a: Basculegion|Protect|p2a: Basculegion\n|-singleturn|p2a: Basculegion|Protect\n|move|p1a: Kingambit|Sucker Punch||[still]\n|-fail|p1a: Kingambit\n|move|p1b: Sneasler|Dire Claw|p2b: Whimsicott\n|-supereffective|p2b: Whimsicott|2\n|-damage|p2b: Whimsicott|0 fnt\n|faint|p2b: Whimsicott\n|\n|upkeep\n|\n|t:|1788359747\n|switch|p2b: Sneasler|Sneasler, L50, M|94/100 brn\n|turn|5\n|\n|t:|1788359760\n|move|p1b: Sneasler|Protect|p1b: Sneasler\n|-singleturn|p1b: Sneasler|Protect\n|move|p1a: Kingambit|Protect|p1a: Kingambit\n|-singleturn|p1a: Kingambit|Protect\n|move|p2a: Basculegion|Aqua Jet|p1b: Sneasler\n|-activate|p1b: Sneasler|move: Protect\n|move|p2b: Sneasler|Close Combat|p1a: Kingambit\n|-activate|p1a: Kingambit|move: Protect\n|\n|-damage|p2b: Sneasler|88/100 brn|[from] brn\n|upkeep\n|turn|6\n|\n|t:|1788359771\n|move|p2a: Basculegion|Aqua Jet|p1b: Sneasler\n|-damage|p1b: Sneasler|6/100\n|-damage|p2a: Basculegion|90/100|[from] item: Life Orb\n|move|p1a: Kingambit|Sucker Punch|p2b: Sneasler\n|-resisted|p2b: Sneasler|1\n|-damage|p2b: Sneasler|50/100g brn\n|move|p1b: Sneasler|Close Combat|p2b: Sneasler\n|-resisted|p2b: Sneasler|1\n|-damage|p2b: Sneasler|1/100 brn\n|-unboost|p1b: Sneasler|def|1\n|-unboost|p1b: Sneasler|spd|1\n|move|p2b: Sneasler|Close Combat|p1a: Kingambit\n|-supereffective|p1a: Kingambit|2\n|-damage|p1a: Kingambit|3/100\n|-unboost|p2b: Sneasler|def|1\n|-unboost|p2b: Sneasler|spd|1\n|-enditem|p2b: Sneasler|White Herb\n|-clearnegativeboost|p2b: Sneasler|[silent]\n|\n|-damage|p2b: Sneasler|0 fnt|[from] brn\n|faint|p2b: Sneasler\n|upkeep\n|turn|7\n|inactive|Darknight918 has 30 seconds left.\n|\n|t:|1788359803\n|move|p2a: Basculegion|Protect|p2a: Basculegion\n|-singleturn|p2a: Basculegion|Protect\n|move|p1b: Sneasler|Dire Claw|p2a: Basculegion\n|-activate|p2a: Basculegion|move: Protect\n|move|p1a: Kingambit|Kowtow Cleave|p2a: Basculegion\n|-activate|p2a: Basculegion|move: Protect\n|\n|upkeep\n|turn|8\n|\n|t:|1788359820\n|move|p1a: Kingambit|Protect|p1a: Kingambit\n|-singleturn|p1a: Kingambit|Protect\n|move|p2a: Basculegion|Aqua Jet|p1a: Kingambit\n|-activate|p1a: Kingambit|move: Protect\n|move|p1b: Sneasler|Dire Claw|p2a: Basculegion\n|-resisted|p2a: Basculegion|1\n|-damage|p2a: Basculegion|67/100\n|-status|p2a: Basculegion|par\n|\n|upkeep\n|turn|9\n|\n|t:|1788359826\n|move|p1a: Kingambit|Sucker Punch|p2a: Basculegion\n|-supereffective|p2a: Basculegion|1\n|-damage|p2a: Basculegion|0 fnt\n|faint|p2a: Basculegion\n|\n|win|Darknight918\n|raw|Darknight918's rating: 1309 &rarr; <strong>1337</strong><br />(+28 for winning)\n|raw|i love all turtles's rating: 1446 &rarr; <strong>1418</strong><br />(-28 for losing)\n","uploadtime":1788359826,"views":"0","formatid":"gen9championsvgc2026regmbbo3","rating":1337,"private":0,"password":null}