{"id":"gen9championsvgc2026regmb-2674770237","format":"[Gen 9 Champions] VGC 2026 Reg M-B","players":["yanhaoag","olyrral2"],"log":"|j|☆yanhaoag\n|j|☆olyrral2\n|t:|1788403521\n|gametype|doubles\n|player|p1|yanhaoag|266|1523\n|player|p2|olyrral2|unknown|1570\n|gen|9\n|tier|[Gen 9 Champions] VGC 2026 Reg M-B\n|rated|\n|rule|Species Clause: Limit one of each Pokémon\n|rule|Item Clause: Limit 1 of each item\n|clearpoke\n|poke|p1|Delphox, L50, M|\n|poke|p1|Pelipper, L50, M|\n|poke|p1|Archaludon, L50, F|\n|poke|p1|Basculegion, L50, M|\n|poke|p1|Staraptor, L50, F|\n|poke|p1|Whimsicott, L50, F|\n|poke|p2|Charizard, L50, M|\n|poke|p2|Venusaur, L50, M|\n|poke|p2|Pelipper, L50, M|\n|poke|p2|Swampert, L50, M|\n|poke|p2|Archaludon, L50, M|\n|poke|p2|Grimmsnarl, L50, M|\n|teampreview|4\n|inactive|Battle timer is ON: inactive players will automatically lose when time's up. (requested by yanhaoag)\n|\n|t:|1788403549\n|teamsize|p1|4\n|teamsize|p2|4\n|start\n|switch|p1a: Staraptor|Staraptor, L50, F|100/100\n|switch|p1b: Whimsicott|Whimsicott, L50, F|100/100\n|switch|p2a: Pelipper|Pelipper, L50, M|100/100\n|switch|p2b: Swampert|Swampert, L50, M|100/100\n|-ability|p1a: Staraptor|Intimidate|boost\n|-unboost|p2a: Pelipper|atk|1\n|-unboost|p2b: Swampert|atk|1\n|-weather|RainDance|[from] ability: Drizzle|[of] p2a: Pelipper\n|turn|1\n|\n|t:|1788403561\n|detailschange|p1a: Staraptor|Staraptor-Mega, L50, F\n|-mega|p1a: Staraptor|Staraptor|Staraptite\n|detailschange|p2b: Swampert|Swampert-Mega, L50, M\n|-mega|p2b: Swampert|Swampert|Swampertite\n|move|p1b: Whimsicott|Charm|p2b: Swampert\n|-unboost|p2b: Swampert|atk|2\n|move|p2b: Swampert|Wave Crash|p1a: Staraptor\n|-damage|p1a: Staraptor|58/100\n|-damage|p2b: Swampert|85/100|[from] Recoil\n|move|p1a: Staraptor|Close Combat|p2b: Swampert\n|-damage|p2b: Swampert|33/100\n|-boost|p1a: Staraptor|def|1\n|-boost|p1a: Staraptor|spd|1\n|move|p2a: Pelipper|Hurricane|p1a: Staraptor\n|-supereffective|p1a: Staraptor|1\n|-damage|p1a: Staraptor|12/100\n|\n|-weather|RainDance|[upkeep]\n|upkeep\n|turn|2\n|inactive|olyrral2 has 30 seconds left.\n|inactive|olyrral2 has 20 seconds left.\n|inactive|olyrral2 has 15 seconds left.\n|\n|t:|1788403604\n|move|p1a: Staraptor|Protect|p1a: Staraptor\n|-singleturn|p1a: Staraptor|Protect\n|move|p2b: Swampert|Earthquake|p1b: Whimsicott|[spread] p1b\n|-activate|p1a: Staraptor|move: Protect\n|-immune|p2a: Pelipper\n|-resisted|p1b: Whimsicott|1\n|-damage|p1b: Whimsicott|85/100\n|move|p1b: Whimsicott|Moonblast|p2a: Pelipper\n|-damage|p2a: Pelipper|54/100\n|-unboost|p2a: Pelipper|spa|1\n|move|p2a: Pelipper|Hurricane|p1b: Whimsicott\n|-supereffective|p1b: Whimsicott|1\n|-damage|p1b: Whimsicott|0 fnt\n|faint|p1b: Whimsicott\n|\n|-weather|RainDance|[upkeep]\n|upkeep\n|\n|t:|1788403621\n|switch|p1b: Archaludon|Archaludon, L50, F|100/100\n|turn|3\n|inactive|olyrral2 has 30 seconds left.\n|\n|t:|1788403648\n|switch|p2a: Venusaur|Venusaur, L50, M|100/100\n|move|p2b: Swampert|Wave Crash|p1a: Staraptor\n|-damage|p1a: Staraptor|0 fnt\n|faint|p1a: Staraptor\n|-damage|p2b: Swampert|28/100|[from] Recoil\n|move|p1b: Archaludon|Electro Shot||[still]\n|-prepare|p1b: Archaludon|Electro Shot\n|-boost|p1b: Archaludon|spa|1\n|-anim|p1b: Archaludon|Electro Shot|p2a: Venusaur\n|-resisted|p2a: Venusaur|1\n|-damage|p2a: Venusaur|64/100\n|\n|-weather|RainDance|[upkeep]\n|upkeep\n|\n|t:|1788403660\n|switch|p1a: Basculegion|Basculegion, L50, M|100/100\n|turn|4\n|inactive|olyrral2 has 30 seconds left.\n|\n|t:|1788403688\n|switch|p2b: Archaludon|Archaludon, L50, M|100/100\n|move|p1a: Basculegion|Last Respects|p2a: Venusaur\n|-damage|p2a: Venusaur|0 fnt\n|faint|p2a: Venusaur\n|move|p1b: Archaludon|Electro Shot||[still]\n|-prepare|p1b: Archaludon|Electro Shot\n|-boost|p1b: Archaludon|spa|1\n|-anim|p1b: Archaludon|Electro Shot|p2b: Archaludon\n|-resisted|p2b: Archaludon|1\n|-damage|p2b: Archaludon|66/100\n|-ability|p2b: Archaludon|Stamina|boost\n|-boost|p2b: Archaludon|def|1\n|\n|-weather|RainDance|[upkeep]\n|-heal|p2b: Archaludon|72/100|[from] item: Leftovers\n|upkeep\n|\n|t:|1788403695\n|switch|p2a: Swampert|Swampert-Mega, L50, M|28/100\n|turn|5\n|\n|t:|1788403710\n|move|p2b: Archaludon|Protect|p2b: Archaludon\n|-singleturn|p2b: Archaludon|Protect\n|move|p2a: Swampert|Earthquake|p1b: Archaludon|[spread] p1a,p1b\n|-activate|p2b: Archaludon|move: Protect\n|-supereffective|p1b: Archaludon|1\n|-damage|p1a: Basculegion|49/100\n|-damage|p1b: Archaludon|31/100\n|-ability|p1b: Archaludon|Stamina|boost\n|-boost|p1b: Archaludon|def|1\n|move|p1a: Basculegion|Last Respects|p2a: Swampert\n|-damage|p2a: Swampert|0 fnt\n|faint|p2a: Swampert\n|move|p1b: Archaludon|Dragon Pulse|p2b: Archaludon\n|-activate|p2b: Archaludon|move: Protect\n|\n|-weather|none\n|-heal|p1b: Archaludon|38/100|[from] item: Leftovers\n|-heal|p2b: Archaludon|78/100|[from] item: Leftovers\n|upkeep\n|\n|t:|1788403716\n|switch|p2a: Pelipper|Pelipper, L50, M|54/100\n|-weather|RainDance|[from] ability: Drizzle|[of] p2a: Pelipper\n|turn|6\n|inactive|olyrral2 has 30 seconds left.\n|\n|t:|1788403750\n|move|p1a: Basculegion|Last Respects|p2a: Pelipper\n|-damage|p2a: Pelipper|0 fnt\n|faint|p2a: Pelipper\n|move|p1b: Archaludon|Dragon Pulse|p2b: Archaludon\n|-damage|p2b: Archaludon|7/100\n|-ability|p2b: Archaludon|Stamina|boost\n|-boost|p2b: Archaludon|def|1\n|move|p2b: Archaludon|Electro Shot||[still]\n|-prepare|p2b: Archaludon|Electro Shot\n|-boost|p2b: Archaludon|spa|1\n|-anim|p2b: Archaludon|Electro Shot|p1a: Basculegion\n|-supereffective|p1a: Basculegion|1\n|-damage|p1a: Basculegion|0 fnt\n|faint|p1a: Basculegion\n|\n|-weather|RainDance|[upkeep]\n|-heal|p1b: Archaludon|44/100|[from] item: Leftovers\n|-heal|p2b: Archaludon|13/100|[from] item: Leftovers\n|upkeep\n|turn|7\n|\n|t:|1788403762\n|move|p1b: Archaludon|Dragon Pulse|p2b: Archaludon\n|-damage|p2b: Archaludon|0 fnt\n|faint|p2b: Archaludon\n|\n|win|yanhaoag\n|raw|yanhaoag's rating: 1523 &rarr; <strong>1546</strong><br />(+23 for winning)\n|raw|olyrral2's rating: 1570 &rarr; <strong>1547</strong><br />(-23 for losing)\n","uploadtime":1788403764,"views":"0","formatid":"gen9championsvgc2026regmb","rating":1546,"private":0,"password":null}