{"id":"gen9championsvgc2026regmbbo3-2674912202","format":"[Gen 9 Champions] VGC 2026 Reg M-B (Bo3)","players":["marcio1428","LordKameni"],"log":"|j|☆marcio1428\n|j|☆LordKameni\n|html|<table width=\"100%\"><tr><td align=\"left\">marcio1428</td><td align=\"right\">LordKameni</tr><tr><td align=\"left\"><i class=\"fa fa-circle\"></i> <i class=\"fa fa-circle-o\"></i> </td><td align=\"right\"><i class=\"fa fa-circle-o\"></i> <i class=\"fa fa-circle\"></i> </tr></table>\n|uhtml|bestof|<h2><strong>Game 3</strong> of <a href=\"/game-bestof3-gen9championsvgc2026regmbbo3-2674908989\">a best-of-3</a></h2>\n|t:|1788434644\n|gametype|doubles\n|player|p1|marcio1428|169|1132\n|player|p2|LordKameni|102|1196\n|gen|9\n|tier|[Gen 9 Champions] VGC 2026 Reg M-B (Bo3)\n|rated|\n|rule|Species Clause: Limit one of each Pokémon\n|rule|Item Clause: Limit 1 of each item\n|clearpoke\n|poke|p1|Scrafty, L50, F|\n|poke|p1|Whimsicott, L50, F|\n|poke|p1|Mimikyu, L50, F|\n|poke|p1|Pelipper, L50, M|\n|poke|p1|Staraptor, L50, M|\n|poke|p1|Raichu, L50, M|\n|poke|p2|Blastoise, L50, M|\n|poke|p2|Sneasler, L50, M|\n|poke|p2|Incineroar, L50, M|\n|poke|p2|Delphox, L50, M|\n|poke|p2|Sinistcha, L50|\n|poke|p2|Kingambit, L50, F|\n|teampreview|4\n|showteam|p1|Scrafty||SitrusBerry|Intimidate|KnockOff,DrainPunch,FakeOut,Protect|Jolly||F|||50|]Whimsicott||FairyFeather|Prankster|Moonblast,Charm,Tailwind,Encore|Timid||F|||50|]Mimikyu||LifeOrb|Disguise|PhantomForce,PlayRough,ShadowSneak,TrickRoom|Brave||F|||50|]Pelipper||MysticWater|Drizzle|Hurricane,WeatherBall,WideGuard,Tailwind|Bold||M|||50|]Staraptor||WhiteHerb|Intimidate|BraveBird,CloseCombat,Tailwind,Protect|Jolly||M|||50|]Raichu||FocusSash|LightningRod|Thunderbolt,VoltSwitch,FakeOut,Protect|Timid||M|||50|\n|showteam|p2|Blastoise||Blastoisinite|RainDish|ShellSmash,Protect,WaterSpout,DarkPulse|Modest||M|||50|]Sneasler||FocusSash|PoisonTouch|FakeOut,CloseCombat,PoisonJab,QuickGuard|Jolly||M|||50|]Incineroar||SitrusBerry|Intimidate|DarkestLariat,FakeOut,PartingShot,FlareBlitz|Impish||M|||50|]Delphox||Delphoxite|Blaze|Protect,Psychic,NastyPlot,HeatWave|Timid||M|||50|]Sinistcha||OccaBerry|Hospitality|Protect,MatchaGotcha,RagePowder,LifeDew|Serious|||||50|]Kingambit||BlackGlasses|Defiant|SuckerPunch,KowtowCleave,Protect,SwordsDance|Adamant||F|||50|\n|c|☆marcio1428|I'm gonna have a tournament with no megas, that's why I'm not using ahah\n|c|☆marcio1428|gg\n|inactive|Battle timer is ON: inactive players will automatically lose when time's up. (requested by LordKameni)\n|\n|t:|1788434695\n|teamsize|p1|4\n|teamsize|p2|4\n|start\n|switch|p1a: Raichu|Raichu, L50, M|100/100\n|switch|p1b: Pelipper|Pelipper, L50, M|100/100\n|switch|p2a: Blastoise|Blastoise, L50, M|100/100\n|switch|p2b: Sneasler|Sneasler, L50, M|100/100\n|-weather|RainDance|[from] ability: Drizzle|[of] p1b: Pelipper\n|turn|1\n|\n|t:|1788434709\n|detailschange|p2a: Blastoise|Blastoise-Mega, L50, M\n|-mega|p2a: Blastoise|Blastoise|Blastoisinite\n|move|p1a: Raichu|Protect|p1a: Raichu\n|-singleturn|p1a: Raichu|Protect\n|move|p2b: Sneasler|Fake Out|p1a: Raichu\n|-activate|p1a: Raichu|move: Protect\n|move|p2a: Blastoise|Water Spout|p1a: Raichu|[spread] p1b\n|-activate|p1a: Raichu|move: Protect\n|-resisted|p1b: Pelipper|1\n|-damage|p1b: Pelipper|26/100\n|move|p1b: Pelipper|Tailwind|p1b: Pelipper\n|-sidestart|p1: marcio1428|move: Tailwind\n|\n|-weather|RainDance|[upkeep]\n|upkeep\n|turn|2\n|inactive|LordKameni has 30 seconds left.\n|\n|t:|1788434740\n|switch|p2b: Incineroar|Incineroar, L50, M|100/100\n|-ability|p2b: Incineroar|Intimidate|boost\n|-unboost|p1a: Raichu|atk|1\n|-unboost|p1b: Pelipper|atk|1\n|move|p2a: Blastoise|Protect|p2a: Blastoise\n|-singleturn|p2a: Blastoise|Protect\n|move|p1a: Raichu|Volt Switch|p2b: Incineroar\n|-damage|p2b: Incineroar|73/100\n|\n|t:|1788434750\n|switch|p1a: Mimikyu|Mimikyu, L50, F|100/100|[from] Volt Switch\n|move|p1b: Pelipper|Hurricane|p2b: Incineroar\n|-damage|p2b: Incineroar|31/100\n|-start|p2b: Incineroar|confusion\n|-enditem|p2b: Incineroar|Sitrus Berry|[eat]\n|-heal|p2b: Incineroar|55/100|[from] item: Sitrus Berry\n|\n|-weather|RainDance|[upkeep]\n|upkeep\n|turn|3\n|\n|t:|1788434774\n|switch|p1b: Scrafty|Scrafty, L50, F|100/100\n|-ability|p1b: Scrafty|Intimidate|boost\n|-unboost|p2a: Blastoise|atk|1\n|-unboost|p2b: Incineroar|atk|1\n|-activate|p2b: Incineroar|confusion\n|move|p2b: Incineroar|Fake Out|p1b: Scrafty\n|-damage|p1b: Scrafty|92/100\n|move|p1a: Mimikyu|Phantom Force||[still]\n|-prepare|p1a: Mimikyu|Phantom Force\n|move|p2a: Blastoise|Water Spout|p1a: Mimikyu|[spread] p1b\n|-miss|p2a: Blastoise|p1a: Mimikyu\n|-damage|p1b: Scrafty|0 fnt\n|faint|p1b: Scrafty\n|\n|-weather|RainDance|[upkeep]\n|upkeep\n|\n|t:|1788434787\n|switch|p1b: Raichu|Raichu, L50, M|100/100\n|turn|4\n|\n|t:|1788434804\n|switch|p2a: Sneasler|Sneasler, L50, M|100/100\n|switch|p2b: Sinistcha|Sinistcha, L50|100/100\n|move|p1b: Raichu|Fake Out|p2b: Sinistcha\n|-immune|p2b: Sinistcha\n|move|p1a: Mimikyu|Phantom Force|p2a: Sneasler|[from] lockedmove\n|-damage|p2a: Sneasler|7/100\n|-damage|p1a: Mimikyu|90/100|[from] item: Life Orb\n|\n|-weather|RainDance|[upkeep]\n|-sideend|p1: marcio1428|move: Tailwind\n|upkeep\n|turn|5\n|inactive|LordKameni has 30 seconds left.\n|inactive|LordKameni has 20 seconds left.\n|\n|t:|1788434839\n|switch|p2a: Incineroar|Incineroar, L50, M|55/100\n|-ability|p2a: Incineroar|Intimidate|boost\n|-unboost|p1a: Mimikyu|atk|1\n|-unboost|p1b: Raichu|atk|1\n|move|p1a: Mimikyu|Shadow Sneak|p2a: Incineroar\n|-resisted|p2a: Incineroar|1\n|-damage|p2a: Incineroar|50/100y\n|-damage|p1a: Mimikyu|80/100|[from] item: Life Orb\n|move|p1b: Raichu|Volt Switch|p2b: Sinistcha\n|-resisted|p2b: Sinistcha|1\n|-damage|p2b: Sinistcha|81/100\n|\n|t:|1788434849\n|switch|p1b: Pelipper|Pelipper, L50, M|26/100|[from] Volt Switch\n|move|p2b: Sinistcha|Matcha Gotcha|p1a: Mimikyu|[spread] p1b\n|-miss|p2b: Sinistcha|p1a: Mimikyu\n|-damage|p1b: Pelipper|0 fnt\n|-heal|p2b: Sinistcha|93/100|[from] drain|[of] p1b: Pelipper\n|faint|p1b: Pelipper\n|\n|-weather|none\n|upkeep\n|\n|t:|1788434860\n|switch|p1b: Raichu|Raichu, L50, M|100/100\n|turn|6\n|\n|t:|1788434878\n|move|p2b: Sinistcha|Protect|p2b: Sinistcha\n|-singleturn|p2b: Sinistcha|Protect\n|move|p1b: Raichu|Fake Out|p2a: Incineroar\n|-damage|p2a: Incineroar|43/100\n|move|p1a: Mimikyu|Phantom Force||[still]\n|-prepare|p1a: Mimikyu|Phantom Force\n|cant|p2a: Incineroar|flinch\n|\n|upkeep\n|turn|7\n|\n|t:|1788434897\n|switch|p2b: Sneasler|Sneasler, L50, M|7/100\n|move|p1b: Raichu|Thunderbolt|p2a: Incineroar\n|-damage|p2a: Incineroar|12/100\n|move|p1a: Mimikyu|Phantom Force|p2b: Sneasler|[from] lockedmove\n|-damage|p2b: Sneasler|0 fnt\n|faint|p2b: Sneasler\n|-damage|p1a: Mimikyu|70/100|[from] item: Life Orb\n|move|p2a: Incineroar|Parting Shot|p1b: Raichu\n|-unboost|p1b: Raichu|atk|1\n|-unboost|p1b: Raichu|spa|1\n|\n|t:|1788434912\n|switch|p2a: Blastoise|Blastoise-Mega, L50, M|100/100|[from] Parting Shot\n|\n|upkeep\n|\n|t:|1788434920\n|switch|p2b: Sinistcha|Sinistcha, L50|93/100\n|turn|8\n|\n|t:|1788434931\n|move|p1b: Raichu|Protect|p1b: Raichu\n|-singleturn|p1b: Raichu|Protect\n|move|p2b: Sinistcha|Rage Powder|p2b: Sinistcha\n|-singleturn|p2b: Sinistcha|move: Rage Powder\n|move|p2a: Blastoise|Water Spout|p1a: Mimikyu|[spread] p1a\n|-activate|p1b: Raichu|move: Protect\n|-activate|p1a: Mimikyu|ability: Disguise\n|-damage|p1a: Mimikyu|70/100\n|detailschange|p1a: Mimikyu|Mimikyu-Busted, L50, F\n|-damage|p1a: Mimikyu|58/100|[from] pokemon: Mimikyu-Busted\n|move|p1a: Mimikyu|Phantom Force||[still]\n|-prepare|p1a: Mimikyu|Phantom Force\n|\n|upkeep\n|turn|9\n|\n|t:|1788434948\n|move|p1b: Raichu|Protect||[still]\n|-fail|p1b: Raichu\n|move|p2b: Sinistcha|Rage Powder|p2b: Sinistcha\n|-singleturn|p2b: Sinistcha|move: Rage Powder\n|move|p2a: Blastoise|Water Spout|p1a: Mimikyu|[spread] p1b\n|-miss|p2a: Blastoise|p1a: Mimikyu\n|-damage|p1b: Raichu|7/100\n|move|p1a: Mimikyu|Phantom Force|p2b: Sinistcha|[from] lockedmove\n|-supereffective|p2b: Sinistcha|1\n|-damage|p2b: Sinistcha|27/100\n|-damage|p1a: Mimikyu|48/100|[from] item: Life Orb\n|\n|upkeep\n|turn|10\n|inactive|marcio1428 has 30 seconds left.\n|\n|t:|1788434974\n|move|p2b: Sinistcha|Rage Powder|p2b: Sinistcha\n|-singleturn|p2b: Sinistcha|move: Rage Powder\n|move|p1a: Mimikyu|Shadow Sneak|p2b: Sinistcha\n|-supereffective|p2b: Sinistcha|1\n|-damage|p2b: Sinistcha|0 fnt\n|faint|p2b: Sinistcha\n|-damage|p1a: Mimikyu|38/100|[from] item: Life Orb\n|move|p1b: Raichu|Thunderbolt|p2a: Blastoise\n|-supereffective|p2a: Blastoise|1\n|-damage|p2a: Blastoise|53/100\n|move|p2a: Blastoise|Dark Pulse|p1a: Mimikyu\n|-damage|p1a: Mimikyu|0 fnt\n|faint|p1a: Mimikyu\n|\n|upkeep\n|-message|marcio1428 forfeited.\n|\n|win|LordKameni\n|raw|marcio1428's rating: 1132 &rarr; <strong>1112</strong><br />(-20 for losing)\n|raw|LordKameni's rating: 1196 &rarr; <strong>1216</strong><br />(+20 for winning)\n|l|☆marcio1428\n|player|p1|\n","uploadtime":1788434992,"views":"4","formatid":"gen9championsvgc2026regmbbo3","rating":1112,"private":0,"password":null}