{"id":"gen9championsvgc2026regmb-2674689340","format":"[Gen 9 Champions] VGC 2026 Reg M-B","players":["Zhelzera03","randomtieflinggirl"],"log":"|j|☆Zhelzera03\n|j|☆randomtieflinggirl\n|t:|1788390908\n|gametype|doubles\n|player|p1|Zhelzera03|169|1294\n|player|p2|randomtieflinggirl|170|1207\n|gen|9\n|tier|[Gen 9 Champions] VGC 2026 Reg M-B\n|rated|\n|rule|Species Clause: Limit one of each Pokémon\n|rule|Item Clause: Limit 1 of each item\n|clearpoke\n|poke|p1|Delphox, L50, M|\n|poke|p1|Sneasler, L50, F|\n|poke|p1|Garchomp, L50, F|\n|poke|p1|Venusaur, L50, F|\n|poke|p1|Grimmsnarl, L50, M|\n|poke|p1|Corviknight, L50, F|\n|poke|p2|Lycanroc-Dusk, L50, F|\n|poke|p2|Froslass, L50, F|\n|poke|p2|Scovillain, L50, M|\n|poke|p2|Basculegion, L50, M|\n|poke|p2|Kingambit, L50, F|\n|poke|p2|Sneasler, L50, F|\n|teampreview|4\n|inactive|Battle timer is ON: inactive players will automatically lose when time's up. (requested by Zhelzera03)\nrandomtieflinggirl has agreed to open team sheets.\n|inactive|randomtieflinggirl has 60 seconds left.\nZhelzera03 rejected open team sheets.\n|\n|t:|1788390959\n|teamsize|p1|4\n|teamsize|p2|4\n|start\n|switch|p1a: Grimmsnarl|Grimmsnarl, L50, M|100/100\n|switch|p1b: Delphox|Delphox, L50, M|100/100\n|switch|p2a: Sneasler|Sneasler, L50, F|100/100\n|switch|p2b: Froslass|Froslass, L50, F|100/100\n|turn|1\n|\n|t:|1788390971\n|detailschange|p1b: Delphox|Delphox-Mega, L50, M\n|-mega|p1b: Delphox|Delphox|Delphoxite\n|detailschange|p2b: Froslass|Froslass-Mega, L50, F\n|-mega|p2b: Froslass|Froslass|Froslassite\n|-weather|Snowscape|[from] ability: Snow Warning|[of] p2b: Froslass\n|move|p1b: Delphox|Protect|p1b: Delphox\n|-singleturn|p1b: Delphox|Protect\n|move|p2a: Sneasler|Fake Out|p1b: Delphox\n|-activate|p1b: Delphox|move: Protect\n|move|p1a: Grimmsnarl|Light Screen|p1a: Grimmsnarl\n|-sidestart|p1: Zhelzera03|move: Light Screen\n|move|p2b: Froslass|Shadow Ball|p1b: Delphox\n|-activate|p1b: Delphox|move: Protect\n|\n|-weather|Snowscape|[upkeep]\n|upkeep\n|turn|2\n|\n|t:|1788390989\n|switch|p2a: Kingambit|Kingambit, L50, F|100/100\n|move|p2b: Froslass|Protect|p2b: Froslass\n|-singleturn|p2b: Froslass|Protect\n|move|p1a: Grimmsnarl|Parting Shot|p2b: Froslass\n|-activate|p2b: Froslass|move: Protect\n|move|p1b: Delphox|Heat Wave|p2b: Froslass|[spread] \n|-activate|p2b: Froslass|move: Protect\n|-miss|p1b: Delphox|p2a: Kingambit\n|\n|-weather|Snowscape|[upkeep]\n|upkeep\n|turn|3\n|\n|t:|1788391010\n|move|p1b: Delphox|Protect|p1b: Delphox\n|-singleturn|p1b: Delphox|Protect\n|move|p2a: Kingambit|Sucker Punch||[still]\n|-fail|p2a: Kingambit\n|move|p2b: Froslass|Shadow Ball|p1b: Delphox\n|-activate|p1b: Delphox|move: Protect\n|move|p1a: Grimmsnarl|Foul Play|p2b: Froslass\n|-supereffective|p2b: Froslass|1\n|-damage|p2b: Froslass|52/100\n|\n|-weather|Snowscape|[upkeep]\n|upkeep\n|turn|4\n|\n|t:|1788391033\n|switch|p1a: Sneasler|Sneasler, L50, F|100/100\n|move|p2b: Froslass|Protect|p2b: Froslass\n|-singleturn|p2b: Froslass|Protect\n|move|p2a: Kingambit|Sucker Punch||[still]\n|-fail|p2a: Kingambit\n|move|p1b: Delphox|Substitute|p1b: Delphox\n|-start|p1b: Delphox|Substitute\n|-damage|p1b: Delphox|75/100\n|\n|-weather|Snowscape|[upkeep]\n|upkeep\n|turn|5\n|\n|t:|1788391049\n|switch|p2b: Basculegion|Basculegion, L50, M|100/100\n|move|p2a: Kingambit|Sucker Punch|p1b: Delphox\n|-supereffective|p1b: Delphox|1\n|-end|p1b: Delphox|Substitute\n|move|p1b: Delphox|Heat Wave|p2a: Kingambit|[spread] p2a,p2b\n|-supereffective|p2a: Kingambit|1\n|-resisted|p2b: Basculegion|1\n|-damage|p2a: Kingambit|10/100\n|-damage|p2b: Basculegion|80/100\n|-status|p2b: Basculegion|brn\n|move|p1a: Sneasler|Close Combat|p2a: Kingambit\n|-supereffective|p2a: Kingambit|2\n|-damage|p2a: Kingambit|0 fnt\n|-unboost|p1a: Sneasler|def|1\n|-unboost|p1a: Sneasler|spd|1\n|faint|p2a: Kingambit\n|-enditem|p1a: Sneasler|White Herb\n|-clearnegativeboost|p1a: Sneasler|[silent]\n|\n|-weather|none\n|-damage|p2b: Basculegion|74/100 brn|[from] brn\n|upkeep\n|\n|t:|1788391071\n|switch|p2a: Sneasler|Sneasler, L50, F|100/100\n|turn|6\n|\n|t:|1788391083\n|switch|p1b: Grimmsnarl|Grimmsnarl, L50, M|100/100\n|move|p1a: Sneasler|Protect|p1a: Sneasler\n|-singleturn|p1a: Sneasler|Protect\n|move|p2a: Sneasler|Fake Out|p1a: Sneasler\n|-activate|p1a: Sneasler|move: Protect\n|move|p2b: Basculegion|Wave Crash|p1a: Sneasler\n|-activate|p1a: Sneasler|move: Protect\n|\n|-damage|p2b: Basculegion|68/100 brn|[from] brn\n|upkeep\n|turn|7\n|\n|t:|1788391101\n|switch|p1a: Garchomp|Garchomp, L50, F|100/100\n|move|p2a: Sneasler|Dire Claw|p1b: Grimmsnarl\n|-supereffective|p1b: Grimmsnarl|1\n|-damage|p1b: Grimmsnarl|12/100\n|-status|p1b: Grimmsnarl|slp\n|move|p2b: Basculegion|Wave Crash|p1b: Grimmsnarl\n|-damage|p1b: Grimmsnarl|0 fnt\n|faint|p1b: Grimmsnarl\n|-damage|p2b: Basculegion|64/100 brn|[from] Recoil\n|\n|-damage|p2b: Basculegion|58/100 brn|[from] brn\n|upkeep\n|\n|t:|1788391113\n|switch|p1b: Sneasler|Sneasler, L50, F|100/100\n|turn|8\n|\n|t:|1788391119\n|move|p2a: Sneasler|Protect|p2a: Sneasler\n|-singleturn|p2a: Sneasler|Protect\n|move|p1b: Sneasler|Fake Out|p2a: Sneasler\n|-activate|p2a: Sneasler|move: Protect\n|move|p1a: Garchomp|Dragon Claw|p2b: Basculegion\n|-crit|p2b: Basculegion\n|-damage|p2b: Basculegion|0 fnt\n|faint|p2b: Basculegion\n|-damage|p1a: Garchomp|90/100|[from] item: Life Orb\n|\n|-sideend|p1: Zhelzera03|move: Light Screen\n|upkeep\n|\n|t:|1788391130\n|switch|p2b: Froslass|Froslass-Mega, L50, F|52/100\n|-weather|Snowscape|[from] ability: Snow Warning|[of] p2b: Froslass\n|turn|9\n|\n|t:|1788391137\n|move|p1a: Garchomp|Protect|p1a: Garchomp\n|-singleturn|p1a: Garchomp|Protect\n|move|p1b: Sneasler|Dire Claw|p2b: Froslass\n|-resisted|p2b: Froslass|1\n|-damage|p2b: Froslass|30/100\n|-status|p2b: Froslass|par\n|move|p2a: Sneasler|Dire Claw|p1a: Garchomp\n|-activate|p1a: Garchomp|move: Protect\n|move|p2b: Froslass|Blizzard|p1b: Sneasler|[spread] p1b\n|-activate|p1a: Garchomp|move: Protect\n|-damage|p1b: Sneasler|40/100\n|\n|-weather|Snowscape|[upkeep]\n|upkeep\n|turn|10\n|\n|t:|1788391153\n|move|p2b: Froslass|Protect|p2b: Froslass\n|-singleturn|p2b: Froslass|Protect\n|move|p1b: Sneasler|Dire Claw|p2a: Sneasler\n|-resisted|p2a: Sneasler|1\n|-damage|p2a: Sneasler|73/100\n|move|p1a: Garchomp|Earthquake|p2a: Sneasler|[spread] p1b,p2a\n|-activate|p2b: Froslass|move: Protect\n|-supereffective|p1b: Sneasler|1\n|-supereffective|p2a: Sneasler|1\n|-damage|p1b: Sneasler|0 fnt\n|-damage|p2a: Sneasler|0 fnt\n|faint|p1b: Sneasler\n|faint|p2a: Sneasler\n|-damage|p1a: Garchomp|80/100|[from] item: Life Orb\n|\n|-weather|Snowscape|[upkeep]\n|upkeep\n|\n|t:|1788391165\n|switch|p1b: Delphox|Delphox-Mega, L50, M|75/100\n|turn|11\n|\n|t:|1788391169\n|move|p1b: Delphox|Heat Wave|p2b: Froslass|[miss]\n|-miss|p1b: Delphox|p2b: Froslass\n|move|p1a: Garchomp|Rock Slide|p2b: Froslass\n|-supereffective|p2b: Froslass|1\n|-damage|p2b: Froslass|0 fnt\n|faint|p2b: Froslass\n|-damage|p1a: Garchomp|70/100|[from] item: Life Orb\n|\n|win|Zhelzera03\n|raw|Zhelzera03's rating: 1294 &rarr; <strong>1313</strong><br />(+19 for winning)\n|raw|randomtieflinggirl's rating: 1207 &rarr; <strong>1188</strong><br />(-19 for losing)\n|c|☆randomtieflinggirl|gg\n","uploadtime":1788391178,"views":"6","formatid":"gen9championsvgc2026regmb","rating":1188,"private":0,"password":null}