{"id":"gen9championsvgc2026regmbbo3-2674685419","format":"[Gen 9 Champions] VGC 2026 Reg M-B (Bo3)","players":["DINOLONK","MetaphorCrazyMonk"],"log":"|j|☆DINOLONK\n|j|☆MetaphorCrazyMonk\n|html|<table width=\"100%\"><tr><td align=\"left\">DINOLONK</td><td align=\"right\">MetaphorCrazyMonk</tr><tr><td align=\"left\"><i class=\"fa fa-circle-o\"></i> <i class=\"fa fa-circle-o\"></i> </td><td align=\"right\"><i class=\"fa fa-circle-o\"></i> <i class=\"fa fa-circle\"></i> </tr></table>\n|uhtml|bestof|<h2><strong>Game 2</strong> of <a href=\"/game-bestof3-gen9championsvgc2026regmbbo3-2674684153\">a best-of-3</a></h2>\n|t:|1788390300\n|gametype|doubles\n|player|p1|DINOLONK|parasollady-gen4|1389\n|player|p2|MetaphorCrazyMonk|expert-gen6|1467\n|gen|9\n|tier|[Gen 9 Champions] VGC 2026 Reg M-B (Bo3)\n|rated|\n|rule|Species Clause: Limit one of each Pokémon\n|rule|Item Clause: Limit 1 of each item\n|clearpoke\n|poke|p1|Dragonite, L50, M|\n|poke|p1|Sneasler, L50, M|\n|poke|p1|Kingambit, L50, F|\n|poke|p1|Basculegion, L50, M|\n|poke|p1|Whimsicott, L50, M|\n|poke|p1|Floette-Eternal, L50, F|\n|poke|p2|Delphox, L50, M|\n|poke|p2|Sinistcha, L50|\n|poke|p2|Incineroar, L50, M|\n|poke|p2|Blastoise, L50, M|\n|poke|p2|Kingambit, L50, M|\n|poke|p2|Sneasler, L50, M|\n|teampreview|4\n|showteam|p1|Dragonite||Dragoninite|InnerFocus|DragonPulse,HeatWave,Thunderbolt,Protect|Modest||M|||50|]Sneasler||WhiteHerb|Unburden|DireClaw,CloseCombat,RockSlide,FakeOut|Jolly||M|||50|]Kingambit||ChopleBerry|Defiant|KowtowCleave,SuckerPunch,LowKick,IronHead|Adamant||F|||50|]Basculegion||LifeOrb|Adaptability|WaveCrash,LastRespects,AquaJet,Protect|Adamant||M|||50|]Whimsicott||FocusSash|Prankster|Moonblast,Tailwind,Encore,Protect|Timid||M|||50|]Floette-Eternal||Floettite|FlowerVeil|Moonblast,DazzlingGleam,LightofRuin,Protect|Timid||F|||50|\n|showteam|p2|Delphox||Delphoxite|Blaze|HeatWave,Psyshock,NastyPlot,Protect|Timid||M|||50|]Sinistcha||ColburBerry|Hospitality|MatchaGotcha,RagePowder,Protect,TrickRoom|Bold|||||50|]Incineroar||SitrusBerry|Intimidate|FlareBlitz,PartingShot,FakeOut,HelpingHand|Impish||M|||50|]Blastoise||Blastoisinite|RainDish|WaterSpout,DarkPulse,ShellSmash,Protect|Modest||M|||50|]Kingambit||BlackGlasses|Defiant|KowtowCleave,SuckerPunch,SwordsDance,Protect|Adamant||M|||50|]Sneasler||FocusSash|Unburden|CloseCombat,DireClaw,FakeOut,QuickGuard|Jolly||M|||50|\n|inactive|Battle timer is ON: inactive players will automatically lose when time's up. (requested by DINOLONK)\n|\n|t:|1788390315\n|teamsize|p1|4\n|teamsize|p2|4\n|start\n|switch|p1a: Dragonite|Dragonite, L50, M|100/100\n|switch|p1b: Sneasler|Sneasler, L50, M|100/100\n|switch|p2a: Foxhound|Delphox, L50, M|100/100\n|switch|p2b: Il Conto?|Sinistcha, L50|100/100\n|turn|1\n|inactive|DINOLONK has 30 seconds left.\n|\n|t:|1788390343\n|switch|p1b: Whimsicott|Whimsicott, L50, M|100/100\n|detailschange|p2a: Foxhound|Delphox-Mega, L50, M\n|-mega|p2a: Foxhound|Delphox|Delphoxite\n|detailschange|p1a: Dragonite|Dragonite-Mega, L50, M\n|-mega|p1a: Dragonite|Dragonite|Dragoninite\n|move|p2a: Foxhound|Protect|p2a: Foxhound\n|-singleturn|p2a: Foxhound|Protect\n|move|p2b: Il Conto?|Protect|p2b: Il Conto?\n|-singleturn|p2b: Il Conto?|Protect\n|move|p1a: Dragonite|Heat Wave|p2b: Il Conto?|[spread] \n|-activate|p2a: Foxhound|move: Protect\n|-activate|p2b: Il Conto?|move: Protect\n|\n|upkeep\n|turn|2\n|inactive|MetaphorCrazyMonk has 30 seconds left.\n|inactive|MetaphorCrazyMonk has 20 seconds left.\n|inactive|MetaphorCrazyMonk has 15 seconds left.\n|inactive|MetaphorCrazyMonk has 10 seconds left.\n|inactive|MetaphorCrazyMonk has 5 seconds left.\n|\n|t:|1788390395\n|switch|p2b: Apache Kid|Kingambit, L50, M|100/100\n|move|p1b: Whimsicott|Encore|p2a: Foxhound\n|-start|p2a: Foxhound|Encore\n|move|p2a: Foxhound|Protect|p2a: Foxhound\n|-singleturn|p2a: Foxhound|Protect\n|move|p1a: Dragonite|Dragon Pulse|p2a: Foxhound\n|-activate|p2a: Foxhound|move: Protect\n|\n|upkeep\n|turn|3\n|\n|t:|1788390413\n|switch|p2a: Vigile|Sneasler, L50, M|100/100\n|move|p2b: Apache Kid|Protect|p2b: Apache Kid\n|-singleturn|p2b: Apache Kid|Protect\n|move|p1b: Whimsicott|Tailwind|p1b: Whimsicott\n|-sidestart|p1: DINOLONK|move: Tailwind\n|move|p1a: Dragonite|Heat Wave|p2b: Apache Kid|[spread] p2a\n|-activate|p2b: Apache Kid|move: Protect\n|-damage|p2a: Vigile|61/100\n|-status|p2a: Vigile|brn\n|\n|-damage|p2a: Vigile|55/100 brn|[from] brn\n|upkeep\n|turn|4\n|\n|t:|1788390422\n|move|p1b: Whimsicott|Protect|p1b: Whimsicott\n|-singleturn|p1b: Whimsicott|Protect\n|move|p1a: Dragonite|Protect|p1a: Dragonite\n|-singleturn|p1a: Dragonite|Protect\n|move|p2a: Vigile|Fake Out|p1a: Dragonite\n|-activate|p1a: Dragonite|move: Protect\n|move|p2b: Apache Kid|Swords Dance|p2b: Apache Kid\n|-boost|p2b: Apache Kid|atk|2\n|\n|-damage|p2a: Vigile|49/100 brn|[from] brn\n|upkeep\n|turn|5\n|\n|t:|1788390441\n|move|p1b: Whimsicott|Moonblast|p2b: Apache Kid\n|-damage|p2b: Apache Kid|66/100\n|move|p1a: Dragonite|Heat Wave|p2b: Apache Kid|[spread] p2a,p2b\n|-supereffective|p2b: Apache Kid|1\n|-damage|p2a: Vigile|5/100 brn\n|-damage|p2b: Apache Kid|10/100\n|move|p2a: Vigile|Dire Claw|p1a: Dragonite\n|-damage|p1a: Dragonite|89/100\n|move|p2b: Apache Kid|Kowtow Cleave|p1b: Whimsicott\n|-resisted|p1b: Whimsicott|1\n|-damage|p1b: Whimsicott|18/100\n|\n|-damage|p2a: Vigile|0 fnt|[from] brn\n|faint|p2a: Vigile\n|upkeep\n|inactive|MetaphorCrazyMonk has 30 seconds left.\n|\n|t:|1788390466\n|switch|p2a: Foxhound|Delphox-Mega, L50, M|100/100\n|turn|6\n|\n|t:|1788390473\n|move|p1b: Whimsicott|Protect|p1b: Whimsicott\n|-singleturn|p1b: Whimsicott|Protect\n|move|p2b: Apache Kid|Protect|p2b: Apache Kid\n|-singleturn|p2b: Apache Kid|Protect\n|move|p1a: Dragonite|Heat Wave|p2a: Foxhound|[spread] p2a\n|-activate|p2b: Apache Kid|move: Protect\n|-resisted|p2a: Foxhound|1\n|-damage|p2a: Foxhound|85/100\n|move|p2a: Foxhound|Heat Wave|p1b: Whimsicott|[spread] p1a\n|-activate|p1b: Whimsicott|move: Protect\n|-resisted|p1a: Dragonite|1\n|-damage|p1a: Dragonite|70/100\n|\n|-sideend|p1: DINOLONK|move: Tailwind\n|upkeep\n|turn|7\n|\n|t:|1788390489\n|switch|p1a: Sneasler|Sneasler, L50, M|100/100\n|move|p1b: Whimsicott|Tailwind|p1b: Whimsicott\n|-sidestart|p1: DINOLONK|move: Tailwind\n|move|p2b: Apache Kid|Sucker Punch||[still]\n|-fail|p2b: Apache Kid\n|move|p2a: Foxhound|Psyshock|p1b: Whimsicott\n|-damage|p1b: Whimsicott|0 fnt\n|faint|p1b: Whimsicott\n|\n|upkeep\n|\n|t:|1788390492\n|switch|p1b: Kingambit|Kingambit, L50, F|100/100\n|turn|8\n|\n|t:|1788390511\n|move|p2a: Foxhound|Protect|p2a: Foxhound\n|-singleturn|p2a: Foxhound|Protect\n|move|p2b: Apache Kid|Sucker Punch|p1a: Sneasler\n|-resisted|p1a: Sneasler|1\n|-damage|p1a: Sneasler|26/100\n|move|p1a: Sneasler|Close Combat|p2b: Apache Kid\n|-supereffective|p2b: Apache Kid|2\n|-damage|p2b: Apache Kid|0 fnt\n|-unboost|p1a: Sneasler|def|1\n|-unboost|p1a: Sneasler|spd|1\n|faint|p2b: Apache Kid\n|-enditem|p1a: Sneasler|White Herb\n|-clearnegativeboost|p1a: Sneasler|[silent]\n|move|p1b: Kingambit|Kowtow Cleave|p2a: Foxhound\n|-activate|p2a: Foxhound|move: Protect\n|\n|upkeep\n|\n|t:|1788390517\n|switch|p2b: Il Conto?|Sinistcha, L50|100/100\n|-heal|p2a: Foxhound|100/100|[from] ability: Hospitality|[of] p2b: Il Conto?\n|turn|9\n|\n|t:|1788390531\n|move|p2b: Il Conto?|Rage Powder|p2b: Il Conto?\n|-singleturn|p2b: Il Conto?|move: Rage Powder\n|move|p1a: Sneasler|Rock Slide|p2a: Foxhound|[spread] p2a,p2b\n|-supereffective|p2a: Foxhound|1\n|-damage|p2a: Foxhound|38/100\n|-damage|p2b: Il Conto?|83/100\n|move|p2a: Foxhound|Heat Wave|p1a: Sneasler|[spread] p1a,p1b\n|-supereffective|p1b: Kingambit|1\n|-damage|p1a: Sneasler|0 fnt\n|-damage|p1b: Kingambit|17/100\n|faint|p1a: Sneasler\n|move|p1b: Kingambit|Kowtow Cleave|p2b: Il Conto?\n|-supereffective|p2b: Il Conto?|1\n|-enditem|p2b: Il Conto?|Colbur Berry|[eat]\n|-enditem|p2b: Il Conto?|Colbur Berry|[weaken]\n|-damage|p2b: Il Conto?|42/100\n|\n|upkeep\n|\n|t:|1788390543\n|switch|p1a: Dragonite|Dragonite-Mega, L50, M|70/100\n|turn|10\n|\n|t:|1788390547\n|move|p2a: Foxhound|Protect|p2a: Foxhound\n|-singleturn|p2a: Foxhound|Protect\n|move|p2b: Il Conto?|Protect|p2b: Il Conto?\n|-singleturn|p2b: Il Conto?|Protect\n|move|p1a: Dragonite|Heat Wave|p2b: Il Conto?|[spread] \n|-activate|p2a: Foxhound|move: Protect\n|-activate|p2b: Il Conto?|move: Protect\n|move|p1b: Kingambit|Kowtow Cleave|p2a: Foxhound\n|-activate|p2a: Foxhound|move: Protect\n|\n|-sideend|p1: DINOLONK|move: Tailwind\n|upkeep\n|turn|11\n|\n|t:|1788390553\n|move|p2b: Il Conto?|Rage Powder|p2b: Il Conto?\n|-singleturn|p2b: Il Conto?|move: Rage Powder\n|move|p2a: Foxhound|Heat Wave|p1b: Kingambit|[spread] p1a,p1b\n|-resisted|p1a: Dragonite|1\n|-supereffective|p1b: Kingambit|1\n|-damage|p1a: Dragonite|52/100\n|-damage|p1b: Kingambit|0 fnt\n|faint|p1b: Kingambit\n|move|p1a: Dragonite|Heat Wave|p2a: Foxhound|[spread] p2a,p2b\n|-resisted|p2a: Foxhound|1\n|-supereffective|p2b: Il Conto?|1\n|-damage|p2a: Foxhound|24/100\n|-damage|p2b: Il Conto?|0 fnt\n|faint|p2b: Il Conto?\n|\n|upkeep\n|turn|12\n|\n|t:|1788390563\n|move|p2a: Foxhound|Psyshock|p1a: Dragonite\n|-damage|p1a: Dragonite|5/100\n|move|p1a: Dragonite|Dragon Pulse|p2a: Foxhound\n|-damage|p2a: Foxhound|0 fnt\n|faint|p2a: Foxhound\n|\n|win|DINOLONK\n","uploadtime":1788390563,"views":"0","formatid":"gen9championsvgc2026regmbbo3","rating":null,"private":0,"password":null}