{"id":"gen9championsvgc2026regmb-2674288209","format":"[Gen 9 Champions] VGC 2026 Reg M-B","players":["DudeyFrom43","croom krum"],"log":"|j|☆DudeyFrom43\n|j|☆croom krum\n|t:|1788332461\n|gametype|doubles\n|player|p1|DudeyFrom43|birdkeeper-gen4dp|1039\n|player|p2|croom krum|2|1000\n|gen|9\n|tier|[Gen 9 Champions] VGC 2026 Reg M-B\n|rated|\n|rule|Species Clause: Limit one of each Pokémon\n|rule|Item Clause: Limit 1 of each item\n|clearpoke\n|poke|p1|Vanilluxe, L50, F|\n|poke|p1|Weavile, L50, F|\n|poke|p1|Castform, L50, F|\n|poke|p1|Vivillon, L50, F|\n|poke|p1|Pikachu, L50, M|\n|poke|p1|Froslass, L50, F|\n|poke|p2|Charizard, L50, M|\n|poke|p2|Venusaur, L50, M|\n|poke|p2|Pelipper, L50, F|\n|poke|p2|Archaludon, L50, M|\n|poke|p2|Grimmsnarl, L50, M|\n|poke|p2|Swampert, L50, M|\n|teampreview|4\n|inactive|Battle timer is ON: inactive players will automatically lose when time's up. (requested by DudeyFrom43)\nDudeyFrom43 rejected open team sheets.\n|inactive|croom krum has 60 seconds left.\n|\n|t:|1788332492\n|teamsize|p1|4\n|teamsize|p2|4\n|start\n|switch|p1a: maerCecI|Vanilluxe, L50, F|100/100\n|switch|p1b: Ballz|Castform, L50, F|100/100\n|switch|p2a: Venusaur|Venusaur, L50, M|100/100\n|switch|p2b: Charizard|Charizard, L50, M|100/100\n|-weather|Snowscape|[from] ability: Snow Warning|[of] p1a: maerCecI\n|-formechange|p1b: Ballz|Castform-Snowy|[msg]|[from] ability: Forecast\n|turn|1\n|\n|t:|1788332512\n|switch|p1b: Divine|Froslass, L50, F|100/100\n|move|p2b: Charizard|Protect|p2b: Charizard\n|-singleturn|p2b: Charizard|Protect\n|move|p2a: Venusaur|Sleep Powder|p1b: Divine|[miss]\n|-miss|p2a: Venusaur|p1b: Divine\n|move|p1a: maerCecI|Explosion|p2a: Venusaur|[spread] p2a\n|-activate|p2b: Charizard|move: Protect\n|-immune|p1b: Divine\n|-damage|p2a: Venusaur|45/100\n|faint|p1a: maerCecI\n|\n|-weather|Snowscape|[upkeep]\n|upkeep\n|\n|t:|1788332531\n|switch|p1a: GlassCannon|Weavile, L50, F|100/100\n|-ability|p1a: GlassCannon|Pressure\n|turn|2\n|\n|t:|1788332548\n|switch|p2b: Grimmsnarl|Grimmsnarl, L50, M|100/100\n|move|p1a: GlassCannon|Swords Dance|p1a: GlassCannon\n|-boost|p1a: GlassCannon|atk|2\n|move|p1b: Divine|Aurora Veil|p1b: Divine\n|-sidestart|p1: DudeyFrom43|move: Aurora Veil\n|move|p2a: Venusaur|Sleep Powder|p1a: GlassCannon\n|-status|p1a: GlassCannon|slp|[from] move: Sleep Powder\n|\n|-weather|Snowscape|[upkeep]\n|upkeep\n|turn|3\n|\n|t:|1788332570\n|cant|p1a: GlassCannon|slp\n|move|p1b: Divine|Ice Beam|p2a: Venusaur\n|-supereffective|p2a: Venusaur|1\n|-damage|p2a: Venusaur|0 fnt\n|faint|p2a: Venusaur\n|move|p2b: Grimmsnarl|Spirit Break|p1a: GlassCannon\n|-supereffective|p1a: GlassCannon|1\n|-damage|p1a: GlassCannon|51/100 slp\n|-unboost|p1a: GlassCannon|spa|1\n|\n|-weather|Snowscape|[upkeep]\n|upkeep\n|\n|t:|1788332584\n|switch|p2a: Charizard|Charizard, L50, M|100/100\n|turn|4\n|\n|t:|1788332595\n|detailschange|p1b: Divine|Froslass-Mega, L50, F\n|-mega|p1b: Divine|Froslass|Froslassite\n|detailschange|p2a: Charizard|Charizard-Mega-Y, L50, M\n|-mega|p2a: Charizard|Charizard|Charizardite Y\n|-weather|SunnyDay|[from] ability: Drought|[of] p2a: Charizard\n|-curestatus|p1a: GlassCannon|slp|[msg]\n|move|p1a: GlassCannon|Protect|p1a: GlassCannon\n|-singleturn|p1a: GlassCannon|Protect\n|move|p1b: Divine|Ice Beam|p2b: Grimmsnarl\n|-damage|p2b: Grimmsnarl|59/100\n|move|p2a: Charizard|Heat Wave|p1a: GlassCannon|[spread] p1b\n|-activate|p1a: GlassCannon|move: Protect\n|-supereffective|p1b: Divine|1\n|-damage|p1b: Divine|0 fnt\n|faint|p1b: Divine\n|move|p2b: Grimmsnarl|Spirit Break|p1a: GlassCannon\n|-activate|p1a: GlassCannon|move: Protect\n|\n|-weather|SunnyDay|[upkeep]\n|upkeep\n|\n|t:|1788332612\n|switch|p1b: Ballz|Castform, L50, F|100/100\n|-formechange|p1b: Ballz|Castform-Sunny|[msg]|[from] ability: Forecast\n|turn|5\n|\n|t:|1788332624\n|move|p2a: Charizard|Protect|p2a: Charizard\n|-singleturn|p2a: Charizard|Protect\n|move|p2b: Grimmsnarl|Reflect|p2b: Grimmsnarl\n|-sidestart|p2: croom krum|Reflect\n|move|p1b: Ballz|Blizzard|p2b: Grimmsnarl|[spread] p2b\n|-activate|p2a: Charizard|move: Protect\n|-damage|p2b: Grimmsnarl|43/100\n|move|p1a: GlassCannon|Poison Jab|p2b: Grimmsnarl\n|-supereffective|p2b: Grimmsnarl|1\n|-damage|p2b: Grimmsnarl|0 fnt\n|faint|p2b: Grimmsnarl\n|-damage|p1a: GlassCannon|41/100|[from] item: Life Orb\n|\n|-weather|SunnyDay|[upkeep]\n|upkeep\n|\n|t:|1788332639\n|switch|p2b: Swampert|Swampert, L50, M|100/100\n|turn|6\n|\n|t:|1788332653\n|move|p1b: Ballz|Blizzard|p2a: Charizard|[spread] \n|-miss|p1b: Ballz|p2a: Charizard\n|-miss|p1b: Ballz|p2b: Swampert\n|move|p1a: GlassCannon|Icicle Spear|p2b: Swampert\n|-damage|p2b: Swampert|74/100\n|-damage|p2b: Swampert|51/100\n|-damage|p2b: Swampert|28/100\n|-damage|p2b: Swampert|7/100\n|-damage|p2b: Swampert|0 fnt\n|faint|p2b: Swampert\n|-hitcount|p2: Swampert|5\n|-damage|p1a: GlassCannon|31/100|[from] item: Life Orb\n|move|p2a: Charizard|Weather Ball|p1a: GlassCannon\n|-supereffective|p1a: GlassCannon|1\n|-damage|p1a: GlassCannon|0 fnt\n|faint|p1a: GlassCannon\n|\n|-weather|SunnyDay|[upkeep]\n|-sideend|p1: DudeyFrom43|move: Aurora Veil\n|upkeep\n|turn|7\n|\n|t:|1788332677\n|move|p1b: Ballz|Blizzard|p2a: Charizard|[miss]\n|-miss|p1b: Ballz|p2a: Charizard\n|move|p2a: Charizard|Hurricane|p1b: Ballz|[miss]\n|-miss|p2a: Charizard|p1b: Ballz\n|\n|-weather|SunnyDay|[upkeep]\n|upkeep\n|turn|8\n|\n|t:|1788332685\n|move|p1b: Ballz|Blizzard|p2a: Charizard\n|-damage|p2a: Charizard|78/100\n|move|p2a: Charizard|Hurricane|p1b: Ballz|[miss]\n|-miss|p2a: Charizard|p1b: Ballz\n|\n|-weather|none\n|-formechange|p1b: Ballz|Castform|[msg]|[from] ability: Forecast\n|upkeep\n|turn|9\n|\n|t:|1788332700\n|move|p1b: Ballz|Blizzard|p2a: Charizard\n|-damage|p2a: Charizard|55/100\n|-status|p2a: Charizard|frz\n|-curestatus|p2a: Charizard|frz|[msg]\n|move|p2a: Charizard|Hurricane|p1b: Ballz|[miss]\n|-miss|p2a: Charizard|p1b: Ballz\n|\n|upkeep\n|turn|10\n|\n|t:|1788332710\n|move|p1b: Ballz|Blizzard|p2a: Charizard\n|-damage|p2a: Charizard|34/100\n|move|p2a: Charizard|Heat Wave|p1b: Ballz\n|-damage|p1b: Ballz|0 fnt\n|faint|p1b: Ballz\n|\n|win|croom krum\n|raw|DudeyFrom43's rating: 1039 &rarr; <strong>1021</strong><br />(-18 for losing)\n|raw|croom krum's rating: 1000 &rarr; <strong>1044</strong><br />(+44 for winning)\n|c|☆DudeyFrom43|GG\n|c|☆DudeyFrom43|that was so close\n|l|☆croom krum\n|player|p2|\n","uploadtime":1788332739,"views":"3","formatid":"gen9championsvgc2026regmb","rating":1021,"private":0,"password":null}