{"id":"gen9championsvgc2026regmb-2674702859","format":"[Gen 9 Champions] VGC 2026 Reg M-B","players":["dimurph7","Dekidus"],"log":"|j|☆dimurph7\n|j|☆Dekidus\n|html|<table width=\"100%\"><tr><td align=\"left\">dimurph7</td><td align=\"right\">Dekidus</tr><tr><td align=\"left\"><i class=\"fa fa-circle-o\"></i> <i class=\"fa fa-circle-o\"></i> </td><td align=\"right\"><i class=\"fa fa-circle-o\"></i> <i class=\"fa fa-circle\"></i> </tr></table>\n|uhtml|bestof|<h2><strong>Game 2</strong> of <a href=\"/game-bestof3-gen9championsvgc2026regmb-2674700511\">a best-of-3</a></h2>\n|t:|1788392971\n|gametype|doubles\n|player|p1|dimurph7|102|\n|player|p2|Dekidus|colress|\n|gen|9\n|tier|[Gen 9 Champions] VGC 2026 Reg M-B\n|rule|Species Clause: Limit one of each Pokémon\n|rule|Item Clause: Limit 1 of each item\n|raw|<div class=\"infobox\"><details class=\"readmore\" open><summary><strong>1 custom rule:</strong></summary> Best of = 3</details></div>\n|clearpoke\n|poke|p1|Weavile, L50, F|\n|poke|p1|Swampert, L50, F|\n|poke|p1|Archaludon, L50, F|\n|poke|p1|Politoed, L50, F|\n|poke|p1|Sableye, L50, M|\n|poke|p1|Clefable, L50, F|\n|poke|p2|Whimsicott, L50, M, shiny|\n|poke|p2|Delphox, L50, F, shiny|\n|poke|p2|Samurott-Hisui, L50, M|\n|poke|p2|Kangaskhan, L50, F|\n|poke|p2|Lycanroc-Dusk, L50, M, shiny|\n|poke|p2|Jolteon, L50, M|\n|teampreview|4\nDekidus rejected open team sheets.\n|j| SuprBallr\n|\n|t:|1788393035\n|teamsize|p1|4\n|teamsize|p2|4\n|start\n|switch|p1a: Sableye|Sableye, L50, M|100/100\n|switch|p1b: Archaludon|Archaludon, L50, F|100/100\n|switch|p2a: Dive Sobat|Kangaskhan, L50, F|100/100\n|switch|p2b: Yoink!|Whimsicott, L50, M, shiny|100/100\n|turn|1\n|\n|t:|1788393070\n|move|p2a: Dive Sobat|Fake Out|p1a: Sableye\n|-damage|p1a: Sableye|75/100\n|cant|p1a: Sableye|flinch\n|move|p2b: Yoink!|Moonblast|p1a: Sableye\n|-supereffective|p1a: Sableye|1\n|-damage|p1a: Sableye|0 fnt\n|faint|p1a: Sableye\n|move|p1b: Archaludon|Flash Cannon|p2b: Yoink!\n|-supereffective|p2b: Yoink!|1\n|-damage|p2b: Yoink!|0 fnt\n|faint|p2b: Yoink!\n|\n|upkeep\n|\n|t:|1788393092\n|switch|p2b: Blossom Dance|Samurott-Hisui, L50, M|100/100\n|switch|p1a: Swampert|Swampert, L50, F|100/100\n|turn|2\n|\n|t:|1788393146\n|switch|p1b: Clefable|Clefable, L50, F|100/100\n|detailschange|p2a: Dive Sobat|Kangaskhan-Mega, L50, F\n|-mega|p2a: Dive Sobat|Kangaskhan|Kangaskhanite\n|detailschange|p1a: Swampert|Swampert-Mega, L50, F\n|-mega|p1a: Swampert|Swampert|Swampertite\n|move|p2b: Blossom Dance|Sacred Sword|p1a: Swampert\n|-damage|p1a: Swampert|62/100\n|move|p2a: Dive Sobat|Icy Wind|p1b: Clefable|[spread] p1a,p1b\n|-damage|p1a: Swampert|57/100\n|-damage|p1b: Clefable|95/100\n|-unboost|p1a: Swampert|spe|1\n|-unboost|p1b: Clefable|spe|1\n|move|p1a: Swampert|High Horsepower|p2b: Blossom Dance\n|-damage|p2b: Blossom Dance|16/100\n|\n|upkeep\n|turn|3\n|\n|t:|1788393192\n|switch|p2b: Peerless|Lycanroc-Dusk, L50, M, shiny|100/100\n|move|p1b: Clefable|Follow Me|p1b: Clefable\n|-singleturn|p1b: Clefable|move: Follow Me\n|move|p2a: Dive Sobat|Double-Edge|p1b: Clefable\n|-damage|p1b: Clefable|31/100\n|-damage|p1b: Clefable|17/100\n|-hitcount|p1b: Clefable|2\n|-damage|p2a: Dive Sobat|71/100|[from] Recoil\n|move|p1a: Swampert|Flip Turn|p2b: Peerless\n|-supereffective|p2b: Peerless|1\n|-enditem|p2b: Peerless|Focus Sash\n|-damage|p2b: Peerless|1/100\n|\n|t:|1788393206\n|switch|p1a: Archaludon|Archaludon, L50, F|100/100|[from] Flip Turn\n|\n|upkeep\n|turn|4\n|\n|t:|1788393260\n|move|p2b: Peerless|Protect|p2b: Peerless\n|-singleturn|p2b: Peerless|Protect\n|move|p1b: Clefable|Protect|p1b: Clefable\n|-singleturn|p1b: Clefable|Protect\n|move|p2a: Dive Sobat|Double-Edge|p1b: Clefable\n|-activate|p1b: Clefable|move: Protect\n|move|p1a: Archaludon|Dragon Pulse|p2b: Peerless\n|-activate|p2b: Peerless|move: Protect\n|\n|upkeep\n|turn|5\n|\n|t:|1788393318\n|move|p1b: Clefable|Follow Me|p1b: Clefable\n|-singleturn|p1b: Clefable|move: Follow Me\n|move|p2b: Peerless|Rock Slide|p1a: Archaludon|[spread] p1a\n|-miss|p2b: Peerless|p1b: Clefable\n|-resisted|p1a: Archaludon|1\n|-damage|p1a: Archaludon|89/100\n|-ability|p1a: Archaludon|Stamina|boost\n|-boost|p1a: Archaludon|def|1\n|move|p1a: Archaludon|Dragon Pulse|p2b: Peerless\n|-crit|p2b: Peerless\n|-damage|p2b: Peerless|0 fnt\n|faint|p2b: Peerless\n|move|p2a: Dive Sobat|Circle Throw|p1b: Clefable\n|-resisted|p1b: Clefable|1\n|-damage|p1b: Clefable|6/100\n|-resisted|p1b: Clefable|1\n|-damage|p1b: Clefable|4/100\n|-hitcount|p1b: Clefable|2\n|drag|p1b: Swampert|Swampert-Mega, L50, F|57/100\n|\n|-heal|p1a: Archaludon|95/100|[from] item: Leftovers\n|upkeep\n|\n|t:|1788393327\n|switch|p2b: Blossom Dance|Samurott-Hisui, L50, M|16/100\n|turn|6\n|\n|t:|1788393360\n|move|p2b: Blossom Dance|Sacred Sword|p1a: Archaludon\n|-supereffective|p1a: Archaludon|1\n|-damage|p1a: Archaludon|34/100\n|-ability|p1a: Archaludon|Stamina|boost\n|-boost|p1a: Archaludon|def|1\n|move|p2a: Dive Sobat|Double-Edge|p1b: Swampert\n|-damage|p1b: Swampert|2/100\n|-damage|p1b: Swampert|0 fnt\n|faint|p1b: Swampert\n|-hitcount|p1: Swampert|2\n|-damage|p2a: Dive Sobat|51/100|[from] Recoil\n|move|p1a: Archaludon|Dragon Pulse|p2b: Blossom Dance\n|-damage|p2b: Blossom Dance|0 fnt\n|faint|p2b: Blossom Dance\n|\n|-heal|p1a: Archaludon|40/100|[from] item: Leftovers\n|upkeep\n|\n|t:|1788393378\n|switch|p1b: Clefable|Clefable, L50, F|4/100\n|turn|7\n|\n|t:|1788393391\n|move|p1a: Archaludon|Protect|p1a: Archaludon\n|-singleturn|p1a: Archaludon|Protect\n|move|p1b: Clefable|Protect|p1b: Clefable\n|-singleturn|p1b: Clefable|Protect\n|move|p2a: Dive Sobat|Icy Wind|p1b: Clefable|[spread] \n|-activate|p1a: Archaludon|move: Protect\n|-activate|p1b: Clefable|move: Protect\n|\n|-heal|p1a: Archaludon|46/100|[from] item: Leftovers\n|upkeep\n|turn|8\n|\n|t:|1788393414\n|move|p1b: Clefable|Follow Me|p1b: Clefable\n|-singleturn|p1b: Clefable|move: Follow Me\n|move|p2a: Dive Sobat|Icy Wind|p1a: Archaludon|[spread] p1a,p1b\n|-damage|p1a: Archaludon|39/100\n|-damage|p1b: Clefable|0 fnt\n|-unboost|p1a: Archaludon|spe|1\n|-ability|p1a: Archaludon|Stamina|boost\n|-boost|p1a: Archaludon|def|1\n|faint|p1b: Clefable\n|move|p1a: Archaludon|Dragon Pulse|p2a: Dive Sobat\n|-damage|p2a: Dive Sobat|12/100\n|\n|-heal|p1a: Archaludon|45/100|[from] item: Leftovers\n|upkeep\n|turn|9\n|\n|t:|1788393430\n|move|p1a: Archaludon|Protect|p1a: Archaludon\n|-singleturn|p1a: Archaludon|Protect\n|move|p2a: Dive Sobat|Double-Edge|p1a: Archaludon\n|-activate|p1a: Archaludon|move: Protect\n|\n|-heal|p1a: Archaludon|52/100|[from] item: Leftovers\n|upkeep\n|turn|10\n|\n|t:|1788393441\n|move|p2a: Dive Sobat|Double-Edge|p1a: Archaludon\n|-resisted|p1a: Archaludon|1\n|-crit|p1a: Archaludon\n|-damage|p1a: Archaludon|14/100\n|-ability|p1a: Archaludon|Stamina|boost\n|-boost|p1a: Archaludon|def|1\n|-resisted|p1a: Archaludon|1\n|-damage|p1a: Archaludon|13/100\n|-ability|p1a: Archaludon|Stamina|boost\n|-boost|p1a: Archaludon|def|1\n|-hitcount|p1a: Archaludon|2\n|-damage|p2a: Dive Sobat|0 fnt|[from] Recoil\n|faint|p2a: Dive Sobat\n|\n|win|dimurph7\n|inactive|dimurph7 has 30 seconds to confirm battle start!\n|inactive|Dekidus has 30 seconds to confirm battle start!\n||Dekidus is ready for game 3.\n|c|☆dimurph7|Gg g2\n||dimurph7 is ready for game 3.\n|uhtml|next|Next: <a href=\"/battle-gen9championsvgc2026regmb-2674705990\"><strong>Game 3 of 3</strong></a>\n|l| SuprBallr\n|j| N8NoDog\n","uploadtime":1788393834,"views":"21","formatid":"gen9championsvgc2026regmb","rating":null,"private":0,"password":null}