{"id":"gen9championsvgc2026regmb-2673893104","format":"[Gen 9 Champions] VGC 2026 Reg M-B","players":["ssssdcfvgbxuvfg","ghjk09"],"log":"|j|☆ssssdcfvgbxuvfg\n|j|☆ghjk09\n|t:|1788273935\n|gametype|doubles\n|player|p1|ssssdcfvgbxuvfg|101|1323\n|player|p2|ghjk09|hilbert|1287\n|gen|9\n|tier|[Gen 9 Champions] VGC 2026 Reg M-B\n|rated|\n|rule|Species Clause: Limit one of each Pokémon\n|rule|Item Clause: Limit 1 of each item\n|clearpoke\n|poke|p1|Houndoom, L50, M|\n|poke|p1|Torkoal, L50, M|\n|poke|p1|Farigiraf, L50, M|\n|poke|p1|Kleavor, L50, M|\n|poke|p1|Vileplume, L50, F|\n|poke|p1|Mawile, L50, M|\n|poke|p2|Audino, L50, F|\n|poke|p2|Zoroark-Hisui, L50, M|\n|poke|p2|Whimsicott, L50, F|\n|poke|p2|Overqwil, L50, M|\n|poke|p2|Sableye, L50, F|\n|poke|p2|Malamar, L50, M|\n|teampreview|4\n|inactive|Battle timer is ON: inactive players will automatically lose when time's up. (requested by ssssdcfvgbxuvfg)\n|\n|t:|1788273956\n|teamsize|p1|4\n|teamsize|p2|4\n|start\n|switch|p1a: Vileplume|Vileplume, L50, F|100/100\n|switch|p1b: Torkoal|Torkoal, L50, M|100/100\n|switch|p2a: Audino|Audino, L50, F|100/100\n|switch|p2b: Malamar|Malamar, L50, M|100/100\n|-weather|SunnyDay|[from] ability: Drought|[of] p1b: Torkoal\n|turn|1\n|\n|t:|1788273969\n|move|p2b: Malamar|Rain Dance|p2b: Malamar\n|-weather|RainDance\n|move|p1a: Vileplume|After You|p1b: Torkoal\n|-activate|p1b: Torkoal|move: After You\n|move|p1b: Torkoal|Eruption|p2a: Audino|[spread] p2a,p2b\n|-damage|p2a: Audino|72/100\n|-damage|p2b: Malamar|40/100\n|replace|p2b: Zoroark|Zoroark-Hisui, L50, M\n|-end|p2b: Zoroark|Illusion\n|move|p2a: Audino|Trick Room|p2a: Audino\n|-fieldstart|move: Trick Room|[of] p2a: Audino\n|\n|-weather|RainDance|[upkeep]\n|upkeep\n|turn|2\n|inactive|ssssdcfvgbxuvfg has 30 seconds left.\n|\n|t:|1788273998\n|switch|p2b: Overqwil|Overqwil, L50, M|100/100\n|-ability|p2b: Overqwil|Intimidate|boost\n|-unboost|p1a: Vileplume|atk|1\n|-unboost|p1b: Torkoal|atk|1\n|move|p1b: Torkoal|Weather Ball|p2a: Audino\n|-damage|p2a: Audino|34/100\n|move|p2a: Audino|Simple Beam|p2b: Overqwil\n|-ability|p2b: Overqwil|Simple|Intimidate|[from] move: Simple Beam\n|move|p1a: Vileplume|Sleep Powder|p2b: Overqwil|[miss]\n|-miss|p1a: Vileplume|p2b: Overqwil\n|\n|-weather|RainDance|[upkeep]\n|upkeep\n|turn|3\n|inactive|ssssdcfvgbxuvfg has 30 seconds left.\n|\n|t:|1788274027\n|switch|p1b: Kleavor|Kleavor, L50, M|100/100\n|move|p2a: Audino|Heal Pulse|p2b: Overqwil\n|-fail|p2b: Overqwil|heal\n|move|p2b: Overqwil|Minimize|p2b: Overqwil\n|-boost|p2b: Overqwil|evasion|4\n|move|p1a: Vileplume|Sleep Powder|p2b: Overqwil|[miss]\n|-miss|p1a: Vileplume|p2b: Overqwil\n|\n|-weather|RainDance|[upkeep]\n|upkeep\n|turn|4\n|\n|t:|1788274052\n|move|p2a: Audino|Simple Beam|p1b: Kleavor\n|-ability|p1b: Kleavor|Simple|Sharpness|[from] move: Simple Beam\n|move|p2b: Overqwil|Stockpile|p2b: Overqwil\n|-start|p2b: Overqwil|stockpile1\n|-boost|p2b: Overqwil|def|2\n|-boost|p2b: Overqwil|spd|2\n|move|p1a: Vileplume|Strength Sap|p2b: Overqwil\n|-unboost|p2b: Overqwil|atk|2\n|move|p1b: Kleavor|Stone Axe|p2b: Overqwil\n|-damage|p2b: Overqwil|81/100\n|-sidestart|p2: ghjk09|move: Stealth Rock\n|\n|-weather|RainDance|[upkeep]\n|-heal|p2b: Overqwil|87/100|[from] item: Leftovers\n|upkeep\n|turn|5\n|inactive|ssssdcfvgbxuvfg has 30 seconds left.\n|inactive|ssssdcfvgbxuvfg has 20 seconds left.\n|inactive|ssssdcfvgbxuvfg has 15 seconds left.\n|\n|t:|1788274093\n|move|p2a: Audino|Heal Pulse|p2b: Overqwil\n|-heal|p2b: Overqwil|100/100\n|move|p2b: Overqwil|Stockpile|p2b: Overqwil\n|-start|p2b: Overqwil|stockpile2\n|-boost|p2b: Overqwil|def|2\n|-boost|p2b: Overqwil|spd|2\n|move|p1a: Vileplume|Strength Sap|p2b: Overqwil|[miss]\n|-miss|p1a: Vileplume|p2b: Overqwil\n|move|p1b: Kleavor|X-Scissor|p2a: Audino\n|-damage|p2a: Audino|2/100\n|\n|-weather|none\n|-fieldend|move: Trick Room\n|upkeep\n|turn|6\n|\n|t:|1788274118\n|move|p1b: Kleavor|Rock Slide|p2a: Audino|[spread] p2a,p2b\n|-damage|p2a: Audino|0 fnt\n|-damage|p2b: Overqwil|90/100\n|faint|p2a: Audino\n|move|p1a: Vileplume|Sleep Powder|p2b: Overqwil|[miss]\n|-miss|p1a: Vileplume|p2b: Overqwil\n|cant|p2b: Overqwil|flinch\n|\n|-heal|p2b: Overqwil|96/100|[from] item: Leftovers\n|upkeep\n|\n|t:|1788274137\n|switch|p2a: Malamar|Malamar, L50, M|40/100\n|-damage|p2a: Malamar|28/100|[from] Stealth Rock\n|turn|7\n|\n|t:|1788274150\n|move|p2a: Malamar|Memento|p1b: Kleavor\n|-unboost|p1b: Kleavor|atk|4\n|-unboost|p1b: Kleavor|spa|4\n|faint|p2a: Malamar\n|move|p1b: Kleavor|X-Scissor|p2b: Overqwil\n|-damage|p2b: Overqwil|92/100\n|move|p1a: Vileplume|Strength Sap|p2b: Overqwil\n|-unboost|p2b: Overqwil|atk|2\n|move|p2b: Overqwil|Swords Dance|p2b: Overqwil\n|-boost|p2b: Overqwil|atk|4\n|\n|-heal|p2b: Overqwil|98/100|[from] item: Leftovers\n|upkeep\n|\n|t:|1788274166\n|switch|p2a: Malamar|Malamar, L50, M|100/100\n|-damage|p2a: Malamar|87/100|[from] Stealth Rock\n|turn|8\n|\n|t:|1788274177\n|detailschange|p2a: Malamar|Malamar-Mega, L50, M\n|-mega|p2a: Malamar|Malamar|Malamarite\n|move|p1b: Kleavor|Stone Axe|p2a: Malamar\n|-damage|p2a: Malamar|77/100\n|move|p1a: Vileplume|Sleep Powder|p2b: Overqwil\n|-status|p2b: Overqwil|slp|[from] move: Sleep Powder\n|move|p2a: Malamar|Psych Up|p2b: Overqwil\n|-copyboost|p2a: Malamar|p2b: Overqwil|[from] move: Psych Up\n|cant|p2b: Overqwil|slp\n|\n|-heal|p2b: Overqwil|100/100 slp|[from] item: Leftovers\n|upkeep\n|turn|9\n|\n|t:|1788274197\n|switch|p1b: Torkoal|Torkoal, L50, M|100/100\n|-weather|SunnyDay|[from] ability: Drought|[of] p1b: Torkoal\n|move|p1a: Vileplume|Sleep Powder|p2a: Malamar|[miss]\n|-miss|p1a: Vileplume|p2a: Malamar\n|move|p2a: Malamar|Superpower|p1b: Torkoal\n|-damage|p1b: Torkoal|77/100\n|-boost|p2a: Malamar|atk|1\n|-boost|p2a: Malamar|def|1\n|cant|p2b: Overqwil|slp\n|\n|-weather|SunnyDay|[upkeep]\n|upkeep\n|turn|10\n|\n|t:|1788274218\n|switch|p1a: Kleavor|Kleavor, L50, M|100/100\n|move|p2a: Malamar|Superpower|p1b: Torkoal\n|-damage|p1b: Torkoal|46/100\n|-boost|p2a: Malamar|atk|1\n|-boost|p2a: Malamar|def|1\n|-curestatus|p2b: Overqwil|slp|[msg]\n|move|p2b: Overqwil|Throat Chop|p1b: Torkoal\n|-damage|p1b: Torkoal|20/100y\n|-start|p1b: Torkoal|Throat Chop|[silent]\n|move|p1b: Torkoal|Weather Ball|p2a: Malamar\n|-damage|p2a: Malamar|59/100\n|\n|-weather|SunnyDay|[upkeep]\n|upkeep\n|turn|11\n|inactive|ghjk09 has 30 seconds left.\n|inactive|ghjk09 has 20 seconds left.\n|\n|t:|1788274256\n|move|p1b: Torkoal|Helping Hand|p1a: Kleavor\n|-singleturn|p1a: Kleavor|Helping Hand|[of] p1b: Torkoal\n|move|p1a: Kleavor|X-Scissor|p2a: Malamar|[miss]\n|-miss|p1a: Kleavor|p2a: Malamar\n|move|p2a: Malamar|Superpower|p1a: Kleavor\n|-damage|p1a: Kleavor|25/100\n|-boost|p2a: Malamar|atk|1\n|move|p2b: Overqwil|Minimize|p2b: Overqwil\n|-boost|p2b: Overqwil|evasion|2\n|\n|-weather|SunnyDay|[upkeep]\n|-end|p1b: Torkoal|Throat Chop|[silent]\n|upkeep\n|turn|12\n|\n|t:|1788274274\n|move|p1b: Torkoal|Helping Hand|p1a: Kleavor\n|-singleturn|p1a: Kleavor|Helping Hand|[of] p1b: Torkoal\n|move|p1a: Kleavor|X-Scissor|p2a: Malamar\n|-supereffective|p2a: Malamar|2\n|-damage|p2a: Malamar|0 fnt\n|faint|p2a: Malamar\n|move|p2b: Overqwil|Throat Chop|p1b: Torkoal\n|-crit|p1b: Torkoal\n|-damage|p1b: Torkoal|0 fnt\n|faint|p1b: Torkoal\n|\n|-weather|SunnyDay|[upkeep]\n|upkeep\n|\n|t:|1788274284\n|switch|p1b: Houndoom|Houndoom, L50, M|100/100\n|turn|13\n|\n|t:|1788274292\n|detailschange|p1b: Houndoom|Houndoom-Mega, L50, M\n|-mega|p1b: Houndoom|Houndoom|Houndoominite\n|move|p1b: Houndoom|Flamethrower|p2b: Overqwil|[miss]\n|-miss|p1b: Houndoom|p2b: Overqwil\n|move|p1a: Kleavor|X-Scissor|p2b: Overqwil|[miss]\n|-miss|p1a: Kleavor|p2b: Overqwil\n|move|p2b: Overqwil|Throat Chop|p1b: Houndoom\n|-resisted|p1b: Houndoom|1\n|-damage|p1b: Houndoom|78/100\n|-start|p1b: Houndoom|Throat Chop|[silent]\n|\n|-weather|none\n|upkeep\n|turn|14\n|\n|t:|1788274311\n|move|p1b: Houndoom|Flamethrower|p2b: Overqwil|[miss]\n|-miss|p1b: Houndoom|p2b: Overqwil\n|move|p1a: Kleavor|X-Scissor|p2b: Overqwil|[miss]\n|-miss|p1a: Kleavor|p2b: Overqwil\n|move|p2b: Overqwil|Stockpile|p2b: Overqwil\n|-start|p2b: Overqwil|stockpile3\n|-boost|p2b: Overqwil|def|2\n|-boost|p2b: Overqwil|spd|2\n|\n|-end|p1b: Houndoom|Throat Chop|[silent]\n|upkeep\n|turn|15\n|\n|t:|1788274322\n|move|p1b: Houndoom|Flamethrower|p2b: Overqwil|[miss]\n|-miss|p1b: Houndoom|p2b: Overqwil\n|move|p1a: Kleavor|X-Scissor|p2b: Overqwil|[miss]\n|-miss|p1a: Kleavor|p2b: Overqwil\n|move|p2b: Overqwil|Swords Dance|p2b: Overqwil\n|-boost|p2b: Overqwil|atk|4\n|\n|upkeep\n|turn|16\n|\n|t:|1788274337\n|move|p1b: Houndoom|Flamethrower|p2b: Overqwil|[miss]\n|-miss|p1b: Houndoom|p2b: Overqwil\n|move|p1a: Kleavor|X-Scissor|p2b: Overqwil|[miss]\n|-miss|p1a: Kleavor|p2b: Overqwil\n|move|p2b: Overqwil|Throat Chop|p1b: Houndoom\n|-resisted|p1b: Houndoom|1\n|-damage|p1b: Houndoom|18/100\n|-start|p1b: Houndoom|Throat Chop|[silent]\n|\n|upkeep\n|turn|17\n|\n|t:|1788274347\n|move|p1b: Houndoom|Flamethrower|p2b: Overqwil\n|-damage|p2b: Overqwil|89/100\n|move|p1a: Kleavor|X-Scissor|p2b: Overqwil\n|-damage|p2b: Overqwil|72/100\n|move|p2b: Overqwil|Throat Chop|p1b: Houndoom\n|-resisted|p1b: Houndoom|1\n|-damage|p1b: Houndoom|0 fnt\n|faint|p1b: Houndoom\n|\n|-heal|p2b: Overqwil|79/100|[from] item: Leftovers\n|upkeep\n|\n|t:|1788274355\n|switch|p1b: Vileplume|Vileplume, L50, F|100/100\n|turn|18\n|\n|t:|1788274365\n|move|p1a: Kleavor|X-Scissor|p2b: Overqwil|[miss]\n|-miss|p1a: Kleavor|p2b: Overqwil\n|move|p1b: Vileplume|Sleep Powder|p2b: Overqwil|[miss]\n|-miss|p1b: Vileplume|p2b: Overqwil\n|move|p2b: Overqwil|Throat Chop|p1b: Vileplume\n|-damage|p1b: Vileplume|0 fnt\n|faint|p1b: Vileplume\n|\n|-heal|p2b: Overqwil|85/100|[from] item: Leftovers\n|upkeep\n|turn|19\n|\n|t:|1788274378\n|move|p1a: Kleavor|X-Scissor|p2b: Overqwil|[miss]\n|-miss|p1a: Kleavor|p2b: Overqwil\n|move|p2b: Overqwil|Throat Chop|p1a: Kleavor\n|-damage|p1a: Kleavor|0 fnt\n|faint|p1a: Kleavor\n|\n|win|ghjk09\n|raw|ssssdcfvgbxuvfg's rating: 1323 &rarr; <strong>1301</strong><br />(-22 for losing)\n|raw|ghjk09's rating: 1287 &rarr; <strong>1315</strong><br />(+28 for winning)\n|l|☆ssssdcfvgbxuvfg\n|player|p1|\n","uploadtime":1788274389,"views":"5","formatid":"gen9championsvgc2026regmb","rating":1301,"private":0,"password":null}