{"id":"gen9championsvgc2026regmb-2674419685","format":"[Gen 9 Champions] VGC 2026 Reg M-B","players":["On the wave now","JAR01"],"log":"|j|☆On the wave now\n|j|☆JAR01\n|t:|1788357576\n|gametype|doubles\n|player|p1|On the wave now|ruinmaniac|1531\n|player|p2|JAR01|drayden|1524\n|gen|9\n|tier|[Gen 9 Champions] VGC 2026 Reg M-B\n|rated|\n|rule|Species Clause: Limit one of each Pokémon\n|rule|Item Clause: Limit 1 of each item\n|clearpoke\n|poke|p1|Staraptor, L50, F|\n|poke|p1|Hippowdon, L50, F|\n|poke|p1|Glimmora, L50, M|\n|poke|p1|Gholdengo, L50|\n|poke|p1|Mimikyu, L50, M|\n|poke|p1|Tyrantrum, L50, M|\n|poke|p2|Raichu, L50, M|\n|poke|p2|Kingambit, L50, M|\n|poke|p2|Basculegion, L50, M|\n|poke|p2|Aerodactyl, L50, M|\n|poke|p2|Sneasler, L50, M|\n|poke|p2|Sylveon, L50, F|\n|teampreview|4\n|inactive|Battle timer is ON: inactive players will automatically lose when time's up. (requested by JAR01)\n|\n|t:|1788357608\n|teamsize|p1|4\n|teamsize|p2|4\n|start\n|switch|p1a: Glimmora|Glimmora, L50, M|100/100\n|switch|p1b: Tyrantrum|Tyrantrum, L50, M|100/100\n|switch|p2a: Raichu|Raichu, L50, M|100/100\n|switch|p2b: Basculegion|Basculegion, L50, M|100/100\n|turn|1\n|inactive|JAR01 has 30 seconds left.\n|\n|t:|1788357634\n|detailschange|p2a: Raichu|Raichu-Mega-Y, L50, M\n|-mega|p2a: Raichu|Raichu|Raichunite Y\n|move|p2a: Raichu|Fake Out|p1b: Tyrantrum\n|-resisted|p1b: Tyrantrum|1\n|-damage|p1b: Tyrantrum|95/100\n|move|p2b: Basculegion|Wave Crash|p1a: Glimmora\n|-supereffective|p1a: Glimmora|1\n|-enditem|p1a: Glimmora|Focus Sash\n|-damage|p1a: Glimmora|1/100\n|-activate|p1a: Glimmora|ability: Toxic Debris\n|-sidestart|p2: JAR01|move: Toxic Spikes\n|-damage|p2b: Basculegion|73/100|[from] Recoil\n|cant|p1b: Tyrantrum|flinch\n|move|p1a: Glimmora|Mortal Spin|p2b: Basculegion|[spread] p2a,p2b\n|-resisted|p2b: Basculegion|1\n|-damage|p2a: Raichu|92/100\n|-damage|p2b: Basculegion|71/100\n|-status|p2a: Raichu|psn\n|-status|p2b: Basculegion|psn\n|\n|-damage|p2b: Basculegion|58/100 psn|[from] psn\n|-damage|p2a: Raichu|80/100 psn|[from] psn\n|upkeep\n|turn|2\n|\n|t:|1788357654\n|switch|p1b: Staraptor|Staraptor, L50, F|100/100\n|-ability|p1b: Staraptor|Intimidate|boost\n|-unboost|p2a: Raichu|atk|1\n|-unboost|p2b: Basculegion|atk|1\n|move|p1a: Glimmora|Spiky Shield|p1a: Glimmora\n|-singleturn|p1a: Glimmora|move: Protect\n|move|p2b: Basculegion|Wave Crash|p1a: Glimmora\n|-activate|p1a: Glimmora|move: Protect\n|-damage|p2b: Basculegion|46/100 psn|[from] Spiky Shield|[of] p1a: Glimmora\n|move|p2a: Raichu|Focus Blast|p1b: Staraptor\n|-damage|p1b: Staraptor|42/100\n|\n|-damage|p2b: Basculegion|34/100 psn|[from] psn\n|-damage|p2a: Raichu|68/100 psn|[from] psn\n|upkeep\n|turn|3\n|\n|t:|1788357673\n|switch|p1b: Hippowdon|Hippowdon, L50, F|100/100\n|-weather|Sandstorm|[from] ability: Sand Stream|[of] p1b: Hippowdon\n|move|p2b: Basculegion|Wave Crash|p1a: Glimmora\n|-supereffective|p1a: Glimmora|1\n|-damage|p1a: Glimmora|0 fnt\n|-activate|p1a: Glimmora|ability: Toxic Debris\n|-sidestart|p2: JAR01|move: Toxic Spikes\n|faint|p1a: Glimmora\n|-damage|p2b: Basculegion|33/100 psn|[from] Recoil\n|move|p2a: Raichu|Zap Cannon|p1b: Hippowdon\n|-immune|p1b: Hippowdon\n|\n|-weather|Sandstorm|[upkeep]\n|-damage|p2b: Basculegion|27/100 psn|[from] Sandstorm\n|-damage|p2a: Raichu|62/100 psn|[from] Sandstorm\n|-damage|p2b: Basculegion|15/100 psn|[from] psn\n|-damage|p2a: Raichu|50/100g psn|[from] psn\n|upkeep\n|\n|t:|1788357676\n|switch|p1a: Tyrantrum|Tyrantrum, L50, M|95/100\n|turn|4\n|\n|t:|1788357685\n|switch|p2b: Sneasler|Sneasler, L50, M|100/100\n|-sideend|p2: JAR01|move: Toxic Spikes|[of] p2b: Sneasler\n|move|p1a: Tyrantrum|Rock Slide|p2b: Sneasler|[spread] p2a,p2b\n|-resisted|p2b: Sneasler|1\n|-damage|p2a: Raichu|8/100 psn\n|-damage|p2b: Sneasler|76/100\n|cant|p2a: Raichu|flinch\n|move|p1b: Hippowdon|High Horsepower|p2a: Raichu\n|-supereffective|p2a: Raichu|1\n|-damage|p2a: Raichu|0 fnt\n|faint|p2a: Raichu\n|\n|-weather|Sandstorm|[upkeep]\n|-damage|p2b: Sneasler|70/100|[from] Sandstorm\n|upkeep\n|\n|t:|1788357698\n|switch|p2a: Basculegion|Basculegion, L50, M|15/100 psn\n|turn|5\n|\n|t:|1788357712\n|move|p2b: Sneasler|Fake Out|p1a: Tyrantrum\n|-resisted|p1a: Tyrantrum|1\n|-damage|p1a: Tyrantrum|89/100\n|move|p2a: Basculegion|Wave Crash|p1b: Hippowdon\n|-supereffective|p1b: Hippowdon|1\n|-damage|p1b: Hippowdon|6/100\n|-enditem|p1b: Hippowdon|Sitrus Berry|[eat]\n|-heal|p1b: Hippowdon|31/100|[from] item: Sitrus Berry\n|-damage|p2a: Basculegion|0 fnt|[from] Recoil\n|faint|p2a: Basculegion\n|cant|p1a: Tyrantrum|flinch\n|move|p1b: Hippowdon|High Horsepower|p2b: Sneasler\n|-supereffective|p2b: Sneasler|1\n|-damage|p2b: Sneasler|0 fnt\n|faint|p2b: Sneasler\n|\n|-weather|Sandstorm|[upkeep]\n|upkeep\n|\n|t:|1788357718\n|switch|p2b: Kingambit|Kingambit, L50, M|100/100\n|turn|6\n|\n|t:|1788357734\n|move|p2b: Kingambit|Sucker Punch||[still]\n|-fail|p2b: Kingambit\n|move|p1a: Tyrantrum|Rock Slide|p2b: Kingambit\n|-resisted|p2b: Kingambit|1\n|-damage|p2b: Kingambit|86/100\n|move|p1b: Hippowdon|Slack Off|p1b: Hippowdon\n|-heal|p1b: Hippowdon|81/100\n|\n|-weather|Sandstorm|[upkeep]\n|upkeep\n|turn|7\n|\n|t:|1788357742\n|move|p1a: Tyrantrum|Rock Slide|p2b: Kingambit\n|-resisted|p2b: Kingambit|1\n|-damage|p2b: Kingambit|72/100\n|move|p2b: Kingambit|Low Kick|p1a: Tyrantrum\n|-supereffective|p1a: Tyrantrum|1\n|-damage|p1a: Tyrantrum|0 fnt\n|faint|p1a: Tyrantrum\n|-damage|p2b: Kingambit|62/100|[from] item: Life Orb\n|move|p1b: Hippowdon|High Horsepower|p2b: Kingambit\n|-supereffective|p2b: Kingambit|1\n|-damage|p2b: Kingambit|0 fnt\n|faint|p2b: Kingambit\n|\n|win|On the wave now\n|raw|On the wave now's rating: 1531 &rarr; <strong>1551</strong><br />(+20 for winning)\n|raw|JAR01's rating: 1524 &rarr; <strong>1504</strong><br />(-20 for losing)\n|l|☆JAR01\n|player|p2|\n","uploadtime":1788357777,"views":"0","formatid":"gen9championsvgc2026regmb","rating":1504,"private":0,"password":null}