{"id":"gen9championsvgc2026regmbbo3-2674876462","format":"[Gen 9 Champions] VGC 2026 Reg M-B (Bo3)","players":["Pawah","erilover1"],"log":"|j|☆Pawah\n|j|☆erilover1\n|html|<table width=\"100%\"><tr><td align=\"left\">Pawah</td><td align=\"right\">erilover1</tr><tr><td align=\"left\"><i class=\"fa fa-circle-o\"></i> <i class=\"fa fa-circle-o\"></i> </td><td align=\"right\"><i class=\"fa fa-circle-o\"></i> <i class=\"fa fa-circle-o\"></i> </tr></table>\n|uhtml|bestof|<h2><strong>Game 1</strong> of <a href=\"/game-bestof3-gen9championsvgc2026regmbbo3-2674876461\">a best-of-3</a></h2>\n|t:|1788427048\n|gametype|doubles\n|player|p1|Pawah|ethan|1302\n|player|p2|erilover1|102|1239\n|gen|9\n|tier|[Gen 9 Champions] VGC 2026 Reg M-B (Bo3)\n|rated|\n|rule|Species Clause: Limit one of each Pokémon\n|rule|Item Clause: Limit 1 of each item\n|clearpoke\n|poke|p1|Staraptor, L50, M|\n|poke|p1|Milotic, L50, F|\n|poke|p1|Tyranitar, L50, M|\n|poke|p1|Gholdengo, L50|\n|poke|p1|Excadrill, L50, M|\n|poke|p1|Sinistcha, L50|\n|poke|p2|Blaziken, L50, M|\n|poke|p2|Kingambit, L50, M|\n|poke|p2|Raichu, L50, F|\n|poke|p2|Sylveon, L50, M|\n|poke|p2|Mamoswine, L50, F|\n|poke|p2|Sinistcha, L50|\n|teampreview|4\n|showteam|p1|Staraptor||Staraptite|Intimidate|BraveBird,CloseCombat,Tailwind,Protect|Jolly||M|||50|]Milotic||SitrusBerry|Competitive|Scald,IceBeam,IcyWind,Recover|Modest||F|||50|]Tyranitar||Tyranitarite|SandStream|RockSlide,KnockOff,LowKick,Protect|Adamant||M|||50|]Gholdengo||LifeOrb|GoodasGold|ShadowBall,MakeItRain,NastyPlot,Protect|Modest|||||50|]Excadrill||FocusSash|SandRush|HighHorsepower,IronHead,RockSlide,Protect|Adamant||M|||50|]Sinistcha||ColburBerry|Hospitality|MatchaGotcha,RagePowder,TrickRoom,Protect|Bold|||||50|\n|showteam|p2|Blaziken||Blazikenite|SpeedBoost|CloseCombat,FlareBlitz,RockSlide,Detect|Adamant||M|||50|]Kingambit||LifeOrb|Defiant|IronHead,KowtowCleave,SuckerPunch,Protect|Adamant||M|||50|]Raichu||RaichuniteY|Static|FakeOut,ZapCannon,Protect,FocusBlast|Timid||F|||50|]Sylveon||FairyFeather|Pixilate|HyperVoice,HyperBeam,QuickAttack,Detect|Modest||M|||50|]Mamoswine||FocusSash|Oblivious|IcicleCrash,Protect,HighHorsepower,IceShard|Adamant||F|||50|]Sinistcha||OccaBerry|Hospitality|RagePowder,MatchaGotcha,LifeDew,TrickRoom|Calm|||||50|\n|inactive|Battle timer is ON: inactive players will automatically lose when time's up. (requested by Pawah)\n|inactive|Pawah has 60 seconds left.\n|inactive|erilover1 has 60 seconds left.\n|\n|t:|1788427104\n|teamsize|p1|4\n|teamsize|p2|4\n|start\n|switch|p1a: Gholdengo|Gholdengo, L50|100/100\n|switch|p1b: Excadrill|Excadrill, L50, M|100/100\n|switch|p2a: Raichu|Raichu, L50, F|100/100\n|switch|p2b: Sinistcha|Sinistcha, L50|100/100\n|turn|1\n|\n|t:|1788427121\n|switch|p1b: Sinistcha|Sinistcha, L50|100/100\n|detailschange|p2a: Raichu|Raichu-Mega-Y, L50, F\n|-mega|p2a: Raichu|Raichu|Raichunite Y\n|move|p2b: Sinistcha|Rage Powder|p2b: Sinistcha\n|-singleturn|p2b: Sinistcha|move: Rage Powder\n|move|p2a: Raichu|Zap Cannon|p1a: Gholdengo\n|-damage|p1a: Gholdengo|25/100\n|-status|p1a: Gholdengo|par\n|move|p1a: Gholdengo|Nasty Plot|p1a: Gholdengo\n|-boost|p1a: Gholdengo|spa|2\n|\n|upkeep\n|turn|2\n|\n|t:|1788427144\n|switch|p2b: Kingambit|Kingambit, L50, M|100/100\n|move|p1b: Sinistcha|Rage Powder|p1b: Sinistcha\n|-singleturn|p1b: Sinistcha|move: Rage Powder\n|move|p2a: Raichu|Zap Cannon|p1b: Sinistcha\n|-resisted|p1b: Sinistcha|1\n|-damage|p1b: Sinistcha|71/100\n|-status|p1b: Sinistcha|par\n|move|p1a: Gholdengo|Make It Rain|p2b: Kingambit|[spread] p2a\n|-miss|p1a: Gholdengo|p2b: Kingambit\n|-resisted|p2a: Raichu|1\n|-damage|p2a: Raichu|22/100\n|-unboost|p1a: Gholdengo|spa|2\n|-damage|p1a: Gholdengo|16/100 par|[from] item: Life Orb\n|\n|upkeep\n|turn|3\n|\n|t:|1788427161\n|move|p1a: Gholdengo|Protect|p1a: Gholdengo\n|-singleturn|p1a: Gholdengo|Protect\n|move|p2a: Raichu|Zap Cannon|p1a: Gholdengo\n|-activate|p1a: Gholdengo|move: Protect\n|move|p2b: Kingambit|Kowtow Cleave|p1a: Gholdengo\n|-activate|p1a: Gholdengo|move: Protect\n|move|p1b: Sinistcha|Matcha Gotcha|p2b: Kingambit|[spread] p2a,p2b\n|-resisted|p2b: Kingambit|1\n|-damage|p2a: Raichu|0 fnt\n|-heal|p1b: Sinistcha|82/100 par|[from] drain|[of] p2a: Raichu\n|-damage|p2b: Kingambit|88/100\n|-heal|p1b: Sinistcha|89/100 par|[from] drain|[of] p2b: Kingambit\n|faint|p2a: Raichu\n|\n|upkeep\n|\n|t:|1788427167\n|switch|p2a: Mamoswine|Mamoswine, L50, F|100/100\n|turn|4\n|\n|t:|1788427184\n|switch|p1a: Excadrill|Excadrill, L50, M|100/100\n|move|p2b: Kingambit|Protect|p2b: Kingambit\n|-singleturn|p2b: Kingambit|Protect\n|move|p2a: Mamoswine|Icicle Crash|p1b: Sinistcha\n|-supereffective|p1b: Sinistcha|1\n|-damage|p1b: Sinistcha|8/100 par\n|move|p1b: Sinistcha|Matcha Gotcha|p2b: Kingambit|[spread] p2a\n|-activate|p2b: Kingambit|move: Protect\n|-supereffective|p2a: Mamoswine|1\n|-damage|p2a: Mamoswine|35/100\n|-heal|p1b: Sinistcha|42/100 par|[from] drain|[of] p2a: Mamoswine\n|\n|upkeep\n|turn|5\n|\n|t:|1788427207\n|switch|p1b: Tyranitar|Tyranitar, L50, M|100/100\n|-weather|Sandstorm|[from] ability: Sand Stream|[of] p1b: Tyranitar\n|move|p1a: Excadrill|High Horsepower|p2b: Kingambit\n|-supereffective|p2b: Kingambit|1\n|-damage|p2b: Kingambit|1/100\n|move|p2a: Mamoswine|Icicle Crash|p1b: Tyranitar\n|-damage|p1b: Tyranitar|60/100\n|move|p2b: Kingambit|Kowtow Cleave|p1a: Excadrill\n|-damage|p1a: Excadrill|5/100\n|-damage|p2b: Kingambit|0 fnt|[from] item: Life Orb\n|faint|p2b: Kingambit\n|\n|-weather|Sandstorm|[upkeep]\n|upkeep\n|\n|t:|1788427219\n|switch|p2b: Sinistcha|Sinistcha, L50|100/100\n|-heal|p2a: Mamoswine|60/100|[from] ability: Hospitality|[of] p2b: Sinistcha\n|turn|6\n|\n|t:|1788427227\n|detailschange|p1b: Tyranitar|Tyranitar-Mega, L50, M\n|-mega|p1b: Tyranitar|Tyranitar|Tyranitarite\n|move|p2a: Mamoswine|Protect|p2a: Mamoswine\n|-singleturn|p2a: Mamoswine|Protect\n|move|p1a: Excadrill|Rock Slide|p2a: Mamoswine|[spread] \n|-activate|p2a: Mamoswine|move: Protect\n|-miss|p1a: Excadrill|p2b: Sinistcha\n|move|p1b: Tyranitar|Rock Slide|p2a: Mamoswine|[spread] p2b\n|-activate|p2a: Mamoswine|move: Protect\n|-damage|p2b: Sinistcha|65/100\n|move|p2b: Sinistcha|Matcha Gotcha|p1a: Excadrill|[spread] p1a,p1b\n|-crit|p1a: Excadrill\n|-supereffective|p1b: Tyranitar|1\n|-damage|p1a: Excadrill|0 fnt\n|-heal|p2b: Sinistcha|68/100|[from] drain|[of] p1a: Excadrill\n|-damage|p1b: Tyranitar|34/100\n|-heal|p2b: Sinistcha|82/100|[from] drain|[of] p1b: Tyranitar\n|faint|p1a: Excadrill\n|\n|-weather|Sandstorm|[upkeep]\n|-damage|p2b: Sinistcha|76/100|[from] Sandstorm\n|upkeep\n|\n|t:|1788427241\n|switch|p1a: Sinistcha|Sinistcha, L50|42/100 par\n|-heal|p1b: Tyranitar|59/100|[from] ability: Hospitality|[of] p1a: Sinistcha\n|turn|7\n|\n|t:|1788427258\n|move|p2a: Mamoswine|Icicle Crash|p1a: Sinistcha\n|-supereffective|p1a: Sinistcha|1\n|-damage|p1a: Sinistcha|0 fnt\n|faint|p1a: Sinistcha\n|move|p1b: Tyranitar|Rock Slide|p2b: Sinistcha|[spread] p2a,p2b\n|-damage|p2a: Mamoswine|18/100\n|-damage|p2b: Sinistcha|43/100\n|move|p2b: Sinistcha|Matcha Gotcha|p1b: Tyranitar\n|-supereffective|p1b: Tyranitar|1\n|-damage|p1b: Tyranitar|19/100\n|-heal|p2b: Sinistcha|65/100|[from] drain|[of] p1b: Tyranitar\n|-status|p1b: Tyranitar|brn\n|\n|-weather|Sandstorm|[upkeep]\n|-damage|p2b: Sinistcha|59/100|[from] Sandstorm\n|-damage|p1b: Tyranitar|13/100 brn|[from] brn\n|upkeep\n|\n|t:|1788427266\n|switch|p1a: Gholdengo|Gholdengo, L50|16/100 par\n|turn|8\n|\n|t:|1788427282\n|move|p2a: Mamoswine|Ice Shard|p1a: Gholdengo\n|-resisted|p1a: Gholdengo|1\n|-damage|p1a: Gholdengo|3/100 par\n|move|p1b: Tyranitar|Rock Slide|p2b: Sinistcha|[spread] p2a,p2b\n|-damage|p2a: Mamoswine|0 fnt\n|-damage|p2b: Sinistcha|44/100\n|faint|p2a: Mamoswine\n|move|p2b: Sinistcha|Matcha Gotcha|p1b: Tyranitar|[spread] p1a,p1b\n|-resisted|p1a: Gholdengo|1\n|-crit|p1a: Gholdengo\n|-supereffective|p1b: Tyranitar|1\n|-damage|p1a: Gholdengo|0 fnt\n|-heal|p2b: Sinistcha|46/100|[from] drain|[of] p1a: Gholdengo\n|-damage|p1b: Tyranitar|0 fnt\n|-heal|p2b: Sinistcha|53/100|[from] drain|[of] p1b: Tyranitar\n|faint|p1a: Gholdengo\n|faint|p1b: Tyranitar\n|\n|win|erilover1\n","uploadtime":1788427283,"views":"1","formatid":"gen9championsvgc2026regmbbo3","rating":null,"private":0,"password":null}