{"id":"gen9championsvgc2026regmbbo3-2674646809","format":"[Gen 9 Champions] VGC 2026 Reg M-B (Bo3)","players":["eldanger10","MessyBench"],"log":"|j|☆eldanger10\n|j|☆MessyBench\n|html|<table width=\"100%\"><tr><td align=\"left\">eldanger10</td><td align=\"right\">MessyBench</tr><tr><td align=\"left\"><i class=\"fa fa-circle-o\"></i> <i class=\"fa fa-circle-o\"></i> </td><td align=\"right\"><i class=\"fa fa-circle-o\"></i> <i class=\"fa fa-circle-o\"></i> </tr></table>\n|uhtml|bestof|<h2><strong>Game 1</strong> of <a href=\"/game-bestof3-gen9championsvgc2026regmbbo3-2674646808\">a best-of-3</a></h2>\n|t:|1788384661\n|gametype|doubles\n|player|p1|eldanger10|266|1216\n|player|p2|MessyBench|265|1237\n|gen|9\n|tier|[Gen 9 Champions] VGC 2026 Reg M-B (Bo3)\n|rated|\n|rule|Species Clause: Limit one of each Pokémon\n|rule|Item Clause: Limit 1 of each item\n|clearpoke\n|poke|p1|Scovillain, L50, M, shiny|\n|poke|p1|Basculegion, L50, M|\n|poke|p1|Kingambit, L50, F|\n|poke|p1|Sneasler, L50, M|\n|poke|p1|Lycanroc-Dusk, L50, F|\n|poke|p1|Froslass, L50, F|\n|poke|p2|Hawlucha, L50, M|\n|poke|p2|Vanilluxe, L50, M|\n|poke|p2|Milotic, L50, M|\n|poke|p2|Raichu, L50, M|\n|poke|p2|Farigiraf, L50, M|\n|poke|p2|Scizor, L50, F|\n|teampreview|4\n|showteam|p1|Scovillain||Scovillainite|Moody|GigaDrain,Overheat,RagePowder,Protect|Bold||M|||50|]Basculegion||LifeOrb|Adaptability|WaveCrash,LastRespects,AquaJet,Protect|Adamant||M|||50|]Kingambit||BlackGlasses|Defiant|KowtowCleave,SuckerPunch,SwordsDance,Protect|Adamant||F|||50|]Sneasler||WhiteHerb|Unburden|CloseCombat,DireClaw,Protect,FakeOut|Adamant||M|||50|]Lycanroc-Dusk||FocusSash|ToughClaws|CloseCombat,Accelerock,RockSlide,Protect|Adamant||F|||50|]Froslass||Froslassite|CursedBody|Blizzard,ShadowBall,AuroraVeil,Protect|Timid||F|||50|\n|showteam|p2|Hawlucha||Hawluchanite|Limber|CloseCombat,StoneEdge,Protect,Entrainment|Jolly||M|||50|]Vanilluxe||ChoiceScarf|SnowWarning|Blizzard,IcyWind,FreezeDry,SheerCold|Modest||M|||50|]Milotic||Leftovers|Competitive|MuddyWater,IcyWind,Coil,Protect|Calm||M|||50|]Raichu||RaichuniteY|LightningRod|ZapCannon,FocusBlast,Protect,FakeOut|Timid||M|||50|]Farigiraf||ColburBerry|ArmorTail|Protect,TrickRoom,TwinBeam,Thunderbolt|Modest||M|||50|]Scizor||LifeOrb|Technician|BulletPunch,Protect,BugBite,CloseCombat|Adamant||F|||50|\n|\n|t:|1788384727\n|teamsize|p1|4\n|teamsize|p2|4\n|start\n|switch|p1a: Kids|Kingambit, L50, F|100/100\n|switch|p1b: John Dogs|Scovillain, L50, M, shiny|100/100\n|switch|p2a: Hawlucha|Hawlucha, L50, M|100/100\n|switch|p2b: Farigiraf|Farigiraf, L50, M|100/100\n|turn|1\n|\n|t:|1788384748\n|detailschange|p2a: Hawlucha|Hawlucha-Mega, L50, M\n|-mega|p2a: Hawlucha|Hawlucha|Hawluchanite\n|detailschange|p1b: John Dogs|Scovillain-Mega, L50, M, shiny\n|-mega|p1b: John Dogs|Scovillain|Scovillainite\n|move|p1b: John Dogs|Rage Powder|p1b: John Dogs\n|-singleturn|p1b: John Dogs|move: Rage Powder\n|move|p2a: Hawlucha|Stone Edge|p1b: John Dogs\n|-supereffective|p1b: John Dogs|1\n|-crit|p1b: John Dogs\n|-damage|p1b: John Dogs|0 fnt\n|-status|p2a: Hawlucha|brn|[from] ability: Spicy Spray|[of] p1b: John Dogs\n|faint|p1b: John Dogs\n|move|p2b: Farigiraf|Twin Beam|p1a: Kids\n|-immune|p1a: Kids\n|move|p1a: Kids|Swords Dance|p1a: Kids\n|-boost|p1a: Kids|atk|2\n|\n|-damage|p2a: Hawlucha|94/100 brn|[from] brn\n|upkeep\n|\n|t:|1788384769\n|switch|p1b: SlycedBread|Basculegion, L50, M|100/100\n|turn|2\n|\n|t:|1788384776\n|move|p2b: Farigiraf|Protect|p2b: Farigiraf\n|-singleturn|p2b: Farigiraf|Protect\n|move|p1a: Kids|Protect|p1a: Kids\n|-singleturn|p1a: Kids|Protect\n|move|p2a: Hawlucha|Close Combat|p1a: Kids\n|-activate|p1a: Kids|move: Protect\n|move|p1b: SlycedBread|Wave Crash|p2a: Hawlucha\n|-damage|p2a: Hawlucha|0 fnt\n|faint|p2a: Hawlucha\n|-damage|p1b: SlycedBread|75/100|[from] Recoil\n|-damage|p1b: SlycedBread|66/100|[from] item: Life Orb\n|\n|upkeep\n|\n|t:|1788384781\n|switch|p2a: Scizor|Scizor, L50, F|100/100\n|turn|3\n|\n|t:|1788384841\n|switch|p1a: DDee|Lycanroc-Dusk, L50, F|100/100\n|move|p1b: SlycedBread|Last Respects|p2a: Scizor\n|-damage|p2a: Scizor|14/100\n|-damage|p1b: SlycedBread|56/100|[from] item: Life Orb\n|move|p2a: Scizor|Close Combat|p1a: DDee\n|-supereffective|p1a: DDee|1\n|-enditem|p1a: DDee|Focus Sash\n|-damage|p1a: DDee|1/100\n|-unboost|p2a: Scizor|def|1\n|-unboost|p2a: Scizor|spd|1\n|-damage|p2a: Scizor|5/100|[from] item: Life Orb\n|move|p2b: Farigiraf|Thunderbolt|p1b: SlycedBread\n|-supereffective|p1b: SlycedBread|1\n|-damage|p1b: SlycedBread|0 fnt\n|faint|p1b: SlycedBread\n|\n|upkeep\n|\n|t:|1788384854\n|switch|p1b: Kids|Kingambit, L50, F|100/100\n|turn|4\n|\n|t:|1788384866\n|move|p2b: Farigiraf|Protect|p2b: Farigiraf\n|-singleturn|p2b: Farigiraf|Protect\n|move|p2a: Scizor|Bullet Punch|p1a: DDee\n|-supereffective|p1a: DDee|1\n|-damage|p1a: DDee|0 fnt\n|faint|p1a: DDee\n|-damage|p2a: Scizor|0 fnt|[from] item: Life Orb\n|faint|p2a: Scizor\n|move|p1b: Kids|Kowtow Cleave|p2b: Farigiraf\n|-activate|p2b: Farigiraf|move: Protect\n|\n|upkeep\n|\n|t:|1788384872\n|switch|p2a: Vanilluxe|Vanilluxe, L50, M|100/100\n|-weather|Snowscape|[from] ability: Snow Warning|[of] p2a: Vanilluxe\n|turn|5\n|\n|t:|1788384893\n|move|p1b: Kids|Protect|p1b: Kids\n|-singleturn|p1b: Kids|Protect\n|move|p2a: Vanilluxe|Blizzard|p1b: Kids\n|-activate|p1b: Kids|move: Protect\n|move|p2b: Farigiraf|Thunderbolt|p1b: Kids\n|-activate|p1b: Kids|move: Protect\n|\n|-weather|Snowscape|[upkeep]\n|upkeep\n|turn|6\n|\n|t:|1788384906\n|move|p2a: Vanilluxe|Blizzard|p1b: Kids\n|-resisted|p1b: Kids|1\n|-damage|p1b: Kids|71/100\n|-status|p1b: Kids|frz\n|move|p2b: Farigiraf|Thunderbolt|p1b: Kids\n|-damage|p1b: Kids|42/100 frz\n|cant|p1b: Kids|frz\n|\n|-weather|Snowscape|[upkeep]\n|upkeep\n|turn|7\n|\n|t:|1788384916\n|move|p2a: Vanilluxe|Blizzard|p1b: Kids\n|-resisted|p1b: Kids|1\n|-damage|p1b: Kids|17/100 frz\n|move|p2b: Farigiraf|Thunderbolt|p1b: Kids\n|-damage|p1b: Kids|0 fnt\n|faint|p1b: Kids\n|\n|win|MessyBench\n||MessyBench is ready for game 2.\n","uploadtime":1788384920,"views":"4","formatid":"gen9championsvgc2026regmbbo3","rating":null,"private":0,"password":null}