{"id":"gen9championsvgc2026regmbbo3-2674665203","format":"[Gen 9 Champions] VGC 2026 Reg M-B (Bo3)","players":["ilykuronaa","kevonu"],"log":"|j|☆ilykuronaa\n|j|☆kevonu\n|html|<table width=\"100%\"><tr><td align=\"left\">ilykuronaa</td><td align=\"right\">kevonu</tr><tr><td align=\"left\"><i class=\"fa fa-circle-o\"></i> <i class=\"fa fa-circle-o\"></i> </td><td align=\"right\"><i class=\"fa fa-circle-o\"></i> <i class=\"fa fa-circle-o\"></i> </tr></table>\n|uhtml|bestof|<h2><strong>Game 1</strong> of <a href=\"/game-bestof3-gen9championsvgc2026regmbbo3-2674665202\">a best-of-3</a></h2>\n|t:|1788387260\n|gametype|doubles\n|player|p1|ilykuronaa|169|1111\n|player|p2|kevonu|1|1088\n|gen|9\n|tier|[Gen 9 Champions] VGC 2026 Reg M-B (Bo3)\n|rated|\n|rule|Species Clause: Limit one of each Pokémon\n|rule|Item Clause: Limit 1 of each item\n|clearpoke\n|poke|p1|Floette-Eternal, L50, F|\n|poke|p1|Basculegion, L50, M|\n|poke|p1|Kingambit, L50, F|\n|poke|p1|Dragonite, L50, F|\n|poke|p1|Garchomp, L50, F|\n|poke|p1|Sneasler, L50, M|\n|poke|p2|Tyranitar, L50, M|\n|poke|p2|Excadrill, L50, F|\n|poke|p2|Milotic, L50, M|\n|poke|p2|Sinistcha, L50|\n|poke|p2|Staraptor, L50, F|\n|poke|p2|Gholdengo, L50|\n|teampreview|4\n|showteam|p1|Floette-Eternal||Floettite|FlowerVeil|Moonblast,DazzlingGleam,LightofRuin,Protect|Timid||F|||50|]Basculegion||LifeOrb|Adaptability|WaveCrash,LastRespects,AquaJet,Protect|Adamant||M|||50|]Kingambit||ChopleBerry|Defiant|SuckerPunch,KowtowCleave,LowKick,IronHead|Adamant||F|||50|]Dragonite||Dragoninite|Multiscale|DragonPulse,HeatWave,ExtremeSpeed,Protect|Modest||F|||50|]Garchomp||ChoiceScarf|RoughSkin|DragonClaw,StompingTantrum,Earthquake,RockSlide|Jolly||F|||50|]Sneasler||FocusSash|Unburden|CloseCombat,DireClaw,FakeOut,Feint|Adamant||M|||50|\n|showteam|p2|Tyranitar||Tyranitarite|SandStream|KnockOff,RockSlide,HighHorsepower,Protect|Jolly||M|||50|]Excadrill||FocusSash|SandRush|Earthquake,IronHead,RockSlide,Protect|Adamant||F|||50|]Milotic||SitrusBerry|Competitive|Scald,IcyWind,Haze,Protect|Calm||M|||50|]Sinistcha||ColburBerry|Hospitality|MatchaGotcha,ShadowBall,Protect,RagePowder|Bold|||||50|]Staraptor||Staraptite|Intimidate|CloseCombat,BraveBird,Tailwind,Protect|Jolly||F|||50|]Gholdengo||LifeOrb|GoodasGold|MakeItRain,ShadowBall,NastyPlot,Protect|Modest|||||50|\n|inactive|Battle timer is ON: inactive players will automatically lose when time's up. (requested by kevonu)\n|inactive|ilykuronaa has 60 seconds left.\n|inactive|kevonu has 60 seconds left.\n|inactive|ilykuronaa has 30 seconds left.\n|\n|t:|1788387331\n|teamsize|p1|4\n|teamsize|p2|4\n|start\n|switch|p1a: Dragonite|Dragonite, L50, F|100/100\n|switch|p1b: Garchomp|Garchomp, L50, F|100/100\n|switch|p2a: Tyranitar|Tyranitar, L50, M|100/100\n|switch|p2b: Staraptor|Staraptor, L50, F|100/100\n|-ability|p2b: Staraptor|Intimidate|boost\n|-unboost|p1a: Dragonite|atk|1\n|-unboost|p1b: Garchomp|atk|1\n|-weather|Sandstorm|[from] ability: Sand Stream|[of] p2a: Tyranitar\n|turn|1\n|inactive|ilykuronaa has 30 seconds left.\n|\n|t:|1788387360\n|detailschange|p1a: Dragonite|Dragonite-Mega, L50, F\n|-mega|p1a: Dragonite|Dragonite|Dragoninite\n|detailschange|p2a: Tyranitar|Tyranitar-Mega, L50, M\n|-mega|p2a: Tyranitar|Tyranitar|Tyranitarite\n|move|p1b: Garchomp|Earthquake|p2a: Tyranitar|[spread] p2a\n|-immune|p1a: Dragonite\n|-immune|p2b: Staraptor\n|-supereffective|p2a: Tyranitar|1\n|-damage|p2a: Tyranitar|64/100\n|move|p2b: Staraptor|Tailwind|p2b: Staraptor\n|-sidestart|p2: kevonu|move: Tailwind\n|move|p2a: Tyranitar|High Horsepower|p1b: Garchomp\n|-damage|p1b: Garchomp|61/100\n|-damage|p2a: Tyranitar|52/100|[from] ability: Rough Skin|[of] p1b: Garchomp\n|move|p1a: Dragonite|Dragon Pulse|p2b: Staraptor\n|-damage|p2b: Staraptor|30/100\n|\n|-weather|Sandstorm|[upkeep]\n|-damage|p2b: Staraptor|24/100|[from] Sandstorm\n|-damage|p1a: Dragonite|94/100|[from] Sandstorm\n|upkeep\n|turn|2\n|inactive|kevonu has 30 seconds left.\n|\n|t:|1788387388\n|move|p1a: Dragonite|Extreme Speed|p2b: Staraptor\n|-damage|p2b: Staraptor|7/100\n|move|p2b: Staraptor|Brave Bird|p1a: Dragonite\n|-damage|p1a: Dragonite|45/100\n|-damage|p2b: Staraptor|0 fnt|[from] Recoil\n|faint|p2b: Staraptor\n|move|p2a: Tyranitar|Rock Slide|p1b: Garchomp|[spread] p1a,p1b\n|-supereffective|p1a: Dragonite|1\n|-resisted|p1b: Garchomp|1\n|-damage|p1a: Dragonite|0 fnt\n|-damage|p1b: Garchomp|45/100\n|faint|p1a: Dragonite\n|move|p1b: Garchomp|Earthquake|p2a: Tyranitar\n|-supereffective|p2a: Tyranitar|1\n|-damage|p2a: Tyranitar|2/100\n|\n|-weather|Sandstorm|[upkeep]\n|upkeep\n|\n|t:|1788387405\n|switch|p2b: Excadrill|Excadrill, L50, F|100/100\n|switch|p1a: Floette|Floette-Eternal, L50, F|100/100\n|turn|3\n|\n|t:|1788387421\n|move|p1a: Floette|Protect|p1a: Floette\n|-singleturn|p1a: Floette|Protect\n|move|p2b: Excadrill|Rock Slide|p1a: Floette|[spread] p1b\n|-activate|p1a: Floette|move: Protect\n|-resisted|p1b: Garchomp|1\n|-damage|p1b: Garchomp|34/100\n|move|p2a: Tyranitar|Rock Slide|p1b: Garchomp|[spread] p1b\n|-activate|p1a: Floette|move: Protect\n|-resisted|p1b: Garchomp|1\n|-damage|p1b: Garchomp|18/100\n|move|p1b: Garchomp|Earthquake|p2a: Tyranitar|[spread] p2a,p2b\n|-activate|p1a: Floette|move: Protect\n|-supereffective|p2a: Tyranitar|1\n|-supereffective|p2b: Excadrill|1\n|-damage|p2a: Tyranitar|0 fnt\n|-damage|p2b: Excadrill|25/100\n|faint|p2a: Tyranitar\n|\n|-weather|Sandstorm|[upkeep]\n|-damage|p1a: Floette|94/100|[from] Sandstorm\n|upkeep\n|\n|t:|1788387439\n|switch|p2a: Milotic|Milotic, L50, M|100/100\n|turn|4\n|inactive|ilykuronaa has 30 seconds left.\n|\n|t:|1788387467\n|switch|p1a: Basculegion|Basculegion, L50, M|100/100\n|move|p2a: Milotic|Protect|p2a: Milotic\n|-singleturn|p2a: Milotic|Protect\n|move|p2b: Excadrill|Earthquake|p1a: Basculegion|[spread] p1a,p1b\n|-activate|p2a: Milotic|move: Protect\n|-damage|p1a: Basculegion|46/100\n|-damage|p1b: Garchomp|0 fnt\n|faint|p1b: Garchomp\n|\n|-weather|Sandstorm|[upkeep]\n|-damage|p2a: Milotic|94/100|[from] Sandstorm\n|-damage|p1a: Basculegion|40/100|[from] Sandstorm\n|-sideend|p2: kevonu|move: Tailwind\n|upkeep\n|\n|t:|1788387481\n|switch|p1b: Floette|Floette-Eternal, L50, F|94/100\n|turn|5\n|\n|t:|1788387494\n|move|p1a: Basculegion|Aqua Jet|p2b: Excadrill\n|-supereffective|p2b: Excadrill|1\n|-damage|p2b: Excadrill|0 fnt\n|faint|p2b: Excadrill\n|-damage|p1a: Basculegion|30/100|[from] item: Life Orb\n|move|p1b: Floette|Light of Ruin|p2a: Milotic\n|-damage|p2a: Milotic|43/100\n|-enditem|p2a: Milotic|Sitrus Berry|[eat]\n|-heal|p2a: Milotic|67/100|[from] item: Sitrus Berry\n|-damage|p1b: Floette|61/100|[from] Recoil\n|move|p2a: Milotic|Icy Wind|p1b: Floette|[spread] p1a,p1b\n|-resisted|p1a: Basculegion|1\n|-damage|p1a: Basculegion|25/100\n|-damage|p1b: Floette|50/100g\n|-unboost|p1a: Basculegion|spe|1\n|-unboost|p1b: Floette|spe|1\n|\n|-weather|none\n|upkeep\n|turn|6\n|\n|t:|1788387513\n|move|p2a: Milotic|Scald|p1b: Floette\n|-damage|p1b: Floette|24/100\n|-status|p1b: Floette|brn\n|move|p1b: Floette|Moonblast|p2a: Milotic\n|-damage|p2a: Milotic|32/100\n|move|p1a: Basculegion|Last Respects|p2a: Milotic\n|-damage|p2a: Milotic|0 fnt\n|faint|p2a: Milotic\n|-damage|p1a: Basculegion|15/100|[from] item: Life Orb\n|\n|win|ilykuronaa\n","uploadtime":1788387514,"views":"1","formatid":"gen9championsvgc2026regmbbo3","rating":null,"private":0,"password":null}