{"id":"gen9championsvgc2026regmbbo3-2675021138","format":"[Gen 9 Champions] VGC 2026 Reg M-B (Bo3)","players":["qwdqwdasdasd","okkia3"],"log":"|j|☆qwdqwdasdasd\n|j|☆okkia3\n|html|<table width=\"100%\"><tr><td align=\"left\">qwdqwdasdasd</td><td align=\"right\">okkia3</tr><tr><td align=\"left\"><i class=\"fa fa-circle-o\"></i> <i class=\"fa fa-circle-o\"></i> </td><td align=\"right\"><i class=\"fa fa-circle-o\"></i> <i class=\"fa fa-circle-o\"></i> </tr></table>\n|uhtml|bestof|<h2><strong>Game 1</strong> of <a href=\"/game-bestof3-gen9championsvgc2026regmbbo3-2675021137\">a best-of-3</a></h2>\n|t:|1788449612\n|gametype|doubles\n|player|p1|qwdqwdasdasd|sage|1048\n|player|p2|okkia3|102|1114\n|gen|9\n|tier|[Gen 9 Champions] VGC 2026 Reg M-B (Bo3)\n|rated|\n|rule|Species Clause: Limit one of each Pokémon\n|rule|Item Clause: Limit 1 of each item\n|clearpoke\n|poke|p1|Chimecho, L50, M|\n|poke|p1|Garchomp, L50, M|\n|poke|p1|Whimsicott, L50, F|\n|poke|p1|Incineroar, L50, M|\n|poke|p1|Ninetales-Alola, L50, F|\n|poke|p1|Palafin, L50, M, shiny|\n|poke|p2|Charizard, L50, F|\n|poke|p2|Whimsicott, L50, M|\n|poke|p2|Basculegion, L50, M|\n|poke|p2|Farigiraf, L50, F|\n|poke|p2|Kangaskhan, L50, F|\n|poke|p2|Sneasler, L50, F|\n|teampreview|4\n|showteam|p1|Chimecho||Chimechite|Levitate|HelpingHand,FlashCannon,Psychic,TrickRoom|Modest||M|||50|]Garchomp||LifeOrb|RoughSkin|Earthquake,RockSlide,DragonClaw,Protect|Jolly||M|||50|]Whimsicott||FocusSash|Prankster|Moonblast,Tailwind,Encore,Protect|Timid||F|||50|]Incineroar||SitrusBerry|Intimidate|FlareBlitz,ThroatChop,PartingShot,FakeOut|Careful||M|||50|]Ninetales-Alola||ChoiceScarf|SnowWarning|Blizzard,DazzlingGleam,FreezeDry,AuroraVeil|Timid||F|||50|]Palafin||MysticWater|ZerotoHero|FlipTurn,WaveCrash,JetPunch,Protect|Jolly||M|||50|\n|showteam|p2|Charizard||CharizarditeY|SolarPower|WeatherBall,HeatWave,SolarBeam,Protect|Timid||F|||50|]Whimsicott||FocusSash|Prankster|Moonblast,Tailwind,SunnyDay,Encore|Timid||M|||50|]Basculegion||ChoiceScarf|Adaptability|WaveCrash,AquaJet,LastRespects,FlipTurn|Adamant||M|||50|]Farigiraf||SitrusBerry|ArmorTail|Psychic,HyperVoice,HelpingHand,TrickRoom|Modest||F|||50|]Kangaskhan||Kangaskhanite|Scrappy|FakeOut,DoubleEdge,DrainPunch,SuckerPunch|Adamant||F|||50|]Sneasler||WhiteHerb|Unburden|FakeOut,CloseCombat,DireClaw,RockTomb|Adamant||F|||50|\n|inactive|Battle timer is ON: inactive players will automatically lose when time's up. (requested by okkia3)\n|inactive|qwdqwdasdasd has 60 seconds left.\n|inactive|qwdqwdasdasd has 30 seconds left.\n|\n|t:|1788449681\n|teamsize|p1|4\n|teamsize|p2|4\n|start\n|switch|p1a: Chimecho|Chimecho, L50, M|100/100\n|switch|p1b: Palafin|Palafin, L50, M, shiny|100/100\n|switch|p2a: Farigiraf|Farigiraf, L50, F|100/100\n|switch|p2b: Kangaskhan|Kangaskhan, L50, F|100/100\n|turn|1\n|\n|t:|1788449701\n|detailschange|p2b: Kangaskhan|Kangaskhan-Mega, L50, F\n|-mega|p2b: Kangaskhan|Kangaskhan|Kangaskhanite\n|detailschange|p1a: Chimecho|Chimecho-Mega, L50, M\n|-mega|p1a: Chimecho|Chimecho|Chimechite\n|move|p1b: Palafin|Flip Turn|p2b: Kangaskhan\n|-damage|p2b: Kangaskhan|71/100\n|\n|t:|1788449713\n|detailschange|p1b: Palafin|Palafin-Hero, L50, M, shiny\n|switch|p1b: Ninetales|Ninetales-Alola, L50, F|100/100|[from] Flip Turn\n|-weather|Snowscape|[from] ability: Snow Warning|[of] p1b: Ninetales\n|move|p2b: Kangaskhan|Double-Edge|p1a: Chimecho\n|-resisted|p1a: Chimecho|1\n|-damage|p1a: Chimecho|71/100\n|-resisted|p1a: Chimecho|1\n|-damage|p1a: Chimecho|65/100\n|-hitcount|p1a: Chimecho|2\n|-damage|p2b: Kangaskhan|60/100|[from] Recoil\n|move|p2a: Farigiraf|Hyper Voice|p1a: Chimecho|[spread] p1a,p1b\n|-resisted|p1a: Chimecho|1\n|-damage|p1a: Chimecho|54/100\n|-damage|p1b: Ninetales|65/100\n|move|p1a: Chimecho|Trick Room|p1a: Chimecho\n|-fieldstart|move: Trick Room|[of] p1a: Chimecho\n|\n|-weather|Snowscape|[upkeep]\n|upkeep\n|turn|2\n|inactive|qwdqwdasdasd has 30 seconds left.\n|inactive|qwdqwdasdasd has 20 seconds left.\n|\n|t:|1788449752\n|switch|p1a: Incineroar|Incineroar, L50, M|100/100\n|-ability|p1a: Incineroar|Intimidate|boost\n|-unboost|p2a: Farigiraf|atk|1\n|-unboost|p2b: Kangaskhan|atk|1\n|move|p2b: Kangaskhan|Sucker Punch||[still]\n|-fail|p2b: Kangaskhan\n|move|p2a: Farigiraf|Hyper Voice|p1b: Ninetales|[spread] p1a,p1b\n|-damage|p1a: Incineroar|79/100\n|-damage|p1b: Ninetales|32/100\n|move|p1b: Ninetales|Aurora Veil|p1b: Ninetales\n|-sidestart|p1: qwdqwdasdasd|move: Aurora Veil\n|\n|-weather|Snowscape|[upkeep]\n|upkeep\n|turn|3\n|\n|t:|1788449774\n|switch|p1b: Chimecho|Chimecho-Mega, L50, M|54/100\n|move|p1a: Incineroar|Flare Blitz|p2b: Kangaskhan\n|-damage|p2b: Kangaskhan|11/100\n|-damage|p1a: Incineroar|64/100|[from] Recoil\n|move|p2a: Farigiraf|Hyper Voice|p1b: Chimecho|[spread] p1a,p1b\n|-resisted|p1b: Chimecho|1\n|-damage|p1a: Incineroar|49/100\n|-damage|p1b: Chimecho|47/100\n|-enditem|p1a: Incineroar|Sitrus Berry|[eat]\n|-heal|p1a: Incineroar|74/100|[from] item: Sitrus Berry\n|move|p2b: Kangaskhan|Double-Edge|p1b: Chimecho\n|-resisted|p1b: Chimecho|1\n|-damage|p1b: Chimecho|36/100\n|-resisted|p1b: Chimecho|1\n|-damage|p1b: Chimecho|33/100\n|-hitcount|p1b: Chimecho|2\n|-damage|p2b: Kangaskhan|7/100|[from] Recoil\n|\n|-weather|Snowscape|[upkeep]\n|upkeep\n|turn|4\n|\n|t:|1788449795\n|move|p2b: Kangaskhan|Sucker Punch||[still]\n|-fail|p2b: Kangaskhan\n|move|p1a: Incineroar|Throat Chop|p2b: Kangaskhan\n|-damage|p2b: Kangaskhan|0 fnt\n|faint|p2b: Kangaskhan\n|move|p2a: Farigiraf|Hyper Voice|p1b: Chimecho|[spread] p1a,p1b\n|-resisted|p1b: Chimecho|1\n|-damage|p1a: Incineroar|59/100\n|-damage|p1b: Chimecho|25/100\n|move|p1b: Chimecho|Trick Room|p1b: Chimecho\n|-fieldend|move: Trick Room\n|\n|-weather|Snowscape|[upkeep]\n|upkeep\n|\n|t:|1788449795\n|switch|p2b: Whimsicott|Whimsicott, L50, M|100/100\n|turn|5\n|inactive|qwdqwdasdasd has 30 seconds left.\n|\n|t:|1788449822\n|move|p2b: Whimsicott|Moonblast|p1b: Chimecho\n|-resisted|p1b: Chimecho|1\n|-damage|p1b: Chimecho|16/100\n|move|p1b: Chimecho|Flash Cannon|p2b: Whimsicott\n|-supereffective|p2b: Whimsicott|1\n|-enditem|p2b: Whimsicott|Focus Sash\n|-damage|p2b: Whimsicott|1/100\n|move|p2a: Farigiraf|Psychic|p1b: Chimecho\n|-resisted|p1b: Chimecho|2\n|-damage|p1b: Chimecho|11/100\n|move|p1a: Incineroar|Flare Blitz|p2b: Whimsicott\n|-supereffective|p2b: Whimsicott|1\n|-damage|p2b: Whimsicott|0 fnt\n|faint|p2b: Whimsicott\n|-damage|p1a: Incineroar|58/100|[from] Recoil\n|\n|-weather|none\n|upkeep\n|\n|t:|1788449822\n|switch|p2b: Sneasler|Sneasler, L50, F|100/100\n|turn|6\n|inactive|qwdqwdasdasd has 30 seconds left.\n|inactive|qwdqwdasdasd has 20 seconds left.\n|\n|t:|1788449858\n|move|p2b: Sneasler|Close Combat|p1a: Incineroar\n|-supereffective|p1a: Incineroar|1\n|-damage|p1a: Incineroar|0 fnt\n|-unboost|p2b: Sneasler|def|1\n|-unboost|p2b: Sneasler|spd|1\n|faint|p1a: Incineroar\n|-enditem|p2b: Sneasler|White Herb\n|-clearnegativeboost|p2b: Sneasler|[silent]\n|move|p1b: Chimecho|Psychic|p2b: Sneasler\n|-supereffective|p2b: Sneasler|2\n|-damage|p2b: Sneasler|0 fnt\n|faint|p2b: Sneasler\n|move|p2a: Farigiraf|Hyper Voice|p1b: Chimecho\n|-resisted|p1b: Chimecho|1\n|-damage|p1b: Chimecho|1/100\n|\n|-sideend|p1: qwdqwdasdasd|move: Aurora Veil\n|upkeep\n|\n|t:|1788449872\n|switch|p1a: Palafin|Palafin-Hero, L50, M, shiny|100/100\n|-activate|p1a: Palafin|ability: Zero to Hero\n|turn|7\n|\n|t:|1788449880\n|move|p1b: Chimecho|Helping Hand|p1a: Palafin\n|-singleturn|p1a: Palafin|Helping Hand|[of] p1b: Chimecho\n|move|p1a: Palafin|Wave Crash|p2a: Farigiraf\n|-damage|p2a: Farigiraf|0 fnt\n|faint|p2a: Farigiraf\n|-damage|p1a: Palafin|57/100|[from] Recoil\n|\n|win|qwdqwdasdasd\n","uploadtime":1788449880,"views":"1","formatid":"gen9championsvgc2026regmbbo3","rating":null,"private":0,"password":null}