{"id":"gen9championsvgc2026regmb-2674617452","format":"[Gen 9 Champions] VGC 2026 Reg M-B","players":["PritzShow","Sammias"],"log":"|j|☆PritzShow\n|j|☆Sammias\n|t:|1788380861\n|gametype|doubles\n|player|p1|PritzShow|101|1575\n|player|p2|Sammias|miku-ground|1701\n|gen|9\n|tier|[Gen 9 Champions] VGC 2026 Reg M-B\n|rated|\n|rule|Species Clause: Limit one of each Pokémon\n|rule|Item Clause: Limit 1 of each item\n|clearpoke\n|poke|p1|Gyarados, L50, M|\n|poke|p1|Glimmora, L50, M|\n|poke|p1|Incineroar, L50, F|\n|poke|p1|Sinistcha, L50|\n|poke|p1|Ninetales-Alola, L50, F|\n|poke|p1|Kommo-o, L50, F|\n|poke|p2|Floette-Eternal, L50, F|\n|poke|p2|Kingambit, L50, M|\n|poke|p2|Sneasler, L50, F|\n|poke|p2|Whimsicott, L50, M, shiny|\n|poke|p2|Basculegion, L50, M|\n|poke|p2|Kommo-o, L50, M|\n|teampreview|4\n|inactive|Battle timer is ON: inactive players will automatically lose when time's up. (requested by Sammias)\n|inactive|PritzShow also wants the timer to be on.\n|inactive|Sammias has 60 seconds left.\n|inactive|Sammias has 30 seconds left.\n|inactive|Sammias has 20 seconds left.\n|\n|t:|1788380936\n|teamsize|p1|4\n|teamsize|p2|4\n|start\n|switch|p1a: Glimmora|Glimmora, L50, M|100/100\n|switch|p1b: Gyarados|Gyarados, L50, M|100/100\n|switch|p2a: Sneasler|Sneasler, L50, F|100/100\n|switch|p2b: Basculegion|Basculegion, L50, M|100/100\n|-ability|p1b: Gyarados|Intimidate|boost\n|-unboost|p2a: Sneasler|atk|1\n|-unboost|p2b: Basculegion|atk|1\n|-enditem|p2a: Sneasler|White Herb\n|-clearnegativeboost|p2a: Sneasler|[silent]\n|turn|1\n|inactive|PritzShow has 30 seconds left.\n|\n|t:|1788380964\n|move|p1a: Glimmora|Spiky Shield|p1a: Glimmora\n|-singleturn|p1a: Glimmora|move: Protect\n|move|p2a: Sneasler|Dire Claw|p1b: Gyarados\n|-damage|p1b: Gyarados|55/100\n|move|p2b: Basculegion|Flip Turn|p1a: Glimmora\n|-activate|p1a: Glimmora|move: Protect\n|-damage|p2b: Basculegion|87/100|[from] Spiky Shield|[of] p1a: Glimmora\n|move|p1b: Gyarados|Thunder Wave|p2b: Basculegion\n|-status|p2b: Basculegion|par\n|\n|upkeep\n|turn|2\n|\n|t:|1788380987\n|switch|p1a: Sinistcha|Sinistcha, L50|100/100\n|-heal|p1b: Gyarados|80/100|[from] ability: Hospitality|[of] p1a: Sinistcha\n|move|p2a: Sneasler|Close Combat|p1a: Sinistcha\n|-immune|p1a: Sinistcha\n|move|p1b: Gyarados|Thunder Wave|p2a: Sneasler|[miss]\n|-miss|p1b: Gyarados|p2a: Sneasler\n|cant|p2b: Basculegion|par\n|\n|upkeep\n|turn|3\n|\n|t:|1788381005\n|move|p2a: Sneasler|Taunt|p1b: Gyarados\n|-start|p1b: Gyarados|move: Taunt\n|cant|p1b: Gyarados|move: Taunt|Thunder Wave\n|move|p2b: Basculegion|Flip Turn|p1b: Gyarados\n|-resisted|p1b: Gyarados|1\n|-damage|p1b: Gyarados|67/100\n|\n|t:|1788381012\n|switch|p2b: Floette|Floette-Eternal, L50, F|100/100|[from] Flip Turn\n|move|p1a: Sinistcha|Matcha Gotcha|p2b: Floette|[spread] p2a,p2b\n|-resisted|p2a: Sneasler|1\n|-damage|p2a: Sneasler|82/100\n|-damage|p2b: Floette|77/100\n|\n|upkeep\n|turn|4\n|\n|t:|1788381024\n|switch|p1b: Glimmora|Glimmora, L50, M|100/100\n|switch|p1a: Incineroar|Incineroar, L50, F|100/100\n|-ability|p1a: Incineroar|Intimidate|boost\n|-unboost|p2a: Sneasler|atk|1\n|-unboost|p2b: Floette|atk|1\n|detailschange|p2b: Floette|Floette-Mega, L50, F\n|-mega|p2b: Floette|Floette|Floettite\n|-ability|p2b: Floette|Fairy Aura\n|move|p2a: Sneasler|Taunt|p1a: Incineroar\n|-start|p1a: Incineroar|move: Taunt\n|move|p2b: Floette|Dazzling Gleam|p1a: Incineroar|[spread] p1a,p1b\n|-resisted|p1b: Glimmora|1\n|-damage|p1a: Incineroar|67/100\n|-damage|p1b: Glimmora|71/100\n|\n|upkeep\n|turn|5\n|inactive|Sammias has 30 seconds left.\n|\n|t:|1788381052\n|switch|p2a: Basculegion|Basculegion, L50, M|87/100 par\n|detailschange|p1b: Glimmora|Glimmora-Mega, L50, M\n|-mega|p1b: Glimmora|Glimmora|Glimmoranite\n|move|p1a: Incineroar|Fake Out|p2a: Basculegion\n|-immune|p2a: Basculegion\n|move|p1b: Glimmora|Sludge Bomb|p2b: Floette\n|-supereffective|p2b: Floette|1\n|-damage|p2b: Floette|0 fnt\n|faint|p2b: Floette\n|\n|upkeep\n|\n|t:|1788381062\n|switch|p2b: Kommo-o|Kommo-o, L50, M|100/100\n|turn|6\n|j| GoPlayCatch\n|inactive|Sammias has 30 seconds left.\n|\n|t:|1788381093\n|switch|p1b: Sinistcha|Sinistcha, L50|100/100\n|-heal|p1a: Incineroar|92/100|[from] ability: Hospitality|[of] p1b: Sinistcha\n|switch|p1a: Gyarados|Gyarados, L50, M|67/100\n|-ability|p1a: Gyarados|Intimidate|boost\n|-unboost|p2a: Basculegion|atk|1\n|-unboost|p2b: Kommo-o|atk|1\n|move|p2b: Kommo-o|Clanging Scales|p1a: Gyarados|[spread] p1a,p1b\n|-damage|p1a: Gyarados|34/100\n|-damage|p1b: Sinistcha|41/100\n|-unboost|p2b: Kommo-o|def|1\n|-damage|p2b: Kommo-o|90/100|[from] item: Life Orb\n|move|p2a: Basculegion|Flip Turn|p1a: Gyarados\n|-resisted|p1a: Gyarados|1\n|-damage|p1a: Gyarados|21/100\n|\n|t:|1788381104\n|switch|p2a: Sneasler|Sneasler, L50, F|82/100|[from] Flip Turn\n|\n|upkeep\n|turn|7\n|\n|t:|1788381116\n|switch|p1a: Incineroar|Incineroar, L50, F|92/100\n|-ability|p1a: Incineroar|Intimidate|boost\n|-unboost|p2a: Sneasler|atk|1\n|-unboost|p2b: Kommo-o|atk|1\n|move|p2a: Sneasler|Fake Out|p1a: Incineroar\n|-damage|p1a: Incineroar|83/100\n|move|p2b: Kommo-o|Clanging Scales|p1a: Incineroar|[spread] p1a,p1b\n|-damage|p1a: Incineroar|46/100\n|-damage|p1b: Sinistcha|0 fnt\n|-enditem|p1a: Incineroar|Sitrus Berry|[eat]\n|-heal|p1a: Incineroar|71/100|[from] item: Sitrus Berry\n|faint|p1b: Sinistcha\n|-unboost|p2b: Kommo-o|def|1\n|-damage|p2b: Kommo-o|80/100|[from] item: Life Orb\n|\n|upkeep\n|\n|t:|1788381123\n|switch|p1b: Glimmora|Glimmora-Mega, L50, M|71/100\n|turn|8\n|\n|t:|1788381141\n|move|p1a: Incineroar|Fake Out|p2b: Kommo-o\n|-damage|p2b: Kommo-o|60/100\n|move|p2a: Sneasler|Close Combat|p1a: Incineroar\n|-supereffective|p1a: Incineroar|1\n|-damage|p1a: Incineroar|0 fnt\n|-unboost|p2a: Sneasler|def|1\n|-unboost|p2a: Sneasler|spd|1\n|faint|p1a: Incineroar\n|move|p1b: Glimmora|Earth Power|p2a: Sneasler\n|-supereffective|p2a: Sneasler|1\n|-damage|p2a: Sneasler|0 fnt\n|faint|p2a: Sneasler\n|cant|p2b: Kommo-o|flinch\n|\n|upkeep\n|\n|t:|1788381144\n|switch|p2a: Basculegion|Basculegion, L50, M|87/100 par\n|switch|p1a: Gyarados|Gyarados, L50, M|21/100\n|-ability|p1a: Gyarados|Intimidate|boost\n|-unboost|p2a: Basculegion|atk|1\n|-unboost|p2b: Kommo-o|atk|1\n|turn|9\n|\n|t:|1788381154\n|move|p2a: Basculegion|Aqua Jet|p1b: Glimmora\n|-supereffective|p1b: Glimmora|1\n|-damage|p1b: Glimmora|28/100\n|move|p1b: Glimmora|Power Gem|p2a: Basculegion\n|-damage|p2a: Basculegion|16/100 par\n|move|p2b: Kommo-o|Clanging Scales|p1b: Glimmora|[spread] p1a,p1b\n|-damage|p1a: Gyarados|0 fnt\n|-damage|p1b: Glimmora|0 fnt\n|faint|p1a: Gyarados\n|faint|p1b: Glimmora\n|-damage|p2b: Kommo-o|51/100|[from] item: Life Orb\n|\n|win|Sammias\n|raw|PritzShow's rating: 1575 &rarr; <strong>1562</strong><br />(-13 for losing)\n|raw|Sammias's rating: 1701 &rarr; <strong>1714</strong><br />(+13 for winning)\n|l|☆PritzShow\n|player|p1|\n","uploadtime":1788381162,"views":"13","formatid":"gen9championsvgc2026regmb","rating":1562,"private":0,"password":null}