{"id":"gen9championsvgc2026regmb-2674693349","format":"[Gen 9 Champions] VGC 2026 Reg M-B","players":["mauroogabooga","1mkindanice"],"log":"|j|☆mauroogabooga\n|j|☆1mkindanice\n|html|<table width=\"100%\"><tr><td align=\"left\">mauroogabooga</td><td align=\"right\">1mkindanice</tr><tr><td align=\"left\"><i class=\"fa fa-circle-o\"></i> <i class=\"fa fa-circle-o\"></i> </td><td align=\"right\"><i class=\"fa fa-circle-o\"></i> <i class=\"fa fa-circle\"></i> </tr></table>\n|uhtml|bestof|<h2><strong>Game 2</strong> of <a href=\"/game-bestof3-gen9championsvgc2026regmb-2674689746\">a best-of-3</a></h2>\n|t:|1788391526\n|gametype|doubles\n|player|p1|mauroogabooga|preschooler|\n|player|p2|1mkindanice|marshal|\n|gen|9\n|tier|[Gen 9 Champions] VGC 2026 Reg M-B\n|rule|Species Clause: Limit one of each Pokémon\n|rule|Item Clause: Limit 1 of each item\n|raw|<div class=\"infobox\"><details class=\"readmore\" open><summary><strong>1 custom rule:</strong></summary> Best of = 3</details></div>\n|clearpoke\n|poke|p1|Noivern, L50, M, shiny|\n|poke|p1|Tyranitar, L50, M|\n|poke|p1|Sableye, L50, M, shiny|\n|poke|p1|Milotic, L50, M|\n|poke|p1|Excadrill, L50, M, shiny|\n|poke|p1|Sinistcha, L50|\n|poke|p2|Gengar, L50, F|\n|poke|p2|Serperior, L50, M|\n|poke|p2|Grimmsnarl, L50, M|\n|poke|p2|Garchomp, L50, F|\n|poke|p2|Vivillon, L50, M|\n|poke|p2|Scizor, L50, M|\n|teampreview|4\n1mkindanice rejected open team sheets.\n|j| senahachii\n|\n|t:|1788391620\n|teamsize|p1|4\n|teamsize|p2|4\n|start\n|switch|p1a: Jumbo Josh|Tyranitar, L50, M|100/100\n|switch|p1b: Gaetan|Excadrill, L50, M, shiny|100/100\n|switch|p2a: Gar|Grimmsnarl, L50, M|100/100\n|switch|p2b: Garchomp|Garchomp, L50, F|100/100\n|-weather|Sandstorm|[from] ability: Sand Stream|[of] p1a: Jumbo Josh\n|turn|1\n|\n|t:|1788391657\n|move|p1a: Jumbo Josh|Protect|p1a: Jumbo Josh\n|-singleturn|p1a: Jumbo Josh|Protect\n|move|p2a: Gar|Fake Out|p1b: Gaetan\n|-resisted|p1b: Gaetan|1\n|-damage|p1b: Gaetan|89/100\n|cant|p1b: Gaetan|flinch\n|move|p2b: Garchomp|Stomping Tantrum|p1a: Jumbo Josh\n|-activate|p1a: Jumbo Josh|move: Protect\n|\n|-weather|Sandstorm|[upkeep]\n|-damage|p2a: Gar|93/100|[from] Sandstorm\n|upkeep\n|turn|2\n|\n|t:|1788391706\n|switch|p1b: Performative Male|Sinistcha, L50|100/100\n|switch|p1a: Baja Blast|Noivern, L50, M, shiny|100/100\n|-item|p2a: Gar|Fairy Feather|[from] ability: Frisk|[of] p1a: Baja Blast\n|-item|p2b: Garchomp|Lum Berry|[from] ability: Frisk|[of] p1a: Baja Blast\n|move|p2a: Gar|Scary Face|p1b: Performative Male\n|-unboost|p1b: Performative Male|spe|2\n|move|p2b: Garchomp|Stomping Tantrum|p1b: Performative Male\n|-resisted|p1b: Performative Male|1\n|-damage|p1b: Performative Male|83/100\n|\n|-weather|Sandstorm|[upkeep]\n|-damage|p1a: Baja Blast|93/100|[from] Sandstorm\n|-damage|p2a: Gar|87/100|[from] Sandstorm\n|-damage|p1b: Performative Male|77/100|[from] Sandstorm\n|upkeep\n|turn|3\n|\n|t:|1788391744\n|move|p1a: Baja Blast|Protect|p1a: Baja Blast\n|-singleturn|p1a: Baja Blast|Protect\n|move|p2b: Garchomp|Protect|p2b: Garchomp\n|-singleturn|p2b: Garchomp|Protect\n|move|p2a: Gar|Play Rough|p1a: Baja Blast\n|-activate|p1a: Baja Blast|move: Protect\n|move|p1b: Performative Male|Matcha Gotcha|p2a: Gar|[spread] p2a\n|-activate|p2b: Garchomp|move: Protect\n|-damage|p2a: Gar|51/100\n|-heal|p1b: Performative Male|98/100|[from] drain|[of] p2a: Gar\n|\n|-weather|Sandstorm|[upkeep]\n|-damage|p1a: Baja Blast|87/100|[from] Sandstorm\n|-damage|p2a: Gar|44/100|[from] Sandstorm\n|-damage|p1b: Performative Male|92/100|[from] Sandstorm\n|upkeep\n|turn|4\n|j| djrean\n|\n|t:|1788391812\n|move|p1b: Performative Male|Rage Powder|p1b: Performative Male\n|-singleturn|p1b: Performative Male|move: Rage Powder\n|move|p2a: Gar|Scary Face|p1b: Performative Male\n|-unboost|p1b: Performative Male|spe|2\n|move|p1a: Baja Blast|Draco Meteor|p2b: Garchomp\n|-supereffective|p2b: Garchomp|1\n|-damage|p2b: Garchomp|0 fnt\n|-unboost|p1a: Baja Blast|spa|2\n|faint|p2b: Garchomp\n|-damage|p1a: Baja Blast|77/100|[from] item: Life Orb\n|\n|-weather|Sandstorm|[upkeep]\n|-damage|p1a: Baja Blast|71/100|[from] Sandstorm\n|-damage|p2a: Gar|38/100|[from] Sandstorm\n|-damage|p1b: Performative Male|86/100|[from] Sandstorm\n|upkeep\n|\n|t:|1788391831\n|switch|p2b: Garc|Vivillon, L50, M|100/100\n|turn|5\n|j| joaoruben\n|\n|t:|1788391858\n|switch|p1b: Gaetan|Excadrill, L50, M, shiny|89/100\n|move|p1a: Baja Blast|Tailwind|p1a: Baja Blast\n|-sidestart|p1: mauroogabooga|move: Tailwind\n|move|p2b: Garc|Tailwind|p2b: Garc\n|-sidestart|p2: 1mkindanice|move: Tailwind\n|move|p2a: Gar|Play Rough|p1a: Baja Blast\n|-supereffective|p1a: Baja Blast|1\n|-damage|p1a: Baja Blast|0 fnt\n|faint|p1a: Baja Blast\n|\n|-weather|none\n|upkeep\n|\n|t:|1788391866\n|switch|p1a: Jumbo Josh|Tyranitar, L50, M|100/100\n|-weather|Sandstorm|[from] ability: Sand Stream|[of] p1a: Jumbo Josh\n|turn|6\n|j| admsteelix\n|l| joaoruben\n|\n|t:|1788391964\n|move|p2a: Gar|Scary Face|p1b: Gaetan\n|-unboost|p1b: Gaetan|spe|2\n|move|p2b: Garc|Sleep Powder|p1a: Jumbo Josh|[miss]\n|-miss|p2b: Garc|p1a: Jumbo Josh\n|move|p1b: Gaetan|Rock Slide|p2b: Garc|[spread] p2a,p2b\n|-supereffective|p2b: Garc|2\n|-damage|p2a: Gar|8/100\n|-enditem|p2b: Garc|Focus Sash\n|-damage|p2b: Garc|1/100\n|move|p1a: Jumbo Josh|Rock Slide|p2a: Gar|[spread] p2a,p2b\n|-supereffective|p2b: Garc|2\n|-damage|p2a: Gar|0 fnt\n|-damage|p2b: Garc|0 fnt\n|faint|p2a: Gar\n|faint|p2b: Garc\n|\n|-weather|Sandstorm|[upkeep]\n|upkeep\n|\n|t:|1788391975\n|switch|p2a: Garch|Scizor, L50, M|100/100\n|turn|7\n|\n|t:|1788392055\n|switch|p1a: Performative Male|Sinistcha, L50|86/100\n|-heal|p1b: Gaetan|100/100|[from] ability: Hospitality|[of] p1a: Performative Male\n|detailschange|p2a: Garch|Scizor-Mega, L50, M\n|-mega|p2a: Garch|Scizor|Scizorite\n|move|p1b: Gaetan|High Horsepower|p2a: Garch\n|-damage|p2a: Garch|54/100\n|move|p2a: Garch|Superpower|p1b: Gaetan\n|-supereffective|p1b: Gaetan|1\n|-crit|p1b: Gaetan\n|-enditem|p1b: Gaetan|Focus Sash\n|-damage|p1b: Gaetan|1/100\n|-unboost|p2a: Garch|atk|1\n|-unboost|p2a: Garch|def|1\n|\n|-weather|Sandstorm|[upkeep]\n|-damage|p1a: Performative Male|80/100|[from] Sandstorm\n|upkeep\n|turn|8\n|\n|t:|1788392070\n|move|p1b: Gaetan|Protect|p1b: Gaetan\n|-singleturn|p1b: Gaetan|Protect\n|move|p2a: Garch|Dual Wingbeat|p1a: Performative Male\n|-supereffective|p1a: Performative Male|1\n|-damage|p1a: Performative Male|49/100\n|-supereffective|p1a: Performative Male|1\n|-damage|p1a: Performative Male|23/100\n|-hitcount|p1a: Performative Male|2\n|move|p1a: Performative Male|Shadow Ball|p2a: Garch\n|-damage|p2a: Garch|16/100\n|-unboost|p2a: Garch|spd|1\n|\n|-weather|Sandstorm|[upkeep]\n|-damage|p1a: Performative Male|17/100|[from] Sandstorm\n|-sideend|p1: mauroogabooga|move: Tailwind\n|-sideend|p2: 1mkindanice|move: Tailwind\n|upkeep\n|turn|9\n|\n|t:|1788392084\n|move|p2a: Garch|Bullet Punch|p1b: Gaetan\n|-resisted|p1b: Gaetan|1\n|-damage|p1b: Gaetan|0 fnt\n|faint|p1b: Gaetan\n|move|p1a: Performative Male|Shadow Ball|p2a: Garch\n|-damage|p2a: Garch|0 fnt\n|faint|p2a: Garch\n|\n|win|mauroogabooga\n|inactive|mauroogabooga has 30 seconds to confirm battle start!\n|inactive|1mkindanice has 30 seconds to confirm battle start!\n||mauroogabooga is ready for game 3.\n||1mkindanice is ready for game 3.\n|uhtml|next|Next: <a href=\"/battle-gen9championsvgc2026regmb-2674697090\"><strong>Game 3 of 3</strong></a>\n|l| djrean\n","uploadtime":1788392276,"views":"19","formatid":"gen9championsvgc2026regmb","rating":null,"private":0,"password":null}