{"id":"gen9championsvgc2026regmb-2674674178","format":"[Gen 9 Champions] VGC 2026 Reg M-B","players":["kaleb988","spikeyhair"],"log":"|j|☆kaleb988\n|j|☆spikeyhair\n|t:|1788388600\n|gametype|doubles\n|player|p1|kaleb988|1|1000\n|player|p2|spikeyhair|sailor|1000\n|gen|9\n|tier|[Gen 9 Champions] VGC 2026 Reg M-B\n|rated|\n|rule|Species Clause: Limit one of each Pokémon\n|rule|Item Clause: Limit 1 of each item\n|clearpoke\n|poke|p1|Weavile, L50, M|\n|poke|p1|Garchomp, L50, M|\n|poke|p1|Klefki, L50, F|\n|poke|p1|Camerupt, L50, F|\n|poke|p1|Mimikyu, L50, F|\n|poke|p1|Empoleon, L50, F|\n|poke|p2|Swampert, L50, F|\n|poke|p2|Pelipper, L50, F|\n|poke|p2|Archaludon, L50, F|\n|poke|p2|Staraptor, L50, F|\n|poke|p2|Grimmsnarl, L50, M|\n|poke|p2|Sinistcha, L50|\n|teampreview|4\nspikeyhair rejected open team sheets.\n|inactive|Battle timer is ON: inactive players will automatically lose when time's up. (requested by spikeyhair)\n|inactiveoff|Battle timer is now OFF.\n|\n|t:|1788388652\n|teamsize|p1|4\n|teamsize|p2|4\n|start\n|switch|p1a: Mimikyu|Mimikyu, L50, F|100/100\n|switch|p1b: Weavile|Weavile, L50, M|100/100\n|switch|p2a: Swampert|Swampert, L50, F|100/100\n|switch|p2b: Grimmsnarl|Grimmsnarl, L50, M|100/100\n|turn|1\n|\n|t:|1788388677\n|switch|p2b: Pelipper|Pelipper, L50, F|100/100\n|-weather|RainDance|[from] ability: Drizzle|[of] p2b: Pelipper\n|detailschange|p2a: Swampert|Swampert-Mega, L50, F\n|-mega|p2a: Swampert|Swampert|Swampertite\n|move|p1b: Weavile|Fake Out|p2a: Swampert\n|-damage|p2a: Swampert|88/100\n|cant|p2a: Swampert|flinch\n|move|p1a: Mimikyu|Swords Dance|p1a: Mimikyu\n|-boost|p1a: Mimikyu|atk|2\n|\n|-weather|RainDance|[upkeep]\n|upkeep\n|turn|2\n|\n|t:|1788388716\n|move|p2a: Swampert|Rock Slide|p1a: Mimikyu|[spread] p1a,p1b\n|-supereffective|p1b: Weavile|1\n|-activate|p1a: Mimikyu|ability: Disguise\n|-damage|p1a: Mimikyu|100/100\n|-damage|p1b: Weavile|21/100\n|detailschange|p1a: Mimikyu|Mimikyu-Busted, L50, F\n|-damage|p1a: Mimikyu|87/100|[from] pokemon: Mimikyu-Busted\n|move|p1b: Weavile|Knock Off|p2b: Pelipper\n|-damage|p2b: Pelipper|60/100\n|-enditem|p2b: Pelipper|Focus Sash|[from] move: Knock Off|[of] p1b: Weavile\n|move|p2b: Pelipper|Tailwind|p2b: Pelipper\n|-sidestart|p2: spikeyhair|move: Tailwind\n|move|p1a: Mimikyu|Trick Room|p1a: Mimikyu\n|-fieldstart|move: Trick Room|[of] p1a: Mimikyu\n|\n|-weather|RainDance|[upkeep]\n|upkeep\n|turn|3\n|\n|t:|1788388755\n|switch|p1b: Empoleon|Empoleon, L50, F|100/100\n|move|p2a: Swampert|Protect|p2a: Swampert\n|-singleturn|p2a: Swampert|Protect\n|move|p1a: Mimikyu|Play Rough|p2a: Swampert\n|-activate|p2a: Swampert|move: Protect\n|move|p2b: Pelipper|Roost|p2b: Pelipper\n|-heal|p2b: Pelipper|100/100\n|-singleturn|p2b: Pelipper|move: Roost\n|\n|-weather|RainDance|[upkeep]\n|upkeep\n|turn|4\n|\n|t:|1788388781\n|move|p2b: Pelipper|Protect|p2b: Pelipper\n|-singleturn|p2b: Pelipper|Protect\n|move|p1b: Empoleon|Ice Beam|p2b: Pelipper\n|-activate|p2b: Pelipper|move: Protect\n|move|p1a: Mimikyu|Play Rough|p2a: Swampert\n|-damage|p2a: Swampert|13/100\n|-damage|p1a: Mimikyu|77/100|[from] item: Life Orb\n|move|p2a: Swampert|Earthquake|p1a: Mimikyu|[spread] p1a,p1b\n|-activate|p2b: Pelipper|move: Protect\n|-supereffective|p1b: Empoleon|1\n|-damage|p1a: Mimikyu|17/100\n|-damage|p1b: Empoleon|0 fnt\n|faint|p1b: Empoleon\n|\n|-weather|RainDance|[upkeep]\n|upkeep\n|\n|t:|1788388807\n|switch|p1b: Weavile|Weavile, L50, M|21/100\n|turn|5\n|\n|t:|1788388825\n|switch|p2a: Grimmsnarl|Grimmsnarl, L50, M|100/100\n|move|p1b: Weavile|Fake Out|p2b: Pelipper\n|-damage|p2b: Pelipper|89/100\n|move|p1a: Mimikyu|Shadow Sneak|p2a: Grimmsnarl\n|-resisted|p2a: Grimmsnarl|1\n|-damage|p2a: Grimmsnarl|72/100\n|-damage|p1a: Mimikyu|8/100|[from] item: Life Orb\n|cant|p2b: Pelipper|flinch\n|\n|-weather|none\n|-sideend|p2: spikeyhair|move: Tailwind\n|upkeep\n|turn|6\n|\n|t:|1788388853\n|switch|p2b: Archaludon|Archaludon, L50, F|100/100\n|move|p2a: Grimmsnarl|Fake Out|p1b: Weavile\n|-damage|p1b: Weavile|3/100\n|move|p1a: Mimikyu|Play Rough|p2a: Grimmsnarl\n|-supereffective|p2a: Grimmsnarl|1\n|-enditem|p2a: Grimmsnarl|Roseli Berry|[eat]\n|-enditem|p2a: Grimmsnarl|Roseli Berry|[weaken]\n|-damage|p2a: Grimmsnarl|0 fnt\n|faint|p2a: Grimmsnarl\n|-damage|p1a: Mimikyu|0 fnt|[from] item: Life Orb\n|faint|p1a: Mimikyu\n|cant|p1b: Weavile|flinch\n|\n|-fieldend|move: Trick Room\n|upkeep\n|\n|t:|1788388869\n|switch|p1a: Garchomp|Garchomp, L50, M|100/100\n|switch|p2a: Pelipper|Pelipper, L50, F|89/100\n|-weather|RainDance|[from] ability: Drizzle|[of] p2a: Pelipper\n|turn|7\n|\n|t:|1788388917\n|move|p2b: Archaludon|Protect|p2b: Archaludon\n|-singleturn|p2b: Archaludon|Protect\n|move|p1a: Garchomp|Stomping Tantrum|p2b: Archaludon\n|-activate|p2b: Archaludon|move: Protect\n|move|p1b: Weavile|Knock Off|p2a: Pelipper\n|-damage|p2a: Pelipper|58/100\n|move|p2a: Pelipper|Tailwind|p2a: Pelipper\n|-sidestart|p2: spikeyhair|move: Tailwind\n|\n|-weather|RainDance|[upkeep]\n|upkeep\n|turn|8\n|\n|t:|1788388942\n|move|p2b: Archaludon|Flash Cannon|p1a: Garchomp\n|-damage|p1a: Garchomp|57/100\n|move|p1a: Garchomp|Stomping Tantrum|p2b: Archaludon\n|-supereffective|p2b: Archaludon|1\n|-damage|p2b: Archaludon|17/100\n|-ability|p2b: Archaludon|Stamina|boost\n|-boost|p2b: Archaludon|def|1\n|move|p1b: Weavile|Ice Spinner|p2a: Pelipper\n|-damage|p2a: Pelipper|22/100\n|move|p2a: Pelipper|Hurricane|p1a: Garchomp\n|-damage|p1a: Garchomp|15/100\n|-start|p1a: Garchomp|confusion\n|\n|-weather|RainDance|[upkeep]\n|-heal|p2b: Archaludon|23/100|[from] item: Leftovers\n|upkeep\n|turn|9\n|\n|t:|1788388962\n|move|p2b: Archaludon|Flash Cannon|p1a: Garchomp\n|-damage|p1a: Garchomp|0 fnt\n|faint|p1a: Garchomp\n|move|p1b: Weavile|Ice Spinner|p2a: Pelipper\n|-damage|p2a: Pelipper|0 fnt\n|faint|p2a: Pelipper\n|\n|-weather|RainDance|[upkeep]\n|-heal|p2b: Archaludon|29/100|[from] item: Leftovers\n|upkeep\n|\n|t:|1788388970\n|switch|p2a: Swampert|Swampert-Mega, L50, F|13/100\n|turn|10\n|\n|t:|1788388976\n|move|p2a: Swampert|Wave Crash|p1b: Weavile\n|-damage|p1b: Weavile|0 fnt\n|faint|p1b: Weavile\n|-damage|p2a: Swampert|12/100|[from] Recoil\n|\n|win|spikeyhair\n|raw|kaleb988's rating: 1000 &rarr; <strong>1000</strong><br />(+0 for losing)\n|raw|spikeyhair's rating: 1000 &rarr; <strong>1040</strong><br />(+40 for winning)\n|l|☆spikeyhair\n|player|p2|\n","uploadtime":1788388991,"views":"6","formatid":"gen9championsvgc2026regmb","rating":1000,"private":0,"password":null}