{"id":"gen9championsvgc2026regmb-2674932926","format":"[Gen 9 Champions] VGC 2026 Reg M-B","players":["Jakel69","tabooh"],"log":"|j|☆Jakel69\n|j|☆tabooh\n|t:|1788438213\n|gametype|doubles\n|player|p1|Jakel69|steven|1232\n|player|p2|tabooh|dawn|1207\n|gen|9\n|tier|[Gen 9 Champions] VGC 2026 Reg M-B\n|rated|\n|rule|Species Clause: Limit one of each Pokémon\n|rule|Item Clause: Limit 1 of each item\n|clearpoke\n|poke|p1|Floette-Eternal, L50, F|\n|poke|p1|Sneasler, L50, F|\n|poke|p1|Basculegion, L50, M|\n|poke|p1|Dragonite, L50, M|\n|poke|p1|Garchomp, L50, M|\n|poke|p1|Kingambit, L50, M, shiny|\n|poke|p2|Blastoise, L50, M, shiny|\n|poke|p2|Delphox, L50, M, shiny|\n|poke|p2|Sinistcha, L50, shiny|\n|poke|p2|Maushold, L50|\n|poke|p2|Weavile, L50, F, shiny|\n|poke|p2|Annihilape, L50, F, shiny|\n|teampreview|4\nJakel69 has agreed to open team sheets.\n|\n|t:|1788438264\n|teamsize|p1|4\n|teamsize|p2|4\n|start\n|switch|p1a: Dragonite|Dragonite, L50, M|100/100\n|switch|p1b: Garchomp|Garchomp, L50, M|100/100\n|switch|p2a: Delphox|Delphox, L50, M, shiny|100/100\n|switch|p2b: Weavile|Weavile, L50, F, shiny|100/100\n|-ability|p2b: Weavile|Pressure\n|turn|1\n|\n|t:|1788438302\n|detailschange|p2a: Delphox|Delphox-Mega, L50, M, shiny\n|-mega|p2a: Delphox|Delphox|Delphoxite\n|move|p1a: Dragonite|Protect|p1a: Dragonite\n|-singleturn|p1a: Dragonite|Protect\n|move|p1b: Garchomp|Earthquake|p2a: Delphox|[spread] p2b\n|-activate|p1a: Dragonite|move: Protect\n|-immune|p2a: Delphox|[from] ability: Levitate\n|-crit|p2b: Weavile\n|-damage|p2b: Weavile|5/100\n|move|p2a: Delphox|Nasty Plot|p2a: Delphox\n|-boost|p2a: Delphox|spa|2\n|move|p2b: Weavile|Triple Axel|p1b: Garchomp\n|-supereffective|p1b: Garchomp|2\n|-damage|p1b: Garchomp|60/100\n|-damage|p2b: Weavile|0 fnt|[from] ability: Rough Skin|[of] p1b: Garchomp\n|faint|p2b: Weavile\n|-hitcount|p1b: Garchomp|1\n|\n|upkeep\n|inactive|Battle timer is ON: inactive players will automatically lose when time's up. (requested by Jakel69)\n|\n|t:|1788438334\n|switch|p2b: Maushold|Maushold, L50|100/100\n|turn|2\n|\n|t:|1788438358\n|switch|p1b: Basculegion|Basculegion, L50, M|100/100\n|detailschange|p1a: Dragonite|Dragonite-Mega, L50, M\n|-mega|p1a: Dragonite|Dragonite|Dragoninite\n|move|p2b: Maushold|Follow Me|p2b: Maushold\n|-singleturn|p2b: Maushold|move: Follow Me\n|move|p2a: Delphox|Nasty Plot|p2a: Delphox\n|-boost|p2a: Delphox|spa|2\n|move|p1a: Dragonite|Dragon Pulse|p2b: Maushold\n|-damage|p2b: Maushold|46/100\n|\n|upkeep\n|turn|3\n|inactive|tabooh has 30 seconds left.\n|\n|t:|1788438384\n|move|p2b: Maushold|Follow Me|p2b: Maushold\n|-singleturn|p2b: Maushold|move: Follow Me\n|move|p1b: Basculegion|Aqua Jet|p2b: Maushold\n|-damage|p2b: Maushold|13/100\n|-damage|p1b: Basculegion|90/100|[from] item: Life Orb\n|move|p2a: Delphox|Heat Wave|p1b: Basculegion|[spread] p1a\n|-miss|p2a: Delphox|p1b: Basculegion\n|-resisted|p1a: Dragonite|1\n|-damage|p1a: Dragonite|73/100\n|move|p1a: Dragonite|Dragon Pulse|p2b: Maushold\n|-damage|p2b: Maushold|0 fnt\n|faint|p2b: Maushold\n|\n|upkeep\n|\n|t:|1788438394\n|switch|p2b: Sinistcha|Sinistcha, L50, shiny|100/100\n|turn|4\n|\n|t:|1788438408\n|move|p2b: Sinistcha|Rage Powder|p2b: Sinistcha\n|-singleturn|p2b: Sinistcha|move: Rage Powder\n|move|p1b: Basculegion|Aqua Jet|p2b: Sinistcha\n|-resisted|p2b: Sinistcha|1\n|-damage|p2b: Sinistcha|85/100\n|-damage|p1b: Basculegion|80/100|[from] item: Life Orb\n|move|p2a: Delphox|Psychic|p1a: Dragonite\n|-damage|p1a: Dragonite|0 fnt\n|faint|p1a: Dragonite\n|\n|upkeep\n|\n|t:|1788438421\n|switch|p1a: Garchomp|Garchomp, L50, M|60/100\n|turn|5\n|\n|t:|1788438434\n|move|p2b: Sinistcha|Rage Powder|p2b: Sinistcha\n|-singleturn|p2b: Sinistcha|move: Rage Powder\n|move|p1a: Garchomp|Rock Slide|p2a: Delphox|[spread] p2a,p2b\n|-supereffective|p2a: Delphox|1\n|-damage|p2a: Delphox|44/100\n|-damage|p2b: Sinistcha|69/100\n|move|p2a: Delphox|Psychic|p1a: Garchomp\n|-damage|p1a: Garchomp|0 fnt\n|faint|p1a: Garchomp\n|move|p1b: Basculegion|Last Respects|p2b: Sinistcha\n|-supereffective|p2b: Sinistcha|1\n|-enditem|p2b: Sinistcha|Kasib Berry|[eat]\n|-enditem|p2b: Sinistcha|Kasib Berry|[weaken]\n|-damage|p2b: Sinistcha|0 fnt\n|faint|p2b: Sinistcha\n|-damage|p1b: Basculegion|71/100|[from] item: Life Orb\n|\n|upkeep\n|\n|t:|1788438448\n|switch|p1a: Kingambit|Kingambit, L50, M, shiny|100/100\n|turn|6\n|inactive|tabooh has 30 seconds left.\n|inactive|tabooh has 20 seconds left.\n|inactive|tabooh has 15 seconds left.\n|inactive|tabooh has 10 seconds left.\n|inactive|tabooh has 5 seconds left.\n|\n|t:|1788438504\n|move|p1b: Basculegion|Aqua Jet|p2a: Delphox\n|-supereffective|p2a: Delphox|1\n|-damage|p2a: Delphox|0 fnt\n|faint|p2a: Delphox\n|-damage|p1b: Basculegion|61/100|[from] item: Life Orb\n|\n|win|Jakel69\n|raw|Jakel69's rating: 1232 &rarr; <strong>1255</strong><br />(+23 for winning)\n|raw|tabooh's rating: 1207 &rarr; <strong>1184</strong><br />(-23 for losing)\n","uploadtime":1788438511,"views":"9","formatid":"gen9championsvgc2026regmb","rating":1184,"private":0,"password":null}