{"id":"gen9championsvgc2026regmbbo3-2673587290","format":"[Gen 9 Champions] VGC 2026 Reg M-B (Bo3)","players":["pablittoo","DINOLONK"],"log":"|j|☆pablittoo\n|j|☆DINOLONK\n|html|<table width=\"100%\"><tr><td align=\"left\">pablittoo</td><td align=\"right\">DINOLONK</tr><tr><td align=\"left\"><i class=\"fa fa-circle\"></i> <i class=\"fa fa-circle-o\"></i> </td><td align=\"right\"><i class=\"fa fa-circle-o\"></i> <i class=\"fa fa-circle-o\"></i> </tr></table>\n|uhtml|bestof|<h2><strong>Game 2</strong> of <a href=\"/game-bestof3-gen9championsvgc2026regmbbo3-2673585975\">a best-of-3</a></h2>\n|t:|1788217294\n|gametype|doubles\n|player|p1|pablittoo|102|1389\n|player|p2|DINOLONK|parasollady-gen4|1342\n|gen|9\n|tier|[Gen 9 Champions] VGC 2026 Reg M-B (Bo3)\n|rated|\n|rule|Species Clause: Limit one of each Pokémon\n|rule|Item Clause: Limit 1 of each item\n|clearpoke\n|poke|p1|Farigiraf, L50, F|\n|poke|p1|Whimsicott, L50, M|\n|poke|p1|Gholdengo, L50|\n|poke|p1|Tyranitar, L50, M|\n|poke|p1|Excadrill, L50, M|\n|poke|p1|Staraptor, L50, F|\n|poke|p2|Dragonite, L50, M|\n|poke|p2|Sneasler, L50, M|\n|poke|p2|Kingambit, L50, F|\n|poke|p2|Basculegion, L50, M|\n|poke|p2|Whimsicott, L50, M|\n|poke|p2|Floette-Eternal, L50, F|\n|teampreview|4\n|showteam|p1|Farigiraf||SitrusBerry|ArmorTail|NastyPlot,TrickRoom,Psychic,Thunderbolt|Bold||F|||50|]Whimsicott||FocusSash|Prankster|Moonblast,Tailwind,Encore,Charm|Timid||M|||50|]Gholdengo||LifeOrb|GoodasGold|MakeItRain,PowerGem,ShadowBall,Protect|Timid|||||50|]Tyranitar||ChopleBerry|SandStream|Protect,KnockOff,RockSlide,LowKick|Adamant||M|||50|]Excadrill||ExpertBelt|SandRush|HighHorsepower,Earthquake,IronHead,Protect|Adamant||M|||50|]Staraptor||Staraptite|Intimidate|CloseCombat,BraveBird,Tailwind,Protect|Jolly||F|||50|\n|showteam|p2|Dragonite||Dragoninite|InnerFocus|DragonPulse,HeatWave,Thunderbolt,Protect|Modest||M|||50|]Sneasler||WhiteHerb|Unburden|DireClaw,CloseCombat,RockSlide,FakeOut|Jolly||M|||50|]Kingambit||ChopleBerry|Defiant|KowtowCleave,SuckerPunch,LowKick,IronHead|Adamant||F|||50|]Basculegion||LifeOrb|Adaptability|WaveCrash,LastRespects,AquaJet,Protect|Adamant||M|||50|]Whimsicott||FocusSash|Prankster|Moonblast,Tailwind,Encore,Protect|Timid||M|||50|]Floette-Eternal||Floettite|FlowerVeil|Moonblast,DazzlingGleam,LightofRuin,Protect|Timid||F|||50|\n|inactive|Battle timer is ON: inactive players will automatically lose when time's up. (requested by DINOLONK)\n|\n|t:|1788217323\n|teamsize|p1|4\n|teamsize|p2|4\n|start\n|switch|p1a: Gholdengo|Gholdengo, L50|100/100\n|switch|p1b: Staraptor|Staraptor, L50, F|100/100\n|switch|p2a: Whimsicott|Whimsicott, L50, M|100/100\n|switch|p2b: Sneasler|Sneasler, L50, M|100/100\n|-ability|p1b: Staraptor|Intimidate|boost\n|-unboost|p2a: Whimsicott|atk|1\n|-unboost|p2b: Sneasler|atk|1\n|-enditem|p2b: Sneasler|White Herb\n|-clearnegativeboost|p2b: Sneasler|[silent]\n|turn|1\n|inactive|pablittoo has 30 seconds left.\n|\n|t:|1788217351\n|detailschange|p1b: Staraptor|Staraptor-Mega, L50, F\n|-mega|p1b: Staraptor|Staraptor|Staraptite\n|move|p2a: Whimsicott|Tailwind|p2a: Whimsicott\n|-sidestart|p2: DINOLONK|move: Tailwind\n|move|p2b: Sneasler|Rock Slide|p1b: Staraptor|[spread] p1a,p1b\n|-resisted|p1a: Gholdengo|1\n|-damage|p1a: Gholdengo|88/100\n|-damage|p1b: Staraptor|81/100\n|move|p1b: Staraptor|Tailwind|p1b: Staraptor\n|-sidestart|p1: pablittoo|move: Tailwind\n|move|p1a: Gholdengo|Shadow Ball|p2b: Sneasler\n|-damage|p2b: Sneasler|35/100\n|-damage|p1a: Gholdengo|78/100|[from] item: Life Orb\n|\n|upkeep\n|turn|2\n|\n|t:|1788217368\n|switch|p1b: Tyranitar|Tyranitar, L50, M|100/100\n|-weather|Sandstorm|[from] ability: Sand Stream|[of] p1b: Tyranitar\n|move|p2b: Sneasler|Rock Slide|p1a: Gholdengo|[spread] p1a,p1b\n|-resisted|p1a: Gholdengo|1\n|-damage|p1a: Gholdengo|67/100\n|-damage|p1b: Tyranitar|85/100\n|move|p2a: Whimsicott|Moonblast|p1b: Tyranitar\n|-supereffective|p1b: Tyranitar|1\n|-damage|p1b: Tyranitar|36/100\n|move|p1a: Gholdengo|Make It Rain|p2a: Whimsicott|[spread] p2a,p2b\n|-supereffective|p2a: Whimsicott|1\n|-enditem|p2a: Whimsicott|Focus Sash\n|-damage|p2a: Whimsicott|1/100\n|-damage|p2b: Sneasler|0 fnt\n|-unboost|p1a: Gholdengo|spa|2\n|faint|p2b: Sneasler\n|-damage|p1a: Gholdengo|57/100|[from] item: Life Orb\n|\n|-weather|Sandstorm|[upkeep]\n|-damage|p2a: Whimsicott|0 fnt|[from] Sandstorm\n|faint|p2a: Whimsicott\n|upkeep\n|\n|t:|1788217372\n|switch|p2a: Floette|Floette-Eternal, L50, F|100/100\n|switch|p2b: Basculegion|Basculegion, L50, M|100/100\n|turn|3\n|inactive|pablittoo has 30 seconds left.\n|\n|t:|1788217405\n|switch|p1a: Staraptor|Staraptor-Mega, L50, F|81/100\n|detailschange|p2a: Floette|Floette-Mega, L50, F\n|-mega|p2a: Floette|Floette|Floettite\n|-ability|p2a: Floette|Fairy Aura\n|move|p2a: Floette|Dazzling Gleam|p1a: Staraptor|[spread] p1a,p1b\n|-supereffective|p1a: Staraptor|1\n|-supereffective|p1b: Tyranitar|1\n|-damage|p1a: Staraptor|0 fnt\n|-damage|p1b: Tyranitar|0 fnt\n|faint|p1a: Staraptor\n|faint|p1b: Tyranitar\n|move|p2b: Basculegion|Last Respects|p1: Staraptor|[notarget]\n|-fail|p2b: Basculegion\n|\n|-weather|Sandstorm|[upkeep]\n|-damage|p2a: Floette|94/100|[from] Sandstorm\n|-damage|p2b: Basculegion|93/100|[from] Sandstorm\n|upkeep\n|\n|t:|1788217413\n|switch|p1a: Gholdengo|Gholdengo, L50|57/100\n|switch|p1b: Excadrill|Excadrill, L50, M|100/100\n|turn|4\n|\n|t:|1788217425\n|move|p2a: Floette|Protect|p2a: Floette\n|-singleturn|p2a: Floette|Protect\n|move|p1b: Excadrill|Iron Head|p2a: Floette\n|-activate|p2a: Floette|move: Protect\n|move|p1a: Gholdengo|Shadow Ball|p2b: Basculegion\n|-supereffective|p2b: Basculegion|1\n|-damage|p2b: Basculegion|0 fnt\n|faint|p2b: Basculegion\n|-damage|p1a: Gholdengo|48/100|[from] item: Life Orb\n|\n|-weather|Sandstorm|[upkeep]\n|-damage|p2a: Floette|88/100|[from] Sandstorm\n|-sideend|p2: DINOLONK|move: Tailwind\n|-sideend|p1: pablittoo|move: Tailwind\n|upkeep\n|turn|5\n|\n|t:|1788217436\n|move|p1b: Excadrill|Iron Head|p2a: Floette\n|-supereffective|p2a: Floette|1\n|-damage|p2a: Floette|0 fnt\n|faint|p2a: Floette\n|\n|win|pablittoo\n|raw|pablittoo's rating: 1389 &rarr; <strong>1406</strong><br />(+17 for winning)\n|raw|DINOLONK's rating: 1342 &rarr; <strong>1325</strong><br />(-17 for losing)\n|l|☆DINOLONK\n|player|p2|\n","uploadtime":1788217437,"views":"15","formatid":"gen9championsvgc2026regmbbo3","rating":1325,"private":0,"password":null}