{"id":"gen9championsvgc2026regmb-2674751953","format":"[Gen 9 Champions] VGC 2026 Reg M-B","players":["barlarke3.0","Currystewboss"],"log":"|j|☆barlarke3.0\n|j|☆Currystewboss\n|t:|1788400601\n|gametype|doubles\n|player|p1|barlarke3.0|101|\n|player|p2|Currystewboss|ethan|\n|gen|9\n|tier|[Gen 9 Champions] VGC 2026 Reg M-B\n|rule|Species Clause: Limit one of each Pokémon\n|rule|Item Clause: Limit 1 of each item\n|clearpoke\n|poke|p1|Torkoal, L50, M|\n|poke|p1|Ceruledge, L50, M|\n|poke|p1|Whimsicott, L50, F|\n|poke|p1|Typhlosion, L50, M|\n|poke|p1|Charizard, L50, M|\n|poke|p1|Araquanid, L50, F|\n|poke|p2|Weavile, L50, F|\n|poke|p2|Ceruledge, L50, F|\n|poke|p2|Charizard, L50, F|\n|poke|p2|Torkoal, L50, M|\n|poke|p2|Raichu, L50, M|\n|poke|p2|Aerodactyl, L50, F|\n|teampreview|4\n|\n|t:|1788400660\n|teamsize|p1|4\n|teamsize|p2|4\n|start\n|switch|p1a: Charizard|Charizard, L50, M|100/100\n|switch|p1b: Typhlosion|Typhlosion, L50, M|100/100\n|switch|p2a: Aerodactyl|Aerodactyl, L50, F|100/100\n|switch|p2b: Raichu|Raichu, L50, M|100/100\n|turn|1\n|\n|t:|1788400688\n|detailschange|p1a: Charizard|Charizard-Mega-Y, L50, M\n|-mega|p1a: Charizard|Charizard|Charizardite Y\n|-weather|SunnyDay|[from] ability: Drought|[of] p1a: Charizard\n|detailschange|p2b: Raichu|Raichu-Mega-Y, L50, M\n|-mega|p2b: Raichu|Raichu|Raichunite Y\n|move|p1b: Typhlosion|Scorching Sands|p2b: Raichu\n|-supereffective|p2b: Raichu|1\n|-damage|p2b: Raichu|38/100\n|move|p1a: Charizard|Scorching Sands|p2b: Raichu\n|-supereffective|p2b: Raichu|1\n|-damage|p2b: Raichu|0 fnt\n|faint|p2b: Raichu\n|move|p2a: Aerodactyl|Rock Slide|p1b: Typhlosion|[spread] p1a,p1b\n|-supereffective|p1a: Charizard|2\n|-supereffective|p1b: Typhlosion|1\n|-damage|p1a: Charizard|0 fnt\n|-damage|p1b: Typhlosion|22/100\n|faint|p1a: Charizard\n|\n|-weather|SunnyDay|[upkeep]\n|upkeep\n|\n|t:|1788400703\n|switch|p1a: Araquanid|Araquanid, L50, F|100/100\n|switch|p2b: Ceruledge|Ceruledge, L50, F|100/100\n|turn|2\n|\n|t:|1788400712\n|move|p1b: Typhlosion|Scorching Sands|p2b: Ceruledge\n|-supereffective|p2b: Ceruledge|1\n|-damage|p2b: Ceruledge|62/100\n|move|p2a: Aerodactyl|Rock Slide|p1a: Araquanid|[spread] p1a\n|-miss|p2a: Aerodactyl|p1b: Typhlosion\n|-supereffective|p1a: Araquanid|1\n|-damage|p1a: Araquanid|34/100\n|move|p2b: Ceruledge|Swords Dance|p2b: Ceruledge\n|-boost|p2b: Ceruledge|atk|2\n|move|p1a: Araquanid|Liquidation|p2a: Aerodactyl\n|-supereffective|p2a: Aerodactyl|1\n|-damage|p2a: Aerodactyl|3/100\n|\n|-weather|SunnyDay|[upkeep]\n|upkeep\n|turn|3\n|\n|t:|1788400748\n|move|p1a: Araquanid|Wide Guard|p1a: Araquanid\n|-singleturn|p1a: Araquanid|Wide Guard\n|move|p1b: Typhlosion|Scorching Sands|p2b: Ceruledge\n|-supereffective|p2b: Ceruledge|1\n|-damage|p2b: Ceruledge|25/100\n|move|p2a: Aerodactyl|Rock Slide|p1b: Typhlosion|[spread] \n|-activate|p1a: Araquanid|move: Wide Guard\n|-activate|p1b: Typhlosion|move: Wide Guard\n|move|p2b: Ceruledge|Bitter Blade|p1a: Araquanid\n|-damage|p1a: Araquanid|0 fnt\n|-heal|p2b: Ceruledge|42/100|[from] drain|[of] p1a: Araquanid\n|faint|p1a: Araquanid\n|\n|-weather|SunnyDay|[upkeep]\n|upkeep\n|\n|t:|1788400763\n|switch|p1a: Ceruledge|Ceruledge, L50, M|100/100\n|turn|4\n|\n|t:|1788400780\n|move|p1a: Ceruledge|Shadow Sneak|p2a: Aerodactyl\n|-damage|p2a: Aerodactyl|0 fnt\n|faint|p2a: Aerodactyl\n|-damage|p1a: Ceruledge|90/100|[from] item: Life Orb\n|move|p1b: Typhlosion|Scorching Sands|p2b: Ceruledge\n|-supereffective|p2b: Ceruledge|1\n|-damage|p2b: Ceruledge|4/100\n|move|p2b: Ceruledge|Shadow Claw|p1a: Ceruledge\n|-supereffective|p1a: Ceruledge|1\n|-damage|p1a: Ceruledge|0 fnt\n|faint|p1a: Ceruledge\n|\n|-weather|SunnyDay|[upkeep]\n|upkeep\n|\n|t:|1788400790\n|switch|p2a: Torkoal|Torkoal, L50, M|100/100\n|turn|5\n|j| hhhhjjjj\n|\n|t:|1788400806\n|move|p1b: Typhlosion|Scorching Sands|p2b: Ceruledge\n|-supereffective|p2b: Ceruledge|1\n|-damage|p2b: Ceruledge|0 fnt\n|faint|p2b: Ceruledge\n|move|p2a: Torkoal|Eruption|p1b: Typhlosion\n|-start|p1b: Typhlosion|ability: Flash Fire\n|\n|-weather|none\n|upkeep\n|turn|6\n|\n|t:|1788400820\n|move|p1b: Typhlosion|Scorching Sands|p2a: Torkoal\n|-supereffective|p2a: Torkoal|1\n|-damage|p2a: Torkoal|43/100\n|move|p2a: Torkoal|Clear Smog|p1b: Typhlosion\n|-damage|p1b: Typhlosion|3/100\n|-clearboost|p1b: Typhlosion\n|\n|-heal|p2a: Torkoal|49/100|[from] item: Leftovers\n|upkeep\n|turn|7\n|\n|t:|1788400830\n|move|p1b: Typhlosion|Scorching Sands|p2a: Torkoal\n|-supereffective|p2a: Torkoal|1\n|-damage|p2a: Torkoal|0 fnt\n|faint|p2a: Torkoal\n|\n|win|barlarke3.0\n|l|☆Currystewboss\n|player|p2|\n|l| hhhhjjjj\n|l|☆barlarke3.0\n|player|p1|\n|j|☆barlarke3.0\n|player|p1|barlarke3.0|101|\n","uploadtime":1788400894,"views":"4","formatid":"gen9championsvgc2026regmb","rating":null,"private":0,"password":null}