{"id":"gen9championsvgc2026regmb-2674551042","format":"[Gen 9 Champions] VGC 2026 Reg M-B","players":["calacadura","top of the lake"],"log":"|j|☆calacadura\n|j|☆top of the lake\n|t:|1788372957\n|gametype|doubles\n|player|p1|calacadura|101|1268\n|player|p2|top of the lake|265|1347\n|gen|9\n|tier|[Gen 9 Champions] VGC 2026 Reg M-B\n|rated|\n|rule|Species Clause: Limit one of each Pokémon\n|rule|Item Clause: Limit 1 of each item\n|clearpoke\n|poke|p1|Garchomp, L50, F|\n|poke|p1|Sinistcha, L50|\n|poke|p1|Grimmsnarl, L50, M|\n|poke|p1|Scovillain, L50, M|\n|poke|p1|Hippowdon, L50, M|\n|poke|p1|Whimsicott, L50, M|\n|poke|p2|Raichu, L50, M|\n|poke|p2|Staraptor, L50, M|\n|poke|p2|Farigiraf, L50, F|\n|poke|p2|Kingambit, L50, F|\n|poke|p2|Sylveon, L50, F, shiny|\n|poke|p2|Arcanine-Hisui, L50, M|\n|teampreview|4\ntop of the lake has agreed to open team sheets.\n|inactive|Battle timer is ON: inactive players will automatically lose when time's up. (requested by top of the lake)\n|inactive|calacadura has 60 seconds left.\n|\n|t:|1788373003\n|teamsize|p1|4\n|teamsize|p2|4\n|start\n|switch|p1a: Grimmsnarl|Grimmsnarl, L50, M|100/100\n|switch|p1b: Hippowdon|Hippowdon, L50, M|100/100\n|switch|p2a: Staraptor|Staraptor, L50, M|100/100\n|switch|p2b: Sylveon|Sylveon, L50, F, shiny|100/100\n|-ability|p2a: Staraptor|Intimidate|boost\n|-unboost|p1a: Grimmsnarl|atk|1\n|-unboost|p1b: Hippowdon|atk|1\n|-weather|Sandstorm|[from] ability: Sand Stream|[of] p1b: Hippowdon\n|turn|1\n|\n|t:|1788373019\n|detailschange|p2a: Staraptor|Staraptor-Mega, L50, M\n|-mega|p2a: Staraptor|Staraptor|Staraptite\n|move|p1a: Grimmsnarl|Light Screen|p1a: Grimmsnarl\n|-sidestart|p1: calacadura|move: Light Screen\n|move|p2a: Staraptor|Tailwind|p2a: Staraptor\n|-sidestart|p2: top of the lake|move: Tailwind\n|move|p2b: Sylveon|Hyper Voice|p1b: Hippowdon|[spread] p1a,p1b\n|-supereffective|p1a: Grimmsnarl|1\n|-damage|p1a: Grimmsnarl|53/100\n|-damage|p1b: Hippowdon|76/100\n|move|p1b: Hippowdon|Curse|p1b: Hippowdon\n|-unboost|p1b: Hippowdon|spe|1\n|-boost|p1b: Hippowdon|atk|1\n|-boost|p1b: Hippowdon|def|1\n|\n|-weather|Sandstorm|[upkeep]\n|-damage|p2a: Staraptor|93/100|[from] Sandstorm\n|-damage|p2b: Sylveon|94/100|[from] Sandstorm\n|-damage|p1a: Grimmsnarl|48/100|[from] Sandstorm\n|-heal|p1b: Hippowdon|82/100|[from] item: Leftovers\n|upkeep\n|turn|2\n|\n|t:|1788373037\n|move|p2a: Staraptor|Close Combat|p1a: Grimmsnarl\n|-damage|p1a: Grimmsnarl|0 fnt\n|-boost|p2a: Staraptor|def|1\n|-boost|p2a: Staraptor|spd|1\n|faint|p1a: Grimmsnarl\n|move|p2b: Sylveon|Hyper Beam|p1b: Hippowdon\n|-damage|p1b: Hippowdon|31/100\n|-mustrecharge|p2b: Sylveon\n|move|p1b: Hippowdon|Curse|p1b: Hippowdon\n|-unboost|p1b: Hippowdon|spe|1\n|-boost|p1b: Hippowdon|atk|1\n|-boost|p1b: Hippowdon|def|1\n|\n|-weather|Sandstorm|[upkeep]\n|-damage|p2a: Staraptor|87/100|[from] Sandstorm\n|-damage|p2b: Sylveon|88/100|[from] Sandstorm\n|-heal|p1b: Hippowdon|37/100|[from] item: Leftovers\n|upkeep\n|\n|t:|1788373045\n|switch|p1a: Garchomp|Garchomp, L50, F|100/100\n|turn|3\n|\n|t:|1788373063\n|detailschange|p1a: Garchomp|Garchomp-Mega, L50, F\n|-mega|p1a: Garchomp|Garchomp|Garchompite\n|move|p2a: Staraptor|Protect|p2a: Staraptor\n|-singleturn|p2a: Staraptor|Protect\n|cant|p2b: Sylveon|recharge\n|move|p1a: Garchomp|Rock Slide|p2a: Staraptor|[spread] p2b\n|-activate|p2a: Staraptor|move: Protect\n|-damage|p2b: Sylveon|45/100\n|move|p1b: Hippowdon|Slack Off|p1b: Hippowdon\n|-heal|p1b: Hippowdon|87/100\n|\n|-weather|Sandstorm|[upkeep]\n|-damage|p2a: Staraptor|81/100|[from] Sandstorm\n|-damage|p2b: Sylveon|39/100|[from] Sandstorm\n|-heal|p1b: Hippowdon|93/100|[from] item: Leftovers\n|upkeep\n|turn|4\n|inactive|calacadura has 30 seconds left.\n|\n|t:|1788373091\n|move|p2a: Staraptor|Close Combat|p1b: Hippowdon\n|-damage|p1b: Hippowdon|67/100\n|-boost|p2a: Staraptor|def|1\n|-boost|p2a: Staraptor|spd|1\n|move|p2b: Sylveon|Hyper Voice|p1b: Hippowdon|[spread] p1a,p1b\n|-supereffective|p1a: Garchomp|1\n|-damage|p1a: Garchomp|40/100\n|-damage|p1b: Hippowdon|41/100\n|move|p1a: Garchomp|Rock Slide|p2a: Staraptor|[spread] p2a,p2b\n|-damage|p2a: Staraptor|63/100\n|-damage|p2b: Sylveon|0 fnt\n|faint|p2b: Sylveon\n|move|p1b: Hippowdon|Amnesia|p1b: Hippowdon\n|-boost|p1b: Hippowdon|spd|2\n|\n|-weather|Sandstorm|[upkeep]\n|-damage|p2a: Staraptor|57/100|[from] Sandstorm\n|-heal|p1b: Hippowdon|47/100|[from] item: Leftovers\n|-sideend|p2: top of the lake|move: Tailwind\n|upkeep\n|\n|t:|1788373108\n|switch|p2b: Farigiraf|Farigiraf, L50, F|100/100\n|turn|5\n|\n|t:|1788373121\n|switch|p1a: Sinistcha|Sinistcha, L50|100/100\n|-heal|p1b: Hippowdon|72/100|[from] ability: Hospitality|[of] p1a: Sinistcha\n|move|p2a: Staraptor|Close Combat|p1a: Sinistcha\n|-immune|p1a: Sinistcha\n|move|p2b: Farigiraf|Psychic|p1a: Sinistcha\n|-crit|p1a: Sinistcha\n|-damage|p1a: Sinistcha|25/100\n|move|p1b: Hippowdon|Curse|p1b: Hippowdon\n|-unboost|p1b: Hippowdon|spe|1\n|-boost|p1b: Hippowdon|atk|1\n|-boost|p1b: Hippowdon|def|1\n|\n|-weather|none\n|-heal|p1b: Hippowdon|78/100|[from] item: Leftovers\n|upkeep\n|turn|6\n|inactive|top of the lake has 30 seconds left.\n|\n|t:|1788373153\n|switch|p1a: Garchomp|Garchomp-Mega, L50, F|40/100\n|move|p2a: Staraptor|Close Combat|p1b: Hippowdon\n|-damage|p1b: Hippowdon|59/100\n|-boost|p2a: Staraptor|def|1\n|-boost|p2a: Staraptor|spd|1\n|move|p2b: Farigiraf|Psychic|p1b: Hippowdon\n|-damage|p1b: Hippowdon|47/100\n|move|p1b: Hippowdon|Curse|p1b: Hippowdon\n|-unboost|p1b: Hippowdon|spe|1\n|-boost|p1b: Hippowdon|atk|1\n|-boost|p1b: Hippowdon|def|1\n|\n|-heal|p1b: Hippowdon|53/100|[from] item: Leftovers\n|upkeep\n|turn|7\n|\n|t:|1788373169\n|switch|p1a: Sinistcha|Sinistcha, L50|25/100\n|-heal|p1b: Hippowdon|78/100|[from] ability: Hospitality|[of] p1a: Sinistcha\n|move|p2a: Staraptor|Close Combat|p1a: Sinistcha\n|-immune|p1a: Sinistcha\n|move|p2b: Farigiraf|Psychic|p1b: Hippowdon\n|-damage|p1b: Hippowdon|68/100\n|move|p1b: Hippowdon|Rock Slide|p2b: Farigiraf|[spread] p2a,p2b\n|-damage|p2a: Staraptor|40/100\n|-damage|p2b: Farigiraf|53/100\n|\n|-heal|p1b: Hippowdon|74/100|[from] item: Leftovers\n|upkeep\n|turn|8\n|inactive|calacadura has 30 seconds left.\n|\n|t:|1788373198\n|move|p2a: Staraptor|Brave Bird|p1a: Sinistcha\n|-supereffective|p1a: Sinistcha|1\n|-damage|p1a: Sinistcha|0 fnt\n|faint|p1a: Sinistcha\n|-damage|p2a: Staraptor|31/100|[from] Recoil\n|move|p2b: Farigiraf|Psychic|p1b: Hippowdon\n|-damage|p1b: Hippowdon|63/100\n|move|p1b: Hippowdon|Curse|p1b: Hippowdon\n|-unboost|p1b: Hippowdon|spe|1\n|-boost|p1b: Hippowdon|atk|1\n|-boost|p1b: Hippowdon|def|1\n|\n|-heal|p1b: Hippowdon|69/100|[from] item: Leftovers\n|-sideend|p1: calacadura|move: Light Screen\n|upkeep\n|\n|t:|1788373200\n|switch|p1a: Garchomp|Garchomp-Mega, L50, F|40/100\n|turn|9\n|inactive|top of the lake has 30 seconds left.\n|inactive|top of the lake has 20 seconds left.\n|inactive|top of the lake has 15 seconds left.\n|\n|t:|1788373243\n|move|p2a: Staraptor|Tailwind|p2a: Staraptor\n|-sidestart|p2: top of the lake|move: Tailwind\n|move|p2b: Farigiraf|Psychic|p1b: Hippowdon\n|-crit|p1b: Hippowdon\n|-damage|p1b: Hippowdon|26/100\n|-unboost|p1b: Hippowdon|spd|1\n|move|p1a: Garchomp|Rock Slide|p2b: Farigiraf|[spread] p2a,p2b\n|-damage|p2a: Staraptor|19/100\n|-damage|p2b: Farigiraf|23/100\n|-enditem|p2b: Farigiraf|Sitrus Berry|[eat]\n|-heal|p2b: Farigiraf|48/100|[from] item: Sitrus Berry\n|move|p1b: Hippowdon|Rock Slide|p2a: Staraptor|[spread] p2a,p2b\n|-damage|p2a: Staraptor|1/100\n|-damage|p2b: Farigiraf|0 fnt\n|faint|p2b: Farigiraf\n|\n|-heal|p1b: Hippowdon|32/100|[from] item: Leftovers\n|upkeep\n|\n|t:|1788373244\n|switch|p2b: Arcanine|Arcanine-Hisui, L50, M|100/100\n|turn|10\n|\n|t:|1788373264\n|move|p1a: Garchomp|Protect|p1a: Garchomp\n|-singleturn|p1a: Garchomp|Protect\n|move|p2a: Staraptor|Close Combat|p1b: Hippowdon\n|-damage|p1b: Hippowdon|19/100\n|-boost|p2a: Staraptor|def|1\n|-boost|p2a: Staraptor|spd|1\n|move|p2b: Arcanine|Head Smash|p1a: Garchomp\n|-activate|p1a: Garchomp|move: Protect\n|move|p1b: Hippowdon|Slack Off|p1b: Hippowdon\n|-heal|p1b: Hippowdon|69/100\n|\n|-heal|p1b: Hippowdon|75/100|[from] item: Leftovers\n|upkeep\n|turn|11\n|\n|t:|1788373272\n|move|p2a: Staraptor|Close Combat|p1b: Hippowdon\n|-damage|p1b: Hippowdon|63/100\n|-boost|p2a: Staraptor|def|1\n|-boost|p2a: Staraptor|spd|1\n|move|p2b: Arcanine|Head Smash|p1a: Garchomp\n|-resisted|p1a: Garchomp|1\n|-damage|p1a: Garchomp|7/100\n|move|p1a: Garchomp|Rock Slide|p2b: Arcanine|[spread] p2a,p2b\n|-supereffective|p2b: Arcanine|1\n|-damage|p2a: Staraptor|0 fnt\n|-damage|p2b: Arcanine|32/100\n|faint|p2a: Staraptor\n|move|p1b: Hippowdon|Rock Slide|p2b: Arcanine\n|-supereffective|p2b: Arcanine|1\n|-damage|p2b: Arcanine|0 fnt\n|faint|p2b: Arcanine\n|\n|win|calacadura\n|raw|calacadura's rating: 1268 &rarr; <strong>1299</strong><br />(+31 for winning)\n|raw|top of the lake's rating: 1347 &rarr; <strong>1323</strong><br />(-24 for losing)\n","uploadtime":1788373274,"views":"0","formatid":"gen9championsvgc2026regmb","rating":1299,"private":0,"password":null}