{"id":"gen9championsvgc2026regmbbo3-2674616249","format":"[Gen 9 Champions] VGC 2026 Reg M-B (Bo3)","players":["Shadowburn654","JaxonW41"],"log":"|j|☆Shadowburn654\n|j|☆JaxonW41\n|html|<table width=\"100%\"><tr><td align=\"left\">Shadowburn654</td><td align=\"right\">JaxonW41</tr><tr><td align=\"left\"><i class=\"fa fa-circle\"></i> <i class=\"fa fa-circle-o\"></i> </td><td align=\"right\"><i class=\"fa fa-circle-o\"></i> <i class=\"fa fa-circle-o\"></i> </tr></table>\n|uhtml|bestof|<h2><strong>Game 2</strong> of <a href=\"/game-bestof3-gen9championsvgc2026regmbbo3-2674614347\">a best-of-3</a></h2>\n|t:|1788380715\n|gametype|doubles\n|player|p1|Shadowburn654|lucas|1052\n|player|p2|JaxonW41|2|1114\n|gen|9\n|tier|[Gen 9 Champions] VGC 2026 Reg M-B (Bo3)\n|rated|\n|rule|Species Clause: Limit one of each Pokémon\n|rule|Item Clause: Limit 1 of each item\n|clearpoke\n|poke|p1|Kingambit, L50, M|\n|poke|p1|Basculegion, L50, M|\n|poke|p1|Garchomp, L50, M|\n|poke|p1|Charizard, L50, F|\n|poke|p1|Whimsicott, L50, M|\n|poke|p1|Floette-Eternal, L50, F|\n|poke|p2|Delphox, L50, M|\n|poke|p2|Sinistcha, L50|\n|poke|p2|Froslass, L50, F|\n|poke|p2|Whimsicott, L50, M|\n|poke|p2|Sneasler, L50, M|\n|poke|p2|Kingambit, L50, M|\n|teampreview|4\n|showteam|p1|Kingambit||ChopleBerry|Defiant|KowtowCleave,SuckerPunch,IronHead,LowKick|Adamant||M|||50|]Basculegion||LifeOrb|Adaptability|WaveCrash,AquaJet,LastRespects,Protect|Adamant||M|||50|]Garchomp||SitrusBerry|RoughSkin|DragonClaw,Earthquake,RockSlide,Protect|Jolly||M|||50|]Charizard||CharizarditeY|Blaze|HeatWave,WeatherBall,AncientPower,Protect|Timid||F|||50|]Whimsicott||FocusSash|Prankster|Moonblast,Tailwind,Encore,Protect|Timid||M|||50|]Floette-Eternal||Floettite|FlowerVeil|Moonblast,DazzlingGleam,LightofRuin,Protect|Modest||F|||50|\n|showteam|p2|Delphox||Delphoxite|Blaze|NastyPlot,HeatWave,DazzlingGleam,Psychic|Timid||M|||50|]Sinistcha||SitrusBerry|Hospitality|RagePowder,Protect,MatchaGotcha,Imprison|Bold|||||50|]Froslass||Froslassite|CursedBody|ShadowBall,Blizzard,NastyPlot,Protect|Timid||F|||50|]Whimsicott||FocusSash|Prankster|Tailwind,SunnyDay,Encore,Moonblast|Timid||M|||50|]Sneasler||WhiteHerb|Unburden|CloseCombat,Feint,FakeOut,DireClaw|Jolly||M|||50|]Kingambit||LifeOrb|Defiant|KowtowCleave,SuckerPunch,IronHead,LowKick|Adamant||M|||50|\n|c|☆Shadowburn654|glhf\n|\n|t:|1788380772\n|teamsize|p1|4\n|teamsize|p2|4\n|start\n|switch|p1a: Floette|Floette-Eternal, L50, F|100/100\n|switch|p1b: Whimsicott|Whimsicott, L50, M|100/100\n|switch|p2a: Whimsicott|Whimsicott, L50, M|100/100\n|switch|p2b: Delphox|Delphox, L50, M|100/100\n|turn|1\n|\n|t:|1788380804\n|detailschange|p2b: Delphox|Delphox-Mega, L50, M\n|-mega|p2b: Delphox|Delphox|Delphoxite\n|detailschange|p1a: Floette|Floette-Mega, L50, F\n|-mega|p1a: Floette|Floette|Floettite\n|-ability|p1a: Floette|Fairy Aura\n|move|p1a: Floette|Protect|p1a: Floette\n|-singleturn|p1a: Floette|Protect\n|move|p1b: Whimsicott|Tailwind|p1b: Whimsicott\n|-sidestart|p1: Shadowburn654|move: Tailwind\n|move|p2a: Whimsicott|Tailwind|p2a: Whimsicott\n|-sidestart|p2: JaxonW41|move: Tailwind\n|move|p2b: Delphox|Nasty Plot|p2b: Delphox\n|-boost|p2b: Delphox|spa|2\n|\n|upkeep\n|turn|2\n|inactive|Battle timer is ON: inactive players will automatically lose when time's up. (requested by Shadowburn654)\n|\n|t:|1788380827\n|move|p2a: Whimsicott|Encore|p1b: Whimsicott\n|-start|p1b: Whimsicott|Encore\n|move|p1b: Whimsicott|Tailwind||[still]\n|-fail|p1b: Whimsicott\n|move|p2b: Delphox|Heat Wave|p1a: Floette|[spread] p1a,p1b\n|-supereffective|p1b: Whimsicott|1\n|-damage|p1a: Floette|29/100\n|-enditem|p1b: Whimsicott|Focus Sash\n|-damage|p1b: Whimsicott|1/100\n|move|p1a: Floette|Dazzling Gleam|p2b: Delphox|[spread] p2a,p2b\n|-resisted|p2b: Delphox|1\n|-damage|p2a: Whimsicott|20/100y\n|-damage|p2b: Delphox|76/100\n|\n|upkeep\n|turn|3\n|inactive|Shadowburn654 has 30 seconds left.\n|inactive|JaxonW41 has 30 seconds left.\n|\n|t:|1788380860\n|move|p1a: Floette|Protect|p1a: Floette\n|-singleturn|p1a: Floette|Protect\n|move|p1b: Whimsicott|Tailwind||[still]\n|-fail|p1b: Whimsicott\n|move|p2b: Delphox|Heat Wave|p1a: Floette|[spread] p1b\n|-activate|p1a: Floette|move: Protect\n|-supereffective|p1b: Whimsicott|1\n|-damage|p1b: Whimsicott|0 fnt\n|faint|p1b: Whimsicott\n|move|p2a: Whimsicott|Moonblast|p1a: Floette\n|-activate|p1a: Floette|move: Protect\n|\n|upkeep\n|\n|t:|1788380870\n|switch|p1b: Basculegion|Basculegion, L50, M|100/100\n|turn|4\n|\n|t:|1788380886\n|move|p2a: Whimsicott|Sunny Day|p2a: Whimsicott\n|-weather|SunnyDay\n|move|p1b: Basculegion|Aqua Jet|p2b: Delphox\n|-supereffective|p2b: Delphox|1\n|-damage|p2b: Delphox|21/100\n|-damage|p1b: Basculegion|90/100|[from] item: Life Orb\n|move|p2b: Delphox|Heat Wave|p1a: Floette|[spread] p1a,p1b\n|-resisted|p1b: Basculegion|1\n|-damage|p1a: Floette|0 fnt\n|-damage|p1b: Basculegion|15/100\n|faint|p1a: Floette\n|\n|-weather|SunnyDay|[upkeep]\n|-sideend|p2: JaxonW41|move: Tailwind\n|-sideend|p1: Shadowburn654|move: Tailwind\n|upkeep\n|\n|t:|1788380893\n|switch|p1a: Garchomp|Garchomp, L50, M|100/100\n|turn|5\n|inactive|JaxonW41 has 30 seconds left.\n|\n|t:|1788380923\n|move|p1b: Basculegion|Aqua Jet|p2b: Delphox\n|-supereffective|p2b: Delphox|1\n|-damage|p2b: Delphox|0 fnt\n|faint|p2b: Delphox\n|-damage|p1b: Basculegion|6/100|[from] item: Life Orb\n|move|p2a: Whimsicott|Moonblast|p1b: Basculegion\n|-damage|p1b: Basculegion|0 fnt\n|faint|p1b: Basculegion\n|move|p1a: Garchomp|Rock Slide|p2a: Whimsicott\n|-damage|p2a: Whimsicott|0 fnt\n|faint|p2a: Whimsicott\n|\n|-weather|SunnyDay|[upkeep]\n|upkeep\n|\n|t:|1788380931\n|switch|p2b: Sinistcha|Sinistcha, L50|100/100\n|switch|p2a: Sneasler|Sneasler, L50, M|100/100\n|turn|6\n|\n|t:|1788380945\n|move|p1a: Garchomp|Protect|p1a: Garchomp\n|-singleturn|p1a: Garchomp|Protect\n|move|p2a: Sneasler|Feint|p1a: Garchomp\n|-activate|p1a: Garchomp|move: Feint\n|-damage|p1a: Garchomp|90/100\n|move|p2b: Sinistcha|Matcha Gotcha|p1a: Garchomp\n|-damage|p1a: Garchomp|49/100\n|-enditem|p1a: Garchomp|Sitrus Berry|[eat]\n|-heal|p1a: Garchomp|74/100|[from] item: Sitrus Berry\n|\n|-weather|SunnyDay|[upkeep]\n|upkeep\n|turn|7\n|\n|t:|1788380954\n|move|p2a: Sneasler|Close Combat|p1a: Garchomp\n|-damage|p1a: Garchomp|14/100\n|-unboost|p2a: Sneasler|def|1\n|-unboost|p2a: Sneasler|spd|1\n|-damage|p2a: Sneasler|88/100|[from] ability: Rough Skin|[of] p1a: Garchomp\n|-enditem|p2a: Sneasler|White Herb\n|-clearnegativeboost|p2a: Sneasler|[silent]\n|move|p1a: Garchomp|Earthquake|p2b: Sinistcha|[spread] p2a,p2b\n|-supereffective|p2a: Sneasler|1\n|-resisted|p2b: Sinistcha|1\n|-damage|p2a: Sneasler|0 fnt\n|-damage|p2b: Sinistcha|81/100\n|faint|p2a: Sneasler\n|move|p2b: Sinistcha|Matcha Gotcha|p1a: Garchomp\n|-crit|p1a: Garchomp\n|-damage|p1a: Garchomp|0 fnt\n|-heal|p2b: Sinistcha|90/100|[from] drain|[of] p1a: Garchomp\n|faint|p1a: Garchomp\n|\n|win|JaxonW41\n||JaxonW41 is ready for game 3.\n|l|☆Shadowburn654\n|player|p1|\n|inactive|Shadowburn654 has 30 seconds to confirm battle start!\n||Shadowburn654 is ready for game 3.\n|uhtml|next|Next: <a href=\"/battle-gen9championsvgc2026regmbbo3-2674618306\"><strong>Game 3 of 3</strong></a>\n|j| source0\n|l|☆JaxonW41\n|player|p2|\n","uploadtime":1788382259,"views":"0","formatid":"gen9championsvgc2026regmbbo3","rating":null,"private":0,"password":null}