{"id":"gen9championsvgc2026regmbbo3-2673795661","format":"[Gen 9 Champions] VGC 2026 Reg M-B (Bo3)","players":["alexgpapmer","laowenjin"],"log":"|j|☆alexgpapmer\n|j|☆laowenjin\n|html|<table width=\"100%\"><tr><td align=\"left\">alexgpapmer</td><td align=\"right\">laowenjin</tr><tr><td align=\"left\"><i class=\"fa fa-circle\"></i> <i class=\"fa fa-circle-o\"></i> </td><td align=\"right\"><i class=\"fa fa-circle-o\"></i> <i class=\"fa fa-circle\"></i> </tr></table>\n|uhtml|bestof|<h2><strong>Game 3</strong> of <a href=\"/game-bestof3-gen9championsvgc2026regmbbo3-2673793807\">a best-of-3</a></h2>\n|t:|1788258468\n|gametype|doubles\n|player|p1|alexgpapmer|102|1063\n|player|p2|laowenjin|102|1100\n|gen|9\n|tier|[Gen 9 Champions] VGC 2026 Reg M-B (Bo3)\n|rated|\n|rule|Species Clause: Limit one of each Pokémon\n|rule|Item Clause: Limit 1 of each item\n|clearpoke\n|poke|p1|Incineroar, L50, M|\n|poke|p1|Toxapex, L50, M|\n|poke|p1|Garchomp, L50, M|\n|poke|p1|Charizard, L50, M|\n|poke|p1|Venusaur, L50, M|\n|poke|p1|Sylveon, L50, M|\n|poke|p2|Staraptor, L50, F|\n|poke|p2|Blastoise, L50, M|\n|poke|p2|Pelipper, L50, M|\n|poke|p2|Gengar, L50, M|\n|poke|p2|Archaludon, L50, M|\n|poke|p2|Whimsicott, L50, M|\n|teampreview|4\n|showteam|p1|Incineroar||SitrusBerry|Intimidate|FakeOut,PartingShot,FlareBlitz,Protect|Impish||M|||50|]Toxapex||Leftovers|Regenerator|BanefulBunker,Infestation,Toxic,WideGuard|Relaxed||M|||50|]Garchomp||ChoiceScarf|RoughSkin|StompingTantrum,Earthquake,DragonClaw,RockSlide|Adamant||M|||50|]Charizard||CharizarditeY|Blaze|Protect,HeatWave,SolarBeam,WeatherBall|Timid||M|||50|]Venusaur||FocusSash|Chlorophyll|Protect,SludgeBomb,EarthPower,SleepPowder|Modest||M|||50|]Sylveon||FairyFeather|Pixilate|Detect,HyperVoice,QuickAttack,Yawn|Quiet||M|||50|\n|showteam|p2|Staraptor||Staraptite|Intimidate|BraveBird,CloseCombat,Protect,Roost|Jolly||F|||50|]Blastoise||Blastoisinite|Torrent|Protect,WaterSpout,WaterPulse,IceBeam|Timid||M|||50|]Pelipper||DampRock|Drizzle|Protect,WeatherBall,Hurricane,Tailwind|Modest||M|||50|]Gengar||FocusSash|CursedBody|Protect,WillOWisp,ShadowBall,SludgeBomb|Timid||M|||50|]Archaludon||SitrusBerry|Stamina|FlashCannon,ElectroShot,DragonPulse,Protect|Timid||M|||50|]Whimsicott||FairyFeather|Prankster|Moonblast,Charm,Protect,Tailwind|Modest||M|||50|\n|inactive|Battle timer is ON: inactive players will automatically lose when time's up. (requested by laowenjin)\n|\n|t:|1788258485\n|teamsize|p1|4\n|teamsize|p2|4\n|start\n|switch|p1a: Sylveon|Sylveon, L50, M|100/100\n|switch|p1b: Incineroar|Incineroar, L50, M|100/100\n|switch|p2a: Blastoise|Blastoise, L50, M|100/100\n|switch|p2b: Pelipper|Pelipper, L50, M|100/100\n|-weather|RainDance|[from] ability: Drizzle|[of] p2b: Pelipper\n|-ability|p1b: Incineroar|Intimidate|boost\n|-unboost|p2a: Blastoise|atk|1\n|-unboost|p2b: Pelipper|atk|1\n|turn|1\n|\n|t:|1788258495\n|switch|p2b: Whimsicott|Whimsicott, L50, M|100/100\n|switch|p1b: Charizard|Charizard, L50, M|100/100\n|move|p2a: Blastoise|Protect|p2a: Blastoise\n|-singleturn|p2a: Blastoise|Protect\n|move|p1a: Sylveon|Hyper Voice|p2b: Whimsicott|[spread] p2b\n|-activate|p2a: Blastoise|move: Protect\n|-damage|p2b: Whimsicott|35/100\n|\n|-weather|RainDance|[upkeep]\n|upkeep\n|turn|2\n|inactive|laowenjin has 30 seconds left.\n|\n|t:|1788258521\n|detailschange|p1b: Charizard|Charizard-Mega-Y, L50, M\n|-mega|p1b: Charizard|Charizard|Charizardite Y\n|-weather|SunnyDay|[from] ability: Drought|[of] p1b: Charizard\n|detailschange|p2a: Blastoise|Blastoise-Mega, L50, M\n|-mega|p2a: Blastoise|Blastoise|Blastoisinite\n|move|p2b: Whimsicott|Tailwind|p2b: Whimsicott\n|-sidestart|p2: laowenjin|move: Tailwind\n|move|p2a: Blastoise|Water Spout|p1a: Sylveon|[spread] p1a,p1b\n|-supereffective|p1b: Charizard|1\n|-damage|p1a: Sylveon|73/100\n|-damage|p1b: Charizard|47/100\n|move|p1b: Charizard|Solar Beam||[still]\n|-prepare|p1b: Charizard|Solar Beam\n|-anim|p1b: Charizard|Solar Beam|p2a: Blastoise\n|-supereffective|p2a: Blastoise|1\n|-damage|p2a: Blastoise|21/100\n|move|p1a: Sylveon|Hyper Voice|p2a: Blastoise|[spread] p2a,p2b\n|-damage|p2a: Blastoise|0 fnt\n|-damage|p2b: Whimsicott|0 fnt\n|faint|p2a: Blastoise\n|faint|p2b: Whimsicott\n|\n|-weather|SunnyDay|[upkeep]\n|upkeep\n|\n|t:|1788258529\n|switch|p2b: Pelipper|Pelipper, L50, M|100/100\n|switch|p2a: Archaludon|Archaludon, L50, M|100/100\n|-weather|RainDance|[from] ability: Drizzle|[of] p2b: Pelipper\n|turn|3\n|\n|t:|1788258547\n|switch|p1b: Venusaur|Venusaur, L50, M|100/100\n|move|p1a: Sylveon|Detect|p1a: Sylveon\n|-singleturn|p1a: Sylveon|Protect\n|move|p2a: Archaludon|Electro Shot||[still]\n|-prepare|p2a: Archaludon|Electro Shot\n|-boost|p2a: Archaludon|spa|1\n|-anim|p2a: Archaludon|Electro Shot|p1a: Sylveon\n|-activate|p1a: Sylveon|move: Protect\n|move|p2b: Pelipper|Weather Ball|p1b: Venusaur\n|-resisted|p1b: Venusaur|1\n|-damage|p1b: Venusaur|57/100\n|\n|-weather|RainDance|[upkeep]\n|upkeep\n|turn|4\n|inactive|alexgpapmer has 30 seconds left.\n|\n|t:|1788258580\n|switch|p1b: Incineroar|Incineroar, L50, M|100/100\n|-ability|p1b: Incineroar|Intimidate|boost\n|-unboost|p2a: Archaludon|atk|1\n|-unboost|p2b: Pelipper|atk|1\n|move|p2a: Archaludon|Flash Cannon|p1a: Sylveon\n|-supereffective|p1a: Sylveon|1\n|-damage|p1a: Sylveon|0 fnt\n|faint|p1a: Sylveon\n|move|p2b: Pelipper|Hurricane|p1b: Incineroar\n|-damage|p1b: Incineroar|55/100\n|\n|-weather|RainDance|[upkeep]\n|upkeep\n|\n|t:|1788258590\n|switch|p1a: Charizard|Charizard-Mega-Y, L50, M|47/100\n|-weather|SunnyDay|[from] ability: Drought|[of] p1a: Charizard\n|turn|5\n|\n|t:|1788258613\n|move|p2a: Archaludon|Protect|p2a: Archaludon\n|-singleturn|p2a: Archaludon|Protect\n|move|p2b: Pelipper|Protect|p2b: Pelipper\n|-singleturn|p2b: Pelipper|Protect\n|move|p1a: Charizard|Protect|p1a: Charizard\n|-singleturn|p1a: Charizard|Protect\n|move|p1b: Incineroar|Fake Out|p2a: Archaludon\n|-activate|p2a: Archaludon|move: Protect\n|\n|-weather|SunnyDay|[upkeep]\n|-sideend|p2: laowenjin|move: Tailwind\n|upkeep\n|turn|6\n|\n|t:|1788258627\n|move|p1a: Charizard|Weather Ball|p2a: Archaludon\n|-damage|p2a: Archaludon|0 fnt\n|faint|p2a: Archaludon\n|move|p2b: Pelipper|Weather Ball|p1a: Charizard\n|-resisted|p1a: Charizard|1\n|-damage|p1a: Charizard|23/100\n|move|p1b: Incineroar|Parting Shot|p2b: Pelipper\n|-unboost|p2b: Pelipper|atk|1\n|-unboost|p2b: Pelipper|spa|1\n|\n|t:|1788258631\n|switch|p1b: Venusaur|Venusaur, L50, M|57/100|[from] Parting Shot\n|\n|-weather|SunnyDay|[upkeep]\n|upkeep\n|turn|7\n|-message|laowenjin forfeited.\n|\n|win|alexgpapmer\n|raw|alexgpapmer's rating: 1063 &rarr; <strong>1097</strong><br />(+34 for winning)\n|raw|laowenjin's rating: 1100 &rarr; <strong>1072</strong><br />(-28 for losing)\n|l|☆laowenjin\n|player|p2|\n","uploadtime":1788258639,"views":"1","formatid":"gen9championsvgc2026regmbbo3","rating":1072,"private":0,"password":null}