{"id":"gen9championsvgc2026regmbbo3-2675023496","format":"[Gen 9 Champions] VGC 2026 Reg M-B (Bo3)","players":["qwdqwdasdasd","okkia3"],"log":"|j|☆qwdqwdasdasd\n|j|☆okkia3\n|html|<table width=\"100%\"><tr><td align=\"left\">qwdqwdasdasd</td><td align=\"right\">okkia3</tr><tr><td align=\"left\"><i class=\"fa fa-circle\"></i> <i class=\"fa fa-circle-o\"></i> </td><td align=\"right\"><i class=\"fa fa-circle-o\"></i> <i class=\"fa fa-circle-o\"></i> </tr></table>\n|uhtml|bestof|<h2><strong>Game 2</strong> of <a href=\"/game-bestof3-gen9championsvgc2026regmbbo3-2675021137\">a best-of-3</a></h2>\n|t:|1788449888\n|gametype|doubles\n|player|p1|qwdqwdasdasd|sage|1048\n|player|p2|okkia3|102|1114\n|gen|9\n|tier|[Gen 9 Champions] VGC 2026 Reg M-B (Bo3)\n|rated|\n|rule|Species Clause: Limit one of each Pokémon\n|rule|Item Clause: Limit 1 of each item\n|clearpoke\n|poke|p1|Chimecho, L50, M|\n|poke|p1|Garchomp, L50, M|\n|poke|p1|Whimsicott, L50, M|\n|poke|p1|Incineroar, L50, F|\n|poke|p1|Ninetales-Alola, L50, F|\n|poke|p1|Palafin, L50, F, shiny|\n|poke|p2|Charizard, L50, F|\n|poke|p2|Whimsicott, L50, M|\n|poke|p2|Basculegion, L50, M|\n|poke|p2|Farigiraf, L50, F|\n|poke|p2|Kangaskhan, L50, F|\n|poke|p2|Sneasler, L50, F|\n|teampreview|4\n|showteam|p1|Chimecho||Chimechite|Levitate|HelpingHand,FlashCannon,Psychic,TrickRoom|Modest||M|||50|]Garchomp||LifeOrb|RoughSkin|Earthquake,RockSlide,DragonClaw,Protect|Jolly||M|||50|]Whimsicott||FocusSash|Prankster|Moonblast,Tailwind,Encore,Protect|Timid||M|||50|]Incineroar||SitrusBerry|Intimidate|FlareBlitz,ThroatChop,PartingShot,FakeOut|Careful||F|||50|]Ninetales-Alola||ChoiceScarf|SnowWarning|Blizzard,DazzlingGleam,FreezeDry,AuroraVeil|Timid||F|||50|]Palafin||MysticWater|ZerotoHero|FlipTurn,WaveCrash,JetPunch,Protect|Jolly||F|||50|\n|showteam|p2|Charizard||CharizarditeY|SolarPower|WeatherBall,HeatWave,SolarBeam,Protect|Timid||F|||50|]Whimsicott||FocusSash|Prankster|Moonblast,Tailwind,SunnyDay,Encore|Timid||M|||50|]Basculegion||ChoiceScarf|Adaptability|WaveCrash,AquaJet,LastRespects,FlipTurn|Adamant||M|||50|]Farigiraf||SitrusBerry|ArmorTail|Psychic,HyperVoice,HelpingHand,TrickRoom|Modest||F|||50|]Kangaskhan||Kangaskhanite|Scrappy|FakeOut,DoubleEdge,DrainPunch,SuckerPunch|Adamant||F|||50|]Sneasler||WhiteHerb|Unburden|FakeOut,CloseCombat,DireClaw,RockTomb|Adamant||F|||50|\n|inactive|Battle timer is ON: inactive players will automatically lose when time's up. (requested by okkia3)\n|\n|t:|1788449917\n|teamsize|p1|4\n|teamsize|p2|4\n|start\n|switch|p1a: Palafin|Palafin, L50, F, shiny|100/100\n|switch|p1b: Whimsicott|Whimsicott, L50, M|100/100\n|switch|p2a: Farigiraf|Farigiraf, L50, F|100/100\n|switch|p2b: Kangaskhan|Kangaskhan, L50, F|100/100\n|turn|1\n|inactive|qwdqwdasdasd has 30 seconds left.\n|inactive|qwdqwdasdasd has 20 seconds left.\n|inactive|qwdqwdasdasd has 15 seconds left.\n|\n|t:|1788449957\n|detailschange|p1a: Palafin|Palafin-Hero, L50, F, shiny\n|switch|p1a: Chimecho|Chimecho, L50, M|100/100\n|move|p1b: Whimsicott|Protect|p1b: Whimsicott\n|-singleturn|p1b: Whimsicott|Protect\n|move|p2b: Kangaskhan|Fake Out|p1b: Whimsicott\n|-activate|p1b: Whimsicott|move: Protect\n|move|p2a: Farigiraf|Psychic|p1b: Whimsicott\n|-activate|p1b: Whimsicott|move: Protect\n|\n|upkeep\n|turn|2\n|\n|t:|1788449980\n|switch|p1b: Palafin|Palafin-Hero, L50, F, shiny|100/100\n|-activate|p1b: Palafin|ability: Zero to Hero\n|detailschange|p2b: Kangaskhan|Kangaskhan-Mega, L50, F\n|-mega|p2b: Kangaskhan|Kangaskhan|Kangaskhanite\n|detailschange|p1a: Chimecho|Chimecho-Mega, L50, M\n|-mega|p1a: Chimecho|Chimecho|Chimechite\n|move|p2b: Kangaskhan|Double-Edge|p1b: Palafin\n|-damage|p1b: Palafin|24/100\n|-damage|p1b: Palafin|7/100\n|-hitcount|p1b: Palafin|2\n|-damage|p2b: Kangaskhan|70/100|[from] Recoil\n|move|p1a: Chimecho|Flash Cannon|p2b: Kangaskhan\n|-damage|p2b: Kangaskhan|33/100\n|move|p2a: Farigiraf|Psychic|p1b: Palafin\n|-damage|p1b: Palafin|0 fnt\n|faint|p1b: Palafin\n|\n|upkeep\n|\n|t:|1788450000\n|switch|p1b: Garchomp|Garchomp, L50, M|100/100\n|turn|3\n|\n|t:|1788450005\n|move|p1a: Chimecho|Helping Hand|p1b: Garchomp\n|-singleturn|p1b: Garchomp|Helping Hand|[of] p1a: Chimecho\n|move|p1b: Garchomp|Earthquake|p2b: Kangaskhan|[spread] p2a,p2b\n|-immune|p1a: Chimecho|[from] ability: Levitate\n|-damage|p2a: Farigiraf|34/100\n|-damage|p2b: Kangaskhan|0 fnt\n|-enditem|p2a: Farigiraf|Sitrus Berry|[eat]\n|-heal|p2a: Farigiraf|59/100|[from] item: Sitrus Berry\n|faint|p2b: Kangaskhan\n|-damage|p1b: Garchomp|90/100|[from] item: Life Orb\n|move|p2a: Farigiraf|Psychic|p1b: Garchomp\n|-damage|p1b: Garchomp|52/100\n|\n|upkeep\n|\n|t:|1788450005\n|switch|p2b: Whimsicott|Whimsicott, L50, M|100/100\n|turn|4\n|\n|t:|1788450025\n|switch|p1b: Whimsicott|Whimsicott, L50, M|100/100\n|move|p2b: Whimsicott|Moonblast|p1b: Whimsicott\n|-damage|p1b: Whimsicott|43/100\n|move|p1a: Chimecho|Flash Cannon|p2b: Whimsicott\n|-supereffective|p2b: Whimsicott|1\n|-enditem|p2b: Whimsicott|Focus Sash\n|-damage|p2b: Whimsicott|1/100\n|move|p2a: Farigiraf|Trick Room|p2a: Farigiraf\n|-fieldstart|move: Trick Room|[of] p2a: Farigiraf\n|\n|upkeep\n|turn|5\n|inactive|qwdqwdasdasd has 30 seconds left.\n|\n|t:|1788450056\n|move|p1b: Whimsicott|Protect|p1b: Whimsicott\n|-singleturn|p1b: Whimsicott|Protect\n|move|p2a: Farigiraf|Hyper Voice|p1b: Whimsicott|[spread] p1a\n|-activate|p1b: Whimsicott|move: Protect\n|-resisted|p1a: Chimecho|1\n|-damage|p1a: Chimecho|87/100\n|move|p1a: Chimecho|Flash Cannon|p2b: Whimsicott\n|-supereffective|p2b: Whimsicott|1\n|-damage|p2b: Whimsicott|0 fnt\n|faint|p2b: Whimsicott\n|\n|upkeep\n|\n|t:|1788450056\n|switch|p2b: Sneasler|Sneasler, L50, F|100/100\n|turn|6\n|\n|t:|1788450078\n|move|p1b: Whimsicott|Tailwind|p1b: Whimsicott\n|-sidestart|p1: qwdqwdasdasd|move: Tailwind\n|move|p2a: Farigiraf|Hyper Voice|p1b: Whimsicott|[spread] p1a,p1b\n|-resisted|p1a: Chimecho|1\n|-damage|p1a: Chimecho|75/100\n|-damage|p1b: Whimsicott|0 fnt\n|faint|p1b: Whimsicott\n|move|p2b: Sneasler|Close Combat|p1a: Chimecho\n|-damage|p1a: Chimecho|21/100\n|-unboost|p2b: Sneasler|def|1\n|-unboost|p2b: Sneasler|spd|1\n|-enditem|p2b: Sneasler|White Herb\n|-clearnegativeboost|p2b: Sneasler|[silent]\n|move|p1a: Chimecho|Trick Room|p1a: Chimecho\n|-fieldend|move: Trick Room\n|\n|upkeep\n|\n|t:|1788450090\n|switch|p1b: Garchomp|Garchomp, L50, M|52/100\n|turn|7\n|\n|t:|1788450095\n|move|p1a: Chimecho|Helping Hand|p1b: Garchomp\n|-singleturn|p1b: Garchomp|Helping Hand|[of] p1a: Chimecho\n|move|p2b: Sneasler|Close Combat|p1a: Chimecho\n|-damage|p1a: Chimecho|0 fnt\n|-unboost|p2b: Sneasler|def|1\n|-unboost|p2b: Sneasler|spd|1\n|faint|p1a: Chimecho\n|move|p1b: Garchomp|Earthquake|p2b: Sneasler|[spread] p2a,p2b\n|-supereffective|p2b: Sneasler|1\n|-damage|p2a: Farigiraf|0 fnt\n|-damage|p2b: Sneasler|0 fnt\n|faint|p2a: Farigiraf\n|faint|p2b: Sneasler\n|-damage|p1b: Garchomp|43/100|[from] item: Life Orb\n|\n|win|qwdqwdasdasd\n|raw|qwdqwdasdasd's rating: 1048 &rarr; <strong>1087</strong><br />(+39 for winning)\n|raw|okkia3's rating: 1114 &rarr; <strong>1084</strong><br />(-30 for losing)\n","uploadtime":1788450095,"views":"4","formatid":"gen9championsvgc2026regmbbo3","rating":1084,"private":0,"password":null}