{"id":"gen9championsvgc2026regmbbo3-2673293274","format":"[Gen 9 Champions] VGC 2026 Reg M-B (Bo3)","players":["ylmao","CaratroncoSun"],"log":"|j|☆ylmao\n|j|☆CaratroncoSun\n|html|<table width=\"100%\"><tr><td align=\"left\">ylmao</td><td align=\"right\">CaratroncoSun</tr><tr><td align=\"left\"><i class=\"fa fa-circle-o\"></i> <i class=\"fa fa-circle-o\"></i> </td><td align=\"right\"><i class=\"fa fa-circle-o\"></i> <i class=\"fa fa-circle-o\"></i> </tr></table>\n|uhtml|bestof|<h2><strong>Game 1</strong> of <a href=\"/game-bestof3-gen9championsvgc2026regmbbo3-2673293273\">a best-of-3</a></h2>\n|t:|1788178456\n|gametype|doubles\n|player|p1|ylmao|youngcouple|1305\n|player|p2|CaratroncoSun|265|1352\n|gen|9\n|tier|[Gen 9 Champions] VGC 2026 Reg M-B (Bo3)\n|rated|\n|rule|Species Clause: Limit one of each Pokémon\n|rule|Item Clause: Limit 1 of each item\n|clearpoke\n|poke|p1|Torkoal, L50, F|\n|poke|p1|Venusaur, L50, M|\n|poke|p1|Farigiraf, L50, F|\n|poke|p1|Sylveon, L50, M|\n|poke|p1|Aerodactyl, L50, M|\n|poke|p1|Kingambit, L50, F|\n|poke|p2|Charizard, L50, M, shiny|\n|poke|p2|Venusaur, L50, M, shiny|\n|poke|p2|Whimsicott, L50, M, shiny|\n|poke|p2|Basculegion, L50, M|\n|poke|p2|Tyranitar, L50, M|\n|poke|p2|Mamoswine, L50, M|\n|teampreview|4\n|showteam|p1|Torkoal||Charcoal|Drought|Eruption,HeatWave,HelpingHand,Protect|Quiet||F|||50|]Venusaur||LifeOrb|Chlorophyll|EnergyBall,WeatherBall,EarthPower,Protect|Modest||M|||50|]Farigiraf||ColburBerry|ArmorTail|TrickRoom,Psychic,Thunderbolt,HelpingHand|Calm||F|||50|]Sylveon||FairyFeather|Pixilate|QuickAttack,HyperVoice,HyperBeam,Protect|Quiet||M|||50|]Aerodactyl||Aerodactylite|Unnerve|RockSlide,DualWingbeat,IceFang,Protect|Jolly||M|||50|]Kingambit||FocusSash|Defiant|SuckerPunch,KowtowCleave,IronHead,LowKick|Adamant||F|||50|\n|showteam|p2|Charizard||CharizarditeY|Blaze|Protect,SolarBeam,HeatWave,AirSlash|Modest||M|||50|]Venusaur||WideLens|Chlorophyll|Protect,GigaDrain,EarthPower,SleepPowder|Modest||M|||50|]Whimsicott||FocusSash|Prankster|Protect,Moonblast,Tailwind,Encore|Timid||M|||50|]Basculegion||MysticWater|Adaptability|Protect,AquaJet,WaveCrash,LastRespects|Adamant||M|||50|]Tyranitar||Tyranitarite|SandStream|Protect,RockSlide,KnockOff,LowKick|Adamant||M|||50|]Mamoswine||LifeOrb|Oblivious|Protect,HighHorsepower,RockSlide,IceShard|Adamant||M|||50|\n|\n|t:|1788178495\n|teamsize|p1|4\n|teamsize|p2|4\n|start\n|switch|p1a: Aerodactyl|Aerodactyl, L50, M|100/100\n|switch|p1b: Venusaur|Venusaur, L50, M|100/100\n|switch|p2a: Charizard|Charizard, L50, M, shiny|100/100\n|switch|p2b: Venusaur|Venusaur, L50, M, shiny|100/100\n|-ability|p1a: Aerodactyl|Unnerve\n|turn|1\n|\n|t:|1788178542\n|detailschange|p1a: Aerodactyl|Aerodactyl-Mega, L50, M\n|-mega|p1a: Aerodactyl|Aerodactyl|Aerodactylite\n|detailschange|p2a: Charizard|Charizard-Mega-Y, L50, M, shiny\n|-mega|p2a: Charizard|Charizard|Charizardite Y\n|-weather|SunnyDay|[from] ability: Drought|[of] p2a: Charizard\n|move|p1b: Venusaur|Weather Ball|p2b: Venusaur\n|-supereffective|p2b: Venusaur|1\n|-damage|p2b: Venusaur|0 fnt\n|faint|p2b: Venusaur\n|-damage|p1b: Venusaur|90/100|[from] item: Life Orb\n|move|p1a: Aerodactyl|Rock Slide|p2a: Charizard\n|-supereffective|p2a: Charizard|2\n|-damage|p2a: Charizard|0 fnt\n|faint|p2a: Charizard\n|\n|-weather|SunnyDay|[upkeep]\n|upkeep\n|\n|t:|1788178556\n|switch|p2a: Tyranitar|Tyranitar, L50, M|100/100\n|switch|p2b: Basculegion|Basculegion, L50, M|100/100\n|-weather|Sandstorm|[from] ability: Sand Stream|[of] p2a: Tyranitar\n|turn|2\n|\n|t:|1788178591\n|move|p2b: Basculegion|Protect|p2b: Basculegion\n|-singleturn|p2b: Basculegion|Protect\n|move|p1a: Aerodactyl|Rock Slide|p2a: Tyranitar|[spread] p2a\n|-activate|p2b: Basculegion|move: Protect\n|-damage|p2a: Tyranitar|72/100\n|move|p1b: Venusaur|Energy Ball|p2b: Basculegion\n|-activate|p2b: Basculegion|move: Protect\n|move|p2a: Tyranitar|Rock Slide|p1b: Venusaur|[spread] p1a,p1b\n|-supereffective|p1a: Aerodactyl|1\n|-damage|p1a: Aerodactyl|15/100\n|-damage|p1b: Venusaur|46/100\n|\n|-weather|Sandstorm|[upkeep]\n|-damage|p1b: Venusaur|40/100|[from] Sandstorm\n|-damage|p2b: Basculegion|93/100|[from] Sandstorm\n|upkeep\n|turn|3\n|\n|t:|1788178615\n|move|p1a: Aerodactyl|Protect|p1a: Aerodactyl\n|-singleturn|p1a: Aerodactyl|Protect\n|move|p2b: Basculegion|Aqua Jet|p1a: Aerodactyl\n|-activate|p1a: Aerodactyl|move: Protect\n|move|p1b: Venusaur|Energy Ball|p2a: Tyranitar\n|-supereffective|p2a: Tyranitar|1\n|-damage|p2a: Tyranitar|4/100\n|-damage|p1b: Venusaur|31/100|[from] item: Life Orb\n|move|p2a: Tyranitar|Knock Off|p1b: Venusaur\n|-damage|p1b: Venusaur|0 fnt\n|-enditem|p1b: Venusaur|Life Orb|[from] move: Knock Off|[of] p2a: Tyranitar\n|faint|p1b: Venusaur\n|\n|-weather|Sandstorm|[upkeep]\n|-damage|p2b: Basculegion|87/100|[from] Sandstorm\n|upkeep\n|\n|t:|1788178623\n|switch|p1b: Farigiraf|Farigiraf, L50, F|100/100\n|turn|4\n|\n|t:|1788178639\n|move|p2a: Tyranitar|Protect|p2a: Tyranitar\n|-singleturn|p2a: Tyranitar|Protect\n|move|p1a: Aerodactyl|Rock Slide|p2a: Tyranitar|[spread] p2b\n|-activate|p2a: Tyranitar|move: Protect\n|-damage|p2b: Basculegion|50/100g\n|move|p2b: Basculegion|Wave Crash|p1a: Aerodactyl\n|-supereffective|p1a: Aerodactyl|1\n|-damage|p1a: Aerodactyl|0 fnt\n|faint|p1a: Aerodactyl\n|-damage|p2b: Basculegion|46/100|[from] Recoil\n|move|p1b: Farigiraf|Trick Room|p1b: Farigiraf\n|-fieldstart|move: Trick Room|[of] p1b: Farigiraf\n|\n|-weather|Sandstorm|[upkeep]\n|-damage|p1b: Farigiraf|94/100|[from] Sandstorm\n|-damage|p2b: Basculegion|40/100|[from] Sandstorm\n|upkeep\n|\n|t:|1788178646\n|switch|p1a: Torkoal|Torkoal, L50, F|100/100\n|-weather|SunnyDay|[from] ability: Drought|[of] p1a: Torkoal\n|turn|5\n|\n|t:|1788178659\n|move|p1b: Farigiraf|Helping Hand|p1a: Torkoal\n|-singleturn|p1a: Torkoal|Helping Hand|[of] p1b: Farigiraf\n|move|p1a: Torkoal|Eruption|p2b: Basculegion|[spread] p2a,p2b\n|-resisted|p2a: Tyranitar|1\n|-resisted|p2b: Basculegion|1\n|-damage|p2a: Tyranitar|0 fnt\n|-damage|p2b: Basculegion|0 fnt\n|faint|p2a: Tyranitar\n|faint|p2b: Basculegion\n|\n|win|ylmao\n","uploadtime":1788178660,"views":"1","formatid":"gen9championsvgc2026regmbbo3","rating":null,"private":0,"password":null}