{"id":"gen9championsvgc2026regmbbo3-2673928690","format":"[Gen 9 Champions] VGC 2026 Reg M-B (Bo3)","players":["food14","fritznader002"],"log":"|j|☆food14\n|j|☆fritznader002\n|html|<table width=\"100%\"><tr><td align=\"left\">food14</td><td align=\"right\">fritznader002</tr><tr><td align=\"left\"><i class=\"fa fa-circle\"></i> <i class=\"fa fa-circle-o\"></i> </td><td align=\"right\"><i class=\"fa fa-circle-o\"></i> <i class=\"fa fa-circle\"></i> </tr></table>\n|uhtml|bestof|<h2><strong>Game 3</strong> of <a href=\"/game-bestof3-gen9championsvgc2026regmbbo3-2673925073\">a best-of-3</a></h2>\n|t:|1788278253\n|gametype|doubles\n|player|p1|food14|preschooler|1088\n|player|p2|fritznader002|169|1145\n|gen|9\n|tier|[Gen 9 Champions] VGC 2026 Reg M-B (Bo3)\n|rated|\n|rule|Species Clause: Limit one of each Pokémon\n|rule|Item Clause: Limit 1 of each item\n|clearpoke\n|poke|p1|Dragonite, L50, F|\n|poke|p1|Scovillain, L50, M|\n|poke|p1|Kingambit, L50, M|\n|poke|p1|Garchomp, L50, F|\n|poke|p1|Sneasler, L50, M|\n|poke|p1|Basculegion, L50, M|\n|poke|p2|Staraptor, L50, M, shiny|\n|poke|p2|Arcanine-Hisui, L50, M, shiny|\n|poke|p2|Kingambit, L50, F, shiny|\n|poke|p2|Sylveon, L50, F, shiny|\n|poke|p2|Raichu, L50, F, shiny|\n|poke|p2|Farigiraf, L50, F, shiny|\n|teampreview|4\n|showteam|p1|Dragonite||Dragoninite|Multiscale|DragonPulse,HeatWave,ExtremeSpeed,Protect|Modest||F|||50|]Scovillain||Scovillainite|Moody|Overheat,GigaDrain,RagePowder,Protect|Bold||M|||50|]Kingambit||LifeOrb|Defiant|KowtowCleave,IronHead,Protect,SuckerPunch|Adamant||M|||50|]Garchomp||ChoiceScarf|RoughSkin|Earthquake,StompingTantrum,DragonClaw,RockSlide|Adamant||F|||50|]Sneasler||WhiteHerb|Unburden|CloseCombat,DireClaw,FakeOut,ToxicSpikes|Jolly||M|||50|]Basculegion||MysticWater|Adaptability|WaveCrash,AquaJet,LastRespects,Protect|Jolly||M|||50|\n|showteam|p2|Staraptor||Staraptite|Intimidate|DualWingbeat,CloseCombat,Tailwind,Protect|Jolly||M|||50|]Arcanine-Hisui||FocusSash|RockHead|FlareBlitz,HeadSmash,ExtremeSpeed,Protect|Jolly||M|||50|]Kingambit||LifeOrb|Defiant|KowtowCleave,SuckerPunch,SwordsDance,Protect|Adamant||F|||50|]Sylveon||FairyFeather|Pixilate|HyperVoice,HyperBeam,QuickAttack,Detect|Modest||F|||50|]Raichu||RaichuniteY|LightningRod|ZapCannon,FocusBlast,FakeOut,Protect|Timid||F|||50|]Farigiraf||SitrusBerry|ArmorTail|Psychic,HelpingHand,TrickRoom,Protect|Calm||F|||50|\n|\n|t:|1788278276\n|teamsize|p1|4\n|teamsize|p2|4\n|start\n|switch|p1a: Garchomp|Garchomp, L50, F|100/100\n|switch|p1b: Sneasler|Sneasler, L50, M|100/100\n|switch|p2a: Wasabi|Arcanine-Hisui, L50, M, shiny|100/100\n|switch|p2b: Flower Man|Staraptor, L50, M, shiny|100/100\n|-ability|p2b: Flower Man|Intimidate|boost\n|-unboost|p1a: Garchomp|atk|1\n|-unboost|p1b: Sneasler|atk|1\n|-enditem|p1b: Sneasler|White Herb\n|-clearnegativeboost|p1b: Sneasler|[silent]\n|turn|1\n|\n|t:|1788278296\n|switch|p2a: Fridge|Farigiraf, L50, F, shiny|100/100\n|detailschange|p2b: Flower Man|Staraptor-Mega, L50, M, shiny\n|-mega|p2b: Flower Man|Staraptor|Staraptite\n|move|p1b: Sneasler|Fake Out||[still]\n|cant|p2a: Fridge|ability: Armor Tail|Fake Out|[of] p1b: Sneasler\n|move|p1a: Garchomp|Stomping Tantrum|p2a: Fridge\n|-damage|p2a: Fridge|75/100\n|move|p2b: Flower Man|Dual Wingbeat|p1b: Sneasler|[miss]\n|-miss|p2b: Flower Man|p1b: Sneasler\n|\n|upkeep\n|turn|2\n|\n|t:|1788278331\n|switch|p1a: Kingambit|Kingambit, L50, M|100/100\n|move|p1b: Sneasler|Close Combat|p2a: Fridge\n|-damage|p2a: Fridge|21/100\n|-unboost|p1b: Sneasler|def|1\n|-unboost|p1b: Sneasler|spd|1\n|-enditem|p2a: Fridge|Sitrus Berry|[eat]\n|-heal|p2a: Fridge|46/100|[from] item: Sitrus Berry\n|move|p2b: Flower Man|Close Combat|p1a: Kingambit\n|-supereffective|p1a: Kingambit|2\n|-damage|p1a: Kingambit|0 fnt\n|-boost|p2b: Flower Man|def|1\n|-boost|p2b: Flower Man|spd|1\n|faint|p1a: Kingambit\n|move|p2a: Fridge|Psychic|p1b: Sneasler\n|-supereffective|p1b: Sneasler|2\n|-damage|p1b: Sneasler|0 fnt\n|faint|p1b: Sneasler\n|\n|upkeep\n|\n|t:|1788278348\n|switch|p1b: Garchomp|Garchomp, L50, F|100/100\n|switch|p1a: Basculegion|Basculegion, L50, M|100/100\n|turn|3\n|\n|t:|1788278369\n|move|p2a: Fridge|Helping Hand|p2b: Flower Man\n|-singleturn|p2b: Flower Man|Helping Hand|[of] p2a: Fridge\n|move|p1b: Garchomp|Rock Slide|p2b: Flower Man|[spread] p2a,p2b\n|-damage|p2a: Fridge|24/100\n|-damage|p2b: Flower Man|85/100\n|cant|p2b: Flower Man|flinch\n|move|p1a: Basculegion|Wave Crash|p2a: Fridge\n|-damage|p2a: Fridge|0 fnt\n|faint|p2a: Fridge\n|-damage|p1a: Basculegion|91/100|[from] Recoil\n|\n|upkeep\n|\n|t:|1788278385\n|switch|p2a: Wasabi|Arcanine-Hisui, L50, M, shiny|100/100\n|turn|4\n|\n|t:|1788278404\n|move|p2a: Wasabi|Protect|p2a: Wasabi\n|-singleturn|p2a: Wasabi|Protect\n|move|p1b: Garchomp|Rock Slide|p2b: Flower Man|[spread] p2b\n|-activate|p2a: Wasabi|move: Protect\n|-damage|p2b: Flower Man|73/100\n|move|p2b: Flower Man|Tailwind|p2b: Flower Man\n|-sidestart|p2: fritznader002|move: Tailwind\n|move|p1a: Basculegion|Last Respects|p2b: Flower Man\n|-damage|p2b: Flower Man|18/100\n|\n|upkeep\n|turn|5\n|\n|t:|1788278419\n|move|p1a: Basculegion|Aqua Jet|p2a: Wasabi\n|-supereffective|p2a: Wasabi|2\n|-enditem|p2a: Wasabi|Focus Sash\n|-damage|p2a: Wasabi|1/100\n|move|p2b: Flower Man|Dual Wingbeat|p1a: Basculegion\n|-damage|p1a: Basculegion|66/100\n|-damage|p1a: Basculegion|41/100\n|-hitcount|p1a: Basculegion|2\n|move|p2a: Wasabi|Head Smash|p1a: Basculegion\n|-damage|p1a: Basculegion|0 fnt\n|faint|p1a: Basculegion\n|move|p1b: Garchomp|Rock Slide|p2a: Wasabi|[spread] p2a,p2b\n|-supereffective|p2a: Wasabi|1\n|-damage|p2a: Wasabi|0 fnt\n|-damage|p2b: Flower Man|4/100\n|faint|p2a: Wasabi\n|\n|upkeep\n|\n|t:|1788278428\n|switch|p2a: Sadie Sink|Sylveon, L50, F, shiny|100/100\n|turn|6\n|\n|t:|1788278435\n|move|p2b: Flower Man|Close Combat|p1b: Garchomp\n|-damage|p1b: Garchomp|44/100\n|-boost|p2b: Flower Man|def|1\n|-boost|p2b: Flower Man|spd|1\n|-damage|p2b: Flower Man|0 fnt|[from] ability: Rough Skin|[of] p1b: Garchomp\n|faint|p2b: Flower Man\n|move|p1b: Garchomp|Rock Slide|p2a: Sadie Sink\n|-damage|p2a: Sadie Sink|67/100\n|move|p2a: Sadie Sink|Hyper Voice|p1b: Garchomp\n|-supereffective|p1b: Garchomp|1\n|-damage|p1b: Garchomp|0 fnt\n|faint|p1b: Garchomp\n|\n|win|fritznader002\n|raw|food14's rating: 1088 &rarr; <strong>1069</strong><br />(-19 for losing)\n|raw|fritznader002's rating: 1145 &rarr; <strong>1166</strong><br />(+21 for winning)\n","uploadtime":1788278483,"views":"0","formatid":"gen9championsvgc2026regmbbo3","rating":1069,"private":0,"password":null}