{"id":"gen9championsvgc2026regmb-2674229649","format":"[Gen 9 Champions] VGC 2026 Reg M-B","players":["bluedinocar","pichaco"],"log":"|j|☆bluedinocar\n|j|☆pichaco\n|t:|1788319283\n|gametype|doubles\n|player|p1|bluedinocar|265|1129\n|player|p2|pichaco|steven|1139\n|gen|9\n|tier|[Gen 9 Champions] VGC 2026 Reg M-B\n|rated|\n|rule|Species Clause: Limit one of each Pokémon\n|rule|Item Clause: Limit 1 of each item\n|clearpoke\n|poke|p1|Staraptor, L50, M|\n|poke|p1|Basculegion, L50, M|\n|poke|p1|Garchomp, L50, M|\n|poke|p1|Arcanine-Hisui, L50, M|\n|poke|p1|Sinistcha, L50|\n|poke|p1|Morpeko, L50, M|\n|poke|p2|Charizard, L50, F|\n|poke|p2|Garchomp, L50, F|\n|poke|p2|Whimsicott, L50, M|\n|poke|p2|Kingambit, L50, F|\n|poke|p2|Basculegion, L50, M|\n|poke|p2|Sinistcha, L50|\n|teampreview|4\n|c|☆bluedinocar|glhf\n|c|☆pichaco|glhf\n|\n|t:|1788319332\n|teamsize|p1|4\n|teamsize|p2|4\n|start\n|switch|p1a: Morpeko|Morpeko, L50, M|100/100\n|switch|p1b: Staraptor|Staraptor, L50, M|100/100\n|switch|p2a: Whimsicott|Whimsicott, L50, M|100/100\n|switch|p2b: Garchomp|Garchomp, L50, F|100/100\n|-ability|p1b: Staraptor|Intimidate|boost\n|-unboost|p2a: Whimsicott|atk|1\n|-unboost|p2b: Garchomp|atk|1\n|turn|1\n|c|☆bluedinocar|this is lwk a troll team i build\n|\n|t:|1788319366\n|detailschange|p1b: Staraptor|Staraptor-Mega, L50, M\n|-mega|p1b: Staraptor|Staraptor|Staraptite\n|move|p2a: Whimsicott|Tailwind|p2a: Whimsicott\n|-sidestart|p2: pichaco|move: Tailwind\n|move|p2b: Garchomp|Rock Slide|p1a: Morpeko|[spread] p1a\n|-miss|p2b: Garchomp|p1b: Staraptor\n|-damage|p1a: Morpeko|66/100\n|-damage|p2b: Garchomp|90/100|[from] item: Life Orb\n|move|p1a: Morpeko|Parting Shot|p1b: Staraptor\n|-boost|p1b: Staraptor|atk|1\n|-boost|p1b: Staraptor|spa|1\n|\n|t:|1788319385\n|switch|p1a: Sinistcha|Sinistcha, L50|100/100|[from] Parting Shot\n|move|p1b: Staraptor|Dual Wingbeat|p2a: Whimsicott\n|-supereffective|p2a: Whimsicott|1\n|-damage|p2a: Whimsicott|21/100\n|-supereffective|p2a: Whimsicott|1\n|-damage|p2a: Whimsicott|0 fnt\n|faint|p2a: Whimsicott\n|-hitcount|p2: Whimsicott|2\n|\n|upkeep\n|\n|t:|1788319395\n|switch|p2a: Sinistcha|Sinistcha, L50|100/100\n|-heal|p2b: Garchomp|100/100|[from] ability: Hospitality|[of] p2a: Sinistcha\n|turn|2\n|\n|t:|1788319413\n|move|p2b: Garchomp|Scale Shot|p1b: Staraptor|[miss]\n|-miss|p2b: Garchomp|p1b: Staraptor\n|move|p2a: Sinistcha|Matcha Gotcha|p1a: Sinistcha|[spread] p1a\n|-miss|p2a: Sinistcha|p1b: Staraptor\n|-resisted|p1a: Sinistcha|1\n|-damage|p1a: Sinistcha|86/100\n|move|p1b: Staraptor|Tailwind|p1b: Staraptor\n|-sidestart|p1: bluedinocar|move: Tailwind\n|move|p1a: Sinistcha|Life Dew||[still]|[spread] p1a,p1b\n|-heal|p1a: Sinistcha|100/100\n|-fail|p1b: Staraptor|heal\n|\n|upkeep\n|turn|3\n|c|☆bluedinocar|bru\n|c|☆bluedinocar|i lifedewed for nothing\n|c|☆bluedinocar|bru\n|\n|t:|1788319444\n|move|p1a: Sinistcha|Rage Powder|p1a: Sinistcha\n|-singleturn|p1a: Sinistcha|move: Rage Powder\n|move|p2b: Garchomp|Scale Shot|p1a: Sinistcha\n|-damage|p1a: Sinistcha|90/100\n|-damage|p1a: Sinistcha|81/100\n|-damage|p1a: Sinistcha|71/100\n|-damage|p1a: Sinistcha|61/100\n|-hitcount|p1a: Sinistcha|4\n|-unboost|p2b: Garchomp|def|1\n|-boost|p2b: Garchomp|spe|1\n|-damage|p2b: Garchomp|90/100|[from] item: Life Orb\n|move|p1b: Staraptor|Close Combat|p2b: Garchomp\n|-damage|p2b: Garchomp|0 fnt\n|-boost|p1b: Staraptor|def|1\n|-boost|p1b: Staraptor|spd|1\n|-damage|p1b: Staraptor|87/100|[from] ability: Rough Skin|[of] p2b: Garchomp\n|faint|p2b: Garchomp\n|move|p2a: Sinistcha|Matcha Gotcha|p1a: Sinistcha|[spread] p1a,p1b\n|-resisted|p1a: Sinistcha|1\n|-resisted|p1b: Staraptor|1\n|-damage|p1a: Sinistcha|50/100y\n|-damage|p1b: Staraptor|81/100\n|-enditem|p1a: Sinistcha|Sitrus Berry|[eat]\n|-heal|p1a: Sinistcha|75/100|[from] item: Sitrus Berry\n|\n|upkeep\n|\n|t:|1788319466\n|switch|p2b: Basculegion|Basculegion, L50, M|100/100\n|turn|4\n|\n|t:|1788319481\n|move|p2a: Sinistcha|Rage Powder|p2a: Sinistcha\n|-singleturn|p2a: Sinistcha|move: Rage Powder\n|move|p1a: Sinistcha|Rage Powder|p1a: Sinistcha\n|-singleturn|p1a: Sinistcha|move: Rage Powder\n|move|p2b: Basculegion|Last Respects|p1a: Sinistcha\n|-supereffective|p1a: Sinistcha|1\n|-damage|p1a: Sinistcha|0 fnt\n|faint|p1a: Sinistcha\n|move|p1b: Staraptor|Dual Wingbeat|p2a: Sinistcha\n|-supereffective|p2a: Sinistcha|1\n|-damage|p2a: Sinistcha|42/100\n|-enditem|p2a: Sinistcha|Sitrus Berry|[eat]\n|-heal|p2a: Sinistcha|67/100|[from] item: Sitrus Berry\n|-supereffective|p2a: Sinistcha|1\n|-damage|p2a: Sinistcha|5/100\n|-hitcount|p2a: Sinistcha|2\n|\n|-sideend|p2: pichaco|move: Tailwind\n|upkeep\n|\n|t:|1788319508\n|switch|p1a: Morpeko|Morpeko, L50, M|66/100\n|turn|5\n|\n|t:|1788319536\n|move|p1a: Morpeko|Parting Shot|p1b: Staraptor\n|-boost|p1b: Staraptor|atk|1\n|-boost|p1b: Staraptor|spa|1\n|\n|t:|1788319539\n|switch|p1a: Arcanine|Arcanine-Hisui, L50, M|100/100|[from] Parting Shot\n|move|p1b: Staraptor|Dual Wingbeat|p2b: Basculegion\n|-damage|p2b: Basculegion|49/100\n|-damage|p2b: Basculegion|2/100\n|-hitcount|p2b: Basculegion|2\n|move|p2b: Basculegion|Last Respects|p1b: Staraptor\n|-damage|p1b: Staraptor|24/100\n|move|p2a: Sinistcha|Strength Sap|p1b: Staraptor\n|-boost|p1b: Staraptor|atk|1\n|-heal|p2a: Sinistcha|100/100\n|\n|-sideend|p1: bluedinocar|move: Tailwind\n|upkeep\n|turn|6\n|c|☆bluedinocar|omg\n|c|☆bluedinocar|crazy\n|\n|t:|1788319589\n|move|p2a: Sinistcha|Rage Powder|p2a: Sinistcha\n|-singleturn|p2a: Sinistcha|move: Rage Powder\n|move|p2b: Basculegion|Aqua Jet|p1a: Arcanine\n|-supereffective|p1a: Arcanine|2\n|-damage|p1a: Arcanine|0 fnt\n|faint|p1a: Arcanine\n|move|p1b: Staraptor|Dual Wingbeat|p2a: Sinistcha\n|-supereffective|p2a: Sinistcha|1\n|-damage|p2a: Sinistcha|0 fnt\n|faint|p2a: Sinistcha\n|-hitcount|p2: Sinistcha|1\n|\n|upkeep\n|\n|t:|1788319598\n|switch|p1a: Morpeko|Morpeko, L50, M|66/100\n|turn|7\n|\n|t:|1788319612\n|move|p2b: Basculegion|Protect|p2b: Basculegion\n|-singleturn|p2b: Basculegion|Protect\n|move|p1a: Morpeko|Aura Wheel|p2b: Basculegion\n|-activate|p2b: Basculegion|move: Protect\n|move|p1b: Staraptor|Dual Wingbeat|p2b: Basculegion\n|-activate|p2b: Basculegion|move: Protect\n|\n|-formechange|p1a: Morpeko|Morpeko-Hangry|\n|upkeep\n|turn|8\n|\n|t:|1788319627\n|move|p2b: Basculegion|Aqua Jet|p1b: Staraptor\n|-damage|p1b: Staraptor|3/100\n|move|p1a: Morpeko|Aura Wheel|p2b: Basculegion\n|-supereffective|p2b: Basculegion|1\n|-damage|p2b: Basculegion|0 fnt\n|-boost|p1a: Morpeko|spe|1\n|faint|p2b: Basculegion\n|\n|win|bluedinocar\n|raw|bluedinocar's rating: 1129 &rarr; <strong>1155</strong><br />(+26 for winning)\n|raw|pichaco's rating: 1139 &rarr; <strong>1113</strong><br />(-26 for losing)\n|c|☆pichaco|gg\n|c|☆bluedinocar|ggwp\n|c|☆bluedinocar|lol\n|l|☆pichaco\n|player|p2|\n|c|☆bluedinocar|what a game\n","uploadtime":1788319642,"views":"1","formatid":"gen9championsvgc2026regmb","rating":1113,"private":0,"password":null}