{"id":"gen9championsvgc2026regmb-2673959605","format":"[Gen 9 Champions] VGC 2026 Reg M-B","players":["Alemezzagialla","lime-spider yt"],"log":"|j|☆Alemezzagialla\n|j|☆lime-spider yt\n|html|<table width=\"100%\"><tr><td align=\"left\">Alemezzagialla</td><td align=\"right\">lime-spider yt</tr><tr><td align=\"left\"><i class=\"fa fa-circle\"></i> <i class=\"fa fa-circle-o\"></i> </td><td align=\"right\"><i class=\"fa fa-circle-o\"></i> <i class=\"fa fa-circle-o\"></i> </tr></table>\n|uhtml|bestof|<h2><strong>Game 2</strong> of <a href=\"/game-bestof3-gen9championsvgc2026regmb-2673957190\">a best-of-3</a></h2>\n|t:|1788281943\n|gametype|doubles\n|player|p1|Alemezzagialla|adaman|\n|player|p2|lime-spider yt|crasherwake|\n|gen|9\n|tier|[Gen 9 Champions] VGC 2026 Reg M-B\n|rule|Species Clause: Limit one of each Pokémon\n|rule|Item Clause: Limit 1 of each item\n|raw|<div class=\"infobox\"><details class=\"readmore\" open><summary><strong>1 custom rule:</strong></summary> Best of = 3</details></div>\n|clearpoke\n|poke|p1|Dragapult, L50, M|\n|poke|p1|Floette-Eternal, L50, F|\n|poke|p1|Vivillon, L50, M|\n|poke|p1|Sableye, L50, F|\n|poke|p1|Metagross, L50|\n|poke|p1|Rotom-Wash, L50|\n|poke|p2|Raichu, L50, F|\n|poke|p2|Mamoswine, L50, M|\n|poke|p2|Hatterene, L50, F|\n|poke|p2|Sneasler, L50, M|\n|poke|p2|Maushold-Four, L50|\n|poke|p2|Ceruledge, L50, M|\n|teampreview|4\n|inactive|Battle timer is ON: inactive players will automatically lose when time's up. (requested by lime-spider yt)\n|inactive|Alemezzagialla also wants the timer to be on.\n|c|☆Alemezzagialla|glhf\n|c|☆lime-spider yt|glhf\n|\n|t:|1788281965\n|teamsize|p1|4\n|teamsize|p2|4\n|start\n|switch|p1a: Dragapult|Dragapult, L50, M|100/100\n|switch|p1b: Sableye|Sableye, L50, F|100/100\n|switch|p2a: Family values|Maushold-Four, L50|100/100\n|switch|p2b: Cotton candy|Hatterene, L50, F|100/100\n|turn|1\n|\n|t:|1788281987\n|move|p1b: Sableye|Fake Out|p2b: Cotton candy\n|-damage|p2b: Cotton candy|91/100\n|move|p1a: Dragapult|Dragon Dance|p1a: Dragapult\n|-boost|p1a: Dragapult|atk|1\n|-boost|p1a: Dragapult|spe|1\n|move|p2a: Family values|Tidy Up|p2a: Family values\n|-boost|p2a: Family values|atk|1\n|-boost|p2a: Family values|spe|1\n|cant|p2b: Cotton candy|flinch\n|\n|upkeep\n|turn|2\n|\n|t:|1788282004\n|move|p1b: Sableye|Encore|p2a: Family values\n|-start|p2a: Family values|Encore\n|move|p1a: Dragapult|Phantom Force||[still]\n|-prepare|p1a: Dragapult|Phantom Force\n|move|p2a: Family values|Tidy Up|p2a: Family values\n|-boost|p2a: Family values|atk|1\n|-boost|p2a: Family values|spe|1\n|move|p2b: Cotton candy|Dazzling Gleam|p1a: Dragapult|[spread] p1b\n|-miss|p2b: Cotton candy|p1a: Dragapult\n|-supereffective|p1b: Sableye|1\n|-enditem|p1b: Sableye|Roseli Berry|[eat]\n|-enditem|p1b: Sableye|Roseli Berry|[weaken]\n|-damage|p1b: Sableye|75/100\n|\n|upkeep\n|turn|3\n|\n|t:|1788282019\n|move|p1b: Sableye|Light Screen|p1b: Sableye\n|-sidestart|p1: Alemezzagialla|move: Light Screen\n|move|p1a: Dragapult|Phantom Force|p2b: Cotton candy|[from] lockedmove\n|-supereffective|p2b: Cotton candy|1\n|-damage|p2b: Cotton candy|0 fnt\n|faint|p2b: Cotton candy\n|move|p2a: Family values|Tidy Up|p2a: Family values\n|-boost|p2a: Family values|atk|1\n|-boost|p2a: Family values|spe|1\n|\n|upkeep\n|\n|t:|1788282032\n|switch|p2b: Blade dancer|Ceruledge, L50, M|100/100\n|turn|4\n|\n|t:|1788282041\n|move|p2b: Blade dancer|Shadow Sneak|p1a: Dragapult\n|-supereffective|p1a: Dragapult|1\n|-damage|p1a: Dragapult|45/100\n|-damage|p2b: Blade dancer|90/100|[from] item: Life Orb\n|move|p1b: Sableye|Reflect|p1b: Sableye\n|-sidestart|p1: Alemezzagialla|Reflect\n|move|p2a: Family values|Tidy Up|p2a: Family values\n|-boost|p2a: Family values|atk|1\n|-boost|p2a: Family values|spe|1\n|move|p1a: Dragapult|Phantom Force||[still]\n|-prepare|p1a: Dragapult|Phantom Force\n|\n|-end|p2a: Family values|Encore\n|upkeep\n|turn|5\n|\n|t:|1788282057\n|move|p2b: Blade dancer|Shadow Sneak|p1b: Sableye\n|-damage|p1b: Sableye|53/100\n|-damage|p2b: Blade dancer|80/100|[from] item: Life Orb\n|move|p1b: Sableye|Encore|p2a: Family values\n|-start|p2a: Family values|Encore\n|move|p2a: Family values|Tidy Up|p2a: Family values\n|-boost|p2a: Family values|atk|1\n|-boost|p2a: Family values|spe|1\n|move|p1a: Dragapult|Phantom Force|p2b: Blade dancer|[from] lockedmove\n|-supereffective|p2b: Blade dancer|1\n|-damage|p2b: Blade dancer|0 fnt\n|faint|p2b: Blade dancer\n|\n|upkeep\n|\n|t:|1788282069\n|switch|p2b: Nightmare|Sneasler, L50, M|100/100\n|turn|6\n|\n|t:|1788282094\n|move|p1b: Sableye|Reflect||[still]\n|-fail|p1b: Sableye\n|move|p2a: Family values|Tidy Up|p2a: Family values\n|-boost|p2a: Family values|atk|1\n|-boost|p2a: Family values|spe|1\n|move|p1a: Dragapult|Dragon Darts|p2b: Nightmare\n|-damage|p2b: Nightmare|43/100\n|-anim|p1a: Dragapult|Dragon Darts|p2a: Family values\n|-damage|p2a: Family values|46/100\n|move|p2b: Nightmare|Dire Claw|p1a: Dragapult\n|-resisted|p1a: Dragapult|1\n|-damage|p1a: Dragapult|27/100\n|\n|upkeep\n|turn|7\n|c|☆lime-spider yt|gg\n|c|☆Alemezzagialla|gg\n|\n|t:|1788282114\n|move|p1b: Sableye|Encore|p2b: Nightmare\n|-start|p2b: Nightmare|Encore\n|move|p2a: Family values|Tidy Up||[still]\n|-fail|p2a: Family values\n|move|p1a: Dragapult|Dragon Darts|p2b: Nightmare\n|-damage|p2b: Nightmare|0 fnt\n|-anim|p1a: Dragapult|Dragon Darts|p2a: Family values\n|-damage|p2a: Family values|0 fnt\n|faint|p2b: Nightmare\n|faint|p2a: Family values\n|\n|win|Alemezzagialla\n","uploadtime":1788282118,"views":"8","formatid":"gen9championsvgc2026regmb","rating":null,"private":0,"password":null}