{"id":"gen9championsvgc2026regmb-2674832102","format":"[Gen 9 Champions] VGC 2026 Reg M-B","players":["lecher0","fantamo"],"log":"|j|☆lecher0\n|j|☆fantamo\n|t:|1788416471\n|gametype|doubles\n|player|p1|lecher0|interviewers|1289\n|player|p2|fantamo|169|1187\n|gen|9\n|tier|[Gen 9 Champions] VGC 2026 Reg M-B\n|rated|\n|rule|Species Clause: Limit one of each Pokémon\n|rule|Item Clause: Limit 1 of each item\n|clearpoke\n|poke|p1|Charizard, L50, F, shiny|\n|poke|p1|Incineroar, L50, M, shiny|\n|poke|p1|Sylveon, L50, M, shiny|\n|poke|p1|Toxapex, L50, F, shiny|\n|poke|p1|Garchomp, L50, F, shiny|\n|poke|p1|Venusaur, L50, F, shiny|\n|poke|p2|Crabominable, L50, M, shiny|\n|poke|p2|Mr. Rime, L50, M|\n|poke|p2|Hydreigon, L50, M|\n|poke|p2|Ninetales-Alola, L50, M|\n|poke|p2|Armarouge, L50, M|\n|poke|p2|Toxapex, L50, M|\n|teampreview|4\n|inactive|Battle timer is ON: inactive players will automatically lose when time's up. (requested by lecher0)\n|inactive|lecher0 has 60 seconds left.\n|\n|t:|1788416503\n|teamsize|p1|4\n|teamsize|p2|4\n|start\n|switch|p1a: Charizard|Charizard, L50, F, shiny|100/100\n|switch|p1b: Incineroar|Incineroar, L50, M, shiny|100/100\n|switch|p2a: Armarouge|Armarouge, L50, M|100/100\n|switch|p2b: Mr. Rime|Mr. Rime, L50, M|100/100\n|-ability|p1b: Incineroar|Intimidate|boost\n|-unboost|p2a: Armarouge|atk|1\n|-unboost|p2b: Mr. Rime|atk|1\n|turn|1\n|inactive|lecher0 has 30 seconds left.\n|inactive|fantamo has 30 seconds left.\n|\n|t:|1788416535\n|switch|p2b: Toxapex|Toxapex, L50, M|100/100\n|detailschange|p1a: Charizard|Charizard-Mega-Y, L50, F, shiny\n|-mega|p1a: Charizard|Charizard|Charizardite Y\n|-weather|SunnyDay|[from] ability: Drought|[of] p1a: Charizard\n|move|p1a: Charizard|Ancient Power|p2a: Armarouge\n|-supereffective|p2a: Armarouge|1\n|-damage|p2a: Armarouge|56/100\n|move|p2a: Armarouge|Psychic Terrain|p2a: Armarouge\n|-fieldstart|move: Psychic Terrain\n|move|p1b: Incineroar|Darkest Lariat|p2b: Toxapex\n|-damage|p2b: Toxapex|77/100\n|\n|-weather|SunnyDay|[upkeep]\n|-heal|p2b: Toxapex|82/100|[from] item: Leftovers\n|upkeep\n|turn|2\n|inactive|lecher0 has 30 seconds left.\n|\n|t:|1788416560\n|switch|p1a: Toxapex|Toxapex, L50, F, shiny|100/100\n|move|p2a: Armarouge|Expanding Force|p1b: Incineroar|[spread] p1a\n|-immune|p1b: Incineroar\n|-supereffective|p1a: Toxapex|1\n|-damage|p1a: Toxapex|15/100\n|move|p1b: Incineroar|Parting Shot|p2a: Armarouge\n|-unboost|p2a: Armarouge|atk|1\n|-unboost|p2a: Armarouge|spa|1\n|\n|t:|1788416574\n|switch|p1b: Charizard|Charizard-Mega-Y, L50, F, shiny|100/100|[from] Parting Shot\n|move|p2b: Toxapex|Infestation|p1b: Charizard\n|-resisted|p1b: Charizard|2\n|-damage|p1b: Charizard|99/100\n|-activate|p1b: Charizard|move: Infestation|[of] p2b: Toxapex\n|\n|-weather|SunnyDay|[upkeep]\n|-heal|p2b: Toxapex|88/100|[from] item: Leftovers\n|-heal|p1a: Toxapex|21/100|[from] item: Leftovers\n|-damage|p1b: Charizard|87/100|[from] move: Infestation|[partiallytrapped]\n|upkeep\n|turn|3\n|\n|t:|1788416594\n|-heal|p1a: Toxapex|54/100|[from] ability: Regenerator|[silent]\n|switch|p1a: Incineroar|Incineroar, L50, M, shiny|100/100\n|-ability|p1a: Incineroar|Intimidate|boost\n|-unboost|p2a: Armarouge|atk|1\n|-unboost|p2b: Toxapex|atk|1\n|move|p2b: Toxapex|Wide Guard|p2b: Toxapex\n|-singleturn|p2b: Toxapex|Wide Guard\n|move|p1b: Charizard|Ancient Power|p2a: Armarouge\n|-supereffective|p2a: Armarouge|1\n|-damage|p2a: Armarouge|10/100\n|move|p2a: Armarouge|Expanding Force|p1a: Incineroar|[spread] p1b\n|-immune|p1a: Incineroar\n|-damage|p1b: Charizard|57/100\n|\n|-weather|SunnyDay|[upkeep]\n|-heal|p2b: Toxapex|94/100|[from] item: Leftovers\n|-damage|p1b: Charizard|45/100|[from] move: Infestation|[partiallytrapped]\n|upkeep\n|turn|4\n|\n|t:|1788416618\n|move|p2a: Armarouge|Protect|p2a: Armarouge\n|-singleturn|p2a: Armarouge|Protect\n|move|p1b: Charizard|Weather Ball|p2b: Toxapex\n|-resisted|p2b: Toxapex|1\n|-damage|p2b: Toxapex|66/100\n|move|p1a: Incineroar|Darkest Lariat|p2a: Armarouge\n|-activate|p2a: Armarouge|move: Protect\n|move|p2b: Toxapex|Infestation|p1a: Incineroar\n|-damage|p1a: Incineroar|97/100\n|-activate|p1a: Incineroar|move: Infestation|[of] p2b: Toxapex\n|\n|-weather|SunnyDay|[upkeep]\n|-heal|p2b: Toxapex|72/100|[from] item: Leftovers\n|-damage|p1b: Charizard|33/100|[from] move: Infestation|[partiallytrapped]\n|-damage|p1a: Incineroar|85/100|[from] move: Infestation|[partiallytrapped]\n|upkeep\n|turn|5\n|inactive|fantamo has 30 seconds left.\n|\n|t:|1788416647\n|switch|p2a: Hydreigon|Hydreigon, L50, M|100/100\n|move|p2b: Toxapex|Baneful Bunker|p2b: Toxapex\n|-singleturn|p2b: Toxapex|move: Protect\n|move|p1b: Charizard|Ancient Power|p2a: Hydreigon\n|-damage|p2a: Hydreigon|72/100\n|move|p1a: Incineroar|Darkest Lariat|p2a: Hydreigon\n|-resisted|p2a: Hydreigon|1\n|-damage|p2a: Hydreigon|52/100\n|\n|-weather|none\n|-heal|p2b: Toxapex|78/100|[from] item: Leftovers\n|-damage|p1b: Charizard|20/100y|[from] move: Infestation|[partiallytrapped]\n|-damage|p1a: Incineroar|72/100|[from] move: Infestation|[partiallytrapped]\n|-fieldend|move: Psychic Terrain\n|upkeep\n|turn|6\n|\n|t:|1788416671\n|move|p1b: Charizard|Protect|p1b: Charizard\n|-singleturn|p1b: Charizard|Protect\n|move|p2a: Hydreigon|Earth Power|p1a: Incineroar\n|-supereffective|p1a: Incineroar|1\n|-damage|p1a: Incineroar|8/100\n|-enditem|p1a: Incineroar|Sitrus Berry|[eat]\n|-heal|p1a: Incineroar|33/100|[from] item: Sitrus Berry\n|-damage|p2a: Hydreigon|43/100|[from] item: Life Orb\n|move|p1a: Incineroar|Parting Shot|p2a: Hydreigon\n|-unboost|p2a: Hydreigon|atk|1\n|-unboost|p2a: Hydreigon|spa|1\n|\n|t:|1788416686\n|switch|p1a: Sylveon|Sylveon, L50, M, shiny|100/100|[from] Parting Shot\n|move|p2b: Toxapex|Recover|p2b: Toxapex\n|-heal|p2b: Toxapex|100/100\n|\n|-end|p1b: Charizard|Infestation|[partiallytrapped]\n|upkeep\n|turn|7\n|\n|t:|1788416709\n|switch|p1b: Toxapex|Toxapex, L50, F, shiny|54/100\n|move|p2a: Hydreigon|Dark Pulse|p1b: Toxapex\n|-damage|p1b: Toxapex|26/100\n|-damage|p2a: Hydreigon|33/100|[from] item: Life Orb\n|move|p1a: Sylveon|Yawn|p2b: Toxapex\n|-start|p2b: Toxapex|move: Yawn|[of] p1a: Sylveon\n|move|p2b: Toxapex|Infestation|p1a: Sylveon\n|-resisted|p1a: Sylveon|1\n|-damage|p1a: Sylveon|99/100\n|-activate|p1a: Sylveon|move: Infestation|[of] p2b: Toxapex\n|\n|-heal|p1b: Toxapex|32/100|[from] item: Leftovers\n|-damage|p1a: Sylveon|86/100|[from] move: Infestation|[partiallytrapped]\n|upkeep\n|turn|8\n|inactive|lecher0 has 30 seconds left.\n|inactive|fantamo has 30 seconds left.\n|\n|t:|1788416741\n|switch|p2a: Mr. Rime|Mr. Rime, L50, M|100/100\n|switch|p2b: Armarouge|Armarouge, L50, M|10/100\n|-heal|p1b: Toxapex|65/100|[from] ability: Regenerator|[silent]\n|switch|p1b: Incineroar|Incineroar, L50, M, shiny|33/100\n|-ability|p1b: Incineroar|Intimidate|boost\n|-unboost|p2a: Mr. Rime|atk|1\n|-unboost|p2b: Armarouge|atk|1\n|move|p1a: Sylveon|Quick Attack|p2a: Mr. Rime\n|-damage|p2a: Mr. Rime|87/100\n|\n|-end|p1a: Sylveon|Infestation|[partiallytrapped]|[silent]\n|upkeep\n|turn|9\n|\n|t:|1788416762\n|move|p1b: Incineroar|Fake Out|p2b: Armarouge\n|-damage|p2b: Armarouge|1/100\n|cant|p2b: Armarouge|flinch\n|move|p1a: Sylveon|Hyper Voice|p2b: Armarouge|[spread] p2a,p2b\n|-resisted|p2b: Armarouge|1\n|-damage|p2a: Mr. Rime|52/100\n|-damage|p2b: Armarouge|0 fnt\n|faint|p2b: Armarouge\n|move|p2a: Mr. Rime|Trick Room|p2a: Mr. Rime\n|-fieldstart|move: Trick Room|[of] p2a: Mr. Rime\n|\n|upkeep\n|\n|t:|1788416775\n|switch|p2b: Toxapex|Toxapex, L50, M|100/100\n|turn|10\n|\n|t:|1788416793\n|move|p2b: Toxapex|Infestation|p1b: Incineroar\n|-damage|p1b: Incineroar|30/100\n|-activate|p1b: Incineroar|move: Infestation|[of] p2b: Toxapex\n|move|p1a: Sylveon|Yawn|p2b: Toxapex\n|-start|p2b: Toxapex|move: Yawn|[of] p1a: Sylveon\n|move|p1b: Incineroar|Flare Blitz|p2a: Mr. Rime\n|-supereffective|p2a: Mr. Rime|1\n|-damage|p2a: Mr. Rime|0 fnt\n|faint|p2a: Mr. Rime\n|-damage|p1b: Incineroar|14/100|[from] Recoil\n|\n|-damage|p1b: Incineroar|1/100|[from] move: Infestation|[partiallytrapped]\n|upkeep\n|\n|t:|1788416807\n|switch|p2a: Hydreigon|Hydreigon, L50, M|33/100\n|turn|11\n|\n|t:|1788416830\n|move|p2b: Toxapex|Baneful Bunker|p2b: Toxapex\n|-singleturn|p2b: Toxapex|move: Protect\n|move|p1a: Sylveon|Hyper Voice|p2a: Hydreigon|[spread] p2a\n|-activate|p2b: Toxapex|move: Protect\n|-supereffective|p2a: Hydreigon|2\n|-damage|p2a: Hydreigon|0 fnt\n|faint|p2a: Hydreigon\n|move|p1b: Incineroar|Parting Shot|p2b: Toxapex\n|-activate|p2b: Toxapex|move: Protect\n|\n|-damage|p1b: Incineroar|0 fnt|[from] move: Infestation|[partiallytrapped]\n|faint|p1b: Incineroar\n|-end|p2b: Toxapex|move: Yawn|[silent]\n|-status|p2b: Toxapex|slp\n|upkeep\n|\n|t:|1788416849\n|switch|p1b: Toxapex|Toxapex, L50, F, shiny|65/100\n|turn|12\n|\n|t:|1788416859\n|cant|p2b: Toxapex|slp\n|move|p1b: Toxapex|Infestation|p2b: Toxapex\n|-resisted|p2b: Toxapex|1\n|-damage|p2b: Toxapex|98/100 slp\n|-activate|p2b: Toxapex|move: Infestation|[of] p1b: Toxapex\n|move|p1a: Sylveon|Hyper Voice|p2b: Toxapex\n|-resisted|p2b: Toxapex|1\n|-crit|p2b: Toxapex\n|-damage|p2b: Toxapex|66/100 slp\n|\n|-heal|p2b: Toxapex|72/100 slp|[from] item: Leftovers\n|-heal|p1b: Toxapex|71/100|[from] item: Leftovers\n|-damage|p2b: Toxapex|60/100 slp|[from] move: Infestation|[partiallytrapped]\n|upkeep\n|turn|13\n|-message|fantamo forfeited.\n|\n|win|lecher0\n|raw|lecher0's rating: 1289 &rarr; <strong>1307</strong><br />(+18 for winning)\n|raw|fantamo's rating: 1187 &rarr; <strong>1169</strong><br />(-18 for losing)\n","uploadtime":1788416879,"views":"5","formatid":"gen9championsvgc2026regmb","rating":1169,"private":0,"password":null}