{"id":"gen9championsvgc2026regmbbo3-2673490862","format":"[Gen 9 Champions] VGC 2026 Reg M-B (Bo3)","players":["humania1","The OG Trainer Red"],"log":"|j|☆humania1\n|j|☆The OG Trainer Red\n|html|<table width=\"100%\"><tr><td align=\"left\">humania1</td><td align=\"right\">The OG Trainer Red</tr><tr><td align=\"left\"><i class=\"fa fa-circle-o\"></i> <i class=\"fa fa-circle-o\"></i> </td><td align=\"right\"><i class=\"fa fa-circle-o\"></i> <i class=\"fa fa-circle-o\"></i> </tr></table>\n|uhtml|bestof|<h2><strong>Game 1</strong> of <a href=\"/game-bestof3-gen9championsvgc2026regmbbo3-2673490861\">a best-of-3</a></h2>\n|t:|1788204132\n|gametype|doubles\n|player|p1|humania1|170|1055\n|player|p2|The OG Trainer Red|2|1047\n|gen|9\n|tier|[Gen 9 Champions] VGC 2026 Reg M-B (Bo3)\n|rated|\n|rule|Species Clause: Limit one of each Pokémon\n|rule|Item Clause: Limit 1 of each item\n|clearpoke\n|poke|p1|Blastoise, L50, F|\n|poke|p1|Delphox, L50, M, shiny|\n|poke|p1|Incineroar, L50, M|\n|poke|p1|Sinistcha, L50|\n|poke|p1|Sneasler, L50, M|\n|poke|p1|Vivillon, L50, F|\n|poke|p2|Feraligatr, L50, F|\n|poke|p2|Raichu, L50, F|\n|poke|p2|Charizard, L50, F|\n|poke|p2|Venusaur, L50, F|\n|poke|p2|Slowbro, L50, F|\n|poke|p2|Snorlax, L50, F|\n|teampreview|4\n|showteam|p1|Blastoise||Blastoisinite|Torrent|Protect,ShellSmash,WaterSpout,DarkPulse|Modest||F|||50|]Delphox||Delphoxite|Blaze|Protect,HeatWave,Psyshock,NastyPlot|Timid||M|||50|]Incineroar||PasshoBerry|Intimidate|FakeOut,PartingShot,FlareBlitz,ThroatChop|Impish||M|||50|]Sinistcha||SitrusBerry|Hospitality|Protect,MatchaGotcha,TrickRoom,RagePowder|Bold|||||50|]Sneasler||FocusSash|PoisonTouch|QuickGuard,FakeOut,CloseCombat,DireClaw|Jolly||M|||50|]Vivillon||ChoiceScarf|CompoundEyes|Hurricane,SleepPowder,RagePowder,Uturn|Timid||F|||50|\n|showteam|p2|Feraligatr||LifeOrb|SheerForce|Protect,DragonDance,Liquidation,IcePunch|Jolly||F|||50|]Raichu||RaichuniteY|Static|ZapCannon,FocusBlast,LightScreen,Reflect|Timid||F|||50|]Charizard||CharizarditeY|Blaze|HeatWave,ScorchingSands,SolarBeam,Protect|Timid||F|||50|]Venusaur||WideLens|Chlorophyll|SleepPowder,LeafStorm,SludgeBomb,EarthPower|Timid||F|||50|]Slowbro||Leftovers|Regenerator|HealPulse,Psychic,Scald,TrickRoom|Quiet||F|||50|]Snorlax||SitrusBerry|ThickFat|RockSlide,BodySlam,HammerArm,BellyDrum|Brave||F|||50|\n|inactive|Battle timer is ON: inactive players will automatically lose when time's up. (requested by humania1)\n|\n|t:|1788204155\n|teamsize|p1|4\n|teamsize|p2|4\n|start\n|switch|p1a: Blastoise|Blastoise, L50, F|100/100\n|switch|p1b: Incineroar|Incineroar, L50, M|100/100\n|switch|p2a: Feraligatr|Feraligatr, L50, F|100/100\n|switch|p2b: Raichu|Raichu, L50, F|100/100\n|-ability|p1b: Incineroar|Intimidate|boost\n|-unboost|p2a: Feraligatr|atk|1\n|-unboost|p2b: Raichu|atk|1\n|turn|1\n|\n|t:|1788204171\n|detailschange|p2b: Raichu|Raichu-Mega-Y, L50, F\n|-mega|p2b: Raichu|Raichu|Raichunite Y\n|detailschange|p1a: Blastoise|Blastoise-Mega, L50, F\n|-mega|p1a: Blastoise|Blastoise|Blastoisinite\n|move|p2b: Raichu|Zap Cannon|p1a: Blastoise\n|-supereffective|p1a: Blastoise|1\n|-damage|p1a: Blastoise|0 fnt\n|faint|p1a: Blastoise\n|move|p2a: Feraligatr|Dragon Dance|p2a: Feraligatr\n|-boost|p2a: Feraligatr|atk|1\n|-boost|p2a: Feraligatr|spe|1\n|move|p1b: Incineroar|Flare Blitz|p2b: Raichu\n|-damage|p2b: Raichu|1/100\n|-damage|p1b: Incineroar|77/100|[from] Recoil\n|\n|upkeep\n|\n|t:|1788204172\n|switch|p1a: Sinistcha|Sinistcha, L50|100/100\n|-heal|p1b: Incineroar|100/100|[from] ability: Hospitality|[of] p1a: Sinistcha\n|turn|2\n|inactive|The OG Trainer Red has 30 seconds left.\n|\n|t:|1788204199\n|move|p2a: Feraligatr|Ice Punch|p1a: Sinistcha\n|-supereffective|p1a: Sinistcha|1\n|-damage|p1a: Sinistcha|36/100\n|-enditem|p1a: Sinistcha|Sitrus Berry|[eat]\n|-heal|p1a: Sinistcha|61/100|[from] item: Sitrus Berry\n|move|p2b: Raichu|Light Screen|p2b: Raichu\n|-sidestart|p2: The OG Trainer Red|move: Light Screen\n|move|p1b: Incineroar|Flare Blitz|p2b: Raichu\n|-damage|p2b: Raichu|0 fnt\n|faint|p2b: Raichu\n|-damage|p1b: Incineroar|99/100|[from] Recoil\n|move|p1a: Sinistcha|Matcha Gotcha|p2a: Feraligatr|[miss]\n|-miss|p1a: Sinistcha|p2a: Feraligatr\n|\n|upkeep\n|\n|t:|1788204215\n|switch|p2b: Slowbro|Slowbro, L50, F|100/100\n|turn|3\n|\n|t:|1788204225\n|move|p2a: Feraligatr|Dragon Dance|p2a: Feraligatr\n|-boost|p2a: Feraligatr|atk|1\n|-boost|p2a: Feraligatr|spe|1\n|move|p1b: Incineroar|Throat Chop|p2b: Slowbro\n|-supereffective|p2b: Slowbro|1\n|-damage|p2b: Slowbro|49/100\n|-start|p2b: Slowbro|Throat Chop|[silent]\n|move|p1a: Sinistcha|Matcha Gotcha|p2b: Slowbro|[spread] p2a,p2b\n|-supereffective|p2a: Feraligatr|1\n|-supereffective|p2b: Slowbro|1\n|-damage|p2a: Feraligatr|57/100\n|-heal|p1a: Sinistcha|81/100|[from] drain|[of] p2a: Feraligatr\n|-damage|p2b: Slowbro|17/100\n|-heal|p1a: Sinistcha|100/100|[from] drain|[of] p2b: Slowbro\n|-status|p2a: Feraligatr|brn\n|move|p2b: Slowbro|Scald|p1b: Incineroar\n|-supereffective|p1b: Incineroar|1\n|-enditem|p1b: Incineroar|Passho Berry|[eat]\n|-enditem|p1b: Incineroar|Passho Berry|[weaken]\n|-damage|p1b: Incineroar|60/100\n|\n|-heal|p2b: Slowbro|23/100|[from] item: Leftovers\n|-damage|p2a: Feraligatr|51/100 brn|[from] brn\n|upkeep\n|turn|4\n|\n|t:|1788204250\n|move|p2a: Feraligatr|Liquidation|p1b: Incineroar\n|-supereffective|p1b: Incineroar|1\n|-damage|p1b: Incineroar|0 fnt\n|faint|p1b: Incineroar\n|move|p1a: Sinistcha|Matcha Gotcha|p2b: Slowbro|[spread] p2a,p2b\n|-supereffective|p2a: Feraligatr|1\n|-supereffective|p2b: Slowbro|1\n|-damage|p2a: Feraligatr|8/100 brn\n|-damage|p2b: Slowbro|0 fnt\n|faint|p2b: Slowbro\n|\n|-damage|p2a: Feraligatr|2/100 brn|[from] brn\n|upkeep\n|\n|t:|1788204261\n|switch|p1b: Sneasler|Sneasler, L50, M|100/100\n|switch|p2b: Snorlax|Snorlax, L50, F|100/100\n|turn|5\n|\n|t:|1788204274\n|move|p1b: Sneasler|Fake Out|p2a: Feraligatr\n|-damage|p2a: Feraligatr|0 fnt\n|faint|p2a: Feraligatr\n|move|p1a: Sinistcha|Matcha Gotcha|p2b: Snorlax\n|-damage|p2b: Snorlax|87/100\n|move|p2b: Snorlax|Body Slam|p1b: Sneasler\n|-damage|p1b: Sneasler|19/100\n|\n|upkeep\n|turn|6\n|\n|t:|1788204285\n|move|p1b: Sneasler|Close Combat|p2b: Snorlax\n|-supereffective|p2b: Snorlax|1\n|-damage|p2b: Snorlax|0 fnt\n|-unboost|p1b: Sneasler|def|1\n|-unboost|p1b: Sneasler|spd|1\n|faint|p2b: Snorlax\n|\n|win|humania1\n","uploadtime":1788204285,"views":"0","formatid":"gen9championsvgc2026regmbbo3","rating":null,"private":0,"password":null}