{"id":"gen9championsvgc2026regmb-2673957191","format":"[Gen 9 Champions] VGC 2026 Reg M-B","players":["Alemezzagialla","lime-spider yt"],"log":"|j|☆Alemezzagialla\n|j|☆lime-spider yt\n|html|<table width=\"100%\"><tr><td align=\"left\">Alemezzagialla</td><td align=\"right\">lime-spider yt</tr><tr><td align=\"left\"><i class=\"fa fa-circle-o\"></i> <i class=\"fa fa-circle-o\"></i> </td><td align=\"right\"><i class=\"fa fa-circle-o\"></i> <i class=\"fa fa-circle-o\"></i> </tr></table>\n|uhtml|bestof|<h2><strong>Game 1</strong> of <a href=\"/game-bestof3-gen9championsvgc2026regmb-2673957190\">a best-of-3</a></h2>\n|t:|1788281666\n|gametype|doubles\n|player|p1|Alemezzagialla|adaman|\n|player|p2|lime-spider yt|crasherwake|\n|gen|9\n|tier|[Gen 9 Champions] VGC 2026 Reg M-B\n|rule|Species Clause: Limit one of each Pokémon\n|rule|Item Clause: Limit 1 of each item\n|raw|<div class=\"infobox\"><details class=\"readmore\" open><summary><strong>1 custom rule:</strong></summary> Best of = 3</details></div>\n|clearpoke\n|poke|p1|Dragapult, L50, M|\n|poke|p1|Floette-Eternal, L50, F|\n|poke|p1|Vivillon, L50, M|\n|poke|p1|Sableye, L50, M|\n|poke|p1|Metagross, L50|\n|poke|p1|Rotom-Wash, L50|\n|poke|p2|Raichu, L50, M|\n|poke|p2|Mamoswine, L50, F|\n|poke|p2|Hatterene, L50, F|\n|poke|p2|Sneasler, L50, M|\n|poke|p2|Maushold-Four, L50|\n|poke|p2|Ceruledge, L50, F|\n|teampreview|4\n|inactive|Battle timer is ON: inactive players will automatically lose when time's up. (requested by Alemezzagialla)\n|inactive|lime-spider yt also wants the timer to be on.\n|c|☆Alemezzagialla|glhf\n|c|☆lime-spider yt|glhf\n|inactive|Alemezzagialla has 60 seconds left.\n|inactive|lime-spider yt has 60 seconds left.\n|\n|t:|1788281706\n|teamsize|p1|4\n|teamsize|p2|4\n|start\n|switch|p1a: Sableye|Sableye, L50, M|100/100\n|switch|p1b: Dragapult|Dragapult, L50, M|100/100\n|switch|p2a: Nightmare|Sneasler, L50, M|100/100\n|switch|p2b: Cotton candy|Hatterene, L50, F|100/100\n|turn|1\n|\n|t:|1788281730\n|move|p1a: Sableye|Fake Out|p2b: Cotton candy\n|-damage|p2b: Cotton candy|91/100\n|move|p1b: Dragapult|Phantom Force||[still]\n|-prepare|p1b: Dragapult|Phantom Force\n|move|p2a: Nightmare|Rock Slide|p1a: Sableye|[spread] p1a\n|-miss|p2a: Nightmare|p1b: Dragapult\n|-damage|p1a: Sableye|70/100\n|cant|p2b: Cotton candy|flinch\n|\n|upkeep\n|turn|2\n|inactive|Alemezzagialla has 30 seconds left.\n|inactive|Alemezzagialla has 20 seconds left.\n|inactive|Alemezzagialla has 15 seconds left.\n|\n|t:|1788281771\n|move|p1a: Sableye|Encore|p2a: Nightmare\n|-start|p2a: Nightmare|Encore\n|move|p1b: Dragapult|Phantom Force|p2b: Cotton candy|[from] lockedmove\n|-supereffective|p2b: Cotton candy|1\n|-damage|p2b: Cotton candy|0 fnt\n|faint|p2b: Cotton candy\n|move|p2a: Nightmare|Rock Slide|p1b: Dragapult|[spread] p1b\n|-miss|p2a: Nightmare|p1a: Sableye\n|-damage|p1b: Dragapult|73/100\n|\n|upkeep\n|\n|t:|1788281781\n|switch|p2b: Blade dancer|Ceruledge, L50, F|100/100\n|turn|3\n|\n|t:|1788281791\n|move|p1b: Dragapult|Protect|p1b: Dragapult\n|-singleturn|p1b: Dragapult|Protect\n|move|p2b: Blade dancer|Shadow Sneak|p1b: Dragapult\n|-activate|p1b: Dragapult|move: Protect\n|move|p1a: Sableye|Reflect|p1a: Sableye\n|-sidestart|p1: Alemezzagialla|Reflect\n|move|p2a: Nightmare|Rock Slide|p1b: Dragapult|[spread] p1a\n|-activate|p1b: Dragapult|move: Protect\n|-damage|p1a: Sableye|50/100g\n|\n|upkeep\n|turn|4\n|\n|t:|1788281807\n|switch|p1a: Metagross|Metagross, L50|100/100\n|move|p1b: Dragapult|Phantom Force||[still]\n|-prepare|p1b: Dragapult|Phantom Force\n|move|p2a: Nightmare|Rock Slide|p1b: Dragapult|[spread] p1a\n|-miss|p2a: Nightmare|p1b: Dragapult\n|-resisted|p1a: Metagross|1\n|-damage|p1a: Metagross|94/100\n|move|p2b: Blade dancer|Swords Dance|p2b: Blade dancer\n|-boost|p2b: Blade dancer|atk|2\n|\n|-end|p2a: Nightmare|Encore\n|upkeep\n|turn|5\n|inactive|Alemezzagialla has 30 seconds left.\n|\n|t:|1788281842\n|detailschange|p1a: Metagross|Metagross-Mega, L50\n|-mega|p1a: Metagross|Metagross|Metagrossite\n|move|p1a: Metagross|Bullet Punch|p2b: Blade dancer\n|-resisted|p2b: Blade dancer|1\n|-damage|p2b: Blade dancer|86/100\n|-ability|p2b: Blade dancer|Weak Armor|boost\n|-unboost|p2b: Blade dancer|def|1\n|-boost|p2b: Blade dancer|spe|2\n|move|p2b: Blade dancer|Shadow Sneak|p1a: Metagross\n|-supereffective|p1a: Metagross|1\n|-damage|p1a: Metagross|45/100\n|-damage|p2b: Blade dancer|76/100|[from] item: Life Orb\n|move|p1b: Dragapult|Phantom Force|p2b: Blade dancer|[from] lockedmove\n|-supereffective|p2b: Blade dancer|1\n|-crit|p2b: Blade dancer\n|-damage|p2b: Blade dancer|0 fnt\n|faint|p2b: Blade dancer\n|move|p2a: Nightmare|Close Combat|p1a: Metagross\n|-damage|p1a: Metagross|10/100\n|-unboost|p2a: Nightmare|def|1\n|-unboost|p2a: Nightmare|spd|1\n|\n|upkeep\n|\n|t:|1788281860\n|switch|p2b: Manny|Mamoswine, L50, F|100/100\n|turn|6\n|\n|t:|1788281871\n|switch|p1a: Sableye|Sableye, L50, M|50/100g\n|move|p2b: Manny|Ice Shard|p1a: Sableye\n|-damage|p1a: Sableye|35/100\n|move|p1b: Dragapult|Dragon Darts|p2a: Nightmare\n|-damage|p2a: Nightmare|37/100\n|-anim|p1b: Dragapult|Dragon Darts|p2b: Manny\n|-damage|p2b: Manny|78/100\n|move|p2a: Nightmare|Dire Claw|p1b: Dragapult\n|-resisted|p1b: Dragapult|1\n|-damage|p1b: Dragapult|53/100\n|\n|-heal|p2b: Manny|84/100|[from] item: Leftovers\n|upkeep\n|turn|7\n|\n|t:|1788281895\n|move|p1a: Sableye|Encore|p2b: Manny\n|-start|p2b: Manny|Encore\n|move|p2b: Manny|Ice Shard|p1b: Dragapult\n|-supereffective|p1b: Dragapult|1\n|-damage|p1b: Dragapult|25/100\n|move|p1b: Dragapult|Dragon Darts|p2a: Nightmare\n|-damage|p2a: Nightmare|0 fnt\n|-anim|p1b: Dragapult|Dragon Darts|p2b: Manny\n|-damage|p2b: Manny|62/100\n|faint|p2a: Nightmare\n|\n|-heal|p2b: Manny|69/100|[from] item: Leftovers\n|-sideend|p1: Alemezzagialla|Reflect\n|upkeep\n|turn|8\n|\n|t:|1788281912\n|move|p2b: Manny|Ice Shard|p1b: Dragapult\n|-supereffective|p1b: Dragapult|1\n|-damage|p1b: Dragapult|0 fnt\n|faint|p1b: Dragapult\n|move|p1a: Sableye|Reflect|p1a: Sableye\n|-sidestart|p1: Alemezzagialla|Reflect\n|\n|-heal|p2b: Manny|75/100|[from] item: Leftovers\n|upkeep\n|\n|t:|1788281915\n|switch|p1b: Metagross|Metagross-Mega, L50|10/100\n|turn|9\n|\n|t:|1788281922\n|move|p1b: Metagross|Bullet Punch|p2b: Manny\n|-supereffective|p2b: Manny|1\n|-damage|p2b: Manny|20/100y\n|move|p2b: Manny|Ice Shard|p1b: Metagross\n|-resisted|p1b: Metagross|1\n|-damage|p1b: Metagross|6/100\n|move|p1a: Sableye|Light Screen|p1a: Sableye\n|-sidestart|p1: Alemezzagialla|move: Light Screen\n|\n|-heal|p2b: Manny|26/100|[from] item: Leftovers\n|-end|p2b: Manny|Encore\n|upkeep\n|turn|10\n|\n|t:|1788281936\n|move|p1b: Metagross|Bullet Punch|p2b: Manny\n|-supereffective|p2b: Manny|1\n|-damage|p2b: Manny|0 fnt\n|faint|p2b: Manny\n|\n|win|Alemezzagialla\n||Alemezzagialla is ready for game 2.\n","uploadtime":1788281941,"views":"19","formatid":"gen9championsvgc2026regmb","rating":null,"private":0,"password":null}