{"id":"gen9championsvgc2026regmbbo3-2673401580","format":"[Gen 9 Champions] VGC 2026 Reg M-B (Bo3)","players":["NavarroMarin","Jakatious"],"log":"|j|☆NavarroMarin\n|j|☆Jakatious\n|html|<table width=\"100%\"><tr><td align=\"left\">NavarroMarin</td><td align=\"right\">Jakatious</tr><tr><td align=\"left\"><i class=\"fa fa-circle-o\"></i> <i class=\"fa fa-circle-o\"></i> </td><td align=\"right\"><i class=\"fa fa-circle-o\"></i> <i class=\"fa fa-circle-o\"></i> </tr></table>\n|uhtml|bestof|<h2><strong>Game 1</strong> of <a href=\"/game-bestof3-gen9championsvgc2026regmbbo3-2673401579\">a best-of-3</a></h2>\n|t:|1788193382\n|gametype|doubles\n|player|p1|NavarroMarin|norman|1155\n|player|p2|Jakatious|ethan|1121\n|gen|9\n|tier|[Gen 9 Champions] VGC 2026 Reg M-B (Bo3)\n|rated|\n|rule|Species Clause: Limit one of each Pokémon\n|rule|Item Clause: Limit 1 of each item\n|clearpoke\n|poke|p1|Incineroar, L50, M|\n|poke|p1|Kingambit, L50, F|\n|poke|p1|Sinistcha, L50|\n|poke|p1|Sneasler, L50, M|\n|poke|p1|Floette-Eternal, L50, F|\n|poke|p1|Delphox, L50, M|\n|poke|p2|Raichu, L50, M|\n|poke|p2|Gholdengo, L50|\n|poke|p2|Whimsicott, L50, M, shiny|\n|poke|p2|Garchomp, L50, M|\n|poke|p2|Basculegion, L50, M, shiny|\n|poke|p2|Blaziken, L50, M|\n|teampreview|4\n|showteam|p1|Incineroar||SitrusBerry|Intimidate|FakeOut,FlareBlitz,DarkestLariat,PartingShot|Careful||M|||50|]Kingambit||LifeOrb|Defiant|Protect,KowtowCleave,SuckerPunch,SwordsDance|Adamant||F|||50|]Sinistcha||OccaBerry|Hospitality|Protect,MatchaGotcha,RagePowder,TrickRoom|Relaxed|||||50|]Sneasler||FocusSash|PoisonTouch|FakeOut,CloseCombat,PoisonJab,Coaching|Jolly||M|||50|]Floette-Eternal||Floettite|FlowerVeil|Protect,Moonblast,DazzlingGleam,CalmMind|Modest||F|||50|]Delphox||Delphoxite|Blaze|Protect,HeatWave,Psychic,NastyPlot|Timid||M|||50|\n|showteam|p2|Raichu||RaichuniteY|LightningRod|ZapCannon,FocusBlast,UpperHand,Protect|Modest||M|||50|]Gholdengo||LifeOrb|GoodasGold|MakeItRain,ShadowBall,NastyPlot,Protect|Modest|||||50|]Whimsicott||FocusSash|Prankster|Moonblast,Taunt,Protect,Tailwind|Bold||M|||50|]Garchomp||SitrusBerry|RoughSkin|RockSlide,StompingTantrum,DragonClaw,Protect|Adamant||M|||50|]Basculegion||MysticWater|Adaptability|WaveCrash,AquaJet,LastRespects,Protect|Adamant||M|||50|]Blaziken||Blazikenite|SpeedBoost|FlareBlitz,CloseCombat,RockSlide,Detect|Serious||M|||50|\n|\n|t:|1788193427\n|teamsize|p1|4\n|teamsize|p2|4\n|start\n|switch|p1a: Incineroar|Incineroar, L50, M|100/100\n|switch|p1b: Floette|Floette-Eternal, L50, F|100/100\n|switch|p2a: Jacket|Raichu, L50, M|100/100\n|switch|p2b: Prancer|Whimsicott, L50, M, shiny|100/100\n|-ability|p1a: Incineroar|Intimidate|boost\n|-unboost|p2a: Jacket|atk|1\n|-unboost|p2b: Prancer|atk|1\n|turn|1\n|\n|t:|1788193455\n|switch|p1a: Sinistcha|Sinistcha, L50|100/100\n|detailschange|p2a: Jacket|Raichu-Mega-Y, L50, M\n|-mega|p2a: Jacket|Raichu|Raichunite Y\n|detailschange|p1b: Floette|Floette-Mega, L50, F\n|-mega|p1b: Floette|Floette|Floettite\n|-ability|p1b: Floette|Fairy Aura\n|move|p2b: Prancer|Protect|p2b: Prancer\n|-singleturn|p2b: Prancer|Protect\n|move|p2a: Jacket|Protect|p2a: Jacket\n|-singleturn|p2a: Jacket|Protect\n|move|p1b: Floette|Protect||[still]\n|-fail|p1b: Floette\n|\n|upkeep\n|turn|2\n|\n|t:|1788193483\n|move|p1b: Floette|Protect|p1b: Floette\n|-singleturn|p1b: Floette|Protect\n|move|p2b: Prancer|Taunt|p1a: Sinistcha\n|-start|p1a: Sinistcha|move: Taunt\n|move|p2a: Jacket|Zap Cannon|p1b: Floette\n|-activate|p1b: Floette|move: Protect\n|cant|p1a: Sinistcha|move: Taunt|Trick Room\n|\n|upkeep\n|turn|3\n|\n|t:|1788193508\n|switch|p1a: Incineroar|Incineroar, L50, M|100/100\n|-ability|p1a: Incineroar|Intimidate|boost\n|-unboost|p2a: Jacket|atk|1\n|-unboost|p2b: Prancer|atk|1\n|move|p2b: Prancer|Tailwind|p2b: Prancer\n|-sidestart|p2: Jakatious|move: Tailwind\n|move|p2a: Jacket|Zap Cannon|p1b: Floette\n|-damage|p1b: Floette|40/100\n|-status|p1b: Floette|par\n|move|p1b: Floette|Dazzling Gleam|p2a: Jacket|[spread] p2a,p2b\n|-damage|p2a: Jacket|35/100\n|-damage|p2b: Prancer|23/100\n|\n|upkeep\n|turn|4\n|\n|t:|1788193556\n|move|p2a: Jacket|Upper Hand|p1a: Incineroar\n|-supereffective|p1a: Incineroar|1\n|-damage|p1a: Incineroar|87/100\n|cant|p1a: Incineroar|flinch\n|move|p2b: Prancer|Moonblast|p1b: Floette\n|-damage|p1b: Floette|3/100 par\n|move|p1b: Floette|Dazzling Gleam|p2b: Prancer|[spread] p2a,p2b\n|-damage|p2a: Jacket|0 fnt\n|-damage|p2b: Prancer|0 fnt\n|faint|p2a: Jacket\n|faint|p2b: Prancer\n|\n|upkeep\n|\n|t:|1788193565\n|switch|p2a: Honey|Gholdengo, L50|100/100\n|switch|p2b: Calyrex?|Basculegion, L50, M, shiny|100/100\n|turn|5\n|\n|t:|1788193585\n|move|p2a: Honey|Shadow Ball|p1b: Floette\n|-damage|p1b: Floette|0 fnt\n|faint|p1b: Floette\n|-damage|p2a: Honey|90/100|[from] item: Life Orb\n|move|p2b: Calyrex?|Wave Crash|p1a: Incineroar\n|-supereffective|p1a: Incineroar|1\n|-damage|p1a: Incineroar|0 fnt\n|faint|p1a: Incineroar\n|-damage|p2b: Calyrex?|71/100|[from] Recoil\n|\n|upkeep\n|\n|t:|1788193596\n|switch|p1b: Kingambit|Kingambit, L50, F|100/100\n|switch|p1a: Sinistcha|Sinistcha, L50|100/100\n|turn|6\n|\n|t:|1788193614\n|move|p1a: Sinistcha|Protect|p1a: Sinistcha\n|-singleturn|p1a: Sinistcha|Protect\n|move|p2a: Honey|Shadow Ball|p1a: Sinistcha\n|-activate|p1a: Sinistcha|move: Protect\n|move|p2b: Calyrex?|Last Respects|p1a: Sinistcha\n|-activate|p1a: Sinistcha|move: Protect\n|move|p1b: Kingambit|Kowtow Cleave|p2b: Calyrex?\n|-supereffective|p2b: Calyrex?|1\n|-damage|p2b: Calyrex?|0 fnt\n|faint|p2b: Calyrex?\n|-damage|p1b: Kingambit|90/100|[from] item: Life Orb\n|\n|-sideend|p2: Jakatious|move: Tailwind\n|upkeep\n|turn|7\n|\n|t:|1788193639\n|move|p1a: Sinistcha|Rage Powder|p1a: Sinistcha\n|-singleturn|p1a: Sinistcha|move: Rage Powder\n|move|p2a: Honey|Shadow Ball|p1a: Sinistcha\n|-supereffective|p1a: Sinistcha|1\n|-damage|p1a: Sinistcha|0 fnt\n|faint|p1a: Sinistcha\n|-damage|p2a: Honey|80/100|[from] item: Life Orb\n|move|p1b: Kingambit|Kowtow Cleave|p2a: Honey\n|-supereffective|p2a: Honey|1\n|-damage|p2a: Honey|0 fnt\n|faint|p2a: Honey\n|-damage|p1b: Kingambit|80/100|[from] item: Life Orb\n|\n|win|NavarroMarin\n||Jakatious is ready for game 2.\n|inactive|NavarroMarin has 30 seconds to confirm battle start!\n||NavarroMarin is ready for game 2.\n|uhtml|next|Next: <a href=\"/battle-gen9championsvgc2026regmbbo3-2673403756\"><strong>Game 2 of 3</strong></a>\n|l|☆Jakatious\n|player|p2|\n","uploadtime":1788194228,"views":"1","formatid":"gen9championsvgc2026regmbbo3","rating":null,"private":0,"password":null}