{"id":"gen9championsvgc2026regmbbo3-2674397629","format":"[Gen 9 Champions] VGC 2026 Reg M-B (Bo3)","players":["needlessname9","DavidSilesPardillo"],"log":"|j|☆needlessname9\n|j|☆DavidSilesPardillo\n|html|<table width=\"100%\"><tr><td align=\"left\">needlessname9</td><td align=\"right\">DavidSilesPardillo</tr><tr><td align=\"left\"><i class=\"fa fa-circle\"></i> <i class=\"fa fa-circle-o\"></i> </td><td align=\"right\"><i class=\"fa fa-circle-o\"></i> <i class=\"fa fa-circle-o\"></i> </tr></table>\n|uhtml|bestof|<h2><strong>Game 2</strong> of <a href=\"/game-bestof3-gen9championsvgc2026regmbbo3-2674395940\">a best-of-3</a></h2>\n|t:|1788354674\n|gametype|doubles\n|player|p1|needlessname9|hiker|1053\n|player|p2|DavidSilesPardillo|cynthia|1158\n|gen|9\n|tier|[Gen 9 Champions] VGC 2026 Reg M-B (Bo3)\n|rated|\n|rule|Species Clause: Limit one of each Pokémon\n|rule|Item Clause: Limit 1 of each item\n|clearpoke\n|poke|p1|Dragonite, L50, M|\n|poke|p1|Floette-Eternal, L50, F|\n|poke|p1|Garchomp, L50, F|\n|poke|p1|Basculegion, L50, M|\n|poke|p1|Kingambit, L50, M|\n|poke|p1|Sneasler, L50, M|\n|poke|p2|Charizard, L50, M|\n|poke|p2|Aerodactyl, L50, M|\n|poke|p2|Kingambit, L50, F|\n|poke|p2|Basculegion, L50, M|\n|poke|p2|Whimsicott, L50, M|\n|poke|p2|Garchomp, L50, M|\n|teampreview|4\n|showteam|p1|Dragonite||Dragoninite|Multiscale|HeatWave,DragonPulse,Protect,Thunderbolt|Timid||M|||50|]Floette-Eternal||Floettite|FlowerVeil|LightofRuin,Protect,DazzlingGleam,CalmMind|Timid||F|||50|]Garchomp||LifeOrb|RoughSkin|DragonClaw,Earthquake,RockSlide,Protect|Adamant||F|||50|]Basculegion||FocusSash|Adaptability|AquaJet,Liquidation,Protect,LastRespects|Jolly||M|||50|]Kingambit||ChopleBerry|Defiant|Protect,KowtowCleave,SuckerPunch,IronHead|Adamant||M|||50|]Sneasler||WhiteHerb|Unburden|FakeOut,CloseCombat,DireClaw,Protect|Adamant||M|||50|\n|showteam|p2|Charizard||CharizarditeY|SolarPower|Overheat,HeatWave,SolarBeam,Protect|Timid||M|||50|]Aerodactyl||Aerodactylite|Unnerve|RockSlide,DualWingbeat,IceFang,Protect|Jolly||M|||50|]Kingambit||FocusSash|Defiant|KowtowCleave,IronHead,SuckerPunch,LowKick|Adamant||F|||50|]Basculegion||ChoiceScarf|Adaptability|WaveCrash,LastRespects,AquaJet,FlipTurn|Jolly||M|||50|]Whimsicott||FairyFeather|Prankster|Moonblast,SunnyDay,Tailwind,Encore|Bold||M|||50|]Garchomp||LifeOrb|RoughSkin|Earthquake,DragonClaw,RockTomb,Protect|Jolly||M|||50|\n|inactive|Battle timer is ON: inactive players will automatically lose when time's up. (requested by DavidSilesPardillo)\n|\n|t:|1788354697\n|teamsize|p1|4\n|teamsize|p2|4\n|start\n|switch|p1a: Garchomp|Garchomp, L50, F|100/100\n|switch|p1b: Sneasler|Sneasler, L50, M|100/100\n|switch|p2a: Aerodactyl|Aerodactyl, L50, M|100/100\n|switch|p2b: Whimsicott|Whimsicott, L50, M|100/100\n|-ability|p2a: Aerodactyl|Unnerve\n|turn|1\n|inactive|DavidSilesPardillo has 30 seconds left.\n|\n|t:|1788354724\n|move|p2a: Aerodactyl|Protect|p2a: Aerodactyl\n|-singleturn|p2a: Aerodactyl|Protect\n|move|p1b: Sneasler|Fake Out|p2a: Aerodactyl\n|-activate|p2a: Aerodactyl|move: Protect\n|move|p2b: Whimsicott|Tailwind|p2b: Whimsicott\n|-sidestart|p2: DavidSilesPardillo|move: Tailwind\n|move|p1a: Garchomp|Rock Slide|p2a: Aerodactyl|[spread] p2b\n|-activate|p2a: Aerodactyl|move: Protect\n|-damage|p2b: Whimsicott|73/100\n|-damage|p1a: Garchomp|90/100|[from] item: Life Orb\n|\n|upkeep\n|turn|2\n|inactive|needlessname9 has 30 seconds left.\n|\n|t:|1788354753\n|detailschange|p2a: Aerodactyl|Aerodactyl-Mega, L50, M\n|-mega|p2a: Aerodactyl|Aerodactyl|Aerodactylite\n|move|p1a: Garchomp|Protect|p1a: Garchomp\n|-singleturn|p1a: Garchomp|Protect\n|move|p2b: Whimsicott|Encore|p1b: Sneasler\n|-start|p1b: Sneasler|Encore\n|move|p1b: Sneasler|Fake Out||[still]\n|-hint|Fake Out only works on your first turn out.\n|-fail|p1b: Sneasler\n|move|p2a: Aerodactyl|Ice Fang|p1a: Garchomp\n|-activate|p1a: Garchomp|move: Protect\n|\n|upkeep\n|turn|3\n|\n|t:|1788354773\n|switch|p1b: Dragonite|Dragonite, L50, M|100/100\n|switch|p1a: Basculegion|Basculegion, L50, M|100/100\n|move|p2b: Whimsicott|Encore||[still]\n|-fail|p2b: Whimsicott\n|move|p2a: Aerodactyl|Ice Fang|p1a: Basculegion\n|-resisted|p1a: Basculegion|1\n|-damage|p1a: Basculegion|79/100\n|\n|upkeep\n|turn|4\n|\n|t:|1788354794\n|switch|p1a: Garchomp|Garchomp, L50, F|90/100\n|detailschange|p1b: Dragonite|Dragonite-Mega, L50, M\n|-mega|p1b: Dragonite|Dragonite|Dragoninite\n|move|p2a: Aerodactyl|Protect|p2a: Aerodactyl\n|-singleturn|p2a: Aerodactyl|Protect\n|move|p1b: Dragonite|Protect|p1b: Dragonite\n|-singleturn|p1b: Dragonite|Protect\n|move|p2b: Whimsicott|Moonblast|p1b: Dragonite\n|-activate|p1b: Dragonite|move: Protect\n|\n|-sideend|p2: DavidSilesPardillo|move: Tailwind\n|upkeep\n|turn|5\n|inactive|needlessname9 has 30 seconds left.\n|\n|t:|1788354828\n|move|p2b: Whimsicott|Encore|p1b: Dragonite\n|-start|p1b: Dragonite|Encore\n|move|p1b: Dragonite|Protect||[still]\n|-fail|p1b: Dragonite\n|move|p2a: Aerodactyl|Ice Fang|p1a: Garchomp\n|-supereffective|p1a: Garchomp|2\n|-damage|p1a: Garchomp|0 fnt\n|-damage|p2a: Aerodactyl|87/100|[from] ability: Rough Skin|[of] p1a: Garchomp\n|faint|p1a: Garchomp\n|\n|upkeep\n|\n|t:|1788354842\n|switch|p1a: Basculegion|Basculegion, L50, M|79/100\n|turn|6\n|inactive|DavidSilesPardillo has 30 seconds left.\n|\n|t:|1788354875\n|switch|p1b: Sneasler|Sneasler, L50, M|100/100\n|move|p2a: Aerodactyl|Protect|p2a: Aerodactyl\n|-singleturn|p2a: Aerodactyl|Protect\n|move|p2b: Whimsicott|Tailwind|p2b: Whimsicott\n|-sidestart|p2: DavidSilesPardillo|move: Tailwind\n|move|p1a: Basculegion|Last Respects|p2b: Whimsicott\n|-damage|p2b: Whimsicott|7/100\n|\n|upkeep\n|turn|7\n|inactive|needlessname9 has 30 seconds left.\n|inactive|DavidSilesPardillo has 30 seconds left.\n|inactive|DavidSilesPardillo has 20 seconds left.\n|\n|t:|1788354912\n|switch|p2a: Kingambit|Kingambit, L50, F|100/100\n|move|p1b: Sneasler|Fake Out|p2b: Whimsicott\n|-damage|p2b: Whimsicott|0 fnt\n|faint|p2b: Whimsicott\n|move|p1a: Basculegion|Liquidation|p2a: Kingambit\n|-damage|p2a: Kingambit|49/100\n|\n|upkeep\n|\n|t:|1788354921\n|switch|p2b: Aerodactyl|Aerodactyl-Mega, L50, M|87/100\n|turn|8\n|\n|t:|1788354934\n|move|p2a: Kingambit|Sucker Punch|p1a: Basculegion\n|-supereffective|p1a: Basculegion|1\n|-damage|p1a: Basculegion|0 fnt\n|faint|p1a: Basculegion\n|move|p2b: Aerodactyl|Dual Wingbeat|p1b: Sneasler\n|-supereffective|p1b: Sneasler|1\n|-damage|p1b: Sneasler|23/100\n|-supereffective|p1b: Sneasler|1\n|-damage|p1b: Sneasler|0 fnt\n|faint|p1b: Sneasler\n|-hitcount|p1: Sneasler|2\n|\n|upkeep\n|inactive|needlessname9 has 30 seconds left.\n|\n|t:|1788354959\n|switch|p1a: Dragonite|Dragonite-Mega, L50, M|100/100\n|turn|9\n|\n|t:|1788354982\n|move|p1a: Dragonite|Protect|p1a: Dragonite\n|-singleturn|p1a: Dragonite|Protect\n|move|p2a: Kingambit|Sucker Punch||[still]\n|-fail|p2a: Kingambit\n|move|p2b: Aerodactyl|Ice Fang|p1a: Dragonite\n|-activate|p1a: Dragonite|move: Protect\n|\n|-sideend|p2: DavidSilesPardillo|move: Tailwind\n|upkeep\n|turn|10\n|\n|t:|1788354993\n|move|p2a: Kingambit|Sucker Punch|p1a: Dragonite\n|-damage|p1a: Dragonite|80/100\n|move|p2b: Aerodactyl|Ice Fang|p1a: Dragonite\n|-supereffective|p1a: Dragonite|2\n|-damage|p1a: Dragonite|0 fnt\n|faint|p1a: Dragonite\n|\n|win|DavidSilesPardillo\n||DavidSilesPardillo is ready for game 3.\n||needlessname9 is ready for game 3.\n|uhtml|next|Next: <a href=\"/battle-gen9championsvgc2026regmbbo3-2674400007\"><strong>Game 3 of 3</strong></a>\n","uploadtime":1788355306,"views":"0","formatid":"gen9championsvgc2026regmbbo3","rating":null,"private":0,"password":null}