{"id":"gen9championsvgc2026regmb-2674799485","format":"[Gen 9 Champions] VGC 2026 Reg M-B","players":["ethalem99","elganadordeljuego"],"log":"|j|☆ethalem99\n|j|☆elganadordeljuego\n|t:|1788409104\n|gametype|doubles\n|player|p1|ethalem99|acetrainer-gen4dp|1253\n|player|p2|elganadordeljuego|red|1193\n|gen|9\n|tier|[Gen 9 Champions] VGC 2026 Reg M-B\n|rated|\n|rule|Species Clause: Limit one of each Pokémon\n|rule|Item Clause: Limit 1 of each item\n|clearpoke\n|poke|p1|Dragonite, L50, F|\n|poke|p1|Sneasler, L50, M|\n|poke|p1|Basculegion, L50, M|\n|poke|p1|Kingambit, L50, M|\n|poke|p1|Garchomp, L50, M|\n|poke|p1|Floette-Eternal, L50, F|\n|poke|p2|Basculegion, L50, M|\n|poke|p2|Froslass, L50, F|\n|poke|p2|Scovillain, L50, M|\n|poke|p2|Kingambit, L50, M|\n|poke|p2|Lycanroc-Dusk, L50, M|\n|poke|p2|Sneasler, L50, M|\n|teampreview|4\n|inactive|Battle timer is ON: inactive players will automatically lose when time's up. (requested by ethalem99)\n|\n|t:|1788409129\n|teamsize|p1|4\n|teamsize|p2|4\n|start\n|switch|p1a: Floette|Floette-Eternal, L50, F|100/100\n|switch|p1b: Kingambit|Kingambit, L50, M|100/100\n|switch|p2a: Scovillain|Scovillain, L50, M|100/100\n|switch|p2b: Kingambit|Kingambit, L50, M|100/100\n|turn|1\n|inactive|ethalem99 has 30 seconds left.\n|\n|t:|1788409159\n|detailschange|p1a: Floette|Floette-Mega, L50, F\n|-mega|p1a: Floette|Floette|Floettite\n|-ability|p1a: Floette|Fairy Aura\n|move|p1a: Floette|Light of Ruin|p2b: Kingambit\n|-damage|p2b: Kingambit|0 fnt\n|faint|p2b: Kingambit\n|-damage|p1a: Floette|33/100|[from] Recoil\n|move|p2a: Scovillain|Overheat|p1b: Kingambit\n|-supereffective|p1b: Kingambit|1\n|-damage|p1b: Kingambit|20/100y\n|-unboost|p2a: Scovillain|spa|2\n|move|p1b: Kingambit|Low Kick|p2a: Scovillain\n|-damage|p2a: Scovillain|84/100\n|\n|-ability|p2a: Scovillain|Moody|boost\n|-boost|p2a: Scovillain|spe|2\n|-unboost|p2a: Scovillain|atk|1\n|upkeep\n|\n|t:|1788409173\n|switch|p2b: Sneasler|Sneasler, L50, M|100/100\n|turn|2\n|inactive|ethalem99 has 30 seconds left.\n|\n|t:|1788409199\n|detailschange|p2a: Scovillain|Scovillain-Mega, L50, M\n|-mega|p2a: Scovillain|Scovillain|Scovillainite\n|move|p1a: Floette|Protect|p1a: Floette\n|-singleturn|p1a: Floette|Protect\n|move|p2a: Scovillain|Rage Powder|p2a: Scovillain\n|-singleturn|p2a: Scovillain|move: Rage Powder\n|move|p1b: Kingambit|Sucker Punch||[still]\n|-fail|p1b: Kingambit\n|move|p2b: Sneasler|Close Combat|p1b: Kingambit\n|-supereffective|p1b: Kingambit|2\n|-enditem|p1b: Kingambit|Chople Berry|[eat]\n|-enditem|p1b: Kingambit|Chople Berry|[weaken]\n|-damage|p1b: Kingambit|0 fnt\n|-unboost|p2b: Sneasler|def|1\n|-unboost|p2b: Sneasler|spd|1\n|faint|p1b: Kingambit\n|-enditem|p2b: Sneasler|White Herb\n|-clearnegativeboost|p2b: Sneasler|[silent]\n|\n|upkeep\n|\n|t:|1788409219\n|switch|p1b: Sneasler|Sneasler, L50, M|100/100\n|turn|3\n|\n|t:|1788409227\n|move|p2b: Sneasler|Protect|p2b: Sneasler\n|-singleturn|p2b: Sneasler|Protect\n|move|p2a: Scovillain|Protect|p2a: Scovillain\n|-singleturn|p2a: Scovillain|Protect\n|move|p1b: Sneasler|Fake Out|p2b: Sneasler\n|-activate|p2b: Sneasler|move: Protect\n|move|p1a: Floette|Dazzling Gleam|p2b: Sneasler|[spread] \n|-activate|p2a: Scovillain|move: Protect\n|-activate|p2b: Sneasler|move: Protect\n|\n|upkeep\n|turn|4\n|\n|t:|1788409237\n|move|p1a: Floette|Protect|p1a: Floette\n|-singleturn|p1a: Floette|Protect\n|move|p2a: Scovillain|Rage Powder|p2a: Scovillain\n|-singleturn|p2a: Scovillain|move: Rage Powder\n|move|p1b: Sneasler|Feint|p2a: Scovillain\n|-damage|p2a: Scovillain|75/100\n|-status|p1b: Sneasler|brn|[from] ability: Spicy Spray|[of] p2a: Scovillain\n|move|p2b: Sneasler|Dire Claw|p1a: Floette\n|-activate|p1a: Floette|move: Protect\n|\n|-damage|p1b: Sneasler|94/100 brn|[from] brn\n|upkeep\n|turn|5\n|\n|t:|1788409254\n|move|p2a: Scovillain|Rage Powder|p2a: Scovillain\n|-singleturn|p2a: Scovillain|move: Rage Powder\n|move|p2b: Sneasler|Dire Claw|p1a: Floette\n|-supereffective|p1a: Floette|1\n|-damage|p1a: Floette|0 fnt\n|faint|p1a: Floette\n|move|p1b: Sneasler|Dire Claw|p2a: Scovillain\n|-supereffective|p2a: Scovillain|1\n|-damage|p2a: Scovillain|42/100\n|-status|p2a: Scovillain|psn|[from] ability: Poison Touch|[of] p1b: Sneasler\n|\n|-damage|p2a: Scovillain|29/100 psn|[from] psn\n|-damage|p1b: Sneasler|88/100 brn|[from] brn\n|upkeep\n|\n|t:|1788409258\n|switch|p1a: Basculegion|Basculegion, L50, M|100/100\n|turn|6\n|\n|t:|1788409263\n|move|p1a: Basculegion|Protect|p1a: Basculegion\n|-singleturn|p1a: Basculegion|Protect\n|move|p2a: Scovillain|Rage Powder|p2a: Scovillain\n|-singleturn|p2a: Scovillain|move: Rage Powder\n|move|p1b: Sneasler|Feint|p2a: Scovillain\n|-damage|p2a: Scovillain|25/100 psn\n|move|p2b: Sneasler|Dire Claw|p1a: Basculegion\n|-activate|p1a: Basculegion|move: Protect\n|\n|-damage|p2a: Scovillain|12/100 psn|[from] psn\n|-damage|p1b: Sneasler|82/100 brn|[from] brn\n|upkeep\n|turn|7\n|inactive|ethalem99 has 30 seconds left.\n|\n|t:|1788409290\n|move|p1a: Basculegion|Protect||[still]\n|-fail|p1a: Basculegion\n|move|p2a: Scovillain|Rage Powder|p2a: Scovillain\n|-singleturn|p2a: Scovillain|move: Rage Powder\n|move|p1b: Sneasler|Feint|p2a: Scovillain\n|-damage|p2a: Scovillain|8/100 psn\n|move|p2b: Sneasler|Dire Claw|p1a: Basculegion\n|-resisted|p1a: Basculegion|1\n|-damage|p1a: Basculegion|74/100\n|-status|p1a: Basculegion|psn\n|\n|-damage|p2a: Scovillain|0 fnt|[from] psn\n|faint|p2a: Scovillain\n|-damage|p1a: Basculegion|62/100 psn|[from] psn\n|-damage|p1b: Sneasler|77/100 brn|[from] brn\n|upkeep\n|\n|t:|1788409304\n|switch|p2a: Lycanroc|Lycanroc-Dusk, L50, M|100/100\n|turn|8\n|\n|t:|1788409315\n|move|p1b: Sneasler|Feint|p2a: Lycanroc\n|-resisted|p2a: Lycanroc|1\n|-damage|p2a: Lycanroc|95/100\n|move|p1a: Basculegion|Aqua Jet|p2a: Lycanroc\n|-supereffective|p2a: Lycanroc|1\n|-damage|p2a: Lycanroc|0 fnt\n|faint|p2a: Lycanroc\n|-damage|p1a: Basculegion|52/100 psn|[from] item: Life Orb\n|move|p2b: Sneasler|Close Combat|p1b: Sneasler\n|-resisted|p1b: Sneasler|1\n|-damage|p1b: Sneasler|29/100 brn\n|-unboost|p2b: Sneasler|def|1\n|-unboost|p2b: Sneasler|spd|1\n|\n|-damage|p1a: Basculegion|40/100 psn|[from] psn\n|-damage|p1b: Sneasler|23/100 brn|[from] brn\n|upkeep\n|turn|9\n|\n|t:|1788409331\n|move|p2b: Sneasler|Protect|p2b: Sneasler\n|-singleturn|p2b: Sneasler|Protect\n|move|p1b: Sneasler|Feint|p2b: Sneasler\n|-activate|p2b: Sneasler|move: Feint\n|-damage|p2b: Sneasler|89/100\n|move|p1a: Basculegion|Last Respects|p2b: Sneasler\n|-damage|p2b: Sneasler|0 fnt\n|faint|p2b: Sneasler\n|-damage|p1a: Basculegion|31/100 psn|[from] item: Life Orb\n|\n|win|ethalem99\n|raw|ethalem99's rating: 1253 &rarr; <strong>1274</strong><br />(+21 for winning)\n|raw|elganadordeljuego's rating: 1193 &rarr; <strong>1172</strong><br />(-21 for losing)\n","uploadtime":1788409335,"views":"4","formatid":"gen9championsvgc2026regmb","rating":1172,"private":0,"password":null}