{"id":"gen9championsvgc2026regmb-2674254449","format":"[Gen 9 Champions] VGC 2026 Reg M-B","players":["Thornlace48812","Clunkytot"],"log":"|j|☆Thornlace48812\n|j|☆Clunkytot\n|t:|1788324289\n|gametype|doubles\n|player|p1|Thornlace48812|1|1128\n|player|p2|Clunkytot|waitress|1075\n|gen|9\n|tier|[Gen 9 Champions] VGC 2026 Reg M-B\n|rated|\n|rule|Species Clause: Limit one of each Pokémon\n|rule|Item Clause: Limit 1 of each item\n|clearpoke\n|poke|p1|Garchomp, L50, F|\n|poke|p1|Charizard, L50, F|\n|poke|p1|Whimsicott, L50, F|\n|poke|p1|Sylveon, L50, M|\n|poke|p1|Kingambit, L50, F|\n|poke|p1|Basculegion, L50, M|\n|poke|p2|Scolipede, L50, F, shiny|\n|poke|p2|Hawlucha, L50, M, shiny|\n|poke|p2|Sinistcha-Masterpiece, L50|\n|poke|p2|Raichu, L50, M|\n|poke|p2|Basculegion, L50, M, shiny|\n|poke|p2|Aegislash, L50, F, shiny|\n|teampreview|4\n|inactive|Battle timer is ON: inactive players will automatically lose when time's up. (requested by Clunkytot)\n|inactive|Thornlace48812 also wants the timer to be on.\nThornlace48812 rejected open team sheets.\n|\n|t:|1788324307\n|teamsize|p1|4\n|teamsize|p2|4\n|start\n|switch|p1a: Charizard|Charizard, L50, F|100/100\n|switch|p1b: Sylveon|Sylveon, L50, M|100/100\n|switch|p2a: Hyperdrive|Scolipede, L50, F, shiny|100/100\n|switch|p2b: Luchador|Hawlucha, L50, M, shiny|100/100\n|turn|1\n|c|☆Clunkytot|glhf\n|\n|t:|1788324316\n|detailschange|p1a: Charizard|Charizard-Mega-Y, L50, F\n|-mega|p1a: Charizard|Charizard|Charizardite Y\n|-weather|SunnyDay|[from] ability: Drought|[of] p1a: Charizard\n|move|p2a: Hyperdrive|Protect|p2a: Hyperdrive\n|-singleturn|p2a: Hyperdrive|Protect\n|move|p2b: Luchador|Coaching|p2a: Hyperdrive\n|-boost|p2a: Hyperdrive|atk|1\n|-boost|p2a: Hyperdrive|def|1\n|move|p1a: Charizard|Heat Wave|p2a: Hyperdrive|[spread] p2b\n|-activate|p2a: Hyperdrive|move: Protect\n|-crit|p2b: Luchador\n|-enditem|p2b: Luchador|Focus Sash\n|-damage|p2b: Luchador|1/100\n|move|p1b: Sylveon|Hyper Voice|p2a: Hyperdrive|[spread] p2b\n|-activate|p2a: Hyperdrive|move: Protect\n|-supereffective|p2b: Luchador|1\n|-damage|p2b: Luchador|0 fnt\n|faint|p2b: Luchador\n|\n|-weather|SunnyDay|[upkeep]\n|-ability|p2a: Hyperdrive|Speed Boost|boost\n|-boost|p2a: Hyperdrive|spe|1\n|upkeep\n|\n|t:|1788324339\n|switch|p2b: Queensblade|Aegislash, L50, F, shiny|100/100\n|turn|2\n|\n|t:|1788324349\n|move|p2a: Hyperdrive|Rock Slide|p1b: Sylveon|[spread] p1a,p1b\n|-supereffective|p1a: Charizard|2\n|-damage|p1a: Charizard|0 fnt\n|-damage|p1b: Sylveon|61/100\n|faint|p1a: Charizard\n|-formechange|p2b: Queensblade|Aegislash-Blade|\n|move|p2b: Queensblade|Steel Beam|p1b: Sylveon\n|-supereffective|p1b: Sylveon|1\n|-damage|p1b: Sylveon|0 fnt\n|faint|p1b: Sylveon\n|-damage|p2b: Queensblade|49/100|[from] steelbeam\n|\n|-weather|SunnyDay|[upkeep]\n|-heal|p2b: Queensblade|55/100|[from] item: Leftovers\n|-ability|p2a: Hyperdrive|Speed Boost|boost\n|-boost|p2a: Hyperdrive|spe|1\n|upkeep\n|\n|t:|1788324350\n|switch|p1a: Kingambit|Kingambit, L50, F|100/100\n|switch|p1b: Basculegion|Basculegion, L50, M|100/100\n|-activate|p1a: Kingambit|ability: Supreme Overlord\n|-start|p1a: Kingambit|fallen2|[silent]\n|turn|3\n|\n|t:|1788324372\n|move|p2a: Hyperdrive|Protect|p2a: Hyperdrive\n|-singleturn|p2a: Hyperdrive|Protect\n|-formechange|p2b: Queensblade|Aegislash|\n|move|p2b: Queensblade|King's Shield|p2b: Queensblade\n|-singleturn|p2b: Queensblade|Protect\n|move|p1b: Basculegion|Last Respects|p2a: Hyperdrive\n|-activate|p2a: Hyperdrive|move: Protect\n|move|p1a: Kingambit|Kowtow Cleave|p2b: Queensblade\n|-activate|p2b: Queensblade|move: Protect\n|-unboost|p1a: Kingambit|atk|1\n|\n|-weather|SunnyDay|[upkeep]\n|-heal|p2b: Queensblade|61/100|[from] item: Leftovers\n|-ability|p2a: Hyperdrive|Speed Boost|boost\n|-boost|p2a: Hyperdrive|spe|1\n|upkeep\n|turn|4\n|inactive|Clunkytot has 30 seconds left.\n|inactive|Clunkytot has 20 seconds left.\n|inactive|Clunkytot has 15 seconds left.\n|\n|t:|1788324413\n|move|p2a: Hyperdrive|Rock Slide|p1b: Basculegion|[spread] p1a,p1b\n|-resisted|p1a: Kingambit|1\n|-damage|p1a: Kingambit|88/100\n|-damage|p1b: Basculegion|72/100\n|move|p1b: Basculegion|Last Respects|p2b: Queensblade\n|-supereffective|p2b: Queensblade|1\n|-damage|p2b: Queensblade|0 fnt\n|faint|p2b: Queensblade\n|cant|p1a: Kingambit|flinch\n|\n|-weather|SunnyDay|[upkeep]\n|-ability|p2a: Hyperdrive|Speed Boost|boost\n|-boost|p2a: Hyperdrive|spe|1\n|upkeep\n|\n|t:|1788324423\n|switch|p2b: Master Matcha|Sinistcha-Masterpiece, L50|100/100\n|turn|5\n|\n|t:|1788324433\n|detailschange|p2a: Hyperdrive|Scolipede-Mega, L50, F, shiny\n|-mega|p2a: Hyperdrive|Scolipede|Scolipite\n|move|p2a: Hyperdrive|Rock Slide|p1b: Basculegion|[spread] p1a,p1b\n|-resisted|p1a: Kingambit|1\n|-damage|p1a: Kingambit|74/100\n|-damage|p1b: Basculegion|32/100\n|move|p1b: Basculegion|Wave Crash|p2b: Master Matcha\n|-resisted|p2b: Master Matcha|1\n|-damage|p2b: Master Matcha|83/100\n|-damage|p1b: Basculegion|27/100|[from] Recoil\n|cant|p1a: Kingambit|flinch\n|move|p2b: Master Matcha|Shadow Ball|p1b: Basculegion\n|-supereffective|p1b: Basculegion|1\n|-damage|p1b: Basculegion|0 fnt\n|faint|p1b: Basculegion\n|\n|-weather|none\n|upkeep\n|turn|6\n|\n|t:|1788324451\n|move|p2a: Hyperdrive|Megahorn|p1a: Kingambit\n|-damage|p1a: Kingambit|0 fnt\n|faint|p1a: Kingambit\n|-end|p1a: Kingambit|fallen2|[silent]\n|\n|win|Clunkytot\n|raw|Thornlace48812's rating: 1053 &rarr; <strong>1036</strong><br />(-17 for losing)\n|raw|Clunkytot's rating: 1075 &rarr; <strong>1102</strong><br />(+27 for winning)\n","uploadtime":1788324452,"views":"5","formatid":"gen9championsvgc2026regmb","rating":1036,"private":0,"password":null}