{"id":"gen9championsvgc2026regmbbo3-2674036102","format":"[Gen 9 Champions] VGC 2026 Reg M-B (Bo3)","players":["wearifulpoet","new2pokemongameszz"],"log":"|j|☆wearifulpoet\n|j|☆new2pokemongameszz\n|html|<table width=\"100%\"><tr><td align=\"left\">wearifulpoet</td><td align=\"right\">new2pokemongameszz</tr><tr><td align=\"left\"><i class=\"fa fa-circle\"></i> <i class=\"fa fa-circle-o\"></i> </td><td align=\"right\"><i class=\"fa fa-circle-o\"></i> <i class=\"fa fa-circle\"></i> </tr></table>\n|uhtml|bestof|<h2><strong>Game 3</strong> of <a href=\"/game-bestof3-gen9championsvgc2026regmbbo3-2674032341\">a best-of-3</a></h2>\n|t:|1788290930\n|gametype|doubles\n|player|p1|wearifulpoet|102|\n|player|p2|new2pokemongameszz|unknownf|\n|gen|9\n|tier|[Gen 9 Champions] VGC 2026 Reg M-B (Bo3)\n|rule|Species Clause: Limit one of each Pokémon\n|rule|Item Clause: Limit 1 of each item\n|clearpoke\n|poke|p1|Charizard, L50, F|\n|poke|p1|Whimsicott, L50, M|\n|poke|p1|Garchomp, L50, F|\n|poke|p1|Floette-Eternal, L50, F|\n|poke|p1|Basculegion, L50, M|\n|poke|p1|Kingambit, L50, F|\n|poke|p2|Scrafty, L50, M|\n|poke|p2|Vileplume, L50, F|\n|poke|p2|Staraptor, L50, M|\n|poke|p2|Farigiraf, L50, F|\n|poke|p2|Sylveon, L50, F|\n|poke|p2|Torkoal, L50, M|\n|teampreview|4\n|showteam|p1|Charizard||CharizarditeY|Blaze|HeatWave,WeatherBall,AncientPower,Protect|Timid||F|||50|]Whimsicott||FocusSash|Prankster|Moonblast,Tailwind,Encore,Protect|Timid||M|||50|]Garchomp||SitrusBerry|RoughSkin|DragonClaw,Earthquake,RockSlide,Protect|Jolly||F|||50|]Floette-Eternal||Floettite|FlowerVeil|Moonblast,DazzlingGleam,LightofRuin,Protect|Modest||F|||50|]Basculegion||LifeOrb|Adaptability|WaveCrash,LastRespects,AquaJet,Protect|Adamant||M|||50|]Kingambit||OccaBerry|Defiant|KowtowCleave,SuckerPunch,IronHead,LowKick|Adamant||F|||50|\n|showteam|p2|Scrafty||Scraftinite|Intimidate|CloseCombat,KnockOff,IronHead,FakeOut|Brave||M|||50|]Vileplume||FocusSash|Chlorophyll|SludgeBomb,SleepPowder,AfterYou,LeafStorm|Timid||F|||50|]Staraptor||ChoiceScarf|Intimidate|BraveBird,CloseCombat,Uturn,FinalGambit|Jolly||M|||50|]Farigiraf||SitrusBerry|ArmorTail|Protect,TwinBeam,Thunderbolt,TrickRoom|Sassy||F|||50|]Sylveon||FairyFeather|Pixilate|HyperVoice,QuickAttack,HyperBeam,Detect|Quiet||F|||50|]Torkoal||Charcoal|Drought|Eruption,WeatherBall,HeatWave,Protect|Quiet||M|||50|\n|\n|t:|1788291023\n|teamsize|p1|4\n|teamsize|p2|4\n|start\n|switch|p1a: Basculegion|Basculegion, L50, M|100/100\n|switch|p1b: Kingambit|Kingambit, L50, F|100/100\n|switch|p2a: Staraptor|Staraptor, L50, M|100/100\n|switch|p2b: Farigiraf|Farigiraf, L50, F|100/100\n|-ability|p2a: Staraptor|Intimidate|boost\n|-unboost|p1a: Basculegion|atk|1\n|-unboost|p1b: Kingambit|atk|1\n|-ability|p1b: Kingambit|Defiant|boost\n|-boost|p1b: Kingambit|atk|2\n|turn|1\n|\n|t:|1788291064\n|move|p2a: Staraptor|Final Gambit|p1b: Kingambit\n|-damage|p1b: Kingambit|0 fnt\n|faint|p2a: Staraptor\n|faint|p1b: Kingambit\n|move|p1a: Basculegion|Wave Crash|p2b: Farigiraf\n|-damage|p2b: Farigiraf|31/100\n|-enditem|p2b: Farigiraf|Sitrus Berry|[eat]\n|-heal|p2b: Farigiraf|56/100|[from] item: Sitrus Berry\n|-damage|p1a: Basculegion|74/100|[from] Recoil\n|-damage|p1a: Basculegion|65/100|[from] item: Life Orb\n|move|p2b: Farigiraf|Trick Room|p2b: Farigiraf\n|-fieldstart|move: Trick Room|[of] p2b: Farigiraf\n|\n|upkeep\n|c|☆wearifulpoet|good read\n|\n|t:|1788291076\n|switch|p1b: Garchomp|Garchomp, L50, F|100/100\n|switch|p2a: Scrafty|Scrafty, L50, M|100/100\n|-ability|p2a: Scrafty|Intimidate|boost\n|-unboost|p1a: Basculegion|atk|1\n|-unboost|p1b: Garchomp|atk|1\n|turn|2\n|\n|t:|1788291085\n|switch|p2b: Sylveon|Sylveon, L50, F|100/100\n|detailschange|p2a: Scrafty|Scrafty-Mega, L50, M\n|-mega|p2a: Scrafty|Scrafty|Scraftinite\n|-ability|p2a: Scrafty|Intimidate|boost\n|-unboost|p1a: Basculegion|atk|1\n|-unboost|p1b: Garchomp|atk|1\n|move|p1a: Basculegion|Protect|p1a: Basculegion\n|-singleturn|p1a: Basculegion|Protect\n|move|p1b: Garchomp|Protect|p1b: Garchomp\n|-singleturn|p1b: Garchomp|Protect\n|move|p2a: Scrafty|Fake Out|p1b: Garchomp\n|-activate|p1b: Garchomp|move: Protect\n|\n|upkeep\n|turn|3\n|\n|t:|1788291117\n|switch|p1b: Charizard|Charizard, L50, F|100/100\n|move|p2b: Sylveon|Hyper Voice|p1a: Basculegion|[spread] p1a,p1b\n|-resisted|p1b: Charizard|1\n|-damage|p1a: Basculegion|8/100\n|-damage|p1b: Charizard|67/100\n|move|p2a: Scrafty|Knock Off|p1a: Basculegion\n|-supereffective|p1a: Basculegion|1\n|-damage|p1a: Basculegion|0 fnt\n|-enditem|p1a: Basculegion|Life Orb|[from] move: Knock Off|[of] p2a: Scrafty\n|faint|p1a: Basculegion\n|\n|upkeep\n|\n|t:|1788291125\n|switch|p1a: Garchomp|Garchomp, L50, F|100/100\n|turn|4\n|\n|t:|1788291141\n|detailschange|p1b: Charizard|Charizard-Mega-Y, L50, F\n|-mega|p1b: Charizard|Charizard|Charizardite Y\n|-weather|SunnyDay|[from] ability: Drought|[of] p1b: Charizard\n|move|p1a: Garchomp|Protect|p1a: Garchomp\n|-singleturn|p1a: Garchomp|Protect\n|move|p2b: Sylveon|Hyper Voice|p1a: Garchomp|[spread] p1b\n|-activate|p1a: Garchomp|move: Protect\n|-resisted|p1b: Charizard|1\n|-damage|p1b: Charizard|44/100\n|move|p2a: Scrafty|Knock Off|p1b: Charizard\n|-damage|p1b: Charizard|0 fnt\n|faint|p1b: Charizard\n|\n|-weather|SunnyDay|[upkeep]\n|upkeep\n|turn|5\n|\n|t:|1788291159\n|move|p1a: Garchomp|Protect|p1a: Garchomp\n|-singleturn|p1a: Garchomp|Protect\n|move|p2b: Sylveon|Hyper Beam|p1a: Garchomp\n|-activate|p1a: Garchomp|move: Protect\n|move|p2a: Scrafty|Knock Off|p1a: Garchomp\n|-activate|p1a: Garchomp|move: Protect\n|\n|-weather|SunnyDay|[upkeep]\n|-fieldend|move: Trick Room\n|upkeep\n|turn|6\n|\n|t:|1788291176\n|move|p1a: Garchomp|Rock Slide|p2b: Sylveon|[spread] p2a,p2b\n|-resisted|p2a: Scrafty|1\n|-damage|p2a: Scrafty|93/100\n|-damage|p2b: Sylveon|81/100\n|cant|p2a: Scrafty|flinch\n|cant|p2b: Sylveon|flinch\n|\n|-weather|SunnyDay|[upkeep]\n|upkeep\n|turn|7\n|\n|t:|1788291187\n|move|p1a: Garchomp|Earthquake|p2a: Scrafty|[spread] p2a,p2b\n|-damage|p2a: Scrafty|66/100\n|-damage|p2b: Sylveon|46/100\n|move|p2a: Scrafty|Knock Off|p1a: Garchomp\n|-damage|p1a: Garchomp|48/100\n|-damage|p2a: Scrafty|54/100|[from] ability: Rough Skin|[of] p1a: Garchomp\n|-enditem|p1a: Garchomp|Sitrus Berry|[from] move: Knock Off|[of] p2a: Scrafty\n|move|p2b: Sylveon|Hyper Beam|p1a: Garchomp\n|-supereffective|p1a: Garchomp|1\n|-damage|p1a: Garchomp|0 fnt\n|-mustrecharge|p2b: Sylveon\n|faint|p1a: Garchomp\n|\n|win|new2pokemongameszz\n|c|☆wearifulpoet|the double protect and the double flinch this game is not real\n|c|☆wearifulpoet|gg\n","uploadtime":1788291228,"views":"0","formatid":"gen9championsvgc2026regmbbo3","rating":null,"private":0,"password":null}