{"id":"gen9championsvgc2026regmb-2674681024","format":"[Gen 9 Champions] VGC 2026 Reg M-B","players":["4victor1","wearifulpoet"],"log":"|j|☆4victor1\n|j|☆wearifulpoet\n|t:|1788389627\n|gametype|doubles\n|player|p1|4victor1|miku-flying|1224\n|player|p2|wearifulpoet|266|1332\n|gen|9\n|tier|[Gen 9 Champions] VGC 2026 Reg M-B\n|rated|\n|rule|Species Clause: Limit one of each Pokémon\n|rule|Item Clause: Limit 1 of each item\n|clearpoke\n|poke|p1|Sneasler, L50, F|\n|poke|p1|Talonflame, L50, F|\n|poke|p1|Garchomp, L50, F|\n|poke|p1|Raichu, L50, M|\n|poke|p1|Farigiraf, L50, F|\n|poke|p1|Glimmora, L50, M|\n|poke|p2|Charizard, L50, F|\n|poke|p2|Whimsicott, L50, M|\n|poke|p2|Garchomp, L50, F|\n|poke|p2|Floette-Eternal, L50, F|\n|poke|p2|Basculegion, L50, M|\n|poke|p2|Kingambit, L50, F|\n|teampreview|4\n|inactive|Battle timer is ON: inactive players will automatically lose when time's up. (requested by 4victor1)\n|inactive|wearifulpoet has 60 seconds left.\n|\n|t:|1788389666\n|teamsize|p1|4\n|teamsize|p2|4\n|start\n|switch|p1a: talãofleime|Talonflame, L50, F|100/100\n|switch|p1b: Jabber Wonger|Sneasler, L50, F|100/100\n|switch|p2a: Whimsicott|Whimsicott, L50, M|100/100\n|switch|p2b: Garchomp|Garchomp, L50, F|100/100\n|turn|1\n|\n|t:|1788389680\n|move|p1b: Jabber Wonger|Fake Out|p2b: Garchomp\n|-damage|p2b: Garchomp|86/100\n|-damage|p1b: Jabber Wonger|87/100|[from] ability: Rough Skin|[of] p2b: Garchomp\n|move|p1a: talãofleime|Dual Wingbeat|p2a: Whimsicott\n|-supereffective|p2a: Whimsicott|1\n|-damage|p2a: Whimsicott|47/100\n|-supereffective|p2a: Whimsicott|1\n|-damage|p2a: Whimsicott|0 fnt\n|faint|p2a: Whimsicott\n|-hitcount|p2: Whimsicott|2\n|cant|p2b: Garchomp|flinch\n|\n|upkeep\n|\n|t:|1788389692\n|switch|p2a: Basculegion|Basculegion, L50, M|100/100\n|turn|2\n|\n|t:|1788389700\n|move|p1a: talãofleime|Tailwind|p1a: talãofleime\n|-sidestart|p1: 4victor1|move: Tailwind\n|move|p2a: Basculegion|Aqua Jet|p1a: talãofleime\n|-supereffective|p1a: talãofleime|1\n|-damage|p1a: talãofleime|0 fnt\n|faint|p1a: talãofleime\n|-damage|p2a: Basculegion|90/100|[from] item: Life Orb\n|move|p1b: Jabber Wonger|Throat Chop|p2a: Basculegion\n|-supereffective|p2a: Basculegion|1\n|-damage|p2a: Basculegion|30/100\n|-start|p2a: Basculegion|Throat Chop|[silent]\n|move|p2b: Garchomp|Dragon Claw|p1b: Jabber Wonger\n|-damage|p1b: Jabber Wonger|28/100\n|\n|upkeep\n|\n|t:|1788389706\n|switch|p1a: garchompe|Garchomp, L50, F|100/100\n|turn|3\n|\n|t:|1788389720\n|switch|p2b: Kingambit|Kingambit, L50, F|100/100\n|move|p2a: Basculegion|Aqua Jet|p1b: Jabber Wonger\n|-damage|p1b: Jabber Wonger|0 fnt\n|faint|p1b: Jabber Wonger\n|-damage|p2a: Basculegion|20/100y|[from] item: Life Orb\n|move|p1a: garchompe|Dragon Claw|p2b: Kingambit\n|-resisted|p2b: Kingambit|1\n|-damage|p2b: Kingambit|76/100\n|-damage|p1a: garchompe|90/100|[from] item: Life Orb\n|\n|-end|p2a: Basculegion|Throat Chop|[silent]\n|upkeep\n|\n|t:|1788389725\n|switch|p1b: Glimmora|Glimmora, L50, M|100/100\n|turn|4\n|\n|t:|1788389734\n|move|p1b: Glimmora|Spiky Shield|p1b: Glimmora\n|-singleturn|p1b: Glimmora|move: Protect\n|move|p2a: Basculegion|Aqua Jet|p1a: garchompe\n|-damage|p1a: garchompe|55/100\n|-damage|p2a: Basculegion|8/100|[from] ability: Rough Skin|[of] p1a: garchompe\n|-damage|p2a: Basculegion|0 fnt|[from] item: Life Orb\n|faint|p2a: Basculegion\n|move|p2b: Kingambit|Sucker Punch|p1a: garchompe\n|-damage|p1a: garchompe|9/100\n|-damage|p2b: Kingambit|64/100|[from] ability: Rough Skin|[of] p1a: garchompe\n|move|p1a: garchompe|Earthquake|p2b: Kingambit|[spread] p2b\n|-activate|p1b: Glimmora|move: Protect\n|-supereffective|p2b: Kingambit|1\n|-damage|p2b: Kingambit|0 fnt\n|faint|p2b: Kingambit\n|-damage|p1a: garchompe|0 fnt|[from] item: Life Orb\n|faint|p1a: garchompe\n|\n|upkeep\n|\n|t:|1788389751\n|switch|p2a: Garchomp|Garchomp, L50, F|86/100\n|turn|5\n|\n|t:|1788389762\n|detailschange|p1b: Glimmora|Glimmora-Mega, L50, M\n|-mega|p1b: Glimmora|Glimmora|Glimmoranite\n|move|p2a: Garchomp|Protect|p2a: Garchomp\n|-singleturn|p2a: Garchomp|Protect\n|move|p1b: Glimmora|Sludge Bomb|p2a: Garchomp\n|-activate|p2a: Garchomp|move: Protect\n|\n|-sideend|p1: 4victor1|move: Tailwind\n|upkeep\n|turn|6\n|\n|t:|1788389772\n|move|p1b: Glimmora|Spiky Shield|p1b: Glimmora\n|-singleturn|p1b: Glimmora|move: Protect\n|move|p2a: Garchomp|Earthquake|p1b: Glimmora\n|-activate|p1b: Glimmora|move: Protect\n|\n|upkeep\n|turn|7\n|\n|t:|1788389779\n|move|p2a: Garchomp|Earthquake|p1b: Glimmora\n|-supereffective|p1b: Glimmora|2\n|-damage|p1b: Glimmora|0 fnt\n|faint|p1b: Glimmora\n|\n|win|wearifulpoet\n|raw|4victor1's rating: 1224 &rarr; <strong>1207</strong><br />(-17 for losing)\n|raw|wearifulpoet's rating: 1332 &rarr; <strong>1346</strong><br />(+14 for winning)\n|c|☆wearifulpoet|gg\n","uploadtime":1788389785,"views":"4","formatid":"gen9championsvgc2026regmb","rating":1207,"private":0,"password":null}