{"id":"gen9championsvgc2026regmb-2673857320","format":"[Gen 9 Champions] VGC 2026 Reg M-B","players":["nerbaba","Thornlace48812"],"log":"|j|☆nerbaba\n|j|☆Thornlace48812\n|t:|1788269324\n|gametype|doubles\n|player|p1|nerbaba|1|1116\n|player|p2|Thornlace48812|102|1082\n|gen|9\n|tier|[Gen 9 Champions] VGC 2026 Reg M-B\n|rated|\n|rule|Species Clause: Limit one of each Pokémon\n|rule|Item Clause: Limit 1 of each item\n|clearpoke\n|poke|p1|Mawile, L50, M|\n|poke|p1|Sneasler, L50, F|\n|poke|p1|Basculegion, L50, M|\n|poke|p1|Dragonite, L50, F|\n|poke|p1|Politoed, L50, M|\n|poke|p1|Farigiraf, L50, F|\n|poke|p2|Garchomp, L50, F|\n|poke|p2|Charizard, L50, M|\n|poke|p2|Whimsicott, L50, M|\n|poke|p2|Sylveon, L50, F|\n|poke|p2|Kingambit, L50, M|\n|poke|p2|Basculegion, L50, M|\n|teampreview|4\n|inactive|Battle timer is ON: inactive players will automatically lose when time's up. (requested by nerbaba)\n|inactive|Thornlace48812 also wants the timer to be on.\nThornlace48812 rejected open team sheets.\n|\n|t:|1788269338\n|teamsize|p1|4\n|teamsize|p2|4\n|start\n|switch|p1a: Sneasler|Sneasler, L50, F|100/100\n|switch|p1b: Basculegion|Basculegion, L50, M|100/100\n|switch|p2a: Sylveon|Sylveon, L50, F|100/100\n|switch|p2b: Charizard|Charizard, L50, M|100/100\n|turn|1\n|\n|t:|1788269349\n|detailschange|p2b: Charizard|Charizard-Mega-Y, L50, M\n|-mega|p2b: Charizard|Charizard|Charizardite Y\n|-weather|SunnyDay|[from] ability: Drought|[of] p2b: Charizard\n|move|p2a: Sylveon|Detect|p2a: Sylveon\n|-singleturn|p2a: Sylveon|Protect\n|move|p1a: Sneasler|Fake Out|p2b: Charizard\n|-damage|p2b: Charizard|82/100\n|cant|p2b: Charizard|flinch\n|move|p1b: Basculegion|Wave Crash|p2a: Sylveon\n|-activate|p2a: Sylveon|move: Protect\n|\n|-weather|SunnyDay|[upkeep]\n|upkeep\n|turn|2\n|\n|t:|1788269362\n|switch|p1b: Politoed|Politoed, L50, M|100/100\n|-weather|RainDance|[from] ability: Drizzle|[of] p1b: Politoed\n|move|p1a: Sneasler|Dire Claw|p2a: Sylveon\n|-supereffective|p2a: Sylveon|1\n|-damage|p2a: Sylveon|0 fnt\n|faint|p2a: Sylveon\n|move|p2b: Charizard|Heat Wave|p1b: Politoed|[spread] p1a,p1b\n|-resisted|p1b: Politoed|1\n|-damage|p1a: Sneasler|70/100\n|-damage|p1b: Politoed|92/100\n|-status|p1b: Politoed|brn\n|\n|-weather|RainDance|[upkeep]\n|-damage|p1b: Politoed|86/100 brn|[from] brn\n|upkeep\n|\n|t:|1788269363\n|switch|p2a: Basculegion|Basculegion, L50, M|100/100\n|turn|3\n|\n|t:|1788269375\n|move|p1a: Sneasler|Dire Claw|p2a: Basculegion\n|-resisted|p2a: Basculegion|1\n|-damage|p2a: Basculegion|72/100\n|move|p2b: Charizard|Heat Wave|p1b: Politoed|[spread] p1a,p1b\n|-resisted|p1b: Politoed|1\n|-damage|p1a: Sneasler|39/100\n|-damage|p1b: Politoed|78/100 brn\n|move|p2a: Basculegion|Last Respects|p1a: Sneasler\n|-damage|p1a: Sneasler|0 fnt\n|faint|p1a: Sneasler\n|move|p1b: Politoed|Hypnosis|p2a: Basculegion|[miss]\n|-miss|p1b: Politoed|p2a: Basculegion\n|\n|-weather|RainDance|[upkeep]\n|-damage|p1b: Politoed|72/100 brn|[from] brn\n|upkeep\n|\n|t:|1788269379\n|switch|p1a: Basculegion|Basculegion, L50, M|100/100\n|turn|4\n|\n|t:|1788269382\n|move|p2b: Charizard|Heat Wave|p1b: Politoed|[spread] p1a,p1b\n|-resisted|p1a: Basculegion|1\n|-resisted|p1b: Politoed|1\n|-damage|p1a: Basculegion|88/100\n|-damage|p1b: Politoed|64/100 brn\n|move|p1a: Basculegion|Last Respects|p2a: Basculegion\n|-supereffective|p2a: Basculegion|1\n|-damage|p2a: Basculegion|0 fnt\n|faint|p2a: Basculegion\n|-damage|p1a: Basculegion|78/100|[from] item: Life Orb\n|move|p1b: Politoed|Weather Ball|p2b: Charizard\n|-supereffective|p2b: Charizard|1\n|-damage|p2b: Charizard|0 fnt\n|faint|p2b: Charizard\n|\n|-weather|RainDance|[upkeep]\n|-damage|p1b: Politoed|58/100 brn|[from] brn\n|upkeep\n|\n|t:|1788269383\n|switch|p2a: Kingambit|Kingambit, L50, M|100/100\n|-activate|p2a: Kingambit|ability: Supreme Overlord\n|-start|p2a: Kingambit|fallen3|[silent]\n|turn|5\n|\n|t:|1788269387\n|move|p1a: Basculegion|Aqua Jet|p2a: Kingambit\n|-damage|p2a: Kingambit|51/100\n|-damage|p1a: Basculegion|68/100|[from] item: Life Orb\n|move|p2a: Kingambit|Sucker Punch||[still]\n|-fail|p2a: Kingambit\n|move|p1b: Politoed|Weather Ball|p2a: Kingambit\n|-damage|p2a: Kingambit|0 fnt\n|faint|p2a: Kingambit\n|-end|p2a: Kingambit|fallen3|[silent]\n|\n|win|nerbaba\n|raw|nerbaba's rating: 1116 &rarr; <strong>1142</strong><br />(+26 for winning)\n|raw|Thornlace48812's rating: 1129 &rarr; <strong>1103</strong><br />(-26 for losing)\n","uploadtime":1788269388,"views":"1","formatid":"gen9championsvgc2026regmb","rating":1103,"private":0,"password":null}