{"id":"gen9championsvgc2026regmbbo3-2673323811","format":"[Gen 9 Champions] VGC 2026 Reg M-B (Bo3)","players":["ArielcitoTedetona","srrinath"],"log":"|j|☆ArielcitoTedetona\n|j|☆srrinath\n|html|<table width=\"100%\"><tr><td align=\"left\">ArielcitoTedetona</td><td align=\"right\">srrinath</tr><tr><td align=\"left\"><i class=\"fa fa-circle-o\"></i> <i class=\"fa fa-circle-o\"></i> </td><td align=\"right\"><i class=\"fa fa-circle-o\"></i> <i class=\"fa fa-circle\"></i> </tr></table>\n|uhtml|bestof|<h2><strong>Game 2</strong> of <a href=\"/game-bestof3-gen9championsvgc2026regmbbo3-2673322159\">a best-of-3</a></h2>\n|t:|1788183354\n|gametype|doubles\n|player|p1|ArielcitoTedetona|265|1131\n|player|p2|srrinath|1|1000\n|gen|9\n|tier|[Gen 9 Champions] VGC 2026 Reg M-B (Bo3)\n|rated|\n|rule|Species Clause: Limit one of each Pokémon\n|rule|Item Clause: Limit 1 of each item\n|clearpoke\n|poke|p1|Charizard, L50, M|\n|poke|p1|Incineroar, L50, M|\n|poke|p1|Venusaur, L50, F|\n|poke|p1|Garchomp, L50, F|\n|poke|p1|Sylveon, L50, M|\n|poke|p1|Annihilape, L50, M|\n|poke|p2|Charizard, L50, M|\n|poke|p2|Sylveon, L50, F|\n|poke|p2|Whimsicott, L50, F|\n|poke|p2|Incineroar, L50, F|\n|poke|p2|Garchomp, L50, F|\n|poke|p2|Corviknight, L50, M|\n|teampreview|4\n|showteam|p1|Charizard||CharizarditeY|Blaze|WeatherBall,HeatWave,AncientPower,Protect|Modest||M|||50|]Incineroar||SitrusBerry|Intimidate|FakeOut,FlareBlitz,DarkestLariat,PartingShot|Impish||M|||50|]Venusaur||LifeOrb|Chlorophyll|LeafStorm,SludgeBomb,EarthPower,Protect|Modest||F|||50|]Garchomp||ChoiceScarf|RoughSkin|Earthquake,DragonClaw,RockSlide,StompingTantrum|Adamant||F|||50|]Sylveon||FairyFeather|Pixilate|HyperVoice,Yawn,QuickAttack,Detect|Modest||M|||50|]Annihilape||FocusSash|Defiant|RockTomb,CloseCombat,RageFist,Protect|Jolly||M|||50|\n|showteam|p2|Charizard||CharizarditeY|Blaze|HeatWave,FireBlast,SolarBeam,Protect|Modest||M|||50|]Sylveon||FairyFeather|Pixilate|HyperVoice,HyperBeam,Psychic,Protect|Timid||F|||50|]Whimsicott||FocusSash|Prankster|Tailwind,HelpingHand,Protect,EnergyBall|Timid||F|||50|]Incineroar||SitrusBerry|Intimidate|FlareBlitz,PartingShot,FakeOut,Crunch|Adamant||F|||50|]Garchomp||YacheBerry|SandVeil|DragonClaw,RockSlide,StompingTantrum,Protect|Jolly||F|||50|]Corviknight||Leftovers|MirrorArmor|IronHead,BraveBird,Roost,Protect|Impish||M|||50|\n|inactive|Battle timer is ON: inactive players will automatically lose when time's up. (requested by srrinath)\n|\n|t:|1788183388\n|teamsize|p1|4\n|teamsize|p2|4\n|start\n|switch|p1a: moron|Incineroar, L50, M|100/100\n|switch|p1b: megaladron|Garchomp, L50, F|100/100\n|switch|p2a: Corviknight|Corviknight, L50, M|100/100\n|switch|p2b: Garchomp|Garchomp, L50, F|100/100\n|-ability|p1a: moron|Intimidate|boost\n|-ability|p2a: Corviknight|Mirror Armor\n|-unboost|p1a: moron|atk|1\n|-unboost|p2b: Garchomp|atk|1\n|turn|1\n|inactive|ArielcitoTedetona has 30 seconds left.\n|\n|t:|1788183422\n|move|p2a: Corviknight|Protect|p2a: Corviknight\n|-singleturn|p2a: Corviknight|Protect\n|move|p1b: megaladron|Rock Slide|p2a: Corviknight|[spread] p2b\n|-activate|p2a: Corviknight|move: Protect\n|-resisted|p2b: Garchomp|1\n|-damage|p2b: Garchomp|88/100\n|move|p2b: Garchomp|Stomping Tantrum|p1a: moron\n|-supereffective|p1a: moron|1\n|-damage|p1a: moron|55/100\n|move|p1a: moron|Flare Blitz|p2a: Corviknight\n|-activate|p2a: Corviknight|move: Protect\n|\n|upkeep\n|turn|2\n|\n|t:|1788183444\n|switch|p2a: Sylveon|Sylveon, L50, F|100/100\n|move|p1b: megaladron|Rock Slide|p2b: Garchomp|[spread] p2b\n|-miss|p1b: megaladron|p2a: Sylveon\n|-resisted|p2b: Garchomp|1\n|-damage|p2b: Garchomp|77/100\n|move|p2b: Garchomp|Dragon Claw|p1b: megaladron\n|-supereffective|p1b: megaladron|1\n|-damage|p1b: megaladron|38/100\n|-damage|p2b: Garchomp|65/100|[from] ability: Rough Skin|[of] p1b: megaladron\n|move|p1a: moron|Flare Blitz|p2a: Sylveon\n|-crit|p2a: Sylveon\n|-damage|p2a: Sylveon|0 fnt\n|faint|p2a: Sylveon\n|-damage|p1a: moron|27/100|[from] Recoil\n|-enditem|p1a: moron|Sitrus Berry|[eat]\n|-heal|p1a: moron|52/100|[from] item: Sitrus Berry\n|\n|upkeep\n|\n|t:|1788183465\n|switch|p2a: Whimsicott|Whimsicott, L50, F|100/100\n|turn|3\n|\n|t:|1788183478\n|switch|p1b: tumamigorda|Venusaur, L50, F|100/100\n|switch|p2b: Corviknight|Corviknight, L50, M|100/100\n|move|p2a: Whimsicott|Tailwind|p2a: Whimsicott\n|-sidestart|p2: srrinath|move: Tailwind\n|move|p1a: moron|Parting Shot|p2b: Corviknight\n|-ability|p2b: Corviknight|Mirror Armor\n|-unboost|p1a: moron|atk|1\n|-ability|p2b: Corviknight|Mirror Armor\n|-unboost|p1a: moron|spa|1\n|\n|t:|1788183491\n|switch|p1a: malozard|Charizard, L50, M|100/100|[from] Parting Shot\n|\n|upkeep\n|turn|4\n|\n|t:|1788183509\n|detailschange|p1a: malozard|Charizard-Mega-Y, L50, M\n|-mega|p1a: malozard|Charizard|Charizardite Y\n|-weather|SunnyDay|[from] ability: Drought|[of] p1a: malozard\n|move|p2a: Whimsicott|Helping Hand|p2b: Corviknight\n|-singleturn|p2b: Corviknight|Helping Hand|[of] p2a: Whimsicott\n|move|p1b: tumamigorda|Sludge Bomb|p2a: Whimsicott\n|-supereffective|p2a: Whimsicott|2\n|-enditem|p2a: Whimsicott|Focus Sash\n|-damage|p2a: Whimsicott|1/100\n|-damage|p1b: tumamigorda|90/100|[from] item: Life Orb\n|move|p2b: Corviknight|Brave Bird|p1b: tumamigorda\n|-supereffective|p1b: tumamigorda|1\n|-damage|p1b: tumamigorda|0 fnt\n|faint|p1b: tumamigorda\n|-damage|p2b: Corviknight|77/100|[from] Recoil\n|move|p1a: malozard|Heat Wave|p2a: Whimsicott|[spread] p2a,p2b\n|-supereffective|p2a: Whimsicott|1\n|-supereffective|p2b: Corviknight|1\n|-damage|p2a: Whimsicott|0 fnt\n|-damage|p2b: Corviknight|0 fnt\n|faint|p2a: Whimsicott\n|faint|p2b: Corviknight\n|\n|-weather|SunnyDay|[upkeep]\n|upkeep\n|\n|t:|1788183532\n|switch|p1b: moron|Incineroar, L50, M|52/100\n|switch|p2b: Garchomp|Garchomp, L50, F|65/100\n|-ability|p1b: moron|Intimidate|boost\n|-unboost|p2b: Garchomp|atk|1\n|turn|5\n|\n|t:|1788183556\n|move|p2b: Garchomp|Rock Slide|p1b: moron|[spread] p1a,p1b\n|-supereffective|p1a: malozard|2\n|-supereffective|p1b: moron|1\n|-damage|p1a: malozard|56/100\n|-damage|p1b: moron|31/100\n|move|p1a: malozard|Weather Ball|p2b: Garchomp\n|-resisted|p2b: Garchomp|1\n|-damage|p2b: Garchomp|21/100\n|move|p1b: moron|Parting Shot|p2b: Garchomp\n|-unboost|p2b: Garchomp|atk|1\n|-unboost|p2b: Garchomp|spa|1\n|\n|t:|1788183567\n|switch|p1b: megaladron|Garchomp, L50, F|38/100|[from] Parting Shot\n|\n|-weather|SunnyDay|[upkeep]\n|upkeep\n|turn|6\n|\n|t:|1788183584\n|move|p2b: Garchomp|Rock Slide|p1b: megaladron|[spread] p1b\n|-miss|p2b: Garchomp|p1a: malozard\n|-resisted|p1b: megaladron|1\n|-damage|p1b: megaladron|33/100\n|cant|p1b: megaladron|flinch\n|move|p1a: malozard|Heat Wave|p2b: Garchomp\n|-resisted|p2b: Garchomp|1\n|-damage|p2b: Garchomp|0 fnt\n|faint|p2b: Garchomp\n|\n|win|ArielcitoTedetona\n|inactive|ArielcitoTedetona has 30 seconds to confirm battle start!\n|inactive|srrinath has 30 seconds to confirm battle start!\n||srrinath is ready for game 3.\n||ArielcitoTedetona is ready for game 3.\n|uhtml|next|Next: <a href=\"/battle-gen9championsvgc2026regmbbo3-2673325456\"><strong>Game 3 of 3</strong></a>\n|l|☆srrinath\n|player|p2|\n","uploadtime":1788183830,"views":"1","formatid":"gen9championsvgc2026regmbbo3","rating":null,"private":0,"password":null}