{"id":"gen9championsvgc2026regmb-2674248654","format":"[Gen 9 Champions] VGC 2026 Reg M-B","players":["rosawpark","not questy"],"log":"|j|☆rosawpark\n|j|☆not questy\n|html|<table width=\"100%\"><tr><td align=\"left\">rosawpark</td><td align=\"right\">not questy</tr><tr><td align=\"left\"><i class=\"fa fa-circle\"></i> <i class=\"fa fa-circle-o\"></i> </td><td align=\"right\"><i class=\"fa fa-circle-o\"></i> <i class=\"fa fa-circle\"></i> </tr></table>\n|uhtml|bestof|<h2><strong>Game 3</strong> of <a href=\"/game-bestof3-gen9championsvgc2026regmb-2674245460\">a best-of-3</a></h2>\n|t:|1788323049\n|gametype|doubles\n|player|p1|rosawpark|wallace|\n|player|p2|not questy|n|\n|gen|9\n|tier|[Gen 9 Champions] VGC 2026 Reg M-B\n|rule|Species Clause: Limit one of each Pokémon\n|rule|Item Clause: Limit 1 of each item\n|raw|<div class=\"infobox\"><details class=\"readmore\" open><summary><strong>1 custom rule:</strong></summary> Best of = 3</details></div>\n|clearpoke\n|poke|p1|Archaludon, L50, M|\n|poke|p1|Sableye, L50, F|\n|poke|p1|Toxicroak, L50, M|\n|poke|p1|Sinistcha, L50|\n|poke|p1|Simipour, L50, M|\n|poke|p1|Toucannon, L50, F, shiny|\n|poke|p2|Eelektross, L50, F|\n|poke|p2|Clefable, L50, F|\n|poke|p2|Blaziken, L50, M|\n|poke|p2|Corviknight, L50, F|\n|poke|p2|Primarina, L50, M|\n|poke|p2|Toxapex, L50, F|\n|teampreview|4\n|j| imsoporkechopped\nrosawpark rejected open team sheets.\n|j| builtshtuppid\n|j| Puffii_\n|\n|t:|1788323087\n|teamsize|p1|4\n|teamsize|p2|4\n|start\n|switch|p1a: Archaludon|Archaludon, L50, M|100/100\n|switch|p1b: Sableye|Sableye, L50, F|100/100\n|switch|p2a: Eelektross|Eelektross, L50, F|100/100\n|switch|p2b: Clefable|Clefable, L50, F|100/100\n|turn|1\n|\n|t:|1788323117\n|detailschange|p2a: Eelektross|Eelektross-Mega, L50, F\n|-mega|p2a: Eelektross|Eelektross|Eelektrossite\n|move|p2a: Eelektross|Protect|p2a: Eelektross\n|-singleturn|p2a: Eelektross|Protect\n|move|p1b: Sableye|Fake Out|p2b: Clefable\n|-damage|p2b: Clefable|90/100\n|move|p1a: Archaludon|Stealth Rock|p2b: Clefable\n|-sidestart|p2: not questy|move: Stealth Rock\n|cant|p2b: Clefable|flinch\n|\n|upkeep\n|turn|2\n|\n|t:|1788323137\n|move|p1b: Sableye|Rain Dance|p1b: Sableye\n|-weather|RainDance\n|move|p2a: Eelektross|Coil|p2a: Eelektross\n|-boost|p2a: Eelektross|atk|1\n|-boost|p2a: Eelektross|def|1\n|-boost|p2a: Eelektross|accuracy|1\n|move|p1a: Archaludon|Flash Cannon|p2b: Clefable\n|-supereffective|p2b: Clefable|1\n|-damage|p2b: Clefable|0 fnt\n|faint|p2b: Clefable\n|-damage|p1a: Archaludon|90/100|[from] item: Life Orb\n|\n|-weather|RainDance|[upkeep]\n|upkeep\n|\n|t:|1788323149\n|switch|p2b: Primarina|Primarina, L50, M|100/100\n|-damage|p2b: Primarina|87/100|[from] Stealth Rock\n|turn|3\n|\n|t:|1788323216\n|switch|p1b: Simipour|Simipour, L50, M|100/100\n|move|p2b: Primarina|Protect|p2b: Primarina\n|-singleturn|p2b: Primarina|Protect\n|move|p2a: Eelektross|Coil|p2a: Eelektross\n|-boost|p2a: Eelektross|atk|1\n|-boost|p2a: Eelektross|def|1\n|-boost|p2a: Eelektross|accuracy|1\n|move|p1a: Archaludon|Electro Shot||[still]\n|-prepare|p1a: Archaludon|Electro Shot\n|-boost|p1a: Archaludon|spa|1\n|-anim|p1a: Archaludon|Electro Shot|p2b: Primarina\n|-activate|p2b: Primarina|move: Protect\n|\n|-weather|RainDance|[upkeep]\n|upkeep\n|turn|4\n|\n|t:|1788323253\n|move|p1b: Simipour|Fake Out|p2a: Eelektross\n|-damage|p2a: Eelektross|93/100\n|cant|p2a: Eelektross|flinch\n|move|p1a: Archaludon|Electro Shot||[still]\n|-prepare|p1a: Archaludon|Electro Shot\n|-boost|p1a: Archaludon|spa|1\n|-anim|p1a: Archaludon|Electro Shot|p2b: Primarina\n|-supereffective|p2b: Primarina|1\n|-damage|p2b: Primarina|0 fnt\n|faint|p2b: Primarina\n|-damage|p1a: Archaludon|80/100|[from] item: Life Orb\n|\n|-weather|RainDance|[upkeep]\n|upkeep\n|\n|t:|1788323264\n|switch|p2b: Corviknight|Corviknight, L50, F|100/100\n|-damage|p2b: Corviknight|87/100|[from] Stealth Rock\n|turn|5\n|\n|t:|1788323288\n|move|p2b: Corviknight|Protect|p2b: Corviknight\n|-singleturn|p2b: Corviknight|Protect\n|move|p1b: Simipour|Surf|p2b: Corviknight|[spread] p1a,p2a\n|-activate|p2b: Corviknight|move: Protect\n|-resisted|p1a: Archaludon|1\n|-damage|p1a: Archaludon|57/100\n|-damage|p2a: Eelektross|37/100\n|-ability|p1a: Archaludon|Stamina|boost\n|-boost|p1a: Archaludon|def|1\n|move|p2a: Eelektross|Thunder Punch|p1b: Simipour\n|-supereffective|p1b: Simipour|1\n|-damage|p1b: Simipour|0 fnt\n|faint|p1b: Simipour\n|-ability|p2a: Eelektross|Eelevate|boost\n|-boost|p2a: Eelektross|atk|1\n|move|p1a: Archaludon|Electro Shot||[still]\n|-prepare|p1a: Archaludon|Electro Shot\n|-boost|p1a: Archaludon|spa|1\n|-anim|p1a: Archaludon|Electro Shot|p2b: Corviknight\n|-activate|p2b: Corviknight|move: Protect\n|\n|-weather|RainDance|[upkeep]\n|-heal|p2b: Corviknight|93/100|[from] item: Leftovers\n|upkeep\n|\n|t:|1788323308\n|switch|p1b: Toxicroak|Toxicroak, L50, M|100/100\n|turn|6\n|\n|t:|1788323324\n|move|p2a: Eelektross|Protect|p2a: Eelektross\n|-singleturn|p2a: Eelektross|Protect\n|move|p1b: Toxicroak|Fake Out|p2a: Eelektross\n|-activate|p2a: Eelektross|move: Protect\n|move|p1a: Archaludon|Electro Shot||[still]\n|-prepare|p1a: Archaludon|Electro Shot\n|-boost|p1a: Archaludon|spa|1\n|-anim|p1a: Archaludon|Electro Shot|p2b: Corviknight\n|-supereffective|p2b: Corviknight|1\n|-damage|p2b: Corviknight|0 fnt\n|faint|p2b: Corviknight\n|-damage|p1a: Archaludon|47/100|[from] item: Life Orb\n|\n|-weather|none\n|upkeep\n|turn|7\n|\n|t:|1788323352\n|move|p1b: Toxicroak|Poison Jab|p2a: Eelektross\n|-damage|p2a: Eelektross|14/100\n|move|p2a: Eelektross|Thunder Punch|p1b: Toxicroak\n|-enditem|p1b: Toxicroak|Focus Sash\n|-damage|p1b: Toxicroak|1/100\n|move|p1a: Archaludon|Flash Cannon|p2a: Eelektross\n|-resisted|p2a: Eelektross|1\n|-damage|p2a: Eelektross|0 fnt\n|faint|p2a: Eelektross\n|-damage|p1a: Archaludon|38/100|[from] item: Life Orb\n|\n|win|rosawpark\n|c|☆not questy|gg\n|c|☆rosawpark|gg\n|l| builtshtuppid\n","uploadtime":1788323420,"views":"14","formatid":"gen9championsvgc2026regmb","rating":null,"private":0,"password":null}