{"id":"gen9championsvgc2026regmb-2674818121","format":"[Gen 9 Champions] VGC 2026 Reg M-B","players":["Oyerrr.","Gfhgfhdg"],"log":"|j|☆Oyerrr.\n|j|☆Gfhgfhdg\n|t:|1788413104\n|gametype|doubles\n|player|p1|Oyerrr.|101|1470\n|player|p2|Gfhgfhdg|2|1433\n|gen|9\n|tier|[Gen 9 Champions] VGC 2026 Reg M-B\n|rated|\n|rule|Species Clause: Limit one of each Pokémon\n|rule|Item Clause: Limit 1 of each item\n|clearpoke\n|poke|p1|Charizard, L50, M, shiny|\n|poke|p1|Grimmsnarl, L50, M, shiny|\n|poke|p1|Pelipper, L50, M, shiny|\n|poke|p1|Archaludon, L50, M, shiny|\n|poke|p1|Venusaur, L50, M, shiny|\n|poke|p1|Swampert, L50, M, shiny|\n|poke|p2|Scovillain, L50, F|\n|poke|p2|Talonflame, L50, M|\n|poke|p2|Garchomp, L50, F|\n|poke|p2|Raichu, L50, F|\n|poke|p2|Sylveon, L50, F|\n|poke|p2|Azumarill, L50, F|\n|teampreview|4\n|inactive|Battle timer is ON: inactive players will automatically lose when time's up. (requested by Gfhgfhdg)\n|inactive|Oyerrr. has 60 seconds left.\n|\n|t:|1788413185\n|teamsize|p1|4\n|teamsize|p2|4\n|start\n|switch|p1a: Charizard|Charizard, L50, M, shiny|100/100\n|switch|p1b: Venusaur|Venusaur, L50, M, shiny|100/100\n|switch|p2a: Raichu|Raichu, L50, F|100/100\n|switch|p2b: Talonflame|Talonflame, L50, M|100/100\n|turn|1\n|inactive|Oyerrr. has 30 seconds left.\n|inactive|Oyerrr. has 20 seconds left.\n|\n|t:|1788413221\n|detailschange|p2a: Raichu|Raichu-Mega-Y, L50, F\n|-mega|p2a: Raichu|Raichu|Raichunite Y\n|move|p1a: Charizard|Protect|p1a: Charizard\n|-singleturn|p1a: Charizard|Protect\n|move|p1b: Venusaur|Protect|p1b: Venusaur\n|-singleturn|p1b: Venusaur|Protect\n|move|p2b: Talonflame|Dual Wingbeat|p1b: Venusaur\n|-activate|p1b: Venusaur|move: Protect\n|move|p2a: Raichu|Zap Cannon|p1b: Venusaur\n|-activate|p1b: Venusaur|move: Protect\n|\n|upkeep\n|turn|2\n|inactive|Oyerrr. has 30 seconds left.\n|inactive|Oyerrr. has 20 seconds left.\n|inactive|Oyerrr. has 15 seconds left.\n|inactive|Oyerrr. has 10 seconds left.\n|\n|t:|1788413270\n|switch|p1a: Swampert|Swampert, L50, M, shiny|100/100\n|move|p2b: Talonflame|Tailwind|p2b: Talonflame\n|-sidestart|p2: Gfhgfhdg|move: Tailwind\n|move|p2a: Raichu|Zap Cannon|p1a: Swampert\n|-immune|p1a: Swampert\n|move|p1b: Venusaur|Sludge Bomb|p2a: Raichu\n|-damage|p2a: Raichu|35/100\n|\n|upkeep\n|turn|3\n|\n|t:|1788413295\n|switch|p1b: Grimmsnarl|Grimmsnarl, L50, M, shiny|100/100\n|move|p2a: Raichu|Protect|p2a: Raichu\n|-singleturn|p2a: Raichu|Protect\n|move|p2b: Talonflame|Will-O-Wisp|p1a: Swampert\n|-status|p1a: Swampert|brn\n|move|p1a: Swampert|Wave Crash|p2b: Talonflame\n|-supereffective|p2b: Talonflame|1\n|-damage|p2b: Talonflame|7/100\n|-damage|p1a: Swampert|72/100 brn|[from] Recoil\n|\n|-damage|p1a: Swampert|66/100 brn|[from] brn\n|upkeep\n|turn|4\n|inactive|Oyerrr. has 30 seconds left.\n|inactive|Gfhgfhdg has 30 seconds left.\n|inactive|Oyerrr. has 20 seconds left.\n|\n|t:|1788413330\n|move|p1b: Grimmsnarl|Light Screen|p1b: Grimmsnarl\n|-sidestart|p1: Oyerrr.|move: Light Screen\n|move|p2a: Raichu|Focus Blast|p1a: Swampert\n|-damage|p1a: Swampert|33/100 brn\n|move|p2b: Talonflame|Dual Wingbeat|p1b: Grimmsnarl\n|-damage|p1b: Grimmsnarl|85/100\n|-damage|p1b: Grimmsnarl|70/100\n|-hitcount|p1b: Grimmsnarl|2\n|move|p1a: Swampert|Wave Crash|p2a: Raichu\n|-damage|p2a: Raichu|0 fnt\n|faint|p2a: Raichu\n|-damage|p1a: Swampert|24/100 brn|[from] Recoil\n|\n|-damage|p1a: Swampert|18/100 brn|[from] brn\n|upkeep\n|\n|t:|1788413344\n|switch|p2a: Sylveon|Sylveon, L50, F|100/100\n|turn|5\n|\n|t:|1788413362\n|switch|p2b: Garchomp|Garchomp, L50, F|100/100\n|move|p1b: Grimmsnarl|Parting Shot|p2a: Sylveon\n|-unboost|p2a: Sylveon|atk|1\n|-unboost|p2a: Sylveon|spa|1\n|\n|t:|1788413369\n|switch|p1b: Charizard|Charizard, L50, M, shiny|100/100|[from] Parting Shot\n|move|p2a: Sylveon|Hyper Voice|p1a: Swampert|[spread] p1a,p1b\n|-resisted|p1b: Charizard|1\n|-damage|p1a: Swampert|0 fnt\n|-damage|p1b: Charizard|87/100\n|faint|p1a: Swampert\n|\n|-sideend|p2: Gfhgfhdg|move: Tailwind\n|upkeep\n|\n|t:|1788413379\n|switch|p1a: Venusaur|Venusaur, L50, M, shiny|100/100\n|turn|6\n|inactive|Oyerrr. has 30 seconds left.\n|inactive|Oyerrr. has 20 seconds left.\n|inactive|Oyerrr. has 15 seconds left.\n|\n|t:|1788413422\n|detailschange|p1b: Charizard|Charizard-Mega-Y, L50, M, shiny\n|-mega|p1b: Charizard|Charizard|Charizardite Y\n|-weather|SunnyDay|[from] ability: Drought|[of] p1b: Charizard\n|move|p2a: Sylveon|Protect|p2a: Sylveon\n|-singleturn|p2a: Sylveon|Protect\n|move|p1a: Venusaur|Sleep Powder|p2b: Garchomp\n|-status|p2b: Garchomp|slp|[from] move: Sleep Powder\n|cant|p2b: Garchomp|slp\n|move|p1b: Charizard|Heat Wave|p2a: Sylveon|[spread] p2b\n|-activate|p2a: Sylveon|move: Protect\n|-resisted|p2b: Garchomp|1\n|-damage|p2b: Garchomp|67/100 slp\n|\n|-weather|SunnyDay|[upkeep]\n|upkeep\n|turn|7\n|inactive|Oyerrr. has 30 seconds left.\n|\n|t:|1788413450\n|move|p1a: Venusaur|Sludge Bomb|p2a: Sylveon\n|-supereffective|p2a: Sylveon|1\n|-crit|p2a: Sylveon\n|-damage|p2a: Sylveon|0 fnt\n|faint|p2a: Sylveon\n|cant|p2b: Garchomp|slp\n|move|p1b: Charizard|Weather Ball|p2b: Garchomp\n|-resisted|p2b: Garchomp|1\n|-damage|p2b: Garchomp|22/100 slp\n|\n|-weather|SunnyDay|[upkeep]\n|upkeep\n|\n|t:|1788413453\n|switch|p2a: Talonflame|Talonflame, L50, M|7/100\n|turn|8\n|\n|t:|1788413475\n|move|p1a: Venusaur|Leaf Storm|p2b: Garchomp\n|-damage|p2b: Garchomp|0 fnt\n|-unboost|p1a: Venusaur|spa|2\n|faint|p2b: Garchomp\n|move|p2a: Talonflame|Dual Wingbeat|p1a: Venusaur\n|-supereffective|p1a: Venusaur|1\n|-damage|p1a: Venusaur|61/100\n|-supereffective|p1a: Venusaur|1\n|-damage|p1a: Venusaur|22/100\n|-hitcount|p1a: Venusaur|2\n|move|p1b: Charizard|Heat Wave|p2a: Talonflame\n|-resisted|p2a: Talonflame|1\n|-damage|p2a: Talonflame|0 fnt\n|faint|p2a: Talonflame\n|\n|win|Oyerrr.\n|raw|Oyerrr.'s rating: 1470 &rarr; <strong>1488</strong><br />(+18 for winning)\n|raw|Gfhgfhdg's rating: 1433 &rarr; <strong>1415</strong><br />(-18 for losing)\n|l|☆Gfhgfhdg\n|player|p2|\n","uploadtime":1788413489,"views":"1","formatid":"gen9championsvgc2026regmb","rating":1415,"private":0,"password":null}