{"id":"gen9championsvgc2026regmbbo3-2674868123","format":"[Gen 9 Champions] VGC 2026 Reg M-B (Bo3)","players":["pokemonv30","stortestingsss"],"log":"|j|☆pokemonv30\n|j|☆stortestingsss\n|html|<table width=\"100%\"><tr><td align=\"left\">pokemonv30</td><td align=\"right\">stortestingsss</tr><tr><td align=\"left\"><i class=\"fa fa-circle\"></i> <i class=\"fa fa-circle-o\"></i> </td><td align=\"right\"><i class=\"fa fa-circle-o\"></i> <i class=\"fa fa-circle\"></i> </tr></table>\n|uhtml|bestof|<h2><strong>Game 3</strong> of <a href=\"/game-bestof3-gen9championsvgc2026regmbbo3-2674866351\">a best-of-3</a></h2>\n|t:|1788425151\n|gametype|doubles\n|player|p1|pokemonv30|n|1052\n|player|p2|stortestingsss|unknown|1000\n|gen|9\n|tier|[Gen 9 Champions] VGC 2026 Reg M-B (Bo3)\n|rated|\n|rule|Species Clause: Limit one of each Pokémon\n|rule|Item Clause: Limit 1 of each item\n|clearpoke\n|poke|p1|Raichu, L50, F|\n|poke|p1|Garchomp, L50, F|\n|poke|p1|Charizard, L50, M|\n|poke|p1|Incineroar, L50, M|\n|poke|p1|Whimsicott, L50, M|\n|poke|p1|Toxapex, L50, M|\n|poke|p2|Pyroar, L50, M|\n|poke|p2|Tsareena, L50, F, shiny|\n|poke|p2|Aegislash, L50, F, shiny|\n|poke|p2|Rotom-Wash, L50|\n|poke|p2|Gardevoir, L50, M, shiny|\n|poke|p2|Maushold-Four, L50|\n|teampreview|4\n|showteam|p1|Raichu||RaichuniteY|Static|FocusBlast,GrassKnot,ZapCannon,Protect|Timid||F|||50|]Garchomp||YacheBerry|RoughSkin|Earthquake,PoisonJab,SwordsDance,ScaleShot|Jolly||F|||50|]Charizard||CharizarditeY|Blaze|AncientPower,HeatWave,SolarBeam,Protect|Timid||M|||50|]Incineroar||SitrusBerry|Intimidate|DarkestLariat,FakeOut,FlareBlitz,PartingShot|Careful||M|||50|]Whimsicott||FocusSash|Prankster|Encore,Tailwind,Moonblast,Uturn|Timid||M|||50|]Toxapex||Leftovers|Regenerator|Recover,ToxicSpikes,BanefulBunker,Infestation|Sassy||M|||50|\n|showteam|p2|Pyroar||Pyroarite|Rivalry|HeatWave,Overheat,SolarBeam,Protect|Modest||M|||50|]Tsareena||WideLens|QueenlyMajesty|PowerWhip,TripleAxel,HelpingHand,Protect|Adamant||F|||50|]Aegislash||LifeOrb|StanceChange|Poltergeist,ShadowSneak,IronHead,Protect|Brave||F|||50|]Rotom-Wash||ChoiceScarf|Levitate|VoltSwitch,Electroweb,HydroPump,Trick|Timid|||||50|]Gardevoir||Gardevoirite|Synchronize|HyperVoice,Moonblast,TrickRoom,Protect|Modest||M|||50|]Maushold-Four||FocusSash|FriendGuard|SunnyDay,Taunt,FollowMe,Protect|Jolly|||||50|\n|inactive|Battle timer is ON: inactive players will automatically lose when time's up. (requested by stortestingsss)\n|inactive|stortestingsss has 60 seconds left.\n|\n|t:|1788425212\n|teamsize|p1|4\n|teamsize|p2|4\n|start\n|switch|p1a: Incineroar|Incineroar, L50, M|100/100\n|switch|p1b: Whimsicott|Whimsicott, L50, M|100/100\n|switch|p2a: Gardevoir|Gardevoir, L50, M, shiny|100/100\n|switch|p2b: Tsareena|Tsareena, L50, F, shiny|100/100\n|-ability|p1a: Incineroar|Intimidate|boost\n|-unboost|p2a: Gardevoir|atk|1\n|-unboost|p2b: Tsareena|atk|1\n|turn|1\n|inactive|stortestingsss has 30 seconds left.\n|inactive|stortestingsss has 20 seconds left.\n|inactive|stortestingsss has 15 seconds left.\n|inactive|stortestingsss has 10 seconds left.\n|\n|t:|1788425259\n|switch|p2b: Rotom|Rotom-Wash, L50|100/100\n|detailschange|p2a: Gardevoir|Gardevoir-Mega, L50, M, shiny\n|-mega|p2a: Gardevoir|Gardevoir|Gardevoirite\n|move|p1b: Whimsicott|U-turn|p2a: Gardevoir\n|-damage|p2a: Gardevoir|85/100\n|\n|t:|1788425266\n|switch|p1b: Toxapex|Toxapex, L50, M|100/100|[from] U-turn\n|move|p2a: Gardevoir|Moonblast|p1a: Incineroar\n|-damage|p1a: Incineroar|61/100\n|move|p1a: Incineroar|Flare Blitz|p2b: Rotom\n|-resisted|p2b: Rotom|1\n|-damage|p2b: Rotom|75/100\n|-damage|p1a: Incineroar|55/100|[from] Recoil\n|\n|upkeep\n|turn|2\n|inactive|stortestingsss has 30 seconds left.\n|inactive|pokemonv30 has 30 seconds left.\n|inactive|stortestingsss has 20 seconds left.\n|inactive|stortestingsss has 15 seconds left.\n|inactive|stortestingsss has 10 seconds left.\n|\n|t:|1788425313\n|move|p2b: Rotom|Trick|p1b: Toxapex\n|-activate|p2b: Rotom|move: Trick|[of] p1b: Toxapex\n|-item|p1b: Toxapex|Choice Scarf|[from] move: Trick\n|-item|p2b: Rotom|Leftovers|[from] move: Trick\n|move|p1a: Incineroar|Parting Shot|p2a: Gardevoir\n|-unboost|p2a: Gardevoir|atk|1\n|-unboost|p2a: Gardevoir|spa|1\n|\n|t:|1788425321\n|switch|p1a: Raichu|Raichu, L50, F|100/100|[from] Parting Shot\n|move|p1b: Toxapex|Infestation|p2a: Gardevoir\n|-damage|p2a: Gardevoir|82/100\n|-activate|p2a: Gardevoir|move: Infestation|[of] p1b: Toxapex\n|move|p2a: Gardevoir|Trick Room|p2a: Gardevoir\n|-fieldstart|move: Trick Room|[of] p2a: Gardevoir\n|\n|-heal|p2b: Rotom|81/100|[from] item: Leftovers\n|-damage|p2a: Gardevoir|70/100|[from] move: Infestation|[partiallytrapped]\n|upkeep\n|turn|3\n|inactive|stortestingsss has 30 seconds left.\n|\n|t:|1788425352\n|detailschange|p1a: Raichu|Raichu-Mega-Y, L50, F\n|-mega|p1a: Raichu|Raichu|Raichunite Y\n|move|p1b: Toxapex|Infestation|p2a: Gardevoir\n|-damage|p2a: Gardevoir|67/100\n|move|p2a: Gardevoir|Hyper Voice|p1a: Raichu|[spread] p1a,p1b\n|-resisted|p1b: Toxapex|1\n|-damage|p1a: Raichu|43/100\n|-damage|p1b: Toxapex|85/100\n|move|p2b: Rotom|Hydro Pump|p1a: Raichu\n|-damage|p1a: Raichu|0 fnt\n|faint|p1a: Raichu\n|\n|-heal|p2b: Rotom|87/100|[from] item: Leftovers\n|-damage|p2a: Gardevoir|55/100|[from] move: Infestation|[partiallytrapped]\n|upkeep\n|\n|t:|1788425369\n|switch|p1a: Whimsicott|Whimsicott, L50, M|100/100\n|turn|4\n|\n|t:|1788425388\n|move|p1b: Toxapex|Infestation|p2b: Rotom\n|-crit|p2b: Rotom\n|-damage|p2b: Rotom|81/100\n|-activate|p2b: Rotom|move: Infestation|[of] p1b: Toxapex\n|move|p2a: Gardevoir|Hyper Voice|p1a: Whimsicott|[spread] p1a,p1b\n|-resisted|p1b: Toxapex|1\n|-damage|p1a: Whimsicott|38/100\n|-damage|p1b: Toxapex|73/100\n|move|p2b: Rotom|Volt Switch|p1b: Toxapex\n|-supereffective|p1b: Toxapex|1\n|-damage|p1b: Toxapex|29/100\n|\n|t:|1788425396\n|switch|p2b: Aegislash|Aegislash, L50, F, shiny|100/100|[from] Volt Switch\n|move|p1a: Whimsicott|Moonblast|p2b: Aegislash\n|-resisted|p2b: Aegislash|1\n|-damage|p2b: Aegislash|85/100\n|\n|-damage|p2a: Gardevoir|42/100|[from] move: Infestation|[partiallytrapped]\n|upkeep\n|turn|5\n|\n|t:|1788425420\n|-heal|p1b: Toxapex|62/100|[from] ability: Regenerator|[silent]\n|switch|p1b: Incineroar|Incineroar, L50, M|55/100\n|-ability|p1b: Incineroar|Intimidate|boost\n|-unboost|p2a: Gardevoir|atk|1\n|-unboost|p2b: Aegislash|atk|1\n|-formechange|p2b: Aegislash|Aegislash-Blade|\n|move|p2b: Aegislash|Poltergeist|p1b: Incineroar\n|-activate|p1b: Incineroar|move: Poltergeist|Sitrus Berry\n|-resisted|p1b: Incineroar|1\n|-damage|p1b: Incineroar|29/100\n|-enditem|p1b: Incineroar|Sitrus Berry|[eat]\n|-heal|p1b: Incineroar|53/100|[from] item: Sitrus Berry\n|-damage|p2b: Aegislash|76/100|[from] item: Life Orb\n|move|p2a: Gardevoir|Hyper Voice|p1a: Whimsicott|[spread] p1a,p1b\n|-damage|p1a: Whimsicott|0 fnt\n|-damage|p1b: Incineroar|33/100\n|faint|p1a: Whimsicott\n|\n|-end|p2a: Gardevoir|Infestation|[partiallytrapped]|[silent]\n|upkeep\n|\n|t:|1788425437\n|switch|p1a: Toxapex|Toxapex, L50, M|62/100\n|turn|6\n|\n|t:|1788425460\n|switch|p2a: Tsareena|Tsareena, L50, F, shiny|100/100\n|move|p2b: Aegislash|Protect|p2b: Aegislash\n|-singleturn|p2b: Aegislash|Protect\n|move|p1a: Toxapex|Infestation|p2a: Tsareena\n|-supereffective|p2a: Tsareena|1\n|-damage|p2a: Tsareena|93/100\n|-activate|p2a: Tsareena|move: Infestation|[of] p1a: Toxapex\n|move|p1b: Incineroar|Flare Blitz|p2b: Aegislash\n|-activate|p2b: Aegislash|move: Protect\n|\n|-damage|p2a: Tsareena|80/100|[from] move: Infestation|[partiallytrapped]\n|-fieldend|move: Trick Room\n|upkeep\n|turn|7\n|\n|t:|1788425485\n|move|p2b: Aegislash|Shadow Sneak|p1b: Incineroar\n|-resisted|p1b: Incineroar|1\n|-damage|p1b: Incineroar|22/100\n|-damage|p2b: Aegislash|66/100|[from] item: Life Orb\n|move|p2a: Tsareena|Triple Axel|p1b: Incineroar\n|-resisted|p1b: Incineroar|1\n|-damage|p1b: Incineroar|19/100\n|-resisted|p1b: Incineroar|1\n|-damage|p1b: Incineroar|12/100\n|-resisted|p1b: Incineroar|1\n|-damage|p1b: Incineroar|3/100\n|-hitcount|p1b: Incineroar|3\n|move|p1b: Incineroar|Flare Blitz|p2b: Aegislash\n|-supereffective|p2b: Aegislash|1\n|-damage|p2b: Aegislash|0 fnt\n|faint|p2b: Aegislash\n|-damage|p1b: Incineroar|0 fnt|[from] Recoil\n|faint|p1b: Incineroar\n|move|p1a: Toxapex|Infestation|p2a: Tsareena\n|-supereffective|p2a: Tsareena|1\n|-damage|p2a: Tsareena|74/100\n|\n|-damage|p2a: Tsareena|61/100|[from] move: Infestation|[partiallytrapped]\n|upkeep\n|\n|t:|1788425501\n|switch|p2b: Rotom|Rotom-Wash, L50|81/100\n|turn|8\n|\n|t:|1788425509\n|move|p2b: Rotom|Electroweb|p1a: Toxapex\n|-supereffective|p1a: Toxapex|1\n|-damage|p1a: Toxapex|27/100\n|-unboost|p1a: Toxapex|spe|1\n|move|p2a: Tsareena|Power Whip|p1a: Toxapex\n|-damage|p1a: Toxapex|0 fnt\n|faint|p1a: Toxapex\n|\n|win|stortestingsss\n|raw|pokemonv30's rating: 1052 &rarr; <strong>1032</strong><br />(-20 for losing)\n|raw|stortestingsss's rating: 1000 &rarr; <strong>1046</strong><br />(+46 for winning)\n","uploadtime":1788425510,"views":"1","formatid":"gen9championsvgc2026regmbbo3","rating":1032,"private":0,"password":null}