{"id":"gen9championsvgc2026regmb-2674167836","format":"[Gen 9 Champions] VGC 2026 Reg M-B","players":["nanotyrannus716","cinarguncavdi2231"],"log":"|j|‽nanotyrannus716\n|j|‽cinarguncavdi2231\n|t:|1788309326\n|gametype|doubles\n|player|p1|nanotyrannus716|170|1494\n|player|p2|cinarguncavdi2231|102|1560\n|gen|9\n|tier|[Gen 9 Champions] VGC 2026 Reg M-B\n|rated|\n|rule|Species Clause: Limit one of each Pokémon\n|rule|Item Clause: Limit 1 of each item\n|clearpoke\n|poke|p1|Sneasler, L50, F|\n|poke|p1|Basculegion, L50, M|\n|poke|p1|Kingambit, L50, F|\n|poke|p1|Mimikyu, L50, F|\n|poke|p1|Metagross, L50|\n|poke|p1|Aerodactyl, L50, M|\n|poke|p2|Raichu, L50, M|\n|poke|p2|Scolipede, L50, F|\n|poke|p2|Ceruledge, L50, M|\n|poke|p2|Weavile, L50, M|\n|poke|p2|Milotic, L50, F|\n|poke|p2|Sinistcha, L50|\n|teampreview|4\n|inactive|Battle timer is ON: inactive players will automatically lose when time's up. (requested by nanotyrannus716)\n|inactive|nanotyrannus716 has 60 seconds left.\n|\n|t:|1788309362\n|teamsize|p1|4\n|teamsize|p2|4\n|start\n|switch|p1a: Sneasler|Sneasler, L50, F|100/100\n|switch|p1b: Mimikyu|Mimikyu, L50, F|100/100\n|switch|p2a: Raichu|Raichu, L50, M|100/100\n|switch|p2b: Weavile|Weavile, L50, M|100/100\n|turn|1\n|\n|t:|1788309387\n|detailschange|p2a: Raichu|Raichu-Mega-Y, L50, M\n|-mega|p2a: Raichu|Raichu|Raichunite Y\n|move|p2a: Raichu|Fake Out|p1a: Sneasler\n|-damage|p1a: Sneasler|85/100\n|cant|p1a: Sneasler|flinch\n|move|p2b: Weavile|Knock Off|p1b: Mimikyu\n|-activate|p1b: Mimikyu|ability: Disguise\n|-damage|p1b: Mimikyu|100/100\n|-enditem|p1b: Mimikyu|Wide Lens|[from] move: Knock Off|[of] p2b: Weavile\n|detailschange|p1b: Mimikyu|Mimikyu-Busted, L50, F\n|-damage|p1b: Mimikyu|87/100|[from] pokemon: Mimikyu-Busted\n|move|p1b: Mimikyu|Will-O-Wisp|p2b: Weavile\n|-status|p2b: Weavile|brn\n|\n|-damage|p2b: Weavile|93/100 brn|[from] brn\n|upkeep\n|turn|2\n|inactive|nanotyrannus716 has 30 seconds left.\n|\n|t:|1788309418\n|move|p2b: Weavile|Triple Axel|p1b: Mimikyu\n|-damage|p1b: Mimikyu|81/100\n|-damage|p1b: Mimikyu|68/100\n|-damage|p1b: Mimikyu|48/100\n|-hitcount|p1b: Mimikyu|3\n|move|p2a: Raichu|Zap Cannon|p1a: Sneasler\n|-damage|p1a: Sneasler|3/100\n|-status|p1a: Sneasler|par\n|move|p1b: Mimikyu|Will-O-Wisp|p2a: Raichu\n|-status|p2a: Raichu|brn\n|cant|p1a: Sneasler|par\n|\n|-damage|p2b: Weavile|87/100 brn|[from] brn\n|-damage|p2a: Raichu|94/100 brn|[from] brn\n|upkeep\n|turn|3\n|inactive|nanotyrannus716 has 30 seconds left.\n|\n|t:|1788309443\n|move|p1b: Mimikyu|Shadow Sneak|p2a: Raichu\n|-damage|p2a: Raichu|74/100 brn\n|move|p2b: Weavile|Knock Off|p1a: Sneasler\n|-resisted|p1a: Sneasler|1\n|-damage|p1a: Sneasler|0 fnt\n|-enditem|p1a: Sneasler|Focus Sash|[from] move: Knock Off|[of] p2b: Weavile\n|faint|p1a: Sneasler\n|move|p2a: Raichu|Zap Cannon|p1b: Mimikyu\n|-damage|p1b: Mimikyu|0 fnt\n|faint|p1b: Mimikyu\n|\n|-damage|p2b: Weavile|81/100 brn|[from] brn\n|-damage|p2a: Raichu|68/100 brn|[from] brn\n|upkeep\n|\n|t:|1788309457\n|switch|p1a: Kingambit|Kingambit, L50, F|100/100\n|switch|p1b: Metagross|Metagross, L50|100/100\n|turn|4\n|\n|t:|1788309479\n|switch|p2b: Milotic|Milotic, L50, F|100/100\n|detailschange|p1b: Metagross|Metagross-Mega, L50\n|-mega|p1b: Metagross|Metagross|Metagrossite\n|move|p2a: Raichu|Protect|p2a: Raichu\n|-singleturn|p2a: Raichu|Protect\n|move|p1a: Kingambit|Sucker Punch||[still]\n|-fail|p1a: Kingambit\n|move|p1b: Metagross|Cosmic Power|p1b: Metagross\n|-boost|p1b: Metagross|def|1\n|-boost|p1b: Metagross|spd|1\n|\n|-damage|p2a: Raichu|62/100 brn|[from] brn\n|upkeep\n|turn|5\n|\n|t:|1788309504\n|switch|p2a: Weavile|Weavile, L50, M|81/100 brn\n|move|p1a: Kingambit|Sucker Punch||[still]\n|-fail|p1a: Kingambit\n|move|p1b: Metagross|Psychic Fangs|p2a: Weavile\n|-immune|p2a: Weavile\n|move|p2b: Milotic|Coil|p2b: Milotic\n|-boost|p2b: Milotic|atk|1\n|-boost|p2b: Milotic|def|1\n|-boost|p2b: Milotic|accuracy|1\n|\n|-damage|p2a: Weavile|75/100 brn|[from] brn\n|upkeep\n|turn|6\n|\n|t:|1788309520\n|move|p2a: Weavile|Fake Out|p1b: Metagross\n|-resisted|p1b: Metagross|1\n|-damage|p1b: Metagross|98/100\n|cant|p1b: Metagross|flinch\n|move|p2b: Milotic|Coil|p2b: Milotic\n|-boost|p2b: Milotic|atk|1\n|-boost|p2b: Milotic|def|1\n|-boost|p2b: Milotic|accuracy|1\n|move|p1a: Kingambit|Kowtow Cleave|p2b: Milotic\n|-damage|p2b: Milotic|75/100\n|\n|-heal|p2b: Milotic|81/100|[from] item: Leftovers\n|-damage|p2a: Weavile|69/100 brn|[from] brn\n|upkeep\n|turn|7\n|\n|t:|1788309533\n|move|p1b: Metagross|Bullet Punch|p2a: Weavile\n|-supereffective|p2a: Weavile|1\n|-damage|p2a: Weavile|0 fnt\n|faint|p2a: Weavile\n|move|p2b: Milotic|Hypnosis|p1b: Metagross\n|-status|p1b: Metagross|slp|[from] move: Hypnosis\n|move|p1a: Kingambit|Kowtow Cleave|p2b: Milotic\n|-damage|p2b: Milotic|56/100\n|\n|-heal|p2b: Milotic|62/100|[from] item: Leftovers\n|upkeep\n|\n|t:|1788309538\n|switch|p2a: Ceruledge|Ceruledge, L50, M|100/100\n|turn|8\n|\n|t:|1788309553\n|move|p1a: Kingambit|Sucker Punch||[still]\n|-fail|p1a: Kingambit\n|cant|p1b: Metagross|slp\n|move|p2b: Milotic|Hypnosis|p1a: Kingambit\n|-status|p1a: Kingambit|slp|[from] move: Hypnosis\n|move|p2a: Ceruledge|Bulk Up|p2a: Ceruledge\n|-boost|p2a: Ceruledge|atk|1\n|-boost|p2a: Ceruledge|def|1\n|\n|-heal|p2b: Milotic|68/100|[from] item: Leftovers\n|upkeep\n|turn|9\n|\n|t:|1788309572\n|cant|p1b: Metagross|slp\n|move|p2b: Milotic|Muddy Water|p1a: Kingambit|[spread] p1a,p1b\n|-damage|p1a: Kingambit|77/100 slp\n|-damage|p1b: Metagross|82/100 slp\n|move|p2a: Ceruledge|Bitter Blade|p1a: Kingambit\n|-supereffective|p1a: Kingambit|1\n|-damage|p1a: Kingambit|0 fnt\n|faint|p1a: Kingambit\n|\n|-heal|p2b: Milotic|74/100|[from] item: Leftovers\n|upkeep\n|turn|10\n|\n|t:|1788309587\n|-curestatus|p1b: Metagross|slp|[msg]\n|move|p1b: Metagross|Psychic Fangs|p2b: Milotic\n|-damage|p2b: Milotic|45/100\n|move|p2b: Milotic|Muddy Water|p1b: Metagross\n|-damage|p1b: Metagross|59/100\n|-unboost|p1b: Metagross|accuracy|1\n|move|p2a: Ceruledge|Bitter Blade|p1b: Metagross\n|-supereffective|p1b: Metagross|1\n|-damage|p1b: Metagross|0 fnt\n|faint|p1b: Metagross\n|\n|win|cinarguncavdi2231\n|raw|nanotyrannus716's rating: 1494 &rarr; <strong>1478</strong><br />(-16 for losing)\n|raw|cinarguncavdi2231's rating: 1560 &rarr; <strong>1576</strong><br />(+16 for winning)\n|l|‽nanotyrannus716\n|player|p1|\n","uploadtime":1788309601,"views":"0","formatid":"gen9championsvgc2026regmb","rating":1478,"private":0,"password":null}