{"id":"gen9championsvgc2026regmb-2674903098","format":"[Gen 9 Champions] VGC 2026 Reg M-B","players":["splurbit","Thornlace48812"],"log":"|j|☆splurbit\n|j|☆Thornlace48812\n|t:|1788432872\n|gametype|doubles\n|player|p1|splurbit|169|1182\n|player|p2|Thornlace48812|102|1280\n|gen|9\n|tier|[Gen 9 Champions] VGC 2026 Reg M-B\n|rated|\n|rule|Species Clause: Limit one of each Pokémon\n|rule|Item Clause: Limit 1 of each item\n|clearpoke\n|poke|p1|Scrafty, L50, M|\n|poke|p1|Goodra-Hisui, L50, M|\n|poke|p1|Torterra, L50, M|\n|poke|p1|Sylveon, L50, M|\n|poke|p1|Incineroar, L50, M|\n|poke|p1|Farigiraf, L50, F|\n|poke|p2|Garchomp, L50, M|\n|poke|p2|Charizard, L50, F|\n|poke|p2|Whimsicott, L50, M|\n|poke|p2|Sylveon, L50, F|\n|poke|p2|Kingambit, L50, M|\n|poke|p2|Basculegion, L50, M|\n|teampreview|4\n|inactive|Battle timer is ON: inactive players will automatically lose when time's up. (requested by splurbit)\n|inactive|Thornlace48812 also wants the timer to be on.\nThornlace48812 rejected open team sheets.\n|\n|t:|1788432899\n|teamsize|p1|4\n|teamsize|p2|4\n|start\n|switch|p1a: Sylveon|Sylveon, L50, M|100/100\n|switch|p1b: Incineroar|Incineroar, L50, M|100/100\n|switch|p2a: Charizard|Charizard, L50, F|100/100\n|switch|p2b: Basculegion|Basculegion, L50, M|100/100\n|-ability|p1b: Incineroar|Intimidate|boost\n|-unboost|p2a: Charizard|atk|1\n|-unboost|p2b: Basculegion|atk|1\n|turn|1\n|\n|t:|1788432923\n|move|p2a: Charizard|Protect|p2a: Charizard\n|-singleturn|p2a: Charizard|Protect\n|move|p1b: Incineroar|Fake Out|p2a: Charizard\n|-activate|p2a: Charizard|move: Protect\n|move|p2b: Basculegion|Last Respects|p1a: Sylveon\n|-damage|p1a: Sylveon|72/100\n|move|p1a: Sylveon|Calm Mind|p1a: Sylveon\n|-boost|p1a: Sylveon|spa|1\n|-boost|p1a: Sylveon|spd|1\n|\n|upkeep\n|turn|2\n|inactive|splurbit has 30 seconds left.\n|\n|t:|1788432953\n|detailschange|p2a: Charizard|Charizard-Mega-Y, L50, F\n|-mega|p2a: Charizard|Charizard|Charizardite Y\n|-weather|SunnyDay|[from] ability: Drought|[of] p2a: Charizard\n|move|p1a: Sylveon|Detect|p1a: Sylveon\n|-singleturn|p1a: Sylveon|Protect\n|move|p2a: Charizard|Heat Wave|p1a: Sylveon|[spread] p1b\n|-activate|p1a: Sylveon|move: Protect\n|-resisted|p1b: Incineroar|1\n|-damage|p1b: Incineroar|77/100\n|move|p2b: Basculegion|Last Respects|p1a: Sylveon\n|-activate|p1a: Sylveon|move: Protect\n|move|p1b: Incineroar|Parting Shot|p2b: Basculegion\n|-unboost|p2b: Basculegion|atk|1\n|-unboost|p2b: Basculegion|spa|1\n|\n|t:|1788432969\n|switch|p1b: Goodra|Goodra-Hisui, L50, M|100/100|[from] Parting Shot\n|\n|-weather|SunnyDay|[upkeep]\n|upkeep\n|turn|3\n|\n|t:|1788432985\n|move|p2a: Charizard|Heat Wave|p1a: Sylveon|[spread] p1a,p1b\n|-crit|p1a: Sylveon\n|-damage|p1a: Sylveon|5/100\n|-damage|p1b: Goodra|57/100\n|-status|p1b: Goodra|brn\n|move|p2b: Basculegion|Last Respects|p1a: Sylveon\n|-crit|p1a: Sylveon\n|-damage|p1a: Sylveon|0 fnt\n|faint|p1a: Sylveon\n|move|p1b: Goodra|Draco Meteor|p2a: Charizard\n|-damage|p2a: Charizard|30/100\n|-unboost|p1b: Goodra|spa|2\n|\n|-weather|SunnyDay|[upkeep]\n|-heal|p1b: Goodra|63/100 brn|[from] item: Leftovers\n|-damage|p1b: Goodra|57/100 brn|[from] brn\n|upkeep\n|inactive|splurbit has 30 seconds left.\n|inactive|splurbit has 20 seconds left.\n|\n|t:|1788433025\n|switch|p1a: Incineroar|Incineroar, L50, M|77/100\n|-ability|p1a: Incineroar|Intimidate|boost\n|-unboost|p2a: Charizard|atk|1\n|-unboost|p2b: Basculegion|atk|1\n|turn|4\n|\n|t:|1788433046\n|switch|p2a: Whimsicott|Whimsicott, L50, M|100/100\n|move|p2b: Basculegion|Wave Crash|p1a: Incineroar\n|-supereffective|p1a: Incineroar|1\n|-enditem|p1a: Incineroar|Passho Berry|[eat]\n|-enditem|p1a: Incineroar|Passho Berry|[weaken]\n|-damage|p1a: Incineroar|56/100\n|-damage|p2b: Basculegion|93/100|[from] Recoil\n|move|p1a: Incineroar|Throat Chop|p2b: Basculegion\n|-supereffective|p2b: Basculegion|1\n|-damage|p2b: Basculegion|21/100\n|-start|p2b: Basculegion|Throat Chop|[silent]\n|move|p1b: Goodra|Draco Meteor|p2a: Whimsicott\n|-immune|p2a: Whimsicott\n|\n|-weather|SunnyDay|[upkeep]\n|-heal|p1b: Goodra|63/100 brn|[from] item: Leftovers\n|-damage|p1b: Goodra|57/100 brn|[from] brn\n|upkeep\n|turn|5\n|\n|t:|1788433067\n|switch|p2b: Sylveon|Sylveon, L50, F|100/100\n|move|p2a: Whimsicott|Tailwind|p2a: Whimsicott\n|-sidestart|p2: Thornlace48812|move: Tailwind\n|move|p1b: Goodra|Flash Cannon|p2b: Sylveon\n|-supereffective|p2b: Sylveon|1\n|-damage|p2b: Sylveon|70/100\n|move|p1a: Incineroar|Flare Blitz|p2a: Whimsicott\n|-supereffective|p2a: Whimsicott|1\n|-enditem|p2a: Whimsicott|Focus Sash\n|-damage|p2a: Whimsicott|1/100\n|-damage|p1a: Incineroar|34/100|[from] Recoil\n|\n|-weather|SunnyDay|[upkeep]\n|-heal|p1b: Goodra|63/100 brn|[from] item: Leftovers\n|-damage|p1b: Goodra|57/100 brn|[from] brn\n|upkeep\n|turn|6\n|\n|t:|1788433087\n|move|p2a: Whimsicott|Moonblast|p1a: Incineroar\n|-damage|p1a: Incineroar|10/100\n|move|p2b: Sylveon|Hyper Voice|p1a: Incineroar|[spread] p1a,p1b\n|-crit|p1a: Incineroar\n|-damage|p1a: Incineroar|0 fnt\n|-damage|p1b: Goodra|22/100 brn\n|faint|p1a: Incineroar\n|move|p1b: Goodra|Flash Cannon|p2a: Whimsicott\n|-supereffective|p2a: Whimsicott|1\n|-damage|p2a: Whimsicott|0 fnt\n|faint|p2a: Whimsicott\n|\n|-weather|none\n|-heal|p1b: Goodra|28/100 brn|[from] item: Leftovers\n|-damage|p1b: Goodra|22/100 brn|[from] brn\n|upkeep\n|\n|t:|1788433100\n|switch|p2a: Charizard|Charizard-Mega-Y, L50, F|30/100\n|switch|p1a: Torterra|Torterra, L50, M|100/100\n|-weather|SunnyDay|[from] ability: Drought|[of] p2a: Charizard\n|turn|7\n|\n|t:|1788433114\n|move|p1a: Torterra|Protect|p1a: Torterra\n|-singleturn|p1a: Torterra|Protect\n|move|p2a: Charizard|Heat Wave|p1a: Torterra|[spread] p1b\n|-activate|p1a: Torterra|move: Protect\n|-damage|p1b: Goodra|0 fnt\n|faint|p1b: Goodra\n|move|p2b: Sylveon|Hyper Voice|p1a: Torterra\n|-activate|p1a: Torterra|move: Protect\n|\n|-weather|SunnyDay|[upkeep]\n|upkeep\n|turn|8\n|-message|splurbit forfeited.\n|\n|win|Thornlace48812\n|raw|splurbit's rating: 1182 &rarr; <strong>1169</strong><br />(-13 for losing)\n|raw|Thornlace48812's rating: 1358 &rarr; <strong>1369</strong><br />(+11 for winning)\n","uploadtime":1788433122,"views":"0","formatid":"gen9championsvgc2026regmb","rating":1169,"private":0,"password":null}