{"id":"gen9championsvgc2026regmbbo3-2675041278","format":"[Gen 9 Champions] VGC 2026 Reg M-B (Bo3)","players":["adriancitokeloke","IBstudios"],"log":"|j|☆adriancitokeloke\n|j|☆IBstudios\n|html|<table width=\"100%\"><tr><td align=\"left\">adriancitokeloke</td><td align=\"right\">IBstudios</tr><tr><td align=\"left\"><i class=\"fa fa-circle-o\"></i> <i class=\"fa fa-circle-o\"></i> </td><td align=\"right\"><i class=\"fa fa-circle-o\"></i> <i class=\"fa fa-circle\"></i> </tr></table>\n|uhtml|bestof|<h2><strong>Game 2</strong> of <a href=\"/game-bestof3-gen9championsvgc2026regmbbo3-2675038529\">a best-of-3</a></h2>\n|t:|1788451988\n|gametype|doubles\n|player|p1|adriancitokeloke|101|1328\n|player|p2|IBstudios|265|1253\n|gen|9\n|tier|[Gen 9 Champions] VGC 2026 Reg M-B (Bo3)\n|rated|\n|rule|Species Clause: Limit one of each Pokémon\n|rule|Item Clause: Limit 1 of each item\n|clearpoke\n|poke|p1|Incineroar, L50, F|\n|poke|p1|Toxapex, L50, F|\n|poke|p1|Garchomp, L50, F|\n|poke|p1|Charizard, L50, M|\n|poke|p1|Venusaur, L50, F|\n|poke|p1|Sylveon, L50, F|\n|poke|p2|Incineroar, L50, F|\n|poke|p2|Dragonite, L50, M|\n|poke|p2|Metagross, L50|\n|poke|p2|Ninetales-Alola, L50, F|\n|poke|p2|Sneasler, L50, F|\n|poke|p2|Milotic, L50, F|\n|teampreview|4\n|showteam|p1|Incineroar||SitrusBerry|Intimidate|FakeOut,PartingShot,FlareBlitz,Protect|Impish||F|||50|]Toxapex||Leftovers|Regenerator|BanefulBunker,Infestation,Toxic,WideGuard|Relaxed||F|||50|]Garchomp||ChoiceScarf|RoughSkin|StompingTantrum,Earthquake,DragonClaw,RockSlide|Adamant||F|||50|]Charizard||CharizarditeY|Blaze|Protect,HeatWave,SolarBeam,WeatherBall|Timid||M|||50|]Venusaur||FocusSash|Chlorophyll|Protect,SludgeBomb,EarthPower,SleepPowder|Modest||F|||50|]Sylveon||FairyFeather|Pixilate|Detect,HyperVoice,QuickAttack,Yawn|Quiet||F|||50|\n|showteam|p2|Incineroar||SitrusBerry|Intimidate|FakeOut,FlareBlitz,ThroatChop,PartingShot|Adamant||F|||50|]Dragonite||Dragoninite|Multiscale|DragonPulse,HeatWave,Tailwind,Protect|Modest||M|||50|]Metagross||Metagrossite|ClearBody|PsychicFangs,BulletPunch,BodyPress,Protect|Jolly|||||50|]Ninetales-Alola||NeverMeltIce|SnowWarning|FreezeDry,Blizzard,AuroraVeil,Protect|Timid||F|||50|]Sneasler||WhiteHerb|Unburden|CloseCombat,DireClaw,FakeOut,Protect|Jolly||F|||50|]Milotic||Leftovers|Competitive|Scald,LifeDew,HelpingHand,Protect|Modest||F|||50|\n|\n|t:|1788452035\n|teamsize|p1|4\n|teamsize|p2|4\n|start\n|switch|p1a: Charizard|Charizard, L50, M|100/100\n|switch|p1b: Venusaur|Venusaur, L50, F|100/100\n|switch|p2a: Dragonite|Dragonite, L50, M|100/100\n|switch|p2b: Sneasler|Sneasler, L50, F|100/100\n|turn|1\n|\n|t:|1788452056\n|detailschange|p1a: Charizard|Charizard-Mega-Y, L50, M\n|-mega|p1a: Charizard|Charizard|Charizardite Y\n|-weather|SunnyDay|[from] ability: Drought|[of] p1a: Charizard\n|detailschange|p2a: Dragonite|Dragonite-Mega, L50, M\n|-mega|p2a: Dragonite|Dragonite|Dragoninite\n|move|p2b: Sneasler|Fake Out|p1b: Venusaur\n|-damage|p1b: Venusaur|80/100\n|cant|p1b: Venusaur|flinch\n|move|p2a: Dragonite|Tailwind|p2a: Dragonite\n|-sidestart|p2: IBstudios|move: Tailwind\n|move|p1a: Charizard|Heat Wave|p2a: Dragonite|[spread] p2a,p2b\n|-resisted|p2a: Dragonite|1\n|-damage|p2a: Dragonite|88/100\n|-damage|p2b: Sneasler|26/100\n|\n|-weather|SunnyDay|[upkeep]\n|upkeep\n|turn|2\n|\n|t:|1788452087\n|switch|p1b: Toxapex|Toxapex, L50, F|100/100\n|move|p2b: Sneasler|Dire Claw|p1a: Charizard\n|-damage|p1a: Charizard|58/100\n|move|p2a: Dragonite|Heat Wave|p1a: Charizard|[spread] p1a,p1b\n|-resisted|p1a: Charizard|1\n|-resisted|p1b: Toxapex|1\n|-damage|p1a: Charizard|37/100\n|-damage|p1b: Toxapex|84/100\n|move|p1a: Charizard|Heat Wave|p2a: Dragonite|[spread] p2a,p2b\n|-resisted|p2a: Dragonite|1\n|-damage|p2a: Dragonite|63/100\n|-damage|p2b: Sneasler|0 fnt\n|faint|p2b: Sneasler\n|\n|-weather|SunnyDay|[upkeep]\n|-heal|p1b: Toxapex|89/100|[from] item: Leftovers\n|upkeep\n|\n|t:|1788452099\n|switch|p2b: Ninetales|Ninetales-Alola, L50, F|100/100\n|-weather|Snowscape|[from] ability: Snow Warning|[of] p2b: Ninetales\n|turn|3\n|\n|t:|1788452106\n|move|p1a: Charizard|Protect|p1a: Charizard\n|-singleturn|p1a: Charizard|Protect\n|move|p2b: Ninetales|Freeze-Dry|p1b: Toxapex\n|-supereffective|p1b: Toxapex|1\n|-damage|p1b: Toxapex|42/100\n|move|p2a: Dragonite|Dragon Pulse|p1a: Charizard\n|-activate|p1a: Charizard|move: Protect\n|move|p1b: Toxapex|Toxic|p2a: Dragonite\n|-status|p2a: Dragonite|tox\n|\n|-weather|Snowscape|[upkeep]\n|-heal|p1b: Toxapex|48/100|[from] item: Leftovers\n|-damage|p2a: Dragonite|57/100 tox|[from] psn\n|upkeep\n|turn|4\n|\n|t:|1788452151\n|switch|p1a: Garchomp|Garchomp, L50, F|100/100\n|-heal|p1b: Toxapex|81/100|[from] ability: Regenerator|[silent]\n|switch|p1b: Venusaur|Venusaur, L50, F|80/100\n|move|p2b: Ninetales|Freeze-Dry|p1b: Venusaur\n|-supereffective|p1b: Venusaur|1\n|-damage|p1b: Venusaur|4/100\n|move|p2a: Dragonite|Dragon Pulse|p1a: Garchomp\n|-supereffective|p1a: Garchomp|1\n|-damage|p1a: Garchomp|0 fnt\n|faint|p1a: Garchomp\n|\n|-weather|Snowscape|[upkeep]\n|-damage|p2a: Dragonite|45/100 tox|[from] psn\n|-sideend|p2: IBstudios|move: Tailwind\n|upkeep\n|\n|t:|1788452153\n|switch|p1a: Charizard|Charizard-Mega-Y, L50, M|37/100\n|-weather|SunnyDay|[from] ability: Drought|[of] p1a: Charizard\n|turn|5\n|\n|t:|1788452205\n|switch|p2b: Milotic|Milotic, L50, F|100/100\n|move|p2a: Dragonite|Protect|p2a: Dragonite\n|-singleturn|p2a: Dragonite|Protect\n|move|p1b: Venusaur|Sleep Powder|p2a: Dragonite\n|-activate|p2a: Dragonite|move: Protect\n|move|p1a: Charizard|Heat Wave|p2b: Milotic|[spread] p2b\n|-activate|p2a: Dragonite|move: Protect\n|-resisted|p2b: Milotic|1\n|-damage|p2b: Milotic|78/100\n|\n|-weather|SunnyDay|[upkeep]\n|-heal|p2b: Milotic|84/100|[from] item: Leftovers\n|-damage|p2a: Dragonite|27/100 tox|[from] psn\n|upkeep\n|turn|6\n|\n|t:|1788452233\n|switch|p1a: Toxapex|Toxapex, L50, F|81/100\n|switch|p2b: Ninetales|Ninetales-Alola, L50, F|100/100\n|-weather|Snowscape|[from] ability: Snow Warning|[of] p2b: Ninetales\n|move|p2a: Dragonite|Heat Wave|p1a: Toxapex|[spread] p1a,p1b\n|-resisted|p1a: Toxapex|1\n|-supereffective|p1b: Venusaur|1\n|-damage|p1a: Toxapex|70/100\n|-damage|p1b: Venusaur|0 fnt\n|faint|p1b: Venusaur\n|\n|-weather|Snowscape|[upkeep]\n|-heal|p1a: Toxapex|76/100|[from] item: Leftovers\n|-damage|p2a: Dragonite|4/100 tox|[from] psn\n|upkeep\n|\n|t:|1788452242\n|switch|p1b: Charizard|Charizard-Mega-Y, L50, M|37/100\n|-weather|SunnyDay|[from] ability: Drought|[of] p1b: Charizard\n|turn|7\n|\n|t:|1788452297\n|switch|p2b: Milotic|Milotic, L50, F|84/100\n|move|p2a: Dragonite|Dragon Pulse|p1b: Charizard\n|-damage|p1b: Charizard|0 fnt\n|faint|p1b: Charizard\n|move|p1a: Toxapex|Toxic|p2b: Milotic\n|-status|p2b: Milotic|tox\n|\n|-weather|SunnyDay|[upkeep]\n|-heal|p2b: Milotic|91/100 tox|[from] item: Leftovers\n|-heal|p1a: Toxapex|82/100|[from] item: Leftovers\n|-damage|p2a: Dragonite|0 fnt|[from] psn\n|faint|p2a: Dragonite\n|-damage|p2b: Milotic|84/100 tox|[from] psn\n|upkeep\n|-message|adriancitokeloke forfeited.\n|\n|win|IBstudios\n|raw|adriancitokeloke's rating: 1328 &rarr; <strong>1304</strong><br />(-24 for losing)\n|raw|IBstudios's rating: 1253 &rarr; <strong>1283</strong><br />(+30 for winning)\n|l|☆adriancitokeloke\n|player|p1|\n","uploadtime":1788452744,"views":"1","formatid":"gen9championsvgc2026regmbbo3","rating":1283,"private":0,"password":null}