{"id":"gen9championsvgc2026regmb-2674340672","format":"[Gen 9 Champions] VGC 2026 Reg M-B","players":["xshaft","alexismydog"],"log":"|j|☆xshaft\n|j|☆alexismydog\n|t:|1788344766\n|gametype|doubles\n|player|p1|xshaft|1|1651\n|player|p2|alexismydog|265|1582\n|gen|9\n|tier|[Gen 9 Champions] VGC 2026 Reg M-B\n|rated|\n|rule|Species Clause: Limit one of each Pokémon\n|rule|Item Clause: Limit 1 of each item\n|clearpoke\n|poke|p1|Raichu, L50, F|\n|poke|p1|Staraptor, L50, F|\n|poke|p1|Arcanine-Hisui, L50, M|\n|poke|p1|Farigiraf, L50, M|\n|poke|p1|Sylveon, L50, F|\n|poke|p1|Kingambit, L50, M|\n|poke|p2|Tyranitar, L50, F|\n|poke|p2|Excadrill, L50, F|\n|poke|p2|Sinistcha, L50|\n|poke|p2|Gholdengo, L50|\n|poke|p2|Staraptor, L50, F|\n|poke|p2|Milotic, L50, M|\n|teampreview|4\n|inactive|Battle timer is ON: inactive players will automatically lose when time's up. (requested by alexismydog)\n|\n|t:|1788344799\n|teamsize|p1|4\n|teamsize|p2|4\n|start\n|switch|p1a: Raichu|Raichu, L50, F|100/100\n|switch|p1b: Arcanine|Arcanine-Hisui, L50, M|100/100\n|switch|p2a: Tyranitar|Tyranitar, L50, F|100/100\n|switch|p2b: Sinistcha|Sinistcha, L50|100/100\n|-weather|Sandstorm|[from] ability: Sand Stream|[of] p2a: Tyranitar\n|turn|1\n|inactive|xshaft has 30 seconds left.\n|inactive|alexismydog has 30 seconds left.\n|inactive|alexismydog has 20 seconds left.\n|\n|t:|1788344838\n|detailschange|p2a: Tyranitar|Tyranitar-Mega, L50, F\n|-mega|p2a: Tyranitar|Tyranitar|Tyranitarite\n|move|p1a: Raichu|Fake Out|p2a: Tyranitar\n|-resisted|p2a: Tyranitar|1\n|-damage|p2a: Tyranitar|97/100\n|move|p2b: Sinistcha|Rage Powder|p2b: Sinistcha\n|-singleturn|p2b: Sinistcha|move: Rage Powder\n|move|p1b: Arcanine|Flare Blitz|p2b: Sinistcha\n|-supereffective|p2b: Sinistcha|1\n|-damage|p2b: Sinistcha|0 fnt\n|faint|p2b: Sinistcha\n|cant|p2a: Tyranitar|flinch\n|\n|-weather|Sandstorm|[upkeep]\n|-damage|p1a: Raichu|94/100|[from] Sandstorm\n|upkeep\n|\n|t:|1788344851\n|switch|p2b: Excadrill|Excadrill, L50, F|100/100\n|turn|2\n|\n|t:|1788344863\n|switch|p1a: Staraptor|Staraptor, L50, F|100/100\n|-ability|p1a: Staraptor|Intimidate|boost\n|-unboost|p2a: Tyranitar|atk|1\n|-unboost|p2b: Excadrill|atk|1\n|move|p2b: Excadrill|Protect|p2b: Excadrill\n|-singleturn|p2b: Excadrill|Protect\n|move|p1b: Arcanine|Flare Blitz|p2b: Excadrill\n|-activate|p2b: Excadrill|move: Protect\n|move|p2a: Tyranitar|Dragon Dance|p2a: Tyranitar\n|-boost|p2a: Tyranitar|atk|1\n|-boost|p2a: Tyranitar|spe|1\n|\n|-weather|Sandstorm|[upkeep]\n|-damage|p1a: Staraptor|94/100|[from] Sandstorm\n|upkeep\n|turn|3\n|\n|t:|1788344888\n|detailschange|p1a: Staraptor|Staraptor-Mega, L50, F\n|-mega|p1a: Staraptor|Staraptor|Staraptite\n|move|p2b: Excadrill|Iron Head|p1a: Staraptor\n|-damage|p1a: Staraptor|51/100\n|-damage|p2b: Excadrill|90/100|[from] item: Life Orb\n|move|p2a: Tyranitar|Rock Slide|p1a: Staraptor|[spread] p1a,p1b\n|-supereffective|p1b: Arcanine|1\n|-damage|p1a: Staraptor|16/100\n|-damage|p1b: Arcanine|11/100\n|cant|p1a: Staraptor|flinch\n|move|p1b: Arcanine|Flare Blitz|p2b: Excadrill\n|-supereffective|p2b: Excadrill|1\n|-damage|p2b: Excadrill|0 fnt\n|faint|p2b: Excadrill\n|\n|-weather|Sandstorm|[upkeep]\n|-damage|p1a: Staraptor|10/100|[from] Sandstorm\n|upkeep\n|\n|t:|1788344902\n|switch|p2b: Gholdengo|Gholdengo, L50|100/100\n|turn|4\n|\n|t:|1788344915\n|move|p2a: Tyranitar|Rock Slide|p1b: Arcanine|[spread] p1a,p1b\n|-supereffective|p1b: Arcanine|1\n|-damage|p1a: Staraptor|0 fnt\n|-damage|p1b: Arcanine|0 fnt\n|faint|p1a: Staraptor\n|faint|p1b: Arcanine\n|move|p2b: Gholdengo|Nasty Plot|p2b: Gholdengo\n|-boost|p2b: Gholdengo|spa|2\n|\n|-weather|Sandstorm|[upkeep]\n|upkeep\n|\n|t:|1788344926\n|switch|p1a: Raichu|Raichu, L50, F|94/100\n|switch|p1b: Sylveon|Sylveon, L50, F|100/100\n|turn|5\n|\n|t:|1788344936\n|move|p2a: Tyranitar|Protect|p2a: Tyranitar\n|-singleturn|p2a: Tyranitar|Protect\n|move|p1b: Sylveon|Detect|p1b: Sylveon\n|-singleturn|p1b: Sylveon|Protect\n|move|p1a: Raichu|Focus Blast|p2a: Tyranitar\n|-activate|p2a: Tyranitar|move: Protect\n|move|p2b: Gholdengo|Shadow Ball|p1a: Raichu\n|-damage|p1a: Raichu|0 fnt\n|faint|p1a: Raichu\n|\n|-weather|none\n|upkeep\n|turn|6\n|j| zmchih\n|\n|t:|1788344954\n|move|p2a: Tyranitar|Rock Slide|p1b: Sylveon\n|-damage|p1b: Sylveon|53/100\n|move|p2b: Gholdengo|Make It Rain|p1b: Sylveon|[miss]\n|-miss|p2b: Gholdengo|p1b: Sylveon\n|move|p1b: Sylveon|Hyper Voice|p2a: Tyranitar|[spread] p2a,p2b\n|-supereffective|p2a: Tyranitar|1\n|-resisted|p2b: Gholdengo|1\n|-damage|p2a: Tyranitar|21/100\n|-damage|p2b: Gholdengo|70/100\n|\n|upkeep\n|turn|7\n|\n|t:|1788344966\n|move|p1b: Sylveon|Quick Attack|p2a: Tyranitar\n|-supereffective|p2a: Tyranitar|1\n|-damage|p2a: Tyranitar|3/100\n|move|p2a: Tyranitar|Rock Slide|p1b: Sylveon\n|-damage|p1b: Sylveon|5/100\n|move|p2b: Gholdengo|Make It Rain|p1b: Sylveon\n|-supereffective|p1b: Sylveon|1\n|-damage|p1b: Sylveon|0 fnt\n|-unboost|p2b: Gholdengo|spa|2\n|faint|p1b: Sylveon\n|\n|win|alexismydog\n|raw|xshaft's rating: 1651 &rarr; <strong>1627</strong><br />(-24 for losing)\n|raw|alexismydog's rating: 1582 &rarr; <strong>1606</strong><br />(+24 for winning)\n","uploadtime":1788344978,"views":"1","formatid":"gen9championsvgc2026regmb","rating":1606,"private":0,"password":null}