{"id":"gen9championsvgc2026regmb-2674802396","format":"[Gen 9 Champions] VGC 2026 Reg M-B","players":["TheApollo213","ClowneryVGC"],"log":"|j|☆TheApollo213\n|j|☆ClowneryVGC\n|t:|1788409700\n|gametype|doubles\n|player|p1|TheApollo213|1|1161\n|player|p2|ClowneryVGC|rocketgruntf|1070\n|gen|9\n|tier|[Gen 9 Champions] VGC 2026 Reg M-B\n|rated|\n|rule|Species Clause: Limit one of each Pokémon\n|rule|Item Clause: Limit 1 of each item\n|clearpoke\n|poke|p1|Hawlucha, L50, F|\n|poke|p1|Snorlax, L50, M|\n|poke|p1|Sinistcha, L50|\n|poke|p1|Incineroar, L50, M|\n|poke|p1|Politoed, L50, M|\n|poke|p1|Gengar, L50, F|\n|poke|p2|Torkoal, L50, M, shiny|\n|poke|p2|Spiritomb, L50, M|\n|poke|p2|Dragalge, L50, F|\n|poke|p2|Mimikyu, L50, M, shiny|\n|poke|p2|Pangoro, L50, F, shiny|\n|poke|p2|Clefable, L50, F|\n|teampreview|4\n|inactive|Battle timer is ON: inactive players will automatically lose when time's up. (requested by TheApollo213)\n|inactive|TheApollo213 has 60 seconds left.\n|inactive|ClowneryVGC has 60 seconds left.\n|j| Tyranto King\n|\n|t:|1788409758\n|teamsize|p1|4\n|teamsize|p2|4\n|start\n|switch|p1a: Snorlax|Snorlax, L50, M|100/100\n|switch|p1b: Incineroar|Incineroar, L50, M|100/100\n|switch|p2a: Mimikyu|Mimikyu, L50, M, shiny|100/100\n|switch|p2b: Pangoro|Pangoro, L50, F, shiny|100/100\n|-ability|p1b: Incineroar|Intimidate|boost\n|-unboost|p2a: Mimikyu|atk|1\n|-fail|p2b: Pangoro|unboost|atk|[from] ability: Scrappy|[of] p2b: Pangoro\n|turn|1\n|\n|t:|1788409775\n|move|p1b: Incineroar|Fake Out|p2b: Pangoro\n|-damage|p2b: Pangoro|87/100\n|cant|p2b: Pangoro|flinch\n|move|p1a: Snorlax|Stockpile|p1a: Snorlax\n|-start|p1a: Snorlax|stockpile1\n|-boost|p1a: Snorlax|def|1\n|-boost|p1a: Snorlax|spd|1\n|move|p2a: Mimikyu|Trick Room|p2a: Mimikyu\n|-fieldstart|move: Trick Room|[of] p2a: Mimikyu\n|\n|upkeep\n|turn|2\n|l| Tyranto King\n|inactive|TheApollo213 has 30 seconds left.\n|\n|t:|1788409804\n|move|p1a: Snorlax|Protect|p1a: Snorlax\n|-singleturn|p1a: Snorlax|Protect\n|move|p2b: Pangoro|Close Combat|p1a: Snorlax\n|-activate|p1a: Snorlax|move: Protect\n|move|p1b: Incineroar|Parting Shot|p2b: Pangoro\n|-unboost|p2b: Pangoro|atk|1\n|-unboost|p2b: Pangoro|spa|1\n|\n|t:|1788409829\n|switch|p1b: Hawlucha|Hawlucha, L50, F|100/100|[from] Parting Shot\n|move|p2a: Mimikyu|Play Rough|p1a: Snorlax\n|-activate|p1a: Snorlax|move: Protect\n|\n|upkeep\n|turn|3\n|inactive|ClowneryVGC has 30 seconds left.\n|inactive|ClowneryVGC has 20 seconds left.\n|\n|t:|1788409868\n|detailschange|p1b: Hawlucha|Hawlucha-Mega, L50, F\n|-mega|p1b: Hawlucha|Hawlucha|Hawluchanite\n|move|p1a: Snorlax|Body Press|p2b: Pangoro\n|-supereffective|p2b: Pangoro|1\n|-damage|p2b: Pangoro|22/100\n|move|p2b: Pangoro|Ice Punch|p1b: Hawlucha\n|-supereffective|p1b: Hawlucha|1\n|-damage|p1b: Hawlucha|58/100\n|-status|p1b: Hawlucha|frz\n|move|p2a: Mimikyu|Play Rough|p1b: Hawlucha\n|-supereffective|p1b: Hawlucha|1\n|-damage|p1b: Hawlucha|0 fnt\n|faint|p1b: Hawlucha\n|-damage|p2a: Mimikyu|90/100|[from] item: Life Orb\n|\n|upkeep\n|\n|t:|1788409883\n|switch|p1b: Incineroar|Incineroar, L50, M|100/100\n|-ability|p1b: Incineroar|Intimidate|boost\n|-unboost|p2a: Mimikyu|atk|1\n|-fail|p2b: Pangoro|unboost|atk|[from] ability: Scrappy|[of] p2b: Pangoro\n|turn|4\n|inactive|ClowneryVGC has 30 seconds left.\n|\n|t:|1788409909\n|switch|p2b: Dragalge|Dragalge, L50, F|100/100\n|move|p1b: Incineroar|Fake Out|p2b: Dragalge\n|-damage|p2b: Dragalge|87/100\n|move|p1a: Snorlax|Stockpile|p1a: Snorlax\n|-start|p1a: Snorlax|stockpile2\n|-boost|p1a: Snorlax|def|1\n|-boost|p1a: Snorlax|spd|1\n|move|p2a: Mimikyu|Play Rough|p1b: Incineroar\n|-damage|p1b: Incineroar|74/100\n|-damage|p2a: Mimikyu|80/100|[from] item: Life Orb\n|\n|upkeep\n|turn|5\n|inactive|TheApollo213 has 30 seconds left.\n|inactive|ClowneryVGC has 30 seconds left.\n|inactive|ClowneryVGC has 20 seconds left.\n|\n|t:|1788409946\n|move|p1a: Snorlax|Body Press|p2b: Dragalge\n|-resisted|p2b: Dragalge|1\n|-damage|p2b: Dragalge|64/100\n|move|p2b: Dragalge|Draco Meteor|p1b: Incineroar\n|-damage|p1b: Incineroar|18/100\n|-unboost|p2b: Dragalge|spa|2\n|move|p1b: Incineroar|Throat Chop|p2b: Dragalge\n|-damage|p2b: Dragalge|27/100\n|-start|p2b: Dragalge|Throat Chop|[silent]\n|move|p2a: Mimikyu|Play Rough|p1b: Incineroar\n|-damage|p1b: Incineroar|0 fnt\n|faint|p1b: Incineroar\n|-damage|p2a: Mimikyu|70/100|[from] item: Life Orb\n|\n|-fieldend|move: Trick Room\n|upkeep\n|\n|t:|1788409960\n|switch|p1b: Politoed|Politoed, L50, M|100/100\n|-weather|RainDance|[from] ability: Drizzle|[of] p1b: Politoed\n|turn|6\n|\n|t:|1788409983\n|detailschange|p2b: Dragalge|Dragalge-Mega, L50, F\n|-mega|p2b: Dragalge|Dragalge|Dragalgite\n|move|p1b: Politoed|Weather Ball|p2a: Mimikyu\n|-activate|p2a: Mimikyu|ability: Disguise\n|-damage|p2a: Mimikyu|70/100\n|detailschange|p2a: Mimikyu|Mimikyu-Busted, L50, M, shiny\n|-damage|p2a: Mimikyu|58/100|[from] pokemon: Mimikyu-Busted\n|move|p2b: Dragalge|Flip Turn|p1b: Politoed\n|-resisted|p1b: Politoed|1\n|-damage|p1b: Politoed|89/100\n|\n|t:|1788409998\n|-heal|p2b: Dragalge|60/100|[from] ability: Regenerator|[silent]\n|switch|p2b: Torkoal|Torkoal, L50, M, shiny|100/100|[from] Flip Turn\n|-weather|SunnyDay|[from] ability: Drought|[of] p2b: Torkoal\n|move|p1a: Snorlax|Body Press|p2b: Torkoal\n|-damage|p2b: Torkoal|71/100\n|move|p2a: Mimikyu|Trick Room|p2a: Mimikyu\n|-fieldstart|move: Trick Room|[of] p2a: Mimikyu\n|\n|-weather|SunnyDay|[upkeep]\n|upkeep\n|turn|7\n|inactive|TheApollo213 has 30 seconds left.\n|inactive|ClowneryVGC has 30 seconds left.\n|inactive|TheApollo213 has 20 seconds left.\n|inactive|TheApollo213 has 15 seconds left.\n|inactive|TheApollo213 has 10 seconds left.\n|\n|t:|1788410046\n|switch|p2a: Dragalge|Dragalge-Mega, L50, F|60/100\n|move|p1b: Politoed|Protect|p1b: Politoed\n|-singleturn|p1b: Politoed|Protect\n|move|p2b: Torkoal|Eruption|p1a: Snorlax|[spread] p1a\n|-activate|p1b: Politoed|move: Protect\n|-damage|p1a: Snorlax|89/100\n|move|p1a: Snorlax|Fissure|p2b: Torkoal|[miss]\n|-miss|p1a: Snorlax|p2b: Torkoal\n|\n|-weather|SunnyDay|[upkeep]\n|-heal|p1a: Snorlax|95/100|[from] item: Leftovers\n|upkeep\n|turn|8\n|inactive|TheApollo213 has 30 seconds left.\n|inactive|TheApollo213 has 20 seconds left.\n|\n|t:|1788410082\n|move|p2b: Torkoal|Heat Wave|p1b: Politoed|[spread] p1a\n|-miss|p2b: Torkoal|p1b: Politoed\n|-damage|p1a: Snorlax|87/100\n|move|p1a: Snorlax|Stockpile|p1a: Snorlax\n|-start|p1a: Snorlax|stockpile3\n|-boost|p1a: Snorlax|def|1\n|-boost|p1a: Snorlax|spd|1\n|move|p2a: Dragalge|Sludge Bomb|p1a: Snorlax\n|-damage|p1a: Snorlax|73/100\n|move|p1b: Politoed|Encore|p2b: Torkoal\n|-start|p2b: Torkoal|Encore\n|\n|-weather|SunnyDay|[upkeep]\n|-heal|p1a: Snorlax|79/100|[from] item: Leftovers\n|upkeep\n|turn|9\n|inactive|TheApollo213 has 30 seconds left.\n|\n|t:|1788410115\n|move|p2b: Torkoal|Heat Wave|p1a: Snorlax|[spread] p1b\n|-miss|p2b: Torkoal|p1a: Snorlax\n|-resisted|p1b: Politoed|1\n|-damage|p1b: Politoed|71/100\n|move|p1a: Snorlax|Body Press|p2b: Torkoal\n|-damage|p2b: Torkoal|36/100\n|move|p2a: Dragalge|Sludge Bomb|p1a: Snorlax\n|-damage|p1a: Snorlax|65/100\n|move|p1b: Politoed|Weather Ball|p2b: Torkoal\n|-resisted|p2b: Torkoal|1\n|-damage|p2b: Torkoal|15/100\n|\n|-weather|SunnyDay|[upkeep]\n|-heal|p1a: Snorlax|71/100|[from] item: Leftovers\n|upkeep\n|turn|10\n|\n|t:|1788410139\n|switch|p2b: Mimikyu|Mimikyu-Busted, L50, M, shiny|58/100\n|move|p1a: Snorlax|Protect|p1a: Snorlax\n|-singleturn|p1a: Snorlax|Protect\n|move|p1b: Politoed|Protect|p1b: Politoed\n|-singleturn|p1b: Politoed|Protect\n|move|p2a: Dragalge|Sludge Bomb|p1a: Snorlax\n|-activate|p1a: Snorlax|move: Protect\n|\n|-weather|none\n|-heal|p1a: Snorlax|77/100|[from] item: Leftovers\n|-fieldend|move: Trick Room\n|upkeep\n|turn|11\n|\n|t:|1788410160\n|move|p1b: Politoed|Weather Ball|p2a: Dragalge\n|-damage|p2a: Dragalge|52/100\n|move|p2a: Dragalge|Sludge Bomb|p1a: Snorlax\n|-damage|p1a: Snorlax|63/100\n|-status|p1a: Snorlax|psn\n|move|p1a: Snorlax|Body Press|p2a: Dragalge\n|-resisted|p2a: Dragalge|1\n|-damage|p2a: Dragalge|29/100\n|move|p2b: Mimikyu|Trick Room|p2b: Mimikyu\n|-fieldstart|move: Trick Room|[of] p2b: Mimikyu\n|\n|-heal|p1a: Snorlax|69/100 psn|[from] item: Leftovers\n|-damage|p1a: Snorlax|57/100 psn|[from] psn\n|upkeep\n|turn|12\n|inactive|TheApollo213 has 30 seconds left.\n|inactive|ClowneryVGC has 30 seconds left.\n|\n|t:|1788410193\n|move|p1a: Snorlax|Fissure|p2b: Mimikyu|[miss]\n|-miss|p1a: Snorlax|p2b: Mimikyu\n|move|p2a: Dragalge|Flip Turn|p1a: Snorlax\n|-damage|p1a: Snorlax|53/100 psn\n|\n|t:|1788410200\n|-heal|p2a: Dragalge|62/100|[from] ability: Regenerator|[silent]\n|switch|p2a: Pangoro|Pangoro, L50, F, shiny|22/100|[from] Flip Turn\n|move|p1b: Politoed|Weather Ball|p2a: Pangoro\n|-damage|p2a: Pangoro|9/100\n|move|p2b: Mimikyu|Play Rough|p1b: Politoed\n|-damage|p1b: Politoed|12/100\n|-unboost|p1b: Politoed|atk|1\n|-damage|p2b: Mimikyu|48/100|[from] item: Life Orb\n|\n|-heal|p1a: Snorlax|59/100 psn|[from] item: Leftovers\n|-damage|p1a: Snorlax|47/100 psn|[from] psn\n|upkeep\n|turn|13\n|inactive|ClowneryVGC has 30 seconds left.\n|\n|t:|1788410228\n|move|p2b: Mimikyu|Shadow Sneak|p1b: Politoed\n|-damage|p1b: Politoed|0 fnt\n|faint|p1b: Politoed\n|-damage|p2b: Mimikyu|38/100|[from] item: Life Orb\n|move|p1a: Snorlax|Fissure|p2b: Mimikyu|[miss]\n|-miss|p1a: Snorlax|p2b: Mimikyu\n|move|p2a: Pangoro|Close Combat|p1a: Snorlax\n|-supereffective|p1a: Snorlax|1\n|-damage|p1a: Snorlax|4/100 psn\n|-unboost|p2a: Pangoro|def|1\n|-unboost|p2a: Pangoro|spd|1\n|\n|-heal|p1a: Snorlax|10/100 psn|[from] item: Leftovers\n|-damage|p1a: Snorlax|0 fnt|[from] psn\n|faint|p1a: Snorlax\n|\n|win|ClowneryVGC\n|raw|TheApollo213's rating: 1161 &rarr; <strong>1130</strong><br />(-31 for losing)\n|raw|ClowneryVGC's rating: 1070 &rarr; <strong>1107</strong><br />(+37 for winning)\n","uploadtime":1788410251,"views":"10","formatid":"gen9championsvgc2026regmb","rating":1107,"private":0,"password":null}