{"id":"gen9championsvgc2026regmbbo3-2674395068","format":"[Gen 9 Champions] VGC 2026 Reg M-B (Bo3)","players":["Dragayu","pgoiko"],"log":"|j|☆Dragayu\n|j|☆pgoiko\n|html|<table width=\"100%\"><tr><td align=\"left\">Dragayu</td><td align=\"right\">pgoiko</tr><tr><td align=\"left\"><i class=\"fa fa-circle\"></i> <i class=\"fa fa-circle-o\"></i> </td><td align=\"right\"><i class=\"fa fa-circle-o\"></i> <i class=\"fa fa-circle-o\"></i> </tr></table>\n|uhtml|bestof|<h2><strong>Game 2</strong> of <a href=\"/game-bestof3-gen9championsvgc2026regmbbo3-2674393447\">a best-of-3</a></h2>\n|t:|1788354317\n|gametype|doubles\n|player|p1|Dragayu|265|1215\n|player|p2|pgoiko|266|1229\n|gen|9\n|tier|[Gen 9 Champions] VGC 2026 Reg M-B (Bo3)\n|rated|\n|rule|Species Clause: Limit one of each Pokémon\n|rule|Item Clause: Limit 1 of each item\n|clearpoke\n|poke|p1|Aerodactyl, L50, F|\n|poke|p1|Farigiraf, L50, F|\n|poke|p1|Sylveon, L50, M|\n|poke|p1|Kingambit, L50, M|\n|poke|p1|Raichu, L50, M|\n|poke|p1|Basculegion, L50, M|\n|poke|p2|Swampert, L50, F|\n|poke|p2|Gengar, L50, F|\n|poke|p2|Incineroar, L50, M|\n|poke|p2|Ninetales-Alola, L50, M|\n|poke|p2|Sneasler, L50, F|\n|poke|p2|Dragonite, L50, F|\n|teampreview|4\n|showteam|p1|Aerodactyl||Aerodactylite|Unnerve|IceFang,RockSlide,DualWingbeat,Tailwind|Jolly||F|||50|]Farigiraf||SitrusBerry|ArmorTail|HelpingHand,Psychic,Thunderbolt,TrickRoom|Bold||F|||50|]Sylveon||FairyFeather|Pixilate|Detect,HyperVoice,HyperBeam,QuickAttack|Modest||M|||50|]Kingambit||FocusSash|Defiant|SuckerPunch,KowtowCleave,IronHead,LowKick|Adamant||M|||50|]Raichu||RaichuniteY|LightningRod|FakeOut,ZapCannon,FocusBlast,Protect|Timid||M|||50|]Basculegion||LifeOrb|Adaptability|AquaJet,LastRespects,Protect,WaveCrash|Adamant||M|||50|\n|showteam|p2|Swampert||Leftovers|Torrent|HighHorsepower,Yawn,Protect,FlipTurn|Brave||F|||50|]Gengar||Gengarite|CursedBody|ShadowBall,SludgeBomb,Substitute,Protect|Modest||F|||50|]Incineroar||SitrusBerry|Intimidate|FakeOut,FlareBlitz,ThroatChop,PartingShot|Impish||M|||50|]Ninetales-Alola||ChoiceScarf|SnowWarning|Blizzard,FreezeDry,Encore,IcyWind|Timid||M|||50|]Sneasler||FocusSash|PoisonTouch|DireClaw,Protect,CloseCombat,RockSlide|Adamant||F|||50|]Dragonite||LifeOrb|InnerFocus|DragonClaw,ExtremeSpeed,Superpower,Protect|Adamant||F|||50|\n|\n|t:|1788354341\n|teamsize|p1|4\n|teamsize|p2|4\n|start\n|switch|p1a: Kingambit|Kingambit, L50, M|100/100\n|switch|p1b: Farigiraf|Farigiraf, L50, F|100/100\n|switch|p2a: Ninetales|Ninetales-Alola, L50, M|100/100\n|switch|p2b: Sneasler|Sneasler, L50, F|100/100\n|-weather|Snowscape|[from] ability: Snow Warning|[of] p2a: Ninetales\n|turn|1\n|\n|t:|1788354361\n|move|p2a: Ninetales|Blizzard|p1b: Farigiraf|[spread] p1a,p1b\n|-resisted|p1a: Kingambit|1\n|-damage|p1a: Kingambit|81/100\n|-damage|p1b: Farigiraf|72/100\n|-status|p1a: Kingambit|frz\n|move|p2b: Sneasler|Dire Claw|p1b: Farigiraf\n|-damage|p1b: Farigiraf|36/100\n|-enditem|p1b: Farigiraf|Sitrus Berry|[eat]\n|-heal|p1b: Farigiraf|61/100|[from] item: Sitrus Berry\n|cant|p1a: Kingambit|frz\n|move|p1b: Farigiraf|Trick Room|p1b: Farigiraf\n|-fieldstart|move: Trick Room|[of] p1b: Farigiraf\n|\n|-weather|Snowscape|[upkeep]\n|upkeep\n|turn|2\n|\n|t:|1788354381\n|move|p1b: Farigiraf|Psychic|p2b: Sneasler\n|-supereffective|p2b: Sneasler|2\n|-enditem|p2b: Sneasler|Focus Sash\n|-damage|p2b: Sneasler|1/100\n|-curestatus|p1a: Kingambit|frz|[msg]\n|move|p1a: Kingambit|Iron Head|p2a: Ninetales\n|-supereffective|p2a: Ninetales|2\n|-damage|p2a: Ninetales|0 fnt\n|faint|p2a: Ninetales\n|move|p2b: Sneasler|Close Combat|p1a: Kingambit\n|-supereffective|p1a: Kingambit|2\n|-damage|p1a: Kingambit|0 fnt\n|-unboost|p2b: Sneasler|def|1\n|-unboost|p2b: Sneasler|spd|1\n|faint|p1a: Kingambit\n|\n|-weather|Snowscape|[upkeep]\n|upkeep\n|\n|t:|1788354393\n|switch|p1a: Sylveon|Sylveon, L50, M|100/100\n|switch|p2a: Swampert|Swampert, L50, F|100/100\n|turn|3\n|\n|t:|1788354415\n|move|p2b: Sneasler|Protect|p2b: Sneasler\n|-singleturn|p2b: Sneasler|Protect\n|move|p2a: Swampert|Yawn|p1a: Sylveon\n|-start|p1a: Sylveon|move: Yawn|[of] p2a: Swampert\n|move|p1b: Farigiraf|Psychic|p2a: Swampert\n|-damage|p2a: Swampert|72/100\n|move|p1a: Sylveon|Hyper Voice|p2a: Swampert|[spread] p2a\n|-activate|p2b: Sneasler|move: Protect\n|-damage|p2a: Swampert|29/100\n|\n|-weather|Snowscape|[upkeep]\n|-heal|p2a: Swampert|35/100|[from] item: Leftovers\n|upkeep\n|turn|4\n|\n|t:|1788354428\n|switch|p2b: Gengar|Gengar, L50, F|100/100\n|move|p2a: Swampert|Yawn|p1b: Farigiraf\n|-start|p1b: Farigiraf|move: Yawn|[of] p2a: Swampert\n|move|p1b: Farigiraf|Psychic|p2a: Swampert\n|-damage|p2a: Swampert|8/100\n|-unboost|p2a: Swampert|spd|1\n|move|p1a: Sylveon|Hyper Voice|p2b: Gengar|[spread] p2a,p2b\n|-resisted|p2b: Gengar|1\n|-damage|p2a: Swampert|0 fnt\n|-damage|p2b: Gengar|63/100\n|faint|p2a: Swampert\n|\n|-weather|Snowscape|[upkeep]\n|-end|p1a: Sylveon|move: Yawn|[silent]\n|-status|p1a: Sylveon|slp\n|upkeep\n|\n|t:|1788354438\n|switch|p2a: Sneasler|Sneasler, L50, F|1/100\n|turn|5\n|\n|t:|1788354442\n|detailschange|p2b: Gengar|Gengar-Mega, L50, F\n|-mega|p2b: Gengar|Gengar|Gengarite\n|move|p2a: Sneasler|Protect|p2a: Sneasler\n|-singleturn|p2a: Sneasler|Protect\n|move|p1b: Farigiraf|Psychic|p2b: Gengar\n|-supereffective|p2b: Gengar|1\n|-damage|p2b: Gengar|0 fnt\n|faint|p2b: Gengar\n|cant|p1a: Sylveon|slp\n|\n|-weather|none\n|-end|p1b: Farigiraf|move: Yawn|[silent]\n|-status|p1b: Farigiraf|slp\n|-fieldend|move: Trick Room\n|upkeep\n|turn|6\n|\n|t:|1788354453\n|cant|p1a: Sylveon|slp\n|move|p2a: Sneasler|Dire Claw|p1a: Sylveon\n|-supereffective|p1a: Sylveon|1\n|-damage|p1a: Sylveon|0 fnt\n|faint|p1a: Sylveon\n|cant|p1b: Farigiraf|slp\n|\n|upkeep\n|\n|t:|1788354457\n|switch|p1a: Raichu|Raichu, L50, M|100/100\n|turn|7\n|\n|t:|1788354463\n|detailschange|p1a: Raichu|Raichu-Mega-Y, L50, M\n|-mega|p1a: Raichu|Raichu|Raichunite Y\n|move|p2a: Sneasler|Protect|p2a: Sneasler\n|-singleturn|p2a: Sneasler|Protect\n|move|p1a: Raichu|Fake Out|p2a: Sneasler\n|-activate|p2a: Sneasler|move: Protect\n|cant|p1b: Farigiraf|slp\n|\n|upkeep\n|turn|8\n|\n|t:|1788354468\n|move|p1a: Raichu|Zap Cannon|p2a: Sneasler\n|-damage|p2a: Sneasler|0 fnt\n|faint|p2a: Sneasler\n|\n|win|Dragayu\n|raw|Dragayu's rating: 1215 &rarr; <strong>1241</strong><br />(+26 for winning)\n|raw|pgoiko's rating: 1229 &rarr; <strong>1203</strong><br />(-26 for losing)\n|l|☆pgoiko\n|player|p2|\n","uploadtime":1788354484,"views":"0","formatid":"gen9championsvgc2026regmbbo3","rating":1203,"private":0,"password":null}