{"id":"gen9championsvgc2026regmbbo3-2674453733","format":"[Gen 9 Champions] VGC 2026 Reg M-B (Bo3)","players":["coti_05","bearlover997"],"log":"|j|☆coti_05\n|j|☆bearlover997\n|html|<table width=\"100%\"><tr><td align=\"left\">coti_05</td><td align=\"right\">bearlover997</tr><tr><td align=\"left\"><i class=\"fa fa-circle\"></i> <i class=\"fa fa-circle-o\"></i> </td><td align=\"right\"><i class=\"fa fa-circle-o\"></i> <i class=\"fa fa-circle-o\"></i> </tr></table>\n|uhtml|bestof|<h2><strong>Game 2</strong> of <a href=\"/game-bestof3-gen9championsvgc2026regmbbo3-2674450126\">a best-of-3</a></h2>\n|t:|1788361678\n|gametype|doubles\n|player|p1|coti_05|1|1142\n|player|p2|bearlover997|sage|1127\n|gen|9\n|tier|[Gen 9 Champions] VGC 2026 Reg M-B (Bo3)\n|rated|\n|rule|Species Clause: Limit one of each Pokémon\n|rule|Item Clause: Limit 1 of each item\n|clearpoke\n|poke|p1|Charizard, L50, M, shiny|\n|poke|p1|Incineroar, L50, F|\n|poke|p1|Garchomp, L50, F, shiny|\n|poke|p1|Metagross, L50, shiny|\n|poke|p1|Whimsicott, L50, M|\n|poke|p1|Basculegion, L50, M|\n|poke|p2|Lopunny, L50, M|\n|poke|p2|Volcarona, L50, M|\n|poke|p2|Ninetales-Alola, L50, M|\n|poke|p2|Toxapex, L50, F|\n|poke|p2|Grimmsnarl, L50, M|\n|poke|p2|Sinistcha, L50|\n|teampreview|4\n|showteam|p1|Charizard||CharizarditeY|SolarPower|HeatWave,Protect,WeatherBall,SolarBeam|Timid||M|||50|]Incineroar||SitrusBerry|Intimidate|FakeOut,FlareBlitz,PartingShot,Crunch|Impish||F|||50|]Garchomp||LifeOrb|RoughSkin|DragonClaw,Earthquake,Protect,RockSlide|Jolly||F|||50|]Metagross||Metagrossite|ClearBody|IronHead,IcePunch,PsychicFangs,Protect|Adamant|||||50|]Whimsicott||FocusSash|Prankster|Tailwind,Encore,Moonblast,Protect|Modest||M|||50|]Basculegion||MysticWater|Adaptability|AquaJet,WaveCrash,LastRespects,Protect|Adamant||M|||50|\n|showteam|p2|Lopunny||Lopunnite|Limber|FakeOut,Uturn,CloseCombat,Encore|Jolly||M|||50|]Volcarona||Leftovers|FlameBody|HeatWave,BugBuzz,Protect,QuiverDance|Modest||M|||50|]Ninetales-Alola||FocusSash|SnowWarning|Encore,Disable,Protect,FreezeDry|Timid||M|||50|]Toxapex||BrightPowder|Regenerator|WideGuard,BanefulBunker,Toxic,Infestation|Bold||F|||50|]Grimmsnarl||LightClay|Prankster|LightScreen,Reflect,PartingShot,SpiritBreak|Careful||M|||50|]Sinistcha||SitrusBerry|Hospitality|RagePowder,Curse,MatchaGotcha,Protect|Bold|||||50|\n|inactive|Battle timer is ON: inactive players will automatically lose when time's up. (requested by bearlover997)\n|c|☆bearlover997|I'm going to have sex with your mom\n|inactive|coti_05 has 60 seconds left.\n|\n|t:|1788361711\n|teamsize|p1|4\n|teamsize|p2|4\n|start\n|switch|p1a: Metagross|Metagross, L50, shiny|100/100\n|switch|p1b: Whimsicott|Whimsicott, L50, M|100/100\n|switch|p2a: Volcarona|Volcarona, L50, M|100/100\n|switch|p2b: Grimmsnarl|Grimmsnarl, L50, M|100/100\n|turn|1\n|c|☆bearlover997|Oh now you're quite\n|\n|t:|1788361735\n|detailschange|p1a: Metagross|Metagross-Mega, L50, shiny\n|-mega|p1a: Metagross|Metagross|Metagrossite\n|move|p2b: Grimmsnarl|Parting Shot|p1a: Metagross\n|-unboost|p1a: Metagross|atk|1\n|-unboost|p1a: Metagross|spa|1\n|\n|t:|1788361738\n|switch|p2b: Lopunny|Lopunny, L50, M|100/100|[from] Parting Shot\n|move|p1b: Whimsicott|Moonblast|p2b: Lopunny\n|-damage|p2b: Lopunny|52/100\n|move|p2a: Volcarona|Heat Wave|p1a: Metagross|[spread] p1a,p1b\n|-supereffective|p1a: Metagross|1\n|-supereffective|p1b: Whimsicott|1\n|-damage|p1a: Metagross|26/100\n|-enditem|p1b: Whimsicott|Focus Sash\n|-damage|p1b: Whimsicott|1/100\n|-status|p1b: Whimsicott|brn\n|move|p1a: Metagross|Iron Head|p2b: Lopunny\n|-damage|p2b: Lopunny|0 fnt\n|faint|p2b: Lopunny\n|\n|-damage|p1b: Whimsicott|0 fnt|[from] brn\n|faint|p1b: Whimsicott\n|upkeep\n|\n|t:|1788361757\n|switch|p2b: Grimmsnarl|Grimmsnarl, L50, M|100/100\n|switch|p1b: Garchomp|Garchomp, L50, F, shiny|100/100\n|turn|2\n|\n|t:|1788361776\n|switch|p1a: Incineroar|Incineroar, L50, F|100/100\n|-ability|p1a: Incineroar|Intimidate|boost\n|-unboost|p2a: Volcarona|atk|1\n|-unboost|p2b: Grimmsnarl|atk|1\n|move|p2a: Volcarona|Protect|p2a: Volcarona\n|-singleturn|p2a: Volcarona|Protect\n|move|p1b: Garchomp|Rock Slide|p2b: Grimmsnarl|[spread] \n|-activate|p2a: Volcarona|move: Protect\n|-miss|p1b: Garchomp|p2b: Grimmsnarl\n|move|p2b: Grimmsnarl|Spirit Break|p1b: Garchomp\n|-supereffective|p1b: Garchomp|1\n|-damage|p1b: Garchomp|57/100\n|-unboost|p1b: Garchomp|spa|1\n|-damage|p2b: Grimmsnarl|87/100|[from] ability: Rough Skin|[of] p1b: Garchomp\n|\n|upkeep\n|turn|3\n|inactive|coti_05 has 30 seconds left.\n|inactive|coti_05 has 20 seconds left.\n|\n|t:|1788361811\n|switch|p1b: Metagross|Metagross-Mega, L50, shiny|26/100\n|switch|p2a: Ninetales|Ninetales-Alola, L50, M|100/100\n|-weather|Snowscape|[from] ability: Snow Warning|[of] p2a: Ninetales\n|move|p2b: Grimmsnarl|Reflect|p2b: Grimmsnarl\n|-sidestart|p2: bearlover997|Reflect\n|move|p1a: Incineroar|Flare Blitz|p2a: Ninetales\n|-supereffective|p2a: Ninetales|1\n|-damage|p2a: Ninetales|33/100\n|-damage|p1a: Incineroar|83/100|[from] Recoil\n|\n|-weather|Snowscape|[upkeep]\n|upkeep\n|turn|4\n|inactive|coti_05 has 30 seconds left.\n|inactive|bearlover997 has 30 seconds left.\n|inactive|bearlover997 has 20 seconds left.\n|inactive|bearlover997 has 15 seconds left.\n|\n|t:|1788361855\n|move|p2a: Ninetales|Protect|p2a: Ninetales\n|-singleturn|p2a: Ninetales|Protect\n|move|p1b: Metagross|Protect|p1b: Metagross\n|-singleturn|p1b: Metagross|Protect\n|move|p2b: Grimmsnarl|Parting Shot|p1b: Metagross\n|-activate|p1b: Metagross|move: Protect\n|move|p1a: Incineroar|Parting Shot|p2b: Grimmsnarl\n|-unboost|p2b: Grimmsnarl|atk|1\n|-unboost|p2b: Grimmsnarl|spa|1\n|c|☆coti_05|very easy\n|c|☆coti_05|jajajajjja\n|\n|t:|1788361864\n|switch|p1a: Garchomp|Garchomp, L50, F, shiny|57/100|[from] Parting Shot\n|\n|-weather|Snowscape|[upkeep]\n|upkeep\n|turn|5\n|\n|t:|1788361874\n|move|p1a: Garchomp|Protect|p1a: Garchomp\n|-singleturn|p1a: Garchomp|Protect\n|move|p2b: Grimmsnarl|Parting Shot|p1b: Metagross\n|-unboost|p1b: Metagross|atk|1\n|-unboost|p1b: Metagross|spa|1\n|\n|t:|1788361880\n|switch|p2b: Volcarona|Volcarona, L50, M|100/100|[from] Parting Shot\n|move|p2a: Ninetales|Freeze-Dry|p1a: Garchomp\n|-activate|p1a: Garchomp|move: Protect\n|move|p1b: Metagross|Psychic Fangs|p2a: Ninetales\n|-sideend|p2: bearlover997|Reflect\n|-damage|p2a: Ninetales|0 fnt\n|faint|p2a: Ninetales\n|\n|-weather|Snowscape|[upkeep]\n|upkeep\n|c|☆coti_05|jajajajaja\n|\n|t:|1788361883\n|switch|p2a: Grimmsnarl|Grimmsnarl, L50, M|87/100\n|turn|6\n|\n|t:|1788361899\n|switch|p1a: Incineroar|Incineroar, L50, F|83/100\n|-ability|p1a: Incineroar|Intimidate|boost\n|-unboost|p2a: Grimmsnarl|atk|1\n|-unboost|p2b: Volcarona|atk|1\n|move|p1b: Metagross|Protect|p1b: Metagross\n|-singleturn|p1b: Metagross|Protect\n|move|p2a: Grimmsnarl|Reflect|p2a: Grimmsnarl\n|-sidestart|p2: bearlover997|Reflect\n|move|p2b: Volcarona|Heat Wave|p1a: Incineroar|[spread] p1a\n|-activate|p1b: Metagross|move: Protect\n|-resisted|p1a: Incineroar|1\n|-damage|p1a: Incineroar|67/100\n|\n|-weather|Snowscape|[upkeep]\n|upkeep\n|turn|7\n|\n|t:|1788361918\n|move|p1a: Incineroar|Fake Out|p2b: Volcarona\n|-damage|p2b: Volcarona|88/100\n|move|p2a: Grimmsnarl|Parting Shot|p1b: Metagross\n|-unboost|p1b: Metagross|atk|1\n|-unboost|p1b: Metagross|spa|1\n|cant|p2b: Volcarona|flinch\n|move|p1b: Metagross|Iron Head|p2a: Grimmsnarl\n|-supereffective|p2a: Grimmsnarl|1\n|-damage|p2a: Grimmsnarl|33/100\n|\n|-weather|none\n|-heal|p2b: Volcarona|94/100|[from] item: Leftovers\n|upkeep\n|turn|8\n|\n|t:|1788361935\n|move|p1b: Metagross|Protect|p1b: Metagross\n|-singleturn|p1b: Metagross|Protect\n|move|p2b: Volcarona|Quiver Dance|p2b: Volcarona\n|-boost|p2b: Volcarona|spa|1\n|-boost|p2b: Volcarona|spd|1\n|-boost|p2b: Volcarona|spe|1\n|move|p2a: Grimmsnarl|Spirit Break|p1a: Incineroar\n|-damage|p1a: Incineroar|50/100g\n|-unboost|p1a: Incineroar|spa|1\n|move|p1a: Incineroar|Flare Blitz|p2a: Grimmsnarl\n|-damage|p2a: Grimmsnarl|0 fnt\n|faint|p2a: Grimmsnarl\n|-damage|p1a: Incineroar|39/100|[from] Recoil\n|-enditem|p1a: Incineroar|Sitrus Berry|[eat]\n|-heal|p1a: Incineroar|64/100|[from] item: Sitrus Berry\n|\n|-heal|p2b: Volcarona|100/100|[from] item: Leftovers\n|upkeep\n|turn|9\n|\n|t:|1788361956\n|move|p2b: Volcarona|Quiver Dance|p2b: Volcarona\n|-boost|p2b: Volcarona|spa|1\n|-boost|p2b: Volcarona|spd|1\n|-boost|p2b: Volcarona|spe|1\n|move|p1b: Metagross|Psychic Fangs|p2b: Volcarona\n|-sideend|p2: bearlover997|Reflect\n|-damage|p2b: Volcarona|48/100\n|move|p1a: Incineroar|Flare Blitz|p2b: Volcarona\n|-damage|p2b: Volcarona|0 fnt\n|faint|p2b: Volcarona\n|-damage|p1a: Incineroar|51/100|[from] Recoil\n|\n|win|coti_05\n","uploadtime":1788361691,"views":"0","formatid":"gen9championsvgc2026regmbbo3","rating":null,"private":0,"password":null}