{"id":"gen9championsvgc2026regmbbo3-2674212546","format":"[Gen 9 Champions] VGC 2026 Reg M-B (Bo3)","players":["Lucia_Tortuga","Hashem753"],"log":"|j|☆Lucia_Tortuga\n|j|☆Hashem753\n|html|<table width=\"100%\"><tr><td align=\"left\">Lucia_Tortuga</td><td align=\"right\">Hashem753</tr><tr><td align=\"left\"><i class=\"fa fa-circle\"></i> <i class=\"fa fa-circle-o\"></i> </td><td align=\"right\"><i class=\"fa fa-circle-o\"></i> <i class=\"fa fa-circle-o\"></i> </tr></table>\n|uhtml|bestof|<h2><strong>Game 2</strong> of <a href=\"/game-bestof3-gen9championsvgc2026regmbbo3-2674210350\">a best-of-3</a></h2>\n|t:|1788316375\n|gametype|doubles\n|player|p1|Lucia_Tortuga|veteranf|\n|player|p2|Hashem753|265|\n|gen|9\n|tier|[Gen 9 Champions] VGC 2026 Reg M-B (Bo3)\n|rule|Species Clause: Limit one of each Pokémon\n|rule|Item Clause: Limit 1 of each item\n|raw|<div class=\"infobox\"><details class=\"readmore\" open><summary><strong>1 custom rule:</strong></summary> !Force Open Team Sheets</details></div>\n|clearpoke\n|poke|p1|Banette, L50, M|\n|poke|p1|Tyranitar, L50, M|\n|poke|p1|Steelix, L50, M|\n|poke|p1|Hippowdon, L50, F|\n|poke|p1|Armarouge, L50, F|\n|poke|p1|Crabominable, L50, F|\n|poke|p2|Charizard, L50, M, shiny|\n|poke|p2|Aegislash, L50, M, shiny|\n|poke|p2|Aerodactyl, L50, F|\n|poke|p2|Garchomp, L50, M|\n|poke|p2|Venusaur, L50, F|\n|poke|p2|Sableye, L50, M|\n|teampreview|4\n|j| laxman85\n|\n|t:|1788316435\n|teamsize|p1|4\n|teamsize|p2|4\n|start\n|switch|p1a: Banette|Banette, L50, M|100/100\n|switch|p1b: Steelix|Steelix, L50, M|100/100\n|switch|p2a: Aegislash|Aegislash, L50, M, shiny|100/100\n|switch|p2b: Charizard|Charizard, L50, M, shiny|100/100\n|turn|1\n|\n|t:|1788316481\n|switch|p1b: Armarouge|Armarouge, L50, F|100/100\n|detailschange|p2b: Charizard|Charizard-Mega-Y, L50, M, shiny\n|-mega|p2b: Charizard|Charizard|Charizardite Y\n|-weather|SunnyDay|[from] ability: Drought|[of] p2b: Charizard\n|-formechange|p2a: Aegislash|Aegislash-Blade|\n|move|p2a: Aegislash|Shadow Sneak|p1a: Banette\n|-supereffective|p1a: Banette|1\n|-damage|p1a: Banette|11/100\n|move|p2b: Charizard|Heat Wave|p1b: Armarouge|[spread] p1a\n|-start|p1b: Armarouge|ability: Flash Fire\n|-damage|p1a: Banette|0 fnt\n|faint|p1a: Banette\n|\n|-weather|SunnyDay|[upkeep]\n|upkeep\n|\n|t:|1788316494\n|switch|p1a: Crabominable|Crabominable, L50, F|100/100\n|turn|2\n|\n|t:|1788316512\n|move|p1b: Armarouge|Wide Guard|p1b: Armarouge\n|-singleturn|p1b: Armarouge|Wide Guard\n|move|p2a: Aegislash|Shadow Sneak|p1b: Armarouge\n|-supereffective|p1b: Armarouge|1\n|-damage|p1b: Armarouge|64/100\n|move|p2b: Charizard|Heat Wave|p1a: Crabominable|[spread] \n|-activate|p1a: Crabominable|move: Wide Guard\n|-activate|p1b: Armarouge|move: Wide Guard\n|move|p1a: Crabominable|Rock Slide|p2b: Charizard|[spread] p2a,p2b\n|-resisted|p2a: Aegislash|1\n|-supereffective|p2b: Charizard|2\n|-damage|p2a: Aegislash|79/100\n|-damage|p2b: Charizard|0 fnt\n|faint|p2b: Charizard\n|\n|-weather|SunnyDay|[upkeep]\n|upkeep\n|\n|t:|1788316537\n|switch|p2b: Garchomp|Garchomp, L50, M|100/100\n|turn|3\n|\n|t:|1788316560\n|move|p1b: Armarouge|Protect||[still]\n|-fail|p1b: Armarouge\n|move|p1a: Crabominable|Protect|p1a: Crabominable\n|-singleturn|p1a: Crabominable|Protect\n|move|p2a: Aegislash|Shadow Sneak|p1b: Armarouge\n|-supereffective|p1b: Armarouge|1\n|-damage|p1b: Armarouge|26/100\n|move|p2b: Garchomp|Dragon Claw|p1b: Armarouge\n|-damage|p1b: Armarouge|0 fnt\n|faint|p1b: Armarouge\n|\n|-weather|SunnyDay|[upkeep]\n|upkeep\n|\n|t:|1788316568\n|switch|p1b: Steelix|Steelix, L50, M|100/100\n|turn|4\n|\n|t:|1788316579\n|detailschange|p1b: Steelix|Steelix-Mega, L50, M\n|-mega|p1b: Steelix|Steelix|Steelixite\n|-formechange|p2a: Aegislash|Aegislash|\n|move|p2a: Aegislash|King's Shield|p2a: Aegislash\n|-singleturn|p2a: Aegislash|Protect\n|move|p1b: Steelix|Protect|p1b: Steelix\n|-singleturn|p1b: Steelix|Protect\n|move|p2b: Garchomp|Earthquake|p1a: Crabominable|[spread] p1a\n|-activate|p2a: Aegislash|move: Protect\n|-activate|p1b: Steelix|move: Protect\n|-damage|p1a: Crabominable|58/100\n|move|p1a: Crabominable|Ice Hammer|p2b: Garchomp\n|-supereffective|p2b: Garchomp|2\n|-damage|p2b: Garchomp|0 fnt\n|-unboost|p1a: Crabominable|spe|1\n|faint|p2b: Garchomp\n|\n|-weather|SunnyDay|[upkeep]\n|upkeep\n|\n|t:|1788316595\n|switch|p2b: Venusaur|Venusaur, L50, F|100/100\n|turn|5\n|\n|t:|1788316622\n|move|p2b: Venusaur|Leaf Storm|p1b: Steelix\n|-damage|p1b: Steelix|52/100\n|-unboost|p2b: Venusaur|spa|2\n|-formechange|p2a: Aegislash|Aegislash-Blade|\n|move|p2a: Aegislash|Iron Head|p1a: Crabominable\n|-supereffective|p1a: Crabominable|1\n|-damage|p1a: Crabominable|0 fnt\n|faint|p1a: Crabominable\n|move|p1b: Steelix|Heavy Slam|p2b: Venusaur\n|-damage|p2b: Venusaur|21/100\n|\n|-weather|none\n|-heal|p2b: Venusaur|27/100|[from] item: Leftovers\n|upkeep\n|turn|6\n|\n|t:|1788316644\n|move|p2b: Venusaur|Leaf Storm|p1b: Steelix|[miss]\n|-miss|p2b: Venusaur|p1b: Steelix\n|move|p2a: Aegislash|Poltergeist|p1b: Steelix\n|-activate|p1b: Steelix|move: Poltergeist|Steelixite\n|-damage|p1b: Steelix|12/100\n|move|p1b: Steelix|Earthquake|p2a: Aegislash|[spread] p2a,p2b\n|-supereffective|p2a: Aegislash|1\n|-damage|p2a: Aegislash|0 fnt\n|-damage|p2b: Venusaur|0 fnt\n|faint|p2a: Aegislash\n|faint|p2b: Venusaur\n|\n|win|Lucia_Tortuga\n|c|☆Hashem753|LMAO the miss\n|c|☆Hashem753|ggs\n|c|☆Lucia_Tortuga|holy goat steelix\n","uploadtime":1788316663,"views":"3","formatid":"gen9championsvgc2026regmbbo3","rating":null,"private":0,"password":null}