{"id":"gen9championsvgc2026regmb-2674793020","format":"[Gen 9 Champions] VGC 2026 Reg M-B","players":["Its Caerus","jackpaulsartre33"],"log":"|j|☆Its Caerus\n|j|☆jackpaulsartre33\n|t:|1788407854\n|gametype|doubles\n|player|p1|Its Caerus|steven|1496\n|player|p2|jackpaulsartre33|266|1409\n|gen|9\n|tier|[Gen 9 Champions] VGC 2026 Reg M-B\n|rated|\n|rule|Species Clause: Limit one of each Pokémon\n|rule|Item Clause: Limit 1 of each item\n|clearpoke\n|poke|p1|Gengar, L50, F, shiny|\n|poke|p1|Incineroar, L50, M|\n|poke|p1|Politoed, L50, M, shiny|\n|poke|p1|Sableye, L50, M|\n|poke|p1|Vivillon-Elegant, L50, F|\n|poke|p1|Kingambit, L50, M, shiny|\n|poke|p2|Lycanroc-Dusk, L50, M|\n|poke|p2|Basculegion, L50, M|\n|poke|p2|Froslass, L50, F, shiny|\n|poke|p2|Scovillain, L50, M, shiny|\n|poke|p2|Kingambit, L50, F|\n|poke|p2|Sneasler, L50, F|\n|teampreview|4\n|inactive|Battle timer is ON: inactive players will automatically lose when time's up. (requested by Its Caerus)\nIts Caerus rejected open team sheets.\n|\n|t:|1788407882\n|teamsize|p1|4\n|teamsize|p2|4\n|start\n|switch|p1a: Gojo|Sableye, L50, M|100/100\n|switch|p1b: Albinox|Gengar, L50, F, shiny|100/100\n|switch|p2a: Froslass|Froslass, L50, F, shiny|100/100\n|switch|p2b: Basculegion|Basculegion, L50, M|100/100\n|turn|1\n|inactive|jackpaulsartre33 has 30 seconds left.\n|\n|t:|1788407912\n|detailschange|p2a: Froslass|Froslass-Mega, L50, F, shiny\n|-mega|p2a: Froslass|Froslass|Froslassite\n|-weather|Snowscape|[from] ability: Snow Warning|[of] p2a: Froslass\n|detailschange|p1b: Albinox|Gengar-Mega, L50, F, shiny\n|-mega|p1b: Albinox|Gengar|Gengarite\n|move|p1a: Gojo|Protect|p1a: Gojo\n|-singleturn|p1a: Gojo|Protect\n|move|p1b: Albinox|Protect|p1b: Albinox\n|-singleturn|p1b: Albinox|Protect\n|move|p2a: Froslass|Aurora Veil|p2a: Froslass\n|-sidestart|p2: jackpaulsartre33|move: Aurora Veil\n|move|p2b: Basculegion|Last Respects|p1b: Albinox\n|-activate|p1b: Albinox|move: Protect\n|\n|-weather|Snowscape|[upkeep]\n|upkeep\n|turn|2\n|inactive|jackpaulsartre33 has 30 seconds left.\n|inactive|jackpaulsartre33 has 20 seconds left.\n|inactive|jackpaulsartre33 has 15 seconds left.\n|\n|t:|1788407952\n|move|p1a: Gojo|Encore|p2a: Froslass\n|-start|p2a: Froslass|Encore\n|move|p2a: Froslass|Aurora Veil||[still]\n|-fail|p2a: Froslass\n|move|p1b: Albinox|Shadow Ball|p2b: Basculegion\n|-supereffective|p2b: Basculegion|1\n|-damage|p2b: Basculegion|42/100\n|-enditem|p2b: Basculegion|Sitrus Berry|[eat]\n|-heal|p2b: Basculegion|67/100|[from] item: Sitrus Berry\n|move|p2b: Basculegion|Wave Crash|p1b: Albinox\n|-damage|p1b: Albinox|29/100\n|-damage|p2b: Basculegion|48/100|[from] Recoil\n|\n|-weather|Snowscape|[upkeep]\n|upkeep\n|turn|3\n|inactive|Its Caerus has 30 seconds left.\n|inactive|jackpaulsartre33 has 30 seconds left.\n|inactive|jackpaulsartre33 has 20 seconds left.\n|\n|t:|1788407991\n|switch|p2a: Lycanroc|Lycanroc-Dusk, L50, M|100/100\n|switch|p1a: Carlquest|Incineroar, L50, M|100/100\n|-ability|p1a: Carlquest|Intimidate|boost\n|-unboost|p2a: Lycanroc|atk|1\n|-unboost|p2b: Basculegion|atk|1\n|move|p2b: Basculegion|Aqua Jet|p1b: Albinox\n|-damage|p1b: Albinox|11/100\n|move|p1b: Albinox|Shadow Ball|p2b: Basculegion\n|-supereffective|p2b: Basculegion|1\n|-crit|p2b: Basculegion\n|-damage|p2b: Basculegion|0 fnt\n|faint|p2b: Basculegion\n|\n|-weather|Snowscape|[upkeep]\n|upkeep\n|\n|t:|1788408003\n|switch|p2b: Froslass|Froslass-Mega, L50, F, shiny|100/100\n|turn|4\n|\n|t:|1788408028\n|switch|p1b: Cotton Candy|Politoed, L50, M, shiny|100/100\n|-weather|RainDance|[from] ability: Drizzle|[of] p1b: Cotton Candy\n|move|p1a: Carlquest|Fake Out|p2a: Lycanroc\n|-resisted|p2a: Lycanroc|1\n|-damage|p2a: Lycanroc|94/100\n|move|p2b: Froslass|Blizzard|p1b: Cotton Candy|[spread] p1a,p1b\n|-resisted|p1a: Carlquest|1\n|-resisted|p1b: Cotton Candy|1\n|-damage|p1a: Carlquest|85/100\n|-damage|p1b: Cotton Candy|81/100\n|cant|p2a: Lycanroc|flinch\n|\n|-weather|RainDance|[upkeep]\n|-heal|p1b: Cotton Candy|87/100|[from] item: Leftovers\n|upkeep\n|turn|5\n|\n|t:|1788408051\n|switch|p2b: Sneasler|Sneasler, L50, F|100/100\n|move|p2a: Lycanroc|Close Combat|p1a: Carlquest\n|-supereffective|p1a: Carlquest|1\n|-damage|p1a: Carlquest|19/100\n|-unboost|p2a: Lycanroc|def|1\n|-unboost|p2a: Lycanroc|spd|1\n|-enditem|p1a: Carlquest|Sitrus Berry|[eat]\n|-heal|p1a: Carlquest|44/100|[from] item: Sitrus Berry\n|move|p1b: Cotton Candy|Perish Song|p1b: Cotton Candy\n|-start|p1a: Carlquest|perish3|[silent]\n|-start|p1b: Cotton Candy|perish3|[silent]\n|-start|p2a: Lycanroc|perish3|[silent]\n|-start|p2b: Sneasler|perish3|[silent]\n|-fieldactivate|move: Perish Song\n|move|p1a: Carlquest|Parting Shot|p2a: Lycanroc\n|-unboost|p2a: Lycanroc|atk|1\n|-unboost|p2a: Lycanroc|spa|1\n|\n|t:|1788408063\n|switch|p1a: Albinox|Gengar-Mega, L50, F, shiny|11/100|[from] Parting Shot\n|\n|-weather|RainDance|[upkeep]\n|-heal|p1b: Cotton Candy|93/100|[from] item: Leftovers\n|-start|p2b: Sneasler|perish3\n|-start|p2a: Lycanroc|perish3\n|-start|p1b: Cotton Candy|perish3\n|-sideend|p2: jackpaulsartre33|move: Aurora Veil\n|upkeep\n|turn|6\n|inactive|jackpaulsartre33 has 30 seconds left.\n|inactive|jackpaulsartre33 has 20 seconds left.\n|inactive|jackpaulsartre33 has 15 seconds left.\n|\n|t:|1788408104\n|switch|p1b: Gojo|Sableye, L50, M|100/100\n|move|p1a: Albinox|Protect|p1a: Albinox\n|-singleturn|p1a: Albinox|Protect\n|move|p2b: Sneasler|Gunk Shot|p1b: Gojo\n|-resisted|p1b: Gojo|1\n|-damage|p1b: Gojo|69/100\n|-status|p1b: Gojo|psn\n|move|p2a: Lycanroc|Rock Slide|p1a: Albinox|[spread] p1b\n|-activate|p1a: Albinox|move: Protect\n|-damage|p1b: Gojo|50/100g psn\n|\n|-weather|RainDance|[upkeep]\n|-damage|p1b: Gojo|38/100 psn|[from] psn\n|-start|p2b: Sneasler|perish2\n|-start|p2a: Lycanroc|perish2\n|upkeep\n|turn|7\n|inactive|Its Caerus has 30 seconds left.\n|\n|t:|1788408135\n|move|p1b: Gojo|Fake Out|p2b: Sneasler\n|-damage|p2b: Sneasler|91/100\n|cant|p2b: Sneasler|flinch\n|move|p2a: Lycanroc|Rock Slide|p1a: Albinox|[spread] p1a,p1b\n|-damage|p1a: Albinox|0 fnt\n|-damage|p1b: Gojo|21/100 psn\n|faint|p1a: Albinox\n|\n|-weather|RainDance|[upkeep]\n|-damage|p1b: Gojo|8/100 psn|[from] psn\n|-start|p2b: Sneasler|perish1\n|-start|p2a: Lycanroc|perish1\n|upkeep\n|\n|t:|1788408142\n|switch|p1a: Carlquest|Incineroar, L50, M|44/100\n|-ability|p1a: Carlquest|Intimidate|boost\n|-unboost|p2a: Lycanroc|atk|1\n|-unboost|p2b: Sneasler|atk|1\n|-enditem|p2b: Sneasler|White Herb\n|-clearnegativeboost|p2b: Sneasler|[silent]\n|turn|8\n|inactive|jackpaulsartre33 has 30 seconds left.\n|inactive|jackpaulsartre33 has 20 seconds left.\n|inactive|jackpaulsartre33 has 15 seconds left.\n|\n|t:|1788408185\n|switch|p2b: Froslass|Froslass-Mega, L50, F, shiny|100/100\n|-weather|Snowscape|[from] ability: Snow Warning|[of] p2b: Froslass\n|switch|p1b: Cotton Candy|Politoed, L50, M, shiny|93/100\n|-weather|RainDance|[from] ability: Drizzle|[of] p1b: Cotton Candy\n|move|p2a: Lycanroc|Close Combat|p1a: Carlquest\n|-supereffective|p1a: Carlquest|1\n|-damage|p1a: Carlquest|8/100\n|-unboost|p2a: Lycanroc|def|1\n|-unboost|p2a: Lycanroc|spd|1\n|move|p1a: Carlquest|Throat Chop|p2a: Lycanroc\n|-damage|p2a: Lycanroc|0 fnt\n|faint|p2a: Lycanroc\n|\n|-weather|RainDance|[upkeep]\n|-heal|p1b: Cotton Candy|100/100|[from] item: Leftovers\n|upkeep\n|\n|t:|1788408195\n|switch|p2a: Sneasler|Sneasler, L50, F|91/100\n|turn|9\n|inactive|jackpaulsartre33 has 30 seconds left.\n|\n|t:|1788408223\n|move|p1b: Cotton Candy|Protect|p1b: Cotton Candy\n|-singleturn|p1b: Cotton Candy|Protect\n|move|p1a: Carlquest|Protect|p1a: Carlquest\n|-singleturn|p1a: Carlquest|Protect\n|move|p2b: Froslass|Shadow Ball|p1b: Cotton Candy\n|-activate|p1b: Cotton Candy|move: Protect\n|move|p2a: Sneasler|Gunk Shot|p1b: Cotton Candy\n|-activate|p1b: Cotton Candy|move: Protect\n|\n|-weather|RainDance|[upkeep]\n|upkeep\n|turn|10\n|\n|t:|1788408239\n|move|p2b: Froslass|Shadow Ball|p1b: Cotton Candy\n|-damage|p1b: Cotton Candy|69/100\n|move|p2a: Sneasler|Gunk Shot|p1b: Cotton Candy\n|-damage|p1b: Cotton Candy|30/100\n|move|p1b: Cotton Candy|Perish Song|p1b: Cotton Candy\n|-start|p1a: Carlquest|perish3|[silent]\n|-start|p1b: Cotton Candy|perish3|[silent]\n|-start|p2a: Sneasler|perish3|[silent]\n|-start|p2b: Froslass|perish3|[silent]\n|-fieldactivate|move: Perish Song\n|move|p1a: Carlquest|Throat Chop|p2b: Froslass\n|-supereffective|p2b: Froslass|1\n|-damage|p2b: Froslass|11/100\n|-start|p2b: Froslass|Throat Chop|[silent]\n|\n|-weather|RainDance|[upkeep]\n|-heal|p1b: Cotton Candy|36/100|[from] item: Leftovers\n|-start|p2b: Froslass|perish3\n|-start|p2a: Sneasler|perish3\n|-start|p1b: Cotton Candy|perish3\n|-start|p1a: Carlquest|perish3\n|upkeep\n|turn|11\n|\n|t:|1788408251\n|move|p1b: Cotton Candy|Protect|p1b: Cotton Candy\n|-singleturn|p1b: Cotton Candy|Protect\n|move|p1a: Carlquest|Protect|p1a: Carlquest\n|-singleturn|p1a: Carlquest|Protect\n|move|p2b: Froslass|Shadow Ball|p1b: Cotton Candy\n|-activate|p1b: Cotton Candy|move: Protect\n|move|p2a: Sneasler|Close Combat|p1a: Carlquest\n|-activate|p1a: Carlquest|move: Protect\n|\n|-weather|RainDance|[upkeep]\n|-heal|p1b: Cotton Candy|42/100|[from] item: Leftovers\n|-end|p2b: Froslass|Throat Chop|[silent]\n|-start|p2b: Froslass|perish2\n|-start|p2a: Sneasler|perish2\n|-start|p1b: Cotton Candy|perish2\n|-start|p1a: Carlquest|perish2\n|upkeep\n|turn|12\n|\n|t:|1788408265\n|move|p2b: Froslass|Shadow Ball|p1b: Cotton Candy\n|-damage|p1b: Cotton Candy|10/100\n|move|p2a: Sneasler|Close Combat|p1a: Carlquest\n|-supereffective|p1a: Carlquest|1\n|-damage|p1a: Carlquest|0 fnt\n|-unboost|p2a: Sneasler|def|1\n|-unboost|p2a: Sneasler|spd|1\n|faint|p1a: Carlquest\n|move|p1b: Cotton Candy|Weather Ball|p2a: Sneasler\n|-damage|p2a: Sneasler|0 fnt\n|faint|p2a: Sneasler\n|\n|-weather|none\n|-heal|p1b: Cotton Candy|16/100|[from] item: Leftovers\n|-start|p2b: Froslass|perish1\n|-start|p1b: Cotton Candy|perish1\n|upkeep\n|\n|t:|1788408268\n|switch|p1a: Gojo|Sableye, L50, M|8/100 psn\n|turn|13\n|\n|t:|1788408271\n|move|p1a: Gojo|Protect|p1a: Gojo\n|-singleturn|p1a: Gojo|Protect\n|move|p1b: Cotton Candy|Protect|p1b: Cotton Candy\n|-singleturn|p1b: Cotton Candy|Protect\n|move|p2b: Froslass|Blizzard|p1b: Cotton Candy|[spread] \n|-activate|p1a: Gojo|move: Protect\n|-activate|p1b: Cotton Candy|move: Protect\n|\n|-heal|p1b: Cotton Candy|22/100|[from] item: Leftovers\n|-damage|p1a: Gojo|0 fnt|[from] psn\n|faint|p1a: Gojo\n|-start|p2b: Froslass|perish0\n|-start|p1b: Cotton Candy|perish0\n|faint|p2b: Froslass\n|faint|p1b: Cotton Candy\n|\n|win|Its Caerus\n|raw|Its Caerus's rating: 1496 &rarr; <strong>1511</strong><br />(+15 for winning)\n|raw|jackpaulsartre33's rating: 1409 &rarr; <strong>1394</strong><br />(-15 for losing)\n","uploadtime":1788408278,"views":"38","formatid":"gen9championsvgc2026regmb","rating":1394,"private":0,"password":null}