{"id":"gen9championsvgc2026regmb-2674415338","format":"[Gen 9 Champions] VGC 2026 Reg M-B","players":["PokemonRangerJon","Dawna Mabel"],"log":"|j|☆PokemonRangerJon\n|j|☆Dawna Mabel\n|t:|1788357026\n|gametype|doubles\n|player|p1|PokemonRangerJon|pokemonranger-gen4|1137\n|player|p2|Dawna Mabel|madame|1132\n|gen|9\n|tier|[Gen 9 Champions] VGC 2026 Reg M-B\n|rated|\n|rule|Species Clause: Limit one of each Pokémon\n|rule|Item Clause: Limit 1 of each item\n|clearpoke\n|poke|p1|Lycanroc-Dusk, L50, F|\n|poke|p1|Milotic, L50, M|\n|poke|p1|Froslass, L50, F|\n|poke|p1|Kingambit, L50, F|\n|poke|p1|Excadrill, L50, F|\n|poke|p1|Gholdengo, L50|\n|poke|p2|Drampa, L50, F|\n|poke|p2|Sinistcha-Masterpiece, L50|\n|poke|p2|Meganium, L50, M|\n|poke|p2|Politoed, L50, F|\n|poke|p2|Wyrdeer, L50, F|\n|poke|p2|Arcanine-Hisui, L50, F|\n|teampreview|4\n|inactive|Battle timer is ON: inactive players will automatically lose when time's up. (requested by PokemonRangerJon)\nPokemonRangerJon rejected open team sheets.\n|\n|t:|1788357051\n|teamsize|p1|4\n|teamsize|p2|4\n|start\n|switch|p1a: Excadrill|Excadrill, L50, F|100/100\n|switch|p1b: Milotic|Milotic, L50, M|100/100\n|switch|p2a: Drampa|Drampa, L50, F|100/100\n|switch|p2b: Politoed|Politoed, L50, F|100/100\n|-ability|p1a: Excadrill|Mold Breaker\n|-weather|RainDance|[from] ability: Drizzle|[of] p2b: Politoed\n|-ability|p2a: Drampa|Cloud Nine\n|turn|1\n|\n|t:|1788357062\n|detailschange|p2a: Drampa|Drampa-Mega, L50, F\n|-mega|p2a: Drampa|Drampa|Drampanite\n|move|p1a: Excadrill|Rock Slide|p2b: Politoed|[spread] p2a,p2b\n|-crit|p2b: Politoed\n|-damage|p2a: Drampa|83/100\n|-damage|p2b: Politoed|63/100\n|move|p1b: Milotic|Ice Beam|p2a: Drampa\n|-supereffective|p2a: Drampa|1\n|-damage|p2a: Drampa|32/100\n|-ability|p2a: Drampa|Berserk|boost\n|-boost|p2a: Drampa|spa|1\n|move|p2b: Politoed|Earth Power|p1a: Excadrill\n|-supereffective|p1a: Excadrill|1\n|-damage|p1a: Excadrill|50/100g\n|move|p2a: Drampa|Calm Mind|p2a: Drampa\n|-boost|p2a: Drampa|spa|1\n|-boost|p2a: Drampa|spd|1\n|\n|-weather|RainDance|[upkeep]\n|upkeep\n|turn|2\n|\n|t:|1788357081\n|switch|p2b: Sinistcha|Sinistcha-Masterpiece, L50|100/100\n|-heal|p2a: Drampa|57/100|[from] ability: Hospitality|[of] p2b: Sinistcha\n|move|p2a: Drampa|Protect|p2a: Drampa\n|-singleturn|p2a: Drampa|Protect\n|move|p1a: Excadrill|Rock Slide|p2b: Sinistcha|[spread] p2b\n|-activate|p2a: Drampa|move: Protect\n|-damage|p2b: Sinistcha|84/100\n|move|p1b: Milotic|Ice Beam|p2a: Drampa\n|-activate|p2a: Drampa|move: Protect\n|\n|-weather|RainDance|[upkeep]\n|upkeep\n|turn|3\n|\n|t:|1788357097\n|move|p1a: Excadrill|High Horsepower|p2a: Drampa\n|-damage|p2a: Drampa|8/100\n|-ability|p2a: Drampa|Berserk|boost\n|-boost|p2a: Drampa|spa|1\n|move|p1b: Milotic|Recover||[still]\n|-fail|p1b: Milotic|heal\n|move|p2b: Sinistcha|Matcha Gotcha|p1b: Milotic|[spread] p1a,p1b\n|-supereffective|p1b: Milotic|1\n|-damage|p1a: Excadrill|19/100\n|-heal|p2b: Sinistcha|100/100|[from] drain|[of] p1a: Excadrill\n|-damage|p1b: Milotic|60/100\n|move|p2a: Drampa|Hyper Voice|p1b: Milotic|[spread] p1a,p1b\n|-resisted|p1a: Excadrill|1\n|-damage|p1a: Excadrill|0 fnt\n|-damage|p1b: Milotic|0 fnt\n|faint|p1a: Excadrill\n|faint|p1b: Milotic\n|\n|-weather|RainDance|[upkeep]\n|upkeep\n|\n|t:|1788357097\n|switch|p1a: Lycanroc|Lycanroc-Dusk, L50, F|100/100\n|switch|p1b: Froslass|Froslass, L50, F|100/100\n|turn|4\n|inactive|Dawna Mabel has 30 seconds left.\n|\n|t:|1788357129\n|detailschange|p1b: Froslass|Froslass-Mega, L50, F\n|-mega|p1b: Froslass|Froslass|Froslassite\n|-weather|Snowscape|[from] ability: Snow Warning|[of] p1b: Froslass\n|move|p2a: Drampa|Protect|p2a: Drampa\n|-singleturn|p2a: Drampa|Protect\n|move|p1b: Froslass|Blizzard|p2b: Sinistcha|[spread] p2b\n|-activate|p2a: Drampa|move: Protect\n|-supereffective|p2b: Sinistcha|1\n|-damage|p2b: Sinistcha|0 fnt\n|faint|p2b: Sinistcha\n|move|p1a: Lycanroc|Close Combat|p2a: Drampa\n|-activate|p2a: Drampa|move: Protect\n|\n|-weather|Snowscape|[upkeep]\n|upkeep\n|\n|t:|1788357143\n|switch|p2b: Wyrdeer|Wyrdeer, L50, F|100/100\n|-ability|p2b: Wyrdeer|Intimidate|boost\n|-unboost|p1a: Lycanroc|atk|1\n|-unboost|p1b: Froslass|atk|1\n|turn|5\n|inactive|PokemonRangerJon has 30 seconds left.\n|inactive|PokemonRangerJon has 20 seconds left.\n|\n|t:|1788357179\n|move|p1b: Froslass|Blizzard|p2a: Drampa|[spread] p2a,p2b\n|-supereffective|p2a: Drampa|1\n|-damage|p2a: Drampa|0 fnt\n|-damage|p2b: Wyrdeer|68/100\n|faint|p2a: Drampa\n|move|p1a: Lycanroc|Close Combat|p2b: Wyrdeer\n|-damage|p2b: Wyrdeer|20/100r\n|-unboost|p1a: Lycanroc|def|1\n|-unboost|p1a: Lycanroc|spd|1\n|-damage|p1a: Lycanroc|90/100|[from] item: Life Orb\n|move|p2b: Wyrdeer|Trick Room|p2b: Wyrdeer\n|-fieldstart|move: Trick Room|[of] p2b: Wyrdeer\n|\n|-weather|Snowscape|[upkeep]\n|-heal|p2b: Wyrdeer|26/100|[from] item: Leftovers\n|upkeep\n|\n|t:|1788357191\n|switch|p2a: Politoed|Politoed, L50, F|63/100\n|-weather|RainDance|[from] ability: Drizzle|[of] p2a: Politoed\n|turn|6\n|\n|t:|1788357198\n|move|p2b: Wyrdeer|Psyshield Bash|p1b: Froslass\n|-damage|p1b: Froslass|51/100\n|-boost|p2b: Wyrdeer|def|1\n|move|p2a: Politoed|Weather Ball|p1a: Lycanroc\n|-supereffective|p1a: Lycanroc|1\n|-crit|p1a: Lycanroc\n|-damage|p1a: Lycanroc|0 fnt\n|faint|p1a: Lycanroc\n|move|p1b: Froslass|Blizzard|p2b: Wyrdeer|[spread] p2a,p2b\n|-resisted|p2a: Politoed|1\n|-damage|p2a: Politoed|47/100\n|-damage|p2b: Wyrdeer|0 fnt\n|faint|p2b: Wyrdeer\n|\n|-weather|RainDance|[upkeep]\n|upkeep\n|turn|7\n|\n|t:|1788357209\n|move|p2a: Politoed|Weather Ball|p1b: Froslass\n|-damage|p1b: Froslass|0 fnt\n|faint|p1b: Froslass\n|\n|win|Dawna Mabel\n|raw|PokemonRangerJon's rating: 1137 &rarr; <strong>1112</strong><br />(-25 for losing)\n|raw|Dawna Mabel's rating: 1132 &rarr; <strong>1157</strong><br />(+25 for winning)\n|l|☆Dawna Mabel\n|player|p2|\n|j|☆Dawna Mabel\n|player|p2|Dawna Mabel|madame|\n","uploadtime":1788357562,"views":"9","formatid":"gen9championsvgc2026regmb","rating":1112,"private":0,"password":null}