{"id":"gen9championsvgc2026regmbbo3-2674494001","format":"[Gen 9 Champions] VGC 2026 Reg M-B (Bo3)","players":["testsubject8888","CapellaEL"],"log":"|j|☆testsubject8888\n|j|☆CapellaEL\n|html|<table width=\"100%\"><tr><td align=\"left\">testsubject8888</td><td align=\"right\">CapellaEL</tr><tr><td align=\"left\"><i class=\"fa fa-circle\"></i> <i class=\"fa fa-circle-o\"></i> </td><td align=\"right\"><i class=\"fa fa-circle-o\"></i> <i class=\"fa fa-circle-o\"></i> </tr></table>\n|uhtml|bestof|<h2><strong>Game 2</strong> of <a href=\"/game-bestof3-gen9championsvgc2026regmbbo3-2674492524\">a best-of-3</a></h2>\n|t:|1788366383\n|gametype|doubles\n|player|p1|testsubject8888|2|\n|player|p2|CapellaEL|caitlin|\n|gen|9\n|tier|[Gen 9 Champions] VGC 2026 Reg M-B (Bo3)\n|rule|Species Clause: Limit one of each Pokémon\n|rule|Item Clause: Limit 1 of each item\n|clearpoke\n|poke|p1|Staraptor, L50, F|\n|poke|p1|Vanilluxe, L50, M|\n|poke|p1|Farigiraf, L50, M|\n|poke|p1|Blastoise, L50, M|\n|poke|p1|Kingambit, L50, F|\n|poke|p1|Camerupt, L50, F|\n|poke|p2|Ninetales-Alola, L50, F|\n|poke|p2|Incineroar, L50, F|\n|poke|p2|Dragonite, L50, M|\n|poke|p2|Sneasler, L50, F|\n|poke|p2|Gengar, L50, F|\n|poke|p2|Swampert, L50, M|\n|teampreview|4\n|showteam|p1|Staraptor||ChoiceScarf|Intimidate|FinalGambit,BraveBird,CloseCombat,Uturn|Jolly||F|||50|]Vanilluxe||NeverMeltIce|SnowWarning|Blizzard,FreezeDry,Protect,IceShard|Quiet||M|||50|]Farigiraf||ColburBerry|ArmorTail|PsychicFangs,HyperVoice,HelpingHand,TrickRoom|Relaxed||M|||50|]Blastoise||Blastoisinite|RainDish|FakeOut,WaterSpout,AuraSphere,DarkPulse|Quiet||M|||50|]Kingambit||LifeOrb|Defiant|KowtowCleave,IronHead,Protect,SuckerPunch|Brave||F|||50|]Camerupt||Cameruptite|SolidRock|HeatWave,EarthPower,Protect,AncientPower|Quiet||F|||50|\n|showteam|p2|Ninetales-Alola||ChoiceScarf|SnowWarning|Blizzard,FreezeDry,IcyWind,Encore|Modest||F|||50|]Incineroar||SitrusBerry|Intimidate|FlareBlitz,ThroatChop,FakeOut,PartingShot|Impish||F|||50|]Dragonite||LifeOrb|InnerFocus|DragonClaw,Superpower,ExtremeSpeed,Protect|Adamant||M|||50|]Sneasler||FocusSash|Unburden|CloseCombat,DireClaw,RockSlide,Protect|Brave||F|||50|]Gengar||Gengarite|CursedBody|SludgeBomb,ShadowBall,Substitute,Protect|Modest||F|||50|]Swampert||Leftovers|Torrent|FlipTurn,Yawn,HighHorsepower,Protect|Brave||M|||50|\n|inactive|Battle timer is ON: inactive players will automatically lose when time's up. (requested by testsubject8888)\n|\n|t:|1788366415\n|teamsize|p1|4\n|teamsize|p2|4\n|start\n|switch|p1a: Farigiraf|Farigiraf, L50, M|100/100\n|switch|p1b: Camerupt|Camerupt, L50, F|100/100\n|switch|p2a: Gengar|Gengar, L50, F|100/100\n|switch|p2b: Incineroar|Incineroar, L50, F|100/100\n|-ability|p2b: Incineroar|Intimidate|boost\n|-unboost|p1a: Farigiraf|atk|1\n|-unboost|p1b: Camerupt|atk|1\n|turn|1\n|\n|t:|1788366431\n|detailschange|p2a: Gengar|Gengar-Mega, L50, F\n|-mega|p2a: Gengar|Gengar|Gengarite\n|detailschange|p1b: Camerupt|Camerupt-Mega, L50, F\n|-mega|p1b: Camerupt|Camerupt|Cameruptite\n|move|p2a: Gengar|Substitute|p2a: Gengar\n|-start|p2a: Gengar|Substitute\n|-damage|p2a: Gengar|75/100\n|move|p2b: Incineroar|Throat Chop|p1a: Farigiraf\n|-supereffective|p1a: Farigiraf|1\n|-enditem|p1a: Farigiraf|Colbur Berry|[eat]\n|-enditem|p1a: Farigiraf|Colbur Berry|[weaken]\n|-damage|p1a: Farigiraf|73/100\n|-start|p1a: Farigiraf|Throat Chop|[silent]\n|move|p1b: Camerupt|Earth Power|p2a: Gengar\n|-supereffective|p2a: Gengar|1\n|-end|p2a: Gengar|Substitute\n|move|p1a: Farigiraf|Trick Room|p1a: Farigiraf\n|-fieldstart|move: Trick Room|[of] p1a: Farigiraf\n|\n|upkeep\n|turn|2\n|inactive|CapellaEL has 30 seconds left.\n|\n|t:|1788366466\n|move|p2a: Gengar|Protect|p2a: Gengar\n|-singleturn|p2a: Gengar|Protect\n|move|p1b: Camerupt|Earth Power|p2b: Incineroar\n|-supereffective|p2b: Incineroar|1\n|-damage|p2b: Incineroar|0 fnt\n|faint|p2b: Incineroar\n|move|p1a: Farigiraf|Psychic Fangs|p2a: Gengar\n|-activate|p2a: Gengar|move: Protect\n|\n|-end|p1a: Farigiraf|Throat Chop|[silent]\n|upkeep\n|\n|t:|1788366476\n|switch|p2b: Ninetales|Ninetales-Alola, L50, F|100/100\n|-weather|Snowscape|[from] ability: Snow Warning|[of] p2b: Ninetales\n|turn|3\n|\n|t:|1788366486\n|move|p1a: Farigiraf|Helping Hand|p1b: Camerupt\n|-singleturn|p1b: Camerupt|Helping Hand|[of] p1a: Farigiraf\n|move|p2a: Gengar|Protect|p2a: Gengar\n|-singleturn|p2a: Gengar|Protect\n|move|p1b: Camerupt|Heat Wave|p2b: Ninetales|[spread] \n|-activate|p2a: Gengar|move: Protect\n|-miss|p1b: Camerupt|p2b: Ninetales\n|move|p2b: Ninetales|Blizzard|p1a: Farigiraf|[spread] p1a,p1b\n|-damage|p1a: Farigiraf|44/100\n|-damage|p1b: Camerupt|69/100\n|-status|p1a: Farigiraf|frz\n|-status|p1b: Camerupt|frz\n|\n|-weather|Snowscape|[upkeep]\n|upkeep\n|turn|4\n|inactive|testsubject8888 has 30 seconds left.\n|inactive|CapellaEL has 30 seconds left.\n|\n|t:|1788366517\n|switch|p2a: Dragonite|Dragonite, L50, M|100/100\n|-curestatus|p1b: Camerupt|frz|[msg]\n|move|p1b: Camerupt|Heat Wave|p2a: Dragonite|[spread] p2a,p2b\n|-resisted|p2a: Dragonite|1\n|-supereffective|p2b: Ninetales|1\n|-damage|p2a: Dragonite|72/100\n|-damage|p2b: Ninetales|0 fnt\n|faint|p2b: Ninetales\n|cant|p1a: Farigiraf|frz\n|\n|-weather|Snowscape|[upkeep]\n|upkeep\n|\n|t:|1788366526\n|switch|p2b: Gengar|Gengar-Mega, L50, F|75/100\n|turn|5\n|\n|t:|1788366551\n|move|p2b: Gengar|Protect|p2b: Gengar\n|-singleturn|p2b: Gengar|Protect\n|move|p1b: Camerupt|Heat Wave|p2b: Gengar|[spread] p2a\n|-activate|p2b: Gengar|move: Protect\n|-resisted|p2a: Dragonite|1\n|-damage|p2a: Dragonite|46/100\n|cant|p1a: Farigiraf|frz\n|move|p2a: Dragonite|Superpower|p1b: Camerupt\n|-damage|p1b: Camerupt|12/100\n|-unboost|p2a: Dragonite|atk|1\n|-unboost|p2a: Dragonite|def|1\n|-damage|p2a: Dragonite|36/100|[from] item: Life Orb\n|\n|-weather|Snowscape|[upkeep]\n|-fieldend|move: Trick Room\n|upkeep\n|turn|6\n|inactive|CapellaEL has 30 seconds left.\n|\n|t:|1788366578\n|move|p2b: Gengar|Shadow Ball|p1b: Camerupt\n|-crit|p1b: Camerupt\n|-damage|p1b: Camerupt|0 fnt\n|faint|p1b: Camerupt\n|move|p2a: Dragonite|Dragon Claw|p1a: Farigiraf\n|-damage|p1a: Farigiraf|9/100 frz\n|-damage|p2a: Dragonite|26/100|[from] item: Life Orb\n|-curestatus|p1a: Farigiraf|frz|[msg]\n|move|p1a: Farigiraf|Psychic Fangs|p2b: Gengar\n|-supereffective|p2b: Gengar|1\n|-damage|p2b: Gengar|23/100\n|\n|-weather|Snowscape|[upkeep]\n|upkeep\n|\n|t:|1788366585\n|switch|p1b: Vanilluxe|Vanilluxe, L50, M|100/100\n|turn|7\n|\n|t:|1788366595\n|move|p1b: Vanilluxe|Ice Shard|p2a: Dragonite\n|-supereffective|p2a: Dragonite|2\n|-damage|p2a: Dragonite|0 fnt\n|faint|p2a: Dragonite\n|move|p2b: Gengar|Sludge Bomb|p1a: Farigiraf\n|-damage|p1a: Farigiraf|0 fnt\n|faint|p1a: Farigiraf\n|\n|-weather|none\n|upkeep\n|\n|t:|1788366600\n|switch|p1a: Staraptor|Staraptor, L50, F|100/100\n|-ability|p1a: Staraptor|Intimidate|boost\n|-unboost|p2b: Gengar|atk|1\n|turn|8\n|\n|t:|1788366607\n|move|p1b: Vanilluxe|Ice Shard|p2b: Gengar\n|-damage|p2b: Gengar|1/100\n|move|p1a: Staraptor|Brave Bird|p2b: Gengar\n|-damage|p2b: Gengar|0 fnt\n|faint|p2b: Gengar\n|-damage|p1a: Staraptor|99/100|[from] Recoil\n|\n|win|testsubject8888\n","uploadtime":1788366611,"views":"3","formatid":"gen9championsvgc2026regmbbo3","rating":null,"private":0,"password":null}