{"id":"gen9championsvgc2026regmbbo3-2673894493","format":"[Gen 9 Champions] VGC 2026 Reg M-B (Bo3)","players":["shadow193","Ralph-LM"],"log":"|j|☆shadow193\n|j|☆Ralph-LM\n|html|<table width=\"100%\"><tr><td align=\"left\">shadow193</td><td align=\"right\">Ralph-LM</tr><tr><td align=\"left\"><i class=\"fa fa-circle\"></i> <i class=\"fa fa-circle-o\"></i> </td><td align=\"right\"><i class=\"fa fa-circle-o\"></i> <i class=\"fa fa-circle-o\"></i> </tr></table>\n|uhtml|bestof|<h2><strong>Game 2</strong> of <a href=\"/game-bestof3-gen9championsvgc2026regmbbo3-2673891632\">a best-of-3</a></h2>\n|t:|1788274109\n|gametype|doubles\n|player|p1|shadow193|veteran|\n|player|p2|Ralph-LM|proton|\n|gen|9\n|tier|[Gen 9 Champions] VGC 2026 Reg M-B (Bo3)\n|rule|Species Clause: Limit one of each Pokémon\n|rule|Item Clause: Limit 1 of each item\n|clearpoke\n|poke|p1|Venusaur, L50, F|\n|poke|p1|Charizard, L50, F|\n|poke|p1|Aerodactyl, L50, M|\n|poke|p1|Primarina, L50, F|\n|poke|p1|Maushold, L50|\n|poke|p1|Gholdengo, L50|\n|poke|p2|Dragalge, L50, F|\n|poke|p2|Toxapex, L50, F|\n|poke|p2|Kingambit, L50, F, shiny|\n|poke|p2|Aurorus, L50, M, shiny|\n|poke|p2|Scrafty, L50, M|\n|poke|p2|Farigiraf, L50, F|\n|teampreview|4\n|showteam|p1|Venusaur||Venusaurite|Overgrow|EarthPower,EnergyBall,SludgeBomb,Protect|Modest||F|||50|]Charizard||CharizarditeX|Blaze|FlareBlitz,DragonClaw,Protect,ThunderPunch|Adamant||F|||50|]Aerodactyl||FocusSash|Pressure|Tailwind,RockSlide,Protect,DualWingbeat|Jolly||M|||50|]Primarina||LifeOrb|LiquidVoice|HyperVoice,Protect,IceBeam,Moonblast|Modest||F|||50|]Maushold||ChopleBerry|FriendGuard|FollowMe,SuperFang,HelpingHand,Protect|Jolly|||||50|]Gholdengo||ChoiceScarf|GoodasGold|MakeItRain,ShadowBall,PowerGem,FocusBlast|Timid|||||50|\n|showteam|p2|Dragalge||Dragalgite|Adaptability|Whirlpool,Toxic,SludgeBomb,Protect|Sassy||F|||50|]Toxapex||SitrusBerry|Regenerator|Toxic,Infestation,Recover,BanefulBunker|Sassy||F|||50|]Kingambit||ChopleBerry|Defiant|KowtowCleave,IronHead,LowKick,Protect|Brave||F|||50|]Aurorus||BabiriBerry|Refrigerate|HyperVoice,AncientPower,Psychic,Protect|Quiet||M|||50|]Scrafty||Scraftinite|Intimidate|FakeOut,KnockOff,CloseCombat,Detect|Brave||M|||50|]Farigiraf||ColburBerry|ArmorTail|TrickRoom,Psychic,HelpingHand,Protect|Relaxed||F|||50|\n|\n|t:|1788274156\n|teamsize|p1|4\n|teamsize|p2|4\n|start\n|switch|p1a: Primarina|Primarina, L50, F|100/100\n|switch|p1b: Gholdengo|Gholdengo, L50|100/100\n|switch|p2a: Farigiraf|Farigiraf, L50, F|100/100\n|switch|p2b: Toxapex|Toxapex, L50, F|100/100\n|turn|1\n|\n|t:|1788274173\n|move|p2a: Farigiraf|Protect|p2a: Farigiraf\n|-singleturn|p2a: Farigiraf|Protect\n|move|p1b: Gholdengo|Make It Rain|p2a: Farigiraf|[spread] p2b\n|-activate|p2a: Farigiraf|move: Protect\n|-resisted|p2b: Toxapex|1\n|-damage|p2b: Toxapex|82/100\n|-unboost|p1b: Gholdengo|spa|2\n|move|p1a: Primarina|Moonblast|p2a: Farigiraf\n|-activate|p2a: Farigiraf|move: Protect\n|move|p2b: Toxapex|Infestation|p1b: Gholdengo\n|-resisted|p1b: Gholdengo|2\n|-damage|p1b: Gholdengo|99/100\n|-activate|p1b: Gholdengo|move: Infestation|[of] p2b: Toxapex\n|\n|-damage|p1b: Gholdengo|86/100|[from] move: Infestation|[partiallytrapped]\n|upkeep\n|turn|2\n|\n|t:|1788274195\n|move|p1b: Gholdengo|Make It Rain|p2b: Toxapex|[spread] p2a,p2b\n|-resisted|p2b: Toxapex|1\n|-damage|p2a: Farigiraf|80/100\n|-damage|p2b: Toxapex|73/100\n|-unboost|p1b: Gholdengo|spa|2\n|move|p1a: Primarina|Hyper Voice|p2a: Farigiraf|[spread] p2a,p2b\n|-resisted|p2b: Toxapex|1\n|-damage|p2a: Farigiraf|43/100\n|-damage|p2b: Toxapex|56/100\n|-damage|p1a: Primarina|90/100|[from] item: Life Orb\n|move|p2b: Toxapex|Infestation|p1a: Primarina\n|-resisted|p1a: Primarina|1\n|-damage|p1a: Primarina|89/100\n|-activate|p1a: Primarina|move: Infestation|[of] p2b: Toxapex\n|move|p2a: Farigiraf|Trick Room|p2a: Farigiraf\n|-fieldstart|move: Trick Room|[of] p2a: Farigiraf\n|\n|-damage|p1a: Primarina|77/100|[from] move: Infestation|[partiallytrapped]\n|-damage|p1b: Gholdengo|74/100|[from] move: Infestation|[partiallytrapped]\n|upkeep\n|turn|3\n|\n|t:|1788274221\n|switch|p2a: Kingambit|Kingambit, L50, F, shiny|100/100\n|move|p2b: Toxapex|Recover|p2b: Toxapex\n|-heal|p2b: Toxapex|100/100\n|move|p1a: Primarina|Moonblast|p2a: Kingambit\n|-damage|p2a: Kingambit|32/100\n|-unboost|p2a: Kingambit|spa|1\n|-ability|p2a: Kingambit|Defiant|boost\n|-boost|p2a: Kingambit|atk|2\n|-damage|p1a: Primarina|67/100|[from] item: Life Orb\n|move|p1b: Gholdengo|Make It Rain|p2b: Toxapex|[spread] p2a,p2b\n|-resisted|p2a: Kingambit|1\n|-resisted|p2b: Toxapex|1\n|-damage|p2a: Kingambit|24/100\n|-damage|p2b: Toxapex|94/100\n|-unboost|p1b: Gholdengo|spa|2\n|\n|-damage|p1a: Primarina|55/100|[from] move: Infestation|[partiallytrapped]\n|-damage|p1b: Gholdengo|62/100|[from] move: Infestation|[partiallytrapped]\n|upkeep\n|turn|4\n|\n|t:|1788274244\n|move|p1a: Primarina|Protect|p1a: Primarina\n|-singleturn|p1a: Primarina|Protect\n|move|p2b: Toxapex|Toxic|p1a: Primarina\n|-activate|p1a: Primarina|move: Protect\n|move|p2a: Kingambit|Kowtow Cleave|p1b: Gholdengo\n|-supereffective|p1b: Gholdengo|1\n|-damage|p1b: Gholdengo|0 fnt\n|faint|p1b: Gholdengo\n|\n|-damage|p1a: Primarina|42/100|[from] move: Infestation|[partiallytrapped]\n|upkeep\n|\n|t:|1788274251\n|switch|p1b: Venusaur|Venusaur, L50, F|100/100\n|turn|5\n|\n|t:|1788274268\n|detailschange|p1b: Venusaur|Venusaur-Mega, L50, F\n|-mega|p1b: Venusaur|Venusaur|Venusaurite\n|move|p2b: Toxapex|Infestation|p1b: Venusaur\n|-damage|p1b: Venusaur|97/100\n|-activate|p1b: Venusaur|move: Infestation|[of] p2b: Toxapex\n|move|p2a: Kingambit|Kowtow Cleave|p1b: Venusaur\n|-damage|p1b: Venusaur|12/100\n|move|p1a: Primarina|Hyper Voice|p2b: Toxapex|[spread] p2a,p2b\n|-resisted|p2b: Toxapex|1\n|-damage|p2a: Kingambit|0 fnt\n|-damage|p2b: Toxapex|79/100\n|faint|p2a: Kingambit\n|-damage|p1a: Primarina|33/100|[from] item: Life Orb\n|move|p1b: Venusaur|Earth Power|p2b: Toxapex\n|-supereffective|p2b: Toxapex|1\n|-damage|p2b: Toxapex|31/100\n|-enditem|p2b: Toxapex|Sitrus Berry|[eat]\n|-heal|p2b: Toxapex|56/100|[from] item: Sitrus Berry\n|\n|-damage|p1a: Primarina|20/100y|[from] move: Infestation|[partiallytrapped]\n|-damage|p1b: Venusaur|0 fnt|[from] move: Infestation|[partiallytrapped]\n|faint|p1b: Venusaur\n|upkeep\n|\n|t:|1788274293\n|switch|p2a: Dragalge|Dragalge, L50, F|100/100\n|switch|p1b: Maushold|Maushold, L50|100/100\n|turn|6\n|\n|t:|1788274321\n|detailschange|p2a: Dragalge|Dragalge-Mega, L50, F\n|-mega|p2a: Dragalge|Dragalge|Dragalgite\n|move|p1a: Primarina|Protect|p1a: Primarina\n|-singleturn|p1a: Primarina|Protect\n|move|p2b: Toxapex|Recover|p2b: Toxapex\n|-heal|p2b: Toxapex|100/100\n|move|p2a: Dragalge|Whirlpool|p1b: Maushold\n|-damage|p1b: Maushold|87/100\n|-activate|p1b: Maushold|move: Whirlpool|[of] p2a: Dragalge\n|move|p1b: Maushold|Super Fang|p2a: Dragalge\n|-damage|p2a: Dragalge|50/100y\n|\n|-damage|p1a: Primarina|8/100|[from] move: Infestation|[partiallytrapped]\n|-damage|p1b: Maushold|75/100|[from] move: Whirlpool|[partiallytrapped]\n|-fieldend|move: Trick Room\n|upkeep\n|turn|7\n|\n|t:|1788274341\n|move|p2a: Dragalge|Protect|p2a: Dragalge\n|-singleturn|p2a: Dragalge|Protect\n|move|p1b: Maushold|Super Fang|p2b: Toxapex\n|-damage|p2b: Toxapex|50/100g\n|move|p1a: Primarina|Moonblast|p2a: Dragalge\n|-activate|p2a: Dragalge|move: Protect\n|move|p2b: Toxapex|Toxic|p1a: Primarina\n|-status|p1a: Primarina|tox\n|\n|-damage|p1a: Primarina|2/100 tox|[from] psn\n|-damage|p1b: Maushold|63/100|[from] move: Whirlpool|[partiallytrapped]\n|-end|p1a: Primarina|Infestation|[partiallytrapped]\n|upkeep\n|turn|8\n|\n|t:|1788274359\n|-heal|p2a: Dragalge|83/100|[from] ability: Regenerator|[silent]\n|switch|p2a: Farigiraf|Farigiraf, L50, F|43/100\n|move|p1b: Maushold|Helping Hand|p1a: Primarina\n|-singleturn|p1a: Primarina|Helping Hand|[of] p1b: Maushold\n|move|p2b: Toxapex|Baneful Bunker|p2b: Toxapex\n|-singleturn|p2b: Toxapex|move: Protect\n|move|p1a: Primarina|Moonblast|p2a: Farigiraf\n|-damage|p2a: Farigiraf|0 fnt\n|faint|p2a: Farigiraf\n|-damage|p1a: Primarina|0 fnt|[from] item: Life Orb\n|faint|p1a: Primarina\n|\n|-end|p1b: Maushold|Whirlpool|[partiallytrapped]|[silent]\n|upkeep\n|\n|t:|1788274376\n|switch|p2a: Dragalge|Dragalge-Mega, L50, F|83/100\n|turn|9\n|-message|shadow193 forfeited.\n|\n|win|Ralph-LM\n","uploadtime":1788274387,"views":"4","formatid":"gen9championsvgc2026regmbbo3","rating":null,"private":0,"password":null}