{"id":"gen9championsvgc2026regmb-2674826725","format":"[Gen 9 Champions] VGC 2026 Reg M-B","players":["chang2121","Olympicsvgc"],"log":"|j|☆chang2121\n|j|☆Olympicsvgc\n|t:|1788415141\n|gametype|doubles\n|player|p1|chang2121|102|1638\n|player|p2|Olympicsvgc|dawn|1735\n|gen|9\n|tier|[Gen 9 Champions] VGC 2026 Reg M-B\n|rated|\n|rule|Species Clause: Limit one of each Pokémon\n|rule|Item Clause: Limit 1 of each item\n|clearpoke\n|poke|p1|Gengar, L50, M|\n|poke|p1|Vivillon-Marine, L50, F|\n|poke|p1|Incineroar, L50, F|\n|poke|p1|Politoed, L50, F|\n|poke|p1|Archaludon, L50, M|\n|poke|p1|Swampert, L50, M|\n|poke|p2|Delphox, L50, M|\n|poke|p2|Archaludon, L50, M|\n|poke|p2|Pelipper, L50, M|\n|poke|p2|Sableye, L50, F|\n|poke|p2|Sinistcha, L50|\n|poke|p2|Swampert, L50, M|\n|teampreview|4\n|inactive|Battle timer is ON: inactive players will automatically lose when time's up. (requested by chang2121)\n|inactive|Olympicsvgc has 60 seconds left.\n|inactive|Olympicsvgc has 30 seconds left.\n|inactive|Olympicsvgc has 20 seconds left.\n|inactive|Olympicsvgc has 15 seconds left.\n|inactive|Olympicsvgc has 10 seconds left.\n|\n|t:|1788415227\n|teamsize|p1|4\n|teamsize|p2|4\n|start\n|switch|p1a: Swampert|Swampert, L50, M|100/100\n|switch|p1b: Vivillon|Vivillon-Marine, L50, F|100/100\n|switch|p2a: Delphox|Delphox, L50, M|100/100\n|switch|p2b: Swampert|Swampert, L50, M|100/100\n|turn|1\n|inactive|chang2121 has 30 seconds left.\n|\n|t:|1788415253\n|detailschange|p2a: Delphox|Delphox-Mega, L50, M\n|-mega|p2a: Delphox|Delphox|Delphoxite\n|detailschange|p1a: Swampert|Swampert-Mega, L50, M\n|-mega|p1a: Swampert|Swampert|Swampertite\n|move|p2a: Delphox|Protect|p2a: Delphox\n|-singleturn|p2a: Delphox|Protect\n|move|p1a: Swampert|Protect|p1a: Swampert\n|-singleturn|p1a: Swampert|Protect\n|move|p1b: Vivillon|Sleep Powder|p2b: Swampert\n|-status|p2b: Swampert|slp|[from] move: Sleep Powder\n|cant|p2b: Swampert|slp\n|\n|upkeep\n|turn|2\n|inactive|chang2121 has 30 seconds left.\n|\n|t:|1788415280\n|switch|p2a: Sinistcha|Sinistcha, L50|100/100\n|move|p1b: Vivillon|Sleep Powder|p2a: Sinistcha\n|-immune|p2a: Sinistcha\n|move|p1a: Swampert|Earthquake|p2b: Swampert|[spread] p2a,p2b\n|-immune|p1b: Vivillon\n|-resisted|p2a: Sinistcha|1\n|-damage|p2a: Sinistcha|82/100\n|-damage|p2b: Swampert|52/100 slp\n|cant|p2b: Swampert|slp\n|\n|upkeep\n|turn|3\n|inactive|Olympicsvgc has 30 seconds left.\n|\n|t:|1788415310\n|switch|p1a: Archaludon|Archaludon, L50, M|100/100\n|switch|p2a: Archaludon|Archaludon, L50, M|100/100\n|move|p1b: Vivillon|Hurricane|p2a: Archaludon\n|-resisted|p2a: Archaludon|1\n|-crit|p2a: Archaludon\n|-damage|p2a: Archaludon|67/100\n|-start|p2a: Archaludon|confusion\n|-ability|p2a: Archaludon|Stamina|boost\n|-boost|p2a: Archaludon|def|1\n|-curestatus|p2b: Swampert|slp|[msg]\n|move|p2b: Swampert|Wave Crash|p1b: Vivillon\n|-enditem|p1b: Vivillon|Focus Sash\n|-damage|p1b: Vivillon|1/100\n|-damage|p2b: Swampert|25/100|[from] Recoil\n|\n|-heal|p2a: Archaludon|73/100|[from] item: Leftovers\n|upkeep\n|turn|4\n|j| altcrvstal_K!tty\n|inactive|Olympicsvgc has 30 seconds left.\n|\n|t:|1788415335\n|switch|p2b: Sinistcha|Sinistcha, L50|82/100\n|-heal|p2a: Archaludon|98/100|[from] ability: Hospitality|[of] p2b: Sinistcha\n|-activate|p2a: Archaludon|confusion\n|move|p2a: Archaludon|Protect|p2a: Archaludon\n|-singleturn|p2a: Archaludon|Protect\n|move|p1b: Vivillon|Sleep Powder|p2a: Archaludon\n|-activate|p2a: Archaludon|move: Protect\n|move|p1a: Archaludon|Dragon Pulse|p2b: Sinistcha\n|-damage|p2b: Sinistcha|40/100\n|\n|-heal|p2a: Archaludon|100/100|[from] item: Leftovers\n|upkeep\n|turn|5\n|inactive|chang2121 has 30 seconds left.\n|\n|t:|1788415362\n|switch|p1b: Politoed|Politoed, L50, F|100/100\n|-weather|RainDance|[from] ability: Drizzle|[of] p1b: Politoed\n|switch|p2b: Swampert|Swampert, L50, M|25/100\n|-end|p2a: Archaludon|confusion\n|move|p2a: Archaludon|Dragon Pulse|p1b: Politoed\n|-damage|p1b: Politoed|69/100\n|move|p1a: Archaludon|Electro Shot||[still]\n|-prepare|p1a: Archaludon|Electro Shot\n|-boost|p1a: Archaludon|spa|1\n|-anim|p1a: Archaludon|Electro Shot|p2b: Swampert\n|-immune|p2b: Swampert\n|\n|-weather|RainDance|[upkeep]\n|upkeep\n|turn|6\n|inactive|Olympicsvgc has 30 seconds left.\n|\n|t:|1788415397\n|switch|p1b: Swampert|Swampert-Mega, L50, M|100/100\n|move|p2a: Archaludon|Electro Shot||[still]\n|-prepare|p2a: Archaludon|Electro Shot\n|-boost|p2a: Archaludon|spa|1\n|-anim|p2a: Archaludon|Electro Shot|p1a: Archaludon\n|-resisted|p1a: Archaludon|1\n|-damage|p1a: Archaludon|76/100\n|-ability|p1a: Archaludon|Stamina|boost\n|-boost|p1a: Archaludon|def|1\n|move|p1a: Archaludon|Dragon Pulse|p2a: Archaludon\n|-damage|p2a: Archaludon|49/100\n|-ability|p2a: Archaludon|Stamina|boost\n|-boost|p2a: Archaludon|def|1\n|move|p2b: Swampert|Earthquake|p1b: Swampert|[spread] p2a,p1a,p1b\n|-supereffective|p2a: Archaludon|1\n|-supereffective|p1a: Archaludon|1\n|-crit|p1a: Archaludon\n|-damage|p2a: Archaludon|21/100\n|-damage|p1a: Archaludon|6/100\n|-damage|p1b: Swampert|63/100\n|-ability|p2a: Archaludon|Stamina|boost\n|-boost|p2a: Archaludon|def|1\n|-ability|p1a: Archaludon|Stamina|boost\n|-boost|p1a: Archaludon|def|1\n|\n|-weather|RainDance|[upkeep]\n|-heal|p2a: Archaludon|27/100|[from] item: Leftovers\n|-heal|p1a: Archaludon|12/100|[from] item: Leftovers\n|upkeep\n|turn|7\n|\n|t:|1788415421\n|switch|p2b: Sinistcha|Sinistcha, L50|40/100\n|-heal|p2a: Archaludon|52/100|[from] ability: Hospitality|[of] p2b: Sinistcha\n|move|p1a: Archaludon|Protect|p1a: Archaludon\n|-singleturn|p1a: Archaludon|Protect\n|move|p1b: Swampert|Earthquake|p2a: Archaludon|[spread] p2a,p2b\n|-activate|p1a: Archaludon|move: Protect\n|-supereffective|p2a: Archaludon|1\n|-resisted|p2b: Sinistcha|1\n|-damage|p2a: Archaludon|24/100\n|-damage|p2b: Sinistcha|25/100\n|-ability|p2a: Archaludon|Stamina|boost\n|-boost|p2a: Archaludon|def|1\n|move|p2a: Archaludon|Dragon Pulse|p1a: Archaludon\n|-activate|p1a: Archaludon|move: Protect\n|\n|-weather|RainDance|[upkeep]\n|-heal|p2a: Archaludon|30/100|[from] item: Leftovers\n|-heal|p1a: Archaludon|18/100|[from] item: Leftovers\n|upkeep\n|turn|8\n|j| Mfraw\n|\n|t:|1788415437\n|switch|p2b: Swampert|Swampert, L50, M|25/100\n|move|p1b: Swampert|Protect|p1b: Swampert\n|-singleturn|p1b: Swampert|Protect\n|move|p2a: Archaludon|Protect|p2a: Archaludon\n|-singleturn|p2a: Archaludon|Protect\n|move|p1a: Archaludon|Dragon Pulse|p2a: Archaludon\n|-activate|p2a: Archaludon|move: Protect\n|\n|-weather|RainDance|[upkeep]\n|-heal|p2a: Archaludon|36/100|[from] item: Leftovers\n|-heal|p1a: Archaludon|24/100|[from] item: Leftovers\n|upkeep\n|turn|9\n|\n|t:|1788415463\n|switch|p1b: Vivillon|Vivillon-Marine, L50, F|1/100\n|switch|p2b: Sinistcha|Sinistcha, L50|25/100\n|-heal|p2a: Archaludon|61/100|[from] ability: Hospitality|[of] p2b: Sinistcha\n|move|p2a: Archaludon|Dragon Pulse|p1a: Archaludon\n|-damage|p1a: Archaludon|0 fnt\n|faint|p1a: Archaludon\n|\n|-weather|none\n|-heal|p2a: Archaludon|67/100|[from] item: Leftovers\n|upkeep\n|-message|chang2121 forfeited.\n|\n|win|Olympicsvgc\n|raw|chang2121's rating: 1638 &rarr; <strong>1623</strong><br />(-15 for losing)\n|raw|Olympicsvgc's rating: 1735 &rarr; <strong>1750</strong><br />(+15 for winning)\n|l|☆chang2121\n|player|p1|\n|l| altcrvstal_K!tty\n|l|☆Olympicsvgc\n|player|p2|\n|j|☆Olympicsvgc\n|player|p2|Olympicsvgc|dawn|\n","uploadtime":1788415573,"views":"0","formatid":"gen9championsvgc2026regmb","rating":1623,"private":0,"password":null}