{"id":"gen9championsvgc2026regmbbo3-2673327192","format":"[Gen 9 Champions] VGC 2026 Reg M-B (Bo3)","players":["ArielcitoTedetona","dauble77"],"log":"|j|☆ArielcitoTedetona\n|j|☆dauble77\n|html|<table width=\"100%\"><tr><td align=\"left\">ArielcitoTedetona</td><td align=\"right\">dauble77</tr><tr><td align=\"left\"><i class=\"fa fa-circle-o\"></i> <i class=\"fa fa-circle-o\"></i> </td><td align=\"right\"><i class=\"fa fa-circle-o\"></i> <i class=\"fa fa-circle-o\"></i> </tr></table>\n|uhtml|bestof|<h2><strong>Game 1</strong> of <a href=\"/game-bestof3-gen9championsvgc2026regmbbo3-2673327191\">a best-of-3</a></h2>\n|t:|1788183846\n|gametype|doubles\n|player|p1|ArielcitoTedetona|265|1147\n|player|p2|dauble77|2|1168\n|gen|9\n|tier|[Gen 9 Champions] VGC 2026 Reg M-B (Bo3)\n|rated|\n|rule|Species Clause: Limit one of each Pokémon\n|rule|Item Clause: Limit 1 of each item\n|clearpoke\n|poke|p1|Charizard, L50, F|\n|poke|p1|Incineroar, L50, M|\n|poke|p1|Venusaur, L50, M|\n|poke|p1|Garchomp, L50, M|\n|poke|p1|Sylveon, L50, F|\n|poke|p1|Annihilape, L50, M|\n|poke|p2|Raichu, L50, F|\n|poke|p2|Annihilape, L50, M|\n|poke|p2|Gholdengo, L50|\n|poke|p2|Whimsicott, L50, F|\n|poke|p2|Kangaskhan, L50, F|\n|poke|p2|Blastoise, L50, F|\n|teampreview|4\n|showteam|p1|Charizard||CharizarditeY|Blaze|WeatherBall,HeatWave,AncientPower,Protect|Modest||F|||50|]Incineroar||SitrusBerry|Intimidate|FakeOut,FlareBlitz,DarkestLariat,PartingShot|Impish||M|||50|]Venusaur||LifeOrb|Chlorophyll|LeafStorm,SludgeBomb,EarthPower,Protect|Modest||M|||50|]Garchomp||ChoiceScarf|RoughSkin|Earthquake,DragonClaw,RockSlide,StompingTantrum|Adamant||M|||50|]Sylveon||FairyFeather|Pixilate|HyperVoice,Yawn,QuickAttack,Detect|Modest||F|||50|]Annihilape||FocusSash|Defiant|RockTomb,CloseCombat,RageFist,Protect|Jolly||M|||50|\n|showteam|p2|Raichu||RaichuniteY|LightningRod|FakeOut,FocusBlast,ZapCannon,Protect|Timid||F|||50|]Annihilape||SitrusBerry|Defiant|RageFist,BulkUp,DrainPunch,Protect|Adamant||M|||50|]Gholdengo||Leftovers|GoodasGold|MakeItRain,NastyPlot,Protect,ShadowBall|Timid|||||50|]Whimsicott||FocusSash|Prankster|Encore,Protect,Tailwind,Moonblast|Timid||F|||50|]Kangaskhan||SilkScarf|Scrappy|FakeOut,LastResort|Adamant||F|||50|]Blastoise||Blastoisinite|RainDish|WaterPulse,FakeOut,DarkPulse,Protect|Modest||F|||50|\n|inactive|Battle timer is ON: inactive players will automatically lose when time's up. (requested by dauble77)\n|inactive|ArielcitoTedetona has 60 seconds left.\n|inactive|dauble77 has 60 seconds left.\n|inactive|ArielcitoTedetona has 30 seconds left.\n|inactive|ArielcitoTedetona has 20 seconds left.\n|inactive|dauble77 has 30 seconds left.\n|inactive|ArielcitoTedetona has 15 seconds left.\n|inactive|ArielcitoTedetona has 10 seconds left.\n|\n|t:|1788183927\n|teamsize|p1|4\n|teamsize|p2|4\n|start\n|switch|p1a: tumamigorda|Venusaur, L50, M|100/100\n|switch|p1b: malozard|Charizard, L50, F|100/100\n|switch|p2a: Raichu|Raichu, L50, F|100/100\n|switch|p2b: Kangaskhan|Kangaskhan, L50, F|100/100\n|turn|1\n|\n|t:|1788183942\n|detailschange|p2a: Raichu|Raichu-Mega-Y, L50, F\n|-mega|p2a: Raichu|Raichu|Raichunite Y\n|move|p1b: malozard|Protect|p1b: malozard\n|-singleturn|p1b: malozard|Protect\n|move|p2b: Kangaskhan|Fake Out|p1a: tumamigorda\n|-damage|p1a: tumamigorda|71/100\n|move|p2a: Raichu|Zap Cannon|p1b: malozard\n|-activate|p1b: malozard|move: Protect\n|cant|p1a: tumamigorda|flinch\n|\n|upkeep\n|turn|2\n|\n|t:|1788183959\n|detailschange|p1b: malozard|Charizard-Mega-Y, L50, F\n|-mega|p1b: malozard|Charizard|Charizardite Y\n|-weather|SunnyDay|[from] ability: Drought|[of] p1b: malozard\n|move|p2a: Raichu|Protect|p2a: Raichu\n|-singleturn|p2a: Raichu|Protect\n|move|p1a: tumamigorda|Earth Power|p2a: Raichu\n|-activate|p2a: Raichu|move: Protect\n|move|p1b: malozard|Heat Wave|p2b: Kangaskhan|[spread] p2b\n|-activate|p2a: Raichu|move: Protect\n|-damage|p2b: Kangaskhan|44/100\n|move|p2b: Kangaskhan|Last Resort|p1a: tumamigorda\n|-damage|p1a: tumamigorda|0 fnt\n|faint|p1a: tumamigorda\n|\n|-weather|SunnyDay|[upkeep]\n|upkeep\n|\n|t:|1788183975\n|switch|p1a: megaladron|Garchomp, L50, M|100/100\n|turn|3\n|\n|t:|1788183990\n|switch|p2a: Whimsicott|Whimsicott, L50, F|100/100\n|move|p1a: megaladron|Earthquake|p2a: Whimsicott|[spread] p2a,p2b\n|-immune|p1b: malozard\n|-resisted|p2a: Whimsicott|1\n|-damage|p2a: Whimsicott|69/100\n|-damage|p2b: Kangaskhan|3/100\n|move|p1b: malozard|Heat Wave|p2b: Kangaskhan|[spread] p2b\n|-miss|p1b: malozard|p2a: Whimsicott\n|-damage|p2b: Kangaskhan|0 fnt\n|faint|p2b: Kangaskhan\n|\n|-weather|SunnyDay|[upkeep]\n|upkeep\n|\n|t:|1788184004\n|switch|p2b: Raichu|Raichu-Mega-Y, L50, F|100/100\n|turn|4\n|\n|t:|1788184009\n|move|p2b: Raichu|Fake Out|p1a: megaladron\n|-damage|p1a: megaladron|91/100\n|-damage|p2b: Raichu|88/100|[from] ability: Rough Skin|[of] p1a: megaladron\n|move|p2a: Whimsicott|Tailwind|p2a: Whimsicott\n|-sidestart|p2: dauble77|move: Tailwind\n|cant|p1a: megaladron|flinch\n|move|p1b: malozard|Heat Wave|p2b: Raichu|[spread] p2a,p2b\n|-supereffective|p2a: Whimsicott|1\n|-damage|p2a: Whimsicott|0 fnt\n|-damage|p2b: Raichu|8/100\n|-status|p2b: Raichu|brn\n|faint|p2a: Whimsicott\n|\n|-weather|SunnyDay|[upkeep]\n|-damage|p2b: Raichu|2/100 brn|[from] brn\n|upkeep\n|\n|t:|1788184018\n|switch|p2a: Gholdengo|Gholdengo, L50|100/100\n|turn|5\n|\n|t:|1788184030\n|move|p1b: malozard|Protect|p1b: malozard\n|-singleturn|p1b: malozard|Protect\n|move|p2b: Raichu|Zap Cannon|p1b: malozard\n|-activate|p1b: malozard|move: Protect\n|move|p2a: Gholdengo|Shadow Ball|p1a: megaladron\n|-damage|p1a: megaladron|44/100\n|move|p1a: megaladron|Earthquake|p2b: Raichu|[spread] p2a,p2b\n|-activate|p1b: malozard|move: Protect\n|-supereffective|p2a: Gholdengo|1\n|-supereffective|p2b: Raichu|1\n|-damage|p2a: Gholdengo|10/100\n|-damage|p2b: Raichu|0 fnt\n|faint|p2b: Raichu\n|\n|-weather|SunnyDay|[upkeep]\n|-heal|p2a: Gholdengo|16/100|[from] item: Leftovers\n|upkeep\n|turn|6\n|\n|t:|1788184049\n|move|p2a: Gholdengo|Shadow Ball|p1a: megaladron\n|-damage|p1a: megaladron|0 fnt\n|faint|p1a: megaladron\n|move|p1b: malozard|Weather Ball|p2a: Gholdengo\n|-supereffective|p2a: Gholdengo|1\n|-damage|p2a: Gholdengo|0 fnt\n|faint|p2a: Gholdengo\n|\n|win|ArielcitoTedetona\n||dauble77 is ready for game 2.\n","uploadtime":1788184058,"views":"1","formatid":"gen9championsvgc2026regmbbo3","rating":null,"private":0,"password":null}