{"id":"gen9championsvgc2026regmb-2674881244","format":"[Gen 9 Champions] VGC 2026 Reg M-B","players":["Tequilsaurus","vassyvgc"],"log":"|j|☆Tequilsaurus\n|j|☆vassyvgc\n|t:|1788428123\n|gametype|doubles\n|player|p1|Tequilsaurus|265|1092\n|player|p2|vassyvgc|hiker-gen4|1089\n|gen|9\n|tier|[Gen 9 Champions] VGC 2026 Reg M-B\n|rated|\n|rule|Species Clause: Limit one of each Pokémon\n|rule|Item Clause: Limit 1 of each item\n|clearpoke\n|poke|p1|Scrafty, L50, F|\n|poke|p1|Meowscarada, L50, F|\n|poke|p1|Sinistcha-Masterpiece, L50|\n|poke|p1|Lucario, L50, M|\n|poke|p1|Grimmsnarl, L50, M|\n|poke|p1|Ceruledge, L50, M|\n|poke|p2|Staraptor, L50, M|\n|poke|p2|Sableye, L50, M|\n|poke|p2|Raichu, L50, F|\n|poke|p2|Dragonite, L50, M|\n|poke|p2|Gholdengo, L50|\n|poke|p2|Toxapex, L50, M|\n|teampreview|4\n|inactive|Battle timer is ON: inactive players will automatically lose when time's up. (requested by vassyvgc)\n|\n|t:|1788428148\n|teamsize|p1|4\n|teamsize|p2|4\n|start\n|switch|p1a: Scrafty|Scrafty, L50, F|100/100\n|switch|p1b: Lucario|Lucario, L50, M|100/100\n|switch|p2a: Raichu|Raichu, L50, F|100/100\n|switch|p2b: Staraptor|Staraptor, L50, M|100/100\n|-ability|p2b: Staraptor|Intimidate|boost\n|-unboost|p1a: Scrafty|atk|1\n|-fail|p1b: Lucario|unboost|atk|[from] ability: Inner Focus|[of] p1b: Lucario\n|turn|1\n|\n|t:|1788428168\n|move|p2a: Raichu|Protect|p2a: Raichu\n|-singleturn|p2a: Raichu|Protect\n|move|p2b: Staraptor|Protect|p2b: Staraptor\n|-singleturn|p2b: Staraptor|Protect\n|move|p1a: Scrafty|Protect|p1a: Scrafty\n|-singleturn|p1a: Scrafty|Protect\n|move|p1b: Lucario|Nasty Plot|p1b: Lucario\n|-boost|p1b: Lucario|spa|2\n|\n|upkeep\n|turn|2\n|inactive|Tequilsaurus has 30 seconds left.\n|inactive|vassyvgc has 30 seconds left.\n|inactive|vassyvgc has 20 seconds left.\n|inactive|vassyvgc has 15 seconds left.\n|inactive|vassyvgc has 10 seconds left.\n|inactive|vassyvgc has 5 seconds left.\n|\n|t:|1788428218\n|switch|p1a: Ceruledge|Ceruledge, L50, M|100/100\n|detailschange|p2a: Raichu|Raichu-Mega-Y, L50, F\n|-mega|p2a: Raichu|Raichu|Raichunite Y\n|move|p2a: Raichu|Focus Blast|p1a: Ceruledge\n|-immune|p1a: Ceruledge\n|move|p2b: Staraptor|Tailwind|p2b: Staraptor\n|-sidestart|p2: vassyvgc|move: Tailwind\n|move|p1b: Lucario|Aura Sphere|p2a: Raichu\n|-damage|p2a: Raichu|0 fnt\n|faint|p2a: Raichu\n|\n|upkeep\n|\n|t:|1788428233\n|switch|p2a: Gholdengo|Gholdengo, L50|100/100\n|turn|3\n|\n|t:|1788428251\n|move|p1b: Lucario|Vacuum Wave|p2b: Staraptor\n|-crit|p2b: Staraptor\n|-damage|p2b: Staraptor|0 fnt\n|faint|p2b: Staraptor\n|move|p2a: Gholdengo|Shadow Ball|p1b: Lucario\n|-damage|p1b: Lucario|41/100\n|move|p1a: Ceruledge|Bitter Blade|p2a: Gholdengo\n|-supereffective|p2a: Gholdengo|1\n|-damage|p2a: Gholdengo|0 fnt\n|faint|p2a: Gholdengo\n|\n|upkeep\n|\n|t:|1788428262\n|switch|p2b: Dragonite|Dragonite, L50, M|100/100\n|turn|4\n|\n|t:|1788428269\n|move|p1a: Ceruledge|Bitter Blade|p2b: Dragonite\n|-resisted|p2b: Dragonite|1\n|-damage|p2b: Dragonite|90/100\n|move|p2b: Dragonite|Dragon Dance|p2b: Dragonite\n|-boost|p2b: Dragonite|atk|1\n|-boost|p2b: Dragonite|spe|1\n|move|p1b: Lucario|Flash Cannon|p2b: Dragonite\n|-damage|p2b: Dragonite|19/100\n|\n|upkeep\n|turn|5\n|c|☆vassyvgc|how is it faster\n|inactive|vassyvgc has 30 seconds left.\n|\n|t:|1788428296\n|move|p1b: Lucario|Vacuum Wave|p2b: Dragonite\n|-resisted|p2b: Dragonite|1\n|-damage|p2b: Dragonite|0 fnt\n|faint|p2b: Dragonite\n|\n|win|Tequilsaurus\n|raw|Tequilsaurus's rating: 1092 &rarr; <strong>1118</strong><br />(+26 for winning)\n|raw|vassyvgc's rating: 1089 &rarr; <strong>1066</strong><br />(-23 for losing)\n|c|☆Tequilsaurus|Scarf?\n|l|☆vassyvgc\n|player|p2|\n","uploadtime":1788428317,"views":"1","formatid":"gen9championsvgc2026regmb","rating":1066,"private":0,"password":null}