{"id":"gen9championsvgc2026regmb-2674363202","format":"[Gen 9 Champions] VGC 2026 Reg M-B","players":["alex(bluesid)","alexismydog"],"log":"|j|☆alex(bluesid)\n|j|☆alexismydog\n|t:|1788349185\n|gametype|doubles\n|player|p1|alex(bluesid)|hilbert-wonderlauncher|1541\n|player|p2|alexismydog|265|1676\n|gen|9\n|tier|[Gen 9 Champions] VGC 2026 Reg M-B\n|rated|\n|rule|Species Clause: Limit one of each Pokémon\n|rule|Item Clause: Limit 1 of each item\n|clearpoke\n|poke|p1|Meganium, L50, F|\n|poke|p1|Talonflame, L50, F|\n|poke|p1|Tyranitar, L50, M|\n|poke|p1|Farigiraf, L50, F|\n|poke|p1|Kingambit, L50, F|\n|poke|p1|Garchomp, L50, M|\n|poke|p2|Tyranitar, L50, M|\n|poke|p2|Excadrill, L50, M|\n|poke|p2|Sinistcha, L50|\n|poke|p2|Gholdengo, L50|\n|poke|p2|Staraptor, L50, M|\n|poke|p2|Milotic, L50, F|\n|teampreview|4\n|inactive|Battle timer is ON: inactive players will automatically lose when time's up. (requested by alexismydog)\n|inactive|alex(bluesid) has 60 seconds left.\n|\n|t:|1788349236\n|teamsize|p1|4\n|teamsize|p2|4\n|start\n|switch|p1a: Farigiraf|Farigiraf, L50, F|100/100\n|switch|p1b: Garchomp|Garchomp, L50, M|100/100\n|switch|p2a: Staraptor|Staraptor, L50, M|100/100\n|switch|p2b: Gholdengo|Gholdengo, L50|100/100\n|-ability|p2a: Staraptor|Intimidate|boost\n|-unboost|p1a: Farigiraf|atk|1\n|-unboost|p1b: Garchomp|atk|1\n|turn|1\n|inactive|alexismydog has 30 seconds left.\n|\n|t:|1788349263\n|detailschange|p2a: Staraptor|Staraptor-Mega, L50, M\n|-mega|p2a: Staraptor|Staraptor|Staraptite\n|move|p2b: Gholdengo|Protect|p2b: Gholdengo\n|-singleturn|p2b: Gholdengo|Protect\n|move|p1b: Garchomp|Stomping Tantrum|p2b: Gholdengo\n|-activate|p2b: Gholdengo|move: Protect\n|move|p2a: Staraptor|Close Combat|p1a: Farigiraf\n|-damage|p1a: Farigiraf|23/100\n|-boost|p2a: Staraptor|def|1\n|-boost|p2a: Staraptor|spd|1\n|move|p1a: Farigiraf|Trick Room|p1a: Farigiraf\n|-fieldstart|move: Trick Room|[of] p1a: Farigiraf\n|\n|upkeep\n|turn|2\n|inactive|alex(bluesid) has 30 seconds left.\n|\n|t:|1788349289\n|switch|p1b: Kingambit|Kingambit, L50, F|100/100\n|move|p1a: Farigiraf|Thunderbolt|p2b: Gholdengo\n|-damage|p2b: Gholdengo|65/100\n|move|p2b: Gholdengo|Nasty Plot|p2b: Gholdengo\n|-boost|p2b: Gholdengo|spa|2\n|move|p2a: Staraptor|Close Combat|p1a: Farigiraf\n|-damage|p1a: Farigiraf|0 fnt\n|-boost|p2a: Staraptor|def|1\n|-boost|p2a: Staraptor|spd|1\n|faint|p1a: Farigiraf\n|\n|upkeep\n|\n|t:|1788349300\n|switch|p1a: Meganium|Meganium, L50, F|100/100\n|turn|3\n|\n|t:|1788349311\n|detailschange|p1a: Meganium|Meganium-Mega, L50, F\n|-mega|p1a: Meganium|Meganium|Meganiumite\n|move|p2b: Gholdengo|Protect|p2b: Gholdengo\n|-singleturn|p2b: Gholdengo|Protect\n|move|p1b: Kingambit|Kowtow Cleave|p2b: Gholdengo\n|-activate|p2b: Gholdengo|move: Protect\n|move|p1a: Meganium|Dazzling Gleam|p2b: Gholdengo|[spread] p2a\n|-activate|p2b: Gholdengo|move: Protect\n|-supereffective|p2a: Staraptor|1\n|-damage|p2a: Staraptor|59/100\n|move|p2a: Staraptor|Close Combat|p1b: Kingambit\n|-supereffective|p1b: Kingambit|2\n|-enditem|p1b: Kingambit|Chople Berry|[eat]\n|-enditem|p1b: Kingambit|Chople Berry|[weaken]\n|-damage|p1b: Kingambit|0 fnt\n|-boost|p2a: Staraptor|def|1\n|-boost|p2a: Staraptor|spd|1\n|faint|p1b: Kingambit\n|\n|upkeep\n|\n|t:|1788349316\n|switch|p1b: Garchomp|Garchomp, L50, M|100/100\n|turn|4\n|\n|t:|1788349339\n|move|p1b: Garchomp|Protect|p1b: Garchomp\n|-singleturn|p1b: Garchomp|Protect\n|move|p1a: Meganium|Dazzling Gleam|p2a: Staraptor|[spread] p2a,p2b\n|-supereffective|p2a: Staraptor|1\n|-resisted|p2b: Gholdengo|1\n|-damage|p2a: Staraptor|28/100\n|-damage|p2b: Gholdengo|43/100\n|move|p2b: Gholdengo|Make It Rain|p1b: Garchomp|[spread] p1a\n|-activate|p1b: Garchomp|move: Protect\n|-supereffective|p1a: Meganium|1\n|-damage|p1a: Meganium|0 fnt\n|-unboost|p2b: Gholdengo|spa|2\n|faint|p1a: Meganium\n|move|p2a: Staraptor|Close Combat|p1b: Garchomp\n|-activate|p1b: Garchomp|move: Protect\n|\n|upkeep\n|turn|5\n|-message|alex(bluesid) forfeited.\n|\n|win|alexismydog\n|raw|alex(bluesid)'s rating: 1541 &rarr; <strong>1528</strong><br />(-13 for losing)\n|raw|alexismydog's rating: 1676 &rarr; <strong>1689</strong><br />(+13 for winning)\n|l|☆alex(bluesid)\n|player|p1|\n","uploadtime":1788349357,"views":"1","formatid":"gen9championsvgc2026regmb","rating":1528,"private":0,"password":null}