{"id":"gen9championsvgc2026regmbbo3-2674380530","format":"[Gen 9 Champions] VGC 2026 Reg M-B (Bo3)","players":["IBstudios","shugaiv"],"log":"|j|☆IBstudios\n|j|☆shugaiv\n|html|<table width=\"100%\"><tr><td align=\"left\">IBstudios</td><td align=\"right\">shugaiv</tr><tr><td align=\"left\"><i class=\"fa fa-circle-o\"></i> <i class=\"fa fa-circle-o\"></i> </td><td align=\"right\"><i class=\"fa fa-circle-o\"></i> <i class=\"fa fa-circle-o\"></i> </tr></table>\n|uhtml|bestof|<h2><strong>Game 1</strong> of <a href=\"/game-bestof3-gen9championsvgc2026regmbbo3-2674380529\">a best-of-3</a></h2>\n|t:|1788352125\n|gametype|doubles\n|player|p1|IBstudios|266|1268\n|player|p2|shugaiv|170|1195\n|gen|9\n|tier|[Gen 9 Champions] VGC 2026 Reg M-B (Bo3)\n|rated|\n|rule|Species Clause: Limit one of each Pokémon\n|rule|Item Clause: Limit 1 of each item\n|clearpoke\n|poke|p1|Incineroar, L50, M|\n|poke|p1|Dragonite, L50, M|\n|poke|p1|Metagross, L50|\n|poke|p1|Sneasler, L50, F|\n|poke|p1|Primarina, L50, F|\n|poke|p1|Sinistcha-Masterpiece, L50|\n|poke|p2|Froslass, L50, F|\n|poke|p2|Sneasler, L50, F|\n|poke|p2|Lycanroc-Dusk, L50, M|\n|poke|p2|Basculegion, L50, M|\n|poke|p2|Kingambit, L50, M|\n|poke|p2|Scovillain, L50, F|\n|teampreview|4\n|showteam|p1|Incineroar||SitrusBerry|Intimidate|FakeOut,FlareBlitz,ThroatChop,PartingShot|Adamant||M|||50|]Dragonite||Dragoninite|Multiscale|DragonPulse,HeatWave,Tailwind,Protect|Modest||M|||50|]Metagross||Metagrossite|ClearBody|PsychicFangs,BulletPunch,BodyPress,Protect|Jolly|||||50|]Sneasler||FocusSash|PoisonTouch|CloseCombat,PoisonJab,FakeOut,Protect|Jolly||F|||50|]Primarina||LifeOrb|LiquidVoice|HyperVoice,Moonblast,CalmMind,Protect|Modest||F|||50|]Sinistcha-Masterpiece||KasibBerry|Hospitality|MatchaGotcha,TrickRoom,RagePowder,Protect|Bold|||||50|\n|showteam|p2|Froslass||Froslassite|CursedBody|Blizzard,ShadowBall,AuroraVeil,Protect|Timid||F|||50|]Sneasler||WhiteHerb|Unburden|CloseCombat,GunkShot,FakeOut,Protect|Adamant||F|||50|]Lycanroc-Dusk||FocusSash|ToughClaws|RockSlide,CloseCombat,Accelerock,Protect|Adamant||M|||50|]Basculegion||LifeOrb|Adaptability|WaveCrash,LastRespects,AquaJet,Protect|Jolly||M|||50|]Kingambit||BlackGlasses|Defiant|KowtowCleave,SuckerPunch,SwordsDance,Protect|Adamant||M|||50|]Scovillain||Scovillainite|Moody|Overheat,GigaDrain,RagePowder,Protect|Bold||F|||50|\n|\n|t:|1788352173\n|teamsize|p1|4\n|teamsize|p2|4\n|start\n|switch|p1a: Metagross|Metagross, L50|100/100\n|switch|p1b: Sneasler|Sneasler, L50, F|100/100\n|switch|p2a: Scovillain|Scovillain, L50, F|100/100\n|switch|p2b: Sneasler|Sneasler, L50, F|100/100\n|turn|1\n|\n|t:|1788352205\n|switch|p1a: Primarina|Primarina, L50, F|100/100\n|move|p1b: Sneasler|Protect|p1b: Sneasler\n|-singleturn|p1b: Sneasler|Protect\n|move|p2b: Sneasler|Protect|p2b: Sneasler\n|-singleturn|p2b: Sneasler|Protect\n|move|p2a: Scovillain|Protect||[still]\n|-fail|p2a: Scovillain\n|\n|-ability|p2a: Scovillain|Moody|boost\n|-boost|p2a: Scovillain|spe|2\n|-unboost|p2a: Scovillain|atk|1\n|upkeep\n|turn|2\n|\n|t:|1788352231\n|switch|p1a: Metagross|Metagross, L50|100/100\n|detailschange|p2a: Scovillain|Scovillain-Mega, L50, F\n|-mega|p2a: Scovillain|Scovillain|Scovillainite\n|move|p2a: Scovillain|Overheat|p1b: Sneasler\n|-damage|p1b: Sneasler|25/100\n|-unboost|p2a: Scovillain|spa|2\n|move|p1b: Sneasler|Poison Jab|p2a: Scovillain\n|-supereffective|p2a: Scovillain|1\n|-crit|p2a: Scovillain\n|-damage|p2a: Scovillain|0 fnt\n|-status|p1b: Sneasler|brn|[from] ability: Spicy Spray|[of] p2a: Scovillain\n|faint|p2a: Scovillain\n|move|p2b: Sneasler|Gunk Shot|p1a: Metagross\n|-immune|p1a: Metagross\n|\n|-damage|p1b: Sneasler|18/100 brn|[from] brn\n|upkeep\n|\n|t:|1788352248\n|switch|p2a: Kingambit|Kingambit, L50, M|100/100\n|turn|3\n|\n|t:|1788352263\n|switch|p1a: Sinistcha|Sinistcha-Masterpiece, L50|100/100\n|-heal|p1b: Sneasler|43/100 brn|[from] ability: Hospitality|[of] p1a: Sinistcha\n|move|p2a: Kingambit|Sucker Punch||[still]\n|-fail|p2a: Kingambit\n|move|p1b: Sneasler|Close Combat|p2a: Kingambit\n|-supereffective|p2a: Kingambit|2\n|-damage|p2a: Kingambit|6/100\n|-unboost|p1b: Sneasler|def|1\n|-unboost|p1b: Sneasler|spd|1\n|move|p2b: Sneasler|Close Combat|p1b: Sneasler\n|-resisted|p1b: Sneasler|1\n|-damage|p1b: Sneasler|0 fnt\n|-unboost|p2b: Sneasler|def|1\n|-unboost|p2b: Sneasler|spd|1\n|faint|p1b: Sneasler\n|-enditem|p2b: Sneasler|White Herb\n|-clearnegativeboost|p2b: Sneasler|[silent]\n|\n|upkeep\n|\n|t:|1788352294\n|switch|p1b: Metagross|Metagross, L50|100/100\n|turn|4\n|\n|t:|1788352329\n|detailschange|p1b: Metagross|Metagross-Mega, L50\n|-mega|p1b: Metagross|Metagross|Metagrossite\n|move|p2b: Sneasler|Protect|p2b: Sneasler\n|-singleturn|p2b: Sneasler|Protect\n|move|p1a: Sinistcha|Rage Powder|p1a: Sinistcha\n|-singleturn|p1a: Sinistcha|move: Rage Powder\n|move|p1b: Metagross|Bullet Punch|p2a: Kingambit\n|-resisted|p2a: Kingambit|1\n|-damage|p2a: Kingambit|0 fnt\n|faint|p2a: Kingambit\n|\n|upkeep\n|\n|t:|1788352338\n|switch|p2a: Basculegion|Basculegion, L50, M|100/100\n|turn|5\n|\n|t:|1788352344\n|move|p2b: Sneasler|Protect||[still]\n|-fail|p2b: Sneasler\n|move|p1a: Sinistcha|Rage Powder|p1a: Sinistcha\n|-singleturn|p1a: Sinistcha|move: Rage Powder\n|move|p1b: Metagross|Psychic Fangs|p2b: Sneasler\n|-supereffective|p2b: Sneasler|2\n|-damage|p2b: Sneasler|0 fnt\n|faint|p2b: Sneasler\n|move|p2a: Basculegion|Last Respects|p1a: Sinistcha\n|-supereffective|p1a: Sinistcha|1\n|-enditem|p1a: Sinistcha|Kasib Berry|[eat]\n|-enditem|p1a: Sinistcha|Kasib Berry|[weaken]\n|-damage|p1a: Sinistcha|0 fnt\n|faint|p1a: Sinistcha\n|-damage|p2a: Basculegion|90/100|[from] item: Life Orb\n|\n|upkeep\n|\n|t:|1788352359\n|switch|p1a: Primarina|Primarina, L50, F|100/100\n|turn|6\n|\n|t:|1788352371\n|move|p1b: Metagross|Psychic Fangs|p2a: Basculegion\n|-damage|p2a: Basculegion|18/100\n|move|p2a: Basculegion|Last Respects|p1a: Primarina\n|-damage|p1a: Primarina|0 fnt\n|faint|p1a: Primarina\n|-damage|p2a: Basculegion|9/100|[from] item: Life Orb\n|\n|upkeep\n|turn|7\n|\n|t:|1788352381\n|move|p1b: Metagross|Psychic Fangs|p2a: Basculegion\n|-damage|p2a: Basculegion|0 fnt\n|faint|p2a: Basculegion\n|\n|win|IBstudios\n||IBstudios is ready for game 2.\n||shugaiv is ready for game 2.\n|uhtml|next|Next: <a href=\"/battle-gen9championsvgc2026regmbbo3-2674382177\"><strong>Game 2 of 3</strong></a>\n","uploadtime":1788352408,"views":"2","formatid":"gen9championsvgc2026regmbbo3","rating":null,"private":0,"password":null}