{"id":"gen9championsvgc2026regmb-2674969058","format":"[Gen 9 Champions] VGC 2026 Reg M-B","players":["TESTDIGI","alepande"],"log":"|j|☆TESTDIGI\n|j|☆alepande\n|t:|1788443373\n|gametype|doubles\n|player|p1|TESTDIGI|169|1334\n|player|p2|alepande|iris|1302\n|gen|9\n|tier|[Gen 9 Champions] VGC 2026 Reg M-B\n|rated|\n|rule|Species Clause: Limit one of each Pokémon\n|rule|Item Clause: Limit 1 of each item\n|clearpoke\n|poke|p1|Gholdengo, L50|\n|poke|p1|Staraptor, L50, M, shiny|\n|poke|p1|Tyranitar, L50, F|\n|poke|p1|Farigiraf, L50, M|\n|poke|p1|Whimsicott, L50, F, shiny|\n|poke|p1|Excadrill, L50, M|\n|poke|p2|Torkoal, L50, M|\n|poke|p2|Sinistcha, L50|\n|poke|p2|Kingambit, L50, M|\n|poke|p2|Farigiraf, L50, F|\n|poke|p2|Barbaracle, L50, M|\n|poke|p2|Lucario, L50, F|\n|teampreview|4\n|\n|t:|1788443395\n|teamsize|p1|4\n|teamsize|p2|4\n|start\n|switch|p1a: Tyranitar|Tyranitar, L50, F|100/100\n|switch|p1b: Excadrill|Excadrill, L50, M|100/100\n|switch|p2a: Farigiraf|Farigiraf, L50, F|100/100\n|switch|p2b: Torkoal|Torkoal, L50, M|100/100\n|-weather|Sandstorm|[from] ability: Sand Stream|[of] p1a: Tyranitar\n|-weather|SunnyDay|[from] ability: Drought|[of] p2b: Torkoal\n|turn|1\n|\n|t:|1788443412\n|move|p2b: Torkoal|Protect|p2b: Torkoal\n|-singleturn|p2b: Torkoal|Protect\n|move|p1b: Excadrill|High Horsepower|p2a: Farigiraf\n|-damage|p2a: Farigiraf|53/100\n|move|p1a: Tyranitar|Knock Off|p2a: Farigiraf\n|-supereffective|p2a: Farigiraf|1\n|-enditem|p2a: Farigiraf|Colbur Berry|[eat]\n|-enditem|p2a: Farigiraf|Colbur Berry|[weaken]\n|-damage|p2a: Farigiraf|5/100\n|move|p2a: Farigiraf|Trick Room|p2a: Farigiraf\n|-fieldstart|move: Trick Room|[of] p2a: Farigiraf\n|\n|-weather|SunnyDay|[upkeep]\n|upkeep\n|turn|2\n|\n|t:|1788443434\n|move|p1b: Excadrill|Protect|p1b: Excadrill\n|-singleturn|p1b: Excadrill|Protect\n|move|p2b: Torkoal|Eruption|p1b: Excadrill|[spread] p1a\n|-activate|p1b: Excadrill|move: Protect\n|-resisted|p1a: Tyranitar|1\n|-damage|p1a: Tyranitar|57/100\n|move|p2a: Farigiraf|Twin Beam|p1b: Excadrill\n|-activate|p1b: Excadrill|move: Protect\n|move|p1a: Tyranitar|Knock Off|p2b: Torkoal\n|-damage|p2b: Torkoal|60/100\n|-enditem|p2b: Torkoal|Charcoal|[from] move: Knock Off|[of] p1a: Tyranitar\n|\n|-weather|SunnyDay|[upkeep]\n|upkeep\n|turn|3\n|\n|t:|1788443448\n|switch|p1b: Farigiraf|Farigiraf, L50, M|100/100\n|move|p2b: Torkoal|Eruption|p1b: Farigiraf|[spread] p1a,p1b\n|-resisted|p1a: Tyranitar|1\n|-damage|p1a: Tyranitar|36/100\n|-damage|p1b: Farigiraf|60/100\n|move|p2a: Farigiraf|Twin Beam|p1b: Farigiraf\n|-resisted|p1b: Farigiraf|1\n|-damage|p1b: Farigiraf|53/100\n|-resisted|p1b: Farigiraf|1\n|-damage|p1b: Farigiraf|46/100\n|-enditem|p1b: Farigiraf|Sitrus Berry|[eat]\n|-heal|p1b: Farigiraf|71/100|[from] item: Sitrus Berry\n|-hitcount|p1b: Farigiraf|2\n|move|p1a: Tyranitar|Rock Slide|p2a: Farigiraf|[spread] p2a,p2b\n|-supereffective|p2b: Torkoal|1\n|-damage|p2a: Farigiraf|0 fnt\n|-damage|p2b: Torkoal|14/100\n|faint|p2a: Farigiraf\n|\n|-weather|SunnyDay|[upkeep]\n|upkeep\n|\n|t:|1788443455\n|switch|p2a: Barbaracle|Barbaracle, L50, M|100/100\n|turn|4\n|\n|t:|1788443472\n|switch|p1a: Excadrill|Excadrill, L50, M|100/100\n|detailschange|p2a: Barbaracle|Barbaracle-Mega, L50, M\n|-mega|p2a: Barbaracle|Barbaracle|Barbaracite\n|move|p2b: Torkoal|Earth Power|p1a: Excadrill\n|-supereffective|p1a: Excadrill|1\n|-damage|p1a: Excadrill|40/100\n|move|p1b: Farigiraf|Psychic|p2a: Barbaracle\n|-supereffective|p2a: Barbaracle|1\n|-damage|p2a: Barbaracle|35/100\n|move|p2a: Barbaracle|Close Combat|p1b: Farigiraf\n|-damage|p1b: Farigiraf|0 fnt\n|-unboost|p2a: Barbaracle|def|1\n|-unboost|p2a: Barbaracle|spd|1\n|faint|p1b: Farigiraf\n|\n|-weather|SunnyDay|[upkeep]\n|upkeep\n|\n|t:|1788443486\n|switch|p1b: Staraptor|Staraptor, L50, M, shiny|100/100\n|-ability|p1b: Staraptor|Intimidate|boost\n|-unboost|p2a: Barbaracle|atk|1\n|-unboost|p2b: Torkoal|atk|1\n|turn|5\n|\n|t:|1788443501\n|switch|p1b: Tyranitar|Tyranitar, L50, F|36/100\n|-weather|Sandstorm|[from] ability: Sand Stream|[of] p1b: Tyranitar\n|move|p1a: Excadrill|Protect|p1a: Excadrill\n|-singleturn|p1a: Excadrill|Protect\n|move|p2b: Torkoal|Heat Wave|p1a: Excadrill|[spread] p1b\n|-activate|p1a: Excadrill|move: Protect\n|-resisted|p1b: Tyranitar|1\n|-damage|p1b: Tyranitar|27/100\n|move|p2a: Barbaracle|Rock Slide|p1b: Tyranitar|[spread] p1b\n|-activate|p1a: Excadrill|move: Protect\n|-damage|p1b: Tyranitar|10/100\n|\n|-weather|Sandstorm|[upkeep]\n|-damage|p2b: Torkoal|8/100|[from] Sandstorm\n|-fieldend|move: Trick Room\n|upkeep\n|turn|6\n|\n|t:|1788443515\n|move|p1b: Tyranitar|Protect|p1b: Tyranitar\n|-singleturn|p1b: Tyranitar|Protect\n|move|p1a: Excadrill|Earthquake|p2b: Torkoal|[spread] p2a,p2b\n|-activate|p1b: Tyranitar|move: Protect\n|-supereffective|p2a: Barbaracle|1\n|-supereffective|p2b: Torkoal|1\n|-damage|p2a: Barbaracle|0 fnt\n|-damage|p2b: Torkoal|0 fnt\n|faint|p2a: Barbaracle\n|faint|p2b: Torkoal\n|\n|-weather|Sandstorm|[upkeep]\n|upkeep\n|\n|t:|1788443519\n|switch|p2b: Lucario|Lucario, L50, F|100/100\n|turn|7\n|\n|t:|1788443531\n|switch|p1b: Staraptor|Staraptor, L50, M, shiny|100/100\n|-ability|p1b: Staraptor|Intimidate|boost\n|-fail|p2b: Lucario|unboost|atk|[from] ability: Inner Focus|[of] p2b: Lucario\n|move|p1a: Excadrill|Earthquake|p2b: Lucario|[spread] p2b\n|-immune|p1b: Staraptor\n|-supereffective|p2b: Lucario|1\n|-damage|p2b: Lucario|0 fnt\n|faint|p2b: Lucario\n|\n|win|TESTDIGI\n","uploadtime":1788443375,"views":"0","formatid":"gen9championsvgc2026regmb","rating":null,"private":0,"password":null}