{"id":"gen9championsvgc2026regmbbo3-2673529746","format":"[Gen 9 Champions] VGC 2026 Reg M-B (Bo3)","players":["gyaradosagent93","caZISA"],"log":"|j|☆gyaradosagent93\n|j|☆caZISA\n|html|<table width=\"100%\"><tr><td align=\"left\">gyaradosagent93</td><td align=\"right\">caZISA</tr><tr><td align=\"left\"><i class=\"fa fa-circle-o\"></i> <i class=\"fa fa-circle-o\"></i> </td><td align=\"right\"><i class=\"fa fa-circle-o\"></i> <i class=\"fa fa-circle\"></i> </tr></table>\n|uhtml|bestof|<h2><strong>Game 2</strong> of <a href=\"/game-bestof3-gen9championsvgc2026regmbbo3-2673528360\">a best-of-3</a></h2>\n|t:|1788209049\n|gametype|doubles\n|player|p1|gyaradosagent93|1|1250\n|player|p2|caZISA|red|1500\n|gen|9\n|tier|[Gen 9 Champions] VGC 2026 Reg M-B (Bo3)\n|rated|\n|rule|Species Clause: Limit one of each Pokémon\n|rule|Item Clause: Limit 1 of each item\n|clearpoke\n|poke|p1|Dragonite, L50, M|\n|poke|p1|Kingambit, L50, F|\n|poke|p1|Whimsicott, L50, F|\n|poke|p1|Ninetales-Alola, L50, F|\n|poke|p1|Glimmora, L50, M|\n|poke|p1|Basculegion, L50, M|\n|poke|p2|Charizard, L50, F, shiny|\n|poke|p2|Floette-Eternal, L50, F|\n|poke|p2|Garchomp, L50, M|\n|poke|p2|Venusaur, L50, F|\n|poke|p2|Incineroar, L50, F|\n|poke|p2|Sneasler, L50, M|\n|teampreview|4\n|showteam|p1|Dragonite||Dragoninite|InnerFocus|DragonPulse,HeatWave,Thunderbolt,Protect|Modest||M|||50|]Kingambit||ChopleBerry|Defiant|KowtowCleave,IronHead,LowKick,SuckerPunch|Adamant||F|||50|]Whimsicott||FocusSash|Prankster|Moonblast,Tailwind,Encore,Protect|Timid||F|||50|]Ninetales-Alola||NeverMeltIce|SnowWarning|Blizzard,FreezeDry,AuroraVeil,Protect|Timid||F|||50|]Glimmora||Glimmoranite|ToxicDebris|PowerGem,SludgeBomb,EarthPower,SpikyShield|Modest||M|||50|]Basculegion||LifeOrb|Adaptability|WaveCrash,LastRespects,AquaJet,Protect|Adamant||M|||50|\n|showteam|p2|Charizard||CharizarditeY|Blaze|HeatWave,WeatherBall,SolarBeam,Protect|Modest||F|||50|]Floette-Eternal||Floettite|FlowerVeil|Moonblast,DrainingKiss,CalmMind,Protect|Timid||F|||50|]Garchomp||ChoiceScarf|RoughSkin|DragonClaw,RockSlide,Earthquake,StompingTantrum|Adamant||M|||50|]Venusaur||WideLens|Chlorophyll|EarthPower,SludgeBomb,SleepPowder,Protect|Modest||F|||50|]Incineroar||ChopleBerry|Intimidate|FakeOut,FlareBlitz,ThroatChop,PartingShot|Careful||F|||50|]Sneasler||WhiteHerb|Unburden|FakeOut,DireClaw,CloseCombat,Protect|Jolly||M|||50|\n|inactive|Battle timer is ON: inactive players will automatically lose when time's up. (requested by caZISA)\n|\n|t:|1788209075\n|teamsize|p1|4\n|teamsize|p2|4\n|start\n|switch|p1a: Whimsicott|Whimsicott, L50, F|100/100\n|switch|p1b: Dragonite|Dragonite, L50, M|100/100\n|switch|p2a: Rene|Venusaur, L50, F|100/100\n|switch|p2b: Tigre Toño|Incineroar, L50, F|100/100\n|-ability|p2b: Tigre Toño|Intimidate|boost\n|-unboost|p1a: Whimsicott|atk|1\n|-fail|p1b: Dragonite|unboost|Attack|[from] ability: Inner Focus|[of] p1b: Dragonite\n|turn|1\n|inactive|gyaradosagent93 has 30 seconds left.\n|\n|t:|1788209103\n|move|p1a: Whimsicott|Protect|p1a: Whimsicott\n|-singleturn|p1a: Whimsicott|Protect\n|move|p1b: Dragonite|Protect|p1b: Dragonite\n|-singleturn|p1b: Dragonite|Protect\n|move|p2a: Rene|Protect|p2a: Rene\n|-singleturn|p2a: Rene|Protect\n|move|p2b: Tigre Toño|Parting Shot|p1b: Dragonite\n|-activate|p1b: Dragonite|move: Protect\n|\n|upkeep\n|turn|2\n|\n|t:|1788209120\n|switch|p2a: Sneasler|Sneasler, L50, M|100/100\n|detailschange|p1b: Dragonite|Dragonite-Mega, L50, M\n|-mega|p1b: Dragonite|Dragonite|Dragoninite\n|move|p1a: Whimsicott|Moonblast|p2a: Sneasler\n|-damage|p2a: Sneasler|51/100\n|move|p1b: Dragonite|Heat Wave|p2a: Sneasler|[spread] p2a,p2b\n|-resisted|p2b: Tigre Toño|1\n|-damage|p2a: Sneasler|12/100\n|-damage|p2b: Tigre Toño|88/100\n|move|p2b: Tigre Toño|Parting Shot|p1b: Dragonite\n|-unboost|p1b: Dragonite|atk|1\n|-unboost|p1b: Dragonite|spa|1\n|\n|t:|1788209130\n|switch|p2b: Saphira|Charizard, L50, F, shiny|100/100|[from] Parting Shot\n|\n|upkeep\n|turn|3\n|\n|t:|1788209136\n|switch|p2a: Tigre Toño|Incineroar, L50, F|88/100\n|-ability|p2a: Tigre Toño|Intimidate|boost\n|-unboost|p1a: Whimsicott|atk|1\n|-unboost|p1b: Dragonite|atk|1\n|switch|p1b: Basculegion|Basculegion, L50, M|100/100\n|detailschange|p2b: Saphira|Charizard-Mega-Y, L50, F, shiny\n|-mega|p2b: Saphira|Charizard|Charizardite Y\n|-weather|SunnyDay|[from] ability: Drought|[of] p2b: Saphira\n|move|p1a: Whimsicott|Protect|p1a: Whimsicott\n|-singleturn|p1a: Whimsicott|Protect\n|move|p2b: Saphira|Heat Wave|p1b: Basculegion|[spread] p1b\n|-activate|p1a: Whimsicott|move: Protect\n|-resisted|p1b: Basculegion|1\n|-damage|p1b: Basculegion|63/100\n|\n|-weather|SunnyDay|[upkeep]\n|upkeep\n|turn|4\n|inactive|gyaradosagent93 has 30 seconds left.\n|\n|t:|1788209165\n|switch|p1a: Ninetales|Ninetales-Alola, L50, F|100/100\n|-weather|Snowscape|[from] ability: Snow Warning|[of] p1a: Ninetales\n|switch|p2a: Rene|Venusaur, L50, F|100/100\n|move|p2b: Saphira|Protect|p2b: Saphira\n|-singleturn|p2b: Saphira|Protect\n|move|p1b: Basculegion|Wave Crash|p2b: Saphira\n|-activate|p2b: Saphira|move: Protect\n|\n|-weather|Snowscape|[upkeep]\n|upkeep\n|turn|5\n|\n|t:|1788209187\n|switch|p2b: Tigre Toño|Incineroar, L50, F|88/100\n|-ability|p2b: Tigre Toño|Intimidate|boost\n|-unboost|p1a: Ninetales|atk|1\n|-unboost|p1b: Basculegion|atk|1\n|move|p2a: Rene|Protect|p2a: Rene\n|-singleturn|p2a: Rene|Protect\n|move|p1a: Ninetales|Blizzard|p2a: Rene|[spread] p2b\n|-activate|p2a: Rene|move: Protect\n|-resisted|p2b: Tigre Toño|1\n|-damage|p2b: Tigre Toño|75/100\n|-status|p2b: Tigre Toño|frz\n|move|p1b: Basculegion|Wave Crash|p2b: Tigre Toño\n|-supereffective|p2b: Tigre Toño|1\n|-damage|p2b: Tigre Toño|0 fnt\n|faint|p2b: Tigre Toño\n|-damage|p1b: Basculegion|39/100|[from] Recoil\n|-damage|p1b: Basculegion|30/100|[from] item: Life Orb\n|\n|-weather|Snowscape|[upkeep]\n|upkeep\n|\n|t:|1788209198\n|switch|p2b: Saphira|Charizard-Mega-Y, L50, F, shiny|100/100\n|-weather|SunnyDay|[from] ability: Drought|[of] p2b: Saphira\n|turn|6\n|\n|t:|1788209214\n|switch|p1a: Whimsicott|Whimsicott, L50, F|100/100\n|move|p1b: Basculegion|Protect|p1b: Basculegion\n|-singleturn|p1b: Basculegion|Protect\n|move|p2a: Rene|Sludge Bomb|p1a: Whimsicott\n|-supereffective|p1a: Whimsicott|2\n|-enditem|p1a: Whimsicott|Focus Sash\n|-damage|p1a: Whimsicott|1/100\n|move|p2b: Saphira|Heat Wave|p1b: Basculegion|[spread] p1a\n|-activate|p1b: Basculegion|move: Protect\n|-supereffective|p1a: Whimsicott|1\n|-damage|p1a: Whimsicott|0 fnt\n|faint|p1a: Whimsicott\n|\n|-weather|SunnyDay|[upkeep]\n|upkeep\n|\n|t:|1788209228\n|switch|p1a: Ninetales|Ninetales-Alola, L50, F|100/100\n|-weather|Snowscape|[from] ability: Snow Warning|[of] p1a: Ninetales\n|turn|7\n|\n|t:|1788209247\n|switch|p2b: Sneasler|Sneasler, L50, M|12/100\n|move|p1a: Ninetales|Protect|p1a: Ninetales\n|-singleturn|p1a: Ninetales|Protect\n|move|p2a: Rene|Protect|p2a: Rene\n|-singleturn|p2a: Rene|Protect\n|move|p1b: Basculegion|Last Respects|p2b: Sneasler\n|-damage|p2b: Sneasler|0 fnt\n|faint|p2b: Sneasler\n|-damage|p1b: Basculegion|20/100y|[from] item: Life Orb\n|\n|-weather|Snowscape|[upkeep]\n|upkeep\n|\n|t:|1788209255\n|switch|p2b: Saphira|Charizard-Mega-Y, L50, F, shiny|100/100\n|-weather|SunnyDay|[from] ability: Drought|[of] p2b: Saphira\n|turn|8\n|\n|t:|1788209266\n|switch|p1a: Dragonite|Dragonite-Mega, L50, M|100/100\n|move|p1b: Basculegion|Protect|p1b: Basculegion\n|-singleturn|p1b: Basculegion|Protect\n|move|p2a: Rene|Sleep Powder|p1a: Dragonite\n|-status|p1a: Dragonite|slp|[from] move: Sleep Powder\n|move|p2b: Saphira|Heat Wave|p1a: Dragonite|[spread] p1a\n|-activate|p1b: Basculegion|move: Protect\n|-resisted|p1a: Dragonite|1\n|-damage|p1a: Dragonite|87/100 slp\n|\n|-weather|SunnyDay|[upkeep]\n|upkeep\n|turn|9\n|\n|t:|1788209287\n|switch|p1a: Ninetales|Ninetales-Alola, L50, F|100/100\n|-weather|Snowscape|[from] ability: Snow Warning|[of] p1a: Ninetales\n|move|p2b: Saphira|Protect|p2b: Saphira\n|-singleturn|p2b: Saphira|Protect\n|move|p1b: Basculegion|Aqua Jet|p2b: Saphira\n|-activate|p2b: Saphira|move: Protect\n|move|p2a: Rene|Earth Power|p1b: Basculegion\n|-crit|p1b: Basculegion\n|-damage|p1b: Basculegion|0 fnt\n|faint|p1b: Basculegion\n|\n|-weather|Snowscape|[upkeep]\n|upkeep\n|\n|t:|1788209299\n|switch|p1b: Dragonite|Dragonite-Mega, L50, M|87/100 slp\n|turn|10\n|\n|t:|1788209305\n|move|p1a: Ninetales|Protect|p1a: Ninetales\n|-singleturn|p1a: Ninetales|Protect\n|move|p2a: Rene|Protect|p2a: Rene\n|-singleturn|p2a: Rene|Protect\n|cant|p1b: Dragonite|slp\n|move|p2b: Saphira|Heat Wave|p1b: Dragonite|[spread] p1b\n|-activate|p1a: Ninetales|move: Protect\n|-resisted|p1b: Dragonite|1\n|-damage|p1b: Dragonite|69/100 slp\n|\n|-weather|Snowscape|[upkeep]\n|upkeep\n|turn|11\n|\n|t:|1788209321\n|move|p1a: Ninetales|Blizzard|p2b: Saphira|[spread] p2a,p2b\n|-supereffective|p2a: Rene|1\n|-damage|p2a: Rene|18/100\n|-damage|p2b: Saphira|67/100\n|move|p2b: Saphira|Heat Wave|p1a: Ninetales|[spread] p1a,p1b\n|-supereffective|p1a: Ninetales|1\n|-resisted|p1b: Dragonite|1\n|-damage|p1a: Ninetales|9/100\n|-damage|p1b: Dragonite|50/100y slp\n|cant|p1b: Dragonite|slp\n|move|p2a: Rene|Sludge Bomb|p1b: Dragonite\n|-damage|p1b: Dragonite|12/100 slp\n|\n|-weather|Snowscape|[upkeep]\n|upkeep\n|turn|12\n|inactive|caZISA has 30 seconds left.\n|\n|t:|1788209351\n|move|p1a: Ninetales|Protect|p1a: Ninetales\n|-singleturn|p1a: Ninetales|Protect\n|move|p2b: Saphira|Heat Wave|p1b: Dragonite|[spread] p1b\n|-activate|p1a: Ninetales|move: Protect\n|-resisted|p1b: Dragonite|1\n|-damage|p1b: Dragonite|0 fnt\n|faint|p1b: Dragonite\n|move|p2a: Rene|Sludge Bomb|p1a: Ninetales\n|-activate|p1a: Ninetales|move: Protect\n|\n|-weather|Snowscape|[upkeep]\n|upkeep\n|turn|13\n|\n|t:|1788209361\n|move|p2b: Saphira|Protect|p2b: Saphira\n|-singleturn|p2b: Saphira|Protect\n|move|p2a: Rene|Protect|p2a: Rene\n|-singleturn|p2a: Rene|Protect\n|move|p1a: Ninetales|Blizzard|p2a: Rene|[spread] \n|-activate|p2a: Rene|move: Protect\n|-activate|p2b: Saphira|move: Protect\n|\n|-weather|none\n|upkeep\n|turn|14\n|\n|t:|1788209377\n|move|p1a: Ninetales|Blizzard|p2b: Saphira|[spread] p2b\n|-miss|p1a: Ninetales|p2a: Rene\n|-damage|p2b: Saphira|36/100\n|move|p2b: Saphira|Weather Ball|p1a: Ninetales\n|-damage|p1a: Ninetales|0 fnt\n|faint|p1a: Ninetales\n|\n|win|caZISA\n|raw|gyaradosagent93's rating: 1250 &rarr; <strong>1240</strong><br />(-10 for losing)\n|raw|caZISA's rating: 1500 &rarr; <strong>1508</strong><br />(+8 for winning)\n|l|☆caZISA\n|player|p2|\n","uploadtime":1788209385,"views":"1","formatid":"gen9championsvgc2026regmbbo3","rating":1240,"private":0,"password":null}