{"id":"gen9championsvgc2026regmbbo3-2674319753","format":"[Gen 9 Champions] VGC 2026 Reg M-B (Bo3)","players":["shibikanon","MartinFelice"],"log":"|j|☆shibikanon\n|j|☆MartinFelice\n|html|<table width=\"100%\"><tr><td align=\"left\">shibikanon</td><td align=\"right\">MartinFelice</tr><tr><td align=\"left\"><i class=\"fa fa-circle-o\"></i> <i class=\"fa fa-circle-o\"></i> </td><td align=\"right\"><i class=\"fa fa-circle-o\"></i> <i class=\"fa fa-circle-o\"></i> </tr></table>\n|uhtml|bestof|<h2><strong>Game 1</strong> of <a href=\"/game-bestof3-gen9championsvgc2026regmbbo3-2674319752\">a best-of-3</a></h2>\n|t:|1788340042\n|gametype|doubles\n|player|p1|shibikanon|skyla-masters3|1391\n|player|p2|MartinFelice|ethan|1352\n|gen|9\n|tier|[Gen 9 Champions] VGC 2026 Reg M-B (Bo3)\n|rated|\n|rule|Species Clause: Limit one of each Pokémon\n|rule|Item Clause: Limit 1 of each item\n|clearpoke\n|poke|p1|Charizard, L50, F, shiny|\n|poke|p1|Sylveon, L50, F, shiny|\n|poke|p1|Incineroar, L50, F|\n|poke|p1|Rhyperior, L50, F|\n|poke|p1|Farigiraf, L50, M|\n|poke|p1|Basculegion, L50, M|\n|poke|p2|Raichu, L50, M|\n|poke|p2|Staraptor, L50, M, shiny|\n|poke|p2|Arcanine-Hisui, L50, F, shiny|\n|poke|p2|Farigiraf, L50, F, shiny|\n|poke|p2|Sylveon, L50, M, shiny|\n|poke|p2|Kingambit, L50, F, shiny|\n|teampreview|4\n|showteam|p1|Charizard||CharizarditeY|Blaze|HeatWave,WeatherBall,SolarBeam,Protect|Modest||F|||50|]Sylveon||FairyFeather|Pixilate|HyperVoice,QuickAttack,HyperBeam,Detect|Modest||F|||50|]Incineroar||SitrusBerry|Intimidate|FlareBlitz,ThroatChop,PartingShot,FakeOut|Adamant||F|||50|]Rhyperior||LifeOrb|SolidRock|HighHorsepower,RockSlide,IcePunch,Protect|Brave||F|||50|]Farigiraf||ColburBerry|ArmorTail|Psychic,Thunderbolt,TrickRoom,Protect|Modest||M|||50|]Basculegion||ChoiceScarf|Adaptability|WaveCrash,LastRespects,AquaJet,FlipTurn|Jolly||M|||50|\n|showteam|p2|Raichu||RaichuniteY|LightningRod|ZapCannon,FocusBlast,FakeOut,Protect|Timid||M|||50|]Staraptor||Staraptite|Intimidate|CloseCombat,DualWingbeat,Tailwind,Protect|Jolly||M|||50|]Arcanine-Hisui||FocusSash|RockHead|FlareBlitz,HeadSmash,ExtremeSpeed,Protect|Jolly||F|||50|]Farigiraf||SitrusBerry|ArmorTail|Psychic,HelpingHand,TrickRoom,Protect|Bold||F|||50|]Sylveon||FairyFeather|Pixilate|HyperBeam,HyperVoice,Protect,QuickAttack|Modest||M|||50|]Kingambit||LifeOrb|Defiant|SuckerPunch,SwordsDance,KowtowCleave,Protect|Adamant||F|||50|\n|inactive|Battle timer is ON: inactive players will automatically lose when time's up. (requested by shibikanon)\n|inactive|MartinFelice has 60 seconds left.\n|inactive|MartinFelice has 30 seconds left.\n|\n|t:|1788340104\n|teamsize|p1|4\n|teamsize|p2|4\n|start\n|switch|p1a: Basculegion|Basculegion, L50, M|100/100\n|switch|p1b: Farigiraf|Farigiraf, L50, M|100/100\n|switch|p2a: Staraptor|Staraptor, L50, M, shiny|100/100\n|switch|p2b: Arcanine|Arcanine-Hisui, L50, F, shiny|100/100\n|-ability|p2a: Staraptor|Intimidate|boost\n|-unboost|p1a: Basculegion|atk|1\n|-unboost|p1b: Farigiraf|atk|1\n|turn|1\n|inactive|MartinFelice has 30 seconds left.\n|\n|t:|1788340136\n|detailschange|p2a: Staraptor|Staraptor-Mega, L50, M, shiny\n|-mega|p2a: Staraptor|Staraptor|Staraptite\n|move|p2b: Arcanine|Protect|p2b: Arcanine\n|-singleturn|p2b: Arcanine|Protect\n|move|p1b: Farigiraf|Protect|p1b: Farigiraf\n|-singleturn|p1b: Farigiraf|Protect\n|move|p1a: Basculegion|Flip Turn|p2b: Arcanine\n|-activate|p2b: Arcanine|move: Protect\n|move|p2a: Staraptor|Tailwind|p2a: Staraptor\n|-sidestart|p2: MartinFelice|move: Tailwind\n|\n|upkeep\n|turn|2\n|inactive|shibikanon has 30 seconds left.\n|\n|t:|1788340161\n|switch|p2b: Farigiraf|Farigiraf, L50, F, shiny|100/100\n|move|p2a: Staraptor|Close Combat|p1b: Farigiraf\n|-damage|p1b: Farigiraf|49/100\n|-boost|p2a: Staraptor|def|1\n|-boost|p2a: Staraptor|spd|1\n|move|p1a: Basculegion|Flip Turn|p2b: Farigiraf\n|-damage|p2b: Farigiraf|81/100\n|\n|t:|1788340165\n|switch|p1a: Rhyperior|Rhyperior, L50, F|100/100|[from] Flip Turn\n|move|p1b: Farigiraf|Trick Room|p1b: Farigiraf\n|-fieldstart|move: Trick Room|[of] p1b: Farigiraf\n|\n|upkeep\n|turn|3\n|\n|t:|1788340185\n|move|p2a: Staraptor|Protect|p2a: Staraptor\n|-singleturn|p2a: Staraptor|Protect\n|move|p1a: Rhyperior|Ice Punch|p2a: Staraptor\n|-activate|p2a: Staraptor|move: Protect\n|move|p1b: Farigiraf|Psychic|p2a: Staraptor\n|-activate|p2a: Staraptor|move: Protect\n|move|p2b: Farigiraf|Trick Room|p2b: Farigiraf\n|-fieldend|move: Trick Room\n|\n|upkeep\n|turn|4\n|\n|t:|1788340206\n|switch|p1b: Basculegion|Basculegion, L50, M|100/100\n|move|p2a: Staraptor|Close Combat|p1b: Basculegion\n|-immune|p1b: Basculegion\n|move|p2b: Farigiraf|Psychic|p1a: Rhyperior\n|-damage|p1a: Rhyperior|58/100\n|move|p1a: Rhyperior|Ice Punch|p2a: Staraptor\n|-supereffective|p2a: Staraptor|1\n|-damage|p2a: Staraptor|49/100\n|-damage|p1a: Rhyperior|48/100|[from] item: Life Orb\n|\n|-sideend|p2: MartinFelice|move: Tailwind\n|upkeep\n|turn|5\n|inactive|shibikanon has 30 seconds left.\n|\n|t:|1788340233\n|move|p2a: Staraptor|Protect|p2a: Staraptor\n|-singleturn|p2a: Staraptor|Protect\n|move|p1a: Rhyperior|Protect|p1a: Rhyperior\n|-singleturn|p1a: Rhyperior|Protect\n|move|p1b: Basculegion|Wave Crash|p2a: Staraptor\n|-activate|p2a: Staraptor|move: Protect\n|move|p2b: Farigiraf|Psychic|p1a: Rhyperior\n|-activate|p1a: Rhyperior|move: Protect\n|\n|upkeep\n|turn|6\n|inactive|MartinFelice has 30 seconds left.\n|\n|t:|1788340261\n|switch|p1a: Farigiraf|Farigiraf, L50, M|49/100\n|move|p1b: Basculegion|Wave Crash|p2a: Staraptor\n|-damage|p2a: Staraptor|0 fnt\n|faint|p2a: Staraptor\n|-damage|p1b: Basculegion|85/100|[from] Recoil\n|move|p2b: Farigiraf|Psychic|p1b: Basculegion\n|-damage|p1b: Basculegion|44/100\n|\n|upkeep\n|\n|t:|1788340273\n|switch|p2a: Sylveon|Sylveon, L50, M, shiny|100/100\n|turn|7\n|inactive|shibikanon has 30 seconds left.\n|inactive|shibikanon has 20 seconds left.\n|inactive|shibikanon has 15 seconds left.\n|inactive|shibikanon has 10 seconds left.\n|\n|t:|1788340318\n|move|p2b: Farigiraf|Helping Hand|p2a: Sylveon\n|-singleturn|p2a: Sylveon|Helping Hand|[of] p2b: Farigiraf\n|move|p1a: Farigiraf|Protect|p1a: Farigiraf\n|-singleturn|p1a: Farigiraf|Protect\n|move|p1b: Basculegion|Wave Crash|p2b: Farigiraf\n|-damage|p2b: Farigiraf|23/100\n|-enditem|p2b: Farigiraf|Sitrus Berry|[eat]\n|-heal|p2b: Farigiraf|48/100|[from] item: Sitrus Berry\n|-damage|p1b: Basculegion|22/100|[from] Recoil\n|move|p2a: Sylveon|Hyper Voice|p1b: Basculegion|[spread] p1b\n|-activate|p1a: Farigiraf|move: Protect\n|-damage|p1b: Basculegion|0 fnt\n|faint|p1b: Basculegion\n|\n|upkeep\n|\n|t:|1788340321\n|switch|p1b: Charizard|Charizard, L50, F, shiny|100/100\n|turn|8\n|\n|t:|1788340345\n|switch|p2a: Arcanine|Arcanine-Hisui, L50, F, shiny|100/100\n|switch|p1a: Rhyperior|Rhyperior, L50, F|48/100\n|detailschange|p1b: Charizard|Charizard-Mega-Y, L50, F, shiny\n|-mega|p1b: Charizard|Charizard|Charizardite Y\n|-weather|SunnyDay|[from] ability: Drought|[of] p1b: Charizard\n|move|p2b: Farigiraf|Protect|p2b: Farigiraf\n|-singleturn|p2b: Farigiraf|Protect\n|move|p1b: Charizard|Weather Ball|p2a: Arcanine\n|-resisted|p2a: Arcanine|2\n|-damage|p2a: Arcanine|73/100\n|\n|-weather|SunnyDay|[upkeep]\n|upkeep\n|turn|9\n|inactive|shibikanon has 30 seconds left.\n|\n|t:|1788340379\n|switch|p1b: Farigiraf|Farigiraf, L50, M|49/100\n|move|p2a: Arcanine|Protect|p2a: Arcanine\n|-singleturn|p2a: Arcanine|Protect\n|move|p2b: Farigiraf|Psychic|p1a: Rhyperior\n|-damage|p1a: Rhyperior|9/100\n|move|p1a: Rhyperior|Rock Slide|p2b: Farigiraf|[spread] p2b\n|-activate|p2a: Arcanine|move: Protect\n|-damage|p2b: Farigiraf|16/100\n|-damage|p1a: Rhyperior|0 fnt|[from] item: Life Orb\n|faint|p1a: Rhyperior\n|\n|-weather|SunnyDay|[upkeep]\n|upkeep\n|\n|t:|1788340384\n|switch|p1a: Charizard|Charizard-Mega-Y, L50, F, shiny|100/100\n|turn|10\n|\n|t:|1788340404\n|move|p1b: Farigiraf|Protect|p1b: Farigiraf\n|-singleturn|p1b: Farigiraf|Protect\n|move|p2a: Arcanine|Head Smash|p1a: Charizard\n|-supereffective|p1a: Charizard|2\n|-damage|p1a: Charizard|0 fnt\n|faint|p1a: Charizard\n|move|p2b: Farigiraf|Psychic|p1b: Farigiraf\n|-activate|p1b: Farigiraf|move: Protect\n|\n|-weather|SunnyDay|[upkeep]\n|upkeep\n|turn|11\n|-message|shibikanon forfeited.\n|\n|win|MartinFelice\n","uploadtime":1788340411,"views":"1","formatid":"gen9championsvgc2026regmbbo3","rating":null,"private":0,"password":null}