{"id":"gen9championsvgc2026regmbbo3-2673476274","format":"[Gen 9 Champions] VGC 2026 Reg M-B (Bo3)","players":["Magitoo","Eshaway"],"log":"|j|☆Magitoo\n|j|☆Eshaway\n|html|<table width=\"100%\"><tr><td align=\"left\">Magitoo</td><td align=\"right\">Eshaway</tr><tr><td align=\"left\"><i class=\"fa fa-circle-o\"></i> <i class=\"fa fa-circle-o\"></i> </td><td align=\"right\"><i class=\"fa fa-circle-o\"></i> <i class=\"fa fa-circle-o\"></i> </tr></table>\n|uhtml|bestof|<h2><strong>Game 1</strong> of <a href=\"/game-bestof3-gen9championsvgc2026regmbbo3-2673476273\">a best-of-3</a></h2>\n|t:|1788202363\n|gametype|doubles\n|player|p1|Magitoo|169|1009\n|player|p2|Eshaway|n|1000\n|gen|9\n|tier|[Gen 9 Champions] VGC 2026 Reg M-B (Bo3)\n|rated|\n|rule|Species Clause: Limit one of each Pokémon\n|rule|Item Clause: Limit 1 of each item\n|clearpoke\n|poke|p1|Aromatisse, L50, M|\n|poke|p1|Crabominable, L50, F|\n|poke|p1|Trevenant, L50, M|\n|poke|p1|Torkoal, L50, M|\n|poke|p1|Araquanid, L50, M|\n|poke|p1|Farigiraf, L50, F|\n|poke|p2|Archaludon, L50, M|\n|poke|p2|Sinistcha, L50|\n|poke|p2|Swampert, L50, M|\n|poke|p2|Grimmsnarl, L50, M|\n|poke|p2|Pelipper, L50, F|\n|poke|p2|Metagross, L50|\n|teampreview|4\n|showteam|p1|Aromatisse||Leftovers|AromaVeil|Moonblast,HealPulse,HelpingHand,TrickRoom|Quiet||M|||50|]Crabominable||Crabominite|HyperCutter|DrainPunch,IceHammer,ThunderPunch,Protect|Brave||F|||50|]Trevenant||SitrusBerry|Harvest|HornLeech,Poltergeist,Growth,Protect|Lax||M|||50|]Torkoal||Charcoal|Drought|Eruption,HeatWave,EarthPower,Protect|Quiet||M|||50|]Araquanid||MysticWater|WaterBubble|Liquidation,LeechLife,WideGuard,Protect|Brave||M|||50|]Farigiraf||ColburBerry|ArmorTail|TwinBeam,HyperVoice,TrickRoom,Protect|Sassy||F|||50|\n|showteam|p2|Archaludon||Leftovers|Stamina|ElectroShot,DragonPulse,FlashCannon,Protect|Bold||M|||50|]Sinistcha||ColburBerry|Hospitality|TrickRoom,LifeDew,RagePowder,MatchaGotcha|Bold|||||50|]Swampert||Swampertite|Damp|WaveCrash,IcePunch,Earthquake,Protect|Adamant||M|||50|]Grimmsnarl||LightClay|Prankster|PartingShot,SpiritBreak,Reflect,LightScreen|Careful||M|||50|]Pelipper||SitrusBerry|Drizzle|Hurricane,WeatherBall,WideGuard,Tailwind|Calm||F|||50|]Metagross||Metagrossite|ClearBody|IronHead,PsychicFangs,Protect,StompingTantrum|Adamant|||||50|\n|inactive|Battle timer is ON: inactive players will automatically lose when time's up. (requested by Eshaway)\n|inactive|Eshaway has 60 seconds left.\n|\n|t:|1788202421\n|teamsize|p1|4\n|teamsize|p2|4\n|start\n|switch|p1a: Trevenant|Trevenant, L50, M|100/100\n|switch|p1b: Aromatisse|Aromatisse, L50, M|100/100\n|switch|p2a: Metagross|Metagross, L50|100/100\n|switch|p2b: Sinistcha|Sinistcha, L50|100/100\n|turn|1\n|inactive|Eshaway has 30 seconds left.\n|\n|t:|1788202456\n|switch|p2b: Archaludon|Archaludon, L50, M|100/100\n|switch|p1b: Torkoal|Torkoal, L50, M|100/100\n|-weather|SunnyDay|[from] ability: Drought|[of] p1b: Torkoal\n|detailschange|p2a: Metagross|Metagross-Mega, L50\n|-mega|p2a: Metagross|Metagross|Metagrossite\n|move|p2a: Metagross|Iron Head|p1b: Torkoal\n|-resisted|p1b: Torkoal|1\n|-damage|p1b: Torkoal|73/100\n|move|p1a: Trevenant|Growth|p1a: Trevenant\n|-boost|p1a: Trevenant|atk|2\n|-boost|p1a: Trevenant|spa|2\n|\n|-weather|SunnyDay|[upkeep]\n|upkeep\n|turn|2\n|\n|t:|1788202480\n|switch|p2b: Pelipper|Pelipper, L50, F|100/100\n|-weather|RainDance|[from] ability: Drizzle|[of] p2b: Pelipper\n|move|p1b: Torkoal|Protect|p1b: Torkoal\n|-singleturn|p1b: Torkoal|Protect\n|move|p2a: Metagross|Stomping Tantrum|p1b: Torkoal\n|-activate|p1b: Torkoal|move: Protect\n|move|p1a: Trevenant|Poltergeist|p2a: Metagross\n|-activate|p2a: Metagross|move: Poltergeist|Metagrossite\n|-supereffective|p2a: Metagross|1\n|-damage|p2a: Metagross|0 fnt\n|faint|p2a: Metagross\n|\n|-weather|RainDance|[upkeep]\n|upkeep\n|\n|t:|1788202488\n|switch|p2a: Archaludon|Archaludon, L50, M|100/100\n|turn|3\n|\n|t:|1788202505\n|switch|p1b: Aromatisse|Aromatisse, L50, M|100/100\n|move|p2a: Archaludon|Electro Shot||[still]\n|-prepare|p2a: Archaludon|Electro Shot\n|-boost|p2a: Archaludon|spa|1\n|-anim|p2a: Archaludon|Electro Shot|p1b: Aromatisse\n|-damage|p1b: Aromatisse|41/100\n|move|p2b: Pelipper|Hurricane|p1a: Trevenant\n|-supereffective|p1a: Trevenant|1\n|-damage|p1a: Trevenant|7/100\n|-enditem|p1a: Trevenant|Sitrus Berry|[eat]\n|-heal|p1a: Trevenant|32/100|[from] item: Sitrus Berry\n|move|p1a: Trevenant|Poltergeist|p2a: Archaludon\n|-activate|p2a: Archaludon|move: Poltergeist|Leftovers\n|-damage|p2a: Archaludon|43/100\n|-ability|p2a: Archaludon|Stamina|boost\n|-boost|p2a: Archaludon|def|1\n|\n|-weather|RainDance|[upkeep]\n|-heal|p2a: Archaludon|49/100|[from] item: Leftovers\n|-heal|p1b: Aromatisse|47/100|[from] item: Leftovers\n|upkeep\n|turn|4\n|\n|t:|1788202529\n|switch|p1b: Torkoal|Torkoal, L50, M|73/100\n|-weather|SunnyDay|[from] ability: Drought|[of] p1b: Torkoal\n|move|p2a: Archaludon|Protect|p2a: Archaludon\n|-singleturn|p2a: Archaludon|Protect\n|move|p1a: Trevenant|Protect|p1a: Trevenant\n|-singleturn|p1a: Trevenant|Protect\n|move|p2b: Pelipper|Hurricane|p1a: Trevenant\n|-activate|p1a: Trevenant|move: Protect\n|\n|-weather|SunnyDay|[upkeep]\n|-heal|p2a: Archaludon|55/100|[from] item: Leftovers\n|-item|p1a: Trevenant|Sitrus Berry|[from] ability: Harvest\n|upkeep\n|-enditem|p1a: Trevenant|Sitrus Berry|[eat]\n|-heal|p1a: Trevenant|56/100|[from] item: Sitrus Berry\n|turn|5\n|\n|t:|1788202553\n|move|p2a: Archaludon|Dragon Pulse|p1b: Torkoal\n|-damage|p1b: Torkoal|0 fnt\n|faint|p1b: Torkoal\n|move|p2b: Pelipper|Weather Ball|p1a: Trevenant\n|-supereffective|p1a: Trevenant|1\n|-crit|p1a: Trevenant\n|-damage|p1a: Trevenant|0 fnt\n|faint|p1a: Trevenant\n|\n|-weather|SunnyDay|[upkeep]\n|-heal|p2a: Archaludon|61/100|[from] item: Leftovers\n|upkeep\n|\n|t:|1788202563\n|switch|p1a: Crabominable|Crabominable, L50, F|100/100\n|switch|p1b: Aromatisse|Aromatisse, L50, M|47/100\n|turn|6\n|\n|t:|1788202584\n|detailschange|p1a: Crabominable|Crabominable-Mega, L50, F\n|-mega|p1a: Crabominable|Crabominable|Crabominite\n|move|p2a: Archaludon|Flash Cannon|p1b: Aromatisse\n|-supereffective|p1b: Aromatisse|1\n|-damage|p1b: Aromatisse|0 fnt\n|faint|p1b: Aromatisse\n|move|p2b: Pelipper|Weather Ball|p1a: Crabominable\n|-supereffective|p1a: Crabominable|1\n|-damage|p1a: Crabominable|46/100\n|move|p1a: Crabominable|Drain Punch|p2a: Archaludon\n|-supereffective|p2a: Archaludon|1\n|-damage|p2a: Archaludon|15/100\n|-heal|p1a: Crabominable|68/100|[from] drain|[of] p2a: Archaludon\n|-ability|p2a: Archaludon|Stamina|boost\n|-boost|p2a: Archaludon|def|1\n|\n|-weather|SunnyDay|[upkeep]\n|-heal|p2a: Archaludon|21/100|[from] item: Leftovers\n|upkeep\n|turn|7\n|-message|Magitoo forfeited.\n|\n|win|Eshaway\n|l|☆Magitoo\n|player|p1|\n|raw|Magitoo's rating: 1009 &rarr; <strong>1000</strong><br />(-9 for losing)\n|raw|Eshaway's rating: 1000 &rarr; <strong>1041</strong><br />(+41 for winning)\n","uploadtime":1788202603,"views":"1","formatid":"gen9championsvgc2026regmbbo3","rating":1000,"private":0,"password":null}