{"id":"gen9championsvgc2026regmb-2674093918","format":"[Gen 9 Champions] VGC 2026 Reg M-B","players":["Charizar314","snachog"],"log":"|j|☆Charizar314\n|j|☆snachog\n|t:|1788298278\n|gametype|doubles\n|player|p1|Charizar314|richboy-gen4|1513\n|player|p2|snachog|liko|1580\n|gen|9\n|tier|[Gen 9 Champions] VGC 2026 Reg M-B\n|rated|\n|rule|Species Clause: Limit one of each Pokémon\n|rule|Item Clause: Limit 1 of each item\n|clearpoke\n|poke|p1|Chesnaught, L50, F, shiny|\n|poke|p1|Sinistcha-Masterpiece, L50, shiny|\n|poke|p1|Grimmsnarl, L50, M, shiny|\n|poke|p1|Pelipper, L50, M, shiny|\n|poke|p1|Archaludon, L50, M, shiny|\n|poke|p1|Swampert, L50, M, shiny|\n|poke|p2|Raichu, L50, F, shiny|\n|poke|p2|Staraptor, L50, M|\n|poke|p2|Arcanine-Hisui, L50, M|\n|poke|p2|Kingambit, L50, M|\n|poke|p2|Farigiraf, L50, F|\n|poke|p2|Sylveon, L50, M, shiny|\n|teampreview|4\n|inactive|Battle timer is ON: inactive players will automatically lose when time's up. (requested by snachog)\n|inactive|snachog has 60 seconds left.\n|\n|t:|1788298312\n|teamsize|p1|4\n|teamsize|p2|4\n|start\n|switch|p1a: Archaludon|Archaludon, L50, M, shiny|100/100\n|switch|p1b: Sinistcha|Sinistcha-Masterpiece, L50, shiny|100/100\n|switch|p2a: Sylveon|Sylveon, L50, M, shiny|100/100\n|switch|p2b: Farigiraf|Farigiraf, L50, F|100/100\n|turn|1\n|\n|t:|1788298332\n|move|p2a: Sylveon|Protect|p2a: Sylveon\n|-singleturn|p2a: Sylveon|Protect\n|move|p1a: Archaludon|Flash Cannon|p2a: Sylveon\n|-activate|p2a: Sylveon|move: Protect\n|move|p1b: Sinistcha|Matcha Gotcha|p2b: Farigiraf|[spread] p2b\n|-activate|p2a: Sylveon|move: Protect\n|-damage|p2b: Farigiraf|77/100\n|move|p2b: Farigiraf|Trick Room|p2b: Farigiraf\n|-fieldstart|move: Trick Room|[of] p2b: Farigiraf\n|\n|upkeep\n|turn|2\n|\n|t:|1788298347\n|switch|p1b: Pelipper|Pelipper, L50, M, shiny|100/100\n|-weather|RainDance|[from] ability: Drizzle|[of] p1b: Pelipper\n|move|p2b: Farigiraf|Helping Hand|p2a: Sylveon\n|-singleturn|p2a: Sylveon|Helping Hand|[of] p2b: Farigiraf\n|move|p2a: Sylveon|Hyper Voice|p1b: Pelipper|[spread] p1a,p1b\n|-damage|p1a: Archaludon|39/100\n|-damage|p1b: Pelipper|5/100\n|-ability|p1a: Archaludon|Stamina|boost\n|-boost|p1a: Archaludon|def|1\n|move|p1a: Archaludon|Electro Shot||[still]\n|-prepare|p1a: Archaludon|Electro Shot\n|-boost|p1a: Archaludon|spa|1\n|-anim|p1a: Archaludon|Electro Shot|p2a: Sylveon\n|-damage|p2a: Sylveon|59/100\n|\n|-weather|RainDance|[upkeep]\n|-heal|p1a: Archaludon|45/100|[from] item: Leftovers\n|upkeep\n|turn|3\n|inactive|Charizar314 has 30 seconds left.\n|\n|t:|1788298377\n|switch|p1b: Sinistcha|Sinistcha-Masterpiece, L50, shiny|100/100\n|-heal|p1a: Archaludon|70/100|[from] ability: Hospitality|[of] p1b: Sinistcha\n|move|p2b: Farigiraf|Psychic|p1b: Sinistcha\n|-damage|p1b: Sinistcha|66/100\n|move|p2a: Sylveon|Hyper Voice|p1a: Archaludon|[spread] p1a,p1b\n|-damage|p1a: Archaludon|29/100\n|-damage|p1b: Sinistcha|22/100\n|-ability|p1a: Archaludon|Stamina|boost\n|-boost|p1a: Archaludon|def|1\n|-enditem|p1b: Sinistcha|Sitrus Berry|[eat]\n|-heal|p1b: Sinistcha|47/100|[from] item: Sitrus Berry\n|move|p1a: Archaludon|Flash Cannon|p2a: Sylveon\n|-supereffective|p2a: Sylveon|1\n|-damage|p2a: Sylveon|0 fnt\n|faint|p2a: Sylveon\n|\n|-weather|RainDance|[upkeep]\n|-heal|p1a: Archaludon|36/100|[from] item: Leftovers\n|upkeep\n|\n|t:|1788298387\n|switch|p2a: Kingambit|Kingambit, L50, M|100/100\n|turn|4\n|\n|t:|1788298405\n|switch|p1b: Chesnaught|Chesnaught, L50, F, shiny|100/100\n|move|p2b: Farigiraf|Protect|p2b: Farigiraf\n|-singleturn|p2b: Farigiraf|Protect\n|move|p2a: Kingambit|Kowtow Cleave|p1b: Chesnaught\n|-resisted|p1b: Chesnaught|1\n|-damage|p1b: Chesnaught|82/100\n|-damage|p2a: Kingambit|90/100|[from] item: Life Orb\n|move|p1a: Archaludon|Electro Shot||[still]\n|-prepare|p1a: Archaludon|Electro Shot\n|-boost|p1a: Archaludon|spa|1\n|-anim|p1a: Archaludon|Electro Shot|p2b: Farigiraf\n|-activate|p2b: Farigiraf|move: Protect\n|\n|-weather|RainDance|[upkeep]\n|-heal|p1a: Archaludon|42/100|[from] item: Leftovers\n|upkeep\n|turn|5\n|\n|t:|1788298425\n|detailschange|p1b: Chesnaught|Chesnaught-Mega, L50, F, shiny\n|-mega|p1b: Chesnaught|Chesnaught|Chesnaughtite\n|move|p1b: Chesnaught|Iron Defense|p1b: Chesnaught\n|-boost|p1b: Chesnaught|def|2\n|move|p2b: Farigiraf|Psychic|p1b: Chesnaught\n|-supereffective|p1b: Chesnaught|1\n|-damage|p1b: Chesnaught|29/100\n|move|p2a: Kingambit|Swords Dance|p2a: Kingambit\n|-boost|p2a: Kingambit|atk|2\n|move|p1a: Archaludon|Electro Shot||[still]\n|-prepare|p1a: Archaludon|Electro Shot\n|-boost|p1a: Archaludon|spa|1\n|-anim|p1a: Archaludon|Electro Shot|p2b: Farigiraf\n|-damage|p2b: Farigiraf|0 fnt\n|faint|p2b: Farigiraf\n|\n|-weather|RainDance|[upkeep]\n|-heal|p1a: Archaludon|48/100|[from] item: Leftovers\n|-fieldend|move: Trick Room\n|upkeep\n|\n|t:|1788298441\n|switch|p2b: Raichu|Raichu, L50, F, shiny|100/100\n|turn|6\n|\n|t:|1788298453\n|move|p1b: Chesnaught|Spiky Shield|p1b: Chesnaught\n|-singleturn|p1b: Chesnaught|move: Protect\n|move|p2b: Raichu|Fake Out|p1b: Chesnaught\n|-activate|p1b: Chesnaught|move: Protect\n|-damage|p2b: Raichu|88/100|[from] Spiky Shield|[of] p1b: Chesnaught\n|move|p2a: Kingambit|Sucker Punch|p1a: Archaludon\n|-damage|p1a: Archaludon|8/100\n|-ability|p1a: Archaludon|Stamina|boost\n|-boost|p1a: Archaludon|def|1\n|-damage|p2a: Kingambit|80/100|[from] item: Life Orb\n|move|p1a: Archaludon|Dragon Pulse|p2b: Raichu\n|-damage|p2b: Raichu|0 fnt\n|faint|p2b: Raichu\n|\n|-weather|none\n|-heal|p1a: Archaludon|14/100|[from] item: Leftovers\n|upkeep\n|turn|7\n|\n|t:|1788298470\n|switch|p1a: Sinistcha|Sinistcha-Masterpiece, L50, shiny|47/100\n|-heal|p1b: Chesnaught|53/100|[from] ability: Hospitality|[of] p1a: Sinistcha\n|move|p2a: Kingambit|Sucker Punch|p1b: Chesnaught\n|-resisted|p1b: Chesnaught|1\n|-damage|p1b: Chesnaught|42/100\n|-damage|p2a: Kingambit|70/100|[from] item: Life Orb\n|move|p1b: Chesnaught|Body Press|p2a: Kingambit\n|-supereffective|p2a: Kingambit|2\n|-damage|p2a: Kingambit|0 fnt\n|faint|p2a: Kingambit\n|\n|win|Charizar314\n|raw|Charizar314's rating: 1513 &rarr; <strong>1537</strong><br />(+24 for winning)\n|raw|snachog's rating: 1580 &rarr; <strong>1556</strong><br />(-24 for losing)\n|l|☆snachog\n|player|p2|\n","uploadtime":1788298503,"views":"4","formatid":"gen9championsvgc2026regmb","rating":1537,"private":0,"password":null}