{"id":"gen9championsvgc2026regmb-2673891815","format":"[Gen 9 Champions] VGC 2026 Reg M-B","players":["kldmcxdsaofnkgdsfg","Orizor"],"log":"|j|☆kldmcxdsaofnkgdsfg\n|j|☆Orizor\n|t:|1788273777\n|gametype|doubles\n|player|p1|kldmcxdsaofnkgdsfg|169|1354\n|player|p2|Orizor|hilbert-wonderlauncher|1421\n|gen|9\n|tier|[Gen 9 Champions] VGC 2026 Reg M-B\n|rated|\n|rule|Species Clause: Limit one of each Pokémon\n|rule|Item Clause: Limit 1 of each item\n|clearpoke\n|poke|p1|Charizard, L50, F|\n|poke|p1|Whimsicott, L50, M|\n|poke|p1|Garchomp, L50, F|\n|poke|p1|Floette-Eternal, L50, F|\n|poke|p1|Basculegion, L50, M|\n|poke|p1|Kingambit, L50, F|\n|poke|p2|Charizard, L50, F|\n|poke|p2|Heliolisk, L50, F|\n|poke|p2|Garchomp, L50, F|\n|poke|p2|Kingambit, L50, M|\n|poke|p2|Basculegion, L50, M|\n|poke|p2|Whimsicott, L50, F|\n|teampreview|4\n|inactive|Battle timer is ON: inactive players will automatically lose when time's up. (requested by kldmcxdsaofnkgdsfg)\n|inactive|Orizor has 60 seconds left.\n|\n|t:|1788273819\n|teamsize|p1|4\n|teamsize|p2|4\n|start\n|switch|p1a: Garchomp|Garchomp, L50, F|100/100\n|switch|p1b: Charizard|Charizard, L50, F|100/100\n|switch|p2a: Garchomp|Garchomp, L50, F|100/100\n|switch|p2b: Whimsicott|Whimsicott, L50, F|100/100\n|turn|1\n|\n|t:|1788273832\n|switch|p1b: Whimsicott|Whimsicott, L50, M|100/100\n|move|p2b: Whimsicott|Tailwind|p2b: Whimsicott\n|-sidestart|p2: Orizor|move: Tailwind\n|move|p2a: Garchomp|Dragon Claw|p1a: Garchomp\n|-supereffective|p1a: Garchomp|1\n|-damage|p1a: Garchomp|8/100\n|-damage|p2a: Garchomp|87/100|[from] ability: Rough Skin|[of] p1a: Garchomp\n|-enditem|p1a: Garchomp|Sitrus Berry|[eat]\n|-heal|p1a: Garchomp|33/100|[from] item: Sitrus Berry\n|-damage|p2a: Garchomp|77/100|[from] item: Life Orb\n|move|p1a: Garchomp|Dragon Claw|p2a: Garchomp\n|-supereffective|p2a: Garchomp|1\n|-damage|p2a: Garchomp|3/100\n|-damage|p1a: Garchomp|21/100|[from] ability: Rough Skin|[of] p2a: Garchomp\n|\n|upkeep\n|turn|2\n|inactive|Orizor has 30 seconds left.\n|\n|t:|1788273866\n|move|p1b: Whimsicott|Tailwind|p1b: Whimsicott\n|-sidestart|p1: kldmcxdsaofnkgdsfg|move: Tailwind\n|move|p2b: Whimsicott|Moonblast|p1a: Garchomp\n|-supereffective|p1a: Garchomp|1\n|-damage|p1a: Garchomp|0 fnt\n|faint|p1a: Garchomp\n|move|p2a: Garchomp|Rock Slide|p1b: Whimsicott\n|-crit|p1b: Whimsicott\n|-damage|p1b: Whimsicott|23/100\n|-damage|p2a: Garchomp|0 fnt|[from] item: Life Orb\n|faint|p2a: Garchomp\n|\n|upkeep\n|\n|t:|1788273878\n|switch|p2a: Heliolisk|Heliolisk, L50, F|100/100\n|switch|p1a: Charizard|Charizard, L50, F|100/100\n|turn|3\n|\n|t:|1788273892\n|move|p1a: Charizard|Protect|p1a: Charizard\n|-singleturn|p1a: Charizard|Protect\n|move|p2b: Whimsicott|Encore|p1b: Whimsicott\n|-start|p1b: Whimsicott|Encore\n|move|p1b: Whimsicott|Tailwind||[still]\n|-fail|p1b: Whimsicott\n|move|p2a: Heliolisk|Electroweb|p1a: Charizard|[spread] p1b\n|-activate|p1a: Charizard|move: Protect\n|-resisted|p1b: Whimsicott|1\n|-damage|p1b: Whimsicott|5/100\n|-unboost|p1b: Whimsicott|spe|1\n|\n|upkeep\n|turn|4\n|\n|t:|1788273903\n|switch|p1b: Basculegion|Basculegion, L50, M|100/100\n|detailschange|p1a: Charizard|Charizard-Mega-Y, L50, F\n|-mega|p1a: Charizard|Charizard|Charizardite Y\n|-weather|SunnyDay|[from] ability: Drought|[of] p1a: Charizard\n|move|p2b: Whimsicott|Encore|p1a: Charizard\n|-start|p1a: Charizard|Encore\n|move|p1a: Charizard|Protect||[still]\n|-fail|p1a: Charizard\n|move|p2a: Heliolisk|Electroweb|p1a: Charizard|[spread] p1a,p1b\n|-supereffective|p1a: Charizard|1\n|-supereffective|p1b: Basculegion|1\n|-damage|p1a: Charizard|40/100\n|-damage|p1b: Basculegion|33/100\n|-unboost|p1a: Charizard|spe|1\n|-unboost|p1b: Basculegion|spe|1\n|\n|-weather|SunnyDay|[upkeep]\n|-damage|p2a: Heliolisk|88/100|[from] ability: Solar Power|[of] p2a: Heliolisk\n|-sideend|p2: Orizor|move: Tailwind\n|upkeep\n|turn|5\n|c|☆Orizor|Ggwp\n|\n|t:|1788273920\n|switch|p1a: Whimsicott|Whimsicott, L50, M|5/100\n|move|p2b: Whimsicott|Tailwind|p2b: Whimsicott\n|-sidestart|p2: Orizor|move: Tailwind\n|move|p2a: Heliolisk|Electroweb|p1b: Basculegion|[spread] p1a,p1b\n|-resisted|p1a: Whimsicott|1\n|-supereffective|p1b: Basculegion|1\n|-damage|p1a: Whimsicott|0 fnt\n|-damage|p1b: Basculegion|0 fnt\n|faint|p1a: Whimsicott\n|faint|p1b: Basculegion\n|\n|-weather|SunnyDay|[upkeep]\n|-damage|p2a: Heliolisk|76/100|[from] ability: Solar Power|[of] p2a: Heliolisk\n|-sideend|p1: kldmcxdsaofnkgdsfg|move: Tailwind\n|upkeep\n|\n|t:|1788273923\n|switch|p1b: Charizard|Charizard-Mega-Y, L50, F|40/100\n|turn|6\n|\n|t:|1788273928\n|move|p2a: Heliolisk|Electroweb|p1b: Charizard\n|-supereffective|p1b: Charizard|1\n|-damage|p1b: Charizard|0 fnt\n|faint|p1b: Charizard\n|\n|win|Orizor\n|raw|kldmcxdsaofnkgdsfg's rating: 1354 &rarr; <strong>1338</strong><br />(-16 for losing)\n|raw|Orizor's rating: 1421 &rarr; <strong>1437</strong><br />(+16 for winning)\n","uploadtime":1788273930,"views":"0","formatid":"gen9championsvgc2026regmb","rating":1338,"private":0,"password":null}