{"id":"gen9championsvgc2026regmb-2673964375","format":"[Gen 9 Champions] VGC 2026 Reg M-B","players":["Mist02","luca245"],"log":"|j|☆Mist02\n|j|☆luca245\n|t:|1788282512\n|gametype|doubles\n|player|p1|Mist02|265|1262\n|player|p2|luca245|101|1227\n|gen|9\n|tier|[Gen 9 Champions] VGC 2026 Reg M-B\n|rated|\n|rule|Species Clause: Limit one of each Pokémon\n|rule|Item Clause: Limit 1 of each item\n|clearpoke\n|poke|p1|Slowbro, L50, M|\n|poke|p1|Pelipper, L50, F|\n|poke|p1|Araquanid, L50, F|\n|poke|p1|Slowking, L50, F|\n|poke|p1|Milotic, L50, F|\n|poke|p1|Basculegion, L50, M|\n|poke|p2|Kangaskhan, L50, F|\n|poke|p2|Sylveon, L50, M|\n|poke|p2|Farigiraf, L50, F|\n|poke|p2|Basculegion, L50, M|\n|poke|p2|Aerodactyl, L50, M|\n|poke|p2|Scovillain, L50, F|\n|teampreview|4\n|\n|t:|1788282545\n|teamsize|p1|4\n|teamsize|p2|4\n|start\n|switch|p1a: Slowking|Slowking, L50, F|100/100\n|switch|p1b: Slowbro|Slowbro, L50, M|100/100\n|switch|p2a: Kangaskhan|Kangaskhan, L50, F|100/100\n|switch|p2b: Farigiraf|Farigiraf, L50, F|100/100\n|turn|1\n|\n|t:|1788282566\n|detailschange|p2a: Kangaskhan|Kangaskhan-Mega, L50, F\n|-mega|p2a: Kangaskhan|Kangaskhan|Kangaskhanite\n|detailschange|p1b: Slowbro|Slowbro-Mega, L50, M\n|-mega|p1b: Slowbro|Slowbro|Slowbronite\n|move|p2a: Kangaskhan|Double-Edge|p1a: Slowking\n|-damage|p1a: Slowking|24/100\n|-damage|p1a: Slowking|6/100\n|-hitcount|p1a: Slowking|2\n|-damage|p2a: Kangaskhan|70/100|[from] Recoil\n|move|p1b: Slowbro|Iron Defense|p1b: Slowbro\n|-boost|p1b: Slowbro|def|2\n|move|p2b: Farigiraf|Trick Room|p2b: Farigiraf\n|-fieldstart|move: Trick Room|[of] p2b: Farigiraf\n|move|p1a: Slowking|Trick Room|p1a: Slowking\n|-fieldend|move: Trick Room\n|\n|upkeep\n|turn|2\n|\n|t:|1788282593\n|move|p1a: Slowking|Protect|p1a: Slowking\n|-singleturn|p1a: Slowking|Protect\n|move|p2a: Kangaskhan|Double-Edge|p1b: Slowbro\n|-damage|p1b: Slowbro|82/100\n|-damage|p1b: Slowbro|77/100\n|-hitcount|p1b: Slowbro|2\n|-damage|p2a: Kangaskhan|63/100|[from] Recoil\n|move|p2b: Farigiraf|Hyper Voice|p1b: Slowbro|[spread] p1b\n|-activate|p1a: Slowking|move: Protect\n|-damage|p1b: Slowbro|59/100\n|move|p1b: Slowbro|Iron Defense|p1b: Slowbro\n|-boost|p1b: Slowbro|def|2\n|\n|upkeep\n|turn|3\n|\n|t:|1788282612\n|switch|p2a: Sylveon|Sylveon, L50, M|100/100\n|-heal|p1a: Slowking|39/100|[from] ability: Regenerator|[silent]\n|switch|p1a: Milotic|Milotic, L50, F|100/100\n|move|p2b: Farigiraf|Hyper Voice|p1a: Milotic|[spread] p1a,p1b\n|-damage|p1a: Milotic|80/100\n|-damage|p1b: Slowbro|40/100\n|move|p1b: Slowbro|Amnesia|p1b: Slowbro\n|-boost|p1b: Slowbro|spd|2\n|\n|-heal|p1a: Milotic|86/100|[from] item: Leftovers\n|upkeep\n|turn|4\n|\n|t:|1788282644\n|move|p1a: Milotic|Life Dew|p1a: Milotic|[spread] p1a,p1b\n|-heal|p1a: Milotic|100/100\n|-heal|p1b: Slowbro|65/100\n|move|p2a: Sylveon|Hyper Voice|p1a: Milotic|[spread] p1a,p1b\n|-damage|p1a: Milotic|62/100\n|-damage|p1b: Slowbro|45/100\n|move|p2b: Farigiraf|Hyper Voice|p1a: Milotic|[spread] p1a,p1b\n|-damage|p1a: Milotic|45/100\n|-damage|p1b: Slowbro|36/100\n|move|p1b: Slowbro|Amnesia|p1b: Slowbro\n|-boost|p1b: Slowbro|spd|2\n|\n|-heal|p1a: Milotic|50/100g|[from] item: Leftovers\n|upkeep\n|turn|5\n|\n|t:|1788282668\n|move|p1a: Milotic|Life Dew|p1a: Milotic|[spread] p1a,p1b\n|-heal|p1a: Milotic|76/100\n|-heal|p1b: Slowbro|61/100\n|move|p2a: Sylveon|Hyper Voice|p1a: Milotic|[spread] p1a,p1b\n|-damage|p1a: Milotic|42/100\n|-damage|p1b: Slowbro|48/100\n|move|p2b: Farigiraf|Psychic|p1a: Milotic\n|-damage|p1a: Milotic|16/100\n|move|p1b: Slowbro|Stored Power|p2a: Sylveon\n|-damage|p2a: Sylveon|48/100\n|\n|-heal|p1a: Milotic|22/100|[from] item: Leftovers\n|upkeep\n|turn|6\n|\n|t:|1788282685\n|move|p1a: Milotic|Protect|p1a: Milotic\n|-singleturn|p1a: Milotic|Protect\n|move|p2a: Sylveon|Hyper Voice|p1b: Slowbro|[spread] p1b\n|-activate|p1a: Milotic|move: Protect\n|-damage|p1b: Slowbro|34/100\n|move|p2b: Farigiraf|Psychic|p1a: Milotic\n|-activate|p1a: Milotic|move: Protect\n|move|p1b: Slowbro|Stored Power|p2a: Sylveon\n|-damage|p2a: Sylveon|0 fnt\n|faint|p2a: Sylveon\n|\n|-heal|p1a: Milotic|28/100|[from] item: Leftovers\n|upkeep\n|\n|t:|1788282691\n|switch|p2a: Kangaskhan|Kangaskhan-Mega, L50, F|63/100\n|turn|7\n|\n|t:|1788282703\n|switch|p1a: Slowking|Slowking, L50, F|39/100\n|move|p2a: Kangaskhan|Fake Out|p1b: Slowbro\n|-damage|p1b: Slowbro|31/100\n|-damage|p1b: Slowbro|30/100\n|-hitcount|p1b: Slowbro|2\n|move|p2b: Farigiraf|Psychic|p1a: Slowking\n|-resisted|p1a: Slowking|1\n|-damage|p1a: Slowking|29/100\n|cant|p1b: Slowbro|flinch\n|\n|upkeep\n|turn|8\n|\n|t:|1788282715\n|move|p2a: Kangaskhan|Double-Edge|p1a: Slowking\n|-damage|p1a: Slowking|0 fnt\n|faint|p1a: Slowking\n|-damage|p2a: Kangaskhan|54/100|[from] Recoil\n|move|p2b: Farigiraf|Hyper Voice|p1b: Slowbro\n|-damage|p1b: Slowbro|21/100\n|move|p1b: Slowbro|Body Press|p2a: Kangaskhan\n|-supereffective|p2a: Kangaskhan|1\n|-damage|p2a: Kangaskhan|0 fnt\n|faint|p2a: Kangaskhan\n|\n|upkeep\n|\n|t:|1788282724\n|switch|p2a: Basculegion|Basculegion, L50, M|100/100\n|switch|p1a: Basculegion|Basculegion, L50, M|100/100\n|turn|9\n|\n|t:|1788282746\n|move|p2a: Basculegion|Last Respects|p1a: Basculegion\n|-supereffective|p1a: Basculegion|1\n|-enditem|p1a: Basculegion|Focus Sash\n|-damage|p1a: Basculegion|1/100\n|move|p1a: Basculegion|Last Respects|p2a: Basculegion\n|-supereffective|p2a: Basculegion|1\n|-damage|p2a: Basculegion|0 fnt\n|faint|p2a: Basculegion\n|move|p2b: Farigiraf|Hyper Voice|p1a: Basculegion|[spread] p1b\n|-immune|p1a: Basculegion\n|-damage|p1b: Slowbro|15/100\n|move|p1b: Slowbro|Body Press|p2b: Farigiraf\n|-damage|p2b: Farigiraf|18/100\n|\n|upkeep\n|turn|10\n|-message|luca245 forfeited.\n|\n|win|Mist02\n|raw|Mist02's rating: 1262 &rarr; <strong>1284</strong><br />(+22 for winning)\n|raw|luca245's rating: 1227 &rarr; <strong>1205</strong><br />(-22 for losing)\n","uploadtime":1788282777,"views":"0","formatid":"gen9championsvgc2026regmb","rating":1205,"private":0,"password":null}