{"id":"gen9championsvgc2026regmb-2673886986","format":"[Gen 9 Champions] VGC 2026 Reg M-B","players":["blazingfox4","blackred123永雏塔菲侠"],"log":"|j|☆blazingfox4\n|j|☆blackred123永雏塔菲侠\n|t:|1788273194\n|gametype|doubles\n|player|p1|blazingfox4|blackbelt-gen4|1533\n|player|p2|blackred123永雏塔菲侠|emma|1572\n|gen|9\n|tier|[Gen 9 Champions] VGC 2026 Reg M-B\n|rated|\n|rule|Species Clause: Limit one of each Pokémon\n|rule|Item Clause: Limit 1 of each item\n|clearpoke\n|poke|p1|Farigiraf, L50, F|\n|poke|p1|Garchomp, L50, M, shiny|\n|poke|p1|Chesnaught, L50, M|\n|poke|p1|Sylveon, L50, M|\n|poke|p1|Arcanine-Hisui, L50, F|\n|poke|p1|Raichu, L50, F|\n|poke|p2|Whimsicott, L50, F|\n|poke|p2|Floette-Eternal, L50, F|\n|poke|p2|Kingambit, L50, F|\n|poke|p2|Garchomp, L50, M|\n|poke|p2|Basculegion, L50, M|\n|poke|p2|Charizard, L50, F|\n|teampreview|4\n|inactive|Battle timer is ON: inactive players will automatically lose when time's up. (requested by blackred123永雏塔菲侠)\n|\n|t:|1788273222\n|teamsize|p1|4\n|teamsize|p2|4\n|start\n|switch|p1a: Farigiraf|Farigiraf, L50, F|100/100\n|switch|p1b: Chesnaught|Chesnaught, L50, M|100/100\n|switch|p2a: Floette|Floette-Eternal, L50, F|100/100\n|switch|p2b: Whimsicott|Whimsicott, L50, F|100/100\n|turn|1\n|inactive|blackred123永雏塔菲侠 has 30 seconds left.\n|\n|t:|1788273254\n|switch|p1b: Arcanine|Arcanine-Hisui, L50, F|100/100\n|detailschange|p2a: Floette|Floette-Mega, L50, F\n|-mega|p2a: Floette|Floette|Floettite\n|-ability|p2a: Floette|Fairy Aura\n|move|p2b: Whimsicott|Moonblast|p1a: Farigiraf\n|-damage|p1a: Farigiraf|53/100\n|move|p2a: Floette|Moonblast|p1a: Farigiraf\n|-damage|p1a: Farigiraf|0 fnt\n|faint|p1a: Farigiraf\n|\n|upkeep\n|\n|t:|1788273266\n|switch|p1a: Sylveon|Sylveon, L50, M|100/100\n|turn|2\n|\n|t:|1788273275\n|move|p2b: Whimsicott|Moonblast|p1a: Sylveon\n|-damage|p1a: Sylveon|66/100\n|move|p1b: Arcanine|Head Smash|p2a: Floette\n|-damage|p2a: Floette|34/100\n|move|p2a: Floette|Moonblast|p1a: Sylveon\n|-damage|p1a: Sylveon|11/100\n|move|p1a: Sylveon|Hyper Voice|p2b: Whimsicott|[spread] p2a,p2b\n|-crit|p2a: Floette\n|-damage|p2a: Floette|0 fnt\n|-enditem|p2b: Whimsicott|Focus Sash\n|-damage|p2b: Whimsicott|1/100\n|faint|p2a: Floette\n|\n|upkeep\n|\n|t:|1788273287\n|switch|p2a: Garchomp|Garchomp, L50, M|100/100\n|turn|3\n|\n|t:|1788273298\n|move|p2b: Whimsicott|Protect|p2b: Whimsicott\n|-singleturn|p2b: Whimsicott|Protect\n|move|p1b: Arcanine|Extreme Speed|p2b: Whimsicott\n|-activate|p2b: Whimsicott|move: Protect\n|move|p2a: Garchomp|Earthquake|p1a: Sylveon|[spread] p1a,p1b\n|-activate|p2b: Whimsicott|move: Protect\n|-supereffective|p1b: Arcanine|2\n|-damage|p1a: Sylveon|0 fnt\n|-enditem|p1b: Arcanine|Focus Sash\n|-damage|p1b: Arcanine|1/100\n|faint|p1a: Sylveon\n|\n|upkeep\n|\n|t:|1788273301\n|switch|p1a: Chesnaught|Chesnaught, L50, M|100/100\n|turn|4\n|\n|t:|1788273317\n|switch|p2b: Basculegion|Basculegion, L50, M|100/100\n|detailschange|p1a: Chesnaught|Chesnaught-Mega, L50, M\n|-mega|p1a: Chesnaught|Chesnaught|Chesnaughtite\n|move|p1b: Arcanine|Extreme Speed|p2b: Basculegion\n|-immune|p2b: Basculegion\n|move|p2a: Garchomp|Stomping Tantrum|p1b: Arcanine\n|-supereffective|p1b: Arcanine|2\n|-damage|p1b: Arcanine|0 fnt\n|faint|p1b: Arcanine\n|move|p1a: Chesnaught|Body Press|p2a: Garchomp\n|-damage|p2a: Garchomp|58/100\n|-damage|p1a: Chesnaught|87/100|[from] ability: Rough Skin|[of] p2a: Garchomp\n|\n|upkeep\n|turn|5\n|\n|t:|1788273325\n|move|p2a: Garchomp|Stomping Tantrum|p1a: Chesnaught\n|-resisted|p1a: Chesnaught|1\n|-damage|p1a: Chesnaught|78/100\n|move|p2b: Basculegion|Last Respects|p1a: Chesnaught\n|-damage|p1a: Chesnaught|34/100\n|-damage|p2b: Basculegion|90/100|[from] item: Life Orb\n|move|p1a: Chesnaught|Seed Bomb|p2b: Basculegion\n|-supereffective|p2b: Basculegion|1\n|-damage|p2b: Basculegion|0 fnt\n|faint|p2b: Basculegion\n|\n|upkeep\n|\n|t:|1788273327\n|switch|p2b: Whimsicott|Whimsicott, L50, F|1/100\n|turn|6\n|\n|t:|1788273333\n|move|p2b: Whimsicott|Moonblast|p1a: Chesnaught\n|-supereffective|p1a: Chesnaught|1\n|-damage|p1a: Chesnaught|0 fnt\n|faint|p1a: Chesnaught\n|\n|win|blackred123永雏塔菲侠\n|raw|blazingfox4's rating: 1533 &rarr; <strong>1515</strong><br />(-18 for losing)\n|raw|blackred123永雏塔菲侠's rating: 1572 &rarr; <strong>1590</strong><br />(+18 for winning)\n","uploadtime":1788273339,"views":"1","formatid":"gen9championsvgc2026regmb","rating":1515,"private":0,"password":null}