{"id":"gen9championsvgc2026regmbbo3-2673506678","format":"[Gen 9 Champions] VGC 2026 Reg M-B (Bo3)","players":["GlitchXDGOAT","schshfh"],"log":"|j|☆GlitchXDGOAT\n|j|☆schshfh\n|html|<table width=\"100%\"><tr><td align=\"left\">GlitchXDGOAT</td><td align=\"right\">schshfh</tr><tr><td align=\"left\"><i class=\"fa fa-circle-o\"></i> <i class=\"fa fa-circle-o\"></i> </td><td align=\"right\"><i class=\"fa fa-circle-o\"></i> <i class=\"fa fa-circle\"></i> </tr></table>\n|uhtml|bestof|<h2><strong>Game 2</strong> of <a href=\"/game-bestof3-gen9championsvgc2026regmbbo3-2673504641\">a best-of-3</a></h2>\n|t:|1788206096\n|gametype|doubles\n|player|p1|GlitchXDGOAT|266|1242\n|player|p2|schshfh|lance|1231\n|gen|9\n|tier|[Gen 9 Champions] VGC 2026 Reg M-B (Bo3)\n|rated|\n|rule|Species Clause: Limit one of each Pokémon\n|rule|Item Clause: Limit 1 of each item\n|clearpoke\n|poke|p1|Annihilape, L50, M|\n|poke|p1|Incineroar, L50, M|\n|poke|p1|Basculegion, L50, M|\n|poke|p1|Glimmora, L50, M|\n|poke|p1|Raichu, L50, M|\n|poke|p1|Floette-Eternal, L50, F|\n|poke|p2|Aerodactyl, L50, M|\n|poke|p2|Sylveon, L50, F|\n|poke|p2|Farigiraf, L50, F|\n|poke|p2|Charizard, L50, M|\n|poke|p2|Garchomp, L50, M|\n|poke|p2|Kingambit, L50, M|\n|teampreview|4\n|showteam|p1|Annihilape||ChoiceScarf|Defiant|CloseCombat,IcePunch,PoisonJab,RockTomb|Jolly||M|||50|]Incineroar||SitrusBerry|Intimidate|FakeOut,FlareBlitz,ThroatChop,PartingShot|Sassy||M|||50|]Basculegion||LifeOrb|Adaptability|WaveCrash,LastRespects,Protect,AquaJet|Jolly||M|||50|]Glimmora||FocusSash|ToxicDebris|SpikyShield,PowerGem,SludgeBomb,EarthPower|Timid||M|||50|]Raichu||RaichuniteY|LightningRod|FakeOut,ZapCannon,FocusBlast,Protect|Timid||M|||50|]Floette-Eternal||Floettite|FlowerVeil|Moonblast,DazzlingGleam,CalmMind,Protect|Timid||F|||50|\n|showteam|p2|Aerodactyl||Aerodactylite|Unnerve|RockSlide,IceFang,Tailwind,DualWingbeat|Jolly||M|||50|]Sylveon||FairyFeather|Pixilate|HyperVoice,HyperBeam,QuickAttack,Detect|Modest||F|||50|]Farigiraf||SitrusBerry|ArmorTail|Psychic,HelpingHand,TrickRoom,Protect|Bold||F|||50|]Charizard||CharizarditeY|Blaze|HeatWave,SolarBeam,WeatherBall,Protect|Modest||M|||50|]Garchomp||LifeOrb|RoughSkin|Earthquake,DragonClaw,StompingTantrum,Protect|Jolly||M|||50|]Kingambit||FocusSash|Defiant|KowtowCleave,IronHead,LowKick,SuckerPunch|Adamant||M|||50|\n|inactive|Battle timer is ON: inactive players will automatically lose when time's up. (requested by GlitchXDGOAT)\n|inactive|schshfh has 60 seconds left.\n|\n|t:|1788206138\n|teamsize|p1|4\n|teamsize|p2|4\n|start\n|switch|p1a: Incineroar|Incineroar, L50, M|100/100\n|switch|p1b: Raichu|Raichu, L50, M|100/100\n|switch|p2a: Garchomp|Garchomp, L50, M|100/100\n|switch|p2b: Charizard|Charizard, L50, M|100/100\n|-ability|p1a: Incineroar|Intimidate|boost\n|-unboost|p2a: Garchomp|atk|1\n|-unboost|p2b: Charizard|atk|1\n|turn|1\n|c|☆GlitchXDGOAT|I tank those\n|inactive|schshfh has 30 seconds left.\n|\n|t:|1788206164\n|detailschange|p1b: Raichu|Raichu-Mega-Y, L50, M\n|-mega|p1b: Raichu|Raichu|Raichunite Y\n|move|p2b: Charizard|Protect|p2b: Charizard\n|-singleturn|p2b: Charizard|Protect\n|move|p1b: Raichu|Fake Out|p2a: Garchomp\n|-damage|p2a: Garchomp|91/100\n|-damage|p1b: Raichu|88/100|[from] ability: Rough Skin|[of] p2a: Garchomp\n|cant|p2a: Garchomp|flinch\n|move|p1a: Incineroar|Flare Blitz|p2a: Garchomp\n|-resisted|p2a: Garchomp|1\n|-damage|p2a: Garchomp|69/100\n|-damage|p1a: Incineroar|87/100|[from] ability: Rough Skin|[of] p2a: Garchomp\n|-damage|p1a: Incineroar|81/100|[from] Recoil\n|\n|upkeep\n|turn|2\n|inactive|schshfh has 30 seconds left.\n|\n|t:|1788206192\n|switch|p2b: Farigiraf|Farigiraf, L50, F|100/100\n|move|p1b: Raichu|Zap Cannon|p2b: Farigiraf\n|-damage|p2b: Farigiraf|46/100\n|-status|p2b: Farigiraf|par\n|-enditem|p2b: Farigiraf|Sitrus Berry|[eat]\n|-heal|p2b: Farigiraf|71/100 par|[from] item: Sitrus Berry\n|move|p2a: Garchomp|Stomping Tantrum|p1a: Incineroar\n|-supereffective|p1a: Incineroar|1\n|-damage|p1a: Incineroar|0 fnt\n|faint|p1a: Incineroar\n|-damage|p2a: Garchomp|59/100|[from] item: Life Orb\n|\n|upkeep\n|\n|t:|1788206205\n|switch|p1a: Annihilape|Annihilape, L50, M|100/100\n|turn|3\n|inactive|GlitchXDGOAT has 30 seconds left.\n|inactive|GlitchXDGOAT has 20 seconds left.\n|\n|t:|1788206245\n|switch|p2a: Charizard|Charizard, L50, M|100/100\n|move|p1a: Annihilape|Close Combat|p2b: Farigiraf\n|-damage|p2b: Farigiraf|18/100 par\n|-unboost|p1a: Annihilape|def|1\n|-unboost|p1a: Annihilape|spd|1\n|move|p1b: Raichu|Zap Cannon|p2b: Farigiraf\n|-damage|p2b: Farigiraf|0 fnt\n|faint|p2b: Farigiraf\n|\n|upkeep\n|\n|t:|1788206262\n|switch|p2b: Garchomp|Garchomp, L50, M|59/100\n|turn|4\n|\n|t:|1788206267\n|detailschange|p2a: Charizard|Charizard-Mega-Y, L50, M\n|-mega|p2a: Charizard|Charizard|Charizardite Y\n|-weather|SunnyDay|[from] ability: Drought|[of] p2a: Charizard\n|move|p1a: Annihilape|Close Combat|p2b: Garchomp\n|-damage|p2b: Garchomp|7/100\n|-unboost|p1a: Annihilape|def|1\n|-unboost|p1a: Annihilape|spd|1\n|-damage|p1a: Annihilape|87/100|[from] ability: Rough Skin|[of] p2b: Garchomp\n|move|p1b: Raichu|Focus Blast|p2b: Garchomp\n|-damage|p2b: Garchomp|0 fnt\n|faint|p2b: Garchomp\n|move|p2a: Charizard|Heat Wave|p1b: Raichu|[spread] p1a,p1b\n|-damage|p1a: Annihilape|0 fnt\n|-damage|p1b: Raichu|13/100\n|faint|p1a: Annihilape\n|\n|-weather|SunnyDay|[upkeep]\n|upkeep\n|\n|t:|1788206283\n|switch|p2b: Kingambit|Kingambit, L50, M|100/100\n|switch|p1a: Glimmora|Glimmora, L50, M|100/100\n|turn|5\n|inactive|schshfh has 30 seconds left.\n|\n|t:|1788206311\n|move|p1b: Raichu|Protect|p1b: Raichu\n|-singleturn|p1b: Raichu|Protect\n|move|p2a: Charizard|Protect|p2a: Charizard\n|-singleturn|p2a: Charizard|Protect\n|move|p1a: Glimmora|Power Gem|p2a: Charizard\n|-activate|p2a: Charizard|move: Protect\n|move|p2b: Kingambit|Iron Head|p1a: Glimmora\n|-supereffective|p1a: Glimmora|1\n|-crit|p1a: Glimmora\n|-enditem|p1a: Glimmora|Focus Sash\n|-damage|p1a: Glimmora|1/100\n|-activate|p1a: Glimmora|ability: Toxic Debris\n|-sidestart|p2: schshfh|move: Toxic Spikes\n|\n|-weather|SunnyDay|[upkeep]\n|upkeep\n|turn|6\n|inactive|schshfh has 30 seconds left.\n|inactive|schshfh has 20 seconds left.\n|\n|t:|1788206350\n|move|p1a: Glimmora|Spiky Shield|p1a: Glimmora\n|-singleturn|p1a: Glimmora|move: Protect\n|move|p2b: Kingambit|Sucker Punch|p1b: Raichu\n|-damage|p1b: Raichu|0 fnt\n|faint|p1b: Raichu\n|move|p2a: Charizard|Weather Ball|p1a: Glimmora\n|-activate|p1a: Glimmora|move: Protect\n|\n|-weather|SunnyDay|[upkeep]\n|upkeep\n|turn|7\n|c|☆GlitchXDGOAT|GG\n|-message|GlitchXDGOAT forfeited.\n|raw|GlitchXDGOAT's rating: 1242 &rarr; <strong>1216</strong><br />(-26 for losing)\n|raw|schshfh's rating: 1231 &rarr; <strong>1257</strong><br />(+26 for winning)\n|\n|win|schshfh\n|c|☆schshfh|gg\n|l|☆GlitchXDGOAT\n|player|p1|\n","uploadtime":1788206392,"views":"1","formatid":"gen9championsvgc2026regmbbo3","rating":1216,"private":0,"password":null}