{"id":"gen9championsvgc2026regmb-2674087012","format":"[Gen 9 Champions] VGC 2026 Reg M-B","players":["m3troGoonin","Cunctator II"],"log":"|j|☆m3troGoonin\n|j|☆Cunctator II\n|t:|1788297330\n|gametype|doubles\n|player|p1|m3troGoonin|101|1478\n|player|p2|Cunctator II|169|1548\n|gen|9\n|tier|[Gen 9 Champions] VGC 2026 Reg M-B\n|rated|\n|rule|Species Clause: Limit one of each Pokémon\n|rule|Item Clause: Limit 1 of each item\n|clearpoke\n|poke|p1|Scovillain, L50, M, shiny|\n|poke|p1|Basculegion, L50, M|\n|poke|p1|Kingambit, L50, M|\n|poke|p1|Sneasler, L50, F|\n|poke|p1|Lycanroc-Dusk, L50, F|\n|poke|p1|Froslass, L50, F|\n|poke|p2|Kingambit, L50, M|\n|poke|p2|Kleavor, L50, M|\n|poke|p2|Metagross, L50|\n|poke|p2|Whimsicott, L50, M, shiny|\n|poke|p2|Raichu, L50, M, shiny|\n|poke|p2|Basculegion, L50, M|\n|teampreview|4\n|inactive|Battle timer is ON: inactive players will automatically lose when time's up. (requested by m3troGoonin)\n|\n|t:|1788297390\n|teamsize|p1|4\n|teamsize|p2|4\n|start\n|switch|p1a: Scovillain|Scovillain, L50, M, shiny|100/100\n|switch|p1b: Kingambit|Kingambit, L50, M|100/100\n|switch|p2a: Raichu|Raichu, L50, M, shiny|100/100\n|switch|p2b: Whimsicott|Whimsicott, L50, M, shiny|100/100\n|turn|1\n|inactive|m3troGoonin has 30 seconds left.\n|inactive|Cunctator II has 30 seconds left.\n|inactive|m3troGoonin has 20 seconds left.\n|inactive|Cunctator II has 20 seconds left.\n|inactive|m3troGoonin has 15 seconds left.\n|inactive|m3troGoonin has 10 seconds left.\n|\n|t:|1788297439\n|detailschange|p2a: Raichu|Raichu-Mega-Y, L50, M, shiny\n|-mega|p2a: Raichu|Raichu|Raichunite Y\n|detailschange|p1a: Scovillain|Scovillain-Mega, L50, M, shiny\n|-mega|p1a: Scovillain|Scovillain|Scovillainite\n|move|p1b: Kingambit|Protect|p1b: Kingambit\n|-singleturn|p1b: Kingambit|Protect\n|move|p2b: Whimsicott|Tailwind|p2b: Whimsicott\n|-sidestart|p2: Cunctator II|move: Tailwind\n|move|p2a: Raichu|Focus Blast|p1b: Kingambit\n|-activate|p1b: Kingambit|move: Protect\n|move|p1a: Scovillain|Overheat|p2a: Raichu\n|-damage|p2a: Raichu|8/100\n|-unboost|p1a: Scovillain|spa|2\n|\n|upkeep\n|turn|2\n|inactive|m3troGoonin has 30 seconds left.\n|inactive|Cunctator II has 30 seconds left.\n|inactive|Cunctator II has 20 seconds left.\n|inactive|Cunctator II has 15 seconds left.\n|\n|t:|1788297480\n|move|p2a: Raichu|Protect|p2a: Raichu\n|-singleturn|p2a: Raichu|Protect\n|move|p2b: Whimsicott|Encore|p1b: Kingambit\n|-hint|Since gen 7, Dark is immune to Prankster moves.\n|-immune|p1b: Kingambit\n|move|p1b: Kingambit|Sucker Punch||[still]\n|-fail|p1b: Kingambit\n|move|p1a: Scovillain|Overheat|p2a: Raichu\n|-activate|p2a: Raichu|move: Protect\n|\n|upkeep\n|turn|3\n|inactive|Cunctator II has 30 seconds left.\n|\n|t:|1788297506\n|switch|p2a: Kingambit|Kingambit, L50, M|100/100\n|move|p2b: Whimsicott|Protect|p2b: Whimsicott\n|-singleturn|p2b: Whimsicott|Protect\n|move|p1a: Scovillain|Overheat|p2a: Kingambit\n|-supereffective|p2a: Kingambit|1\n|-damage|p2a: Kingambit|43/100\n|-unboost|p1a: Scovillain|spa|2\n|move|p1b: Kingambit|Kowtow Cleave|p2a: Kingambit\n|-resisted|p2a: Kingambit|1\n|-damage|p2a: Kingambit|23/100\n|\n|upkeep\n|turn|4\n|\n|t:|1788297526\n|move|p1a: Scovillain|Rage Powder|p1a: Scovillain\n|-singleturn|p1a: Scovillain|move: Rage Powder\n|move|p2b: Whimsicott|Moonblast|p1b: Kingambit\n|-damage|p1b: Kingambit|69/100\n|move|p2a: Kingambit|Low Kick|p1a: Scovillain\n|-damage|p1a: Scovillain|85/100\n|-status|p2a: Kingambit|brn|[from] ability: Spicy Spray|[of] p1a: Scovillain\n|move|p1b: Kingambit|Swords Dance|p1b: Kingambit\n|-boost|p1b: Kingambit|atk|2\n|\n|-damage|p2a: Kingambit|17/100 brn|[from] brn\n|-sideend|p2: Cunctator II|move: Tailwind\n|upkeep\n|turn|5\n|-message|Cunctator II forfeited.\n|\n|win|m3troGoonin\n|raw|m3troGoonin's rating: 1478 &rarr; <strong>1502</strong><br />(+24 for winning)\n|raw|Cunctator II's rating: 1548 &rarr; <strong>1524</strong><br />(-24 for losing)\n","uploadtime":1788297534,"views":"1","formatid":"gen9championsvgc2026regmb","rating":1502,"private":0,"password":null}