{"id":"gen9championsvgc2026regmb-2674305522","format":"[Gen 9 Champions] VGC 2026 Reg M-B","players":["ivyg hbj","Quaaloods"],"log":"|j|☆ivyg hbj\n|j|☆Quaaloods\n|t:|1788336674\n|gametype|doubles\n|player|p1|ivyg hbj|102|1124\n|player|p2|Quaaloods|petrel|1220\n|gen|9\n|tier|[Gen 9 Champions] VGC 2026 Reg M-B\n|rated|\n|rule|Species Clause: Limit one of each Pokémon\n|rule|Item Clause: Limit 1 of each item\n|clearpoke\n|poke|p1|Tyranitar, L50, F|\n|poke|p1|Rotom-Wash, L50|\n|poke|p1|Sinistcha-Masterpiece, L50|\n|poke|p1|Incineroar, L50, F|\n|poke|p1|Dragonite, L50, F|\n|poke|p1|Steelix, L50, M|\n|poke|p2|Ceruledge, L50, M|\n|poke|p2|Farigiraf, L50, F|\n|poke|p2|Sinistcha, L50|\n|poke|p2|Floette-Eternal, L50, F|\n|poke|p2|Incineroar, L50, M|\n|poke|p2|Golurk, L50|\n|teampreview|4\n|inactive|Battle timer is ON: inactive players will automatically lose when time's up. (requested by ivyg hbj)\n|inactive|Quaaloods has 60 seconds left.\nivyg hbj has agreed to open team sheets.\n|inactive|Quaaloods has 30 seconds left.\nQuaaloods has agreed to open team sheets.\n|showteam|p1|Tyranitar||Tyranitarite|SandStream|KnockOff,RockSlide,Protect,DragonDance|Adamant||F|||50|]Rotom-Wash||WideLens|Levitate|LightScreen,WillOWisp,VoltSwitch,HydroPump|Bold|||||50|]Sinistcha-Masterpiece||SitrusBerry|Hospitality|MatchaGotcha,Protect,RagePowder,TrickRoom|Calm|||||50|]Incineroar||Leftovers|Intimidate|PartingShot,FlareBlitz,FakeOut,HelpingHand|Careful||F|||50|]Dragonite||Dragoninite|Multiscale|FireBlast,IceBeam,Protect,AirSlash|Modest||F|||50|]Steelix||Steelixite|RockHead|WideGuard,IceFang,HeavySlam,Earthquake|Adamant||M|||50|\n|showteam|p2|Ceruledge||FocusSash|FlashFire|Protect,Poltergeist,CloseCombat,ShadowSneak|Adamant||M|||50|]Farigiraf||SitrusBerry|ArmorTail|HelpingHand,AllySwitch,PsychicNoise,TrickRoom|Bold||F|||50|]Sinistcha||ColburBerry|Hospitality|RagePowder,MatchaGotcha,StrengthSap,LifeDew|Bold|||||50|]Floette-Eternal||Floettite|FlowerVeil|Protect,Moonblast,DazzlingGleam,LightofRuin|Timid||F|||50|]Incineroar||ChopleBerry|Intimidate|FakeOut,PartingShot,FlareBlitz,DarkestLariat|Careful||M|||50|]Golurk||Golurkite|IronFist|Protect,HeadlongRush,Poltergeist,CloseCombat|Brave|||||50|\n|inactive|Quaaloods has 20 seconds left.\n|inactive|Quaaloods has 15 seconds left.\n|\n|t:|1788336795\n|teamsize|p1|4\n|teamsize|p2|4\n|start\n|switch|p1a: Rotom|Rotom-Wash, L50|100/100\n|switch|p1b: Tyranitar|Tyranitar, L50, F|100/100\n|switch|p2a: Incineroar|Incineroar, L50, M|100/100\n|switch|p2b: Télétubbies|Farigiraf, L50, F|100/100\n|-weather|Sandstorm|[from] ability: Sand Stream|[of] p1b: Tyranitar\n|-ability|p2a: Incineroar|Intimidate|boost\n|-unboost|p1a: Rotom|atk|1\n|-unboost|p1b: Tyranitar|atk|1\n|turn|1\n|inactive|ivyg hbj has 30 seconds left.\n|inactive|Quaaloods has 30 seconds left.\n|\n|t:|1788336826\n|switch|p1a: Sinistcha|Sinistcha-Masterpiece, L50|100/100\n|move|p1b: Tyranitar|Protect|p1b: Tyranitar\n|-singleturn|p1b: Tyranitar|Protect\n|move|p2a: Incineroar|Fake Out|p1a: Sinistcha\n|-immune|p1a: Sinistcha\n|move|p2b: Télétubbies|Trick Room|p2b: Télétubbies\n|-fieldstart|move: Trick Room|[of] p2b: Télétubbies\n|\n|-weather|Sandstorm|[upkeep]\n|-damage|p2b: Télétubbies|93/100|[from] Sandstorm\n|-damage|p2a: Incineroar|94/100|[from] Sandstorm\n|-damage|p1a: Sinistcha|93/100|[from] Sandstorm\n|upkeep\n|turn|2\n|\n|t:|1788336846\n|move|p2a: Incineroar|Parting Shot|p1b: Tyranitar\n|-unboost|p1b: Tyranitar|atk|1\n|-unboost|p1b: Tyranitar|spa|1\n|\n|t:|1788336855\n|switch|p2a: Tomorrowland|Golurk, L50|100/100|[from] Parting Shot\n|move|p2b: Télétubbies|Psychic Noise|p1a: Sinistcha\n|-damage|p1a: Sinistcha|66/100\n|-start|p1a: Sinistcha|move: Heal Block\n|move|p1b: Tyranitar|Dragon Dance|p1b: Tyranitar\n|-boost|p1b: Tyranitar|atk|1\n|-boost|p1b: Tyranitar|spe|1\n|move|p1a: Sinistcha|Trick Room|p1a: Sinistcha\n|-fieldend|move: Trick Room\n|\n|-weather|Sandstorm|[upkeep]\n|-damage|p1a: Sinistcha|60/100|[from] Sandstorm\n|-damage|p2b: Télétubbies|87/100|[from] Sandstorm\n|upkeep\n|turn|3\n|\n|t:|1788336877\n|switch|p1a: Rotom|Rotom-Wash, L50|100/100\n|detailschange|p2a: Tomorrowland|Golurk-Mega, L50\n|-mega|p2a: Tomorrowland|Golurk|Golurkite\n|move|p1b: Tyranitar|Knock Off|p2b: Télétubbies\n|-supereffective|p2b: Télétubbies|1\n|-damage|p2b: Télétubbies|24/100\n|-enditem|p2b: Télétubbies|Sitrus Berry|[from] move: Knock Off|[of] p1b: Tyranitar\n|move|p2a: Tomorrowland|Poltergeist|p1a: Rotom\n|-activate|p1a: Rotom|move: Poltergeist|Wide Lens\n|-damage|p1a: Rotom|35/100\n|move|p2b: Télétubbies|Trick Room|p2b: Télétubbies\n|-fieldstart|move: Trick Room|[of] p2b: Télétubbies\n|\n|-weather|Sandstorm|[upkeep]\n|-damage|p2b: Télétubbies|18/100|[from] Sandstorm\n|-damage|p1a: Rotom|29/100|[from] Sandstorm\n|upkeep\n|turn|4\n|\n|t:|1788336896\n|switch|p2b: Incineroar|Incineroar, L50, M|94/100\n|-ability|p2b: Incineroar|Intimidate|boost\n|-unboost|p1a: Rotom|atk|1\n|-unboost|p1b: Tyranitar|atk|1\n|move|p1b: Tyranitar|Protect|p1b: Tyranitar\n|-singleturn|p1b: Tyranitar|Protect\n|move|p2a: Tomorrowland|Poltergeist|p1a: Rotom\n|-activate|p1a: Rotom|move: Poltergeist|Wide Lens\n|-damage|p1a: Rotom|0 fnt\n|faint|p1a: Rotom\n|\n|-weather|Sandstorm|[upkeep]\n|-damage|p2b: Incineroar|88/100|[from] Sandstorm\n|upkeep\n|\n|t:|1788336910\n|switch|p1a: Steelix|Steelix, L50, M|100/100\n|turn|5\n|inactive|Quaaloods has 30 seconds left.\n|inactive|Quaaloods has 20 seconds left.\n|inactive|Quaaloods has 15 seconds left.\n|inactive|Quaaloods has 10 seconds left.\n|\n|t:|1788336955\n|detailschange|p1a: Steelix|Steelix-Mega, L50, M\n|-mega|p1a: Steelix|Steelix|Steelixite\n|move|p1a: Steelix|Ice Fang|p2a: Tomorrowland\n|-supereffective|p2a: Tomorrowland|1\n|-damage|p2a: Tomorrowland|58/100\n|cant|p2a: Tomorrowland|flinch\n|move|p2b: Incineroar|Parting Shot|p1b: Tyranitar\n|-unboost|p1b: Tyranitar|atk|1\n|-unboost|p1b: Tyranitar|spa|1\n|\n|t:|1788336964\n|switch|p2b: Mojito|Sinistcha, L50|100/100|[from] Parting Shot\n|-heal|p2a: Tomorrowland|83/100|[from] ability: Hospitality|[of] p2b: Mojito\n|move|p1b: Tyranitar|Rock Slide|p2a: Tomorrowland|[spread] p2a,p2b\n|-resisted|p2a: Tomorrowland|1\n|-damage|p2a: Tomorrowland|78/100\n|-damage|p2b: Mojito|89/100\n|\n|-weather|none\n|upkeep\n|turn|6\n|\n|t:|1788336988\n|move|p1a: Steelix|Wide Guard|p1a: Steelix\n|-singleturn|p1a: Steelix|Wide Guard\n|move|p2b: Mojito|Rage Powder|p2b: Mojito\n|-singleturn|p2b: Mojito|move: Rage Powder\n|move|p2a: Tomorrowland|Headlong Rush|p1a: Steelix\n|-supereffective|p1a: Steelix|1\n|-damage|p1a: Steelix|29/100\n|-unboost|p2a: Tomorrowland|def|1\n|-unboost|p2a: Tomorrowland|spd|1\n|move|p1b: Tyranitar|Knock Off|p2b: Mojito\n|-supereffective|p2b: Mojito|1\n|-enditem|p2b: Mojito|Colbur Berry|[eat]\n|-enditem|p2b: Mojito|Colbur Berry|[weaken]\n|-damage|p2b: Mojito|70/100\n|\n|upkeep\n|turn|7\n|inactive|ivyg hbj has 30 seconds left.\n|\n|t:|1788337019\n|switch|p1b: Sinistcha|Sinistcha-Masterpiece, L50|60/100\n|-heal|p1a: Steelix|54/100|[from] ability: Hospitality|[of] p1b: Sinistcha\n|move|p2a: Tomorrowland|Protect|p2a: Tomorrowland\n|-singleturn|p2a: Tomorrowland|Protect\n|move|p1a: Steelix|Ice Fang|p2a: Tomorrowland\n|-activate|p2a: Tomorrowland|move: Protect\n|move|p2b: Mojito|Matcha Gotcha|p1b: Sinistcha|[spread] p1a,p1b\n|-resisted|p1b: Sinistcha|1\n|-damage|p1a: Steelix|29/100\n|-heal|p2b: Mojito|83/100|[from] drain|[of] p1a: Steelix\n|-damage|p1b: Sinistcha|48/100\n|-heal|p2b: Mojito|89/100|[from] drain|[of] p1b: Sinistcha\n|-status|p1b: Sinistcha|brn\n|-enditem|p1b: Sinistcha|Sitrus Berry|[eat]\n|-heal|p1b: Sinistcha|73/100 brn|[from] item: Sitrus Berry\n|\n|-damage|p1b: Sinistcha|67/100 brn|[from] brn\n|-fieldend|move: Trick Room\n|upkeep\n|turn|8\n|\n|t:|1788337044\n|switch|p2a: Incineroar|Incineroar, L50, M|88/100\n|-ability|p2a: Incineroar|Intimidate|boost\n|-unboost|p1a: Steelix|atk|1\n|-unboost|p1b: Sinistcha|atk|1\n|switch|p1a: Tyranitar|Tyranitar, L50, F|100/100\n|-weather|Sandstorm|[from] ability: Sand Stream|[of] p1a: Tyranitar\n|move|p2b: Mojito|Strength Sap|p1a: Tyranitar\n|-unboost|p1a: Tyranitar|atk|1\n|-heal|p2b: Mojito|100/100\n|move|p1b: Sinistcha|Matcha Gotcha|p2a: Incineroar|[spread] p2a,p2b\n|-resisted|p2a: Incineroar|1\n|-resisted|p2b: Mojito|1\n|-damage|p2a: Incineroar|79/100\n|-heal|p1b: Sinistcha|72/100 brn|[from] drain|[of] p2a: Incineroar\n|-damage|p2b: Mojito|88/100\n|-heal|p1b: Sinistcha|78/100 brn|[from] drain|[of] p2b: Mojito\n|-status|p2b: Mojito|brn\n|\n|-weather|Sandstorm|[upkeep]\n|-damage|p1b: Sinistcha|71/100 brn|[from] Sandstorm\n|-damage|p2b: Mojito|82/100 brn|[from] Sandstorm\n|-damage|p2a: Incineroar|73/100|[from] Sandstorm\n|-damage|p1b: Sinistcha|65/100 brn|[from] brn\n|-damage|p2b: Mojito|76/100 brn|[from] brn\n|upkeep\n|turn|9\n|inactive|ivyg hbj has 30 seconds left.\n|inactive|Quaaloods has 30 seconds left.\n|\n|t:|1788337077\n|move|p2a: Incineroar|Fake Out|p1a: Tyranitar\n|-resisted|p1a: Tyranitar|1\n|-damage|p1a: Tyranitar|94/100\n|cant|p1a: Tyranitar|flinch\n|move|p1b: Sinistcha|Matcha Gotcha|p2b: Mojito|[spread] p2a,p2b\n|-resisted|p2a: Incineroar|1\n|-resisted|p2b: Mojito|1\n|-damage|p2a: Incineroar|64/100\n|-heal|p1b: Sinistcha|70/100 brn|[from] drain|[of] p2a: Incineroar\n|-damage|p2b: Mojito|65/100 brn\n|-heal|p1b: Sinistcha|76/100 brn|[from] drain|[of] p2b: Mojito\n|move|p2b: Mojito|Matcha Gotcha|p1a: Tyranitar|[spread] p1a,p1b\n|-supereffective|p1a: Tyranitar|1\n|-resisted|p1b: Sinistcha|1\n|-damage|p1a: Tyranitar|57/100\n|-heal|p2b: Mojito|83/100 brn|[from] drain|[of] p1a: Tyranitar\n|-damage|p1b: Sinistcha|65/100 brn\n|-heal|p2b: Mojito|89/100 brn|[from] drain|[of] p1b: Sinistcha\n|\n|-weather|Sandstorm|[upkeep]\n|-damage|p1b: Sinistcha|58/100 brn|[from] Sandstorm\n|-damage|p2b: Mojito|83/100 brn|[from] Sandstorm\n|-damage|p2a: Incineroar|58/100|[from] Sandstorm\n|-damage|p1b: Sinistcha|52/100 brn|[from] brn\n|-damage|p2b: Mojito|76/100 brn|[from] brn\n|upkeep\n|turn|10\n|\n|t:|1788337101\n|switch|p1a: Steelix|Steelix-Mega, L50, M|29/100\n|move|p2b: Mojito|Strength Sap|p1a: Steelix\n|-unboost|p1a: Steelix|atk|1\n|-heal|p2b: Mojito|100/100 brn\n|move|p1b: Sinistcha|Matcha Gotcha|p2a: Incineroar|[spread] p2a,p2b\n|-resisted|p2a: Incineroar|1\n|-resisted|p2b: Mojito|1\n|-damage|p2a: Incineroar|49/100\n|-heal|p1b: Sinistcha|58/100 brn|[from] drain|[of] p2a: Incineroar\n|-damage|p2b: Mojito|87/100 brn\n|-heal|p1b: Sinistcha|65/100 brn|[from] drain|[of] p2b: Mojito\n|move|p2a: Incineroar|Darkest Lariat|p1b: Sinistcha\n|-supereffective|p1b: Sinistcha|1\n|-damage|p1b: Sinistcha|11/100 brn\n|\n|-weather|Sandstorm|[upkeep]\n|-damage|p2b: Mojito|80/100 brn|[from] Sandstorm\n|-damage|p1b: Sinistcha|5/100 brn|[from] Sandstorm\n|-damage|p2a: Incineroar|43/100|[from] Sandstorm\n|-damage|p2b: Mojito|74/100 brn|[from] brn\n|-damage|p1b: Sinistcha|0 fnt|[from] brn\n|faint|p1b: Sinistcha\n|upkeep\n|\n|t:|1788337122\n|switch|p1b: Tyranitar|Tyranitar, L50, F|57/100\n|turn|11\n|\n|t:|1788337131\n|move|p1b: Tyranitar|Protect|p1b: Tyranitar\n|-singleturn|p1b: Tyranitar|Protect\n|move|p2b: Mojito|Strength Sap|p1b: Tyranitar\n|-activate|p1b: Tyranitar|move: Protect\n|move|p2a: Incineroar|Parting Shot|p1b: Tyranitar\n|-activate|p1b: Tyranitar|move: Protect\n|move|p1a: Steelix|Earthquake|p2b: Mojito|[spread] p2a,p2b\n|-activate|p1b: Tyranitar|move: Protect\n|-supereffective|p2a: Incineroar|1\n|-resisted|p2b: Mojito|1\n|-damage|p2a: Incineroar|0 fnt\n|-damage|p2b: Mojito|61/100 brn\n|faint|p2a: Incineroar\n|\n|-weather|Sandstorm|[upkeep]\n|-damage|p2b: Mojito|55/100 brn|[from] Sandstorm\n|-damage|p2b: Mojito|48/100 brn|[from] brn\n|upkeep\n|\n|t:|1788337139\n|switch|p2a: Tomorrowland|Golurk-Mega, L50|78/100\n|turn|12\n|\n|t:|1788337159\n|move|p2b: Mojito|Rage Powder|p2b: Mojito\n|-singleturn|p2b: Mojito|move: Rage Powder\n|move|p1b: Tyranitar|Rock Slide|p2b: Mojito|[spread] p2a,p2b\n|-resisted|p2a: Tomorrowland|1\n|-damage|p2a: Tomorrowland|64/100\n|-damage|p2b: Mojito|23/100 brn\n|cant|p2a: Tomorrowland|flinch\n|move|p1a: Steelix|Heavy Slam|p2b: Mojito\n|-damage|p2b: Mojito|0 fnt\n|faint|p2b: Mojito\n|\n|-weather|none\n|upkeep\n|\n|t:|1788337182\n|switch|p2b: Télétubbies|Farigiraf, L50, F|18/100\n|turn|13\n|inactive|Quaaloods has 30 seconds left.\n|\n|t:|1788337208\n|move|p2b: Télétubbies|Ally Switch|p2b: Télétubbies\n|swap|p2b: Télétubbies|0|[from] move: Ally Switch\n|move|p1b: Tyranitar|Rock Slide|p2a: Télétubbies|[spread] p2a\n|-miss|p1b: Tyranitar|p2b: Tomorrowland\n|-damage|p2a: Télétubbies|0 fnt\n|faint|p2a: Télétubbies\n|move|p2b: Tomorrowland|Headlong Rush|p1b: Tyranitar\n|-supereffective|p1b: Tyranitar|1\n|-damage|p1b: Tyranitar|0 fnt\n|-unboost|p2b: Tomorrowland|def|1\n|-unboost|p2b: Tomorrowland|spd|1\n|faint|p1b: Tyranitar\n|move|p1a: Steelix|Ice Fang|p2b: Tomorrowland\n|-supereffective|p2b: Tomorrowland|1\n|-damage|p2b: Tomorrowland|23/100\n|\n|upkeep\n|turn|14\n|\n|t:|1788337224\n|move|p2b: Tomorrowland|Headlong Rush|p1a: Steelix\n|-supereffective|p1a: Steelix|1\n|-damage|p1a: Steelix|0 fnt\n|-unboost|p2b: Tomorrowland|def|1\n|-unboost|p2b: Tomorrowland|spd|1\n|faint|p1a: Steelix\n|\n|win|Quaaloods\n|raw|ivyg hbj's rating: 1124 &rarr; <strong>1106</strong><br />(-18 for losing)\n|raw|Quaaloods's rating: 1220 &rarr; <strong>1238</strong><br />(+18 for winning)\n|c|☆Quaaloods|gg\n|l|☆ivyg hbj\n|player|p1|\n","uploadtime":1788337236,"views":"11","formatid":"gen9championsvgc2026regmb","rating":1106,"private":0,"password":null}