{"id":"gen9championsvgc2026regmb-2674226008","format":"[Gen 9 Champions] VGC 2026 Reg M-B","players":["gdyee","BUOMBUOM"],"log":"|j|☆gdyee\n|j|☆BUOMBUOM\n|t:|1788318648\n|gametype|doubles\n|player|p1|gdyee|supernerd|1430\n|player|p2|BUOMBUOM|101|1502\n|gen|9\n|tier|[Gen 9 Champions] VGC 2026 Reg M-B\n|rated|\n|rule|Species Clause: Limit one of each Pokémon\n|rule|Item Clause: Limit 1 of each item\n|clearpoke\n|poke|p1|Serperior, L50, F|\n|poke|p1|Sandaconda, L50, F|\n|poke|p1|Arbok, L50, M|\n|poke|p1|Orthworm, L50, M|\n|poke|p1|Gyarados, L50, F|\n|poke|p1|Drampa, L50, F|\n|poke|p2|Aegislash, L50, F|\n|poke|p2|Arcanine-Hisui, L50, F|\n|poke|p2|Raichu, L50, F|\n|poke|p2|Floette-Eternal, L50, F|\n|poke|p2|Farigiraf, L50, M|\n|poke|p2|Talonflame, L50, F|\n|teampreview|4\n|inactive|Battle timer is ON: inactive players will automatically lose when time's up. (requested by gdyee)\ngdyee rejected open team sheets.\n|inactive|BUOMBUOM has 60 seconds left.\n|\n|t:|1788318687\n|teamsize|p1|4\n|teamsize|p2|4\n|start\n|switch|p1a: Sandaconda|Sandaconda, L50, F|100/100\n|switch|p1b: Arbok|Arbok, L50, M|100/100\n|switch|p2a: Floette|Floette-Eternal, L50, F|100/100\n|switch|p2b: Arcanine|Arcanine-Hisui, L50, F|100/100\n|-ability|p1b: Arbok|Intimidate|boost\n|-unboost|p2a: Floette|atk|1\n|-unboost|p2b: Arcanine|atk|1\n|turn|1\n|\n|t:|1788318706\n|move|p2a: Floette|Protect|p2a: Floette\n|-singleturn|p2a: Floette|Protect\n|move|p2b: Arcanine|Head Smash|p1b: Arbok\n|-damage|p1b: Arbok|12/100\n|move|p1b: Arbok|Glare|p2a: Floette\n|-activate|p2a: Floette|move: Protect\n|move|p1a: Sandaconda|Glare|p2b: Arcanine\n|-status|p2b: Arcanine|par\n|\n|upkeep\n|turn|2\n|c|☆BUOMBUOM|cool team\n|inactive|BUOMBUOM has 30 seconds left.\n|\n|t:|1788318731\n|switch|p2a: Farigiraf|Farigiraf, L50, M|100/100\n|move|p1b: Arbok|Poison Jab|p2a: Farigiraf\n|-damage|p2a: Farigiraf|70/100\n|move|p2b: Arcanine|Head Smash|p1b: Arbok\n|-damage|p1b: Arbok|0 fnt\n|faint|p1b: Arbok\n|move|p1a: Sandaconda|Earthquake|p2b: Arcanine|[spread] p2a,p2b\n|-supereffective|p2b: Arcanine|2\n|-damage|p2a: Farigiraf|49/100\n|-damage|p2b: Arcanine|0 fnt\n|-enditem|p2a: Farigiraf|Sitrus Berry|[eat]\n|-heal|p2a: Farigiraf|74/100|[from] item: Sitrus Berry\n|faint|p2b: Arcanine\n|\n|upkeep\n|\n|t:|1788318743\n|switch|p2b: Floette|Floette-Eternal, L50, F|100/100\n|switch|p1b: Orthworm|Orthworm, L50, M|100/100\n|turn|3\n|\n|t:|1788318754\n|detailschange|p2b: Floette|Floette-Mega, L50, F\n|-mega|p2b: Floette|Floette|Floettite\n|-ability|p2b: Floette|Fairy Aura\n|move|p2a: Farigiraf|Ally Switch|p2a: Farigiraf\n|swap|p2a: Farigiraf|1|[from] move: Ally Switch\n|move|p2a: Floette|Light of Ruin|p1a: Sandaconda\n|-damage|p1a: Sandaconda|0 fnt\n|-weather|Sandstorm|[from] ability: Sand Spit|[of] p1a: Sandaconda\n|faint|p1a: Sandaconda\n|-damage|p2a: Floette|40/100|[from] Recoil\n|move|p1b: Orthworm|Heavy Slam|p2b: Farigiraf\n|-damage|p2b: Farigiraf|64/100\n|\n|-weather|Sandstorm|[upkeep]\n|-damage|p2a: Floette|34/100|[from] Sandstorm\n|-damage|p2b: Farigiraf|58/100|[from] Sandstorm\n|upkeep\n|\n|t:|1788318767\n|switch|p1a: Gyarados|Gyarados, L50, F|100/100\n|-ability|p1a: Gyarados|Intimidate|boost\n|-unboost|p2a: Floette|atk|1\n|-unboost|p2b: Farigiraf|atk|1\n|turn|4\n|\n|t:|1788318786\n|switch|p2b: Aegislash|Aegislash, L50, F|100/100\n|move|p2a: Floette|Protect|p2a: Floette\n|-singleturn|p2a: Floette|Protect\n|move|p1a: Gyarados|Crunch|p2b: Aegislash\n|-supereffective|p2b: Aegislash|1\n|-damage|p2b: Aegislash|54/100\n|move|p1b: Orthworm|Heavy Slam|p2a: Floette\n|-activate|p2a: Floette|move: Protect\n|\n|-weather|Sandstorm|[upkeep]\n|-damage|p2a: Floette|28/100|[from] Sandstorm\n|-damage|p1a: Gyarados|93/100|[from] Sandstorm\n|upkeep\n|turn|5\n|inactive|gdyee has 30 seconds left.\n|\n|t:|1788318813\n|switch|p2a: Farigiraf|Farigiraf, L50, M|58/100\n|move|p1a: Gyarados|Protect|p1a: Gyarados\n|-singleturn|p1a: Gyarados|Protect\n|move|p1b: Orthworm|Heavy Slam|p2a: Farigiraf\n|-damage|p2a: Farigiraf|48/100\n|-formechange|p2b: Aegislash|Aegislash-Blade|\n|move|p2b: Aegislash|Close Combat|p1b: Orthworm\n|-supereffective|p1b: Orthworm|1\n|-damage|p1b: Orthworm|25/100\n|-unboost|p2b: Aegislash|def|1\n|-unboost|p2b: Aegislash|spd|1\n|\n|-weather|Sandstorm|[upkeep]\n|-damage|p1a: Gyarados|87/100|[from] Sandstorm\n|-damage|p2a: Farigiraf|42/100|[from] Sandstorm\n|upkeep\n|turn|6\n|\n|t:|1788318834\n|detailschange|p1a: Gyarados|Gyarados-Mega, L50, F\n|-mega|p1a: Gyarados|Gyarados|Gyaradosite\n|-ability|p1a: Gyarados|Mold Breaker\n|-formechange|p2b: Aegislash|Aegislash|\n|move|p2b: Aegislash|King's Shield|p2b: Aegislash\n|-singleturn|p2b: Aegislash|Protect\n|move|p1a: Gyarados|Dragon Dance|p1a: Gyarados\n|-boost|p1a: Gyarados|atk|1\n|-boost|p1a: Gyarados|spe|1\n|move|p1b: Orthworm|Body Press|p2a: Farigiraf\n|-damage|p2a: Farigiraf|18/100\n|move|p2a: Farigiraf|Grass Knot|p1a: Gyarados\n|-supereffective|p1a: Gyarados|1\n|-damage|p1a: Gyarados|39/100\n|\n|-weather|Sandstorm|[upkeep]\n|-damage|p1a: Gyarados|33/100|[from] Sandstorm\n|-damage|p2a: Farigiraf|11/100|[from] Sandstorm\n|upkeep\n|turn|7\n|\n|t:|1788318854\n|move|p2a: Farigiraf|Ally Switch|p2a: Farigiraf\n|swap|p2a: Farigiraf|1|[from] move: Ally Switch\n|move|p1a: Gyarados|Crunch|p2b: Farigiraf\n|-supereffective|p2b: Farigiraf|1\n|-damage|p2b: Farigiraf|0 fnt\n|faint|p2b: Farigiraf\n|move|p1b: Orthworm|Body Press|p2a: Aegislash\n|-immune|p2a: Aegislash\n|-formechange|p2a: Aegislash|Aegislash-Blade|\n|move|p2a: Aegislash|Close Combat|p1a: Gyarados\n|-supereffective|p1a: Gyarados|1\n|-crit|p1a: Gyarados\n|-damage|p1a: Gyarados|0 fnt\n|-unboost|p2a: Aegislash|def|1\n|-unboost|p2a: Aegislash|spd|1\n|faint|p1a: Gyarados\n|\n|-weather|none\n|upkeep\n|\n|t:|1788318860\n|switch|p2b: Floette|Floette-Mega, L50, F|28/100\n|-ability|p2b: Floette|Fairy Aura\n|turn|8\n|-message|gdyee forfeited.\n|\n|win|BUOMBUOM\n|raw|gdyee's rating: 1430 &rarr; <strong>1414</strong><br />(-16 for losing)\n|raw|BUOMBUOM's rating: 1502 &rarr; <strong>1518</strong><br />(+16 for winning)\n|l|☆gdyee\n|player|p1|\n|c|☆BUOMBUOM|gg\n","uploadtime":1788318866,"views":"0","formatid":"gen9championsvgc2026regmb","rating":1414,"private":0,"password":null}