{"id":"gen9championsvgc2026regmbbo3-2673546671","format":"[Gen 9 Champions] VGC 2026 Reg M-B (Bo3)","players":["javivaarela","Dregoth"],"log":"|j|☆javivaarela\n|j|☆Dregoth\n|html|<table width=\"100%\"><tr><td align=\"left\">javivaarela</td><td align=\"right\">Dregoth</tr><tr><td align=\"left\"><i class=\"fa fa-circle\"></i> <i class=\"fa fa-circle-o\"></i> </td><td align=\"right\"><i class=\"fa fa-circle-o\"></i> <i class=\"fa fa-circle\"></i> </tr></table>\n|uhtml|bestof|<h2><strong>Game 3</strong> of <a href=\"/game-bestof3-gen9championsvgc2026regmbbo3-2673542926\">a best-of-3</a></h2>\n|t:|1788211363\n|gametype|doubles\n|player|p1|javivaarela|shadowtriad|1340\n|player|p2|Dregoth|volkner|1467\n|gen|9\n|tier|[Gen 9 Champions] VGC 2026 Reg M-B (Bo3)\n|rated|\n|rule|Species Clause: Limit one of each Pokémon\n|rule|Item Clause: Limit 1 of each item\n|clearpoke\n|poke|p1|Staraptor, L50, M, shiny|\n|poke|p1|Arcanine-Hisui, L50, M, shiny|\n|poke|p1|Kingambit, L50, F, shiny|\n|poke|p1|Sylveon, L50, F, shiny|\n|poke|p1|Raichu, L50, M, shiny|\n|poke|p1|Farigiraf, L50, M, shiny|\n|poke|p2|Charizard, L50, F|\n|poke|p2|Farigiraf, L50, M|\n|poke|p2|Incineroar, L50, M|\n|poke|p2|Rhyperior, L50, F|\n|poke|p2|Aegislash, L50, F|\n|poke|p2|Sylveon, L50, F|\n|teampreview|4\n|showteam|p1|Staraptor||Staraptite|Intimidate|DualWingbeat,CloseCombat,Tailwind,Protect|Jolly||M|||50|]Arcanine-Hisui||FocusSash|RockHead|FlareBlitz,HeadSmash,ExtremeSpeed,Protect|Jolly||M|||50|]Kingambit||LifeOrb|Defiant|KowtowCleave,SuckerPunch,SwordsDance,Protect|Adamant||F|||50|]Sylveon||FairyFeather|Pixilate|HyperVoice,HyperBeam,QuickAttack,Detect|Modest||F|||50|]Raichu||RaichuniteY|LightningRod|ZapCannon,FocusBlast,FakeOut,Protect|Timid||M|||50|]Farigiraf||SitrusBerry|ArmorTail|Psychic,HelpingHand,TrickRoom,Protect|Calm||M|||50|\n|showteam|p2|Charizard||CharizarditeY|SolarPower|HeatWave,WeatherBall,SolarBeam,Protect|Modest||F|||50|]Farigiraf||SitrusBerry|ArmorTail|TwinBeam,HelpingHand,TrickRoom,AllySwitch|Calm||M|||50|]Incineroar||Charcoal|Intimidate|FlareBlitz,DarkestLariat,FakeOut,PartingShot|Brave||M|||50|]Rhyperior||LifeOrb|SolidRock|HighHorsepower,RockSlide,IcePunch,Protect|Adamant||F|||50|]Aegislash||FocusSash|StanceChange|Poltergeist,IronHead,CloseCombat,WideGuard|Adamant||F|||50|]Sylveon||FairyFeather|Pixilate|HyperVoice,HyperBeam,Yawn,Protect|Quiet||F|||50|\n|inactive|Battle timer is ON: inactive players will automatically lose when time's up. (requested by javivaarela)\n|\n|t:|1788211383\n|teamsize|p1|4\n|teamsize|p2|4\n|start\n|switch|p1a: Flower Man|Staraptor, L50, M, shiny|100/100\n|switch|p1b: WrathofKhan|Kingambit, L50, F, shiny|100/100\n|switch|p2a: Charizard|Charizard, L50, F|100/100\n|switch|p2b: Farigiraf|Farigiraf, L50, M|100/100\n|-ability|p1a: Flower Man|Intimidate|boost\n|-unboost|p2a: Charizard|atk|1\n|-unboost|p2b: Farigiraf|atk|1\n|turn|1\n|\n|t:|1788211397\n|switch|p1b: Wasabi|Arcanine-Hisui, L50, M, shiny|100/100\n|detailschange|p1a: Flower Man|Staraptor-Mega, L50, M, shiny\n|-mega|p1a: Flower Man|Staraptor|Staraptite\n|detailschange|p2a: Charizard|Charizard-Mega-Y, L50, F\n|-mega|p2a: Charizard|Charizard|Charizardite Y\n|-weather|SunnyDay|[from] ability: Drought|[of] p2a: Charizard\n|move|p1a: Flower Man|Close Combat|p2a: Charizard\n|-resisted|p2a: Charizard|1\n|-crit|p2a: Charizard\n|-damage|p2a: Charizard|56/100\n|-boost|p1a: Flower Man|def|1\n|-boost|p1a: Flower Man|spd|1\n|move|p2a: Charizard|Heat Wave|p1b: Wasabi|[spread] p1b\n|-miss|p2a: Charizard|p1a: Flower Man\n|-resisted|p1b: Wasabi|2\n|-damage|p1b: Wasabi|80/100\n|move|p2b: Farigiraf|Trick Room|p2b: Farigiraf\n|-fieldstart|move: Trick Room|[of] p2b: Farigiraf\n|\n|-weather|SunnyDay|[upkeep]\n|upkeep\n|turn|2\n|\n|t:|1788211420\n|move|p2b: Farigiraf|Twin Beam|p1b: Wasabi\n|-damage|p1b: Wasabi|60/100\n|-damage|p1b: Wasabi|42/100\n|-hitcount|p1b: Wasabi|2\n|move|p2a: Charizard|Solar Beam||[still]\n|-prepare|p2a: Charizard|Solar Beam\n|-anim|p2a: Charizard|Solar Beam|p1b: Wasabi\n|-damage|p1b: Wasabi|0 fnt\n|faint|p1b: Wasabi\n|move|p1a: Flower Man|Close Combat|p2b: Farigiraf\n|-damage|p2b: Farigiraf|42/100\n|-boost|p1a: Flower Man|def|1\n|-boost|p1a: Flower Man|spd|1\n|-enditem|p2b: Farigiraf|Sitrus Berry|[eat]\n|-heal|p2b: Farigiraf|67/100|[from] item: Sitrus Berry\n|\n|-weather|SunnyDay|[upkeep]\n|upkeep\n|\n|t:|1788211433\n|switch|p1b: WrathofKhan|Kingambit, L50, F, shiny|100/100\n|turn|3\n|inactive|Dregoth has 30 seconds left.\n|\n|t:|1788211460\n|switch|p2b: Sylveon|Sylveon, L50, F|100/100\n|move|p2a: Charizard|Protect|p2a: Charizard\n|-singleturn|p2a: Charizard|Protect\n|move|p1b: WrathofKhan|Kowtow Cleave|p2a: Charizard\n|-activate|p2a: Charizard|move: Protect\n|move|p1a: Flower Man|Close Combat|p2b: Sylveon\n|-resisted|p2b: Sylveon|1\n|-damage|p2b: Sylveon|67/100\n|-boost|p1a: Flower Man|def|1\n|-boost|p1a: Flower Man|spd|1\n|\n|-weather|SunnyDay|[upkeep]\n|upkeep\n|turn|4\n|inactive|javivaarela has 30 seconds left.\n|\n|t:|1788211487\n|move|p1b: WrathofKhan|Kowtow Cleave|p2a: Charizard\n|-damage|p2a: Charizard|0 fnt\n|faint|p2a: Charizard\n|-damage|p1b: WrathofKhan|90/100|[from] item: Life Orb\n|move|p2b: Sylveon|Hyper Beam|p1b: WrathofKhan\n|-damage|p1b: WrathofKhan|0 fnt\n|-mustrecharge|p2b: Sylveon\n|faint|p1b: WrathofKhan\n|move|p1a: Flower Man|Close Combat|p2b: Sylveon\n|-resisted|p2b: Sylveon|1\n|-damage|p2b: Sylveon|32/100\n|-boost|p1a: Flower Man|def|1\n|-boost|p1a: Flower Man|spd|1\n|\n|-weather|SunnyDay|[upkeep]\n|upkeep\n|\n|t:|1788211497\n|switch|p1b: Sadie Sink|Sylveon, L50, F, shiny|100/100\n|switch|p2a: Rhyperior|Rhyperior, L50, F|100/100\n|turn|5\n|\n|t:|1788211510\n|move|p1b: Sadie Sink|Detect|p1b: Sadie Sink\n|-singleturn|p1b: Sadie Sink|Protect\n|move|p2a: Rhyperior|High Horsepower|p1b: Sadie Sink\n|-activate|p1b: Sadie Sink|move: Protect\n|cant|p2b: Sylveon|recharge\n|move|p1a: Flower Man|Close Combat|p2a: Rhyperior\n|-supereffective|p2a: Rhyperior|1\n|-damage|p2a: Rhyperior|42/100\n|-boost|p1a: Flower Man|def|1\n|-boost|p1a: Flower Man|spd|1\n|\n|-weather|none\n|-fieldend|move: Trick Room\n|upkeep\n|turn|6\n|-message|Dregoth forfeited.\n|\n|win|javivaarela\n|raw|javivaarela's rating: 1340 &rarr; <strong>1367</strong><br />(+27 for winning)\n|raw|Dregoth's rating: 1467 &rarr; <strong>1440</strong><br />(-27 for losing)\n","uploadtime":1788211516,"views":"0","formatid":"gen9championsvgc2026regmbbo3","rating":1367,"private":0,"password":null}