{"id":"gen9championsvgc2026regmb-2674248828","format":"[Gen 9 Champions] VGC 2026 Reg M-B","players":["Kirbayan","Thornlace48812"],"log":"|j|☆Kirbayan\n|j|☆Thornlace48812\n|t:|1788323088\n|gametype|doubles\n|player|p1|Kirbayan|lacey|1000\n|player|p2|Thornlace48812|1|1049\n|gen|9\n|tier|[Gen 9 Champions] VGC 2026 Reg M-B\n|rated|\n|rule|Species Clause: Limit one of each Pokémon\n|rule|Item Clause: Limit 1 of each item\n|clearpoke\n|poke|p1|Mawile, L50, F, shiny|\n|poke|p1|Milotic, L50, F, shiny|\n|poke|p1|Sinistcha, L50|\n|poke|p1|Ninetales-Alola, L50, F|\n|poke|p1|Kommo-o, L50, F|\n|poke|p1|Glimmora, L50, F, shiny|\n|poke|p2|Garchomp, L50, M|\n|poke|p2|Charizard, L50, F|\n|poke|p2|Whimsicott, L50, F|\n|poke|p2|Sylveon, L50, M|\n|poke|p2|Kingambit, L50, M|\n|poke|p2|Basculegion, L50, M|\n|teampreview|4\n|inactive|Battle timer is ON: inactive players will automatically lose when time's up. (requested by Thornlace48812)\nThornlace48812 rejected open team sheets.\n|inactive|Kirbayan has 60 seconds left.\n|\n|t:|1788323122\n|teamsize|p1|4\n|teamsize|p2|4\n|start\n|switch|p1a: Glim Alarm|Glimmora, L50, F, shiny|100/100\n|switch|p1b: MordËkaiser|Kommo-o, L50, F|100/100\n|switch|p2a: Charizard|Charizard, L50, F|100/100\n|switch|p2b: Sylveon|Sylveon, L50, M|100/100\n|turn|1\n|\n|t:|1788323142\n|switch|p1b: Snowy|Ninetales-Alola, L50, F|100/100\n|-weather|Snowscape|[from] ability: Snow Warning|[of] p1b: Snowy\n|move|p2a: Charizard|Protect|p2a: Charizard\n|-singleturn|p2a: Charizard|Protect\n|move|p1a: Glim Alarm|Sludge Bomb|p2b: Sylveon\n|-supereffective|p2b: Sylveon|1\n|-damage|p2b: Sylveon|32/100\n|-status|p2b: Sylveon|psn\n|move|p2b: Sylveon|Hyper Beam|p1b: Snowy\n|-damage|p1b: Snowy|0 fnt\n|-mustrecharge|p2b: Sylveon\n|faint|p1b: Snowy\n|\n|-weather|Snowscape|[upkeep]\n|-damage|p2b: Sylveon|20/100y psn|[from] psn\n|upkeep\n|\n|t:|1788323160\n|switch|p1b: MordËkaiser|Kommo-o, L50, F|100/100\n|turn|2\n|\n|t:|1788323181\n|detailschange|p2a: Charizard|Charizard-Mega-Y, L50, F\n|-mega|p2a: Charizard|Charizard|Charizardite Y\n|-weather|SunnyDay|[from] ability: Drought|[of] p2a: Charizard\n|move|p2a: Charizard|Protect||[still]\n|-fail|p2a: Charizard\n|move|p1a: Glim Alarm|Power Gem|p2a: Charizard\n|-supereffective|p2a: Charizard|2\n|-damage|p2a: Charizard|0 fnt\n|faint|p2a: Charizard\n|move|p1b: MordËkaiser|Clangorous Soul|p1b: MordËkaiser\n|-boost|p1b: MordËkaiser|atk|1\n|-boost|p1b: MordËkaiser|def|1\n|-boost|p1b: MordËkaiser|spa|1\n|-boost|p1b: MordËkaiser|spd|1\n|-boost|p1b: MordËkaiser|spe|1\n|-damage|p1b: MordËkaiser|67/100\n|cant|p2b: Sylveon|recharge\n|\n|-weather|SunnyDay|[upkeep]\n|-damage|p2b: Sylveon|8/100 psn|[from] psn\n|upkeep\n|\n|t:|1788323182\n|switch|p2a: Whimsicott|Whimsicott, L50, F|100/100\n|turn|3\n|\n|t:|1788323203\n|move|p1b: MordËkaiser|Protect|p1b: MordËkaiser\n|-singleturn|p1b: MordËkaiser|Protect\n|move|p2b: Sylveon|Quick Attack|p1a: Glim Alarm\n|-resisted|p1a: Glim Alarm|1\n|-damage|p1a: Glim Alarm|92/100\n|-activate|p1a: Glim Alarm|ability: Toxic Debris\n|-sidestart|p2: Thornlace48812|move: Toxic Spikes\n|move|p2a: Whimsicott|Moonblast|p1b: MordËkaiser\n|-activate|p1b: MordËkaiser|move: Protect\n|move|p1a: Glim Alarm|Sludge Bomb|p2a: Whimsicott\n|-supereffective|p2a: Whimsicott|2\n|-enditem|p2a: Whimsicott|Focus Sash\n|-damage|p2a: Whimsicott|1/100\n|\n|-weather|SunnyDay|[upkeep]\n|-damage|p2b: Sylveon|0 fnt|[from] psn\n|faint|p2b: Sylveon\n|upkeep\n|\n|t:|1788323204\n|switch|p2b: Basculegion|Basculegion, L50, M|100/100\n|-status|p2b: Basculegion|psn\n|turn|4\n|inactive|Kirbayan has 30 seconds left.\n|\n|t:|1788323233\n|move|p1a: Glim Alarm|Spiky Shield|p1a: Glim Alarm\n|-singleturn|p1a: Glim Alarm|move: Protect\n|move|p2a: Whimsicott|Tailwind|p2a: Whimsicott\n|-sidestart|p2: Thornlace48812|move: Tailwind\n|move|p2b: Basculegion|Wave Crash|p1b: MordËkaiser\n|-resisted|p1b: MordËkaiser|1\n|-damage|p1b: MordËkaiser|54/100\n|-damage|p2b: Basculegion|96/100 psn|[from] Recoil\n|move|p1b: MordËkaiser|Clanging Scales|p2a: Whimsicott|[spread] p2b\n|-immune|p2a: Whimsicott\n|-damage|p2b: Basculegion|26/100 psn\n|-unboost|p1b: MordËkaiser|def|1\n|\n|-weather|SunnyDay|[upkeep]\n|-damage|p2b: Basculegion|13/100 psn|[from] psn\n|upkeep\n|turn|5\n|\n|t:|1788323255\n|move|p2a: Whimsicott|Moonblast|p1b: MordËkaiser\n|-supereffective|p1b: MordËkaiser|2\n|-damage|p1b: MordËkaiser|0 fnt\n|faint|p1b: MordËkaiser\n|move|p2b: Basculegion|Last Respects|p1a: Glim Alarm\n|-damage|p1a: Glim Alarm|0 fnt\n|-activate|p1a: Glim Alarm|ability: Toxic Debris\n|-sidestart|p2: Thornlace48812|move: Toxic Spikes\n|faint|p1a: Glim Alarm\n|\n|-weather|SunnyDay|[upkeep]\n|-damage|p2b: Basculegion|1/100 psn|[from] psn\n|upkeep\n|\n|t:|1788323275\n|switch|p1b: Mellomelloid|Mawile, L50, F, shiny|100/100\n|-ability|p1b: Mellomelloid|Intimidate|boost\n|-unboost|p2a: Whimsicott|atk|1\n|-unboost|p2b: Basculegion|atk|1\n|turn|6\n|\n|t:|1788323282\n|detailschange|p1b: Mellomelloid|Mawile-Mega, L50, F, shiny\n|-mega|p1b: Mellomelloid|Mawile|Mawilite\n|move|p1b: Mellomelloid|Protect|p1b: Mellomelloid\n|-singleturn|p1b: Mellomelloid|Protect\n|move|p2a: Whimsicott|Moonblast|p1b: Mellomelloid\n|-activate|p1b: Mellomelloid|move: Protect\n|move|p2b: Basculegion|Last Respects|p1b: Mellomelloid\n|-activate|p1b: Mellomelloid|move: Protect\n|\n|-weather|none\n|-damage|p2b: Basculegion|0 fnt|[from] psn\n|faint|p2b: Basculegion\n|upkeep\n|turn|7\n|\n|t:|1788323294\n|move|p1b: Mellomelloid|Sucker Punch|p2a: Whimsicott\n|-resisted|p2a: Whimsicott|1\n|-damage|p2a: Whimsicott|0 fnt\n|faint|p2a: Whimsicott\n|\n|win|Kirbayan\n|raw|Kirbayan's rating: 1000 &rarr; <strong>1052</strong><br />(+52 for winning)\n|raw|Thornlace48812's rating: 1108 &rarr; <strong>1075</strong><br />(-33 for losing)\n","uploadtime":1788323294,"views":"1","formatid":"gen9championsvgc2026regmb","rating":1052,"private":0,"password":null}