{"id":"gen9championsvgc2026regmb-2674133263","format":"[Gen 9 Champions] VGC 2026 Reg M-B","players":["Zachyyyyyy","Dizzy Kiske"],"log":"|j|☆Zachyyyyyy\n|j|☆Dizzy Kiske\n|t:|1788304021\n|gametype|doubles\n|player|p1|Zachyyyyyy|102|1455\n|player|p2|Dizzy Kiske|jasmine-masters|1499\n|gen|9\n|tier|[Gen 9 Champions] VGC 2026 Reg M-B\n|rated|\n|rule|Species Clause: Limit one of each Pokémon\n|rule|Item Clause: Limit 1 of each item\n|clearpoke\n|poke|p1|Staraptor, L50, M|\n|poke|p1|Glimmora, L50, F|\n|poke|p1|Whimsicott, L50, F|\n|poke|p1|Sneasler, L50, M|\n|poke|p1|Delphox, L50, F|\n|poke|p1|Garchomp, L50, M|\n|poke|p2|Metagross, L50, shiny|\n|poke|p2|Kleavor, L50, F|\n|poke|p2|Whimsicott, L50, F, shiny|\n|poke|p2|Kingambit, L50, M|\n|poke|p2|Raichu, L50, F|\n|poke|p2|Basculegion, L50, M|\n|teampreview|4\n|inactive|Battle timer is ON: inactive players will automatically lose when time's up. (requested by Zachyyyyyy)\n|inactive|Dizzy Kiske has 60 seconds left.\n|\n|t:|1788304059\n|teamsize|p1|4\n|teamsize|p2|4\n|start\n|switch|p1a: Whimsicott|Whimsicott, L50, F|100/100\n|switch|p1b: Staraptor|Staraptor, L50, M|100/100\n|switch|p2a: Kleavor|Kleavor, L50, F|100/100\n|switch|p2b: Kingambit|Kingambit, L50, M|100/100\n|-ability|p1b: Staraptor|Intimidate|boost\n|-unboost|p2a: Kleavor|atk|1\n|-unboost|p2b: Kingambit|atk|1\n|-ability|p2b: Kingambit|Defiant|boost\n|-boost|p2b: Kingambit|atk|2\n|turn|1\n|\n|t:|1788304081\n|switch|p2a: Whimsicott|Whimsicott, L50, F, shiny|100/100\n|detailschange|p1b: Staraptor|Staraptor-Mega, L50, M\n|-mega|p1b: Staraptor|Staraptor|Staraptite\n|move|p2b: Kingambit|Protect|p2b: Kingambit\n|-singleturn|p2b: Kingambit|Protect\n|move|p1a: Whimsicott|Charm|p2a: Whimsicott\n|-unboost|p2a: Whimsicott|atk|2\n|move|p1b: Staraptor|Close Combat|p2b: Kingambit\n|-activate|p2b: Kingambit|move: Protect\n|\n|upkeep\n|turn|2\n|\n|t:|1788304106\n|move|p1a: Whimsicott|Fake Tears|p1b: Staraptor\n|-boost|p1b: Staraptor|spd|2\n|move|p2b: Kingambit|Sucker Punch|p1b: Staraptor\n|-resisted|p1b: Staraptor|1\n|-damage|p1b: Staraptor|71/100\n|move|p2a: Whimsicott|Moonblast|p1b: Staraptor\n|-supereffective|p1b: Staraptor|1\n|-damage|p1b: Staraptor|28/100\n|move|p1b: Staraptor|Close Combat|p2b: Kingambit\n|-supereffective|p2b: Kingambit|2\n|-enditem|p2b: Kingambit|Chople Berry|[eat]\n|-enditem|p2b: Kingambit|Chople Berry|[weaken]\n|-damage|p2b: Kingambit|14/100\n|-boost|p1b: Staraptor|def|1\n|-boost|p1b: Staraptor|spd|1\n|\n|upkeep\n|turn|3\n|\n|t:|1788304127\n|move|p2a: Whimsicott|Encore|p1a: Whimsicott\n|-start|p1a: Whimsicott|Encore\n|move|p1a: Whimsicott|Fake Tears|p1b: Staraptor\n|-boost|p1b: Staraptor|spd|2\n|move|p2b: Kingambit|Sucker Punch||[still]\n|-fail|p2b: Kingambit\n|move|p1b: Staraptor|Roost|p1b: Staraptor\n|-heal|p1b: Staraptor|78/100\n|-singleturn|p1b: Staraptor|move: Roost\n|\n|upkeep\n|turn|4\n|inactive|Zachyyyyyy has 30 seconds left.\n|\n|t:|1788304158\n|switch|p1a: Sneasler|Sneasler, L50, M|100/100\n|move|p2a: Whimsicott|Encore|p1b: Staraptor\n|-start|p1b: Staraptor|Encore\n|move|p1b: Staraptor|Roost|p1b: Staraptor\n|-heal|p1b: Staraptor|100/100\n|-singleturn|p1b: Staraptor|move: Roost\n|move|p2b: Kingambit|Kowtow Cleave|p1a: Sneasler\n|-resisted|p1a: Sneasler|1\n|-damage|p1a: Sneasler|38/100\n|\n|upkeep\n|turn|5\n|\n|t:|1788304175\n|switch|p1b: Glimmora|Glimmora, L50, F|100/100\n|move|p2a: Whimsicott|Protect|p2a: Whimsicott\n|-singleturn|p2a: Whimsicott|Protect\n|move|p2b: Kingambit|Protect|p2b: Kingambit\n|-singleturn|p2b: Kingambit|Protect\n|move|p1a: Sneasler|Dire Claw|p2a: Whimsicott\n|-activate|p2a: Whimsicott|move: Protect\n|\n|upkeep\n|turn|6\n|\n|t:|1788304197\n|switch|p2a: Metagross|Metagross, L50, shiny|100/100\n|switch|p1a: Staraptor|Staraptor-Mega, L50, M|100/100\n|move|p2b: Kingambit|Sucker Punch||[still]\n|-fail|p2b: Kingambit\n|move|p1b: Glimmora|Sludge Bomb|p2a: Metagross\n|-immune|p2a: Metagross\n|\n|upkeep\n|turn|7\n|\n|t:|1788304215\n|detailschange|p2a: Metagross|Metagross-Mega, L50, shiny\n|-mega|p2a: Metagross|Metagross|Metagrossite\n|move|p2b: Kingambit|Sucker Punch|p1b: Glimmora\n|-damage|p1b: Glimmora|25/100\n|-activate|p1b: Glimmora|ability: Toxic Debris\n|-sidestart|p2: Dizzy Kiske|move: Toxic Spikes\n|move|p2a: Metagross|Psychic Fangs|p1a: Staraptor\n|-supereffective|p1a: Staraptor|1\n|-crit|p1a: Staraptor\n|-damage|p1a: Staraptor|0 fnt\n|faint|p1a: Staraptor\n|move|p1b: Glimmora|Earth Power|p2a: Metagross\n|-supereffective|p2a: Metagross|1\n|-damage|p2a: Metagross|31/100\n|-unboost|p2a: Metagross|spd|1\n|\n|upkeep\n|-message|Zachyyyyyy forfeited.\n|\n|win|Dizzy Kiske\n|raw|Zachyyyyyy's rating: 1455 &rarr; <strong>1438</strong><br />(-17 for losing)\n|raw|Dizzy Kiske's rating: 1499 &rarr; <strong>1516</strong><br />(+17 for winning)\n|l|☆Zachyyyyyy\n|player|p1|\n","uploadtime":1788304238,"views":"13","formatid":"gen9championsvgc2026regmb","rating":1438,"private":0,"password":null}