{"id":"gen9championsvgc2026regmb-2673937754","format":"[Gen 9 Champions] VGC 2026 Reg M-B","players":["Corbetta 19902","notbloodmask"],"log":"|j|☆Corbetta 19902\n|j|☆notbloodmask\n|t:|1788279374\n|gametype|doubles\n|player|p1|Corbetta 19902|1|1171\n|player|p2|notbloodmask|unknown|1173\n|gen|9\n|tier|[Gen 9 Champions] VGC 2026 Reg M-B\n|rated|\n|rule|Species Clause: Limit one of each Pokémon\n|rule|Item Clause: Limit 1 of each item\n|clearpoke\n|poke|p1|Delphox, L50, F|\n|poke|p1|Sneasler, L50, M|\n|poke|p1|Aerodactyl, L50, M|\n|poke|p1|Grimmsnarl, L50, M|\n|poke|p1|Toxapex, L50, F|\n|poke|p1|Slowbro, L50, M|\n|poke|p2|Rotom-Wash, L50|\n|poke|p2|Garchomp, L50, M|\n|poke|p2|Incineroar, L50, F|\n|poke|p2|Sinistcha, L50|\n|poke|p2|Venusaur, L50, M|\n|poke|p2|Dragapult, L50, M|\n|teampreview|4\n|\n|t:|1788279421\n|teamsize|p1|4\n|teamsize|p2|4\n|start\n|switch|p1a: Grimmsnarl|Grimmsnarl, L50, M|100/100\n|switch|p1b: Toxapex|Toxapex, L50, F|100/100\n|switch|p2a: Incineroar|Incineroar, L50, F|100/100\n|switch|p2b: Garchomp|Garchomp, L50, M|100/100\n|-ability|p2a: Incineroar|Intimidate|boost\n|-unboost|p1a: Grimmsnarl|atk|1\n|-unboost|p1b: Toxapex|atk|1\n|turn|1\n|\n|t:|1788279443\n|switch|p2a: Rotom|Rotom-Wash, L50|100/100\n|move|p1a: Grimmsnarl|Reflect|p1a: Grimmsnarl\n|-sidestart|p1: Corbetta 19902|Reflect\n|move|p2b: Garchomp|Earthquake|p1b: Toxapex|[spread] p1a,p1b\n|-immune|p2a: Rotom|[from] ability: Levitate\n|-supereffective|p1b: Toxapex|1\n|-damage|p1a: Grimmsnarl|65/100\n|-damage|p1b: Toxapex|55/100\n|-damage|p2b: Garchomp|90/100|[from] item: Life Orb\n|move|p1b: Toxapex|Toxic|p2a: Rotom\n|-status|p2a: Rotom|tox\n|\n|-heal|p1b: Toxapex|60/100|[from] item: Leftovers\n|-damage|p2a: Rotom|93/100 tox|[from] psn\n|upkeep\n|turn|2\n|\n|t:|1788279474\n|move|p1b: Toxapex|Baneful Bunker|p1b: Toxapex\n|-singleturn|p1b: Toxapex|move: Protect\n|move|p2b: Garchomp|Earthquake|p1a: Grimmsnarl|[spread] p1a\n|-activate|p1b: Toxapex|move: Protect\n|-immune|p2a: Rotom|[from] ability: Levitate\n|-damage|p1a: Grimmsnarl|34/100\n|-damage|p2b: Garchomp|80/100|[from] item: Life Orb\n|move|p2a: Rotom|Will-O-Wisp|p1a: Grimmsnarl\n|-status|p1a: Grimmsnarl|brn\n|move|p1a: Grimmsnarl|Spirit Break|p2b: Garchomp\n|-supereffective|p2b: Garchomp|1\n|-damage|p2b: Garchomp|58/100\n|-unboost|p2b: Garchomp|spa|1\n|-damage|p1a: Grimmsnarl|22/100 brn|[from] ability: Rough Skin|[of] p2b: Garchomp\n|\n|-heal|p1b: Toxapex|66/100|[from] item: Leftovers\n|-damage|p2a: Rotom|81/100 tox|[from] psn\n|-damage|p1a: Grimmsnarl|16/100 brn|[from] brn\n|upkeep\n|turn|3\n|inactive|Battle timer is ON: inactive players will automatically lose when time's up. (requested by Corbetta 19902)\n|\n|t:|1788279504\n|move|p1a: Grimmsnarl|Light Screen|p1a: Grimmsnarl\n|-sidestart|p1: Corbetta 19902|move: Light Screen\n|move|p2b: Garchomp|Rock Slide|p1b: Toxapex|[spread] p1a\n|-miss|p2b: Garchomp|p1b: Toxapex\n|-damage|p1a: Grimmsnarl|1/100 brn\n|-damage|p2b: Garchomp|48/100|[from] item: Life Orb\n|move|p2a: Rotom|Thunderbolt|p1b: Toxapex\n|-supereffective|p1b: Toxapex|1\n|-damage|p1b: Toxapex|26/100\n|move|p1b: Toxapex|Recover|p1b: Toxapex\n|-heal|p1b: Toxapex|76/100\n|\n|-heal|p1b: Toxapex|82/100|[from] item: Leftovers\n|-damage|p2a: Rotom|62/100 tox|[from] psn\n|-damage|p1a: Grimmsnarl|0 fnt|[from] brn\n|faint|p1a: Grimmsnarl\n|upkeep\n|\n|t:|1788279520\n|switch|p1a: Delphox|Delphox, L50, F|100/100\n|turn|4\n|\n|t:|1788279541\n|detailschange|p1a: Delphox|Delphox-Mega, L50, F\n|-mega|p1a: Delphox|Delphox|Delphoxite\n|move|p1a: Delphox|Psychic|p2a: Rotom\n|-damage|p2a: Rotom|0 fnt\n|faint|p2a: Rotom\n|move|p2b: Garchomp|Rock Slide|p1b: Toxapex|[spread] p1a,p1b\n|-supereffective|p1a: Delphox|1\n|-damage|p1a: Delphox|54/100\n|-damage|p1b: Toxapex|71/100\n|-damage|p2b: Garchomp|38/100|[from] item: Life Orb\n|move|p1b: Toxapex|Infestation|p2b: Garchomp\n|-damage|p2b: Garchomp|35/100\n|-activate|p2b: Garchomp|move: Infestation|[of] p1b: Toxapex\n|-damage|p1b: Toxapex|59/100|[from] ability: Rough Skin|[of] p2b: Garchomp\n|\n|-heal|p1b: Toxapex|65/100|[from] item: Leftovers\n|-damage|p2b: Garchomp|23/100|[from] move: Infestation|[partiallytrapped]\n|upkeep\n|\n|t:|1788279556\n|switch|p2a: Incineroar|Incineroar, L50, F|100/100\n|-ability|p2a: Incineroar|Intimidate|boost\n|-unboost|p1a: Delphox|atk|1\n|-unboost|p1b: Toxapex|atk|1\n|turn|5\n|inactive|notbloodmask has 30 seconds left.\n|inactive|notbloodmask has 20 seconds left.\n|\n|t:|1788279595\n|move|p2b: Garchomp|Protect|p2b: Garchomp\n|-singleturn|p2b: Garchomp|Protect\n|move|p1a: Delphox|Heat Wave|p2a: Incineroar|[spread] p2a\n|-activate|p2b: Garchomp|move: Protect\n|-resisted|p2a: Incineroar|1\n|-damage|p2a: Incineroar|82/100\n|move|p2a: Incineroar|Throat Chop|p1a: Delphox\n|-supereffective|p1a: Delphox|1\n|-damage|p1a: Delphox|0 fnt\n|faint|p1a: Delphox\n|move|p1b: Toxapex|Toxic|p2a: Incineroar\n|-status|p2a: Incineroar|tox\n|\n|-heal|p1b: Toxapex|70/100|[from] item: Leftovers\n|-damage|p2a: Incineroar|76/100 tox|[from] psn\n|-damage|p2b: Garchomp|11/100|[from] move: Infestation|[partiallytrapped]\n|upkeep\n|\n|t:|1788279613\n|switch|p1a: Sneasler|Sneasler, L50, M|100/100\n|turn|6\n|\n|t:|1788279627\n|move|p1a: Sneasler|Fake Out|p2a: Incineroar\n|-damage|p2a: Incineroar|60/100 tox\n|move|p2b: Garchomp|Earthquake|p1a: Sneasler|[spread] p2a,p1a,p1b\n|-supereffective|p2a: Incineroar|1\n|-supereffective|p1a: Sneasler|1\n|-supereffective|p1b: Toxapex|1\n|-damage|p2a: Incineroar|0 fnt\n|-damage|p1a: Sneasler|0 fnt\n|-damage|p1b: Toxapex|25/100\n|faint|p2a: Incineroar\n|faint|p1a: Sneasler\n|-damage|p2b: Garchomp|1/100|[from] item: Life Orb\n|move|p1b: Toxapex|Infestation|p2b: Garchomp\n|-crit|p2b: Garchomp\n|-damage|p2b: Garchomp|0 fnt\n|-damage|p1b: Toxapex|13/100|[from] ability: Rough Skin|[of] p2b: Garchomp\n|faint|p2b: Garchomp\n|\n|-heal|p1b: Toxapex|19/100|[from] item: Leftovers\n|upkeep\n|\n|t:|1788279651\n|switch|p2b: Venusaur|Venusaur, L50, M|100/100\n|turn|7\n|\n|t:|1788279665\n|move|p2b: Venusaur|Protect|p2b: Venusaur\n|-singleturn|p2b: Venusaur|Protect\n|move|p1b: Toxapex|Baneful Bunker||[still]\n|-fail|p1b: Toxapex\n|\n|-heal|p1b: Toxapex|25/100|[from] item: Leftovers\n|upkeep\n|turn|8\n|\n|t:|1788279673\n|detailschange|p2b: Venusaur|Venusaur-Mega, L50, M\n|-mega|p2b: Venusaur|Venusaur|Venusaurite\n|move|p2b: Venusaur|Earth Power|p1b: Toxapex\n|-supereffective|p1b: Toxapex|1\n|-damage|p1b: Toxapex|0 fnt\n|faint|p1b: Toxapex\n|\n|win|notbloodmask\n|raw|Corbetta 19902's rating: 1171 &rarr; <strong>1146</strong><br />(-25 for losing)\n|raw|notbloodmask's rating: 1173 &rarr; <strong>1198</strong><br />(+25 for winning)\n|l|☆Corbetta 19902\n|player|p1|\n","uploadtime":1788279680,"views":"6","formatid":"gen9championsvgc2026regmb","rating":1146,"private":0,"password":null}