{"id":"gen9championsvgc2026regmbbo3-2674681689","format":"[Gen 9 Champions] VGC 2026 Reg M-B (Bo3)","players":["disciple of blahaj","Descugi"],"log":"|j|☆disciple of blahaj\n|j|☆Descugi\n|html|<table width=\"100%\"><tr><td align=\"left\">disciple of blahaj</td><td align=\"right\">Descugi</tr><tr><td align=\"left\"><i class=\"fa fa-circle\"></i> <i class=\"fa fa-circle-o\"></i> </td><td align=\"right\"><i class=\"fa fa-circle-o\"></i> <i class=\"fa fa-circle\"></i> </tr></table>\n|uhtml|bestof|<h2><strong>Game 3</strong> of <a href=\"/game-bestof3-gen9championsvgc2026regmbbo3-2674678029\">a best-of-3</a></h2>\n|t:|1788389724\n|gametype|doubles\n|player|p1|disciple of blahaj|jacinthe|1218\n|player|p2|Descugi|265|1268\n|gen|9\n|tier|[Gen 9 Champions] VGC 2026 Reg M-B (Bo3)\n|rated|\n|rule|Species Clause: Limit one of each Pokémon\n|rule|Item Clause: Limit 1 of each item\n|clearpoke\n|poke|p1|Eelektross, L50, M|\n|poke|p1|Garchomp, L50, F|\n|poke|p1|Aerodactyl, L50, M|\n|poke|p1|Sinistcha, L50|\n|poke|p1|Toxapex, L50, F|\n|poke|p1|Froslass, L50, F, shiny|\n|poke|p2|Staraptor, L50, M|\n|poke|p2|Arcanine-Hisui, L50, M|\n|poke|p2|Kingambit, L50, F|\n|poke|p2|Sylveon, L50, M|\n|poke|p2|Raichu, L50, F|\n|poke|p2|Farigiraf, L50, M|\n|teampreview|4\n|showteam|p1|Eelektross||Eelektrossite|Levitate|Protect,Discharge,VoltSwitch,Flamethrower|Modest||M|||50|]Garchomp||ChoiceScarf|RoughSkin|Earthquake,RockSlide,DragonClaw,StompingTantrum|Adamant||F|||50|]Aerodactyl||FocusSash|Unnerve|Protect,RockSlide,DualWingbeat,Tailwind|Jolly||M|||50|]Sinistcha||SitrusBerry|Hospitality|Protect,MatchaGotcha,ShadowBall,TrickRoom|Calm|||||50|]Toxapex||Leftovers|Regenerator|BanefulBunker,Toxic,Infestation,WideGuard|Sassy||F|||50|]Froslass||Froslassite|CursedBody|AuroraVeil,Blizzard,ShadowBall,Taunt|Modest||F|||50|\n|showteam|p2|Staraptor||Staraptite|Intimidate|DualWingbeat,CloseCombat,Tailwind,Protect|Jolly||M|||50|]Arcanine-Hisui||FocusSash|RockHead|FlareBlitz,HeadSmash,ExtremeSpeed,Protect|Jolly||M|||50|]Kingambit||LifeOrb|Defiant|KowtowCleave,SuckerPunch,SwordsDance,Protect|Adamant||F|||50|]Sylveon||FairyFeather|Pixilate|HyperVoice,HyperBeam,QuickAttack,Detect|Modest||M|||50|]Raichu||RaichuniteY|LightningRod|ZapCannon,FocusBlast,FakeOut,Protect|Timid||F|||50|]Farigiraf||SitrusBerry|ArmorTail|Psychic,HelpingHand,TrickRoom,Protect|Calm||M|||50|\n|inactive|Battle timer is ON: inactive players will automatically lose when time's up. (requested by disciple of blahaj)\n|inactive|disciple of blahaj has 60 seconds left.\n|\n|t:|1788389786\n|teamsize|p1|4\n|teamsize|p2|4\n|start\n|switch|p1a: Chai Tea|Sinistcha, L50|100/100\n|switch|p1b: Noelle|Froslass, L50, F, shiny|100/100\n|switch|p2a: Staraptor|Staraptor, L50, M|100/100\n|switch|p2b: Farigiraf|Farigiraf, L50, M|100/100\n|-ability|p2a: Staraptor|Intimidate|boost\n|-unboost|p1a: Chai Tea|atk|1\n|-unboost|p1b: Noelle|atk|1\n|turn|1\n|\n|t:|1788389797\n|detailschange|p1b: Noelle|Froslass-Mega, L50, F, shiny\n|-mega|p1b: Noelle|Froslass|Froslassite\n|-weather|Snowscape|[from] ability: Snow Warning|[of] p1b: Noelle\n|move|p2a: Staraptor|Protect|p2a: Staraptor\n|-singleturn|p2a: Staraptor|Protect\n|move|p1b: Noelle|Blizzard|p2a: Staraptor|[spread] p2b\n|-activate|p2a: Staraptor|move: Protect\n|-damage|p2b: Farigiraf|64/100\n|-status|p2b: Farigiraf|frz\n|move|p1a: Chai Tea|Matcha Gotcha|p2b: Farigiraf|[spread] p2b\n|-activate|p2a: Staraptor|move: Protect\n|-damage|p2b: Farigiraf|45/100 frz\n|-enditem|p2b: Farigiraf|Sitrus Berry|[eat]\n|-heal|p2b: Farigiraf|70/100 frz|[from] item: Sitrus Berry\n|-curestatus|p2b: Farigiraf|frz|[msg]\n|move|p2b: Farigiraf|Trick Room|p2b: Farigiraf\n|-fieldstart|move: Trick Room|[of] p2b: Farigiraf\n|\n|-weather|Snowscape|[upkeep]\n|upkeep\n|turn|2\n|inactive|Descugi has 30 seconds left.\n|\n|t:|1788389823\n|detailschange|p2a: Staraptor|Staraptor-Mega, L50, M\n|-mega|p2a: Staraptor|Staraptor|Staraptite\n|move|p2b: Farigiraf|Helping Hand|p2a: Staraptor\n|-singleturn|p2a: Staraptor|Helping Hand|[of] p2b: Farigiraf\n|move|p1a: Chai Tea|Matcha Gotcha|p2b: Farigiraf|[spread] p2a,p2b\n|-resisted|p2a: Staraptor|1\n|-damage|p2a: Staraptor|87/100\n|-damage|p2b: Farigiraf|50/100g\n|-status|p2b: Farigiraf|brn\n|move|p1b: Noelle|Blizzard|p2a: Staraptor|[spread] p2a,p2b\n|-supereffective|p2a: Staraptor|1\n|-damage|p2a: Staraptor|0 fnt\n|-damage|p2b: Farigiraf|12/100 brn\n|faint|p2a: Staraptor\n|\n|-weather|Snowscape|[upkeep]\n|-damage|p2b: Farigiraf|6/100 brn|[from] brn\n|upkeep\n|inactive|Descugi has 30 seconds left.\n|\n|t:|1788389848\n|switch|p2a: Kingambit|Kingambit, L50, F|100/100\n|turn|3\n|\n|t:|1788389860\n|switch|p1b: Blåhaj|Garchomp, L50, F|100/100\n|move|p2a: Kingambit|Swords Dance|p2a: Kingambit\n|-boost|p2a: Kingambit|atk|2\n|move|p2b: Farigiraf|Psychic|p1b: Blåhaj\n|-damage|p1b: Blåhaj|65/100\n|move|p1a: Chai Tea|Trick Room|p1a: Chai Tea\n|-fieldend|move: Trick Room\n|\n|-weather|Snowscape|[upkeep]\n|-damage|p2b: Farigiraf|1/100 brn|[from] brn\n|upkeep\n|turn|4\n|\n|t:|1788389877\n|move|p2a: Kingambit|Sucker Punch|p1b: Blåhaj\n|-damage|p1b: Blåhaj|0 fnt\n|-damage|p2a: Kingambit|87/100|[from] ability: Rough Skin|[of] p1b: Blåhaj\n|faint|p1b: Blåhaj\n|-damage|p2a: Kingambit|78/100|[from] item: Life Orb\n|move|p1a: Chai Tea|Matcha Gotcha|p2b: Farigiraf|[spread] p2a,p2b\n|-resisted|p2a: Kingambit|1\n|-damage|p2a: Kingambit|66/100\n|-damage|p2b: Farigiraf|0 fnt\n|faint|p2b: Farigiraf\n|\n|-weather|Snowscape|[upkeep]\n|upkeep\n|\n|t:|1788389891\n|switch|p1b: コワシイイ|Toxapex, L50, F|100/100\n|switch|p2b: Sylveon|Sylveon, L50, M|100/100\n|turn|5\n|\n|t:|1788389905\n|move|p1a: Chai Tea|Protect|p1a: Chai Tea\n|-singleturn|p1a: Chai Tea|Protect\n|move|p2b: Sylveon|Hyper Beam|p1a: Chai Tea\n|-activate|p1a: Chai Tea|move: Protect\n|move|p2a: Kingambit|Kowtow Cleave|p1b: コワシイイ\n|-damage|p1b: コワシイイ|8/100\n|-damage|p2a: Kingambit|56/100|[from] item: Life Orb\n|move|p1b: コワシイイ|Infestation|p2a: Kingambit\n|-damage|p2a: Kingambit|53/100\n|-activate|p2a: Kingambit|move: Infestation|[of] p1b: コワシイイ\n|\n|-weather|none\n|-heal|p1b: コワシイイ|14/100|[from] item: Leftovers\n|-damage|p2a: Kingambit|41/100|[from] move: Infestation|[partiallytrapped]\n|upkeep\n|turn|6\n|\n|t:|1788389929\n|move|p1b: コワシイイ|Baneful Bunker|p1b: コワシイイ\n|-singleturn|p1b: コワシイイ|move: Protect\n|move|p2b: Sylveon|Hyper Voice|p1b: コワシイイ|[spread] p1a\n|-activate|p1b: コワシイイ|move: Protect\n|-damage|p1a: Chai Tea|56/100\n|move|p1a: Chai Tea|Matcha Gotcha|p2a: Kingambit|[spread] p2a,p2b\n|-resisted|p2a: Kingambit|1\n|-damage|p2a: Kingambit|28/100\n|-heal|p1a: Chai Tea|64/100|[from] drain|[of] p2a: Kingambit\n|-damage|p2b: Sylveon|81/100\n|-heal|p1a: Chai Tea|74/100|[from] drain|[of] p2b: Sylveon\n|move|p2a: Kingambit|Kowtow Cleave|p1a: Chai Tea\n|-supereffective|p1a: Chai Tea|1\n|-damage|p1a: Chai Tea|0 fnt\n|faint|p1a: Chai Tea\n|-damage|p2a: Kingambit|18/100|[from] item: Life Orb\n|\n|-heal|p1b: コワシイイ|19/100|[from] item: Leftovers\n|-damage|p2a: Kingambit|6/100|[from] move: Infestation|[partiallytrapped]\n|upkeep\n|\n|t:|1788389946\n|switch|p1a: Noelle|Froslass-Mega, L50, F, shiny|100/100\n|-weather|Snowscape|[from] ability: Snow Warning|[of] p1a: Noelle\n|turn|7\n|\n|t:|1788389956\n|move|p2a: Kingambit|Protect|p2a: Kingambit\n|-singleturn|p2a: Kingambit|Protect\n|move|p1b: コワシイイ|Wide Guard|p1b: コワシイイ\n|-singleturn|p1b: コワシイイ|Wide Guard\n|move|p1a: Noelle|Aurora Veil|p1a: Noelle\n|-sidestart|p1: disciple of blahaj|move: Aurora Veil\n|move|p2b: Sylveon|Hyper Voice|p1a: Noelle|[spread] \n|-activate|p1a: Noelle|move: Wide Guard\n|-activate|p1b: コワシイイ|move: Wide Guard\n|\n|-weather|Snowscape|[upkeep]\n|-heal|p1b: コワシイイ|25/100|[from] item: Leftovers\n|-damage|p2a: Kingambit|0 fnt|[from] move: Infestation|[partiallytrapped]\n|faint|p2a: Kingambit\n|upkeep\n|turn|8\n|\n|t:|1788389973\n|move|p1a: Noelle|Blizzard|p2b: Sylveon\n|-damage|p2b: Sylveon|30/100\n|move|p2b: Sylveon|Hyper Beam|p1a: Noelle\n|-damage|p1a: Noelle|23/100\n|-mustrecharge|p2b: Sylveon\n|move|p1b: コワシイイ|Toxic|p2b: Sylveon\n|-status|p2b: Sylveon|tox\n|\n|-weather|Snowscape|[upkeep]\n|-heal|p1b: コワシイイ|31/100|[from] item: Leftovers\n|-damage|p2b: Sylveon|25/100 tox|[from] psn\n|upkeep\n|turn|9\n|\n|t:|1788389982\n|move|p1a: Noelle|Taunt|p2b: Sylveon\n|-start|p2b: Sylveon|move: Taunt\n|cant|p2b: Sylveon|recharge\n|move|p1b: コワシイイ|Infestation|p2b: Sylveon\n|-resisted|p2b: Sylveon|1\n|-damage|p2b: Sylveon|24/100 tox\n|-activate|p2b: Sylveon|move: Infestation|[of] p1b: コワシイイ\n|\n|-weather|Snowscape|[upkeep]\n|-heal|p1b: コワシイイ|36/100|[from] item: Leftovers\n|-damage|p2b: Sylveon|12/100 tox|[from] psn\n|-damage|p2b: Sylveon|1/100 tox|[from] move: Infestation|[partiallytrapped]\n|upkeep\n|turn|10\n|\n|t:|1788390000\n|move|p1b: コワシイイ|Baneful Bunker|p1b: コワシイイ\n|-singleturn|p1b: コワシイイ|move: Protect\n|move|p1a: Noelle|Shadow Ball|p1b: コワシイイ\n|-activate|p1b: コワシイイ|move: Protect\n|move|p2b: Sylveon|Hyper Voice|p1b: コワシイイ|[spread] p1a\n|-activate|p1b: コワシイイ|move: Protect\n|-damage|p1a: Noelle|0 fnt\n|faint|p1a: Noelle\n|\n|-weather|Snowscape|[upkeep]\n|-heal|p1b: コワシイイ|42/100|[from] item: Leftovers\n|-damage|p2b: Sylveon|0 fnt|[from] psn\n|faint|p2b: Sylveon\n|\n|win|disciple of blahaj\n|raw|disciple of blahaj's rating: 1218 &rarr; <strong>1247</strong><br />(+29 for winning)\n|raw|Descugi's rating: 1268 &rarr; <strong>1239</strong><br />(-29 for losing)\n|l|☆Descugi\n|player|p2|\n","uploadtime":1788390036,"views":"4","formatid":"gen9championsvgc2026regmbbo3","rating":1239,"private":0,"password":null}