{"id":"gen9championsvgc2026regmbbo3-2673504642","format":"[Gen 9 Champions] VGC 2026 Reg M-B (Bo3)","players":["GlitchXDGOAT","schshfh"],"log":"|j|☆GlitchXDGOAT\n|j|☆schshfh\n|html|<table width=\"100%\"><tr><td align=\"left\">GlitchXDGOAT</td><td align=\"right\">schshfh</tr><tr><td align=\"left\"><i class=\"fa fa-circle-o\"></i> <i class=\"fa fa-circle-o\"></i> </td><td align=\"right\"><i class=\"fa fa-circle-o\"></i> <i class=\"fa fa-circle-o\"></i> </tr></table>\n|uhtml|bestof|<h2><strong>Game 1</strong> of <a href=\"/game-bestof3-gen9championsvgc2026regmbbo3-2673504641\">a best-of-3</a></h2>\n|t:|1788205835\n|gametype|doubles\n|player|p1|GlitchXDGOAT|266|1242\n|player|p2|schshfh|lance|1231\n|gen|9\n|tier|[Gen 9 Champions] VGC 2026 Reg M-B (Bo3)\n|rated|\n|rule|Species Clause: Limit one of each Pokémon\n|rule|Item Clause: Limit 1 of each item\n|clearpoke\n|poke|p1|Annihilape, L50, F|\n|poke|p1|Incineroar, L50, F|\n|poke|p1|Basculegion, L50, M|\n|poke|p1|Glimmora, L50, F|\n|poke|p1|Raichu, L50, F|\n|poke|p1|Floette-Eternal, L50, F|\n|poke|p2|Aerodactyl, L50, M|\n|poke|p2|Sylveon, L50, F|\n|poke|p2|Farigiraf, L50, F|\n|poke|p2|Charizard, L50, M|\n|poke|p2|Garchomp, L50, M|\n|poke|p2|Kingambit, L50, M|\n|teampreview|4\n|showteam|p1|Annihilape||ChoiceScarf|Defiant|CloseCombat,IcePunch,PoisonJab,RockTomb|Jolly||F|||50|]Incineroar||SitrusBerry|Intimidate|FakeOut,FlareBlitz,ThroatChop,PartingShot|Sassy||F|||50|]Basculegion||LifeOrb|Adaptability|WaveCrash,LastRespects,Protect,AquaJet|Jolly||M|||50|]Glimmora||FocusSash|ToxicDebris|SpikyShield,PowerGem,SludgeBomb,EarthPower|Timid||F|||50|]Raichu||RaichuniteY|LightningRod|FakeOut,ZapCannon,FocusBlast,Protect|Timid||F|||50|]Floette-Eternal||Floettite|FlowerVeil|Moonblast,DazzlingGleam,CalmMind,Protect|Timid||F|||50|\n|showteam|p2|Aerodactyl||Aerodactylite|Unnerve|RockSlide,IceFang,Tailwind,DualWingbeat|Jolly||M|||50|]Sylveon||FairyFeather|Pixilate|HyperVoice,HyperBeam,QuickAttack,Detect|Modest||F|||50|]Farigiraf||SitrusBerry|ArmorTail|Psychic,HelpingHand,TrickRoom,Protect|Bold||F|||50|]Charizard||CharizarditeY|Blaze|HeatWave,SolarBeam,WeatherBall,Protect|Modest||M|||50|]Garchomp||LifeOrb|RoughSkin|Earthquake,DragonClaw,StompingTantrum,Protect|Jolly||M|||50|]Kingambit||FocusSash|Defiant|KowtowCleave,IronHead,LowKick,SuckerPunch|Adamant||M|||50|\n|inactive|Battle timer is ON: inactive players will automatically lose when time's up. (requested by GlitchXDGOAT)\n|inactive|schshfh has 60 seconds left.\n|inactive|GlitchXDGOAT has 60 seconds left.\n|\n|t:|1788205896\n|teamsize|p1|4\n|teamsize|p2|4\n|start\n|switch|p1a: Annihilape|Annihilape, L50, F|100/100\n|switch|p1b: Raichu|Raichu, L50, F|100/100\n|switch|p2a: Farigiraf|Farigiraf, L50, F|100/100\n|switch|p2b: Charizard|Charizard, L50, M|100/100\n|turn|1\n|\n|t:|1788205919\n|switch|p1a: Incineroar|Incineroar, L50, F|100/100\n|-ability|p1a: Incineroar|Intimidate|boost\n|-unboost|p2a: Farigiraf|atk|1\n|-unboost|p2b: Charizard|atk|1\n|detailschange|p1b: Raichu|Raichu-Mega-Y, L50, F\n|-mega|p1b: Raichu|Raichu|Raichunite Y\n|move|p2b: Charizard|Protect|p2b: Charizard\n|-singleturn|p2b: Charizard|Protect\n|move|p1b: Raichu|Zap Cannon|p2a: Farigiraf\n|-damage|p2a: Farigiraf|45/100\n|-status|p2a: Farigiraf|par\n|-enditem|p2a: Farigiraf|Sitrus Berry|[eat]\n|-heal|p2a: Farigiraf|70/100 par|[from] item: Sitrus Berry\n|move|p2a: Farigiraf|Trick Room|p2a: Farigiraf\n|-fieldstart|move: Trick Room|[of] p2a: Farigiraf\n|\n|upkeep\n|turn|2\n|inactive|GlitchXDGOAT has 30 seconds left.\n|inactive|schshfh has 30 seconds left.\n|\n|t:|1788205947\n|switch|p2a: Sylveon|Sylveon, L50, F|100/100\n|detailschange|p2b: Charizard|Charizard-Mega-Y, L50, M\n|-mega|p2b: Charizard|Charizard|Charizardite Y\n|-weather|SunnyDay|[from] ability: Drought|[of] p2b: Charizard\n|move|p1b: Raichu|Protect|p1b: Raichu\n|-singleturn|p1b: Raichu|Protect\n|move|p1a: Incineroar|Flare Blitz|p2a: Sylveon\n|-damage|p2a: Sylveon|24/100\n|-damage|p1a: Incineroar|77/100|[from] Recoil\n|move|p2b: Charizard|Weather Ball|p1b: Raichu\n|-activate|p1b: Raichu|move: Protect\n|\n|-weather|SunnyDay|[upkeep]\n|upkeep\n|turn|3\n|\n|t:|1788205967\n|switch|p1b: Glimmora|Glimmora, L50, F|100/100\n|move|p1a: Incineroar|Flare Blitz|p2a: Sylveon\n|-damage|p2a: Sylveon|0 fnt\n|faint|p2a: Sylveon\n|-damage|p1a: Incineroar|70/100|[from] Recoil\n|move|p2b: Charizard|Weather Ball|p1b: Glimmora\n|-resisted|p1b: Glimmora|1\n|-damage|p1b: Glimmora|42/100\n|\n|-weather|SunnyDay|[upkeep]\n|upkeep\n|\n|t:|1788205978\n|switch|p2a: Kingambit|Kingambit, L50, M|100/100\n|turn|4\n|\n|t:|1788206002\n|move|p1b: Glimmora|Spiky Shield|p1b: Glimmora\n|-singleturn|p1b: Glimmora|move: Protect\n|move|p1a: Incineroar|Flare Blitz|p2a: Kingambit\n|-supereffective|p2a: Kingambit|1\n|-enditem|p2a: Kingambit|Focus Sash\n|-damage|p2a: Kingambit|1/100\n|-damage|p1a: Incineroar|42/100|[from] Recoil\n|-enditem|p1a: Incineroar|Sitrus Berry|[eat]\n|-heal|p1a: Incineroar|66/100|[from] item: Sitrus Berry\n|move|p2a: Kingambit|Low Kick|p1a: Incineroar\n|-supereffective|p1a: Incineroar|1\n|-damage|p1a: Incineroar|9/100\n|move|p2b: Charizard|Heat Wave|p1b: Glimmora|[spread] p1a\n|-activate|p1b: Glimmora|move: Protect\n|-resisted|p1a: Incineroar|1\n|-damage|p1a: Incineroar|0 fnt\n|faint|p1a: Incineroar\n|\n|-weather|SunnyDay|[upkeep]\n|upkeep\n|\n|t:|1788206017\n|switch|p1a: Raichu|Raichu-Mega-Y, L50, F|100/100\n|turn|5\n|\n|t:|1788206025\n|switch|p2a: Farigiraf|Farigiraf, L50, F|70/100 par\n|move|p1a: Raichu|Fake Out||[still]\n|cant|p2a: Farigiraf|ability: Armor Tail|Fake Out|[of] p1a: Raichu\n|move|p2b: Charizard|Heat Wave|p1b: Glimmora|[spread] p1a,p1b\n|-resisted|p1b: Glimmora|1\n|-damage|p1a: Raichu|20/100y\n|-damage|p1b: Glimmora|0 fnt\n|faint|p1b: Glimmora\n|\n|-weather|SunnyDay|[upkeep]\n|-fieldend|move: Trick Room\n|upkeep\n|\n|t:|1788206033\n|switch|p1b: Annihilape|Annihilape, L50, F|100/100\n|turn|6\n|\n|t:|1788206046\n|move|p1b: Annihilape|Close Combat|p2a: Farigiraf\n|-damage|p2a: Farigiraf|18/100 par\n|-unboost|p1b: Annihilape|def|1\n|-unboost|p1b: Annihilape|spd|1\n|move|p1a: Raichu|Zap Cannon|p2a: Farigiraf\n|-damage|p2a: Farigiraf|0 fnt\n|faint|p2a: Farigiraf\n|move|p2b: Charizard|Heat Wave|p1a: Raichu|[spread] p1a,p1b\n|-damage|p1a: Raichu|0 fnt\n|-damage|p1b: Annihilape|3/100\n|faint|p1a: Raichu\n|\n|-weather|none\n|upkeep\n|c|☆GlitchXDGOAT|GG\n|\n|t:|1788206057\n|switch|p2a: Kingambit|Kingambit, L50, M|1/100\n|turn|7\n|c|☆GlitchXDGOAT|I think that Heat wave on Glimm was a roll\n|\n|t:|1788206069\n|move|p2a: Kingambit|Sucker Punch|p1b: Annihilape\n|-damage|p1b: Annihilape|0 fnt\n|faint|p1b: Annihilape\n|\n|win|schshfh\n|c|☆GlitchXDGOAT|GG though\n||GlitchXDGOAT is ready for game 2.\n|inactive|schshfh has 30 seconds to confirm battle start!\n|inactive|schshfh has 20 seconds to confirm battle start!\n|c|☆schshfh|gg\n||schshfh is ready for game 2.\n|uhtml|next|Next: <a href=\"/battle-gen9championsvgc2026regmbbo3-2673506678\"><strong>Game 2 of 3</strong></a>\n|l|☆GlitchXDGOAT\n|player|p1|\n","uploadtime":1788206387,"views":"9","formatid":"gen9championsvgc2026regmbbo3","rating":null,"private":0,"password":null}