{"id":"gen9championsvgc2026regmb-2674177916","format":"[Gen 9 Champions] VGC 2026 Reg M-B","players":["ignacioplays","Laushz"],"log":"|j|☆ignacioplays\n|j|☆Laushz\n|t:|1788310882\n|gametype|doubles\n|player|p1|ignacioplays|hop|\n|player|p2|Laushz|hilbert|\n|gen|9\n|tier|[Gen 9 Champions] VGC 2026 Reg M-B\n|rule|Species Clause: Limit one of each Pokémon\n|rule|Item Clause: Limit 1 of each item\n|clearpoke\n|poke|p1|Delphox, L50, F|\n|poke|p1|Houndstone, L50, F|\n|poke|p1|Klefki, L50, F|\n|poke|p1|Garganacl, L50, F|\n|poke|p1|Ditto, L50|\n|poke|p1|Dragonite, L50, F|\n|poke|p2|Garchomp, L50, M|\n|poke|p2|Tyranitar, L50, M, shiny|\n|poke|p2|Corviknight, L50, M, shiny|\n|poke|p2|Volcarona, L50, F|\n|poke|p2|Raichu, L50, M|\n|poke|p2|Gardevoir, L50, F, shiny|\n|teampreview|4\n|c|☆ignacioplays|Suerte\n|c|☆Laushz|u2\nignacioplays rejected open team sheets.\n|\n|t:|1788310937\n|teamsize|p1|4\n|teamsize|p2|4\n|start\n|switch|p1a: Flamme|Delphox, L50, F|100/100\n|switch|p1b: Se me perdio|Klefki, L50, F|100/100\n|switch|p2a: Volcarona|Volcarona, L50, F|100/100\n|switch|p2b: Corviknight|Corviknight, L50, M, shiny|100/100\n|turn|1\n|\n|t:|1788310962\n|detailschange|p1a: Flamme|Delphox-Mega, L50, F\n|-mega|p1a: Flamme|Delphox|Delphoxite\n|move|p2b: Corviknight|Protect|p2b: Corviknight\n|-singleturn|p2b: Corviknight|Protect\n|move|p1b: Se me perdio|Switcheroo|p2b: Corviknight\n|-activate|p2b: Corviknight|move: Protect\n|move|p2a: Volcarona|Fiery Dance|p1b: Se me perdio\n|-supereffective|p1b: Se me perdio|1\n|-damage|p1b: Se me perdio|0 fnt\n|faint|p1b: Se me perdio\n|move|p1a: Flamme|Calm Mind|p1a: Flamme\n|-boost|p1a: Flamme|spa|1\n|-boost|p1a: Flamme|spd|1\n|\n|upkeep\n|\n|t:|1788310977\n|switch|p1b: Rocle|Ditto, L50|100/100\n|-transform|p1b: Rocle|p2a: Volcarona|[from] ability: Imposter\n|turn|2\n|\n|t:|1788311006\n|switch|p2a: Tyranitar|Tyranitar, L50, M, shiny|100/100\n|-weather|Sandstorm|[from] ability: Sand Stream|[of] p2a: Tyranitar\n|switch|p2b: Garchomp|Garchomp, L50, M|100/100\n|move|p1a: Flamme|Protect|p1a: Flamme\n|-singleturn|p1a: Flamme|Protect\n|move|p1b: Rocle|Air Slash|p2a: Tyranitar|[miss]\n|-miss|p1b: Rocle|p2a: Tyranitar\n|\n|-weather|Sandstorm|[upkeep]\n|-damage|p1a: Flamme|94/100|[from] Sandstorm\n|-damage|p1b: Rocle|94/100|[from] Sandstorm\n|upkeep\n|turn|3\n|\n|t:|1788311035\n|detailschange|p2a: Tyranitar|Tyranitar-Mega, L50, M, shiny\n|-mega|p2a: Tyranitar|Tyranitar|Tyranitarite\n|move|p1a: Flamme|Scorching Sands|p2a: Tyranitar\n|-supereffective|p2a: Tyranitar|1\n|-damage|p2a: Tyranitar|56/100\n|move|p2b: Garchomp|Dragon Claw|p1b: Rocle\n|-damage|p1b: Rocle|5/100\n|-damage|p2b: Garchomp|90/100|[from] item: Life Orb\n|move|p1b: Rocle|Bug Buzz|p2a: Tyranitar\n|-supereffective|p2a: Tyranitar|1\n|-damage|p2a: Tyranitar|0 fnt\n|faint|p2a: Tyranitar\n|-damage|p1b: Rocle|0 fnt|[from] item: Life Orb\n|faint|p1b: Rocle\n|\n|-weather|Sandstorm|[upkeep]\n|-damage|p1a: Flamme|88/100|[from] Sandstorm\n|upkeep\n|\n|t:|1788311054\n|switch|p1b: Shina|Houndstone, L50, F|100/100\n|switch|p2a: Volcarona|Volcarona, L50, F|100/100\n|turn|4\n|\n|t:|1788311081\n|move|p1b: Shina|Protect|p1b: Shina\n|-singleturn|p1b: Shina|Protect\n|move|p2a: Volcarona|Bug Buzz|p1a: Flamme\n|-damage|p1a: Flamme|51/100\n|move|p1a: Flamme|Flamethrower|p2a: Volcarona\n|-damage|p2a: Volcarona|18/100\n|move|p2b: Garchomp|Shadow Claw|p1b: Shina\n|-activate|p1b: Shina|move: Protect\n|\n|-weather|Sandstorm|[upkeep]\n|-damage|p2a: Volcarona|12/100|[from] Sandstorm\n|-damage|p1a: Flamme|45/100|[from] Sandstorm\n|-damage|p1b: Shina|93/100|[from] Sandstorm\n|-heal|p1b: Shina|100/100|[from] item: Leftovers\n|upkeep\n|turn|5\n|\n|t:|1788311125\n|move|p1a: Flamme|Protect|p1a: Flamme\n|-singleturn|p1a: Flamme|Protect\n|move|p2a: Volcarona|Bug Buzz|p1a: Flamme\n|-activate|p1a: Flamme|move: Protect\n|move|p2b: Garchomp|Shadow Claw|p1b: Shina\n|-supereffective|p1b: Shina|1\n|-damage|p1b: Shina|65/100\n|-damage|p2b: Garchomp|80/100|[from] item: Life Orb\n|move|p1b: Shina|Stomping Tantrum|p2a: Volcarona\n|-damage|p2a: Volcarona|0 fnt\n|faint|p2a: Volcarona\n|\n|-weather|Sandstorm|[upkeep]\n|-damage|p1a: Flamme|39/100|[from] Sandstorm\n|-damage|p1b: Shina|59/100|[from] Sandstorm\n|-heal|p1b: Shina|65/100|[from] item: Leftovers\n|upkeep\n|\n|t:|1788311140\n|switch|p2a: Corviknight|Corviknight, L50, M, shiny|100/100\n|turn|6\n|\n|t:|1788311151\n|move|p2a: Corviknight|Protect|p2a: Corviknight\n|-singleturn|p2a: Corviknight|Protect\n|move|p1a: Flamme|Flamethrower|p2a: Corviknight\n|-activate|p2a: Corviknight|move: Protect\n|move|p2b: Garchomp|Shadow Claw|p1a: Flamme\n|-supereffective|p1a: Flamme|1\n|-damage|p1a: Flamme|0 fnt\n|faint|p1a: Flamme\n|-damage|p2b: Garchomp|70/100|[from] item: Life Orb\n|move|p1b: Shina|Last Respects|p2b: Garchomp\n|-crit|p2b: Garchomp\n|-damage|p2b: Garchomp|0 fnt\n|faint|p2b: Garchomp\n|\n|-weather|none\n|-heal|p1b: Shina|72/100|[from] item: Leftovers\n|upkeep\n|turn|7\n|\n|t:|1788311173\n|move|p1b: Shina|Last Respects|p2a: Corviknight\n|-damage|p2a: Corviknight|39/100\n|move|p2a: Corviknight|Brave Bird|p1b: Shina\n|-damage|p1b: Shina|51/100\n|-damage|p2a: Corviknight|33/100|[from] Recoil\n|\n|-heal|p1b: Shina|58/100|[from] item: Leftovers\n|-heal|p2a: Corviknight|39/100|[from] item: Leftovers\n|upkeep\n|turn|8\n|\n|t:|1788311184\n|move|p1b: Shina|Last Respects|p2a: Corviknight\n|-damage|p2a: Corviknight|0 fnt\n|faint|p2a: Corviknight\n|\n|win|ignacioplays\n|c|☆ignacioplays|GG\n","uploadtime":1788311190,"views":"5","formatid":"gen9championsvgc2026regmb","rating":null,"private":0,"password":null}