{"id":"gen9championsvgc2026regmbbo3-2674962442","format":"[Gen 9 Champions] VGC 2026 Reg M-B (Bo3)","players":["humania1","Baz3"],"log":"|j|☆humania1\n|j|☆Baz3\n|html|<table width=\"100%\"><tr><td align=\"left\">humania1</td><td align=\"right\">Baz3</tr><tr><td align=\"left\"><i class=\"fa fa-circle-o\"></i> <i class=\"fa fa-circle-o\"></i> </td><td align=\"right\"><i class=\"fa fa-circle-o\"></i> <i class=\"fa fa-circle\"></i> </tr></table>\n|uhtml|bestof|<h2><strong>Game 2</strong> of <a href=\"/game-bestof3-gen9championsvgc2026regmbbo3-2674961216\">a best-of-3</a></h2>\n|t:|1788442515\n|gametype|doubles\n|player|p1|humania1|265|1070\n|player|p2|Baz3|101|1000\n|gen|9\n|tier|[Gen 9 Champions] VGC 2026 Reg M-B (Bo3)\n|rated|\n|rule|Species Clause: Limit one of each Pokémon\n|rule|Item Clause: Limit 1 of each item\n|clearpoke\n|poke|p1|Charizard, L50, M|\n|poke|p1|Whimsicott, L50, F|\n|poke|p1|Basculegion, L50, M|\n|poke|p1|Farigiraf, L50, M|\n|poke|p1|Kangaskhan, L50, F|\n|poke|p1|Sneasler, L50, M|\n|poke|p2|Delphox, L50, F|\n|poke|p2|Vanilluxe, L50, F|\n|poke|p2|Floette-Eternal, L50, F|\n|poke|p2|Sinistcha, L50|\n|poke|p2|Milotic, L50, F|\n|poke|p2|Incineroar, L50, F|\n|teampreview|4\n|showteam|p1|Charizard||CharizarditeY|SolarPower|WeatherBall,HeatWave,SolarBeam,Protect|Timid||M|||50|]Whimsicott||FocusSash|Prankster|Moonblast,Tailwind,SunnyDay,Encore|Timid||F|||50|]Basculegion||ChoiceScarf|Adaptability|WaveCrash,AquaJet,LastRespects,FlipTurn|Adamant||M|||50|]Farigiraf||SitrusBerry|ArmorTail|Psychic,HyperVoice,HelpingHand,TrickRoom|Modest||M|||50|]Kangaskhan||Kangaskhanite|Scrappy|FakeOut,DoubleEdge,DrainPunch,SuckerPunch|Adamant||F|||50|]Sneasler||WhiteHerb|Unburden|FakeOut,CloseCombat,DireClaw,RockTomb|Adamant||M|||50|\n|showteam|p2|Delphox||Delphoxite|Blaze|HeatWave,Psychic,NastyPlot,Protect|Timid||F|||50|]Vanilluxe||ChoiceScarf|SnowWarning|Blizzard,FreezeDry,SheerCold,IcyWind|Timid||F|||50|]Floette-Eternal||Floettite|FlowerVeil|Protect,Moonblast,DazzlingGleam,CalmMind|Modest||F|||50|]Sinistcha||KasibBerry|Hospitality|LifeDew,RagePowder,MatchaGotcha,Protect|Bold|||||50|]Milotic||Leftovers|Competitive|Coil,Protect,MuddyWater,Hypnosis|Bold||F|||50|]Incineroar||SitrusBerry|Intimidate|FakeOut,PartingShot,FlareBlitz,DarkestLariat|Impish||F|||50|\n|inactive|Battle timer is ON: inactive players will automatically lose when time's up. (requested by humania1)\n|\n|t:|1788442541\n|teamsize|p1|4\n|teamsize|p2|4\n|start\n|switch|p1a: Basculegion|Basculegion, L50, M|100/100\n|switch|p1b: Sneasler|Sneasler, L50, M|100/100\n|switch|p2a: Incineroar|Incineroar, L50, F|100/100\n|switch|p2b: Delphox|Delphox, L50, F|100/100\n|-ability|p2a: Incineroar|Intimidate|boost\n|-unboost|p1a: Basculegion|atk|1\n|-unboost|p1b: Sneasler|atk|1\n|-enditem|p1b: Sneasler|White Herb\n|-clearnegativeboost|p1b: Sneasler|[silent]\n|turn|1\n|inactive|Baz3 has 30 seconds left.\n|\n|t:|1788442570\n|detailschange|p2b: Delphox|Delphox-Mega, L50, F\n|-mega|p2b: Delphox|Delphox|Delphoxite\n|move|p2b: Delphox|Protect|p2b: Delphox\n|-singleturn|p2b: Delphox|Protect\n|move|p1b: Sneasler|Close Combat|p2a: Incineroar\n|-supereffective|p2a: Incineroar|1\n|-damage|p2a: Incineroar|0 fnt\n|-unboost|p1b: Sneasler|def|1\n|-unboost|p1b: Sneasler|spd|1\n|faint|p2a: Incineroar\n|move|p1a: Basculegion|Wave Crash|p2b: Delphox\n|-activate|p2b: Delphox|move: Protect\n|\n|upkeep\n|\n|t:|1788442581\n|switch|p2a: Milotic|Milotic, L50, F|100/100\n|turn|2\n|\n|t:|1788442587\n|switch|p1b: Kangaskhan|Kangaskhan, L50, F|100/100\n|switch|p2b: Vanilluxe|Vanilluxe, L50, F|100/100\n|-weather|Snowscape|[from] ability: Snow Warning|[of] p2b: Vanilluxe\n|move|p1a: Basculegion|Wave Crash|p2b: Vanilluxe\n|-damage|p2b: Vanilluxe|49/100\n|-damage|p1a: Basculegion|86/100|[from] Recoil\n|move|p2a: Milotic|Coil|p2a: Milotic\n|-boost|p2a: Milotic|atk|1\n|-boost|p2a: Milotic|def|1\n|-boost|p2a: Milotic|accuracy|1\n|\n|-weather|Snowscape|[upkeep]\n|upkeep\n|turn|3\n|\n|t:|1788442604\n|detailschange|p1b: Kangaskhan|Kangaskhan-Mega, L50, F\n|-mega|p1b: Kangaskhan|Kangaskhan|Kangaskhanite\n|move|p1b: Kangaskhan|Fake Out|p2b: Vanilluxe\n|-damage|p2b: Vanilluxe|29/100\n|-damage|p2b: Vanilluxe|25/100\n|-hitcount|p2b: Vanilluxe|2\n|cant|p2b: Vanilluxe|flinch\n|move|p1a: Basculegion|Wave Crash|p2b: Vanilluxe\n|-damage|p2b: Vanilluxe|0 fnt\n|faint|p2b: Vanilluxe\n|-damage|p1a: Basculegion|80/100|[from] Recoil\n|move|p2a: Milotic|Hypnosis|p1b: Kangaskhan\n|-status|p1b: Kangaskhan|slp|[from] move: Hypnosis\n|\n|-weather|Snowscape|[upkeep]\n|upkeep\n|\n|t:|1788442618\n|switch|p2b: Delphox|Delphox-Mega, L50, F|100/100\n|turn|4\n|\n|t:|1788442628\n|move|p2b: Delphox|Protect|p2b: Delphox\n|-singleturn|p2b: Delphox|Protect\n|move|p1a: Basculegion|Wave Crash|p2b: Delphox\n|-activate|p2b: Delphox|move: Protect\n|cant|p1b: Kangaskhan|slp\n|move|p2a: Milotic|Hypnosis|p1a: Basculegion\n|-status|p1a: Basculegion|slp|[from] move: Hypnosis\n|\n|-weather|Snowscape|[upkeep]\n|upkeep\n|turn|5\n|\n|t:|1788442642\n|move|p2b: Delphox|Nasty Plot|p2b: Delphox\n|-boost|p2b: Delphox|spa|2\n|cant|p1a: Basculegion|slp\n|cant|p1b: Kangaskhan|slp\n|move|p2a: Milotic|Coil|p2a: Milotic\n|-boost|p2a: Milotic|atk|1\n|-boost|p2a: Milotic|def|1\n|-boost|p2a: Milotic|accuracy|1\n|\n|-weather|Snowscape|[upkeep]\n|upkeep\n|turn|6\n|\n|t:|1788442666\n|move|p2b: Delphox|Heat Wave|p1a: Basculegion|[spread] p1a,p1b\n|-resisted|p1a: Basculegion|1\n|-damage|p1a: Basculegion|35/100 slp\n|-damage|p1b: Kangaskhan|20/100y slp\n|cant|p1a: Basculegion|slp\n|-curestatus|p1b: Kangaskhan|slp|[msg]\n|move|p1b: Kangaskhan|Double-Edge|p2b: Delphox\n|-damage|p2b: Delphox|18/100\n|-damage|p2b: Delphox|0 fnt\n|faint|p2b: Delphox\n|-hitcount|p2: Delphox|2\n|-damage|p1b: Kangaskhan|0 fnt|[from] Recoil\n|faint|p1b: Kangaskhan\n|move|p2a: Milotic|Muddy Water|p1a: Basculegion\n|-resisted|p1a: Basculegion|1\n|-damage|p1a: Basculegion|15/100 slp\n|\n|-weather|none\n|upkeep\n|\n|t:|1788442666\n|switch|p1b: Sneasler|Sneasler, L50, M|100/100\n|turn|7\n|-message|Baz3 forfeited.\n|\n|win|humania1\n","uploadtime":1788442686,"views":"0","formatid":"gen9championsvgc2026regmbbo3","rating":null,"private":0,"password":null}