{"id":"gen9championsvgc2026regmbbo3-2674483284","format":"[Gen 9 Champions] VGC 2026 Reg M-B (Bo3)","players":["cookingorcooked2","Joriot"],"log":"|j|☆cookingorcooked2\n|j|☆Joriot\n|html|<table width=\"100%\"><tr><td align=\"left\">cookingorcooked2</td><td align=\"right\">Joriot</tr><tr><td align=\"left\"><i class=\"fa fa-circle\"></i> <i class=\"fa fa-circle-o\"></i> </td><td align=\"right\"><i class=\"fa fa-circle-o\"></i> <i class=\"fa fa-circle\"></i> </tr></table>\n|uhtml|bestof|<h2><strong>Game 3</strong> of <a href=\"/game-bestof3-gen9championsvgc2026regmbbo3-2674477708\">a best-of-3</a></h2>\n|t:|1788365124\n|gametype|doubles\n|player|p1|cookingorcooked2|1|1430\n|player|p2|Joriot|265|1319\n|gen|9\n|tier|[Gen 9 Champions] VGC 2026 Reg M-B (Bo3)\n|rated|\n|rule|Species Clause: Limit one of each Pokémon\n|rule|Item Clause: Limit 1 of each item\n|clearpoke\n|poke|p1|Garchomp, L50, M|\n|poke|p1|Gholdengo, L50|\n|poke|p1|Sinistcha, L50|\n|poke|p1|Incineroar, L50, M|\n|poke|p1|Floette-Eternal, L50, F|\n|poke|p1|Charizard, L50, M|\n|poke|p2|Ninetales-Alola, L50, M, shiny|\n|poke|p2|Incineroar, L50, F|\n|poke|p2|Dragonite, L50, M, shiny|\n|poke|p2|Sneasler, L50, F|\n|poke|p2|Gengar, L50, F, shiny|\n|poke|p2|Swampert, L50, M|\n|teampreview|4\n|showteam|p1|Garchomp||ChoiceScarf|RoughSkin|RockSlide,DragonClaw,Earthquake,StompingTantrum|Adamant||M|||50|]Gholdengo||FocusSash|GoodasGold|MakeItRain,ShadowBall,PowerGem,Protect|Timid|||||50|]Sinistcha||KasibBerry|Hospitality|MatchaGotcha,RagePowder,TrickRoom,Protect|Relaxed|||||50|]Incineroar||SitrusBerry|Intimidate|FlareBlitz,ThroatChop,PartingShot,FakeOut|Careful||M|||50|]Floette-Eternal||Floettite|FlowerVeil|DazzlingGleam,Moonblast,CalmMind,Protect|Modest||F|||50|]Charizard||CharizarditeY|Blaze|HeatWave,WeatherBall,SolarBeam,Protect|Modest||M|||50|\n|showteam|p2|Ninetales-Alola||ChoiceScarf|SnowWarning|Blizzard,FreezeDry,IcyWind,Encore|Timid||M|||50|]Incineroar||SitrusBerry|Intimidate|FlareBlitz,ThroatChop,FakeOut,PartingShot|Impish||F|||50|]Dragonite||LifeOrb|InnerFocus|DragonClaw,Superpower,ExtremeSpeed,Protect|Adamant||M|||50|]Sneasler||FocusSash|Unburden|CloseCombat,DireClaw,RockSlide,Protect|Adamant||F|||50|]Gengar||Gengarite|CursedBody|SludgeBomb,ShadowBall,Substitute,Protect|Timid||F|||50|]Swampert||Leftovers|Torrent|HighHorsepower,FlipTurn,Yawn,Protect|Relaxed||M|||50|\n|inactive|Battle timer is ON: inactive players will automatically lose when time's up. (requested by cookingorcooked2)\n|inactive|Joriot has 60 seconds left.\n|\n|t:|1788365234\n|teamsize|p1|4\n|teamsize|p2|4\n|start\n|switch|p1a: Gholdengo|Gholdengo, L50|100/100\n|switch|p1b: Incineroar|Incineroar, L50, M|100/100\n|switch|p2a: Dragonite|Dragonite, L50, M, shiny|100/100\n|switch|p2b: Gengar|Gengar, L50, F, shiny|100/100\n|-ability|p1b: Incineroar|Intimidate|boost\n|-fail|p2a: Dragonite|unboost|atk|[from] ability: Inner Focus|[of] p2a: Dragonite\n|-unboost|p2b: Gengar|atk|1\n|turn|1\n|inactive|Joriot has 30 seconds left.\n|inactive|Joriot has 20 seconds left.\n|inactive|Joriot has 15 seconds left.\n|\n|t:|1788365275\n|detailschange|p2b: Gengar|Gengar-Mega, L50, F, shiny\n|-mega|p2b: Gengar|Gengar|Gengarite\n|move|p2b: Gengar|Shadow Ball|p1a: Gholdengo\n|-supereffective|p1a: Gholdengo|1\n|-enditem|p1a: Gholdengo|Focus Sash\n|-damage|p1a: Gholdengo|1/100\n|move|p1a: Gholdengo|Make It Rain|p2a: Dragonite|[spread] p2a,p2b\n|-damage|p2a: Dragonite|55/100\n|-damage|p2b: Gengar|47/100\n|-unboost|p1a: Gholdengo|spa|2\n|move|p2a: Dragonite|Superpower|p1b: Incineroar\n|-supereffective|p1b: Incineroar|1\n|-crit|p1b: Incineroar\n|-damage|p1b: Incineroar|0 fnt\n|-unboost|p2a: Dragonite|atk|1\n|-unboost|p2a: Dragonite|def|1\n|faint|p1b: Incineroar\n|-damage|p2a: Dragonite|46/100|[from] item: Life Orb\n|\n|upkeep\n|\n|t:|1788365290\n|switch|p1b: Garchomp|Garchomp, L50, M|100/100\n|turn|2\n|\n|t:|1788365321\n|switch|p2b: Incineroar|Incineroar, L50, F|100/100\n|-ability|p2b: Incineroar|Intimidate|boost\n|-unboost|p1a: Gholdengo|atk|1\n|-unboost|p1b: Garchomp|atk|1\n|switch|p1a: Charizard|Charizard, L50, M|100/100\n|move|p2a: Dragonite|Protect|p2a: Dragonite\n|-singleturn|p2a: Dragonite|Protect\n|move|p1b: Garchomp|Rock Slide|p2a: Dragonite|[spread] p2b\n|-activate|p2a: Dragonite|move: Protect\n|-supereffective|p2b: Incineroar|1\n|-damage|p2b: Incineroar|77/100\n|\n|upkeep\n|turn|3\n|inactive|Joriot has 30 seconds left.\n|inactive|Joriot has 20 seconds left.\n|inactive|Joriot has 15 seconds left.\n|inactive|Joriot has 10 seconds left.\n|\n|t:|1788365367\n|switch|p1b: Gholdengo|Gholdengo, L50|1/100\n|detailschange|p1a: Charizard|Charizard-Mega-Y, L50, M\n|-mega|p1a: Charizard|Charizard|Charizardite Y\n|-weather|SunnyDay|[from] ability: Drought|[of] p1a: Charizard\n|move|p2b: Incineroar|Fake Out|p1b: Gholdengo\n|-immune|p1b: Gholdengo\n|move|p1a: Charizard|Weather Ball|p2a: Dragonite\n|-resisted|p2a: Dragonite|1\n|-damage|p2a: Dragonite|9/100\n|move|p2a: Dragonite|Dragon Claw|p1b: Gholdengo\n|-resisted|p1b: Gholdengo|1\n|-damage|p1b: Gholdengo|0 fnt\n|faint|p1b: Gholdengo\n|-damage|p2a: Dragonite|0 fnt|[from] item: Life Orb\n|faint|p2a: Dragonite\n|\n|-weather|SunnyDay|[upkeep]\n|upkeep\n|\n|t:|1788365382\n|switch|p1b: Garchomp|Garchomp, L50, M|100/100\n|switch|p2a: Sneasler|Sneasler, L50, F|100/100\n|turn|4\n|\n|t:|1788365401\n|switch|p2b: Gengar|Gengar-Mega, L50, F, shiny|47/100\n|move|p1a: Charizard|Protect|p1a: Charizard\n|-singleturn|p1a: Charizard|Protect\n|move|p1b: Garchomp|Earthquake|p2b: Gengar|[spread] p2a,p2b\n|-activate|p1a: Charizard|move: Protect\n|-supereffective|p2a: Sneasler|1\n|-supereffective|p2b: Gengar|1\n|-enditem|p2a: Sneasler|Focus Sash\n|-damage|p2a: Sneasler|1/100\n|-damage|p2b: Gengar|0 fnt\n|faint|p2b: Gengar\n|move|p2a: Sneasler|Rock Slide|p1b: Garchomp|[spread] p1b\n|-activate|p1a: Charizard|move: Protect\n|-resisted|p1b: Garchomp|1\n|-damage|p1b: Garchomp|88/100\n|\n|-weather|SunnyDay|[upkeep]\n|upkeep\n|\n|t:|1788365416\n|switch|p2b: Incineroar|Incineroar, L50, F|77/100\n|-ability|p2b: Incineroar|Intimidate|boost\n|-unboost|p1a: Charizard|atk|1\n|-unboost|p1b: Garchomp|atk|1\n|turn|5\n|\n|t:|1788365428\n|move|p1a: Charizard|Protect||[still]\n|-fail|p1a: Charizard\n|move|p2b: Incineroar|Fake Out|p1b: Garchomp\n|-damage|p1b: Garchomp|78/100\n|-damage|p2b: Incineroar|64/100|[from] ability: Rough Skin|[of] p1b: Garchomp\n|move|p2a: Sneasler|Rock Slide|p1b: Garchomp|[spread] p1a,p1b\n|-supereffective|p1a: Charizard|2\n|-resisted|p1b: Garchomp|1\n|-damage|p1a: Charizard|11/100\n|-damage|p1b: Garchomp|68/100\n|cant|p1b: Garchomp|flinch\n|\n|-weather|SunnyDay|[upkeep]\n|upkeep\n|turn|6\n|inactive|Joriot has 30 seconds left.\n|inactive|Joriot has 20 seconds left.\n|\n|t:|1788365467\n|move|p1a: Charizard|Protect|p1a: Charizard\n|-singleturn|p1a: Charizard|Protect\n|move|p2a: Sneasler|Rock Slide|p1a: Charizard|[spread] p1b\n|-activate|p1a: Charizard|move: Protect\n|-resisted|p1b: Garchomp|1\n|-damage|p1b: Garchomp|56/100\n|cant|p1b: Garchomp|flinch\n|move|p2b: Incineroar|Flare Blitz|p1b: Garchomp\n|-resisted|p1b: Garchomp|1\n|-damage|p1b: Garchomp|22/100\n|-damage|p2b: Incineroar|52/100|[from] ability: Rough Skin|[of] p1b: Garchomp\n|-damage|p2b: Incineroar|42/100|[from] Recoil\n|-enditem|p2b: Incineroar|Sitrus Berry|[eat]\n|-heal|p2b: Incineroar|66/100|[from] item: Sitrus Berry\n|\n|-weather|SunnyDay|[upkeep]\n|upkeep\n|turn|7\n|\n|t:|1788365482\n|move|p1a: Charizard|Protect||[still]\n|-fail|p1a: Charizard\n|move|p2a: Sneasler|Rock Slide|p1b: Garchomp|[spread] p1a,p1b\n|-supereffective|p1a: Charizard|2\n|-resisted|p1b: Garchomp|1\n|-damage|p1a: Charizard|0 fnt\n|-damage|p1b: Garchomp|11/100\n|faint|p1a: Charizard\n|move|p1b: Garchomp|Earthquake|p2a: Sneasler|[spread] p2a,p2b\n|-supereffective|p2a: Sneasler|1\n|-supereffective|p2b: Incineroar|1\n|-damage|p2a: Sneasler|0 fnt\n|-damage|p2b: Incineroar|24/100\n|faint|p2a: Sneasler\n|move|p2b: Incineroar|Flare Blitz|p1b: Garchomp\n|-resisted|p1b: Garchomp|1\n|-damage|p1b: Garchomp|0 fnt\n|-damage|p2b: Incineroar|11/100|[from] ability: Rough Skin|[of] p1b: Garchomp\n|faint|p1b: Garchomp\n|-damage|p2b: Incineroar|8/100|[from] Recoil\n|\n|win|Joriot\n|raw|cookingorcooked2's rating: 1430 &rarr; <strong>1404</strong><br />(-26 for losing)\n|raw|Joriot's rating: 1319 &rarr; <strong>1345</strong><br />(+26 for winning)\n","uploadtime":1788365521,"views":"5","formatid":"gen9championsvgc2026regmbbo3","rating":1345,"private":0,"password":null}