{"id":"gen9championsvgc2026regmbbo3-2674353919","format":"[Gen 9 Champions] VGC 2026 Reg M-B (Bo3)","players":["NeruLuna","Chavo666"],"log":"|j|☆NeruLuna\n|j|☆Chavo666\n|html|<table width=\"100%\"><tr><td align=\"left\">NeruLuna</td><td align=\"right\">Chavo666</tr><tr><td align=\"left\"><i class=\"fa fa-circle-o\"></i> <i class=\"fa fa-circle-o\"></i> </td><td align=\"right\"><i class=\"fa fa-circle-o\"></i> <i class=\"fa fa-circle-o\"></i> </tr></table>\n|uhtml|bestof|<h2><strong>Game 1</strong> of <a href=\"/game-bestof3-gen9championsvgc2026regmbbo3-2674353918\">a best-of-3</a></h2>\n|t:|1788347475\n|gametype|doubles\n|player|p1|NeruLuna|170|1146\n|player|p2|Chavo666|steven|1165\n|gen|9\n|tier|[Gen 9 Champions] VGC 2026 Reg M-B (Bo3)\n|rated|\n|rule|Species Clause: Limit one of each Pokémon\n|rule|Item Clause: Limit 1 of each item\n|clearpoke\n|poke|p1|Floette-Eternal, L50, F|\n|poke|p1|Gholdengo, L50|\n|poke|p1|Sneasler, L50, M|\n|poke|p1|Incineroar, L50, F|\n|poke|p1|Talonflame, L50, M|\n|poke|p1|Tyranitar, L50, M|\n|poke|p2|Sinistcha-Masterpiece, L50|\n|poke|p2|Incineroar, L50, F|\n|poke|p2|Glimmora, L50, M|\n|poke|p2|Ceruledge, L50, F|\n|poke|p2|Mamoswine, L50, M|\n|poke|p2|Feraligatr, L50, F|\n|teampreview|4\n|showteam|p1|Floette-Eternal||Floettite|FlowerVeil|LightofRuin,DazzlingGleam,Protect,Moonblast|Modest||F|||50|]Gholdengo||LifeOrb|GoodasGold|PowerGem,MakeItRain,Protect,ShadowBall|Timid|||||50|]Sneasler||FocusSash|Unburden|FakeOut,CloseCombat,Protect,DireClaw|Adamant||M|||50|]Incineroar||Charcoal|Intimidate|HelpingHand,PartingShot,FakeOut,FlareBlitz|Careful||F|||50|]Talonflame||WideLens|GaleWings|Tailwind,Protect,WillOWisp,DualWingbeat|Adamant||M|||50|]Tyranitar||ChopleBerry|SandStream|KnockOff,RockSlide,Protect,LowKick|Adamant||M|||50|\n|showteam|p2|Sinistcha-Masterpiece||Leftovers|Hospitality|MatchaGotcha,TrickRoom,RagePowder,ShadowBall|Calm|||||50|]Incineroar||ChopleBerry|Intimidate|FakeOut,PartingShot,HelpingHand,DarkestLariat|Impish||F|||50|]Glimmora||Glimmoranite|ToxicDebris|SludgeBomb,SpikyShield,RockSlide,EarthPower|Timid||M|||50|]Ceruledge||ColburBerry|FlashFire|BitterBlade,BulkUp,Protect,ShadowSneak|Adamant||F|||50|]Mamoswine||FocusSash|Oblivious|Earthquake,KnockOff,IceShard,Protect|Adamant||M|||50|]Feraligatr||Feraligite|Torrent|SwordsDance,DoubleEdge,Protect,AquaJet|Adamant||F|||50|\n|inactive|Battle timer is ON: inactive players will automatically lose when time's up. (requested by NeruLuna)\n|j| KattaMou\n|inactive|NeruLuna has 60 seconds left.\n|inactive|NeruLuna has 30 seconds left.\n|\n|t:|1788347549\n|teamsize|p1|4\n|teamsize|p2|4\n|start\n|switch|p1a: Gholdengo|Gholdengo, L50|100/100\n|switch|p1b: Talonflame|Talonflame, L50, M|100/100\n|switch|p2a: Ceruledge|Ceruledge, L50, F|100/100\n|switch|p2b: Glimmora|Glimmora, L50, M|100/100\n|turn|1\n|inactive|NeruLuna has 30 seconds left.\n|inactive|Chavo666 has 30 seconds left.\n|inactive|NeruLuna has 20 seconds left.\n|\n|t:|1788347584\n|detailschange|p2b: Glimmora|Glimmora-Mega, L50, M\n|-mega|p2b: Glimmora|Glimmora|Glimmoranite\n|move|p1b: Talonflame|Tailwind|p1b: Talonflame\n|-sidestart|p1: NeruLuna|move: Tailwind\n|move|p1a: Gholdengo|Make It Rain|p2b: Glimmora|[spread] p2a,p2b\n|-resisted|p2a: Ceruledge|1\n|-supereffective|p2b: Glimmora|1\n|-damage|p2a: Ceruledge|71/100\n|-damage|p2b: Glimmora|0 fnt\n|-unboost|p1a: Gholdengo|spa|2\n|faint|p2b: Glimmora\n|-damage|p1a: Gholdengo|90/100|[from] item: Life Orb\n|move|p2a: Ceruledge|Bitter Blade|p1a: Gholdengo\n|-supereffective|p1a: Gholdengo|1\n|-damage|p1a: Gholdengo|0 fnt\n|-heal|p2a: Ceruledge|100/100|[from] drain|[of] p1a: Gholdengo\n|faint|p1a: Gholdengo\n|\n|upkeep\n|inactive|NeruLuna has 30 seconds left.\n|inactive|NeruLuna has 20 seconds left.\n|inactive|NeruLuna has 15 seconds left.\n|inactive|NeruLuna has 10 seconds left.\n|\n|t:|1788347635\n|switch|p2b: Sinistcha|Sinistcha-Masterpiece, L50|100/100\n|switch|p1a: Sneasler|Sneasler, L50, M|100/100\n|turn|2\n|\n|t:|1788347651\n|move|p1b: Talonflame|Dual Wingbeat|p2b: Sinistcha\n|-supereffective|p2b: Sinistcha|1\n|-damage|p2b: Sinistcha|66/100\n|-supereffective|p2b: Sinistcha|1\n|-damage|p2b: Sinistcha|34/100\n|-hitcount|p2b: Sinistcha|2\n|move|p1a: Sneasler|Dire Claw|p2a: Ceruledge\n|-resisted|p2a: Ceruledge|1\n|-damage|p2a: Ceruledge|74/100\n|move|p2a: Ceruledge|Bulk Up|p2a: Ceruledge\n|-boost|p2a: Ceruledge|atk|1\n|-boost|p2a: Ceruledge|def|1\n|move|p2b: Sinistcha|Trick Room|p2b: Sinistcha\n|-fieldstart|move: Trick Room|[of] p2b: Sinistcha\n|\n|-heal|p2b: Sinistcha|41/100|[from] item: Leftovers\n|upkeep\n|turn|3\n|inactive|NeruLuna has 30 seconds left.\n|\n|t:|1788347683\n|switch|p2b: Mamoswine|Mamoswine, L50, M|100/100\n|move|p1a: Sneasler|Protect|p1a: Sneasler\n|-singleturn|p1a: Sneasler|Protect\n|move|p1b: Talonflame|Dual Wingbeat|p2b: Mamoswine\n|-damage|p2b: Mamoswine|82/100\n|-damage|p2b: Mamoswine|67/100\n|-hitcount|p2b: Mamoswine|2\n|move|p2a: Ceruledge|Bitter Blade|p1a: Sneasler\n|-activate|p1a: Sneasler|move: Protect\n|\n|upkeep\n|turn|4\n|\n|t:|1788347699\n|switch|p2b: Sinistcha|Sinistcha-Masterpiece, L50|41/100\n|-heal|p2a: Ceruledge|99/100|[from] ability: Hospitality|[of] p2b: Sinistcha\n|switch|p1a: Floette|Floette-Eternal, L50, F|100/100\n|move|p2a: Ceruledge|Bitter Blade|p1a: Floette\n|-damage|p1a: Floette|0 fnt\n|-heal|p2a: Ceruledge|100/100|[from] drain|[of] p1a: Floette\n|faint|p1a: Floette\n|move|p1b: Talonflame|Will-O-Wisp|p2b: Sinistcha\n|-status|p2b: Sinistcha|brn\n|\n|-heal|p2b: Sinistcha|47/100 brn|[from] item: Leftovers\n|-damage|p2b: Sinistcha|41/100 brn|[from] brn\n|-sideend|p1: NeruLuna|move: Tailwind\n|upkeep\n|\n|t:|1788347718\n|switch|p1a: Sneasler|Sneasler, L50, M|100/100\n|turn|5\n|\n|t:|1788347723\n|move|p1b: Talonflame|Dual Wingbeat|p2b: Sinistcha\n|-supereffective|p2b: Sinistcha|1\n|-damage|p2b: Sinistcha|3/100 brn\n|-supereffective|p2b: Sinistcha|1\n|-damage|p2b: Sinistcha|0 fnt\n|faint|p2b: Sinistcha\n|-hitcount|p2: Sinistcha|2\n|move|p2a: Ceruledge|Bitter Blade|p1b: Talonflame\n|-resisted|p1b: Talonflame|1\n|-damage|p1b: Talonflame|46/100\n|move|p1a: Sneasler|Dire Claw|p2a: Ceruledge\n|-resisted|p2a: Ceruledge|1\n|-damage|p2a: Ceruledge|83/100\n|\n|upkeep\n|\n|t:|1788347732\n|switch|p2b: Mamoswine|Mamoswine, L50, M|67/100\n|turn|6\n|\n|t:|1788347750\n|move|p1b: Talonflame|Protect|p1b: Talonflame\n|-singleturn|p1b: Talonflame|Protect\n|move|p1a: Sneasler|Protect|p1a: Sneasler\n|-singleturn|p1a: Sneasler|Protect\n|move|p2b: Mamoswine|Knock Off|p1a: Sneasler\n|-activate|p1a: Sneasler|move: Protect\n|move|p2a: Ceruledge|Bulk Up|p2a: Ceruledge\n|-boost|p2a: Ceruledge|atk|1\n|-boost|p2a: Ceruledge|def|1\n|\n|-fieldend|move: Trick Room\n|upkeep\n|turn|7\n|\n|t:|1788347766\n|move|p2b: Mamoswine|Protect|p2b: Mamoswine\n|-singleturn|p2b: Mamoswine|Protect\n|move|p1a: Sneasler|Dire Claw|p2a: Ceruledge\n|-resisted|p2a: Ceruledge|1\n|-damage|p2a: Ceruledge|69/100\n|move|p1b: Talonflame|Will-O-Wisp|p2b: Mamoswine\n|-activate|p2b: Mamoswine|move: Protect\n|move|p2a: Ceruledge|Bitter Blade|p1a: Sneasler\n|-enditem|p1a: Sneasler|Focus Sash\n|-damage|p1a: Sneasler|1/100\n|-heal|p2a: Ceruledge|100/100|[from] drain|[of] p1a: Sneasler\n|\n|upkeep\n|turn|8\n|\n|t:|1788347782\n|move|p2b: Mamoswine|Ice Shard|p1a: Sneasler\n|-damage|p1a: Sneasler|0 fnt\n|faint|p1a: Sneasler\n|move|p1b: Talonflame|Will-O-Wisp|p2b: Mamoswine\n|-status|p2b: Mamoswine|brn\n|move|p2a: Ceruledge|Bitter Blade|p1b: Talonflame\n|-resisted|p1b: Talonflame|1\n|-damage|p1b: Talonflame|0 fnt\n|faint|p1b: Talonflame\n|\n|win|Chavo666\n||Chavo666 is ready for game 2.\n||NeruLuna is ready for game 2.\n|uhtml|next|Next: <a href=\"/battle-gen9championsvgc2026regmbbo3-2674355581\"><strong>Game 2 of 3</strong></a>\n|l| KattaMou\n|l|☆Chavo666\n|player|p2|\n","uploadtime":1788348088,"views":"5","formatid":"gen9championsvgc2026regmbbo3","rating":null,"private":0,"password":null}