{"id":"gen9championsvgc2026regmbbo3-2673505813","format":"[Gen 9 Champions] VGC 2026 Reg M-B (Bo3)","players":["oliva sigma mode","w0rms4f1ng3rs"],"log":"|j|☆oliva sigma mode\n|j|☆w0rms4f1ng3rs\n|html|<table width=\"100%\"><tr><td align=\"left\">oliva sigma mode</td><td align=\"right\">w0rms4f1ng3rs</tr><tr><td align=\"left\"><i class=\"fa fa-circle-o\"></i> <i class=\"fa fa-circle-o\"></i> </td><td align=\"right\"><i class=\"fa fa-circle-o\"></i> <i class=\"fa fa-circle\"></i> </tr></table>\n|uhtml|bestof|<h2><strong>Game 2</strong> of <a href=\"/game-bestof3-gen9championsvgc2026regmbbo3-2673504388\">a best-of-3</a></h2>\n|t:|1788205983\n|gametype|doubles\n|player|p1|oliva sigma mode|crasherwake|1098\n|player|p2|w0rms4f1ng3rs|zinzolin|1193\n|gen|9\n|tier|[Gen 9 Champions] VGC 2026 Reg M-B (Bo3)\n|rated|\n|rule|Species Clause: Limit one of each Pokémon\n|rule|Item Clause: Limit 1 of each item\n|clearpoke\n|poke|p1|Gardevoir, L50, M, shiny|\n|poke|p1|Maushold-Four, L50|\n|poke|p1|Basculegion, L50, M|\n|poke|p1|Talonflame, L50, M|\n|poke|p1|Kingambit, L50, M|\n|poke|p1|Garchomp, L50, F|\n|poke|p2|Charizard, L50, M, shiny|\n|poke|p2|Whimsicott, L50, M|\n|poke|p2|Kingambit, L50, M|\n|poke|p2|Basculegion, L50, M|\n|poke|p2|Garchomp, L50, M|\n|poke|p2|Floette-Eternal, L50, F|\n|teampreview|4\n|showteam|p1|Gardevoir||Gardevoirite|Telepathy|HyperVoice,Psyshock,Protect,TrickRoom|Modest||M|||50|]Maushold-Four||FocusSash|FriendGuard|FollowMe,Protect,SuperFang,Encore|Timid|||||50|]Basculegion||SitrusBerry|Adaptability|AquaJet,WaveCrash,LastRespects,Protect|Adamant||M|||50|]Talonflame|||GaleWings|Tailwind,Acrobatics,WillOWisp,Protect|Jolly||M|||50|]Kingambit||ChopleBerry|Defiant|SuckerPunch,KowtowCleave,IronHead,Protect|Adamant||M|||50|]Garchomp||WhiteHerb|RoughSkin|Earthquake,RockSlide,DragonClaw,Protect|Adamant||F|||50|\n|showteam|p2|Charizard||CharizarditeY|Blaze|HeatWave,WeatherBall,SolarBeam,Protect|Modest||M|||50|]Whimsicott||FocusSash|Prankster|Moonblast,Encore,Tailwind,Protect|Timid||M|||50|]Kingambit||OccaBerry|Defiant|KowtowCleave,SuckerPunch,IronHead,LowKick|Adamant||M|||50|]Basculegion||MysticWater|Adaptability|WaveCrash,LastRespects,AquaJet,Protect|Adamant||M|||50|]Garchomp||LifeOrb|RoughSkin|Earthquake,DragonClaw,RockSlide,Protect|Jolly||M|||50|]Floette-Eternal||Floettite|FlowerVeil|Moonblast,DazzlingGleam,LightofRuin,Protect|Timid||F|||50|\n|inactive|Battle timer is ON: inactive players will automatically lose when time's up. (requested by oliva sigma mode)\n|inactive|w0rms4f1ng3rs has 60 seconds left.\n|\n|t:|1788206035\n|teamsize|p1|4\n|teamsize|p2|4\n|start\n|switch|p1a: Talonflame|Talonflame, L50, M|100/100\n|switch|p1b: Gardevoir|Gardevoir, L50, M, shiny|100/100\n|switch|p2a: Whimsicott|Whimsicott, L50, M|100/100\n|switch|p2b: Kingambit|Kingambit, L50, M|100/100\n|turn|1\n|inactive|w0rms4f1ng3rs has 30 seconds left.\n|\n|t:|1788206061\n|move|p1b: Gardevoir|Protect|p1b: Gardevoir\n|-singleturn|p1b: Gardevoir|Protect\n|move|p1a: Talonflame|Acrobatics|p2a: Whimsicott\n|-supereffective|p2a: Whimsicott|1\n|-enditem|p2a: Whimsicott|Focus Sash\n|-damage|p2a: Whimsicott|1/100\n|move|p2a: Whimsicott|Tailwind|p2a: Whimsicott\n|-sidestart|p2: w0rms4f1ng3rs|move: Tailwind\n|move|p2b: Kingambit|Iron Head|p1b: Gardevoir\n|-activate|p1b: Gardevoir|move: Protect\n|\n|upkeep\n|turn|2\n|inactive|oliva sigma mode has 30 seconds left.\n|\n|t:|1788206092\n|detailschange|p1b: Gardevoir|Gardevoir-Mega, L50, M, shiny\n|-mega|p1b: Gardevoir|Gardevoir|Gardevoirite\n|move|p2a: Whimsicott|Encore|p1a: Talonflame\n|-start|p1a: Talonflame|Encore\n|move|p1a: Talonflame|Acrobatics|p2b: Kingambit\n|-resisted|p2b: Kingambit|1\n|-damage|p2b: Kingambit|85/100\n|move|p2b: Kingambit|Iron Head|p1b: Gardevoir\n|-supereffective|p1b: Gardevoir|1\n|-damage|p1b: Gardevoir|0 fnt\n|faint|p1b: Gardevoir\n|\n|upkeep\n|\n|t:|1788206099\n|switch|p1b: Garchomp|Garchomp, L50, F|100/100\n|turn|3\n|\n|t:|1788206105\n|move|p1a: Talonflame|Acrobatics|p2a: Whimsicott\n|-supereffective|p2a: Whimsicott|1\n|-damage|p2a: Whimsicott|0 fnt\n|faint|p2a: Whimsicott\n|move|p2b: Kingambit|Sucker Punch|p1b: Garchomp\n|-crit|p1b: Garchomp\n|-damage|p1b: Garchomp|48/100\n|-damage|p2b: Kingambit|73/100|[from] ability: Rough Skin|[of] p1b: Garchomp\n|move|p1b: Garchomp|Earthquake|p2b: Kingambit|[spread] p2b\n|-immune|p1a: Talonflame\n|-supereffective|p2b: Kingambit|1\n|-damage|p2b: Kingambit|11/100\n|\n|upkeep\n|\n|t:|1788206109\n|switch|p2a: Garchomp|Garchomp, L50, M|100/100\n|turn|4\n|\n|t:|1788206118\n|move|p1b: Garchomp|Protect|p1b: Garchomp\n|-singleturn|p1b: Garchomp|Protect\n|move|p1a: Talonflame|Acrobatics|p2b: Kingambit\n|-resisted|p2b: Kingambit|1\n|-damage|p2b: Kingambit|0 fnt\n|faint|p2b: Kingambit\n|move|p2a: Garchomp|Rock Slide|p1b: Garchomp|[spread] p1a\n|-activate|p1b: Garchomp|move: Protect\n|-supereffective|p1a: Talonflame|2\n|-damage|p1a: Talonflame|0 fnt\n|faint|p1a: Talonflame\n|-damage|p2a: Garchomp|90/100|[from] item: Life Orb\n|\n|-sideend|p2: w0rms4f1ng3rs|move: Tailwind\n|upkeep\n|\n|t:|1788206127\n|switch|p1a: Maushold|Maushold-Four, L50|100/100\n|switch|p2b: Charizard|Charizard, L50, M, shiny|100/100\n|turn|5\n|inactive|w0rms4f1ng3rs has 30 seconds left.\n|\n|t:|1788206162\n|detailschange|p2b: Charizard|Charizard-Mega-Y, L50, M, shiny\n|-mega|p2b: Charizard|Charizard|Charizardite Y\n|-weather|SunnyDay|[from] ability: Drought|[of] p2b: Charizard\n|move|p1a: Maushold|Encore|p2a: Garchomp\n|-start|p2a: Garchomp|Encore\n|move|p2a: Garchomp|Rock Slide|p1a: Maushold|[spread] p1a,p1b\n|-resisted|p1b: Garchomp|1\n|-damage|p1a: Maushold|69/100\n|-damage|p1b: Garchomp|40/100\n|-damage|p2a: Garchomp|80/100|[from] item: Life Orb\n|move|p1b: Garchomp|Rock Slide|p2a: Garchomp|[spread] p2a\n|-miss|p1b: Garchomp|p2b: Charizard\n|-resisted|p2a: Garchomp|1\n|-damage|p2a: Garchomp|70/100\n|move|p2b: Charizard|Heat Wave|p1a: Maushold|[spread] p1a,p1b\n|-resisted|p1b: Garchomp|1\n|-damage|p1a: Maushold|0 fnt\n|-damage|p1b: Garchomp|13/100\n|faint|p1a: Maushold\n|\n|-weather|SunnyDay|[upkeep]\n|upkeep\n|turn|6\n|\n|t:|1788206178\n|move|p2a: Garchomp|Rock Slide|p1b: Garchomp\n|-resisted|p1b: Garchomp|1\n|-damage|p1b: Garchomp|0 fnt\n|faint|p1b: Garchomp\n|-damage|p2a: Garchomp|60/100|[from] item: Life Orb\n|\n|win|w0rms4f1ng3rs\n|raw|oliva sigma mode's rating: 1098 &rarr; <strong>1080</strong><br />(-18 for losing)\n|raw|w0rms4f1ng3rs's rating: 1193 &rarr; <strong>1211</strong><br />(+18 for winning)\n","uploadtime":1788206179,"views":"0","formatid":"gen9championsvgc2026regmbbo3","rating":1080,"private":0,"password":null}