{"id":"gen9championsvgc2026regmb-2674348994","format":"[Gen 9 Champions] VGC 2026 Reg M-B","players":["GarchompLover21","Novicebest"],"log":"|j|☆GarchompLover21\n|j|☆Novicebest\n|t:|1788346493\n|gametype|doubles\n|player|p1|GarchompLover21|cyrus|1610\n|player|p2|Novicebest|dawn|1740\n|gen|9\n|tier|[Gen 9 Champions] VGC 2026 Reg M-B\n|rated|\n|rule|Species Clause: Limit one of each Pokémon\n|rule|Item Clause: Limit 1 of each item\n|clearpoke\n|poke|p1|Raichu, L50, M, shiny|\n|poke|p1|Staraptor, L50, M, shiny|\n|poke|p1|Arcanine-Hisui, L50, M|\n|poke|p1|Farigiraf, L50, F, shiny|\n|poke|p1|Kingambit, L50, M|\n|poke|p1|Sylveon, L50, M, shiny|\n|poke|p2|Staraptor, L50, F|\n|poke|p2|Whimsicott, L50, F|\n|poke|p2|Glimmora, L50, F|\n|poke|p2|Farigiraf, L50, F|\n|poke|p2|Garchomp, L50, M|\n|poke|p2|Torkoal, L50, M|\n|teampreview|4\n|inactive|Battle timer is ON: inactive players will automatically lose when time's up. (requested by GarchompLover21)\n|inactive|Novicebest has 60 seconds left.\n|\n|t:|1788346529\n|teamsize|p1|4\n|teamsize|p2|4\n|start\n|switch|p1a: Farigiraf|Farigiraf, L50, F, shiny|100/100\n|switch|p1b: Sylveon|Sylveon, L50, M, shiny|100/100\n|switch|p2a: Glimmora|Glimmora, L50, F|100/100\n|switch|p2b: Farigiraf|Farigiraf, L50, F|100/100\n|turn|1\n|\n|t:|1788346541\n|move|p2b: Farigiraf|Helping Hand|p2a: Glimmora\n|-singleturn|p2a: Glimmora|Helping Hand|[of] p2b: Farigiraf\n|move|p1b: Sylveon|Detect|p1b: Sylveon\n|-singleturn|p1b: Sylveon|Protect\n|move|p2a: Glimmora|Sludge Bomb|p1b: Sylveon\n|-activate|p1b: Sylveon|move: Protect\n|move|p1a: Farigiraf|Psychic|p2a: Glimmora\n|-supereffective|p2a: Glimmora|1\n|-damage|p2a: Glimmora|6/100\n|\n|upkeep\n|turn|2\n|\n|t:|1788346561\n|switch|p1b: Kingambit|Kingambit, L50, M|100/100\n|move|p2a: Glimmora|Power Gem|p1a: Farigiraf\n|-damage|p1a: Farigiraf|63/100\n|move|p2b: Farigiraf|Thunderbolt|p1a: Farigiraf\n|-damage|p1a: Farigiraf|40/100\n|-enditem|p1a: Farigiraf|Sitrus Berry|[eat]\n|-heal|p1a: Farigiraf|65/100|[from] item: Sitrus Berry\n|move|p1a: Farigiraf|Trick Room|p1a: Farigiraf\n|-fieldstart|move: Trick Room|[of] p1a: Farigiraf\n|\n|upkeep\n|turn|3\n|inactive|GarchompLover21 has 30 seconds left.\n|inactive|Novicebest has 30 seconds left.\n|\n|t:|1788346587\n|move|p1b: Kingambit|Kowtow Cleave|p2b: Farigiraf\n|-supereffective|p2b: Farigiraf|1\n|-enditem|p2b: Farigiraf|Colbur Berry|[eat]\n|-enditem|p2b: Farigiraf|Colbur Berry|[weaken]\n|-damage|p2b: Farigiraf|43/100\n|-damage|p1b: Kingambit|90/100|[from] item: Life Orb\n|move|p1a: Farigiraf|Psychic|p2a: Glimmora\n|-supereffective|p2a: Glimmora|1\n|-damage|p2a: Glimmora|0 fnt\n|faint|p2a: Glimmora\n|move|p2b: Farigiraf|Thunderbolt|p1a: Farigiraf\n|-damage|p1a: Farigiraf|44/100\n|\n|upkeep\n|j| altcrvstal_K!tty\n|\n|t:|1788346598\n|switch|p2a: Torkoal|Torkoal, L50, M|100/100\n|-weather|SunnyDay|[from] ability: Drought|[of] p2a: Torkoal\n|turn|4\n|\n|t:|1788346611\n|move|p2b: Farigiraf|Helping Hand|p2a: Torkoal\n|-singleturn|p2a: Torkoal|Helping Hand|[of] p2b: Farigiraf\n|move|p1b: Kingambit|Protect|p1b: Kingambit\n|-singleturn|p1b: Kingambit|Protect\n|move|p2a: Torkoal|Eruption|p1b: Kingambit|[spread] p1a\n|-activate|p1b: Kingambit|move: Protect\n|-damage|p1a: Farigiraf|0 fnt\n|faint|p1a: Farigiraf\n|\n|-weather|SunnyDay|[upkeep]\n|upkeep\n|\n|t:|1788346615\n|switch|p1a: Sylveon|Sylveon, L50, M, shiny|100/100\n|turn|5\n|\n|t:|1788346624\n|move|p2b: Farigiraf|Helping Hand|p2a: Torkoal\n|-singleturn|p2a: Torkoal|Helping Hand|[of] p2b: Farigiraf\n|move|p2a: Torkoal|Eruption|p1b: Kingambit|[spread] p1a,p1b\n|-supereffective|p1b: Kingambit|1\n|-damage|p1a: Sylveon|0 fnt\n|-damage|p1b: Kingambit|0 fnt\n|faint|p1a: Sylveon\n|faint|p1b: Kingambit\n|\n|-weather|SunnyDay|[upkeep]\n|upkeep\n|\n|t:|1788346630\n|switch|p1a: Staraptor|Staraptor, L50, M, shiny|100/100\n|-ability|p1a: Staraptor|Intimidate|boost\n|-unboost|p2a: Torkoal|atk|1\n|-unboost|p2b: Farigiraf|atk|1\n|turn|6\n|\n|t:|1788346644\n|switch|p2b: Staraptor|Staraptor, L50, F|100/100\n|-ability|p2b: Staraptor|Intimidate|boost\n|-unboost|p1a: Staraptor|atk|1\n|detailschange|p1a: Staraptor|Staraptor-Mega, L50, M, shiny\n|-mega|p1a: Staraptor|Staraptor|Staraptite\n|move|p1a: Staraptor|Protect|p1a: Staraptor\n|-singleturn|p1a: Staraptor|Protect\n|move|p2a: Torkoal|Eruption|p1a: Staraptor\n|-activate|p1a: Staraptor|move: Protect\n|\n|-weather|SunnyDay|[upkeep]\n|-fieldend|move: Trick Room\n|upkeep\n|turn|7\n|-message|GarchompLover21 forfeited.\n|\n|win|Novicebest\n|raw|GarchompLover21's rating: 1610 &rarr; <strong>1597</strong><br />(-13 for losing)\n|raw|Novicebest's rating: 1740 &rarr; <strong>1753</strong><br />(+13 for winning)\n|l|☆GarchompLover21\n|player|p1|\n|l| altcrvstal_K!tty\n","uploadtime":1788346754,"views":"1","formatid":"gen9championsvgc2026regmb","rating":1597,"private":0,"password":null}