{"id":"gen9championsvgc2026regmb-2674151140","format":"[Gen 9 Champions] VGC 2026 Reg M-B","players":["SGEPKC203","dvlavi"],"log":"|j|☆SGEPKC203\n|j|☆dvlavi\n|html|<table width=\"100%\"><tr><td align=\"left\">SGEPKC203</td><td align=\"right\">dvlavi</tr><tr><td align=\"left\"><i class=\"fa fa-circle-o\"></i> <i class=\"fa fa-circle-o\"></i> </td><td align=\"right\"><i class=\"fa fa-circle-o\"></i> <i class=\"fa fa-circle-o\"></i> </tr></table>\n|uhtml|bestof|<h2><strong>Game 1</strong> of <a href=\"/game-bestof3-gen9championsvgc2026regmb-2674151139\">a best-of-3</a></h2>\n|t:|1788306753\n|gametype|doubles\n|player|p1|SGEPKC203|brendan-gen3|\n|player|p2|dvlavi|steven|\n|gen|9\n|tier|[Gen 9 Champions] VGC 2026 Reg M-B\n|rule|Species Clause: Limit one of each Pokémon\n|rule|Item Clause: Limit 1 of each item\n|raw|<div class=\"infobox\"><details class=\"readmore\" open><summary><strong>2 custom rules:</strong></summary> Best of = 3, !Open Team Sheets</details></div>\n|clearpoke\n|poke|p1|Sneasler, L50, M|\n|poke|p1|Altaria, L50, M|\n|poke|p1|Chimecho, L50, M|\n|poke|p1|Greninja, L50, M|\n|poke|p1|Tsareena, L50, F|\n|poke|p1|Blastoise, L50, M|\n|poke|p2|Farigiraf, L50, F|\n|poke|p2|Torkoal, L50, F|\n|poke|p2|Victreebel, L50, M|\n|poke|p2|Rotom-Wash, L50|\n|poke|p2|Banette, L50, M|\n|poke|p2|Floette-Eternal, L50, F|\n|teampreview|4\n|c|☆dvlavi|glhf\n|c|☆SGEPKC203|GLHF\n|c|☆dvlavi|wth chimecho\n|c|☆SGEPKC203|had to use all my mons at some point lol\n|\n|t:|1788306845\n|teamsize|p1|4\n|teamsize|p2|4\n|start\n|switch|p1a: Greninja|Greninja, L50, M|100/100\n|switch|p1b: Tsareena|Tsareena, L50, F|100/100\n|switch|p2a: Farigiraf|Farigiraf, L50, F|100/100\n|switch|p2b: Floette|Floette-Eternal, L50, F|100/100\n|turn|1\n|\n|t:|1788306889\n|detailschange|p2b: Floette|Floette-Mega, L50, F\n|-mega|p2b: Floette|Floette|Floettite\n|-ability|p2b: Floette|Fairy Aura\n|move|p2a: Farigiraf|Dazzling Gleam|p1b: Tsareena|[spread] p1a,p1b\n|-supereffective|p1a: Greninja|1\n|-damage|p1a: Greninja|23/100\n|-damage|p1b: Tsareena|71/100\n|move|p1a: Greninja|Gunk Shot|p2b: Floette|[miss]\n|-start|p1a: Greninja|typechange|Poison|[from] ability: Protean\n|-miss|p1a: Greninja|p2b: Floette\n|move|p2b: Floette|Dazzling Gleam|p1a: Greninja|[spread] p1a,p1b\n|-resisted|p1a: Greninja|1\n|-damage|p1a: Greninja|0 fnt\n|-damage|p1b: Tsareena|29/100\n|faint|p1a: Greninja\n|move|p1b: Tsareena|Fling|p2a: Farigiraf\n|-supereffective|p2a: Farigiraf|1\n|-damage|p2a: Farigiraf|76/100\n|-enditem|p1b: Tsareena|King's Rock|[from] move: Fling\n|\n|upkeep\n|c|☆SGEPKC203|well that couldnt have gone worse for me\n|\n|t:|1788306927\n|switch|p1a: Blastoise|Blastoise, L50, M|100/100\n|turn|2\n|c|☆dvlavi|ya that miss is rough\n|c|☆dvlavi|kings rock fling though interesting\n|\n|t:|1788307040\n|detailschange|p1a: Blastoise|Blastoise-Mega, L50, M\n|-mega|p1a: Blastoise|Blastoise|Blastoisinite\n|move|p1b: Tsareena|Helping Hand|p1a: Blastoise\n|-singleturn|p1a: Blastoise|Helping Hand|[of] p1b: Tsareena\n|move|p2a: Farigiraf|Dazzling Gleam|p1b: Tsareena|[spread] p1a,p1b\n|-damage|p1a: Blastoise|80/100\n|-damage|p1b: Tsareena|1/100\n|move|p2b: Floette|Moonblast|p1a: Blastoise\n|-damage|p1a: Blastoise|25/100\n|move|p1a: Blastoise|Flash Cannon|p2b: Floette\n|-supereffective|p2b: Floette|1\n|-damage|p2b: Floette|26/100\n|\n|upkeep\n|turn|3\n|\n|t:|1788307073\n|move|p2a: Farigiraf|Dazzling Gleam|p1a: Blastoise|[spread] p1a,p1b\n|-damage|p1a: Blastoise|5/100\n|-damage|p1b: Tsareena|0 fnt\n|faint|p1b: Tsareena\n|move|p2b: Floette|Dazzling Gleam|p1a: Blastoise\n|-damage|p1a: Blastoise|0 fnt\n|faint|p1a: Blastoise\n|\n|upkeep\n|\n|t:|1788307076\n|switch|p1b: Altaria|Altaria, L50, M|100/100\n|-ability|p1b: Altaria|Cloud Nine\n|turn|4\n|c|☆SGEPKC203|gg\n|\n|t:|1788307088\n|move|p1b: Altaria|Protect|p1b: Altaria\n|-singleturn|p1b: Altaria|Protect\n|move|p2a: Farigiraf|Dazzling Gleam|p1b: Altaria\n|-activate|p1b: Altaria|move: Protect\n|move|p2b: Floette|Moonblast|p1b: Altaria\n|-activate|p1b: Altaria|move: Protect\n|\n|upkeep\n|turn|5\n|\n|t:|1788307098\n|move|p2a: Farigiraf|Dazzling Gleam|p1b: Altaria\n|-supereffective|p1b: Altaria|1\n|-damage|p1b: Altaria|41/100\n|move|p2b: Floette|Moonblast|p1b: Altaria\n|-supereffective|p1b: Altaria|1\n|-damage|p1b: Altaria|0 fnt\n|faint|p1b: Altaria\n|\n|win|dvlavi\n||SGEPKC203 is ready for game 2.\n|inactive|dvlavi has 30 seconds to confirm battle start!\n||dvlavi is ready for game 2.\n|uhtml|next|Next: <a href=\"/battle-gen9championsvgc2026regmb-2674153513\"><strong>Game 2 of 3</strong></a>\n","uploadtime":1788308895,"views":"29","formatid":"gen9championsvgc2026regmb","rating":null,"private":0,"password":null}