{"id":"gen9championsvgc2026regmb-2674915499","format":"[Gen 9 Champions] VGC 2026 Reg M-B","players":["ninja-yo3","Thornlace48812"],"log":"|j|☆ninja-yo3\n|j|☆Thornlace48812\n|t:|1788435255\n|gametype|doubles\n|player|p1|ninja-yo3|ghetsis|1308\n|player|p2|Thornlace48812|102|1232\n|gen|9\n|tier|[Gen 9 Champions] VGC 2026 Reg M-B\n|rated|\n|rule|Species Clause: Limit one of each Pokémon\n|rule|Item Clause: Limit 1 of each item\n|clearpoke\n|poke|p1|Archaludon, L50, M|\n|poke|p1|Grimmsnarl, L50, M|\n|poke|p1|Basculegion, L50, M|\n|poke|p1|Pelipper, L50, M|\n|poke|p1|Sinistcha, L50|\n|poke|p1|Swampert, L50, M|\n|poke|p2|Garchomp, L50, M|\n|poke|p2|Charizard, L50, M|\n|poke|p2|Whimsicott, L50, M|\n|poke|p2|Sylveon, L50, F|\n|poke|p2|Kingambit, L50, M|\n|poke|p2|Basculegion, L50, M|\n|teampreview|4\n|inactive|Battle timer is ON: inactive players will automatically lose when time's up. (requested by Thornlace48812)\n|inactive|ninja-yo3 also wants the timer to be on.\nThornlace48812 rejected open team sheets.\n|\n|t:|1788435266\n|teamsize|p1|4\n|teamsize|p2|4\n|start\n|switch|p1a: Swampert|Swampert, L50, M|100/100\n|switch|p1b: Pelipper|Pelipper, L50, M|100/100\n|switch|p2a: Charizard|Charizard, L50, M|100/100\n|switch|p2b: Garchomp|Garchomp, L50, M|100/100\n|-weather|RainDance|[from] ability: Drizzle|[of] p1b: Pelipper\n|turn|1\n|\n|t:|1788435276\n|switch|p2a: Whimsicott|Whimsicott, L50, M|100/100\n|detailschange|p1a: Swampert|Swampert-Mega, L50, M\n|-mega|p1a: Swampert|Swampert|Swampertite\n|move|p1a: Swampert|Protect|p1a: Swampert\n|-singleturn|p1a: Swampert|Protect\n|move|p2b: Garchomp|Dragon Claw|p1a: Swampert\n|-activate|p1a: Swampert|move: Protect\n|move|p1b: Pelipper|Tailwind|p1b: Pelipper\n|-sidestart|p1: ninja-yo3|move: Tailwind\n|\n|-weather|RainDance|[upkeep]\n|upkeep\n|turn|2\n|\n|t:|1788435283\n|switch|p1b: Archaludon|Archaludon, L50, M|100/100\n|move|p2a: Whimsicott|Protect|p2a: Whimsicott\n|-singleturn|p2a: Whimsicott|Protect\n|move|p1a: Swampert|Ice Punch|p2b: Garchomp\n|-supereffective|p2b: Garchomp|2\n|-damage|p2b: Garchomp|0 fnt\n|-damage|p1a: Swampert|87/100|[from] ability: Rough Skin|[of] p2b: Garchomp\n|faint|p2b: Garchomp\n|\n|-weather|RainDance|[upkeep]\n|upkeep\n|\n|t:|1788435284\n|switch|p2b: Charizard|Charizard, L50, M|100/100\n|turn|3\n|\n|t:|1788435291\n|detailschange|p2b: Charizard|Charizard-Mega-Y, L50, M\n|-mega|p2b: Charizard|Charizard|Charizardite Y\n|-weather|SunnyDay|[from] ability: Drought|[of] p2b: Charizard\n|move|p1a: Swampert|Protect|p1a: Swampert\n|-singleturn|p1a: Swampert|Protect\n|move|p2a: Whimsicott|Tailwind|p2a: Whimsicott\n|-sidestart|p2: Thornlace48812|move: Tailwind\n|move|p2b: Charizard|Heat Wave|p1b: Archaludon|[spread] p1b\n|-activate|p1a: Swampert|move: Protect\n|-damage|p1b: Archaludon|36/100\n|-ability|p1b: Archaludon|Stamina|boost\n|-boost|p1b: Archaludon|def|1\n|move|p1b: Archaludon|Electro Shot||[still]\n|-prepare|p1b: Archaludon|Electro Shot\n|-boost|p1b: Archaludon|spa|1\n|\n|-weather|SunnyDay|[upkeep]\n|-heal|p1b: Archaludon|42/100|[from] item: Leftovers\n|upkeep\n|turn|4\n|\n|t:|1788435298\n|switch|p1a: Pelipper|Pelipper, L50, M|100/100\n|-weather|RainDance|[from] ability: Drizzle|[of] p1a: Pelipper\n|move|p2a: Whimsicott|Moonblast|p1b: Archaludon\n|-damage|p1b: Archaludon|9/100\n|-ability|p1b: Archaludon|Stamina|boost\n|-boost|p1b: Archaludon|def|1\n|move|p2b: Charizard|Heat Wave|p1a: Pelipper|[spread] p1a,p1b\n|-resisted|p1a: Pelipper|1\n|-damage|p1a: Pelipper|83/100\n|-damage|p1b: Archaludon|0 fnt\n|faint|p1b: Archaludon\n|\n|-weather|RainDance|[upkeep]\n|-sideend|p1: ninja-yo3|move: Tailwind\n|upkeep\n|\n|t:|1788435302\n|switch|p1b: Swampert|Swampert-Mega, L50, M|87/100\n|turn|5\n|\n|t:|1788435309\n|move|p2a: Whimsicott|Moonblast|p1a: Pelipper\n|-damage|p1a: Pelipper|29/100\n|-unboost|p1a: Pelipper|spa|1\n|-enditem|p1a: Pelipper|Sitrus Berry|[eat]\n|-heal|p1a: Pelipper|54/100|[from] item: Sitrus Berry\n|move|p2b: Charizard|Ancient Power|p1a: Pelipper\n|-supereffective|p1a: Pelipper|1\n|-damage|p1a: Pelipper|0 fnt\n|faint|p1a: Pelipper\n|move|p1b: Swampert|Liquidation|p2b: Charizard\n|-supereffective|p2b: Charizard|1\n|-damage|p2b: Charizard|0 fnt\n|faint|p2b: Charizard\n|\n|-weather|RainDance|[upkeep]\n|upkeep\n|\n|t:|1788435313\n|switch|p2b: Basculegion|Basculegion, L50, M|100/100\n|switch|p1a: Whimsicot|Basculegion, L50, M|100/100\n|turn|6\n|\n|t:|1788435320\n|move|p1a: Whimsicot|Protect|p1a: Whimsicot\n|-singleturn|p1a: Whimsicot|Protect\n|move|p2a: Whimsicott|Moonblast|p1b: Swampert\n|-damage|p1b: Swampert|61/100\n|move|p2b: Basculegion|Last Respects|p1a: Whimsicot\n|-activate|p1a: Whimsicot|move: Protect\n|move|p1b: Swampert|Earthquake|p2a: Whimsicott|[spread] p2a,p2b\n|-activate|p1a: Whimsicot|move: Protect\n|-resisted|p2a: Whimsicott|1\n|-damage|p2a: Whimsicott|63/100\n|-damage|p2b: Basculegion|49/100\n|\n|-weather|RainDance|[upkeep]\n|-sideend|p2: Thornlace48812|move: Tailwind\n|upkeep\n|turn|7\n|\n|t:|1788435333\n|move|p2a: Whimsicott|Tailwind|p2a: Whimsicott\n|-sidestart|p2: Thornlace48812|move: Tailwind\n|move|p1a: Whimsicot|Last Respects|p2b: Basculegion\n|-supereffective|p2b: Basculegion|1\n|-damage|p2b: Basculegion|0 fnt\n|faint|p2b: Basculegion\n|-damage|p1a: Whimsicot|90/100|[from] item: Life Orb\n|move|p1b: Swampert|Ice Punch|p2a: Whimsicott\n|-supereffective|p2a: Whimsicott|1\n|-damage|p2a: Whimsicott|0 fnt\n|faint|p2a: Whimsicott\n|\n|win|ninja-yo3\n|raw|ninja-yo3's rating: 1308 &rarr; <strong>1320</strong><br />(+12 for winning)\n|raw|Thornlace48812's rating: 1161 &rarr; <strong>1146</strong><br />(-15 for losing)\n","uploadtime":1788435333,"views":"1","formatid":"gen9championsvgc2026regmb","rating":1146,"private":0,"password":null}