{"id":"gen9championsvgc2026regmb-2674887544","format":"[Gen 9 Champions] VGC 2026 Reg M-B","players":["masterdane69","gallade agenda"],"log":"|j|☆masterdane69\n|j|☆gallade agenda\n|t:|1788429509\n|gametype|doubles\n|player|p1|masterdane69|2|1382\n|player|p2|gallade agenda|gentleman-gen4|1377\n|gen|9\n|tier|[Gen 9 Champions] VGC 2026 Reg M-B\n|rated|\n|rule|Species Clause: Limit one of each Pokémon\n|rule|Item Clause: Limit 1 of each item\n|clearpoke\n|poke|p1|Excadrill, L50, M|\n|poke|p1|Tyranitar, L50, M|\n|poke|p1|Gholdengo, L50|\n|poke|p1|Sinistcha-Masterpiece, L50|\n|poke|p1|Incineroar, L50, M|\n|poke|p1|Floette-Eternal, L50, F|\n|poke|p2|Tyranitar, L50, M|\n|poke|p2|Excadrill, L50, F|\n|poke|p2|Milotic, L50, F|\n|poke|p2|Sinistcha, L50|\n|poke|p2|Staraptor, L50, M|\n|poke|p2|Gholdengo, L50|\n|teampreview|4\n|inactive|Battle timer is ON: inactive players will automatically lose when time's up. (requested by masterdane69)\n|inactive|masterdane69 has 60 seconds left.\n|inactive|gallade agenda has 60 seconds left.\n|c|☆gallade agenda|glhf\n|inactive|gallade agenda has 30 seconds left.\n|inactive|gallade agenda has 20 seconds left.\n|inactive|gallade agenda has 15 seconds left.\n|inactive|gallade agenda has 10 seconds left.\n|\n|t:|1788429592\n|teamsize|p1|4\n|teamsize|p2|4\n|start\n|switch|p1a: Incineroar|Incineroar, L50, M|100/100\n|switch|p1b: Floette|Floette-Eternal, L50, F|100/100\n|switch|p2a: Tyranitar|Tyranitar, L50, M|100/100\n|switch|p2b: Excadrill|Excadrill, L50, F|100/100\n|-weather|Sandstorm|[from] ability: Sand Stream|[of] p2a: Tyranitar\n|-ability|p1a: Incineroar|Intimidate|boost\n|-unboost|p2a: Tyranitar|atk|1\n|-unboost|p2b: Excadrill|atk|1\n|turn|1\n|\n|t:|1788429608\n|switch|p2a: Gholdengo|Gholdengo, L50|100/100\n|detailschange|p1b: Floette|Floette-Mega, L50, F\n|-mega|p1b: Floette|Floette|Floettite\n|-ability|p1b: Floette|Fairy Aura\n|move|p1a: Incineroar|Fake Out|p2b: Excadrill\n|-resisted|p2b: Excadrill|1\n|-damage|p2b: Excadrill|92/100\n|cant|p2b: Excadrill|flinch\n|move|p1b: Floette|Calm Mind|p1b: Floette\n|-boost|p1b: Floette|spa|1\n|-boost|p1b: Floette|spd|1\n|\n|-weather|Sandstorm|[upkeep]\n|-damage|p1b: Floette|94/100|[from] Sandstorm\n|-damage|p1a: Incineroar|94/100|[from] Sandstorm\n|-heal|p1a: Incineroar|100/100|[from] item: Leftovers\n|upkeep\n|turn|2\n|inactive|masterdane69 has 30 seconds left.\n|\n|t:|1788429636\n|switch|p2b: Tyranitar|Tyranitar, L50, M|100/100\n|move|p1b: Floette|Protect|p1b: Floette\n|-singleturn|p1b: Floette|Protect\n|move|p2a: Gholdengo|Protect|p2a: Gholdengo\n|-singleturn|p2a: Gholdengo|Protect\n|move|p1a: Incineroar|Flare Blitz|p2a: Gholdengo\n|-activate|p2a: Gholdengo|move: Protect\n|\n|-weather|Sandstorm|[upkeep]\n|-damage|p1b: Floette|88/100|[from] Sandstorm\n|-damage|p1a: Incineroar|94/100|[from] Sandstorm\n|-heal|p1a: Incineroar|100/100|[from] item: Leftovers\n|upkeep\n|turn|3\n|\n|t:|1788429653\n|detailschange|p2b: Tyranitar|Tyranitar-Mega, L50, M\n|-mega|p2b: Tyranitar|Tyranitar|Tyranitarite\n|move|p1b: Floette|Moonblast|p2a: Gholdengo\n|-resisted|p2a: Gholdengo|1\n|-damage|p2a: Gholdengo|44/100\n|move|p2b: Tyranitar|Rock Slide|p1a: Incineroar|[spread] p1a,p1b\n|-supereffective|p1a: Incineroar|1\n|-crit|p1b: Floette\n|-damage|p1a: Incineroar|34/100\n|-damage|p1b: Floette|21/100\n|move|p2a: Gholdengo|Make It Rain|p1a: Incineroar|[spread] p1a,p1b\n|-resisted|p1a: Incineroar|1\n|-supereffective|p1b: Floette|1\n|-crit|p1b: Floette\n|-damage|p1a: Incineroar|13/100\n|-damage|p1b: Floette|0 fnt\n|-unboost|p2a: Gholdengo|spa|2\n|faint|p1b: Floette\n|-damage|p2a: Gholdengo|34/100|[from] item: Life Orb\n|move|p1a: Incineroar|Flare Blitz|p2a: Gholdengo\n|-supereffective|p2a: Gholdengo|1\n|-damage|p2a: Gholdengo|0 fnt\n|faint|p2a: Gholdengo\n|-damage|p1a: Incineroar|2/100|[from] Recoil\n|\n|-weather|Sandstorm|[upkeep]\n|-damage|p1a: Incineroar|0 fnt|[from] Sandstorm\n|faint|p1a: Incineroar\n|upkeep\n|\n|t:|1788429676\n|switch|p1b: Sinistcha|Sinistcha-Masterpiece, L50|100/100\n|switch|p2a: Excadrill|Excadrill, L50, F|92/100\n|switch|p1a: Gholdengo|Gholdengo, L50|100/100\n|turn|4\n|\n|t:|1788429689\n|move|p1a: Gholdengo|Protect|p1a: Gholdengo\n|-singleturn|p1a: Gholdengo|Protect\n|move|p2a: Excadrill|Rock Slide|p1b: Sinistcha|[spread] p1b\n|-activate|p1a: Gholdengo|move: Protect\n|-damage|p1b: Sinistcha|83/100\n|move|p2b: Tyranitar|Knock Off|p1a: Gholdengo\n|-activate|p1a: Gholdengo|move: Protect\n|move|p1b: Sinistcha|Matcha Gotcha|p2a: Excadrill|[spread] p2a,p2b\n|-supereffective|p2b: Tyranitar|1\n|-damage|p2a: Excadrill|60/100\n|-heal|p1b: Sinistcha|100/100|[from] drain|[of] p2a: Excadrill\n|-damage|p2b: Tyranitar|73/100\n|-status|p2a: Excadrill|brn\n|-status|p2b: Tyranitar|brn\n|\n|-weather|Sandstorm|[upkeep]\n|-damage|p1b: Sinistcha|93/100|[from] Sandstorm\n|-damage|p2a: Excadrill|54/100 brn|[from] brn\n|-damage|p2b: Tyranitar|68/100 brn|[from] brn\n|upkeep\n|turn|5\n|inactive|masterdane69 has 30 seconds left.\n|\n|t:|1788429714\n|move|p1b: Sinistcha|Rage Powder|p1b: Sinistcha\n|-singleturn|p1b: Sinistcha|move: Rage Powder\n|move|p2a: Excadrill|Rock Slide|p1b: Sinistcha|[spread] p1a,p1b\n|-resisted|p1a: Gholdengo|1\n|-damage|p1a: Gholdengo|95/100\n|-damage|p1b: Sinistcha|85/100\n|move|p1a: Gholdengo|Make It Rain|p2b: Tyranitar|[spread] p2a,p2b\n|-resisted|p2a: Excadrill|1\n|-supereffective|p2b: Tyranitar|1\n|-damage|p2a: Excadrill|17/100 brn\n|-damage|p2b: Tyranitar|10/100 brn\n|-unboost|p1a: Gholdengo|spa|2\n|move|p2b: Tyranitar|Knock Off|p1b: Sinistcha\n|-supereffective|p1b: Sinistcha|1\n|-damage|p1b: Sinistcha|39/100\n|-enditem|p1b: Sinistcha|Occa Berry|[from] move: Knock Off|[of] p2b: Tyranitar\n|\n|-weather|none\n|-damage|p2a: Excadrill|11/100 brn|[from] brn\n|-damage|p2b: Tyranitar|4/100 brn|[from] brn\n|upkeep\n|turn|6\n|\n|t:|1788429738\n|move|p1a: Gholdengo|Protect|p1a: Gholdengo\n|-singleturn|p1a: Gholdengo|Protect\n|move|p2a: Excadrill|High Horsepower|p1a: Gholdengo\n|-activate|p1a: Gholdengo|move: Protect\n|move|p2b: Tyranitar|Knock Off|p1b: Sinistcha\n|-supereffective|p1b: Sinistcha|1\n|-damage|p1b: Sinistcha|11/100\n|move|p1b: Sinistcha|Life Dew|p1b: Sinistcha|[spread] p1b\n|-immune|p1a: Gholdengo|[from] ability: Good as Gold\n|-heal|p1b: Sinistcha|36/100\n|\n|-damage|p2a: Excadrill|5/100 brn|[from] brn\n|-damage|p2b: Tyranitar|0 fnt|[from] brn\n|faint|p2b: Tyranitar\n|upkeep\n|\n|t:|1788429745\n|switch|p2b: Sinistcha|Sinistcha, L50|100/100\n|-heal|p2a: Excadrill|30/100 brn|[from] ability: Hospitality|[of] p2b: Sinistcha\n|turn|7\n|\n|t:|1788429762\n|move|p1b: Sinistcha|Rage Powder|p1b: Sinistcha\n|-singleturn|p1b: Sinistcha|move: Rage Powder\n|move|p2a: Excadrill|Rock Slide|p1b: Sinistcha|[spread] p1a,p1b\n|-resisted|p1a: Gholdengo|1\n|-damage|p1a: Gholdengo|89/100\n|-damage|p1b: Sinistcha|29/100\n|move|p1a: Gholdengo|Shadow Ball|p2a: Excadrill\n|-damage|p2a: Excadrill|1/100 brn\n|move|p2b: Sinistcha|Matcha Gotcha|p1a: Gholdengo|[spread] p1a,p1b\n|-resisted|p1a: Gholdengo|1\n|-resisted|p1b: Sinistcha|1\n|-damage|p1a: Gholdengo|76/100\n|-damage|p1b: Sinistcha|17/100\n|-status|p1a: Gholdengo|brn\n|\n|-damage|p2a: Excadrill|0 fnt|[from] brn\n|faint|p2a: Excadrill\n|-damage|p1a: Gholdengo|70/100 brn|[from] brn\n|upkeep\n|turn|8\n|-message|gallade agenda forfeited.\n|\n|win|masterdane69\n|raw|masterdane69's rating: 1382 &rarr; <strong>1402</strong><br />(+20 for winning)\n|raw|gallade agenda's rating: 1377 &rarr; <strong>1357</strong><br />(-20 for losing)\n|l|☆gallade agenda\n|player|p2|\n","uploadtime":1788429782,"views":"15","formatid":"gen9championsvgc2026regmb","rating":1357,"private":0,"password":null}