{"id":"gen9championsvgc2026regmb-2673974056","format":"[Gen 9 Champions] VGC 2026 Reg M-B","players":["MilkTeaWayGalaxy","ScribbleScribble"],"log":"|j|☆MilkTeaWayGalaxy\n|j|☆ScribbleScribble\n|t:|1788283648\n|gametype|doubles\n|player|p1|MilkTeaWayGalaxy|rosa-pokestar3|1685\n|player|p2|ScribbleScribble|mina-lgpe|1723\n|gen|9\n|tier|[Gen 9 Champions] VGC 2026 Reg M-B\n|rated|\n|rule|Species Clause: Limit one of each Pokémon\n|rule|Item Clause: Limit 1 of each item\n|clearpoke\n|poke|p1|Sableye, L50, F|\n|poke|p1|Archaludon, L50, F|\n|poke|p1|Pelipper, L50, F|\n|poke|p1|Maushold, L50|\n|poke|p1|Swampert, L50, F|\n|poke|p1|Sinistcha, L50|\n|poke|p2|Gholdengo, L50|\n|poke|p2|Garchomp, L50, F|\n|poke|p2|Charizard, L50, M, shiny|\n|poke|p2|Farigiraf, L50, M|\n|poke|p2|Whimsicott, L50, F, shiny|\n|poke|p2|Basculegion, L50, M, shiny|\n|teampreview|4\n|inactive|Battle timer is ON: inactive players will automatically lose when time's up. (requested by ScribbleScribble)\n|inactive|MilkTeaWayGalaxy has 60 seconds left.\n|\n|t:|1788283686\n|teamsize|p1|4\n|teamsize|p2|4\n|start\n|switch|p1a: Sableye|Sableye, L50, F|100/100\n|switch|p1b: Swampert|Swampert, L50, F|100/100\n|switch|p2a: Whimsicott|Whimsicott, L50, F, shiny|100/100\n|switch|p2b: Gholdengo|Gholdengo, L50|100/100\n|turn|1\n|\n|t:|1788283709\n|detailschange|p1b: Swampert|Swampert-Mega, L50, F\n|-mega|p1b: Swampert|Swampert|Swampertite\n|move|p1a: Sableye|Light Screen|p1a: Sableye\n|-sidestart|p1: MilkTeaWayGalaxy|move: Light Screen\n|move|p2a: Whimsicott|Moonblast|p1a: Sableye\n|-supereffective|p1a: Sableye|1\n|-damage|p1a: Sableye|40/100\n|move|p2b: Gholdengo|Nasty Plot|p2b: Gholdengo\n|-boost|p2b: Gholdengo|spa|2\n|move|p1b: Swampert|High Horsepower|p2b: Gholdengo|[miss]\n|-miss|p1b: Swampert|p2b: Gholdengo\n|\n|upkeep\n|turn|2\n|\n|t:|1788283728\n|switch|p1a: Pelipper|Pelipper, L50, F|100/100\n|-weather|RainDance|[from] ability: Drizzle|[of] p1a: Pelipper\n|move|p2a: Whimsicott|Tailwind|p2a: Whimsicott\n|-sidestart|p2: ScribbleScribble|move: Tailwind\n|move|p2b: Gholdengo|Make It Rain|p1b: Swampert|[spread] p1a,p1b\n|-resisted|p1a: Pelipper|1\n|-resisted|p1b: Swampert|1\n|-damage|p1a: Pelipper|56/100\n|-damage|p1b: Swampert|64/100\n|-unboost|p2b: Gholdengo|spa|2\n|move|p1b: Swampert|High Horsepower|p2b: Gholdengo\n|-supereffective|p2b: Gholdengo|1\n|-damage|p2b: Gholdengo|0 fnt\n|faint|p2b: Gholdengo\n|\n|-weather|RainDance|[upkeep]\n|upkeep\n|\n|t:|1788283733\n|switch|p2b: Charizard|Charizard, L50, M, shiny|100/100\n|turn|3\n|inactive|MilkTeaWayGalaxy has 30 seconds left.\n|\n|t:|1788283767\n|switch|p1a: Sableye|Sableye, L50, F|40/100\n|detailschange|p2b: Charizard|Charizard-Mega-Y, L50, M, shiny\n|-mega|p2b: Charizard|Charizard|Charizardite Y\n|-weather|SunnyDay|[from] ability: Drought|[of] p2b: Charizard\n|move|p1b: Swampert|Protect|p1b: Swampert\n|-singleturn|p1b: Swampert|Protect\n|move|p2a: Whimsicott|Moonblast|p1a: Sableye\n|-supereffective|p1a: Sableye|1\n|-damage|p1a: Sableye|0 fnt\n|faint|p1a: Sableye\n|move|p2b: Charizard|Weather Ball|p1b: Swampert\n|-activate|p1b: Swampert|move: Protect\n|\n|-weather|SunnyDay|[upkeep]\n|upkeep\n|\n|t:|1788283777\n|switch|p1a: Maushold|Maushold, L50|100/100\n|turn|4\n|inactive|ScribbleScribble has 30 seconds left.\n|inactive|ScribbleScribble has 20 seconds left.\n|inactive|ScribbleScribble has 15 seconds left.\n|\n|t:|1788283817\n|switch|p1b: Pelipper|Pelipper, L50, F|56/100\n|-weather|RainDance|[from] ability: Drizzle|[of] p1b: Pelipper\n|move|p2a: Whimsicott|Encore||[still]\n|-fail|p2a: Whimsicott\n|move|p2b: Charizard|Heat Wave|p1a: Maushold|[spread] p1b\n|-miss|p2b: Charizard|p1a: Maushold\n|-resisted|p1b: Pelipper|1\n|-damage|p1b: Pelipper|49/100\n|-enditem|p1b: Pelipper|Sitrus Berry|[eat]\n|-heal|p1b: Pelipper|73/100|[from] item: Sitrus Berry\n|move|p1a: Maushold|Population Bomb|p2a: Whimsicott\n|-damage|p2a: Whimsicott|86/100\n|-damage|p2a: Whimsicott|72/100\n|-damage|p2a: Whimsicott|59/100\n|-damage|p2a: Whimsicott|43/100\n|-damage|p2a: Whimsicott|27/100\n|-damage|p2a: Whimsicott|13/100\n|-damage|p2a: Whimsicott|0 fnt\n|faint|p2a: Whimsicott\n|-hitcount|p2: Whimsicott|7\n|\n|-weather|RainDance|[upkeep]\n|upkeep\n|\n|t:|1788283820\n|switch|p2a: Garchomp|Garchomp, L50, F|100/100\n|turn|5\n|\n|t:|1788283837\n|move|p1a: Maushold|Protect|p1a: Maushold\n|-singleturn|p1a: Maushold|Protect\n|move|p2a: Garchomp|Rock Slide|p1b: Pelipper|[spread] p1b\n|-activate|p1a: Maushold|move: Protect\n|-supereffective|p1b: Pelipper|1\n|-damage|p1b: Pelipper|17/100\n|-damage|p2a: Garchomp|90/100|[from] item: Life Orb\n|move|p2b: Charizard|Weather Ball|p1a: Maushold\n|-activate|p1a: Maushold|move: Protect\n|cant|p1b: Pelipper|flinch\n|\n|-weather|RainDance|[upkeep]\n|-sideend|p2: ScribbleScribble|move: Tailwind\n|upkeep\n|turn|6\n|\n|t:|1788283858\n|move|p2b: Charizard|Protect|p2b: Charizard\n|-singleturn|p2b: Charizard|Protect\n|move|p1a: Maushold|Population Bomb|p2b: Charizard\n|-activate|p2b: Charizard|move: Protect\n|move|p2a: Garchomp|Rock Slide|p1a: Maushold|[spread] p1a,p1b\n|-supereffective|p1b: Pelipper|1\n|-damage|p1a: Maushold|67/100\n|-damage|p1b: Pelipper|0 fnt\n|faint|p1b: Pelipper\n|-damage|p2a: Garchomp|80/100|[from] item: Life Orb\n|\n|-weather|RainDance|[upkeep]\n|upkeep\n|\n|t:|1788283861\n|switch|p1b: Swampert|Swampert-Mega, L50, F|64/100\n|turn|7\n|\n|t:|1788283869\n|move|p1b: Swampert|Ice Punch|p2a: Garchomp\n|-supereffective|p2a: Garchomp|2\n|-damage|p2a: Garchomp|0 fnt\n|-damage|p1b: Swampert|52/100|[from] ability: Rough Skin|[of] p2a: Garchomp\n|faint|p2a: Garchomp\n|move|p1a: Maushold|Population Bomb|p2b: Charizard\n|-damage|p2b: Charizard|89/100\n|-damage|p2b: Charizard|79/100\n|-damage|p2b: Charizard|70/100\n|-damage|p2b: Charizard|58/100\n|-damage|p2b: Charizard|49/100\n|-damage|p2b: Charizard|38/100\n|-damage|p2b: Charizard|28/100\n|-damage|p2b: Charizard|19/100\n|-damage|p2b: Charizard|8/100\n|-damage|p2b: Charizard|0 fnt\n|faint|p2b: Charizard\n|-hitcount|p2: Charizard|10\n|\n|win|MilkTeaWayGalaxy\n|raw|MilkTeaWayGalaxy's rating: 1685 &rarr; <strong>1708</strong><br />(+23 for winning)\n|raw|ScribbleScribble's rating: 1740 &rarr; <strong>1717</strong><br />(-23 for losing)\n","uploadtime":1788283893,"views":"29","formatid":"gen9championsvgc2026regmb","rating":1708,"private":0,"password":null}