{"id":"gen9championsvgc2026regmb-2675020635","format":"[Gen 9 Champions] VGC 2026 Reg M-B","players":["wangggggg","prof. jubokko"],"log":"|j|☆wangggggg\n|j|☆prof. jubokko\n|t:|1788449552\n|gametype|doubles\n|player|p1|wangggggg|ghetsis-gen5bw|1204\n|player|p2|prof. jubokko|cyrus|1109\n|gen|9\n|tier|[Gen 9 Champions] VGC 2026 Reg M-B\n|rated|\n|rule|Species Clause: Limit one of each Pokémon\n|rule|Item Clause: Limit 1 of each item\n|clearpoke\n|poke|p1|Kleavor, L50, F|\n|poke|p1|Staraptor, L50, F|\n|poke|p1|Whimsicott, L50, M|\n|poke|p1|Maushold, L50|\n|poke|p1|Kingambit, L50, M|\n|poke|p1|Basculegion, L50, M|\n|poke|p2|Charizard, L50, M|\n|poke|p2|Venusaur, L50, M|\n|poke|p2|Sylveon, L50, F|\n|poke|p2|Sinistcha, L50|\n|poke|p2|Goodra-Hisui, L50, M|\n|poke|p2|Maushold-Four, L50|\n|teampreview|4\n|inactive|Battle timer is ON: inactive players will automatically lose when time's up. (requested by wangggggg)\n|inactive|wangggggg has 60 seconds left.\n|inactive|wangggggg has 30 seconds left.\n|inactive|wangggggg has 20 seconds left.\n|inactive|wangggggg has 15 seconds left.\n|inactive|wangggggg has 10 seconds left.\n|inactive|wangggggg has 5 seconds left.\n|\n|t:|1788449640\n|teamsize|p1|4\n|teamsize|p2|4\n|start\n|switch|p1a: Kleavor|Kleavor, L50, F|100/100\n|switch|p1b: Maushold|Maushold, L50|100/100\n|switch|p2a: Charizard|Charizard, L50, M|100/100\n|switch|p2b: Venusaur|Venusaur, L50, M|100/100\n|turn|1\n|\n|t:|1788449663\n|detailschange|p2a: Charizard|Charizard-Mega-Y, L50, M\n|-mega|p2a: Charizard|Charizard|Charizardite Y\n|-weather|SunnyDay|[from] ability: Drought|[of] p2a: Charizard\n|move|p1b: Maushold|Follow Me|p1b: Maushold\n|-singleturn|p1b: Maushold|move: Follow Me\n|move|p2b: Venusaur|Sleep Powder|p1b: Maushold\n|-status|p1b: Maushold|slp|[from] move: Sleep Powder\n|move|p2a: Charizard|Heat Wave|p1b: Maushold|[spread] p1a,p1b\n|-crit|p1a: Kleavor\n|-enditem|p1a: Kleavor|Focus Sash\n|-damage|p1a: Kleavor|1/100\n|-damage|p1b: Maushold|8/100 slp\n|move|p1a: Kleavor|X-Scissor|p2b: Venusaur\n|-crit|p2b: Venusaur\n|-enditem|p2b: Venusaur|Focus Sash\n|-damage|p2b: Venusaur|1/100\n|\n|-weather|SunnyDay|[upkeep]\n|upkeep\n|turn|2\n|inactive|wangggggg has 30 seconds left.\n|\n|t:|1788449693\n|move|p1a: Kleavor|Protect|p1a: Kleavor\n|-singleturn|p1a: Kleavor|Protect\n|move|p2b: Venusaur|Energy Ball|p1a: Kleavor\n|-activate|p1a: Kleavor|move: Protect\n|cant|p1b: Maushold|slp\n|move|p2a: Charizard|Heat Wave|p1a: Kleavor|[spread] p1b\n|-activate|p1a: Kleavor|move: Protect\n|-damage|p1b: Maushold|0 fnt\n|faint|p1b: Maushold\n|\n|-weather|SunnyDay|[upkeep]\n|upkeep\n|\n|t:|1788449708\n|switch|p1b: Basculegion|Basculegion, L50, M|100/100\n|turn|3\n|inactive|wangggggg has 30 seconds left.\n|inactive|prof. jubokko has 30 seconds left.\n|inactive|prof. jubokko has 20 seconds left.\n|\n|t:|1788449745\n|move|p2b: Venusaur|Protect|p2b: Venusaur\n|-singleturn|p2b: Venusaur|Protect\n|move|p1b: Basculegion|Flip Turn|p2b: Venusaur\n|-activate|p2b: Venusaur|move: Protect\n|move|p2a: Charizard|Solar Beam||[still]\n|-prepare|p2a: Charizard|Solar Beam\n|-anim|p2a: Charizard|Solar Beam|p1b: Basculegion\n|-supereffective|p1b: Basculegion|1\n|-damage|p1b: Basculegion|0 fnt\n|faint|p1b: Basculegion\n|move|p1a: Kleavor|Stone Axe|p2a: Charizard\n|-supereffective|p2a: Charizard|2\n|-crit|p2a: Charizard\n|-damage|p2a: Charizard|0 fnt\n|-sidestart|p2: prof. jubokko|move: Stealth Rock\n|faint|p2a: Charizard\n|\n|-weather|SunnyDay|[upkeep]\n|upkeep\n|inactive|prof. jubokko has 30 seconds left.\n|inactive|prof. jubokko has 20 seconds left.\n|inactive|prof. jubokko has 15 seconds left.\n|inactive|prof. jubokko has 10 seconds left.\n|inactive|prof. jubokko has 5 seconds left.\n|\n|t:|1788449799\n|switch|p2a: Maushold|Maushold-Four, L50|100/100\n|switch|p1b: Staraptor|Staraptor, L50, F|100/100\n|-damage|p2a: Maushold|87/100|[from] Stealth Rock\n|-ability|p1b: Staraptor|Intimidate|boost\n|-unboost|p2a: Maushold|atk|1\n|-unboost|p2b: Venusaur|atk|1\n|turn|4\n|\n|t:|1788449829\n|detailschange|p1b: Staraptor|Staraptor-Mega, L50, F\n|-mega|p1b: Staraptor|Staraptor|Staraptite\n|move|p1b: Staraptor|Protect|p1b: Staraptor\n|-singleturn|p1b: Staraptor|Protect\n|move|p1a: Kleavor|Protect|p1a: Kleavor\n|-singleturn|p1a: Kleavor|Protect\n|move|p2b: Venusaur|Energy Ball|p1a: Kleavor\n|-activate|p1a: Kleavor|move: Protect\n|move|p2a: Maushold|Thunder Wave|p1b: Staraptor\n|-activate|p1b: Staraptor|move: Protect\n|\n|-weather|SunnyDay|[upkeep]\n|upkeep\n|turn|5\n|inactive|wangggggg has 30 seconds left.\n|\n|t:|1788449858\n|move|p2b: Venusaur|Energy Ball|p1a: Kleavor\n|-damage|p1a: Kleavor|0 fnt\n|faint|p1a: Kleavor\n|move|p2a: Maushold|Encore|p1b: Staraptor\n|-start|p1b: Staraptor|Encore\n|move|p1b: Staraptor|Protect||[still]\n|-fail|p1b: Staraptor\n|\n|-weather|none\n|upkeep\n|turn|6\n|-message|wangggggg forfeited.\n|\n|win|prof. jubokko\n|raw|wangggggg's rating: 1204 &rarr; <strong>1172</strong><br />(-32 for losing)\n|raw|prof. jubokko's rating: 1109 &rarr; <strong>1141</strong><br />(+32 for winning)\n|l|☆wangggggg\n|player|p1|\n","uploadtime":1788449869,"views":"4","formatid":"gen9championsvgc2026regmb","rating":1141,"private":0,"password":null}