{"id":"gen9championsvgc2026regmbbo3-2673469834","format":"[Gen 9 Champions] VGC 2026 Reg M-B (Bo3)","players":["mumf","SP4MT0N1997"],"log":"|j|☆mumf\n|j|☆SP4MT0N1997\n|html|<table width=\"100%\"><tr><td align=\"left\">mumf</td><td align=\"right\">SP4MT0N1997</tr><tr><td align=\"left\"><i class=\"fa fa-circle-o\"></i> <i class=\"fa fa-circle-o\"></i> </td><td align=\"right\"><i class=\"fa fa-circle-o\"></i> <i class=\"fa fa-circle-o\"></i> </tr></table>\n|uhtml|bestof|<h2><strong>Game 1</strong> of <a href=\"/game-bestof3-gen9championsvgc2026regmbbo3-2673469832\">a best-of-3</a></h2>\n|t:|1788201588\n|gametype|doubles\n|player|p1|mumf|1|1081\n|player|p2|SP4MT0N1997|unknown|1000\n|gen|9\n|tier|[Gen 9 Champions] VGC 2026 Reg M-B (Bo3)\n|rated|\n|rule|Species Clause: Limit one of each Pokémon\n|rule|Item Clause: Limit 1 of each item\n|clearpoke\n|poke|p1|Kingambit, L50, F|\n|poke|p1|Delphox, L50, M|\n|poke|p1|Blastoise, L50, M|\n|poke|p1|Sinistcha, L50|\n|poke|p1|Sneasler, L50, M|\n|poke|p1|Incineroar, L50, F|\n|poke|p2|Pidgeot, L50, F|\n|poke|p2|Torkoal, L50, F|\n|poke|p2|Venusaur, L50, M|\n|poke|p2|Garchomp, L50, M|\n|poke|p2|Aerodactyl, L50, M|\n|poke|p2|Basculegion, L50, M|\n|teampreview|4\n|showteam|p1|Kingambit||LifeOrb|Defiant|SuckerPunch,KowtowCleave,Protect,LowKick|Adamant||F|||50|]Delphox||Delphoxite|Blaze|Protect,HeatWave,Psychic,NastyPlot|Timid||M|||50|]Blastoise||Blastoisinite|RainDish|WaterSpout,DarkPulse,Protect,ShellSmash|Modest||M|||50|]Sinistcha||ColburBerry|Hospitality|MatchaGotcha,RagePowder,Protect,ShadowBall|Bold|||||50|]Sneasler||FocusSash|PoisonTouch|FakeOut,DireClaw,CloseCombat,Protect|Jolly||M|||50|]Incineroar||SitrusBerry|Intimidate|FakeOut,PartingShot,ThroatChop,Protect|Careful||F|||50|\n|showteam|p2|Pidgeot||Pidgeotite|KeenEye|HeatWave,Hurricane,Tailwind,Protect|Timid||F|||50|]Torkoal||Charcoal|Drought|HeatWave,EarthPower,SolarBeam,Protect|Modest||F|||50|]Venusaur||FocusSash|Chlorophyll|Protect,SolarBeam,SleepPowder,SludgeBomb|Modest||M|||50|]Garchomp||LifeOrb|RoughSkin|Earthquake,DragonClaw,RockSlide,Protect|Jolly||M|||50|]Aerodactyl||Aerodactylite|Unnerve|RockSlide,IceFang,Tailwind,DualWingbeat|Jolly||M|||50|]Basculegion||MysticWater|Adaptability|AquaJet,WaveCrash,LastRespects,Protect|Jolly||M|||50|\n|inactive|Battle timer is ON: inactive players will automatically lose when time's up. (requested by mumf)\n|\n|t:|1788201621\n|teamsize|p1|4\n|teamsize|p2|4\n|start\n|switch|p1a: Sneasler|Sneasler, L50, M|100/100\n|switch|p1b: Blastoise|Blastoise, L50, M|100/100\n|switch|p2a: Pidgeot|Pidgeot, L50, F|100/100\n|switch|p2b: Torkoal|Torkoal, L50, F|100/100\n|-weather|SunnyDay|[from] ability: Drought|[of] p2b: Torkoal\n|turn|1\n|\n|t:|1788201643\n|detailschange|p2a: Pidgeot|Pidgeot-Mega, L50, F\n|-mega|p2a: Pidgeot|Pidgeot|Pidgeotite\n|move|p1a: Sneasler|Fake Out|p2b: Torkoal\n|-damage|p2b: Torkoal|89/100\n|move|p2a: Pidgeot|Tailwind|p2a: Pidgeot\n|-sidestart|p2: SP4MT0N1997|move: Tailwind\n|move|p1b: Blastoise|Shell Smash|p1b: Blastoise\n|-unboost|p1b: Blastoise|def|1\n|-unboost|p1b: Blastoise|spd|1\n|-boost|p1b: Blastoise|atk|2\n|-boost|p1b: Blastoise|spa|2\n|-boost|p1b: Blastoise|spe|2\n|cant|p2b: Torkoal|flinch\n|\n|-weather|SunnyDay|[upkeep]\n|upkeep\n|turn|2\n|\n|t:|1788201659\n|detailschange|p1b: Blastoise|Blastoise-Mega, L50, M\n|-mega|p1b: Blastoise|Blastoise|Blastoisinite\n|move|p2a: Pidgeot|Hurricane|p1b: Blastoise\n|-damage|p1b: Blastoise|14/100\n|move|p1b: Blastoise|Water Spout|p2a: Pidgeot|[spread] p2a,p2b\n|-supereffective|p2b: Torkoal|1\n|-damage|p2a: Pidgeot|88/100\n|-damage|p2b: Torkoal|64/100\n|move|p1a: Sneasler|Dire Claw|p2a: Pidgeot\n|-damage|p2a: Pidgeot|32/100\n|move|p2b: Torkoal|Earth Power|p1a: Sneasler\n|-supereffective|p1a: Sneasler|1\n|-damage|p1a: Sneasler|28/100\n|\n|-weather|SunnyDay|[upkeep]\n|upkeep\n|turn|3\n|\n|t:|1788201681\n|move|p2a: Pidgeot|Hurricane|p1b: Blastoise\n|-damage|p1b: Blastoise|0 fnt\n|faint|p1b: Blastoise\n|move|p1a: Sneasler|Dire Claw|p2b: Torkoal\n|-damage|p2b: Torkoal|29/100\n|-status|p2b: Torkoal|par\n|move|p2b: Torkoal|Heat Wave|p1a: Sneasler|[miss]\n|-miss|p2b: Torkoal|p1a: Sneasler\n|\n|-weather|SunnyDay|[upkeep]\n|upkeep\n|\n|t:|1788201686\n|switch|p1b: Incineroar|Incineroar, L50, F|100/100\n|-ability|p1b: Incineroar|Intimidate|boost\n|-unboost|p2a: Pidgeot|atk|1\n|-unboost|p2b: Torkoal|atk|1\n|turn|4\n|\n|t:|1788201698\n|switch|p1a: Kingambit|Kingambit, L50, F|100/100\n|move|p2a: Pidgeot|Protect|p2a: Pidgeot\n|-singleturn|p2a: Pidgeot|Protect\n|move|p1b: Incineroar|Fake Out|p2b: Torkoal\n|-damage|p2b: Torkoal|20/100y par\n|cant|p2b: Torkoal|flinch\n|\n|-weather|SunnyDay|[upkeep]\n|-sideend|p2: SP4MT0N1997|move: Tailwind\n|upkeep\n|turn|5\n|inactive|mumf has 30 seconds left.\n|\n|t:|1788201723\n|move|p2a: Pidgeot|Tailwind|p2a: Pidgeot\n|-sidestart|p2: SP4MT0N1997|move: Tailwind\n|move|p1b: Incineroar|Throat Chop|p2a: Pidgeot\n|-damage|p2a: Pidgeot|0 fnt\n|faint|p2a: Pidgeot\n|move|p1a: Kingambit|Kowtow Cleave|p2b: Torkoal\n|-damage|p2b: Torkoal|0 fnt\n|faint|p2b: Torkoal\n|-damage|p1a: Kingambit|90/100|[from] item: Life Orb\n|\n|-weather|none\n|upkeep\n|\n|t:|1788201730\n|switch|p2a: Basculegion|Basculegion, L50, M|100/100\n|switch|p2b: Garchomp|Garchomp, L50, M|100/100\n|turn|6\n|\n|t:|1788201755\n|move|p2a: Basculegion|Protect|p2a: Basculegion\n|-singleturn|p2a: Basculegion|Protect\n|move|p1b: Incineroar|Protect|p1b: Incineroar\n|-singleturn|p1b: Incineroar|Protect\n|move|p1a: Kingambit|Sucker Punch||[still]\n|-fail|p1a: Kingambit\n|move|p2b: Garchomp|Earthquake|p1a: Kingambit|[spread] p1a\n|-activate|p2a: Basculegion|move: Protect\n|-activate|p1b: Incineroar|move: Protect\n|-supereffective|p1a: Kingambit|1\n|-damage|p1a: Kingambit|17/100\n|-damage|p2b: Garchomp|90/100|[from] item: Life Orb\n|\n|upkeep\n|turn|7\n|\n|t:|1788201773\n|switch|p1b: Sneasler|Sneasler, L50, M|28/100\n|move|p1a: Kingambit|Sucker Punch|p2a: Basculegion\n|-supereffective|p2a: Basculegion|1\n|-damage|p2a: Basculegion|0 fnt\n|faint|p2a: Basculegion\n|-damage|p1a: Kingambit|7/100|[from] item: Life Orb\n|move|p2b: Garchomp|Dragon Claw|p1a: Kingambit\n|-resisted|p1a: Kingambit|1\n|-damage|p1a: Kingambit|0 fnt\n|faint|p1a: Kingambit\n|-damage|p2b: Garchomp|80/100|[from] item: Life Orb\n|\n|upkeep\n|\n|t:|1788201782\n|switch|p1a: Incineroar|Incineroar, L50, F|100/100\n|-ability|p1a: Incineroar|Intimidate|boost\n|-unboost|p2b: Garchomp|atk|1\n|turn|8\n|\n|t:|1788201802\n|move|p2b: Garchomp|Protect|p2b: Garchomp\n|-singleturn|p2b: Garchomp|Protect\n|move|p1b: Sneasler|Fake Out|p2b: Garchomp\n|-activate|p2b: Garchomp|move: Protect\n|move|p1a: Incineroar|Parting Shot|p2b: Garchomp\n|-activate|p2b: Garchomp|move: Protect\n|\n|-sideend|p2: SP4MT0N1997|move: Tailwind\n|upkeep\n|turn|9\n|\n|t:|1788201814\n|move|p1b: Sneasler|Close Combat|p2b: Garchomp\n|-damage|p2b: Garchomp|20/100y\n|-unboost|p1b: Sneasler|def|1\n|-unboost|p1b: Sneasler|spd|1\n|-damage|p1b: Sneasler|16/100|[from] ability: Rough Skin|[of] p2b: Garchomp\n|move|p2b: Garchomp|Earthquake|p1a: Incineroar|[spread] p1a,p1b\n|-supereffective|p1a: Incineroar|1\n|-supereffective|p1b: Sneasler|1\n|-damage|p1a: Incineroar|34/100\n|-damage|p1b: Sneasler|0 fnt\n|-enditem|p1a: Incineroar|Sitrus Berry|[eat]\n|-heal|p1a: Incineroar|58/100|[from] item: Sitrus Berry\n|faint|p1b: Sneasler\n|-damage|p2b: Garchomp|10/100|[from] item: Life Orb\n|move|p1a: Incineroar|Throat Chop|p2b: Garchomp\n|-damage|p2b: Garchomp|0 fnt\n|-damage|p1a: Incineroar|46/100|[from] ability: Rough Skin|[of] p2b: Garchomp\n|faint|p2b: Garchomp\n|\n|win|mumf\n||SP4MT0N1997 is ready for game 2.\n|inactive|mumf has 30 seconds to confirm battle start!\n||mumf is ready for game 2.\n|uhtml|next|Next: <a href=\"/battle-gen9championsvgc2026regmbbo3-2673471826\"><strong>Game 2 of 3</strong></a>\n|l|☆mumf\n|player|p1|\n","uploadtime":1788202802,"views":"0","formatid":"gen9championsvgc2026regmbbo3","rating":null,"private":0,"password":null}