{"id":"gen9championsvgc2026regmb-2674297672","format":"[Gen 9 Champions] VGC 2026 Reg M-B","players":["alexismydog","jude billingham"],"log":"|j|☆alexismydog\n|j|☆jude billingham\n|t:|1788334797\n|gametype|doubles\n|player|p1|alexismydog|265|1524\n|player|p2|jude billingham|170|1438\n|gen|9\n|tier|[Gen 9 Champions] VGC 2026 Reg M-B\n|rated|\n|rule|Species Clause: Limit one of each Pokémon\n|rule|Item Clause: Limit 1 of each item\n|clearpoke\n|poke|p1|Tyranitar, L50, F|\n|poke|p1|Excadrill, L50, M|\n|poke|p1|Sinistcha, L50|\n|poke|p1|Gholdengo, L50|\n|poke|p1|Staraptor, L50, F|\n|poke|p1|Milotic, L50, M|\n|poke|p2|Charizard, L50, M|\n|poke|p2|Typhlosion-Hisui, L50, F|\n|poke|p2|Incineroar, L50, M|\n|poke|p2|Scovillain, L50, M|\n|poke|p2|Rotom-Heat, L50|\n|poke|p2|Blaziken, L50, M|\n|teampreview|4\n|inactive|Battle timer is ON: inactive players will automatically lose when time's up. (requested by jude billingham)\n|inactive|jude billingham has 60 seconds left.\n|\n|t:|1788334846\n|teamsize|p1|4\n|teamsize|p2|4\n|start\n|switch|p1a: Staraptor|Staraptor, L50, F|100/100\n|switch|p1b: Gholdengo|Gholdengo, L50|100/100\n|switch|p2a: Rotom|Rotom-Heat, L50|100/100\n|switch|p2b: Typhlosion|Typhlosion-Hisui, L50, F|100/100\n|-item|p1a: Staraptor|Staraptite|[from] ability: Frisk|[of] p2b: Typhlosion\n|-item|p1b: Gholdengo|Focus Sash|[from] ability: Frisk|[of] p2b: Typhlosion\n|-ability|p1a: Staraptor|Intimidate|boost\n|-unboost|p2a: Rotom|atk|1\n|-unboost|p2b: Typhlosion|atk|1\n|turn|1\n|inactive|alexismydog has 30 seconds left.\n|inactive|jude billingham has 30 seconds left.\n|\n|t:|1788334881\n|move|p1a: Staraptor|Protect|p1a: Staraptor\n|-singleturn|p1a: Staraptor|Protect\n|move|p2b: Typhlosion|Eruption|p1a: Staraptor|[spread] p1b\n|-activate|p1a: Staraptor|move: Protect\n|-supereffective|p1b: Gholdengo|1\n|-enditem|p1b: Gholdengo|Focus Sash\n|-damage|p1b: Gholdengo|1/100\n|move|p1b: Gholdengo|Shadow Ball|p2b: Typhlosion\n|-supereffective|p2b: Typhlosion|1\n|-crit|p2b: Typhlosion\n|-damage|p2b: Typhlosion|0 fnt\n|faint|p2b: Typhlosion\n|move|p2a: Rotom|Volt Switch|p1a: Staraptor\n|-activate|p1a: Staraptor|move: Protect\n|\n|upkeep\n|\n|t:|1788334893\n|switch|p2b: Charizard|Charizard, L50, M|100/100\n|turn|2\n|\n|t:|1788334907\n|move|p2b: Charizard|Protect|p2b: Charizard\n|-singleturn|p2b: Charizard|Protect\n|move|p1a: Staraptor|Tailwind|p1a: Staraptor\n|-sidestart|p1: alexismydog|move: Tailwind\n|move|p1b: Gholdengo|Shadow Ball|p2a: Rotom\n|-damage|p2a: Rotom|63/100\n|-unboost|p2a: Rotom|spd|1\n|move|p2a: Rotom|Volt Switch|p1b: Gholdengo\n|-damage|p1b: Gholdengo|0 fnt\n|faint|p1b: Gholdengo\n|\n|t:|1788334913\n|switch|p2a: Blaziken|Blaziken, L50, M|100/100|[from] Volt Switch\n|\n|upkeep\n|\n|t:|1788334926\n|switch|p1b: Excadrill|Excadrill, L50, M|100/100\n|turn|3\n|\n|t:|1788334940\n|switch|p2b: Rotom|Rotom-Heat, L50|63/100\n|detailschange|p1a: Staraptor|Staraptor-Mega, L50, F\n|-mega|p1a: Staraptor|Staraptor|Staraptite\n|move|p2a: Blaziken|Protect|p2a: Blaziken\n|-singleturn|p2a: Blaziken|Protect\n|move|p1a: Staraptor|Brave Bird|p2a: Blaziken\n|-activate|p2a: Blaziken|move: Protect\n|move|p1b: Excadrill|Rock Slide|p2b: Rotom|[spread] \n|-activate|p2a: Blaziken|move: Protect\n|-miss|p1b: Excadrill|p2b: Rotom\n|\n|-heal|p2b: Rotom|69/100|[from] item: Leftovers\n|-ability|p2a: Blaziken|Speed Boost|boost\n|-boost|p2a: Blaziken|spe|1\n|upkeep\n|turn|4\n|inactive|alexismydog has 30 seconds left.\n|\n|t:|1788334966\n|move|p2a: Blaziken|Protect|p2a: Blaziken\n|-singleturn|p2a: Blaziken|Protect\n|move|p1a: Staraptor|Brave Bird|p2a: Blaziken\n|-activate|p2a: Blaziken|move: Protect\n|move|p1b: Excadrill|Rock Slide|p2a: Blaziken|[spread] p2b\n|-activate|p2a: Blaziken|move: Protect\n|-supereffective|p2b: Rotom|1\n|-damage|p2b: Rotom|6/100\n|-damage|p1b: Excadrill|90/100|[from] item: Life Orb\n|move|p2b: Rotom|Will-O-Wisp|p1a: Staraptor\n|-status|p1a: Staraptor|brn\n|\n|-heal|p2b: Rotom|12/100|[from] item: Leftovers\n|-damage|p1a: Staraptor|93/100 brn|[from] brn\n|-ability|p2a: Blaziken|Speed Boost|boost\n|-boost|p2a: Blaziken|spe|1\n|upkeep\n|turn|5\n|inactive|jude billingham has 30 seconds left.\n|\n|t:|1788334997\n|switch|p1a: Tyranitar|Tyranitar, L50, F|100/100\n|-weather|Sandstorm|[from] ability: Sand Stream|[of] p1a: Tyranitar\n|move|p1b: Excadrill|High Horsepower|p2a: Blaziken\n|-supereffective|p2a: Blaziken|1\n|-damage|p2a: Blaziken|0 fnt\n|faint|p2a: Blaziken\n|-damage|p1b: Excadrill|80/100|[from] item: Life Orb\n|move|p2b: Rotom|Volt Switch|p1a: Tyranitar\n|-damage|p1a: Tyranitar|84/100\n|\n|t:|1788335004\n|switch|p2b: Charizard|Charizard, L50, M|100/100|[from] Volt Switch\n|\n|-weather|Sandstorm|[upkeep]\n|-damage|p2b: Charizard|94/100|[from] Sandstorm\n|-sideend|p1: alexismydog|move: Tailwind\n|upkeep\n|\n|t:|1788335006\n|switch|p2a: Rotom|Rotom-Heat, L50|12/100\n|turn|6\n|\n|t:|1788335018\n|switch|p1a: Staraptor|Staraptor-Mega, L50, F|93/100 brn\n|detailschange|p2b: Charizard|Charizard-Mega-Y, L50, M\n|-mega|p2b: Charizard|Charizard|Charizardite Y\n|-weather|SunnyDay|[from] ability: Drought|[of] p2b: Charizard\n|move|p2b: Charizard|Protect|p2b: Charizard\n|-singleturn|p2b: Charizard|Protect\n|move|p1b: Excadrill|Protect|p1b: Excadrill\n|-singleturn|p1b: Excadrill|Protect\n|move|p2a: Rotom|Will-O-Wisp|p1a: Staraptor\n|-fail|p1a: Staraptor|brn\n|\n|-weather|SunnyDay|[upkeep]\n|-heal|p2a: Rotom|17/100|[from] item: Leftovers\n|-damage|p1a: Staraptor|87/100 brn|[from] brn\n|upkeep\n|turn|7\n|\n|t:|1788335038\n|move|p2b: Charizard|Heat Wave|p1a: Staraptor|[spread] p1a\n|-miss|p2b: Charizard|p1b: Excadrill\n|-damage|p1a: Staraptor|13/100 brn\n|move|p1a: Staraptor|Tailwind|p1a: Staraptor\n|-sidestart|p1: alexismydog|move: Tailwind\n|move|p1b: Excadrill|Rock Slide|p2b: Charizard|[spread] p2a,p2b\n|-supereffective|p2a: Rotom|1\n|-crit|p2a: Rotom\n|-supereffective|p2b: Charizard|2\n|-damage|p2a: Rotom|0 fnt\n|-damage|p2b: Charizard|0 fnt\n|faint|p2a: Rotom\n|faint|p2b: Charizard\n|-damage|p1b: Excadrill|71/100|[from] item: Life Orb\n|\n|win|alexismydog\n|raw|alexismydog's rating: 1524 &rarr; <strong>1539</strong><br />(+15 for winning)\n|raw|jude billingham's rating: 1438 &rarr; <strong>1423</strong><br />(-15 for losing)\n","uploadtime":1788335051,"views":"1","formatid":"gen9championsvgc2026regmb","rating":1423,"private":0,"password":null}