{"id":"gen9championsvgc2026regmb-2674397814","format":"[Gen 9 Champions] VGC 2026 Reg M-B","players":["wskig","R1ply"],"log":"|j|☆wskig\n|j|☆R1ply\n|t:|1788354698\n|gametype|doubles\n|player|p1|wskig|265|1133\n|player|p2|R1ply|acetrainer-gen4dp|1161\n|gen|9\n|tier|[Gen 9 Champions] VGC 2026 Reg M-B\n|rated|\n|rule|Species Clause: Limit one of each Pokémon\n|rule|Item Clause: Limit 1 of each item\n|clearpoke\n|poke|p1|Whimsicott, L50, M, shiny|\n|poke|p1|Eelektross, L50, F, shiny|\n|poke|p1|Farigiraf, L50, M, shiny|\n|poke|p1|Camerupt, L50, M, shiny|\n|poke|p1|Incineroar, L50, M, shiny|\n|poke|p1|Tsareena, L50, F, shiny|\n|poke|p2|Raichu, L50, F|\n|poke|p2|Staraptor, L50, F|\n|poke|p2|Kingambit, L50, F|\n|poke|p2|Sylveon, L50, M|\n|poke|p2|Farigiraf, L50, M|\n|poke|p2|Arcanine-Hisui, L50, F|\n|teampreview|4\n|inactive|Battle timer is ON: inactive players will automatically lose when time's up. (requested by R1ply)\n|inactive|R1ply has 60 seconds left.\n|\n|t:|1788354750\n|teamsize|p1|4\n|teamsize|p2|4\n|start\n|switch|p1a: Whimsicott|Whimsicott, L50, M, shiny|100/100\n|switch|p1b: Incineroar|Incineroar, L50, M, shiny|100/100\n|switch|p2a: Raichu|Raichu, L50, F|100/100\n|switch|p2b: Farigiraf|Farigiraf, L50, M|100/100\n|-ability|p1b: Incineroar|Intimidate|boost\n|-unboost|p2a: Raichu|atk|1\n|-unboost|p2b: Farigiraf|atk|1\n|turn|1\n|inactive|wskig has 30 seconds left.\n|inactive|wskig has 20 seconds left.\n|\n|t:|1788354787\n|switch|p2b: Staraptor|Staraptor, L50, F|100/100\n|-ability|p2b: Staraptor|Intimidate|boost\n|-unboost|p1a: Whimsicott|atk|1\n|-unboost|p1b: Incineroar|atk|1\n|detailschange|p2a: Raichu|Raichu-Mega-Y, L50, F\n|-mega|p2a: Raichu|Raichu|Raichunite Y\n|move|p1a: Whimsicott|Tailwind|p1a: Whimsicott\n|-sidestart|p1: wskig|move: Tailwind\n|move|p2a: Raichu|Focus Blast|p1b: Incineroar\n|-supereffective|p1b: Incineroar|1\n|-damage|p1b: Incineroar|36/100\n|-enditem|p1b: Incineroar|Sitrus Berry|[eat]\n|-heal|p1b: Incineroar|61/100|[from] item: Sitrus Berry\n|move|p1b: Incineroar|Taunt|p2b: Staraptor\n|-start|p2b: Staraptor|move: Taunt\n|\n|upkeep\n|turn|2\n|\n|t:|1788354810\n|switch|p2b: Sylveon|Sylveon, L50, M|100/100\n|move|p1a: Whimsicott|Light Screen|p1a: Whimsicott\n|-sidestart|p1: wskig|move: Light Screen\n|move|p2a: Raichu|Zap Cannon|p1a: Whimsicott\n|-resisted|p1a: Whimsicott|1\n|-damage|p1a: Whimsicott|72/100\n|-status|p1a: Whimsicott|par\n|move|p1b: Incineroar|Parting Shot|p2a: Raichu\n|-unboost|p2a: Raichu|atk|1\n|-unboost|p2a: Raichu|spa|1\n|\n|t:|1788354822\n|switch|p1b: Eelektross|Eelektross, L50, F, shiny|100/100|[from] Parting Shot\n|\n|upkeep\n|turn|3\n|inactive|wskig has 30 seconds left.\n|\n|t:|1788354853\n|switch|p2a: Farigiraf|Farigiraf, L50, M|100/100\n|detailschange|p1b: Eelektross|Eelektross-Mega, L50, F, shiny\n|-mega|p1b: Eelektross|Eelektross|Eelektrossite\n|move|p1b: Eelektross|Coil|p1b: Eelektross\n|-boost|p1b: Eelektross|atk|1\n|-boost|p1b: Eelektross|def|1\n|-boost|p1b: Eelektross|accuracy|1\n|move|p1a: Whimsicott|Moonblast|p2a: Farigiraf\n|-damage|p2a: Farigiraf|75/100\n|-unboost|p2a: Farigiraf|spa|1\n|move|p2b: Sylveon|Hyper Voice|p1b: Eelektross|[spread] p1a,p1b\n|-damage|p1a: Whimsicott|30/100 par\n|-damage|p1b: Eelektross|64/100\n|\n|upkeep\n|turn|4\n|\n|t:|1788354873\n|move|p1b: Eelektross|Supercell Slam|p2a: Farigiraf\n|-damage|p2a: Farigiraf|0 fnt\n|faint|p2a: Farigiraf\n|-ability|p1b: Eelektross|Eelevate|boost\n|-boost|p1b: Eelektross|atk|1\n|move|p1a: Whimsicott|Moonblast|p2b: Sylveon\n|-damage|p2b: Sylveon|79/100\n|move|p2b: Sylveon|Hyper Beam|p1b: Eelektross|[miss]\n|-miss|p2b: Sylveon|p1b: Eelektross\n|\n|-sideend|p1: wskig|move: Tailwind\n|upkeep\n|\n|t:|1788354893\n|switch|p2a: Raichu|Raichu-Mega-Y, L50, F|100/100\n|turn|5\n|\n|t:|1788354906\n|move|p1b: Eelektross|Protect|p1b: Eelektross\n|-singleturn|p1b: Eelektross|Protect\n|move|p1a: Whimsicott|Tailwind|p1a: Whimsicott\n|-sidestart|p1: wskig|move: Tailwind\n|move|p2a: Raichu|Focus Blast|p1b: Eelektross\n|-activate|p1b: Eelektross|move: Protect\n|move|p2b: Sylveon|Hyper Voice|p1a: Whimsicott|[spread] p1a\n|-activate|p1b: Eelektross|move: Protect\n|-damage|p1a: Whimsicott|0 fnt\n|faint|p1a: Whimsicott\n|\n|upkeep\n|\n|t:|1788354923\n|switch|p1a: Incineroar|Incineroar, L50, M, shiny|61/100\n|-ability|p1a: Incineroar|Intimidate|boost\n|-unboost|p2a: Raichu|atk|1\n|-unboost|p2b: Sylveon|atk|1\n|turn|6\n|\n|t:|1788354947\n|move|p2a: Raichu|Protect|p2a: Raichu\n|-singleturn|p2a: Raichu|Protect\n|move|p1a: Incineroar|Fake Out|p2a: Raichu\n|-activate|p2a: Raichu|move: Protect\n|move|p1b: Eelektross|Supercell Slam|p2b: Sylveon\n|-damage|p2b: Sylveon|0 fnt\n|faint|p2b: Sylveon\n|-ability|p1b: Eelektross|Eelevate|boost\n|-boost|p1b: Eelektross|atk|1\n|\n|upkeep\n|\n|t:|1788354957\n|switch|p2b: Staraptor|Staraptor, L50, F|100/100\n|-ability|p2b: Staraptor|Intimidate|boost\n|-unboost|p1a: Incineroar|atk|1\n|-unboost|p1b: Eelektross|atk|1\n|turn|7\n|\n|t:|1788354975\n|move|p2b: Staraptor|Protect|p2b: Staraptor\n|-singleturn|p2b: Staraptor|Protect\n|move|p1b: Eelektross|Supercell Slam|p2b: Staraptor\n|-activate|p2b: Staraptor|move: Protect\n|-damage|p1b: Eelektross|14/100|[from] supercellslam\n|move|p2a: Raichu|Focus Blast|p1b: Eelektross\n|-damage|p1b: Eelektross|0 fnt\n|faint|p1b: Eelektross\n|move|p1a: Incineroar|Taunt|p2a: Raichu\n|-start|p2a: Raichu|move: Taunt\n|\n|upkeep\n|\n|t:|1788354984\n|switch|p1b: Tsareena|Tsareena, L50, F, shiny|100/100\n|turn|8\n|\n|t:|1788354999\n|move|p1b: Tsareena|Triple Axel|p2b: Staraptor\n|-supereffective|p2b: Staraptor|1\n|-damage|p2b: Staraptor|79/100\n|-supereffective|p2b: Staraptor|1\n|-damage|p2b: Staraptor|44/100\n|-supereffective|p2b: Staraptor|1\n|-damage|p2b: Staraptor|0 fnt\n|faint|p2b: Staraptor\n|-hitcount|p2: Staraptor|3\n|move|p2a: Raichu|Focus Blast|p1a: Incineroar\n|-supereffective|p1a: Incineroar|1\n|-damage|p1a: Incineroar|17/100\n|move|p1a: Incineroar|Flare Blitz|p2a: Raichu\n|-damage|p2a: Raichu|42/100\n|-damage|p1a: Incineroar|1/100|[from] Recoil\n|\n|-sideend|p1: wskig|move: Tailwind\n|upkeep\n|turn|9\n|\n|t:|1788355018\n|move|p2a: Raichu|Focus Blast|p1a: Incineroar\n|-supereffective|p1a: Incineroar|1\n|-damage|p1a: Incineroar|0 fnt\n|faint|p1a: Incineroar\n|move|p1b: Tsareena|Trop Kick|p2a: Raichu\n|-crit|p2a: Raichu\n|-damage|p2a: Raichu|0 fnt\n|faint|p2a: Raichu\n|\n|win|wskig\n|raw|wskig's rating: 1133 &rarr; <strong>1160</strong><br />(+27 for winning)\n|raw|R1ply's rating: 1161 &rarr; <strong>1134</strong><br />(-27 for losing)\n|c|☆wskig|gg\n|c|☆R1ply|gg\n","uploadtime":1788355033,"views":"1","formatid":"gen9championsvgc2026regmb","rating":1134,"private":0,"password":null}