{"id":"gen9championsvgc2026regmb-2674181893","format":"[Gen 9 Champions] VGC 2026 Reg M-B","players":["WakumaMatata","Chef204"],"log":"|j|☆WakumaMatata\n|j|☆Chef204\n|t:|1788311493\n|gametype|doubles\n|player|p1|WakumaMatata|cyrus|1107\n|player|p2|Chef204|266|1209\n|gen|9\n|tier|[Gen 9 Champions] VGC 2026 Reg M-B\n|rated|\n|rule|Species Clause: Limit one of each Pokémon\n|rule|Item Clause: Limit 1 of each item\n|clearpoke\n|poke|p1|Trevenant, L50, M, shiny|\n|poke|p1|Torkoal, L50, F|\n|poke|p1|Pelipper, L50, M|\n|poke|p1|Blaziken, L50, F|\n|poke|p1|Heliolisk, L50, F|\n|poke|p1|Pinsir, L50, M|\n|poke|p2|Dragonite, L50, F, shiny|\n|poke|p2|Alcremie-Rainbow-Swirl, L50, F|\n|poke|p2|Incineroar, L50, M|\n|poke|p2|Slowking, L50, M|\n|poke|p2|Sinistcha, L50|\n|poke|p2|Scizor, L50, M, shiny|\n|teampreview|4\n|inactive|Battle timer is ON: inactive players will automatically lose when time's up. (requested by Chef204)\n|inactive|Chef204 has 60 seconds left.\n|inactive|Chef204 has 30 seconds left.\n|\n|t:|1788311561\n|teamsize|p1|4\n|teamsize|p2|4\n|start\n|switch|p1a: Trevenant|Trevenant, L50, M, shiny|100/100\n|switch|p1b: Pelipper|Pelipper, L50, M|100/100\n|switch|p2a: Scizor|Scizor, L50, M, shiny|100/100\n|switch|p2b: Alcremie|Alcremie-Rainbow-Swirl, L50, F|100/100\n|-weather|RainDance|[from] ability: Drizzle|[of] p1b: Pelipper\n|turn|1\n|\n|t:|1788311583\n|detailschange|p2a: Scizor|Scizor-Mega, L50, M, shiny\n|-mega|p2a: Scizor|Scizor|Scizorite\n|move|p1b: Pelipper|Protect|p1b: Pelipper\n|-singleturn|p1b: Pelipper|Protect\n|move|p2b: Alcremie|Decorate|p2a: Scizor\n|-boost|p2a: Scizor|atk|2\n|-boost|p2a: Scizor|spa|2\n|move|p2a: Scizor|Swords Dance|p2a: Scizor\n|-boost|p2a: Scizor|atk|2\n|move|p1a: Trevenant|Trick Room|p1a: Trevenant\n|-fieldstart|move: Trick Room|[of] p1a: Trevenant\n|\n|-weather|RainDance|[upkeep]\n|upkeep\n|turn|2\n|\n|t:|1788311604\n|move|p2a: Scizor|Protect|p2a: Scizor\n|-singleturn|p2a: Scizor|Protect\n|move|p1a: Trevenant|Forest's Curse|p2a: Scizor\n|-activate|p2a: Scizor|move: Protect\n|move|p1b: Pelipper|Hurricane|p2a: Scizor\n|-activate|p2a: Scizor|move: Protect\n|move|p2b: Alcremie|Decorate|p2a: Scizor\n|-boost|p2a: Scizor|atk|2\n|-boost|p2a: Scizor|spa|2\n|\n|-weather|RainDance|[upkeep]\n|upkeep\n|turn|3\n|\n|t:|1788311620\n|switch|p2b: Slowking|Slowking, L50, M|100/100\n|move|p2a: Scizor|Bullet Punch|p1b: Pelipper\n|-resisted|p1b: Pelipper|1\n|-crit|p1b: Pelipper\n|-damage|p1b: Pelipper|7/100\n|move|p1a: Trevenant|Forest's Curse|p2a: Scizor\n|-start|p2a: Scizor|typeadd|Grass|[from] move: Forest's Curse\n|move|p1b: Pelipper|Hurricane|p2a: Scizor\n|-supereffective|p2a: Scizor|1\n|-damage|p2a: Scizor|23/100\n|-start|p2a: Scizor|confusion\n|\n|-weather|RainDance|[upkeep]\n|upkeep\n|turn|4\n|\n|t:|1788311642\n|move|p1b: Pelipper|Protect|p1b: Pelipper\n|-singleturn|p1b: Pelipper|Protect\n|-activate|p2a: Scizor|confusion\n|move|p2a: Scizor|Bullet Punch|p1b: Pelipper\n|-activate|p1b: Pelipper|move: Protect\n|move|p2b: Slowking|Muddy Water|p1a: Trevenant|[spread] p1a\n|-activate|p1b: Pelipper|move: Protect\n|-resisted|p1a: Trevenant|1\n|-damage|p1a: Trevenant|86/100\n|move|p1a: Trevenant|Horn Leech|p2b: Slowking\n|-supereffective|p2b: Slowking|1\n|-crit|p2b: Slowking\n|-damage|p2b: Slowking|28/100\n|-heal|p1a: Trevenant|100/100|[from] drain|[of] p2b: Slowking\n|\n|-weather|RainDance|[upkeep]\n|upkeep\n|turn|5\n|\n|t:|1788311660\n|-activate|p2a: Scizor|confusion\n|move|p2a: Scizor|Protect|p2a: Scizor\n|-singleturn|p2a: Scizor|Protect\n|move|p2b: Slowking|Muddy Water|p1a: Trevenant|[spread] p1a,p1b\n|-resisted|p1a: Trevenant|1\n|-resisted|p1b: Pelipper|1\n|-damage|p1a: Trevenant|87/100\n|-damage|p1b: Pelipper|0 fnt\n|faint|p1b: Pelipper\n|move|p1a: Trevenant|Horn Leech|p2b: Slowking\n|-supereffective|p2b: Slowking|1\n|-damage|p2b: Slowking|0 fnt\n|-heal|p1a: Trevenant|100/100|[from] drain|[of] p2b: Slowking\n|faint|p2b: Slowking\n|\n|-weather|RainDance|[upkeep]\n|-fieldend|move: Trick Room\n|upkeep\n|\n|t:|1788311673\n|switch|p1b: Pinsir|Pinsir, L50, M|100/100\n|switch|p2b: Sinistcha|Sinistcha, L50|100/100\n|-heal|p2a: Scizor|48/100|[from] ability: Hospitality|[of] p2b: Sinistcha\n|turn|6\n|inactive|WakumaMatata has 30 seconds left.\n|inactive|WakumaMatata has 20 seconds left.\n|inactive|WakumaMatata has 15 seconds left.\n|\n|t:|1788311713\n|detailschange|p1b: Pinsir|Pinsir-Mega, L50, M\n|-mega|p1b: Pinsir|Pinsir|Pinsirite\n|move|p1b: Pinsir|Quick Attack|p2a: Scizor\n|-supereffective|p2a: Scizor|1\n|-damage|p2a: Scizor|2/100\n|-end|p2a: Scizor|confusion\n|move|p2a: Scizor|Bullet Punch|p1b: Pinsir\n|-damage|p1b: Pinsir|0 fnt\n|faint|p1b: Pinsir\n|move|p2b: Sinistcha|Matcha Gotcha|p1a: Trevenant\n|-resisted|p1a: Trevenant|1\n|-damage|p1a: Trevenant|89/100\n|move|p1a: Trevenant|Skill Swap|p2b: Sinistcha\n|-activate|p1a: Trevenant|Skill Swap|Hospitality|Harvest|[of] p2b: Sinistcha\n|\n|-weather|RainDance|[upkeep]\n|upkeep\n|\n|t:|1788311724\n|switch|p1b: Heliolisk|Heliolisk, L50, F|100/100\n|turn|7\n|\n|t:|1788311747\n|switch|p2b: Alcremie|Alcremie-Rainbow-Swirl, L50, F|100/100\n|move|p1b: Heliolisk|Protect|p1b: Heliolisk\n|-singleturn|p1b: Heliolisk|Protect\n|move|p2a: Scizor|Protect|p2a: Scizor\n|-singleturn|p2a: Scizor|Protect\n|move|p1a: Trevenant|Horn Leech|p2a: Scizor\n|-activate|p2a: Scizor|move: Protect\n|\n|-weather|RainDance|[upkeep]\n|upkeep\n|turn|8\n|\n|t:|1788311765\n|switch|p2b: Sinistcha|Sinistcha, L50|100/100\n|-heal|p2a: Scizor|27/100|[from] ability: Hospitality|[of] p2b: Sinistcha\n|move|p1b: Heliolisk|Protect|p1b: Heliolisk\n|-singleturn|p1b: Heliolisk|Protect\n|move|p2a: Scizor|Bullet Punch|p1a: Trevenant\n|-damage|p1a: Trevenant|0 fnt\n|faint|p1a: Trevenant\n|\n|-weather|none\n|upkeep\n|turn|9\n|-message|WakumaMatata forfeited.\n|\n|win|Chef204\n|raw|WakumaMatata's rating: 1107 &rarr; <strong>1089</strong><br />(-18 for losing)\n|raw|Chef204's rating: 1209 &rarr; <strong>1227</strong><br />(+18 for winning)\n|l|☆WakumaMatata\n|player|p1|\n","uploadtime":1788311777,"views":"10","formatid":"gen9championsvgc2026regmb","rating":1089,"private":0,"password":null}