{"id":"gen9championsvgc2026regmb-2673889672","format":"[Gen 9 Champions] VGC 2026 Reg M-B","players":["Orizor","NeitherSkink945"],"log":"|j|☆Orizor\n|j|☆NeitherSkink945\n|t:|1788273521\n|gametype|doubles\n|player|p1|Orizor|hilbert-wonderlauncher|1395\n|player|p2|NeitherSkink945|norman|1497\n|gen|9\n|tier|[Gen 9 Champions] VGC 2026 Reg M-B\n|rated|\n|rule|Species Clause: Limit one of each Pokémon\n|rule|Item Clause: Limit 1 of each item\n|clearpoke\n|poke|p1|Charizard, L50, F|\n|poke|p1|Heliolisk, L50, M|\n|poke|p1|Garchomp, L50, F|\n|poke|p1|Kingambit, L50, F|\n|poke|p1|Basculegion, L50, M|\n|poke|p1|Whimsicott, L50, F|\n|poke|p2|Froslass, L50, F|\n|poke|p2|Scovillain, L50, M|\n|poke|p2|Lycanroc-Dusk, L50, M|\n|poke|p2|Sneasler, L50, F|\n|poke|p2|Basculegion, L50, M|\n|poke|p2|Kingambit, L50, M|\n|teampreview|4\n|inactive|Battle timer is ON: inactive players will automatically lose when time's up. (requested by NeitherSkink945)\n|\n|t:|1788273556\n|teamsize|p1|4\n|teamsize|p2|4\n|start\n|switch|p1a: Basculegion|Basculegion, L50, M|100/100\n|switch|p1b: Whimsicott|Whimsicott, L50, F|100/100\n|switch|p2a: Froslass|Froslass, L50, F|100/100\n|switch|p2b: Lycanroc|Lycanroc-Dusk, L50, M|100/100\n|turn|1\n|\n|t:|1788273571\n|detailschange|p2a: Froslass|Froslass-Mega, L50, F\n|-mega|p2a: Froslass|Froslass|Froslassite\n|-weather|Snowscape|[from] ability: Snow Warning|[of] p2a: Froslass\n|move|p1b: Whimsicott|Tailwind|p1b: Whimsicott\n|-sidestart|p1: Orizor|move: Tailwind\n|move|p2b: Lycanroc|Accelerock|p1a: Basculegion\n|-damage|p1a: Basculegion|64/100\n|move|p1a: Basculegion|Wave Crash|p2a: Froslass\n|-damage|p2a: Froslass|5/100\n|-damage|p1a: Basculegion|37/100|[from] Recoil\n|move|p2a: Froslass|Shadow Ball|p1a: Basculegion\n|-supereffective|p1a: Basculegion|1\n|-damage|p1a: Basculegion|0 fnt\n|faint|p1a: Basculegion\n|\n|-weather|Snowscape|[upkeep]\n|upkeep\n|\n|t:|1788273589\n|switch|p1a: Kingambit|Kingambit, L50, F|100/100\n|turn|2\n|\n|t:|1788273601\n|move|p2a: Froslass|Protect|p2a: Froslass\n|-singleturn|p2a: Froslass|Protect\n|move|p1b: Whimsicott|Moonblast|p2b: Lycanroc\n|-damage|p2b: Lycanroc|42/100\n|move|p2b: Lycanroc|Close Combat|p1a: Kingambit\n|-supereffective|p1a: Kingambit|2\n|-enditem|p1a: Kingambit|Chople Berry|[eat]\n|-enditem|p1a: Kingambit|Chople Berry|[weaken]\n|-damage|p1a: Kingambit|15/100\n|-unboost|p2b: Lycanroc|def|1\n|-unboost|p2b: Lycanroc|spd|1\n|move|p1a: Kingambit|Iron Head|p2b: Lycanroc\n|-supereffective|p2b: Lycanroc|1\n|-damage|p2b: Lycanroc|0 fnt\n|faint|p2b: Lycanroc\n|\n|-weather|Snowscape|[upkeep]\n|upkeep\n|\n|t:|1788273614\n|switch|p2b: Sneasler|Sneasler, L50, F|100/100\n|turn|3\n|\n|t:|1788273631\n|switch|p2a: Kingambit|Kingambit, L50, M|100/100\n|move|p1b: Whimsicott|Encore|p2a: Kingambit\n|-hint|Since gen 7, Dark is immune to Prankster moves.\n|-immune|p2a: Kingambit\n|move|p1a: Kingambit|Sucker Punch||[still]\n|-fail|p1a: Kingambit\n|move|p2b: Sneasler|Dire Claw|p1b: Whimsicott\n|-supereffective|p1b: Whimsicott|2\n|-enditem|p1b: Whimsicott|Focus Sash\n|-damage|p1b: Whimsicott|1/100\n|\n|-weather|Snowscape|[upkeep]\n|upkeep\n|turn|4\n|\n|t:|1788273649\n|move|p1b: Whimsicott|Encore|p2b: Sneasler\n|-start|p2b: Sneasler|Encore\n|move|p2b: Sneasler|Dire Claw|p1b: Whimsicott\n|-supereffective|p1b: Whimsicott|2\n|-damage|p1b: Whimsicott|0 fnt\n|faint|p1b: Whimsicott\n|move|p1a: Kingambit|Low Kick|p2a: Kingambit\n|-supereffective|p2a: Kingambit|2\n|-damage|p2a: Kingambit|0 fnt\n|faint|p2a: Kingambit\n|\n|-weather|Snowscape|[upkeep]\n|-sideend|p1: Orizor|move: Tailwind\n|upkeep\n|\n|t:|1788273657\n|switch|p1b: Charizard|Charizard, L50, F|100/100\n|switch|p2a: Froslass|Froslass-Mega, L50, F|5/100\n|turn|5\n|\n|t:|1788273670\n|detailschange|p1b: Charizard|Charizard-Mega-Y, L50, F\n|-mega|p1b: Charizard|Charizard|Charizardite Y\n|-weather|SunnyDay|[from] ability: Drought|[of] p1b: Charizard\n|move|p1a: Kingambit|Sucker Punch||[still]\n|-fail|p1a: Kingambit\n|move|p2a: Froslass|Aurora Veil||[still]\n|-fail|p2a: Froslass\n|move|p2b: Sneasler|Dire Claw|p1b: Charizard\n|-damage|p1b: Charizard|52/100\n|move|p1b: Charizard|Heat Wave|p2b: Sneasler|[spread] p2a,p2b\n|-supereffective|p2a: Froslass|1\n|-damage|p2a: Froslass|0 fnt\n|-damage|p2b: Sneasler|21/100\n|faint|p2a: Froslass\n|\n|-weather|SunnyDay|[upkeep]\n|upkeep\n|turn|6\n|-message|NeitherSkink945 forfeited.\n|\n|win|Orizor\n|raw|Orizor's rating: 1395 &rarr; <strong>1421</strong><br />(+26 for winning)\n|raw|NeitherSkink945's rating: 1497 &rarr; <strong>1471</strong><br />(-26 for losing)\n|l|☆NeitherSkink945\n|player|p2|\n","uploadtime":1788273682,"views":"0","formatid":"gen9championsvgc2026regmb","rating":1421,"private":0,"password":null}