{"id":"gen9championsvgc2026regmb-2674131242","format":"[Gen 9 Champions] VGC 2026 Reg M-B","players":["PreMaturely","Uchiha_Gary"],"log":"|j|☆PreMaturely\n|j|☆Uchiha_Gary\n|html|<table width=\"100%\"><tr><td align=\"left\">PreMaturely</td><td align=\"right\">Uchiha_Gary</tr><tr><td align=\"left\"><i class=\"fa fa-circle-o\"></i> <i class=\"fa fa-circle-o\"></i> </td><td align=\"right\"><i class=\"fa fa-circle-o\"></i> <i class=\"fa fa-circle-o\"></i> </tr></table>\n|uhtml|bestof|<h2><strong>Game 1</strong> of <a href=\"/game-bestof3-gen9championsvgc2026regmb-2674131241\">a best-of-3</a></h2>\n|t:|1788303705\n|gametype|doubles\n|player|p1|PreMaturely|266|\n|player|p2|Uchiha_Gary|blue|\n|gen|9\n|tier|[Gen 9 Champions] VGC 2026 Reg M-B\n|rule|Species Clause: Limit one of each Pokémon\n|rule|Item Clause: Limit 1 of each item\n|raw|<div class=\"infobox\"><details class=\"readmore\" open><summary><strong>1 custom rule:</strong></summary> Best of = 3</details></div>\n|clearpoke\n|poke|p1|Archaludon, L50, F|\n|poke|p1|Sableye, L50, F|\n|poke|p1|Swampert, L50, M|\n|poke|p1|Wyrdeer, L50, M|\n|poke|p1|Pelipper, L50, F|\n|poke|p1|Tsareena, L50, F|\n|poke|p2|Dragonite, L50, M|\n|poke|p2|Liepard, L50, F|\n|poke|p2|Basculegion, L50, M|\n|poke|p2|Lopunny, L50, F|\n|poke|p2|Vivillon, L50, M|\n|poke|p2|Politoed, L50, F|\n|teampreview|4\nPreMaturely rejected open team sheets.\n|c|☆PreMaturely|Glhf\n|c|☆Uchiha_Gary|u2\n|c|☆Uchiha_Gary|i'll send link\n|c|☆PreMaturely|Kk\n|\n|t:|1788303818\n|teamsize|p1|4\n|teamsize|p2|4\n|start\n|switch|p1a: Archaludon|Archaludon, L50, F|100/100\n|switch|p1b: Sableye|Sableye, L50, F|100/100\n|switch|p2a: Lopunny|Lopunny, L50, F|100/100\n|switch|p2b: Vivillon|Vivillon, L50, M|100/100\n|turn|1\n|\n|t:|1788303837\n|detailschange|p2a: Lopunny|Lopunny-Mega, L50, F\n|-mega|p2a: Lopunny|Lopunny|Lopunnite\n|move|p2a: Lopunny|Fake Out|p1b: Sableye\n|-damage|p1b: Sableye|78/100\n|cant|p1b: Sableye|flinch\n|move|p2b: Vivillon|Sleep Powder|p1a: Archaludon\n|-status|p1a: Archaludon|slp|[from] move: Sleep Powder\n|cant|p1a: Archaludon|slp\n|\n|upkeep\n|turn|2\n|\n|t:|1788303868\n|move|p1b: Sableye|Reflect|p1b: Sableye\n|-sidestart|p1: PreMaturely|Reflect\n|move|p2a: Lopunny|Close Combat|p1b: Sableye\n|-supereffective|p1b: Sableye|1\n|-damage|p1b: Sableye|0 fnt\n|-unboost|p2a: Lopunny|def|1\n|-unboost|p2a: Lopunny|spd|1\n|faint|p1b: Sableye\n|move|p2b: Vivillon|Sleep Powder|p1a: Archaludon\n|-fail|p1a: Archaludon|slp\n|cant|p1a: Archaludon|slp\n|\n|upkeep\n|\n|t:|1788303881\n|switch|p1b: Pelipper|Pelipper, L50, F|100/100\n|-weather|RainDance|[from] ability: Drizzle|[of] p1b: Pelipper\n|turn|3\n|\n|t:|1788303904\n|move|p2a: Lopunny|Close Combat|p1a: Archaludon\n|-supereffective|p1a: Archaludon|1\n|-damage|p1a: Archaludon|22/100 slp\n|-unboost|p2a: Lopunny|def|1\n|-unboost|p2a: Lopunny|spd|1\n|-ability|p1a: Archaludon|Stamina|boost\n|-boost|p1a: Archaludon|def|1\n|move|p2b: Vivillon|Sleep Powder|p1b: Pelipper\n|-status|p1b: Pelipper|slp|[from] move: Sleep Powder\n|-curestatus|p1a: Archaludon|slp|[msg]\n|move|p1a: Archaludon|Electro Shot||[still]\n|-prepare|p1a: Archaludon|Electro Shot\n|-boost|p1a: Archaludon|spa|1\n|-anim|p1a: Archaludon|Electro Shot|p2a: Lopunny\n|-damage|p2a: Lopunny|0 fnt\n|faint|p2a: Lopunny\n|cant|p1b: Pelipper|slp\n|\n|-weather|RainDance|[upkeep]\n|-heal|p1a: Archaludon|28/100|[from] item: Leftovers\n|upkeep\n|\n|t:|1788303922\n|switch|p2a: Basculegion|Basculegion, L50, M|100/100\n|turn|4\n|\n|t:|1788303942\n|switch|p1b: Swampert|Swampert, L50, M|100/100\n|move|p2a: Basculegion|Last Respects|p1a: Archaludon\n|-damage|p1a: Archaludon|2/100\n|-ability|p1a: Archaludon|Stamina|boost\n|-boost|p1a: Archaludon|def|1\n|-damage|p2a: Basculegion|90/100|[from] item: Life Orb\n|move|p2b: Vivillon|Tailwind|p2b: Vivillon\n|-sidestart|p2: Uchiha_Gary|move: Tailwind\n|move|p1a: Archaludon|Electro Shot||[still]\n|-prepare|p1a: Archaludon|Electro Shot\n|-boost|p1a: Archaludon|spa|1\n|-anim|p1a: Archaludon|Electro Shot|p2a: Basculegion\n|-supereffective|p2a: Basculegion|1\n|-damage|p2a: Basculegion|0 fnt\n|faint|p2a: Basculegion\n|\n|-weather|RainDance|[upkeep]\n|-heal|p1a: Archaludon|8/100|[from] item: Leftovers\n|upkeep\n|\n|t:|1788303959\n|switch|p2a: Politoed|Politoed, L50, F|100/100\n|turn|5\n|\n|t:|1788303974\n|detailschange|p1b: Swampert|Swampert-Mega, L50, M\n|-mega|p1b: Swampert|Swampert|Swampertite\n|move|p2b: Vivillon|Sleep Powder|p1b: Swampert\n|-status|p1b: Swampert|slp|[from] move: Sleep Powder\n|cant|p1b: Swampert|slp\n|move|p2a: Politoed|Earth Power|p1a: Archaludon\n|-supereffective|p1a: Archaludon|1\n|-damage|p1a: Archaludon|0 fnt\n|faint|p1a: Archaludon\n|\n|-weather|RainDance|[upkeep]\n|upkeep\n|\n|t:|1788303983\n|switch|p1a: Pelipper|Pelipper, L50, F|100/100 slp\n|turn|6\n|\n|t:|1788303996\n|move|p2b: Vivillon|Pollen Puff|p1b: Swampert\n|-damage|p1b: Swampert|76/100 slp\n|cant|p1b: Swampert|slp\n|move|p2a: Politoed|Weather Ball|p1b: Swampert\n|-damage|p1b: Swampert|22/100 slp\n|-curestatus|p1a: Pelipper|slp|[msg]\n|move|p1a: Pelipper|Tailwind|p1a: Pelipper\n|-sidestart|p1: PreMaturely|move: Tailwind\n|\n|-weather|RainDance|[upkeep]\n|upkeep\n|turn|7\n|\n|t:|1788304022\n|-curestatus|p1b: Swampert|slp|[msg]\n|move|p1b: Swampert|Protect|p1b: Swampert\n|-singleturn|p1b: Swampert|Protect\n|move|p1a: Pelipper|Protect|p1a: Pelipper\n|-singleturn|p1a: Pelipper|Protect\n|move|p2b: Vivillon|Sleep Powder|p1a: Pelipper\n|-activate|p1a: Pelipper|move: Protect\n|move|p2a: Politoed|Weather Ball|p1b: Swampert\n|-activate|p1b: Swampert|move: Protect\n|\n|-weather|none\n|-sideend|p2: Uchiha_Gary|move: Tailwind\n|upkeep\n|turn|8\n|\n|t:|1788304044\n|move|p2a: Politoed|Protect|p2a: Politoed\n|-singleturn|p2a: Politoed|Protect\n|move|p1a: Pelipper|Weather Ball|p2b: Vivillon\n|-damage|p2b: Vivillon|73/100\n|move|p1b: Swampert|Ice Punch|p2b: Vivillon\n|-supereffective|p2b: Vivillon|1\n|-damage|p2b: Vivillon|0 fnt\n|faint|p2b: Vivillon\n|\n|upkeep\n|turn|9\n|\n|t:|1788304057\n|move|p1a: Pelipper|Hurricane|p2a: Politoed\n|-damage|p2a: Politoed|55/100\n|move|p1b: Swampert|High Horsepower|p2a: Politoed\n|-damage|p2a: Politoed|0 fnt\n|faint|p2a: Politoed\n|\n|win|PreMaturely\n|c|☆PreMaturely|Gg\n|c|☆Uchiha_Gary|gg\n||PreMaturely is ready for game 2.\n|inactive|Uchiha_Gary has 30 seconds to confirm battle start!\n|inactive|Uchiha_Gary has 20 seconds to confirm battle start!\n|c|☆PreMaturely|G2\n||Uchiha_Gary is ready for game 2.\n|uhtml|next|Next: <a href=\"/battle-gen9championsvgc2026regmb-2674133703\"><strong>Game 2 of 3</strong></a>\n|j| lokithered\n|l| lokithered\n","uploadtime":1788304068,"views":"14","formatid":"gen9championsvgc2026regmb","rating":null,"private":0,"password":null}