{"id":"gen9championsvgc2026regmb-2674774362","format":"[Gen 9 Champions] VGC 2026 Reg M-B","players":["LucarioSolosYou2","darkrai_mtr"],"log":"|j|☆LucarioSolosYou2\n|j|☆darkrai_mtr\n|t:|1788404228\n|gametype|doubles\n|player|p1|LucarioSolosYou2|102|\n|player|p2|darkrai_mtr|shauntal|\n|gen|9\n|tier|[Gen 9 Champions] VGC 2026 Reg M-B\n|rule|Species Clause: Limit one of each Pokémon\n|rule|Item Clause: Limit 1 of each item\n|clearpoke\n|poke|p1|Gengar, L50, F|\n|poke|p1|Clefable, L50, M|\n|poke|p1|Incineroar, L50, F|\n|poke|p1|Whimsicott, L50, F|\n|poke|p1|Kingambit, L50, F|\n|poke|p1|Farigiraf, L50, F|\n|poke|p2|Gholdengo, L50|\n|poke|p2|Sylveon, L50, F, shiny|\n|poke|p2|Infernape, L50, M|\n|poke|p2|Sharpedo, L50, M, shiny|\n|poke|p2|Tsareena, L50, F|\n|poke|p2|Farigiraf, L50, F, shiny|\n|teampreview|4\n|\n|t:|1788404243\n|teamsize|p1|4\n|teamsize|p2|4\n|start\n|switch|p1a: Gengar|Gengar, L50, F|100/100\n|switch|p1b: Incineroar|Incineroar, L50, F|100/100\n|switch|p2a: Lenny|Sharpedo, L50, M, shiny|100/100\n|switch|p2b: ThiccBaddie|Tsareena, L50, F|100/100\n|-ability|p1b: Incineroar|Intimidate|boost\n|-unboost|p2a: Lenny|atk|1\n|-unboost|p2b: ThiccBaddie|atk|1\n|turn|1\n|\n|t:|1788404296\n|detailschange|p1a: Gengar|Gengar-Mega, L50, F\n|-mega|p1a: Gengar|Gengar|Gengarite\n|move|p1a: Gengar|Taunt|p2b: ThiccBaddie\n|-start|p2b: ThiccBaddie|move: Taunt\n|move|p2a: Lenny|Crunch|p1a: Gengar\n|-supereffective|p1a: Gengar|1\n|-damage|p1a: Gengar|2/100\n|cant|p2b: ThiccBaddie|move: Taunt|Taunt\n|move|p1b: Incineroar|Parting Shot|p2a: Lenny\n|-unboost|p2a: Lenny|atk|1\n|-unboost|p2a: Lenny|spa|1\n|\n|t:|1788404305\n|switch|p1b: Clefable|Clefable, L50, M|100/100|[from] Parting Shot\n|\n|-ability|p2a: Lenny|Speed Boost|boost\n|-boost|p2a: Lenny|spe|1\n|upkeep\n|turn|2\n|\n|t:|1788404318\n|move|p2a: Lenny|Protect|p2a: Lenny\n|-singleturn|p2a: Lenny|Protect\n|move|p1b: Clefable|Follow Me|p1b: Clefable\n|-singleturn|p1b: Clefable|move: Follow Me\n|move|p1a: Gengar|Perish Song|p1a: Gengar\n|-start|p1a: Gengar|perish3|[silent]\n|-start|p1b: Clefable|perish3|[silent]\n|-start|p2a: Lenny|perish3|[silent]\n|-start|p2b: ThiccBaddie|perish3|[silent]\n|-fieldactivate|move: Perish Song\n|move|p2b: ThiccBaddie|Triple Axel|p1b: Clefable\n|-damage|p1b: Clefable|96/100\n|-damage|p1b: Clefable|90/100\n|-damage|p1b: Clefable|80/100\n|-hitcount|p1b: Clefable|3\n|\n|-heal|p1b: Clefable|86/100|[from] item: Leftovers\n|-start|p2a: Lenny|perish3\n|-start|p1a: Gengar|perish3\n|-start|p2b: ThiccBaddie|perish3\n|-start|p1b: Clefable|perish3\n|-ability|p2a: Lenny|Speed Boost|boost\n|-boost|p2a: Lenny|spe|1\n|upkeep\n|turn|3\n|\n|t:|1788404354\n|detailschange|p2a: Lenny|Sharpedo-Mega, L50, M, shiny\n|-mega|p2a: Lenny|Sharpedo|Sharpedonite\n|move|p1a: Gengar|Protect|p1a: Gengar\n|-singleturn|p1a: Gengar|Protect\n|move|p2a: Lenny|Waterfall|p1b: Clefable\n|-damage|p1b: Clefable|68/100\n|move|p2b: ThiccBaddie|Trop Kick|p1a: Gengar\n|-activate|p1a: Gengar|move: Protect\n|cant|p1b: Clefable|flinch\n|\n|-heal|p1b: Clefable|74/100|[from] item: Leftovers\n|-end|p2b: ThiccBaddie|move: Taunt\n|-start|p2a: Lenny|perish2\n|-start|p1a: Gengar|perish2\n|-start|p2b: ThiccBaddie|perish2\n|-start|p1b: Clefable|perish2\n|upkeep\n|turn|4\n|\n|t:|1788404377\n|move|p2a: Lenny|Protect|p2a: Lenny\n|-singleturn|p2a: Lenny|Protect\n|move|p1b: Clefable|Follow Me|p1b: Clefable\n|-singleturn|p1b: Clefable|move: Follow Me\n|move|p1a: Gengar|Taunt|p2b: ThiccBaddie\n|-start|p2b: ThiccBaddie|move: Taunt\n|move|p2b: ThiccBaddie|Trop Kick|p1b: Clefable\n|-damage|p1b: Clefable|51/100\n|-unboost|p1b: Clefable|atk|1\n|\n|-heal|p1b: Clefable|57/100|[from] item: Leftovers\n|-start|p2a: Lenny|perish1\n|-start|p1a: Gengar|perish1\n|-start|p2b: ThiccBaddie|perish1\n|-start|p1b: Clefable|perish1\n|upkeep\n|turn|5\n|\n|t:|1788404446\n|switch|p1a: Incineroar|Incineroar, L50, F|100/100\n|-ability|p1a: Incineroar|Intimidate|boost\n|-unboost|p2a: Lenny|atk|1\n|-unboost|p2b: ThiccBaddie|atk|1\n|switch|p1b: Whimsicott|Whimsicott, L50, F|100/100\n|move|p2a: Lenny|Waterfall|p1a: Incineroar\n|-supereffective|p1a: Incineroar|1\n|-damage|p1a: Incineroar|61/100\n|move|p2b: ThiccBaddie|Trop Kick|p1a: Incineroar\n|-resisted|p1a: Incineroar|1\n|-damage|p1a: Incineroar|51/100\n|-unboost|p1a: Incineroar|atk|1\n|\n|-start|p2a: Lenny|perish0\n|-start|p2b: ThiccBaddie|perish0\n|upkeep\n|faint|p2a: Lenny\n|faint|p2b: ThiccBaddie\n|\n|t:|1788404470\n|switch|p2a: Aiden|Infernape, L50, M|100/100\n|switch|p2b: NotAna-Li|Sylveon, L50, F, shiny|100/100\n|turn|6\n|\n|t:|1788404487\n|move|p1a: Incineroar|Fake Out|p2b: NotAna-Li\n|-damage|p2b: NotAna-Li|90/100\n|move|p1b: Whimsicott|Tailwind|p1b: Whimsicott\n|-sidestart|p1: LucarioSolosYou2|move: Tailwind\n|move|p2a: Aiden|Drain Punch|p1a: Incineroar\n|-supereffective|p1a: Incineroar|1\n|-damage|p1a: Incineroar|0 fnt\n|faint|p1a: Incineroar\n|-damage|p2a: Aiden|90/100|[from] item: Life Orb\n|cant|p2b: NotAna-Li|flinch\n|\n|upkeep\n|\n|t:|1788404498\n|switch|p1a: Gengar|Gengar-Mega, L50, F|2/100\n|turn|7\n|\n|t:|1788404519\n|move|p1b: Whimsicott|Encore|p2a: Aiden\n|-start|p2a: Aiden|Encore\n|move|p2b: NotAna-Li|Quick Attack|p1a: Gengar\n|-resisted|p1a: Gengar|1\n|-damage|p1a: Gengar|0 fnt\n|faint|p1a: Gengar\n|move|p2a: Aiden|Drain Punch|p1b: Whimsicott\n|-resisted|p1b: Whimsicott|1\n|-damage|p1b: Whimsicott|69/100\n|-heal|p2a: Aiden|100/100|[from] drain|[of] p1b: Whimsicott\n|-damage|p2a: Aiden|90/100|[from] item: Life Orb\n|\n|upkeep\n|\n|t:|1788404531\n|switch|p1a: Clefable|Clefable, L50, M|57/100\n|turn|8\n|\n|t:|1788404559\n|move|p1b: Whimsicott|Encore|p2b: NotAna-Li\n|-start|p2b: NotAna-Li|Encore\n|move|p2b: NotAna-Li|Quick Attack|p1b: Whimsicott\n|-damage|p1b: Whimsicott|52/100\n|move|p1a: Clefable|Moonblast|p2b: NotAna-Li\n|-damage|p2b: NotAna-Li|69/100\n|move|p2a: Aiden|Drain Punch|p1b: Whimsicott\n|-resisted|p1b: Whimsicott|1\n|-damage|p1b: Whimsicott|23/100\n|-heal|p2a: Aiden|100/100|[from] drain|[of] p1b: Whimsicott\n|-damage|p2a: Aiden|90/100|[from] item: Life Orb\n|\n|-heal|p1a: Clefable|63/100|[from] item: Leftovers\n|upkeep\n|turn|9\n|\n|t:|1788404585\n|move|p1a: Clefable|Follow Me|p1a: Clefable\n|-singleturn|p1a: Clefable|move: Follow Me\n|move|p1b: Whimsicott|Taunt|p2b: NotAna-Li\n|-start|p2b: NotAna-Li|move: Taunt\n|move|p2b: NotAna-Li|Quick Attack|p1a: Clefable\n|-damage|p1a: Clefable|52/100\n|move|p2a: Aiden|Drain Punch|p1a: Clefable\n|-resisted|p1a: Clefable|1\n|-crit|p1a: Clefable\n|-damage|p1a: Clefable|24/100\n|-heal|p2a: Aiden|100/100|[from] drain|[of] p1a: Clefable\n|-damage|p2a: Aiden|90/100|[from] item: Life Orb\n|\n|-heal|p1a: Clefable|30/100|[from] item: Leftovers\n|-end|p2a: Aiden|Encore\n|-sideend|p1: LucarioSolosYou2|move: Tailwind\n|upkeep\n|turn|10\n|\n|t:|1788404607\n|move|p1b: Whimsicott|Tailwind|p1b: Whimsicott\n|-sidestart|p1: LucarioSolosYou2|move: Tailwind\n|move|p2b: NotAna-Li|Quick Attack|p1b: Whimsicott\n|-damage|p1b: Whimsicott|8/100\n|move|p1a: Clefable|Moonblast|p2a: Aiden\n|-damage|p2a: Aiden|38/100\n|move|p2a: Aiden|Fire Punch|p1b: Whimsicott\n|-supereffective|p1b: Whimsicott|1\n|-damage|p1b: Whimsicott|0 fnt\n|faint|p1b: Whimsicott\n|-damage|p2a: Aiden|28/100|[from] item: Life Orb\n|\n|-heal|p1a: Clefable|36/100|[from] item: Leftovers\n|-end|p2b: NotAna-Li|Encore\n|upkeep\n|turn|11\n|\n|t:|1788404623\n|move|p2a: Aiden|Fire Punch|p1a: Clefable\n|-damage|p1a: Clefable|0 fnt\n|faint|p1a: Clefable\n|-damage|p2a: Aiden|18/100|[from] item: Life Orb\n|\n|win|darkrai_mtr\n|l|☆LucarioSolosYou2\n|player|p1|\n","uploadtime":1788404628,"views":"0","formatid":"gen9championsvgc2026regmb","rating":null,"private":0,"password":null}