{"id":"gen9championsvgc2026regmb-2674912856","format":"[Gen 9 Champions] VGC 2026 Reg M-B","players":["Thornlace48812","KenjakuArgentino"],"log":"|j|☆Thornlace48812\n|j|☆KenjakuArgentino\n|t:|1788434767\n|gametype|doubles\n|player|p1|Thornlace48812|102|1090\n|player|p2|KenjakuArgentino|li|1124\n|gen|9\n|tier|[Gen 9 Champions] VGC 2026 Reg M-B\n|rated|\n|rule|Species Clause: Limit one of each Pokémon\n|rule|Item Clause: Limit 1 of each item\n|clearpoke\n|poke|p1|Garchomp, L50, F|\n|poke|p1|Charizard, L50, F|\n|poke|p1|Whimsicott, L50, F|\n|poke|p1|Sylveon, L50, M|\n|poke|p1|Kingambit, L50, F|\n|poke|p1|Basculegion, L50, M|\n|poke|p2|Dragonite, L50, M|\n|poke|p2|Basculegion, L50, M|\n|poke|p2|Kingambit, L50, F|\n|poke|p2|Sneasler, L50, F|\n|poke|p2|Grimmsnarl, L50, M|\n|poke|p2|Floette-Eternal, L50, F|\n|teampreview|4\n|inactive|Battle timer is ON: inactive players will automatically lose when time's up. (requested by Thornlace48812)\nThornlace48812 rejected open team sheets.\n|inactive|KenjakuArgentino has 60 seconds left.\n|\n|t:|1788434804\n|teamsize|p1|4\n|teamsize|p2|4\n|start\n|switch|p1a: Charizard|Charizard, L50, F|100/100\n|switch|p1b: Garchomp|Garchomp, L50, F|100/100\n|switch|p2a: Dragonite|Dragonite, L50, M|100/100\n|switch|p2b: Grimmsnarl|Grimmsnarl, L50, M|100/100\n|turn|1\n|\n|t:|1788434825\n|switch|p1a: Whimsicott|Whimsicott, L50, F|100/100\n|detailschange|p2a: Dragonite|Dragonite-Mega, L50, M\n|-mega|p2a: Dragonite|Dragonite|Dragoninite\n|move|p2b: Grimmsnarl|Fake Out|p1b: Garchomp\n|-damage|p1b: Garchomp|88/100\n|-damage|p2b: Grimmsnarl|87/100|[from] ability: Rough Skin|[of] p1b: Garchomp\n|cant|p1b: Garchomp|flinch\n|move|p2a: Dragonite|Dragon Dance|p2a: Dragonite\n|-boost|p2a: Dragonite|atk|1\n|-boost|p2a: Dragonite|spe|1\n|\n|-heal|p2b: Grimmsnarl|93/100|[from] item: Leftovers\n|upkeep\n|turn|2\n|inactive|KenjakuArgentino has 30 seconds left.\n|\n|t:|1788434852\n|move|p2b: Grimmsnarl|Parting Shot|p1a: Whimsicott\n|-unboost|p1a: Whimsicott|atk|1\n|-unboost|p1a: Whimsicott|spa|1\n|\n|t:|1788434858\n|switch|p2b: Basculegion|Basculegion, L50, M|100/100|[from] Parting Shot\n|move|p2a: Dragonite|Dragon Dance|p2a: Dragonite\n|-boost|p2a: Dragonite|atk|1\n|-boost|p2a: Dragonite|spe|1\n|move|p1a: Whimsicott|Moonblast|p2a: Dragonite\n|-supereffective|p2a: Dragonite|1\n|-damage|p2a: Dragonite|81/100\n|move|p1b: Garchomp|Earthquake|p2b: Basculegion|[spread] p1a,p2b\n|-immune|p2a: Dragonite\n|-resisted|p1a: Whimsicott|1\n|-damage|p1a: Whimsicott|62/100\n|-damage|p2b: Basculegion|34/100\n|-damage|p1b: Garchomp|78/100|[from] item: Life Orb\n|\n|upkeep\n|turn|3\n|inactive|KenjakuArgentino has 30 seconds left.\n|inactive|KenjakuArgentino has 20 seconds left.\n|\n|t:|1788434897\n|move|p1a: Whimsicott|Protect|p1a: Whimsicott\n|-singleturn|p1a: Whimsicott|Protect\n|move|p2b: Basculegion|Aqua Jet|p1b: Garchomp\n|-damage|p1b: Garchomp|54/100\n|-damage|p2b: Basculegion|21/100|[from] ability: Rough Skin|[of] p1b: Garchomp\n|move|p2a: Dragonite|Scale Shot|p1b: Garchomp\n|-supereffective|p1b: Garchomp|1\n|-damage|p1b: Garchomp|8/100\n|-supereffective|p1b: Garchomp|1\n|-damage|p1b: Garchomp|0 fnt\n|faint|p1b: Garchomp\n|-hitcount|p1: Garchomp|2\n|-unboost|p2a: Dragonite|def|1\n|-boost|p2a: Dragonite|spe|1\n|\n|upkeep\n|\n|t:|1788434897\n|switch|p1b: Charizard|Charizard, L50, F|100/100\n|turn|4\n|inactive|KenjakuArgentino has 30 seconds left.\n|inactive|KenjakuArgentino has 20 seconds left.\n|\n|t:|1788434933\n|detailschange|p1b: Charizard|Charizard-Mega-Y, L50, F\n|-mega|p1b: Charizard|Charizard|Charizardite Y\n|-weather|SunnyDay|[from] ability: Drought|[of] p1b: Charizard\n|move|p1a: Whimsicott|Tailwind|p1a: Whimsicott\n|-sidestart|p1: Thornlace48812|move: Tailwind\n|move|p2a: Dragonite|Scale Shot|p1b: Charizard\n|-damage|p1b: Charizard|74/100\n|-damage|p1b: Charizard|49/100\n|-hitcount|p1b: Charizard|2\n|-unboost|p2a: Dragonite|def|1\n|-boost|p2a: Dragonite|spe|1\n|move|p1b: Charizard|Heat Wave|p2b: Basculegion|[spread] p2a,p2b\n|-resisted|p2a: Dragonite|1\n|-resisted|p2b: Basculegion|1\n|-damage|p2a: Dragonite|55/100\n|-damage|p2b: Basculegion|0 fnt\n|faint|p2b: Basculegion\n|\n|-weather|SunnyDay|[upkeep]\n|upkeep\n|\n|t:|1788434953\n|switch|p2b: Grimmsnarl|Grimmsnarl, L50, M|93/100\n|turn|5\n|\n|t:|1788434962\n|move|p2b: Grimmsnarl|Fake Out|p1b: Charizard\n|-damage|p1b: Charizard|36/100\n|move|p2a: Dragonite|Heat Wave|p1a: Whimsicott|[spread] \n|-miss|p2a: Dragonite|p1a: Whimsicott\n|-miss|p2a: Dragonite|p1b: Charizard\n|move|p1a: Whimsicott|Moonblast|p2a: Dragonite\n|-supereffective|p2a: Dragonite|1\n|-damage|p2a: Dragonite|19/100\n|cant|p1b: Charizard|flinch\n|\n|-weather|SunnyDay|[upkeep]\n|-heal|p2b: Grimmsnarl|99/100|[from] item: Leftovers\n|upkeep\n|turn|6\n|\n|t:|1788434986\n|move|p2b: Grimmsnarl|Parting Shot|p1a: Whimsicott\n|-unboost|p1a: Whimsicott|atk|1\n|-unboost|p1a: Whimsicott|spa|1\n|\n|t:|1788434991\n|switch|p2b: Floette|Floette-Eternal, L50, F|100/100|[from] Parting Shot\n|move|p2a: Dragonite|Heat Wave|p1b: Charizard|[spread] p1a,p1b\n|-supereffective|p1a: Whimsicott|1\n|-resisted|p1b: Charizard|1\n|-damage|p1a: Whimsicott|0 fnt\n|-damage|p1b: Charizard|17/100\n|faint|p1a: Whimsicott\n|move|p1b: Charizard|Heat Wave|p2b: Floette|[spread] p2a,p2b\n|-resisted|p2a: Dragonite|1\n|-damage|p2a: Dragonite|0 fnt\n|-damage|p2b: Floette|43/100\n|faint|p2a: Dragonite\n|\n|-weather|SunnyDay|[upkeep]\n|upkeep\n|\n|t:|1788435006\n|switch|p1a: Basculegion|Basculegion, L50, M|100/100\n|switch|p2a: Grimmsnarl|Grimmsnarl, L50, M|99/100\n|turn|7\n|\n|t:|1788435020\n|move|p2b: Floette|Protect|p2b: Floette\n|-singleturn|p2b: Floette|Protect\n|move|p2a: Grimmsnarl|Fake Out|p1b: Charizard\n|-damage|p1b: Charizard|3/100\n|cant|p1b: Charizard|flinch\n|move|p1a: Basculegion|Last Respects|p2b: Floette\n|-activate|p2b: Floette|move: Protect\n|\n|-weather|SunnyDay|[upkeep]\n|-heal|p2a: Grimmsnarl|100/100|[from] item: Leftovers\n|-sideend|p1: Thornlace48812|move: Tailwind\n|upkeep\n|turn|8\n|inactive|KenjakuArgentino has 30 seconds left.\n|\n|t:|1788435047\n|move|p2a: Grimmsnarl|Parting Shot|p1a: Basculegion\n|-unboost|p1a: Basculegion|atk|1\n|-unboost|p1a: Basculegion|spa|1\n|move|p1b: Charizard|Heat Wave|p2a: Grimmsnarl|[spread] \n|-miss|p1b: Charizard|p2a: Grimmsnarl\n|-miss|p1b: Charizard|p2b: Floette\n|move|p1a: Basculegion|Last Respects|p2b: Floette\n|-damage|p2b: Floette|0 fnt\n|faint|p2b: Floette\n|\n|-weather|none\n|upkeep\n|turn|9\n|-message|KenjakuArgentino forfeited.\n|\n|win|Thornlace48812\n|raw|Thornlace48812's rating: 1150 &rarr; <strong>1173</strong><br />(+23 for winning)\n|raw|KenjakuArgentino's rating: 1124 &rarr; <strong>1101</strong><br />(-23 for losing)\n","uploadtime":1788435062,"views":"1","formatid":"gen9championsvgc2026regmb","rating":1101,"private":0,"password":null}