{"id":"gen9championsvgc2026regmbbo3-2674468994","format":"[Gen 9 Champions] VGC 2026 Reg M-B (Bo3)","players":["thenamenottaken","simioini"],"log":"|j|☆thenamenottaken\n|j|☆simioini\n|html|<table width=\"100%\"><tr><td align=\"left\">thenamenottaken</td><td align=\"right\">simioini</tr><tr><td align=\"left\"><i class=\"fa fa-circle\"></i> <i class=\"fa fa-circle-o\"></i> </td><td align=\"right\"><i class=\"fa fa-circle-o\"></i> <i class=\"fa fa-circle-o\"></i> </tr></table>\n|uhtml|bestof|<h2><strong>Game 2</strong> of <a href=\"/game-bestof3-gen9championsvgc2026regmbbo3-2674466793\">a best-of-3</a></h2>\n|t:|1788363437\n|gametype|doubles\n|player|p1|thenamenottaken|101|1225\n|player|p2|simioini|101|1339\n|gen|9\n|tier|[Gen 9 Champions] VGC 2026 Reg M-B (Bo3)\n|rated|\n|rule|Species Clause: Limit one of each Pokémon\n|rule|Item Clause: Limit 1 of each item\n|clearpoke\n|poke|p1|Sinistcha, L50|\n|poke|p1|Incineroar, L50, F|\n|poke|p1|Milotic, L50, M|\n|poke|p1|Raichu, L50, M|\n|poke|p1|Floette-Eternal, L50, F|\n|poke|p1|Ceruledge, L50, F|\n|poke|p2|Charizard, L50, M|\n|poke|p2|Whimsicott, L50, F|\n|poke|p2|Garchomp, L50, F|\n|poke|p2|Floette-Eternal, L50, F|\n|poke|p2|Kingambit, L50, F|\n|poke|p2|Basculegion, L50, M|\n|teampreview|4\n|showteam|p1|Sinistcha||KasibBerry|Hospitality|MatchaGotcha,LifeDew,RagePowder,Protect|Relaxed|||||50|]Incineroar||SitrusBerry|Intimidate|FlareBlitz,ThroatChop,FakeOut,PartingShot|Impish||F|||50|]Milotic||Leftovers|Competitive|MuddyWater,Coil,Hypnosis,Protect|Calm||M|||50|]Raichu||RaichuniteY|LightningRod|ZapCannon,FocusBlast,FakeOut,Protect|Timid||M|||50|]Floette-Eternal||Floettite|FlowerVeil|DazzlingGleam,DrainingKiss,CalmMind,Protect|Timid||F|||50|]Ceruledge||ColburBerry|FlashFire|BitterBlade,ShadowSneak,BulkUp,Protect|Adamant||F|||50|\n|showteam|p2|Charizard||CharizarditeY|Blaze|HeatWave,WeatherBall,AncientPower,Protect|Timid||M|||50|]Whimsicott||FocusSash|Prankster|Moonblast,Tailwind,Encore,Protect|Timid||F|||50|]Garchomp||SitrusBerry|RoughSkin|Earthquake,DragonClaw,RockSlide,Protect|Jolly||F|||50|]Floette-Eternal||Floettite|FlowerVeil|DazzlingGleam,Moonblast,LightofRuin,Protect|Modest||F|||50|]Kingambit||OccaBerry|Defiant|KowtowCleave,IronHead,SuckerPunch,LowKick|Adamant||F|||50|]Basculegion||LifeOrb|Adaptability|WaveCrash,LastRespects,AquaJet,Protect|Adamant||M|||50|\n|\n|t:|1788363470\n|teamsize|p1|4\n|teamsize|p2|4\n|start\n|switch|p1a: Raichu|Raichu, L50, M|100/100\n|switch|p1b: Ceruledge|Ceruledge, L50, F|100/100\n|switch|p2a: Whimsicott|Whimsicott, L50, F|100/100\n|switch|p2b: Kingambit|Kingambit, L50, F|100/100\n|turn|1\n|\n|t:|1788363509\n|detailschange|p1a: Raichu|Raichu-Mega-Y, L50, M\n|-mega|p1a: Raichu|Raichu|Raichunite Y\n|move|p2a: Whimsicott|Tailwind|p2a: Whimsicott\n|-sidestart|p2: simioini|move: Tailwind\n|move|p2b: Kingambit|Kowtow Cleave|p1b: Ceruledge\n|-supereffective|p1b: Ceruledge|1\n|-enditem|p1b: Ceruledge|Colbur Berry|[eat]\n|-enditem|p1b: Ceruledge|Colbur Berry|[weaken]\n|-damage|p1b: Ceruledge|46/100\n|move|p1a: Raichu|Focus Blast|p2b: Kingambit\n|-supereffective|p2b: Kingambit|2\n|-damage|p2b: Kingambit|0 fnt\n|faint|p2b: Kingambit\n|move|p1b: Ceruledge|Bulk Up|p1b: Ceruledge\n|-boost|p1b: Ceruledge|atk|1\n|-boost|p1b: Ceruledge|def|1\n|\n|upkeep\n|\n|t:|1788363523\n|switch|p2b: Floette|Floette-Eternal, L50, F|100/100\n|turn|2\n|\n|t:|1788363540\n|switch|p1a: Sinistcha|Sinistcha, L50|100/100\n|-heal|p1b: Ceruledge|71/100|[from] ability: Hospitality|[of] p1a: Sinistcha\n|detailschange|p2b: Floette|Floette-Mega, L50, F\n|-mega|p2b: Floette|Floette|Floettite\n|-ability|p2b: Floette|Fairy Aura\n|move|p1b: Ceruledge|Protect|p1b: Ceruledge\n|-singleturn|p1b: Ceruledge|Protect\n|move|p2a: Whimsicott|Moonblast|p1a: Sinistcha\n|-damage|p1a: Sinistcha|57/100\n|move|p2b: Floette|Dazzling Gleam|p1a: Sinistcha|[spread] p1a\n|-activate|p1b: Ceruledge|move: Protect\n|-damage|p1a: Sinistcha|15/100\n|\n|upkeep\n|turn|3\n|\n|t:|1788363567\n|move|p2a: Whimsicott|Encore|p1b: Ceruledge\n|-start|p1b: Ceruledge|Encore\n|move|p1b: Ceruledge|Protect||[still]\n|-fail|p1b: Ceruledge\n|move|p2b: Floette|Dazzling Gleam|p1a: Sinistcha|[spread] p1a,p1b\n|-resisted|p1b: Ceruledge|1\n|-damage|p1a: Sinistcha|0 fnt\n|-damage|p1b: Ceruledge|49/100\n|faint|p1a: Sinistcha\n|\n|upkeep\n|\n|t:|1788363576\n|switch|p1a: Raichu|Raichu-Mega-Y, L50, M|100/100\n|turn|4\n|\n|t:|1788363588\n|move|p2a: Whimsicott|Protect|p2a: Whimsicott\n|-singleturn|p2a: Whimsicott|Protect\n|move|p2b: Floette|Protect|p2b: Floette\n|-singleturn|p2b: Floette|Protect\n|move|p1b: Ceruledge|Protect|p1b: Ceruledge\n|-singleturn|p1b: Ceruledge|Protect\n|move|p1a: Raichu|Zap Cannon|p2b: Floette\n|-activate|p2b: Floette|move: Protect\n|\n|-sideend|p2: simioini|move: Tailwind\n|upkeep\n|turn|5\n|\n|t:|1788363605\n|move|p1b: Ceruledge|Protect||[still]\n|-fail|p1b: Ceruledge\n|move|p2a: Whimsicott|Tailwind|p2a: Whimsicott\n|-sidestart|p2: simioini|move: Tailwind\n|move|p2b: Floette|Moonblast|p1a: Raichu\n|-damage|p1a: Raichu|0 fnt\n|faint|p1a: Raichu\n|\n|-end|p1b: Ceruledge|Encore\n|upkeep\n|\n|t:|1788363612\n|switch|p1a: Milotic|Milotic, L50, M|100/100\n|turn|6\n|\n|t:|1788363624\n|move|p1b: Ceruledge|Protect|p1b: Ceruledge\n|-singleturn|p1b: Ceruledge|Protect\n|move|p2a: Whimsicott|Encore|p1b: Ceruledge\n|-activate|p1b: Ceruledge|move: Protect\n|move|p2b: Floette|Light of Ruin|p1a: Milotic|[miss]\n|-miss|p2b: Floette|p1a: Milotic\n|move|p1a: Milotic|Hypnosis|p2a: Whimsicott|[miss]\n|-miss|p1a: Milotic|p2a: Whimsicott\n|\n|upkeep\n|turn|7\n|\n|t:|1788363637\n|move|p2a: Whimsicott|Encore|p1b: Ceruledge\n|-start|p1b: Ceruledge|Encore\n|move|p1b: Ceruledge|Protect|p1b: Ceruledge\n|-singleturn|p1b: Ceruledge|Protect\n|move|p2b: Floette|Light of Ruin|p1a: Milotic\n|-damage|p1a: Milotic|25/100\n|-damage|p2b: Floette|54/100|[from] Recoil\n|move|p1a: Milotic|Hypnosis|p2a: Whimsicott|[miss]\n|-miss|p1a: Milotic|p2a: Whimsicott\n|\n|-heal|p1a: Milotic|31/100|[from] item: Leftovers\n|upkeep\n|turn|8\n|-message|thenamenottaken forfeited.\n|\n|win|simioini\n","uploadtime":1788363648,"views":"1","formatid":"gen9championsvgc2026regmbbo3","rating":null,"private":0,"password":null}