{"id":"gen9championsvgc2026regmb-2674185536","format":"[Gen 9 Champions] VGC 2026 Reg M-B","players":["WakumaMatata","truely peak"],"log":"|j|☆WakumaMatata\n|j|☆truely peak\n|t:|1788312063\n|gametype|doubles\n|player|p1|WakumaMatata|cyrus|1070\n|player|p2|truely peak|dawn|1106\n|gen|9\n|tier|[Gen 9 Champions] VGC 2026 Reg M-B\n|rated|\n|rule|Species Clause: Limit one of each Pokémon\n|rule|Item Clause: Limit 1 of each item\n|clearpoke\n|poke|p1|Trevenant, L50, M, shiny|\n|poke|p1|Torkoal, L50, M|\n|poke|p1|Pelipper, L50, F|\n|poke|p1|Blaziken, L50, M|\n|poke|p1|Heliolisk, L50, M|\n|poke|p1|Pinsir, L50, M|\n|poke|p2|Sneasler, L50, M|\n|poke|p2|Grimmsnarl, L50, M|\n|poke|p2|Charizard, L50, M|\n|poke|p2|Torkoal, L50, M|\n|poke|p2|Metagross, L50|\n|poke|p2|Aerodactyl, L50, F|\n|teampreview|4\n|inactive|Battle timer is ON: inactive players will automatically lose when time's up. (requested by WakumaMatata)\n|inactive|truely peak has 60 seconds left.\n|\n|t:|1788312166\n|teamsize|p1|4\n|teamsize|p2|4\n|start\n|switch|p1a: Trevenant|Trevenant, L50, M, shiny|100/100\n|switch|p1b: Pinsir|Pinsir, L50, M|100/100\n|switch|p2a: Grimmsnarl|Grimmsnarl, L50, M|100/100\n|switch|p2b: Charizard|Charizard, L50, M|100/100\n|turn|1\n|\n|t:|1788312181\n|switch|p1a: Pelipper|Pelipper, L50, F|100/100\n|-weather|RainDance|[from] ability: Drizzle|[of] p1a: Pelipper\n|detailschange|p2b: Charizard|Charizard-Mega-X, L50, M\n|-mega|p2b: Charizard|Charizard|Charizardite X\n|move|p1b: Pinsir|Detect|p1b: Pinsir\n|-singleturn|p1b: Pinsir|Protect\n|move|p2a: Grimmsnarl|Fake Out|p1b: Pinsir\n|-activate|p1b: Pinsir|move: Protect\n|move|p2b: Charizard|Dragon Dance|p2b: Charizard\n|-boost|p2b: Charizard|atk|1\n|-boost|p2b: Charizard|spe|1\n|\n|-weather|RainDance|[upkeep]\n|upkeep\n|turn|2\n|inactive|WakumaMatata has 30 seconds left.\n|inactive|truely peak has 30 seconds left.\n|\n|t:|1788312211\n|detailschange|p1b: Pinsir|Pinsir-Mega, L50, M\n|-mega|p1b: Pinsir|Pinsir|Pinsirite\n|move|p2a: Grimmsnarl|Light Screen|p2a: Grimmsnarl\n|-sidestart|p2: truely peak|move: Light Screen\n|move|p2b: Charizard|Dragon Claw|p1a: Pelipper\n|-crit|p1a: Pelipper\n|-damage|p1a: Pelipper|0 fnt\n|faint|p1a: Pelipper\n|move|p1b: Pinsir|Lunge|p2a: Grimmsnarl\n|-damage|p2a: Grimmsnarl|43/100\n|-unboost|p2a: Grimmsnarl|atk|1\n|\n|-weather|RainDance|[upkeep]\n|upkeep\n|\n|t:|1788312223\n|switch|p1a: Trevenant|Trevenant, L50, M, shiny|100/100\n|turn|3\n|inactive|WakumaMatata has 30 seconds left.\n|\n|t:|1788312251\n|move|p1b: Pinsir|Detect|p1b: Pinsir\n|-singleturn|p1b: Pinsir|Protect\n|move|p2a: Grimmsnarl|Light Screen||[still]\n|-fail|p2a: Grimmsnarl\n|move|p2b: Charizard|Dragon Claw|p1b: Pinsir\n|-activate|p1b: Pinsir|move: Protect\n|move|p1a: Trevenant|Trick Room|p1a: Trevenant\n|-fieldstart|move: Trick Room|[of] p1a: Trevenant\n|\n|-weather|RainDance|[upkeep]\n|upkeep\n|turn|4\n|inactive|WakumaMatata has 30 seconds left.\n|\n|t:|1788312277\n|move|p2a: Grimmsnarl|Reflect|p2a: Grimmsnarl\n|-sidestart|p2: truely peak|Reflect\n|move|p1a: Trevenant|Skill Swap|p2b: Charizard\n|-activate|p1a: Trevenant|Skill Swap|Tough Claws|Harvest|[of] p2b: Charizard\n|move|p1b: Pinsir|Double Hit|p2b: Charizard|[miss]\n|-miss|p1b: Pinsir|p2b: Charizard\n|move|p2b: Charizard|Dragon Claw|p1b: Pinsir\n|-damage|p1b: Pinsir|29/100\n|\n|-weather|RainDance|[upkeep]\n|upkeep\n|turn|5\n|inactive|truely peak has 30 seconds left.\n|inactive|truely peak has 20 seconds left.\n|\n|t:|1788312316\n|switch|p2a: Aerodactyl|Aerodactyl, L50, F|100/100\n|move|p1a: Trevenant|Horn Leech|p2a: Aerodactyl\n|-damage|p2a: Aerodactyl|61/100\n|move|p1b: Pinsir|Double Hit|p2b: Charizard\n|-damage|p2b: Charizard|81/100\n|-damage|p2b: Charizard|63/100\n|-hitcount|p2b: Charizard|2\n|move|p2b: Charizard|Dragon Claw|p1b: Pinsir\n|-damage|p1b: Pinsir|0 fnt\n|faint|p1b: Pinsir\n|\n|-weather|RainDance|[upkeep]\n|upkeep\n|\n|t:|1788312327\n|switch|p1b: Heliolisk|Heliolisk, L50, M|100/100\n|turn|6\n|inactive|WakumaMatata has 30 seconds left.\n|inactive|truely peak has 30 seconds left.\n|\n|t:|1788312358\n|move|p1a: Trevenant|Horn Leech|p2a: Aerodactyl\n|-damage|p2a: Aerodactyl|21/100\n|-enditem|p2a: Aerodactyl|Sitrus Berry|[eat]\n|-heal|p2a: Aerodactyl|45/100|[from] item: Sitrus Berry\n|move|p1b: Heliolisk|Discharge|p2a: Aerodactyl|[spread] p1a,p2a,p2b\n|-resisted|p1a: Trevenant|1\n|-supereffective|p2a: Aerodactyl|1\n|-resisted|p2b: Charizard|1\n|-damage|p1a: Trevenant|89/100\n|-damage|p2a: Aerodactyl|0 fnt\n|-damage|p2b: Charizard|51/100\n|faint|p2a: Aerodactyl\n|move|p2b: Charizard|Flare Blitz|p1a: Trevenant\n|-supereffective|p1a: Trevenant|1\n|-crit|p1a: Trevenant\n|-damage|p1a: Trevenant|0 fnt\n|faint|p1a: Trevenant\n|-damage|p2b: Charizard|15/100|[from] Recoil\n|\n|-weather|RainDance|[upkeep]\n|upkeep\n|\n|t:|1788312374\n|switch|p2a: Grimmsnarl|Grimmsnarl, L50, M|43/100\n|turn|7\n|\n|t:|1788312379\n|move|p2a: Grimmsnarl|Fake Out|p1b: Heliolisk\n|-damage|p1b: Heliolisk|76/100\n|cant|p1b: Heliolisk|flinch\n|move|p2b: Charizard|Dragon Dance|p2b: Charizard\n|-boost|p2b: Charizard|atk|1\n|-boost|p2b: Charizard|spe|1\n|\n|-weather|RainDance|[upkeep]\n|-heal|p1b: Heliolisk|89/100|[from] ability: Dry Skin\n|-heal|p1b: Heliolisk|94/100|[from] item: Leftovers\n|-fieldend|move: Trick Room\n|upkeep\n|turn|8\n|\n|t:|1788312398\n|move|p2a: Grimmsnarl|Swagger|p1b: Heliolisk|[miss]\n|-miss|p2a: Grimmsnarl|p1b: Heliolisk\n|move|p2b: Charizard|Dragon Claw|p1b: Heliolisk\n|-damage|p1b: Heliolisk|0 fnt\n|faint|p1b: Heliolisk\n|\n|win|truely peak\n|raw|WakumaMatata's rating: 1070 &rarr; <strong>1052</strong><br />(-18 for losing)\n|raw|truely peak's rating: 1106 &rarr; <strong>1128</strong><br />(+22 for winning)\n|l|☆WakumaMatata\n|player|p1|\n","uploadtime":1788312404,"views":"1","formatid":"gen9championsvgc2026regmb","rating":1052,"private":0,"password":null}