{"id":"gen9championsvgc2026regmbbo3-2674268651","format":"[Gen 9 Champions] VGC 2026 Reg M-B (Bo3)","players":["toxiccroc12","ZMegasOnFraudWatch"],"log":"|j|☆toxiccroc12\n|j|☆ZMegasOnFraudWatch\n|html|<table width=\"100%\"><tr><td align=\"left\">toxiccroc12</td><td align=\"right\">ZMegasOnFraudWatch</tr><tr><td align=\"left\"><i class=\"fa fa-circle\"></i> <i class=\"fa fa-circle-o\"></i> </td><td align=\"right\"><i class=\"fa fa-circle-o\"></i> <i class=\"fa fa-circle-o\"></i> </tr></table>\n|uhtml|bestof|<h2><strong>Game 2</strong> of <a href=\"/game-bestof3-gen9championsvgc2026regmbbo3-2674267830\">a best-of-3</a></h2>\n|t:|1788327592\n|gametype|doubles\n|player|p1|toxiccroc12|169|1119\n|player|p2|ZMegasOnFraudWatch|psychic-gen2|1326\n|gen|9\n|tier|[Gen 9 Champions] VGC 2026 Reg M-B (Bo3)\n|rated|\n|rule|Species Clause: Limit one of each Pokémon\n|rule|Item Clause: Limit 1 of each item\n|clearpoke\n|poke|p1|Froslass, L50, F|\n|poke|p1|Sneasler, L50, F|\n|poke|p1|Lycanroc-Dusk, L50, M|\n|poke|p1|Scovillain, L50, F|\n|poke|p1|Kingambit, L50, F|\n|poke|p1|Basculegion, L50, M|\n|poke|p2|Whimsicott, L50, M|\n|poke|p2|Floette-Eternal, L50, F|\n|poke|p2|Charizard, L50, F|\n|poke|p2|Garchomp, L50, M|\n|poke|p2|Kingambit, L50, M|\n|poke|p2|Basculegion, L50, M|\n|teampreview|4\n|showteam|p1|Froslass||Froslassite|CursedBody|Blizzard,ShadowBall,AuroraVeil,Protect|Modest||F|||50|]Sneasler||WhiteHerb|Unburden|DireClaw,CloseCombat,FakeOut,Protect|Jolly||F|||50|]Lycanroc-Dusk||FocusSash|ToughClaws|RockSlide,Accelerock,CloseCombat,Protect|Adamant||M|||50|]Scovillain||Scovillainite|Moody|Overheat,GigaDrain,RagePowder,Protect|Bold||F|||50|]Kingambit||BlackGlasses|Defiant|KowtowCleave,SuckerPunch,SwordsDance,Protect|Adamant||F|||50|]Basculegion||SitrusBerry|Adaptability|LastRespects,WaveCrash,AquaJet,Protect|Adamant||M|||50|\n|showteam|p2|Whimsicott||FocusSash|Prankster|Tailwind,Encore,Moonblast,Protect|Timid||M|||50|]Floette-Eternal||Floettite|FlowerVeil|LightofRuin,Moonblast,DazzlingGleam,Protect|Modest||F|||50|]Charizard||CharizarditeY|Blaze|HeatWave,WeatherBall,AncientPower,Protect|Timid||F|||50|]Garchomp||SitrusBerry|RoughSkin|Earthquake,DragonClaw,RockSlide,Protect|Jolly||M|||50|]Kingambit||OccaBerry|Defiant|KowtowCleave,SuckerPunch,IronHead,LowKick|Adamant||M|||50|]Basculegion||LifeOrb|Adaptability|WaveCrash,LastRespects,AquaJet,Protect|Adamant||M|||50|\n|\n|t:|1788327613\n|teamsize|p1|4\n|teamsize|p2|4\n|start\n|switch|p1a: Lycanroc|Lycanroc-Dusk, L50, M|100/100\n|switch|p1b: Scovillain|Scovillain, L50, F|100/100\n|switch|p2a: Charizard|Charizard, L50, F|100/100\n|switch|p2b: Garchomp|Garchomp, L50, M|100/100\n|turn|1\n|\n|t:|1788327648\n|detailschange|p1b: Scovillain|Scovillain-Mega, L50, F\n|-mega|p1b: Scovillain|Scovillain|Scovillainite\n|move|p2a: Charizard|Protect|p2a: Charizard\n|-singleturn|p2a: Charizard|Protect\n|move|p1a: Lycanroc|Protect|p1a: Lycanroc\n|-singleturn|p1a: Lycanroc|Protect\n|move|p2b: Garchomp|Rock Slide|p1a: Lycanroc|[spread] p1b\n|-activate|p1a: Lycanroc|move: Protect\n|-supereffective|p1b: Scovillain|1\n|-damage|p1b: Scovillain|74/100\n|-status|p2b: Garchomp|brn|[from] ability: Spicy Spray|[of] p1b: Scovillain\n|cant|p1b: Scovillain|flinch\n|\n|-damage|p2b: Garchomp|94/100 brn|[from] brn\n|upkeep\n|turn|2\n|\n|t:|1788327669\n|switch|p2a: Whimsicott|Whimsicott, L50, M|100/100\n|switch|p1a: Sneasler|Sneasler, L50, F|100/100\n|move|p2b: Garchomp|Earthquake|p1a: Sneasler|[spread] p2a,p1a,p1b\n|-resisted|p2a: Whimsicott|1\n|-supereffective|p1a: Sneasler|1\n|-damage|p2a: Whimsicott|87/100\n|-damage|p1a: Sneasler|54/100\n|-damage|p1b: Scovillain|60/100\n|move|p1b: Scovillain|Giga Drain|p2a: Whimsicott\n|-resisted|p2a: Whimsicott|1\n|-damage|p2a: Whimsicott|61/100\n|-heal|p1b: Scovillain|70/100|[from] drain|[of] p2a: Whimsicott\n|\n|-damage|p2b: Garchomp|88/100 brn|[from] brn\n|upkeep\n|turn|3\n|\n|t:|1788327710\n|switch|p2a: Kingambit|Kingambit, L50, M|100/100\n|move|p1a: Sneasler|Close Combat|p2b: Garchomp\n|-damage|p2b: Garchomp|33/100 brn\n|-unboost|p1a: Sneasler|def|1\n|-unboost|p1a: Sneasler|spd|1\n|-damage|p1a: Sneasler|42/100|[from] ability: Rough Skin|[of] p2b: Garchomp\n|-enditem|p2b: Garchomp|Sitrus Berry|[eat]\n|-heal|p2b: Garchomp|57/100 brn|[from] item: Sitrus Berry\n|-enditem|p1a: Sneasler|White Herb\n|-clearnegativeboost|p1a: Sneasler|[silent]\n|move|p2b: Garchomp|Rock Slide|p1b: Scovillain|[spread] p1a,p1b\n|-resisted|p1a: Sneasler|1\n|-supereffective|p1b: Scovillain|1\n|-damage|p1a: Sneasler|37/100\n|-damage|p1b: Scovillain|56/100\n|cant|p1b: Scovillain|flinch\n|\n|-damage|p2b: Garchomp|51/100 brn|[from] brn\n|upkeep\n|turn|4\n|\n|t:|1788327794\n|switch|p2a: Charizard|Charizard, L50, F|100/100\n|move|p2b: Garchomp|Protect|p2b: Garchomp\n|-singleturn|p2b: Garchomp|Protect\n|move|p1b: Scovillain|Protect|p1b: Scovillain\n|-singleturn|p1b: Scovillain|Protect\n|move|p1a: Sneasler|Close Combat|p2a: Charizard\n|-resisted|p2a: Charizard|1\n|-damage|p2a: Charizard|65/100\n|-unboost|p1a: Sneasler|def|1\n|-unboost|p1a: Sneasler|spd|1\n|\n|-damage|p2b: Garchomp|46/100 brn|[from] brn\n|upkeep\n|turn|5\n|\n|t:|1788327833\n|switch|p2a: Whimsicott|Whimsicott, L50, M|61/100\n|move|p1b: Scovillain|Protect|p1b: Scovillain\n|-singleturn|p1b: Scovillain|Protect\n|move|p1a: Sneasler|Dire Claw|p2b: Garchomp\n|-resisted|p2b: Garchomp|1\n|-damage|p2b: Garchomp|27/100 brn\n|-damage|p1a: Sneasler|25/100|[from] ability: Rough Skin|[of] p2b: Garchomp\n|move|p2b: Garchomp|Earthquake|p1a: Sneasler|[spread] p2a,p1a\n|-activate|p1b: Scovillain|move: Protect\n|-resisted|p2a: Whimsicott|1\n|-supereffective|p1a: Sneasler|1\n|-damage|p2a: Whimsicott|49/100\n|-damage|p1a: Sneasler|0 fnt\n|faint|p1a: Sneasler\n|\n|-damage|p2b: Garchomp|21/100 brn|[from] brn\n|upkeep\n|\n|t:|1788327854\n|switch|p1a: Lycanroc|Lycanroc-Dusk, L50, M|100/100\n|turn|6\n|\n|t:|1788327868\n|switch|p1b: Basculegion|Basculegion, L50, M|100/100\n|move|p2a: Whimsicott|Protect|p2a: Whimsicott\n|-singleturn|p2a: Whimsicott|Protect\n|move|p2b: Garchomp|Earthquake|p1b: Basculegion|[spread] p1a,p1b\n|-activate|p2a: Whimsicott|move: Protect\n|-supereffective|p1a: Lycanroc|1\n|-damage|p1a: Lycanroc|44/100\n|-damage|p1b: Basculegion|85/100\n|move|p1a: Lycanroc|Rock Slide|p2b: Garchomp|[spread] \n|-activate|p2a: Whimsicott|move: Protect\n|-miss|p1a: Lycanroc|p2b: Garchomp\n|\n|-damage|p2b: Garchomp|16/100 brn|[from] brn\n|upkeep\n|turn|7\n|\n|t:|1788327905\n|switch|p1a: Scovillain|Scovillain-Mega, L50, F|56/100\n|move|p2a: Whimsicott|Moonblast|p1a: Scovillain\n|-resisted|p1a: Scovillain|1\n|-damage|p1a: Scovillain|33/100\n|-status|p2a: Whimsicott|brn|[from] ability: Spicy Spray|[of] p1a: Scovillain\n|move|p2b: Garchomp|Dragon Claw|p1b: Basculegion\n|-damage|p1b: Basculegion|68/100\n|move|p1b: Basculegion|Last Respects|p2a: Whimsicott\n|-damage|p2a: Whimsicott|0 fnt\n|faint|p2a: Whimsicott\n|\n|-damage|p2b: Garchomp|10/100 brn|[from] brn\n|upkeep\n|\n|t:|1788327913\n|switch|p2a: Charizard|Charizard, L50, F|65/100\n|turn|8\n|\n|t:|1788327967\n|switch|p2a: Kingambit|Kingambit, L50, M|100/100\n|move|p1a: Scovillain|Protect|p1a: Scovillain\n|-singleturn|p1a: Scovillain|Protect\n|move|p1b: Basculegion|Aqua Jet|p2b: Garchomp\n|-damage|p2b: Garchomp|0 fnt\n|-damage|p1b: Basculegion|56/100|[from] ability: Rough Skin|[of] p2b: Garchomp\n|faint|p2b: Garchomp\n|\n|upkeep\n|\n|t:|1788327975\n|switch|p2b: Charizard|Charizard, L50, F|65/100\n|turn|9\n|inactive|Battle timer is ON: inactive players will automatically lose when time's up. (requested by ZMegasOnFraudWatch)\n|\n|t:|1788328058\n|detailschange|p2b: Charizard|Charizard-Mega-Y, L50, F\n|-mega|p2b: Charizard|Charizard|Charizardite Y\n|-weather|SunnyDay|[from] ability: Drought|[of] p2b: Charizard\n|move|p1a: Scovillain|Protect||[still]\n|-fail|p1a: Scovillain\n|move|p1b: Basculegion|Aqua Jet|p2b: Charizard\n|-supereffective|p2b: Charizard|1\n|-damage|p2b: Charizard|33/100\n|move|p2a: Kingambit|Sucker Punch||[still]\n|-fail|p2a: Kingambit\n|move|p2b: Charizard|Weather Ball|p1a: Scovillain\n|-damage|p1a: Scovillain|0 fnt\n|faint|p1a: Scovillain\n|\n|-weather|SunnyDay|[upkeep]\n|upkeep\n|\n|t:|1788328070\n|switch|p1a: Lycanroc|Lycanroc-Dusk, L50, M|44/100\n|turn|10\n|\n|t:|1788328082\n|move|p2b: Charizard|Protect|p2b: Charizard\n|-singleturn|p2b: Charizard|Protect\n|move|p1b: Basculegion|Aqua Jet|p2b: Charizard\n|-activate|p2b: Charizard|move: Protect\n|move|p2a: Kingambit|Sucker Punch|p1a: Lycanroc\n|-damage|p1a: Lycanroc|0 fnt\n|faint|p1a: Lycanroc\n|\n|-weather|SunnyDay|[upkeep]\n|upkeep\n|turn|11\n|\n|t:|1788328094\n|move|p1b: Basculegion|Aqua Jet|p2b: Charizard\n|-supereffective|p2b: Charizard|1\n|-damage|p2b: Charizard|4/100\n|move|p2b: Charizard|Weather Ball|p1b: Basculegion\n|-resisted|p1b: Basculegion|1\n|-damage|p1b: Basculegion|11/100\n|-enditem|p1b: Basculegion|Sitrus Berry|[eat]\n|-heal|p1b: Basculegion|36/100|[from] item: Sitrus Berry\n|move|p2a: Kingambit|Kowtow Cleave|p1b: Basculegion\n|-supereffective|p1b: Basculegion|1\n|-damage|p1b: Basculegion|0 fnt\n|faint|p1b: Basculegion\n|\n|win|ZMegasOnFraudWatch\n||ZMegasOnFraudWatch is ready for game 3.\n|inactive|toxiccroc12 has 30 seconds to confirm battle start!\n|c|☆toxiccroc12|wp\n","uploadtime":1788328106,"views":"0","formatid":"gen9championsvgc2026regmbbo3","rating":null,"private":0,"password":null}