{"id":"gen9championsvgc2026regmbbo3-2674151227","format":"[Gen 9 Champions] VGC 2026 Reg M-B (Bo3)","players":["shibikanon","fritznader002"],"log":"|j|☆shibikanon\n|j|☆fritznader002\n|html|<table width=\"100%\"><tr><td align=\"left\">shibikanon</td><td align=\"right\">fritznader002</tr><tr><td align=\"left\"><i class=\"fa fa-circle\"></i> <i class=\"fa fa-circle-o\"></i> </td><td align=\"right\"><i class=\"fa fa-circle-o\"></i> <i class=\"fa fa-circle-o\"></i> </tr></table>\n|uhtml|bestof|<h2><strong>Game 2</strong> of <a href=\"/game-bestof3-gen9championsvgc2026regmbbo3-2674150728\">a best-of-3</a></h2>\n|t:|1788306767\n|gametype|doubles\n|player|p1|shibikanon|skyla-masters3|1303\n|player|p2|fritznader002|170|1226\n|gen|9\n|tier|[Gen 9 Champions] VGC 2026 Reg M-B (Bo3)\n|rated|\n|rule|Species Clause: Limit one of each Pokémon\n|rule|Item Clause: Limit 1 of each item\n|clearpoke\n|poke|p1|Charizard, L50, F, shiny|\n|poke|p1|Venusaur, L50, F|\n|poke|p1|Incineroar, L50, M|\n|poke|p1|Farigiraf, L50, F|\n|poke|p1|Sylveon, L50, M|\n|poke|p1|Rhyperior, L50, F|\n|poke|p2|Raichu, L50, M|\n|poke|p2|Basculegion, L50, M|\n|poke|p2|Garchomp, L50, F|\n|poke|p2|Sneasler, L50, F|\n|poke|p2|Floette-Eternal, L50, F|\n|poke|p2|Kingambit, L50, F|\n|teampreview|4\n|showteam|p1|Charizard||CharizarditeY|Blaze|HeatWave,WeatherBall,AncientPower,Protect|Modest||F|||50|]Venusaur||FocusSash|Chlorophyll|SludgeBomb,LeafStorm,SleepPowder,Protect|Modest||F|||50|]Incineroar||PasshoBerry|Intimidate|FlareBlitz,DarkestLariat,PartingShot,FakeOut|Adamant||M|||50|]Farigiraf||SitrusBerry|ArmorTail|Psychic,Thunderbolt,TrickRoom,Protect|Quiet||F|||50|]Sylveon||FairyFeather|Pixilate|HyperVoice,Yawn,QuickAttack,Detect|Modest||M|||50|]Rhyperior||LifeOrb|SolidRock|HighHorsepower,RockSlide,IcePunch,Protect|Brave||F|||50|\n|showteam|p2|Raichu||RaichuniteY|LightningRod|Protect,FakeOut,ZapCannon,FocusBlast|Timid||M|||50|]Basculegion||LifeOrb|Adaptability|Protect,WaveCrash,LastRespects,AquaJet|Jolly||M|||50|]Garchomp||ChoiceScarf|RoughSkin|Earthquake,DragonClaw,StompingTantrum,RockSlide|Adamant||F|||50|]Sneasler||FocusSash|PoisonTouch|FakeOut,DireClaw,CloseCombat,Feint|Jolly||F|||50|]Floette-Eternal||Floettite|Symbiosis|Protect,DazzlingGleam,Moonblast,LightofRuin|Timid||F|||50|]Kingambit||ChopleBerry|Defiant|KowtowCleave,IronHead,SuckerPunch,LowKick|Adamant||F|||50|\n|inactive|Battle timer is ON: inactive players will automatically lose when time's up. (requested by shibikanon)\n|\n|t:|1788306783\n|teamsize|p1|4\n|teamsize|p2|4\n|start\n|switch|p1a: Charizard|Charizard, L50, F, shiny|100/100\n|switch|p1b: Venusaur|Venusaur, L50, F|100/100\n|switch|p2a: Sneasler|Sneasler, L50, F|100/100\n|switch|p2b: Floette|Floette-Eternal, L50, F|100/100\n|turn|1\n|\n|t:|1788306807\n|switch|p2b: Garchomp|Garchomp, L50, F|100/100\n|detailschange|p1a: Charizard|Charizard-Mega-Y, L50, F, shiny\n|-mega|p1a: Charizard|Charizard|Charizardite Y\n|-weather|SunnyDay|[from] ability: Drought|[of] p1a: Charizard\n|move|p2a: Sneasler|Fake Out|p1b: Venusaur\n|-damage|p1b: Venusaur|80/100\n|cant|p1b: Venusaur|flinch\n|move|p1a: Charizard|Heat Wave|p2b: Garchomp|[spread] p2a,p2b\n|-resisted|p2b: Garchomp|1\n|-damage|p2a: Sneasler|8/100\n|-damage|p2b: Garchomp|64/100\n|\n|-weather|SunnyDay|[upkeep]\n|upkeep\n|turn|2\n|\n|t:|1788306817\n|move|p1b: Venusaur|Sleep Powder|p2b: Garchomp\n|-status|p2b: Garchomp|slp|[from] move: Sleep Powder\n|cant|p2b: Garchomp|slp\n|move|p2a: Sneasler|Dire Claw|p1a: Charizard\n|-damage|p1a: Charizard|58/100\n|-status|p1a: Charizard|psn|[from] ability: Poison Touch|[of] p2a: Sneasler\n|move|p1a: Charizard|Heat Wave|p2b: Garchomp|[spread] p2a,p2b\n|-resisted|p2b: Garchomp|1\n|-damage|p2a: Sneasler|0 fnt\n|-damage|p2b: Garchomp|30/100 slp\n|faint|p2a: Sneasler\n|\n|-weather|SunnyDay|[upkeep]\n|-damage|p1a: Charizard|46/100 psn|[from] psn\n|upkeep\n|\n|t:|1788306824\n|switch|p2a: Basculegion|Basculegion, L50, M|100/100\n|turn|3\n|\n|t:|1788306837\n|switch|p1a: Incineroar|Incineroar, L50, M|100/100\n|-ability|p1a: Incineroar|Intimidate|boost\n|-unboost|p2a: Basculegion|atk|1\n|-unboost|p2b: Garchomp|atk|1\n|move|p2a: Basculegion|Protect|p2a: Basculegion\n|-singleturn|p2a: Basculegion|Protect\n|move|p1b: Venusaur|Leaf Storm|p2a: Basculegion\n|-activate|p2a: Basculegion|move: Protect\n|cant|p2b: Garchomp|slp\n|\n|-weather|SunnyDay|[upkeep]\n|upkeep\n|turn|4\n|\n|t:|1788306849\n|move|p2a: Basculegion|Protect|p2a: Basculegion\n|-singleturn|p2a: Basculegion|Protect\n|move|p1b: Venusaur|Leaf Storm|p2b: Garchomp\n|-damage|p2b: Garchomp|0 fnt\n|-unboost|p1b: Venusaur|spa|2\n|faint|p2b: Garchomp\n|move|p1a: Incineroar|Parting Shot|p2a: Basculegion\n|-activate|p2a: Basculegion|move: Protect\n|\n|-weather|SunnyDay|[upkeep]\n|upkeep\n|\n|t:|1788306853\n|switch|p2b: Floette|Floette-Eternal, L50, F|100/100\n|turn|5\n|\n|t:|1788306860\n|detailschange|p2b: Floette|Floette-Mega, L50, F\n|-mega|p2b: Floette|Floette|Floettite\n|-ability|p2b: Floette|Fairy Aura\n|move|p1b: Venusaur|Sleep Powder|p2b: Floette\n|-status|p2b: Floette|slp|[from] move: Sleep Powder\n|cant|p2b: Floette|slp\n|move|p2a: Basculegion|Last Respects|p1b: Venusaur\n|-damage|p1b: Venusaur|0 fnt\n|faint|p1b: Venusaur\n|-damage|p2a: Basculegion|90/100|[from] item: Life Orb\n|move|p1a: Incineroar|Darkest Lariat|p2a: Basculegion\n|-supereffective|p2a: Basculegion|1\n|-damage|p2a: Basculegion|0 fnt\n|faint|p2a: Basculegion\n|\n|-weather|none\n|upkeep\n|\n|t:|1788306873\n|switch|p1b: Charizard|Charizard-Mega-Y, L50, F, shiny|46/100 psn\n|-weather|SunnyDay|[from] ability: Drought|[of] p1b: Charizard\n|turn|6\n|\n|t:|1788306882\n|cant|p2b: Floette|slp\n|move|p1b: Charizard|Weather Ball|p2b: Floette\n|-damage|p2b: Floette|28/100 slp\n|move|p1a: Incineroar|Flare Blitz|p2b: Floette\n|-damage|p2b: Floette|0 fnt\n|faint|p2b: Floette\n|-damage|p1a: Incineroar|93/100|[from] Recoil\n|\n|win|shibikanon\n|raw|shibikanon's rating: 1303 &rarr; <strong>1319</strong><br />(+16 for winning)\n|raw|fritznader002's rating: 1226 &rarr; <strong>1206</strong><br />(-20 for losing)\n","uploadtime":1788306882,"views":"0","formatid":"gen9championsvgc2026regmbbo3","rating":1206,"private":0,"password":null}