{"id":"gen9championsvgc2026regmb-2674746484","format":"[Gen 9 Champions] VGC 2026 Reg M-B","players":["ImSoCalamari","Hesperus0122"],"log":"|j|☆ImSoCalamari\n|j|☆Hesperus0122\n|t:|1788399766\n|gametype|doubles\n|player|p1|ImSoCalamari|aromalady|1274\n|player|p2|Hesperus0122|waitress-gen4|1233\n|gen|9\n|tier|[Gen 9 Champions] VGC 2026 Reg M-B\n|rated|\n|rule|Species Clause: Limit one of each Pokémon\n|rule|Item Clause: Limit 1 of each item\n|clearpoke\n|poke|p1|Sylveon, L50, M|\n|poke|p1|Raichu, L50, M|\n|poke|p1|Staraptor, L50, F|\n|poke|p1|Arcanine-Hisui, L50, F|\n|poke|p1|Farigiraf, L50, M|\n|poke|p1|Kingambit, L50, F|\n|poke|p2|Archaludon, L50, M|\n|poke|p2|Pelipper, L50, F|\n|poke|p2|Swampert, L50, M|\n|poke|p2|Staraptor, L50, M|\n|poke|p2|Sinistcha-Masterpiece, L50|\n|poke|p2|Whimsicott, L50, F|\n|teampreview|4\n|inactive|Battle timer is ON: inactive players will automatically lose when time's up. (requested by Hesperus0122)\n|inactive|ImSoCalamari has 60 seconds left.\n|\n|t:|1788399820\n|teamsize|p1|4\n|teamsize|p2|4\n|start\n|switch|p1a: Staraptor|Staraptor, L50, F|100/100\n|switch|p1b: Sylveon|Sylveon, L50, M|100/100\n|switch|p2a: Staraptor|Staraptor, L50, M|100/100\n|switch|p2b: Whimsicott|Whimsicott, L50, F|100/100\n|-ability|p1a: Staraptor|Intimidate|boost\n|-unboost|p2a: Staraptor|atk|1\n|-unboost|p2b: Whimsicott|atk|1\n|-ability|p2a: Staraptor|Intimidate|boost\n|-unboost|p1a: Staraptor|atk|1\n|-unboost|p1b: Sylveon|atk|1\n|turn|1\n|inactive|ImSoCalamari has 30 seconds left.\n|inactive|ImSoCalamari has 20 seconds left.\n|inactive|ImSoCalamari has 15 seconds left.\n|\n|t:|1788399861\n|detailschange|p1a: Staraptor|Staraptor-Mega, L50, F\n|-mega|p1a: Staraptor|Staraptor|Staraptite\n|detailschange|p2a: Staraptor|Staraptor-Mega, L50, M\n|-mega|p2a: Staraptor|Staraptor|Staraptite\n|move|p2b: Whimsicott|Charm|p2a: Staraptor\n|-boost|p2a: Staraptor|atk|2\n|move|p2a: Staraptor|Close Combat|p1b: Sylveon\n|-resisted|p1b: Sylveon|1\n|-damage|p1b: Sylveon|45/100\n|-boost|p2a: Staraptor|def|1\n|-boost|p2a: Staraptor|spd|1\n|move|p1a: Staraptor|Close Combat|p2b: Whimsicott\n|-resisted|p2b: Whimsicott|1\n|-damage|p2b: Whimsicott|70/100\n|-boost|p1a: Staraptor|def|1\n|-boost|p1a: Staraptor|spd|1\n|move|p1b: Sylveon|Hyper Voice|p2b: Whimsicott|[spread] p2a,p2b\n|-supereffective|p2a: Staraptor|1\n|-damage|p2a: Staraptor|36/100\n|-damage|p2b: Whimsicott|0 fnt\n|faint|p2b: Whimsicott\n|\n|upkeep\n|\n|t:|1788399871\n|switch|p2b: Pelipper|Pelipper, L50, F|100/100\n|-weather|RainDance|[from] ability: Drizzle|[of] p2b: Pelipper\n|turn|2\n|\n|t:|1788399890\n|move|p2a: Staraptor|Protect|p2a: Staraptor\n|-singleturn|p2a: Staraptor|Protect\n|move|p1b: Sylveon|Protect|p1b: Sylveon\n|-singleturn|p1b: Sylveon|Protect\n|move|p1a: Staraptor|Tailwind|p1a: Staraptor\n|-sidestart|p1: ImSoCalamari|move: Tailwind\n|move|p2b: Pelipper|Hurricane|p1a: Staraptor\n|-supereffective|p1a: Staraptor|1\n|-damage|p1a: Staraptor|47/100\n|\n|-weather|RainDance|[upkeep]\n|upkeep\n|turn|3\n|\n|t:|1788399912\n|switch|p2a: Archaludon|Archaludon, L50, M|100/100\n|move|p1a: Staraptor|Close Combat|p2b: Pelipper\n|-resisted|p2b: Pelipper|1\n|-damage|p2b: Pelipper|80/100\n|-boost|p1a: Staraptor|def|1\n|-boost|p1a: Staraptor|spd|1\n|move|p1b: Sylveon|Hyper Voice|p2b: Pelipper|[spread] p2a,p2b\n|-damage|p2a: Archaludon|58/100\n|-damage|p2b: Pelipper|19/100\n|-ability|p2a: Archaludon|Stamina|boost\n|-boost|p2a: Archaludon|def|1\n|move|p2b: Pelipper|Hurricane|p1a: Staraptor\n|-supereffective|p1a: Staraptor|1\n|-crit|p1a: Staraptor\n|-damage|p1a: Staraptor|0 fnt\n|faint|p1a: Staraptor\n|\n|-weather|RainDance|[upkeep]\n|-heal|p2a: Archaludon|64/100|[from] item: Leftovers\n|upkeep\n|\n|t:|1788399935\n|switch|p1a: Raichu|Raichu, L50, M|100/100\n|turn|4\n|inactive|ImSoCalamari has 30 seconds left.\n|\n|t:|1788399970\n|move|p2a: Archaludon|Protect|p2a: Archaludon\n|-singleturn|p2a: Archaludon|Protect\n|move|p1a: Raichu|Focus Blast|p2a: Archaludon\n|-activate|p2a: Archaludon|move: Protect\n|move|p1b: Sylveon|Hyper Beam|p2b: Pelipper\n|-damage|p2b: Pelipper|0 fnt\n|-mustrecharge|p1b: Sylveon\n|faint|p2b: Pelipper\n|\n|-weather|RainDance|[upkeep]\n|-heal|p2a: Archaludon|71/100|[from] item: Leftovers\n|upkeep\n|\n|t:|1788399973\n|switch|p2b: Staraptor|Staraptor-Mega, L50, M|36/100\n|turn|5\n|\n|t:|1788399989\n|move|p2b: Staraptor|Protect|p2b: Staraptor\n|-singleturn|p2b: Staraptor|Protect\n|move|p1a: Raichu|Focus Blast|p2a: Archaludon\n|-supereffective|p2a: Archaludon|1\n|-damage|p2a: Archaludon|22/100\n|-ability|p2a: Archaludon|Stamina|boost\n|-boost|p2a: Archaludon|def|1\n|cant|p1b: Sylveon|recharge\n|move|p2a: Archaludon|Snarl|p1b: Sylveon|[spread] p1a,p1b\n|-resisted|p1b: Sylveon|1\n|-damage|p1a: Raichu|85/100\n|-damage|p1b: Sylveon|41/100\n|-unboost|p1a: Raichu|spa|1\n|-unboost|p1b: Sylveon|spa|1\n|\n|-weather|RainDance|[upkeep]\n|-heal|p2a: Archaludon|28/100|[from] item: Leftovers\n|-sideend|p1: ImSoCalamari|move: Tailwind\n|upkeep\n|turn|6\n|inactive|ImSoCalamari has 30 seconds left.\n|\n|t:|1788400021\n|switch|p1b: Farigiraf|Farigiraf, L50, M|100/100\n|move|p2b: Staraptor|Roost|p2b: Staraptor\n|-heal|p2b: Staraptor|86/100\n|-singleturn|p2b: Staraptor|move: Roost\n|move|p1a: Raichu|Focus Blast|p2a: Archaludon\n|-supereffective|p2a: Archaludon|1\n|-damage|p2a: Archaludon|0 fnt\n|faint|p2a: Archaludon\n|\n|-weather|none\n|upkeep\n|turn|7\n|\n|t:|1788400039\n|move|p1a: Raichu|Protect|p1a: Raichu\n|-singleturn|p1a: Raichu|Protect\n|move|p2b: Staraptor|Close Combat|p1a: Raichu\n|-activate|p1a: Raichu|move: Protect\n|move|p1b: Farigiraf|Trick Room|p1b: Farigiraf\n|-fieldstart|move: Trick Room|[of] p1b: Farigiraf\n|\n|upkeep\n|turn|8\n|\n|t:|1788400051\n|move|p1b: Farigiraf|Psychic|p2b: Staraptor\n|-supereffective|p2b: Staraptor|1\n|-damage|p2b: Staraptor|23/100\n|-boost|p2b: Staraptor|spd|1\n|move|p1a: Raichu|Zap Cannon|p2b: Staraptor|[miss]\n|-miss|p1a: Raichu|p2b: Staraptor\n|move|p2b: Staraptor|Close Combat|p1a: Raichu\n|-damage|p1a: Raichu|0 fnt\n|-boost|p2b: Staraptor|def|1\n|-boost|p2b: Staraptor|spd|1\n|faint|p1a: Raichu\n|\n|upkeep\n|\n|t:|1788400054\n|switch|p1a: Sylveon|Sylveon, L50, M|41/100\n|turn|9\n|-message|Hesperus0122 forfeited.\n|\n|win|ImSoCalamari\n|raw|ImSoCalamari's rating: 1274 &rarr; <strong>1296</strong><br />(+22 for winning)\n|raw|Hesperus0122's rating: 1233 &rarr; <strong>1211</strong><br />(-22 for losing)\n|l|☆Hesperus0122\n|player|p2|\n","uploadtime":1788400066,"views":"2","formatid":"gen9championsvgc2026regmb","rating":1211,"private":0,"password":null}