{"id":"gen9championsvgc2026regmb-2673938152","format":"[Gen 9 Champions] VGC 2026 Reg M-B","players":["RishiGreat1234","zacianplays"],"log":"|j|☆RishiGreat1234\n|j|☆zacianplays\n|t:|1788279423\n|gametype|doubles\n|player|p1|RishiGreat1234|leon|\n|player|p2|zacianplays|brawly|\n|gen|9\n|tier|[Gen 9 Champions] VGC 2026 Reg M-B\n|rule|Species Clause: Limit one of each Pokémon\n|rule|Item Clause: Limit 1 of each item\n|clearpoke\n|poke|p1|Charizard, L50, M|\n|poke|p1|Floette-Eternal, L50, F|\n|poke|p1|Basculegion, L50, M|\n|poke|p1|Whimsicott, L50, M|\n|poke|p1|Garchomp, L50, M|\n|poke|p1|Kingambit, L50, F|\n|poke|p2|Staraptor, L50, M, shiny|\n|poke|p2|Delphox, L50, M, shiny|\n|poke|p2|Sinistcha, L50, shiny|\n|poke|p2|Kingambit, L50, M, shiny|\n|poke|p2|Sneasler, L50, M, shiny|\n|poke|p2|Araquanid, L50, M, shiny|\n|teampreview|4\n|inactive|Battle timer is ON: inactive players will automatically lose when time's up. (requested by RishiGreat1234)\n|inactiveoff|Battle timer is now OFF.\n|j| AyushXD\n|\n|t:|1788279489\n|teamsize|p1|4\n|teamsize|p2|4\n|start\n|switch|p1a: Basculegion|Basculegion, L50, M|100/100\n|switch|p1b: Whimsicott|Whimsicott, L50, M|100/100\n|switch|p2a: Delphox|Delphox, L50, M, shiny|100/100\n|switch|p2b: Araquanid|Araquanid, L50, M, shiny|100/100\n|turn|1\n|c|☆RishiGreat1234|fih\n|\n|t:|1788279531\n|switch|p2a: Sinistcha|Sinistcha, L50, shiny|100/100\n|move|p1b: Whimsicott|Tailwind|p1b: Whimsicott\n|-sidestart|p1: RishiGreat1234|move: Tailwind\n|move|p1a: Basculegion|Wave Crash|p2a: Sinistcha\n|-resisted|p2a: Sinistcha|1\n|-damage|p2a: Sinistcha|57/100\n|-damage|p1a: Basculegion|87/100|[from] Recoil\n|move|p2b: Araquanid|Liquidation|p1a: Basculegion\n|-resisted|p1a: Basculegion|1\n|-damage|p1a: Basculegion|43/100\n|\n|upkeep\n|turn|2\n|\n|t:|1788279583\n|move|p2b: Araquanid|Protect|p2b: Araquanid\n|-singleturn|p2b: Araquanid|Protect\n|move|p1b: Whimsicott|Moonblast|p2a: Sinistcha\n|-crit|p2a: Sinistcha\n|-damage|p2a: Sinistcha|5/100\n|-enditem|p2a: Sinistcha|Sitrus Berry|[eat]\n|-heal|p2a: Sinistcha|29/100|[from] item: Sitrus Berry\n|move|p1a: Basculegion|Last Respects|p2a: Sinistcha\n|-supereffective|p2a: Sinistcha|1\n|-damage|p2a: Sinistcha|0 fnt\n|faint|p2a: Sinistcha\n|\n|upkeep\n|\n|t:|1788279597\n|switch|p2a: Sneasler|Sneasler, L50, M, shiny|100/100\n|turn|3\n|\n|t:|1788279615\n|move|p1b: Whimsicott|Protect|p1b: Whimsicott\n|-singleturn|p1b: Whimsicott|Protect\n|move|p2a: Sneasler|Fake Out|p1b: Whimsicott\n|-activate|p1b: Whimsicott|move: Protect\n|move|p1a: Basculegion|Wave Crash|p2a: Sneasler\n|-damage|p2a: Sneasler|0 fnt\n|faint|p2a: Sneasler\n|-damage|p1a: Basculegion|18/100|[from] Recoil\n|move|p2b: Araquanid|Liquidation|p1a: Basculegion\n|-resisted|p1a: Basculegion|1\n|-damage|p1a: Basculegion|0 fnt\n|faint|p1a: Basculegion\n|\n|upkeep\n|\n|t:|1788279638\n|switch|p2a: Delphox|Delphox, L50, M, shiny|100/100\n|switch|p1a: Charizard|Charizard, L50, M|100/100\n|turn|4\n|\n|t:|1788279658\n|detailschange|p1a: Charizard|Charizard-Mega-Y, L50, M\n|-mega|p1a: Charizard|Charizard|Charizardite Y\n|-weather|SunnyDay|[from] ability: Drought|[of] p1a: Charizard\n|move|p2a: Delphox|Protect|p2a: Delphox\n|-singleturn|p2a: Delphox|Protect\n|move|p1b: Whimsicott|Moonblast|p2b: Araquanid\n|-damage|p2b: Araquanid|70/100\n|move|p1a: Charizard|Solar Beam||[still]\n|-prepare|p1a: Charizard|Solar Beam\n|-anim|p1a: Charizard|Solar Beam|p2b: Araquanid\n|-damage|p2b: Araquanid|29/100\n|move|p2b: Araquanid|Liquidation|p1a: Charizard\n|-supereffective|p1a: Charizard|1\n|-damage|p1a: Charizard|13/100\n|\n|-weather|SunnyDay|[upkeep]\n|-sideend|p1: RishiGreat1234|move: Tailwind\n|upkeep\n|turn|5\n|\n|t:|1788279691\n|detailschange|p2a: Delphox|Delphox-Mega, L50, M, shiny\n|-mega|p2a: Delphox|Delphox|Delphoxite\n|move|p2b: Araquanid|Protect|p2b: Araquanid\n|-singleturn|p2b: Araquanid|Protect\n|move|p1b: Whimsicott|Encore|p2a: Delphox\n|-start|p2a: Delphox|Encore\n|move|p2a: Delphox|Protect|p2a: Delphox\n|-singleturn|p2a: Delphox|Protect\n|move|p1a: Charizard|Solar Beam||[still]\n|-prepare|p1a: Charizard|Solar Beam\n|-anim|p1a: Charizard|Solar Beam|p2b: Araquanid\n|-activate|p2b: Araquanid|move: Protect\n|\n|-weather|SunnyDay|[upkeep]\n|upkeep\n|turn|6\n|\n|t:|1788279725\n|switch|p1a: Garchomp|Garchomp, L50, M|100/100\n|move|p2a: Delphox|Protect||[still]\n|-fail|p2a: Delphox\n|move|p1b: Whimsicott|Encore|p2b: Araquanid\n|-start|p2b: Araquanid|Encore\n|move|p2b: Araquanid|Protect||[still]\n|-fail|p2b: Araquanid\n|\n|-weather|SunnyDay|[upkeep]\n|upkeep\n|turn|7\n|-message|zacianplays forfeited.\n|\n|win|RishiGreat1234\n|l|☆zacianplays\n|player|p2|\n","uploadtime":1788279741,"views":"2","formatid":"gen9championsvgc2026regmb","rating":null,"private":0,"password":null}