{"id":"gen9championsvgc2026regmbbo3-2673666080","format":"[Gen 9 Champions] VGC 2026 Reg M-B (Bo3)","players":["bernardomgj","losandy"],"log":"|j|☆bernardomgj\n|j|☆losandy\n|html|<table width=\"100%\"><tr><td align=\"left\">bernardomgj</td><td align=\"right\">losandy</tr><tr><td align=\"left\"><i class=\"fa fa-circle-o\"></i> <i class=\"fa fa-circle-o\"></i> </td><td align=\"right\"><i class=\"fa fa-circle-o\"></i> <i class=\"fa fa-circle\"></i> </tr></table>\n|uhtml|bestof|<h2><strong>Game 2</strong> of <a href=\"/game-bestof3-gen9championsvgc2026regmbbo3-2673664423\">a best-of-3</a></h2>\n|t:|1788229675\n|gametype|doubles\n|player|p1|bernardomgj|169|1052\n|player|p2|losandy|acetrainer-gen4dp|1105\n|gen|9\n|tier|[Gen 9 Champions] VGC 2026 Reg M-B (Bo3)\n|rated|\n|rule|Species Clause: Limit one of each Pokémon\n|rule|Item Clause: Limit 1 of each item\n|clearpoke\n|poke|p1|Garchomp, L50, F|\n|poke|p1|Tyranitar, L50, M|\n|poke|p1|Excadrill, L50, F|\n|poke|p1|Sinistcha, L50|\n|poke|p1|Rotom-Wash, L50|\n|poke|p1|Milotic, L50, F, shiny|\n|poke|p2|Drampa, L50, F|\n|poke|p2|Staraptor, L50, M|\n|poke|p2|Farigiraf, L50, F|\n|poke|p2|Blastoise, L50, F|\n|poke|p2|Sylveon, L50, F|\n|poke|p2|Torkoal, L50, M|\n|teampreview|4\n|showteam|p1|Garchomp||Garchompite|SandVeil|EarthPower,PowerGem,DracoMeteor,Protect|Modest||F|||50|]Tyranitar||ChopleBerry|SandStream|RockSlide,LowKick,DragonDance,Protect|Adamant||M|||50|]Excadrill||FocusSash|SandRush|HighHorsepower,IronHead,RockSlide,Protect|Jolly||F|||50|]Sinistcha||ColburBerry|Hospitality|MatchaGotcha,TrickRoom,RagePowder,Protect|Bold|||||50|]Rotom-Wash||SitrusBerry|Levitate|HydroPump,VoltSwitch,WillOWisp,Protect|Modest|||||50|]Milotic||Leftovers|Competitive|Scald,IceBeam,Recover,Protect|Bold||F|||50|\n|showteam|p2|Drampa||Drampanite|CloudNine|DragonPulse,EarthPower,HyperVoice,Protect|Quiet||F|||50|]Staraptor||ChoiceScarf|Intimidate|CloseCombat,FinalGambit,Uturn,DualWingbeat|Adamant||M|||50|]Farigiraf||SitrusBerry|ArmorTail|Thunderbolt,TwinBeam,TrickRoom,Protect|Quiet||F|||50|]Blastoise||IronBall|RainDish|WaterSpout,FakeOut,IceBeam,Protect|Quiet||F|||50|]Sylveon||FairyFeather|Pixilate|HyperVoice,HyperBeam,QuickAttack,Protect|Quiet||F|||50|]Torkoal||Charcoal|Drought|Eruption,EarthPower,WeatherBall,Protect|Quiet||M|||50|\n|\n|t:|1788229699\n|teamsize|p1|4\n|teamsize|p2|4\n|start\n|switch|p1a: Tyranitar|Tyranitar, L50, M|100/100\n|switch|p1b: Excadrill|Excadrill, L50, F|100/100\n|switch|p2a: Staraptor|Staraptor, L50, M|100/100\n|switch|p2b: Farigiraf|Farigiraf, L50, F|100/100\n|-ability|p2a: Staraptor|Intimidate|boost\n|-unboost|p1a: Tyranitar|atk|1\n|-unboost|p1b: Excadrill|atk|1\n|-weather|Sandstorm|[from] ability: Sand Stream|[of] p1a: Tyranitar\n|turn|1\n|\n|t:|1788229731\n|switch|p1a: Sinistcha|Sinistcha, L50|100/100\n|move|p1b: Excadrill|Rock Slide|p2a: Staraptor|[spread] p2a,p2b\n|-supereffective|p2a: Staraptor|1\n|-damage|p2a: Staraptor|68/100\n|-damage|p2b: Farigiraf|88/100\n|move|p2a: Staraptor|U-turn|p1b: Excadrill\n|-resisted|p1b: Excadrill|1\n|-damage|p1b: Excadrill|86/100\n|\n|t:|1788229743\n|switch|p2a: Sylveon|Sylveon, L50, F|100/100|[from] U-turn\n|cant|p2b: Farigiraf|flinch\n|\n|-weather|Sandstorm|[upkeep]\n|-damage|p1a: Sinistcha|93/100|[from] Sandstorm\n|-damage|p2b: Farigiraf|81/100|[from] Sandstorm\n|-damage|p2a: Sylveon|94/100|[from] Sandstorm\n|upkeep\n|turn|2\n|\n|t:|1788229762\n|switch|p2a: Staraptor|Staraptor, L50, M|68/100\n|-ability|p2a: Staraptor|Intimidate|boost\n|-unboost|p1a: Sinistcha|atk|1\n|-unboost|p1b: Excadrill|atk|1\n|move|p1b: Excadrill|Rock Slide|p2a: Staraptor|[spread] p2a,p2b\n|-supereffective|p2a: Staraptor|1\n|-damage|p2a: Staraptor|40/100\n|-damage|p2b: Farigiraf|72/100\n|cant|p2b: Farigiraf|flinch\n|move|p1a: Sinistcha|Trick Room|p1a: Sinistcha\n|-fieldstart|move: Trick Room|[of] p1a: Sinistcha\n|\n|-weather|Sandstorm|[upkeep]\n|-damage|p2b: Farigiraf|66/100|[from] Sandstorm\n|-damage|p1a: Sinistcha|87/100|[from] Sandstorm\n|-damage|p2a: Staraptor|34/100|[from] Sandstorm\n|upkeep\n|turn|3\n|\n|t:|1788229790\n|move|p1a: Sinistcha|Matcha Gotcha|p2a: Staraptor|[spread] p2a,p2b\n|-resisted|p2a: Staraptor|1\n|-damage|p2a: Staraptor|15/100\n|-heal|p1a: Sinistcha|97/100|[from] drain|[of] p2a: Staraptor\n|-damage|p2b: Farigiraf|42/100\n|-heal|p1a: Sinistcha|100/100|[from] drain|[of] p2b: Farigiraf\n|-enditem|p2b: Farigiraf|Sitrus Berry|[eat]\n|-heal|p2b: Farigiraf|66/100|[from] item: Sitrus Berry\n|move|p2a: Staraptor|Close Combat|p1b: Excadrill\n|-supereffective|p1b: Excadrill|1\n|-damage|p1b: Excadrill|0 fnt\n|-unboost|p2a: Staraptor|def|1\n|-unboost|p2a: Staraptor|spd|1\n|faint|p1b: Excadrill\n|move|p2b: Farigiraf|Trick Room|p2b: Farigiraf\n|-fieldend|move: Trick Room\n|\n|-weather|Sandstorm|[upkeep]\n|-damage|p2a: Staraptor|9/100|[from] Sandstorm\n|-damage|p1a: Sinistcha|93/100|[from] Sandstorm\n|-damage|p2b: Farigiraf|60/100|[from] Sandstorm\n|upkeep\n|\n|t:|1788229808\n|switch|p1b: Garchomp|Garchomp, L50, F|100/100\n|turn|4\n|\n|t:|1788229828\n|switch|p2b: Sylveon|Sylveon, L50, F|94/100\n|detailschange|p1b: Garchomp|Garchomp-Mega, L50, F\n|-mega|p1b: Garchomp|Garchomp|Garchompite\n|move|p1a: Sinistcha|Rage Powder|p1a: Sinistcha\n|-singleturn|p1a: Sinistcha|move: Rage Powder\n|move|p2a: Staraptor|Close Combat|p1a: Sinistcha\n|-immune|p1a: Sinistcha\n|move|p1b: Garchomp|Earth Power|p2b: Sylveon\n|-damage|p2b: Sylveon|49/100\n|\n|-weather|Sandstorm|[upkeep]\n|-damage|p2a: Staraptor|3/100|[from] Sandstorm\n|-damage|p1a: Sinistcha|87/100|[from] Sandstorm\n|-damage|p2b: Sylveon|43/100|[from] Sandstorm\n|upkeep\n|turn|5\n|\n|t:|1788229853\n|switch|p2a: Farigiraf|Farigiraf, L50, F|60/100\n|move|p2b: Sylveon|Protect|p2b: Sylveon\n|-singleturn|p2b: Sylveon|Protect\n|move|p1a: Sinistcha|Rage Powder|p1a: Sinistcha\n|-singleturn|p1a: Sinistcha|move: Rage Powder\n|move|p1b: Garchomp|Earth Power|p2b: Sylveon\n|-activate|p2b: Sylveon|move: Protect\n|\n|-weather|none\n|upkeep\n|turn|6\n|\n|t:|1788229873\n|switch|p1b: Tyranitar|Tyranitar, L50, M|100/100\n|-weather|Sandstorm|[from] ability: Sand Stream|[of] p1b: Tyranitar\n|move|p1a: Sinistcha|Matcha Gotcha|p2b: Sylveon|[spread] p2a,p2b\n|-damage|p2a: Farigiraf|34/100\n|-heal|p1a: Sinistcha|100/100|[from] drain|[of] p2a: Farigiraf\n|-damage|p2b: Sylveon|25/100\n|-status|p2a: Farigiraf|brn\n|move|p2b: Sylveon|Hyper Voice|p1b: Tyranitar|[spread] p1a,p1b\n|-supereffective|p1b: Tyranitar|1\n|-damage|p1a: Sinistcha|42/100\n|-damage|p1b: Tyranitar|44/100\n|move|p2a: Farigiraf|Trick Room|p2a: Farigiraf\n|-fieldstart|move: Trick Room|[of] p2a: Farigiraf\n|\n|-weather|Sandstorm|[upkeep]\n|-damage|p2a: Farigiraf|28/100 brn|[from] Sandstorm\n|-damage|p2b: Sylveon|19/100|[from] Sandstorm\n|-damage|p1a: Sinistcha|35/100|[from] Sandstorm\n|-damage|p2a: Farigiraf|22/100 brn|[from] brn\n|upkeep\n|turn|7\n|\n|t:|1788229896\n|switch|p2a: Drampa|Drampa, L50, F|100/100\n|-ability|p2a: Drampa|Cloud Nine\n|move|p1b: Tyranitar|Protect|p1b: Tyranitar\n|-singleturn|p1b: Tyranitar|Protect\n|move|p2b: Sylveon|Hyper Voice|p1b: Tyranitar|[spread] p1a\n|-activate|p1b: Tyranitar|move: Protect\n|-damage|p1a: Sinistcha|0 fnt\n|faint|p1a: Sinistcha\n|\n|-weather|Sandstorm|[upkeep]\n|upkeep\n|\n|t:|1788229907\n|switch|p1a: Garchomp|Garchomp-Mega, L50, F|100/100\n|turn|8\n|\n|t:|1788229922\n|detailschange|p2a: Drampa|Drampa-Mega, L50, F\n|-mega|p2a: Drampa|Drampa|Drampanite\n|move|p1a: Garchomp|Protect|p1a: Garchomp\n|-singleturn|p1a: Garchomp|Protect\n|move|p2a: Drampa|Hyper Voice|p1b: Tyranitar|[spread] p1b\n|-activate|p1a: Garchomp|move: Protect\n|-resisted|p1b: Tyranitar|1\n|-damage|p1b: Tyranitar|31/100\n|move|p2b: Sylveon|Hyper Voice|p1b: Tyranitar|[spread] p1b\n|-activate|p1a: Garchomp|move: Protect\n|-supereffective|p1b: Tyranitar|1\n|-damage|p1b: Tyranitar|0 fnt\n|faint|p1b: Tyranitar\n|\n|-weather|Sandstorm|[upkeep]\n|-damage|p2a: Drampa|94/100|[from] Sandstorm\n|-damage|p2b: Sylveon|13/100|[from] Sandstorm\n|upkeep\n|turn|9\n|\n|t:|1788229937\n|move|p1a: Garchomp|Protect|p1a: Garchomp\n|-singleturn|p1a: Garchomp|Protect\n|move|p2a: Drampa|Dragon Pulse|p1a: Garchomp\n|-activate|p1a: Garchomp|move: Protect\n|move|p2b: Sylveon|Hyper Voice|p1a: Garchomp\n|-activate|p1a: Garchomp|move: Protect\n|\n|-weather|Sandstorm|[upkeep]\n|-damage|p2a: Drampa|88/100|[from] Sandstorm\n|-damage|p2b: Sylveon|7/100|[from] Sandstorm\n|upkeep\n|turn|10\n|\n|t:|1788229947\n|move|p1a: Garchomp|Protect||[still]\n|-fail|p1a: Garchomp\n|move|p2a: Drampa|Dragon Pulse|p1a: Garchomp\n|-supereffective|p1a: Garchomp|1\n|-damage|p1a: Garchomp|0 fnt\n|faint|p1a: Garchomp\n|\n|win|losandy\n|raw|bernardomgj's rating: 1052 &rarr; <strong>1037</strong><br />(-15 for losing)\n|raw|losandy's rating: 1105 &rarr; <strong>1126</strong><br />(+21 for winning)\n|l|☆bernardomgj\n|player|p1|\n","uploadtime":1788229954,"views":"1","formatid":"gen9championsvgc2026regmbbo3","rating":1037,"private":0,"password":null}