{"id":"gen9championsvgc2026regmb-2674134661","format":"[Gen 9 Champions] VGC 2026 Reg M-B","players":["legit4u","ShomiYomi"],"log":"|j|☆legit4u\n|j|☆ShomiYomi\n|t:|1788304231\n|gametype|doubles\n|player|p1|legit4u|clown|\n|player|p2|ShomiYomi|2|\n|gen|9\n|tier|[Gen 9 Champions] VGC 2026 Reg M-B\n|rule|Species Clause: Limit one of each Pokémon\n|rule|Item Clause: Limit 1 of each item\n|clearpoke\n|poke|p1|Spiritomb, L50, M|\n|poke|p1|Slowbro, L50, F|\n|poke|p1|Rampardos, L50, M|\n|poke|p1|Alakazam, L50, F|\n|poke|p1|Meowstic, L50, M|\n|poke|p1|Kingambit, L50, F|\n|poke|p2|Drampa, L50, F|\n|poke|p2|Barbaracle, L50, F|\n|poke|p2|Armarouge, L50, M|\n|poke|p2|Farigiraf, L50, M, shiny|\n|poke|p2|Clefable, L50, F|\n|poke|p2|Sinistcha, L50|\n|teampreview|4\n|\n|t:|1788304287\n|teamsize|p1|4\n|teamsize|p2|4\n|start\n|switch|p1a: Spiritomb|Spiritomb, L50, M|100/100\n|switch|p1b: Rampardos|Rampardos, L50, M|100/100\n|switch|p2a: Rouge the Bat|Armarouge, L50, M|100/100\n|switch|p2b: Cleffy|Clefable, L50, F|100/100\n|turn|1\n|\n|t:|1788304310\n|move|p2a: Rouge the Bat|Energy Ball|p1b: Rampardos\n|-supereffective|p1b: Rampardos|1\n|-damage|p1b: Rampardos|3/100\n|move|p2b: Cleffy|Dazzling Gleam|p1b: Rampardos|[spread] p1a,p1b\n|-supereffective|p1a: Spiritomb|1\n|-enditem|p1a: Spiritomb|Roseli Berry|[eat]\n|-enditem|p1a: Spiritomb|Roseli Berry|[weaken]\n|-damage|p1a: Spiritomb|78/100\n|-damage|p1b: Rampardos|0 fnt\n|faint|p1b: Rampardos\n|move|p1a: Spiritomb|Trick Room|p1a: Spiritomb\n|-fieldstart|move: Trick Room|[of] p1a: Spiritomb\n|\n|upkeep\n|\n|t:|1788304328\n|switch|p1b: Kingambit|Kingambit, L50, F|100/100\n|turn|2\n|\n|t:|1788304339\n|switch|p2a: Frickgiraf|Farigiraf, L50, M, shiny|100/100\n|move|p1a: Spiritomb|Snarl|p2a: Frickgiraf|[spread] p2a,p2b\n|-supereffective|p2a: Frickgiraf|1\n|-resisted|p2b: Cleffy|1\n|-damage|p2a: Frickgiraf|72/100\n|-damage|p2b: Cleffy|94/100\n|-unboost|p2a: Frickgiraf|spa|1\n|-unboost|p2b: Cleffy|spa|1\n|move|p1b: Kingambit|Iron Head|p2b: Cleffy\n|-supereffective|p2b: Cleffy|1\n|-damage|p2b: Cleffy|6/100\n|-enditem|p2b: Cleffy|Sitrus Berry|[eat]\n|-heal|p2b: Cleffy|31/100|[from] item: Sitrus Berry\n|move|p2b: Cleffy|Dazzling Gleam|p1b: Kingambit|[spread] p1a,p1b\n|-supereffective|p1a: Spiritomb|1\n|-damage|p1a: Spiritomb|53/100\n|-damage|p1b: Kingambit|85/100\n|\n|-heal|p2a: Frickgiraf|78/100|[from] item: Leftovers\n|upkeep\n|turn|3\n|\n|t:|1788304373\n|switch|p2b: Rouge the Bat|Armarouge, L50, M|100/100\n|move|p1a: Spiritomb|Foul Play|p2a: Frickgiraf\n|-supereffective|p2a: Frickgiraf|1\n|-damage|p2a: Frickgiraf|23/100\n|move|p1b: Kingambit|Iron Head|p2b: Rouge the Bat\n|-resisted|p2b: Rouge the Bat|1\n|-damage|p2b: Rouge the Bat|74/100\n|move|p2a: Frickgiraf|Trick Room|p2a: Frickgiraf\n|-fieldend|move: Trick Room\n|\n|-heal|p2a: Frickgiraf|29/100|[from] item: Leftovers\n|upkeep\n|turn|4\n|\n|t:|1788304416\n|move|p2a: Frickgiraf|Helping Hand|p2b: Rouge the Bat\n|-singleturn|p2b: Rouge the Bat|Helping Hand|[of] p2a: Frickgiraf\n|move|p1b: Kingambit|Protect|p1b: Kingambit\n|-singleturn|p1b: Kingambit|Protect\n|move|p2b: Rouge the Bat|Heat Wave|p1a: Spiritomb|[spread] p1a\n|-activate|p1b: Kingambit|move: Protect\n|-damage|p1a: Spiritomb|1/100\n|move|p1a: Spiritomb|Foul Play|p2a: Frickgiraf\n|-supereffective|p2a: Frickgiraf|1\n|-damage|p2a: Frickgiraf|0 fnt\n|faint|p2a: Frickgiraf\n|\n|upkeep\n|\n|t:|1788304433\n|switch|p2a: Cleffy|Clefable, L50, F|31/100\n|turn|5\n|\n|t:|1788304449\n|move|p2a: Cleffy|Follow Me|p2a: Cleffy\n|-singleturn|p2a: Cleffy|move: Follow Me\n|move|p2b: Rouge the Bat|Heat Wave|p1b: Kingambit|[spread] p1a,p1b\n|-supereffective|p1b: Kingambit|1\n|-damage|p1a: Spiritomb|0 fnt\n|-damage|p1b: Kingambit|5/100\n|faint|p1a: Spiritomb\n|move|p1b: Kingambit|Iron Head|p2a: Cleffy\n|-supereffective|p2a: Cleffy|1\n|-crit|p2a: Cleffy\n|-damage|p2a: Cleffy|0 fnt\n|faint|p2a: Cleffy\n|\n|upkeep\n|\n|t:|1788304459\n|switch|p2a: BARBARBAR|Barbaracle, L50, F|100/100\n|switch|p1a: Slowbro|Slowbro, L50, F|100/100\n|turn|6\n|\n|t:|1788304485\n|detailschange|p2a: BARBARBAR|Barbaracle-Mega, L50, F\n|-mega|p2a: BARBARBAR|Barbaracle|Barbaracite\n|detailschange|p1a: Slowbro|Slowbro-Mega, L50, F\n|-mega|p1a: Slowbro|Slowbro|Slowbronite\n|move|p1b: Kingambit|Sucker Punch|p2b: Rouge the Bat\n|-supereffective|p2b: Rouge the Bat|1\n|-damage|p2b: Rouge the Bat|0 fnt\n|faint|p2b: Rouge the Bat\n|move|p2a: BARBARBAR|Rock Slide|p1b: Kingambit|[spread] p1a,p1b\n|-resisted|p1b: Kingambit|1\n|-damage|p1a: Slowbro|80/100\n|-damage|p1b: Kingambit|0 fnt\n|faint|p1b: Kingambit\n|cant|p1a: Slowbro|flinch\n|\n|upkeep\n|turn|7\n|\n|t:|1788304506\n|move|p2a: BARBARBAR|Close Combat|p1a: Slowbro\n|-resisted|p1a: Slowbro|1\n|-damage|p1a: Slowbro|57/100\n|-unboost|p2a: BARBARBAR|def|1\n|-unboost|p2a: BARBARBAR|spd|1\n|move|p1a: Slowbro|Body Press|p2a: BARBARBAR\n|-supereffective|p2a: BARBARBAR|1\n|-damage|p2a: BARBARBAR|30/100\n|\n|upkeep\n|turn|8\n|c|☆legit4u|the fliiinchhh\n|\n|t:|1788304516\n|move|p2a: BARBARBAR|Rock Slide|p1a: Slowbro\n|-damage|p1a: Slowbro|34/100\n|cant|p1a: Slowbro|flinch\n|\n|upkeep\n|turn|9\n|\n|t:|1788304522\n|move|p2a: BARBARBAR|Rock Slide|p1a: Slowbro\n|-damage|p1a: Slowbro|8/100\n|cant|p1a: Slowbro|flinch\n|\n|upkeep\n|turn|10\n|c|☆legit4u|no wauyyyy\n|c|☆legit4u|no wayyyy\n|\n|t:|1788304537\n|move|p2a: BARBARBAR|Close Combat|p1a: Slowbro\n|-resisted|p1a: Slowbro|1\n|-damage|p1a: Slowbro|0 fnt\n|-unboost|p2a: BARBARBAR|def|1\n|-unboost|p2a: BARBARBAR|spd|1\n|faint|p1a: Slowbro\n|\n|win|ShomiYomi\n|c|☆legit4u|TRIPLE FLINCH\n|c|☆ShomiYomi|LMAOOOOO\n|c|☆legit4u|WHAT THE FUCK\n|c|☆ShomiYomi|I CANT BELIEVEE\n|c|☆ShomiYomi|AMAZING\n|c|☆ShomiYomi|GODS WILL\n","uploadtime":1788304545,"views":"4","formatid":"gen9championsvgc2026regmb","rating":null,"private":0,"password":null}