{"id":"gen9championsvgc2026regmbbo3-2674623358","format":"[Gen 9 Champions] VGC 2026 Reg M-B (Bo3)","players":["plaidhaxx","Gabbo7203"],"log":"|j|☆plaidhaxx\n|j|☆Gabbo7203\n|html|<table width=\"100%\"><tr><td align=\"left\">plaidhaxx</td><td align=\"right\">Gabbo7203</tr><tr><td align=\"left\"><i class=\"fa fa-circle\"></i> <i class=\"fa fa-circle-o\"></i> </td><td align=\"right\"><i class=\"fa fa-circle-o\"></i> <i class=\"fa fa-circle-o\"></i> </tr></table>\n|uhtml|bestof|<h2><strong>Game 2</strong> of <a href=\"/game-bestof3-gen9championsvgc2026regmbbo3-2674621016\">a best-of-3</a></h2>\n|t:|1788381588\n|gametype|doubles\n|player|p1|plaidhaxx|grimsley|\n|player|p2|Gabbo7203|caitlin|\n|gen|9\n|tier|[Gen 9 Champions] VGC 2026 Reg M-B (Bo3)\n|rule|Species Clause: Limit one of each Pokémon\n|rule|Item Clause: Limit 1 of each item\n|clearpoke\n|poke|p1|Charizard, L50, M|\n|poke|p1|Gengar, L50, F|\n|poke|p1|Incineroar, L50, M|\n|poke|p1|Dragonite, L50, M|\n|poke|p1|Sneasler, L50, F|\n|poke|p1|Garchomp, L50, M|\n|poke|p2|Chesnaught, L50, F|\n|poke|p2|Kangaskhan, L50, F|\n|poke|p2|Farigiraf, L50, M|\n|poke|p2|Politoed, L50, M|\n|poke|p2|Clefable, L50, M|\n|poke|p2|Kingambit, L50, M|\n|teampreview|4\n|showteam|p1|Charizard||CharizarditeY|Blaze|HeatWave,WeatherBall,AncientPower,Protect|Modest||M|||50|]Gengar||Gengarite|CursedBody|SludgeBomb,ShadowBall,Substitute,Protect|Modest||F|||50|]Incineroar||SitrusBerry|Intimidate|FlareBlitz,ThroatChop,FakeOut,PartingShot|Impish||M|||50|]Dragonite||LifeOrb|InnerFocus|DragonClaw,Superpower,ExtremeSpeed,Protect|Adamant||M|||50|]Sneasler||WhiteHerb|Unburden|CloseCombat,DireClaw,FakeOut,Protect|Jolly||F|||50|]Garchomp||ChoiceScarf|RoughSkin|Earthquake,DragonClaw,RockSlide,StompingTantrum|Adamant||M|||50|\n|showteam|p2|Chesnaught||Chesnaughtite|Bulletproof|BodyPress,SpikyShield,IronDefense,LeechSeed|Relaxed||F|||50|]Kangaskhan||SilkScarf|Scrappy|FakeOut,LastResort|Brave||F|||50|]Farigiraf||SitrusBerry|ArmorTail|TrickRoom,HelpingHand,TwinBeam,AllySwitch|Sassy||M|||50|]Politoed||RindoBerry|Drizzle|WeatherBall,Protect,ChillingWater,Encore|Sassy||M|||50|]Clefable||Leftovers|Unaware|FollowMe,LifeDew,HelpingHand,Moonblast|Relaxed||M|||50|]Kingambit||FocusSash|SupremeOverlord|KowtowCleave,IronHead,SuckerPunch,LowKick|Brave||M|||50|\n|\n|t:|1788381638\n|teamsize|p1|4\n|teamsize|p2|4\n|start\n|switch|p1a: Incineroar|Incineroar, L50, M|100/100\n|switch|p1b: Dragonite|Dragonite, L50, M|100/100\n|switch|p2a: Kangaskhan|Kangaskhan, L50, F|100/100\n|switch|p2b: Farigiraf|Farigiraf, L50, M|100/100\n|-ability|p1a: Incineroar|Intimidate|boost\n|-fail|p2a: Kangaskhan|unboost|atk|[from] ability: Scrappy|[of] p2a: Kangaskhan\n|-unboost|p2b: Farigiraf|atk|1\n|turn|1\n|\n|t:|1788381686\n|move|p2a: Kangaskhan|Fake Out|p1a: Incineroar\n|-damage|p1a: Incineroar|80/100\n|move|p2b: Farigiraf|Ally Switch|p2b: Farigiraf\n|swap|p2b: Farigiraf|0|[from] move: Ally Switch\n|move|p1b: Dragonite|Superpower|p2a: Farigiraf\n|-damage|p2a: Farigiraf|51/100\n|-unboost|p1b: Dragonite|atk|1\n|-unboost|p1b: Dragonite|def|1\n|-damage|p1b: Dragonite|90/100|[from] item: Life Orb\n|cant|p1a: Incineroar|flinch\n|\n|upkeep\n|turn|2\n|\n|t:|1788381726\n|move|p1b: Dragonite|Superpower|p2b: Kangaskhan\n|-supereffective|p2b: Kangaskhan|1\n|-damage|p2b: Kangaskhan|27/100\n|-unboost|p1b: Dragonite|atk|1\n|-unboost|p1b: Dragonite|def|1\n|-damage|p1b: Dragonite|80/100|[from] item: Life Orb\n|move|p2b: Kangaskhan|Last Resort|p1b: Dragonite\n|-damage|p1b: Dragonite|0 fnt\n|faint|p1b: Dragonite\n|move|p1a: Incineroar|Flare Blitz|p2b: Kangaskhan\n|-damage|p2b: Kangaskhan|0 fnt\n|faint|p2b: Kangaskhan\n|-damage|p1a: Incineroar|71/100|[from] Recoil\n|move|p2a: Farigiraf|Trick Room|p2a: Farigiraf\n|-fieldstart|move: Trick Room|[of] p2a: Farigiraf\n|\n|upkeep\n|\n|t:|1788381751\n|switch|p2b: Clefable|Clefable, L50, M|100/100\n|switch|p1b: Charizard|Charizard, L50, M|100/100\n|turn|3\n|\n|t:|1788381769\n|detailschange|p1b: Charizard|Charizard-Mega-Y, L50, M\n|-mega|p1b: Charizard|Charizard|Charizardite Y\n|-weather|SunnyDay|[from] ability: Drought|[of] p1b: Charizard\n|move|p2a: Farigiraf|Helping Hand|p2b: Clefable\n|-singleturn|p2b: Clefable|Helping Hand|[of] p2a: Farigiraf\n|move|p2b: Clefable|Moonblast|p1a: Incineroar\n|-damage|p1a: Incineroar|29/100\n|-enditem|p1a: Incineroar|Sitrus Berry|[eat]\n|-heal|p1a: Incineroar|54/100|[from] item: Sitrus Berry\n|move|p1a: Incineroar|Flare Blitz|p2a: Farigiraf\n|-damage|p2a: Farigiraf|0 fnt\n|faint|p2a: Farigiraf\n|-damage|p1a: Incineroar|35/100|[from] Recoil\n|move|p1b: Charizard|Heat Wave|p2b: Clefable\n|-damage|p2b: Clefable|24/100\n|\n|-weather|SunnyDay|[upkeep]\n|-heal|p2b: Clefable|30/100|[from] item: Leftovers\n|upkeep\n|\n|t:|1788381783\n|switch|p2a: Politoed|Politoed, L50, M|100/100\n|-weather|RainDance|[from] ability: Drizzle|[of] p2a: Politoed\n|turn|4\n|\n|t:|1788381811\n|switch|p1b: Gengar|Gengar, L50, F|100/100\n|move|p2b: Clefable|Life Dew||[still]|[spread] p2a,p2b\n|-fail|p2a: Politoed|heal\n|-heal|p2b: Clefable|55/100\n|move|p2a: Politoed|Weather Ball|p1b: Gengar\n|-crit|p1b: Gengar\n|-damage|p1b: Gengar|1/100\n|-start|p2a: Politoed|Disable|Weather Ball|[from] ability: Cursed Body|[of] p1b: Gengar\n|move|p1a: Incineroar|Parting Shot|p2a: Politoed\n|-unboost|p2a: Politoed|atk|1\n|-unboost|p2a: Politoed|spa|1\n|\n|t:|1788381824\n|switch|p1a: Charizard|Charizard-Mega-Y, L50, M|100/100|[from] Parting Shot\n|-weather|SunnyDay|[from] ability: Drought|[of] p1a: Charizard\n|\n|-weather|SunnyDay|[upkeep]\n|-heal|p2b: Clefable|61/100|[from] item: Leftovers\n|upkeep\n|turn|5\n|\n|t:|1788381869\n|move|p2b: Clefable|Moonblast|p1b: Gengar\n|-resisted|p1b: Gengar|1\n|-damage|p1b: Gengar|0 fnt\n|faint|p1b: Gengar\n|move|p2a: Politoed|Chilling Water|p1a: Charizard\n|-supereffective|p1a: Charizard|1\n|-damage|p1a: Charizard|92/100\n|-unboost|p1a: Charizard|atk|1\n|move|p1a: Charizard|Weather Ball|p2b: Clefable\n|-damage|p2b: Clefable|0 fnt\n|faint|p2b: Clefable\n|\n|-weather|SunnyDay|[upkeep]\n|upkeep\n|\n|t:|1788381882\n|switch|p1b: Incineroar|Incineroar, L50, M|35/100\n|-ability|p1b: Incineroar|Intimidate|boost\n|-unboost|p2a: Politoed|atk|1\n|turn|6\n|c|☆Gabbo7203|ggs\n|\n|t:|1788381902\n|move|p2a: Politoed|Chilling Water|p1a: Charizard\n|-supereffective|p1a: Charizard|1\n|-damage|p1a: Charizard|84/100\n|-unboost|p1a: Charizard|atk|1\n|move|p1b: Incineroar|Throat Chop|p2a: Politoed\n|-damage|p2a: Politoed|71/100\n|-start|p2a: Politoed|Throat Chop|[silent]\n|move|p1a: Charizard|Weather Ball|p2a: Politoed\n|-resisted|p2a: Politoed|1\n|-damage|p2a: Politoed|41/100\n|\n|-weather|SunnyDay|[upkeep]\n|-fieldend|move: Trick Room\n|upkeep\n|turn|7\n|\n|t:|1788381921\n|move|p1a: Charizard|Weather Ball|p2a: Politoed\n|-resisted|p2a: Politoed|1\n|-damage|p2a: Politoed|10/100\n|move|p1b: Incineroar|Flare Blitz|p2a: Politoed\n|-resisted|p2a: Politoed|1\n|-damage|p2a: Politoed|0 fnt\n|faint|p2a: Politoed\n|-damage|p1b: Incineroar|31/100|[from] Recoil\n|\n|win|plaidhaxx\n","uploadtime":1788381921,"views":"3","formatid":"gen9championsvgc2026regmbbo3","rating":null,"private":0,"password":null}