{"id":"gen9championsvgc2026regmbbo3-2674582345","format":"[Gen 9 Champions] VGC 2026 Reg M-B (Bo3)","players":["ClasiusClap","edixex"],"log":"|j|☆ClasiusClap\n|j|☆edixex\n|html|<table width=\"100%\"><tr><td align=\"left\">ClasiusClap</td><td align=\"right\">edixex</tr><tr><td align=\"left\"><i class=\"fa fa-circle-o\"></i> <i class=\"fa fa-circle-o\"></i> </td><td align=\"right\"><i class=\"fa fa-circle-o\"></i> <i class=\"fa fa-circle\"></i> </tr></table>\n|uhtml|bestof|<h2><strong>Game 2</strong> of <a href=\"/game-bestof3-gen9championsvgc2026regmbbo3-2674578973\">a best-of-3</a></h2>\n|t:|1788376581\n|gametype|doubles\n|player|p1|ClasiusClap|2|1176\n|player|p2|edixex|2|1203\n|gen|9\n|tier|[Gen 9 Champions] VGC 2026 Reg M-B (Bo3)\n|rated|\n|rule|Species Clause: Limit one of each Pokémon\n|rule|Item Clause: Limit 1 of each item\n|clearpoke\n|poke|p1|Charizard, L50, F|\n|poke|p1|Garchomp, L50, F|\n|poke|p1|Sylveon, L50, F|\n|poke|p1|Incineroar, L50, M|\n|poke|p1|Whimsicott, L50, M|\n|poke|p1|Basculegion, L50, M|\n|poke|p2|Metagross, L50|\n|poke|p2|Noivern, L50, M|\n|poke|p2|Incineroar, L50, F, shiny|\n|poke|p2|Grimmsnarl, L50, M|\n|poke|p2|Decidueye-Hisui, L50, F|\n|poke|p2|Milotic, L50, M|\n|teampreview|4\n|showteam|p1|Charizard||CharizarditeY|Blaze|HeatWave,SolarBeam,WeatherBall,Protect|Timid||F|||50|]Garchomp||LifeOrb|RoughSkin|Earthquake,DragonClaw,StompingTantrum,Protect|Jolly||F|||50|]Sylveon||FairyFeather|Pixilate|HyperVoice,HyperBeam,Yawn,Detect|Modest||F|||50|]Incineroar||PasshoBerry|Intimidate|ThroatChop,FlareBlitz,FakeOut,PartingShot|Impish||M|||50|]Whimsicott||FocusSash|Prankster|Tailwind,Moonblast,Encore,Protect|Timid||M|||50|]Basculegion||MysticWater|Adaptability|WaveCrash,AquaJet,LastRespects,Protect|Adamant||M|||50|\n|showteam|p2|Metagross||Metagrossite|ClearBody|PsychicFangs,IronHead,Protect,IcePunch|Jolly|||||50|]Noivern||FocusSash|Infiltrator|SuperFang,Tailwind,Protect,DracoMeteor|Timid||M|||50|]Incineroar||SitrusBerry|Intimidate|FakeOut,FlareBlitz,PartingShot,ThroatChop|Impish||F|||50|]Grimmsnarl||LightClay|Prankster|LightScreen,Reflect,PartingShot,SpiritBreak|Careful||M|||50|]Decidueye-Hisui||ScopeLens|Scrappy|UpperHand,LeafBlade,Protect,TripleArrows|Adamant||F|||50|]Milotic||Leftovers|Competitive|IcyWind,Scald,HelpingHand,Protect|Modest||M|||50|\n|\n|t:|1788376635\n|teamsize|p1|4\n|teamsize|p2|4\n|start\n|switch|p1a: Sylveon|Sylveon, L50, F|100/100\n|switch|p1b: Incineroar|Incineroar, L50, M|100/100\n|switch|p2a: Noivern|Noivern, L50, M|100/100\n|switch|p2b: Incineroar|Incineroar, L50, F, shiny|100/100\n|-ability|p1b: Incineroar|Intimidate|boost\n|-unboost|p2a: Noivern|atk|1\n|-unboost|p2b: Incineroar|atk|1\n|-ability|p2b: Incineroar|Intimidate|boost\n|-unboost|p1a: Sylveon|atk|1\n|-unboost|p1b: Incineroar|atk|1\n|turn|1\n|\n|t:|1788376675\n|move|p2a: Noivern|Protect|p2a: Noivern\n|-singleturn|p2a: Noivern|Protect\n|move|p1b: Incineroar|Fake Out|p2b: Incineroar\n|-damage|p2b: Incineroar|95/100\n|move|p1a: Sylveon|Hyper Voice|p2a: Noivern|[spread] p2b\n|-activate|p2a: Noivern|move: Protect\n|-damage|p2b: Incineroar|52/100\n|cant|p2b: Incineroar|flinch\n|\n|upkeep\n|turn|2\n|\n|t:|1788376719\n|move|p2a: Noivern|Super Fang|p1b: Incineroar\n|-damage|p1b: Incineroar|50/100y\n|move|p1b: Incineroar|Throat Chop|p2a: Noivern\n|-crit|p2a: Noivern\n|-damage|p2a: Noivern|35/100\n|-start|p2a: Noivern|Throat Chop|[silent]\n|move|p1a: Sylveon|Hyper Voice|p2b: Incineroar|[spread] p2a,p2b\n|-supereffective|p2a: Noivern|1\n|-damage|p2a: Noivern|0 fnt\n|-damage|p2b: Incineroar|9/100\n|-enditem|p2b: Incineroar|Sitrus Berry|[eat]\n|-heal|p2b: Incineroar|34/100|[from] item: Sitrus Berry\n|faint|p2a: Noivern\n|move|p2b: Incineroar|Parting Shot|p1a: Sylveon\n|-unboost|p1a: Sylveon|atk|1\n|-unboost|p1a: Sylveon|spa|1\n|\n|t:|1788376733\n|switch|p2b: Metagross|Metagross, L50|100/100|[from] Parting Shot\n|\n|upkeep\n|\n|t:|1788376737\n|switch|p2a: Incineroar|Incineroar, L50, F, shiny|34/100\n|-ability|p2a: Incineroar|Intimidate|boost\n|-unboost|p1a: Sylveon|atk|1\n|-unboost|p1b: Incineroar|atk|1\n|turn|3\n|\n|t:|1788376785\n|detailschange|p2b: Metagross|Metagross-Mega, L50\n|-mega|p2b: Metagross|Metagross|Metagrossite\n|move|p2b: Metagross|Iron Head|p1a: Sylveon\n|-supereffective|p1a: Sylveon|1\n|-damage|p1a: Sylveon|0 fnt\n|faint|p1a: Sylveon\n|move|p1b: Incineroar|Parting Shot|p2a: Incineroar\n|-unboost|p2a: Incineroar|atk|1\n|-unboost|p2a: Incineroar|spa|1\n|\n|t:|1788376797\n|switch|p1b: Garchomp|Garchomp, L50, F|100/100|[from] Parting Shot\n|move|p2a: Incineroar|Throat Chop|p1b: Garchomp\n|-damage|p1b: Garchomp|77/100\n|-start|p1b: Garchomp|Throat Chop|[silent]\n|-damage|p2a: Incineroar|21/100|[from] ability: Rough Skin|[of] p1b: Garchomp\n|\n|upkeep\n|\n|t:|1788376804\n|switch|p1a: Charizard|Charizard, L50, F|100/100\n|turn|4\n|\n|t:|1788376833\n|switch|p1b: Incineroar|Incineroar, L50, M|50/100y\n|-ability|p1b: Incineroar|Intimidate|boost\n|-unboost|p2a: Incineroar|atk|1\n|-unboost|p2b: Metagross|atk|1\n|detailschange|p1a: Charizard|Charizard-Mega-Y, L50, F\n|-mega|p1a: Charizard|Charizard|Charizardite Y\n|-weather|SunnyDay|[from] ability: Drought|[of] p1a: Charizard\n|move|p2b: Metagross|Protect|p2b: Metagross\n|-singleturn|p2b: Metagross|Protect\n|move|p1a: Charizard|Heat Wave|p2b: Metagross|[spread] p2a\n|-activate|p2b: Metagross|move: Protect\n|-resisted|p2a: Incineroar|1\n|-crit|p2a: Incineroar\n|-damage|p2a: Incineroar|0 fnt\n|faint|p2a: Incineroar\n|\n|-weather|SunnyDay|[upkeep]\n|upkeep\n|\n|t:|1788376837\n|switch|p2a: Decidueye|Decidueye-Hisui, L50, F|100/100\n|turn|5\n|\n|t:|1788376851\n|move|p2a: Decidueye|Upper Hand|p1b: Incineroar\n|-supereffective|p1b: Incineroar|1\n|-damage|p1b: Incineroar|1/100\n|cant|p1b: Incineroar|flinch\n|move|p2b: Metagross|Iron Head|p1a: Charizard\n|-resisted|p1a: Charizard|1\n|-damage|p1a: Charizard|77/100\n|move|p1a: Charizard|Heat Wave|p2a: Decidueye|[spread] p2a,p2b\n|-supereffective|p2a: Decidueye|1\n|-supereffective|p2b: Metagross|1\n|-damage|p2a: Decidueye|0 fnt\n|-damage|p2b: Metagross|0 fnt\n|faint|p2a: Decidueye\n|faint|p2b: Metagross\n|\n|win|ClasiusClap\n||edixex is ready for game 3.\n|inactive|ClasiusClap has 30 seconds to confirm battle start!\n||ClasiusClap is ready for game 3.\n|uhtml|next|Next: <a href=\"/battle-gen9championsvgc2026regmbbo3-2674584730\"><strong>Game 3 of 3</strong></a>\n|l|☆edixex\n|player|p2|\n","uploadtime":1788376863,"views":"1","formatid":"gen9championsvgc2026regmbbo3","rating":null,"private":0,"password":null}