{"id":"gen9championsvgc2026regmbbo3-2673524735","format":"[Gen 9 Champions] VGC 2026 Reg M-B (Bo3)","players":["humania1","Descugi"],"log":"|j|☆humania1\n|j|☆Descugi\n|html|<table width=\"100%\"><tr><td align=\"left\">humania1</td><td align=\"right\">Descugi</tr><tr><td align=\"left\"><i class=\"fa fa-circle-o\"></i> <i class=\"fa fa-circle-o\"></i> </td><td align=\"right\"><i class=\"fa fa-circle-o\"></i> <i class=\"fa fa-circle-o\"></i> </tr></table>\n|uhtml|bestof|<h2><strong>Game 1</strong> of <a href=\"/game-bestof3-gen9championsvgc2026regmbbo3-2673524734\">a best-of-3</a></h2>\n|t:|1788208401\n|gametype|doubles\n|player|p1|humania1|170|1109\n|player|p2|Descugi|170|1216\n|gen|9\n|tier|[Gen 9 Champions] VGC 2026 Reg M-B (Bo3)\n|rated|\n|rule|Species Clause: Limit one of each Pokémon\n|rule|Item Clause: Limit 1 of each item\n|clearpoke\n|poke|p1|Blastoise, L50, F|\n|poke|p1|Delphox, L50, M, shiny|\n|poke|p1|Incineroar, L50, F|\n|poke|p1|Sinistcha, L50|\n|poke|p1|Sneasler, L50, M|\n|poke|p1|Vivillon, L50, M|\n|poke|p2|Raichu, L50, M|\n|poke|p2|Staraptor, L50, F|\n|poke|p2|Arcanine-Hisui, L50, F|\n|poke|p2|Farigiraf, L50, M|\n|poke|p2|Sylveon, L50, F|\n|poke|p2|Kingambit, L50, M|\n|teampreview|4\n|showteam|p1|Blastoise||Blastoisinite|Torrent|Protect,ShellSmash,WaterSpout,DarkPulse|Modest||F|||50|]Delphox||Delphoxite|Blaze|Protect,HeatWave,Psyshock,NastyPlot|Timid||M|||50|]Incineroar||PasshoBerry|Intimidate|FakeOut,PartingShot,FlareBlitz,ThroatChop|Impish||F|||50|]Sinistcha||SitrusBerry|Hospitality|Protect,MatchaGotcha,TrickRoom,RagePowder|Bold|||||50|]Sneasler||FocusSash|PoisonTouch|QuickGuard,FakeOut,CloseCombat,DireClaw|Jolly||M|||50|]Vivillon||ChoiceScarf|CompoundEyes|Hurricane,SleepPowder,RagePowder,Uturn|Timid||M|||50|\n|showteam|p2|Raichu||RaichuniteY|LightningRod|ZapCannon,FocusBlast,FakeOut,Protect|Timid||M|||50|]Staraptor||Staraptite|Intimidate|CloseCombat,DualWingbeat,Tailwind,Protect|Jolly||F|||50|]Arcanine-Hisui||FocusSash|RockHead|FlareBlitz,HeadSmash,ExtremeSpeed,Protect|Jolly||F|||50|]Farigiraf||SitrusBerry|ArmorTail|Psychic,HelpingHand,TrickRoom,Protect|Calm||M|||50|]Sylveon||FairyFeather|Pixilate|HyperVoice,QuickAttack,HyperBeam,Detect|Modest||F|||50|]Kingambit||LifeOrb|Defiant|KowtowCleave,SuckerPunch,SwordsDance,Protect|Adamant||M|||50|\n|inactive|Battle timer is ON: inactive players will automatically lose when time's up. (requested by humania1)\n|inactive|Descugi has 60 seconds left.\n|\n|t:|1788208434\n|teamsize|p1|4\n|teamsize|p2|4\n|start\n|switch|p1a: Delphox|Delphox, L50, M, shiny|100/100\n|switch|p1b: Incineroar|Incineroar, L50, F|100/100\n|switch|p2a: Farigiraf|Farigiraf, L50, M|100/100\n|switch|p2b: Arcanine|Arcanine-Hisui, L50, F|100/100\n|-ability|p1b: Incineroar|Intimidate|boost\n|-unboost|p2a: Farigiraf|atk|1\n|-unboost|p2b: Arcanine|atk|1\n|turn|1\n|j| nosehabladebruno\n|\n|t:|1788208459\n|switch|p1a: Sinistcha|Sinistcha, L50|100/100\n|move|p2b: Arcanine|Head Smash|p1b: Incineroar\n|-supereffective|p1b: Incineroar|1\n|-damage|p1b: Incineroar|27/100\n|move|p1b: Incineroar|Throat Chop|p2a: Farigiraf\n|-supereffective|p2a: Farigiraf|1\n|-damage|p2a: Farigiraf|46/100\n|-start|p2a: Farigiraf|Throat Chop|[silent]\n|-enditem|p2a: Farigiraf|Sitrus Berry|[eat]\n|-heal|p2a: Farigiraf|71/100|[from] item: Sitrus Berry\n|move|p2a: Farigiraf|Trick Room|p2a: Farigiraf\n|-fieldstart|move: Trick Room|[of] p2a: Farigiraf\n|\n|upkeep\n|turn|2\n|\n|t:|1788208483\n|move|p2a: Farigiraf|Helping Hand|p2b: Arcanine\n|-singleturn|p2b: Arcanine|Helping Hand|[of] p2a: Farigiraf\n|move|p1a: Sinistcha|Matcha Gotcha|p2a: Farigiraf|[spread] p2a\n|-miss|p1a: Sinistcha|p2b: Arcanine\n|-damage|p2a: Farigiraf|52/100\n|move|p1b: Incineroar|Throat Chop|p2a: Farigiraf\n|-supereffective|p2a: Farigiraf|1\n|-damage|p2a: Farigiraf|1/100\n|move|p2b: Arcanine|Flare Blitz|p1a: Sinistcha\n|-supereffective|p1a: Sinistcha|1\n|-damage|p1a: Sinistcha|7/100\n|-enditem|p1a: Sinistcha|Sitrus Berry|[eat]\n|-heal|p1a: Sinistcha|32/100|[from] item: Sitrus Berry\n|\n|-end|p2a: Farigiraf|Throat Chop|[silent]\n|upkeep\n|turn|3\n|inactive|humania1 has 30 seconds left.\n|\n|t:|1788208517\n|move|p2a: Farigiraf|Helping Hand|p2b: Arcanine\n|-singleturn|p2b: Arcanine|Helping Hand|[of] p2a: Farigiraf\n|move|p1a: Sinistcha|Matcha Gotcha|p2a: Farigiraf|[spread] p2a,p2b\n|-damage|p2a: Farigiraf|0 fnt\n|-heal|p1a: Sinistcha|33/100|[from] drain|[of] p2a: Farigiraf\n|-damage|p2b: Arcanine|72/100\n|-heal|p1a: Sinistcha|47/100|[from] drain|[of] p2b: Arcanine\n|faint|p2a: Farigiraf\n|move|p1b: Incineroar|Throat Chop|p2b: Arcanine\n|-damage|p2b: Arcanine|35/100\n|-start|p2b: Arcanine|Throat Chop|[silent]\n|move|p2b: Arcanine|Flare Blitz|p1a: Sinistcha\n|-supereffective|p1a: Sinistcha|1\n|-damage|p1a: Sinistcha|0 fnt\n|faint|p1a: Sinistcha\n|\n|upkeep\n|\n|t:|1788208534\n|switch|p2a: Sylveon|Sylveon, L50, F|100/100\n|switch|p1a: Delphox|Delphox, L50, M, shiny|100/100\n|turn|4\n|inactive|humania1 has 30 seconds left.\n|\n|t:|1788208564\n|detailschange|p1a: Delphox|Delphox-Mega, L50, M, shiny\n|-mega|p1a: Delphox|Delphox|Delphoxite\n|move|p2a: Sylveon|Hyper Voice|p1a: Delphox|[spread] p1a,p1b\n|-resisted|p1a: Delphox|1\n|-damage|p1a: Delphox|78/100\n|-damage|p1b: Incineroar|0 fnt\n|faint|p1b: Incineroar\n|move|p2b: Arcanine|Head Smash|p1a: Delphox\n|-supereffective|p1a: Delphox|1\n|-damage|p1a: Delphox|0 fnt\n|faint|p1a: Delphox\n|\n|-end|p2b: Arcanine|Throat Chop|[silent]\n|upkeep\n|\n|t:|1788208564\n|switch|p1a: Blastoise|Blastoise, L50, F|100/100\n|turn|5\n|\n|t:|1788208580\n|move|p2a: Sylveon|Hyper Voice|p1a: Blastoise\n|-damage|p1a: Blastoise|31/100\n|move|p1a: Blastoise|Water Spout|p2b: Arcanine|[spread] p2a,p2b\n|-supereffective|p2b: Arcanine|2\n|-damage|p2a: Sylveon|83/100\n|-damage|p2b: Arcanine|0 fnt\n|faint|p2b: Arcanine\n|\n|-fieldend|move: Trick Room\n|upkeep\n|\n|t:|1788208587\n|switch|p2b: Staraptor|Staraptor, L50, F|100/100\n|-ability|p2b: Staraptor|Intimidate|boost\n|-unboost|p1a: Blastoise|atk|1\n|turn|6\n|\n|t:|1788208590\n|detailschange|p2b: Staraptor|Staraptor-Mega, L50, F\n|-mega|p2b: Staraptor|Staraptor|Staraptite\n|move|p2b: Staraptor|Close Combat|p1a: Blastoise\n|-damage|p1a: Blastoise|0 fnt\n|-boost|p2b: Staraptor|def|1\n|-boost|p2b: Staraptor|spd|1\n|faint|p1a: Blastoise\n|\n|win|Descugi\n","uploadtime":1788208590,"views":"2","formatid":"gen9championsvgc2026regmbbo3","rating":null,"private":0,"password":null}