{"id":"gen9championsvgc2026regmb-2674558572","format":"[Gen 9 Champions] VGC 2026 Reg M-B","players":["Dragoo145","drevi"],"log":"|j|☆Dragoo145\n|j|☆drevi\n|t:|1788373810\n|gametype|doubles\n|player|p1|Dragoo145|lucas|1000\n|player|p2|drevi|morty|1036\n|gen|9\n|tier|[Gen 9 Champions] VGC 2026 Reg M-B\n|rated|\n|rule|Species Clause: Limit one of each Pokémon\n|rule|Item Clause: Limit 1 of each item\n|clearpoke\n|poke|p1|Raichu, L50, M|\n|poke|p1|Clefable, L50, M|\n|poke|p1|Orthworm, L50, F|\n|poke|p1|Garchomp, L50, F|\n|poke|p1|Pelipper, L50, F|\n|poke|p1|Archaludon, L50, F|\n|poke|p2|Whimsicott, L50, M|\n|poke|p2|Rotom-Wash, L50|\n|poke|p2|Falinks, L50|\n|poke|p2|Dragalge, L50, M|\n|poke|p2|Malamar, L50, F|\n|poke|p2|Pelipper, L50, M|\n|teampreview|4\n|\n|t:|1788373847\n|teamsize|p1|4\n|teamsize|p2|4\n|start\n|switch|p1a: Orthworm|Orthworm, L50, F|100/100\n|switch|p1b: Clefable|Clefable, L50, M|100/100\n|switch|p2a: Falinks|Falinks, L50|100/100\n|switch|p2b: Malamar|Malamar, L50, F|100/100\n|turn|1\n|\n|t:|1788373866\n|detailschange|p2a: Falinks|Falinks-Mega, L50\n|-mega|p2a: Falinks|Falinks|Falinksite\n|move|p2a: Falinks|No Retreat|p2a: Falinks\n|-boost|p2a: Falinks|atk|1\n|-boost|p2a: Falinks|def|1\n|-boost|p2a: Falinks|spa|1\n|-boost|p2a: Falinks|spd|1\n|-boost|p2a: Falinks|spe|1\n|-start|p2a: Falinks|move: No Retreat\n|move|p2b: Malamar|Skill Swap|p2a: Falinks\n|-activate|p2b: Malamar|Skill Swap|||[of] p2a: Falinks\n|-hint|Skill Swap does not announce the abilities of the Pokémon when used between allies.\n|move|p1a: Orthworm|Shed Tail|p1a: Orthworm\n|-start|p1a: Orthworm|Substitute|[from] move: Shed Tail\n|-damage|p1a: Orthworm|49/100\n|-enditem|p1a: Orthworm|Sitrus Berry|[eat]\n|-heal|p1a: Orthworm|74/100|[from] item: Sitrus Berry\n|\n|t:|1788373884\n|switch|p1a: Raichu|Raichu, L50, M|100/100|[from] Shed Tail\n|move|p1b: Clefable|Encore|p2a: Falinks\n|-start|p2a: Falinks|Encore\n|\n|upkeep\n|turn|2\n|\n|t:|1788373909\n|detailschange|p1a: Raichu|Raichu-Mega-Y, L50, M\n|-mega|p1a: Raichu|Raichu|Raichunite Y\n|move|p1b: Clefable|Follow Me|p1b: Clefable\n|-singleturn|p1b: Clefable|move: Follow Me\n|move|p2a: Falinks|No Retreat||[still]\n|-fail|p2a: Falinks\n|move|p1a: Raichu|Nasty Plot|p1a: Raichu\n|-boost|p1a: Raichu|spa|2\n|move|p2b: Malamar|Knock Off|p1b: Clefable\n|-resisted|p1b: Clefable|1\n|-damage|p1b: Clefable|83/100\n|-enditem|p1b: Clefable|Focus Sash|[from] move: Knock Off|[of] p2b: Malamar\n|\n|upkeep\n|turn|3\n|\n|t:|1788373950\n|move|p1b: Clefable|Helping Hand|p1a: Raichu\n|-singleturn|p1a: Raichu|Helping Hand|[of] p1b: Clefable\n|move|p2a: Falinks|No Retreat||[still]\n|-fail|p2a: Falinks\n|move|p1a: Raichu|Zap Cannon|p2a: Falinks\n|-damage|p2a: Falinks|0 fnt\n|faint|p2a: Falinks\n|move|p2b: Malamar|Knock Off|p1a: Raichu\n|-end|p1a: Raichu|Substitute\n|\n|upkeep\n|\n|t:|1788373973\n|switch|p2a: Whimsicott|Whimsicott, L50, M|100/100\n|turn|4\n|\n|t:|1788373989\n|move|p1b: Clefable|Follow Me|p1b: Clefable\n|-singleturn|p1b: Clefable|move: Follow Me\n|move|p2a: Whimsicott|Worry Seed|p1b: Clefable\n|-ability|p1b: Clefable|Insomnia|Unaware|[from] move: Worry Seed\n|move|p1a: Raichu|Zap Cannon|p2a: Whimsicott\n|-resisted|p2a: Whimsicott|1\n|-damage|p2a: Whimsicott|1/100\n|-status|p2a: Whimsicott|par\n|move|p2b: Malamar|Knock Off|p1b: Clefable\n|-resisted|p1b: Clefable|1\n|-damage|p1b: Clefable|71/100\n|\n|upkeep\n|turn|5\n|\n|t:|1788374012\n|switch|p2b: Rotom|Rotom-Wash, L50|100/100\n|move|p2a: Whimsicott|Worry Seed|p1a: Raichu\n|-ability|p1a: Raichu|Insomnia|No Guard|[from] move: Worry Seed\n|move|p1a: Raichu|Zap Cannon|p2b: Rotom\n|-damage|p2b: Rotom|0 fnt\n|faint|p2b: Rotom\n|move|p1b: Clefable|Moonblast|p2a: Whimsicott\n|-damage|p2a: Whimsicott|0 fnt\n|faint|p2a: Whimsicott\n|\n|upkeep\n|\n|t:|1788374021\n|switch|p2b: Malamar|Malamar, L50, F|100/100\n|turn|6\n|\n|t:|1788374039\n|move|p1a: Raichu|Zap Cannon|p2b: Malamar|[miss]\n|-miss|p1a: Raichu|p2b: Malamar\n|move|p2b: Malamar|Superpower|p1a: Raichu\n|-damage|p1a: Raichu|40/100\n|-boost|p2b: Malamar|atk|1\n|-boost|p2b: Malamar|def|1\n|move|p1b: Clefable|Moonblast|p2b: Malamar\n|-supereffective|p2b: Malamar|1\n|-damage|p2b: Malamar|24/100\n|-enditem|p2b: Malamar|Sitrus Berry|[eat]\n|-heal|p2b: Malamar|49/100|[from] item: Sitrus Berry\n|\n|upkeep\n|turn|7\n|\n|t:|1788374055\n|move|p1a: Raichu|Zap Cannon|p2b: Malamar|[miss]\n|-miss|p1a: Raichu|p2b: Malamar\n|move|p2b: Malamar|Superpower|p1a: Raichu\n|-damage|p1a: Raichu|0 fnt\n|-boost|p2b: Malamar|atk|1\n|-boost|p2b: Malamar|def|1\n|faint|p1a: Raichu\n|move|p1b: Clefable|Moonblast|p2b: Malamar\n|-supereffective|p2b: Malamar|1\n|-damage|p2b: Malamar|0 fnt\n|faint|p2b: Malamar\n|\n|win|Dragoo145\n|raw|Dragoo145's rating: 1000 &rarr; <strong>1044</strong><br />(+44 for winning)\n|raw|drevi's rating: 1036 &rarr; <strong>1019</strong><br />(-17 for losing)\n|l|☆drevi\n|player|p2|\n","uploadtime":1788374073,"views":"1","formatid":"gen9championsvgc2026regmb","rating":1019,"private":0,"password":null}