{"id":"gen9championsvgc2026regmb-2673991137","format":"[Gen 9 Champions] VGC 2026 Reg M-B","players":["Dinoaereal","PokemonRangerJon"],"log":"|j|☆Dinoaereal\n|j|☆PokemonRangerJon\n|t:|1788285627\n|gametype|doubles\n|player|p1|Dinoaereal|lucas|1079\n|player|p2|PokemonRangerJon|169|1181\n|gen|9\n|tier|[Gen 9 Champions] VGC 2026 Reg M-B\n|rated|\n|rule|Species Clause: Limit one of each Pokémon\n|rule|Item Clause: Limit 1 of each item\n|clearpoke\n|poke|p1|Corviknight, L50, M|\n|poke|p1|Manectric, L50, F|\n|poke|p1|Whimsicott, L50, M|\n|poke|p1|Basculegion, L50, M|\n|poke|p1|Tyranitar, L50, M|\n|poke|p1|Garchomp, L50, F|\n|poke|p2|Floette-Eternal, L50, F|\n|poke|p2|Feraligatr, L50, F|\n|poke|p2|Incineroar, L50, F|\n|poke|p2|Sneasler, L50, F|\n|poke|p2|Arcanine-Hisui, L50, M|\n|poke|p2|Azumarill, L50, F|\n|teampreview|4\n|inactive|Battle timer is ON: inactive players will automatically lose when time's up. (requested by PokemonRangerJon)\nPokemonRangerJon rejected open team sheets.\n|\n|t:|1788285633\n|teamsize|p1|4\n|teamsize|p2|4\n|start\n|switch|p1a: Corviknight|Corviknight, L50, M|100/100\n|switch|p1b: Whimsicott|Whimsicott, L50, M|100/100\n|switch|p2a: Sneasler|Sneasler, L50, F|100/100\n|switch|p2b: Floette|Floette-Eternal, L50, F|100/100\n|turn|1\n|\n|t:|1788285657\n|detailschange|p2b: Floette|Floette-Mega, L50, F\n|-mega|p2b: Floette|Floette|Floettite\n|-ability|p2b: Floette|Fairy Aura\n|move|p1b: Whimsicott|Protect|p1b: Whimsicott\n|-singleturn|p1b: Whimsicott|Protect\n|move|p1a: Corviknight|Protect|p1a: Corviknight\n|-singleturn|p1a: Corviknight|Protect\n|move|p2a: Sneasler|Close Combat|p1a: Corviknight\n|-activate|p1a: Corviknight|move: Protect\n|move|p2b: Floette|Moonblast|p1a: Corviknight\n|-activate|p1a: Corviknight|move: Protect\n|\n|upkeep\n|turn|2\n|inactive|Dinoaereal has 30 seconds left.\n|inactive|Dinoaereal has 20 seconds left.\n|\n|t:|1788285695\n|move|p1b: Whimsicott|Tailwind|p1b: Whimsicott\n|-sidestart|p1: Dinoaereal|move: Tailwind\n|move|p2a: Sneasler|Close Combat|p1a: Corviknight\n|-damage|p1a: Corviknight|57/100\n|-unboost|p2a: Sneasler|def|1\n|-unboost|p2a: Sneasler|spd|1\n|move|p1a: Corviknight|Iron Defense|p1a: Corviknight\n|-boost|p1a: Corviknight|def|2\n|move|p2b: Floette|Moonblast|p1b: Whimsicott\n|-enditem|p1b: Whimsicott|Focus Sash\n|-damage|p1b: Whimsicott|1/100\n|\n|upkeep\n|turn|3\n|inactive|Dinoaereal has 30 seconds left.\n|inactive|Dinoaereal has 20 seconds left.\n|\n|t:|1788285730\n|move|p1b: Whimsicott|Encore|p2a: Sneasler\n|-start|p2a: Sneasler|Encore\n|move|p2a: Sneasler|Close Combat|p1b: Whimsicott\n|-resisted|p1b: Whimsicott|1\n|-damage|p1b: Whimsicott|0 fnt\n|-unboost|p2a: Sneasler|def|1\n|-unboost|p2a: Sneasler|spd|1\n|faint|p1b: Whimsicott\n|move|p1a: Corviknight|Brave Bird|p2a: Sneasler\n|-supereffective|p2a: Sneasler|1\n|-enditem|p2a: Sneasler|Focus Sash\n|-damage|p2a: Sneasler|1/100\n|-damage|p1a: Corviknight|30/100|[from] Recoil\n|-enditem|p1a: Corviknight|Sitrus Berry|[eat]\n|-heal|p1a: Corviknight|55/100|[from] item: Sitrus Berry\n|move|p2b: Floette|Moonblast|p1a: Corviknight\n|-resisted|p1a: Corviknight|1\n|-damage|p1a: Corviknight|18/100\n|\n|upkeep\n|\n|t:|1788285742\n|switch|p1b: Manectric|Manectric, L50, F|100/100\n|turn|4\n|\n|t:|1788285766\n|detailschange|p1b: Manectric|Manectric-Mega, L50, F\n|-mega|p1b: Manectric|Manectric|Manectite\n|-ability|p1b: Manectric|Intimidate|boost\n|-unboost|p2a: Sneasler|atk|1\n|-unboost|p2b: Floette|atk|1\n|move|p1b: Manectric|Thunderbolt|p2b: Floette\n|-damage|p2b: Floette|60/100\n|move|p2a: Sneasler|Close Combat|p1a: Corviknight\n|-damage|p1a: Corviknight|5/100\n|-unboost|p2a: Sneasler|def|1\n|-unboost|p2a: Sneasler|spd|1\n|move|p1a: Corviknight|Body Press|p2b: Floette\n|-resisted|p2b: Floette|1\n|-damage|p2b: Floette|27/100\n|move|p2b: Floette|Moonblast|p1b: Manectric\n|-damage|p1b: Manectric|0 fnt\n|faint|p1b: Manectric\n|\n|upkeep\n|\n|t:|1788285780\n|switch|p1b: Basculegion|Basculegion, L50, M|100/100\n|turn|5\n|\n|t:|1788285795\n|switch|p2a: Azumarill|Azumarill, L50, F|100/100\n|move|p1b: Basculegion|Last Respects|p2b: Floette\n|-damage|p2b: Floette|0 fnt\n|faint|p2b: Floette\n|move|p1a: Corviknight|Brave Bird|p2a: Azumarill\n|-damage|p2a: Azumarill|51/100\n|-damage|p1a: Corviknight|0 fnt|[from] Recoil\n|faint|p1a: Corviknight\n|\n|-sideend|p1: Dinoaereal|move: Tailwind\n|upkeep\n|\n|t:|1788285795\n|switch|p2b: Arcanine|Arcanine-Hisui, L50, M|100/100\n|turn|6\n|\n|t:|1788285806\n|move|p1b: Basculegion|Last Respects|p2a: Azumarill\n|-damage|p2a: Azumarill|0 fnt\n|faint|p2a: Azumarill\n|move|p2b: Arcanine|Flare Blitz|p1b: Basculegion\n|-resisted|p1b: Basculegion|1\n|-damage|p1b: Basculegion|51/100\n|-damage|p2b: Arcanine|90/100|[from] item: Life Orb\n|\n|upkeep\n|\n|t:|1788285806\n|switch|p2a: Sneasler|Sneasler, L50, F|1/100\n|turn|7\n|\n|t:|1788285811\n|move|p1b: Basculegion|Last Respects|p2b: Arcanine\n|-damage|p2b: Arcanine|0 fnt\n|faint|p2b: Arcanine\n|move|p2a: Sneasler|Dire Claw|p1b: Basculegion\n|-resisted|p1b: Basculegion|1\n|-damage|p1b: Basculegion|26/100\n|\n|upkeep\n|turn|8\n|\n|t:|1788285814\n|move|p1b: Basculegion|Last Respects|p2a: Sneasler\n|-crit|p2a: Sneasler\n|-damage|p2a: Sneasler|0 fnt\n|faint|p2a: Sneasler\n|\n|win|Dinoaereal\n|raw|Dinoaereal's rating: 1079 &rarr; <strong>1115</strong><br />(+36 for winning)\n|raw|PokemonRangerJon's rating: 1181 &rarr; <strong>1149</strong><br />(-32 for losing)\n","uploadtime":1788285823,"views":"1","formatid":"gen9championsvgc2026regmb","rating":1115,"private":0,"password":null}