{"id":"gen9championsvgc2026regmb-2674621966","format":"[Gen 9 Champions] VGC 2026 Reg M-B","players":["FedVGC","360nodad"],"log":"|j|☆FedVGC\n|j|☆360nodad\n|html|<table width=\"100%\"><tr><td align=\"left\">FedVGC</td><td align=\"right\">360nodad</tr><tr><td align=\"left\"><i class=\"fa fa-circle-o\"></i> <i class=\"fa fa-circle-o\"></i> </td><td align=\"right\"><i class=\"fa fa-circle-o\"></i> <i class=\"fa fa-circle-o\"></i> </tr></table>\n|uhtml|bestof|<h2><strong>Game 1</strong> of <a href=\"/game-bestof3-gen9championsvgc2026regmb-2674621965\">a best-of-3</a></h2>\n|t:|1788381416\n|gametype|doubles\n|player|p1|FedVGC|guitarist-gen4|\n|player|p2|360nodad|aaron|\n|gen|9\n|tier|[Gen 9 Champions] VGC 2026 Reg M-B\n|rule|Species Clause: Limit one of each Pokémon\n|rule|Item Clause: Limit 1 of each item\n|raw|<div class=\"infobox\"><details class=\"readmore\" open><summary><strong>1 custom rule:</strong></summary> Best of = 3</details></div>\n|clearpoke\n|poke|p1|Salazzle, L50, F|\n|poke|p1|Raichu, L50, F|\n|poke|p1|Noivern, L50, F|\n|poke|p1|Basculegion, L50, M|\n|poke|p1|Araquanid, L50, M|\n|poke|p1|Tsareena, L50, F|\n|poke|p2|Snorlax, L50, M|\n|poke|p2|Garchomp, L50, F|\n|poke|p2|Vivillon, L50, M|\n|poke|p2|Meowscarada, L50, M|\n|poke|p2|Gengar, L50, M|\n|poke|p2|Empoleon, L50, F|\n|teampreview|4\nFedVGC rejected open team sheets.\n|c|☆FedVGC|Gl hf\n|c|☆360nodad|glhf\n|\n|t:|1788381481\n|teamsize|p1|4\n|teamsize|p2|4\n|start\n|switch|p1a: Salazzle|Salazzle, L50, F|100/100\n|switch|p1b: Tsareena|Tsareena, L50, F|100/100\n|switch|p2a: Gengar|Gengar, L50, M|100/100\n|switch|p2b: Garchomp|Garchomp, L50, F|100/100\n|turn|1\n|\n|t:|1788381517\n|move|p2b: Garchomp|Protect|p2b: Garchomp\n|-singleturn|p2b: Garchomp|Protect\n|move|p1b: Tsareena|Protect|p1b: Tsareena\n|-singleturn|p1b: Tsareena|Protect\n|move|p2a: Gengar|Icy Wind|p1b: Tsareena|[spread] p1a\n|-activate|p1b: Tsareena|move: Protect\n|-resisted|p1a: Salazzle|1\n|-damage|p1a: Salazzle|86/100\n|-unboost|p1a: Salazzle|spe|1\n|move|p1a: Salazzle|Will-O-Wisp|p2b: Garchomp\n|-activate|p2b: Garchomp|move: Protect\n|\n|upkeep\n|turn|2\n|\n|t:|1788381540\n|switch|p2a: Vivillon|Vivillon, L50, M|100/100\n|detailschange|p2b: Garchomp|Garchomp-Mega, L50, F\n|-mega|p2b: Garchomp|Garchomp|Garchompite\n|move|p2b: Garchomp|Earthquake|p1b: Tsareena|[spread] p1a,p1b\n|-immune|p2a: Vivillon\n|-supereffective|p1a: Salazzle|2\n|-resisted|p1b: Tsareena|1\n|-damage|p1a: Salazzle|0 fnt\n|-damage|p1b: Tsareena|78/100\n|faint|p1a: Salazzle\n|move|p1b: Tsareena|Triple Axel|p2b: Garchomp\n|-supereffective|p2b: Garchomp|2\n|-damage|p2b: Garchomp|85/100\n|-supereffective|p2b: Garchomp|2\n|-crit|p2b: Garchomp\n|-damage|p2b: Garchomp|44/100\n|-supereffective|p2b: Garchomp|2\n|-damage|p2b: Garchomp|0 fnt\n|faint|p2b: Garchomp\n|-hitcount|p2: Garchomp|3\n|\n|upkeep\n|\n|t:|1788381559\n|switch|p1a: Raichu|Raichu, L50, F|100/100\n|switch|p2b: Snorlax|Snorlax, L50, M|100/100\n|turn|3\n|\n|t:|1788381596\n|switch|p2b: Gengar|Gengar, L50, M|100/100\n|detailschange|p1a: Raichu|Raichu-Mega-X, L50, F\n|-mega|p1a: Raichu|Raichu|Raichunite X\n|-fieldstart|move: Electric Terrain|[from] ability: Electric Surge|[of] p1a: Raichu\n|move|p2a: Vivillon|Protect|p2a: Vivillon\n|-singleturn|p2a: Vivillon|Protect\n|move|p1a: Raichu|Fake Out|p2a: Vivillon\n|-activate|p2a: Vivillon|move: Protect\n|move|p1b: Tsareena|Power Whip|p2b: Gengar\n|-resisted|p2b: Gengar|1\n|-damage|p2b: Gengar|70/100\n|\n|upkeep\n|turn|4\n|\n|t:|1788381616\n|switch|p2a: Snorlax|Snorlax, L50, M|100/100\n|move|p1b: Tsareena|Protect|p1b: Tsareena\n|-singleturn|p1b: Tsareena|Protect\n|move|p2b: Gengar|Sludge Bomb|p1b: Tsareena\n|-activate|p1b: Tsareena|move: Protect\n|move|p1a: Raichu|Electroweb|p2b: Gengar|[spread] p2a,p2b\n|-damage|p2a: Snorlax|83/100\n|-damage|p2b: Gengar|29/100\n|-unboost|p2a: Snorlax|spe|1\n|-unboost|p2b: Gengar|spe|1\n|\n|-heal|p2a: Snorlax|88/100|[from] item: Leftovers\n|upkeep\n|turn|5\n|\n|t:|1788381636\n|move|p1a: Raichu|Electroweb|p2b: Gengar|[spread] p2a,p2b\n|-damage|p2a: Snorlax|73/100\n|-damage|p2b: Gengar|0 fnt\n|-unboost|p2a: Snorlax|spe|1\n|-start|p1a: Raichu|Disable|Electroweb|[from] ability: Cursed Body|[of] p2b: Gengar\n|faint|p2b: Gengar\n|move|p1b: Tsareena|Power Whip|p2a: Snorlax\n|-damage|p2a: Snorlax|29/100\n|move|p2a: Snorlax|Body Slam|p1a: Raichu\n|-damage|p1a: Raichu|35/100\n|\n|-heal|p2a: Snorlax|35/100|[from] item: Leftovers\n|upkeep\n|\n|t:|1788381649\n|switch|p2b: Vivillon|Vivillon, L50, M|100/100\n|turn|6\n|\n|t:|1788381674\n|move|p1a: Raichu|Rising Voltage|p2a: Snorlax\n|-hint|Rising Voltage's BP doubled on grounded target.\n|-damage|p2a: Snorlax|0 fnt\n|faint|p2a: Snorlax\n|move|p2b: Vivillon|Pollen Puff|p2: Snorlax|[notarget]\n|-fail|p2b: Vivillon\n|move|p1b: Tsareena|Triple Axel|p2b: Vivillon\n|-supereffective|p2b: Vivillon|1\n|-damage|p2b: Vivillon|79/100\n|-supereffective|p2b: Vivillon|1\n|-damage|p2b: Vivillon|35/100\n|-supereffective|p2b: Vivillon|1\n|-damage|p2b: Vivillon|0 fnt\n|faint|p2b: Vivillon\n|-hitcount|p2: Vivillon|3\n|\n|win|FedVGC\n||FedVGC is ready for game 2.\n||360nodad is ready for game 2.\n|uhtml|next|Next: <a href=\"/battle-gen9championsvgc2026regmb-2674624183\"><strong>Game 2 of 3</strong></a>\n","uploadtime":1788381995,"views":"17","formatid":"gen9championsvgc2026regmb","rating":null,"private":0,"password":null}