{"id":"gen9championsvgc2026regmbbo3-2673688971","format":"[Gen 9 Champions] VGC 2026 Reg M-B (Bo3)","players":["Eliys71996","Luma Tactas"],"log":"|j|☆Eliys71996\n|j|☆Luma Tactas\n|html|<table width=\"100%\"><tr><td align=\"left\">Eliys71996</td><td align=\"right\">Luma Tactas</tr><tr><td align=\"left\"><i class=\"fa fa-circle-o\"></i> <i class=\"fa fa-circle-o\"></i> </td><td align=\"right\"><i class=\"fa fa-circle-o\"></i> <i class=\"fa fa-circle\"></i> </tr></table>\n|uhtml|bestof|<h2><strong>Game 2</strong> of <a href=\"/game-bestof3-gen9championsvgc2026regmbbo3-2673687797\">a best-of-3</a></h2>\n|t:|1788233625\n|gametype|doubles\n|player|p1|Eliys71996|1|1235\n|player|p2|Luma Tactas|acetrainerf|1166\n|gen|9\n|tier|[Gen 9 Champions] VGC 2026 Reg M-B (Bo3)\n|rated|\n|rule|Species Clause: Limit one of each Pokémon\n|rule|Item Clause: Limit 1 of each item\n|clearpoke\n|poke|p1|Basculegion, L50, M|\n|poke|p1|Charizard, L50, F|\n|poke|p1|Kingambit, L50, F|\n|poke|p1|Whimsicott, L50, F|\n|poke|p1|Garchomp, L50, F|\n|poke|p1|Floette-Eternal, L50, F|\n|poke|p2|Gardevoir, L50, F, shiny|\n|poke|p2|Sneasler, L50, M|\n|poke|p2|Sinistcha, L50|\n|poke|p2|Rotom-Wash, L50|\n|poke|p2|Talonflame, L50, M|\n|poke|p2|Garchomp, L50, F|\n|teampreview|4\n|showteam|p1|Basculegion||ColburBerry|Adaptability|WaveCrash,LastRespects,AquaJet,Protect|Adamant||M|||50|]Charizard||CharizarditeY|SolarPower|HeatWave,WeatherBall,AncientPower,Protect|Timid||F|||50|]Kingambit||BlackGlasses|Defiant|KowtowCleave,IronHead,SuckerPunch,Protect|Adamant||F|||50|]Whimsicott||FocusSash|Prankster|Moonblast,Tailwind,Encore,Protect|Timid||F|||50|]Garchomp||LifeOrb|RoughSkin|DragonClaw,Earthquake,RockSlide,Protect|Jolly||F|||50|]Floette-Eternal||Floettite|FlowerVeil|Moonblast,DazzlingGleam,LightofRuin,Protect|Modest||F|||50|\n|showteam|p2|Gardevoir||Gardevoirite|Synchronize|HyperVoice,Psychic,TrickRoom,Protect|Modest||F|||50|]Sneasler||WhiteHerb|Unburden|FakeOut,CloseCombat,DireClaw,Protect|Jolly||M|||50|]Sinistcha||SitrusBerry|Hospitality|MatchaGotcha,RagePowder,StrengthSap,LifeDew|Bold|||||50|]Rotom-Wash||Leftovers|Levitate|Thunderbolt,WillOWisp,HydroPump,Protect|Modest|||||50|]Talonflame||FocusSash|GaleWings|Tailwind,DualWingbeat,FlareBlitz,Protect|Jolly||M|||50|]Garchomp||LifeOrb|RoughSkin|StompingTantrum,RockSlide,Earthquake,Protect|Jolly||F|||50|\n|inactive|Battle timer is ON: inactive players will automatically lose when time's up. (requested by Eliys71996)\n|inactive|Luma Tactas has 60 seconds left.\n|\n|t:|1788233683\n|teamsize|p1|4\n|teamsize|p2|4\n|start\n|switch|p1a: Garchomp|Garchomp, L50, F|100/100\n|switch|p1b: Whimsicott|Whimsicott, L50, F|100/100\n|switch|p2a: Morganucodon|Talonflame, L50, M|100/100\n|switch|p2b: Motorwash|Rotom-Wash, L50|100/100\n|turn|1\n|inactive|Luma Tactas has 30 seconds left.\n|inactive|Luma Tactas has 20 seconds left.\n|inactive|Luma Tactas has 15 seconds left.\n|\n|t:|1788233724\n|move|p1a: Garchomp|Protect|p1a: Garchomp\n|-singleturn|p1a: Garchomp|Protect\n|move|p2a: Morganucodon|Tailwind|p2a: Morganucodon\n|-sidestart|p2: Luma Tactas|move: Tailwind\n|move|p2b: Motorwash|Will-O-Wisp|p1a: Garchomp\n|-activate|p1a: Garchomp|move: Protect\n|move|p1b: Whimsicott|Moonblast|p2a: Morganucodon\n|-resisted|p2a: Morganucodon|1\n|-damage|p2a: Morganucodon|70/100\n|\n|upkeep\n|turn|2\n|\n|t:|1788233748\n|move|p2a: Morganucodon|Protect|p2a: Morganucodon\n|-singleturn|p2a: Morganucodon|Protect\n|move|p1b: Whimsicott|Tailwind|p1b: Whimsicott\n|-sidestart|p1: Eliys71996|move: Tailwind\n|move|p1a: Garchomp|Rock Slide|p2a: Morganucodon|[spread] p2b\n|-activate|p2a: Morganucodon|move: Protect\n|-damage|p2b: Motorwash|70/100\n|-damage|p1a: Garchomp|90/100|[from] item: Life Orb\n|cant|p2b: Motorwash|flinch\n|\n|-heal|p2b: Motorwash|75/100|[from] item: Leftovers\n|upkeep\n|turn|3\n|inactive|Luma Tactas has 30 seconds left.\n|inactive|Luma Tactas has 20 seconds left.\n|inactive|Luma Tactas has 15 seconds left.\n|\n|t:|1788233790\n|switch|p2a: Starflare|Garchomp, L50, F|100/100\n|move|p1b: Whimsicott|Moonblast|p2b: Motorwash\n|-crit|p2b: Motorwash\n|-damage|p2b: Motorwash|15/100\n|move|p1a: Garchomp|Dragon Claw|p2b: Motorwash\n|-damage|p2b: Motorwash|0 fnt\n|faint|p2b: Motorwash\n|-damage|p1a: Garchomp|80/100|[from] item: Life Orb\n|\n|upkeep\n|\n|t:|1788233801\n|switch|p2b: Unseen|Sneasler, L50, M|100/100\n|turn|4\n|\n|t:|1788233825\n|move|p1b: Whimsicott|Protect|p1b: Whimsicott\n|-singleturn|p1b: Whimsicott|Protect\n|move|p1a: Garchomp|Protect|p1a: Garchomp\n|-singleturn|p1a: Garchomp|Protect\n|move|p2b: Unseen|Dire Claw|p1b: Whimsicott\n|-activate|p1b: Whimsicott|move: Protect\n|move|p2a: Starflare|Rock Slide|p1b: Whimsicott|[spread] \n|-activate|p1a: Garchomp|move: Protect\n|-activate|p1b: Whimsicott|move: Protect\n|\n|-sideend|p2: Luma Tactas|move: Tailwind\n|upkeep\n|turn|5\n|inactive|Eliys71996 has 30 seconds left.\n|inactive|Luma Tactas has 30 seconds left.\n|inactive|Eliys71996 has 20 seconds left.\n|inactive|Eliys71996 has 15 seconds left.\n|inactive|Eliys71996 has 10 seconds left.\n|inactive|Luma Tactas has 20 seconds left.\n|\n|t:|1788233874\n|move|p2a: Starflare|Protect|p2a: Starflare\n|-singleturn|p2a: Starflare|Protect\n|move|p1b: Whimsicott|Moonblast|p2a: Starflare\n|-activate|p2a: Starflare|move: Protect\n|move|p1a: Garchomp|Dragon Claw|p2a: Starflare\n|-activate|p2a: Starflare|move: Protect\n|move|p2b: Unseen|Close Combat|p1a: Garchomp\n|-damage|p1a: Garchomp|23/100\n|-unboost|p2b: Unseen|def|1\n|-unboost|p2b: Unseen|spd|1\n|-damage|p2b: Unseen|87/100|[from] ability: Rough Skin|[of] p1a: Garchomp\n|-enditem|p2b: Unseen|White Herb\n|-clearnegativeboost|p2b: Unseen|[silent]\n|\n|-sideend|p1: Eliys71996|move: Tailwind\n|upkeep\n|turn|6\n|inactive|Luma Tactas has 30 seconds left.\n|inactive|Luma Tactas has 20 seconds left.\n|inactive|Luma Tactas has 15 seconds left.\n|inactive|Luma Tactas has 10 seconds left.\n|\n|t:|1788233919\n|switch|p2a: Morganucodon|Talonflame, L50, M|70/100\n|move|p1a: Garchomp|Protect|p1a: Garchomp\n|-singleturn|p1a: Garchomp|Protect\n|move|p1b: Whimsicott|Tailwind|p1b: Whimsicott\n|-sidestart|p1: Eliys71996|move: Tailwind\n|move|p2b: Unseen|Close Combat|p1a: Garchomp\n|-activate|p1a: Garchomp|move: Protect\n|\n|upkeep\n|turn|7\n|inactive|Luma Tactas has 30 seconds left.\n|\n|t:|1788233949\n|move|p2a: Morganucodon|Protect|p2a: Morganucodon\n|-singleturn|p2a: Morganucodon|Protect\n|move|p2b: Unseen|Close Combat|p1a: Garchomp\n|-damage|p1a: Garchomp|0 fnt\n|-unboost|p2b: Unseen|def|1\n|-unboost|p2b: Unseen|spd|1\n|-damage|p2b: Unseen|75/100|[from] ability: Rough Skin|[of] p1a: Garchomp\n|faint|p1a: Garchomp\n|move|p1b: Whimsicott|Moonblast|p2b: Unseen\n|-damage|p2b: Unseen|0 fnt\n|faint|p2b: Unseen\n|\n|upkeep\n|\n|t:|1788233959\n|switch|p2b: Starflare|Garchomp, L50, F|100/100\n|switch|p1a: Basculegion|Basculegion, L50, M|100/100\n|turn|8\n|\n|t:|1788233979\n|move|p1b: Whimsicott|Moonblast|p2b: Starflare\n|-supereffective|p2b: Starflare|1\n|-damage|p2b: Starflare|14/100\n|-unboost|p2b: Starflare|spa|1\n|move|p1a: Basculegion|Wave Crash|p2a: Morganucodon\n|-supereffective|p2a: Morganucodon|1\n|-damage|p2a: Morganucodon|0 fnt\n|faint|p2a: Morganucodon\n|-damage|p1a: Basculegion|81/100|[from] Recoil\n|move|p2b: Starflare|Earthquake|p1a: Basculegion|[spread] p1a,p1b\n|-resisted|p1b: Whimsicott|1\n|-damage|p1a: Basculegion|26/100\n|-damage|p1b: Whimsicott|59/100\n|-damage|p2b: Starflare|4/100|[from] item: Life Orb\n|\n|upkeep\n|turn|9\n|\n|t:|1788233986\n|move|p1b: Whimsicott|Moonblast|p2b: Starflare\n|-supereffective|p2b: Starflare|1\n|-damage|p2b: Starflare|0 fnt\n|faint|p2b: Starflare\n|\n|win|Eliys71996\n||Luma Tactas is ready for game 3.\n|l|☆Eliys71996\n|player|p1|\n||Eliys71996 is ready for game 3.\n|uhtml|next|Next: <a href=\"/battle-gen9championsvgc2026regmbbo3-2673690962\"><strong>Game 3 of 3</strong></a>\n","uploadtime":1788234213,"views":"12","formatid":"gen9championsvgc2026regmbbo3","rating":null,"private":0,"password":null}