{"id":"gen9championsvgc2026regmb-2674566927","format":"[Gen 9 Champions] VGC 2026 Reg M-B","players":["itbelikethat247","elektriktoad2"],"log":"|j|‽itbelikethat247\n|j|☆elektriktoad2\n|t:|1788374762\n|gametype|doubles\n|player|p1|itbelikethat247|265|1701\n|player|p2|elektriktoad2|janine|1732\n|gen|9\n|tier|[Gen 9 Champions] VGC 2026 Reg M-B\n|rated|\n|rule|Species Clause: Limit one of each Pokémon\n|rule|Item Clause: Limit 1 of each item\n|clearpoke\n|poke|p1|Charizard, L50, F|\n|poke|p1|Kingambit, L50, M|\n|poke|p1|Sylveon, L50, M|\n|poke|p1|Aerodactyl, L50, F|\n|poke|p1|Garchomp, L50, M|\n|poke|p1|Farigiraf, L50, F|\n|poke|p2|Victreebel, L50, M|\n|poke|p2|Sneasler, L50, M|\n|poke|p2|Corviknight, L50, M|\n|poke|p2|Sableye, L50, F|\n|poke|p2|Kingambit, L50, F|\n|poke|p2|Raichu, L50, M|\n|teampreview|4\n|j| Therazer456\n|\n|t:|1788374800\n|teamsize|p1|4\n|teamsize|p2|4\n|start\n|switch|p1a: Kingambit|Kingambit, L50, M|100/100\n|switch|p1b: Farigiraf|Farigiraf, L50, F|100/100\n|switch|p2a: Victreebel|Victreebel, L50, M|100/100\n|switch|p2b: Sneasler|Sneasler, L50, M|100/100\n|turn|1\n|\n|t:|1788374815\n|detailschange|p2a: Victreebel|Victreebel-Mega, L50, M\n|-mega|p2a: Victreebel|Victreebel|Victreebelite\n|move|p1a: Kingambit|Sucker Punch|p2a: Victreebel\n|-damage|p2a: Victreebel|52/100\n|move|p2b: Sneasler|Close Combat|p1b: Farigiraf\n|-damage|p1b: Farigiraf|52/100\n|-unboost|p2b: Sneasler|def|1\n|-unboost|p2b: Sneasler|spd|1\n|move|p2a: Victreebel|Sludge Bomb|p1b: Farigiraf\n|-damage|p1b: Farigiraf|9/100\n|-enditem|p1b: Farigiraf|Sitrus Berry|[eat]\n|-heal|p1b: Farigiraf|33/100|[from] item: Sitrus Berry\n|move|p1b: Farigiraf|Psychic Fangs|p2b: Sneasler\n|-supereffective|p2b: Sneasler|2\n|-enditem|p2b: Sneasler|Focus Sash\n|-damage|p2b: Sneasler|1/100\n|\n|upkeep\n|turn|2\n|j| Icy prize\n|j| Witness343\n|\n|t:|1788374871\n|switch|p2b: Sableye|Sableye, L50, F|100/100\n|move|p1b: Farigiraf|Helping Hand|p1a: Kingambit\n|-singleturn|p1a: Kingambit|Helping Hand|[of] p1b: Farigiraf\n|move|p1a: Kingambit|Sucker Punch|p2a: Victreebel\n|-damage|p2a: Victreebel|0 fnt\n|-damage|p1a: Kingambit|52/100|[from] ability: Innards Out|[of] p2a: Victreebel\n|faint|p2a: Victreebel\n|\n|upkeep\n|\n|t:|1788374882\n|switch|p2a: Sneasler|Sneasler, L50, M|1/100\n|turn|3\n|\n|t:|1788374899\n|move|p2a: Sneasler|Protect|p2a: Sneasler\n|-singleturn|p2a: Sneasler|Protect\n|move|p1a: Kingambit|Sucker Punch||[still]\n|-fail|p1a: Kingambit\n|move|p1b: Farigiraf|Thunderbolt|p2a: Sneasler\n|-activate|p2a: Sneasler|move: Protect\n|move|p2b: Sableye|Foul Play|p1b: Farigiraf\n|-supereffective|p1b: Farigiraf|1\n|-damage|p1b: Farigiraf|0 fnt\n|faint|p1b: Farigiraf\n|\n|upkeep\n|\n|t:|1788374902\n|switch|p1b: Sylveon|Sylveon, L50, M|100/100\n|turn|4\n|c| Witness343|why not just use psyshock instead of psychic fangs\n|c| Witness343|for the screens?\n|\n|t:|1788374929\n|switch|p2b: Corviknight|Corviknight, L50, M|100/100\n|move|p1b: Sylveon|Quick Attack|p2a: Sneasler\n|-damage|p2a: Sneasler|0 fnt\n|faint|p2a: Sneasler\n|move|p1a: Kingambit|Kowtow Cleave|p2b: Corviknight\n|-damage|p2b: Corviknight|65/100\n|\n|-heal|p2b: Corviknight|71/100|[from] item: Leftovers\n|upkeep\n|\n|t:|1788374946\n|switch|p2a: Sableye|Sableye, L50, F|100/100\n|turn|5\n|l| Witness343\n|\n|t:|1788374959\n|move|p2a: Sableye|Encore|p1b: Sylveon\n|-start|p1b: Sylveon|Encore\n|move|p1b: Sylveon|Quick Attack|p2a: Sableye|[miss]\n|-miss|p1b: Sylveon|p2a: Sableye\n|move|p2b: Corviknight|Iron Defense|p2b: Corviknight\n|-boost|p2b: Corviknight|def|2\n|move|p1a: Kingambit|Kowtow Cleave|p2b: Corviknight\n|-damage|p2b: Corviknight|55/100\n|\n|-heal|p2b: Corviknight|60/100|[from] item: Leftovers\n|upkeep\n|turn|6\n|\n|t:|1788374970\n|switch|p1b: Charizard|Charizard, L50, F|100/100\n|move|p2b: Corviknight|Brave Bird|p1b: Charizard\n|-damage|p1b: Charizard|54/100\n|-damage|p2b: Corviknight|48/100|[from] Recoil\n|move|p1a: Kingambit|Kowtow Cleave|p2a: Sableye\n|-damage|p2a: Sableye|31/100\n|move|p2a: Sableye|Foul Play|p1b: Charizard\n|-damage|p1b: Charizard|27/100\n|\n|-heal|p2b: Corviknight|54/100|[from] item: Leftovers\n|upkeep\n|turn|7\n|\n|t:|1788374994\n|switch|p1b: Sylveon|Sylveon, L50, M|100/100\n|move|p2b: Corviknight|Roost|p2b: Corviknight\n|-heal|p2b: Corviknight|100/100\n|-singleturn|p2b: Corviknight|move: Roost\n|move|p1a: Kingambit|Kowtow Cleave|p2a: Sableye\n|-damage|p2a: Sableye|0 fnt\n|faint|p2a: Sableye\n|\n|upkeep\n|turn|8\n|j| Witness343\n|\n|t:|1788375009\n|move|p2b: Corviknight|Body Press|p1a: Kingambit\n|-supereffective|p1a: Kingambit|2\n|-damage|p1a: Kingambit|0 fnt\n|faint|p1a: Kingambit\n|move|p1b: Sylveon|Hyper Voice|p2b: Corviknight\n|-resisted|p2b: Corviknight|1\n|-damage|p2b: Corviknight|64/100\n|\n|-heal|p2b: Corviknight|70/100|[from] item: Leftovers\n|upkeep\n|\n|t:|1788375011\n|switch|p1a: Charizard|Charizard, L50, F|27/100\n|turn|9\n|c|☆elektriktoad2|gg\n|\n|t:|1788375016\n|detailschange|p1a: Charizard|Charizard-Mega-Y, L50, F\n|-mega|p1a: Charizard|Charizard|Charizardite Y\n|-weather|SunnyDay|[from] ability: Drought|[of] p1a: Charizard\n|move|p1a: Charizard|Weather Ball|p2b: Corviknight\n|-supereffective|p2b: Corviknight|1\n|-damage|p2b: Corviknight|0 fnt\n|faint|p2b: Corviknight\n|\n|win|itbelikethat247\n|raw|itbelikethat247's rating: 1701 &rarr; <strong>1723</strong><br />(+22 for winning)\n|raw|elektriktoad2's rating: 1732 &rarr; <strong>1710</strong><br />(-22 for losing)\n","uploadtime":1788375019,"views":"0","formatid":"gen9championsvgc2026regmb","rating":1710,"private":0,"password":null}