{"id":"gen9championsvgc2026regmbbo3-2674140533","format":"[Gen 9 Champions] VGC 2026 Reg M-B (Bo3)","players":["kushida3416","platanoso"],"log":"|j|☆kushida3416\n|j|☆platanoso\n|html|<table width=\"100%\"><tr><td align=\"left\">kushida3416</td><td align=\"right\">platanoso</tr><tr><td align=\"left\"><i class=\"fa fa-circle-o\"></i> <i class=\"fa fa-circle-o\"></i> </td><td align=\"right\"><i class=\"fa fa-circle-o\"></i> <i class=\"fa fa-circle-o\"></i> </tr></table>\n|uhtml|bestof|<h2><strong>Game 1</strong> of <a href=\"/game-bestof3-gen9championsvgc2026regmbbo3-2674140532\">a best-of-3</a></h2>\n|t:|1788305140\n|gametype|doubles\n|player|p1|kushida3416|1|1148\n|player|p2|platanoso|madame-gen4|1276\n|gen|9\n|tier|[Gen 9 Champions] VGC 2026 Reg M-B (Bo3)\n|rated|\n|rule|Species Clause: Limit one of each Pokémon\n|rule|Item Clause: Limit 1 of each item\n|clearpoke\n|poke|p1|Froslass, L50, F|\n|poke|p1|Sneasler, L50, F|\n|poke|p1|Basculegion, L50, M|\n|poke|p1|Dragonite, L50, M|\n|poke|p1|Garchomp, L50, M|\n|poke|p1|Kingambit, L50, F|\n|poke|p2|Floette-Eternal, L50, F|\n|poke|p2|Sneasler, L50, M|\n|poke|p2|Incineroar, L50, F|\n|poke|p2|Sinistcha, L50|\n|poke|p2|Delphox, L50, F|\n|poke|p2|Garchomp, L50, M|\n|teampreview|4\n|showteam|p1|Froslass||Froslassite|CursedBody|Blizzard,ShadowBall,AuroraVeil,Protect|Modest||F|||50|]Sneasler||FocusSash|Unburden|FakeOut,CloseCombat,DireClaw,Feint|Jolly||F|||50|]Basculegion||MysticWater|Adaptability|WaveCrash,AquaJet,LastRespects,Protect|Adamant||M|||50|]Dragonite||Dragoninite|Multiscale|DragonPulse,HeatWave,Tailwind,Protect|Modest||M|||50|]Garchomp||RoseliBerry|RoughSkin|Earthquake,DragonClaw,RockSlide,PoisonJab|Jolly||M|||50|]Kingambit||ChopleBerry|Defiant|KowtowCleave,SuckerPunch,IronHead,LowKick|Adamant||F|||50|\n|showteam|p2|Floette-Eternal||Floettite|FlowerVeil|DazzlingGleam,DrainingKiss,CalmMind,Protect|Timid||F|||50|]Sneasler||FocusSash|PoisonTouch|CloseCombat,PoisonJab,FakeOut,Coaching|Jolly||M|||50|]Incineroar||SitrusBerry|Intimidate|FlareBlitz,DarkestLariat,PartingShot,FakeOut|Impish||F|||50|]Sinistcha||OccaBerry|Hospitality|MatchaGotcha,RagePowder,TrickRoom,Protect|Bold|||||50|]Delphox||Delphoxite|Blaze|Psychic,HeatWave,NastyPlot,Protect|Timid||F|||50|]Garchomp||ChoiceScarf|RoughSkin|DragonClaw,StompingTantrum,Earthquake,RockSlide|Adamant||M|||50|\n|inactive|Battle timer is ON: inactive players will automatically lose when time's up. (requested by kushida3416)\n|\n|t:|1788305206\n|teamsize|p1|4\n|teamsize|p2|4\n|start\n|switch|p1a: Dragonite|Dragonite, L50, M|100/100\n|switch|p1b: Basculegion|Basculegion, L50, M|100/100\n|switch|p2a: Floette|Floette-Eternal, L50, F|100/100\n|switch|p2b: Sneasler|Sneasler, L50, M|100/100\n|turn|1\n|inactive|kushida3416 has 30 seconds left.\n|\n|t:|1788305233\n|detailschange|p2a: Floette|Floette-Mega, L50, F\n|-mega|p2a: Floette|Floette|Floettite\n|-ability|p2a: Floette|Fairy Aura\n|detailschange|p1a: Dragonite|Dragonite-Mega, L50, M\n|-mega|p1a: Dragonite|Dragonite|Dragoninite\n|move|p1a: Dragonite|Protect|p1a: Dragonite\n|-singleturn|p1a: Dragonite|Protect\n|move|p2b: Sneasler|Coaching|p2a: Floette\n|-boost|p2a: Floette|atk|1\n|-boost|p2a: Floette|def|1\n|move|p2a: Floette|Calm Mind|p2a: Floette\n|-boost|p2a: Floette|spa|1\n|-boost|p2a: Floette|spd|1\n|move|p1b: Basculegion|Wave Crash|p2a: Floette\n|-damage|p2a: Floette|43/100\n|-damage|p1b: Basculegion|84/100|[from] Recoil\n|\n|upkeep\n|turn|2\n|inactive|platanoso has 30 seconds left.\n|\n|t:|1788305260\n|switch|p2b: Incineroar|Incineroar, L50, F|100/100\n|-ability|p2b: Incineroar|Intimidate|boost\n|-unboost|p1a: Dragonite|atk|1\n|-unboost|p1b: Basculegion|atk|1\n|switch|p1a: Sneasler|Sneasler, L50, F|100/100\n|move|p2a: Floette|Draining Kiss|p1a: Sneasler\n|-damage|p1a: Sneasler|32/100\n|-heal|p2a: Floette|90/100|[from] drain|[of] p1a: Sneasler\n|move|p1b: Basculegion|Wave Crash|p2a: Floette\n|-crit|p2a: Floette\n|-damage|p2a: Floette|0 fnt\n|faint|p2a: Floette\n|-damage|p1b: Basculegion|59/100|[from] Recoil\n|\n|upkeep\n|\n|t:|1788305282\n|switch|p2a: Sneasler|Sneasler, L50, M|100/100\n|turn|3\n|c|☆kushida3416|luck\n|inactive|kushida3416 has 30 seconds left.\n|inactive|platanoso has 30 seconds left.\n|\n|t:|1788305312\n|switch|p1a: Dragonite|Dragonite-Mega, L50, M|100/100\n|move|p2b: Incineroar|Fake Out|p1a: Dragonite\n|-damage|p1a: Dragonite|94/100\n|move|p2a: Sneasler|Coaching|p2b: Incineroar\n|-boost|p2b: Incineroar|atk|1\n|-boost|p2b: Incineroar|def|1\n|move|p1b: Basculegion|Wave Crash|p2b: Incineroar\n|-supereffective|p2b: Incineroar|1\n|-damage|p2b: Incineroar|38/100\n|-enditem|p2b: Incineroar|Sitrus Berry|[eat]\n|-heal|p2b: Incineroar|63/100|[from] item: Sitrus Berry\n|-damage|p1b: Basculegion|40/100|[from] Recoil\n|\n|upkeep\n|turn|4\n|\n|t:|1788305334\n|switch|p2a: Sinistcha|Sinistcha, L50|100/100\n|-heal|p2b: Incineroar|88/100|[from] ability: Hospitality|[of] p2a: Sinistcha\n|switch|p1b: Sneasler|Sneasler, L50, F|32/100\n|move|p1a: Dragonite|Tailwind|p1a: Dragonite\n|-sidestart|p1: kushida3416|move: Tailwind\n|move|p2b: Incineroar|Darkest Lariat|p1b: Sneasler\n|-resisted|p1b: Sneasler|1\n|-crit|p1b: Sneasler\n|-damage|p1b: Sneasler|0 fnt\n|faint|p1b: Sneasler\n|\n|upkeep\n|\n|t:|1788305349\n|switch|p1b: Kingambit|Kingambit, L50, F|100/100\n|turn|5\n|\n|t:|1788305369\n|switch|p1b: Basculegion|Basculegion, L50, M|40/100\n|move|p1a: Dragonite|Heat Wave|p2b: Incineroar|[spread] p2a,p2b\n|-supereffective|p2a: Sinistcha|1\n|-crit|p2a: Sinistcha\n|-enditem|p2a: Sinistcha|Occa Berry|[eat]\n|-enditem|p2a: Sinistcha|Occa Berry|[weaken]\n|-resisted|p2b: Incineroar|1\n|-damage|p2a: Sinistcha|51/100\n|-damage|p2b: Incineroar|74/100\n|move|p2a: Sinistcha|Matcha Gotcha|p1b: Basculegion|[spread] p1a,p1b\n|-resisted|p1a: Dragonite|2\n|-supereffective|p1b: Basculegion|1\n|-damage|p1a: Dragonite|89/100\n|-heal|p2a: Sinistcha|54/100|[from] drain|[of] p1a: Dragonite\n|-damage|p1b: Basculegion|0 fnt\n|-heal|p2a: Sinistcha|78/100|[from] drain|[of] p1b: Basculegion\n|-status|p1a: Dragonite|brn\n|faint|p1b: Basculegion\n|move|p2b: Incineroar|Flare Blitz|p1a: Dragonite\n|-resisted|p1a: Dragonite|1\n|-damage|p1a: Dragonite|55/100 brn\n|-damage|p2b: Incineroar|64/100|[from] Recoil\n|\n|-damage|p1a: Dragonite|49/100 brn|[from] brn\n|upkeep\n|\n|t:|1788305388\n|switch|p1b: Kingambit|Kingambit, L50, F|100/100\n|turn|6\n|\n|t:|1788305400\n|move|p1a: Dragonite|Heat Wave|p2a: Sinistcha|[spread] p2a,p2b\n|-supereffective|p2a: Sinistcha|1\n|-resisted|p2b: Incineroar|1\n|-damage|p2a: Sinistcha|16/100\n|-damage|p2b: Incineroar|51/100\n|move|p1b: Kingambit|Low Kick|p2b: Incineroar\n|-supereffective|p2b: Incineroar|1\n|-damage|p2b: Incineroar|20/100y\n|move|p2a: Sinistcha|Matcha Gotcha|p1a: Dragonite|[spread] p1a,p1b\n|-resisted|p1a: Dragonite|2\n|-resisted|p1b: Kingambit|1\n|-damage|p1a: Dragonite|44/100 brn\n|-heal|p2a: Sinistcha|19/100|[from] drain|[of] p1a: Dragonite\n|-damage|p1b: Kingambit|86/100\n|-heal|p2a: Sinistcha|26/100|[from] drain|[of] p1b: Kingambit\n|move|p2b: Incineroar|Flare Blitz|p1b: Kingambit\n|-supereffective|p1b: Kingambit|1\n|-damage|p1b: Kingambit|0 fnt\n|faint|p1b: Kingambit\n|-damage|p2b: Incineroar|0 fnt|[from] Recoil\n|faint|p2b: Incineroar\n|\n|-damage|p1a: Dragonite|38/100 brn|[from] brn\n|upkeep\n|\n|t:|1788305415\n|switch|p2b: Sneasler|Sneasler, L50, M|100/100\n|turn|7\n|\n|t:|1788305424\n|move|p1a: Dragonite|Protect|p1a: Dragonite\n|-singleturn|p1a: Dragonite|Protect\n|move|p2b: Sneasler|Fake Out|p1a: Dragonite\n|-activate|p1a: Dragonite|move: Protect\n|move|p2a: Sinistcha|Matcha Gotcha|p1a: Dragonite\n|-activate|p1a: Dragonite|move: Protect\n|\n|-damage|p1a: Dragonite|32/100 brn|[from] brn\n|-sideend|p1: kushida3416|move: Tailwind\n|upkeep\n|turn|8\n|\n|t:|1788305432\n|move|p2b: Sneasler|Poison Jab|p1a: Dragonite\n|-damage|p1a: Dragonite|0 fnt\n|faint|p1a: Dragonite\n|\n|win|platanoso\n||platanoso is ready for game 2.\n||kushida3416 is ready for game 2.\n|uhtml|next|Next: <a href=\"/battle-gen9championsvgc2026regmbbo3-2674142474\"><strong>Game 2 of 3</strong></a>\n","uploadtime":1788305143,"views":"1","formatid":"gen9championsvgc2026regmbbo3","rating":null,"private":0,"password":null}