{"id":"gen9championsvgc2026regmbbo3-2674809629","format":"[Gen 9 Champions] VGC 2026 Reg M-B (Bo3)","players":["kingsrowbajax","jwithers93"],"log":"|j|☆kingsrowbajax\n|j|☆jwithers93\n|html|<table width=\"100%\"><tr><td align=\"left\">kingsrowbajax</td><td align=\"right\">jwithers93</tr><tr><td align=\"left\"><i class=\"fa fa-circle-o\"></i> <i class=\"fa fa-circle-o\"></i> </td><td align=\"right\"><i class=\"fa fa-circle-o\"></i> <i class=\"fa fa-circle-o\"></i> </tr></table>\n|uhtml|bestof|<h2><strong>Game 1</strong> of <a href=\"/game-bestof3-gen9championsvgc2026regmbbo3-2674809628\">a best-of-3</a></h2>\n|t:|1788411188\n|gametype|doubles\n|player|p1|kingsrowbajax|265|1325\n|player|p2|jwithers93|marshal|1237\n|gen|9\n|tier|[Gen 9 Champions] VGC 2026 Reg M-B (Bo3)\n|rated|\n|rule|Species Clause: Limit one of each Pokémon\n|rule|Item Clause: Limit 1 of each item\n|clearpoke\n|poke|p1|Blastoise, L50, M|\n|poke|p1|Delphox, L50, M|\n|poke|p1|Sinistcha-Masterpiece, L50|\n|poke|p1|Sneasler, L50, F|\n|poke|p1|Kingambit, L50, M|\n|poke|p1|Incineroar, L50, M|\n|poke|p2|Scovillain, L50, M|\n|poke|p2|Rotom-Wash, L50|\n|poke|p2|Floette-Eternal, L50, F|\n|poke|p2|Garchomp, L50, M|\n|poke|p2|Kingambit, L50, M|\n|poke|p2|Farigiraf, L50, F|\n|teampreview|4\n|showteam|p1|Blastoise||Blastoisinite|RainDish|WaterSpout,DarkPulse,ShellSmash,Protect|Modest||M|||50|]Delphox||Delphoxite|Blaze|HeatWave,Psychic,NastyPlot,Protect|Timid||M|||50|]Sinistcha-Masterpiece||ColburBerry|Hospitality|MatchaGotcha,RagePowder,TrickRoom,Protect|Bold|||||50|]Sneasler||FocusSash|PoisonTouch|FakeOut,PoisonJab,CloseCombat,QuickGuard|Jolly||F|||50|]Kingambit||LifeOrb|Defiant|KowtowCleave,SuckerPunch,SwordsDance,Protect|Adamant||M|||50|]Incineroar||SitrusBerry|Intimidate|FakeOut,FlareBlitz,ThroatChop,PartingShot|Careful||M|||50|\n|showteam|p2|Scovillain||Scovillainite|Chlorophyll|Overheat,LeafStorm,RagePowder,LeechSeed|Bold||M|||50|]Rotom-Wash||ChoiceScarf|Levitate|Electroweb,VoltSwitch,Thunderbolt,HydroPump|Timid|||||50|]Floette-Eternal||Floettite|FlowerVeil|DazzlingGleam,Moonblast,LightofRuin,Protect|Modest||F|||50|]Garchomp||LifeOrb|RoughSkin|Earthquake,DragonClaw,RockSlide,Protect|Jolly||M|||50|]Kingambit||FocusSash|Defiant|SuckerPunch,KowtowCleave,IronHead,Protect|Adamant||M|||50|]Farigiraf||ColburBerry|ArmorTail|TrickRoom,Roar,HelpingHand,Psychic|Bold||F|||50|\n|inactive|Battle timer is ON: inactive players will automatically lose when time's up. (requested by jwithers93)\n|\n|t:|1788411245\n|teamsize|p1|4\n|teamsize|p2|4\n|start\n|switch|p1a: Kingambit|Kingambit, L50, M|100/100\n|switch|p1b: Sneasler|Sneasler, L50, F|100/100\n|switch|p2a: Farigiraf|Farigiraf, L50, F|100/100\n|switch|p2b: Rotom|Rotom-Wash, L50|100/100\n|turn|1\n|inactive|kingsrowbajax has 30 seconds left.\n|inactive|kingsrowbajax has 20 seconds left.\n|inactive|kingsrowbajax has 15 seconds left.\n|inactive|kingsrowbajax has 10 seconds left.\n|\n|t:|1788411290\n|move|p2b: Rotom|Volt Switch|p1a: Kingambit\n|-damage|p1a: Kingambit|70/100\n|\n|t:|1788411303\n|switch|p2b: Garchomp|Garchomp, L50, M|100/100|[from] Volt Switch\n|move|p1b: Sneasler|Close Combat|p2a: Farigiraf\n|-damage|p2a: Farigiraf|51/100\n|-unboost|p1b: Sneasler|def|1\n|-unboost|p1b: Sneasler|spd|1\n|move|p2a: Farigiraf|Psychic|p1b: Sneasler\n|-supereffective|p1b: Sneasler|2\n|-enditem|p1b: Sneasler|Focus Sash\n|-damage|p1b: Sneasler|1/100\n|move|p1a: Kingambit|Kowtow Cleave|p2a: Farigiraf\n|-supereffective|p2a: Farigiraf|1\n|-enditem|p2a: Farigiraf|Colbur Berry|[eat]\n|-enditem|p2a: Farigiraf|Colbur Berry|[weaken]\n|-damage|p2a: Farigiraf|0 fnt\n|faint|p2a: Farigiraf\n|-damage|p1a: Kingambit|60/100|[from] item: Life Orb\n|\n|upkeep\n|\n|t:|1788411324\n|switch|p2a: Rotom|Rotom-Wash, L50|100/100\n|turn|2\n|inactive|kingsrowbajax has 30 seconds left.\n|inactive|kingsrowbajax has 20 seconds left.\n|\n|t:|1788411360\n|switch|p1b: Sinistcha|Sinistcha-Masterpiece, L50|100/100\n|-heal|p1a: Kingambit|85/100|[from] ability: Hospitality|[of] p1b: Sinistcha\n|move|p1a: Kingambit|Sucker Punch|p2b: Garchomp\n|-damage|p2b: Garchomp|44/100\n|-damage|p1a: Kingambit|73/100|[from] ability: Rough Skin|[of] p2b: Garchomp\n|-damage|p1a: Kingambit|63/100|[from] item: Life Orb\n|move|p2a: Rotom|Electroweb|p1a: Kingambit|[spread] p1b\n|-miss|p2a: Rotom|p1a: Kingambit\n|-resisted|p1b: Sinistcha|1\n|-damage|p1b: Sinistcha|91/100\n|-unboost|p1b: Sinistcha|spe|1\n|move|p2b: Garchomp|Earthquake|p1a: Kingambit|[spread] p1a,p1b\n|-immune|p2a: Rotom|[from] ability: Levitate\n|-supereffective|p1a: Kingambit|1\n|-resisted|p1b: Sinistcha|1\n|-damage|p1a: Kingambit|0 fnt\n|-damage|p1b: Sinistcha|73/100\n|faint|p1a: Kingambit\n|-damage|p2b: Garchomp|34/100|[from] item: Life Orb\n|\n|upkeep\n|inactive|kingsrowbajax has 30 seconds left.\n|\n|t:|1788411392\n|switch|p1a: Delphox|Delphox, L50, M|100/100\n|turn|3\n|\n|t:|1788411416\n|detailschange|p1a: Delphox|Delphox-Mega, L50, M\n|-mega|p1a: Delphox|Delphox|Delphoxite\n|move|p1a: Delphox|Protect|p1a: Delphox\n|-singleturn|p1a: Delphox|Protect\n|move|p1b: Sinistcha|Protect|p1b: Sinistcha\n|-singleturn|p1b: Sinistcha|Protect\n|move|p2a: Rotom|Electroweb|p1a: Delphox|[spread] \n|-activate|p1a: Delphox|move: Protect\n|-activate|p1b: Sinistcha|move: Protect\n|move|p2b: Garchomp|Rock Slide|p1a: Delphox|[spread] \n|-activate|p1a: Delphox|move: Protect\n|-activate|p1b: Sinistcha|move: Protect\n|\n|upkeep\n|turn|4\n|\n|t:|1788411437\n|move|p1b: Sinistcha|Rage Powder|p1b: Sinistcha\n|-singleturn|p1b: Sinistcha|move: Rage Powder\n|move|p2a: Rotom|Electroweb|p1b: Sinistcha|[spread] p1a,p1b\n|-resisted|p1b: Sinistcha|1\n|-crit|p1b: Sinistcha\n|-damage|p1a: Delphox|83/100\n|-damage|p1b: Sinistcha|59/100\n|-unboost|p1a: Delphox|spe|1\n|-unboost|p1b: Sinistcha|spe|1\n|move|p2b: Garchomp|Rock Slide|p1b: Sinistcha|[spread] p1a,p1b\n|-supereffective|p1a: Delphox|1\n|-damage|p1a: Delphox|17/100\n|-damage|p1b: Sinistcha|37/100\n|-damage|p2b: Garchomp|24/100|[from] item: Life Orb\n|move|p1a: Delphox|Psychic|p2b: Garchomp\n|-damage|p2b: Garchomp|0 fnt\n|faint|p2b: Garchomp\n|\n|upkeep\n|\n|t:|1788411455\n|switch|p2b: Scovillain|Scovillain, L50, M|100/100\n|turn|5\n|\n|t:|1788411468\n|switch|p1b: Sneasler|Sneasler, L50, F|1/100\n|detailschange|p2b: Scovillain|Scovillain-Mega, L50, M\n|-mega|p2b: Scovillain|Scovillain|Scovillainite\n|move|p1a: Delphox|Protect|p1a: Delphox\n|-singleturn|p1a: Delphox|Protect\n|move|p2a: Rotom|Electroweb|p1a: Delphox|[spread] p1b\n|-activate|p1a: Delphox|move: Protect\n|-damage|p1b: Sneasler|0 fnt\n|faint|p1b: Sneasler\n|move|p2b: Scovillain|Overheat|p1a: Delphox\n|-activate|p1a: Delphox|move: Protect\n|\n|upkeep\n|\n|t:|1788411479\n|switch|p1b: Sinistcha|Sinistcha-Masterpiece, L50|37/100\n|-heal|p1a: Delphox|42/100|[from] ability: Hospitality|[of] p1b: Sinistcha\n|turn|6\n|inactive|kingsrowbajax has 30 seconds left.\n|inactive|jwithers93 has 30 seconds left.\n|\n|t:|1788411509\n|move|p1a: Delphox|Protect|p1a: Delphox\n|-singleturn|p1a: Delphox|Protect\n|move|p2a: Rotom|Electroweb|p1a: Delphox|[spread] p1b\n|-activate|p1a: Delphox|move: Protect\n|-resisted|p1b: Sinistcha|1\n|-damage|p1b: Sinistcha|29/100\n|-unboost|p1b: Sinistcha|spe|1\n|move|p2b: Scovillain|Leech Seed|p1a: Delphox\n|-activate|p1a: Delphox|move: Protect\n|move|p1b: Sinistcha|Matcha Gotcha|p2b: Scovillain|[spread] p2a\n|-miss|p1b: Sinistcha|p2b: Scovillain\n|-supereffective|p2a: Rotom|1\n|-damage|p2a: Rotom|32/100\n|-heal|p1b: Sinistcha|53/100|[from] drain|[of] p2a: Rotom\n|\n|upkeep\n|turn|7\n|\n|t:|1788411534\n|move|p2a: Rotom|Electroweb|p1a: Delphox|[spread] p1a,p1b\n|-resisted|p1b: Sinistcha|1\n|-damage|p1a: Delphox|24/100\n|-damage|p1b: Sinistcha|43/100\n|-unboost|p1a: Delphox|spe|1\n|-unboost|p1b: Sinistcha|spe|1\n|move|p1a: Delphox|Heat Wave|p2a: Rotom|[spread] p2a,p2b\n|-resisted|p2a: Rotom|1\n|-damage|p2a: Rotom|7/100\n|-damage|p2b: Scovillain|56/100\n|move|p2b: Scovillain|Leech Seed|p1a: Delphox\n|-start|p1a: Delphox|move: Leech Seed\n|move|p1b: Sinistcha|Matcha Gotcha|p2b: Scovillain|[spread] p2a\n|-miss|p1b: Sinistcha|p2b: Scovillain\n|-supereffective|p2a: Rotom|1\n|-damage|p2a: Rotom|0 fnt\n|-heal|p1b: Sinistcha|46/100|[from] drain|[of] p2a: Rotom\n|faint|p2a: Rotom\n|\n|-damage|p1a: Delphox|12/100|[from] Leech Seed|[of] p2b: Scovillain\n|-heal|p2b: Scovillain|67/100|[silent]\n|upkeep\n|turn|8\n|inactive|kingsrowbajax has 30 seconds left.\n|inactive|kingsrowbajax has 20 seconds left.\n|\n|t:|1788411570\n|move|p1b: Sinistcha|Rage Powder|p1b: Sinistcha\n|-singleturn|p1b: Sinistcha|move: Rage Powder\n|move|p1a: Delphox|Psychic|p2b: Scovillain\n|-damage|p2b: Scovillain|18/100\n|move|p2b: Scovillain|Overheat|p1b: Sinistcha\n|-supereffective|p1b: Sinistcha|1\n|-damage|p1b: Sinistcha|0 fnt\n|-unboost|p2b: Scovillain|spa|2\n|faint|p1b: Sinistcha\n|\n|-damage|p1a: Delphox|1/100|[from] Leech Seed|[of] p2b: Scovillain\n|-heal|p2b: Scovillain|29/100|[silent]\n|upkeep\n|turn|9\n|inactive|jwithers93 has 30 seconds left.\n|inactive|jwithers93 has 20 seconds left.\n|\n|t:|1788411605\n|move|p1a: Delphox|Psychic|p2b: Scovillain\n|-damage|p2b: Scovillain|0 fnt\n|faint|p2b: Scovillain\n|\n|win|kingsrowbajax\n","uploadtime":1788411605,"views":"0","formatid":"gen9championsvgc2026regmbbo3","rating":null,"private":0,"password":null}