{"id":"gen9championsvgc2026regmb-2673895362","format":"[Gen 9 Champions] VGC 2026 Reg M-B","players":["IronSerpentFan","magicalarcher57"],"log":"|j|☆IronSerpentFan\n|j|☆magicalarcher57\n|html|<table width=\"100%\"><tr><td align=\"left\">IronSerpentFan</td><td align=\"right\">magicalarcher57</tr><tr><td align=\"left\"><i class=\"fa fa-circle-o\"></i> <i class=\"fa fa-circle-o\"></i> </td><td align=\"right\"><i class=\"fa fa-circle-o\"></i> <i class=\"fa fa-circle-o\"></i> </tr></table>\n|uhtml|bestof|<h2><strong>Game 1</strong> of <a href=\"/game-bestof3-gen9championsvgc2026regmb-2673895361\">a best-of-3</a></h2>\n|t:|1788274215\n|gametype|doubles\n|player|p1|IronSerpentFan|schoolkid-gen4|\n|player|p2|magicalarcher57|cynthia-masters|\n|gen|9\n|tier|[Gen 9 Champions] VGC 2026 Reg M-B\n|rated|Tournament battle\n|rule|Species Clause: Limit one of each Pokémon\n|rule|Item Clause: Limit 1 of each item\n|raw|<div class=\"infobox\"><details class=\"readmore\" open><summary><strong>2 custom rules:</strong></summary> Force Open Team Sheets, Best of = 3</details></div>\n|clearpoke\n|poke|p1|Politoed, L50, F|\n|poke|p1|Gengar, L50, M|\n|poke|p1|Incineroar, L50, F|\n|poke|p1|Sinistcha, L50|\n|poke|p1|Whimsicott, L50, M|\n|poke|p1|Staraptor, L50, M|\n|poke|p2|Raichu, L50, F, shiny|\n|poke|p2|Garchomp, L50, F, shiny|\n|poke|p2|Whimsicott, L50, F, shiny|\n|poke|p2|Kingambit, L50, F, shiny|\n|poke|p2|Charizard, L50, F, shiny|\n|poke|p2|Basculegion, L50, M|\n|teampreview|4\n|showteam|p1|Politoed||SitrusBerry|Drizzle|Protect,Encore,WeatherBall,PerishSong|Modest||F|||50|]Gengar||Gengarite|CursedBody|Protect,Disable,ShadowBall,SludgeBomb|Timid||M|||50|]Incineroar||PasshoBerry|Intimidate|Protect,FakeOut,ThroatChop,PartingShot|Sassy||F|||50|]Sinistcha||ColburBerry|Hospitality|Protect,RagePowder,MatchaGotcha,TrickRoom|Sassy|||||50|]Whimsicott||FocusSash|Prankster|Protect,Tailwind,Moonblast,Charm|Timid||M|||50|]Staraptor||Staraptite|Intimidate|Protect,Roost,CloseCombat,BraveBird|Jolly||M|||50|\n|showteam|p2|Raichu||RaichuniteY|LightningRod|FakeOut,FocusBlast,ZapCannon,Protect|Timid||F|||50|]Garchomp||LifeOrb|RoughSkin|DragonClaw,RockSlide,StompingTantrum,Protect|Jolly||F|||50|]Whimsicott||FocusSash|Prankster|Moonblast,Tailwind,Protect,Encore|Timid||F|||50|]Kingambit||BlackGlasses|Defiant|SuckerPunch,KowtowCleave,IronHead,Protect|Adamant||F|||50|]Charizard||CharizarditeY|Blaze|WeatherBall,AncientPower,HeatWave,Protect|Modest||F|||50|]Basculegion||MysticWater|Adaptability|WaveCrash,LastRespects,AquaJet,Protect|Adamant||M|||50|\n|inactive|Battle timer is ON: inactive players will automatically lose when time's up. (requested by IronSerpentFan)\n|inactive|magicalarcher57 also wants the timer to be on.\n|j| metallic_21\n|c|☆IronSerpentFan|glhf\n|j| endershovel\n|j|@Therazer456\n|c|☆magicalarcher57|glhf\n|j|+Ramen Broth\n|inactive|IronSerpentFan has 60 seconds left.\n|inactive|IronSerpentFan has 30 seconds left.\n|\n|t:|1788274278\n|teamsize|p1|4\n|teamsize|p2|4\n|start\n|switch|p1a: Whimsicott|Whimsicott, L50, M|100/100\n|switch|p1b: Staraptor|Staraptor, L50, M|100/100\n|switch|p2a: Kingambit|Kingambit, L50, F, shiny|100/100\n|switch|p2b: Raichu|Raichu, L50, F, shiny|100/100\n|-ability|p1b: Staraptor|Intimidate|boost\n|-unboost|p2a: Kingambit|atk|1\n|-ability|p2a: Kingambit|Defiant|boost\n|-boost|p2a: Kingambit|atk|2\n|-unboost|p2b: Raichu|atk|1\n|turn|1\n|\n|t:|1788274295\n|detailschange|p2b: Raichu|Raichu-Mega-Y, L50, F, shiny\n|-mega|p2b: Raichu|Raichu|Raichunite Y\n|detailschange|p1b: Staraptor|Staraptor-Mega, L50, M\n|-mega|p1b: Staraptor|Staraptor|Staraptite\n|move|p1a: Whimsicott|Protect|p1a: Whimsicott\n|-singleturn|p1a: Whimsicott|Protect\n|move|p1b: Staraptor|Protect|p1b: Staraptor\n|-singleturn|p1b: Staraptor|Protect\n|move|p2b: Raichu|Fake Out|p1b: Staraptor\n|-activate|p1b: Staraptor|move: Protect\n|move|p2a: Kingambit|Iron Head|p1b: Staraptor\n|-activate|p1b: Staraptor|move: Protect\n|\n|upkeep\n|turn|2\n|j| WilluBeMYGF?\n|\n|t:|1788274318\n|switch|p2a: Whimsicott|Whimsicott, L50, F, shiny|100/100\n|move|p2b: Raichu|Protect|p2b: Raichu\n|-singleturn|p2b: Raichu|Protect\n|move|p1a: Whimsicott|Tailwind|p1a: Whimsicott\n|-sidestart|p1: IronSerpentFan|move: Tailwind\n|move|p1b: Staraptor|Close Combat|p2b: Raichu\n|-activate|p2b: Raichu|move: Protect\n|\n|upkeep\n|turn|3\n|l| WilluBeMYGF?\n|inactive|IronSerpentFan has 30 seconds left.\n|inactive|magicalarcher57 has 30 seconds left.\n|inactive|IronSerpentFan has 20 seconds left.\n|\n|t:|1788274356\n|switch|p1b: Sinistcha|Sinistcha, L50|100/100\n|move|p2a: Whimsicott|Tailwind|p2a: Whimsicott\n|-sidestart|p2: magicalarcher57|move: Tailwind\n|move|p2b: Raichu|Zap Cannon|p1b: Sinistcha\n|-resisted|p1b: Sinistcha|1\n|-damage|p1b: Sinistcha|67/100\n|-status|p1b: Sinistcha|par\n|move|p1a: Whimsicott|Moonblast|p2b: Raichu\n|-damage|p2b: Raichu|47/100\n|\n|upkeep\n|turn|4\n|inactive|IronSerpentFan has 30 seconds left.\n|inactive|magicalarcher57 has 30 seconds left.\n|inactive|IronSerpentFan has 20 seconds left.\n|j| Solarbloke\n|inactive|IronSerpentFan has 15 seconds left.\n|j| OSSSB\n|inactive|IronSerpentFan has 10 seconds left.\n|\n|t:|1788274404\n|switch|p2b: Kingambit|Kingambit, L50, F, shiny|100/100\n|switch|p1a: Staraptor|Staraptor-Mega, L50, M|100/100\n|move|p2a: Whimsicott|Moonblast|p1a: Staraptor\n|-supereffective|p1a: Staraptor|1\n|-damage|p1a: Staraptor|32/100\n|move|p1b: Sinistcha|Trick Room|p1b: Sinistcha\n|-fieldstart|move: Trick Room|[of] p1b: Sinistcha\n|\n|upkeep\n|turn|5\n|inactive|IronSerpentFan has 30 seconds left.\n|\n|t:|1788274435\n|move|p1b: Sinistcha|Rage Powder|p1b: Sinistcha\n|-singleturn|p1b: Sinistcha|move: Rage Powder\n|move|p2b: Kingambit|Kowtow Cleave|p1b: Sinistcha\n|-supereffective|p1b: Sinistcha|1\n|-enditem|p1b: Sinistcha|Colbur Berry|[eat]\n|-enditem|p1b: Sinistcha|Colbur Berry|[weaken]\n|-damage|p1b: Sinistcha|13/100 par\n|move|p1a: Staraptor|Brave Bird|p2a: Whimsicott\n|-supereffective|p2a: Whimsicott|1\n|-crit|p2a: Whimsicott\n|-enditem|p2a: Whimsicott|Focus Sash\n|-damage|p2a: Whimsicott|1/100\n|-damage|p1a: Staraptor|7/100|[from] Recoil\n|move|p2a: Whimsicott|Moonblast|p1a: Staraptor\n|-supereffective|p1a: Staraptor|1\n|-damage|p1a: Staraptor|0 fnt\n|faint|p1a: Staraptor\n|\n|-sideend|p1: IronSerpentFan|move: Tailwind\n|upkeep\n|\n|t:|1788274443\n|switch|p1a: Politoed|Politoed, L50, F|100/100\n|-weather|RainDance|[from] ability: Drizzle|[of] p1a: Politoed\n|turn|6\n|inactive|magicalarcher57 has 30 seconds left.\n|\n|t:|1788274473\n|switch|p1b: Whimsicott|Whimsicott, L50, M|100/100\n|move|p1a: Politoed|Weather Ball|p2a: Whimsicott\n|-resisted|p2a: Whimsicott|1\n|-damage|p2a: Whimsicott|0 fnt\n|faint|p2a: Whimsicott\n|move|p2b: Kingambit|Kowtow Cleave|p1a: Politoed\n|-damage|p1a: Politoed|45/100\n|-enditem|p1a: Politoed|Sitrus Berry|[eat]\n|-heal|p1a: Politoed|70/100|[from] item: Sitrus Berry\n|\n|-weather|RainDance|[upkeep]\n|-sideend|p2: magicalarcher57|move: Tailwind\n|upkeep\n|\n|t:|1788274475\n|switch|p2a: Basculegion|Basculegion, L50, M|100/100\n|turn|7\n|j| s!dd_1\n|inactive|IronSerpentFan has 30 seconds left.\n|\n|t:|1788274504\n|move|p1b: Whimsicott|Charm|p2a: Basculegion\n|-unboost|p2a: Basculegion|atk|2\n|move|p2b: Kingambit|Kowtow Cleave|p1a: Politoed\n|-damage|p1a: Politoed|6/100\n|move|p1a: Politoed|Weather Ball|p2b: Kingambit\n|-damage|p2b: Kingambit|47/100\n|move|p2a: Basculegion|Last Respects|p1b: Whimsicott\n|-damage|p1b: Whimsicott|45/100\n|\n|-weather|RainDance|[upkeep]\n|upkeep\n|turn|8\n|\n|t:|1788274528\n|switch|p1b: Sinistcha|Sinistcha, L50|13/100 par\n|-heal|p1a: Politoed|30/100|[from] ability: Hospitality|[of] p1b: Sinistcha\n|move|p2a: Basculegion|Aqua Jet|p1a: Politoed\n|-resisted|p1a: Politoed|1\n|-damage|p1a: Politoed|19/100\n|move|p2b: Kingambit|Iron Head|p1b: Sinistcha\n|-damage|p1b: Sinistcha|0 fnt\n|faint|p1b: Sinistcha\n|move|p1a: Politoed|Weather Ball|p2b: Kingambit\n|-damage|p2b: Kingambit|0 fnt\n|faint|p2b: Kingambit\n|\n|-weather|RainDance|[upkeep]\n|-fieldend|move: Trick Room\n|upkeep\n|j|@thacrow\n|\n|t:|1788274544\n|switch|p2b: Raichu|Raichu-Mega-Y, L50, F, shiny|47/100\n|switch|p1b: Whimsicott|Whimsicott, L50, M|45/100\n|turn|9\n|c|@thacrow|Marcher singapore worlds grinding arc\n|\n|t:|1788274561\n|move|p1b: Whimsicott|Protect|p1b: Whimsicott\n|-singleturn|p1b: Whimsicott|Protect\n|move|p1a: Politoed|Protect|p1a: Politoed\n|-singleturn|p1a: Politoed|Protect\n|move|p2b: Raichu|Zap Cannon|p1a: Politoed\n|-activate|p1a: Politoed|move: Protect\n|move|p2a: Basculegion|Last Respects|p1b: Whimsicott\n|-activate|p1b: Whimsicott|move: Protect\n|\n|-weather|RainDance|[upkeep]\n|upkeep\n|turn|10\n|l| endershovel\n|c|☆magicalarcher57|thacrow >:)\n|c|☆magicalarcher57|see u next year in finals\n|inactive|IronSerpentFan has 30 seconds left.\n|inactive|magicalarcher57 has 30 seconds left.\n|\n|t:|1788274589\n|move|p1b: Whimsicott|Tailwind|p1b: Whimsicott\n|-sidestart|p1: IronSerpentFan|move: Tailwind\n|move|p1a: Politoed|Weather Ball|p2b: Raichu\n|-damage|p2b: Raichu|0 fnt\n|faint|p2b: Raichu\n|move|p2a: Basculegion|Last Respects|p1b: Whimsicott\n|-damage|p1b: Whimsicott|0 fnt\n|faint|p1b: Whimsicott\n|\n|-weather|none\n|upkeep\n|turn|11\n|c|+Ramen Broth|Marcher Crow finals when\n|\n|t:|1788274599\n|move|p1a: Politoed|Protect|p1a: Politoed\n|-singleturn|p1a: Politoed|Protect\n|move|p2a: Basculegion|Last Respects|p1a: Politoed\n|-activate|p1a: Politoed|move: Protect\n|\n|upkeep\n|turn|12\n|\n|t:|1788274606\n|move|p1a: Politoed|Perish Song|p1a: Politoed\n|-start|p1a: Politoed|perish3|[silent]\n|-start|p2a: Basculegion|perish3|[silent]\n|-fieldactivate|move: Perish Song\n|move|p2a: Basculegion|Last Respects|p1a: Politoed\n|-damage|p1a: Politoed|0 fnt\n|faint|p1a: Politoed\n|\n|win|magicalarcher57\n||magicalarcher57 is ready for game 2.\n||magicalarcher57 is ready for game 2.\n|l|☆magicalarcher57\n|player|p2|\n|c|☆IronSerpentFan|ggwp\n|l|+Ramen Broth\n","uploadtime":1788274606,"views":"5","formatid":"gen9championsvgc2026regmb","rating":null,"private":0,"password":null}