{"id":"gen9championsvgc2026regmb-2674252766","format":"[Gen 9 Champions] VGC 2026 Reg M-B","players":["Thornlace48812","Catquest77"],"log":"|j|☆Thornlace48812\n|j|☆Catquest77\n|t:|1788323931\n|gametype|doubles\n|player|p1|Thornlace48812|1|1114\n|player|p2|Catquest77|steven|1094\n|gen|9\n|tier|[Gen 9 Champions] VGC 2026 Reg M-B\n|rated|\n|rule|Species Clause: Limit one of each Pokémon\n|rule|Item Clause: Limit 1 of each item\n|clearpoke\n|poke|p1|Garchomp, L50, F|\n|poke|p1|Charizard, L50, F|\n|poke|p1|Whimsicott, L50, M|\n|poke|p1|Sylveon, L50, M|\n|poke|p1|Kingambit, L50, F|\n|poke|p1|Basculegion, L50, M|\n|poke|p2|Tsareena, L50, F|\n|poke|p2|Farigiraf, L50, F|\n|poke|p2|Talonflame, L50, F|\n|poke|p2|Sneasler, L50, F|\n|poke|p2|Whimsicott, L50, F|\n|poke|p2|Aerodactyl, L50, F|\n|teampreview|4\n|inactive|Battle timer is ON: inactive players will automatically lose when time's up. (requested by Thornlace48812)\nThornlace48812 rejected open team sheets.\n|\n|t:|1788323959\n|teamsize|p1|4\n|teamsize|p2|4\n|start\n|switch|p1a: Charizard|Charizard, L50, F|100/100\n|switch|p1b: Whimsicott|Whimsicott, L50, M|100/100\n|switch|p2a: Tsareena|Tsareena, L50, F|100/100\n|switch|p2b: Aerodactyl|Aerodactyl, L50, F|100/100\n|-ability|p2b: Aerodactyl|Unnerve\n|turn|1\n|\n|t:|1788323976\n|detailschange|p1a: Charizard|Charizard-Mega-Y, L50, F\n|-mega|p1a: Charizard|Charizard|Charizardite Y\n|-weather|SunnyDay|[from] ability: Drought|[of] p1a: Charizard\n|move|p2a: Tsareena|Protect|p2a: Tsareena\n|-singleturn|p2a: Tsareena|Protect\n|move|p2b: Aerodactyl|Rock Slide|p1b: Whimsicott|[spread] p1a,p1b\n|-supereffective|p1a: Charizard|2\n|-damage|p1a: Charizard|0 fnt\n|-damage|p1b: Whimsicott|64/100\n|faint|p1a: Charizard\n|move|p1b: Whimsicott|Moonblast|p2a: Tsareena\n|-activate|p2a: Tsareena|move: Protect\n|\n|-weather|SunnyDay|[upkeep]\n|upkeep\n|\n|t:|1788323976\n|switch|p1a: Sylveon|Sylveon, L50, M|100/100\n|turn|2\n|inactive|Catquest77 has 30 seconds left.\n|inactive|Catquest77 has 20 seconds left.\n|\n|t:|1788324014\n|detailschange|p2b: Aerodactyl|Aerodactyl-Mega, L50, F\n|-mega|p2b: Aerodactyl|Aerodactyl|Aerodactylite\n|move|p1b: Whimsicott|Tailwind|p1b: Whimsicott\n|-sidestart|p1: Thornlace48812|move: Tailwind\n|move|p2b: Aerodactyl|Dual Wingbeat|p1a: Sylveon\n|-crit|p1a: Sylveon\n|-damage|p1a: Sylveon|47/100\n|-damage|p1a: Sylveon|5/100\n|-hitcount|p1a: Sylveon|2\n|move|p1a: Sylveon|Hyper Voice|p2a: Tsareena|[spread] p2a,p2b\n|-damage|p2a: Tsareena|62/100\n|-damage|p2b: Aerodactyl|36/100\n|move|p2a: Tsareena|Triple Axel|p1b: Whimsicott\n|-supereffective|p1b: Whimsicott|1\n|-damage|p1b: Whimsicott|48/100\n|-supereffective|p1b: Whimsicott|1\n|-damage|p1b: Whimsicott|17/100\n|-supereffective|p1b: Whimsicott|1\n|-damage|p1b: Whimsicott|0 fnt\n|faint|p1b: Whimsicott\n|-hitcount|p1: Whimsicott|3\n|\n|-weather|SunnyDay|[upkeep]\n|upkeep\n|\n|t:|1788324016\n|switch|p1b: Basculegion|Basculegion, L50, M|100/100\n|turn|3\n|inactive|Catquest77 has 30 seconds left.\n|inactive|Catquest77 has 20 seconds left.\n|inactive|Catquest77 has 15 seconds left.\n|\n|t:|1788324057\n|move|p1b: Basculegion|Last Respects|p2a: Tsareena\n|-damage|p2a: Tsareena|0 fnt\n|faint|p2a: Tsareena\n|move|p2b: Aerodactyl|Tailwind|p2b: Aerodactyl\n|-sidestart|p2: Catquest77|move: Tailwind\n|move|p1a: Sylveon|Hyper Voice|p2b: Aerodactyl\n|-damage|p2b: Aerodactyl|0 fnt\n|faint|p2b: Aerodactyl\n|\n|-weather|SunnyDay|[upkeep]\n|upkeep\n|\n|t:|1788324069\n|switch|p2b: Farigiraf|Farigiraf, L50, F|100/100\n|switch|p2a: Sneasler|Sneasler, L50, F|100/100\n|turn|4\n|\n|t:|1788324079\n|move|p2b: Farigiraf|Protect|p2b: Farigiraf\n|-singleturn|p2b: Farigiraf|Protect\n|move|p2a: Sneasler|Rock Slide|p1a: Sylveon|[spread] p1a,p1b\n|-damage|p1a: Sylveon|0 fnt\n|-damage|p1b: Basculegion|74/100\n|faint|p1a: Sylveon\n|move|p1b: Basculegion|Last Respects|p2a: Sneasler\n|-damage|p2a: Sneasler|0 fnt\n|faint|p2a: Sneasler\n|\n|-weather|SunnyDay|[upkeep]\n|upkeep\n|turn|5\n|\n|t:|1788324094\n|move|p1b: Basculegion|Last Respects|p2b: Farigiraf\n|-immune|p2b: Farigiraf\n|move|p2b: Farigiraf|Foul Play|p1b: Basculegion\n|-supereffective|p1b: Basculegion|1\n|-damage|p1b: Basculegion|3/100\n|\n|-weather|none\n|-sideend|p1: Thornlace48812|move: Tailwind\n|upkeep\n|turn|6\n|\n|t:|1788324109\n|move|p2b: Farigiraf|Foul Play|p1b: Basculegion\n|-supereffective|p1b: Basculegion|1\n|-damage|p1b: Basculegion|0 fnt\n|faint|p1b: Basculegion\n|\n|win|Catquest77\n|raw|Thornlace48812's rating: 1066 &rarr; <strong>1048</strong><br />(-18 for losing)\n|raw|Catquest77's rating: 1094 &rarr; <strong>1118</strong><br />(+24 for winning)\n|l|☆Thornlace48812\n|player|p1|\n","uploadtime":1788324109,"views":"10","formatid":"gen9championsvgc2026regmb","rating":1048,"private":0,"password":null}