{"id":"gen9championsvgc2026regmbbo3-2673934660","format":"[Gen 9 Champions] VGC 2026 Reg M-B (Bo3)","players":["spacesnake11","prod_axel"],"log":"|j|☆spacesnake11\n|j|☆prod_axel\n|html|<table width=\"100%\"><tr><td align=\"left\">spacesnake11</td><td align=\"right\">prod_axel</tr><tr><td align=\"left\"><i class=\"fa fa-circle\"></i> <i class=\"fa fa-circle-o\"></i> </td><td align=\"right\"><i class=\"fa fa-circle-o\"></i> <i class=\"fa fa-circle-o\"></i> </tr></table>\n|uhtml|bestof|<h2><strong>Game 2</strong> of <a href=\"/game-bestof3-gen9championsvgc2026regmbbo3-2673932962\">a best-of-3</a></h2>\n|t:|1788279000\n|gametype|doubles\n|player|p1|spacesnake11|ghetsis|1199\n|player|p2|prod_axel|unknown|1334\n|gen|9\n|tier|[Gen 9 Champions] VGC 2026 Reg M-B (Bo3)\n|rated|\n|rule|Species Clause: Limit one of each Pokémon\n|rule|Item Clause: Limit 1 of each item\n|clearpoke\n|poke|p1|Aerodactyl, L50, M|\n|poke|p1|Pangoro, L50, F|\n|poke|p1|Sylveon, L50, F|\n|poke|p1|Farigiraf, L50, F|\n|poke|p1|Incineroar, L50, F|\n|poke|p1|Camerupt, L50, M|\n|poke|p2|Dragonite, L50, F|\n|poke|p2|Sneasler, L50, M|\n|poke|p2|Basculegion, L50, M|\n|poke|p2|Kingambit, L50, M|\n|poke|p2|Garchomp, L50, F|\n|poke|p2|Floette-Eternal, L50, F|\n|teampreview|4\n|showteam|p1|Aerodactyl||Aerodactylite|Unnerve|RockSlide,DualWingbeat,IceFang,Tailwind|Jolly||M|||50|]Pangoro||LifeOrb|Scrappy|CloseCombat,DarkestLariat,GunkShot,Protect|Adamant||F|||50|]Sylveon||FairyFeather|Pixilate|HyperVoice,HyperBeam,QuickAttack,Detect|Modest||F|||50|]Farigiraf||ColburBerry|ArmorTail|TwinBeam,HelpingHand,TrickRoom,Protect|Calm||F|||50|]Incineroar||SitrusBerry|Intimidate|FakeOut,FlareBlitz,ThroatChop,PartingShot|Impish||F|||50|]Camerupt||Cameruptite|SolidRock|HeatWave,EarthPower,AncientPower,Protect|Quiet||M|||50|\n|showteam|p2|Dragonite||Dragoninite|Multiscale|DragonPulse,HeatWave,ExtremeSpeed,Protect|Modest||F|||50|]Sneasler||FocusSash|PoisonTouch|CloseCombat,DireClaw,FakeOut,Feint|Jolly||M|||50|]Basculegion||LifeOrb|Adaptability|WaveCrash,LastRespects,AquaJet,Protect|Adamant||M|||50|]Kingambit||ChopleBerry|Defiant|SuckerPunch,KowtowCleave,LowKick,IronHead|Adamant||M|||50|]Garchomp||ChoiceScarf|RoughSkin|DragonClaw,StompingTantrum,Earthquake,RockSlide|Adamant||F|||50|]Floette-Eternal||Floettite|FlowerVeil|Moonblast,DazzlingGleam,LightofRuin,Protect|Timid||F|||50|\n|inactive|Battle timer is ON: inactive players will automatically lose when time's up. (requested by prod_axel)\n|\n|t:|1788279030\n|teamsize|p1|4\n|teamsize|p2|4\n|start\n|switch|p1a: Aerodactyl|Aerodactyl, L50, M|100/100\n|switch|p1b: Pangoro|Pangoro, L50, F|100/100\n|switch|p2a: Floette|Floette-Eternal, L50, F|100/100\n|switch|p2b: Kingambit|Kingambit, L50, M|100/100\n|-ability|p1a: Aerodactyl|Unnerve\n|turn|1\n|\n|t:|1788279049\n|switch|p2b: Basculegion|Basculegion, L50, M|100/100\n|detailschange|p1a: Aerodactyl|Aerodactyl-Mega, L50, M\n|-mega|p1a: Aerodactyl|Aerodactyl|Aerodactylite\n|detailschange|p2a: Floette|Floette-Mega, L50, F\n|-mega|p2a: Floette|Floette|Floettite\n|-ability|p2a: Floette|Fairy Aura\n|move|p1a: Aerodactyl|Tailwind|p1a: Aerodactyl\n|-sidestart|p1: spacesnake11|move: Tailwind\n|move|p1b: Pangoro|Gunk Shot|p2a: Floette\n|-supereffective|p2a: Floette|1\n|-damage|p2a: Floette|0 fnt\n|faint|p2a: Floette\n|-damage|p1b: Pangoro|90/100|[from] item: Life Orb\n|\n|upkeep\n|\n|t:|1788279063\n|switch|p2a: Garchomp|Garchomp, L50, F|100/100\n|turn|2\n|inactive|spacesnake11 has 30 seconds left.\n|\n|t:|1788279094\n|move|p2b: Basculegion|Aqua Jet|p1b: Pangoro\n|-damage|p1b: Pangoro|50/100y\n|-damage|p2b: Basculegion|90/100|[from] item: Life Orb\n|move|p1a: Aerodactyl|Ice Fang|p2a: Garchomp\n|-supereffective|p2a: Garchomp|2\n|-damage|p2a: Garchomp|2/100\n|-damage|p1a: Aerodactyl|87/100|[from] ability: Rough Skin|[of] p2a: Garchomp\n|move|p2a: Garchomp|Rock Slide|p1a: Aerodactyl|[spread] p1a,p1b\n|-supereffective|p1a: Aerodactyl|1\n|-resisted|p1b: Pangoro|1\n|-damage|p1a: Aerodactyl|41/100\n|-damage|p1b: Pangoro|36/100\n|cant|p1b: Pangoro|flinch\n|\n|upkeep\n|turn|3\n|inactive|spacesnake11 has 30 seconds left.\n|\n|t:|1788279128\n|switch|p1a: Farigiraf|Farigiraf, L50, F|100/100\n|switch|p2a: Kingambit|Kingambit, L50, M|100/100\n|move|p2b: Basculegion|Protect|p2b: Basculegion\n|-singleturn|p2b: Basculegion|Protect\n|move|p1b: Pangoro|Close Combat|p2b: Basculegion\n|-activate|p2b: Basculegion|move: Protect\n|\n|upkeep\n|turn|4\n|inactive|spacesnake11 has 30 seconds left.\n|inactive|spacesnake11 has 20 seconds left.\n|\n|t:|1788279164\n|switch|p2a: Garchomp|Garchomp, L50, F|2/100\n|move|p1b: Pangoro|Close Combat|p2a: Garchomp\n|-damage|p2a: Garchomp|0 fnt\n|-unboost|p1b: Pangoro|def|1\n|-unboost|p1b: Pangoro|spd|1\n|-damage|p1b: Pangoro|24/100|[from] ability: Rough Skin|[of] p2a: Garchomp\n|faint|p2a: Garchomp\n|-damage|p1b: Pangoro|14/100|[from] item: Life Orb\n|move|p2b: Basculegion|Wave Crash|p1a: Farigiraf\n|-damage|p1a: Farigiraf|4/100\n|-damage|p2b: Basculegion|54/100|[from] Recoil\n|-damage|p2b: Basculegion|45/100|[from] item: Life Orb\n|move|p1a: Farigiraf|Trick Room|p1a: Farigiraf\n|-fieldstart|move: Trick Room|[of] p1a: Farigiraf\n|\n|-sideend|p1: spacesnake11|move: Tailwind\n|upkeep\n|\n|t:|1788279169\n|switch|p2a: Kingambit|Kingambit, L50, M|100/100\n|turn|5\n|inactive|spacesnake11 has 30 seconds left.\n|inactive|spacesnake11 has 20 seconds left.\n|\n|t:|1788279207\n|move|p1b: Pangoro|Protect|p1b: Pangoro\n|-singleturn|p1b: Pangoro|Protect\n|move|p2a: Kingambit|Kowtow Cleave|p1b: Pangoro\n|-activate|p1b: Pangoro|move: Protect\n|move|p1a: Farigiraf|Twin Beam|p2b: Basculegion\n|-damage|p2b: Basculegion|29/100\n|-damage|p2b: Basculegion|14/100\n|-hitcount|p2b: Basculegion|2\n|move|p2b: Basculegion|Wave Crash|p1a: Farigiraf\n|-damage|p1a: Farigiraf|0 fnt\n|faint|p1a: Farigiraf\n|-damage|p2b: Basculegion|12/100|[from] Recoil\n|-damage|p2b: Basculegion|3/100|[from] item: Life Orb\n|\n|upkeep\n|\n|t:|1788279212\n|switch|p1a: Sylveon|Sylveon, L50, F|100/100\n|turn|6\n|inactive|spacesnake11 has 30 seconds left.\n|inactive|prod_axel has 30 seconds left.\n|inactive|prod_axel has 20 seconds left.\n|inactive|prod_axel has 15 seconds left.\n|\n|t:|1788279255\n|switch|p1b: Aerodactyl|Aerodactyl-Mega, L50, M|41/100\n|move|p2b: Basculegion|Aqua Jet|p1b: Aerodactyl\n|-supereffective|p1b: Aerodactyl|1\n|-damage|p1b: Aerodactyl|0 fnt\n|faint|p1b: Aerodactyl\n|-damage|p2b: Basculegion|0 fnt|[from] item: Life Orb\n|faint|p2b: Basculegion\n|move|p2a: Kingambit|Iron Head|p1a: Sylveon\n|-supereffective|p1a: Sylveon|1\n|-damage|p1a: Sylveon|8/100\n|move|p1a: Sylveon|Hyper Beam|p2a: Kingambit\n|-damage|p2a: Kingambit|14/100\n|-mustrecharge|p1a: Sylveon\n|\n|upkeep\n|\n|t:|1788279265\n|switch|p1b: Pangoro|Pangoro, L50, F|14/100\n|turn|7\n|\n|t:|1788279287\n|move|p1b: Pangoro|Protect|p1b: Pangoro\n|-singleturn|p1b: Pangoro|Protect\n|move|p2a: Kingambit|Low Kick|p1b: Pangoro\n|-activate|p1b: Pangoro|move: Protect\n|cant|p1a: Sylveon|recharge\n|\n|upkeep\n|turn|8\n|\n|t:|1788279298\n|move|p2a: Kingambit|Sucker Punch|p1a: Sylveon\n|-resisted|p1a: Sylveon|1\n|-damage|p1a: Sylveon|0 fnt\n|faint|p1a: Sylveon\n|move|p1b: Pangoro|Close Combat|p2a: Kingambit\n|-supereffective|p2a: Kingambit|2\n|-enditem|p2a: Kingambit|Chople Berry|[eat]\n|-enditem|p2a: Kingambit|Chople Berry|[weaken]\n|-damage|p2a: Kingambit|0 fnt\n|-unboost|p1b: Pangoro|def|1\n|-unboost|p1b: Pangoro|spd|1\n|faint|p2a: Kingambit\n|-damage|p1b: Pangoro|4/100|[from] item: Life Orb\n|\n|win|spacesnake11\n|raw|spacesnake11's rating: 1199 &rarr; <strong>1233</strong><br />(+34 for winning)\n|raw|prod_axel's rating: 1334 &rarr; <strong>1307</strong><br />(-27 for losing)\n","uploadtime":1788279298,"views":"0","formatid":"gen9championsvgc2026regmbbo3","rating":1233,"private":0,"password":null}