{"id":"gen9championsvgc2026regmb-2674737912","format":"[Gen 9 Champions] VGC 2026 Reg M-B","players":["Jadedragon61","sempra"],"log":"|j|☆Jadedragon61\n|j|☆sempra\n|html|<table width=\"100%\"><tr><td align=\"left\">Jadedragon61</td><td align=\"right\">sempra</tr><tr><td align=\"left\"><i class=\"fa fa-circle\"></i> <i class=\"fa fa-circle-o\"></i> </td><td align=\"right\"><i class=\"fa fa-circle-o\"></i> <i class=\"fa fa-circle\"></i> </tr></table>\n|uhtml|bestof|<h2><strong>Game 3</strong> of <a href=\"/game-bestof3-gen9championsvgc2026regmb-2674733713\">a best-of-3</a></h2>\n|t:|1788398425\n|gametype|doubles\n|player|p1|Jadedragon61|beni-ninja|\n|player|p2|sempra|#sempra|\n|gen|9\n|tier|[Gen 9 Champions] VGC 2026 Reg M-B\n|rule|Species Clause: Limit one of each Pokémon\n|rule|Item Clause: Limit 1 of each item\n|raw|<div class=\"infobox\"><details class=\"readmore\" open><summary><strong>1 custom rule:</strong></summary> Best of = 3</details></div>\n|clearpoke\n|poke|p1|Starmie, L50, shiny|\n|poke|p1|Aegislash, L50, F, shiny|\n|poke|p1|Mimikyu, L50, F, shiny|\n|poke|p1|Mr. Rime, L50, M|\n|poke|p1|Hawlucha, L50, M, shiny|\n|poke|p1|Eelektross, L50, M|\n|poke|p2|Dragonite, L50, F|\n|poke|p2|Politoed, L50, F|\n|poke|p2|Mamoswine, L50, F|\n|poke|p2|Tinkaton, L50, F|\n|poke|p2|Liepard, L50, F|\n|poke|p2|Sinistcha, L50|\n|teampreview|4\n|inactive|Battle timer is ON: inactive players will automatically lose when time's up. (requested by Jadedragon61)\n|j| cmholde2\n|j| MikeTitan\n|inactiveoff|Battle timer is now OFF.\n|\n|t:|1788398442\n|teamsize|p1|4\n|teamsize|p2|4\n|start\n|switch|p1a: Qwert’s mom|Starmie, L50, shiny|100/100\n|switch|p1b: Swoosh|Aegislash, L50, F, shiny|100/100\n|switch|p2a: Mamoswine|Mamoswine, L50, F|100/100\n|switch|p2b: Dragonite|Dragonite, L50, F|100/100\n|turn|1\n|j| simple mystery\n|c| simple mystery|i hope aegislash gets to atgack this time\n|l|☆sempra\n|player|p2|\n|j|☆sempra\n|player|p2|sempra|#sempra|\n|l| simple mystery\n|l| cmholde2\n|\n|t:|1788398523\n|detailschange|p1a: Qwert’s mom|Starmie-Mega, L50, shiny\n|-mega|p1a: Qwert’s mom|Starmie|Starminite\n|detailschange|p2b: Dragonite|Dragonite-Mega, L50, F\n|-mega|p2b: Dragonite|Dragonite|Dragoninite\n|move|p2a: Mamoswine|Protect|p2a: Mamoswine\n|-singleturn|p2a: Mamoswine|Protect\n|move|p1a: Qwert’s mom|Flip Turn|p2a: Mamoswine\n|-activate|p2a: Mamoswine|move: Protect\n|move|p2b: Dragonite|Dragon Pulse|p1a: Qwert’s mom\n|-damage|p1a: Qwert’s mom|38/100\n|move|p1b: Swoosh|Swords Dance|p1b: Swoosh\n|-boost|p1b: Swoosh|atk|2\n|\n|upkeep\n|turn|2\n|j| cmholde2\n|\n|t:|1788398548\n|switch|p2a: Sinistcha|Sinistcha, L50|100/100\n|-formechange|p1b: Swoosh|Aegislash-Blade|\n|move|p1b: Swoosh|Shadow Sneak|p2b: Dragonite\n|-damage|p2b: Dragonite|82/100\n|move|p1a: Qwert’s mom|Ice Spinner|p2b: Dragonite\n|-supereffective|p2b: Dragonite|2\n|-damage|p2b: Dragonite|0 fnt\n|faint|p2b: Dragonite\n|\n|upkeep\n|\n|t:|1788398554\n|switch|p2b: Mamoswine|Mamoswine, L50, F|100/100\n|turn|3\n|\n|t:|1788398569\n|move|p2a: Sinistcha|Rage Powder|p2a: Sinistcha\n|-singleturn|p2a: Sinistcha|move: Rage Powder\n|move|p1b: Swoosh|Shadow Sneak|p2a: Sinistcha\n|-supereffective|p2a: Sinistcha|1\n|-damage|p2a: Sinistcha|22/100\n|-enditem|p2a: Sinistcha|Sitrus Berry|[eat]\n|-heal|p2a: Sinistcha|47/100|[from] item: Sitrus Berry\n|move|p1a: Qwert’s mom|Liquidation|p2a: Sinistcha\n|-resisted|p2a: Sinistcha|1\n|-damage|p2a: Sinistcha|15/100\n|move|p2b: Mamoswine|Icicle Crash|p1a: Qwert’s mom\n|-resisted|p1a: Qwert’s mom|1\n|-damage|p1a: Qwert’s mom|0 fnt\n|faint|p1a: Qwert’s mom\n|-damage|p2b: Mamoswine|90/100|[from] item: Life Orb\n|\n|upkeep\n|\n|t:|1788398578\n|switch|p1a: Hawcoocha|Hawlucha, L50, M, shiny|100/100\n|turn|4\n|j| simple mystery\n|c| simple mystery|it did!!\n|c|☆Jadedragon61|Insert smiling aegislash\n|\n|t:|1788398616\n|switch|p2a: Tinkaton|Tinkaton, L50, F|100/100\n|-ability|p2a: Tinkaton|Mold Breaker\n|move|p2b: Mamoswine|Ice Shard|p1a: Hawcoocha\n|-supereffective|p1a: Hawcoocha|1\n|-damage|p1a: Hawcoocha|7/100\n|-damage|p2b: Mamoswine|80/100|[from] item: Life Orb\n|move|p1b: Swoosh|Shadow Sneak|p2a: Tinkaton\n|-damage|p2a: Tinkaton|33/100\n|move|p1a: Hawcoocha|Close Combat|p2b: Mamoswine\n|-supereffective|p2b: Mamoswine|1\n|-damage|p2b: Mamoswine|0 fnt\n|-unboost|p1a: Hawcoocha|def|1\n|-unboost|p1a: Hawcoocha|spd|1\n|faint|p2b: Mamoswine\n|\n|upkeep\n|c|☆Jadedragon61|He can’t smile\n|\n|t:|1788398622\n|switch|p2b: Sinistcha|Sinistcha, L50|15/100\n|-heal|p2a: Tinkaton|58/100|[from] ability: Hospitality|[of] p2b: Sinistcha\n|turn|5\n|\n|t:|1788398636\n|move|p1a: Hawcoocha|Protect|p1a: Hawcoocha\n|-singleturn|p1a: Hawcoocha|Protect\n|-formechange|p1b: Swoosh|Aegislash|\n|move|p1b: Swoosh|King's Shield|p1b: Swoosh\n|-singleturn|p1b: Swoosh|Protect\n|move|p2a: Tinkaton|Fake Out|p1a: Hawcoocha\n|-activate|p1a: Hawcoocha|move: Protect\n|move|p2b: Sinistcha|Life Dew|p2b: Sinistcha|[spread] p2a,p2b\n|-heal|p2a: Tinkaton|83/100\n|-heal|p2b: Sinistcha|41/100\n|\n|upkeep\n|turn|6\n|\n|t:|1788398649\n|-formechange|p1b: Swoosh|Aegislash-Blade|\n|move|p1b: Swoosh|Shadow Sneak|p2b: Sinistcha\n|-supereffective|p2b: Sinistcha|1\n|-damage|p2b: Sinistcha|0 fnt\n|faint|p2b: Sinistcha\n|move|p1a: Hawcoocha|Close Combat|p2a: Tinkaton\n|-damage|p2a: Tinkaton|8/100\n|-unboost|p1a: Hawcoocha|def|1\n|-unboost|p1a: Hawcoocha|spd|1\n|move|p2a: Tinkaton|Knock Off|p1b: Swoosh\n|-supereffective|p1b: Swoosh|1\n|-damage|p1b: Swoosh|0 fnt\n|-enditem|p1b: Swoosh|Leftovers|[from] move: Knock Off|[of] p2a: Tinkaton\n|faint|p1b: Swoosh\n|\n|upkeep\n|\n|t:|1788398658\n|switch|p1b: Brian|Mr. Rime, L50, M|100/100\n|turn|7\n|\n|t:|1788398662\n|move|p1b: Brian|Fake Out|p2a: Tinkaton\n|-resisted|p2a: Tinkaton|1\n|-damage|p2a: Tinkaton|1/100\n|-damage|p1b: Brian|90/100|[from] item: Life Orb\n|move|p1a: Hawcoocha|Close Combat|p2a: Tinkaton\n|-damage|p2a: Tinkaton|0 fnt\n|-unboost|p1a: Hawcoocha|def|1\n|-unboost|p1a: Hawcoocha|spd|1\n|faint|p2a: Tinkaton\n|\n|win|Jadedragon61\n|c|☆sempra|Ggs!\n|l| simple mystery\n|c|☆Jadedragon61|Ggs\n|l| cmholde2\n|c|☆sempra|I gotta tell this story\n|j| 4Azzy\n|l| MikeTitan\n|l| 4Azzy\n|c|☆sempra|I was stranded on a boat\n|c|☆sempra|Sorry for taking forever\n|c|☆Jadedragon61|No worries lol\n|l|☆sempra\n|player|p2|\n|c|☆Jadedragon61|Can you get replays? I’m on mobile\n","uploadtime":1788398724,"views":"22","formatid":"gen9championsvgc2026regmb","rating":null,"private":0,"password":null}