{"id":"gen9championsvgc2026regmb-2674596000","format":"[Gen 9 Champions] VGC 2026 Reg M-B","players":["mklpoi","Jfjdjdeh"],"log":"|j|☆mklpoi\n|j|‽Jfjdjdeh\n|t:|1788378231\n|gametype|doubles\n|player|p1|mklpoi|265|1046\n|player|p2|Jfjdjdeh|101|1040\n|gen|9\n|tier|[Gen 9 Champions] VGC 2026 Reg M-B\n|rated|\n|rule|Species Clause: Limit one of each Pokémon\n|rule|Item Clause: Limit 1 of each item\n|clearpoke\n|poke|p1|Metagross, L50|\n|poke|p1|Floette-Eternal, L50, F|\n|poke|p1|Garchomp, L50, M|\n|poke|p1|Basculegion, L50, M|\n|poke|p1|Kingambit, L50, M|\n|poke|p1|Sneasler, L50, M|\n|poke|p2|Whimsicott, L50, F|\n|poke|p2|Archaludon, L50, M|\n|poke|p2|Basculegion, L50, M|\n|poke|p2|Pelipper, L50, M|\n|poke|p2|Blastoise, L50, M|\n|poke|p2|Sinistcha, L50|\n|teampreview|4\n|inactive|Battle timer is ON: inactive players will automatically lose when time's up. (requested by mklpoi)\n|inactive|mklpoi has 60 seconds left.\n|\n|t:|1788378276\n|teamsize|p1|4\n|teamsize|p2|4\n|start\n|switch|p1a: Floette|Floette-Eternal, L50, F|100/100\n|switch|p1b: Sneasler|Sneasler, L50, M|100/100\n|switch|p2a: Whimsicott|Whimsicott, L50, F|100/100\n|switch|p2b: Blastoise|Blastoise, L50, M|100/100\n|turn|1\n|\n|t:|1788378294\n|detailschange|p1a: Floette|Floette-Mega, L50, F\n|-mega|p1a: Floette|Floette|Floettite\n|-ability|p1a: Floette|Fairy Aura\n|move|p2a: Whimsicott|Protect|p2a: Whimsicott\n|-singleturn|p2a: Whimsicott|Protect\n|move|p2b: Blastoise|Protect|p2b: Blastoise\n|-singleturn|p2b: Blastoise|Protect\n|move|p1b: Sneasler|Fake Out|p2b: Blastoise\n|-activate|p2b: Blastoise|move: Protect\n|move|p1a: Floette|Dazzling Gleam|p2a: Whimsicott|[spread] \n|-activate|p2a: Whimsicott|move: Protect\n|-activate|p2b: Blastoise|move: Protect\n|\n|upkeep\n|turn|2\n|inactive|Jfjdjdeh has 30 seconds left.\n|\n|t:|1788378323\n|switch|p2b: Archaludon|Archaludon, L50, M|100/100\n|move|p1a: Floette|Protect|p1a: Floette\n|-singleturn|p1a: Floette|Protect\n|move|p1b: Sneasler|Dire Claw|p2b: Archaludon\n|-immune|p2b: Archaludon\n|move|p2a: Whimsicott|Beat Up|p2b: Archaludon\n|-damage|p2b: Archaludon|98/100\n|-ability|p2b: Archaludon|Stamina|boost\n|-boost|p2b: Archaludon|def|1\n|-damage|p2b: Archaludon|96/100\n|-ability|p2b: Archaludon|Stamina|boost\n|-boost|p2b: Archaludon|def|1\n|-damage|p2b: Archaludon|95/100\n|-ability|p2b: Archaludon|Stamina|boost\n|-boost|p2b: Archaludon|def|1\n|-damage|p2b: Archaludon|94/100\n|-ability|p2b: Archaludon|Stamina|boost\n|-boost|p2b: Archaludon|def|1\n|-hitcount|p2b: Archaludon|4\n|\n|-heal|p2b: Archaludon|100/100|[from] item: Leftovers\n|upkeep\n|turn|3\n|inactive|mklpoi has 30 seconds left.\n|inactive|Jfjdjdeh has 30 seconds left.\n|\n|t:|1788378352\n|switch|p1a: Garchomp|Garchomp, L50, M|100/100\n|move|p2a: Whimsicott|Tailwind|p2a: Whimsicott\n|-sidestart|p2: Jfjdjdeh|move: Tailwind\n|move|p2b: Archaludon|Light Screen|p2b: Archaludon\n|-sidestart|p2: Jfjdjdeh|move: Light Screen\n|move|p1b: Sneasler|Dire Claw|p2a: Whimsicott\n|-supereffective|p2a: Whimsicott|2\n|-enditem|p2a: Whimsicott|Focus Sash\n|-damage|p2a: Whimsicott|1/100\n|-status|p2a: Whimsicott|psn|[from] ability: Poison Touch|[of] p1b: Sneasler\n|\n|-damage|p2a: Whimsicott|0 fnt|[from] psn\n|faint|p2a: Whimsicott\n|upkeep\n|\n|t:|1788378371\n|switch|p2a: Blastoise|Blastoise, L50, M|100/100\n|turn|4\n|inactive|mklpoi has 30 seconds left.\n|\n|t:|1788378398\n|detailschange|p2a: Blastoise|Blastoise-Mega, L50, M\n|-mega|p2a: Blastoise|Blastoise|Blastoisinite\n|move|p2b: Archaludon|Snarl|p1b: Sneasler|[spread] p1a,p1b\n|-crit|p1a: Garchomp\n|-resisted|p1b: Sneasler|1\n|-damage|p1a: Garchomp|74/100\n|-damage|p1b: Sneasler|88/100\n|-unboost|p1a: Garchomp|spa|1\n|-unboost|p1b: Sneasler|spa|1\n|move|p2a: Blastoise|Water Spout|p1b: Sneasler|[spread] p1a,p1b\n|-damage|p1a: Garchomp|8/100\n|-damage|p1b: Sneasler|1/100\n|move|p1a: Garchomp|Dragon Claw|p2a: Blastoise\n|-damage|p2a: Blastoise|58/100\n|move|p1b: Sneasler|Dire Claw|p2a: Blastoise\n|-damage|p2a: Blastoise|16/100\n|-status|p2a: Blastoise|slp\n|\n|upkeep\n|turn|5\n|inactive|mklpoi has 30 seconds left.\n|\n|t:|1788378424\n|switch|p1a: Kingambit|Kingambit, L50, M|100/100\n|move|p2b: Archaludon|Snarl|p1b: Sneasler|[spread] p1a,p1b\n|-resisted|p1a: Kingambit|1\n|-resisted|p1b: Sneasler|1\n|-damage|p1a: Kingambit|92/100\n|-damage|p1b: Sneasler|0 fnt\n|-unboost|p1a: Kingambit|spa|1\n|-ability|p1a: Kingambit|Defiant|boost\n|-boost|p1a: Kingambit|atk|2\n|faint|p1b: Sneasler\n|cant|p2a: Blastoise|slp\n|\n|upkeep\n|\n|t:|1788378436\n|switch|p1b: Floette|Floette-Mega, L50, F|100/100\n|-ability|p1b: Floette|Fairy Aura\n|turn|6\n|\n|t:|1788378455\n|move|p2b: Archaludon|Snarl|p1a: Kingambit|[spread] p1a,p1b\n|-resisted|p1a: Kingambit|1\n|-resisted|p1b: Floette|1\n|-damage|p1a: Kingambit|85/100\n|-damage|p1b: Floette|93/100\n|-unboost|p1a: Kingambit|spa|1\n|-ability|p1a: Kingambit|Defiant|boost\n|-boost|p1a: Kingambit|atk|2\n|-unboost|p1b: Floette|spa|1\n|-curestatus|p2a: Blastoise|slp|[msg]\n|move|p2a: Blastoise|Water Pulse|p1a: Kingambit\n|-damage|p1a: Kingambit|33/100\n|move|p1b: Floette|Dazzling Gleam|p2b: Archaludon|[spread] p2a,p2b\n|-damage|p2a: Blastoise|0 fnt\n|-damage|p2b: Archaludon|70/100\n|-ability|p2b: Archaludon|Stamina|boost\n|-boost|p2b: Archaludon|def|1\n|faint|p2a: Blastoise\n|move|p1a: Kingambit|Low Kick|p2b: Archaludon\n|-supereffective|p2b: Archaludon|1\n|-crit|p2b: Archaludon\n|-damage|p2b: Archaludon|0 fnt\n|faint|p2b: Archaludon\n|\n|-sideend|p2: Jfjdjdeh|move: Tailwind\n|upkeep\n|inactive|Jfjdjdeh has 30 seconds left.\n|-message|Jfjdjdeh forfeited.\n|\n|win|mklpoi\n|raw|mklpoi's rating: 1046 &rarr; <strong>1079</strong><br />(+33 for winning)\n|raw|Jfjdjdeh's rating: 1040 &rarr; <strong>1024</strong><br />(-16 for losing)\n|l|‽Jfjdjdeh\n|player|p2|\n","uploadtime":1788378503,"views":"12","formatid":"gen9championsvgc2026regmb","rating":1024,"private":0,"password":null}