{"id":"gen9championsvgc2026regmb-2674234428","format":"[Gen 9 Champions] VGC 2026 Reg M-B","players":["ethalem77","Alexukurenai"],"log":"|j|☆ethalem77\n|j|☆Alexukurenai\n|t:|1788320164\n|gametype|doubles\n|player|p1|ethalem77|acetrainer-gen4dp|1586\n|player|p2|Alexukurenai|n|1534\n|gen|9\n|tier|[Gen 9 Champions] VGC 2026 Reg M-B\n|rated|\n|rule|Species Clause: Limit one of each Pokémon\n|rule|Item Clause: Limit 1 of each item\n|clearpoke\n|poke|p1|Dragonite, L50, M|\n|poke|p1|Sneasler, L50, F|\n|poke|p1|Basculegion, L50, M|\n|poke|p1|Kingambit, L50, M|\n|poke|p1|Garchomp, L50, F|\n|poke|p1|Floette-Eternal, L50, F|\n|poke|p2|Charizard, L50, M, shiny|\n|poke|p2|Farigiraf, L50, F|\n|poke|p2|Incineroar, L50, M|\n|poke|p2|Venusaur, L50, M|\n|poke|p2|Kingambit, L50, F|\n|poke|p2|Garchomp, L50, F|\n|teampreview|4\n|inactive|Battle timer is ON: inactive players will automatically lose when time's up. (requested by ethalem77)\n|inactive|Alexukurenai has 60 seconds left.\n|\n|t:|1788320204\n|teamsize|p1|4\n|teamsize|p2|4\n|start\n|switch|p1a: Dragonite|Dragonite, L50, M|100/100\n|switch|p1b: Sneasler|Sneasler, L50, F|100/100\n|switch|p2a: Chorizord|Charizard, L50, M, shiny|100/100\n|switch|p2b: Kowalski|Venusaur, L50, M|100/100\n|turn|1\n|\n|t:|1788320221\n|detailschange|p1a: Dragonite|Dragonite-Mega, L50, M\n|-mega|p1a: Dragonite|Dragonite|Dragoninite\n|detailschange|p2a: Chorizord|Charizard-Mega-Y, L50, M, shiny\n|-mega|p2a: Chorizord|Charizard|Charizardite Y\n|-weather|SunnyDay|[from] ability: Drought|[of] p2a: Chorizord\n|move|p2a: Chorizord|Protect|p2a: Chorizord\n|-singleturn|p2a: Chorizord|Protect\n|move|p1b: Sneasler|Fake Out|p2b: Kowalski\n|-damage|p2b: Kowalski|82/100\n|cant|p2b: Kowalski|flinch\n|move|p1a: Dragonite|Heat Wave|p2b: Kowalski|[spread] p2b\n|-activate|p2a: Chorizord|move: Protect\n|-supereffective|p2b: Kowalski|1\n|-damage|p2b: Kowalski|0 fnt\n|faint|p2b: Kowalski\n|\n|-weather|SunnyDay|[upkeep]\n|upkeep\n|\n|t:|1788320237\n|switch|p2b: Rico|Garchomp, L50, F|100/100\n|turn|2\n|\n|t:|1788320249\n|move|p2a: Chorizord|Helping Hand|p2b: Rico\n|-singleturn|p2b: Rico|Helping Hand|[of] p2a: Chorizord\n|move|p1a: Dragonite|Extreme Speed|p2a: Chorizord\n|-damage|p2a: Chorizord|81/100\n|move|p2b: Rico|Dragon Claw|p1a: Dragonite\n|-supereffective|p1a: Dragonite|1\n|-damage|p1a: Dragonite|35/100\n|move|p1b: Sneasler|Dire Claw|p2a: Chorizord\n|-damage|p2a: Chorizord|37/100\n|\n|-weather|SunnyDay|[upkeep]\n|upkeep\n|turn|3\n|\n|t:|1788320269\n|move|p1a: Dragonite|Protect|p1a: Dragonite\n|-singleturn|p1a: Dragonite|Protect\n|move|p2a: Chorizord|Protect|p2a: Chorizord\n|-singleturn|p2a: Chorizord|Protect\n|move|p2b: Rico|Dragon Claw|p1a: Dragonite\n|-activate|p1a: Dragonite|move: Protect\n|move|p1b: Sneasler|Close Combat|p2b: Rico\n|-damage|p2b: Rico|39/100\n|-unboost|p1b: Sneasler|def|1\n|-unboost|p1b: Sneasler|spd|1\n|-damage|p1b: Sneasler|87/100|[from] ability: Rough Skin|[of] p2b: Rico\n|\n|-weather|SunnyDay|[upkeep]\n|upkeep\n|turn|4\n|inactive|ethalem77 has 30 seconds left.\n|\n|t:|1788320301\n|switch|p2a: Skipper|Kingambit, L50, F|100/100\n|move|p1b: Sneasler|Feint|p2a: Skipper\n|-resisted|p2a: Skipper|1\n|-damage|p2a: Skipper|96/100\n|move|p1a: Dragonite|Extreme Speed|p2a: Skipper\n|-resisted|p2a: Skipper|1\n|-damage|p2a: Skipper|88/100\n|move|p2b: Rico|Dragon Claw|p1a: Dragonite\n|-supereffective|p1a: Dragonite|1\n|-crit|p1a: Dragonite\n|-damage|p1a: Dragonite|0 fnt\n|faint|p1a: Dragonite\n|\n|-weather|SunnyDay|[upkeep]\n|upkeep\n|\n|t:|1788320305\n|switch|p1a: Kingambit|Kingambit, L50, M|100/100\n|turn|5\n|\n|t:|1788320312\n|move|p1a: Kingambit|Sucker Punch|p2b: Rico\n|-damage|p2b: Rico|2/100\n|-damage|p1a: Kingambit|87/100|[from] ability: Rough Skin|[of] p2b: Rico\n|move|p2b: Rico|Dragon Claw|p1b: Sneasler\n|-damage|p1b: Sneasler|0 fnt\n|faint|p1b: Sneasler\n|move|p2a: Skipper|Low Kick|p1a: Kingambit\n|-supereffective|p1a: Kingambit|2\n|-enditem|p1a: Kingambit|Chople Berry|[eat]\n|-enditem|p1a: Kingambit|Chople Berry|[weaken]\n|-damage|p1a: Kingambit|31/100\n|\n|-weather|none\n|upkeep\n|\n|t:|1788320315\n|switch|p1b: Basculegion|Basculegion, L50, M|100/100\n|turn|6\n|\n|t:|1788320323\n|move|p1b: Basculegion|Aqua Jet|p2b: Rico\n|-damage|p2b: Rico|0 fnt\n|-damage|p1b: Basculegion|87/100|[from] ability: Rough Skin|[of] p2b: Rico\n|faint|p2b: Rico\n|-damage|p1b: Basculegion|78/100|[from] item: Life Orb\n|move|p2a: Skipper|Low Kick|p1a: Kingambit\n|-supereffective|p1a: Kingambit|2\n|-damage|p1a: Kingambit|0 fnt\n|faint|p1a: Kingambit\n|\n|upkeep\n|\n|t:|1788320327\n|switch|p2b: Chorizord|Charizard-Mega-Y, L50, M, shiny|37/100\n|-weather|SunnyDay|[from] ability: Drought|[of] p2b: Chorizord\n|turn|7\n|\n|t:|1788320331\n|move|p1b: Basculegion|Protect|p1b: Basculegion\n|-singleturn|p1b: Basculegion|Protect\n|move|p2a: Skipper|Sucker Punch||[still]\n|-fail|p2a: Skipper\n|move|p2b: Chorizord|Weather Ball|p1b: Basculegion\n|-activate|p1b: Basculegion|move: Protect\n|\n|-weather|SunnyDay|[upkeep]\n|upkeep\n|turn|8\n|-message|ethalem77 forfeited.\n|\n|win|Alexukurenai\n|raw|ethalem77's rating: 1586 &rarr; <strong>1563</strong><br />(-23 for losing)\n|raw|Alexukurenai's rating: 1534 &rarr; <strong>1557</strong><br />(+23 for winning)\n|l|☆Alexukurenai\n|player|p2|\n|j|☆Alexukurenai\n|player|p2|Alexukurenai|n|\n|l|☆Alexukurenai\n|player|p2|\n|l|☆ethalem77\n|player|p1|\n|j|☆ethalem77\n|player|p1|ethalem77|acetrainer-gen4dp|\n","uploadtime":1788323081,"views":"0","formatid":"gen9championsvgc2026regmb","rating":1557,"private":0,"password":null}