{"id":"gen9championsvgc2026regmbbo3-2673631750","format":"[Gen 9 Champions] VGC 2026 Reg M-B (Bo3)","players":["ilyKuronaa","Faiman"],"log":"|j|☆ilyKuronaa\n|j|☆Faiman\n|html|<table width=\"100%\"><tr><td align=\"left\">ilyKuronaa</td><td align=\"right\">Faiman</tr><tr><td align=\"left\"><i class=\"fa fa-circle-o\"></i> <i class=\"fa fa-circle-o\"></i> </td><td align=\"right\"><i class=\"fa fa-circle-o\"></i> <i class=\"fa fa-circle-o\"></i> </tr></table>\n|uhtml|bestof|<h2><strong>Game 1</strong> of <a href=\"/game-bestof3-gen9championsvgc2026regmbbo3-2673631748\">a best-of-3</a></h2>\n|t:|1788224211\n|gametype|doubles\n|player|p1|ilyKuronaa|170|1246\n|player|p2|Faiman|palmer|1426\n|gen|9\n|tier|[Gen 9 Champions] VGC 2026 Reg M-B (Bo3)\n|rated|\n|rule|Species Clause: Limit one of each Pokémon\n|rule|Item Clause: Limit 1 of each item\n|clearpoke\n|poke|p1|Floette-Eternal, L50, F|\n|poke|p1|Basculegion, L50, M|\n|poke|p1|Kingambit, L50, F|\n|poke|p1|Dragonite, L50, F|\n|poke|p1|Garchomp, L50, F|\n|poke|p1|Sneasler, L50, F|\n|poke|p2|Raichu, L50, M|\n|poke|p2|Whimsicott, L50, F|\n|poke|p2|Ninetales-Alola, L50, M|\n|poke|p2|Kommo-o, L50, M|\n|poke|p2|Ceruledge, L50, M|\n|poke|p2|Tsareena, L50, F|\n|teampreview|4\n|showteam|p1|Floette-Eternal||Floettite|FlowerVeil|Moonblast,DazzlingGleam,LightofRuin,Protect|Timid||F|||50|]Basculegion||LifeOrb|Adaptability|WaveCrash,LastRespects,AquaJet,Protect|Adamant||M|||50|]Kingambit||ChopleBerry|Defiant|SuckerPunch,KowtowCleave,LowKick,IronHead|Adamant||F|||50|]Dragonite||Dragoninite|Multiscale|DragonPulse,HeatWave,ExtremeSpeed,Protect|Modest||F|||50|]Garchomp||ChoiceScarf|RoughSkin|DragonClaw,StompingTantrum,Earthquake,RockSlide|Jolly||F|||50|]Sneasler||FocusSash|Unburden|CloseCombat,DireClaw,FakeOut,Feint|Adamant||F|||50|\n|showteam|p2|Raichu||RaichuniteY|LightningRod|ZapCannon,FocusBlast,FakeOut,Protect|Timid||M|||50|]Whimsicott||FocusSash|Prankster|Moonblast,Tailwind,Encore,Protect|Timid||F|||50|]Ninetales-Alola||ChoiceScarf|SnowWarning|Blizzard,FreezeDry,IcyWind,Moonblast|Modest||M|||50|]Kommo-o||LifeOrb|Soundproof|ClangingScales,AuraSphere,VacuumWave,Protect|Timid||M|||50|]Ceruledge||ColburBerry|FlashFire|BitterBlade,ShadowSneak,SwordsDance,Protect|Adamant||M|||50|]Tsareena||OccaBerry|QueenlyMajesty|TropKick,LowKick,Taunt,Protect|Adamant||F|||50|\n|inactive|Battle timer is ON: inactive players will automatically lose when time's up. (requested by Faiman)\n|inactive|ilyKuronaa has 60 seconds left.\n|\n|t:|1788224262\n|teamsize|p1|4\n|teamsize|p2|4\n|start\n|switch|p1a: Floette|Floette-Eternal, L50, F|100/100\n|switch|p1b: Sneasler|Sneasler, L50, F|100/100\n|switch|p2a: Raichu|Raichu, L50, M|100/100\n|switch|p2b: Ninetales|Ninetales-Alola, L50, M|100/100\n|-weather|Snowscape|[from] ability: Snow Warning|[of] p2b: Ninetales\n|turn|1\n|inactive|ilyKuronaa has 30 seconds left.\n|inactive|Faiman has 30 seconds left.\n|inactive|ilyKuronaa has 20 seconds left.\n|\n|t:|1788224301\n|switch|p2b: Ceruledge|Ceruledge, L50, M|100/100\n|detailschange|p2a: Raichu|Raichu-Mega-Y, L50, M\n|-mega|p2a: Raichu|Raichu|Raichunite Y\n|detailschange|p1a: Floette|Floette-Mega, L50, F\n|-mega|p1a: Floette|Floette|Floettite\n|-ability|p1a: Floette|Fairy Aura\n|move|p2a: Raichu|Zap Cannon|p1a: Floette\n|-damage|p1a: Floette|47/100\n|-status|p1a: Floette|par\n|move|p1b: Sneasler|Dire Claw|p2b: Ceruledge\n|-resisted|p2b: Ceruledge|1\n|-damage|p2b: Ceruledge|75/100\n|-status|p2b: Ceruledge|psn\n|move|p1a: Floette|Dazzling Gleam|p2b: Ceruledge|[spread] p2a,p2b\n|-resisted|p2b: Ceruledge|1\n|-damage|p2a: Raichu|40/100\n|-damage|p2b: Ceruledge|51/100 psn\n|\n|-weather|Snowscape|[upkeep]\n|-damage|p2b: Ceruledge|39/100 psn|[from] psn\n|upkeep\n|turn|2\n|inactive|ilyKuronaa has 30 seconds left.\n|inactive|Faiman has 30 seconds left.\n|\n|t:|1788224328\n|move|p1b: Sneasler|Feint|p2a: Raichu\n|-damage|p2a: Raichu|21/100\n|move|p2a: Raichu|Zap Cannon|p1b: Sneasler\n|-damage|p1b: Sneasler|21/100\n|-status|p1b: Sneasler|par\n|move|p2b: Ceruledge|Bitter Blade|p1a: Floette\n|-damage|p1a: Floette|0 fnt\n|-heal|p2b: Ceruledge|59/100 psn|[from] drain|[of] p1a: Floette\n|faint|p1a: Floette\n|\n|-weather|Snowscape|[upkeep]\n|-damage|p2b: Ceruledge|47/100 psn|[from] psn\n|upkeep\n|\n|t:|1788224338\n|switch|p1a: Garchomp|Garchomp, L50, F|100/100\n|turn|3\n|inactive|ilyKuronaa has 30 seconds left.\n|inactive|ilyKuronaa has 20 seconds left.\n|inactive|ilyKuronaa has 15 seconds left.\n|\n|t:|1788224380\n|switch|p2a: Tsareena|Tsareena, L50, F|100/100\n|move|p1b: Sneasler|Feint||[still]\n|cant|p2a: Tsareena|ability: Queenly Majesty|Feint|[of] p1b: Sneasler\n|move|p2b: Ceruledge|Shadow Sneak|p1b: Sneasler\n|-damage|p1b: Sneasler|0 fnt\n|faint|p1b: Sneasler\n|move|p1a: Garchomp|Rock Slide|p2a: Tsareena|[spread] p2a,p2b\n|-supereffective|p2b: Ceruledge|1\n|-damage|p2a: Tsareena|79/100\n|-damage|p2b: Ceruledge|1/100 psn\n|\n|-weather|Snowscape|[upkeep]\n|-damage|p2b: Ceruledge|0 fnt|[from] psn\n|faint|p2b: Ceruledge\n|upkeep\n|\n|t:|1788224390\n|switch|p1b: Basculegion|Basculegion, L50, M|100/100\n|switch|p2b: Ninetales|Ninetales-Alola, L50, M|100/100\n|turn|4\n|\n|t:|1788224407\n|move|p2a: Tsareena|Protect|p2a: Tsareena\n|-singleturn|p2a: Tsareena|Protect\n|move|p1a: Garchomp|Rock Slide|p2b: Ninetales|[spread] p2b\n|-activate|p2a: Tsareena|move: Protect\n|-supereffective|p2b: Ninetales|1\n|-damage|p2b: Ninetales|60/100\n|cant|p2b: Ninetales|flinch\n|move|p1b: Basculegion|Last Respects|p2a: Tsareena\n|-activate|p2a: Tsareena|move: Protect\n|\n|-weather|Snowscape|[upkeep]\n|upkeep\n|turn|5\n|\n|t:|1788224426\n|move|p1b: Basculegion|Aqua Jet||[still]\n|cant|p2a: Tsareena|ability: Queenly Majesty|Aqua Jet|[of] p1b: Basculegion\n|move|p1a: Garchomp|Rock Slide|p2a: Tsareena|[spread] p2b\n|-miss|p1a: Garchomp|p2a: Tsareena\n|-supereffective|p2b: Ninetales|1\n|-damage|p2b: Ninetales|20/100r\n|move|p2b: Ninetales|Blizzard|p1a: Garchomp|[spread] p1a,p1b\n|-supereffective|p1a: Garchomp|2\n|-resisted|p1b: Basculegion|1\n|-damage|p1a: Garchomp|0 fnt\n|-damage|p1b: Basculegion|78/100\n|faint|p1a: Garchomp\n|move|p2a: Tsareena|Trop Kick|p1b: Basculegion\n|-supereffective|p1b: Basculegion|1\n|-damage|p1b: Basculegion|0 fnt\n|faint|p1b: Basculegion\n|\n|win|Faiman\n","uploadtime":1788224427,"views":"2","formatid":"gen9championsvgc2026regmbbo3","rating":null,"private":0,"password":null}