{"id":"gen9championsvgc2026regmbbo3-2673368674","format":"[Gen 9 Champions] VGC 2026 Reg M-B (Bo3)","players":["lucashero","Tortle489VGC"],"log":"|j|☆lucashero\n|j|‽Tortle489VGC\n|html|<table width=\"100%\"><tr><td align=\"left\">lucashero</td><td align=\"right\">Tortle489VGC</tr><tr><td align=\"left\"><i class=\"fa fa-circle\"></i> <i class=\"fa fa-circle-o\"></i> </td><td align=\"right\"><i class=\"fa fa-circle-o\"></i> <i class=\"fa fa-circle-o\"></i> </tr></table>\n|uhtml|bestof|<h2><strong>Game 2</strong> of <a href=\"/game-bestof3-gen9championsvgc2026regmbbo3-2673366656\">a best-of-3</a></h2>\n|t:|1788189262\n|gametype|doubles\n|player|p1|lucashero|102|1078\n|player|p2|Tortle489VGC|102|1048\n|gen|9\n|tier|[Gen 9 Champions] VGC 2026 Reg M-B (Bo3)\n|rated|\n|rule|Species Clause: Limit one of each Pokémon\n|rule|Item Clause: Limit 1 of each item\n|clearpoke\n|poke|p1|Mr. Rime, L50, M, shiny|\n|poke|p1|Vanilluxe, L50, M, shiny|\n|poke|p1|Slurpuff, L50, M, shiny|\n|poke|p1|Tauros-Paldea-Blaze, L50, M, shiny|\n|poke|p1|Rotom-Mow, L50, shiny|\n|poke|p1|Quaquaval, L50, M, shiny|\n|poke|p2|Slowbro, L50, F|\n|poke|p2|Hatterene, L50, F|\n|poke|p2|Conkeldurr, L50, M|\n|poke|p2|Mudsdale, L50, M|\n|poke|p2|Kingambit, L50, F|\n|poke|p2|Clefable, L50, F|\n|teampreview|4\n|showteam|p1|Mr. Rime||ColburBerry|ScreenCleaner|FakeOut,Protect,FreezeDry,Psychic|Sassy||M|||50|]Vanilluxe||FocusSash|SnowWarning|AuroraVeil,Blizzard,Protect,MirrorCoat|Modest||M|||50|]Slurpuff||SitrusBerry|Unburden|Endeavor,DrainPunch,PlayRough,Endure|Adamant||M|||50|]Tauros-Paldea-Blaze||MentalHerb|Intimidate|RagingBull,CloseCombat,BulkUp,Protect|Jolly||M|||50|]Rotom-Mow||OccaBerry|Levitate|VoltSwitch,LeafStorm,LightScreen,WillOWisp|Timid|||||50|]Quaquaval||ChoiceScarf|Moxie|FlipTurn,IcyWind,CloseCombat,AquaStep|Naive||M|||50|\n|showteam|p2|Slowbro||Slowbronite|Oblivious|TrickRoom,NastyPlot,ExpandingForce,Scald|Quiet||F|||50|]Hatterene||FocusSash|MagicBounce|TrickRoom,PsychicTerrain,ExpandingForce,DazzlingGleam|Quiet||F|||50|]Conkeldurr||WhiteHerb|IronFist|DrainPunch,KnockOff,BulkUp,Protect|Adamant||M|||50|]Mudsdale||Leftovers|Stamina|HighHorsepower,BodyPress,IronDefense,Protect|Brave||M|||50|]Kingambit||BlackGlasses|Defiant|KowtowCleave,SuckerPunch,IronHead,LowKick|Adamant||F|||50|]Clefable||MentalHerb|MagicGuard|FollowMe,LifeDew,HelpingHand,Moonblast|Calm||F|||50|\n|inactive|Battle timer is ON: inactive players will automatically lose when time's up. (requested by lucashero)\n|inactive|Tortle489VGC also wants the timer to be on.\n|inactive|lucashero has 60 seconds left.\n|\n|t:|1788189309\n|teamsize|p1|4\n|teamsize|p2|4\n|start\n|switch|p1a: Vanilluxe|Vanilluxe, L50, M, shiny|100/100\n|switch|p1b: Rotom|Rotom-Mow, L50, shiny|100/100\n|switch|p2a: Hatterene|Hatterene, L50, F|100/100\n|switch|p2b: Clefable|Clefable, L50, F|100/100\n|-weather|Snowscape|[from] ability: Snow Warning|[of] p1a: Vanilluxe\n|turn|1\n|\n|t:|1788189321\n|move|p2b: Clefable|Follow Me|p2b: Clefable\n|-singleturn|p2b: Clefable|move: Follow Me\n|move|p1b: Rotom|Leaf Storm|p2b: Clefable\n|-damage|p2b: Clefable|59/100\n|-unboost|p1b: Rotom|spa|2\n|move|p1a: Vanilluxe|Aurora Veil|p1a: Vanilluxe\n|-sidestart|p1: lucashero|move: Aurora Veil\n|move|p2a: Hatterene|Trick Room|p2a: Hatterene\n|-fieldstart|move: Trick Room|[of] p2a: Hatterene\n|\n|-weather|Snowscape|[upkeep]\n|upkeep\n|turn|2\n|\n|t:|1788189337\n|move|p2a: Hatterene|Psychic Terrain|p2a: Hatterene\n|-fieldstart|move: Psychic Terrain\n|move|p2b: Clefable|Life Dew||[still]|[spread] p2a,p2b\n|-fail|p2a: Hatterene|heal\n|-heal|p2b: Clefable|85/100\n|move|p1a: Vanilluxe|Blizzard|p2b: Clefable|[spread] p2a,p2b\n|-damage|p2a: Hatterene|59/100\n|-damage|p2b: Clefable|55/100\n|move|p1b: Rotom|Volt Switch|p2b: Clefable\n|-damage|p2b: Clefable|44/100\n|\n|t:|1788189351\n|switch|p1b: Tauros|Tauros-Paldea-Blaze, L50, M, shiny|100/100|[from] Volt Switch\n|-ability|p1b: Tauros|Intimidate|boost\n|-unboost|p2a: Hatterene|atk|1\n|-unboost|p2b: Clefable|atk|1\n|\n|-weather|Snowscape|[upkeep]\n|upkeep\n|turn|3\n|\n|t:|1788189362\n|move|p2b: Clefable|Helping Hand|p2a: Hatterene\n|-singleturn|p2a: Hatterene|Helping Hand|[of] p2b: Clefable\n|move|p1b: Tauros|Protect|p1b: Tauros\n|-singleturn|p1b: Tauros|Protect\n|move|p2a: Hatterene|Expanding Force|p1a: Vanilluxe|[spread] p1a\n|-activate|p1b: Tauros|move: Protect\n|-damage|p1a: Vanilluxe|17/100\n|move|p1a: Vanilluxe|Mirror Coat|p2a: Hatterene\n|-damage|p2a: Hatterene|0 fnt\n|faint|p2a: Hatterene\n|\n|-weather|Snowscape|[upkeep]\n|upkeep\n|\n|t:|1788189373\n|switch|p2a: Slowbro|Slowbro, L50, F|100/100\n|turn|4\n|\n|t:|1788189391\n|switch|p1b: Rotom|Rotom-Mow, L50, shiny|100/100\n|detailschange|p2a: Slowbro|Slowbro-Mega, L50, F\n|-mega|p2a: Slowbro|Slowbro|Slowbronite\n|move|p2b: Clefable|Helping Hand|p2a: Slowbro\n|-singleturn|p2a: Slowbro|Helping Hand|[of] p2b: Clefable\n|move|p1a: Vanilluxe|Protect|p1a: Vanilluxe\n|-singleturn|p1a: Vanilluxe|Protect\n|move|p2a: Slowbro|Expanding Force|p1b: Rotom|[spread] p1b\n|-activate|p1a: Vanilluxe|move: Protect\n|-damage|p1b: Rotom|14/100\n|\n|-weather|Snowscape|[upkeep]\n|upkeep\n|turn|5\n|inactive|lucashero has 30 seconds left.\n|inactive|lucashero has 20 seconds left.\n|inactive|lucashero has 15 seconds left.\n|\n|t:|1788189436\n|switch|p1b: Tauros|Tauros-Paldea-Blaze, L50, M, shiny|100/100\n|-ability|p1b: Tauros|Intimidate|boost\n|-unboost|p2a: Slowbro|atk|1\n|-unboost|p2b: Clefable|atk|1\n|move|p2b: Clefable|Helping Hand|p2a: Slowbro\n|-singleturn|p2a: Slowbro|Helping Hand|[of] p2b: Clefable\n|move|p1a: Vanilluxe|Protect|p1a: Vanilluxe\n|-singleturn|p1a: Vanilluxe|Protect\n|move|p2a: Slowbro|Expanding Force|p1a: Vanilluxe|[spread] p1b\n|-activate|p1a: Vanilluxe|move: Protect\n|-supereffective|p1b: Tauros|1\n|-damage|p1b: Tauros|0 fnt\n|faint|p1b: Tauros\n|\n|-weather|none\n|-sideend|p1: lucashero|move: Aurora Veil\n|-fieldend|move: Trick Room\n|upkeep\n|\n|t:|1788189449\n|switch|p1b: Rotom|Rotom-Mow, L50, shiny|14/100\n|turn|6\n|\n|t:|1788189460\n|move|p2b: Clefable|Follow Me|p2b: Clefable\n|-singleturn|p2b: Clefable|move: Follow Me\n|move|p1b: Rotom|Leaf Storm|p2b: Clefable\n|-damage|p2b: Clefable|2/100\n|-unboost|p1b: Rotom|spa|2\n|move|p1a: Vanilluxe|Blizzard|p2a: Slowbro|[spread] p2b\n|-miss|p1a: Vanilluxe|p2a: Slowbro\n|-damage|p2b: Clefable|0 fnt\n|faint|p2b: Clefable\n|move|p2a: Slowbro|Expanding Force|p1a: Vanilluxe|[spread] p1a,p1b\n|-damage|p1a: Vanilluxe|0 fnt\n|-damage|p1b: Rotom|0 fnt\n|faint|p1a: Vanilluxe\n|faint|p1b: Rotom\n|\n|-fieldend|move: Psychic Terrain\n|upkeep\n|\n|t:|1788189477\n|switch|p1b: Quaquaval|Quaquaval, L50, M, shiny|100/100\n|switch|p2b: Conkeldurr|Conkeldurr, L50, M|100/100\n|turn|7\n|\n|t:|1788189491\n|move|p1b: Quaquaval|Aqua Step|p2b: Conkeldurr\n|-damage|p2b: Conkeldurr|64/100\n|-boost|p1b: Quaquaval|spe|1\n|move|p2b: Conkeldurr|Drain Punch|p1b: Quaquaval\n|-damage|p1b: Quaquaval|21/100\n|-heal|p2b: Conkeldurr|94/100|[from] drain|[of] p1b: Quaquaval\n|move|p2a: Slowbro|Expanding Force|p1b: Quaquaval\n|-supereffective|p1b: Quaquaval|1\n|-damage|p1b: Quaquaval|0 fnt\n|faint|p1b: Quaquaval\n|\n|win|Tortle489VGC\n|inactive|lucashero has 30 seconds to confirm battle start!\n|inactive|Tortle489VGC has 30 seconds to confirm battle start!\n","uploadtime":1788189502,"views":"8","formatid":"gen9championsvgc2026regmbbo3","rating":null,"private":0,"password":null}