{"id":"gen9championsvgc2026regmb-2674204381","format":"[Gen 9 Champions] VGC 2026 Reg M-B","players":["miwabeast","Fish In French"],"log":"|j|☆miwabeast\n|j|☆Fish In French\n|t:|1788315048\n|gametype|doubles\n|player|p1|miwabeast|101|1197\n|player|p2|Fish In French|dawn|1121\n|gen|9\n|tier|[Gen 9 Champions] VGC 2026 Reg M-B\n|rated|\n|rule|Species Clause: Limit one of each Pokémon\n|rule|Item Clause: Limit 1 of each item\n|clearpoke\n|poke|p1|Toxapex, L50, M|\n|poke|p1|Hippowdon, L50, M|\n|poke|p1|Weavile, L50, M|\n|poke|p1|Tyranitar, L50, F|\n|poke|p1|Sableye, L50, M|\n|poke|p1|Farigiraf, L50, F|\n|poke|p2|Toxapex, L50, F|\n|poke|p2|Glimmora, L50, F|\n|poke|p2|Venusaur, L50, M|\n|poke|p2|Sinistcha-Masterpiece, L50|\n|poke|p2|Incineroar, L50, M|\n|poke|p2|Farigiraf, L50, F|\n|teampreview|4\n|\n|t:|1788315079\n|teamsize|p1|4\n|teamsize|p2|4\n|start\n|switch|p1a: Toxapex|Toxapex, L50, M|100/100\n|switch|p1b: Hippowdon|Hippowdon, L50, M|100/100\n|switch|p2a: Glimmora|Glimmora, L50, F|100/100\n|switch|p2b: Farigiraf|Farigiraf, L50, F|100/100\n|-weather|Sandstorm|[from] ability: Sand Stream|[of] p1b: Hippowdon\n|turn|1\n|\n|t:|1788315095\n|move|p2a: Glimmora|Toxic Spikes|p1a: Toxapex\n|-sidestart|p1: miwabeast|move: Toxic Spikes\n|move|p1b: Hippowdon|High Horsepower|p2a: Glimmora\n|-supereffective|p2a: Glimmora|2\n|-enditem|p2a: Glimmora|Focus Sash\n|-damage|p2a: Glimmora|1/100\n|-activate|p2a: Glimmora|ability: Toxic Debris\n|-sidestart|p1: miwabeast|move: Toxic Spikes\n|move|p1a: Toxapex|Toxic|p2b: Farigiraf\n|-status|p2b: Farigiraf|tox\n|move|p2b: Farigiraf|Roar|p1b: Hippowdon\n|drag|p1b: Tyranitar|Tyranitar, L50, F|100/100\n|-status|p1b: Tyranitar|tox\n|\n|-weather|Sandstorm|[upkeep]\n|-damage|p2b: Farigiraf|93/100 tox|[from] Sandstorm\n|-damage|p1a: Toxapex|94/100|[from] Sandstorm\n|-heal|p1a: Toxapex|100/100|[from] item: Leftovers\n|-damage|p1b: Tyranitar|94/100 tox|[from] psn\n|-damage|p2b: Farigiraf|87/100 tox|[from] psn\n|upkeep\n|turn|2\n|\n|t:|1788315126\n|move|p2a: Glimmora|Spiky Shield|p2a: Glimmora\n|-singleturn|p2a: Glimmora|move: Protect\n|move|p1b: Tyranitar|Protect|p1b: Tyranitar\n|-singleturn|p1b: Tyranitar|Protect\n|move|p1a: Toxapex|Infestation|p2a: Glimmora\n|-activate|p2a: Glimmora|move: Protect\n|-damage|p1a: Toxapex|87/100|[from] Spiky Shield|[of] p2a: Glimmora\n|move|p2b: Farigiraf|Roar|p1a: Toxapex\n|-heal|p1a: Toxapex|100/100|[from] ability: Regenerator|[silent]\n|drag|p1a: Hippowdon|Hippowdon, L50, M|100/100\n|-status|p1a: Hippowdon|tox\n|\n|-weather|Sandstorm|[upkeep]\n|-damage|p2b: Farigiraf|81/100 tox|[from] Sandstorm\n|-damage|p1b: Tyranitar|82/100 tox|[from] psn\n|-damage|p2b: Farigiraf|69/100 tox|[from] psn\n|-damage|p1a: Hippowdon|93/100 tox|[from] psn\n|upkeep\n|turn|3\n|\n|t:|1788315155\n|switch|p2b: Venusaur|Venusaur, L50, M|100/100\n|detailschange|p1b: Tyranitar|Tyranitar-Mega, L50, F\n|-mega|p1b: Tyranitar|Tyranitar|Tyranitarite\n|move|p2a: Glimmora|Mortal Spin|p1a: Hippowdon|[spread] p1a,p1b\n|-resisted|p1a: Hippowdon|1\n|-resisted|p1b: Tyranitar|1\n|-damage|p1a: Hippowdon|92/100 tox\n|-damage|p1b: Tyranitar|81/100 tox\n|move|p1b: Tyranitar|Rock Slide|p2a: Glimmora|[spread] p2a,p2b\n|-damage|p2a: Glimmora|0 fnt\n|-damage|p2b: Venusaur|71/100\n|faint|p2a: Glimmora\n|move|p1a: Hippowdon|Body Press|p2b: Venusaur\n|-resisted|p2b: Venusaur|1\n|-damage|p2b: Venusaur|61/100\n|\n|-weather|Sandstorm|[upkeep]\n|-damage|p2b: Venusaur|55/100|[from] Sandstorm\n|-damage|p1b: Tyranitar|63/100 tox|[from] psn\n|-damage|p1a: Hippowdon|80/100 tox|[from] psn\n|upkeep\n|\n|t:|1788315171\n|switch|p2a: Toxapex|Toxapex, L50, F|100/100\n|turn|4\n|\n|t:|1788315181\n|detailschange|p2b: Venusaur|Venusaur-Mega, L50, M\n|-mega|p2b: Venusaur|Venusaur|Venusaurite\n|move|p2b: Venusaur|Leech Seed|p1a: Hippowdon\n|-start|p1a: Hippowdon|move: Leech Seed\n|move|p1b: Tyranitar|Ice Punch|p2b: Venusaur\n|-supereffective|p2b: Venusaur|1\n|-damage|p2b: Venusaur|33/100\n|move|p1a: Hippowdon|High Horsepower|p2a: Toxapex\n|-supereffective|p2a: Toxapex|1\n|-damage|p2a: Toxapex|41/100\n|move|p2a: Toxapex|Infestation|p1b: Tyranitar\n|-supereffective|p1b: Tyranitar|1\n|-damage|p1b: Tyranitar|59/100 tox\n|-activate|p1b: Tyranitar|move: Infestation|[of] p2a: Toxapex\n|\n|-weather|Sandstorm|[upkeep]\n|-damage|p2b: Venusaur|27/100|[from] Sandstorm\n|-damage|p2a: Toxapex|36/100|[from] Sandstorm\n|-heal|p2a: Toxapex|41/100|[from] item: Leftovers\n|-damage|p1a: Hippowdon|68/100 tox|[from] Leech Seed|[of] p2b: Venusaur\n|-heal|p2b: Venusaur|41/100|[silent]\n|-damage|p1b: Tyranitar|36/100 tox|[from] psn\n|-damage|p1a: Hippowdon|50/100g tox|[from] psn\n|-damage|p1b: Tyranitar|24/100 tox|[from] move: Infestation|[partiallytrapped]\n|upkeep\n|turn|5\n|\n|t:|1788315208\n|move|p2a: Toxapex|Baneful Bunker|p2a: Toxapex\n|-singleturn|p2a: Toxapex|move: Protect\n|move|p2b: Venusaur|Giga Drain|p1a: Hippowdon\n|-supereffective|p1a: Hippowdon|1\n|-damage|p1a: Hippowdon|4/100 tox\n|-heal|p2b: Venusaur|67/100|[from] drain|[of] p1a: Hippowdon\n|move|p1b: Tyranitar|Ice Punch|p2b: Venusaur\n|-supereffective|p2b: Venusaur|1\n|-damage|p2b: Venusaur|44/100\n|move|p1a: Hippowdon|High Horsepower|p2a: Toxapex\n|-activate|p2a: Toxapex|move: Protect\n|\n|-weather|none\n|-heal|p2a: Toxapex|47/100|[from] item: Leftovers\n|-damage|p1a: Hippowdon|0 fnt|[from] Leech Seed|[of] p2b: Venusaur\n|-heal|p2b: Venusaur|50/100g|[silent]\n|faint|p1a: Hippowdon\n|-damage|p1b: Tyranitar|0 fnt|[from] psn\n|faint|p1b: Tyranitar\n|upkeep\n|\n|t:|1788315227\n|switch|p1b: Weavile|Weavile, L50, M|100/100\n|switch|p1a: Toxapex|Toxapex, L50, M|100/100\n|-status|p1b: Weavile|tox\n|-ability|p1b: Weavile|Pressure\n|-sideend|p1: miwabeast|move: Toxic Spikes|[of] p1a: Toxapex\n|turn|6\n|\n|t:|1788315251\n|-heal|p2a: Toxapex|80/100|[from] ability: Regenerator|[silent]\n|switch|p2a: Farigiraf|Farigiraf, L50, F|69/100 tox\n|move|p1b: Weavile|Fake Out||[still]\n|cant|p2a: Farigiraf|ability: Armor Tail|Fake Out|[of] p1b: Weavile\n|move|p2b: Venusaur|Leech Seed|p1a: Toxapex\n|-start|p1a: Toxapex|move: Leech Seed\n|move|p1a: Toxapex|Infestation|p2a: Farigiraf\n|-supereffective|p2a: Farigiraf|1\n|-damage|p2a: Farigiraf|64/100 tox\n|-activate|p2a: Farigiraf|move: Infestation|[of] p1a: Toxapex\n|\n|-damage|p1a: Toxapex|87/100|[from] Leech Seed|[of] p2b: Venusaur\n|-heal|p2b: Venusaur|60/100|[silent]\n|-damage|p1b: Weavile|94/100 tox|[from] psn\n|-damage|p2a: Farigiraf|58/100 tox|[from] psn\n|-damage|p2a: Farigiraf|46/100 tox|[from] move: Infestation|[partiallytrapped]\n|upkeep\n|turn|7\n|\n|t:|1788315274\n|move|p1b: Weavile|Triple Axel|p2b: Venusaur\n|-supereffective|p2b: Venusaur|1\n|-damage|p2b: Venusaur|54/100\n|-supereffective|p2b: Venusaur|1\n|-damage|p2b: Venusaur|41/100\n|-supereffective|p2b: Venusaur|1\n|-damage|p2b: Venusaur|24/100\n|-hitcount|p2b: Venusaur|3\n|move|p2b: Venusaur|Leech Seed|p1b: Weavile\n|-start|p1b: Weavile|move: Leech Seed\n|move|p2a: Farigiraf|Psychic Noise|p1a: Toxapex\n|-supereffective|p1a: Toxapex|1\n|-damage|p1a: Toxapex|42/100\n|-start|p1a: Toxapex|move: Heal Block\n|move|p1a: Toxapex|Infestation|p2b: Venusaur\n|-damage|p2b: Venusaur|20/100y\n|-activate|p2b: Venusaur|move: Infestation|[of] p1a: Toxapex\n|\n|-damage|p1b: Weavile|81/100 tox|[from] Leech Seed|[of] p2b: Venusaur\n|-heal|p2b: Venusaur|32/100|[silent]\n|-damage|p1a: Toxapex|29/100|[from] Leech Seed|[of] p2b: Venusaur\n|-heal|p2b: Venusaur|42/100|[silent]\n|-damage|p1b: Weavile|69/100 tox|[from] psn\n|-damage|p2a: Farigiraf|33/100 tox|[from] psn\n|-damage|p2b: Venusaur|29/100|[from] move: Infestation|[partiallytrapped]\n|-damage|p2a: Farigiraf|21/100 tox|[from] move: Infestation|[partiallytrapped]\n|upkeep\n|turn|8\n|\n|t:|1788315308\n|move|p2b: Venusaur|Protect|p2b: Venusaur\n|-singleturn|p2b: Venusaur|Protect\n|move|p1a: Toxapex|Baneful Bunker|p1a: Toxapex\n|-singleturn|p1a: Toxapex|move: Protect\n|move|p1b: Weavile|Triple Axel|p2b: Venusaur\n|-activate|p2b: Venusaur|move: Protect\n|move|p2a: Farigiraf|Psychic Noise|p1a: Toxapex\n|-activate|p1a: Toxapex|move: Protect\n|\n|-damage|p1b: Weavile|57/100 tox|[from] Leech Seed|[of] p2b: Venusaur\n|-heal|p2b: Venusaur|41/100|[silent]\n|-damage|p1a: Toxapex|17/100|[from] Leech Seed|[of] p2b: Venusaur\n|-heal|p2b: Venusaur|51/100|[silent]\n|-damage|p1b: Weavile|39/100 tox|[from] psn\n|-damage|p2a: Farigiraf|3/100 tox|[from] psn\n|-damage|p2b: Venusaur|39/100|[from] move: Infestation|[partiallytrapped]\n|-damage|p2a: Farigiraf|0 fnt|[from] move: Infestation|[partiallytrapped]\n|faint|p2a: Farigiraf\n|-end|p1a: Toxapex|move: Heal Block\n|upkeep\n|\n|t:|1788315326\n|switch|p2a: Toxapex|Toxapex, L50, F|80/100\n|turn|9\n|\n|t:|1788315342\n|move|p1b: Weavile|Triple Axel|p2b: Venusaur\n|-supereffective|p2b: Venusaur|1\n|-damage|p2b: Venusaur|32/100\n|-supereffective|p2b: Venusaur|1\n|-damage|p2b: Venusaur|21/100\n|-supereffective|p2b: Venusaur|1\n|-damage|p2b: Venusaur|4/100\n|-hitcount|p2b: Venusaur|3\n|move|p2b: Venusaur|Giga Drain|p1b: Weavile\n|-damage|p1b: Weavile|0 fnt\n|-heal|p2b: Venusaur|22/100|[from] drain|[of] p1b: Weavile\n|faint|p1b: Weavile\n|move|p2a: Toxapex|Infestation|p1a: Toxapex\n|-resisted|p1a: Toxapex|1\n|-damage|p1a: Toxapex|16/100\n|-activate|p1a: Toxapex|move: Infestation|[of] p2a: Toxapex\n|move|p1a: Toxapex|Infestation|p2a: Toxapex\n|-resisted|p2a: Toxapex|1\n|-damage|p2a: Toxapex|78/100\n|-activate|p2a: Toxapex|move: Infestation|[of] p1a: Toxapex\n|\n|-heal|p2a: Toxapex|84/100|[from] item: Leftovers\n|-heal|p1a: Toxapex|22/100|[from] item: Leftovers\n|-damage|p1a: Toxapex|10/100|[from] Leech Seed|[of] p2b: Venusaur\n|-heal|p2b: Venusaur|33/100|[silent]\n|-damage|p2b: Venusaur|20/100y|[from] move: Infestation|[partiallytrapped]\n|-damage|p2a: Toxapex|72/100|[from] move: Infestation|[partiallytrapped]\n|-damage|p1a: Toxapex|0 fnt|[from] move: Infestation|[partiallytrapped]\n|faint|p1a: Toxapex\n|\n|win|Fish In French\n|raw|miwabeast's rating: 1197 &rarr; <strong>1167</strong><br />(-30 for losing)\n|raw|Fish In French's rating: 1121 &rarr; <strong>1151</strong><br />(+30 for winning)\n|l|☆miwabeast\n|player|p1|\n","uploadtime":1788315501,"views":"1","formatid":"gen9championsvgc2026regmb","rating":1151,"private":0,"password":null}