{"id":"gen9championsvgc2026regmb-2674739256","format":"[Gen 9 Champions] VGC 2026 Reg M-B","players":["blueplaidshirtboy","oversoul47"],"log":"|j|☆blueplaidshirtboy\n|j|☆oversoul47\n|t:|1788398637\n|gametype|doubles\n|player|p1|blueplaidshirtboy|nate|1124\n|player|p2|oversoul47|hilbert|1050\n|gen|9\n|tier|[Gen 9 Champions] VGC 2026 Reg M-B\n|rated|\n|rule|Species Clause: Limit one of each Pokémon\n|rule|Item Clause: Limit 1 of each item\n|clearpoke\n|poke|p1|Talonflame, L50, F|\n|poke|p1|Corviknight, L50, F|\n|poke|p1|Vivillon, L50, F|\n|poke|p1|Staraptor, L50, M|\n|poke|p1|Rotom-Fan, L50|\n|poke|p1|Emolga, L50, F|\n|poke|p2|Charizard, L50, F|\n|poke|p2|Milotic, L50, M|\n|poke|p2|Garchomp, L50, M|\n|poke|p2|Incineroar, L50, F|\n|poke|p2|Venusaur, L50, M|\n|poke|p2|Mimikyu, L50, F|\n|teampreview|4\n|\n|t:|1788398651\n|teamsize|p1|4\n|teamsize|p2|4\n|start\n|switch|p1a: temu fan|Rotom-Fan, L50|100/100\n|switch|p1b: im so emo|Emolga, L50, F|100/100\n|switch|p2a: Charizard|Charizard, L50, F|100/100\n|switch|p2b: Incineroar|Incineroar, L50, F|100/100\n|-ability|p2b: Incineroar|Intimidate|boost\n|-unboost|p1a: temu fan|atk|1\n|-unboost|p1b: im so emo|atk|1\n|turn|1\n|\n|t:|1788398669\n|detailschange|p2a: Charizard|Charizard-Mega-Y, L50, F\n|-mega|p2a: Charizard|Charizard|Charizardite Y\n|-weather|SunnyDay|[from] ability: Drought|[of] p2a: Charizard\n|move|p2b: Incineroar|Fake Out|p1b: im so emo\n|-damage|p1b: im so emo|83/100\n|move|p1a: temu fan|Discharge|p2a: Charizard|[spread] p2a,p2b\n|-ability|p1b: im so emo|Motor Drive|boost\n|-boost|p1b: im so emo|spe|1\n|-supereffective|p2a: Charizard|1\n|-damage|p2a: Charizard|62/100\n|-damage|p2b: Incineroar|82/100\n|cant|p1b: im so emo|flinch\n|move|p2a: Charizard|Heat Wave|p1b: im so emo|[spread] p1a,p1b\n|-damage|p1a: temu fan|36/100\n|-damage|p1b: im so emo|0 fnt\n|faint|p1b: im so emo\n|\n|-weather|SunnyDay|[upkeep]\n|upkeep\n|\n|t:|1788398684\n|switch|p1b: Elvis Staraptor|Staraptor, L50, M|100/100\n|-ability|p1b: Elvis Staraptor|Intimidate|boost\n|-unboost|p2a: Charizard|atk|1\n|-unboost|p2b: Incineroar|atk|1\n|turn|2\n|\n|t:|1788398690\n|detailschange|p1b: Elvis Staraptor|Staraptor-Mega, L50, M\n|-mega|p1b: Elvis Staraptor|Staraptor|Staraptite\n|move|p1b: Elvis Staraptor|Protect|p1b: Elvis Staraptor\n|-singleturn|p1b: Elvis Staraptor|Protect\n|move|p1a: temu fan|Discharge|p2b: Incineroar|[spread] p2a,p2b\n|-activate|p1b: Elvis Staraptor|move: Protect\n|-supereffective|p2a: Charizard|1\n|-damage|p2a: Charizard|20/100r\n|-damage|p2b: Incineroar|64/100\n|move|p2a: Charizard|Heat Wave|p1b: Elvis Staraptor|[spread] p1a\n|-activate|p1b: Elvis Staraptor|move: Protect\n|-damage|p1a: temu fan|0 fnt\n|faint|p1a: temu fan\n|move|p2b: Incineroar|Parting Shot|p1b: Elvis Staraptor\n|-activate|p1b: Elvis Staraptor|move: Protect\n|\n|-weather|SunnyDay|[upkeep]\n|upkeep\n|\n|t:|1788398705\n|switch|p1a: Chick DIVA|Talonflame, L50, F|100/100\n|turn|3\n|\n|t:|1788398713\n|switch|p2a: Garchomp|Garchomp, L50, M|100/100\n|move|p1a: Chick DIVA|Heat Wave|p2b: Incineroar|[spread] p2a,p2b\n|-resisted|p2a: Garchomp|1\n|-resisted|p2b: Incineroar|1\n|-damage|p2a: Garchomp|82/100\n|-damage|p2b: Incineroar|50/100g\n|move|p1b: Elvis Staraptor|Close Combat|p2b: Incineroar\n|-supereffective|p2b: Incineroar|1\n|-enditem|p2b: Incineroar|Chople Berry|[eat]\n|-enditem|p2b: Incineroar|Chople Berry|[weaken]\n|-damage|p2b: Incineroar|0 fnt\n|-boost|p1b: Elvis Staraptor|def|1\n|-boost|p1b: Elvis Staraptor|spd|1\n|faint|p2b: Incineroar\n|\n|-weather|SunnyDay|[upkeep]\n|upkeep\n|\n|t:|1788398728\n|switch|p2b: Charizard|Charizard-Mega-Y, L50, F|20/100r\n|turn|4\n|\n|t:|1788398747\n|move|p2b: Charizard|Protect|p2b: Charizard\n|-singleturn|p2b: Charizard|Protect\n|move|p1a: Chick DIVA|Feather Dance|p1b: Elvis Staraptor\n|-boost|p1b: Elvis Staraptor|atk|2\n|move|p1b: Elvis Staraptor|Close Combat|p2a: Garchomp\n|-damage|p2a: Garchomp|0 fnt\n|-boost|p1b: Elvis Staraptor|def|1\n|-boost|p1b: Elvis Staraptor|spd|1\n|-damage|p1b: Elvis Staraptor|87/100|[from] ability: Rough Skin|[of] p2a: Garchomp\n|faint|p2a: Garchomp\n|\n|-weather|SunnyDay|[upkeep]\n|upkeep\n|\n|t:|1788398754\n|switch|p2a: Venusaur|Venusaur, L50, M|100/100\n|turn|5\n|\n|t:|1788398762\n|move|p1a: Chick DIVA|Brave Bird|p2a: Venusaur\n|-supereffective|p2a: Venusaur|1\n|-enditem|p2a: Venusaur|Focus Sash\n|-damage|p2a: Venusaur|1/100\n|-damage|p1a: Chick DIVA|66/100|[from] Recoil\n|move|p2a: Venusaur|Sleep Powder|p1b: Elvis Staraptor\n|-status|p1b: Elvis Staraptor|slp|[from] move: Sleep Powder\n|cant|p1b: Elvis Staraptor|slp\n|move|p2b: Charizard|Heat Wave|p1a: Chick DIVA|[spread] p1a,p1b\n|-resisted|p1a: Chick DIVA|1\n|-damage|p1a: Chick DIVA|15/100\n|-damage|p1b: Elvis Staraptor|51/100 slp\n|\n|-weather|none\n|upkeep\n|turn|6\n|\n|t:|1788398777\n|move|p1a: Chick DIVA|Heat Wave|p2b: Charizard|[spread] p2b\n|-miss|p1a: Chick DIVA|p2a: Venusaur\n|-resisted|p2b: Charizard|1\n|-damage|p2b: Charizard|9/100\n|-curestatus|p1b: Elvis Staraptor|slp|[msg]\n|move|p1b: Elvis Staraptor|Dual Wingbeat|p2b: Charizard|[miss]\n|-miss|p1b: Elvis Staraptor|p2b: Charizard\n|move|p2a: Venusaur|Sludge Bomb|p1a: Chick DIVA\n|-damage|p1a: Chick DIVA|0 fnt\n|faint|p1a: Chick DIVA\n|move|p2b: Charizard|Heat Wave|p1b: Elvis Staraptor\n|-damage|p1b: Elvis Staraptor|17/100\n|-status|p1b: Elvis Staraptor|brn\n|\n|-damage|p1b: Elvis Staraptor|11/100 brn|[from] brn\n|upkeep\n|turn|7\n|inactive|Battle timer is ON: inactive players will automatically lose when time's up. (requested by blueplaidshirtboy)\n|\n|t:|1788398802\n|move|p1b: Elvis Staraptor|Close Combat|p2a: Venusaur\n|-resisted|p2a: Venusaur|1\n|-crit|p2a: Venusaur\n|-damage|p2a: Venusaur|0 fnt\n|-boost|p1b: Elvis Staraptor|def|1\n|-boost|p1b: Elvis Staraptor|spd|1\n|faint|p2a: Venusaur\n|move|p2b: Charizard|Weather Ball|p1b: Elvis Staraptor\n|-damage|p1b: Elvis Staraptor|1/100 brn\n|\n|-damage|p1b: Elvis Staraptor|0 fnt|[from] brn\n|faint|p1b: Elvis Staraptor\n|\n|win|oversoul47\n|raw|blueplaidshirtboy's rating: 1124 &rarr; <strong>1094</strong><br />(-30 for losing)\n|raw|oversoul47's rating: 1050 &rarr; <strong>1089</strong><br />(+39 for winning)\n","uploadtime":1788398810,"views":"5","formatid":"gen9championsvgc2026regmb","rating":1089,"private":0,"password":null}