{"id":"gen9championsvgc2026regmbbo3-2674030818","format":"[Gen 9 Champions] VGC 2026 Reg M-B (Bo3)","players":["humania1","ULYSSEDISCIPLINE"],"log":"|j|☆humania1\n|j|☆ULYSSEDISCIPLINE\n|html|<table width=\"100%\"><tr><td align=\"left\">humania1</td><td align=\"right\">ULYSSEDISCIPLINE</tr><tr><td align=\"left\"><i class=\"fa fa-circle-o\"></i> <i class=\"fa fa-circle-o\"></i> </td><td align=\"right\"><i class=\"fa fa-circle-o\"></i> <i class=\"fa fa-circle-o\"></i> </tr></table>\n|uhtml|bestof|<h2><strong>Game 1</strong> of <a href=\"/game-bestof3-gen9championsvgc2026regmbbo3-2674030817\">a best-of-3</a></h2>\n|t:|1788290299\n|gametype|doubles\n|player|p1|humania1|266|1110\n|player|p2|ULYSSEDISCIPLINE|cynthia-gen4|1102\n|gen|9\n|tier|[Gen 9 Champions] VGC 2026 Reg M-B (Bo3)\n|rated|\n|rule|Species Clause: Limit one of each Pokémon\n|rule|Item Clause: Limit 1 of each item\n|clearpoke\n|poke|p1|Blastoise, L50, F|\n|poke|p1|Delphox, L50, F, shiny|\n|poke|p1|Incineroar, L50, M|\n|poke|p1|Sinistcha, L50|\n|poke|p1|Sneasler, L50, F|\n|poke|p1|Vivillon, L50, F|\n|poke|p2|Garchomp, L50, M, shiny|\n|poke|p2|Charizard, L50, M, shiny|\n|poke|p2|Sylveon, L50, F, shiny|\n|poke|p2|Incineroar, L50, M, shiny|\n|poke|p2|Metagross, L50, shiny|\n|poke|p2|Grimmsnarl, L50, M, shiny|\n|teampreview|4\n|showteam|p1|Blastoise||Blastoisinite|Torrent|Protect,ShellSmash,WaterSpout,DarkPulse|Modest||F|||50|]Delphox||Delphoxite|Blaze|Protect,HeatWave,Psyshock,NastyPlot|Timid||F|||50|]Incineroar||PasshoBerry|Intimidate|FakeOut,PartingShot,FlareBlitz,ThroatChop|Impish||M|||50|]Sinistcha||SitrusBerry|Hospitality|Protect,MatchaGotcha,TrickRoom,RagePowder|Bold|||||50|]Sneasler||FocusSash|PoisonTouch|QuickGuard,FakeOut,CloseCombat,DireClaw|Jolly||F|||50|]Vivillon||ChoiceScarf|CompoundEyes|Hurricane,SleepPowder,RagePowder,Uturn|Timid||F|||50|\n|showteam|p2|Garchomp||Garchompite|RoughSkin|DragonClaw,Earthquake,StompingTantrum,StoneEdge|Adamant||M|||50|]Charizard||CharizarditeY|Blaze|Flamethrower,HeatWave,Hurricane,SolarBeam|Modest||M|||50|]Sylveon||LifeOrb|Pixilate|HyperVoice,Moonblast,WeatherBall,Protect|Modest||F|||50|]Incineroar||PasshoBerry|Intimidate|FakeOut,DarkestLariat,FlareBlitz,CloseCombat|Adamant||M|||50|]Metagross||Metagrossite|ClearBody|BodyPress,IcePunch,IronHead,PsychicFangs|Jolly|||||50|]Grimmsnarl||LightClay|Prankster|LightScreen,Reflect,SpiritBreak,FoulPlay|Careful||M|||50|\n|inactive|Battle timer is ON: inactive players will automatically lose when time's up. (requested by ULYSSEDISCIPLINE)\n|inactive|humania1 also wants the timer to be on.\n|\n|t:|1788290324\n|teamsize|p1|4\n|teamsize|p2|4\n|start\n|switch|p1a: Blastoise|Blastoise, L50, F|100/100\n|switch|p1b: Incineroar|Incineroar, L50, M|100/100\n|switch|p2a: Grimmsnarl|Grimmsnarl, L50, M, shiny|100/100\n|switch|p2b: Sylveon|Sylveon, L50, F, shiny|100/100\n|-ability|p1b: Incineroar|Intimidate|boost\n|-unboost|p2a: Grimmsnarl|atk|1\n|-unboost|p2b: Sylveon|atk|1\n|turn|1\n|\n|t:|1788290328\n|detailschange|p1a: Blastoise|Blastoise-Mega, L50, F\n|-mega|p1a: Blastoise|Blastoise|Blastoisinite\n|move|p2b: Sylveon|Protect|p2b: Sylveon\n|-singleturn|p2b: Sylveon|Protect\n|move|p2a: Grimmsnarl|Light Screen|p2a: Grimmsnarl\n|-sidestart|p2: ULYSSEDISCIPLINE|move: Light Screen\n|move|p1a: Blastoise|Water Spout|p2a: Grimmsnarl|[spread] p2a\n|-activate|p2b: Sylveon|move: Protect\n|-damage|p2a: Grimmsnarl|69/100\n|move|p1b: Incineroar|Flare Blitz|p2a: Grimmsnarl\n|-damage|p2a: Grimmsnarl|15/100\n|-damage|p1b: Incineroar|82/100|[from] Recoil\n|\n|upkeep\n|turn|2\n|\n|t:|1788290340\n|move|p2a: Grimmsnarl|Reflect|p2a: Grimmsnarl\n|-sidestart|p2: ULYSSEDISCIPLINE|Reflect\n|move|p1a: Blastoise|Water Spout|p2b: Sylveon|[spread] p2a,p2b\n|-damage|p2a: Grimmsnarl|0 fnt\n|-damage|p2b: Sylveon|66/100\n|faint|p2a: Grimmsnarl\n|move|p1b: Incineroar|Flare Blitz|p2b: Sylveon\n|-damage|p2b: Sylveon|33/100\n|-damage|p1b: Incineroar|72/100|[from] Recoil\n|move|p2b: Sylveon|Moonblast|p1a: Blastoise\n|-damage|p1a: Blastoise|40/100\n|-damage|p2b: Sylveon|24/100|[from] item: Life Orb\n|\n|upkeep\n|\n|t:|1788290352\n|switch|p2a: Garchomp|Garchomp, L50, M, shiny|100/100\n|turn|3\n|\n|t:|1788290356\n|detailschange|p2a: Garchomp|Garchomp-Mega, L50, M, shiny\n|-mega|p2a: Garchomp|Garchomp|Garchompite\n|move|p1a: Blastoise|Protect|p1a: Blastoise\n|-singleturn|p1a: Blastoise|Protect\n|move|p2b: Sylveon|Protect|p2b: Sylveon\n|-singleturn|p2b: Sylveon|Protect\n|move|p2a: Garchomp|Earthquake|p1a: Blastoise|[spread] p1b\n|-activate|p2b: Sylveon|move: Protect\n|-activate|p1a: Blastoise|move: Protect\n|-supereffective|p1b: Incineroar|1\n|-damage|p1b: Incineroar|0 fnt\n|faint|p1b: Incineroar\n|\n|upkeep\n|\n|t:|1788290356\n|switch|p1b: Sinistcha|Sinistcha, L50|100/100\n|-heal|p1a: Blastoise|65/100|[from] ability: Hospitality|[of] p1b: Sinistcha\n|turn|4\n|\n|t:|1788290371\n|switch|p2a: Incineroar|Incineroar, L50, M, shiny|100/100\n|-ability|p2a: Incineroar|Intimidate|boost\n|-unboost|p1a: Blastoise|atk|1\n|-unboost|p1b: Sinistcha|atk|1\n|move|p1a: Blastoise|Water Spout|p2b: Sylveon|[spread] p2a,p2b\n|-supereffective|p2a: Incineroar|1\n|-enditem|p2a: Incineroar|Passho Berry|[eat]\n|-enditem|p2a: Incineroar|Passho Berry|[weaken]\n|-damage|p2a: Incineroar|75/100\n|-damage|p2b: Sylveon|1/100\n|move|p2b: Sylveon|Hyper Voice|p1a: Blastoise|[spread] p1a,p1b\n|-crit|p1b: Sinistcha\n|-damage|p1a: Blastoise|16/100\n|-damage|p1b: Sinistcha|24/100\n|-enditem|p1b: Sinistcha|Sitrus Berry|[eat]\n|-heal|p1b: Sinistcha|49/100|[from] item: Sitrus Berry\n|-damage|p2b: Sylveon|0 fnt|[from] item: Life Orb\n|faint|p2b: Sylveon\n|move|p1b: Sinistcha|Trick Room|p1b: Sinistcha\n|-fieldstart|move: Trick Room|[of] p1b: Sinistcha\n|\n|upkeep\n|\n|t:|1788290384\n|switch|p2b: Garchomp|Garchomp-Mega, L50, M, shiny|100/100\n|turn|5\n|\n|t:|1788290393\n|move|p1b: Sinistcha|Protect|p1b: Sinistcha\n|-singleturn|p1b: Sinistcha|Protect\n|move|p2a: Incineroar|Fake Out|p1a: Blastoise\n|-damage|p1a: Blastoise|5/100\n|cant|p1a: Blastoise|flinch\n|move|p2b: Garchomp|Dragon Claw|p1a: Blastoise\n|-damage|p1a: Blastoise|0 fnt\n|faint|p1a: Blastoise\n|\n|upkeep\n|\n|t:|1788290393\n|switch|p1a: Sneasler|Sneasler, L50, F|100/100\n|turn|6\n|\n|t:|1788290405\n|move|p2a: Incineroar|Flare Blitz|p1b: Sinistcha\n|-supereffective|p1b: Sinistcha|1\n|-damage|p1b: Sinistcha|0 fnt\n|faint|p1b: Sinistcha\n|-damage|p2a: Incineroar|61/100|[from] Recoil\n|move|p2b: Garchomp|Stomping Tantrum|p1a: Sneasler\n|-supereffective|p1a: Sneasler|1\n|-enditem|p1a: Sneasler|Focus Sash\n|-damage|p1a: Sneasler|1/100\n|move|p1a: Sneasler|Close Combat|p2a: Incineroar\n|-supereffective|p2a: Incineroar|1\n|-damage|p2a: Incineroar|0 fnt\n|-unboost|p1a: Sneasler|def|1\n|-unboost|p1a: Sneasler|spd|1\n|faint|p2a: Incineroar\n|\n|upkeep\n|turn|7\n|\n|t:|1788290417\n|move|p2b: Garchomp|Earthquake|p1a: Sneasler\n|-supereffective|p1a: Sneasler|1\n|-damage|p1a: Sneasler|0 fnt\n|faint|p1a: Sneasler\n|\n|win|ULYSSEDISCIPLINE\n","uploadtime":1788290417,"views":"0","formatid":"gen9championsvgc2026regmbbo3","rating":null,"private":0,"password":null}