{"id":"gen9championsvgc2026regmb-2673918953","format":"[Gen 9 Champions] VGC 2026 Reg M-B","players":["KirtZunder","MrsPandou"],"log":"|j|☆KirtZunder\n|j|☆MrsPandou\n|t:|1788277080\n|gametype|doubles\n|player|p1|KirtZunder|n|1242\n|player|p2|MrsPandou|265|1271\n|gen|9\n|tier|[Gen 9 Champions] VGC 2026 Reg M-B\n|rated|\n|rule|Species Clause: Limit one of each Pokémon\n|rule|Item Clause: Limit 1 of each item\n|clearpoke\n|poke|p1|Aerodactyl, L50, M|\n|poke|p1|Garchomp, L50, M|\n|poke|p1|Gholdengo, L50|\n|poke|p1|Sylveon, L50, F|\n|poke|p1|Sneasler, L50, F|\n|poke|p1|Rotom-Wash, L50, shiny|\n|poke|p2|Talonflame, L50, F|\n|poke|p2|Maushold-Four, L50|\n|poke|p2|Gardevoir, L50, F|\n|poke|p2|Kommo-o, L50, F|\n|poke|p2|Basculegion, L50, M|\n|poke|p2|Kingambit, L50, M|\n|teampreview|4\nMrsPandou rejected open team sheets.\n|\n|t:|1788277119\n|teamsize|p1|4\n|teamsize|p2|4\n|start\n|switch|p1a: Aerodactyl|Aerodactyl, L50, M|100/100\n|switch|p1b: Sneasler|Sneasler, L50, F|100/100\n|switch|p2a: Gardevoir|Gardevoir, L50, F|100/100\n|switch|p2b: Talonflame|Talonflame, L50, F|100/100\n|-ability|p1a: Aerodactyl|Unnerve\n|-ability|p2a: Gardevoir|Unnerve|Trace|[from] ability: Trace|[of] p1a: Aerodactyl\n|-ability|p2a: Gardevoir|Unnerve\n|turn|1\n|\n|t:|1788277151\n|detailschange|p1a: Aerodactyl|Aerodactyl-Mega, L50, M\n|-mega|p1a: Aerodactyl|Aerodactyl|Aerodactylite\n|detailschange|p2a: Gardevoir|Gardevoir-Mega, L50, F\n|-mega|p2a: Gardevoir|Gardevoir|Gardevoirite\n|move|p1b: Sneasler|Fake Out|p2b: Talonflame\n|-damage|p2b: Talonflame|78/100\n|move|p1a: Aerodactyl|Tailwind|p1a: Aerodactyl\n|-sidestart|p1: KirtZunder|move: Tailwind\n|cant|p2b: Talonflame|flinch\n|move|p2a: Gardevoir|Thunderbolt|p1a: Aerodactyl\n|-supereffective|p1a: Aerodactyl|1\n|-damage|p1a: Aerodactyl|0 fnt\n|faint|p1a: Aerodactyl\n|\n|upkeep\n|\n|t:|1788277166\n|switch|p1a: Sylveon|Sylveon, L50, F|100/100\n|turn|2\n|\n|t:|1788277201\n|move|p1b: Sneasler|Dire Claw|p2a: Gardevoir\n|-supereffective|p2a: Gardevoir|1\n|-damage|p2a: Gardevoir|0 fnt\n|faint|p2a: Gardevoir\n|move|p2b: Talonflame|Tailwind|p2b: Talonflame\n|-sidestart|p2: MrsPandou|move: Tailwind\n|move|p1a: Sylveon|Hyper Voice|p2b: Talonflame\n|-resisted|p2b: Talonflame|1\n|-damage|p2b: Talonflame|38/100\n|\n|upkeep\n|\n|t:|1788277218\n|switch|p2a: Basculegion|Basculegion, L50, M|100/100\n|turn|3\n|\n|t:|1788277243\n|move|p1b: Sneasler|Protect|p1b: Sneasler\n|-singleturn|p1b: Sneasler|Protect\n|move|p2a: Basculegion|Last Respects|p1b: Sneasler\n|-activate|p1b: Sneasler|move: Protect\n|move|p2b: Talonflame|Dual Wingbeat|p1b: Sneasler\n|-activate|p1b: Sneasler|move: Protect\n|move|p1a: Sylveon|Hyper Voice|p2b: Talonflame|[spread] p2a,p2b\n|-resisted|p2b: Talonflame|1\n|-damage|p2a: Basculegion|52/100\n|-damage|p2b: Talonflame|9/100\n|\n|upkeep\n|turn|4\n|\n|t:|1788277273\n|switch|p1b: Garchomp|Garchomp, L50, M|100/100\n|move|p2a: Basculegion|Last Respects|p1a: Sylveon\n|-damage|p1a: Sylveon|45/100\n|move|p2b: Talonflame|Dual Wingbeat|p1a: Sylveon\n|-damage|p1a: Sylveon|29/100\n|-damage|p1a: Sylveon|14/100\n|-hitcount|p1a: Sylveon|2\n|move|p1a: Sylveon|Hyper Voice|p2b: Talonflame|[spread] p2a,p2b\n|-resisted|p2b: Talonflame|1\n|-crit|p2b: Talonflame\n|-damage|p2a: Basculegion|11/100\n|-damage|p2b: Talonflame|0 fnt\n|faint|p2b: Talonflame\n|\n|-sideend|p1: KirtZunder|move: Tailwind\n|upkeep\n|\n|t:|1788277287\n|switch|p2b: Kingambit|Kingambit, L50, M|100/100\n|turn|5\n|\n|t:|1788277314\n|move|p1a: Sylveon|Quick Attack|p2a: Basculegion\n|-damage|p2a: Basculegion|0 fnt\n|faint|p2a: Basculegion\n|move|p2b: Kingambit|Iron Head|p1a: Sylveon\n|-supereffective|p1a: Sylveon|1\n|-crit|p1a: Sylveon\n|-damage|p1a: Sylveon|0 fnt\n|faint|p1a: Sylveon\n|move|p1b: Garchomp|Earthquake|p2b: Kingambit\n|-supereffective|p2b: Kingambit|1\n|-damage|p2b: Kingambit|11/100\n|\n|-sideend|p2: MrsPandou|move: Tailwind\n|upkeep\n|\n|t:|1788277324\n|switch|p1a: Sneasler|Sneasler, L50, F|100/100\n|turn|6\n|\n|t:|1788277334\n|move|p1a: Sneasler|Fake Out|p2b: Kingambit\n|-resisted|p2b: Kingambit|1\n|-damage|p2b: Kingambit|5/100\n|cant|p2b: Kingambit|flinch\n|move|p1b: Garchomp|Dragon Claw|p2b: Kingambit\n|-resisted|p2b: Kingambit|1\n|-damage|p2b: Kingambit|0 fnt\n|faint|p2b: Kingambit\n|\n|win|KirtZunder\n|raw|KirtZunder's rating: 1242 &rarr; <strong>1269</strong><br />(+27 for winning)\n|raw|MrsPandou's rating: 1271 &rarr; <strong>1244</strong><br />(-27 for losing)\n|l|☆MrsPandou\n|player|p2|\n","uploadtime":1788277441,"views":"16","formatid":"gen9championsvgc2026regmb","rating":1244,"private":0,"password":null}