{"id":"gen9championsvgc2026regmb-2674464883","format":"[Gen 9 Champions] VGC 2026 Reg M-B","players":["randomtieflinggirl","Thenameone33"],"log":"|j|☆randomtieflinggirl\n|j|☆Thenameone33\n|t:|1788362967\n|gametype|doubles\n|player|p1|randomtieflinggirl|266|1045\n|player|p2|Thenameone33|265|1017\n|gen|9\n|tier|[Gen 9 Champions] VGC 2026 Reg M-B\n|rated|\n|rule|Species Clause: Limit one of each Pokémon\n|rule|Item Clause: Limit 1 of each item\n|clearpoke\n|poke|p1|Lycanroc-Dusk, L50, M|\n|poke|p1|Froslass, L50, F|\n|poke|p1|Scovillain, L50, M|\n|poke|p1|Basculegion, L50, M|\n|poke|p1|Kingambit, L50, M|\n|poke|p1|Sneasler, L50, F|\n|poke|p2|Sinistcha, L50|\n|poke|p2|Archaludon, L50, F|\n|poke|p2|Maushold-Four, L50|\n|poke|p2|Farigiraf, L50, F|\n|poke|p2|Slowbro, L50, F|\n|poke|p2|Grimmsnarl, L50, M|\n|teampreview|4\n|\n|t:|1788363018\n|teamsize|p1|4\n|teamsize|p2|4\n|start\n|switch|p1a: Kingambit|Kingambit, L50, M|100/100\n|switch|p1b: Scovillain|Scovillain, L50, M|100/100\n|switch|p2a: Archaludon|Archaludon, L50, F|100/100\n|switch|p2b: Maushold|Maushold-Four, L50|100/100\n|turn|1\n|\n|t:|1788363037\n|detailschange|p1b: Scovillain|Scovillain-Mega, L50, M\n|-mega|p1b: Scovillain|Scovillain|Scovillainite\n|move|p1b: Scovillain|Rage Powder|p1b: Scovillain\n|-singleturn|p1b: Scovillain|move: Rage Powder\n|move|p2b: Maushold|After You||[still]\n|-fail|p2b: Maushold\n|move|p2a: Archaludon|Reflect|p2a: Archaludon\n|-sidestart|p2: Thenameone33|Reflect\n|move|p1a: Kingambit|Kowtow Cleave|p2a: Archaludon\n|-damage|p2a: Archaludon|76/100\n|-ability|p2a: Archaludon|Stamina|boost\n|-boost|p2a: Archaludon|def|1\n|\n|-heal|p2a: Archaludon|82/100|[from] item: Leftovers\n|upkeep\n|turn|2\n|\n|t:|1788363058\n|move|p1b: Scovillain|Rage Powder|p1b: Scovillain\n|-singleturn|p1b: Scovillain|move: Rage Powder\n|move|p2b: Maushold|Encore|p1b: Scovillain\n|-start|p1b: Scovillain|Encore\n|move|p2a: Archaludon|Light Screen|p2a: Archaludon\n|-sidestart|p2: Thenameone33|move: Light Screen\n|move|p1a: Kingambit|Swords Dance|p1a: Kingambit\n|-boost|p1a: Kingambit|atk|2\n|\n|-heal|p2a: Archaludon|88/100|[from] item: Leftovers\n|upkeep\n|turn|3\n|\n|t:|1788363070\n|move|p1b: Scovillain|Rage Powder|p1b: Scovillain\n|-singleturn|p1b: Scovillain|move: Rage Powder\n|move|p2b: Maushold|Encore||[still]\n|-fail|p2b: Maushold\n|move|p2a: Archaludon|Snarl|p1a: Kingambit|[spread] p1a,p1b\n|-resisted|p1a: Kingambit|1\n|-damage|p1a: Kingambit|94/100\n|-damage|p1b: Scovillain|87/100\n|-unboost|p1a: Kingambit|spa|1\n|-ability|p1a: Kingambit|Defiant|boost\n|-boost|p1a: Kingambit|atk|2\n|-unboost|p1b: Scovillain|spa|1\n|-status|p2a: Archaludon|brn|[from] ability: Spicy Spray|[of] p1b: Scovillain\n|move|p1a: Kingambit|Swords Dance|p1a: Kingambit\n|-boost|p1a: Kingambit|atk|2\n|\n|-heal|p2a: Archaludon|94/100 brn|[from] item: Leftovers\n|-damage|p2a: Archaludon|88/100 brn|[from] brn\n|upkeep\n|turn|4\n|\n|t:|1788363126\n|move|p2b: Maushold|Follow Me|p2b: Maushold\n|-singleturn|p2b: Maushold|move: Follow Me\n|move|p1b: Scovillain|Rage Powder|p1b: Scovillain\n|-singleturn|p1b: Scovillain|move: Rage Powder\n|move|p2a: Archaludon|Substitute|p2a: Archaludon\n|-start|p2a: Archaludon|Substitute\n|-damage|p2a: Archaludon|63/100 brn\n|move|p1a: Kingambit|Kowtow Cleave|p2b: Maushold\n|-enditem|p2b: Maushold|Focus Sash\n|-damage|p2b: Maushold|1/100\n|\n|-heal|p2a: Archaludon|70/100 brn|[from] item: Leftovers\n|-damage|p2a: Archaludon|63/100 brn|[from] brn\n|upkeep\n|turn|5\n|\n|t:|1788363146\n|move|p2b: Maushold|Follow Me|p2b: Maushold\n|-singleturn|p2b: Maushold|move: Follow Me\n|move|p1b: Scovillain|Rage Powder|p1b: Scovillain\n|-singleturn|p1b: Scovillain|move: Rage Powder\n|move|p2a: Archaludon|Snarl|p1b: Scovillain|[spread] p1a,p1b\n|-resisted|p1a: Kingambit|1\n|-damage|p1a: Kingambit|88/100\n|-damage|p1b: Scovillain|73/100\n|-unboost|p1a: Kingambit|spa|1\n|-boost|p1a: Kingambit|atk|0\n|-unboost|p1b: Scovillain|spa|1\n|move|p1a: Kingambit|Kowtow Cleave|p2b: Maushold\n|-damage|p2b: Maushold|0 fnt\n|faint|p2b: Maushold\n|\n|-heal|p2a: Archaludon|70/100 brn|[from] item: Leftovers\n|-damage|p2a: Archaludon|63/100 brn|[from] brn\n|-end|p1b: Scovillain|Encore\n|-sideend|p2: Thenameone33|Reflect\n|upkeep\n|\n|t:|1788363168\n|switch|p2b: Farigiraf|Farigiraf, L50, F|100/100\n|turn|6\n|\n|t:|1788363180\n|move|p1b: Scovillain|Rage Powder|p1b: Scovillain\n|-singleturn|p1b: Scovillain|move: Rage Powder\n|move|p2a: Archaludon|Snarl|p1a: Kingambit|[spread] p1a,p1b\n|-resisted|p1a: Kingambit|1\n|-damage|p1a: Kingambit|82/100\n|-damage|p1b: Scovillain|59/100\n|-unboost|p1a: Kingambit|spa|1\n|-boost|p1a: Kingambit|atk|0\n|-unboost|p1b: Scovillain|spa|1\n|move|p2b: Farigiraf|Psych Up|p1b: Scovillain\n|-copyboost|p2b: Farigiraf|p1b: Scovillain|[from] move: Psych Up\n|move|p1a: Kingambit|Kowtow Cleave|p2b: Farigiraf\n|-supereffective|p2b: Farigiraf|1\n|-enditem|p2b: Farigiraf|Colbur Berry|[eat]\n|-enditem|p2b: Farigiraf|Colbur Berry|[weaken]\n|-damage|p2b: Farigiraf|0 fnt\n|faint|p2b: Farigiraf\n|\n|-heal|p2a: Archaludon|70/100 brn|[from] item: Leftovers\n|-damage|p2a: Archaludon|63/100 brn|[from] brn\n|-sideend|p2: Thenameone33|move: Light Screen\n|upkeep\n|-message|Thenameone33 forfeited.\n|\n|win|randomtieflinggirl\n|raw|randomtieflinggirl's rating: 1045 &rarr; <strong>1076</strong><br />(+31 for winning)\n|raw|Thenameone33's rating: 1017 &rarr; <strong>1005</strong><br />(-12 for losing)\n|l|☆Thenameone33\n|player|p2|\n","uploadtime":1788363235,"views":"2","formatid":"gen9championsvgc2026regmb","rating":1005,"private":0,"password":null}