{"id":"gen9championsvgc2026regmbbo3-2673936277","format":"[Gen 9 Champions] VGC 2026 Reg M-B (Bo3)","players":["Popularshaman","DINOLONK"],"log":"|j|☆Popularshaman\n|j|☆DINOLONK\n|html|<table width=\"100%\"><tr><td align=\"left\">Popularshaman</td><td align=\"right\">DINOLONK</tr><tr><td align=\"left\"><i class=\"fa fa-circle\"></i> <i class=\"fa fa-circle-o\"></i> </td><td align=\"right\"><i class=\"fa fa-circle-o\"></i> <i class=\"fa fa-circle\"></i> </tr></table>\n|uhtml|bestof|<h2><strong>Game 3</strong> of <a href=\"/game-bestof3-gen9championsvgc2026regmbbo3-2673931631\">a best-of-3</a></h2>\n|t:|1788279194\n|gametype|doubles\n|player|p1|Popularshaman|266|1220\n|player|p2|DINOLONK|parasollady-gen4|1374\n|gen|9\n|tier|[Gen 9 Champions] VGC 2026 Reg M-B (Bo3)\n|rated|\n|rule|Species Clause: Limit one of each Pokémon\n|rule|Item Clause: Limit 1 of each item\n|clearpoke\n|poke|p1|Tyranitar, L50, F, shiny|\n|poke|p1|Excadrill, L50, M, shiny|\n|poke|p1|Milotic, L50, F, shiny|\n|poke|p1|Sinistcha, L50, shiny|\n|poke|p1|Gholdengo, L50, shiny|\n|poke|p1|Staraptor, L50, F, shiny|\n|poke|p2|Dragonite, L50, M|\n|poke|p2|Sneasler, L50, M|\n|poke|p2|Kingambit, L50, F|\n|poke|p2|Basculegion, L50, M|\n|poke|p2|Whimsicott, L50, M|\n|poke|p2|Floette-Eternal, L50, F|\n|teampreview|4\n|showteam|p1|Tyranitar||ChoiceScarf|SandStream|RockSlide,KnockOff,LowKick,IcePunch|Jolly||F|||50|]Excadrill||FocusSash|SandRush|RockSlide,IronHead,HighHorsepower,Protect|Adamant||M|||50|]Milotic||Leftovers|Competitive|IcyWind,Scald,IceBeam,Protect|Quiet||F|||50|]Sinistcha||SitrusBerry|Hospitality|MatchaGotcha,RagePowder,LifeDew,TrickRoom|Modest|||||50|]Gholdengo||LifeOrb|GoodasGold|MakeItRain,NastyPlot,ShadowBall,Protect|Timid|||||50|]Staraptor||Staraptite|Intimidate|CloseCombat,BraveBird,Tailwind,Protect|Jolly||F|||50|\n|showteam|p2|Dragonite||Dragoninite|InnerFocus|DragonPulse,HeatWave,Thunderbolt,Protect|Modest||M|||50|]Sneasler||WhiteHerb|Unburden|DireClaw,CloseCombat,RockSlide,FakeOut|Jolly||M|||50|]Kingambit||ChopleBerry|Defiant|KowtowCleave,SuckerPunch,LowKick,IronHead|Adamant||F|||50|]Basculegion||LifeOrb|Adaptability|WaveCrash,LastRespects,AquaJet,Protect|Adamant||M|||50|]Whimsicott||FocusSash|Prankster|Moonblast,Tailwind,Encore,Protect|Timid||M|||50|]Floette-Eternal||Floettite|FlowerVeil|Moonblast,DazzlingGleam,LightofRuin,Protect|Timid||F|||50|\n|inactive|Battle timer is ON: inactive players will automatically lose when time's up. (requested by DINOLONK)\n|\n|t:|1788279216\n|teamsize|p1|4\n|teamsize|p2|4\n|start\n|switch|p1a: Milotic|Milotic, L50, F, shiny|100/100\n|switch|p1b: Staraptor|Staraptor, L50, F, shiny|100/100\n|switch|p2a: Dragonite|Dragonite, L50, M|100/100\n|switch|p2b: Whimsicott|Whimsicott, L50, M|100/100\n|-ability|p1b: Staraptor|Intimidate|boost\n|-fail|p2a: Dragonite|unboost|Attack|[from] ability: Inner Focus|[of] p2a: Dragonite\n|-unboost|p2b: Whimsicott|atk|1\n|turn|1\n|inactive|Popularshaman has 30 seconds left.\n|inactive|DINOLONK has 30 seconds left.\n|\n|t:|1788279253\n|detailschange|p1b: Staraptor|Staraptor-Mega, L50, F, shiny\n|-mega|p1b: Staraptor|Staraptor|Staraptite\n|move|p2b: Whimsicott|Protect|p2b: Whimsicott\n|-singleturn|p2b: Whimsicott|Protect\n|move|p2a: Dragonite|Protect|p2a: Dragonite\n|-singleturn|p2a: Dragonite|Protect\n|move|p1b: Staraptor|Close Combat|p2a: Dragonite\n|-activate|p2a: Dragonite|move: Protect\n|move|p1a: Milotic|Ice Beam|p2a: Dragonite\n|-activate|p2a: Dragonite|move: Protect\n|\n|upkeep\n|turn|2\n|inactive|Popularshaman has 30 seconds left.\n|\n|t:|1788279278\n|switch|p2a: Basculegion|Basculegion, L50, M|100/100\n|move|p1a: Milotic|Protect|p1a: Milotic\n|-singleturn|p1a: Milotic|Protect\n|move|p2b: Whimsicott|Encore|p1b: Staraptor\n|-start|p1b: Staraptor|Encore\n|move|p1b: Staraptor|Close Combat|p2b: Whimsicott\n|-resisted|p2b: Whimsicott|1\n|-damage|p2b: Whimsicott|57/100\n|-boost|p1b: Staraptor|def|1\n|-boost|p1b: Staraptor|spd|1\n|\n|upkeep\n|turn|3\n|\n|t:|1788279293\n|switch|p2a: Dragonite|Dragonite, L50, M|100/100\n|switch|p1a: Sinistcha|Sinistcha, L50, shiny|100/100\n|move|p2b: Whimsicott|Encore||[still]\n|-fail|p2b: Whimsicott\n|move|p1b: Staraptor|Close Combat|p2b: Whimsicott\n|-resisted|p2b: Whimsicott|1\n|-damage|p2b: Whimsicott|20/100r\n|-boost|p1b: Staraptor|def|1\n|-boost|p1b: Staraptor|spd|1\n|\n|upkeep\n|turn|4\n|\n|t:|1788279310\n|detailschange|p2a: Dragonite|Dragonite-Mega, L50, M\n|-mega|p2a: Dragonite|Dragonite|Dragoninite\n|move|p2b: Whimsicott|Protect|p2b: Whimsicott\n|-singleturn|p2b: Whimsicott|Protect\n|move|p1b: Staraptor|Close Combat|p2a: Dragonite\n|-resisted|p2a: Dragonite|1\n|-damage|p2a: Dragonite|86/100\n|-boost|p1b: Staraptor|def|1\n|-boost|p1b: Staraptor|spd|1\n|move|p2a: Dragonite|Heat Wave|p1b: Staraptor|[spread] p1a\n|-miss|p2a: Dragonite|p1b: Staraptor\n|-supereffective|p1a: Sinistcha|1\n|-damage|p1a: Sinistcha|42/100\n|-enditem|p1a: Sinistcha|Sitrus Berry|[eat]\n|-heal|p1a: Sinistcha|67/100|[from] item: Sitrus Berry\n|move|p1a: Sinistcha|Matcha Gotcha|p2b: Whimsicott|[spread] p2a\n|-activate|p2b: Whimsicott|move: Protect\n|-resisted|p2a: Dragonite|2\n|-damage|p2a: Dragonite|79/100\n|-heal|p1a: Sinistcha|70/100|[from] drain|[of] p2a: Dragonite\n|\n|-end|p1b: Staraptor|Encore\n|upkeep\n|turn|5\n|inactive|Popularshaman has 30 seconds left.\n|\n|t:|1788279341\n|move|p1a: Sinistcha|Rage Powder|p1a: Sinistcha\n|-singleturn|p1a: Sinistcha|move: Rage Powder\n|move|p2b: Whimsicott|Encore|p1b: Staraptor\n|-start|p1b: Staraptor|Encore\n|move|p1b: Staraptor|Close Combat|p2a: Dragonite\n|-resisted|p2a: Dragonite|1\n|-damage|p2a: Dragonite|51/100\n|-boost|p1b: Staraptor|def|1\n|-boost|p1b: Staraptor|spd|1\n|move|p2a: Dragonite|Heat Wave|p1b: Staraptor|[spread] p1a,p1b\n|-supereffective|p1a: Sinistcha|1\n|-damage|p1a: Sinistcha|5/100\n|-damage|p1b: Staraptor|89/100\n|\n|upkeep\n|turn|6\n|\n|t:|1788279356\n|switch|p1a: Milotic|Milotic, L50, F, shiny|100/100\n|move|p2b: Whimsicott|Tailwind|p2b: Whimsicott\n|-sidestart|p2: DINOLONK|move: Tailwind\n|move|p2a: Dragonite|Heat Wave|p1b: Staraptor|[spread] p1a,p1b\n|-resisted|p1a: Milotic|1\n|-damage|p1a: Milotic|89/100\n|-damage|p1b: Staraptor|79/100\n|move|p1b: Staraptor|Close Combat|p2b: Whimsicott\n|-resisted|p2b: Whimsicott|1\n|-damage|p2b: Whimsicott|0 fnt\n|-boost|p1b: Staraptor|def|1\n|-boost|p1b: Staraptor|spd|1\n|faint|p2b: Whimsicott\n|\n|-heal|p1a: Milotic|95/100|[from] item: Leftovers\n|upkeep\n|\n|t:|1788279367\n|switch|p2b: Basculegion|Basculegion, L50, M|100/100\n|turn|7\n|\n|t:|1788279380\n|move|p2a: Dragonite|Thunderbolt|p1a: Milotic\n|-supereffective|p1a: Milotic|1\n|-damage|p1a: Milotic|37/100\n|move|p2b: Basculegion|Last Respects|p1a: Milotic\n|-damage|p1a: Milotic|0 fnt\n|faint|p1a: Milotic\n|-damage|p2b: Basculegion|90/100|[from] item: Life Orb\n|move|p1b: Staraptor|Close Combat|p2a: Dragonite\n|-resisted|p2a: Dragonite|1\n|-damage|p2a: Dragonite|26/100\n|-boost|p1b: Staraptor|def|1\n|-boost|p1b: Staraptor|spd|1\n|\n|-end|p1b: Staraptor|Encore\n|upkeep\n|\n|t:|1788279394\n|switch|p1a: Sinistcha|Sinistcha, L50, shiny|5/100\n|-heal|p1b: Staraptor|100/100|[from] ability: Hospitality|[of] p1a: Sinistcha\n|turn|8\n|\n|t:|1788279415\n|move|p2a: Dragonite|Heat Wave|p1b: Staraptor|[spread] p1a,p1b\n|-supereffective|p1a: Sinistcha|1\n|-damage|p1a: Sinistcha|0 fnt\n|-damage|p1b: Staraptor|92/100\n|faint|p1a: Sinistcha\n|move|p2b: Basculegion|Last Respects|p1b: Staraptor\n|-damage|p1b: Staraptor|70/100\n|-damage|p2b: Basculegion|80/100|[from] item: Life Orb\n|move|p1b: Staraptor|Tailwind|p1b: Staraptor\n|-sidestart|p1: Popularshaman|move: Tailwind\n|\n|upkeep\n|\n|t:|1788279424\n|switch|p1a: Gholdengo|Gholdengo, L50, shiny|100/100\n|turn|9\n|\n|t:|1788279448\n|move|p2b: Basculegion|Aqua Jet|p1a: Gholdengo\n|-damage|p1a: Gholdengo|58/100\n|-damage|p2b: Basculegion|70/100|[from] item: Life Orb\n|move|p1b: Staraptor|Brave Bird|p2a: Dragonite\n|-damage|p2a: Dragonite|0 fnt\n|faint|p2a: Dragonite\n|-damage|p1b: Staraptor|63/100|[from] Recoil\n|move|p1a: Gholdengo|Shadow Ball|p2b: Basculegion\n|-supereffective|p2b: Basculegion|1\n|-crit|p2b: Basculegion\n|-damage|p2b: Basculegion|0 fnt\n|faint|p2b: Basculegion\n|-damage|p1a: Gholdengo|48/100|[from] item: Life Orb\n|\n|-sideend|p2: DINOLONK|move: Tailwind\n|upkeep\n|\n|t:|1788279458\n|switch|p2b: Sneasler|Sneasler, L50, M|100/100\n|turn|10\n|-message|DINOLONK forfeited.\n|\n|win|Popularshaman\n|raw|Popularshaman's rating: 1220 &rarr; <strong>1255</strong><br />(+35 for winning)\n|raw|DINOLONK's rating: 1374 &rarr; <strong>1346</strong><br />(-28 for losing)\n","uploadtime":1788279467,"views":"5","formatid":"gen9championsvgc2026regmbbo3","rating":1255,"private":0,"password":null}