{"id":"gen9championsvgc2026regmbbo3-2674143347","format":"[Gen 9 Champions] VGC 2026 Reg M-B (Bo3)","players":["MagicalarperLarper","grabbingpawns"],"log":"|j|☆MagicalarperLarper\n|j|☆grabbingpawns\n|html|<table width=\"100%\"><tr><td align=\"left\">MagicalarperLarper</td><td align=\"right\">grabbingpawns</tr><tr><td align=\"left\"><i class=\"fa fa-circle\"></i> <i class=\"fa fa-circle-o\"></i> </td><td align=\"right\"><i class=\"fa fa-circle-o\"></i> <i class=\"fa fa-circle-o\"></i> </tr></table>\n|uhtml|bestof|<h2><strong>Game 2</strong> of <a href=\"/game-bestof3-gen9championsvgc2026regmbbo3-2674142004\">a best-of-3</a></h2>\n|t:|1788305571\n|gametype|doubles\n|player|p1|MagicalarperLarper|palmer|1436\n|player|p2|grabbingpawns|hilda-masters4|1400\n|gen|9\n|tier|[Gen 9 Champions] VGC 2026 Reg M-B (Bo3)\n|rated|\n|rule|Species Clause: Limit one of each Pokémon\n|rule|Item Clause: Limit 1 of each item\n|clearpoke\n|poke|p1|Charizard, L50, F|\n|poke|p1|Sinistcha, L50|\n|poke|p1|Incineroar, L50, F|\n|poke|p1|Toxapex, L50, F|\n|poke|p1|Dragonite, L50, F|\n|poke|p1|Delphox, L50, M|\n|poke|p2|Venusaur, L50, M|\n|poke|p2|Charizard, L50, M|\n|poke|p2|Garchomp, L50, M|\n|poke|p2|Sylveon, L50, M|\n|poke|p2|Incineroar, L50, M|\n|poke|p2|Toxapex, L50, M|\n|teampreview|4\n|showteam|p1|Charizard||CharizarditeY|Blaze|WeatherBall,HeatWave,SolarBeam,Protect|Modest||F|||50|]Sinistcha||OccaBerry|Hospitality|MatchaGotcha,RagePowder,LifeDew,Protect|Relaxed|||||50|]Incineroar||SitrusBerry|Intimidate|FakeOut,FlareBlitz,PartingShot,Protect|Careful||F|||50|]Toxapex||Leftovers|Regenerator|Infestation,Toxic,WideGuard,BanefulBunker|Relaxed||F|||50|]Dragonite||LifeOrb|InnerFocus|DragonClaw,Superpower,ExtremeSpeed,Protect|Adamant||F|||50|]Delphox||Delphoxite|Blaze|HeatWave,Psychic,Substitute,Protect|Modest||M|||50|\n|showteam|p2|Venusaur||LifeOrb|Chlorophyll|LeafStorm,SludgeBomb,EarthPower,Protect|Modest||M|||50|]Charizard||CharizarditeY|Blaze|HeatWave,WeatherBall,AncientPower,Protect|Timid||M|||50|]Garchomp||ChoiceScarf|RoughSkin|DragonClaw,Earthquake,RockSlide,StompingTantrum|Adamant||M|||50|]Sylveon||FairyFeather|Pixilate|HyperVoice,QuickAttack,Yawn,Detect|Modest||M|||50|]Incineroar||SitrusBerry|Intimidate|FakeOut,ThroatChop,FlareBlitz,PartingShot|Impish||M|||50|]Toxapex||Leftovers|Regenerator|Infestation,Toxic,WideGuard,BanefulBunker|Bold||M|||50|\n|\n|t:|1788305599\n|teamsize|p1|4\n|teamsize|p2|4\n|start\n|switch|p1a: Incineroar|Incineroar, L50, F|100/100\n|switch|p1b: Delphox|Delphox, L50, M|100/100\n|switch|p2a: Incineroar|Incineroar, L50, M|100/100\n|switch|p2b: Charizard|Charizard, L50, M|100/100\n|-ability|p1a: Incineroar|Intimidate|boost\n|-unboost|p2a: Incineroar|atk|1\n|-unboost|p2b: Charizard|atk|1\n|-ability|p2a: Incineroar|Intimidate|boost\n|-unboost|p1a: Incineroar|atk|1\n|-unboost|p1b: Delphox|atk|1\n|turn|1\n|\n|t:|1788305609\n|detailschange|p2b: Charizard|Charizard-Mega-Y, L50, M\n|-mega|p2b: Charizard|Charizard|Charizardite Y\n|-weather|SunnyDay|[from] ability: Drought|[of] p2b: Charizard\n|detailschange|p1b: Delphox|Delphox-Mega, L50, M\n|-mega|p1b: Delphox|Delphox|Delphoxite\n|move|p1a: Incineroar|Fake Out|p2a: Incineroar\n|-damage|p2a: Incineroar|94/100\n|move|p1b: Delphox|Psychic|p2b: Charizard\n|-damage|p2b: Charizard|56/100\n|move|p2b: Charizard|Ancient Power|p1b: Delphox\n|-supereffective|p1b: Delphox|1\n|-damage|p1b: Delphox|61/100\n|-boost|p2b: Charizard|atk|1\n|-boost|p2b: Charizard|def|1\n|-boost|p2b: Charizard|spa|1\n|-boost|p2b: Charizard|spd|1\n|-boost|p2b: Charizard|spe|1\n|cant|p2a: Incineroar|flinch\n|\n|-weather|SunnyDay|[upkeep]\n|upkeep\n|turn|2\n|\n|t:|1788305637\n|switch|p1b: Toxapex|Toxapex, L50, F|100/100\n|move|p2b: Charizard|Protect|p2b: Charizard\n|-singleturn|p2b: Charizard|Protect\n|move|p1a: Incineroar|Parting Shot|p2b: Charizard\n|-activate|p2b: Charizard|move: Protect\n|move|p2a: Incineroar|Parting Shot|p1a: Incineroar\n|-unboost|p1a: Incineroar|atk|1\n|-unboost|p1a: Incineroar|spa|1\n|\n|t:|1788305648\n|switch|p2a: Garchomp|Garchomp, L50, M|100/100|[from] Parting Shot\n|\n|-weather|SunnyDay|[upkeep]\n|upkeep\n|turn|3\n|\n|t:|1788305685\n|move|p2b: Charizard|Heat Wave|p1b: Toxapex|[spread] p1a,p1b\n|-resisted|p1a: Incineroar|1\n|-resisted|p1b: Toxapex|1\n|-damage|p1a: Incineroar|68/100\n|-damage|p1b: Toxapex|67/100\n|move|p2a: Garchomp|Stomping Tantrum|p1b: Toxapex\n|-supereffective|p1b: Toxapex|1\n|-damage|p1b: Toxapex|16/100\n|move|p1a: Incineroar|Parting Shot|p2a: Garchomp\n|-unboost|p2a: Garchomp|atk|1\n|-unboost|p2a: Garchomp|spa|1\n|\n|t:|1788305688\n|switch|p1a: Sinistcha|Sinistcha, L50|100/100|[from] Parting Shot\n|-heal|p1b: Toxapex|41/100|[from] ability: Hospitality|[of] p1a: Sinistcha\n|move|p1b: Toxapex|Toxic|p2b: Charizard\n|-status|p2b: Charizard|tox\n|\n|-weather|SunnyDay|[upkeep]\n|-heal|p1b: Toxapex|47/100|[from] item: Leftovers\n|-damage|p2b: Charizard|50/100g tox|[from] psn\n|upkeep\n|turn|4\n|\n|t:|1788305706\n|switch|p2a: Venusaur|Venusaur, L50, M|100/100\n|switch|p1a: Incineroar|Incineroar, L50, F|68/100\n|-ability|p1a: Incineroar|Intimidate|boost\n|-unboost|p2a: Venusaur|atk|1\n|-unboost|p2b: Charizard|atk|1\n|move|p1b: Toxapex|Baneful Bunker|p1b: Toxapex\n|-singleturn|p1b: Toxapex|move: Protect\n|move|p2b: Charizard|Heat Wave|p1b: Toxapex|[spread] \n|-activate|p1b: Toxapex|move: Protect\n|-miss|p2b: Charizard|p1a: Incineroar\n|\n|-weather|SunnyDay|[upkeep]\n|-heal|p1b: Toxapex|52/100|[from] item: Leftovers\n|-damage|p2b: Charizard|38/100 tox|[from] psn\n|upkeep\n|turn|5\n|\n|t:|1788305720\n|move|p1a: Incineroar|Fake Out|p2a: Venusaur\n|-damage|p2a: Venusaur|86/100\n|cant|p2a: Venusaur|flinch\n|move|p2b: Charizard|Ancient Power|p1a: Incineroar\n|-supereffective|p1a: Incineroar|1\n|-damage|p1a: Incineroar|17/100\n|-enditem|p1a: Incineroar|Sitrus Berry|[eat]\n|-heal|p1a: Incineroar|42/100|[from] item: Sitrus Berry\n|move|p1b: Toxapex|Infestation|p2b: Charizard\n|-resisted|p2b: Charizard|2\n|-damage|p2b: Charizard|37/100 tox\n|-activate|p2b: Charizard|move: Infestation|[of] p1b: Toxapex\n|\n|-weather|none\n|-heal|p1b: Toxapex|58/100|[from] item: Leftovers\n|-damage|p2b: Charizard|20/100r tox|[from] psn\n|-damage|p2b: Charizard|7/100 tox|[from] move: Infestation|[partiallytrapped]\n|upkeep\n|turn|6\n|\n|t:|1788305741\n|switch|p1a: Sinistcha|Sinistcha, L50|100/100\n|-heal|p1b: Toxapex|83/100|[from] ability: Hospitality|[of] p1a: Sinistcha\n|move|p1b: Toxapex|Baneful Bunker|p1b: Toxapex\n|-singleturn|p1b: Toxapex|move: Protect\n|move|p2b: Charizard|Heat Wave|p1a: Sinistcha|[spread] p1a\n|-activate|p1b: Toxapex|move: Protect\n|-supereffective|p1a: Sinistcha|1\n|-enditem|p1a: Sinistcha|Occa Berry|[eat]\n|-enditem|p1a: Sinistcha|Occa Berry|[weaken]\n|-damage|p1a: Sinistcha|42/100\n|move|p2a: Venusaur|Earth Power|p1a: Sinistcha\n|-resisted|p1a: Sinistcha|1\n|-damage|p1a: Sinistcha|24/100\n|-damage|p2a: Venusaur|77/100|[from] item: Life Orb\n|\n|-heal|p1b: Toxapex|89/100|[from] item: Leftovers\n|-damage|p2b: Charizard|0 fnt|[from] psn\n|faint|p2b: Charizard\n|upkeep\n|\n|t:|1788305749\n|switch|p2b: Incineroar|Incineroar, L50, M|94/100\n|-ability|p2b: Incineroar|Intimidate|boost\n|-unboost|p1a: Sinistcha|atk|1\n|-unboost|p1b: Toxapex|atk|1\n|turn|7\n|c|☆grabbingpawns|delphox is really hard to beat\n|c|☆grabbingpawns|do you have any advice?\n|c|☆MagicalarperLarper|get those anient power boosts lmaooo\n|c|☆MagicalarperLarper|it's kinda hard for your team\n|c|☆grabbingpawns|I mean rock slide flinch with scarfchomp\n|c|☆MagicalarperLarper|that's what ape used to be for\n|c|☆grabbingpawns|is sort of the only plan... unless anybody can think of anything else\n|c|☆grabbingpawns|ah ok\n|\n|t:|1788305836\n|move|p2a: Venusaur|Earth Power|p1b: Toxapex\n|-supereffective|p1b: Toxapex|1\n|-damage|p1b: Toxapex|28/100\n|-damage|p2a: Venusaur|67/100|[from] item: Life Orb\n|move|p2b: Incineroar|Throat Chop|p1a: Sinistcha\n|-supereffective|p1a: Sinistcha|1\n|-damage|p1a: Sinistcha|0 fnt\n|faint|p1a: Sinistcha\n|move|p1b: Toxapex|Toxic|p2b: Incineroar\n|-status|p2b: Incineroar|tox\n|\n|-heal|p1b: Toxapex|33/100|[from] item: Leftovers\n|-damage|p2b: Incineroar|88/100 tox|[from] psn\n|upkeep\n|-message|grabbingpawns forfeited.\n|\n|win|MagicalarperLarper\n|raw|MagicalarperLarper's rating: 1436 &rarr; <strong>1454</strong><br />(+18 for winning)\n|raw|grabbingpawns's rating: 1400 &rarr; <strong>1382</strong><br />(-18 for losing)\n|c|☆MagicalarperLarper|gg\n|l|☆grabbingpawns\n|player|p2|\n","uploadtime":1788305862,"views":"3","formatid":"gen9championsvgc2026regmbbo3","rating":1382,"private":0,"password":null}