{"id":"gen9championsvgc2026regmbbo3-2674756556","format":"[Gen 9 Champions] VGC 2026 Reg M-B (Bo3)","players":["dweber89","HornetXxPvP"],"log":"|j|☆dweber89\n|j|☆HornetXxPvP\n|html|<table width=\"100%\"><tr><td align=\"left\">dweber89</td><td align=\"right\">HornetXxPvP</tr><tr><td align=\"left\"><i class=\"fa fa-circle-o\"></i> <i class=\"fa fa-circle-o\"></i> </td><td align=\"right\"><i class=\"fa fa-circle-o\"></i> <i class=\"fa fa-circle\"></i> </tr></table>\n|uhtml|bestof|<h2><strong>Game 2</strong> of <a href=\"/game-bestof3-gen9championsvgc2026regmbbo3-2674755190\">a best-of-3</a></h2>\n|t:|1788401308\n|gametype|doubles\n|player|p1|dweber89|1|1136\n|player|p2|HornetXxPvP|bellelba|1155\n|gen|9\n|tier|[Gen 9 Champions] VGC 2026 Reg M-B (Bo3)\n|rated|\n|rule|Species Clause: Limit one of each Pokémon\n|rule|Item Clause: Limit 1 of each item\n|clearpoke\n|poke|p1|Sneasler, L50, M|\n|poke|p1|Mawile, L50, F|\n|poke|p1|Swampert, L50, M|\n|poke|p1|Pelipper, L50, F|\n|poke|p1|Farigiraf, L50, F|\n|poke|p1|Sylveon, L50, M|\n|poke|p2|Charizard, L50, F|\n|poke|p2|Floette-Eternal, L50, F|\n|poke|p2|Zoroark-Hisui, L50, F|\n|poke|p2|Sneasler, L50, F|\n|poke|p2|Farigiraf, L50, M|\n|poke|p2|Kingambit, L50, F|\n|teampreview|4\n|showteam|p1|Sneasler||WhiteHerb|Unburden|FakeOut,CloseCombat,Coaching,DireClaw|Adamant||M|||50|]Mawile||Mawilite|Intimidate|SwordsDance,SuckerPunch,IronHead,Protect|Adamant||F|||50|]Swampert||Swampertite|Torrent|WaveCrash,Earthquake,HighHorsepower,Protect|Adamant||M|||50|]Pelipper||FocusSash|Drizzle|Hurricane,WeatherBall,Tailwind,Protect|Bold||F|||50|]Farigiraf||ColburBerry|ArmorTail|TrickRoom,LightScreen,Psychic,Protect|Bold||F|||50|]Sylveon||LifeOrb|Pixilate|HyperVoice,HyperBeam,QuickAttack,Protect|Modest||M|||50|\n|showteam|p2|Charizard||CharizarditeY|Blaze|HeatWave,WeatherBall,AncientPower,Protect|Modest||F|||50|]Floette-Eternal||Floettite|FlowerVeil|Moonblast,DrainingKiss,CalmMind,Protect|Modest||F|||50|]Zoroark-Hisui||FocusSash|Illusion|IcyWind,HyperVoice,GrassKnot,Protect|Timid||F|||50|]Sneasler||WhiteHerb|Unburden|CloseCombat,DireClaw,FakeOut,Protect|Jolly||F|||50|]Farigiraf||SitrusBerry|ArmorTail|HelpingHand,TrickRoom,NastyPlot,Psychic|Bold||M|||50|]Kingambit||LifeOrb|Defiant|KowtowCleave,SuckerPunch,SwordsDance,Protect|Adamant||F|||50|\n|\n|t:|1788401344\n|teamsize|p1|4\n|teamsize|p2|4\n|start\n|switch|p1a: Pelipper|Pelipper, L50, F|100/100\n|switch|p1b: Swampert|Swampert, L50, M|100/100\n|switch|p2a: Charizard|Charizard, L50, F|100/100\n|switch|p2b: Sneasler|Sneasler, L50, F|100/100\n|-weather|RainDance|[from] ability: Drizzle|[of] p1a: Pelipper\n|turn|1\n|inactive|Battle timer is ON: inactive players will automatically lose when time's up. (requested by HornetXxPvP)\n|\n|t:|1788401367\n|switch|p1a: Farigiraf|Farigiraf, L50, F|100/100\n|detailschange|p2a: Charizard|Charizard-Mega-Y, L50, F\n|-mega|p2a: Charizard|Charizard|Charizardite Y\n|-weather|SunnyDay|[from] ability: Drought|[of] p2a: Charizard\n|move|p1b: Swampert|Protect|p1b: Swampert\n|-singleturn|p1b: Swampert|Protect\n|move|p2b: Sneasler|Fake Out||[still]\n|cant|p1a: Farigiraf|ability: Armor Tail|Fake Out|[of] p2b: Sneasler\n|move|p2a: Charizard|Ancient Power|p1a: Farigiraf\n|-damage|p1a: Farigiraf|75/100\n|\n|-weather|SunnyDay|[upkeep]\n|upkeep\n|turn|2\n|j| Sparkles1755\n|inactive|HornetXxPvP has 30 seconds left.\n|\n|t:|1788401396\n|switch|p1a: Pelipper|Pelipper, L50, F|100/100\n|-weather|RainDance|[from] ability: Drizzle|[of] p1a: Pelipper\n|detailschange|p1b: Swampert|Swampert-Mega, L50, M\n|-mega|p1b: Swampert|Swampert|Swampertite\n|move|p1b: Swampert|Wave Crash|p2a: Charizard\n|-supereffective|p2a: Charizard|1\n|-damage|p2a: Charizard|0 fnt\n|faint|p2a: Charizard\n|-damage|p1b: Swampert|70/100|[from] Recoil\n|move|p2b: Sneasler|Close Combat|p1b: Swampert\n|-damage|p1b: Swampert|21/100\n|-unboost|p2b: Sneasler|def|1\n|-unboost|p2b: Sneasler|spd|1\n|-enditem|p2b: Sneasler|White Herb\n|-clearnegativeboost|p2b: Sneasler|[silent]\n|\n|-weather|RainDance|[upkeep]\n|upkeep\n|\n|t:|1788401400\n|switch|p2a: Kingambit|Kingambit, L50, F|100/100\n|turn|3\n|\n|t:|1788401414\n|switch|p2b: Farigiraf|Farigiraf, L50, M|100/100\n|move|p2a: Kingambit|Sucker Punch|p1b: Swampert\n|-damage|p1b: Swampert|0 fnt\n|faint|p1b: Swampert\n|-damage|p2a: Kingambit|90/100|[from] item: Life Orb\n|move|p1a: Pelipper|Hurricane|p2b: Farigiraf\n|-damage|p2b: Farigiraf|67/100\n|\n|-weather|RainDance|[upkeep]\n|upkeep\n|\n|t:|1788401425\n|switch|p1b: Sylveon|Sylveon, L50, M|100/100\n|turn|4\n|inactive|dweber89 has 30 seconds left.\n|inactive|dweber89 has 20 seconds left.\n|\n|t:|1788401462\n|move|p2a: Kingambit|Protect|p2a: Kingambit\n|-singleturn|p2a: Kingambit|Protect\n|move|p1a: Pelipper|Weather Ball|p2b: Farigiraf\n|-damage|p2b: Farigiraf|24/100\n|-enditem|p2b: Farigiraf|Sitrus Berry|[eat]\n|-heal|p2b: Farigiraf|48/100|[from] item: Sitrus Berry\n|move|p1b: Sylveon|Hyper Beam|p2a: Kingambit\n|-activate|p2a: Kingambit|move: Protect\n|move|p2b: Farigiraf|Nasty Plot|p2b: Farigiraf\n|-boost|p2b: Farigiraf|spa|2\n|\n|-weather|RainDance|[upkeep]\n|upkeep\n|turn|5\n|inactive|HornetXxPvP has 30 seconds left.\n|\n|t:|1788401495\n|move|p2b: Farigiraf|Helping Hand|p2a: Kingambit\n|-singleturn|p2a: Kingambit|Helping Hand|[of] p2b: Farigiraf\n|move|p2a: Kingambit|Sucker Punch|p1a: Pelipper\n|-damage|p1a: Pelipper|39/100\n|-damage|p2a: Kingambit|80/100|[from] item: Life Orb\n|move|p1a: Pelipper|Weather Ball|p2b: Farigiraf\n|-damage|p2b: Farigiraf|0 fnt\n|faint|p2b: Farigiraf\n|move|p1b: Sylveon|Hyper Voice|p2a: Kingambit\n|-damage|p2a: Kingambit|8/100\n|-damage|p1b: Sylveon|90/100|[from] item: Life Orb\n|\n|-weather|RainDance|[upkeep]\n|upkeep\n|\n|t:|1788401500\n|switch|p2b: Sneasler|Sneasler, L50, F|100/100\n|turn|6\n|\n|t:|1788401508\n|move|p1a: Pelipper|Protect|p1a: Pelipper\n|-singleturn|p1a: Pelipper|Protect\n|move|p1b: Sylveon|Protect|p1b: Sylveon\n|-singleturn|p1b: Sylveon|Protect\n|move|p2a: Kingambit|Sucker Punch||[still]\n|-fail|p2a: Kingambit\n|move|p2b: Sneasler|Dire Claw|p1b: Sylveon\n|-activate|p1b: Sylveon|move: Protect\n|\n|-weather|none\n|upkeep\n|turn|7\n|inactive|dweber89 has 30 seconds left.\n|\n|t:|1788401538\n|move|p1b: Sylveon|Quick Attack|p2b: Sneasler\n|-damage|p2b: Sneasler|77/100\n|-damage|p1b: Sylveon|80/100|[from] item: Life Orb\n|move|p2a: Kingambit|Sucker Punch|p1a: Pelipper\n|-damage|p1a: Pelipper|0 fnt\n|faint|p1a: Pelipper\n|-damage|p2a: Kingambit|0 fnt|[from] item: Life Orb\n|faint|p2a: Kingambit\n|move|p2b: Sneasler|Dire Claw|p1b: Sylveon\n|-supereffective|p1b: Sylveon|1\n|-damage|p1b: Sylveon|0 fnt\n|faint|p1b: Sylveon\n|\n|upkeep\n|-message|dweber89 forfeited.\n|raw|dweber89's rating: 1136 &rarr; <strong>1112</strong><br />(-24 for losing)\n|raw|HornetXxPvP's rating: 1155 &rarr; <strong>1179</strong><br />(+24 for winning)\n|\n|win|HornetXxPvP\n|l|☆dweber89\n|player|p1|\n|l| Sparkles1755\n","uploadtime":1788401556,"views":"1","formatid":"gen9championsvgc2026regmbbo3","rating":1112,"private":0,"password":null}