{"id":"gen9championsvgc2026regmbbo3-2674322466","format":"[Gen 9 Champions] VGC 2026 Reg M-B (Bo3)","players":["shibikanon","MartinFelice"],"log":"|j|☆shibikanon\n|j|☆MartinFelice\n|html|<table width=\"100%\"><tr><td align=\"left\">shibikanon</td><td align=\"right\">MartinFelice</tr><tr><td align=\"left\"><i class=\"fa fa-circle\"></i> <i class=\"fa fa-circle-o\"></i> </td><td align=\"right\"><i class=\"fa fa-circle-o\"></i> <i class=\"fa fa-circle\"></i> </tr></table>\n|uhtml|bestof|<h2><strong>Game 3</strong> of <a href=\"/game-bestof3-gen9championsvgc2026regmbbo3-2674319752\">a best-of-3</a></h2>\n|t:|1788340676\n|gametype|doubles\n|player|p1|shibikanon|skyla-masters3|1391\n|player|p2|MartinFelice|ethan|1352\n|gen|9\n|tier|[Gen 9 Champions] VGC 2026 Reg M-B (Bo3)\n|rated|\n|rule|Species Clause: Limit one of each Pokémon\n|rule|Item Clause: Limit 1 of each item\n|clearpoke\n|poke|p1|Charizard, L50, F, shiny|\n|poke|p1|Sylveon, L50, F, shiny|\n|poke|p1|Incineroar, L50, F|\n|poke|p1|Rhyperior, L50, F|\n|poke|p1|Farigiraf, L50, M|\n|poke|p1|Basculegion, L50, M|\n|poke|p2|Raichu, L50, F|\n|poke|p2|Staraptor, L50, M, shiny|\n|poke|p2|Arcanine-Hisui, L50, F, shiny|\n|poke|p2|Farigiraf, L50, F, shiny|\n|poke|p2|Sylveon, L50, M, shiny|\n|poke|p2|Kingambit, L50, F, shiny|\n|teampreview|4\n|showteam|p1|Charizard||CharizarditeY|Blaze|HeatWave,WeatherBall,SolarBeam,Protect|Modest||F|||50|]Sylveon||FairyFeather|Pixilate|HyperVoice,QuickAttack,HyperBeam,Detect|Modest||F|||50|]Incineroar||SitrusBerry|Intimidate|FlareBlitz,ThroatChop,PartingShot,FakeOut|Adamant||F|||50|]Rhyperior||LifeOrb|SolidRock|HighHorsepower,RockSlide,IcePunch,Protect|Brave||F|||50|]Farigiraf||ColburBerry|ArmorTail|Psychic,Thunderbolt,TrickRoom,Protect|Modest||M|||50|]Basculegion||ChoiceScarf|Adaptability|WaveCrash,LastRespects,AquaJet,FlipTurn|Jolly||M|||50|\n|showteam|p2|Raichu||RaichuniteY|LightningRod|ZapCannon,FocusBlast,FakeOut,Protect|Timid||F|||50|]Staraptor||Staraptite|Intimidate|CloseCombat,DualWingbeat,Tailwind,Protect|Jolly||M|||50|]Arcanine-Hisui||FocusSash|RockHead|FlareBlitz,HeadSmash,ExtremeSpeed,Protect|Jolly||F|||50|]Farigiraf||SitrusBerry|ArmorTail|Psychic,HelpingHand,TrickRoom,Protect|Bold||F|||50|]Sylveon||FairyFeather|Pixilate|HyperBeam,HyperVoice,Protect,QuickAttack|Modest||M|||50|]Kingambit||LifeOrb|Defiant|SuckerPunch,SwordsDance,KowtowCleave,Protect|Adamant||F|||50|\n|inactive|Battle timer is ON: inactive players will automatically lose when time's up. (requested by shibikanon)\n|inactive|MartinFelice has 60 seconds left.\n|\n|t:|1788340729\n|teamsize|p1|4\n|teamsize|p2|4\n|start\n|switch|p1a: Sylveon|Sylveon, L50, F, shiny|100/100\n|switch|p1b: Incineroar|Incineroar, L50, F|100/100\n|switch|p2a: Sylveon|Sylveon, L50, M, shiny|100/100\n|switch|p2b: Farigiraf|Farigiraf, L50, F, shiny|100/100\n|-ability|p1b: Incineroar|Intimidate|boost\n|-unboost|p2a: Sylveon|atk|1\n|-unboost|p2b: Farigiraf|atk|1\n|turn|1\n|inactive|shibikanon has 30 seconds left.\n|inactive|MartinFelice has 30 seconds left.\n|inactive|shibikanon has 20 seconds left.\n|\n|t:|1788340766\n|move|p2b: Farigiraf|Protect|p2b: Farigiraf\n|-singleturn|p2b: Farigiraf|Protect\n|move|p2a: Sylveon|Hyper Beam|p1a: Sylveon\n|-damage|p1a: Sylveon|14/100\n|-mustrecharge|p2a: Sylveon\n|move|p1a: Sylveon|Hyper Voice|p2a: Sylveon|[spread] p2a\n|-activate|p2b: Farigiraf|move: Protect\n|-damage|p2a: Sylveon|63/100\n|move|p1b: Incineroar|Parting Shot|p2a: Sylveon\n|-unboost|p2a: Sylveon|atk|1\n|-unboost|p2a: Sylveon|spa|1\n|\n|t:|1788340776\n|switch|p1b: Farigiraf|Farigiraf, L50, M|100/100|[from] Parting Shot\n|\n|upkeep\n|turn|2\n|\n|t:|1788340786\n|cant|p2a: Sylveon|recharge\n|move|p1a: Sylveon|Hyper Voice|p2b: Farigiraf|[spread] p2a,p2b\n|-damage|p2a: Sylveon|24/100\n|-damage|p2b: Farigiraf|58/100\n|move|p2b: Farigiraf|Psychic|p1a: Sylveon\n|-damage|p1a: Sylveon|0 fnt\n|faint|p1a: Sylveon\n|move|p1b: Farigiraf|Trick Room|p1b: Farigiraf\n|-fieldstart|move: Trick Room|[of] p1b: Farigiraf\n|\n|upkeep\n|\n|t:|1788340792\n|switch|p1a: Rhyperior|Rhyperior, L50, F|100/100\n|turn|3\n|\n|t:|1788340805\n|move|p2a: Sylveon|Protect|p2a: Sylveon\n|-singleturn|p2a: Sylveon|Protect\n|move|p1a: Rhyperior|High Horsepower|p2b: Farigiraf\n|-damage|p2b: Farigiraf|1/100\n|-enditem|p2b: Farigiraf|Sitrus Berry|[eat]\n|-heal|p2b: Farigiraf|25/100|[from] item: Sitrus Berry\n|-damage|p1a: Rhyperior|90/100|[from] item: Life Orb\n|move|p1b: Farigiraf|Thunderbolt|p2b: Farigiraf\n|-damage|p2b: Farigiraf|1/100\n|move|p2b: Farigiraf|Trick Room|p2b: Farigiraf\n|-fieldend|move: Trick Room\n|\n|upkeep\n|turn|4\n|inactive|shibikanon has 30 seconds left.\n|inactive|MartinFelice has 30 seconds left.\n|\n|t:|1788340835\n|move|p2b: Farigiraf|Helping Hand|p2a: Sylveon\n|-singleturn|p2a: Sylveon|Helping Hand|[of] p2b: Farigiraf\n|move|p2a: Sylveon|Hyper Beam|p1b: Farigiraf\n|-damage|p1b: Farigiraf|0 fnt\n|-mustrecharge|p2a: Sylveon\n|faint|p1b: Farigiraf\n|move|p1a: Rhyperior|Rock Slide|p2b: Farigiraf|[spread] p2a,p2b\n|-crit|p2b: Farigiraf\n|-damage|p2a: Sylveon|0 fnt\n|-damage|p2b: Farigiraf|0 fnt\n|faint|p2a: Sylveon\n|faint|p2b: Farigiraf\n|-damage|p1a: Rhyperior|80/100|[from] item: Life Orb\n|\n|upkeep\n|\n|t:|1788340847\n|switch|p2a: Kingambit|Kingambit, L50, F, shiny|100/100\n|switch|p1b: Incineroar|Incineroar, L50, F|100/100\n|switch|p2b: Raichu|Raichu, L50, F|100/100\n|-ability|p1b: Incineroar|Intimidate|boost\n|-unboost|p2a: Kingambit|atk|1\n|-ability|p2a: Kingambit|Defiant|boost\n|-boost|p2a: Kingambit|atk|2\n|-unboost|p2b: Raichu|atk|1\n|turn|5\n|inactive|MartinFelice has 30 seconds left.\n|inactive|MartinFelice has 20 seconds left.\n|inactive|MartinFelice has 15 seconds left.\n|\n|t:|1788340887\n|detailschange|p2b: Raichu|Raichu-Mega-Y, L50, F\n|-mega|p2b: Raichu|Raichu|Raichunite Y\n|move|p2b: Raichu|Protect|p2b: Raichu\n|-singleturn|p2b: Raichu|Protect\n|move|p2a: Kingambit|Protect|p2a: Kingambit\n|-singleturn|p2a: Kingambit|Protect\n|move|p1b: Incineroar|Flare Blitz|p2b: Raichu\n|-activate|p2b: Raichu|move: Protect\n|move|p1a: Rhyperior|High Horsepower|p2a: Kingambit\n|-activate|p2a: Kingambit|move: Protect\n|\n|upkeep\n|turn|6\n|\n|t:|1788340905\n|move|p1a: Rhyperior|Protect|p1a: Rhyperior\n|-singleturn|p1a: Rhyperior|Protect\n|move|p2a: Kingambit|Sucker Punch||[still]\n|-fail|p2a: Kingambit\n|move|p2b: Raichu|Focus Blast|p1b: Incineroar\n|-supereffective|p1b: Incineroar|1\n|-damage|p1b: Incineroar|33/100\n|-enditem|p1b: Incineroar|Sitrus Berry|[eat]\n|-heal|p1b: Incineroar|58/100|[from] item: Sitrus Berry\n|move|p1b: Incineroar|Flare Blitz|p2b: Raichu\n|-damage|p2b: Raichu|10/100\n|-damage|p1b: Incineroar|33/100|[from] Recoil\n|\n|upkeep\n|turn|7\n|\n|t:|1788340922\n|move|p1a: Rhyperior|Protect||[still]\n|-fail|p1a: Rhyperior\n|move|p2a: Kingambit|Sucker Punch|p1b: Incineroar\n|-resisted|p1b: Incineroar|1\n|-damage|p1b: Incineroar|0 fnt\n|faint|p1b: Incineroar\n|-damage|p2a: Kingambit|90/100|[from] item: Life Orb\n|move|p2b: Raichu|Focus Blast|p1a: Rhyperior\n|-supereffective|p1a: Rhyperior|1\n|-damage|p1a: Rhyperior|1/100\n|\n|upkeep\n|turn|8\n|-message|shibikanon forfeited.\n|raw|shibikanon's rating: 1391 &rarr; <strong>1369</strong><br />(-22 for losing)\n|raw|MartinFelice's rating: 1352 &rarr; <strong>1374</strong><br />(+22 for winning)\n|\n|win|MartinFelice\n","uploadtime":1788340929,"views":"0","formatid":"gen9championsvgc2026regmbbo3","rating":1369,"private":0,"password":null}