{"id":"gen9championsvgc2026regmbbo3-2673500831","format":"[Gen 9 Champions] VGC 2026 Reg M-B (Bo3)","players":["chinstair","Thomnahs"],"log":"|j|☆chinstair\n|j|☆Thomnahs\n|html|<table width=\"100%\"><tr><td align=\"left\">chinstair</td><td align=\"right\">Thomnahs</tr><tr><td align=\"left\"><i class=\"fa fa-circle\"></i> <i class=\"fa fa-circle-o\"></i> </td><td align=\"right\"><i class=\"fa fa-circle-o\"></i> <i class=\"fa fa-circle\"></i> </tr></table>\n|uhtml|bestof|<h2><strong>Game 3</strong> of <a href=\"/game-bestof3-gen9championsvgc2026regmbbo3-2673496671\">a best-of-3</a></h2>\n|t:|1788205360\n|gametype|doubles\n|player|p1|chinstair|scientist-gen4|1204\n|player|p2|Thomnahs|101|1307\n|gen|9\n|tier|[Gen 9 Champions] VGC 2026 Reg M-B (Bo3)\n|rated|\n|rule|Species Clause: Limit one of each Pokémon\n|rule|Item Clause: Limit 1 of each item\n|clearpoke\n|poke|p1|Gengar, L50, M, shiny|\n|poke|p1|Incineroar, L50, F|\n|poke|p1|Primarina, L50, F|\n|poke|p1|Slowking-Galar, L50, F|\n|poke|p1|Conkeldurr, L50, F|\n|poke|p1|Scovillain, L50, M, shiny|\n|poke|p2|Dragonite, L50, M|\n|poke|p2|Sneasler, L50, M|\n|poke|p2|Kingambit, L50, F|\n|poke|p2|Basculegion, L50, M|\n|poke|p2|Floette-Eternal, L50, F|\n|poke|p2|Garchomp, L50, M|\n|teampreview|4\n|showteam|p1|Gengar||Gengarite|CursedBody|SludgeBomb,ShadowBall,PerishSong,Protect|Modest||M|||50|]Incineroar||BrightPowder|Intimidate|FlareBlitz,ThroatChop,FakeOut,PartingShot|Sassy||F|||50|]Primarina||Leftovers|LiquidVoice|PerishSong,HyperVoice,Protect,Moonblast|Quiet||F|||50|]Slowking-Galar||SitrusBerry|Regenerator|AcidSpray,PsychicNoise,TrickRoom,ChillyReception|Relaxed||F|||50|]Conkeldurr||LifeOrb|SheerForce|RockSlide,DrainPunch,PoisonJab,Protect|Brave||F|||50|]Scovillain||Scovillainite|Moody|LeechSeed,RagePowder,Protect,Flamethrower|Bold||M|||50|\n|showteam|p2|Dragonite||Dragoninite|InnerFocus|DragonPulse,HeatWave,ExtremeSpeed,Protect|Modest||M|||50|]Sneasler||FocusSash|PoisonTouch|DireClaw,CloseCombat,Feint,FakeOut|Jolly||M|||50|]Kingambit||ChopleBerry|Defiant|KowtowCleave,SuckerPunch,LowKick,IronHead|Adamant||F|||50|]Basculegion||LifeOrb|Adaptability|WaveCrash,LastRespects,AquaJet,Protect|Adamant||M|||50|]Floette-Eternal||Floettite|FlowerVeil|Moonblast,DazzlingGleam,LightofRuin,Protect|Timid||F|||50|]Garchomp||ChoiceScarf|RoughSkin|StompingTantrum,Earthquake,RockSlide,DragonClaw|Adamant||M|||50|\n|inactive|Battle timer is ON: inactive players will automatically lose when time's up. (requested by chinstair)\n|inactive|Thomnahs also wants the timer to be on.\n|inactive|chinstair has 60 seconds left.\n|inactive|Thomnahs has 60 seconds left.\n|\n|t:|1788205400\n|teamsize|p1|4\n|teamsize|p2|4\n|start\n|switch|p1a: Scovillain|Scovillain, L50, M, shiny|100/100\n|switch|p1b: Slowking|Slowking-Galar, L50, F|100/100\n|switch|p2a: Sneasler|Sneasler, L50, M|100/100\n|switch|p2b: Kingambit|Kingambit, L50, F|100/100\n|turn|1\n|inactive|chinstair has 30 seconds left.\n|inactive|chinstair has 20 seconds left.\n|inactive|chinstair has 15 seconds left.\n|\n|t:|1788205444\n|switch|p1b: Conkeldurr|Conkeldurr, L50, F|100/100\n|move|p1a: Scovillain|Protect|p1a: Scovillain\n|-singleturn|p1a: Scovillain|Protect\n|move|p2a: Sneasler|Fake Out|p1a: Scovillain\n|-activate|p1a: Scovillain|move: Protect\n|move|p2b: Kingambit|Kowtow Cleave|p1b: Conkeldurr\n|-resisted|p1b: Conkeldurr|1\n|-damage|p1b: Conkeldurr|78/100\n|\n|-ability|p1a: Scovillain|Moody|boost\n|-boost|p1a: Scovillain|spd|2\n|-unboost|p1a: Scovillain|atk|1\n|upkeep\n|turn|2\n|inactive|chinstair has 30 seconds left.\n|inactive|Thomnahs has 30 seconds left.\n|inactive|chinstair has 20 seconds left.\n|\n|t:|1788205483\n|detailschange|p1a: Scovillain|Scovillain-Mega, L50, M, shiny\n|-mega|p1a: Scovillain|Scovillain|Scovillainite\n|move|p2a: Sneasler|Dire Claw|p1a: Scovillain\n|-supereffective|p1a: Scovillain|1\n|-damage|p1a: Scovillain|15/100\n|-status|p2a: Sneasler|brn|[from] ability: Spicy Spray|[of] p1a: Scovillain\n|-status|p1a: Scovillain|psn|[from] ability: Poison Touch|[of] p2a: Sneasler\n|move|p1a: Scovillain|Flamethrower|p2a: Sneasler\n|-damage|p2a: Sneasler|43/100 brn\n|move|p2b: Kingambit|Kowtow Cleave|p1a: Scovillain\n|-damage|p1a: Scovillain|0 fnt\n|-status|p2b: Kingambit|brn|[from] ability: Spicy Spray|[of] p1a: Scovillain\n|faint|p1a: Scovillain\n|move|p1b: Conkeldurr|Drain Punch|p2b: Kingambit\n|-supereffective|p2b: Kingambit|2\n|-enditem|p2b: Kingambit|Chople Berry|[eat]\n|-enditem|p2b: Kingambit|Chople Berry|[weaken]\n|-damage|p2b: Kingambit|16/100 brn\n|-heal|p1b: Conkeldurr|100/100|[from] drain|[of] p2b: Kingambit\n|-damage|p1b: Conkeldurr|90/100|[from] item: Life Orb\n|\n|-damage|p2a: Sneasler|37/100 brn|[from] brn\n|-damage|p2b: Kingambit|11/100 brn|[from] brn\n|upkeep\n|\n|t:|1788205507\n|switch|p1a: Slowking|Slowking-Galar, L50, F|100/100\n|turn|3\n|\n|t:|1788205523\n|switch|p2a: Garchomp|Garchomp, L50, M|100/100\n|switch|p2b: Basculegion|Basculegion, L50, M|100/100\n|switch|p1a: Primarina|Primarina, L50, F|100/100\n|move|p1b: Conkeldurr|Poison Jab|p2a: Garchomp\n|-resisted|p2a: Garchomp|1\n|-damage|p2a: Garchomp|76/100\n|-damage|p1b: Conkeldurr|78/100|[from] ability: Rough Skin|[of] p2a: Garchomp\n|\n|upkeep\n|turn|4\n|inactive|chinstair has 30 seconds left.\n|inactive|chinstair has 20 seconds left.\n|\n|t:|1788205561\n|move|p1b: Conkeldurr|Protect|p1b: Conkeldurr\n|-singleturn|p1b: Conkeldurr|Protect\n|move|p2a: Garchomp|Rock Slide|p1a: Primarina|[spread] p1a\n|-activate|p1b: Conkeldurr|move: Protect\n|-damage|p1a: Primarina|75/100\n|move|p2b: Basculegion|Wave Crash|p1b: Conkeldurr\n|-activate|p1b: Conkeldurr|move: Protect\n|cant|p1a: Primarina|flinch\n|\n|-heal|p1a: Primarina|81/100|[from] item: Leftovers\n|upkeep\n|turn|5\n|\n|t:|1788205585\n|switch|p1b: Slowking|Slowking-Galar, L50, F|100/100\n|move|p2a: Garchomp|Rock Slide|p1b: Slowking|[spread] p1a,p1b\n|-damage|p1a: Primarina|55/100\n|-damage|p1b: Slowking|82/100\n|move|p2b: Basculegion|Wave Crash|p1b: Slowking\n|-damage|p1b: Slowking|2/100\n|-enditem|p1b: Slowking|Sitrus Berry|[eat]\n|-heal|p1b: Slowking|27/100|[from] item: Sitrus Berry\n|-damage|p2b: Basculegion|73/100|[from] Recoil\n|-damage|p2b: Basculegion|64/100|[from] item: Life Orb\n|move|p1a: Primarina|Moonblast|p2a: Garchomp\n|-supereffective|p2a: Garchomp|1\n|-damage|p2a: Garchomp|0 fnt\n|faint|p2a: Garchomp\n|\n|-heal|p1a: Primarina|61/100|[from] item: Leftovers\n|upkeep\n|\n|t:|1788205603\n|switch|p2a: Sneasler|Sneasler, L50, M|37/100 brn\n|turn|6\n|\n|t:|1788205616\n|-heal|p1b: Slowking|60/100|[from] ability: Regenerator|[silent]\n|switch|p1b: Conkeldurr|Conkeldurr, L50, F|78/100\n|move|p2a: Sneasler|Dire Claw|p1a: Primarina\n|-supereffective|p1a: Primarina|1\n|-damage|p1a: Primarina|13/100\n|-status|p1a: Primarina|psn|[from] ability: Poison Touch|[of] p2a: Sneasler\n|move|p2b: Basculegion|Wave Crash|p1b: Conkeldurr\n|-damage|p1b: Conkeldurr|0 fnt\n|faint|p1b: Conkeldurr\n|-damage|p2b: Basculegion|37/100|[from] Recoil\n|-damage|p2b: Basculegion|28/100|[from] item: Life Orb\n|move|p1a: Primarina|Hyper Voice|p2b: Basculegion|[spread] p2a,p2b\n|-resisted|p2b: Basculegion|1\n|-crit|p2b: Basculegion\n|-damage|p2a: Sneasler|0 fnt\n|-damage|p2b: Basculegion|0 fnt\n|faint|p2a: Sneasler\n|faint|p2b: Basculegion\n|\n|-heal|p1a: Primarina|19/100 psn|[from] item: Leftovers\n|-damage|p1a: Primarina|7/100 psn|[from] psn\n|upkeep\n|\n|t:|1788205638\n|switch|p2b: Kingambit|Kingambit, L50, F|11/100 brn\n|switch|p1b: Slowking|Slowking-Galar, L50, F|60/100\n|turn|7\n|\n|t:|1788205651\n|move|p2b: Kingambit|Sucker Punch|p1a: Primarina\n|-resisted|p1a: Primarina|1\n|-damage|p1a: Primarina|0 fnt\n|faint|p1a: Primarina\n|move|p1b: Slowking|Trick Room|p1b: Slowking\n|-fieldstart|move: Trick Room|[of] p1b: Slowking\n|\n|-damage|p2b: Kingambit|5/100 brn|[from] brn\n|upkeep\n|turn|8\n|\n|t:|1788205662\n|-prepare|p1b: Slowking|Chilly Reception|[premajor]\n|move|p1b: Slowking|Chilly Reception|p1b: Slowking\n|-weather|Snowscape\n|move|p2b: Kingambit|Kowtow Cleave|p1b: Slowking\n|-supereffective|p1b: Slowking|1\n|-damage|p1b: Slowking|23/100\n|\n|-weather|Snowscape|[upkeep]\n|-damage|p2b: Kingambit|0 fnt|[from] brn\n|faint|p2b: Kingambit\n|\n|win|chinstair\n|raw|chinstair's rating: 1204 &rarr; <strong>1236</strong><br />(+32 for winning)\n|raw|Thomnahs's rating: 1307 &rarr; <strong>1281</strong><br />(-26 for losing)\n|c|☆Thomnahs|Sheesh. Gg\n|c|☆chinstair|gg\n|l|☆Thomnahs\n|player|p2|\n","uploadtime":1788205710,"views":"2","formatid":"gen9championsvgc2026regmbbo3","rating":1236,"private":0,"password":null}