{"id":"gen9championsvgc2026regmbbo3-2673297767","format":"[Gen 9 Champions] VGC 2026 Reg M-B (Bo3)","players":["Master M-rada","fou jedi jedi"],"log":"|j|☆Master M-rada\n|j|☆fou jedi jedi\n|html|<table width=\"100%\"><tr><td align=\"left\">Master M-rada</td><td align=\"right\">fou jedi jedi</tr><tr><td align=\"left\"><i class=\"fa fa-circle-o\"></i> <i class=\"fa fa-circle-o\"></i> </td><td align=\"right\"><i class=\"fa fa-circle-o\"></i> <i class=\"fa fa-circle\"></i> </tr></table>\n|uhtml|bestof|<h2><strong>Game 2</strong> of <a href=\"/game-bestof3-gen9championsvgc2026regmbbo3-2673296232\">a best-of-3</a></h2>\n|t:|1788179261\n|gametype|doubles\n|player|p1|Master M-rada|miku-ice|1321\n|player|p2|fou jedi jedi|koga|1322\n|gen|9\n|tier|[Gen 9 Champions] VGC 2026 Reg M-B (Bo3)\n|rated|\n|rule|Species Clause: Limit one of each Pokémon\n|rule|Item Clause: Limit 1 of each item\n|clearpoke\n|poke|p1|Gengar, L50, F, shiny|\n|poke|p1|Snorlax, L50, M|\n|poke|p1|Incineroar, L50, F|\n|poke|p1|Scrafty, L50, M, shiny|\n|poke|p1|Dragonite, L50, M|\n|poke|p1|Altaria, L50, F, shiny|\n|poke|p2|Scovillain, L50, M, shiny|\n|poke|p2|Basculegion, L50, M|\n|poke|p2|Kingambit, L50, F|\n|poke|p2|Sneasler, L50, F|\n|poke|p2|Lycanroc-Dusk, L50, F|\n|poke|p2|Froslass, L50, F|\n|teampreview|4\n|showteam|p1|Gengar||Gengarite|CursedBody|PerishSong,ShadowBall,SludgeBomb,Protect|Modest||F|||50|]Snorlax||Leftovers|ThickFat|Yawn,Encore,Fissure,Protect|Relaxed||M|||50|]Incineroar||SitrusBerry|Intimidate|FlareBlitz,PartingShot,FakeOut,Protect|Relaxed||F|||50|]Scrafty||FocusSash|Intimidate|CloseCombat,KnockOff,FakeOut,Protect|Impish||M|||50|]Dragonite||LifeOrb|InnerFocus|DragonClaw,LowKick,ExtremeSpeed,Protect|Adamant||M|||50|]Altaria||HabanBerry|CloudNine|FireSpin,Roost,PerishSong,Protect|Calm||F|||50|\n|showteam|p2|Scovillain||Scovillainite|Moody|GigaDrain,Overheat,RagePowder,Protect|Bold||M|||50|]Basculegion||LifeOrb|Adaptability|WaveCrash,LastRespects,AquaJet,Protect|Adamant||M|||50|]Kingambit||BlackGlasses|Defiant|KowtowCleave,SuckerPunch,SwordsDance,Protect|Adamant||F|||50|]Sneasler||WhiteHerb|Unburden|CloseCombat,DireClaw,Protect,FakeOut|Adamant||F|||50|]Lycanroc-Dusk||FocusSash|ToughClaws|CloseCombat,Accelerock,RockSlide,Protect|Adamant||F|||50|]Froslass||Froslassite|CursedBody|Blizzard,ShadowBall,AuroraVeil,Protect|Timid||F|||50|\n|inactive|Battle timer is ON: inactive players will automatically lose when time's up. (requested by Master M-rada)\n|inactive|fou jedi jedi also wants the timer to be on.\n|inactive|Master M-rada has 60 seconds left.\n|c|☆fou jedi jedi|This deffo seems like an unfavorable matchup for you\n|c|☆Master M-rada|Yeah, you right\n|inactive|Master M-rada has 30 seconds left.\n|inactive|Master M-rada has 20 seconds left.\n|\n|t:|1788179335\n|teamsize|p1|4\n|teamsize|p2|4\n|start\n|switch|p1a: Gengar|Gengar, L50, F, shiny|100/100\n|switch|p1b: Dragonite|Dragonite, L50, M|100/100\n|switch|p2a: Froslad|Froslass, L50, F|100/100\n|switch|p2b: Tocicex|Sneasler, L50, F|100/100\n|turn|1\n|\n|t:|1788179356\n|switch|p2b: Queensgambit|Kingambit, L50, F|100/100\n|detailschange|p2a: Froslad|Froslass-Mega, L50, F\n|-mega|p2a: Froslad|Froslass|Froslassite\n|-weather|Snowscape|[from] ability: Snow Warning|[of] p2a: Froslad\n|detailschange|p1a: Gengar|Gengar-Mega, L50, F, shiny\n|-mega|p1a: Gengar|Gengar|Gengarite\n|move|p1a: Gengar|Protect|p1a: Gengar\n|-singleturn|p1a: Gengar|Protect\n|move|p1b: Dragonite|Protect|p1b: Dragonite\n|-singleturn|p1b: Dragonite|Protect\n|move|p2a: Froslad|Blizzard|p1a: Gengar|[spread] \n|-activate|p1a: Gengar|move: Protect\n|-activate|p1b: Dragonite|move: Protect\n|\n|-weather|Snowscape|[upkeep]\n|upkeep\n|turn|2\n|inactive|Master M-rada has 30 seconds left.\n|\n|t:|1788179383\n|switch|p1a: Incineroar|Incineroar, L50, F|100/100\n|-ability|p1a: Incineroar|Intimidate|boost\n|-unboost|p2a: Froslad|atk|1\n|-unboost|p2b: Queensgambit|atk|1\n|-ability|p2b: Queensgambit|Defiant|boost\n|-boost|p2b: Queensgambit|atk|2\n|switch|p1b: Snorlax|Snorlax, L50, M|100/100\n|move|p2a: Froslad|Blizzard|p1a: Incineroar|[spread] p1a,p1b\n|-resisted|p1a: Incineroar|1\n|-damage|p1a: Incineroar|82/100\n|-damage|p1b: Snorlax|89/100\n|move|p2b: Queensgambit|Kowtow Cleave|p1a: Incineroar\n|-resisted|p1a: Incineroar|1\n|-damage|p1a: Incineroar|50/100g\n|\n|-weather|Snowscape|[upkeep]\n|-heal|p1b: Snorlax|95/100|[from] item: Leftovers\n|upkeep\n|turn|3\n|inactive|Master M-rada has 30 seconds left.\n|inactive|Master M-rada has 20 seconds left.\n|inactive|Master M-rada has 15 seconds left.\n|\n|t:|1788179427\n|move|p2b: Queensgambit|Protect|p2b: Queensgambit\n|-singleturn|p2b: Queensgambit|Protect\n|move|p2a: Froslad|Aurora Veil|p2a: Froslad\n|-sidestart|p2: fou jedi jedi|move: Aurora Veil\n|move|p1a: Incineroar|Flare Blitz|p2a: Froslad\n|-supereffective|p2a: Froslad|1\n|-damage|p2a: Froslad|38/100\n|-damage|p1a: Incineroar|34/100|[from] Recoil\n|-enditem|p1a: Incineroar|Sitrus Berry|[eat]\n|-heal|p1a: Incineroar|58/100|[from] item: Sitrus Berry\n|move|p1b: Snorlax|Fissure|p2b: Queensgambit\n|-activate|p2b: Queensgambit|move: Protect\n|\n|-weather|Snowscape|[upkeep]\n|-heal|p1b: Snorlax|100/100|[from] item: Leftovers\n|upkeep\n|turn|4\n|\n|t:|1788179445\n|switch|p2a: Doggo|Lycanroc-Dusk, L50, F|100/100\n|move|p1a: Incineroar|Parting Shot|p2a: Doggo\n|-unboost|p2a: Doggo|atk|1\n|-unboost|p2a: Doggo|spa|1\n|\n|t:|1788179454\n|switch|p1a: Dragonite|Dragonite, L50, M|100/100|[from] Parting Shot\n|move|p2b: Queensgambit|Kowtow Cleave|p1b: Snorlax\n|-damage|p1b: Snorlax|38/100\n|move|p1b: Snorlax|Fissure|p2b: Queensgambit|[miss]\n|-miss|p1b: Snorlax|p2b: Queensgambit\n|\n|-weather|Snowscape|[upkeep]\n|-heal|p1b: Snorlax|44/100|[from] item: Leftovers\n|upkeep\n|turn|5\n|\n|t:|1788179476\n|switch|p2b: Froslad|Froslass-Mega, L50, F|38/100\n|move|p2a: Doggo|Close Combat|p1b: Snorlax\n|-supereffective|p1b: Snorlax|1\n|-damage|p1b: Snorlax|0 fnt\n|-unboost|p2a: Doggo|def|1\n|-unboost|p2a: Doggo|spd|1\n|faint|p1b: Snorlax\n|move|p1a: Dragonite|Low Kick|p2b: Froslad\n|-immune|p2b: Froslad\n|\n|-weather|none\n|upkeep\n|\n|t:|1788179488\n|switch|p1b: Gengar|Gengar-Mega, L50, F, shiny|100/100\n|turn|6\n|\n|t:|1788179505\n|move|p2b: Froslad|Blizzard|p1a: Dragonite|[spread] p1b\n|-miss|p2b: Froslad|p1a: Dragonite\n|-damage|p1b: Gengar|61/100\n|move|p2a: Doggo|Rock Slide|p1a: Dragonite|[spread] p1a,p1b\n|-supereffective|p1a: Dragonite|1\n|-damage|p1a: Dragonite|56/100\n|-damage|p1b: Gengar|40/100\n|move|p1b: Gengar|Shadow Ball|p2b: Froslad\n|-supereffective|p2b: Froslad|1\n|-damage|p2b: Froslad|0 fnt\n|faint|p2b: Froslad\n|move|p1a: Dragonite|Low Kick|p2a: Doggo\n|-supereffective|p2a: Doggo|1\n|-damage|p2a: Doggo|5/100\n|-damage|p1a: Dragonite|47/100|[from] item: Life Orb\n|\n|upkeep\n|\n|t:|1788179519\n|switch|p2b: Queensgambit|Kingambit, L50, F|100/100\n|turn|7\n|inactive|Master M-rada has 30 seconds left.\n|inactive|Master M-rada has 20 seconds left.\n|\n|t:|1788179555\n|move|p1b: Gengar|Protect|p1b: Gengar\n|-singleturn|p1b: Gengar|Protect\n|move|p1a: Dragonite|Extreme Speed|p2a: Doggo\n|-resisted|p2a: Doggo|1\n|-damage|p2a: Doggo|0 fnt\n|faint|p2a: Doggo\n|-damage|p1a: Dragonite|37/100|[from] item: Life Orb\n|move|p2b: Queensgambit|Kowtow Cleave|p1a: Dragonite\n|-damage|p1a: Dragonite|0 fnt\n|faint|p1a: Dragonite\n|\n|-sideend|p2: fou jedi jedi|move: Aurora Veil\n|upkeep\n|\n|t:|1788179567\n|switch|p2a: Tocicex|Sneasler, L50, F|100/100\n|switch|p1a: Incineroar|Incineroar, L50, F|58/100\n|-ability|p1a: Incineroar|Intimidate|boost\n|-unboost|p2a: Tocicex|atk|1\n|-unboost|p2b: Queensgambit|atk|1\n|-ability|p2b: Queensgambit|Defiant|boost\n|-boost|p2b: Queensgambit|atk|2\n|-enditem|p2a: Tocicex|White Herb\n|-clearnegativeboost|p2a: Tocicex|[silent]\n|turn|8\n|inactive|Master M-rada has 30 seconds left.\n|\n|t:|1788179597\n|move|p2a: Tocicex|Fake Out|p1a: Incineroar\n|-damage|p1a: Incineroar|48/100\n|cant|p1a: Incineroar|flinch\n|move|p1b: Gengar|Perish Song|p1b: Gengar\n|-start|p1a: Incineroar|perish3|[silent]\n|-start|p1b: Gengar|perish3|[silent]\n|-start|p2a: Tocicex|perish3|[silent]\n|-start|p2b: Queensgambit|perish3|[silent]\n|-fieldactivate|move: Perish Song\n|move|p2b: Queensgambit|Kowtow Cleave|p1b: Gengar\n|-supereffective|p1b: Gengar|1\n|-damage|p1b: Gengar|0 fnt\n|faint|p1b: Gengar\n|\n|-start|p2a: Tocicex|perish3\n|-start|p1a: Incineroar|perish3\n|-start|p2b: Queensgambit|perish3\n|upkeep\n|turn|9\n|\n|t:|1788179620\n|move|p1a: Incineroar|Protect|p1a: Incineroar\n|-singleturn|p1a: Incineroar|Protect\n|move|p2a: Tocicex|Close Combat|p1a: Incineroar\n|-activate|p1a: Incineroar|move: Protect\n|move|p2b: Queensgambit|Swords Dance|p2b: Queensgambit\n|-boost|p2b: Queensgambit|atk|2\n|\n|-start|p2a: Tocicex|perish2\n|-start|p1a: Incineroar|perish2\n|-start|p2b: Queensgambit|perish2\n|upkeep\n|turn|10\n|\n|t:|1788179630\n|move|p1a: Incineroar|Protect|p1a: Incineroar\n|-singleturn|p1a: Incineroar|Protect\n|move|p2b: Queensgambit|Sucker Punch||[still]\n|-fail|p2b: Queensgambit\n|move|p2a: Tocicex|Close Combat|p1a: Incineroar\n|-activate|p1a: Incineroar|move: Protect\n|\n|-start|p2a: Tocicex|perish1\n|-start|p1a: Incineroar|perish1\n|-start|p2b: Queensgambit|perish1\n|upkeep\n|turn|11\n|c|☆fou jedi jedi|You need triple protect\n|\n|t:|1788179646\n|move|p1a: Incineroar|Protect||[still]\n|-fail|p1a: Incineroar\n|move|p2b: Queensgambit|Sucker Punch||[still]\n|-fail|p2b: Queensgambit\n|move|p2a: Tocicex|Close Combat|p1a: Incineroar\n|-supereffective|p1a: Incineroar|1\n|-damage|p1a: Incineroar|0 fnt\n|-unboost|p2a: Tocicex|def|1\n|-unboost|p2a: Tocicex|spd|1\n|faint|p1a: Incineroar\n|\n|win|fou jedi jedi\n|raw|Master M-rada's rating: 1321 &rarr; <strong>1301</strong><br />(-20 for losing)\n|raw|fou jedi jedi's rating: 1322 &rarr; <strong>1342</strong><br />(+20 for winning)\n|c|☆fou jedi jedi|Ggwp\n|c|☆Master M-rada|ggs\n|c|☆Master M-rada|You play incredible\n|c|☆fou jedi jedi|Your team is for zard and floette right?\n|l|☆Master M-rada\n|player|p1|\n|c|☆fou jedi jedi|Ty very much\n|l|☆fou jedi jedi\n|player|p2|\n|j|☆fou jedi jedi\n|player|p2|fou jedi jedi|koga|\n","uploadtime":1788179701,"views":"23","formatid":"gen9championsvgc2026regmbbo3","rating":1301,"private":0,"password":null}