{"id":"gen9championsvgc2026regmbbo3-2674545776","format":"[Gen 9 Champions] VGC 2026 Reg M-B (Bo3)","players":["Cheribat","ViridianJim"],"log":"|j|☆Cheribat\n|j|☆ViridianJim\n|html|<table width=\"100%\"><tr><td align=\"left\">Cheribat</td><td align=\"right\">ViridianJim</tr><tr><td align=\"left\"><i class=\"fa fa-circle-o\"></i> <i class=\"fa fa-circle-o\"></i> </td><td align=\"right\"><i class=\"fa fa-circle-o\"></i> <i class=\"fa fa-circle-o\"></i> </tr></table>\n|uhtml|bestof|<h2><strong>Game 1</strong> of <a href=\"/game-bestof3-gen9championsvgc2026regmbbo3-2674545774\">a best-of-3</a></h2>\n|t:|1788372362\n|gametype|doubles\n|player|p1|Cheribat|waitress-gen4|1062\n|player|p2|ViridianJim|riley|1000\n|gen|9\n|tier|[Gen 9 Champions] VGC 2026 Reg M-B (Bo3)\n|rated|\n|rule|Species Clause: Limit one of each Pokémon\n|rule|Item Clause: Limit 1 of each item\n|clearpoke\n|poke|p1|Hydreigon, L50, F|\n|poke|p1|Volcarona, L50, M|\n|poke|p1|Zoroark-Hisui, L50, M|\n|poke|p1|Sneasler, L50, M|\n|poke|p1|Milotic, L50, F|\n|poke|p1|Metagross, L50|\n|poke|p2|Scovillain, L50, F|\n|poke|p2|Snorlax, L50, F|\n|poke|p2|Sneasler, L50, M|\n|poke|p2|Grimmsnarl, L50, M|\n|poke|p2|Staraptor, L50, M|\n|poke|p2|Slowking-Galar, L50, F|\n|teampreview|4\n|showteam|p1|Hydreigon||ChoiceScarf|Levitate|EarthPower,FlashCannon,DracoMeteor,DarkPulse|Modest||F|||50|]Volcarona||ChartiBerry|FlameBody|RagePowder,StruggleBug,Flamethrower,Tailwind|Bold||M|||50|]Zoroark-Hisui||FocusSash|Illusion|BitterMalice,IcyWind,Snarl,Taunt|Timid||M|||50|]Sneasler||WhiteHerb|Unburden|CloseCombat,DireClaw,FakeOut,Uturn|Adamant||M|||50|]Milotic||Leftovers|Competitive|IceBeam,Scald,Protect,Recover|Modest||F|||50|]Metagross||Metagrossite|ClearBody|MeteorMash,PsychicFangs,StompingTantrum,Protect|Jolly|||||50|\n|showteam|p2|Scovillain||Scovillainite|Insomnia|Protect,SpicyExtract,RagePowder,SuperFang|Sassy||F|||50|]Snorlax||ChestoBerry|ThickFat|BodySlam,Curse,Protect,Rest|Relaxed||F|||50|]Sneasler||FocusSash|PoisonTouch|CloseCombat,DireClaw,Coaching,Feint|Jolly||M|||50|]Grimmsnarl||ExpertBelt|Prankster|FoulPlay,ThunderPunch,IcePunch,Reflect|Brave||M|||50|]Staraptor||ChoiceScarf|Intimidate|FinalGambit,Endeavor,Tailwind,Uturn|Jolly||M|||50|]Slowking-Galar||ColburBerry|Regenerator|Psychic,HealPulse,ChillyReception,TrickRoom|Relaxed||F|||50|\n|\n|t:|1788372405\n|teamsize|p1|4\n|teamsize|p2|4\n|start\n|switch|p1a: Volcarona|Volcarona, L50, M|100/100\n|switch|p1b: Metagross|Metagross, L50|100/100\n|switch|p2a: Slowking|Slowking-Galar, L50, F|100/100\n|switch|p2b: Staraptor|Staraptor, L50, M|100/100\n|-ability|p2b: Staraptor|Intimidate|boost\n|-unboost|p1a: Volcarona|atk|1\n|-unboost|p1b: Metagross|atk|1\n|turn|1\n|\n|t:|1788372429\n|move|p2b: Staraptor|Final Gambit|p1a: Volcarona\n|-damage|p1a: Volcarona|0 fnt\n|faint|p2b: Staraptor\n|faint|p1a: Volcarona\n|move|p1b: Metagross|Taunt|p2a: Slowking\n|-start|p2a: Slowking|move: Taunt\n|cant|p2a: Slowking|move: Taunt|Trick Room\n|\n|upkeep\n|\n|t:|1788372441\n|switch|p2b: Grimmsnarl|Grimmsnarl, L50, M|100/100\n|switch|p1a: Milotic|Milotic, L50, F|100/100\n|turn|2\n|\n|t:|1788372454\n|switch|p2a: Scovillain|Scovillain, L50, F|100/100\n|move|p2b: Grimmsnarl|Reflect|p2b: Grimmsnarl\n|-sidestart|p2: ViridianJim|Reflect\n|move|p1b: Metagross|Bitter Malice|p2a: Scovillain\n|-damage|p2a: Scovillain|55/100\n|-unboost|p2a: Scovillain|atk|1\n|move|p1a: Milotic|Scald|p2b: Grimmsnarl\n|-damage|p2b: Grimmsnarl|60/100\n|\n|upkeep\n|turn|3\n|\n|t:|1788372492\n|detailschange|p2a: Scovillain|Scovillain-Mega, L50, F\n|-mega|p2a: Scovillain|Scovillain|Scovillainite\n|move|p1b: Metagross|Bitter Malice|p2a: Scovillain\n|-damage|p2a: Scovillain|18/100\n|-unboost|p2a: Scovillain|atk|1\n|-status|p1b: Metagross|brn|[from] ability: Spicy Spray|[of] p2a: Scovillain\n|move|p1a: Milotic|Scald|p2b: Grimmsnarl\n|-damage|p2b: Grimmsnarl|18/100\n|move|p2a: Scovillain|Spicy Extract|p1b: Metagross\n|-boost|p1b: Metagross|atk|2\n|-unboost|p1b: Metagross|def|2\n|move|p2b: Grimmsnarl|Foul Play|p1b: Metagross\n|-supereffective|p1b: Metagross|1\n|-enditem|p1b: Metagross|Focus Sash\n|-damage|p1b: Metagross|1/100 brn\n|replace|p1b: Zoroark|Zoroark-Hisui, L50, M\n|-end|p1b: Zoroark|Illusion\n|\n|-damage|p1b: Zoroark|0 fnt|[from] brn\n|faint|p1b: Zoroark\n|upkeep\n|\n|t:|1788372515\n|switch|p1b: Metagross|Metagross, L50|100/100\n|turn|4\n|\n|t:|1788372536\n|detailschange|p1b: Metagross|Metagross-Mega, L50\n|-mega|p1b: Metagross|Metagross|Metagrossite\n|move|p1b: Metagross|Protect|p1b: Metagross\n|-singleturn|p1b: Metagross|Protect\n|move|p2a: Scovillain|Rage Powder|p2a: Scovillain\n|-singleturn|p2a: Scovillain|move: Rage Powder\n|move|p1a: Milotic|Scald|p2a: Scovillain\n|-damage|p2a: Scovillain|0 fnt\n|-status|p1a: Milotic|brn|[from] ability: Spicy Spray|[of] p2a: Scovillain\n|faint|p2a: Scovillain\n|move|p2b: Grimmsnarl|Thunder Punch|p1a: Milotic\n|-supereffective|p1a: Milotic|1\n|-damage|p1a: Milotic|32/100 brn\n|\n|-heal|p1a: Milotic|38/100 brn|[from] item: Leftovers\n|-damage|p1a: Milotic|32/100 brn|[from] brn\n|upkeep\n|\n|t:|1788372551\n|switch|p2a: Slowking|Slowking-Galar, L50, F|100/100\n|turn|5\n|\n|t:|1788372562\n|move|p1b: Metagross|Meteor Mash|p2b: Grimmsnarl|[miss]\n|-miss|p1b: Metagross|p2b: Grimmsnarl\n|move|p1a: Milotic|Scald|p2a: Slowking\n|-damage|p2a: Slowking|71/100\n|move|p2b: Grimmsnarl|Foul Play|p1b: Metagross\n|-supereffective|p1b: Metagross|1\n|-damage|p1b: Metagross|0 fnt\n|faint|p1b: Metagross\n|move|p2a: Slowking|Heal Pulse|p2b: Grimmsnarl\n|-heal|p2b: Grimmsnarl|68/100\n|\n|-heal|p1a: Milotic|38/100 brn|[from] item: Leftovers\n|-damage|p1a: Milotic|32/100 brn|[from] brn\n|upkeep\n|turn|6\n|\n|t:|1788372581\n|move|p1a: Milotic|Recover|p1a: Milotic\n|-heal|p1a: Milotic|82/100 brn\n|move|p2b: Grimmsnarl|Thunder Punch|p1a: Milotic\n|-supereffective|p1a: Milotic|1\n|-damage|p1a: Milotic|16/100 brn\n|move|p2a: Slowking|Trick Room|p2a: Slowking\n|-fieldstart|move: Trick Room|[of] p2a: Slowking\n|\n|-heal|p1a: Milotic|22/100 brn|[from] item: Leftovers\n|-damage|p1a: Milotic|16/100 brn|[from] brn\n|-sideend|p2: ViridianJim|Reflect\n|upkeep\n|turn|7\n|c|☆Cheribat|Gg\n|\n|t:|1788372604\n|move|p2a: Slowking|Heal Pulse|p2b: Grimmsnarl\n|-heal|p2b: Grimmsnarl|100/100\n|move|p2b: Grimmsnarl|Thunder Punch|p1a: Milotic\n|-supereffective|p1a: Milotic|1\n|-damage|p1a: Milotic|0 fnt\n|faint|p1a: Milotic\n|\n|win|ViridianJim\n|inactive|Cheribat has 30 seconds to confirm battle start!\n|inactive|ViridianJim has 30 seconds to confirm battle start!\n","uploadtime":1788372612,"views":"0","formatid":"gen9championsvgc2026regmbbo3","rating":null,"private":0,"password":null}