{"id":"gen9championsvgc2026regmb-2673980858","format":"[Gen 9 Champions] VGC 2026 Reg M-B","players":["ShrimpGun","delnicotine"],"log":"|j|☆ShrimpGun\n|j|☆delnicotine\n|t:|1788284444\n|gametype|doubles\n|player|p1|ShrimpGun|fisherman-gen4|1234\n|player|p2|delnicotine|102|1181\n|gen|9\n|tier|[Gen 9 Champions] VGC 2026 Reg M-B\n|rated|\n|rule|Species Clause: Limit one of each Pokémon\n|rule|Item Clause: Limit 1 of each item\n|clearpoke\n|poke|p1|Staraptor, L50, F|\n|poke|p1|Farigiraf, L50, F, shiny|\n|poke|p1|Clawitzer, L50, M|\n|poke|p1|Arcanine-Hisui, L50, F|\n|poke|p1|Sylveon, L50, F|\n|poke|p1|Kingambit, L50, M|\n|poke|p2|Gholdengo, L50|\n|poke|p2|Farigiraf, L50, F|\n|poke|p2|Tyranitar, L50, F|\n|poke|p2|Excadrill, L50, M|\n|poke|p2|Whimsicott, L50, M|\n|poke|p2|Sneasler, L50, F|\n|teampreview|4\n|inactive|Battle timer is ON: inactive players will automatically lose when time's up. (requested by delnicotine)\n|\n|t:|1788284468\n|teamsize|p1|4\n|teamsize|p2|4\n|start\n|switch|p1a: Staraptor|Staraptor, L50, F|100/100\n|switch|p1b: Arcanine|Arcanine-Hisui, L50, F|100/100\n|switch|p2a: Sneasler|Sneasler, L50, F|100/100\n|switch|p2b: Whimsicott|Whimsicott, L50, M|100/100\n|-ability|p1a: Staraptor|Intimidate|boost\n|-unboost|p2a: Sneasler|atk|1\n|-unboost|p2b: Whimsicott|atk|1\n|-enditem|p2a: Sneasler|White Herb\n|-clearnegativeboost|p2a: Sneasler|[silent]\n|turn|1\n|\n|t:|1788284482\n|detailschange|p1a: Staraptor|Staraptor-Mega, L50, F\n|-mega|p1a: Staraptor|Staraptor|Staraptite\n|move|p1b: Arcanine|Protect|p1b: Arcanine\n|-singleturn|p1b: Arcanine|Protect\n|move|p2a: Sneasler|Fake Out|p1a: Staraptor\n|-crit|p1a: Staraptor\n|-damage|p1a: Staraptor|75/100\n|cant|p1a: Staraptor|flinch\n|move|p2b: Whimsicott|Moonblast|p1a: Staraptor\n|-supereffective|p1a: Staraptor|1\n|-damage|p1a: Staraptor|2/100\n|\n|upkeep\n|turn|2\n|inactive|delnicotine has 30 seconds left.\n|\n|t:|1788284525\n|switch|p1a: Farigiraf|Farigiraf, L50, F, shiny|100/100\n|move|p2b: Whimsicott|Encore||[still]\n|cant|p1a: Farigiraf|ability: Armor Tail|Encore|[of] p2b: Whimsicott\n|move|p2a: Sneasler|Dire Claw|p1a: Farigiraf\n|-damage|p1a: Farigiraf|54/100\n|move|p1b: Arcanine|Flare Blitz|p2a: Sneasler\n|-damage|p2a: Sneasler|0 fnt\n|faint|p2a: Sneasler\n|\n|upkeep\n|\n|t:|1788284540\n|switch|p2a: Tyranitar|Tyranitar, L50, F|100/100\n|-weather|Sandstorm|[from] ability: Sand Stream|[of] p2a: Tyranitar\n|turn|3\n|\n|t:|1788284564\n|move|p1b: Arcanine|Flare Blitz|p2b: Whimsicott\n|-supereffective|p2b: Whimsicott|1\n|-enditem|p2b: Whimsicott|Focus Sash\n|-damage|p2b: Whimsicott|1/100\n|move|p2b: Whimsicott|Moonblast|p1a: Farigiraf\n|-damage|p1a: Farigiraf|22/100\n|-enditem|p1a: Farigiraf|Sitrus Berry|[eat]\n|-heal|p1a: Farigiraf|47/100|[from] item: Sitrus Berry\n|move|p2a: Tyranitar|Knock Off|p1a: Farigiraf\n|-supereffective|p1a: Farigiraf|1\n|-damage|p1a: Farigiraf|0 fnt\n|faint|p1a: Farigiraf\n|\n|-weather|Sandstorm|[upkeep]\n|-damage|p2b: Whimsicott|0 fnt|[from] Sandstorm\n|faint|p2b: Whimsicott\n|upkeep\n|\n|t:|1788284579\n|switch|p2b: Excadrill|Excadrill, L50, M|100/100\n|switch|p1a: Staraptor|Staraptor-Mega, L50, F|2/100\n|turn|4\n|\n|t:|1788284584\n|move|p2b: Excadrill|Protect|p2b: Excadrill\n|-singleturn|p2b: Excadrill|Protect\n|move|p2a: Tyranitar|Protect|p2a: Tyranitar\n|-singleturn|p2a: Tyranitar|Protect\n|move|p1a: Staraptor|Tailwind|p1a: Staraptor\n|-sidestart|p1: ShrimpGun|move: Tailwind\n|move|p1b: Arcanine|Flare Blitz|p2b: Excadrill\n|-activate|p2b: Excadrill|move: Protect\n|\n|-weather|Sandstorm|[upkeep]\n|-damage|p1a: Staraptor|0 fnt|[from] Sandstorm\n|faint|p1a: Staraptor\n|upkeep\n|\n|t:|1788284586\n|switch|p1a: Clawitzer|Clawitzer, L50, M|100/100\n|turn|5\n|inactive|delnicotine has 30 seconds left.\n|\n|t:|1788284612\n|move|p1b: Arcanine|Flare Blitz|p2b: Excadrill\n|-supereffective|p2b: Excadrill|1\n|-damage|p2b: Excadrill|0 fnt\n|faint|p2b: Excadrill\n|move|p1a: Clawitzer|Aura Sphere|p2a: Tyranitar\n|-supereffective|p2a: Tyranitar|2\n|-enditem|p2a: Tyranitar|Chople Berry|[eat]\n|-enditem|p2a: Tyranitar|Chople Berry|[weaken]\n|-damage|p2a: Tyranitar|39/100\n|-damage|p1a: Clawitzer|90/100|[from] item: Life Orb\n|move|p2a: Tyranitar|Knock Off|p1a: Clawitzer\n|-damage|p1a: Clawitzer|17/100\n|-enditem|p1a: Clawitzer|Life Orb|[from] move: Knock Off|[of] p2a: Tyranitar\n|\n|-weather|Sandstorm|[upkeep]\n|-damage|p1a: Clawitzer|11/100|[from] Sandstorm\n|upkeep\n|turn|6\n|\n|t:|1788284630\n|move|p1b: Arcanine|Head Smash|p2a: Tyranitar\n|-damage|p2a: Tyranitar|0 fnt\n|faint|p2a: Tyranitar\n|\n|win|ShrimpGun\n|raw|ShrimpGun's rating: 1234 &rarr; <strong>1255</strong><br />(+21 for winning)\n|raw|delnicotine's rating: 1181 &rarr; <strong>1160</strong><br />(-21 for losing)\n","uploadtime":1788284632,"views":"2","formatid":"gen9championsvgc2026regmb","rating":1160,"private":0,"password":null}