{"id":"gen9championsvgc2026regmb-2674285076","format":"[Gen 9 Champions] VGC 2026 Reg M-B","players":["Noobiedoobie537","Cozmo18"],"log":"|j|☆Noobiedoobie537\n|j|☆Cozmo18\n|t:|1788331649\n|gametype|doubles\n|player|p1|Noobiedoobie537|lucas-gen4pt|1248\n|player|p2|Cozmo18|hilbert|1249\n|gen|9\n|tier|[Gen 9 Champions] VGC 2026 Reg M-B\n|rated|\n|rule|Species Clause: Limit one of each Pokémon\n|rule|Item Clause: Limit 1 of each item\n|clearpoke\n|poke|p1|Reuniclus, L50, F, shiny|\n|poke|p1|Farigiraf, L50, F|\n|poke|p1|Sneasler, L50, M|\n|poke|p1|Pelipper, L50, M|\n|poke|p1|Swampert, L50, M|\n|poke|p1|Mawile, L50, M|\n|poke|p2|Grimmsnarl, L50, M|\n|poke|p2|Raichu, L50, F|\n|poke|p2|Tyranitar, L50, F|\n|poke|p2|Annihilape, L50, F|\n|poke|p2|Corviknight, L50, M|\n|poke|p2|Rotom-Heat, L50|\n|teampreview|4\nNoobiedoobie537 has agreed to open team sheets.\n|inactive|Battle timer is ON: inactive players will automatically lose when time's up. (requested by Noobiedoobie537)\n|\n|t:|1788331673\n|teamsize|p1|4\n|teamsize|p2|4\n|start\n|switch|p1a: fraud|Pelipper, L50, M|100/100\n|switch|p1b: john wave crash|Swampert, L50, M|100/100\n|switch|p2a: Grimmsnarl|Grimmsnarl, L50, M|100/100\n|switch|p2b: Annihilape|Annihilape, L50, F|100/100\n|-weather|RainDance|[from] ability: Drizzle|[of] p1a: fraud\n|turn|1\n|inactive|Cozmo18 has 30 seconds left.\n|\n|t:|1788331704\n|switch|p2b: Corviknight|Corviknight, L50, M|100/100\n|detailschange|p1b: john wave crash|Swampert-Mega, L50, M\n|-mega|p1b: john wave crash|Swampert|Swampertite\n|move|p1b: john wave crash|Protect|p1b: john wave crash\n|-singleturn|p1b: john wave crash|Protect\n|move|p2a: Grimmsnarl|Reflect|p2a: Grimmsnarl\n|-sidestart|p2: Cozmo18|Reflect\n|move|p1a: fraud|Tailwind|p1a: fraud\n|-sidestart|p1: Noobiedoobie537|move: Tailwind\n|\n|-weather|RainDance|[upkeep]\n|upkeep\n|turn|2\n|\n|t:|1788331721\n|move|p2a: Grimmsnarl|Light Screen|p2a: Grimmsnarl\n|-sidestart|p2: Cozmo18|move: Light Screen\n|move|p1b: john wave crash|Wave Crash|p2b: Corviknight\n|-damage|p2b: Corviknight|47/100\n|-enditem|p2b: Corviknight|Sitrus Berry|[eat]\n|-heal|p2b: Corviknight|72/100|[from] item: Sitrus Berry\n|-damage|p1b: john wave crash|81/100|[from] Recoil\n|move|p1a: fraud|Weather Ball|p2b: Corviknight\n|-damage|p2b: Corviknight|25/100\n|move|p2b: Corviknight|Tailwind|p2b: Corviknight\n|-sidestart|p2: Cozmo18|move: Tailwind\n|\n|-weather|RainDance|[upkeep]\n|upkeep\n|turn|3\n|\n|t:|1788331736\n|move|p2a: Grimmsnarl|Parting Shot|p1b: john wave crash\n|-unboost|p1b: john wave crash|atk|1\n|-unboost|p1b: john wave crash|spa|1\n|\n|t:|1788331739\n|switch|p2a: Annihilape|Annihilape, L50, F|100/100|[from] Parting Shot\n|move|p1b: john wave crash|Earthquake|p2b: Corviknight|[spread] p2a\n|-immune|p1a: fraud\n|-immune|p2b: Corviknight\n|-damage|p2a: Annihilape|78/100\n|move|p2b: Corviknight|Roost|p2b: Corviknight\n|-heal|p2b: Corviknight|76/100\n|-singleturn|p2b: Corviknight|move: Roost\n|move|p1a: fraud|Weather Ball|p2b: Corviknight\n|-damage|p2b: Corviknight|34/100\n|\n|-weather|RainDance|[upkeep]\n|-heal|p2a: Annihilape|83/100|[from] item: Leftovers\n|upkeep\n|turn|4\n|inactive|Cozmo18 has 30 seconds left.\n|\n|t:|1788331770\n|switch|p2b: Grimmsnarl|Grimmsnarl, L50, M|100/100\n|move|p2a: Annihilape|Protect|p2a: Annihilape\n|-singleturn|p2a: Annihilape|Protect\n|move|p1b: john wave crash|Wave Crash|p2b: Grimmsnarl\n|-damage|p2b: Grimmsnarl|50/100g\n|-damage|p1b: john wave crash|64/100|[from] Recoil\n|move|p1a: fraud|Hurricane|p2a: Annihilape\n|-activate|p2a: Annihilape|move: Protect\n|\n|-weather|RainDance|[upkeep]\n|-heal|p2a: Annihilape|89/100|[from] item: Leftovers\n|-sideend|p1: Noobiedoobie537|move: Tailwind\n|upkeep\n|turn|5\n|\n|t:|1788331793\n|move|p2b: Grimmsnarl|Parting Shot|p1a: fraud\n|-unboost|p1a: fraud|atk|1\n|-unboost|p1a: fraud|spa|1\n|\n|t:|1788331798\n|switch|p2b: Corviknight|Corviknight, L50, M|34/100|[from] Parting Shot\n|move|p2a: Annihilape|Rage Fist|p1b: john wave crash\n|-crit|p1b: john wave crash\n|-damage|p1b: john wave crash|2/100\n|move|p1b: john wave crash|Wave Crash|p2a: Annihilape\n|-damage|p2a: Annihilape|29/100\n|-damage|p1b: john wave crash|0 fnt|[from] Recoil\n|faint|p1b: john wave crash\n|move|p1a: fraud|Hurricane|p2a: Annihilape\n|-supereffective|p2a: Annihilape|1\n|-damage|p2a: Annihilape|0 fnt\n|faint|p2a: Annihilape\n|\n|-weather|none\n|-sideend|p2: Cozmo18|move: Tailwind\n|upkeep\n|\n|t:|1788331815\n|switch|p2a: Rotom|Rotom-Heat, L50|100/100\n|switch|p1b: Harryhardtr|Farigiraf, L50, F|100/100\n|turn|6\n|\n|t:|1788331828\n|switch|p1a: evil mf|Sneasler, L50, M|100/100\n|move|p2a: Rotom|Electroweb|p1b: Harryhardtr|[spread] p1a,p1b\n|-damage|p1a: evil mf|70/100\n|-damage|p1b: Harryhardtr|80/100\n|-unboost|p1a: evil mf|spe|1\n|-unboost|p1b: Harryhardtr|spe|1\n|-damage|p2a: Rotom|90/100|[from] item: Life Orb\n|-enditem|p1a: evil mf|White Herb\n|-clearnegativeboost|p1a: evil mf|[silent]\n|move|p2b: Corviknight|Roost|p2b: Corviknight\n|-heal|p2b: Corviknight|84/100\n|-singleturn|p2b: Corviknight|move: Roost\n|move|p1b: Harryhardtr|Psychic|p2a: Rotom\n|-damage|p2a: Rotom|63/100\n|\n|upkeep\n|turn|7\n|\n|t:|1788331851\n|move|p1a: evil mf|Fake Out|p2b: Corviknight\n|-resisted|p2b: Corviknight|1\n|-damage|p2b: Corviknight|80/100\n|move|p2a: Rotom|Electroweb|p1a: evil mf|[spread] p1a,p1b\n|-damage|p1a: evil mf|44/100\n|-damage|p1b: Harryhardtr|61/100\n|-unboost|p1a: evil mf|spe|1\n|-unboost|p1b: Harryhardtr|spe|1\n|-damage|p2a: Rotom|53/100|[from] item: Life Orb\n|cant|p2b: Corviknight|flinch\n|move|p1b: Harryhardtr|Psychic|p2a: Rotom\n|-damage|p2a: Rotom|27/100\n|\n|upkeep\n|turn|8\n|\n|t:|1788331874\n|move|p1a: evil mf|Close Combat|p2b: Corviknight\n|-damage|p2b: Corviknight|48/100\n|-unboost|p1a: evil mf|def|1\n|-unboost|p1a: evil mf|spd|1\n|move|p2a: Rotom|Electroweb|p1b: Harryhardtr|[spread] p1a,p1b\n|-damage|p1a: evil mf|1/100\n|-damage|p1b: Harryhardtr|43/100\n|-unboost|p1a: evil mf|spe|1\n|-unboost|p1b: Harryhardtr|spe|1\n|-enditem|p1b: Harryhardtr|Sitrus Berry|[eat]\n|-heal|p1b: Harryhardtr|68/100|[from] item: Sitrus Berry\n|-damage|p2a: Rotom|17/100|[from] item: Life Orb\n|move|p2b: Corviknight|Brave Bird|p1b: Harryhardtr\n|-damage|p1b: Harryhardtr|35/100\n|-damage|p2b: Corviknight|37/100|[from] Recoil\n|move|p1b: Harryhardtr|Trick Room|p1b: Harryhardtr\n|-fieldstart|move: Trick Room|[of] p1b: Harryhardtr\n|\n|-sideend|p2: Cozmo18|Reflect\n|upkeep\n|turn|9\n|\n|t:|1788331889\n|switch|p2a: Grimmsnarl|Grimmsnarl, L50, M|50/100g\n|move|p1b: Harryhardtr|Psychic|p2a: Grimmsnarl\n|-immune|p2a: Grimmsnarl\n|move|p2b: Corviknight|Roost|p2b: Corviknight\n|-heal|p2b: Corviknight|87/100\n|-singleturn|p2b: Corviknight|move: Roost\n|move|p1a: evil mf|Close Combat|p2b: Corviknight\n|-supereffective|p2b: Corviknight|1\n|-damage|p2b: Corviknight|0 fnt\n|-unboost|p1a: evil mf|def|1\n|-unboost|p1a: evil mf|spd|1\n|faint|p2b: Corviknight\n|\n|-sideend|p2: Cozmo18|move: Light Screen\n|upkeep\n|\n|t:|1788331900\n|switch|p2b: Rotom|Rotom-Heat, L50|17/100\n|turn|10\n|\n|t:|1788331907\n|move|p2a: Grimmsnarl|Reflect|p2a: Grimmsnarl\n|-sidestart|p2: Cozmo18|Reflect\n|move|p1b: Harryhardtr|Psychic|p2b: Rotom\n|-damage|p2b: Rotom|0 fnt\n|faint|p2b: Rotom\n|move|p1a: evil mf|Dire Claw|p2a: Grimmsnarl\n|-supereffective|p2a: Grimmsnarl|1\n|-damage|p2a: Grimmsnarl|0 fnt\n|faint|p2a: Grimmsnarl\n|\n|win|Noobiedoobie537\n|raw|Noobiedoobie537's rating: 1248 &rarr; <strong>1273</strong><br />(+25 for winning)\n|raw|Cozmo18's rating: 1249 &rarr; <strong>1224</strong><br />(-25 for losing)\n","uploadtime":1788331917,"views":"7","formatid":"gen9championsvgc2026regmb","rating":1224,"private":0,"password":null}