{"id":"gen9championsvgc2026regmb-2674718395","format":"[Gen 9 Champions] VGC 2026 Reg M-B","players":["Gfhgfhdg","wearifulpoet"],"log":"|j|☆Gfhgfhdg\n|j|☆wearifulpoet\n|t:|1788395381\n|gametype|doubles\n|player|p1|Gfhgfhdg|265|1487\n|player|p2|wearifulpoet|266|1394\n|gen|9\n|tier|[Gen 9 Champions] VGC 2026 Reg M-B\n|rated|\n|rule|Species Clause: Limit one of each Pokémon\n|rule|Item Clause: Limit 1 of each item\n|clearpoke\n|poke|p1|Scovillain, L50, F|\n|poke|p1|Talonflame, L50, F|\n|poke|p1|Garchomp, L50, F|\n|poke|p1|Raichu, L50, F|\n|poke|p1|Sylveon, L50, M|\n|poke|p1|Azumarill, L50, F|\n|poke|p2|Charizard, L50, F|\n|poke|p2|Whimsicott, L50, M|\n|poke|p2|Garchomp, L50, F|\n|poke|p2|Floette-Eternal, L50, F|\n|poke|p2|Basculegion, L50, M|\n|poke|p2|Kingambit, L50, F|\n|teampreview|4\n|\n|t:|1788395412\n|teamsize|p1|4\n|teamsize|p2|4\n|start\n|switch|p1a: Talonflame|Talonflame, L50, F|100/100\n|switch|p1b: Garchomp|Garchomp, L50, F|100/100\n|switch|p2a: Charizard|Charizard, L50, F|100/100\n|switch|p2b: Garchomp|Garchomp, L50, F|100/100\n|turn|1\n|\n|t:|1788395430\n|detailschange|p2a: Charizard|Charizard-Mega-Y, L50, F\n|-mega|p2a: Charizard|Charizard|Charizardite Y\n|-weather|SunnyDay|[from] ability: Drought|[of] p2a: Charizard\n|move|p1a: Talonflame|Tailwind|p1a: Talonflame\n|-sidestart|p1: Gfhgfhdg|move: Tailwind\n|move|p1b: Garchomp|Dragon Claw|p2b: Garchomp\n|-supereffective|p2b: Garchomp|1\n|-damage|p2b: Garchomp|12/100\n|-damage|p1b: Garchomp|87/100|[from] ability: Rough Skin|[of] p2b: Garchomp\n|-enditem|p2b: Garchomp|Sitrus Berry|[eat]\n|-heal|p2b: Garchomp|37/100|[from] item: Sitrus Berry\n|-damage|p1b: Garchomp|77/100|[from] item: Life Orb\n|move|p2b: Garchomp|Dragon Claw|p1b: Garchomp\n|-supereffective|p1b: Garchomp|1\n|-damage|p1b: Garchomp|0 fnt\n|-damage|p2b: Garchomp|25/100|[from] ability: Rough Skin|[of] p1b: Garchomp\n|faint|p1b: Garchomp\n|move|p2a: Charizard|Ancient Power|p1a: Talonflame\n|-supereffective|p1a: Talonflame|2\n|-damage|p1a: Talonflame|0 fnt\n|faint|p1a: Talonflame\n|\n|-weather|SunnyDay|[upkeep]\n|upkeep\n|\n|t:|1788395448\n|switch|p1a: Raichu|Raichu, L50, F|100/100\n|switch|p1b: Sylveon|Sylveon, L50, M|100/100\n|turn|2\n|\n|t:|1788395462\n|detailschange|p1a: Raichu|Raichu-Mega-Y, L50, F\n|-mega|p1a: Raichu|Raichu|Raichunite Y\n|move|p2b: Garchomp|Protect|p2b: Garchomp\n|-singleturn|p2b: Garchomp|Protect\n|move|p2a: Charizard|Protect|p2a: Charizard\n|-singleturn|p2a: Charizard|Protect\n|move|p1a: Raichu|Zap Cannon|p2a: Charizard\n|-activate|p2a: Charizard|move: Protect\n|move|p1b: Sylveon|Hyper Voice|p2b: Garchomp|[spread] \n|-activate|p2a: Charizard|move: Protect\n|-activate|p2b: Garchomp|move: Protect\n|\n|-weather|SunnyDay|[upkeep]\n|upkeep\n|turn|3\n|\n|t:|1788395481\n|switch|p2b: Basculegion|Basculegion, L50, M|100/100\n|switch|p2a: Kingambit|Kingambit, L50, F|100/100\n|move|p1a: Raichu|Zap Cannon|p2a: Kingambit\n|-damage|p2a: Kingambit|26/100\n|-status|p2a: Kingambit|par\n|move|p1b: Sylveon|Hyper Voice|p2a: Kingambit|[spread] p2a,p2b\n|-damage|p2a: Kingambit|0 fnt\n|-damage|p2b: Basculegion|45/100\n|faint|p2a: Kingambit\n|\n|-weather|SunnyDay|[upkeep]\n|upkeep\n|\n|t:|1788395494\n|switch|p2a: Garchomp|Garchomp, L50, F|25/100\n|turn|4\n|\n|t:|1788395500\n|move|p1a: Raichu|Protect|p1a: Raichu\n|-singleturn|p1a: Raichu|Protect\n|move|p2a: Garchomp|Protect|p2a: Garchomp\n|-singleturn|p2a: Garchomp|Protect\n|move|p2b: Basculegion|Aqua Jet|p1a: Raichu\n|-activate|p1a: Raichu|move: Protect\n|move|p1b: Sylveon|Hyper Voice|p2b: Basculegion|[spread] p2b\n|-activate|p2a: Garchomp|move: Protect\n|-damage|p2b: Basculegion|0 fnt\n|faint|p2b: Basculegion\n|\n|-weather|SunnyDay|[upkeep]\n|-sideend|p1: Gfhgfhdg|move: Tailwind\n|upkeep\n|\n|t:|1788395503\n|switch|p2b: Charizard|Charizard-Mega-Y, L50, F|100/100\n|turn|5\n|\n|t:|1788395513\n|move|p1a: Raichu|Zap Cannon|p2b: Charizard\n|-supereffective|p2b: Charizard|1\n|-damage|p2b: Charizard|0 fnt\n|faint|p2b: Charizard\n|move|p2a: Garchomp|Earthquake|p1a: Raichu|[spread] p1a,p1b\n|-supereffective|p1a: Raichu|1\n|-damage|p1a: Raichu|0 fnt\n|-damage|p1b: Sylveon|58/100\n|faint|p1a: Raichu\n|move|p1b: Sylveon|Hyper Voice|p2a: Garchomp\n|-supereffective|p2a: Garchomp|1\n|-damage|p2a: Garchomp|0 fnt\n|faint|p2a: Garchomp\n|\n|win|Gfhgfhdg\n|raw|Gfhgfhdg's rating: 1487 &rarr; <strong>1502</strong><br />(+15 for winning)\n|raw|wearifulpoet's rating: 1394 &rarr; <strong>1379</strong><br />(-15 for losing)\n|l|☆Gfhgfhdg\n|player|p1|\n|c|☆wearifulpoet|gg\n","uploadtime":1788395526,"views":"2","formatid":"gen9championsvgc2026regmb","rating":1379,"private":0,"password":null}