{"id":"gen9championsvgc2026regmbbo3-2673276940","format":"[Gen 9 Champions] VGC 2026 Reg M-B (Bo3)","players":["humania1","marcosqb05"],"log":"|j|☆humania1\n|j|☆marcosqb05\n|html|<table width=\"100%\"><tr><td align=\"left\">humania1</td><td align=\"right\">marcosqb05</tr><tr><td align=\"left\"><i class=\"fa fa-circle-o\"></i> <i class=\"fa fa-circle-o\"></i> </td><td align=\"right\"><i class=\"fa fa-circle-o\"></i> <i class=\"fa fa-circle-o\"></i> </tr></table>\n|uhtml|bestof|<h2><strong>Game 1</strong> of <a href=\"/game-bestof3-gen9championsvgc2026regmbbo3-2673276939\">a best-of-3</a></h2>\n|t:|1788175298\n|gametype|doubles\n|player|p1|humania1|170|1000\n|player|p2|marcosqb05|hilbert-wonderlauncher|1120\n|gen|9\n|tier|[Gen 9 Champions] VGC 2026 Reg M-B (Bo3)\n|rated|\n|rule|Species Clause: Limit one of each Pokémon\n|rule|Item Clause: Limit 1 of each item\n|clearpoke\n|poke|p1|Blastoise, L50, F|\n|poke|p1|Delphox, L50, M, shiny|\n|poke|p1|Incineroar, L50, F|\n|poke|p1|Sinistcha, L50|\n|poke|p1|Sneasler, L50, F|\n|poke|p1|Vivillon, L50, F|\n|poke|p2|Staraptor, L50, M|\n|poke|p2|Raichu, L50, F|\n|poke|p2|Sylveon, L50, M|\n|poke|p2|Farigiraf, L50, F|\n|poke|p2|Arcanine-Hisui, L50, F|\n|poke|p2|Kingambit, L50, F|\n|teampreview|4\n|showteam|p1|Blastoise||Blastoisinite|Torrent|Protect,ShellSmash,WaterSpout,DarkPulse|Modest||F|||50|]Delphox||Delphoxite|Blaze|Protect,HeatWave,Psyshock,NastyPlot|Timid||M|||50|]Incineroar||PasshoBerry|Intimidate|FakeOut,PartingShot,FlareBlitz,ThroatChop|Impish||F|||50|]Sinistcha||SitrusBerry|Hospitality|Protect,MatchaGotcha,TrickRoom,RagePowder|Bold|||||50|]Sneasler||FocusSash|PoisonTouch|QuickGuard,FakeOut,CloseCombat,DireClaw|Jolly||F|||50|]Vivillon||ChoiceScarf|CompoundEyes|Hurricane,SleepPowder,RagePowder,Uturn|Timid||F|||50|\n|showteam|p2|Staraptor||Staraptite|Intimidate|Protect,Tailwind,CloseCombat,DualWingbeat|Jolly||M|||50|]Raichu||RaichuniteY|LightningRod|Protect,ZapCannon,FocusBlast,FakeOut|Timid||F|||50|]Sylveon||FairyFeather|Pixilate|Detect,HyperBeam,HyperVoice,QuickAttack|Modest||M|||50|]Farigiraf||SitrusBerry|ArmorTail|TrickRoom,HelpingHand,Psychic,Thunderbolt|Relaxed||F|||50|]Arcanine-Hisui||FocusSash|RockHead|Protect,HeadSmash,ExtremeSpeed,FlareBlitz|Adamant||F|||50|]Kingambit||LifeOrb|Defiant|Protect,SuckerPunch,IronHead,KowtowCleave|Adamant||F|||50|\n|\n|t:|1788175391\n|teamsize|p1|4\n|teamsize|p2|4\n|start\n|switch|p1a: Delphox|Delphox, L50, M, shiny|100/100\n|switch|p1b: Incineroar|Incineroar, L50, F|100/100\n|switch|p2a: Staraptor|Staraptor, L50, M|100/100\n|switch|p2b: Sylveon|Sylveon, L50, M|100/100\n|-ability|p2a: Staraptor|Intimidate|boost\n|-unboost|p1a: Delphox|atk|1\n|-unboost|p1b: Incineroar|atk|1\n|-ability|p1b: Incineroar|Intimidate|boost\n|-unboost|p2a: Staraptor|atk|1\n|-unboost|p2b: Sylveon|atk|1\n|turn|1\n|\n|t:|1788175406\n|switch|p2b: Farigiraf|Farigiraf, L50, F|100/100\n|detailschange|p2a: Staraptor|Staraptor-Mega, L50, M\n|-mega|p2a: Staraptor|Staraptor|Staraptite\n|move|p2a: Staraptor|Tailwind|p2a: Staraptor\n|-sidestart|p2: marcosqb05|move: Tailwind\n|move|p1a: Delphox|Psyshock|p2a: Staraptor\n|-supereffective|p2a: Staraptor|1\n|-damage|p2a: Staraptor|13/100\n|move|p1b: Incineroar|Flare Blitz|p2a: Staraptor\n|-damage|p2a: Staraptor|0 fnt\n|faint|p2a: Staraptor\n|-damage|p1b: Incineroar|96/100|[from] Recoil\n|\n|upkeep\n|\n|t:|1788175427\n|switch|p2a: Sylveon|Sylveon, L50, M|100/100\n|turn|2\n|\n|t:|1788175453\n|move|p2b: Farigiraf|Helping Hand|p2a: Sylveon\n|-singleturn|p2a: Sylveon|Helping Hand|[of] p2b: Farigiraf\n|move|p2a: Sylveon|Hyper Voice|p1a: Delphox|[spread] p1a,p1b\n|-resisted|p1a: Delphox|1\n|-damage|p1a: Delphox|66/100\n|-damage|p1b: Incineroar|34/100\n|move|p1a: Delphox|Psyshock|p2a: Sylveon\n|-damage|p2a: Sylveon|60/100\n|move|p1b: Incineroar|Parting Shot|p2a: Sylveon\n|-unboost|p2a: Sylveon|atk|1\n|-unboost|p2a: Sylveon|spa|1\n|\n|t:|1788175453\n|switch|p1b: Sneasler|Sneasler, L50, F|100/100|[from] Parting Shot\n|\n|upkeep\n|turn|3\n|\n|t:|1788175478\n|switch|p1a: Incineroar|Incineroar, L50, F|34/100\n|-ability|p1a: Incineroar|Intimidate|boost\n|-unboost|p2a: Sylveon|atk|1\n|-unboost|p2b: Farigiraf|atk|1\n|move|p2a: Sylveon|Detect|p2a: Sylveon\n|-singleturn|p2a: Sylveon|Protect\n|move|p1b: Sneasler|Dire Claw|p2a: Sylveon\n|-activate|p2a: Sylveon|move: Protect\n|move|p2b: Farigiraf|Thunderbolt|p1b: Sneasler\n|-damage|p1b: Sneasler|69/100\n|\n|upkeep\n|turn|4\n|\n|t:|1788175510\n|switch|p2a: Kingambit|Kingambit, L50, F|100/100\n|switch|p1a: Sinistcha|Sinistcha, L50|100/100\n|-heal|p1b: Sneasler|94/100|[from] ability: Hospitality|[of] p1a: Sinistcha\n|move|p1b: Sneasler|Dire Claw|p2a: Kingambit\n|-immune|p2a: Kingambit\n|move|p2b: Farigiraf|Psychic|p1b: Sneasler\n|-supereffective|p1b: Sneasler|2\n|-damage|p1b: Sneasler|0 fnt\n|faint|p1b: Sneasler\n|\n|-sideend|p2: marcosqb05|move: Tailwind\n|upkeep\n|\n|t:|1788175511\n|switch|p1b: Delphox|Delphox, L50, M, shiny|66/100\n|turn|5\n|\n|t:|1788175545\n|move|p1b: Delphox|Protect|p1b: Delphox\n|-singleturn|p1b: Delphox|Protect\n|move|p2a: Kingambit|Protect|p2a: Kingambit\n|-singleturn|p2a: Kingambit|Protect\n|move|p1a: Sinistcha|Trick Room|p1a: Sinistcha\n|-fieldstart|move: Trick Room|[of] p1a: Sinistcha\n|move|p2b: Farigiraf|Trick Room|p2b: Farigiraf\n|-fieldend|move: Trick Room\n|\n|upkeep\n|turn|6\n|\n|t:|1788175569\n|switch|p1b: Incineroar|Incineroar, L50, F|34/100\n|-ability|p1b: Incineroar|Intimidate|boost\n|-unboost|p2a: Kingambit|atk|1\n|-ability|p2a: Kingambit|Defiant|boost\n|-boost|p2a: Kingambit|atk|2\n|-unboost|p2b: Farigiraf|atk|1\n|move|p2a: Kingambit|Sucker Punch||[still]\n|-fail|p2a: Kingambit\n|move|p2b: Farigiraf|Thunderbolt|p1b: Incineroar\n|-damage|p1b: Incineroar|11/100\n|move|p1a: Sinistcha|Trick Room|p1a: Sinistcha\n|-fieldstart|move: Trick Room|[of] p1a: Sinistcha\n|\n|upkeep\n|turn|7\n|\n|t:|1788175602\n|switch|p1a: Delphox|Delphox, L50, M, shiny|66/100\n|move|p2b: Farigiraf|Psychic|p1a: Delphox\n|-resisted|p1a: Delphox|1\n|-damage|p1a: Delphox|47/100\n|move|p2a: Kingambit|Kowtow Cleave|p1b: Incineroar\n|-resisted|p1b: Incineroar|1\n|-damage|p1b: Incineroar|0 fnt\n|faint|p1b: Incineroar\n|-damage|p2a: Kingambit|90/100|[from] item: Life Orb\n|\n|upkeep\n|\n|t:|1788175602\n|switch|p1b: Sinistcha|Sinistcha, L50|100/100\n|-heal|p1a: Delphox|71/100|[from] ability: Hospitality|[of] p1b: Sinistcha\n|turn|8\n|\n|t:|1788175637\n|move|p1b: Sinistcha|Rage Powder|p1b: Sinistcha\n|-singleturn|p1b: Sinistcha|move: Rage Powder\n|move|p2b: Farigiraf|Psychic|p1b: Sinistcha\n|-damage|p1b: Sinistcha|71/100\n|move|p2a: Kingambit|Kowtow Cleave|p1b: Sinistcha\n|-supereffective|p1b: Sinistcha|1\n|-damage|p1b: Sinistcha|0 fnt\n|faint|p1b: Sinistcha\n|-damage|p2a: Kingambit|80/100|[from] item: Life Orb\n|move|p1a: Delphox|Heat Wave|p2b: Farigiraf|[spread] p2a,p2b\n|-supereffective|p2a: Kingambit|1\n|-damage|p2a: Kingambit|20/100y\n|-damage|p2b: Farigiraf|70/100\n|\n|upkeep\n|turn|9\n|c|☆marcosqb05|u didnt megaevolute\n|\n|t:|1788175689\n|move|p2b: Farigiraf|Thunderbolt|p1a: Delphox\n|-damage|p1a: Delphox|48/100\n|move|p2a: Kingambit|Kowtow Cleave|p1a: Delphox\n|-supereffective|p1a: Delphox|1\n|-damage|p1a: Delphox|0 fnt\n|faint|p1a: Delphox\n|-damage|p2a: Kingambit|11/100|[from] item: Life Orb\n|\n|win|marcosqb05\n","uploadtime":1788175690,"views":"1","formatid":"gen9championsvgc2026regmbbo3","rating":null,"private":0,"password":null}