{"id":"gen9championsvgc2026regmb-2673870553","format":"[Gen 9 Champions] VGC 2026 Reg M-B","players":["SkillsElite44","Keygki"],"log":"|j|☆SkillsElite44\n|j|☆Keygki\n|t:|1788271133\n|gametype|doubles\n|player|p1|SkillsElite44|n|1681\n|player|p2|Keygki|erika|1717\n|gen|9\n|tier|[Gen 9 Champions] VGC 2026 Reg M-B\n|rated|\n|rule|Species Clause: Limit one of each Pokémon\n|rule|Item Clause: Limit 1 of each item\n|clearpoke\n|poke|p1|Ninetales-Alola, L50, F, shiny|\n|poke|p1|Kingambit, L50, M, shiny|\n|poke|p1|Glimmora, L50, F, shiny|\n|poke|p1|Kommo-o, L50, M|\n|poke|p1|Whimsicott, L50, F, shiny|\n|poke|p1|Basculegion, L50, M, shiny|\n|poke|p2|Froslass, L50, F|\n|poke|p2|Rotom-Heat, L50, shiny|\n|poke|p2|Kingambit, L50, M, shiny|\n|poke|p2|Glimmora, L50, M|\n|poke|p2|Whimsicott, L50, F|\n|poke|p2|Garchomp, L50, F|\n|teampreview|4\n|inactive|Battle timer is ON: inactive players will automatically lose when time's up. (requested by SkillsElite44)\n|inactive|Keygki has 60 seconds left.\n|\n|t:|1788271170\n|teamsize|p1|4\n|teamsize|p2|4\n|start\n|switch|p1a: Glimmora|Glimmora, L50, F, shiny|100/100\n|switch|p1b: Whimsicott|Whimsicott, L50, F, shiny|100/100\n|switch|p2a: Kingambit|Kingambit, L50, M, shiny|100/100\n|switch|p2b: Rotom|Rotom-Heat, L50, shiny|100/100\n|turn|1\n|inactive|Keygki has 30 seconds left.\n|\n|t:|1788271197\n|switch|p1b: Kommo-o|Kommo-o, L50, M|100/100\n|move|p1a: Glimmora|Spiky Shield|p1a: Glimmora\n|-singleturn|p1a: Glimmora|move: Protect\n|move|p2b: Rotom|Volt Switch|p1a: Glimmora\n|-activate|p1a: Glimmora|move: Protect\n|move|p2a: Kingambit|Iron Head|p1b: Kommo-o\n|-damage|p1b: Kommo-o|57/100\n|\n|upkeep\n|turn|2\n|\n|t:|1788271217\n|switch|p2a: Froslass|Froslass, L50, F|100/100\n|detailschange|p1a: Glimmora|Glimmora-Mega, L50, F, shiny\n|-mega|p1a: Glimmora|Glimmora|Glimmoranite\n|move|p2b: Rotom|Volt Switch|p1a: Glimmora\n|-damage|p1a: Glimmora|62/100\n|\n|t:|1788271224\n|switch|p2b: Whimsicott|Whimsicott, L50, F|100/100|[from] Volt Switch\n|move|p1a: Glimmora|Earth Power|p2a: Froslass\n|-damage|p2a: Froslass|45/100\n|-start|p1a: Glimmora|Disable|Earth Power|[from] ability: Cursed Body|[of] p2a: Froslass\n|move|p1b: Kommo-o|Aura Sphere|p2a: Froslass\n|-immune|p2a: Froslass\n|\n|upkeep\n|turn|3\n|\n|t:|1788271248\n|switch|p1b: Kingambit|Kingambit, L50, M, shiny|100/100\n|detailschange|p2a: Froslass|Froslass-Mega, L50, F\n|-mega|p2a: Froslass|Froslass|Froslassite\n|-weather|Snowscape|[from] ability: Snow Warning|[of] p2a: Froslass\n|move|p1a: Glimmora|Spiky Shield|p1a: Glimmora\n|-singleturn|p1a: Glimmora|move: Protect\n|move|p2b: Whimsicott|Tailwind|p2b: Whimsicott\n|-sidestart|p2: Keygki|move: Tailwind\n|move|p2a: Froslass|Blizzard|p1a: Glimmora|[spread] p1b\n|-activate|p1a: Glimmora|move: Protect\n|-resisted|p1b: Kingambit|1\n|-damage|p1b: Kingambit|84/100\n|\n|-weather|Snowscape|[upkeep]\n|upkeep\n|turn|4\n|inactive|SkillsElite44 has 30 seconds left.\n|\n|t:|1788271278\n|switch|p2b: Kingambit|Kingambit, L50, M, shiny|100/100\n|switch|p1a: Whimsicott|Whimsicott, L50, F, shiny|100/100\n|move|p2a: Froslass|Aurora Veil|p2a: Froslass\n|-sidestart|p2: Keygki|move: Aurora Veil\n|move|p1b: Kingambit|Kowtow Cleave|p2a: Froslass\n|-supereffective|p2a: Froslass|1\n|-damage|p2a: Froslass|0 fnt\n|faint|p2a: Froslass\n|\n|-weather|Snowscape|[upkeep]\n|upkeep\n|\n|t:|1788271290\n|switch|p2a: Rotom|Rotom-Heat, L50, shiny|100/100\n|turn|5\n|inactive|SkillsElite44 has 30 seconds left.\n|\n|t:|1788271319\n|switch|p1b: Kommo-o|Kommo-o, L50, M|57/100\n|move|p1a: Whimsicott|Protect|p1a: Whimsicott\n|-singleturn|p1a: Whimsicott|Protect\n|move|p2a: Rotom|Overheat|p1a: Whimsicott\n|-activate|p1a: Whimsicott|move: Protect\n|move|p2b: Kingambit|Low Kick|p1b: Kommo-o\n|-damage|p1b: Kommo-o|28/100\n|\n|-weather|Snowscape|[upkeep]\n|upkeep\n|turn|6\n|inactive|SkillsElite44 has 30 seconds left.\n|inactive|Keygki has 30 seconds left.\n|\n|t:|1788271353\n|move|p1a: Whimsicott|Tailwind|p1a: Whimsicott\n|-sidestart|p1: SkillsElite44|move: Tailwind\n|move|p1b: Kommo-o|Vacuum Wave|p2b: Kingambit\n|-supereffective|p2b: Kingambit|2\n|-enditem|p2b: Kingambit|Chople Berry|[eat]\n|-enditem|p2b: Kingambit|Chople Berry|[weaken]\n|-damage|p2b: Kingambit|71/100\n|-damage|p1b: Kommo-o|18/100|[from] item: Life Orb\n|move|p2a: Rotom|Overheat|p1a: Whimsicott|[miss]\n|-miss|p2a: Rotom|p1a: Whimsicott\n|move|p2b: Kingambit|Iron Head|p1b: Kommo-o\n|-damage|p1b: Kommo-o|0 fnt\n|faint|p1b: Kommo-o\n|\n|-weather|Snowscape|[upkeep]\n|-sideend|p2: Keygki|move: Tailwind\n|upkeep\n|\n|t:|1788271370\n|switch|p1b: Glimmora|Glimmora-Mega, L50, F, shiny|62/100\n|turn|7\n|inactive|Keygki has 30 seconds left.\n|\n|t:|1788271404\n|switch|p2a: Whimsicott|Whimsicott, L50, F|100/100\n|move|p1a: Whimsicott|Moonblast|p2b: Kingambit\n|-damage|p2b: Kingambit|50/100y\n|move|p1b: Glimmora|Earth Power|p2b: Kingambit\n|-supereffective|p2b: Kingambit|1\n|-damage|p2b: Kingambit|4/100\n|move|p2b: Kingambit|Iron Head|p1b: Glimmora\n|-supereffective|p1b: Glimmora|1\n|-damage|p1b: Glimmora|0 fnt\n|faint|p1b: Glimmora\n|\n|-weather|none\n|upkeep\n|\n|t:|1788271415\n|switch|p1b: Kingambit|Kingambit, L50, M, shiny|84/100\n|turn|8\n|inactive|SkillsElite44 has 30 seconds left.\n|inactive|Keygki has 30 seconds left.\n|\n|t:|1788271443\n|move|p1b: Kingambit|Protect|p1b: Kingambit\n|-singleturn|p1b: Kingambit|Protect\n|move|p1a: Whimsicott|Moonblast|p2b: Kingambit\n|-damage|p2b: Kingambit|0 fnt\n|faint|p2b: Kingambit\n|move|p2a: Whimsicott|Moonblast|p1a: Whimsicott\n|-damage|p1a: Whimsicott|43/100\n|\n|-sideend|p2: Keygki|move: Aurora Veil\n|upkeep\n|\n|t:|1788271454\n|switch|p2b: Rotom|Rotom-Heat, L50, shiny|100/100\n|turn|9\n|\n|t:|1788271463\n|move|p1a: Whimsicott|Encore|p2a: Whimsicott\n|-start|p2a: Whimsicott|Encore\n|move|p2b: Rotom|Overheat|p1b: Kingambit|[miss]\n|-miss|p2b: Rotom|p1b: Kingambit\n|move|p2a: Whimsicott|Moonblast|p1a: Whimsicott\n|-damage|p1a: Whimsicott|0 fnt\n|faint|p1a: Whimsicott\n|move|p1b: Kingambit|Kowtow Cleave|p2b: Rotom\n|-damage|p2b: Rotom|35/100\n|\n|-sideend|p1: SkillsElite44|move: Tailwind\n|upkeep\n|turn|10\n|\n|t:|1788271477\n|move|p1b: Kingambit|Sucker Punch|p2b: Rotom\n|-damage|p2b: Rotom|0 fnt\n|faint|p2b: Rotom\n|move|p2a: Whimsicott|Moonblast|p1b: Kingambit\n|-damage|p1b: Kingambit|53/100\n|\n|upkeep\n|turn|11\n|\n|t:|1788271483\n|move|p2a: Whimsicott|Moonblast|p1b: Kingambit\n|-damage|p1b: Kingambit|22/100\n|move|p1b: Kingambit|Kowtow Cleave|p2a: Whimsicott\n|-resisted|p2a: Whimsicott|1\n|-damage|p2a: Whimsicott|62/100\n|\n|-end|p2a: Whimsicott|Encore\n|upkeep\n|turn|12\n|\n|t:|1788271490\n|move|p1b: Kingambit|Sucker Punch|p2a: Whimsicott\n|-resisted|p2a: Whimsicott|1\n|-damage|p2a: Whimsicott|34/100\n|move|p2a: Whimsicott|Moonblast|p1b: Kingambit\n|-damage|p1b: Kingambit|0 fnt\n|faint|p1b: Kingambit\n|\n|win|Keygki\n|raw|SkillsElite44's rating: 1681 &rarr; <strong>1663</strong><br />(-18 for losing)\n|raw|Keygki's rating: 1717 &rarr; <strong>1735</strong><br />(+18 for winning)\n","uploadtime":1788271494,"views":"12","formatid":"gen9championsvgc2026regmb","rating":1663,"private":0,"password":null}