{"id":"gen9championsvgc2026regmb-2674084284","format":"[Gen 9 Champions] VGC 2026 Reg M-B","players":["r1icard","Bandido King"],"log":"|j|☆r1icard\n|j|☆Bandido King\n|t:|1788296952\n|gametype|doubles\n|player|p1|r1icard|169|1315\n|player|p2|Bandido King|maid|1269\n|gen|9\n|tier|[Gen 9 Champions] VGC 2026 Reg M-B\n|rated|\n|rule|Species Clause: Limit one of each Pokémon\n|rule|Item Clause: Limit 1 of each item\n|clearpoke\n|poke|p1|Tyranitar, L50, M|\n|poke|p1|Gholdengo, L50|\n|poke|p1|Staraptor, L50, F|\n|poke|p1|Sinistcha, L50|\n|poke|p1|Arcanine-Hisui, L50, M|\n|poke|p1|Toxapex, L50, M|\n|poke|p2|Charizard, L50, M|\n|poke|p2|Glimmora, L50, F|\n|poke|p2|Whimsicott, L50, F|\n|poke|p2|Ninetales-Alola, L50, F|\n|poke|p2|Kingambit, L50, M|\n|poke|p2|Kommo-o, L50, M|\n|teampreview|4\n|inactive|Battle timer is ON: inactive players will automatically lose when time's up. (requested by Bandido King)\n|\n|t:|1788296979\n|teamsize|p1|4\n|teamsize|p2|4\n|start\n|switch|p1a: Staraptor|Staraptor, L50, F|100/100\n|switch|p1b: Gholdengo|Gholdengo, L50|100/100\n|switch|p2a: Whimsicott|Whimsicott, L50, F|100/100\n|switch|p2b: Glimmora|Glimmora, L50, F|100/100\n|-ability|p1a: Staraptor|Intimidate|boost\n|-unboost|p2a: Whimsicott|atk|1\n|-unboost|p2b: Glimmora|atk|1\n|turn|1\n|inactive|Bandido King has 30 seconds left.\n|\n|t:|1788297010\n|detailschange|p1a: Staraptor|Staraptor-Mega, L50, F\n|-mega|p1a: Staraptor|Staraptor|Staraptite\n|detailschange|p2b: Glimmora|Glimmora-Mega, L50, F\n|-mega|p2b: Glimmora|Glimmora|Glimmoranite\n|move|p1a: Staraptor|Protect|p1a: Staraptor\n|-singleturn|p1a: Staraptor|Protect\n|move|p2a: Whimsicott|Moonblast|p1a: Staraptor\n|-activate|p1a: Staraptor|move: Protect\n|move|p2b: Glimmora|Power Gem|p1a: Staraptor\n|-activate|p1a: Staraptor|move: Protect\n|move|p1b: Gholdengo|Make It Rain|p2b: Glimmora|[spread] p2a,p2b\n|-supereffective|p2a: Whimsicott|1\n|-crit|p2a: Whimsicott\n|-supereffective|p2b: Glimmora|1\n|-enditem|p2a: Whimsicott|Focus Sash\n|-damage|p2a: Whimsicott|1/100\n|-damage|p2b: Glimmora|0 fnt\n|-unboost|p1b: Gholdengo|spa|2\n|faint|p2b: Glimmora\n|-enditem|p1b: Gholdengo|White Herb\n|-clearnegativeboost|p1b: Gholdengo|[silent]\n|\n|upkeep\n|\n|t:|1788297031\n|switch|p2b: Kingambit|Kingambit, L50, M|100/100\n|turn|2\n|\n|t:|1788297047\n|switch|p1a: Toxapex|Toxapex, L50, M|100/100\n|move|p2b: Kingambit|Sucker Punch|p1b: Gholdengo\n|-supereffective|p1b: Gholdengo|1\n|-damage|p1b: Gholdengo|0 fnt\n|faint|p1b: Gholdengo\n|move|p2a: Whimsicott|Moonblast|p1a: Toxapex\n|-resisted|p1a: Toxapex|1\n|-damage|p1a: Toxapex|88/100\n|\n|-heal|p1a: Toxapex|94/100|[from] item: Leftovers\n|upkeep\n|\n|t:|1788297054\n|switch|p1b: Tyranitar|Tyranitar, L50, M|100/100\n|-weather|Sandstorm|[from] ability: Sand Stream|[of] p1b: Tyranitar\n|turn|3\n|\n|t:|1788297072\n|switch|p2a: Kommo-o|Kommo-o, L50, M|100/100\n|move|p1b: Tyranitar|Protect|p1b: Tyranitar\n|-singleturn|p1b: Tyranitar|Protect\n|move|p2b: Kingambit|Iron Head|p1b: Tyranitar\n|-activate|p1b: Tyranitar|move: Protect\n|move|p1a: Toxapex|Infestation|p2b: Kingambit\n|-damage|p2b: Kingambit|96/100\n|-activate|p2b: Kingambit|move: Infestation|[of] p1a: Toxapex\n|\n|-weather|Sandstorm|[upkeep]\n|-damage|p1a: Toxapex|88/100|[from] Sandstorm\n|-heal|p1a: Toxapex|94/100|[from] item: Leftovers\n|-damage|p2b: Kingambit|84/100|[from] move: Infestation|[partiallytrapped]\n|upkeep\n|turn|4\n|\n|t:|1788297095\n|move|p2a: Kommo-o|Aura Sphere|p1b: Tyranitar\n|-supereffective|p1b: Tyranitar|2\n|-damage|p1b: Tyranitar|0 fnt\n|faint|p1b: Tyranitar\n|-damage|p2a: Kommo-o|90/100|[from] item: Life Orb\n|move|p2b: Kingambit|Kowtow Cleave|p1a: Toxapex\n|-damage|p1a: Toxapex|44/100\n|move|p1a: Toxapex|Toxic|p2a: Kommo-o\n|-status|p2a: Kommo-o|tox\n|\n|-weather|Sandstorm|[upkeep]\n|-damage|p1a: Toxapex|38/100|[from] Sandstorm\n|-heal|p1a: Toxapex|44/100|[from] item: Leftovers\n|-damage|p2a: Kommo-o|84/100 tox|[from] psn\n|-damage|p2b: Kingambit|72/100|[from] move: Infestation|[partiallytrapped]\n|upkeep\n|\n|t:|1788297098\n|switch|p1b: Staraptor|Staraptor-Mega, L50, F|100/100\n|turn|5\n|inactive|Bandido King has 30 seconds left.\n|inactive|Bandido King has 20 seconds left.\n|inactive|r1icard has 30 seconds left.\n|inactive|Bandido King has 15 seconds left.\n|\n|t:|1788297144\n|move|p2b: Kingambit|Protect|p2b: Kingambit\n|-singleturn|p2b: Kingambit|Protect\n|move|p1a: Toxapex|Baneful Bunker|p1a: Toxapex\n|-singleturn|p1a: Toxapex|move: Protect\n|move|p1b: Staraptor|Close Combat|p2b: Kingambit\n|-activate|p2b: Kingambit|move: Protect\n|move|p2a: Kommo-o|Clanging Scales|p1a: Toxapex|[spread] p1b\n|-activate|p1a: Toxapex|move: Protect\n|-damage|p1b: Staraptor|39/100\n|-unboost|p2a: Kommo-o|def|1\n|-damage|p2a: Kommo-o|74/100 tox|[from] item: Life Orb\n|\n|-weather|Sandstorm|[upkeep]\n|-damage|p1b: Staraptor|33/100|[from] Sandstorm\n|-damage|p1a: Toxapex|38/100|[from] Sandstorm\n|-heal|p1a: Toxapex|44/100|[from] item: Leftovers\n|-damage|p2a: Kommo-o|62/100 tox|[from] psn\n|-damage|p2b: Kingambit|60/100|[from] move: Infestation|[partiallytrapped]\n|upkeep\n|turn|6\n|inactive|Bandido King has 30 seconds left.\n|inactive|Bandido King has 20 seconds left.\n|\n|t:|1788297181\n|move|p2b: Kingambit|Sucker Punch|p1b: Staraptor\n|-resisted|p1b: Staraptor|1\n|-crit|p1b: Staraptor\n|-damage|p1b: Staraptor|0 fnt\n|faint|p1b: Staraptor\n|move|p2a: Kommo-o|Clanging Scales|p1a: Toxapex\n|-damage|p1a: Toxapex|3/100\n|-unboost|p2a: Kommo-o|def|1\n|-damage|p2a: Kommo-o|52/100 tox|[from] item: Life Orb\n|move|p1a: Toxapex|Infestation|p2a: Kommo-o\n|-resisted|p2a: Kommo-o|1\n|-damage|p2a: Kommo-o|50/100g tox\n|-activate|p2a: Kommo-o|move: Infestation|[of] p1a: Toxapex\n|\n|-weather|Sandstorm|[upkeep]\n|-damage|p1a: Toxapex|0 fnt|[from] Sandstorm\n|faint|p1a: Toxapex\n|\n|win|Bandido King\n|raw|r1icard's rating: 1315 &rarr; <strong>1292</strong><br />(-23 for losing)\n|raw|Bandido King's rating: 1269 &rarr; <strong>1297</strong><br />(+28 for winning)\n|l|☆r1icard\n|player|p1|\n","uploadtime":1788297195,"views":"0","formatid":"gen9championsvgc2026regmb","rating":1292,"private":0,"password":null}