{"id":"gen9championsvgc2026regmb-2674250755","format":"[Gen 9 Champions] VGC 2026 Reg M-B","players":["Cruddy Cowboy","ShrimpGun"],"log":"|j|☆Cruddy Cowboy\n|j|☆ShrimpGun\n|t:|1788323494\n|gametype|doubles\n|player|p1|Cruddy Cowboy|266|1311\n|player|p2|ShrimpGun|fisherman-gen4|1283\n|gen|9\n|tier|[Gen 9 Champions] VGC 2026 Reg M-B\n|rated|\n|rule|Species Clause: Limit one of each Pokémon\n|rule|Item Clause: Limit 1 of each item\n|clearpoke\n|poke|p1|Scrafty, L50, F|\n|poke|p1|Farigiraf, L50, M|\n|poke|p1|Venusaur, L50, F|\n|poke|p1|Basculegion, L50, M|\n|poke|p1|Arcanine-Hisui, L50, F|\n|poke|p1|Gholdengo, L50|\n|poke|p2|Staraptor, L50, F|\n|poke|p2|Farigiraf, L50, F, shiny|\n|poke|p2|Clawitzer, L50, F|\n|poke|p2|Arcanine-Hisui, L50, F|\n|poke|p2|Sylveon, L50, F|\n|poke|p2|Vivillon, L50, F|\n|teampreview|4\n|inactive|Battle timer is ON: inactive players will automatically lose when time's up. (requested by ShrimpGun)\n|inactive|Cruddy Cowboy has 60 seconds left.\nShrimpGun has agreed to open team sheets.\n|\n|t:|1788323573\n|teamsize|p1|4\n|teamsize|p2|4\n|start\n|switch|p1a: Farigiraf|Farigiraf, L50, M|100/100\n|switch|p1b: Venusaur|Venusaur, L50, F|100/100\n|switch|p2a: Arcanine|Arcanine-Hisui, L50, F|100/100\n|switch|p2b: Farigiraf|Farigiraf, L50, F, shiny|100/100\n|turn|1\n|inactive|Cruddy Cowboy has 30 seconds left.\n|inactive|Cruddy Cowboy has 20 seconds left.\n|\n|t:|1788323612\n|detailschange|p1b: Venusaur|Venusaur-Mega, L50, F\n|-mega|p1b: Venusaur|Venusaur|Venusaurite\n|move|p2a: Arcanine|Flare Blitz|p1b: Venusaur\n|-supereffective|p1b: Venusaur|1\n|-damage|p1b: Venusaur|55/100\n|move|p1b: Venusaur|Earth Power|p2a: Arcanine\n|-supereffective|p2a: Arcanine|2\n|-enditem|p2a: Arcanine|Focus Sash\n|-damage|p2a: Arcanine|1/100\n|move|p2b: Farigiraf|Nasty Plot|p2b: Farigiraf\n|-boost|p2b: Farigiraf|spa|2\n|move|p1a: Farigiraf|Psychic|p2a: Arcanine\n|-damage|p2a: Arcanine|0 fnt\n|faint|p2a: Arcanine\n|\n|upkeep\n|\n|t:|1788323618\n|switch|p2a: Staraptor|Staraptor, L50, F|100/100\n|-ability|p2a: Staraptor|Intimidate|boost\n|-unboost|p1a: Farigiraf|atk|1\n|-unboost|p1b: Venusaur|atk|1\n|turn|2\n|inactive|Cruddy Cowboy has 30 seconds left.\n|\n|t:|1788323644\n|switch|p1b: Gholdengo|Gholdengo, L50|100/100\n|detailschange|p2a: Staraptor|Staraptor-Mega, L50, F\n|-mega|p2a: Staraptor|Staraptor|Staraptite\n|move|p2a: Staraptor|Close Combat|p1a: Farigiraf\n|-damage|p1a: Farigiraf|41/100\n|-boost|p2a: Staraptor|def|1\n|-boost|p2a: Staraptor|spd|1\n|-enditem|p1a: Farigiraf|Sitrus Berry|[eat]\n|-heal|p1a: Farigiraf|66/100|[from] item: Sitrus Berry\n|move|p2b: Farigiraf|Hyper Voice|p1b: Gholdengo|[spread] p1a\n|-immune|p1b: Gholdengo\n|-damage|p1a: Farigiraf|14/100\n|move|p1a: Farigiraf|Psychic|p2a: Staraptor\n|-supereffective|p2a: Staraptor|1\n|-damage|p2a: Staraptor|45/100\n|\n|upkeep\n|turn|3\n|inactive|Cruddy Cowboy has 30 seconds left.\n|\n|t:|1788323669\n|switch|p1a: Basculegion|Basculegion, L50, M|100/100\n|move|p2a: Staraptor|Tailwind|p2a: Staraptor\n|-sidestart|p2: ShrimpGun|move: Tailwind\n|move|p2b: Farigiraf|Hyper Voice|p1b: Gholdengo|[spread] \n|-immune|p1a: Basculegion\n|-immune|p1b: Gholdengo\n|move|p1b: Gholdengo|Nasty Plot|p1b: Gholdengo\n|-boost|p1b: Gholdengo|spa|2\n|\n|upkeep\n|turn|4\n|\n|t:|1788323687\n|move|p2a: Staraptor|Protect|p2a: Staraptor\n|-singleturn|p2a: Staraptor|Protect\n|move|p1a: Basculegion|Protect|p1a: Basculegion\n|-singleturn|p1a: Basculegion|Protect\n|move|p2b: Farigiraf|Thunderbolt|p1a: Basculegion\n|-activate|p1a: Basculegion|move: Protect\n|move|p1b: Gholdengo|Make It Rain|p2b: Farigiraf|[spread] p2b\n|-activate|p2a: Staraptor|move: Protect\n|-damage|p2b: Farigiraf|8/100\n|-unboost|p1b: Gholdengo|spa|2\n|-enditem|p2b: Farigiraf|Sitrus Berry|[eat]\n|-heal|p2b: Farigiraf|33/100|[from] item: Sitrus Berry\n|\n|upkeep\n|turn|5\n|inactive|Cruddy Cowboy has 30 seconds left.\n|inactive|Cruddy Cowboy has 20 seconds left.\n|\n|t:|1788323724\n|switch|p1a: Farigiraf|Farigiraf, L50, M|14/100\n|move|p2a: Staraptor|Brave Bird|p1a: Farigiraf\n|-damage|p1a: Farigiraf|0 fnt\n|faint|p1a: Farigiraf\n|-damage|p2a: Staraptor|39/100|[from] Recoil\n|move|p2b: Farigiraf|Thunderbolt|p1b: Gholdengo\n|-damage|p1b: Gholdengo|43/100\n|move|p1b: Gholdengo|Nasty Plot|p1b: Gholdengo\n|-boost|p1b: Gholdengo|spa|2\n|\n|upkeep\n|\n|t:|1788323738\n|switch|p1a: Basculegion|Basculegion, L50, M|100/100\n|turn|6\n|\n|t:|1788323743\n|move|p2a: Staraptor|Protect|p2a: Staraptor\n|-singleturn|p2a: Staraptor|Protect\n|move|p1b: Gholdengo|Protect|p1b: Gholdengo\n|-singleturn|p1b: Gholdengo|Protect\n|move|p1a: Basculegion|Protect|p1a: Basculegion\n|-singleturn|p1a: Basculegion|Protect\n|move|p2b: Farigiraf|Thunderbolt|p1b: Gholdengo\n|-activate|p1b: Gholdengo|move: Protect\n|\n|-sideend|p2: ShrimpGun|move: Tailwind\n|upkeep\n|turn|7\n|\n|t:|1788323766\n|move|p2a: Staraptor|Tailwind|p2a: Staraptor\n|-sidestart|p2: ShrimpGun|move: Tailwind\n|move|p2b: Farigiraf|Thunderbolt|p1b: Gholdengo\n|-damage|p1b: Gholdengo|0 fnt\n|faint|p1b: Gholdengo\n|move|p1a: Basculegion|Wave Crash|p2a: Staraptor\n|-crit|p2a: Staraptor\n|-damage|p2a: Staraptor|0 fnt\n|faint|p2a: Staraptor\n|-damage|p1a: Basculegion|88/100|[from] Recoil\n|-damage|p1a: Basculegion|79/100|[from] item: Life Orb\n|\n|upkeep\n|\n|t:|1788323771\n|switch|p2a: Clawitzer|Clawitzer, L50, F|100/100\n|switch|p1b: Venusaur|Venusaur-Mega, L50, F|55/100\n|turn|8\n|\n|t:|1788323795\n|move|p1a: Basculegion|Protect|p1a: Basculegion\n|-singleturn|p1a: Basculegion|Protect\n|move|p2a: Clawitzer|Dark Pulse|p1a: Basculegion\n|-activate|p1a: Basculegion|move: Protect\n|move|p2b: Farigiraf|Hyper Voice|p1b: Venusaur|[spread] p1b\n|-activate|p1a: Basculegion|move: Protect\n|-damage|p1b: Venusaur|13/100\n|move|p1b: Venusaur|Sludge Bomb|p2b: Farigiraf\n|-damage|p2b: Farigiraf|0 fnt\n|faint|p2b: Farigiraf\n|\n|upkeep\n|turn|9\n|inactive|Cruddy Cowboy has 30 seconds left.\n|inactive|Cruddy Cowboy has 20 seconds left.\n|\n|t:|1788323833\n|move|p2a: Clawitzer|Dark Pulse|p1a: Basculegion\n|-supereffective|p1a: Basculegion|1\n|-damage|p1a: Basculegion|0 fnt\n|faint|p1a: Basculegion\n|-damage|p2a: Clawitzer|90/100|[from] item: Life Orb\n|move|p1b: Venusaur|Energy Ball|p2a: Clawitzer\n|-supereffective|p2a: Clawitzer|1\n|-damage|p2a: Clawitzer|0 fnt\n|faint|p2a: Clawitzer\n|\n|win|Cruddy Cowboy\n|raw|Cruddy Cowboy's rating: 1311 &rarr; <strong>1329</strong><br />(+18 for winning)\n|raw|ShrimpGun's rating: 1283 &rarr; <strong>1260</strong><br />(-23 for losing)\n","uploadtime":1788323839,"views":"0","formatid":"gen9championsvgc2026regmb","rating":1260,"private":0,"password":null}