{"id":"gen9championsvgc2026regmb-2674300182","format":"[Gen 9 Champions] VGC 2026 Reg M-B","players":["SHHEP","kawaiideku"],"log":"|j|☆SHHEP\n|j|☆kawaiideku\n|t:|1788335397\n|gametype|doubles\n|player|p1|SHHEP|1|1087\n|player|p2|kawaiideku|1|1147\n|gen|9\n|tier|[Gen 9 Champions] VGC 2026 Reg M-B\n|rated|\n|rule|Species Clause: Limit one of each Pokémon\n|rule|Item Clause: Limit 1 of each item\n|clearpoke\n|poke|p1|Kommo-o, L50, M|\n|poke|p1|Aegislash, L50, M|\n|poke|p1|Floette-Eternal, L50, F|\n|poke|p1|Incineroar, L50, F|\n|poke|p1|Whimsicott, L50, M|\n|poke|p1|Venusaur, L50, F|\n|poke|p2|Sceptile, L50, M|\n|poke|p2|Slowbro-Galar, L50, F|\n|poke|p2|Talonflame, L50, F|\n|poke|p2|Garchomp, L50, M|\n|poke|p2|Sylveon, L50, M|\n|poke|p2|Rotom-Wash, L50|\n|teampreview|4\n|inactive|Battle timer is ON: inactive players will automatically lose when time's up. (requested by SHHEP)\n|\n|t:|1788335432\n|teamsize|p1|4\n|teamsize|p2|4\n|start\n|switch|p1a: Kommo-o|Kommo-o, L50, M|100/100\n|switch|p1b: Incineroar|Incineroar, L50, F|100/100\n|switch|p2a: Talonflame|Talonflame, L50, F|100/100\n|switch|p2b: Rotom|Rotom-Wash, L50|100/100\n|-ability|p1b: Incineroar|Intimidate|boost\n|-unboost|p2a: Talonflame|atk|1\n|-unboost|p2b: Rotom|atk|1\n|turn|1\n|\n|t:|1788335448\n|move|p2a: Talonflame|Protect|p2a: Talonflame\n|-singleturn|p2a: Talonflame|Protect\n|move|p1b: Incineroar|Fake Out|p2a: Talonflame\n|-activate|p2a: Talonflame|move: Protect\n|move|p2b: Rotom|Hydro Pump|p1b: Incineroar\n|-supereffective|p1b: Incineroar|1\n|-damage|p1b: Incineroar|19/100\n|move|p1a: Kommo-o|Clangorous Soul|p1a: Kommo-o\n|-boost|p1a: Kommo-o|atk|1\n|-boost|p1a: Kommo-o|def|1\n|-boost|p1a: Kommo-o|spa|1\n|-boost|p1a: Kommo-o|spd|1\n|-boost|p1a: Kommo-o|spe|1\n|-damage|p1a: Kommo-o|67/100\n|\n|-heal|p1a: Kommo-o|73/100|[from] item: Leftovers\n|upkeep\n|turn|2\n|\n|t:|1788335466\n|move|p2a: Talonflame|Tailwind|p2a: Talonflame\n|-sidestart|p2: kawaiideku|move: Tailwind\n|move|p2b: Rotom|Hydro Pump|p1b: Incineroar\n|-supereffective|p1b: Incineroar|1\n|-damage|p1b: Incineroar|0 fnt\n|faint|p1b: Incineroar\n|move|p1a: Kommo-o|Clanging Scales|p2b: Rotom|[spread] p2a,p2b\n|-damage|p2a: Talonflame|18/100\n|-damage|p2b: Rotom|40/100\n|-unboost|p1a: Kommo-o|def|1\n|\n|-heal|p1a: Kommo-o|79/100|[from] item: Leftovers\n|upkeep\n|\n|t:|1788335477\n|switch|p1b: Venusaur|Venusaur, L50, F|100/100\n|turn|3\n|\n|t:|1788335487\n|switch|p2b: Garchomp|Garchomp, L50, M|100/100\n|move|p1a: Kommo-o|Protect|p1a: Kommo-o\n|-singleturn|p1a: Kommo-o|Protect\n|move|p1b: Venusaur|Protect|p1b: Venusaur\n|-singleturn|p1b: Venusaur|Protect\n|move|p2a: Talonflame|Brave Bird|p1b: Venusaur\n|-activate|p1b: Venusaur|move: Protect\n|\n|-heal|p1a: Kommo-o|85/100|[from] item: Leftovers\n|upkeep\n|turn|4\n|\n|t:|1788335505\n|detailschange|p2b: Garchomp|Garchomp-Mega, L50, M\n|-mega|p2b: Garchomp|Garchomp|Garchompite\n|detailschange|p1b: Venusaur|Venusaur-Mega, L50, F\n|-mega|p1b: Venusaur|Venusaur|Venusaurite\n|move|p2a: Talonflame|Brave Bird|p1a: Kommo-o\n|-supereffective|p1a: Kommo-o|1\n|-damage|p1a: Kommo-o|35/100\n|-damage|p2a: Talonflame|0 fnt|[from] Recoil\n|faint|p2a: Talonflame\n|move|p2b: Garchomp|Draco Meteor|p1a: Kommo-o\n|-supereffective|p1a: Kommo-o|1\n|-damage|p1a: Kommo-o|0 fnt\n|-unboost|p2b: Garchomp|spa|2\n|faint|p1a: Kommo-o\n|move|p1b: Venusaur|Sludge Bomb|p2b: Garchomp\n|-resisted|p2b: Garchomp|1\n|-damage|p2b: Garchomp|84/100\n|\n|upkeep\n|\n|t:|1788335524\n|switch|p2a: Slowbro|Slowbro-Galar, L50, F|100/100\n|switch|p1a: Aegislash|Aegislash, L50, M|100/100\n|turn|5\n|\n|t:|1788335538\n|switch|p2a: Rotom|Rotom-Wash, L50|40/100\n|move|p2b: Garchomp|Earthquake|p1a: Aegislash|[spread] p1a,p1b\n|-immune|p2a: Rotom|[from] ability: Levitate\n|-supereffective|p1a: Aegislash|1\n|-enditem|p1a: Aegislash|Focus Sash\n|-damage|p1a: Aegislash|1/100\n|-damage|p1b: Venusaur|63/100\n|-formechange|p1a: Aegislash|Aegislash-Blade|\n|move|p1a: Aegislash|Poltergeist|p2a: Rotom|[miss]\n|-miss|p1a: Aegislash|p2a: Rotom\n|move|p1b: Venusaur|Leech Seed|p2b: Garchomp\n|-start|p2b: Garchomp|move: Leech Seed\n|\n|-damage|p2b: Garchomp|72/100|[from] Leech Seed|[of] p1b: Venusaur\n|-heal|p1b: Venusaur|77/100|[silent]\n|-sideend|p2: kawaiideku|move: Tailwind\n|upkeep\n|turn|6\n|\n|t:|1788335560\n|switch|p2b: Slowbro|Slowbro-Galar, L50, F|100/100\n|move|p1a: Aegislash|Protect|p1a: Aegislash\n|-singleturn|p1a: Aegislash|Protect\n|move|p2a: Rotom|Volt Switch|p1b: Venusaur\n|-resisted|p1b: Venusaur|1\n|-damage|p1b: Venusaur|64/100\n|\n|t:|1788335569\n|switch|p2a: Garchomp|Garchomp-Mega, L50, M|72/100|[from] Volt Switch\n|move|p1b: Venusaur|Sludge Bomb|p2a: Garchomp\n|-resisted|p2a: Garchomp|1\n|-damage|p2a: Garchomp|57/100\n|\n|upkeep\n|turn|7\n|-activate|p2b: Slowbro|ability: Quick Draw\n|\n|t:|1788335583\n|move|p1a: Aegislash|Shadow Sneak|p2a: Garchomp\n|-damage|p2a: Garchomp|36/100\n|move|p2b: Slowbro|Shell Side Arm|p1b: Venusaur|[anim] Shell Side Arm Special\n|-damage|p1b: Venusaur|32/100\n|-hint|Special Shell Side Arm\n|move|p2a: Garchomp|Draco Meteor|p1b: Venusaur|[miss]\n|-miss|p2a: Garchomp|p1b: Venusaur\n|move|p1b: Venusaur|Sludge Bomb|p2a: Garchomp\n|-resisted|p2a: Garchomp|1\n|-damage|p2a: Garchomp|20/100y\n|-status|p2a: Garchomp|psn\n|\n|-damage|p2a: Garchomp|8/100 psn|[from] psn\n|upkeep\n|turn|8\n|inactive|kawaiideku has 30 seconds left.\n|inactive|kawaiideku has 20 seconds left.\n|inactive|kawaiideku has 15 seconds left.\n|inactive|kawaiideku has 10 seconds left.\n|inactive|kawaiideku has 5 seconds left.\n|-activate|p2b: Slowbro|ability: Quick Draw\n|\n|t:|1788335638\n|switch|p2a: Rotom|Rotom-Wash, L50|40/100\n|move|p1a: Aegislash|Shadow Sneak|p2a: Rotom\n|-damage|p2a: Rotom|9/100\n|move|p2b: Slowbro|Shell Side Arm|p1b: Venusaur|[anim] Shell Side Arm Special\n|-damage|p1b: Venusaur|0 fnt\n|-hint|Special Shell Side Arm\n|faint|p1b: Venusaur\n|\n|upkeep\n|turn|9\n|\n|t:|1788335665\n|switch|p2b: Garchomp|Garchomp-Mega, L50, M|8/100 psn\n|move|p2a: Rotom|Discharge|p1a: Aegislash|[spread] p1a\n|-immune|p2b: Garchomp\n|-damage|p1a: Aegislash|0 fnt\n|faint|p1a: Aegislash\n|\n|win|kawaiideku\n|raw|SHHEP's rating: 1087 &rarr; <strong>1068</strong><br />(-19 for losing)\n|raw|kawaiideku's rating: 1147 &rarr; <strong>1168</strong><br />(+21 for winning)\n|l|☆kawaiideku\n|player|p2|\n","uploadtime":1788335674,"views":"9","formatid":"gen9championsvgc2026regmb","rating":1068,"private":0,"password":null}