{"id":"gen9championsvgc2026regmb-2673924262","format":"[Gen 9 Champions] VGC 2026 Reg M-B","players":["Sushi Bum","psychowarz"],"log":"|j|‽Sushi Bum\n|j|☆psychowarz\n|t:|1788277714\n|gametype|doubles\n|player|p1|Sushi Bum|beni-ninja|1285\n|player|p2|psychowarz|guitarist-gen4|1378\n|gen|9\n|tier|[Gen 9 Champions] VGC 2026 Reg M-B\n|rated|\n|rule|Species Clause: Limit one of each Pokémon\n|rule|Item Clause: Limit 1 of each item\n|clearpoke\n|poke|p1|Talonflame, L50, F|\n|poke|p1|Tsareena, L50, F|\n|poke|p1|Raichu, L50, M|\n|poke|p1|Heliolisk, L50, M, shiny|\n|poke|p1|Venusaur, L50, F|\n|poke|p1|Mamoswine, L50, M|\n|poke|p2|Charizard, L50, M|\n|poke|p2|Kingambit, L50, M|\n|poke|p2|Garchomp, L50, F|\n|poke|p2|Farigiraf, L50, F|\n|poke|p2|Whimsicott, L50, F|\n|poke|p2|Metagross, L50|\n|teampreview|4\n|\n|t:|1788277755\n|teamsize|p1|4\n|teamsize|p2|4\n|start\n|switch|p1a: Raichu|Raichu, L50, M|100/100\n|switch|p1b: Talonflame|Talonflame, L50, F|100/100\n|switch|p2a: Farigiraf|Farigiraf, L50, F|100/100\n|switch|p2b: Garchomp|Garchomp, L50, F|100/100\n|turn|1\n|inactive|Battle timer is ON: inactive players will automatically lose when time's up. (requested by psychowarz)\n|\n|t:|1788277798\n|switch|p1a: Tsareena|Tsareena, L50, F|100/100\n|move|p1b: Talonflame|Taunt|p2a: Farigiraf\n|-start|p2a: Farigiraf|move: Taunt\n|move|p2b: Garchomp|Rock Slide|p1a: Tsareena|[spread] p1a,p1b\n|-crit|p1a: Tsareena\n|-supereffective|p1b: Talonflame|2\n|-damage|p1a: Tsareena|49/100\n|-damage|p1b: Talonflame|0 fnt\n|faint|p1b: Talonflame\n|-damage|p2b: Garchomp|90/100|[from] item: Life Orb\n|cant|p2a: Farigiraf|move: Taunt|Trick Room\n|\n|upkeep\n|\n|t:|1788277803\n|switch|p1b: Raichu|Raichu, L50, M|100/100\n|turn|2\n|\n|t:|1788277814\n|detailschange|p1b: Raichu|Raichu-Mega-Y, L50, M\n|-mega|p1b: Raichu|Raichu|Raichunite Y\n|move|p2b: Garchomp|Protect|p2b: Garchomp\n|-singleturn|p2b: Garchomp|Protect\n|move|p1a: Tsareena|Triple Axel|p2b: Garchomp\n|-activate|p2b: Garchomp|move: Protect\n|move|p1b: Raichu|Zap Cannon|p2a: Farigiraf\n|-damage|p2a: Farigiraf|44/100\n|-status|p2a: Farigiraf|par\n|-enditem|p2a: Farigiraf|Sitrus Berry|[eat]\n|-heal|p2a: Farigiraf|68/100 par|[from] item: Sitrus Berry\n|move|p2a: Farigiraf|Psychic|p1a: Tsareena\n|-damage|p1a: Tsareena|9/100\n|-unboost|p1a: Tsareena|spd|1\n|\n|upkeep\n|turn|3\n|\n|t:|1788277828\n|switch|p2b: Metagross|Metagross, L50|100/100\n|move|p1a: Tsareena|Triple Axel|p2a: Farigiraf\n|-damage|p2a: Farigiraf|61/100 par\n|-damage|p2a: Farigiraf|48/100 par\n|-damage|p2a: Farigiraf|25/100 par\n|-hitcount|p2a: Farigiraf|3\n|move|p1b: Raichu|Focus Blast|p2b: Metagross\n|-damage|p2b: Metagross|43/100\n|move|p2a: Farigiraf|Psychic|p1a: Tsareena\n|-damage|p1a: Tsareena|0 fnt\n|faint|p1a: Tsareena\n|\n|-end|p2a: Farigiraf|move: Taunt\n|upkeep\n|\n|t:|1788277831\n|switch|p1a: Mamoswine|Mamoswine, L50, M|100/100\n|turn|4\n|\n|t:|1788277841\n|move|p2b: Metagross|Protect|p2b: Metagross\n|-singleturn|p2b: Metagross|Protect\n|move|p1b: Raichu|Zap Cannon|p2b: Metagross\n|-activate|p2b: Metagross|move: Protect\n|move|p1a: Mamoswine|Stomping Tantrum|p2a: Farigiraf\n|-damage|p2a: Farigiraf|0 fnt\n|faint|p2a: Farigiraf\n|\n|upkeep\n|\n|t:|1788277846\n|switch|p2a: Garchomp|Garchomp, L50, F|90/100\n|turn|5\n|\n|t:|1788277851\n|switch|p2b: Charizard|Charizard, L50, M|100/100\n|move|p1a: Mamoswine|Ice Shard|p2a: Garchomp\n|-supereffective|p2a: Garchomp|2\n|-damage|p2a: Garchomp|5/100\n|move|p1b: Raichu|Zap Cannon|p2b: Charizard\n|-supereffective|p2b: Charizard|1\n|-damage|p2b: Charizard|0 fnt\n|faint|p2b: Charizard\n|move|p2a: Garchomp|Earthquake|p1a: Mamoswine|[spread] p1a,p1b\n|-supereffective|p1b: Raichu|1\n|-damage|p1a: Mamoswine|39/100\n|-damage|p1b: Raichu|0 fnt\n|faint|p1b: Raichu\n|-damage|p2a: Garchomp|0 fnt|[from] item: Life Orb\n|faint|p2a: Garchomp\n|\n|upkeep\n|\n|t:|1788277861\n|switch|p2b: Metagross|Metagross, L50|43/100\n|turn|6\n|\n|t:|1788277869\n|detailschange|p2b: Metagross|Metagross-Mega, L50\n|-mega|p2b: Metagross|Metagross|Metagrossite\n|move|p2b: Metagross|Psychic Fangs|p1a: Mamoswine\n|-damage|p1a: Mamoswine|0 fnt\n|faint|p1a: Mamoswine\n|\n|win|psychowarz\n|raw|Sushi Bum's rating: 1285 &rarr; <strong>1267</strong><br />(-18 for losing)\n|raw|psychowarz's rating: 1378 &rarr; <strong>1393</strong><br />(+15 for winning)\n|l|‽Sushi Bum\n|player|p1|\n","uploadtime":1788277964,"views":"4","formatid":"gen9championsvgc2026regmb","rating":1267,"private":0,"password":null}