{"id":"gen9championsvgc2026regmb-2674331954","format":"[Gen 9 Champions] VGC 2026 Reg M-B","players":["geodude3138","Lei41"],"log":"|j|☆geodude3138\n|j|☆Lei41\n|t:|1788342813\n|gametype|doubles\n|player|p1|geodude3138|lady-gen4|1541\n|player|p2|Lei41|102|1648\n|gen|9\n|tier|[Gen 9 Champions] VGC 2026 Reg M-B\n|rated|\n|rule|Species Clause: Limit one of each Pokémon\n|rule|Item Clause: Limit 1 of each item\n|clearpoke\n|poke|p1|Dragonite, L50, F|\n|poke|p1|Sneasler, L50, F|\n|poke|p1|Basculegion, L50, M|\n|poke|p1|Kingambit, L50, M|\n|poke|p1|Garchomp, L50, F|\n|poke|p1|Floette-Eternal, L50, F|\n|poke|p2|Venusaur, L50, F|\n|poke|p2|Charizard, L50, F|\n|poke|p2|Mawile, L50, M|\n|poke|p2|Archaludon, L50, F|\n|poke|p2|Pelipper, L50, M|\n|poke|p2|Farigiraf, L50, F|\n|teampreview|4\n|\n|t:|1788342857\n|teamsize|p1|4\n|teamsize|p2|4\n|start\n|switch|p1a: Dragonite|Dragonite, L50, F|100/100\n|switch|p1b: Sneasler|Sneasler, L50, F|100/100\n|switch|p2a: Mawile|Mawile, L50, M|100/100\n|switch|p2b: Archaludon|Archaludon, L50, F|100/100\n|-ability|p2a: Mawile|Intimidate|boost\n|-unboost|p1a: Dragonite|atk|1\n|-unboost|p1b: Sneasler|atk|1\n|turn|1\n|inactive|Battle timer is ON: inactive players will automatically lose when time's up. (requested by Lei41)\n|\n|t:|1788342877\n|switch|p2a: Pelipper|Pelipper, L50, M|100/100\n|-weather|RainDance|[from] ability: Drizzle|[of] p2a: Pelipper\n|detailschange|p1a: Dragonite|Dragonite-Mega, L50, F\n|-mega|p1a: Dragonite|Dragonite|Dragoninite\n|move|p1b: Sneasler|Feint|p2b: Archaludon\n|-resisted|p2b: Archaludon|1\n|-damage|p2b: Archaludon|97/100\n|move|p1a: Dragonite|Dragon Pulse|p2b: Archaludon\n|-damage|p2b: Archaludon|13/100\n|move|p2b: Archaludon|Electro Shot||[still]\n|-prepare|p2b: Archaludon|Electro Shot\n|-boost|p2b: Archaludon|spa|1\n|-anim|p2b: Archaludon|Electro Shot|p1a: Dragonite\n|-damage|p1a: Dragonite|64/100\n|\n|-weather|RainDance|[upkeep]\n|upkeep\n|turn|2\n|inactive|geodude3138 has 30 seconds left.\n|\n|t:|1788342903\n|switch|p2b: Farigiraf|Farigiraf, L50, F|100/100\n|move|p2a: Pelipper|Muddy Water|p1b: Sneasler|[spread] p1a,p1b\n|-resisted|p1a: Dragonite|1\n|-damage|p1a: Dragonite|47/100\n|-damage|p1b: Sneasler|38/100\n|-unboost|p1a: Dragonite|accuracy|1\n|move|p1b: Sneasler|Dire Claw|p2a: Pelipper\n|-damage|p2a: Pelipper|62/100\n|move|p1a: Dragonite|Dragon Pulse|p2a: Pelipper|[miss]\n|-miss|p1a: Dragonite|p2a: Pelipper\n|\n|-weather|RainDance|[upkeep]\n|upkeep\n|turn|3\n|\n|t:|1788342925\n|switch|p1b: Basculegion|Basculegion, L50, M|100/100\n|move|p2a: Pelipper|Muddy Water|p1a: Dragonite|[spread] p1a,p1b\n|-resisted|p1a: Dragonite|1\n|-resisted|p1b: Basculegion|1\n|-damage|p1a: Dragonite|29/100\n|-damage|p1b: Basculegion|78/100\n|move|p1a: Dragonite|Dragon Pulse|p2b: Farigiraf\n|-damage|p2b: Farigiraf|49/100\n|-enditem|p2b: Farigiraf|Sitrus Berry|[eat]\n|-heal|p2b: Farigiraf|74/100|[from] item: Sitrus Berry\n|move|p2b: Farigiraf|Trick Room|p2b: Farigiraf\n|-fieldstart|move: Trick Room|[of] p2b: Farigiraf\n|\n|-weather|RainDance|[upkeep]\n|upkeep\n|turn|4\n|\n|t:|1788342943\n|switch|p2a: Archaludon|Archaludon, L50, F|13/100\n|move|p2b: Farigiraf|Psychic|p1a: Dragonite\n|-damage|p1a: Dragonite|0 fnt\n|faint|p1a: Dragonite\n|move|p1b: Basculegion|Wave Crash|p2a: Archaludon\n|-resisted|p2a: Archaludon|1\n|-damage|p2a: Archaludon|0 fnt\n|faint|p2a: Archaludon\n|-damage|p1b: Basculegion|74/100|[from] Recoil\n|-damage|p1b: Basculegion|64/100|[from] item: Life Orb\n|\n|-weather|RainDance|[upkeep]\n|upkeep\n|\n|t:|1788342952\n|switch|p2a: Mawile|Mawile, L50, M|100/100\n|switch|p1a: Kingambit|Kingambit, L50, M|100/100\n|-ability|p2a: Mawile|Intimidate|boost\n|-unboost|p1a: Kingambit|atk|1\n|-ability|p1a: Kingambit|Defiant|boost\n|-boost|p1a: Kingambit|atk|2\n|-unboost|p1b: Basculegion|atk|1\n|turn|5\n|\n|t:|1788342961\n|detailschange|p2a: Mawile|Mawile-Mega, L50, M\n|-mega|p2a: Mawile|Mawile|Mawilite\n|move|p2b: Farigiraf|Ally Switch|p2b: Farigiraf\n|swap|p2b: Farigiraf|0|[from] move: Ally Switch\n|move|p2b: Mawile|Play Rough|p1b: Basculegion\n|-damage|p1b: Basculegion|0 fnt\n|faint|p1b: Basculegion\n|move|p1a: Kingambit|Iron Head|p2a: Farigiraf\n|-damage|p2a: Farigiraf|23/100\n|\n|-weather|none\n|upkeep\n|\n|t:|1788342971\n|switch|p1b: Sneasler|Sneasler, L50, F|38/100\n|turn|6\n|\n|t:|1788342985\n|move|p2a: Farigiraf|Helping Hand|p2b: Mawile\n|-singleturn|p2b: Mawile|Helping Hand|[of] p2a: Farigiraf\n|move|p2b: Mawile|Play Rough|p1a: Kingambit\n|-damage|p1a: Kingambit|5/100\n|move|p1a: Kingambit|Kowtow Cleave|p2a: Farigiraf\n|-supereffective|p2a: Farigiraf|1\n|-damage|p2a: Farigiraf|0 fnt\n|faint|p2a: Farigiraf\n|move|p1b: Sneasler|Close Combat|p2b: Mawile\n|-damage|p2b: Mawile|42/100\n|-unboost|p1b: Sneasler|def|1\n|-unboost|p1b: Sneasler|spd|1\n|\n|upkeep\n|\n|t:|1788342993\n|switch|p2a: Pelipper|Pelipper, L50, M|62/100\n|-weather|RainDance|[from] ability: Drizzle|[of] p2a: Pelipper\n|turn|7\n|\n|t:|1788343007\n|move|p2b: Mawile|Sucker Punch|p1a: Kingambit\n|-resisted|p1a: Kingambit|1\n|-crit|p1a: Kingambit\n|-damage|p1a: Kingambit|0 fnt\n|faint|p1a: Kingambit\n|move|p1b: Sneasler|Close Combat|p2b: Mawile\n|-damage|p2b: Mawile|0 fnt\n|-unboost|p1b: Sneasler|def|1\n|-unboost|p1b: Sneasler|spd|1\n|faint|p2b: Mawile\n|move|p2a: Pelipper|Weather Ball|p1b: Sneasler\n|-damage|p1b: Sneasler|0 fnt\n|faint|p1b: Sneasler\n|\n|win|Lei41\n|raw|geodude3138's rating: 1541 &rarr; <strong>1527</strong><br />(-14 for losing)\n|raw|Lei41's rating: 1648 &rarr; <strong>1662</strong><br />(+14 for winning)\n|l|☆geodude3138\n|player|p1|\n","uploadtime":1788343017,"views":"26","formatid":"gen9championsvgc2026regmb","rating":1527,"private":0,"password":null}