{"id":"gen9championsvgc2026regmb-2674770768","format":"[Gen 9 Champions] VGC 2026 Reg M-B","players":["michaelolisemessi","pokeskyl"],"log":"|j|☆michaelolisemessi\n|j|☆pokeskyl\n|t:|1788403608\n|gametype|doubles\n|player|p1|michaelolisemessi|1|\n|player|p2|pokeskyl|n|\n|gen|9\n|tier|[Gen 9 Champions] VGC 2026 Reg M-B\n|rule|Species Clause: Limit one of each Pokémon\n|rule|Item Clause: Limit 1 of each item\n|clearpoke\n|poke|p1|Torkoal, L50, M, shiny|\n|poke|p1|Mawile, L50, F, shiny|\n|poke|p1|Musharna, L50, M, shiny|\n|poke|p1|Camerupt, L50, F, shiny|\n|poke|p1|Scovillain, L50, M, shiny|\n|poke|p1|Talonflame, L50, F, shiny|\n|poke|p2|Annihilape, L50, M|\n|poke|p2|Blastoise, L50, F|\n|poke|p2|Kangaskhan, L50, F|\n|poke|p2|Armarouge, L50, M|\n|poke|p2|Whimsicott, L50, M|\n|poke|p2|Heliolisk, L50, M|\n|teampreview|4\npokeskyl rejected open team sheets.\n|j| NewBurru\n|j| Br4ndonR\n|l| Br4ndonR\n|\n|t:|1788403667\n|teamsize|p1|4\n|teamsize|p2|4\n|start\n|switch|p1a: concha rosa|Musharna, L50, M, shiny|100/100\n|switch|p1b: escoba|Scovillain, L50, M, shiny|100/100\n|switch|p2a: Whimsicott|Whimsicott, L50, M|100/100\n|switch|p2b: Armarouge|Armarouge, L50, M|100/100\n|turn|1\n|j| LianPKG\n|\n|t:|1788403750\n|move|p1b: escoba|Protect|p1b: escoba\n|-singleturn|p1b: escoba|Protect\n|move|p2a: Whimsicott|Tailwind|p2a: Whimsicott\n|-sidestart|p2: pokeskyl|move: Tailwind\n|move|p2b: Armarouge|Heat Wave|p1a: concha rosa|[spread] p1a\n|-activate|p1b: escoba|move: Protect\n|-damage|p1a: concha rosa|71/100\n|-damage|p2b: Armarouge|90/100|[from] item: Life Orb\n|move|p1a: concha rosa|Trick Room|p1a: concha rosa\n|-fieldstart|move: Trick Room|[of] p1a: concha rosa\n|\n|upkeep\n|turn|2\n|\n|t:|1788403801\n|switch|p1b: vaca fogosa|Camerupt, L50, F, shiny|100/100\n|move|p2a: Whimsicott|Encore|p1a: concha rosa\n|-start|p1a: concha rosa|Encore\n|-enditem|p1a: concha rosa|Mental Herb\n|-end|p1a: concha rosa|Encore\n|move|p1a: concha rosa|Psychic|p2a: Whimsicott\n|-damage|p2a: Whimsicott|47/100\n|move|p2b: Armarouge|Expanding Force|p1b: vaca fogosa\n|-damage|p1b: vaca fogosa|20/100y\n|-damage|p2b: Armarouge|80/100|[from] item: Life Orb\n|\n|upkeep\n|turn|3\n|\n|t:|1788403847\n|switch|p2a: Heliolisk|Heliolisk, L50, M|100/100\n|detailschange|p1b: vaca fogosa|Camerupt-Mega, L50, F, shiny\n|-mega|p1b: vaca fogosa|Camerupt|Cameruptite\n|move|p1b: vaca fogosa|Earth Power|p2b: Armarouge\n|-supereffective|p2b: Armarouge|1\n|-damage|p2b: Armarouge|0 fnt\n|faint|p2b: Armarouge\n|move|p1a: concha rosa|Psychic|p2a: Heliolisk\n|-damage|p2a: Heliolisk|56/100\n|\n|upkeep\n|\n|t:|1788403868\n|switch|p2b: Whimsicott|Whimsicott, L50, M|47/100\n|turn|4\n|\n|t:|1788403881\n|move|p2b: Whimsicott|Protect|p2b: Whimsicott\n|-singleturn|p2b: Whimsicott|Protect\n|move|p1b: vaca fogosa|Earth Power|p2a: Heliolisk\n|-supereffective|p2a: Heliolisk|1\n|-damage|p2a: Heliolisk|0 fnt\n|faint|p2a: Heliolisk\n|move|p1a: concha rosa|Psychic|p2b: Whimsicott\n|-activate|p2b: Whimsicott|move: Protect\n|\n|-sideend|p2: pokeskyl|move: Tailwind\n|upkeep\n|l| LianPKG\n|\n|t:|1788403889\n|switch|p2a: Blastoise|Blastoise, L50, F|100/100\n|turn|5\n|\n|t:|1788403901\n|move|p1a: concha rosa|Helping Hand|p1b: vaca fogosa\n|-singleturn|p1b: vaca fogosa|Helping Hand|[of] p1a: concha rosa\n|move|p2a: Blastoise|Protect|p2a: Blastoise\n|-singleturn|p2a: Blastoise|Protect\n|move|p2b: Whimsicott|Tailwind|p2b: Whimsicott\n|-sidestart|p2: pokeskyl|move: Tailwind\n|move|p1b: vaca fogosa|Solar Beam||[still]\n|-prepare|p1b: vaca fogosa|Solar Beam\n|\n|-fieldend|move: Trick Room\n|upkeep\n|turn|6\n|\n|t:|1788403919\n|detailschange|p2a: Blastoise|Blastoise-Mega, L50, F\n|-mega|p2a: Blastoise|Blastoise|Blastoisinite\n|move|p1a: concha rosa|Protect|p1a: concha rosa\n|-singleturn|p1a: concha rosa|Protect\n|move|p2b: Whimsicott|Energy Ball|p1a: concha rosa\n|-activate|p1a: concha rosa|move: Protect\n|move|p2a: Blastoise|Water Spout|p1b: vaca fogosa|[spread] p1b\n|-activate|p1a: concha rosa|move: Protect\n|-supereffective|p1b: vaca fogosa|2\n|-damage|p1b: vaca fogosa|0 fnt\n|faint|p1b: vaca fogosa\n|\n|upkeep\n|\n|t:|1788403933\n|switch|p1b: mbappe|Torkoal, L50, M, shiny|100/100\n|-weather|SunnyDay|[from] ability: Drought|[of] p1b: mbappe\n|turn|7\n|\n|t:|1788403955\n|move|p1b: mbappe|Protect|p1b: mbappe\n|-singleturn|p1b: mbappe|Protect\n|move|p2b: Whimsicott|Energy Ball|p1a: concha rosa\n|-damage|p1a: concha rosa|47/100\n|move|p2a: Blastoise|Water Spout|p1b: mbappe|[spread] p1a\n|-activate|p1b: mbappe|move: Protect\n|-crit|p1a: concha rosa\n|-damage|p1a: concha rosa|17/100\n|move|p1a: concha rosa|Trick Room|p1a: concha rosa\n|-fieldstart|move: Trick Room|[of] p1a: concha rosa\n|\n|-weather|SunnyDay|[upkeep]\n|upkeep\n|turn|8\n|\n|t:|1788403984\n|move|p1a: concha rosa|Helping Hand|p1b: mbappe\n|-singleturn|p1b: mbappe|Helping Hand|[of] p1a: concha rosa\n|move|p2a: Blastoise|Protect|p2a: Blastoise\n|-singleturn|p2a: Blastoise|Protect\n|move|p1b: mbappe|Eruption|p2b: Whimsicott|[spread] p2b\n|-activate|p2a: Blastoise|move: Protect\n|-supereffective|p2b: Whimsicott|1\n|-damage|p2b: Whimsicott|0 fnt\n|faint|p2b: Whimsicott\n|\n|-weather|SunnyDay|[upkeep]\n|-sideend|p2: pokeskyl|move: Tailwind\n|upkeep\n|turn|9\n|\n|t:|1788403999\n|move|p1a: concha rosa|Helping Hand|p1b: mbappe\n|-singleturn|p1b: mbappe|Helping Hand|[of] p1a: concha rosa\n|move|p1b: mbappe|Solar Beam||[still]\n|-prepare|p1b: mbappe|Solar Beam\n|-anim|p1b: mbappe|Solar Beam|p2a: Blastoise\n|-supereffective|p2a: Blastoise|1\n|-damage|p2a: Blastoise|20/100y\n|move|p2a: Blastoise|Water Spout|p1b: mbappe|[spread] p1a,p1b\n|-supereffective|p1b: mbappe|1\n|-damage|p1a: concha rosa|14/100\n|-damage|p1b: mbappe|85/100\n|\n|-weather|SunnyDay|[upkeep]\n|upkeep\n|turn|10\n|c|☆pokeskyl|gg\n|\n|t:|1788404021\n|move|p1b: mbappe|Eruption|p2a: Blastoise\n|-resisted|p2a: Blastoise|1\n|-damage|p2a: Blastoise|0 fnt\n|faint|p2a: Blastoise\n|\n|win|michaelolisemessi\n|c| NewBurru|go game 2\n|l|☆michaelolisemessi\n|player|p1|\n","uploadtime":1788404038,"views":"4","formatid":"gen9championsvgc2026regmb","rating":null,"private":0,"password":null}