{"id":"gen9championsvgc2026regmb-2674251663","format":"[Gen 9 Champions] VGC 2026 Reg M-B","players":["Thornlace48812","comingfiora55"],"log":"|j|☆Thornlace48812\n|j|☆comingfiora55\n|t:|1788323689\n|gametype|doubles\n|player|p1|Thornlace48812|1|1124\n|player|p2|comingfiora55|hilbert-wonderlauncher|1078\n|gen|9\n|tier|[Gen 9 Champions] VGC 2026 Reg M-B\n|rated|\n|rule|Species Clause: Limit one of each Pokémon\n|rule|Item Clause: Limit 1 of each item\n|clearpoke\n|poke|p1|Garchomp, L50, F|\n|poke|p1|Charizard, L50, F|\n|poke|p1|Whimsicott, L50, M|\n|poke|p1|Sylveon, L50, M|\n|poke|p1|Kingambit, L50, M|\n|poke|p1|Basculegion, L50, M|\n|poke|p2|Hatterene, L50, F|\n|poke|p2|Kangaskhan, L50, F|\n|poke|p2|Mawile, L50, F|\n|poke|p2|Torkoal, L50, M|\n|poke|p2|Oranguru, L50, F|\n|poke|p2|Vileplume, L50, F|\n|teampreview|4\n|inactive|Battle timer is ON: inactive players will automatically lose when time's up. (requested by Thornlace48812)\nThornlace48812 rejected open team sheets.\n|inactive|comingfiora55 has 60 seconds left.\n|\n|t:|1788323721\n|teamsize|p1|4\n|teamsize|p2|4\n|start\n|switch|p1a: Charizard|Charizard, L50, F|100/100\n|switch|p1b: Whimsicott|Whimsicott, L50, M|100/100\n|switch|p2a: Kangaskhan|Kangaskhan, L50, F|100/100\n|switch|p2b: Oranguru|Oranguru, L50, F|100/100\n|turn|1\n|inactive|comingfiora55 has 30 seconds left.\n|\n|t:|1788323755\n|detailschange|p1a: Charizard|Charizard-Mega-Y, L50, F\n|-mega|p1a: Charizard|Charizard|Charizardite Y\n|-weather|SunnyDay|[from] ability: Drought|[of] p1a: Charizard\n|move|p2a: Kangaskhan|Fake Out|p1b: Whimsicott\n|-damage|p1b: Whimsicott|67/100\n|cant|p1b: Whimsicott|flinch\n|move|p1a: Charizard|Heat Wave|p2b: Oranguru|[spread] p2a,p2b\n|-damage|p2a: Kangaskhan|27/100\n|-damage|p2b: Oranguru|55/100\n|move|p2b: Oranguru|Trick Room|p2b: Oranguru\n|-fieldstart|move: Trick Room|[of] p2b: Oranguru\n|\n|-weather|SunnyDay|[upkeep]\n|upkeep\n|turn|2\n|\n|t:|1788323779\n|move|p1b: Whimsicott|Protect|p1b: Whimsicott\n|-singleturn|p1b: Whimsicott|Protect\n|move|p2b: Oranguru|Protect|p2b: Oranguru\n|-singleturn|p2b: Oranguru|Protect\n|move|p2a: Kangaskhan|Last Resort|p1a: Charizard\n|-damage|p1a: Charizard|8/100\n|move|p1a: Charizard|Heat Wave|p2b: Oranguru|[spread] p2a\n|-activate|p2b: Oranguru|move: Protect\n|-damage|p2a: Kangaskhan|0 fnt\n|faint|p2a: Kangaskhan\n|\n|-weather|SunnyDay|[upkeep]\n|upkeep\n|\n|t:|1788323791\n|switch|p2a: Torkoal|Torkoal, L50, M|100/100\n|turn|3\n|\n|t:|1788323800\n|move|p1a: Charizard|Protect|p1a: Charizard\n|-singleturn|p1a: Charizard|Protect\n|move|p1b: Whimsicott|Tailwind|p1b: Whimsicott\n|-sidestart|p1: Thornlace48812|move: Tailwind\n|move|p2a: Torkoal|Eruption|p1b: Whimsicott|[spread] p1b\n|-activate|p1a: Charizard|move: Protect\n|-supereffective|p1b: Whimsicott|1\n|-damage|p1b: Whimsicott|0 fnt\n|faint|p1b: Whimsicott\n|move|p2b: Oranguru|Instruct|p2a: Torkoal\n|-singleturn|p2a: Torkoal|move: Instruct|[of] p2b: Oranguru\n|move|p2a: Torkoal|Eruption|p1a: Charizard\n|-activate|p1a: Charizard|move: Protect\n|\n|-weather|SunnyDay|[upkeep]\n|upkeep\n|\n|t:|1788323800\n|switch|p1b: Sylveon|Sylveon, L50, M|100/100\n|turn|4\n|\n|t:|1788323820\n|move|p2a: Torkoal|Eruption|p1b: Sylveon|[spread] p1a,p1b\n|-resisted|p1a: Charizard|1\n|-damage|p1a: Charizard|0 fnt\n|-damage|p1b: Sylveon|35/100\n|faint|p1a: Charizard\n|move|p2b: Oranguru|Instruct|p2a: Torkoal\n|-singleturn|p2a: Torkoal|move: Instruct|[of] p2b: Oranguru\n|move|p2a: Torkoal|Eruption|p1b: Sylveon\n|-damage|p1b: Sylveon|0 fnt\n|faint|p1b: Sylveon\n|\n|-weather|SunnyDay|[upkeep]\n|upkeep\n|\n|t:|1788323820\n|switch|p1a: Kingambit|Kingambit, L50, M|100/100\n|-activate|p1a: Kingambit|ability: Supreme Overlord\n|-start|p1a: Kingambit|fallen3|[silent]\n|turn|5\n|inactive|comingfiora55 has 30 seconds left.\n|\n|t:|1788323849\n|move|p1a: Kingambit|Sucker Punch|p2a: Torkoal\n|-damage|p2a: Torkoal|50/100g\n|move|p2a: Torkoal|Heat Wave|p1a: Kingambit\n|-supereffective|p1a: Kingambit|1\n|-damage|p1a: Kingambit|0 fnt\n|faint|p1a: Kingambit\n|-end|p1a: Kingambit|fallen3|[silent]\n|\n|win|comingfiora55\n|raw|Thornlace48812's rating: 1084 &rarr; <strong>1061</strong><br />(-23 for losing)\n|raw|comingfiora55's rating: 1078 &rarr; <strong>1107</strong><br />(+29 for winning)\n","uploadtime":1788323849,"views":"0","formatid":"gen9championsvgc2026regmb","rating":1061,"private":0,"password":null}