{"id":"gen9championsvgc2026regmb-2674520110","format":"[Gen 9 Champions] VGC 2026 Reg M-B","players":["WilluBeMYGF?","Zordor"],"log":"|j|☆WilluBeMYGF?\n|j|☆Zordor\n|t:|1788369435\n|gametype|doubles\n|player|p1|WilluBeMYGF?|youngster-gen4dp|\n|player|p2|Zordor|pilot|\n|gen|9\n|tier|[Gen 9 Champions] VGC 2026 Reg M-B\n|rated|Tournament battle\n|rule|Species Clause: Limit one of each Pokémon\n|rule|Item Clause: Limit 1 of each item\n|raw|<div class=\"infobox\"><details class=\"readmore\" open><summary><strong>1 custom rule:</strong></summary> Force Open Team Sheets</details></div>\n|clearpoke\n|poke|p1|Incineroar, L50, F|\n|poke|p1|Floette-Eternal, L50, F|\n|poke|p1|Kingambit, L50, M|\n|poke|p1|Basculegion, L50, M|\n|poke|p1|Delphox, L50, M|\n|poke|p1|Sneasler, L50, M|\n|poke|p2|Venusaur, L50, F|\n|poke|p2|Primarina, L50, M|\n|poke|p2|Garchomp, L50, F|\n|poke|p2|Sneasler, L50, M|\n|poke|p2|Incineroar, L50, M|\n|poke|p2|Aerodactyl, L50, M|\n|teampreview|4\n|showteam|p1|Incineroar||SitrusBerry|Intimidate|FakeOut,ThroatChop,FlareBlitz,PartingShot|Impish||F|||50|]Floette-Eternal||Floettite|FlowerVeil|CalmMind,DrainingKiss,DazzlingGleam,Protect|Bold||F|||50|]Kingambit||BlackGlasses|Defiant|SuckerPunch,KowtowCleave,SwordsDance,Protect|Adamant||M|||50|]Basculegion||LifeOrb|Adaptability|WaveCrash,LastRespects,AquaJet,Protect|Adamant||M|||50|]Delphox||Delphoxite|Blaze|HeatWave,Psyshock,NastyPlot,Protect|Timid||M|||50|]Sneasler||FocusSash|PoisonTouch|FakeOut,PoisonJab,CloseCombat,QuickGuard|Jolly||M|||50|\n|showteam|p2|Venusaur||Venusaurite|Chlorophyll|GigaDrain,SludgeBomb,EarthPower,Protect|Modest||F|||50|]Primarina||Leftovers|LiquidVoice|HyperVoice,Moonblast,IceBeam,Protect|Modest||M|||50|]Garchomp||LumBerry|RoughSkin|DragonClaw,StompingTantrum,RockSlide,Protect|Jolly||F|||50|]Sneasler||FocusSash|Unburden|DireClaw,CloseCombat,QuickGuard,Protect|Jolly||M|||50|]Incineroar||SitrusBerry|Intimidate|FlareBlitz,ThroatChop,FakeOut,PartingShot|Adamant||M|||50|]Aerodactyl||Aerodactylite|Unnerve|RockSlide,DualWingbeat,Tailwind,Protect|Jolly||M|||50|\n|j| phoenix_589\n|inactive|Battle timer is ON: inactive players will automatically lose when time's up. (requested by Zordor)\n|inactive|WilluBeMYGF? has 60 seconds left.\n|inactive|WilluBeMYGF? has 30 seconds left.\n|inactive|WilluBeMYGF? has 20 seconds left.\n|inactive|WilluBeMYGF? has 15 seconds left.\n|inactive|WilluBeMYGF? has 10 seconds left.\n|\n|t:|1788369652\n|teamsize|p1|4\n|teamsize|p2|4\n|start\n|switch|p1a: Delphox|Delphox, L50, M|100/100\n|switch|p1b: Sneasler|Sneasler, L50, M|100/100\n|switch|p2a: Incineroar|Incineroar, L50, M|100/100\n|switch|p2b: Primarina|Primarina, L50, M|100/100\n|-ability|p2a: Incineroar|Intimidate|boost\n|-unboost|p1a: Delphox|atk|1\n|-unboost|p1b: Sneasler|atk|1\n|turn|1\n|\n|t:|1788369675\n|detailschange|p1a: Delphox|Delphox-Mega, L50, M\n|-mega|p1a: Delphox|Delphox|Delphoxite\n|move|p1b: Sneasler|Fake Out|p2b: Primarina\n|-damage|p2b: Primarina|90/100\n|move|p2a: Incineroar|Fake Out|p1a: Delphox\n|-damage|p1a: Delphox|85/100\n|cant|p1a: Delphox|flinch\n|cant|p2b: Primarina|flinch\n|\n|-heal|p2b: Primarina|96/100|[from] item: Leftovers\n|upkeep\n|turn|2\n|inactive|WilluBeMYGF? has 30 seconds left.\n|inactive|Zordor has 30 seconds left.\n|\n|t:|1788369704\n|move|p1a: Delphox|Protect|p1a: Delphox\n|-singleturn|p1a: Delphox|Protect\n|move|p1b: Sneasler|Poison Jab|p2b: Primarina\n|-supereffective|p2b: Primarina|1\n|-damage|p2b: Primarina|35/100\n|move|p2b: Primarina|Hyper Voice|p1b: Sneasler|[spread] p1b\n|-activate|p1a: Delphox|move: Protect\n|-crit|p1b: Sneasler\n|-damage|p1b: Sneasler|30/100\n|move|p2a: Incineroar|Throat Chop|p1a: Delphox\n|-activate|p1a: Delphox|move: Protect\n|\n|-heal|p2b: Primarina|41/100|[from] item: Leftovers\n|upkeep\n|turn|3\n|\n|t:|1788369723\n|switch|p2b: Garchomp|Garchomp, L50, F|100/100\n|move|p1a: Delphox|Nasty Plot|p1a: Delphox\n|-boost|p1a: Delphox|spa|2\n|move|p1b: Sneasler|Poison Jab|p2b: Garchomp\n|-resisted|p2b: Garchomp|1\n|-damage|p2b: Garchomp|88/100\n|-damage|p1b: Sneasler|18/100|[from] ability: Rough Skin|[of] p2b: Garchomp\n|move|p2a: Incineroar|Parting Shot|p1a: Delphox\n|-unboost|p1a: Delphox|atk|1\n|-unboost|p1a: Delphox|spa|1\n|\n|t:|1788369731\n|switch|p2a: Primarina|Primarina, L50, M|41/100|[from] Parting Shot\n|\n|-heal|p2a: Primarina|47/100|[from] item: Leftovers\n|upkeep\n|turn|4\n|\n|t:|1788369752\n|switch|p1b: Incineroar|Incineroar, L50, F|100/100\n|-ability|p1b: Incineroar|Intimidate|boost\n|-unboost|p2a: Primarina|atk|1\n|-unboost|p2b: Garchomp|atk|1\n|switch|p2a: Incineroar|Incineroar, L50, M|100/100\n|-ability|p2a: Incineroar|Intimidate|boost\n|-unboost|p1a: Delphox|atk|1\n|-unboost|p1b: Incineroar|atk|1\n|move|p1a: Delphox|Psyshock|p2a: Incineroar\n|-immune|p2a: Incineroar\n|move|p2b: Garchomp|Rock Slide|p1b: Incineroar|[spread] p1a\n|-miss|p2b: Garchomp|p1b: Incineroar\n|-supereffective|p1a: Delphox|1\n|-damage|p1a: Delphox|54/100\n|\n|upkeep\n|turn|5\n|j| Vibes9\n|l| Vibes9\n|\n|t:|1788369775\n|switch|p1b: Basculegion|Basculegion, L50, M|100/100\n|move|p1a: Delphox|Protect|p1a: Delphox\n|-singleturn|p1a: Delphox|Protect\n|move|p2a: Incineroar|Fake Out|p1b: Basculegion\n|-immune|p1b: Basculegion\n|move|p2b: Garchomp|Rock Slide|p1a: Delphox|[spread] p1b\n|-activate|p1a: Delphox|move: Protect\n|-damage|p1b: Basculegion|84/100\n|\n|upkeep\n|turn|6\n|inactive|Zordor has 30 seconds left.\n|\n|t:|1788369805\n|switch|p2a: Primarina|Primarina, L50, M|47/100\n|move|p1a: Delphox|Nasty Plot|p1a: Delphox\n|-boost|p1a: Delphox|spa|2\n|move|p2b: Garchomp|Rock Slide|p1b: Basculegion|[spread] p1a,p1b\n|-supereffective|p1a: Delphox|1\n|-damage|p1a: Delphox|26/100\n|-damage|p1b: Basculegion|67/100\n|move|p1b: Basculegion|Wave Crash|p2a: Primarina\n|-resisted|p2a: Primarina|1\n|-damage|p2a: Primarina|0 fnt\n|faint|p2a: Primarina\n|-damage|p1b: Basculegion|52/100|[from] Recoil\n|-damage|p1b: Basculegion|43/100|[from] item: Life Orb\n|\n|upkeep\n|\n|t:|1788369817\n|switch|p2a: Incineroar|Incineroar, L50, M|100/100\n|-ability|p2a: Incineroar|Intimidate|boost\n|-unboost|p1a: Delphox|atk|1\n|-unboost|p1b: Basculegion|atk|1\n|turn|7\n|\n|t:|1788369834\n|switch|p1b: Incineroar|Incineroar, L50, F|100/100\n|-ability|p1b: Incineroar|Intimidate|boost\n|-unboost|p2a: Incineroar|atk|1\n|-unboost|p2b: Garchomp|atk|1\n|switch|p2a: Venusaur|Venusaur, L50, F|100/100\n|move|p1a: Delphox|Protect|p1a: Delphox\n|-singleturn|p1a: Delphox|Protect\n|move|p2b: Garchomp|Dragon Claw|p1b: Incineroar\n|-damage|p1b: Incineroar|83/100\n|\n|upkeep\n|turn|8\n|inactive|Zordor has 30 seconds left.\n|\n|t:|1788369863\n|switch|p2a: Incineroar|Incineroar, L50, M|100/100\n|-ability|p2a: Incineroar|Intimidate|boost\n|-unboost|p1a: Delphox|atk|1\n|-unboost|p1b: Incineroar|atk|1\n|move|p1a: Delphox|Protect||[still]\n|-fail|p1a: Delphox\n|move|p2b: Garchomp|Dragon Claw|p1a: Delphox\n|-damage|p1a: Delphox|5/100\n|move|p1b: Incineroar|Parting Shot|p2b: Garchomp\n|-unboost|p2b: Garchomp|atk|1\n|-unboost|p2b: Garchomp|spa|1\n|\n|t:|1788369873\n|switch|p1b: Sneasler|Sneasler, L50, M|18/100|[from] Parting Shot\n|\n|upkeep\n|turn|9\n|\n|t:|1788369888\n|switch|p2a: Venusaur|Venusaur, L50, F|100/100\n|move|p2b: Garchomp|Protect|p2b: Garchomp\n|-singleturn|p2b: Garchomp|Protect\n|move|p1b: Sneasler|Fake Out|p2a: Venusaur\n|-damage|p2a: Venusaur|83/100\n|move|p1a: Delphox|Psyshock|p2b: Garchomp\n|-activate|p2b: Garchomp|move: Protect\n|\n|upkeep\n|turn|10\n|inactive|Zordor has 30 seconds left.\n|\n|t:|1788369919\n|switch|p1b: Incineroar|Incineroar, L50, F|83/100\n|-ability|p1b: Incineroar|Intimidate|boost\n|-unboost|p2a: Venusaur|atk|1\n|-unboost|p2b: Garchomp|atk|1\n|detailschange|p2a: Venusaur|Venusaur-Mega, L50, F\n|-mega|p2a: Venusaur|Venusaur|Venusaurite\n|move|p1a: Delphox|Protect|p1a: Delphox\n|-singleturn|p1a: Delphox|Protect\n|move|p2b: Garchomp|Dragon Claw|p1a: Delphox\n|-activate|p1a: Delphox|move: Protect\n|move|p2a: Venusaur|Sludge Bomb|p1a: Delphox\n|-activate|p1a: Delphox|move: Protect\n|\n|upkeep\n|turn|11\n|\n|t:|1788369942\n|switch|p2b: Incineroar|Incineroar, L50, M|100/100\n|-ability|p2b: Incineroar|Intimidate|boost\n|-unboost|p1a: Delphox|atk|1\n|-unboost|p1b: Incineroar|atk|1\n|move|p2a: Venusaur|Protect|p2a: Venusaur\n|-singleturn|p2a: Venusaur|Protect\n|move|p1b: Incineroar|Fake Out|p2b: Incineroar\n|-damage|p2b: Incineroar|94/100\n|move|p1a: Delphox|Heat Wave|p2a: Venusaur|[spread] p2b\n|-activate|p2a: Venusaur|move: Protect\n|-resisted|p2b: Incineroar|1\n|-damage|p2b: Incineroar|55/100\n|\n|upkeep\n|turn|12\n|\n|t:|1788369957\n|move|p1a: Delphox|Protect|p1a: Delphox\n|-singleturn|p1a: Delphox|Protect\n|move|p2a: Venusaur|Earth Power|p1b: Incineroar\n|-supereffective|p1b: Incineroar|1\n|-damage|p1b: Incineroar|31/100\n|-unboost|p1b: Incineroar|spd|1\n|-enditem|p1b: Incineroar|Sitrus Berry|[eat]\n|-heal|p1b: Incineroar|55/100|[from] item: Sitrus Berry\n|move|p2b: Incineroar|Throat Chop|p1b: Incineroar\n|-resisted|p1b: Incineroar|1\n|-damage|p1b: Incineroar|42/100\n|-start|p1b: Incineroar|Throat Chop|[silent]\n|move|p1b: Incineroar|Throat Chop|p2b: Incineroar\n|-resisted|p2b: Incineroar|1\n|-damage|p2b: Incineroar|46/100\n|-start|p2b: Incineroar|Throat Chop|[silent]\n|-enditem|p2b: Incineroar|Sitrus Berry|[eat]\n|-heal|p2b: Incineroar|70/100|[from] item: Sitrus Berry\n|\n|upkeep\n|turn|13\n|\n|t:|1788369982\n|move|p2a: Venusaur|Protect|p2a: Venusaur\n|-singleturn|p2a: Venusaur|Protect\n|move|p1a: Delphox|Heat Wave|p2b: Incineroar|[spread] p2b\n|-activate|p2a: Venusaur|move: Protect\n|-resisted|p2b: Incineroar|1\n|-damage|p2b: Incineroar|26/100\n|move|p2b: Incineroar|Throat Chop|p1a: Delphox\n|-supereffective|p1a: Delphox|1\n|-damage|p1a: Delphox|0 fnt\n|faint|p1a: Delphox\n|move|p1b: Incineroar|Flare Blitz|p2b: Incineroar\n|-resisted|p2b: Incineroar|1\n|-damage|p2b: Incineroar|12/100\n|-damage|p1b: Incineroar|38/100|[from] Recoil\n|\n|-end|p2b: Incineroar|Throat Chop|[silent]\n|-end|p1b: Incineroar|Throat Chop|[silent]\n|upkeep\n|\n|t:|1788369988\n|switch|p1a: Basculegion|Basculegion, L50, M|43/100\n|turn|14\n|\n|t:|1788369996\n|move|p1a: Basculegion|Last Respects|p2a: Venusaur\n|-damage|p2a: Venusaur|14/100\n|-damage|p1a: Basculegion|33/100|[from] item: Life Orb\n|move|p2a: Venusaur|Giga Drain|p1a: Basculegion\n|-supereffective|p1a: Basculegion|1\n|-damage|p1a: Basculegion|0 fnt\n|-heal|p2a: Venusaur|32/100|[from] drain|[of] p1a: Basculegion\n|faint|p1a: Basculegion\n|move|p2b: Incineroar|Throat Chop|p1b: Incineroar\n|-resisted|p1b: Incineroar|1\n|-damage|p1b: Incineroar|25/100\n|-start|p1b: Incineroar|Throat Chop|[silent]\n|move|p1b: Incineroar|Flare Blitz|p2b: Incineroar\n|-resisted|p2b: Incineroar|1\n|-damage|p2b: Incineroar|0 fnt\n|faint|p2b: Incineroar\n|-damage|p1b: Incineroar|21/100|[from] Recoil\n|\n|upkeep\n|\n|t:|1788370008\n|switch|p1a: Sneasler|Sneasler, L50, M|18/100\n|switch|p2b: Garchomp|Garchomp, L50, F|88/100\n|turn|15\n|-message|WilluBeMYGF? forfeited.\n|\n|win|Zordor\n|n|☆WilluBeMYGF?|willubemygf\n|n|☆Zordor|zordor\n|n| phoenix_589|phoenix589\n|l|☆WilluBeMYGF?\n|player|p1|\n","uploadtime":1788370028,"views":"10","formatid":"gen9championsvgc2026regmb","rating":null,"private":0,"password":null}