{"id":"gen9championsvgc2026regmb-2674771065","format":"[Gen 9 Champions] VGC 2026 Reg M-B","players":["timovanlier3","Meep1203"],"log":"|j|☆timovanlier3\n|j|☆Meep1203\n|t:|1788403662\n|gametype|doubles\n|player|p1|timovanlier3|266|1083\n|player|p2|Meep1203|2|1057\n|gen|9\n|tier|[Gen 9 Champions] VGC 2026 Reg M-B\n|rated|\n|rule|Species Clause: Limit one of each Pokémon\n|rule|Item Clause: Limit 1 of each item\n|clearpoke\n|poke|p1|Alcremie, L50, F|\n|poke|p1|Sableye, L50, M|\n|poke|p1|Overqwil, L50, M|\n|poke|p1|Sinistcha, L50|\n|poke|p1|Blaziken, L50, M|\n|poke|p1|Empoleon, L50, F|\n|poke|p2|Sneasler, L50, M|\n|poke|p2|Blaziken, L50, F|\n|poke|p2|Volcarona, L50, F|\n|poke|p2|Metagross, L50|\n|poke|p2|Espathra, L50, F|\n|poke|p2|Whimsicott, L50, M|\n|teampreview|4\n|inactive|Battle timer is ON: inactive players will automatically lose when time's up. (requested by Meep1203)\n|inactive|timovanlier3 also wants the timer to be on.\nMeep1203 rejected open team sheets.\n|inactive|timovanlier3 has 60 seconds left.\n|inactive|Meep1203 has 60 seconds left.\n|\n|t:|1788403709\n|teamsize|p1|4\n|teamsize|p2|4\n|start\n|switch|p1a: Sableye|Sableye, L50, M|100/100\n|switch|p1b: Overqwil|Overqwil, L50, M|100/100\n|switch|p2a: Sneasler|Sneasler, L50, M|100/100\n|switch|p2b: Volcarona|Volcarona, L50, F|100/100\n|-ability|p1b: Overqwil|Intimidate|boost\n|-unboost|p2a: Sneasler|atk|1\n|-unboost|p2b: Volcarona|atk|1\n|turn|1\n|\n|t:|1788403728\n|move|p2a: Sneasler|Fake Out|p1b: Overqwil\n|-damage|p1b: Overqwil|91/100\n|move|p1a: Sableye|Fake Out|p2b: Volcarona\n|-damage|p2b: Volcarona|86/100\n|-status|p1a: Sableye|brn|[from] ability: Flame Body|[of] p2b: Volcarona\n|cant|p2b: Volcarona|flinch\n|cant|p1b: Overqwil|flinch\n|\n|-damage|p1a: Sableye|94/100 brn|[from] brn\n|upkeep\n|turn|2\n|\n|t:|1788403741\n|move|p1a: Sableye|Skill Swap|p1b: Overqwil\n|-activate|p1a: Sableye|Skill Swap|||[of] p1b: Overqwil\n|-hint|Skill Swap does not announce the abilities of the Pokémon when used between allies.\n|-ability|p1a: Sableye|Intimidate|boost\n|-unboost|p2a: Sneasler|atk|1\n|-unboost|p2b: Volcarona|atk|1\n|move|p1b: Overqwil|Minimize|p1b: Overqwil\n|-boost|p1b: Overqwil|evasion|2\n|move|p2a: Sneasler|Fling|p1b: Overqwil\n|-resisted|p1b: Overqwil|1\n|-damage|p1b: Overqwil|88/100\n|-enditem|p2a: Sneasler|King's Rock|[from] move: Fling\n|move|p2b: Volcarona|Quiver Dance|p2b: Volcarona\n|-boost|p2b: Volcarona|spa|1\n|-boost|p2b: Volcarona|spd|1\n|-boost|p2b: Volcarona|spe|1\n|\n|-damage|p1a: Sableye|88/100 brn|[from] brn\n|upkeep\n|turn|3\n|inactive|timovanlier3 has 30 seconds left.\n|inactive|Meep1203 has 30 seconds left.\n|inactive|timovanlier3 has 20 seconds left.\n|inactive|Meep1203 has 20 seconds left.\n|inactive|Meep1203 has 15 seconds left.\n|\n|t:|1788403788\n|move|p1b: Overqwil|Minimize|p1b: Overqwil\n|-boost|p1b: Overqwil|evasion|2\n|move|p2a: Sneasler|Close Combat|p1b: Overqwil|[miss]\n|-miss|p2a: Sneasler|p1b: Overqwil\n|move|p2b: Volcarona|Bug Buzz|p1b: Overqwil\n|-damage|p1b: Overqwil|22/100\n|-enditem|p1b: Overqwil|Sitrus Berry|[eat]\n|-heal|p1b: Overqwil|47/100|[from] item: Sitrus Berry\n|move|p1a: Sableye|Snarl|p2a: Sneasler|[spread] p2a,p2b\n|-resisted|p2a: Sneasler|1\n|-damage|p2a: Sneasler|93/100\n|-damage|p2b: Volcarona|79/100\n|-unboost|p2a: Sneasler|spa|1\n|-unboost|p2b: Volcarona|spa|1\n|\n|-damage|p1a: Sableye|82/100 brn|[from] brn\n|upkeep\n|turn|4\n|inactive|timovanlier3 has 30 seconds left.\n|\n|t:|1788403814\n|detailschange|p1a: Sableye|Sableye-Mega, L50, M\n|-mega|p1a: Sableye|Sableye|Sablenite\n|move|p1b: Overqwil|Minimize|p1b: Overqwil\n|-boost|p1b: Overqwil|evasion|2\n|move|p2a: Sneasler|Acrobatics|p1a: Sableye\n|-damage|p1a: Sableye|64/100 brn\n|move|p2b: Volcarona|Bug Buzz|p1b: Overqwil|[miss]\n|-miss|p2b: Volcarona|p1b: Overqwil\n|move|p1a: Sableye|Snarl|p2a: Sneasler|[spread] p2a\n|-miss|p1a: Sableye|p2b: Volcarona\n|-resisted|p2a: Sneasler|1\n|-damage|p2a: Sneasler|84/100\n|-unboost|p2a: Sneasler|spa|1\n|\n|-damage|p1a: Sableye|59/100 brn|[from] brn\n|upkeep\n|turn|5\n|\n|t:|1788403834\n|move|p1b: Overqwil|Substitute|p1b: Overqwil\n|-start|p1b: Overqwil|Substitute\n|-damage|p1b: Overqwil|22/100\n|move|p2a: Sneasler|Close Combat|p1b: Overqwil\n|-end|p1b: Overqwil|Substitute\n|-unboost|p2a: Sneasler|def|1\n|-unboost|p2a: Sneasler|spd|1\n|move|p2b: Volcarona|Bug Buzz|p1b: Overqwil|[miss]\n|-miss|p2b: Volcarona|p1b: Overqwil\n|move|p1a: Sableye|Snarl|p2b: Volcarona|[spread] p2a,p2b\n|-resisted|p2a: Sneasler|1\n|-damage|p2a: Sneasler|71/100\n|-damage|p2b: Volcarona|70/100\n|-unboost|p2a: Sneasler|spa|1\n|-unboost|p2b: Volcarona|spa|1\n|\n|-damage|p1a: Sableye|53/100 brn|[from] brn\n|upkeep\n|turn|6\n|\n|t:|1788403855\n|switch|p1a: Sinistcha|Sinistcha, L50|100/100\n|-heal|p1b: Overqwil|47/100|[from] ability: Hospitality|[of] p1a: Sinistcha\n|move|p1b: Overqwil|Substitute|p1b: Overqwil\n|-start|p1b: Overqwil|Substitute\n|-damage|p1b: Overqwil|22/100\n|move|p2a: Sneasler|Acrobatics|p1a: Sinistcha\n|-supereffective|p1a: Sinistcha|1\n|-damage|p1a: Sinistcha|74/100\n|move|p2b: Volcarona|Heat Wave|p1a: Sinistcha|[spread] p1a\n|-miss|p2b: Volcarona|p1b: Overqwil\n|-supereffective|p1a: Sinistcha|1\n|-damage|p1a: Sinistcha|13/100\n|\n|upkeep\n|turn|7\n|\n|t:|1788403878\n|switch|p1a: Alcremie|Alcremie, L50, F|100/100\n|move|p1b: Overqwil|Stockpile|p1b: Overqwil\n|-start|p1b: Overqwil|stockpile1\n|-boost|p1b: Overqwil|def|1\n|-boost|p1b: Overqwil|spd|1\n|move|p2a: Sneasler|Acrobatics|p1a: Alcremie\n|-damage|p1a: Alcremie|78/100\n|move|p2b: Volcarona|Bug Buzz|p1b: Overqwil|[miss]\n|-miss|p2b: Volcarona|p1b: Overqwil\n|\n|-heal|p1a: Alcremie|84/100|[from] item: Leftovers\n|upkeep\n|turn|8\n|inactive|timovanlier3 has 30 seconds left.\n|\n|t:|1788403905\n|move|p1b: Overqwil|Stockpile|p1b: Overqwil\n|-start|p1b: Overqwil|stockpile2\n|-boost|p1b: Overqwil|def|1\n|-boost|p1b: Overqwil|spd|1\n|move|p2a: Sneasler|Acrobatics|p1a: Alcremie\n|-damage|p1a: Alcremie|65/100\n|move|p2b: Volcarona|Heat Wave|p1a: Alcremie|[spread] p1a,p1b\n|-activate|p1b: Overqwil|move: Substitute|[damage]\n|-damage|p1a: Alcremie|42/100\n|move|p1a: Alcremie|Light Screen|p1a: Alcremie\n|-sidestart|p1: timovanlier3|move: Light Screen\n|\n|-heal|p1a: Alcremie|48/100|[from] item: Leftovers\n|upkeep\n|turn|9\n|\n|t:|1788403923\n|move|p1b: Overqwil|Stockpile|p1b: Overqwil\n|-start|p1b: Overqwil|stockpile3\n|-boost|p1b: Overqwil|def|1\n|-boost|p1b: Overqwil|spd|1\n|move|p2a: Sneasler|Acrobatics|p1a: Alcremie\n|-damage|p1a: Alcremie|29/100\n|move|p2b: Volcarona|Heat Wave|p1a: Alcremie|[spread] p1a\n|-miss|p2b: Volcarona|p1b: Overqwil\n|-damage|p1a: Alcremie|15/100\n|move|p1a: Alcremie|Decorate||[still]\n|-fail|p1a: Alcremie\n|\n|-heal|p1a: Alcremie|20/100y|[from] item: Leftovers\n|upkeep\n|turn|10\n|inactive|timovanlier3 has 30 seconds left.\n|\n|t:|1788403953\n|switch|p1a: Sinistcha|Sinistcha, L50|13/100\n|-heal|p1b: Overqwil|47/100|[from] ability: Hospitality|[of] p1a: Sinistcha\n|move|p2a: Sneasler|Acrobatics|p1a: Sinistcha\n|-supereffective|p1a: Sinistcha|1\n|-damage|p1a: Sinistcha|0 fnt\n|faint|p1a: Sinistcha\n|move|p2b: Volcarona|Heat Wave|p1b: Overqwil\n|-activate|p1b: Overqwil|move: Substitute|[damage]\n|move|p1b: Overqwil|Barb Barrage|p2b: Volcarona\n|-damage|p2b: Volcarona|31/100\n|\n|upkeep\n|\n|t:|1788403969\n|switch|p1a: Sableye|Sableye-Mega, L50, M|53/100 brn\n|turn|11\n|\n|t:|1788403978\n|move|p1a: Sableye|Fake Out|p2a: Sneasler\n|-damage|p2a: Sneasler|60/100\n|cant|p2a: Sneasler|flinch\n|move|p2b: Volcarona|Quiver Dance|p2b: Volcarona\n|-boost|p2b: Volcarona|spa|1\n|-boost|p2b: Volcarona|spd|1\n|-boost|p2b: Volcarona|spe|1\n|move|p1b: Overqwil|Barb Barrage|p2a: Sneasler\n|-resisted|p2a: Sneasler|1\n|-damage|p2a: Sneasler|29/100\n|\n|-damage|p1a: Sableye|47/100 brn|[from] brn\n|upkeep\n|turn|12\n|inactive|timovanlier3 has 30 seconds left.\n|\n|t:|1788404005\n|move|p2a: Sneasler|Acrobatics|p1a: Sableye\n|-damage|p1a: Sableye|31/100 brn\n|move|p2b: Volcarona|Bug Buzz|p1a: Sableye\n|-damage|p1a: Sableye|1/100 brn\n|move|p1b: Overqwil|Barb Barrage|p2a: Sneasler\n|-resisted|p2a: Sneasler|1\n|-damage|p2a: Sneasler|0 fnt\n|faint|p2a: Sneasler\n|move|p1a: Sableye|Reflect|p1a: Sableye\n|-sidestart|p1: timovanlier3|Reflect\n|\n|-damage|p1a: Sableye|0 fnt|[from] brn\n|faint|p1a: Sableye\n|-sideend|p1: timovanlier3|move: Light Screen\n|upkeep\n|\n|t:|1788404018\n|switch|p2a: Metagross|Metagross, L50|100/100\n|switch|p1a: Alcremie|Alcremie, L50, F|20/100y\n|turn|13\n|\n|t:|1788404031\n|detailschange|p2a: Metagross|Metagross-Mega, L50\n|-mega|p2a: Metagross|Metagross|Metagrossite\n|move|p2b: Volcarona|Bug Buzz|p1a: Alcremie\n|-resisted|p1a: Alcremie|1\n|-damage|p1a: Alcremie|0 fnt\n|faint|p1a: Alcremie\n|move|p2a: Metagross|Psych Up|p1b: Overqwil\n|-copyboost|p2a: Metagross|p1b: Overqwil|[from] move: Psych Up\n|move|p1b: Overqwil|Barb Barrage|p2a: Metagross\n|-immune|p2a: Metagross\n|\n|upkeep\n|turn|14\n|-message|timovanlier3 forfeited.\n|\n|win|Meep1203\n|raw|timovanlier3's rating: 1083 &rarr; <strong>1059</strong><br />(-24 for losing)\n|raw|Meep1203's rating: 1057 &rarr; <strong>1091</strong><br />(+34 for winning)\n|l|☆timovanlier3\n|player|p1|\n","uploadtime":1788404049,"views":"9","formatid":"gen9championsvgc2026regmb","rating":1059,"private":0,"password":null}