{"id":"gen9championsvgc2026regmb-2674663086","format":"[Gen 9 Champions] VGC 2026 Reg M-B","players":["matchbow2","fishy justice"],"log":"|j|☆matchbow2\n|j|☆fishy justice\n|html|<table width=\"100%\"><tr><td align=\"left\">matchbow2</td><td align=\"right\">fishy justice</tr><tr><td align=\"left\"><i class=\"fa fa-circle\"></i> <i class=\"fa fa-circle-o\"></i> </td><td align=\"right\"><i class=\"fa fa-circle-o\"></i> <i class=\"fa fa-circle-o\"></i> </tr></table>\n|uhtml|bestof|<h2><strong>Game 2</strong> of <a href=\"/game-bestof3-gen9championsvgc2026regmb-2674659987\">a best-of-3</a></h2>\n|t:|1788386948\n|gametype|doubles\n|player|p1|matchbow2|169|\n|player|p2|fishy justice|veteranf|\n|gen|9\n|tier|[Gen 9 Champions] VGC 2026 Reg M-B\n|rule|Species Clause: Limit one of each Pokémon\n|rule|Item Clause: Limit 1 of each item\n|raw|<div class=\"infobox\"><details class=\"readmore\" open><summary><strong>1 custom rule:</strong></summary> Best of = 3</details></div>\n|clearpoke\n|poke|p1|Goodra-Hisui, L50, F|\n|poke|p1|Basculegion-F, L50, F|\n|poke|p1|Eelektross, L50, M|\n|poke|p1|Corviknight, L50, F|\n|poke|p1|Annihilape, L50, F|\n|poke|p1|Arcanine, L50, M|\n|poke|p2|Goodra, L50, F|\n|poke|p2|Meowstic, L50, M|\n|poke|p2|Sceptile, L50, M|\n|poke|p2|Primarina, L50, M|\n|poke|p2|Overqwil, L50, F|\n|poke|p2|Maushold, L50|\n|teampreview|4\n|j| fenixyyy\n|j| Myst66\nfishy justice rejected open team sheets.\n|\n|t:|1788387144\n|teamsize|p1|4\n|teamsize|p2|4\n|start\n|switch|p1a: Corviknight|Corviknight, L50, F|100/100\n|switch|p1b: Arcanine|Arcanine, L50, M|100/100\n|switch|p2a: Overqwil|Overqwil, L50, F|100/100\n|switch|p2b: Meowstic|Meowstic, L50, M|100/100\n|-ability|p1a: Corviknight|Unnerve\n|turn|1\n|\n|t:|1788387204\n|move|p2b: Meowstic|Rain Dance|p2b: Meowstic\n|-weather|RainDance\n|move|p2a: Overqwil|Minimize|p2a: Overqwil\n|-boost|p2a: Overqwil|evasion|2\n|move|p1b: Arcanine|Burn Up|p2a: Overqwil|[miss]\n|-miss|p1b: Arcanine|p2a: Overqwil\n|move|p1a: Corviknight|Tailwind|p1a: Corviknight\n|-sidestart|p1: matchbow2|move: Tailwind\n|\n|-weather|RainDance|[upkeep]\n|upkeep\n|turn|2\n|\n|t:|1788387227\n|move|p1b: Arcanine|Scorching Sands|p2a: Overqwil\n|-supereffective|p2a: Overqwil|1\n|-damage|p2a: Overqwil|40/100\n|-status|p2a: Overqwil|brn\n|move|p2a: Overqwil|Toxic Spikes|p1b: Arcanine\n|-sidestart|p1: matchbow2|move: Toxic Spikes\n|move|p1a: Corviknight|Brave Bird|p2a: Overqwil|[miss]\n|-miss|p1a: Corviknight|p2a: Overqwil\n|move|p2b: Meowstic|Thunderbolt|p1a: Corviknight\n|-supereffective|p1a: Corviknight|1\n|-damage|p1a: Corviknight|55/100\n|\n|-weather|RainDance|[upkeep]\n|-damage|p2a: Overqwil|34/100 brn|[from] brn\n|upkeep\n|turn|3\n|c|☆matchbow2|brutal\n|\n|t:|1788387275\n|switch|p2a: Primarina|Primarina, L50, M|100/100\n|switch|p1a: Eelektross|Eelektross, L50, M|100/100\n|move|p1b: Arcanine|Howl|p1b: Arcanine|[spread] p1a,p1b\n|-boost|p1a: Eelektross|atk|1\n|-boost|p1b: Arcanine|atk|1\n|move|p2b: Meowstic|Thunderbolt|p1a: Eelektross\n|-resisted|p1a: Eelektross|1\n|-damage|p1a: Eelektross|85/100\n|\n|-weather|RainDance|[upkeep]\n|upkeep\n|turn|4\n|\n|t:|1788387308\n|switch|p2a: Goodra|Goodra, L50, F|100/100\n|detailschange|p1a: Eelektross|Eelektross-Mega, L50, M\n|-mega|p1a: Eelektross|Eelektross|Eelektrossite\n|move|p2b: Meowstic|Light Screen|p2b: Meowstic\n|-sidestart|p2: fishy justice|move: Light Screen\n|move|p1b: Arcanine|Snarl|p2b: Meowstic|[spread] p2a,p2b\n|-supereffective|p2b: Meowstic|1\n|-crit|p2b: Meowstic\n|-damage|p2a: Goodra|95/100\n|-damage|p2b: Meowstic|44/100\n|-unboost|p2a: Goodra|spa|1\n|-unboost|p2b: Meowstic|spa|1\n|move|p1a: Eelektross|Wild Charge|p2b: Meowstic\n|-damage|p2b: Meowstic|0 fnt\n|faint|p2b: Meowstic\n|-ability|p1a: Eelektross|Eelevate|boost\n|-boost|p1a: Eelektross|atk|1\n|-damage|p1a: Eelektross|75/100|[from] Recoil\n|\n|-weather|RainDance|[upkeep]\n|-sideend|p1: matchbow2|move: Tailwind\n|upkeep\n|\n|t:|1788387327\n|switch|p2b: Primarina|Primarina, L50, M|100/100\n|turn|5\n|\n|t:|1788387345\n|move|p1b: Arcanine|Snarl|p2a: Goodra|[spread] p2a,p2b\n|-resisted|p2b: Primarina|1\n|-damage|p2a: Goodra|90/100\n|-damage|p2b: Primarina|96/100\n|-unboost|p2a: Goodra|spa|1\n|-unboost|p2b: Primarina|spa|1\n|move|p1a: Eelektross|Dragon Claw|p2a: Goodra\n|-supereffective|p2a: Goodra|1\n|-damage|p2a: Goodra|0 fnt\n|faint|p2a: Goodra\n|-ability|p1a: Eelektross|Eelevate|boost\n|-boost|p1a: Eelektross|atk|1\n|move|p2b: Primarina|Hyper Voice|p1b: Arcanine|[spread] p1a,p1b\n|-supereffective|p1b: Arcanine|1\n|-damage|p1a: Eelektross|19/100\n|-damage|p1b: Arcanine|0 fnt\n|faint|p1b: Arcanine\n|-damage|p2b: Primarina|86/100|[from] item: Life Orb\n|\n|-weather|none\n|upkeep\n|\n|t:|1788387365\n|switch|p1b: Corviknight|Corviknight, L50, F|55/100\n|switch|p2a: Overqwil|Overqwil, L50, F|34/100 brn\n|-ability|p1b: Corviknight|Unnerve\n|turn|6\n|\n|t:|1788387382\n|move|p1a: Eelektross|Protect|p1a: Eelektross\n|-singleturn|p1a: Eelektross|Protect\n|move|p2a: Overqwil|Minimize|p2a: Overqwil\n|-boost|p2a: Overqwil|evasion|2\n|move|p1b: Corviknight|Tailwind|p1b: Corviknight\n|-sidestart|p1: matchbow2|move: Tailwind\n|move|p2b: Primarina|Hyper Voice|p1a: Eelektross|[spread] p1b\n|-activate|p1a: Eelektross|move: Protect\n|-damage|p1b: Corviknight|24/100\n|-damage|p2b: Primarina|77/100|[from] item: Life Orb\n|\n|-damage|p2a: Overqwil|28/100 brn|[from] brn\n|upkeep\n|turn|7\n|\n|t:|1788387419\n|move|p1a: Eelektross|Wild Charge|p2b: Primarina\n|-supereffective|p2b: Primarina|1\n|-damage|p2b: Primarina|0 fnt\n|faint|p2b: Primarina\n|-ability|p1a: Eelektross|Eelevate|boost\n|-boost|p1a: Eelektross|atk|1\n|-damage|p1a: Eelektross|0 fnt|[from] Recoil\n|faint|p1a: Eelektross\n|move|p1b: Corviknight|Brave Bird|p2a: Overqwil\n|-damage|p2a: Overqwil|0 fnt\n|faint|p2a: Overqwil\n|-damage|p1b: Corviknight|16/100|[from] Recoil\n|\n|win|matchbow2\n|l|☆fishy justice\n|player|p2|\n|c|☆matchbow2|gg\n|l| Myst66\n","uploadtime":1788387430,"views":"7","formatid":"gen9championsvgc2026regmb","rating":null,"private":0,"password":null}