{"id":"gen9championsvgc2026regmbbo3-2673993540","format":"[Gen 9 Champions] VGC 2026 Reg M-B (Bo3)","players":["Duckirvv","platinumflare"],"log":"|j|☆Duckirvv\n|j|☆platinumflare\n|html|<table width=\"100%\"><tr><td align=\"left\">Duckirvv</td><td align=\"right\">platinumflare</tr><tr><td align=\"left\"><i class=\"fa fa-circle-o\"></i> <i class=\"fa fa-circle-o\"></i> </td><td align=\"right\"><i class=\"fa fa-circle-o\"></i> <i class=\"fa fa-circle-o\"></i> </tr></table>\n|uhtml|bestof|<h2><strong>Game 1</strong> of <a href=\"/game-bestof3-gen9championsvgc2026regmbbo3-2673993536\">a best-of-3</a></h2>\n|t:|1788285903\n|gametype|doubles\n|player|p1|Duckirvv|nate|1205\n|player|p2|platinumflare|lance|1312\n|gen|9\n|tier|[Gen 9 Champions] VGC 2026 Reg M-B (Bo3)\n|rated|\n|rule|Species Clause: Limit one of each Pokémon\n|rule|Item Clause: Limit 1 of each item\n|clearpoke\n|poke|p1|Charizard, L50, M, shiny|\n|poke|p1|Venusaur, L50, M|\n|poke|p1|Pelipper, L50, M, shiny|\n|poke|p1|Swampert, L50, M, shiny|\n|poke|p1|Archaludon, L50, M|\n|poke|p1|Basculegion, L50, M|\n|poke|p2|Blaziken, L50, F|\n|poke|p2|Meowscarada, L50, F|\n|poke|p2|Kingambit, L50, F|\n|poke|p2|Whimsicott, L50, F|\n|poke|p2|Floette-Eternal, L50, F|\n|poke|p2|Farigiraf, L50, F|\n|teampreview|4\n|showteam|p1|Charizard||CharizarditeY|Blaze|WeatherBall,HeatWave,SolarBeam,Protect|Timid||M|||50|]Venusaur||LifeOrb|Chlorophyll|SleepPowder,SludgeBomb,EarthPower,Protect|Timid||M|||50|]Pelipper||FocusSash|Drizzle|WeatherBall,Hurricane,Tailwind,Protect|Serious||M|||50|]Swampert||Swampertite|Damp|WaveCrash,IcePunch,Earthquake,Protect|Jolly||M|||50|]Archaludon||Leftovers|Stamina|DragonPulse,FlashCannon,ElectroShot,Protect|Modest||M|||50|]Basculegion||ChoiceScarf|Adaptability|AquaJet,FlipTurn,LastRespects,WaveCrash|Jolly||M|||50|\n|showteam|p2|Blaziken||Blazikenite|SpeedBoost|FlareBlitz,CloseCombat,RockSlide,Protect|Adamant||F|||50|]Meowscarada||ChoiceScarf|Protean|FlowerTrick,TripleAxel,KnockOff,Uturn|Adamant||F|||50|]Kingambit||LifeOrb|Defiant|KowtowCleave,LowKick,SuckerPunch,Protect|Adamant||F|||50|]Whimsicott||FocusSash|Prankster|Moonblast,Tailwind,Encore,Protect|Modest||F|||50|]Floette-Eternal||Floettite|FlowerVeil|DazzlingGleam,Moonblast,LightofRuin,Protect|Modest||F|||50|]Farigiraf||SitrusBerry|ArmorTail|TrickRoom,Imprison,Psychic,HyperVoice|Modest||F|||50|\n|inactive|Battle timer is ON: inactive players will automatically lose when time's up. (requested by Duckirvv)\n|inactive|Duckirvv has 60 seconds left.\n|\n|t:|1788285949\n|teamsize|p1|4\n|teamsize|p2|4\n|start\n|switch|p1a: Charizard|Charizard, L50, M, shiny|100/100\n|switch|p1b: Venusaur|Venusaur, L50, M|100/100\n|switch|p2a: Meowscarada|Meowscarada, L50, F|100/100\n|switch|p2b: Blaziken|Blaziken, L50, F|100/100\n|turn|1\n|\n|t:|1788285969\n|switch|p2a: Whimsicott|Whimsicott, L50, F|100/100\n|detailschange|p1a: Charizard|Charizard-Mega-Y, L50, M, shiny\n|-mega|p1a: Charizard|Charizard|Charizardite Y\n|-weather|SunnyDay|[from] ability: Drought|[of] p1a: Charizard\n|detailschange|p2b: Blaziken|Blaziken-Mega, L50, F\n|-mega|p2b: Blaziken|Blaziken|Blazikenite\n|move|p2b: Blaziken|Protect|p2b: Blaziken\n|-singleturn|p2b: Blaziken|Protect\n|move|p1b: Venusaur|Sludge Bomb|p2a: Whimsicott\n|-supereffective|p2a: Whimsicott|2\n|-enditem|p2a: Whimsicott|Focus Sash\n|-damage|p2a: Whimsicott|1/100\n|-damage|p1b: Venusaur|90/100|[from] item: Life Orb\n|move|p1a: Charizard|Heat Wave|p2a: Whimsicott|[spread] p2a\n|-activate|p2b: Blaziken|move: Protect\n|-supereffective|p2a: Whimsicott|1\n|-damage|p2a: Whimsicott|0 fnt\n|faint|p2a: Whimsicott\n|\n|-weather|SunnyDay|[upkeep]\n|-ability|p2b: Blaziken|Speed Boost|boost\n|-boost|p2b: Blaziken|spe|1\n|upkeep\n|\n|t:|1788285993\n|switch|p2a: Meowscarada|Meowscarada, L50, F|100/100\n|turn|2\n|\n|t:|1788285999\n|move|p1b: Venusaur|Earth Power|p2b: Blaziken\n|-supereffective|p2b: Blaziken|1\n|-damage|p2b: Blaziken|3/100\n|-damage|p1b: Venusaur|80/100|[from] item: Life Orb\n|move|p2a: Meowscarada|Triple Axel|p1b: Venusaur\n|-start|p2a: Meowscarada|typechange|Ice|[from] ability: Protean\n|-supereffective|p1b: Venusaur|1\n|-crit|p1b: Venusaur\n|-damage|p1b: Venusaur|38/100\n|-supereffective|p1b: Venusaur|1\n|-damage|p1b: Venusaur|0 fnt\n|faint|p1b: Venusaur\n|-hitcount|p1: Venusaur|2\n|move|p2b: Blaziken|Rock Slide|p1a: Charizard\n|-supereffective|p1a: Charizard|2\n|-damage|p1a: Charizard|0 fnt\n|faint|p1a: Charizard\n|\n|-weather|SunnyDay|[upkeep]\n|-ability|p2b: Blaziken|Speed Boost|boost\n|-boost|p2b: Blaziken|spe|1\n|upkeep\n|\n|t:|1788286017\n|switch|p1a: Pelipper|Pelipper, L50, M, shiny|100/100\n|switch|p1b: Basculegion|Basculegion, L50, M|100/100\n|-weather|RainDance|[from] ability: Drizzle|[of] p1a: Pelipper\n|turn|3\n|\n|t:|1788286032\n|move|p2b: Blaziken|Protect|p2b: Blaziken\n|-singleturn|p2b: Blaziken|Protect\n|move|p2a: Meowscarada|Triple Axel|p1a: Pelipper|[miss]\n|-miss|p2a: Meowscarada|p1a: Pelipper\n|move|p1b: Basculegion|Wave Crash|p2a: Meowscarada\n|-crit|p2a: Meowscarada\n|-damage|p2a: Meowscarada|0 fnt\n|faint|p2a: Meowscarada\n|-damage|p1b: Basculegion|74/100|[from] Recoil\n|move|p1a: Pelipper|Weather Ball|p2b: Blaziken\n|-activate|p2b: Blaziken|move: Protect\n|\n|-weather|RainDance|[upkeep]\n|-ability|p2b: Blaziken|Speed Boost|boost\n|-boost|p2b: Blaziken|spe|1\n|upkeep\n|\n|t:|1788286037\n|switch|p2a: Kingambit|Kingambit, L50, F|100/100\n|turn|4\n|inactive|Duckirvv has 30 seconds left.\n|inactive|Duckirvv has 20 seconds left.\n|\n|t:|1788286074\n|move|p2a: Kingambit|Sucker Punch|p1b: Basculegion\n|-supereffective|p1b: Basculegion|1\n|-damage|p1b: Basculegion|0 fnt\n|faint|p1b: Basculegion\n|-damage|p2a: Kingambit|90/100|[from] item: Life Orb\n|move|p2b: Blaziken|Rock Slide|p1a: Pelipper\n|-supereffective|p1a: Pelipper|1\n|-damage|p1a: Pelipper|9/100\n|move|p1a: Pelipper|Weather Ball|p2a: Kingambit\n|-damage|p2a: Kingambit|21/100\n|\n|-weather|RainDance|[upkeep]\n|-ability|p2b: Blaziken|Speed Boost|boost\n|-boost|p2b: Blaziken|spe|1\n|upkeep\n|turn|5\n|\n|t:|1788286088\n|move|p2a: Kingambit|Sucker Punch|p1a: Pelipper\n|-damage|p1a: Pelipper|0 fnt\n|faint|p1a: Pelipper\n|-damage|p2a: Kingambit|11/100|[from] item: Life Orb\n|\n|win|platinumflare\n||platinumflare is ready for game 2.\n||Duckirvv is ready for game 2.\n|uhtml|next|Next: <a href=\"/battle-gen9championsvgc2026regmbbo3-2673995154\"><strong>Game 2 of 3</strong></a>\n|l|☆Duckirvv\n|player|p1|\n","uploadtime":1788286235,"views":"0","formatid":"gen9championsvgc2026regmbbo3","rating":null,"private":0,"password":null}