{"id":"gen9championsvgc2026regmb-2674896229","format":"[Gen 9 Champions] VGC 2026 Reg M-B","players":["minh22ti","Vidalero"],"log":"|j|☆minh22ti\n|j|☆Vidalero\n|t:|1788431422\n|gametype|doubles\n|player|p1|minh22ti|170|1184\n|player|p2|Vidalero|2|1186\n|gen|9\n|tier|[Gen 9 Champions] VGC 2026 Reg M-B\n|rated|\n|rule|Species Clause: Limit one of each Pokémon\n|rule|Item Clause: Limit 1 of each item\n|clearpoke\n|poke|p1|Charizard, L50, F|\n|poke|p1|Farigiraf, L50, F|\n|poke|p1|Dragapult, L50, F|\n|poke|p1|Whimsicott, L50, F|\n|poke|p1|Incineroar, L50, F|\n|poke|p1|Torkoal, L50, M|\n|poke|p2|Meganium, L50, F, shiny|\n|poke|p2|Garchomp, L50, F|\n|poke|p2|Aerodactyl, L50, M|\n|poke|p2|Basculegion, L50, M|\n|poke|p2|Farigiraf, L50, M|\n|poke|p2|Incineroar, L50, M|\n|teampreview|4\n|inactive|Battle timer is ON: inactive players will automatically lose when time's up. (requested by minh22ti)\n|inactive|Vidalero has 60 seconds left.\n|inactive|Vidalero has 30 seconds left.\n|\n|t:|1788431515\n|teamsize|p1|4\n|teamsize|p2|4\n|start\n|switch|p1a: Dragapult|Dragapult, L50, F|100/100\n|switch|p1b: Incineroar|Incineroar, L50, F|100/100\n|switch|p2a: Meganium|Meganium, L50, F, shiny|100/100\n|switch|p2b: Aerodactyl|Aerodactyl, L50, M|100/100\n|-ability|p2b: Aerodactyl|Unnerve\n|-ability|p1b: Incineroar|Intimidate|boost\n|-unboost|p2a: Meganium|atk|1\n|-unboost|p2b: Aerodactyl|atk|1\n|turn|1\n|inactive|Vidalero has 30 seconds left.\n|inactive|Vidalero has 20 seconds left.\n|\n|t:|1788431551\n|detailschange|p2a: Meganium|Meganium-Mega, L50, F, shiny\n|-mega|p2a: Meganium|Meganium|Meganiumite\n|move|p2b: Aerodactyl|Protect|p2b: Aerodactyl\n|-singleturn|p2b: Aerodactyl|Protect\n|move|p1b: Incineroar|Fake Out|p2a: Meganium\n|-damage|p2a: Meganium|91/100\n|move|p1a: Dragapult|Thunder Wave|p2b: Aerodactyl\n|-activate|p2b: Aerodactyl|move: Protect\n|cant|p2a: Meganium|flinch\n|\n|upkeep\n|turn|2\n|inactive|minh22ti has 30 seconds left.\n|\n|t:|1788431577\n|move|p1a: Dragapult|Will-O-Wisp|p2b: Aerodactyl\n|-status|p2b: Aerodactyl|brn\n|move|p2b: Aerodactyl|Rock Slide|p1a: Dragapult|[spread] p1a,p1b\n|-supereffective|p1b: Incineroar|1\n|-damage|p1a: Dragapult|88/100\n|-damage|p1b: Incineroar|83/100\n|move|p2a: Meganium|Dazzling Gleam|p1b: Incineroar|[spread] p1a,p1b\n|-supereffective|p1a: Dragapult|1\n|-damage|p1a: Dragapult|0 fnt\n|-damage|p1b: Incineroar|58/100\n|-start|p2a: Meganium|Disable|Dazzling Gleam|[from] ability: Cursed Body|[of] p1a: Dragapult\n|faint|p1a: Dragapult\n|move|p1b: Incineroar|Parting Shot|p2a: Meganium\n|-unboost|p2a: Meganium|atk|1\n|-unboost|p2a: Meganium|spa|1\n|\n|t:|1788431587\n|switch|p1b: Whimsicott|Whimsicott, L50, F|100/100|[from] Parting Shot\n|\n|-damage|p2b: Aerodactyl|94/100 brn|[from] brn\n|upkeep\n|\n|t:|1788431589\n|switch|p1a: Torkoal|Torkoal, L50, M|100/100\n|-weather|SunnyDay|[from] ability: Drought|[of] p1a: Torkoal\n|turn|3\n|\n|t:|1788431608\n|switch|p1a: Incineroar|Incineroar, L50, F|58/100\n|-ability|p1a: Incineroar|Intimidate|boost\n|-unboost|p2a: Meganium|atk|1\n|-unboost|p2b: Aerodactyl|atk|1\n|move|p2a: Meganium|Protect|p2a: Meganium\n|-singleturn|p2a: Meganium|Protect\n|move|p1b: Whimsicott|Solar Beam||[still]\n|-prepare|p1b: Whimsicott|Solar Beam\n|-anim|p1b: Whimsicott|Solar Beam|p2b: Aerodactyl\n|-damage|p2b: Aerodactyl|5/100 brn\n|-damage|p1b: Whimsicott|90/100|[from] item: Life Orb\n|move|p2b: Aerodactyl|Tailwind|p2b: Aerodactyl\n|-sidestart|p2: Vidalero|move: Tailwind\n|\n|-weather|SunnyDay|[upkeep]\n|-damage|p2b: Aerodactyl|0 fnt|[from] brn\n|faint|p2b: Aerodactyl\n|upkeep\n|inactive|Vidalero has 30 seconds left.\n|\n|t:|1788431637\n|switch|p2b: Garchomp|Garchomp, L50, F|100/100\n|turn|4\n|\n|t:|1788431651\n|move|p1a: Incineroar|Fake Out|p2b: Garchomp\n|-crit|p2b: Garchomp\n|-damage|p2b: Garchomp|82/100\n|-damage|p1a: Incineroar|46/100|[from] ability: Rough Skin|[of] p2b: Garchomp\n|-enditem|p1a: Incineroar|Sitrus Berry|[eat]\n|-heal|p1a: Incineroar|70/100|[from] item: Sitrus Berry\n|cant|p2b: Garchomp|flinch\n|move|p1b: Whimsicott|Dazzling Gleam|p2a: Meganium|[spread] p2a,p2b\n|-supereffective|p2b: Garchomp|1\n|-damage|p2a: Meganium|66/100\n|-damage|p2b: Garchomp|14/100\n|-damage|p1b: Whimsicott|81/100|[from] item: Life Orb\n|move|p2a: Meganium|Weather Ball|p1b: Whimsicott\n|-supereffective|p1b: Whimsicott|1\n|-damage|p1b: Whimsicott|0 fnt\n|faint|p1b: Whimsicott\n|\n|-weather|SunnyDay|[upkeep]\n|upkeep\n|\n|t:|1788431655\n|switch|p1b: Torkoal|Torkoal, L50, M|100/100\n|turn|5\n|inactive|Vidalero has 30 seconds left.\n|inactive|Vidalero has 20 seconds left.\n|inactive|Vidalero has 15 seconds left.\n|inactive|Vidalero has 10 seconds left.\n|\n|t:|1788431703\n|move|p1b: Torkoal|Protect|p1b: Torkoal\n|-singleturn|p1b: Torkoal|Protect\n|move|p2b: Garchomp|Stomping Tantrum|p1a: Incineroar\n|-supereffective|p1a: Incineroar|1\n|-damage|p1a: Incineroar|0 fnt\n|faint|p1a: Incineroar\n|move|p2a: Meganium|Solar Beam||[still]\n|-prepare|p2a: Meganium|Solar Beam\n|-anim|p2a: Meganium|Solar Beam|p1b: Torkoal\n|-activate|p1b: Torkoal|move: Protect\n|\n|-weather|SunnyDay|[upkeep]\n|-end|p2a: Meganium|Disable\n|upkeep\n|turn|6\n|\n|t:|1788431720\n|move|p2b: Garchomp|Stomping Tantrum|p1b: Torkoal\n|-supereffective|p1b: Torkoal|1\n|-damage|p1b: Torkoal|27/100\n|move|p2a: Meganium|Dazzling Gleam|p1b: Torkoal\n|-resisted|p1b: Torkoal|1\n|-damage|p1b: Torkoal|6/100\n|move|p1b: Torkoal|Eruption|p2a: Meganium|[spread] p2a,p2b\n|-supereffective|p2a: Meganium|1\n|-resisted|p2b: Garchomp|1\n|-damage|p2a: Meganium|56/100\n|-damage|p2b: Garchomp|10/100\n|\n|-weather|SunnyDay|[upkeep]\n|-sideend|p2: Vidalero|move: Tailwind\n|upkeep\n|turn|7\n|-message|minh22ti forfeited.\n|\n|win|Vidalero\n|raw|minh22ti's rating: 1184 &rarr; <strong>1159</strong><br />(-25 for losing)\n|raw|Vidalero's rating: 1186 &rarr; <strong>1211</strong><br />(+25 for winning)\n|l|☆minh22ti\n|player|p1|\n","uploadtime":1788431735,"views":"3","formatid":"gen9championsvgc2026regmb","rating":1159,"private":0,"password":null}