{"id":"gen9championsvgc2026regmb-2673984614","format":"[Gen 9 Champions] VGC 2026 Reg M-B","players":["wobrangenau","MoScarada"],"log":"|j|☆wobrangenau\n|j|☆MoScarada\n|html|<table width=\"100%\"><tr><td align=\"left\">wobrangenau</td><td align=\"right\">MoScarada</tr><tr><td align=\"left\"><i class=\"fa fa-circle\"></i> <i class=\"fa fa-circle-o\"></i> </td><td align=\"right\"><i class=\"fa fa-circle-o\"></i> <i class=\"fa fa-circle-o\"></i> </tr></table>\n|uhtml|bestof|<h2><strong>Game 2</strong> of <a href=\"/game-bestof3-gen9championsvgc2026regmb-2673981307\">a best-of-3</a></h2>\n|t:|1788284880\n|gametype|doubles\n|player|p1|wobrangenau|gentleman|\n|player|p2|MoScarada|169|\n|gen|9\n|tier|[Gen 9 Champions] VGC 2026 Reg M-B\n|rule|Species Clause: Limit one of each Pokémon\n|rule|Item Clause: Limit 1 of each item\n|raw|<div class=\"infobox\"><details class=\"readmore\" open><summary><strong>1 custom rule:</strong></summary> Best of = 3</details></div>\n|clearpoke\n|poke|p1|Eelektross, L50, M|\n|poke|p1|Raichu, L50, M, shiny|\n|poke|p1|Garchomp, L50, M|\n|poke|p1|Whimsicott, L50, F, shiny|\n|poke|p1|Gardevoir, L50, F, shiny|\n|poke|p1|Kingambit, L50, M|\n|poke|p2|Froslass, L50, F|\n|poke|p2|Scovillain, L50, M|\n|poke|p2|Lycanroc-Dusk, L50, F|\n|poke|p2|Kingambit, L50, M|\n|poke|p2|Basculegion, L50, M|\n|poke|p2|Sneasler, L50, M|\n|teampreview|4\nwobrangenau has agreed to open team sheets.\nMoScarada has agreed to open team sheets.\n|showteam|p1|Eelektross||Eelektrossite|Levitate|Discharge,Flamethrower,Protect,GrassKnot|Modest||M|||50|]Raichu||RaichuniteX|LightningRod|FakeOut,RisingVoltage,Protect,Electroweb|Modest||M|||50|]Garchomp||LifeOrb|RoughSkin|Earthquake,DragonClaw,Protect,RockSlide|Adamant||M|||50|]Whimsicott||FocusSash|Prankster|Moonblast,Encore,Protect,Tailwind|Timid||F|||50|]Gardevoir||SitrusBerry|Telepathy|Moonblast,Psychic,Protect,TrickRoom|Bold||F|||50|]Kingambit||ChopleBerry|Defiant|SuckerPunch,KowtowCleave,IronHead,LowKick|Adamant||M|||50|\n|showteam|p2|Froslass||Froslassite|CursedBody|Blizzard,ShadowBall,Protect,AuroraVeil|Modest||F|||50|]Scovillain||Scovillainite|Moody|Overheat,GigaDrain,RagePowder,Protect|Modest||M|||50|]Lycanroc-Dusk||FocusSash|ToughClaws|RockSlide,CloseCombat,Accelerock,Protect|Adamant||F|||50|]Kingambit||BlackGlasses|Defiant|KowtowCleave,SuckerPunch,SwordsDance,Protect|Adamant||M|||50|]Basculegion||LifeOrb|Adaptability|WaveCrash,LastRespects,AquaJet,Protect|Adamant||M|||50|]Sneasler||WhiteHerb|Unburden|DireClaw,CloseCombat,Protect,FakeOut|Jolly||M|||50|\n|\n|t:|1788284984\n|teamsize|p1|4\n|teamsize|p2|4\n|start\n|switch|p1a: Garchomp|Garchomp, L50, M|100/100\n|switch|p1b: Eelektross|Eelektross, L50, M|100/100\n|switch|p2a: Scovillain|Scovillain, L50, M|100/100\n|switch|p2b: Sneasler|Sneasler, L50, M|100/100\n|turn|1\n|\n|t:|1788285017\n|detailschange|p2a: Scovillain|Scovillain-Mega, L50, M\n|-mega|p2a: Scovillain|Scovillain|Scovillainite\n|move|p1a: Garchomp|Protect|p1a: Garchomp\n|-singleturn|p1a: Garchomp|Protect\n|move|p1b: Eelektross|Protect|p1b: Eelektross\n|-singleturn|p1b: Eelektross|Protect\n|move|p2b: Sneasler|Fake Out|p1a: Garchomp\n|-activate|p1a: Garchomp|move: Protect\n|move|p2a: Scovillain|Giga Drain|p1b: Eelektross\n|-activate|p1b: Eelektross|move: Protect\n|\n|upkeep\n|turn|2\n|\n|t:|1788285053\n|move|p2b: Sneasler|Protect|p2b: Sneasler\n|-singleturn|p2b: Sneasler|Protect\n|move|p1a: Garchomp|Earthquake|p2b: Sneasler|[spread] p2a\n|-activate|p2b: Sneasler|move: Protect\n|-immune|p1b: Eelektross|[from] ability: Levitate\n|-damage|p2a: Scovillain|42/100\n|-status|p1a: Garchomp|brn|[from] ability: Spicy Spray|[of] p2a: Scovillain\n|-damage|p1a: Garchomp|90/100 brn|[from] item: Life Orb\n|move|p2a: Scovillain|Giga Drain|p1a: Garchomp\n|-crit|p1a: Garchomp\n|-damage|p1a: Garchomp|36/100 brn\n|-heal|p2a: Scovillain|74/100|[from] drain|[of] p1a: Garchomp\n|move|p1b: Eelektross|Flamethrower|p2a: Scovillain\n|-damage|p2a: Scovillain|42/100\n|-status|p1b: Eelektross|brn|[from] ability: Spicy Spray|[of] p2a: Scovillain\n|\n|-damage|p1a: Garchomp|30/100 brn|[from] brn\n|-damage|p1b: Eelektross|94/100 brn|[from] brn\n|upkeep\n|turn|3\n|\n|t:|1788285096\n|move|p1b: Eelektross|Protect|p1b: Eelektross\n|-singleturn|p1b: Eelektross|Protect\n|move|p2b: Sneasler|Close Combat|p1a: Garchomp\n|-damage|p1a: Garchomp|0 fnt\n|-unboost|p2b: Sneasler|def|1\n|-unboost|p2b: Sneasler|spd|1\n|-damage|p2b: Sneasler|87/100|[from] ability: Rough Skin|[of] p1a: Garchomp\n|faint|p1a: Garchomp\n|-enditem|p2b: Sneasler|White Herb\n|-clearnegativeboost|p2b: Sneasler|[silent]\n|move|p2a: Scovillain|Giga Drain|p1b: Eelektross\n|-activate|p1b: Eelektross|move: Protect\n|\n|-damage|p1b: Eelektross|88/100 brn|[from] brn\n|upkeep\n|\n|t:|1788285110\n|switch|p1a: Raichu|Raichu, L50, M, shiny|100/100\n|turn|4\n|\n|t:|1788285159\n|switch|p1b: Whimsicott|Whimsicott, L50, F, shiny|100/100\n|detailschange|p1a: Raichu|Raichu-Mega-X, L50, M, shiny\n|-mega|p1a: Raichu|Raichu|Raichunite X\n|-fieldstart|move: Electric Terrain|[from] ability: Electric Surge|[of] p1a: Raichu\n|move|p2b: Sneasler|Protect|p2b: Sneasler\n|-singleturn|p2b: Sneasler|Protect\n|move|p1a: Raichu|Rising Voltage|p2a: Scovillain\n|-hint|Rising Voltage's BP doubled on grounded target.\n|-resisted|p2a: Scovillain|1\n|-damage|p2a: Scovillain|1/100\n|-status|p1a: Raichu|brn|[from] ability: Spicy Spray|[of] p2a: Scovillain\n|move|p2a: Scovillain|Giga Drain|p1a: Raichu\n|-damage|p1a: Raichu|56/100 brn\n|-heal|p2a: Scovillain|22/100|[from] drain|[of] p1a: Raichu\n|\n|-damage|p1a: Raichu|50/100g brn|[from] brn\n|upkeep\n|turn|5\n|\n|t:|1788285210\n|switch|p2b: Lycanroc|Lycanroc-Dusk, L50, F|100/100\n|move|p2a: Scovillain|Rage Powder|p2a: Scovillain\n|-singleturn|p2a: Scovillain|move: Rage Powder\n|move|p1b: Whimsicott|Tailwind|p1b: Whimsicott\n|-sidestart|p1: wobrangenau|move: Tailwind\n|move|p1a: Raichu|Rising Voltage|p2a: Scovillain\n|-hint|Rising Voltage's BP doubled on grounded target.\n|-resisted|p2a: Scovillain|1\n|-damage|p2a: Scovillain|0 fnt\n|faint|p2a: Scovillain\n|\n|-damage|p1a: Raichu|44/100 brn|[from] brn\n|upkeep\n|\n|t:|1788285224\n|switch|p2a: Sneasler|Sneasler, L50, M|87/100\n|turn|6\n|\n|t:|1788285247\n|move|p2b: Lycanroc|Accelerock|p1a: Raichu\n|-damage|p1a: Raichu|15/100 brn\n|move|p1b: Whimsicott|Moonblast|p2a: Sneasler\n|-damage|p2a: Sneasler|43/100\n|move|p1a: Raichu|Electroweb|p2b: Lycanroc|[spread] p2a,p2b\n|-damage|p2a: Sneasler|12/100\n|-damage|p2b: Lycanroc|65/100\n|-unboost|p2a: Sneasler|spe|1\n|-unboost|p2b: Lycanroc|spe|1\n|move|p2a: Sneasler|Dire Claw|p1b: Whimsicott\n|-supereffective|p1b: Whimsicott|2\n|-enditem|p1b: Whimsicott|Focus Sash\n|-damage|p1b: Whimsicott|1/100\n|-status|p1b: Whimsicott|par\n|\n|-damage|p1a: Raichu|9/100 brn|[from] brn\n|upkeep\n|turn|7\n|\n|t:|1788285309\n|switch|p1a: Eelektross|Eelektross, L50, M|88/100 brn\n|switch|p2a: Kingambit|Kingambit, L50, M|100/100\n|move|p2b: Lycanroc|Accelerock|p1a: Eelektross\n|-damage|p1a: Eelektross|56/100 brn\n|move|p1b: Whimsicott|Moonblast|p2a: Kingambit\n|-damage|p2a: Kingambit|63/100\n|\n|-damage|p1a: Eelektross|50/100g brn|[from] brn\n|upkeep\n|turn|8\n|\n|t:|1788285364\n|move|p2b: Lycanroc|Accelerock|p1b: Whimsicott\n|-damage|p1b: Whimsicott|0 fnt\n|faint|p1b: Whimsicott\n|move|p2a: Kingambit|Sucker Punch|p1a: Eelektross\n|-damage|p1a: Eelektross|0 fnt\n|faint|p1a: Eelektross\n|\n|-sideend|p1: wobrangenau|move: Tailwind\n|-fieldend|move: Electric Terrain\n|upkeep\n|\n|t:|1788285371\n|switch|p1b: Raichu|Raichu-Mega-X, L50, M, shiny|9/100 brn\n|-fieldstart|move: Electric Terrain|[from] ability: Electric Surge|[of] p1b: Raichu\n|turn|9\n|\n|t:|1788285386\n|move|p2b: Lycanroc|Accelerock|p1b: Raichu\n|-damage|p1b: Raichu|0 fnt\n|faint|p1b: Raichu\n|\n|win|MoScarada\n||MoScarada is ready for game 3.\n||wobrangenau is ready for game 3.\n|uhtml|next|Next: <a href=\"/battle-gen9championsvgc2026regmb-2673989105\"><strong>Game 3 of 3</strong></a>\n","uploadtime":1788286180,"views":"17","formatid":"gen9championsvgc2026regmb","rating":null,"private":0,"password":null}