{"id":"gen9championsvgc2026regmbbo3-2674990449","format":"[Gen 9 Champions] VGC 2026 Reg M-B (Bo3)","players":["jomivgc","adjnorr"],"log":"|j|☆jomivgc\n|j|☆adjnorr\n|html|<table width=\"100%\"><tr><td align=\"left\">jomivgc</td><td align=\"right\">adjnorr</tr><tr><td align=\"left\"><i class=\"fa fa-circle-o\"></i> <i class=\"fa fa-circle-o\"></i> </td><td align=\"right\"><i class=\"fa fa-circle-o\"></i> <i class=\"fa fa-circle\"></i> </tr></table>\n|uhtml|bestof|<h2><strong>Game 2</strong> of <a href=\"/game-bestof3-gen9championsvgc2026regmbbo3-2674988345\">a best-of-3</a></h2>\n|t:|1788446018\n|gametype|doubles\n|player|p1|jomivgc|emmet|1313\n|player|p2|adjnorr|101|1456\n|gen|9\n|tier|[Gen 9 Champions] VGC 2026 Reg M-B (Bo3)\n|rated|\n|rule|Species Clause: Limit one of each Pokémon\n|rule|Item Clause: Limit 1 of each item\n|clearpoke\n|poke|p1|Raichu, L50, M|\n|poke|p1|Staraptor, L50, F|\n|poke|p1|Arcanine-Hisui, L50, M, shiny|\n|poke|p1|Farigiraf, L50, M|\n|poke|p1|Sylveon, L50, F|\n|poke|p1|Kingambit, L50, M|\n|poke|p2|Staraptor, L50, F|\n|poke|p2|Delphox, L50, F|\n|poke|p2|Whimsicott, L50, F|\n|poke|p2|Glimmora, L50, F|\n|poke|p2|Garchomp, L50, M|\n|poke|p2|Kingambit, L50, M|\n|teampreview|4\n|showteam|p1|Raichu||RaichuniteY|LightningRod|ZapCannon,FocusBlast,FakeOut,Protect|Timid||M|||50|]Staraptor||Staraptite|Intimidate|CloseCombat,BraveBird,Tailwind,Protect|Jolly||F|||50|]Arcanine-Hisui||FocusSash|RockHead|FlareBlitz,HeadSmash,ExtremeSpeed,Protect|Jolly||M|||50|]Farigiraf||SitrusBerry|ArmorTail|Psychic,HelpingHand,TrickRoom,Protect|Calm||M|||50|]Sylveon||FairyFeather|Pixilate|HyperVoice,QuickAttack,HyperBeam,Detect|Modest||F|||50|]Kingambit||LifeOrb|Defiant|KowtowCleave,SuckerPunch,SwordsDance,Protect|Adamant||M|||50|\n|showteam|p2|Staraptor||Staraptite|Intimidate|BraveBird,CloseCombat,Roost,Protect|Jolly||F|||50|]Delphox||Delphoxite|Blaze|HeatWave,Psychic,Encore,Protect|Timid||F|||50|]Whimsicott||OccaBerry|Prankster|Moonblast,Tailwind,Charm,LightScreen|Timid||F|||50|]Glimmora||FocusSash|ToxicDebris|PowerGem,SludgeBomb,EarthPower,SpikyShield|Timid||F|||50|]Garchomp||LifeOrb|RoughSkin|DragonClaw,Earthquake,RockSlide,Protect|Jolly||M|||50|]Kingambit||ChopleBerry|Defiant|KowtowCleave,IronHead,SuckerPunch,LowKick|Adamant||M|||50|\n|inactive|Battle timer is ON: inactive players will automatically lose when time's up. (requested by jomivgc)\n|\n|t:|1788446044\n|teamsize|p1|4\n|teamsize|p2|4\n|start\n|switch|p1a: Staraptor|Staraptor, L50, F|100/100\n|switch|p1b: Arcanine|Arcanine-Hisui, L50, M, shiny|100/100\n|switch|p2a: Delphox|Delphox, L50, F|100/100\n|switch|p2b: Glimmora|Glimmora, L50, F|100/100\n|-ability|p1a: Staraptor|Intimidate|boost\n|-unboost|p2a: Delphox|atk|1\n|-unboost|p2b: Glimmora|atk|1\n|turn|1\n|\n|t:|1788446064\n|detailschange|p2a: Delphox|Delphox-Mega, L50, F\n|-mega|p2a: Delphox|Delphox|Delphoxite\n|detailschange|p1a: Staraptor|Staraptor-Mega, L50, F\n|-mega|p1a: Staraptor|Staraptor|Staraptite\n|move|p2a: Delphox|Protect|p2a: Delphox\n|-singleturn|p2a: Delphox|Protect\n|move|p1a: Staraptor|Tailwind|p1a: Staraptor\n|-sidestart|p1: jomivgc|move: Tailwind\n|move|p1b: Arcanine|Head Smash|p2a: Delphox\n|-activate|p2a: Delphox|move: Protect\n|move|p2b: Glimmora|Earth Power|p1b: Arcanine\n|-supereffective|p1b: Arcanine|2\n|-enditem|p1b: Arcanine|Focus Sash\n|-damage|p1b: Arcanine|1/100\n|\n|upkeep\n|turn|2\n|\n|t:|1788446082\n|switch|p2a: Garchomp|Garchomp, L50, M|100/100\n|move|p1a: Staraptor|Close Combat|p2b: Glimmora\n|-damage|p2b: Glimmora|27/100\n|-boost|p1a: Staraptor|def|1\n|-boost|p1a: Staraptor|spd|1\n|-activate|p2b: Glimmora|ability: Toxic Debris\n|-sidestart|p1: jomivgc|move: Toxic Spikes\n|move|p1b: Arcanine|Head Smash|p2a: Garchomp\n|-resisted|p2a: Garchomp|1\n|-damage|p2a: Garchomp|65/100\n|-damage|p1b: Arcanine|0 fnt|[from] ability: Rough Skin|[of] p2a: Garchomp\n|faint|p1b: Arcanine\n|move|p2b: Glimmora|Sludge Bomb|p1a: Staraptor\n|-damage|p1a: Staraptor|66/100\n|\n|upkeep\n|\n|t:|1788446095\n|switch|p1b: Sylveon|Sylveon, L50, F|100/100\n|-status|p1b: Sylveon|psn\n|turn|3\n|\n|t:|1788446104\n|move|p2a: Garchomp|Protect|p2a: Garchomp\n|-singleturn|p2a: Garchomp|Protect\n|move|p1a: Staraptor|Close Combat|p2b: Glimmora\n|-damage|p2b: Glimmora|0 fnt\n|-boost|p1a: Staraptor|def|1\n|-boost|p1a: Staraptor|spd|1\n|-activate|p2b: Glimmora|ability: Toxic Debris\n|-sidestart|p1: jomivgc|move: Toxic Spikes\n|faint|p2b: Glimmora\n|move|p1b: Sylveon|Hyper Voice|p2a: Garchomp\n|-activate|p2a: Garchomp|move: Protect\n|\n|-damage|p1b: Sylveon|87/100 psn|[from] psn\n|upkeep\n|\n|t:|1788446111\n|switch|p2b: Whimsicott|Whimsicott, L50, F|100/100\n|turn|4\n|\n|t:|1788446121\n|move|p2b: Whimsicott|Tailwind|p2b: Whimsicott\n|-sidestart|p2: adjnorr|move: Tailwind\n|move|p1a: Staraptor|Close Combat|p2a: Garchomp\n|-damage|p2a: Garchomp|8/100\n|-boost|p1a: Staraptor|def|1\n|-boost|p1a: Staraptor|spd|1\n|-damage|p1a: Staraptor|54/100|[from] ability: Rough Skin|[of] p2a: Garchomp\n|move|p2a: Garchomp|Earthquake|p1a: Staraptor|[spread] p2b,p1b\n|-immune|p1a: Staraptor\n|-resisted|p2b: Whimsicott|1\n|-crit|p1b: Sylveon\n|-damage|p2b: Whimsicott|66/100\n|-damage|p1b: Sylveon|8/100 psn\n|-damage|p2a: Garchomp|0 fnt|[from] item: Life Orb\n|faint|p2a: Garchomp\n|move|p1b: Sylveon|Hyper Voice|p2b: Whimsicott\n|-damage|p2b: Whimsicott|0 fnt\n|faint|p2b: Whimsicott\n|\n|-damage|p1b: Sylveon|0 fnt|[from] psn\n|faint|p1b: Sylveon\n|-sideend|p1: jomivgc|move: Tailwind\n|upkeep\n|\n|t:|1788446137\n|switch|p2b: Delphox|Delphox-Mega, L50, F|100/100\n|switch|p1b: Farigiraf|Farigiraf, L50, M|100/100\n|-status|p1b: Farigiraf|tox\n|turn|5\n|inactive|adjnorr has 30 seconds left.\n|inactive|adjnorr has 20 seconds left.\n|\n|t:|1788446173\n|move|p1a: Staraptor|Protect|p1a: Staraptor\n|-singleturn|p1a: Staraptor|Protect\n|move|p2b: Delphox|Psychic|p1a: Staraptor\n|-activate|p1a: Staraptor|move: Protect\n|move|p1b: Farigiraf|Trick Room|p1b: Farigiraf\n|-fieldstart|move: Trick Room|[of] p1b: Farigiraf\n|\n|-damage|p1b: Farigiraf|93/100 tox|[from] psn\n|upkeep\n|turn|6\n|\n|t:|1788446197\n|move|p1b: Farigiraf|Helping Hand|p1a: Staraptor\n|-singleturn|p1a: Staraptor|Helping Hand|[of] p1b: Farigiraf\n|move|p2b: Delphox|Protect|p2b: Delphox\n|-singleturn|p2b: Delphox|Protect\n|move|p1a: Staraptor|Brave Bird|p2b: Delphox\n|-activate|p2b: Delphox|move: Protect\n|\n|-damage|p1b: Farigiraf|81/100 tox|[from] psn\n|upkeep\n|turn|7\n|\n|t:|1788446215\n|move|p1b: Farigiraf|Helping Hand|p1a: Staraptor\n|-singleturn|p1a: Staraptor|Helping Hand|[of] p1b: Farigiraf\n|move|p1a: Staraptor|Brave Bird|p2b: Delphox\n|-damage|p2b: Delphox|0 fnt\n|faint|p2b: Delphox\n|-damage|p1a: Staraptor|25/100|[from] Recoil\n|\n|win|jomivgc\n","uploadtime":1788446215,"views":"4","formatid":"gen9championsvgc2026regmbbo3","rating":null,"private":0,"password":null}