{"id":"gen9championsvgc2026regmbbo3-2673948399","format":"[Gen 9 Champions] VGC 2026 Reg M-B (Bo3)","players":["redjaguar","blueberry83"],"log":"|j|☆redjaguar\n|j|☆blueberry83\n|html|<table width=\"100%\"><tr><td align=\"left\">redjaguar</td><td align=\"right\">blueberry83</tr><tr><td align=\"left\"><i class=\"fa fa-circle-o\"></i> <i class=\"fa fa-circle-o\"></i> </td><td align=\"right\"><i class=\"fa fa-circle-o\"></i> <i class=\"fa fa-circle\"></i> </tr></table>\n|uhtml|bestof|<h2><strong>Game 2</strong> of <a href=\"/game-bestof3-gen9championsvgc2026regmbbo3-2673946044\">a best-of-3</a></h2>\n|t:|1788280650\n|gametype|doubles\n|player|p1|redjaguar|gambler|1129\n|player|p2|blueberry83|101|1124\n|gen|9\n|tier|[Gen 9 Champions] VGC 2026 Reg M-B (Bo3)\n|rated|\n|rule|Species Clause: Limit one of each Pokémon\n|rule|Item Clause: Limit 1 of each item\n|clearpoke\n|poke|p1|Sylveon, L50, F|\n|poke|p1|Aerodactyl, L50, M|\n|poke|p1|Farigiraf, L50, M|\n|poke|p1|Garchomp, L50, F|\n|poke|p1|Kingambit, L50, F|\n|poke|p1|Charizard, L50, F|\n|poke|p2|Basculegion, L50, M|\n|poke|p2|Scizor, L50, M|\n|poke|p2|Lycanroc-Dusk, L50, M|\n|poke|p2|Dragonite, L50, F|\n|poke|p2|Pelipper, L50, F|\n|poke|p2|Archaludon, L50, M|\n|teampreview|4\n|showteam|p1|Sylveon||FairyFeather|Pixilate|HyperVoice,HyperBeam,QuickAttack,Protect|Modest||F|||50|]Aerodactyl||Aerodactylite|Unnerve|RockSlide,DualWingbeat,Tailwind,IceFang|Jolly||M|||50|]Farigiraf||SitrusBerry|ArmorTail|Psychic,Thunderbolt,TrickRoom,Protect|Bold||M|||50|]Garchomp||LifeOrb|RoughSkin|Earthquake,RockTomb,DragonClaw,Protect|Jolly||F|||50|]Kingambit||FocusSash|Defiant|KowtowCleave,SuckerPunch,IronHead,LowKick|Adamant||F|||50|]Charizard||CharizarditeY|Blaze|HeatWave,WeatherBall,SolarBeam,Protect|Modest||F|||50|\n|showteam|p2|Basculegion||ChoiceScarf|Adaptability|AquaJet,FlipTurn,WaveCrash,LastRespects|Jolly||M|||50|]Scizor||Scizorite|Technician|BulletPunch,BugBite,SwordsDance,Protect|Adamant||M|||50|]Lycanroc-Dusk||FocusSash|ToughClaws|Accelerock,RockSlide,CloseCombat,Protect|Jolly||M|||50|]Dragonite||Dragoninite|Multiscale|DragonPulse,Surf,Thunderbolt,Protect|Modest||F|||50|]Pelipper||LifeOrb|Drizzle|Hurricane,WeatherBall,Tailwind,WideGuard|Modest||F|||50|]Archaludon||Leftovers|Stamina|DragonPulse,ElectroShot,FlashCannon,Protect|Modest||M|||50|\n|\n|t:|1788280678\n|teamsize|p1|4\n|teamsize|p2|4\n|start\n|switch|p1a: Charizard|Charizard, L50, F|100/100\n|switch|p1b: Garchomp|Garchomp, L50, F|100/100\n|switch|p2a: Scizor|Scizor, L50, M|100/100\n|switch|p2b: Basculegion|Basculegion, L50, M|100/100\n|turn|1\n|inactive|Battle timer is ON: inactive players will automatically lose when time's up. (requested by blueberry83)\n|\n|t:|1788280710\n|switch|p1b: Farigiraf|Farigiraf, L50, M|100/100\n|detailschange|p1a: Charizard|Charizard-Mega-Y, L50, F\n|-mega|p1a: Charizard|Charizard|Charizardite Y\n|-weather|SunnyDay|[from] ability: Drought|[of] p1a: Charizard\n|detailschange|p2a: Scizor|Scizor-Mega, L50, M\n|-mega|p2a: Scizor|Scizor|Scizorite\n|move|p2a: Scizor|Protect|p2a: Scizor\n|-singleturn|p2a: Scizor|Protect\n|move|p2b: Basculegion|Flip Turn|p1a: Charizard\n|-supereffective|p1a: Charizard|1\n|-damage|p1a: Charizard|50/100g\n|\n|t:|1788280723\n|switch|p2b: Pelipper|Pelipper, L50, F|100/100|[from] Flip Turn\n|-weather|RainDance|[from] ability: Drizzle|[of] p2b: Pelipper\n|move|p1a: Charizard|Heat Wave|p2b: Pelipper|[spread] \n|-activate|p2a: Scizor|move: Protect\n|-miss|p1a: Charizard|p2b: Pelipper\n|\n|-weather|RainDance|[upkeep]\n|upkeep\n|turn|2\n|inactive|redjaguar has 30 seconds left.\n|inactive|redjaguar has 20 seconds left.\n|inactive|redjaguar has 15 seconds left.\n|\n|t:|1788280766\n|move|p1a: Charizard|Weather Ball|p2a: Scizor\n|-damage|p2a: Scizor|32/100\n|move|p2a: Scizor|Bug Bite|p1b: Farigiraf\n|-supereffective|p1b: Farigiraf|1\n|-damage|p1b: Farigiraf|7/100\n|-enditem|p1b: Farigiraf|Sitrus Berry|[from] stealeat|[move] Bug Bite|[of] p2a: Scizor\n|-heal|p2a: Scizor|57/100|[from] item: Sitrus Berry\n|move|p2b: Pelipper|Weather Ball|p1b: Farigiraf\n|-damage|p1b: Farigiraf|0 fnt\n|faint|p1b: Farigiraf\n|-damage|p2b: Pelipper|90/100|[from] item: Life Orb\n|\n|-weather|RainDance|[upkeep]\n|upkeep\n|\n|t:|1788280780\n|switch|p1b: Garchomp|Garchomp, L50, F|100/100\n|turn|3\n|\n|t:|1788280788\n|move|p2a: Scizor|Bullet Punch|p1b: Garchomp\n|-damage|p1b: Garchomp|61/100\n|-damage|p2a: Scizor|45/100|[from] ability: Rough Skin|[of] p1b: Garchomp\n|move|p1b: Garchomp|Rock Tomb|p2b: Pelipper\n|-supereffective|p2b: Pelipper|1\n|-damage|p2b: Pelipper|32/100\n|-unboost|p2b: Pelipper|spe|1\n|-damage|p1b: Garchomp|51/100|[from] item: Life Orb\n|move|p1a: Charizard|Weather Ball|p2a: Scizor\n|-damage|p2a: Scizor|0 fnt\n|faint|p2a: Scizor\n|move|p2b: Pelipper|Weather Ball|p1a: Charizard\n|-supereffective|p1a: Charizard|1\n|-damage|p1a: Charizard|0 fnt\n|faint|p1a: Charizard\n|-damage|p2b: Pelipper|23/100|[from] item: Life Orb\n|\n|-weather|RainDance|[upkeep]\n|upkeep\n|\n|t:|1788280806\n|switch|p1a: Sylveon|Sylveon, L50, F|100/100\n|switch|p2a: Basculegion|Basculegion, L50, M|100/100\n|turn|4\n|\n|t:|1788280827\n|move|p1b: Garchomp|Protect|p1b: Garchomp\n|-singleturn|p1b: Garchomp|Protect\n|move|p2a: Basculegion|Flip Turn|p1b: Garchomp\n|-activate|p1b: Garchomp|move: Protect\n|move|p1a: Sylveon|Hyper Voice|p2b: Pelipper|[spread] p2a,p2b\n|-damage|p2a: Basculegion|42/100\n|-damage|p2b: Pelipper|0 fnt\n|faint|p2b: Pelipper\n|\n|-weather|RainDance|[upkeep]\n|upkeep\n|\n|t:|1788280831\n|switch|p2b: Lycanroc|Lycanroc-Dusk, L50, M|100/100\n|turn|5\n|\n|t:|1788280852\n|move|p2a: Basculegion|Flip Turn|p1b: Garchomp\n|-damage|p1b: Garchomp|0 fnt\n|-damage|p2a: Basculegion|29/100|[from] ability: Rough Skin|[of] p1b: Garchomp\n|faint|p1b: Garchomp\n|move|p2b: Lycanroc|Rock Slide|p1a: Sylveon\n|-damage|p1a: Sylveon|50/100g\n|move|p1a: Sylveon|Hyper Voice|p2a: Basculegion|[spread] p2a,p2b\n|-damage|p2a: Basculegion|0 fnt\n|-damage|p2b: Lycanroc|11/100\n|faint|p2a: Basculegion\n|\n|-weather|none\n|upkeep\n|turn|6\n|\n|t:|1788280872\n|move|p1a: Sylveon|Quick Attack|p2b: Lycanroc\n|-damage|p2b: Lycanroc|0 fnt\n|faint|p2b: Lycanroc\n|\n|win|redjaguar\n||blueberry83 is ready for game 3.\n||redjaguar is ready for game 3.\n|uhtml|next|Next: <a href=\"/battle-gen9championsvgc2026regmbbo3-2673950329\"><strong>Game 3 of 3</strong></a>\n|l|☆blueberry83\n|player|p2|\n","uploadtime":1788281113,"views":"1","formatid":"gen9championsvgc2026regmbbo3","rating":null,"private":0,"password":null}