{"id":"gen9championsvgc2026regmb-2674519099","format":"[Gen 9 Champions] VGC 2026 Reg M-B","players":["Anchor7","tr8ubl3"],"log":"|j|☆Anchor7\n|j|☆tr8ubl3\n|t:|1788369319\n|gametype|doubles\n|player|p1|Anchor7|fisherman-gen4|1140\n|player|p2|tr8ubl3|flannery|1135\n|gen|9\n|tier|[Gen 9 Champions] VGC 2026 Reg M-B\n|rated|\n|rule|Species Clause: Limit one of each Pokémon\n|rule|Item Clause: Limit 1 of each item\n|clearpoke\n|poke|p1|Archaludon, L50, M|\n|poke|p1|Oranguru, L50, M|\n|poke|p1|Sylveon, L50, F|\n|poke|p1|Chimecho, L50, M|\n|poke|p1|Greninja, L50, M, shiny|\n|poke|p1|Kommo-o, L50, M|\n|poke|p2|Sableye, L50, F|\n|poke|p2|Swampert, L50, F|\n|poke|p2|Pelipper, L50, M|\n|poke|p2|Archaludon, L50, F|\n|poke|p2|Sneasler, L50, F|\n|poke|p2|Sinistcha, L50|\n|teampreview|4\n|\n|t:|1788369348\n|teamsize|p1|4\n|teamsize|p2|4\n|start\n|switch|p1a: Ringtone|Chimecho, L50, M|100/100\n|switch|p1b: diddy ☠️🙏|Oranguru, L50, M|100/100\n|switch|p2a: Sableye|Sableye, L50, F|100/100\n|switch|p2b: Swampert|Swampert, L50, F|100/100\n|turn|1\n|\n|t:|1788369369\n|detailschange|p2b: Swampert|Swampert-Mega, L50, F\n|-mega|p2b: Swampert|Swampert|Swampertite\n|detailschange|p1a: Ringtone|Chimecho-Mega, L50, M\n|-mega|p1a: Ringtone|Chimecho|Chimechite\n|move|p2a: Sableye|Rain Dance|p2a: Sableye\n|-weather|RainDance\n|move|p2b: Swampert|Wave Crash|p1b: diddy ☠️🙏\n|-damage|p1b: diddy ☠️🙏|10/100\n|-damage|p2b: Swampert|67/100|[from] Recoil\n|move|p1a: Ringtone|Dazzling Gleam|p2b: Swampert|[spread] p2a,p2b\n|-supereffective|p2a: Sableye|1\n|-damage|p2a: Sableye|26/100\n|-damage|p2b: Swampert|46/100\n|move|p1b: diddy ☠️🙏|Trick Room|p1b: diddy ☠️🙏\n|-fieldstart|move: Trick Room|[of] p1b: diddy ☠️🙏\n|\n|-weather|RainDance|[upkeep]\n|-heal|p1b: diddy ☠️🙏|16/100|[from] item: Leftovers\n|upkeep\n|turn|2\n|\n|t:|1788369391\n|move|p2a: Sableye|Encore|p1b: diddy ☠️🙏\n|-start|p1b: diddy ☠️🙏|Encore\n|move|p1a: Ringtone|Dazzling Gleam|p2b: Swampert|[spread] p2a,p2b\n|-supereffective|p2a: Sableye|1\n|-damage|p2a: Sableye|0 fnt\n|-damage|p2b: Swampert|22/100\n|faint|p2a: Sableye\n|move|p2b: Swampert|Wave Crash|p1a: Ringtone\n|-damage|p1a: Ringtone|3/100\n|-damage|p2b: Swampert|0 fnt|[from] Recoil\n|faint|p2b: Swampert\n|move|p1b: diddy ☠️🙏|Trick Room|p1b: diddy ☠️🙏\n|-fieldend|move: Trick Room\n|\n|-weather|RainDance|[upkeep]\n|-heal|p1b: diddy ☠️🙏|22/100|[from] item: Leftovers\n|upkeep\n|\n|t:|1788369401\n|switch|p2b: Pelipper|Pelipper, L50, M|100/100\n|switch|p2a: Archaludon|Archaludon, L50, F|100/100\n|turn|3\n|\n|t:|1788369430\n|move|p1a: Ringtone|Protect|p1a: Ringtone\n|-singleturn|p1a: Ringtone|Protect\n|move|p2a: Archaludon|Electro Shot||[still]\n|-prepare|p2a: Archaludon|Electro Shot\n|-boost|p2a: Archaludon|spa|1\n|-anim|p2a: Archaludon|Electro Shot|p1a: Ringtone\n|-activate|p1a: Ringtone|move: Protect\n|move|p2b: Pelipper|Weather Ball|p1b: diddy ☠️🙏\n|-damage|p1b: diddy ☠️🙏|0 fnt\n|faint|p1b: diddy ☠️🙏\n|-damage|p2b: Pelipper|90/100|[from] item: Life Orb\n|\n|-weather|RainDance|[upkeep]\n|upkeep\n|\n|t:|1788369448\n|switch|p1b: Larp Monster|Kommo-o, L50, M|100/100\n|turn|4\n|\n|t:|1788369472\n|move|p1b: Larp Monster|Protect|p1b: Larp Monster\n|-singleturn|p1b: Larp Monster|Protect\n|move|p2a: Archaludon|Electro Shot||[still]\n|-prepare|p2a: Archaludon|Electro Shot\n|-boost|p2a: Archaludon|spa|1\n|-anim|p2a: Archaludon|Electro Shot|p1a: Ringtone\n|-damage|p1a: Ringtone|0 fnt\n|faint|p1a: Ringtone\n|move|p2b: Pelipper|Weather Ball|p1b: Larp Monster\n|-activate|p1b: Larp Monster|move: Protect\n|\n|-weather|RainDance|[upkeep]\n|upkeep\n|\n|t:|1788369484\n|switch|p1a: Or or or or|Sylveon, L50, F|100/100\n|turn|5\n|\n|t:|1788369499\n|move|p2a: Archaludon|Dragon Pulse|p1b: Larp Monster\n|-supereffective|p1b: Larp Monster|1\n|-damage|p1b: Larp Monster|0 fnt\n|faint|p1b: Larp Monster\n|move|p1a: Or or or or|Hyper Voice|p2b: Pelipper|[spread] p2a,p2b\n|-damage|p2a: Archaludon|18/100\n|-damage|p2b: Pelipper|20/100y\n|-ability|p2a: Archaludon|Stamina|boost\n|-boost|p2a: Archaludon|def|1\n|move|p2b: Pelipper|Weather Ball|p1a: Or or or or\n|-damage|p1a: Or or or or|33/100\n|-damage|p2b: Pelipper|10/100|[from] item: Life Orb\n|\n|-weather|none\n|-heal|p2a: Archaludon|24/100|[from] item: Leftovers\n|upkeep\n|turn|6\n|\n|t:|1788369532\n|move|p2b: Pelipper|Wide Guard|p2b: Pelipper\n|-singleturn|p2b: Pelipper|Wide Guard\n|move|p2a: Archaludon|Flash Cannon|p1a: Or or or or\n|-supereffective|p1a: Or or or or|1\n|-damage|p1a: Or or or or|0 fnt\n|faint|p1a: Or or or or\n|\n|win|tr8ubl3\n|raw|Anchor7's rating: 1140 &rarr; <strong>1115</strong><br />(-25 for losing)\n|raw|tr8ubl3's rating: 1135 &rarr; <strong>1160</strong><br />(+25 for winning)\n|c|☆Anchor7|gg\n|c|☆tr8ubl3|gg\n","uploadtime":1788369544,"views":"31","formatid":"gen9championsvgc2026regmb","rating":1115,"private":0,"password":null}