{"id":"gen9championsvgc2026regmb-2674472280","format":"[Gen 9 Champions] VGC 2026 Reg M-B","players":["randomtieflinggirl","michaelbaymoneygod"],"log":"|j|☆randomtieflinggirl\n|j|☆michaelbaymoneygod\n|t:|1788363822\n|gametype|doubles\n|player|p1|randomtieflinggirl|266|1109\n|player|p2|michaelbaymoneygod|harlequin|1117\n|gen|9\n|tier|[Gen 9 Champions] VGC 2026 Reg M-B\n|rated|\n|rule|Species Clause: Limit one of each Pokémon\n|rule|Item Clause: Limit 1 of each item\n|clearpoke\n|poke|p1|Lycanroc-Dusk, L50, M|\n|poke|p1|Froslass, L50, F|\n|poke|p1|Scovillain, L50, M|\n|poke|p1|Basculegion, L50, M|\n|poke|p1|Kingambit, L50, F|\n|poke|p1|Sneasler, L50, F|\n|poke|p2|Chandelure, L50, F|\n|poke|p2|Kangaskhan, L50, F|\n|poke|p2|Whimsicott, L50, F|\n|poke|p2|Kommo-o, L50, M|\n|poke|p2|Kingambit, L50, M|\n|poke|p2|Glimmora, L50, M|\n|teampreview|4\nrandomtieflinggirl has agreed to open team sheets.\n|inactive|Battle timer is ON: inactive players will automatically lose when time's up. (requested by michaelbaymoneygod)\nmichaelbaymoneygod rejected open team sheets.\n|\n|t:|1788363901\n|teamsize|p1|4\n|teamsize|p2|4\n|start\n|switch|p1a: Sneasler|Sneasler, L50, F|100/100\n|switch|p1b: Kingambit|Kingambit, L50, F|100/100\n|switch|p2a: Chandelure|Chandelure, L50, F|100/100\n|switch|p2b: Kangaskhan|Kangaskhan, L50, F|100/100\n|turn|1\n|l|☆michaelbaymoneygod\n|inactive|michaelbaymoneygod disconnected and has a minute to reconnect!\n|player|p2|\n|j|☆michaelbaymoneygod\n|inactive|michaelbaymoneygod reconnected and has 45 seconds left.\n|player|p2|michaelbaymoneygod|harlequin|\n|inactive|randomtieflinggirl has 30 seconds left.\n|inactive|michaelbaymoneygod has 30 seconds left.\n|\n|t:|1788363929\n|detailschange|p2b: Kangaskhan|Kangaskhan-Mega, L50, F\n|-mega|p2b: Kangaskhan|Kangaskhan|Kangaskhanite\n|move|p1a: Sneasler|Fake Out|p2b: Kangaskhan\n|-damage|p2b: Kangaskhan|87/100\n|cant|p2b: Kangaskhan|flinch\n|move|p1b: Kingambit|Sucker Punch|p2a: Chandelure\n|-supereffective|p2a: Chandelure|1\n|-enditem|p2a: Chandelure|Focus Sash\n|-damage|p2a: Chandelure|1/100\n|move|p2a: Chandelure|Heat Wave|p1a: Sneasler|[spread] p1a,p1b\n|-supereffective|p1b: Kingambit|1\n|-damage|p1a: Sneasler|40/100\n|-damage|p1b: Kingambit|14/100\n|\n|upkeep\n|turn|2\n|\n|t:|1788363949\n|move|p2a: Chandelure|Protect|p2a: Chandelure\n|-singleturn|p2a: Chandelure|Protect\n|move|p1b: Kingambit|Sucker Punch||[still]\n|-fail|p1b: Kingambit\n|move|p1a: Sneasler|Close Combat|p2b: Kangaskhan\n|-supereffective|p2b: Kangaskhan|1\n|-damage|p2b: Kangaskhan|0 fnt\n|-unboost|p1a: Sneasler|def|1\n|-unboost|p1a: Sneasler|spd|1\n|faint|p2b: Kangaskhan\n|-enditem|p1a: Sneasler|White Herb\n|-clearnegativeboost|p1a: Sneasler|[silent]\n|\n|upkeep\n|\n|t:|1788363952\n|switch|p2b: Kommo-o|Kommo-o, L50, M|100/100\n|turn|3\n|\n|t:|1788363966\n|move|p1b: Kingambit|Sucker Punch||[still]\n|-fail|p1b: Kingambit\n|move|p1a: Sneasler|Close Combat|p2b: Kommo-o\n|-damage|p2b: Kommo-o|48/100\n|-unboost|p1a: Sneasler|def|1\n|-unboost|p1a: Sneasler|spd|1\n|move|p2b: Kommo-o|Clanging Scales|p1a: Sneasler|[spread] p1a,p1b\n|-resisted|p1b: Kingambit|1\n|-damage|p1a: Sneasler|0 fnt\n|-damage|p1b: Kingambit|0 fnt\n|faint|p1a: Sneasler\n|faint|p1b: Kingambit\n|-unboost|p2b: Kommo-o|def|1\n|-damage|p2b: Kommo-o|38/100|[from] item: Life Orb\n|move|p2a: Chandelure|Trick Room|p2a: Chandelure\n|-fieldstart|move: Trick Room|[of] p2a: Chandelure\n|\n|upkeep\n|\n|t:|1788363981\n|switch|p1b: Lycanroc|Lycanroc-Dusk, L50, M|100/100\n|switch|p1a: Basculegion|Basculegion, L50, M|100/100\n|turn|4\n|\n|t:|1788363996\n|move|p1a: Basculegion|Protect|p1a: Basculegion\n|-singleturn|p1a: Basculegion|Protect\n|move|p2a: Chandelure|Protect|p2a: Chandelure\n|-singleturn|p2a: Chandelure|Protect\n|move|p1b: Lycanroc|Accelerock|p2a: Chandelure\n|-activate|p2a: Chandelure|move: Protect\n|move|p2b: Kommo-o|Aura Sphere|p1b: Lycanroc\n|-supereffective|p1b: Lycanroc|1\n|-enditem|p1b: Lycanroc|Focus Sash\n|-damage|p1b: Lycanroc|1/100\n|-damage|p2b: Kommo-o|28/100|[from] item: Life Orb\n|\n|upkeep\n|turn|5\n|\n|t:|1788364012\n|move|p1a: Basculegion|Aqua Jet|p2b: Kommo-o\n|-resisted|p2b: Kommo-o|1\n|-damage|p2b: Kommo-o|6/100\n|move|p2b: Kommo-o|Vacuum Wave|p1b: Lycanroc\n|-supereffective|p1b: Lycanroc|1\n|-damage|p1b: Lycanroc|0 fnt\n|faint|p1b: Lycanroc\n|-damage|p2b: Kommo-o|0 fnt|[from] item: Life Orb\n|faint|p2b: Kommo-o\n|move|p2a: Chandelure|Shadow Ball|p1a: Basculegion\n|-supereffective|p1a: Basculegion|1\n|-damage|p1a: Basculegion|1/100\n|-enditem|p1a: Basculegion|Sitrus Berry|[eat]\n|-heal|p1a: Basculegion|25/100|[from] item: Sitrus Berry\n|\n|upkeep\n|\n|t:|1788364015\n|switch|p2b: Kingambit|Kingambit, L50, M|100/100\n|turn|6\n|\n|t:|1788364028\n|move|p1a: Basculegion|Protect|p1a: Basculegion\n|-singleturn|p1a: Basculegion|Protect\n|move|p2b: Kingambit|Sucker Punch||[still]\n|-fail|p2b: Kingambit\n|move|p2a: Chandelure|Shadow Ball|p1a: Basculegion\n|-activate|p1a: Basculegion|move: Protect\n|\n|upkeep\n|turn|7\n|c|☆michaelbaymoneygod|Gg\n|inactive|randomtieflinggirl has 30 seconds left.\n|\n|t:|1788364057\n|move|p2b: Kingambit|Sucker Punch|p1a: Basculegion\n|-supereffective|p1a: Basculegion|1\n|-damage|p1a: Basculegion|0 fnt\n|faint|p1a: Basculegion\n|\n|win|michaelbaymoneygod\n|raw|randomtieflinggirl's rating: 1109 &rarr; <strong>1085</strong><br />(-24 for losing)\n|raw|michaelbaymoneygod's rating: 1117 &rarr; <strong>1141</strong><br />(+24 for winning)\n|c|☆randomtieflinggirl|gg\n","uploadtime":1788364061,"views":"3","formatid":"gen9championsvgc2026regmb","rating":1085,"private":0,"password":null}