{"id":"gen9championsvgc2026regmb-2673901644","format":"[Gen 9 Champions] VGC 2026 Reg M-B","players":["zdxn","Run4Boy"],"log":"|j|☆zdxn\n|j|☆Run4Boy\n|t:|1788274992\n|gametype|doubles\n|player|p1|zdxn|266|1043\n|player|p2|Run4Boy|170|1041\n|gen|9\n|tier|[Gen 9 Champions] VGC 2026 Reg M-B\n|rated|\n|rule|Species Clause: Limit one of each Pokémon\n|rule|Item Clause: Limit 1 of each item\n|clearpoke\n|poke|p1|Charizard, L50, M|\n|poke|p1|Incineroar, L50, M|\n|poke|p1|Whimsicott, L50, F|\n|poke|p1|Venusaur, L50, M|\n|poke|p1|Kingambit, L50, M|\n|poke|p1|Gardevoir, L50, F|\n|poke|p2|Pyroar, L50, M|\n|poke|p2|Chandelure, L50, F|\n|poke|p2|Torkoal, L50, M|\n|poke|p2|Vileplume, L50, F|\n|poke|p2|Staraptor, L50, M|\n|poke|p2|Kingambit, L50, M|\n|teampreview|4\n|inactive|Battle timer is ON: inactive players will automatically lose when time's up. (requested by Run4Boy)\n|inactive|Run4Boy has 60 seconds left.\n|\n|t:|1788275028\n|teamsize|p1|4\n|teamsize|p2|4\n|start\n|switch|p1a: Charizard|Charizard, L50, M|100/100\n|switch|p1b: Venusaur|Venusaur, L50, M|100/100\n|switch|p2a: Pyroar|Pyroar, L50, M|100/100\n|switch|p2b: Chandelure|Chandelure, L50, F|100/100\n|-ability|p2a: Pyroar|Unnerve\n|turn|1\n|\n|t:|1788275052\n|detailschange|p2a: Pyroar|Pyroar-Mega, L50, M\n|-mega|p2a: Pyroar|Pyroar|Pyroarite\n|detailschange|p1a: Charizard|Charizard-Mega-Y, L50, M\n|-mega|p1a: Charizard|Charizard|Charizardite Y\n|-weather|SunnyDay|[from] ability: Drought|[of] p1a: Charizard\n|move|p1b: Venusaur|Earth Power|p2b: Chandelure\n|-supereffective|p2b: Chandelure|1\n|-damage|p2b: Chandelure|10/100\n|-damage|p1b: Venusaur|90/100|[from] item: Life Orb\n|move|p2b: Chandelure|Shadow Ball|p1a: Charizard\n|-damage|p1a: Charizard|54/100\n|move|p2a: Pyroar|Heat Wave|p1b: Venusaur|[spread] p1a,p1b\n|-resisted|p1a: Charizard|1\n|-supereffective|p1b: Venusaur|1\n|-damage|p1a: Charizard|11/100\n|-damage|p1b: Venusaur|0 fnt\n|faint|p1b: Venusaur\n|move|p1a: Charizard|Ancient Power|p2a: Pyroar\n|-supereffective|p2a: Pyroar|1\n|-damage|p2a: Pyroar|41/100\n|\n|-weather|SunnyDay|[upkeep]\n|upkeep\n|\n|t:|1788275068\n|switch|p1b: Whimsicott|Whimsicott, L50, F|100/100\n|turn|2\n|\n|t:|1788275074\n|switch|p2b: Vileplume|Vileplume, L50, F|100/100\n|move|p1b: Whimsicott|Tailwind|p1b: Whimsicott\n|-sidestart|p1: zdxn|move: Tailwind\n|move|p1a: Charizard|Heat Wave|p2b: Vileplume|[spread] p2a,p2b\n|-resisted|p2a: Pyroar|1\n|-supereffective|p2b: Vileplume|1\n|-damage|p2a: Pyroar|1/100\n|-enditem|p2b: Vileplume|Focus Sash\n|-damage|p2b: Vileplume|1/100\n|move|p2a: Pyroar|Heat Wave|p1b: Whimsicott|[spread] p1a,p1b\n|-resisted|p1a: Charizard|1\n|-supereffective|p1b: Whimsicott|1\n|-damage|p1a: Charizard|0 fnt\n|-enditem|p1b: Whimsicott|Focus Sash\n|-damage|p1b: Whimsicott|1/100\n|faint|p1a: Charizard\n|\n|-weather|SunnyDay|[upkeep]\n|upkeep\n|\n|t:|1788275084\n|switch|p1a: Kingambit|Kingambit, L50, M|100/100\n|turn|3\n|\n|t:|1788275098\n|switch|p2b: Torkoal|Torkoal, L50, M|100/100\n|move|p1a: Kingambit|Sucker Punch||[still]\n|-fail|p1a: Kingambit\n|move|p1b: Whimsicott|Moonblast|p2b: Torkoal\n|-resisted|p2b: Torkoal|1\n|-damage|p2b: Torkoal|81/100\n|move|p2a: Pyroar|Entrainment|p2b: Torkoal\n|-ability|p2b: Torkoal|Fire Mane|Drought|[from] move: Entrainment|[of] p2a: Pyroar\n|\n|-weather|SunnyDay|[upkeep]\n|upkeep\n|turn|4\n|\n|t:|1788275117\n|move|p1b: Whimsicott|Encore|p2a: Pyroar\n|-start|p2a: Pyroar|Encore\n|move|p2a: Pyroar|Entrainment|p1a: Kingambit\n|-ability|p1a: Kingambit|Fire Mane|Defiant|[from] move: Entrainment|[of] p2a: Pyroar\n|move|p1a: Kingambit|Kowtow Cleave|p2b: Torkoal\n|-damage|p2b: Torkoal|38/100\n|move|p2b: Torkoal|Flamethrower|p1a: Kingambit\n|-supereffective|p1a: Kingambit|1\n|-damage|p1a: Kingambit|0 fnt\n|faint|p1a: Kingambit\n|\n|-weather|SunnyDay|[upkeep]\n|upkeep\n|turn|5\n|-message|zdxn forfeited.\n|\n|win|Run4Boy\n|raw|zdxn's rating: 1043 &rarr; <strong>1026</strong><br />(-17 for losing)\n|raw|Run4Boy's rating: 1041 &rarr; <strong>1075</strong><br />(+34 for winning)\n|l|☆zdxn\n|player|p1|\n","uploadtime":1788275133,"views":"10","formatid":"gen9championsvgc2026regmb","rating":1026,"private":0,"password":null}