{"id":"gen9championsvgc2026regmb-2674580335","format":"[Gen 9 Champions] VGC 2026 Reg M-B","players":["olyrral3","Kamish's struggle"],"log":"|j|☆olyrral3\n|j|☆Kamish's struggle\n|t:|1788376348\n|gametype|doubles\n|player|p1|olyrral3|unknown|1289\n|player|p2|Kamish's struggle|veteran|1273\n|gen|9\n|tier|[Gen 9 Champions] VGC 2026 Reg M-B\n|rated|\n|rule|Species Clause: Limit one of each Pokémon\n|rule|Item Clause: Limit 1 of each item\n|clearpoke\n|poke|p1|Charizard, L50, M|\n|poke|p1|Venusaur, L50, M|\n|poke|p1|Pelipper, L50, M|\n|poke|p1|Swampert, L50, M|\n|poke|p1|Archaludon, L50, M|\n|poke|p1|Grimmsnarl, L50, M|\n|poke|p2|Staraptor, L50, M, shiny|\n|poke|p2|Gengar, L50, M|\n|poke|p2|Whimsicott, L50, F, shiny|\n|poke|p2|Machamp, L50, F|\n|poke|p2|Kingambit, L50, M|\n|poke|p2|Gardevoir, L50, F|\n|teampreview|4\n|\n|t:|1788376388\n|teamsize|p1|4\n|teamsize|p2|4\n|start\n|switch|p1a: Pelipper|Pelipper, L50, M|100/100\n|switch|p1b: Swampert|Swampert, L50, M|100/100\n|switch|p2a: Whimsicott|Whimsicott, L50, F, shiny|100/100\n|switch|p2b: Machamp|Machamp, L50, F|100/100\n|-weather|RainDance|[from] ability: Drizzle|[of] p1a: Pelipper\n|turn|1\n|\n|t:|1788376403\n|detailschange|p1b: Swampert|Swampert-Mega, L50, M\n|-mega|p1b: Swampert|Swampert|Swampertite\n|move|p2a: Whimsicott|Charm|p1b: Swampert\n|-unboost|p1b: Swampert|atk|2\n|move|p1b: Swampert|Wave Crash|p2b: Machamp\n|-damage|p2b: Machamp|23/100\n|-damage|p1b: Swampert|76/100|[from] Recoil\n|move|p1a: Pelipper|Tailwind|p1a: Pelipper\n|-sidestart|p1: olyrral3|move: Tailwind\n|move|p2b: Machamp|Stone Edge|p1a: Pelipper\n|-supereffective|p1a: Pelipper|1\n|-damage|p1a: Pelipper|28/100\n|-enditem|p1a: Pelipper|Sitrus Berry|[eat]\n|-heal|p1a: Pelipper|53/100|[from] item: Sitrus Berry\n|\n|-weather|RainDance|[upkeep]\n|upkeep\n|turn|2\n|\n|t:|1788376425\n|switch|p1b: Archaludon|Archaludon, L50, M|100/100\n|move|p2a: Whimsicott|Tailwind|p2a: Whimsicott\n|-sidestart|p2: Kamish's struggle|move: Tailwind\n|move|p1a: Pelipper|Hurricane|p2b: Machamp\n|-supereffective|p2b: Machamp|1\n|-damage|p2b: Machamp|0 fnt\n|faint|p2b: Machamp\n|\n|-weather|RainDance|[upkeep]\n|upkeep\n|\n|t:|1788376435\n|switch|p2b: Staraptor|Staraptor, L50, M, shiny|100/100\n|-ability|p2b: Staraptor|Intimidate|boost\n|-unboost|p1a: Pelipper|atk|1\n|-unboost|p1b: Archaludon|atk|1\n|turn|3\n|\n|t:|1788376445\n|detailschange|p2b: Staraptor|Staraptor-Mega, L50, M, shiny\n|-mega|p2b: Staraptor|Staraptor|Staraptite\n|move|p1b: Archaludon|Protect|p1b: Archaludon\n|-singleturn|p1b: Archaludon|Protect\n|move|p2a: Whimsicott|Charm|p2b: Staraptor\n|-boost|p2b: Staraptor|atk|2\n|move|p2b: Staraptor|Close Combat|p1b: Archaludon\n|-activate|p1b: Archaludon|move: Protect\n|move|p1a: Pelipper|Hurricane|p2b: Staraptor\n|-supereffective|p2b: Staraptor|1\n|-damage|p2b: Staraptor|17/100\n|-start|p2b: Staraptor|confusion\n|\n|-weather|RainDance|[upkeep]\n|upkeep\n|turn|4\n|\n|t:|1788376461\n|move|p2a: Whimsicott|Protect|p2a: Whimsicott\n|-singleturn|p2a: Whimsicott|Protect\n|-activate|p2b: Staraptor|confusion\n|move|p2b: Staraptor|Protect|p2b: Staraptor\n|-singleturn|p2b: Staraptor|Protect\n|move|p1b: Archaludon|Electro Shot||[still]\n|-prepare|p1b: Archaludon|Electro Shot\n|-boost|p1b: Archaludon|spa|1\n|-anim|p1b: Archaludon|Electro Shot|p2b: Staraptor\n|-activate|p2b: Staraptor|move: Protect\n|move|p1a: Pelipper|Hurricane|p2b: Staraptor\n|-activate|p2b: Staraptor|move: Protect\n|\n|-weather|RainDance|[upkeep]\n|-sideend|p1: olyrral3|move: Tailwind\n|upkeep\n|turn|5\n|\n|t:|1788376487\n|move|p2a: Whimsicott|Charm|p2b: Staraptor\n|-boost|p2b: Staraptor|atk|2\n|-activate|p2b: Staraptor|confusion\n|move|p2b: Staraptor|Close Combat|p1b: Archaludon\n|-supereffective|p1b: Archaludon|1\n|-damage|p1b: Archaludon|0 fnt\n|-boost|p2b: Staraptor|def|1\n|-boost|p2b: Staraptor|spd|1\n|faint|p1b: Archaludon\n|move|p1a: Pelipper|Hurricane|p2b: Staraptor\n|-supereffective|p2b: Staraptor|1\n|-damage|p2b: Staraptor|0 fnt\n|faint|p2b: Staraptor\n|\n|-weather|none\n|-sideend|p2: Kamish's struggle|move: Tailwind\n|upkeep\n|\n|t:|1788376502\n|switch|p2b: Gardevoir|Gardevoir, L50, F|100/100\n|switch|p1b: Swampert|Swampert-Mega, L50, M|76/100\n|-ability|p2b: Gardevoir|Drizzle|Trace|[from] ability: Trace|[of] p1a: Pelipper\n|-weather|RainDance|[from] ability: Drizzle|[of] p2b: Gardevoir\n|turn|6\n|\n|t:|1788376520\n|move|p2a: Whimsicott|Tailwind|p2a: Whimsicott\n|-sidestart|p2: Kamish's struggle|move: Tailwind\n|move|p1b: Swampert|Wave Crash|p2b: Gardevoir\n|-damage|p2b: Gardevoir|0 fnt\n|faint|p2b: Gardevoir\n|-damage|p1b: Swampert|47/100|[from] Recoil\n|move|p1a: Pelipper|Weather Ball|p2a: Whimsicott\n|-resisted|p2a: Whimsicott|1\n|-damage|p2a: Whimsicott|55/100\n|\n|-weather|RainDance|[upkeep]\n|upkeep\n|turn|7\n|-message|Kamish's struggle forfeited.\n|\n|win|olyrral3\n|raw|olyrral3's rating: 1289 &rarr; <strong>1313</strong><br />(+24 for winning)\n|raw|Kamish&apos;s struggle's rating: 1273 &rarr; <strong>1249</strong><br />(-24 for losing)\n|l|☆Kamish's struggle\n|player|p2|\n","uploadtime":1788376532,"views":"4","formatid":"gen9championsvgc2026regmb","rating":1249,"private":0,"password":null}