{"id":"gen9championsvgc2026regmb-2674780056","format":"[Gen 9 Champions] VGC 2026 Reg M-B","players":["Northgdh","olyrral2"],"log":"|j|☆Northgdh\n|j|☆olyrral2\n|t:|1788405309\n|gametype|doubles\n|player|p1|Northgdh|101|1625\n|player|p2|olyrral2|unknown|1534\n|gen|9\n|tier|[Gen 9 Champions] VGC 2026 Reg M-B\n|rated|\n|rule|Species Clause: Limit one of each Pokémon\n|rule|Item Clause: Limit 1 of each item\n|clearpoke\n|poke|p1|Froslass, L50, F, shiny|\n|poke|p1|Lycanroc-Dusk, L50, M, shiny|\n|poke|p1|Basculegion, L50, M|\n|poke|p1|Kingambit, L50, M, shiny|\n|poke|p1|Scovillain, L50, M, shiny|\n|poke|p1|Sneasler, L50, F|\n|poke|p2|Charizard, L50, M|\n|poke|p2|Venusaur, L50, M|\n|poke|p2|Pelipper, L50, M|\n|poke|p2|Swampert, L50, M|\n|poke|p2|Archaludon, L50, M|\n|poke|p2|Grimmsnarl, L50, M|\n|teampreview|4\n|inactive|Battle timer is ON: inactive players will automatically lose when time's up. (requested by Northgdh)\n|j| kingmain1\n|\n|t:|1788405334\n|teamsize|p1|4\n|teamsize|p2|4\n|start\n|switch|p1a: Medford|Sneasler, L50, F|100/100\n|switch|p1b: Marblehead|Scovillain, L50, M, shiny|100/100\n|switch|p2a: Charizard|Charizard, L50, M|100/100\n|switch|p2b: Venusaur|Venusaur, L50, M|100/100\n|turn|1\n|inactive|olyrral2 has 30 seconds left.\n|inactive|Northgdh has 30 seconds left.\n|\n|t:|1788405367\n|detailschange|p2a: Charizard|Charizard-Mega-Y, L50, M\n|-mega|p2a: Charizard|Charizard|Charizardite Y\n|-weather|SunnyDay|[from] ability: Drought|[of] p2a: Charizard\n|detailschange|p1b: Marblehead|Scovillain-Mega, L50, M, shiny\n|-mega|p1b: Marblehead|Scovillain|Scovillainite\n|move|p2b: Venusaur|Protect|p2b: Venusaur\n|-singleturn|p2b: Venusaur|Protect\n|move|p2a: Charizard|Protect|p2a: Charizard\n|-singleturn|p2a: Charizard|Protect\n|move|p1a: Medford|Fake Out|p2b: Venusaur\n|-activate|p2b: Venusaur|move: Protect\n|move|p1b: Marblehead|Overheat|p2b: Venusaur\n|-activate|p2b: Venusaur|move: Protect\n|\n|-weather|SunnyDay|[upkeep]\n|upkeep\n|turn|2\n|\n|t:|1788405387\n|switch|p2b: Pelipper|Pelipper, L50, M|100/100\n|-weather|RainDance|[from] ability: Drizzle|[of] p2b: Pelipper\n|switch|p1a: Boston|Basculegion, L50, M|100/100\n|move|p2a: Charizard|Hurricane|p1b: Marblehead\n|-supereffective|p1b: Marblehead|1\n|-damage|p1b: Marblehead|0 fnt\n|faint|p1b: Marblehead\n|\n|-weather|RainDance|[upkeep]\n|upkeep\n|\n|t:|1788405394\n|switch|p1b: Quincy|Lycanroc-Dusk, L50, M, shiny|100/100\n|turn|3\n|\n|t:|1788405403\n|move|p2a: Charizard|Protect|p2a: Charizard\n|-singleturn|p2a: Charizard|Protect\n|move|p1b: Quincy|Rock Slide|p2a: Charizard|[spread] p2b\n|-activate|p2a: Charizard|move: Protect\n|-supereffective|p2b: Pelipper|1\n|-damage|p2b: Pelipper|37/100\n|-enditem|p2b: Pelipper|Sitrus Berry|[eat]\n|-heal|p2b: Pelipper|62/100|[from] item: Sitrus Berry\n|move|p1a: Boston|Last Respects|p2b: Pelipper\n|-damage|p2b: Pelipper|0 fnt\n|faint|p2b: Pelipper\n|-damage|p1a: Boston|90/100|[from] item: Life Orb\n|\n|-weather|RainDance|[upkeep]\n|upkeep\n|\n|t:|1788405416\n|switch|p2b: Archaludon|Archaludon, L50, M|100/100\n|turn|4\n|inactive|olyrral2 has 30 seconds left.\n|inactive|olyrral2 has 20 seconds left.\n|\n|t:|1788405455\n|switch|p2a: Venusaur|Venusaur, L50, M|100/100\n|move|p1a: Boston|Protect|p1a: Boston\n|-singleturn|p1a: Boston|Protect\n|move|p1b: Quincy|Close Combat|p2b: Archaludon\n|-supereffective|p2b: Archaludon|1\n|-damage|p2b: Archaludon|16/100\n|-unboost|p1b: Quincy|def|1\n|-unboost|p1b: Quincy|spd|1\n|-ability|p2b: Archaludon|Stamina|boost\n|-boost|p2b: Archaludon|def|1\n|move|p2b: Archaludon|Electro Shot||[still]\n|-prepare|p2b: Archaludon|Electro Shot\n|-boost|p2b: Archaludon|spa|1\n|-anim|p2b: Archaludon|Electro Shot|p1a: Boston\n|-activate|p1a: Boston|move: Protect\n|\n|-weather|RainDance|[upkeep]\n|-heal|p2b: Archaludon|23/100|[from] item: Leftovers\n|upkeep\n|turn|5\n|inactive|olyrral2 has 30 seconds left.\n|inactive|olyrral2 has 20 seconds left.\n|inactive|olyrral2 has 15 seconds left.\n|inactive|Northgdh has 30 seconds left.\n|inactive|Northgdh has 20 seconds left.\n|\n|t:|1788405511\n|switch|p1a: Medford|Sneasler, L50, F|100/100\n|move|p1b: Quincy|Close Combat|p2b: Archaludon\n|-supereffective|p2b: Archaludon|1\n|-damage|p2b: Archaludon|0 fnt\n|-unboost|p1b: Quincy|def|1\n|-unboost|p1b: Quincy|spd|1\n|faint|p2b: Archaludon\n|move|p2a: Venusaur|Sleep Powder|p1a: Medford\n|-status|p1a: Medford|slp|[from] move: Sleep Powder\n|\n|-weather|RainDance|[upkeep]\n|upkeep\n|\n|t:|1788405518\n|switch|p2b: Charizard|Charizard-Mega-Y, L50, M|100/100\n|-weather|SunnyDay|[from] ability: Drought|[of] p2b: Charizard\n|turn|6\n|c|☆Northgdh|Huge sleep\n|\n|t:|1788405533\n|move|p1b: Quincy|Protect|p1b: Quincy\n|-singleturn|p1b: Quincy|Protect\n|cant|p1a: Medford|slp\n|move|p2a: Venusaur|Sleep Powder|p1b: Quincy\n|-activate|p1b: Quincy|move: Protect\n|move|p2b: Charizard|Heat Wave|p1a: Medford|[spread] p1a\n|-activate|p1b: Quincy|move: Protect\n|-damage|p1a: Medford|31/100 slp\n|\n|-weather|SunnyDay|[upkeep]\n|upkeep\n|turn|7\n|\n|t:|1788405551\n|move|p2b: Charizard|Protect|p2b: Charizard\n|-singleturn|p2b: Charizard|Protect\n|move|p1b: Quincy|Accelerock|p2b: Charizard\n|-activate|p2b: Charizard|move: Protect\n|move|p2a: Venusaur|Sleep Powder|p1b: Quincy\n|-status|p1b: Quincy|slp|[from] move: Sleep Powder\n|cant|p1a: Medford|slp\n|\n|-weather|SunnyDay|[upkeep]\n|upkeep\n|turn|8\n|c|☆Northgdh|And another\n|c|☆Northgdh|what a game fam\n|c|☆olyrral2|wide lens\n|c|☆Northgdh|gg\n|c|☆Northgdh|still chance\n|inactive|Northgdh has 30 seconds left.\n|\n|t:|1788405578\n|-curestatus|p1a: Medford|slp|[msg]\n|move|p1a: Medford|Protect|p1a: Medford\n|-singleturn|p1a: Medford|Protect\n|cant|p1b: Quincy|slp\n|move|p2a: Venusaur|Sludge Bomb|p1b: Quincy\n|-resisted|p1b: Quincy|1\n|-damage|p1b: Quincy|31/100 slp\n|move|p2b: Charizard|Heat Wave|p1b: Quincy|[spread] p1b\n|-activate|p1a: Medford|move: Protect\n|-resisted|p1b: Quincy|1\n|-damage|p1b: Quincy|0 fnt\n|faint|p1b: Quincy\n|\n|-weather|SunnyDay|[upkeep]\n|upkeep\n|\n|t:|1788405580\n|switch|p1b: Boston|Basculegion, L50, M|90/100\n|turn|9\n|c| kingmain1|he just better than you\n|c|☆olyrral2|yea fam uve got rock slide too, such is the game\n|\n|t:|1788405593\n|move|p1b: Boston|Protect|p1b: Boston\n|-singleturn|p1b: Boston|Protect\n|move|p2a: Venusaur|Leaf Storm|p1b: Boston\n|-activate|p1b: Boston|move: Protect\n|move|p1a: Medford|Gunk Shot|p2b: Charizard\n|-damage|p2b: Charizard|31/100\n|-status|p2b: Charizard|psn\n|move|p2b: Charizard|Weather Ball|p1a: Medford\n|-damage|p1a: Medford|0 fnt\n|faint|p1a: Medford\n|\n|-weather|SunnyDay|[upkeep]\n|-damage|p2b: Charizard|19/100 psn|[from] psn\n|upkeep\n|turn|10\n|c|☆Northgdh|Dang, bro you got a whole squad here 😭\n|c|☆Northgdh|I didn’t say he wasn’t good\n|c|☆olyrral2|deadass no clue who this guy is\n|c|☆olyrral2|stg\n|c|☆Northgdh|lmao\n|inactive|Northgdh has 30 seconds left.\n|c|☆Northgdh|love that\n|c|☆olyrral2|lmfao\n|inactive|Northgdh has 20 seconds left.\n|c|☆Northgdh|just that sleep chance blows\n|inactive|Northgdh has 15 seconds left.\n|c|☆olyrral2|^^\n|inactive|Northgdh has 10 seconds left.\n|\n|t:|1788405641\n|move|p1b: Boston|Protect||[still]\n|-fail|p1b: Boston\n|move|p2a: Venusaur|Leaf Storm|p1b: Boston\n|-supereffective|p1b: Boston|1\n|-damage|p1b: Boston|0 fnt\n|-unboost|p2a: Venusaur|spa|2\n|faint|p1b: Boston\n|\n|win|olyrral2\n|raw|Northgdh's rating: 1625 &rarr; <strong>1600</strong><br />(-25 for losing)\n|raw|olyrral2's rating: 1534 &rarr; <strong>1559</strong><br />(+25 for winning)\n|c|☆olyrral2|tired of missing so i slapped that wide lens on\n","uploadtime":1788405650,"views":"0","formatid":"gen9championsvgc2026regmb","rating":1559,"private":0,"password":null}