{"id":"gen9championsvgc2026regmb-2674744764","format":"[Gen 9 Champions] VGC 2026 Reg M-B","players":["polar721","echoes630"],"log":"|j|☆polar721\n|j|☆echoes630\n|t:|1788399500\n|gametype|doubles\n|player|p1|polar721|1|1272\n|player|p2|echoes630|1|1368\n|gen|9\n|tier|[Gen 9 Champions] VGC 2026 Reg M-B\n|rated|\n|rule|Species Clause: Limit one of each Pokémon\n|rule|Item Clause: Limit 1 of each item\n|clearpoke\n|poke|p1|Gengar, L50, M|\n|poke|p1|Kingambit, L50, F|\n|poke|p1|Altaria, L50, M|\n|poke|p1|Incineroar, L50, F|\n|poke|p1|Swampert, L50, M|\n|poke|p1|Aegislash, L50, M|\n|poke|p2|Raichu, L50, F|\n|poke|p2|Volcarona, L50, F|\n|poke|p2|Gengar, L50, M|\n|poke|p2|Kommo-o, L50, F|\n|poke|p2|Ninetales-Alola, L50, M|\n|poke|p2|Incineroar, L50, M|\n|teampreview|4\n|\n|t:|1788399553\n|teamsize|p1|4\n|teamsize|p2|4\n|start\n|switch|p1a: Gengar|Gengar, L50, M|100/100\n|switch|p1b: Swampert|Swampert, L50, M|100/100\n|switch|p2a: Incineroar|Incineroar, L50, M|100/100\n|switch|p2b: Gengar|Gengar, L50, M|100/100\n|-ability|p2a: Incineroar|Intimidate|boost\n|-unboost|p1a: Gengar|atk|1\n|-unboost|p1b: Swampert|atk|1\n|turn|1\n|\n|t:|1788399573\n|switch|p1b: Aegislash|Aegislash, L50, M|100/100\n|detailschange|p1a: Gengar|Gengar-Mega, L50, M\n|-mega|p1a: Gengar|Gengar|Gengarite\n|detailschange|p2b: Gengar|Gengar-Mega, L50, M\n|-mega|p2b: Gengar|Gengar|Gengarite\n|move|p1a: Gengar|Protect|p1a: Gengar\n|-singleturn|p1a: Gengar|Protect\n|move|p2b: Gengar|Protect|p2b: Gengar\n|-singleturn|p2b: Gengar|Protect\n|move|p2a: Incineroar|Throat Chop|p1a: Gengar\n|-activate|p1a: Gengar|move: Protect\n|\n|upkeep\n|turn|2\n|\n|t:|1788399616\n|switch|p2b: Volcarona|Volcarona, L50, F|100/100\n|move|p1a: Gengar|Sludge Bomb|p2a: Incineroar\n|-damage|p2a: Incineroar|45/100\n|-status|p2a: Incineroar|psn\n|move|p2a: Incineroar|Parting Shot|p1a: Gengar\n|-unboost|p1a: Gengar|atk|1\n|-unboost|p1a: Gengar|spa|1\n|\n|t:|1788399624\n|switch|p2a: Gengar|Gengar-Mega, L50, M|100/100|[from] Parting Shot\n|-formechange|p1b: Aegislash|Aegislash-Blade|\n|move|p1b: Aegislash|Sacred Sword|p2a: Gengar\n|-immune|p2a: Gengar\n|\n|upkeep\n|turn|3\n|\n|t:|1788399651\n|move|p1a: Gengar|Protect|p1a: Gengar\n|-singleturn|p1a: Gengar|Protect\n|-formechange|p1b: Aegislash|Aegislash|\n|move|p1b: Aegislash|King's Shield|p1b: Aegislash\n|-singleturn|p1b: Aegislash|Protect\n|move|p2b: Volcarona|Rage Powder|p2b: Volcarona\n|-singleturn|p2b: Volcarona|move: Rage Powder\n|move|p2a: Gengar|Substitute|p2a: Gengar\n|-start|p2a: Gengar|Substitute\n|-damage|p2a: Gengar|75/100\n|\n|upkeep\n|turn|4\n|\n|t:|1788399674\n|switch|p1a: Incineroar|Incineroar, L50, F|100/100\n|-ability|p1a: Incineroar|Intimidate|boost\n|-immune|p2a: Gengar\n|-unboost|p2b: Volcarona|atk|1\n|-formechange|p1b: Aegislash|Aegislash-Blade|\n|move|p1b: Aegislash|Shadow Sneak|p2a: Gengar\n|-supereffective|p2a: Gengar|1\n|-end|p2a: Gengar|Substitute\n|-damage|p1b: Aegislash|90/100|[from] item: Life Orb\n|move|p2a: Gengar|Shadow Ball|p1a: Incineroar\n|-resisted|p1a: Incineroar|1\n|-damage|p1a: Incineroar|80/100\n|move|p2b: Volcarona|Flamethrower|p1a: Incineroar\n|-resisted|p1a: Incineroar|1\n|-damage|p1a: Incineroar|62/100\n|\n|upkeep\n|turn|5\n|\n|t:|1788399696\n|switch|p2a: Incineroar|Incineroar, L50, M|45/100 psn\n|-ability|p2a: Incineroar|Intimidate|boost\n|-unboost|p1a: Incineroar|atk|1\n|-unboost|p1b: Aegislash|atk|1\n|switch|p1b: Swampert|Swampert, L50, M|100/100\n|move|p1a: Incineroar|Fake Out|p2b: Volcarona\n|-damage|p2b: Volcarona|92/100\n|cant|p2b: Volcarona|flinch\n|\n|-damage|p2a: Incineroar|33/100 psn|[from] psn\n|upkeep\n|turn|6\n|\n|t:|1788399726\n|move|p2b: Volcarona|Struggle Bug|p1b: Swampert|[spread] p1a,p1b\n|-damage|p1a: Incineroar|49/100\n|-damage|p1b: Swampert|83/100\n|-unboost|p1a: Incineroar|spa|1\n|-unboost|p1b: Swampert|spa|1\n|-enditem|p1a: Incineroar|Sitrus Berry|[eat]\n|-heal|p1a: Incineroar|73/100|[from] item: Sitrus Berry\n|move|p2a: Incineroar|Parting Shot|p1a: Incineroar\n|-unboost|p1a: Incineroar|atk|1\n|-unboost|p1a: Incineroar|spa|1\n|\n|t:|1788399736\n|switch|p2a: Ninetales|Ninetales-Alola, L50, M|100/100|[from] Parting Shot\n|-weather|Snowscape|[from] ability: Snow Warning|[of] p2a: Ninetales\n|move|p1b: Swampert|Yawn|p2b: Volcarona\n|-start|p2b: Volcarona|move: Yawn|[of] p1b: Swampert\n|move|p1a: Incineroar|Parting Shot|p2a: Ninetales\n|-unboost|p2a: Ninetales|atk|1\n|-unboost|p2a: Ninetales|spa|1\n|\n|t:|1788399746\n|switch|p1a: Gengar|Gengar-Mega, L50, M|100/100|[from] Parting Shot\n|\n|-weather|Snowscape|[upkeep]\n|-heal|p1b: Swampert|89/100|[from] item: Leftovers\n|upkeep\n|turn|7\n|\n|t:|1788399765\n|switch|p1b: Incineroar|Incineroar, L50, F|73/100\n|-ability|p1b: Incineroar|Intimidate|boost\n|-unboost|p2a: Ninetales|atk|1\n|-unboost|p2b: Volcarona|atk|1\n|move|p1a: Gengar|Protect|p1a: Gengar\n|-singleturn|p1a: Gengar|Protect\n|move|p2a: Ninetales|Blizzard|p1a: Gengar|[spread] p1b\n|-activate|p1a: Gengar|move: Protect\n|-resisted|p1b: Incineroar|1\n|-damage|p1b: Incineroar|64/100\n|-status|p1b: Incineroar|frz\n|move|p2b: Volcarona|Struggle Bug|p1a: Gengar|[spread] p1b\n|-activate|p1a: Gengar|move: Protect\n|-damage|p1b: Incineroar|50/100g frz\n|-unboost|p1b: Incineroar|spa|1\n|\n|-weather|Snowscape|[upkeep]\n|-end|p2b: Volcarona|move: Yawn|[silent]\n|-status|p2b: Volcarona|slp\n|upkeep\n|turn|8\n|\n|t:|1788399795\n|move|p2a: Ninetales|Blizzard|p1a: Gengar|[spread] p1a,p1b\n|-resisted|p1b: Incineroar|1\n|-damage|p1a: Gengar|74/100\n|-damage|p1b: Incineroar|42/100 frz\n|move|p1a: Gengar|Shadow Ball|p2b: Volcarona\n|-damage|p2b: Volcarona|53/100 slp\n|-unboost|p2b: Volcarona|spd|1\n|cant|p2b: Volcarona|slp\n|-curestatus|p1b: Incineroar|frz|[from] move: Flare Blitz\n|move|p1b: Incineroar|Flare Blitz|p2a: Ninetales\n|-supereffective|p2a: Ninetales|1\n|-damage|p2a: Ninetales|7/100\n|-damage|p1b: Incineroar|19/100|[from] Recoil\n|\n|-weather|Snowscape|[upkeep]\n|upkeep\n|turn|9\n|\n|t:|1788399816\n|-curestatus|p2b: Volcarona|slp|[msg]\n|move|p2b: Volcarona|Rage Powder|p2b: Volcarona\n|-singleturn|p2b: Volcarona|move: Rage Powder\n|move|p2a: Ninetales|Blizzard|p1a: Gengar|[spread] p1a,p1b\n|-resisted|p1b: Incineroar|1\n|-damage|p1a: Gengar|49/100\n|-damage|p1b: Incineroar|9/100\n|-status|p1a: Gengar|frz\n|cant|p1a: Gengar|frz\n|move|p1b: Incineroar|Flare Blitz|p2b: Volcarona\n|-damage|p2b: Volcarona|7/100\n|-enditem|p2b: Volcarona|Sitrus Berry|[eat]\n|-heal|p2b: Volcarona|32/100|[from] item: Sitrus Berry\n|-damage|p1b: Incineroar|0 fnt|[from] Recoil\n|faint|p1b: Incineroar\n|\n|-weather|Snowscape|[upkeep]\n|upkeep\n|\n|t:|1788399833\n|switch|p1b: Aegislash|Aegislash, L50, M|90/100\n|turn|10\n|\n|t:|1788399841\n|-formechange|p1b: Aegislash|Aegislash-Blade|\n|move|p1b: Aegislash|Shadow Sneak|p2a: Ninetales\n|-damage|p2a: Ninetales|0 fnt\n|faint|p2a: Ninetales\n|-damage|p1b: Aegislash|80/100|[from] item: Life Orb\n|cant|p1a: Gengar|frz\n|move|p2b: Volcarona|Flamethrower|p1b: Aegislash\n|-supereffective|p1b: Aegislash|1\n|-damage|p1b: Aegislash|0 fnt\n|faint|p1b: Aegislash\n|\n|-weather|none\n|upkeep\n|c|☆polar721|ok\n|\n|t:|1788399852\n|switch|p2a: Gengar|Gengar-Mega, L50, M|75/100\n|switch|p1b: Swampert|Swampert, L50, M|89/100\n|turn|11\n|\n|t:|1788399869\n|-curestatus|p1a: Gengar|frz|[msg]\n|move|p1a: Gengar|Protect|p1a: Gengar\n|-singleturn|p1a: Gengar|Protect\n|move|p2b: Volcarona|Rage Powder|p2b: Volcarona\n|-singleturn|p2b: Volcarona|move: Rage Powder\n|move|p2a: Gengar|Shadow Ball|p1a: Gengar\n|-activate|p1a: Gengar|move: Protect\n|move|p1b: Swampert|Flip Turn|p2b: Volcarona\n|-supereffective|p2b: Volcarona|1\n|-damage|p2b: Volcarona|0 fnt\n|faint|p2b: Volcarona\n|\n|-heal|p1b: Swampert|95/100|[from] item: Leftovers\n|upkeep\n|\n|t:|1788399872\n|switch|p2b: Incineroar|Incineroar, L50, M|33/100 psn\n|-ability|p2b: Incineroar|Intimidate|boost\n|-unboost|p1a: Gengar|atk|1\n|-unboost|p1b: Swampert|atk|1\n|turn|12\n|\n|t:|1788399895\n|move|p2a: Gengar|Protect|p2a: Gengar\n|-singleturn|p2a: Gengar|Protect\n|move|p1a: Gengar|Sludge Bomb|p2b: Incineroar\n|-damage|p2b: Incineroar|0 fnt\n|faint|p2b: Incineroar\n|move|p1b: Swampert|Yawn|p2a: Gengar\n|-activate|p2a: Gengar|move: Protect\n|\n|-heal|p1b: Swampert|100/100|[from] item: Leftovers\n|upkeep\n|turn|13\n|\n|t:|1788399910\n|move|p1a: Gengar|Protect|p1a: Gengar\n|-singleturn|p1a: Gengar|Protect\n|move|p2a: Gengar|Substitute|p2a: Gengar\n|-start|p2a: Gengar|Substitute\n|-damage|p2a: Gengar|50/100g\n|move|p1b: Swampert|Yawn||[still]\n|-fail|p1b: Swampert\n|\n|upkeep\n|turn|14\n|\n|t:|1788399920\n|move|p1a: Gengar|Shadow Ball|p2a: Gengar\n|-supereffective|p2a: Gengar|1\n|-end|p2a: Gengar|Substitute\n|move|p2a: Gengar|Shadow Ball|p1a: Gengar\n|-supereffective|p1a: Gengar|1\n|-crit|p1a: Gengar\n|-damage|p1a: Gengar|0 fnt\n|faint|p1a: Gengar\n|move|p1b: Swampert|Yawn|p2a: Gengar\n|-start|p2a: Gengar|move: Yawn|[of] p1b: Swampert\n|\n|upkeep\n|turn|15\n|\n|t:|1788399930\n|move|p2a: Gengar|Substitute|p2a: Gengar\n|-start|p2a: Gengar|Substitute\n|-damage|p2a: Gengar|25/100\n|move|p1b: Swampert|Flip Turn|p2a: Gengar\n|-activate|p2a: Gengar|move: Substitute|[damage]\n|\n|-end|p2a: Gengar|move: Yawn|[silent]\n|-status|p2a: Gengar|slp\n|upkeep\n|turn|16\n|\n|t:|1788399938\n|cant|p2a: Gengar|slp\n|move|p1b: Swampert|Flip Turn|p2a: Gengar\n|-end|p2a: Gengar|Substitute\n|\n|upkeep\n|turn|17\n|\n|t:|1788399944\n|cant|p2a: Gengar|slp\n|move|p1b: Swampert|Flip Turn|p2a: Gengar\n|-damage|p2a: Gengar|9/100 slp\n|\n|upkeep\n|turn|18\n|\n|t:|1788399948\n|-curestatus|p2a: Gengar|slp|[msg]\n|move|p2a: Gengar|Shadow Ball|p1b: Swampert\n|-damage|p1b: Swampert|56/100\n|move|p1b: Swampert|Flip Turn|p2a: Gengar\n|-damage|p2a: Gengar|0 fnt\n|faint|p2a: Gengar\n|\n|win|polar721\n|raw|polar721's rating: 1272 &rarr; <strong>1304</strong><br />(+32 for winning)\n|raw|echoes630's rating: 1368 &rarr; <strong>1343</strong><br />(-25 for losing)\n","uploadtime":1788399949,"views":"1","formatid":"gen9championsvgc2026regmb","rating":1304,"private":0,"password":null}