{"id":"gen9championsvgc2026regmb-2674796911","format":"[Gen 9 Champions] VGC 2026 Reg M-B","players":["tutan gottem","BlindWizard"],"log":"|j|☆tutan gottem\n|j|☆BlindWizard\n|t:|1788408599\n|gametype|doubles\n|player|p1|tutan gottem|102|1279\n|player|p2|BlindWizard|265|1243\n|gen|9\n|tier|[Gen 9 Champions] VGC 2026 Reg M-B\n|rated|\n|rule|Species Clause: Limit one of each Pokémon\n|rule|Item Clause: Limit 1 of each item\n|clearpoke\n|poke|p1|Charizard, L50, F|\n|poke|p1|Pelipper, L50, F|\n|poke|p1|Archaludon, L50, F|\n|poke|p1|Venusaur, L50, M|\n|poke|p1|Swampert, L50, F|\n|poke|p1|Grimmsnarl, L50, M|\n|poke|p2|Tyranitar, L50, F|\n|poke|p2|Excadrill, L50, M|\n|poke|p2|Sylveon, L50, F|\n|poke|p2|Whimsicott, L50, M|\n|poke|p2|Lopunny, L50, F|\n|poke|p2|Gholdengo, L50|\n|teampreview|4\n|inactive|Battle timer is ON: inactive players will automatically lose when time's up. (requested by tutan gottem)\n|\n|t:|1788408635\n|teamsize|p1|4\n|teamsize|p2|4\n|start\n|switch|p1a: Swampert|Swampert, L50, F|100/100\n|switch|p1b: Pelipper|Pelipper, L50, F|100/100\n|switch|p2a: Lopunny|Lopunny, L50, F|100/100\n|switch|p2b: Whimsicott|Whimsicott, L50, M|100/100\n|-weather|RainDance|[from] ability: Drizzle|[of] p1b: Pelipper\n|turn|1\n|inactive|BlindWizard has 30 seconds left.\n|\n|t:|1788408668\n|switch|p1a: Charizard|Charizard, L50, F|100/100\n|detailschange|p2a: Lopunny|Lopunny-Mega, L50, F\n|-mega|p2a: Lopunny|Lopunny|Lopunnite\n|move|p2a: Lopunny|Fake Out|p1b: Pelipper\n|-damage|p1b: Pelipper|74/100\n|move|p2b: Whimsicott|Tailwind|p2b: Whimsicott\n|-sidestart|p2: BlindWizard|move: Tailwind\n|cant|p1b: Pelipper|flinch\n|\n|-weather|RainDance|[upkeep]\n|upkeep\n|turn|2\n|inactive|BlindWizard has 30 seconds left.\n|\n|t:|1788408701\n|detailschange|p1a: Charizard|Charizard-Mega-Y, L50, F\n|-mega|p1a: Charizard|Charizard|Charizardite Y\n|-weather|SunnyDay|[from] ability: Drought|[of] p1a: Charizard\n|move|p2a: Lopunny|Ice Punch|p1b: Pelipper\n|-damage|p1b: Pelipper|42/100\n|-enditem|p1b: Pelipper|Sitrus Berry|[eat]\n|-heal|p1b: Pelipper|67/100|[from] item: Sitrus Berry\n|move|p2b: Whimsicott|Moonblast|p1b: Pelipper\n|-damage|p1b: Pelipper|17/100\n|move|p1a: Charizard|Heat Wave|p2b: Whimsicott|[spread] p2a,p2b\n|-supereffective|p2b: Whimsicott|1\n|-damage|p2a: Lopunny|10/100\n|-damage|p2b: Whimsicott|0 fnt\n|-status|p2a: Lopunny|brn\n|faint|p2b: Whimsicott\n|move|p1b: Pelipper|Tailwind|p1b: Pelipper\n|-sidestart|p1: tutan gottem|move: Tailwind\n|\n|-weather|SunnyDay|[upkeep]\n|-damage|p2a: Lopunny|4/100 brn|[from] brn\n|upkeep\n|\n|t:|1788408725\n|switch|p2b: Tyranitar|Tyranitar, L50, F|100/100\n|-weather|Sandstorm|[from] ability: Sand Stream|[of] p2b: Tyranitar\n|turn|3\n|\n|t:|1788408741\n|switch|p1a: Swampert|Swampert, L50, F|100/100\n|switch|p1b: Archaludon|Archaludon, L50, F|100/100\n|move|p2a: Lopunny|U-turn|p1b: Archaludon\n|-resisted|p1b: Archaludon|1\n|-damage|p1b: Archaludon|95/100\n|-ability|p1b: Archaludon|Stamina|boost\n|-boost|p1b: Archaludon|def|1\n|\n|t:|1788408752\n|switch|p2a: Excadrill|Excadrill, L50, M|100/100|[from] U-turn\n|move|p2b: Tyranitar|Rock Slide|p1b: Archaludon|[spread] p1a,p1b\n|-resisted|p1a: Swampert|1\n|-resisted|p1b: Archaludon|1\n|-damage|p1a: Swampert|82/100\n|-damage|p1b: Archaludon|86/100\n|-ability|p1b: Archaludon|Stamina|boost\n|-boost|p1b: Archaludon|def|1\n|\n|-weather|Sandstorm|[upkeep]\n|-heal|p1b: Archaludon|92/100|[from] item: Leftovers\n|upkeep\n|turn|4\n|\n|t:|1788408775\n|switch|p2b: Lopunny|Lopunny-Mega, L50, F|4/100 brn\n|move|p1b: Archaludon|Protect|p1b: Archaludon\n|-singleturn|p1b: Archaludon|Protect\n|move|p2a: Excadrill|High Horsepower|p1b: Archaludon\n|-activate|p1b: Archaludon|move: Protect\n|move|p1a: Swampert|Earthquake|p2b: Lopunny|[spread] p2a,p2b\n|-activate|p1b: Archaludon|move: Protect\n|-supereffective|p2a: Excadrill|1\n|-enditem|p2a: Excadrill|Focus Sash\n|-damage|p2a: Excadrill|1/100\n|-damage|p2b: Lopunny|0 fnt\n|faint|p2b: Lopunny\n|\n|-weather|Sandstorm|[upkeep]\n|-heal|p1b: Archaludon|98/100|[from] item: Leftovers\n|-sideend|p2: BlindWizard|move: Tailwind\n|upkeep\n|\n|t:|1788408796\n|switch|p2b: Tyranitar|Tyranitar, L50, F|100/100\n|turn|5\n|\n|t:|1788408820\n|move|p2a: Excadrill|High Horsepower|p1a: Swampert\n|-damage|p1a: Swampert|25/100\n|move|p1a: Swampert|Wave Crash|p2b: Tyranitar\n|-supereffective|p2b: Tyranitar|1\n|-damage|p2b: Tyranitar|0 fnt\n|faint|p2b: Tyranitar\n|-damage|p1a: Swampert|0 fnt|[from] Recoil\n|faint|p1a: Swampert\n|move|p1b: Archaludon|Dragon Pulse|p2a: Excadrill\n|-resisted|p2a: Excadrill|1\n|-damage|p2a: Excadrill|0 fnt\n|faint|p2a: Excadrill\n|\n|win|tutan gottem\n|raw|tutan gottem's rating: 1279 &rarr; <strong>1301</strong><br />(+22 for winning)\n|raw|BlindWizard's rating: 1243 &rarr; <strong>1221</strong><br />(-22 for losing)\n|l|☆tutan gottem\n|player|p1|\n","uploadtime":1788408842,"views":"2","formatid":"gen9championsvgc2026regmb","rating":1221,"private":0,"password":null}