{"id":"gen9championsvgc2026regmbbo3-2673390979","format":"[Gen 9 Champions] VGC 2026 Reg M-B (Bo3)","players":["Pawah","Yuste3_"],"log":"|j|☆Pawah\n|j|☆Yuste3_\n|html|<table width=\"100%\"><tr><td align=\"left\">Pawah</td><td align=\"right\">Yuste3_</tr><tr><td align=\"left\"><i class=\"fa fa-circle\"></i> <i class=\"fa fa-circle-o\"></i> </td><td align=\"right\"><i class=\"fa fa-circle-o\"></i> <i class=\"fa fa-circle-o\"></i> </tr></table>\n|uhtml|bestof|<h2><strong>Game 2</strong> of <a href=\"/game-bestof3-gen9championsvgc2026regmbbo3-2673388919\">a best-of-3</a></h2>\n|t:|1788192051\n|gametype|doubles\n|player|p1|Pawah|ethan|1336\n|player|p2|Yuste3_|lucas|1243\n|gen|9\n|tier|[Gen 9 Champions] VGC 2026 Reg M-B (Bo3)\n|rated|\n|rule|Species Clause: Limit one of each Pokémon\n|rule|Item Clause: Limit 1 of each item\n|clearpoke\n|poke|p1|Incineroar, L50, M|\n|poke|p1|Sinistcha, L50|\n|poke|p1|Floette-Eternal, L50, F|\n|poke|p1|Samurott-Hisui, L50, F|\n|poke|p1|Sneasler, L50, F|\n|poke|p1|Delphox, L50, M|\n|poke|p2|Whimsicott, L50, F|\n|poke|p2|Staraptor, L50, M|\n|poke|p2|Farigiraf, L50, M|\n|poke|p2|Glimmora, L50, M|\n|poke|p2|Torkoal, L50, F|\n|poke|p2|Sneasler, L50, F|\n|teampreview|4\n|showteam|p1|Incineroar||SitrusBerry|Intimidate|FlareBlitz,DarkestLariat,FakeOut,PartingShot|Careful||M|||50|]Sinistcha||OccaBerry|Hospitality|MatchaGotcha,LifeDew,RagePowder,Protect|Bold|||||50|]Floette-Eternal||Floettite|FlowerVeil|Protect,DazzlingGleam,Moonblast,CalmMind|Modest||F|||50|]Samurott-Hisui||ChoiceScarf|Sharpness|NightSlash,AquaCutter,SacredSword,FlipTurn|Jolly||F|||50|]Sneasler||FocusSash|PoisonTouch|PoisonJab,RockSlide,CloseCombat,FakeOut|Jolly||F|||50|]Delphox||Delphoxite|Blaze|HeatWave,Protect,Psychic,NastyPlot|Timid||M|||50|\n|showteam|p2|Whimsicott||OccaBerry|Prankster|Moonblast,Charm,FakeTears,Tailwind|Timid||F|||50|]Staraptor||Staraptite|Intimidate|CloseCombat,BraveBird,Roost,Protect|Jolly||M|||50|]Farigiraf||SitrusBerry|ArmorTail|Psychic,HelpingHand,TrickRoom,Protect|Sassy||M|||50|]Glimmora||FocusSash|ToxicDebris|SludgeBomb,PowerGem,EarthPower,SpikyShield|Modest||M|||50|]Torkoal||Charcoal|Drought|Eruption,WeatherBall,HeatWave,Protect|Quiet||F|||50|]Sneasler||LifeOrb|PoisonTouch|CloseCombat,PoisonJab,RockSlide,FakeOut|Adamant||F|||50|\n|inactive|Battle timer is ON: inactive players will automatically lose when time's up. (requested by Pawah)\n|inactive|Yuste3_ also wants the timer to be on.\n|\n|t:|1788192074\n|teamsize|p1|4\n|teamsize|p2|4\n|start\n|switch|p1a: Incineroar|Incineroar, L50, M|100/100\n|switch|p1b: Delphox|Delphox, L50, M|100/100\n|switch|p2a: Whimsicott|Whimsicott, L50, F|100/100\n|switch|p2b: Glimmora|Glimmora, L50, M|100/100\n|-ability|p1a: Incineroar|Intimidate|boost\n|-unboost|p2a: Whimsicott|atk|1\n|-unboost|p2b: Glimmora|atk|1\n|turn|1\n|\n|t:|1788192083\n|detailschange|p1b: Delphox|Delphox-Mega, L50, M\n|-mega|p1b: Delphox|Delphox|Delphoxite\n|move|p1a: Incineroar|Fake Out|p2a: Whimsicott\n|-damage|p2a: Whimsicott|89/100\n|cant|p2a: Whimsicott|flinch\n|move|p1b: Delphox|Nasty Plot|p1b: Delphox\n|-boost|p1b: Delphox|spa|2\n|move|p2b: Glimmora|Power Gem|p1b: Delphox\n|-supereffective|p1b: Delphox|1\n|-damage|p1b: Delphox|20/100r\n|\n|upkeep\n|turn|2\n|\n|t:|1788192097\n|move|p1b: Delphox|Protect|p1b: Delphox\n|-singleturn|p1b: Delphox|Protect\n|move|p2a: Whimsicott|Tailwind|p2a: Whimsicott\n|-sidestart|p2: Yuste3_|move: Tailwind\n|move|p2b: Glimmora|Sludge Bomb|p1b: Delphox\n|-activate|p1b: Delphox|move: Protect\n|move|p1a: Incineroar|Darkest Lariat|p2b: Glimmora\n|-damage|p2b: Glimmora|62/100\n|-activate|p2b: Glimmora|ability: Toxic Debris\n|-sidestart|p1: Pawah|move: Toxic Spikes\n|\n|upkeep\n|turn|3\n|\n|t:|1788192111\n|move|p1b: Delphox|Protect||[still]\n|-fail|p1b: Delphox\n|move|p2a: Whimsicott|Moonblast|p1a: Incineroar\n|-damage|p1a: Incineroar|80/100\n|move|p2b: Glimmora|Sludge Bomb|p1b: Delphox\n|-damage|p1b: Delphox|0 fnt\n|faint|p1b: Delphox\n|move|p1a: Incineroar|Parting Shot|p2b: Glimmora\n|-unboost|p2b: Glimmora|atk|1\n|-unboost|p2b: Glimmora|spa|1\n|\n|t:|1788192117\n|switch|p1a: Samurott|Samurott-Hisui, L50, F|100/100|[from] Parting Shot\n|-status|p1a: Samurott|psn\n|\n|-damage|p1a: Samurott|88/100 psn|[from] psn\n|upkeep\n|\n|t:|1788192119\n|switch|p1b: Sinistcha|Sinistcha, L50|100/100\n|-status|p1b: Sinistcha|psn\n|-heal|p1a: Samurott|100/100 psn|[from] ability: Hospitality|[of] p1b: Sinistcha\n|turn|4\n|\n|t:|1788192128\n|move|p1b: Sinistcha|Rage Powder|p1b: Sinistcha\n|-singleturn|p1b: Sinistcha|move: Rage Powder\n|move|p2a: Whimsicott|Fake Tears|p1b: Sinistcha\n|-unboost|p1b: Sinistcha|spd|2\n|move|p2b: Glimmora|Sludge Bomb|p1b: Sinistcha\n|-damage|p1b: Sinistcha|30/100 psn\n|move|p1a: Samurott|Aqua Cutter|p2b: Glimmora\n|-supereffective|p2b: Glimmora|1\n|-damage|p2b: Glimmora|0 fnt\n|-activate|p2b: Glimmora|ability: Toxic Debris\n|-sidestart|p1: Pawah|move: Toxic Spikes\n|faint|p2b: Glimmora\n|\n|-damage|p1a: Samurott|88/100 psn|[from] psn\n|-damage|p1b: Sinistcha|17/100 psn|[from] psn\n|upkeep\n|\n|t:|1788192138\n|switch|p2b: Farigiraf|Farigiraf, L50, M|100/100\n|turn|5\n|\n|t:|1788192154\n|switch|p1b: Incineroar|Incineroar, L50, M|80/100\n|-status|p1b: Incineroar|tox\n|-ability|p1b: Incineroar|Intimidate|boost\n|-unboost|p2a: Whimsicott|atk|1\n|-unboost|p2b: Farigiraf|atk|1\n|move|p2b: Farigiraf|Helping Hand|p2a: Whimsicott\n|-singleturn|p2a: Whimsicott|Helping Hand|[of] p2b: Farigiraf\n|move|p2a: Whimsicott|Moonblast|p1a: Samurott\n|-supereffective|p1a: Samurott|1\n|-damage|p1a: Samurott|0 fnt\n|faint|p1a: Samurott\n|\n|-damage|p1b: Incineroar|74/100 tox|[from] psn\n|-sideend|p2: Yuste3_|move: Tailwind\n|upkeep\n|\n|t:|1788192162\n|switch|p1a: Sinistcha|Sinistcha, L50|17/100 psn\n|-heal|p1b: Incineroar|99/100 tox|[from] ability: Hospitality|[of] p1a: Sinistcha\n|turn|6\n|\n|t:|1788192171\n|move|p1a: Sinistcha|Protect|p1a: Sinistcha\n|-singleturn|p1a: Sinistcha|Protect\n|move|p2a: Whimsicott|Moonblast|p1a: Sinistcha\n|-activate|p1a: Sinistcha|move: Protect\n|move|p1b: Incineroar|Flare Blitz|p2a: Whimsicott\n|-supereffective|p2a: Whimsicott|1\n|-enditem|p2a: Whimsicott|Occa Berry|[eat]\n|-enditem|p2a: Whimsicott|Occa Berry|[weaken]\n|-damage|p2a: Whimsicott|46/100\n|-damage|p1b: Incineroar|87/100 tox|[from] Recoil\n|move|p2b: Farigiraf|Psychic|p1a: Sinistcha\n|-activate|p1a: Sinistcha|move: Protect\n|\n|-damage|p1a: Sinistcha|5/100 psn|[from] psn\n|-damage|p1b: Incineroar|75/100 tox|[from] psn\n|upkeep\n|turn|7\n|\n|t:|1788192181\n|move|p2b: Farigiraf|Protect|p2b: Farigiraf\n|-singleturn|p2b: Farigiraf|Protect\n|move|p2a: Whimsicott|Tailwind|p2a: Whimsicott\n|-sidestart|p2: Yuste3_|move: Tailwind\n|move|p1a: Sinistcha|Life Dew|p1a: Sinistcha|[spread] p1a,p1b\n|-heal|p1a: Sinistcha|30/100 psn\n|-heal|p1b: Incineroar|100/100 tox\n|move|p1b: Incineroar|Flare Blitz|p2a: Whimsicott\n|-supereffective|p2a: Whimsicott|1\n|-damage|p2a: Whimsicott|0 fnt\n|faint|p2a: Whimsicott\n|-damage|p1b: Incineroar|87/100 tox|[from] Recoil\n|\n|-damage|p1a: Sinistcha|18/100 psn|[from] psn\n|-damage|p1b: Incineroar|69/100 tox|[from] psn\n|upkeep\n|\n|t:|1788192188\n|switch|p2a: Staraptor|Staraptor, L50, M|100/100\n|-ability|p2a: Staraptor|Intimidate|boost\n|-unboost|p1a: Sinistcha|atk|1\n|-unboost|p1b: Incineroar|atk|1\n|turn|8\n|\n|t:|1788192207\n|move|p2a: Staraptor|Protect|p2a: Staraptor\n|-singleturn|p2a: Staraptor|Protect\n|move|p1a: Sinistcha|Rage Powder|p1a: Sinistcha\n|-singleturn|p1a: Sinistcha|move: Rage Powder\n|move|p2b: Farigiraf|Psychic|p1a: Sinistcha\n|-damage|p1a: Sinistcha|0 fnt\n|faint|p1a: Sinistcha\n|move|p1b: Incineroar|Flare Blitz|p2a: Staraptor\n|-activate|p2a: Staraptor|move: Protect\n|\n|-damage|p1b: Incineroar|46/100 tox|[from] psn\n|upkeep\n|-enditem|p1b: Incineroar|Sitrus Berry|[eat]\n|-heal|p1b: Incineroar|70/100 tox|[from] item: Sitrus Berry\n|turn|9\n|\n|t:|1788192214\n|detailschange|p2a: Staraptor|Staraptor-Mega, L50, M\n|-mega|p2a: Staraptor|Staraptor|Staraptite\n|move|p2b: Farigiraf|Helping Hand|p2a: Staraptor\n|-singleturn|p2a: Staraptor|Helping Hand|[of] p2b: Farigiraf\n|move|p2a: Staraptor|Close Combat|p1b: Incineroar\n|-supereffective|p1b: Incineroar|1\n|-damage|p1b: Incineroar|0 fnt\n|-boost|p2a: Staraptor|def|1\n|-boost|p2a: Staraptor|spd|1\n|faint|p1b: Incineroar\n|\n|win|Yuste3_\n","uploadtime":1788192214,"views":"1","formatid":"gen9championsvgc2026regmbbo3","rating":null,"private":0,"password":null}