{"id":"gen9championsvgc2026regmbbo3-2673474067","format":"[Gen 9 Champions] VGC 2026 Reg M-B (Bo3)","players":["mumf","SP4MT0N1997"],"log":"|j|☆mumf\n|j|☆SP4MT0N1997\n|html|<table width=\"100%\"><tr><td align=\"left\">mumf</td><td align=\"right\">SP4MT0N1997</tr><tr><td align=\"left\"><i class=\"fa fa-circle\"></i> <i class=\"fa fa-circle-o\"></i> </td><td align=\"right\"><i class=\"fa fa-circle-o\"></i> <i class=\"fa fa-circle\"></i> </tr></table>\n|uhtml|bestof|<h2><strong>Game 3</strong> of <a href=\"/game-bestof3-gen9championsvgc2026regmbbo3-2673469832\">a best-of-3</a></h2>\n|t:|1788202098\n|gametype|doubles\n|player|p1|mumf|1|1081\n|player|p2|SP4MT0N1997|unknown|1000\n|gen|9\n|tier|[Gen 9 Champions] VGC 2026 Reg M-B (Bo3)\n|rated|\n|rule|Species Clause: Limit one of each Pokémon\n|rule|Item Clause: Limit 1 of each item\n|clearpoke\n|poke|p1|Kingambit, L50, M|\n|poke|p1|Delphox, L50, M|\n|poke|p1|Blastoise, L50, F|\n|poke|p1|Sinistcha, L50|\n|poke|p1|Sneasler, L50, M|\n|poke|p1|Incineroar, L50, M|\n|poke|p2|Pidgeot, L50, F|\n|poke|p2|Torkoal, L50, F|\n|poke|p2|Venusaur, L50, M|\n|poke|p2|Garchomp, L50, M|\n|poke|p2|Aerodactyl, L50, F|\n|poke|p2|Basculegion, L50, M|\n|teampreview|4\n|showteam|p1|Kingambit||LifeOrb|Defiant|SuckerPunch,KowtowCleave,Protect,LowKick|Adamant||M|||50|]Delphox||Delphoxite|Blaze|Protect,HeatWave,Psychic,NastyPlot|Timid||M|||50|]Blastoise||Blastoisinite|RainDish|WaterSpout,DarkPulse,Protect,ShellSmash|Modest||F|||50|]Sinistcha||ColburBerry|Hospitality|MatchaGotcha,RagePowder,Protect,ShadowBall|Bold|||||50|]Sneasler||FocusSash|PoisonTouch|FakeOut,DireClaw,CloseCombat,Protect|Jolly||M|||50|]Incineroar||SitrusBerry|Intimidate|FakeOut,PartingShot,ThroatChop,Protect|Careful||M|||50|\n|showteam|p2|Pidgeot||Pidgeotite|KeenEye|HeatWave,Hurricane,Tailwind,Protect|Timid||F|||50|]Torkoal||Charcoal|Drought|HeatWave,EarthPower,SolarBeam,Protect|Modest||F|||50|]Venusaur||FocusSash|Chlorophyll|Protect,SolarBeam,SleepPowder,SludgeBomb|Modest||M|||50|]Garchomp||LifeOrb|RoughSkin|Earthquake,DragonClaw,RockSlide,Protect|Jolly||M|||50|]Aerodactyl||Aerodactylite|Unnerve|RockSlide,IceFang,Tailwind,DualWingbeat|Jolly||F|||50|]Basculegion||MysticWater|Adaptability|AquaJet,WaveCrash,LastRespects,Protect|Jolly||M|||50|\n|inactive|Battle timer is ON: inactive players will automatically lose when time's up. (requested by mumf)\n|\n|t:|1788202142\n|teamsize|p1|4\n|teamsize|p2|4\n|start\n|switch|p1a: Incineroar|Incineroar, L50, M|100/100\n|switch|p1b: Blastoise|Blastoise, L50, F|100/100\n|switch|p2a: Torkoal|Torkoal, L50, F|100/100\n|switch|p2b: Venusaur|Venusaur, L50, M|100/100\n|-ability|p1a: Incineroar|Intimidate|boost\n|-unboost|p2a: Torkoal|atk|1\n|-unboost|p2b: Venusaur|atk|1\n|-weather|SunnyDay|[from] ability: Drought|[of] p2a: Torkoal\n|turn|1\n|inactive|mumf has 30 seconds left.\n|inactive|mumf has 20 seconds left.\n|inactive|mumf has 15 seconds left.\n|\n|t:|1788202183\n|detailschange|p1b: Blastoise|Blastoise-Mega, L50, F\n|-mega|p1b: Blastoise|Blastoise|Blastoisinite\n|move|p1a: Incineroar|Fake Out|p2b: Venusaur\n|-damage|p2b: Venusaur|84/100\n|cant|p2b: Venusaur|flinch\n|move|p1b: Blastoise|Dark Pulse|p2a: Torkoal\n|-damage|p2a: Torkoal|37/100\n|cant|p2a: Torkoal|flinch\n|\n|-weather|SunnyDay|[upkeep]\n|upkeep\n|turn|2\n|inactive|mumf has 30 seconds left.\n|inactive|mumf has 20 seconds left.\n|inactive|SP4MT0N1997 has 30 seconds left.\n|inactive|mumf has 15 seconds left.\n|inactive|mumf has 10 seconds left.\n|\n|t:|1788202233\n|move|p2b: Venusaur|Solar Beam||[still]\n|-prepare|p2b: Venusaur|Solar Beam\n|-anim|p2b: Venusaur|Solar Beam|p1b: Blastoise\n|-supereffective|p1b: Blastoise|1\n|-damage|p1b: Blastoise|0 fnt\n|faint|p1b: Blastoise\n|move|p1a: Incineroar|Throat Chop|p2b: Venusaur\n|-damage|p2b: Venusaur|42/100\n|-start|p2b: Venusaur|Throat Chop|[silent]\n|move|p2a: Torkoal|Earth Power|p1a: Incineroar\n|-supereffective|p1a: Incineroar|1\n|-damage|p1a: Incineroar|62/100\n|\n|-weather|SunnyDay|[upkeep]\n|upkeep\n|\n|t:|1788202240\n|switch|p1b: Sneasler|Sneasler, L50, M|100/100\n|turn|3\n|\n|t:|1788202257\n|switch|p2a: Pidgeot|Pidgeot, L50, F|100/100\n|move|p2b: Venusaur|Protect|p2b: Venusaur\n|-singleturn|p2b: Venusaur|Protect\n|move|p1b: Sneasler|Dire Claw|p2b: Venusaur\n|-activate|p2b: Venusaur|move: Protect\n|move|p1a: Incineroar|Parting Shot|p2a: Pidgeot\n|-unboost|p2a: Pidgeot|atk|1\n|-unboost|p2a: Pidgeot|spa|1\n|\n|t:|1788202262\n|switch|p1a: Kingambit|Kingambit, L50, M|100/100|[from] Parting Shot\n|\n|-weather|SunnyDay|[upkeep]\n|-end|p2b: Venusaur|Throat Chop|[silent]\n|upkeep\n|turn|4\n|\n|t:|1788202284\n|detailschange|p2a: Pidgeot|Pidgeot-Mega, L50, F\n|-mega|p2a: Pidgeot|Pidgeot|Pidgeotite\n|move|p1a: Kingambit|Protect|p1a: Kingambit\n|-singleturn|p1a: Kingambit|Protect\n|move|p2b: Venusaur|Sleep Powder|p1a: Kingambit\n|-activate|p1a: Kingambit|move: Protect\n|move|p2a: Pidgeot|Tailwind|p2a: Pidgeot\n|-sidestart|p2: SP4MT0N1997|move: Tailwind\n|move|p1b: Sneasler|Dire Claw|p2b: Venusaur\n|-damage|p2b: Venusaur|0 fnt\n|faint|p2b: Venusaur\n|\n|-weather|SunnyDay|[upkeep]\n|upkeep\n|\n|t:|1788202292\n|switch|p2b: Basculegion|Basculegion, L50, M|100/100\n|turn|5\n|\n|t:|1788202307\n|switch|p2a: Torkoal|Torkoal, L50, F|37/100\n|move|p2b: Basculegion|Aqua Jet|p1a: Kingambit\n|-damage|p1a: Kingambit|89/100\n|move|p1a: Kingambit|Sucker Punch||[still]\n|-fail|p1a: Kingambit\n|move|p1b: Sneasler|Close Combat|p2a: Torkoal\n|-damage|p2a: Torkoal|0 fnt\n|-unboost|p1b: Sneasler|def|1\n|-unboost|p1b: Sneasler|spd|1\n|faint|p2a: Torkoal\n|\n|-weather|none\n|upkeep\n|\n|t:|1788202316\n|switch|p2a: Pidgeot|Pidgeot-Mega, L50, F|100/100\n|turn|6\n|\n|t:|1788202330\n|switch|p1b: Incineroar|Incineroar, L50, M|62/100\n|-ability|p1b: Incineroar|Intimidate|boost\n|-unboost|p2a: Pidgeot|atk|1\n|-unboost|p2b: Basculegion|atk|1\n|move|p1a: Kingambit|Protect|p1a: Kingambit\n|-singleturn|p1a: Kingambit|Protect\n|move|p2b: Basculegion|Aqua Jet|p1a: Kingambit\n|-activate|p1a: Kingambit|move: Protect\n|move|p2a: Pidgeot|Heat Wave|p1b: Incineroar|[spread] p1b\n|-activate|p1a: Kingambit|move: Protect\n|-resisted|p1b: Incineroar|1\n|-damage|p1b: Incineroar|52/100\n|\n|upkeep\n|turn|7\n|\n|t:|1788202351\n|move|p2a: Pidgeot|Protect|p2a: Pidgeot\n|-singleturn|p2a: Pidgeot|Protect\n|move|p2b: Basculegion|Protect|p2b: Basculegion\n|-singleturn|p2b: Basculegion|Protect\n|move|p1b: Incineroar|Fake Out|p2a: Pidgeot\n|-activate|p2a: Pidgeot|move: Protect\n|move|p1a: Kingambit|Kowtow Cleave|p2b: Basculegion\n|-activate|p2b: Basculegion|move: Protect\n|\n|-sideend|p2: SP4MT0N1997|move: Tailwind\n|upkeep\n|turn|8\n|inactive|SP4MT0N1997 has 30 seconds left.\n|\n|t:|1788202378\n|move|p2b: Basculegion|Aqua Jet|p1a: Kingambit\n|-damage|p1a: Kingambit|72/100\n|move|p1a: Kingambit|Sucker Punch||[still]\n|-fail|p1a: Kingambit\n|move|p2a: Pidgeot|Heat Wave|p1a: Kingambit|[spread] p1a,p1b\n|-supereffective|p1a: Kingambit|1\n|-resisted|p1b: Incineroar|1\n|-damage|p1a: Kingambit|22/100\n|-damage|p1b: Incineroar|44/100\n|-enditem|p1b: Incineroar|Sitrus Berry|[eat]\n|-heal|p1b: Incineroar|68/100|[from] item: Sitrus Berry\n|move|p1b: Incineroar|Parting Shot|p2a: Pidgeot\n|-unboost|p2a: Pidgeot|atk|1\n|-unboost|p2a: Pidgeot|spa|1\n|\n|t:|1788202381\n|switch|p1b: Sneasler|Sneasler, L50, M|100/100|[from] Parting Shot\n|\n|upkeep\n|turn|9\n|\n|t:|1788202403\n|switch|p1a: Incineroar|Incineroar, L50, M|68/100\n|-ability|p1a: Incineroar|Intimidate|boost\n|-unboost|p2a: Pidgeot|atk|1\n|-unboost|p2b: Basculegion|atk|1\n|move|p2a: Pidgeot|Tailwind|p2a: Pidgeot\n|-sidestart|p2: SP4MT0N1997|move: Tailwind\n|move|p2b: Basculegion|Wave Crash|p1a: Incineroar\n|-supereffective|p1a: Incineroar|1\n|-damage|p1a: Incineroar|0 fnt\n|faint|p1a: Incineroar\n|-damage|p2b: Basculegion|76/100|[from] Recoil\n|move|p1b: Sneasler|Dire Claw|p2b: Basculegion\n|-resisted|p2b: Basculegion|1\n|-damage|p2b: Basculegion|48/100\n|\n|upkeep\n|\n|t:|1788202411\n|switch|p1a: Kingambit|Kingambit, L50, M|22/100\n|turn|10\n|\n|t:|1788202425\n|move|p2b: Basculegion|Aqua Jet|p1a: Kingambit\n|-damage|p1a: Kingambit|10/100\n|move|p1a: Kingambit|Sucker Punch|p2a: Pidgeot\n|-damage|p2a: Pidgeot|21/100\n|-damage|p1a: Kingambit|1/100|[from] item: Life Orb\n|move|p2a: Pidgeot|Heat Wave|p1a: Kingambit|[spread] p1a,p1b\n|-supereffective|p1a: Kingambit|1\n|-damage|p1a: Kingambit|0 fnt\n|-damage|p1b: Sneasler|78/100\n|faint|p1a: Kingambit\n|move|p1b: Sneasler|Dire Claw|p2b: Basculegion\n|-resisted|p2b: Basculegion|1\n|-damage|p2b: Basculegion|22/100\n|-status|p2b: Basculegion|psn|[from] ability: Poison Touch|[of] p1b: Sneasler\n|\n|-damage|p2b: Basculegion|10/100 psn|[from] psn\n|upkeep\n|turn|11\n|\n|t:|1788202448\n|move|p1b: Sneasler|Protect|p1b: Sneasler\n|-singleturn|p1b: Sneasler|Protect\n|move|p2a: Pidgeot|Hurricane|p1b: Sneasler\n|-activate|p1b: Sneasler|move: Protect\n|move|p2b: Basculegion|Last Respects|p1b: Sneasler\n|-activate|p1b: Sneasler|move: Protect\n|\n|-damage|p2b: Basculegion|0 fnt|[from] psn\n|faint|p2b: Basculegion\n|upkeep\n|turn|12\n|\n|t:|1788202463\n|move|p2a: Pidgeot|Hurricane|p1b: Sneasler\n|-supereffective|p1b: Sneasler|1\n|-damage|p1b: Sneasler|0 fnt\n|faint|p1b: Sneasler\n|\n|win|SP4MT0N1997\n|raw|mumf's rating: 1081 &rarr; <strong>1054</strong><br />(-27 for losing)\n|raw|SP4MT0N1997's rating: 1000 &rarr; <strong>1049</strong><br />(+49 for winning)\n|l|☆mumf\n|player|p1|\n","uploadtime":1788202798,"views":"0","formatid":"gen9championsvgc2026regmbbo3","rating":1049,"private":0,"password":null}