{"id":"gen9championsvgc2026regmb-2674257404","format":"[Gen 9 Champions] VGC 2026 Reg M-B","players":["Drewu!d","sslothh"],"log":"|j|☆Drewu!d\n|j|☆sslothh\n|t:|1788324941\n|gametype|doubles\n|player|p1|Drewu!d|whitney|1340\n|player|p2|sslothh|swimmer|1376\n|gen|9\n|tier|[Gen 9 Champions] VGC 2026 Reg M-B\n|rated|\n|rule|Species Clause: Limit one of each Pokémon\n|rule|Item Clause: Limit 1 of each item\n|clearpoke\n|poke|p1|Farigiraf, L50, M|\n|poke|p1|Lopunny, L50, F|\n|poke|p1|Basculegion, L50, M|\n|poke|p1|Scizor, L50, F|\n|poke|p1|Aerodactyl, L50, F|\n|poke|p1|Charizard, L50, M|\n|poke|p2|Venusaur, L50, F|\n|poke|p2|Camerupt, L50, M|\n|poke|p2|Palafin, L50, F, shiny|\n|poke|p2|Aromatisse, L50, F|\n|poke|p2|Goodra-Hisui, L50, F|\n|poke|p2|Staraptor, L50, F|\n|teampreview|4\n|inactive|Battle timer is ON: inactive players will automatically lose when time's up. (requested by Drewu!d)\n|inactive|Drewu!d has 60 seconds left.\n|inactive|sslothh has 60 seconds left.\n|\n|t:|1788325006\n|teamsize|p1|4\n|teamsize|p2|4\n|start\n|switch|p1a: Charizard|Charizard, L50, M|100/100\n|switch|p1b: Farigiraf|Farigiraf, L50, M|100/100\n|switch|p2a: Aromatisse|Aromatisse, L50, F|100/100\n|switch|p2b: Staraptor|Staraptor, L50, F|100/100\n|-ability|p2b: Staraptor|Intimidate|boost\n|-unboost|p1a: Charizard|atk|1\n|-unboost|p1b: Farigiraf|atk|1\n|turn|1\n|inactive|Drewu!d has 30 seconds left.\n|\n|t:|1788325031\n|move|p1a: Charizard|Protect|p1a: Charizard\n|-singleturn|p1a: Charizard|Protect\n|move|p2b: Staraptor|Final Gambit|p1a: Charizard\n|-activate|p1a: Charizard|move: Protect\n|move|p1b: Farigiraf|Psychic|p2b: Staraptor\n|-damage|p2b: Staraptor|52/100\n|-unboost|p2b: Staraptor|spd|1\n|move|p2a: Aromatisse|Trick Room|p2a: Aromatisse\n|-fieldstart|move: Trick Room|[of] p2a: Aromatisse\n|\n|upkeep\n|turn|2\n|inactive|Drewu!d has 30 seconds left.\n|inactive|Drewu!d has 20 seconds left.\n|\n|t:|1788325066\n|move|p2a: Aromatisse|Moonblast|p1a: Charizard\n|-resisted|p1a: Charizard|1\n|-damage|p1a: Charizard|74/100\n|-unboost|p1a: Charizard|spa|1\n|move|p1b: Farigiraf|Psychic|p2b: Staraptor\n|-damage|p2b: Staraptor|0 fnt\n|faint|p2b: Staraptor\n|move|p1a: Charizard|Heat Wave|p2a: Aromatisse\n|-damage|p2a: Aromatisse|76/100\n|\n|upkeep\n|\n|t:|1788325078\n|switch|p2b: Venusaur|Venusaur, L50, F|100/100\n|turn|3\n|\n|t:|1788325093\n|detailschange|p2b: Venusaur|Venusaur-Mega, L50, F\n|-mega|p2b: Venusaur|Venusaur|Venusaurite\n|move|p2b: Venusaur|Protect|p2b: Venusaur\n|-singleturn|p2b: Venusaur|Protect\n|move|p1a: Charizard|Protect|p1a: Charizard\n|-singleturn|p1a: Charizard|Protect\n|move|p2a: Aromatisse|Moonblast|p1a: Charizard\n|-activate|p1a: Charizard|move: Protect\n|move|p1b: Farigiraf|Psychic|p2b: Venusaur\n|-activate|p2b: Venusaur|move: Protect\n|\n|upkeep\n|turn|4\n|inactive|sslothh has 30 seconds left.\n|inactive|sslothh has 20 seconds left.\n|\n|t:|1788325137\n|move|p2a: Aromatisse|Moonblast|p1b: Farigiraf\n|-crit|p1b: Farigiraf\n|-damage|p1b: Farigiraf|46/100\n|-enditem|p1b: Farigiraf|Sitrus Berry|[eat]\n|-heal|p1b: Farigiraf|71/100|[from] item: Sitrus Berry\n|move|p1b: Farigiraf|Psychic|p2b: Venusaur\n|-supereffective|p2b: Venusaur|1\n|-damage|p2b: Venusaur|44/100\n|move|p2b: Venusaur|Sludge Bomb|p1b: Farigiraf\n|-damage|p1b: Farigiraf|26/100\n|-status|p1b: Farigiraf|psn\n|move|p1a: Charizard|Heat Wave|p2a: Aromatisse|[spread] p2a,p2b\n|-supereffective|p2b: Venusaur|1\n|-damage|p2a: Aromatisse|62/100\n|-damage|p2b: Venusaur|25/100\n|\n|-damage|p1b: Farigiraf|14/100 psn|[from] psn\n|upkeep\n|turn|5\n|inactive|sslothh has 30 seconds left.\n|\n|t:|1788325169\n|detailschange|p1a: Charizard|Charizard-Mega-Y, L50, M\n|-mega|p1a: Charizard|Charizard|Charizardite Y\n|-weather|SunnyDay|[from] ability: Drought|[of] p1a: Charizard\n|move|p1b: Farigiraf|Helping Hand|p1a: Charizard\n|-singleturn|p1a: Charizard|Helping Hand|[of] p1b: Farigiraf\n|move|p2a: Aromatisse|Moonblast|p1b: Farigiraf\n|-damage|p1b: Farigiraf|0 fnt\n|faint|p1b: Farigiraf\n|move|p2b: Venusaur|Sludge Bomb|p1a: Charizard\n|-damage|p1a: Charizard|20/100r\n|move|p1a: Charizard|Heat Wave|p2b: Venusaur|[spread] p2a,p2b\n|-supereffective|p2b: Venusaur|1\n|-crit|p2b: Venusaur\n|-damage|p2a: Aromatisse|16/100\n|-damage|p2b: Venusaur|0 fnt\n|-enditem|p2a: Aromatisse|Sitrus Berry|[eat]\n|-heal|p2a: Aromatisse|41/100|[from] item: Sitrus Berry\n|faint|p2b: Venusaur\n|\n|-weather|SunnyDay|[upkeep]\n|-fieldend|move: Trick Room\n|upkeep\n|\n|t:|1788325184\n|switch|p2b: Goodra|Goodra-Hisui, L50, F|100/100\n|switch|p1b: Lopunny|Lopunny, L50, F|100/100\n|turn|6\n|\n|t:|1788325195\n|move|p2b: Goodra|Protect|p2b: Goodra\n|-singleturn|p2b: Goodra|Protect\n|move|p2a: Aromatisse|Protect|p2a: Aromatisse\n|-singleturn|p2a: Aromatisse|Protect\n|move|p1b: Lopunny|Fake Out|p2b: Goodra\n|-activate|p2b: Goodra|move: Protect\n|move|p1a: Charizard|Heat Wave|p2b: Goodra|[spread] \n|-activate|p2a: Aromatisse|move: Protect\n|-activate|p2b: Goodra|move: Protect\n|\n|-weather|SunnyDay|[upkeep]\n|upkeep\n|turn|7\n|inactive|sslothh has 30 seconds left.\n|inactive|sslothh has 20 seconds left.\n|inactive|sslothh has 15 seconds left.\n|inactive|sslothh has 10 seconds left.\n|\n|t:|1788325242\n|move|p1b: Lopunny|Ice Punch|p2a: Aromatisse\n|-damage|p2a: Aromatisse|22/100\n|move|p1a: Charizard|Heat Wave|p2b: Goodra|[spread] p2a,p2b\n|-damage|p2a: Aromatisse|0 fnt\n|-damage|p2b: Goodra|70/100\n|faint|p2a: Aromatisse\n|move|p2b: Goodra|Body Press|p1a: Charizard\n|-resisted|p1a: Charizard|1\n|-damage|p1a: Charizard|1/100\n|\n|-weather|SunnyDay|[upkeep]\n|-heal|p2b: Goodra|76/100|[from] item: Leftovers\n|upkeep\n|turn|8\n|-message|sslothh forfeited.\n|\n|win|Drewu!d\n|raw|Drewu!d's rating: 1340 &rarr; <strong>1362</strong><br />(+22 for winning)\n|raw|sslothh's rating: 1376 &rarr; <strong>1354</strong><br />(-22 for losing)\n|l|☆sslothh\n|player|p2|\n","uploadtime":1788325263,"views":"3","formatid":"gen9championsvgc2026regmb","rating":1354,"private":0,"password":null}