{"id":"gen9championsvgc2026regmbbo3-2673304923","format":"[Gen 9 Champions] VGC 2026 Reg M-B (Bo3)","players":["beni_9","abdullahsadiq3"],"log":"|j|☆beni_9\n|j|☆abdullahsadiq3\n|html|<table width=\"100%\"><tr><td align=\"left\">beni_9</td><td align=\"right\">abdullahsadiq3</tr><tr><td align=\"left\"><i class=\"fa fa-circle\"></i> <i class=\"fa fa-circle-o\"></i> </td><td align=\"right\"><i class=\"fa fa-circle-o\"></i> <i class=\"fa fa-circle-o\"></i> </tr></table>\n|uhtml|bestof|<h2><strong>Game 2</strong> of <a href=\"/game-bestof3-gen9championsvgc2026regmbbo3-2673303695\">a best-of-3</a></h2>\n|t:|1788180474\n|gametype|doubles\n|player|p1|beni_9|alder|1466\n|player|p2|abdullahsadiq3|2|1260\n|gen|9\n|tier|[Gen 9 Champions] VGC 2026 Reg M-B (Bo3)\n|rated|\n|rule|Species Clause: Limit one of each Pokémon\n|rule|Item Clause: Limit 1 of each item\n|clearpoke\n|poke|p1|Froslass, L50, F|\n|poke|p1|Basculegion, L50, M|\n|poke|p1|Kingambit, L50, M|\n|poke|p1|Sneasler, L50, F|\n|poke|p1|Lycanroc-Dusk, L50, M|\n|poke|p1|Scovillain, L50, M|\n|poke|p2|Charizard, L50, F|\n|poke|p2|Venusaur, L50, M|\n|poke|p2|Incineroar, L50, M|\n|poke|p2|Garchomp, L50, F|\n|poke|p2|Kingambit, L50, M|\n|poke|p2|Basculegion, L50, M|\n|teampreview|4\n|showteam|p1|Froslass||Froslassite|CursedBody|Blizzard,ShadowBall,AuroraVeil,Protect|Timid||F|||50|]Basculegion||MysticWater|Adaptability|WaveCrash,LastRespects,AquaJet,Protect|Adamant||M|||50|]Kingambit||LifeOrb|Defiant|KowtowCleave,SuckerPunch,SwordsDance,Protect|Adamant||M|||50|]Sneasler||WhiteHerb|Unburden|CloseCombat,GunkShot,FakeOut,Protect|Adamant||F|||50|]Lycanroc-Dusk||FocusSash|ToughClaws|RockSlide,CloseCombat,Accelerock,Protect|Adamant||M|||50|]Scovillain||Scovillainite|Moody|Overheat,GigaDrain,RagePowder,Protect|Bold||M|||50|\n|showteam|p2|Charizard||CharizarditeY|Blaze|HeatWave,WeatherBall,AncientPower,Protect|Modest||F|||50|]Venusaur||FocusSash|Chlorophyll|SleepPowder,SludgeBomb,LeafStorm,Protect|Modest||M|||50|]Incineroar||SitrusBerry|Intimidate|FakeOut,PartingShot,FlareBlitz,Protect|Impish||M|||50|]Garchomp||LifeOrb|RoughSkin|RockSlide,DragonClaw,Earthquake,Protect|Jolly||F|||50|]Kingambit||BlackGlasses|Defiant|SwordsDance,KowtowCleave,SuckerPunch,Protect|Impish||M|||50|]Basculegion||MysticWater|Adaptability|LastRespects,WaveCrash,AquaJet,Protect|Adamant||M|||50|\n|inactive|Battle timer is ON: inactive players will automatically lose when time's up. (requested by abdullahsadiq3)\n|\n|t:|1788180519\n|teamsize|p1|4\n|teamsize|p2|4\n|start\n|switch|p1a: Sneasler|Sneasler, L50, F|100/100\n|switch|p1b: Lycanroc|Lycanroc-Dusk, L50, M|100/100\n|switch|p2a: Incineroar|Incineroar, L50, M|100/100\n|switch|p2b: Kingambit|Kingambit, L50, M|100/100\n|-ability|p2a: Incineroar|Intimidate|boost\n|-unboost|p1a: Sneasler|atk|1\n|-unboost|p1b: Lycanroc|atk|1\n|-enditem|p1a: Sneasler|White Herb\n|-clearnegativeboost|p1a: Sneasler|[silent]\n|turn|1\n|\n|t:|1788180544\n|switch|p2b: Basculegion|Basculegion, L50, M|100/100\n|move|p1a: Sneasler|Fake Out|p2a: Incineroar\n|-damage|p2a: Incineroar|89/100\n|cant|p2a: Incineroar|flinch\n|move|p1b: Lycanroc|Close Combat|p2b: Basculegion\n|-immune|p2b: Basculegion\n|\n|upkeep\n|turn|2\n|j| trestkon\n|inactive|beni_9 has 30 seconds left.\n|inactive|abdullahsadiq3 has 30 seconds left.\n|\n|t:|1788180578\n|switch|p1b: Kingambit|Kingambit, L50, M|100/100\n|move|p1a: Sneasler|Protect|p1a: Sneasler\n|-singleturn|p1a: Sneasler|Protect\n|move|p2b: Basculegion|Aqua Jet|p1a: Sneasler\n|-activate|p1a: Sneasler|move: Protect\n|move|p2a: Incineroar|Flare Blitz|p1a: Sneasler\n|-activate|p1a: Sneasler|move: Protect\n|\n|upkeep\n|turn|3\n|\n|t:|1788180594\n|switch|p2b: Kingambit|Kingambit, L50, M|100/100\n|move|p1a: Sneasler|Close Combat|p2a: Incineroar\n|-supereffective|p2a: Incineroar|1\n|-damage|p2a: Incineroar|7/100\n|-unboost|p1a: Sneasler|def|1\n|-unboost|p1a: Sneasler|spd|1\n|-enditem|p2a: Incineroar|Sitrus Berry|[eat]\n|-heal|p2a: Incineroar|32/100|[from] item: Sitrus Berry\n|move|p2a: Incineroar|Flare Blitz|p1b: Kingambit\n|-supereffective|p1b: Kingambit|1\n|-damage|p1b: Kingambit|30/100\n|-damage|p2a: Incineroar|7/100|[from] Recoil\n|move|p1b: Kingambit|Kowtow Cleave|p2b: Kingambit\n|-resisted|p2b: Kingambit|1\n|-damage|p2b: Kingambit|78/100\n|-damage|p1b: Kingambit|20/100y|[from] item: Life Orb\n|\n|upkeep\n|turn|4\n|inactive|beni_9 has 30 seconds left.\n|inactive|abdullahsadiq3 has 30 seconds left.\n|inactive|beni_9 has 20 seconds left.\n|inactive|beni_9 has 15 seconds left.\n|\n|t:|1788180639\n|switch|p1b: Scovillain|Scovillain, L50, M|100/100\n|move|p2b: Kingambit|Protect|p2b: Kingambit\n|-singleturn|p2b: Kingambit|Protect\n|move|p1a: Sneasler|Close Combat|p2b: Kingambit\n|-activate|p2b: Kingambit|move: Protect\n|move|p2a: Incineroar|Flare Blitz|p1a: Sneasler\n|-damage|p1a: Sneasler|14/100\n|-damage|p2a: Incineroar|0 fnt|[from] Recoil\n|faint|p2a: Incineroar\n|\n|-ability|p1b: Scovillain|Moody|boost\n|-boost|p1b: Scovillain|spa|2\n|-unboost|p1b: Scovillain|spd|1\n|upkeep\n|\n|t:|1788180651\n|switch|p2a: Basculegion|Basculegion, L50, M|100/100\n|turn|5\n|\n|t:|1788180670\n|switch|p2b: Charizard|Charizard, L50, F|100/100\n|detailschange|p1b: Scovillain|Scovillain-Mega, L50, M\n|-mega|p1b: Scovillain|Scovillain|Scovillainite\n|move|p1b: Scovillain|Rage Powder|p1b: Scovillain\n|-singleturn|p1b: Scovillain|move: Rage Powder\n|move|p1a: Sneasler|Close Combat|p2b: Charizard\n|-resisted|p2b: Charizard|1\n|-damage|p2b: Charizard|72/100\n|-unboost|p1a: Sneasler|def|1\n|-unboost|p1a: Sneasler|spd|1\n|move|p2a: Basculegion|Last Respects|p1b: Scovillain\n|-damage|p1b: Scovillain|36/100\n|-status|p2a: Basculegion|brn|[from] ability: Spicy Spray|[of] p1b: Scovillain\n|\n|-damage|p2a: Basculegion|93/100 brn|[from] brn\n|upkeep\n|turn|6\n|inactive|beni_9 has 30 seconds left.\n|inactive|abdullahsadiq3 has 30 seconds left.\n|\n|t:|1788180701\n|move|p2b: Charizard|Protect|p2b: Charizard\n|-singleturn|p2b: Charizard|Protect\n|move|p2a: Basculegion|Aqua Jet|p1a: Sneasler\n|-damage|p1a: Sneasler|0 fnt\n|faint|p1a: Sneasler\n|move|p1b: Scovillain|Giga Drain|p2a: Basculegion\n|-supereffective|p2a: Basculegion|1\n|-damage|p2a: Basculegion|0 fnt\n|-heal|p1b: Scovillain|91/100|[from] drain|[of] p2a: Basculegion\n|faint|p2a: Basculegion\n|\n|upkeep\n|\n|t:|1788180717\n|switch|p1a: Lycanroc|Lycanroc-Dusk, L50, M|100/100\n|switch|p2a: Kingambit|Kingambit, L50, M|78/100\n|turn|7\n|\n|t:|1788180752\n|move|p2b: Charizard|Protect||[still]\n|-fail|p2b: Charizard\n|move|p2a: Kingambit|Protect|p2a: Kingambit\n|-singleturn|p2a: Kingambit|Protect\n|move|p1b: Scovillain|Rage Powder|p1b: Scovillain\n|-singleturn|p1b: Scovillain|move: Rage Powder\n|move|p1a: Lycanroc|Accelerock|p2b: Charizard\n|-supereffective|p2b: Charizard|2\n|-damage|p2b: Charizard|0 fnt\n|faint|p2b: Charizard\n|\n|upkeep\n|turn|8\n|-message|abdullahsadiq3 forfeited.\n|\n|win|beni_9\n|raw|beni_9's rating: 1466 &rarr; <strong>1475</strong><br />(+9 for winning)\n|raw|abdullahsadiq3's rating: 1260 &rarr; <strong>1248</strong><br />(-12 for losing)\n","uploadtime":1788180761,"views":"0","formatid":"gen9championsvgc2026regmbbo3","rating":1248,"private":0,"password":null}