{"id":"gen9championsvgc2026regmbbo3-2674133631","format":"[Gen 9 Champions] VGC 2026 Reg M-B (Bo3)","players":["platanoso","MagicalarperLarper"],"log":"|j|☆platanoso\n|j|☆MagicalarperLarper\n|html|<table width=\"100%\"><tr><td align=\"left\">platanoso</td><td align=\"right\">MagicalarperLarper</tr><tr><td align=\"left\"><i class=\"fa fa-circle-o\"></i> <i class=\"fa fa-circle-o\"></i> </td><td align=\"right\"><i class=\"fa fa-circle-o\"></i> <i class=\"fa fa-circle\"></i> </tr></table>\n|uhtml|bestof|<h2><strong>Game 2</strong> of <a href=\"/game-bestof3-gen9championsvgc2026regmbbo3-2674130678\">a best-of-3</a></h2>\n|t:|1788304076\n|gametype|doubles\n|player|p1|platanoso|madame-gen4|1266\n|player|p2|MagicalarperLarper|palmer|1404\n|gen|9\n|tier|[Gen 9 Champions] VGC 2026 Reg M-B (Bo3)\n|rated|\n|rule|Species Clause: Limit one of each Pokémon\n|rule|Item Clause: Limit 1 of each item\n|clearpoke\n|poke|p1|Floette-Eternal, L50, F|\n|poke|p1|Sneasler, L50, M|\n|poke|p1|Incineroar, L50, F|\n|poke|p1|Sinistcha, L50|\n|poke|p1|Delphox, L50, M|\n|poke|p1|Garchomp, L50, F|\n|poke|p2|Charizard, L50, F|\n|poke|p2|Sinistcha, L50|\n|poke|p2|Incineroar, L50, M|\n|poke|p2|Toxapex, L50, M|\n|poke|p2|Dragonite, L50, M|\n|poke|p2|Delphox, L50, F|\n|teampreview|4\n|showteam|p1|Floette-Eternal||Floettite|FlowerVeil|DazzlingGleam,DrainingKiss,CalmMind,Protect|Timid||F|||50|]Sneasler||FocusSash|PoisonTouch|CloseCombat,PoisonJab,FakeOut,Coaching|Jolly||M|||50|]Incineroar||SitrusBerry|Intimidate|FlareBlitz,DarkestLariat,PartingShot,FakeOut|Impish||F|||50|]Sinistcha||OccaBerry|Hospitality|MatchaGotcha,RagePowder,TrickRoom,Protect|Bold|||||50|]Delphox||Delphoxite|Blaze|Psychic,HeatWave,NastyPlot,Protect|Timid||M|||50|]Garchomp||ChoiceScarf|RoughSkin|DragonClaw,StompingTantrum,Earthquake,RockSlide|Adamant||F|||50|\n|showteam|p2|Charizard||CharizarditeY|Blaze|WeatherBall,HeatWave,SolarBeam,Protect|Modest||F|||50|]Sinistcha||OccaBerry|Hospitality|MatchaGotcha,RagePowder,LifeDew,Protect|Relaxed|||||50|]Incineroar||SitrusBerry|Intimidate|FakeOut,FlareBlitz,PartingShot,Protect|Careful||M|||50|]Toxapex||Leftovers|Regenerator|Infestation,Toxic,WideGuard,BanefulBunker|Relaxed||M|||50|]Dragonite||LifeOrb|InnerFocus|DragonClaw,Superpower,ExtremeSpeed,Protect|Adamant||M|||50|]Delphox||Delphoxite|Blaze|HeatWave,Psychic,Substitute,Protect|Modest||F|||50|\n|\n|t:|1788304098\n|teamsize|p1|4\n|teamsize|p2|4\n|start\n|switch|p1a: Floette|Floette-Eternal, L50, F|100/100\n|switch|p1b: Incineroar|Incineroar, L50, F|100/100\n|switch|p2a: Toxapex|Toxapex, L50, M|100/100\n|switch|p2b: Delphox|Delphox, L50, F|100/100\n|-ability|p1b: Incineroar|Intimidate|boost\n|-unboost|p2a: Toxapex|atk|1\n|-unboost|p2b: Delphox|atk|1\n|turn|1\n|inactive|Battle timer is ON: inactive players will automatically lose when time's up. (requested by platanoso)\n|\n|t:|1788304124\n|detailschange|p2b: Delphox|Delphox-Mega, L50, F\n|-mega|p2b: Delphox|Delphox|Delphoxite\n|detailschange|p1a: Floette|Floette-Mega, L50, F\n|-mega|p1a: Floette|Floette|Floettite\n|-ability|p1a: Floette|Fairy Aura\n|move|p1a: Floette|Protect|p1a: Floette\n|-singleturn|p1a: Floette|Protect\n|move|p2b: Delphox|Substitute|p2b: Delphox\n|-start|p2b: Delphox|Substitute\n|-damage|p2b: Delphox|75/100\n|move|p1b: Incineroar|Parting Shot|p2b: Delphox\n|-unboost|p2b: Delphox|atk|1\n|-unboost|p2b: Delphox|spa|1\n|\n|t:|1788304136\n|switch|p1b: Garchomp|Garchomp, L50, F|100/100|[from] Parting Shot\n|move|p2a: Toxapex|Toxic|p1a: Floette\n|-activate|p1a: Floette|move: Protect\n|\n|upkeep\n|turn|2\n|\n|t:|1788304156\n|switch|p1a: Incineroar|Incineroar, L50, F|100/100\n|-ability|p1a: Incineroar|Intimidate|boost\n|-unboost|p2a: Toxapex|atk|1\n|-immune|p2b: Delphox\n|move|p1b: Garchomp|Stomping Tantrum|p2a: Toxapex\n|-supereffective|p2a: Toxapex|1\n|-damage|p2a: Toxapex|37/100\n|move|p2b: Delphox|Psychic|p1b: Garchomp\n|-damage|p1b: Garchomp|60/100\n|move|p2a: Toxapex|Toxic|p1a: Incineroar\n|-status|p1a: Incineroar|tox\n|\n|-heal|p2a: Toxapex|43/100|[from] item: Leftovers\n|-damage|p1a: Incineroar|94/100 tox|[from] psn\n|upkeep\n|turn|3\n|inactive|platanoso has 30 seconds left.\n|\n|t:|1788304182\n|-heal|p2a: Toxapex|76/100|[from] ability: Regenerator|[silent]\n|switch|p2a: Dragonite|Dragonite, L50, M|100/100\n|move|p1b: Garchomp|Stomping Tantrum|p2a: Dragonite\n|-immune|p2a: Dragonite\n|move|p2b: Delphox|Psychic|p1b: Garchomp\n|-damage|p1b: Garchomp|22/100\n|move|p1a: Incineroar|Darkest Lariat|p2b: Delphox\n|-supereffective|p2b: Delphox|1\n|-end|p2b: Delphox|Substitute\n|\n|-damage|p1a: Incineroar|82/100 tox|[from] psn\n|upkeep\n|turn|4\n|\n|t:|1788304206\n|switch|p1b: Sinistcha|Sinistcha, L50|100/100\n|-heal|p1a: Incineroar|100/100 tox|[from] ability: Hospitality|[of] p1b: Sinistcha\n|move|p2b: Delphox|Heat Wave|p1b: Sinistcha|[spread] p1a,p1b\n|-resisted|p1a: Incineroar|1\n|-supereffective|p1b: Sinistcha|1\n|-enditem|p1b: Sinistcha|Occa Berry|[eat]\n|-enditem|p1b: Sinistcha|Occa Berry|[weaken]\n|-damage|p1a: Incineroar|88/100 tox\n|-damage|p1b: Sinistcha|70/100\n|move|p2a: Dragonite|Superpower|p1a: Incineroar\n|-supereffective|p1a: Incineroar|1\n|-damage|p1a: Incineroar|0 fnt\n|-unboost|p2a: Dragonite|atk|1\n|-unboost|p2a: Dragonite|def|1\n|faint|p1a: Incineroar\n|-damage|p2a: Dragonite|90/100|[from] item: Life Orb\n|\n|upkeep\n|\n|t:|1788304221\n|switch|p1a: Floette|Floette-Mega, L50, F|100/100\n|-ability|p1a: Floette|Fairy Aura\n|turn|5\n|\n|t:|1788304240\n|switch|p2a: Incineroar|Incineroar, L50, M|100/100\n|-ability|p2a: Incineroar|Intimidate|boost\n|-unboost|p1a: Floette|atk|1\n|-unboost|p1b: Sinistcha|atk|1\n|move|p2b: Delphox|Heat Wave|p1a: Floette|[spread] p1a\n|-miss|p2b: Delphox|p1b: Sinistcha\n|-crit|p1a: Floette\n|-damage|p1a: Floette|53/100\n|move|p1a: Floette|Calm Mind|p1a: Floette\n|-boost|p1a: Floette|spa|1\n|-boost|p1a: Floette|spd|1\n|move|p1b: Sinistcha|Trick Room|p1b: Sinistcha\n|-fieldstart|move: Trick Room|[of] p1b: Sinistcha\n|\n|upkeep\n|turn|6\n|\n|t:|1788304263\n|switch|p2b: Toxapex|Toxapex, L50, M|76/100\n|move|p1b: Sinistcha|Protect|p1b: Sinistcha\n|-singleturn|p1b: Sinistcha|Protect\n|move|p1a: Floette|Protect|p1a: Floette\n|-singleturn|p1a: Floette|Protect\n|move|p2a: Incineroar|Flare Blitz|p1a: Floette\n|-activate|p1a: Floette|move: Protect\n|\n|-heal|p2b: Toxapex|82/100|[from] item: Leftovers\n|upkeep\n|turn|7\n|\n|t:|1788304279\n|move|p1b: Sinistcha|Rage Powder|p1b: Sinistcha\n|-singleturn|p1b: Sinistcha|move: Rage Powder\n|move|p2b: Toxapex|Toxic|p1b: Sinistcha\n|-status|p1b: Sinistcha|tox\n|move|p2a: Incineroar|Flare Blitz|p1b: Sinistcha\n|-supereffective|p1b: Sinistcha|1\n|-damage|p1b: Sinistcha|2/100 tox\n|-damage|p2a: Incineroar|80/100|[from] Recoil\n|move|p1a: Floette|Calm Mind|p1a: Floette\n|-boost|p1a: Floette|spa|1\n|-boost|p1a: Floette|spd|1\n|\n|-heal|p2b: Toxapex|87/100|[from] item: Leftovers\n|-damage|p1b: Sinistcha|0 fnt|[from] psn\n|faint|p1b: Sinistcha\n|upkeep\n|\n|t:|1788304292\n|switch|p1b: Garchomp|Garchomp, L50, F|22/100\n|turn|8\n|\n|t:|1788304300\n|move|p2b: Toxapex|Infestation|p1b: Garchomp\n|-damage|p1b: Garchomp|18/100\n|-activate|p1b: Garchomp|move: Infestation|[of] p2b: Toxapex\n|-damage|p2b: Toxapex|75/100|[from] ability: Rough Skin|[of] p1b: Garchomp\n|move|p2a: Incineroar|Flare Blitz|p1b: Garchomp\n|-resisted|p1b: Garchomp|1\n|-damage|p1b: Garchomp|0 fnt\n|-damage|p2a: Incineroar|67/100|[from] ability: Rough Skin|[of] p1b: Garchomp\n|faint|p1b: Garchomp\n|-damage|p2a: Incineroar|61/100|[from] Recoil\n|move|p1a: Floette|Draining Kiss|p2a: Incineroar\n|-damage|p2a: Incineroar|9/100\n|-heal|p1a: Floette|100/100|[from] drain|[of] p2a: Incineroar\n|-enditem|p2a: Incineroar|Sitrus Berry|[eat]\n|-heal|p2a: Incineroar|34/100|[from] item: Sitrus Berry\n|\n|-heal|p2b: Toxapex|81/100|[from] item: Leftovers\n|upkeep\n|turn|9\n|\n|t:|1788304315\n|switch|p2a: Dragonite|Dragonite, L50, M|90/100\n|move|p1a: Floette|Protect|p1a: Floette\n|-singleturn|p1a: Floette|Protect\n|move|p2b: Toxapex|Toxic|p1a: Floette\n|-activate|p1a: Floette|move: Protect\n|\n|-heal|p2b: Toxapex|87/100|[from] item: Leftovers\n|-fieldend|move: Trick Room\n|upkeep\n|turn|10\n|\n|t:|1788304320\n|move|p2a: Dragonite|Extreme Speed|p1a: Floette\n|-damage|p1a: Floette|61/100\n|-damage|p2a: Dragonite|80/100|[from] item: Life Orb\n|move|p1a: Floette|Draining Kiss|p2b: Toxapex\n|-resisted|p2b: Toxapex|1\n|-damage|p2b: Toxapex|62/100\n|-heal|p1a: Floette|78/100|[from] drain|[of] p2b: Toxapex\n|move|p2b: Toxapex|Toxic|p1a: Floette\n|-status|p1a: Floette|tox\n|\n|-heal|p2b: Toxapex|68/100|[from] item: Leftovers\n|-damage|p1a: Floette|72/100 tox|[from] psn\n|upkeep\n|turn|11\n|\n|t:|1788304327\n|move|p2a: Dragonite|Protect|p2a: Dragonite\n|-singleturn|p2a: Dragonite|Protect\n|move|p1a: Floette|Dazzling Gleam|p2a: Dragonite|[spread] p2b\n|-activate|p2a: Dragonite|move: Protect\n|-resisted|p2b: Toxapex|1\n|-damage|p2b: Toxapex|35/100\n|move|p2b: Toxapex|Infestation|p1a: Floette\n|-resisted|p1a: Floette|1\n|-damage|p1a: Floette|71/100 tox\n|-activate|p1a: Floette|move: Infestation|[of] p2b: Toxapex\n|\n|-heal|p2b: Toxapex|41/100|[from] item: Leftovers\n|-damage|p1a: Floette|60/100 tox|[from] psn\n|-damage|p1a: Floette|47/100 tox|[from] move: Infestation|[partiallytrapped]\n|upkeep\n|turn|12\n|inactive|platanoso has 30 seconds left.\n|\n|t:|1788304354\n|move|p2a: Dragonite|Extreme Speed|p1a: Floette\n|-damage|p1a: Floette|7/100 tox\n|-damage|p2a: Dragonite|71/100|[from] item: Life Orb\n|move|p1a: Floette|Dazzling Gleam|p2a: Dragonite|[spread] p2a,p2b\n|-supereffective|p2a: Dragonite|1\n|-resisted|p2b: Toxapex|1\n|-damage|p2a: Dragonite|0 fnt\n|-damage|p2b: Toxapex|10/100\n|faint|p2a: Dragonite\n|move|p2b: Toxapex|Infestation|p1a: Floette\n|-resisted|p1a: Floette|1\n|-damage|p1a: Floette|7/100 tox\n|\n|-heal|p2b: Toxapex|15/100|[from] item: Leftovers\n|-damage|p1a: Floette|0 fnt|[from] psn\n|faint|p1a: Floette\n|\n|win|MagicalarperLarper\n","uploadtime":1788304079,"views":"1","formatid":"gen9championsvgc2026regmbbo3","rating":null,"private":0,"password":null}