{"id":"gen9championsvgc2026regmb-2674642288","format":"[Gen 9 Champions] VGC 2026 Reg M-B","players":["Sethwell","Fachaamuchahonra"],"log":"|j|☆Sethwell\n|j|☆Fachaamuchahonra\n|t:|1788384048\n|gametype|doubles\n|player|p1|Sethwell|blue|1532\n|player|p2|Fachaamuchahonra|1|1610\n|gen|9\n|tier|[Gen 9 Champions] VGC 2026 Reg M-B\n|rated|\n|rule|Species Clause: Limit one of each Pokémon\n|rule|Item Clause: Limit 1 of each item\n|clearpoke\n|poke|p1|Sneasler, L50, M|\n|poke|p1|Sinistcha, L50|\n|poke|p1|Kingambit, L50, M|\n|poke|p1|Blastoise, L50, F|\n|poke|p1|Delphox, L50, M|\n|poke|p1|Incineroar, L50, F|\n|poke|p2|Floette-Eternal, L50, F|\n|poke|p2|Kingambit, L50, M|\n|poke|p2|Charizard, L50, M|\n|poke|p2|Whimsicott, L50, M|\n|poke|p2|Basculegion, L50, M|\n|poke|p2|Garchomp, L50, M|\n|teampreview|4\n|inactive|Battle timer is ON: inactive players will automatically lose when time's up. (requested by Sethwell)\n|inactive|Fachaamuchahonra has 60 seconds left.\n|inactive|Sethwell has 60 seconds left.\n|\n|t:|1788384090\n|teamsize|p1|4\n|teamsize|p2|4\n|start\n|switch|p1a: Sneasler|Sneasler, L50, M|100/100\n|switch|p1b: Blastoise|Blastoise, L50, F|100/100\n|switch|p2a: Whimsicott|Whimsicott, L50, M|100/100\n|switch|p2b: Garchomp|Garchomp, L50, M|100/100\n|turn|1\n|\n|t:|1788384110\n|detailschange|p1b: Blastoise|Blastoise-Mega, L50, F\n|-mega|p1b: Blastoise|Blastoise|Blastoisinite\n|move|p1a: Sneasler|Fake Out|p2b: Garchomp\n|-damage|p2b: Garchomp|88/100\n|-damage|p1a: Sneasler|87/100|[from] ability: Rough Skin|[of] p2b: Garchomp\n|move|p2a: Whimsicott|Tailwind|p2a: Whimsicott\n|-sidestart|p2: Fachaamuchahonra|move: Tailwind\n|cant|p2b: Garchomp|flinch\n|move|p1b: Blastoise|Shell Smash|p1b: Blastoise\n|-unboost|p1b: Blastoise|def|1\n|-unboost|p1b: Blastoise|spd|1\n|-boost|p1b: Blastoise|atk|2\n|-boost|p1b: Blastoise|spa|2\n|-boost|p1b: Blastoise|spe|2\n|\n|upkeep\n|turn|2\n|\n|t:|1788384134\n|move|p1a: Sneasler|Quick Guard|p1a: Sneasler\n|-singleturn|p1a: Sneasler|Quick Guard\n|move|p2a: Whimsicott|Encore|p1b: Blastoise\n|-activate|p1b: Blastoise|move: Quick Guard\n|move|p2b: Garchomp|Earthquake|p1b: Blastoise|[spread] p2a,p1a,p1b\n|-resisted|p2a: Whimsicott|1\n|-supereffective|p1a: Sneasler|1\n|-damage|p2a: Whimsicott|68/100\n|-damage|p1a: Sneasler|0 fnt\n|-damage|p1b: Blastoise|42/100\n|faint|p1a: Sneasler\n|move|p1b: Blastoise|Water Spout|p2a: Whimsicott|[spread] p2a,p2b\n|-resisted|p2a: Whimsicott|1\n|-damage|p2a: Whimsicott|30/100\n|-damage|p2b: Garchomp|33/100\n|\n|upkeep\n|\n|t:|1788384147\n|switch|p1a: Sinistcha|Sinistcha, L50|100/100\n|-heal|p1b: Blastoise|67/100|[from] ability: Hospitality|[of] p1a: Sinistcha\n|turn|3\n|\n|t:|1788384164\n|switch|p2a: Basculegion|Basculegion, L50, M|100/100\n|switch|p1a: Incineroar|Incineroar, L50, F|100/100\n|-ability|p1a: Incineroar|Intimidate|boost\n|-unboost|p2a: Basculegion|atk|1\n|-unboost|p2b: Garchomp|atk|1\n|move|p1b: Blastoise|Protect|p1b: Blastoise\n|-singleturn|p1b: Blastoise|Protect\n|move|p2b: Garchomp|Dragon Claw|p1b: Blastoise\n|-activate|p1b: Blastoise|move: Protect\n|\n|upkeep\n|turn|4\n|inactive|Fachaamuchahonra has 30 seconds left.\n|\n|t:|1788384196\n|move|p1a: Incineroar|Fake Out|p2b: Garchomp\n|-damage|p2b: Garchomp|22/100\n|-damage|p1a: Incineroar|87/100|[from] ability: Rough Skin|[of] p2b: Garchomp\n|cant|p2b: Garchomp|flinch\n|move|p2a: Basculegion|Liquidation|p1a: Incineroar\n|-supereffective|p1a: Incineroar|1\n|-damage|p1a: Incineroar|0 fnt\n|faint|p1a: Incineroar\n|move|p1b: Blastoise|Dark Pulse|p2a: Basculegion\n|-supereffective|p2a: Basculegion|1\n|-damage|p2a: Basculegion|0 fnt\n|faint|p2a: Basculegion\n|\n|-sideend|p2: Fachaamuchahonra|move: Tailwind\n|upkeep\n|\n|t:|1788384213\n|switch|p2a: Whimsicott|Whimsicott, L50, M|30/100\n|switch|p1a: Sinistcha|Sinistcha, L50|100/100\n|-heal|p1b: Blastoise|92/100|[from] ability: Hospitality|[of] p1a: Sinistcha\n|turn|5\n|\n|t:|1788384228\n|move|p2a: Whimsicott|Tailwind|p2a: Whimsicott\n|-sidestart|p2: Fachaamuchahonra|move: Tailwind\n|move|p2b: Garchomp|Earthquake|p1a: Sinistcha|[spread] p2a,p1a,p1b\n|-resisted|p2a: Whimsicott|1\n|-resisted|p1a: Sinistcha|1\n|-damage|p2a: Whimsicott|10/100\n|-damage|p1a: Sinistcha|84/100\n|-damage|p1b: Blastoise|56/100\n|move|p1b: Blastoise|Dark Pulse|p2b: Garchomp\n|-damage|p2b: Garchomp|0 fnt\n|faint|p2b: Garchomp\n|move|p1a: Sinistcha|Matcha Gotcha|p2a: Whimsicott\n|-resisted|p2a: Whimsicott|1\n|-damage|p2a: Whimsicott|0 fnt\n|-heal|p1a: Sinistcha|90/100|[from] drain|[of] p2a: Whimsicott\n|faint|p2a: Whimsicott\n|\n|upkeep\n|\n|t:|1788384239\n|switch|p2b: Charizard|Charizard, L50, M|100/100\n|turn|6\n|\n|t:|1788384251\n|detailschange|p2b: Charizard|Charizard-Mega-Y, L50, M\n|-mega|p2b: Charizard|Charizard|Charizardite Y\n|-weather|SunnyDay|[from] ability: Drought|[of] p2b: Charizard\n|move|p1b: Blastoise|Protect|p1b: Blastoise\n|-singleturn|p1b: Blastoise|Protect\n|move|p1a: Sinistcha|Protect|p1a: Sinistcha\n|-singleturn|p1a: Sinistcha|Protect\n|move|p2b: Charizard|Weather Ball|p1a: Sinistcha\n|-activate|p1a: Sinistcha|move: Protect\n|\n|-weather|SunnyDay|[upkeep]\n|upkeep\n|turn|7\n|\n|t:|1788384269\n|move|p1a: Sinistcha|Rage Powder|p1a: Sinistcha\n|-singleturn|p1a: Sinistcha|move: Rage Powder\n|move|p2b: Charizard|Heat Wave|p1a: Sinistcha|[spread] p1a\n|-miss|p2b: Charizard|p1b: Blastoise\n|-supereffective|p1a: Sinistcha|1\n|-damage|p1a: Sinistcha|0 fnt\n|faint|p1a: Sinistcha\n|move|p1b: Blastoise|Dark Pulse|p2b: Charizard\n|-damage|p2b: Charizard|22/100\n|\n|-weather|SunnyDay|[upkeep]\n|upkeep\n|turn|8\n|\n|t:|1788384279\n|move|p1b: Blastoise|Protect|p1b: Blastoise\n|-singleturn|p1b: Blastoise|Protect\n|move|p2b: Charizard|Solar Beam||[still]\n|-prepare|p2b: Charizard|Solar Beam\n|-anim|p2b: Charizard|Solar Beam|p1b: Blastoise\n|-activate|p1b: Blastoise|move: Protect\n|\n|-weather|SunnyDay|[upkeep]\n|-sideend|p2: Fachaamuchahonra|move: Tailwind\n|upkeep\n|turn|9\n|\n|t:|1788384284\n|move|p1b: Blastoise|Dark Pulse|p2b: Charizard\n|-damage|p2b: Charizard|0 fnt\n|faint|p2b: Charizard\n|\n|win|Sethwell\n|raw|Sethwell's rating: 1532 &rarr; <strong>1556</strong><br />(+24 for winning)\n|raw|Fachaamuchahonra's rating: 1610 &rarr; <strong>1586</strong><br />(-24 for losing)\n|l|☆Fachaamuchahonra\n|player|p2|\n","uploadtime":1788384296,"views":"1","formatid":"gen9championsvgc2026regmb","rating":1556,"private":0,"password":null}