{"id":"gen9championsvgc2026regmbbo3-2673731920","format":"[Gen 9 Champions] VGC 2026 Reg M-B (Bo3)","players":["kingsrowbajax","Chewe_60111"],"log":"|j|☆kingsrowbajax\n|j|☆Chewe_60111\n|html|<table width=\"100%\"><tr><td align=\"left\">kingsrowbajax</td><td align=\"right\">Chewe_60111</tr><tr><td align=\"left\"><i class=\"fa fa-circle-o\"></i> <i class=\"fa fa-circle-o\"></i> </td><td align=\"right\"><i class=\"fa fa-circle-o\"></i> <i class=\"fa fa-circle\"></i> </tr></table>\n|uhtml|bestof|<h2><strong>Game 2</strong> of <a href=\"/game-bestof3-gen9championsvgc2026regmbbo3-2673730477\">a best-of-3</a></h2>\n|t:|1788242946\n|gametype|doubles\n|player|p1|kingsrowbajax|170|1229\n|player|p2|Chewe_60111|1|1150\n|gen|9\n|tier|[Gen 9 Champions] VGC 2026 Reg M-B (Bo3)\n|rated|\n|rule|Species Clause: Limit one of each Pokémon\n|rule|Item Clause: Limit 1 of each item\n|clearpoke\n|poke|p1|Blastoise, L50, F|\n|poke|p1|Delphox, L50, F|\n|poke|p1|Sinistcha, L50|\n|poke|p1|Kingambit, L50, F|\n|poke|p1|Sneasler, L50, M|\n|poke|p1|Incineroar, L50, M|\n|poke|p2|Sneasler, L50, M|\n|poke|p2|Basculegion, L50, M|\n|poke|p2|Kingambit, L50, F|\n|poke|p2|Incineroar, L50, M|\n|poke|p2|Dragonite, L50, M|\n|poke|p2|Whimsicott, L50, M|\n|teampreview|4\n|showteam|p1|Blastoise||Blastoisinite|RainDish|WaterSpout,DarkPulse,ShellSmash,Protect|Modest||F|||50|]Delphox||Delphoxite|Blaze|HeatWave,Psychic,NastyPlot,Protect|Timid||F|||50|]Sinistcha||ColburBerry|Hospitality|MatchaGotcha,RagePowder,TrickRoom,Protect|Bold|||||50|]Kingambit||LifeOrb|Defiant|KowtowCleave,SuckerPunch,SwordsDance,Protect|Adamant||F|||50|]Sneasler||FocusSash|PoisonTouch|FakeOut,PoisonJab,CloseCombat,QuickGuard|Jolly||M|||50|]Incineroar||SitrusBerry|Intimidate|FakeOut,FlareBlitz,ThroatChop,PartingShot|Careful||M|||50|\n|showteam|p2|Sneasler||WhiteHerb|PoisonTouch|FakeOut,CloseCombat,DireClaw,Coaching|Jolly||M|||50|]Basculegion||SitrusBerry|Adaptability|WaveCrash,LastRespects,AquaJet,Protect|Adamant||M|||50|]Kingambit||ChopleBerry|Defiant|KowtowCleave,SuckerPunch,IronHead,LowKick|Adamant||F|||50|]Incineroar||Leftovers|Intimidate|FakeOut,FlareBlitz,PartingShot,ThroatChop|Impish||M|||50|]Dragonite||Dragoninite|Multiscale|Roost,Thunderbolt,DragonPulse,HeatWave|Modest||M|||50|]Whimsicott||BrightPowder|Prankster|Tailwind,Moonblast,Encore,LightScreen|Bold||M|||50|\n|inactive|Battle timer is ON: inactive players will automatically lose when time's up. (requested by Chewe_60111)\n|\n|t:|1788242972\n|teamsize|p1|4\n|teamsize|p2|4\n|start\n|switch|p1a: Delphox|Delphox, L50, F|100/100\n|switch|p1b: Sneasler|Sneasler, L50, M|100/100\n|switch|p2a: Dragonite|Dragonite, L50, M|100/100\n|switch|p2b: Sneasler|Sneasler, L50, M|100/100\n|turn|1\n|inactive|Chewe_60111 has 30 seconds left.\n|\n|t:|1788242997\n|detailschange|p1a: Delphox|Delphox-Mega, L50, F\n|-mega|p1a: Delphox|Delphox|Delphoxite\n|detailschange|p2a: Dragonite|Dragonite-Mega, L50, M\n|-mega|p2a: Dragonite|Dragonite|Dragoninite\n|move|p1b: Sneasler|Fake Out|p2b: Sneasler\n|-damage|p2b: Sneasler|84/100\n|cant|p2b: Sneasler|flinch\n|move|p1a: Delphox|Nasty Plot|p1a: Delphox\n|-boost|p1a: Delphox|spa|2\n|move|p2a: Dragonite|Dragon Pulse|p1a: Delphox\n|-damage|p1a: Delphox|54/100\n|\n|upkeep\n|turn|2\n|inactive|Chewe_60111 has 30 seconds left.\n|inactive|kingsrowbajax has 30 seconds left.\n|\n|t:|1788243028\n|switch|p1b: Incineroar|Incineroar, L50, M|100/100\n|-ability|p1b: Incineroar|Intimidate|boost\n|-unboost|p2a: Dragonite|atk|1\n|-unboost|p2b: Sneasler|atk|1\n|-enditem|p2b: Sneasler|White Herb\n|-clearnegativeboost|p2b: Sneasler|[silent]\n|move|p1a: Delphox|Protect|p1a: Delphox\n|-singleturn|p1a: Delphox|Protect\n|move|p2b: Sneasler|Close Combat|p1b: Incineroar\n|-supereffective|p1b: Incineroar|1\n|-damage|p1b: Incineroar|6/100\n|-unboost|p2b: Sneasler|def|1\n|-unboost|p2b: Sneasler|spd|1\n|-status|p1b: Incineroar|psn|[from] ability: Poison Touch|[of] p2b: Sneasler\n|-enditem|p1b: Incineroar|Sitrus Berry|[eat]\n|-heal|p1b: Incineroar|30/100 psn|[from] item: Sitrus Berry\n|move|p2a: Dragonite|Dragon Pulse|p1a: Delphox\n|-activate|p1a: Delphox|move: Protect\n|\n|-damage|p1b: Incineroar|18/100 psn|[from] psn\n|upkeep\n|turn|3\n|inactive|kingsrowbajax has 30 seconds left.\n|inactive|Chewe_60111 has 30 seconds left.\n|inactive|Chewe_60111 has 20 seconds left.\n|\n|t:|1788243066\n|move|p1b: Incineroar|Fake Out|p2a: Dragonite\n|-damage|p2a: Dragonite|96/100\n|move|p1a: Delphox|Psychic|p2b: Sneasler\n|-supereffective|p2b: Sneasler|2\n|-damage|p2b: Sneasler|0 fnt\n|faint|p2b: Sneasler\n|cant|p2a: Dragonite|flinch\n|\n|-damage|p1b: Incineroar|6/100 psn|[from] psn\n|upkeep\n|inactive|Chewe_60111 has 30 seconds left.\n|\n|t:|1788243093\n|switch|p2b: Kingambit|Kingambit, L50, F|100/100\n|turn|4\n|\n|t:|1788243106\n|move|p1a: Delphox|Protect|p1a: Delphox\n|-singleturn|p1a: Delphox|Protect\n|move|p2b: Kingambit|Sucker Punch||[still]\n|-fail|p2b: Kingambit\n|move|p2a: Dragonite|Heat Wave|p1a: Delphox|[spread] p1b\n|-activate|p1a: Delphox|move: Protect\n|-resisted|p1b: Incineroar|1\n|-damage|p1b: Incineroar|0 fnt\n|faint|p1b: Incineroar\n|\n|upkeep\n|\n|t:|1788243116\n|switch|p1b: Sinistcha|Sinistcha, L50|100/100\n|-heal|p1a: Delphox|78/100|[from] ability: Hospitality|[of] p1b: Sinistcha\n|turn|5\n|\n|t:|1788243139\n|move|p1b: Sinistcha|Rage Powder|p1b: Sinistcha\n|-singleturn|p1b: Sinistcha|move: Rage Powder\n|move|p1a: Delphox|Heat Wave|p2b: Kingambit|[spread] p2a,p2b\n|-resisted|p2a: Dragonite|1\n|-supereffective|p2b: Kingambit|1\n|-damage|p2a: Dragonite|62/100\n|-damage|p2b: Kingambit|0 fnt\n|faint|p2b: Kingambit\n|move|p2a: Dragonite|Heat Wave|p1b: Sinistcha|[spread] p1a,p1b\n|-resisted|p1a: Delphox|1\n|-supereffective|p1b: Sinistcha|1\n|-damage|p1a: Delphox|64/100\n|-damage|p1b: Sinistcha|38/100\n|\n|upkeep\n|\n|t:|1788243152\n|switch|p2b: Whimsicott|Whimsicott, L50, M|100/100\n|turn|6\n|\n|t:|1788243169\n|switch|p1b: Sneasler|Sneasler, L50, M|100/100\n|move|p1a: Delphox|Protect|p1a: Delphox\n|-singleturn|p1a: Delphox|Protect\n|move|p2b: Whimsicott|Tailwind|p2b: Whimsicott\n|-sidestart|p2: Chewe_60111|move: Tailwind\n|move|p2a: Dragonite|Heat Wave|p1b: Sneasler|[spread] p1b\n|-activate|p1a: Delphox|move: Protect\n|-damage|p1b: Sneasler|60/100\n|\n|upkeep\n|turn|7\n|\n|t:|1788243185\n|move|p1b: Sneasler|Fake Out|p2b: Whimsicott\n|-damage|p2b: Whimsicott|84/100\n|cant|p2b: Whimsicott|flinch\n|move|p2a: Dragonite|Dragon Pulse|p1a: Delphox\n|-damage|p1a: Delphox|18/100\n|move|p1a: Delphox|Heat Wave|p2b: Whimsicott|[spread] \n|-miss|p1a: Delphox|p2a: Dragonite\n|-miss|p1a: Delphox|p2b: Whimsicott\n|\n|upkeep\n|turn|8\n|inactive|Chewe_60111 has 30 seconds left.\n|\n|t:|1788243217\n|switch|p1b: Sinistcha|Sinistcha, L50|38/100\n|-heal|p1a: Delphox|43/100|[from] ability: Hospitality|[of] p1b: Sinistcha\n|move|p1a: Delphox|Protect|p1a: Delphox\n|-singleturn|p1a: Delphox|Protect\n|move|p2b: Whimsicott|Encore||[still]\n|-fail|p2b: Whimsicott\n|move|p2a: Dragonite|Dragon Pulse|p1a: Delphox\n|-activate|p1a: Delphox|move: Protect\n|\n|upkeep\n|turn|9\n|\n|t:|1788243234\n|move|p1b: Sinistcha|Rage Powder|p1b: Sinistcha\n|-singleturn|p1b: Sinistcha|move: Rage Powder\n|move|p2b: Whimsicott|Light Screen|p2b: Whimsicott\n|-sidestart|p2: Chewe_60111|move: Light Screen\n|move|p2a: Dragonite|Heat Wave|p1b: Sinistcha|[spread] p1a,p1b\n|-resisted|p1a: Delphox|1\n|-supereffective|p1b: Sinistcha|1\n|-damage|p1a: Delphox|30/100\n|-damage|p1b: Sinistcha|0 fnt\n|faint|p1b: Sinistcha\n|move|p1a: Delphox|Heat Wave|p2b: Whimsicott|[spread] p2a,p2b\n|-resisted|p2a: Dragonite|1\n|-supereffective|p2b: Whimsicott|1\n|-damage|p2a: Dragonite|40/100\n|-damage|p2b: Whimsicott|0 fnt\n|faint|p2b: Whimsicott\n|\n|-sideend|p2: Chewe_60111|move: Tailwind\n|upkeep\n|\n|t:|1788243246\n|switch|p1b: Sneasler|Sneasler, L50, M|60/100\n|turn|10\n|inactive|Chewe_60111 has 30 seconds left.\n|-message|Chewe_60111 forfeited.\n|\n|win|kingsrowbajax\n","uploadtime":1788243272,"views":"0","formatid":"gen9championsvgc2026regmbbo3","rating":null,"private":0,"password":null}