{"id":"gen9championsvgc2026regmbbo3-2674457166","format":"[Gen 9 Champions] VGC 2026 Reg M-B (Bo3)","players":["Lordblakeob","Watawa"],"log":"|j|☆Lordblakeob\n|j|☆Watawa\n|html|<table width=\"100%\"><tr><td align=\"left\">Lordblakeob</td><td align=\"right\">Watawa</tr><tr><td align=\"left\"><i class=\"fa fa-circle-o\"></i> <i class=\"fa fa-circle-o\"></i> </td><td align=\"right\"><i class=\"fa fa-circle-o\"></i> <i class=\"fa fa-circle-o\"></i> </tr></table>\n|uhtml|bestof|<h2><strong>Game 1</strong> of <a href=\"/game-bestof3-gen9championsvgc2026regmbbo3-2674457165\">a best-of-3</a></h2>\n|t:|1788362083\n|gametype|doubles\n|player|p1|Lordblakeob|1|1040\n|player|p2|Watawa|170|1077\n|gen|9\n|tier|[Gen 9 Champions] VGC 2026 Reg M-B (Bo3)\n|rated|\n|rule|Species Clause: Limit one of each Pokémon\n|rule|Item Clause: Limit 1 of each item\n|clearpoke\n|poke|p1|Dragonite, L50, F|\n|poke|p1|Sneasler, L50, M|\n|poke|p1|Basculegion, L50, M|\n|poke|p1|Scrafty, L50, F|\n|poke|p1|Garchomp, L50, F|\n|poke|p1|Floette-Eternal, L50, F|\n|poke|p2|Metagross, L50, shiny|\n|poke|p2|Farigiraf, L50, F|\n|poke|p2|Whimsicott, L50, F|\n|poke|p2|Kommo-o, L50, M, shiny|\n|poke|p2|Basculegion, L50, M|\n|poke|p2|Incineroar, L50, F, shiny|\n|teampreview|4\n|showteam|p1|Dragonite||Dragoninite|Multiscale|DragonPulse,HeatWave,ExtremeSpeed,Protect|Modest||F|||50|]Sneasler||FocusSash|PoisonTouch|CloseCombat,DireClaw,FakeOut,Feint|Jolly||M|||50|]Basculegion||LifeOrb|Adaptability|WaveCrash,LastRespects,AquaJet,Protect|Adamant||M|||50|]Scrafty||ChopleBerry|Intimidate|FakeOut,Taunt,Coaching,KnockOff|Impish||F|||50|]Garchomp||ChoiceScarf|RoughSkin|DragonClaw,StompingTantrum,Earthquake,RockSlide|Adamant||F|||50|]Floette-Eternal||Floettite|FlowerVeil|Moonblast,DazzlingGleam,LightofRuin,Protect|Timid||F|||50|\n|showteam|p2|Metagross||Metagrossite|ClearBody|IronHead,PsychicFangs,StompingTantrum,Protect|Jolly|||||50|]Farigiraf||ColburBerry|ArmorTail|TwinBeam,HelpingHand,TrickRoom,Roar|Calm||F|||50|]Whimsicott||FocusSash|Prankster|Moonblast,Tailwind,Encore,Protect|Timid||F|||50|]Kommo-o||LifeOrb|Soundproof|ClangingScales,AuraSphere,VacuumWave,Protect|Timid||M|||50|]Basculegion||ChoiceScarf|Adaptability|WaveCrash,LastRespects,AquaJet,FlipTurn|Jolly||M|||50|]Incineroar||SitrusBerry|Intimidate|FakeOut,FlareBlitz,PartingShot,DarkestLariat|Impish||F|||50|\n|\n|t:|1788362135\n|teamsize|p1|4\n|teamsize|p2|4\n|start\n|switch|p1a: Sneasler|Sneasler, L50, M|100/100\n|switch|p1b: Scrafty|Scrafty, L50, F|100/100\n|switch|p2a: Whimsicott|Whimsicott, L50, F|100/100\n|switch|p2b: Incineroar|Incineroar, L50, F, shiny|100/100\n|-ability|p2b: Incineroar|Intimidate|boost\n|-unboost|p1a: Sneasler|atk|1\n|-unboost|p1b: Scrafty|atk|1\n|-ability|p1b: Scrafty|Intimidate|boost\n|-unboost|p2a: Whimsicott|atk|1\n|-unboost|p2b: Incineroar|atk|1\n|turn|1\n|\n|t:|1788362164\n|move|p2a: Whimsicott|Protect|p2a: Whimsicott\n|-singleturn|p2a: Whimsicott|Protect\n|move|p1a: Sneasler|Fake Out|p2b: Incineroar\n|-damage|p2b: Incineroar|92/100\n|cant|p2b: Incineroar|flinch\n|move|p1b: Scrafty|Taunt|p2a: Whimsicott\n|-activate|p2a: Whimsicott|move: Protect\n|\n|upkeep\n|turn|2\n|\n|t:|1788362186\n|move|p1a: Sneasler|Dire Claw|p2a: Whimsicott\n|-supereffective|p2a: Whimsicott|2\n|-enditem|p2a: Whimsicott|Focus Sash\n|-damage|p2a: Whimsicott|1/100\n|move|p2a: Whimsicott|Moonblast|p1a: Sneasler\n|-damage|p1a: Sneasler|64/100\n|-unboost|p1a: Sneasler|spa|1\n|move|p2b: Incineroar|Flare Blitz|p1a: Sneasler\n|-damage|p1a: Sneasler|7/100\n|-damage|p2b: Incineroar|77/100|[from] Recoil\n|move|p1b: Scrafty|Taunt|p2b: Incineroar\n|-start|p2b: Incineroar|move: Taunt\n|\n|upkeep\n|turn|3\n|\n|t:|1788362213\n|switch|p1a: Basculegion|Basculegion, L50, M|100/100\n|switch|p2a: Metagross|Metagross, L50, shiny|100/100\n|switch|p2b: Kommo-o|Kommo-o, L50, M, shiny|100/100\n|move|p1b: Scrafty|Coaching|p1a: Basculegion\n|-boost|p1a: Basculegion|atk|1\n|-boost|p1a: Basculegion|def|1\n|\n|upkeep\n|turn|4\n|\n|t:|1788362254\n|switch|p2a: Incineroar|Incineroar, L50, F, shiny|77/100\n|-ability|p2a: Incineroar|Intimidate|boost\n|-unboost|p1a: Basculegion|atk|1\n|-unboost|p1b: Scrafty|atk|1\n|move|p2b: Kommo-o|Clanging Scales|p1b: Scrafty|[spread] p1a,p1b\n|-damage|p1a: Basculegion|52/100\n|-damage|p1b: Scrafty|58/100\n|-unboost|p2b: Kommo-o|def|1\n|-damage|p2b: Kommo-o|90/100|[from] item: Life Orb\n|move|p1a: Basculegion|Last Respects|p2a: Incineroar\n|-resisted|p2a: Incineroar|1\n|-damage|p2a: Incineroar|62/100\n|-damage|p1a: Basculegion|42/100|[from] item: Life Orb\n|move|p1b: Scrafty|Knock Off|p2b: Kommo-o\n|-resisted|p2b: Kommo-o|1\n|-damage|p2b: Kommo-o|78/100\n|-enditem|p2b: Kommo-o|Life Orb|[from] move: Knock Off|[of] p1b: Scrafty\n|\n|upkeep\n|turn|5\n|inactive|Battle timer is ON: inactive players will automatically lose when time's up. (requested by Watawa)\n|\n|t:|1788362280\n|switch|p1a: Sneasler|Sneasler, L50, M|7/100\n|move|p2a: Incineroar|Fake Out|p1b: Scrafty\n|-damage|p1b: Scrafty|51/100\n|move|p2b: Kommo-o|Clanging Scales|p1b: Scrafty|[spread] p1a,p1b\n|-damage|p1a: Sneasler|0 fnt\n|-damage|p1b: Scrafty|24/100\n|faint|p1a: Sneasler\n|-unboost|p2b: Kommo-o|def|1\n|cant|p1b: Scrafty|flinch\n|\n|upkeep\n|\n|t:|1788362291\n|switch|p1a: Dragonite|Dragonite, L50, F|100/100\n|turn|6\n|inactive|Watawa has 30 seconds left.\n|\n|t:|1788362323\n|detailschange|p1a: Dragonite|Dragonite-Mega, L50, F\n|-mega|p1a: Dragonite|Dragonite|Dragoninite\n|move|p2b: Kommo-o|Protect|p2b: Kommo-o\n|-singleturn|p2b: Kommo-o|Protect\n|move|p1a: Dragonite|Extreme Speed|p2b: Kommo-o\n|-activate|p2b: Kommo-o|move: Protect\n|move|p2a: Incineroar|Darkest Lariat|p1a: Dragonite\n|-damage|p1a: Dragonite|85/100\n|move|p1b: Scrafty|Coaching|p1a: Dragonite\n|-boost|p1a: Dragonite|atk|1\n|-boost|p1a: Dragonite|def|1\n|\n|upkeep\n|turn|7\n|\n|t:|1788362348\n|switch|p2b: Metagross|Metagross, L50, shiny|100/100\n|move|p1a: Dragonite|Dragon Pulse|p2a: Incineroar\n|-damage|p2a: Incineroar|14/100\n|-enditem|p2a: Incineroar|Sitrus Berry|[eat]\n|-heal|p2a: Incineroar|39/100|[from] item: Sitrus Berry\n|move|p2a: Incineroar|Parting Shot|p1a: Dragonite\n|-unboost|p1a: Dragonite|atk|1\n|-unboost|p1a: Dragonite|spa|1\n|\n|t:|1788362368\n|switch|p2a: Kommo-o|Kommo-o, L50, M, shiny|78/100|[from] Parting Shot\n|move|p1b: Scrafty|Knock Off|p2b: Metagross\n|-supereffective|p2b: Metagross|1\n|-damage|p2b: Metagross|80/100\n|\n|upkeep\n|turn|8\n|inactive|Lordblakeob has 30 seconds left.\n|inactive|Watawa has 30 seconds left.\n|inactive|Lordblakeob has 20 seconds left.\n|inactive|Lordblakeob has 15 seconds left.\n|inactive|Lordblakeob has 10 seconds left.\n|inactive|Lordblakeob has 5 seconds left.\n|\n|t:|1788362423\n|switch|p1a: Basculegion|Basculegion, L50, M|42/100\n|detailschange|p2b: Metagross|Metagross-Mega, L50, shiny\n|-mega|p2b: Metagross|Metagross|Metagrossite\n|move|p2b: Metagross|Iron Head|p1b: Scrafty\n|-damage|p1b: Scrafty|0 fnt\n|faint|p1b: Scrafty\n|move|p2a: Kommo-o|Clanging Scales|p1a: Basculegion\n|-crit|p1a: Basculegion\n|-damage|p1a: Basculegion|0 fnt\n|faint|p1a: Basculegion\n|-unboost|p2a: Kommo-o|def|1\n|\n|upkeep\n|\n|t:|1788362433\n|switch|p1a: Dragonite|Dragonite-Mega, L50, F|85/100\n|turn|9\n|\n|t:|1788362441\n|move|p2b: Metagross|Psychic Fangs|p1a: Dragonite\n|-damage|p1a: Dragonite|29/100\n|move|p1a: Dragonite|Heat Wave|p2a: Kommo-o|[spread] p2a,p2b\n|-resisted|p2a: Kommo-o|1\n|-supereffective|p2b: Metagross|1\n|-damage|p2a: Kommo-o|62/100\n|-damage|p2b: Metagross|15/100\n|move|p2a: Kommo-o|Clanging Scales|p1a: Dragonite\n|-supereffective|p1a: Dragonite|1\n|-damage|p1a: Dragonite|0 fnt\n|faint|p1a: Dragonite\n|\n|win|Watawa\n||Watawa is ready for game 2.\n||Lordblakeob is ready for game 2.\n|uhtml|next|Next: <a href=\"/battle-gen9championsvgc2026regmbbo3-2674460382\"><strong>Game 2 of 3</strong></a>\n|l|☆Lordblakeob\n|player|p1|\n","uploadtime":1788362546,"views":"0","formatid":"gen9championsvgc2026regmbbo3","rating":null,"private":0,"password":null}