{"id":"gen9championsvgc2026regmb-2674913368","format":"[Gen 9 Champions] VGC 2026 Reg M-B","players":["gyarcanine","Thornlace48812"],"log":"|j|☆gyarcanine\n|j|☆Thornlace48812\n|t:|1788434861\n|gametype|doubles\n|player|p1|gyarcanine|lance|1098\n|player|p2|Thornlace48812|102|1110\n|gen|9\n|tier|[Gen 9 Champions] VGC 2026 Reg M-B\n|rated|\n|rule|Species Clause: Limit one of each Pokémon\n|rule|Item Clause: Limit 1 of each item\n|clearpoke\n|poke|p1|Swampert, L50, M|\n|poke|p1|Raichu, L50, F|\n|poke|p1|Rhyperior, L50, F|\n|poke|p1|Sceptile, L50, F|\n|poke|p1|Manectric, L50, F|\n|poke|p1|Bellibolt, L50, M|\n|poke|p2|Garchomp, L50, F|\n|poke|p2|Charizard, L50, M|\n|poke|p2|Whimsicott, L50, F|\n|poke|p2|Sylveon, L50, M|\n|poke|p2|Kingambit, L50, M|\n|poke|p2|Basculegion, L50, M|\n|teampreview|4\n|inactive|Battle timer is ON: inactive players will automatically lose when time's up. (requested by Thornlace48812)\n|inactive|gyarcanine also wants the timer to be on.\nThornlace48812 rejected open team sheets.\n|\n|t:|1788434885\n|teamsize|p1|4\n|teamsize|p2|4\n|start\n|switch|p1a: Raichu|Raichu, L50, F|100/100\n|switch|p1b: Bellibolt|Bellibolt, L50, M|100/100\n|switch|p2a: Whimsicott|Whimsicott, L50, F|100/100\n|switch|p2b: Garchomp|Garchomp, L50, F|100/100\n|turn|1\n|inactive|gyarcanine has 30 seconds left.\n|\n|t:|1788434911\n|switch|p1b: Swampert|Swampert, L50, M|100/100\n|detailschange|p1a: Raichu|Raichu-Mega-Y, L50, F\n|-mega|p1a: Raichu|Raichu|Raichunite Y\n|move|p1a: Raichu|Zap Cannon|p2a: Whimsicott\n|-resisted|p2a: Whimsicott|1\n|-damage|p2a: Whimsicott|40/100\n|-status|p2a: Whimsicott|par\n|move|p2b: Garchomp|Earthquake|p1a: Raichu|[spread] p2a,p1a,p1b\n|-resisted|p2a: Whimsicott|1\n|-supereffective|p1a: Raichu|1\n|-damage|p2a: Whimsicott|1/100 par\n|-damage|p1a: Raichu|0 fnt\n|-damage|p1b: Swampert|46/100\n|faint|p1a: Raichu\n|-damage|p2b: Garchomp|90/100|[from] item: Life Orb\n|move|p2a: Whimsicott|Moonblast|p1b: Swampert\n|-damage|p1b: Swampert|9/100\n|\n|upkeep\n|\n|t:|1788434931\n|switch|p1a: Sceptile|Sceptile, L50, F|100/100\n|turn|2\n|\n|t:|1788434950\n|move|p2a: Whimsicott|Tailwind|p2a: Whimsicott\n|-sidestart|p2: Thornlace48812|move: Tailwind\n|move|p2b: Garchomp|Earthquake|p1a: Sceptile|[spread] p2a,p1a,p1b\n|-resisted|p2a: Whimsicott|1\n|-resisted|p1a: Sceptile|1\n|-damage|p2a: Whimsicott|0 fnt\n|-damage|p1a: Sceptile|60/100\n|-damage|p1b: Swampert|0 fnt\n|faint|p2a: Whimsicott\n|faint|p1b: Swampert\n|-damage|p2b: Garchomp|80/100|[from] item: Life Orb\n|move|p1a: Sceptile|Giga Drain|p2b: Garchomp\n|-damage|p2b: Garchomp|41/100\n|-heal|p1a: Sceptile|85/100|[from] drain|[of] p2b: Garchomp\n|\n|upkeep\n|\n|t:|1788434962\n|switch|p2a: Sylveon|Sylveon, L50, M|100/100\n|switch|p1b: Bellibolt|Bellibolt, L50, M|100/100\n|turn|3\n|\n|t:|1788434977\n|move|p2b: Garchomp|Dragon Claw|p1a: Sceptile\n|-damage|p1a: Sceptile|0 fnt\n|faint|p1a: Sceptile\n|-damage|p2b: Garchomp|31/100|[from] item: Life Orb\n|move|p2a: Sylveon|Hyper Voice|p1b: Bellibolt\n|-damage|p1b: Bellibolt|54/100\n|-start|p1b: Bellibolt|Charge|Hyper Voice|[from] ability: Electromorphosis\n|move|p1b: Bellibolt|Thunderbolt|p2a: Sylveon\n|-damage|p2a: Sylveon|47/100\n|-end|p1b: Bellibolt|Charge|[silent]\n|\n|-heal|p1b: Bellibolt|60/100|[from] item: Leftovers\n|upkeep\n|turn|4\n|\n|t:|1788434981\n|move|p2a: Sylveon|Detect|p2a: Sylveon\n|-singleturn|p2a: Sylveon|Protect\n|move|p2b: Garchomp|Dragon Claw|p1b: Bellibolt\n|-damage|p1b: Bellibolt|13/100\n|-start|p1b: Bellibolt|Charge|Dragon Claw|[from] ability: Electromorphosis\n|-damage|p2b: Garchomp|22/100|[from] item: Life Orb\n|move|p1b: Bellibolt|Soak|p2b: Garchomp\n|-start|p2b: Garchomp|typechange|Water\n|\n|-heal|p1b: Bellibolt|19/100|[from] item: Leftovers\n|upkeep\n|turn|5\n|\n|t:|1788434993\n|move|p2b: Garchomp|Dragon Claw|p1b: Bellibolt\n|-damage|p1b: Bellibolt|0 fnt\n|faint|p1b: Bellibolt\n|-damage|p2b: Garchomp|12/100|[from] item: Life Orb\n|\n|win|Thornlace48812\n|raw|gyarcanine's rating: 1098 &rarr; <strong>1075</strong><br />(-23 for losing)\n|raw|Thornlace48812's rating: 1127 &rarr; <strong>1150</strong><br />(+23 for winning)\n","uploadtime":1788434994,"views":"1","formatid":"gen9championsvgc2026regmb","rating":1075,"private":0,"password":null}