{"id":"gen9championsvgc2026regmbbo3-2673949429","format":"[Gen 9 Champions] VGC 2026 Reg M-B (Bo3)","players":["izystrong","DINOLONK"],"log":"|j|☆izystrong\n|j|☆DINOLONK\n|html|<table width=\"100%\"><tr><td align=\"left\">izystrong</td><td align=\"right\">DINOLONK</tr><tr><td align=\"left\"><i class=\"fa fa-circle\"></i> <i class=\"fa fa-circle-o\"></i> </td><td align=\"right\"><i class=\"fa fa-circle-o\"></i> <i class=\"fa fa-circle\"></i> </tr></table>\n|uhtml|bestof|<h2><strong>Game 3</strong> of <a href=\"/game-bestof3-gen9championsvgc2026regmbbo3-2673944977\">a best-of-3</a></h2>\n|t:|1788280768\n|gametype|doubles\n|player|p1|izystrong|2|1129\n|player|p2|DINOLONK|parasollady-gen4|1291\n|gen|9\n|tier|[Gen 9 Champions] VGC 2026 Reg M-B (Bo3)\n|rated|\n|rule|Species Clause: Limit one of each Pokémon\n|rule|Item Clause: Limit 1 of each item\n|clearpoke\n|poke|p1|Raichu, L50, M|\n|poke|p1|Staraptor, L50, F|\n|poke|p1|Arcanine-Hisui, L50, F|\n|poke|p1|Farigiraf, L50, M|\n|poke|p1|Sylveon, L50, M|\n|poke|p1|Scizor, L50, M|\n|poke|p2|Dragonite, L50, M|\n|poke|p2|Sneasler, L50, M|\n|poke|p2|Kingambit, L50, F|\n|poke|p2|Basculegion, L50, M|\n|poke|p2|Whimsicott, L50, M|\n|poke|p2|Floette-Eternal, L50, F|\n|teampreview|4\n|showteam|p1|Raichu||RaichuniteY|LightningRod|ZapCannon,FocusBlast,FakeOut,Protect|Timid||M|||50|]Staraptor||Staraptite|Intimidate|CloseCombat,DualWingbeat,Tailwind,Protect|Jolly||F|||50|]Arcanine-Hisui||FocusSash|Intimidate|FlareBlitz,HeadSmash,ExtremeSpeed,Protect|Jolly||F|||50|]Farigiraf||SitrusBerry|CudChew|Psychic,EnergyBall,TrickRoom,Protect|Calm||M|||50|]Sylveon||FairyFeather|Pixilate|HyperVoice,QuickAttack,HyperBeam,Protect|Modest||M|||50|]Scizor||LifeOrb|Technician|BulletPunch,BugBite,SwordsDance,Protect|Adamant||M|||50|\n|showteam|p2|Dragonite||Dragoninite|InnerFocus|DragonPulse,HeatWave,Thunderbolt,Protect|Modest||M|||50|]Sneasler||WhiteHerb|Unburden|DireClaw,CloseCombat,RockSlide,FakeOut|Jolly||M|||50|]Kingambit||ChopleBerry|Defiant|KowtowCleave,SuckerPunch,LowKick,IronHead|Adamant||F|||50|]Basculegion||LifeOrb|Adaptability|WaveCrash,LastRespects,AquaJet,Protect|Adamant||M|||50|]Whimsicott||FocusSash|Prankster|Moonblast,Tailwind,Encore,Protect|Timid||M|||50|]Floette-Eternal||Floettite|FlowerVeil|Moonblast,DazzlingGleam,LightofRuin,Protect|Timid||F|||50|\n|inactive|Battle timer is ON: inactive players will automatically lose when time's up. (requested by DINOLONK)\n|inactive|izystrong has 60 seconds left.\n|\n|t:|1788280800\n|teamsize|p1|4\n|teamsize|p2|4\n|start\n|switch|p1a: Staraptor|Staraptor, L50, F|100/100\n|switch|p1b: Arcanine|Arcanine-Hisui, L50, F|100/100\n|switch|p2a: Dragonite|Dragonite, L50, M|100/100\n|switch|p2b: Whimsicott|Whimsicott, L50, M|100/100\n|-ability|p1a: Staraptor|Intimidate|boost\n|-fail|p2a: Dragonite|unboost|Attack|[from] ability: Inner Focus|[of] p2a: Dragonite\n|-unboost|p2b: Whimsicott|atk|1\n|-ability|p1b: Arcanine|Intimidate|boost\n|-fail|p2a: Dragonite|unboost|Attack|[from] ability: Inner Focus|[of] p2a: Dragonite\n|-unboost|p2b: Whimsicott|atk|1\n|turn|1\n|inactive|izystrong has 30 seconds left.\n|\n|t:|1788280834\n|detailschange|p1a: Staraptor|Staraptor-Mega, L50, F\n|-mega|p1a: Staraptor|Staraptor|Staraptite\n|detailschange|p2a: Dragonite|Dragonite-Mega, L50, M\n|-mega|p2a: Dragonite|Dragonite|Dragoninite\n|move|p2b: Whimsicott|Tailwind|p2b: Whimsicott\n|-sidestart|p2: DINOLONK|move: Tailwind\n|move|p2a: Dragonite|Thunderbolt|p1a: Staraptor\n|-supereffective|p1a: Staraptor|1\n|-damage|p1a: Staraptor|22/100\n|move|p1a: Staraptor|Tailwind|p1a: Staraptor\n|-sidestart|p1: izystrong|move: Tailwind\n|move|p1b: Arcanine|Head Smash|p2a: Dragonite\n|-supereffective|p2a: Dragonite|1\n|-damage|p2a: Dragonite|35/100\n|-damage|p1b: Arcanine|68/100|[from] Recoil\n|\n|upkeep\n|turn|2\n|inactive|izystrong has 30 seconds left.\n|inactive|izystrong has 20 seconds left.\n|\n|t:|1788280871\n|move|p2b: Whimsicott|Encore|p1a: Staraptor\n|-start|p1a: Staraptor|Encore\n|move|p1a: Staraptor|Tailwind||[still]\n|-fail|p1a: Staraptor\n|move|p1b: Arcanine|Head Smash|p2a: Dragonite\n|-supereffective|p2a: Dragonite|1\n|-damage|p2a: Dragonite|0 fnt\n|faint|p2a: Dragonite\n|-damage|p1b: Arcanine|51/100|[from] Recoil\n|\n|upkeep\n|\n|t:|1788280880\n|switch|p2a: Basculegion|Basculegion, L50, M|100/100\n|turn|3\n|\n|t:|1788280892\n|switch|p1a: Scizor|Scizor, L50, M|100/100\n|switch|p1b: Sylveon|Sylveon, L50, M|100/100\n|move|p2b: Whimsicott|Moonblast|p1a: Scizor\n|-resisted|p1a: Scizor|1\n|-damage|p1a: Scizor|80/100\n|-unboost|p1a: Scizor|spa|1\n|move|p2a: Basculegion|Last Respects|p1b: Sylveon\n|-damage|p1b: Sylveon|13/100\n|-damage|p2a: Basculegion|90/100|[from] item: Life Orb\n|\n|upkeep\n|turn|4\n|\n|t:|1788280916\n|move|p2b: Whimsicott|Protect|p2b: Whimsicott\n|-singleturn|p2b: Whimsicott|Protect\n|move|p2a: Basculegion|Aqua Jet|p1b: Sylveon\n|-damage|p1b: Sylveon|0 fnt\n|faint|p1b: Sylveon\n|-damage|p2a: Basculegion|80/100|[from] item: Life Orb\n|move|p1a: Scizor|Swords Dance|p1a: Scizor\n|-boost|p1a: Scizor|atk|2\n|\n|-sideend|p2: DINOLONK|move: Tailwind\n|-sideend|p1: izystrong|move: Tailwind\n|upkeep\n|\n|t:|1788280927\n|switch|p1b: Arcanine|Arcanine-Hisui, L50, F|51/100\n|-ability|p1b: Arcanine|Intimidate|boost\n|-unboost|p2a: Basculegion|atk|1\n|-unboost|p2b: Whimsicott|atk|1\n|turn|5\n|\n|t:|1788280940\n|move|p1b: Arcanine|Extreme Speed|p2b: Whimsicott\n|-crit|p2b: Whimsicott\n|-damage|p2b: Whimsicott|46/100\n|move|p2b: Whimsicott|Encore|p1a: Scizor\n|-start|p1a: Scizor|Encore\n|move|p2a: Basculegion|Aqua Jet|p1b: Arcanine\n|-supereffective|p1b: Arcanine|2\n|-damage|p1b: Arcanine|0 fnt\n|faint|p1b: Arcanine\n|-damage|p2a: Basculegion|70/100|[from] item: Life Orb\n|move|p1a: Scizor|Swords Dance|p1a: Scizor\n|-boost|p1a: Scizor|atk|2\n|\n|upkeep\n|\n|t:|1788280952\n|switch|p1b: Staraptor|Staraptor-Mega, L50, F|22/100\n|turn|6\n|\n|t:|1788280973\n|move|p1b: Staraptor|Protect|p1b: Staraptor\n|-singleturn|p1b: Staraptor|Protect\n|move|p2b: Whimsicott|Tailwind|p2b: Whimsicott\n|-sidestart|p2: DINOLONK|move: Tailwind\n|move|p2a: Basculegion|Last Respects|p1b: Staraptor\n|-activate|p1b: Staraptor|move: Protect\n|move|p1a: Scizor|Swords Dance|p1a: Scizor\n|-boost|p1a: Scizor|atk|2\n|\n|upkeep\n|turn|7\n|\n|t:|1788280992\n|move|p2b: Whimsicott|Moonblast|p1a: Scizor\n|-resisted|p1a: Scizor|1\n|-damage|p1a: Scizor|57/100\n|-unboost|p1a: Scizor|spa|1\n|move|p2a: Basculegion|Last Respects|p1b: Staraptor\n|-damage|p1b: Staraptor|0 fnt\n|faint|p1b: Staraptor\n|-damage|p2a: Basculegion|61/100|[from] item: Life Orb\n|move|p1a: Scizor|Swords Dance|p1a: Scizor\n|-boost|p1a: Scizor|atk|0\n|\n|-end|p1a: Scizor|Encore\n|upkeep\n|turn|8\n|\n|t:|1788281009\n|move|p2b: Whimsicott|Encore|p1a: Scizor\n|-start|p1a: Scizor|Encore\n|move|p2a: Basculegion|Last Respects|p1a: Scizor\n|-crit|p1a: Scizor\n|-damage|p1a: Scizor|0 fnt\n|faint|p1a: Scizor\n|-damage|p2a: Basculegion|51/100|[from] item: Life Orb\n|\n|win|DINOLONK\n|raw|izystrong's rating: 1129 &rarr; <strong>1115</strong><br />(-14 for losing)\n|raw|DINOLONK's rating: 1291 &rarr; <strong>1305</strong><br />(+14 for winning)\n","uploadtime":1788281010,"views":"0","formatid":"gen9championsvgc2026regmbbo3","rating":1115,"private":0,"password":null}