{"id":"gen9championsvgc2026regmb-2674028530","format":"[Gen 9 Champions] VGC 2026 Reg M-B","players":["psychowarz","Sores"],"log":"|j|☆psychowarz\n|j|☆Sores\n|t:|1788290033\n|gametype|doubles\n|player|p1|psychowarz|guitarist-gen4|1410\n|player|p2|Sores|veteran|1540\n|gen|9\n|tier|[Gen 9 Champions] VGC 2026 Reg M-B\n|rated|\n|rule|Species Clause: Limit one of each Pokémon\n|rule|Item Clause: Limit 1 of each item\n|clearpoke\n|poke|p1|Charizard, L50, M|\n|poke|p1|Kingambit, L50, M|\n|poke|p1|Garchomp, L50, F|\n|poke|p1|Farigiraf, L50, F|\n|poke|p1|Whimsicott, L50, F|\n|poke|p1|Metagross, L50|\n|poke|p2|Arcanine-Hisui, L50, M|\n|poke|p2|Whimsicott, L50, M|\n|poke|p2|Floette-Eternal, L50, F|\n|poke|p2|Sneasler, L50, M|\n|poke|p2|Basculegion, L50, M|\n|poke|p2|Staraptor, L50, F|\n|teampreview|4\n|\n|t:|1788290059\n|teamsize|p1|4\n|teamsize|p2|4\n|start\n|switch|p1a: Whimsicott|Whimsicott, L50, F|100/100\n|switch|p1b: Garchomp|Garchomp, L50, F|100/100\n|switch|p2a: Arcanine|Arcanine-Hisui, L50, M|100/100\n|switch|p2b: Whimsicott|Whimsicott, L50, M|100/100\n|turn|1\n|inactive|Battle timer is ON: inactive players will automatically lose when time's up. (requested by psychowarz)\n|\n|t:|1788290073\n|move|p2a: Arcanine|Protect|p2a: Arcanine\n|-singleturn|p2a: Arcanine|Protect\n|move|p1a: Whimsicott|Tailwind|p1a: Whimsicott\n|-sidestart|p1: psychowarz|move: Tailwind\n|move|p1b: Garchomp|Rock Slide|p2a: Arcanine|[spread] p2b\n|-activate|p2a: Arcanine|move: Protect\n|-damage|p2b: Whimsicott|58/100\n|-damage|p1b: Garchomp|90/100|[from] item: Life Orb\n|move|p2b: Whimsicott|Moonblast|p1b: Garchomp\n|-supereffective|p1b: Garchomp|1\n|-crit|p1b: Garchomp\n|-damage|p1b: Garchomp|0 fnt\n|faint|p1b: Garchomp\n|\n|upkeep\n|\n|t:|1788290078\n|switch|p1b: Metagross|Metagross, L50|100/100\n|turn|2\n|\n|t:|1788290094\n|move|p2b: Whimsicott|Protect|p2b: Whimsicott\n|-singleturn|p2b: Whimsicott|Protect\n|move|p1a: Whimsicott|Encore|p2a: Arcanine\n|-start|p2a: Arcanine|Encore\n|move|p2a: Arcanine|Protect||[still]\n|-fail|p2a: Arcanine\n|move|p1b: Metagross|Meteor Mash|p2b: Whimsicott\n|-activate|p2b: Whimsicott|move: Protect\n|\n|upkeep\n|turn|3\n|\n|t:|1788290106\n|switch|p2b: Sneasler|Sneasler, L50, M|100/100\n|switch|p2a: Basculegion|Basculegion, L50, M|100/100\n|move|p1a: Whimsicott|Encore||[still]\n|-fail|p1a: Whimsicott\n|move|p1b: Metagross|Meteor Mash|p2a: Basculegion\n|-resisted|p2a: Basculegion|1\n|-damage|p2a: Basculegion|71/100\n|-boost|p1b: Metagross|atk|1\n|\n|upkeep\n|turn|4\n|inactive|Sores has 30 seconds left.\n|\n|t:|1788290135\n|switch|p1a: Farigiraf|Farigiraf, L50, F|100/100\n|detailschange|p1b: Metagross|Metagross-Mega, L50\n|-mega|p1b: Metagross|Metagross|Metagrossite\n|move|p2b: Sneasler|Fake Out||[still]\n|cant|p1a: Farigiraf|ability: Armor Tail|Fake Out|[of] p2b: Sneasler\n|move|p1b: Metagross|Psychic Fangs|p2a: Basculegion\n|-damage|p2a: Basculegion|0 fnt\n|faint|p2a: Basculegion\n|\n|-sideend|p1: psychowarz|move: Tailwind\n|upkeep\n|\n|t:|1788290146\n|switch|p2a: Arcanine|Arcanine-Hisui, L50, M|100/100\n|turn|5\n|\n|t:|1788290163\n|move|p1b: Metagross|Protect|p1b: Metagross\n|-singleturn|p1b: Metagross|Protect\n|move|p2b: Sneasler|Close Combat|p1b: Metagross\n|-activate|p1b: Metagross|move: Protect\n|move|p2a: Arcanine|Flare Blitz|p1b: Metagross\n|-activate|p1b: Metagross|move: Protect\n|move|p1a: Farigiraf|Psychic|p2a: Arcanine\n|-damage|p2a: Arcanine|52/100\n|\n|upkeep\n|turn|6\n|\n|t:|1788290177\n|move|p2a: Arcanine|Protect|p2a: Arcanine\n|-singleturn|p2a: Arcanine|Protect\n|move|p1b: Metagross|Psychic Fangs|p2a: Arcanine\n|-activate|p2a: Arcanine|move: Protect\n|move|p2b: Sneasler|Close Combat|p1b: Metagross\n|-damage|p1b: Metagross|47/100\n|-unboost|p2b: Sneasler|def|1\n|-unboost|p2b: Sneasler|spd|1\n|-enditem|p2b: Sneasler|White Herb\n|-clearnegativeboost|p2b: Sneasler|[silent]\n|move|p1a: Farigiraf|Psychic|p2b: Sneasler\n|-supereffective|p2b: Sneasler|2\n|-damage|p2b: Sneasler|0 fnt\n|faint|p2b: Sneasler\n|\n|upkeep\n|\n|t:|1788290188\n|switch|p2b: Whimsicott|Whimsicott, L50, M|58/100\n|turn|7\n|\n|t:|1788290196\n|move|p1b: Metagross|Protect|p1b: Metagross\n|-singleturn|p1b: Metagross|Protect\n|move|p2b: Whimsicott|Moonblast|p1a: Farigiraf\n|-damage|p1a: Farigiraf|70/100\n|move|p2a: Arcanine|Head Smash|p1a: Farigiraf\n|-damage|p1a: Farigiraf|1/100\n|-enditem|p1a: Farigiraf|Sitrus Berry|[eat]\n|-heal|p1a: Farigiraf|25/100|[from] item: Sitrus Berry\n|move|p1a: Farigiraf|Psychic|p2b: Whimsicott\n|-damage|p2b: Whimsicott|1/100\n|\n|upkeep\n|turn|8\n|\n|t:|1788290210\n|switch|p1b: Whimsicott|Whimsicott, L50, F|100/100\n|move|p2b: Whimsicott|Tailwind|p2b: Whimsicott\n|-sidestart|p2: Sores|move: Tailwind\n|move|p2a: Arcanine|Flare Blitz|p1b: Whimsicott\n|-supereffective|p1b: Whimsicott|1\n|-enditem|p1b: Whimsicott|Focus Sash\n|-damage|p1b: Whimsicott|1/100\n|move|p1a: Farigiraf|Psychic|p2b: Whimsicott\n|-damage|p2b: Whimsicott|0 fnt\n|faint|p2b: Whimsicott\n|\n|upkeep\n|turn|9\n|\n|t:|1788290221\n|move|p1b: Whimsicott|Tailwind|p1b: Whimsicott\n|-sidestart|p1: psychowarz|move: Tailwind\n|move|p2a: Arcanine|Flare Blitz|p1a: Farigiraf\n|-damage|p1a: Farigiraf|0 fnt\n|faint|p1a: Farigiraf\n|\n|upkeep\n|\n|t:|1788290224\n|switch|p1a: Metagross|Metagross-Mega, L50|47/100\n|turn|10\n|\n|t:|1788290229\n|move|p1a: Metagross|Psychic Fangs|p2a: Arcanine\n|-damage|p2a: Arcanine|0 fnt\n|faint|p2a: Arcanine\n|\n|win|psychowarz\n|raw|psychowarz's rating: 1410 &rarr; <strong>1437</strong><br />(+27 for winning)\n|raw|Sores's rating: 1540 &rarr; <strong>1513</strong><br />(-27 for losing)\n|l|☆Sores\n|player|p2|\n","uploadtime":1788290234,"views":"1","formatid":"gen9championsvgc2026regmb","rating":1437,"private":0,"password":null}