{"id":"gen9championsvgc2026regmb-2674762067","format":"[Gen 9 Champions] VGC 2026 Reg M-B","players":["TrezzX","Brmo1031"],"log":"|j|☆TrezzX\n|j|☆Brmo1031\n|t:|1788402178\n|gametype|doubles\n|player|p1|TrezzX|caitlin|1334\n|player|p2|Brmo1031|hiker-gen4|1301\n|gen|9\n|tier|[Gen 9 Champions] VGC 2026 Reg M-B\n|rated|\n|rule|Species Clause: Limit one of each Pokémon\n|rule|Item Clause: Limit 1 of each item\n|clearpoke\n|poke|p1|Bellibolt, L50, F|\n|poke|p1|Pelipper, L50, M|\n|poke|p1|Swampert, L50, M|\n|poke|p1|Tsareena, L50, F|\n|poke|p1|Archaludon, L50, F, shiny|\n|poke|p1|Infernape, L50, F|\n|poke|p2|Delphox, L50, M|\n|poke|p2|Garchomp, L50, F|\n|poke|p2|Kingambit, L50, M|\n|poke|p2|Sneasler, L50, F|\n|poke|p2|Metagross, L50|\n|poke|p2|Dragonite, L50, F|\n|teampreview|4\n|inactive|Battle timer is ON: inactive players will automatically lose when time's up. (requested by Brmo1031)\n|inactive|TrezzX has 60 seconds left.\n|inactive|Brmo1031 has 60 seconds left.\n|\n|t:|1788402215\n|teamsize|p1|4\n|teamsize|p2|4\n|start\n|switch|p1a: Tsareena|Tsareena, L50, F|100/100\n|switch|p1b: Swampert|Swampert, L50, M|100/100\n|switch|p2a: Garchomp|Garchomp, L50, F|100/100\n|switch|p2b: Metagross|Metagross, L50|100/100\n|turn|1\n|inactive|TrezzX has 30 seconds left.\n|\n|t:|1788402243\n|detailschange|p2b: Metagross|Metagross-Mega, L50\n|-mega|p2b: Metagross|Metagross|Metagrossite\n|move|p1b: Swampert|Protect|p1b: Swampert\n|-singleturn|p1b: Swampert|Protect\n|move|p2a: Garchomp|Stomping Tantrum|p1b: Swampert\n|-activate|p1b: Swampert|move: Protect\n|move|p1a: Tsareena|Triple Axel|p2a: Garchomp\n|-supereffective|p2a: Garchomp|2\n|-damage|p2a: Garchomp|74/100\n|-damage|p1a: Tsareena|87/100|[from] ability: Rough Skin|[of] p2a: Garchomp\n|-hitcount|p2a: Garchomp|1\n|move|p2b: Metagross|Psychic Fangs|p1b: Swampert\n|-activate|p1b: Swampert|move: Protect\n|\n|upkeep\n|turn|2\n|inactive|TrezzX has 30 seconds left.\n|\n|t:|1788402269\n|switch|p1b: Pelipper|Pelipper, L50, M|100/100\n|-weather|RainDance|[from] ability: Drizzle|[of] p1b: Pelipper\n|move|p2a: Garchomp|Stomping Tantrum|p1a: Tsareena\n|-resisted|p1a: Tsareena|1\n|-damage|p1a: Tsareena|63/100\n|move|p1a: Tsareena|Triple Axel|p2a: Garchomp\n|-supereffective|p2a: Garchomp|2\n|-damage|p2a: Garchomp|46/100\n|-damage|p1a: Tsareena|51/100|[from] ability: Rough Skin|[of] p2a: Garchomp\n|-supereffective|p2a: Garchomp|2\n|-damage|p2a: Garchomp|0 fnt\n|-damage|p1a: Tsareena|39/100|[from] ability: Rough Skin|[of] p2a: Garchomp\n|faint|p2a: Garchomp\n|-hitcount|p2: Garchomp|2\n|move|p2b: Metagross|Psychic Fangs|p1a: Tsareena\n|-damage|p1a: Tsareena|0 fnt\n|faint|p1a: Tsareena\n|\n|-weather|RainDance|[upkeep]\n|upkeep\n|\n|t:|1788402287\n|switch|p2a: Dragonite|Dragonite, L50, F|100/100\n|switch|p1a: Swampert|Swampert, L50, M|100/100\n|turn|3\n|\n|t:|1788402306\n|switch|p1b: Archaludon|Archaludon, L50, F, shiny|100/100\n|detailschange|p1a: Swampert|Swampert-Mega, L50, M\n|-mega|p1a: Swampert|Swampert|Swampertite\n|move|p2b: Metagross|Protect|p2b: Metagross\n|-singleturn|p2b: Metagross|Protect\n|move|p1a: Swampert|Ice Punch|p2a: Dragonite\n|-supereffective|p2a: Dragonite|2\n|-damage|p2a: Dragonite|0 fnt\n|faint|p2a: Dragonite\n|\n|-weather|RainDance|[upkeep]\n|upkeep\n|\n|t:|1788402314\n|switch|p2a: Sneasler|Sneasler, L50, F|100/100\n|turn|4\n|\n|t:|1788402326\n|move|p1a: Swampert|Protect|p1a: Swampert\n|-singleturn|p1a: Swampert|Protect\n|move|p1b: Archaludon|Protect|p1b: Archaludon\n|-singleturn|p1b: Archaludon|Protect\n|move|p2a: Sneasler|Fake Out|p1a: Swampert\n|-activate|p1a: Swampert|move: Protect\n|move|p2b: Metagross|Psychic Fangs|p1a: Swampert\n|-activate|p1a: Swampert|move: Protect\n|\n|-weather|RainDance|[upkeep]\n|upkeep\n|turn|5\n|\n|t:|1788402350\n|switch|p1b: Pelipper|Pelipper, L50, M|100/100\n|move|p2b: Metagross|Protect|p2b: Metagross\n|-singleturn|p2b: Metagross|Protect\n|move|p1a: Swampert|Earthquake|p2b: Metagross|[spread] p2a\n|-activate|p2b: Metagross|move: Protect\n|-immune|p1b: Pelipper\n|-supereffective|p2a: Sneasler|1\n|-enditem|p2a: Sneasler|Focus Sash\n|-damage|p2a: Sneasler|1/100\n|move|p2a: Sneasler|Coaching|p2b: Metagross\n|-boost|p2b: Metagross|atk|1\n|-boost|p2b: Metagross|def|1\n|\n|-weather|RainDance|[upkeep]\n|upkeep\n|turn|6\n|inactive|TrezzX has 30 seconds left.\n|\n|t:|1788402383\n|move|p1a: Swampert|Protect|p1a: Swampert\n|-singleturn|p1a: Swampert|Protect\n|move|p2a: Sneasler|Coaching|p2b: Metagross\n|-boost|p2b: Metagross|atk|1\n|-boost|p2b: Metagross|def|1\n|move|p2b: Metagross|Psychic Fangs|p1a: Swampert\n|-activate|p1a: Swampert|move: Protect\n|move|p1b: Pelipper|Weather Ball|p2a: Sneasler\n|-damage|p2a: Sneasler|0 fnt\n|faint|p2a: Sneasler\n|-damage|p1b: Pelipper|90/100|[from] item: Life Orb\n|\n|-weather|none\n|upkeep\n|turn|7\n|\n|t:|1788402399\n|move|p2b: Metagross|Psychic Fangs|p1a: Swampert\n|-damage|p1a: Swampert|0 fnt\n|faint|p1a: Swampert\n|move|p1b: Pelipper|Hurricane|p2b: Metagross|[miss]\n|-miss|p1b: Pelipper|p2b: Metagross\n|\n|upkeep\n|\n|t:|1788402404\n|switch|p1a: Archaludon|Archaludon, L50, F, shiny|100/100\n|turn|8\n|\n|t:|1788402417\n|move|p2b: Metagross|Body Press|p1a: Archaludon\n|-supereffective|p1a: Archaludon|1\n|-damage|p1a: Archaludon|5/100\n|-ability|p1a: Archaludon|Stamina|boost\n|-boost|p1a: Archaludon|def|1\n|move|p1a: Archaludon|Dragon Pulse|p2b: Metagross\n|-resisted|p2b: Metagross|1\n|-damage|p2b: Metagross|79/100\n|move|p1b: Pelipper|Hurricane|p2b: Metagross|[miss]\n|-miss|p1b: Pelipper|p2b: Metagross\n|\n|-heal|p1a: Archaludon|11/100|[from] item: Leftovers\n|upkeep\n|turn|9\n|\n|t:|1788402428\n|move|p1a: Archaludon|Protect|p1a: Archaludon\n|-singleturn|p1a: Archaludon|Protect\n|move|p2b: Metagross|Psychic Fangs|p1a: Archaludon\n|-activate|p1a: Archaludon|move: Protect\n|move|p1b: Pelipper|Hurricane|p2b: Metagross\n|-resisted|p2b: Metagross|1\n|-damage|p2b: Metagross|49/100\n|-damage|p1b: Pelipper|80/100|[from] item: Life Orb\n|\n|-heal|p1a: Archaludon|17/100|[from] item: Leftovers\n|upkeep\n|turn|10\n|\n|t:|1788402439\n|move|p2b: Metagross|Psychic Fangs|p1b: Pelipper\n|-damage|p1b: Pelipper|0 fnt\n|faint|p1b: Pelipper\n|move|p1a: Archaludon|Dragon Pulse|p2b: Metagross\n|-resisted|p2b: Metagross|1\n|-damage|p2b: Metagross|29/100\n|\n|-heal|p1a: Archaludon|23/100|[from] item: Leftovers\n|upkeep\n|turn|11\n|\n|t:|1788402447\n|move|p2b: Metagross|Body Press|p1a: Archaludon\n|-supereffective|p1a: Archaludon|1\n|-damage|p1a: Archaludon|0 fnt\n|faint|p1a: Archaludon\n|\n|win|Brmo1031\n|raw|TrezzX's rating: 1334 &rarr; <strong>1312</strong><br />(-22 for losing)\n|raw|Brmo1031's rating: 1301 &rarr; <strong>1323</strong><br />(+22 for winning)\n","uploadtime":1788402453,"views":"12","formatid":"gen9championsvgc2026regmb","rating":1312,"private":0,"password":null}