{"id":"gen9championsvgc2026regmbbo3-2674894530","format":"[Gen 9 Champions] VGC 2026 Reg M-B (Bo3)","players":["bl4ckdri","simioini"],"log":"|j|☆bl4ckdri\n|j|☆simioini\n|html|<table width=\"100%\"><tr><td align=\"left\">bl4ckdri</td><td align=\"right\">simioini</tr><tr><td align=\"left\"><i class=\"fa fa-circle\"></i> <i class=\"fa fa-circle-o\"></i> </td><td align=\"right\"><i class=\"fa fa-circle-o\"></i> <i class=\"fa fa-circle\"></i> </tr></table>\n|uhtml|bestof|<h2><strong>Game 3</strong> of <a href=\"/game-bestof3-gen9championsvgc2026regmbbo3-2674891904\">a best-of-3</a></h2>\n|t:|1788431049\n|gametype|doubles\n|player|p1|bl4ckdri|2|1353\n|player|p2|simioini|169|1254\n|gen|9\n|tier|[Gen 9 Champions] VGC 2026 Reg M-B (Bo3)\n|rated|\n|rule|Species Clause: Limit one of each Pokémon\n|rule|Item Clause: Limit 1 of each item\n|clearpoke\n|poke|p1|Charizard, L50, F|\n|poke|p1|Garchomp, L50, F|\n|poke|p1|Toxapex, L50, M|\n|poke|p1|Venusaur, L50, F|\n|poke|p1|Sylveon, L50, F|\n|poke|p1|Incineroar, L50, M|\n|poke|p2|Charizard, L50, F|\n|poke|p2|Whimsicott, L50, M|\n|poke|p2|Garchomp, L50, F|\n|poke|p2|Floette-Eternal, L50, F|\n|poke|p2|Kingambit, L50, M|\n|poke|p2|Basculegion, L50, M|\n|teampreview|4\n|showteam|p1|Charizard||CharizarditeY|Blaze|WeatherBall,SolarBeam,HeatWave,Protect|Modest||F|||50|]Garchomp||ChoiceScarf|RoughSkin|DragonClaw,Earthquake,RockSlide,StompingTantrum|Adamant||F|||50|]Toxapex||Leftovers|Regenerator|BanefulBunker,Toxic,Infestation,WideGuard|Bold||M|||50|]Venusaur||FocusSash|Chlorophyll|SleepPowder,Protect,SludgeBomb,EarthPower|Timid||F|||50|]Sylveon||FairyFeather|Pixilate|HyperBeam,HyperVoice,QuickAttack,Protect|Modest||F|||50|]Incineroar||SitrusBerry|Intimidate|FakeOut,Protect,PartingShot,FlareBlitz|Careful||M|||50|\n|showteam|p2|Charizard||CharizarditeY|Blaze|HeatWave,WeatherBall,AncientPower,Protect|Timid||F|||50|]Whimsicott||FocusSash|Prankster|Moonblast,Tailwind,Encore,Protect|Timid||M|||50|]Garchomp||SitrusBerry|RoughSkin|Earthquake,DragonClaw,RockSlide,Protect|Jolly||F|||50|]Floette-Eternal||Floettite|FlowerVeil|DazzlingGleam,Moonblast,LightofRuin,Protect|Modest||F|||50|]Kingambit||OccaBerry|Defiant|KowtowCleave,IronHead,SuckerPunch,LowKick|Adamant||M|||50|]Basculegion||LifeOrb|Adaptability|WaveCrash,LastRespects,AquaJet,Protect|Adamant||M|||50|\n|\n|t:|1788431078\n|teamsize|p1|4\n|teamsize|p2|4\n|start\n|switch|p1a: Toxapex|Toxapex, L50, M|100/100\n|switch|p1b: Incineroar|Incineroar, L50, M|100/100\n|switch|p2a: Charizard|Charizard, L50, F|100/100\n|switch|p2b: Whimsicott|Whimsicott, L50, M|100/100\n|-ability|p1b: Incineroar|Intimidate|boost\n|-unboost|p2a: Charizard|atk|1\n|-unboost|p2b: Whimsicott|atk|1\n|turn|1\n|\n|t:|1788431102\n|switch|p2a: Basculegion|Basculegion, L50, M|100/100\n|move|p2b: Whimsicott|Protect|p2b: Whimsicott\n|-singleturn|p2b: Whimsicott|Protect\n|move|p1b: Incineroar|Fake Out|p2b: Whimsicott\n|-activate|p2b: Whimsicott|move: Protect\n|move|p1a: Toxapex|Infestation|p2a: Basculegion\n|-resisted|p2a: Basculegion|1\n|-damage|p2a: Basculegion|98/100\n|-activate|p2a: Basculegion|move: Infestation|[of] p1a: Toxapex\n|\n|-damage|p2a: Basculegion|86/100|[from] move: Infestation|[partiallytrapped]\n|upkeep\n|turn|2\n|\n|t:|1788431122\n|move|p1b: Incineroar|Protect|p1b: Incineroar\n|-singleturn|p1b: Incineroar|Protect\n|move|p2b: Whimsicott|Tailwind|p2b: Whimsicott\n|-sidestart|p2: simioini|move: Tailwind\n|move|p2a: Basculegion|Wave Crash|p1b: Incineroar\n|-activate|p1b: Incineroar|move: Protect\n|move|p1a: Toxapex|Toxic|p2a: Basculegion\n|-status|p2a: Basculegion|tox\n|\n|-damage|p2a: Basculegion|80/100 tox|[from] psn\n|-damage|p2a: Basculegion|67/100 tox|[from] move: Infestation|[partiallytrapped]\n|upkeep\n|turn|3\n|\n|t:|1788431146\n|switch|p2b: Kingambit|Kingambit, L50, M|100/100\n|switch|p1b: Venusaur|Venusaur, L50, F|100/100\n|move|p2a: Basculegion|Wave Crash|p1b: Venusaur\n|-resisted|p1b: Venusaur|1\n|-damage|p1b: Venusaur|31/100\n|-damage|p2a: Basculegion|49/100 tox|[from] Recoil\n|-damage|p2a: Basculegion|39/100 tox|[from] item: Life Orb\n|move|p1a: Toxapex|Infestation|p2b: Kingambit\n|-damage|p2b: Kingambit|96/100\n|-activate|p2b: Kingambit|move: Infestation|[of] p1a: Toxapex\n|\n|-damage|p2a: Basculegion|27/100 tox|[from] psn\n|-damage|p2a: Basculegion|14/100 tox|[from] move: Infestation|[partiallytrapped]\n|-damage|p2b: Kingambit|84/100|[from] move: Infestation|[partiallytrapped]\n|upkeep\n|turn|4\n|\n|t:|1788431171\n|switch|p2a: Charizard|Charizard, L50, F|100/100\n|move|p2b: Kingambit|Kowtow Cleave|p1b: Venusaur\n|-damage|p1b: Venusaur|0 fnt\n|faint|p1b: Venusaur\n|move|p1a: Toxapex|Infestation|p2a: Charizard\n|-resisted|p2a: Charizard|2\n|-damage|p2a: Charizard|99/100\n|-activate|p2a: Charizard|move: Infestation|[of] p1a: Toxapex\n|\n|-damage|p2a: Charizard|87/100|[from] move: Infestation|[partiallytrapped]\n|-damage|p2b: Kingambit|72/100|[from] move: Infestation|[partiallytrapped]\n|upkeep\n|\n|t:|1788431187\n|switch|p1b: Charizard|Charizard, L50, F|100/100\n|turn|5\n|\n|t:|1788431204\n|detailschange|p2a: Charizard|Charizard-Mega-Y, L50, F\n|-mega|p2a: Charizard|Charizard|Charizardite Y\n|-weather|SunnyDay|[from] ability: Drought|[of] p2a: Charizard\n|move|p1b: Charizard|Protect|p1b: Charizard\n|-singleturn|p1b: Charizard|Protect\n|move|p2b: Kingambit|Sucker Punch||[still]\n|-fail|p2b: Kingambit\n|move|p2a: Charizard|Ancient Power|p1b: Charizard\n|-activate|p1b: Charizard|move: Protect\n|move|p1a: Toxapex|Toxic|p2a: Charizard\n|-status|p2a: Charizard|tox\n|\n|-weather|SunnyDay|[upkeep]\n|-damage|p2a: Charizard|81/100 tox|[from] psn\n|-damage|p2a: Charizard|69/100 tox|[from] move: Infestation|[partiallytrapped]\n|-damage|p2b: Kingambit|60/100|[from] move: Infestation|[partiallytrapped]\n|-sideend|p2: simioini|move: Tailwind\n|upkeep\n|turn|6\n|\n|t:|1788431240\n|switch|p1b: Incineroar|Incineroar, L50, M|100/100\n|-ability|p1b: Incineroar|Intimidate|boost\n|-unboost|p2a: Charizard|atk|1\n|-unboost|p2b: Kingambit|atk|1\n|-ability|p2b: Kingambit|Defiant|boost\n|-boost|p2b: Kingambit|atk|2\n|move|p2a: Charizard|Ancient Power|p1b: Incineroar\n|-supereffective|p1b: Incineroar|1\n|-damage|p1b: Incineroar|67/100\n|move|p2b: Kingambit|Kowtow Cleave|p1a: Toxapex\n|-damage|p1a: Toxapex|55/100\n|move|p1a: Toxapex|Infestation|p2b: Kingambit\n|-damage|p2b: Kingambit|57/100\n|\n|-weather|SunnyDay|[upkeep]\n|-heal|p1a: Toxapex|61/100|[from] item: Leftovers\n|-damage|p2a: Charizard|56/100 tox|[from] psn\n|-damage|p2a: Charizard|44/100 tox|[from] move: Infestation|[partiallytrapped]\n|-damage|p2b: Kingambit|45/100|[from] move: Infestation|[partiallytrapped]\n|upkeep\n|turn|7\n|\n|t:|1788431269\n|move|p1a: Toxapex|Baneful Bunker|p1a: Toxapex\n|-singleturn|p1a: Toxapex|move: Protect\n|move|p2a: Charizard|Ancient Power|p1b: Incineroar\n|-supereffective|p1b: Incineroar|1\n|-damage|p1b: Incineroar|36/100\n|-enditem|p1b: Incineroar|Sitrus Berry|[eat]\n|-heal|p1b: Incineroar|61/100|[from] item: Sitrus Berry\n|move|p2b: Kingambit|Kowtow Cleave|p1a: Toxapex\n|-activate|p1a: Toxapex|move: Protect\n|move|p1b: Incineroar|Flare Blitz|p2b: Kingambit\n|-supereffective|p2b: Kingambit|1\n|-enditem|p2b: Kingambit|Occa Berry|[eat]\n|-enditem|p2b: Kingambit|Occa Berry|[weaken]\n|-damage|p2b: Kingambit|0 fnt\n|faint|p2b: Kingambit\n|-damage|p1b: Incineroar|48/100|[from] Recoil\n|\n|-weather|SunnyDay|[upkeep]\n|-heal|p1a: Toxapex|66/100|[from] item: Leftovers\n|-damage|p2a: Charizard|26/100 tox|[from] psn\n|-damage|p2a: Charizard|14/100 tox|[from] move: Infestation|[partiallytrapped]\n|upkeep\n|\n|t:|1788431283\n|switch|p2b: Whimsicott|Whimsicott, L50, M|100/100\n|turn|8\n|\n|t:|1788431300\n|-heal|p1a: Toxapex|100/100|[from] ability: Regenerator|[silent]\n|switch|p1a: Charizard|Charizard, L50, F|100/100\n|move|p2b: Whimsicott|Moonblast|p1a: Charizard\n|-resisted|p1a: Charizard|1\n|-damage|p1a: Charizard|79/100\n|move|p2a: Charizard|Weather Ball|p1a: Charizard\n|-resisted|p1a: Charizard|1\n|-damage|p1a: Charizard|33/100\n|move|p1b: Incineroar|Parting Shot|p2b: Whimsicott\n|-unboost|p2b: Whimsicott|atk|1\n|-unboost|p2b: Whimsicott|spa|1\n|\n|t:|1788431313\n|switch|p1b: Toxapex|Toxapex, L50, M|100/100|[from] Parting Shot\n|\n|-weather|SunnyDay|[upkeep]\n|-damage|p2a: Charizard|0 fnt|[from] psn\n|faint|p2a: Charizard\n|upkeep\n|\n|t:|1788431315\n|switch|p2a: Basculegion|Basculegion, L50, M|14/100 tox\n|turn|9\n|\n|t:|1788431346\n|move|p1a: Charizard|Protect|p1a: Charizard\n|-singleturn|p1a: Charizard|Protect\n|move|p1b: Toxapex|Baneful Bunker|p1b: Toxapex\n|-singleturn|p1b: Toxapex|move: Protect\n|move|p2b: Whimsicott|Moonblast|p1a: Charizard\n|-activate|p1a: Charizard|move: Protect\n|move|p2a: Basculegion|Last Respects|p1b: Toxapex\n|-activate|p1b: Toxapex|move: Protect\n|\n|-weather|none\n|-damage|p2a: Basculegion|8/100 tox|[from] psn\n|upkeep\n|turn|10\n|\n|t:|1788431367\n|switch|p1b: Incineroar|Incineroar, L50, M|48/100\n|-ability|p1b: Incineroar|Intimidate|boost\n|-unboost|p2a: Basculegion|atk|1\n|-unboost|p2b: Whimsicott|atk|1\n|detailschange|p1a: Charizard|Charizard-Mega-Y, L50, F\n|-mega|p1a: Charizard|Charizard|Charizardite Y\n|-weather|SunnyDay|[from] ability: Drought|[of] p1a: Charizard\n|move|p2a: Basculegion|Aqua Jet|p1a: Charizard\n|-supereffective|p1a: Charizard|1\n|-damage|p1a: Charizard|8/100\n|-damage|p2a: Basculegion|0 fnt|[from] item: Life Orb\n|faint|p2a: Basculegion\n|move|p2b: Whimsicott|Moonblast|p1b: Incineroar\n|-damage|p1b: Incineroar|31/100\n|move|p1a: Charizard|Heat Wave|p2b: Whimsicott\n|-supereffective|p2b: Whimsicott|1\n|-crit|p2b: Whimsicott\n|-enditem|p2b: Whimsicott|Focus Sash\n|-damage|p2b: Whimsicott|1/100\n|-status|p2b: Whimsicott|brn\n|\n|-weather|SunnyDay|[upkeep]\n|-damage|p2b: Whimsicott|0 fnt|[from] brn\n|faint|p2b: Whimsicott\n|\n|win|bl4ckdri\n|raw|bl4ckdri's rating: 1353 &rarr; <strong>1367</strong><br />(+14 for winning)\n|raw|simioini's rating: 1254 &rarr; <strong>1236</strong><br />(-18 for losing)\n","uploadtime":1788431368,"views":"4","formatid":"gen9championsvgc2026regmbbo3","rating":1236,"private":0,"password":null}