{"id":"gen9championsvgc2026regmb-2674308964","format":"[Gen 9 Champions] VGC 2026 Reg M-B","players":["Pikafanatic","severthesun"],"log":"|j|☆Pikafanatic\n|j|☆severthesun\n|html|<table width=\"100%\"><tr><td align=\"left\">Pikafanatic</td><td align=\"right\">severthesun</tr><tr><td align=\"left\"><i class=\"fa fa-circle-o\"></i> <i class=\"fa fa-circle-o\"></i> </td><td align=\"right\"><i class=\"fa fa-circle-o\"></i> <i class=\"fa fa-circle-o\"></i> </tr></table>\n|uhtml|bestof|<h2><strong>Game 1</strong> of <a href=\"/game-bestof3-gen9championsvgc2026regmb-2674308963\">a best-of-3</a></h2>\n|t:|1788337510\n|gametype|doubles\n|player|p1|Pikafanatic|pokekid|\n|player|p2|severthesun|caitlin|\n|gen|9\n|tier|[Gen 9 Champions] VGC 2026 Reg M-B\n|rule|Species Clause: Limit one of each Pokémon\n|rule|Item Clause: Limit 1 of each item\n|raw|<div class=\"infobox\"><details class=\"readmore\" open><summary><strong>1 custom rule:</strong></summary> Best of = 3</details></div>\n|clearpoke\n|poke|p1|Gholdengo, L50|\n|poke|p1|Arcanine, L50, M|\n|poke|p1|Starmie, L50|\n|poke|p1|Raichu, L50, F|\n|poke|p1|Floette-Eternal, L50, F|\n|poke|p1|Noivern, L50, M|\n|poke|p2|Staraptor, L50, F|\n|poke|p2|Sableye, L50, F, shiny|\n|poke|p2|Sylveon, L50, F, shiny|\n|poke|p2|Metagross, L50|\n|poke|p2|Rotom-Wash, L50|\n|poke|p2|Araquanid, L50, M|\n|teampreview|4\n|c|☆severthesun|god help us all\n|c|☆severthesun|by that I mean my six\n|c|☆Pikafanatic|Lmao\n|j| realkokoman\n|c|☆Pikafanatic|I've got double new goobers today\n|j| granite blast\n|c| granite blast|ouu shiii\n|j| Freakstah\n|c| granite blast|damn my mega floette got stolen\n|c| granite blast|;(\n|\n|t:|1788337588\n|teamsize|p1|4\n|teamsize|p2|4\n|start\n|switch|p1a: Gholdengo|Gholdengo, L50|100/100\n|switch|p1b: Raichu|Raichu, L50, F|100/100\n|switch|p2a: its mumei look she|Staraptor, L50, F|100/100\n|switch|p2b: Trans Rights|Sylveon, L50, F, shiny|100/100\n|-ability|p2a: its mumei look she|Intimidate|boost\n|-unboost|p1a: Gholdengo|atk|1\n|-unboost|p1b: Raichu|atk|1\n|turn|1\n|c| realkokoman|the staraptor has attracted the right audience\n|c| granite blast|raptor fans unite\n|\n|t:|1788337683\n|detailschange|p2a: its mumei look she|Staraptor-Mega, L50, F\n|-mega|p2a: its mumei look she|Staraptor|Staraptite\n|move|p2b: Trans Rights|Detect|p2b: Trans Rights\n|-singleturn|p2b: Trans Rights|Protect\n|move|p1b: Raichu|Nuzzle|p2a: its mumei look she\n|-supereffective|p2a: its mumei look she|1\n|-damage|p2a: its mumei look she|90/100\n|-status|p2a: its mumei look she|par\n|move|p1a: Gholdengo|Make It Rain|p2b: Trans Rights|[spread] \n|-activate|p2b: Trans Rights|move: Protect\n|-miss|p1a: Gholdengo|p2a: its mumei look she\n|move|p2a: its mumei look she|Close Combat|p1b: Raichu\n|-damage|p1b: Raichu|0 fnt\n|-boost|p2a: its mumei look she|def|1\n|-boost|p2a: its mumei look she|spd|1\n|faint|p1b: Raichu\n|\n|upkeep\n|\n|t:|1788337700\n|switch|p1b: Starmie|Starmie, L50|100/100\n|turn|2\n|c| granite blast|thats an interesting t1\n|c|☆Pikafanatic|Gholdengo...\n|c| granite blast|i forgot make it rain can miss\n|c| realkokoman|thats my goat mooms right there\n|c| granite blast|avoids the drop which is interesting\n|c|☆Pikafanatic|Fr\n|\n|t:|1788337762\n|switch|p2b: microtransaction|Sableye, L50, F, shiny|100/100\n|detailschange|p1b: Starmie|Starmie-Mega, L50\n|-mega|p1b: Starmie|Starmie|Starminite\n|move|p1b: Starmie|Zen Headbutt|p2a: its mumei look she\n|-supereffective|p2a: its mumei look she|1\n|-damage|p2a: its mumei look she|0 fnt\n|faint|p2a: its mumei look she\n|move|p1a: Gholdengo|Make It Rain|p2b: microtransaction\n|-damage|p2b: microtransaction|7/100\n|-unboost|p1a: Gholdengo|spa|2\n|-damage|p1a: Gholdengo|90/100|[from] item: Life Orb\n|\n|upkeep\n|\n|t:|1788337777\n|switch|p2a: mikuhumancentipede|Metagross, L50|100/100\n|turn|3\n|\n|t:|1788337828\n|move|p1b: Starmie|Protect|p1b: Starmie\n|-singleturn|p1b: Starmie|Protect\n|move|p2b: microtransaction|Sucker Punch||[still]\n|-fail|p2b: microtransaction\n|move|p2a: mikuhumancentipede|Iron Head|p1a: Gholdengo\n|-resisted|p1a: Gholdengo|1\n|-damage|p1a: Gholdengo|69/100\n|move|p1a: Gholdengo|Shadow Ball|p2b: microtransaction\n|-damage|p2b: microtransaction|0 fnt\n|faint|p2b: microtransaction\n|-damage|p1a: Gholdengo|60/100|[from] item: Life Orb\n|\n|upkeep\n|\n|t:|1788337840\n|switch|p2b: Trans Rights|Sylveon, L50, F, shiny|100/100\n|turn|4\n|\n|t:|1788337848\n|switch|p1a: Floette|Floette-Eternal, L50, F|100/100\n|move|p1b: Starmie|Liquidation|p2a: mikuhumancentipede\n|-damage|p2a: mikuhumancentipede|31/100\n|move|p2a: mikuhumancentipede|Iron Head|p1a: Floette\n|-supereffective|p1a: Floette|1\n|-damage|p1a: Floette|0 fnt\n|faint|p1a: Floette\n|move|p2b: Trans Rights|Mystical Fire|p1b: Starmie\n|-resisted|p1b: Starmie|1\n|-damage|p1b: Starmie|87/100\n|-unboost|p1b: Starmie|spa|1\n|\n|upkeep\n|\n|t:|1788337861\n|switch|p1a: Gholdengo|Gholdengo, L50|60/100\n|turn|5\n|\n|t:|1788337879\n|move|p2a: mikuhumancentipede|Protect|p2a: mikuhumancentipede\n|-singleturn|p2a: mikuhumancentipede|Protect\n|move|p1b: Starmie|Liquidation|p2a: mikuhumancentipede\n|-activate|p2a: mikuhumancentipede|move: Protect\n|move|p1a: Gholdengo|Make It Rain|p2b: Trans Rights|[spread] \n|-activate|p2a: mikuhumancentipede|move: Protect\n|-miss|p1a: Gholdengo|p2b: Trans Rights\n|move|p2b: Trans Rights|Hyper Voice|p1b: Starmie|[spread] p1a,p1b\n|-resisted|p1a: Gholdengo|1\n|-damage|p1a: Gholdengo|41/100\n|-damage|p1b: Starmie|47/100\n|\n|upkeep\n|turn|6\n|\n|t:|1788337896\n|move|p1b: Starmie|Liquidation|p2a: mikuhumancentipede\n|-damage|p2a: mikuhumancentipede|0 fnt\n|faint|p2a: mikuhumancentipede\n|move|p1a: Gholdengo|Make It Rain|p2b: Trans Rights\n|-supereffective|p2b: Trans Rights|1\n|-damage|p2b: Trans Rights|0 fnt\n|-unboost|p1a: Gholdengo|spa|2\n|faint|p2b: Trans Rights\n|-damage|p1a: Gholdengo|32/100|[from] item: Life Orb\n|\n|win|Pikafanatic\n|inactive|Pikafanatic has 30 seconds to confirm battle start!\n|inactive|severthesun has 30 seconds to confirm battle start!\n||severthesun is ready for game 2.\n||Pikafanatic is ready for game 2.\n|uhtml|next|Next: <a href=\"/battle-gen9championsvgc2026regmb-2674310598\"><strong>Game 2 of 3</strong></a>\n|j| Doloris Deception\n|l| Doloris Deception\n|l| realkokoman\n|l|☆severthesun\n|player|p2|\n","uploadtime":1788338403,"views":"12","formatid":"gen9championsvgc2026regmb","rating":null,"private":0,"password":null}