{"id":"gen9championsvgc2026regmb-2673903770","format":"[Gen 9 Champions] VGC 2026 Reg M-B","players":["fomonono","brtsz"],"log":"|j|☆fomonono\n|j|☆brtsz\n|html|<table width=\"100%\"><tr><td align=\"left\">fomonono</td><td align=\"right\">brtsz</tr><tr><td align=\"left\"><i class=\"fa fa-circle\"></i> <i class=\"fa fa-circle-o\"></i> </td><td align=\"right\"><i class=\"fa fa-circle-o\"></i> <i class=\"fa fa-circle\"></i> </tr></table>\n|uhtml|bestof|<h2><strong>Game 3</strong> of <a href=\"/game-bestof3-gen9championsvgc2026regmb-2673897608\">a best-of-3</a></h2>\n|t:|1788275245\n|gametype|doubles\n|player|p1|fomonono|101|\n|player|p2|brtsz|leon-masters|\n|gen|9\n|tier|[Gen 9 Champions] VGC 2026 Reg M-B\n|rule|Species Clause: Limit one of each Pokémon\n|rule|Item Clause: Limit 1 of each item\n|raw|<div class=\"infobox\"><details class=\"readmore\" open><summary><strong>1 custom rule:</strong></summary> Best of = 3</details></div>\n|clearpoke\n|poke|p1|Annihilape, L50, F|\n|poke|p1|Aerodactyl, L50, M|\n|poke|p1|Zoroark-Hisui, L50, M|\n|poke|p1|Weavile, L50, M|\n|poke|p1|Serperior, L50, M|\n|poke|p1|Typhlosion, L50, M|\n|poke|p2|Basculegion, L50, M|\n|poke|p2|Kangaskhan, L50, F|\n|poke|p2|Venusaur, L50, F|\n|poke|p2|Klefki, L50, F|\n|poke|p2|Rotom-Heat, L50|\n|poke|p2|Noivern, L50, F|\n|teampreview|4\n|j| quasmosis\n|j| SneakyEne\n|\n|t:|1788275295\n|teamsize|p1|4\n|teamsize|p2|4\n|start\n|switch|p1a: Typhlosion|Typhlosion, L50, M|100/100\n|switch|p1b: Aerodactyl|Aerodactyl, L50, M|100/100\n|switch|p2a: Kangaskhan|Kangaskhan, L50, F|100/100\n|switch|p2b: Klefki|Klefki, L50, F|100/100\n|turn|1\n|\n|t:|1788275368\n|switch|p1b: Annihilape|Annihilape, L50, F|100/100\n|move|p2a: Kangaskhan|Fake Out|p1a: Typhlosion\n|-damage|p1a: Typhlosion|80/100\n|cant|p1a: Typhlosion|flinch\n|move|p2b: Klefki|Trick Room|p2b: Klefki\n|-fieldstart|move: Trick Room|[of] p2b: Klefki\n|\n|upkeep\n|turn|2\n|\n|t:|1788275416\n|detailschange|p2a: Kangaskhan|Kangaskhan-Mega, L50, F\n|-mega|p2a: Kangaskhan|Kangaskhan|Kangaskhanite\n|move|p2b: Klefki|Reflect|p2b: Klefki\n|-sidestart|p2: brtsz|Reflect\n|move|p2a: Kangaskhan|Double-Edge|p1a: Typhlosion\n|-damage|p1a: Typhlosion|10/100\n|-damage|p1a: Typhlosion|0 fnt\n|faint|p1a: Typhlosion\n|-hitcount|p1: Typhlosion|2\n|-damage|p2a: Kangaskhan|80/100|[from] Recoil\n|move|p1b: Annihilape|Close Combat|p2a: Kangaskhan\n|-supereffective|p2a: Kangaskhan|1\n|-damage|p2a: Kangaskhan|7/100\n|-unboost|p1b: Annihilape|def|1\n|-unboost|p1b: Annihilape|spd|1\n|-damage|p1b: Annihilape|90/100|[from] item: Life Orb\n|\n|upkeep\n|\n|t:|1788275432\n|switch|p1a: Weavile|Weavile, L50, M|100/100\n|-ability|p1a: Weavile|Pressure\n|turn|3\n|c| quasmosis|that doesnt kill ape on fraud watch\n|\n|t:|1788275462\n|switch|p2a: Basculegion|Basculegion, L50, M|100/100\n|move|p1a: Weavile|Fake Out|p2b: Klefki\n|-resisted|p2b: Klefki|1\n|-damage|p2b: Klefki|95/100\n|cant|p2b: Klefki|flinch\n|move|p1b: Annihilape|Close Combat|p2a: Basculegion\n|-immune|p2a: Basculegion\n|\n|upkeep\n|turn|4\n|l| SneakyEne\n|\n|t:|1788275508\n|move|p2b: Klefki|Dazzling Gleam|p1b: Annihilape|[spread] p1a,p1b\n|-supereffective|p1a: Weavile|1\n|-supereffective|p1b: Annihilape|1\n|-damage|p1a: Weavile|34/100\n|-damage|p1b: Annihilape|12/100\n|move|p2a: Basculegion|Wave Crash|p1b: Annihilape\n|-damage|p1b: Annihilape|0 fnt\n|faint|p1b: Annihilape\n|-damage|p2a: Basculegion|95/100|[from] Recoil\n|-damage|p2a: Basculegion|86/100|[from] item: Life Orb\n|move|p1a: Weavile|Knock Off|p2b: Klefki\n|-resisted|p2b: Klefki|1\n|-damage|p2b: Klefki|79/100\n|-enditem|p2b: Klefki|Fairy Feather|[from] move: Knock Off|[of] p1a: Weavile\n|\n|upkeep\n|\n|t:|1788275521\n|switch|p1b: Aerodactyl|Aerodactyl, L50, M|100/100\n|turn|5\n|\n|t:|1788275548\n|detailschange|p1b: Aerodactyl|Aerodactyl-Mega, L50, M\n|-mega|p1b: Aerodactyl|Aerodactyl|Aerodactylite\n|move|p2b: Klefki|Dazzling Gleam|p1b: Aerodactyl|[spread] p1a,p1b\n|-supereffective|p1a: Weavile|1\n|-damage|p1a: Weavile|0 fnt\n|-damage|p1b: Aerodactyl|77/100\n|faint|p1a: Weavile\n|move|p2a: Basculegion|Wave Crash|p1b: Aerodactyl\n|-supereffective|p1b: Aerodactyl|1\n|-damage|p1b: Aerodactyl|0 fnt\n|faint|p1b: Aerodactyl\n|-damage|p2a: Basculegion|63/100|[from] Recoil\n|-damage|p2a: Basculegion|53/100|[from] item: Life Orb\n|\n|win|brtsz\n|l|☆fomonono\n|player|p1|\n|l| quasmosis\n","uploadtime":1788275549,"views":"20","formatid":"gen9championsvgc2026regmb","rating":null,"private":0,"password":null}