{"id":"gen9championsvgc2026regmbbo3-2673860916","format":"[Gen 9 Champions] VGC 2026 Reg M-B (Bo3)","players":["IBstudios","lucienflash"],"log":"|j|☆IBstudios\n|j|☆lucienflash\n|html|<table width=\"100%\"><tr><td align=\"left\">IBstudios</td><td align=\"right\">lucienflash</tr><tr><td align=\"left\"><i class=\"fa fa-circle\"></i> <i class=\"fa fa-circle-o\"></i> </td><td align=\"right\"><i class=\"fa fa-circle-o\"></i> <i class=\"fa fa-circle-o\"></i> </tr></table>\n|uhtml|bestof|<h2><strong>Game 2</strong> of <a href=\"/game-bestof3-gen9championsvgc2026regmbbo3-2673859249\">a best-of-3</a></h2>\n|t:|1788269826\n|gametype|doubles\n|player|p1|IBstudios|266|1296\n|player|p2|lucienflash|1|1296\n|gen|9\n|tier|[Gen 9 Champions] VGC 2026 Reg M-B (Bo3)\n|rated|\n|rule|Species Clause: Limit one of each Pokémon\n|rule|Item Clause: Limit 1 of each item\n|clearpoke\n|poke|p1|Incineroar, L50, M|\n|poke|p1|Dragonite, L50, M|\n|poke|p1|Metagross, L50|\n|poke|p1|Sneasler, L50, F|\n|poke|p1|Primarina, L50, M|\n|poke|p1|Sinistcha-Masterpiece, L50|\n|poke|p2|Torkoal, L50, M|\n|poke|p2|Blastoise, L50, M|\n|poke|p2|Farigiraf, L50, F|\n|poke|p2|Abomasnow, L50, F|\n|poke|p2|Lycanroc, L50, M|\n|poke|p2|Kingambit, L50, M|\n|teampreview|4\n|showteam|p1|Incineroar||SitrusBerry|Intimidate|FakeOut,FlareBlitz,ThroatChop,PartingShot|Adamant||M|||50|]Dragonite||Dragoninite|Multiscale|DragonPulse,HeatWave,Tailwind,Protect|Modest||M|||50|]Metagross||Metagrossite|ClearBody|PsychicFangs,BulletPunch,BodyPress,Protect|Jolly|||||50|]Sneasler||FocusSash|PoisonTouch|CloseCombat,PoisonJab,FakeOut,Protect|Jolly||F|||50|]Primarina||LifeOrb|LiquidVoice|HyperVoice,Moonblast,CalmMind,Protect|Modest||M|||50|]Sinistcha-Masterpiece||KasibBerry|Hospitality|MatchaGotcha,TrickRoom,RagePowder,Protect|Modest|||||50|\n|showteam|p2|Torkoal||LifeOrb|Drought|Eruption,EarthPower,SolarBeam,Protect|Modest||M|||50|]Blastoise||Blastoisinite|RainDish|FakeOut,AuraSphere,WaterSpout,DarkPulse|Modest||M|||50|]Farigiraf||SitrusBerry|ArmorTail|PsychicNoise,Thunderbolt,TrickRoom,RainDance|Bold||F|||50|]Abomasnow||Abomasite|SnowWarning|Blizzard,GigaDrain,AuroraVeil,Protect|Modest||F|||50|]Lycanroc||FocusSash|KeenEye|Accelerock,RockSlide,CloseCombat,Protect|Jolly||M|||50|]Kingambit||ChopleBerry|Defiant|IronHead,KowtowCleave,SuckerPunch,Protect|Brave||M|||50|\n|inactive|Battle timer is ON: inactive players will automatically lose when time's up. (requested by lucienflash)\n|inactive|lucienflash has 60 seconds left.\n|\n|t:|1788269872\n|teamsize|p1|4\n|teamsize|p2|4\n|start\n|switch|p1a: Dragonite|Dragonite, L50, M|100/100\n|switch|p1b: Primarina|Primarina, L50, M|100/100\n|switch|p2a: Torkoal|Torkoal, L50, M|100/100\n|switch|p2b: Farigiraf|Farigiraf, L50, F|100/100\n|-weather|SunnyDay|[from] ability: Drought|[of] p2a: Torkoal\n|turn|1\n|\n|t:|1788269887\n|detailschange|p1a: Dragonite|Dragonite-Mega, L50, M\n|-mega|p1a: Dragonite|Dragonite|Dragoninite\n|move|p1a: Dragonite|Dragon Pulse|p2b: Farigiraf\n|-damage|p2b: Farigiraf|45/100\n|-enditem|p2b: Farigiraf|Sitrus Berry|[eat]\n|-heal|p2b: Farigiraf|70/100|[from] item: Sitrus Berry\n|move|p1b: Primarina|Calm Mind|p1b: Primarina\n|-boost|p1b: Primarina|spa|1\n|-boost|p1b: Primarina|spd|1\n|move|p2a: Torkoal|Solar Beam||[still]\n|-prepare|p2a: Torkoal|Solar Beam\n|-anim|p2a: Torkoal|Solar Beam|p1b: Primarina\n|-supereffective|p1b: Primarina|1\n|-damage|p1b: Primarina|52/100\n|-damage|p2a: Torkoal|90/100|[from] item: Life Orb\n|move|p2b: Farigiraf|Trick Room|p2b: Farigiraf\n|-fieldstart|move: Trick Room|[of] p2b: Farigiraf\n|\n|-weather|SunnyDay|[upkeep]\n|upkeep\n|turn|2\n|\n|t:|1788269909\n|move|p1b: Primarina|Protect|p1b: Primarina\n|-singleturn|p1b: Primarina|Protect\n|move|p2a: Torkoal|Solar Beam||[still]\n|-prepare|p2a: Torkoal|Solar Beam\n|-anim|p2a: Torkoal|Solar Beam|p1b: Primarina\n|-activate|p1b: Primarina|move: Protect\n|move|p2b: Farigiraf|Thunderbolt|p1b: Primarina\n|-activate|p1b: Primarina|move: Protect\n|move|p1a: Dragonite|Dragon Pulse|p2a: Torkoal\n|-damage|p2a: Torkoal|22/100\n|\n|-weather|SunnyDay|[upkeep]\n|upkeep\n|turn|3\n|inactive|IBstudios has 30 seconds left.\n|\n|t:|1788269937\n|switch|p1a: Sinistcha|Sinistcha-Masterpiece, L50|100/100\n|-heal|p1b: Primarina|77/100|[from] ability: Hospitality|[of] p1a: Sinistcha\n|move|p2a: Torkoal|Solar Beam||[still]\n|-prepare|p2a: Torkoal|Solar Beam\n|-anim|p2a: Torkoal|Solar Beam|p1b: Primarina\n|-supereffective|p1b: Primarina|1\n|-damage|p1b: Primarina|20/100y\n|-damage|p2a: Torkoal|12/100|[from] item: Life Orb\n|move|p2b: Farigiraf|Thunderbolt|p1b: Primarina\n|-supereffective|p1b: Primarina|1\n|-damage|p1b: Primarina|0 fnt\n|faint|p1b: Primarina\n|\n|-weather|SunnyDay|[upkeep]\n|upkeep\n|\n|t:|1788269949\n|switch|p1b: Dragonite|Dragonite-Mega, L50, M|100/100\n|turn|4\n|\n|t:|1788269960\n|switch|p1a: Incineroar|Incineroar, L50, M|100/100\n|-ability|p1a: Incineroar|Intimidate|boost\n|-unboost|p2a: Torkoal|atk|1\n|-unboost|p2b: Farigiraf|atk|1\n|move|p2a: Torkoal|Eruption|p1b: Dragonite|[spread] p1a,p1b\n|-resisted|p1a: Incineroar|1\n|-resisted|p1b: Dragonite|1\n|-damage|p1a: Incineroar|95/100\n|-damage|p1b: Dragonite|97/100\n|-damage|p2a: Torkoal|2/100|[from] item: Life Orb\n|move|p2b: Farigiraf|Psychic Noise|p1b: Dragonite\n|-damage|p1b: Dragonite|72/100\n|-start|p1b: Dragonite|move: Heal Block\n|move|p1b: Dragonite|Heat Wave|p2b: Farigiraf|[spread] p2a,p2b\n|-resisted|p2a: Torkoal|1\n|-damage|p2a: Torkoal|0 fnt\n|-damage|p2b: Farigiraf|24/100\n|-status|p2b: Farigiraf|brn\n|faint|p2a: Torkoal\n|\n|-weather|SunnyDay|[upkeep]\n|-damage|p2b: Farigiraf|18/100 brn|[from] brn\n|upkeep\n|inactive|lucienflash has 30 seconds left.\n|\n|t:|1788269985\n|switch|p2a: Abomasnow|Abomasnow, L50, F|100/100\n|-weather|Snowscape|[from] ability: Snow Warning|[of] p2a: Abomasnow\n|turn|5\n|\n|t:|1788270000\n|switch|p1a: Sinistcha|Sinistcha-Masterpiece, L50|100/100\n|detailschange|p2a: Abomasnow|Abomasnow-Mega, L50, F\n|-mega|p2a: Abomasnow|Abomasnow|Abomasite\n|move|p1b: Dragonite|Protect|p1b: Dragonite\n|-singleturn|p1b: Dragonite|Protect\n|move|p2a: Abomasnow|Blizzard|p1a: Sinistcha|[spread] p1a\n|-activate|p1b: Dragonite|move: Protect\n|-supereffective|p1a: Sinistcha|1\n|-damage|p1a: Sinistcha|7/100\n|move|p2b: Farigiraf|Thunderbolt|p1a: Sinistcha\n|-resisted|p1a: Sinistcha|1\n|-damage|p1a: Sinistcha|0 fnt\n|faint|p1a: Sinistcha\n|\n|-weather|Snowscape|[upkeep]\n|-damage|p2b: Farigiraf|11/100 brn|[from] brn\n|-end|p1b: Dragonite|move: Heal Block\n|-fieldend|move: Trick Room\n|upkeep\n|\n|t:|1788270008\n|switch|p1a: Incineroar|Incineroar, L50, M|95/100\n|-ability|p1a: Incineroar|Intimidate|boost\n|-unboost|p2a: Abomasnow|atk|1\n|-unboost|p2b: Farigiraf|atk|1\n|turn|6\n|\n|t:|1788270023\n|move|p2a: Abomasnow|Protect|p2a: Abomasnow\n|-singleturn|p2a: Abomasnow|Protect\n|move|p1b: Dragonite|Dragon Pulse|p2b: Farigiraf\n|-damage|p2b: Farigiraf|0 fnt\n|faint|p2b: Farigiraf\n|move|p1a: Incineroar|Flare Blitz|p2a: Abomasnow\n|-activate|p2a: Abomasnow|move: Protect\n|\n|-weather|Snowscape|[upkeep]\n|upkeep\n|\n|t:|1788270025\n|switch|p2b: Kingambit|Kingambit, L50, M|100/100\n|turn|7\n|\n|t:|1788270037\n|move|p2b: Kingambit|Sucker Punch|p1b: Dragonite\n|-damage|p1b: Dragonite|38/100\n|move|p1b: Dragonite|Heat Wave|p2b: Kingambit|[spread] p2a,p2b\n|-supereffective|p2a: Abomasnow|2\n|-supereffective|p2b: Kingambit|1\n|-damage|p2a: Abomasnow|8/100\n|-damage|p2b: Kingambit|44/100\n|move|p1a: Incineroar|Flare Blitz|p2a: Abomasnow\n|-supereffective|p2a: Abomasnow|2\n|-crit|p2a: Abomasnow\n|-damage|p2a: Abomasnow|0 fnt\n|faint|p2a: Abomasnow\n|-damage|p1a: Incineroar|92/100|[from] Recoil\n|\n|-weather|Snowscape|[upkeep]\n|upkeep\n|turn|8\n|\n|t:|1788270044\n|move|p2b: Kingambit|Sucker Punch|p1b: Dragonite\n|-damage|p1b: Dragonite|2/100\n|move|p1b: Dragonite|Heat Wave|p2b: Kingambit\n|-supereffective|p2b: Kingambit|1\n|-damage|p2b: Kingambit|0 fnt\n|faint|p2b: Kingambit\n|\n|win|IBstudios\n|raw|IBstudios's rating: 1296 &rarr; <strong>1321</strong><br />(+25 for winning)\n|raw|lucienflash's rating: 1296 &rarr; <strong>1271</strong><br />(-25 for losing)\n|l|☆lucienflash\n|player|p2|\n","uploadtime":1788270109,"views":"11","formatid":"gen9championsvgc2026regmbbo3","rating":1271,"private":0,"password":null}