{"id":"gen9championsvgc2026regmb-2674264539","format":"[Gen 9 Champions] VGC 2026 Reg M-B","players":["ivyg hbj","Thornlace48812"],"log":"|j|☆ivyg hbj\n|j|☆Thornlace48812\n|t:|1788326599\n|gametype|doubles\n|player|p1|ivyg hbj|102|1113\n|player|p2|Thornlace48812|1|1095\n|gen|9\n|tier|[Gen 9 Champions] VGC 2026 Reg M-B\n|rated|\n|rule|Species Clause: Limit one of each Pokémon\n|rule|Item Clause: Limit 1 of each item\n|clearpoke\n|poke|p1|Tyranitar, L50, F|\n|poke|p1|Steelix, L50, F|\n|poke|p1|Rotom-Wash, L50|\n|poke|p1|Sinistcha-Masterpiece, L50|\n|poke|p1|Incineroar, L50, M|\n|poke|p1|Dragonite, L50, M|\n|poke|p2|Garchomp, L50, M|\n|poke|p2|Charizard, L50, M|\n|poke|p2|Whimsicott, L50, F|\n|poke|p2|Sylveon, L50, M|\n|poke|p2|Kingambit, L50, M|\n|poke|p2|Basculegion, L50, M|\n|teampreview|4\n|inactive|Battle timer is ON: inactive players will automatically lose when time's up. (requested by Thornlace48812)\nThornlace48812 rejected open team sheets.\n|\n|t:|1788326614\n|teamsize|p1|4\n|teamsize|p2|4\n|start\n|switch|p1a: Rotom|Rotom-Wash, L50|100/100\n|switch|p1b: Incineroar|Incineroar, L50, M|100/100\n|switch|p2a: Charizard|Charizard, L50, M|100/100\n|switch|p2b: Whimsicott|Whimsicott, L50, F|100/100\n|-ability|p1b: Incineroar|Intimidate|boost\n|-unboost|p2a: Charizard|atk|1\n|-unboost|p2b: Whimsicott|atk|1\n|turn|1\n|\n|t:|1788326633\n|move|p2a: Charizard|Protect|p2a: Charizard\n|-singleturn|p2a: Charizard|Protect\n|move|p1b: Incineroar|Fake Out|p2a: Charizard\n|-activate|p2a: Charizard|move: Protect\n|move|p2b: Whimsicott|Moonblast|p1a: Rotom\n|-damage|p1a: Rotom|61/100\n|move|p1a: Rotom|Light Screen|p1a: Rotom\n|-sidestart|p1: ivyg hbj|move: Light Screen\n|\n|upkeep\n|turn|2\n|\n|t:|1788326652\n|detailschange|p2a: Charizard|Charizard-Mega-Y, L50, M\n|-mega|p2a: Charizard|Charizard|Charizardite Y\n|-weather|SunnyDay|[from] ability: Drought|[of] p2a: Charizard\n|move|p2b: Whimsicott|Moonblast|p1a: Rotom\n|-damage|p1a: Rotom|36/100\n|move|p2a: Charizard|Heat Wave|p1b: Incineroar|[spread] p1a,p1b\n|-resisted|p1a: Rotom|1\n|-resisted|p1b: Incineroar|1\n|-damage|p1a: Rotom|15/100\n|-damage|p1b: Incineroar|82/100\n|move|p1a: Rotom|Volt Switch|p2a: Charizard\n|-supereffective|p2a: Charizard|1\n|-damage|p2a: Charizard|46/100\n|\n|t:|1788326665\n|switch|p1a: Sinistcha|Sinistcha-Masterpiece, L50|100/100|[from] Volt Switch\n|-heal|p1b: Incineroar|100/100|[from] ability: Hospitality|[of] p1a: Sinistcha\n|move|p1b: Incineroar|Flare Blitz|p2b: Whimsicott\n|-supereffective|p2b: Whimsicott|1\n|-enditem|p2b: Whimsicott|Focus Sash\n|-damage|p2b: Whimsicott|1/100\n|-damage|p1b: Incineroar|77/100|[from] Recoil\n|\n|-weather|SunnyDay|[upkeep]\n|-heal|p1b: Incineroar|83/100|[from] item: Leftovers\n|upkeep\n|turn|3\n|\n|t:|1788326687\n|move|p1a: Sinistcha|Protect|p1a: Sinistcha\n|-singleturn|p1a: Sinistcha|Protect\n|move|p2b: Whimsicott|Tailwind|p2b: Whimsicott\n|-sidestart|p2: Thornlace48812|move: Tailwind\n|move|p2a: Charizard|Heat Wave|p1b: Incineroar|[spread] p1b\n|-activate|p1a: Sinistcha|move: Protect\n|-resisted|p1b: Incineroar|1\n|-damage|p1b: Incineroar|66/100\n|move|p1b: Incineroar|Flare Blitz|p2b: Whimsicott\n|-supereffective|p2b: Whimsicott|1\n|-damage|p2b: Whimsicott|0 fnt\n|faint|p2b: Whimsicott\n|-damage|p1b: Incineroar|66/100|[from] Recoil\n|\n|-weather|SunnyDay|[upkeep]\n|-heal|p1b: Incineroar|72/100|[from] item: Leftovers\n|upkeep\n|\n|t:|1788326688\n|switch|p2b: Sylveon|Sylveon, L50, M|100/100\n|turn|4\n|inactive|ivyg hbj has 30 seconds left.\n|\n|t:|1788326715\n|switch|p1a: Rotom|Rotom-Wash, L50|15/100\n|move|p2a: Charizard|Heat Wave|p1a: Rotom|[spread] p1a,p1b\n|-resisted|p1a: Rotom|1\n|-resisted|p1b: Incineroar|1\n|-damage|p1a: Rotom|0 fnt\n|-damage|p1b: Incineroar|56/100\n|faint|p1a: Rotom\n|move|p2b: Sylveon|Hyper Voice|p1b: Incineroar\n|-damage|p1b: Incineroar|21/100\n|move|p1b: Incineroar|Parting Shot|p2b: Sylveon\n|-unboost|p2b: Sylveon|atk|1\n|-unboost|p2b: Sylveon|spa|1\n|\n|t:|1788326729\n|switch|p1b: Dragonite|Dragonite, L50, M|100/100|[from] Parting Shot\n|\n|-weather|SunnyDay|[upkeep]\n|upkeep\n|\n|t:|1788326734\n|switch|p1a: Incineroar|Incineroar, L50, M|21/100\n|-ability|p1a: Incineroar|Intimidate|boost\n|-unboost|p2a: Charizard|atk|1\n|-unboost|p2b: Sylveon|atk|1\n|turn|5\n|\n|t:|1788326749\n|detailschange|p1b: Dragonite|Dragonite-Mega, L50, M\n|-mega|p1b: Dragonite|Dragonite|Dragoninite\n|move|p1a: Incineroar|Fake Out|p2b: Sylveon\n|-damage|p2b: Sylveon|86/100\n|move|p2a: Charizard|Heat Wave|p1a: Incineroar|[spread] p1a,p1b\n|-resisted|p1a: Incineroar|1\n|-resisted|p1b: Dragonite|1\n|-damage|p1a: Incineroar|6/100\n|-damage|p1b: Dragonite|90/100\n|cant|p2b: Sylveon|flinch\n|move|p1b: Dragonite|Flamethrower|p2b: Sylveon\n|-damage|p2b: Sylveon|41/100\n|\n|-weather|SunnyDay|[upkeep]\n|-heal|p1a: Incineroar|12/100|[from] item: Leftovers\n|-sideend|p1: ivyg hbj|move: Light Screen\n|upkeep\n|turn|6\n|\n|t:|1788326769\n|move|p2a: Charizard|Heat Wave|p1b: Dragonite|[spread] p1a,p1b\n|-resisted|p1a: Incineroar|1\n|-resisted|p1b: Dragonite|1\n|-damage|p1a: Incineroar|0 fnt\n|-damage|p1b: Dragonite|66/100\n|-status|p1b: Dragonite|brn\n|faint|p1a: Incineroar\n|move|p2b: Sylveon|Hyper Voice|p1b: Dragonite\n|-supereffective|p1b: Dragonite|1\n|-damage|p1b: Dragonite|0 fnt\n|faint|p1b: Dragonite\n|\n|-weather|none\n|-sideend|p2: Thornlace48812|move: Tailwind\n|upkeep\n|-message|ivyg hbj forfeited.\n|\n|win|Thornlace48812\n|raw|ivyg hbj's rating: 1113 &rarr; <strong>1087</strong><br />(-26 for losing)\n|raw|Thornlace48812's rating: 1101 &rarr; <strong>1127</strong><br />(+26 for winning)\n","uploadtime":1788326781,"views":"4","formatid":"gen9championsvgc2026regmb","rating":1087,"private":0,"password":null}