{"id":"gen9championsvgc2026regmbbo3-2673905110","format":"[Gen 9 Champions] VGC 2026 Reg M-B (Bo3)","players":["Ralph-LM","shadow193"],"log":"|j|☆Ralph-LM\n|j|☆shadow193\n|html|<table width=\"100%\"><tr><td align=\"left\">Ralph-LM</td><td align=\"right\">shadow193</tr><tr><td align=\"left\"><i class=\"fa fa-circle-o\"></i> <i class=\"fa fa-circle-o\"></i> </td><td align=\"right\"><i class=\"fa fa-circle-o\"></i> <i class=\"fa fa-circle\"></i> </tr></table>\n|uhtml|bestof|<h2><strong>Game 2</strong> of <a href=\"/game-bestof3-gen9championsvgc2026regmbbo3-2673902477\">a best-of-3</a></h2>\n|t:|1788275413\n|gametype|doubles\n|player|p1|Ralph-LM|proton|\n|player|p2|shadow193|veteran|\n|gen|9\n|tier|[Gen 9 Champions] VGC 2026 Reg M-B (Bo3)\n|rule|Species Clause: Limit one of each Pokémon\n|rule|Item Clause: Limit 1 of each item\n|clearpoke\n|poke|p1|Heracross, L50, M, shiny|\n|poke|p1|Clefable, L50, F, shiny|\n|poke|p1|Rotom-Heat, L50, shiny|\n|poke|p1|Meowscarada, L50, F|\n|poke|p1|Basculegion-F, L50, F|\n|poke|p1|Dragonite, L50, M|\n|poke|p2|Maushold-Four, L50|\n|poke|p2|Azumarill, L50, M|\n|poke|p2|Mawile, L50, F|\n|poke|p2|Farigiraf, L50, F|\n|poke|p2|Gallade, L50, M|\n|poke|p2|Camerupt, L50, M|\n|teampreview|4\n|showteam|p1|Heracross||Heracronite|Moxie|Detect,RockBlast,PinMissile,CloseCombat|Adamant||M|||50|]Clefable||Clefablite|Unaware|Protect,FollowMe,Moonblast,HelpingHand|Modest||F|||50|]Rotom-Heat||WhiteHerb|Levitate|Overheat,Thunderbolt,VoltSwitch,Protect|Modest|||||50|]Meowscarada||FocusSash|Protean|FlowerTrick,TripleAxel,KnockOff,Protect|Adamant||F|||50|]Basculegion-F||SitrusBerry|Adaptability|AquaJet,LastRespects,WaveCrash,Protect|Adamant||F|||50|]Dragonite||Dragoninite|Multiscale|Tailwind,AirSlash,DragonPulse,Protect|Modest||M|||50|\n|showteam|p2|Maushold-Four||WideLens|Technician|PopulationBomb,FollowMe,AfterYou,Protect|Jolly|||||50|]Azumarill||SitrusBerry|HugePower|AquaJet,PlayRough,Protect,BellyDrum|Brave||M|||50|]Mawile||Mawilite|HyperCutter|PlayRough,SuckerPunch,RockSlide,Protect|Brave||F|||50|]Farigiraf||ColburBerry|ArmorTail|HelpingHand,Psychic,Protect,TrickRoom|Sassy||F|||50|]Gallade||FocusSash|Sharpness|SacredSword,PsychoCut,LeafBlade,Protect|Adamant||M|||50|]Camerupt||Cameruptite|SolidRock|HeatWave,EarthPower,Protect,AncientPower|Quiet||M|||50|\n|\n|t:|1788275432\n|teamsize|p1|4\n|teamsize|p2|4\n|start\n|switch|p1a: Heracross|Heracross, L50, M, shiny|100/100\n|switch|p1b: Clefable|Clefable, L50, F, shiny|100/100\n|switch|p2a: Farigiraf|Farigiraf, L50, F|100/100\n|switch|p2b: Gallade|Gallade, L50, M|100/100\n|turn|1\n|\n|t:|1788275449\n|detailschange|p1a: Heracross|Heracross-Mega, L50, M, shiny\n|-mega|p1a: Heracross|Heracross|Heracronite\n|move|p2a: Farigiraf|Protect|p2a: Farigiraf\n|-singleturn|p2a: Farigiraf|Protect\n|move|p2b: Gallade|Psycho Cut|p1a: Heracross\n|-supereffective|p1a: Heracross|1\n|-crit|p1a: Heracross\n|-damage|p1a: Heracross|0 fnt\n|faint|p1a: Heracross\n|move|p1b: Clefable|Moonblast|p2b: Gallade\n|-supereffective|p2b: Gallade|1\n|-damage|p2b: Gallade|7/100\n|\n|upkeep\n|\n|t:|1788275462\n|switch|p1a: Basculegion|Basculegion-F, L50, F|100/100\n|turn|2\n|\n|t:|1788275468\n|move|p2b: Gallade|Leaf Blade|p1a: Basculegion\n|-supereffective|p1a: Basculegion|1\n|-damage|p1a: Basculegion|2/100\n|-enditem|p1a: Basculegion|Sitrus Berry|[eat]\n|-heal|p1a: Basculegion|27/100|[from] item: Sitrus Berry\n|move|p1a: Basculegion|Wave Crash|p2a: Farigiraf\n|-damage|p2a: Farigiraf|46/100\n|-damage|p1a: Basculegion|7/100|[from] Recoil\n|move|p1b: Clefable|Moonblast|p2a: Farigiraf\n|-damage|p2a: Farigiraf|11/100\n|move|p2a: Farigiraf|Trick Room|p2a: Farigiraf\n|-fieldstart|move: Trick Room|[of] p2a: Farigiraf\n|\n|upkeep\n|turn|3\n|\n|t:|1788275493\n|move|p2a: Farigiraf|Psychic|p1b: Clefable\n|-damage|p1b: Clefable|69/100\n|move|p1b: Clefable|Moonblast|p2a: Farigiraf\n|-damage|p2a: Farigiraf|0 fnt\n|faint|p2a: Farigiraf\n|move|p1a: Basculegion|Wave Crash|p2b: Gallade\n|-damage|p2b: Gallade|0 fnt\n|faint|p2b: Gallade\n|-damage|p1a: Basculegion|5/100|[from] Recoil\n|\n|upkeep\n|\n|t:|1788275498\n|switch|p2a: Azumarill|Azumarill, L50, M|100/100\n|switch|p2b: Mawile|Mawile, L50, F|100/100\n|turn|4\n|\n|t:|1788275521\n|detailschange|p2b: Mawile|Mawile-Mega, L50, F\n|-mega|p2b: Mawile|Mawile|Mawilite\n|move|p1b: Clefable|Helping Hand|p1a: Basculegion\n|-singleturn|p1a: Basculegion|Helping Hand|[of] p1b: Clefable\n|move|p2a: Azumarill|Belly Drum|p2a: Azumarill\n|-damage|p2a: Azumarill|50/100y\n|-setboost|p2a: Azumarill|atk|6|[from] move: Belly Drum\n|-enditem|p2a: Azumarill|Sitrus Berry|[eat]\n|-heal|p2a: Azumarill|74/100|[from] item: Sitrus Berry\n|move|p2b: Mawile|Rock Slide|p1b: Clefable|[spread] p1a,p1b\n|-damage|p1a: Basculegion|0 fnt\n|-damage|p1b: Clefable|30/100\n|faint|p1a: Basculegion\n|\n|upkeep\n|\n|t:|1788275536\n|switch|p1a: Rotom|Rotom-Heat, L50, shiny|100/100\n|turn|5\n|\n|t:|1788275544\n|move|p1a: Rotom|Protect|p1a: Rotom\n|-singleturn|p1a: Rotom|Protect\n|move|p2a: Azumarill|Aqua Jet|p1a: Rotom\n|-activate|p1a: Rotom|move: Protect\n|move|p2b: Mawile|Play Rough|p1b: Clefable\n|-damage|p1b: Clefable|0 fnt\n|faint|p1b: Clefable\n|\n|upkeep\n|turn|6\n|\n|t:|1788275555\n|move|p1a: Rotom|Protect|p1a: Rotom\n|-singleturn|p1a: Rotom|Protect\n|move|p2a: Azumarill|Aqua Jet|p1a: Rotom\n|-activate|p1a: Rotom|move: Protect\n|move|p2b: Mawile|Rock Slide|p1a: Rotom\n|-activate|p1a: Rotom|move: Protect\n|\n|-fieldend|move: Trick Room\n|upkeep\n|turn|7\n|\n|t:|1788275564\n|move|p2a: Azumarill|Aqua Jet|p1a: Rotom\n|-supereffective|p1a: Rotom|1\n|-damage|p1a: Rotom|0 fnt\n|faint|p1a: Rotom\n|\n|win|shadow193\n","uploadtime":1788275564,"views":"1","formatid":"gen9championsvgc2026regmbbo3","rating":null,"private":0,"password":null}