{"id":"gen9championsvgc2026regmb-2674767191","format":"[Gen 9 Champions] VGC 2026 Reg M-B","players":["renix","raging__ryno"],"log":"|j|☆renix\n|j|☆raging__ryno\n|t:|1788403015\n|gametype|doubles\n|player|p1|renix|lucas|1356\n|player|p2|raging__ryno|266|1396\n|gen|9\n|tier|[Gen 9 Champions] VGC 2026 Reg M-B\n|rated|\n|rule|Species Clause: Limit one of each Pokémon\n|rule|Item Clause: Limit 1 of each item\n|clearpoke\n|poke|p1|Scizor, L50, M|\n|poke|p1|Sableye, L50, M|\n|poke|p1|Gholdengo, L50|\n|poke|p1|Milotic, L50, F|\n|poke|p1|Garchomp, L50, F|\n|poke|p1|Floette-Eternal, L50, F|\n|poke|p2|Froslass, L50, F|\n|poke|p2|Toxapex, L50, M|\n|poke|p2|Kingambit, L50, F|\n|poke|p2|Staraptor, L50, M|\n|poke|p2|Incineroar, L50, M|\n|poke|p2|Garchomp, L50, M|\n|teampreview|4\n|inactive|Battle timer is ON: inactive players will automatically lose when time's up. (requested by renix)\n|\n|t:|1788403037\n|teamsize|p1|4\n|teamsize|p2|4\n|start\n|switch|p1a: Scizor|Scizor, L50, M|100/100\n|switch|p1b: Sableye|Sableye, L50, M|100/100\n|switch|p2a: Froslass|Froslass, L50, F|100/100\n|switch|p2b: Kingambit|Kingambit, L50, F|100/100\n|turn|1\n|\n|t:|1788403054\n|detailschange|p2a: Froslass|Froslass-Mega, L50, F\n|-mega|p2a: Froslass|Froslass|Froslassite\n|-weather|Snowscape|[from] ability: Snow Warning|[of] p2a: Froslass\n|move|p1b: Sableye|Swagger|p1a: Scizor\n|-boost|p1a: Scizor|atk|2\n|-start|p1a: Scizor|confusion\n|-enditem|p1a: Scizor|Lum Berry|[eat]\n|-end|p1a: Scizor|confusion\n|move|p2a: Froslass|Aurora Veil|p2a: Froslass\n|-sidestart|p2: raging__ryno|move: Aurora Veil\n|move|p1a: Scizor|Swords Dance|p1a: Scizor\n|-boost|p1a: Scizor|atk|2\n|move|p2b: Kingambit|Swords Dance|p2b: Kingambit\n|-boost|p2b: Kingambit|atk|2\n|\n|-weather|Snowscape|[upkeep]\n|upkeep\n|turn|2\n|inactive|renix has 30 seconds left.\n|inactive|raging__ryno has 30 seconds left.\n|\n|t:|1788403084\n|switch|p2a: Incineroar|Incineroar, L50, M|100/100\n|-ability|p2a: Incineroar|Intimidate|boost\n|-unboost|p1a: Scizor|atk|1\n|-unboost|p1b: Sableye|atk|1\n|move|p1a: Scizor|Bullet Punch|p2b: Kingambit\n|-resisted|p2b: Kingambit|1\n|-damage|p2b: Kingambit|79/100\n|move|p2b: Kingambit|Sucker Punch||[still]\n|-fail|p2b: Kingambit\n|move|p1b: Sableye|Encore|p2a: Incineroar\n|-hint|Since gen 7, Dark is immune to Prankster moves.\n|-immune|p2a: Incineroar\n|\n|-weather|Snowscape|[upkeep]\n|upkeep\n|turn|3\n|inactive|renix has 30 seconds left.\n|\n|t:|1788403114\n|switch|p1b: Milotic|Milotic, L50, F|100/100\n|move|p2a: Incineroar|Fake Out|p1a: Scizor\n|-resisted|p1a: Scizor|1\n|-damage|p1a: Scizor|94/100\n|cant|p1a: Scizor|flinch\n|move|p2b: Kingambit|Kowtow Cleave|p1b: Milotic\n|-damage|p1b: Milotic|10/100\n|\n|-weather|Snowscape|[upkeep]\n|-heal|p1b: Milotic|16/100|[from] item: Leftovers\n|upkeep\n|turn|4\n|\n|t:|1788403138\n|move|p1b: Milotic|Hypnosis|p2a: Incineroar|[miss]\n|-miss|p1b: Milotic|p2a: Incineroar\n|move|p1a: Scizor|Acrobatics|p2a: Incineroar\n|-damage|p2a: Incineroar|36/100\n|-enditem|p2a: Incineroar|Sitrus Berry|[eat]\n|-heal|p2a: Incineroar|61/100|[from] item: Sitrus Berry\n|move|p2a: Incineroar|Throat Chop|p1b: Milotic\n|-damage|p1b: Milotic|0 fnt\n|faint|p1b: Milotic\n|move|p2b: Kingambit|Kowtow Cleave|p1a: Scizor\n|-damage|p1a: Scizor|0 fnt\n|faint|p1a: Scizor\n|\n|-weather|Snowscape|[upkeep]\n|upkeep\n|\n|t:|1788403158\n|switch|p1b: Sableye|Sableye, L50, M|100/100\n|switch|p1a: Gholdengo|Gholdengo, L50|100/100\n|turn|5\n|inactive|renix has 30 seconds left.\n|\n|t:|1788403184\n|move|p1b: Sableye|Fake Out|p2b: Kingambit\n|-resisted|p2b: Kingambit|1\n|-damage|p2b: Kingambit|77/100\n|cant|p2b: Kingambit|flinch\n|move|p1a: Gholdengo|Power Gem|p2a: Incineroar\n|-supereffective|p2a: Incineroar|1\n|-damage|p2a: Incineroar|30/100\n|move|p2a: Incineroar|Flare Blitz|p1a: Gholdengo\n|-supereffective|p1a: Gholdengo|1\n|-damage|p1a: Gholdengo|0 fnt\n|faint|p1a: Gholdengo\n|-damage|p2a: Incineroar|3/100|[from] Recoil\n|\n|-weather|none\n|-sideend|p2: raging__ryno|move: Aurora Veil\n|upkeep\n|turn|6\n|-message|renix forfeited.\n|\n|win|raging__ryno\n|raw|renix's rating: 1356 &rarr; <strong>1338</strong><br />(-18 for losing)\n|raw|raging__ryno's rating: 1396 &rarr; <strong>1414</strong><br />(+18 for winning)\n|l|☆renix\n|player|p1|\n","uploadtime":1788403207,"views":"10","formatid":"gen9championsvgc2026regmb","rating":1338,"private":0,"password":null}