{"id":"gen9championsvgc2026regmbbo3-2673551841","format":"[Gen 9 Champions] VGC 2026 Reg M-B (Bo3)","players":["gyaradosagent93","reshiee"],"log":"|j|☆gyaradosagent93\n|j|☆reshiee\n|html|<table width=\"100%\"><tr><td align=\"left\">gyaradosagent93</td><td align=\"right\">reshiee</tr><tr><td align=\"left\"><i class=\"fa fa-circle\"></i> <i class=\"fa fa-circle-o\"></i> </td><td align=\"right\"><i class=\"fa fa-circle-o\"></i> <i class=\"fa fa-circle\"></i> </tr></table>\n|uhtml|bestof|<h2><strong>Game 3</strong> of <a href=\"/game-bestof3-gen9championsvgc2026regmbbo3-2673545549\">a best-of-3</a></h2>\n|t:|1788212069\n|gametype|doubles\n|player|p1|gyaradosagent93|1|1237\n|player|p2|reshiee|gwynn|1165\n|gen|9\n|tier|[Gen 9 Champions] VGC 2026 Reg M-B (Bo3)\n|rated|\n|rule|Species Clause: Limit one of each Pokémon\n|rule|Item Clause: Limit 1 of each item\n|clearpoke\n|poke|p1|Dragonite, L50, F|\n|poke|p1|Kingambit, L50, M|\n|poke|p1|Whimsicott, L50, M|\n|poke|p1|Ninetales-Alola, L50, F|\n|poke|p1|Glimmora, L50, F|\n|poke|p1|Basculegion, L50, M|\n|poke|p2|Charizard, L50, M, shiny|\n|poke|p2|Pelipper, L50, M, shiny|\n|poke|p2|Archaludon, L50, M, shiny|\n|poke|p2|Venusaur, L50, F|\n|poke|p2|Swampert, L50, F|\n|poke|p2|Grimmsnarl, L50, M, shiny|\n|teampreview|4\n|showteam|p1|Dragonite||Dragoninite|InnerFocus|DragonPulse,HeatWave,Thunderbolt,Protect|Modest||F|||50|]Kingambit||ChopleBerry|Defiant|KowtowCleave,IronHead,LowKick,SuckerPunch|Adamant||M|||50|]Whimsicott||FocusSash|Prankster|Moonblast,Tailwind,Encore,Protect|Timid||M|||50|]Ninetales-Alola||NeverMeltIce|SnowWarning|Blizzard,FreezeDry,AuroraVeil,Protect|Timid||F|||50|]Glimmora||Glimmoranite|ToxicDebris|PowerGem,SludgeBomb,EarthPower,SpikyShield|Modest||F|||50|]Basculegion||LifeOrb|Adaptability|WaveCrash,LastRespects,AquaJet,Protect|Adamant||M|||50|\n|showteam|p2|Charizard||CharizarditeY|Blaze|Protect,HeatWave,WeatherBall,Hurricane|Modest||M|||50|]Pelipper||SitrusBerry|Drizzle|Hurricane,WeatherBall,Tailwind,WideGuard|Modest||M|||50|]Archaludon||Leftovers|Stamina|Protect,ElectroShot,DragonPulse,FlashCannon|Calm||M|||50|]Venusaur||FocusSash|Chlorophyll|Protect,SleepPowder,SludgeBomb,LeafStorm|Modest||F|||50|]Swampert||Swampertite|Torrent|Protect,WaveCrash,Earthquake,IcePunch|Adamant||F|||50|]Grimmsnarl||LightClay|Prankster|SpiritBreak,Reflect,LightScreen,PartingShot|Sassy||M|||50|\n|j| Pokecraft15\n|\n|t:|1788212092\n|teamsize|p1|4\n|teamsize|p2|4\n|start\n|switch|p1a: Dragonite|Dragonite, L50, F|100/100\n|switch|p1b: Whimsicott|Whimsicott, L50, M|100/100\n|switch|p2a: Venusaur|Venusaur, L50, F|100/100\n|switch|p2b: Charizard|Charizard, L50, M, shiny|100/100\n|turn|1\n|j| Failure toxic\n|\n|t:|1788212128\n|detailschange|p1a: Dragonite|Dragonite-Mega, L50, F\n|-mega|p1a: Dragonite|Dragonite|Dragoninite\n|detailschange|p2b: Charizard|Charizard-Mega-Y, L50, M, shiny\n|-mega|p2b: Charizard|Charizard|Charizardite Y\n|-weather|SunnyDay|[from] ability: Drought|[of] p2b: Charizard\n|move|p1a: Dragonite|Protect|p1a: Dragonite\n|-singleturn|p1a: Dragonite|Protect\n|move|p2a: Venusaur|Sleep Powder|p1a: Dragonite\n|-activate|p1a: Dragonite|move: Protect\n|move|p1b: Whimsicott|Moonblast|p2a: Venusaur\n|-resisted|p2a: Venusaur|1\n|-damage|p2a: Venusaur|79/100\n|move|p2b: Charizard|Heat Wave|p1b: Whimsicott|[spread] p1b\n|-activate|p1a: Dragonite|move: Protect\n|-supereffective|p1b: Whimsicott|1\n|-crit|p1b: Whimsicott\n|-enditem|p1b: Whimsicott|Focus Sash\n|-damage|p1b: Whimsicott|1/100\n|\n|-weather|SunnyDay|[upkeep]\n|upkeep\n|turn|2\n|c| Failure toxic|this is why i sure insomnia\n|c| Failure toxic|use\n|c|☆reshiee|lowkey may be cooking there\n|inactive|Battle timer is ON: inactive players will automatically lose when time's up. (requested by gyaradosagent93)\n|c| Failure toxic|gyaradosagent93 just heat wave and pray\n|\n|t:|1788212235\n|move|p2a: Venusaur|Protect|p2a: Venusaur\n|-singleturn|p2a: Venusaur|Protect\n|move|p1b: Whimsicott|Tailwind|p1b: Whimsicott\n|-sidestart|p1: gyaradosagent93|move: Tailwind\n|move|p1a: Dragonite|Heat Wave|p2b: Charizard|[spread] p2b\n|-activate|p2a: Venusaur|move: Protect\n|-resisted|p2b: Charizard|1\n|-damage|p2b: Charizard|80/100\n|move|p2b: Charizard|Heat Wave|p1b: Whimsicott|[spread] p1a,p1b\n|-resisted|p1a: Dragonite|1\n|-crit|p1a: Dragonite\n|-supereffective|p1b: Whimsicott|1\n|-damage|p1a: Dragonite|78/100\n|-damage|p1b: Whimsicott|0 fnt\n|faint|p1b: Whimsicott\n|\n|-weather|SunnyDay|[upkeep]\n|upkeep\n|c| Pokecraft15|1 hi toxic 2 are you also friends with reshiee? (if not what are you doing here?) 3 insomnia on what?\n|\n|t:|1788212250\n|switch|p1b: Ninetales|Ninetales-Alola, L50, F|100/100\n|-weather|Snowscape|[from] ability: Snow Warning|[of] p1b: Ninetales\n|turn|3\n|c| Failure toxic|insominia oh your own p\n|c| Failure toxic|k\n|inactive|gyaradosagent93 has 30 seconds left.\n|inactive|reshiee has 30 seconds left.\n|inactive|gyaradosagent93 has 20 seconds left.\n|inactive|reshiee has 20 seconds left.\n|\n|t:|1788212288\n|switch|p2a: Archaludon|Archaludon, L50, M, shiny|100/100\n|move|p1b: Ninetales|Blizzard|p2a: Archaludon|[spread] p2a,p2b\n|-damage|p2a: Archaludon|72/100\n|-damage|p2b: Charizard|51/100\n|-status|p2b: Charizard|frz\n|-ability|p2a: Archaludon|Stamina|boost\n|-boost|p2a: Archaludon|def|1\n|move|p1a: Dragonite|Heat Wave|p2a: Archaludon|[spread] p2a\n|-miss|p1a: Dragonite|p2b: Charizard\n|-damage|p2a: Archaludon|48/100\n|-ability|p2a: Archaludon|Stamina|boost\n|-boost|p2a: Archaludon|def|1\n|cant|p2b: Charizard|frz\n|\n|-weather|Snowscape|[upkeep]\n|-heal|p2a: Archaludon|54/100|[from] item: Leftovers\n|upkeep\n|turn|4\n|c| Failure toxic|i am here cus i am bored\n|c|☆reshiee|WILD\n|c|☆reshiee|lol\n|c| Failure toxic|wow\n|c| Pokecraft15|bro you need to stop hunting that oshawat\n|inactive|gyaradosagent93 has 30 seconds left.\n|inactive|reshiee has 30 seconds left.\n|inactive|reshiee has 20 seconds left.\n|inactive|reshiee has 15 seconds left.\n|inactive|reshiee has 10 seconds left.\n|\n|t:|1788212337\n|switch|p2b: Pelipper|Pelipper, L50, M, shiny|100/100\n|-weather|RainDance|[from] ability: Drizzle|[of] p2b: Pelipper\n|move|p1b: Ninetales|Freeze-Dry|p2b: Pelipper\n|-supereffective|p2b: Pelipper|2\n|-damage|p2b: Pelipper|0 fnt\n|faint|p2b: Pelipper\n|move|p1a: Dragonite|Dragon Pulse|p2a: Archaludon\n|-damage|p2a: Archaludon|11/100\n|-ability|p2a: Archaludon|Stamina|boost\n|-boost|p2a: Archaludon|def|1\n|move|p2a: Archaludon|Electro Shot||[still]\n|-prepare|p2a: Archaludon|Electro Shot\n|-boost|p2a: Archaludon|spa|1\n|-anim|p2a: Archaludon|Electro Shot|p1a: Dragonite\n|-damage|p1a: Dragonite|27/100\n|\n|-weather|RainDance|[upkeep]\n|-heal|p2a: Archaludon|17/100|[from] item: Leftovers\n|upkeep\n|c| Failure toxic|the freze is fine\n|c| Pokecraft15|DAYUM\n|\n|t:|1788212362\n|switch|p2b: Venusaur|Venusaur, L50, F|79/100\n|turn|5\n|\n|t:|1788212382\n|switch|p1b: Kingambit|Kingambit, L50, M|100/100\n|switch|p2a: Charizard|Charizard-Mega-Y, L50, M, shiny|51/100 frz\n|-weather|SunnyDay|[from] ability: Drought|[of] p2a: Charizard\n|move|p1a: Dragonite|Protect|p1a: Dragonite\n|-singleturn|p1a: Dragonite|Protect\n|move|p2b: Venusaur|Sludge Bomb|p1a: Dragonite\n|-activate|p1a: Dragonite|move: Protect\n|\n|-weather|SunnyDay|[upkeep]\n|-sideend|p1: gyaradosagent93|move: Tailwind\n|upkeep\n|turn|6\n|inactive|reshiee has 30 seconds left.\n|\n|t:|1788212408\n|switch|p2a: Archaludon|Archaludon, L50, M, shiny|17/100\n|switch|p1b: Ninetales|Ninetales-Alola, L50, F|100/100\n|-weather|Snowscape|[from] ability: Snow Warning|[of] p1b: Ninetales\n|move|p2b: Venusaur|Protect|p2b: Venusaur\n|-singleturn|p2b: Venusaur|Protect\n|move|p1a: Dragonite|Heat Wave|p2b: Venusaur|[spread] p2a\n|-activate|p2b: Venusaur|move: Protect\n|-damage|p2a: Archaludon|0 fnt\n|faint|p2a: Archaludon\n|\n|-weather|Snowscape|[upkeep]\n|upkeep\n|\n|t:|1788212422\n|switch|p2a: Charizard|Charizard-Mega-Y, L50, M, shiny|51/100 frz\n|-weather|SunnyDay|[from] ability: Drought|[of] p2a: Charizard\n|turn|7\n|\n|t:|1788212439\n|switch|p1b: Kingambit|Kingambit, L50, M|100/100\n|move|p1a: Dragonite|Protect|p1a: Dragonite\n|-singleturn|p1a: Dragonite|Protect\n|move|p2b: Venusaur|Sleep Powder|p1b: Kingambit|[miss]\n|-miss|p2b: Venusaur|p1b: Kingambit\n|-curestatus|p2a: Charizard|frz|[msg]\n|move|p2a: Charizard|Heat Wave|p1a: Dragonite|[spread] p1b\n|-activate|p1a: Dragonite|move: Protect\n|-supereffective|p1b: Kingambit|1\n|-damage|p1b: Kingambit|0 fnt\n|faint|p1b: Kingambit\n|\n|-weather|SunnyDay|[upkeep]\n|upkeep\n|\n|t:|1788212451\n|switch|p1b: Ninetales|Ninetales-Alola, L50, F|100/100\n|-weather|Snowscape|[from] ability: Snow Warning|[of] p1b: Ninetales\n|turn|8\n|c| Pokecraft15|noice zardy woke up\n|c| Failure toxic|bro\n|inactive|gyaradosagent93 has 30 seconds left.\n|inactive|reshiee has 30 seconds left.\n|c|☆reshiee|watch my luck freeze again\n|c| Failure toxic|the freeze never mattered\n|inactive|reshiee has 20 seconds left.\n|inactive|reshiee has 15 seconds left.\n|inactive|reshiee has 10 seconds left.\n|inactive|reshiee has 5 seconds left.\n|\n|t:|1788212502\n|move|p1b: Ninetales|Blizzard|p2b: Venusaur|[spread] p2a,p2b\n|-supereffective|p2b: Venusaur|1\n|-damage|p2a: Charizard|21/100\n|-damage|p2b: Venusaur|10/100\n|move|p1a: Dragonite|Thunderbolt|p2a: Charizard\n|-supereffective|p2a: Charizard|1\n|-damage|p2a: Charizard|0 fnt\n|faint|p2a: Charizard\n|move|p2b: Venusaur|Sludge Bomb|p1a: Dragonite\n|-damage|p1a: Dragonite|0 fnt\n|faint|p1a: Dragonite\n|\n|-weather|Snowscape|[upkeep]\n|upkeep\n|turn|9\n|c| Pokecraft15|dang\n|c|☆reshiee|ggwp\n|c|☆gyaradosagent93|gg fun games\n|\n|t:|1788212522\n|move|p1b: Ninetales|Blizzard|p2b: Venusaur\n|-supereffective|p2b: Venusaur|1\n|-damage|p2b: Venusaur|0 fnt\n|faint|p2b: Venusaur\n|\n|win|gyaradosagent93\n|raw|gyaradosagent93's rating: 1237 &rarr; <strong>1257</strong><br />(+20 for winning)\n|raw|reshiee's rating: 1165 &rarr; <strong>1145</strong><br />(-20 for losing)\n|l| Pokecraft15\n|l| Failure toxic\n|l|☆reshiee\n|player|p2|\n|j| Pokecraft15\n","uploadtime":1788212528,"views":"42","formatid":"gen9championsvgc2026regmbbo3","rating":1145,"private":0,"password":null}