{"id":"gen9championsvgc2026regmb-2674694636","format":"[Gen 9 Champions] VGC 2026 Reg M-B","players":["trump432","Lirtox"],"log":"|j|☆trump432\n|j|☆Lirtox\n|t:|1788391728\n|gametype|doubles\n|player|p1|trump432|2|1043\n|player|p2|Lirtox|lyra|1000\n|gen|9\n|tier|[Gen 9 Champions] VGC 2026 Reg M-B\n|rated|\n|rule|Species Clause: Limit one of each Pokémon\n|rule|Item Clause: Limit 1 of each item\n|clearpoke\n|poke|p1|Garchomp, L50, M|\n|poke|p1|Charizard, L50, M|\n|poke|p1|Umbreon, L50, M|\n|poke|p1|Gengar, L50, M|\n|poke|p1|Audino, L50, M|\n|poke|p1|Gholdengo, L50|\n|poke|p2|Toxapex, L50, M|\n|poke|p2|Dragalge, L50, F|\n|poke|p2|Forretress, L50, M|\n|poke|p2|Incineroar, L50, M|\n|poke|p2|Staraptor, L50, F|\n|poke|p2|Sinistcha, L50|\n|teampreview|4\n|\n|t:|1788391758\n|teamsize|p1|4\n|teamsize|p2|4\n|start\n|switch|p1a: Charizard|Charizard, L50, M|100/100\n|switch|p1b: Umbreon|Umbreon, L50, M|100/100\n|switch|p2a: Incineroar|Incineroar, L50, M|100/100\n|switch|p2b: Staraptor|Staraptor, L50, F|100/100\n|-ability|p2b: Staraptor|Intimidate|boost\n|-unboost|p1a: Charizard|atk|1\n|-fail|p1b: Umbreon|unboost|atk|[from] ability: Inner Focus|[of] p1b: Umbreon\n|-ability|p2a: Incineroar|Intimidate|boost\n|-unboost|p1a: Charizard|atk|1\n|-fail|p1b: Umbreon|unboost|atk|[from] ability: Inner Focus|[of] p1b: Umbreon\n|turn|1\n|\n|t:|1788391800\n|detailschange|p1a: Charizard|Charizard-Mega-Y, L50, M\n|-mega|p1a: Charizard|Charizard|Charizardite Y\n|-weather|SunnyDay|[from] ability: Drought|[of] p1a: Charizard\n|detailschange|p2b: Staraptor|Staraptor-Mega, L50, F\n|-mega|p2b: Staraptor|Staraptor|Staraptite\n|move|p2a: Incineroar|Fake Out|p1a: Charizard\n|-damage|p1a: Charizard|85/100\n|cant|p1a: Charizard|flinch\n|move|p2b: Staraptor|Final Gambit|p1b: Umbreon\n|-damage|p1b: Umbreon|5/100\n|faint|p2b: Staraptor\n|move|p1b: Umbreon|Focus Energy|p1b: Umbreon\n|-start|p1b: Umbreon|move: Focus Energy\n|\n|-weather|SunnyDay|[upkeep]\n|-heal|p1b: Umbreon|11/100|[from] item: Leftovers\n|upkeep\n|\n|t:|1788391811\n|switch|p2b: Toxapex|Toxapex, L50, M|100/100\n|turn|2\n|\n|t:|1788391825\n|move|p1a: Charizard|Ancient Power|p2a: Incineroar\n|-supereffective|p2a: Incineroar|1\n|-damage|p2a: Incineroar|69/100\n|move|p1b: Umbreon|Baton Pass|p1b: Umbreon\n|\n|t:|1788391830\n|switch|p1b: Garchomp|Garchomp, L50, M|100/100|[from] Baton Pass\n|move|p2a: Incineroar|Parting Shot|p1a: Charizard\n|-unboost|p1a: Charizard|atk|1\n|-unboost|p1a: Charizard|spa|1\n|\n|t:|1788391834\n|switch|p2a: Sinistcha|Sinistcha, L50|100/100|[from] Parting Shot\n|move|p2b: Toxapex|Toxic Spikes|p1b: Garchomp\n|-sidestart|p1: trump432|move: Toxic Spikes\n|\n|-weather|SunnyDay|[upkeep]\n|upkeep\n|turn|3\n|\n|t:|1788391851\n|move|p2b: Toxapex|Baneful Bunker|p2b: Toxapex\n|-singleturn|p2b: Toxapex|move: Protect\n|move|p1b: Garchomp|Earthquake|p2a: Sinistcha|[spread] p2a\n|-activate|p2b: Toxapex|move: Protect\n|-immune|p1a: Charizard\n|-resisted|p2a: Sinistcha|1\n|-damage|p2a: Sinistcha|83/100\n|-damage|p1b: Garchomp|90/100|[from] item: Life Orb\n|move|p1a: Charizard|Weather Ball|p2a: Sinistcha\n|-supereffective|p2a: Sinistcha|1\n|-enditem|p2a: Sinistcha|Occa Berry|[eat]\n|-enditem|p2a: Sinistcha|Occa Berry|[weaken]\n|-damage|p2a: Sinistcha|10/100\n|move|p2a: Sinistcha|Trick Room|p2a: Sinistcha\n|-fieldstart|move: Trick Room|[of] p2a: Sinistcha\n|\n|-weather|SunnyDay|[upkeep]\n|upkeep\n|turn|4\n|\n|t:|1788391871\n|move|p2b: Toxapex|Venoshock|p1a: Charizard\n|-damage|p1a: Charizard|71/100\n|move|p2a: Sinistcha|Night Shade|p1b: Garchomp\n|-damage|p1b: Garchomp|63/100\n|move|p1a: Charizard|Heat Wave|p2b: Toxapex|[spread] p2a,p2b\n|-supereffective|p2a: Sinistcha|1\n|-resisted|p2b: Toxapex|1\n|-damage|p2a: Sinistcha|0 fnt\n|-damage|p2b: Toxapex|80/100\n|faint|p2a: Sinistcha\n|move|p1b: Garchomp|Earthquake|p2b: Toxapex|[spread] p2b\n|-immune|p1a: Charizard\n|-supereffective|p2b: Toxapex|1\n|-crit|p2b: Toxapex\n|-damage|p2b: Toxapex|0 fnt\n|faint|p2b: Toxapex\n|-damage|p1b: Garchomp|53/100|[from] item: Life Orb\n|\n|-weather|SunnyDay|[upkeep]\n|upkeep\n|\n|t:|1788391878\n|switch|p2a: Incineroar|Incineroar, L50, M|69/100\n|-ability|p2a: Incineroar|Intimidate|boost\n|-unboost|p1a: Charizard|atk|1\n|-unboost|p1b: Garchomp|atk|1\n|turn|5\n|\n|t:|1788391923\n|move|p2a: Incineroar|Flare Blitz|p1b: Garchomp\n|-resisted|p1b: Garchomp|1\n|-damage|p1b: Garchomp|20/100y\n|-damage|p2a: Incineroar|56/100|[from] ability: Rough Skin|[of] p1b: Garchomp\n|-damage|p2a: Incineroar|47/100|[from] Recoil\n|-enditem|p2a: Incineroar|Sitrus Berry|[eat]\n|-heal|p2a: Incineroar|71/100|[from] item: Sitrus Berry\n|move|p1a: Charizard|Ancient Power|p2a: Incineroar\n|-supereffective|p2a: Incineroar|1\n|-damage|p2a: Incineroar|50/100y\n|move|p1b: Garchomp|Earthquake|p2a: Incineroar|[spread] p2a\n|-immune|p1a: Charizard\n|-supereffective|p2a: Incineroar|1\n|-crit|p2a: Incineroar\n|-damage|p2a: Incineroar|0 fnt\n|faint|p2a: Incineroar\n|-damage|p1b: Garchomp|10/100|[from] item: Life Orb\n|\n|win|trump432\n|raw|trump432's rating: 1043 &rarr; <strong>1072</strong><br />(+29 for winning)\n|raw|Lirtox's rating: 1000 &rarr; <strong>1000</strong><br />(+0 for losing)\n","uploadtime":1788391945,"views":"1","formatid":"gen9championsvgc2026regmb","rating":1000,"private":0,"password":null}