{"id":"gen9championsvgc2026regmb-2674670480","format":"[Gen 9 Champions] VGC 2026 Reg M-B","players":["wearifulpoet","PokemonRangerJon"],"log":"|j|☆wearifulpoet\n|j|☆PokemonRangerJon\n|t:|1788388051\n|gametype|doubles\n|player|p1|wearifulpoet|266|1235\n|player|p2|PokemonRangerJon|pokemonranger-gen4|1194\n|gen|9\n|tier|[Gen 9 Champions] VGC 2026 Reg M-B\n|rated|\n|rule|Species Clause: Limit one of each Pokémon\n|rule|Item Clause: Limit 1 of each item\n|clearpoke\n|poke|p1|Charizard, L50, F|\n|poke|p1|Whimsicott, L50, M|\n|poke|p1|Garchomp, L50, F|\n|poke|p1|Floette-Eternal, L50, F|\n|poke|p1|Basculegion, L50, M|\n|poke|p1|Kingambit, L50, F|\n|poke|p2|Floette-Eternal, L50, F|\n|poke|p2|Feraligatr, L50, M|\n|poke|p2|Incineroar, L50, M|\n|poke|p2|Sneasler, L50, M|\n|poke|p2|Arcanine-Hisui, L50, F|\n|poke|p2|Azumarill, L50, F|\n|teampreview|4\n|inactive|Battle timer is ON: inactive players will automatically lose when time's up. (requested by PokemonRangerJon)\nPokemonRangerJon rejected open team sheets.\n|inactive|wearifulpoet has 60 seconds left.\n|\n|t:|1788388092\n|teamsize|p1|4\n|teamsize|p2|4\n|start\n|switch|p1a: Charizard|Charizard, L50, F|100/100\n|switch|p1b: Garchomp|Garchomp, L50, F|100/100\n|switch|p2a: Incineroar|Incineroar, L50, M|100/100\n|switch|p2b: Sneasler|Sneasler, L50, M|100/100\n|-ability|p2a: Incineroar|Intimidate|boost\n|-unboost|p1a: Charizard|atk|1\n|-unboost|p1b: Garchomp|atk|1\n|turn|1\n|inactive|PokemonRangerJon has 30 seconds left.\n|inactive|PokemonRangerJon has 20 seconds left.\n|inactive|wearifulpoet has 30 seconds left.\n|\n|t:|1788388134\n|switch|p1b: Basculegion|Basculegion, L50, M|100/100\n|switch|p1a: Kingambit|Kingambit, L50, F|100/100\n|move|p2a: Incineroar|Fake Out|p1b: Basculegion\n|-immune|p1b: Basculegion\n|move|p2b: Sneasler|Dire Claw|p1a: Kingambit\n|-immune|p1a: Kingambit\n|\n|upkeep\n|turn|2\n|inactive|wearifulpoet has 30 seconds left.\n|inactive|PokemonRangerJon has 30 seconds left.\n|inactive|wearifulpoet has 20 seconds left.\n|inactive|PokemonRangerJon has 20 seconds left.\n|\n|t:|1788388173\n|switch|p1a: Charizard|Charizard, L50, F|100/100\n|move|p1b: Basculegion|Aqua Jet|p2b: Sneasler\n|-damage|p2b: Sneasler|38/100\n|-damage|p1b: Basculegion|90/100|[from] item: Life Orb\n|move|p2b: Sneasler|Close Combat|p1a: Charizard\n|-resisted|p1a: Charizard|1\n|-damage|p1a: Charizard|64/100\n|-unboost|p2b: Sneasler|def|1\n|-unboost|p2b: Sneasler|spd|1\n|move|p2a: Incineroar|Throat Chop|p1a: Charizard\n|-damage|p1a: Charizard|30/100\n|-start|p1a: Charizard|Throat Chop|[silent]\n|\n|upkeep\n|turn|3\n|inactive|wearifulpoet has 30 seconds left.\n|inactive|PokemonRangerJon has 30 seconds left.\n|inactive|wearifulpoet has 20 seconds left.\n|\n|t:|1788388209\n|move|p1a: Charizard|Protect|p1a: Charizard\n|-singleturn|p1a: Charizard|Protect\n|move|p1b: Basculegion|Aqua Jet|p2b: Sneasler\n|-damage|p2b: Sneasler|0 fnt\n|faint|p2b: Sneasler\n|-damage|p1b: Basculegion|80/100|[from] item: Life Orb\n|move|p2a: Incineroar|Throat Chop|p1b: Basculegion\n|-supereffective|p1b: Basculegion|1\n|-damage|p1b: Basculegion|11/100\n|-start|p1b: Basculegion|Throat Chop|[silent]\n|\n|-end|p1a: Charizard|Throat Chop|[silent]\n|upkeep\n|\n|t:|1788388209\n|switch|p2b: Arcanine|Arcanine-Hisui, L50, F|100/100\n|turn|4\n|inactive|PokemonRangerJon has 30 seconds left.\n|\n|t:|1788388237\n|switch|p2a: Floette|Floette-Eternal, L50, F|100/100\n|detailschange|p1a: Charizard|Charizard-Mega-Y, L50, F\n|-mega|p1a: Charizard|Charizard|Charizardite Y\n|-weather|SunnyDay|[from] ability: Drought|[of] p1a: Charizard\n|move|p2b: Arcanine|Protect|p2b: Arcanine\n|-singleturn|p2b: Arcanine|Protect\n|move|p1b: Basculegion|Aqua Jet|p2b: Arcanine\n|-activate|p2b: Arcanine|move: Protect\n|move|p1a: Charizard|Ancient Power|p2a: Floette\n|-damage|p2a: Floette|80/100\n|\n|-weather|SunnyDay|[upkeep]\n|-end|p1b: Basculegion|Throat Chop|[silent]\n|upkeep\n|turn|5\n|inactive|PokemonRangerJon has 30 seconds left.\n|inactive|PokemonRangerJon has 20 seconds left.\n|\n|t:|1788388273\n|detailschange|p2a: Floette|Floette-Mega, L50, F\n|-mega|p2a: Floette|Floette|Floettite\n|-ability|p2a: Floette|Fairy Aura\n|move|p1b: Basculegion|Aqua Jet|p2b: Arcanine\n|-supereffective|p2b: Arcanine|2\n|-damage|p2b: Arcanine|21/100\n|-damage|p1b: Basculegion|2/100|[from] item: Life Orb\n|move|p2a: Floette|Dazzling Gleam|p1a: Charizard|[spread] p1a,p1b\n|-resisted|p1a: Charizard|1\n|-crit|p1b: Basculegion\n|-damage|p1a: Charizard|9/100\n|-damage|p1b: Basculegion|0 fnt\n|faint|p1b: Basculegion\n|move|p1a: Charizard|Weather Ball|p2a: Floette\n|-damage|p2a: Floette|12/100\n|move|p2b: Arcanine|Flare Blitz|p1a: Charizard\n|-resisted|p1a: Charizard|1\n|-damage|p1a: Charizard|0 fnt\n|faint|p1a: Charizard\n|-damage|p2b: Arcanine|11/100|[from] item: Life Orb\n|\n|-weather|SunnyDay|[upkeep]\n|upkeep\n|\n|t:|1788388288\n|switch|p1a: Garchomp|Garchomp, L50, F|100/100\n|switch|p1b: Kingambit|Kingambit, L50, F|100/100\n|turn|6\n|inactive|PokemonRangerJon has 30 seconds left.\n|\n|t:|1788388321\n|move|p2a: Floette|Protect|p2a: Floette\n|-singleturn|p2a: Floette|Protect\n|move|p2b: Arcanine|Extreme Speed|p1b: Kingambit\n|-resisted|p1b: Kingambit|1\n|-damage|p1b: Kingambit|87/100\n|-damage|p2b: Arcanine|1/100|[from] item: Life Orb\n|move|p1a: Garchomp|Rock Slide|p2a: Floette|[spread] p2b\n|-activate|p2a: Floette|move: Protect\n|-supereffective|p2b: Arcanine|1\n|-damage|p2b: Arcanine|0 fnt\n|faint|p2b: Arcanine\n|move|p1b: Kingambit|Low Kick|p2a: Floette\n|-activate|p2a: Floette|move: Protect\n|\n|-weather|SunnyDay|[upkeep]\n|upkeep\n|\n|t:|1788388322\n|switch|p2b: Incineroar|Incineroar, L50, M|100/100\n|-ability|p2b: Incineroar|Intimidate|boost\n|-unboost|p1a: Garchomp|atk|1\n|-unboost|p1b: Kingambit|atk|1\n|-ability|p1b: Kingambit|Defiant|boost\n|-boost|p1b: Kingambit|atk|2\n|turn|7\n|inactive|PokemonRangerJon has 30 seconds left.\n|\n|t:|1788388353\n|move|p2a: Floette|Protect||[still]\n|-fail|p2a: Floette\n|move|p2b: Incineroar|Fake Out|p1b: Kingambit\n|-resisted|p1b: Kingambit|1\n|-crit|p1b: Kingambit\n|-damage|p1b: Kingambit|81/100\n|move|p1a: Garchomp|Rock Slide|p2b: Incineroar|[spread] p2a,p2b\n|-supereffective|p2b: Incineroar|1\n|-damage|p2a: Floette|0 fnt\n|-damage|p2b: Incineroar|83/100\n|faint|p2a: Floette\n|cant|p1b: Kingambit|flinch\n|\n|-weather|SunnyDay|[upkeep]\n|upkeep\n|turn|8\n|\n|t:|1788388368\n|move|p2b: Incineroar|Protect|p2b: Incineroar\n|-singleturn|p2b: Incineroar|Protect\n|move|p1a: Garchomp|Dragon Claw|p2b: Incineroar\n|-activate|p2b: Incineroar|move: Protect\n|move|p1b: Kingambit|Low Kick|p2b: Incineroar\n|-activate|p2b: Incineroar|move: Protect\n|\n|-weather|none\n|upkeep\n|turn|9\n|\n|t:|1788388373\n|move|p1a: Garchomp|Dragon Claw|p2b: Incineroar\n|-damage|p2b: Incineroar|66/100\n|move|p1b: Kingambit|Low Kick|p2b: Incineroar\n|-supereffective|p2b: Incineroar|1\n|-crit|p2b: Incineroar\n|-damage|p2b: Incineroar|0 fnt\n|faint|p2b: Incineroar\n|\n|win|wearifulpoet\n|raw|wearifulpoet's rating: 1235 &rarr; <strong>1257</strong><br />(+22 for winning)\n|raw|PokemonRangerJon's rating: 1194 &rarr; <strong>1172</strong><br />(-22 for losing)\n|c|☆wearifulpoet|gg\n","uploadtime":1788388382,"views":"4","formatid":"gen9championsvgc2026regmb","rating":1172,"private":0,"password":null}