{"id":"gen9championsvgc2026regmbbo3-2674659945","format":"[Gen 9 Champions] VGC 2026 Reg M-B (Bo3)","players":["globitooo","Pawah"],"log":"|j|☆globitooo\n|j|☆Pawah\n|html|<table width=\"100%\"><tr><td align=\"left\">globitooo</td><td align=\"right\">Pawah</tr><tr><td align=\"left\"><i class=\"fa fa-circle\"></i> <i class=\"fa fa-circle-o\"></i> </td><td align=\"right\"><i class=\"fa fa-circle-o\"></i> <i class=\"fa fa-circle-o\"></i> </tr></table>\n|uhtml|bestof|<h2><strong>Game 2</strong> of <a href=\"/game-bestof3-gen9championsvgc2026regmbbo3-2674658569\">a best-of-3</a></h2>\n|t:|1788386500\n|gametype|doubles\n|player|p1|globitooo|102|1195\n|player|p2|Pawah|ethan|1301\n|gen|9\n|tier|[Gen 9 Champions] VGC 2026 Reg M-B (Bo3)\n|rated|\n|rule|Species Clause: Limit one of each Pokémon\n|rule|Item Clause: Limit 1 of each item\n|clearpoke\n|poke|p1|Gholdengo, L50|\n|poke|p1|Staraptor, L50, F|\n|poke|p1|Tyranitar, L50, F|\n|poke|p1|Farigiraf, L50, F|\n|poke|p1|Whimsicott, L50, M, shiny|\n|poke|p1|Excadrill, L50, F, shiny|\n|poke|p2|Froslass, L50, F|\n|poke|p2|Scovillain, L50, F, shiny|\n|poke|p2|Basculegion, L50, M|\n|poke|p2|Kingambit, L50, M|\n|poke|p2|Sneasler, L50, F|\n|poke|p2|Lycanroc-Dusk, L50, M|\n|teampreview|4\n|showteam|p1|Gholdengo||LifeOrb|GoodasGold|Protect,ShadowBall,MakeItRain,PowerGem|Timid|||||50|]Staraptor||Staraptite|Intimidate|Protect,BraveBird,CloseCombat,Tailwind|Jolly||F|||50|]Tyranitar||ChopleBerry|SandStream|Protect,KnockOff,RockSlide,LowKick|Adamant||F|||50|]Farigiraf||SitrusBerry|ArmorTail|Psychic,Thunderbolt,NastyPlot,TrickRoom|Bold||F|||50|]Whimsicott||FocusSash|Prankster|Tailwind,Moonblast,Encore,Charm|Timid||M|||50|]Excadrill||ExpertBelt|SandRush|Protect,IronHead,HighHorsepower,Earthquake|Adamant||F|||50|\n|showteam|p2|Froslass||Froslassite|CursedBody|Blizzard,ShadowBall,AuroraVeil,Protect|Modest||F|||50|]Scovillain||Scovillainite|Moody|GigaDrain,Overheat,RagePowder,Protect|Bold||F|||50|]Basculegion||SitrusBerry|Adaptability|WaveCrash,LastRespects,AquaJet,Protect|Adamant||M|||50|]Kingambit||BlackGlasses|Defiant|KowtowCleave,SuckerPunch,SwordsDance,Protect|Adamant||M|||50|]Sneasler||WhiteHerb|Unburden|CloseCombat,GunkShot,Protect,FakeOut|Adamant||F|||50|]Lycanroc-Dusk||FocusSash|ToughClaws|CloseCombat,Accelerock,RockSlide,Protect|Adamant||M|||50|\n|inactive|Battle timer is ON: inactive players will automatically lose when time's up. (requested by globitooo)\n|inactive|Pawah also wants the timer to be on.\n|\n|t:|1788386527\n|teamsize|p1|4\n|teamsize|p2|4\n|start\n|switch|p1a: Staraptor|Staraptor, L50, F|100/100\n|switch|p1b: Tyranitar|Tyranitar, L50, F|100/100\n|switch|p2a: Froslass|Froslass, L50, F|100/100\n|switch|p2b: Sneasler|Sneasler, L50, F|100/100\n|-ability|p1a: Staraptor|Intimidate|boost\n|-unboost|p2a: Froslass|atk|1\n|-unboost|p2b: Sneasler|atk|1\n|-weather|Sandstorm|[from] ability: Sand Stream|[of] p1b: Tyranitar\n|-enditem|p2b: Sneasler|White Herb\n|-clearnegativeboost|p2b: Sneasler|[silent]\n|turn|1\n|\n|t:|1788386552\n|switch|p1b: Gholdengo|Gholdengo, L50|100/100\n|detailschange|p1a: Staraptor|Staraptor-Mega, L50, F\n|-mega|p1a: Staraptor|Staraptor|Staraptite\n|detailschange|p2a: Froslass|Froslass-Mega, L50, F\n|-mega|p2a: Froslass|Froslass|Froslassite\n|-weather|Snowscape|[from] ability: Snow Warning|[of] p2a: Froslass\n|move|p1a: Staraptor|Protect|p1a: Staraptor\n|-singleturn|p1a: Staraptor|Protect\n|move|p2b: Sneasler|Fake Out|p1a: Staraptor\n|-activate|p1a: Staraptor|move: Protect\n|move|p2a: Froslass|Blizzard|p1a: Staraptor|[spread] p1b\n|-activate|p1a: Staraptor|move: Protect\n|-resisted|p1b: Gholdengo|1\n|-damage|p1b: Gholdengo|76/100\n|\n|-weather|Snowscape|[upkeep]\n|upkeep\n|turn|2\n|inactive|globitooo has 30 seconds left.\n|\n|t:|1788386582\n|switch|p2b: Kingambit|Kingambit, L50, M|100/100\n|move|p1a: Staraptor|Tailwind|p1a: Staraptor\n|-sidestart|p1: globitooo|move: Tailwind\n|move|p1b: Gholdengo|Make It Rain|p2b: Kingambit|[spread] p2a,p2b\n|-supereffective|p2a: Froslass|1\n|-resisted|p2b: Kingambit|1\n|-damage|p2a: Froslass|0 fnt\n|-damage|p2b: Kingambit|71/100\n|-unboost|p1b: Gholdengo|spa|2\n|faint|p2a: Froslass\n|-damage|p1b: Gholdengo|67/100|[from] item: Life Orb\n|\n|-weather|Snowscape|[upkeep]\n|upkeep\n|\n|t:|1788386592\n|switch|p2a: Basculegion|Basculegion, L50, M|100/100\n|turn|3\n|\n|t:|1788386604\n|switch|p1b: Tyranitar|Tyranitar, L50, F|100/100\n|-weather|Sandstorm|[from] ability: Sand Stream|[of] p1b: Tyranitar\n|switch|p2b: Sneasler|Sneasler, L50, F|100/100\n|move|p1a: Staraptor|Close Combat|p2b: Sneasler\n|-resisted|p2b: Sneasler|1\n|-damage|p2b: Sneasler|71/100\n|-boost|p1a: Staraptor|def|1\n|-boost|p1a: Staraptor|spd|1\n|move|p2a: Basculegion|Last Respects|p1a: Staraptor\n|-damage|p1a: Staraptor|62/100\n|\n|-weather|Sandstorm|[upkeep]\n|-damage|p1a: Staraptor|56/100|[from] Sandstorm\n|-damage|p2b: Sneasler|65/100|[from] Sandstorm\n|-damage|p2a: Basculegion|94/100|[from] Sandstorm\n|upkeep\n|turn|4\n|\n|t:|1788386630\n|move|p2b: Sneasler|Fake Out|p1b: Tyranitar\n|-resisted|p1b: Tyranitar|1\n|-damage|p1b: Tyranitar|95/100\n|move|p1a: Staraptor|Brave Bird|p2b: Sneasler\n|-supereffective|p2b: Sneasler|1\n|-damage|p2b: Sneasler|0 fnt\n|faint|p2b: Sneasler\n|-damage|p1a: Staraptor|37/100|[from] Recoil\n|cant|p1b: Tyranitar|flinch\n|move|p2a: Basculegion|Wave Crash|p1b: Tyranitar\n|-supereffective|p1b: Tyranitar|1\n|-damage|p1b: Tyranitar|0 fnt\n|faint|p1b: Tyranitar\n|-damage|p2a: Basculegion|65/100|[from] Recoil\n|\n|-weather|Sandstorm|[upkeep]\n|-damage|p1a: Staraptor|31/100|[from] Sandstorm\n|-damage|p2a: Basculegion|59/100|[from] Sandstorm\n|upkeep\n|inactive|globitooo has 30 seconds left.\n|\n|t:|1788386657\n|switch|p2b: Kingambit|Kingambit, L50, M|71/100\n|switch|p1b: Gholdengo|Gholdengo, L50|67/100\n|turn|5\n|inactive|globitooo has 30 seconds left.\n|\n|t:|1788386682\n|move|p2b: Kingambit|Protect|p2b: Kingambit\n|-singleturn|p2b: Kingambit|Protect\n|move|p1a: Staraptor|Close Combat|p2b: Kingambit\n|-activate|p2b: Kingambit|move: Protect\n|move|p1b: Gholdengo|Shadow Ball|p2a: Basculegion\n|-supereffective|p2a: Basculegion|1\n|-damage|p2a: Basculegion|0 fnt\n|faint|p2a: Basculegion\n|-damage|p1b: Gholdengo|57/100|[from] item: Life Orb\n|\n|-weather|Sandstorm|[upkeep]\n|-damage|p1a: Staraptor|25/100|[from] Sandstorm\n|-sideend|p1: globitooo|move: Tailwind\n|upkeep\n|turn|6\n|\n|t:|1788386699\n|move|p2b: Kingambit|Sucker Punch|p1b: Gholdengo\n|-supereffective|p1b: Gholdengo|1\n|-damage|p1b: Gholdengo|0 fnt\n|faint|p1b: Gholdengo\n|move|p1a: Staraptor|Close Combat|p2b: Kingambit\n|-supereffective|p2b: Kingambit|2\n|-damage|p2b: Kingambit|0 fnt\n|-boost|p1a: Staraptor|def|1\n|-boost|p1a: Staraptor|spd|1\n|faint|p2b: Kingambit\n|\n|win|globitooo\n|raw|globitooo's rating: 1195 &rarr; <strong>1227</strong><br />(+32 for winning)\n|raw|Pawah's rating: 1301 &rarr; <strong>1275</strong><br />(-26 for losing)\n","uploadtime":1788386699,"views":"1","formatid":"gen9championsvgc2026regmbbo3","rating":1227,"private":0,"password":null}