{"id":"gen9championsvgc2026regmb-2674070951","format":"[Gen 9 Champions] VGC 2026 Reg M-B","players":["VikaVoss","ethalem77"],"log":"|j|☆VikaVoss\n|j|☆ethalem77\n|t:|1788295181\n|gametype|doubles\n|player|p1|VikaVoss|caitlin|1471\n|player|p2|ethalem77|acetrainer-gen4dp|1540\n|gen|9\n|tier|[Gen 9 Champions] VGC 2026 Reg M-B\n|rated|\n|rule|Species Clause: Limit one of each Pokémon\n|rule|Item Clause: Limit 1 of each item\n|clearpoke\n|poke|p1|Roserade, L50, F, shiny|\n|poke|p1|Froslass, L50, F|\n|poke|p1|Incineroar, L50, M|\n|poke|p1|Rotom-Wash, L50|\n|poke|p1|Basculegion-F, L50, F|\n|poke|p1|Glimmora, L50, M|\n|poke|p2|Dragonite, L50, M|\n|poke|p2|Sneasler, L50, M|\n|poke|p2|Basculegion, L50, M|\n|poke|p2|Kingambit, L50, M|\n|poke|p2|Garchomp, L50, M|\n|poke|p2|Floette-Eternal, L50, F|\n|teampreview|4\n|inactive|Battle timer is ON: inactive players will automatically lose when time's up. (requested by ethalem77)\n|inactive|VikaVoss has 60 seconds left.\n|\n|t:|1788295214\n|teamsize|p1|4\n|teamsize|p2|4\n|start\n|switch|p1a: Glimmora|Glimmora, L50, M|100/100\n|switch|p1b: Rotom|Rotom-Wash, L50|100/100\n|switch|p2a: Floette|Floette-Eternal, L50, F|100/100\n|switch|p2b: Kingambit|Kingambit, L50, M|100/100\n|turn|1\n|\n|t:|1788295225\n|detailschange|p2a: Floette|Floette-Mega, L50, F\n|-mega|p2a: Floette|Floette|Floettite\n|-ability|p2a: Floette|Fairy Aura\n|move|p2b: Kingambit|Sucker Punch|p1a: Glimmora\n|-damage|p1a: Glimmora|58/100\n|-activate|p1a: Glimmora|ability: Toxic Debris\n|-sidestart|p2: ethalem77|move: Toxic Spikes\n|move|p2a: Floette|Light of Ruin|p1b: Rotom|[miss]\n|-miss|p2a: Floette|p1b: Rotom\n|move|p1a: Glimmora|Mortal Spin|p2b: Kingambit|[spread] p2a\n|-immune|p2b: Kingambit\n|-supereffective|p2a: Floette|1\n|-damage|p2a: Floette|88/100\n|-status|p2a: Floette|psn\n|move|p1b: Rotom|Will-O-Wisp|p2b: Kingambit\n|-status|p2b: Kingambit|brn\n|\n|-damage|p2a: Floette|75/100 psn|[from] psn\n|-damage|p2b: Kingambit|94/100 brn|[from] brn\n|upkeep\n|turn|2\n|inactive|VikaVoss has 30 seconds left.\n|inactive|VikaVoss has 20 seconds left.\n|inactive|VikaVoss has 15 seconds left.\n|inactive|VikaVoss has 10 seconds left.\n|inactive|VikaVoss has 5 seconds left.\n|\n|t:|1788295275\n|move|p2b: Kingambit|Sucker Punch|p1a: Glimmora\n|-damage|p1a: Glimmora|33/100\n|-activate|p1a: Glimmora|ability: Toxic Debris\n|-sidestart|p2: ethalem77|move: Toxic Spikes\n|move|p2a: Floette|Light of Ruin|p1b: Rotom\n|-damage|p1b: Rotom|1/100\n|-damage|p2a: Floette|24/100 psn|[from] Recoil\n|move|p1a: Glimmora|Earth Power|p2b: Kingambit\n|-supereffective|p2b: Kingambit|1\n|-damage|p2b: Kingambit|44/100 brn\n|move|p1b: Rotom|Thunderbolt|p2b: Kingambit\n|-damage|p2b: Kingambit|17/100 brn\n|\n|-heal|p1b: Rotom|6/100|[from] item: Leftovers\n|-damage|p2a: Floette|12/100 psn|[from] psn\n|-damage|p2b: Kingambit|11/100 brn|[from] brn\n|upkeep\n|turn|3\n|\n|t:|1788295294\n|move|p1a: Glimmora|Spiky Shield|p1a: Glimmora\n|-singleturn|p1a: Glimmora|move: Protect\n|move|p1b: Rotom|Protect|p1b: Rotom\n|-singleturn|p1b: Rotom|Protect\n|move|p2b: Kingambit|Sucker Punch||[still]\n|-fail|p2b: Kingambit\n|move|p2a: Floette|Dazzling Gleam|p1b: Rotom|[spread] \n|-activate|p1a: Glimmora|move: Protect\n|-activate|p1b: Rotom|move: Protect\n|\n|-heal|p1b: Rotom|12/100|[from] item: Leftovers\n|-damage|p2a: Floette|0 fnt|[from] psn\n|faint|p2a: Floette\n|-damage|p2b: Kingambit|5/100 brn|[from] brn\n|upkeep\n|\n|t:|1788295299\n|switch|p2a: Sneasler|Sneasler, L50, M|100/100\n|-sideend|p2: ethalem77|move: Toxic Spikes|[of] p2a: Sneasler\n|turn|4\n|inactive|VikaVoss has 30 seconds left.\n|\n|t:|1788295328\n|move|p1a: Glimmora|Spiky Shield||[still]\n|-fail|p1a: Glimmora\n|move|p2a: Sneasler|Fake Out|p1a: Glimmora\n|-resisted|p1a: Glimmora|1\n|-damage|p1a: Glimmora|25/100\n|-activate|p1a: Glimmora|ability: Toxic Debris\n|-sidestart|p2: ethalem77|move: Toxic Spikes\n|move|p2b: Kingambit|Sucker Punch||[still]\n|-fail|p2b: Kingambit\n|move|p1b: Rotom|Will-O-Wisp|p2a: Sneasler\n|-status|p2a: Sneasler|brn\n|\n|-heal|p1b: Rotom|17/100|[from] item: Leftovers\n|-damage|p2a: Sneasler|94/100 brn|[from] brn\n|-damage|p2b: Kingambit|0 fnt|[from] brn\n|faint|p2b: Kingambit\n|upkeep\n|\n|t:|1788295340\n|switch|p2b: Basculegion|Basculegion, L50, M|100/100\n|-status|p2b: Basculegion|psn\n|turn|5\n|\n|t:|1788295354\n|move|p1a: Glimmora|Spiky Shield|p1a: Glimmora\n|-singleturn|p1a: Glimmora|move: Protect\n|move|p2b: Basculegion|Aqua Jet|p1a: Glimmora\n|-activate|p1a: Glimmora|move: Protect\n|-damage|p2b: Basculegion|87/100 psn|[from] Spiky Shield|[of] p1a: Glimmora\n|move|p2a: Sneasler|Close Combat|p1b: Rotom\n|-damage|p1b: Rotom|0 fnt\n|-unboost|p2a: Sneasler|def|1\n|-unboost|p2a: Sneasler|spd|1\n|faint|p1b: Rotom\n|\n|-damage|p2b: Basculegion|75/100 psn|[from] psn\n|-damage|p2a: Sneasler|88/100 brn|[from] brn\n|upkeep\n|inactive|VikaVoss has 30 seconds left.\n|\n|t:|1788295384\n|switch|p1b: Froslass|Froslass, L50, F|100/100\n|turn|6\n|\n|t:|1788295407\n|detailschange|p1b: Froslass|Froslass-Mega, L50, F\n|-mega|p1b: Froslass|Froslass|Froslassite\n|-weather|Snowscape|[from] ability: Snow Warning|[of] p1b: Froslass\n|move|p2a: Sneasler|Close Combat|p1a: Glimmora\n|-damage|p1a: Glimmora|0 fnt\n|-unboost|p2a: Sneasler|def|1\n|-unboost|p2a: Sneasler|spd|1\n|-activate|p1a: Glimmora|ability: Toxic Debris\n|-sidestart|p2: ethalem77|move: Toxic Spikes\n|faint|p1a: Glimmora\n|move|p1b: Froslass|Aurora Veil|p1b: Froslass\n|-sidestart|p1: VikaVoss|move: Aurora Veil\n|move|p2b: Basculegion|Last Respects|p1b: Froslass\n|-supereffective|p1b: Froslass|1\n|-damage|p1b: Froslass|0 fnt\n|faint|p1b: Froslass\n|-damage|p2b: Basculegion|66/100 psn|[from] item: Life Orb\n|\n|-weather|Snowscape|[upkeep]\n|-damage|p2b: Basculegion|54/100 psn|[from] psn\n|-damage|p2a: Sneasler|82/100 brn|[from] brn\n|upkeep\n|\n|t:|1788295422\n|switch|p1a: Roserade|Roserade, L50, F, shiny|100/100\n|turn|7\n|c|☆ethalem77|If u pressed shadowball into basc u woulda won\n|\n|t:|1788295440\n|move|p2b: Basculegion|Protect|p2b: Basculegion\n|-singleturn|p2b: Basculegion|Protect\n|move|p2a: Sneasler|Dire Claw|p1a: Roserade\n|-damage|p1a: Roserade|72/100\n|move|p1a: Roserade|Venoshock|p2b: Basculegion\n|-activate|p2b: Basculegion|move: Protect\n|\n|-weather|Snowscape|[upkeep]\n|-damage|p2b: Basculegion|42/100 psn|[from] psn\n|-damage|p2a: Sneasler|77/100 brn|[from] brn\n|upkeep\n|turn|8\n|\n|t:|1788295458\n|move|p2b: Basculegion|Aqua Jet|p1a: Roserade\n|-resisted|p1a: Roserade|1\n|-damage|p1a: Roserade|49/100\n|-damage|p2b: Basculegion|32/100 psn|[from] item: Life Orb\n|move|p2a: Sneasler|Dire Claw|p1a: Roserade\n|-damage|p1a: Roserade|24/100\n|move|p1a: Roserade|Venoshock|p2b: Basculegion\n|-resisted|p2b: Basculegion|1\n|-damage|p2b: Basculegion|0 fnt\n|faint|p2b: Basculegion\n|-damage|p1a: Roserade|14/100|[from] item: Life Orb\n|\n|-weather|Snowscape|[upkeep]\n|-damage|p2a: Sneasler|71/100 brn|[from] brn\n|upkeep\n|turn|9\n|c|☆VikaVoss|Yeah I threw it\n|\n|t:|1788295480\n|move|p2a: Sneasler|Dire Claw|p1a: Roserade\n|-damage|p1a: Roserade|0 fnt\n|faint|p1a: Roserade\n|\n|win|ethalem77\n|raw|VikaVoss's rating: 1471 &rarr; <strong>1455</strong><br />(-16 for losing)\n|raw|ethalem77's rating: 1540 &rarr; <strong>1556</strong><br />(+16 for winning)\n","uploadtime":1788295483,"views":"1","formatid":"gen9championsvgc2026regmb","rating":1455,"private":0,"password":null}