{"id":"gen9championsvgc2026regmb-2674745051","format":"[Gen 9 Champions] VGC 2026 Reg M-B","players":["hk96g7b","Cucs_mtz"],"log":"|j|☆hk96g7b\n|j|☆Cucs_mtz\n|t:|1788399544\n|gametype|doubles\n|player|p1|hk96g7b|170|1000\n|player|p2|Cucs_mtz|169|1087\n|gen|9\n|tier|[Gen 9 Champions] VGC 2026 Reg M-B\n|rated|\n|rule|Species Clause: Limit one of each Pokémon\n|rule|Item Clause: Limit 1 of each item\n|clearpoke\n|poke|p1|Staraptor, L50, M, shiny|\n|poke|p1|Whimsicott, L50, F, shiny|\n|poke|p1|Glimmora, L50, M, shiny|\n|poke|p1|Garchomp, L50, F|\n|poke|p1|Kingambit, L50, M|\n|poke|p1|Basculegion, L50, M|\n|poke|p2|Corviknight, L50, F, shiny|\n|poke|p2|Gholdengo, L50|\n|poke|p2|Garchomp, L50, F|\n|poke|p2|Swampert, L50, M|\n|poke|p2|Pelipper, L50, F|\n|poke|p2|Toxapex, L50, M, shiny|\n|teampreview|4\n|\n|t:|1788399575\n|teamsize|p1|4\n|teamsize|p2|4\n|start\n|switch|p1a: Kingambit|Kingambit, L50, M|100/100\n|switch|p1b: Whimsicott|Whimsicott, L50, F, shiny|100/100\n|switch|p2a: Swampert|Swampert, L50, M|100/100\n|switch|p2b: Corviknight|Corviknight, L50, F, shiny|100/100\n|-ability|p1a: Kingambit|Pressure\n|turn|1\n|inactive|Battle timer is ON: inactive players will automatically lose when time's up. (requested by Cucs_mtz)\n|\n|t:|1788399585\n|switch|p2b: Pelipper|Pelipper, L50, F|100/100\n|-weather|RainDance|[from] ability: Drizzle|[of] p2b: Pelipper\n|switch|p1a: Staraptor|Staraptor, L50, M, shiny|100/100\n|-ability|p1a: Staraptor|Intimidate|boost\n|-unboost|p2a: Swampert|atk|1\n|-unboost|p2b: Pelipper|atk|1\n|detailschange|p2a: Swampert|Swampert-Mega, L50, M\n|-mega|p2a: Swampert|Swampert|Swampertite\n|move|p1b: Whimsicott|Tailwind|p1b: Whimsicott\n|-sidestart|p1: hk96g7b|move: Tailwind\n|move|p2a: Swampert|Earthquake|p1b: Whimsicott|[spread] p1b\n|-immune|p2b: Pelipper\n|-immune|p1a: Staraptor\n|-resisted|p1b: Whimsicott|1\n|-damage|p1b: Whimsicott|78/100\n|\n|-weather|RainDance|[upkeep]\n|upkeep\n|turn|2\n|\n|t:|1788399609\n|detailschange|p1a: Staraptor|Staraptor-Mega, L50, M, shiny\n|-mega|p1a: Staraptor|Staraptor|Staraptite\n|move|p1b: Whimsicott|Charm|p1a: Staraptor\n|-boost|p1a: Staraptor|atk|2\n|move|p1a: Staraptor|Close Combat|p2b: Pelipper\n|-resisted|p2b: Pelipper|1\n|-damage|p2b: Pelipper|29/100\n|-boost|p1a: Staraptor|def|1\n|-boost|p1a: Staraptor|spd|1\n|move|p2a: Swampert|Ice Punch|p1a: Staraptor\n|-supereffective|p1a: Staraptor|1\n|-damage|p1a: Staraptor|71/100\n|move|p2b: Pelipper|Tailwind|p2b: Pelipper\n|-sidestart|p2: Cucs_mtz|move: Tailwind\n|\n|-weather|RainDance|[upkeep]\n|upkeep\n|turn|3\n|\n|t:|1788399631\n|move|p1b: Whimsicott|Encore|p2b: Pelipper\n|-start|p2b: Pelipper|Encore\n|move|p2a: Swampert|Ice Punch|p1b: Whimsicott\n|-supereffective|p1b: Whimsicott|1\n|-damage|p1b: Whimsicott|8/100\n|move|p1a: Staraptor|Close Combat|p2a: Swampert\n|-damage|p2a: Swampert|0 fnt\n|-boost|p1a: Staraptor|def|1\n|-boost|p1a: Staraptor|spd|1\n|faint|p2a: Swampert\n|move|p2b: Pelipper|Tailwind||[still]\n|-fail|p2b: Pelipper\n|\n|-weather|RainDance|[upkeep]\n|upkeep\n|\n|t:|1788399636\n|switch|p2a: Corviknight|Corviknight, L50, F, shiny|100/100\n|turn|4\n|\n|t:|1788399648\n|switch|p2b: Gholdengo|Gholdengo, L50|100/100\n|move|p1b: Whimsicott|Charm|p1a: Staraptor\n|-boost|p1a: Staraptor|atk|2\n|move|p1a: Staraptor|Close Combat|p2a: Corviknight\n|-damage|p2a: Corviknight|0 fnt\n|-boost|p1a: Staraptor|def|1\n|-boost|p1a: Staraptor|spd|1\n|faint|p2a: Corviknight\n|\n|-weather|RainDance|[upkeep]\n|-sideend|p1: hk96g7b|move: Tailwind\n|upkeep\n|\n|t:|1788399658\n|switch|p2a: Pelipper|Pelipper, L50, F|29/100\n|turn|5\n|\n|t:|1788399668\n|move|p1b: Whimsicott|Charm|p1a: Staraptor\n|-boost|p1a: Staraptor|atk|2\n|move|p2b: Gholdengo|Nasty Plot|p2b: Gholdengo\n|-boost|p2b: Gholdengo|spa|2\n|move|p1a: Staraptor|Close Combat|p2a: Pelipper\n|-resisted|p2a: Pelipper|1\n|-damage|p2a: Pelipper|0 fnt\n|-boost|p1a: Staraptor|def|1\n|-boost|p1a: Staraptor|spd|1\n|faint|p2a: Pelipper\n|\n|-weather|none\n|-sideend|p2: Cucs_mtz|move: Tailwind\n|upkeep\n|turn|6\n|\n|t:|1788399677\n|move|p1b: Whimsicott|Tailwind|p1b: Whimsicott\n|-sidestart|p1: hk96g7b|move: Tailwind\n|move|p1a: Staraptor|Brave Bird|p2b: Gholdengo\n|-resisted|p2b: Gholdengo|1\n|-damage|p2b: Gholdengo|0 fnt\n|faint|p2b: Gholdengo\n|-damage|p1a: Staraptor|40/100|[from] Recoil\n|\n|win|hk96g7b\n|raw|hk96g7b's rating: 1000 &rarr; <strong>1050</strong><br />(+50 for winning)\n|raw|Cucs_mtz's rating: 1087 &rarr; <strong>1058</strong><br />(-29 for losing)\n|l|☆Cucs_mtz\n|player|p2|\n","uploadtime":1788399692,"views":"15","formatid":"gen9championsvgc2026regmb","rating":1050,"private":0,"password":null}