{"id":"gen9championsvgc2026regmb-2674174367","format":"[Gen 9 Champions] VGC 2026 Reg M-B","players":["lupegious","Coach Oran Berry"],"log":"|j|☆lupegious\n|j|‽Coach Oran Berry\n|t:|1788310330\n|gametype|doubles\n|player|p1|lupegious|lusamine-nihilego|\n|player|p2|Coach Oran Berry|2|\n|gen|9\n|tier|[Gen 9 Champions] VGC 2026 Reg M-B\n|rule|Species Clause: Limit one of each Pokémon\n|rule|Item Clause: Limit 1 of each item\n|clearpoke\n|poke|p1|Sableye, L50, M, shiny|\n|poke|p1|Aerodactyl, L50, M|\n|poke|p1|Typhlosion-Hisui, L50, F, shiny|\n|poke|p1|Gliscor, L50, M|\n|poke|p1|Toxapex, L50, M|\n|poke|p1|Zoroark-Hisui, L50, M|\n|poke|p2|Scizor, L50, M|\n|poke|p2|Kleavor, L50, F|\n|poke|p2|Pinsir, L50, F|\n|poke|p2|Vivillon-Fancy, L50, F|\n|poke|p2|Araquanid, L50, M|\n|poke|p2|Beedrill, L50, F|\n|teampreview|4\n|inactive|Battle timer is ON: inactive players will automatically lose when time's up. (requested by lupegious)\n|inactive|lupegious has 60 seconds left.\n|inactive|Coach Oran Berry has 60 seconds left.\n|inactive|Coach Oran Berry has 30 seconds left.\n|inactive|Coach Oran Berry has 20 seconds left.\n|inactive|Coach Oran Berry has 15 seconds left.\n|\n|t:|1788310410\n|teamsize|p1|4\n|teamsize|p2|4\n|start\n|switch|p1a: Smash Williams|Aerodactyl, L50, M|100/100\n|switch|p1b: Matt Saracen|Typhlosion-Hisui, L50, F, shiny|100/100\n|switch|p2a: Vivillon|Vivillon-Fancy, L50, F|100/100\n|switch|p2b: Araquanid|Araquanid, L50, M|100/100\n|-ability|p1a: Smash Williams|Unnerve\n|-item|p2a: Vivillon|Choice Scarf|[from] ability: Frisk|[of] p1b: Matt Saracen\n|-item|p2b: Araquanid|Leftovers|[from] ability: Frisk|[of] p1b: Matt Saracen\n|turn|1\n|inactive|lupegious has 30 seconds left.\n|inactive|Coach Oran Berry has 30 seconds left.\n|inactive|lupegious has 20 seconds left.\n|inactive|Coach Oran Berry has 20 seconds left.\n|inactive|Coach Oran Berry has 15 seconds left.\n|inactive|Coach Oran Berry has 10 seconds left.\n|inactive|Coach Oran Berry has 5 seconds left.\n|\n|t:|1788310463\n|detailschange|p1a: Smash Williams|Aerodactyl-Mega, L50, M\n|-mega|p1a: Smash Williams|Aerodactyl|Aerodactylite\n|move|p2b: Araquanid|Protect|p2b: Araquanid\n|-singleturn|p2b: Araquanid|Protect\n|move|p2a: Vivillon|Sleep Powder|p1b: Matt Saracen\n|-status|p1b: Matt Saracen|slp|[from] move: Sleep Powder\n|cant|p1b: Matt Saracen|slp\n|move|p1a: Smash Williams|Dual Wingbeat|p2b: Araquanid\n|-activate|p2b: Araquanid|move: Protect\n|\n|upkeep\n|turn|2\n|inactive|lupegious has 30 seconds left.\n|inactive|Coach Oran Berry has 30 seconds left.\n|inactive|lupegious has 20 seconds left.\n|inactive|Coach Oran Berry has 20 seconds left.\n|inactive|lupegious has 15 seconds left.\n|inactive|Coach Oran Berry has 15 seconds left.\n|inactive|Coach Oran Berry has 10 seconds left.\n|\n|t:|1788310512\n|switch|p1b: Gracie Bell|Toxapex, L50, M|100/100\n|move|p2a: Vivillon|Sleep Powder|p1a: Smash Williams\n|-status|p1a: Smash Williams|slp|[from] move: Sleep Powder\n|cant|p1a: Smash Williams|slp\n|move|p2b: Araquanid|Liquidation|p1a: Smash Williams\n|-supereffective|p1a: Smash Williams|1\n|-damage|p1a: Smash Williams|0 fnt\n|faint|p1a: Smash Williams\n|\n|upkeep\n|\n|t:|1788310534\n|switch|p1a: Matt Saracen|Typhlosion-Hisui, L50, F, shiny|100/100\n|turn|3\n|inactive|lupegious has 30 seconds left.\n|inactive|Coach Oran Berry has 30 seconds left.\n|inactive|Coach Oran Berry has 20 seconds left.\n|inactive|Coach Oran Berry has 15 seconds left.\n|\n|t:|1788310578\n|move|p2a: Vivillon|Sleep Powder|p1a: Matt Saracen\n|-status|p1a: Matt Saracen|slp|[from] move: Sleep Powder\n|cant|p1a: Matt Saracen|slp\n|move|p2b: Araquanid|Liquidation|p1a: Matt Saracen\n|-damage|p1a: Matt Saracen|15/100 slp\n|replace|p1a: Tami Taylor|Zoroark-Hisui, L50, M\n|-end|p1a: Tami Taylor|Illusion\n|move|p1b: Gracie Bell|Toxic|p2a: Vivillon\n|-status|p2a: Vivillon|tox\n|\n|-damage|p2a: Vivillon|94/100 tox|[from] psn\n|upkeep\n|turn|4\n|inactive|Coach Oran Berry has 30 seconds left.\n|\n|t:|1788310605\n|cant|p1a: Tami Taylor|slp\n|move|p2a: Vivillon|Sleep Powder|p1b: Gracie Bell\n|-status|p1b: Gracie Bell|slp|[from] move: Sleep Powder\n|move|p2b: Araquanid|Liquidation|p1a: Tami Taylor\n|-damage|p1a: Tami Taylor|0 fnt\n|faint|p1a: Tami Taylor\n|cant|p1b: Gracie Bell|slp\n|\n|-damage|p2a: Vivillon|82/100 tox|[from] psn\n|upkeep\n|\n|t:|1788310615\n|switch|p1a: Matt Saracen|Typhlosion-Hisui, L50, F, shiny|100/100 slp\n|-item|p2a: Vivillon|Choice Scarf|[from] ability: Frisk|[of] p1a: Matt Saracen\n|-item|p2b: Araquanid|Leftovers|[from] ability: Frisk|[of] p1a: Matt Saracen\n|turn|5\n|\n|t:|1788310631\n|switch|p2a: Kleavor|Kleavor, L50, F|100/100\n|cant|p1a: Matt Saracen|slp\n|move|p2b: Araquanid|Liquidation|p1a: Matt Saracen\n|-supereffective|p1a: Matt Saracen|1\n|-damage|p1a: Matt Saracen|0 fnt\n|faint|p1a: Matt Saracen\n|cant|p1b: Gracie Bell|slp\n|\n|upkeep\n|turn|6\n|\n|t:|1788310649\n|-curestatus|p1b: Gracie Bell|slp|[msg]\n|move|p1b: Gracie Bell|Baneful Bunker|p1b: Gracie Bell\n|-singleturn|p1b: Gracie Bell|move: Protect\n|move|p2a: Kleavor|Feint|p1b: Gracie Bell\n|-activate|p1b: Gracie Bell|move: Feint\n|-damage|p1b: Gracie Bell|92/100\n|move|p2b: Araquanid|Infestation|p1b: Gracie Bell\n|-resisted|p1b: Gracie Bell|1\n|-damage|p1b: Gracie Bell|90/100\n|-activate|p1b: Gracie Bell|move: Infestation|[of] p2b: Araquanid\n|\n|-damage|p1b: Gracie Bell|78/100|[from] move: Infestation|[partiallytrapped]\n|upkeep\n|turn|7\n|\n|t:|1788310670\n|move|p2a: Kleavor|Stone Axe|p1b: Gracie Bell|[miss]\n|-miss|p2a: Kleavor|p1b: Gracie Bell\n|move|p2b: Araquanid|Liquidation|p1b: Gracie Bell\n|-resisted|p1b: Gracie Bell|1\n|-damage|p1b: Gracie Bell|59/100\n|move|p1b: Gracie Bell|Toxic|p2a: Kleavor\n|-status|p2a: Kleavor|tox\n|\n|-damage|p2a: Kleavor|93/100 tox|[from] psn\n|-damage|p1b: Gracie Bell|47/100|[from] move: Infestation|[partiallytrapped]\n|upkeep\n|-enditem|p1b: Gracie Bell|Sitrus Berry|[eat]\n|-heal|p1b: Gracie Bell|71/100|[from] item: Sitrus Berry\n|turn|8\n|inactive|Coach Oran Berry has 30 seconds left.\n|\n|t:|1788310696\n|move|p2a: Kleavor|Stone Axe|p1b: Gracie Bell\n|-damage|p1b: Gracie Bell|37/100\n|-sidestart|p1: lupegious|move: Stealth Rock\n|move|p2b: Araquanid|Liquidation|p1b: Gracie Bell\n|-resisted|p1b: Gracie Bell|1\n|-damage|p1b: Gracie Bell|18/100\n|move|p1b: Gracie Bell|Toxic|p2b: Araquanid\n|-status|p2b: Araquanid|tox\n|\n|-damage|p2a: Kleavor|81/100 tox|[from] psn\n|-damage|p2b: Araquanid|94/100 tox|[from] psn\n|-damage|p1b: Gracie Bell|6/100|[from] move: Infestation|[partiallytrapped]\n|upkeep\n|turn|9\n|\n|t:|1788310720\n|move|p2a: Kleavor|Stone Axe|p1b: Gracie Bell\n|-damage|p1b: Gracie Bell|0 fnt\n|faint|p1b: Gracie Bell\n|\n|win|Coach Oran Berry\n","uploadtime":1788310725,"views":"19","formatid":"gen9championsvgc2026regmb","rating":null,"private":0,"password":null}