{"id":"gen9championsvgc2026regmb-2674166424","format":"[Gen 9 Champions] VGC 2026 Reg M-B","players":["onassi2","majormischief"],"log":"|j|☆onassi2\n|j|☆majormischief\n|html|<table width=\"100%\"><tr><td align=\"left\">onassi2</td><td align=\"right\">majormischief</tr><tr><td align=\"left\"><i class=\"fa fa-circle-o\"></i> <i class=\"fa fa-circle-o\"></i> </td><td align=\"right\"><i class=\"fa fa-circle-o\"></i> <i class=\"fa fa-circle-o\"></i> </tr></table>\n|uhtml|bestof|<h2><strong>Game 1</strong> of <a href=\"/game-bestof3-gen9championsvgc2026regmb-2674166423\">a best-of-3</a></h2>\n|t:|1788309112\n|gametype|doubles\n|player|p1|onassi2|blue|\n|player|p2|majormischief|169|\n|gen|9\n|tier|[Gen 9 Champions] VGC 2026 Reg M-B\n|rule|Species Clause: Limit one of each Pokémon\n|rule|Item Clause: Limit 1 of each item\n|raw|<div class=\"infobox\"><details class=\"readmore\" open><summary><strong>1 custom rule:</strong></summary> Best of = 3</details></div>\n|clearpoke\n|poke|p1|Torkoal, L50, M|\n|poke|p1|Venusaur, L50, F|\n|poke|p1|Malamar, L50, M|\n|poke|p1|Typhlosion, L50, M|\n|poke|p1|Garganacl, L50, F|\n|poke|p1|Espathra, L50, M|\n|poke|p2|Aggron, L50, M|\n|poke|p2|Basculegion, L50, M|\n|poke|p2|Kangaskhan, L50, F|\n|poke|p2|Tsareena, L50, F|\n|poke|p2|Sylveon, L50, M|\n|poke|p2|Lycanroc, L50, M|\n|teampreview|4\n|j| WindyEng\n|c|☆onassi2|glhf\n|c|☆majormischief|u2 gl\n|\n|t:|1788309182\n|teamsize|p1|4\n|teamsize|p2|4\n|start\n|switch|p1a: Sore Venue|Venusaur, L50, F|100/100\n|switch|p1b: Chicken|Espathra, L50, M|100/100\n|switch|p2a: Basculegion|Basculegion, L50, M|100/100\n|switch|p2b: Kangaskhan|Kangaskhan, L50, F|100/100\n|turn|1\n|inactive|Battle timer is ON: inactive players will automatically lose when time's up. (requested by onassi2)\n|\n|t:|1788309213\n|detailschange|p2b: Kangaskhan|Kangaskhan-Mega, L50, F\n|-mega|p2b: Kangaskhan|Kangaskhan|Kangaskhanite\n|move|p1b: Chicken|Protect|p1b: Chicken\n|-singleturn|p1b: Chicken|Protect\n|move|p1a: Sore Venue|Protect|p1a: Sore Venue\n|-singleturn|p1a: Sore Venue|Protect\n|move|p2b: Kangaskhan|Fake Out|p1a: Sore Venue\n|-activate|p1a: Sore Venue|move: Protect\n|move|p2a: Basculegion|Flip Turn|p1b: Chicken\n|-activate|p1b: Chicken|move: Protect\n|\n|-ability|p1b: Chicken|Speed Boost|boost\n|-boost|p1b: Chicken|spe|1\n|upkeep\n|turn|2\n|inactive|onassi2 has 30 seconds left.\n|inactive|majormischief has 30 seconds left.\n|inactive|onassi2 has 20 seconds left.\n|inactive|majormischief has 20 seconds left.\n|inactive|majormischief has 15 seconds left.\n|\n|t:|1788309256\n|switch|p2a: Sylveon|Sylveon, L50, M|100/100\n|detailschange|p1a: Sore Venue|Venusaur-Mega, L50, F\n|-mega|p1a: Sore Venue|Venusaur|Venusaurite\n|move|p1b: Chicken|Lumina Crash|p2b: Kangaskhan\n|-crit|p2b: Kangaskhan\n|-damage|p2b: Kangaskhan|57/100\n|-unboost|p2b: Kangaskhan|spd|2\n|move|p1a: Sore Venue|Sludge Bomb|p2b: Kangaskhan\n|-damage|p2b: Kangaskhan|0 fnt\n|faint|p2b: Kangaskhan\n|\n|-ability|p1b: Chicken|Speed Boost|boost\n|-boost|p1b: Chicken|spe|1\n|upkeep\n|j| MaxwellH\n|inactive|majormischief has 30 seconds left.\n|inactive|majormischief has 20 seconds left.\n|inactive|majormischief has 15 seconds left.\n|inactive|majormischief has 10 seconds left.\n|\n|t:|1788309302\n|switch|p2b: Basculegion|Basculegion, L50, M|100/100\n|turn|3\n|inactive|majormischief has 30 seconds left.\n|\n|t:|1788309336\n|move|p1b: Chicken|Protect|p1b: Chicken\n|-singleturn|p1b: Chicken|Protect\n|move|p1a: Sore Venue|Protect|p1a: Sore Venue\n|-singleturn|p1a: Sore Venue|Protect\n|move|p2b: Basculegion|Last Respects|p1b: Chicken\n|-activate|p1b: Chicken|move: Protect\n|move|p2a: Sylveon|Hyper Voice|p1b: Chicken|[spread] \n|-activate|p1a: Sore Venue|move: Protect\n|-activate|p1b: Chicken|move: Protect\n|\n|-ability|p1b: Chicken|Speed Boost|boost\n|-boost|p1b: Chicken|spe|1\n|upkeep\n|turn|4\n|inactive|onassi2 has 30 seconds left.\n|inactive|majormischief has 30 seconds left.\n|inactive|onassi2 has 20 seconds left.\n|inactive|majormischief has 20 seconds left.\n|inactive|majormischief has 15 seconds left.\n|\n|t:|1788309382\n|move|p2a: Sylveon|Detect|p2a: Sylveon\n|-singleturn|p2a: Sylveon|Protect\n|move|p1b: Chicken|Lumina Crash|p2a: Sylveon\n|-activate|p2a: Sylveon|move: Protect\n|move|p2b: Basculegion|Last Respects|p1b: Chicken\n|-supereffective|p1b: Chicken|1\n|-damage|p1b: Chicken|0 fnt\n|faint|p1b: Chicken\n|move|p1a: Sore Venue|Sludge Bomb|p2a: Sylveon\n|-activate|p2a: Sylveon|move: Protect\n|\n|upkeep\n|\n|t:|1788309402\n|switch|p1b: torque|Torkoal, L50, M|100/100\n|-weather|SunnyDay|[from] ability: Drought|[of] p1b: torque\n|turn|5\n|inactive|majormischief has 30 seconds left.\n|\n|t:|1788309436\n|move|p2b: Basculegion|Last Respects|p1a: Sore Venue\n|-damage|p1a: Sore Venue|34/100\n|move|p1a: Sore Venue|Sludge Bomb|p2a: Sylveon\n|-supereffective|p2a: Sylveon|1\n|-damage|p2a: Sylveon|27/100\n|move|p2a: Sylveon|Hyper Voice|p1a: Sore Venue|[spread] p1a,p1b\n|-resisted|p1a: Sore Venue|1\n|-resisted|p1b: torque|1\n|-damage|p1a: Sore Venue|11/100\n|-damage|p1b: torque|70/100\n|move|p1b: torque|Yawn|p2b: Basculegion\n|-start|p2b: Basculegion|move: Yawn|[of] p1b: torque\n|\n|-weather|SunnyDay|[upkeep]\n|upkeep\n|turn|6\n|inactive|onassi2 has 30 seconds left.\n|inactive|majormischief has 30 seconds left.\n|\n|t:|1788309468\n|switch|p2b: Lycanroc|Lycanroc, L50, M|100/100\n|move|p1a: Sore Venue|Protect|p1a: Sore Venue\n|-singleturn|p1a: Sore Venue|Protect\n|move|p2a: Sylveon|Detect|p2a: Sylveon\n|-singleturn|p2a: Sylveon|Protect\n|move|p1b: torque|Heat Wave|p2a: Sylveon|[spread] \n|-activate|p2a: Sylveon|move: Protect\n|-miss|p1b: torque|p2b: Lycanroc\n|\n|-weather|SunnyDay|[upkeep]\n|upkeep\n|turn|7\n|inactive|onassi2 has 30 seconds left.\n|inactive|majormischief has 30 seconds left.\n|\n|t:|1788309497\n|switch|p1a: Himalaya|Garganacl, L50, F|100/100\n|move|p2b: Lycanroc|Accelerock|p1a: Himalaya\n|-damage|p1a: Himalaya|85/100\n|move|p2a: Sylveon|Hyper Beam|p1b: torque\n|-resisted|p1b: torque|1\n|-damage|p1b: torque|0 fnt\n|-mustrecharge|p2a: Sylveon\n|faint|p1b: torque\n|\n|-weather|SunnyDay|[upkeep]\n|-heal|p1a: Himalaya|91/100|[from] item: Leftovers\n|upkeep\n|\n|t:|1788309507\n|switch|p1b: Sore Venue|Venusaur-Mega, L50, F|11/100\n|turn|8\n|\n|t:|1788309515\n|move|p2b: Lycanroc|Protect|p2b: Lycanroc\n|-singleturn|p2b: Lycanroc|Protect\n|move|p1b: Sore Venue|Sleep Powder|p2b: Lycanroc\n|-activate|p2b: Lycanroc|move: Protect\n|cant|p2a: Sylveon|recharge\n|move|p1a: Himalaya|Salt Cure|p2a: Sylveon\n|-damage|p2a: Sylveon|11/100\n|-start|p2a: Sylveon|Salt Cure\n|\n|-weather|SunnyDay|[upkeep]\n|-heal|p1a: Himalaya|97/100|[from] item: Leftovers\n|-damage|p2a: Sylveon|5/100|[from] Salt Cure\n|upkeep\n|turn|9\n|\n|t:|1788309539\n|move|p1b: Sore Venue|Protect|p1b: Sore Venue\n|-singleturn|p1b: Sore Venue|Protect\n|move|p2b: Lycanroc|Close Combat|p1a: Himalaya\n|-supereffective|p1a: Himalaya|1\n|-damage|p1a: Himalaya|38/100\n|-unboost|p2b: Lycanroc|def|1\n|-unboost|p2b: Lycanroc|spd|1\n|move|p2a: Sylveon|Hyper Voice|p1b: Sore Venue|[spread] p1a\n|-activate|p1b: Sore Venue|move: Protect\n|-damage|p1a: Himalaya|1/100\n|move|p1a: Himalaya|Curse|p1a: Himalaya\n|-unboost|p1a: Himalaya|spe|1\n|-boost|p1a: Himalaya|atk|1\n|-boost|p1a: Himalaya|def|1\n|\n|-weather|none\n|-heal|p1a: Himalaya|7/100|[from] item: Leftovers\n|-damage|p2a: Sylveon|0 fnt|[from] Salt Cure\n|faint|p2a: Sylveon\n|upkeep\n|\n|t:|1788309556\n|switch|p2a: Basculegion|Basculegion, L50, M|100/100\n|turn|10\n|c|☆onassi2|gg wp!\n|\n|t:|1788309564\n|move|p2a: Basculegion|Aqua Jet|p1a: Himalaya\n|-supereffective|p1a: Himalaya|1\n|-damage|p1a: Himalaya|0 fnt\n|faint|p1a: Himalaya\n|move|p2b: Lycanroc|Accelerock|p1b: Sore Venue\n|-damage|p1b: Sore Venue|0 fnt\n|faint|p1b: Sore Venue\n|\n|win|majormischief\n|c|☆majormischief|gg\n||majormischief is ready for game 2.\n|inactive|onassi2 has 30 seconds to confirm battle start!\n||onassi2 is ready for game 2.\n|uhtml|next|Next: <a href=\"/battle-gen9championsvgc2026regmb-2674169431\"><strong>Game 2 of 3</strong></a>\n","uploadtime":1788309568,"views":"22","formatid":"gen9championsvgc2026regmb","rating":null,"private":0,"password":null}