{"id":"gen9championsvgc2026regmb-2674155464","format":"[Gen 9 Champions] VGC 2026 Reg M-B","players":["Mr.Koontzie.","adgetty"],"log":"|j|☆Mr.Koontzie.\n|j|☆adgetty\n|html|<table width=\"100%\"><tr><td align=\"left\">Mr.Koontzie.</td><td align=\"right\">adgetty</tr><tr><td align=\"left\"><i class=\"fa fa-circle-o\"></i> <i class=\"fa fa-circle-o\"></i> </td><td align=\"right\"><i class=\"fa fa-circle-o\"></i> <i class=\"fa fa-circle-o\"></i> </tr></table>\n|uhtml|bestof|<h2><strong>Game 1</strong> of <a href=\"/game-bestof3-gen9championsvgc2026regmb-2674155463\">a best-of-3</a></h2>\n|t:|1788307410\n|gametype|doubles\n|player|p1|Mr.Koontzie.|n|\n|player|p2|adgetty|veteranf|\n|gen|9\n|tier|[Gen 9 Champions] VGC 2026 Reg M-B\n|rule|Species Clause: Limit one of each Pokémon\n|rule|Item Clause: Limit 1 of each item\n|raw|<div class=\"infobox\"><details class=\"readmore\" open><summary><strong>1 custom rule:</strong></summary> Best of = 3</details></div>\n|clearpoke\n|poke|p1|Scizor, L50, F|\n|poke|p1|Arcanine-Hisui, L50, M|\n|poke|p1|Garchomp, L50, F|\n|poke|p1|Slowbro, L50, M, shiny|\n|poke|p1|Gholdengo, L50|\n|poke|p1|Meowscarada, L50, F, shiny|\n|poke|p2|Farigiraf, L50, F, shiny|\n|poke|p2|Mawile, L50, F|\n|poke|p2|Kleavor, L50, F|\n|poke|p2|Weavile, L50, F|\n|poke|p2|Vileplume, L50, F, shiny|\n|poke|p2|Torkoal, L50, F|\n|teampreview|4\nadgetty rejected open team sheets.\n|c|☆adgetty|nice\n|j| gus_ssbu\n|j| Moon1Ight197\n|l| Moon1Ight197\n|j| SBMalus\n|j| naon_500\n|c| SBMalus|Take 3\n|j| Iamnothilarious\n|c| gus_ssbu|good luck Ryan\n|j| qazoo\n|j| Moon1Ight197\n|c| Iamnothilarious|ngl I'm kinda build like Kleavor\n|c| qazoo|switching viewpoints, gotta watch it from the getty's perspective\n|c| SBMalus|I will do the same but only because I am a Kleavor believer\n|c|☆Mr.Koontzie.|glhf\n|c| qazoo|a bekleavor, if you would\n|\n|t:|1788307518\n|teamsize|p1|4\n|teamsize|p2|4\n|start\n|switch|p1a: Cat Lady|Meowscarada, L50, F, shiny|100/100\n|switch|p1b: Goodest Boy|Arcanine-Hisui, L50, M|100/100\n|switch|p2a: :giraffe:|Farigiraf, L50, F, shiny|100/100\n|switch|p2b: :open_hands:|Weavile, L50, F|100/100\n|turn|1\n|c| Iamnothilarious|Koontzie has my goat from last season, I have to rep the young thug\n|c| SBMalus|Literally the nickname of my Kleavor on cart Scott lmao\n|inactive|Battle timer is ON: inactive players will automatically lose when time's up. (requested by Mr.Koontzie.)\n|c| Moon1Ight197|THE GIRAFFE\n|\n|t:|1788307546\n|move|p2a: :giraffe:|Protect|p2a: :giraffe:\n|-singleturn|p2a: :giraffe:|Protect\n|move|p2b: :open_hands:|Fake Out|p1b: Goodest Boy\n|-resisted|p1b: Goodest Boy|1\n|-damage|p1b: Goodest Boy|91/100\n|move|p1a: Cat Lady|Taunt|p2a: :giraffe:\n|-start|p1a: Cat Lady|typechange|Dark|[from] ability: Protean\n|-activate|p2a: :giraffe:|move: Protect\n|cant|p1b: Goodest Boy|flinch\n|\n|upkeep\n|turn|2\n|c| SBMalus|ooooh\n|c| qazoo|sbmalus clown to clown communication\n|inactive|Mr.Koontzie. has 30 seconds left.\n|inactive|adgetty has 30 seconds left.\n|c| Iamnothilarious|Scott you have time to name your team\n|inactive|Mr.Koontzie. has 20 seconds left.\n|inactive|Mr.Koontzie. has 15 seconds left.\n|\n|t:|1788307588\n|switch|p1a: Bug Go Brrrr|Scizor, L50, F|100/100\n|switch|p2a: :bug:|Kleavor, L50, F|100/100\n|move|p2b: :open_hands:|Triple Axel|p1a: Bug Go Brrrr\n|-resisted|p1a: Bug Go Brrrr|1\n|-crit|p1a: Bug Go Brrrr\n|-damage|p1a: Bug Go Brrrr|90/100\n|-resisted|p1a: Bug Go Brrrr|1\n|-damage|p1a: Bug Go Brrrr|80/100\n|-resisted|p1a: Bug Go Brrrr|1\n|-damage|p1a: Bug Go Brrrr|64/100\n|-hitcount|p1a: Bug Go Brrrr|3\n|move|p1b: Goodest Boy|Roar|p2a: :bug:\n|drag|p2a: :mouth:|Mawile, L50, F|100/100\n|-ability|p2a: :mouth:|Intimidate|boost\n|-unboost|p1a: Bug Go Brrrr|atk|1\n|-unboost|p1b: Goodest Boy|atk|1\n|\n|upkeep\n|turn|3\n|c| SBMalus|incredible double switch\n|inactive|adgetty has 30 seconds left.\n|c| SBMalus|From both\n|inactive|adgetty has 20 seconds left.\n|j| heatfre3ze\n|inactive|adgetty has 15 seconds left.\n|c| heatfre3ze|I’m back\n|inactive|adgetty has 10 seconds left.\n|\n|t:|1788307635\n|switch|p2b: :bug:|Kleavor, L50, F|100/100\n|detailschange|p1a: Bug Go Brrrr|Scizor-Mega, L50, F\n|-mega|p1a: Bug Go Brrrr|Scizor|Scizorite\n|move|p2a: :mouth:|Sucker Punch|p1a: Bug Go Brrrr\n|-damage|p1a: Bug Go Brrrr|47/100\n|move|p1b: Goodest Boy|Flare Blitz|p2a: :mouth:\n|-supereffective|p2a: :mouth:|1\n|-damage|p2a: :mouth:|0 fnt\n|faint|p2a: :mouth:\n|move|p1a: Bug Go Brrrr|Bug Bite|p2b: :bug:\n|-damage|p2b: :bug:|54/100\n|\n|upkeep\n|c| heatfre3ze|had to remake the illegal team lmao\n|\n|t:|1788307654\n|switch|p2a: :giraffe:|Farigiraf, L50, F, shiny|100/100\n|turn|4\n|inactive|Mr.Koontzie. has 30 seconds left.\n|\n|t:|1788307687\n|move|p2a: :giraffe:|Protect|p2a: :giraffe:\n|-singleturn|p2a: :giraffe:|Protect\n|move|p2b: :bug:|Stone Axe|p1b: Goodest Boy\n|-supereffective|p1b: Goodest Boy|1\n|-damage|p1b: Goodest Boy|0 fnt\n|-sidestart|p1: Mr.Koontzie.|move: Stealth Rock\n|faint|p1b: Goodest Boy\n|-damage|p2b: :bug:|44/100|[from] item: Life Orb\n|move|p1a: Bug Go Brrrr|Bug Bite|p2a: :giraffe:\n|-activate|p2a: :giraffe:|move: Protect\n|\n|upkeep\n|\n|t:|1788307702\n|switch|p1b: Cat Lady|Meowscarada, L50, F, shiny|100/100\n|-damage|p1b: Cat Lady|87/100|[from] Stealth Rock\n|turn|5\n|\n|t:|1788307725\n|move|p1b: Cat Lady|Taunt|p2a: :giraffe:\n|-start|p1b: Cat Lady|typechange|Dark|[from] ability: Protean\n|-start|p2a: :giraffe:|move: Taunt\n|move|p2b: :bug:|Stone Axe|p1a: Bug Go Brrrr\n|-damage|p1a: Bug Go Brrrr|0 fnt\n|faint|p1a: Bug Go Brrrr\n|-damage|p2b: :bug:|34/100|[from] item: Life Orb\n|move|p2a: :giraffe:|Thunderbolt|p1b: Cat Lady\n|-damage|p1b: Cat Lady|50/100g\n|\n|upkeep\n|inactive|Mr.Koontzie. has 30 seconds left.\n|\n|t:|1788307752\n|switch|p1a: Dr. Death|Garchomp, L50, F|100/100\n|-damage|p1a: Dr. Death|93/100|[from] Stealth Rock\n|turn|6\n|\n|t:|1788307767\n|move|p1b: Cat Lady|Knock Off|p2a: :giraffe:\n|-supereffective|p2a: :giraffe:|1\n|-damage|p2a: :giraffe:|33/100\n|-enditem|p2a: :giraffe:|Sitrus Berry|[from] move: Knock Off|[of] p1b: Cat Lady\n|move|p2b: :bug:|X-Scissor|p1b: Cat Lady\n|-supereffective|p1b: Cat Lady|1\n|-damage|p1b: Cat Lady|0 fnt\n|faint|p1b: Cat Lady\n|-damage|p2b: :bug:|24/100|[from] item: Life Orb\n|move|p1a: Dr. Death|Rock Slide|p2b: :bug:|[spread] p2a,p2b\n|-supereffective|p2b: :bug:|1\n|-damage|p2a: :giraffe:|13/100\n|-damage|p2b: :bug:|0 fnt\n|faint|p2b: :bug:\n|-damage|p1a: Dr. Death|84/100|[from] item: Life Orb\n|move|p2a: :giraffe:|Thunderbolt|p1a: Dr. Death\n|-immune|p1a: Dr. Death\n|\n|upkeep\n|\n|t:|1788307783\n|switch|p2b: :open_hands:|Weavile, L50, F|100/100\n|turn|7\n|c| Iamnothilarious|Triple axel hits??\n|c|☆adgetty|:pray:\n|c| gus_ssbu|Don't jinx it Grimbo\n|c| qazoo|better nickname for the weavile ngl\n|inactive|Mr.Koontzie. has 30 seconds left.\n|inactive|Mr.Koontzie. has 20 seconds left.\n|c| qazoo|dude name it rng - Monty\n|\n|t:|1788307822\n|move|p2b: :open_hands:|Triple Axel|p1a: Dr. Death\n|-supereffective|p1a: Dr. Death|2\n|-damage|p1a: Dr. Death|48/100\n|-damage|p2b: :open_hands:|87/100|[from] ability: Rough Skin|[of] p1a: Dr. Death\n|-hitcount|p1a: Dr. Death|1\n|move|p1a: Dr. Death|Rock Slide|p2b: :open_hands:|[spread] p2a,p2b\n|-supereffective|p2b: :open_hands:|1\n|-damage|p2a: :giraffe:|0 fnt\n|-damage|p2b: :open_hands:|0 fnt\n|faint|p2a: :giraffe:\n|faint|p2b: :open_hands:\n|-damage|p1a: Dr. Death|39/100|[from] item: Life Orb\n|\n|win|Mr.Koontzie.\n|c|☆adgetty|is there an ice skater emoji?\n|inactive|Mr.Koontzie. has 30 seconds to confirm battle start!\n|inactive|adgetty has 30 seconds to confirm battle start!\n|c| Iamnothilarious|Pick a new god\n|c| SBMalus|he fuckin jinxed it\n|c| qazoo|:sob:\n","uploadtime":1788307838,"views":"4","formatid":"gen9championsvgc2026regmb","rating":null,"private":0,"password":null}