{"id":"gen9championsvgc2026regmb-2674643902","format":"[Gen 9 Champions] VGC 2026 Reg M-B","players":["Pawah","Montevius"],"log":"|j|☆Pawah\n|j|☆Montevius\n|t:|1788384269\n|gametype|doubles\n|player|p1|Pawah|ethan|1174\n|player|p2|Montevius|hilbert-wonderlauncher|1095\n|gen|9\n|tier|[Gen 9 Champions] VGC 2026 Reg M-B\n|rated|\n|rule|Species Clause: Limit one of each Pokémon\n|rule|Item Clause: Limit 1 of each item\n|clearpoke\n|poke|p1|Froslass, L50, F|\n|poke|p1|Scovillain, L50, M, shiny|\n|poke|p1|Basculegion, L50, M|\n|poke|p1|Kingambit, L50, M|\n|poke|p1|Sneasler, L50, F|\n|poke|p1|Lycanroc-Dusk, L50, M|\n|poke|p2|Mimikyu, L50, F|\n|poke|p2|Tinkaton, L50, F|\n|poke|p2|Hydreigon, L50, F|\n|poke|p2|Banette, L50, M|\n|poke|p2|Lopunny, L50, M|\n|poke|p2|Talonflame, L50, F|\n|teampreview|4\n|inactive|Battle timer is ON: inactive players will automatically lose when time's up. (requested by Montevius)\n|inactive|Pawah also wants the timer to be on.\n|inactive|Pawah has 60 seconds left.\n|inactive|Montevius has 60 seconds left.\n|\n|t:|1788384324\n|teamsize|p1|4\n|teamsize|p2|4\n|start\n|switch|p1a: Froslass|Froslass, L50, F|100/100\n|switch|p1b: Basculegion|Basculegion, L50, M|100/100\n|switch|p2a: Talonflame|Talonflame, L50, F|100/100\n|switch|p2b: Hydreigon|Hydreigon, L50, F|100/100\n|turn|1\n|\n|t:|1788384348\n|move|p1a: Froslass|Protect|p1a: Froslass\n|-singleturn|p1a: Froslass|Protect\n|move|p2a: Talonflame|Tailwind|p2a: Talonflame\n|-sidestart|p2: Montevius|move: Tailwind\n|move|p2b: Hydreigon|Dark Pulse|p1b: Basculegion\n|-supereffective|p1b: Basculegion|1\n|-damage|p1b: Basculegion|15/100\n|-enditem|p1b: Basculegion|Sitrus Berry|[eat]\n|-heal|p1b: Basculegion|39/100|[from] item: Sitrus Berry\n|move|p1b: Basculegion|Wave Crash|p2a: Talonflame\n|-supereffective|p2a: Talonflame|1\n|-damage|p2a: Talonflame|0 fnt\n|faint|p2a: Talonflame\n|-damage|p1b: Basculegion|15/100|[from] Recoil\n|\n|upkeep\n|\n|t:|1788384365\n|switch|p2a: Mimikyu|Mimikyu, L50, F|100/100\n|turn|2\n|\n|t:|1788384375\n|switch|p1a: Sneasler|Sneasler, L50, F|100/100\n|move|p1b: Basculegion|Aqua Jet|p2a: Mimikyu\n|-activate|p2a: Mimikyu|ability: Disguise\n|-damage|p2a: Mimikyu|100/100\n|detailschange|p2a: Mimikyu|Mimikyu-Busted, L50, F\n|-damage|p2a: Mimikyu|87/100|[from] pokemon: Mimikyu-Busted\n|move|p2b: Hydreigon|Dark Pulse|p1b: Basculegion\n|-supereffective|p1b: Basculegion|1\n|-damage|p1b: Basculegion|0 fnt\n|faint|p1b: Basculegion\n|move|p2a: Mimikyu|Swords Dance|p2a: Mimikyu\n|-boost|p2a: Mimikyu|atk|2\n|\n|upkeep\n|\n|t:|1788384388\n|switch|p1b: Froslass|Froslass, L50, F|100/100\n|turn|3\n|\n|t:|1788384400\n|move|p1b: Froslass|Protect|p1b: Froslass\n|-singleturn|p1b: Froslass|Protect\n|move|p2b: Hydreigon|Earth Power|p1a: Sneasler\n|-supereffective|p1a: Sneasler|1\n|-damage|p1a: Sneasler|17/100\n|move|p2a: Mimikyu|Phantom Force||[still]\n|-prepare|p2a: Mimikyu|Phantom Force\n|move|p1a: Sneasler|Close Combat|p2b: Hydreigon\n|-supereffective|p2b: Hydreigon|1\n|-enditem|p2b: Hydreigon|Focus Sash\n|-damage|p2b: Hydreigon|1/100\n|-unboost|p1a: Sneasler|def|1\n|-unboost|p1a: Sneasler|spd|1\n|-enditem|p1a: Sneasler|White Herb\n|-clearnegativeboost|p1a: Sneasler|[silent]\n|\n|upkeep\n|turn|4\n|\n|t:|1788384421\n|switch|p1a: Scovillain|Scovillain, L50, M, shiny|100/100\n|move|p2b: Hydreigon|Earth Power|p1a: Scovillain\n|-damage|p1a: Scovillain|63/100\n|move|p2a: Mimikyu|Phantom Force|p1b: Froslass|[from] lockedmove\n|-supereffective|p1b: Froslass|1\n|-damage|p1b: Froslass|0 fnt\n|faint|p1b: Froslass\n|\n|-sideend|p2: Montevius|move: Tailwind\n|-ability|p1a: Scovillain|Moody|boost\n|-boost|p1a: Scovillain|spd|2\n|-unboost|p1a: Scovillain|spe|1\n|upkeep\n|\n|t:|1788384429\n|switch|p1b: Sneasler|Sneasler, L50, F|17/100\n|turn|5\n|\n|t:|1788384452\n|detailschange|p1a: Scovillain|Scovillain-Mega, L50, M, shiny\n|-mega|p1a: Scovillain|Scovillain|Scovillainite\n|move|p1a: Scovillain|Rage Powder|p1a: Scovillain\n|-singleturn|p1a: Scovillain|move: Rage Powder\n|move|p1b: Sneasler|Gunk Shot|p2a: Mimikyu\n|-damage|p2a: Mimikyu|7/100\n|-status|p2a: Mimikyu|psn\n|-enditem|p2a: Mimikyu|Lum Berry|[eat]\n|-curestatus|p2a: Mimikyu|psn|[msg]\n|move|p2b: Hydreigon|Tailwind|p2b: Hydreigon\n|-sidestart|p2: Montevius|move: Tailwind\n|move|p2a: Mimikyu|Phantom Force||[still]\n|-prepare|p2a: Mimikyu|Phantom Force\n|\n|upkeep\n|turn|6\n|\n|t:|1788384468\n|move|p1a: Scovillain|Rage Powder|p1a: Scovillain\n|-singleturn|p1a: Scovillain|move: Rage Powder\n|move|p2b: Hydreigon|Earth Power|p1a: Scovillain\n|-damage|p1a: Scovillain|48/100\n|-status|p2b: Hydreigon|brn|[from] ability: Spicy Spray|[of] p1a: Scovillain\n|move|p2a: Mimikyu|Phantom Force|p1a: Scovillain|[from] lockedmove\n|-damage|p1a: Scovillain|0 fnt\n|-status|p2a: Mimikyu|brn|[from] ability: Spicy Spray|[of] p1a: Scovillain\n|faint|p1a: Scovillain\n|move|p1b: Sneasler|Close Combat|p2b: Hydreigon\n|-supereffective|p2b: Hydreigon|1\n|-crit|p2b: Hydreigon\n|-damage|p2b: Hydreigon|0 fnt\n|-unboost|p1b: Sneasler|def|1\n|-unboost|p1b: Sneasler|spd|1\n|faint|p2b: Hydreigon\n|\n|-damage|p2a: Mimikyu|1/100 brn|[from] brn\n|upkeep\n|\n|t:|1788384483\n|switch|p2b: Banette|Banette, L50, M|100/100\n|turn|7\n|\n|t:|1788384500\n|detailschange|p2b: Banette|Banette-Mega, L50, M\n|-mega|p2b: Banette|Banette|Banettite\n|move|p1b: Sneasler|Protect|p1b: Sneasler\n|-singleturn|p1b: Sneasler|Protect\n|move|p2b: Banette|Encore|p1b: Sneasler\n|-activate|p1b: Sneasler|move: Protect\n|move|p2a: Mimikyu|Phantom Force||[still]\n|-prepare|p2a: Mimikyu|Phantom Force\n|\n|-damage|p2a: Mimikyu|0 fnt|[from] brn\n|faint|p2a: Mimikyu\n|upkeep\n|turn|8\n|\n|t:|1788384508\n|move|p2b: Banette|Encore|p1b: Sneasler\n|-start|p1b: Sneasler|Encore\n|move|p1b: Sneasler|Protect||[still]\n|-fail|p1b: Sneasler\n|\n|-sideend|p2: Montevius|move: Tailwind\n|upkeep\n|turn|9\n|\n|t:|1788384514\n|move|p1b: Sneasler|Protect|p1b: Sneasler\n|-singleturn|p1b: Sneasler|Protect\n|move|p2b: Banette|Shadow Sneak|p1b: Sneasler\n|-activate|p1b: Sneasler|move: Protect\n|\n|upkeep\n|turn|10\n|\n|t:|1788384519\n|move|p1b: Sneasler|Protect||[still]\n|-fail|p1b: Sneasler\n|move|p2b: Banette|Shadow Sneak|p1b: Sneasler\n|-damage|p1b: Sneasler|0 fnt\n|faint|p1b: Sneasler\n|\n|win|Montevius\n|raw|Pawah's rating: 1174 &rarr; <strong>1143</strong><br />(-31 for losing)\n|raw|Montevius's rating: 1095 &rarr; <strong>1127</strong><br />(+32 for winning)\n","uploadtime":1788384520,"views":"1","formatid":"gen9championsvgc2026regmb","rating":1127,"private":0,"password":null}