{"id":"gen9championsvgc2026regmb-2674765019","format":"[Gen 9 Champions] VGC 2026 Reg M-B","players":["LontraAssassina","Captain Clean 13"],"log":"|j|☆LontraAssassina\n|j|☆Captain Clean 13\n|t:|1788402660\n|gametype|doubles\n|player|p1|LontraAssassina|170|1405\n|player|p2|Captain Clean 13|steven|1503\n|gen|9\n|tier|[Gen 9 Champions] VGC 2026 Reg M-B\n|rated|\n|rule|Species Clause: Limit one of each Pokémon\n|rule|Item Clause: Limit 1 of each item\n|clearpoke\n|poke|p1|Froslass, L50, F|\n|poke|p1|Raichu, L50, F|\n|poke|p1|Incineroar, L50, M|\n|poke|p1|Kommo-o, L50, F|\n|poke|p1|Gholdengo, L50|\n|poke|p1|Lycanroc-Dusk, L50, F|\n|poke|p2|Incineroar, L50, M|\n|poke|p2|Mawile, L50, F|\n|poke|p2|Farigiraf, L50, M|\n|poke|p2|Gallade, L50, M, shiny|\n|poke|p2|Maushold-Four, L50|\n|poke|p2|Kingambit, L50, F, shiny|\n|teampreview|4\n|inactive|Battle timer is ON: inactive players will automatically lose when time's up. (requested by Captain Clean 13)\n|c|☆Captain Clean 13|glhf!\n|c|☆LontraAssassina|glhf\nLontraAssassina has agreed to open team sheets.\n|inactive|LontraAssassina has 60 seconds left.\n|inactive|Captain Clean 13 has 60 seconds left.\n|inactive|LontraAssassina has 30 seconds left.\n|\n|t:|1788402728\n|teamsize|p1|4\n|teamsize|p2|4\n|start\n|switch|p1a: Froslass|Froslass, L50, F|100/100\n|switch|p1b: Gholdengo|Gholdengo, L50|100/100\n|switch|p2a: Maushold|Maushold-Four, L50|100/100\n|switch|p2b: Her Majesty|Kingambit, L50, F, shiny|100/100\n|turn|1\n|inactive|LontraAssassina has 30 seconds left.\n|inactive|LontraAssassina has 20 seconds left.\n|\n|t:|1788402766\n|switch|p1a: Kommo-o|Kommo-o, L50, F|100/100\n|move|p2a: Maushold|Taunt|p1a: Kommo-o\n|-start|p1a: Kommo-o|move: Taunt\n|move|p1b: Gholdengo|Make It Rain|p2b: Her Majesty|[spread] p2a,p2b\n|-resisted|p2b: Her Majesty|1\n|-damage|p2a: Maushold|32/100\n|-damage|p2b: Her Majesty|75/100\n|-unboost|p1b: Gholdengo|spa|2\n|-damage|p1b: Gholdengo|90/100|[from] item: Life Orb\n|move|p2b: Her Majesty|Swords Dance|p2b: Her Majesty\n|-boost|p2b: Her Majesty|atk|2\n|\n|upkeep\n|turn|2\n|\n|t:|1788402789\n|switch|p2b: Pure Vessel|Gallade, L50, M, shiny|100/100\n|move|p1b: Gholdengo|Protect|p1b: Gholdengo\n|-singleturn|p1b: Gholdengo|Protect\n|move|p2a: Maushold|Beat Up|p2b: Pure Vessel\n|-damage|p2b: Pure Vessel|97/100\n|-ability|p2b: Pure Vessel|Justified|boost\n|-boost|p2b: Pure Vessel|atk|1\n|-damage|p2b: Pure Vessel|94/100\n|-ability|p2b: Pure Vessel|Justified|boost\n|-boost|p2b: Pure Vessel|atk|1\n|-damage|p2b: Pure Vessel|90/100\n|-ability|p2b: Pure Vessel|Justified|boost\n|-boost|p2b: Pure Vessel|atk|1\n|-damage|p2b: Pure Vessel|88/100\n|-ability|p2b: Pure Vessel|Justified|boost\n|-boost|p2b: Pure Vessel|atk|1\n|-hitcount|p2b: Pure Vessel|4\n|move|p1a: Kommo-o|Aura Sphere|p2b: Pure Vessel\n|-resisted|p2b: Pure Vessel|1\n|-damage|p2b: Pure Vessel|75/100\n|\n|upkeep\n|turn|3\n|inactive|LontraAssassina has 30 seconds left.\n|\n|t:|1788402822\n|switch|p1a: Incineroar|Incineroar, L50, M|100/100\n|-ability|p1a: Incineroar|Intimidate|boost\n|-unboost|p2a: Maushold|atk|1\n|-unboost|p2b: Pure Vessel|atk|1\n|detailschange|p2b: Pure Vessel|Gallade-Mega, L50, M, shiny\n|-mega|p2b: Pure Vessel|Gallade|Galladite\n|move|p2a: Maushold|Follow Me|p2a: Maushold\n|-singleturn|p2a: Maushold|move: Follow Me\n|move|p2b: Pure Vessel|Psycho Cut|p1a: Incineroar\n|-immune|p1a: Incineroar\n|move|p1b: Gholdengo|Make It Rain|p2a: Maushold|[spread] p2a,p2b\n|-damage|p2a: Maushold|1/100\n|-damage|p2b: Pure Vessel|53/100\n|-unboost|p1b: Gholdengo|spa|2\n|-damage|p1b: Gholdengo|80/100|[from] item: Life Orb\n|\n|upkeep\n|turn|4\n|inactive|LontraAssassina has 30 seconds left.\n|inactive|LontraAssassina has 20 seconds left.\n|inactive|LontraAssassina has 15 seconds left.\n|\n|t:|1788402866\n|move|p2a: Maushold|Protect|p2a: Maushold\n|-singleturn|p2a: Maushold|Protect\n|move|p1a: Incineroar|Fake Out|p2a: Maushold\n|-activate|p2a: Maushold|move: Protect\n|move|p2b: Pure Vessel|Drain Punch|p1a: Incineroar\n|-supereffective|p1a: Incineroar|1\n|-damage|p1a: Incineroar|0 fnt\n|-heal|p2b: Pure Vessel|100/100|[from] drain|[of] p1a: Incineroar\n|faint|p1a: Incineroar\n|move|p1b: Gholdengo|Shadow Ball|p2b: Pure Vessel\n|-supereffective|p2b: Pure Vessel|1\n|-damage|p2b: Pure Vessel|73/100\n|-damage|p1b: Gholdengo|70/100|[from] item: Life Orb\n|\n|upkeep\n|\n|t:|1788402882\n|switch|p1a: Froslass|Froslass, L50, F|100/100\n|turn|5\n|\n|t:|1788402905\n|move|p1a: Froslass|Protect|p1a: Froslass\n|-singleturn|p1a: Froslass|Protect\n|move|p2a: Maushold|Follow Me|p2a: Maushold\n|-singleturn|p2a: Maushold|move: Follow Me\n|move|p2b: Pure Vessel|Throat Chop|p1a: Froslass\n|-activate|p1a: Froslass|move: Protect\n|move|p1b: Gholdengo|Power Gem|p2a: Maushold\n|-damage|p2a: Maushold|0 fnt\n|faint|p2a: Maushold\n|-damage|p1b: Gholdengo|60/100|[from] item: Life Orb\n|\n|upkeep\n|\n|t:|1788402910\n|switch|p2a: Her Majesty|Kingambit, L50, F, shiny|75/100\n|turn|6\n|\n|t:|1788402929\n|switch|p1a: Kommo-o|Kommo-o, L50, F|100/100\n|move|p2b: Pure Vessel|Protect|p2b: Pure Vessel\n|-singleturn|p2b: Pure Vessel|Protect\n|move|p1b: Gholdengo|Shadow Ball|p2b: Pure Vessel\n|-activate|p2b: Pure Vessel|move: Protect\n|move|p2a: Her Majesty|Swords Dance|p2a: Her Majesty\n|-boost|p2a: Her Majesty|atk|2\n|\n|upkeep\n|turn|7\n|inactive|LontraAssassina has 30 seconds left.\n|\n|t:|1788402957\n|move|p1a: Kommo-o|Protect|p1a: Kommo-o\n|-singleturn|p1a: Kommo-o|Protect\n|move|p2b: Pure Vessel|Psycho Cut|p1a: Kommo-o\n|-activate|p1a: Kommo-o|move: Protect\n|move|p1b: Gholdengo|Shadow Ball|p2b: Pure Vessel\n|-supereffective|p2b: Pure Vessel|1\n|-damage|p2b: Pure Vessel|36/100\n|-damage|p1b: Gholdengo|51/100|[from] item: Life Orb\n|move|p2a: Her Majesty|Kowtow Cleave|p1b: Gholdengo\n|-supereffective|p1b: Gholdengo|1\n|-damage|p1b: Gholdengo|0 fnt\n|faint|p1b: Gholdengo\n|-damage|p2a: Her Majesty|66/100|[from] item: Life Orb\n|\n|upkeep\n|\n|t:|1788402970\n|switch|p1b: Froslass|Froslass, L50, F|100/100\n|turn|8\n|\n|t:|1788402984\n|detailschange|p1b: Froslass|Froslass-Mega, L50, F\n|-mega|p1b: Froslass|Froslass|Froslassite\n|-weather|Snowscape|[from] ability: Snow Warning|[of] p1b: Froslass\n|move|p2a: Her Majesty|Sucker Punch||[still]\n|-fail|p2a: Her Majesty\n|move|p1b: Froslass|Aurora Veil|p1b: Froslass\n|-sidestart|p1: LontraAssassina|move: Aurora Veil\n|move|p2b: Pure Vessel|Psycho Cut|p1a: Kommo-o\n|-supereffective|p1a: Kommo-o|1\n|-damage|p1a: Kommo-o|0 fnt\n|faint|p1a: Kommo-o\n|\n|-weather|Snowscape|[upkeep]\n|upkeep\n|turn|9\n|\n|t:|1788402997\n|move|p2a: Her Majesty|Sucker Punch|p1b: Froslass\n|-supereffective|p1b: Froslass|1\n|-damage|p1b: Froslass|0 fnt\n|faint|p1b: Froslass\n|-damage|p2a: Her Majesty|56/100|[from] item: Life Orb\n|\n|win|Captain Clean 13\n|raw|LontraAssassina's rating: 1405 &rarr; <strong>1390</strong><br />(-15 for losing)\n|raw|Captain Clean 13's rating: 1503 &rarr; <strong>1518</strong><br />(+15 for winning)\n|c|☆Captain Clean 13|GG\n|c|☆LontraAssassina|gg\n|l|☆LontraAssassina\n|player|p1|\n","uploadtime":1788403008,"views":"7","formatid":"gen9championsvgc2026regmb","rating":1390,"private":0,"password":null}