{"id":"gen9championsvgc2026regmb-2674160546","format":"[Gen 9 Champions] VGC 2026 Reg M-B","players":["legit4u","ravenskeeper"],"log":"|j|☆legit4u\n|j|☆ravenskeeper\n|t:|1788308187\n|gametype|doubles\n|player|p1|legit4u|clown|\n|player|p2|ravenskeeper|102|\n|gen|9\n|tier|[Gen 9 Champions] VGC 2026 Reg M-B\n|rule|Species Clause: Limit one of each Pokémon\n|rule|Item Clause: Limit 1 of each item\n|clearpoke\n|poke|p1|Spiritomb, L50, F|\n|poke|p1|Slowbro, L50, M|\n|poke|p1|Rampardos, L50, F|\n|poke|p1|Alakazam, L50, M|\n|poke|p1|Meowstic, L50, M|\n|poke|p1|Kingambit, L50, F|\n|poke|p2|Tyranitar, L50, F|\n|poke|p2|Excadrill, L50, F|\n|poke|p2|Houndstone, L50, M|\n|poke|p2|Scizor, L50, M|\n|poke|p2|Rotom-Mow, L50|\n|poke|p2|Altaria, L50, F|\n|teampreview|4\n|c|☆ravenskeeper|HMMM WHAT IS DEREK DOING?\n|\n|t:|1788308289\n|teamsize|p1|4\n|teamsize|p2|4\n|start\n|switch|p1a: Meowstic|Meowstic, L50, M|100/100\n|switch|p1b: Slowbro|Slowbro, L50, M|100/100\n|switch|p2a: Excadrill|Excadrill, L50, F|100/100\n|switch|p2b: Rotom|Rotom-Mow, L50|100/100\n|turn|1\n|\n|t:|1788308345\n|detailschange|p1b: Slowbro|Slowbro-Mega, L50, M\n|-mega|p1b: Slowbro|Slowbro|Slowbronite\n|move|p1a: Meowstic|Light Screen|p1a: Meowstic\n|-sidestart|p1: legit4u|move: Light Screen\n|move|p2a: Excadrill|Earthquake|p1b: Slowbro|[spread] p1a,p1b\n|-immune|p2b: Rotom|[from] ability: Levitate\n|-crit|p1a: Meowstic\n|-damage|p1a: Meowstic|44/100\n|-damage|p1b: Slowbro|78/100\n|move|p2b: Rotom|Leaf Storm|p1b: Slowbro\n|-supereffective|p1b: Slowbro|1\n|-damage|p1b: Slowbro|16/100\n|-unboost|p2b: Rotom|spa|2\n|move|p1b: Slowbro|Amnesia|p1b: Slowbro\n|-boost|p1b: Slowbro|spd|2\n|\n|upkeep\n|turn|2\n|\n|t:|1788308383\n|move|p1a: Meowstic|Skill Swap|p1b: Slowbro\n|-activate|p1a: Meowstic|Skill Swap|||[of] p1b: Slowbro\n|-hint|Skill Swap does not announce the abilities of the Pokémon when used between allies.\n|move|p1b: Slowbro|Slack Off|p1b: Slowbro\n|-heal|p1b: Slowbro|67/100\n|move|p2a: Excadrill|Earthquake|p1a: Meowstic|[spread] p1a,p1b\n|-immune|p2b: Rotom|[from] ability: Levitate\n|-damage|p1a: Meowstic|4/100\n|-damage|p1b: Slowbro|41/100\n|move|p2b: Rotom|Volt Switch|p1b: Slowbro\n|-supereffective|p1b: Slowbro|1\n|-damage|p1b: Slowbro|33/100\n|c|☆ravenskeeper|?????????\n|c|☆legit4u|????????\n|c|☆ravenskeeper|thought i would kil lhim for usre\n|c|☆ravenskeeper|lol\n|c|☆ravenskeeper|how did he heal\n|c|☆legit4u|tank\n|c|☆legit4u|slack off\n|c|☆legit4u|(prankster slack off)\n|c|☆legit4u|(priority self healing)\n|j| hondourpoker\n|\n|t:|1788308442\n|switch|p2b: Tyranitar|Tyranitar, L50, F|100/100|[from] Volt Switch\n|-weather|Sandstorm|[from] ability: Sand Stream|[of] p2b: Tyranitar\n|\n|-weather|Sandstorm|[upkeep]\n|-damage|p1a: Meowstic|0 fnt|[from] Sandstorm\n|-damage|p1b: Slowbro|27/100|[from] Sandstorm\n|faint|p1a: Meowstic\n|upkeep\n|\n|t:|1788308451\n|switch|p1a: Spiritomb|Spiritomb, L50, F|100/100\n|turn|3\n|\n|t:|1788308492\n|move|p1b: Slowbro|Slack Off|p1b: Slowbro\n|-heal|p1b: Slowbro|77/100\n|move|p2a: Excadrill|Rock Slide|p1b: Slowbro|[spread] p1a,p1b\n|-damage|p1a: Spiritomb|76/100\n|-damage|p1b: Slowbro|66/100\n|move|p2b: Tyranitar|Knock Off|p1b: Slowbro\n|-supereffective|p1b: Slowbro|1\n|-damage|p1b: Slowbro|24/100\n|cant|p1a: Spiritomb|flinch\n|\n|-weather|Sandstorm|[upkeep]\n|-damage|p1b: Slowbro|18/100|[from] Sandstorm\n|-damage|p1a: Spiritomb|70/100|[from] Sandstorm\n|upkeep\n|turn|4\n|\n|t:|1788308525\n|move|p1b: Slowbro|Slack Off|p1b: Slowbro\n|-heal|p1b: Slowbro|68/100\n|move|p2a: Excadrill|Rock Slide|p1a: Spiritomb|[spread] p1a,p1b\n|-damage|p1a: Spiritomb|48/100\n|-damage|p1b: Slowbro|56/100\n|move|p2b: Tyranitar|Knock Off|p1b: Slowbro\n|-supereffective|p1b: Slowbro|1\n|-damage|p1b: Slowbro|16/100\n|move|p1a: Spiritomb|Trick Room|p1a: Spiritomb\n|-fieldstart|move: Trick Room|[of] p1a: Spiritomb\n|\n|-weather|Sandstorm|[upkeep]\n|-damage|p1a: Spiritomb|43/100|[from] Sandstorm\n|-damage|p1b: Slowbro|10/100|[from] Sandstorm\n|upkeep\n|turn|5\n|\n|t:|1788308575\n|switch|p2b: Houndstone|Houndstone, L50, M|100/100\n|move|p1b: Slowbro|Slack Off|p1b: Slowbro\n|-heal|p1b: Slowbro|61/100\n|move|p1a: Spiritomb|Pain Split|p2b: Houndstone\n|-sethp|p2b: Houndstone|67/100|[from] move: Pain Split|[silent]\n|-sethp|p1a: Spiritomb|84/100|[from] move: Pain Split\n|move|p2a: Excadrill|Rock Slide|p1b: Slowbro|[spread] p1a,p1b\n|-damage|p1a: Spiritomb|59/100\n|-damage|p1b: Slowbro|50/100g\n|\n|-weather|Sandstorm|[upkeep]\n|-damage|p1a: Spiritomb|53/100|[from] Sandstorm\n|-damage|p1b: Slowbro|44/100|[from] Sandstorm\n|upkeep\n|turn|6\n|\n|t:|1788308625\n|move|p1b: Slowbro|Iron Defense|p1b: Slowbro\n|-boost|p1b: Slowbro|def|2\n|move|p1a: Spiritomb|Foul Play|p2b: Houndstone\n|-supereffective|p2b: Houndstone|1\n|-damage|p2b: Houndstone|0 fnt\n|faint|p2b: Houndstone\n|move|p2a: Excadrill|Rock Slide|p1a: Spiritomb|[spread] p1a,p1b\n|-damage|p1a: Spiritomb|31/100\n|-damage|p1b: Slowbro|38/100\n|\n|-weather|none\n|upkeep\n|\n|t:|1788308654\n|switch|p2b: Tyranitar|Tyranitar, L50, F|100/100\n|-weather|Sandstorm|[from] ability: Sand Stream|[of] p2b: Tyranitar\n|turn|7\n|\n|t:|1788308682\n|move|p1b: Slowbro|Slack Off|p1b: Slowbro\n|-heal|p1b: Slowbro|88/100\n|move|p1a: Spiritomb|Pain Split|p2b: Tyranitar\n|-sethp|p2b: Tyranitar|61/100|[from] move: Pain Split|[silent]\n|-sethp|p1a: Spiritomb|84/100|[from] move: Pain Split\n|move|p2b: Tyranitar|Rock Slide|p1a: Spiritomb|[spread] p1a,p1b\n|-damage|p1a: Spiritomb|55/100\n|-damage|p1b: Slowbro|80/100\n|move|p2a: Excadrill|Rock Slide|p1a: Spiritomb|[spread] p1a,p1b\n|-damage|p1a: Spiritomb|33/100\n|-damage|p1b: Slowbro|75/100\n|\n|-weather|Sandstorm|[upkeep]\n|-damage|p1a: Spiritomb|27/100|[from] Sandstorm\n|-damage|p1b: Slowbro|69/100|[from] Sandstorm\n|upkeep\n|turn|8\n|\n|t:|1788308700\n|move|p2a: Excadrill|Protect|p2a: Excadrill\n|-singleturn|p2a: Excadrill|Protect\n|move|p1a: Spiritomb|Pain Split|p2a: Excadrill\n|-activate|p2a: Excadrill|move: Protect\n|move|p1b: Slowbro|Body Press|p2b: Tyranitar\n|-supereffective|p2b: Tyranitar|2\n|-damage|p2b: Tyranitar|0 fnt\n|faint|p2b: Tyranitar\n|\n|-weather|Sandstorm|[upkeep]\n|-damage|p1a: Spiritomb|22/100|[from] Sandstorm\n|-damage|p1b: Slowbro|63/100|[from] Sandstorm\n|-sideend|p1: legit4u|move: Light Screen\n|-fieldend|move: Trick Room\n|upkeep\n|\n|t:|1788308713\n|switch|p2b: Rotom|Rotom-Mow, L50|100/100\n|turn|9\n|\n|t:|1788308725\n|move|p1b: Slowbro|Slack Off|p1b: Slowbro\n|-heal|p1b: Slowbro|100/100\n|move|p2a: Excadrill|Rock Slide|p1a: Spiritomb|[spread] p1a,p1b\n|-damage|p1a: Spiritomb|0 fnt\n|-damage|p1b: Slowbro|94/100\n|faint|p1a: Spiritomb\n|move|p2b: Rotom|Thunderbolt|p1b: Slowbro\n|-supereffective|p1b: Slowbro|1\n|-damage|p1b: Slowbro|57/100\n|\n|-weather|Sandstorm|[upkeep]\n|-damage|p2b: Rotom|94/100|[from] Sandstorm\n|-damage|p1b: Slowbro|51/100|[from] Sandstorm\n|upkeep\n|\n|t:|1788308736\n|switch|p1a: Kingambit|Kingambit, L50, F|100/100\n|turn|10\n|\n|t:|1788308748\n|move|p1a: Kingambit|Protect|p1a: Kingambit\n|-singleturn|p1a: Kingambit|Protect\n|move|p2a: Excadrill|Earthquake|p1b: Slowbro|[spread] p1b\n|-activate|p1a: Kingambit|move: Protect\n|-immune|p2b: Rotom|[from] ability: Levitate\n|-damage|p1b: Slowbro|39/100\n|move|p2b: Rotom|Thunderbolt|p1b: Slowbro\n|-supereffective|p1b: Slowbro|1\n|-damage|p1b: Slowbro|3/100\n|move|p1b: Slowbro|Body Press|p2a: Excadrill\n|-supereffective|p2a: Excadrill|1\n|-enditem|p2a: Excadrill|Focus Sash\n|-damage|p2a: Excadrill|1/100\n|\n|-weather|Sandstorm|[upkeep]\n|-damage|p2b: Rotom|88/100|[from] Sandstorm\n|-damage|p1b: Slowbro|0 fnt|[from] Sandstorm\n|faint|p1b: Slowbro\n|upkeep\n|turn|11\n|\n|t:|1788308813\n|move|p2a: Excadrill|Protect|p2a: Excadrill\n|-singleturn|p2a: Excadrill|Protect\n|move|p1a: Kingambit|Sucker Punch|p2b: Rotom\n|-damage|p2b: Rotom|44/100\n|move|p2b: Rotom|Thunderbolt|p1a: Kingambit\n|-damage|p1a: Kingambit|50/100g\n|\n|-weather|none\n|upkeep\n|turn|12\n|\n|t:|1788308832\n|move|p1a: Kingambit|Sucker Punch|p2a: Excadrill\n|-damage|p2a: Excadrill|0 fnt\n|faint|p2a: Excadrill\n|move|p2b: Rotom|Thunderbolt|p1a: Kingambit\n|-damage|p1a: Kingambit|6/100\n|\n|upkeep\n|turn|13\n|\n|t:|1788308846\n|move|p1a: Kingambit|Sucker Punch|p2b: Rotom\n|-damage|p2b: Rotom|3/100\n|move|p2b: Rotom|Thunderbolt|p1a: Kingambit\n|-damage|p1a: Kingambit|0 fnt\n|faint|p1a: Kingambit\n|\n|win|ravenskeeper\n","uploadtime":1788308868,"views":"15","formatid":"gen9championsvgc2026regmb","rating":null,"private":0,"password":null}