{"id":"gen9championsvgc2026regmbbo3-2673789129","format":"[Gen 9 Champions] VGC 2026 Reg M-B (Bo3)","players":["KevinDeBrowny","kingsrowbajax"],"log":"|j|☆KevinDeBrowny\n|j|☆kingsrowbajax\n|html|<table width=\"100%\"><tr><td align=\"left\">KevinDeBrowny</td><td align=\"right\">kingsrowbajax</tr><tr><td align=\"left\"><i class=\"fa fa-circle-o\"></i> <i class=\"fa fa-circle-o\"></i> </td><td align=\"right\"><i class=\"fa fa-circle-o\"></i> <i class=\"fa fa-circle\"></i> </tr></table>\n|uhtml|bestof|<h2><strong>Game 2</strong> of <a href=\"/game-bestof3-gen9championsvgc2026regmbbo3-2673788030\">a best-of-3</a></h2>\n|t:|1788256981\n|gametype|doubles\n|player|p1|KevinDeBrowny|ltsurge|1102\n|player|p2|kingsrowbajax|1|1229\n|gen|9\n|tier|[Gen 9 Champions] VGC 2026 Reg M-B (Bo3)\n|rated|\n|rule|Species Clause: Limit one of each Pokémon\n|rule|Item Clause: Limit 1 of each item\n|clearpoke\n|poke|p1|Raichu, L50, F|\n|poke|p1|Jolteon, L50, F|\n|poke|p1|Whimsicott, L50, F|\n|poke|p1|Swampert, L50, M|\n|poke|p1|Aerodactyl, L50, F|\n|poke|p1|Sylveon, L50, M|\n|poke|p2|Blastoise, L50, M|\n|poke|p2|Delphox, L50, F|\n|poke|p2|Sinistcha, L50|\n|poke|p2|Kingambit, L50, F|\n|poke|p2|Sneasler, L50, M|\n|poke|p2|Incineroar, L50, M|\n|teampreview|4\n|showteam|p1|Raichu||RaichuniteX|LightningRod|FakeOut,VoltTackle,DrainPunch,PlayRough|Jolly||F|||50|]Jolteon||LifeOrb|VoltAbsorb|RisingVoltage,ShadowBall,AlluringVoice,Protect|Timid||F|||50|]Whimsicott||FocusSash|Prankster|Moonblast,Tailwind,FakeTears,WorrySeed|Modest||F|||50|]Swampert||Swampertite|Torrent|WaveCrash,HighHorsepower,IcePunch,Protect|Adamant||M|||50|]Aerodactyl||SitrusBerry|Unnerve|RockSlide,Tailwind,RainDance,DualWingbeat|Jolly||F|||50|]Sylveon||FairyFeather|Pixilate|HyperVoice,Protect,HyperBeam,Psychic|Modest||M|||50|\n|showteam|p2|Blastoise||Blastoisinite|RainDish|WaterSpout,DarkPulse,ShellSmash,Protect|Modest||M|||50|]Delphox||Delphoxite|Blaze|HeatWave,Psychic,NastyPlot,Protect|Timid||F|||50|]Sinistcha||ColburBerry|Hospitality|MatchaGotcha,RagePowder,TrickRoom,Protect|Bold|||||50|]Kingambit||LifeOrb|Defiant|KowtowCleave,SuckerPunch,SwordsDance,Protect|Adamant||F|||50|]Sneasler||FocusSash|PoisonTouch|FakeOut,PoisonJab,CloseCombat,QuickGuard|Jolly||M|||50|]Incineroar||SitrusBerry|Intimidate|FakeOut,FlareBlitz,ThroatChop,PartingShot|Careful||M|||50|\n|inactive|Battle timer is ON: inactive players will automatically lose when time's up. (requested by KevinDeBrowny)\n|\n|t:|1788257008\n|teamsize|p1|4\n|teamsize|p2|4\n|start\n|switch|p1a: Aerodactyl|Aerodactyl, L50, F|100/100\n|switch|p1b: Swampert|Swampert, L50, M|100/100\n|switch|p2a: Delphox|Delphox, L50, F|100/100\n|switch|p2b: Incineroar|Incineroar, L50, M|100/100\n|-ability|p1a: Aerodactyl|Unnerve\n|-ability|p2b: Incineroar|Intimidate|boost\n|-unboost|p1a: Aerodactyl|atk|1\n|-unboost|p1b: Swampert|atk|1\n|turn|1\n|inactive|kingsrowbajax has 30 seconds left.\n|\n|t:|1788257035\n|detailschange|p2a: Delphox|Delphox-Mega, L50, F\n|-mega|p2a: Delphox|Delphox|Delphoxite\n|detailschange|p1b: Swampert|Swampert-Mega, L50, M\n|-mega|p1b: Swampert|Swampert|Swampertite\n|move|p2a: Delphox|Protect|p2a: Delphox\n|-singleturn|p2a: Delphox|Protect\n|move|p1a: Aerodactyl|Rock Slide|p2b: Incineroar|[spread] p2b\n|-activate|p2a: Delphox|move: Protect\n|-supereffective|p2b: Incineroar|1\n|-damage|p2b: Incineroar|69/100\n|move|p1b: Swampert|High Horsepower|p2b: Incineroar\n|-supereffective|p2b: Incineroar|1\n|-damage|p2b: Incineroar|0 fnt\n|faint|p2b: Incineroar\n|\n|upkeep\n|\n|t:|1788257048\n|switch|p2b: Sneasler|Sneasler, L50, M|100/100\n|turn|2\n|\n|t:|1788257061\n|move|p2b: Sneasler|Fake Out|p1b: Swampert\n|-damage|p1b: Swampert|86/100\n|move|p2a: Delphox|Nasty Plot|p2a: Delphox\n|-boost|p2a: Delphox|spa|2\n|move|p1a: Aerodactyl|Rain Dance|p1a: Aerodactyl\n|-weather|RainDance\n|cant|p1b: Swampert|flinch\n|\n|-weather|RainDance|[upkeep]\n|upkeep\n|turn|3\n|inactive|KevinDeBrowny has 30 seconds left.\n|inactive|kingsrowbajax has 30 seconds left.\n|inactive|kingsrowbajax has 20 seconds left.\n|inactive|kingsrowbajax has 15 seconds left.\n|inactive|kingsrowbajax has 10 seconds left.\n|\n|t:|1788257108\n|switch|p2b: Kingambit|Kingambit, L50, F|100/100\n|move|p2a: Delphox|Protect|p2a: Delphox\n|-singleturn|p2a: Delphox|Protect\n|move|p1b: Swampert|Wave Crash|p2a: Delphox\n|-activate|p2a: Delphox|move: Protect\n|move|p1a: Aerodactyl|Dual Wingbeat|p2b: Kingambit\n|-resisted|p2b: Kingambit|1\n|-damage|p2b: Kingambit|95/100\n|-resisted|p2b: Kingambit|1\n|-damage|p2b: Kingambit|89/100\n|-hitcount|p2b: Kingambit|2\n|\n|-weather|RainDance|[upkeep]\n|upkeep\n|turn|4\n|inactive|KevinDeBrowny has 30 seconds left.\n|inactive|kingsrowbajax has 30 seconds left.\n|\n|t:|1788257136\n|switch|p2a: Sneasler|Sneasler, L50, M|100/100\n|switch|p1a: Whimsicott|Whimsicott, L50, F|100/100\n|move|p1b: Swampert|Wave Crash|p2a: Sneasler\n|-enditem|p2a: Sneasler|Focus Sash\n|-damage|p2a: Sneasler|1/100\n|-damage|p1b: Swampert|59/100|[from] Recoil\n|move|p2b: Kingambit|Swords Dance|p2b: Kingambit\n|-boost|p2b: Kingambit|atk|2\n|\n|-weather|RainDance|[upkeep]\n|upkeep\n|turn|5\n|inactive|KevinDeBrowny has 30 seconds left.\n|\n|t:|1788257161\n|move|p2b: Kingambit|Sucker Punch|p1b: Swampert\n|-damage|p1b: Swampert|0 fnt\n|faint|p1b: Swampert\n|-damage|p2b: Kingambit|80/100|[from] item: Life Orb\n|move|p2a: Sneasler|Poison Jab|p1a: Whimsicott\n|-supereffective|p1a: Whimsicott|2\n|-enditem|p1a: Whimsicott|Focus Sash\n|-damage|p1a: Whimsicott|1/100\n|-status|p1a: Whimsicott|psn|[from] ability: Poison Touch|[of] p2a: Sneasler\n|move|p1a: Whimsicott|Moonblast|p2a: Sneasler\n|-damage|p2a: Sneasler|0 fnt\n|faint|p2a: Sneasler\n|\n|-weather|RainDance|[upkeep]\n|-damage|p1a: Whimsicott|0 fnt|[from] psn\n|faint|p1a: Whimsicott\n|upkeep\n|\n|t:|1788257176\n|switch|p2a: Delphox|Delphox-Mega, L50, F|100/100\n|switch|p1a: Aerodactyl|Aerodactyl, L50, F|100/100\n|switch|p1b: Sylveon|Sylveon, L50, M|100/100\n|-ability|p1a: Aerodactyl|Unnerve\n|turn|6\n|inactive|kingsrowbajax has 30 seconds left.\n|\n|t:|1788257208\n|move|p2b: Kingambit|Sucker Punch|p1b: Sylveon\n|-resisted|p1b: Sylveon|1\n|-damage|p1b: Sylveon|29/100\n|-damage|p2b: Kingambit|70/100|[from] item: Life Orb\n|move|p2a: Delphox|Psychic|p1b: Sylveon\n|-crit|p1b: Sylveon\n|-damage|p1b: Sylveon|0 fnt\n|faint|p1b: Sylveon\n|move|p1a: Aerodactyl|Rock Slide|p2b: Kingambit|[spread] p2a,p2b\n|-supereffective|p2a: Delphox|1\n|-resisted|p2b: Kingambit|1\n|-damage|p2a: Delphox|42/100\n|-damage|p2b: Kingambit|60/100\n|\n|-weather|none\n|upkeep\n|turn|7\n|\n|t:|1788257226\n|move|p2b: Kingambit|Sucker Punch|p1a: Aerodactyl\n|-damage|p1a: Aerodactyl|0 fnt\n|faint|p1a: Aerodactyl\n|-damage|p2b: Kingambit|50/100g|[from] item: Life Orb\n|\n|win|kingsrowbajax\n|raw|KevinDeBrowny's rating: 1102 &rarr; <strong>1086</strong><br />(-16 for losing)\n|raw|kingsrowbajax's rating: 1229 &rarr; <strong>1245</strong><br />(+16 for winning)\n","uploadtime":1788257226,"views":"4","formatid":"gen9championsvgc2026regmbbo3","rating":1086,"private":0,"password":null}