{"id":"gen9championsvgc2026regmb-2675005629","format":"[Gen 9 Champions] VGC 2026 Reg M-B","players":["sum1dum","pranavvv"],"log":"|j|☆sum1dum\n|j|☆pranavvv\n|t:|1788447803\n|gametype|doubles\n|player|p1|sum1dum|rosa|1526\n|player|p2|pranavvv|266|1567\n|gen|9\n|tier|[Gen 9 Champions] VGC 2026 Reg M-B\n|rated|\n|rule|Species Clause: Limit one of each Pokémon\n|rule|Item Clause: Limit 1 of each item\n|clearpoke\n|poke|p1|Primarina, L50, M|\n|poke|p1|Scovillain, L50, F|\n|poke|p1|Slowking-Galar, L50, F|\n|poke|p1|Incineroar, L50, M|\n|poke|p1|Kingambit, L50, M|\n|poke|p1|Golurk, L50|\n|poke|p2|Scovillain, L50, M|\n|poke|p2|Froslass, L50, F|\n|poke|p2|Lycanroc-Dusk, L50, M|\n|poke|p2|Sneasler, L50, F|\n|poke|p2|Kingambit, L50, M|\n|poke|p2|Basculegion, L50, M|\n|teampreview|4\n|inactive|Battle timer is ON: inactive players will automatically lose when time's up. (requested by sum1dum)\n|inactive|sum1dum has 60 seconds left.\n|inactive|pranavvv has 60 seconds left.\n|\n|t:|1788447860\n|teamsize|p1|4\n|teamsize|p2|4\n|start\n|switch|p1a: Slowking|Slowking-Galar, L50, F|100/100\n|switch|p1b: Scovillain|Scovillain, L50, F|100/100\n|switch|p2a: Kingambit|Kingambit, L50, M|100/100\n|switch|p2b: Sneasler|Sneasler, L50, F|100/100\n|turn|1\n|\n|t:|1788447881\n|move|p2b: Sneasler|Fake Out|p1a: Slowking\n|-damage|p1a: Slowking|87/100\n|move|p1b: Scovillain|Flamethrower|p2a: Kingambit\n|-supereffective|p2a: Kingambit|1\n|-damage|p2a: Kingambit|35/100\n|move|p2a: Kingambit|Kowtow Cleave|p1a: Slowking\n|-supereffective|p1a: Slowking|1\n|-damage|p1a: Slowking|0 fnt\n|faint|p1a: Slowking\n|\n|-ability|p1b: Scovillain|Moody|boost\n|-boost|p1b: Scovillain|spe|2\n|-unboost|p1b: Scovillain|spd|1\n|upkeep\n|\n|t:|1788447885\n|switch|p1a: Primarina|Primarina, L50, M|100/100\n|turn|2\n|\n|t:|1788447904\n|detailschange|p1b: Scovillain|Scovillain-Mega, L50, F\n|-mega|p1b: Scovillain|Scovillain|Scovillainite\n|move|p1b: Scovillain|Rage Powder|p1b: Scovillain\n|-singleturn|p1b: Scovillain|move: Rage Powder\n|move|p2b: Sneasler|Dire Claw|p1b: Scovillain\n|-supereffective|p1b: Scovillain|1\n|-damage|p1b: Scovillain|26/100\n|-status|p1b: Scovillain|psn\n|-status|p2b: Sneasler|brn|[from] ability: Spicy Spray|[of] p1b: Scovillain\n|move|p1a: Primarina|Hyper Voice|p2a: Kingambit|[spread] p2a,p2b\n|-damage|p2a: Kingambit|0 fnt\n|-damage|p2b: Sneasler|56/100 brn\n|faint|p2a: Kingambit\n|\n|-damage|p1b: Scovillain|14/100 psn|[from] psn\n|-damage|p2b: Sneasler|50/100y brn|[from] brn\n|upkeep\n|\n|t:|1788447925\n|switch|p2a: Froslass|Froslass, L50, F|100/100\n|turn|3\n|\n|t:|1788447933\n|detailschange|p2a: Froslass|Froslass-Mega, L50, F\n|-mega|p2a: Froslass|Froslass|Froslassite\n|-weather|Snowscape|[from] ability: Snow Warning|[of] p2a: Froslass\n|move|p2b: Sneasler|Protect|p2b: Sneasler\n|-singleturn|p2b: Sneasler|Protect\n|move|p2a: Froslass|Protect|p2a: Froslass\n|-singleturn|p2a: Froslass|Protect\n|move|p1b: Scovillain|Flamethrower|p2b: Sneasler\n|-activate|p2b: Sneasler|move: Protect\n|move|p1a: Primarina|Hyper Voice|p2a: Froslass|[spread] \n|-activate|p2a: Froslass|move: Protect\n|-activate|p2b: Sneasler|move: Protect\n|\n|-weather|Snowscape|[upkeep]\n|-damage|p1b: Scovillain|2/100 psn|[from] psn\n|-damage|p2b: Sneasler|43/100 brn|[from] brn\n|upkeep\n|turn|4\n|j| i like big numbers\n|j| Justice Carbozo\n|l|☆pranavvv\n|inactive|pranavvv disconnected and has a minute to reconnect!\n|player|p2|\n|j|☆pranavvv\n|inactive|pranavvv reconnected and has 35 seconds left.\n|player|p2|pranavvv|266|\n|inactive|pranavvv has 30 seconds left.\n|l| Justice Carbozo\n|\n|t:|1788447960\n|move|p1b: Scovillain|Flamethrower|p2b: Sneasler\n|-crit|p2b: Sneasler\n|-damage|p2b: Sneasler|0 fnt\n|faint|p2b: Sneasler\n|move|p2a: Froslass|Shadow Ball|p1a: Primarina\n|-damage|p1a: Primarina|60/100\n|move|p1a: Primarina|Hyper Voice|p2a: Froslass\n|-damage|p2a: Froslass|48/100\n|\n|-weather|Snowscape|[upkeep]\n|-heal|p1a: Primarina|66/100|[from] item: Leftovers\n|-damage|p1b: Scovillain|0 fnt|[from] psn\n|faint|p1b: Scovillain\n|upkeep\n|\n|t:|1788447965\n|switch|p2b: Basculegion|Basculegion, L50, M|100/100\n|switch|p1b: Kingambit|Kingambit, L50, M|100/100\n|turn|5\n|\n|t:|1788447977\n|move|p2b: Basculegion|Aqua Jet|p1b: Kingambit\n|-damage|p1b: Kingambit|73/100\n|-damage|p2b: Basculegion|90/100|[from] item: Life Orb\n|move|p1b: Kingambit|Sucker Punch||[still]\n|-fail|p1b: Kingambit\n|move|p2a: Froslass|Aurora Veil|p2a: Froslass\n|-sidestart|p2: pranavvv|move: Aurora Veil\n|move|p1a: Primarina|Hyper Voice|p2b: Basculegion|[spread] p2a,p2b\n|-resisted|p2b: Basculegion|1\n|-damage|p2a: Froslass|24/100\n|-damage|p2b: Basculegion|77/100\n|\n|-weather|Snowscape|[upkeep]\n|-heal|p1a: Primarina|72/100|[from] item: Leftovers\n|upkeep\n|turn|6\n|\n|t:|1788447989\n|move|p2a: Froslass|Shadow Ball|p1a: Primarina\n|-damage|p1a: Primarina|32/100\n|move|p2b: Basculegion|Wave Crash|p1b: Kingambit\n|-damage|p1b: Kingambit|0 fnt\n|faint|p1b: Kingambit\n|-damage|p2b: Basculegion|53/100|[from] Recoil\n|-damage|p2b: Basculegion|44/100|[from] item: Life Orb\n|move|p1a: Primarina|Hyper Voice|p2a: Froslass|[spread] p2a,p2b\n|-resisted|p2b: Basculegion|1\n|-damage|p2a: Froslass|0 fnt\n|-damage|p2b: Basculegion|32/100\n|faint|p2a: Froslass\n|\n|-weather|Snowscape|[upkeep]\n|-heal|p1a: Primarina|39/100|[from] item: Leftovers\n|upkeep\n|turn|7\n|\n|t:|1788447995\n|move|p2b: Basculegion|Last Respects|p1a: Primarina\n|-crit|p1a: Primarina\n|-damage|p1a: Primarina|0 fnt\n|faint|p1a: Primarina\n|-damage|p2b: Basculegion|22/100|[from] item: Life Orb\n|\n|win|pranavvv\n|raw|sum1dum's rating: 1526 &rarr; <strong>1508</strong><br />(-18 for losing)\n|raw|pranavvv's rating: 1567 &rarr; <strong>1585</strong><br />(+18 for winning)\n","uploadtime":1788447996,"views":"1","formatid":"gen9championsvgc2026regmb","rating":1508,"private":0,"password":null}