{"id":"gen9championsvgc2026regmb-2673877373","format":"[Gen 9 Champions] VGC 2026 Reg M-B","players":["m4r71n3z","gyromate"],"log":"|j|☆m4r71n3z\n|j|☆gyromate\n|t:|1788272000\n|gametype|doubles\n|player|p1|m4r71n3z|cynthia|1423\n|player|p2|gyromate|101|1567\n|gen|9\n|tier|[Gen 9 Champions] VGC 2026 Reg M-B\n|rated|\n|rule|Species Clause: Limit one of each Pokémon\n|rule|Item Clause: Limit 1 of each item\n|clearpoke\n|poke|p1|Umbreon, L50, M|\n|poke|p1|Scovillain, L50, M|\n|poke|p1|Sneasler, L50, M|\n|poke|p1|Vanilluxe, L50, M|\n|poke|p1|Garchomp, L50, F|\n|poke|p1|Basculegion, L50, M|\n|poke|p2|Farigiraf, L50, F|\n|poke|p2|Steelix, L50, F, shiny|\n|poke|p2|Tyranitar, L50, M|\n|poke|p2|Venusaur, L50, M|\n|poke|p2|Pelipper, L50, M, shiny|\n|poke|p2|Dragonite, L50, M|\n|teampreview|4\n|inactive|Battle timer is ON: inactive players will automatically lose when time's up. (requested by m4r71n3z)\n|\n|t:|1788272071\n|teamsize|p1|4\n|teamsize|p2|4\n|start\n|switch|p1a: Sneasler|Sneasler, L50, M|100/100\n|switch|p1b: Scovillain|Scovillain, L50, M|100/100\n|switch|p2a: Peeko Bellic|Pelipper, L50, M, shiny|100/100\n|switch|p2b: Table Butter|Steelix, L50, F, shiny|100/100\n|-weather|RainDance|[from] ability: Drizzle|[of] p2a: Peeko Bellic\n|turn|1\n|\n|t:|1788272092\n|detailschange|p2b: Table Butter|Steelix-Mega, L50, F, shiny\n|-mega|p2b: Table Butter|Steelix|Steelixite\n|move|p1a: Sneasler|Fake Out|p2a: Peeko Bellic\n|-damage|p2a: Peeko Bellic|84/100\n|move|p1b: Scovillain|Spicy Extract|p1a: Sneasler\n|-boost|p1a: Sneasler|atk|2\n|-unboost|p1a: Sneasler|def|2\n|-enditem|p1a: Sneasler|White Herb\n|-clearnegativeboost|p1a: Sneasler|[silent]\n|cant|p2a: Peeko Bellic|flinch\n|move|p2b: Table Butter|High Horsepower|p1a: Sneasler\n|-supereffective|p1a: Sneasler|1\n|-damage|p1a: Sneasler|0 fnt\n|faint|p1a: Sneasler\n|\n|-weather|RainDance|[upkeep]\n|-ability|p1b: Scovillain|Moody|boost\n|-boost|p1b: Scovillain|def|2\n|-unboost|p1b: Scovillain|spa|1\n|upkeep\n|\n|t:|1788272107\n|switch|p1a: Umbreon|Umbreon, L50, M|100/100\n|turn|2\n|\n|t:|1788272127\n|detailschange|p1b: Scovillain|Scovillain-Mega, L50, M\n|-mega|p1b: Scovillain|Scovillain|Scovillainite\n|move|p2b: Table Butter|Protect|p2b: Table Butter\n|-singleturn|p2b: Table Butter|Protect\n|move|p1b: Scovillain|Spicy Extract|p2b: Table Butter\n|-activate|p2b: Table Butter|move: Protect\n|move|p2a: Peeko Bellic|Hurricane|p1b: Scovillain\n|-supereffective|p1b: Scovillain|1\n|-damage|p1b: Scovillain|11/100\n|-start|p1b: Scovillain|confusion\n|-status|p2a: Peeko Bellic|brn|[from] ability: Spicy Spray|[of] p1b: Scovillain\n|move|p1a: Umbreon|Foul Play|p2b: Table Butter\n|-activate|p2b: Table Butter|move: Protect\n|\n|-weather|RainDance|[upkeep]\n|-damage|p2a: Peeko Bellic|78/100 brn|[from] brn\n|upkeep\n|turn|3\n|\n|t:|1788272151\n|switch|p2b: protect ya neck|Farigiraf, L50, F|100/100\n|-activate|p1b: Scovillain|confusion\n|move|p1b: Scovillain|Protect|p1b: Scovillain\n|-singleturn|p1b: Scovillain|Protect\n|move|p1a: Umbreon|Foul Play|p2b: protect ya neck\n|-supereffective|p2b: protect ya neck|1\n|-damage|p2b: protect ya neck|52/100\n|move|p2a: Peeko Bellic|Tailwind|p2a: Peeko Bellic\n|-sidestart|p2: gyromate|move: Tailwind\n|\n|-weather|RainDance|[upkeep]\n|-damage|p2a: Peeko Bellic|72/100 brn|[from] brn\n|upkeep\n|turn|4\n|inactive|gyromate has 30 seconds left.\n|\n|t:|1788272177\n|move|p2b: protect ya neck|Helping Hand|p2a: Peeko Bellic\n|-singleturn|p2a: Peeko Bellic|Helping Hand|[of] p2b: protect ya neck\n|move|p2a: Peeko Bellic|Weather Ball|p1a: Umbreon\n|-damage|p1a: Umbreon|32/100\n|-activate|p1b: Scovillain|confusion\n|-damage|p1b: Scovillain|5/100|[from] confusion\n|move|p1a: Umbreon|Foul Play|p2b: protect ya neck\n|-supereffective|p2b: protect ya neck|1\n|-damage|p2b: protect ya neck|4/100\n|-enditem|p2b: protect ya neck|Sitrus Berry|[eat]\n|-heal|p2b: protect ya neck|29/100|[from] item: Sitrus Berry\n|\n|-weather|RainDance|[upkeep]\n|-damage|p2a: Peeko Bellic|66/100 brn|[from] brn\n|upkeep\n|turn|5\n|\n|t:|1788272196\n|-end|p1b: Scovillain|confusion\n|move|p1b: Scovillain|Protect|p1b: Scovillain\n|-singleturn|p1b: Scovillain|Protect\n|move|p1a: Umbreon|Protect|p1a: Umbreon\n|-singleturn|p1a: Umbreon|Protect\n|move|p2a: Peeko Bellic|Weather Ball|p1a: Umbreon\n|-activate|p1a: Umbreon|move: Protect\n|move|p2b: protect ya neck|Thunderbolt|p1b: Scovillain\n|-activate|p1b: Scovillain|move: Protect\n|\n|-weather|none\n|-damage|p2a: Peeko Bellic|60/100 brn|[from] brn\n|upkeep\n|turn|6\n|inactive|gyromate has 30 seconds left.\n|\n|t:|1788272224\n|move|p2a: Peeko Bellic|Protect|p2a: Peeko Bellic\n|-singleturn|p2a: Peeko Bellic|Protect\n|move|p1b: Scovillain|Giga Drain|p2b: protect ya neck\n|-damage|p2b: protect ya neck|7/100\n|-heal|p1b: Scovillain|20/100y|[from] drain|[of] p2b: protect ya neck\n|move|p1a: Umbreon|Wish|p1a: Umbreon\n|move|p2b: protect ya neck|Trick Room|p2b: protect ya neck\n|-fieldstart|move: Trick Room|[of] p2b: protect ya neck\n|\n|-damage|p2a: Peeko Bellic|54/100 brn|[from] brn\n|-sideend|p2: gyromate|move: Tailwind\n|upkeep\n|turn|7\n|inactive|m4r71n3z has 30 seconds left.\n|inactive|gyromate has 30 seconds left.\n|\n|t:|1788272257\n|move|p1a: Umbreon|Protect|p1a: Umbreon\n|-singleturn|p1a: Umbreon|Protect\n|move|p1b: Scovillain|Protect|p1b: Scovillain\n|-singleturn|p1b: Scovillain|Protect\n|move|p2b: protect ya neck|Psychic Fangs|p1b: Scovillain\n|-activate|p1b: Scovillain|move: Protect\n|move|p2a: Peeko Bellic|Weather Ball|p1b: Scovillain\n|-activate|p1b: Scovillain|move: Protect\n|\n|-heal|p1a: Umbreon|82/100|[from] move: Wish|[wisher] Umbreon\n|-damage|p2a: Peeko Bellic|48/100 brn|[from] brn\n|upkeep\n|turn|8\n|\n|t:|1788272279\n|switch|p2b: Darude|Tyranitar, L50, M|100/100\n|-weather|Sandstorm|[from] ability: Sand Stream|[of] p2b: Darude\n|move|p1a: Umbreon|Foul Play|p2b: Darude\n|-resisted|p2b: Darude|1\n|-crit|p2b: Darude\n|-damage|p2b: Darude|64/100\n|move|p2a: Peeko Bellic|Weather Ball|p1b: Scovillain\n|-supereffective|p1b: Scovillain|1\n|-damage|p1b: Scovillain|0 fnt\n|faint|p1b: Scovillain\n|\n|-weather|Sandstorm|[upkeep]\n|-damage|p2a: Peeko Bellic|42/100 brn|[from] Sandstorm\n|-damage|p1a: Umbreon|76/100|[from] Sandstorm\n|-damage|p2a: Peeko Bellic|36/100 brn|[from] brn\n|upkeep\n|\n|t:|1788272290\n|switch|p1b: Basculegion|Basculegion, L50, M|100/100\n|turn|9\n|\n|t:|1788272304\n|switch|p2b: protect ya neck|Farigiraf, L50, F|7/100\n|move|p1b: Basculegion|Protect|p1b: Basculegion\n|-singleturn|p1b: Basculegion|Protect\n|move|p1a: Umbreon|Foul Play|p2a: Peeko Bellic\n|-damage|p2a: Peeko Bellic|19/100 brn\n|move|p2a: Peeko Bellic|Hurricane|p1b: Basculegion\n|-activate|p1b: Basculegion|move: Protect\n|\n|-weather|Sandstorm|[upkeep]\n|-damage|p2b: protect ya neck|1/100|[from] Sandstorm\n|-damage|p2a: Peeko Bellic|13/100 brn|[from] Sandstorm\n|-damage|p1a: Umbreon|70/100|[from] Sandstorm\n|-damage|p1b: Basculegion|93/100|[from] Sandstorm\n|-damage|p2a: Peeko Bellic|7/100 brn|[from] brn\n|upkeep\n|turn|10\n|\n|t:|1788272326\n|move|p2b: protect ya neck|Thunderbolt|p1b: Basculegion\n|-supereffective|p1b: Basculegion|1\n|-damage|p1b: Basculegion|44/100\n|move|p1a: Umbreon|Foul Play|p2b: protect ya neck\n|-supereffective|p2b: protect ya neck|1\n|-crit|p2b: protect ya neck\n|-damage|p2b: protect ya neck|0 fnt\n|faint|p2b: protect ya neck\n|move|p2a: Peeko Bellic|Tailwind|p2a: Peeko Bellic\n|-sidestart|p2: gyromate|move: Tailwind\n|move|p1b: Basculegion|Wave Crash|p2a: Peeko Bellic\n|-resisted|p2a: Peeko Bellic|1\n|-damage|p2a: Peeko Bellic|0 fnt\n|faint|p2a: Peeko Bellic\n|-damage|p1b: Basculegion|42/100|[from] Recoil\n|\n|-weather|Sandstorm|[upkeep]\n|-damage|p1a: Umbreon|64/100|[from] Sandstorm\n|-damage|p1b: Basculegion|36/100|[from] Sandstorm\n|-fieldend|move: Trick Room\n|upkeep\n|\n|t:|1788272344\n|switch|p2a: Table Butter|Steelix-Mega, L50, F, shiny|100/100\n|switch|p2b: Darude|Tyranitar, L50, M|64/100\n|turn|11\n|\n|t:|1788272354\n|move|p1b: Basculegion|Protect|p1b: Basculegion\n|-singleturn|p1b: Basculegion|Protect\n|move|p1a: Umbreon|Protect|p1a: Umbreon\n|-singleturn|p1a: Umbreon|Protect\n|move|p2b: Darude|Knock Off|p1b: Basculegion\n|-activate|p1b: Basculegion|move: Protect\n|move|p2a: Table Butter|Heavy Slam|p1a: Umbreon\n|-activate|p1a: Umbreon|move: Protect\n|\n|-weather|Sandstorm|[upkeep]\n|-damage|p1b: Basculegion|30/100|[from] Sandstorm\n|-damage|p1a: Umbreon|58/100|[from] Sandstorm\n|upkeep\n|turn|12\n|\n|t:|1788272370\n|move|p1b: Basculegion|Aqua Jet|p2b: Darude\n|-supereffective|p2b: Darude|1\n|-damage|p2b: Darude|10/100\n|move|p1a: Umbreon|Baby-Doll Eyes|p2a: Table Butter\n|-unboost|p2a: Table Butter|atk|1\n|move|p2b: Darude|Knock Off|p1b: Basculegion\n|-supereffective|p1b: Basculegion|1\n|-damage|p1b: Basculegion|0 fnt\n|-enditem|p1b: Basculegion|Mystic Water|[from] move: Knock Off|[of] p2b: Darude\n|faint|p1b: Basculegion\n|move|p2a: Table Butter|Heavy Slam|p1a: Umbreon\n|-damage|p1a: Umbreon|17/100\n|\n|-weather|none\n|upkeep\n|turn|13\n|-message|m4r71n3z forfeited.\n|\n|win|gyromate\n|raw|m4r71n3z's rating: 1423 &rarr; <strong>1411</strong><br />(-12 for losing)\n|raw|gyromate's rating: 1567 &rarr; <strong>1579</strong><br />(+12 for winning)\n|l|☆m4r71n3z\n|player|p1|\n","uploadtime":1788272650,"views":"11","formatid":"gen9championsvgc2026regmb","rating":1411,"private":0,"password":null}