{"id":"gen9championsvgc2026regmb-2674403449","format":"[Gen 9 Champions] VGC 2026 Reg M-B","players":["frosslay","Venusaur-Saurr"],"log":"|j|☆frosslay\n|j|‽Venusaur-Saurr\n|t:|1788355448\n|gametype|doubles\n|player|p1|frosslay|swimmerf-gen4dp|1189\n|player|p2|Venusaur-Saurr|riley|1265\n|gen|9\n|tier|[Gen 9 Champions] VGC 2026 Reg M-B\n|rated|\n|rule|Species Clause: Limit one of each Pokémon\n|rule|Item Clause: Limit 1 of each item\n|clearpoke\n|poke|p1|Archaludon, L50, M|\n|poke|p1|Pelipper, L50, M|\n|poke|p1|Meowscarada, L50, F|\n|poke|p1|Ariados, L50, M|\n|poke|p1|Dragonite, L50, M|\n|poke|p1|Ceruledge, L50, M|\n|poke|p2|Aegislash, L50, F|\n|poke|p2|Slowking-Galar, L50, M|\n|poke|p2|Altaria, L50, F|\n|poke|p2|Meowscarada, L50, F|\n|poke|p2|Rotom-Wash, L50|\n|poke|p2|Camerupt, L50, F|\n|teampreview|4\n|inactive|Battle timer is ON: inactive players will automatically lose when time's up. (requested by frosslay)\n|inactive|Venusaur-Saurr also wants the timer to be on.\n|inactive|frosslay has 60 seconds left.\n|inactive|Venusaur-Saurr has 60 seconds left.\n|\n|t:|1788355484\n|teamsize|p1|4\n|teamsize|p2|4\n|start\n|switch|p1a: Archaludon|Archaludon, L50, M|100/100\n|switch|p1b: Meowscarada|Meowscarada, L50, F|100/100\n|switch|p2a: Meowscarada|Meowscarada, L50, F|100/100\n|switch|p2b: Rotom|Rotom-Wash, L50|100/100\n|turn|1\n|inactive|frosslay has 30 seconds left.\n|inactive|frosslay has 20 seconds left.\n|inactive|frosslay has 15 seconds left.\n|\n|t:|1788355529\n|move|p1a: Archaludon|Protect|p1a: Archaludon\n|-singleturn|p1a: Archaludon|Protect\n|move|p1b: Meowscarada|U-turn|p2a: Meowscarada\n|-start|p1b: Meowscarada|typechange|Bug|[from] ability: Protean\n|-supereffective|p2a: Meowscarada|2\n|-damage|p2a: Meowscarada|0 fnt\n|faint|p2a: Meowscarada\n|\n|t:|1788355540\n|switch|p1b: Pelipper|Pelipper, L50, M|100/100|[from] U-turn\n|-weather|RainDance|[from] ability: Drizzle|[of] p1b: Pelipper\n|move|p2b: Rotom|Light Screen|p2b: Rotom\n|-sidestart|p2: Venusaur-Saurr|move: Light Screen\n|\n|-weather|RainDance|[upkeep]\n|upkeep\n|\n|t:|1788355544\n|switch|p2a: Slowking|Slowking-Galar, L50, M|100/100\n|turn|2\n|\n|t:|1788355554\n|move|p1b: Pelipper|Hurricane|p2a: Slowking\n|-damage|p2a: Slowking|77/100\n|move|p2b: Rotom|Volt Switch|p1b: Pelipper\n|-supereffective|p1b: Pelipper|2\n|-enditem|p1b: Pelipper|Focus Sash\n|-damage|p1b: Pelipper|1/100\n|\n|t:|1788355562\n|switch|p2b: Camerupt|Camerupt, L50, F|100/100|[from] Volt Switch\n|move|p1a: Archaludon|Electro Shot||[still]\n|-prepare|p1a: Archaludon|Electro Shot\n|-boost|p1a: Archaludon|spa|1\n|-anim|p1a: Archaludon|Electro Shot|p2a: Slowking\n|-damage|p2a: Slowking|40/100\n|move|p2a: Slowking|Trick Room|p2a: Slowking\n|-fieldstart|move: Trick Room|[of] p2a: Slowking\n|\n|-weather|RainDance|[upkeep]\n|upkeep\n|turn|3\n|\n|t:|1788355580\n|detailschange|p2b: Camerupt|Camerupt-Mega, L50, F\n|-mega|p2b: Camerupt|Camerupt|Cameruptite\n|move|p1b: Pelipper|Protect|p1b: Pelipper\n|-singleturn|p1b: Pelipper|Protect\n|move|p2b: Camerupt|Eruption|p1a: Archaludon|[spread] p1a\n|-activate|p1b: Pelipper|move: Protect\n|-damage|p1a: Archaludon|64/100\n|-ability|p1a: Archaludon|Stamina|boost\n|-boost|p1a: Archaludon|def|1\n|-prepare|p2a: Slowking|Chilly Reception|[premajor]\n|move|p2a: Slowking|Chilly Reception|p2a: Slowking\n|-weather|Snowscape\n|\n|t:|1788355589\n|-heal|p2a: Slowking|73/100|[from] ability: Regenerator|[silent]\n|switch|p2a: Rotom|Rotom-Wash, L50|100/100|[from] Chilly Reception\n|move|p1a: Archaludon|Draco Meteor|p2b: Camerupt\n|-damage|p2b: Camerupt|32/100\n|-unboost|p1a: Archaludon|spa|2\n|\n|-weather|Snowscape|[upkeep]\n|-heal|p1a: Archaludon|70/100|[from] item: Leftovers\n|upkeep\n|turn|4\n|\n|t:|1788355614\n|switch|p1b: Ceruledge|Ceruledge, L50, M|100/100\n|move|p2b: Camerupt|Earth Power|p1a: Archaludon\n|-supereffective|p1a: Archaludon|1\n|-damage|p1a: Archaludon|0 fnt\n|faint|p1a: Archaludon\n|move|p2a: Rotom|Volt Switch|p1b: Ceruledge\n|-damage|p1b: Ceruledge|73/100\n|\n|t:|1788355624\n|switch|p2a: Slowking|Slowking-Galar, L50, M|73/100|[from] Volt Switch\n|\n|-weather|Snowscape|[upkeep]\n|upkeep\n|\n|t:|1788355630\n|switch|p1a: Pelipper|Pelipper, L50, M|1/100\n|-weather|RainDance|[from] ability: Drizzle|[of] p1a: Pelipper\n|turn|5\n|\n|t:|1788355646\n|move|p1b: Ceruledge|Protect|p1b: Ceruledge\n|-singleturn|p1b: Ceruledge|Protect\n|move|p1a: Pelipper|Protect|p1a: Pelipper\n|-singleturn|p1a: Pelipper|Protect\n|move|p2b: Camerupt|Earth Power|p1b: Ceruledge\n|-activate|p1b: Ceruledge|move: Protect\n|move|p2a: Slowking|Sludge Bomb|p1a: Pelipper\n|-activate|p1a: Pelipper|move: Protect\n|\n|-weather|RainDance|[upkeep]\n|-sideend|p2: Venusaur-Saurr|move: Light Screen\n|upkeep\n|turn|6\n|inactive|Venusaur-Saurr has 30 seconds left.\n|inactive|frosslay has 30 seconds left.\n|inactive|Venusaur-Saurr has 20 seconds left.\n|inactive|Venusaur-Saurr has 15 seconds left.\n|inactive|Venusaur-Saurr has 10 seconds left.\n|\n|t:|1788355698\n|move|p1a: Pelipper|Protect|p1a: Pelipper\n|-singleturn|p1a: Pelipper|Protect\n|move|p2b: Camerupt|Earth Power|p1b: Ceruledge\n|-supereffective|p1b: Ceruledge|1\n|-damage|p1b: Ceruledge|0 fnt\n|faint|p1b: Ceruledge\n|-prepare|p2a: Slowking|Chilly Reception|[premajor]\n|move|p2a: Slowking|Chilly Reception|p2a: Slowking\n|-weather|Snowscape\n|\n|t:|1788355708\n|-heal|p2a: Slowking|100/100|[from] ability: Regenerator|[silent]\n|switch|p2a: Rotom|Rotom-Wash, L50|100/100|[from] Chilly Reception\n|\n|-weather|Snowscape|[upkeep]\n|-fieldend|move: Trick Room\n|upkeep\n|\n|t:|1788355711\n|switch|p1b: Meowscarada|Meowscarada, L50, F|100/100\n|turn|7\n|\n|t:|1788355725\n|switch|p2b: Slowking|Slowking-Galar, L50, M|100/100\n|move|p1b: Meowscarada|Flower Trick|p2a: Rotom\n|-start|p1b: Meowscarada|typechange|Grass|[from] ability: Protean\n|-supereffective|p2a: Rotom|1\n|-crit|p2a: Rotom\n|-damage|p2a: Rotom|14/100\n|-enditem|p2a: Rotom|Sitrus Berry|[eat]\n|-heal|p2a: Rotom|39/100|[from] item: Sitrus Berry\n|move|p1a: Pelipper|Weather Ball|p2b: Slowking\n|-damage|p2b: Slowking|75/100\n|move|p2a: Rotom|Volt Switch|p1a: Pelipper\n|-supereffective|p1a: Pelipper|2\n|-damage|p1a: Pelipper|0 fnt\n|faint|p1a: Pelipper\n|\n|t:|1788355742\n|switch|p2a: Camerupt|Camerupt-Mega, L50, F|32/100|[from] Volt Switch\n|\n|-weather|Snowscape|[upkeep]\n|upkeep\n|turn|8\n|\n|t:|1788355746\n|move|p2a: Camerupt|Protect|p2a: Camerupt\n|-singleturn|p2a: Camerupt|Protect\n|move|p1b: Meowscarada|Flower Trick|p2a: Camerupt\n|-activate|p2a: Camerupt|move: Protect\n|move|p2b: Slowking|Trick Room|p2b: Slowking\n|-fieldstart|move: Trick Room|[of] p2b: Slowking\n|\n|-weather|Snowscape|[upkeep]\n|upkeep\n|turn|9\n|\n|t:|1788355752\n|move|p2a: Camerupt|Heat Wave|p1b: Meowscarada\n|-supereffective|p1b: Meowscarada|1\n|-damage|p1b: Meowscarada|0 fnt\n|faint|p1b: Meowscarada\n|\n|win|Venusaur-Saurr\n|raw|frosslay's rating: 1189 &rarr; <strong>1169</strong><br />(-20 for losing)\n|raw|Venusaur-Saurr's rating: 1265 &rarr; <strong>1285</strong><br />(+20 for winning)\n|l|☆frosslay\n|player|p1|\n","uploadtime":1788355762,"views":"1","formatid":"gen9championsvgc2026regmb","rating":1169,"private":0,"password":null}