{"id":"gen9championsvgc2026regmb-2673951663","format":"[Gen 9 Champions] VGC 2026 Reg M-B","players":["conngfan","Lorul"],"log":"|j|☆conngfan\n|j|☆Lorul\n|t:|1788281031\n|gametype|doubles\n|player|p1|conngfan|arven-s|1523\n|player|p2|Lorul|morty|1510\n|gen|9\n|tier|[Gen 9 Champions] VGC 2026 Reg M-B\n|rated|\n|rule|Species Clause: Limit one of each Pokémon\n|rule|Item Clause: Limit 1 of each item\n|clearpoke\n|poke|p1|Aerodactyl, L50, M|\n|poke|p1|Raichu, L50, F|\n|poke|p1|Sneasler, L50, M|\n|poke|p1|Sylveon, L50, M|\n|poke|p1|Kingambit, L50, M|\n|poke|p1|Tsareena, L50, F|\n|poke|p2|Kingambit, L50, M|\n|poke|p2|Floette-Eternal, L50, F|\n|poke|p2|Sneasler, L50, F|\n|poke|p2|Charizard, L50, F|\n|poke|p2|Garchomp, L50, F|\n|poke|p2|Basculegion, L50, M|\n|teampreview|4\n|inactive|Battle timer is ON: inactive players will automatically lose when time's up. (requested by Lorul)\n|inactive|conngfan also wants the timer to be on.\n|\n|t:|1788281060\n|teamsize|p1|4\n|teamsize|p2|4\n|start\n|switch|p1a: Aerodactyl|Aerodactyl, L50, M|100/100\n|switch|p1b: Kingambit|Kingambit, L50, M|100/100\n|switch|p2a: Garchomp|Garchomp, L50, F|100/100\n|switch|p2b: Basculegion|Basculegion, L50, M|100/100\n|-ability|p1a: Aerodactyl|Unnerve\n|turn|1\n|\n|t:|1788281071\n|move|p2b: Basculegion|Aqua Jet|p1a: Aerodactyl\n|-supereffective|p1a: Aerodactyl|1\n|-crit|p1a: Aerodactyl\n|-damage|p1a: Aerodactyl|0 fnt\n|faint|p1a: Aerodactyl\n|-damage|p2b: Basculegion|90/100|[from] item: Life Orb\n|move|p2a: Garchomp|Rock Slide|p1b: Kingambit\n|-resisted|p1b: Kingambit|1\n|-crit|p1b: Kingambit\n|-damage|p1b: Kingambit|85/100\n|move|p1b: Kingambit|Kowtow Cleave|p2b: Basculegion\n|-supereffective|p2b: Basculegion|1\n|-damage|p2b: Basculegion|0 fnt\n|faint|p2b: Basculegion\n|-damage|p1b: Kingambit|75/100|[from] item: Life Orb\n|\n|upkeep\n|\n|t:|1788281086\n|switch|p1a: Sylveon|Sylveon, L50, M|100/100\n|switch|p2b: Floette|Floette-Eternal, L50, F|100/100\n|turn|2\n|\n|t:|1788281095\n|detailschange|p2b: Floette|Floette-Mega, L50, F\n|-mega|p2b: Floette|Floette|Floettite\n|-ability|p2b: Floette|Fairy Aura\n|move|p1b: Kingambit|Sucker Punch|p2b: Floette\n|-resisted|p2b: Floette|1\n|-damage|p2b: Floette|65/100\n|-damage|p1b: Kingambit|65/100|[from] item: Life Orb\n|move|p2a: Garchomp|Rock Slide|p1b: Kingambit|[spread] p1a,p1b\n|-resisted|p1b: Kingambit|1\n|-damage|p1a: Sylveon|75/100\n|-damage|p1b: Kingambit|57/100\n|move|p2b: Floette|Light of Ruin|p1b: Kingambit\n|-damage|p1b: Kingambit|0 fnt\n|faint|p1b: Kingambit\n|-damage|p2b: Floette|24/100|[from] Recoil\n|cant|p1a: Sylveon|flinch\n|\n|upkeep\n|\n|t:|1788281115\n|switch|p1b: Raichu|Raichu, L50, F|100/100\n|turn|3\n|\n|t:|1788281136\n|switch|p2a: Sneasler|Sneasler, L50, F|100/100\n|move|p1b: Raichu|Fake Out|p2b: Floette\n|-damage|p2b: Floette|14/100\n|cant|p2b: Floette|flinch\n|move|p1a: Sylveon|Yawn|p2a: Sneasler\n|-start|p2a: Sneasler|move: Yawn|[of] p1a: Sylveon\n|\n|upkeep\n|turn|4\n|\n|t:|1788281158\n|move|p1b: Raichu|Protect|p1b: Raichu\n|-singleturn|p1b: Raichu|Protect\n|move|p1a: Sylveon|Protect|p1a: Sylveon\n|-singleturn|p1a: Sylveon|Protect\n|move|p2a: Sneasler|Fake Out|p1b: Raichu\n|-activate|p1b: Raichu|move: Protect\n|move|p2b: Floette|Light of Ruin|p1a: Sylveon\n|-activate|p1a: Sylveon|move: Protect\n|\n|-end|p2a: Sneasler|move: Yawn|[silent]\n|-status|p2a: Sneasler|slp\n|upkeep\n|turn|5\n|\n|t:|1788281170\n|detailschange|p1b: Raichu|Raichu-Mega-Y, L50, F\n|-mega|p1b: Raichu|Raichu|Raichunite Y\n|move|p1b: Raichu|Zap Cannon|p2b: Floette\n|-damage|p2b: Floette|0 fnt\n|faint|p2b: Floette\n|cant|p2a: Sneasler|slp\n|move|p1a: Sylveon|Hyper Voice|p2a: Sneasler\n|-damage|p2a: Sneasler|10/100 slp\n|\n|upkeep\n|\n|t:|1788281173\n|switch|p2b: Garchomp|Garchomp, L50, F|100/100\n|turn|6\n|j| kingmain1\n|\n|t:|1788281183\n|move|p2b: Garchomp|Stomping Tantrum|p1a: Sylveon\n|-damage|p1a: Sylveon|28/100\n|move|p1b: Raichu|Zap Cannon|p2a: Sneasler\n|-damage|p2a: Sneasler|0 fnt\n|faint|p2a: Sneasler\n|move|p1a: Sylveon|Hyper Voice|p2b: Garchomp\n|-supereffective|p2b: Garchomp|1\n|-damage|p2b: Garchomp|0 fnt\n|faint|p2b: Garchomp\n|\n|win|conngfan\n|raw|conngfan's rating: 1523 &rarr; <strong>1542</strong><br />(+19 for winning)\n|raw|Lorul's rating: 1510 &rarr; <strong>1491</strong><br />(-19 for losing)\n","uploadtime":1788281183,"views":"1","formatid":"gen9championsvgc2026regmb","rating":1491,"private":0,"password":null}