{"id":"gen9championsvgc2026regmb-2674906460","format":"[Gen 9 Champions] VGC 2026 Reg M-B","players":["fyujn","Thornlace48812"],"log":"|j|☆fyujn\n|j|☆Thornlace48812\n|t:|1788433546\n|gametype|doubles\n|player|p1|fyujn|battlegirl-gen4|1309\n|player|p2|Thornlace48812|102|1255\n|gen|9\n|tier|[Gen 9 Champions] VGC 2026 Reg M-B\n|rated|\n|rule|Species Clause: Limit one of each Pokémon\n|rule|Item Clause: Limit 1 of each item\n|clearpoke\n|poke|p1|Banette, L50, M, shiny|\n|poke|p1|Aerodactyl, L50, M, shiny|\n|poke|p1|Kingambit, L50, M, shiny|\n|poke|p1|Sneasler, L50, M, shiny|\n|poke|p1|Basculegion, L50, M, shiny|\n|poke|p1|Sylveon, L50, F, shiny|\n|poke|p2|Garchomp, L50, M|\n|poke|p2|Charizard, L50, M|\n|poke|p2|Whimsicott, L50, F|\n|poke|p2|Sylveon, L50, M|\n|poke|p2|Kingambit, L50, M|\n|poke|p2|Basculegion, L50, M|\n|teampreview|4\n|inactive|Battle timer is ON: inactive players will automatically lose when time's up. (requested by Thornlace48812)\nThornlace48812 rejected open team sheets.\n|inactive|fyujn has 60 seconds left.\n|\n|t:|1788433577\n|teamsize|p1|4\n|teamsize|p2|4\n|start\n|switch|p1a: Banette|Banette, L50, M, shiny|100/100\n|switch|p1b: 大女儿|Sneasler, L50, M, shiny|100/100\n|switch|p2a: Charizard|Charizard, L50, M|100/100\n|switch|p2b: Garchomp|Garchomp, L50, M|100/100\n|-item|p2a: Charizard|Charizardite Y|[from] ability: Frisk|[of] p1a: Banette\n|-item|p2b: Garchomp|Life Orb|[from] ability: Frisk|[of] p1a: Banette\n|turn|1\n|\n|t:|1788433598\n|detailschange|p1a: Banette|Banette-Mega, L50, M, shiny\n|-mega|p1a: Banette|Banette|Banettite\n|move|p2a: Charizard|Protect|p2a: Charizard\n|-singleturn|p2a: Charizard|Protect\n|move|p1b: 大女儿|Fake Out|p2b: Garchomp\n|-damage|p2b: Garchomp|85/100\n|-damage|p1b: 大女儿|87/100|[from] ability: Rough Skin|[of] p2b: Garchomp\n|-status|p2b: Garchomp|psn|[from] ability: Poison Touch|[of] p1b: 大女儿\n|cant|p2b: Garchomp|flinch\n|move|p1a: Banette|Trick Room|p1a: Banette\n|-fieldstart|move: Trick Room|[of] p1a: Banette\n|\n|-damage|p2b: Garchomp|73/100 psn|[from] psn\n|upkeep\n|turn|2\n|inactive|fyujn has 30 seconds left.\n|\n|t:|1788433624\n|detailschange|p2a: Charizard|Charizard-Mega-Y, L50, M\n|-mega|p2a: Charizard|Charizard|Charizardite Y\n|-weather|SunnyDay|[from] ability: Drought|[of] p2a: Charizard\n|move|p1a: Banette|Poltergeist|p2b: Garchomp\n|-activate|p2b: Garchomp|move: Poltergeist|Life Orb\n|-damage|p2b: Garchomp|6/100 psn\n|move|p1b: 大女儿|Dire Claw|p2b: Garchomp\n|-resisted|p2b: Garchomp|1\n|-damage|p2b: Garchomp|0 fnt\n|-damage|p1b: 大女儿|75/100|[from] ability: Rough Skin|[of] p2b: Garchomp\n|faint|p2b: Garchomp\n|move|p2a: Charizard|Heat Wave|p1b: 大女儿|[spread] p1a,p1b\n|-damage|p1a: Banette|29/100\n|-damage|p1b: 大女儿|0 fnt\n|faint|p1b: 大女儿\n|\n|-weather|SunnyDay|[upkeep]\n|upkeep\n|\n|t:|1788433643\n|switch|p1b: 特性带成迷人之躯了|Sylveon, L50, F, shiny|100/100\n|switch|p2b: Whimsicott|Whimsicott, L50, F|100/100\n|turn|3\n|\n|t:|1788433652\n|move|p1a: Banette|Destiny Bond|p1a: Banette\n|-singlemove|p1a: Banette|Destiny Bond\n|move|p1b: 特性带成迷人之躯了|Hyper Voice|p2a: Charizard|[spread] p2a,p2b\n|-resisted|p2a: Charizard|1\n|-damage|p2a: Charizard|78/100\n|-damage|p2b: Whimsicott|27/100\n|move|p2a: Charizard|Heat Wave|p1a: Banette|[spread] p1a,p1b\n|-damage|p1a: Banette|0 fnt\n|-damage|p1b: 特性带成迷人之躯了|48/100\n|faint|p1a: Banette\n|-activate|p1a: Banette|move: Destiny Bond\n|faint|p2a: Charizard\n|move|p2b: Whimsicott|Moonblast|p1b: 特性带成迷人之躯了\n|-damage|p1b: 特性带成迷人之躯了|21/100\n|\n|-weather|SunnyDay|[upkeep]\n|upkeep\n|\n|t:|1788433668\n|switch|p1a: 来自洗翠很怕斗|Kingambit, L50, M, shiny|100/100\n|switch|p2a: Basculegion|Basculegion, L50, M|100/100\n|turn|4\n|\n|t:|1788433674\n|move|p2b: Whimsicott|Protect|p2b: Whimsicott\n|-singleturn|p2b: Whimsicott|Protect\n|move|p2a: Basculegion|Protect|p2a: Basculegion\n|-singleturn|p2a: Basculegion|Protect\n|move|p1a: 来自洗翠很怕斗|Sucker Punch||[still]\n|-fail|p1a: 来自洗翠很怕斗\n|move|p1b: 特性带成迷人之躯了|Hyper Voice|p2b: Whimsicott|[spread] \n|-activate|p2a: Basculegion|move: Protect\n|-activate|p2b: Whimsicott|move: Protect\n|\n|-weather|SunnyDay|[upkeep]\n|upkeep\n|turn|5\n|\n|t:|1788433683\n|move|p2a: Basculegion|Protect||[still]\n|-fail|p2a: Basculegion\n|move|p1a: 来自洗翠很怕斗|Sucker Punch||[still]\n|-fail|p1a: 来自洗翠很怕斗\n|move|p2b: Whimsicott|Tailwind|p2b: Whimsicott\n|-sidestart|p2: Thornlace48812|move: Tailwind\n|move|p1b: 特性带成迷人之躯了|Hyper Voice|p2a: Basculegion|[spread] p2a,p2b\n|-damage|p2a: Basculegion|48/100\n|-damage|p2b: Whimsicott|0 fnt\n|faint|p2b: Whimsicott\n|\n|-weather|SunnyDay|[upkeep]\n|-fieldend|move: Trick Room\n|upkeep\n|turn|6\n|\n|t:|1788433702\n|move|p2a: Basculegion|Last Respects|p1b: 特性带成迷人之躯了\n|-damage|p1b: 特性带成迷人之躯了|0 fnt\n|faint|p1b: 特性带成迷人之躯了\n|move|p1a: 来自洗翠很怕斗|Kowtow Cleave|p2a: Basculegion\n|-supereffective|p2a: Basculegion|1\n|-damage|p2a: Basculegion|0 fnt\n|faint|p2a: Basculegion\n|\n|win|fyujn\n|raw|fyujn's rating: 1309 &rarr; <strong>1328</strong><br />(+19 for winning)\n|raw|Thornlace48812's rating: 1287 &rarr; <strong>1264</strong><br />(-23 for losing)\n","uploadtime":1788433703,"views":"1","formatid":"gen9championsvgc2026regmb","rating":1264,"private":0,"password":null}