{"id":"gen9championsvgc2026regmbbo3-2673986878","format":"[Gen 9 Champions] VGC 2026 Reg M-B (Bo3)","players":["Magixally","DINOLONK"],"log":"|j|☆Magixally\n|j|☆DINOLONK\n|html|<table width=\"100%\"><tr><td align=\"left\">Magixally</td><td align=\"right\">DINOLONK</tr><tr><td align=\"left\"><i class=\"fa fa-circle\"></i> <i class=\"fa fa-circle-o\"></i> </td><td align=\"right\"><i class=\"fa fa-circle-o\"></i> <i class=\"fa fa-circle\"></i> </tr></table>\n|uhtml|bestof|<h2><strong>Game 3</strong> of <a href=\"/game-bestof3-gen9championsvgc2026regmbbo3-2673983411\">a best-of-3</a></h2>\n|t:|1788285140\n|gametype|doubles\n|player|p1|Magixally|266|1321\n|player|p2|DINOLONK|parasollady-gen4|1305\n|gen|9\n|tier|[Gen 9 Champions] VGC 2026 Reg M-B (Bo3)\n|rated|\n|rule|Species Clause: Limit one of each Pokémon\n|rule|Item Clause: Limit 1 of each item\n|clearpoke\n|poke|p1|Slowbro, L50, M|\n|poke|p1|Pelipper, L50, M|\n|poke|p1|Sinistcha, L50|\n|poke|p1|Archaludon, L50, M|\n|poke|p1|Swampert, L50, M|\n|poke|p1|Klefki, L50, F|\n|poke|p2|Dragonite, L50, M|\n|poke|p2|Sneasler, L50, M|\n|poke|p2|Kingambit, L50, F|\n|poke|p2|Basculegion, L50, M|\n|poke|p2|Whimsicott, L50, M|\n|poke|p2|Floette-Eternal, L50, F|\n|teampreview|4\n|showteam|p1|Slowbro||Slowbronite|Regenerator|CalmMind,Rest,Snore,Scald|Sassy||M|||50|]Pelipper||FocusSash|Drizzle|Tailwind,Hurricane,WeatherBall,WideGuard|Timid||M|||50|]Sinistcha||SitrusBerry|Hospitality|MatchaGotcha,RagePowder,TrickRoom,Protect|Sassy|||||50|]Archaludon||Leftovers|Stamina|ElectroShot,DragonPulse,Protect,FlashCannon|Calm||M|||50|]Swampert||Swampertite|Torrent|WaveCrash,StompingTantrum,Protect,IcePunch|Adamant||M|||50|]Klefki||MentalHerb|Prankster|FoulPlay,LightScreen,Safeguard,RainDance|Bold||F|||50|\n|showteam|p2|Dragonite||Dragoninite|InnerFocus|DragonPulse,HeatWave,Thunderbolt,Protect|Modest||M|||50|]Sneasler||WhiteHerb|Unburden|DireClaw,CloseCombat,RockSlide,FakeOut|Jolly||M|||50|]Kingambit||ChopleBerry|Defiant|KowtowCleave,SuckerPunch,LowKick,IronHead|Adamant||F|||50|]Basculegion||LifeOrb|Adaptability|WaveCrash,LastRespects,AquaJet,Protect|Adamant||M|||50|]Whimsicott||FocusSash|Prankster|Moonblast,Tailwind,Encore,Protect|Timid||M|||50|]Floette-Eternal||Floettite|FlowerVeil|Moonblast,DazzlingGleam,LightofRuin,Protect|Timid||F|||50|\n|inactive|Battle timer is ON: inactive players will automatically lose when time's up. (requested by DINOLONK)\n|inactive|DINOLONK has 60 seconds left.\n|\n|t:|1788285188\n|teamsize|p1|4\n|teamsize|p2|4\n|start\n|switch|p1a: Klefki|Klefki, L50, F|100/100\n|switch|p1b: Swampert|Swampert, L50, M|100/100\n|switch|p2a: Whimsicott|Whimsicott, L50, M|100/100\n|switch|p2b: Basculegion|Basculegion, L50, M|100/100\n|turn|1\n|\n|t:|1788285198\n|detailschange|p1b: Swampert|Swampert-Mega, L50, M\n|-mega|p1b: Swampert|Swampert|Swampertite\n|move|p2a: Whimsicott|Tailwind|p2a: Whimsicott\n|-sidestart|p2: DINOLONK|move: Tailwind\n|move|p2b: Basculegion|Wave Crash|p1b: Swampert\n|-damage|p1b: Swampert|0 fnt\n|faint|p1b: Swampert\n|-damage|p2b: Basculegion|70/100|[from] Recoil\n|-damage|p2b: Basculegion|60/100|[from] item: Life Orb\n|move|p1a: Klefki|Foul Play|p2b: Basculegion\n|-supereffective|p2b: Basculegion|1\n|-damage|p2b: Basculegion|0 fnt\n|faint|p2b: Basculegion\n|\n|upkeep\n|\n|t:|1788285210\n|switch|p2b: Floette|Floette-Eternal, L50, F|100/100\n|switch|p1b: Pelipper|Pelipper, L50, M|100/100\n|-weather|RainDance|[from] ability: Drizzle|[of] p1b: Pelipper\n|turn|2\n|\n|t:|1788285221\n|switch|p1b: Archaludon|Archaludon, L50, M|100/100\n|detailschange|p2b: Floette|Floette-Mega, L50, F\n|-mega|p2b: Floette|Floette|Floettite\n|-ability|p2b: Floette|Fairy Aura\n|move|p1a: Klefki|Light Screen|p1a: Klefki\n|-sidestart|p1: Magixally|move: Light Screen\n|move|p2a: Whimsicott|Moonblast|p1b: Archaludon\n|-damage|p1b: Archaludon|71/100\n|-ability|p1b: Archaludon|Stamina|boost\n|-boost|p1b: Archaludon|def|1\n|move|p2b: Floette|Moonblast|p1b: Archaludon\n|-damage|p1b: Archaludon|27/100\n|-ability|p1b: Archaludon|Stamina|boost\n|-boost|p1b: Archaludon|def|1\n|\n|-weather|RainDance|[upkeep]\n|-heal|p1b: Archaludon|33/100|[from] item: Leftovers\n|upkeep\n|turn|3\n|\n|t:|1788285241\n|move|p2a: Whimsicott|Moonblast|p1a: Klefki\n|-resisted|p1a: Klefki|1\n|-damage|p1a: Klefki|81/100\n|move|p2b: Floette|Dazzling Gleam|p1a: Klefki|[spread] p1a,p1b\n|-resisted|p1a: Klefki|1\n|-damage|p1a: Klefki|64/100\n|-damage|p1b: Archaludon|7/100\n|-ability|p1b: Archaludon|Stamina|boost\n|-boost|p1b: Archaludon|def|1\n|move|p1b: Archaludon|Flash Cannon|p2b: Floette\n|-supereffective|p2b: Floette|1\n|-crit|p2b: Floette\n|-damage|p2b: Floette|8/100\n|move|p1a: Klefki|Foul Play|p2b: Floette\n|-resisted|p2b: Floette|1\n|-damage|p2b: Floette|0 fnt\n|faint|p2b: Floette\n|\n|-weather|RainDance|[upkeep]\n|-heal|p1b: Archaludon|13/100|[from] item: Leftovers\n|upkeep\n|\n|t:|1788285249\n|switch|p2b: Dragonite|Dragonite, L50, M|100/100\n|turn|4\n|inactive|Magixally has 30 seconds left.\n|\n|t:|1788285277\n|move|p1b: Archaludon|Protect|p1b: Archaludon\n|-singleturn|p1b: Archaludon|Protect\n|move|p2a: Whimsicott|Moonblast|p1b: Archaludon\n|-activate|p1b: Archaludon|move: Protect\n|move|p2b: Dragonite|Thunderbolt|p1a: Klefki\n|-damage|p1a: Klefki|42/100\n|move|p1a: Klefki|Foul Play|p2b: Dragonite\n|-damage|p2b: Dragonite|74/100\n|\n|-weather|RainDance|[upkeep]\n|-heal|p1b: Archaludon|19/100|[from] item: Leftovers\n|-sideend|p2: DINOLONK|move: Tailwind\n|upkeep\n|turn|5\n|\n|t:|1788285294\n|move|p2a: Whimsicott|Encore|p1b: Archaludon\n|-start|p1b: Archaludon|Encore\n|move|p1b: Archaludon|Protect||[still]\n|-fail|p1b: Archaludon\n|move|p2b: Dragonite|Thunderbolt|p1a: Klefki\n|-damage|p1a: Klefki|17/100\n|move|p1a: Klefki|Foul Play|p2b: Dragonite\n|-damage|p2b: Dragonite|44/100\n|\n|-weather|RainDance|[upkeep]\n|-heal|p1b: Archaludon|25/100|[from] item: Leftovers\n|upkeep\n|turn|6\n|\n|t:|1788285306\n|switch|p1b: Pelipper|Pelipper, L50, M|100/100\n|move|p2a: Whimsicott|Tailwind|p2a: Whimsicott\n|-sidestart|p2: DINOLONK|move: Tailwind\n|move|p2b: Dragonite|Thunderbolt|p1a: Klefki\n|-damage|p1a: Klefki|0 fnt\n|faint|p1a: Klefki\n|\n|-weather|none\n|-sideend|p1: Magixally|move: Light Screen\n|upkeep\n|\n|t:|1788285308\n|switch|p1a: Archaludon|Archaludon, L50, M|25/100\n|turn|7\n|inactive|DINOLONK has 30 seconds left.\n|\n|t:|1788285337\n|move|p2a: Whimsicott|Moonblast|p1a: Archaludon\n|-damage|p1a: Archaludon|0 fnt\n|faint|p1a: Archaludon\n|move|p2b: Dragonite|Thunderbolt|p1b: Pelipper\n|-supereffective|p1b: Pelipper|2\n|-enditem|p1b: Pelipper|Focus Sash\n|-damage|p1b: Pelipper|1/100\n|move|p1b: Pelipper|Hurricane|p2b: Dragonite\n|-damage|p2b: Dragonite|0 fnt\n|faint|p2b: Dragonite\n|\n|upkeep\n|turn|8\n|\n|t:|1788285346\n|move|p2a: Whimsicott|Moonblast|p1b: Pelipper\n|-damage|p1b: Pelipper|0 fnt\n|faint|p1b: Pelipper\n|\n|win|DINOLONK\n|raw|Magixally's rating: 1321 &rarr; <strong>1300</strong><br />(-21 for losing)\n|raw|DINOLONK's rating: 1305 &rarr; <strong>1326</strong><br />(+21 for winning)\n","uploadtime":1788285346,"views":"0","formatid":"gen9championsvgc2026regmbbo3","rating":1300,"private":0,"password":null}