{"id":"gen9championsvgc2026regmbbo3-2673509102","format":"[Gen 9 Champions] VGC 2026 Reg M-B (Bo3)","players":["schshfh","Henrik22"],"log":"|j|☆schshfh\n|j|☆Henrik22\n|html|<table width=\"100%\"><tr><td align=\"left\">schshfh</td><td align=\"right\">Henrik22</tr><tr><td align=\"left\"><i class=\"fa fa-circle-o\"></i> <i class=\"fa fa-circle-o\"></i> </td><td align=\"right\"><i class=\"fa fa-circle-o\"></i> <i class=\"fa fa-circle-o\"></i> </tr></table>\n|uhtml|bestof|<h2><strong>Game 1</strong> of <a href=\"/game-bestof3-gen9championsvgc2026regmbbo3-2673509101\">a best-of-3</a></h2>\n|t:|1788206401\n|gametype|doubles\n|player|p1|schshfh|lance|1257\n|player|p2|Henrik22|ethan|1281\n|gen|9\n|tier|[Gen 9 Champions] VGC 2026 Reg M-B (Bo3)\n|rated|\n|rule|Species Clause: Limit one of each Pokémon\n|rule|Item Clause: Limit 1 of each item\n|clearpoke\n|poke|p1|Aerodactyl, L50, M|\n|poke|p1|Sylveon, L50, F|\n|poke|p1|Farigiraf, L50, F|\n|poke|p1|Charizard, L50, M|\n|poke|p1|Garchomp, L50, M|\n|poke|p1|Kingambit, L50, M|\n|poke|p2|Farigiraf, L50, M|\n|poke|p2|Staraptor, L50, F|\n|poke|p2|Tyranitar, L50, M|\n|poke|p2|Excadrill, L50, F|\n|poke|p2|Whimsicott, L50, F|\n|poke|p2|Gholdengo, L50|\n|teampreview|4\n|showteam|p1|Aerodactyl||Aerodactylite|Unnerve|RockSlide,IceFang,Tailwind,DualWingbeat|Jolly||M|||50|]Sylveon||FairyFeather|Pixilate|HyperVoice,HyperBeam,QuickAttack,Detect|Modest||F|||50|]Farigiraf||SitrusBerry|ArmorTail|Psychic,HelpingHand,TrickRoom,Protect|Bold||F|||50|]Charizard||CharizarditeY|Blaze|HeatWave,SolarBeam,WeatherBall,Protect|Modest||M|||50|]Garchomp||LifeOrb|RoughSkin|Earthquake,DragonClaw,StompingTantrum,Protect|Jolly||M|||50|]Kingambit||FocusSash|Defiant|KowtowCleave,IronHead,LowKick,SuckerPunch|Adamant||M|||50|\n|showteam|p2|Farigiraf||SitrusBerry|ArmorTail|Psychic,Thunderbolt,TrickRoom,NastyPlot|Relaxed||M|||50|]Staraptor||Staraptite|Intimidate|CloseCombat,BraveBird,Tailwind,Protect|Jolly||F|||50|]Tyranitar||ChopleBerry|SandStream|RockSlide,KnockOff,Protect,LowKick|Adamant||M|||50|]Excadrill||ExpertBelt|SandRush|Earthquake,HighHorsepower,IronHead,Protect|Adamant||F|||50|]Whimsicott||FocusSash|Prankster|Charm,Tailwind,Moonblast,Encore|Timid||F|||50|]Gholdengo||LifeOrb|GoodasGold|ShadowBall,Protect,MakeItRain,PowerGem|Timid|||||50|\n|inactive|Battle timer is ON: inactive players will automatically lose when time's up. (requested by Henrik22)\n|inactive|schshfh has 60 seconds left.\n|\n|t:|1788206467\n|teamsize|p1|4\n|teamsize|p2|4\n|start\n|switch|p1a: Charizard|Charizard, L50, M|100/100\n|switch|p1b: Garchomp|Garchomp, L50, M|100/100\n|switch|p2a: Gholdengo|Gholdengo, L50|100/100\n|switch|p2b: Whimsicott|Whimsicott, L50, F|100/100\n|turn|1\n|inactive|schshfh has 30 seconds left.\n|inactive|schshfh has 20 seconds left.\n|inactive|schshfh has 15 seconds left.\n|\n|t:|1788206507\n|switch|p1a: Sylveon|Sylveon, L50, F|100/100\n|move|p2b: Whimsicott|Tailwind|p2b: Whimsicott\n|-sidestart|p2: Henrik22|move: Tailwind\n|move|p2a: Gholdengo|Power Gem|p1a: Sylveon\n|-damage|p1a: Sylveon|70/100\n|-damage|p2a: Gholdengo|90/100|[from] item: Life Orb\n|move|p1b: Garchomp|Stomping Tantrum|p2a: Gholdengo\n|-supereffective|p2a: Gholdengo|1\n|-damage|p2a: Gholdengo|0 fnt\n|faint|p2a: Gholdengo\n|-damage|p1b: Garchomp|90/100|[from] item: Life Orb\n|\n|upkeep\n|\n|t:|1788206518\n|switch|p2a: Staraptor|Staraptor, L50, F|100/100\n|-ability|p2a: Staraptor|Intimidate|boost\n|-unboost|p1a: Sylveon|atk|1\n|-unboost|p1b: Garchomp|atk|1\n|turn|2\n|\n|t:|1788206534\n|detailschange|p2a: Staraptor|Staraptor-Mega, L50, F\n|-mega|p2a: Staraptor|Staraptor|Staraptite\n|move|p2b: Whimsicott|Charm|p2a: Staraptor\n|-boost|p2a: Staraptor|atk|2\n|move|p2a: Staraptor|Brave Bird|p1a: Sylveon\n|-damage|p1a: Sylveon|0 fnt\n|faint|p1a: Sylveon\n|-damage|p2a: Staraptor|77/100|[from] Recoil\n|move|p1b: Garchomp|Dragon Claw|p2a: Staraptor\n|-damage|p2a: Staraptor|41/100\n|-damage|p1b: Garchomp|80/100|[from] item: Life Orb\n|\n|upkeep\n|\n|t:|1788206553\n|switch|p1a: Charizard|Charizard, L50, M|100/100\n|turn|3\n|\n|t:|1788206561\n|detailschange|p1a: Charizard|Charizard-Mega-Y, L50, M\n|-mega|p1a: Charizard|Charizard|Charizardite Y\n|-weather|SunnyDay|[from] ability: Drought|[of] p1a: Charizard\n|move|p2a: Staraptor|Protect|p2a: Staraptor\n|-singleturn|p2a: Staraptor|Protect\n|move|p2b: Whimsicott|Moonblast|p1b: Garchomp\n|-supereffective|p1b: Garchomp|1\n|-damage|p1b: Garchomp|7/100\n|-unboost|p1b: Garchomp|spa|1\n|move|p1b: Garchomp|Dragon Claw|p2a: Staraptor\n|-activate|p2a: Staraptor|move: Protect\n|move|p1a: Charizard|Heat Wave|p2b: Whimsicott|[spread] p2b\n|-activate|p2a: Staraptor|move: Protect\n|-supereffective|p2b: Whimsicott|1\n|-enditem|p2b: Whimsicott|Focus Sash\n|-damage|p2b: Whimsicott|1/100\n|\n|-weather|SunnyDay|[upkeep]\n|upkeep\n|turn|4\n|inactive|schshfh has 30 seconds left.\n|inactive|schshfh has 20 seconds left.\n|\n|t:|1788206600\n|switch|p1a: Kingambit|Kingambit, L50, M|100/100\n|move|p1b: Garchomp|Protect|p1b: Garchomp\n|-singleturn|p1b: Garchomp|Protect\n|move|p2b: Whimsicott|Moonblast|p1b: Garchomp\n|-activate|p1b: Garchomp|move: Protect\n|move|p2a: Staraptor|Brave Bird|p1a: Kingambit\n|-resisted|p1a: Kingambit|1\n|-damage|p1a: Kingambit|53/100\n|-damage|p2a: Staraptor|27/100|[from] Recoil\n|\n|-weather|SunnyDay|[upkeep]\n|-sideend|p2: Henrik22|move: Tailwind\n|upkeep\n|turn|5\n|inactive|Henrik22 has 30 seconds left.\n|\n|t:|1788206632\n|switch|p1b: Charizard|Charizard-Mega-Y, L50, M|100/100\n|move|p1a: Kingambit|Sucker Punch|p2a: Staraptor\n|-resisted|p2a: Staraptor|1\n|-damage|p2a: Staraptor|8/100\n|move|p2b: Whimsicott|Moonblast|p1b: Charizard\n|-resisted|p1b: Charizard|1\n|-damage|p1b: Charizard|82/100\n|move|p2a: Staraptor|Close Combat|p1b: Charizard\n|-resisted|p1b: Charizard|1\n|-damage|p1b: Charizard|18/100\n|-boost|p2a: Staraptor|def|1\n|-boost|p2a: Staraptor|spd|1\n|\n|-weather|SunnyDay|[upkeep]\n|upkeep\n|turn|6\n|\n|t:|1788206656\n|move|p1a: Kingambit|Sucker Punch|p2a: Staraptor\n|-resisted|p2a: Staraptor|1\n|-damage|p2a: Staraptor|0 fnt\n|faint|p2a: Staraptor\n|move|p2b: Whimsicott|Moonblast|p1b: Charizard\n|-resisted|p1b: Charizard|1\n|-damage|p1b: Charizard|3/100\n|move|p1b: Charizard|Weather Ball|p2b: Whimsicott\n|-supereffective|p2b: Whimsicott|1\n|-damage|p2b: Whimsicott|0 fnt\n|faint|p2b: Whimsicott\n|\n|-weather|SunnyDay|[upkeep]\n|upkeep\n|\n|t:|1788206660\n|switch|p2a: Tyranitar|Tyranitar, L50, M|100/100\n|-weather|Sandstorm|[from] ability: Sand Stream|[of] p2a: Tyranitar\n|turn|7\n|\n|t:|1788206679\n|move|p1b: Charizard|Solar Beam||[still]\n|-prepare|p1b: Charizard|Solar Beam\n|move|p1a: Kingambit|Iron Head|p2a: Tyranitar\n|-supereffective|p2a: Tyranitar|1\n|-damage|p2a: Tyranitar|26/100\n|cant|p2a: Tyranitar|flinch\n|\n|-weather|Sandstorm|[upkeep]\n|-damage|p1b: Charizard|0 fnt|[from] Sandstorm\n|faint|p1b: Charizard\n|upkeep\n|\n|t:|1788206688\n|switch|p1b: Garchomp|Garchomp, L50, M|7/100\n|turn|8\n|\n|t:|1788206696\n|move|p1b: Garchomp|Stomping Tantrum|p2a: Tyranitar\n|-supereffective|p2a: Tyranitar|1\n|-damage|p2a: Tyranitar|0 fnt\n|faint|p2a: Tyranitar\n|-damage|p1b: Garchomp|0 fnt|[from] item: Life Orb\n|faint|p1b: Garchomp\n|\n|win|schshfh\n||Henrik22 is ready for game 2.\n|inactive|schshfh has 30 seconds to confirm battle start!\n||schshfh is ready for game 2.\n|uhtml|next|Next: <a href=\"/battle-gen9championsvgc2026regmbbo3-2673511528\"><strong>Game 2 of 3</strong></a>\n|l|☆Henrik22\n|player|p2|\n","uploadtime":1788206910,"views":"8","formatid":"gen9championsvgc2026regmbbo3","rating":null,"private":0,"password":null}