{"id":"gen9championsvgc2026regmb-2674282655","format":"[Gen 9 Champions] VGC 2026 Reg M-B","players":["PatmonVGC","dimweaker"],"log":"|j|☆PatmonVGC\n|j|☆dimweaker\n|t:|1788331042\n|gametype|doubles\n|player|p1|PatmonVGC|102|1341\n|player|p2|dimweaker|swimmerf-gen4|1363\n|gen|9\n|tier|[Gen 9 Champions] VGC 2026 Reg M-B\n|rated|\n|rule|Species Clause: Limit one of each Pokémon\n|rule|Item Clause: Limit 1 of each item\n|clearpoke\n|poke|p1|Audino, L50, F, shiny|\n|poke|p1|Maushold-Four, L50, shiny|\n|poke|p1|Snorlax, L50, F, shiny|\n|poke|p1|Slowbro, L50, F, shiny|\n|poke|p1|Farigiraf, L50, M, shiny|\n|poke|p1|Sableye, L50, F, shiny|\n|poke|p2|Milotic, L50, M|\n|poke|p2|Wyrdeer, L50, F|\n|poke|p2|Staraptor, L50, M|\n|poke|p2|Raichu, L50, F|\n|poke|p2|Chandelure, L50, M|\n|poke|p2|Kingambit, L50, M|\n|teampreview|4\n|\n|t:|1788331073\n|teamsize|p1|4\n|teamsize|p2|4\n|start\n|switch|p1a: Snorlax|Snorlax, L50, F, shiny|100/100\n|switch|p1b: Audino|Audino, L50, F, shiny|100/100\n|switch|p2a: Wyrdeer|Wyrdeer, L50, F|100/100\n|switch|p2b: Milotic|Milotic, L50, M|100/100\n|-ability|p2a: Wyrdeer|Intimidate|boost\n|-unboost|p1a: Snorlax|atk|1\n|-unboost|p1b: Audino|atk|1\n|turn|1\n|inactive|Battle timer is ON: inactive players will automatically lose when time's up. (requested by PatmonVGC)\n|\n|t:|1788331103\n|move|p1a: Snorlax|Protect|p1a: Snorlax\n|-singleturn|p1a: Snorlax|Protect\n|move|p2b: Milotic|Coil|p2b: Milotic\n|-boost|p2b: Milotic|atk|1\n|-boost|p2b: Milotic|def|1\n|-boost|p2b: Milotic|accuracy|1\n|move|p2a: Wyrdeer|Roar|p1a: Snorlax\n|drag|p1a: Slowbro|Slowbro, L50, F, shiny|100/100\n|move|p1b: Audino|Trick Room|p1b: Audino\n|-fieldstart|move: Trick Room|[of] p1b: Audino\n|\n|upkeep\n|turn|2\n|inactive|PatmonVGC has 30 seconds left.\n|\n|t:|1788331130\n|switch|p1a: Snorlax|Snorlax, L50, F, shiny|100/100\n|move|p1b: Audino|Simple Beam|p1a: Snorlax\n|-ability|p1a: Snorlax|Simple|Thick Fat|[from] move: Simple Beam\n|move|p2b: Milotic|Coil|p2b: Milotic\n|-boost|p2b: Milotic|atk|1\n|-boost|p2b: Milotic|def|1\n|-boost|p2b: Milotic|accuracy|1\n|move|p2a: Wyrdeer|Skill Swap|p1a: Snorlax\n|-activate|p2a: Wyrdeer|Skill Swap|Simple|Intimidate|[of] p1a: Snorlax\n|-ability|p1a: Snorlax|Intimidate|boost\n|-unboost|p2a: Wyrdeer|atk|2\n|-unboost|p2b: Milotic|atk|1\n|-ability|p2b: Milotic|Competitive|boost\n|-boost|p2b: Milotic|spa|2\n|\n|upkeep\n|turn|3\n|\n|t:|1788331144\n|switch|p1b: Sableye|Sableye, L50, F, shiny|100/100\n|move|p1a: Snorlax|Protect|p1a: Snorlax\n|-singleturn|p1a: Snorlax|Protect\n|move|p2b: Milotic|Hypnosis|p1a: Snorlax\n|-activate|p1a: Snorlax|move: Protect\n|move|p2a: Wyrdeer|Roar|p1a: Snorlax\n|drag|p1a: Slowbro|Slowbro, L50, F, shiny|100/100\n|\n|upkeep\n|turn|4\n|\n|t:|1788331161\n|move|p1b: Sableye|Fake Out|p2a: Wyrdeer\n|-damage|p2a: Wyrdeer|91/100\n|move|p1a: Slowbro|Psych Up|p2b: Milotic\n|-copyboost|p1a: Slowbro|p2b: Milotic|[from] move: Psych Up\n|move|p2b: Milotic|Hypnosis|p1b: Sableye\n|-status|p1b: Sableye|slp|[from] move: Hypnosis\n|cant|p2a: Wyrdeer|flinch\n|\n|upkeep\n|turn|5\n|\n|t:|1788331178\n|cant|p1b: Sableye|slp\n|move|p1a: Slowbro|Stored Power|p2b: Milotic\n|-damage|p2b: Milotic|24/100\n|move|p2b: Milotic|Muddy Water|p1a: Slowbro|[spread] p1a,p1b\n|-resisted|p1a: Slowbro|1\n|-damage|p1a: Slowbro|80/100\n|-damage|p1b: Sableye|44/100 slp\n|move|p2a: Wyrdeer|Roar|p1a: Slowbro\n|drag|p1a: Audino|Audino, L50, F, shiny|100/100\n|\n|-heal|p2b: Milotic|30/100|[from] item: Leftovers\n|-fieldend|move: Trick Room\n|upkeep\n|turn|6\n|\n|t:|1788331195\n|cant|p1b: Sableye|slp\n|move|p2b: Milotic|Muddy Water|p1a: Audino|[spread] p1a,p1b\n|-damage|p1a: Audino|61/100\n|-damage|p1b: Sableye|0 fnt\n|faint|p1b: Sableye\n|move|p2a: Wyrdeer|Roar|p1a: Audino\n|drag|p1a: Slowbro|Slowbro, L50, F, shiny|80/100\n|\n|-heal|p2b: Milotic|36/100|[from] item: Leftovers\n|upkeep\n|\n|t:|1788331209\n|switch|p1b: Audino|Audino, L50, F, shiny|61/100\n|turn|7\n|\n|t:|1788331217\n|detailschange|p1a: Slowbro|Slowbro-Mega, L50, F, shiny\n|-mega|p1a: Slowbro|Slowbro|Slowbronite\n|move|p2b: Milotic|Hypnosis|p1a: Slowbro\n|-status|p1a: Slowbro|slp|[from] move: Hypnosis\n|cant|p1a: Slowbro|slp\n|move|p2a: Wyrdeer|Roar|p1b: Audino\n|drag|p1b: Snorlax|Snorlax, L50, F, shiny|100/100\n|\n|-heal|p2b: Milotic|42/100|[from] item: Leftovers\n|upkeep\n|turn|8\n|\n|t:|1788331241\n|move|p2b: Milotic|Muddy Water|p1b: Snorlax|[spread] p1a,p1b\n|-resisted|p1a: Slowbro|1\n|-damage|p1a: Slowbro|59/100 slp\n|-damage|p1b: Snorlax|67/100\n|-unboost|p1a: Slowbro|accuracy|1\n|move|p1b: Snorlax|Fissure|p2a: Wyrdeer\n|-damage|p2a: Wyrdeer|0 fnt\n|faint|p2a: Wyrdeer\n|-ohko\n|-curestatus|p1a: Slowbro|slp|[msg]\n|move|p1a: Slowbro|Trick Room|p1a: Slowbro\n|-fieldstart|move: Trick Room|[of] p1a: Slowbro\n|\n|-heal|p1b: Snorlax|73/100|[from] item: Leftovers\n|-heal|p2b: Milotic|48/100|[from] item: Leftovers\n|upkeep\n|\n|t:|1788331254\n|switch|p2a: Staraptor|Staraptor, L50, M|100/100\n|-ability|p2a: Staraptor|Intimidate|boost\n|-unboost|p1a: Slowbro|atk|1\n|-unboost|p1b: Snorlax|atk|1\n|turn|9\n|\n|t:|1788331264\n|switch|p1a: Audino|Audino, L50, F, shiny|61/100\n|detailschange|p2a: Staraptor|Staraptor-Mega, L50, M\n|-mega|p2a: Staraptor|Staraptor|Staraptite\n|move|p1b: Snorlax|Protect|p1b: Snorlax\n|-singleturn|p1b: Snorlax|Protect\n|move|p2b: Milotic|Hypnosis|p1a: Audino\n|-status|p1a: Audino|slp|[from] move: Hypnosis\n|move|p2a: Staraptor|Close Combat|p1b: Snorlax\n|-activate|p1b: Snorlax|move: Protect\n|\n|-heal|p1b: Snorlax|79/100|[from] item: Leftovers\n|-heal|p2b: Milotic|54/100|[from] item: Leftovers\n|upkeep\n|turn|10\n|\n|t:|1788331279\n|switch|p1b: Slowbro|Slowbro-Mega, L50, F, shiny|59/100\n|cant|p1a: Audino|slp\n|move|p2b: Milotic|Hypnosis|p1b: Slowbro\n|-status|p1b: Slowbro|slp|[from] move: Hypnosis\n|move|p2a: Staraptor|Close Combat|p1a: Audino\n|-supereffective|p1a: Audino|1\n|-damage|p1a: Audino|0 fnt\n|-boost|p2a: Staraptor|def|1\n|-boost|p2a: Staraptor|spd|1\n|faint|p1a: Audino\n|\n|-heal|p2b: Milotic|60/100|[from] item: Leftovers\n|upkeep\n|\n|t:|1788331286\n|switch|p1a: Snorlax|Snorlax, L50, F, shiny|79/100\n|turn|11\n|\n|t:|1788331300\n|move|p1a: Snorlax|Fissure|p2b: Milotic|[miss]\n|-miss|p1a: Snorlax|p2b: Milotic\n|cant|p1b: Slowbro|slp\n|move|p2b: Milotic|Hypnosis|p1a: Snorlax\n|-status|p1a: Snorlax|slp|[from] move: Hypnosis\n|move|p2a: Staraptor|Close Combat|p1b: Slowbro\n|-resisted|p1b: Slowbro|1\n|-damage|p1b: Slowbro|43/100 slp\n|-boost|p2a: Staraptor|def|1\n|-boost|p2a: Staraptor|spd|1\n|\n|-heal|p1a: Snorlax|85/100 slp|[from] item: Leftovers\n|-heal|p2b: Milotic|66/100|[from] item: Leftovers\n|upkeep\n|turn|12\n|\n|t:|1788331313\n|cant|p1a: Snorlax|slp\n|cant|p1b: Slowbro|slp\n|move|p2b: Milotic|Muddy Water|p1b: Slowbro|[spread] p1a,p1b\n|-resisted|p1b: Slowbro|1\n|-damage|p1a: Snorlax|56/100 slp\n|-damage|p1b: Slowbro|22/100 slp\n|-unboost|p1a: Snorlax|accuracy|1\n|move|p2a: Staraptor|Close Combat|p1a: Snorlax\n|-supereffective|p1a: Snorlax|1\n|-damage|p1a: Snorlax|0 fnt\n|-boost|p2a: Staraptor|def|1\n|-boost|p2a: Staraptor|spd|1\n|faint|p1a: Snorlax\n|\n|-heal|p2b: Milotic|72/100|[from] item: Leftovers\n|-fieldend|move: Trick Room\n|upkeep\n|turn|13\n|\n|t:|1788331329\n|move|p2a: Staraptor|Brave Bird|p1b: Slowbro\n|-damage|p1b: Slowbro|0 fnt\n|faint|p1b: Slowbro\n|-damage|p2a: Staraptor|92/100|[from] Recoil\n|\n|win|dimweaker\n|raw|PatmonVGC's rating: 1341 &rarr; <strong>1322</strong><br />(-19 for losing)\n|raw|dimweaker's rating: 1363 &rarr; <strong>1382</strong><br />(+19 for winning)\n|l|☆PatmonVGC\n|player|p1|\n","uploadtime":1788331336,"views":"1","formatid":"gen9championsvgc2026regmb","rating":1322,"private":0,"password":null}