{"id":"gen9championsvgc2026regmbbo3-2674567149","format":"[Gen 9 Champions] VGC 2026 Reg M-B (Bo3)","players":["makre","reverse luckster"],"log":"|j|☆makre\n|j|☆reverse luckster\n|html|<table width=\"100%\"><tr><td align=\"left\">makre</td><td align=\"right\">reverse luckster</tr><tr><td align=\"left\"><i class=\"fa fa-circle\"></i> <i class=\"fa fa-circle-o\"></i> </td><td align=\"right\"><i class=\"fa fa-circle-o\"></i> <i class=\"fa fa-circle\"></i> </tr></table>\n|uhtml|bestof|<h2><strong>Game 3</strong> of <a href=\"/game-bestof3-gen9championsvgc2026regmbbo3-2674558456\">a best-of-3</a></h2>\n|t:|1788374789\n|gametype|doubles\n|player|p1|makre|buck|\n|player|p2|reverse luckster|unknown|\n|gen|9\n|tier|[Gen 9 Champions] VGC 2026 Reg M-B (Bo3)\n|rule|Species Clause: Limit one of each Pokémon\n|rule|Item Clause: Limit 1 of each item\n|clearpoke\n|poke|p1|Alcremie-Rainbow-Swirl, L50, F|\n|poke|p1|Incineroar, L50, M, shiny|\n|poke|p1|Garchomp, L50, F|\n|poke|p1|Charizard, L50, M, shiny|\n|poke|p1|Sableye, L50, F|\n|poke|p1|Sinistcha-Masterpiece, L50|\n|poke|p2|Vileplume, L50, F, shiny|\n|poke|p2|Kangaskhan, L50, F|\n|poke|p2|Farigiraf, L50, M|\n|poke|p2|Torkoal, L50, M|\n|poke|p2|Basculegion, L50, M|\n|poke|p2|Kommo-o, L50, M|\n|teampreview|4\n|showteam|p1|Alcremie-Rainbow-Swirl||KebiaBerry|SweetVeil|Decorate,Encore,DazzlingGleam,Protect|Bold||F|||50|]Incineroar||SitrusBerry|Intimidate|FakeOut,FlareBlitz,DarkestLariat,PartingShot|Careful||M|||50|]Garchomp||ChoiceScarf|RoughSkin|DragonClaw,Earthquake,RockSlide,StompingTantrum|Adamant||F|||50|]Charizard||CharizarditeY|Blaze|WeatherBall,HeatWave,Roost,Protect|Modest||M|||50|]Sableye||LightClay|Prankster|SkillSwap,Disable,Reflect,LightScreen|Relaxed||F|||50|]Sinistcha-Masterpiece||KasibBerry|Hospitality|MatchaGotcha,RagePowder,LifeDew,Protect|Bold|||||50|\n|showteam|p2|Vileplume||FocusSash|Chlorophyll|SludgeBomb,EnergyBall,SleepPowder,AfterYou|Timid||F|||50|]Kangaskhan||Kangaskhanite|Scrappy|DoubleEdge,FakeOut,LowKick,SuckerPunch|Adamant||F|||50|]Farigiraf||ColburBerry|ArmorTail|HyperVoice,Psychic,Protect,TrickRoom|Quiet||M|||50|]Torkoal||Charcoal|Drought|Eruption,WeatherBall,EarthPower,Protect|Quiet||M|||50|]Basculegion||ChoiceScarf|Adaptability|AquaJet,WaveCrash,LastRespects,FlipTurn|Jolly||M|||50|]Kommo-o||HabanBerry|Overcoat|ClangingScales,AuraSphere,Protect,ClangorousSoul|Modest||M|||50|\n|inactive|Battle timer is ON: inactive players will automatically lose when time's up. (requested by reverse luckster)\n|\n|t:|1788374812\n|teamsize|p1|4\n|teamsize|p2|4\n|start\n|switch|p1a: Incineroar|Incineroar, L50, M, shiny|100/100\n|switch|p1b: Sableye|Sableye, L50, F|100/100\n|switch|p2a: Kangaskhan|Kangaskhan, L50, F|100/100\n|switch|p2b: Kommo-o|Kommo-o, L50, M|100/100\n|-ability|p1a: Incineroar|Intimidate|boost\n|-fail|p2a: Kangaskhan|unboost|atk|[from] ability: Scrappy|[of] p2a: Kangaskhan\n|-unboost|p2b: Kommo-o|atk|1\n|turn|1\n|\n|t:|1788374835\n|move|p2a: Kangaskhan|Fake Out|p1b: Sableye\n|-damage|p1b: Sableye|82/100\n|move|p1a: Incineroar|Fake Out|p2b: Kommo-o\n|-damage|p2b: Kommo-o|90/100\n|cant|p1b: Sableye|flinch\n|cant|p2b: Kommo-o|flinch\n|\n|upkeep\n|turn|2\n|inactive|reverse luckster has 30 seconds left.\n|\n|t:|1788374866\n|switch|p2a: Torkoal|Torkoal, L50, M|100/100\n|-weather|SunnyDay|[from] ability: Drought|[of] p2a: Torkoal\n|move|p1b: Sableye|Reflect|p1b: Sableye\n|-sidestart|p1: makre|Reflect\n|move|p2b: Kommo-o|Clangorous Soul|p2b: Kommo-o\n|-boost|p2b: Kommo-o|atk|1\n|-boost|p2b: Kommo-o|def|1\n|-boost|p2b: Kommo-o|spa|1\n|-boost|p2b: Kommo-o|spd|1\n|-boost|p2b: Kommo-o|spe|1\n|-damage|p2b: Kommo-o|57/100\n|move|p1a: Incineroar|Parting Shot|p2a: Torkoal\n|-unboost|p2a: Torkoal|atk|1\n|-unboost|p2a: Torkoal|spa|1\n|\n|t:|1788374884\n|switch|p1a: Alcremie|Alcremie-Rainbow-Swirl, L50, F|100/100|[from] Parting Shot\n|\n|-weather|SunnyDay|[upkeep]\n|upkeep\n|turn|3\n|\n|t:|1788374908\n|switch|p2a: GOAT|Vileplume, L50, F, shiny|100/100\n|move|p2b: Kommo-o|Protect|p2b: Kommo-o\n|-singleturn|p2b: Kommo-o|Protect\n|move|p1a: Alcremie|Protect|p1a: Alcremie\n|-singleturn|p1a: Alcremie|Protect\n|move|p1b: Sableye|Light Screen|p1b: Sableye\n|-sidestart|p1: makre|move: Light Screen\n|\n|-weather|SunnyDay|[upkeep]\n|upkeep\n|turn|4\n|\n|t:|1788374931\n|move|p1b: Sableye|Skill Swap|p1a: Alcremie\n|-activate|p1b: Sableye|Skill Swap|||[of] p1a: Alcremie\n|-hint|Skill Swap does not announce the abilities of the Pokémon when used between allies.\n|move|p1a: Alcremie|Encore|p2b: Kommo-o\n|-start|p2b: Kommo-o|Encore\n|move|p2b: Kommo-o|Protect||[still]\n|-fail|p2b: Kommo-o\n|move|p2a: GOAT|Sludge Bomb|p1a: Alcremie\n|-supereffective|p1a: Alcremie|1\n|-enditem|p1a: Alcremie|Kebia Berry|[eat]\n|-enditem|p1a: Alcremie|Kebia Berry|[weaken]\n|-damage|p1a: Alcremie|76/100\n|\n|-weather|SunnyDay|[upkeep]\n|upkeep\n|turn|5\n|\n|t:|1788374952\n|switch|p1b: Charizard|Charizard, L50, M, shiny|100/100\n|move|p2b: Kommo-o|Protect|p2b: Kommo-o\n|-singleturn|p2b: Kommo-o|Protect\n|move|p1a: Alcremie|Decorate|p1b: Charizard\n|-boost|p1b: Charizard|atk|2\n|-boost|p1b: Charizard|spa|2\n|move|p2a: GOAT|Sludge Bomb|p1a: Alcremie\n|-supereffective|p1a: Alcremie|1\n|-damage|p1a: Alcremie|25/100\n|-status|p1a: Alcremie|psn\n|\n|-weather|SunnyDay|[upkeep]\n|-damage|p1a: Alcremie|12/100 psn|[from] psn\n|upkeep\n|turn|6\n|\n|t:|1788374973\n|move|p2b: Kommo-o|Protect|p2b: Kommo-o\n|-singleturn|p2b: Kommo-o|Protect\n|move|p1a: Alcremie|Decorate|p1b: Charizard\n|-boost|p1b: Charizard|atk|2\n|-boost|p1b: Charizard|spa|2\n|move|p2a: GOAT|Sleep Powder|p1b: Charizard\n|-status|p1b: Charizard|slp|[from] move: Sleep Powder\n|cant|p1b: Charizard|slp\n|\n|-weather|none\n|-damage|p1a: Alcremie|1/100 psn|[from] psn\n|-end|p2b: Kommo-o|Encore\n|upkeep\n|turn|7\n|inactive|reverse luckster has 30 seconds left.\n|\n|t:|1788374998\n|switch|p2a: Kangaskhan|Kangaskhan, L50, F|100/100\n|detailschange|p1b: Charizard|Charizard-Mega-Y, L50, M, shiny\n|-mega|p1b: Charizard|Charizard|Charizardite Y\n|-weather|SunnyDay|[from] ability: Drought|[of] p1b: Charizard\n|move|p1a: Alcremie|Encore||[still]\n|-fail|p1a: Alcremie\n|move|p2b: Kommo-o|Clanging Scales|p1a: Alcremie|[spread] p1b\n|-immune|p1a: Alcremie\n|-damage|p1b: Charizard|66/100 slp\n|-unboost|p2b: Kommo-o|def|1\n|-curestatus|p1b: Charizard|slp|[msg]\n|move|p1b: Charizard|Heat Wave|p2b: Kommo-o|[spread] p2a,p2b\n|-resisted|p2b: Kommo-o|1\n|-damage|p2a: Kangaskhan|0 fnt\n|-damage|p2b: Kommo-o|0 fnt\n|faint|p2a: Kangaskhan\n|faint|p2b: Kommo-o\n|\n|-weather|SunnyDay|[upkeep]\n|-damage|p1a: Alcremie|0 fnt|[from] psn\n|faint|p1a: Alcremie\n|upkeep\n|\n|t:|1788375022\n|switch|p2b: Torkoal|Torkoal, L50, M|100/100\n|switch|p2a: GOAT|Vileplume, L50, F, shiny|100/100\n|switch|p1a: Sableye|Sableye, L50, F|82/100\n|turn|8\n|inactive|makre has 30 seconds left.\n|c|☆makre|questa sleep la missi\n|inactive|makre has 20 seconds left.\n|inactive|makre has 15 seconds left.\n|inactive|makre has 10 seconds left.\n|\n|t:|1788375072\n|move|p1a: Sableye|Skill Swap|p1b: Charizard\n|-activate|p1a: Sableye|Skill Swap|||[of] p1b: Charizard\n|-hint|Skill Swap does not announce the abilities of the Pokémon when used between allies.\n|move|p2a: GOAT|Sleep Powder|p1b: Charizard\n|-status|p1b: Charizard|slp|[from] move: Sleep Powder\n|cant|p1b: Charizard|slp\n|move|p2b: Torkoal|Eruption|p1a: Sableye|[spread] p1a,p1b\n|-resisted|p1b: Charizard|1\n|-damage|p1a: Sableye|10/100\n|-damage|p1b: Charizard|36/100 slp\n|\n|-weather|SunnyDay|[upkeep]\n|upkeep\n|turn|9\n|c|☆makre|luck il timer\n|inactiveoff|Battle timer is now OFF.\n|c|☆reverse luckster|Mah fou\n|\n|t:|1788375124\n|-curestatus|p1b: Charizard|slp|[msg]\n|move|p1b: Charizard|Protect|p1b: Charizard\n|-singleturn|p1b: Charizard|Protect\n|move|p2a: GOAT|After You|p2b: Torkoal\n|-activate|p2b: Torkoal|move: After You\n|move|p2b: Torkoal|Eruption|p1a: Sableye|[spread] p1a\n|-activate|p1b: Charizard|move: Protect\n|-damage|p1a: Sableye|0 fnt\n|faint|p1a: Sableye\n|\n|-weather|SunnyDay|[upkeep]\n|-sideend|p1: makre|Reflect\n|upkeep\n|\n|t:|1788375133\n|switch|p1a: Incineroar|Incineroar, L50, M, shiny|100/100\n|-ability|p1a: Incineroar|Intimidate|boost\n|-unboost|p2a: GOAT|atk|1\n|-unboost|p2b: Torkoal|atk|1\n|turn|10\n|c|☆reverse luckster|Non importa se la hitto se ti svegli il turno dopo bruh\n|\n|t:|1788375165\n|move|p1a: Incineroar|Fake Out|p2a: GOAT\n|-damage|p2a: GOAT|86/100\n|cant|p2a: GOAT|flinch\n|move|p1b: Charizard|Heat Wave|p2a: GOAT|[spread] p2a,p2b\n|-supereffective|p2a: GOAT|1\n|-resisted|p2b: Torkoal|1\n|-damage|p2a: GOAT|0 fnt\n|-damage|p2b: Torkoal|0 fnt\n|faint|p2a: GOAT\n|faint|p2b: Torkoal\n|\n|win|makre\n|c|☆makre|champions ha nerfato sleep\n|c|☆reverse luckster|Ah è vero\n|c|☆makre|mona\n|c|☆reverse luckster|Ggs\n|c|☆makre|ggs\n|l|☆makre\n|player|p1|\n|c|☆reverse luckster|Senti Brother\n|j|☆makre\n|player|p1|makre|buck|\n|n|☆reverse luckster|reverseluckster\n|n|☆makre|makre\n|n|☆reverse luckster@!|reverseluckster\n|l|☆makre\n|player|p1|\n|j|☆makre\n|player|p1|makre|buck|\n","uploadtime":1788375224,"views":"1","formatid":"gen9championsvgc2026regmbbo3","rating":null,"private":0,"password":null}