{"id":"gen9championsvgc2026regmb-2673883680","format":"[Gen 9 Champions] VGC 2026 Reg M-B","players":["vugier","DudeyFrom43"],"log":"|j|☆vugier\n|j|☆DudeyFrom43\n|t:|1788272776\n|gametype|doubles\n|player|p1|vugier|102|1043\n|player|p2|DudeyFrom43|birdkeeper-gen4dp|1043\n|gen|9\n|tier|[Gen 9 Champions] VGC 2026 Reg M-B\n|rated|\n|rule|Species Clause: Limit one of each Pokémon\n|rule|Item Clause: Limit 1 of each item\n|clearpoke\n|poke|p1|Charizard, L50, M|\n|poke|p1|Dedenne, L50, M|\n|poke|p1|Dragonite, L50, F|\n|poke|p1|Vileplume, L50, M|\n|poke|p1|Farigiraf, L50, F|\n|poke|p1|Tauros-Paldea-Aqua, L50, M|\n|poke|p2|Quaquaval, L50, F|\n|poke|p2|Grimmsnarl, L50, M, shiny|\n|poke|p2|Toxapex, L50, F, shiny|\n|poke|p2|Pelipper, L50, M|\n|poke|p2|Vivillon, L50, F|\n|poke|p2|Pikachu, L50, M|\n|teampreview|4\n|inactive|Battle timer is ON: inactive players will automatically lose when time's up. (requested by DudeyFrom43)\nDudeyFrom43 rejected open team sheets.\n|\n|t:|1788272795\n|teamsize|p1|4\n|teamsize|p2|4\n|start\n|switch|p1a: Charizard|Charizard, L50, M|100/100\n|switch|p1b: Dedenne|Dedenne, L50, M|100/100\n|switch|p2a: Heavy|Toxapex, L50, F, shiny|100/100\n|switch|p2b: Spy V2|Grimmsnarl, L50, M, shiny|100/100\n|turn|1\n|\n|t:|1788272817\n|detailschange|p1a: Charizard|Charizard-Mega-Y, L50, M\n|-mega|p1a: Charizard|Charizard|Charizardite Y\n|-weather|SunnyDay|[from] ability: Drought|[of] p1a: Charizard\n|move|p1a: Charizard|Protect|p1a: Charizard\n|-singleturn|p1a: Charizard|Protect\n|move|p2b: Spy V2|Light Screen|p2b: Spy V2\n|-sidestart|p2: DudeyFrom43|move: Light Screen\n|move|p1b: Dedenne|Electroweb|p2b: Spy V2|[spread] p2a,p2b\n|-supereffective|p2a: Heavy|1\n|-damage|p2a: Heavy|89/100\n|-damage|p2b: Spy V2|93/100\n|-unboost|p2a: Heavy|spe|1\n|-unboost|p2b: Spy V2|spe|1\n|move|p2a: Heavy|Toxic Spikes|p1a: Charizard\n|-sidestart|p1: vugier|move: Toxic Spikes\n|\n|-weather|SunnyDay|[upkeep]\n|-heal|p2a: Heavy|94/100|[from] item: Leftovers\n|upkeep\n|turn|2\n|\n|t:|1788272839\n|switch|p2b: Spy|Pelipper, L50, M|100/100\n|-weather|RainDance|[from] ability: Drizzle|[of] p2b: Spy\n|move|p1b: Dedenne|Entrainment|p1a: Charizard\n|-ability|p1a: Charizard|Plus|Drought|[from] move: Entrainment|[of] p1b: Dedenne\n|move|p1a: Charizard|Solar Beam||[still]\n|-prepare|p1a: Charizard|Solar Beam\n|move|p2a: Heavy|Iron Defense|p2a: Heavy\n|-boost|p2a: Heavy|def|2\n|\n|-weather|RainDance|[upkeep]\n|-heal|p2a: Heavy|100/100|[from] item: Leftovers\n|upkeep\n|turn|3\n|inactive|DudeyFrom43 has 30 seconds left.\n|\n|t:|1788272868\n|move|p2a: Heavy|Baneful Bunker|p2a: Heavy\n|-singleturn|p2a: Heavy|move: Protect\n|move|p1b: Dedenne|Sunny Day|p1b: Dedenne\n|-weather|SunnyDay\n|move|p1a: Charizard|Solar Beam|p2a: Heavy|[from] lockedmove\n|-activate|p2a: Heavy|move: Protect\n|move|p2b: Spy|Tailwind|p2b: Spy\n|-sidestart|p2: DudeyFrom43|move: Tailwind\n|\n|-weather|SunnyDay|[upkeep]\n|upkeep\n|turn|4\n|\n|t:|1788272892\n|switch|p2a: Spy V2|Grimmsnarl, L50, M, shiny|93/100\n|move|p2b: Spy|Protect|p2b: Spy\n|-singleturn|p2b: Spy|Protect\n|move|p1b: Dedenne|Electroweb|p2b: Spy|[spread] p2a\n|-activate|p2b: Spy|move: Protect\n|-damage|p2a: Spy V2|84/100\n|-unboost|p2a: Spy V2|spe|1\n|move|p1a: Charizard|Solar Beam||[still]\n|-prepare|p1a: Charizard|Solar Beam\n|-anim|p1a: Charizard|Solar Beam|p2a: Spy V2\n|-damage|p2a: Spy V2|50/100y\n|\n|-weather|SunnyDay|[upkeep]\n|upkeep\n|turn|5\n|inactive|DudeyFrom43 has 30 seconds left.\n|\n|t:|1788272919\n|switch|p2b: Scout|Quaquaval, L50, F|100/100\n|switch|p1b: Tauros|Tauros-Paldea-Aqua, L50, M|100/100\n|-status|p1b: Tauros|psn\n|-ability|p1b: Tauros|Intimidate|boost\n|-unboost|p2a: Spy V2|atk|1\n|-unboost|p2b: Scout|atk|1\n|move|p1a: Charizard|Protect|p1a: Charizard\n|-singleturn|p1a: Charizard|Protect\n|move|p2a: Spy V2|Reflect|p2a: Spy V2\n|-sidestart|p2: DudeyFrom43|Reflect\n|\n|-weather|SunnyDay|[upkeep]\n|-damage|p1b: Tauros|88/100 psn|[from] psn\n|upkeep\n|turn|6\n|inactive|DudeyFrom43 has 30 seconds left.\n|\n|t:|1788272945\n|move|p2b: Scout|Protect|p2b: Scout\n|-singleturn|p2b: Scout|Protect\n|move|p1b: Tauros|Raging Bull|p2a: Spy V2\n|-sideend|p2: DudeyFrom43|Reflect\n|-sideend|p2: DudeyFrom43|move: Light Screen\n|-damage|p2a: Spy V2|16/100\n|move|p1a: Charizard|Solar Beam||[still]\n|-prepare|p1a: Charizard|Solar Beam\n|-anim|p1a: Charizard|Solar Beam|p2b: Scout\n|-activate|p2b: Scout|move: Protect\n|move|p2a: Spy V2|Dazzling Gleam|p1b: Tauros|[spread] p1a,p1b\n|-resisted|p1a: Charizard|1\n|-supereffective|p1b: Tauros|1\n|-damage|p1a: Charizard|90/100\n|-damage|p1b: Tauros|23/100 psn\n|\n|-weather|SunnyDay|[upkeep]\n|-damage|p1b: Tauros|11/100 psn|[from] psn\n|-sideend|p2: DudeyFrom43|move: Tailwind\n|upkeep\n|turn|7\n|inactive|vugier has 30 seconds left.\n|\n|t:|1788272971\n|move|p2a: Spy V2|Protect|p2a: Spy V2\n|-singleturn|p2a: Spy V2|Protect\n|move|p1b: Tauros|Raging Bull|p2a: Spy V2\n|-activate|p2a: Spy V2|move: Protect\n|move|p2b: Scout|U-turn|p1b: Tauros\n|-resisted|p1b: Tauros|1\n|-damage|p1b: Tauros|2/100 psn\n|-message|vugier forfeited.\n|\n|win|DudeyFrom43\n|raw|vugier's rating: 1043 &rarr; <strong>1027</strong><br />(-16 for losing)\n|raw|DudeyFrom43's rating: 1043 &rarr; <strong>1077</strong><br />(+34 for winning)\n|l|☆vugier\n|player|p1|\n","uploadtime":1788273063,"views":"2","formatid":"gen9championsvgc2026regmb","rating":1027,"private":0,"password":null}