{"id":"gen9championsvgc2026regmbbo3-2673374619","format":"[Gen 9 Champions] VGC 2026 Reg M-B (Bo3)","players":["bigrexus","humania1"],"log":"|j|☆bigrexus\n|j|☆humania1\n|html|<table width=\"100%\"><tr><td align=\"left\">bigrexus</td><td align=\"right\">humania1</tr><tr><td align=\"left\"><i class=\"fa fa-circle\"></i> <i class=\"fa fa-circle-o\"></i> </td><td align=\"right\"><i class=\"fa fa-circle-o\"></i> <i class=\"fa fa-circle\"></i> </tr></table>\n|uhtml|bestof|<h2><strong>Game 3</strong> of <a href=\"/game-bestof3-gen9championsvgc2026regmbbo3-2673371730\">a best-of-3</a></h2>\n|t:|1788189997\n|gametype|doubles\n|player|p1|bigrexus|hilbert|1176\n|player|p2|humania1|170|1050\n|gen|9\n|tier|[Gen 9 Champions] VGC 2026 Reg M-B (Bo3)\n|rated|\n|rule|Species Clause: Limit one of each Pokémon\n|rule|Item Clause: Limit 1 of each item\n|clearpoke\n|poke|p1|Raichu, L50, F|\n|poke|p1|Jolteon, L50, F|\n|poke|p1|Meowscarada, L50, M|\n|poke|p1|Pelipper, L50, M|\n|poke|p1|Archaludon, L50, M|\n|poke|p1|Swampert, L50, M|\n|poke|p2|Blastoise, L50, F|\n|poke|p2|Delphox, L50, M, shiny|\n|poke|p2|Incineroar, L50, F|\n|poke|p2|Sinistcha, L50|\n|poke|p2|Sneasler, L50, M|\n|poke|p2|Vivillon, L50, M|\n|teampreview|4\n|showteam|p1|Raichu||RaichuniteX|LightningRod|RisingVoltage,VoltSwitch,Protect,FakeOut|Modest||F|||50|]Jolteon||LifeOrb|QuickFeet|RisingVoltage,AlluringVoice,Detect,Discharge|Modest||F|||50|]Meowscarada||ChoiceScarf|Protean|FlowerTrick,TripleAxel,Uturn,LowKick|Jolly||M|||50|]Pelipper||FocusSash|Drizzle|MuddyWater,WideGuard,Tailwind,Protect|Timid||M|||50|]Archaludon||Leftovers|Stamina|ElectroShot,DracoMeteor,Protect,FlashCannon|Modest||M|||50|]Swampert||Swampertite|Damp|Earthquake,WaveCrash,BulkUp,Protect|Adamant||M|||50|\n|showteam|p2|Blastoise||Blastoisinite|Torrent|Protect,ShellSmash,WaterSpout,DarkPulse|Modest||F|||50|]Delphox||Delphoxite|Blaze|Protect,HeatWave,Psyshock,NastyPlot|Timid||M|||50|]Incineroar||PasshoBerry|Intimidate|FakeOut,PartingShot,FlareBlitz,ThroatChop|Impish||F|||50|]Sinistcha||SitrusBerry|Hospitality|Protect,MatchaGotcha,TrickRoom,RagePowder|Bold|||||50|]Sneasler||FocusSash|PoisonTouch|QuickGuard,FakeOut,CloseCombat,DireClaw|Jolly||M|||50|]Vivillon||ChoiceScarf|CompoundEyes|Hurricane,SleepPowder,RagePowder,Uturn|Timid||M|||50|\n|inactive|Battle timer is ON: inactive players will automatically lose when time's up. (requested by humania1)\n|\n|t:|1788190021\n|teamsize|p1|4\n|teamsize|p2|4\n|start\n|switch|p1a: Meowscarada|Meowscarada, L50, M|100/100\n|switch|p1b: Raichu|Raichu, L50, F|100/100\n|switch|p2a: Incineroar|Incineroar, L50, F|100/100\n|switch|p2b: Sinistcha|Sinistcha, L50|100/100\n|-ability|p2a: Incineroar|Intimidate|boost\n|-unboost|p1a: Meowscarada|atk|1\n|-unboost|p1b: Raichu|atk|1\n|turn|1\n|\n|t:|1788190027\n|detailschange|p1b: Raichu|Raichu-Mega-X, L50, F\n|-mega|p1b: Raichu|Raichu|Raichunite X\n|-fieldstart|move: Electric Terrain|[from] ability: Electric Surge|[of] p1b: Raichu\n|move|p1a: Meowscarada|Triple Axel|p2b: Sinistcha\n|-start|p1a: Meowscarada|typechange|Ice|[from] ability: Protean\n|-supereffective|p2b: Sinistcha|1\n|-damage|p2b: Sinistcha|88/100\n|-supereffective|p2b: Sinistcha|1\n|-damage|p2b: Sinistcha|64/100\n|-supereffective|p2b: Sinistcha|1\n|-damage|p2b: Sinistcha|30/100\n|-enditem|p2b: Sinistcha|Sitrus Berry|[eat]\n|-heal|p2b: Sinistcha|55/100|[from] item: Sitrus Berry\n|-hitcount|p2b: Sinistcha|3\n|move|p1b: Raichu|Rising Voltage|p2b: Sinistcha\n|-hint|Rising Voltage's BP doubled on grounded target.\n|-resisted|p2b: Sinistcha|1\n|-damage|p2b: Sinistcha|14/100\n|move|p2a: Incineroar|Flare Blitz|p1a: Meowscarada\n|-supereffective|p1a: Meowscarada|1\n|-damage|p1a: Meowscarada|0 fnt\n|faint|p1a: Meowscarada\n|-damage|p2a: Incineroar|75/100|[from] Recoil\n|move|p2b: Sinistcha|Trick Room|p2b: Sinistcha\n|-fieldstart|move: Trick Room|[of] p2b: Sinistcha\n|\n|upkeep\n|\n|t:|1788190045\n|switch|p1a: Jolteon|Jolteon, L50, F|100/100\n|turn|2\n|\n|t:|1788190049\n|move|p2b: Sinistcha|Protect|p2b: Sinistcha\n|-singleturn|p2b: Sinistcha|Protect\n|move|p2a: Incineroar|Flare Blitz|p1b: Raichu\n|-damage|p1b: Raichu|34/100\n|-status|p1b: Raichu|brn\n|-damage|p2a: Incineroar|60/100|[from] Recoil\n|move|p1b: Raichu|Volt Switch|p2a: Incineroar\n|-damage|p2a: Incineroar|21/100\n|\n|t:|1788190060\n|switch|p1b: Pelipper|Pelipper, L50, M|100/100|[from] Volt Switch\n|-weather|RainDance|[from] ability: Drizzle|[of] p1b: Pelipper\n|move|p1a: Jolteon|Discharge|p2a: Incineroar|[spread] p1b,p2a\n|-activate|p2b: Sinistcha|move: Protect\n|-supereffective|p1b: Pelipper|2\n|-enditem|p1b: Pelipper|Focus Sash\n|-damage|p1b: Pelipper|1/100\n|-damage|p2a: Incineroar|0 fnt\n|faint|p2a: Incineroar\n|-damage|p1a: Jolteon|90/100|[from] item: Life Orb\n|\n|-weather|RainDance|[upkeep]\n|upkeep\n|\n|t:|1788190060\n|switch|p2a: Blastoise|Blastoise, L50, F|100/100\n|turn|3\n|\n|t:|1788190078\n|detailschange|p2a: Blastoise|Blastoise-Mega, L50, F\n|-mega|p2a: Blastoise|Blastoise|Blastoisinite\n|move|p1b: Pelipper|Wide Guard|p1b: Pelipper\n|-singleturn|p1b: Pelipper|Wide Guard\n|move|p2b: Sinistcha|Matcha Gotcha|p1a: Jolteon|[spread] \n|-activate|p1a: Jolteon|move: Wide Guard\n|-activate|p1b: Pelipper|move: Wide Guard\n|move|p2a: Blastoise|Water Spout|p1a: Jolteon|[spread] \n|-activate|p1a: Jolteon|move: Wide Guard\n|-activate|p1b: Pelipper|move: Wide Guard\n|move|p1a: Jolteon|Rising Voltage|p2a: Blastoise\n|-hint|Rising Voltage's BP doubled on grounded target.\n|-supereffective|p2a: Blastoise|1\n|-damage|p2a: Blastoise|0 fnt\n|faint|p2a: Blastoise\n|-damage|p1a: Jolteon|80/100|[from] item: Life Orb\n|\n|-weather|RainDance|[upkeep]\n|upkeep\n|\n|t:|1788190078\n|switch|p2a: Delphox|Delphox, L50, M, shiny|100/100\n|turn|4\n|\n|t:|1788190095\n|move|p2b: Sinistcha|Protect|p2b: Sinistcha\n|-singleturn|p2b: Sinistcha|Protect\n|move|p1b: Pelipper|Protect||[still]\n|-fail|p1b: Pelipper\n|move|p1a: Jolteon|Detect|p1a: Jolteon\n|-singleturn|p1a: Jolteon|Protect\n|move|p2a: Delphox|Psyshock|p1b: Pelipper\n|-damage|p1b: Pelipper|0 fnt\n|faint|p1b: Pelipper\n|\n|-weather|RainDance|[upkeep]\n|upkeep\n|\n|t:|1788190103\n|switch|p1b: Raichu|Raichu-Mega-X, L50, F|34/100 brn\n|turn|5\n|\n|t:|1788190112\n|move|p1b: Raichu|Fake Out|p2a: Delphox\n|-damage|p2a: Delphox|92/100\n|move|p2b: Sinistcha|Matcha Gotcha|p1b: Raichu|[spread] p1a,p1b\n|-damage|p1a: Jolteon|46/100\n|-heal|p2b: Sinistcha|28/100|[from] drain|[of] p1a: Jolteon\n|-damage|p1b: Raichu|2/100 brn\n|-heal|p2b: Sinistcha|40/100|[from] drain|[of] p1b: Raichu\n|-status|p1a: Jolteon|brn\n|cant|p2a: Delphox|flinch\n|move|p1a: Jolteon|Rising Voltage|p2a: Delphox\n|-hint|Rising Voltage's BP doubled on grounded target.\n|-damage|p2a: Delphox|0 fnt\n|faint|p2a: Delphox\n|-damage|p1a: Jolteon|36/100 brn|[from] item: Life Orb\n|\n|-weather|RainDance|[upkeep]\n|-damage|p1b: Raichu|0 fnt|[from] brn\n|faint|p1b: Raichu\n|-damage|p1a: Jolteon|30/100 brn|[from] brn\n|-fieldend|move: Trick Room\n|-fieldend|move: Electric Terrain\n|upkeep\n|turn|6\n|inactive|bigrexus has 30 seconds left.\n|\n|t:|1788190137\n|move|p1a: Jolteon|Rising Voltage|p2b: Sinistcha\n|-resisted|p2b: Sinistcha|1\n|-damage|p2b: Sinistcha|20/100y\n|-damage|p1a: Jolteon|21/100 brn|[from] item: Life Orb\n|move|p2b: Sinistcha|Matcha Gotcha|p1a: Jolteon\n|-damage|p1a: Jolteon|0 fnt\n|-heal|p2b: Sinistcha|28/100|[from] drain|[of] p1a: Jolteon\n|faint|p1a: Jolteon\n|\n|win|humania1\n|raw|bigrexus's rating: 1176 &rarr; <strong>1142</strong><br />(-34 for losing)\n|raw|humania1's rating: 1050 &rarr; <strong>1094</strong><br />(+44 for winning)\n","uploadtime":1788190137,"views":"0","formatid":"gen9championsvgc2026regmbbo3","rating":1094,"private":0,"password":null}