{"id":"gen9championsvgc2026regmbbo3-2673864204","format":"[Gen 9 Champions] VGC 2026 Reg M-B (Bo3)","players":["bugsbunny13500","EggheadAT"],"log":"|j|☆bugsbunny13500\n|j|☆EggheadAT\n|html|<table width=\"100%\"><tr><td align=\"left\">bugsbunny13500</td><td align=\"right\">EggheadAT</tr><tr><td align=\"left\"><i class=\"fa fa-circle\"></i> <i class=\"fa fa-circle-o\"></i> </td><td align=\"right\"><i class=\"fa fa-circle-o\"></i> <i class=\"fa fa-circle-o\"></i> </tr></table>\n|uhtml|bestof|<h2><strong>Game 2</strong> of <a href=\"/game-bestof3-gen9championsvgc2026regmbbo3-2673861399\">a best-of-3</a></h2>\n|t:|1788270279\n|gametype|doubles\n|player|p1|bugsbunny13500|2|1155\n|player|p2|EggheadAT|red-masters4|1096\n|gen|9\n|tier|[Gen 9 Champions] VGC 2026 Reg M-B (Bo3)\n|rated|\n|rule|Species Clause: Limit one of each Pokémon\n|rule|Item Clause: Limit 1 of each item\n|clearpoke\n|poke|p1|Charizard, L50, M, shiny|\n|poke|p1|Sneasler, L50, M, shiny|\n|poke|p1|Floette-Eternal, L50, F|\n|poke|p1|Kingambit, L50, F, shiny|\n|poke|p1|Farigiraf, L50, F|\n|poke|p1|Gliscor, L50, F|\n|poke|p2|Tyranitar, L50, M, shiny|\n|poke|p2|Garchomp, L50, M|\n|poke|p2|Excadrill, L50, M, shiny|\n|poke|p2|Scrafty, L50, M, shiny|\n|poke|p2|Sinistcha, L50|\n|poke|p2|Rotom-Wash, L50, shiny|\n|teampreview|4\n|showteam|p1|Charizard||CharizarditeY|SolarPower|HeatWave,SolarBeam,WeatherBall,Protect|Modest||M|||50|]Sneasler||FocusSash|Unburden|DireClaw,CloseCombat,Protect,RockSlide|Jolly||M|||50|]Floette-Eternal||Floettite|FlowerVeil|Moonblast,DazzlingGleam,LightofRuin,Protect|Modest||F|||50|]Kingambit||BlackGlasses|Defiant|KowtowCleave,SuckerPunch,LowKick,Protect|Brave||F|||50|]Farigiraf||SitrusBerry|ArmorTail|TrickRoom,Protect,Psychic,Thunderbolt|Calm||F|||50|]Gliscor||LifeOrb|HyperCutter|Protect,HighHorsepower,Tailwind,DualWingbeat|Careful||F|||50|\n|showteam|p2|Tyranitar||Tyranitarite|SandStream|RockSlide,KnockOff,DragonDance,Protect|Jolly||M|||50|]Garchomp||Garchompite|SandVeil|DragonClaw,EarthPower,PowerGem,Protect|Modest||M|||50|]Excadrill||ExpertBelt|SandRush|HighHorsepower,IronHead,RockSlide,Protect|Adamant||M|||50|]Scrafty||SitrusBerry|Intimidate|FakeOut,DrainPunch,KnockOff,Detect|Careful||M|||50|]Sinistcha||ColburBerry|Hospitality|MatchaGotcha,TrickRoom,Reflect,RagePowder|Calm|||||50|]Rotom-Wash||Leftovers|Levitate|VoltSwitch,HydroPump,WillOWisp,LightScreen|Calm|||||50|\n|inactive|Battle timer is ON: inactive players will automatically lose when time's up. (requested by EggheadAT)\n|\n|t:|1788270307\n|teamsize|p1|4\n|teamsize|p2|4\n|start\n|switch|p1a: Kingambit|Kingambit, L50, F, shiny|100/100\n|switch|p1b: Gliscor|Gliscor, L50, F|100/100\n|switch|p2a: Rotom|Rotom-Wash, L50, shiny|100/100\n|switch|p2b: Tyranitar|Tyranitar, L50, M, shiny|100/100\n|-weather|Sandstorm|[from] ability: Sand Stream|[of] p2b: Tyranitar\n|turn|1\n|inactive|EggheadAT has 30 seconds left.\n|inactive|EggheadAT has 20 seconds left.\n|\n|t:|1788270346\n|move|p2b: Tyranitar|Protect|p2b: Tyranitar\n|-singleturn|p2b: Tyranitar|Protect\n|move|p1b: Gliscor|Tailwind|p1b: Gliscor\n|-sidestart|p1: bugsbunny13500|move: Tailwind\n|move|p1a: Kingambit|Low Kick|p2b: Tyranitar\n|-activate|p2b: Tyranitar|move: Protect\n|move|p2a: Rotom|Will-O-Wisp|p1a: Kingambit|[miss]\n|-miss|p2a: Rotom|p1a: Kingambit\n|\n|-weather|Sandstorm|[upkeep]\n|-damage|p2a: Rotom|94/100|[from] Sandstorm\n|-heal|p2a: Rotom|100/100|[from] item: Leftovers\n|upkeep\n|turn|2\n|\n|t:|1788270364\n|switch|p1b: Floette|Floette-Eternal, L50, F|100/100\n|switch|p2b: Garchomp|Garchomp, L50, M|100/100\n|move|p1a: Kingambit|Low Kick|p2b: Garchomp\n|-damage|p2b: Garchomp|68/100\n|move|p2a: Rotom|Will-O-Wisp|p1a: Kingambit|[miss]\n|-miss|p2a: Rotom|p1a: Kingambit\n|\n|-weather|Sandstorm|[upkeep]\n|-damage|p1b: Floette|93/100|[from] Sandstorm\n|-damage|p2a: Rotom|94/100|[from] Sandstorm\n|-heal|p2a: Rotom|100/100|[from] item: Leftovers\n|upkeep\n|turn|3\n|c|☆EggheadAT|bro\n|\n|t:|1788270387\n|detailschange|p1b: Floette|Floette-Mega, L50, F\n|-mega|p1b: Floette|Floette|Floettite\n|-ability|p1b: Floette|Fairy Aura\n|move|p2b: Garchomp|Protect|p2b: Garchomp\n|-singleturn|p2b: Garchomp|Protect\n|move|p1b: Floette|Dazzling Gleam|p2b: Garchomp|[spread] p2a\n|-activate|p2b: Garchomp|move: Protect\n|-damage|p2a: Rotom|55/100\n|move|p1a: Kingambit|Kowtow Cleave|p2a: Rotom\n|-damage|p2a: Rotom|0 fnt\n|faint|p2a: Rotom\n|\n|-weather|Sandstorm|[upkeep]\n|-damage|p1b: Floette|87/100|[from] Sandstorm\n|upkeep\n|c|☆bugsbunny13500|?\n|\n|t:|1788270406\n|switch|p2a: Excadrill|Excadrill, L50, M, shiny|100/100\n|turn|4\n|inactive|EggheadAT has 30 seconds left.\n|inactive|EggheadAT has 20 seconds left.\n|\n|t:|1788270442\n|detailschange|p2b: Garchomp|Garchomp-Mega, L50, M\n|-mega|p2b: Garchomp|Garchomp|Garchompite\n|move|p2a: Excadrill|Protect|p2a: Excadrill\n|-singleturn|p2a: Excadrill|Protect\n|move|p1b: Floette|Protect|p1b: Floette\n|-singleturn|p1b: Floette|Protect\n|move|p1a: Kingambit|Sucker Punch||[still]\n|-fail|p1a: Kingambit\n|move|p2b: Garchomp|Earth Power|p1a: Kingambit\n|-supereffective|p1a: Kingambit|1\n|-damage|p1a: Kingambit|0 fnt\n|faint|p1a: Kingambit\n|\n|-weather|Sandstorm|[upkeep]\n|-damage|p1b: Floette|81/100|[from] Sandstorm\n|-sideend|p1: bugsbunny13500|move: Tailwind\n|upkeep\n|\n|t:|1788270449\n|switch|p1a: Sneasler|Sneasler, L50, M, shiny|100/100\n|turn|5\n|\n|t:|1788270469\n|switch|p1b: Gliscor|Gliscor, L50, F|100/100\n|move|p2a: Excadrill|Iron Head|p1b: Gliscor\n|-damage|p1b: Gliscor|61/100\n|move|p1a: Sneasler|Close Combat|p2a: Excadrill\n|-supereffective|p2a: Excadrill|1\n|-damage|p2a: Excadrill|0 fnt\n|-unboost|p1a: Sneasler|def|1\n|-unboost|p1a: Sneasler|spd|1\n|faint|p2a: Excadrill\n|move|p2b: Garchomp|Earth Power|p1a: Sneasler\n|-supereffective|p1a: Sneasler|1\n|-enditem|p1a: Sneasler|Focus Sash\n|-damage|p1a: Sneasler|1/100\n|\n|-weather|none\n|upkeep\n|\n|t:|1788270486\n|switch|p2a: Tyranitar|Tyranitar, L50, M, shiny|100/100\n|-weather|Sandstorm|[from] ability: Sand Stream|[of] p2a: Tyranitar\n|turn|6\n|\n|t:|1788270498\n|move|p2a: Tyranitar|Protect|p2a: Tyranitar\n|-singleturn|p2a: Tyranitar|Protect\n|move|p1a: Sneasler|Close Combat|p2a: Tyranitar\n|-activate|p2a: Tyranitar|move: Protect\n|move|p2b: Garchomp|Earth Power|p1a: Sneasler\n|-supereffective|p1a: Sneasler|1\n|-damage|p1a: Sneasler|0 fnt\n|faint|p1a: Sneasler\n|move|p1b: Gliscor|Tailwind|p1b: Gliscor\n|-sidestart|p1: bugsbunny13500|move: Tailwind\n|\n|-weather|Sandstorm|[upkeep]\n|upkeep\n|\n|t:|1788270509\n|switch|p1a: Floette|Floette-Mega, L50, F|81/100\n|-ability|p1a: Floette|Fairy Aura\n|turn|7\n|\n|t:|1788270527\n|move|p2b: Garchomp|Protect|p2b: Garchomp\n|-singleturn|p2b: Garchomp|Protect\n|move|p1a: Floette|Dazzling Gleam|p2b: Garchomp|[spread] p2a\n|-activate|p2b: Garchomp|move: Protect\n|-supereffective|p2a: Tyranitar|1\n|-damage|p2a: Tyranitar|27/100\n|move|p1b: Gliscor|High Horsepower|p2a: Tyranitar\n|-supereffective|p2a: Tyranitar|1\n|-damage|p2a: Tyranitar|0 fnt\n|faint|p2a: Tyranitar\n|-damage|p1b: Gliscor|51/100|[from] item: Life Orb\n|\n|-weather|Sandstorm|[upkeep]\n|-damage|p1a: Floette|75/100|[from] Sandstorm\n|upkeep\n|turn|8\n|c|☆EggheadAT|ggs\n|c|☆EggheadAT|wp\n|c|☆bugsbunny13500|gg\n|\n|t:|1788270543\n|move|p1a: Floette|Moonblast|p2b: Garchomp\n|-supereffective|p2b: Garchomp|1\n|-damage|p2b: Garchomp|0 fnt\n|faint|p2b: Garchomp\n|\n|win|bugsbunny13500\n|raw|bugsbunny13500's rating: 1155 &rarr; <strong>1176</strong><br />(+21 for winning)\n|raw|EggheadAT's rating: 1096 &rarr; <strong>1076</strong><br />(-20 for losing)\n","uploadtime":1788270607,"views":"10","formatid":"gen9championsvgc2026regmbbo3","rating":1076,"private":0,"password":null}