{"id":"gen9championsvgc2026regmb-2674267890","format":"[Gen 9 Champions] VGC 2026 Reg M-B","players":["Noobiedoobie537","DominicGV"],"log":"|j|☆Noobiedoobie537\n|j|☆DominicGV\n|t:|1788327401\n|gametype|doubles\n|player|p1|Noobiedoobie537|lucas-gen4pt|1283\n|player|p2|DominicGV|waiter-gen4dp|1306\n|gen|9\n|tier|[Gen 9 Champions] VGC 2026 Reg M-B\n|rated|\n|rule|Species Clause: Limit one of each Pokémon\n|rule|Item Clause: Limit 1 of each item\n|clearpoke\n|poke|p1|Reuniclus, L50, F, shiny|\n|poke|p1|Farigiraf, L50, F|\n|poke|p1|Sneasler, L50, F|\n|poke|p1|Pelipper, L50, M|\n|poke|p1|Swampert, L50, M|\n|poke|p1|Mawile, L50, F|\n|poke|p2|Torkoal, L50, M|\n|poke|p2|Farigiraf, L50, F|\n|poke|p2|Sylveon, L50, F|\n|poke|p2|Kingambit, L50, F|\n|poke|p2|Appletun, L50, F|\n|poke|p2|Kangaskhan, L50, F|\n|teampreview|4\n|inactive|Battle timer is ON: inactive players will automatically lose when time's up. (requested by DominicGV)\nNoobiedoobie537 has agreed to open team sheets.\n|inactive|DominicGV has 60 seconds left.\n|j| tbrowser35\n|inactive|DominicGV has 30 seconds left.\n|\n|t:|1788327470\n|teamsize|p1|4\n|teamsize|p2|4\n|start\n|switch|p1a: devil|Sneasler, L50, F|100/100\n|switch|p1b: Swampert|Swampert, L50, M|100/100\n|switch|p2a: Farigiraf|Farigiraf, L50, F|100/100\n|switch|p2b: Appletun|Appletun, L50, F|100/100\n|turn|1\n|\n|t:|1788327489\n|detailschange|p1b: Swampert|Swampert-Mega, L50, M\n|-mega|p1b: Swampert|Swampert|Swampertite\n|move|p1a: devil|Fake Out||[still]\n|cant|p2a: Farigiraf|ability: Armor Tail|Fake Out|[of] p1a: devil\n|move|p1b: Swampert|Ice Punch|p2b: Appletun\n|-supereffective|p2b: Appletun|2\n|-damage|p2b: Appletun|37/100\n|move|p2b: Appletun|Apple Acid|p1b: Swampert\n|-supereffective|p1b: Swampert|2\n|-damage|p1b: Swampert|1/100\n|-unboost|p1b: Swampert|spd|1\n|move|p2a: Farigiraf|Trick Room|p2a: Farigiraf\n|-fieldstart|move: Trick Room|[of] p2a: Farigiraf\n|\n|upkeep\n|turn|2\n|c|☆Noobiedoobie537|im dumb\n|c| tbrowser35|lol\n|inactive|Noobiedoobie537 has 30 seconds left.\n|\n|t:|1788327514\n|switch|p1b: Harryhardtr|Farigiraf, L50, F|100/100\n|move|p2b: Appletun|Apple Acid|p1a: devil\n|-resisted|p1a: devil|1\n|-damage|p1a: devil|78/100\n|-unboost|p1a: devil|spd|1\n|-enditem|p1a: devil|White Herb\n|-clearnegativeboost|p1a: devil|[silent]\n|move|p2a: Farigiraf|Hyper Voice|p1b: Harryhardtr|[spread] p1a,p1b\n|-damage|p1a: devil|44/100\n|-damage|p1b: Harryhardtr|74/100\n|move|p1a: devil|Dire Claw|p2b: Appletun\n|-supereffective|p2b: Appletun|1\n|-damage|p2b: Appletun|0 fnt\n|faint|p2b: Appletun\n|\n|upkeep\n|\n|t:|1788327526\n|switch|p2b: Kingambit|Kingambit, L50, F|100/100\n|turn|3\n|inactive|Noobiedoobie537 has 30 seconds left.\n|c| tbrowser35|I guess the name is fitting, a noob move\n|inactive|Noobiedoobie537 has 20 seconds left.\n|\n|t:|1788327565\n|move|p1b: Harryhardtr|Protect|p1b: Harryhardtr\n|-singleturn|p1b: Harryhardtr|Protect\n|move|p2b: Kingambit|Kowtow Cleave|p1b: Harryhardtr\n|-activate|p1b: Harryhardtr|move: Protect\n|move|p2a: Farigiraf|Psychic|p1a: devil\n|-supereffective|p1a: devil|2\n|-damage|p1a: devil|0 fnt\n|faint|p1a: devil\n|\n|upkeep\n|\n|t:|1788327575\n|switch|p1a: Pelipper|Pelipper, L50, M|100/100\n|-weather|RainDance|[from] ability: Drizzle|[of] p1a: Pelipper\n|turn|4\n|c| tbrowser35|but I sucker punched into farig today too so don't feel bad\n|\n|t:|1788327589\n|move|p1b: Harryhardtr|Helping Hand|p1a: Pelipper\n|-singleturn|p1a: Pelipper|Helping Hand|[of] p1b: Harryhardtr\n|move|p2b: Kingambit|Kowtow Cleave|p1b: Harryhardtr\n|-supereffective|p1b: Harryhardtr|1\n|-damage|p1b: Harryhardtr|0 fnt\n|faint|p1b: Harryhardtr\n|move|p2a: Farigiraf|Hyper Voice|p1a: Pelipper\n|-damage|p1a: Pelipper|54/100\n|move|p1a: Pelipper|Weather Ball|p2b: Kingambit\n|-damage|p2b: Kingambit|0 fnt\n|faint|p2b: Kingambit\n|\n|-weather|RainDance|[upkeep]\n|upkeep\n|\n|t:|1788327601\n|switch|p2b: Torkoal|Torkoal, L50, M|100/100\n|switch|p1b: Swampert|Swampert-Mega, L50, M|1/100\n|-weather|SunnyDay|[from] ability: Drought|[of] p2b: Torkoal\n|turn|5\n|\n|t:|1788327611\n|move|p1b: Swampert|Protect|p1b: Swampert\n|-singleturn|p1b: Swampert|Protect\n|move|p2b: Torkoal|Heat Wave|p1a: Pelipper|[spread] p1a\n|-activate|p1b: Swampert|move: Protect\n|-resisted|p1a: Pelipper|1\n|-damage|p1a: Pelipper|17/100\n|move|p2a: Farigiraf|Psychic|p1a: Pelipper\n|-crit|p1a: Pelipper\n|-damage|p1a: Pelipper|0 fnt\n|faint|p1a: Pelipper\n|\n|-weather|SunnyDay|[upkeep]\n|-fieldend|move: Trick Room\n|upkeep\n|turn|6\n|\n|t:|1788327619\n|move|p1b: Swampert|Earthquake|p2b: Torkoal|[spread] p2a,p2b\n|-supereffective|p2b: Torkoal|1\n|-damage|p2a: Farigiraf|62/100\n|-damage|p2b: Torkoal|29/100\n|move|p2a: Farigiraf|Hyper Voice|p1b: Swampert\n|-damage|p1b: Swampert|0 fnt\n|faint|p1b: Swampert\n|\n|win|DominicGV\n|raw|Noobiedoobie537's rating: 1283 &rarr; <strong>1260</strong><br />(-23 for losing)\n|raw|DominicGV's rating: 1306 &rarr; <strong>1325</strong><br />(+19 for winning)\n|l|☆DominicGV\n|player|p2|\n|l| tbrowser35\n","uploadtime":1788327636,"views":"0","formatid":"gen9championsvgc2026regmb","rating":1260,"private":0,"password":null}