{"id":"gen9championsvgc2026regmb-2674604605","format":"[Gen 9 Champions] VGC 2026 Reg M-B","players":["CyberLahouisse","elektriktoad2"],"log":"|j|☆CyberLahouisse\n|j|☆elektriktoad2\n|t:|1788379263\n|gametype|doubles\n|player|p1|CyberLahouisse|hooligans|1593\n|player|p2|elektriktoad2|janine|1703\n|gen|9\n|tier|[Gen 9 Champions] VGC 2026 Reg M-B\n|rated|\n|rule|Species Clause: Limit one of each Pokémon\n|rule|Item Clause: Limit 1 of each item\n|clearpoke\n|poke|p1|Froslass, L50, F|\n|poke|p1|Staraptor, L50, F|\n|poke|p1|Lycanroc-Dusk, L50, M|\n|poke|p1|Sneasler, L50, M|\n|poke|p1|Kingambit, L50, F|\n|poke|p1|Garchomp, L50, M|\n|poke|p2|Victreebel, L50, M|\n|poke|p2|Sneasler, L50, M|\n|poke|p2|Corviknight, L50, M|\n|poke|p2|Sableye, L50, F|\n|poke|p2|Kingambit, L50, M|\n|poke|p2|Raichu, L50, M|\n|teampreview|4\n|inactive|Battle timer is ON: inactive players will automatically lose when time's up. (requested by CyberLahouisse)\n|\n|t:|1788379291\n|teamsize|p1|4\n|teamsize|p2|4\n|start\n|switch|p1a: Garchomp|Garchomp, L50, M|100/100\n|switch|p1b: Staraptor|Staraptor, L50, F|100/100\n|switch|p2a: Victreebel|Victreebel, L50, M|100/100\n|switch|p2b: Sneasler|Sneasler, L50, M|100/100\n|-ability|p1b: Staraptor|Intimidate|boost\n|-unboost|p2a: Victreebel|atk|1\n|-unboost|p2b: Sneasler|atk|1\n|turn|1\n|\n|t:|1788379314\n|switch|p2b: Corviknight|Corviknight, L50, M|100/100\n|detailschange|p1b: Staraptor|Staraptor-Mega, L50, F\n|-mega|p1b: Staraptor|Staraptor|Staraptite\n|detailschange|p2a: Victreebel|Victreebel-Mega, L50, M\n|-mega|p2a: Victreebel|Victreebel|Victreebelite\n|move|p1a: Garchomp|Earthquake|p2a: Victreebel|[spread] p2a\n|-immune|p1b: Staraptor\n|-immune|p2b: Corviknight\n|-damage|p2a: Victreebel|48/100\n|move|p1b: Staraptor|Close Combat|p2a: Victreebel\n|-resisted|p2a: Victreebel|1\n|-damage|p2a: Victreebel|10/100\n|-boost|p1b: Staraptor|def|1\n|-boost|p1b: Staraptor|spd|1\n|move|p2a: Victreebel|Strength Sap|p1a: Garchomp\n|-unboost|p1a: Garchomp|atk|1\n|-heal|p2a: Victreebel|100/100\n|\n|upkeep\n|turn|2\n|\n|t:|1788379334\n|move|p1a: Garchomp|Earthquake|p2b: Corviknight|[spread] p2a\n|-immune|p1b: Staraptor\n|-immune|p2b: Corviknight\n|-damage|p2a: Victreebel|70/100\n|move|p1b: Staraptor|Brave Bird|p2a: Victreebel\n|-supereffective|p2a: Victreebel|1\n|-damage|p2a: Victreebel|0 fnt\n|-damage|p1b: Staraptor|18/100|[from] ability: Innards Out|[of] p2a: Victreebel\n|faint|p2a: Victreebel\n|-damage|p1b: Staraptor|0 fnt|[from] Recoil\n|faint|p1b: Staraptor\n|move|p2b: Corviknight|Iron Defense|p2b: Corviknight\n|-boost|p2b: Corviknight|def|2\n|\n|upkeep\n|\n|t:|1788379348\n|switch|p1b: Sneasler|Sneasler, L50, M|100/100\n|switch|p2a: Sableye|Sableye, L50, F|100/100\n|turn|3\n|\n|t:|1788379364\n|switch|p1a: Lycanroc|Lycanroc-Dusk, L50, M|100/100\n|move|p1b: Sneasler|Fake Out|p2b: Corviknight\n|-resisted|p2b: Corviknight|1\n|-damage|p2b: Corviknight|97/100\n|move|p2a: Sableye|Encore||[still]\n|-fail|p2a: Sableye\n|cant|p2b: Corviknight|flinch\n|\n|-heal|p2b: Corviknight|100/100|[from] item: Leftovers\n|upkeep\n|turn|4\n|\n|t:|1788379378\n|switch|p1b: Garchomp|Garchomp, L50, M|100/100\n|move|p2a: Sableye|Encore||[still]\n|-fail|p2a: Sableye\n|move|p1a: Lycanroc|Rock Slide|p2b: Corviknight|[spread] p2a,p2b\n|-damage|p2a: Sableye|64/100\n|-damage|p2b: Corviknight|90/100\n|move|p2b: Corviknight|Iron Defense|p2b: Corviknight\n|-boost|p2b: Corviknight|def|2\n|\n|-heal|p2b: Corviknight|96/100|[from] item: Leftovers\n|upkeep\n|turn|5\n|\n|t:|1788379393\n|move|p2a: Sableye|Disable|p1a: Lycanroc\n|-start|p1a: Lycanroc|Disable|Rock Slide\n|move|p1b: Garchomp|Stomping Tantrum|p2a: Sableye\n|-damage|p2a: Sableye|0 fnt\n|faint|p2a: Sableye\n|cant|p1a: Lycanroc|Disable|Rock Slide\n|move|p2b: Corviknight|Iron Defense|p2b: Corviknight\n|-boost|p2b: Corviknight|def|2\n|\n|-heal|p2b: Corviknight|100/100|[from] item: Leftovers\n|upkeep\n|\n|t:|1788379399\n|switch|p2a: Sneasler|Sneasler, L50, M|100/100\n|turn|6\n|\n|t:|1788379419\n|move|p2a: Sneasler|Feint|p1a: Lycanroc\n|-resisted|p1a: Lycanroc|1\n|-damage|p1a: Lycanroc|90/100\n|move|p1a: Lycanroc|Accelerock|p2a: Sneasler\n|-resisted|p2a: Sneasler|1\n|-damage|p2a: Sneasler|77/100\n|move|p1b: Garchomp|Stomping Tantrum|p2a: Sneasler\n|-supereffective|p2a: Sneasler|1\n|-damage|p2a: Sneasler|0 fnt\n|faint|p2a: Sneasler\n|move|p2b: Corviknight|Body Press|p1a: Lycanroc\n|-supereffective|p1a: Lycanroc|1\n|-damage|p1a: Lycanroc|0 fnt\n|faint|p1a: Lycanroc\n|\n|upkeep\n|\n|t:|1788379431\n|switch|p1a: Sneasler|Sneasler, L50, M|100/100\n|turn|7\n|\n|t:|1788379439\n|move|p1a: Sneasler|Fake Out|p2b: Corviknight\n|-resisted|p2b: Corviknight|1\n|-damage|p2b: Corviknight|98/100\n|move|p1b: Garchomp|Stomping Tantrum|p2b: Corviknight\n|-immune|p2b: Corviknight\n|cant|p2b: Corviknight|flinch\n|\n|-heal|p2b: Corviknight|100/100|[from] item: Leftovers\n|upkeep\n|turn|8\n|\n|t:|1788379449\n|move|p1b: Garchomp|Stomping Tantrum|p2b: Corviknight\n|-immune|p2b: Corviknight\n|move|p1a: Sneasler|Close Combat|p2b: Corviknight\n|-damage|p2b: Corviknight|89/100\n|-unboost|p1a: Sneasler|def|1\n|-unboost|p1a: Sneasler|spd|1\n|-enditem|p1a: Sneasler|White Herb\n|-clearnegativeboost|p1a: Sneasler|[silent]\n|move|p2b: Corviknight|Body Press|p1a: Sneasler\n|-resisted|p1a: Sneasler|1\n|-damage|p1a: Sneasler|21/100\n|\n|-heal|p2b: Corviknight|95/100|[from] item: Leftovers\n|upkeep\n|turn|9\n|\n|t:|1788379464\n|move|p1a: Sneasler|Close Combat|p2b: Corviknight\n|-damage|p2b: Corviknight|83/100\n|-unboost|p1a: Sneasler|def|1\n|-unboost|p1a: Sneasler|spd|1\n|move|p1b: Garchomp|Stomping Tantrum|p2b: Corviknight\n|-immune|p2b: Corviknight\n|move|p2b: Corviknight|Body Press|p1a: Sneasler\n|-resisted|p1a: Sneasler|1\n|-damage|p1a: Sneasler|0 fnt\n|faint|p1a: Sneasler\n|\n|-heal|p2b: Corviknight|89/100|[from] item: Leftovers\n|upkeep\n|turn|10\n|-message|CyberLahouisse forfeited.\n|\n|win|elektriktoad2\n|raw|CyberLahouisse's rating: 1593 &rarr; <strong>1580</strong><br />(-13 for losing)\n|raw|elektriktoad2's rating: 1720 &rarr; <strong>1733</strong><br />(+13 for winning)\n|l|☆CyberLahouisse\n|player|p1|\n","uploadtime":1788379471,"views":"4","formatid":"gen9championsvgc2026regmb","rating":1580,"private":0,"password":null}