{"id":"gen9championsvgc2026regmb-2674356305","format":"[Gen 9 Champions] VGC 2026 Reg M-B","players":["ale_z_plumber","a123as"],"log":"|j|☆ale_z_plumber\n|j|☆a123as\n|t:|1788347922\n|gametype|doubles\n|player|p1|ale_z_plumber|102|1436\n|player|p2|a123as|102|1515\n|gen|9\n|tier|[Gen 9 Champions] VGC 2026 Reg M-B\n|rated|\n|rule|Species Clause: Limit one of each Pokémon\n|rule|Item Clause: Limit 1 of each item\n|clearpoke\n|poke|p1|Tyranitar, L50, M|\n|poke|p1|Excadrill, L50, F|\n|poke|p1|Rotom-Wash, L50|\n|poke|p1|Sinistcha, L50|\n|poke|p1|Dragonite, L50, F|\n|poke|p1|Sylveon, L50, M|\n|poke|p2|Espathra, L50, M|\n|poke|p2|Scovillain, L50, M|\n|poke|p2|Sableye, L50, F|\n|poke|p2|Archaludon, L50, F|\n|poke|p2|Milotic, L50, M|\n|poke|p2|Dragapult, L50, M|\n|teampreview|4\n|inactive|Battle timer is ON: inactive players will automatically lose when time's up. (requested by a123as)\n|inactive|ale_z_plumber has 60 seconds left.\n|inactive|a123as has 60 seconds left.\n|\n|t:|1788347956\n|teamsize|p1|4\n|teamsize|p2|4\n|start\n|switch|p1a: Rotom|Rotom-Wash, L50|100/100\n|switch|p1b: Excadrill|Excadrill, L50, F|100/100\n|switch|p2a: Sableye|Sableye, L50, F|100/100\n|switch|p2b: Scovillain|Scovillain, L50, M|100/100\n|turn|1\n|\n|t:|1788347980\n|detailschange|p2b: Scovillain|Scovillain-Mega, L50, M\n|-mega|p2b: Scovillain|Scovillain|Scovillainite\n|move|p2a: Sableye|Reflect|p2a: Sableye\n|-sidestart|p2: a123as|Reflect\n|move|p1a: Rotom|Thunderbolt|p2a: Sableye\n|-damage|p2a: Sableye|61/100\n|move|p1b: Excadrill|Earthquake|p2a: Sableye|[spread] p2a,p2b\n|-immune|p1a: Rotom|[from] ability: Levitate\n|-damage|p2a: Sableye|22/100\n|-damage|p2b: Scovillain|67/100\n|-status|p1b: Excadrill|brn|[from] ability: Spicy Spray|[of] p2b: Scovillain\n|move|p2b: Scovillain|Leech Seed|p1b: Excadrill\n|-start|p1b: Excadrill|move: Leech Seed\n|\n|-damage|p1b: Excadrill|87/100 brn|[from] Leech Seed|[of] p2b: Scovillain\n|-heal|p2b: Scovillain|81/100|[silent]\n|-damage|p1b: Excadrill|81/100 brn|[from] brn\n|upkeep\n|turn|2\n|inactive|a123as has 30 seconds left.\n|\n|t:|1788348009\n|switch|p2a: Archaludon|Archaludon, L50, F|100/100\n|move|p1a: Rotom|Thunderbolt|p2a: Archaludon\n|-resisted|p2a: Archaludon|1\n|-damage|p2a: Archaludon|80/100\n|-ability|p2a: Archaludon|Stamina|boost\n|-boost|p2a: Archaludon|def|1\n|move|p1b: Excadrill|Rock Slide|p2b: Scovillain|[spread] p2a,p2b\n|-resisted|p2a: Archaludon|1\n|-supereffective|p2b: Scovillain|1\n|-damage|p2a: Archaludon|79/100\n|-damage|p2b: Scovillain|65/100\n|-ability|p2a: Archaludon|Stamina|boost\n|-boost|p2a: Archaludon|def|1\n|move|p2b: Scovillain|Leech Seed|p1a: Rotom\n|-start|p1a: Rotom|move: Leech Seed\n|\n|-heal|p2a: Archaludon|85/100|[from] item: Leftovers\n|-damage|p1a: Rotom|88/100|[from] Leech Seed|[of] p2b: Scovillain\n|-heal|p2b: Scovillain|75/100|[silent]\n|-damage|p1b: Excadrill|68/100 brn|[from] Leech Seed|[of] p2b: Scovillain\n|-heal|p2b: Scovillain|88/100|[silent]\n|-damage|p1b: Excadrill|62/100 brn|[from] brn\n|upkeep\n|turn|3\n|inactive|ale_z_plumber has 30 seconds left.\n|inactive|a123as has 30 seconds left.\n|\n|t:|1788348041\n|switch|p1a: Sylveon|Sylveon, L50, M|100/100\n|switch|p1b: Tyranitar|Tyranitar, L50, M|100/100\n|-weather|Sandstorm|[from] ability: Sand Stream|[of] p1b: Tyranitar\n|move|p2b: Scovillain|Protect|p2b: Scovillain\n|-singleturn|p2b: Scovillain|Protect\n|move|p2a: Archaludon|Electro Shot||[still]\n|-prepare|p2a: Archaludon|Electro Shot\n|-boost|p2a: Archaludon|spa|1\n|\n|-weather|Sandstorm|[upkeep]\n|-damage|p2b: Scovillain|83/100|[from] Sandstorm\n|-damage|p1a: Sylveon|93/100|[from] Sandstorm\n|-heal|p2a: Archaludon|91/100|[from] item: Leftovers\n|upkeep\n|turn|4\n|\n|t:|1788348064\n|detailschange|p1b: Tyranitar|Tyranitar-Mega, L50, M\n|-mega|p1b: Tyranitar|Tyranitar|Tyranitarite\n|move|p2b: Scovillain|Rage Powder|p2b: Scovillain\n|-singleturn|p2b: Scovillain|move: Rage Powder\n|move|p2a: Archaludon|Electro Shot|p1a: Sylveon|[from] lockedmove\n|-damage|p1a: Sylveon|44/100\n|move|p1b: Tyranitar|Dragon Dance|p1b: Tyranitar\n|-boost|p1b: Tyranitar|atk|1\n|-boost|p1b: Tyranitar|spe|1\n|move|p1a: Sylveon|Hyper Voice|p2a: Archaludon|[spread] p2a,p2b\n|-resisted|p2b: Scovillain|1\n|-damage|p2a: Archaludon|45/100\n|-damage|p2b: Scovillain|63/100\n|-ability|p2a: Archaludon|Stamina|boost\n|-boost|p2a: Archaludon|def|1\n|-status|p1a: Sylveon|brn|[from] ability: Spicy Spray|[of] p2b: Scovillain\n|\n|-weather|Sandstorm|[upkeep]\n|-damage|p2b: Scovillain|57/100|[from] Sandstorm\n|-damage|p1a: Sylveon|38/100 brn|[from] Sandstorm\n|-heal|p2a: Archaludon|51/100|[from] item: Leftovers\n|-damage|p1a: Sylveon|32/100 brn|[from] brn\n|upkeep\n|turn|5\n|\n|t:|1788348089\n|move|p2a: Archaludon|Protect|p2a: Archaludon\n|-singleturn|p2a: Archaludon|Protect\n|move|p1b: Tyranitar|Dragon Dance|p1b: Tyranitar\n|-boost|p1b: Tyranitar|atk|1\n|-boost|p1b: Tyranitar|spe|1\n|move|p2b: Scovillain|Leech Seed|p1b: Tyranitar\n|-start|p1b: Tyranitar|move: Leech Seed\n|move|p1a: Sylveon|Hyper Voice|p2a: Archaludon|[spread] p2b\n|-activate|p2a: Archaludon|move: Protect\n|-resisted|p2b: Scovillain|1\n|-damage|p2b: Scovillain|35/100\n|\n|-weather|Sandstorm|[upkeep]\n|-damage|p2b: Scovillain|29/100|[from] Sandstorm\n|-damage|p1a: Sylveon|25/100 brn|[from] Sandstorm\n|-heal|p2a: Archaludon|57/100|[from] item: Leftovers\n|-damage|p1b: Tyranitar|87/100|[from] Leech Seed|[of] p2b: Scovillain\n|-heal|p2b: Scovillain|43/100|[silent]\n|-damage|p1a: Sylveon|19/100 brn|[from] brn\n|upkeep\n|turn|6\n|inactive|ale_z_plumber has 30 seconds left.\n|\n|t:|1788348114\n|move|p2b: Scovillain|Rage Powder|p2b: Scovillain\n|-singleturn|p2b: Scovillain|move: Rage Powder\n|move|p1b: Tyranitar|Knock Off|p2b: Scovillain\n|-damage|p2b: Scovillain|0 fnt\n|-status|p1b: Tyranitar|brn|[from] ability: Spicy Spray|[of] p2b: Scovillain\n|faint|p2b: Scovillain\n|move|p2a: Archaludon|Flash Cannon|p1a: Sylveon\n|-supereffective|p1a: Sylveon|1\n|-damage|p1a: Sylveon|0 fnt\n|faint|p1a: Sylveon\n|\n|-weather|Sandstorm|[upkeep]\n|-heal|p2a: Archaludon|63/100|[from] item: Leftovers\n|-damage|p1b: Tyranitar|81/100 brn|[from] brn\n|upkeep\n|\n|t:|1788348131\n|switch|p2b: Sableye|Sableye, L50, F|22/100\n|switch|p1a: Excadrill|Excadrill, L50, F|62/100 brn\n|turn|7\n|inactive|a123as has 30 seconds left.\n|\n|t:|1788348156\n|switch|p1b: Rotom|Rotom-Wash, L50|88/100\n|move|p2a: Archaludon|Protect|p2a: Archaludon\n|-singleturn|p2a: Archaludon|Protect\n|move|p2b: Sableye|Rain Dance|p2b: Sableye\n|-weather|RainDance\n|move|p1a: Excadrill|Earthquake|p2a: Archaludon|[spread] p2b\n|-activate|p2a: Archaludon|move: Protect\n|-immune|p1b: Rotom|[from] ability: Levitate\n|-damage|p2b: Sableye|3/100\n|\n|-weather|RainDance|[upkeep]\n|-heal|p2a: Archaludon|69/100|[from] item: Leftovers\n|-damage|p1a: Excadrill|56/100 brn|[from] brn\n|upkeep\n|turn|8\n|inactive|ale_z_plumber has 30 seconds left.\n|inactive|a123as has 30 seconds left.\n|\n|t:|1788348190\n|switch|p2b: Milotic|Milotic, L50, M|100/100\n|move|p1b: Rotom|Volt Switch|p2b: Milotic\n|-supereffective|p2b: Milotic|1\n|-damage|p2b: Milotic|61/100\n|\n|t:|1788348195\n|switch|p1b: Tyranitar|Tyranitar-Mega, L50, M|81/100 brn|[from] Volt Switch\n|-weather|Sandstorm|[from] ability: Sand Stream|[of] p1b: Tyranitar\n|move|p1a: Excadrill|Earthquake|p2b: Milotic|[spread] p1b,p2a,p2b\n|-supereffective|p1b: Tyranitar|1\n|-supereffective|p2a: Archaludon|1\n|-damage|p1b: Tyranitar|56/100 brn\n|-damage|p2a: Archaludon|60/100\n|-damage|p2b: Milotic|50/100g\n|-ability|p2a: Archaludon|Stamina|boost\n|-boost|p2a: Archaludon|def|1\n|move|p2a: Archaludon|Flash Cannon|p1b: Tyranitar\n|-supereffective|p1b: Tyranitar|1\n|-damage|p1b: Tyranitar|0 fnt\n|faint|p1b: Tyranitar\n|\n|-weather|Sandstorm|[upkeep]\n|-damage|p2b: Milotic|44/100|[from] Sandstorm\n|-enditem|p2b: Milotic|Sitrus Berry|[eat]\n|-heal|p2b: Milotic|69/100|[from] item: Sitrus Berry\n|-heal|p2a: Archaludon|67/100|[from] item: Leftovers\n|-damage|p1a: Excadrill|50/100y brn|[from] brn\n|-sideend|p2: a123as|Reflect\n|upkeep\n|-message|ale_z_plumber forfeited.\n|\n|win|a123as\n|raw|ale_z_plumber's rating: 1436 &rarr; <strong>1420</strong><br />(-16 for losing)\n|raw|a123as's rating: 1515 &rarr; <strong>1531</strong><br />(+16 for winning)\n","uploadtime":1788348209,"views":"8","formatid":"gen9championsvgc2026regmb","rating":1420,"private":0,"password":null}