{"id":"gen9championsvgc2026regmb-2673923530","format":"[Gen 9 Champions] VGC 2026 Reg M-B","players":["toastyystrudel","trailblazer4045"],"log":"|j|☆toastyystrudel\n|j|☆trailblazer4045\n|t:|1788277624\n|gametype|doubles\n|player|p1|toastyystrudel|red|1042\n|player|p2|trailblazer4045|dragontamer|1000\n|gen|9\n|tier|[Gen 9 Champions] VGC 2026 Reg M-B\n|rated|\n|rule|Species Clause: Limit one of each Pokémon\n|rule|Item Clause: Limit 1 of each item\n|clearpoke\n|poke|p1|Lucario, L50, M|\n|poke|p1|Politoed, L50, M|\n|poke|p1|Sableye, L50, M|\n|poke|p1|Farigiraf, L50, M, shiny|\n|poke|p1|Goodra, L50, F|\n|poke|p1|Meowscarada, L50, M|\n|poke|p2|Skarmory, L50, F|\n|poke|p2|Tyranitar, L50, M|\n|poke|p2|Garchomp, L50, M|\n|poke|p2|Excadrill, L50, M|\n|poke|p2|Metagross, L50|\n|poke|p2|Hippowdon, L50, F|\n|teampreview|4\n|\n|t:|1788277680\n|teamsize|p1|4\n|teamsize|p2|4\n|start\n|switch|p1a: Sableye|Sableye, L50, M|100/100\n|switch|p1b: Meowscarada|Meowscarada, L50, M|100/100\n|switch|p2a: Skarmory|Skarmory, L50, F|100/100\n|switch|p2b: Tyranitar|Tyranitar, L50, M|100/100\n|-weather|Sandstorm|[from] ability: Sand Stream|[of] p2b: Tyranitar\n|turn|1\n|c|☆trailblazer4045|Hey\n|c|☆trailblazer4045|Good luck\n|\n|t:|1788277717\n|switch|p2b: Garchomp|Garchomp, L50, M|100/100\n|move|p1a: Sableye|Fake Out|p2a: Skarmory\n|-resisted|p2a: Skarmory|1\n|-damage|p2a: Skarmory|96/100\n|move|p1b: Meowscarada|Flower Trick|p2b: Garchomp\n|-start|p1b: Meowscarada|typechange|Grass|[from] ability: Protean\n|-crit|p2b: Garchomp\n|-damage|p2b: Garchomp|26/100\n|-damage|p1b: Meowscarada|90/100|[from] item: Life Orb\n|cant|p2a: Skarmory|flinch\n|\n|-weather|Sandstorm|[upkeep]\n|-damage|p1b: Meowscarada|84/100|[from] Sandstorm\n|-damage|p1a: Sableye|94/100|[from] Sandstorm\n|upkeep\n|turn|2\n|\n|t:|1788277762\n|move|p1a: Sableye|Taunt|p2a: Skarmory\n|-start|p2a: Skarmory|move: Taunt\n|move|p1b: Meowscarada|Flower Trick|p2b: Garchomp\n|-crit|p2b: Garchomp\n|-damage|p2b: Garchomp|0 fnt\n|faint|p2b: Garchomp\n|-damage|p1b: Meowscarada|74/100|[from] item: Life Orb\n|move|p2a: Skarmory|Rock Slide|p1b: Meowscarada|[spread] p1a,p1b\n|-damage|p1a: Sableye|77/100\n|-damage|p1b: Meowscarada|56/100\n|\n|-weather|Sandstorm|[upkeep]\n|-damage|p1b: Meowscarada|50/100g|[from] Sandstorm\n|-damage|p1a: Sableye|71/100|[from] Sandstorm\n|upkeep\n|\n|t:|1788277778\n|switch|p2b: Excadrill|Excadrill, L50, M|100/100\n|turn|3\n|\n|t:|1788277799\n|detailschange|p2a: Skarmory|Skarmory-Mega, L50, F\n|-mega|p2a: Skarmory|Skarmory|Skarmorite\n|move|p1a: Sableye|Will-O-Wisp|p2b: Excadrill\n|-status|p2b: Excadrill|brn\n|move|p2b: Excadrill|Swords Dance|p2b: Excadrill\n|-boost|p2b: Excadrill|atk|2\n|move|p2a: Skarmory|Rock Slide|p1b: Meowscarada|[spread] p1a,p1b\n|-crit|p1b: Meowscarada\n|-damage|p1a: Sableye|45/100\n|-damage|p1b: Meowscarada|9/100\n|move|p1b: Meowscarada|U-turn|p2a: Skarmory\n|-resisted|p2a: Skarmory|2\n|-damage|p2a: Skarmory|89/100\n|-damage|p1b: Meowscarada|0 fnt|[from] item: Life Orb\n|faint|p1b: Meowscarada\n|\n|-weather|Sandstorm|[upkeep]\n|-damage|p1a: Sableye|39/100|[from] Sandstorm\n|-damage|p2b: Excadrill|94/100 brn|[from] brn\n|upkeep\n|\n|t:|1788277819\n|switch|p1b: Politoed|Politoed, L50, M|100/100\n|-weather|RainDance|[from] ability: Drizzle|[of] p1b: Politoed\n|turn|4\n|\n|t:|1788277833\n|move|p1a: Sableye|Will-O-Wisp|p2a: Skarmory\n|-status|p2a: Skarmory|brn\n|move|p2a: Skarmory|Rock Slide|p1b: Politoed|[spread] p1a,p1b\n|-damage|p1a: Sableye|26/100\n|-damage|p1b: Politoed|91/100\n|move|p2b: Excadrill|Drill Run|p1a: Sableye\n|-damage|p1a: Sableye|0 fnt\n|faint|p1a: Sableye\n|move|p1b: Politoed|Muddy Water|p2b: Excadrill|[spread] p2a\n|-miss|p1b: Politoed|p2b: Excadrill\n|-damage|p2a: Skarmory|57/100 brn\n|\n|-weather|RainDance|[upkeep]\n|-damage|p2a: Skarmory|51/100 brn|[from] brn\n|-damage|p2b: Excadrill|88/100 brn|[from] brn\n|-end|p2a: Skarmory|move: Taunt\n|upkeep\n|\n|t:|1788277851\n|switch|p1a: Jupiter|Goodra, L50, F|100/100\n|turn|5\n|\n|t:|1788277874\n|move|p2a: Skarmory|Tailwind|p2a: Skarmory\n|-sidestart|p2: trailblazer4045|move: Tailwind\n|move|p2b: Excadrill|Drill Run|p1b: Politoed\n|-damage|p1b: Politoed|52/100\n|move|p1a: Jupiter|Ice Beam|p2b: Excadrill\n|-damage|p2b: Excadrill|55/100 brn\n|move|p1b: Politoed|Muddy Water|p2a: Skarmory|[spread] p2a,p2b\n|-supereffective|p2b: Excadrill|1\n|-crit|p2b: Excadrill\n|-damage|p2a: Skarmory|18/100 brn\n|-damage|p2b: Excadrill|0 fnt\n|faint|p2b: Excadrill\n|\n|-weather|RainDance|[upkeep]\n|-damage|p2a: Skarmory|12/100 brn|[from] brn\n|upkeep\n|\n|t:|1788277889\n|switch|p2b: Tyranitar|Tyranitar, L50, M|100/100\n|-weather|Sandstorm|[from] ability: Sand Stream|[of] p2b: Tyranitar\n|turn|6\n|\n|t:|1788277917\n|move|p2a: Skarmory|Rock Slide|p1a: Jupiter|[spread] p1a,p1b\n|-damage|p1a: Jupiter|89/100\n|-damage|p1b: Politoed|44/100\n|move|p2b: Tyranitar|Earthquake|p1b: Politoed|[spread] p1a,p1b\n|-immune|p2a: Skarmory\n|-damage|p1a: Jupiter|51/100\n|-damage|p1b: Politoed|21/100\n|move|p1b: Politoed|Hypnosis|p2b: Tyranitar\n|-status|p2b: Tyranitar|slp|[from] move: Hypnosis\n|move|p1a: Jupiter|Ice Beam|p2a: Skarmory\n|-damage|p2a: Skarmory|0 fnt\n|faint|p2a: Skarmory\n|\n|-weather|Sandstorm|[upkeep]\n|-damage|p1a: Jupiter|45/100|[from] Sandstorm\n|-damage|p1b: Politoed|15/100|[from] Sandstorm\n|-heal|p1a: Jupiter|51/100|[from] item: Leftovers\n|upkeep\n|turn|7\n|\n|t:|1788277954\n|cant|p2b: Tyranitar|slp\n|move|p1b: Politoed|Muddy Water|p2b: Tyranitar\n|-supereffective|p2b: Tyranitar|1\n|-damage|p2b: Tyranitar|70/100 slp\n|-unboost|p2b: Tyranitar|accuracy|1\n|move|p1a: Jupiter|Dragon Pulse|p2b: Tyranitar\n|-damage|p2b: Tyranitar|51/100 slp\n|\n|-weather|Sandstorm|[upkeep]\n|-damage|p1b: Politoed|9/100|[from] Sandstorm\n|-damage|p1a: Jupiter|45/100|[from] Sandstorm\n|-heal|p1a: Jupiter|51/100|[from] item: Leftovers\n|upkeep\n|turn|8\n|\n|t:|1788277975\n|cant|p2b: Tyranitar|slp\n|move|p1b: Politoed|Muddy Water|p2b: Tyranitar\n|-supereffective|p2b: Tyranitar|1\n|-damage|p2b: Tyranitar|19/100 slp\n|move|p1a: Jupiter|Rest|p1a: Jupiter\n|-status|p1a: Jupiter|slp|[from] move: Rest\n|-heal|p1a: Jupiter|100/100 slp|[silent]\n|\n|-weather|Sandstorm|[upkeep]\n|-damage|p1a: Jupiter|93/100 slp|[from] Sandstorm\n|-damage|p1b: Politoed|3/100|[from] Sandstorm\n|-heal|p1a: Jupiter|100/100 slp|[from] item: Leftovers\n|-sideend|p2: trailblazer4045|move: Tailwind\n|upkeep\n|turn|9\n|\n|t:|1788277992\n|move|p1b: Politoed|Muddy Water|p2b: Tyranitar\n|-supereffective|p2b: Tyranitar|1\n|-damage|p2b: Tyranitar|0 fnt\n|faint|p2b: Tyranitar\n|\n|win|toastyystrudel\n|raw|toastyystrudel's rating: 1042 &rarr; <strong>1072</strong><br />(+30 for winning)\n|raw|trailblazer4045's rating: 1000 &rarr; <strong>1000</strong><br />(+0 for losing)\n","uploadtime":1788278009,"views":"10","formatid":"gen9championsvgc2026regmb","rating":1000,"private":0,"password":null}