{"id":"gen9championsvgc2026regmb-2673859927","format":"[Gen 9 Champions] VGC 2026 Reg M-B","players":["notbloodmask","AirZingis"],"log":"|j|☆notbloodmask\n|j|☆AirZingis\n|t:|1788269693\n|gametype|doubles\n|player|p1|notbloodmask|unknown|1179\n|player|p2|AirZingis|steven|1279\n|gen|9\n|tier|[Gen 9 Champions] VGC 2026 Reg M-B\n|rated|\n|rule|Species Clause: Limit one of each Pokémon\n|rule|Item Clause: Limit 1 of each item\n|clearpoke\n|poke|p1|Absol, L50, F|\n|poke|p1|Rotom-Wash, L50|\n|poke|p1|Garchomp, L50, F|\n|poke|p1|Incineroar, L50, M|\n|poke|p1|Sinistcha, L50|\n|poke|p1|Venusaur, L50, F|\n|poke|p2|Tyranitar, L50, F|\n|poke|p2|Staraptor, L50, F|\n|poke|p2|Rotom-Wash, L50|\n|poke|p2|Excadrill, L50, M|\n|poke|p2|Venusaur, L50, M|\n|poke|p2|Houndstone, L50, F|\n|teampreview|4\n|inactive|Battle timer is ON: inactive players will automatically lose when time's up. (requested by AirZingis)\n|inactive|notbloodmask has 60 seconds left.\n|\n|t:|1788269724\n|teamsize|p1|4\n|teamsize|p2|4\n|start\n|switch|p1a: Absol|Absol, L50, F|100/100\n|switch|p1b: Rotom|Rotom-Wash, L50|100/100\n|switch|p2a: Staraptor|Staraptor, L50, F|100/100\n|switch|p2b: Rotom|Rotom-Wash, L50|100/100\n|-ability|p2a: Staraptor|Intimidate|boost\n|-unboost|p1a: Absol|atk|1\n|-unboost|p1b: Rotom|atk|1\n|-ability|p1a: Absol|Pressure\n|turn|1\n|inactive|notbloodmask has 30 seconds left.\n|\n|t:|1788269750\n|detailschange|p2a: Staraptor|Staraptor-Mega, L50, F\n|-mega|p2a: Staraptor|Staraptor|Staraptite\n|detailschange|p1a: Absol|Absol-Mega, L50, F\n|-mega|p1a: Absol|Absol|Absolite\n|move|p2a: Staraptor|Protect|p2a: Staraptor\n|-singleturn|p2a: Staraptor|Protect\n|move|p1a: Absol|Knock Off|p2b: Rotom\n|-damage|p2b: Rotom|50/100g\n|-enditem|p2b: Rotom|Magnet|[from] move: Knock Off|[of] p1a: Absol\n|move|p2b: Rotom|Volt Switch|p1b: Rotom\n|-damage|p1b: Rotom|60/100\n|\n|t:|1788269761\n|switch|p2b: Tyranitar|Tyranitar, L50, F|100/100|[from] Volt Switch\n|-weather|Sandstorm|[from] ability: Sand Stream|[of] p2b: Tyranitar\n|move|p1b: Rotom|Will-O-Wisp|p2a: Staraptor\n|-activate|p2a: Staraptor|move: Protect\n|\n|-weather|Sandstorm|[upkeep]\n|-damage|p1a: Absol|94/100|[from] Sandstorm\n|-damage|p2a: Staraptor|93/100|[from] Sandstorm\n|-damage|p1b: Rotom|53/100|[from] Sandstorm\n|upkeep\n|turn|2\n|\n|t:|1788269781\n|switch|p1a: Sinistcha|Sinistcha, L50|100/100\n|-heal|p1b: Rotom|78/100|[from] ability: Hospitality|[of] p1a: Sinistcha\n|move|p2b: Tyranitar|Rock Slide|p1a: Sinistcha|[spread] p1a,p1b\n|-damage|p1a: Sinistcha|72/100\n|-damage|p1b: Rotom|45/100\n|-enditem|p1b: Rotom|Sitrus Berry|[eat]\n|-heal|p1b: Rotom|70/100|[from] item: Sitrus Berry\n|move|p2a: Staraptor|Close Combat|p1a: Sinistcha\n|-immune|p1a: Sinistcha\n|move|p1b: Rotom|Thunderbolt|p2a: Staraptor\n|-supereffective|p2a: Staraptor|1\n|-damage|p2a: Staraptor|0 fnt\n|faint|p2a: Staraptor\n|\n|-weather|Sandstorm|[upkeep]\n|-damage|p1b: Rotom|64/100|[from] Sandstorm\n|-damage|p1a: Sinistcha|66/100|[from] Sandstorm\n|upkeep\n|\n|t:|1788269800\n|switch|p2a: Houndstone|Houndstone, L50, F|100/100\n|turn|3\n|\n|t:|1788269809\n|switch|p1a: Incineroar|Incineroar, L50, M|100/100\n|-ability|p1a: Incineroar|Intimidate|boost\n|-unboost|p2a: Houndstone|atk|1\n|-unboost|p2b: Tyranitar|atk|1\n|move|p2a: Houndstone|Last Respects|p1a: Incineroar\n|-resisted|p1a: Incineroar|1\n|-damage|p1a: Incineroar|84/100\n|move|p2b: Tyranitar|Rock Slide|p1b: Rotom|[spread] p1a,p1b\n|-supereffective|p1a: Incineroar|1\n|-damage|p1a: Incineroar|48/100\n|-damage|p1b: Rotom|42/100\n|cant|p1b: Rotom|flinch\n|\n|-weather|Sandstorm|[upkeep]\n|-damage|p1b: Rotom|36/100|[from] Sandstorm\n|-damage|p1a: Incineroar|42/100|[from] Sandstorm\n|upkeep\n|turn|4\n|\n|t:|1788269827\n|switch|p1a: Sinistcha|Sinistcha, L50|66/100\n|-heal|p1b: Rotom|61/100|[from] ability: Hospitality|[of] p1a: Sinistcha\n|move|p2a: Houndstone|Ally Switch|p2a: Houndstone\n|swap|p2a: Houndstone|1|[from] move: Ally Switch\n|move|p2a: Tyranitar|Rock Slide|p1b: Rotom|[spread] p1a,p1b\n|-damage|p1a: Sinistcha|48/100\n|-damage|p1b: Rotom|40/100\n|move|p1b: Rotom|Hydro Pump|p2b: Houndstone\n|-damage|p2b: Houndstone|41/100\n|-enditem|p2b: Houndstone|Sitrus Berry|[eat]\n|-heal|p2b: Houndstone|66/100|[from] item: Sitrus Berry\n|\n|-weather|Sandstorm|[upkeep]\n|-damage|p1b: Rotom|33/100|[from] Sandstorm\n|-damage|p1a: Sinistcha|42/100|[from] Sandstorm\n|upkeep\n|turn|5\n|\n|t:|1788269848\n|switch|p2a: Rotom|Rotom-Wash, L50|50/100g\n|switch|p1b: Incineroar|Incineroar, L50, M|42/100\n|-ability|p1b: Incineroar|Intimidate|boost\n|-unboost|p2a: Rotom|atk|1\n|-unboost|p2b: Houndstone|atk|1\n|move|p2b: Houndstone|Protect|p2b: Houndstone\n|-singleturn|p2b: Houndstone|Protect\n|move|p1a: Sinistcha|Matcha Gotcha|p2b: Houndstone|[spread] p2a\n|-activate|p2b: Houndstone|move: Protect\n|-supereffective|p2a: Rotom|1\n|-damage|p2a: Rotom|0 fnt\n|-heal|p1a: Sinistcha|61/100|[from] drain|[of] p2a: Rotom\n|faint|p2a: Rotom\n|\n|-weather|none\n|upkeep\n|\n|t:|1788269864\n|switch|p2a: Tyranitar|Tyranitar, L50, F|100/100\n|-weather|Sandstorm|[from] ability: Sand Stream|[of] p2a: Tyranitar\n|turn|6\n|\n|t:|1788269889\n|switch|p1a: Absol|Absol-Mega, L50, F|94/100\n|move|p1b: Incineroar|Fake Out|p2a: Tyranitar\n|-resisted|p2a: Tyranitar|1\n|-damage|p2a: Tyranitar|94/100\n|move|p2b: Houndstone|Last Respects|p1a: Absol\n|-resisted|p1a: Absol|1\n|-damage|p1a: Absol|57/100\n|cant|p2a: Tyranitar|flinch\n|\n|-weather|Sandstorm|[upkeep]\n|-damage|p1a: Absol|51/100|[from] Sandstorm\n|-damage|p1b: Incineroar|36/100|[from] Sandstorm\n|upkeep\n|turn|7\n|\n|t:|1788269912\n|switch|p1b: Sinistcha|Sinistcha, L50|61/100\n|-heal|p1a: Absol|76/100|[from] ability: Hospitality|[of] p1b: Sinistcha\n|move|p2b: Houndstone|Last Respects|p1a: Absol\n|-resisted|p1a: Absol|1\n|-damage|p1a: Absol|44/100\n|move|p2a: Tyranitar|Rock Slide|p1b: Sinistcha|[spread] p1a,p1b\n|-damage|p1a: Absol|0 fnt\n|-damage|p1b: Sinistcha|32/100\n|faint|p1a: Absol\n|\n|-weather|Sandstorm|[upkeep]\n|-damage|p1b: Sinistcha|26/100|[from] Sandstorm\n|upkeep\n|\n|t:|1788269926\n|switch|p1a: Incineroar|Incineroar, L50, M|36/100\n|-ability|p1a: Incineroar|Intimidate|boost\n|-unboost|p2a: Tyranitar|atk|1\n|-unboost|p2b: Houndstone|atk|1\n|turn|8\n|\n|t:|1788269939\n|move|p1a: Incineroar|Fake Out|p2a: Tyranitar\n|-resisted|p2a: Tyranitar|1\n|-damage|p2a: Tyranitar|88/100\n|move|p2b: Houndstone|Ally Switch|p2b: Houndstone\n|swap|p2b: Houndstone|0|[from] move: Ally Switch\n|cant|p2b: Tyranitar|flinch\n|move|p1b: Sinistcha|Matcha Gotcha|p2b: Tyranitar|[spread] p2a,p2b\n|-supereffective|p2b: Tyranitar|1\n|-damage|p2a: Houndstone|30/100\n|-heal|p1b: Sinistcha|42/100|[from] drain|[of] p2a: Houndstone\n|-damage|p2b: Tyranitar|51/100\n|-heal|p1b: Sinistcha|62/100|[from] drain|[of] p2b: Tyranitar\n|\n|-weather|Sandstorm|[upkeep]\n|-damage|p1b: Sinistcha|56/100|[from] Sandstorm\n|-damage|p1a: Incineroar|30/100|[from] Sandstorm\n|upkeep\n|turn|9\n|inactive|notbloodmask has 30 seconds left.\n|\n|t:|1788269965\n|move|p1b: Sinistcha|Protect|p1b: Sinistcha\n|-singleturn|p1b: Sinistcha|Protect\n|move|p2a: Houndstone|Last Respects|p1b: Sinistcha\n|-activate|p1b: Sinistcha|move: Protect\n|move|p2b: Tyranitar|Rock Slide|p1a: Incineroar|[spread] p1a\n|-activate|p1b: Sinistcha|move: Protect\n|-supereffective|p1a: Incineroar|1\n|-damage|p1a: Incineroar|0 fnt\n|faint|p1a: Incineroar\n|\n|-weather|Sandstorm|[upkeep]\n|-damage|p1b: Sinistcha|50/100g|[from] Sandstorm\n|upkeep\n|\n|t:|1788269977\n|switch|p1a: Rotom|Rotom-Wash, L50|33/100\n|turn|10\n|inactive|notbloodmask has 30 seconds left.\n|inactive|notbloodmask has 20 seconds left.\n|\n|t:|1788270015\n|move|p2a: Houndstone|Last Respects|p1b: Sinistcha\n|-supereffective|p1b: Sinistcha|1\n|-enditem|p1b: Sinistcha|Kasib Berry|[eat]\n|-enditem|p1b: Sinistcha|Kasib Berry|[weaken]\n|-damage|p1b: Sinistcha|25/100\n|move|p2b: Tyranitar|Rock Slide|p1a: Rotom|[spread] p1a,p1b\n|-damage|p1a: Rotom|10/100\n|-damage|p1b: Sinistcha|5/100\n|move|p1a: Rotom|Will-O-Wisp|p2b: Tyranitar\n|-status|p2b: Tyranitar|brn\n|move|p1b: Sinistcha|Matcha Gotcha|p2b: Tyranitar|[spread] p2a,p2b\n|-crit|p2a: Houndstone\n|-supereffective|p2b: Tyranitar|1\n|-damage|p2a: Houndstone|0 fnt\n|-heal|p1b: Sinistcha|19/100|[from] drain|[of] p2a: Houndstone\n|-damage|p2b: Tyranitar|16/100 brn\n|-heal|p1b: Sinistcha|37/100|[from] drain|[of] p2b: Tyranitar\n|faint|p2a: Houndstone\n|\n|-weather|none\n|-damage|p2b: Tyranitar|10/100 brn|[from] brn\n|upkeep\n|turn|11\n|inactive|notbloodmask has 30 seconds left.\n|\n|t:|1788270047\n|move|p1a: Rotom|Protect|p1a: Rotom\n|-singleturn|p1a: Rotom|Protect\n|move|p1b: Sinistcha|Protect|p1b: Sinistcha\n|-singleturn|p1b: Sinistcha|Protect\n|move|p2b: Tyranitar|Rock Slide|p1b: Sinistcha|[spread] \n|-activate|p1a: Rotom|move: Protect\n|-activate|p1b: Sinistcha|move: Protect\n|\n|-damage|p2b: Tyranitar|3/100 brn|[from] brn\n|upkeep\n|turn|12\n|\n|t:|1788270071\n|move|p1b: Sinistcha|Rage Powder|p1b: Sinistcha\n|-singleturn|p1b: Sinistcha|move: Rage Powder\n|move|p2b: Tyranitar|Rock Slide|p1b: Sinistcha|[spread] p1a\n|-miss|p2b: Tyranitar|p1b: Sinistcha\n|-damage|p1a: Rotom|0 fnt\n|faint|p1a: Rotom\n|\n|-damage|p2b: Tyranitar|0 fnt|[from] brn\n|faint|p2b: Tyranitar\n|\n|win|notbloodmask\n|raw|notbloodmask's rating: 1179 &rarr; <strong>1211</strong><br />(+32 for winning)\n|raw|AirZingis's rating: 1279 &rarr; <strong>1247</strong><br />(-32 for losing)\n|l|☆AirZingis\n|player|p2|\n","uploadtime":1788270083,"views":"2","formatid":"gen9championsvgc2026regmb","rating":1211,"private":0,"password":null}