{"id":"gen9championsvgc2026regmbbo3-2674968588","format":"[Gen 9 Champions] VGC 2026 Reg M-B (Bo3)","players":["humania1","yriro"],"log":"|j|☆humania1\n|j|☆yriro\n|html|<table width=\"100%\"><tr><td align=\"left\">humania1</td><td align=\"right\">yriro</tr><tr><td align=\"left\"><i class=\"fa fa-circle-o\"></i> <i class=\"fa fa-circle-o\"></i> </td><td align=\"right\"><i class=\"fa fa-circle-o\"></i> <i class=\"fa fa-circle-o\"></i> </tr></table>\n|uhtml|bestof|<h2><strong>Game 1</strong> of <a href=\"/game-bestof3-gen9championsvgc2026regmbbo3-2674968587\">a best-of-3</a></h2>\n|t:|1788443312\n|gametype|doubles\n|player|p1|humania1|265|1094\n|player|p2|yriro|101|1000\n|gen|9\n|tier|[Gen 9 Champions] VGC 2026 Reg M-B (Bo3)\n|rated|\n|rule|Species Clause: Limit one of each Pokémon\n|rule|Item Clause: Limit 1 of each item\n|clearpoke\n|poke|p1|Charizard, L50, F|\n|poke|p1|Whimsicott, L50, F|\n|poke|p1|Basculegion, L50, M|\n|poke|p1|Farigiraf, L50, F|\n|poke|p1|Kangaskhan, L50, F|\n|poke|p1|Sneasler, L50, F|\n|poke|p2|Raichu, L50, M|\n|poke|p2|Gholdengo, L50|\n|poke|p2|Whimsicott, L50, F|\n|poke|p2|Garchomp, L50, F|\n|poke|p2|Basculegion, L50, M|\n|poke|p2|Floette-Eternal, L50, F|\n|teampreview|4\n|showteam|p1|Charizard||CharizarditeY|SolarPower|WeatherBall,HeatWave,SolarBeam,Protect|Timid||F|||50|]Whimsicott||FocusSash|Prankster|Moonblast,Tailwind,SunnyDay,Encore|Timid||F|||50|]Basculegion||ChoiceScarf|Adaptability|WaveCrash,AquaJet,LastRespects,FlipTurn|Adamant||M|||50|]Farigiraf||SitrusBerry|ArmorTail|Psychic,HyperVoice,HelpingHand,TrickRoom|Modest||F|||50|]Kangaskhan||Kangaskhanite|Scrappy|FakeOut,DoubleEdge,DrainPunch,SuckerPunch|Adamant||F|||50|]Sneasler||WhiteHerb|Unburden|FakeOut,CloseCombat,DireClaw,RockTomb|Adamant||F|||50|\n|showteam|p2|Raichu||RaichuniteY|Static|ZapCannon,FocusBlast,Protect,VoltSwitch|Serious||M|||50|]Gholdengo||LifeOrb|GoodasGold|Protect,NastyPlot,MakeItRain,FlashCannon|Serious|||||50|]Whimsicott||FocusSash|Prankster|Moonblast,Tailwind,Encore,Protect|Modest||F|||50|]Garchomp||SitrusBerry|RoughSkin|RockSlide,Earthquake,Protect,DragonClaw|Serious||F|||50|]Basculegion||MysticWater|Adaptability|LastRespects,WaveCrash,Protect,AquaJet|Serious||M|||50|]Floette-Eternal||Floettite|FlowerVeil|Moonblast,DazzlingGleam,DrainingKiss,Protect|Serious||F|||50|\n|inactive|Battle timer is ON: inactive players will automatically lose when time's up. (requested by humania1)\n|\n|t:|1788443341\n|teamsize|p1|4\n|teamsize|p2|4\n|start\n|switch|p1a: Charizard|Charizard, L50, F|100/100\n|switch|p1b: Basculegion|Basculegion, L50, M|100/100\n|switch|p2a: Raichu|Raichu, L50, M|100/100\n|switch|p2b: Whimsicott|Whimsicott, L50, F|100/100\n|turn|1\n|\n|t:|1788443355\n|switch|p1a: Sneasler|Sneasler, L50, F|100/100\n|detailschange|p2a: Raichu|Raichu-Mega-Y, L50, M\n|-mega|p2a: Raichu|Raichu|Raichunite Y\n|move|p2b: Whimsicott|Tailwind|p2b: Whimsicott\n|-sidestart|p2: yriro|move: Tailwind\n|move|p2a: Raichu|Zap Cannon|p1a: Sneasler\n|-damage|p1a: Sneasler|0 fnt\n|faint|p1a: Sneasler\n|move|p1b: Basculegion|Wave Crash|p2a: Raichu\n|-damage|p2a: Raichu|0 fnt\n|faint|p2a: Raichu\n|-damage|p1b: Basculegion|75/100|[from] Recoil\n|\n|upkeep\n|\n|t:|1788443372\n|switch|p1a: Farigiraf|Farigiraf, L50, F|100/100\n|switch|p2a: Garchomp|Garchomp, L50, F|100/100\n|turn|2\n|\n|t:|1788443384\n|switch|p1b: Charizard|Charizard, L50, F|100/100\n|move|p2b: Whimsicott|Moonblast|p1a: Farigiraf\n|-damage|p1a: Farigiraf|68/100\n|move|p2a: Garchomp|Dragon Claw|p1a: Farigiraf\n|-damage|p1a: Farigiraf|28/100\n|-enditem|p1a: Farigiraf|Sitrus Berry|[eat]\n|-heal|p1a: Farigiraf|53/100|[from] item: Sitrus Berry\n|move|p1a: Farigiraf|Trick Room|p1a: Farigiraf\n|-fieldstart|move: Trick Room|[of] p1a: Farigiraf\n|\n|upkeep\n|turn|3\n|\n|t:|1788443402\n|switch|p2a: Basculegion|Basculegion, L50, M|100/100\n|detailschange|p1b: Charizard|Charizard-Mega-Y, L50, F\n|-mega|p1b: Charizard|Charizard|Charizardite Y\n|-weather|SunnyDay|[from] ability: Drought|[of] p1b: Charizard\n|move|p2b: Whimsicott|Encore||[still]\n|cant|p1a: Farigiraf|ability: Armor Tail|Encore|[of] p2b: Whimsicott\n|move|p1a: Farigiraf|Psychic|p2b: Whimsicott\n|-damage|p2b: Whimsicott|44/100\n|move|p1b: Charizard|Weather Ball|p2b: Whimsicott\n|-supereffective|p2b: Whimsicott|1\n|-damage|p2b: Whimsicott|0 fnt\n|faint|p2b: Whimsicott\n|\n|-weather|SunnyDay|[upkeep]\n|upkeep\n|\n|t:|1788443420\n|switch|p2b: Garchomp|Garchomp, L50, F|100/100\n|turn|4\n|\n|t:|1788443424\n|move|p1b: Charizard|Protect|p1b: Charizard\n|-singleturn|p1b: Charizard|Protect\n|move|p2a: Basculegion|Protect|p2a: Basculegion\n|-singleturn|p2a: Basculegion|Protect\n|move|p2b: Garchomp|Protect|p2b: Garchomp\n|-singleturn|p2b: Garchomp|Protect\n|move|p1a: Farigiraf|Psychic|p2b: Garchomp\n|-activate|p2b: Garchomp|move: Protect\n|\n|-weather|SunnyDay|[upkeep]\n|-sideend|p2: yriro|move: Tailwind\n|upkeep\n|turn|5\n|\n|t:|1788443440\n|move|p1b: Charizard|Protect||[still]\n|-fail|p1b: Charizard\n|move|p1a: Farigiraf|Psychic|p2b: Garchomp\n|-damage|p2b: Garchomp|58/100\n|move|p2a: Basculegion|Last Respects|p1b: Charizard\n|-damage|p1b: Charizard|0 fnt\n|faint|p1b: Charizard\n|move|p2b: Garchomp|Rock Slide|p1a: Farigiraf\n|-damage|p1a: Farigiraf|24/100\n|\n|-weather|SunnyDay|[upkeep]\n|upkeep\n|\n|t:|1788443440\n|switch|p1b: Basculegion|Basculegion, L50, M|75/100\n|turn|6\n|\n|t:|1788443464\n|move|p1a: Farigiraf|Psychic|p2b: Garchomp\n|-damage|p2b: Garchomp|16/100\n|-enditem|p2b: Garchomp|Sitrus Berry|[eat]\n|-heal|p2b: Garchomp|41/100|[from] item: Sitrus Berry\n|move|p2a: Basculegion|Last Respects|p1b: Basculegion\n|-supereffective|p1b: Basculegion|1\n|-damage|p1b: Basculegion|0 fnt\n|faint|p1b: Basculegion\n|move|p2b: Garchomp|Dragon Claw|p1a: Farigiraf\n|-damage|p1a: Farigiraf|0 fnt\n|faint|p1a: Farigiraf\n|\n|win|yriro\n","uploadtime":1788443464,"views":"0","formatid":"gen9championsvgc2026regmbbo3","rating":null,"private":0,"password":null}