{"id":"gen9championsvgc2026regmb-2674634584","format":"[Gen 9 Champions] VGC 2026 Reg M-B","players":["jjavi2","esonkwah"],"log":"|j|☆jjavi2\n|j|☆esonkwah\n|t:|1788383007\n|gametype|doubles\n|player|p1|jjavi2|n|1430\n|player|p2|esonkwah|cynthia|1333\n|gen|9\n|tier|[Gen 9 Champions] VGC 2026 Reg M-B\n|rated|\n|rule|Species Clause: Limit one of each Pokémon\n|rule|Item Clause: Limit 1 of each item\n|clearpoke\n|poke|p1|Dragonite, L50, M, shiny|\n|poke|p1|Sneasler, L50, M|\n|poke|p1|Basculegion, L50, M|\n|poke|p1|Kingambit, L50, M|\n|poke|p1|Garchomp, L50, M|\n|poke|p1|Floette-Eternal, L50, F|\n|poke|p2|Sinistcha, L50|\n|poke|p2|Altaria, L50, F|\n|poke|p2|Incineroar, L50, F|\n|poke|p2|Sneasler, L50, F|\n|poke|p2|Lucario, L50, M|\n|poke|p2|Milotic, L50, M|\n|teampreview|4\n|inactive|Battle timer is ON: inactive players will automatically lose when time's up. (requested by esonkwah)\n|inactive|jjavi2 also wants the timer to be on.\n|inactive|jjavi2 has 60 seconds left.\n|inactive|esonkwah has 60 seconds left.\n|\n|t:|1788383067\n|teamsize|p1|4\n|teamsize|p2|4\n|start\n|switch|p1a: Dragonite|Dragonite, L50, M, shiny|100/100\n|switch|p1b: Kingambit|Kingambit, L50, M|100/100\n|switch|p2a: Sneasler|Sneasler, L50, F|100/100\n|switch|p2b: Lucario|Lucario, L50, M|100/100\n|turn|1\n|\n|t:|1788383081\n|switch|p1b: Garchomp|Garchomp, L50, M|100/100\n|detailschange|p2b: Lucario|Lucario-Mega, L50, M\n|-mega|p2b: Lucario|Lucario|Lucarionite\n|move|p1a: Dragonite|Protect|p1a: Dragonite\n|-singleturn|p1a: Dragonite|Protect\n|move|p2a: Sneasler|Fake Out|p1a: Dragonite\n|-activate|p1a: Dragonite|move: Protect\n|move|p2b: Lucario|Close Combat|p1b: Garchomp\n|-damage|p1b: Garchomp|19/100\n|-unboost|p2b: Lucario|def|1\n|-unboost|p2b: Lucario|spd|1\n|-damage|p2b: Lucario|87/100|[from] ability: Rough Skin|[of] p1b: Garchomp\n|\n|upkeep\n|turn|2\n|inactive|jjavi2 has 30 seconds left.\n|\n|t:|1788383112\n|switch|p1b: Sneasler|Sneasler, L50, M|100/100\n|switch|p2b: Sinistcha|Sinistcha, L50|100/100\n|detailschange|p1a: Dragonite|Dragonite-Mega, L50, M, shiny\n|-mega|p1a: Dragonite|Dragonite|Dragoninite\n|move|p2a: Sneasler|Dire Claw|p1a: Dragonite\n|-damage|p1a: Dragonite|80/100\n|move|p1a: Dragonite|Heat Wave|p2b: Sinistcha|[spread] p2a,p2b\n|-supereffective|p2b: Sinistcha|1\n|-damage|p2a: Sneasler|59/100\n|-damage|p2b: Sinistcha|26/100\n|\n|upkeep\n|turn|3\n|\n|t:|1788383129\n|move|p1b: Sneasler|Fake Out|p2a: Sneasler\n|-damage|p2a: Sneasler|33/100\n|move|p2b: Sinistcha|Rage Powder|p2b: Sinistcha\n|-singleturn|p2b: Sinistcha|move: Rage Powder\n|cant|p2a: Sneasler|flinch\n|move|p1a: Dragonite|Heat Wave|p2b: Sinistcha|[spread] p2a,p2b\n|-supereffective|p2b: Sinistcha|1\n|-damage|p2a: Sneasler|0 fnt\n|-damage|p2b: Sinistcha|0 fnt\n|faint|p2a: Sneasler\n|faint|p2b: Sinistcha\n|\n|upkeep\n|\n|t:|1788383134\n|switch|p2a: Lucario|Lucario-Mega, L50, M|87/100\n|switch|p2b: Milotic|Milotic, L50, M|100/100\n|turn|4\n|\n|t:|1788383157\n|move|p1b: Sneasler|Close Combat|p2a: Lucario\n|-supereffective|p2a: Lucario|1\n|-damage|p2a: Lucario|0 fnt\n|-unboost|p1b: Sneasler|def|1\n|-unboost|p1b: Sneasler|spd|1\n|faint|p2a: Lucario\n|move|p1a: Dragonite|Dragon Pulse|p2b: Milotic\n|-damage|p2b: Milotic|58/100\n|move|p2b: Milotic|Scald|p1b: Sneasler\n|-damage|p1b: Sneasler|13/100\n|\n|-heal|p2b: Milotic|64/100|[from] item: Leftovers\n|upkeep\n|turn|5\n|-message|esonkwah forfeited.\n|\n|win|jjavi2\n|raw|jjavi2's rating: 1430 &rarr; <strong>1445</strong><br />(+15 for winning)\n|raw|esonkwah's rating: 1333 &rarr; <strong>1318</strong><br />(-15 for losing)\n","uploadtime":1788383162,"views":"0","formatid":"gen9championsvgc2026regmb","rating":1318,"private":0,"password":null}