{"id":"gen9championsvgc2026regmbbo3-2674678837","format":"[Gen 9 Champions] VGC 2026 Reg M-B (Bo3)","players":["awaouifbbbbb","Pawah"],"log":"|j|‽awaouifbbbbb\n|j|☆Pawah\n|html|<table width=\"100%\"><tr><td align=\"left\">awaouifbbbbb</td><td align=\"right\">Pawah</tr><tr><td align=\"left\"><i class=\"fa fa-circle-o\"></i> <i class=\"fa fa-circle-o\"></i> </td><td align=\"right\"><i class=\"fa fa-circle-o\"></i> <i class=\"fa fa-circle-o\"></i> </tr></table>\n|uhtml|bestof|<h2><strong>Game 1</strong> of <a href=\"/game-bestof3-gen9championsvgc2026regmbbo3-2674678836\">a best-of-3</a></h2>\n|t:|1788389298\n|gametype|doubles\n|player|p1|awaouifbbbbb|1|1306\n|player|p2|Pawah|ethan|1274\n|gen|9\n|tier|[Gen 9 Champions] VGC 2026 Reg M-B (Bo3)\n|rated|\n|rule|Species Clause: Limit one of each Pokémon\n|rule|Item Clause: Limit 1 of each item\n|clearpoke\n|poke|p1|Delphox, L50, M|\n|poke|p1|Blastoise, L50, F|\n|poke|p1|Incineroar, L50, M|\n|poke|p1|Kingambit, L50, F|\n|poke|p1|Sinistcha, L50|\n|poke|p1|Sneasler, L50, F|\n|poke|p2|Staraptor, L50, M|\n|poke|p2|Milotic, L50, F|\n|poke|p2|Tyranitar, L50, M|\n|poke|p2|Gholdengo, L50|\n|poke|p2|Excadrill, L50, M|\n|poke|p2|Sinistcha, L50|\n|teampreview|4\n|showteam|p1|Delphox||Delphoxite|Blaze|HeatWave,Psychic,NastyPlot,Protect|Timid||M|||50|]Blastoise||Blastoisinite|RainDish|WaterSpout,DarkPulse,ShellSmash,Protect|Modest||F|||50|]Incineroar||SitrusBerry|Intimidate|FakeOut,FlareBlitz,HelpingHand,PartingShot|Impish||M|||50|]Kingambit||LifeOrb|Defiant|KowtowCleave,SuckerPunch,SwordsDance,Protect|Adamant||F|||50|]Sinistcha||ColburBerry|Hospitality|MatchaGotcha,RagePowder,TrickRoom,Protect|Bold|||||50|]Sneasler||FocusSash|Unburden|FakeOut,CloseCombat,DireClaw,QuickGuard|Jolly||F|||50|\n|showteam|p2|Staraptor||Staraptite|Intimidate|BraveBird,CloseCombat,Tailwind,Protect|Jolly||M|||50|]Milotic||SitrusBerry|Competitive|Scald,IceBeam,IcyWind,Recover|Modest||F|||50|]Tyranitar||Tyranitarite|SandStream|RockSlide,KnockOff,LowKick,Protect|Adamant||M|||50|]Gholdengo||LifeOrb|GoodasGold|ShadowBall,MakeItRain,NastyPlot,Protect|Modest|||||50|]Excadrill||FocusSash|SandRush|HighHorsepower,IronHead,RockSlide,Protect|Adamant||M|||50|]Sinistcha||ColburBerry|Hospitality|MatchaGotcha,RagePowder,TrickRoom,Protect|Bold|||||50|\n|inactive|Battle timer is ON: inactive players will automatically lose when time's up. (requested by Pawah)\n|inactive|awaouifbbbbb also wants the timer to be on.\n|inactive|awaouifbbbbb has 60 seconds left.\n|\n|t:|1788389339\n|teamsize|p1|4\n|teamsize|p2|4\n|start\n|switch|p1a: Blastoise|Blastoise, L50, F|100/100\n|switch|p1b: Sneasler|Sneasler, L50, F|100/100\n|switch|p2a: Tyranitar|Tyranitar, L50, M|100/100\n|switch|p2b: Sinistcha|Sinistcha, L50|100/100\n|-weather|Sandstorm|[from] ability: Sand Stream|[of] p2a: Tyranitar\n|turn|1\n|inactive|awaouifbbbbb has 30 seconds left.\n|\n|t:|1788389365\n|switch|p2a: Milotic|Milotic, L50, F|100/100\n|detailschange|p1a: Blastoise|Blastoise-Mega, L50, F\n|-mega|p1a: Blastoise|Blastoise|Blastoisinite\n|move|p1b: Sneasler|Fake Out|p2a: Milotic\n|-crit|p2a: Milotic\n|-damage|p2a: Milotic|79/100\n|move|p1a: Blastoise|Dark Pulse|p2b: Sinistcha\n|-supereffective|p2b: Sinistcha|1\n|-enditem|p2b: Sinistcha|Colbur Berry|[eat]\n|-enditem|p2b: Sinistcha|Colbur Berry|[weaken]\n|-damage|p2b: Sinistcha|54/100\n|move|p2b: Sinistcha|Matcha Gotcha|p1a: Blastoise|[spread] p1a,p1b\n|-supereffective|p1a: Blastoise|1\n|-resisted|p1b: Sneasler|1\n|-damage|p1a: Blastoise|52/100\n|-heal|p2b: Sinistcha|75/100|[from] drain|[of] p1a: Blastoise\n|-damage|p1b: Sneasler|84/100\n|-heal|p2b: Sinistcha|82/100|[from] drain|[of] p1b: Sneasler\n|-status|p1a: Blastoise|brn\n|\n|-weather|Sandstorm|[upkeep]\n|-damage|p1b: Sneasler|78/100|[from] Sandstorm\n|-damage|p1a: Blastoise|46/100 brn|[from] Sandstorm\n|-damage|p2a: Milotic|73/100|[from] Sandstorm\n|-damage|p2b: Sinistcha|76/100|[from] Sandstorm\n|-damage|p1a: Blastoise|41/100 brn|[from] brn\n|upkeep\n|turn|2\n|inactive|awaouifbbbbb has 30 seconds left.\n|inactive|Pawah has 30 seconds left.\n|inactive|awaouifbbbbb has 20 seconds left.\n|\n|t:|1788389402\n|switch|p1a: Kingambit|Kingambit, L50, F|100/100\n|switch|p2b: Tyranitar|Tyranitar, L50, M|100/100\n|move|p1b: Sneasler|Close Combat|p2a: Milotic\n|-damage|p2a: Milotic|12/100\n|-unboost|p1b: Sneasler|def|1\n|-unboost|p1b: Sneasler|spd|1\n|-enditem|p2a: Milotic|Sitrus Berry|[eat]\n|-heal|p2a: Milotic|37/100|[from] item: Sitrus Berry\n|move|p2a: Milotic|Scald|p1a: Kingambit\n|-damage|p1a: Kingambit|69/100\n|\n|-weather|Sandstorm|[upkeep]\n|-damage|p1b: Sneasler|72/100|[from] Sandstorm\n|-damage|p2a: Milotic|31/100|[from] Sandstorm\n|upkeep\n|turn|3\n|inactive|awaouifbbbbb has 30 seconds left.\n|inactive|awaouifbbbbb has 20 seconds left.\n|\n|t:|1788389437\n|switch|p2a: Sinistcha|Sinistcha, L50|76/100\n|detailschange|p2b: Tyranitar|Tyranitar-Mega, L50, M\n|-mega|p2b: Tyranitar|Tyranitar|Tyranitarite\n|move|p2b: Tyranitar|Protect|p2b: Tyranitar\n|-singleturn|p2b: Tyranitar|Protect\n|move|p1a: Kingambit|Sucker Punch||[still]\n|-fail|p1a: Kingambit\n|move|p1b: Sneasler|Close Combat|p2b: Tyranitar\n|-activate|p2b: Tyranitar|move: Protect\n|\n|-weather|Sandstorm|[upkeep]\n|-damage|p1b: Sneasler|66/100|[from] Sandstorm\n|-damage|p2a: Sinistcha|70/100|[from] Sandstorm\n|upkeep\n|turn|4\n|\n|t:|1788389456\n|move|p1a: Kingambit|Protect|p1a: Kingambit\n|-singleturn|p1a: Kingambit|Protect\n|move|p2a: Sinistcha|Rage Powder|p2a: Sinistcha\n|-singleturn|p2a: Sinistcha|move: Rage Powder\n|move|p1b: Sneasler|Dire Claw|p2a: Sinistcha\n|-damage|p2a: Sinistcha|33/100\n|-status|p2a: Sinistcha|slp\n|move|p2b: Tyranitar|Low Kick|p1a: Kingambit\n|-activate|p1a: Kingambit|move: Protect\n|\n|-weather|Sandstorm|[upkeep]\n|-damage|p1b: Sneasler|61/100|[from] Sandstorm\n|-damage|p2a: Sinistcha|26/100 slp|[from] Sandstorm\n|upkeep\n|turn|5\n|\n|t:|1788389477\n|switch|p2b: Milotic|Milotic, L50, F|31/100\n|cant|p2a: Sinistcha|slp\n|move|p1b: Sneasler|Close Combat|p2b: Milotic\n|-damage|p2b: Milotic|0 fnt\n|-unboost|p1b: Sneasler|def|1\n|-unboost|p1b: Sneasler|spd|1\n|faint|p2b: Milotic\n|move|p1a: Kingambit|Swords Dance|p1a: Kingambit\n|-boost|p1a: Kingambit|atk|2\n|\n|-weather|none\n|upkeep\n|\n|t:|1788389483\n|switch|p2b: Excadrill|Excadrill, L50, M|100/100\n|turn|6\n|\n|t:|1788389503\n|switch|p2a: Tyranitar|Tyranitar-Mega, L50, M|100/100\n|-weather|Sandstorm|[from] ability: Sand Stream|[of] p2a: Tyranitar\n|move|p1a: Kingambit|Sucker Punch|p2b: Excadrill\n|-enditem|p2b: Excadrill|Focus Sash\n|-damage|p2b: Excadrill|1/100\n|-damage|p1a: Kingambit|59/100|[from] item: Life Orb\n|move|p2b: Excadrill|High Horsepower|p1a: Kingambit\n|-supereffective|p1a: Kingambit|1\n|-damage|p1a: Kingambit|0 fnt\n|faint|p1a: Kingambit\n|move|p1b: Sneasler|Close Combat|p2a: Tyranitar\n|-supereffective|p2a: Tyranitar|2\n|-damage|p2a: Tyranitar|0 fnt\n|-unboost|p1b: Sneasler|def|1\n|-unboost|p1b: Sneasler|spd|1\n|faint|p2a: Tyranitar\n|\n|-weather|Sandstorm|[upkeep]\n|-damage|p1b: Sneasler|55/100|[from] Sandstorm\n|upkeep\n|\n|t:|1788389526\n|switch|p2a: Sinistcha|Sinistcha, L50|26/100 slp\n|switch|p1a: Blastoise|Blastoise-Mega, L50, F|41/100 brn\n|-heal|p2b: Excadrill|25/100|[from] ability: Hospitality|[of] p2a: Sinistcha\n|turn|7\n|\n|t:|1788389537\n|cant|p2a: Sinistcha|slp\n|move|p2b: Excadrill|Rock Slide|p1a: Blastoise|[spread] p1a,p1b\n|-resisted|p1b: Sneasler|1\n|-damage|p1a: Blastoise|20/100y brn\n|-damage|p1b: Sneasler|5/100\n|cant|p1b: Sneasler|flinch\n|cant|p1a: Blastoise|flinch\n|\n|-weather|Sandstorm|[upkeep]\n|-damage|p1b: Sneasler|0 fnt|[from] Sandstorm\n|-damage|p1a: Blastoise|14/100 brn|[from] Sandstorm\n|-damage|p2a: Sinistcha|20/100y slp|[from] Sandstorm\n|faint|p1b: Sneasler\n|-damage|p1a: Blastoise|8/100 brn|[from] brn\n|upkeep\n|\n|t:|1788389550\n|switch|p1b: Delphox|Delphox, L50, M|100/100\n|turn|8\n|\n|t:|1788389564\n|move|p2b: Excadrill|Protect|p2b: Excadrill\n|-singleturn|p2b: Excadrill|Protect\n|-curestatus|p2a: Sinistcha|slp|[msg]\n|move|p2a: Sinistcha|Protect|p2a: Sinistcha\n|-singleturn|p2a: Sinistcha|Protect\n|move|p1b: Delphox|Heat Wave|p2a: Sinistcha|[spread] \n|-activate|p2a: Sinistcha|move: Protect\n|-activate|p2b: Excadrill|move: Protect\n|move|p1a: Blastoise|Water Spout|p2b: Excadrill|[spread] \n|-activate|p2a: Sinistcha|move: Protect\n|-activate|p2b: Excadrill|move: Protect\n|\n|-weather|Sandstorm|[upkeep]\n|-damage|p1b: Delphox|94/100|[from] Sandstorm\n|-damage|p1a: Blastoise|3/100 brn|[from] Sandstorm\n|-damage|p2a: Sinistcha|14/100|[from] Sandstorm\n|-damage|p1a: Blastoise|0 fnt|[from] brn\n|faint|p1a: Blastoise\n|upkeep\n|turn|9\n|\n|t:|1788389588\n|move|p2a: Sinistcha|Rage Powder|p2a: Sinistcha\n|-singleturn|p2a: Sinistcha|move: Rage Powder\n|move|p2b: Excadrill|High Horsepower|p1b: Delphox\n|-supereffective|p1b: Delphox|1\n|-damage|p1b: Delphox|0 fnt\n|faint|p1b: Delphox\n|\n|win|Pawah\n","uploadtime":1788389589,"views":"0","formatid":"gen9championsvgc2026regmbbo3","rating":null,"private":0,"password":null}