{"id":"gen9championsvgc2026regmb-2673852428","format":"[Gen 9 Champions] VGC 2026 Reg M-B","players":["Piedi mistici","dun1to"],"log":"|j|☆Piedi mistici\n|j|☆dun1to\n|t:|1788268623\n|gametype|doubles\n|player|p1|Piedi mistici|zinnia|1387\n|player|p2|dun1to|red|1338\n|gen|9\n|tier|[Gen 9 Champions] VGC 2026 Reg M-B\n|rated|\n|rule|Species Clause: Limit one of each Pokémon\n|rule|Item Clause: Limit 1 of each item\n|clearpoke\n|poke|p1|Froslass, L50, F|\n|poke|p1|Tyranitar, L50, M|\n|poke|p1|Scovillain, L50, M|\n|poke|p1|Sneasler, L50, M|\n|poke|p1|Farigiraf, L50, M|\n|poke|p1|Sylveon, L50, M|\n|poke|p2|Charizard, L50, M|\n|poke|p2|Floette-Eternal, L50, F|\n|poke|p2|Basculegion, L50, M|\n|poke|p2|Kingambit, L50, F|\n|poke|p2|Whimsicott, L50, M|\n|poke|p2|Garchomp, L50, F|\n|teampreview|4\n|inactive|Battle timer is ON: inactive players will automatically lose when time's up. (requested by dun1to)\n|\n|t:|1788268652\n|teamsize|p1|4\n|teamsize|p2|4\n|start\n|switch|p1a: Froslass|Froslass, L50, F|100/100\n|switch|p1b: Sneasler|Sneasler, L50, M|100/100\n|switch|p2a: Garchomp|Garchomp, L50, F|100/100\n|switch|p2b: Charizard|Charizard, L50, M|100/100\n|turn|1\n|\n|t:|1788268666\n|detailschange|p1a: Froslass|Froslass-Mega, L50, F\n|-mega|p1a: Froslass|Froslass|Froslassite\n|-weather|Snowscape|[from] ability: Snow Warning|[of] p1a: Froslass\n|detailschange|p2b: Charizard|Charizard-Mega-Y, L50, M\n|-mega|p2b: Charizard|Charizard|Charizardite Y\n|-weather|SunnyDay|[from] ability: Drought|[of] p2b: Charizard\n|move|p1a: Froslass|Protect|p1a: Froslass\n|-singleturn|p1a: Froslass|Protect\n|move|p1b: Sneasler|Protect|p1b: Sneasler\n|-singleturn|p1b: Sneasler|Protect\n|move|p2a: Garchomp|Protect|p2a: Garchomp\n|-singleturn|p2a: Garchomp|Protect\n|move|p2b: Charizard|Weather Ball|p1a: Froslass\n|-activate|p1a: Froslass|move: Protect\n|\n|-weather|SunnyDay|[upkeep]\n|upkeep\n|turn|2\n|inactive|dun1to has 30 seconds left.\n|inactive|dun1to has 20 seconds left.\n|\n|t:|1788268706\n|switch|p1b: Tyranitar|Tyranitar, L50, M|100/100\n|-weather|Sandstorm|[from] ability: Sand Stream|[of] p1b: Tyranitar\n|switch|p2a: Whimsicott|Whimsicott, L50, M|100/100\n|move|p1a: Froslass|Weather Ball|p2b: Charizard\n|-supereffective|p2b: Charizard|2\n|-damage|p2b: Charizard|0 fnt\n|faint|p2b: Charizard\n|\n|-weather|Sandstorm|[upkeep]\n|-damage|p2a: Whimsicott|94/100|[from] Sandstorm\n|-damage|p1a: Froslass|94/100|[from] Sandstorm\n|upkeep\n|\n|t:|1788268720\n|switch|p2b: Kingambit|Kingambit, L50, F|100/100\n|turn|3\n|\n|t:|1788268725\n|switch|p1a: Sneasler|Sneasler, L50, M|100/100\n|move|p2a: Whimsicott|Tailwind|p2a: Whimsicott\n|-sidestart|p2: dun1to|move: Tailwind\n|move|p2b: Kingambit|Low Kick|p1b: Tyranitar\n|-supereffective|p1b: Tyranitar|2\n|-enditem|p1b: Tyranitar|Chople Berry|[eat]\n|-enditem|p1b: Tyranitar|Chople Berry|[weaken]\n|-damage|p1b: Tyranitar|24/100\n|move|p1b: Tyranitar|Low Kick|p2b: Kingambit\n|-supereffective|p2b: Kingambit|2\n|-enditem|p2b: Kingambit|Chople Berry|[eat]\n|-enditem|p2b: Kingambit|Chople Berry|[weaken]\n|-damage|p2b: Kingambit|38/100\n|\n|-weather|Sandstorm|[upkeep]\n|-damage|p2a: Whimsicott|88/100|[from] Sandstorm\n|-damage|p1a: Sneasler|94/100|[from] Sandstorm\n|upkeep\n|turn|4\n|inactive|dun1to has 30 seconds left.\n|\n|t:|1788268753\n|move|p2a: Whimsicott|Moonblast|p1b: Tyranitar\n|-supereffective|p1b: Tyranitar|1\n|-damage|p1b: Tyranitar|0 fnt\n|faint|p1b: Tyranitar\n|move|p1a: Sneasler|Dire Claw|p2a: Whimsicott\n|-supereffective|p2a: Whimsicott|2\n|-crit|p2a: Whimsicott\n|-damage|p2a: Whimsicott|0 fnt\n|faint|p2a: Whimsicott\n|move|p2b: Kingambit|Iron Head|p1a: Sneasler\n|-damage|p1a: Sneasler|18/100\n|\n|-weather|Sandstorm|[upkeep]\n|-damage|p1a: Sneasler|12/100|[from] Sandstorm\n|upkeep\n|\n|t:|1788268773\n|switch|p2a: Garchomp|Garchomp, L50, F|100/100\n|switch|p1b: Froslass|Froslass-Mega, L50, F|94/100\n|-weather|Snowscape|[from] ability: Snow Warning|[of] p1b: Froslass\n|turn|5\n|inactive|dun1to has 30 seconds left.\n|inactive|dun1to has 20 seconds left.\n|inactive|dun1to has 15 seconds left.\n|\n|t:|1788268816\n|move|p1b: Froslass|Protect|p1b: Froslass\n|-singleturn|p1b: Froslass|Protect\n|move|p2b: Kingambit|Sucker Punch||[still]\n|-fail|p2b: Kingambit\n|move|p2a: Garchomp|Dragon Claw|p1a: Sneasler\n|-damage|p1a: Sneasler|0 fnt\n|faint|p1a: Sneasler\n|\n|-weather|Snowscape|[upkeep]\n|upkeep\n|\n|t:|1788268823\n|switch|p1a: Sylveon|Sylveon, L50, M|100/100\n|turn|6\n|\n|t:|1788268840\n|move|p1a: Sylveon|Detect|p1a: Sylveon\n|-singleturn|p1a: Sylveon|Protect\n|move|p2a: Garchomp|Rock Slide|p1a: Sylveon|[spread] \n|-activate|p1a: Sylveon|move: Protect\n|-miss|p2a: Garchomp|p1b: Froslass\n|move|p1b: Froslass|Blizzard|p2b: Kingambit|[spread] p2a,p2b\n|-supereffective|p2a: Garchomp|2\n|-resisted|p2b: Kingambit|1\n|-damage|p2a: Garchomp|0 fnt\n|-damage|p2b: Kingambit|15/100\n|faint|p2a: Garchomp\n|move|p2b: Kingambit|Iron Head|p1a: Sylveon\n|-activate|p1a: Sylveon|move: Protect\n|\n|-weather|Snowscape|[upkeep]\n|-sideend|p2: dun1to|move: Tailwind\n|upkeep\n|turn|7\n|\n|t:|1788268855\n|move|p1b: Froslass|Blizzard|p2b: Kingambit\n|-resisted|p2b: Kingambit|1\n|-damage|p2b: Kingambit|0 fnt\n|faint|p2b: Kingambit\n|\n|win|Piedi mistici\n|raw|Piedi mistici's rating: 1387 &rarr; <strong>1404</strong><br />(+17 for winning)\n|raw|dun1to's rating: 1338 &rarr; <strong>1321</strong><br />(-17 for losing)\n","uploadtime":1788268859,"views":"3","formatid":"gen9championsvgc2026regmb","rating":1321,"private":0,"password":null}