{"id":"gen9championsvgc2026regmbbo3-2674089466","format":"[Gen 9 Champions] VGC 2026 Reg M-B (Bo3)","players":["DINOLONK","trevyah"],"log":"|j|☆DINOLONK\n|j|☆trevyah\n|html|<table width=\"100%\"><tr><td align=\"left\">DINOLONK</td><td align=\"right\">trevyah</tr><tr><td align=\"left\"><i class=\"fa fa-circle\"></i> <i class=\"fa fa-circle-o\"></i> </td><td align=\"right\"><i class=\"fa fa-circle-o\"></i> <i class=\"fa fa-circle-o\"></i> </tr></table>\n|uhtml|bestof|<h2><strong>Game 2</strong> of <a href=\"/game-bestof3-gen9championsvgc2026regmbbo3-2674088919\">a best-of-3</a></h2>\n|t:|1788297672\n|gametype|doubles\n|player|p1|DINOLONK|parasollady-gen4|1387\n|player|p2|trevyah|trevor|1518\n|gen|9\n|tier|[Gen 9 Champions] VGC 2026 Reg M-B (Bo3)\n|rated|\n|rule|Species Clause: Limit one of each Pokémon\n|rule|Item Clause: Limit 1 of each item\n|clearpoke\n|poke|p1|Dragonite, L50, M|\n|poke|p1|Sneasler, L50, M|\n|poke|p1|Kingambit, L50, F|\n|poke|p1|Basculegion, L50, M|\n|poke|p1|Whimsicott, L50, M|\n|poke|p1|Floette-Eternal, L50, F|\n|poke|p2|Blaziken, L50, F|\n|poke|p2|Venusaur, L50, M|\n|poke|p2|Torkoal, L50, M|\n|poke|p2|Kingambit, L50, M|\n|poke|p2|Farigiraf, L50, M|\n|poke|p2|Primarina, L50, M|\n|teampreview|4\n|showteam|p1|Dragonite||Dragoninite|InnerFocus|DragonPulse,HeatWave,Thunderbolt,Protect|Modest||M|||50|]Sneasler||WhiteHerb|Unburden|DireClaw,CloseCombat,RockSlide,FakeOut|Jolly||M|||50|]Kingambit||ChopleBerry|Defiant|KowtowCleave,SuckerPunch,LowKick,IronHead|Adamant||F|||50|]Basculegion||LifeOrb|Adaptability|WaveCrash,LastRespects,AquaJet,Protect|Adamant||M|||50|]Whimsicott||FocusSash|Prankster|Moonblast,Tailwind,Encore,Protect|Timid||M|||50|]Floette-Eternal||Floettite|FlowerVeil|Moonblast,DazzlingGleam,LightofRuin,Protect|Timid||F|||50|\n|showteam|p2|Blaziken||Blazikenite|SpeedBoost|CloseCombat,FlareBlitz,RockSlide,Detect|Adamant||F|||50|]Venusaur||Venusaurite|Chlorophyll|SludgeBomb,EarthPower,GigaDrain,SleepPowder|Modest||M|||50|]Torkoal||Charcoal|Drought|Eruption,HeatWave,HelpingHand,Protect|Quiet||M|||50|]Kingambit||FocusSash|Defiant|KowtowCleave,IronHead,SuckerPunch,Protect|Adamant||M|||50|]Farigiraf||SitrusBerry|ArmorTail|Psychic,Thunderbolt,TrickRoom,Protect|Bold||M|||50|]Primarina||LifeOrb|LiquidVoice|Moonblast,HyperVoice,AquaJet,Protect|Quiet||M|||50|\n|inactive|Battle timer is ON: inactive players will automatically lose when time's up. (requested by DINOLONK)\n|\n|t:|1788297692\n|teamsize|p1|4\n|teamsize|p2|4\n|start\n|switch|p1a: Dragonite|Dragonite, L50, M|100/100\n|switch|p1b: Sneasler|Sneasler, L50, M|100/100\n|switch|p2a: Blaziken|Blaziken, L50, F|100/100\n|switch|p2b: Farigiraf|Farigiraf, L50, M|100/100\n|turn|1\n|inactive|DINOLONK has 30 seconds left.\n|\n|t:|1788297724\n|detailschange|p1a: Dragonite|Dragonite-Mega, L50, M\n|-mega|p1a: Dragonite|Dragonite|Dragoninite\n|move|p2a: Blaziken|Detect|p2a: Blaziken\n|-singleturn|p2a: Blaziken|Protect\n|move|p1b: Sneasler|Rock Slide|p2b: Farigiraf|[spread] p2b\n|-activate|p2a: Blaziken|move: Protect\n|-damage|p2b: Farigiraf|84/100\n|move|p1a: Dragonite|Heat Wave|p2a: Blaziken|[spread] p2b\n|-activate|p2a: Blaziken|move: Protect\n|-damage|p2b: Farigiraf|57/100\n|cant|p2b: Farigiraf|flinch\n|\n|-ability|p2a: Blaziken|Speed Boost|boost\n|-boost|p2a: Blaziken|spe|1\n|upkeep\n|turn|2\n|\n|t:|1788297743\n|move|p2a: Blaziken|Rock Slide|p1a: Dragonite|[spread] p1a,p1b\n|-supereffective|p1a: Dragonite|1\n|-resisted|p1b: Sneasler|1\n|-damage|p1a: Dragonite|80/100\n|-damage|p1b: Sneasler|85/100\n|move|p1b: Sneasler|Close Combat|p2a: Blaziken\n|-damage|p2a: Blaziken|14/100\n|-unboost|p1b: Sneasler|def|1\n|-unboost|p1b: Sneasler|spd|1\n|-enditem|p1b: Sneasler|White Herb\n|-clearnegativeboost|p1b: Sneasler|[silent]\n|move|p1a: Dragonite|Dragon Pulse|p2a: Blaziken\n|-damage|p2a: Blaziken|0 fnt\n|faint|p2a: Blaziken\n|move|p2b: Farigiraf|Psychic|p1b: Sneasler\n|-supereffective|p1b: Sneasler|2\n|-crit|p1b: Sneasler\n|-damage|p1b: Sneasler|0 fnt\n|faint|p1b: Sneasler\n|\n|upkeep\n|\n|t:|1788297760\n|switch|p1b: Kingambit|Kingambit, L50, F|100/100\n|switch|p2a: Venusaur|Venusaur, L50, M|100/100\n|turn|3\n|\n|t:|1788297774\n|detailschange|p2a: Venusaur|Venusaur-Mega, L50, M\n|-mega|p2a: Venusaur|Venusaur|Venusaurite\n|move|p1a: Dragonite|Protect|p1a: Dragonite\n|-singleturn|p1a: Dragonite|Protect\n|move|p2a: Venusaur|Sleep Powder|p1b: Kingambit\n|-status|p1b: Kingambit|slp|[from] move: Sleep Powder\n|cant|p1b: Kingambit|slp\n|move|p2b: Farigiraf|Trick Room|p2b: Farigiraf\n|-fieldstart|move: Trick Room|[of] p2b: Farigiraf\n|\n|upkeep\n|turn|4\n|\n|t:|1788297787\n|switch|p2b: Torkoal|Torkoal, L50, M|100/100\n|-weather|SunnyDay|[from] ability: Drought|[of] p2b: Torkoal\n|-curestatus|p1b: Kingambit|slp|[msg]\n|move|p1b: Kingambit|Kowtow Cleave|p2b: Torkoal\n|-damage|p2b: Torkoal|66/100\n|move|p2a: Venusaur|Sludge Bomb|p1a: Dragonite\n|-damage|p1a: Dragonite|33/100\n|-status|p1a: Dragonite|psn\n|move|p1a: Dragonite|Heat Wave|p2a: Venusaur|[spread] p2a,p2b\n|-supereffective|p2a: Venusaur|1\n|-resisted|p2b: Torkoal|1\n|-damage|p2a: Venusaur|66/100\n|-damage|p2b: Torkoal|37/100\n|\n|-weather|SunnyDay|[upkeep]\n|-damage|p1a: Dragonite|21/100 psn|[from] psn\n|upkeep\n|turn|5\n|inactive|DINOLONK has 30 seconds left.\n|\n|t:|1788297819\n|move|p1a: Dragonite|Protect|p1a: Dragonite\n|-singleturn|p1a: Dragonite|Protect\n|move|p1b: Kingambit|Sucker Punch|p2b: Torkoal\n|-damage|p2b: Torkoal|10/100\n|move|p2b: Torkoal|Heat Wave|p1a: Dragonite|[spread] p1b\n|-activate|p1a: Dragonite|move: Protect\n|-supereffective|p1b: Kingambit|1\n|-damage|p1b: Kingambit|0 fnt\n|faint|p1b: Kingambit\n|move|p2a: Venusaur|Earth Power|p1a: Dragonite\n|-activate|p1a: Dragonite|move: Protect\n|\n|-weather|SunnyDay|[upkeep]\n|-damage|p1a: Dragonite|9/100 psn|[from] psn\n|upkeep\n|\n|t:|1788297825\n|switch|p1b: Basculegion|Basculegion, L50, M|100/100\n|turn|6\n|\n|t:|1788297834\n|move|p1b: Basculegion|Aqua Jet|p2b: Torkoal\n|-supereffective|p2b: Torkoal|1\n|-damage|p2b: Torkoal|0 fnt\n|faint|p2b: Torkoal\n|-damage|p1b: Basculegion|90/100|[from] item: Life Orb\n|move|p2a: Venusaur|Giga Drain|p1b: Basculegion\n|-supereffective|p1b: Basculegion|1\n|-damage|p1b: Basculegion|0 fnt\n|-heal|p2a: Venusaur|100/100|[from] drain|[of] p1b: Basculegion\n|faint|p1b: Basculegion\n|move|p1a: Dragonite|Heat Wave|p2a: Venusaur|[miss]\n|-miss|p1a: Dragonite|p2a: Venusaur\n|\n|-weather|SunnyDay|[upkeep]\n|-damage|p1a: Dragonite|0 fnt|[from] psn\n|faint|p1a: Dragonite\n|\n|win|trevyah\n","uploadtime":1788297834,"views":"0","formatid":"gen9championsvgc2026regmbbo3","rating":null,"private":0,"password":null}