{"id":"gen9championsvgc2026regmb-2674045044","format":"[Gen 9 Champions] VGC 2026 Reg M-B","players":["ShrimpGun","FourThurteen"],"log":"|j|☆ShrimpGun\n|j|☆FourThurteen\n|t:|1788291995\n|gametype|doubles\n|player|p1|ShrimpGun|fisherman-gen4|1229\n|player|p2|FourThurteen|cress|1132\n|gen|9\n|tier|[Gen 9 Champions] VGC 2026 Reg M-B\n|rated|\n|rule|Species Clause: Limit one of each Pokémon\n|rule|Item Clause: Limit 1 of each item\n|clearpoke\n|poke|p1|Staraptor, L50, F|\n|poke|p1|Farigiraf, L50, F, shiny|\n|poke|p1|Clawitzer, L50, F|\n|poke|p1|Arcanine-Hisui, L50, M|\n|poke|p1|Sylveon, L50, F|\n|poke|p1|Kingambit, L50, F|\n|poke|p2|Glimmora, L50, M|\n|poke|p2|Toxapex, L50, F, shiny|\n|poke|p2|Rotom-Wash, L50|\n|poke|p2|Sinistcha, L50|\n|poke|p2|Overqwil, L50, F|\n|poke|p2|Venusaur, L50, M|\n|teampreview|4\n|inactive|Battle timer is ON: inactive players will automatically lose when time's up. (requested by FourThurteen)\n|\n|t:|1788292014\n|teamsize|p1|4\n|teamsize|p2|4\n|start\n|switch|p1a: Staraptor|Staraptor, L50, F|100/100\n|switch|p1b: Kingambit|Kingambit, L50, F|100/100\n|switch|p2a: Glimmora|Glimmora, L50, M|100/100\n|switch|p2b: Rotom|Rotom-Wash, L50|100/100\n|-ability|p1a: Staraptor|Intimidate|boost\n|-unboost|p2a: Glimmora|atk|1\n|-unboost|p2b: Rotom|atk|1\n|turn|1\n|\n|t:|1788292028\n|detailschange|p1a: Staraptor|Staraptor-Mega, L50, F\n|-mega|p1a: Staraptor|Staraptor|Staraptite\n|move|p2b: Rotom|Electroweb|p1b: Kingambit|[spread] p1a,p1b\n|-supereffective|p1a: Staraptor|1\n|-damage|p1a: Staraptor|55/100\n|-damage|p1b: Kingambit|79/100\n|-boost|p1a: Staraptor|spe|1\n|-unboost|p1b: Kingambit|spe|1\n|-ability|p1b: Kingambit|Defiant|boost\n|-boost|p1b: Kingambit|atk|2\n|move|p1a: Staraptor|Close Combat|p2b: Rotom\n|-damage|p2b: Rotom|30/100\n|-boost|p1a: Staraptor|def|1\n|-boost|p1a: Staraptor|spd|1\n|move|p2a: Glimmora|Mortal Spin|p1b: Kingambit|[spread] p1a\n|-immune|p1b: Kingambit\n|-damage|p1a: Staraptor|52/100\n|-status|p1a: Staraptor|psn\n|move|p1b: Kingambit|Swords Dance|p1b: Kingambit\n|-boost|p1b: Kingambit|atk|2\n|\n|-damage|p1a: Staraptor|40/100 psn|[from] psn\n|upkeep\n|turn|2\n|\n|t:|1788292049\n|switch|p2b: Toxapex|Toxapex, L50, F, shiny|100/100\n|move|p1b: Kingambit|Sucker Punch|p2a: Glimmora\n|-enditem|p2a: Glimmora|Focus Sash\n|-damage|p2a: Glimmora|1/100\n|-activate|p2a: Glimmora|ability: Toxic Debris\n|-sidestart|p1: ShrimpGun|move: Toxic Spikes\n|move|p1a: Staraptor|Close Combat|p2b: Toxapex\n|-resisted|p2b: Toxapex|1\n|-damage|p2b: Toxapex|78/100\n|-boost|p1a: Staraptor|def|1\n|-boost|p1a: Staraptor|spd|1\n|move|p2a: Glimmora|Venoshock|p1a: Staraptor\n|-damage|p1a: Staraptor|4/100 psn\n|\n|-damage|p1a: Staraptor|0 fnt|[from] psn\n|faint|p1a: Staraptor\n|upkeep\n|\n|t:|1788292057\n|switch|p1a: Farigiraf|Farigiraf, L50, F, shiny|100/100\n|-status|p1a: Farigiraf|psn\n|turn|3\n|\n|t:|1788292071\n|move|p2a: Glimmora|Spiky Shield|p2a: Glimmora\n|-singleturn|p2a: Glimmora|move: Protect\n|move|p1b: Kingambit|Sucker Punch||[still]\n|-fail|p1b: Kingambit\n|move|p2b: Toxapex|Infestation|p1b: Kingambit\n|-damage|p1b: Kingambit|75/100\n|-activate|p1b: Kingambit|move: Infestation|[of] p2b: Toxapex\n|move|p1a: Farigiraf|Trick Room|p1a: Farigiraf\n|-fieldstart|move: Trick Room|[of] p1a: Farigiraf\n|\n|-damage|p1a: Farigiraf|87/100 psn|[from] psn\n|-damage|p1b: Kingambit|63/100|[from] move: Infestation|[partiallytrapped]\n|upkeep\n|turn|4\n|inactive|FourThurteen has 30 seconds left.\n|\n|t:|1788292097\n|move|p1b: Kingambit|Kowtow Cleave|p2b: Toxapex\n|-damage|p2b: Toxapex|0 fnt\n|faint|p2b: Toxapex\n|move|p1a: Farigiraf|Thunderbolt|p2a: Glimmora\n|-damage|p2a: Glimmora|0 fnt\n|faint|p2a: Glimmora\n|\n|-damage|p1a: Farigiraf|75/100 psn|[from] psn\n|-end|p1b: Kingambit|Infestation|[partiallytrapped]|[silent]\n|upkeep\n|\n|t:|1788292102\n|switch|p2b: Venusaur|Venusaur, L50, M|100/100\n|switch|p2a: Rotom|Rotom-Wash, L50|30/100\n|turn|5\n|\n|t:|1788292120\n|detailschange|p2b: Venusaur|Venusaur-Mega, L50, M\n|-mega|p2b: Venusaur|Venusaur|Venusaurite\n|move|p1b: Kingambit|Protect|p1b: Kingambit\n|-singleturn|p1b: Kingambit|Protect\n|move|p1a: Farigiraf|Nasty Plot|p1a: Farigiraf\n|-boost|p1a: Farigiraf|spa|2\n|move|p2b: Venusaur|Leech Seed|p1b: Kingambit\n|-activate|p1b: Kingambit|move: Protect\n|move|p2a: Rotom|Trick|p1b: Kingambit\n|-activate|p1b: Kingambit|move: Protect\n|\n|-damage|p1a: Farigiraf|62/100 psn|[from] psn\n|upkeep\n|turn|6\n|\n|t:|1788292137\n|move|p1b: Kingambit|Kowtow Cleave|p2b: Venusaur\n|-damage|p2b: Venusaur|0 fnt\n|faint|p2b: Venusaur\n|move|p1a: Farigiraf|Thunderbolt|p2a: Rotom\n|-damage|p2a: Rotom|0 fnt\n|faint|p2a: Rotom\n|\n|win|ShrimpGun\n|raw|ShrimpGun's rating: 1229 &rarr; <strong>1247</strong><br />(+18 for winning)\n|raw|FourThurteen's rating: 1132 &rarr; <strong>1114</strong><br />(-18 for losing)\n","uploadtime":1788292140,"views":"2","formatid":"gen9championsvgc2026regmb","rating":1114,"private":0,"password":null}