{"id":"gen9championsvgc2026regmbbo3-2673510328","format":"[Gen 9 Champions] VGC 2026 Reg M-B (Bo3)","players":["oliva sigma mode","w0rms4f1ng3rs"],"log":"|j|☆oliva sigma mode\n|j|☆w0rms4f1ng3rs\n|html|<table width=\"100%\"><tr><td align=\"left\">oliva sigma mode</td><td align=\"right\">w0rms4f1ng3rs</tr><tr><td align=\"left\"><i class=\"fa fa-circle-o\"></i> <i class=\"fa fa-circle-o\"></i> </td><td align=\"right\"><i class=\"fa fa-circle-o\"></i> <i class=\"fa fa-circle\"></i> </tr></table>\n|uhtml|bestof|<h2><strong>Game 2</strong> of <a href=\"/game-bestof3-gen9championsvgc2026regmbbo3-2673508227\">a best-of-3</a></h2>\n|t:|1788206560\n|gametype|doubles\n|player|p1|oliva sigma mode|crasherwake|\n|player|p2|w0rms4f1ng3rs|zinzolin|\n|gen|9\n|tier|[Gen 9 Champions] VGC 2026 Reg M-B (Bo3)\n|rule|Species Clause: Limit one of each Pokémon\n|rule|Item Clause: Limit 1 of each item\n|clearpoke\n|poke|p1|Gardevoir, L50, F, shiny|\n|poke|p1|Maushold-Four, L50|\n|poke|p1|Basculegion, L50, M|\n|poke|p1|Talonflame, L50, F|\n|poke|p1|Kingambit, L50, M|\n|poke|p1|Garchomp, L50, M|\n|poke|p2|Charizard, L50, M, shiny|\n|poke|p2|Whimsicott, L50, F|\n|poke|p2|Kingambit, L50, M|\n|poke|p2|Basculegion, L50, M|\n|poke|p2|Garchomp, L50, F|\n|poke|p2|Floette-Eternal, L50, F|\n|teampreview|4\n|showteam|p1|Gardevoir||Gardevoirite|Telepathy|HyperVoice,Psyshock,Protect,TrickRoom|Modest||F|||50|]Maushold-Four||FocusSash|FriendGuard|FollowMe,Protect,SuperFang,Encore|Timid|||||50|]Basculegion||SitrusBerry|Adaptability|AquaJet,WaveCrash,LastRespects,Protect|Adamant||M|||50|]Talonflame|||GaleWings|Tailwind,Acrobatics,WillOWisp,Protect|Jolly||F|||50|]Kingambit||ChopleBerry|Defiant|SuckerPunch,KowtowCleave,IronHead,Protect|Adamant||M|||50|]Garchomp||WhiteHerb|RoughSkin|Earthquake,RockSlide,DragonClaw,Protect|Adamant||M|||50|\n|showteam|p2|Charizard||CharizarditeY|Blaze|HeatWave,WeatherBall,SolarBeam,Protect|Modest||M|||50|]Whimsicott||FocusSash|Prankster|Moonblast,Encore,Tailwind,Protect|Timid||F|||50|]Kingambit||OccaBerry|Defiant|KowtowCleave,SuckerPunch,IronHead,LowKick|Adamant||M|||50|]Basculegion||MysticWater|Adaptability|WaveCrash,LastRespects,AquaJet,Protect|Adamant||M|||50|]Garchomp||LifeOrb|RoughSkin|Earthquake,DragonClaw,RockSlide,Protect|Jolly||F|||50|]Floette-Eternal||Floettite|FlowerVeil|Moonblast,DazzlingGleam,LightofRuin,Protect|Timid||F|||50|\n|c|☆oliva sigma mode|ggs\n|c|☆oliva sigma mode|close one\n|\n|t:|1788206596\n|teamsize|p1|4\n|teamsize|p2|4\n|start\n|switch|p1a: Gardevoir|Gardevoir, L50, F, shiny|100/100\n|switch|p1b: Maushold|Maushold-Four, L50|100/100\n|switch|p2a: Whimsicott|Whimsicott, L50, F|100/100\n|switch|p2b: Garchomp|Garchomp, L50, F|100/100\n|turn|1\n|\n|t:|1788206616\n|switch|p2b: Charizard|Charizard, L50, M, shiny|100/100\n|detailschange|p1a: Gardevoir|Gardevoir-Mega, L50, F, shiny\n|-mega|p1a: Gardevoir|Gardevoir|Gardevoirite\n|move|p2a: Whimsicott|Tailwind|p2a: Whimsicott\n|-sidestart|p2: w0rms4f1ng3rs|move: Tailwind\n|move|p1b: Maushold|Encore|p2a: Whimsicott\n|-start|p2a: Whimsicott|Encore\n|move|p1a: Gardevoir|Trick Room|p1a: Gardevoir\n|-fieldstart|move: Trick Room|[of] p1a: Gardevoir\n|\n|upkeep\n|turn|2\n|\n|t:|1788206635\n|switch|p2a: Kingambit|Kingambit, L50, M|100/100\n|move|p1a: Gardevoir|Psyshock|p2b: Charizard\n|-damage|p2b: Charizard|48/100\n|move|p1b: Maushold|Super Fang|p2b: Charizard\n|-damage|p2b: Charizard|24/100\n|move|p2b: Charizard|Heat Wave|p1b: Maushold|[spread] p1a\n|-miss|p2b: Charizard|p1b: Maushold\n|-damage|p1a: Gardevoir|71/100\n|-status|p1a: Gardevoir|brn\n|\n|-damage|p1a: Gardevoir|65/100 brn|[from] brn\n|upkeep\n|turn|3\n|\n|t:|1788206656\n|switch|p2b: Whimsicott|Whimsicott, L50, F|100/100\n|move|p1a: Gardevoir|Protect|p1a: Gardevoir\n|-singleturn|p1a: Gardevoir|Protect\n|move|p2a: Kingambit|Iron Head|p1a: Gardevoir\n|-activate|p1a: Gardevoir|move: Protect\n|move|p1b: Maushold|Super Fang|p2a: Kingambit|[miss]\n|-miss|p1b: Maushold|p2a: Kingambit\n|\n|-damage|p1a: Gardevoir|60/100 brn|[from] brn\n|upkeep\n|turn|4\n|\n|t:|1788206670\n|move|p1b: Maushold|Follow Me|p1b: Maushold\n|-singleturn|p1b: Maushold|move: Follow Me\n|move|p2b: Whimsicott|Encore|p1b: Maushold\n|-start|p1b: Maushold|Encore\n|move|p1a: Gardevoir|Hyper Voice|p2b: Whimsicott|[spread] p2a,p2b\n|-damage|p2a: Kingambit|46/100\n|-damage|p2b: Whimsicott|12/100\n|move|p2a: Kingambit|Iron Head|p1b: Maushold\n|-damage|p1b: Maushold|33/100\n|\n|-damage|p1a: Gardevoir|54/100 brn|[from] brn\n|-sideend|p2: w0rms4f1ng3rs|move: Tailwind\n|upkeep\n|turn|5\n|\n|t:|1788206719\n|switch|p2a: Charizard|Charizard, L50, M, shiny|24/100\n|move|p2b: Whimsicott|Protect|p2b: Whimsicott\n|-singleturn|p2b: Whimsicott|Protect\n|move|p1b: Maushold|Follow Me|p1b: Maushold\n|-singleturn|p1b: Maushold|move: Follow Me\n|move|p1a: Gardevoir|Hyper Voice|p2a: Charizard|[spread] p2a\n|-activate|p2b: Whimsicott|move: Protect\n|-resisted|p2a: Charizard|1\n|-damage|p2a: Charizard|0 fnt\n|faint|p2a: Charizard\n|\n|-damage|p1a: Gardevoir|48/100 brn|[from] brn\n|-fieldend|move: Trick Room\n|upkeep\n|\n|t:|1788206727\n|switch|p2a: Kingambit|Kingambit, L50, M|46/100\n|turn|6\n|\n|t:|1788206747\n|move|p1b: Maushold|Follow Me|p1b: Maushold\n|-singleturn|p1b: Maushold|move: Follow Me\n|move|p2a: Kingambit|Sucker Punch||[still]\n|-fail|p2a: Kingambit\n|move|p2b: Whimsicott|Moonblast|p1b: Maushold\n|-damage|p1b: Maushold|0 fnt\n|faint|p1b: Maushold\n|move|p1a: Gardevoir|Hyper Voice|p2b: Whimsicott|[spread] p2a,p2b\n|-damage|p2a: Kingambit|0 fnt\n|-damage|p2b: Whimsicott|0 fnt\n|faint|p2a: Kingambit\n|faint|p2b: Whimsicott\n|\n|-damage|p1a: Gardevoir|42/100 brn|[from] brn\n|upkeep\n|inactive|Battle timer is ON: inactive players will automatically lose when time's up. (requested by oliva sigma mode)\n|inactive|w0rms4f1ng3rs has 60 seconds left.\n|\n|t:|1788206833\n|switch|p2b: Garchomp|Garchomp, L50, F|100/100\n|switch|p1b: Basculegion|Basculegion, L50, M|100/100\n|turn|7\n|\n|t:|1788206842\n|move|p2b: Garchomp|Rock Slide|p1a: Gardevoir|[spread] p1a\n|-miss|p2b: Garchomp|p1b: Basculegion\n|-damage|p1a: Gardevoir|9/100 brn\n|-damage|p2b: Garchomp|90/100|[from] item: Life Orb\n|cant|p1a: Gardevoir|flinch\n|move|p1b: Basculegion|Wave Crash|p2b: Garchomp\n|-damage|p2b: Garchomp|12/100\n|-damage|p1b: Basculegion|87/100|[from] ability: Rough Skin|[of] p2b: Garchomp\n|-damage|p1b: Basculegion|65/100|[from] Recoil\n|\n|-damage|p1a: Gardevoir|4/100 brn|[from] brn\n|upkeep\n|turn|8\n|\n|t:|1788206855\n|move|p2b: Garchomp|Protect|p2b: Garchomp\n|-singleturn|p2b: Garchomp|Protect\n|move|p1b: Basculegion|Aqua Jet|p2b: Garchomp\n|-activate|p2b: Garchomp|move: Protect\n|move|p1a: Gardevoir|Hyper Voice|p2b: Garchomp\n|-activate|p2b: Garchomp|move: Protect\n|\n|-damage|p1a: Gardevoir|0 fnt|[from] brn\n|faint|p1a: Gardevoir\n|upkeep\n|\n|t:|1788206857\n|switch|p1a: Garchomp|Garchomp, L50, M|100/100\n|turn|9\n|c|☆oliva sigma mode|ggs\n|\n|t:|1788206867\n|move|p1b: Basculegion|Aqua Jet|p2b: Garchomp\n|-damage|p2b: Garchomp|0 fnt\n|-damage|p1b: Basculegion|53/100|[from] ability: Rough Skin|[of] p2b: Garchomp\n|faint|p2b: Garchomp\n|\n|win|oliva sigma mode\n","uploadtime":1788206867,"views":"1","formatid":"gen9championsvgc2026regmbbo3","rating":null,"private":0,"password":null}