{"id":"gen9championsvgc2026regmb-2674735568","format":"[Gen 9 Champions] VGC 2026 Reg M-B","players":["MoDragonWang","Tysado"],"log":"|j|☆MoDragonWang\n|j|☆Tysado\n|html|<table width=\"100%\"><tr><td align=\"left\">MoDragonWang</td><td align=\"right\">Tysado</tr><tr><td align=\"left\"><i class=\"fa fa-circle-o\"></i> <i class=\"fa fa-circle-o\"></i> </td><td align=\"right\"><i class=\"fa fa-circle-o\"></i> <i class=\"fa fa-circle\"></i> </tr></table>\n|uhtml|bestof|<h2><strong>Game 2</strong> of <a href=\"/game-bestof3-gen9championsvgc2026regmb-2674731807\">a best-of-3</a></h2>\n|t:|1788398055\n|gametype|doubles\n|player|p1|MoDragonWang|gambler|\n|player|p2|Tysado|lusamine-nihilego|\n|gen|9\n|tier|[Gen 9 Champions] VGC 2026 Reg M-B\n|rule|Species Clause: Limit one of each Pokémon\n|rule|Item Clause: Limit 1 of each item\n|raw|<div class=\"infobox\"><details class=\"readmore\" open><summary><strong>1 custom rule:</strong></summary> Best of = 3</details></div>\n|clearpoke\n|poke|p1|Basculegion, L50, M|\n|poke|p1|Politoed, L50, F|\n|poke|p1|Krookodile, L50, F|\n|poke|p1|Meganium, L50, F|\n|poke|p1|Sneasler, L50, M|\n|poke|p1|Chimecho, L50, F|\n|poke|p2|Garchomp, L50, F, shiny|\n|poke|p2|Staraptor, L50, M, shiny|\n|poke|p2|Aegislash, L50, M, shiny|\n|poke|p2|Grimmsnarl, L50, M, shiny|\n|poke|p2|Abomasnow, L50, M, shiny|\n|poke|p2|Mr. Rime, L50, M, shiny|\n|teampreview|4\n|j| juneecity\nTysado rejected open team sheets.\n|j| hanover hydrapple\n|j| l pano l\n|j| PorygonTheBot\n|c| PorygonTheBot|You got this!\n|\n|t:|1788398139\n|teamsize|p1|4\n|teamsize|p2|4\n|start\n|switch|p1a: Poliamory|Politoed, L50, F|100/100\n|switch|p1b: Bas to Mouth|Basculegion, L50, M|100/100\n|switch|p2a: REPTAR|Staraptor, L50, M, shiny|100/100\n|switch|p2b: JOLLY GOOD SHOW|Mr. Rime, L50, M, shiny|100/100\n|-ability|p2a: REPTAR|Intimidate|boost\n|-unboost|p1a: Poliamory|atk|1\n|-unboost|p1b: Bas to Mouth|atk|1\n|-weather|RainDance|[from] ability: Drizzle|[of] p1a: Poliamory\n|turn|1\n|inactive|Battle timer is ON: inactive players will automatically lose when time's up. (requested by MoDragonWang)\n|\n|t:|1788398198\n|move|p2a: REPTAR|Protect|p2a: REPTAR\n|-singleturn|p2a: REPTAR|Protect\n|move|p1b: Bas to Mouth|Wave Crash|p2a: REPTAR\n|-activate|p2a: REPTAR|move: Protect\n|move|p1a: Poliamory|Weather Ball|p2a: REPTAR\n|-activate|p2a: REPTAR|move: Protect\n|move|p2b: JOLLY GOOD SHOW|Trick Room|p2b: JOLLY GOOD SHOW\n|-fieldstart|move: Trick Room|[of] p2b: JOLLY GOOD SHOW\n|\n|-weather|RainDance|[upkeep]\n|upkeep\n|turn|2\n|inactive|Tysado has 30 seconds left.\n|\n|t:|1788398229\n|switch|p1b: Son|Chimecho, L50, F|100/100\n|detailschange|p2a: REPTAR|Staraptor-Mega, L50, M, shiny\n|-mega|p2a: REPTAR|Staraptor|Staraptite\n|move|p2b: JOLLY GOOD SHOW|Charm|p1b: Son\n|-unboost|p1b: Son|atk|2\n|move|p1a: Poliamory|Weather Ball|p2a: REPTAR\n|-damage|p2a: REPTAR|46/100\n|move|p2a: REPTAR|Close Combat|p1a: Poliamory\n|-damage|p1a: Poliamory|46/100\n|-boost|p2a: REPTAR|def|1\n|-boost|p2a: REPTAR|spd|1\n|-enditem|p1a: Poliamory|Sitrus Berry|[eat]\n|-heal|p1a: Poliamory|71/100|[from] item: Sitrus Berry\n|\n|-weather|RainDance|[upkeep]\n|upkeep\n|turn|3\n|inactive|Tysado has 30 seconds left.\n|inactive|Tysado has 20 seconds left.\n|inactive|Tysado has 15 seconds left.\n|\n|t:|1788398272\n|detailschange|p1b: Son|Chimecho-Mega, L50, F\n|-mega|p1b: Son|Chimecho|Chimechite\n|move|p2b: JOLLY GOOD SHOW|Ally Switch|p2b: JOLLY GOOD SHOW\n|swap|p2b: JOLLY GOOD SHOW|0|[from] move: Ally Switch\n|move|p1a: Poliamory|Weather Ball|p2a: JOLLY GOOD SHOW\n|-damage|p2a: JOLLY GOOD SHOW|54/100\n|move|p2b: REPTAR|Close Combat|p1a: Poliamory\n|-damage|p1a: Poliamory|18/100\n|-boost|p2b: REPTAR|def|1\n|-boost|p2b: REPTAR|spd|1\n|move|p1b: Son|Trick Room|p1b: Son\n|-fieldend|move: Trick Room\n|\n|-weather|RainDance|[upkeep]\n|upkeep\n|turn|4\n|inactive|Tysado has 30 seconds left.\n|\n|t:|1788398301\n|switch|p1a: Bas to Mouth|Basculegion, L50, M|100/100\n|move|p2b: REPTAR|Close Combat|p1b: Son\n|-crit|p1b: Son\n|-damage|p1b: Son|33/100\n|-boost|p2b: REPTAR|def|1\n|-boost|p2b: REPTAR|spd|1\n|move|p2a: JOLLY GOOD SHOW|Freeze-Dry|p1a: Bas to Mouth\n|-supereffective|p1a: Bas to Mouth|1\n|-damage|p1a: Bas to Mouth|23/100\n|move|p1b: Son|Boomburst|p2b: REPTAR|[spread] p2a,p2b\n|-immune|p1a: Bas to Mouth\n|-crit|p2b: REPTAR\n|-damage|p2a: JOLLY GOOD SHOW|24/100\n|-damage|p2b: REPTAR|0 fnt\n|faint|p2b: REPTAR\n|\n|-weather|RainDance|[upkeep]\n|upkeep\n|inactive|Tysado has 30 seconds left.\n|\n|t:|1788398330\n|switch|p2b: GRIMMY TURNER|Grimmsnarl, L50, M, shiny|100/100\n|turn|5\n|inactive|Tysado has 30 seconds left.\n|inactive|Tysado has 20 seconds left.\n|\n|t:|1788398366\n|move|p2a: JOLLY GOOD SHOW|Ally Switch|p2a: JOLLY GOOD SHOW\n|swap|p2a: JOLLY GOOD SHOW|1|[from] move: Ally Switch\n|move|p1a: Bas to Mouth|Aqua Jet|p2a: GRIMMY TURNER\n|-damage|p2a: GRIMMY TURNER|64/100\n|-damage|p1a: Bas to Mouth|14/100|[from] item: Life Orb\n|move|p2a: GRIMMY TURNER|Sucker Punch|p1b: Son\n|-supereffective|p1b: Son|1\n|-damage|p1b: Son|0 fnt\n|faint|p1b: Son\n|\n|-weather|none\n|upkeep\n|\n|t:|1788398375\n|switch|p1b: Poliamory|Politoed, L50, F|18/100\n|-weather|RainDance|[from] ability: Drizzle|[of] p1b: Poliamory\n|turn|6\n|\n|t:|1788398396\n|switch|p2a: MR 44|Abomasnow, L50, M, shiny|100/100\n|-weather|Snowscape|[from] ability: Snow Warning|[of] p2a: MR 44\n|move|p1a: Bas to Mouth|Aqua Jet|p2b: JOLLY GOOD SHOW\n|-damage|p2b: JOLLY GOOD SHOW|3/100\n|-damage|p1a: Bas to Mouth|4/100|[from] item: Life Orb\n|move|p1b: Poliamory|Weather Ball|p2b: JOLLY GOOD SHOW\n|-resisted|p2b: JOLLY GOOD SHOW|1\n|-damage|p2b: JOLLY GOOD SHOW|0 fnt\n|faint|p2b: JOLLY GOOD SHOW\n|\n|-weather|Snowscape|[upkeep]\n|upkeep\n|j| mattjaychrist\n|\n|t:|1788398406\n|switch|p2b: GRIMMY TURNER|Grimmsnarl, L50, M, shiny|64/100\n|turn|7\n|inactive|Tysado has 30 seconds left.\n|inactive|Tysado has 20 seconds left.\n|inactive|Tysado has 15 seconds left.\n|inactive|Tysado has 10 seconds left.\n|\n|t:|1788398454\n|move|p1a: Bas to Mouth|Aqua Jet|p2b: GRIMMY TURNER\n|-damage|p2b: GRIMMY TURNER|39/100\n|-damage|p1a: Bas to Mouth|0 fnt|[from] item: Life Orb\n|faint|p1a: Bas to Mouth\n|move|p2b: GRIMMY TURNER|Scary Face|p1b: Poliamory\n|-unboost|p1b: Poliamory|spe|2\n|move|p2a: MR 44|Blizzard|p1b: Poliamory\n|-resisted|p1b: Poliamory|1\n|-damage|p1b: Poliamory|0 fnt\n|faint|p1b: Poliamory\n|\n|-weather|Snowscape|[upkeep]\n|upkeep\n|\n|t:|1788398472\n|switch|p1a: Donttouchthat Dile|Krookodile, L50, F|100/100\n|turn|8\n|\n|t:|1788398482\n|move|p2b: GRIMMY TURNER|Reflect|p2b: GRIMMY TURNER\n|-sidestart|p2: Tysado|Reflect\n|move|p1a: Donttouchthat Dile|Close Combat|p2a: MR 44\n|-supereffective|p2a: MR 44|1\n|-damage|p2a: MR 44|57/100\n|-unboost|p1a: Donttouchthat Dile|def|1\n|-unboost|p1a: Donttouchthat Dile|spd|1\n|move|p2a: MR 44|Blizzard|p1a: Donttouchthat Dile\n|-supereffective|p1a: Donttouchthat Dile|1\n|-crit|p1a: Donttouchthat Dile\n|-damage|p1a: Donttouchthat Dile|0 fnt\n|faint|p1a: Donttouchthat Dile\n|\n|win|Tysado\n","uploadtime":1788398482,"views":"0","formatid":"gen9championsvgc2026regmb","rating":null,"private":0,"password":null}