{"id":"gen9championsvgc2026regmbbo3-2673991442","format":"[Gen 9 Champions] VGC 2026 Reg M-B (Bo3)","players":["DINOLONK","Tendo Pain(Nagato)"],"log":"|j|☆DINOLONK\n|j|☆Tendo Pain(Nagato)\n|html|<table width=\"100%\"><tr><td align=\"left\">DINOLONK</td><td align=\"right\">Tendo Pain(Nagato)</tr><tr><td align=\"left\"><i class=\"fa fa-circle\"></i> <i class=\"fa fa-circle-o\"></i> </td><td align=\"right\"><i class=\"fa fa-circle-o\"></i> <i class=\"fa fa-circle-o\"></i> </tr></table>\n|uhtml|bestof|<h2><strong>Game 2</strong> of <a href=\"/game-bestof3-gen9championsvgc2026regmbbo3-2673989507\">a best-of-3</a></h2>\n|t:|1788285662\n|gametype|doubles\n|player|p1|DINOLONK|parasollady-gen4|1326\n|player|p2|Tendo Pain(Nagato)|bruno|1377\n|gen|9\n|tier|[Gen 9 Champions] VGC 2026 Reg M-B (Bo3)\n|rated|\n|rule|Species Clause: Limit one of each Pokémon\n|rule|Item Clause: Limit 1 of each item\n|clearpoke\n|poke|p1|Dragonite, L50, M|\n|poke|p1|Sneasler, L50, M|\n|poke|p1|Kingambit, L50, F|\n|poke|p1|Basculegion, L50, M|\n|poke|p1|Whimsicott, L50, M|\n|poke|p1|Floette-Eternal, L50, F|\n|poke|p2|Staraptor, L50, M, shiny|\n|poke|p2|Raichu, L50, F, shiny|\n|poke|p2|Farigiraf, L50, M|\n|poke|p2|Whimsicott, L50, M|\n|poke|p2|Kingambit, L50, M, shiny|\n|poke|p2|Sylveon, L50, M, shiny|\n|teampreview|4\n|showteam|p1|Dragonite||Dragoninite|InnerFocus|DragonPulse,HeatWave,Thunderbolt,Protect|Modest||M|||50|]Sneasler||WhiteHerb|Unburden|DireClaw,CloseCombat,RockSlide,FakeOut|Jolly||M|||50|]Kingambit||ChopleBerry|Defiant|KowtowCleave,SuckerPunch,LowKick,IronHead|Adamant||F|||50|]Basculegion||LifeOrb|Adaptability|WaveCrash,LastRespects,AquaJet,Protect|Adamant||M|||50|]Whimsicott||FocusSash|Prankster|Moonblast,Tailwind,Encore,Protect|Timid||M|||50|]Floette-Eternal||Floettite|FlowerVeil|Moonblast,DazzlingGleam,LightofRuin,Protect|Timid||F|||50|\n|showteam|p2|Staraptor||Staraptite|Intimidate|Protect,CloseCombat,BraveBird,Roost|Adamant||M|||50|]Raichu||RaichuniteY|LightningRod|Protect,FakeOut,ZapCannon,FocusBlast|Modest||F|||50|]Farigiraf||SitrusBerry|ArmorTail|Psychic,HelpingHand,Thunderbolt,TrickRoom|Quiet||M|||50|]Whimsicott||FocusSash|Prankster|Protect,Encore,Tailwind,Moonblast|Timid||M|||50|]Kingambit||LifeOrb|Defiant|Protect,SuckerPunch,KowtowCleave,IronHead|Adamant||M|||50|]Sylveon||FairyFeather|Pixilate|Protect,HyperVoice,HyperBeam,QuickAttack|Calm||M|||50|\n|inactive|Battle timer is ON: inactive players will automatically lose when time's up. (requested by DINOLONK)\n|\n|t:|1788285679\n|teamsize|p1|4\n|teamsize|p2|4\n|start\n|switch|p1a: Sneasler|Sneasler, L50, M|100/100\n|switch|p1b: Whimsicott|Whimsicott, L50, M|100/100\n|switch|p2a: Farigiraf|Farigiraf, L50, M|100/100\n|switch|p2b: Sylveon|Sylveon, L50, M, shiny|100/100\n|turn|1\n|\n|t:|1788285704\n|move|p2b: Sylveon|Protect|p2b: Sylveon\n|-singleturn|p2b: Sylveon|Protect\n|move|p1b: Whimsicott|Moonblast|p2a: Farigiraf\n|-damage|p2a: Farigiraf|66/100\n|move|p1a: Sneasler|Close Combat|p2a: Farigiraf\n|-damage|p2a: Farigiraf|17/100\n|-unboost|p1a: Sneasler|def|1\n|-unboost|p1a: Sneasler|spd|1\n|-enditem|p2a: Farigiraf|Sitrus Berry|[eat]\n|-heal|p2a: Farigiraf|42/100|[from] item: Sitrus Berry\n|-enditem|p1a: Sneasler|White Herb\n|-clearnegativeboost|p1a: Sneasler|[silent]\n|move|p2a: Farigiraf|Psychic|p1a: Sneasler\n|-supereffective|p1a: Sneasler|2\n|-damage|p1a: Sneasler|0 fnt\n|faint|p1a: Sneasler\n|\n|upkeep\n|\n|t:|1788285720\n|switch|p1a: Floette|Floette-Eternal, L50, F|100/100\n|turn|2\n|inactive|DINOLONK has 30 seconds left.\n|inactive|Tendo Pain(Nagato) has 30 seconds left.\n|inactive|DINOLONK has 20 seconds left.\n|inactive|DINOLONK has 15 seconds left.\n|inactive|DINOLONK has 10 seconds left.\n|\n|t:|1788285769\n|detailschange|p1a: Floette|Floette-Mega, L50, F\n|-mega|p1a: Floette|Floette|Floettite\n|-ability|p1a: Floette|Fairy Aura\n|move|p2a: Farigiraf|Helping Hand|p2b: Sylveon\n|-singleturn|p2b: Sylveon|Helping Hand|[of] p2a: Farigiraf\n|move|p1a: Floette|Protect|p1a: Floette\n|-singleturn|p1a: Floette|Protect\n|move|p1b: Whimsicott|Moonblast|p2a: Farigiraf\n|-damage|p2a: Farigiraf|0 fnt\n|faint|p2a: Farigiraf\n|move|p2b: Sylveon|Hyper Beam|p1a: Floette\n|-activate|p1a: Floette|move: Protect\n|\n|upkeep\n|\n|t:|1788285777\n|switch|p2a: Whimsicott|Whimsicott, L50, M|100/100\n|turn|3\n|\n|t:|1788285788\n|switch|p1a: Kingambit|Kingambit, L50, F|100/100\n|move|p2a: Whimsicott|Encore|p1a: Kingambit\n|-hint|Since gen 7, Dark is immune to Prankster moves.\n|-immune|p1a: Kingambit\n|move|p1b: Whimsicott|Tailwind|p1b: Whimsicott\n|-sidestart|p1: DINOLONK|move: Tailwind\n|move|p2b: Sylveon|Hyper Voice|p1b: Whimsicott|[spread] p1a,p1b\n|-damage|p1a: Kingambit|64/100\n|-damage|p1b: Whimsicott|37/100\n|\n|upkeep\n|turn|4\n|\n|t:|1788285811\n|move|p2b: Sylveon|Protect|p2b: Sylveon\n|-singleturn|p2b: Sylveon|Protect\n|move|p1b: Whimsicott|Encore||[still]\n|-fail|p1b: Whimsicott\n|move|p2a: Whimsicott|Encore||[still]\n|-fail|p2a: Whimsicott\n|move|p1a: Kingambit|Iron Head|p2b: Sylveon\n|-activate|p2b: Sylveon|move: Protect\n|\n|upkeep\n|turn|5\n|\n|t:|1788285832\n|switch|p2b: Raichu|Raichu, L50, F, shiny|100/100\n|move|p1b: Whimsicott|Encore||[still]\n|-fail|p1b: Whimsicott\n|move|p2a: Whimsicott|Moonblast|p1b: Whimsicott\n|-damage|p1b: Whimsicott|0 fnt\n|faint|p1b: Whimsicott\n|move|p1a: Kingambit|Iron Head|p2b: Raichu\n|-resisted|p2b: Raichu|1\n|-damage|p2b: Raichu|56/100\n|\n|upkeep\n|\n|t:|1788285841\n|switch|p1b: Floette|Floette-Mega, L50, F|100/100\n|-ability|p1b: Floette|Fairy Aura\n|turn|6\n|\n|t:|1788285859\n|detailschange|p2b: Raichu|Raichu-Mega-Y, L50, F, shiny\n|-mega|p2b: Raichu|Raichu|Raichunite Y\n|move|p2b: Raichu|Fake Out|p1b: Floette\n|-damage|p1b: Floette|88/100\n|move|p2a: Whimsicott|Tailwind|p2a: Whimsicott\n|-sidestart|p2: Tendo Pain(Nagato)|move: Tailwind\n|move|p1a: Kingambit|Sucker Punch||[still]\n|-fail|p1a: Kingambit\n|cant|p1b: Floette|flinch\n|\n|-sideend|p1: DINOLONK|move: Tailwind\n|upkeep\n|turn|7\n|\n|t:|1788285870\n|move|p2b: Raichu|Protect|p2b: Raichu\n|-singleturn|p2b: Raichu|Protect\n|move|p1a: Kingambit|Sucker Punch||[still]\n|-fail|p1a: Kingambit\n|move|p2a: Whimsicott|Moonblast|p1a: Kingambit\n|-damage|p1a: Kingambit|17/100\n|move|p1b: Floette|Moonblast|p2a: Whimsicott\n|-enditem|p2a: Whimsicott|Focus Sash\n|-damage|p2a: Whimsicott|1/100\n|\n|upkeep\n|turn|8\n|\n|t:|1788285884\n|move|p1a: Kingambit|Sucker Punch|p2b: Raichu\n|-crit|p2b: Raichu\n|-damage|p2b: Raichu|0 fnt\n|faint|p2b: Raichu\n|move|p2a: Whimsicott|Moonblast|p1a: Kingambit\n|-damage|p1a: Kingambit|0 fnt\n|faint|p1a: Kingambit\n|move|p1b: Floette|Dazzling Gleam|p2a: Whimsicott\n|-crit|p2a: Whimsicott\n|-damage|p2a: Whimsicott|0 fnt\n|faint|p2a: Whimsicott\n|\n|upkeep\n|\n|t:|1788285887\n|switch|p2b: Sylveon|Sylveon, L50, M, shiny|100/100\n|turn|9\n|\n|t:|1788285892\n|move|p1b: Floette|Protect|p1b: Floette\n|-singleturn|p1b: Floette|Protect\n|move|p2b: Sylveon|Hyper Beam|p1b: Floette\n|-activate|p1b: Floette|move: Protect\n|\n|-sideend|p2: Tendo Pain(Nagato)|move: Tailwind\n|upkeep\n|turn|10\n|\n|t:|1788285897\n|move|p1b: Floette|Light of Ruin|p2b: Sylveon\n|-damage|p2b: Sylveon|27/100\n|-damage|p1b: Floette|39/100|[from] Recoil\n|move|p2b: Sylveon|Hyper Beam|p1b: Floette\n|-damage|p1b: Floette|0 fnt\n|-mustrecharge|p2b: Sylveon\n|faint|p1b: Floette\n|\n|win|Tendo Pain(Nagato)\n","uploadtime":1788285897,"views":"0","formatid":"gen9championsvgc2026regmbbo3","rating":null,"private":0,"password":null}