{"id":"gen9championsvgc2026regmb-2675010978","format":"[Gen 9 Champions] VGC 2026 Reg M-B","players":["Daniel Purple","Versus XIII"],"log":"|j|☆Daniel Purple\n|j|☆Versus XIII\n|t:|1788448435\n|gametype|doubles\n|player|p1|Daniel Purple|steven|1073\n|player|p2|Versus XIII|will|1077\n|gen|9\n|tier|[Gen 9 Champions] VGC 2026 Reg M-B\n|rated|\n|rule|Species Clause: Limit one of each Pokémon\n|rule|Item Clause: Limit 1 of each item\n|clearpoke\n|poke|p1|Charizard, L50, M, shiny|\n|poke|p1|Aerodactyl, L50, M, shiny|\n|poke|p1|Gholdengo, L50|\n|poke|p1|Staraptor, L50, M, shiny|\n|poke|p1|Grimmsnarl, L50, M|\n|poke|p1|Annihilape, L50, M, shiny|\n|poke|p2|Gengar, L50, M|\n|poke|p2|Whimsicott, L50, F|\n|poke|p2|Excadrill, L50, M|\n|poke|p2|Tyranitar, L50, F|\n|poke|p2|Tsareena, L50, F|\n|poke|p2|Ninetales-Alola, L50, F|\n|teampreview|4\n|inactive|Battle timer is ON: inactive players will automatically lose when time's up. (requested by Daniel Purple)\n|\n|t:|1788448471\n|teamsize|p1|4\n|teamsize|p2|4\n|start\n|switch|p1a: Charizard|Charizard, L50, M, shiny|100/100\n|switch|p1b: Aerodactyl|Aerodactyl, L50, M, shiny|100/100\n|switch|p2a: Gengar|Gengar, L50, M|100/100\n|switch|p2b: Whimsicott|Whimsicott, L50, F|100/100\n|-ability|p1b: Aerodactyl|Unnerve\n|turn|1\n|inactive|Versus XIII has 30 seconds left.\n|inactive|Versus XIII has 20 seconds left.\n|\n|t:|1788448508\n|detailschange|p2a: Gengar|Gengar-Mega, L50, M\n|-mega|p2a: Gengar|Gengar|Gengarite\n|detailschange|p1a: Charizard|Charizard-Mega-Y, L50, M, shiny\n|-mega|p1a: Charizard|Charizard|Charizardite Y\n|-weather|SunnyDay|[from] ability: Drought|[of] p1a: Charizard\n|move|p2b: Whimsicott|Tailwind|p2b: Whimsicott\n|-sidestart|p2: Versus XIII|move: Tailwind\n|move|p2a: Gengar|Sludge Wave|p1b: Aerodactyl|[spread] p2b,p1a,p1b\n|-supereffective|p2b: Whimsicott|2\n|-resisted|p1b: Aerodactyl|1\n|-damage|p2b: Whimsicott|0 fnt\n|-damage|p1a: Charizard|64/100\n|-damage|p1b: Aerodactyl|68/100\n|-status|p1b: Aerodactyl|psn\n|faint|p2b: Whimsicott\n|move|p1b: Aerodactyl|Dual Wingbeat|p2a: Gengar\n|-damage|p2a: Gengar|70/100\n|-damage|p2a: Gengar|37/100\n|-hitcount|p2a: Gengar|2\n|move|p1a: Charizard|Weather Ball|p2a: Gengar\n|-damage|p2a: Gengar|0 fnt\n|faint|p2a: Gengar\n|\n|-weather|SunnyDay|[upkeep]\n|-damage|p1b: Aerodactyl|56/100 psn|[from] psn\n|upkeep\n|\n|t:|1788448531\n|switch|p2a: Ninetales|Ninetales-Alola, L50, F|100/100\n|switch|p2b: Excadrill|Excadrill, L50, M|100/100\n|-weather|Snowscape|[from] ability: Snow Warning|[of] p2a: Ninetales\n|turn|2\n|\n|t:|1788448553\n|switch|p1a: Annihilape|Annihilape, L50, M, shiny|100/100\n|move|p1b: Aerodactyl|Wide Guard|p1b: Aerodactyl\n|-singleturn|p1b: Aerodactyl|Wide Guard\n|move|p2a: Ninetales|Blizzard|p1b: Aerodactyl|[spread] \n|-activate|p1a: Annihilape|move: Wide Guard\n|-activate|p1b: Aerodactyl|move: Wide Guard\n|move|p2b: Excadrill|Rock Slide|p1b: Aerodactyl|[spread] \n|-activate|p1a: Annihilape|move: Wide Guard\n|-activate|p1b: Aerodactyl|move: Wide Guard\n|\n|-weather|Snowscape|[upkeep]\n|-damage|p1b: Aerodactyl|44/100 psn|[from] psn\n|upkeep\n|turn|3\n|\n|t:|1788448574\n|switch|p1a: Charizard|Charizard-Mega-Y, L50, M, shiny|64/100\n|-weather|SunnyDay|[from] ability: Drought|[of] p1a: Charizard\n|move|p1b: Aerodactyl|Wide Guard|p1b: Aerodactyl\n|-singleturn|p1b: Aerodactyl|Wide Guard\n|move|p2a: Ninetales|Aurora Veil||[still]\n|-fail|p2a: Ninetales\n|move|p2b: Excadrill|Iron Head|p1a: Charizard\n|-resisted|p1a: Charizard|1\n|-damage|p1a: Charizard|33/100\n|\n|-weather|SunnyDay|[upkeep]\n|-damage|p1b: Aerodactyl|32/100 psn|[from] psn\n|upkeep\n|turn|4\n|inactive|Versus XIII has 30 seconds left.\n|\n|t:|1788448605\n|move|p1a: Charizard|Protect|p1a: Charizard\n|-singleturn|p1a: Charizard|Protect\n|move|p2a: Ninetales|Weather Ball|p1b: Aerodactyl\n|-resisted|p1b: Aerodactyl|1\n|-damage|p1b: Aerodactyl|5/100 psn\n|move|p2b: Excadrill|Iron Head|p1a: Charizard\n|-activate|p1a: Charizard|move: Protect\n|move|p1b: Aerodactyl|Rock Slide|p2b: Excadrill|[spread] p2a,p2b\n|-supereffective|p2a: Ninetales|1\n|-resisted|p2b: Excadrill|2\n|-damage|p2a: Ninetales|27/100\n|-damage|p2b: Excadrill|90/100\n|\n|-weather|SunnyDay|[upkeep]\n|-damage|p1b: Aerodactyl|0 fnt|[from] psn\n|faint|p1b: Aerodactyl\n|-sideend|p2: Versus XIII|move: Tailwind\n|upkeep\n|\n|t:|1788448613\n|switch|p1b: Gholdengo|Gholdengo, L50|100/100\n|turn|5\n|\n|t:|1788448636\n|move|p2a: Ninetales|Blizzard|p1b: Gholdengo|[spread] p1b\n|-miss|p2a: Ninetales|p1a: Charizard\n|-resisted|p1b: Gholdengo|1\n|-damage|p1b: Gholdengo|85/100\n|move|p2b: Excadrill|High Horsepower|p1b: Gholdengo\n|-supereffective|p1b: Gholdengo|1\n|-damage|p1b: Gholdengo|0 fnt\n|faint|p1b: Gholdengo\n|move|p1a: Charizard|Heat Wave|p2b: Excadrill|[spread] p2a,p2b\n|-supereffective|p2a: Ninetales|1\n|-supereffective|p2b: Excadrill|1\n|-damage|p2a: Ninetales|0 fnt\n|-damage|p2b: Excadrill|0 fnt\n|faint|p2a: Ninetales\n|faint|p2b: Excadrill\n|\n|win|Daniel Purple\n|raw|Daniel Purple's rating: 1073 &rarr; <strong>1102</strong><br />(+29 for winning)\n|raw|Versus XIII's rating: 1077 &rarr; <strong>1055</strong><br />(-22 for losing)\n|l|☆Versus XIII\n|player|p2|\n","uploadtime":1788448651,"views":"1","formatid":"gen9championsvgc2026regmb","rating":1055,"private":0,"password":null}