{"id":"gen9championsvgc2026regmbbo3-2673597474","format":"[Gen 9 Champions] VGC 2026 Reg M-B (Bo3)","players":["pkmn Hayatoviski","rebeccaribena"],"log":"|j|☆pkmn Hayatoviski\n|j|☆rebeccaribena\n|html|<table width=\"100%\"><tr><td align=\"left\">pkmn Hayatoviski</td><td align=\"right\">rebeccaribena</tr><tr><td align=\"left\"><i class=\"fa fa-circle-o\"></i> <i class=\"fa fa-circle-o\"></i> </td><td align=\"right\"><i class=\"fa fa-circle-o\"></i> <i class=\"fa fa-circle-o\"></i> </tr></table>\n|uhtml|bestof|<h2><strong>Game 1</strong> of <a href=\"/game-bestof3-gen9championsvgc2026regmbbo3-2673597473\">a best-of-3</a></h2>\n|t:|1788218908\n|gametype|doubles\n|player|p1|pkmn Hayatoviski|marlon|1070\n|player|p2|rebeccaribena|whitney|1000\n|gen|9\n|tier|[Gen 9 Champions] VGC 2026 Reg M-B (Bo3)\n|rated|\n|rule|Species Clause: Limit one of each Pokémon\n|rule|Item Clause: Limit 1 of each item\n|clearpoke\n|poke|p1|Sylveon, L50, F|\n|poke|p1|Venusaur, L50, M|\n|poke|p1|Charizard, L50, M|\n|poke|p1|Aerodactyl, L50, M|\n|poke|p1|Garchomp, L50, M|\n|poke|p1|Milotic, L50, F|\n|poke|p2|Floette-Eternal, L50, F|\n|poke|p2|Basculegion, L50, M|\n|poke|p2|Kingambit, L50, M|\n|poke|p2|Dragonite, L50, M|\n|poke|p2|Garchomp, L50, M|\n|poke|p2|Sneasler, L50, M|\n|teampreview|4\n|showteam|p1|Sylveon||FairyFeather|Pixilate|HyperVoice,HyperBeam,Protect,QuickAttack|Modest||F|||50|]Venusaur||MiracleSeed|Chlorophyll|SludgeBomb,GigaDrain,EarthPower,SleepPowder|Modest||M|||50|]Charizard||CharizarditeY|SolarPower|HeatWave,WeatherBall,SolarBeam,Protect|Modest||M|||50|]Aerodactyl||FocusSash|Pressure|DualWingbeat,WideGuard,Tailwind,RockSlide|Jolly||M|||50|]Garchomp||RoseliBerry|RoughSkin|Earthquake,RockSlide,DragonClaw,Protect|Jolly||M|||50|]Milotic||Leftovers|Competitive|IcyWind,Scald,LifeDew,Protect|Bold||F|||50|\n|showteam|p2|Floette-Eternal||Floettite|FlowerVeil|Moonblast,DazzlingGleam,LightofRuin,Protect|Timid||F|||50|]Basculegion||LifeOrb|Adaptability|WaveCrash,LastRespects,AquaJet,Protect|Adamant||M|||50|]Kingambit||ChopleBerry|Defiant|SuckerPunch,KowtowCleave,LowKick,IronHead|Adamant||M|||50|]Dragonite||Dragoninite|Multiscale|DragonPulse,HeatWave,ExtremeSpeed,Protect|Modest||M|||50|]Garchomp||ChoiceScarf|RoughSkin|DragonClaw,StompingTantrum,Earthquake,RockSlide|Adamant||M|||50|]Sneasler||FocusSash|PoisonTouch|CloseCombat,DireClaw,FakeOut,Feint|Jolly||M|||50|\n|c|☆rebeccaribena|Hiii ^^\n|c|☆rebeccaribena|Glhf\n|\n|t:|1788218965\n|teamsize|p1|4\n|teamsize|p2|4\n|start\n|switch|p1a: Tututubarão-nareia|Garchomp, L50, M|100/100\n|switch|p1b: GoatDactyl|Aerodactyl, L50, M|100/100\n|switch|p2a: Dragonite|Dragonite, L50, M|100/100\n|switch|p2b: Sneasler|Sneasler, L50, M|100/100\n|-ability|p1b: GoatDactyl|Pressure\n|turn|1\n|inactive|Battle timer is ON: inactive players will automatically lose when time's up. (requested by rebeccaribena)\n|inactive|rebeccaribena has 60 seconds left.\n|\n|t:|1788219006\n|detailschange|p2a: Dragonite|Dragonite-Mega, L50, M\n|-mega|p2a: Dragonite|Dragonite|Dragoninite\n|move|p1a: Tututubarão-nareia|Protect|p1a: Tututubarão-nareia\n|-singleturn|p1a: Tututubarão-nareia|Protect\n|move|p2b: Sneasler|Fake Out|p1b: GoatDactyl\n|-resisted|p1b: GoatDactyl|1\n|-damage|p1b: GoatDactyl|90/100\n|cant|p1b: GoatDactyl|flinch\n|move|p2a: Dragonite|Dragon Pulse|p1a: Tututubarão-nareia\n|-activate|p1a: Tututubarão-nareia|move: Protect\n|\n|upkeep\n|turn|2\n|\n|t:|1788219029\n|switch|p2a: Kingambit|Kingambit, L50, M|100/100\n|move|p1b: GoatDactyl|Rock Slide|p2a: Kingambit|[spread] p2b\n|-miss|p1b: GoatDactyl|p2a: Kingambit\n|-resisted|p2b: Sneasler|1\n|-damage|p2b: Sneasler|76/100\n|move|p1a: Tututubarão-nareia|Dragon Claw|p2a: Kingambit\n|-resisted|p2a: Kingambit|1\n|-damage|p2a: Kingambit|81/100\n|move|p2b: Sneasler|Close Combat|p1b: GoatDactyl\n|-damage|p1b: GoatDactyl|3/100\n|-unboost|p2b: Sneasler|def|1\n|-unboost|p2b: Sneasler|spd|1\n|\n|upkeep\n|turn|3\n|inactive|rebeccaribena has 30 seconds left.\n|\n|t:|1788219060\n|switch|p2b: Dragonite|Dragonite-Mega, L50, M|100/100\n|move|p2a: Kingambit|Sucker Punch||[still]\n|-fail|p2a: Kingambit\n|move|p1b: GoatDactyl|Tailwind|p1b: GoatDactyl\n|-sidestart|p1: pkmn Hayatoviski|move: Tailwind\n|move|p1a: Tututubarão-nareia|Earthquake|p2b: Dragonite|[spread] p2a\n|-immune|p1b: GoatDactyl\n|-immune|p2b: Dragonite\n|-supereffective|p2a: Kingambit|1\n|-damage|p2a: Kingambit|18/100\n|\n|upkeep\n|turn|4\n|\n|t:|1788219081\n|move|p2a: Kingambit|Sucker Punch|p1b: GoatDactyl\n|-damage|p1b: GoatDactyl|0 fnt\n|faint|p1b: GoatDactyl\n|move|p1a: Tututubarão-nareia|Rock Slide|p2a: Kingambit|[spread] p2b\n|-miss|p1a: Tututubarão-nareia|p2a: Kingambit\n|-supereffective|p2b: Dragonite|1\n|-damage|p2b: Dragonite|81/100\n|cant|p2b: Dragonite|flinch\n|\n|upkeep\n|\n|t:|1788219094\n|switch|p1b: KD minha ração?|Sylveon, L50, F|100/100\n|turn|5\n|\n|t:|1788219103\n|switch|p2a: Sneasler|Sneasler, L50, M|76/100\n|move|p2b: Dragonite|Protect|p2b: Dragonite\n|-singleturn|p2b: Dragonite|Protect\n|move|p1a: Tututubarão-nareia|Dragon Claw|p2b: Dragonite\n|-activate|p2b: Dragonite|move: Protect\n|move|p1b: KD minha ração?|Hyper Voice|p2a: Sneasler|[spread] p2a\n|-activate|p2b: Dragonite|move: Protect\n|-damage|p2a: Sneasler|21/100\n|\n|upkeep\n|turn|6\n|inactive|rebeccaribena has 30 seconds left.\n|\n|t:|1788219128\n|switch|p2b: Kingambit|Kingambit, L50, M|18/100\n|move|p1a: Tututubarão-nareia|Protect|p1a: Tututubarão-nareia\n|-singleturn|p1a: Tututubarão-nareia|Protect\n|move|p1b: KD minha ração?|Protect|p1b: KD minha ração?\n|-singleturn|p1b: KD minha ração?|Protect\n|move|p2a: Sneasler|Fake Out|p1b: KD minha ração?\n|-activate|p1b: KD minha ração?|move: Protect\n|\n|-sideend|p1: pkmn Hayatoviski|move: Tailwind\n|upkeep\n|turn|7\n|inactive|pkmn Hayatoviski has 30 seconds left.\n|inactive|rebeccaribena has 30 seconds left.\n|\n|t:|1788219158\n|switch|p2b: Dragonite|Dragonite-Mega, L50, M|81/100\n|move|p1b: KD minha ração?|Quick Attack|p2a: Sneasler\n|-damage|p2a: Sneasler|0 fnt\n|faint|p2a: Sneasler\n|move|p1a: Tututubarão-nareia|Earthquake|p2b: Dragonite|[spread] p1b\n|-immune|p2b: Dragonite\n|-damage|p1b: KD minha ração?|37/100\n|\n|upkeep\n|\n|t:|1788219171\n|switch|p2a: Kingambit|Kingambit, L50, M|18/100\n|turn|8\n|\n|t:|1788219194\n|move|p2b: Dragonite|Protect|p2b: Dragonite\n|-singleturn|p2b: Dragonite|Protect\n|move|p1a: Tututubarão-nareia|Rock Slide|p2b: Dragonite|[spread] \n|-activate|p2b: Dragonite|move: Protect\n|-miss|p1a: Tututubarão-nareia|p2a: Kingambit\n|move|p1b: KD minha ração?|Hyper Voice|p2a: Kingambit|[spread] p2a\n|-activate|p2b: Dragonite|move: Protect\n|-damage|p2a: Kingambit|0 fnt\n|faint|p2a: Kingambit\n|\n|upkeep\n|\n|t:|1788219203\n|switch|p2a: Basculegion|Basculegion, L50, M|100/100\n|turn|9\n|\n|t:|1788219230\n|move|p1b: KD minha ração?|Protect|p1b: KD minha ração?\n|-singleturn|p1b: KD minha ração?|Protect\n|move|p1a: Tututubarão-nareia|Rock Slide|p2b: Dragonite|[spread] p2a\n|-miss|p1a: Tututubarão-nareia|p2b: Dragonite\n|-damage|p2a: Basculegion|73/100\n|move|p2b: Dragonite|Dragon Pulse|p1a: Tututubarão-nareia\n|-supereffective|p1a: Tututubarão-nareia|1\n|-damage|p1a: Tututubarão-nareia|5/100\n|cant|p2a: Basculegion|flinch\n|\n|upkeep\n|turn|10\n|inactive|pkmn Hayatoviski has 30 seconds left.\n|\n|t:|1788219255\n|move|p2b: Dragonite|Extreme Speed|p1a: Tututubarão-nareia\n|-damage|p1a: Tututubarão-nareia|0 fnt\n|-damage|p2b: Dragonite|69/100|[from] ability: Rough Skin|[of] p1a: Tututubarão-nareia\n|faint|p1a: Tututubarão-nareia\n|move|p2a: Basculegion|Last Respects|p1b: KD minha ração?\n|-damage|p1b: KD minha ração?|0 fnt\n|faint|p1b: KD minha ração?\n|-damage|p2a: Basculegion|64/100|[from] item: Life Orb\n|\n|upkeep\n|\n|t:|1788219268\n|switch|p1b: Juro Veyr💅🏿|Milotic, L50, F|100/100\n|turn|11\n|\n|t:|1788219279\n|move|p2b: Dragonite|Dragon Pulse|p1b: Juro Veyr💅🏿\n|-damage|p1b: Juro Veyr💅🏿|68/100\n|move|p1b: Juro Veyr💅🏿|Icy Wind|p2a: Basculegion|[spread] p2a,p2b\n|-resisted|p2a: Basculegion|1\n|-supereffective|p2b: Dragonite|2\n|-damage|p2a: Basculegion|57/100\n|-damage|p2b: Dragonite|36/100\n|-unboost|p2a: Basculegion|spe|1\n|-unboost|p2b: Dragonite|spe|1\n|move|p2a: Basculegion|Last Respects|p1b: Juro Veyr💅🏿\n|-damage|p1b: Juro Veyr💅🏿|0 fnt\n|faint|p1b: Juro Veyr💅🏿\n|-damage|p2a: Basculegion|48/100|[from] item: Life Orb\n|\n|win|rebeccaribena\n|inactive|pkmn Hayatoviski has 30 seconds to confirm battle start!\n|inactive|rebeccaribena has 30 seconds to confirm battle start!\n|l|☆rebeccaribena\n|player|p2|\n||rebeccaribena is ready for game 2.\n","uploadtime":1788219294,"views":"2","formatid":"gen9championsvgc2026regmbbo3","rating":null,"private":0,"password":null}