{"id":"gen9championsvgc2026regmb-2674403173","format":"[Gen 9 Champions] VGC 2026 Reg M-B","players":["jkjk.exe","777skills"],"log":"|j|☆jkjk.exe\n|j|☆777skills\n|t:|1788355416\n|gametype|doubles\n|player|p1|jkjk.exe|1|1120\n|player|p2|777skills|1|1185\n|gen|9\n|tier|[Gen 9 Champions] VGC 2026 Reg M-B\n|rated|\n|rule|Species Clause: Limit one of each Pokémon\n|rule|Item Clause: Limit 1 of each item\n|clearpoke\n|poke|p1|Meganium, L50, M|\n|poke|p1|Pelipper, L50, M|\n|poke|p1|Aerodactyl, L50, F|\n|poke|p1|Archaludon, L50, F|\n|poke|p1|Swampert, L50, F|\n|poke|p1|Overqwil, L50, F|\n|poke|p2|Gengar, L50, F|\n|poke|p2|Clefable, L50, M|\n|poke|p2|Rotom-Heat, L50|\n|poke|p2|Zoroark-Hisui, L50, F|\n|poke|p2|Lucario, L50, F|\n|poke|p2|Meganium, L50, F|\n|teampreview|4\n|inactive|Battle timer is ON: inactive players will automatically lose when time's up. (requested by 777skills)\n|\n|t:|1788355438\n|teamsize|p1|4\n|teamsize|p2|4\n|start\n|switch|p1a: Pelipper|Pelipper, L50, M|100/100\n|switch|p1b: Overqwil|Overqwil, L50, F|100/100\n|switch|p2a: Rotom|Rotom-Heat, L50|100/100\n|switch|p2b: Lucario|Lucario, L50, F|100/100\n|-weather|RainDance|[from] ability: Drizzle|[of] p1a: Pelipper\n|turn|1\n|inactive|jkjk.exe has 30 seconds left.\n|\n|t:|1788355467\n|move|p1b: Overqwil|Liquidation|p2a: Rotom\n|-supereffective|p2a: Rotom|1\n|-crit|p2a: Rotom\n|-damage|p2a: Rotom|0 fnt\n|faint|p2a: Rotom\n|-damage|p1b: Overqwil|90/100|[from] item: Life Orb\n|move|p2b: Lucario|Close Combat|p1b: Overqwil\n|-damage|p1b: Overqwil|22/100\n|-unboost|p2b: Lucario|def|1\n|-unboost|p2b: Lucario|spd|1\n|move|p1a: Pelipper|Hurricane|p2b: Lucario\n|-damage|p2b: Lucario|14/100\n|\n|-weather|RainDance|[upkeep]\n|upkeep\n|\n|t:|1788355479\n|switch|p2a: Gengar|Gengar, L50, F|100/100\n|turn|2\n|\n|t:|1788355490\n|detailschange|p2a: Gengar|Gengar-Mega, L50, F\n|-mega|p2a: Gengar|Gengar|Gengarite\n|move|p2a: Gengar|Protect|p2a: Gengar\n|-singleturn|p2a: Gengar|Protect\n|move|p1b: Overqwil|Crunch|p2a: Gengar\n|-activate|p2a: Gengar|move: Protect\n|move|p2b: Lucario|Close Combat|p1b: Overqwil\n|-damage|p1b: Overqwil|0 fnt\n|-unboost|p2b: Lucario|def|1\n|-unboost|p2b: Lucario|spd|1\n|faint|p1b: Overqwil\n|move|p1a: Pelipper|Tailwind|p1a: Pelipper\n|-sidestart|p1: jkjk.exe|move: Tailwind\n|\n|-weather|RainDance|[upkeep]\n|upkeep\n|\n|t:|1788355498\n|switch|p1b: Meganium|Meganium, L50, M|100/100\n|turn|3\n|\n|t:|1788355508\n|detailschange|p1b: Meganium|Meganium-Mega, L50, M\n|-mega|p1b: Meganium|Meganium|Meganiumite\n|move|p1b: Meganium|Weather Ball|p2a: Gengar\n|-damage|p2a: Gengar|28/100\n|move|p2a: Gengar|Sludge Bomb|p1b: Meganium\n|-supereffective|p1b: Meganium|2\n|-damage|p1b: Meganium|0 fnt\n|faint|p1b: Meganium\n|move|p1a: Pelipper|Weather Ball|p2a: Gengar\n|-damage|p2a: Gengar|0 fnt\n|faint|p2a: Gengar\n|move|p2b: Lucario|Zen Headbutt|p1a: Pelipper\n|-damage|p1a: Pelipper|80/100\n|\n|-weather|RainDance|[upkeep]\n|upkeep\n|\n|t:|1788355520\n|switch|p2a: Clefable|Clefable, L50, M|100/100\n|switch|p1b: Aerodactyl|Aerodactyl, L50, F|100/100\n|-ability|p1b: Aerodactyl|Unnerve\n|turn|4\n|\n|t:|1788355532\n|move|p2b: Lucario|Protect|p2b: Lucario\n|-singleturn|p2b: Lucario|Protect\n|move|p1b: Aerodactyl|Taunt|p2a: Clefable\n|-start|p2a: Clefable|move: Taunt\n|move|p1a: Pelipper|Hurricane|p2b: Lucario\n|-activate|p2b: Lucario|move: Protect\n|move|p2a: Clefable|Thunderbolt|p1a: Pelipper\n|-supereffective|p1a: Pelipper|2\n|-damage|p1a: Pelipper|0 fnt\n|faint|p1a: Pelipper\n|\n|-weather|RainDance|[upkeep]\n|upkeep\n|turn|5\n|\n|t:|1788355549\n|move|p1b: Aerodactyl|Rock Slide|p2a: Clefable|[spread] p2a\n|-miss|p1b: Aerodactyl|p2b: Lucario\n|-damage|p2a: Clefable|85/100\n|move|p2b: Lucario|Meteor Mash|p1b: Aerodactyl\n|-supereffective|p1b: Aerodactyl|1\n|-damage|p1b: Aerodactyl|0 fnt\n|faint|p1b: Aerodactyl\n|\n|win|777skills\n|raw|jkjk.exe's rating: 1120 &rarr; <strong>1100</strong><br />(-20 for losing)\n|raw|777skills's rating: 1185 &rarr; <strong>1205</strong><br />(+20 for winning)\n|l|☆jkjk.exe\n|player|p1|\n","uploadtime":1788355559,"views":"3","formatid":"gen9championsvgc2026regmb","rating":1100,"private":0,"password":null}