{"id":"gen9championsvgc2026regmbbo3-2674180385","format":"[Gen 9 Champions] VGC 2026 Reg M-B (Bo3)","players":["oapals121","gorillastew"],"log":"|j|☆oapals121\n|j|☆gorillastew\n|html|<table width=\"100%\"><tr><td align=\"left\">oapals121</td><td align=\"right\">gorillastew</tr><tr><td align=\"left\"><i class=\"fa fa-circle\"></i> <i class=\"fa fa-circle-o\"></i> </td><td align=\"right\"><i class=\"fa fa-circle-o\"></i> <i class=\"fa fa-circle\"></i> </tr></table>\n|uhtml|bestof|<h2><strong>Game 3</strong> of <a href=\"/game-bestof3-gen9championsvgc2026regmbbo3-2674177854\">a best-of-3</a></h2>\n|t:|1788311262\n|gametype|doubles\n|player|p1|oapals121|blue|1099\n|player|p2|gorillastew|clerkf|1119\n|gen|9\n|tier|[Gen 9 Champions] VGC 2026 Reg M-B (Bo3)\n|rated|\n|rule|Species Clause: Limit one of each Pokémon\n|rule|Item Clause: Limit 1 of each item\n|clearpoke\n|poke|p1|Staraptor, L50, F|\n|poke|p1|Glimmora, L50, F|\n|poke|p1|Farigiraf, L50, M|\n|poke|p1|Whimsicott, L50, M|\n|poke|p1|Sneasler, L50, F|\n|poke|p1|Camerupt, L50, M|\n|poke|p2|Glimmora, L50, M, shiny|\n|poke|p2|Whimsicott, L50, F|\n|poke|p2|Orthworm, L50, F, shiny|\n|poke|p2|Basculegion, L50, M|\n|poke|p2|Raichu, L50, M|\n|poke|p2|Ninetales-Alola, L50, F|\n|teampreview|4\n|showteam|p1|Staraptor||Staraptite|Intimidate|DualWingbeat,CloseCombat,Roost,Protect|Jolly||F|||50|]Glimmora||Leftovers|ToxicDebris|SludgeBomb,PowerGem,EarthPower,SpikyShield|Modest||F|||50|]Farigiraf||SitrusBerry|ArmorTail|Psychic,TrickRoom,HelpingHand,Protect|Sassy||M|||50|]Whimsicott||FocusSash|Prankster|Moonblast,Tailwind,Charm,FakeTears|Timid||M|||50|]Sneasler||LifeOrb|PoisonTouch|CloseCombat,PoisonJab,RockSlide,FakeOut|Adamant||F|||50|]Camerupt||Cameruptite|SolidRock|Protect,EarthPower,HeatWave,AncientPower|Quiet||M|||50|\n|showteam|p2|Glimmora||Glimmoranite|ToxicDebris|SpikyShield,SludgeBomb,PowerGem,EarthPower|Timid||M|||50|]Whimsicott||FocusSash|Prankster|Tailwind,Moonblast,Encore,Protect|Modest||F|||50|]Orthworm||Leftovers|EarthEater|HeavySlam,Protect,IronDefense,BodyPress|Impish||F|||50|]Basculegion||LifeOrb|Adaptability|LastRespects,WaveCrash,AquaJet,Protect|Jolly||M|||50|]Raichu||RaichuniteY|LightningRod|ZapCannon,Protect,FakeOut,FocusBlast|Modest||M|||50|]Ninetales-Alola||NeverMeltIce|SnowWarning|Blizzard,AuroraVeil,FreezeDry,Protect|Timid||F|||50|\n|\n|t:|1788311294\n|teamsize|p1|4\n|teamsize|p2|4\n|start\n|switch|p1a: Farigiraf|Farigiraf, L50, M|100/100\n|switch|p1b: Sneasler|Sneasler, L50, F|100/100\n|switch|p2a: Glimmora|Glimmora, L50, M, shiny|100/100\n|switch|p2b: Ninetales|Ninetales-Alola, L50, F|100/100\n|-weather|Snowscape|[from] ability: Snow Warning|[of] p2b: Ninetales\n|turn|1\n|\n|t:|1788311316\n|move|p2b: Ninetales|Protect|p2b: Ninetales\n|-singleturn|p2b: Ninetales|Protect\n|move|p1b: Sneasler|Fake Out|p2b: Ninetales\n|-activate|p2b: Ninetales|move: Protect\n|move|p2a: Glimmora|Sludge Bomb|p1a: Farigiraf\n|-damage|p1a: Farigiraf|64/100\n|-status|p1a: Farigiraf|psn\n|move|p1a: Farigiraf|Trick Room|p1a: Farigiraf\n|-fieldstart|move: Trick Room|[of] p1a: Farigiraf\n|\n|-weather|Snowscape|[upkeep]\n|-damage|p1a: Farigiraf|52/100 psn|[from] psn\n|upkeep\n|turn|2\n|\n|t:|1788311343\n|switch|p2b: Basculegion|Basculegion, L50, M|100/100\n|move|p2a: Glimmora|Spiky Shield|p2a: Glimmora\n|-singleturn|p2a: Glimmora|move: Protect\n|move|p1a: Farigiraf|Psychic|p2a: Glimmora\n|-activate|p2a: Glimmora|move: Protect\n|move|p1b: Sneasler|Poison Jab|p2b: Basculegion\n|-resisted|p2b: Basculegion|1\n|-damage|p2b: Basculegion|58/100\n|-damage|p1b: Sneasler|90/100|[from] item: Life Orb\n|\n|-weather|Snowscape|[upkeep]\n|-damage|p1a: Farigiraf|39/100 psn|[from] psn\n|upkeep\n|-enditem|p1a: Farigiraf|Sitrus Berry|[eat]\n|-heal|p1a: Farigiraf|64/100 psn|[from] item: Sitrus Berry\n|turn|3\n|\n|t:|1788311367\n|switch|p2a: Ninetales|Ninetales-Alola, L50, F|100/100\n|move|p1a: Farigiraf|Psychic|p2a: Ninetales\n|-damage|p2a: Ninetales|62/100\n|move|p2b: Basculegion|Wave Crash|p1a: Farigiraf\n|-damage|p1a: Farigiraf|0 fnt\n|faint|p1a: Farigiraf\n|-damage|p2b: Basculegion|34/100|[from] Recoil\n|-damage|p2b: Basculegion|24/100|[from] item: Life Orb\n|move|p1b: Sneasler|Rock Slide|p2b: Basculegion|[spread] p2a,p2b\n|-supereffective|p2a: Ninetales|1\n|-damage|p2a: Ninetales|8/100\n|-damage|p2b: Basculegion|0 fnt\n|faint|p2b: Basculegion\n|-damage|p1b: Sneasler|81/100|[from] item: Life Orb\n|\n|-weather|Snowscape|[upkeep]\n|upkeep\n|\n|t:|1788311385\n|switch|p1a: Camerupt|Camerupt, L50, M|100/100\n|switch|p2b: Whimsicott|Whimsicott, L50, F|100/100\n|turn|4\n|\n|t:|1788311406\n|switch|p1b: Staraptor|Staraptor, L50, F|100/100\n|-ability|p1b: Staraptor|Intimidate|boost\n|-unboost|p2a: Ninetales|atk|1\n|-unboost|p2b: Whimsicott|atk|1\n|switch|p2a: Glimmora|Glimmora, L50, M, shiny|100/100\n|detailschange|p1a: Camerupt|Camerupt-Mega, L50, M\n|-mega|p1a: Camerupt|Camerupt|Cameruptite\n|move|p1a: Camerupt|Heat Wave|p2a: Glimmora|[spread] p2a,p2b\n|-resisted|p2a: Glimmora|1\n|-supereffective|p2b: Whimsicott|1\n|-damage|p2a: Glimmora|63/100\n|-enditem|p2b: Whimsicott|Focus Sash\n|-damage|p2b: Whimsicott|1/100\n|move|p2b: Whimsicott|Moonblast|p1b: Staraptor\n|-damage|p1b: Staraptor|40/100\n|\n|-weather|Snowscape|[upkeep]\n|upkeep\n|turn|5\n|\n|t:|1788311430\n|move|p2a: Glimmora|Spiky Shield|p2a: Glimmora\n|-singleturn|p2a: Glimmora|move: Protect\n|move|p2b: Whimsicott|Tailwind|p2b: Whimsicott\n|-sidestart|p2: gorillastew|move: Tailwind\n|move|p1a: Camerupt|Heat Wave|p2b: Whimsicott|[spread] p2b\n|-activate|p2a: Glimmora|move: Protect\n|-supereffective|p2b: Whimsicott|1\n|-damage|p2b: Whimsicott|0 fnt\n|faint|p2b: Whimsicott\n|move|p1b: Staraptor|Roost|p1b: Staraptor\n|-heal|p1b: Staraptor|91/100\n|-singleturn|p1b: Staraptor|move: Roost\n|\n|-weather|none\n|-fieldend|move: Trick Room\n|upkeep\n|\n|t:|1788311444\n|switch|p2b: Ninetales|Ninetales-Alola, L50, F|8/100\n|-weather|Snowscape|[from] ability: Snow Warning|[of] p2b: Ninetales\n|turn|6\n|\n|t:|1788311454\n|detailschange|p2a: Glimmora|Glimmora-Mega, L50, M, shiny\n|-mega|p2a: Glimmora|Glimmora|Glimmoranite\n|move|p2b: Ninetales|Blizzard|p1a: Camerupt|[spread] p1a,p1b\n|-supereffective|p1b: Staraptor|1\n|-damage|p1a: Camerupt|64/100\n|-damage|p1b: Staraptor|0 fnt\n|faint|p1b: Staraptor\n|move|p2a: Glimmora|Sludge Bomb|p1a: Camerupt\n|-resisted|p1a: Camerupt|1\n|-damage|p1a: Camerupt|31/100\n|-status|p1a: Camerupt|psn\n|move|p1a: Camerupt|Heat Wave|p2a: Glimmora|[spread] p2b\n|-miss|p1a: Camerupt|p2a: Glimmora\n|-supereffective|p2b: Ninetales|1\n|-damage|p2b: Ninetales|0 fnt\n|faint|p2b: Ninetales\n|\n|-weather|Snowscape|[upkeep]\n|-damage|p1a: Camerupt|18/100 psn|[from] psn\n|upkeep\n|\n|t:|1788311460\n|switch|p1b: Sneasler|Sneasler, L50, F|81/100\n|turn|7\n|\n|t:|1788311472\n|move|p2a: Glimmora|Spiky Shield|p2a: Glimmora\n|-singleturn|p2a: Glimmora|move: Protect\n|move|p1b: Sneasler|Fake Out|p2a: Glimmora\n|-activate|p2a: Glimmora|move: Protect\n|-damage|p1b: Sneasler|69/100|[from] Spiky Shield|[of] p2a: Glimmora\n|move|p1a: Camerupt|Earth Power|p2a: Glimmora\n|-activate|p2a: Glimmora|move: Protect\n|\n|-weather|Snowscape|[upkeep]\n|-damage|p1a: Camerupt|6/100 psn|[from] psn\n|upkeep\n|turn|8\n|\n|t:|1788311486\n|move|p2a: Glimmora|Power Gem|p1a: Camerupt\n|-damage|p1a: Camerupt|0 fnt\n|faint|p1a: Camerupt\n|move|p1b: Sneasler|Close Combat|p2a: Glimmora\n|-damage|p2a: Glimmora|0 fnt\n|-unboost|p1b: Sneasler|def|1\n|-unboost|p1b: Sneasler|spd|1\n|faint|p2a: Glimmora\n|-damage|p1b: Sneasler|59/100|[from] item: Life Orb\n|\n|win|oapals121\n|raw|oapals121's rating: 1099 &rarr; <strong>1126</strong><br />(+27 for winning)\n|raw|gorillastew's rating: 1119 &rarr; <strong>1093</strong><br />(-26 for losing)\n|l|☆oapals121\n|player|p1|\n","uploadtime":1788311530,"views":"0","formatid":"gen9championsvgc2026regmbbo3","rating":1093,"private":0,"password":null}