{"id":"gen9championsvgc2026regmb-2674168018","format":"[Gen 9 Champions] VGC 2026 Reg M-B","players":["lupegious","Coach Oran Berry"],"log":"|j|☆lupegious\n|j|‽Coach Oran Berry\n|t:|1788309353\n|gametype|doubles\n|player|p1|lupegious|lusamine-nihilego|\n|player|p2|Coach Oran Berry|2|\n|gen|9\n|tier|[Gen 9 Champions] VGC 2026 Reg M-B\n|rule|Species Clause: Limit one of each Pokémon\n|rule|Item Clause: Limit 1 of each item\n|clearpoke\n|poke|p1|Sableye, L50, F, shiny|\n|poke|p1|Aerodactyl, L50, M|\n|poke|p1|Typhlosion-Hisui, L50, M, shiny|\n|poke|p1|Gliscor, L50, F|\n|poke|p1|Toxapex, L50, F|\n|poke|p1|Zoroark-Hisui, L50, M|\n|poke|p2|Scizor, L50, F|\n|poke|p2|Kleavor, L50, F|\n|poke|p2|Pinsir, L50, M|\n|poke|p2|Vivillon-Fancy, L50, M|\n|poke|p2|Araquanid, L50, M|\n|poke|p2|Beedrill, L50, F|\n|teampreview|4\n|inactive|Battle timer is ON: inactive players will automatically lose when time's up. (requested by lupegious)\n|inactive|lupegious has 60 seconds left.\n|inactive|Coach Oran Berry has 60 seconds left.\n|inactive|Coach Oran Berry has 30 seconds left.\n|inactive|Coach Oran Berry has 20 seconds left.\n|\n|t:|1788309428\n|teamsize|p1|4\n|teamsize|p2|4\n|start\n|switch|p1a: Coach Taylor|Sableye, L50, F, shiny|100/100\n|switch|p1b: Matt Saracen|Typhlosion-Hisui, L50, M, shiny|100/100\n|switch|p2a: Beedrill|Beedrill, L50, F|100/100\n|switch|p2b: Vivillon|Vivillon-Fancy, L50, M|100/100\n|-item|p2a: Beedrill|Beedrillite|[from] ability: Frisk|[of] p1b: Matt Saracen\n|-item|p2b: Vivillon|Choice Scarf|[from] ability: Frisk|[of] p1b: Matt Saracen\n|turn|1\n|inactive|lupegious has 30 seconds left.\n|inactive|Coach Oran Berry has 30 seconds left.\n|inactive|Coach Oran Berry has 20 seconds left.\n|inactive|Coach Oran Berry has 15 seconds left.\n|inactive|Coach Oran Berry has 10 seconds left.\n|\n|t:|1788309477\n|switch|p1b: Gracie Bell|Toxapex, L50, F|100/100\n|move|p2a: Beedrill|Protect|p2a: Beedrill\n|-singleturn|p2a: Beedrill|Protect\n|move|p1a: Coach Taylor|Will-O-Wisp|p2a: Beedrill\n|-activate|p2a: Beedrill|move: Protect\n|move|p2b: Vivillon|Sleep Powder|p1a: Coach Taylor\n|-status|p1a: Coach Taylor|slp|[from] move: Sleep Powder\n|\n|upkeep\n|turn|2\n|inactive|lupegious has 30 seconds left.\n|\n|t:|1788309511\n|detailschange|p2a: Beedrill|Beedrill-Mega, L50, F\n|-mega|p2a: Beedrill|Beedrill|Beedrillite\n|move|p1b: Gracie Bell|Baneful Bunker|p1b: Gracie Bell\n|-singleturn|p1b: Gracie Bell|move: Protect\n|cant|p1a: Coach Taylor|slp\n|move|p2b: Vivillon|Sleep Powder|p1b: Gracie Bell\n|-activate|p1b: Gracie Bell|move: Protect\n|move|p2a: Beedrill|U-turn|p1a: Coach Taylor\n|-damage|p1a: Coach Taylor|38/100 slp\n|\n|t:|1788309525\n|switch|p2a: Scizor|Scizor, L50, F|100/100|[from] U-turn\n|\n|upkeep\n|turn|3\n|\n|t:|1788309548\n|switch|p1b: Matt Saracen|Typhlosion-Hisui, L50, M, shiny|100/100\n|-item|p2a: Scizor|Life Orb|[from] ability: Frisk|[of] p1b: Matt Saracen\n|-item|p2b: Vivillon|Choice Scarf|[from] ability: Frisk|[of] p1b: Matt Saracen\n|cant|p1a: Coach Taylor|slp\n|move|p2b: Vivillon|Sleep Powder|p1b: Matt Saracen\n|-status|p1b: Matt Saracen|slp|[from] move: Sleep Powder\n|move|p2a: Scizor|Bug Bite|p1a: Coach Taylor\n|-damage|p1a: Coach Taylor|0 fnt\n|faint|p1a: Coach Taylor\n|-damage|p2a: Scizor|90/100|[from] item: Life Orb\n|\n|upkeep\n|\n|t:|1788309561\n|switch|p1a: Smash Williams|Aerodactyl, L50, M|100/100\n|-ability|p1a: Smash Williams|Unnerve\n|turn|4\n|inactive|Coach Oran Berry has 30 seconds left.\n|inactive|Coach Oran Berry has 20 seconds left.\n|inactive|Coach Oran Berry has 15 seconds left.\n|inactive|Coach Oran Berry has 10 seconds left.\n|\n|t:|1788309611\n|switch|p1a: Gracie Bell|Toxapex, L50, F|100/100\n|move|p2b: Vivillon|Sleep Powder|p1a: Gracie Bell\n|-status|p1a: Gracie Bell|slp|[from] move: Sleep Powder\n|cant|p1b: Matt Saracen|slp\n|move|p2a: Scizor|Psycho Cut|p1a: Gracie Bell\n|-supereffective|p1a: Gracie Bell|1\n|-damage|p1a: Gracie Bell|56/100 slp\n|-damage|p2a: Scizor|80/100|[from] item: Life Orb\n|\n|upkeep\n|turn|5\n|inactive|Coach Oran Berry has 30 seconds left.\n|inactive|Coach Oran Berry has 20 seconds left.\n|inactive|Coach Oran Berry has 15 seconds left.\n|inactive|Coach Oran Berry has 10 seconds left.\n|inactive|Coach Oran Berry has 5 seconds left.\n|\n|t:|1788309666\n|move|p2a: Scizor|Bullet Punch|p1b: Matt Saracen\n|-resisted|p1b: Matt Saracen|1\n|-damage|p1b: Matt Saracen|69/100 slp\n|-damage|p2a: Scizor|71/100|[from] item: Life Orb\n|move|p2b: Vivillon|Sleep Powder|p1a: Gracie Bell\n|-fail|p1a: Gracie Bell|slp\n|cant|p1b: Matt Saracen|slp\n|cant|p1a: Gracie Bell|slp\n|\n|upkeep\n|turn|6\n|c|☆lupegious|gucci morty\n|\n|t:|1788309688\n|switch|p2b: Pinsir|Pinsir, L50, M|100/100\n|-curestatus|p1b: Matt Saracen|slp|[msg]\n|move|p1b: Matt Saracen|Flamethrower|p2a: Scizor\n|-supereffective|p2a: Scizor|2\n|-damage|p2a: Scizor|0 fnt\n|faint|p2a: Scizor\n|-curestatus|p1a: Gracie Bell|slp|[msg]\n|move|p1a: Gracie Bell|Toxic|p2b: Pinsir\n|-status|p2b: Pinsir|tox\n|\n|-damage|p2b: Pinsir|94/100 tox|[from] psn\n|upkeep\n|\n|t:|1788309700\n|switch|p2a: Beedrill|Beedrill-Mega, L50, F|100/100\n|turn|7\n|inactive|Coach Oran Berry has 30 seconds left.\n|\n|t:|1788309734\n|move|p1b: Matt Saracen|Flamethrower|p2a: Beedrill\n|-supereffective|p2a: Beedrill|1\n|-damage|p2a: Beedrill|0 fnt\n|faint|p2a: Beedrill\n|move|p2b: Pinsir|Body Slam|p1a: Gracie Bell\n|-damage|p1a: Gracie Bell|38/100\n|-enditem|p1a: Gracie Bell|Sitrus Berry|[eat]\n|-heal|p1a: Gracie Bell|63/100|[from] item: Sitrus Berry\n|move|p1a: Gracie Bell|Infestation|p2b: Pinsir\n|-damage|p2b: Pinsir|88/100 tox\n|-activate|p2b: Pinsir|move: Infestation|[of] p1a: Gracie Bell\n|\n|-damage|p2b: Pinsir|77/100 tox|[from] psn\n|-damage|p2b: Pinsir|65/100 tox|[from] move: Infestation|[partiallytrapped]\n|upkeep\n|\n|t:|1788309747\n|switch|p2a: Vivillon|Vivillon-Fancy, L50, M|100/100\n|turn|8\n|inactive|Coach Oran Berry has 30 seconds left.\n|\n|t:|1788309777\n|move|p2a: Vivillon|Tailwind|p2a: Vivillon\n|-sidestart|p2: Coach Oran Berry|move: Tailwind\n|move|p2b: Pinsir|Body Slam|p1a: Gracie Bell\n|-damage|p1a: Gracie Bell|43/100\n|move|p1b: Matt Saracen|Flamethrower|p2a: Vivillon\n|-supereffective|p2a: Vivillon|1\n|-damage|p2a: Vivillon|0 fnt\n|faint|p2a: Vivillon\n|move|p1a: Gracie Bell|Toxic|p2b: Pinsir\n|-fail|p2b: Pinsir|tox\n|\n|-damage|p2b: Pinsir|48/100 tox|[from] psn\n|-damage|p2b: Pinsir|36/100 tox|[from] move: Infestation|[partiallytrapped]\n|upkeep\n|turn|9\n|\n|t:|1788309796\n|move|p2b: Pinsir|Body Slam|p1a: Gracie Bell\n|-damage|p1a: Gracie Bell|26/100\n|move|p1b: Matt Saracen|Flamethrower|p2b: Pinsir\n|-supereffective|p2b: Pinsir|1\n|-damage|p2b: Pinsir|0 fnt\n|faint|p2b: Pinsir\n|\n|win|lupegious\n","uploadtime":1788309804,"views":"19","formatid":"gen9championsvgc2026regmb","rating":null,"private":0,"password":null}