{"id":"gen9championsvgc2026regmbbo3-2674949662","format":"[Gen 9 Champions] VGC 2026 Reg M-B (Bo3)","players":["cyterics","Caterpiiiiiiiiiii"],"log":"|j|☆cyterics\n|j|☆Caterpiiiiiiiiiii\n|html|<table width=\"100%\"><tr><td align=\"left\">cyterics</td><td align=\"right\">Caterpiiiiiiiiiii</tr><tr><td align=\"left\"><i class=\"fa fa-circle\"></i> <i class=\"fa fa-circle-o\"></i> </td><td align=\"right\"><i class=\"fa fa-circle-o\"></i> <i class=\"fa fa-circle-o\"></i> </tr></table>\n|uhtml|bestof|<h2><strong>Game 2</strong> of <a href=\"/game-bestof3-gen9championsvgc2026regmbbo3-2674948260\">a best-of-3</a></h2>\n|t:|1788440736\n|gametype|doubles\n|player|p1|cyterics|ethan|\n|player|p2|Caterpiiiiiiiiiii|bugcatcher-gen4dp|\n|gen|9\n|tier|[Gen 9 Champions] VGC 2026 Reg M-B (Bo3)\n|rule|Species Clause: Limit one of each Pokémon\n|rule|Item Clause: Limit 1 of each item\n|clearpoke\n|poke|p1|Dragonite, L50, M|\n|poke|p1|Sneasler, L50, F|\n|poke|p1|Basculegion, L50, M|\n|poke|p1|Kingambit, L50, M|\n|poke|p1|Garchomp, L50, M|\n|poke|p1|Floette-Eternal, L50, F|\n|poke|p2|Drampa, L50, M|\n|poke|p2|Farigiraf, L50, F|\n|poke|p2|Sinistcha-Masterpiece, L50|\n|poke|p2|Crabominable, L50, F|\n|poke|p2|Sylveon, L50, M|\n|poke|p2|Kangaskhan, L50, F|\n|teampreview|4\n|showteam|p1|Dragonite||Dragoninite|Multiscale|DragonPulse,HeatWave,ExtremeSpeed,Protect|Modest||M|||50|]Sneasler||FocusSash|PoisonTouch|CloseCombat,DireClaw,FakeOut,Feint|Jolly||F|||50|]Basculegion||LifeOrb|Adaptability|WaveCrash,LastRespects,AquaJet,Protect|Adamant||M|||50|]Kingambit||ChopleBerry|Defiant|SuckerPunch,KowtowCleave,LowKick,IronHead|Adamant||M|||50|]Garchomp||ChoiceScarf|RoughSkin|DragonClaw,StompingTantrum,Earthquake,RockSlide|Adamant||M|||50|]Floette-Eternal||Floettite|FlowerVeil|Moonblast,DazzlingGleam,LightofRuin,Protect|Timid||F|||50|\n|showteam|p2|Drampa||Drampanite|CloudNine|HyperVoice,DragonPulse,HeatWave,EarthPower|Quiet||M|||50|]Farigiraf||SitrusBerry|ArmorTail|TrickRoom,Psychic,HelpingHand,Thunderbolt|Quiet||F|||50|]Sinistcha-Masterpiece||OccaBerry|Hospitality|RagePowder,MatchaGotcha,StrengthSap,TrickRoom|Relaxed|||||50|]Crabominable||Crabominite|IronFist|IceHammer,DrainPunch,MachPunch,ThunderPunch|Brave||F|||50|]Sylveon||FairyFeather|Pixilate|HyperVoice,HyperBeam,QuickAttack,Protect|Quiet||M|||50|]Kangaskhan||LifeOrb|Scrappy|FakeOut,LastResort|Brave||F|||50|\n|c|☆Caterpiiiiiiiiiii|god this is rough\n|\n|t:|1788440779\n|teamsize|p1|4\n|teamsize|p2|4\n|start\n|switch|p1a: Kingambit|Kingambit, L50, M|100/100\n|switch|p1b: Floette|Floette-Eternal, L50, F|100/100\n|switch|p2a: STEAMPOWERED|Farigiraf, L50, F|100/100\n|switch|p2b: Weed|Sinistcha-Masterpiece, L50|100/100\n|turn|1\n|\n|t:|1788440802\n|switch|p2a: Sakurai|Crabominable, L50, F|100/100\n|move|p1b: Floette|Dazzling Gleam|p2a: Sakurai|[spread] p2a,p2b\n|-supereffective|p2a: Sakurai|1\n|-damage|p2a: Sakurai|31/100\n|-damage|p2b: Weed|63/100\n|move|p1a: Kingambit|Kowtow Cleave|p2a: Sakurai\n|-resisted|p2a: Sakurai|1\n|-damage|p2a: Sakurai|9/100\n|move|p2b: Weed|Trick Room|p2b: Weed\n|-fieldstart|move: Trick Room|[of] p2b: Weed\n|\n|upkeep\n|turn|2\n|\n|t:|1788440821\n|detailschange|p2a: Sakurai|Crabominable-Mega, L50, F\n|-mega|p2a: Sakurai|Crabominable|Crabominite\n|detailschange|p1b: Floette|Floette-Mega, L50, F\n|-mega|p1b: Floette|Floette|Floettite\n|-ability|p1b: Floette|Fairy Aura\n|move|p2b: Weed|Rage Powder|p2b: Weed\n|-singleturn|p2b: Weed|move: Rage Powder\n|move|p1a: Kingambit|Sucker Punch||[still]\n|-fail|p1a: Kingambit\n|move|p2a: Sakurai|Drain Punch|p1a: Kingambit\n|-supereffective|p1a: Kingambit|2\n|-enditem|p1a: Kingambit|Chople Berry|[eat]\n|-enditem|p1a: Kingambit|Chople Berry|[weaken]\n|-damage|p1a: Kingambit|7/100\n|-heal|p2a: Sakurai|56/100|[from] drain|[of] p1a: Kingambit\n|move|p1b: Floette|Dazzling Gleam|p2a: Sakurai|[spread] p2a,p2b\n|-supereffective|p2a: Sakurai|1\n|-damage|p2a: Sakurai|0 fnt\n|-damage|p2b: Weed|13/100\n|faint|p2a: Sakurai\n|\n|upkeep\n|\n|t:|1788440841\n|switch|p2a: Babbi|Kangaskhan, L50, F|100/100\n|turn|3\n|\n|t:|1788440865\n|switch|p1a: Sneasler|Sneasler, L50, F|100/100\n|move|p1b: Floette|Protect|p1b: Floette\n|-singleturn|p1b: Floette|Protect\n|move|p2a: Babbi|Fake Out|p1b: Floette\n|-activate|p1b: Floette|move: Protect\n|move|p2b: Weed|Matcha Gotcha|p1b: Floette|[spread] p1a\n|-activate|p1b: Floette|move: Protect\n|-resisted|p1a: Sneasler|1\n|-damage|p1a: Sneasler|84/100\n|-heal|p2b: Weed|20/100y|[from] drain|[of] p1a: Sneasler\n|\n|upkeep\n|turn|4\n|\n|t:|1788440887\n|move|p1a: Sneasler|Fake Out|p2a: Babbi\n|-damage|p2a: Babbi|84/100\n|-status|p2a: Babbi|psn|[from] ability: Poison Touch|[of] p1a: Sneasler\n|move|p2b: Weed|Rage Powder|p2b: Weed\n|-singleturn|p2b: Weed|move: Rage Powder\n|cant|p2a: Babbi|flinch\n|move|p1b: Floette|Dazzling Gleam|p2b: Weed|[spread] p2a,p2b\n|-damage|p2a: Babbi|37/100 psn\n|-damage|p2b: Weed|0 fnt\n|faint|p2b: Weed\n|\n|-damage|p2a: Babbi|25/100 psn|[from] psn\n|upkeep\n|\n|t:|1788440890\n|switch|p2b: STEAMPOWERED|Farigiraf, L50, F|100/100\n|turn|5\n|\n|t:|1788440913\n|switch|p1a: Kingambit|Kingambit, L50, M|7/100\n|move|p1b: Floette|Protect|p1b: Floette\n|-singleturn|p1b: Floette|Protect\n|move|p2b: STEAMPOWERED|Psychic|p1a: Kingambit\n|-immune|p1a: Kingambit\n|move|p2a: Babbi|Last Resort|p1b: Floette\n|-activate|p1b: Floette|move: Protect\n|\n|-damage|p2a: Babbi|12/100 psn|[from] psn\n|-fieldend|move: Trick Room\n|upkeep\n|turn|6\n|c|☆Caterpiiiiiiiiiii|gg\n|\n|t:|1788440937\n|move|p2b: STEAMPOWERED|Helping Hand|p2a: Babbi\n|-singleturn|p2a: Babbi|Helping Hand|[of] p2b: STEAMPOWERED\n|move|p1a: Kingambit|Sucker Punch||[still]\n|cant|p2b: STEAMPOWERED|ability: Armor Tail|Sucker Punch|[of] p1a: Kingambit\n|move|p1b: Floette|Light of Ruin|p2b: STEAMPOWERED\n|-damage|p2b: STEAMPOWERED|0 fnt\n|faint|p2b: STEAMPOWERED\n|-damage|p1b: Floette|30/100|[from] Recoil\n|move|p2a: Babbi|Last Resort|p1b: Floette\n|-damage|p1b: Floette|0 fnt\n|faint|p1b: Floette\n|-damage|p2a: Babbi|2/100 psn|[from] item: Life Orb\n|\n|-damage|p2a: Babbi|0 fnt|[from] psn\n|faint|p2a: Babbi\n|\n|win|cyterics\n|c|☆Caterpiiiiiiiiiii|i took\n|c|☆Caterpiiiiiiiiiii|one pokemon down\n|c|☆cyterics|gg\n|c|☆Caterpiiiiiiiiiii|i wanna die\n|l|☆Caterpiiiiiiiiiii\n|player|p2|\n|c|☆cyterics|stop this\n","uploadtime":1788440958,"views":"6","formatid":"gen9championsvgc2026regmbbo3","rating":null,"private":0,"password":null}