{"id":"gen9championsvgc2026regmb-2674567527","format":"[Gen 9 Champions] VGC 2026 Reg M-B","players":["Cheribat","LiteralA"],"log":"|j|☆Cheribat\n|j|☆LiteralA\n|t:|1788374833\n|gametype|doubles\n|player|p1|Cheribat|waitress-gen4|1372\n|player|p2|LiteralA|depotagent|1453\n|gen|9\n|tier|[Gen 9 Champions] VGC 2026 Reg M-B\n|rated|\n|rule|Species Clause: Limit one of each Pokémon\n|rule|Item Clause: Limit 1 of each item\n|clearpoke\n|poke|p1|Hydreigon, L50, F|\n|poke|p1|Volcarona, L50, F|\n|poke|p1|Zoroark-Hisui, L50, M|\n|poke|p1|Sneasler, L50, F|\n|poke|p1|Milotic, L50, M|\n|poke|p1|Metagross, L50|\n|poke|p2|Raichu, L50, F|\n|poke|p2|Blastoise, L50, F|\n|poke|p2|Sinistcha, L50|\n|poke|p2|Pelipper, L50, M|\n|poke|p2|Hydreigon, L50, F|\n|poke|p2|Arcanine-Hisui, L50, M|\n|teampreview|4\n|inactive|Battle timer is ON: inactive players will automatically lose when time's up. (requested by LiteralA)\n|inactive|Cheribat has 60 seconds left.\n|inactive|LiteralA has 60 seconds left.\n|inactive|LiteralA has 30 seconds left.\n|inactive|Cheribat has 30 seconds left.\n|inactive|LiteralA has 20 seconds left.\n|inactive|LiteralA has 15 seconds left.\n|\n|t:|1788374911\n|teamsize|p1|4\n|teamsize|p2|4\n|start\n|switch|p1a: Hydreigon|Hydreigon, L50, F|100/100\n|switch|p1b: Sneasler|Sneasler, L50, F|100/100\n|switch|p2a: Hydreigon|Hydreigon, L50, F|100/100\n|switch|p2b: Raichu|Raichu, L50, F|100/100\n|turn|1\n|\n|t:|1788374929\n|detailschange|p2b: Raichu|Raichu-Mega-Y, L50, F\n|-mega|p2b: Raichu|Raichu|Raichunite Y\n|move|p2b: Raichu|Fake Out|p1b: Sneasler\n|-damage|p1b: Sneasler|85/100\n|cant|p1b: Sneasler|flinch\n|move|p2a: Hydreigon|Draco Meteor|p1a: Hydreigon\n|-crit|p1a: Hydreigon\n|-enditem|p1a: Hydreigon|Focus Sash\n|-damage|p1a: Hydreigon|1/100\n|-unboost|p2a: Hydreigon|spa|2\n|replace|p1a: Zoroark|Zoroark-Hisui, L50, M\n|-end|p1a: Zoroark|Illusion\n|move|p1a: Zoroark|Icy Wind|p2a: Hydreigon|[spread] p2a,p2b\n|-supereffective|p2a: Hydreigon|1\n|-damage|p2a: Hydreigon|66/100\n|-damage|p2b: Raichu|80/100\n|-unboost|p2a: Hydreigon|spe|1\n|-unboost|p2b: Raichu|spe|1\n|\n|upkeep\n|turn|2\n|inactive|Cheribat has 30 seconds left.\n|inactive|LiteralA has 30 seconds left.\n|inactive|LiteralA has 20 seconds left.\n|\n|t:|1788374965\n|switch|p2a: Sinistcha|Sinistcha, L50|100/100\n|move|p2b: Raichu|Protect|p2b: Raichu\n|-singleturn|p2b: Raichu|Protect\n|move|p1a: Zoroark|Icy Wind|p2b: Raichu|[spread] p2a\n|-activate|p2b: Raichu|move: Protect\n|-supereffective|p2a: Sinistcha|1\n|-damage|p2a: Sinistcha|58/100\n|-unboost|p2a: Sinistcha|spe|1\n|move|p1b: Sneasler|Close Combat|p2a: Sinistcha\n|-immune|p2a: Sinistcha\n|\n|upkeep\n|turn|3\n|inactive|Cheribat has 30 seconds left.\n|\n|t:|1788374990\n|switch|p2b: Pelipper|Pelipper, L50, M|100/100\n|-weather|RainDance|[from] ability: Drizzle|[of] p2b: Pelipper\n|move|p1a: Zoroark|Icy Wind|p2b: Pelipper|[spread] p2a,p2b\n|-supereffective|p2a: Sinistcha|1\n|-damage|p2a: Sinistcha|14/100\n|-damage|p2b: Pelipper|79/100\n|-unboost|p2a: Sinistcha|spe|1\n|-unboost|p2b: Pelipper|spe|1\n|move|p1b: Sneasler|Dire Claw|p2b: Pelipper\n|-damage|p2b: Pelipper|34/100\n|-enditem|p2b: Pelipper|Sitrus Berry|[eat]\n|-heal|p2b: Pelipper|58/100|[from] item: Sitrus Berry\n|move|p2a: Sinistcha|Matcha Gotcha|p1a: Zoroark|[spread] p1a,p1b\n|-resisted|p1b: Sneasler|1\n|-damage|p1a: Zoroark|0 fnt\n|-heal|p2a: Sinistcha|15/100|[from] drain|[of] p1a: Zoroark\n|-damage|p1b: Sneasler|61/100\n|-heal|p2a: Sinistcha|28/100|[from] drain|[of] p1b: Sneasler\n|faint|p1a: Zoroark\n|-damage|p2a: Sinistcha|18/100|[from] item: Life Orb\n|\n|-weather|RainDance|[upkeep]\n|upkeep\n|inactive|Cheribat has 30 seconds left.\n|\n|t:|1788375018\n|switch|p1a: Hydreigon|Hydreigon, L50, F|100/100\n|turn|4\n|\n|t:|1788375037\n|move|p1a: Hydreigon|Draco Meteor|p2b: Pelipper|[miss]\n|-miss|p1a: Hydreigon|p2b: Pelipper\n|move|p1b: Sneasler|Dire Claw|p2a: Sinistcha\n|-damage|p2a: Sinistcha|0 fnt\n|faint|p2a: Sinistcha\n|move|p2b: Pelipper|Tailwind|p2b: Pelipper\n|-sidestart|p2: LiteralA|move: Tailwind\n|\n|-weather|RainDance|[upkeep]\n|upkeep\n|\n|t:|1788375048\n|switch|p2a: Hydreigon|Hydreigon, L50, F|66/100\n|turn|5\n|\n|t:|1788375060\n|move|p2a: Hydreigon|Draco Meteor|p1a: Hydreigon|[miss]\n|-miss|p2a: Hydreigon|p1a: Hydreigon\n|move|p1a: Hydreigon|Draco Meteor|p2b: Pelipper\n|-damage|p2b: Pelipper|0 fnt\n|-unboost|p1a: Hydreigon|spa|2\n|faint|p2b: Pelipper\n|move|p1b: Sneasler|Close Combat|p2a: Hydreigon\n|-supereffective|p2a: Hydreigon|1\n|-damage|p2a: Hydreigon|0 fnt\n|-unboost|p1b: Sneasler|def|1\n|-unboost|p1b: Sneasler|spd|1\n|faint|p2a: Hydreigon\n|-enditem|p1b: Sneasler|White Herb\n|-clearnegativeboost|p1b: Sneasler|[silent]\n|\n|-weather|RainDance|[upkeep]\n|upkeep\n|-message|LiteralA forfeited.\n|\n|win|Cheribat\n|raw|Cheribat's rating: 1372 &rarr; <strong>1397</strong><br />(+25 for winning)\n|raw|LiteralA's rating: 1453 &rarr; <strong>1428</strong><br />(-25 for losing)\n|l|☆LiteralA\n|player|p2|\n","uploadtime":1788375077,"views":"3","formatid":"gen9championsvgc2026regmb","rating":1397,"private":0,"password":null}