{"id":"gen9championsvgc2026regmb-2674774355","format":"[Gen 9 Champions] VGC 2026 Reg M-B","players":["sunnydaysagain","Dakmaul"],"log":"|j|☆sunnydaysagain\n|j|☆Dakmaul\n|html|<table width=\"100%\"><tr><td align=\"left\">sunnydaysagain</td><td align=\"right\">Dakmaul</tr><tr><td align=\"left\"><i class=\"fa fa-circle\"></i> <i class=\"fa fa-circle-o\"></i> </td><td align=\"right\"><i class=\"fa fa-circle-o\"></i> <i class=\"fa fa-circle\"></i> </tr></table>\n|uhtml|bestof|<h2><strong>Game 3</strong> of <a href=\"/game-bestof3-gen9championsvgc2026regmb-2674770524\">a best-of-3</a></h2>\n|t:|1788404227\n|gametype|doubles\n|player|p1|sunnydaysagain|1|\n|player|p2|Dakmaul|guzma|\n|gen|9\n|tier|[Gen 9 Champions] VGC 2026 Reg M-B\n|rule|Species Clause: Limit one of each Pokémon\n|rule|Item Clause: Limit 1 of each item\n|raw|<div class=\"infobox\"><details class=\"readmore\" open><summary><strong>1 custom rule:</strong></summary> Best of = 3</details></div>\n|clearpoke\n|poke|p1|Kangaskhan, L50, F|\n|poke|p1|Tyranitar, L50, M|\n|poke|p1|Mamoswine, L50, M|\n|poke|p1|Skeledirge, L50, M|\n|poke|p1|Slowbro-Galar, L50, M|\n|poke|p1|Dragonite, L50, F|\n|poke|p2|Sandaconda, L50, M, shiny|\n|poke|p2|Goodra-Hisui, L50, M|\n|poke|p2|Aggron, L50, M|\n|poke|p2|Whimsicott, L50, F, shiny|\n|poke|p2|Vanilluxe, L50, M, shiny|\n|poke|p2|Araquanid, L50, F|\n|teampreview|4\nsunnydaysagain rejected open team sheets.\n|j| seniledogs\n|j| kanklez\n|\n|t:|1788404251\n|teamsize|p1|4\n|teamsize|p2|4\n|start\n|switch|p1a: Tyranitar|Tyranitar, L50, M|100/100\n|switch|p1b: Mamoswine|Mamoswine, L50, M|100/100\n|switch|p2a: Jake the Snake|Sandaconda, L50, M, shiny|100/100\n|switch|p2b: The Big Show|Goodra-Hisui, L50, M|100/100\n|-weather|Sandstorm|[from] ability: Sand Stream|[of] p1a: Tyranitar\n|turn|1\n|j| Dick Mickens\n|j| Dingdongpokemon\n|\n|t:|1788404277\n|move|p1b: Mamoswine|Ice Shard|p2a: Jake the Snake\n|-supereffective|p2a: Jake the Snake|1\n|-damage|p2a: Jake the Snake|53/100\n|-damage|p1b: Mamoswine|90/100|[from] item: Life Orb\n|move|p2a: Jake the Snake|Iron Defense|p2a: Jake the Snake\n|-boost|p2a: Jake the Snake|def|2\n|move|p1a: Tyranitar|Knock Off|p2a: Jake the Snake|[miss]\n|-miss|p1a: Tyranitar|p2a: Jake the Snake\n|move|p2b: The Big Show|Flash Cannon|p1b: Mamoswine\n|-supereffective|p1b: Mamoswine|1\n|-damage|p1b: Mamoswine|0 fnt\n|faint|p1b: Mamoswine\n|\n|-weather|Sandstorm|[upkeep]\n|upkeep\n|j| fishyfishfish\n|\n|t:|1788404290\n|switch|p1b: Kangaskhan|Kangaskhan, L50, F|100/100\n|turn|2\n|\n|t:|1788404307\n|detailschange|p1b: Kangaskhan|Kangaskhan-Mega, L50, F\n|-mega|p1b: Kangaskhan|Kangaskhan|Kangaskhanite\n|move|p1b: Kangaskhan|Fake Out|p2b: The Big Show\n|-resisted|p2b: The Big Show|1\n|-damage|p2b: The Big Show|89/100\n|-resisted|p2b: The Big Show|1\n|-damage|p2b: The Big Show|87/100\n|-hitcount|p2b: The Big Show|2\n|move|p2a: Jake the Snake|Body Press|p1a: Tyranitar\n|-supereffective|p1a: Tyranitar|2\n|-damage|p1a: Tyranitar|0 fnt\n|faint|p1a: Tyranitar\n|cant|p2b: The Big Show|flinch\n|\n|-weather|Sandstorm|[upkeep]\n|-damage|p1b: Kangaskhan|93/100|[from] Sandstorm\n|upkeep\n|\n|t:|1788404319\n|switch|p1a: Skeledirge|Skeledirge, L50, M|100/100\n|turn|3\n|l| Dick Mickens\n|\n|t:|1788404338\n|switch|p2b: AJ Lee|Araquanid, L50, F|100/100\n|move|p1a: Skeledirge|Protect|p1a: Skeledirge\n|-singleturn|p1a: Skeledirge|Protect\n|move|p1b: Kangaskhan|Double-Edge|p2a: Jake the Snake|[miss]\n|-miss|p1b: Kangaskhan|p2a: Jake the Snake\n|move|p2a: Jake the Snake|High Horsepower|p1a: Skeledirge\n|-activate|p1a: Skeledirge|move: Protect\n|\n|-weather|Sandstorm|[upkeep]\n|-damage|p1b: Kangaskhan|87/100|[from] Sandstorm\n|-damage|p1a: Skeledirge|93/100|[from] Sandstorm\n|-damage|p2b: AJ Lee|94/100|[from] Sandstorm\n|upkeep\n|turn|4\n|j| Dick Mickens\n|\n|t:|1788404355\n|move|p1b: Kangaskhan|Double-Edge|p2a: Jake the Snake\n|-crit|p2a: Jake the Snake\n|-damage|p2a: Jake the Snake|0 fnt\n|faint|p2a: Jake the Snake\n|-damage|p1b: Kangaskhan|75/100|[from] Recoil\n|move|p1a: Skeledirge|Shadow Ball|p2b: AJ Lee\n|-damage|p2b: AJ Lee|62/100\n|move|p2b: AJ Lee|Hydro Pump|p1a: Skeledirge\n|-supereffective|p1a: Skeledirge|1\n|-damage|p1a: Skeledirge|0 fnt\n|faint|p1a: Skeledirge\n|\n|-weather|Sandstorm|[upkeep]\n|-damage|p1b: Kangaskhan|69/100|[from] Sandstorm\n|-damage|p2b: AJ Lee|57/100|[from] Sandstorm\n|upkeep\n|\n|t:|1788404369\n|switch|p2a: THE WALL|Aggron, L50, M|100/100\n|turn|5\n|\n|t:|1788404378\n|detailschange|p2a: THE WALL|Aggron-Mega, L50, M\n|-mega|p2a: THE WALL|Aggron|Aggronite\n|move|p1b: Kangaskhan|Double-Edge|p2b: AJ Lee\n|-damage|p2b: AJ Lee|0 fnt\n|faint|p2b: AJ Lee\n|-damage|p1b: Kangaskhan|53/100|[from] Recoil\n|move|p2a: THE WALL|Body Press|p1b: Kangaskhan\n|-supereffective|p1b: Kangaskhan|1\n|-damage|p1b: Kangaskhan|0 fnt\n|faint|p1b: Kangaskhan\n|\n|win|Dakmaul\n|c|☆sunnydaysagain|ggs\n|c|☆Dakmaul|gg!\n|c| kanklez|stellar showing from sandaconda\n|l|☆sunnydaysagain\n|player|p1|\n|c|☆Dakmaul|Love that silly guy\n|c| seniledogs|sandaconda got hit every time and also missed his own high horsepower\n|c| seniledogs|but he did great\n|c| kanklez|he dodged a few crucial attacks though\n","uploadtime":1788404384,"views":"1","formatid":"gen9championsvgc2026regmb","rating":null,"private":0,"password":null}