{"id":"gen9championsvgc2026regmb-2674258199","format":"[Gen 9 Champions] VGC 2026 Reg M-B","players":["cloudsflare","Thornlace48812"],"log":"|j|☆cloudsflare\n|j|☆Thornlace48812\n|t:|1788325113\n|gametype|doubles\n|player|p1|cloudsflare|101|1040\n|player|p2|Thornlace48812|1|1105\n|gen|9\n|tier|[Gen 9 Champions] VGC 2026 Reg M-B\n|rated|\n|rule|Species Clause: Limit one of each Pokémon\n|rule|Item Clause: Limit 1 of each item\n|clearpoke\n|poke|p1|Tyranitar, L50, M|\n|poke|p1|Garchomp, L50, M|\n|poke|p1|Excadrill, L50, M|\n|poke|p1|Sinistcha-Masterpiece, L50|\n|poke|p1|Gholdengo, L50|\n|poke|p1|Incineroar, L50, F|\n|poke|p2|Garchomp, L50, M|\n|poke|p2|Charizard, L50, M|\n|poke|p2|Whimsicott, L50, M|\n|poke|p2|Sylveon, L50, M|\n|poke|p2|Kingambit, L50, M|\n|poke|p2|Basculegion, L50, M|\n|teampreview|4\n|inactive|Battle timer is ON: inactive players will automatically lose when time's up. (requested by Thornlace48812)\nThornlace48812 rejected open team sheets.\n|inactive|cloudsflare has 60 seconds left.\n|\n|t:|1788325147\n|teamsize|p1|4\n|teamsize|p2|4\n|start\n|switch|p1a: Tyranitar|Tyranitar, L50, M|100/100\n|switch|p1b: Gholdengo|Gholdengo, L50|100/100\n|switch|p2a: Charizard|Charizard, L50, M|100/100\n|switch|p2b: Basculegion|Basculegion, L50, M|100/100\n|-weather|Sandstorm|[from] ability: Sand Stream|[of] p1a: Tyranitar\n|turn|1\n|\n|t:|1788325166\n|detailschange|p2a: Charizard|Charizard-Mega-Y, L50, M\n|-mega|p2a: Charizard|Charizard|Charizardite Y\n|-weather|SunnyDay|[from] ability: Drought|[of] p2a: Charizard\n|move|p1b: Gholdengo|Shadow Ball|p2b: Basculegion\n|-supereffective|p2b: Basculegion|1\n|-damage|p2b: Basculegion|7/100\n|move|p2a: Charizard|Heat Wave|p1b: Gholdengo|[spread] p1a,p1b\n|-resisted|p1a: Tyranitar|1\n|-supereffective|p1b: Gholdengo|1\n|-damage|p1a: Tyranitar|77/100\n|-damage|p1b: Gholdengo|0 fnt\n|faint|p1b: Gholdengo\n|move|p2b: Basculegion|Last Respects|p1a: Tyranitar\n|-resisted|p1a: Tyranitar|1\n|-damage|p1a: Tyranitar|64/100\n|move|p1a: Tyranitar|Thunder Wave|p2a: Charizard\n|-status|p2a: Charizard|par\n|\n|-weather|SunnyDay|[upkeep]\n|upkeep\n|\n|t:|1788325183\n|switch|p1b: Garchomp|Garchomp, L50, M|100/100\n|turn|2\n|\n|t:|1788325194\n|move|p1a: Tyranitar|Protect|p1a: Tyranitar\n|-singleturn|p1a: Tyranitar|Protect\n|move|p2a: Charizard|Protect|p2a: Charizard\n|-singleturn|p2a: Charizard|Protect\n|move|p1b: Garchomp|Stealth Rock|p2a: Charizard\n|-sidestart|p2: Thornlace48812|move: Stealth Rock\n|move|p2b: Basculegion|Wave Crash|p1a: Tyranitar\n|-activate|p1a: Tyranitar|move: Protect\n|\n|-weather|SunnyDay|[upkeep]\n|upkeep\n|turn|3\n|\n|t:|1788325210\n|move|p1b: Garchomp|Rock Slide|p2b: Basculegion|[spread] p2a,p2b\n|-supereffective|p2a: Charizard|2\n|-damage|p2a: Charizard|26/100 par\n|-damage|p2b: Basculegion|0 fnt\n|faint|p2b: Basculegion\n|move|p1a: Tyranitar|Knock Off|p2a: Charizard\n|-damage|p2a: Charizard|0 fnt\n|faint|p2a: Charizard\n|\n|-weather|SunnyDay|[upkeep]\n|upkeep\n|\n|t:|1788325210\n|switch|p2a: Garchomp|Garchomp, L50, M|100/100\n|switch|p2b: Sylveon|Sylveon, L50, M|100/100\n|-damage|p2a: Garchomp|94/100|[from] Stealth Rock\n|-damage|p2b: Sylveon|87/100|[from] Stealth Rock\n|turn|4\n|inactive|cloudsflare has 30 seconds left.\n|\n|t:|1788325244\n|move|p2a: Garchomp|Earthquake|p1b: Garchomp|[spread] p2b,p1a,p1b\n|-supereffective|p1a: Tyranitar|1\n|-crit|p1a: Tyranitar\n|-damage|p2b: Sylveon|19/100\n|-damage|p1a: Tyranitar|0 fnt\n|-damage|p1b: Garchomp|66/100\n|faint|p1a: Tyranitar\n|-damage|p2a: Garchomp|84/100|[from] item: Life Orb\n|move|p2b: Sylveon|Hyper Voice|p1b: Garchomp\n|-supereffective|p1b: Garchomp|1\n|-damage|p1b: Garchomp|0 fnt\n|faint|p1b: Garchomp\n|\n|-weather|SunnyDay|[upkeep]\n|upkeep\n|\n|t:|1788325257\n|switch|p1b: Excadrill|Excadrill, L50, M|100/100\n|turn|5\n|\n|t:|1788325263\n|detailschange|p1b: Excadrill|Excadrill-Mega, L50, M\n|-mega|p1b: Excadrill|Excadrill|Excadrite\n|move|p2a: Garchomp|Dragon Claw|p1b: Excadrill\n|-resisted|p1b: Excadrill|1\n|-damage|p1b: Excadrill|76/100\n|-damage|p2a: Garchomp|74/100|[from] item: Life Orb\n|move|p1b: Excadrill|Iron Head|p2b: Sylveon\n|-supereffective|p2b: Sylveon|1\n|-damage|p2b: Sylveon|0 fnt\n|faint|p2b: Sylveon\n|\n|-weather|none\n|upkeep\n|turn|6\n|\n|t:|1788325283\n|move|p2a: Garchomp|Earthquake|p1b: Excadrill\n|-supereffective|p1b: Excadrill|1\n|-damage|p1b: Excadrill|0 fnt\n|faint|p1b: Excadrill\n|-damage|p2a: Garchomp|64/100|[from] item: Life Orb\n|\n|win|Thornlace48812\n|raw|cloudsflare's rating: 1040 &rarr; <strong>1028</strong><br />(-12 for losing)\n|raw|Thornlace48812's rating: 1123 &rarr; <strong>1142</strong><br />(+19 for winning)\n","uploadtime":1788325283,"views":"1","formatid":"gen9championsvgc2026regmb","rating":1028,"private":0,"password":null}