{"id":"gen9championsvgc2026regmb-2674350929","format":"[Gen 9 Champions] VGC 2026 Reg M-B","players":["TuggSpeederman","jviscute"],"log":"|j|☆TuggSpeederman\n|j|☆jviscute\n|t:|1788346885\n|gametype|doubles\n|player|p1|TuggSpeederman|pokemaniac|1034\n|player|p2|jviscute|n|1030\n|gen|9\n|tier|[Gen 9 Champions] VGC 2026 Reg M-B\n|rated|\n|rule|Species Clause: Limit one of each Pokémon\n|rule|Item Clause: Limit 1 of each item\n|clearpoke\n|poke|p1|Scizor, L50, M|\n|poke|p1|Hydreigon, L50, F, shiny|\n|poke|p1|Sableye, L50, F, shiny|\n|poke|p1|Rotom-Wash, L50|\n|poke|p1|Farigiraf, L50, F|\n|poke|p1|Garchomp, L50, M|\n|poke|p2|Crabominable, L50, F|\n|poke|p2|Sinistcha-Masterpiece, L50|\n|poke|p2|Meowscarada, L50, M|\n|poke|p2|Kingambit, L50, F|\n|poke|p2|Basculegion, L50, M|\n|poke|p2|Gallade, L50, M|\n|teampreview|4\n|\n|t:|1788346911\n|teamsize|p1|4\n|teamsize|p2|4\n|start\n|switch|p1a: Hydreigon|Hydreigon, L50, F, shiny|100/100\n|switch|p1b: Sableye|Sableye, L50, F, shiny|100/100\n|switch|p2a: Crabominable|Crabominable, L50, F|100/100\n|switch|p2b: Meowscarada|Meowscarada, L50, M|100/100\n|turn|1\n|inactive|Battle timer is ON: inactive players will automatically lose when time's up. (requested by TuggSpeederman)\n|\n|t:|1788346928\n|move|p1b: Sableye|Fake Out|p2a: Crabominable\n|-damage|p2a: Crabominable|92/100\n|move|p2b: Meowscarada|Flower Trick|p2a: Crabominable\n|-start|p2b: Meowscarada|typechange|Grass|[from] ability: Protean\n|-crit|p2a: Crabominable\n|-damage|p2a: Crabominable|40/100\n|-setboost|p2a: Crabominable|atk|6|[from] ability: Anger Point\n|move|p1a: Hydreigon|Flamethrower|p2b: Meowscarada\n|-supereffective|p2b: Meowscarada|1\n|-damage|p2b: Meowscarada|9/100\n|cant|p2a: Crabominable|flinch\n|\n|upkeep\n|turn|2\n|inactive|TuggSpeederman has 30 seconds left.\n|inactive|jviscute has 30 seconds left.\n|\n|t:|1788346959\n|switch|p2b: Sinistcha|Sinistcha-Masterpiece, L50|100/100\n|-heal|p2a: Crabominable|65/100|[from] ability: Hospitality|[of] p2b: Sinistcha\n|detailschange|p2a: Crabominable|Crabominable-Mega, L50, F\n|-mega|p2a: Crabominable|Crabominable|Crabominite\n|move|p2a: Crabominable|Protect|p2a: Crabominable\n|-singleturn|p2a: Crabominable|Protect\n|move|p1b: Sableye|Encore||[still]\n|-fail|p1b: Sableye\n|move|p1a: Hydreigon|Flamethrower|p2a: Crabominable\n|-activate|p2a: Crabominable|move: Protect\n|\n|upkeep\n|turn|3\n|inactive|TuggSpeederman has 30 seconds left.\n|inactive|jviscute has 30 seconds left.\n|\n|t:|1788346993\n|move|p1b: Sableye|Thunder Wave|p2b: Sinistcha\n|-status|p2b: Sinistcha|par\n|move|p1a: Hydreigon|Flamethrower|p2a: Crabominable\n|-supereffective|p2a: Crabominable|1\n|-damage|p2a: Crabominable|19/100\n|move|p2a: Crabominable|Drain Punch|p1a: Hydreigon\n|-supereffective|p1a: Hydreigon|1\n|-damage|p1a: Hydreigon|0 fnt\n|-heal|p2a: Crabominable|60/100|[from] drain|[of] p1a: Hydreigon\n|faint|p1a: Hydreigon\n|move|p2b: Sinistcha|Trick Room|p2b: Sinistcha\n|-fieldstart|move: Trick Room|[of] p2b: Sinistcha\n|\n|upkeep\n|\n|t:|1788347011\n|switch|p1a: Garchomp|Garchomp, L50, M|100/100\n|turn|4\n|\n|t:|1788347023\n|move|p1a: Garchomp|Protect|p1a: Garchomp\n|-singleturn|p1a: Garchomp|Protect\n|move|p2b: Sinistcha|Rage Powder|p2b: Sinistcha\n|-singleturn|p2b: Sinistcha|move: Rage Powder\n|move|p1b: Sableye|Will-O-Wisp||[still]\n|-fail|p1b: Sableye\n|move|p2a: Crabominable|Drain Punch|p1a: Garchomp\n|-activate|p1a: Garchomp|move: Protect\n|\n|upkeep\n|turn|5\n|\n|t:|1788347039\n|move|p2b: Sinistcha|Rage Powder|p2b: Sinistcha\n|-singleturn|p2b: Sinistcha|move: Rage Powder\n|move|p1b: Sableye|Will-O-Wisp||[still]\n|-fail|p1b: Sableye\n|move|p2a: Crabominable|Drain Punch|p1a: Garchomp\n|-damage|p1a: Garchomp|0 fnt\n|-heal|p2a: Crabominable|100/100|[from] drain|[of] p1a: Garchomp\n|-damage|p2a: Crabominable|87/100|[from] ability: Rough Skin|[of] p1a: Garchomp\n|faint|p1a: Garchomp\n|\n|upkeep\n|\n|t:|1788347043\n|switch|p1a: Farigiraf|Farigiraf, L50, F|100/100\n|turn|6\n|\n|t:|1788347056\n|move|p1b: Sableye|Will-O-Wisp|p2a: Crabominable\n|-status|p2a: Crabominable|brn\n|move|p2b: Sinistcha|Matcha Gotcha|p1a: Farigiraf|[spread] p1a,p1b\n|-damage|p1a: Farigiraf|82/100\n|-damage|p1b: Sableye|71/100\n|-status|p1b: Sableye|brn\n|move|p2a: Crabominable|Ice Hammer|p1b: Sableye\n|-damage|p1b: Sableye|0 fnt\n|-unboost|p2a: Crabominable|spe|1\n|faint|p1b: Sableye\n|move|p1a: Farigiraf|Trick Room|p1a: Farigiraf\n|-fieldend|move: Trick Room\n|\n|-damage|p2a: Crabominable|81/100 brn|[from] brn\n|upkeep\n|turn|7\n|\n|t:|1788347074\n|move|p2b: Sinistcha|Rage Powder|p2b: Sinistcha\n|-singleturn|p2b: Sinistcha|move: Rage Powder\n|move|p1a: Farigiraf|Hyper Voice|p2b: Sinistcha|[spread] p2a\n|-immune|p2b: Sinistcha\n|-damage|p2a: Crabominable|62/100 brn\n|move|p2a: Crabominable|Ice Hammer|p1a: Farigiraf\n|-damage|p1a: Farigiraf|0 fnt\n|-unboost|p2a: Crabominable|spe|1\n|faint|p1a: Farigiraf\n|\n|win|jviscute\n|raw|TuggSpeederman's rating: 1034 &rarr; <strong>1019</strong><br />(-15 for losing)\n|raw|jviscute's rating: 1030 &rarr; <strong>1066</strong><br />(+36 for winning)\n|l|☆TuggSpeederman\n|player|p1|\n","uploadtime":1788347087,"views":"24","formatid":"gen9championsvgc2026regmb","rating":1019,"private":0,"password":null}