{"id":"gen9championsvgc2026regmbbo3-2674131370","format":"[Gen 9 Champions] VGC 2026 Reg M-B (Bo3)","players":["grabbingpawns","D4RKEVA"],"log":"|j|☆grabbingpawns\n|j|☆D4RKEVA\n|html|<table width=\"100%\"><tr><td align=\"left\">grabbingpawns</td><td align=\"right\">D4RKEVA</tr><tr><td align=\"left\"><i class=\"fa fa-circle\"></i> <i class=\"fa fa-circle-o\"></i> </td><td align=\"right\"><i class=\"fa fa-circle-o\"></i> <i class=\"fa fa-circle-o\"></i> </tr></table>\n|uhtml|bestof|<h2><strong>Game 2</strong> of <a href=\"/game-bestof3-gen9championsvgc2026regmbbo3-2674129616\">a best-of-3</a></h2>\n|t:|1788303729\n|gametype|doubles\n|player|p1|grabbingpawns|hilda-masters4|1346\n|player|p2|D4RKEVA|1|1324\n|gen|9\n|tier|[Gen 9 Champions] VGC 2026 Reg M-B (Bo3)\n|rated|\n|rule|Species Clause: Limit one of each Pokémon\n|rule|Item Clause: Limit 1 of each item\n|clearpoke\n|poke|p1|Venusaur, L50, M|\n|poke|p1|Charizard, L50, M|\n|poke|p1|Garchomp, L50, M|\n|poke|p1|Sylveon, L50, M|\n|poke|p1|Incineroar, L50, M|\n|poke|p1|Toxapex, L50, M|\n|poke|p2|Pyroar, L50, M|\n|poke|p2|Ninetales, L50, F|\n|poke|p2|Farigiraf, L50, M|\n|poke|p2|Whimsicott, L50, F|\n|poke|p2|Basculegion, L50, M|\n|poke|p2|Floette-Eternal, L50, F|\n|teampreview|4\n|showteam|p1|Venusaur||LifeOrb|Chlorophyll|LeafStorm,SludgeBomb,EarthPower,Protect|Modest||M|||50|]Charizard||CharizarditeY|Blaze|HeatWave,WeatherBall,AncientPower,Protect|Timid||M|||50|]Garchomp||ChoiceScarf|RoughSkin|DragonClaw,Earthquake,RockSlide,StompingTantrum|Adamant||M|||50|]Sylveon||FairyFeather|Pixilate|HyperVoice,QuickAttack,Yawn,Detect|Modest||M|||50|]Incineroar||SitrusBerry|Intimidate|FakeOut,ThroatChop,FlareBlitz,PartingShot|Impish||M|||50|]Toxapex||Leftovers|Regenerator|Infestation,Toxic,WideGuard,BanefulBunker|Bold||M|||50|\n|showteam|p2|Pyroar||Pyroarite|Unnerve|HeatWave,Overheat,SolarBeam,Protect|Timid||M|||50|]Ninetales||ChoiceScarf|Drought|Overheat,SolarBeam,FakeTears,HeatWave|Modest||F|||50|]Farigiraf||SitrusBerry|ArmorTail|TwinBeam,Thunderbolt,TrickRoom,HelpingHand|Bold||M|||50|]Whimsicott||FocusSash|Prankster|Moonblast,Tailwind,SunnyDay,Protect|Timid||F|||50|]Basculegion||LifeOrb|Adaptability|WaveCrash,AquaJet,LastRespects,Protect|Adamant||M|||50|]Floette-Eternal||Floettite|FlowerVeil|Moonblast,DazzlingGleam,LightofRuin,Protect|Modest||F|||50|\n|inactive|Battle timer is ON: inactive players will automatically lose when time's up. (requested by D4RKEVA)\n|inactive|grabbingpawns has 60 seconds left.\n|\n|t:|1788303790\n|teamsize|p1|4\n|teamsize|p2|4\n|start\n|switch|p1a: Sylveon|Sylveon, L50, M|100/100\n|switch|p1b: Incineroar|Incineroar, L50, M|100/100\n|switch|p2a: Pyroar|Pyroar, L50, M|100/100\n|switch|p2b: Ninetales|Ninetales, L50, F|100/100\n|-ability|p2a: Pyroar|Unnerve\n|-weather|SunnyDay|[from] ability: Drought|[of] p2b: Ninetales\n|-ability|p1b: Incineroar|Intimidate|boost\n|-unboost|p2a: Pyroar|atk|1\n|-unboost|p2b: Ninetales|atk|1\n|turn|1\n|\n|t:|1788303810\n|detailschange|p2a: Pyroar|Pyroar-Mega, L50, M\n|-mega|p2a: Pyroar|Pyroar|Pyroarite\n|move|p2a: Pyroar|Protect|p2a: Pyroar\n|-singleturn|p2a: Pyroar|Protect\n|move|p2b: Ninetales|Fake Tears|p1b: Incineroar\n|-unboost|p1b: Incineroar|spd|2\n|move|p1b: Incineroar|Parting Shot|p2a: Pyroar\n|-activate|p2a: Pyroar|move: Protect\n|move|p1a: Sylveon|Hyper Voice|p2b: Ninetales|[spread] p2b\n|-activate|p2a: Pyroar|move: Protect\n|-resisted|p2b: Ninetales|1\n|-damage|p2b: Ninetales|74/100\n|\n|-weather|SunnyDay|[upkeep]\n|upkeep\n|turn|2\n|inactive|D4RKEVA has 30 seconds left.\n|inactive|D4RKEVA has 20 seconds left.\n|\n|t:|1788303845\n|move|p2b: Ninetales|Fake Tears|p1b: Incineroar\n|-unboost|p1b: Incineroar|spd|2\n|move|p2a: Pyroar|Overheat|p1b: Incineroar\n|-resisted|p1b: Incineroar|1\n|-damage|p1b: Incineroar|0 fnt\n|-unboost|p2a: Pyroar|spa|2\n|faint|p1b: Incineroar\n|move|p1a: Sylveon|Yawn|p2a: Pyroar\n|-start|p2a: Pyroar|move: Yawn|[of] p1a: Sylveon\n|\n|-weather|SunnyDay|[upkeep]\n|upkeep\n|\n|t:|1788303859\n|switch|p1b: Charizard|Charizard, L50, M|100/100\n|turn|3\n|\n|t:|1788303871\n|switch|p2a: Farigiraf|Farigiraf, L50, M|100/100\n|detailschange|p1b: Charizard|Charizard-Mega-Y, L50, M\n|-mega|p1b: Charizard|Charizard|Charizardite Y\n|move|p2b: Ninetales|Fake Tears|p1b: Charizard\n|-unboost|p1b: Charizard|spd|2\n|move|p1b: Charizard|Ancient Power|p2b: Ninetales\n|-supereffective|p2b: Ninetales|1\n|-damage|p2b: Ninetales|17/100\n|-boost|p1b: Charizard|atk|1\n|-boost|p1b: Charizard|def|1\n|-boost|p1b: Charizard|spa|1\n|-boost|p1b: Charizard|spd|1\n|-boost|p1b: Charizard|spe|1\n|move|p1a: Sylveon|Hyper Voice|p2b: Ninetales|[spread] p2a,p2b\n|-resisted|p2b: Ninetales|1\n|-damage|p2a: Farigiraf|60/100\n|-damage|p2b: Ninetales|0 fnt\n|faint|p2b: Ninetales\n|\n|-weather|SunnyDay|[upkeep]\n|upkeep\n|\n|t:|1788303884\n|switch|p2b: Pyroar|Pyroar-Mega, L50, M|100/100\n|turn|4\n|c|☆D4RKEVA|sigh\n|\n|t:|1788303895\n|move|p2a: Farigiraf|Helping Hand|p2b: Pyroar\n|-singleturn|p2b: Pyroar|Helping Hand|[of] p2a: Farigiraf\n|move|p1b: Charizard|Protect|p1b: Charizard\n|-singleturn|p1b: Charizard|Protect\n|move|p2b: Pyroar|Overheat|p1b: Charizard\n|-activate|p1b: Charizard|move: Protect\n|move|p1a: Sylveon|Hyper Voice|p2b: Pyroar|[spread] p2a,p2b\n|-resisted|p2b: Pyroar|1\n|-damage|p2a: Farigiraf|22/100\n|-damage|p2b: Pyroar|71/100\n|-enditem|p2a: Farigiraf|Sitrus Berry|[eat]\n|-heal|p2a: Farigiraf|47/100|[from] item: Sitrus Berry\n|\n|-weather|SunnyDay|[upkeep]\n|upkeep\n|turn|5\n|\n|t:|1788303918\n|move|p2b: Pyroar|Protect|p2b: Pyroar\n|-singleturn|p2b: Pyroar|Protect\n|move|p1b: Charizard|Ancient Power|p2b: Pyroar\n|-activate|p2b: Pyroar|move: Protect\n|move|p1a: Sylveon|Hyper Voice|p2a: Farigiraf|[spread] p2a\n|-activate|p2b: Pyroar|move: Protect\n|-damage|p2a: Farigiraf|12/100\n|move|p2a: Farigiraf|Trick Room|p2a: Farigiraf\n|-fieldstart|move: Trick Room|[of] p2a: Farigiraf\n|\n|-weather|none\n|upkeep\n|turn|6\n|\n|t:|1788303927\n|move|p2a: Farigiraf|Helping Hand|p2b: Pyroar\n|-singleturn|p2b: Pyroar|Helping Hand|[of] p2a: Farigiraf\n|move|p1a: Sylveon|Hyper Voice|p2a: Farigiraf|[spread] p2a,p2b\n|-resisted|p2b: Pyroar|1\n|-damage|p2a: Farigiraf|0 fnt\n|-damage|p2b: Pyroar|46/100\n|faint|p2a: Farigiraf\n|move|p2b: Pyroar|Overheat|p1a: Sylveon\n|-damage|p1a: Sylveon|0 fnt\n|-unboost|p2b: Pyroar|spa|2\n|faint|p1a: Sylveon\n|move|p1b: Charizard|Ancient Power|p2b: Pyroar\n|-supereffective|p2b: Pyroar|1\n|-damage|p2b: Pyroar|0 fnt\n|-boost|p1b: Charizard|atk|1\n|-boost|p1b: Charizard|def|1\n|-boost|p1b: Charizard|spa|1\n|-boost|p1b: Charizard|spd|1\n|-boost|p1b: Charizard|spe|1\n|faint|p2b: Pyroar\n|\n|upkeep\n|c|☆D4RKEVA|OK\n|c|☆D4RKEVA|SURE\n|c|☆D4RKEVA|wtf\n|\n|t:|1788303938\n|switch|p1a: Venusaur|Venusaur, L50, M|100/100\n|switch|p2b: Basculegion|Basculegion, L50, M|100/100\n|turn|7\n|\n|t:|1788303946\n|move|p2b: Basculegion|Last Respects|p1a: Venusaur\n|-damage|p1a: Venusaur|0 fnt\n|faint|p1a: Venusaur\n|-damage|p2b: Basculegion|90/100|[from] item: Life Orb\n|move|p1b: Charizard|Ancient Power|p2b: Basculegion\n|-crit|p2b: Basculegion\n|-damage|p2b: Basculegion|28/100\n|-boost|p1b: Charizard|atk|1\n|-boost|p1b: Charizard|def|1\n|-boost|p1b: Charizard|spa|1\n|-boost|p1b: Charizard|spd|1\n|-boost|p1b: Charizard|spe|1\n|\n|upkeep\n|turn|8\n|c|☆D4RKEVA|dude\n|c|☆D4RKEVA|crit\n|c|☆D4RKEVA|triple omni\n|c|☆D4RKEVA|holy fuck xD\n|\n|t:|1788303969\n|move|p2b: Basculegion|Wave Crash|p1b: Charizard\n|-supereffective|p1b: Charizard|1\n|-damage|p1b: Charizard|7/100\n|-damage|p2b: Basculegion|2/100|[from] Recoil\n|-damage|p2b: Basculegion|0 fnt|[from] item: Life Orb\n|faint|p2b: Basculegion\n|\n|win|grabbingpawns\n|raw|grabbingpawns's rating: 1346 &rarr; <strong>1365</strong><br />(+19 for winning)\n|raw|D4RKEVA's rating: 1324 &rarr; <strong>1305</strong><br />(-19 for losing)\n|c|☆D4RKEVA|thats\n|c|☆D4RKEVA|so bullshit\n|c|☆D4RKEVA|like\n|c|☆D4RKEVA|genuinely\n|c|☆D4RKEVA|buy a lotto ticket\n","uploadtime":1788303984,"views":"5","formatid":"gen9championsvgc2026regmbbo3","rating":1305,"private":0,"password":null}