{"id":"gen9championsvgc2026regmbbo3-2674786848","format":"[Gen 9 Champions] VGC 2026 Reg M-B (Bo3)","players":["mechabicho_14","teyvgc"],"log":"|j|☆mechabicho_14\n|j|☆teyvgc\n|html|<table width=\"100%\"><tr><td align=\"left\">mechabicho_14</td><td align=\"right\">teyvgc</tr><tr><td align=\"left\"><i class=\"fa fa-circle-o\"></i> <i class=\"fa fa-circle-o\"></i> </td><td align=\"right\"><i class=\"fa fa-circle-o\"></i> <i class=\"fa fa-circle-o\"></i> </tr></table>\n|uhtml|bestof|<h2><strong>Game 1</strong> of <a href=\"/game-bestof3-gen9championsvgc2026regmbbo3-2674786847\">a best-of-3</a></h2>\n|t:|1788406681\n|gametype|doubles\n|player|p1|mechabicho_14|169|1326\n|player|p2|teyvgc|rood|1368\n|gen|9\n|tier|[Gen 9 Champions] VGC 2026 Reg M-B (Bo3)\n|rated|\n|rule|Species Clause: Limit one of each Pokémon\n|rule|Item Clause: Limit 1 of each item\n|clearpoke\n|poke|p1|Milotic, L50, F|\n|poke|p1|Excadrill, L50, M|\n|poke|p1|Gholdengo, L50|\n|poke|p1|Sinistcha, L50|\n|poke|p1|Staraptor, L50, M|\n|poke|p1|Tyranitar, L50, M|\n|poke|p2|Delphox, L50, M|\n|poke|p2|Vanilluxe, L50, M|\n|poke|p2|Floette-Eternal, L50, F|\n|poke|p2|Sinistcha, L50|\n|poke|p2|Milotic, L50, M|\n|poke|p2|Incineroar, L50, F|\n|teampreview|4\n|showteam|p1|Milotic||SitrusBerry|Competitive|Protect,IcyWind,Scald,Recover|Modest||F|||50|]Excadrill||FocusSash|SandRush|Protect,HighHorsepower,RockSlide,IronHead|Adamant||M|||50|]Gholdengo||LifeOrb|GoodasGold|Protect,MakeItRain,ShadowBall,NastyPlot|Timid|||||50|]Sinistcha||ColburBerry|Hospitality|Protect,ShadowBall,MatchaGotcha,RagePowder|Calm|||||50|]Staraptor||Staraptite|Intimidate|Protect,CloseCombat,BraveBird,Tailwind|Jolly||M|||50|]Tyranitar||Tyranitarite|SandStream|Protect,RockSlide,KnockOff,LowKick|Adamant||M|||50|\n|showteam|p2|Delphox||Delphoxite|Blaze|HeatWave,Psychic,NastyPlot,Protect|Timid||M|||50|]Vanilluxe||ChoiceScarf|SnowWarning|Blizzard,FreezeDry,SheerCold,IcyWind|Timid||M|||50|]Floette-Eternal||Floettite|FlowerVeil|Protect,Moonblast,DazzlingGleam,CalmMind|Modest||F|||50|]Sinistcha||KasibBerry|Hospitality|LifeDew,RagePowder,MatchaGotcha,Protect|Bold|||||50|]Milotic||Leftovers|Competitive|Coil,Protect,MuddyWater,Hypnosis|Bold||M|||50|]Incineroar||SitrusBerry|Intimidate|FakeOut,PartingShot,FlareBlitz,DarkestLariat|Impish||F|||50|\n|\n|t:|1788406732\n|teamsize|p1|4\n|teamsize|p2|4\n|start\n|switch|p1a: Tyranitar|Tyranitar, L50, M|100/100\n|switch|p1b: Milotic|Milotic, L50, F|100/100\n|switch|p2a: Milotic|Milotic, L50, M|100/100\n|switch|p2b: Incineroar|Incineroar, L50, F|100/100\n|-weather|Sandstorm|[from] ability: Sand Stream|[of] p1a: Tyranitar\n|-ability|p2b: Incineroar|Intimidate|boost\n|-unboost|p1a: Tyranitar|atk|1\n|-unboost|p1b: Milotic|atk|1\n|-ability|p1b: Milotic|Competitive|boost\n|-boost|p1b: Milotic|spa|2\n|turn|1\n|\n|t:|1788406752\n|switch|p1a: Gholdengo|Gholdengo, L50|100/100\n|move|p2b: Incineroar|Fake Out|p1b: Milotic\n|-damage|p1b: Milotic|89/100\n|cant|p1b: Milotic|flinch\n|move|p2a: Milotic|Coil|p2a: Milotic\n|-boost|p2a: Milotic|atk|1\n|-boost|p2a: Milotic|def|1\n|-boost|p2a: Milotic|accuracy|1\n|\n|-weather|Sandstorm|[upkeep]\n|-damage|p2a: Milotic|94/100|[from] Sandstorm\n|-damage|p1b: Milotic|83/100|[from] Sandstorm\n|-damage|p2b: Incineroar|94/100|[from] Sandstorm\n|-heal|p2a: Milotic|100/100|[from] item: Leftovers\n|upkeep\n|turn|2\n|\n|t:|1788406783\n|move|p1a: Gholdengo|Nasty Plot|p1a: Gholdengo\n|-boost|p1a: Gholdengo|spa|2\n|move|p2a: Milotic|Hypnosis|p1b: Milotic\n|-status|p1b: Milotic|slp|[from] move: Hypnosis\n|cant|p1b: Milotic|slp\n|move|p2b: Incineroar|Flare Blitz|p1a: Gholdengo\n|-supereffective|p1a: Gholdengo|1\n|-damage|p1a: Gholdengo|5/100\n|-status|p1a: Gholdengo|brn\n|-damage|p2b: Incineroar|66/100|[from] Recoil\n|\n|-weather|Sandstorm|[upkeep]\n|-damage|p1b: Milotic|77/100 slp|[from] Sandstorm\n|-damage|p2a: Milotic|94/100|[from] Sandstorm\n|-damage|p2b: Incineroar|60/100|[from] Sandstorm\n|-heal|p2a: Milotic|100/100|[from] item: Leftovers\n|-damage|p1a: Gholdengo|0 fnt|[from] brn\n|faint|p1a: Gholdengo\n|upkeep\n|\n|t:|1788406799\n|switch|p1a: Tyranitar|Tyranitar, L50, M|100/100\n|turn|3\n|\n|t:|1788406808\n|-curestatus|p1b: Milotic|slp|[msg]\n|move|p1b: Milotic|Scald|p2a: Milotic\n|-resisted|p2a: Milotic|1\n|-damage|p2a: Milotic|77/100\n|move|p2a: Milotic|Muddy Water|p1b: Milotic|[spread] p1a,p1b\n|-supereffective|p1a: Tyranitar|1\n|-resisted|p1b: Milotic|1\n|-damage|p1a: Tyranitar|72/100\n|-damage|p1b: Milotic|70/100\n|-unboost|p1a: Tyranitar|accuracy|1\n|-unboost|p1b: Milotic|accuracy|1\n|-ability|p1b: Milotic|Competitive|boost\n|-boost|p1b: Milotic|spa|2\n|move|p1a: Tyranitar|Rock Slide|p2a: Milotic|[spread] \n|-miss|p1a: Tyranitar|p2a: Milotic\n|-miss|p1a: Tyranitar|p2b: Incineroar\n|move|p2b: Incineroar|Parting Shot|p1a: Tyranitar\n|-unboost|p1a: Tyranitar|atk|1\n|-unboost|p1a: Tyranitar|spa|1\n|\n|t:|1788406835\n|switch|p2b: Sinistcha|Sinistcha, L50|100/100|[from] Parting Shot\n|-heal|p2a: Milotic|100/100|[from] ability: Hospitality|[of] p2b: Sinistcha\n|\n|-weather|Sandstorm|[upkeep]\n|-damage|p1b: Milotic|64/100|[from] Sandstorm\n|-damage|p2a: Milotic|94/100|[from] Sandstorm\n|-damage|p2b: Sinistcha|93/100|[from] Sandstorm\n|-heal|p2a: Milotic|100/100|[from] item: Leftovers\n|upkeep\n|turn|4\n|\n|t:|1788406846\n|move|p1b: Milotic|Scald|p2a: Milotic\n|-resisted|p2a: Milotic|1\n|-damage|p2a: Milotic|68/100\n|move|p2a: Milotic|Hypnosis|p1b: Milotic\n|-status|p1b: Milotic|slp|[from] move: Hypnosis\n|move|p1a: Tyranitar|Knock Off|p2b: Sinistcha\n|-supereffective|p2b: Sinistcha|1\n|-damage|p2b: Sinistcha|31/100\n|-enditem|p2b: Sinistcha|Kasib Berry|[from] move: Knock Off|[of] p1a: Tyranitar\n|move|p2b: Sinistcha|Matcha Gotcha|p1b: Milotic|[spread] p1b\n|-miss|p2b: Sinistcha|p1a: Tyranitar\n|-supereffective|p1b: Milotic|1\n|-damage|p1b: Milotic|27/100 slp\n|-heal|p2b: Sinistcha|52/100|[from] drain|[of] p1b: Milotic\n|-enditem|p1b: Milotic|Sitrus Berry|[eat]\n|-heal|p1b: Milotic|52/100 slp|[from] item: Sitrus Berry\n|\n|-weather|Sandstorm|[upkeep]\n|-damage|p2a: Milotic|62/100|[from] Sandstorm\n|-damage|p1b: Milotic|46/100 slp|[from] Sandstorm\n|-damage|p2b: Sinistcha|46/100|[from] Sandstorm\n|-heal|p2a: Milotic|68/100|[from] item: Leftovers\n|upkeep\n|turn|5\n|\n|t:|1788406871\n|move|p2a: Milotic|Muddy Water|p1a: Tyranitar|[spread] p1a,p1b\n|-supereffective|p1a: Tyranitar|1\n|-crit|p1a: Tyranitar\n|-resisted|p1b: Milotic|1\n|-crit|p1b: Milotic\n|-damage|p1a: Tyranitar|33/100\n|-damage|p1b: Milotic|34/100 slp\n|cant|p1b: Milotic|slp\n|move|p1a: Tyranitar|Knock Off|p2a: Milotic\n|-damage|p2a: Milotic|50/100g\n|-enditem|p2a: Milotic|Leftovers|[from] move: Knock Off|[of] p1a: Tyranitar\n|move|p2b: Sinistcha|Matcha Gotcha|p1a: Tyranitar|[spread] p1a,p1b\n|-supereffective|p1a: Tyranitar|1\n|-supereffective|p1b: Milotic|1\n|-damage|p1a: Tyranitar|6/100\n|-heal|p2b: Sinistcha|62/100|[from] drain|[of] p1a: Tyranitar\n|-damage|p1b: Milotic|1/100 slp\n|-heal|p2b: Sinistcha|80/100|[from] drain|[of] p1b: Milotic\n|\n|-weather|none\n|upkeep\n|turn|6\n|-message|mechabicho_14 forfeited.\n|\n|win|teyvgc\n","uploadtime":1788406881,"views":"4","formatid":"gen9championsvgc2026regmbbo3","rating":null,"private":0,"password":null}