{"id":"gen9championsvgc2026regmbbo3-2674601562","format":"[Gen 9 Champions] VGC 2026 Reg M-B (Bo3)","players":["Pokecraft15","platanoso"],"log":"|j|☆Pokecraft15\n|j|☆platanoso\n|html|<table width=\"100%\"><tr><td align=\"left\">Pokecraft15</td><td align=\"right\">platanoso</tr><tr><td align=\"left\"><i class=\"fa fa-circle\"></i> <i class=\"fa fa-circle-o\"></i> </td><td align=\"right\"><i class=\"fa fa-circle-o\"></i> <i class=\"fa fa-circle-o\"></i> </tr></table>\n|uhtml|bestof|<h2><strong>Game 2</strong> of <a href=\"/game-bestof3-gen9championsvgc2026regmbbo3-2674599368\">a best-of-3</a></h2>\n|t:|1788378902\n|gametype|doubles\n|player|p1|Pokecraft15|hilbert-wonderlauncher|1330\n|player|p2|platanoso|madame-gen4|1235\n|gen|9\n|tier|[Gen 9 Champions] VGC 2026 Reg M-B (Bo3)\n|rated|\n|rule|Species Clause: Limit one of each Pokémon\n|rule|Item Clause: Limit 1 of each item\n|clearpoke\n|poke|p1|Staraptor, L50, M|\n|poke|p1|Whimsicott, L50, F, shiny|\n|poke|p1|Delphox, L50, F|\n|poke|p1|Basculegion, L50, M|\n|poke|p1|Garchomp, L50, F|\n|poke|p1|Sneasler, L50, M|\n|poke|p2|Floette-Eternal, L50, F|\n|poke|p2|Sneasler, L50, F|\n|poke|p2|Incineroar, L50, F|\n|poke|p2|Sinistcha, L50|\n|poke|p2|Delphox, L50, M|\n|poke|p2|Garchomp, L50, M|\n|teampreview|4\n|showteam|p1|Staraptor||Staraptite|Intimidate|BraveBird,CloseCombat,Roost,Protect|Jolly||M|||50|]Whimsicott||FocusSash|Prankster|Moonblast,Tailwind,Charm,Encore|Timid||F|||50|]Delphox||Delphoxite|Blaze|HeatWave,Psyshock,NastyPlot,Protect|Timid||F|||50|]Basculegion||ChoiceScarf|Adaptability|WaveCrash,LastRespects,FlipTurn,AquaJet|Jolly||M|||50|]Garchomp||LifeOrb|RoughSkin|DragonClaw,Earthquake,RockSlide,Protect|Jolly||F|||50|]Sneasler||WhiteHerb|Unburden|CloseCombat,DireClaw,FakeOut,QuickGuard|Adamant||M|||50|\n|showteam|p2|Floette-Eternal||Floettite|FlowerVeil|DazzlingGleam,DrainingKiss,CalmMind,Protect|Timid||F|||50|]Sneasler||FocusSash|PoisonTouch|CloseCombat,PoisonJab,FakeOut,Coaching|Jolly||F|||50|]Incineroar||SitrusBerry|Intimidate|FlareBlitz,DarkestLariat,PartingShot,FakeOut|Impish||F|||50|]Sinistcha||OccaBerry|Hospitality|MatchaGotcha,RagePowder,TrickRoom,Protect|Bold|||||50|]Delphox||Delphoxite|Blaze|Psychic,HeatWave,NastyPlot,Protect|Timid||M|||50|]Garchomp||ChoiceScarf|RoughSkin|DragonClaw,StompingTantrum,Earthquake,RockSlide|Adamant||M|||50|\n|c|☆Pokecraft15|glhf\n|c|☆platanoso|glhf\n|inactive|Battle timer is ON: inactive players will automatically lose when time's up. (requested by platanoso)\n|inactive|Pokecraft15 has 60 seconds left.\n|\n|t:|1788378972\n|teamsize|p1|4\n|teamsize|p2|4\n|start\n|switch|p1a: Delphox|Delphox, L50, F|100/100\n|switch|p1b: Legio|Basculegion, L50, M|100/100\n|switch|p2a: Floette|Floette-Eternal, L50, F|100/100\n|switch|p2b: Incineroar|Incineroar, L50, F|100/100\n|-ability|p2b: Incineroar|Intimidate|boost\n|-unboost|p1a: Delphox|atk|1\n|-unboost|p1b: Legio|atk|1\n|turn|1\n|inactive|platanoso has 30 seconds left.\n|inactive|platanoso has 20 seconds left.\n|\n|t:|1788379012\n|detailschange|p2a: Floette|Floette-Mega, L50, F\n|-mega|p2a: Floette|Floette|Floettite\n|-ability|p2a: Floette|Fairy Aura\n|move|p1a: Delphox|Protect|p1a: Delphox\n|-singleturn|p1a: Delphox|Protect\n|move|p1b: Legio|Flip Turn|p2a: Floette\n|-damage|p2a: Floette|75/100\n|\n|t:|1788379019\n|switch|p1b: Catnap|Sneasler, L50, M|100/100|[from] Flip Turn\n|move|p2a: Floette|Calm Mind|p2a: Floette\n|-boost|p2a: Floette|spa|1\n|-boost|p2a: Floette|spd|1\n|move|p2b: Incineroar|Parting Shot|p1a: Delphox\n|-activate|p1a: Delphox|move: Protect\n|\n|upkeep\n|turn|2\n|inactive|Pokecraft15 has 30 seconds left.\n|\n|t:|1788379054\n|switch|p2b: Sinistcha|Sinistcha, L50|100/100\n|-heal|p2a: Floette|100/100|[from] ability: Hospitality|[of] p2b: Sinistcha\n|detailschange|p1a: Delphox|Delphox-Mega, L50, F\n|-mega|p1a: Delphox|Delphox|Delphoxite\n|move|p1a: Delphox|Heat Wave|p2b: Sinistcha|[spread] p2a,p2b\n|-supereffective|p2b: Sinistcha|1\n|-enditem|p2b: Sinistcha|Occa Berry|[eat]\n|-enditem|p2b: Sinistcha|Occa Berry|[weaken]\n|-damage|p2a: Floette|76/100\n|-damage|p2b: Sinistcha|58/100\n|move|p1b: Catnap|Close Combat|p2b: Sinistcha\n|-immune|p2b: Sinistcha\n|move|p2a: Floette|Draining Kiss|p1b: Catnap\n|-damage|p1b: Catnap|28/100\n|-heal|p2a: Floette|100/100|[from] drain|[of] p1b: Catnap\n|\n|upkeep\n|turn|3\n|inactive|platanoso has 30 seconds left.\n|\n|t:|1788379084\n|switch|p1b: Whimsicorps|Whimsicott, L50, F, shiny|100/100\n|switch|p2b: Garchomp|Garchomp, L50, M|100/100\n|move|p2a: Floette|Protect|p2a: Floette\n|-singleturn|p2a: Floette|Protect\n|move|p1a: Delphox|Heat Wave|p2b: Garchomp|[spread] p2b\n|-activate|p2a: Floette|move: Protect\n|-resisted|p2b: Garchomp|1\n|-damage|p2b: Garchomp|77/100\n|\n|upkeep\n|turn|4\n|\n|t:|1788379099\n|switch|p2a: Incineroar|Incineroar, L50, F|100/100\n|-ability|p2a: Incineroar|Intimidate|boost\n|-unboost|p1a: Delphox|atk|1\n|-unboost|p1b: Whimsicorps|atk|1\n|move|p1a: Delphox|Protect|p1a: Delphox\n|-singleturn|p1a: Delphox|Protect\n|move|p1b: Whimsicorps|Encore|p2a: Incineroar\n|-hint|Since gen 7, Dark is immune to Prankster moves.\n|-immune|p2a: Incineroar\n|move|p2b: Garchomp|Rock Slide|p1a: Delphox|[spread] p1b\n|-activate|p1a: Delphox|move: Protect\n|-damage|p1b: Whimsicorps|70/100\n|\n|upkeep\n|turn|5\n|\n|t:|1788379114\n|switch|p1a: Legio|Basculegion, L50, M|100/100\n|move|p2b: Garchomp|Rock Slide|p1b: Whimsicorps|[spread] p1b\n|-miss|p2b: Garchomp|p1a: Legio\n|-damage|p1b: Whimsicorps|37/100\n|move|p1b: Whimsicorps|Moonblast|p2b: Garchomp\n|-supereffective|p2b: Garchomp|1\n|-damage|p2b: Garchomp|6/100\n|move|p2a: Incineroar|Flare Blitz|p1b: Whimsicorps\n|-supereffective|p1b: Whimsicorps|1\n|-damage|p1b: Whimsicorps|0 fnt\n|faint|p1b: Whimsicorps\n|-damage|p2a: Incineroar|91/100|[from] Recoil\n|\n|upkeep\n|\n|t:|1788379135\n|switch|p1b: Catnap|Sneasler, L50, M|28/100\n|turn|6\n|\n|t:|1788379154\n|move|p1b: Catnap|Fake Out|p2b: Garchomp\n|-damage|p2b: Garchomp|0 fnt\n|-damage|p1b: Catnap|16/100|[from] ability: Rough Skin|[of] p2b: Garchomp\n|faint|p2b: Garchomp\n|move|p1a: Legio|Last Respects|p2a: Incineroar\n|-resisted|p2a: Incineroar|1\n|-damage|p2a: Incineroar|67/100\n|move|p2a: Incineroar|Parting Shot|p1a: Legio\n|-unboost|p1a: Legio|atk|1\n|-unboost|p1a: Legio|spa|1\n|\n|t:|1788379178\n|switch|p2a: Sinistcha|Sinistcha, L50|58/100|[from] Parting Shot\n|\n|upkeep\n|\n|t:|1788379182\n|switch|p2b: Incineroar|Incineroar, L50, F|67/100\n|-ability|p2b: Incineroar|Intimidate|boost\n|-unboost|p1a: Legio|atk|1\n|-unboost|p1b: Catnap|atk|1\n|-enditem|p1b: Catnap|White Herb\n|-clearnegativeboost|p1b: Catnap|[silent]\n|turn|7\n|\n|t:|1788379196\n|switch|p1b: Delphox|Delphox-Mega, L50, F|100/100\n|move|p1a: Legio|Last Respects|p2a: Sinistcha\n|-supereffective|p2a: Sinistcha|1\n|-damage|p2a: Sinistcha|7/100\n|move|p2a: Sinistcha|Matcha Gotcha|p1a: Legio|[spread] p1a\n|-miss|p2a: Sinistcha|p1b: Delphox\n|-supereffective|p1a: Legio|1\n|-damage|p1a: Legio|45/100\n|-heal|p2a: Sinistcha|37/100|[from] drain|[of] p1a: Legio\n|move|p2b: Incineroar|Parting Shot|p1a: Legio\n|-unboost|p1a: Legio|atk|1\n|-unboost|p1a: Legio|spa|1\n|\n|t:|1788379208\n|switch|p2b: Floette|Floette-Mega, L50, F|100/100|[from] Parting Shot\n|-ability|p2b: Floette|Fairy Aura\n|\n|upkeep\n|turn|8\n|\n|t:|1788379221\n|switch|p1a: Catnap|Sneasler, L50, M|16/100\n|move|p1b: Delphox|Heat Wave|p2b: Floette|[spread] p2a,p2b\n|-supereffective|p2a: Sinistcha|1\n|-damage|p2a: Sinistcha|0 fnt\n|-damage|p2b: Floette|68/100\n|-status|p2b: Floette|brn\n|faint|p2a: Sinistcha\n|move|p2b: Floette|Calm Mind|p2b: Floette\n|-boost|p2b: Floette|spa|1\n|-boost|p2b: Floette|spd|1\n|\n|-damage|p2b: Floette|62/100 brn|[from] brn\n|upkeep\n|\n|t:|1788379228\n|switch|p2a: Incineroar|Incineroar, L50, F|67/100\n|-ability|p2a: Incineroar|Intimidate|boost\n|-unboost|p1a: Catnap|atk|1\n|-unboost|p1b: Delphox|atk|1\n|turn|9\n|\n|t:|1788379238\n|move|p1a: Catnap|Fake Out|p2a: Incineroar\n|-damage|p2a: Incineroar|60/100\n|cant|p2a: Incineroar|flinch\n|move|p1b: Delphox|Psyshock|p2b: Floette\n|-damage|p2b: Floette|18/100 brn\n|move|p2b: Floette|Draining Kiss|p1a: Catnap\n|-damage|p1a: Catnap|0 fnt\n|-heal|p2b: Floette|30/100 brn|[from] drain|[of] p1a: Catnap\n|faint|p1a: Catnap\n|\n|-damage|p2b: Floette|24/100 brn|[from] brn\n|upkeep\n|\n|t:|1788379245\n|switch|p1a: Legio|Basculegion, L50, M|45/100\n|turn|10\n|c|☆Pokecraft15|ggwp\n|-message|platanoso forfeited.\n|raw|Pokecraft15's rating: 1330 &rarr; <strong>1345</strong><br />(+15 for winning)\n|raw|platanoso's rating: 1235 &rarr; <strong>1217</strong><br />(-18 for losing)\n|\n|win|Pokecraft15\n|l|☆platanoso\n|player|p2|\n","uploadtime":1788378905,"views":"8","formatid":"gen9championsvgc2026regmbbo3","rating":1217,"private":0,"password":null}