{"id":"gen9championsvgc2026regmb-2674913419","format":"[Gen 9 Champions] VGC 2026 Reg M-B","players":["HospitalityCheck","Thornlace48812"],"log":"|j|☆HospitalityCheck\n|j|☆Thornlace48812\n|t:|1788434872\n|gametype|doubles\n|player|p1|HospitalityCheck|2|1097\n|player|p2|Thornlace48812|102|1133\n|gen|9\n|tier|[Gen 9 Champions] VGC 2026 Reg M-B\n|rated|\n|rule|Species Clause: Limit one of each Pokémon\n|rule|Item Clause: Limit 1 of each item\n|clearpoke\n|poke|p1|Metagross, L50|\n|poke|p1|Incineroar, L50, M|\n|poke|p1|Sinistcha, L50|\n|poke|p1|Whimsicott, L50, M|\n|poke|p1|Garchomp, L50, F|\n|poke|p1|Kingambit, L50, M|\n|poke|p2|Garchomp, L50, F|\n|poke|p2|Charizard, L50, F|\n|poke|p2|Whimsicott, L50, F|\n|poke|p2|Sylveon, L50, F|\n|poke|p2|Kingambit, L50, F|\n|poke|p2|Basculegion, L50, M|\n|teampreview|4\n|inactive|Battle timer is ON: inactive players will automatically lose when time's up. (requested by Thornlace48812)\n|inactive|HospitalityCheck also wants the timer to be on.\nThornlace48812 rejected open team sheets.\n|\n|t:|1788434874\n|teamsize|p1|4\n|teamsize|p2|4\n|start\n|switch|p1a: Metagross|Metagross, L50|100/100\n|switch|p1b: Incineroar|Incineroar, L50, M|100/100\n|switch|p2a: Charizard|Charizard, L50, F|100/100\n|switch|p2b: Kingambit|Kingambit, L50, F|100/100\n|-ability|p1b: Incineroar|Intimidate|boost\n|-unboost|p2a: Charizard|atk|1\n|-unboost|p2b: Kingambit|atk|1\n|turn|1\n|\n|t:|1788434874\n|move|p2a: Charizard|Protect|p2a: Charizard\n|-singleturn|p2a: Charizard|Protect\n|move|p1a: Metagross|Protect|p1a: Metagross\n|-singleturn|p1a: Metagross|Protect\n|move|p1b: Incineroar|Fake Out|p2a: Charizard\n|-activate|p2a: Charizard|move: Protect\n|move|p2b: Kingambit|Kowtow Cleave|p1a: Metagross\n|-activate|p1a: Metagross|move: Protect\n|\n|upkeep\n|turn|2\n|\n|t:|1788434876\n|switch|p1a: Garchomp|Garchomp, L50, F|100/100\n|detailschange|p2a: Charizard|Charizard-Mega-Y, L50, F\n|-mega|p2a: Charizard|Charizard|Charizardite Y\n|-weather|SunnyDay|[from] ability: Drought|[of] p2a: Charizard\n|move|p2a: Charizard|Heat Wave|p1a: Garchomp|[spread] \n|-miss|p2a: Charizard|p1a: Garchomp\n|-miss|p2a: Charizard|p1b: Incineroar\n|move|p2b: Kingambit|Kowtow Cleave|p1a: Garchomp\n|-damage|p1a: Garchomp|62/100\n|-damage|p2b: Kingambit|87/100|[from] ability: Rough Skin|[of] p1a: Garchomp\n|move|p1b: Incineroar|Throat Chop|p2a: Charizard\n|-damage|p2a: Charizard|59/100\n|-start|p2a: Charizard|Throat Chop|[silent]\n|\n|-weather|SunnyDay|[upkeep]\n|upkeep\n|turn|3\n|\n|t:|1788434877\n|switch|p2a: Sylveon|Sylveon, L50, F|100/100\n|move|p2b: Kingambit|Sucker Punch|p1a: Garchomp\n|-damage|p1a: Garchomp|28/100\n|-damage|p2b: Kingambit|75/100|[from] ability: Rough Skin|[of] p1a: Garchomp\n|move|p1a: Garchomp|Dragon Claw|p2b: Kingambit\n|-resisted|p2b: Kingambit|1\n|-damage|p2b: Kingambit|50/100g\n|-damage|p1a: Garchomp|18/100|[from] item: Life Orb\n|move|p1b: Incineroar|Parting Shot|p2a: Sylveon\n|-unboost|p2a: Sylveon|atk|1\n|-unboost|p2a: Sylveon|spa|1\n|\n|t:|1788434878\n|switch|p1b: Whimsicott|Whimsicott, L50, M|100/100|[from] Parting Shot\n|\n|-weather|SunnyDay|[upkeep]\n|upkeep\n|turn|4\n|\n|t:|1788434879\n|move|p1b: Whimsicott|Tailwind|p1b: Whimsicott\n|-sidestart|p1: HospitalityCheck|move: Tailwind\n|move|p2b: Kingambit|Sucker Punch|p1a: Garchomp\n|-damage|p1a: Garchomp|0 fnt\n|-damage|p2b: Kingambit|37/100|[from] ability: Rough Skin|[of] p1a: Garchomp\n|faint|p1a: Garchomp\n|move|p2a: Sylveon|Hyper Voice|p1b: Whimsicott\n|-damage|p1b: Whimsicott|22/100\n|\n|-weather|SunnyDay|[upkeep]\n|upkeep\n|\n|t:|1788434880\n|switch|p1a: Incineroar|Incineroar, L50, M|100/100\n|-ability|p1a: Incineroar|Intimidate|boost\n|-unboost|p2a: Sylveon|atk|1\n|-unboost|p2b: Kingambit|atk|1\n|turn|5\n|\n|t:|1788434882\n|switch|p1b: Metagross|Metagross, L50|100/100\n|move|p1a: Incineroar|Flare Blitz|p2b: Kingambit\n|-supereffective|p2b: Kingambit|1\n|-damage|p2b: Kingambit|0 fnt\n|faint|p2b: Kingambit\n|-end|p2b: Kingambit|fallenundefined|[silent]\n|-damage|p1a: Incineroar|89/100|[from] Recoil\n|move|p2a: Sylveon|Hyper Voice|p1b: Metagross|[spread] p1a,p1b\n|-resisted|p1b: Metagross|1\n|-damage|p1a: Incineroar|63/100\n|-damage|p1b: Metagross|78/100\n|\n|-weather|SunnyDay|[upkeep]\n|upkeep\n|\n|t:|1788434882\n|switch|p2b: Charizard|Charizard-Mega-Y, L50, F|59/100\n|turn|6\n|\n|t:|1788434883\n|move|p1b: Metagross|Protect|p1b: Metagross\n|-singleturn|p1b: Metagross|Protect\n|move|p2b: Charizard|Protect|p2b: Charizard\n|-singleturn|p2b: Charizard|Protect\n|move|p2a: Sylveon|Detect|p2a: Sylveon\n|-singleturn|p2a: Sylveon|Protect\n|move|p1a: Incineroar|Parting Shot|p2b: Charizard\n|-activate|p2b: Charizard|move: Protect\n|\n|-weather|none\n|upkeep\n|turn|7\n|\n|t:|1788434885\n|detailschange|p1b: Metagross|Metagross-Mega, L50\n|-mega|p1b: Metagross|Metagross|Metagrossite\n|move|p1b: Metagross|Psychic Fangs|p2b: Charizard\n|-crit|p2b: Charizard\n|-damage|p2b: Charizard|0 fnt\n|faint|p2b: Charizard\n|move|p1a: Incineroar|Flare Blitz|p2a: Sylveon\n|-damage|p2a: Sylveon|40/100\n|-damage|p1a: Incineroar|45/100|[from] Recoil\n|-enditem|p1a: Incineroar|Sitrus Berry|[eat]\n|-heal|p1a: Incineroar|70/100|[from] item: Sitrus Berry\n|move|p2a: Sylveon|Hyper Voice|p1a: Incineroar|[spread] p1a,p1b\n|-resisted|p1b: Metagross|1\n|-damage|p1a: Incineroar|47/100\n|-damage|p1b: Metagross|61/100\n|\n|-sideend|p1: HospitalityCheck|move: Tailwind\n|upkeep\n|\n|t:|1788434885\n|switch|p2b: Basculegion|Basculegion, L50, M|100/100\n|turn|8\n|\n|t:|1788434886\n|move|p1b: Metagross|Protect|p1b: Metagross\n|-singleturn|p1b: Metagross|Protect\n|move|p2b: Basculegion|Last Respects|p1b: Metagross\n|-activate|p1b: Metagross|move: Protect\n|move|p2a: Sylveon|Hyper Voice|p1a: Incineroar|[spread] p1a\n|-activate|p1b: Metagross|move: Protect\n|-damage|p1a: Incineroar|21/100\n|move|p1a: Incineroar|Parting Shot|p2a: Sylveon\n|-unboost|p2a: Sylveon|atk|1\n|-unboost|p2a: Sylveon|spa|1\n|\n|t:|1788434888\n|switch|p1a: Whimsicott|Whimsicott, L50, M|22/100|[from] Parting Shot\n|\n|upkeep\n|turn|9\n|\n|t:|1788434889\n|move|p1b: Metagross|Protect|p1b: Metagross\n|-singleturn|p1b: Metagross|Protect\n|move|p1a: Whimsicott|Tailwind|p1a: Whimsicott\n|-sidestart|p1: HospitalityCheck|move: Tailwind\n|move|p2b: Basculegion|Last Respects|p1b: Metagross\n|-activate|p1b: Metagross|move: Protect\n|move|p2a: Sylveon|Hyper Voice|p1b: Metagross|[spread] p1a\n|-activate|p1b: Metagross|move: Protect\n|-damage|p1a: Whimsicott|0 fnt\n|faint|p1a: Whimsicott\n|\n|upkeep\n|\n|t:|1788434890\n|switch|p1a: Incineroar|Incineroar, L50, M|21/100\n|-ability|p1a: Incineroar|Intimidate|boost\n|-unboost|p2a: Sylveon|atk|1\n|-unboost|p2b: Basculegion|atk|1\n|turn|10\n|\n|t:|1788434891\n|move|p2a: Sylveon|Detect|p2a: Sylveon\n|-singleturn|p2a: Sylveon|Protect\n|move|p1b: Metagross|Psychic Fangs|p2b: Basculegion\n|-damage|p2b: Basculegion|26/100\n|move|p1a: Incineroar|Flare Blitz|p2b: Basculegion\n|-resisted|p2b: Basculegion|1\n|-damage|p2b: Basculegion|1/100\n|-damage|p1a: Incineroar|13/100|[from] Recoil\n|move|p2b: Basculegion|Last Respects|p1b: Metagross\n|-supereffective|p1b: Metagross|1\n|-damage|p1b: Metagross|0 fnt\n|faint|p1b: Metagross\n|\n|upkeep\n|turn|11\n|\n|t:|1788434892\n|move|p1a: Incineroar|Parting Shot|p2a: Sylveon\n|-unboost|p2a: Sylveon|atk|1\n|-unboost|p2a: Sylveon|spa|1\n|move|p2b: Basculegion|Last Respects|p1a: Incineroar\n|-resisted|p1a: Incineroar|1\n|-damage|p1a: Incineroar|0 fnt\n|faint|p1a: Incineroar\n|\n|win|Thornlace48812\n|raw|HospitalityCheck's rating: 1097 &rarr; <strong>1075</strong><br />(-22 for losing)\n|raw|Thornlace48812's rating: 1133 &rarr; <strong>1155</strong><br />(+22 for winning)\n","uploadtime":1788434892,"views":"4","formatid":"gen9championsvgc2026regmb","rating":1075,"private":0,"password":null}