{"id":"gen9championsvgc2026regmbbo3-2674069964","format":"[Gen 9 Champions] VGC 2026 Reg M-B (Bo3)","players":["Treecko25","threekfive"],"log":"|j|☆Treecko25\n|j|☆threekfive\n|html|<table width=\"100%\"><tr><td align=\"left\">Treecko25</td><td align=\"right\">threekfive</tr><tr><td align=\"left\"><i class=\"fa fa-circle\"></i> <i class=\"fa fa-circle-o\"></i> </td><td align=\"right\"><i class=\"fa fa-circle-o\"></i> <i class=\"fa fa-circle\"></i> </tr></table>\n|uhtml|bestof|<h2><strong>Game 3</strong> of <a href=\"/game-bestof3-gen9championsvgc2026regmbbo3-2674064087\">a best-of-3</a></h2>\n|t:|1788295055\n|gametype|doubles\n|player|p1|Treecko25|hilda|1193\n|player|p2|threekfive|266|1284\n|gen|9\n|tier|[Gen 9 Champions] VGC 2026 Reg M-B (Bo3)\n|rated|\n|rule|Species Clause: Limit one of each Pokémon\n|rule|Item Clause: Limit 1 of each item\n|clearpoke\n|poke|p1|Sinistcha, L50|\n|poke|p1|Grimmsnarl, L50, M|\n|poke|p1|Floette-Eternal, L50, F|\n|poke|p1|Incineroar, L50, F|\n|poke|p1|Staraptor, L50, M|\n|poke|p1|Gholdengo, L50|\n|poke|p2|Charizard, L50, M|\n|poke|p2|Venusaur, L50, M|\n|poke|p2|Grimmsnarl, L50, M|\n|poke|p2|Archaludon, L50, F|\n|poke|p2|Swampert, L50, M|\n|poke|p2|Pelipper, L50, M|\n|teampreview|4\n|showteam|p1|Sinistcha||SitrusBerry|Hospitality|MatchaGotcha,RagePowder,TrickRoom,Protect|Relaxed|||||50|]Grimmsnarl||LightClay|Prankster|FakeOut,SpiritBreak,LightScreen,Reflect|Careful||M|||50|]Floette-Eternal||Floettite|FlowerVeil|DrainingKiss,DazzlingGleam,CalmMind,Protect|Modest||F|||50|]Incineroar||PasshoBerry|Intimidate|FakeOut,FlareBlitz,DarkestLariat,PartingShot|Impish||F|||50|]Staraptor||Staraptite|Intimidate|DualWingbeat,CloseCombat,Roost,Protect|Jolly||M|||50|]Gholdengo||LifeOrb|GoodasGold|MakeItRain,ShadowBall,NastyPlot,Protect|Modest|||||50|\n|showteam|p2|Charizard||CharizarditeY|Blaze|Protect,Hurricane,HeatWave,WeatherBall|Modest||M|||50|]Venusaur||FocusSash|Chlorophyll|Protect,SludgeBomb,LeafStorm,SleepPowder|Modest||M|||50|]Grimmsnarl||LightClay|Prankster|SpiritBreak,PartingShot,Reflect,LightScreen|Sassy||M|||50|]Archaludon||Leftovers|Stamina|Protect,FlashCannon,ElectroShot,DracoMeteor|Calm||F|||50|]Swampert||Swampertite|Torrent|Protect,WaveCrash,Earthquake,IcePunch|Adamant||M|||50|]Pelipper||SitrusBerry|Drizzle|Hurricane,Tailwind,WeatherBall,WideGuard|Modest||M|||50|\n|inactive|Battle timer is ON: inactive players will automatically lose when time's up. (requested by threekfive)\n|inactive|threekfive has 60 seconds left.\n|\n|t:|1788295089\n|teamsize|p1|4\n|teamsize|p2|4\n|start\n|switch|p1a: Grimmsnarl|Grimmsnarl, L50, M|100/100\n|switch|p1b: Floette|Floette-Eternal, L50, F|100/100\n|switch|p2a: Charizard|Charizard, L50, M|100/100\n|switch|p2b: Venusaur|Venusaur, L50, M|100/100\n|turn|1\n|\n|t:|1788295108\n|detailschange|p2a: Charizard|Charizard-Mega-Y, L50, M\n|-mega|p2a: Charizard|Charizard|Charizardite Y\n|-weather|SunnyDay|[from] ability: Drought|[of] p2a: Charizard\n|detailschange|p1b: Floette|Floette-Mega, L50, F\n|-mega|p1b: Floette|Floette|Floettite\n|-ability|p1b: Floette|Fairy Aura\n|move|p1a: Grimmsnarl|Fake Out|p2b: Venusaur\n|-damage|p2b: Venusaur|86/100\n|cant|p2b: Venusaur|flinch\n|move|p2a: Charizard|Weather Ball|p1b: Floette\n|-damage|p1b: Floette|30/100\n|move|p1b: Floette|Calm Mind|p1b: Floette\n|-boost|p1b: Floette|spa|1\n|-boost|p1b: Floette|spd|1\n|\n|-weather|SunnyDay|[upkeep]\n|upkeep\n|turn|2\n|\n|t:|1788295130\n|move|p1b: Floette|Protect|p1b: Floette\n|-singleturn|p1b: Floette|Protect\n|move|p1a: Grimmsnarl|Light Screen|p1a: Grimmsnarl\n|-sidestart|p1: Treecko25|move: Light Screen\n|move|p2b: Venusaur|Sludge Bomb|p1a: Grimmsnarl\n|-supereffective|p1a: Grimmsnarl|1\n|-damage|p1a: Grimmsnarl|50/100g\n|move|p2a: Charizard|Weather Ball|p1a: Grimmsnarl\n|-damage|p1a: Grimmsnarl|0 fnt\n|faint|p1a: Grimmsnarl\n|\n|-weather|SunnyDay|[upkeep]\n|upkeep\n|\n|t:|1788295138\n|switch|p1a: Sinistcha|Sinistcha, L50|100/100\n|-heal|p1b: Floette|55/100|[from] ability: Hospitality|[of] p1a: Sinistcha\n|turn|3\n|\n|t:|1788295150\n|move|p2b: Venusaur|Sludge Bomb|p1b: Floette\n|-supereffective|p1b: Floette|1\n|-damage|p1b: Floette|27/100\n|-status|p1b: Floette|psn\n|move|p2a: Charizard|Heat Wave|p1a: Sinistcha|[spread] p1a,p1b\n|-supereffective|p1a: Sinistcha|1\n|-damage|p1a: Sinistcha|11/100\n|-damage|p1b: Floette|3/100 psn\n|-enditem|p1a: Sinistcha|Sitrus Berry|[eat]\n|-heal|p1a: Sinistcha|36/100|[from] item: Sitrus Berry\n|move|p1b: Floette|Draining Kiss|p2a: Charizard\n|-resisted|p2a: Charizard|1\n|-damage|p2a: Charizard|71/100\n|-heal|p1b: Floette|25/100 psn|[from] drain|[of] p2a: Charizard\n|move|p1a: Sinistcha|Trick Room|p1a: Sinistcha\n|-fieldstart|move: Trick Room|[of] p1a: Sinistcha\n|\n|-weather|SunnyDay|[upkeep]\n|-damage|p1b: Floette|12/100 psn|[from] psn\n|upkeep\n|turn|4\n|inactive|threekfive has 30 seconds left.\n|\n|t:|1788295181\n|switch|p1a: Knox|Gholdengo, L50|100/100\n|switch|p2a: Pelipper|Pelipper, L50, M|100/100\n|-weather|RainDance|[from] ability: Drizzle|[of] p2a: Pelipper\n|move|p1b: Floette|Draining Kiss|p2a: Pelipper\n|-damage|p2a: Pelipper|28/100\n|-heal|p1b: Floette|63/100 psn|[from] drain|[of] p2a: Pelipper\n|-enditem|p2a: Pelipper|Sitrus Berry|[eat]\n|-heal|p2a: Pelipper|52/100|[from] item: Sitrus Berry\n|move|p2b: Venusaur|Sludge Bomb|p1b: Floette\n|-supereffective|p1b: Floette|1\n|-damage|p1b: Floette|35/100 psn\n|\n|-weather|RainDance|[upkeep]\n|-damage|p1b: Floette|23/100 psn|[from] psn\n|upkeep\n|turn|5\n|inactive|threekfive has 30 seconds left.\n|inactive|threekfive has 20 seconds left.\n|inactive|threekfive has 15 seconds left.\n|inactive|threekfive has 10 seconds left.\n|\n|t:|1788295227\n|move|p2a: Pelipper|Wide Guard|p2a: Pelipper\n|-singleturn|p2a: Pelipper|Wide Guard\n|move|p1a: Knox|Nasty Plot|p1a: Knox\n|-boost|p1a: Knox|spa|2\n|move|p1b: Floette|Draining Kiss|p2a: Pelipper\n|-damage|p2a: Pelipper|0 fnt\n|-heal|p1b: Floette|60/100 psn|[from] drain|[of] p2a: Pelipper\n|faint|p2a: Pelipper\n|move|p2b: Venusaur|Sludge Bomb|p1b: Floette\n|-supereffective|p1b: Floette|1\n|-damage|p1b: Floette|31/100 psn\n|\n|-weather|RainDance|[upkeep]\n|-damage|p1b: Floette|19/100 psn|[from] psn\n|upkeep\n|\n|t:|1788295240\n|switch|p2a: Charizard|Charizard-Mega-Y, L50, M|71/100\n|-weather|SunnyDay|[from] ability: Drought|[of] p2a: Charizard\n|turn|6\n|\n|t:|1788295265\n|switch|p2b: Archaludon|Archaludon, L50, F|100/100\n|move|p1a: Knox|Make It Rain|p2b: Archaludon|[spread] p2a,p2b\n|-resisted|p2a: Charizard|1\n|-resisted|p2b: Archaludon|1\n|-damage|p2a: Charizard|23/100\n|-damage|p2b: Archaludon|48/100\n|-unboost|p1a: Knox|spa|2\n|-ability|p2b: Archaludon|Stamina|boost\n|-boost|p2b: Archaludon|def|1\n|-damage|p1a: Knox|90/100|[from] item: Life Orb\n|move|p1b: Floette|Draining Kiss|p2a: Charizard\n|-resisted|p2a: Charizard|1\n|-damage|p2a: Charizard|0 fnt\n|-heal|p1b: Floette|36/100 psn|[from] drain|[of] p2a: Charizard\n|faint|p2a: Charizard\n|\n|-weather|SunnyDay|[upkeep]\n|-heal|p2b: Archaludon|54/100|[from] item: Leftovers\n|-damage|p1b: Floette|24/100 psn|[from] psn\n|upkeep\n|\n|t:|1788295282\n|switch|p2a: Venusaur|Venusaur, L50, M|86/100\n|turn|7\n|inactive|threekfive has 30 seconds left.\n|\n|t:|1788295313\n|switch|p1a: Sinistcha|Sinistcha, L50|36/100\n|-heal|p1b: Floette|48/100 psn|[from] ability: Hospitality|[of] p1a: Sinistcha\n|move|p2b: Archaludon|Protect|p2b: Archaludon\n|-singleturn|p2b: Archaludon|Protect\n|move|p1b: Floette|Draining Kiss|p2a: Venusaur\n|-resisted|p2a: Venusaur|1\n|-damage|p2a: Venusaur|53/100\n|-heal|p1b: Floette|70/100 psn|[from] drain|[of] p2a: Venusaur\n|move|p2a: Venusaur|Sludge Bomb|p1b: Floette\n|-supereffective|p1b: Floette|1\n|-damage|p1b: Floette|41/100 psn\n|\n|-weather|SunnyDay|[upkeep]\n|-heal|p2b: Archaludon|60/100|[from] item: Leftovers\n|-damage|p1b: Floette|28/100 psn|[from] psn\n|-fieldend|move: Trick Room\n|upkeep\n|turn|8\n|inactive|threekfive has 30 seconds left.\n|inactive|threekfive has 20 seconds left.\n|inactive|threekfive has 15 seconds left.\n|inactive|threekfive has 10 seconds left.\n|\n|t:|1788295360\n|move|p2a: Venusaur|Sludge Bomb|p1b: Floette\n|-supereffective|p1b: Floette|1\n|-damage|p1b: Floette|0 fnt\n|faint|p1b: Floette\n|move|p2b: Archaludon|Flash Cannon|p1a: Sinistcha\n|-damage|p1a: Sinistcha|11/100\n|move|p1a: Sinistcha|Trick Room|p1a: Sinistcha\n|-fieldstart|move: Trick Room|[of] p1a: Sinistcha\n|\n|-weather|SunnyDay|[upkeep]\n|-heal|p2b: Archaludon|67/100|[from] item: Leftovers\n|upkeep\n|\n|t:|1788295369\n|switch|p1b: Knox|Gholdengo, L50|90/100\n|turn|9\n|inactive|threekfive has 30 seconds left.\n|\n|t:|1788295403\n|move|p2a: Venusaur|Protect|p2a: Venusaur\n|-singleturn|p2a: Venusaur|Protect\n|move|p1a: Sinistcha|Matcha Gotcha|p2a: Venusaur|[spread] p2b\n|-activate|p2a: Venusaur|move: Protect\n|-resisted|p2b: Archaludon|2\n|-damage|p2b: Archaludon|61/100\n|-heal|p1a: Sinistcha|14/100|[from] drain|[of] p2b: Archaludon\n|-ability|p2b: Archaludon|Stamina|boost\n|-boost|p2b: Archaludon|def|1\n|move|p2b: Archaludon|Flash Cannon|p1a: Sinistcha\n|-damage|p1a: Sinistcha|0 fnt\n|faint|p1a: Sinistcha\n|move|p1b: Knox|Nasty Plot|p1b: Knox\n|-boost|p1b: Knox|spa|2\n|\n|-weather|SunnyDay|[upkeep]\n|-heal|p2b: Archaludon|68/100|[from] item: Leftovers\n|-sideend|p1: Treecko25|move: Light Screen\n|upkeep\n|turn|10\n|inactive|threekfive has 30 seconds left.\n|\n|t:|1788295438\n|move|p2a: Venusaur|Protect||[still]\n|-fail|p2a: Venusaur\n|move|p2b: Archaludon|Draco Meteor|p1b: Knox\n|-resisted|p1b: Knox|1\n|-damage|p1b: Knox|64/100\n|-unboost|p2b: Archaludon|spa|2\n|move|p1b: Knox|Shadow Ball|p2a: Venusaur\n|-damage|p2a: Venusaur|0 fnt\n|faint|p2a: Venusaur\n|-damage|p1b: Knox|55/100|[from] item: Life Orb\n|\n|-weather|none\n|-heal|p2b: Archaludon|74/100|[from] item: Leftovers\n|upkeep\n|turn|11\n|\n|t:|1788295460\n|move|p2b: Archaludon|Draco Meteor|p1b: Knox\n|-resisted|p1b: Knox|1\n|-damage|p1b: Knox|41/100\n|-unboost|p2b: Archaludon|spa|2\n|move|p1b: Knox|Shadow Ball|p2b: Archaludon\n|-damage|p2b: Archaludon|0 fnt\n|faint|p2b: Archaludon\n|-damage|p1b: Knox|32/100|[from] item: Life Orb\n|\n|win|Treecko25\n|raw|Treecko25's rating: 1193 &rarr; <strong>1224</strong><br />(+31 for winning)\n|raw|threekfive's rating: 1284 &rarr; <strong>1253</strong><br />(-31 for losing)\n|l|☆threekfive\n|player|p2|\n","uploadtime":1788295514,"views":"4","formatid":"gen9championsvgc2026regmbbo3","rating":1224,"private":0,"password":null}