{"id":"gen9championsvgc2026regmb-2673971493","format":"[Gen 9 Champions] VGC 2026 Reg M-B","players":["boise blastoise","lokithered"],"log":"|j|☆boise blastoise\n|j|☆lokithered\n|html|<table width=\"100%\"><tr><td align=\"left\">boise blastoise</td><td align=\"right\">lokithered</tr><tr><td align=\"left\"><i class=\"fa fa-circle-o\"></i> <i class=\"fa fa-circle-o\"></i> </td><td align=\"right\"><i class=\"fa fa-circle-o\"></i> <i class=\"fa fa-circle-o\"></i> </tr></table>\n|uhtml|bestof|<h2><strong>Game 1</strong> of <a href=\"/game-bestof3-gen9championsvgc2026regmb-2673971492\">a best-of-3</a></h2>\n|t:|1788283347\n|gametype|doubles\n|player|p1|boise blastoise|hoopster|\n|player|p2|lokithered|2|\n|gen|9\n|tier|[Gen 9 Champions] VGC 2026 Reg M-B\n|rule|Species Clause: Limit one of each Pokémon\n|rule|Item Clause: Limit 1 of each item\n|raw|<div class=\"infobox\"><details class=\"readmore\" open><summary><strong>1 custom rule:</strong></summary> Best of = 3</details></div>\n|clearpoke\n|poke|p1|Sneasler, L50, M|\n|poke|p1|Torkoal, L50, M|\n|poke|p1|Venusaur, L50, M|\n|poke|p1|Golurk, L50|\n|poke|p1|Farigiraf, L50, F|\n|poke|p1|Kingambit, L50, F|\n|poke|p2|Dragonite, L50, F|\n|poke|p2|Charizard, L50, M|\n|poke|p2|Grimmsnarl, L50, M|\n|poke|p2|Zoroark-Hisui, L50, F|\n|poke|p2|Venusaur, L50, F|\n|poke|p2|Floette-Eternal, L50, F|\n|teampreview|4\n|c|☆boise blastoise|GLHF\n|c|☆lokithered|glhf\nboise blastoise rejected open team sheets.\n|\n|t:|1788283431\n|teamsize|p1|4\n|teamsize|p2|4\n|start\n|switch|p1a: Golurk|Golurk, L50|100/100\n|switch|p1b: Sneasler|Sneasler, L50, M|100/100\n|switch|p2a: Dragonite|Dragonite, L50, F|100/100\n|switch|p2b: Charizard|Charizard, L50, M|100/100\n|turn|1\n|\n|t:|1788283466\n|move|p1b: Sneasler|Rock Slide|p2a: Dragonite|[spread] p2a,p2b\n|-supereffective|p2a: Dragonite|1\n|-damage|p2a: Dragonite|60/100\n|-damage|p2b: Charizard|62/100\n|replace|p2b: Zoroark|Zoroark-Hisui, L50, F\n|-end|p2b: Zoroark|Illusion\n|move|p2b: Zoroark|Shadow Ball|p1a: Golurk\n|-supereffective|p1a: Golurk|1\n|-damage|p1a: Golurk|8/100\n|move|p2a: Dragonite|Tailwind|p2a: Dragonite\n|-sidestart|p2: lokithered|move: Tailwind\n|move|p1a: Golurk|Ice Punch|p2a: Dragonite\n|-supereffective|p2a: Dragonite|2\n|-damage|p2a: Dragonite|0 fnt\n|faint|p2a: Dragonite\n|\n|upkeep\n|\n|t:|1788283480\n|switch|p2a: Charizard|Charizard, L50, M|100/100\n|turn|2\n|\n|t:|1788283503\n|detailschange|p2a: Charizard|Charizard-Mega-Y, L50, M\n|-mega|p2a: Charizard|Charizard|Charizardite Y\n|-weather|SunnyDay|[from] ability: Drought|[of] p2a: Charizard\n|move|p2b: Zoroark|Shadow Ball|p1b: Sneasler\n|-damage|p1b: Sneasler|42/100\n|move|p2a: Charizard|Heat Wave|p1a: Golurk|[spread] p1a,p1b\n|-damage|p1a: Golurk|0 fnt\n|-damage|p1b: Sneasler|0 fnt\n|faint|p1a: Golurk\n|faint|p1b: Sneasler\n|\n|-weather|SunnyDay|[upkeep]\n|upkeep\n|\n|t:|1788283512\n|switch|p1b: Venusaur|Venusaur, L50, M|100/100\n|switch|p1a: Kingambit|Kingambit, L50, F|100/100\n|turn|3\n|\n|t:|1788283533\n|move|p1a: Kingambit|Sucker Punch||[still]\n|-fail|p1a: Kingambit\n|move|p2b: Zoroark|Will-O-Wisp|p1a: Kingambit\n|-status|p1a: Kingambit|brn\n|move|p2a: Charizard|Heat Wave|p1b: Venusaur|[spread] p1a\n|-miss|p2a: Charizard|p1b: Venusaur\n|-supereffective|p1a: Kingambit|1\n|-enditem|p1a: Kingambit|Focus Sash\n|-damage|p1a: Kingambit|1/100 brn\n|move|p1b: Venusaur|Sleep Powder|p2a: Charizard\n|-status|p2a: Charizard|slp|[from] move: Sleep Powder\n|\n|-weather|SunnyDay|[upkeep]\n|-damage|p1a: Kingambit|0 fnt|[from] brn\n|faint|p1a: Kingambit\n|upkeep\n|turn|4\n|\n|t:|1788283550\n|move|p2b: Zoroark|Shadow Ball|p1b: Venusaur\n|-damage|p1b: Venusaur|59/100\n|cant|p2a: Charizard|slp\n|move|p1b: Venusaur|Giga Drain|p2b: Zoroark\n|-damage|p2b: Zoroark|0 fnt\n|-heal|p1b: Venusaur|81/100|[from] drain|[of] p2b: Zoroark\n|faint|p2b: Zoroark\n|-damage|p1b: Venusaur|72/100|[from] item: Life Orb\n|\n|-weather|SunnyDay|[upkeep]\n|-sideend|p2: lokithered|move: Tailwind\n|upkeep\n|\n|t:|1788283557\n|switch|p2b: Venusaur|Venusaur, L50, F|100/100\n|turn|5\n|\n|t:|1788283562\n|move|p2b: Venusaur|Sludge Bomb|p1b: Venusaur\n|-damage|p1b: Venusaur|34/100\n|move|p1b: Venusaur|Sludge Bomb|p2a: Charizard\n|-damage|p2a: Charizard|52/100 slp\n|-damage|p1b: Venusaur|25/100|[from] item: Life Orb\n|-curestatus|p2a: Charizard|slp|[msg]\n|move|p2a: Charizard|Weather Ball|p1b: Venusaur\n|-supereffective|p1b: Venusaur|1\n|-damage|p1b: Venusaur|0 fnt\n|faint|p1b: Venusaur\n|\n|win|lokithered\n||boise blastoise is ready for game 2.\n||lokithered is ready for game 2.\n|uhtml|next|Next: <a href=\"/battle-gen9championsvgc2026regmb-2673973395\"><strong>Game 2 of 3</strong></a>\n|j| PreMaturely\n|j| chicco_the_best\n|l| PreMaturely\n|l| chicco_the_best\n|j| chicco_the_best\n|l| chicco_the_best\n","uploadtime":1788285127,"views":"10","formatid":"gen9championsvgc2026regmb","rating":null,"private":0,"password":null}