{"id":"gen9championsvgc2026regmb-2673927472","format":"[Gen 9 Champions] VGC 2026 Reg M-B","players":["psychowarz","RBLT FrugTheGreat"],"log":"|j|☆psychowarz\n|j|☆RBLT FrugTheGreat\n|t:|1788278107\n|gametype|doubles\n|player|p1|psychowarz|guitarist-gen4|1393\n|player|p2|RBLT FrugTheGreat|169|1300\n|gen|9\n|tier|[Gen 9 Champions] VGC 2026 Reg M-B\n|rated|\n|rule|Species Clause: Limit one of each Pokémon\n|rule|Item Clause: Limit 1 of each item\n|clearpoke\n|poke|p1|Charizard, L50, M|\n|poke|p1|Kingambit, L50, M|\n|poke|p1|Garchomp, L50, F|\n|poke|p1|Farigiraf, L50, F|\n|poke|p1|Whimsicott, L50, F|\n|poke|p1|Metagross, L50|\n|poke|p2|Chandelure, L50, M|\n|poke|p2|Whimsicott, L50, F|\n|poke|p2|Kingambit, L50, M|\n|poke|p2|Tsareena, L50, F|\n|poke|p2|Starmie, L50|\n|poke|p2|Garchomp, L50, F|\n|teampreview|4\n|j| BiggieSmallzz\n|\n|t:|1788278145\n|teamsize|p1|4\n|teamsize|p2|4\n|start\n|switch|p1a: Whimsicott|Whimsicott, L50, F|100/100\n|switch|p1b: Metagross|Metagross, L50|100/100\n|switch|p2a: Garchomp|Garchomp, L50, F|100/100\n|switch|p2b: Whimsicott|Whimsicott, L50, F|100/100\n|turn|1\n|inactive|Battle timer is ON: inactive players will automatically lose when time's up. (requested by psychowarz)\n|\n|t:|1788278160\n|detailschange|p1b: Metagross|Metagross-Mega, L50\n|-mega|p1b: Metagross|Metagross|Metagrossite\n|move|p1a: Whimsicott|Tailwind|p1a: Whimsicott\n|-sidestart|p1: psychowarz|move: Tailwind\n|move|p2b: Whimsicott|Tailwind|p2b: Whimsicott\n|-sidestart|p2: RBLT FrugTheGreat|move: Tailwind\n|move|p1b: Metagross|Ice Punch|p2a: Garchomp\n|-supereffective|p2a: Garchomp|2\n|-damage|p2a: Garchomp|0 fnt\n|-damage|p1b: Metagross|87/100|[from] ability: Rough Skin|[of] p2a: Garchomp\n|faint|p2a: Garchomp\n|\n|upkeep\n|\n|t:|1788278168\n|switch|p2a: Kingambit|Kingambit, L50, M|100/100\n|turn|2\n|\n|t:|1788278183\n|switch|p1b: Farigiraf|Farigiraf, L50, F|100/100\n|move|p2b: Whimsicott|Sunny Day|p2b: Whimsicott\n|-weather|SunnyDay\n|move|p1a: Whimsicott|Encore|p2b: Whimsicott\n|-start|p2b: Whimsicott|Encore\n|move|p2a: Kingambit|Sucker Punch||[still]\n|cant|p1b: Farigiraf|ability: Armor Tail|Sucker Punch|[of] p2a: Kingambit\n|\n|-weather|SunnyDay|[upkeep]\n|upkeep\n|turn|3\n|inactive|psychowarz has 30 seconds left.\n|\n|t:|1788278210\n|switch|p2b: Chandelure|Chandelure, L50, M|100/100\n|move|p1a: Whimsicott|Moonblast|p2a: Kingambit\n|-damage|p2a: Kingambit|62/100\n|move|p2a: Kingambit|Iron Head|p1a: Whimsicott\n|-supereffective|p1a: Whimsicott|1\n|-enditem|p1a: Whimsicott|Focus Sash\n|-damage|p1a: Whimsicott|1/100\n|move|p1b: Farigiraf|Psychic|p2b: Chandelure\n|-damage|p2b: Chandelure|58/100\n|\n|-weather|SunnyDay|[upkeep]\n|upkeep\n|turn|4\n|\n|t:|1788278232\n|switch|p1a: Garchomp|Garchomp, L50, F|100/100\n|detailschange|p2b: Chandelure|Chandelure-Mega, L50, M\n|-mega|p2b: Chandelure|Chandelure|Chandelurite\n|move|p2b: Chandelure|Protect|p2b: Chandelure\n|-singleturn|p2b: Chandelure|Protect\n|move|p2a: Kingambit|Iron Head|p1a: Garchomp\n|-damage|p1a: Garchomp|50/100g\n|-damage|p2a: Kingambit|50/100g|[from] ability: Rough Skin|[of] p1a: Garchomp\n|move|p1b: Farigiraf|Imprison|p1b: Farigiraf\n|-start|p1b: Farigiraf|move: Imprison\n|\n|-weather|SunnyDay|[upkeep]\n|-sideend|p2: RBLT FrugTheGreat|move: Tailwind\n|-sideend|p1: psychowarz|move: Tailwind\n|upkeep\n|turn|5\n|inactive|RBLT FrugTheGreat has 30 seconds left.\n|\n|t:|1788278262\n|switch|p2b: Whimsicott|Whimsicott, L50, F|100/100\n|move|p1b: Farigiraf|Protect|p1b: Farigiraf\n|-singleturn|p1b: Farigiraf|Protect\n|move|p1a: Garchomp|Earthquake|p2a: Kingambit|[spread] p2a,p2b\n|-activate|p1b: Farigiraf|move: Protect\n|-supereffective|p2a: Kingambit|1\n|-resisted|p2b: Whimsicott|1\n|-damage|p2a: Kingambit|0 fnt\n|-damage|p2b: Whimsicott|62/100\n|faint|p2a: Kingambit\n|-damage|p1a: Garchomp|41/100|[from] item: Life Orb\n|\n|-weather|SunnyDay|[upkeep]\n|upkeep\n|j| elskerhafla\n|\n|t:|1788278268\n|switch|p2a: Chandelure|Chandelure-Mega, L50, M|58/100\n|turn|6\n|l| elskerhafla\n|\n|t:|1788278282\n|move|p1a: Garchomp|Protect|p1a: Garchomp\n|-singleturn|p1a: Garchomp|Protect\n|move|p2b: Whimsicott|Moonblast|p1a: Garchomp\n|-activate|p1a: Garchomp|move: Protect\n|move|p2a: Chandelure|Heat Wave|p1b: Farigiraf|[spread] p1b\n|-activate|p1a: Garchomp|move: Protect\n|-damage|p1b: Farigiraf|53/100\n|move|p1b: Farigiraf|Trick Room|p1b: Farigiraf\n|-fieldstart|move: Trick Room|[of] p1b: Farigiraf\n|\n|-weather|none\n|upkeep\n|turn|7\n|\n|t:|1788278294\n|move|p1b: Farigiraf|Psychic|p2a: Chandelure\n|-damage|p2a: Chandelure|25/100\n|-unboost|p2a: Chandelure|spd|1\n|move|p2a: Chandelure|Heat Wave|p1a: Garchomp|[spread] p1a,p1b\n|-resisted|p1a: Garchomp|1\n|-damage|p1a: Garchomp|18/100\n|-damage|p1b: Farigiraf|20/100y\n|-enditem|p1b: Farigiraf|Sitrus Berry|[eat]\n|-heal|p1b: Farigiraf|45/100|[from] item: Sitrus Berry\n|move|p2b: Whimsicott|Moonblast|p1a: Garchomp\n|-supereffective|p1a: Garchomp|1\n|-damage|p1a: Garchomp|0 fnt\n|faint|p1a: Garchomp\n|\n|upkeep\n|\n|t:|1788278300\n|switch|p1a: Metagross|Metagross-Mega, L50|87/100\n|turn|8\n|\n|t:|1788278314\n|move|p1b: Farigiraf|Psychic|p2a: Chandelure\n|-damage|p2a: Chandelure|0 fnt\n|faint|p2a: Chandelure\n|move|p2b: Whimsicott|Moonblast|p1b: Farigiraf\n|-damage|p1b: Farigiraf|18/100\n|move|p1a: Metagross|Ice Punch|p2b: Whimsicott\n|-supereffective|p2b: Whimsicott|1\n|-damage|p2b: Whimsicott|0 fnt\n|faint|p2b: Whimsicott\n|\n|win|psychowarz\n|raw|psychowarz's rating: 1393 &rarr; <strong>1408</strong><br />(+15 for winning)\n|raw|RBLT FrugTheGreat's rating: 1300 &rarr; <strong>1282</strong><br />(-18 for losing)\n|l|☆RBLT FrugTheGreat\n|player|p2|\n","uploadtime":1788278320,"views":"0","formatid":"gen9championsvgc2026regmb","rating":1282,"private":0,"password":null}