{"id":"gen9championsvgc2026regmbbo3-2673550962","format":"[Gen 9 Champions] VGC 2026 Reg M-B (Bo3)","players":["freudianbreath","Chicops"],"log":"|j|☆freudianbreath\n|j|☆Chicops\n|html|<table width=\"100%\"><tr><td align=\"left\">freudianbreath</td><td align=\"right\">Chicops</tr><tr><td align=\"left\"><i class=\"fa fa-circle\"></i> <i class=\"fa fa-circle-o\"></i> </td><td align=\"right\"><i class=\"fa fa-circle-o\"></i> <i class=\"fa fa-circle\"></i> </tr></table>\n|uhtml|bestof|<h2><strong>Game 3</strong> of <a href=\"/game-bestof3-gen9championsvgc2026regmbbo3-2673546150\">a best-of-3</a></h2>\n|t:|1788211949\n|gametype|doubles\n|player|p1|freudianbreath|2|1099\n|player|p2|Chicops|gambler|1149\n|gen|9\n|tier|[Gen 9 Champions] VGC 2026 Reg M-B (Bo3)\n|rated|\n|rule|Species Clause: Limit one of each Pokémon\n|rule|Item Clause: Limit 1 of each item\n|clearpoke\n|poke|p1|Sneasler, L50, M|\n|poke|p1|Incineroar, L50, M|\n|poke|p1|Gengar, L50, F|\n|poke|p1|Sinistcha-Masterpiece, L50|\n|poke|p1|Dragonite, L50, F|\n|poke|p1|Charizard, L50, F|\n|poke|p2|Tyranitar, L50, F, shiny|\n|poke|p2|Excadrill, L50, F|\n|poke|p2|Milotic, L50, F, shiny|\n|poke|p2|Gholdengo, L50|\n|poke|p2|Sinistcha, L50|\n|poke|p2|Staraptor, L50, F, shiny|\n|teampreview|4\n|showteam|p1|Sneasler||SitrusBerry|PoisonTouch|FakeOut,CloseCombat,DireClaw,Uturn|Jolly||M|||50|]Incineroar||Charcoal|Intimidate|FakeOut,FlareBlitz,PartingShot,Snarl|Brave||M|||50|]Gengar||Gengarite|CursedBody|Protect,Taunt,SludgeBomb,WillOWisp|Timid||F|||50|]Sinistcha-Masterpiece||MiracleSeed|Heatproof|MatchaGotcha,ShadowBall,Scald,TrickRoom|Quiet|||||50|]Dragonite||Leftovers|Multiscale|Protect,DragonClaw,ExtremeSpeed,IceSpinner|Adamant||F|||50|]Charizard||CharizarditeY|Blaze|HeatWave,AncientPower,Overheat,Protect|Timid||F|||50|\n|showteam|p2|Tyranitar||Tyranitarite|SandStream|KnockOff,RockSlide,HighHorsepower,Protect|Jolly||F|||50|]Excadrill||FocusSash|SandRush|HighHorsepower,IronHead,RockSlide,Protect|Jolly||F|||50|]Milotic||SitrusBerry|Competitive|Scald,IcyWind,Haze,Protect|Calm||F|||50|]Gholdengo||LifeOrb|GoodasGold|MakeItRain,ShadowBall,NastyPlot,Protect|Modest|||||50|]Sinistcha||ColburBerry|Hospitality|MatchaGotcha,ShadowBall,Protect,RagePowder|Bold|||||50|]Staraptor||Staraptite|Intimidate|CloseCombat,BraveBird,Tailwind,Protect|Jolly||F|||50|\n|inactive|Battle timer is ON: inactive players will automatically lose when time's up. (requested by Chicops)\n|inactive|freudianbreath has 60 seconds left.\n|inactive|freudianbreath has 30 seconds left.\n|inactive|freudianbreath has 20 seconds left.\n|inactive|freudianbreath has 15 seconds left.\n|inactive|freudianbreath has 10 seconds left.\n|inactive|freudianbreath has 5 seconds left.\n|\n|t:|1788212064\n|teamsize|p1|4\n|teamsize|p2|4\n|start\n|switch|p1a: Sinistcha|Sinistcha-Masterpiece, L50|100/100\n|switch|p1b: Sneasler|Sneasler, L50, M|100/100\n|switch|p2a: Staraptor|Staraptor, L50, F, shiny|100/100\n|switch|p2b: Gholdengo|Gholdengo, L50|100/100\n|-ability|p2a: Staraptor|Intimidate|boost\n|-unboost|p1a: Sinistcha|atk|1\n|-unboost|p1b: Sneasler|atk|1\n|turn|1\n|inactive|freudianbreath has 30 seconds left.\n|inactive|Chicops has 30 seconds left.\n|inactive|freudianbreath has 20 seconds left.\n|inactive|freudianbreath has 15 seconds left.\n|inactive|freudianbreath has 10 seconds left.\n|inactive|freudianbreath has 5 seconds left.\n|\n|t:|1788212114\n|switch|p1a: Dragonite|Dragonite, L50, F|100/100\n|detailschange|p2a: Staraptor|Staraptor-Mega, L50, F, shiny\n|-mega|p2a: Staraptor|Staraptor|Staraptite\n|move|p1b: Sneasler|Fake Out|p2a: Staraptor\n|-damage|p2a: Staraptor|91/100\n|cant|p2a: Staraptor|flinch\n|move|p2b: Gholdengo|Shadow Ball|p1a: Dragonite\n|-damage|p1a: Dragonite|77/100\n|-unboost|p1a: Dragonite|spd|1\n|-damage|p2b: Gholdengo|90/100|[from] item: Life Orb\n|\n|-heal|p1a: Dragonite|83/100|[from] item: Leftovers\n|upkeep\n|turn|2\n|inactive|freudianbreath has 30 seconds left.\n|inactive|Chicops has 30 seconds left.\n|inactive|freudianbreath has 20 seconds left.\n|inactive|Chicops has 20 seconds left.\n|inactive|freudianbreath has 15 seconds left.\n|inactive|Chicops has 15 seconds left.\n|inactive|freudianbreath has 10 seconds left.\n|inactive|Chicops has 10 seconds left.\n|inactive|freudianbreath has 5 seconds left.\n|\n|t:|1788212169\n|switch|p1a: Sinistcha|Sinistcha-Masterpiece, L50|100/100\n|move|p1b: Sneasler|U-turn|p2a: Staraptor\n|-resisted|p2a: Staraptor|2\n|-damage|p2a: Staraptor|87/100\n|\n|t:|1788212187\n|switch|p1b: Charizard|Charizard, L50, F|100/100|[from] U-turn\n|move|p2a: Staraptor|Close Combat|p1b: Charizard\n|-resisted|p1b: Charizard|1\n|-damage|p1b: Charizard|62/100\n|-boost|p2a: Staraptor|def|1\n|-boost|p2a: Staraptor|spd|1\n|move|p2b: Gholdengo|Make It Rain|p1a: Sinistcha|[spread] p1a,p1b\n|-resisted|p1b: Charizard|1\n|-damage|p1a: Sinistcha|32/100\n|-damage|p1b: Charizard|26/100\n|-unboost|p2b: Gholdengo|spa|2\n|-damage|p2b: Gholdengo|80/100|[from] item: Life Orb\n|\n|upkeep\n|turn|3\n|inactive|freudianbreath has 30 seconds left.\n|inactive|Chicops has 30 seconds left.\n|inactive|freudianbreath has 20 seconds left.\n|inactive|freudianbreath has 15 seconds left.\n|inactive|freudianbreath has 10 seconds left.\n|inactive|freudianbreath has 5 seconds left.\n|\n|t:|1788212240\n|switch|p2b: Sinistcha|Sinistcha, L50|100/100\n|-heal|p2a: Staraptor|100/100|[from] ability: Hospitality|[of] p2b: Sinistcha\n|move|p1b: Charizard|Protect|p1b: Charizard\n|-singleturn|p1b: Charizard|Protect\n|move|p2a: Staraptor|Brave Bird|p1b: Charizard\n|-activate|p1b: Charizard|move: Protect\n|move|p1a: Sinistcha|Matcha Gotcha|p2b: Sinistcha|[spread] p2b\n|-miss|p1a: Sinistcha|p2a: Staraptor\n|-resisted|p2b: Sinistcha|1\n|-damage|p2b: Sinistcha|81/100\n|-heal|p1a: Sinistcha|41/100|[from] drain|[of] p2b: Sinistcha\n|\n|upkeep\n|turn|4\n|inactive|freudianbreath has 30 seconds left.\n|inactive|Chicops has 30 seconds left.\n|inactive|freudianbreath has 20 seconds left.\n|inactive|freudianbreath has 15 seconds left.\n|inactive|freudianbreath has 10 seconds left.\n|inactive|freudianbreath has 5 seconds left.\n|\n|t:|1788212293\n|switch|p1b: Dragonite|Dragonite, L50, F|83/100\n|move|p2a: Staraptor|Close Combat|p1b: Dragonite\n|-resisted|p1b: Dragonite|1\n|-damage|p1b: Dragonite|57/100\n|-boost|p2a: Staraptor|def|1\n|-boost|p2a: Staraptor|spd|1\n|move|p2b: Sinistcha|Shadow Ball|p1a: Sinistcha\n|-supereffective|p1a: Sinistcha|1\n|-damage|p1a: Sinistcha|0 fnt\n|faint|p1a: Sinistcha\n|\n|-heal|p1b: Dragonite|63/100|[from] item: Leftovers\n|upkeep\n|inactive|freudianbreath has 30 seconds left.\n|inactive|freudianbreath has 20 seconds left.\n|\n|t:|1788212333\n|switch|p1a: Sneasler|Sneasler, L50, M|100/100\n|turn|5\n|inactive|Chicops has 30 seconds left.\n|\n|t:|1788212362\n|move|p1a: Sneasler|Fake Out|p2a: Staraptor\n|-damage|p2a: Staraptor|93/100\n|cant|p2a: Staraptor|flinch\n|move|p1b: Dragonite|Ice Spinner|p2b: Sinistcha\n|-supereffective|p2b: Sinistcha|1\n|-damage|p2b: Sinistcha|34/100\n|move|p2b: Sinistcha|Shadow Ball|p1b: Dragonite\n|-damage|p1b: Dragonite|34/100\n|\n|-heal|p1b: Dragonite|40/100|[from] item: Leftovers\n|upkeep\n|turn|6\n|inactive|freudianbreath has 30 seconds left.\n|inactive|freudianbreath has 20 seconds left.\n|\n|t:|1788212398\n|move|p2b: Sinistcha|Rage Powder|p2b: Sinistcha\n|-singleturn|p2b: Sinistcha|move: Rage Powder\n|move|p1a: Sneasler|Dire Claw|p2b: Sinistcha\n|-damage|p2b: Sinistcha|1/100\n|move|p2a: Staraptor|Brave Bird|p1b: Dragonite\n|-damage|p1b: Dragonite|0 fnt\n|faint|p1b: Dragonite\n|-damage|p2a: Staraptor|78/100|[from] Recoil\n|\n|upkeep\n|\n|t:|1788212407\n|switch|p1b: Charizard|Charizard, L50, F|26/100\n|turn|7\n|inactive|freudianbreath has 30 seconds left.\n|\n|t:|1788212434\n|switch|p2b: Milotic|Milotic, L50, F, shiny|100/100\n|detailschange|p1b: Charizard|Charizard-Mega-Y, L50, F\n|-mega|p1b: Charizard|Charizard|Charizardite Y\n|-weather|SunnyDay|[from] ability: Drought|[of] p1b: Charizard\n|move|p2a: Staraptor|Protect|p2a: Staraptor\n|-singleturn|p2a: Staraptor|Protect\n|move|p1a: Sneasler|Dire Claw|p2a: Staraptor\n|-activate|p2a: Staraptor|move: Protect\n|move|p1b: Charizard|Heat Wave|p2a: Staraptor|[spread] p2b\n|-activate|p2a: Staraptor|move: Protect\n|-resisted|p2b: Milotic|1\n|-damage|p2b: Milotic|77/100\n|\n|-weather|SunnyDay|[upkeep]\n|upkeep\n|turn|8\n|inactive|freudianbreath has 30 seconds left.\n|\n|t:|1788212467\n|move|p1a: Sneasler|Dire Claw|p2a: Staraptor\n|-damage|p2a: Staraptor|59/100\n|-status|p2a: Staraptor|slp\n|cant|p2a: Staraptor|slp\n|move|p1b: Charizard|Heat Wave|p2b: Milotic|[spread] p2a,p2b\n|-resisted|p2b: Milotic|1\n|-damage|p2a: Staraptor|29/100 slp\n|-damage|p2b: Milotic|56/100\n|move|p2b: Milotic|Icy Wind|p1a: Sneasler|[spread] p1a,p1b\n|-damage|p1a: Sneasler|85/100\n|-damage|p1b: Charizard|15/100\n|-unboost|p1a: Sneasler|spe|1\n|-unboost|p1b: Charizard|spe|1\n|\n|-weather|SunnyDay|[upkeep]\n|upkeep\n|turn|9\n|inactive|freudianbreath has 30 seconds left.\n|inactive|freudianbreath has 20 seconds left.\n|inactive|freudianbreath has 15 seconds left.\n|inactive|freudianbreath has 10 seconds left.\n|\n|t:|1788212516\n|switch|p2b: Sinistcha|Sinistcha, L50|1/100\n|-heal|p2a: Staraptor|53/100 slp|[from] ability: Hospitality|[of] p2b: Sinistcha\n|cant|p2a: Staraptor|slp\n|move|p1a: Sneasler|Dire Claw|p2a: Staraptor\n|-damage|p2a: Staraptor|32/100 slp\n|move|p1b: Charizard|Heat Wave|p2b: Sinistcha|[spread] p2a,p2b\n|-supereffective|p2b: Sinistcha|1\n|-damage|p2a: Staraptor|1/100 slp\n|-damage|p2b: Sinistcha|0 fnt\n|faint|p2b: Sinistcha\n|\n|-weather|SunnyDay|[upkeep]\n|upkeep\n|\n|t:|1788212529\n|switch|p2b: Gholdengo|Gholdengo, L50|80/100\n|turn|10\n|inactive|freudianbreath has 15 seconds left this turn.\n|inactive|freudianbreath has 10 seconds left.\n|\n|t:|1788212539\n|-curestatus|p2a: Staraptor|slp|[msg]\n|move|p2a: Staraptor|Brave Bird|p1a: Sneasler\n|-supereffective|p1a: Sneasler|1\n|-damage|p1a: Sneasler|0 fnt\n|faint|p1a: Sneasler\n|-damage|p2a: Staraptor|0 fnt|[from] Recoil\n|faint|p2a: Staraptor\n|move|p2b: Gholdengo|Shadow Ball|p1b: Charizard\n|-damage|p1b: Charizard|0 fnt\n|faint|p1b: Charizard\n|-damage|p2b: Gholdengo|71/100|[from] item: Life Orb\n|\n|win|Chicops\n|raw|freudianbreath's rating: 1099 &rarr; <strong>1078</strong><br />(-21 for losing)\n|raw|Chicops's rating: 1149 &rarr; <strong>1170</strong><br />(+21 for winning)\n","uploadtime":1788212547,"views":"4","formatid":"gen9championsvgc2026regmbbo3","rating":1078,"private":0,"password":null}