{"id":"gen9championsvgc2026regmb-2674706774","format":"[Gen 9 Champions] VGC 2026 Reg M-B","players":["Difjsjc","bigsih"],"log":"|j|☆Difjsjc\n|j|☆bigsih\n|t:|1788393578\n|gametype|doubles\n|player|p1|Difjsjc|clerk-boss|1292\n|player|p2|bigsih|flannery|1196\n|gen|9\n|tier|[Gen 9 Champions] VGC 2026 Reg M-B\n|rated|\n|rule|Species Clause: Limit one of each Pokémon\n|rule|Item Clause: Limit 1 of each item\n|clearpoke\n|poke|p1|Toxapex, L50, F|\n|poke|p1|Overqwil, L50, M|\n|poke|p1|Scolipede, L50, F|\n|poke|p1|Sneasler, L50, M, shiny|\n|poke|p1|Venusaur, L50, M|\n|poke|p1|Slowking-Galar, L50, F|\n|poke|p2|Dragonite, L50, M|\n|poke|p2|Whimsicott, L50, M|\n|poke|p2|Basculegion, L50, M|\n|poke|p2|Annihilape, L50, F|\n|poke|p2|Meganium, L50, M|\n|poke|p2|Sneasler, L50, F|\n|teampreview|4\n|inactive|Battle timer is ON: inactive players will automatically lose when time's up. (requested by bigsih)\n|inactive|bigsih has 60 seconds left.\n|\n|t:|1788393616\n|teamsize|p1|4\n|teamsize|p2|4\n|start\n|switch|p1a: Chernobyl|Toxapex, L50, F|100/100\n|switch|p1b: Migraine|Slowking-Galar, L50, F|100/100\n|switch|p2a: can|Whimsicott, L50, M|100/100\n|switch|p2b: ihatefaries|Sneasler, L50, F|100/100\n|turn|1\n|\n|t:|1788393634\n|move|p2b: ihatefaries|Fake Out|p1b: Migraine\n|-damage|p1b: Migraine|88/100\n|move|p2a: can|Dazzling Gleam|p1b: Migraine|[spread] p1a,p1b\n|-resisted|p1a: Chernobyl|1\n|-resisted|p1b: Migraine|1\n|-damage|p1a: Chernobyl|91/100\n|-damage|p1b: Migraine|80/100\n|move|p1a: Chernobyl|Light Screen|p1a: Chernobyl\n|-sidestart|p1: Difjsjc|move: Light Screen\n|cant|p1b: Migraine|flinch\n|\n|upkeep\n|turn|2\n|\n|t:|1788393654\n|-heal|p1a: Chernobyl|100/100|[from] ability: Regenerator|[silent]\n|switch|p1a: Minesweeper|Overqwil, L50, M|100/100\n|-ability|p1a: Minesweeper|Intimidate|boost\n|-unboost|p2a: can|atk|1\n|-unboost|p2b: ihatefaries|atk|1\n|move|p2a: can|Encore|p1a: Minesweeper\n|-hint|Since gen 7, Dark is immune to Prankster moves.\n|-immune|p1a: Minesweeper\n|move|p2b: ihatefaries|Close Combat|p1b: Migraine\n|-resisted|p1b: Migraine|2\n|-damage|p1b: Migraine|71/100\n|-unboost|p2b: ihatefaries|def|1\n|-unboost|p2b: ihatefaries|spd|1\n|move|p1b: Migraine|Psychic Noise|p2b: ihatefaries\n|-supereffective|p2b: ihatefaries|2\n|-damage|p2b: ihatefaries|0 fnt\n|faint|p2b: ihatefaries\n|\n|upkeep\n|\n|t:|1788393678\n|switch|p2b: fatty|Dragonite, L50, M|100/100\n|turn|3\n|\n|t:|1788393696\n|detailschange|p2b: fatty|Dragonite-Mega, L50, M\n|-mega|p2b: fatty|Dragonite|Dragoninite\n|move|p2a: can|Protect|p2a: can\n|-singleturn|p2a: can|Protect\n|move|p2b: fatty|Dragon Pulse|p1a: Minesweeper\n|-damage|p1a: Minesweeper|57/100\n|move|p1a: Minesweeper|Stockpile|p1a: Minesweeper\n|-start|p1a: Minesweeper|stockpile1\n|-boost|p1a: Minesweeper|def|1\n|-boost|p1a: Minesweeper|spd|1\n|move|p1b: Migraine|Acid Spray|p2a: can\n|-activate|p2a: can|move: Protect\n|\n|upkeep\n|turn|4\n|\n|t:|1788393719\n|move|p1a: Minesweeper|Protect|p1a: Minesweeper\n|-singleturn|p1a: Minesweeper|Protect\n|move|p2a: can|Tailwind|p2a: can\n|-sidestart|p2: bigsih|move: Tailwind\n|move|p2b: fatty|Dragon Pulse|p1b: Migraine\n|-damage|p1b: Migraine|46/100\n|move|p1b: Migraine|Trick Room|p1b: Migraine\n|-fieldstart|move: Trick Room|[of] p1b: Migraine\n|\n|upkeep\n|turn|5\n|\n|t:|1788393736\n|move|p2a: can|Encore|p1b: Migraine\n|-start|p1b: Migraine|Encore\n|move|p1a: Minesweeper|Pain Split|p2b: fatty\n|-sethp|p2b: fatty|83/100|[from] move: Pain Split|[silent]\n|-sethp|p1a: Minesweeper|71/100|[from] move: Pain Split\n|move|p2b: fatty|Dragon Pulse|p1a: Minesweeper\n|-damage|p1a: Minesweeper|39/100\n|-enditem|p1a: Minesweeper|Sitrus Berry|[eat]\n|-heal|p1a: Minesweeper|64/100|[from] item: Sitrus Berry\n|move|p1b: Migraine|Trick Room|p1b: Migraine\n|-fieldend|move: Trick Room\n|\n|upkeep\n|turn|6\n|\n|t:|1788393752\n|-heal|p1b: Migraine|79/100|[from] ability: Regenerator|[silent]\n|switch|p1b: Chernobyl|Toxapex, L50, F|100/100\n|move|p2a: can|Dazzling Gleam|p1a: Minesweeper|[spread] p1a,p1b\n|-resisted|p1b: Chernobyl|1\n|-damage|p1a: Minesweeper|52/100\n|-damage|p1b: Chernobyl|93/100\n|move|p2b: fatty|Dragon Pulse|p1b: Chernobyl\n|-damage|p1b: Chernobyl|63/100\n|move|p1a: Minesweeper|Crunch|p2b: fatty\n|-damage|p2b: fatty|41/100\n|\n|upkeep\n|turn|7\n|\n|t:|1788393769\n|move|p2a: can|Dazzling Gleam|p1a: Minesweeper|[spread] p1a,p1b\n|-resisted|p1b: Chernobyl|1\n|-damage|p1a: Minesweeper|38/100\n|-damage|p1b: Chernobyl|57/100\n|move|p2b: fatty|Dragon Pulse|p1a: Minesweeper\n|-damage|p1a: Minesweeper|10/100\n|move|p1a: Minesweeper|Crunch|p2b: fatty\n|-damage|p2b: fatty|1/100\n|-unboost|p2b: fatty|def|1\n|move|p1b: Chernobyl|Toxic|p2a: can\n|-status|p2a: can|tox\n|\n|-damage|p2a: can|94/100 tox|[from] psn\n|-sideend|p2: bigsih|move: Tailwind\n|upkeep\n|turn|8\n|\n|t:|1788393789\n|move|p1a: Minesweeper|Protect|p1a: Minesweeper\n|-singleturn|p1a: Minesweeper|Protect\n|move|p2b: fatty|Extreme Speed|p1a: Minesweeper\n|-activate|p1a: Minesweeper|move: Protect\n|move|p2a: can|Encore|p1b: Chernobyl\n|-start|p1b: Chernobyl|Encore\n|move|p1b: Chernobyl|Toxic|p2b: fatty\n|-status|p2b: fatty|tox\n|\n|-damage|p2a: can|82/100 tox|[from] psn\n|-damage|p2b: fatty|0 fnt|[from] psn\n|faint|p2b: fatty\n|-sideend|p1: Difjsjc|move: Light Screen\n|upkeep\n|\n|t:|1788393802\n|switch|p2b: bigfish|Basculegion, L50, M|100/100\n|turn|9\n|\n|t:|1788393814\n|switch|p1a: Migraine|Slowking-Galar, L50, F|79/100\n|move|p2b: bigfish|Last Respects|p1a: Migraine\n|-supereffective|p1a: Migraine|1\n|-damage|p1a: Migraine|0 fnt\n|faint|p1a: Migraine\n|move|p2a: can|Dazzling Gleam|p1b: Chernobyl\n|-resisted|p1b: Chernobyl|1\n|-damage|p1b: Chernobyl|44/100\n|move|p1b: Chernobyl|Toxic|p2b: bigfish\n|-status|p2b: bigfish|tox\n|\n|-damage|p2b: bigfish|93/100 tox|[from] psn\n|-damage|p2a: can|64/100 tox|[from] psn\n|upkeep\n|\n|t:|1788393821\n|switch|p1a: Minesweeper|Overqwil, L50, M|10/100\n|-ability|p1a: Minesweeper|Intimidate|boost\n|-unboost|p2a: can|atk|1\n|-unboost|p2b: bigfish|atk|1\n|turn|10\n|\n|t:|1788393834\n|-heal|p1b: Chernobyl|77/100|[from] ability: Regenerator|[silent]\n|switch|p1b: Asparagus|Venusaur, L50, M|100/100\n|move|p2b: bigfish|Last Respects|p1b: Asparagus\n|-damage|p1b: Asparagus|51/100\n|move|p2a: can|Dazzling Gleam|p1a: Minesweeper|[spread] p1a,p1b\n|-resisted|p1b: Asparagus|1\n|-damage|p1a: Minesweeper|0 fnt\n|-damage|p1b: Asparagus|41/100\n|faint|p1a: Minesweeper\n|\n|-damage|p2b: bigfish|81/100 tox|[from] psn\n|-damage|p2a: can|41/100 tox|[from] psn\n|upkeep\n|\n|t:|1788393841\n|switch|p1a: Chernobyl|Toxapex, L50, F|77/100\n|turn|11\n|\n|t:|1788393855\n|detailschange|p1b: Asparagus|Venusaur-Mega, L50, M\n|-mega|p1b: Asparagus|Venusaur|Venusaurite\n|move|p2b: bigfish|Last Respects|p1b: Asparagus\n|-damage|p1b: Asparagus|2/100\n|move|p2a: can|Dazzling Gleam|p1a: Chernobyl|[spread] p1a,p1b\n|-resisted|p1a: Chernobyl|1\n|-resisted|p1b: Asparagus|1\n|-damage|p1a: Chernobyl|68/100\n|-damage|p1b: Asparagus|0 fnt\n|faint|p1b: Asparagus\n|move|p1a: Chernobyl|Muddy Water|p2b: bigfish|[spread] p2b\n|-miss|p1a: Chernobyl|p2a: can\n|-resisted|p2b: bigfish|1\n|-damage|p2b: bigfish|73/100 tox\n|-unboost|p2b: bigfish|accuracy|1\n|\n|-damage|p2b: bigfish|55/100 tox|[from] psn\n|-damage|p2a: can|12/100 tox|[from] psn\n|upkeep\n|turn|12\n|\n|t:|1788393873\n|move|p2b: bigfish|Last Respects|p1a: Chernobyl|[miss]\n|-miss|p2b: bigfish|p1a: Chernobyl\n|move|p2a: can|Dazzling Gleam|p1a: Chernobyl\n|-resisted|p1a: Chernobyl|1\n|-damage|p1a: Chernobyl|56/100\n|move|p1a: Chernobyl|Muddy Water|p2b: bigfish|[spread] p2a,p2b\n|-resisted|p2a: can|1\n|-crit|p2a: can\n|-resisted|p2b: bigfish|1\n|-damage|p2a: can|0 fnt\n|-damage|p2b: bigfish|46/100 tox\n|faint|p2a: can\n|\n|-damage|p2b: bigfish|22/100 tox|[from] psn\n|upkeep\n|turn|13\n|\n|t:|1788393887\n|move|p2b: bigfish|Last Respects|p1a: Chernobyl\n|-damage|p1a: Chernobyl|5/100\n|move|p1a: Chernobyl|Muddy Water|p2b: bigfish\n|-resisted|p2b: bigfish|1\n|-damage|p2b: bigfish|11/100 tox\n|\n|-damage|p2b: bigfish|0 fnt|[from] psn\n|faint|p2b: bigfish\n|\n|win|Difjsjc\n|raw|Difjsjc's rating: 1292 &rarr; <strong>1310</strong><br />(+18 for winning)\n|raw|bigsih's rating: 1196 &rarr; <strong>1178</strong><br />(-18 for losing)\n|l|☆bigsih\n|player|p2|\n","uploadtime":1788393903,"views":"0","formatid":"gen9championsvgc2026regmb","rating":1178,"private":0,"password":null}