{"id":"gen9championsvgc2026regmbbo3-2674846930","format":"[Gen 9 Champions] VGC 2026 Reg M-B (Bo3)","players":["okkia3","BayleefVGC"],"log":"|j|☆okkia3\n|j|☆BayleefVGC\n|html|<table width=\"100%\"><tr><td align=\"left\">okkia3</td><td align=\"right\">BayleefVGC</tr><tr><td align=\"left\"><i class=\"fa fa-circle-o\"></i> <i class=\"fa fa-circle-o\"></i> </td><td align=\"right\"><i class=\"fa fa-circle-o\"></i> <i class=\"fa fa-circle\"></i> </tr></table>\n|uhtml|bestof|<h2><strong>Game 2</strong> of <a href=\"/game-bestof3-gen9championsvgc2026regmbbo3-2674845701\">a best-of-3</a></h2>\n|t:|1788420121\n|gametype|doubles\n|player|p1|okkia3|102|1045\n|player|p2|BayleefVGC|1|1248\n|gen|9\n|tier|[Gen 9 Champions] VGC 2026 Reg M-B (Bo3)\n|rated|\n|rule|Species Clause: Limit one of each Pokémon\n|rule|Item Clause: Limit 1 of each item\n|clearpoke\n|poke|p1|Charizard, L50, M|\n|poke|p1|Whimsicott, L50, M|\n|poke|p1|Basculegion, L50, M|\n|poke|p1|Farigiraf, L50, F|\n|poke|p1|Kangaskhan, L50, F|\n|poke|p1|Sneasler, L50, M|\n|poke|p2|Dragapult, L50, F|\n|poke|p2|Floette-Eternal, L50, F|\n|poke|p2|Kingambit, L50, M|\n|poke|p2|Swampert, L50, M|\n|poke|p2|Pelipper, L50, F|\n|poke|p2|Sneasler, L50, M|\n|teampreview|4\n|showteam|p1|Charizard||CharizarditeY|SolarPower|WeatherBall,HeatWave,SolarBeam,Protect|Timid||M|||50|]Whimsicott||FocusSash|Prankster|Moonblast,Tailwind,SunnyDay,Encore|Timid||M|||50|]Basculegion||ChoiceScarf|Adaptability|WaveCrash,AquaJet,LastRespects,FlipTurn|Adamant||M|||50|]Farigiraf||SitrusBerry|ArmorTail|Psychic,HyperVoice,HelpingHand,TrickRoom|Modest||F|||50|]Kangaskhan||Kangaskhanite|Scrappy|FakeOut,DoubleEdge,DrainPunch,SuckerPunch|Adamant||F|||50|]Sneasler||WhiteHerb|Unburden|FakeOut,CloseCombat,DireClaw,RockTomb|Adamant||M|||50|\n|showteam|p2|Dragapult||Leftovers|CursedBody|LightScreen,Uturn,Infestation,DragonDarts|Jolly||F|||50|]Floette-Eternal||Floettite|FlowerVeil|Moonblast,DazzlingGleam,CalmMind,Protect|Timid||F|||50|]Kingambit||ChopleBerry|Defiant|SuckerPunch,KowtowCleave,IronHead,Protect|Adamant||M|||50|]Swampert||Swampertite|Torrent|WaveCrash,Earthquake,IcePunch,Protect|Adamant||M|||50|]Pelipper||SitrusBerry|Drizzle|Hurricane,WeatherBall,Tailwind,WideGuard|Modest||F|||50|]Sneasler||WhiteHerb|Unburden|CloseCombat,DireClaw,FakeOut,Protect|Adamant||M|||50|\n|inactive|Battle timer is ON: inactive players will automatically lose when time's up. (requested by okkia3)\n|inactive|BayleefVGC also wants the timer to be on.\n|inactive|BayleefVGC has 60 seconds left.\n|\n|t:|1788420157\n|teamsize|p1|4\n|teamsize|p2|4\n|start\n|switch|p1a: Charizard|Charizard, L50, M|100/100\n|switch|p1b: Basculegion|Basculegion, L50, M|100/100\n|switch|p2a: Dragapult|Dragapult, L50, F|100/100\n|switch|p2b: Swampert|Swampert, L50, M|100/100\n|turn|1\n|\n|t:|1788420176\n|detailschange|p2b: Swampert|Swampert-Mega, L50, M\n|-mega|p2b: Swampert|Swampert|Swampertite\n|move|p1a: Charizard|Protect|p1a: Charizard\n|-singleturn|p1a: Charizard|Protect\n|move|p2b: Swampert|Protect|p2b: Swampert\n|-singleturn|p2b: Swampert|Protect\n|move|p2a: Dragapult|Light Screen|p2a: Dragapult\n|-sidestart|p2: BayleefVGC|move: Light Screen\n|move|p1b: Basculegion|Last Respects|p2a: Dragapult\n|-supereffective|p2a: Dragapult|1\n|-damage|p2a: Dragapult|15/100\n|\n|-heal|p2a: Dragapult|22/100|[from] item: Leftovers\n|upkeep\n|turn|2\n|inactive|BayleefVGC has 30 seconds left.\n|\n|t:|1788420201\n|switch|p1a: Sneasler|Sneasler, L50, M|100/100\n|move|p2a: Dragapult|U-turn|p1b: Basculegion\n|-resisted|p1b: Basculegion|1\n|-damage|p1b: Basculegion|88/100\n|\n|t:|1788420216\n|switch|p2a: Kingambit|Kingambit, L50, M|100/100|[from] U-turn\n|move|p1b: Basculegion|Last Respects|p2a: Kingambit\n|-resisted|p2a: Kingambit|1\n|-damage|p2a: Kingambit|87/100\n|move|p2b: Swampert|Wave Crash|p1a: Sneasler\n|-damage|p1a: Sneasler|0 fnt\n|faint|p1a: Sneasler\n|-damage|p2b: Swampert|70/100|[from] Recoil\n|\n|upkeep\n|\n|t:|1788420216\n|switch|p1a: Charizard|Charizard, L50, M|100/100\n|turn|3\n|\n|t:|1788420229\n|switch|p1b: Farigiraf|Farigiraf, L50, F|100/100\n|switch|p2a: Dragapult|Dragapult, L50, F|22/100\n|move|p1a: Charizard|Protect|p1a: Charizard\n|-singleturn|p1a: Charizard|Protect\n|move|p2b: Swampert|Protect||[still]\n|-fail|p2b: Swampert\n|\n|-heal|p2a: Dragapult|28/100|[from] item: Leftovers\n|upkeep\n|turn|4\n|inactive|BayleefVGC has 30 seconds left.\n|inactive|BayleefVGC has 20 seconds left.\n|inactive|BayleefVGC has 15 seconds left.\n|inactive|BayleefVGC has 10 seconds left.\n|\n|t:|1788420275\n|switch|p1a: Basculegion|Basculegion, L50, M|88/100\n|move|p2a: Dragapult|U-turn|p1b: Farigiraf\n|-supereffective|p1b: Farigiraf|1\n|-damage|p1b: Farigiraf|64/100\n|\n|t:|1788420282\n|switch|p2a: Kingambit|Kingambit, L50, M|87/100|[from] U-turn\n|move|p2b: Swampert|Wave Crash|p1a: Basculegion\n|-resisted|p1a: Basculegion|1\n|-damage|p1a: Basculegion|42/100\n|-damage|p2b: Swampert|53/100|[from] Recoil\n|move|p1b: Farigiraf|Psychic|p2a: Kingambit\n|-immune|p2a: Kingambit\n|\n|upkeep\n|turn|5\n|\n|t:|1788420295\n|switch|p1b: Charizard|Charizard, L50, M|100/100\n|switch|p2a: Pelipper|Pelipper, L50, F|100/100\n|-weather|RainDance|[from] ability: Drizzle|[of] p2a: Pelipper\n|move|p2b: Swampert|Earthquake|p1b: Charizard|[spread] p1a\n|-immune|p2a: Pelipper\n|-immune|p1b: Charizard\n|-damage|p1a: Basculegion|0 fnt\n|faint|p1a: Basculegion\n|\n|-weather|RainDance|[upkeep]\n|-sideend|p2: BayleefVGC|move: Light Screen\n|upkeep\n|\n|t:|1788420295\n|switch|p1a: Farigiraf|Farigiraf, L50, F|64/100\n|turn|6\n|\n|t:|1788420308\n|switch|p2a: Dragapult|Dragapult, L50, F|28/100\n|move|p2b: Swampert|Protect|p2b: Swampert\n|-singleturn|p2b: Swampert|Protect\n|move|p1b: Charizard|Protect|p1b: Charizard\n|-singleturn|p1b: Charizard|Protect\n|move|p1a: Farigiraf|Trick Room|p1a: Farigiraf\n|-fieldstart|move: Trick Room|[of] p1a: Farigiraf\n|\n|-weather|RainDance|[upkeep]\n|-heal|p2a: Dragapult|34/100|[from] item: Leftovers\n|upkeep\n|turn|7\n|inactive|BayleefVGC has 30 seconds left.\n|\n|t:|1788420336\n|switch|p2b: Kingambit|Kingambit, L50, M|87/100\n|detailschange|p1b: Charizard|Charizard-Mega-Y, L50, M\n|-mega|p1b: Charizard|Charizard|Charizardite Y\n|-weather|SunnyDay|[from] ability: Drought|[of] p1b: Charizard\n|move|p1a: Farigiraf|Psychic|p2a: Dragapult\n|-crit|p2a: Dragapult\n|-damage|p2a: Dragapult|0 fnt\n|faint|p2a: Dragapult\n|move|p1b: Charizard|Weather Ball|p2b: Kingambit\n|-supereffective|p2b: Kingambit|1\n|-damage|p2b: Kingambit|0 fnt\n|faint|p2b: Kingambit\n|\n|-weather|SunnyDay|[upkeep]\n|upkeep\n|\n|t:|1788420344\n|switch|p2b: Swampert|Swampert-Mega, L50, M|53/100\n|switch|p2a: Pelipper|Pelipper, L50, F|100/100\n|-weather|RainDance|[from] ability: Drizzle|[of] p2a: Pelipper\n|turn|8\n|\n|t:|1788420361\n|move|p2b: Swampert|Protect|p2b: Swampert\n|-singleturn|p2b: Swampert|Protect\n|move|p1a: Farigiraf|Psychic|p2a: Pelipper\n|-damage|p2a: Pelipper|47/100\n|-enditem|p2a: Pelipper|Sitrus Berry|[eat]\n|-heal|p2a: Pelipper|72/100|[from] item: Sitrus Berry\n|move|p2a: Pelipper|Weather Ball|p1b: Charizard\n|-supereffective|p1b: Charizard|1\n|-damage|p1b: Charizard|0 fnt\n|faint|p1b: Charizard\n|\n|-weather|RainDance|[upkeep]\n|upkeep\n|turn|9\n|\n|t:|1788420373\n|move|p1a: Farigiraf|Psychic|p2a: Pelipper\n|-damage|p2a: Pelipper|12/100\n|move|p2a: Pelipper|Weather Ball|p1a: Farigiraf\n|-damage|p1a: Farigiraf|4/100\n|-enditem|p1a: Farigiraf|Sitrus Berry|[eat]\n|-heal|p1a: Farigiraf|29/100|[from] item: Sitrus Berry\n|move|p2b: Swampert|Wave Crash|p1a: Farigiraf\n|-damage|p1a: Farigiraf|0 fnt\n|faint|p1a: Farigiraf\n|-damage|p2b: Swampert|41/100|[from] Recoil\n|\n|win|BayleefVGC\n|raw|okkia3's rating: 1045 &rarr; <strong>1037</strong><br />(-8 for losing)\n|raw|BayleefVGC's rating: 1248 &rarr; <strong>1260</strong><br />(+12 for winning)\n","uploadtime":1788420373,"views":"0","formatid":"gen9championsvgc2026regmbbo3","rating":1037,"private":0,"password":null}