{"id":"gen9championsvgc2026regmbbo3-2674001708","format":"[Gen 9 Champions] VGC 2026 Reg M-B (Bo3)","players":["tevad","signordaino"],"log":"|j|☆tevad\n|j|☆signordaino\n|html|<table width=\"100%\"><tr><td align=\"left\">tevad</td><td align=\"right\">signordaino</tr><tr><td align=\"left\"><i class=\"fa fa-circle-o\"></i> <i class=\"fa fa-circle-o\"></i> </td><td align=\"right\"><i class=\"fa fa-circle-o\"></i> <i class=\"fa fa-circle-o\"></i> </tr></table>\n|uhtml|bestof|<h2><strong>Game 1</strong> of <a href=\"/game-bestof3-gen9championsvgc2026regmbbo3-2674001707\">a best-of-3</a></h2>\n|t:|1788286857\n|gametype|doubles\n|player|p1|tevad|hilbert|1000\n|player|p2|signordaino|170|1103\n|gen|9\n|tier|[Gen 9 Champions] VGC 2026 Reg M-B (Bo3)\n|rated|\n|rule|Species Clause: Limit one of each Pokémon\n|rule|Item Clause: Limit 1 of each item\n|clearpoke\n|poke|p1|Floette-Eternal, L50, F|\n|poke|p1|Charizard, L50, M|\n|poke|p1|Garchomp, L50, M|\n|poke|p1|Incineroar, L50, F|\n|poke|p1|Whimsicott, L50, M|\n|poke|p1|Basculegion, L50, M|\n|poke|p2|Sableye, L50, F|\n|poke|p2|Archaludon, L50, M|\n|poke|p2|Charizard, L50, F|\n|poke|p2|Swampert, L50, M|\n|poke|p2|Politoed, L50, F|\n|poke|p2|Venusaur, L50, M|\n|teampreview|4\n|showteam|p1|Floette-Eternal||Floettite|FlowerVeil|Moonblast,DazzlingGleam,Protect,CalmMind|Modest||F|||50|]Charizard||CharizarditeY|Blaze|Protect,HeatWave,SolarBeam,WeatherBall|Modest||M|||50|]Garchomp||RoseliBerry|RoughSkin|DragonClaw,RockSlide,Earthquake,Protect|Adamant||M|||50|]Incineroar||SitrusBerry|Intimidate|FakeOut,PartingShot,FlareBlitz,ThroatChop|Careful||F|||50|]Whimsicott||FocusSash|Prankster|Tailwind,Moonblast,Protect,Encore|Bold||M|||50|]Basculegion||LifeOrb|SwiftSwim|LastRespects,WaveCrash,AquaJet,Protect|Adamant||M|||50|\n|showteam|p2|Sableye||RoseliBerry|Prankster|Quash,Encore,RainDance,Disable|Bold||F|||50|]Archaludon||Leftovers|Stamina|ElectroShot,FlashCannon,DragonPulse,Protect|Calm||M|||50|]Charizard||CharizarditeY|Blaze|WeatherBall,HeatWave,Hurricane,Protect|Modest||F|||50|]Swampert||Swampertite|Torrent|Liquidation,HighHorsepower,RockSlide,Protect|Adamant||M|||50|]Politoed||SitrusBerry|Drizzle|WeatherBall,MuddyWater,IceBeam,Protect|Modest||F|||50|]Venusaur||LifeOrb|Chlorophyll|LeafStorm,SludgeBomb,SleepPowder,Protect|Modest||M|||50|\n|inactive|Battle timer is ON: inactive players will automatically lose when time's up. (requested by tevad)\n|\n|t:|1788286917\n|teamsize|p1|4\n|teamsize|p2|4\n|start\n|switch|p1a: Charizard|Charizard, L50, M|100/100\n|switch|p1b: Whimsicott|Whimsicott, L50, M|100/100\n|switch|p2a: Charizard|Charizard, L50, F|100/100\n|switch|p2b: Venusaur|Venusaur, L50, M|100/100\n|turn|1\n|inactive|signordaino has 30 seconds left.\n|\n|t:|1788286950\n|detailschange|p1a: Charizard|Charizard-Mega-Y, L50, M\n|-mega|p1a: Charizard|Charizard|Charizardite Y\n|-weather|SunnyDay|[from] ability: Drought|[of] p1a: Charizard\n|detailschange|p2a: Charizard|Charizard-Mega-Y, L50, F\n|-mega|p2a: Charizard|Charizard|Charizardite Y\n|move|p2b: Venusaur|Protect|p2b: Venusaur\n|-singleturn|p2b: Venusaur|Protect\n|move|p1b: Whimsicott|Tailwind|p1b: Whimsicott\n|-sidestart|p1: tevad|move: Tailwind\n|move|p1a: Charizard|Heat Wave|p2a: Charizard|[spread] p2a\n|-activate|p2b: Venusaur|move: Protect\n|-resisted|p2a: Charizard|1\n|-damage|p2a: Charizard|63/100\n|move|p2a: Charizard|Heat Wave|p1a: Charizard|[spread] p1b\n|-miss|p2a: Charizard|p1a: Charizard\n|-supereffective|p1b: Whimsicott|1\n|-enditem|p1b: Whimsicott|Focus Sash\n|-damage|p1b: Whimsicott|1/100\n|-status|p1b: Whimsicott|brn\n|\n|-weather|SunnyDay|[upkeep]\n|-damage|p1b: Whimsicott|0 fnt|[from] brn\n|faint|p1b: Whimsicott\n|upkeep\n|inactive|tevad has 30 seconds left.\n|\n|t:|1788286980\n|switch|p1b: Garchomp|Garchomp, L50, M|100/100\n|turn|2\n|\n|t:|1788287001\n|switch|p2a: Politoed|Politoed, L50, F|100/100\n|-weather|RainDance|[from] ability: Drizzle|[of] p2a: Politoed\n|move|p1b: Garchomp|Rock Slide|p2a: Politoed|[spread] p2a,p2b\n|-damage|p2a: Politoed|78/100\n|-damage|p2b: Venusaur|75/100\n|move|p1a: Charizard|Heat Wave|p2b: Venusaur|[spread] p2a,p2b\n|-resisted|p2a: Politoed|1\n|-supereffective|p2b: Venusaur|1\n|-damage|p2a: Politoed|68/100\n|-damage|p2b: Venusaur|33/100\n|cant|p2b: Venusaur|flinch\n|\n|-weather|RainDance|[upkeep]\n|upkeep\n|turn|3\n|\n|t:|1788287026\n|switch|p1a: Basculegion|Basculegion, L50, M|100/100\n|move|p1b: Garchomp|Protect|p1b: Garchomp\n|-singleturn|p1b: Garchomp|Protect\n|move|p2b: Venusaur|Protect|p2b: Venusaur\n|-singleturn|p2b: Venusaur|Protect\n|move|p2a: Politoed|Muddy Water|p1b: Garchomp|[spread] p1a\n|-activate|p1b: Garchomp|move: Protect\n|-resisted|p1a: Basculegion|1\n|-damage|p1a: Basculegion|76/100\n|\n|-weather|RainDance|[upkeep]\n|upkeep\n|turn|4\n|\n|t:|1788287049\n|switch|p1b: Charizard|Charizard-Mega-Y, L50, M|100/100\n|-weather|SunnyDay|[from] ability: Drought|[of] p1b: Charizard\n|switch|p2b: Archaludon|Archaludon, L50, M|100/100\n|move|p1a: Basculegion|Last Respects|p2a: Politoed\n|-damage|p2a: Politoed|12/100\n|-enditem|p2a: Politoed|Sitrus Berry|[eat]\n|-heal|p2a: Politoed|37/100|[from] item: Sitrus Berry\n|-damage|p1a: Basculegion|66/100|[from] item: Life Orb\n|move|p2a: Politoed|Ice Beam|p1b: Charizard\n|-damage|p1b: Charizard|72/100\n|\n|-weather|SunnyDay|[upkeep]\n|-sideend|p1: tevad|move: Tailwind\n|upkeep\n|turn|5\n|inactive|tevad has 30 seconds left.\n|inactive|signordaino has 30 seconds left.\n|inactive|signordaino has 20 seconds left.\n|\n|t:|1788287085\n|switch|p2a: Venusaur|Venusaur, L50, M|33/100\n|move|p2b: Archaludon|Protect|p2b: Archaludon\n|-singleturn|p2b: Archaludon|Protect\n|move|p1b: Charizard|Heat Wave|p2b: Archaludon|[spread] p2a\n|-activate|p2b: Archaludon|move: Protect\n|-supereffective|p2a: Venusaur|1\n|-damage|p2a: Venusaur|0 fnt\n|faint|p2a: Venusaur\n|move|p1a: Basculegion|Last Respects|p2b: Archaludon\n|-activate|p2b: Archaludon|move: Protect\n|\n|-weather|SunnyDay|[upkeep]\n|upkeep\n|\n|t:|1788287103\n|switch|p2a: Politoed|Politoed, L50, F|37/100\n|-weather|RainDance|[from] ability: Drizzle|[of] p2a: Politoed\n|turn|6\n|\n|t:|1788287127\n|switch|p1b: Garchomp|Garchomp, L50, M|100/100\n|move|p1a: Basculegion|Last Respects|p2a: Politoed\n|-damage|p2a: Politoed|0 fnt\n|faint|p2a: Politoed\n|-damage|p1a: Basculegion|56/100|[from] item: Life Orb\n|move|p2b: Archaludon|Electro Shot||[still]\n|-prepare|p2b: Archaludon|Electro Shot\n|-boost|p2b: Archaludon|spa|1\n|-anim|p2b: Archaludon|Electro Shot|p1a: Basculegion\n|-supereffective|p1a: Basculegion|1\n|-damage|p1a: Basculegion|0 fnt\n|faint|p1a: Basculegion\n|\n|-weather|RainDance|[upkeep]\n|upkeep\n|\n|t:|1788287144\n|switch|p1a: Charizard|Charizard-Mega-Y, L50, M|72/100\n|switch|p2a: Charizard|Charizard-Mega-Y, L50, F|63/100\n|-weather|SunnyDay|[from] ability: Drought|[of] p1a: Charizard\n|turn|7\n|inactive|signordaino has 30 seconds left.\n|inactive|tevad has 30 seconds left.\n|inactive|signordaino has 20 seconds left.\n|inactive|signordaino has 15 seconds left.\n|\n|t:|1788287191\n|move|p1a: Charizard|Protect|p1a: Charizard\n|-singleturn|p1a: Charizard|Protect\n|move|p1b: Garchomp|Rock Slide|p2a: Charizard|[spread] p2a,p2b\n|-supereffective|p2a: Charizard|2\n|-resisted|p2b: Archaludon|1\n|-damage|p2a: Charizard|0 fnt\n|-damage|p2b: Archaludon|92/100\n|-ability|p2b: Archaludon|Stamina|boost\n|-boost|p2b: Archaludon|def|1\n|faint|p2a: Charizard\n|move|p2b: Archaludon|Dragon Pulse|p1b: Garchomp\n|-supereffective|p1b: Garchomp|1\n|-damage|p1b: Garchomp|0 fnt\n|faint|p1b: Garchomp\n|\n|-weather|SunnyDay|[upkeep]\n|-heal|p2b: Archaludon|98/100|[from] item: Leftovers\n|upkeep\n|turn|8\n|\n|t:|1788287211\n|move|p1a: Charizard|Weather Ball|p2b: Archaludon\n|-damage|p2b: Archaludon|15/100\n|-ability|p2b: Archaludon|Stamina|boost\n|-boost|p2b: Archaludon|def|1\n|move|p2b: Archaludon|Dragon Pulse|p1a: Charizard\n|-damage|p1a: Charizard|12/100\n|\n|-weather|SunnyDay|[upkeep]\n|-heal|p2b: Archaludon|21/100|[from] item: Leftovers\n|upkeep\n|turn|9\n|inactive|tevad has 30 seconds left.\n|-message|signordaino forfeited.\n|\n|win|tevad\n|l|☆signordaino\n|player|p2|\n|raw|tevad's rating: 1000 &rarr; <strong>1052</strong><br />(+52 for winning)\n|raw|signordaino's rating: 1103 &rarr; <strong>1071</strong><br />(-32 for losing)\n","uploadtime":1788287246,"views":"0","formatid":"gen9championsvgc2026regmbbo3","rating":1052,"private":0,"password":null}