{"id":"gen9championsvgc2026regmb-2674862889","format":"[Gen 9 Champions] VGC 2026 Reg M-B","players":["Rocketleg23","FlameGoddess"],"log":"|j|☆Rocketleg23\n|j|☆FlameGoddess\n|t:|1788423905\n|gametype|doubles\n|player|p1|Rocketleg23|acetrainersnow|1083\n|player|p2|FlameGoddess|101|1056\n|gen|9\n|tier|[Gen 9 Champions] VGC 2026 Reg M-B\n|rated|\n|rule|Species Clause: Limit one of each Pokémon\n|rule|Item Clause: Limit 1 of each item\n|clearpoke\n|poke|p1|Sneasler, L50, F|\n|poke|p1|Chesnaught, L50, M|\n|poke|p1|Klefki, L50, F|\n|poke|p1|Froslass, L50, F|\n|poke|p1|Ampharos, L50, M|\n|poke|p1|Krookodile, L50, F|\n|poke|p2|Mimikyu, L50, M, shiny|\n|poke|p2|Tyranitar, L50, M, shiny|\n|poke|p2|Camerupt, L50, M, shiny|\n|poke|p2|Sinistcha, L50, shiny|\n|poke|p2|Excadrill, L50, M, shiny|\n|poke|p2|Sneasler, L50, M, shiny|\n|teampreview|4\n|\n|t:|1788423967\n|teamsize|p1|4\n|teamsize|p2|4\n|start\n|switch|p1a: Chesnaught|Chesnaught, L50, M|100/100\n|switch|p1b: Klefki|Klefki, L50, F|100/100\n|switch|p2a: moria|Mimikyu, L50, M, shiny|100/100\n|switch|p2b: akainu|Camerupt, L50, M, shiny|100/100\n|turn|1\n|\n|t:|1788423995\n|switch|p1a: Ampharos|Ampharos, L50, M|100/100\n|detailschange|p2b: akainu|Camerupt-Mega, L50, M, shiny\n|-mega|p2b: akainu|Camerupt|Cameruptite\n|move|p2b: akainu|Protect|p2b: akainu\n|-singleturn|p2b: akainu|Protect\n|move|p1b: Klefki|Light Screen|p1b: Klefki\n|-sidestart|p1: Rocketleg23|move: Light Screen\n|move|p2a: moria|Trick Room|p2a: moria\n|-fieldstart|move: Trick Room|[of] p2a: moria\n|\n|upkeep\n|turn|2\n|\n|t:|1788424021\n|move|p1b: Klefki|Thunder Wave|p2a: moria\n|-status|p2a: moria|par\n|move|p2b: akainu|Earth Power|p1a: Ampharos\n|-supereffective|p1a: Ampharos|1\n|-damage|p1a: Ampharos|6/100\n|move|p2a: moria|Taunt|p1b: Klefki\n|-start|p1b: Klefki|move: Taunt\n|-enditem|p1b: Klefki|Mental Herb\n|-end|p1b: Klefki|move: Taunt\n|move|p1a: Ampharos|Cotton Guard|p1a: Ampharos\n|-boost|p1a: Ampharos|def|3\n|\n|upkeep\n|turn|3\n|\n|t:|1788424042\n|move|p2b: akainu|Heat Wave|p1a: Ampharos|[spread] \n|-miss|p2b: akainu|p1a: Ampharos\n|-miss|p2b: akainu|p1b: Klefki\n|move|p2a: moria|Taunt|p1b: Klefki\n|-start|p1b: Klefki|move: Taunt\n|move|p1a: Ampharos|Dazzling Gleam|p2a: moria|[spread] p2a,p2b\n|-resisted|p2b: akainu|1\n|-activate|p2a: moria|ability: Disguise\n|-damage|p2a: moria|100/100 par\n|-damage|p2b: akainu|89/100\n|detailschange|p2a: moria|Mimikyu-Busted, L50, M, shiny\n|-damage|p2a: moria|87/100 par|[from] pokemon: Mimikyu-Busted\n|cant|p1b: Klefki|move: Taunt|Trick Room\n|\n|upkeep\n|turn|4\n|\n|t:|1788424064\n|move|p2b: akainu|Heat Wave|p1b: Klefki|[spread] p1a,p1b\n|-supereffective|p1b: Klefki|1\n|-damage|p1a: Ampharos|0 fnt\n|-damage|p1b: Klefki|1/100\n|faint|p1a: Ampharos\n|move|p2a: moria|Will-O-Wisp|p1b: Klefki\n|-status|p1b: Klefki|brn\n|move|p1b: Klefki|Foul Play|p2a: moria\n|-damage|p2a: moria|77/100 par\n|\n|-damage|p1b: Klefki|0 fnt|[from] brn\n|faint|p1b: Klefki\n|upkeep\n|inactive|Battle timer is ON: inactive players will automatically lose when time's up. (requested by FlameGoddess)\n|\n|t:|1788424094\n|switch|p1a: Chesnaught|Chesnaught, L50, M|100/100\n|switch|p1b: Krookodile|Krookodile, L50, F|100/100\n|turn|5\n|inactive|Rocketleg23 has 30 seconds left.\n|inactive|Rocketleg23 has 20 seconds left.\n|\n|t:|1788424129\n|move|p1a: Chesnaught|Spiky Shield|p1a: Chesnaught\n|-singleturn|p1a: Chesnaught|move: Protect\n|move|p2b: akainu|Heat Wave|p1b: Krookodile|[spread] p1b\n|-activate|p1a: Chesnaught|move: Protect\n|-damage|p1b: Krookodile|48/100\n|move|p2a: moria|Will-O-Wisp|p1b: Krookodile\n|-status|p1b: Krookodile|brn\n|move|p1b: Krookodile|High Horsepower|p2b: akainu\n|-supereffective|p2b: akainu|1\n|-damage|p2b: akainu|31/100\n|\n|-damage|p1b: Krookodile|43/100 brn|[from] brn\n|-sideend|p1: Rocketleg23|move: Light Screen\n|-fieldend|move: Trick Room\n|upkeep\n|turn|6\n|\n|t:|1788424150\n|detailschange|p1a: Chesnaught|Chesnaught-Mega, L50, M\n|-mega|p1a: Chesnaught|Chesnaught|Chesnaughtite\n|move|p2b: akainu|Protect|p2b: akainu\n|-singleturn|p2b: akainu|Protect\n|move|p1b: Krookodile|High Horsepower|p2b: akainu\n|-activate|p2b: akainu|move: Protect\n|move|p1a: Chesnaught|Wood Hammer|p2a: moria\n|-damage|p2a: moria|19/100 par\n|-damage|p1a: Chesnaught|84/100|[from] Recoil\n|move|p2a: moria|Trick Room|p2a: moria\n|-fieldstart|move: Trick Room|[of] p2a: moria\n|\n|-damage|p1b: Krookodile|37/100 brn|[from] brn\n|upkeep\n|turn|7\n|\n|t:|1788424171\n|switch|p2a: brook|Sinistcha, L50, shiny|100/100\n|-heal|p2b: akainu|55/100|[from] ability: Hospitality|[of] p2a: brook\n|move|p2b: akainu|Heat Wave|p1a: Chesnaught|[spread] p1a\n|-miss|p2b: akainu|p1b: Krookodile\n|-supereffective|p1a: Chesnaught|1\n|-damage|p1a: Chesnaught|0 fnt\n|faint|p1a: Chesnaught\n|move|p1b: Krookodile|High Horsepower|p2a: brook\n|-resisted|p2a: brook|1\n|-damage|p2a: brook|89/100\n|\n|-heal|p2a: brook|95/100|[from] item: Leftovers\n|-damage|p1b: Krookodile|31/100 brn|[from] brn\n|upkeep\n|turn|8\n|\n|t:|1788424191\n|move|p2b: akainu|Earth Power|p1b: Krookodile\n|-damage|p1b: Krookodile|0 fnt\n|faint|p1b: Krookodile\n|\n|win|FlameGoddess\n|raw|Rocketleg23's rating: 1083 &rarr; <strong>1059</strong><br />(-24 for losing)\n|raw|FlameGoddess's rating: 1056 &rarr; <strong>1090</strong><br />(+34 for winning)\n|c|☆FlameGoddess|ggs\n|l|☆Rocketleg23\n|player|p1|\n","uploadtime":1788424229,"views":"5","formatid":"gen9championsvgc2026regmb","rating":1059,"private":0,"password":null}