{"id":"gen9championsvgc2026regmbbo3-2674620388","format":"[Gen 9 Champions] VGC 2026 Reg M-B (Bo3)","players":["griffin OM","JettFumes"],"log":"|j|☆griffin OM\n|j|☆JettFumes\n|html|<table width=\"100%\"><tr><td align=\"left\">griffin OM</td><td align=\"right\">JettFumes</tr><tr><td align=\"left\"><i class=\"fa fa-circle\"></i> <i class=\"fa fa-circle-o\"></i> </td><td align=\"right\"><i class=\"fa fa-circle-o\"></i> <i class=\"fa fa-circle-o\"></i> </tr></table>\n|uhtml|bestof|<h2><strong>Game 2</strong> of <a href=\"/game-bestof3-gen9championsvgc2026regmbbo3-2674616717\">a best-of-3</a></h2>\n|t:|1788381226\n|gametype|doubles\n|player|p1|griffin OM|1|\n|player|p2|JettFumes|266|\n|gen|9\n|tier|[Gen 9 Champions] VGC 2026 Reg M-B (Bo3)\n|rule|Species Clause: Limit one of each Pokémon\n|rule|Item Clause: Limit 1 of each item\n|clearpoke\n|poke|p1|Whimsicott, L50, F|\n|poke|p1|Tyranitar, L50, F|\n|poke|p1|Garchomp, L50, F|\n|poke|p1|Ceruledge, L50, F|\n|poke|p1|Kingambit, L50, F|\n|poke|p1|Corviknight, L50, M|\n|poke|p2|Swampert, L50, F|\n|poke|p2|Pelipper, L50, F|\n|poke|p2|Archaludon, L50, F|\n|poke|p2|Sableye, L50, M|\n|poke|p2|Venusaur, L50, F|\n|poke|p2|Basculegion, L50, M|\n|teampreview|4\n|showteam|p1|Whimsicott||FocusSash|Prankster|EnergyBall,Moonblast,Protect,Tailwind|Timid||F|||50|]Tyranitar||Tyranitarite|SandStream|DragonDance,KnockOff,Protect,RockSlide|Impish||F|||50|]Garchomp||Garchompite|RoughSkin|DragonPulse,EarthPower,PowerGem,Protect|Modest||F|||50|]Ceruledge||ColburBerry|FlashFire|BitterBlade,BulkUp,Protect,ShadowSneak|Adamant||F|||50|]Kingambit||LifeOrb|Defiant|KowtowCleave,Protect,SuckerPunch,IronHead|Adamant||F|||50|]Corviknight||Leftovers|MirrorArmor|BodyPress,BraveBird,BulkUp,Protect|Careful||M|||50|\n|showteam|p2|Swampert||Swampertite|Torrent|Earthquake,WaveCrash,IcePunch,Protect|Adamant||F|||50|]Pelipper||FocusSash|Drizzle|Hurricane,WeatherBall,Tailwind,Protect|Modest||F|||50|]Archaludon||Leftovers|Stamina|ElectroShot,DragonPulse,FlashCannon,Protect|Modest||F|||50|]Sableye||LightClay|Prankster|WillOWisp,RainDance,LightScreen,Reflect|Calm||M|||50|]Venusaur||Venusaurite|Chlorophyll|Protect,EarthPower,SludgeBomb,GigaDrain|Modest||F|||50|]Basculegion||ChoiceScarf|Adaptability|WaveCrash,FlipTurn,AquaJet,LastRespects|Jolly||M|||50|\n|inactive|Battle timer is ON: inactive players will automatically lose when time's up. (requested by JettFumes)\n|inactive|griffin OM has 60 seconds left.\n|\n|t:|1788381285\n|teamsize|p1|4\n|teamsize|p2|4\n|start\n|switch|p1a: Whimsicott|Whimsicott, L50, F|100/100\n|switch|p1b: Garchomp|Garchomp, L50, F|100/100\n|switch|p2a: Sableye|Sableye, L50, M|100/100\n|switch|p2b: Archaludon|Archaludon, L50, F|100/100\n|turn|1\n|inactive|griffin OM has 30 seconds left.\n|\n|t:|1788381316\n|switch|p1b: Kingambit|Kingambit, L50, F|100/100\n|move|p2b: Archaludon|Protect|p2b: Archaludon\n|-singleturn|p2b: Archaludon|Protect\n|move|p2a: Sableye|Light Screen|p2a: Sableye\n|-sidestart|p2: JettFumes|move: Light Screen\n|move|p1a: Whimsicott|Moonblast|p2a: Sableye\n|-supereffective|p2a: Sableye|1\n|-damage|p2a: Sableye|49/100\n|-unboost|p2a: Sableye|spa|1\n|\n|upkeep\n|turn|2\n|inactive|griffin OM has 30 seconds left.\n|inactive|JettFumes has 30 seconds left.\n|\n|t:|1788381346\n|move|p1a: Whimsicott|Protect|p1a: Whimsicott\n|-singleturn|p1a: Whimsicott|Protect\n|move|p2a: Sableye|Rain Dance|p2a: Sableye\n|-weather|RainDance\n|move|p2b: Archaludon|Flash Cannon|p1a: Whimsicott\n|-activate|p1a: Whimsicott|move: Protect\n|move|p1b: Kingambit|Iron Head|p2a: Sableye\n|-damage|p2a: Sableye|0 fnt\n|faint|p2a: Sableye\n|-damage|p1b: Kingambit|90/100|[from] item: Life Orb\n|\n|-weather|RainDance|[upkeep]\n|upkeep\n|\n|t:|1788381358\n|switch|p2a: Swampert|Swampert, L50, F|100/100\n|turn|3\n|inactive|griffin OM has 30 seconds left.\n|inactive|griffin OM has 20 seconds left.\n|inactive|griffin OM has 15 seconds left.\n|inactive|griffin OM has 10 seconds left.\n|\n|t:|1788381403\n|switch|p1b: Tyranitar|Tyranitar, L50, F|100/100\n|-weather|Sandstorm|[from] ability: Sand Stream|[of] p1b: Tyranitar\n|detailschange|p2a: Swampert|Swampert-Mega, L50, F\n|-mega|p2a: Swampert|Swampert|Swampertite\n|move|p2a: Swampert|Protect|p2a: Swampert\n|-singleturn|p2a: Swampert|Protect\n|move|p1a: Whimsicott|Energy Ball|p2a: Swampert\n|-activate|p2a: Swampert|move: Protect\n|move|p2b: Archaludon|Flash Cannon|p1a: Whimsicott\n|-supereffective|p1a: Whimsicott|1\n|-enditem|p1a: Whimsicott|Focus Sash\n|-damage|p1a: Whimsicott|1/100\n|\n|-weather|Sandstorm|[upkeep]\n|-damage|p1a: Whimsicott|0 fnt|[from] Sandstorm\n|faint|p1a: Whimsicott\n|upkeep\n|inactive|griffin OM has 30 seconds left.\n|inactive|griffin OM has 20 seconds left.\n|\n|t:|1788381443\n|switch|p1a: Kingambit|Kingambit, L50, F|90/100\n|turn|4\n|inactive|JettFumes has 30 seconds left.\n|inactive|JettFumes has 20 seconds left.\n|inactive|JettFumes has 15 seconds left.\n|inactive|JettFumes has 10 seconds left.\n|\n|t:|1788381490\n|move|p1b: Tyranitar|Protect|p1b: Tyranitar\n|-singleturn|p1b: Tyranitar|Protect\n|move|p2b: Archaludon|Protect|p2b: Archaludon\n|-singleturn|p2b: Archaludon|Protect\n|move|p2a: Swampert|Earthquake|p1b: Tyranitar|[spread] p1a\n|-activate|p2b: Archaludon|move: Protect\n|-activate|p1b: Tyranitar|move: Protect\n|-supereffective|p1a: Kingambit|1\n|-damage|p1a: Kingambit|20/100y\n|move|p1a: Kingambit|Kowtow Cleave|p2a: Swampert\n|-damage|p2a: Swampert|43/100\n|-damage|p1a: Kingambit|11/100|[from] item: Life Orb\n|\n|-weather|Sandstorm|[upkeep]\n|upkeep\n|turn|5\n|inactive|griffin OM has 30 seconds left.\n|inactive|JettFumes has 30 seconds left.\n|inactive|griffin OM has 20 seconds left.\n|\n|t:|1788381525\n|move|p1a: Kingambit|Sucker Punch|p2a: Swampert\n|-damage|p2a: Swampert|0 fnt\n|faint|p2a: Swampert\n|-damage|p1a: Kingambit|1/100|[from] item: Life Orb\n|move|p1b: Tyranitar|Rock Slide|p2b: Archaludon\n|-resisted|p2b: Archaludon|1\n|-damage|p2b: Archaludon|85/100\n|-ability|p2b: Archaludon|Stamina|boost\n|-boost|p2b: Archaludon|def|1\n|move|p2b: Archaludon|Flash Cannon|p1a: Kingambit\n|-resisted|p1a: Kingambit|1\n|-damage|p1a: Kingambit|0 fnt\n|faint|p1a: Kingambit\n|\n|-weather|Sandstorm|[upkeep]\n|-heal|p2b: Archaludon|91/100|[from] item: Leftovers\n|upkeep\n|\n|t:|1788381539\n|switch|p2a: Basculegion|Basculegion, L50, M|100/100\n|switch|p1a: Garchomp|Garchomp, L50, F|100/100\n|turn|6\n|inactive|griffin OM has 30 seconds left.\n|inactive|JettFumes has 30 seconds left.\n|inactive|griffin OM has 20 seconds left.\n|inactive|griffin OM has 15 seconds left.\n|inactive|griffin OM has 10 seconds left.\n|\n|t:|1788381585\n|detailschange|p1a: Garchomp|Garchomp-Mega, L50, F\n|-mega|p1a: Garchomp|Garchomp|Garchompite\n|move|p1b: Tyranitar|Protect|p1b: Tyranitar\n|-singleturn|p1b: Tyranitar|Protect\n|move|p2a: Basculegion|Last Respects|p1a: Garchomp\n|-damage|p1a: Garchomp|19/100\n|move|p1a: Garchomp|Earth Power|p2b: Archaludon\n|-supereffective|p2b: Archaludon|1\n|-damage|p2b: Archaludon|12/100\n|-ability|p2b: Archaludon|Stamina|boost\n|-boost|p2b: Archaludon|def|1\n|move|p2b: Archaludon|Flash Cannon|p1b: Tyranitar\n|-activate|p1b: Tyranitar|move: Protect\n|\n|-weather|Sandstorm|[upkeep]\n|-damage|p2a: Basculegion|93/100|[from] Sandstorm\n|-heal|p2b: Archaludon|18/100|[from] item: Leftovers\n|upkeep\n|turn|7\n|inactive|griffin OM has 30 seconds left.\n|inactive|JettFumes has 30 seconds left.\n|inactive|griffin OM has 20 seconds left.\n|inactive|griffin OM has 15 seconds left.\n|inactive|griffin OM has 10 seconds left.\n|inactive|griffin OM has 5 seconds left.\n|\n|t:|1788381636\n|move|p2a: Basculegion|Last Respects|p1a: Garchomp\n|-damage|p1a: Garchomp|0 fnt\n|faint|p1a: Garchomp\n|move|p1b: Tyranitar|Knock Off|p2a: Basculegion\n|-supereffective|p2a: Basculegion|1\n|-damage|p2a: Basculegion|0 fnt\n|-enditem|p2a: Basculegion|Choice Scarf|[from] move: Knock Off|[of] p1b: Tyranitar\n|faint|p2a: Basculegion\n|move|p2b: Archaludon|Flash Cannon|p1b: Tyranitar\n|-supereffective|p1b: Tyranitar|1\n|-damage|p1b: Tyranitar|53/100\n|\n|-weather|none\n|-heal|p2b: Archaludon|24/100|[from] item: Leftovers\n|upkeep\n|turn|8\n|\n|t:|1788381651\n|move|p2b: Archaludon|Protect|p2b: Archaludon\n|-singleturn|p2b: Archaludon|Protect\n|move|p1b: Tyranitar|Knock Off|p2b: Archaludon\n|-activate|p2b: Archaludon|move: Protect\n|\n|-heal|p2b: Archaludon|30/100|[from] item: Leftovers\n|-sideend|p2: JettFumes|move: Light Screen\n|upkeep\n|turn|9\n|\n|t:|1788381662\n|move|p1b: Tyranitar|Knock Off|p2b: Archaludon\n|-damage|p2b: Archaludon|13/100\n|-ability|p2b: Archaludon|Stamina|boost\n|-boost|p2b: Archaludon|def|1\n|-enditem|p2b: Archaludon|Leftovers|[from] move: Knock Off|[of] p1b: Tyranitar\n|move|p2b: Archaludon|Flash Cannon|p1b: Tyranitar\n|-supereffective|p1b: Tyranitar|1\n|-damage|p1b: Tyranitar|0 fnt\n|faint|p1b: Tyranitar\n|\n|win|JettFumes\n||griffin OM is ready for game 3.\n|inactive|JettFumes has 30 seconds to confirm battle start!\n||JettFumes is ready for game 3.\n|uhtml|next|Next: <a href=\"/battle-gen9championsvgc2026regmbbo3-2674624137\"><strong>Game 3 of 3</strong></a>\n|l|☆JettFumes\n|player|p2|\n|j|☆JettFumes\n|player|p2|JettFumes|266|\n","uploadtime":1788382255,"views":"22","formatid":"gen9championsvgc2026regmbbo3","rating":null,"private":0,"password":null}