{"id":"gen9championsvgc2026regmb-2674496961","format":"[Gen 9 Champions] VGC 2026 Reg M-B","players":["krankyuwu","ihatezardy"],"log":"|j|☆krankyuwu\n|j|☆ihatezardy\n|t:|1788366730\n|gametype|doubles\n|player|p1|krankyuwu|266|1040\n|player|p2|ihatezardy|janine|1117\n|gen|9\n|tier|[Gen 9 Champions] VGC 2026 Reg M-B\n|rated|\n|rule|Species Clause: Limit one of each Pokémon\n|rule|Item Clause: Limit 1 of each item\n|clearpoke\n|poke|p1|Annihilape, L50, M|\n|poke|p1|Maushold, L50|\n|poke|p1|Archaludon, L50, F|\n|poke|p1|Sinistcha, L50|\n|poke|p1|Pelipper, L50, M, shiny|\n|poke|p1|Swampert, L50, F, shiny|\n|poke|p2|Lopunny, L50, M|\n|poke|p2|Glimmora, L50, M|\n|poke|p2|Lycanroc-Dusk, L50, F|\n|poke|p2|Altaria, L50, F|\n|poke|p2|Whimsicott, L50, M|\n|poke|p2|Chimecho, L50, M|\n|teampreview|4\n|inactive|Battle timer is ON: inactive players will automatically lose when time's up. (requested by ihatezardy)\nkrankyuwu has agreed to open team sheets.\n|inactive|krankyuwu has 60 seconds left.\n|inactive|ihatezardy has 60 seconds left.\n|\n|t:|1788366775\n|teamsize|p1|4\n|teamsize|p2|4\n|start\n|switch|p1a: Annihilape|Annihilape, L50, M|100/100\n|switch|p1b: Sinistcha|Sinistcha, L50|100/100\n|switch|p2a: Chimecho|Chimecho, L50, M|100/100\n|switch|p2b: Whimsicott|Whimsicott, L50, M|100/100\n|turn|1\n|\n|t:|1788366794\n|move|p2a: Chimecho|Protect|p2a: Chimecho\n|-singleturn|p2a: Chimecho|Protect\n|move|p1b: Sinistcha|Rage Powder|p1b: Sinistcha\n|-singleturn|p1b: Sinistcha|move: Rage Powder\n|move|p2b: Whimsicott|Moonblast|p1a: Annihilape\n|-supereffective|p1a: Annihilape|1\n|-damage|p1a: Annihilape|45/100\n|-unboost|p1a: Annihilape|spa|1\n|-enditem|p1a: Annihilape|Sitrus Berry|[eat]\n|-heal|p1a: Annihilape|70/100|[from] item: Sitrus Berry\n|move|p1a: Annihilape|Rage Fist|p2a: Chimecho\n|-activate|p2a: Chimecho|move: Protect\n|\n|upkeep\n|turn|2\n|inactive|ihatezardy has 30 seconds left.\n|inactive|ihatezardy has 20 seconds left.\n|inactive|ihatezardy has 15 seconds left.\n|\n|t:|1788366844\n|detailschange|p2a: Chimecho|Chimecho-Mega, L50, M\n|-mega|p2a: Chimecho|Chimecho|Chimechite\n|move|p2b: Whimsicott|Tailwind|p2b: Whimsicott\n|-sidestart|p2: ihatezardy|move: Tailwind\n|move|p2a: Chimecho|Psychic|p1a: Annihilape\n|-supereffective|p1a: Annihilape|1\n|-damage|p1a: Annihilape|0 fnt\n|faint|p1a: Annihilape\n|move|p1b: Sinistcha|Matcha Gotcha|p2a: Chimecho|[spread] p2a,p2b\n|-resisted|p2a: Chimecho|1\n|-resisted|p2b: Whimsicott|1\n|-damage|p2a: Chimecho|87/100\n|-damage|p2b: Whimsicott|78/100\n|\n|upkeep\n|\n|t:|1788366857\n|switch|p1a: Swampert|Swampert, L50, F, shiny|100/100\n|turn|3\n|\n|t:|1788366875\n|detailschange|p1a: Swampert|Swampert-Mega, L50, F, shiny\n|-mega|p1a: Swampert|Swampert|Swampertite\n|move|p2b: Whimsicott|Moonblast|p1b: Sinistcha\n|-damage|p1b: Sinistcha|58/100\n|move|p2a: Chimecho|Psychic|p1b: Sinistcha\n|-damage|p1b: Sinistcha|0 fnt\n|faint|p1b: Sinistcha\n|move|p1a: Swampert|Knock Off|p2a: Chimecho\n|-supereffective|p2a: Chimecho|1\n|-damage|p2a: Chimecho|39/100\n|\n|upkeep\n|\n|t:|1788366885\n|switch|p1b: Pelipper|Pelipper, L50, M, shiny|100/100\n|-weather|RainDance|[from] ability: Drizzle|[of] p1b: Pelipper\n|turn|4\n|\n|t:|1788366905\n|move|p2b: Whimsicott|Encore|p1a: Swampert\n|-start|p1a: Swampert|Encore\n|move|p2a: Chimecho|Psychic|p1b: Pelipper\n|-damage|p1b: Pelipper|2/100\n|move|p1a: Swampert|Knock Off|p2a: Chimecho\n|-supereffective|p2a: Chimecho|1\n|-damage|p2a: Chimecho|0 fnt\n|faint|p2a: Chimecho\n|move|p1b: Pelipper|Tailwind|p1b: Pelipper\n|-sidestart|p1: krankyuwu|move: Tailwind\n|\n|-weather|RainDance|[upkeep]\n|upkeep\n|\n|t:|1788366913\n|switch|p2a: Glimmora|Glimmora, L50, M|100/100\n|turn|5\n|\n|t:|1788366922\n|move|p2a: Glimmora|Spiky Shield|p2a: Glimmora\n|-singleturn|p2a: Glimmora|move: Protect\n|move|p2b: Whimsicott|Moonblast|p1b: Pelipper\n|-damage|p1b: Pelipper|0 fnt\n|faint|p1b: Pelipper\n|move|p1a: Swampert|Knock Off|p2a: Glimmora\n|-activate|p2a: Glimmora|move: Protect\n|-damage|p1a: Swampert|87/100|[from] Spiky Shield|[of] p2a: Glimmora\n|\n|-weather|RainDance|[upkeep]\n|-sideend|p2: ihatezardy|move: Tailwind\n|upkeep\n|turn|6\n|\n|t:|1788366935\n|move|p1a: Swampert|Knock Off|p2a: Glimmora\n|-damage|p2a: Glimmora|54/100\n|-activate|p2a: Glimmora|ability: Toxic Debris\n|-sidestart|p1: krankyuwu|move: Toxic Spikes\n|-enditem|p2a: Glimmora|Focus Sash|[from] move: Knock Off|[of] p1a: Swampert\n|move|p2b: Whimsicott|Moonblast|p1a: Swampert\n|-damage|p1a: Swampert|63/100\n|-unboost|p1a: Swampert|spa|1\n|move|p2a: Glimmora|Earth Power|p1a: Swampert\n|-damage|p1a: Swampert|31/100\n|\n|-weather|RainDance|[upkeep]\n|-end|p1a: Swampert|Encore\n|upkeep\n|turn|7\n|-message|krankyuwu forfeited.\n|\n|win|ihatezardy\n|raw|krankyuwu's rating: 1040 &rarr; <strong>1027</strong><br />(-13 for losing)\n|raw|ihatezardy's rating: 1117 &rarr; <strong>1137</strong><br />(+20 for winning)\n|l|☆krankyuwu\n|player|p1|\n","uploadtime":1788366958,"views":"3","formatid":"gen9championsvgc2026regmb","rating":1027,"private":0,"password":null}