{"id":"gen9championsvgc2026regmb-2674882667","format":"[Gen 9 Champions] VGC 2026 Reg M-B","players":["atlassss7","geeseraser"],"log":"|j|☆atlassss7\n|j|☆geeseraser\n|t:|1788428435\n|gametype|doubles\n|player|p1|atlassss7|169|1432\n|player|p2|geeseraser|170|1376\n|gen|9\n|tier|[Gen 9 Champions] VGC 2026 Reg M-B\n|rated|\n|rule|Species Clause: Limit one of each Pokémon\n|rule|Item Clause: Limit 1 of each item\n|clearpoke\n|poke|p1|Gengar, L50, M, shiny|\n|poke|p1|Politoed, L50, F, shiny|\n|poke|p1|Archaludon, L50, F, shiny|\n|poke|p1|Incineroar, L50, F|\n|poke|p1|Swampert, L50, F, shiny|\n|poke|p1|Vivillon-Pokeball, L50, F, shiny|\n|poke|p2|Chesnaught, L50, F|\n|poke|p2|Whimsicott, L50, M|\n|poke|p2|Maushold-Four, L50|\n|poke|p2|Politoed, L50, M|\n|poke|p2|Slowking-Galar, L50, M|\n|poke|p2|Incineroar, L50, F|\n|teampreview|4\n|inactive|Battle timer is ON: inactive players will automatically lose when time's up. (requested by geeseraser)\n|inactive|geeseraser has 60 seconds left.\n|\n|t:|1788428481\n|teamsize|p1|4\n|teamsize|p2|4\n|start\n|switch|p1a: Vivillon|Vivillon-Pokeball, L50, F, shiny|100/100\n|switch|p1b: Archaludon|Archaludon, L50, F, shiny|100/100\n|switch|p2a: Incineroar|Incineroar, L50, F|100/100\n|switch|p2b: Slowking|Slowking-Galar, L50, M|100/100\n|-ability|p2a: Incineroar|Intimidate|boost\n|-unboost|p1a: Vivillon|atk|1\n|-unboost|p1b: Archaludon|atk|1\n|turn|1\n|inactive|geeseraser has 30 seconds left.\n|\n|t:|1788428511\n|switch|p1a: Politoed|Politoed, L50, F, shiny|100/100\n|-weather|RainDance|[from] ability: Drizzle|[of] p1a: Politoed\n|move|p2a: Incineroar|Fake Out|p1a: Politoed\n|-damage|p1a: Politoed|85/100\n|move|p1b: Archaludon|Electro Shot||[still]\n|-prepare|p1b: Archaludon|Electro Shot\n|-boost|p1b: Archaludon|spa|1\n|-anim|p1b: Archaludon|Electro Shot|p2b: Slowking\n|-damage|p2b: Slowking|69/100\n|move|p2b: Slowking|Trick Room|p2b: Slowking\n|-fieldstart|move: Trick Room|[of] p2b: Slowking\n|\n|-weather|RainDance|[upkeep]\n|upkeep\n|turn|2\n|\n|t:|1788428530\n|switch|p2a: Chesnaught|Chesnaught, L50, F|100/100\n|move|p2b: Slowking|Light Screen|p2b: Slowking\n|-sidestart|p2: geeseraser|move: Light Screen\n|move|p1a: Politoed|Weather Ball|p2a: Chesnaught\n|-immune|p2a: Chesnaught|[from] ability: Bulletproof\n|move|p1b: Archaludon|Electro Shot||[still]\n|-prepare|p1b: Archaludon|Electro Shot\n|-boost|p1b: Archaludon|spa|1\n|-anim|p1b: Archaludon|Electro Shot|p2b: Slowking\n|-damage|p2b: Slowking|43/100\n|-enditem|p2b: Slowking|Sitrus Berry|[eat]\n|-heal|p2b: Slowking|67/100|[from] item: Sitrus Berry\n|\n|-weather|RainDance|[upkeep]\n|upkeep\n|turn|3\n|inactive|atlassss7 has 30 seconds left.\n|\n|t:|1788428558\n|detailschange|p2a: Chesnaught|Chesnaught-Mega, L50, F\n|-mega|p2a: Chesnaught|Chesnaught|Chesnaughtite\n|-prepare|p2b: Slowking|Chilly Reception|[premajor]\n|move|p2b: Slowking|Chilly Reception|p2b: Slowking\n|-weather|Snowscape\n|\n|t:|1788428563\n|-heal|p2b: Slowking|100/100|[from] ability: Regenerator|[silent]\n|switch|p2b: Incineroar|Incineroar, L50, F|100/100|[from] Chilly Reception\n|-ability|p2b: Incineroar|Intimidate|boost\n|-unboost|p1a: Politoed|atk|1\n|-unboost|p1b: Archaludon|atk|1\n|move|p2a: Chesnaught|Belly Drum|p2a: Chesnaught\n|-damage|p2a: Chesnaught|50/100g\n|-setboost|p2a: Chesnaught|atk|6|[from] move: Belly Drum\n|move|p1a: Politoed|Weather Ball|p2b: Incineroar\n|-resisted|p2b: Incineroar|1\n|-damage|p2b: Incineroar|93/100\n|move|p1b: Archaludon|Electro Shot||[still]\n|-prepare|p1b: Archaludon|Electro Shot\n|-boost|p1b: Archaludon|spa|1\n|\n|-weather|Snowscape|[upkeep]\n|upkeep\n|turn|4\n|\n|t:|1788428583\n|switch|p1a: Vivillon|Vivillon-Pokeball, L50, F, shiny|100/100\n|move|p2b: Incineroar|Fake Out|p1a: Vivillon\n|-damage|p1a: Vivillon|70/100\n|move|p2a: Chesnaught|Drain Punch|p1b: Archaludon\n|-supereffective|p1b: Archaludon|1\n|-damage|p1b: Archaludon|0 fnt\n|-heal|p2a: Chesnaught|100/100|[from] drain|[of] p1b: Archaludon\n|faint|p1b: Archaludon\n|\n|-weather|Snowscape|[upkeep]\n|upkeep\n|\n|t:|1788428594\n|switch|p1b: Politoed|Politoed, L50, F, shiny|85/100\n|-weather|RainDance|[from] ability: Drizzle|[of] p1b: Politoed\n|turn|5\n|\n|t:|1788428605\n|move|p2a: Chesnaught|Grassy Glide|p1b: Politoed\n|-supereffective|p1b: Politoed|1\n|-damage|p1b: Politoed|0 fnt\n|faint|p1b: Politoed\n|move|p2b: Incineroar|Flare Blitz|p1a: Vivillon\n|-supereffective|p1a: Vivillon|1\n|-damage|p1a: Vivillon|0 fnt\n|faint|p1a: Vivillon\n|-damage|p2b: Incineroar|75/100|[from] Recoil\n|\n|-weather|RainDance|[upkeep]\n|-fieldend|move: Trick Room\n|upkeep\n|-message|atlassss7 forfeited.\n|\n|win|geeseraser\n|raw|atlassss7's rating: 1432 &rarr; <strong>1409</strong><br />(-23 for losing)\n|raw|geeseraser's rating: 1376 &rarr; <strong>1399</strong><br />(+23 for winning)\n|l|☆atlassss7\n|player|p1|\n","uploadtime":1788428620,"views":"1","formatid":"gen9championsvgc2026regmb","rating":1399,"private":0,"password":null}