{"id":"gen9championsvgc2026regmb-2673996294","format":"[Gen 9 Champions] VGC 2026 Reg M-B","players":["Gunchlax","fallensky24"],"log":"|j|☆Gunchlax\n|j|☆fallensky24\n|t:|1788286231\n|gametype|doubles\n|player|p1|Gunchlax|unknown|\n|player|p2|fallensky24|169|\n|gen|9\n|tier|[Gen 9 Champions] VGC 2026 Reg M-B\n|rule|Species Clause: Limit one of each Pokémon\n|rule|Item Clause: Limit 1 of each item\n|clearpoke\n|poke|p1|Noivern, L50, F, shiny|\n|poke|p1|Delphox, L50, F, shiny|\n|poke|p1|Tsareena, L50, F, shiny|\n|poke|p1|Kingambit, L50, F, shiny|\n|poke|p1|Kangaskhan, L50, F, shiny|\n|poke|p1|Emolga, L50, M|\n|poke|p2|Floette-Eternal, L50, F|\n|poke|p2|Klefki, L50, F|\n|poke|p2|Hydreigon, L50, M|\n|poke|p2|Basculegion, L50, M|\n|poke|p2|Skarmory, L50, M|\n|poke|p2|Swampert, L50, M|\n|teampreview|4\nfallensky24 rejected open team sheets.\n|inactive|Battle timer is ON: inactive players will automatically lose when time's up. (requested by Gunchlax)\n|\n|t:|1788286269\n|teamsize|p1|4\n|teamsize|p2|4\n|start\n|switch|p1a: Make Some Noise|Noivern, L50, F, shiny|100/100\n|switch|p1b: Game Changer|Delphox, L50, F, shiny|100/100\n|switch|p2a: Klefki|Klefki, L50, F|100/100\n|switch|p2b: Hydreigon|Hydreigon, L50, M|100/100\n|turn|1\n|inactive|Gunchlax has 30 seconds left.\n|inactive|fallensky24 has 30 seconds left.\n|\n|t:|1788286299\n|switch|p2a: Swampert|Swampert, L50, M|100/100\n|detailschange|p1b: Game Changer|Delphox-Mega, L50, F, shiny\n|-mega|p1b: Game Changer|Delphox|Delphoxite\n|move|p2b: Hydreigon|Protect|p2b: Hydreigon\n|-singleturn|p2b: Hydreigon|Protect\n|move|p1a: Make Some Noise|Draco Meteor|p2b: Hydreigon\n|-activate|p2b: Hydreigon|move: Protect\n|move|p1b: Game Changer|Dazzling Gleam|p2b: Hydreigon|[spread] p2a\n|-activate|p2b: Hydreigon|move: Protect\n|-damage|p2a: Swampert|76/100\n|\n|upkeep\n|turn|2\n|inactive|Gunchlax has 30 seconds left.\n|inactive|fallensky24 has 30 seconds left.\n|inactive|Gunchlax has 20 seconds left.\n|inactive|fallensky24 has 20 seconds left.\n|inactive|Gunchlax has 15 seconds left.\n|inactive|Gunchlax has 10 seconds left.\n|\n|t:|1788286348\n|switch|p1b: Dirty Laundry|Tsareena, L50, F, shiny|100/100\n|switch|p2b: Floette|Floette-Eternal, L50, F|100/100\n|move|p1a: Make Some Noise|Tailwind|p1a: Make Some Noise\n|-sidestart|p1: Gunchlax|move: Tailwind\n|move|p2a: Swampert|Icy Wind|p1a: Make Some Noise|[spread] p1a,p1b\n|-supereffective|p1a: Make Some Noise|2\n|-supereffective|p1b: Dirty Laundry|1\n|-damage|p1a: Make Some Noise|58/100\n|-damage|p1b: Dirty Laundry|83/100\n|-unboost|p1a: Make Some Noise|spe|1\n|-unboost|p1b: Dirty Laundry|spe|1\n|\n|upkeep\n|turn|3\n|inactive|Gunchlax has 30 seconds left.\n|\n|t:|1788286383\n|detailschange|p2b: Floette|Floette-Mega, L50, F\n|-mega|p2b: Floette|Floette|Floettite\n|-ability|p2b: Floette|Fairy Aura\n|move|p1a: Make Some Noise|Sunny Day|p1a: Make Some Noise\n|-weather|SunnyDay\n|move|p1b: Dirty Laundry|Power Whip|p2a: Swampert\n|-supereffective|p2a: Swampert|2\n|-enditem|p2a: Swampert|Rindo Berry|[eat]\n|-enditem|p2a: Swampert|Rindo Berry|[weaken]\n|-damage|p2a: Swampert|0 fnt\n|faint|p2a: Swampert\n|move|p2b: Floette|Dazzling Gleam|p1a: Make Some Noise|[spread] p1a,p1b\n|-supereffective|p1a: Make Some Noise|1\n|-damage|p1a: Make Some Noise|0 fnt\n|-damage|p1b: Dirty Laundry|30/100\n|faint|p1a: Make Some Noise\n|\n|-weather|SunnyDay|[upkeep]\n|upkeep\n|inactive|Gunchlax has 30 seconds left.\n|inactive|fallensky24 has 30 seconds left.\n|\n|t:|1788286413\n|switch|p1a: Dimension 20|Kingambit, L50, F, shiny|100/100\n|switch|p2a: Hydreigon|Hydreigon, L50, M|100/100\n|-activate|p1a: Dimension 20|ability: Supreme Overlord\n|-start|p1a: Dimension 20|fallen1|[silent]\n|turn|4\n|\n|t:|1788286435\n|move|p2a: Hydreigon|Protect|p2a: Hydreigon\n|-singleturn|p2a: Hydreigon|Protect\n|move|p1b: Dirty Laundry|Play Rough|p2a: Hydreigon\n|-activate|p2a: Hydreigon|move: Protect\n|move|p2b: Floette|Light of Ruin|p1a: Dimension 20\n|-damage|p1a: Dimension 20|0 fnt\n|faint|p1a: Dimension 20\n|-end|p1a: Dimension 20|fallen1|[silent]\n|-damage|p2b: Floette|33/100|[from] Recoil\n|\n|-weather|SunnyDay|[upkeep]\n|upkeep\n|\n|t:|1788286446\n|switch|p1a: Game Changer|Delphox-Mega, L50, F, shiny|100/100\n|turn|5\n|\n|t:|1788286465\n|switch|p2a: Klefki|Klefki, L50, F|100/100\n|move|p2b: Floette|Protect|p2b: Floette\n|-singleturn|p2b: Floette|Protect\n|move|p1a: Game Changer|Heat Wave|p2a: Klefki|[spread] \n|-activate|p2b: Floette|move: Protect\n|-miss|p1a: Game Changer|p2a: Klefki\n|move|p1b: Dirty Laundry|Play Rough|p2a: Klefki\n|-resisted|p2a: Klefki|1\n|-damage|p2a: Klefki|84/100\n|\n|-weather|SunnyDay|[upkeep]\n|-sideend|p1: Gunchlax|move: Tailwind\n|upkeep\n|turn|6\n|inactive|Gunchlax has 30 seconds left.\n|inactive|fallensky24 has 30 seconds left.\n|\n|t:|1788286500\n|switch|p2b: Hydreigon|Hydreigon, L50, M|100/100\n|move|p2a: Klefki|Imprison|p2a: Klefki\n|-start|p2a: Klefki|move: Imprison\n|move|p1a: Game Changer|Heat Wave|p2a: Klefki|[spread] p2a,p2b\n|-supereffective|p2a: Klefki|1\n|-resisted|p2b: Hydreigon|1\n|-damage|p2a: Klefki|0 fnt\n|-damage|p2b: Hydreigon|69/100\n|faint|p2a: Klefki\n|move|p1b: Dirty Laundry|Play Rough|p2b: Hydreigon\n|-supereffective|p2b: Hydreigon|2\n|-enditem|p2b: Hydreigon|Roseli Berry|[eat]\n|-enditem|p2b: Hydreigon|Roseli Berry|[weaken]\n|-damage|p2b: Hydreigon|24/100\n|-unboost|p2b: Hydreigon|atk|1\n|\n|-weather|SunnyDay|[upkeep]\n|upkeep\n|\n|t:|1788286514\n|switch|p2a: Floette|Floette-Mega, L50, F|33/100\n|-ability|p2a: Floette|Fairy Aura\n|turn|7\n|inactive|fallensky24 has 30 seconds left.\n|\n|t:|1788286545\n|move|p2b: Hydreigon|Protect|p2b: Hydreigon\n|-singleturn|p2b: Hydreigon|Protect\n|move|p1a: Game Changer|Heat Wave|p2a: Floette|[spread] p2a\n|-activate|p2b: Hydreigon|move: Protect\n|-damage|p2a: Floette|0 fnt\n|faint|p2a: Floette\n|move|p1b: Dirty Laundry|Play Rough|p2b: Hydreigon\n|-activate|p2b: Hydreigon|move: Protect\n|\n|-weather|none\n|upkeep\n|turn|8\n|\n|t:|1788286559\n|move|p1a: Game Changer|Dazzling Gleam|p2b: Hydreigon\n|-supereffective|p2b: Hydreigon|2\n|-damage|p2b: Hydreigon|0 fnt\n|faint|p2b: Hydreigon\n|\n|win|Gunchlax\n|l|☆fallensky24\n|player|p2|\n","uploadtime":1788286564,"views":"19","formatid":"gen9championsvgc2026regmb","rating":null,"private":0,"password":null}