{"id":"gen9championsvgc2026regmb-2674904519","format":"[Gen 9 Champions] VGC 2026 Reg M-B","players":["xavvies","Thornlace48812"],"log":"|j|☆xavvies\n|j|☆Thornlace48812\n|t:|1788433151\n|gametype|doubles\n|player|p1|xavvies|hilda|1323\n|player|p2|Thornlace48812|102|1348\n|gen|9\n|tier|[Gen 9 Champions] VGC 2026 Reg M-B\n|rated|\n|rule|Species Clause: Limit one of each Pokémon\n|rule|Item Clause: Limit 1 of each item\n|clearpoke\n|poke|p1|Froslass, L50, F|\n|poke|p1|Sneasler, L50, F|\n|poke|p1|Basculegion, L50, M|\n|poke|p1|Dragonite, L50, M|\n|poke|p1|Garchomp, L50, M|\n|poke|p1|Kingambit, L50, F|\n|poke|p2|Garchomp, L50, F|\n|poke|p2|Charizard, L50, F|\n|poke|p2|Whimsicott, L50, M|\n|poke|p2|Sylveon, L50, M|\n|poke|p2|Kingambit, L50, M|\n|poke|p2|Basculegion, L50, M|\n|teampreview|4\n|inactive|Battle timer is ON: inactive players will automatically lose when time's up. (requested by Thornlace48812)\n|inactive|xavvies also wants the timer to be on.\nThornlace48812 rejected open team sheets.\n|inactive|xavvies has 60 seconds left.\n|\n|t:|1788433182\n|teamsize|p1|4\n|teamsize|p2|4\n|start\n|switch|p1a: Sneasler|Sneasler, L50, F|100/100\n|switch|p1b: Garchomp|Garchomp, L50, M|100/100\n|switch|p2a: Charizard|Charizard, L50, F|100/100\n|switch|p2b: Garchomp|Garchomp, L50, F|100/100\n|turn|1\n|\n|t:|1788433189\n|move|p2a: Charizard|Protect|p2a: Charizard\n|-singleturn|p2a: Charizard|Protect\n|move|p1a: Sneasler|Feint|p2a: Charizard\n|-activate|p2a: Charizard|move: Feint\n|-damage|p2a: Charizard|87/100\n|move|p2b: Garchomp|Dragon Claw|p1b: Garchomp\n|-supereffective|p1b: Garchomp|1\n|-crit|p1b: Garchomp\n|-damage|p1b: Garchomp|0 fnt\n|-damage|p2b: Garchomp|87/100|[from] ability: Rough Skin|[of] p1b: Garchomp\n|faint|p1b: Garchomp\n|-damage|p2b: Garchomp|77/100|[from] item: Life Orb\n|\n|upkeep\n|\n|t:|1788433207\n|switch|p1b: Basculegion|Basculegion, L50, M|100/100\n|turn|2\n|\n|t:|1788433215\n|switch|p2a: Whimsicott|Whimsicott, L50, M|100/100\n|move|p1a: Sneasler|Close Combat|p2b: Garchomp\n|-damage|p2b: Garchomp|9/100\n|-unboost|p1a: Sneasler|def|1\n|-unboost|p1a: Sneasler|spd|1\n|-damage|p1a: Sneasler|87/100|[from] ability: Rough Skin|[of] p2b: Garchomp\n|-enditem|p1a: Sneasler|White Herb\n|-clearnegativeboost|p1a: Sneasler|[silent]\n|move|p2b: Garchomp|Dragon Claw|p1b: Basculegion\n|-damage|p1b: Basculegion|34/100\n|-damage|p2b: Garchomp|0 fnt|[from] item: Life Orb\n|faint|p2b: Garchomp\n|move|p1b: Basculegion|Wave Crash|p2a: Whimsicott\n|-resisted|p2a: Whimsicott|1\n|-damage|p2a: Whimsicott|34/100\n|-damage|p1b: Basculegion|19/100|[from] Recoil\n|\n|upkeep\n|\n|t:|1788433216\n|switch|p2b: Sylveon|Sylveon, L50, M|100/100\n|turn|3\n|\n|t:|1788433239\n|move|p1a: Sneasler|Feint|p2a: Whimsicott\n|-damage|p2a: Whimsicott|18/100\n|move|p2a: Whimsicott|Tailwind|p2a: Whimsicott\n|-sidestart|p2: Thornlace48812|move: Tailwind\n|move|p1b: Basculegion|Aqua Jet|p2a: Whimsicott\n|-resisted|p2a: Whimsicott|1\n|-damage|p2a: Whimsicott|0 fnt\n|faint|p2a: Whimsicott\n|move|p2b: Sylveon|Hyper Voice|p1b: Basculegion|[spread] p1a,p1b\n|-damage|p1a: Sneasler|21/100\n|-damage|p1b: Basculegion|0 fnt\n|faint|p1b: Basculegion\n|\n|upkeep\n|\n|t:|1788433249\n|switch|p2a: Charizard|Charizard, L50, F|87/100\n|switch|p1b: Dragonite|Dragonite, L50, M|100/100\n|turn|4\n|\n|t:|1788433255\n|detailschange|p2a: Charizard|Charizard-Mega-Y, L50, F\n|-mega|p2a: Charizard|Charizard|Charizardite Y\n|-weather|SunnyDay|[from] ability: Drought|[of] p2a: Charizard\n|detailschange|p1b: Dragonite|Dragonite-Mega, L50, M\n|-mega|p1b: Dragonite|Dragonite|Dragoninite\n|move|p1a: Sneasler|Dire Claw|p2b: Sylveon\n|-supereffective|p2b: Sylveon|1\n|-damage|p2b: Sylveon|0 fnt\n|faint|p2b: Sylveon\n|move|p2a: Charizard|Heat Wave|p1a: Sneasler|[spread] p1a,p1b\n|-resisted|p1b: Dragonite|1\n|-damage|p1a: Sneasler|0 fnt\n|-damage|p1b: Dragonite|85/100\n|faint|p1a: Sneasler\n|move|p1b: Dragonite|Dragon Pulse|p2a: Charizard\n|-damage|p2a: Charizard|36/100\n|\n|-weather|SunnyDay|[upkeep]\n|upkeep\n|turn|5\n|\n|t:|1788433276\n|move|p2a: Charizard|Heat Wave|p1b: Dragonite\n|-resisted|p1b: Dragonite|1\n|-damage|p1b: Dragonite|47/100\n|move|p1b: Dragonite|Tailwind|p1b: Dragonite\n|-sidestart|p1: xavvies|move: Tailwind\n|\n|-weather|SunnyDay|[upkeep]\n|upkeep\n|turn|6\n|\n|t:|1788433281\n|move|p1b: Dragonite|Protect|p1b: Dragonite\n|-singleturn|p1b: Dragonite|Protect\n|move|p2a: Charizard|Ancient Power|p1b: Dragonite\n|-activate|p1b: Dragonite|move: Protect\n|\n|-weather|SunnyDay|[upkeep]\n|-sideend|p2: Thornlace48812|move: Tailwind\n|upkeep\n|turn|7\n|\n|t:|1788433287\n|move|p2a: Charizard|Protect|p2a: Charizard\n|-singleturn|p2a: Charizard|Protect\n|move|p1b: Dragonite|Dragon Pulse|p2a: Charizard\n|-activate|p2a: Charizard|move: Protect\n|\n|-weather|SunnyDay|[upkeep]\n|upkeep\n|turn|8\n|\n|t:|1788433289\n|move|p2a: Charizard|Protect||[still]\n|-fail|p2a: Charizard\n|move|p1b: Dragonite|Dragon Pulse|p2a: Charizard\n|-damage|p2a: Charizard|0 fnt\n|faint|p2a: Charizard\n|\n|win|xavvies\n|raw|xavvies's rating: 1323 &rarr; <strong>1343</strong><br />(+20 for winning)\n|raw|Thornlace48812's rating: 1319 &rarr; <strong>1299</strong><br />(-20 for losing)\n","uploadtime":1788433289,"views":"0","formatid":"gen9championsvgc2026regmb","rating":1299,"private":0,"password":null}