{"id":"gen9championsvgc2026regmbbo3-2674220870","format":"[Gen 9 Champions] VGC 2026 Reg M-B (Bo3)","players":["dhxc10","ilykuronaa"],"log":"|j|☆dhxc10\n|j|☆ilykuronaa\n|html|<table width=\"100%\"><tr><td align=\"left\">dhxc10</td><td align=\"right\">ilykuronaa</tr><tr><td align=\"left\"><i class=\"fa fa-circle-o\"></i> <i class=\"fa fa-circle-o\"></i> </td><td align=\"right\"><i class=\"fa fa-circle-o\"></i> <i class=\"fa fa-circle\"></i> </tr></table>\n|uhtml|bestof|<h2><strong>Game 2</strong> of <a href=\"/game-bestof3-gen9championsvgc2026regmbbo3-2674219546\">a best-of-3</a></h2>\n|t:|1788317748\n|gametype|doubles\n|player|p1|dhxc10|red|1000\n|player|p2|ilykuronaa|102|1145\n|gen|9\n|tier|[Gen 9 Champions] VGC 2026 Reg M-B (Bo3)\n|rated|\n|rule|Species Clause: Limit one of each Pokémon\n|rule|Item Clause: Limit 1 of each item\n|clearpoke\n|poke|p1|Toxapex, L50, M|\n|poke|p1|Greninja, L50, M|\n|poke|p1|Dragonite, L50, M|\n|poke|p1|Lucario, L50, M|\n|poke|p1|Sylveon, L50, M|\n|poke|p1|Lycanroc-Dusk, L50, F|\n|poke|p2|Floette-Eternal, L50, F|\n|poke|p2|Basculegion, L50, M|\n|poke|p2|Kingambit, L50, F|\n|poke|p2|Dragonite, L50, F|\n|poke|p2|Garchomp, L50, F|\n|poke|p2|Sneasler, L50, M|\n|teampreview|4\n|showteam|p1|Toxapex||Leftovers|Regenerator|Toxic,Infestation,WideGuard,BanefulBunker|Bold||M|||50|]Greninja||Greninjite|Protean|DarkPulse,IceBeam,WaterShuriken,Protect|Timid||M|||50|]Dragonite||SilkScarf|Multiscale|ExtremeSpeed,Roost,DragonDance,Protect|Adamant||M|||50|]Lucario||Lucarionite|InnerFocus|CloseCombat,AuraSphere,ExtremeSpeed,Protect|Naive||M|||50|]Sylveon||FairyFeather|Pixilate|HyperBeam,HyperVoice,QuickAttack,Protect|Sassy||M|||50|]Lycanroc-Dusk||FocusSash|ToughClaws|CloseCombat,RockSlide,Accelerock,Protect|Jolly||F|||50|\n|showteam|p2|Floette-Eternal||Floettite|FlowerVeil|Moonblast,DazzlingGleam,LightofRuin,Protect|Timid||F|||50|]Basculegion||LifeOrb|Adaptability|WaveCrash,LastRespects,AquaJet,Protect|Adamant||M|||50|]Kingambit||ChopleBerry|Defiant|SuckerPunch,KowtowCleave,LowKick,IronHead|Adamant||F|||50|]Dragonite||Dragoninite|Multiscale|DragonPulse,HeatWave,ExtremeSpeed,Protect|Modest||F|||50|]Garchomp||ChoiceScarf|RoughSkin|DragonClaw,StompingTantrum,Earthquake,RockSlide|Jolly||F|||50|]Sneasler||FocusSash|Unburden|CloseCombat,DireClaw,FakeOut,Feint|Adamant||M|||50|\n|\n|t:|1788317794\n|teamsize|p1|4\n|teamsize|p2|4\n|start\n|switch|p1a: Toxapex|Toxapex, L50, M|100/100\n|switch|p1b: Lycanroc|Lycanroc-Dusk, L50, F|100/100\n|switch|p2a: Floette|Floette-Eternal, L50, F|100/100\n|switch|p2b: Kingambit|Kingambit, L50, F|100/100\n|turn|1\n|\n|t:|1788317828\n|move|p2a: Floette|Protect|p2a: Floette\n|-singleturn|p2a: Floette|Protect\n|move|p1b: Lycanroc|Close Combat|p2b: Kingambit\n|-supereffective|p2b: Kingambit|2\n|-enditem|p2b: Kingambit|Chople Berry|[eat]\n|-enditem|p2b: Kingambit|Chople Berry|[weaken]\n|-damage|p2b: Kingambit|27/100\n|-unboost|p1b: Lycanroc|def|1\n|-unboost|p1b: Lycanroc|spd|1\n|move|p2b: Kingambit|Iron Head|p1b: Lycanroc\n|-supereffective|p1b: Lycanroc|1\n|-enditem|p1b: Lycanroc|Focus Sash\n|-damage|p1b: Lycanroc|1/100\n|move|p1a: Toxapex|Infestation|p2a: Floette\n|-activate|p2a: Floette|move: Protect\n|\n|upkeep\n|turn|2\n|\n|t:|1788317866\n|switch|p2a: Garchomp|Garchomp, L50, F|100/100\n|move|p1b: Lycanroc|Accelerock|p2b: Kingambit\n|-resisted|p2b: Kingambit|1\n|-crit|p2b: Kingambit\n|-damage|p2b: Kingambit|13/100\n|move|p2b: Kingambit|Sucker Punch||[still]\n|-fail|p2b: Kingambit\n|move|p1a: Toxapex|Infestation|p2a: Garchomp\n|-damage|p2a: Garchomp|96/100\n|-activate|p2a: Garchomp|move: Infestation|[of] p1a: Toxapex\n|-damage|p1a: Toxapex|87/100|[from] ability: Rough Skin|[of] p2a: Garchomp\n|\n|-heal|p1a: Toxapex|93/100|[from] item: Leftovers\n|-damage|p2a: Garchomp|83/100|[from] move: Infestation|[partiallytrapped]\n|upkeep\n|turn|3\n|\n|t:|1788317898\n|move|p1a: Toxapex|Wide Guard|p1a: Toxapex\n|-singleturn|p1a: Toxapex|Wide Guard\n|move|p1b: Lycanroc|Accelerock|p2b: Kingambit\n|-resisted|p2b: Kingambit|1\n|-damage|p2b: Kingambit|3/100\n|move|p2b: Kingambit|Sucker Punch||[still]\n|-fail|p2b: Kingambit\n|move|p2a: Garchomp|Earthquake|p1a: Toxapex|[spread] p2b\n|-activate|p1a: Toxapex|move: Wide Guard\n|-activate|p1b: Lycanroc|move: Wide Guard\n|-supereffective|p2b: Kingambit|1\n|-damage|p2b: Kingambit|0 fnt\n|faint|p2b: Kingambit\n|\n|-heal|p1a: Toxapex|99/100|[from] item: Leftovers\n|-damage|p2a: Garchomp|71/100|[from] move: Infestation|[partiallytrapped]\n|upkeep\n|\n|t:|1788317918\n|switch|p2b: Basculegion|Basculegion, L50, M|100/100\n|turn|4\n|\n|t:|1788317949\n|move|p1b: Lycanroc|Protect|p1b: Lycanroc\n|-singleturn|p1b: Lycanroc|Protect\n|move|p2b: Basculegion|Protect|p2b: Basculegion\n|-singleturn|p2b: Basculegion|Protect\n|move|p2a: Garchomp|Earthquake|p1a: Toxapex|[spread] p1a\n|-activate|p2b: Basculegion|move: Protect\n|-activate|p1b: Lycanroc|move: Protect\n|-supereffective|p1a: Toxapex|1\n|-damage|p1a: Toxapex|49/100\n|move|p1a: Toxapex|Toxic|p2a: Garchomp\n|-status|p2a: Garchomp|tox\n|\n|-heal|p1a: Toxapex|55/100|[from] item: Leftovers\n|-damage|p2a: Garchomp|65/100 tox|[from] psn\n|-damage|p2a: Garchomp|52/100 tox|[from] move: Infestation|[partiallytrapped]\n|upkeep\n|turn|5\n|\n|t:|1788317989\n|move|p1a: Toxapex|Baneful Bunker|p1a: Toxapex\n|-singleturn|p1a: Toxapex|move: Protect\n|move|p1b: Lycanroc|Accelerock|p2b: Basculegion\n|-damage|p2b: Basculegion|69/100\n|move|p2b: Basculegion|Aqua Jet|p1b: Lycanroc\n|-supereffective|p1b: Lycanroc|1\n|-damage|p1b: Lycanroc|0 fnt\n|faint|p1b: Lycanroc\n|-damage|p2b: Basculegion|59/100|[from] item: Life Orb\n|move|p2a: Garchomp|Earthquake|p1a: Toxapex|[spread] p2b\n|-activate|p1a: Toxapex|move: Protect\n|-damage|p2b: Basculegion|11/100\n|\n|-heal|p1a: Toxapex|61/100|[from] item: Leftovers\n|-damage|p2a: Garchomp|41/100 tox|[from] psn\n|-damage|p2a: Garchomp|28/100 tox|[from] move: Infestation|[partiallytrapped]\n|upkeep\n|\n|t:|1788318015\n|switch|p1b: Sylveon|Sylveon, L50, M|100/100\n|turn|6\n|\n|t:|1788318031\n|move|p2b: Basculegion|Protect|p2b: Basculegion\n|-singleturn|p2b: Basculegion|Protect\n|move|p1a: Toxapex|Wide Guard|p1a: Toxapex\n|-singleturn|p1a: Toxapex|Wide Guard\n|move|p1b: Sylveon|Quick Attack|p2b: Basculegion\n|-activate|p2b: Basculegion|move: Protect\n|move|p2a: Garchomp|Earthquake|p1a: Toxapex|[spread] \n|-activate|p1a: Toxapex|move: Wide Guard\n|-activate|p1b: Sylveon|move: Wide Guard\n|-activate|p2b: Basculegion|move: Protect\n|\n|-heal|p1a: Toxapex|66/100|[from] item: Leftovers\n|-damage|p2a: Garchomp|10/100 tox|[from] psn\n|-damage|p2a: Garchomp|0 fnt|[from] move: Infestation|[partiallytrapped]\n|faint|p2a: Garchomp\n|upkeep\n|\n|t:|1788318041\n|switch|p2a: Floette|Floette-Eternal, L50, F|100/100\n|turn|7\n|\n|t:|1788318075\n|detailschange|p2a: Floette|Floette-Mega, L50, F\n|-mega|p2a: Floette|Floette|Floettite\n|-ability|p2a: Floette|Fairy Aura\n|move|p1b: Sylveon|Protect|p1b: Sylveon\n|-singleturn|p1b: Sylveon|Protect\n|move|p2b: Basculegion|Aqua Jet|p1b: Sylveon\n|-activate|p1b: Sylveon|move: Protect\n|move|p2a: Floette|Moonblast|p1b: Sylveon\n|-activate|p1b: Sylveon|move: Protect\n|move|p1a: Toxapex|Toxic|p2a: Floette\n|-status|p2a: Floette|tox\n|\n|-heal|p1a: Toxapex|72/100|[from] item: Leftovers\n|-damage|p2a: Floette|94/100 tox|[from] psn\n|upkeep\n|turn|8\n|\n|t:|1788318106\n|move|p1a: Toxapex|Wide Guard|p1a: Toxapex\n|-singleturn|p1a: Toxapex|Wide Guard\n|move|p2b: Basculegion|Aqua Jet|p1b: Sylveon\n|-damage|p1b: Sylveon|56/100\n|-damage|p2b: Basculegion|2/100|[from] item: Life Orb\n|move|p2a: Floette|Moonblast|p1b: Sylveon\n|-crit|p1b: Sylveon\n|-damage|p1b: Sylveon|0 fnt\n|faint|p1b: Sylveon\n|\n|-heal|p1a: Toxapex|78/100|[from] item: Leftovers\n|-damage|p2a: Floette|82/100 tox|[from] psn\n|upkeep\n|\n|t:|1788318122\n|switch|p1b: Greninja|Greninja, L50, M|100/100\n|turn|9\n|\n|t:|1788318154\n|move|p1b: Greninja|Protect|p1b: Greninja\n|-start|p1b: Greninja|typechange|Normal|[from] ability: Protean\n|-singleturn|p1b: Greninja|Protect\n|move|p2b: Basculegion|Protect|p2b: Basculegion\n|-singleturn|p2b: Basculegion|Protect\n|move|p2a: Floette|Moonblast|p1b: Greninja\n|-activate|p1b: Greninja|move: Protect\n|move|p1a: Toxapex|Toxic|p2b: Basculegion\n|-activate|p2b: Basculegion|move: Protect\n|\n|-heal|p1a: Toxapex|84/100|[from] item: Leftovers\n|-damage|p2a: Floette|64/100 tox|[from] psn\n|upkeep\n|turn|10\n|\n|t:|1788318196\n|detailschange|p1b: Greninja|Greninja-Mega, L50, M\n|-mega|p1b: Greninja|Greninja|Greninjite\n|move|p1a: Toxapex|Baneful Bunker|p1a: Toxapex\n|-singleturn|p1a: Toxapex|move: Protect\n|move|p1b: Greninja|Water Shuriken|p2a: Floette\n|-start|p1b: Greninja|typechange|Water|[from] ability: Protean\n|-damage|p2a: Floette|56/100 tox\n|-damage|p2a: Floette|49/100 tox\n|-damage|p2a: Floette|41/100 tox\n|-hitcount|p2a: Floette|3\n|move|p2b: Basculegion|Aqua Jet|p1b: Greninja\n|-resisted|p1b: Greninja|1\n|-damage|p1b: Greninja|73/100\n|-damage|p2b: Basculegion|0 fnt|[from] item: Life Orb\n|faint|p2b: Basculegion\n|move|p2a: Floette|Moonblast|p1b: Greninja\n|-damage|p1b: Greninja|0 fnt\n|faint|p1b: Greninja\n|\n|-heal|p1a: Toxapex|89/100|[from] item: Leftovers\n|-damage|p2a: Floette|17/100 tox|[from] psn\n|upkeep\n|turn|11\n|\n|t:|1788318226\n|move|p1a: Toxapex|Baneful Bunker||[still]\n|-fail|p1a: Toxapex\n|move|p2a: Floette|Moonblast|p1a: Toxapex\n|-resisted|p1a: Toxapex|1\n|-damage|p1a: Toxapex|55/100\n|\n|-heal|p1a: Toxapex|61/100|[from] item: Leftovers\n|-damage|p2a: Floette|0 fnt|[from] psn\n|faint|p2a: Floette\n|\n|win|dhxc10\n","uploadtime":1788318226,"views":"0","formatid":"gen9championsvgc2026regmbbo3","rating":null,"private":0,"password":null}