{"id":"gen9championsvgc2026regmb-2674393783","format":"[Gen 9 Champions] VGC 2026 Reg M-B","players":["Leocleo","DereckJ"],"log":"|j|☆Leocleo\n|j|☆DereckJ\n|t:|1788354132\n|gametype|doubles\n|player|p1|Leocleo|clair|1047\n|player|p2|DereckJ|lucas-gen4pt|1000\n|gen|9\n|tier|[Gen 9 Champions] VGC 2026 Reg M-B\n|rated|\n|rule|Species Clause: Limit one of each Pokémon\n|rule|Item Clause: Limit 1 of each item\n|clearpoke\n|poke|p1|Whimsicott, L50, F|\n|poke|p1|Malamar, L50, M|\n|poke|p1|Camerupt, L50, M|\n|poke|p1|Torkoal, L50, F|\n|poke|p1|Maushold-Four, L50|\n|poke|p1|Farigiraf, L50, M|\n|poke|p2|Lucario, L50, M|\n|poke|p2|Garchomp, L50, F|\n|poke|p2|Rotom-Wash, L50, shiny|\n|poke|p2|Dragapult, L50, M|\n|poke|p2|Primarina, L50, F|\n|poke|p2|Arcanine-Hisui, L50, M|\n|teampreview|4\nLeocleo rejected open team sheets.\n|inactive|Battle timer is ON: inactive players will automatically lose when time's up. (requested by Leocleo)\n|\n|t:|1788354170\n|teamsize|p1|4\n|teamsize|p2|4\n|start\n|switch|p1a: Giraf|Farigiraf, L50, M|100/100\n|switch|p1b: Sunny Fella|Torkoal, L50, F|100/100\n|switch|p2a: Garchomp|Garchomp, L50, F|100/100\n|switch|p2b: Lucario|Lucario, L50, M|100/100\n|-weather|SunnyDay|[from] ability: Drought|[of] p1b: Sunny Fella\n|turn|1\n|\n|t:|1788354188\n|switch|p2b: Rotom|Rotom-Wash, L50, shiny|100/100\n|move|p2a: Garchomp|Earthquake|p1b: Sunny Fella|[spread] p1a,p1b\n|-immune|p2b: Rotom|[from] ability: Levitate\n|-supereffective|p1b: Sunny Fella|1\n|-damage|p1a: Giraf|59/100\n|-damage|p1b: Sunny Fella|34/100\n|move|p1b: Sunny Fella|Eruption|p2a: Garchomp|[spread] p2a,p2b\n|-resisted|p2a: Garchomp|1\n|-resisted|p2b: Rotom|1\n|-damage|p2a: Garchomp|87/100\n|-damage|p2b: Rotom|89/100\n|move|p1a: Giraf|Trick Room|p1a: Giraf\n|-fieldstart|move: Trick Room|[of] p1a: Giraf\n|\n|-weather|SunnyDay|[upkeep]\n|upkeep\n|turn|2\n|\n|t:|1788354207\n|move|p1b: Sunny Fella|Eruption|p2a: Garchomp|[spread] p2a,p2b\n|-resisted|p2a: Garchomp|1\n|-resisted|p2b: Rotom|1\n|-damage|p2a: Garchomp|74/100\n|-damage|p2b: Rotom|77/100\n|move|p1a: Giraf|Twin Beam|p2b: Rotom\n|-damage|p2b: Rotom|61/100\n|-damage|p2b: Rotom|47/100\n|-enditem|p2b: Rotom|Sitrus Berry|[eat]\n|-heal|p2b: Rotom|72/100|[from] item: Sitrus Berry\n|-hitcount|p2b: Rotom|2\n|move|p2b: Rotom|Volt Switch|p1a: Giraf\n|-damage|p1a: Giraf|41/100\n|\n|t:|1788354220\n|switch|p2b: Dragapult|Dragapult, L50, M|100/100|[from] Volt Switch\n|move|p2a: Garchomp|Earthquake|p1a: Giraf|[spread] p2b,p1a,p1b\n|-supereffective|p1b: Sunny Fella|1\n|-damage|p2b: Dragapult|50/100g\n|-damage|p1a: Giraf|3/100\n|-damage|p1b: Sunny Fella|0 fnt\n|faint|p1b: Sunny Fella\n|\n|-weather|SunnyDay|[upkeep]\n|upkeep\n|\n|t:|1788354231\n|switch|p1b: Walking Volcano|Camerupt, L50, M|100/100\n|turn|3\n|\n|t:|1788354244\n|detailschange|p1b: Walking Volcano|Camerupt-Mega, L50, M\n|-mega|p1b: Walking Volcano|Camerupt|Cameruptite\n|move|p1b: Walking Volcano|Eruption|p2b: Dragapult|[spread] p2a,p2b\n|-resisted|p2a: Garchomp|1\n|-resisted|p2b: Dragapult|1\n|-crit|p2b: Dragapult\n|-damage|p2a: Garchomp|12/100\n|-damage|p2b: Dragapult|0 fnt\n|faint|p2b: Dragapult\n|move|p1a: Giraf|Twin Beam|p2a: Garchomp\n|-damage|p2a: Garchomp|0 fnt\n|faint|p2a: Garchomp\n|-hitcount|p2: Garchomp|1\n|\n|-weather|SunnyDay|[upkeep]\n|upkeep\n|\n|t:|1788354256\n|switch|p2a: Rotom|Rotom-Wash, L50, shiny|72/100\n|switch|p2b: Lucario|Lucario, L50, M|100/100\n|turn|4\n|\n|t:|1788354266\n|switch|p1a: Who? Me?|Whimsicott, L50, F|100/100\n|detailschange|p2b: Lucario|Lucario-Mega, L50, M\n|-mega|p2b: Lucario|Lucario|Lucarionite\n|move|p2b: Lucario|Bullet Punch|p1a: Who? Me?\n|-supereffective|p1a: Who? Me?|1\n|-damage|p1a: Who? Me?|42/100\n|move|p1b: Walking Volcano|Eruption|p2b: Lucario|[spread] p2a,p2b\n|-resisted|p2a: Rotom|1\n|-supereffective|p2b: Lucario|1\n|-damage|p2a: Rotom|23/100\n|-damage|p2b: Lucario|0 fnt\n|faint|p2b: Lucario\n|move|p2a: Rotom|Hydro Pump|p1b: Walking Volcano|[miss]\n|-miss|p2a: Rotom|p1b: Walking Volcano\n|\n|-weather|SunnyDay|[upkeep]\n|upkeep\n|turn|5\n|\n|t:|1788354282\n|move|p1a: Who? Me?|Worry Seed|p2a: Rotom\n|-ability|p2a: Rotom|Insomnia|Levitate|[from] move: Worry Seed\n|move|p1b: Walking Volcano|Scorching Sands|p2a: Rotom\n|-supereffective|p2a: Rotom|1\n|-damage|p2a: Rotom|0 fnt\n|faint|p2a: Rotom\n|\n|win|Leocleo\n|raw|Leocleo's rating: 1047 &rarr; <strong>1076</strong><br />(+29 for winning)\n|raw|DereckJ's rating: 1000 &rarr; <strong>1000</strong><br />(+0 for losing)\n|c|☆Leocleo|gg\n","uploadtime":1788354291,"views":"13","formatid":"gen9championsvgc2026regmb","rating":1000,"private":0,"password":null}