{"id":"gen9championsvgc2026regmb-2674901075","format":"[Gen 9 Champions] VGC 2026 Reg M-B","players":["Thornlace48812","perfectlove"],"log":"|j|☆Thornlace48812\n|j|☆perfectlove\n|t:|1788432463\n|gametype|doubles\n|player|p1|Thornlace48812|102|1271\n|player|p2|perfectlove|170|1210\n|gen|9\n|tier|[Gen 9 Champions] VGC 2026 Reg M-B\n|rated|\n|rule|Species Clause: Limit one of each Pokémon\n|rule|Item Clause: Limit 1 of each item\n|clearpoke\n|poke|p1|Garchomp, L50, F|\n|poke|p1|Charizard, L50, M|\n|poke|p1|Whimsicott, L50, M|\n|poke|p1|Sylveon, L50, M|\n|poke|p1|Kingambit, L50, M|\n|poke|p1|Basculegion, L50, M|\n|poke|p2|Vileplume, L50, M|\n|poke|p2|Farigiraf, L50, F|\n|poke|p2|Torkoal, L50, M|\n|poke|p2|Camerupt, L50, M|\n|poke|p2|Abomasnow, L50, F|\n|poke|p2|Kangaskhan, L50, F|\n|teampreview|4\n|inactive|Battle timer is ON: inactive players will automatically lose when time's up. (requested by Thornlace48812)\nThornlace48812 rejected open team sheets.\n|\n|t:|1788432482\n|teamsize|p1|4\n|teamsize|p2|4\n|start\n|switch|p1a: Charizard|Charizard, L50, M|100/100\n|switch|p1b: Sylveon|Sylveon, L50, M|100/100\n|switch|p2a: Farigiraf|Farigiraf, L50, F|100/100\n|switch|p2b: Kangaskhan|Kangaskhan, L50, F|100/100\n|turn|1\n|\n|t:|1788432491\n|detailschange|p1a: Charizard|Charizard-Mega-Y, L50, M\n|-mega|p1a: Charizard|Charizard|Charizardite Y\n|-weather|SunnyDay|[from] ability: Drought|[of] p1a: Charizard\n|move|p2b: Kangaskhan|Fake Out|p1a: Charizard\n|-damage|p1a: Charizard|72/100\n|-damage|p2b: Kangaskhan|90/100|[from] item: Life Orb\n|cant|p1a: Charizard|flinch\n|move|p1b: Sylveon|Hyper Voice|p2b: Kangaskhan|[spread] p2a,p2b\n|-damage|p2a: Farigiraf|55/100\n|-damage|p2b: Kangaskhan|43/100\n|move|p2a: Farigiraf|Trick Room|p2a: Farigiraf\n|-fieldstart|move: Trick Room|[of] p2a: Farigiraf\n|\n|-weather|SunnyDay|[upkeep]\n|upkeep\n|turn|2\n|\n|t:|1788432506\n|move|p2a: Farigiraf|Psychic|p1b: Sylveon\n|-damage|p1b: Sylveon|76/100\n|-unboost|p1b: Sylveon|spd|1\n|move|p1b: Sylveon|Hyper Voice|p2a: Farigiraf|[spread] p2a,p2b\n|-damage|p2a: Farigiraf|17/100\n|-damage|p2b: Kangaskhan|0 fnt\n|faint|p2b: Kangaskhan\n|move|p1a: Charizard|Heat Wave|p2a: Farigiraf\n|-damage|p2a: Farigiraf|0 fnt\n|faint|p2a: Farigiraf\n|\n|-weather|SunnyDay|[upkeep]\n|upkeep\n|\n|t:|1788432517\n|switch|p2a: Abomasnow|Abomasnow, L50, F|100/100\n|switch|p2b: Torkoal|Torkoal, L50, M|100/100\n|-weather|Snowscape|[from] ability: Snow Warning|[of] p2a: Abomasnow\n|turn|3\n|\n|t:|1788432529\n|detailschange|p2a: Abomasnow|Abomasnow-Mega, L50, F\n|-mega|p2a: Abomasnow|Abomasnow|Abomasite\n|move|p2b: Torkoal|Ancient Power|p1a: Charizard\n|-supereffective|p1a: Charizard|2\n|-damage|p1a: Charizard|1/100\n|-boost|p2b: Torkoal|atk|1\n|-boost|p2b: Torkoal|def|1\n|-boost|p2b: Torkoal|spa|1\n|-boost|p2b: Torkoal|spd|1\n|-boost|p2b: Torkoal|spe|1\n|move|p2a: Abomasnow|Blizzard|p1b: Sylveon|[spread] p1a,p1b\n|-damage|p1a: Charizard|0 fnt\n|-damage|p1b: Sylveon|19/100\n|faint|p1a: Charizard\n|move|p1b: Sylveon|Hyper Voice|p2a: Abomasnow|[spread] p2a,p2b\n|-crit|p2a: Abomasnow\n|-resisted|p2b: Torkoal|1\n|-damage|p2a: Abomasnow|32/100\n|-damage|p2b: Torkoal|79/100\n|\n|-weather|Snowscape|[upkeep]\n|upkeep\n|\n|t:|1788432530\n|switch|p1a: Garchomp|Garchomp, L50, F|100/100\n|turn|4\n|inactive|perfectlove has 30 seconds left.\n|\n|t:|1788432555\n|move|p1b: Sylveon|Detect|p1b: Sylveon\n|-singleturn|p1b: Sylveon|Protect\n|move|p2a: Abomasnow|Blizzard|p1b: Sylveon|[spread] p1a\n|-activate|p1b: Sylveon|move: Protect\n|-supereffective|p1a: Garchomp|2\n|-damage|p1a: Garchomp|0 fnt\n|faint|p1a: Garchomp\n|move|p2b: Torkoal|Weather Ball|p1b: Sylveon\n|-activate|p1b: Sylveon|move: Protect\n|\n|-weather|Snowscape|[upkeep]\n|upkeep\n|\n|t:|1788432555\n|switch|p1a: Basculegion|Basculegion, L50, M|100/100\n|turn|5\n|inactive|perfectlove has 30 seconds left.\n|\n|t:|1788432583\n|move|p1a: Basculegion|Protect|p1a: Basculegion\n|-singleturn|p1a: Basculegion|Protect\n|move|p2a: Abomasnow|Energy Ball|p1a: Basculegion\n|-activate|p1a: Basculegion|move: Protect\n|move|p2b: Torkoal|Weather Ball|p1b: Sylveon\n|-damage|p1b: Sylveon|0 fnt\n|faint|p1b: Sylveon\n|\n|-weather|Snowscape|[upkeep]\n|-fieldend|move: Trick Room\n|upkeep\n|turn|6\n|\n|t:|1788432600\n|move|p1a: Basculegion|Last Respects|p2a: Abomasnow\n|-damage|p2a: Abomasnow|0 fnt\n|faint|p2a: Abomasnow\n|move|p2b: Torkoal|Solar Beam||[still]\n|-prepare|p2b: Torkoal|Solar Beam\n|\n|-weather|Snowscape|[upkeep]\n|upkeep\n|turn|7\n|\n|t:|1788432607\n|move|p1a: Basculegion|Last Respects|p2b: Torkoal\n|-damage|p2b: Torkoal|15/100\n|move|p2b: Torkoal|Solar Beam|p1a: Basculegion|[from] lockedmove\n|-supereffective|p1a: Basculegion|1\n|-damage|p1a: Basculegion|40/100\n|\n|-weather|none\n|upkeep\n|turn|8\n|\n|t:|1788432615\n|move|p1a: Basculegion|Last Respects|p2b: Torkoal\n|-damage|p2b: Torkoal|0 fnt\n|faint|p2b: Torkoal\n|\n|win|Thornlace48812\n|raw|Thornlace48812's rating: 1339 &rarr; <strong>1352</strong><br />(+13 for winning)\n|raw|perfectlove's rating: 1210 &rarr; <strong>1194</strong><br />(-16 for losing)\n","uploadtime":1788432616,"views":"5","formatid":"gen9championsvgc2026regmb","rating":1194,"private":0,"password":null}