{"id":"gen9championsvgc2026regmb-2674683447","format":"[Gen 9 Champions] VGC 2026 Reg M-B","players":["KUTF1","Appl1234567"],"log":"|j|☆KUTF1\n|j|☆Appl1234567\n|t:|1788389995\n|gametype|doubles\n|player|p1|KUTF1|janine|1100\n|player|p2|Appl1234567|170|1000\n|gen|9\n|tier|[Gen 9 Champions] VGC 2026 Reg M-B\n|rated|\n|rule|Species Clause: Limit one of each Pokémon\n|rule|Item Clause: Limit 1 of each item\n|clearpoke\n|poke|p1|Lopunny, L50, M|\n|poke|p1|Whimsicott, L50, M|\n|poke|p1|Lycanroc-Dusk, L50, F|\n|poke|p1|Clefable, L50, M|\n|poke|p1|Gholdengo, L50|\n|poke|p1|Farigiraf, L50, F|\n|poke|p2|Blastoise, L50, M|\n|poke|p2|Delphox, L50, M|\n|poke|p2|Sinistcha-Masterpiece, L50|\n|poke|p2|Sneasler, L50, F|\n|poke|p2|Kingambit, L50, M|\n|poke|p2|Incineroar, L50, M|\n|teampreview|4\n|inactive|Battle timer is ON: inactive players will automatically lose when time's up. (requested by KUTF1)\n|inactive|Appl1234567 has 60 seconds left.\n|\n|t:|1788390051\n|teamsize|p1|4\n|teamsize|p2|4\n|start\n|switch|p1a: Lycanroc|Lycanroc-Dusk, L50, F|100/100\n|switch|p1b: Whimsicott|Whimsicott, L50, M|100/100\n|switch|p2a: Kingambit|Kingambit, L50, M|100/100\n|switch|p2b: Sneasler|Sneasler, L50, F|100/100\n|turn|1\n|inactive|Appl1234567 has 30 seconds left.\n|\n|t:|1788390077\n|move|p1b: Whimsicott|Protect|p1b: Whimsicott\n|-singleturn|p1b: Whimsicott|Protect\n|move|p1a: Lycanroc|Protect|p1a: Lycanroc\n|-singleturn|p1a: Lycanroc|Protect\n|move|p2b: Sneasler|Fake Out|p1b: Whimsicott\n|-activate|p1b: Whimsicott|move: Protect\n|move|p2a: Kingambit|Swords Dance|p2a: Kingambit\n|-boost|p2a: Kingambit|atk|2\n|\n|upkeep\n|turn|2\n|\n|t:|1788390095\n|switch|p1b: Farigiraf|Farigiraf, L50, F|100/100\n|move|p2b: Sneasler|Poison Jab|p1b: Farigiraf\n|-damage|p1b: Farigiraf|60/100\n|-status|p1b: Farigiraf|psn\n|move|p1a: Lycanroc|Close Combat|p2a: Kingambit\n|-supereffective|p2a: Kingambit|2\n|-damage|p2a: Kingambit|0 fnt\n|-unboost|p1a: Lycanroc|def|1\n|-unboost|p1a: Lycanroc|spd|1\n|faint|p2a: Kingambit\n|\n|-damage|p1b: Farigiraf|48/100 psn|[from] psn\n|upkeep\n|\n|t:|1788390109\n|switch|p2a: Sinistcha|Sinistcha-Masterpiece, L50|100/100\n|turn|3\n|\n|t:|1788390125\n|move|p2b: Sneasler|Close Combat|p1a: Lycanroc\n|-supereffective|p1a: Lycanroc|1\n|-enditem|p1a: Lycanroc|Focus Sash\n|-damage|p1a: Lycanroc|1/100\n|-unboost|p2b: Sneasler|def|1\n|-unboost|p2b: Sneasler|spd|1\n|move|p1a: Lycanroc|Rock Slide|p2b: Sneasler|[spread] p2a,p2b\n|-resisted|p2b: Sneasler|1\n|-damage|p2a: Sinistcha|79/100\n|-damage|p2b: Sneasler|66/100\n|move|p2a: Sinistcha|Matcha Gotcha|p1a: Lycanroc|[spread] p1a,p1b\n|-supereffective|p1a: Lycanroc|1\n|-damage|p1a: Lycanroc|0 fnt\n|-heal|p2a: Sinistcha|80/100|[from] drain|[of] p1a: Lycanroc\n|-damage|p1b: Farigiraf|29/100 psn\n|-heal|p2a: Sinistcha|92/100|[from] drain|[of] p1b: Farigiraf\n|faint|p1a: Lycanroc\n|move|p1b: Farigiraf|Psychic|p2b: Sneasler\n|-supereffective|p2b: Sneasler|2\n|-damage|p2b: Sneasler|0 fnt\n|faint|p2b: Sneasler\n|\n|-damage|p1b: Farigiraf|16/100 psn|[from] psn\n|upkeep\n|\n|t:|1788390145\n|switch|p2b: Delphox|Delphox, L50, M|100/100\n|switch|p1a: Whimsicott|Whimsicott, L50, M|100/100\n|turn|4\n|\n|t:|1788390163\n|detailschange|p2b: Delphox|Delphox-Mega, L50, M\n|-mega|p2b: Delphox|Delphox|Delphoxite\n|move|p1a: Whimsicott|Protect|p1a: Whimsicott\n|-singleturn|p1a: Whimsicott|Protect\n|move|p2b: Delphox|Heat Wave|p1b: Farigiraf|[spread] p1b\n|-activate|p1a: Whimsicott|move: Protect\n|-damage|p1b: Farigiraf|0 fnt\n|faint|p1b: Farigiraf\n|move|p2a: Sinistcha|Matcha Gotcha|p1a: Whimsicott\n|-activate|p1a: Whimsicott|move: Protect\n|\n|upkeep\n|\n|t:|1788390166\n|switch|p1b: Usagi|Lopunny, L50, M|100/100\n|turn|5\n|\n|t:|1788390173\n|detailschange|p1b: Usagi|Lopunny-Mega, L50, M\n|-mega|p1b: Usagi|Lopunny|Lopunnite\n|move|p2b: Delphox|Protect|p2b: Delphox\n|-singleturn|p2b: Delphox|Protect\n|move|p2a: Sinistcha|Protect|p2a: Sinistcha\n|-singleturn|p2a: Sinistcha|Protect\n|move|p1b: Usagi|Fake Out|p2b: Delphox\n|-activate|p2b: Delphox|move: Protect\n|move|p1a: Whimsicott|Encore|p2a: Sinistcha\n|-activate|p2a: Sinistcha|move: Protect\n|\n|upkeep\n|turn|6\n|\n|t:|1788390193\n|move|p2a: Sinistcha|Rage Powder|p2a: Sinistcha\n|-singleturn|p2a: Sinistcha|move: Rage Powder\n|move|p1a: Whimsicott|Encore|p2b: Delphox\n|-start|p2b: Delphox|Encore\n|move|p2b: Delphox|Protect|p2b: Delphox\n|-singleturn|p2b: Delphox|Protect\n|move|p1b: Usagi|Ice Punch|p2a: Sinistcha\n|-supereffective|p2a: Sinistcha|1\n|-damage|p2a: Sinistcha|48/100\n|\n|upkeep\n|turn|7\n|\n|t:|1788390212\n|move|p2b: Delphox|Protect||[still]\n|-fail|p2b: Delphox\n|move|p1b: Usagi|Close Combat|p2b: Delphox\n|-resisted|p2b: Delphox|1\n|-damage|p2b: Delphox|62/100\n|-unboost|p1b: Usagi|def|1\n|-unboost|p1b: Usagi|spd|1\n|move|p1a: Whimsicott|Moonblast|p2a: Sinistcha\n|-damage|p2a: Sinistcha|21/100\n|move|p2a: Sinistcha|Matcha Gotcha|p1b: Usagi|[spread] p1a,p1b\n|-resisted|p1a: Whimsicott|1\n|-damage|p1a: Whimsicott|85/100\n|-heal|p2a: Sinistcha|29/100|[from] drain|[of] p1a: Whimsicott\n|-damage|p1b: Usagi|48/100\n|-heal|p2a: Sinistcha|50/100y|[from] drain|[of] p1b: Usagi\n|\n|upkeep\n|turn|8\n|\n|t:|1788390232\n|move|p2b: Delphox|Protect|p2b: Delphox\n|-singleturn|p2b: Delphox|Protect\n|move|p1b: Usagi|Ice Punch|p2a: Sinistcha\n|-supereffective|p2a: Sinistcha|1\n|-damage|p2a: Sinistcha|3/100\n|move|p1a: Whimsicott|Moonblast|p2a: Sinistcha\n|-damage|p2a: Sinistcha|0 fnt\n|faint|p2a: Sinistcha\n|\n|-end|p2b: Delphox|Encore\n|upkeep\n|turn|9\n|\n|t:|1788390242\n|move|p1a: Whimsicott|Encore|p2b: Delphox\n|-start|p2b: Delphox|Encore\n|move|p2b: Delphox|Protect|p2b: Delphox\n|-singleturn|p2b: Delphox|Protect\n|move|p1b: Usagi|Close Combat|p2b: Delphox\n|-activate|p2b: Delphox|move: Protect\n|\n|upkeep\n|turn|10\n|\n|t:|1788390248\n|move|p2b: Delphox|Protect||[still]\n|-fail|p2b: Delphox\n|move|p1b: Usagi|Close Combat|p2b: Delphox\n|-resisted|p2b: Delphox|1\n|-damage|p2b: Delphox|21/100\n|-unboost|p1b: Usagi|def|1\n|-unboost|p1b: Usagi|spd|1\n|move|p1a: Whimsicott|Moonblast|p2b: Delphox\n|-resisted|p2b: Delphox|1\n|-damage|p2b: Delphox|8/100\n|\n|upkeep\n|turn|11\n|\n|t:|1788390251\n|move|p2b: Delphox|Protect|p2b: Delphox\n|-singleturn|p2b: Delphox|Protect\n|move|p1b: Usagi|Close Combat|p2b: Delphox\n|-activate|p2b: Delphox|move: Protect\n|move|p1a: Whimsicott|Moonblast|p2b: Delphox\n|-activate|p2b: Delphox|move: Protect\n|\n|-end|p2b: Delphox|Encore\n|upkeep\n|turn|12\n|\n|t:|1788390256\n|move|p1b: Usagi|Close Combat|p2b: Delphox\n|-resisted|p2b: Delphox|1\n|-damage|p2b: Delphox|0 fnt\n|-unboost|p1b: Usagi|def|1\n|-unboost|p1b: Usagi|spd|1\n|faint|p2b: Delphox\n|\n|win|KUTF1\n|raw|KUTF1's rating: 1100 &rarr; <strong>1118</strong><br />(+18 for winning)\n|raw|Appl1234567's rating: 1000 &rarr; <strong>1000</strong><br />(+0 for losing)\n","uploadtime":1788390257,"views":"4","formatid":"gen9championsvgc2026regmb","rating":1000,"private":0,"password":null}