{"id":"gen9championsvgc2026regmb-2674789001","format":"[Gen 9 Champions] VGC 2026 Reg M-B","players":["drumer sama","carrotbeafsteak"],"log":"|j|☆drumer sama\n|j|☆carrotbeafsteak\n|t:|1788407095\n|gametype|doubles\n|player|p1|drumer sama|veteran|1165\n|player|p2|carrotbeafsteak|170|1194\n|gen|9\n|tier|[Gen 9 Champions] VGC 2026 Reg M-B\n|rated|\n|rule|Species Clause: Limit one of each Pokémon\n|rule|Item Clause: Limit 1 of each item\n|clearpoke\n|poke|p1|Swampert, L50, F|\n|poke|p1|Farigiraf, L50, M|\n|poke|p1|Kingambit, L50, M|\n|poke|p1|Sneasler, L50, M|\n|poke|p1|Basculegion-F, L50, F|\n|poke|p1|Sableye, L50, M|\n|poke|p2|Simipour, L50, F|\n|poke|p2|Simisage, L50, M|\n|poke|p2|Simisear, L50, M|\n|poke|p2|Pelipper, L50, M|\n|poke|p2|Torkoal, L50, M|\n|poke|p2|Gyarados, L50, F|\n|teampreview|4\n|\n|t:|1788407157\n|teamsize|p1|4\n|teamsize|p2|4\n|start\n|switch|p1a: Farigiraf|Farigiraf, L50, M|100/100\n|switch|p1b: Kingambit|Kingambit, L50, M|100/100\n|switch|p2a: Simisear|Simisear, L50, M|100/100\n|switch|p2b: Simisage|Simisage, L50, M|100/100\n|turn|1\n|\n|t:|1788407202\n|move|p1a: Farigiraf|Protect|p1a: Farigiraf\n|-singleturn|p1a: Farigiraf|Protect\n|move|p2b: Simisage|Low Kick|p1b: Kingambit\n|-supereffective|p1b: Kingambit|2\n|-damage|p1b: Kingambit|0 fnt\n|faint|p1b: Kingambit\n|-damage|p2b: Simisage|90/100|[from] item: Life Orb\n|move|p2a: Simisear|Nasty Plot|p2a: Simisear\n|-boost|p2a: Simisear|spa|2\n|\n|upkeep\n|\n|t:|1788407211\n|switch|p1b: Sableye|Sableye, L50, M|100/100\n|turn|2\n|\n|t:|1788407220\n|switch|p2b: Torkoal|Torkoal, L50, M|100/100\n|-weather|SunnyDay|[from] ability: Drought|[of] p2b: Torkoal\n|move|p1b: Sableye|Encore|p2a: Simisear\n|-start|p2a: Simisear|Encore\n|move|p2a: Simisear|Nasty Plot|p2a: Simisear\n|-boost|p2a: Simisear|spa|2\n|move|p1a: Farigiraf|Twin Beam|p2b: Torkoal\n|-crit|p2b: Torkoal\n|-damage|p2b: Torkoal|74/100\n|-damage|p2b: Torkoal|55/100\n|-hitcount|p2b: Torkoal|2\n|\n|-weather|SunnyDay|[upkeep]\n|-heal|p2b: Torkoal|62/100|[from] item: Leftovers\n|upkeep\n|turn|3\n|\n|t:|1788407235\n|switch|p1a: Swampert|Swampert, L50, F|100/100\n|move|p1b: Sableye|Rain Dance|p1b: Sableye\n|-weather|RainDance\n|move|p2a: Simisear|Nasty Plot|p2a: Simisear\n|-boost|p2a: Simisear|spa|2\n|move|p2b: Torkoal|Yawn|p1b: Sableye\n|-start|p1b: Sableye|move: Yawn|[of] p2b: Torkoal\n|\n|-weather|RainDance|[upkeep]\n|-heal|p2b: Torkoal|68/100|[from] item: Leftovers\n|upkeep\n|turn|4\n|\n|t:|1788407274\n|switch|p2b: Gyarados|Gyarados, L50, F|100/100\n|-ability|p2b: Gyarados|Intimidate|boost\n|-unboost|p1a: Swampert|atk|1\n|-unboost|p1b: Sableye|atk|1\n|detailschange|p1a: Swampert|Swampert-Mega, L50, F\n|-mega|p1a: Swampert|Swampert|Swampertite\n|move|p1b: Sableye|Disable||[still]\n|-fail|p1b: Sableye\n|move|p1a: Swampert|Wave Crash|p2a: Simisear\n|-supereffective|p2a: Simisear|1\n|-enditem|p2a: Simisear|Focus Sash\n|-damage|p2a: Simisear|1/100\n|-damage|p1a: Swampert|73/100|[from] Recoil\n|move|p2a: Simisear|Nasty Plot|p2a: Simisear\n|-boost|p2a: Simisear|spa|0\n|\n|-weather|RainDance|[upkeep]\n|-end|p2a: Simisear|Encore\n|-end|p1b: Sableye|move: Yawn|[silent]\n|-status|p1b: Sableye|slp\n|upkeep\n|turn|5\n|\n|t:|1788407299\n|switch|p2b: Torkoal|Torkoal, L50, M|68/100\n|-weather|SunnyDay|[from] ability: Drought|[of] p2b: Torkoal\n|switch|p1b: Farigiraf|Farigiraf, L50, M|100/100\n|move|p2a: Simisear|Heat Wave|p1b: Farigiraf|[spread] p1a,p1b\n|-resisted|p1a: Swampert|1\n|-damage|p1a: Swampert|0 fnt\n|-damage|p1b: Farigiraf|0 fnt\n|faint|p1a: Swampert\n|faint|p1b: Farigiraf\n|\n|-weather|SunnyDay|[upkeep]\n|-heal|p2b: Torkoal|74/100|[from] item: Leftovers\n|upkeep\n|-message|drumer sama forfeited.\n|\n|win|carrotbeafsteak\n|raw|drumer sama's rating: 1165 &rarr; <strong>1142</strong><br />(-23 for losing)\n|raw|carrotbeafsteak's rating: 1194 &rarr; <strong>1217</strong><br />(+23 for winning)\n|l|☆drumer sama\n|player|p1|\n","uploadtime":1788407309,"views":"0","formatid":"gen9championsvgc2026regmb","rating":1142,"private":0,"password":null}