{"id":"gen9championsvgc2026regmbbo3-2673636549","format":"[Gen 9 Champions] VGC 2026 Reg M-B (Bo3)","players":["VillagerZz","applejuice1738"],"log":"|j|☆VillagerZz\n|j|☆applejuice1738\n|html|<table width=\"100%\"><tr><td align=\"left\">VillagerZz</td><td align=\"right\">applejuice1738</tr><tr><td align=\"left\"><i class=\"fa fa-circle\"></i> <i class=\"fa fa-circle-o\"></i> </td><td align=\"right\"><i class=\"fa fa-circle-o\"></i> <i class=\"fa fa-circle-o\"></i> </tr></table>\n|uhtml|bestof|<h2><strong>Game 2</strong> of <a href=\"/game-bestof3-gen9championsvgc2026regmbbo3-2673634309\">a best-of-3</a></h2>\n|t:|1788224972\n|gametype|doubles\n|player|p1|VillagerZz|169|\n|player|p2|applejuice1738|169|\n|gen|9\n|tier|[Gen 9 Champions] VGC 2026 Reg M-B (Bo3)\n|rule|Species Clause: Limit one of each Pokémon\n|rule|Item Clause: Limit 1 of each item\n|clearpoke\n|poke|p1|Basculegion, L50, M|\n|poke|p1|Whimsicott, L50, M, shiny|\n|poke|p1|Lopunny, L50, M|\n|poke|p1|Empoleon, L50, F|\n|poke|p1|Malamar, L50, F|\n|poke|p1|Camerupt, L50, M|\n|poke|p2|Torterra, L50, M|\n|poke|p2|Metagross, L50|\n|poke|p2|Goodra-Hisui, L50, M|\n|poke|p2|Gardevoir, L50, F, shiny|\n|poke|p2|Spiritomb, L50, M, shiny|\n|poke|p2|Annihilape, L50, M, shiny|\n|teampreview|4\n|showteam|p1|Basculegion||MysticWater|Adaptability|WaveCrash,LastRespects,Outrage,Protect|Adamant||M|||50|]Whimsicott||FocusSash|Prankster|Moonblast,Encore,Tailwind,Protect|Modest||M|||50|]Lopunny||Lopunnite|Limber|FakeOut,CloseCombat,QuickAttack,Protect|Jolly||M|||50|]Empoleon||Leftovers|Competitive|FlashCannon,IceBeam,Surf,Protect|Modest||F|||50|]Malamar||LifeOrb|Contrary|Superpower,ThroatChop,TrickRoom,Protect|Careful||F|||50|]Camerupt||Cameruptite|SolidRock|HeatWave,EarthPower,AncientPower,Protect|Quiet||M|||50|\n|showteam|p2|Torterra||ExpertBelt|Overgrow|RockSlide,ShellSmash,Earthquake,GigaDrain|Naughty||M|||50|]Metagross||Metagrossite|ClearBody|PsychicFangs,IronHead,IcePunch,Protect|Jolly|||||50|]Goodra-Hisui||Leftovers|Gooey|DragonTail,IronHead,LifeDew,Protect|Careful||M|||50|]Gardevoir||MentalHerb|Synchronize|TrickRoom,DrainingKiss,LightScreen,Protect|Sassy||F|||50|]Spiritomb||ChestoBerry|Infiltrator|Poltergeist,DarkPulse,Rest,SleepTalk|Sassy||M|||50|]Annihilape||FocusSash|Defiant|RageFist,CloseCombat,Rest,Protect|Jolly||M|||50|\n|j| NewTrainaOnDaBlock\n|\n|t:|1788225009\n|teamsize|p1|4\n|teamsize|p2|4\n|start\n|switch|p1a: Empoleon|Empoleon, L50, F|100/100\n|switch|p1b: Whimsicott|Whimsicott, L50, M, shiny|100/100\n|switch|p2a: BADDIE ALERT|Gardevoir, L50, F, shiny|100/100\n|switch|p2b: Certified OG|Spiritomb, L50, M, shiny|100/100\n|turn|1\n|j| mrvs\n|\n|t:|1788225034\n|move|p1b: Whimsicott|Moonblast|p2b: Certified OG\n|-supereffective|p2b: Certified OG|1\n|-damage|p2b: Certified OG|37/100\n|-unboost|p2b: Certified OG|spa|1\n|move|p1a: Empoleon|Flash Cannon|p2a: BADDIE ALERT\n|-supereffective|p2a: BADDIE ALERT|1\n|-damage|p2a: BADDIE ALERT|52/100\n|move|p2b: Certified OG|Poltergeist|p1b: Whimsicott\n|-activate|p1b: Whimsicott|move: Poltergeist|Focus Sash\n|-damage|p1b: Whimsicott|47/100\n|move|p2a: BADDIE ALERT|Trick Room|p2a: BADDIE ALERT\n|-fieldstart|move: Trick Room|[of] p2a: BADDIE ALERT\n|\n|upkeep\n|turn|2\n|\n|t:|1788225071\n|switch|p1b: Lopunny|Lopunny, L50, M|100/100\n|move|p2b: Certified OG|Rest|p2b: Certified OG\n|-status|p2b: Certified OG|slp|[from] move: Rest\n|-heal|p2b: Certified OG|100/100 slp|[silent]\n|-enditem|p2b: Certified OG|Chesto Berry|[eat]\n|-curestatus|p2b: Certified OG|slp|[msg]\n|move|p1a: Empoleon|Surf|p2b: Certified OG|[spread] p1b,p2a,p2b\n|-damage|p1b: Lopunny|61/100\n|-damage|p2a: BADDIE ALERT|31/100\n|-damage|p2b: Certified OG|74/100\n|move|p2a: BADDIE ALERT|Light Screen|p2a: BADDIE ALERT\n|-sidestart|p2: applejuice1738|move: Light Screen\n|\n|upkeep\n|turn|3\n|\n|t:|1788225102\n|detailschange|p1b: Lopunny|Lopunny-Mega, L50, M\n|-mega|p1b: Lopunny|Lopunny|Lopunnite\n|move|p1b: Lopunny|Fake Out|p2b: Certified OG\n|-damage|p2b: Certified OG|51/100\n|cant|p2b: Certified OG|flinch\n|move|p1a: Empoleon|Flash Cannon|p2a: BADDIE ALERT\n|-supereffective|p2a: BADDIE ALERT|1\n|-damage|p2a: BADDIE ALERT|0 fnt\n|faint|p2a: BADDIE ALERT\n|\n|upkeep\n|\n|t:|1788225110\n|switch|p2a: Torterra|Torterra, L50, M|100/100\n|turn|4\n|\n|t:|1788225125\n|move|p1b: Lopunny|Protect|p1b: Lopunny\n|-singleturn|p1b: Lopunny|Protect\n|move|p2b: Certified OG|Rest|p2b: Certified OG\n|-status|p2b: Certified OG|slp|[from] move: Rest\n|-heal|p2b: Certified OG|100/100 slp|[silent]\n|move|p1a: Empoleon|Ice Beam|p2a: Torterra\n|-supereffective|p2a: Torterra|2\n|-damage|p2a: Torterra|7/100\n|move|p2a: Torterra|Shell Smash|p2a: Torterra\n|-unboost|p2a: Torterra|def|1\n|-unboost|p2a: Torterra|spd|1\n|-boost|p2a: Torterra|atk|2\n|-boost|p2a: Torterra|spa|2\n|-boost|p2a: Torterra|spe|2\n|\n|upkeep\n|turn|5\n|\n|t:|1788225151\n|cant|p2b: Certified OG|slp\n|move|p2b: Certified OG|Sleep Talk|p2b: Certified OG\n|move|p2b: Certified OG|Dark Pulse|p1a: Empoleon|[from] move: Sleep Talk\n|-damage|p1a: Empoleon|85/100\n|move|p1a: Empoleon|Flash Cannon|p2a: Torterra\n|-damage|p2a: Torterra|0 fnt\n|faint|p2a: Torterra\n|move|p1b: Lopunny|Close Combat|p2b: Certified OG\n|-supereffective|p2b: Certified OG|1\n|-damage|p2b: Certified OG|0 fnt\n|-unboost|p1b: Lopunny|def|1\n|-unboost|p1b: Lopunny|spd|1\n|faint|p2b: Certified OG\n|\n|-heal|p1a: Empoleon|91/100|[from] item: Leftovers\n|-fieldend|move: Trick Room\n|upkeep\n|\n|t:|1788225177\n|switch|p2b: AURA|Metagross, L50|100/100\n|turn|6\n|\n|t:|1788225187\n|switch|p1b: Basculegion|Basculegion, L50, M|100/100\n|switch|p1a: Whimsicott|Whimsicott, L50, M, shiny|47/100\n|detailschange|p2b: AURA|Metagross-Mega, L50\n|-mega|p2b: AURA|Metagross|Metagrossite\n|move|p2b: AURA|Psychic Fangs|p1b: Basculegion\n|-damage|p1b: Basculegion|25/100\n|\n|-sideend|p2: applejuice1738|move: Light Screen\n|upkeep\n|turn|7\n|\n|t:|1788225203\n|move|p1a: Whimsicott|Tailwind|p1a: Whimsicott\n|-sidestart|p1: VillagerZz|move: Tailwind\n|move|p1b: Basculegion|Last Respects|p2b: AURA\n|-supereffective|p2b: AURA|1\n|-damage|p2b: AURA|43/100\n|move|p2b: AURA|Ice Punch|p1a: Whimsicott\n|-supereffective|p1a: Whimsicott|1\n|-crit|p1a: Whimsicott\n|-damage|p1a: Whimsicott|0 fnt\n|faint|p1a: Whimsicott\n|\n|upkeep\n|\n|t:|1788225213\n|switch|p1a: Lopunny|Lopunny-Mega, L50, M|61/100\n|turn|8\n|\n|t:|1788225220\n|move|p1a: Lopunny|Fake Out|p2b: AURA\n|-resisted|p2b: AURA|1\n|-damage|p2b: AURA|35/100\n|move|p1b: Basculegion|Last Respects|p2b: AURA\n|-supereffective|p2b: AURA|1\n|-damage|p2b: AURA|0 fnt\n|faint|p2b: AURA\n|\n|win|VillagerZz\n","uploadtime":1788225228,"views":"3","formatid":"gen9championsvgc2026regmbbo3","rating":null,"private":0,"password":null}