{"id":"gen9championsvgc2026regmbbo3-2673681379","format":"[Gen 9 Champions] VGC 2026 Reg M-B (Bo3)","players":["KinnatheKoa","DecorateWithDonuts"],"log":"|j|☆KinnatheKoa\n|j|☆DecorateWithDonuts\n|html|<table width=\"100%\"><tr><td align=\"left\">KinnatheKoa</td><td align=\"right\">DecorateWithDonuts</tr><tr><td align=\"left\"><i class=\"fa fa-circle-o\"></i> <i class=\"fa fa-circle-o\"></i> </td><td align=\"right\"><i class=\"fa fa-circle-o\"></i> <i class=\"fa fa-circle\"></i> </tr></table>\n|uhtml|bestof|<h2><strong>Game 2</strong> of <a href=\"/game-bestof3-gen9championsvgc2026regmbbo3-2673679243\">a best-of-3</a></h2>\n|t:|1788232239\n|gametype|doubles\n|player|p1|KinnatheKoa|102|\n|player|p2|DecorateWithDonuts|rosa|\n|gen|9\n|tier|[Gen 9 Champions] VGC 2026 Reg M-B (Bo3)\n|rule|Species Clause: Limit one of each Pokémon\n|rule|Item Clause: Limit 1 of each item\n|clearpoke\n|poke|p1|Raichu, L50, F|\n|poke|p1|Staraptor, L50, F|\n|poke|p1|Arcanine-Hisui, L50, M|\n|poke|p1|Farigiraf, L50, M|\n|poke|p1|Sylveon, L50, F|\n|poke|p1|Kingambit, L50, M|\n|poke|p2|Delphox, L50, M|\n|poke|p2|Kingambit, L50, F|\n|poke|p2|Incineroar, L50, F|\n|poke|p2|Sinistcha, L50|\n|poke|p2|Sneasler, L50, M|\n|poke|p2|Floette-Eternal, L50, F|\n|teampreview|4\n|showteam|p1|Raichu||RaichuniteY|LightningRod|ZapCannon,FocusBlast,FakeOut,Protect|Timid||F|||50|]Staraptor||Staraptite|Intimidate|CloseCombat,DualWingbeat,Tailwind,Protect|Jolly||F|||50|]Arcanine-Hisui||FocusSash|RockHead|FlareBlitz,HeadSmash,ExtremeSpeed,Protect|Jolly||M|||50|]Farigiraf||SitrusBerry|ArmorTail|Psychic,HelpingHand,TrickRoom,Protect|Calm||M|||50|]Sylveon||FairyFeather|Pixilate|HyperVoice,QuickAttack,HyperBeam,Detect|Modest||F|||50|]Kingambit||LifeOrb|Defiant|KowtowCleave,SuckerPunch,SwordsDance,Protect|Adamant||M|||50|\n|showteam|p2|Delphox||Delphoxite|Blaze|HeatWave,Psychic,NastyPlot,Protect|Timid||M|||50|]Kingambit||BlackGlasses|Defiant|KowtowCleave,SuckerPunch,SwordsDance,Protect|Adamant||F|||50|]Incineroar||SitrusBerry|Intimidate|FakeOut,FlareBlitz,ThroatChop,PartingShot|Careful||F|||50|]Sinistcha||ColburBerry|Hospitality|TrickRoom,MatchaGotcha,RagePowder,LifeDew|Bold|||||50|]Sneasler||FocusSash|PoisonTouch|QuickGuard,PoisonJab,FakeOut,CloseCombat|Adamant||M|||50|]Floette-Eternal||Floettite|FlowerVeil|DrainingKiss,DazzlingGleam,CalmMind,Protect|Timid||F|||50|\n|\n|t:|1788232310\n|teamsize|p1|4\n|teamsize|p2|4\n|start\n|switch|p1a: Raichu|Raichu, L50, F|100/100\n|switch|p1b: Arcanine|Arcanine-Hisui, L50, M|100/100\n|switch|p2a: Delphox|Delphox, L50, M|100/100\n|switch|p2b: Sinistcha|Sinistcha, L50|100/100\n|turn|1\n|inactive|Battle timer is ON: inactive players will automatically lose when time's up. (requested by DecorateWithDonuts)\n|inactive|KinnatheKoa has 60 seconds left.\n|inactive|DecorateWithDonuts has 60 seconds left.\n|\n|t:|1788232371\n|switch|p2b: Incineroar|Incineroar, L50, F|100/100\n|-ability|p2b: Incineroar|Intimidate|boost\n|-unboost|p1a: Raichu|atk|1\n|-unboost|p1b: Arcanine|atk|1\n|detailschange|p2a: Delphox|Delphox-Mega, L50, M\n|-mega|p2a: Delphox|Delphox|Delphoxite\n|move|p2a: Delphox|Protect|p2a: Delphox\n|-singleturn|p2a: Delphox|Protect\n|move|p1a: Raichu|Fake Out|p2a: Delphox\n|-activate|p2a: Delphox|move: Protect\n|move|p1b: Arcanine|Head Smash|p2b: Incineroar\n|-supereffective|p2b: Incineroar|1\n|-damage|p2b: Incineroar|10/100\n|-enditem|p2b: Incineroar|Sitrus Berry|[eat]\n|-heal|p2b: Incineroar|35/100|[from] item: Sitrus Berry\n|\n|upkeep\n|turn|2\n|inactive|DecorateWithDonuts has 30 seconds left.\n|inactive|DecorateWithDonuts has 20 seconds left.\n|\n|t:|1788232407\n|move|p1a: Raichu|Protect|p1a: Raichu\n|-singleturn|p1a: Raichu|Protect\n|move|p1b: Arcanine|Protect|p1b: Arcanine\n|-singleturn|p1b: Arcanine|Protect\n|move|p2b: Incineroar|Fake Out|p1b: Arcanine\n|-activate|p1b: Arcanine|move: Protect\n|move|p2a: Delphox|Nasty Plot|p2a: Delphox\n|-boost|p2a: Delphox|spa|2\n|\n|upkeep\n|turn|3\n|\n|t:|1788232431\n|detailschange|p1a: Raichu|Raichu-Mega-Y, L50, F\n|-mega|p1a: Raichu|Raichu|Raichunite Y\n|move|p2a: Delphox|Protect|p2a: Delphox\n|-singleturn|p2a: Delphox|Protect\n|move|p1a: Raichu|Zap Cannon|p2a: Delphox\n|-activate|p2a: Delphox|move: Protect\n|move|p1b: Arcanine|Flare Blitz|p2b: Incineroar\n|-resisted|p2b: Incineroar|1\n|-damage|p2b: Incineroar|16/100\n|move|p2b: Incineroar|Parting Shot|p1b: Arcanine\n|-unboost|p1b: Arcanine|atk|1\n|-unboost|p1b: Arcanine|spa|1\n|\n|t:|1788232449\n|switch|p2b: Sinistcha|Sinistcha, L50|100/100|[from] Parting Shot\n|\n|upkeep\n|turn|4\n|inactive|KinnatheKoa has 30 seconds left.\n|inactive|KinnatheKoa has 20 seconds left.\n|\n|t:|1788232488\n|move|p1a: Raichu|Protect|p1a: Raichu\n|-singleturn|p1a: Raichu|Protect\n|move|p2b: Sinistcha|Rage Powder|p2b: Sinistcha\n|-singleturn|p2b: Sinistcha|move: Rage Powder\n|move|p2a: Delphox|Heat Wave|p1a: Raichu|[spread] p1b\n|-activate|p1a: Raichu|move: Protect\n|-resisted|p1b: Arcanine|2\n|-damage|p1b: Arcanine|77/100\n|move|p1b: Arcanine|Flare Blitz|p2b: Sinistcha\n|-supereffective|p2b: Sinistcha|1\n|-damage|p2b: Sinistcha|51/100\n|\n|upkeep\n|turn|5\n|inactive|KinnatheKoa has 30 seconds left.\n|inactive|DecorateWithDonuts has 30 seconds left.\n|inactive|KinnatheKoa has 20 seconds left.\n|inactive|DecorateWithDonuts has 20 seconds left.\n|inactive|KinnatheKoa has 15 seconds left.\n|inactive|DecorateWithDonuts has 15 seconds left.\n|inactive|KinnatheKoa has 10 seconds left.\n|inactive|DecorateWithDonuts has 10 seconds left.\n|\n|t:|1788232537\n|switch|p1b: Sylveon|Sylveon, L50, F|100/100\n|switch|p2b: Sneasler|Sneasler, L50, M|100/100\n|move|p2a: Delphox|Protect|p2a: Delphox\n|-singleturn|p2a: Delphox|Protect\n|move|p1a: Raichu|Zap Cannon|p2a: Delphox\n|-activate|p2a: Delphox|move: Protect\n|\n|upkeep\n|turn|6\n|inactive|KinnatheKoa has 30 seconds left.\n|inactive|DecorateWithDonuts has 30 seconds left.\n|\n|t:|1788232570\n|switch|p1b: Farigiraf|Farigiraf, L50, M|100/100\n|move|p1a: Raichu|Protect|p1a: Raichu\n|-singleturn|p1a: Raichu|Protect\n|move|p2b: Sneasler|Fake Out||[still]\n|cant|p1b: Farigiraf|ability: Armor Tail|Fake Out|[of] p2b: Sneasler\n|move|p2a: Delphox|Heat Wave|p1b: Farigiraf|[spread] p1b\n|-activate|p1a: Raichu|move: Protect\n|-damage|p1b: Farigiraf|29/100\n|-enditem|p1b: Farigiraf|Sitrus Berry|[eat]\n|-heal|p1b: Farigiraf|54/100|[from] item: Sitrus Berry\n|\n|upkeep\n|turn|7\n|inactive|KinnatheKoa has 30 seconds left.\n|inactive|DecorateWithDonuts has 30 seconds left.\n|inactive|KinnatheKoa has 20 seconds left.\n|inactive|DecorateWithDonuts has 20 seconds left.\n|inactive|KinnatheKoa has 15 seconds left.\n|\n|t:|1788232611\n|move|p1b: Farigiraf|Helping Hand|p1a: Raichu\n|-singleturn|p1a: Raichu|Helping Hand|[of] p1b: Farigiraf\n|move|p2a: Delphox|Protect|p2a: Delphox\n|-singleturn|p2a: Delphox|Protect\n|move|p1a: Raichu|Zap Cannon|p2a: Delphox\n|-activate|p2a: Delphox|move: Protect\n|move|p2b: Sneasler|Close Combat|p1a: Raichu\n|-crit|p1a: Raichu\n|-damage|p1a: Raichu|0 fnt\n|-unboost|p2b: Sneasler|def|1\n|-unboost|p2b: Sneasler|spd|1\n|faint|p1a: Raichu\n|\n|upkeep\n|\n|t:|1788232622\n|switch|p1a: Sylveon|Sylveon, L50, F|100/100\n|turn|8\n|\n|t:|1788232644\n|move|p1b: Farigiraf|Protect|p1b: Farigiraf\n|-singleturn|p1b: Farigiraf|Protect\n|move|p2a: Delphox|Heat Wave|p1a: Sylveon|[spread] p1a\n|-activate|p1b: Farigiraf|move: Protect\n|-damage|p1a: Sylveon|40/100\n|move|p2b: Sneasler|Close Combat|p1b: Farigiraf\n|-activate|p1b: Farigiraf|move: Protect\n|move|p1a: Sylveon|Hyper Beam|p2b: Sneasler\n|-enditem|p2b: Sneasler|Focus Sash\n|-damage|p2b: Sneasler|1/100\n|-mustrecharge|p1a: Sylveon\n|\n|upkeep\n|turn|9\n|\n|t:|1788232661\n|move|p2a: Delphox|Heat Wave|p1b: Farigiraf|[spread] p1a,p1b\n|-damage|p1a: Sylveon|0 fnt\n|-damage|p1b: Farigiraf|0 fnt\n|faint|p1a: Sylveon\n|faint|p1b: Farigiraf\n|move|p2b: Sneasler|Close Combat|p1: Sylveon|[notarget]\n|-fail|p2b: Sneasler\n|\n|upkeep\n|\n|t:|1788232669\n|switch|p1a: Arcanine|Arcanine-Hisui, L50, M|77/100\n|turn|10\n|\n|t:|1788232674\n|move|p2a: Delphox|Psychic|p1a: Arcanine\n|-damage|p1a: Arcanine|0 fnt\n|faint|p1a: Arcanine\n|\n|win|DecorateWithDonuts\n","uploadtime":1788232242,"views":"0","formatid":"gen9championsvgc2026regmbbo3","rating":null,"private":0,"password":null}