{"id":"gen9championsvgc2026regmbbo3-2674053495","format":"[Gen 9 Champions] VGC 2026 Reg M-B (Bo3)","players":["rockslap","paquita navaja"],"log":"|j|☆rockslap\n|j|☆paquita navaja\n|html|<table width=\"100%\"><tr><td align=\"left\">rockslap</td><td align=\"right\">paquita navaja</tr><tr><td align=\"left\"><i class=\"fa fa-circle\"></i> <i class=\"fa fa-circle-o\"></i> </td><td align=\"right\"><i class=\"fa fa-circle-o\"></i> <i class=\"fa fa-circle\"></i> </tr></table>\n|uhtml|bestof|<h2><strong>Game 3</strong> of <a href=\"/game-bestof3-gen9championsvgc2026regmbbo3-2674048028\">a best-of-3</a></h2>\n|t:|1788293019\n|gametype|doubles\n|player|p1|rockslap|hiker-gen4|\n|player|p2|paquita navaja|170|\n|gen|9\n|tier|[Gen 9 Champions] VGC 2026 Reg M-B (Bo3)\n|rule|Species Clause: Limit one of each Pokémon\n|rule|Item Clause: Limit 1 of each item\n|clearpoke\n|poke|p1|Maushold, L50|\n|poke|p1|Annihilape, L50, M|\n|poke|p1|Archaludon, L50, M|\n|poke|p1|Palafin, L50, M|\n|poke|p1|Sinistcha, L50|\n|poke|p1|Farigiraf, L50, F|\n|poke|p2|Metagross, L50|\n|poke|p2|Blaziken, L50, M|\n|poke|p2|Milotic, L50, F|\n|poke|p2|Pelipper, L50, M|\n|poke|p2|Gardevoir, L50, F|\n|poke|p2|Sableye, L50, M|\n|teampreview|4\n|showteam|p1|Maushold||FocusSash|FriendGuard|FollowMe,RainDance,Protect,BeatUp|Jolly|||||50|]Annihilape||SitrusBerry|Defiant|DrainPunch,RageFist,BulkUp,Protect|Adamant||M|||50|]Archaludon||Leftovers|Stamina|DragonPulse,ElectroShot,FlashCannon,Protect|Modest||M|||50|]Palafin||MysticWater|ZerotoHero|WaveCrash,JetPunch,IceBeam,Protect|Jolly||M|||50|]Sinistcha||ColburBerry|Hospitality|MatchaGotcha,TrickRoom,RagePowder,LifeDew|Calm|||||50|]Farigiraf||LifeOrb|ArmorTail|HyperBeam,NastyPlot,Psychic,Protect|Bold||F|||50|\n|showteam|p2|Metagross||LifeOrb|ClearBody|PsychicFangs,MeteorMash,RockSlide,Protect|Adamant|||||50|]Blaziken||FocusSash|SpeedBoost|HeatWave,Coaching,AuraSphere,Detect|Modest||M|||50|]Milotic||Leftovers|Competitive|MuddyWater,IceBeam,Hypnosis,Protect|Modest||F|||50|]Pelipper||SitrusBerry|Drizzle|MuddyWater,Hurricane,Tailwind,WideGuard|Modest||M|||50|]Gardevoir||FairyFeather|Trace|Moonblast,DazzlingGleam,Hypnosis,Protect|Timid||F|||50|]Sableye||LightClay|Prankster|FoulPlay,Reflect,LightScreen,Gravity|Careful||M|||50|\n|\n|t:|1788293039\n|teamsize|p1|4\n|teamsize|p2|4\n|start\n|switch|p1a: Annihilape|Annihilape, L50, M|100/100\n|switch|p1b: Maushold|Maushold, L50|100/100\n|switch|p2a: Gardevoir|Gardevoir, L50, F|100/100\n|switch|p2b: Sableye|Sableye, L50, M|100/100\n|-ability|p2a: Gardevoir|Friend Guard|Trace|[from] ability: Trace|[of] p1b: Maushold\n|turn|1\n|\n|t:|1788293099\n|move|p2b: Sableye|Reflect|p2b: Sableye\n|-sidestart|p2: paquita navaja|Reflect\n|move|p1b: Maushold|Beat Up|p1a: Annihilape\n|-damage|p1a: Annihilape|97/100\n|-damage|p1a: Annihilape|95/100\n|-damage|p1a: Annihilape|92/100\n|-damage|p1a: Annihilape|90/100\n|-hitcount|p1a: Annihilape|4\n|move|p2a: Gardevoir|Moonblast|p1a: Annihilape\n|-supereffective|p1a: Annihilape|1\n|-crit|p1a: Annihilape\n|-damage|p1a: Annihilape|0 fnt\n|faint|p1a: Annihilape\n|\n|upkeep\n|\n|t:|1788293113\n|switch|p1a: Archaludon|Archaludon, L50, M|100/100\n|turn|2\n|\n|t:|1788293124\n|move|p2b: Sableye|Gravity|p2b: Sableye\n|-fieldstart|move: Gravity\n|move|p1b: Maushold|Rain Dance|p1b: Maushold\n|-weather|RainDance\n|move|p2a: Gardevoir|Hypnosis|p1a: Archaludon\n|-status|p1a: Archaludon|slp|[from] move: Hypnosis\n|cant|p1a: Archaludon|slp\n|\n|-weather|RainDance|[upkeep]\n|upkeep\n|turn|3\n|\n|t:|1788293150\n|move|p1b: Maushold|Follow Me|p1b: Maushold\n|-singleturn|p1b: Maushold|move: Follow Me\n|move|p2b: Sableye|Light Screen|p2b: Sableye\n|-sidestart|p2: paquita navaja|move: Light Screen\n|move|p2a: Gardevoir|Dazzling Gleam|p1a: Archaludon|[spread] p1a,p1b\n|-crit|p1a: Archaludon\n|-damage|p1a: Archaludon|54/100 slp\n|-damage|p1b: Maushold|55/100\n|-ability|p1a: Archaludon|Stamina|boost\n|-boost|p1a: Archaludon|def|1\n|cant|p1a: Archaludon|slp\n|\n|-weather|RainDance|[upkeep]\n|-heal|p1a: Archaludon|60/100 slp|[from] item: Leftovers\n|upkeep\n|turn|4\n|\n|t:|1788293203\n|move|p1b: Maushold|Follow Me|p1b: Maushold\n|-singleturn|p1b: Maushold|move: Follow Me\n|move|p2a: Gardevoir|Hypnosis|p1b: Maushold\n|-status|p1b: Maushold|slp|[from] move: Hypnosis\n|-curestatus|p1a: Archaludon|slp|[msg]\n|move|p1a: Archaludon|Flash Cannon|p2a: Gardevoir\n|-supereffective|p2a: Gardevoir|1\n|-damage|p2a: Gardevoir|49/100\n|move|p2b: Sableye|Foul Play|p1b: Maushold\n|-crit|p1b: Maushold\n|-damage|p1b: Maushold|5/100 slp\n|\n|-weather|RainDance|[upkeep]\n|-heal|p1a: Archaludon|67/100|[from] item: Leftovers\n|upkeep\n|turn|5\n|\n|t:|1788293245\n|switch|p1b: Sinistcha|Sinistcha, L50|100/100\n|-heal|p1a: Archaludon|91/100|[from] ability: Hospitality|[of] p1b: Sinistcha\n|switch|p2b: Blaziken|Blaziken, L50, M|100/100\n|move|p1a: Archaludon|Protect|p1a: Archaludon\n|-singleturn|p1a: Archaludon|Protect\n|move|p2a: Gardevoir|Dazzling Gleam|p1a: Archaludon|[spread] p1b\n|-activate|p1a: Archaludon|move: Protect\n|-damage|p1b: Sinistcha|66/100\n|\n|-weather|RainDance|[upkeep]\n|-heal|p1a: Archaludon|97/100|[from] item: Leftovers\n|upkeep\n|turn|6\n|\n|t:|1788293310\n|move|p2a: Gardevoir|Moonblast|p1b: Sinistcha\n|-damage|p1b: Sinistcha|14/100\n|move|p2b: Blaziken|Heat Wave|p1b: Sinistcha|[spread] p1a,p1b\n|-supereffective|p1b: Sinistcha|1\n|-damage|p1a: Archaludon|76/100\n|-damage|p1b: Sinistcha|0 fnt\n|-ability|p1a: Archaludon|Stamina|boost\n|-boost|p1a: Archaludon|def|1\n|faint|p1b: Sinistcha\n|move|p1a: Archaludon|Electro Shot||[still]\n|-prepare|p1a: Archaludon|Electro Shot\n|-boost|p1a: Archaludon|spa|1\n|-anim|p1a: Archaludon|Electro Shot|p2a: Gardevoir\n|-damage|p2a: Gardevoir|4/100\n|\n|-weather|none\n|-heal|p1a: Archaludon|82/100|[from] item: Leftovers\n|-fieldend|move: Gravity\n|-ability|p2b: Blaziken|Speed Boost|boost\n|-boost|p2b: Blaziken|spe|1\n|upkeep\n|\n|t:|1788293328\n|switch|p1b: Maushold|Maushold, L50|5/100 slp\n|turn|7\n|\n|t:|1788293348\n|cant|p1b: Maushold|slp\n|move|p2b: Blaziken|Heat Wave|p1b: Maushold|[spread] p1b\n|-miss|p2b: Blaziken|p1a: Archaludon\n|-damage|p1b: Maushold|0 fnt\n|faint|p1b: Maushold\n|move|p2a: Gardevoir|Moonblast|p1a: Archaludon\n|-damage|p1a: Archaludon|13/100\n|-unboost|p1a: Archaludon|spa|1\n|-ability|p1a: Archaludon|Stamina|boost\n|-boost|p1a: Archaludon|def|1\n|move|p1a: Archaludon|Dragon Pulse|p2b: Blaziken\n|-damage|p2b: Blaziken|71/100\n|\n|-heal|p1a: Archaludon|19/100|[from] item: Leftovers\n|-ability|p2b: Blaziken|Speed Boost|boost\n|-boost|p2b: Blaziken|spe|1\n|upkeep\n|turn|8\n|\n|t:|1788293367\n|move|p2b: Blaziken|Aura Sphere|p1a: Archaludon\n|-supereffective|p1a: Archaludon|1\n|-damage|p1a: Archaludon|0 fnt\n|faint|p1a: Archaludon\n|\n|win|paquita navaja\n","uploadtime":1788293373,"views":"5","formatid":"gen9championsvgc2026regmbbo3","rating":null,"private":0,"password":null}