{"id":"gen9championsvgc2026regmb-2674166566","format":"[Gen 9 Champions] VGC 2026 Reg M-B","players":["MF SUSAN","obseen"],"log":"|j|☆MF SUSAN\n|j|☆obseen\n|t:|1788309132\n|gametype|doubles\n|player|p1|MF SUSAN|266|\n|player|p2|obseen|alder|\n|gen|9\n|tier|[Gen 9 Champions] VGC 2026 Reg M-B\n|rule|Species Clause: Limit one of each Pokémon\n|rule|Item Clause: Limit 1 of each item\n|clearpoke\n|poke|p1|Blastoise, L50, F|\n|poke|p1|Sinistcha, L50|\n|poke|p1|Sneasler, L50, F|\n|poke|p1|Heliolisk, L50, M|\n|poke|p1|Kangaskhan, L50, F|\n|poke|p1|Arcanine, L50, F|\n|poke|p2|Floette-Eternal, L50, F|\n|poke|p2|Garchomp, L50, F|\n|poke|p2|Talonflame, L50, F|\n|poke|p2|Klefki, L50, F|\n|poke|p2|Hydreigon, L50, F|\n|poke|p2|Blaziken, L50, F|\n|teampreview|4\nobseen rejected open team sheets.\n|\n|t:|1788309192\n|teamsize|p1|4\n|teamsize|p2|4\n|start\n|switch|p1a: Money Back|Sneasler, L50, F|100/100\n|switch|p1b: BangisMom|Kangaskhan, L50, F|100/100\n|switch|p2a: Talonflame|Talonflame, L50, F|100/100\n|switch|p2b: Garchomp|Garchomp, L50, F|100/100\n|turn|1\n|\n|t:|1788309209\n|move|p2a: Talonflame|Quick Guard|p2a: Talonflame\n|-singleturn|p2a: Talonflame|Quick Guard\n|move|p1a: Money Back|Feint|p2a: Talonflame\n|-activate|p2a: Talonflame|move: Feint\n|-damage|p2a: Talonflame|82/100\n|move|p2b: Garchomp|Earthquake|p1b: BangisMom|[spread] p1a,p1b\n|-immune|p2a: Talonflame\n|-supereffective|p1a: Money Back|1\n|-enditem|p1a: Money Back|Focus Sash\n|-damage|p1a: Money Back|1/100\n|-damage|p1b: BangisMom|35/100\n|-damage|p2b: Garchomp|90/100|[from] item: Life Orb\n|move|p1b: BangisMom|Ice Punch|p2b: Garchomp\n|-supereffective|p2b: Garchomp|2\n|-damage|p2b: Garchomp|0 fnt\n|-damage|p1b: BangisMom|23/100|[from] ability: Rough Skin|[of] p2b: Garchomp\n|faint|p2b: Garchomp\n|\n|upkeep\n|\n|t:|1788309231\n|switch|p2b: Blaziken|Blaziken, L50, F|100/100\n|turn|2\n|j| Crispy Will\n|j| Gooigi88\n|\n|t:|1788309258\n|move|p2b: Blaziken|Protect|p2b: Blaziken\n|-singleturn|p2b: Blaziken|Protect\n|move|p1a: Money Back|Dire Claw|p2a: Talonflame\n|-damage|p2a: Talonflame|16/100\n|move|p2a: Talonflame|Flare Blitz|p1b: BangisMom\n|-crit|p1b: BangisMom\n|-damage|p1b: BangisMom|0 fnt\n|faint|p1b: BangisMom\n|-damage|p2a: Talonflame|7/100|[from] Recoil\n|\n|-ability|p2b: Blaziken|Speed Boost|boost\n|-boost|p2b: Blaziken|spe|1\n|upkeep\n|\n|t:|1788309272\n|switch|p1b: Mid Life Crisis|Blastoise, L50, F|100/100\n|turn|3\n|\n|t:|1788309330\n|switch|p1a: Be Useful PLS|Arcanine, L50, F|100/100\n|-ability|p1a: Be Useful PLS|Intimidate|boost\n|-unboost|p2a: Talonflame|atk|1\n|-unboost|p2b: Blaziken|atk|1\n|detailschange|p2b: Blaziken|Blaziken-Mega, L50, F\n|-mega|p2b: Blaziken|Blaziken|Blazikenite\n|detailschange|p1b: Mid Life Crisis|Blastoise-Mega, L50, F\n|-mega|p1b: Mid Life Crisis|Blastoise|Blastoisinite\n|move|p2b: Blaziken|Flare Blitz|p1a: Be Useful PLS\n|-resisted|p1a: Be Useful PLS|1\n|-damage|p1a: Be Useful PLS|66/100\n|-damage|p2b: Blaziken|87/100|[from] Recoil\n|move|p2a: Talonflame|Dual Wingbeat|p1b: Mid Life Crisis\n|-damage|p1b: Mid Life Crisis|88/100\n|-damage|p1b: Mid Life Crisis|76/100\n|-hitcount|p1b: Mid Life Crisis|2\n|move|p1b: Mid Life Crisis|Water Spout|p2a: Talonflame|[spread] p2a,p2b\n|-supereffective|p2a: Talonflame|1\n|-supereffective|p2b: Blaziken|1\n|-damage|p2a: Talonflame|0 fnt\n|-damage|p2b: Blaziken|0 fnt\n|faint|p2a: Talonflame\n|faint|p2b: Blaziken\n|\n|upkeep\n|\n|t:|1788309346\n|switch|p2b: Hydreigon|Hydreigon, L50, F|100/100\n|turn|4\n|\n|t:|1788309368\n|move|p1a: Be Useful PLS|Extreme Speed|p2b: Hydreigon\n|-damage|p2b: Hydreigon|72/100\n|move|p2b: Hydreigon|Dark Pulse|p1b: Mid Life Crisis\n|-damage|p1b: Mid Life Crisis|32/100\n|move|p1b: Mid Life Crisis|Shell Smash|p1b: Mid Life Crisis\n|-unboost|p1b: Mid Life Crisis|def|1\n|-unboost|p1b: Mid Life Crisis|spd|1\n|-boost|p1b: Mid Life Crisis|atk|2\n|-boost|p1b: Mid Life Crisis|spa|2\n|-boost|p1b: Mid Life Crisis|spe|2\n|\n|upkeep\n|turn|5\n|\n|t:|1788309382\n|move|p1a: Be Useful PLS|Helping Hand|p1b: Mid Life Crisis\n|-singleturn|p1b: Mid Life Crisis|Helping Hand|[of] p1a: Be Useful PLS\n|move|p1b: Mid Life Crisis|Dark Pulse|p2b: Hydreigon\n|-resisted|p2b: Hydreigon|1\n|-damage|p2b: Hydreigon|0 fnt\n|faint|p2b: Hydreigon\n|\n|win|MF SUSAN\n|l|☆obseen\n|player|p2|\n|l|☆MF SUSAN\n|player|p1|\n|l| Gooigi88\n","uploadtime":1788309649,"views":"15","formatid":"gen9championsvgc2026regmb","rating":null,"private":0,"password":null}