{"id":"gen9championsvgc2026regmb-2674240181","format":"[Gen 9 Champions] VGC 2026 Reg M-B","players":["thundertuna","juldrian"],"log":"|j|☆thundertuna\n|j|☆juldrian\n|t:|1788321273\n|gametype|doubles\n|player|p1|thundertuna|170|1218\n|player|p2|juldrian|swimmer-gen4|1323\n|gen|9\n|tier|[Gen 9 Champions] VGC 2026 Reg M-B\n|rated|\n|rule|Species Clause: Limit one of each Pokémon\n|rule|Item Clause: Limit 1 of each item\n|clearpoke\n|poke|p1|Swampert, L50, M|\n|poke|p1|Pelipper, L50, M|\n|poke|p1|Archaludon, L50, F|\n|poke|p1|Sableye, L50, M|\n|poke|p1|Sinistcha, L50|\n|poke|p1|Basculegion, L50, M|\n|poke|p2|Tyranitar, L50, M|\n|poke|p2|Metagross, L50|\n|poke|p2|Mamoswine, L50, M|\n|poke|p2|Rotom-Wash, L50|\n|poke|p2|Farigiraf, L50, M|\n|poke|p2|Sneasler, L50, M|\n|teampreview|4\n|inactive|Battle timer is ON: inactive players will automatically lose when time's up. (requested by juldrian)\n|\n|t:|1788321308\n|teamsize|p1|4\n|teamsize|p2|4\n|start\n|switch|p1a: Pelipper|Pelipper, L50, M|100/100\n|switch|p1b: Swampert|Swampert, L50, M|100/100\n|switch|p2a: Rotom|Rotom-Wash, L50|100/100\n|switch|p2b: Sneasler|Sneasler, L50, M|100/100\n|-weather|RainDance|[from] ability: Drizzle|[of] p1a: Pelipper\n|turn|1\n|inactive|thundertuna has 30 seconds left.\n|inactive|juldrian has 30 seconds left.\n|\n|t:|1788321343\n|switch|p1a: Sinistcha|Sinistcha, L50|100/100\n|detailschange|p1b: Swampert|Swampert-Mega, L50, M\n|-mega|p1b: Swampert|Swampert|Swampertite\n|move|p2b: Sneasler|Protect|p2b: Sneasler\n|-singleturn|p2b: Sneasler|Protect\n|move|p1b: Swampert|Wave Crash|p2b: Sneasler\n|-activate|p2b: Sneasler|move: Protect\n|move|p2a: Rotom|Will-O-Wisp|p1b: Swampert\n|-status|p1b: Swampert|brn\n|\n|-weather|RainDance|[upkeep]\n|-damage|p1b: Swampert|93/100 brn|[from] brn\n|upkeep\n|turn|2\n|inactive|thundertuna has 30 seconds left.\n|\n|t:|1788321372\n|switch|p2a: Tyranitar|Tyranitar, L50, M|100/100\n|-weather|Sandstorm|[from] ability: Sand Stream|[of] p2a: Tyranitar\n|move|p1b: Swampert|Protect|p1b: Swampert\n|-singleturn|p1b: Swampert|Protect\n|move|p2b: Sneasler|Throat Chop|p1a: Sinistcha\n|-supereffective|p1a: Sinistcha|1\n|-crit|p1a: Sinistcha\n|-damage|p1a: Sinistcha|24/100\n|-start|p1a: Sinistcha|Throat Chop|[silent]\n|move|p1a: Sinistcha|Matcha Gotcha|p2a: Tyranitar|[spread] p2b\n|-miss|p1a: Sinistcha|p2a: Tyranitar\n|-resisted|p2b: Sneasler|1\n|-damage|p2b: Sneasler|81/100\n|-heal|p1a: Sinistcha|33/100|[from] drain|[of] p2b: Sneasler\n|-status|p2b: Sneasler|brn\n|\n|-weather|Sandstorm|[upkeep]\n|-damage|p2b: Sneasler|75/100 brn|[from] Sandstorm\n|-damage|p1a: Sinistcha|26/100|[from] Sandstorm\n|-damage|p2b: Sneasler|70/100 brn|[from] brn\n|-damage|p1b: Swampert|87/100 brn|[from] brn\n|upkeep\n|turn|3\n|inactive|thundertuna has 30 seconds left.\n|inactive|juldrian has 30 seconds left.\n|\n|t:|1788321398\n|detailschange|p2a: Tyranitar|Tyranitar-Mega, L50, M\n|-mega|p2a: Tyranitar|Tyranitar|Tyranitarite\n|move|p2a: Tyranitar|Protect|p2a: Tyranitar\n|-singleturn|p2a: Tyranitar|Protect\n|move|p1a: Sinistcha|Rage Powder|p1a: Sinistcha\n|-singleturn|p1a: Sinistcha|move: Rage Powder\n|move|p2b: Sneasler|Close Combat|p1a: Sinistcha\n|-immune|p1a: Sinistcha\n|move|p1b: Swampert|Earthquake|p2b: Sneasler|[spread] p1a,p2b\n|-activate|p2a: Tyranitar|move: Protect\n|-resisted|p1a: Sinistcha|1\n|-supereffective|p2b: Sneasler|1\n|-crit|p2b: Sneasler\n|-damage|p1a: Sinistcha|17/100\n|-damage|p2b: Sneasler|0 fnt\n|faint|p2b: Sneasler\n|\n|-weather|Sandstorm|[upkeep]\n|-damage|p1a: Sinistcha|11/100|[from] Sandstorm\n|-damage|p1b: Swampert|81/100 brn|[from] brn\n|-end|p1a: Sinistcha|Throat Chop|[silent]\n|upkeep\n|\n|t:|1788321414\n|switch|p2b: Rotom|Rotom-Wash, L50|100/100\n|turn|4\n|\n|t:|1788321426\n|switch|p1a: Pelipper|Pelipper, L50, M|100/100\n|-weather|RainDance|[from] ability: Drizzle|[of] p1a: Pelipper\n|move|p1b: Swampert|Earthquake|p2a: Tyranitar|[spread] p2a\n|-immune|p1a: Pelipper\n|-immune|p2b: Rotom|[from] ability: Levitate\n|-supereffective|p2a: Tyranitar|1\n|-damage|p2a: Tyranitar|72/100\n|move|p2a: Tyranitar|Knock Off|p1b: Swampert\n|-damage|p1b: Swampert|48/100 brn\n|move|p2b: Rotom|Thunderbolt|p1a: Pelipper\n|-supereffective|p1a: Pelipper|2\n|-damage|p1a: Pelipper|0 fnt\n|faint|p1a: Pelipper\n|\n|-weather|RainDance|[upkeep]\n|-damage|p1b: Swampert|42/100 brn|[from] brn\n|upkeep\n|\n|t:|1788321444\n|switch|p1a: Sinistcha|Sinistcha, L50|11/100\n|-heal|p1b: Swampert|67/100 brn|[from] ability: Hospitality|[of] p1a: Sinistcha\n|turn|5\n|\n|t:|1788321465\n|move|p2a: Tyranitar|Protect|p2a: Tyranitar\n|-singleturn|p2a: Tyranitar|Protect\n|move|p1b: Swampert|Wave Crash|p2a: Tyranitar\n|-activate|p2a: Tyranitar|move: Protect\n|move|p2b: Rotom|Thunderbolt|p1a: Sinistcha\n|-resisted|p1a: Sinistcha|1\n|-crit|p1a: Sinistcha\n|-damage|p1a: Sinistcha|0 fnt\n|faint|p1a: Sinistcha\n|\n|-weather|RainDance|[upkeep]\n|-damage|p1b: Swampert|61/100 brn|[from] brn\n|upkeep\n|\n|t:|1788321476\n|switch|p1a: Basculegion|Basculegion, L50, M|100/100\n|turn|6\n|\n|t:|1788321490\n|switch|p2a: Mamoswine|Mamoswine, L50, M|100/100\n|move|p1b: Swampert|Wave Crash|p2a: Mamoswine\n|-supereffective|p2a: Mamoswine|1\n|-enditem|p2a: Mamoswine|Focus Sash\n|-damage|p2a: Mamoswine|1/100\n|-damage|p1b: Swampert|26/100 brn|[from] Recoil\n|move|p1a: Basculegion|Last Respects|p2b: Rotom\n|-damage|p2b: Rotom|1/100\n|-enditem|p2b: Rotom|Sitrus Berry|[eat]\n|-heal|p2b: Rotom|25/100|[from] item: Sitrus Berry\n|-damage|p1a: Basculegion|90/100|[from] item: Life Orb\n|move|p2b: Rotom|Thunderbolt|p1a: Basculegion\n|-supereffective|p1a: Basculegion|1\n|-crit|p1a: Basculegion\n|-damage|p1a: Basculegion|0 fnt\n|faint|p1a: Basculegion\n|\n|-weather|RainDance|[upkeep]\n|-damage|p1b: Swampert|20/100y brn|[from] brn\n|upkeep\n|turn|7\n|\n|t:|1788321514\n|move|p2a: Mamoswine|Ice Shard|p1b: Swampert\n|-damage|p1b: Swampert|1/100 brn\n|move|p1b: Swampert|Rock Slide|p2a: Mamoswine|[spread] p2a,p2b\n|-damage|p2a: Mamoswine|0 fnt\n|-damage|p2b: Rotom|15/100\n|faint|p2a: Mamoswine\n|move|p2b: Rotom|Hydro Pump|p1b: Swampert\n|-damage|p1b: Swampert|0 fnt\n|faint|p1b: Swampert\n|\n|win|juldrian\n|raw|thundertuna's rating: 1218 &rarr; <strong>1200</strong><br />(-18 for losing)\n|raw|juldrian's rating: 1323 &rarr; <strong>1337</strong><br />(+14 for winning)\n|l|☆thundertuna\n|player|p1|\n","uploadtime":1788321526,"views":"0","formatid":"gen9championsvgc2026regmb","rating":1200,"private":0,"password":null}