{"id":"gen9championsvgc2026regmb-2674972437","format":"[Gen 9 Champions] VGC 2026 Reg M-B","players":["mismanette","Aouqa"],"log":"|j|☆mismanette\n|j|☆Aouqa\n|t:|1788443800\n|gametype|doubles\n|player|p1|mismanette|dawn|1106\n|player|p2|Aouqa|iris-gen5bw2|1032\n|gen|9\n|tier|[Gen 9 Champions] VGC 2026 Reg M-B\n|rated|\n|rule|Species Clause: Limit one of each Pokémon\n|rule|Item Clause: Limit 1 of each item\n|clearpoke\n|poke|p1|Sableye, L50, M|\n|poke|p1|Swampert, L50, M|\n|poke|p1|Archaludon, L50, F|\n|poke|p1|Overqwil, L50, F|\n|poke|p1|Sinistcha, L50|\n|poke|p1|Dragonite, L50, M|\n|poke|p2|Gengar, L50, F|\n|poke|p2|Sableye, L50, F|\n|poke|p2|Vivillon-Pokeball, L50, F|\n|poke|p2|Maushold-Four, L50|\n|poke|p2|Sinistcha-Masterpiece, L50|\n|poke|p2|Sneasler, L50, F|\n|teampreview|4\n|inactive|Battle timer is ON: inactive players will automatically lose when time's up. (requested by Aouqa)\n|\n|t:|1788443819\n|teamsize|p1|4\n|teamsize|p2|4\n|start\n|switch|p1a: Sableye|Sableye, L50, M|100/100\n|switch|p1b: Dragonite|Dragonite, L50, M|100/100\n|switch|p2a: Sableye|Sableye, L50, F|100/100\n|switch|p2b: Gengar|Gengar, L50, F|100/100\n|turn|1\n|c|☆mismanette|glhf\n|\n|t:|1788443837\n|detailschange|p2b: Gengar|Gengar-Mega, L50, F\n|-mega|p2b: Gengar|Gengar|Gengarite\n|detailschange|p1b: Dragonite|Dragonite-Mega, L50, M\n|-mega|p1b: Dragonite|Dragonite|Dragoninite\n|move|p2a: Sableye|Gravity|p2a: Sableye\n|-fieldstart|move: Gravity\n|move|p1a: Sableye|Rain Dance|p1a: Sableye\n|-weather|RainDance\n|move|p2b: Gengar|Hypnosis|p1a: Sableye\n|-status|p1a: Sableye|slp|[from] move: Hypnosis\n|move|p1b: Dragonite|Hurricane|p2b: Gengar\n|-damage|p2b: Gengar|16/100\n|\n|-weather|RainDance|[upkeep]\n|upkeep\n|turn|2\n|\n|t:|1788443857\n|move|p2b: Gengar|Protect|p2b: Gengar\n|-singleturn|p2b: Gengar|Protect\n|move|p2a: Sableye|Will-O-Wisp|p1b: Dragonite\n|-status|p1b: Dragonite|brn\n|cant|p1a: Sableye|slp\n|move|p1b: Dragonite|Thunder|p2b: Gengar\n|-activate|p2b: Gengar|move: Protect\n|\n|-weather|RainDance|[upkeep]\n|-damage|p1b: Dragonite|94/100 brn|[from] brn\n|upkeep\n|turn|3\n|\n|t:|1788443880\n|switch|p2a: Maushold|Maushold-Four, L50|100/100\n|cant|p1a: Sableye|slp\n|move|p2b: Gengar|Hex|p1b: Dragonite\n|-damage|p1b: Dragonite|25/100 brn\n|move|p1b: Dragonite|Hurricane|p2a: Maushold\n|-damage|p2a: Maushold|1/100\n|-start|p2a: Maushold|confusion\n|\n|-weather|RainDance|[upkeep]\n|-damage|p1b: Dragonite|19/100 brn|[from] brn\n|upkeep\n|turn|4\n|\n|t:|1788443899\n|-curestatus|p1a: Sableye|slp|[msg]\n|move|p1a: Sableye|Will-O-Wisp|p2b: Gengar\n|-status|p2b: Gengar|brn\n|move|p2b: Gengar|Hex|p1a: Sableye\n|-damage|p1a: Sableye|57/100\n|-activate|p2a: Maushold|confusion\n|move|p2a: Maushold|Population Bomb|p1b: Dragonite\n|-damage|p1b: Dragonite|5/100 brn\n|-damage|p1b: Dragonite|0 fnt\n|faint|p1b: Dragonite\n|-hitcount|p1: Dragonite|2\n|-damage|p2a: Maushold|0 fnt|[from] item: Life Orb\n|faint|p2a: Maushold\n|\n|-weather|RainDance|[upkeep]\n|-damage|p2b: Gengar|10/100 brn|[from] brn\n|upkeep\n|\n|t:|1788443919\n|switch|p2a: Sneasler|Sneasler, L50, F|100/100\n|switch|p1b: Overqwil|Overqwil, L50, F|100/100\n|turn|5\n|\n|t:|1788443931\n|move|p2a: Sneasler|Fake Out|p1b: Overqwil\n|-damage|p1b: Overqwil|82/100\n|cant|p1b: Overqwil|flinch\n|move|p1a: Sableye|Will-O-Wisp|p2a: Sneasler\n|-status|p2a: Sneasler|brn\n|move|p2b: Gengar|Hypnosis|p1a: Sableye\n|-status|p1a: Sableye|slp|[from] move: Hypnosis\n|\n|-weather|RainDance|[upkeep]\n|-damage|p2b: Gengar|5/100 brn|[from] brn\n|-damage|p2a: Sneasler|94/100 brn|[from] brn\n|-fieldend|move: Gravity\n|upkeep\n|turn|6\n|\n|t:|1788443954\n|move|p1b: Overqwil|Aqua Jet|p2b: Gengar\n|-damage|p2b: Gengar|0 fnt\n|faint|p2b: Gengar\n|move|p2a: Sneasler|Close Combat|p1b: Overqwil\n|-damage|p1b: Overqwil|42/100\n|-unboost|p2a: Sneasler|def|1\n|-unboost|p2a: Sneasler|spd|1\n|-enditem|p2a: Sneasler|White Herb\n|-clearnegativeboost|p2a: Sneasler|[silent]\n|cant|p1a: Sableye|slp\n|\n|-weather|RainDance|[upkeep]\n|-damage|p2a: Sneasler|88/100 brn|[from] brn\n|upkeep\n|\n|t:|1788443968\n|switch|p2b: Sableye|Sableye, L50, F|100/100\n|turn|7\n|\n|t:|1788443979\n|move|p2b: Sableye|Will-O-Wisp|p1b: Overqwil\n|-hint|Since gen 7, Dark is immune to Prankster moves.\n|-immune|p1b: Overqwil\n|move|p2a: Sneasler|Close Combat|p1b: Overqwil\n|-damage|p1b: Overqwil|4/100\n|-unboost|p2a: Sneasler|def|1\n|-unboost|p2a: Sneasler|spd|1\n|move|p1b: Overqwil|Crunch|p2b: Sableye\n|-damage|p2b: Sableye|45/100\n|cant|p1a: Sableye|slp\n|\n|-weather|RainDance|[upkeep]\n|-damage|p2a: Sneasler|82/100 brn|[from] brn\n|upkeep\n|turn|8\n|-message|Aouqa forfeited.\n|\n|win|mismanette\n|raw|mismanette's rating: 1106 &rarr; <strong>1126</strong><br />(+20 for winning)\n|raw|Aouqa's rating: 1032 &rarr; <strong>1020</strong><br />(-12 for losing)\n|l|☆Aouqa\n|player|p2|\n","uploadtime":1788443997,"views":"0","formatid":"gen9championsvgc2026regmb","rating":1020,"private":0,"password":null}