{"id":"gen9championsvgc2026regmb-2674709017","format":"[Gen 9 Champions] VGC 2026 Reg M-B","players":["jelly06","realgreenz"],"log":"|j|☆jelly06\n|j|☆realgreenz\n|t:|1788393931\n|gametype|doubles\n|player|p1|jelly06|hilda|1185\n|player|p2|realgreenz|1|1279\n|gen|9\n|tier|[Gen 9 Champions] VGC 2026 Reg M-B\n|rated|\n|rule|Species Clause: Limit one of each Pokémon\n|rule|Item Clause: Limit 1 of each item\n|clearpoke\n|poke|p1|Scovillain, L50, F|\n|poke|p1|Basculegion, L50, M|\n|poke|p1|Kingambit, L50, F|\n|poke|p1|Sneasler, L50, M|\n|poke|p1|Lycanroc-Dusk, L50, F|\n|poke|p1|Froslass, L50, F|\n|poke|p2|Gengar, L50, M, shiny|\n|poke|p2|Garchomp, L50, F|\n|poke|p2|Swampert, L50, F|\n|poke|p2|Incineroar, L50, F|\n|poke|p2|Sinistcha, L50|\n|poke|p2|Pidgeot, L50, F|\n|teampreview|4\n|inactive|Battle timer is ON: inactive players will automatically lose when time's up. (requested by jelly06)\n|inactive|jelly06 has 60 seconds left.\n|\n|t:|1788393962\n|teamsize|p1|4\n|teamsize|p2|4\n|start\n|switch|p1a: Scovillain|Scovillain, L50, F|100/100\n|switch|p1b: Kingambit|Kingambit, L50, F|100/100\n|switch|p2a: Gengar|Gengar, L50, M, shiny|100/100\n|switch|p2b: Incineroar|Incineroar, L50, F|100/100\n|-ability|p2b: Incineroar|Intimidate|boost\n|-unboost|p1a: Scovillain|atk|1\n|-unboost|p1b: Kingambit|atk|1\n|-ability|p1b: Kingambit|Defiant|boost\n|-boost|p1b: Kingambit|atk|2\n|turn|1\n|inactive|jelly06 has 30 seconds left.\n|\n|t:|1788393990\n|detailschange|p2a: Gengar|Gengar-Mega, L50, M, shiny\n|-mega|p2a: Gengar|Gengar|Gengarite\n|move|p1a: Scovillain|Protect|p1a: Scovillain\n|-singleturn|p1a: Scovillain|Protect\n|move|p2b: Incineroar|Fake Out|p1b: Kingambit\n|-resisted|p1b: Kingambit|1\n|-crit|p1b: Kingambit\n|-damage|p1b: Kingambit|91/100\n|move|p2a: Gengar|Sludge Bomb|p1a: Scovillain\n|-activate|p1a: Scovillain|move: Protect\n|cant|p1b: Kingambit|flinch\n|\n|-ability|p1a: Scovillain|Moody|boost\n|-boost|p1a: Scovillain|spe|2\n|-unboost|p1a: Scovillain|def|1\n|upkeep\n|turn|2\n|\n|t:|1788394013\n|detailschange|p1a: Scovillain|Scovillain-Mega, L50, F\n|-mega|p1a: Scovillain|Scovillain|Scovillainite\n|move|p2a: Gengar|Protect|p2a: Gengar\n|-singleturn|p2a: Gengar|Protect\n|move|p1a: Scovillain|Overheat|p2a: Gengar\n|-activate|p2a: Gengar|move: Protect\n|move|p2b: Incineroar|Flare Blitz|p1b: Kingambit\n|-supereffective|p1b: Kingambit|1\n|-enditem|p1b: Kingambit|Occa Berry|[eat]\n|-enditem|p1b: Kingambit|Occa Berry|[weaken]\n|-damage|p1b: Kingambit|46/100\n|-status|p1b: Kingambit|brn\n|-damage|p2b: Incineroar|84/100|[from] Recoil\n|move|p1b: Kingambit|Swords Dance|p1b: Kingambit\n|-boost|p1b: Kingambit|atk|2\n|\n|-damage|p1b: Kingambit|41/100 brn|[from] brn\n|upkeep\n|turn|3\n|inactive|realgreenz has 30 seconds left.\n|\n|t:|1788394049\n|switch|p2a: Garchomp|Garchomp, L50, F|100/100\n|move|p1a: Scovillain|Rage Powder|p1a: Scovillain\n|-singleturn|p1a: Scovillain|move: Rage Powder\n|move|p2b: Incineroar|Flare Blitz|p1a: Scovillain\n|-damage|p1a: Scovillain|5/100\n|-damage|p2b: Incineroar|58/100|[from] Recoil\n|move|p1b: Kingambit|Kowtow Cleave|p2a: Garchomp\n|-damage|p2a: Garchomp|41/100\n|-damage|p1b: Kingambit|28/100 brn|[from] ability: Rough Skin|[of] p2a: Garchomp\n|\n|-damage|p1b: Kingambit|23/100 brn|[from] brn\n|upkeep\n|turn|4\n|\n|t:|1788394067\n|move|p2a: Garchomp|Protect|p2a: Garchomp\n|-singleturn|p2a: Garchomp|Protect\n|move|p1a: Scovillain|Rage Powder|p1a: Scovillain\n|-singleturn|p1a: Scovillain|move: Rage Powder\n|move|p1b: Kingambit|Sucker Punch||[still]\n|-fail|p1b: Kingambit\n|move|p2b: Incineroar|Flare Blitz|p1a: Scovillain\n|-damage|p1a: Scovillain|0 fnt\n|faint|p1a: Scovillain\n|-damage|p2b: Incineroar|56/100|[from] Recoil\n|\n|-damage|p1b: Kingambit|17/100 brn|[from] brn\n|upkeep\n|\n|t:|1788394074\n|switch|p1a: Basculegion|Basculegion, L50, M|100/100\n|turn|5\n|\n|t:|1788394085\n|move|p2a: Garchomp|Protect||[still]\n|-fail|p2a: Garchomp\n|move|p1a: Basculegion|Aqua Jet|p2b: Incineroar\n|-supereffective|p2b: Incineroar|1\n|-damage|p2b: Incineroar|0 fnt\n|faint|p2b: Incineroar\n|-damage|p1a: Basculegion|90/100|[from] item: Life Orb\n|move|p1b: Kingambit|Sucker Punch||[still]\n|-fail|p1b: Kingambit\n|\n|-damage|p1b: Kingambit|11/100 brn|[from] brn\n|upkeep\n|\n|t:|1788394096\n|switch|p2b: Swampert|Swampert, L50, F|100/100\n|turn|6\n|\n|t:|1788394116\n|move|p2a: Garchomp|Protect|p2a: Garchomp\n|-singleturn|p2a: Garchomp|Protect\n|move|p1a: Basculegion|Wave Crash|p2b: Swampert\n|-damage|p2b: Swampert|0 fnt\n|faint|p2b: Swampert\n|-damage|p1a: Basculegion|56/100|[from] Recoil\n|-damage|p1a: Basculegion|46/100|[from] item: Life Orb\n|move|p1b: Kingambit|Swords Dance|p1b: Kingambit\n|-boost|p1b: Kingambit|atk|2\n|\n|-damage|p1b: Kingambit|5/100 brn|[from] brn\n|upkeep\n|\n|t:|1788394127\n|switch|p2b: Gengar|Gengar-Mega, L50, M, shiny|100/100\n|turn|7\n|\n|t:|1788394148\n|move|p2b: Gengar|Protect|p2b: Gengar\n|-singleturn|p2b: Gengar|Protect\n|move|p1b: Kingambit|Sucker Punch|p2a: Garchomp\n|-damage|p2a: Garchomp|0 fnt\n|-damage|p1b: Kingambit|0 fnt|[from] ability: Rough Skin|[of] p2a: Garchomp\n|faint|p2a: Garchomp\n|faint|p1b: Kingambit\n|move|p1a: Basculegion|Last Respects|p2b: Gengar\n|-activate|p2b: Gengar|move: Protect\n|\n|upkeep\n|\n|t:|1788394157\n|switch|p1b: Sneasler|Sneasler, L50, M|100/100\n|turn|8\n|inactive|realgreenz has 30 seconds left.\n|\n|t:|1788394184\n|move|p1a: Basculegion|Protect|p1a: Basculegion\n|-singleturn|p1a: Basculegion|Protect\n|move|p2b: Gengar|Shadow Ball|p1a: Basculegion\n|-activate|p1a: Basculegion|move: Protect\n|move|p1b: Sneasler|Dire Claw|p2b: Gengar\n|-resisted|p2b: Gengar|2\n|-damage|p2b: Gengar|83/100\n|-status|p2b: Gengar|par\n|\n|upkeep\n|turn|9\n|\n|t:|1788394197\n|move|p2b: Gengar|Protect|p2b: Gengar\n|-singleturn|p2b: Gengar|Protect\n|move|p1b: Sneasler|Dire Claw|p2b: Gengar\n|-activate|p2b: Gengar|move: Protect\n|move|p1a: Basculegion|Last Respects|p2b: Gengar\n|-activate|p2b: Gengar|move: Protect\n|\n|upkeep\n|turn|10\n|\n|t:|1788394203\n|move|p1b: Sneasler|Dire Claw|p2b: Gengar\n|-resisted|p2b: Gengar|2\n|-damage|p2b: Gengar|68/100 par\n|move|p1a: Basculegion|Last Respects|p2b: Gengar\n|-supereffective|p2b: Gengar|1\n|-damage|p2b: Gengar|0 fnt\n|faint|p2b: Gengar\n|-damage|p1a: Basculegion|37/100|[from] item: Life Orb\n|\n|win|jelly06\n|raw|jelly06's rating: 1185 &rarr; <strong>1217</strong><br />(+32 for winning)\n|raw|realgreenz's rating: 1279 &rarr; <strong>1247</strong><br />(-32 for losing)\n|l|☆realgreenz\n|player|p2|\n","uploadtime":1788394233,"views":"0","formatid":"gen9championsvgc2026regmb","rating":1217,"private":0,"password":null}