{"id":"gen9championsvgc2026regmb-2674141579","format":"[Gen 9 Champions] VGC 2026 Reg M-B","players":["cleberbemoreno","dhrx"],"log":"|j|☆cleberbemoreno\n|j|☆dhrx\n|t:|1788305300\n|gametype|doubles\n|player|p1|cleberbemoreno|170|1267\n|player|p2|dhrx|lucian|1318\n|gen|9\n|tier|[Gen 9 Champions] VGC 2026 Reg M-B\n|rated|\n|rule|Species Clause: Limit one of each Pokémon\n|rule|Item Clause: Limit 1 of each item\n|clearpoke\n|poke|p1|Aerodactyl, L50, F, shiny|\n|poke|p1|Sneasler, L50, F|\n|poke|p1|Froslass, L50, F|\n|poke|p1|Tsareena, L50, F|\n|poke|p1|Kingambit, L50, M|\n|poke|p1|Basculegion, L50, M|\n|poke|p2|Lopunny, L50, F|\n|poke|p2|Ceruledge, L50, M|\n|poke|p2|Farigiraf, L50, M|\n|poke|p2|Basculegion, L50, M|\n|poke|p2|Ninetales-Alola, L50, F|\n|poke|p2|Kingambit, L50, F|\n|teampreview|4\ndhrx rejected open team sheets.\n|\n|t:|1788305357\n|teamsize|p1|4\n|teamsize|p2|4\n|start\n|switch|p1a: Aerodactyl|Aerodactyl, L50, F, shiny|100/100\n|switch|p1b: Sneasler|Sneasler, L50, F|100/100\n|switch|p2a: Kingambit|Kingambit, L50, F|100/100\n|switch|p2b: Ninetales|Ninetales-Alola, L50, F|100/100\n|-ability|p1a: Aerodactyl|Unnerve\n|-weather|Snowscape|[from] ability: Snow Warning|[of] p2b: Ninetales\n|turn|1\n|\n|t:|1788305377\n|switch|p2a: Farigiraf|Farigiraf, L50, M|100/100\n|detailschange|p1a: Aerodactyl|Aerodactyl-Mega, L50, F, shiny\n|-mega|p1a: Aerodactyl|Aerodactyl|Aerodactylite\n|move|p1b: Sneasler|Fake Out||[still]\n|cant|p2a: Farigiraf|ability: Armor Tail|Fake Out|[of] p1b: Sneasler\n|move|p1a: Aerodactyl|Tailwind|p1a: Aerodactyl\n|-sidestart|p1: cleberbemoreno|move: Tailwind\n|move|p2b: Ninetales|Blizzard|p1b: Sneasler|[spread] p1a,p1b\n|-supereffective|p1a: Aerodactyl|1\n|-damage|p1a: Aerodactyl|10/100\n|-damage|p1b: Sneasler|52/100\n|\n|-weather|Snowscape|[upkeep]\n|upkeep\n|turn|2\n|\n|t:|1788305394\n|move|p2b: Ninetales|Protect|p2b: Ninetales\n|-singleturn|p2b: Ninetales|Protect\n|move|p1a: Aerodactyl|Rock Slide|p2b: Ninetales|[spread] p2a\n|-activate|p2b: Ninetales|move: Protect\n|-damage|p2a: Farigiraf|70/100\n|move|p1b: Sneasler|Dire Claw|p2b: Ninetales\n|-activate|p2b: Ninetales|move: Protect\n|move|p2a: Farigiraf|Trick Room|p2a: Farigiraf\n|-fieldstart|move: Trick Room|[of] p2a: Farigiraf\n|\n|-weather|Snowscape|[upkeep]\n|upkeep\n|turn|3\n|\n|t:|1788305420\n|move|p2a: Farigiraf|Psychic|p1b: Sneasler\n|-supereffective|p1b: Sneasler|2\n|-damage|p1b: Sneasler|0 fnt\n|faint|p1b: Sneasler\n|move|p2b: Ninetales|Aurora Veil|p2b: Ninetales\n|-sidestart|p2: dhrx|move: Aurora Veil\n|move|p1a: Aerodactyl|Rock Slide|p2b: Ninetales|[spread] p2a,p2b\n|-supereffective|p2b: Ninetales|1\n|-damage|p2a: Farigiraf|52/100\n|-damage|p2b: Ninetales|64/100\n|\n|-weather|Snowscape|[upkeep]\n|upkeep\n|\n|t:|1788305428\n|switch|p1b: Kingambit|Kingambit, L50, M|100/100\n|turn|4\n|\n|t:|1788305447\n|switch|p2b: Lopunny|Lopunny, L50, F|100/100\n|move|p2a: Farigiraf|Hyper Voice|p1a: Aerodactyl|[spread] p1a,p1b\n|-resisted|p1a: Aerodactyl|1\n|-resisted|p1b: Kingambit|1\n|-damage|p1a: Aerodactyl|0 fnt\n|-damage|p1b: Kingambit|86/100\n|faint|p1a: Aerodactyl\n|move|p1b: Kingambit|Swords Dance|p1b: Kingambit\n|-boost|p1b: Kingambit|atk|2\n|\n|-weather|Snowscape|[upkeep]\n|-sideend|p1: cleberbemoreno|move: Tailwind\n|upkeep\n|\n|t:|1788305458\n|switch|p1a: Tsareena|Tsareena, L50, F|100/100\n|turn|5\n|\n|t:|1788305477\n|detailschange|p2b: Lopunny|Lopunny-Mega, L50, F\n|-mega|p2b: Lopunny|Lopunny|Lopunnite\n|move|p1b: Kingambit|Kowtow Cleave|p2a: Farigiraf\n|-supereffective|p2a: Farigiraf|1\n|-damage|p2a: Farigiraf|0 fnt\n|faint|p2a: Farigiraf\n|move|p1a: Tsareena|Low Kick|p2b: Lopunny\n|-supereffective|p2b: Lopunny|1\n|-damage|p2b: Lopunny|58/100\n|move|p2b: Lopunny|Close Combat|p1b: Kingambit\n|-supereffective|p1b: Kingambit|2\n|-crit|p1b: Kingambit\n|-damage|p1b: Kingambit|0 fnt\n|-unboost|p2b: Lopunny|def|1\n|-unboost|p2b: Lopunny|spd|1\n|faint|p1b: Kingambit\n|\n|-weather|none\n|upkeep\n|\n|t:|1788305492\n|switch|p2a: Ninetales|Ninetales-Alola, L50, F|64/100\n|-weather|Snowscape|[from] ability: Snow Warning|[of] p2a: Ninetales\n|turn|6\n|-message|cleberbemoreno forfeited.\n|\n|win|dhrx\n|raw|cleberbemoreno's rating: 1267 &rarr; <strong>1246</strong><br />(-21 for losing)\n|raw|dhrx's rating: 1318 &rarr; <strong>1335</strong><br />(+17 for winning)\n|l|☆cleberbemoreno\n|player|p1|\n","uploadtime":1788305502,"views":"1","formatid":"gen9championsvgc2026regmb","rating":1246,"private":0,"password":null}