{"id":"gen9championsvgc2026regmbbo3-2675010888","format":"[Gen 9 Champions] VGC 2026 Reg M-B (Bo3)","players":["Buggy00k","chocapicorascapico"],"log":"|j|☆Buggy00k\n|j|☆chocapicorascapico\n|html|<table width=\"100%\"><tr><td align=\"left\">Buggy00k</td><td align=\"right\">chocapicorascapico</tr><tr><td align=\"left\"><i class=\"fa fa-circle\"></i> <i class=\"fa fa-circle-o\"></i> </td><td align=\"right\"><i class=\"fa fa-circle-o\"></i> <i class=\"fa fa-circle-o\"></i> </tr></table>\n|uhtml|bestof|<h2><strong>Game 2</strong> of <a href=\"/game-bestof3-gen9championsvgc2026regmbbo3-2675009420\">a best-of-3</a></h2>\n|t:|1788448424\n|gametype|doubles\n|player|p1|Buggy00k|101|1119\n|player|p2|chocapicorascapico|benga|1085\n|gen|9\n|tier|[Gen 9 Champions] VGC 2026 Reg M-B (Bo3)\n|rated|\n|rule|Species Clause: Limit one of each Pokémon\n|rule|Item Clause: Limit 1 of each item\n|clearpoke\n|poke|p1|Froslass, L50, F|\n|poke|p1|Blaziken, L50, M, shiny|\n|poke|p1|Kingambit, L50, M, shiny|\n|poke|p1|Primarina, L50, M, shiny|\n|poke|p1|Dragonite, L50, F, shiny|\n|poke|p1|Farigiraf, L50, M, shiny|\n|poke|p2|Swampert, L50, M|\n|poke|p2|Farigiraf, L50, M|\n|poke|p2|Incineroar, L50, F|\n|poke|p2|Pelipper, L50, F|\n|poke|p2|Hatterene, L50, F|\n|poke|p2|Hydrapple, L50, M|\n|teampreview|4\n|showteam|p1|Froslass||Froslassite|SnowCloak|ShadowBall,Blizzard,AuroraVeil,Protect|Timid||F|||50|]Blaziken||Blazikenite|SpeedBoost|FlareBlitz,CloseCombat,RockSlide,Detect|Adamant||M|||50|]Kingambit||ChopleBerry|Defiant|KowtowCleave,SuckerPunch,IronHead,LowKick|Brave||M|||50|]Primarina||Leftovers|LiquidVoice|HyperVoice,Moonblast,CalmMind,Protect|Bold||M|||50|]Dragonite||LifeOrb|InnerFocus|DragonClaw,ExtremeSpeed,LowKick,Protect|Adamant||F|||50|]Farigiraf||SitrusBerry|ArmorTail|Psychic,Thunderbolt,TrickRoom,NastyPlot|Relaxed||M|||50|\n|showteam|p2|Swampert||Swampertite|Torrent|Earthquake,Waterfall,PoisonJab,BulkUp|Brave||M|||50|]Farigiraf||MentalHerb|ArmorTail|TrickRoom,AllySwitch,HyperVoice,Protect|Sassy||M|||50|]Incineroar||Leftovers|Intimidate|FakeOut,PartingShot,FlareBlitz,LashOut|Relaxed||F|||50|]Pelipper||SharpBeak|Drizzle|Hurricane,KnockOff,Roost,Protect|Sassy||F|||50|]Hatterene||WiseGlasses|MagicBounce|TrickRoom,MysticalFire,Protect,HealPulse|Sassy||F|||50|]Hydrapple||LifeOrb|Regenerator|EnergyBall,NastyPlot,FickleBeam,Protect|Quiet||M|||50|\n|inactive|Battle timer is ON: inactive players will automatically lose when time's up. (requested by chocapicorascapico)\n|\n|t:|1788448461\n|teamsize|p1|4\n|teamsize|p2|4\n|start\n|switch|p1a: Primarina|Primarina, L50, M, shiny|100/100\n|switch|p1b: Froslass|Froslass, L50, F|100/100\n|switch|p2a: Hydrapple|Hydrapple, L50, M|100/100\n|switch|p2b: Incineroar|Incineroar, L50, F|100/100\n|-ability|p2b: Incineroar|Intimidate|boost\n|-unboost|p1a: Primarina|atk|1\n|-unboost|p1b: Froslass|atk|1\n|turn|1\n|inactive|Buggy00k has 30 seconds left.\n|inactive|chocapicorascapico has 30 seconds left.\n|inactive|chocapicorascapico has 20 seconds left.\n|inactive|chocapicorascapico has 15 seconds left.\n|inactive|chocapicorascapico has 10 seconds left.\n|\n|t:|1788448507\n|switch|p1b: Farigiraf|Farigiraf, L50, M, shiny|100/100\n|move|p2a: Hydrapple|Protect|p2a: Hydrapple\n|-singleturn|p2a: Hydrapple|Protect\n|move|p1a: Primarina|Moonblast|p2a: Hydrapple\n|-activate|p2a: Hydrapple|move: Protect\n|move|p2b: Incineroar|Lash Out|p1b: Farigiraf\n|-supereffective|p1b: Farigiraf|1\n|-damage|p1b: Farigiraf|48/100\n|-enditem|p1b: Farigiraf|Sitrus Berry|[eat]\n|-heal|p1b: Farigiraf|73/100|[from] item: Sitrus Berry\n|\n|upkeep\n|turn|2\n|inactive|Buggy00k has 30 seconds left.\n|\n|t:|1788448536\n|switch|p2a: Farigiraf|Farigiraf, L50, M|100/100\n|move|p1a: Primarina|Moonblast|p2a: Farigiraf\n|-damage|p2a: Farigiraf|66/100\n|move|p2b: Incineroar|Lash Out|p1b: Farigiraf\n|-supereffective|p1b: Farigiraf|1\n|-damage|p1b: Farigiraf|23/100\n|move|p1b: Farigiraf|Nasty Plot|p1b: Farigiraf\n|-boost|p1b: Farigiraf|spa|2\n|\n|upkeep\n|turn|3\n|inactive|Buggy00k has 30 seconds left.\n|inactive|Buggy00k has 20 seconds left.\n|\n|t:|1788448572\n|switch|p1b: Dragonite|Dragonite, L50, F, shiny|100/100\n|move|p1a: Primarina|Hyper Voice|p2a: Farigiraf|[spread] p2a,p2b\n|-supereffective|p2b: Incineroar|1\n|-damage|p2a: Farigiraf|41/100\n|-damage|p2b: Incineroar|47/100\n|move|p2b: Incineroar|Lash Out|p1b: Dragonite\n|-damage|p1b: Dragonite|67/100\n|move|p2a: Farigiraf|Trick Room|p2a: Farigiraf\n|-fieldstart|move: Trick Room|[of] p2a: Farigiraf\n|\n|-heal|p2b: Incineroar|53/100|[from] item: Leftovers\n|upkeep\n|turn|4\n|\n|t:|1788448595\n|move|p2b: Incineroar|Parting Shot|p1b: Dragonite\n|-unboost|p1b: Dragonite|atk|1\n|-unboost|p1b: Dragonite|spa|1\n|\n|t:|1788448606\n|switch|p2b: Hydrapple|Hydrapple, L50, M|100/100|[from] Parting Shot\n|move|p2a: Farigiraf|Hyper Voice|p1b: Dragonite|[spread] p1a,p1b\n|-damage|p1a: Primarina|76/100\n|-damage|p1b: Dragonite|38/100\n|move|p1a: Primarina|Hyper Voice|p2b: Hydrapple|[spread] p2a,p2b\n|-resisted|p2b: Hydrapple|2\n|-damage|p2a: Farigiraf|18/100\n|-damage|p2b: Hydrapple|92/100\n|move|p1b: Dragonite|Dragon Claw|p2b: Hydrapple\n|-supereffective|p2b: Hydrapple|1\n|-damage|p2b: Hydrapple|30/100\n|-damage|p1b: Dragonite|29/100|[from] item: Life Orb\n|\n|-heal|p1a: Primarina|82/100|[from] item: Leftovers\n|upkeep\n|turn|5\n|inactive|Buggy00k has 30 seconds left.\n|\n|t:|1788448636\n|move|p1a: Primarina|Protect|p1a: Primarina\n|-singleturn|p1a: Primarina|Protect\n|move|p1b: Dragonite|Protect|p1b: Dragonite\n|-singleturn|p1b: Dragonite|Protect\n|move|p2b: Hydrapple|Energy Ball|p1a: Primarina\n|-activate|p1a: Primarina|move: Protect\n|move|p2a: Farigiraf|Hyper Voice|p1a: Primarina|[spread] \n|-activate|p1a: Primarina|move: Protect\n|-activate|p1b: Dragonite|move: Protect\n|\n|-heal|p1a: Primarina|88/100|[from] item: Leftovers\n|upkeep\n|turn|6\n|\n|t:|1788448655\n|switch|p1a: Farigiraf|Farigiraf, L50, M, shiny|23/100\n|move|p2b: Hydrapple|Fickle Beam|p1a: Farigiraf\n|-damage|p1a: Farigiraf|0 fnt\n|faint|p1a: Farigiraf\n|-damage|p2b: Hydrapple|20/100y|[from] item: Life Orb\n|move|p2a: Farigiraf|Hyper Voice|p1b: Dragonite\n|-crit|p1b: Dragonite\n|-damage|p1b: Dragonite|0 fnt\n|faint|p1b: Dragonite\n|\n|upkeep\n|\n|t:|1788448668\n|switch|p1a: Primarina|Primarina, L50, M, shiny|88/100\n|switch|p1b: Froslass|Froslass, L50, F|100/100\n|turn|7\n|\n|t:|1788448682\n|-heal|p2b: Hydrapple|53/100|[from] ability: Regenerator|[silent]\n|switch|p2b: Incineroar|Incineroar, L50, F|53/100\n|-ability|p2b: Incineroar|Intimidate|boost\n|-unboost|p1a: Primarina|atk|1\n|-unboost|p1b: Froslass|atk|1\n|switch|p2a: Swampert|Swampert, L50, M|100/100\n|move|p1a: Primarina|Protect|p1a: Primarina\n|-singleturn|p1a: Primarina|Protect\n|move|p1b: Froslass|Protect||[still]\n|-fail|p1b: Froslass\n|\n|-heal|p2b: Incineroar|59/100|[from] item: Leftovers\n|-heal|p1a: Primarina|94/100|[from] item: Leftovers\n|-fieldend|move: Trick Room\n|upkeep\n|turn|8\n|inactive|Buggy00k has 30 seconds left.\n|inactive|chocapicorascapico has 30 seconds left.\n|inactive|chocapicorascapico has 20 seconds left.\n|\n|t:|1788448724\n|detailschange|p1b: Froslass|Froslass-Mega, L50, F\n|-mega|p1b: Froslass|Froslass|Froslassite\n|-weather|Snowscape|[from] ability: Snow Warning|[of] p1b: Froslass\n|detailschange|p2a: Swampert|Swampert-Mega, L50, M\n|-mega|p2a: Swampert|Swampert|Swampertite\n|move|p2b: Incineroar|Fake Out|p1a: Primarina\n|-damage|p1a: Primarina|84/100\n|move|p1b: Froslass|Blizzard|p2a: Swampert|[spread] p2a,p2b\n|-resisted|p2b: Incineroar|1\n|-damage|p2a: Swampert|66/100\n|-damage|p2b: Incineroar|41/100\n|cant|p1a: Primarina|flinch\n|move|p2a: Swampert|Poison Jab|p1a: Primarina\n|-supereffective|p1a: Primarina|1\n|-damage|p1a: Primarina|21/100\n|\n|-weather|Snowscape|[upkeep]\n|-heal|p1a: Primarina|27/100|[from] item: Leftovers\n|-heal|p2b: Incineroar|47/100|[from] item: Leftovers\n|upkeep\n|turn|9\n|inactive|Buggy00k has 30 seconds left.\n|\n|t:|1788448751\n|switch|p2b: Farigiraf|Farigiraf, L50, M|18/100\n|move|p1a: Primarina|Protect|p1a: Primarina\n|-singleturn|p1a: Primarina|Protect\n|move|p1b: Froslass|Blizzard|p2b: Farigiraf|[spread] p2a,p2b\n|-damage|p2a: Swampert|30/100\n|-damage|p2b: Farigiraf|0 fnt\n|faint|p2b: Farigiraf\n|move|p2a: Swampert|Earthquake|p1b: Froslass|[spread] p1b\n|-activate|p1a: Primarina|move: Protect\n|-damage|p1b: Froslass|52/100\n|\n|-weather|Snowscape|[upkeep]\n|-heal|p1a: Primarina|32/100|[from] item: Leftovers\n|upkeep\n|\n|t:|1788448762\n|switch|p2b: Incineroar|Incineroar, L50, F|47/100\n|-ability|p2b: Incineroar|Intimidate|boost\n|-unboost|p1a: Primarina|atk|1\n|-unboost|p1b: Froslass|atk|1\n|turn|10\n|\n|t:|1788448773\n|move|p1b: Froslass|Blizzard|p2b: Incineroar|[spread] p2a,p2b\n|-resisted|p2b: Incineroar|1\n|-damage|p2a: Swampert|0 fnt\n|-damage|p2b: Incineroar|29/100\n|faint|p2a: Swampert\n|move|p1a: Primarina|Hyper Voice|p2b: Incineroar\n|-supereffective|p2b: Incineroar|1\n|-damage|p2b: Incineroar|0 fnt\n|faint|p2b: Incineroar\n|\n|-weather|Snowscape|[upkeep]\n|-heal|p1a: Primarina|38/100|[from] item: Leftovers\n|upkeep\n|\n|t:|1788448780\n|switch|p2b: Hydrapple|Hydrapple, L50, M|53/100\n|turn|11\n|\n|t:|1788448786\n|move|p1b: Froslass|Blizzard|p2b: Hydrapple\n|-supereffective|p2b: Hydrapple|2\n|-damage|p2b: Hydrapple|0 fnt\n|faint|p2b: Hydrapple\n|\n|win|Buggy00k\n|raw|Buggy00k's rating: 1119 &rarr; <strong>1142</strong><br />(+23 for winning)\n|raw|chocapicorascapico's rating: 1085 &rarr; <strong>1064</strong><br />(-21 for losing)\n|c|☆Buggy00k|gg\n|l|☆chocapicorascapico\n|player|p2|\n","uploadtime":1788448792,"views":"0","formatid":"gen9championsvgc2026regmbbo3","rating":1064,"private":0,"password":null}