{"id":"gen9championsvgc2026regmb-2674746904","format":"[Gen 9 Champions] VGC 2026 Reg M-B","players":["tillt","lobasso"],"log":"|j|☆tillt\n|j|☆lobasso\n|t:|1788399831\n|gametype|doubles\n|player|p1|tillt|lady|1027\n|player|p2|lobasso|170|1000\n|gen|9\n|tier|[Gen 9 Champions] VGC 2026 Reg M-B\n|rated|\n|rule|Species Clause: Limit one of each Pokémon\n|rule|Item Clause: Limit 1 of each item\n|clearpoke\n|poke|p1|Froslass, L50, F|\n|poke|p1|Swampert, L50, M|\n|poke|p1|Pelipper, L50, F|\n|poke|p1|Sableye, L50, F|\n|poke|p1|Sinistcha, L50|\n|poke|p1|Sneasler, L50, F|\n|poke|p2|Absol, L50, F|\n|poke|p2|Maushold, L50|\n|poke|p2|Sneasler, L50, F|\n|poke|p2|Sinistcha, L50|\n|poke|p2|Whimsicott, L50, M|\n|poke|p2|Floette-Eternal, L50, F|\n|teampreview|4\n|inactive|Battle timer is ON: inactive players will automatically lose when time's up. (requested by tillt)\n|\n|t:|1788399846\n|teamsize|p1|4\n|teamsize|p2|4\n|start\n|switch|p1a: Swampert|Swampert, L50, M|100/100\n|switch|p1b: Pelipper|Pelipper, L50, F|100/100\n|switch|p2a: Absol|Absol, L50, F|100/100\n|switch|p2b: Maushold|Maushold, L50|100/100\n|-weather|RainDance|[from] ability: Drizzle|[of] p1b: Pelipper\n|turn|1\n|inactive|lobasso has 30 seconds left.\n|inactive|lobasso has 20 seconds left.\n|inactive|lobasso has 15 seconds left.\n|inactive|lobasso has 10 seconds left.\n|inactive|lobasso has 5 seconds left.\n|\n|t:|1788399901\n|move|p1a: Swampert|Protect|p1a: Swampert\n|-singleturn|p1a: Swampert|Protect\n|move|p2b: Maushold|Beat Up|p1a: Swampert\n|-activate|p1a: Swampert|move: Protect\n|move|p2a: Absol|Night Slash|p1b: Pelipper\n|-damage|p1b: Pelipper|63/100\n|move|p1b: Pelipper|Tailwind|p1b: Pelipper\n|-sidestart|p1: tillt|move: Tailwind\n|\n|-weather|RainDance|[upkeep]\n|upkeep\n|turn|2\n|inactive|lobasso has 30 seconds left.\n|inactive|lobasso has 20 seconds left.\n|inactive|lobasso has 15 seconds left.\n|inactive|lobasso has 10 seconds left.\n|\n|t:|1788399951\n|move|p1b: Pelipper|Hurricane|p2b: Maushold\n|-damage|p2b: Maushold|61/100\n|move|p1a: Swampert|Liquidation|p2a: Absol\n|-damage|p2a: Absol|21/100\n|move|p2b: Maushold|Beat Up|p2a: Absol\n|-resisted|p2a: Absol|1\n|-damage|p2a: Absol|19/100\n|-ability|p2a: Absol|Justified|boost\n|-boost|p2a: Absol|atk|1\n|-resisted|p2a: Absol|1\n|-damage|p2a: Absol|18/100\n|-ability|p2a: Absol|Justified|boost\n|-boost|p2a: Absol|atk|1\n|-resisted|p2a: Absol|1\n|-damage|p2a: Absol|16/100\n|-ability|p2a: Absol|Justified|boost\n|-boost|p2a: Absol|atk|1\n|-resisted|p2a: Absol|1\n|-damage|p2a: Absol|14/100\n|-ability|p2a: Absol|Justified|boost\n|-boost|p2a: Absol|atk|1\n|-hitcount|p2a: Absol|4\n|move|p2a: Absol|Focus Energy|p2a: Absol\n|-start|p2a: Absol|move: Focus Energy\n|\n|-weather|RainDance|[upkeep]\n|upkeep\n|turn|3\n|inactive|tillt has 30 seconds left.\n|\n|t:|1788399979\n|detailschange|p2a: Absol|Absol-Mega, L50, F\n|-mega|p2a: Absol|Absol|Absolite\n|move|p2b: Maushold|Follow Me|p2b: Maushold\n|-singleturn|p2b: Maushold|move: Follow Me\n|move|p2a: Absol|Sucker Punch|p1a: Swampert\n|-damage|p1a: Swampert|2/100\n|move|p1b: Pelipper|Hurricane|p2b: Maushold\n|-damage|p2b: Maushold|19/100\n|move|p1a: Swampert|Wave Crash|p2b: Maushold\n|-damage|p2b: Maushold|0 fnt\n|faint|p2b: Maushold\n|-damage|p1a: Swampert|0 fnt|[from] Recoil\n|faint|p1a: Swampert\n|\n|-weather|RainDance|[upkeep]\n|upkeep\n|\n|t:|1788399995\n|switch|p2b: Sinistcha|Sinistcha, L50|100/100\n|switch|p1a: Sableye|Sableye, L50, F|100/100\n|-heal|p2a: Absol|39/100|[from] ability: Hospitality|[of] p2b: Sinistcha\n|turn|4\n|\n|t:|1788400011\n|move|p2a: Absol|Detect|p2a: Absol\n|-singleturn|p2a: Absol|Protect\n|move|p1a: Sableye|Light Screen|p1a: Sableye\n|-sidestart|p1: tillt|move: Light Screen\n|move|p1b: Pelipper|Hurricane|p2a: Absol\n|-activate|p2a: Absol|move: Protect\n|move|p2b: Sinistcha|Life Dew||[still]|[spread] p2a,p2b\n|-heal|p2a: Absol|64/100\n|-fail|p2b: Sinistcha|heal\n|\n|-weather|RainDance|[upkeep]\n|-sideend|p1: tillt|move: Tailwind\n|upkeep\n|turn|5\n|\n|t:|1788400035\n|switch|p1a: Sneasler|Sneasler, L50, F|100/100\n|move|p2a: Absol|Night Slash|p1b: Pelipper\n|-crit|p1b: Pelipper\n|-damage|p1b: Pelipper|0 fnt\n|faint|p1b: Pelipper\n|move|p2b: Sinistcha|Matcha Gotcha|p1a: Sneasler\n|-resisted|p1a: Sneasler|1\n|-damage|p1a: Sneasler|84/100\n|\n|-weather|none\n|upkeep\n|\n|t:|1788400046\n|switch|p1b: Sableye|Sableye, L50, F|100/100\n|turn|6\n|\n|t:|1788400064\n|move|p2b: Sinistcha|Rage Powder|p2b: Sinistcha\n|-singleturn|p2b: Sinistcha|move: Rage Powder\n|move|p1b: Sableye|Encore|p2b: Sinistcha\n|-start|p2b: Sinistcha|Encore\n|move|p1a: Sneasler|Close Combat|p2b: Sinistcha\n|-immune|p2b: Sinistcha\n|move|p2a: Absol|Night Slash|p1b: Sableye\n|-crit|p1b: Sableye\n|-damage|p1b: Sableye|0 fnt\n|faint|p1b: Sableye\n|\n|upkeep\n|turn|7\n|-message|tillt forfeited.\n|\n|win|lobasso\n|raw|tillt's rating: 1027 &rarr; <strong>1012</strong><br />(-15 for losing)\n|raw|lobasso's rating: 1000 &rarr; <strong>1043</strong><br />(+43 for winning)\n|l|☆tillt\n|player|p1|\n","uploadtime":1788400080,"views":"3","formatid":"gen9championsvgc2026regmb","rating":1012,"private":0,"password":null}