{"id":"gen9championsvgc2026regmbbo3-2674070595","format":"[Gen 9 Champions] VGC 2026 Reg M-B (Bo3)","players":["shred_ya","frankbaez77"],"log":"|j|☆shred_ya\n|j|☆frankbaez77\n|html|<table width=\"100%\"><tr><td align=\"left\">shred_ya</td><td align=\"right\">frankbaez77</tr><tr><td align=\"left\"><i class=\"fa fa-circle\"></i> <i class=\"fa fa-circle-o\"></i> </td><td align=\"right\"><i class=\"fa fa-circle-o\"></i> <i class=\"fa fa-circle\"></i> </tr></table>\n|uhtml|bestof|<h2><strong>Game 3</strong> of <a href=\"/game-bestof3-gen9championsvgc2026regmbbo3-2674065676\">a best-of-3</a></h2>\n|t:|1788295137\n|gametype|doubles\n|player|p1|shred_ya|266|1201\n|player|p2|frankbaez77|101|1143\n|gen|9\n|tier|[Gen 9 Champions] VGC 2026 Reg M-B (Bo3)\n|rated|\n|rule|Species Clause: Limit one of each Pokémon\n|rule|Item Clause: Limit 1 of each item\n|clearpoke\n|poke|p1|Kangaskhan, L50, F|\n|poke|p1|Farigiraf, L50, M|\n|poke|p1|Torkoal, L50, M|\n|poke|p1|Hatterene, L50, F|\n|poke|p1|Dragonite, L50, F|\n|poke|p1|Kingambit, L50, M|\n|poke|p2|Froslass, L50, F|\n|poke|p2|Dragonite, L50, M|\n|poke|p2|Toxapex, L50, F|\n|poke|p2|Sneasler, L50, F|\n|poke|p2|Kingambit, L50, M|\n|poke|p2|Blaziken, L50, F|\n|teampreview|4\n|showteam|p1|Kangaskhan||Kangaskhanite|Scrappy|FakeOut,DoubleEdge,HammerArm,SuckerPunch|Adamant||F|||50|]Farigiraf||ColburBerry|ArmorTail|TwinBeam,HelpingHand,TrickRoom,Thunderbolt|Relaxed||M|||50|]Torkoal||Charcoal|Drought|Eruption,HeatWave,EarthPower,Protect|Quiet||M|||50|]Hatterene||FocusSash|MagicBounce|Protect,DazzlingGleam,TrickRoom,Psychic|Quiet||F|||50|]Dragonite||LifeOrb|InnerFocus|ThunderPunch,Outrage,Haze,ExtremeSpeed|Brave||F|||50|]Kingambit||OccaBerry|Defiant|IronHead,SuckerPunch,KowtowCleave,LowKick|Brave||M|||50|\n|showteam|p2|Froslass||Froslassite|CursedBody|Blizzard,ShadowBall,AuroraVeil,Protect|Timid||F|||50|]Dragonite||LifeOrb|InnerFocus|DragonClaw,ExtremeSpeed,LowKick,Protect|Adamant||M|||50|]Toxapex||Leftovers|Regenerator|Infestation,Toxic,WideGuard,BanefulBunker|Bold||F|||50|]Sneasler||FocusSash|PoisonTouch|CloseCombat,PoisonJab,FakeOut,Protect|Jolly||F|||50|]Kingambit||BlackGlasses|Defiant|KowtowCleave,IronHead,SuckerPunch,Protect|Adamant||M|||50|]Blaziken||Blazikenite|SpeedBoost|CloseCombat,FlareBlitz,RockSlide,Protect|Adamant||F|||50|\n|\n|t:|1788295154\n|teamsize|p1|4\n|teamsize|p2|4\n|start\n|switch|p1a: Kangaskhan|Kangaskhan, L50, F|100/100\n|switch|p1b: Farigiraf|Farigiraf, L50, M|100/100\n|switch|p2a: Froslass|Froslass, L50, F|100/100\n|switch|p2b: Dragonite|Dragonite, L50, M|100/100\n|turn|1\n|\n|t:|1788295175\n|detailschange|p2a: Froslass|Froslass-Mega, L50, F\n|-mega|p2a: Froslass|Froslass|Froslassite\n|-weather|Snowscape|[from] ability: Snow Warning|[of] p2a: Froslass\n|move|p1a: Kangaskhan|Fake Out|p2a: Froslass\n|-damage|p2a: Froslass|83/100\n|cant|p2a: Froslass|flinch\n|move|p2b: Dragonite|Dragon Claw|p1b: Farigiraf\n|-damage|p1b: Farigiraf|51/100\n|-damage|p2b: Dragonite|90/100|[from] item: Life Orb\n|move|p1b: Farigiraf|Trick Room|p1b: Farigiraf\n|-fieldstart|move: Trick Room|[of] p1b: Farigiraf\n|\n|-weather|Snowscape|[upkeep]\n|upkeep\n|turn|2\n|\n|t:|1788295214\n|move|p2a: Froslass|Protect|p2a: Froslass\n|-singleturn|p2a: Froslass|Protect\n|move|p1b: Farigiraf|Thunderbolt|p2b: Dragonite\n|-damage|p2b: Dragonite|69/100\n|move|p2b: Dragonite|Dragon Claw|p1b: Farigiraf\n|-damage|p1b: Farigiraf|3/100\n|-damage|p2b: Dragonite|59/100|[from] item: Life Orb\n|move|p1a: Kangaskhan|Hammer Arm|p2a: Froslass\n|-activate|p2a: Froslass|move: Protect\n|\n|-weather|Snowscape|[upkeep]\n|upkeep\n|turn|3\n|\n|t:|1788295246\n|move|p1b: Farigiraf|Thunderbolt|p2b: Dragonite\n|-damage|p2b: Dragonite|39/100\n|move|p2b: Dragonite|Low Kick|p1a: Kangaskhan\n|-supereffective|p1a: Kangaskhan|1\n|-damage|p1a: Kangaskhan|15/100\n|-damage|p2b: Dragonite|29/100|[from] item: Life Orb\n|move|p1a: Kangaskhan|Hammer Arm|p2a: Froslass|[miss]\n|-miss|p1a: Kangaskhan|p2a: Froslass\n|move|p2a: Froslass|Blizzard|p1b: Farigiraf|[spread] p1a,p1b\n|-damage|p1a: Kangaskhan|0 fnt\n|-damage|p1b: Farigiraf|0 fnt\n|faint|p1a: Kangaskhan\n|faint|p1b: Farigiraf\n|\n|-weather|Snowscape|[upkeep]\n|upkeep\n|\n|t:|1788295260\n|switch|p1b: Hatterene|Hatterene, L50, F|100/100\n|switch|p1a: Torkoal|Torkoal, L50, M|100/100\n|-weather|SunnyDay|[from] ability: Drought|[of] p1a: Torkoal\n|turn|4\n|\n|t:|1788295294\n|move|p2b: Dragonite|Extreme Speed|p1a: Torkoal\n|-damage|p1a: Torkoal|70/100\n|-damage|p2b: Dragonite|20/100y|[from] item: Life Orb\n|move|p1a: Torkoal|Eruption|p2b: Dragonite|[spread] p2a,p2b\n|-supereffective|p2a: Froslass|1\n|-resisted|p2b: Dragonite|1\n|-damage|p2a: Froslass|0 fnt\n|-damage|p2b: Dragonite|0 fnt\n|faint|p2a: Froslass\n|faint|p2b: Dragonite\n|move|p1b: Hatterene|Dazzling Gleam|p2: Froslass|[notarget]\n|-fail|p1b: Hatterene\n|\n|-weather|SunnyDay|[upkeep]\n|upkeep\n|\n|t:|1788295310\n|switch|p2b: Kingambit|Kingambit, L50, M|100/100\n|switch|p2a: Sneasler|Sneasler, L50, F|100/100\n|turn|5\n|\n|t:|1788295349\n|move|p2a: Sneasler|Fake Out|p1a: Torkoal\n|-damage|p1a: Torkoal|59/100\n|cant|p1a: Torkoal|flinch\n|move|p1b: Hatterene|Dazzling Gleam|p2b: Kingambit|[spread] p2a,p2b\n|-damage|p2a: Sneasler|47/100\n|-damage|p2b: Kingambit|62/100\n|move|p2b: Kingambit|Iron Head|p1b: Hatterene\n|-supereffective|p1b: Hatterene|1\n|-enditem|p1b: Hatterene|Focus Sash\n|-damage|p1b: Hatterene|1/100\n|\n|-weather|SunnyDay|[upkeep]\n|-fieldend|move: Trick Room\n|upkeep\n|turn|6\n|\n|t:|1788295397\n|move|p2a: Sneasler|Close Combat|p1a: Torkoal\n|-damage|p1a: Torkoal|13/100\n|-unboost|p2a: Sneasler|def|1\n|-unboost|p2a: Sneasler|spd|1\n|move|p2b: Kingambit|Kowtow Cleave|p1b: Hatterene\n|-damage|p1b: Hatterene|0 fnt\n|faint|p1b: Hatterene\n|move|p1a: Torkoal|Heat Wave|p2a: Sneasler|[spread] p2a,p2b\n|-supereffective|p2b: Kingambit|1\n|-crit|p2b: Kingambit\n|-damage|p2a: Sneasler|0 fnt\n|-damage|p2b: Kingambit|0 fnt\n|faint|p2a: Sneasler\n|faint|p2b: Kingambit\n|\n|win|shred_ya\n|raw|shred_ya's rating: 1201 &rarr; <strong>1222</strong><br />(+21 for winning)\n|raw|frankbaez77's rating: 1143 &rarr; <strong>1122</strong><br />(-21 for losing)\n","uploadtime":1788295412,"views":"9","formatid":"gen9championsvgc2026regmbbo3","rating":1122,"private":0,"password":null}