{"id":"gen9championsvgc2026regmb-2674414232","format":"[Gen 9 Champions] VGC 2026 Reg M-B","players":["auridan","itabigloser"],"log":"|j|‽auridan\n|j|☆itabigloser\n|t:|1788356883\n|gametype|doubles\n|player|p1|auridan|1|1191\n|player|p2|itabigloser|hilbert|1214\n|gen|9\n|tier|[Gen 9 Champions] VGC 2026 Reg M-B\n|rated|\n|rule|Species Clause: Limit one of each Pokémon\n|rule|Item Clause: Limit 1 of each item\n|clearpoke\n|poke|p1|Trevenant, L50, M|\n|poke|p1|Oranguru, L50, F|\n|poke|p1|Farigiraf, L50, F|\n|poke|p1|Crabominable, L50, M|\n|poke|p1|Kingambit, L50, F|\n|poke|p1|Drampa, L50, M, shiny|\n|poke|p2|Staraptor, L50, M|\n|poke|p2|Floette-Eternal, L50, F|\n|poke|p2|Sinistcha, L50|\n|poke|p2|Whimsicott, L50, F|\n|poke|p2|Garchomp, L50, M|\n|poke|p2|Decidueye-Hisui, L50, F|\n|teampreview|4\n|\n|t:|1788356913\n|teamsize|p1|4\n|teamsize|p2|4\n|start\n|switch|p1a: Trevenant|Trevenant, L50, M|100/100\n|switch|p1b: Kingambit|Kingambit, L50, F|100/100\n|switch|p2a: Garchomp|Garchomp, L50, M|100/100\n|switch|p2b: Decidueye|Decidueye-Hisui, L50, F|100/100\n|-item|p2a: Garchomp|Choice Scarf|[from] ability: Frisk|[of] p1a: Trevenant\n|-item|p2b: Decidueye|Scope Lens|[from] ability: Frisk|[of] p1a: Trevenant\n|turn|1\n|inactive|Battle timer is ON: inactive players will automatically lose when time's up. (requested by itabigloser)\n|\n|t:|1788356947\n|move|p1b: Kingambit|Protect|p1b: Kingambit\n|-singleturn|p1b: Kingambit|Protect\n|move|p2a: Garchomp|Crunch|p1a: Trevenant\n|-supereffective|p1a: Trevenant|1\n|-damage|p1a: Trevenant|50/100y\n|move|p2b: Decidueye|Triple Arrows|p1b: Kingambit\n|-activate|p1b: Kingambit|move: Protect\n|move|p1a: Trevenant|Leech Seed|p2a: Garchomp\n|-start|p2a: Garchomp|move: Leech Seed\n|\n|-damage|p2a: Garchomp|87/100|[from] Leech Seed|[of] p1a: Trevenant\n|-heal|p1a: Trevenant|61/100|[silent]\n|upkeep\n|turn|2\n|\n|t:|1788356964\n|move|p1a: Trevenant|Ally Switch|p1a: Trevenant\n|swap|p1a: Trevenant|1|[from] move: Ally Switch\n|move|p2a: Garchomp|Crunch|p1a: Kingambit\n|-resisted|p1a: Kingambit|1\n|-damage|p1a: Kingambit|88/100\n|move|p2b: Decidueye|Triple Arrows|p1b: Trevenant\n|-damage|p1b: Trevenant|23/100\n|move|p1a: Kingambit|Swords Dance|p1a: Kingambit\n|-boost|p1a: Kingambit|atk|2\n|\n|-damage|p2a: Garchomp|75/100|[from] Leech Seed|[of] p1a: Kingambit\n|-heal|p1a: Kingambit|99/100|[silent]\n|upkeep\n|turn|3\n|\n|t:|1788356986\n|move|p1a: Kingambit|Protect|p1a: Kingambit\n|-singleturn|p1a: Kingambit|Protect\n|move|p2a: Garchomp|Crunch|p1b: Trevenant\n|-supereffective|p1b: Trevenant|1\n|-damage|p1b: Trevenant|0 fnt\n|faint|p1b: Trevenant\n|move|p2b: Decidueye|Triple Arrows|p1a: Kingambit\n|-activate|p1a: Kingambit|move: Protect\n|\n|-damage|p2a: Garchomp|63/100|[from] Leech Seed|[of] p1a: Kingambit\n|-heal|p1a: Kingambit|100/100|[silent]\n|upkeep\n|\n|t:|1788356997\n|switch|p1b: Oranguru|Oranguru, L50, F|100/100\n|turn|4\n|\n|t:|1788357005\n|move|p1a: Kingambit|Protect|p1a: Kingambit\n|-singleturn|p1a: Kingambit|Protect\n|move|p2a: Garchomp|Crunch|p1b: Oranguru\n|-supereffective|p1b: Oranguru|1\n|-damage|p1b: Oranguru|50/100g\n|move|p2b: Decidueye|Triple Arrows|p1a: Kingambit\n|-activate|p1a: Kingambit|move: Protect\n|move|p1b: Oranguru|Trick Room|p1b: Oranguru\n|-fieldstart|move: Trick Room|[of] p1b: Oranguru\n|\n|-damage|p2a: Garchomp|51/100|[from] Leech Seed|[of] p1a: Kingambit\n|upkeep\n|turn|5\n|\n|t:|1788357028\n|switch|p2a: Floette|Floette-Eternal, L50, F|100/100\n|move|p1a: Kingambit|Iron Head|p2b: Decidueye\n|-damage|p2b: Decidueye|0 fnt\n|faint|p2b: Decidueye\n|-damage|p1a: Kingambit|90/100|[from] item: Life Orb\n|move|p1b: Oranguru|Instruct|p1a: Kingambit\n|-singleturn|p1a: Kingambit|move: Instruct|[of] p1b: Oranguru\n|move|p1a: Kingambit|Iron Head|p2a: Floette\n|-supereffective|p2a: Floette|1\n|-crit|p2a: Floette\n|-damage|p2a: Floette|0 fnt\n|faint|p2a: Floette\n|-damage|p1a: Kingambit|80/100|[from] item: Life Orb\n|\n|upkeep\n|\n|t:|1788357049\n|switch|p2b: Garchomp|Garchomp, L50, M|51/100\n|switch|p2a: Sinistcha|Sinistcha, L50|100/100\n|-heal|p2b: Garchomp|76/100|[from] ability: Hospitality|[of] p2a: Sinistcha\n|turn|6\n|\n|t:|1788357057\n|move|p1a: Kingambit|Kowtow Cleave|p2a: Sinistcha\n|-supereffective|p2a: Sinistcha|1\n|-damage|p2a: Sinistcha|0 fnt\n|faint|p2a: Sinistcha\n|-damage|p1a: Kingambit|71/100|[from] item: Life Orb\n|move|p1b: Oranguru|Instruct|p1a: Kingambit\n|-singleturn|p1a: Kingambit|move: Instruct|[of] p1b: Oranguru\n|move|p1a: Kingambit|Kowtow Cleave|p2b: Garchomp\n|-damage|p2b: Garchomp|0 fnt\n|-damage|p1a: Kingambit|58/100|[from] ability: Rough Skin|[of] p2b: Garchomp\n|faint|p2b: Garchomp\n|-damage|p1a: Kingambit|49/100|[from] item: Life Orb\n|\n|win|auridan\n|raw|auridan's rating: 1191 &rarr; <strong>1218</strong><br />(+27 for winning)\n|raw|itabigloser's rating: 1214 &rarr; <strong>1187</strong><br />(-27 for losing)\n","uploadtime":1788357057,"views":"0","formatid":"gen9championsvgc2026regmb","rating":1187,"private":0,"password":null}