{"id":"gen9championsvgc2026regmb-2673992845","format":"[Gen 9 Champions] VGC 2026 Reg M-B","players":["xhackerchief","TheCoffeeBun"],"log":"|j|☆xhackerchief\n|j|☆TheCoffeeBun\n|t:|1788285822\n|gametype|doubles\n|player|p1|xhackerchief|hiker-gen4|1207\n|player|p2|TheCoffeeBun|2|1187\n|gen|9\n|tier|[Gen 9 Champions] VGC 2026 Reg M-B\n|rated|\n|rule|Species Clause: Limit one of each Pokémon\n|rule|Item Clause: Limit 1 of each item\n|clearpoke\n|poke|p1|Dragonite, L50, F|\n|poke|p1|Sneasler, L50, M, shiny|\n|poke|p1|Basculegion, L50, M|\n|poke|p1|Kingambit, L50, M, shiny|\n|poke|p1|Garchomp, L50, F, shiny|\n|poke|p1|Floette-Eternal, L50, F|\n|poke|p2|Altaria, L50, F|\n|poke|p2|Gengar, L50, F|\n|poke|p2|Vaporeon, L50, M|\n|poke|p2|Incineroar, L50, F|\n|poke|p2|Kingambit, L50, M|\n|poke|p2|Sneasler, L50, F|\n|teampreview|4\n|\n|t:|1788285871\n|teamsize|p1|4\n|teamsize|p2|4\n|start\n|switch|p1a: Dragonite|Dragonite, L50, F|100/100\n|switch|p1b: Kingambit|Kingambit, L50, M, shiny|100/100\n|switch|p2a: Gengar|Gengar, L50, F|100/100\n|switch|p2b: Vaporeon|Vaporeon, L50, M|100/100\n|turn|1\n|\n|t:|1788285893\n|detailschange|p2a: Gengar|Gengar-Mega, L50, F\n|-mega|p2a: Gengar|Gengar|Gengarite\n|detailschange|p1a: Dragonite|Dragonite-Mega, L50, F\n|-mega|p1a: Dragonite|Dragonite|Dragoninite\n|move|p2a: Gengar|Protect|p2a: Gengar\n|-singleturn|p2a: Gengar|Protect\n|move|p1a: Dragonite|Dragon Pulse|p2b: Vaporeon\n|-crit|p2b: Vaporeon\n|-damage|p2b: Vaporeon|41/100\n|move|p2b: Vaporeon|Yawn|p1b: Kingambit\n|-start|p1b: Kingambit|move: Yawn|[of] p2b: Vaporeon\n|move|p1b: Kingambit|Kowtow Cleave|p2a: Gengar\n|-activate|p2a: Gengar|move: Protect\n|\n|-heal|p2b: Vaporeon|47/100|[from] item: Leftovers\n|upkeep\n|turn|2\n|\n|t:|1788285921\n|switch|p2a: Kingambit|Kingambit, L50, M|100/100\n|move|p1a: Dragonite|Dragon Pulse|p2a: Kingambit\n|-resisted|p2a: Kingambit|1\n|-damage|p2a: Kingambit|68/100\n|move|p2b: Vaporeon|Yawn|p1a: Dragonite\n|-start|p1a: Dragonite|move: Yawn|[of] p2b: Vaporeon\n|move|p1b: Kingambit|Kowtow Cleave|p2b: Vaporeon\n|-damage|p2b: Vaporeon|12/100\n|\n|-heal|p2b: Vaporeon|18/100|[from] item: Leftovers\n|-end|p1b: Kingambit|move: Yawn|[silent]\n|-status|p1b: Kingambit|slp\n|upkeep\n|turn|3\n|\n|t:|1788285944\n|switch|p1b: Basculegion|Basculegion, L50, M|100/100\n|move|p1a: Dragonite|Heat Wave|p2b: Vaporeon|[spread] p2a\n|-miss|p1a: Dragonite|p2b: Vaporeon\n|-supereffective|p2a: Kingambit|1\n|-damage|p2a: Kingambit|0 fnt\n|faint|p2a: Kingambit\n|move|p2b: Vaporeon|Yawn||[still]\n|-fail|p2b: Vaporeon\n|\n|-heal|p2b: Vaporeon|24/100|[from] item: Leftovers\n|-end|p1a: Dragonite|move: Yawn|[silent]\n|-status|p1a: Dragonite|slp\n|upkeep\n|\n|t:|1788285954\n|switch|p2a: Gengar|Gengar-Mega, L50, F|100/100\n|turn|4\n|\n|t:|1788285987\n|move|p2a: Gengar|Protect|p2a: Gengar\n|-singleturn|p2a: Gengar|Protect\n|cant|p1a: Dragonite|slp\n|move|p1b: Basculegion|Last Respects|p2b: Vaporeon\n|-damage|p2b: Vaporeon|0 fnt\n|faint|p2b: Vaporeon\n|-damage|p1b: Basculegion|90/100|[from] item: Life Orb\n|\n|upkeep\n|\n|t:|1788285995\n|switch|p2b: Incineroar|Incineroar, L50, F|100/100\n|-ability|p2b: Incineroar|Intimidate|boost\n|-unboost|p1a: Dragonite|atk|1\n|-unboost|p1b: Basculegion|atk|1\n|turn|5\n|\n|t:|1788286011\n|move|p2a: Gengar|Shadow Ball|p1b: Basculegion\n|-supereffective|p1b: Basculegion|1\n|-damage|p1b: Basculegion|0 fnt\n|faint|p1b: Basculegion\n|cant|p1a: Dragonite|slp\n|move|p2b: Incineroar|Flare Blitz|p1a: Dragonite\n|-resisted|p1a: Dragonite|1\n|-damage|p1a: Dragonite|89/100 slp\n|-damage|p2b: Incineroar|97/100|[from] Recoil\n|\n|upkeep\n|-message|TheCoffeeBun forfeited.\n|\n|win|xhackerchief\n|raw|xhackerchief's rating: 1207 &rarr; <strong>1231</strong><br />(+24 for winning)\n|raw|TheCoffeeBun's rating: 1187 &rarr; <strong>1163</strong><br />(-24 for losing)\n|l|☆TheCoffeeBun\n|player|p2|\n","uploadtime":1788286041,"views":"2","formatid":"gen9championsvgc2026regmb","rating":1163,"private":0,"password":null}