{"id":"gen9championsvgc2026regmb-2673852166","format":"[Gen 9 Champions] VGC 2026 Reg M-B","players":["MartinJStark","Number_JU4N"],"log":"|j|☆MartinJStark\n|j|‽Number_JU4N\n|t:|1788268585\n|gametype|doubles\n|player|p1|MartinJStark|102|1462\n|player|p2|Number_JU4N|ethan|1362\n|gen|9\n|tier|[Gen 9 Champions] VGC 2026 Reg M-B\n|rated|\n|rule|Species Clause: Limit one of each Pokémon\n|rule|Item Clause: Limit 1 of each item\n|clearpoke\n|poke|p1|Floette-Eternal, L50, F|\n|poke|p1|Incineroar, L50, M|\n|poke|p1|Garchomp, L50, F|\n|poke|p1|Sinistcha, L50|\n|poke|p1|Kingambit, L50, M|\n|poke|p1|Sneasler, L50, F|\n|poke|p2|Tyranitar, L50, F|\n|poke|p2|Arcanine, L50, M|\n|poke|p2|Whimsicott, L50, F|\n|poke|p2|Aggron, L50, F|\n|poke|p2|Milotic, L50, M|\n|poke|p2|Delphox, L50, F|\n|teampreview|4\n|inactive|Battle timer is ON: inactive players will automatically lose when time's up. (requested by MartinJStark)\n|inactive|MartinJStark has 60 seconds left.\n|inactive|Number_JU4N has 60 seconds left.\n|inactive|MartinJStark has 30 seconds left.\n|inactive|MartinJStark has 20 seconds left.\n|inactive|MartinJStark has 15 seconds left.\n|inactive|MartinJStark has 10 seconds left.\n|\n|t:|1788268666\n|teamsize|p1|4\n|teamsize|p2|4\n|start\n|switch|p1a: Sneasler|Sneasler, L50, F|100/100\n|switch|p1b: Garchomp|Garchomp, L50, F|100/100\n|switch|p2a: Whimsicott|Whimsicott, L50, F|100/100\n|switch|p2b: Aggron|Aggron, L50, F|100/100\n|turn|1\n|\n|t:|1788268679\n|detailschange|p1b: Garchomp|Garchomp-Mega, L50, F\n|-mega|p1b: Garchomp|Garchomp|Garchompite\n|detailschange|p2b: Aggron|Aggron-Mega, L50, F\n|-mega|p2b: Aggron|Aggron|Aggronite\n|move|p1a: Sneasler|Close Combat|p2b: Aggron\n|-supereffective|p2b: Aggron|1\n|-damage|p2b: Aggron|55/100\n|-unboost|p1a: Sneasler|def|1\n|-unboost|p1a: Sneasler|spd|1\n|move|p2a: Whimsicott|Moonblast|p1b: Garchomp\n|-supereffective|p1b: Garchomp|1\n|-damage|p1b: Garchomp|34/100\n|move|p1b: Garchomp|Stomping Tantrum|p2b: Aggron\n|-supereffective|p2b: Aggron|1\n|-damage|p2b: Aggron|24/100\n|move|p2b: Aggron|Iron Defense|p2b: Aggron\n|-boost|p2b: Aggron|def|2\n|\n|upkeep\n|turn|2\n|inactive|MartinJStark has 30 seconds left.\n|inactive|MartinJStark has 20 seconds left.\n|\n|t:|1788268715\n|switch|p1b: Incineroar|Incineroar, L50, M|100/100\n|-ability|p1b: Incineroar|Intimidate|boost\n|-unboost|p2a: Whimsicott|atk|1\n|-unboost|p2b: Aggron|atk|1\n|move|p2b: Aggron|Protect|p2b: Aggron\n|-singleturn|p2b: Aggron|Protect\n|move|p1a: Sneasler|Close Combat|p2b: Aggron\n|-activate|p2b: Aggron|move: Protect\n|move|p2a: Whimsicott|Moonblast|p1b: Incineroar\n|-damage|p1b: Incineroar|70/100\n|\n|-heal|p1b: Incineroar|76/100|[from] item: Leftovers\n|upkeep\n|turn|3\n|\n|t:|1788268738\n|move|p1b: Incineroar|Helping Hand|p1a: Sneasler\n|-singleturn|p1a: Sneasler|Helping Hand|[of] p1b: Incineroar\n|move|p1a: Sneasler|Close Combat|p2b: Aggron\n|-supereffective|p2b: Aggron|1\n|-damage|p2b: Aggron|0 fnt\n|-unboost|p1a: Sneasler|def|1\n|-unboost|p1a: Sneasler|spd|1\n|faint|p2b: Aggron\n|move|p2a: Whimsicott|Moonblast|p1a: Sneasler\n|-damage|p1a: Sneasler|5/100\n|\n|-heal|p1b: Incineroar|82/100|[from] item: Leftovers\n|upkeep\n|\n|t:|1788268752\n|switch|p2b: Arcanine|Arcanine, L50, M|100/100\n|-ability|p2b: Arcanine|Intimidate|boost\n|-unboost|p1a: Sneasler|atk|1\n|-unboost|p1b: Incineroar|atk|1\n|turn|4\n|inactive|MartinJStark has 30 seconds left.\n|\n|t:|1788268782\n|move|p2b: Arcanine|Extreme Speed|p1a: Sneasler\n|-damage|p1a: Sneasler|0 fnt\n|faint|p1a: Sneasler\n|move|p2a: Whimsicott|Moonblast|p1b: Incineroar\n|-damage|p1b: Incineroar|54/100\n|move|p1b: Incineroar|Parting Shot|p2b: Arcanine\n|-unboost|p2b: Arcanine|atk|1\n|-unboost|p2b: Arcanine|spa|1\n|\n|t:|1788268793\n|switch|p1b: Floette|Floette-Eternal, L50, F|100/100|[from] Parting Shot\n|\n|upkeep\n|\n|t:|1788268797\n|switch|p1a: Incineroar|Incineroar, L50, M|54/100\n|-ability|p1a: Incineroar|Intimidate|boost\n|-unboost|p2a: Whimsicott|atk|1\n|-unboost|p2b: Arcanine|atk|1\n|turn|5\n|\n|t:|1788268816\n|move|p1a: Incineroar|Fake Out|p2b: Arcanine\n|-damage|p2b: Arcanine|86/100\n|move|p2a: Whimsicott|Moonblast|p1a: Incineroar\n|-damage|p1a: Incineroar|25/100\n|-unboost|p1a: Incineroar|spa|1\n|cant|p2b: Arcanine|flinch\n|move|p1b: Floette|Calm Mind|p1b: Floette\n|-boost|p1b: Floette|spa|1\n|-boost|p1b: Floette|spd|1\n|\n|-heal|p1a: Incineroar|31/100|[from] item: Leftovers\n|upkeep\n|turn|6\n|inactive|MartinJStark has 30 seconds left.\n|inactive|Number_JU4N has 30 seconds left.\n|\n|t:|1788268847\n|move|p2a: Whimsicott|Encore|p1a: Incineroar\n|-hint|Since gen 7, Dark is immune to Prankster moves.\n|-immune|p1a: Incineroar\n|move|p2b: Arcanine|Snarl|p1a: Incineroar|[spread] p1a,p1b\n|-resisted|p1a: Incineroar|1\n|-resisted|p1b: Floette|1\n|-damage|p1a: Incineroar|28/100\n|-damage|p1b: Floette|98/100\n|-unboost|p1a: Incineroar|spa|1\n|-unboost|p1b: Floette|spa|1\n|move|p1b: Floette|Draining Kiss|p2a: Whimsicott\n|-damage|p2a: Whimsicott|62/100\n|-heal|p1b: Floette|100/100|[from] drain|[of] p2a: Whimsicott\n|move|p1a: Incineroar|Flare Blitz|p2a: Whimsicott\n|-supereffective|p2a: Whimsicott|1\n|-damage|p2a: Whimsicott|0 fnt\n|faint|p2a: Whimsicott\n|-damage|p1a: Incineroar|14/100|[from] Recoil\n|\n|-heal|p1a: Incineroar|20/100y|[from] item: Leftovers\n|upkeep\n|\n|t:|1788268863\n|switch|p2a: Milotic|Milotic, L50, M|100/100\n|turn|7\n|inactive|MartinJStark has 30 seconds left.\n|\n|t:|1788268892\n|move|p2b: Arcanine|Extreme Speed|p1a: Incineroar\n|-crit|p1a: Incineroar\n|-damage|p1a: Incineroar|0 fnt\n|faint|p1a: Incineroar\n|move|p1b: Floette|Calm Mind|p1b: Floette\n|-boost|p1b: Floette|spa|1\n|-boost|p1b: Floette|spd|1\n|move|p2a: Milotic|Icy Wind|p1b: Floette\n|-damage|p1b: Floette|94/100\n|-unboost|p1b: Floette|spe|1\n|\n|upkeep\n|\n|t:|1788268896\n|switch|p1a: Garchomp|Garchomp-Mega, L50, F|34/100\n|turn|8\n|inactive|Number_JU4N has 30 seconds left.\n|\n|t:|1788268922\n|move|p2b: Arcanine|Will-O-Wisp|p1a: Garchomp\n|-status|p1a: Garchomp|brn\n|move|p1a: Garchomp|Stomping Tantrum|p2b: Arcanine\n|-supereffective|p2b: Arcanine|1\n|-damage|p2b: Arcanine|19/100\n|-enditem|p2b: Arcanine|Sitrus Berry|[eat]\n|-heal|p2b: Arcanine|43/100|[from] item: Sitrus Berry\n|move|p2a: Milotic|Icy Wind|p1a: Garchomp|[spread] p1a,p1b\n|-supereffective|p1a: Garchomp|2\n|-crit|p1b: Floette\n|-damage|p1a: Garchomp|0 fnt\n|-damage|p1b: Floette|81/100\n|-unboost|p1b: Floette|spe|1\n|faint|p1a: Garchomp\n|move|p1b: Floette|Calm Mind|p1b: Floette\n|-boost|p1b: Floette|spa|1\n|-boost|p1b: Floette|spd|1\n|\n|upkeep\n|turn|9\n|\n|t:|1788268941\n|move|p2b: Arcanine|Snarl|p1b: Floette\n|-resisted|p1b: Floette|1\n|-damage|p1b: Floette|79/100\n|-unboost|p1b: Floette|spa|1\n|move|p2a: Milotic|Scald|p1b: Floette\n|-damage|p1b: Floette|70/100\n|move|p1b: Floette|Draining Kiss|p2b: Arcanine\n|-resisted|p2b: Arcanine|1\n|-crit|p2b: Arcanine\n|-damage|p2b: Arcanine|13/100\n|-heal|p1b: Floette|92/100|[from] drain|[of] p2b: Arcanine\n|\n|upkeep\n|turn|10\n|\n|t:|1788268957\n|move|p2b: Arcanine|Snarl|p1b: Floette\n|-resisted|p1b: Floette|1\n|-damage|p1b: Floette|90/100\n|-unboost|p1b: Floette|spa|1\n|move|p2a: Milotic|Scald|p1b: Floette\n|-damage|p1b: Floette|81/100\n|move|p1b: Floette|Draining Kiss|p2b: Arcanine\n|-resisted|p2b: Arcanine|1\n|-damage|p2b: Arcanine|0 fnt\n|-heal|p1b: Floette|91/100|[from] drain|[of] p2b: Arcanine\n|faint|p2b: Arcanine\n|\n|upkeep\n|turn|11\n|inactive|MartinJStark has 30 seconds left.\n|inactive|MartinJStark has 20 seconds left.\n|inactive|MartinJStark has 15 seconds left.\n|\n|t:|1788268998\n|move|p2a: Milotic|Scald|p1b: Floette\n|-damage|p1b: Floette|81/100\n|move|p1b: Floette|Calm Mind|p1b: Floette\n|-boost|p1b: Floette|spa|1\n|-boost|p1b: Floette|spd|1\n|\n|upkeep\n|turn|12\n|\n|t:|1788269004\n|move|p2a: Milotic|Scald|p1b: Floette\n|-damage|p1b: Floette|74/100\n|move|p1b: Floette|Calm Mind|p1b: Floette\n|-boost|p1b: Floette|spa|1\n|-boost|p1b: Floette|spd|1\n|\n|upkeep\n|turn|13\n|-message|Number_JU4N forfeited.\n|\n|win|MartinJStark\n|raw|MartinJStark's rating: 1462 &rarr; <strong>1476</strong><br />(+14 for winning)\n|raw|Number_JU4N's rating: 1362 &rarr; <strong>1348</strong><br />(-14 for losing)\n|l|‽Number_JU4N\n|player|p2|\n","uploadtime":1788269016,"views":"17","formatid":"gen9championsvgc2026regmb","rating":1348,"private":0,"password":null}