{"id":"gen9championsvgc2026regmb-2674192779","format":"[Gen 9 Champions] VGC 2026 Reg M-B","players":["PKMNSGaming!","Donjozo"],"log":"|j|☆PKMNSGaming!\n|j|☆Donjozo\n|html|<table width=\"100%\"><tr><td align=\"left\">PKMNSGaming!</td><td align=\"right\">Donjozo</tr><tr><td align=\"left\"><i class=\"fa fa-circle-o\"></i> <i class=\"fa fa-circle-o\"></i> </td><td align=\"right\"><i class=\"fa fa-circle-o\"></i> <i class=\"fa fa-circle-o\"></i> </tr></table>\n|uhtml|bestof|<h2><strong>Game 1</strong> of <a href=\"/game-bestof3-gen9championsvgc2026regmb-2674192778\">a best-of-3</a></h2>\n|t:|1788313218\n|gametype|doubles\n|player|p1|PKMNSGaming!|hilda|\n|player|p2|Donjozo|guzma|\n|gen|9\n|tier|[Gen 9 Champions] VGC 2026 Reg M-B\n|rule|Species Clause: Limit one of each Pokémon\n|rule|Item Clause: Limit 1 of each item\n|raw|<div class=\"infobox\"><details class=\"readmore\" open><summary><strong>2 custom rules:</strong></summary> Best of = 3, !OpenTeamSheets</details></div>\n|clearpoke\n|poke|p1|Aerodactyl, L50, F|\n|poke|p1|Milotic, L50, M|\n|poke|p1|Clefable, L50, M|\n|poke|p1|Floette-Eternal, L50, F|\n|poke|p1|Kangaskhan, L50, F|\n|poke|p1|Krookodile, L50, F|\n|poke|p2|Charizard, L50, F|\n|poke|p2|Aerodactyl, L50, F|\n|poke|p2|Sableye, L50, M|\n|poke|p2|Venusaur, L50, M|\n|poke|p2|Alakazam, L50, M|\n|poke|p2|Oranguru, L50, F|\n|teampreview|4\n|\n|t:|1788313242\n|teamsize|p1|4\n|teamsize|p2|4\n|start\n|switch|p1a: Floette|Floette-Eternal, L50, F|100/100\n|switch|p1b: Kangaskhan|Kangaskhan, L50, F|100/100\n|switch|p2a: Venusaur|Venusaur, L50, M|100/100\n|switch|p2b: Charizard|Charizard, L50, F|100/100\n|turn|1\n|\n|t:|1788313269\n|detailschange|p2b: Charizard|Charizard-Mega-Y, L50, F\n|-mega|p2b: Charizard|Charizard|Charizardite Y\n|-weather|SunnyDay|[from] ability: Drought|[of] p2b: Charizard\n|detailschange|p1a: Floette|Floette-Mega, L50, F\n|-mega|p1a: Floette|Floette|Floettite\n|-ability|p1a: Floette|Fairy Aura\n|move|p1b: Kangaskhan|Fake Out|p2a: Venusaur\n|-damage|p2a: Venusaur|71/100\n|cant|p2a: Venusaur|flinch\n|move|p1a: Floette|Psychic|p2a: Venusaur\n|-supereffective|p2a: Venusaur|1\n|-damage|p2a: Venusaur|0 fnt\n|faint|p2a: Venusaur\n|move|p2b: Charizard|Weather Ball|p1a: Floette\n|-damage|p1a: Floette|17/100\n|\n|-weather|SunnyDay|[upkeep]\n|upkeep\n|\n|t:|1788313285\n|switch|p2a: Aerodactyl|Aerodactyl, L50, F|100/100\n|-ability|p2a: Aerodactyl|Unnerve\n|turn|2\n|\n|t:|1788313334\n|move|p2a: Aerodactyl|Tailwind|p2a: Aerodactyl\n|-sidestart|p2: Donjozo|move: Tailwind\n|move|p2b: Charizard|Heat Wave|p1a: Floette|[spread] p1a,p1b\n|-crit|p1a: Floette\n|-damage|p1a: Floette|0 fnt\n|-damage|p1b: Kangaskhan|24/100\n|faint|p1a: Floette\n|move|p1b: Kangaskhan|Double-Edge|p2b: Charizard\n|-damage|p2b: Charizard|11/100\n|-damage|p1b: Kangaskhan|0 fnt|[from] Recoil\n|faint|p1b: Kangaskhan\n|\n|-weather|SunnyDay|[upkeep]\n|upkeep\n|\n|t:|1788313342\n|switch|p1a: Clefable|Clefable, L50, M|100/100\n|switch|p1b: Aerodactyl|Aerodactyl, L50, F|100/100\n|-ability|p1b: Aerodactyl|Unnerve\n|turn|3\n|\n|t:|1788313391\n|move|p1b: Aerodactyl|Wide Guard|p1b: Aerodactyl\n|-singleturn|p1b: Aerodactyl|Wide Guard\n|move|p2a: Aerodactyl|Iron Head|p1b: Aerodactyl\n|-supereffective|p1b: Aerodactyl|1\n|-damage|p1b: Aerodactyl|0 fnt\n|faint|p1b: Aerodactyl\n|move|p2b: Charizard|Heat Wave|p1a: Clefable\n|-activate|p1a: Clefable|move: Wide Guard\n|move|p1a: Clefable|Moonblast|p2b: Charizard\n|-resisted|p2b: Charizard|1\n|-damage|p2b: Charizard|0 fnt\n|faint|p2b: Charizard\n|\n|-weather|SunnyDay|[upkeep]\n|upkeep\n|\n|t:|1788313400\n|switch|p2b: Sableye|Sableye, L50, M|100/100\n|turn|4\n|\n|t:|1788313413\n|move|p2b: Sableye|Fake Out|p1a: Clefable\n|-damage|p1a: Clefable|91/100\n|move|p2a: Aerodactyl|Iron Head|p1a: Clefable\n|-supereffective|p1a: Clefable|1\n|-damage|p1a: Clefable|22/100\n|cant|p1a: Clefable|flinch\n|\n|-weather|SunnyDay|[upkeep]\n|upkeep\n|turn|5\n|\n|t:|1788313423\n|move|p2a: Aerodactyl|Iron Head|p1a: Clefable\n|-supereffective|p1a: Clefable|1\n|-damage|p1a: Clefable|0 fnt\n|faint|p1a: Clefable\n|\n|win|Donjozo\n||Donjozo is ready for game 2.\n","uploadtime":1788313430,"views":"2","formatid":"gen9championsvgc2026regmb","rating":null,"private":0,"password":null}