{"id":"gen9championsvgc2026regmbbo3-2673582983","format":"[Gen 9 Champions] VGC 2026 Reg M-B (Bo3)","players":["boodsy","dannybannany"],"log":"|j|☆boodsy\n|j|☆dannybannany\n|html|<table width=\"100%\"><tr><td align=\"left\">boodsy</td><td align=\"right\">dannybannany</tr><tr><td align=\"left\"><i class=\"fa fa-circle\"></i> <i class=\"fa fa-circle-o\"></i> </td><td align=\"right\"><i class=\"fa fa-circle-o\"></i> <i class=\"fa fa-circle-o\"></i> </tr></table>\n|uhtml|bestof|<h2><strong>Game 2</strong> of <a href=\"/game-bestof3-gen9championsvgc2026regmbbo3-2673581220\">a best-of-3</a></h2>\n|t:|1788216626\n|gametype|doubles\n|player|p1|boodsy|roxie|\n|player|p2|dannybannany|boarder|\n|gen|9\n|tier|[Gen 9 Champions] VGC 2026 Reg M-B (Bo3)\n|rule|Species Clause: Limit one of each Pokémon\n|rule|Item Clause: Limit 1 of each item\n|clearpoke\n|poke|p1|Froslass, L50, F, shiny|\n|poke|p1|Slowking, L50, M, shiny|\n|poke|p1|Ninetales-Alola, L50, M|\n|poke|p1|Sneasler, L50, F|\n|poke|p1|Lucario, L50, M|\n|poke|p1|Camerupt, L50, M, shiny|\n|poke|p2|Arcanine-Hisui, L50, M|\n|poke|p2|Greninja, L50, M|\n|poke|p2|Tsareena, L50, F|\n|poke|p2|Skeledirge, L50, M|\n|poke|p2|Kingambit, L50, M|\n|poke|p2|Sinistcha, L50|\n|teampreview|4\n|showteam|p1|Froslass||Froslassite|SnowCloak|Blizzard,ShadowBall,Thunderbolt,Protect|Timid||F|||50|]Slowking||Leftovers|Regenerator|ChillyReception,Scald,GrassKnot,TrickRoom|Relaxed||M|||50|]Ninetales-Alola||FocusSash|SnowWarning|AuroraVeil,IcyWind,FreezeDry,ChillingWater|Timid||M|||50|]Sneasler||WhiteHerb|Unburden|DireClaw,FakeOut,RockSlide,CloseCombat|Adamant||F|||50|]Lucario||ExpertBelt|Justified|DrainPunch,BoneRush,MeteorMash,Protect|Jolly||M|||50|]Camerupt||Cameruptite|MagmaArmor|HeatWave,EarthPower,Protect,Earthquake|Naive||M|||50|\n|showteam|p2|Arcanine-Hisui||Charcoal|RockHead|FlareBlitz,HeadSmash,ExtremeSpeed,Protect|Adamant||M|||50|]Greninja||Greninjite|Protean|DarkPulse,HydroPump,IceBeam,Protect|Timid||M|||50|]Tsareena||WideLens|QueenlyMajesty|PowerWhip,TripleAxel,LowKick,Protect|Adamant||F|||50|]Skeledirge||SitrusBerry|Unaware|TorchSong,ShadowBall,SlackOff,Protect|Modest||M|||50|]Kingambit||BlackGlasses|Defiant|KowtowCleave,SuckerPunch,IronHead,Protect|Adamant||M|||50|]Sinistcha||MentalHerb|Hospitality|MatchaGotcha,RagePowder,TrickRoom,LifeDew|Relaxed|||||50|\n|\n|t:|1788216663\n|teamsize|p1|4\n|teamsize|p2|4\n|start\n|switch|p1a: Ninetales|Ninetales-Alola, L50, M|100/100\n|switch|p1b: Sneasler|Sneasler, L50, F|100/100\n|switch|p2a: Greninja|Greninja, L50, M|100/100\n|switch|p2b: Sinistcha|Sinistcha, L50|100/100\n|-weather|Snowscape|[from] ability: Snow Warning|[of] p1a: Ninetales\n|turn|1\n|\n|t:|1788216697\n|move|p2a: Greninja|Protect|p2a: Greninja\n|-start|p2a: Greninja|typechange|Normal|[from] ability: Protean\n|-singleturn|p2a: Greninja|Protect\n|move|p1a: Ninetales|Freeze-Dry|p2b: Sinistcha\n|-supereffective|p2b: Sinistcha|1\n|-damage|p2b: Sinistcha|41/100\n|move|p1b: Sneasler|Dire Claw|p2b: Sinistcha\n|-damage|p2b: Sinistcha|6/100\n|-status|p2b: Sinistcha|slp\n|cant|p2b: Sinistcha|slp\n|\n|-weather|Snowscape|[upkeep]\n|upkeep\n|turn|2\n|\n|t:|1788216728\n|detailschange|p2a: Greninja|Greninja-Mega, L50, M\n|-mega|p2a: Greninja|Greninja|Greninjite\n|move|p2a: Greninja|Hydro Pump|p1a: Ninetales\n|-start|p2a: Greninja|typechange|Water|[from] ability: Protean\n|-damage|p1a: Ninetales|30/100\n|move|p1a: Ninetales|Icy Wind|p2a: Greninja|[spread] p2a,p2b\n|-resisted|p2a: Greninja|1\n|-supereffective|p2b: Sinistcha|1\n|-damage|p2a: Greninja|87/100\n|-damage|p2b: Sinistcha|0 fnt\n|-unboost|p2a: Greninja|spe|1\n|faint|p2b: Sinistcha\n|move|p1b: Sneasler|Close Combat|p2a: Greninja\n|-damage|p2a: Greninja|0 fnt\n|-unboost|p1b: Sneasler|def|1\n|-unboost|p1b: Sneasler|spd|1\n|faint|p2a: Greninja\n|-enditem|p1b: Sneasler|White Herb\n|-clearnegativeboost|p1b: Sneasler|[silent]\n|\n|-weather|Snowscape|[upkeep]\n|upkeep\n|\n|t:|1788216747\n|switch|p2a: Kingambit|Kingambit, L50, M|100/100\n|switch|p2b: Skeledirge|Skeledirge, L50, M|100/100\n|turn|3\n|\n|t:|1788216766\n|move|p1b: Sneasler|Rock Slide|p2b: Skeledirge|[spread] p2a,p2b\n|-resisted|p2a: Kingambit|1\n|-supereffective|p2b: Skeledirge|1\n|-damage|p2a: Kingambit|91/100\n|-damage|p2b: Skeledirge|62/100\n|move|p1a: Ninetales|Chilling Water|p2b: Skeledirge\n|-supereffective|p2b: Skeledirge|1\n|-damage|p2b: Skeledirge|33/100\n|-unboost|p2b: Skeledirge|atk|1\n|-enditem|p2b: Skeledirge|Sitrus Berry|[eat]\n|-heal|p2b: Skeledirge|58/100|[from] item: Sitrus Berry\n|move|p2b: Skeledirge|Shadow Ball|p1b: Sneasler\n|-damage|p1b: Sneasler|45/100\n|move|p2a: Kingambit|Iron Head|p1a: Ninetales\n|-supereffective|p1a: Ninetales|2\n|-damage|p1a: Ninetales|0 fnt\n|faint|p1a: Ninetales\n|\n|-weather|Snowscape|[upkeep]\n|upkeep\n|\n|t:|1788216769\n|switch|p1a: Camerupt|Camerupt, L50, M, shiny|100/100\n|turn|4\n|\n|t:|1788216795\n|detailschange|p1a: Camerupt|Camerupt-Mega, L50, M, shiny\n|-mega|p1a: Camerupt|Camerupt|Cameruptite\n|move|p2a: Kingambit|Protect|p2a: Kingambit\n|-singleturn|p2a: Kingambit|Protect\n|move|p1b: Sneasler|Rock Slide|p2b: Skeledirge|[spread] p2b\n|-activate|p2a: Kingambit|move: Protect\n|-supereffective|p2b: Skeledirge|1\n|-damage|p2b: Skeledirge|25/100\n|move|p2b: Skeledirge|Slack Off|p2b: Skeledirge\n|-heal|p2b: Skeledirge|75/100\n|move|p1a: Camerupt|Earthquake|p2a: Kingambit|[spread] p1b,p2b\n|-activate|p2a: Kingambit|move: Protect\n|-supereffective|p1b: Sneasler|1\n|-supereffective|p2b: Skeledirge|1\n|-damage|p1b: Sneasler|0 fnt\n|-damage|p2b: Skeledirge|24/100\n|faint|p1b: Sneasler\n|\n|-weather|Snowscape|[upkeep]\n|upkeep\n|\n|t:|1788216800\n|switch|p1b: Lucario|Lucario, L50, M|100/100\n|turn|5\n|\n|t:|1788216817\n|move|p2a: Kingambit|Protect|p2a: Kingambit\n|-singleturn|p2a: Kingambit|Protect\n|move|p1b: Lucario|Drain Punch|p2a: Kingambit\n|-activate|p2a: Kingambit|move: Protect\n|move|p2b: Skeledirge|Slack Off|p2b: Skeledirge\n|-heal|p2b: Skeledirge|74/100\n|move|p1a: Camerupt|Earth Power|p2b: Skeledirge\n|-supereffective|p2b: Skeledirge|1\n|-damage|p2b: Skeledirge|0 fnt\n|faint|p2b: Skeledirge\n|\n|-weather|none\n|upkeep\n|turn|6\n|\n|t:|1788216836\n|move|p1b: Lucario|Drain Punch|p2a: Kingambit\n|-supereffective|p2a: Kingambit|2\n|-damage|p2a: Kingambit|0 fnt\n|faint|p2a: Kingambit\n|\n|win|boodsy\n|c|☆boodsy|ggs\n","uploadtime":1788216841,"views":"3","formatid":"gen9championsvgc2026regmbbo3","rating":null,"private":0,"password":null}