{"id":"gen9championsvgc2026regmbbo3-2673728840","format":"[Gen 9 Champions] VGC 2026 Reg M-B (Bo3)","players":["Chessnuts VGC","wizzcoaster"],"log":"|j|☆Chessnuts VGC\n|j|☆wizzcoaster\n|html|<table width=\"100%\"><tr><td align=\"left\">Chessnuts VGC</td><td align=\"right\">wizzcoaster</tr><tr><td align=\"left\"><i class=\"fa fa-circle-o\"></i> <i class=\"fa fa-circle-o\"></i> </td><td align=\"right\"><i class=\"fa fa-circle-o\"></i> <i class=\"fa fa-circle-o\"></i> </tr></table>\n|uhtml|bestof|<h2><strong>Game 1</strong> of <a href=\"/game-bestof3-gen9championsvgc2026regmbbo3-2673728837\">a best-of-3</a></h2>\n|t:|1788242194\n|gametype|doubles\n|player|p1|Chessnuts VGC|hilbert|1152\n|player|p2|wizzcoaster|adaman-masters|1240\n|gen|9\n|tier|[Gen 9 Champions] VGC 2026 Reg M-B (Bo3)\n|rated|\n|rule|Species Clause: Limit one of each Pokémon\n|rule|Item Clause: Limit 1 of each item\n|clearpoke\n|poke|p1|Froslass, L50, F|\n|poke|p1|Scovillain, L50, M, shiny|\n|poke|p1|Basculegion, L50, M|\n|poke|p1|Kingambit, L50, M|\n|poke|p1|Sneasler, L50, M|\n|poke|p1|Lycanroc-Dusk, L50, F|\n|poke|p2|Scovillain, L50, M, shiny|\n|poke|p2|Basculegion, L50, M|\n|poke|p2|Kingambit, L50, M|\n|poke|p2|Sneasler, L50, F|\n|poke|p2|Lycanroc-Dusk, L50, F|\n|poke|p2|Froslass, L50, F|\n|teampreview|4\n|showteam|p1|Froslass||Froslassite|CursedBody|Blizzard,ShadowBall,AuroraVeil,Protect|Modest||F|||50|]Scovillain||Scovillainite|Moody|GigaDrain,Overheat,RagePowder,Protect|Bold||M|||50|]Basculegion||SitrusBerry|Adaptability|WaveCrash,LastRespects,AquaJet,Protect|Adamant||M|||50|]Kingambit||BlackGlasses|Defiant|KowtowCleave,SuckerPunch,SwordsDance,Protect|Adamant||M|||50|]Sneasler||WhiteHerb|Unburden|CloseCombat,GunkShot,Protect,FakeOut|Adamant||M|||50|]Lycanroc-Dusk||FocusSash|ToughClaws|CloseCombat,Accelerock,RockSlide,Protect|Adamant||F|||50|\n|showteam|p2|Scovillain||Scovillainite|Moody|GigaDrain,Overheat,RagePowder,Protect|Bold||M|||50|]Basculegion||LifeOrb|Adaptability|WaveCrash,LastRespects,AquaJet,Protect|Adamant||M|||50|]Kingambit||BlackGlasses|Defiant|KowtowCleave,SuckerPunch,SwordsDance,Protect|Adamant||M|||50|]Sneasler||WhiteHerb|Unburden|CloseCombat,DireClaw,Protect,FakeOut|Adamant||F|||50|]Lycanroc-Dusk||FocusSash|ToughClaws|CloseCombat,Accelerock,RockSlide,Protect|Adamant||F|||50|]Froslass||Froslassite|CursedBody|Blizzard,ShadowBall,AuroraVeil,Protect|Timid||F|||50|\n|\n|t:|1788242252\n|teamsize|p1|4\n|teamsize|p2|4\n|start\n|switch|p1a: Lycanroc|Lycanroc-Dusk, L50, F|100/100\n|switch|p1b: Sneasler|Sneasler, L50, M|100/100\n|switch|p2a: John Dogs|Scovillain, L50, M, shiny|100/100\n|switch|p2b: DDee|Lycanroc-Dusk, L50, F|100/100\n|turn|1\n|\n|t:|1788242273\n|switch|p1a: Scovillain|Scovillain, L50, M, shiny|100/100\n|move|p2b: DDee|Protect|p2b: DDee\n|-singleturn|p2b: DDee|Protect\n|move|p2a: John Dogs|Protect|p2a: John Dogs\n|-singleturn|p2a: John Dogs|Protect\n|move|p1b: Sneasler|Fake Out|p2b: DDee\n|-activate|p2b: DDee|move: Protect\n|\n|-ability|p2a: John Dogs|Moody|boost\n|-boost|p2a: John Dogs|atk|2\n|-unboost|p2a: John Dogs|spe|1\n|-ability|p1a: Scovillain|Moody|boost\n|-boost|p1a: Scovillain|atk|2\n|-unboost|p1a: Scovillain|spd|1\n|upkeep\n|turn|2\n|\n|t:|1788242306\n|switch|p2b: Cisco|Sneasler, L50, F|100/100\n|detailschange|p2a: John Dogs|Scovillain-Mega, L50, M, shiny\n|-mega|p2a: John Dogs|Scovillain|Scovillainite\n|move|p1b: Sneasler|Protect|p1b: Sneasler\n|-singleturn|p1b: Sneasler|Protect\n|move|p1a: Scovillain|Protect|p1a: Scovillain\n|-singleturn|p1a: Scovillain|Protect\n|move|p2a: John Dogs|Overheat|p1a: Scovillain\n|-activate|p1a: Scovillain|move: Protect\n|\n|-ability|p1a: Scovillain|Moody|boost\n|-boost|p1a: Scovillain|spe|2\n|-unboost|p1a: Scovillain|spd|1\n|upkeep\n|turn|3\n|\n|t:|1788242335\n|detailschange|p1a: Scovillain|Scovillain-Mega, L50, M, shiny\n|-mega|p1a: Scovillain|Scovillain|Scovillainite\n|move|p1b: Sneasler|Protect|p1b: Sneasler\n|-singleturn|p1b: Sneasler|Protect\n|move|p2b: Cisco|Fake Out|p1b: Sneasler\n|-activate|p1b: Sneasler|move: Protect\n|move|p1a: Scovillain|Overheat|p2a: John Dogs\n|-damage|p2a: John Dogs|35/100\n|-unboost|p1a: Scovillain|spa|2\n|move|p2a: John Dogs|Overheat|p1a: Scovillain\n|-damage|p1a: Scovillain|0 fnt\n|-unboost|p2a: John Dogs|spa|2\n|faint|p1a: Scovillain\n|\n|upkeep\n|\n|t:|1788242355\n|switch|p1a: Lycanroc|Lycanroc-Dusk, L50, F|100/100\n|turn|4\n|\n|t:|1788242370\n|move|p2b: Cisco|Protect|p2b: Cisco\n|-singleturn|p2b: Cisco|Protect\n|move|p1a: Lycanroc|Protect|p1a: Lycanroc\n|-singleturn|p1a: Lycanroc|Protect\n|move|p1b: Sneasler|Gunk Shot|p2a: John Dogs\n|-supereffective|p2a: John Dogs|1\n|-damage|p2a: John Dogs|0 fnt\n|-status|p1b: Sneasler|brn|[from] ability: Spicy Spray|[of] p2a: John Dogs\n|faint|p2a: John Dogs\n|\n|-damage|p1b: Sneasler|94/100 brn|[from] brn\n|upkeep\n|\n|t:|1788242391\n|switch|p2a: SlycedBread|Basculegion, L50, M|100/100\n|turn|5\n|\n|t:|1788242405\n|switch|p1b: Kingambit|Kingambit, L50, M|100/100\n|move|p2a: SlycedBread|Aqua Jet|p1a: Lycanroc\n|-supereffective|p1a: Lycanroc|1\n|-enditem|p1a: Lycanroc|Focus Sash\n|-damage|p1a: Lycanroc|1/100\n|-damage|p2a: SlycedBread|90/100|[from] item: Life Orb\n|move|p2b: Cisco|Close Combat|p1a: Lycanroc\n|-supereffective|p1a: Lycanroc|1\n|-damage|p1a: Lycanroc|0 fnt\n|-unboost|p2b: Cisco|def|1\n|-unboost|p2b: Cisco|spd|1\n|faint|p1a: Lycanroc\n|-enditem|p2b: Cisco|White Herb\n|-clearnegativeboost|p2b: Cisco|[silent]\n|\n|upkeep\n|\n|t:|1788242419\n|switch|p1a: Sneasler|Sneasler, L50, M|94/100 brn\n|turn|6\n|-message|Chessnuts VGC forfeited.\n|\n|win|wizzcoaster\n","uploadtime":1788242424,"views":"1","formatid":"gen9championsvgc2026regmbbo3","rating":null,"private":0,"password":null}