{"id":"gen9championsvgc2026regmbbo3-2674386063","format":"[Gen 9 Champions] VGC 2026 Reg M-B (Bo3)","players":["note2610","Doomnik"],"log":"|j|☆note2610\n|j|☆Doomnik\n|html|<table width=\"100%\"><tr><td align=\"left\">note2610</td><td align=\"right\">Doomnik</tr><tr><td align=\"left\"><i class=\"fa fa-circle-o\"></i> <i class=\"fa fa-circle-o\"></i> </td><td align=\"right\"><i class=\"fa fa-circle-o\"></i> <i class=\"fa fa-circle-o\"></i> </tr></table>\n|uhtml|bestof|<h2><strong>Game 1</strong> of <a href=\"/game-bestof3-gen9championsvgc2026regmbbo3-2674386062\">a best-of-3</a></h2>\n|t:|1788352963\n|gametype|doubles\n|player|p1|note2610|169|1235\n|player|p2|Doomnik|volkner|1368\n|gen|9\n|tier|[Gen 9 Champions] VGC 2026 Reg M-B (Bo3)\n|rated|\n|rule|Species Clause: Limit one of each Pokémon\n|rule|Item Clause: Limit 1 of each item\n|clearpoke\n|poke|p1|Gengar, L50, M|\n|poke|p1|Swampert, L50, F|\n|poke|p1|Politoed, L50, F|\n|poke|p1|Vivillon, L50, M|\n|poke|p1|Archaludon, L50, F|\n|poke|p1|Incineroar, L50, F|\n|poke|p2|Floette-Eternal, L50, F|\n|poke|p2|Sinistcha, L50|\n|poke|p2|Incineroar, L50, M|\n|poke|p2|Sneasler, L50, M|\n|poke|p2|Kingambit, L50, M|\n|poke|p2|Delphox, L50, F|\n|teampreview|4\n|showteam|p1|Gengar||Gengarite|CursedBody|Protect,PerishSong,ShadowBall,Disable|Timid||M|||50|]Swampert||Swampertite|Torrent|Protect,WaveCrash,IcePunch,HighHorsepower|Adamant||F|||50|]Politoed||SitrusBerry|Drizzle|Protect,PerishSong,WeatherBall,Encore|Calm||F|||50|]Vivillon||FocusSash|CompoundEyes|Protect,SleepPowder,Hurricane,Tailwind|Timid||M|||50|]Archaludon||Leftovers|Stamina|Protect,ElectroShot,FlashCannon,AuraSphere|Calm||F|||50|]Incineroar||ChopleBerry|Intimidate|Protect,PartingShot,FakeOut,DarkestLariat|Careful||F|||50|\n|showteam|p2|Floette-Eternal||Floettite|FlowerVeil|DazzlingGleam,DrainingKiss,CalmMind,Protect|Modest||F|||50|]Sinistcha||KasibBerry|Hospitality|MatchaGotcha,RagePowder,TrickRoom,Protect|Calm|||||50|]Incineroar||SitrusBerry|Intimidate|FlareBlitz,ThroatChop,FakeOut,PartingShot|Impish||M|||50|]Sneasler||FocusSash|PoisonTouch|CloseCombat,DireClaw,FakeOut,QuickGuard|Jolly||M|||50|]Kingambit||BlackGlasses|Defiant|KowtowCleave,SuckerPunch,SwordsDance,Protect|Adamant||M|||50|]Delphox||Delphoxite|Blaze|HeatWave,Psychic,NastyPlot,Protect|Timid||F|||50|\n|inactive|Battle timer is ON: inactive players will automatically lose when time's up. (requested by Doomnik)\n|inactive|Doomnik has 60 seconds left.\n|inactive|Doomnik has 30 seconds left.\n|inactive|Doomnik has 20 seconds left.\n|\n|t:|1788353036\n|teamsize|p1|4\n|teamsize|p2|4\n|start\n|switch|p1a: Swampert|Swampert, L50, F|100/100\n|switch|p1b: Vivillon|Vivillon, L50, M|100/100\n|switch|p2a: Delphox|Delphox, L50, F|100/100\n|switch|p2b: Incineroar|Incineroar, L50, M|100/100\n|-ability|p2b: Incineroar|Intimidate|boost\n|-unboost|p1a: Swampert|atk|1\n|-unboost|p1b: Vivillon|atk|1\n|turn|1\n|inactive|note2610 has 30 seconds left.\n|inactive|Doomnik has 30 seconds left.\n|inactive|note2610 has 20 seconds left.\n|inactive|Doomnik has 20 seconds left.\n|inactive|note2610 has 15 seconds left.\n|inactive|note2610 has 10 seconds left.\n|inactive|note2610 has 5 seconds left.\n|\n|t:|1788353091\n|switch|p2b: Sinistcha|Sinistcha, L50|100/100\n|detailschange|p2a: Delphox|Delphox-Mega, L50, F\n|-mega|p2a: Delphox|Delphox|Delphoxite\n|move|p2a: Delphox|Protect|p2a: Delphox\n|-singleturn|p2a: Delphox|Protect\n|move|p1b: Vivillon|Protect|p1b: Vivillon\n|-singleturn|p1b: Vivillon|Protect\n|move|p1a: Swampert|Protect||[still]\n|-fail|p1a: Swampert\n|\n|upkeep\n|turn|2\n|inactive|note2610 has 30 seconds left.\n|inactive|Doomnik has 30 seconds left.\n|inactive|note2610 has 20 seconds left.\n|inactive|Doomnik has 20 seconds left.\n|inactive|note2610 has 15 seconds left.\n|inactive|Doomnik has 15 seconds left.\n|\n|t:|1788353135\n|switch|p1b: Politoed|Politoed, L50, F|100/100\n|-weather|RainDance|[from] ability: Drizzle|[of] p1b: Politoed\n|detailschange|p1a: Swampert|Swampert-Mega, L50, F\n|-mega|p1a: Swampert|Swampert|Swampertite\n|move|p2b: Sinistcha|Rage Powder|p2b: Sinistcha\n|-singleturn|p2b: Sinistcha|move: Rage Powder\n|move|p1a: Swampert|Wave Crash|p2b: Sinistcha\n|-resisted|p2b: Sinistcha|1\n|-damage|p2b: Sinistcha|66/100\n|-damage|p1a: Swampert|88/100|[from] Recoil\n|move|p2a: Delphox|Nasty Plot|p2a: Delphox\n|-boost|p2a: Delphox|spa|2\n|\n|-weather|RainDance|[upkeep]\n|upkeep\n|turn|3\n|\n|t:|1788353158\n|switch|p1a: Archaludon|Archaludon, L50, F|100/100\n|move|p2b: Sinistcha|Rage Powder|p2b: Sinistcha\n|-singleturn|p2b: Sinistcha|move: Rage Powder\n|move|p2a: Delphox|Psychic|p1a: Archaludon\n|-resisted|p1a: Archaludon|1\n|-damage|p1a: Archaludon|51/100\n|-ability|p1a: Archaludon|Stamina|boost\n|-boost|p1a: Archaludon|def|1\n|move|p1b: Politoed|Weather Ball|p2b: Sinistcha\n|-resisted|p2b: Sinistcha|1\n|-damage|p2b: Sinistcha|44/100\n|\n|-weather|RainDance|[upkeep]\n|-heal|p1a: Archaludon|57/100|[from] item: Leftovers\n|upkeep\n|turn|4\n|inactive|Doomnik has 30 seconds left.\n|inactive|Doomnik has 20 seconds left.\n|\n|t:|1788353197\n|switch|p2b: Incineroar|Incineroar, L50, M|100/100\n|-ability|p2b: Incineroar|Intimidate|boost\n|-unboost|p1a: Archaludon|atk|1\n|-unboost|p1b: Politoed|atk|1\n|move|p2a: Delphox|Protect|p2a: Delphox\n|-singleturn|p2a: Delphox|Protect\n|move|p1a: Archaludon|Flash Cannon|p2b: Incineroar\n|-resisted|p2b: Incineroar|1\n|-damage|p2b: Incineroar|81/100\n|move|p1b: Politoed|Weather Ball|p2a: Delphox\n|-activate|p2a: Delphox|move: Protect\n|\n|-weather|RainDance|[upkeep]\n|-heal|p1a: Archaludon|63/100|[from] item: Leftovers\n|upkeep\n|turn|5\n|\n|t:|1788353215\n|move|p1a: Archaludon|Protect|p1a: Archaludon\n|-singleturn|p1a: Archaludon|Protect\n|move|p2b: Incineroar|Fake Out|p1b: Politoed\n|-damage|p1b: Politoed|90/100\n|move|p2a: Delphox|Nasty Plot|p2a: Delphox\n|-boost|p2a: Delphox|spa|2\n|cant|p1b: Politoed|flinch\n|\n|-weather|RainDance|[upkeep]\n|-heal|p1a: Archaludon|69/100|[from] item: Leftovers\n|upkeep\n|turn|6\n|inactive|note2610 has 30 seconds left.\n|inactive|note2610 has 20 seconds left.\n|inactive|note2610 has 15 seconds left.\n|\n|t:|1788353258\n|move|p2a: Delphox|Psychic|p1b: Politoed\n|-damage|p1b: Politoed|0 fnt\n|faint|p1b: Politoed\n|move|p1a: Archaludon|Electro Shot||[still]\n|-prepare|p1a: Archaludon|Electro Shot\n|-boost|p1a: Archaludon|spa|1\n|-anim|p1a: Archaludon|Electro Shot|p2b: Incineroar\n|-damage|p2b: Incineroar|23/100\n|-enditem|p2b: Incineroar|Sitrus Berry|[eat]\n|-heal|p2b: Incineroar|48/100|[from] item: Sitrus Berry\n|move|p2b: Incineroar|Parting Shot|p1a: Archaludon\n|-unboost|p1a: Archaludon|atk|1\n|-unboost|p1a: Archaludon|spa|1\n|\n|t:|1788353274\n|switch|p2b: Sneasler|Sneasler, L50, M|100/100|[from] Parting Shot\n|\n|-weather|none\n|-heal|p1a: Archaludon|75/100|[from] item: Leftovers\n|upkeep\n|\n|t:|1788353284\n|switch|p1b: Vivillon|Vivillon, L50, M|100/100\n|turn|7\n|inactive|note2610 has 30 seconds left.\n|inactive|note2610 has 20 seconds left.\n|inactive|note2610 has 15 seconds left.\n|inactive|note2610 has 10 seconds left.\n|\n|t:|1788353333\n|move|p2a: Delphox|Heat Wave|p1a: Archaludon|[spread] p1a,p1b\n|-supereffective|p1b: Vivillon|1\n|-damage|p1a: Archaludon|0 fnt\n|-enditem|p1b: Vivillon|Focus Sash\n|-damage|p1b: Vivillon|1/100\n|faint|p1a: Archaludon\n|move|p2b: Sneasler|Dire Claw|p1b: Vivillon\n|-damage|p1b: Vivillon|0 fnt\n|faint|p1b: Vivillon\n|\n|upkeep\n|\n|t:|1788353353\n|switch|p1b: Swampert|Swampert-Mega, L50, F|88/100\n|turn|8\n|\n|t:|1788353360\n|move|p2a: Delphox|Psychic|p1b: Swampert\n|-damage|p1b: Swampert|0 fnt\n|faint|p1b: Swampert\n|\n|win|Doomnik\n","uploadtime":1788353361,"views":"4","formatid":"gen9championsvgc2026regmbbo3","rating":null,"private":0,"password":null}