{"id":"gen9championsvgc2026regmbbo3-2673448926","format":"[Gen 9 Champions] VGC 2026 Reg M-B (Bo3)","players":["ItsgoodSteve","dtcha"],"log":"|j|☆ItsgoodSteve\n|j|☆dtcha\n|html|<table width=\"100%\"><tr><td align=\"left\">ItsgoodSteve</td><td align=\"right\">dtcha</tr><tr><td align=\"left\"><i class=\"fa fa-circle\"></i> <i class=\"fa fa-circle-o\"></i> </td><td align=\"right\"><i class=\"fa fa-circle-o\"></i> <i class=\"fa fa-circle-o\"></i> </tr></table>\n|uhtml|bestof|<h2><strong>Game 2</strong> of <a href=\"/game-bestof3-gen9championsvgc2026regmbbo3-2673446414\">a best-of-3</a></h2>\n|t:|1788199085\n|gametype|doubles\n|player|p1|ItsgoodSteve|266|1234\n|player|p2|dtcha|265|1266\n|gen|9\n|tier|[Gen 9 Champions] VGC 2026 Reg M-B (Bo3)\n|rated|\n|rule|Species Clause: Limit one of each Pokémon\n|rule|Item Clause: Limit 1 of each item\n|clearpoke\n|poke|p1|Steelix, L50, M|\n|poke|p1|Tyranitar, L50, M|\n|poke|p1|Staraptor, L50, M|\n|poke|p1|Gholdengo, L50|\n|poke|p1|Farigiraf, L50, M|\n|poke|p1|Rotom-Wash, L50|\n|poke|p2|Camerupt, L50, F|\n|poke|p2|Aerodactyl, L50, M|\n|poke|p2|Kangaskhan, L50, F|\n|poke|p2|Farigiraf, L50, F|\n|poke|p2|Sylveon, L50, M|\n|poke|p2|Kingambit, L50, M|\n|teampreview|4\n|showteam|p1|Steelix||Steelixite|Sturdy|HeavySlam,HighHorsepower,WideGuard,Protect|Adamant||M|||50|]Tyranitar||RoseliBerry|SandStream|KnockOff,RockSlide,IcePunch,Protect|Adamant||M|||50|]Staraptor||Staraptite|Intimidate|CloseCombat,Roost,Protect,BraveBird|Jolly||M|||50|]Gholdengo||FocusSash|GoodasGold|MakeItRain,Protect,PowerGem,ShadowBall|Timid|||||50|]Farigiraf||SitrusBerry|ArmorTail|Psychic,TrickRoom,Protect,HelpingHand|Bold||M|||50|]Rotom-Wash||Leftovers|Levitate|Thunderbolt,HydroPump,WillOWisp,LightScreen|Serious|||||50|\n|showteam|p2|Camerupt||Cameruptite|SolidRock|Protect,EarthPower,HeatWave,AncientPower|Quiet||F|||50|]Aerodactyl||Aerodactylite|Unnerve|RockSlide,DualWingbeat,IceFang,Tailwind|Jolly||M|||50|]Kangaskhan||LifeOrb|Scrappy|DoubleEdge,FakeOut,HammerArm,IcePunch|Brave||F|||50|]Farigiraf||SitrusBerry|ArmorTail|Psychic,Thunderbolt,TrickRoom,HelpingHand|Calm||F|||50|]Sylveon||FairyFeather|Pixilate|HyperVoice,HyperBeam,QuickAttack,Protect|Modest||M|||50|]Kingambit||ExpertBelt|Defiant|KowtowCleave,IronHead,SuckerPunch,LowKick|Adamant||M|||50|\n|\n|t:|1788199103\n|teamsize|p1|4\n|teamsize|p2|4\n|start\n|switch|p1a: Rotom|Rotom-Wash, L50|100/100\n|switch|p1b: Tyranitar|Tyranitar, L50, M|100/100\n|switch|p2a: Kangaskhan|Kangaskhan, L50, F|100/100\n|switch|p2b: Sylveon|Sylveon, L50, M|100/100\n|-weather|Sandstorm|[from] ability: Sand Stream|[of] p1b: Tyranitar\n|turn|1\n|\n|t:|1788199125\n|switch|p1b: Farigiraf|Farigiraf, L50, M|100/100\n|move|p2a: Kangaskhan|Fake Out||[still]\n|cant|p1b: Farigiraf|ability: Armor Tail|Fake Out|[of] p2a: Kangaskhan\n|move|p1a: Rotom|Light Screen|p1a: Rotom\n|-sidestart|p1: ItsgoodSteve|move: Light Screen\n|move|p2b: Sylveon|Hyper Voice|p1a: Rotom|[spread] p1a,p1b\n|-damage|p1a: Rotom|65/100\n|-damage|p1b: Farigiraf|66/100\n|\n|-weather|Sandstorm|[upkeep]\n|-damage|p1a: Rotom|59/100|[from] Sandstorm\n|-damage|p2b: Sylveon|93/100|[from] Sandstorm\n|-damage|p2a: Kangaskhan|93/100|[from] Sandstorm\n|-damage|p1b: Farigiraf|60/100|[from] Sandstorm\n|-heal|p1a: Rotom|65/100|[from] item: Leftovers\n|upkeep\n|turn|2\n|\n|t:|1788199141\n|switch|p2a: Farigiraf|Farigiraf, L50, F|100/100\n|move|p1a: Rotom|Will-O-Wisp|p2a: Farigiraf\n|-status|p2a: Farigiraf|brn\n|move|p2b: Sylveon|Hyper Voice|p1a: Rotom|[spread] p1a,p1b\n|-damage|p1a: Rotom|29/100\n|-damage|p1b: Farigiraf|28/100\n|-enditem|p1b: Farigiraf|Sitrus Berry|[eat]\n|-heal|p1b: Farigiraf|53/100|[from] item: Sitrus Berry\n|move|p1b: Farigiraf|Trick Room|p1b: Farigiraf\n|-fieldstart|move: Trick Room|[of] p1b: Farigiraf\n|\n|-weather|Sandstorm|[upkeep]\n|-damage|p2a: Farigiraf|93/100 brn|[from] Sandstorm\n|-damage|p1b: Farigiraf|47/100|[from] Sandstorm\n|-damage|p2b: Sylveon|87/100|[from] Sandstorm\n|-damage|p1a: Rotom|24/100|[from] Sandstorm\n|-heal|p1a: Rotom|29/100|[from] item: Leftovers\n|-damage|p2a: Farigiraf|87/100 brn|[from] brn\n|upkeep\n|turn|3\n|\n|t:|1788199163\n|switch|p1a: Tyranitar|Tyranitar, L50, M|100/100\n|move|p1b: Farigiraf|Psychic|p2b: Sylveon\n|-damage|p2b: Sylveon|55/100\n|-unboost|p2b: Sylveon|spd|1\n|move|p2b: Sylveon|Hyper Voice|p1b: Farigiraf|[spread] p1a,p1b\n|-supereffective|p1a: Tyranitar|1\n|-enditem|p1a: Tyranitar|Roseli Berry|[eat]\n|-enditem|p1a: Tyranitar|Roseli Berry|[weaken]\n|-damage|p1a: Tyranitar|79/100\n|-damage|p1b: Farigiraf|16/100\n|move|p2a: Farigiraf|Trick Room|p2a: Farigiraf\n|-fieldend|move: Trick Room\n|\n|-weather|Sandstorm|[upkeep]\n|-damage|p2b: Sylveon|49/100|[from] Sandstorm\n|-damage|p2a: Farigiraf|81/100 brn|[from] Sandstorm\n|-damage|p1b: Farigiraf|10/100|[from] Sandstorm\n|-damage|p2a: Farigiraf|75/100 brn|[from] brn\n|upkeep\n|turn|4\n|\n|t:|1788199182\n|move|p2a: Farigiraf|Helping Hand|p2b: Sylveon\n|-singleturn|p2b: Sylveon|Helping Hand|[of] p2a: Farigiraf\n|move|p2b: Sylveon|Hyper Voice|p1b: Farigiraf|[spread] p1a,p1b\n|-supereffective|p1a: Tyranitar|1\n|-damage|p1a: Tyranitar|24/100\n|-damage|p1b: Farigiraf|0 fnt\n|faint|p1b: Farigiraf\n|move|p1a: Tyranitar|Rock Slide|p2a: Farigiraf|[spread] p2a,p2b\n|-damage|p2a: Farigiraf|45/100 brn\n|-damage|p2b: Sylveon|7/100\n|-enditem|p2a: Farigiraf|Sitrus Berry|[eat]\n|-heal|p2a: Farigiraf|70/100 brn|[from] item: Sitrus Berry\n|\n|-weather|Sandstorm|[upkeep]\n|-damage|p2b: Sylveon|1/100|[from] Sandstorm\n|-damage|p2a: Farigiraf|63/100 brn|[from] Sandstorm\n|-damage|p2a: Farigiraf|57/100 brn|[from] brn\n|upkeep\n|\n|t:|1788199197\n|switch|p1b: Steelix|Steelix, L50, M|100/100\n|turn|5\n|\n|t:|1788199205\n|switch|p2b: Aerodactyl|Aerodactyl, L50, M|100/100\n|-ability|p2b: Aerodactyl|Unnerve\n|detailschange|p1b: Steelix|Steelix-Mega, L50, M\n|-mega|p1b: Steelix|Steelix|Steelixite\n|move|p1b: Steelix|Wide Guard|p1b: Steelix\n|-singleturn|p1b: Steelix|Wide Guard\n|move|p1a: Tyranitar|Knock Off|p2a: Farigiraf\n|-supereffective|p2a: Farigiraf|1\n|-damage|p2a: Farigiraf|0 fnt\n|faint|p2a: Farigiraf\n|\n|-weather|none\n|-sideend|p1: ItsgoodSteve|move: Light Screen\n|upkeep\n|\n|t:|1788199239\n|switch|p2a: Kangaskhan|Kangaskhan, L50, F|93/100\n|turn|6\n|\n|t:|1788199281\n|switch|p1a: Rotom|Rotom-Wash, L50|29/100\n|detailschange|p2b: Aerodactyl|Aerodactyl-Mega, L50, M\n|-mega|p2b: Aerodactyl|Aerodactyl|Aerodactylite\n|move|p2b: Aerodactyl|Dual Wingbeat|p1a: Rotom|[miss]\n|-miss|p2b: Aerodactyl|p1a: Rotom\n|move|p2a: Kangaskhan|Hammer Arm|p1b: Steelix\n|-supereffective|p1b: Steelix|1\n|-damage|p1b: Steelix|58/100\n|-unboost|p2a: Kangaskhan|spe|1\n|-damage|p2a: Kangaskhan|84/100|[from] item: Life Orb\n|move|p1b: Steelix|Heavy Slam|p2b: Aerodactyl\n|-supereffective|p2b: Aerodactyl|1\n|-damage|p2b: Aerodactyl|0 fnt\n|faint|p2b: Aerodactyl\n|\n|-heal|p1a: Rotom|35/100|[from] item: Leftovers\n|upkeep\n|\n|t:|1788199297\n|switch|p2b: Sylveon|Sylveon, L50, M|1/100\n|turn|7\n|\n|t:|1788199311\n|switch|p1b: Tyranitar|Tyranitar, L50, M|24/100\n|-weather|Sandstorm|[from] ability: Sand Stream|[of] p1b: Tyranitar\n|move|p1a: Rotom|Thunderbolt|p2b: Sylveon\n|-damage|p2b: Sylveon|0 fnt\n|faint|p2b: Sylveon\n|move|p2a: Kangaskhan|Double-Edge|p1a: Rotom\n|-damage|p1a: Rotom|0 fnt\n|faint|p1a: Rotom\n|-damage|p2a: Kangaskhan|75/100|[from] Recoil\n|-damage|p2a: Kangaskhan|66/100|[from] item: Life Orb\n|\n|-weather|Sandstorm|[upkeep]\n|-damage|p2a: Kangaskhan|59/100|[from] Sandstorm\n|upkeep\n|\n|t:|1788199324\n|switch|p1a: Steelix|Steelix-Mega, L50, M|58/100\n|turn|8\n|\n|t:|1788199338\n|move|p1b: Tyranitar|Knock Off|p2a: Kangaskhan\n|-damage|p2a: Kangaskhan|7/100\n|-enditem|p2a: Kangaskhan|Life Orb|[from] move: Knock Off|[of] p1b: Tyranitar\n|move|p2a: Kangaskhan|Hammer Arm|p1b: Tyranitar\n|-supereffective|p1b: Tyranitar|2\n|-damage|p1b: Tyranitar|0 fnt\n|-unboost|p2a: Kangaskhan|spe|1\n|faint|p1b: Tyranitar\n|move|p1a: Steelix|Heavy Slam|p2a: Kangaskhan\n|-damage|p2a: Kangaskhan|0 fnt\n|faint|p2a: Kangaskhan\n|\n|win|ItsgoodSteve\n|raw|ItsgoodSteve's rating: 1234 &rarr; <strong>1261</strong><br />(+27 for winning)\n|raw|dtcha's rating: 1266 &rarr; <strong>1239</strong><br />(-27 for losing)\n","uploadtime":1788199350,"views":"1","formatid":"gen9championsvgc2026regmbbo3","rating":1239,"private":0,"password":null}