{"id":"gen9championsvgc2026regmb-2673913021","format":"[Gen 9 Champions] VGC 2026 Reg M-B","players":["maxmega15","muam"],"log":"|j|☆maxmega15\n|j|☆muam\n|t:|1788276375\n|gametype|doubles\n|player|p1|maxmega15|marlon|1070\n|player|p2|muam|101|1067\n|gen|9\n|tier|[Gen 9 Champions] VGC 2026 Reg M-B\n|rated|\n|rule|Species Clause: Limit one of each Pokémon\n|rule|Item Clause: Limit 1 of each item\n|clearpoke\n|poke|p1|Slowbro-Galar, L50, M|\n|poke|p1|Meowstic, L50, M|\n|poke|p1|Lucario, L50, M|\n|poke|p1|Starmie, L50|\n|poke|p1|Annihilape, L50, M|\n|poke|p1|Maushold-Four, L50|\n|poke|p2|Farigiraf, L50, M, shiny|\n|poke|p2|Basculegion, L50, M, shiny|\n|poke|p2|Hatterene, L50, F, shiny|\n|poke|p2|Torkoal, L50, M, shiny|\n|poke|p2|Venusaur, L50, F, shiny|\n|poke|p2|Archaludon, L50, F, shiny|\n|teampreview|4\n|\n|t:|1788276402\n|teamsize|p1|4\n|teamsize|p2|4\n|start\n|switch|p1a: Annihilape|Annihilape, L50, M|100/100\n|switch|p1b: Maushold|Maushold-Four, L50|100/100\n|switch|p2a: Farigiraf|Farigiraf, L50, M, shiny|100/100\n|switch|p2b: Basculegion|Basculegion, L50, M, shiny|100/100\n|turn|1\n|\n|t:|1788276422\n|move|p1b: Maushold|Follow Me|p1b: Maushold\n|-singleturn|p1b: Maushold|move: Follow Me\n|move|p1a: Annihilape|Bulk Up|p1a: Annihilape\n|-boost|p1a: Annihilape|atk|1\n|-boost|p1a: Annihilape|def|1\n|move|p2b: Basculegion|Phantom Force||[still]\n|-prepare|p2b: Basculegion|Phantom Force\n|move|p2a: Farigiraf|Trick Room|p2a: Farigiraf\n|-fieldstart|move: Trick Room|[of] p2a: Farigiraf\n|\n|upkeep\n|turn|2\n|\n|t:|1788276439\n|move|p1b: Maushold|Follow Me|p1b: Maushold\n|-singleturn|p1b: Maushold|move: Follow Me\n|move|p2a: Farigiraf|Psychic|p1b: Maushold|[miss]\n|-miss|p2a: Farigiraf|p1b: Maushold\n|move|p2b: Basculegion|Phantom Force|p1b: Maushold|[from] lockedmove\n|-immune|p1b: Maushold\n|move|p1a: Annihilape|Bulk Up|p1a: Annihilape\n|-boost|p1a: Annihilape|atk|1\n|-boost|p1a: Annihilape|def|1\n|\n|upkeep\n|turn|3\n|\n|t:|1788276459\n|switch|p2a: Torkoal|Torkoal, L50, M, shiny|100/100\n|-weather|SunnyDay|[from] ability: Drought|[of] p2a: Torkoal\n|move|p1b: Maushold|Follow Me|p1b: Maushold\n|-singleturn|p1b: Maushold|move: Follow Me\n|move|p2b: Basculegion|Ice Fang|p1b: Maushold\n|-damage|p1b: Maushold|66/100\n|move|p1a: Annihilape|Drain Punch|p2a: Torkoal\n|-damage|p2a: Torkoal|41/100\n|\n|-weather|SunnyDay|[upkeep]\n|upkeep\n|turn|4\n|\n|t:|1788276477\n|move|p1b: Maushold|Follow Me|p1b: Maushold\n|-singleturn|p1b: Maushold|move: Follow Me\n|move|p2a: Torkoal|Eruption|p1b: Maushold|[spread] p1a,p1b\n|-damage|p1a: Annihilape|81/100\n|-damage|p1b: Maushold|26/100\n|move|p2b: Basculegion|Ice Fang|p1b: Maushold|[miss]\n|-miss|p2b: Basculegion|p1b: Maushold\n|move|p1a: Annihilape|Drain Punch|p2a: Torkoal\n|-damage|p2a: Torkoal|0 fnt\n|-heal|p1a: Annihilape|95/100|[from] drain|[of] p2a: Torkoal\n|faint|p2a: Torkoal\n|\n|-weather|SunnyDay|[upkeep]\n|upkeep\n|\n|t:|1788276490\n|switch|p2a: Hatterene|Hatterene, L50, F, shiny|100/100\n|turn|5\n|\n|t:|1788276499\n|move|p1b: Maushold|Follow Me|p1b: Maushold\n|-singleturn|p1b: Maushold|move: Follow Me\n|move|p2a: Hatterene|Dazzling Gleam|p1a: Annihilape|[spread] p1a,p1b\n|-supereffective|p1a: Annihilape|1\n|-damage|p1a: Annihilape|41/100\n|-damage|p1b: Maushold|0 fnt\n|-enditem|p1a: Annihilape|Sitrus Berry|[eat]\n|-heal|p1a: Annihilape|65/100|[from] item: Sitrus Berry\n|faint|p1b: Maushold\n|move|p2b: Basculegion|Ice Fang|p1a: Annihilape\n|-damage|p1a: Annihilape|54/100\n|move|p1a: Annihilape|Rage Fist|p2a: Hatterene\n|-supereffective|p2a: Hatterene|1\n|-damage|p2a: Hatterene|0 fnt\n|faint|p2a: Hatterene\n|\n|-weather|SunnyDay|[upkeep]\n|-fieldend|move: Trick Room\n|upkeep\n|\n|t:|1788276514\n|switch|p1b: Meowstic|Meowstic, L50, M|100/100\n|switch|p2a: Farigiraf|Farigiraf, L50, M, shiny|100/100\n|turn|6\n|\n|t:|1788276525\n|move|p1b: Meowstic|Light Screen|p1b: Meowstic\n|-sidestart|p1: maxmega15|move: Light Screen\n|move|p1a: Annihilape|Drain Punch|p2a: Farigiraf\n|-damage|p2a: Farigiraf|25/100\n|-heal|p1a: Annihilape|88/100|[from] drain|[of] p2a: Farigiraf\n|move|p2b: Basculegion|Last Respects|p1a: Annihilape\n|-supereffective|p1a: Annihilape|1\n|-damage|p1a: Annihilape|0 fnt\n|faint|p1a: Annihilape\n|move|p2a: Farigiraf|Trick Room|p2a: Farigiraf\n|-fieldstart|move: Trick Room|[of] p2a: Farigiraf\n|\n|-weather|SunnyDay|[upkeep]\n|upkeep\n|\n|t:|1788276529\n|switch|p1a: Slowbro|Slowbro-Galar, L50, M|100/100\n|turn|7\n|\n|t:|1788276546\n|move|p1b: Meowstic|Psychic Terrain|p1b: Meowstic\n|-fieldstart|move: Psychic Terrain\n|move|p1a: Slowbro|Expanding Force|p2a: Farigiraf|[spread] p2a,p2b\n|-resisted|p2a: Farigiraf|1\n|-damage|p2a: Farigiraf|0 fnt\n|-damage|p2b: Basculegion|53/100\n|faint|p2a: Farigiraf\n|move|p2b: Basculegion|Last Respects|p1b: Meowstic\n|-supereffective|p1b: Meowstic|1\n|-enditem|p1b: Meowstic|Focus Sash\n|-damage|p1b: Meowstic|1/100\n|\n|-weather|none\n|upkeep\n|turn|8\n|-activate|p1a: Slowbro|ability: Quick Draw\n|\n|t:|1788276569\n|move|p1b: Meowstic|Reflect|p1b: Meowstic\n|-sidestart|p1: maxmega15|Reflect\n|move|p1a: Slowbro|Expanding Force|p2b: Basculegion\n|-damage|p2b: Basculegion|0 fnt\n|faint|p2b: Basculegion\n|\n|win|maxmega15\n|raw|maxmega15's rating: 1070 &rarr; <strong>1099</strong><br />(+29 for winning)\n|raw|muam's rating: 1067 &rarr; <strong>1047</strong><br />(-20 for losing)\n|c|☆maxmega15|gg\n|l|☆muam\n|player|p2|\n","uploadtime":1788276576,"views":"16","formatid":"gen9championsvgc2026regmb","rating":1047,"private":0,"password":null}