{"id":"gen9championsvgc2026regmbbo3-2673813491","format":"[Gen 9 Champions] VGC 2026 Reg M-B (Bo3)","players":["Darkblazeken","true-infinity"],"log":"|j|☆Darkblazeken\n|j|☆true-infinity\n|html|<table width=\"100%\"><tr><td align=\"left\">Darkblazeken</td><td align=\"right\">true-infinity</tr><tr><td align=\"left\"><i class=\"fa fa-circle-o\"></i> <i class=\"fa fa-circle-o\"></i> </td><td align=\"right\"><i class=\"fa fa-circle-o\"></i> <i class=\"fa fa-circle-o\"></i> </tr></table>\n|uhtml|bestof|<h2><strong>Game 1</strong> of <a href=\"/game-bestof3-gen9championsvgc2026regmbbo3-2673813490\">a best-of-3</a></h2>\n|t:|1788262144\n|gametype|doubles\n|player|p1|Darkblazeken|veteran|\n|player|p2|true-infinity|li|\n|gen|9\n|tier|[Gen 9 Champions] VGC 2026 Reg M-B (Bo3)\n|rule|Species Clause: Limit one of each Pokémon\n|rule|Item Clause: Limit 1 of each item\n|clearpoke\n|poke|p1|Blastoise, L50, F, shiny|\n|poke|p1|Klefki, L50, F, shiny|\n|poke|p1|Staraptor, L50, M, shiny|\n|poke|p1|Oranguru, L50, M, shiny|\n|poke|p1|Raichu, L50, F, shiny|\n|poke|p1|Garganacl, L50, F, shiny|\n|poke|p2|Torterra, L50, M, shiny|\n|poke|p2|Clefable, L50, M, shiny|\n|poke|p2|Chandelure, L50, M, shiny|\n|poke|p2|Samurott-Hisui, L50, F, shiny|\n|poke|p2|Bellibolt, L50, M, shiny|\n|poke|p2|Delphox, L50, M, shiny|\n|teampreview|4\n|showteam|p1|Blastoise||Blastoisinite|RainDish|WaterSpout,DarkPulse,AuraSphere,Protect|Quiet||F|||50|]Klefki||Leftovers|Prankster|RainDance,TrickRoom,SteelBeam,Sandstorm|Modest||F|||50|]Staraptor||Staraptite|Intimidate|BraveBird,CloseCombat,Roost,Protect|Adamant||M|||50|]Oranguru||SitrusBerry|Telepathy|TrickRoom,Instruct,Encore,HyperVoice|Relaxed||M|||50|]Raichu||FocusSash|LightningRod|Charm,FakeOut,BrickBreak,VoltSwitch|Modest||F|||50|]Garganacl||WideLens|PurifyingSalt|RockBlast,Recover,Protect,BodyPress|Sassy||F|||50|\n|showteam|p2|Torterra||CobaBerry|ShellArmor|HeadlongRush,HighHorsepower,WoodHammer,Protect|Impish||M|||50|]Clefable||SitrusBerry|Unaware|FollowMe,Blizzard,AlluringVoice,Protect|Bold||M|||50|]Chandelure||FocusSash|FlashFire|ShadowBall,HeatWave,Protect,TrickRoom|Bold||M|||50|]Samurott-Hisui||LifeOrb|Sharpness|AquaCutter,CeaselessEdge,SuckerPunch,Protect|Adamant||F|||50|]Bellibolt||BigRoot|Electromorphosis|ParabolicCharge,Thunderbolt,Substitute,MuddyWater|Bold||M|||50|]Delphox||Delphoxite|Blaze|HeatWave,Psychic,GrassKnot,Substitute|Timid||M|||50|\n|\n|t:|1788262207\n|teamsize|p1|4\n|teamsize|p2|4\n|start\n|switch|p1a: Spinel|Oranguru, L50, M, shiny|100/100\n|switch|p1b: Smoky Quartz|Garganacl, L50, F, shiny|100/100\n|switch|p2a: Master Oogway|Torterra, L50, M, shiny|100/100\n|switch|p2b: Jabba the Hut|Bellibolt, L50, M, shiny|100/100\n|turn|1\n|j| Poe Jar\n|c|☆Darkblazeken|glhf\n|\n|t:|1788262241\n|move|p1b: Smoky Quartz|Protect|p1b: Smoky Quartz\n|-singleturn|p1b: Smoky Quartz|Protect\n|move|p2a: Master Oogway|Wood Hammer|p1b: Smoky Quartz\n|-activate|p1b: Smoky Quartz|move: Protect\n|move|p2b: Jabba the Hut|Substitute|p2b: Jabba the Hut\n|-start|p2b: Jabba the Hut|Substitute\n|-damage|p2b: Jabba the Hut|75/100\n|move|p1a: Spinel|Trick Room|p1a: Spinel\n|-fieldstart|move: Trick Room|[of] p1a: Spinel\n|\n|upkeep\n|turn|2\n|\n|t:|1788262285\n|switch|p1b: Kyanite|Staraptor, L50, M, shiny|100/100\n|-ability|p1b: Kyanite|Intimidate|boost\n|-unboost|p2a: Master Oogway|atk|1\n|-immune|p2b: Jabba the Hut\n|move|p2b: Jabba the Hut|Parabolic Charge|p1b: Kyanite|[spread] p1a,p1b\n|-immune|p2a: Master Oogway\n|-crit|p1a: Spinel\n|-supereffective|p1b: Kyanite|1\n|-damage|p1a: Spinel|75/100\n|-heal|p2b: Jabba the Hut|92/100|[from] drain|[of] p1a: Spinel\n|-damage|p1b: Kyanite|36/100\n|-heal|p2b: Jabba the Hut|100/100|[from] drain|[of] p1b: Kyanite\n|move|p1a: Spinel|Encore|p2b: Jabba the Hut\n|-start|p2b: Jabba the Hut|Encore\n|move|p2a: Master Oogway|Headlong Rush|p1a: Spinel\n|-damage|p1a: Spinel|53/100\n|-unboost|p2a: Master Oogway|def|1\n|-unboost|p2a: Master Oogway|spd|1\n|\n|upkeep\n|turn|3\n|\n|t:|1788262321\n|move|p2b: Jabba the Hut|Parabolic Charge|p1a: Spinel|[spread] p1a,p1b\n|-immune|p2a: Master Oogway\n|-supereffective|p1b: Kyanite|1\n|-damage|p1a: Spinel|36/100\n|-damage|p1b: Kyanite|0 fnt\n|-enditem|p1a: Spinel|Sitrus Berry|[eat]\n|-heal|p1a: Spinel|61/100|[from] item: Sitrus Berry\n|faint|p1b: Kyanite\n|move|p1a: Spinel|Hyper Voice|p2b: Jabba the Hut|[spread] p2a,p2b\n|-damage|p2a: Master Oogway|68/100\n|-damage|p2b: Jabba the Hut|78/100\n|-start|p2b: Jabba the Hut|Charge|Hyper Voice|[from] ability: Electromorphosis\n|move|p2a: Master Oogway|Wood Hammer|p1a: Spinel\n|-damage|p1a: Spinel|37/100\n|-damage|p2a: Master Oogway|60/100|[from] Recoil\n|\n|upkeep\n|\n|t:|1788262332\n|switch|p1b: Fluorite|Blastoise, L50, F, shiny|100/100\n|turn|4\n|\n|t:|1788262360\n|detailschange|p1b: Fluorite|Blastoise-Mega, L50, F, shiny\n|-mega|p1b: Fluorite|Blastoise|Blastoisinite\n|move|p2b: Jabba the Hut|Parabolic Charge|p1b: Fluorite|[spread] p1a,p1b\n|-immune|p2a: Master Oogway\n|-supereffective|p1b: Fluorite|1\n|-damage|p1a: Spinel|7/100\n|-heal|p2b: Jabba the Hut|99/100|[from] drain|[of] p1a: Spinel\n|-damage|p1b: Fluorite|38/100\n|-heal|p2b: Jabba the Hut|100/100|[from] drain|[of] p1b: Fluorite\n|-end|p2b: Jabba the Hut|Charge|[silent]\n|move|p1a: Spinel|Instruct||[still]\n|-fail|p1a: Spinel\n|move|p2a: Master Oogway|Wood Hammer|p1b: Fluorite\n|-supereffective|p1b: Fluorite|1\n|-damage|p1b: Fluorite|0 fnt\n|faint|p1b: Fluorite\n|-damage|p2a: Master Oogway|49/100|[from] Recoil\n|\n|upkeep\n|\n|t:|1788262362\n|switch|p1b: Smoky Quartz|Garganacl, L50, F, shiny|100/100\n|turn|5\n|\n|t:|1788262388\n|move|p2a: Master Oogway|Protect|p2a: Master Oogway\n|-singleturn|p2a: Master Oogway|Protect\n|move|p1b: Smoky Quartz|Rock Blast|p2b: Jabba the Hut\n|-activate|p2b: Jabba the Hut|move: Substitute|[damage]\n|-activate|p2b: Jabba the Hut|move: Substitute|[damage]\n|-hitcount|p2b: Jabba the Hut|2\n|move|p2b: Jabba the Hut|Parabolic Charge|p1b: Smoky Quartz|[spread] p1a,p1b\n|-activate|p2a: Master Oogway|move: Protect\n|-damage|p1a: Spinel|0 fnt\n|-damage|p1b: Smoky Quartz|82/100\n|faint|p1a: Spinel\n|\n|-end|p2b: Jabba the Hut|Encore\n|-fieldend|move: Trick Room\n|upkeep\n|turn|6\n|\n|t:|1788262407\n|move|p2a: Master Oogway|Wood Hammer|p1b: Smoky Quartz\n|-supereffective|p1b: Smoky Quartz|1\n|-damage|p1b: Smoky Quartz|37/100\n|-damage|p2a: Master Oogway|34/100|[from] Recoil\n|move|p2b: Jabba the Hut|Muddy Water|p1b: Smoky Quartz\n|-supereffective|p1b: Smoky Quartz|1\n|-damage|p1b: Smoky Quartz|0 fnt\n|faint|p1b: Smoky Quartz\n|\n|win|true-infinity\n||Darkblazeken is ready for game 2.\n||Darkblazeken is ready for game 2.\n|inactive|true-infinity has 30 seconds to confirm battle start!\n|c|☆Darkblazeken|ggs\n|inactive|true-infinity has 20 seconds to confirm battle start!\n|inactive|true-infinity has 10 seconds to confirm battle start!\n|l|☆true-infinity\n|player|p2|\n|uhtml|next|Next: <a href=\"/battle-gen9championsvgc2026regmbbo3-2673815010\"><strong>Game 2 of 3</strong></a>\n|l| Poe Jar\n|j| jarichb\n|l|☆Darkblazeken\n|player|p1|\n|l| jarichb\n|j|☆true-infinity\n|player|p2|true-infinity|li|\n","uploadtime":1788263812,"views":"19","formatid":"gen9championsvgc2026regmbbo3","rating":null,"private":0,"password":null}