{"id":"gen9championsvgc2026regmb-2674671116","format":"[Gen 9 Champions] VGC 2026 Reg M-B","players":["Veinelso","cloyster01"],"log":"|j|☆Veinelso\n|j|☆cloyster01\n|inactive|Battle timer is ON: inactive players will automatically lose when time's up.\n|t:|1788388150\n|gametype|doubles\n|player|p1|Veinelso|az-lza|\n|player|p2|cloyster01|veteran|\n|gen|9\n|tier|[Gen 9 Champions] VGC 2026 Reg M-B\n|rated|Tournament battle\n|rule|Species Clause: Limit one of each Pokémon\n|rule|Item Clause: Limit 1 of each item\n|clearpoke\n|poke|p1|Floette-Eternal, L50, F|\n|poke|p1|Charizard, L50, F|\n|poke|p1|Whimsicott, L50, M|\n|poke|p1|Garchomp, L50, M|\n|poke|p1|Basculegion, L50, M|\n|poke|p1|Kingambit, L50, M|\n|poke|p2|Sneasler, L50, F|\n|poke|p2|Blastoise, L50, F|\n|poke|p2|Kingambit, L50, M|\n|poke|p2|Incineroar, L50, F|\n|poke|p2|Delphox, L50, F|\n|poke|p2|Sinistcha, L50|\n|teampreview|4\n|inactive|cloyster01 also wants the timer to be on.\n|inactive|Veinelso also wants the timer to be on.\ncloyster01 has agreed to open team sheets.\nVeinelso has agreed to open team sheets.\n|showteam|p1|Floette-Eternal||Floettite|FlowerVeil|Moonblast,DazzlingGleam,LightofRuin,Protect|Modest||F|||50|]Charizard||CharizarditeY|Blaze|HeatWave,WeatherBall,SolarBeam,Protect|Modest||F|||50|]Whimsicott||FocusSash|Prankster|Moonblast,Encore,Tailwind,Protect|Timid||M|||50|]Garchomp||LifeOrb|RoughSkin|DragonClaw,Earthquake,RockSlide,Protect|Jolly||M|||50|]Basculegion||MysticWater|Adaptability|WaveCrash,LastRespects,AquaJet,Protect|Adamant||M|||50|]Kingambit||ChopleBerry|Defiant|KowtowCleave,LowKick,SuckerPunch,Protect|Adamant||M|||50|\n|showteam|p2|Sneasler||FocusSash|PoisonTouch|PoisonJab,CloseCombat,FakeOut,QuickGuard|Jolly||F|||50|]Blastoise||Blastoisinite|RainDish|DarkPulse,WaterSpout,ShellSmash,Protect|Modest||F|||50|]Kingambit||BlackGlasses|Defiant|KowtowCleave,SuckerPunch,IronHead,Protect|Adamant||M|||50|]Incineroar||SitrusBerry|Intimidate|FlareBlitz,HelpingHand,PartingShot,FakeOut|Careful||F|||50|]Delphox||Delphoxite|Blaze|NastyPlot,HeatWave,Psyshock,Protect|Modest||F|||50|]Sinistcha||KasibBerry|Hospitality|MatchaGotcha,RagePowder,TrickRoom,Protect|Bold|||||50|\n|inactive|Veinelso has 60 seconds left.\n|inactive|cloyster01 has 60 seconds left.\n|\n|t:|1788388189\n|teamsize|p1|4\n|teamsize|p2|4\n|start\n|switch|p1a: Floette|Floette-Eternal, L50, F|100/100\n|switch|p1b: Whimsicott|Whimsicott, L50, M|100/100\n|switch|p2a: Sneasler|Sneasler, L50, F|100/100\n|switch|p2b: Delphox|Delphox, L50, F|100/100\n|turn|1\n|\n|t:|1788388207\n|detailschange|p2b: Delphox|Delphox-Mega, L50, F\n|-mega|p2b: Delphox|Delphox|Delphoxite\n|detailschange|p1a: Floette|Floette-Mega, L50, F\n|-mega|p1a: Floette|Floette|Floettite\n|-ability|p1a: Floette|Fairy Aura\n|move|p1b: Whimsicott|Protect|p1b: Whimsicott\n|-singleturn|p1b: Whimsicott|Protect\n|move|p2a: Sneasler|Poison Jab|p1a: Floette\n|-supereffective|p1a: Floette|1\n|-damage|p1a: Floette|0 fnt\n|faint|p1a: Floette\n|move|p2b: Delphox|Heat Wave|p1b: Whimsicott\n|-activate|p1b: Whimsicott|move: Protect\n|\n|upkeep\n|\n|t:|1788388226\n|switch|p1a: Basculegion|Basculegion, L50, M|100/100\n|turn|2\n|\n|t:|1788388241\n|move|p2b: Delphox|Protect|p2b: Delphox\n|-singleturn|p2b: Delphox|Protect\n|move|p1b: Whimsicott|Tailwind|p1b: Whimsicott\n|-sidestart|p1: Veinelso|move: Tailwind\n|move|p1a: Basculegion|Last Respects|p2b: Delphox\n|-activate|p2b: Delphox|move: Protect\n|move|p2a: Sneasler|Poison Jab|p1b: Whimsicott\n|-supereffective|p1b: Whimsicott|2\n|-enditem|p1b: Whimsicott|Focus Sash\n|-damage|p1b: Whimsicott|1/100\n|\n|upkeep\n|turn|3\n|\n|t:|1788388255\n|switch|p2b: Incineroar|Incineroar, L50, F|100/100\n|-ability|p2b: Incineroar|Intimidate|boost\n|-unboost|p1a: Basculegion|atk|1\n|-unboost|p1b: Whimsicott|atk|1\n|move|p1b: Whimsicott|Moonblast|p2a: Sneasler\n|-damage|p2a: Sneasler|52/100\n|move|p1a: Basculegion|Last Respects|p2a: Sneasler\n|-damage|p2a: Sneasler|0 fnt\n|faint|p2a: Sneasler\n|\n|upkeep\n|\n|t:|1788388271\n|switch|p2a: Delphox|Delphox-Mega, L50, F|100/100\n|turn|4\n|\n|t:|1788388284\n|switch|p1a: Garchomp|Garchomp, L50, M|100/100\n|move|p1b: Whimsicott|Protect|p1b: Whimsicott\n|-singleturn|p1b: Whimsicott|Protect\n|move|p2a: Delphox|Protect|p2a: Delphox\n|-singleturn|p2a: Delphox|Protect\n|move|p2b: Incineroar|Parting Shot|p1a: Garchomp\n|-unboost|p1a: Garchomp|atk|1\n|-unboost|p1a: Garchomp|spa|1\n|\n|t:|1788388289\n|switch|p2b: Sinistcha|Sinistcha, L50|100/100|[from] Parting Shot\n|\n|upkeep\n|turn|5\n|\n|t:|1788388312\n|switch|p2a: Incineroar|Incineroar, L50, F|100/100\n|-ability|p2a: Incineroar|Intimidate|boost\n|-unboost|p1a: Garchomp|atk|1\n|-unboost|p1b: Whimsicott|atk|1\n|move|p1b: Whimsicott|Moonblast|p2b: Sinistcha\n|-damage|p2b: Sinistcha|64/100\n|move|p1a: Garchomp|Rock Slide|p2b: Sinistcha|[spread] p2a,p2b\n|-supereffective|p2a: Incineroar|1\n|-damage|p2a: Incineroar|75/100\n|-damage|p2b: Sinistcha|51/100\n|-damage|p1a: Garchomp|90/100|[from] item: Life Orb\n|move|p2b: Sinistcha|Matcha Gotcha|p1b: Whimsicott|[spread] p1a\n|-miss|p2b: Sinistcha|p1b: Whimsicott\n|-damage|p1a: Garchomp|65/100\n|-heal|p2b: Sinistcha|64/100|[from] drain|[of] p1a: Garchomp\n|\n|-sideend|p1: Veinelso|move: Tailwind\n|upkeep\n|turn|6\n|c|☆Veinelso|mb\n|inactive|Veinelso has 30 seconds left.\n|inactive|cloyster01 has 30 seconds left.\n|inactive|Veinelso has 20 seconds left.\n|inactive|cloyster01 has 20 seconds left.\n|\n|t:|1788388352\n|move|p1b: Whimsicott|Protect|p1b: Whimsicott\n|-singleturn|p1b: Whimsicott|Protect\n|move|p1a: Garchomp|Earthquake|p2a: Incineroar|[spread] p2a,p2b\n|-activate|p1b: Whimsicott|move: Protect\n|-supereffective|p2a: Incineroar|1\n|-resisted|p2b: Sinistcha|1\n|-damage|p2a: Incineroar|25/100\n|-damage|p2b: Sinistcha|55/100\n|-enditem|p2a: Incineroar|Sitrus Berry|[eat]\n|-heal|p2a: Incineroar|50/100g|[from] item: Sitrus Berry\n|-damage|p1a: Garchomp|55/100|[from] item: Life Orb\n|move|p2a: Incineroar|Parting Shot|p1a: Garchomp\n|-unboost|p1a: Garchomp|atk|1\n|-unboost|p1a: Garchomp|spa|1\n|\n|t:|1788388363\n|switch|p2a: Delphox|Delphox-Mega, L50, F|100/100|[from] Parting Shot\n|move|p2b: Sinistcha|Trick Room|p2b: Sinistcha\n|-fieldstart|move: Trick Room|[of] p2b: Sinistcha\n|\n|upkeep\n|turn|7\n|\n|t:|1788388386\n|switch|p1a: Basculegion|Basculegion, L50, M|100/100\n|switch|p2a: Incineroar|Incineroar, L50, F|50/100g\n|-ability|p2a: Incineroar|Intimidate|boost\n|-unboost|p1a: Basculegion|atk|1\n|-unboost|p1b: Whimsicott|atk|1\n|move|p2b: Sinistcha|Protect|p2b: Sinistcha\n|-singleturn|p2b: Sinistcha|Protect\n|move|p1b: Whimsicott|Encore|p2b: Sinistcha\n|-activate|p2b: Sinistcha|move: Protect\n|\n|upkeep\n|turn|8\n|\n|t:|1788388400\n|switch|p1b: Garchomp|Garchomp, L50, M|55/100\n|move|p1a: Basculegion|Protect|p1a: Basculegion\n|-singleturn|p1a: Basculegion|Protect\n|move|p2a: Incineroar|Fake Out|p1b: Garchomp\n|-damage|p1b: Garchomp|44/100\n|-damage|p2a: Incineroar|38/100|[from] ability: Rough Skin|[of] p1b: Garchomp\n|move|p2b: Sinistcha|Matcha Gotcha|p1b: Garchomp|[spread] \n|-activate|p1a: Basculegion|move: Protect\n|-miss|p2b: Sinistcha|p1b: Garchomp\n|\n|upkeep\n|turn|9\n|inactive|Veinelso has 30 seconds left.\n|\n|t:|1788388426\n|move|p2a: Incineroar|Helping Hand|p2b: Sinistcha\n|-singleturn|p2b: Sinistcha|Helping Hand|[of] p2a: Incineroar\n|move|p1a: Basculegion|Aqua Jet|p2a: Incineroar\n|-supereffective|p2a: Incineroar|1\n|-damage|p2a: Incineroar|0 fnt\n|faint|p2a: Incineroar\n|move|p2b: Sinistcha|Matcha Gotcha|p1b: Garchomp|[spread] p1a\n|-miss|p2b: Sinistcha|p1b: Garchomp\n|-supereffective|p1a: Basculegion|1\n|-damage|p1a: Basculegion|23/100\n|-heal|p2b: Sinistcha|97/100|[from] drain|[of] p1a: Basculegion\n|move|p1b: Garchomp|Rock Slide|p2b: Sinistcha\n|-damage|p2b: Sinistcha|67/100\n|-damage|p1b: Garchomp|34/100|[from] item: Life Orb\n|\n|upkeep\n|\n|t:|1788388441\n|switch|p2a: Delphox|Delphox-Mega, L50, F|100/100\n|turn|10\n|\n|t:|1788388449\n|move|p1a: Basculegion|Protect|p1a: Basculegion\n|-singleturn|p1a: Basculegion|Protect\n|move|p1b: Garchomp|Protect|p1b: Garchomp\n|-singleturn|p1b: Garchomp|Protect\n|move|p2a: Delphox|Protect|p2a: Delphox\n|-singleturn|p2a: Delphox|Protect\n|move|p2b: Sinistcha|Matcha Gotcha|p1a: Basculegion|[spread] \n|-activate|p1a: Basculegion|move: Protect\n|-activate|p1b: Garchomp|move: Protect\n|\n|-fieldend|move: Trick Room\n|upkeep\n|turn|11\n|c|☆cloyster01|olha esse garchomp\n|\n|t:|1788388466\n|move|p2a: Delphox|Heat Wave|p1b: Garchomp|[spread] p1a,p1b\n|-resisted|p1a: Basculegion|1\n|-resisted|p1b: Garchomp|1\n|-damage|p1a: Basculegion|1/100\n|-damage|p1b: Garchomp|9/100\n|move|p1b: Garchomp|Dragon Claw|p2b: Sinistcha\n|-damage|p2b: Sinistcha|25/100\n|-damage|p1b: Garchomp|0 fnt|[from] item: Life Orb\n|faint|p1b: Garchomp\n|move|p1a: Basculegion|Last Respects|p2b: Sinistcha\n|-supereffective|p2b: Sinistcha|1\n|-enditem|p2b: Sinistcha|Kasib Berry|[eat]\n|-enditem|p2b: Sinistcha|Kasib Berry|[weaken]\n|-damage|p2b: Sinistcha|0 fnt\n|faint|p2b: Sinistcha\n|\n|upkeep\n|\n|t:|1788388473\n|switch|p1b: Whimsicott|Whimsicott, L50, M|1/100\n|turn|12\n|\n|t:|1788388478\n|move|p1b: Whimsicott|Tailwind|p1b: Whimsicott\n|-sidestart|p1: Veinelso|move: Tailwind\n|move|p1a: Basculegion|Last Respects|p2a: Delphox\n|-supereffective|p2a: Delphox|1\n|-damage|p2a: Delphox|0 fnt\n|faint|p2a: Delphox\n|\n|win|Veinelso\n|n|☆Veinelso|veinelso\n|n|☆cloyster01|cloyster01\n","uploadtime":1788388478,"views":"0","formatid":"gen9championsvgc2026regmb","rating":null,"private":0,"password":null}