{"id":"gen9championsvgc2026regmb-2674583018","format":"[Gen 9 Champions] VGC 2026 Reg M-B","players":["brocksbigbrother","RinsakuEnLinea"],"log":"|j|☆brocksbigbrother\n|j|☆RinsakuEnLinea\n|t:|1788376664\n|gametype|doubles\n|player|p1|brocksbigbrother|2|1053\n|player|p2|RinsakuEnLinea|acetrainersnow|1117\n|gen|9\n|tier|[Gen 9 Champions] VGC 2026 Reg M-B\n|rated|\n|rule|Species Clause: Limit one of each Pokémon\n|rule|Item Clause: Limit 1 of each item\n|clearpoke\n|poke|p1|Ninetales-Alola, L50, M|\n|poke|p1|Archaludon, L50, F|\n|poke|p1|Politoed, L50, M|\n|poke|p1|Garchomp, L50, M|\n|poke|p1|Staraptor, L50, F|\n|poke|p1|Whimsicott, L50, M|\n|poke|p2|Politoed, L50, F, shiny|\n|poke|p2|Skarmory, L50, F|\n|poke|p2|Sableye, L50, F|\n|poke|p2|Sneasler, L50, M|\n|poke|p2|Dragonite, L50, F|\n|poke|p2|Meganium, L50, M|\n|teampreview|4\n|inactive|Battle timer is ON: inactive players will automatically lose when time's up. (requested by brocksbigbrother)\n|\n|t:|1788376712\n|teamsize|p1|4\n|teamsize|p2|4\n|start\n|switch|p1a: Whimsicott|Whimsicott, L50, M|100/100\n|switch|p1b: Archaludon|Archaludon, L50, F|100/100\n|switch|p2a: Sableye|Sableye, L50, F|100/100\n|switch|p2b: Sneasler|Sneasler, L50, M|100/100\n|turn|1\n|inactive|brocksbigbrother has 30 seconds left.\n|inactive|brocksbigbrother has 20 seconds left.\n|inactive|brocksbigbrother has 15 seconds left.\n|inactive|RinsakuEnLinea has 30 seconds left.\n|inactive|brocksbigbrother has 10 seconds left.\n|\n|t:|1788376758\n|switch|p1a: Politoed|Politoed, L50, M|100/100\n|-weather|RainDance|[from] ability: Drizzle|[of] p1a: Politoed\n|move|p2a: Sableye|Swagger|p2b: Sneasler\n|-boost|p2b: Sneasler|atk|2\n|-start|p2b: Sneasler|confusion\n|-enditem|p2b: Sneasler|Lum Berry|[eat]\n|-end|p2b: Sneasler|confusion\n|move|p2b: Sneasler|Close Combat|p1b: Archaludon\n|-supereffective|p1b: Archaludon|1\n|-damage|p1b: Archaludon|0 fnt\n|-unboost|p2b: Sneasler|def|1\n|-unboost|p2b: Sneasler|spd|1\n|faint|p1b: Archaludon\n|\n|-weather|RainDance|[upkeep]\n|upkeep\n|c|☆brocksbigbrother|not bad\n|\n|t:|1788376777\n|switch|p1b: Whimsicott|Whimsicott, L50, M|100/100\n|turn|2\n|\n|t:|1788376791\n|move|p2a: Sableye|Feint|p1a: Politoed\n|-damage|p1a: Politoed|92/100\n|move|p1b: Whimsicott|Tailwind|p1b: Whimsicott\n|-sidestart|p1: brocksbigbrother|move: Tailwind\n|move|p2b: Sneasler|Close Combat|p1a: Politoed\n|-damage|p1a: Politoed|0 fnt\n|-unboost|p2b: Sneasler|def|1\n|-unboost|p2b: Sneasler|spd|1\n|faint|p1a: Politoed\n|\n|-weather|RainDance|[upkeep]\n|upkeep\n|\n|t:|1788376800\n|switch|p1a: Staraptor|Staraptor, L50, F|100/100\n|-ability|p1a: Staraptor|Intimidate|boost\n|-unboost|p2a: Sableye|atk|1\n|-unboost|p2b: Sneasler|atk|1\n|turn|3\n|inactive|RinsakuEnLinea has 30 seconds left.\n|c|☆brocksbigbrother|what feint do?\n|\n|t:|1788376833\n|move|p1a: Staraptor|Protect|p1a: Staraptor\n|-singleturn|p1a: Staraptor|Protect\n|move|p2a: Sableye|Feint|p1a: Staraptor\n|-activate|p1a: Staraptor|move: Feint\n|-damage|p1a: Staraptor|94/100\n|move|p2b: Sneasler|Close Combat|p1a: Staraptor\n|-damage|p1a: Staraptor|0 fnt\n|-unboost|p2b: Sneasler|def|1\n|-unboost|p2b: Sneasler|spd|1\n|faint|p1a: Staraptor\n|move|p1b: Whimsicott|Moonblast|p2b: Sneasler\n|-damage|p2b: Sneasler|0 fnt\n|faint|p2b: Sneasler\n|\n|-weather|RainDance|[upkeep]\n|upkeep\n|c|☆brocksbigbrother|oh wow\n|\n|t:|1788376850\n|switch|p2b: Politoed|Politoed, L50, F, shiny|100/100\n|turn|4\n|c|☆brocksbigbrother|n&gga f**k u\n|n|‽brocksbigbrother|brocksbigbrother\n|c|~|/log brocksbigbrother was locked from talking by Artemis. (☆brocksbigbrother: n&gga f**k u)\n|c|~|/raw <small>This action was done automatically. Want to learn more about the AI? <a href=\"https://www.smogon.com/forums/threads/3570628/#post-9056769\">Visit the information thread</a>.</small>\n|\n|t:|1788376872\n|move|p1b: Whimsicott|Tailwind||[still]\n|-fail|p1b: Whimsicott\n|move|p2a: Sableye|Swagger|p1b: Whimsicott\n|-boost|p1b: Whimsicott|atk|2\n|-start|p1b: Whimsicott|confusion\n|move|p2b: Politoed|Perish Song|p2b: Politoed\n|-start|p1b: Whimsicott|perish3|[silent]\n|-start|p2a: Sableye|perish3|[silent]\n|-start|p2b: Politoed|perish3|[silent]\n|-fieldactivate|move: Perish Song\n|\n|-weather|RainDance|[upkeep]\n|-start|p1b: Whimsicott|perish3\n|-start|p2b: Politoed|perish3\n|-start|p2a: Sableye|perish3\n|upkeep\n|turn|5\n|-message|brocksbigbrother forfeited.\n|\n|win|RinsakuEnLinea\n","uploadtime":1788376852,"views":"0","formatid":"gen9championsvgc2026regmb","rating":null,"private":0,"password":null}