{"id":"gen9championsvgc2026regmb-2674045542","format":"[Gen 9 Champions] VGC 2026 Reg M-B","players":["D357","thruxytwo"],"log":"|j|☆D357\n|j|☆thruxytwo\n|t:|1788292054\n|gametype|doubles\n|player|p1|D357|wallace|1666\n|player|p2|thruxytwo|blue|1805\n|gen|9\n|tier|[Gen 9 Champions] VGC 2026 Reg M-B\n|rated|\n|rule|Species Clause: Limit one of each Pokémon\n|rule|Item Clause: Limit 1 of each item\n|clearpoke\n|poke|p1|Staraptor, L50, M|\n|poke|p1|Whimsicott, L50, F|\n|poke|p1|Glimmora, L50, F|\n|poke|p1|Kingambit, L50, M|\n|poke|p1|Basculegion, L50, M|\n|poke|p1|Ninetales-Alola, L50, F|\n|poke|p2|Maushold-Four, L50|\n|poke|p2|Blastoise, L50, F, shiny|\n|poke|p2|Whimsicott, L50, M|\n|poke|p2|Kingambit, L50, F, shiny|\n|poke|p2|Basculegion, L50, M, shiny|\n|poke|p2|Sinistcha, L50|\n|teampreview|4\n|inactive|Battle timer is ON: inactive players will automatically lose when time's up. (requested by thruxytwo)\n|inactive|D357 has 60 seconds left.\n|\n|t:|1788292085\n|teamsize|p1|4\n|teamsize|p2|4\n|start\n|switch|p1a: Staraptor|Staraptor, L50, M|100/100\n|switch|p1b: Whimsicott|Whimsicott, L50, F|100/100\n|switch|p2a: Blastoise|Blastoise, L50, F, shiny|100/100\n|switch|p2b: Whimsicott|Whimsicott, L50, M|100/100\n|-ability|p1a: Staraptor|Intimidate|boost\n|-unboost|p2a: Blastoise|atk|1\n|-unboost|p2b: Whimsicott|atk|1\n|turn|1\n|\n|t:|1788292100\n|detailschange|p1a: Staraptor|Staraptor-Mega, L50, M\n|-mega|p1a: Staraptor|Staraptor|Staraptite\n|detailschange|p2a: Blastoise|Blastoise-Mega, L50, F, shiny\n|-mega|p2a: Blastoise|Blastoise|Blastoisinite\n|move|p2a: Blastoise|Fake Out|p1a: Staraptor\n|-damage|p1a: Staraptor|94/100\n|move|p1b: Whimsicott|Tailwind|p1b: Whimsicott\n|-sidestart|p1: D357|move: Tailwind\n|cant|p1a: Staraptor|flinch\n|move|p2b: Whimsicott|Moonblast|p1a: Staraptor\n|-supereffective|p1a: Staraptor|1\n|-damage|p1a: Staraptor|26/100\n|\n|upkeep\n|turn|2\n|inactive|thruxytwo has 30 seconds left.\n|\n|t:|1788292130\n|switch|p2a: Basculegion|Basculegion, L50, M, shiny|100/100\n|move|p1b: Whimsicott|Light Screen|p1b: Whimsicott\n|-sidestart|p1: D357|move: Light Screen\n|move|p2b: Whimsicott|Tailwind|p2b: Whimsicott\n|-sidestart|p2: thruxytwo|move: Tailwind\n|move|p1a: Staraptor|Close Combat|p2a: Basculegion\n|-immune|p2a: Basculegion\n|\n|upkeep\n|turn|3\n|\n|t:|1788292147\n|move|p1b: Whimsicott|Charm|p2a: Basculegion\n|-unboost|p2a: Basculegion|atk|2\n|move|p2a: Basculegion|Flip Turn|p1b: Whimsicott\n|-resisted|p1b: Whimsicott|1\n|-damage|p1b: Whimsicott|87/100\n|\n|t:|1788292153\n|switch|p2a: Blastoise|Blastoise-Mega, L50, F, shiny|100/100|[from] Flip Turn\n|move|p2b: Whimsicott|Moonblast|p1a: Staraptor\n|-supereffective|p1a: Staraptor|1\n|-damage|p1a: Staraptor|0 fnt\n|faint|p1a: Staraptor\n|\n|upkeep\n|\n|t:|1788292159\n|switch|p1a: Ninetales|Ninetales-Alola, L50, F|100/100\n|-weather|Snowscape|[from] ability: Snow Warning|[of] p1a: Ninetales\n|turn|4\n|\n|t:|1788292170\n|move|p2b: Whimsicott|Moonblast|p1b: Whimsicott\n|-damage|p1b: Whimsicott|53/100\n|-unboost|p1b: Whimsicott|spa|1\n|move|p1b: Whimsicott|Moonblast|p2b: Whimsicott\n|-damage|p2b: Whimsicott|62/100\n|move|p1a: Ninetales|Freeze-Dry|p2a: Blastoise\n|-supereffective|p2a: Blastoise|1\n|-damage|p2a: Blastoise|45/100\n|-damage|p1a: Ninetales|90/100|[from] item: Life Orb\n|move|p2a: Blastoise|Ice Beam|p1b: Whimsicott\n|-supereffective|p1b: Whimsicott|1\n|-damage|p1b: Whimsicott|0 fnt\n|faint|p1b: Whimsicott\n|\n|-weather|Snowscape|[upkeep]\n|-sideend|p1: D357|move: Tailwind\n|upkeep\n|\n|t:|1788292173\n|switch|p1b: Kingambit|Kingambit, L50, M|100/100\n|turn|5\n|j| erwgergergeg\n|l| erwgergergeg\n|\n|t:|1788292180\n|move|p2b: Whimsicott|Moonblast|p1b: Kingambit\n|-damage|p1b: Kingambit|79/100\n|-unboost|p1b: Kingambit|spa|1\n|-ability|p1b: Kingambit|Defiant|boost\n|-boost|p1b: Kingambit|atk|2\n|move|p2a: Blastoise|Aura Sphere|p1b: Kingambit\n|-supereffective|p1b: Kingambit|2\n|-enditem|p1b: Kingambit|Chople Berry|[eat]\n|-enditem|p1b: Kingambit|Chople Berry|[weaken]\n|-damage|p1b: Kingambit|25/100\n|move|p1a: Ninetales|Freeze-Dry|p2a: Blastoise\n|-supereffective|p2a: Blastoise|1\n|-damage|p2a: Blastoise|0 fnt\n|faint|p2a: Blastoise\n|-damage|p1a: Ninetales|80/100|[from] item: Life Orb\n|move|p1b: Kingambit|Iron Head|p2b: Whimsicott\n|-supereffective|p2b: Whimsicott|1\n|-damage|p2b: Whimsicott|0 fnt\n|faint|p2b: Whimsicott\n|\n|-weather|Snowscape|[upkeep]\n|-sideend|p2: thruxytwo|move: Tailwind\n|upkeep\n|\n|t:|1788292186\n|switch|p2b: Kingambit|Kingambit, L50, F, shiny|100/100\n|switch|p2a: Basculegion|Basculegion, L50, M, shiny|100/100\n|turn|6\n|\n|t:|1788292206\n|move|p2a: Basculegion|Aqua Jet|p1b: Kingambit\n|-damage|p1b: Kingambit|4/100\n|move|p1b: Kingambit|Sucker Punch||[still]\n|-fail|p1b: Kingambit\n|move|p1a: Ninetales|Blizzard|p2b: Kingambit|[spread] p2a,p2b\n|-resisted|p2a: Basculegion|1\n|-resisted|p2b: Kingambit|1\n|-damage|p2a: Basculegion|75/100\n|-damage|p2b: Kingambit|81/100\n|-damage|p1a: Ninetales|70/100|[from] item: Life Orb\n|move|p2b: Kingambit|Iron Head|p1a: Ninetales\n|-supereffective|p1a: Ninetales|2\n|-damage|p1a: Ninetales|0 fnt\n|faint|p1a: Ninetales\n|\n|-weather|Snowscape|[upkeep]\n|-sideend|p1: D357|move: Light Screen\n|upkeep\n|turn|7\n|-message|D357 forfeited.\n|\n|win|thruxytwo\n|raw|D357's rating: 1666 &rarr; <strong>1654</strong><br />(-12 for losing)\n|raw|thruxytwo's rating: 1805 &rarr; <strong>1817</strong><br />(+12 for winning)\n|l|☆D357\n|player|p1|\n","uploadtime":1788292221,"views":"11","formatid":"gen9championsvgc2026regmb","rating":1654,"private":0,"password":null}