{"id":"gen9championsvgc2026regmbbo3-2674611845","format":"[Gen 9 Champions] VGC 2026 Reg M-B (Bo3)","players":["blazikensexy18","goldiv2"],"log":"|j|☆blazikensexy18\n|j|☆goldiv2\n|html|<table width=\"100%\"><tr><td align=\"left\">blazikensexy18</td><td align=\"right\">goldiv2</tr><tr><td align=\"left\"><i class=\"fa fa-circle-o\"></i> <i class=\"fa fa-circle-o\"></i> </td><td align=\"right\"><i class=\"fa fa-circle-o\"></i> <i class=\"fa fa-circle\"></i> </tr></table>\n|uhtml|bestof|<h2><strong>Game 2</strong> of <a href=\"/game-bestof3-gen9championsvgc2026regmbbo3-2674607830\">a best-of-3</a></h2>\n|t:|1788380161\n|gametype|doubles\n|player|p1|blazikensexy18|102|\n|player|p2|goldiv2|169|\n|gen|9\n|tier|[Gen 9 Champions] VGC 2026 Reg M-B (Bo3)\n|rule|Species Clause: Limit one of each Pokémon\n|rule|Item Clause: Limit 1 of each item\n|clearpoke\n|poke|p1|Venusaur, L50, M|\n|poke|p1|Charizard, L50, M|\n|poke|p1|Incineroar, L50, M|\n|poke|p1|Sylveon, L50, M|\n|poke|p1|Garchomp, L50, M|\n|poke|p1|Toxapex, L50, F|\n|poke|p2|Blastoise, L50, M|\n|poke|p2|Delphox, L50, M|\n|poke|p2|Sinistcha-Masterpiece, L50|\n|poke|p2|Sneasler, L50, F|\n|poke|p2|Kingambit, L50, M|\n|poke|p2|Incineroar, L50, M|\n|teampreview|4\n|showteam|p1|Venusaur||LifeOrb|Chlorophyll|SludgeBomb,LeafStorm,EarthPower,Protect|Modest||M|||50|]Charizard||CharizarditeY|Blaze|HeatWave,WeatherBall,AncientPower,Protect|Timid||M|||50|]Incineroar||SitrusBerry|Intimidate|FakeOut,FlareBlitz,PartingShot,ThroatChop|Impish||M|||50|]Sylveon||FairyFeather|Pixilate|HyperVoice,Yawn,QuickAttack,Protect|Modest||M|||50|]Garchomp||ChoiceScarf|RoughSkin|StompingTantrum,DragonClaw,RockSlide,Earthquake|Adamant||M|||50|]Toxapex||Leftovers|Regenerator|Infestation,WideGuard,Toxic,BanefulBunker|Bold||F|||50|\n|showteam|p2|Blastoise||Blastoisinite|RainDish|WaterSpout,DarkPulse,ShellSmash,Protect|Modest||M|||50|]Delphox||Delphoxite|Blaze|HeatWave,Psychic,NastyPlot,Protect|Timid||M|||50|]Sinistcha-Masterpiece||ColburBerry|Hospitality|MatchaGotcha,RagePowder,TrickRoom,Protect|Bold|||||50|]Sneasler||FocusSash|PoisonTouch|FakeOut,PoisonJab,CloseCombat,QuickGuard|Jolly||F|||50|]Kingambit||LifeOrb|Defiant|KowtowCleave,SuckerPunch,SwordsDance,Protect|Adamant||M|||50|]Incineroar||SitrusBerry|Intimidate|FakeOut,FlareBlitz,ThroatChop,PartingShot|Careful||M|||50|\n|j| oscraft89\n|j| CyL Torch\n|j| Hugordo\n|j| neweranemesis\n|inactive|Battle timer is ON: inactive players will automatically lose when time's up. (requested by goldiv2)\n|j| BygameJorge\n|\n|t:|1788380193\n|teamsize|p1|4\n|teamsize|p2|4\n|start\n|switch|p1a: Venusaur|Venusaur, L50, M|100/100\n|switch|p1b: Charizard|Charizard, L50, M|100/100\n|switch|p2a: Delphox|Delphox, L50, M|100/100\n|switch|p2b: Sneasler|Sneasler, L50, F|100/100\n|turn|1\n|inactive|blazikensexy18 has 30 seconds left.\n|\n|t:|1788380227\n|switch|p1b: Incineroar|Incineroar, L50, M|100/100\n|-ability|p1b: Incineroar|Intimidate|boost\n|-unboost|p2a: Delphox|atk|1\n|-unboost|p2b: Sneasler|atk|1\n|detailschange|p2a: Delphox|Delphox-Mega, L50, M\n|-mega|p2a: Delphox|Delphox|Delphoxite\n|move|p2b: Sneasler|Fake Out|p1b: Incineroar\n|-crit|p1b: Incineroar\n|-damage|p1b: Incineroar|84/100\n|move|p2a: Delphox|Nasty Plot|p2a: Delphox\n|-boost|p2a: Delphox|spa|2\n|move|p1a: Venusaur|Earth Power|p2b: Sneasler\n|-supereffective|p2b: Sneasler|1\n|-damage|p2b: Sneasler|5/100\n|-unboost|p2b: Sneasler|spd|1\n|-damage|p1a: Venusaur|90/100|[from] item: Life Orb\n|\n|upkeep\n|turn|2\n|inactive|blazikensexy18 has 30 seconds left.\n|\n|t:|1788380253\n|move|p1a: Venusaur|Protect|p1a: Venusaur\n|-singleturn|p1a: Venusaur|Protect\n|move|p2b: Sneasler|Quick Guard|p2b: Sneasler\n|-singleturn|p2b: Sneasler|Quick Guard\n|move|p2a: Delphox|Heat Wave|p1b: Incineroar|[spread] p1b\n|-activate|p1a: Venusaur|move: Protect\n|-resisted|p1b: Incineroar|1\n|-crit|p1b: Incineroar\n|-damage|p1b: Incineroar|27/100\n|-enditem|p1b: Incineroar|Sitrus Berry|[eat]\n|-heal|p1b: Incineroar|52/100|[from] item: Sitrus Berry\n|move|p1b: Incineroar|Parting Shot|p2b: Sneasler\n|-unboost|p2b: Sneasler|atk|1\n|-unboost|p2b: Sneasler|spa|1\n|\n|t:|1788380274\n|switch|p1b: Charizard|Charizard, L50, M|100/100|[from] Parting Shot\n|\n|upkeep\n|turn|3\n|\n|t:|1788380285\n|switch|p2b: Incineroar|Incineroar, L50, M|100/100\n|-ability|p2b: Incineroar|Intimidate|boost\n|-unboost|p1a: Venusaur|atk|1\n|-unboost|p1b: Charizard|atk|1\n|switch|p1a: Incineroar|Incineroar, L50, M|52/100\n|-ability|p1a: Incineroar|Intimidate|boost\n|-unboost|p2a: Delphox|atk|1\n|-unboost|p2b: Incineroar|atk|1\n|detailschange|p1b: Charizard|Charizard-Mega-Y, L50, M\n|-mega|p1b: Charizard|Charizard|Charizardite Y\n|-weather|SunnyDay|[from] ability: Drought|[of] p1b: Charizard\n|move|p2a: Delphox|Heat Wave|p1b: Charizard|[spread] p1a,p1b\n|-resisted|p1a: Incineroar|1\n|-resisted|p1b: Charizard|1\n|-damage|p1a: Incineroar|0 fnt\n|-damage|p1b: Charizard|44/100\n|faint|p1a: Incineroar\n|move|p1b: Charizard|Heat Wave|p2a: Delphox|[spread] p2a,p2b\n|-resisted|p2a: Delphox|1\n|-resisted|p2b: Incineroar|1\n|-damage|p2a: Delphox|73/100\n|-damage|p2b: Incineroar|75/100\n|\n|-weather|SunnyDay|[upkeep]\n|upkeep\n|l| Hugordo\n|\n|t:|1788380305\n|switch|p1a: Garchomp|Garchomp, L50, M|100/100\n|turn|4\n|\n|t:|1788380314\n|move|p1b: Charizard|Protect|p1b: Charizard\n|-singleturn|p1b: Charizard|Protect\n|move|p2b: Incineroar|Fake Out|p1a: Garchomp\n|-damage|p1a: Garchomp|92/100\n|-damage|p2b: Incineroar|63/100|[from] ability: Rough Skin|[of] p1a: Garchomp\n|cant|p1a: Garchomp|flinch\n|move|p2a: Delphox|Psychic|p1b: Charizard\n|-activate|p1b: Charizard|move: Protect\n|\n|-weather|SunnyDay|[upkeep]\n|upkeep\n|turn|5\n|\n|t:|1788380336\n|switch|p2b: Sinistcha|Sinistcha-Masterpiece, L50|100/100\n|-heal|p2a: Delphox|98/100|[from] ability: Hospitality|[of] p2b: Sinistcha\n|move|p1a: Garchomp|Rock Slide|p2a: Delphox|[spread] p2a,p2b\n|-supereffective|p2a: Delphox|1\n|-damage|p2a: Delphox|45/100\n|-damage|p2b: Sinistcha|84/100\n|move|p2a: Delphox|Psychic|p1b: Charizard\n|-damage|p1b: Charizard|0 fnt\n|faint|p1b: Charizard\n|\n|-weather|SunnyDay|[upkeep]\n|upkeep\n|\n|t:|1788380346\n|switch|p1b: Venusaur|Venusaur, L50, M|90/100\n|turn|6\n|\n|t:|1788380351\n|switch|p2b: Incineroar|Incineroar, L50, M|63/100\n|-ability|p2b: Incineroar|Intimidate|boost\n|-unboost|p1a: Garchomp|atk|1\n|-unboost|p1b: Venusaur|atk|1\n|move|p2a: Delphox|Protect|p2a: Delphox\n|-singleturn|p2a: Delphox|Protect\n|move|p1b: Venusaur|Sludge Bomb|p2b: Incineroar\n|-damage|p2b: Incineroar|15/100\n|-enditem|p2b: Incineroar|Sitrus Berry|[eat]\n|-heal|p2b: Incineroar|40/100|[from] item: Sitrus Berry\n|-damage|p1b: Venusaur|80/100|[from] item: Life Orb\n|move|p1a: Garchomp|Rock Slide|p2a: Delphox|[spread] p2b\n|-activate|p2a: Delphox|move: Protect\n|-supereffective|p2b: Incineroar|1\n|-crit|p2b: Incineroar\n|-damage|p2b: Incineroar|0 fnt\n|faint|p2b: Incineroar\n|\n|-weather|SunnyDay|[upkeep]\n|upkeep\n|\n|t:|1788380374\n|switch|p2b: Sinistcha|Sinistcha-Masterpiece, L50|84/100\n|-heal|p2a: Delphox|69/100|[from] ability: Hospitality|[of] p2b: Sinistcha\n|turn|7\n|\n|t:|1788380390\n|switch|p2a: Sneasler|Sneasler, L50, F|5/100\n|move|p1b: Venusaur|Sludge Bomb|p2a: Sneasler\n|-resisted|p2a: Sneasler|1\n|-damage|p2a: Sneasler|0 fnt\n|faint|p2a: Sneasler\n|-damage|p1b: Venusaur|71/100|[from] item: Life Orb\n|move|p1a: Garchomp|Rock Slide|p2b: Sinistcha\n|-damage|p2b: Sinistcha|68/100\n|move|p2b: Sinistcha|Matcha Gotcha|p1a: Garchomp|[spread] p1a,p1b\n|-resisted|p1b: Venusaur|2\n|-damage|p1a: Garchomp|65/100\n|-heal|p2b: Sinistcha|83/100|[from] drain|[of] p1a: Garchomp\n|-damage|p1b: Venusaur|64/100\n|-heal|p2b: Sinistcha|86/100|[from] drain|[of] p1b: Venusaur\n|\n|-weather|none\n|upkeep\n|\n|t:|1788380410\n|switch|p2a: Delphox|Delphox-Mega, L50, M|69/100\n|turn|8\n|\n|t:|1788380420\n|move|p1b: Venusaur|Protect|p1b: Venusaur\n|-singleturn|p1b: Venusaur|Protect\n|move|p1a: Garchomp|Rock Slide|p2a: Delphox|[spread] p2a,p2b\n|-supereffective|p2a: Delphox|1\n|-damage|p2a: Delphox|32/100\n|-damage|p2b: Sinistcha|75/100\n|cant|p2a: Delphox|flinch\n|move|p2b: Sinistcha|Matcha Gotcha|p1b: Venusaur|[spread] p1a\n|-activate|p1b: Venusaur|move: Protect\n|-damage|p1a: Garchomp|38/100\n|-heal|p2b: Sinistcha|89/100|[from] drain|[of] p1a: Garchomp\n|-status|p1a: Garchomp|brn\n|\n|-damage|p1a: Garchomp|32/100 brn|[from] brn\n|upkeep\n|turn|9\n|\n|t:|1788380440\n|move|p1b: Venusaur|Protect||[still]\n|-fail|p1b: Venusaur\n|move|p1a: Garchomp|Rock Slide|p2b: Sinistcha|[spread] p2a,p2b\n|-supereffective|p2a: Delphox|1\n|-damage|p2a: Delphox|14/100\n|-damage|p2b: Sinistcha|83/100\n|cant|p2a: Delphox|flinch\n|move|p2b: Sinistcha|Matcha Gotcha|p1a: Garchomp|[spread] p1a,p1b\n|-resisted|p1b: Venusaur|2\n|-damage|p1a: Garchomp|4/100 brn\n|-heal|p2b: Sinistcha|98/100|[from] drain|[of] p1a: Garchomp\n|-damage|p1b: Venusaur|56/100\n|-heal|p2b: Sinistcha|100/100|[from] drain|[of] p1b: Venusaur\n|\n|-damage|p1a: Garchomp|0 fnt|[from] brn\n|faint|p1a: Garchomp\n|upkeep\n|turn|10\n|c|☆blazikensexy18|Ggs!\n|\n|t:|1788380460\n|move|p2a: Delphox|Psychic|p1b: Venusaur\n|-supereffective|p1b: Venusaur|1\n|-damage|p1b: Venusaur|0 fnt\n|faint|p1b: Venusaur\n|\n|win|goldiv2\n|c|☆goldiv2|ggs\n|c|☆blazikensexy18|Bien jugado\n|l| BygameJorge\n|l| neweranemesis\n|c|☆goldiv2|igualmente\n|c|☆blazikensexy18|Suerte en otras jornadas!\n|l|☆blazikensexy18\n|player|p1|\n|c|☆goldiv2|lo mismo digo\n","uploadtime":1788380559,"views":"5","formatid":"gen9championsvgc2026regmbbo3","rating":null,"private":0,"password":null}