{"id":"gen9championsvgc2026regmb-2674293943","format":"[Gen 9 Champions] VGC 2026 Reg M-B","players":["RK9 Only","Mavtato"],"log":"|j|☆RK9 Only\n|j|☆Mavtato\n|t:|1788333867\n|gametype|doubles\n|player|p1|RK9 Only|crasherwake|1249\n|player|p2|Mavtato|proton|1167\n|gen|9\n|tier|[Gen 9 Champions] VGC 2026 Reg M-B\n|rated|\n|rule|Species Clause: Limit one of each Pokémon\n|rule|Item Clause: Limit 1 of each item\n|clearpoke\n|poke|p1|Sableye, L50, M|\n|poke|p1|Sneasler, L50, F|\n|poke|p1|Metagross, L50|\n|poke|p1|Sinistcha, L50|\n|poke|p1|Pelipper, L50, M|\n|poke|p1|Incineroar, L50, M|\n|poke|p2|Raichu, L50, M|\n|poke|p2|Kingambit, L50, M|\n|poke|p2|Garchomp, L50, M|\n|poke|p2|Ninetales-Alola, L50, M|\n|poke|p2|Farigiraf, L50, F|\n|poke|p2|Basculegion, L50, M|\n|teampreview|4\n|inactive|Battle timer is ON: inactive players will automatically lose when time's up. (requested by Mavtato)\nRK9 Only rejected open team sheets.\n|inactive|RK9 Only has 60 seconds left.\n|\n|t:|1788333904\n|teamsize|p1|4\n|teamsize|p2|4\n|start\n|switch|p1a: spiderman|Sableye, L50, M|100/100\n|switch|p1b: evilman|Sneasler, L50, F|100/100\n|switch|p2a: Basculegion|Basculegion, L50, M|100/100\n|switch|p2b: Ninetales|Ninetales-Alola, L50, M|100/100\n|-weather|Snowscape|[from] ability: Snow Warning|[of] p2b: Ninetales\n|turn|1\n|l|☆Mavtato\n|inactive|Mavtato disconnected and has a minute to reconnect!\n|player|p2|\n|inactive|Mavtato has 30 seconds left.\n|inactive|Mavtato has 20 seconds left.\n|inactive|Mavtato has 15 seconds left.\n|j|☆Mavtato\n|inactive|Mavtato reconnected and has 15 seconds left.\n|player|p2|Mavtato|proton|\n|inactive|Mavtato has 10 seconds left.\n|\n|t:|1788333953\n|move|p2b: Ninetales|Protect|p2b: Ninetales\n|-singleturn|p2b: Ninetales|Protect\n|move|p1a: spiderman|Swagger|p1b: evilman\n|-boost|p1b: evilman|atk|2\n|-start|p1b: evilman|confusion\n|-enditem|p1b: evilman|Lum Berry|[eat]\n|-end|p1b: evilman|confusion\n|move|p1b: evilman|Throat Chop|p2a: Basculegion\n|-supereffective|p2a: Basculegion|1\n|-damage|p2a: Basculegion|0 fnt\n|faint|p2a: Basculegion\n|\n|-weather|Snowscape|[upkeep]\n|upkeep\n|c|☆RK9 Only|yeeeeeeeeeeeeeeeeeeah\n|inactive|Mavtato has 30 seconds left.\n|c|☆Mavtato|Youre a fucking loser and nobody loves you irl\n|n|‽Mavtato|mavtato\n|c|~|/log Mavtato was locked from talking by Artemis. (☆Mavtato: Youre a fucking loser and nobody loves you irl)\n|c|~|/raw <small>This action was done automatically. Want to learn more about the AI? <a href=\"https://www.smogon.com/forums/threads/3570628/#post-9056769\">Visit the information thread</a>.</small>\n|inactive|Mavtato has 20 seconds left.\n|\n|t:|1788333993\n|switch|p2a: Garchomp|Garchomp, L50, M|100/100\n|turn|2\n|\n|t:|1788334014\n|move|p1a: spiderman|Light Screen|p1a: spiderman\n|-sidestart|p1: RK9 Only|move: Light Screen\n|move|p1b: evilman|Close Combat|p2a: Garchomp\n|-damage|p2a: Garchomp|0 fnt\n|-unboost|p1b: evilman|def|1\n|-unboost|p1b: evilman|spd|1\n|-damage|p1b: evilman|87/100|[from] ability: Rough Skin|[of] p2a: Garchomp\n|faint|p2a: Garchomp\n|move|p2b: Ninetales|Blizzard|p1a: spiderman|[spread] p1a,p1b\n|-damage|p1a: spiderman|71/100\n|-damage|p1b: evilman|42/100\n|-status|p1a: spiderman|frz\n|\n|-weather|Snowscape|[upkeep]\n|upkeep\n|\n|t:|1788334020\n|switch|p2a: Kingambit|Kingambit, L50, M|100/100\n|turn|3\n|c|☆RK9 Only|easy\n|\n|t:|1788334033\n|move|p2a: Kingambit|Sucker Punch|p1b: evilman\n|-resisted|p1b: evilman|1\n|-damage|p1b: evilman|0 fnt\n|faint|p1b: evilman\n|cant|p1a: spiderman|frz\n|move|p2b: Ninetales|Blizzard|p1a: spiderman\n|-crit|p1a: spiderman\n|-damage|p1a: spiderman|0 fnt\n|faint|p1a: spiderman\n|\n|-weather|Snowscape|[upkeep]\n|upkeep\n|\n|t:|1788334043\n|switch|p1b: chinaman|Sinistcha, L50|100/100\n|switch|p1a: Incineroar|Incineroar, L50, M|100/100\n|-ability|p1a: Incineroar|Intimidate|boost\n|-unboost|p2a: Kingambit|atk|1\n|-ability|p2a: Kingambit|Defiant|boost\n|-boost|p2a: Kingambit|atk|2\n|-unboost|p2b: Ninetales|atk|1\n|turn|4\n|\n|t:|1788334058\n|move|p2b: Ninetales|Protect|p2b: Ninetales\n|-singleturn|p2b: Ninetales|Protect\n|move|p2a: Kingambit|Protect|p2a: Kingambit\n|-singleturn|p2a: Kingambit|Protect\n|move|p1a: Incineroar|Fake Out|p2a: Kingambit\n|-activate|p2a: Kingambit|move: Protect\n|move|p1b: chinaman|Matcha Gotcha|p2a: Kingambit|[spread] \n|-activate|p2a: Kingambit|move: Protect\n|-activate|p2b: Ninetales|move: Protect\n|\n|-weather|Snowscape|[upkeep]\n|upkeep\n|turn|5\n|inactive|RK9 Only has 30 seconds left.\n|inactive|Mavtato has 30 seconds left.\n|\n|t:|1788334092\n|move|p2b: Ninetales|Aurora Veil|p2b: Ninetales\n|-sidestart|p2: Mavtato|move: Aurora Veil\n|move|p1b: chinaman|Matcha Gotcha|p2a: Kingambit|[spread] p2a,p2b\n|-resisted|p2a: Kingambit|1\n|-damage|p2a: Kingambit|92/100\n|-damage|p2b: Ninetales|79/100\n|-status|p2a: Kingambit|brn\n|move|p1a: Incineroar|Flare Blitz|p2a: Kingambit\n|-supereffective|p2a: Kingambit|1\n|-damage|p2a: Kingambit|30/100 brn\n|-damage|p1a: Incineroar|77/100|[from] Recoil\n|move|p2a: Kingambit|Kowtow Cleave|p1b: chinaman\n|-supereffective|p1b: chinaman|1\n|-damage|p1b: chinaman|34/100\n|-enditem|p1b: chinaman|Sitrus Berry|[eat]\n|-heal|p1b: chinaman|58/100|[from] item: Sitrus Berry\n|\n|-weather|none\n|-heal|p1a: Incineroar|83/100|[from] item: Leftovers\n|-damage|p2a: Kingambit|24/100 brn|[from] brn\n|upkeep\n|turn|6\n|c|☆RK9 Only|yeeeeeeeeeeeeeeeeeeeeeeah\n|inactive|Mavtato has 30 seconds left.\n|\n|t:|1788334117\n|move|p2a: Kingambit|Sucker Punch||[still]\n|-fail|p2a: Kingambit\n|move|p2b: Ninetales|Moonblast|p1b: chinaman\n|-damage|p1b: chinaman|32/100\n|-unboost|p1b: chinaman|spa|1\n|move|p1b: chinaman|Life Dew|p1b: chinaman|[spread] p1a,p1b\n|-heal|p1a: Incineroar|100/100\n|-heal|p1b: chinaman|57/100\n|move|p1a: Incineroar|Flare Blitz|p2a: Kingambit\n|-supereffective|p2a: Kingambit|1\n|-crit|p2a: Kingambit\n|-damage|p2a: Kingambit|0 fnt\n|faint|p2a: Kingambit\n|-damage|p1a: Incineroar|91/100|[from] Recoil\n|\n|-heal|p1a: Incineroar|97/100|[from] item: Leftovers\n|upkeep\n|turn|7\n|-message|Mavtato forfeited.\n|\n|win|RK9 Only\n","uploadtime":1788333978,"views":"2","formatid":"gen9championsvgc2026regmb","rating":null,"private":0,"password":null}