{"id":"gen9championsvgc2026regmbbo3-2673430133","format":"[Gen 9 Champions] VGC 2026 Reg M-B (Bo3)","players":["Nephele-13","jeanryupr"],"log":"|j|☆Nephele-13\n|j|☆jeanryupr\n|html|<table width=\"100%\"><tr><td align=\"left\">Nephele-13</td><td align=\"right\">jeanryupr</tr><tr><td align=\"left\"><i class=\"fa fa-circle\"></i> <i class=\"fa fa-circle-o\"></i> </td><td align=\"right\"><i class=\"fa fa-circle-o\"></i> <i class=\"fa fa-circle\"></i> </tr></table>\n|uhtml|bestof|<h2><strong>Game 3</strong> of <a href=\"/game-bestof3-gen9championsvgc2026regmbbo3-2673425398\">a best-of-3</a></h2>\n|t:|1788196827\n|gametype|doubles\n|player|p1|Nephele-13|roxie|1232\n|player|p2|jeanryupr|265|1319\n|gen|9\n|tier|[Gen 9 Champions] VGC 2026 Reg M-B (Bo3)\n|rated|\n|rule|Species Clause: Limit one of each Pokémon\n|rule|Item Clause: Limit 1 of each item\n|clearpoke\n|poke|p1|Delphox, L50, M|\n|poke|p1|Floette-Eternal, L50, F|\n|poke|p1|Incineroar, L50, F|\n|poke|p1|Sneasler, L50, F|\n|poke|p1|Sinistcha, L50|\n|poke|p1|Samurott-Hisui, L50, M|\n|poke|p2|Scovillain, L50, F, shiny|\n|poke|p2|Basculegion, L50, M|\n|poke|p2|Kingambit, L50, M|\n|poke|p2|Sneasler, L50, F|\n|poke|p2|Lycanroc-Dusk, L50, F|\n|poke|p2|Froslass, L50, F|\n|teampreview|4\n|showteam|p1|Delphox||Delphoxite|Blaze|HeatWave,Psychic,NastyPlot,Protect|Timid||M|||50|]Floette-Eternal||Floettite|FlowerVeil|Moonblast,CalmMind,DazzlingGleam,Protect|Modest||F|||50|]Incineroar||SitrusBerry|Intimidate|FakeOut,FlareBlitz,DarkestLariat,PartingShot|Careful||F|||50|]Sneasler||FocusSash|PoisonTouch|FakeOut,QuickGuard,PoisonJab,CloseCombat|Jolly||F|||50|]Sinistcha||OccaBerry|Hospitality|Protect,MatchaGotcha,RagePowder,LifeDew|Relaxed|||||50|]Samurott-Hisui||ChoiceScarf|Sharpness|RazorShell,NightSlash,SacredSword,FlipTurn|Jolly||M|||50|\n|showteam|p2|Scovillain||Scovillainite|Moody|GigaDrain,Overheat,RagePowder,Protect|Bold||F|||50|]Basculegion||LifeOrb|Adaptability|WaveCrash,LastRespects,AquaJet,Protect|Adamant||M|||50|]Kingambit||BlackGlasses|Defiant|KowtowCleave,SuckerPunch,SwordsDance,Protect|Adamant||M|||50|]Sneasler||WhiteHerb|Unburden|CloseCombat,DireClaw,Protect,FakeOut|Adamant||F|||50|]Lycanroc-Dusk||FocusSash|ToughClaws|CloseCombat,Accelerock,RockSlide,Protect|Adamant||F|||50|]Froslass||Froslassite|CursedBody|Blizzard,ShadowBall,AuroraVeil,Protect|Timid||F|||50|\n|inactive|Battle timer is ON: inactive players will automatically lose when time's up. (requested by Nephele-13)\n|\n|t:|1788196869\n|teamsize|p1|4\n|teamsize|p2|4\n|start\n|switch|p1a: Sneasler|Sneasler, L50, F|100/100\n|switch|p1b: Samurott|Samurott-Hisui, L50, M|100/100\n|switch|p2a: Scovillain|Scovillain, L50, F, shiny|100/100\n|switch|p2b: Basculegion|Basculegion, L50, M|100/100\n|turn|1\n|\n|t:|1788196885\n|switch|p1a: Incineroar|Incineroar, L50, F|100/100\n|-ability|p1a: Incineroar|Intimidate|boost\n|-unboost|p2a: Scovillain|atk|1\n|-unboost|p2b: Basculegion|atk|1\n|move|p2b: Basculegion|Protect|p2b: Basculegion\n|-singleturn|p2b: Basculegion|Protect\n|move|p2a: Scovillain|Protect|p2a: Scovillain\n|-singleturn|p2a: Scovillain|Protect\n|move|p1b: Samurott|Night Slash|p2b: Basculegion\n|-activate|p2b: Basculegion|move: Protect\n|\n|-ability|p2a: Scovillain|Moody|boost\n|-boost|p2a: Scovillain|spa|2\n|-unboost|p2a: Scovillain|atk|1\n|upkeep\n|turn|2\n|\n|t:|1788196906\n|switch|p2b: Sneasler|Sneasler, L50, F|100/100\n|detailschange|p2a: Scovillain|Scovillain-Mega, L50, F, shiny\n|-mega|p2a: Scovillain|Scovillain|Scovillainite\n|move|p1a: Incineroar|Fake Out|p2a: Scovillain\n|-damage|p2a: Scovillain|90/100\n|cant|p2a: Scovillain|flinch\n|move|p1b: Samurott|Night Slash|p2b: Sneasler\n|-resisted|p2b: Sneasler|1\n|-damage|p2b: Sneasler|67/100\n|\n|upkeep\n|turn|3\n|\n|t:|1788196927\n|switch|p1b: Delphox|Delphox, L50, M|100/100\n|switch|p1a: Sneasler|Sneasler, L50, F|100/100\n|move|p2a: Scovillain|Rage Powder|p2a: Scovillain\n|-singleturn|p2a: Scovillain|move: Rage Powder\n|move|p2b: Sneasler|Close Combat|p1a: Sneasler\n|-resisted|p1a: Sneasler|1\n|-damage|p1a: Sneasler|47/100\n|-unboost|p2b: Sneasler|def|1\n|-unboost|p2b: Sneasler|spd|1\n|-enditem|p2b: Sneasler|White Herb\n|-clearnegativeboost|p2b: Sneasler|[silent]\n|\n|upkeep\n|turn|4\n|inactive|Nephele-13 has 30 seconds left.\n|inactive|Nephele-13 has 20 seconds left.\n|inactive|Nephele-13 has 15 seconds left.\n|inactive|Nephele-13 has 10 seconds left.\n|inactive|Nephele-13 has 5 seconds left.\n|\n|t:|1788196980\n|switch|p1a: Incineroar|Incineroar, L50, F|100/100\n|-ability|p1a: Incineroar|Intimidate|boost\n|-unboost|p2a: Scovillain|atk|1\n|-unboost|p2b: Sneasler|atk|1\n|detailschange|p1b: Delphox|Delphox-Mega, L50, M\n|-mega|p1b: Delphox|Delphox|Delphoxite\n|move|p2b: Sneasler|Protect|p2b: Sneasler\n|-singleturn|p2b: Sneasler|Protect\n|move|p2a: Scovillain|Protect|p2a: Scovillain\n|-singleturn|p2a: Scovillain|Protect\n|move|p1b: Delphox|Psychic|p2b: Sneasler\n|-activate|p2b: Sneasler|move: Protect\n|\n|upkeep\n|turn|5\n|inactive|Nephele-13 has 30 seconds left.\n|inactive|jeanryupr has 30 seconds left.\n|inactive|Nephele-13 has 20 seconds left.\n|\n|t:|1788197016\n|move|p2a: Scovillain|Rage Powder|p2a: Scovillain\n|-singleturn|p2a: Scovillain|move: Rage Powder\n|move|p2b: Sneasler|Dire Claw|p1b: Delphox\n|-damage|p1b: Delphox|64/100\n|move|p1b: Delphox|Heat Wave|p2a: Scovillain|[spread] p2a,p2b\n|-damage|p2a: Scovillain|49/100\n|-damage|p2b: Sneasler|23/100\n|move|p1a: Incineroar|Flare Blitz|p2a: Scovillain\n|-damage|p2a: Scovillain|3/100\n|-damage|p1a: Incineroar|87/100|[from] Recoil\n|\n|upkeep\n|turn|6\n|\n|t:|1788197032\n|switch|p1a: Sneasler|Sneasler, L50, F|47/100\n|move|p2a: Scovillain|Rage Powder|p2a: Scovillain\n|-singleturn|p2a: Scovillain|move: Rage Powder\n|move|p2b: Sneasler|Close Combat|p1a: Sneasler\n|-resisted|p1a: Sneasler|1\n|-damage|p1a: Sneasler|12/100\n|-unboost|p2b: Sneasler|def|1\n|-unboost|p2b: Sneasler|spd|1\n|move|p1b: Delphox|Heat Wave|p2b: Sneasler|[spread] p2a,p2b\n|-damage|p2a: Scovillain|0 fnt\n|-damage|p2b: Sneasler|0 fnt\n|faint|p2a: Scovillain\n|faint|p2b: Sneasler\n|\n|upkeep\n|\n|t:|1788197042\n|switch|p2b: Lycanroc|Lycanroc-Dusk, L50, F|100/100\n|switch|p2a: Basculegion|Basculegion, L50, M|100/100\n|turn|7\n|\n|t:|1788197055\n|move|p2a: Basculegion|Protect|p2a: Basculegion\n|-singleturn|p2a: Basculegion|Protect\n|move|p1a: Sneasler|Quick Guard|p1a: Sneasler\n|-singleturn|p1a: Sneasler|Quick Guard\n|move|p1b: Delphox|Psychic|p2a: Basculegion\n|-activate|p2a: Basculegion|move: Protect\n|move|p2b: Lycanroc|Rock Slide|p1b: Delphox|[spread] p1a,p1b\n|-resisted|p1a: Sneasler|1\n|-supereffective|p1b: Delphox|1\n|-damage|p1a: Sneasler|0 fnt\n|-damage|p1b: Delphox|0 fnt\n|faint|p1a: Sneasler\n|faint|p1b: Delphox\n|\n|upkeep\n|\n|t:|1788197063\n|switch|p1b: Incineroar|Incineroar, L50, F|87/100\n|switch|p1a: Samurott|Samurott-Hisui, L50, M|100/100\n|-ability|p1b: Incineroar|Intimidate|boost\n|-unboost|p2a: Basculegion|atk|1\n|-unboost|p2b: Lycanroc|atk|1\n|turn|8\n|\n|t:|1788197084\n|move|p1b: Incineroar|Fake Out|p2b: Lycanroc\n|-resisted|p2b: Lycanroc|1\n|-damage|p2b: Lycanroc|92/100\n|move|p2a: Basculegion|Aqua Jet|p1b: Incineroar\n|-supereffective|p1b: Incineroar|1\n|-damage|p1b: Incineroar|43/100\n|-enditem|p1b: Incineroar|Sitrus Berry|[eat]\n|-heal|p1b: Incineroar|68/100|[from] item: Sitrus Berry\n|-damage|p2a: Basculegion|90/100|[from] item: Life Orb\n|move|p1a: Samurott|Night Slash|p2a: Basculegion\n|-supereffective|p2a: Basculegion|1\n|-damage|p2a: Basculegion|0 fnt\n|faint|p2a: Basculegion\n|cant|p2b: Lycanroc|flinch\n|\n|upkeep\n|turn|9\n|\n|t:|1788197100\n|move|p1a: Samurott|Night Slash|p2b: Lycanroc\n|-damage|p2b: Lycanroc|21/100\n|move|p2b: Lycanroc|Close Combat|p1a: Samurott\n|-supereffective|p1a: Samurott|1\n|-damage|p1a: Samurott|1/100\n|-unboost|p2b: Lycanroc|def|1\n|-unboost|p2b: Lycanroc|spd|1\n|move|p1b: Incineroar|Parting Shot|p2b: Lycanroc\n|-unboost|p2b: Lycanroc|atk|1\n|-unboost|p2b: Lycanroc|spa|1\n|\n|upkeep\n|turn|10\n|\n|t:|1788197114\n|move|p2b: Lycanroc|Accelerock|p1a: Samurott\n|-damage|p1a: Samurott|0 fnt\n|faint|p1a: Samurott\n|move|p1b: Incineroar|Darkest Lariat|p2b: Lycanroc\n|-damage|p2b: Lycanroc|0 fnt\n|faint|p2b: Lycanroc\n|\n|win|Nephele-13\n|raw|Nephele-13's rating: 1232 &rarr; <strong>1263</strong><br />(+31 for winning)\n|raw|jeanryupr's rating: 1319 &rarr; <strong>1294</strong><br />(-25 for losing)\n","uploadtime":1788196858,"views":"0","formatid":"gen9championsvgc2026regmbbo3","rating":1263,"private":0,"password":null}