{"id":"gen9championsvgc2026regmb-2674715170","format":"[Gen 9 Champions] VGC 2026 Reg M-B","players":["rileyjawn baby","MakeitRain10"],"log":"|j|☆rileyjawn baby\n|j|☆MakeitRain10\n|html|<table width=\"100%\"><tr><td align=\"left\">rileyjawn baby</td><td align=\"right\">MakeitRain10</tr><tr><td align=\"left\"><i class=\"fa fa-circle-o\"></i> <i class=\"fa fa-circle-o\"></i> </td><td align=\"right\"><i class=\"fa fa-circle-o\"></i> <i class=\"fa fa-circle\"></i> </tr></table>\n|uhtml|bestof|<h2><strong>Game 2</strong> of <a href=\"/game-bestof3-gen9championsvgc2026regmb-2674712437\">a best-of-3</a></h2>\n|t:|1788394879\n|gametype|doubles\n|player|p1|rileyjawn baby|wattson|\n|player|p2|MakeitRain10|2|\n|gen|9\n|tier|[Gen 9 Champions] VGC 2026 Reg M-B\n|rule|Species Clause: Limit one of each Pokémon\n|rule|Item Clause: Limit 1 of each item\n|raw|<div class=\"infobox\"><details class=\"readmore\" open><summary><strong>1 custom rule:</strong></summary> Best of = 3</details></div>\n|clearpoke\n|poke|p1|Mimikyu, L50, M, shiny|\n|poke|p1|Froslass, L50, F, shiny|\n|poke|p1|Hippowdon, L50, F, shiny|\n|poke|p1|Basculegion, L50, M, shiny|\n|poke|p1|Staraptor, L50, M, shiny|\n|poke|p1|Toxapex, L50, M|\n|poke|p2|Kangaskhan, L50, F|\n|poke|p2|Meowstic, L50, M|\n|poke|p2|Alakazam, L50, F|\n|poke|p2|Swampert, L50, F|\n|poke|p2|Noivern, L50, F|\n|poke|p2|Houndoom, L50, M|\n|teampreview|4\n|j| tmacp\n|j| shinypantss\n|j| brehio11\n|j| ripley98\nMakeitRain10 rejected open team sheets.\n|j| jackofharts9\n|inactive|Battle timer is ON: inactive players will automatically lose when time's up. (requested by rileyjawn baby)\n|\n|t:|1788394950\n|teamsize|p1|4\n|teamsize|p2|4\n|start\n|switch|p1a: wigwam returns|Toxapex, L50, M|100/100\n|switch|p1b: weatherboi|Hippowdon, L50, F, shiny|100/100\n|switch|p2a: Daddy|Kangaskhan, L50, F|100/100\n|switch|p2b: Brehio|Meowstic, L50, M|100/100\n|-weather|Sandstorm|[from] ability: Sand Stream|[of] p1b: weatherboi\n|turn|1\n|inactive|MakeitRain10 has 30 seconds left.\n|inactive|MakeitRain10 has 20 seconds left.\n|inactive|MakeitRain10 has 15 seconds left.\n|inactive|MakeitRain10 has 10 seconds left.\n|\n|t:|1788395000\n|switch|p2a: Professor PsychO|Alakazam, L50, F|100/100\n|move|p2b: Brehio|Psychic Terrain|p2b: Brehio\n|-fieldstart|move: Psychic Terrain\n|move|p1b: weatherboi|Yawn|p2b: Brehio\n|-start|p2b: Brehio|move: Yawn|[of] p1b: weatherboi\n|move|p1a: wigwam returns|Infestation|p2b: Brehio\n|-supereffective|p2b: Brehio|1\n|-damage|p2b: Brehio|90/100\n|-activate|p2b: Brehio|move: Infestation|[of] p1a: wigwam returns\n|\n|-weather|Sandstorm|[upkeep]\n|-damage|p2a: Professor PsychO|93/100|[from] Sandstorm\n|-damage|p2b: Brehio|84/100|[from] Sandstorm\n|-damage|p1a: wigwam returns|94/100|[from] Sandstorm\n|-heal|p1a: wigwam returns|100/100|[from] item: Leftovers\n|-damage|p2b: Brehio|72/100|[from] move: Infestation|[partiallytrapped]\n|upkeep\n|turn|2\n|inactive|MakeitRain10 has 30 seconds left.\n|inactive|MakeitRain10 has 20 seconds left.\n|inactive|MakeitRain10 has 15 seconds left.\n|inactive|MakeitRain10 has 10 seconds left.\n|\n|t:|1788395046\n|move|p1a: wigwam returns|Wide Guard|p1a: wigwam returns\n|-singleturn|p1a: wigwam returns|Wide Guard\n|move|p2b: Brehio|Rain Dance|p2b: Brehio\n|-weather|RainDance\n|move|p2a: Professor PsychO|Shadow Ball|p1a: wigwam returns\n|-damage|p1a: wigwam returns|77/100\n|move|p1b: weatherboi|Yawn|p2a: Professor PsychO\n|-start|p2a: Professor PsychO|move: Yawn|[of] p1b: weatherboi\n|\n|-weather|RainDance|[upkeep]\n|-heal|p1a: wigwam returns|82/100|[from] item: Leftovers\n|-damage|p2b: Brehio|60/100|[from] move: Infestation|[partiallytrapped]\n|-end|p2b: Brehio|move: Yawn|[silent]\n|-status|p2b: Brehio|slp\n|upkeep\n|turn|3\n|inactive|rileyjawn baby has 30 seconds left.\n|inactive|MakeitRain10 has 30 seconds left.\n|inactive|MakeitRain10 has 20 seconds left.\n|inactive|MakeitRain10 has 15 seconds left.\n|\n|t:|1788395087\n|switch|p2a: Popeye|Swampert, L50, F|100/100\n|cant|p2b: Brehio|slp\n|move|p1b: weatherboi|High Horsepower|p2b: Brehio\n|-damage|p2b: Brehio|0 fnt\n|faint|p2b: Brehio\n|move|p1a: wigwam returns|Infestation|p2a: Popeye\n|-damage|p2a: Popeye|96/100\n|-activate|p2a: Popeye|move: Infestation|[of] p1a: wigwam returns\n|\n|-weather|RainDance|[upkeep]\n|-heal|p1a: wigwam returns|88/100|[from] item: Leftovers\n|-damage|p2a: Popeye|84/100|[from] move: Infestation|[partiallytrapped]\n|upkeep\n|\n|t:|1788395102\n|switch|p2b: Daddy|Kangaskhan, L50, F|100/100\n|turn|4\n|inactive|MakeitRain10 has 30 seconds left.\n|\n|t:|1788395131\n|detailschange|p2a: Popeye|Swampert-Mega, L50, F\n|-mega|p2a: Popeye|Swampert|Swampertite\n|move|p1b: weatherboi|Protect|p1b: weatherboi\n|-singleturn|p1b: weatherboi|Protect\n|move|p1a: wigwam returns|Baneful Bunker|p1a: wigwam returns\n|-singleturn|p1a: wigwam returns|move: Protect\n|move|p2a: Popeye|Wave Crash|p1b: weatherboi\n|-activate|p1b: weatherboi|move: Protect\n|move|p2b: Daddy|Thunder Punch|p1a: wigwam returns\n|-activate|p1a: wigwam returns|move: Protect\n|-status|p2b: Daddy|psn\n|\n|-weather|RainDance|[upkeep]\n|-heal|p1a: wigwam returns|94/100|[from] item: Leftovers\n|-damage|p2b: Daddy|87/100 psn|[from] psn\n|-damage|p2a: Popeye|72/100|[from] move: Infestation|[partiallytrapped]\n|upkeep\n|turn|5\n|inactive|rileyjawn baby has 30 seconds left.\n|inactive|MakeitRain10 has 30 seconds left.\n|inactive|MakeitRain10 has 20 seconds left.\n|\n|t:|1788395169\n|move|p2a: Popeye|High Horsepower|p1a: wigwam returns\n|-supereffective|p1a: wigwam returns|1\n|-damage|p1a: wigwam returns|24/100\n|move|p2b: Daddy|Thunder Punch|p1a: wigwam returns\n|-supereffective|p1a: wigwam returns|1\n|-damage|p1a: wigwam returns|0 fnt\n|faint|p1a: wigwam returns\n|-damage|p2b: Daddy|78/100 psn|[from] item: Life Orb\n|move|p1b: weatherboi|Yawn|p2a: Popeye\n|-start|p2a: Popeye|move: Yawn|[of] p1b: weatherboi\n|\n|-weather|RainDance|[upkeep]\n|-damage|p2b: Daddy|65/100 psn|[from] psn\n|-end|p2a: Popeye|Infestation|[partiallytrapped]|[silent]\n|-fieldend|move: Psychic Terrain\n|upkeep\n|\n|t:|1788395189\n|switch|p1a: team captain|Staraptor, L50, M, shiny|100/100\n|-ability|p1a: team captain|Intimidate|boost\n|-unboost|p2a: Popeye|atk|1\n|-fail|p2b: Daddy|unboost|atk|[from] ability: Scrappy|[of] p2b: Daddy\n|turn|6\n|inactive|MakeitRain10 has 30 seconds left.\n|inactive|MakeitRain10 has 20 seconds left.\n|\n|t:|1788395227\n|switch|p2a: Professor PsychO|Alakazam, L50, F|93/100\n|detailschange|p1a: team captain|Staraptor-Mega, L50, M, shiny\n|-mega|p1a: team captain|Staraptor|Staraptite\n|move|p1a: team captain|Protect|p1a: team captain\n|-singleturn|p1a: team captain|Protect\n|move|p1b: weatherboi|Protect|p1b: weatherboi\n|-singleturn|p1b: weatherboi|Protect\n|move|p2b: Daddy|Thunder Punch|p1a: team captain\n|-activate|p1a: team captain|move: Protect\n|\n|-weather|none\n|-damage|p2b: Daddy|53/100 psn|[from] psn\n|upkeep\n|turn|7\n|inactive|rileyjawn baby has 30 seconds left.\n|\n|t:|1788395254\n|switch|p1a: Brock Cars LLC|Basculegion, L50, M, shiny|100/100\n|move|p2a: Professor PsychO|Expanding Force|p1a: Brock Cars LLC\n|-damage|p1a: Brock Cars LLC|53/100\n|move|p2b: Daddy|Thunder Punch|p1a: Brock Cars LLC\n|-supereffective|p1a: Brock Cars LLC|1\n|-damage|p1a: Brock Cars LLC|0 fnt\n|faint|p1a: Brock Cars LLC\n|-damage|p2b: Daddy|43/100 psn|[from] item: Life Orb\n|move|p1b: weatherboi|Yawn|p2a: Professor PsychO\n|-start|p2a: Professor PsychO|move: Yawn|[of] p1b: weatherboi\n|\n|-damage|p2b: Daddy|31/100 psn|[from] psn\n|upkeep\n|\n|t:|1788395269\n|switch|p1a: team captain|Staraptor-Mega, L50, M, shiny|100/100\n|turn|8\n|inactive|rileyjawn baby has 30 seconds left.\n|inactive|MakeitRain10 has 30 seconds left.\n|\n|t:|1788395298\n|switch|p2a: Popeye|Swampert-Mega, L50, F|72/100\n|move|p2b: Daddy|Thunder Punch|p1a: team captain\n|-supereffective|p1a: team captain|1\n|-damage|p1a: team captain|35/100\n|-damage|p2b: Daddy|21/100 psn|[from] item: Life Orb\n|move|p1a: team captain|Close Combat|p2b: Daddy\n|-supereffective|p2b: Daddy|1\n|-damage|p2b: Daddy|0 fnt\n|-boost|p1a: team captain|def|1\n|-boost|p1a: team captain|spd|1\n|faint|p2b: Daddy\n|move|p1b: weatherboi|Yawn|p2a: Popeye\n|-start|p2a: Popeye|move: Yawn|[of] p1b: weatherboi\n|\n|upkeep\n|\n|t:|1788395312\n|switch|p2b: Professor PsychO|Alakazam, L50, F|93/100\n|turn|9\n|\n|t:|1788395336\n|move|p1a: team captain|Protect|p1a: team captain\n|-singleturn|p1a: team captain|Protect\n|move|p2b: Professor PsychO|Expanding Force|p1a: team captain\n|-activate|p1a: team captain|move: Protect\n|move|p2a: Popeye|Wave Crash|p1b: weatherboi\n|-supereffective|p1b: weatherboi|1\n|-enditem|p1b: weatherboi|Passho Berry|[eat]\n|-enditem|p1b: weatherboi|Passho Berry|[weaken]\n|-damage|p1b: weatherboi|39/100\n|-damage|p2a: Popeye|53/100|[from] Recoil\n|move|p1b: weatherboi|Yawn|p2b: Professor PsychO\n|-start|p2b: Professor PsychO|move: Yawn|[of] p1b: weatherboi\n|\n|-end|p2a: Popeye|move: Yawn|[silent]\n|-status|p2a: Popeye|slp\n|upkeep\n|turn|10\n|inactive|rileyjawn baby has 30 seconds left.\n|inactive|rileyjawn baby has 20 seconds left.\n|\n|t:|1788395375\n|move|p1a: team captain|Protect||[still]\n|-fail|p1a: team captain\n|move|p2b: Professor PsychO|Expanding Force|p1a: team captain\n|-supereffective|p1a: team captain|1\n|-damage|p1a: team captain|0 fnt\n|faint|p1a: team captain\n|cant|p2a: Popeye|slp\n|move|p1b: weatherboi|High Horsepower|p2b: Professor PsychO\n|-damage|p2b: Professor PsychO|0 fnt\n|faint|p2b: Professor PsychO\n|\n|upkeep\n|turn|11\n|\n|t:|1788395389\n|cant|p2a: Popeye|slp\n|move|p1b: weatherboi|High Horsepower|p2a: Popeye\n|-damage|p2a: Popeye|14/100 slp\n|\n|upkeep\n|turn|12\n|\n|t:|1788395409\n|-curestatus|p2a: Popeye|slp|[msg]\n|move|p2a: Popeye|Wave Crash|p1b: weatherboi\n|-supereffective|p1b: weatherboi|1\n|-damage|p1b: weatherboi|0 fnt\n|faint|p1b: weatherboi\n|-damage|p2a: Popeye|2/100|[from] Recoil\n|\n|win|MakeitRain10\n|l|☆rileyjawn baby\n|player|p1|\n|l| tmacp\n","uploadtime":1788395453,"views":"10","formatid":"gen9championsvgc2026regmb","rating":null,"private":0,"password":null}