{"id":"gen9championsvgc2026regmb-2674511718","format":"[Gen 9 Champions] VGC 2026 Reg M-B","players":["cinarguncavdi2231","troublebubble"],"log":"|j|‽cinarguncavdi2231\n|j|☆troublebubble\n|t:|1788368465\n|gametype|doubles\n|player|p1|cinarguncavdi2231|101|1589\n|player|p2|troublebubble|265|1673\n|gen|9\n|tier|[Gen 9 Champions] VGC 2026 Reg M-B\n|rated|\n|rule|Species Clause: Limit one of each Pokémon\n|rule|Item Clause: Limit 1 of each item\n|clearpoke\n|poke|p1|Incineroar, L50, F|\n|poke|p1|Dragalge, L50, F|\n|poke|p1|Sinistcha, L50|\n|poke|p1|Ninetales-Alola, L50, M|\n|poke|p1|Rotom-Wash, L50|\n|poke|p1|Kingambit, L50, M|\n|poke|p2|Charizard, L50, M|\n|poke|p2|Aerodactyl, L50, F|\n|poke|p2|Garchomp, L50, M|\n|poke|p2|Basculegion, L50, M|\n|poke|p2|Sylveon, L50, F|\n|poke|p2|Kingambit, L50, F|\n|teampreview|4\n|inactive|Battle timer is ON: inactive players will automatically lose when time's up. (requested by cinarguncavdi2231)\n|inactive|troublebubble has 60 seconds left.\n|\n|t:|1788368508\n|teamsize|p1|4\n|teamsize|p2|4\n|start\n|switch|p1a: Rotom|Rotom-Wash, L50|100/100\n|switch|p1b: Dragalge|Dragalge, L50, F|100/100\n|switch|p2a: Charizard|Charizard, L50, M|100/100\n|switch|p2b: Garchomp|Garchomp, L50, M|100/100\n|turn|1\n|\n|t:|1788368524\n|detailschange|p2a: Charizard|Charizard-Mega-Y, L50, M\n|-mega|p2a: Charizard|Charizard|Charizardite Y\n|-weather|SunnyDay|[from] ability: Drought|[of] p2a: Charizard\n|detailschange|p1b: Dragalge|Dragalge-Mega, L50, F\n|-mega|p1b: Dragalge|Dragalge|Dragalgite\n|move|p1a: Rotom|Will-O-Wisp|p2b: Garchomp\n|-status|p2b: Garchomp|brn\n|move|p2b: Garchomp|Dragon Claw|p1b: Dragalge\n|-supereffective|p1b: Dragalge|1\n|-damage|p1b: Dragalge|62/100\n|move|p2a: Charizard|Solar Beam||[still]\n|-prepare|p2a: Charizard|Solar Beam\n|-anim|p2a: Charizard|Solar Beam|p1a: Rotom\n|-supereffective|p1a: Rotom|1\n|-damage|p1a: Rotom|0 fnt\n|faint|p1a: Rotom\n|move|p1b: Dragalge|Sludge Bomb|p2a: Charizard\n|-damage|p2a: Charizard|53/100\n|\n|-weather|SunnyDay|[upkeep]\n|-damage|p2b: Garchomp|94/100 brn|[from] brn\n|upkeep\n|\n|t:|1788368547\n|switch|p1a: Ninetales|Ninetales-Alola, L50, M|100/100\n|-weather|Snowscape|[from] ability: Snow Warning|[of] p1a: Ninetales\n|turn|2\n|\n|t:|1788368562\n|-heal|p1b: Dragalge|95/100|[from] ability: Regenerator|[silent]\n|switch|p1b: Incineroar|Incineroar, L50, F|100/100\n|-ability|p1b: Incineroar|Intimidate|boost\n|-unboost|p2a: Charizard|atk|1\n|-unboost|p2b: Garchomp|atk|1\n|move|p1a: Ninetales|Blizzard|p2b: Garchomp|[spread] p2a,p2b\n|-supereffective|p2b: Garchomp|2\n|-damage|p2a: Charizard|20/100r\n|-damage|p2b: Garchomp|0 fnt\n|faint|p2b: Garchomp\n|move|p2a: Charizard|Weather Ball|p1b: Incineroar\n|-resisted|p1b: Incineroar|1\n|-damage|p1b: Incineroar|82/100\n|\n|-weather|Snowscape|[upkeep]\n|upkeep\n|\n|t:|1788368572\n|switch|p2b: Sylveon|Sylveon, L50, F|100/100\n|turn|3\n|\n|t:|1788368582\n|switch|p2a: Basculegion|Basculegion, L50, M|100/100\n|move|p1b: Incineroar|Fake Out|p2b: Sylveon\n|-damage|p2b: Sylveon|86/100\n|move|p1a: Ninetales|Blizzard|p2b: Sylveon|[spread] p2a,p2b\n|-resisted|p2a: Basculegion|1\n|-damage|p2a: Basculegion|81/100\n|-damage|p2b: Sylveon|65/100\n|-status|p2a: Basculegion|frz\n|-status|p2b: Sylveon|frz\n|cant|p2b: Sylveon|frz\n|\n|-weather|Snowscape|[upkeep]\n|upkeep\n|turn|4\n|\n|t:|1788368600\n|switch|p2b: Charizard|Charizard-Mega-Y, L50, M|20/100r\n|-weather|SunnyDay|[from] ability: Drought|[of] p2b: Charizard\n|move|p1a: Ninetales|Blizzard|p2b: Charizard|[spread] p2a,p2b\n|-resisted|p2a: Basculegion|1\n|-crit|p2b: Charizard\n|-damage|p2a: Basculegion|64/100 frz\n|-damage|p2b: Charizard|0 fnt\n|faint|p2b: Charizard\n|cant|p2a: Basculegion|frz\n|move|p1b: Incineroar|Darkest Lariat|p2a: Basculegion\n|-supereffective|p2a: Basculegion|1\n|-damage|p2a: Basculegion|0 fnt\n|faint|p2a: Basculegion\n|\n|-weather|SunnyDay|[upkeep]\n|upkeep\n|\n|t:|1788368603\n|switch|p2b: Sylveon|Sylveon, L50, F|65/100 frz\n|turn|5\n|\n|t:|1788368614\n|move|p1a: Ninetales|Freeze-Dry|p2b: Sylveon\n|-damage|p2b: Sylveon|47/100 frz\n|cant|p2b: Sylveon|frz\n|move|p1b: Incineroar|Flare Blitz|p2b: Sylveon\n|-damage|p2b: Sylveon|0 fnt\n|faint|p2b: Sylveon\n|-damage|p1b: Incineroar|67/100|[from] Recoil\n|\n|win|cinarguncavdi2231\n|raw|cinarguncavdi2231's rating: 1589 &rarr; <strong>1614</strong><br />(+25 for winning)\n|raw|troublebubble's rating: 1673 &rarr; <strong>1648</strong><br />(-25 for losing)\n|l|☆troublebubble\n|player|p2|\n","uploadtime":1788368618,"views":"0","formatid":"gen9championsvgc2026regmb","rating":1614,"private":0,"password":null}