{"id":"gen9championsvgc2026regmb-2674015647","format":"[Gen 9 Champions] VGC 2026 Reg M-B","players":["IdkImScared","Bigoleg"],"log":"|j|☆IdkImScared\n|j|☆Bigoleg\n|t:|1788288474\n|gametype|doubles\n|player|p1|IdkImScared|workerice|1651\n|player|p2|Bigoleg|hilbert|1667\n|gen|9\n|tier|[Gen 9 Champions] VGC 2026 Reg M-B\n|rated|\n|rule|Species Clause: Limit one of each Pokémon\n|rule|Item Clause: Limit 1 of each item\n|clearpoke\n|poke|p1|Dragonite, L50, M|\n|poke|p1|Floette-Eternal, L50, F|\n|poke|p1|Basculegion, L50, M|\n|poke|p1|Garchomp, L50, F|\n|poke|p1|Kingambit, L50, M|\n|poke|p1|Sneasler, L50, F|\n|poke|p2|Farigiraf, L50, F|\n|poke|p2|Zoroark-Hisui, L50, F|\n|poke|p2|Sylveon, L50, F|\n|poke|p2|Charizard, L50, M|\n|poke|p2|Swampert, L50, F|\n|poke|p2|Pelipper, L50, M|\n|teampreview|4\n|inactive|Battle timer is ON: inactive players will automatically lose when time's up. (requested by Bigoleg)\n|c|☆IdkImScared|Glhf\n|c|☆Bigoleg|The champ\n|inactive|IdkImScared has 60 seconds left.\n|inactive|IdkImScared has 30 seconds left.\n|inactive|IdkImScared has 20 seconds left.\n|inactive|IdkImScared has 15 seconds left.\n|\n|t:|1788288560\n|teamsize|p1|4\n|teamsize|p2|4\n|start\n|switch|p1a: 17 Black|Kingambit, L50, M|100/100\n|switch|p1b: Imagine|Dragonite, L50, M|100/100\n|switch|p2a: Farigiraf|Farigiraf, L50, F|100/100\n|switch|p2b: Sylveon|Sylveon, L50, F|100/100\n|turn|1\n|j| slimyswag\n|\n|t:|1788288575\n|detailschange|p1b: Imagine|Dragonite-Mega, L50, M\n|-mega|p1b: Imagine|Dragonite|Dragoninite\n|move|p1b: Imagine|Protect|p1b: Imagine\n|-singleturn|p1b: Imagine|Protect\n|move|p2a: Farigiraf|Round|p1b: Imagine\n|-activate|p1b: Imagine|move: Protect\n|move|p2b: Sylveon|Round|p1b: Imagine|[from] move: Round\n|-activate|p1b: Imagine|move: Protect\n|move|p1a: 17 Black|Iron Head|p2b: Sylveon\n|-supereffective|p2b: Sylveon|1\n|-damage|p2b: Sylveon|0 fnt\n|faint|p2b: Sylveon\n|\n|upkeep\n|\n|t:|1788288580\n|switch|p2b: Charizard|Charizard, L50, M|100/100\n|turn|2\n|inactive|IdkImScared has 30 seconds left.\n|\n|t:|1788288606\n|switch|p2a: Farigiraf|Farigiraf, L50, F|100/100\n|switch|p1a: fih|Basculegion, L50, M|100/100\n|detailschange|p2b: Charizard|Charizard-Mega-Y, L50, M\n|-mega|p2b: Charizard|Charizard|Charizardite Y\n|-weather|SunnyDay|[from] ability: Drought|[of] p2b: Charizard\n|move|p2b: Charizard|Heat Wave|p1b: Imagine|[spread] p1a,p1b\n|-resisted|p1a: fih|1\n|-resisted|p1b: Imagine|1\n|-damage|p1a: fih|63/100\n|-damage|p1b: Imagine|87/100\n|-status|p1a: fih|brn\n|move|p1b: Imagine|Dragon Pulse|p2b: Charizard\n|-damage|p2b: Charizard|50/100g\n|\n|-weather|SunnyDay|[upkeep]\n|-damage|p1a: fih|57/100 brn|[from] brn\n|upkeep\n|turn|3\n|inactive|IdkImScared has 30 seconds left.\n|\n|t:|1788288636\n|move|p2b: Charizard|Air Slash|p1b: Imagine\n|-damage|p1b: Imagine|48/100\n|cant|p1b: Imagine|flinch\n|move|p1a: fih|Wave Crash|p2b: Charizard\n|-supereffective|p2b: Charizard|1\n|-damage|p2b: Charizard|0 fnt\n|faint|p2b: Charizard\n|-damage|p1a: fih|44/100 brn|[from] Recoil\n|-damage|p1a: fih|34/100 brn|[from] item: Life Orb\n|move|p2a: Farigiraf|Psyshock|p1b: Imagine\n|-damage|p1b: Imagine|20/100y\n|\n|-weather|SunnyDay|[upkeep]\n|-damage|p1a: fih|28/100 brn|[from] brn\n|upkeep\n|\n|t:|1788288650\n|switch|p2b: Zoroark|Zoroark-Hisui, L50, F|100/100\n|turn|4\n|l| slimyswag\n|\n|t:|1788288673\n|move|p1b: Imagine|Protect|p1b: Imagine\n|-singleturn|p1b: Imagine|Protect\n|move|p2b: Zoroark|Bitter Malice|p1a: fih\n|-supereffective|p1a: fih|1\n|-damage|p1a: fih|0 fnt\n|faint|p1a: fih\n|move|p2a: Farigiraf|Psyshock|p1b: Imagine\n|-activate|p1b: Imagine|move: Protect\n|\n|-weather|SunnyDay|[upkeep]\n|upkeep\n|\n|t:|1788288685\n|switch|p1a: 17 Black|Kingambit, L50, M|100/100\n|turn|5\n|\n|t:|1788288692\n|move|p2b: Zoroark|Bitter Malice|p1b: Imagine\n|-damage|p1b: Imagine|0 fnt\n|faint|p1b: Imagine\n|move|p2a: Farigiraf|Hyper Voice|p1a: 17 Black\n|-resisted|p1a: 17 Black|1\n|-damage|p1a: 17 Black|85/100\n|move|p1a: 17 Black|Kowtow Cleave|p2b: Zoroark\n|-supereffective|p2b: Zoroark|1\n|-crit|p2b: Zoroark\n|-damage|p2b: Zoroark|0 fnt\n|faint|p2b: Zoroark\n|\n|-weather|SunnyDay|[upkeep]\n|upkeep\n|\n|t:|1788288707\n|switch|p1b: THE TOUCHER|Sneasler, L50, F|100/100\n|turn|6\n|\n|t:|1788288723\n|move|p1b: THE TOUCHER|Close Combat|p2a: Farigiraf\n|-damage|p2a: Farigiraf|39/100\n|-unboost|p1b: THE TOUCHER|def|1\n|-unboost|p1b: THE TOUCHER|spd|1\n|move|p2a: Farigiraf|Psyshock|p1b: THE TOUCHER\n|-supereffective|p1b: THE TOUCHER|2\n|-enditem|p1b: THE TOUCHER|Focus Sash\n|-damage|p1b: THE TOUCHER|1/100\n|move|p1a: 17 Black|Kowtow Cleave|p2a: Farigiraf\n|-supereffective|p2a: Farigiraf|1\n|-damage|p2a: Farigiraf|0 fnt\n|faint|p2a: Farigiraf\n|\n|win|IdkImScared\n|raw|IdkImScared's rating: 1651 &rarr; <strong>1670</strong><br />(+19 for winning)\n|raw|Bigoleg's rating: 1641 &rarr; <strong>1622</strong><br />(-19 for losing)\n|c|☆IdkImScared|Ggwp\n|l|☆Bigoleg\n|player|p2|\n","uploadtime":1788288743,"views":"11","formatid":"gen9championsvgc2026regmb","rating":1622,"private":0,"password":null}