{"id":"gen9championsvgc2026regmb-2674123231","format":"[Gen 9 Champions] VGC 2026 Reg M-B","players":["DniteWorldChamps","robsa"],"log":"|j|☆DniteWorldChamps\n|j|☆robsa\n|t:|1788302497\n|gametype|doubles\n|player|p1|DniteWorldChamps|brycenman|1000\n|player|p2|robsa|266|1004\n|gen|9\n|tier|[Gen 9 Champions] VGC 2026 Reg M-B\n|rated|\n|rule|Species Clause: Limit one of each Pokémon\n|rule|Item Clause: Limit 1 of each item\n|clearpoke\n|poke|p1|Dragonite, L50, M|\n|poke|p1|Basculegion, L50, M|\n|poke|p1|Kingambit, L50, M|\n|poke|p1|Sneasler, L50, M|\n|poke|p1|Garchomp, L50, M|\n|poke|p1|Glimmora, L50, M, shiny|\n|poke|p2|Incineroar, L50, M|\n|poke|p2|Garchomp, L50, M|\n|poke|p2|Floette-Eternal, L50, F|\n|poke|p2|Sinistcha, L50|\n|poke|p2|Annihilape, L50, F|\n|poke|p2|Corviknight, L50, M|\n|teampreview|4\n|inactive|Battle timer is ON: inactive players will automatically lose when time's up. (requested by robsa)\n|\n|t:|1788302543\n|teamsize|p1|4\n|teamsize|p2|4\n|start\n|switch|p1a: Sneasler|Sneasler, L50, M|100/100\n|switch|p1b: Dragonite|Dragonite, L50, M|100/100\n|switch|p2a: Incineroar|Incineroar, L50, M|100/100\n|switch|p2b: Annihilape|Annihilape, L50, F|100/100\n|turn|1\n|\n|t:|1788302562\n|detailschange|p1b: Dragonite|Dragonite-Mega, L50, M\n|-mega|p1b: Dragonite|Dragonite|Dragoninite\n|move|p1a: Sneasler|Fake Out|p2a: Incineroar\n|-damage|p2a: Incineroar|87/100\n|move|p2b: Annihilape|Ice Punch|p1b: Dragonite\n|-supereffective|p1b: Dragonite|2\n|-damage|p1b: Dragonite|60/100\n|move|p1b: Dragonite|Dragon Pulse|p2b: Annihilape\n|-damage|p2b: Annihilape|49/100\n|cant|p2a: Incineroar|flinch\n|\n|upkeep\n|turn|2\n|\n|t:|1788302583\n|switch|p1b: Basculegion|Basculegion, L50, M|100/100\n|move|p1a: Sneasler|Dire Claw|p2b: Annihilape\n|-resisted|p2b: Annihilape|1\n|-damage|p2b: Annihilape|27/100\n|-status|p2b: Annihilape|slp\n|cant|p2b: Annihilape|slp\n|move|p2a: Incineroar|Nasty Plot|p2a: Incineroar\n|-boost|p2a: Incineroar|spa|2\n|\n|upkeep\n|turn|3\n|inactive|DniteWorldChamps has 30 seconds left.\n|inactive|robsa has 30 seconds left.\n|inactive|robsa has 20 seconds left.\n|\n|t:|1788302619\n|switch|p2b: Corviknight|Corviknight, L50, M|100/100\n|move|p1a: Sneasler|Close Combat|p2a: Incineroar\n|-supereffective|p2a: Incineroar|1\n|-damage|p2a: Incineroar|0 fnt\n|-unboost|p1a: Sneasler|def|1\n|-unboost|p1a: Sneasler|spd|1\n|faint|p2a: Incineroar\n|move|p1b: Basculegion|Last Respects|p2b: Corviknight\n|-damage|p2b: Corviknight|74/100\n|-damage|p1b: Basculegion|90/100|[from] item: Life Orb\n|\n|upkeep\n|\n|t:|1788302634\n|switch|p2a: Garchomp|Garchomp, L50, M|100/100\n|turn|4\n|inactive|robsa has 30 seconds left.\n|\n|t:|1788302664\n|move|p1a: Sneasler|Close Combat|p2b: Corviknight\n|-damage|p2b: Corviknight|34/100\n|-unboost|p1a: Sneasler|def|1\n|-unboost|p1a: Sneasler|spd|1\n|move|p2a: Garchomp|Draco Meteor|p1a: Sneasler\n|-enditem|p1a: Sneasler|Focus Sash\n|-damage|p1a: Sneasler|1/100\n|-unboost|p2a: Garchomp|spa|2\n|-damage|p2a: Garchomp|90/100|[from] item: Life Orb\n|move|p1b: Basculegion|Wave Crash|p2a: Garchomp\n|-damage|p2a: Garchomp|1/100\n|-damage|p1b: Basculegion|78/100|[from] ability: Rough Skin|[of] p2a: Garchomp\n|-damage|p1b: Basculegion|52/100|[from] Recoil\n|-damage|p1b: Basculegion|42/100|[from] item: Life Orb\n|move|p2b: Corviknight|Iron Head|p1a: Sneasler\n|-damage|p1a: Sneasler|0 fnt\n|faint|p1a: Sneasler\n|\n|upkeep\n|\n|t:|1788302685\n|switch|p1a: Garchomp|Garchomp, L50, M|100/100\n|turn|5\n|\n|t:|1788302700\n|move|p2a: Garchomp|Protect|p2a: Garchomp\n|-singleturn|p2a: Garchomp|Protect\n|move|p1a: Garchomp|Dragon Claw|p2a: Garchomp\n|-activate|p2a: Garchomp|move: Protect\n|move|p1b: Basculegion|Last Respects|p2b: Corviknight\n|-damage|p2b: Corviknight|0 fnt\n|faint|p2b: Corviknight\n|-damage|p1b: Basculegion|32/100|[from] item: Life Orb\n|\n|upkeep\n|-message|robsa forfeited.\n|\n|win|DniteWorldChamps\n|raw|DniteWorldChamps's rating: 1000 &rarr; <strong>1040</strong><br />(+40 for winning)\n|raw|robsa's rating: 1004 &rarr; <strong>1000</strong><br />(-4 for losing)\n|l|☆robsa\n|player|p2|\n","uploadtime":1788302715,"views":"18","formatid":"gen9championsvgc2026regmb","rating":1000,"private":0,"password":null}