{"id":"gen9championsvgc2026regmbbo3-2674176828","format":"[Gen 9 Champions] VGC 2026 Reg M-B (Bo3)","players":["ikerros2010","trevyah"],"log":"|j|☆ikerros2010\n|j|☆trevyah\n|html|<table width=\"100%\"><tr><td align=\"left\">ikerros2010</td><td align=\"right\">trevyah</tr><tr><td align=\"left\"><i class=\"fa fa-circle-o\"></i> <i class=\"fa fa-circle-o\"></i> </td><td align=\"right\"><i class=\"fa fa-circle-o\"></i> <i class=\"fa fa-circle-o\"></i> </tr></table>\n|uhtml|bestof|<h2><strong>Game 1</strong> of <a href=\"/game-bestof3-gen9championsvgc2026regmbbo3-2674176827\">a best-of-3</a></h2>\n|t:|1788310709\n|gametype|doubles\n|player|p1|ikerros2010|dancer|1308\n|player|p2|trevyah|trevor|1528\n|gen|9\n|tier|[Gen 9 Champions] VGC 2026 Reg M-B (Bo3)\n|rated|\n|rule|Species Clause: Limit one of each Pokémon\n|rule|Item Clause: Limit 1 of each item\n|clearpoke\n|poke|p1|Kingambit, L50, F, shiny|\n|poke|p1|Charizard, L50, F|\n|poke|p1|Floette-Eternal, L50, F|\n|poke|p1|Whimsicott, L50, F|\n|poke|p1|Garchomp, L50, M, shiny|\n|poke|p1|Basculegion, L50, M|\n|poke|p2|Blaziken, L50, F|\n|poke|p2|Venusaur, L50, M|\n|poke|p2|Torkoal, L50, M|\n|poke|p2|Kingambit, L50, F|\n|poke|p2|Farigiraf, L50, M|\n|poke|p2|Primarina, L50, M|\n|teampreview|4\n|showteam|p1|Kingambit||ChopleBerry|Defiant|KowtowCleave,IronHead,SuckerPunch,LowKick|Adamant||F|||50|]Charizard||CharizarditeY|Blaze|HeatWave,WeatherBall,SolarBeam,Protect|Modest||F|||50|]Floette-Eternal||Floettite|FlowerVeil|Moonblast,DazzlingGleam,LightofRuin,Protect|Timid||F|||50|]Whimsicott||FocusSash|Prankster|Moonblast,Tailwind,Encore,Protect|Timid||F|||50|]Garchomp||SitrusBerry|RoughSkin|Earthquake,DragonClaw,RockSlide,Protect|Jolly||M|||50|]Basculegion||LifeOrb|Adaptability|WaveCrash,AquaJet,LastRespects,Protect|Adamant||M|||50|\n|showteam|p2|Blaziken||Blazikenite|SpeedBoost|CloseCombat,FlareBlitz,RockSlide,Detect|Adamant||F|||50|]Venusaur||Venusaurite|Chlorophyll|SludgeBomb,EarthPower,GigaDrain,SleepPowder|Modest||M|||50|]Torkoal||Charcoal|Drought|Eruption,HeatWave,HelpingHand,Protect|Quiet||M|||50|]Kingambit||FocusSash|Defiant|KowtowCleave,IronHead,SuckerPunch,Protect|Adamant||F|||50|]Farigiraf||SitrusBerry|ArmorTail|Psychic,Thunderbolt,TrickRoom,Protect|Bold||M|||50|]Primarina||LifeOrb|LiquidVoice|Moonblast,HyperVoice,AquaJet,Protect|Quiet||M|||50|\n|inactive|Battle timer is ON: inactive players will automatically lose when time's up. (requested by trevyah)\n|\n|t:|1788310765\n|teamsize|p1|4\n|teamsize|p2|4\n|start\n|switch|p1a: Whimsicott|Whimsicott, L50, F|100/100\n|switch|p1b: Basculegion|Basculegion, L50, M|100/100\n|switch|p2a: Blaziken|Blaziken, L50, F|100/100\n|switch|p2b: Venusaur|Venusaur, L50, M|100/100\n|turn|1\n|inactive|trevyah has 30 seconds left.\n|\n|t:|1788310791\n|move|p1b: Basculegion|Protect|p1b: Basculegion\n|-singleturn|p1b: Basculegion|Protect\n|move|p2a: Blaziken|Detect|p2a: Blaziken\n|-singleturn|p2a: Blaziken|Protect\n|move|p1a: Whimsicott|Tailwind|p1a: Whimsicott\n|-sidestart|p1: ikerros2010|move: Tailwind\n|move|p2b: Venusaur|Giga Drain|p1b: Basculegion\n|-activate|p1b: Basculegion|move: Protect\n|\n|-ability|p2a: Blaziken|Speed Boost|boost\n|-boost|p2a: Blaziken|spe|1\n|upkeep\n|turn|2\n|\n|t:|1788310808\n|switch|p1b: Charizard|Charizard, L50, F|100/100\n|switch|p2a: Primarina|Primarina, L50, M|100/100\n|move|p1a: Whimsicott|Encore||[still]\n|-fail|p1a: Whimsicott\n|move|p2b: Venusaur|Giga Drain|p1b: Charizard\n|-resisted|p1b: Charizard|2\n|-damage|p1b: Charizard|90/100\n|\n|upkeep\n|turn|3\n|\n|t:|1788310831\n|detailschange|p1b: Charizard|Charizard-Mega-Y, L50, F\n|-mega|p1b: Charizard|Charizard|Charizardite Y\n|-weather|SunnyDay|[from] ability: Drought|[of] p1b: Charizard\n|detailschange|p2b: Venusaur|Venusaur-Mega, L50, M\n|-mega|p2b: Venusaur|Venusaur|Venusaurite\n|move|p1a: Whimsicott|Encore|p2b: Venusaur\n|-start|p2b: Venusaur|Encore\n|move|p1b: Charizard|Solar Beam||[still]\n|-prepare|p1b: Charizard|Solar Beam\n|-anim|p1b: Charizard|Solar Beam|p2a: Primarina\n|-supereffective|p2a: Primarina|1\n|-damage|p2a: Primarina|25/100\n|move|p2b: Venusaur|Giga Drain|p1b: Charizard\n|-resisted|p1b: Charizard|2\n|-damage|p1b: Charizard|80/100\n|move|p2a: Primarina|Hyper Voice|p1b: Charizard|[spread] p1a,p1b\n|-resisted|p1a: Whimsicott|1\n|-supereffective|p1b: Charizard|1\n|-damage|p1a: Whimsicott|82/100\n|-damage|p1b: Charizard|38/100\n|-damage|p2a: Primarina|15/100|[from] item: Life Orb\n|\n|-weather|SunnyDay|[upkeep]\n|upkeep\n|turn|4\n|inactive|trevyah has 30 seconds left.\n|inactive|trevyah has 20 seconds left.\n|inactive|trevyah has 15 seconds left.\n|inactive|trevyah has 10 seconds left.\n|\n|t:|1788310878\n|switch|p1a: Garchomp|Garchomp, L50, M, shiny|100/100\n|switch|p2b: Farigiraf|Farigiraf, L50, M|100/100\n|move|p1b: Charizard|Heat Wave|p2a: Primarina|[spread] p2a,p2b\n|-resisted|p2a: Primarina|1\n|-damage|p2a: Primarina|0 fnt\n|-damage|p2b: Farigiraf|38/100\n|-enditem|p2b: Farigiraf|Sitrus Berry|[eat]\n|-heal|p2b: Farigiraf|63/100|[from] item: Sitrus Berry\n|faint|p2a: Primarina\n|\n|-weather|SunnyDay|[upkeep]\n|-sideend|p1: ikerros2010|move: Tailwind\n|upkeep\n|\n|t:|1788310897\n|switch|p2a: Blaziken|Blaziken, L50, F|100/100\n|turn|5\n|\n|t:|1788310901\n|move|p2a: Blaziken|Detect|p2a: Blaziken\n|-singleturn|p2a: Blaziken|Protect\n|move|p2b: Farigiraf|Protect|p2b: Farigiraf\n|-singleturn|p2b: Farigiraf|Protect\n|move|p1a: Garchomp|Earthquake|p2b: Farigiraf|[spread] \n|-activate|p2a: Blaziken|move: Protect\n|-activate|p2b: Farigiraf|move: Protect\n|-immune|p1b: Charizard\n|move|p1b: Charizard|Weather Ball|p2b: Farigiraf\n|-activate|p2b: Farigiraf|move: Protect\n|\n|-weather|SunnyDay|[upkeep]\n|-ability|p2a: Blaziken|Speed Boost|boost\n|-boost|p2a: Blaziken|spe|1\n|upkeep\n|turn|6\n|\n|t:|1788310905\n|move|p2a: Blaziken|Rock Slide|p1b: Charizard|[spread] p1a,p1b\n|-resisted|p1a: Garchomp|1\n|-supereffective|p1b: Charizard|2\n|-damage|p1a: Garchomp|91/100\n|-damage|p1b: Charizard|0 fnt\n|faint|p1b: Charizard\n|move|p1a: Garchomp|Earthquake|p2b: Farigiraf|[spread] p2a,p2b\n|-supereffective|p2a: Blaziken|1\n|-damage|p2a: Blaziken|0 fnt\n|-damage|p2b: Farigiraf|40/100\n|faint|p2a: Blaziken\n|move|p2b: Farigiraf|Trick Room|p2b: Farigiraf\n|-fieldstart|move: Trick Room|[of] p2b: Farigiraf\n|\n|-weather|SunnyDay|[upkeep]\n|upkeep\n|\n|t:|1788310915\n|switch|p2a: Venusaur|Venusaur-Mega, L50, M|100/100\n|switch|p1b: Whimsicott|Whimsicott, L50, F|82/100\n|turn|7\n|\n|t:|1788310927\n|move|p2b: Farigiraf|Psychic|p1a: Garchomp\n|-damage|p1a: Garchomp|60/100\n|move|p2a: Venusaur|Giga Drain|p1a: Garchomp\n|-damage|p1a: Garchomp|21/100\n|-enditem|p1a: Garchomp|Sitrus Berry|[eat]\n|-heal|p1a: Garchomp|46/100|[from] item: Sitrus Berry\n|move|p1a: Garchomp|Earthquake|p2a: Venusaur|[spread] p1b,p2a,p2b\n|-resisted|p1b: Whimsicott|1\n|-damage|p1b: Whimsicott|60/100\n|-damage|p2a: Venusaur|70/100\n|-damage|p2b: Farigiraf|15/100\n|move|p1b: Whimsicott|Moonblast|p2b: Farigiraf\n|-damage|p2b: Farigiraf|0 fnt\n|faint|p2b: Farigiraf\n|\n|-weather|none\n|upkeep\n|turn|8\n|-message|trevyah forfeited.\n|\n|win|ikerros2010\n||trevyah is ready for game 2.\n||ikerros2010 is ready for game 2.\n|uhtml|next|Next: <a href=\"/battle-gen9championsvgc2026regmbbo3-2674178305\"><strong>Game 2 of 3</strong></a>\n|l|☆ikerros2010\n|player|p1|\n|l|☆trevyah\n|player|p2|\n|j|☆ikerros2010\n|player|p1|ikerros2010|dancer|\n","uploadtime":1788311133,"views":"9","formatid":"gen9championsvgc2026regmbbo3","rating":null,"private":0,"password":null}