{"id":"gen9championsvgc2026regmbbo3-2674394592","format":"[Gen 9 Champions] VGC 2026 Reg M-B (Bo3)","players":["Pawah","M4rT3Us"],"log":"|j|☆Pawah\n|j|☆M4rT3Us\n|html|<table width=\"100%\"><tr><td align=\"left\">Pawah</td><td align=\"right\">M4rT3Us</tr><tr><td align=\"left\"><i class=\"fa fa-circle-o\"></i> <i class=\"fa fa-circle-o\"></i> </td><td align=\"right\"><i class=\"fa fa-circle-o\"></i> <i class=\"fa fa-circle\"></i> </tr></table>\n|uhtml|bestof|<h2><strong>Game 2</strong> of <a href=\"/game-bestof3-gen9championsvgc2026regmbbo3-2674393341\">a best-of-3</a></h2>\n|t:|1788354246\n|gametype|doubles\n|player|p1|Pawah|ethan|1296\n|player|p2|M4rT3Us|101|1259\n|gen|9\n|tier|[Gen 9 Champions] VGC 2026 Reg M-B (Bo3)\n|rated|\n|rule|Species Clause: Limit one of each Pokémon\n|rule|Item Clause: Limit 1 of each item\n|clearpoke\n|poke|p1|Froslass, L50, F|\n|poke|p1|Scovillain, L50, M, shiny|\n|poke|p1|Basculegion, L50, M|\n|poke|p1|Kingambit, L50, F|\n|poke|p1|Sneasler, L50, M|\n|poke|p1|Lycanroc-Dusk, L50, M|\n|poke|p2|Garchomp, L50, F|\n|poke|p2|Floette-Eternal, L50, F|\n|poke|p2|Ninetales-Alola, L50, M|\n|poke|p2|Talonflame, L50, F|\n|poke|p2|Kingambit, L50, M|\n|poke|p2|Basculegion, L50, M|\n|teampreview|4\n|showteam|p1|Froslass||Froslassite|CursedBody|Blizzard,ShadowBall,AuroraVeil,Protect|Modest||F|||50|]Scovillain||Scovillainite|Moody|GigaDrain,Overheat,RagePowder,Protect|Bold||M|||50|]Basculegion||SitrusBerry|Adaptability|WaveCrash,LastRespects,AquaJet,Protect|Adamant||M|||50|]Kingambit||BlackGlasses|Defiant|KowtowCleave,SuckerPunch,SwordsDance,Protect|Adamant||F|||50|]Sneasler||WhiteHerb|Unburden|CloseCombat,GunkShot,Protect,FakeOut|Adamant||M|||50|]Lycanroc-Dusk||FocusSash|ToughClaws|CloseCombat,Accelerock,RockSlide,Protect|Adamant||M|||50|\n|showteam|p2|Garchomp||LifeOrb|RoughSkin|Earthquake,DragonClaw,RockSlide,Protect|Jolly||F|||50|]Floette-Eternal||Floettite|FlowerVeil|Moonblast,DazzlingGleam,LightofRuin,Protect|Modest||F|||50|]Ninetales-Alola||ChoiceScarf|SnowWarning|Blizzard,FreezeDry,Encore,Moonblast|Timid||M|||50|]Talonflame||SharpBeak|GaleWings|DualWingbeat,FlareBlitz,Taunt,Tailwind|Jolly||F|||50|]Kingambit||ChopleBerry|Defiant|LowKick,SuckerPunch,IronHead,KowtowCleave|Adamant||M|||50|]Basculegion||FocusSash|Adaptability|Liquidation,AquaJet,LastRespects,Protect|Jolly||M|||50|\n|inactive|Battle timer is ON: inactive players will automatically lose when time's up. (requested by Pawah)\n|\n|t:|1788354270\n|teamsize|p1|4\n|teamsize|p2|4\n|start\n|switch|p1a: Scovillain|Scovillain, L50, M, shiny|100/100\n|switch|p1b: Lycanroc|Lycanroc-Dusk, L50, M|100/100\n|switch|p2a: Ninetales|Ninetales-Alola, L50, M|100/100\n|switch|p2b: Talonflame|Talonflame, L50, F|100/100\n|-weather|Snowscape|[from] ability: Snow Warning|[of] p2a: Ninetales\n|turn|1\n|\n|t:|1788354292\n|switch|p2b: Kingambit|Kingambit, L50, M|100/100\n|move|p1a: Scovillain|Rage Powder|p1a: Scovillain\n|-singleturn|p1a: Scovillain|move: Rage Powder\n|move|p2a: Ninetales|Blizzard|p1b: Lycanroc|[spread] p1a,p1b\n|-damage|p1a: Scovillain|68/100\n|-damage|p1b: Lycanroc|59/100\n|move|p1b: Lycanroc|Rock Slide|p2a: Ninetales|[spread] p2a\n|-miss|p1b: Lycanroc|p2b: Kingambit\n|-supereffective|p2a: Ninetales|1\n|-damage|p2a: Ninetales|57/100\n|\n|-weather|Snowscape|[upkeep]\n|-ability|p1a: Scovillain|Moody|boost\n|-boost|p1a: Scovillain|spa|2\n|-unboost|p1a: Scovillain|def|1\n|upkeep\n|turn|2\n|\n|t:|1788354312\n|switch|p2b: Talonflame|Talonflame, L50, F|100/100\n|detailschange|p1a: Scovillain|Scovillain-Mega, L50, M, shiny\n|-mega|p1a: Scovillain|Scovillain|Scovillainite\n|move|p1a: Scovillain|Rage Powder|p1a: Scovillain\n|-singleturn|p1a: Scovillain|move: Rage Powder\n|move|p2a: Ninetales|Blizzard|p1a: Scovillain|[spread] p1a,p1b\n|-damage|p1a: Scovillain|43/100\n|-damage|p1b: Lycanroc|21/100\n|-status|p1b: Lycanroc|frz\n|-status|p2a: Ninetales|brn|[from] ability: Spicy Spray|[of] p1a: Scovillain\n|cant|p1b: Lycanroc|frz\n|\n|-weather|Snowscape|[upkeep]\n|-damage|p2a: Ninetales|51/100 brn|[from] brn\n|upkeep\n|turn|3\n|\n|t:|1788354326\n|switch|p1a: Basculegion|Basculegion, L50, M|100/100\n|move|p2b: Talonflame|Dual Wingbeat|p1a: Basculegion\n|-damage|p1a: Basculegion|80/100\n|-damage|p1a: Basculegion|63/100\n|-hitcount|p1a: Basculegion|2\n|move|p2a: Ninetales|Blizzard|p1b: Lycanroc|[spread] p1a,p1b\n|-resisted|p1a: Basculegion|1\n|-damage|p1a: Basculegion|52/100\n|-damage|p1b: Lycanroc|0 fnt\n|faint|p1b: Lycanroc\n|\n|-weather|Snowscape|[upkeep]\n|-damage|p2a: Ninetales|46/100 brn|[from] brn\n|upkeep\n|\n|t:|1788354335\n|switch|p1b: Sneasler|Sneasler, L50, M|100/100\n|turn|4\n|\n|t:|1788354344\n|switch|p2b: Kingambit|Kingambit, L50, M|100/100\n|move|p1b: Sneasler|Fake Out|p2b: Kingambit\n|-resisted|p2b: Kingambit|1\n|-damage|p2b: Kingambit|95/100\n|move|p1a: Basculegion|Aqua Jet|p2b: Kingambit\n|-damage|p2b: Kingambit|73/100\n|move|p2a: Ninetales|Blizzard|p1b: Sneasler|[spread] p1a,p1b\n|-resisted|p1a: Basculegion|1\n|-damage|p1a: Basculegion|41/100\n|-damage|p1b: Sneasler|70/100\n|-enditem|p1a: Basculegion|Sitrus Berry|[eat]\n|-heal|p1a: Basculegion|65/100|[from] item: Sitrus Berry\n|\n|-weather|Snowscape|[upkeep]\n|-damage|p2a: Ninetales|40/100 brn|[from] brn\n|upkeep\n|turn|5\n|inactive|Pawah has 30 seconds left.\n|\n|t:|1788354370\n|switch|p2b: Talonflame|Talonflame, L50, F|100/100\n|move|p2a: Ninetales|Blizzard|p1a: Basculegion|[spread] p1a,p1b\n|-resisted|p1a: Basculegion|1\n|-damage|p1a: Basculegion|54/100\n|-damage|p1b: Sneasler|39/100\n|move|p1b: Sneasler|Close Combat|p2b: Talonflame\n|-resisted|p2b: Talonflame|1\n|-damage|p2b: Talonflame|58/100\n|-unboost|p1b: Sneasler|def|1\n|-unboost|p1b: Sneasler|spd|1\n|-enditem|p1b: Sneasler|White Herb\n|-clearnegativeboost|p1b: Sneasler|[silent]\n|move|p1a: Basculegion|Last Respects|p2a: Ninetales\n|-damage|p2a: Ninetales|0 fnt\n|faint|p2a: Ninetales\n|\n|-weather|none\n|upkeep\n|\n|t:|1788354386\n|switch|p2a: Kingambit|Kingambit, L50, M|73/100\n|turn|6\n|\n|t:|1788354399\n|move|p1a: Basculegion|Aqua Jet|p2b: Talonflame\n|-supereffective|p2b: Talonflame|1\n|-damage|p2b: Talonflame|0 fnt\n|faint|p2b: Talonflame\n|move|p2a: Kingambit|Sucker Punch|p1b: Sneasler\n|-resisted|p1b: Sneasler|1\n|-damage|p1b: Sneasler|15/100\n|move|p1b: Sneasler|Close Combat|p2a: Kingambit\n|-supereffective|p2a: Kingambit|2\n|-enditem|p2a: Kingambit|Chople Berry|[eat]\n|-enditem|p2a: Kingambit|Chople Berry|[weaken]\n|-damage|p2a: Kingambit|0 fnt\n|-unboost|p1b: Sneasler|def|1\n|-unboost|p1b: Sneasler|spd|1\n|faint|p2a: Kingambit\n|\n|upkeep\n|\n|t:|1788354402\n|switch|p2b: Floette|Floette-Eternal, L50, F|100/100\n|turn|7\n|\n|t:|1788354416\n|switch|p1b: Scovillain|Scovillain-Mega, L50, M, shiny|43/100\n|detailschange|p2b: Floette|Floette-Mega, L50, F\n|-mega|p2b: Floette|Floette|Floettite\n|-ability|p2b: Floette|Fairy Aura\n|move|p1a: Basculegion|Protect|p1a: Basculegion\n|-singleturn|p1a: Basculegion|Protect\n|move|p2b: Floette|Dazzling Gleam|p1b: Scovillain|[spread] p1b\n|-activate|p1a: Basculegion|move: Protect\n|-resisted|p1b: Scovillain|1\n|-damage|p1b: Scovillain|16/100\n|-status|p2b: Floette|brn|[from] ability: Spicy Spray|[of] p1b: Scovillain\n|\n|-damage|p2b: Floette|93/100 brn|[from] brn\n|upkeep\n|turn|8\n|\n|t:|1788354427\n|move|p1b: Scovillain|Rage Powder|p1b: Scovillain\n|-singleturn|p1b: Scovillain|move: Rage Powder\n|move|p2b: Floette|Dazzling Gleam|p1b: Scovillain|[spread] p1a,p1b\n|-resisted|p1b: Scovillain|1\n|-damage|p1a: Basculegion|5/100\n|-damage|p1b: Scovillain|0 fnt\n|faint|p1b: Scovillain\n|move|p1a: Basculegion|Last Respects|p2b: Floette\n|-damage|p2b: Floette|0 fnt\n|faint|p2b: Floette\n|\n|win|Pawah\n","uploadtime":1788354427,"views":"0","formatid":"gen9championsvgc2026regmbbo3","rating":null,"private":0,"password":null}