{"id":"gen9championsvgc2026regmb-2674604923","format":"[Gen 9 Champions] VGC 2026 Reg M-B","players":["bruhdnigerian","hgdsftyqertqw"],"log":"|j|☆bruhdnigerian\n|j|☆hgdsftyqertqw\n|t:|1788379299\n|gametype|doubles\n|player|p1|bruhdnigerian|lance|1230\n|player|p2|hgdsftyqertqw|169|1122\n|gen|9\n|tier|[Gen 9 Champions] VGC 2026 Reg M-B\n|rated|\n|rule|Species Clause: Limit one of each Pokémon\n|rule|Item Clause: Limit 1 of each item\n|clearpoke\n|poke|p1|Pangoro, L50, M|\n|poke|p1|Chandelure, L50, M|\n|poke|p1|Spiritomb, L50, M|\n|poke|p1|Gliscor, L50, M|\n|poke|p1|Farigiraf, L50, M|\n|poke|p1|Glimmora, L50, F|\n|poke|p2|Chandelure, L50, F|\n|poke|p2|Farigiraf, L50, F|\n|poke|p2|Garchomp, L50, M|\n|poke|p2|Whimsicott, L50, F|\n|poke|p2|Archaludon, L50, M|\n|poke|p2|Araquanid, L50, M|\n|teampreview|4\n|inactive|Battle timer is ON: inactive players will automatically lose when time's up. (requested by bruhdnigerian)\nbruhdnigerian rejected open team sheets.\n|inactive|bruhdnigerian has 60 seconds left.\n|\n|t:|1788379350\n|teamsize|p1|4\n|teamsize|p2|4\n|start\n|switch|p1a: Glimmora|Glimmora, L50, F|100/100\n|switch|p1b: Spiritomb|Spiritomb, L50, M|100/100\n|switch|p2a: Whimsicott|Whimsicott, L50, F|100/100\n|switch|p2b: Araquanid|Araquanid, L50, M|100/100\n|turn|1\n|\n|t:|1788379359\n|move|p2a: Whimsicott|Protect|p2a: Whimsicott\n|-singleturn|p2a: Whimsicott|Protect\n|move|p1a: Glimmora|Sludge Bomb|p2a: Whimsicott\n|-activate|p2a: Whimsicott|move: Protect\n|move|p2b: Araquanid|Hydro Pump|p1a: Glimmora|[miss]\n|-miss|p2b: Araquanid|p1a: Glimmora\n|move|p1b: Spiritomb|Hex|p2a: Whimsicott\n|-activate|p2a: Whimsicott|move: Protect\n|\n|upkeep\n|turn|2\n|\n|t:|1788379371\n|switch|p2a: Archaludon|Archaludon, L50, M|100/100\n|move|p1a: Glimmora|Sludge Bomb|p2a: Archaludon\n|-immune|p2a: Archaludon\n|move|p2b: Araquanid|Hydro Pump|p1a: Glimmora|[miss]\n|-miss|p2b: Araquanid|p1a: Glimmora\n|move|p1b: Spiritomb|Hex|p2a: Archaludon\n|-damage|p2a: Archaludon|71/100\n|-ability|p2a: Archaludon|Stamina|boost\n|-boost|p2a: Archaludon|def|1\n|\n|-heal|p2a: Archaludon|77/100|[from] item: Leftovers\n|upkeep\n|turn|3\n|\n|t:|1788379389\n|move|p1a: Glimmora|Sludge Bomb|p2b: Araquanid\n|-damage|p2b: Araquanid|62/100\n|move|p2a: Archaludon|Flash Cannon|p1a: Glimmora\n|-supereffective|p1a: Glimmora|1\n|-damage|p1a: Glimmora|1/100\n|move|p2b: Araquanid|Bug Buzz|p1b: Spiritomb\n|-damage|p1b: Spiritomb|76/100\n|move|p1b: Spiritomb|Trick Room|p1b: Spiritomb\n|-fieldstart|move: Trick Room|[of] p1b: Spiritomb\n|\n|-heal|p2a: Archaludon|83/100|[from] item: Leftovers\n|upkeep\n|turn|4\n|\n|t:|1788379409\n|move|p1b: Spiritomb|Will-O-Wisp|p2a: Archaludon\n|-status|p2a: Archaludon|brn\n|move|p2b: Araquanid|Hydro Pump|p1b: Spiritomb\n|-damage|p1b: Spiritomb|22/100\n|move|p2a: Archaludon|Flash Cannon|p1a: Glimmora\n|-supereffective|p1a: Glimmora|1\n|-damage|p1a: Glimmora|0 fnt\n|faint|p1a: Glimmora\n|\n|-heal|p2a: Archaludon|89/100 brn|[from] item: Leftovers\n|-damage|p2a: Archaludon|83/100 brn|[from] brn\n|upkeep\n|\n|t:|1788379421\n|switch|p1a: Pangoro|Pangoro, L50, M|100/100\n|turn|5\n|\n|t:|1788379428\n|move|p2b: Araquanid|Protect|p2b: Araquanid\n|-singleturn|p2b: Araquanid|Protect\n|move|p1b: Spiritomb|Hex|p2a: Archaludon\n|-damage|p2a: Archaludon|21/100 brn\n|-ability|p2a: Archaludon|Stamina|boost\n|-boost|p2a: Archaludon|def|1\n|move|p1a: Pangoro|Storm Throw|p2a: Archaludon\n|-supereffective|p2a: Archaludon|1\n|-crit|p2a: Archaludon\n|-damage|p2a: Archaludon|0 fnt\n|faint|p2a: Archaludon\n|\n|upkeep\n|\n|t:|1788379436\n|switch|p2a: Chandelure|Chandelure, L50, F|100/100\n|turn|6\n|\n|t:|1788379444\n|detailschange|p2a: Chandelure|Chandelure-Mega, L50, F\n|-mega|p2a: Chandelure|Chandelure|Chandelurite\n|move|p2a: Chandelure|Protect|p2a: Chandelure\n|-singleturn|p2a: Chandelure|Protect\n|move|p1b: Spiritomb|Hex|p2a: Chandelure\n|-activate|p2a: Chandelure|move: Protect\n|move|p2b: Araquanid|Bug Buzz|p1b: Spiritomb\n|-damage|p1b: Spiritomb|0 fnt\n|faint|p1b: Spiritomb\n|move|p1a: Pangoro|Knock Off|p2a: Chandelure\n|-activate|p2a: Chandelure|move: Protect\n|\n|upkeep\n|\n|t:|1788379448\n|switch|p1b: Gliscor|Gliscor, L50, M|100/100\n|turn|7\n|\n|t:|1788379459\n|switch|p2a: Whimsicott|Whimsicott, L50, F|100/100\n|move|p2b: Araquanid|Hydro Pump|p1b: Gliscor\n|-supereffective|p1b: Gliscor|1\n|-damage|p1b: Gliscor|0 fnt\n|faint|p1b: Gliscor\n|move|p1a: Pangoro|Knock Off|p2a: Whimsicott\n|-resisted|p2a: Whimsicott|1\n|-damage|p2a: Whimsicott|78/100\n|-enditem|p2a: Whimsicott|Focus Sash|[from] move: Knock Off|[of] p1a: Pangoro\n|\n|-fieldend|move: Trick Room\n|upkeep\n|turn|8\n|\n|t:|1788379468\n|move|p2a: Whimsicott|Moonblast|p1a: Pangoro\n|-supereffective|p1a: Pangoro|2\n|-enditem|p1a: Pangoro|Focus Sash\n|-damage|p1a: Pangoro|1/100\n|move|p1a: Pangoro|Poison Jab|p2a: Whimsicott\n|-supereffective|p2a: Whimsicott|2\n|-damage|p2a: Whimsicott|0 fnt\n|faint|p2a: Whimsicott\n|move|p2b: Araquanid|Bug Buzz|p1a: Pangoro\n|-damage|p1a: Pangoro|0 fnt\n|faint|p1a: Pangoro\n|\n|win|hgdsftyqertqw\n|raw|bruhdnigerian's rating: 1230 &rarr; <strong>1197</strong><br />(-33 for losing)\n|raw|hgdsftyqertqw's rating: 1122 &rarr; <strong>1155</strong><br />(+33 for winning)\n|l|☆hgdsftyqertqw\n|player|p2|\n","uploadtime":1788379479,"views":"1","formatid":"gen9championsvgc2026regmb","rating":1155,"private":0,"password":null}