{"id":"gen9championsvgc2026regmbbo3-2673343820","format":"[Gen 9 Champions] VGC 2026 Reg M-B (Bo3)","players":["NahobinoVGC","Sapphire39"],"log":"|j|☆NahobinoVGC\n|j|☆Sapphire39\n|html|<table width=\"100%\"><tr><td align=\"left\">NahobinoVGC</td><td align=\"right\">Sapphire39</tr><tr><td align=\"left\"><i class=\"fa fa-circle-o\"></i> <i class=\"fa fa-circle-o\"></i> </td><td align=\"right\"><i class=\"fa fa-circle-o\"></i> <i class=\"fa fa-circle-o\"></i> </tr></table>\n|uhtml|bestof|<h2><strong>Game 1</strong> of <a href=\"/game-bestof3-gen9championsvgc2026regmbbo3-2673343819\">a best-of-3</a></h2>\n|t:|1788186115\n|gametype|doubles\n|player|p1|NahobinoVGC|170|\n|player|p2|Sapphire39|266|\n|gen|9\n|tier|[Gen 9 Champions] VGC 2026 Reg M-B (Bo3)\n|rule|Species Clause: Limit one of each Pokémon\n|rule|Item Clause: Limit 1 of each item\n|clearpoke\n|poke|p1|Staraptor, L50, M|\n|poke|p1|Sneasler, L50, M|\n|poke|p1|Gholdengo, L50|\n|poke|p1|Sylveon, L50, F|\n|poke|p1|Basculegion, L50, M|\n|poke|p1|Whimsicott, L50, M|\n|poke|p2|Charizard, L50, M|\n|poke|p2|Pelipper, L50, M|\n|poke|p2|Archaludon, L50, F|\n|poke|p2|Venusaur, L50, M|\n|poke|p2|Swampert, L50, M|\n|poke|p2|Grimmsnarl, L50, M|\n|teampreview|4\n|showteam|p1|Staraptor||Staraptite|Intimidate|BraveBird,CloseCombat,Roost,Protect|Jolly||M|||50|]Sneasler||WhiteHerb|Unburden|DireClaw,FakeOut,RockTomb,CloseCombat|Adamant||M|||50|]Gholdengo||LifeOrb|GoodasGold|ShadowBall,MakeItRain,PowerGem,Protect|Timid|||||50|]Sylveon||FairyFeather|Pixilate|HyperVoice,HyperBeam,QuickAttack,Detect|Modest||F|||50|]Basculegion||ChoiceScarf|Adaptability|LastRespects,AquaJet,WaveCrash,FlipTurn|Jolly||M|||50|]Whimsicott||FocusSash|Prankster|Tailwind,Moonblast,Protect,Charm|Timid||M|||50|\n|showteam|p2|Charizard||CharizarditeY|Blaze|Protect,HeatWave,WeatherBall,Hurricane|Modest||M|||50|]Pelipper||SitrusBerry|Drizzle|Hurricane,WeatherBall,Tailwind,WideGuard|Bold||M|||50|]Archaludon||Leftovers|Stamina|Protect,ElectroShot,DragonPulse,FlashCannon|Calm||F|||50|]Venusaur||FocusSash|Chlorophyll|Protect,SleepPowder,SludgeBomb,LeafStorm|Modest||M|||50|]Swampert||Swampertite|Torrent|Protect,WaveCrash,Earthquake,IcePunch|Adamant||M|||50|]Grimmsnarl||LightClay|Prankster|SpiritBreak,Reflect,LightScreen,PartingShot|Sassy||M|||50|\n|\n|t:|1788186140\n|teamsize|p1|4\n|teamsize|p2|4\n|start\n|switch|p1a: Whimsicott|Whimsicott, L50, M|100/100\n|switch|p1b: Gholdengo|Gholdengo, L50|100/100\n|switch|p2a: Charizard|Charizard, L50, M|100/100\n|switch|p2b: Venusaur|Venusaur, L50, M|100/100\n|turn|1\n|inactive|Battle timer is ON: inactive players will automatically lose when time's up. (requested by NahobinoVGC)\n|\n|t:|1788186159\n|switch|p2a: Archaludon|Archaludon, L50, F|100/100\n|move|p1a: Whimsicott|Tailwind|p1a: Whimsicott\n|-sidestart|p1: NahobinoVGC|move: Tailwind\n|move|p1b: Gholdengo|Power Gem|p2a: Archaludon\n|-resisted|p2a: Archaludon|1\n|-damage|p2a: Archaludon|82/100\n|-ability|p2a: Archaludon|Stamina|boost\n|-boost|p2a: Archaludon|def|1\n|-damage|p1b: Gholdengo|90/100|[from] item: Life Orb\n|move|p2b: Venusaur|Sludge Bomb|p1a: Whimsicott\n|-supereffective|p1a: Whimsicott|2\n|-enditem|p1a: Whimsicott|Focus Sash\n|-damage|p1a: Whimsicott|1/100\n|-status|p1a: Whimsicott|psn\n|\n|-heal|p2a: Archaludon|88/100|[from] item: Leftovers\n|-damage|p1a: Whimsicott|0 fnt|[from] psn\n|faint|p1a: Whimsicott\n|upkeep\n|inactive|NahobinoVGC has 30 seconds left.\n|\n|t:|1788186185\n|switch|p1a: Staraptor|Staraptor, L50, M|100/100\n|-ability|p1a: Staraptor|Intimidate|boost\n|-unboost|p2a: Archaludon|atk|1\n|-unboost|p2b: Venusaur|atk|1\n|turn|2\n|\n|t:|1788186197\n|switch|p2b: Pelipper|Pelipper, L50, M|100/100\n|-weather|RainDance|[from] ability: Drizzle|[of] p2b: Pelipper\n|detailschange|p1a: Staraptor|Staraptor-Mega, L50, M\n|-mega|p1a: Staraptor|Staraptor|Staraptite\n|move|p1a: Staraptor|Close Combat|p2a: Archaludon\n|-supereffective|p2a: Archaludon|1\n|-damage|p2a: Archaludon|27/100\n|-boost|p1a: Staraptor|def|1\n|-boost|p1a: Staraptor|spd|1\n|-ability|p2a: Archaludon|Stamina|boost\n|-boost|p2a: Archaludon|def|1\n|move|p1b: Gholdengo|Shadow Ball|p2a: Archaludon\n|-damage|p2a: Archaludon|0 fnt\n|faint|p2a: Archaludon\n|-damage|p1b: Gholdengo|80/100|[from] item: Life Orb\n|\n|-weather|RainDance|[upkeep]\n|upkeep\n|\n|t:|1788186214\n|switch|p2a: Charizard|Charizard, L50, M|100/100\n|turn|3\n|\n|t:|1788186236\n|move|p2a: Charizard|Protect|p2a: Charizard\n|-singleturn|p2a: Charizard|Protect\n|move|p1a: Staraptor|Close Combat|p2b: Pelipper\n|-resisted|p2b: Pelipper|1\n|-damage|p2b: Pelipper|69/100\n|-boost|p1a: Staraptor|def|1\n|-boost|p1a: Staraptor|spd|1\n|move|p1b: Gholdengo|Power Gem|p2a: Charizard\n|-activate|p2a: Charizard|move: Protect\n|move|p2b: Pelipper|Tailwind|p2b: Pelipper\n|-sidestart|p2: Sapphire39|move: Tailwind\n|\n|-weather|RainDance|[upkeep]\n|upkeep\n|turn|4\n|inactive|NahobinoVGC has 30 seconds left.\n|inactive|Sapphire39 has 30 seconds left.\n|inactive|NahobinoVGC has 20 seconds left.\n|inactive|Sapphire39 has 20 seconds left.\n|inactive|NahobinoVGC has 15 seconds left.\n|inactive|NahobinoVGC has 10 seconds left.\n|inactive|NahobinoVGC has 5 seconds left.\n|\n|t:|1788186290\n|detailschange|p2a: Charizard|Charizard-Mega-Y, L50, M\n|-mega|p2a: Charizard|Charizard|Charizardite Y\n|-weather|SunnyDay|[from] ability: Drought|[of] p2a: Charizard\n|move|p1b: Gholdengo|Protect|p1b: Gholdengo\n|-singleturn|p1b: Gholdengo|Protect\n|move|p1a: Staraptor|Close Combat|p2b: Pelipper\n|-resisted|p2b: Pelipper|1\n|-damage|p2b: Pelipper|37/100\n|-boost|p1a: Staraptor|def|1\n|-boost|p1a: Staraptor|spd|1\n|-enditem|p2b: Pelipper|Sitrus Berry|[eat]\n|-heal|p2b: Pelipper|62/100|[from] item: Sitrus Berry\n|move|p2a: Charizard|Heat Wave|p1a: Staraptor|[spread] p1a\n|-activate|p1b: Gholdengo|move: Protect\n|-damage|p1a: Staraptor|73/100\n|-status|p1a: Staraptor|brn\n|move|p2b: Pelipper|Weather Ball|p1b: Gholdengo\n|-activate|p1b: Gholdengo|move: Protect\n|\n|-weather|SunnyDay|[upkeep]\n|-damage|p1a: Staraptor|68/100 brn|[from] brn\n|-sideend|p1: NahobinoVGC|move: Tailwind\n|upkeep\n|turn|5\n|c|☆Sapphire39|..\n|inactive|NahobinoVGC has 30 seconds left.\n|inactive|Sapphire39 has 30 seconds left.\n|inactive|NahobinoVGC has 20 seconds left.\n|inactive|NahobinoVGC has 15 seconds left.\n|\n|t:|1788186331\n|move|p1a: Staraptor|Protect|p1a: Staraptor\n|-singleturn|p1a: Staraptor|Protect\n|move|p2a: Charizard|Heat Wave|p1a: Staraptor|[spread] p1b\n|-activate|p1a: Staraptor|move: Protect\n|-supereffective|p1b: Gholdengo|1\n|-damage|p1b: Gholdengo|0 fnt\n|faint|p1b: Gholdengo\n|move|p2b: Pelipper|Weather Ball|p1a: Staraptor\n|-activate|p1a: Staraptor|move: Protect\n|\n|-weather|SunnyDay|[upkeep]\n|-damage|p1a: Staraptor|62/100 brn|[from] brn\n|upkeep\n|\n|t:|1788186343\n|switch|p1b: Sneasler|Sneasler, L50, M|100/100\n|turn|6\n|\n|t:|1788186364\n|move|p1b: Sneasler|Fake Out|p2a: Charizard\n|-damage|p2a: Charizard|83/100\n|cant|p2a: Charizard|flinch\n|move|p2b: Pelipper|Weather Ball|p1b: Sneasler\n|-damage|p1b: Sneasler|50/100g\n|move|p1a: Staraptor|Close Combat|p2b: Pelipper\n|-resisted|p2b: Pelipper|1\n|-damage|p2b: Pelipper|47/100\n|-boost|p1a: Staraptor|def|1\n|-boost|p1a: Staraptor|spd|1\n|\n|-weather|SunnyDay|[upkeep]\n|-damage|p1a: Staraptor|56/100 brn|[from] brn\n|-sideend|p2: Sapphire39|move: Tailwind\n|upkeep\n|turn|7\n|inactive|NahobinoVGC has 30 seconds left.\n|inactive|Sapphire39 has 30 seconds left.\n|inactive|NahobinoVGC has 20 seconds left.\n|inactive|Sapphire39 has 20 seconds left.\n|inactive|NahobinoVGC has 15 seconds left.\n|inactive|Sapphire39 has 15 seconds left.\n|inactive|NahobinoVGC has 10 seconds left.\n|\n|t:|1788186411\n|switch|p2b: Venusaur|Venusaur, L50, M|100/100\n|move|p2a: Charizard|Protect|p2a: Charizard\n|-singleturn|p2a: Charizard|Protect\n|move|p1a: Staraptor|Brave Bird|p2b: Venusaur\n|-supereffective|p2b: Venusaur|1\n|-damage|p2b: Venusaur|15/100\n|-damage|p1a: Staraptor|31/100 brn|[from] Recoil\n|move|p1b: Sneasler|Dire Claw|p2b: Venusaur\n|-damage|p2b: Venusaur|0 fnt\n|faint|p2b: Venusaur\n|\n|-weather|SunnyDay|[upkeep]\n|-damage|p1a: Staraptor|25/100 brn|[from] brn\n|upkeep\n|\n|t:|1788186424\n|switch|p2b: Pelipper|Pelipper, L50, M|47/100\n|-weather|RainDance|[from] ability: Drizzle|[of] p2b: Pelipper\n|turn|8\n|\n|t:|1788186435\n|move|p1a: Staraptor|Roost|p1a: Staraptor\n|-heal|p1a: Staraptor|76/100 brn\n|-singleturn|p1a: Staraptor|move: Roost\n|move|p1b: Sneasler|Rock Tomb|p2a: Charizard|[miss]\n|-miss|p1b: Sneasler|p2a: Charizard\n|move|p2a: Charizard|Hurricane|p1b: Sneasler\n|-supereffective|p1b: Sneasler|1\n|-damage|p1b: Sneasler|0 fnt\n|faint|p1b: Sneasler\n|move|p2b: Pelipper|Tailwind|p2b: Pelipper\n|-sidestart|p2: Sapphire39|move: Tailwind\n|\n|-weather|RainDance|[upkeep]\n|-damage|p1a: Staraptor|70/100 brn|[from] brn\n|upkeep\n|turn|9\n|c|☆NahobinoVGC|？？？？？\n|c|☆Sapphire39|...\n|\n|t:|1788186455\n|move|p2a: Charizard|Hurricane|p1a: Staraptor\n|-supereffective|p1a: Staraptor|1\n|-damage|p1a: Staraptor|24/100 brn\n|-start|p1a: Staraptor|confusion\n|move|p2b: Pelipper|Weather Ball|p1a: Staraptor\n|-damage|p1a: Staraptor|6/100 brn\n|-activate|p1a: Staraptor|confusion\n|move|p1a: Staraptor|Brave Bird|p2b: Pelipper\n|-damage|p2b: Pelipper|16/100\n|-damage|p1a: Staraptor|0 fnt|[from] Recoil\n|faint|p1a: Staraptor\n|\n|win|Sapphire39\n||NahobinoVGC is ready for game 2.\n|inactive|Sapphire39 has 30 seconds to confirm battle start!\n||Sapphire39 is ready for game 2.\n|uhtml|next|Next: <a href=\"/battle-gen9championsvgc2026regmbbo3-2673346528\"><strong>Game 2 of 3</strong></a>\n|l|☆Sapphire39\n|player|p2|\n|j|☆Sapphire39\n|player|p2|Sapphire39|266|\n","uploadtime":1788186753,"views":"2","formatid":"gen9championsvgc2026regmbbo3","rating":null,"private":0,"password":null}