{"id":"gen9championsvgc2026regmb-2674598430","format":"[Gen 9 Champions] VGC 2026 Reg M-B","players":["xSaike","bruhdnigerian"],"log":"|j|☆xSaike\n|j|☆bruhdnigerian\n|t:|1788378521\n|gametype|doubles\n|player|p1|xSaike|rocketgruntf|1158\n|player|p2|bruhdnigerian|lance|1238\n|gen|9\n|tier|[Gen 9 Champions] VGC 2026 Reg M-B\n|rated|\n|rule|Species Clause: Limit one of each Pokémon\n|rule|Item Clause: Limit 1 of each item\n|clearpoke\n|poke|p1|Gallade, L50, M|\n|poke|p1|Tsareena, L50, F|\n|poke|p1|Lycanroc-Dusk, L50, F|\n|poke|p1|Metagross, L50|\n|poke|p1|Weavile, L50, M|\n|poke|p1|Aerodactyl, L50, M|\n|poke|p2|Pangoro, L50, M|\n|poke|p2|Chandelure, L50, M|\n|poke|p2|Spiritomb, L50, F|\n|poke|p2|Gliscor, L50, M|\n|poke|p2|Farigiraf, L50, F|\n|poke|p2|Glimmora, L50, F|\n|teampreview|4\n|inactive|Battle timer is ON: inactive players will automatically lose when time's up. (requested by bruhdnigerian)\n|inactive|xSaike also wants the timer to be on.\nbruhdnigerian rejected open team sheets.\n|inactive|xSaike has 60 seconds left.\n|inactive|bruhdnigerian has 60 seconds left.\n|\n|t:|1788378557\n|teamsize|p1|4\n|teamsize|p2|4\n|start\n|switch|p1a: Gallade|Gallade, L50, M|100/100\n|switch|p1b: Tsareena|Tsareena, L50, F|100/100\n|switch|p2a: Glimmora|Glimmora, L50, F|100/100\n|switch|p2b: Spiritomb|Spiritomb, L50, F|100/100\n|turn|1\n|c|☆xSaike|glhf\n|c|☆bruhdnigerian|glhf\n|inactive|xSaike has 30 seconds left.\n|\n|t:|1788378589\n|move|p2a: Glimmora|Sludge Bomb|p1b: Tsareena\n|-supereffective|p1b: Tsareena|1\n|-damage|p1b: Tsareena|0 fnt\n|faint|p1b: Tsareena\n|move|p1a: Gallade|Night Slash|p2b: Spiritomb\n|-damage|p2b: Spiritomb|63/100\n|move|p2b: Spiritomb|Will-O-Wisp|p1a: Gallade\n|-status|p1a: Gallade|brn\n|\n|-damage|p1a: Gallade|93/100 brn|[from] brn\n|upkeep\n|\n|t:|1788378606\n|switch|p1b: Lycanroc|Lycanroc-Dusk, L50, F|100/100\n|turn|2\n|\n|t:|1788378625\n|move|p2a: Glimmora|Sludge Bomb|p1a: Gallade\n|-damage|p1a: Gallade|44/100 brn\n|move|p1a: Gallade|Night Slash|p2b: Spiritomb\n|-damage|p2b: Spiritomb|46/100\n|move|p1b: Lycanroc|Drill Run|p2a: Glimmora\n|-supereffective|p2a: Glimmora|2\n|-damage|p2a: Glimmora|0 fnt\n|-activate|p2a: Glimmora|ability: Toxic Debris\n|-sidestart|p1: xSaike|move: Toxic Spikes\n|faint|p2a: Glimmora\n|move|p2b: Spiritomb|Trick Room|p2b: Spiritomb\n|-fieldstart|move: Trick Room|[of] p2b: Spiritomb\n|\n|-damage|p1a: Gallade|37/100 brn|[from] brn\n|upkeep\n|\n|t:|1788378638\n|switch|p2a: Pangoro|Pangoro, L50, M|100/100\n|turn|3\n|\n|t:|1788378651\n|switch|p1a: Aerodactyl|Aerodactyl, L50, M|100/100\n|move|p2b: Spiritomb|Hex|p1a: Aerodactyl\n|-crit|p1a: Aerodactyl\n|-damage|p1a: Aerodactyl|57/100\n|move|p2a: Pangoro|Storm Throw|p1b: Lycanroc\n|-supereffective|p1b: Lycanroc|1\n|-crit|p1b: Lycanroc\n|-enditem|p1b: Lycanroc|Focus Sash\n|-damage|p1b: Lycanroc|1/100\n|move|p1b: Lycanroc|Close Combat|p2a: Pangoro\n|-supereffective|p2a: Pangoro|1\n|-enditem|p2a: Pangoro|Focus Sash\n|-damage|p2a: Pangoro|1/100\n|-unboost|p1b: Lycanroc|def|1\n|-unboost|p1b: Lycanroc|spd|1\n|\n|upkeep\n|turn|4\n|inactive|xSaike has 30 seconds left.\n|inactive|xSaike has 20 seconds left.\n|inactive|xSaike has 15 seconds left.\n|inactive|xSaike has 10 seconds left.\n|\n|t:|1788378698\n|detailschange|p1a: Aerodactyl|Aerodactyl-Mega, L50, M\n|-mega|p1a: Aerodactyl|Aerodactyl|Aerodactylite\n|move|p2a: Pangoro|Protect|p2a: Pangoro\n|-singleturn|p2a: Pangoro|Protect\n|move|p1b: Lycanroc|Accelerock|p2a: Pangoro\n|-activate|p2a: Pangoro|move: Protect\n|move|p2b: Spiritomb|Hex|p1b: Lycanroc\n|-damage|p1b: Lycanroc|0 fnt\n|faint|p1b: Lycanroc\n|move|p1a: Aerodactyl|Dual Wingbeat|p2b: Spiritomb\n|-damage|p2b: Spiritomb|19/100\n|-damage|p2b: Spiritomb|0 fnt\n|faint|p2b: Spiritomb\n|-hitcount|p2: Spiritomb|2\n|\n|upkeep\n|\n|t:|1788378711\n|switch|p2b: Farigiraf|Farigiraf, L50, F|100/100\n|switch|p1b: Gallade|Gallade, L50, M|37/100 brn\n|turn|5\n|\n|t:|1788378726\n|move|p2a: Pangoro|Knock Off|p1b: Gallade\n|-damage|p1b: Gallade|0 fnt\n|-enditem|p1b: Gallade|Choice Scarf|[from] move: Knock Off|[of] p2a: Pangoro\n|faint|p1b: Gallade\n|move|p2b: Farigiraf|Thunderbolt|p1a: Aerodactyl\n|-supereffective|p1a: Aerodactyl|1\n|-damage|p1a: Aerodactyl|0 fnt\n|faint|p1a: Aerodactyl\n|\n|win|bruhdnigerian\n|raw|xSaike's rating: 1158 &rarr; <strong>1139</strong><br />(-19 for losing)\n|raw|bruhdnigerian's rating: 1238 &rarr; <strong>1257</strong><br />(+19 for winning)\n|l|☆xSaike\n|player|p1|\n","uploadtime":1788378757,"views":"0","formatid":"gen9championsvgc2026regmb","rating":1139,"private":0,"password":null}