{"id":"gen9championsvgc2026regmbbo3-2673908340","format":"[Gen 9 Champions] VGC 2026 Reg M-B (Bo3)","players":["fan#1lugia","javivaarela"],"log":"|j|☆fan#1lugia\n|j|☆javivaarela\n|html|<table width=\"100%\"><tr><td align=\"left\">fan#1lugia</td><td align=\"right\">javivaarela</tr><tr><td align=\"left\"><i class=\"fa fa-circle-o\"></i> <i class=\"fa fa-circle-o\"></i> </td><td align=\"right\"><i class=\"fa fa-circle-o\"></i> <i class=\"fa fa-circle-o\"></i> </tr></table>\n|uhtml|bestof|<h2><strong>Game 1</strong> of <a href=\"/game-bestof3-gen9championsvgc2026regmbbo3-2673908339\">a best-of-3</a></h2>\n|t:|1788275812\n|gametype|doubles\n|player|p1|fan#1lugia|170|\n|player|p2|javivaarela|102|\n|gen|9\n|tier|[Gen 9 Champions] VGC 2026 Reg M-B (Bo3)\n|rule|Species Clause: Limit one of each Pokémon\n|rule|Item Clause: Limit 1 of each item\n|clearpoke\n|poke|p1|Charizard, L50, F|\n|poke|p1|Grimmsnarl, L50, M|\n|poke|p1|Pelipper, L50, M|\n|poke|p1|Archaludon, L50, M|\n|poke|p1|Swampert, L50, F|\n|poke|p1|Venusaur, L50, F|\n|poke|p2|Staraptor, L50, M, shiny|\n|poke|p2|Arcanine-Hisui, L50, M, shiny|\n|poke|p2|Kingambit, L50, M, shiny|\n|poke|p2|Sylveon, L50, F, shiny|\n|poke|p2|Raichu, L50, M, shiny|\n|poke|p2|Farigiraf, L50, F, shiny|\n|teampreview|4\n|showteam|p1|Charizard||CharizarditeY|Blaze|Protect,HeatWave,WeatherBall,AncientPower|Modest||F|||50|]Grimmsnarl||LightClay|Prankster|SpiritBreak,Reflect,LightScreen,PartingShot|Sassy||M|||50|]Pelipper||SitrusBerry|Drizzle|Hurricane,WeatherBall,Tailwind,Protect|Modest||M|||50|]Archaludon||Leftovers|Stamina|Protect,ElectroShot,DragonPulse,FlashCannon|Calm||M|||50|]Swampert||Swampertite|Torrent|Protect,Earthquake,WaveCrash,IcePunch|Adamant||F|||50|]Venusaur||FocusSash|Chlorophyll|Protect,SleepPowder,SludgeBomb,EnergyBall|Modest||F|||50|\n|showteam|p2|Staraptor||Staraptite|Intimidate|DualWingbeat,CloseCombat,Tailwind,Protect|Jolly||M|||50|]Arcanine-Hisui||FocusSash|RockHead|FlareBlitz,HeadSmash,ExtremeSpeed,Protect|Jolly||M|||50|]Kingambit||LifeOrb|Defiant|KowtowCleave,SuckerPunch,SwordsDance,Protect|Adamant||M|||50|]Sylveon||FairyFeather|Pixilate|HyperVoice,HyperBeam,QuickAttack,Detect|Modest||F|||50|]Raichu||RaichuniteY|LightningRod|ZapCannon,FocusBlast,FakeOut,Protect|Timid||M|||50|]Farigiraf||SitrusBerry|ArmorTail|Psychic,HelpingHand,TrickRoom,Protect|Calm||F|||50|\n|c|☆javivaarela|glhf mi rey\n|c|☆fan#1lugia|GLHF\n|\n|t:|1788275865\n|teamsize|p1|4\n|teamsize|p2|4\n|start\n|switch|p1a: Pelipper|Pelipper, L50, M|100/100\n|switch|p1b: Swampert|Swampert, L50, F|100/100\n|switch|p2a: Flower Man|Staraptor, L50, M, shiny|100/100\n|switch|p2b: Sadie Sink|Sylveon, L50, F, shiny|100/100\n|-ability|p2a: Flower Man|Intimidate|boost\n|-unboost|p1a: Pelipper|atk|1\n|-unboost|p1b: Swampert|atk|1\n|-weather|RainDance|[from] ability: Drizzle|[of] p1a: Pelipper\n|turn|1\n|\n|t:|1788275886\n|switch|p1b: Grimmsnarl|Grimmsnarl, L50, M|100/100\n|detailschange|p2a: Flower Man|Staraptor-Mega, L50, M, shiny\n|-mega|p2a: Flower Man|Staraptor|Staraptite\n|move|p2a: Flower Man|Close Combat|p1a: Pelipper\n|-resisted|p1a: Pelipper|1\n|-crit|p1a: Pelipper\n|-damage|p1a: Pelipper|54/100\n|-boost|p2a: Flower Man|def|1\n|-boost|p2a: Flower Man|spd|1\n|move|p2b: Sadie Sink|Hyper Voice|p1b: Grimmsnarl|[spread] p1a,p1b\n|-supereffective|p1b: Grimmsnarl|1\n|-damage|p1a: Pelipper|1/100\n|-damage|p1b: Grimmsnarl|12/100\n|-enditem|p1a: Pelipper|Sitrus Berry|[eat]\n|-heal|p1a: Pelipper|26/100|[from] item: Sitrus Berry\n|move|p1a: Pelipper|Tailwind|p1a: Pelipper\n|-sidestart|p1: fan#1lugia|move: Tailwind\n|\n|-weather|RainDance|[upkeep]\n|upkeep\n|turn|2\n|\n|t:|1788275914\n|move|p2a: Flower Man|Protect|p2a: Flower Man\n|-singleturn|p2a: Flower Man|Protect\n|move|p1b: Grimmsnarl|Reflect|p1b: Grimmsnarl\n|-sidestart|p1: fan#1lugia|Reflect\n|move|p1a: Pelipper|Hurricane|p2a: Flower Man\n|-activate|p2a: Flower Man|move: Protect\n|move|p2b: Sadie Sink|Hyper Voice|p1a: Pelipper|[spread] p1a,p1b\n|-supereffective|p1b: Grimmsnarl|1\n|-damage|p1a: Pelipper|0 fnt\n|-damage|p1b: Grimmsnarl|0 fnt\n|faint|p1a: Pelipper\n|faint|p1b: Grimmsnarl\n|\n|-weather|RainDance|[upkeep]\n|upkeep\n|\n|t:|1788275917\n|switch|p1a: Archaludon|Archaludon, L50, M|100/100\n|switch|p1b: Swampert|Swampert, L50, F|100/100\n|turn|3\n|\n|t:|1788275930\n|switch|p2b: Big Chu|Raichu, L50, M, shiny|100/100\n|detailschange|p1b: Swampert|Swampert-Mega, L50, F\n|-mega|p1b: Swampert|Swampert|Swampertite\n|move|p1b: Swampert|Wave Crash|p2a: Flower Man\n|-damage|p2a: Flower Man|27/100\n|-damage|p1b: Swampert|76/100|[from] Recoil\n|move|p1a: Archaludon|Electro Shot||[still]\n|-activate|p2b: Big Chu|ability: Lightning Rod\n|-prepare|p1a: Archaludon|Electro Shot\n|-boost|p1a: Archaludon|spa|1\n|-anim|p1a: Archaludon|Electro Shot|p2b: Big Chu\n|-ability|p2b: Big Chu|Lightning Rod|boost\n|-boost|p2b: Big Chu|spa|1\n|move|p2a: Flower Man|Close Combat|p1a: Archaludon\n|-supereffective|p1a: Archaludon|1\n|-damage|p1a: Archaludon|47/100\n|-boost|p2a: Flower Man|def|1\n|-boost|p2a: Flower Man|spd|1\n|-ability|p1a: Archaludon|Stamina|boost\n|-boost|p1a: Archaludon|def|1\n|\n|-weather|RainDance|[upkeep]\n|-heal|p1a: Archaludon|53/100|[from] item: Leftovers\n|upkeep\n|turn|4\n|\n|t:|1788275964\n|move|p2b: Big Chu|Fake Out|p1b: Swampert\n|-damage|p1b: Swampert|71/100\n|cant|p1b: Swampert|flinch\n|move|p1a: Archaludon|Dragon Pulse|p2a: Flower Man\n|-damage|p2a: Flower Man|0 fnt\n|faint|p2a: Flower Man\n|\n|-weather|RainDance|[upkeep]\n|-heal|p1a: Archaludon|59/100|[from] item: Leftovers\n|-sideend|p1: fan#1lugia|move: Tailwind\n|upkeep\n|\n|t:|1788275974\n|switch|p2a: Sadie Sink|Sylveon, L50, F, shiny|100/100\n|turn|5\n|\n|t:|1788276002\n|move|p2a: Sadie Sink|Detect|p2a: Sadie Sink\n|-singleturn|p2a: Sadie Sink|Protect\n|move|p1b: Swampert|Wave Crash|p2b: Big Chu\n|-damage|p2b: Big Chu|0 fnt\n|faint|p2b: Big Chu\n|-damage|p1b: Swampert|42/100|[from] Recoil\n|move|p1a: Archaludon|Flash Cannon|p2a: Sadie Sink\n|-activate|p2a: Sadie Sink|move: Protect\n|\n|-weather|none\n|-heal|p1a: Archaludon|65/100|[from] item: Leftovers\n|upkeep\n|\n|t:|1788276006\n|switch|p2b: WrathofKhan|Kingambit, L50, M, shiny|100/100\n|turn|6\n|\n|t:|1788276019\n|move|p1a: Archaludon|Flash Cannon|p2a: Sadie Sink\n|-supereffective|p2a: Sadie Sink|1\n|-crit|p2a: Sadie Sink\n|-damage|p2a: Sadie Sink|0 fnt\n|faint|p2a: Sadie Sink\n|move|p1b: Swampert|Wave Crash|p2b: WrathofKhan\n|-damage|p2b: WrathofKhan|43/100\n|-damage|p1b: Swampert|21/100|[from] Recoil\n|move|p2b: WrathofKhan|Swords Dance|p2b: WrathofKhan\n|-boost|p2b: WrathofKhan|atk|2\n|\n|-heal|p1a: Archaludon|71/100|[from] item: Leftovers\n|upkeep\n|turn|7\n|\n|t:|1788276032\n|move|p2b: WrathofKhan|Sucker Punch|p1a: Archaludon\n|-damage|p1a: Archaludon|37/100\n|-ability|p1a: Archaludon|Stamina|boost\n|-boost|p1a: Archaludon|def|1\n|-damage|p2b: WrathofKhan|33/100|[from] item: Life Orb\n|move|p1a: Archaludon|Dragon Pulse|p2b: WrathofKhan\n|-resisted|p2b: WrathofKhan|1\n|-damage|p2b: WrathofKhan|10/100\n|move|p1b: Swampert|Wave Crash|p2b: WrathofKhan\n|-damage|p2b: WrathofKhan|0 fnt\n|faint|p2b: WrathofKhan\n|-damage|p1b: Swampert|17/100|[from] Recoil\n|\n|win|fan#1lugia\n","uploadtime":1788276032,"views":"0","formatid":"gen9championsvgc2026regmbbo3","rating":null,"private":0,"password":null}