{"id":"gen9championsvgc2026regmb-2674116541","format":"[Gen 9 Champions] VGC 2026 Reg M-B","players":["JHONUZI","sceptilean"],"log":"|j|☆JHONUZI\n|j|☆sceptilean\n|t:|1788301496\n|gametype|doubles\n|player|p1|JHONUZI|ethan|1151\n|player|p2|sceptilean|n|1092\n|gen|9\n|tier|[Gen 9 Champions] VGC 2026 Reg M-B\n|rated|\n|rule|Species Clause: Limit one of each Pokémon\n|rule|Item Clause: Limit 1 of each item\n|clearpoke\n|poke|p1|Charizard, L50, M, shiny|\n|poke|p1|Venusaur, L50, M|\n|poke|p1|Pelipper, L50, M|\n|poke|p1|Archaludon, L50, M, shiny|\n|poke|p1|Grimmsnarl, L50, M, shiny|\n|poke|p1|Basculegion, L50, M, shiny|\n|poke|p2|Absol, L50, F, shiny|\n|poke|p2|Froslass, L50, F, shiny|\n|poke|p2|Incineroar, L50, M|\n|poke|p2|Sinistcha, L50|\n|poke|p2|Talonflame, L50, M|\n|poke|p2|Farigiraf, L50, M|\n|teampreview|4\n|inactive|Battle timer is ON: inactive players will automatically lose when time's up. (requested by sceptilean)\n|inactive|sceptilean has 60 seconds left.\n|\n|t:|1788301534\n|teamsize|p1|4\n|teamsize|p2|4\n|start\n|switch|p1a: Archaludon|Archaludon, L50, M, shiny|100/100\n|switch|p1b: Pelipper|Pelipper, L50, M|100/100\n|switch|p2a: Talonflame|Talonflame, L50, M|100/100\n|switch|p2b: Absol|Absol, L50, F, shiny|100/100\n|-weather|RainDance|[from] ability: Drizzle|[of] p1b: Pelipper\n|turn|1\n|\n|t:|1788301543\n|switch|p1b: Grimmsnarl|Grimmsnarl, L50, M, shiny|100/100\n|detailschange|p2b: Absol|Absol-Mega, L50, F, shiny\n|-mega|p2b: Absol|Absol|Absolite\n|move|p2a: Talonflame|Tailwind|p2a: Talonflame\n|-sidestart|p2: sceptilean|move: Tailwind\n|move|p2b: Absol|Close Combat|p1a: Archaludon\n|-supereffective|p1a: Archaludon|1\n|-damage|p1a: Archaludon|38/100\n|-unboost|p2b: Absol|def|1\n|-unboost|p2b: Absol|spd|1\n|-ability|p1a: Archaludon|Stamina|boost\n|-boost|p1a: Archaludon|def|1\n|move|p1a: Archaludon|Electro Shot||[still]\n|-prepare|p1a: Archaludon|Electro Shot\n|-boost|p1a: Archaludon|spa|1\n|-anim|p1a: Archaludon|Electro Shot|p2a: Talonflame\n|-supereffective|p2a: Talonflame|1\n|-enditem|p2a: Talonflame|Focus Sash\n|-damage|p2a: Talonflame|1/100\n|\n|-weather|RainDance|[upkeep]\n|-heal|p1a: Archaludon|44/100|[from] item: Leftovers\n|upkeep\n|turn|2\n|\n|t:|1788301563\n|switch|p2b: Incineroar|Incineroar, L50, M|100/100\n|-ability|p2b: Incineroar|Intimidate|boost\n|-unboost|p1a: Archaludon|atk|1\n|-unboost|p1b: Grimmsnarl|atk|1\n|move|p2a: Talonflame|Protect|p2a: Talonflame\n|-singleturn|p2a: Talonflame|Protect\n|move|p1b: Grimmsnarl|Parting Shot|p2b: Incineroar\n|-hint|Since gen 7, Dark is immune to Prankster moves.\n|-immune|p2b: Incineroar\n|move|p1a: Archaludon|Electro Shot||[still]\n|-prepare|p1a: Archaludon|Electro Shot\n|-boost|p1a: Archaludon|spa|1\n|-anim|p1a: Archaludon|Electro Shot|p2b: Incineroar\n|-damage|p2b: Incineroar|44/100\n|\n|-weather|RainDance|[upkeep]\n|-heal|p1a: Archaludon|50/100g|[from] item: Leftovers\n|upkeep\n|turn|3\n|\n|t:|1788301577\n|move|p1b: Grimmsnarl|Light Screen|p1b: Grimmsnarl\n|-sidestart|p1: JHONUZI|move: Light Screen\n|move|p2a: Talonflame|Air Slash|p1a: Archaludon\n|-resisted|p1a: Archaludon|1\n|-damage|p1a: Archaludon|40/100\n|-ability|p1a: Archaludon|Stamina|boost\n|-boost|p1a: Archaludon|def|1\n|move|p2b: Incineroar|Parting Shot|p1a: Archaludon\n|-unboost|p1a: Archaludon|atk|1\n|-unboost|p1a: Archaludon|spa|1\n|\n|t:|1788301579\n|switch|p2b: Sinistcha|Sinistcha, L50|100/100|[from] Parting Shot\n|-heal|p2a: Talonflame|25/100|[from] ability: Hospitality|[of] p2b: Sinistcha\n|move|p1a: Archaludon|Electro Shot||[still]\n|-prepare|p1a: Archaludon|Electro Shot\n|-boost|p1a: Archaludon|spa|1\n|-anim|p1a: Archaludon|Electro Shot|p2a: Talonflame\n|-supereffective|p2a: Talonflame|1\n|-damage|p2a: Talonflame|0 fnt\n|faint|p2a: Talonflame\n|\n|-weather|RainDance|[upkeep]\n|-heal|p1a: Archaludon|46/100|[from] item: Leftovers\n|upkeep\n|\n|t:|1788301581\n|switch|p2a: Incineroar|Incineroar, L50, M|44/100\n|-ability|p2a: Incineroar|Intimidate|boost\n|-unboost|p1a: Archaludon|atk|1\n|-unboost|p1b: Grimmsnarl|atk|1\n|turn|4\n|inactive|JHONUZI has 30 seconds left.\n|\n|t:|1788301616\n|move|p2a: Incineroar|Fake Out|p1b: Grimmsnarl\n|-damage|p1b: Grimmsnarl|82/100\n|-damage|p2a: Incineroar|34/100|[from] item: Life Orb\n|cant|p1b: Grimmsnarl|flinch\n|move|p2b: Sinistcha|Scald|p1b: Grimmsnarl\n|-damage|p1b: Grimmsnarl|63/100\n|move|p1a: Archaludon|Dragon Pulse|p2a: Incineroar\n|-damage|p2a: Incineroar|0 fnt\n|faint|p2a: Incineroar\n|\n|-weather|RainDance|[upkeep]\n|-heal|p1a: Archaludon|52/100|[from] item: Leftovers\n|-sideend|p2: sceptilean|move: Tailwind\n|upkeep\n|\n|t:|1788301625\n|switch|p2a: Absol|Absol-Mega, L50, F, shiny|100/100\n|turn|5\n|\n|t:|1788301636\n|move|p2b: Sinistcha|Rage Powder|p2b: Sinistcha\n|-singleturn|p2b: Sinistcha|move: Rage Powder\n|move|p1b: Grimmsnarl|Parting Shot|p2b: Sinistcha\n|-unboost|p2b: Sinistcha|atk|1\n|-unboost|p2b: Sinistcha|spa|1\n|\n|t:|1788301644\n|switch|p1b: Charizard|Charizard, L50, M, shiny|100/100|[from] Parting Shot\n|move|p2a: Absol|Night Slash|p1a: Archaludon\n|-damage|p1a: Archaludon|38/100\n|-ability|p1a: Archaludon|Stamina|boost\n|-boost|p1a: Archaludon|def|1\n|move|p1a: Archaludon|Electro Shot||[still]\n|-prepare|p1a: Archaludon|Electro Shot\n|-boost|p1a: Archaludon|spa|1\n|-anim|p1a: Archaludon|Electro Shot|p2b: Sinistcha\n|-resisted|p2b: Sinistcha|1\n|-crit|p2b: Sinistcha\n|-damage|p2b: Sinistcha|24/100\n|\n|-weather|none\n|-heal|p1a: Archaludon|44/100|[from] item: Leftovers\n|upkeep\n|turn|6\n|\n|t:|1788301660\n|detailschange|p1b: Charizard|Charizard-Mega-Y, L50, M, shiny\n|-mega|p1b: Charizard|Charizard|Charizardite Y\n|-weather|SunnyDay|[from] ability: Drought|[of] p1b: Charizard\n|move|p2b: Sinistcha|Rage Powder|p2b: Sinistcha\n|-singleturn|p2b: Sinistcha|move: Rage Powder\n|move|p2a: Absol|Night Slash|p1b: Charizard\n|-damage|p1b: Charizard|38/100\n|move|p1b: Charizard|Weather Ball|p2b: Sinistcha\n|-supereffective|p2b: Sinistcha|1\n|-damage|p2b: Sinistcha|0 fnt\n|faint|p2b: Sinistcha\n|move|p1a: Archaludon|Dragon Pulse|p2a: Absol\n|-damage|p2a: Absol|0 fnt\n|faint|p2a: Absol\n|\n|win|JHONUZI\n|raw|JHONUZI's rating: 1151 &rarr; <strong>1172</strong><br />(+21 for winning)\n|raw|sceptilean's rating: 1092 &rarr; <strong>1072</strong><br />(-20 for losing)\n|l|☆sceptilean\n|player|p2|\n","uploadtime":1788301681,"views":"5","formatid":"gen9championsvgc2026regmb","rating":1072,"private":0,"password":null}