{"id":"gen9championsvgc2026regmb-2674693149","format":"[Gen 9 Champions] VGC 2026 Reg M-B","players":["sulfricsun","SneakyEne"],"log":"|j|☆sulfricsun\n|j|☆SneakyEne\n|html|<table width=\"100%\"><tr><td align=\"left\">sulfricsun</td><td align=\"right\">SneakyEne</tr><tr><td align=\"left\"><i class=\"fa fa-circle-o\"></i> <i class=\"fa fa-circle-o\"></i> </td><td align=\"right\"><i class=\"fa fa-circle-o\"></i> <i class=\"fa fa-circle-o\"></i> </tr></table>\n|uhtml|bestof|<h2><strong>Game 1</strong> of <a href=\"/game-bestof3-gen9championsvgc2026regmb-2674693148\">a best-of-3</a></h2>\n|t:|1788391496\n|gametype|doubles\n|player|p1|sulfricsun|swimmer|\n|player|p2|SneakyEne|skyla-masters|\n|gen|9\n|tier|[Gen 9 Champions] VGC 2026 Reg M-B\n|rule|Species Clause: Limit one of each Pokémon\n|rule|Item Clause: Limit 1 of each item\n|raw|<div class=\"infobox\"><details class=\"readmore\" open><summary><strong>1 custom rule:</strong></summary> Best of = 3</details></div>\n|clearpoke\n|poke|p1|Kleavor, L50, F|\n|poke|p1|Staraptor, L50, F|\n|poke|p1|Whimsicott, L50, F|\n|poke|p1|Golurk, L50|\n|poke|p1|Ninetales, L50, F|\n|poke|p1|Garchomp, L50, M|\n|poke|p2|Talonflame, L50, F|\n|poke|p2|Kangaskhan, L50, F|\n|poke|p2|Spiritomb, L50, F|\n|poke|p2|Torkoal, L50, F|\n|poke|p2|Hydreigon, L50, M|\n|poke|p2|Mamoswine, L50, M|\n|teampreview|4\nsulfricsun rejected open team sheets.\n|j| presidentperssson\n|c|☆sulfricsun|I forgot how to create a live battle\n|c|☆SneakyEne|lmao\n|c|☆sulfricsun|how did president do that\n|c|☆SneakyEne|all g\n|c|☆SneakyEne|just copy paste the link\n|c|☆SneakyEne|in the search bar\n|c|☆sulfricsun|president beat us to it\n|c| presidentperssson|i searched your name in the watch a battle section\n|c|☆SneakyEne|too fast\n|c|☆SneakyEne|no beedrill :sadge:\n|c|☆sulfricsun|LMFAO everyones team looks too scary\n|c|☆sulfricsun|I was expecting the monk\n|j| RunningRad\n|c|☆SneakyEne|i try not to bring the same stuff each week\n|c|☆SneakyEne|gotta keep it fresh\n|c|☆sulfricsun|I tried to at first\n|c|☆sulfricsun|But idk when tf hydrapple gonna do anything\n|c|☆SneakyEne|tbh im releived to see no mega sco\n|c|☆sulfricsun|The villain would be kinda nice rn tho\n|c|☆sulfricsun|LMFASO\n|c|☆SneakyEne|lmfao\n|c| presidentperssson|dont talk about hydrapple like that\n|\n|t:|1788391653\n|teamsize|p1|4\n|teamsize|p2|4\n|start\n|switch|p1a: Ninetales|Ninetales, L50, F|100/100\n|switch|p1b: Kleavor|Kleavor, L50, F|100/100\n|switch|p2a: Spiritomb|Spiritomb, L50, F|100/100\n|switch|p2b: Kangaskhan|Kangaskhan, L50, F|100/100\n|-weather|SunnyDay|[from] ability: Drought|[of] p1a: Ninetales\n|-ability|p2a: Spiritomb|Pressure\n|turn|1\n|c|☆sulfricsun|I dont wanna roll the 20%\n|\n|t:|1788391681\n|detailschange|p2b: Kangaskhan|Kangaskhan-Mega, L50, F\n|-mega|p2b: Kangaskhan|Kangaskhan|Kangaskhanite\n|move|p2b: Kangaskhan|Fake Out|p1b: Kleavor\n|-resisted|p1b: Kleavor|1\n|-damage|p1b: Kleavor|87/100\n|-resisted|p1b: Kleavor|1\n|-damage|p1b: Kleavor|84/100\n|-hitcount|p1b: Kleavor|2\n|move|p1a: Ninetales|Will-O-Wisp|p2b: Kangaskhan\n|-status|p2b: Kangaskhan|brn\n|cant|p1b: Kleavor|flinch\n|move|p2a: Spiritomb|Trick Room|p2a: Spiritomb\n|-fieldstart|move: Trick Room|[of] p2a: Spiritomb\n|\n|-weather|SunnyDay|[upkeep]\n|-damage|p2b: Kangaskhan|93/100 brn|[from] brn\n|upkeep\n|turn|2\n|\n|t:|1788391702\n|switch|p1a: Whimsicott|Whimsicott, L50, F|100/100\n|move|p2a: Spiritomb|Foul Play|p1b: Kleavor\n|-damage|p1b: Kleavor|18/100\n|move|p2b: Kangaskhan|Hammer Arm|p1b: Kleavor|[miss]\n|-miss|p2b: Kangaskhan|p1b: Kleavor\n|move|p1b: Kleavor|Stone Axe|p2a: Spiritomb\n|-damage|p2a: Spiritomb|54/100\n|-sidestart|p2: SneakyEne|move: Stealth Rock\n|\n|-weather|SunnyDay|[upkeep]\n|-damage|p2b: Kangaskhan|87/100 brn|[from] brn\n|upkeep\n|turn|3\n|\n|t:|1788391747\n|move|p2a: Spiritomb|Protect|p2a: Spiritomb\n|-singleturn|p2a: Spiritomb|Protect\n|move|p1a: Whimsicott|Charm|p2b: Kangaskhan\n|-unboost|p2b: Kangaskhan|atk|2\n|move|p2b: Kangaskhan|Ice Punch|p1a: Whimsicott\n|-supereffective|p1a: Whimsicott|1\n|-damage|p1a: Whimsicott|88/100\n|-supereffective|p1a: Whimsicott|1\n|-damage|p1a: Whimsicott|85/100\n|-hitcount|p1a: Whimsicott|2\n|move|p1b: Kleavor|Close Combat|p2b: Kangaskhan\n|-supereffective|p2b: Kangaskhan|1\n|-damage|p2b: Kangaskhan|7/100 brn\n|-unboost|p1b: Kleavor|def|1\n|-unboost|p1b: Kleavor|spd|1\n|\n|-weather|SunnyDay|[upkeep]\n|-heal|p1a: Whimsicott|91/100|[from] item: Leftovers\n|-damage|p2b: Kangaskhan|1/100 brn|[from] brn\n|upkeep\n|turn|4\n|\n|t:|1788391772\n|switch|p2a: Torkoal|Torkoal, L50, F|100/100\n|-damage|p2a: Torkoal|75/100|[from] Stealth Rock\n|move|p1a: Whimsicott|Taunt|p2a: Torkoal\n|-start|p2a: Torkoal|move: Taunt\n|move|p2b: Kangaskhan|Hammer Arm|p1b: Kleavor\n|-damage|p1b: Kleavor|2/100\n|-unboost|p2b: Kangaskhan|spe|1\n|-damage|p1b: Kleavor|0 fnt\n|-unboost|p2b: Kangaskhan|spe|1\n|faint|p1b: Kleavor\n|-hitcount|p1: Kleavor|2\n|\n|-weather|SunnyDay|[upkeep]\n|-heal|p1a: Whimsicott|97/100|[from] item: Leftovers\n|-damage|p2b: Kangaskhan|0 fnt|[from] brn\n|faint|p2b: Kangaskhan\n|upkeep\n|\n|t:|1788391790\n|switch|p2b: Mamoswine|Mamoswine, L50, M|100/100\n|switch|p1b: Golurk|Golurk, L50|100/100\n|-damage|p2b: Mamoswine|87/100|[from] Stealth Rock\n|turn|5\n|c|☆sulfricsun|I SEE THE VISION THO\n|c|☆sulfricsun|DOUBLE HAMMER ARM TRICK ROOM\n|c|☆SneakyEne|:)\n|c|☆SneakyEne|unfortunate turn 1 miss\n|c|☆sulfricsun|yeah very unfortunate\n|c|☆sulfricsun|and I got the equal accuracy hit too\n|\n|t:|1788391826\n|detailschange|p1b: Golurk|Golurk-Mega, L50\n|-mega|p1b: Golurk|Golurk|Golurkite\n|move|p1b: Golurk|Protect|p1b: Golurk\n|-singleturn|p1b: Golurk|Protect\n|move|p2b: Mamoswine|Protect|p2b: Mamoswine\n|-singleturn|p2b: Mamoswine|Protect\n|move|p1a: Whimsicott|Light Screen|p1a: Whimsicott\n|-sidestart|p1: sulfricsun|move: Light Screen\n|move|p2a: Torkoal|Heat Wave|p1a: Whimsicott|[spread] p1a\n|-activate|p1b: Golurk|move: Protect\n|-supereffective|p1a: Whimsicott|1\n|-damage|p1a: Whimsicott|3/100\n|-status|p1a: Whimsicott|brn\n|\n|-weather|none\n|-heal|p1a: Whimsicott|9/100 brn|[from] item: Leftovers\n|-damage|p1a: Whimsicott|3/100 brn|[from] brn\n|-fieldend|move: Trick Room\n|upkeep\n|turn|6\n|\n|t:|1788391850\n|move|p1a: Whimsicott|Charm|p2b: Mamoswine\n|-unboost|p2b: Mamoswine|atk|2\n|move|p2b: Mamoswine|Ice Shard|p1a: Whimsicott\n|-supereffective|p1a: Whimsicott|1\n|-damage|p1a: Whimsicott|0 fnt\n|faint|p1a: Whimsicott\n|move|p1b: Golurk|Headlong Rush|p2a: Torkoal\n|-supereffective|p2a: Torkoal|1\n|-damage|p2a: Torkoal|0 fnt\n|-unboost|p1b: Golurk|def|1\n|-unboost|p1b: Golurk|spd|1\n|faint|p2a: Torkoal\n|\n|upkeep\n|\n|t:|1788391860\n|switch|p1a: Ninetales|Ninetales, L50, F|100/100\n|switch|p2a: Spiritomb|Spiritomb, L50, F|54/100\n|-weather|SunnyDay|[from] ability: Drought|[of] p1a: Ninetales\n|-damage|p2a: Spiritomb|42/100|[from] Stealth Rock\n|-ability|p2a: Spiritomb|Pressure\n|-enditem|p2a: Spiritomb|Sitrus Berry|[eat]\n|-heal|p2a: Spiritomb|66/100|[from] item: Sitrus Berry\n|turn|7\n|\n|t:|1788391881\n|move|p2b: Mamoswine|Protect|p2b: Mamoswine\n|-singleturn|p2b: Mamoswine|Protect\n|move|p1a: Ninetales|Mystical Fire|p2b: Mamoswine\n|-activate|p2b: Mamoswine|move: Protect\n|move|p1b: Golurk|Headlong Rush|p2b: Mamoswine\n|-ability|p1b: Golurk|Unseen Fist\n|-zbroken|p2b: Mamoswine\n|-damage|p2b: Mamoswine|66/100\n|-unboost|p1b: Golurk|def|1\n|-unboost|p1b: Golurk|spd|1\n|move|p2a: Spiritomb|Foul Play|p1b: Golurk\n|-supereffective|p1b: Golurk|1\n|-damage|p1b: Golurk|0 fnt\n|faint|p1b: Golurk\n|\n|-weather|SunnyDay|[upkeep]\n|upkeep\n|turn|8\n|\n|t:|1788391902\n|move|p1a: Ninetales|Mystical Fire|p2b: Mamoswine\n|-supereffective|p2b: Mamoswine|1\n|-damage|p2b: Mamoswine|27/100\n|-unboost|p2b: Mamoswine|spa|1\n|move|p2b: Mamoswine|Earthquake|p1a: Ninetales|[spread] p2a,p1a\n|-crit|p2a: Spiritomb\n|-supereffective|p1a: Ninetales|1\n|-damage|p2a: Spiritomb|16/100\n|-damage|p1a: Ninetales|20/100y\n|-enditem|p1a: Ninetales|Sitrus Berry|[eat]\n|-heal|p1a: Ninetales|45/100|[from] item: Sitrus Berry\n|move|p2a: Spiritomb|Foul Play|p1a: Ninetales\n|-damage|p1a: Ninetales|8/100\n|\n|-weather|SunnyDay|[upkeep]\n|upkeep\n|turn|9\n|c|☆SneakyEne|not the crut I want\n|\n|t:|1788391919\n|move|p2b: Mamoswine|Protect|p2b: Mamoswine\n|-singleturn|p2b: Mamoswine|Protect\n|move|p2a: Spiritomb|Protect|p2a: Spiritomb\n|-singleturn|p2a: Spiritomb|Protect\n|move|p1a: Ninetales|Mystical Fire|p2a: Spiritomb\n|-activate|p2a: Spiritomb|move: Protect\n|\n|-weather|SunnyDay|[upkeep]\n|-sideend|p1: sulfricsun|move: Light Screen\n|upkeep\n|turn|10\n|\n|t:|1788391934\n|move|p1a: Ninetales|Mystical Fire|p2b: Mamoswine\n|-supereffective|p2b: Mamoswine|1\n|-damage|p2b: Mamoswine|0 fnt\n|faint|p2b: Mamoswine\n|move|p2a: Spiritomb|Foul Play|p1a: Ninetales\n|-damage|p1a: Ninetales|0 fnt\n|faint|p1a: Ninetales\n|\n|win|SneakyEne\n|c|☆sulfricsun|gg\n|c|☆SneakyEne|gr\n||sulfricsun is ready for game 2.\n||SneakyEne is ready for game 2.\n|uhtml|next|Next: <a href=\"/battle-gen9championsvgc2026regmb-2674696025\"><strong>Game 2 of 3</strong></a>\n","uploadtime":1788392168,"views":"20","formatid":"gen9championsvgc2026regmb","rating":null,"private":0,"password":null}