{"id":"gen9championsvgc2026regmb-2674834402","format":"[Gen 9 Champions] VGC 2026 Reg M-B","players":["Intone","Ashnslasher"],"log":"|j|☆Intone\n|j|☆Ashnslasher\n|t:|1788417039\n|gametype|doubles\n|player|p1|Intone|170|\n|player|p2|Ashnslasher|steven|\n|gen|9\n|tier|[Gen 9 Champions] VGC 2026 Reg M-B\n|rule|Species Clause: Limit one of each Pokémon\n|rule|Item Clause: Limit 1 of each item\n|clearpoke\n|poke|p1|Alakazam, L50, M|\n|poke|p1|Incineroar, L50, F|\n|poke|p1|Talonflame, L50, F|\n|poke|p1|Sinistcha, L50|\n|poke|p1|Mawile, L50, F|\n|poke|p1|Garchomp, L50, M|\n|poke|p2|Bastiodon, L50, M|\n|poke|p2|Tyranitar, L50, F|\n|poke|p2|Meganium, L50, M|\n|poke|p2|Excadrill, L50, F|\n|poke|p2|Dragonite, L50, M|\n|poke|p2|Falinks, L50|\n|teampreview|4\n|\n|t:|1788417067\n|teamsize|p1|4\n|teamsize|p2|4\n|start\n|switch|p1a: Mawile|Mawile, L50, F|100/100\n|switch|p1b: Sinistcha|Sinistcha, L50|100/100\n|switch|p2a: Dragonite|Dragonite, L50, M|100/100\n|switch|p2b: Falinks|Falinks, L50|100/100\n|-ability|p1a: Mawile|Intimidate|boost\n|-unboost|p2a: Dragonite|atk|1\n|-unboost|p2b: Falinks|atk|1\n|-ability|p2b: Falinks|Defiant|boost\n|-boost|p2b: Falinks|atk|2\n|turn|1\n|\n|t:|1788417089\n|detailschange|p2b: Falinks|Falinks-Mega, L50\n|-mega|p2b: Falinks|Falinks|Falinksite\n|move|p1a: Mawile|Protect|p1a: Mawile\n|-singleturn|p1a: Mawile|Protect\n|move|p2b: Falinks|Rock Slide|p1a: Mawile|[spread] p1b\n|-activate|p1a: Mawile|move: Protect\n|-damage|p1b: Sinistcha|73/100\n|move|p2a: Dragonite|Ice Spinner|p1b: Sinistcha\n|-supereffective|p1b: Sinistcha|1\n|-damage|p1b: Sinistcha|34/100\n|move|p1b: Sinistcha|Trick Room|p1b: Sinistcha\n|-fieldstart|move: Trick Room|[of] p1b: Sinistcha\n|\n|upkeep\n|turn|2\n|\n|t:|1788417109\n|switch|p1b: Incineroar|Incineroar, L50, F|100/100\n|-ability|p1b: Incineroar|Intimidate|boost\n|-unboost|p2a: Dragonite|atk|1\n|-unboost|p2b: Falinks|atk|1\n|-ability|p2b: Falinks|Defiant|boost\n|-boost|p2b: Falinks|atk|2\n|detailschange|p1a: Mawile|Mawile-Mega, L50, F\n|-mega|p1a: Mawile|Mawile|Mawilite\n|move|p2b: Falinks|Protect|p2b: Falinks\n|-singleturn|p2b: Falinks|Protect\n|move|p1a: Mawile|Play Rough|p2b: Falinks\n|-activate|p2b: Falinks|move: Protect\n|move|p2a: Dragonite|Ice Spinner|p1b: Incineroar\n|-resisted|p1b: Incineroar|1\n|-damage|p1b: Incineroar|93/100\n|\n|upkeep\n|turn|3\n|\n|t:|1788417135\n|switch|p2b: Bastiodon|Bastiodon, L50, M|100/100\n|move|p1b: Incineroar|Fake Out|p2a: Dragonite\n|-damage|p2a: Dragonite|94/100\n|move|p1a: Mawile|Play Rough|p2b: Bastiodon\n|-resisted|p2b: Bastiodon|1\n|-damage|p2b: Bastiodon|73/100\n|cant|p2a: Dragonite|flinch\n|\n|-heal|p2a: Dragonite|100/100|[from] item: Leftovers\n|upkeep\n|turn|4\n|\n|t:|1788417180\n|move|p2b: Bastiodon|Iron Defense|p2b: Bastiodon\n|-boost|p2b: Bastiodon|def|2\n|move|p1a: Mawile|Play Rough|p2a: Dragonite\n|-supereffective|p2a: Dragonite|1\n|-damage|p2a: Dragonite|24/100\n|move|p1b: Incineroar|Flare Blitz|p2b: Bastiodon\n|-damage|p2b: Bastiodon|57/100\n|-damage|p1b: Incineroar|89/100|[from] Recoil\n|move|p2a: Dragonite|Dragon Claw|p1b: Incineroar\n|-damage|p1b: Incineroar|70/100\n|\n|-heal|p2a: Dragonite|30/100|[from] item: Leftovers\n|upkeep\n|turn|5\n|\n|t:|1788417202\n|switch|p2a: Excadrill|Excadrill, L50, F|100/100\n|move|p1b: Incineroar|Protect|p1b: Incineroar\n|-singleturn|p1b: Incineroar|Protect\n|move|p2b: Bastiodon|Foul Play|p1a: Mawile\n|-resisted|p1a: Mawile|1\n|-damage|p1a: Mawile|85/100\n|move|p1a: Mawile|Swords Dance|p1a: Mawile\n|-boost|p1a: Mawile|atk|2\n|\n|-fieldend|move: Trick Room\n|upkeep\n|turn|6\n|\n|t:|1788417221\n|switch|p1b: Sinistcha|Sinistcha, L50|34/100\n|-heal|p1a: Mawile|100/100|[from] ability: Hospitality|[of] p1b: Sinistcha\n|move|p1a: Mawile|Protect|p1a: Mawile\n|-singleturn|p1a: Mawile|Protect\n|move|p2a: Excadrill|Iron Head|p1b: Sinistcha\n|-damage|p1b: Sinistcha|0 fnt\n|faint|p1b: Sinistcha\n|move|p2b: Bastiodon|Body Press|p1a: Mawile\n|-activate|p1a: Mawile|move: Protect\n|\n|upkeep\n|\n|t:|1788417235\n|switch|p1b: Garchomp|Garchomp, L50, M|100/100\n|turn|7\n|\n|t:|1788417249\n|move|p2b: Bastiodon|Wide Guard|p2b: Bastiodon\n|-singleturn|p2b: Bastiodon|Wide Guard\n|move|p2a: Excadrill|Drill Run|p1a: Mawile|[miss]\n|-miss|p2a: Excadrill|p1a: Mawile\n|move|p1b: Garchomp|Rock Slide|p2a: Excadrill|[spread] \n|-activate|p2a: Excadrill|move: Wide Guard\n|-activate|p2b: Bastiodon|move: Wide Guard\n|move|p1a: Mawile|Iron Head|p2b: Bastiodon\n|-damage|p2b: Bastiodon|6/100\n|\n|upkeep\n|turn|8\n|\n|t:|1788417272\n|move|p2b: Bastiodon|Wide Guard|p2b: Bastiodon\n|-singleturn|p2b: Bastiodon|Wide Guard\n|move|p2a: Excadrill|Drill Run|p1a: Mawile\n|-supereffective|p1a: Mawile|1\n|-damage|p1a: Mawile|8/100\n|move|p1b: Garchomp|Dragon Claw|p2a: Excadrill\n|-resisted|p2a: Excadrill|1\n|-damage|p2a: Excadrill|67/100\n|-damage|p1b: Garchomp|90/100|[from] item: Life Orb\n|move|p1a: Mawile|Iron Head|p2b: Bastiodon\n|-damage|p2b: Bastiodon|0 fnt\n|faint|p2b: Bastiodon\n|\n|upkeep\n|\n|t:|1788417284\n|switch|p2b: Dragonite|Dragonite, L50, M|30/100\n|turn|9\n|\n|t:|1788417293\n|move|p1a: Mawile|Protect|p1a: Mawile\n|-singleturn|p1a: Mawile|Protect\n|move|p2b: Dragonite|Extreme Speed|p1a: Mawile\n|-activate|p1a: Mawile|move: Protect\n|move|p2a: Excadrill|Iron Head|p1b: Garchomp\n|-damage|p1b: Garchomp|58/100\n|-damage|p2a: Excadrill|55/100|[from] ability: Rough Skin|[of] p1b: Garchomp\n|cant|p1b: Garchomp|flinch\n|\n|-heal|p2b: Dragonite|36/100|[from] item: Leftovers\n|upkeep\n|turn|10\n|l|☆Ashnslasher\n|player|p2|\n|j|☆Ashnslasher\n|player|p2|Ashnslasher|steven|\n|inactive|Battle timer is ON: inactive players will automatically lose when time's up. (requested by Intone)\n|\n|t:|1788417338\n|switch|p1a: Incineroar|Incineroar, L50, F|70/100\n|-ability|p1a: Incineroar|Intimidate|boost\n|-unboost|p2a: Excadrill|atk|1\n|-unboost|p2b: Dragonite|atk|1\n|move|p2b: Dragonite|Extreme Speed|p1a: Incineroar\n|-damage|p1a: Incineroar|52/100\n|move|p2a: Excadrill|Iron Head|p1b: Garchomp\n|-damage|p1b: Garchomp|35/100\n|-damage|p2a: Excadrill|42/100|[from] ability: Rough Skin|[of] p1b: Garchomp\n|move|p1b: Garchomp|Rock Slide|p2b: Dragonite|[spread] p2a,p2b\n|-resisted|p2a: Excadrill|2\n|-supereffective|p2b: Dragonite|1\n|-damage|p2a: Excadrill|35/100\n|-damage|p2b: Dragonite|0 fnt\n|faint|p2b: Dragonite\n|-damage|p1b: Garchomp|26/100|[from] item: Life Orb\n|\n|upkeep\n|\n|t:|1788417356\n|switch|p2b: Falinks|Falinks-Mega, L50|100/100\n|turn|11\n|\n|t:|1788417371\n|move|p2b: Falinks|Protect|p2b: Falinks\n|-singleturn|p2b: Falinks|Protect\n|move|p2a: Excadrill|Protect|p2a: Excadrill\n|-singleturn|p2a: Excadrill|Protect\n|move|p1a: Incineroar|Fake Out|p2b: Falinks\n|-activate|p2b: Falinks|move: Protect\n|move|p1b: Garchomp|Dragon Claw|p2a: Excadrill\n|-activate|p2a: Excadrill|move: Protect\n|\n|upkeep\n|turn|12\n|\n|t:|1788417389\n|move|p2b: Falinks|No Retreat|p2b: Falinks\n|-boost|p2b: Falinks|atk|1\n|-boost|p2b: Falinks|def|1\n|-boost|p2b: Falinks|spa|1\n|-boost|p2b: Falinks|spd|1\n|-boost|p2b: Falinks|spe|1\n|-start|p2b: Falinks|move: No Retreat\n|move|p2a: Excadrill|Iron Head|p1b: Garchomp\n|-damage|p1b: Garchomp|4/100\n|-damage|p2a: Excadrill|23/100|[from] ability: Rough Skin|[of] p1b: Garchomp\n|cant|p1b: Garchomp|flinch\n|move|p1a: Incineroar|Parting Shot|p2b: Falinks\n|-unboost|p2b: Falinks|atk|1\n|-ability|p2b: Falinks|Defiant|boost\n|-boost|p2b: Falinks|atk|2\n|-unboost|p2b: Falinks|spa|1\n|-ability|p2b: Falinks|Defiant|boost\n|-boost|p2b: Falinks|atk|2\n|\n|t:|1788417406\n|switch|p1a: Mawile|Mawile-Mega, L50, F|8/100|[from] Parting Shot\n|\n|upkeep\n|turn|13\n|inactive|Intone has 30 seconds left.\n|\n|t:|1788417436\n|move|p2b: Falinks|Rock Slide|p1a: Mawile|[spread] p1a,p1b\n|-resisted|p1a: Mawile|1\n|-crit|p1a: Mawile\n|-resisted|p1b: Garchomp|1\n|-damage|p1a: Mawile|0 fnt\n|-damage|p1b: Garchomp|0 fnt\n|faint|p1a: Mawile\n|faint|p1b: Garchomp\n|move|p2a: Excadrill|Iron Head|p1: Mawile|[notarget]\n|-fail|p2a: Excadrill\n|\n|upkeep\n|\n|t:|1788417447\n|switch|p1a: Incineroar|Incineroar, L50, F|52/100\n|-ability|p1a: Incineroar|Intimidate|boost\n|-unboost|p2a: Excadrill|atk|1\n|-unboost|p2b: Falinks|atk|1\n|-ability|p2b: Falinks|Defiant|boost\n|-boost|p2b: Falinks|atk|2\n|turn|14\n|\n|t:|1788417456\n|move|p2b: Falinks|Close Combat|p1a: Incineroar\n|-supereffective|p1a: Incineroar|1\n|-damage|p1a: Incineroar|0 fnt\n|-unboost|p2b: Falinks|def|1\n|-unboost|p2b: Falinks|spd|1\n|faint|p1a: Incineroar\n|\n|win|Ashnslasher\n","uploadtime":1788417463,"views":"4","formatid":"gen9championsvgc2026regmb","rating":null,"private":0,"password":null}