{"id":"gen9championsvgc2026regmb-2673952436","format":"[Gen 9 Champions] VGC 2026 Reg M-B","players":["Lei41","xyzzbyl"],"log":"|j|☆Lei41\n|j|☆xyzzbyl\n|t:|1788281117\n|gametype|doubles\n|player|p1|Lei41|266|\n|player|p2|xyzzbyl|266|\n|gen|9\n|tier|[Gen 9 Champions] VGC 2026 Reg M-B\n|rule|Species Clause: Limit one of each Pokémon\n|rule|Item Clause: Limit 1 of each item\n|clearpoke\n|poke|p1|Venusaur, L50, F|\n|poke|p1|Charizard, L50, F|\n|poke|p1|Mawile, L50, F|\n|poke|p1|Archaludon, L50, F|\n|poke|p1|Pelipper, L50, M|\n|poke|p1|Farigiraf, L50, M|\n|poke|p2|Charizard, L50, M|\n|poke|p2|Pelipper, L50, M|\n|poke|p2|Archaludon, L50, M|\n|poke|p2|Venusaur, L50, F|\n|poke|p2|Swampert, L50, M|\n|poke|p2|Grimmsnarl, L50, M|\n|teampreview|4\n|\n|t:|1788281122\n|teamsize|p1|4\n|teamsize|p2|4\n|start\n|switch|p1a: Charizard|Charizard, L50, F|100/100\n|switch|p1b: Venusaur|Venusaur, L50, F|100/100\n|switch|p2a: Charizard|Charizard, L50, M|100/100\n|switch|p2b: Venusaur|Venusaur, L50, F|100/100\n|turn|1\n|\n|t:|1788281132\n|detailschange|p1a: Charizard|Charizard-Mega-Y, L50, F\n|-mega|p1a: Charizard|Charizard|Charizardite Y\n|-weather|SunnyDay|[from] ability: Drought|[of] p1a: Charizard\n|detailschange|p2a: Charizard|Charizard-Mega-Y, L50, M\n|-mega|p2a: Charizard|Charizard|Charizardite Y\n|move|p2a: Charizard|Protect|p2a: Charizard\n|-singleturn|p2a: Charizard|Protect\n|move|p1b: Venusaur|Sleep Powder|p2a: Charizard\n|-activate|p2a: Charizard|move: Protect\n|move|p2b: Venusaur|Sleep Powder|p1a: Charizard\n|-status|p1a: Charizard|slp|[from] move: Sleep Powder\n|cant|p1a: Charizard|slp\n|\n|-weather|SunnyDay|[upkeep]\n|upkeep\n|turn|2\n|\n|t:|1788281165\n|switch|p2a: Pelipper|Pelipper, L50, M|100/100\n|-weather|RainDance|[from] ability: Drizzle|[of] p2a: Pelipper\n|cant|p1a: Charizard|slp\n|move|p1b: Venusaur|Sleep Powder|p2a: Pelipper\n|-status|p2a: Pelipper|slp|[from] move: Sleep Powder\n|move|p2b: Venusaur|Sludge Bomb|p1b: Venusaur\n|-damage|p1b: Venusaur|52/100\n|\n|-weather|RainDance|[upkeep]\n|upkeep\n|turn|3\n|\n|t:|1788281208\n|switch|p1a: Archaludon|Archaludon, L50, F|100/100\n|move|p2b: Venusaur|Protect|p2b: Venusaur\n|-singleturn|p2b: Venusaur|Protect\n|move|p1b: Venusaur|Leaf Storm|p2a: Pelipper\n|-damage|p2a: Pelipper|34/100 slp\n|-unboost|p1b: Venusaur|spa|2\n|-enditem|p2a: Pelipper|Sitrus Berry|[eat]\n|-heal|p2a: Pelipper|59/100 slp|[from] item: Sitrus Berry\n|cant|p2a: Pelipper|slp\n|\n|-weather|RainDance|[upkeep]\n|upkeep\n|turn|4\n|\n|t:|1788281234\n|switch|p1a: Charizard|Charizard-Mega-Y, L50, F|100/100 slp\n|-weather|SunnyDay|[from] ability: Drought|[of] p1a: Charizard\n|move|p1b: Venusaur|Protect|p1b: Venusaur\n|-singleturn|p1b: Venusaur|Protect\n|move|p2b: Venusaur|Sludge Bomb|p1b: Venusaur\n|-activate|p1b: Venusaur|move: Protect\n|cant|p2a: Pelipper|slp\n|\n|-weather|SunnyDay|[upkeep]\n|upkeep\n|turn|5\n|\n|t:|1788281337\n|switch|p2a: Charizard|Charizard-Mega-Y, L50, M|100/100\n|move|p2b: Venusaur|Sludge Bomb|p1b: Venusaur\n|-damage|p1b: Venusaur|0 fnt\n|faint|p1b: Venusaur\n|-curestatus|p1a: Charizard|slp|[msg]\n|move|p1a: Charizard|Ancient Power|p2a: Charizard\n|-supereffective|p2a: Charizard|2\n|-damage|p2a: Charizard|27/100\n|\n|-weather|SunnyDay|[upkeep]\n|upkeep\n|\n|t:|1788281352\n|switch|p1b: Pelipper|Pelipper, L50, M|100/100\n|-weather|RainDance|[from] ability: Drizzle|[of] p1b: Pelipper\n|turn|6\n|\n|t:|1788281406\n|switch|p2a: Pelipper|Pelipper, L50, M|59/100 slp\n|move|p2b: Venusaur|Protect|p2b: Venusaur\n|-singleturn|p2b: Venusaur|Protect\n|move|p1b: Pelipper|Hurricane|p2b: Venusaur\n|-activate|p2b: Venusaur|move: Protect\n|move|p1a: Charizard|Ancient Power|p2a: Pelipper\n|-supereffective|p2a: Pelipper|1\n|-damage|p2a: Pelipper|10/100 slp\n|\n|-weather|RainDance|[upkeep]\n|upkeep\n|turn|7\n|\n|t:|1788281428\n|switch|p1b: Archaludon|Archaludon, L50, F|100/100\n|switch|p2a: Charizard|Charizard-Mega-Y, L50, M|27/100\n|-weather|SunnyDay|[from] ability: Drought|[of] p2a: Charizard\n|move|p2b: Venusaur|Sleep Powder|p1a: Charizard\n|-status|p1a: Charizard|slp|[from] move: Sleep Powder\n|cant|p1a: Charizard|slp\n|\n|-weather|SunnyDay|[upkeep]\n|upkeep\n|turn|8\n|\n|t:|1788281469\n|switch|p1a: Pelipper|Pelipper, L50, M|100/100\n|-weather|RainDance|[from] ability: Drizzle|[of] p1a: Pelipper\n|move|p1b: Archaludon|Electro Shot||[still]\n|-prepare|p1b: Archaludon|Electro Shot\n|-boost|p1b: Archaludon|spa|1\n|-anim|p1b: Archaludon|Electro Shot|p2a: Charizard\n|-supereffective|p2a: Charizard|1\n|-damage|p2a: Charizard|0 fnt\n|faint|p2a: Charizard\n|move|p2b: Venusaur|Sleep Powder|p1b: Archaludon\n|-status|p1b: Archaludon|slp|[from] move: Sleep Powder\n|\n|-weather|RainDance|[upkeep]\n|upkeep\n|\n|t:|1788281482\n|switch|p2a: Archaludon|Archaludon, L50, M|100/100\n|turn|9\n|\n|t:|1788281512\n|switch|p1a: Charizard|Charizard-Mega-Y, L50, F|100/100 slp\n|-weather|SunnyDay|[from] ability: Drought|[of] p1a: Charizard\n|switch|p2b: Pelipper|Pelipper, L50, M|10/100 slp\n|-weather|RainDance|[from] ability: Drizzle|[of] p2b: Pelipper\n|cant|p1b: Archaludon|slp\n|move|p2a: Archaludon|Electro Shot||[still]\n|-prepare|p2a: Archaludon|Electro Shot\n|-boost|p2a: Archaludon|spa|1\n|-anim|p2a: Archaludon|Electro Shot|p1a: Charizard\n|-supereffective|p1a: Charizard|1\n|-damage|p1a: Charizard|0 fnt\n|faint|p1a: Charizard\n|\n|-weather|RainDance|[upkeep]\n|upkeep\n|\n|t:|1788281527\n|switch|p1a: Pelipper|Pelipper, L50, M|100/100\n|turn|10\n|\n|t:|1788281537\n|move|p1a: Pelipper|Muddy Water|p2b: Pelipper|[spread] p2b\n|-miss|p1a: Pelipper|p2a: Archaludon\n|-resisted|p2b: Pelipper|1\n|-damage|p2b: Pelipper|0 fnt\n|faint|p2b: Pelipper\n|-curestatus|p1b: Archaludon|slp|[msg]\n|move|p1b: Archaludon|Draco Meteor|p2a: Archaludon|[miss]\n|-miss|p1b: Archaludon|p2a: Archaludon\n|move|p2a: Archaludon|Electro Shot||[still]\n|-prepare|p2a: Archaludon|Electro Shot\n|-boost|p2a: Archaludon|spa|1\n|-anim|p2a: Archaludon|Electro Shot|p1a: Pelipper\n|-supereffective|p1a: Pelipper|2\n|-damage|p1a: Pelipper|0 fnt\n|faint|p1a: Pelipper\n|\n|-weather|RainDance|[upkeep]\n|upkeep\n|\n|t:|1788281556\n|switch|p2b: Venusaur|Venusaur, L50, F|100/100\n|turn|11\n|\n|t:|1788281591\n|move|p1b: Archaludon|Draco Meteor|p2a: Archaludon\n|-damage|p2a: Archaludon|11/100\n|-unboost|p1b: Archaludon|spa|2\n|-ability|p2a: Archaludon|Stamina|boost\n|-boost|p2a: Archaludon|def|1\n|move|p2b: Venusaur|Sleep Powder|p1b: Archaludon\n|-status|p1b: Archaludon|slp|[from] move: Sleep Powder\n|move|p2a: Archaludon|Dragon Pulse|p1b: Archaludon\n|-ability|p1b: Archaludon|Sturdy\n|-damage|p1b: Archaludon|1/100 slp\n|\n|-weather|RainDance|[upkeep]\n|-heal|p2a: Archaludon|17/100|[from] item: Leftovers\n|upkeep\n|turn|12\n|\n|t:|1788281613\n|cant|p1b: Archaludon|slp\n|move|p2b: Venusaur|Leaf Storm|p1b: Archaludon\n|-resisted|p1b: Archaludon|2\n|-damage|p1b: Archaludon|0 fnt\n|-unboost|p2b: Venusaur|spa|2\n|faint|p1b: Archaludon\n|\n|win|xyzzbyl\n","uploadtime":1788281623,"views":"14","formatid":"gen9championsvgc2026regmb","rating":null,"private":0,"password":null}