{"id":"gen9championsvgc2026regmb-2674339041","format":"[Gen 9 Champions] VGC 2026 Reg M-B","players":["TheSliemIdkf","jedeyasleftflab"],"log":"|j|☆TheSliemIdkf\n|j|☆jedeyasleftflab\n|t:|1788344415\n|gametype|doubles\n|player|p1|TheSliemIdkf|266|1111\n|player|p2|jedeyasleftflab|chili|1017\n|gen|9\n|tier|[Gen 9 Champions] VGC 2026 Reg M-B\n|rated|\n|rule|Species Clause: Limit one of each Pokémon\n|rule|Item Clause: Limit 1 of each item\n|clearpoke\n|poke|p1|Gholdengo, L50|\n|poke|p1|Milotic, L50, F|\n|poke|p1|Zoroark-Hisui, L50, F|\n|poke|p1|Staraptor, L50, F|\n|poke|p1|Rotom-Wash, L50|\n|poke|p1|Whimsicott, L50, M|\n|poke|p2|Overqwil, L50, M|\n|poke|p2|Sylveon, L50, F|\n|poke|p2|Delphox, L50, M|\n|poke|p2|Milotic, L50, M|\n|poke|p2|Whimsicott, L50, M|\n|poke|p2|Glimmora, L50, M|\n|teampreview|4\njedeyasleftflab has agreed to open team sheets.\n|inactive|Battle timer is ON: inactive players will automatically lose when time's up. (requested by jedeyasleftflab)\n|\n|t:|1788344443\n|teamsize|p1|4\n|teamsize|p2|4\n|start\n|switch|p1a: Rotom|Rotom-Wash, L50|100/100\n|switch|p1b: Milotic|Milotic, L50, F|100/100\n|switch|p2a: Overqwil|Overqwil, L50, M|100/100\n|switch|p2b: Sylveon|Sylveon, L50, F|100/100\n|-ability|p2a: Overqwil|Intimidate|boost\n|-unboost|p1a: Rotom|atk|1\n|-unboost|p1b: Milotic|atk|1\n|-ability|p1b: Milotic|Competitive|boost\n|-boost|p1b: Milotic|spa|2\n|turn|1\n|inactive|TheSliemIdkf has 30 seconds left.\n|inactive|jedeyasleftflab has 30 seconds left.\n|\n|t:|1788344470\n|move|p1a: Rotom|Will-O-Wisp|p2a: Overqwil\n|-status|p2a: Overqwil|brn\n|move|p2a: Overqwil|Minimize|p2a: Overqwil\n|-boost|p2a: Overqwil|evasion|2\n|move|p1b: Milotic|Scald|p2b: Sylveon\n|-damage|p2b: Sylveon|51/100\n|move|p2b: Sylveon|Hyper Voice|p1a: Rotom|[spread] p1a,p1b\n|-damage|p1a: Rotom|48/100\n|-damage|p1b: Milotic|63/100\n|\n|-heal|p1b: Milotic|69/100|[from] item: Leftovers\n|-damage|p2a: Overqwil|93/100 brn|[from] brn\n|upkeep\n|turn|2\n|\n|t:|1788344492\n|move|p1a: Rotom|Hydro Pump|p2b: Sylveon\n|-damage|p2b: Sylveon|19/100\n|move|p2a: Overqwil|Minimize|p2a: Overqwil\n|-boost|p2a: Overqwil|evasion|2\n|move|p1b: Milotic|Recover|p1b: Milotic\n|-heal|p1b: Milotic|100/100\n|move|p2b: Sylveon|Hyper Beam|p1b: Milotic\n|-damage|p1b: Milotic|28/100\n|-mustrecharge|p2b: Sylveon\n|\n|-heal|p1b: Milotic|34/100|[from] item: Leftovers\n|-damage|p2a: Overqwil|87/100 brn|[from] brn\n|upkeep\n|turn|3\n|\n|t:|1788344506\n|move|p1a: Rotom|Hydro Pump|p2b: Sylveon\n|-crit|p2b: Sylveon\n|-damage|p2b: Sylveon|0 fnt\n|faint|p2b: Sylveon\n|move|p2a: Overqwil|Stockpile|p2a: Overqwil\n|-start|p2a: Overqwil|stockpile1\n|-boost|p2a: Overqwil|def|1\n|-boost|p2a: Overqwil|spd|1\n|move|p1b: Milotic|Recover|p1b: Milotic\n|-heal|p1b: Milotic|84/100\n|\n|-heal|p1b: Milotic|90/100|[from] item: Leftovers\n|-damage|p2a: Overqwil|81/100 brn|[from] brn\n|upkeep\n|\n|t:|1788344512\n|switch|p2b: Delphox|Delphox, L50, M|100/100\n|turn|4\n|\n|t:|1788344530\n|detailschange|p2b: Delphox|Delphox-Mega, L50, M\n|-mega|p2b: Delphox|Delphox|Delphoxite\n|move|p2b: Delphox|Psych Up|p2a: Overqwil\n|-copyboost|p2b: Delphox|p2a: Overqwil|[from] move: Psych Up\n|move|p1a: Rotom|Rain Dance|p1a: Rotom\n|-weather|RainDance\n|move|p2a: Overqwil|Stockpile|p2a: Overqwil\n|-start|p2a: Overqwil|stockpile2\n|-boost|p2a: Overqwil|def|1\n|-boost|p2a: Overqwil|spd|1\n|move|p1b: Milotic|Psych Up|p2a: Overqwil\n|-copyboost|p1b: Milotic|p2a: Overqwil|[from] move: Psych Up\n|\n|-weather|RainDance|[upkeep]\n|-heal|p1b: Milotic|96/100|[from] item: Leftovers\n|-damage|p2a: Overqwil|75/100 brn|[from] brn\n|upkeep\n|turn|5\n|inactive|TheSliemIdkf has 30 seconds left.\n|inactive|jedeyasleftflab has 30 seconds left.\n|\n|t:|1788344556\n|move|p2b: Delphox|Psychic|p1a: Rotom\n|-damage|p1a: Rotom|0 fnt\n|faint|p1a: Rotom\n|move|p2a: Overqwil|Stockpile|p2a: Overqwil\n|-start|p2a: Overqwil|stockpile3\n|-boost|p2a: Overqwil|def|1\n|-boost|p2a: Overqwil|spd|1\n|move|p1b: Milotic|Scald|p2b: Delphox\n|-supereffective|p2b: Delphox|1\n|-damage|p2b: Delphox|43/100\n|\n|-weather|RainDance|[upkeep]\n|-heal|p1b: Milotic|100/100|[from] item: Leftovers\n|-damage|p2a: Overqwil|68/100 brn|[from] brn\n|upkeep\n|\n|t:|1788344569\n|switch|p1a: Staraptor|Staraptor, L50, F|100/100\n|turn|6\n|\n|t:|1788344590\n|move|p2b: Delphox|Psych Up|p2a: Overqwil\n|-copyboost|p2b: Delphox|p2a: Overqwil|[from] move: Psych Up\n|move|p1a: Staraptor|Curse|p2a: Overqwil\n|-start|p2a: Overqwil|Curse|[of] p1a: Staraptor\n|-damage|p1a: Staraptor|50/100y\n|move|p2a: Overqwil|Barb Barrage|p1a: Staraptor\n|-resisted|p1a: Staraptor|1\n|-damage|p1a: Staraptor|37/100\n|-status|p1a: Staraptor|psn\n|replace|p1a: Zoroark|Zoroark-Hisui, L50, F\n|-end|p1a: Zoroark|Illusion\n|move|p1b: Milotic|Scald|p2b: Delphox\n|-supereffective|p2b: Delphox|1\n|-damage|p2b: Delphox|7/100\n|\n|-weather|RainDance|[upkeep]\n|-damage|p1a: Zoroark|25/100 psn|[from] psn\n|-damage|p2a: Overqwil|62/100 brn|[from] brn\n|-damage|p2a: Overqwil|37/100 brn|[from] Curse\n|upkeep\n|turn|7\n|inactive|jedeyasleftflab has 30 seconds left.\n|\n|t:|1788344617\n|move|p2b: Delphox|Psychic|p1b: Milotic|[miss]\n|-miss|p2b: Delphox|p1b: Milotic\n|move|p1a: Zoroark|Bitter Malice|p2b: Delphox|[miss]\n|-miss|p1a: Zoroark|p2b: Delphox\n|move|p2a: Overqwil|Barb Barrage|p1a: Zoroark\n|-resisted|p1a: Zoroark|1\n|-damage|p1a: Zoroark|0 fnt\n|faint|p1a: Zoroark\n|move|p1b: Milotic|Psych Up|p2a: Overqwil\n|-copyboost|p1b: Milotic|p2a: Overqwil|[from] move: Psych Up\n|\n|-weather|RainDance|[upkeep]\n|-damage|p2a: Overqwil|31/100 brn|[from] brn\n|-damage|p2a: Overqwil|6/100 brn|[from] Curse\n|upkeep\n|\n|t:|1788344631\n|switch|p1a: Staraptor|Staraptor, L50, F|100/100\n|turn|8\n|\n|t:|1788344645\n|move|p1a: Staraptor|Protect|p1a: Staraptor\n|-singleturn|p1a: Staraptor|Protect\n|move|p2b: Delphox|Psychic|p1a: Staraptor\n|-activate|p1a: Staraptor|move: Protect\n|move|p2a: Overqwil|Barb Barrage|p1b: Milotic|[miss]\n|-miss|p2a: Overqwil|p1b: Milotic\n|move|p1b: Milotic|Scald|p2b: Delphox\n|-supereffective|p2b: Delphox|1\n|-damage|p2b: Delphox|0 fnt\n|faint|p2b: Delphox\n|\n|-weather|none\n|-damage|p2a: Overqwil|0 fnt|[from] brn\n|faint|p2a: Overqwil\n|upkeep\n|c|☆jedeyasleftflab|bro fuking mad\n|c|☆jedeyasleftflab|three scalds\n|\n|t:|1788344666\n|switch|p2a: Milotic|Milotic, L50, M|100/100\n|turn|9\n|\n|t:|1788344677\n|detailschange|p1a: Staraptor|Staraptor-Mega, L50, F\n|-mega|p1a: Staraptor|Staraptor|Staraptite\n|move|p1a: Staraptor|Close Combat|p2a: Milotic\n|-damage|p2a: Milotic|50/100g\n|-boost|p1a: Staraptor|def|1\n|-boost|p1a: Staraptor|spd|1\n|move|p2a: Milotic|Scald|p1a: Staraptor\n|-damage|p1a: Staraptor|81/100\n|-status|p1a: Staraptor|brn\n|move|p1b: Milotic|Scald|p2a: Milotic\n|-resisted|p2a: Milotic|1\n|-damage|p2a: Milotic|41/100\n|\n|-heal|p2a: Milotic|47/100|[from] item: Leftovers\n|-damage|p1a: Staraptor|75/100 brn|[from] brn\n|upkeep\n|turn|10\n|-message|jedeyasleftflab forfeited.\n|\n|win|TheSliemIdkf\n|raw|TheSliemIdkf's rating: 1111 &rarr; <strong>1129</strong><br />(+18 for winning)\n|raw|jedeyasleftflab's rating: 1017 &rarr; <strong>1008</strong><br />(-9 for losing)\n|l|☆jedeyasleftflab\n|player|p2|\n","uploadtime":1788344710,"views":"16","formatid":"gen9championsvgc2026regmb","rating":1008,"private":0,"password":null}