{"id":"gen9championsvgc2026regmb-2674079451","format":"[Gen 9 Champions] VGC 2026 Reg M-B","players":["Elektriktoad2","pikapip1010"],"log":"|j|☆Elektriktoad2\n|j|☆pikapip1010\n|t:|1788296288\n|gametype|doubles\n|player|p1|Elektriktoad2|janine|1728\n|player|p2|pikapip1010|169|1743\n|gen|9\n|tier|[Gen 9 Champions] VGC 2026 Reg M-B\n|rated|\n|rule|Species Clause: Limit one of each Pokémon\n|rule|Item Clause: Limit 1 of each item\n|clearpoke\n|poke|p1|Victreebel, L50, M|\n|poke|p1|Sneasler, L50, M|\n|poke|p1|Corviknight, L50, M|\n|poke|p1|Sableye, L50, M|\n|poke|p1|Kingambit, L50, M|\n|poke|p1|Raichu, L50, F|\n|poke|p2|Charizard, L50, M|\n|poke|p2|Incineroar, L50, M|\n|poke|p2|Garchomp, L50, M|\n|poke|p2|Venusaur, L50, M|\n|poke|p2|Sylveon, L50, M|\n|poke|p2|Toxapex, L50, F|\n|teampreview|4\n|\n|t:|1788296340\n|teamsize|p1|4\n|teamsize|p2|4\n|start\n|switch|p1a: Victreebel|Victreebel, L50, M|100/100\n|switch|p1b: Sneasler|Sneasler, L50, M|100/100\n|switch|p2a: Charizard|Charizard, L50, M|100/100\n|switch|p2b: Garchomp|Garchomp, L50, M|100/100\n|turn|1\n|j| footandballenjoyer\n|\n|t:|1788296369\n|detailschange|p2a: Charizard|Charizard-Mega-Y, L50, M\n|-mega|p2a: Charizard|Charizard|Charizardite Y\n|-weather|SunnyDay|[from] ability: Drought|[of] p2a: Charizard\n|detailschange|p1a: Victreebel|Victreebel-Mega, L50, M\n|-mega|p1a: Victreebel|Victreebel|Victreebelite\n|move|p2b: Garchomp|Earthquake|p1a: Victreebel|[spread] p1a,p1b\n|-immune|p2a: Charizard\n|-supereffective|p1b: Sneasler|1\n|-damage|p1a: Victreebel|51/100\n|-enditem|p1b: Sneasler|Focus Sash\n|-damage|p1b: Sneasler|1/100\n|move|p1b: Sneasler|Dire Claw|p2a: Charizard\n|-damage|p2a: Charizard|53/100\n|-status|p2a: Charizard|psn\n|move|p2a: Charizard|Heat Wave|p1a: Victreebel|[spread] p1a\n|-miss|p2a: Charizard|p1b: Sneasler\n|-supereffective|p1a: Victreebel|1\n|-damage|p1a: Victreebel|0 fnt\n|-damage|p2a: Charizard|0 fnt|[from] ability: Innards Out|[of] p1a: Victreebel\n|faint|p1a: Victreebel\n|faint|p2a: Charizard\n|\n|-weather|SunnyDay|[upkeep]\n|upkeep\n|\n|t:|1788296403\n|switch|p2a: Incineroar|Incineroar, L50, M|100/100\n|switch|p1a: Sableye|Sableye, L50, M|100/100\n|-ability|p2a: Incineroar|Intimidate|boost\n|-unboost|p1a: Sableye|atk|1\n|-unboost|p1b: Sneasler|atk|1\n|turn|2\n|\n|t:|1788296412\n|switch|p2b: Toxapex|Toxapex, L50, F|100/100\n|move|p1b: Sneasler|Protect|p1b: Sneasler\n|-singleturn|p1b: Sneasler|Protect\n|move|p2a: Incineroar|Fake Out|p1b: Sneasler\n|-activate|p1b: Sneasler|move: Protect\n|move|p1a: Sableye|Encore||[still]\n|-fail|p1a: Sableye\n|\n|-weather|SunnyDay|[upkeep]\n|upkeep\n|turn|3\n|\n|t:|1788296429\n|switch|p1a: Corviknight|Corviknight, L50, M|100/100\n|move|p1b: Sneasler|Close Combat|p2a: Incineroar\n|-supereffective|p2a: Incineroar|1\n|-crit|p2a: Incineroar\n|-damage|p2a: Incineroar|0 fnt\n|-unboost|p1b: Sneasler|def|1\n|-unboost|p1b: Sneasler|spd|1\n|faint|p2a: Incineroar\n|move|p2b: Toxapex|Infestation|p1b: Sneasler\n|-resisted|p1b: Sneasler|2\n|-damage|p1b: Sneasler|0 fnt\n|faint|p1b: Sneasler\n|\n|-weather|SunnyDay|[upkeep]\n|upkeep\n|\n|t:|1788296441\n|switch|p1b: Sableye|Sableye, L50, M|100/100\n|switch|p2a: Garchomp|Garchomp, L50, M|100/100\n|turn|4\n|\n|t:|1788296447\n|move|p1b: Sableye|Disable|p2b: Toxapex\n|-start|p2b: Toxapex|Disable|Infestation\n|move|p2a: Garchomp|Rock Slide|p1b: Sableye|[spread] p1a,p1b\n|-damage|p1a: Corviknight|85/100\n|-damage|p1b: Sableye|71/100\n|move|p1a: Corviknight|Iron Defense|p1a: Corviknight\n|-boost|p1a: Corviknight|def|2\n|cant|p2b: Toxapex|Disable|Infestation\n|\n|-weather|SunnyDay|[upkeep]\n|-heal|p1a: Corviknight|91/100|[from] item: Leftovers\n|upkeep\n|turn|5\n|\n|t:|1788296465\n|move|p1b: Sableye|Encore|p2b: Toxapex\n|-start|p2b: Toxapex|Encore\n|move|p2a: Garchomp|Rock Slide|p1a: Corviknight|[spread] p1b\n|-miss|p2a: Garchomp|p1a: Corviknight\n|-damage|p1b: Sableye|45/100\n|move|p1a: Corviknight|Iron Defense|p1a: Corviknight\n|-boost|p1a: Corviknight|def|2\n|cant|p2b: Toxapex|Disable|Infestation\n|\n|-weather|none\n|-heal|p1a: Corviknight|97/100|[from] item: Leftovers\n|upkeep\n|turn|6\n|j| erwgergergeg\n|l| erwgergergeg\n|\n|t:|1788296498\n|move|p1b: Sableye|Disable|p2a: Garchomp\n|-start|p2a: Garchomp|Disable|Rock Slide\n|cant|p2a: Garchomp|Disable|Rock Slide\n|move|p1a: Corviknight|Iron Defense|p1a: Corviknight\n|-boost|p1a: Corviknight|def|2\n|-activate|p2b: Toxapex|move: Struggle\n|move|p2b: Toxapex|Struggle|p1a: Corviknight\n|-damage|p1a: Corviknight|95/100\n|-damage|p2b: Toxapex|75/100|[from] recoil\n|\n|-heal|p1a: Corviknight|100/100|[from] item: Leftovers\n|-heal|p2b: Toxapex|80/100|[from] item: Leftovers\n|upkeep\n|turn|7\n|-message|pikapip1010 forfeited.\n|\n|win|Elektriktoad2\n|raw|Elektriktoad2's rating: 1710 &rarr; <strong>1732</strong><br />(+22 for winning)\n|raw|pikapip1010's rating: 1743 &rarr; <strong>1721</strong><br />(-22 for losing)\n|l|☆pikapip1010\n|player|p2|\n","uploadtime":1788296547,"views":"1","formatid":"gen9championsvgc2026regmb","rating":1721,"private":0,"password":null}