{"id":"gen9championsvgc2026regmb-2673926174","format":"[Gen 9 Champions] VGC 2026 Reg M-B","players":["Crucible&Gambit","yanhuhuhaha"],"log":"|j|☆Crucible&Gambit\n|j|☆yanhuhuhaha\n|t:|1788277950\n|gametype|doubles\n|player|p1|Crucible&Gambit|concordia|1188\n|player|p2|yanhuhuhaha|veteranf|1126\n|gen|9\n|tier|[Gen 9 Champions] VGC 2026 Reg M-B\n|rated|\n|rule|Species Clause: Limit one of each Pokémon\n|rule|Item Clause: Limit 1 of each item\n|clearpoke\n|poke|p1|Alcremie, L50, F|\n|poke|p1|Mawile, L50, F|\n|poke|p1|Talonflame, L50, M|\n|poke|p1|Garchomp, L50, F|\n|poke|p1|Gholdengo, L50|\n|poke|p1|Hydreigon, L50, F|\n|poke|p2|Sylveon, L50, F, shiny|\n|poke|p2|Alcremie, L50, F, shiny|\n|poke|p2|Annihilape, L50, M, shiny|\n|poke|p2|Mawile, L50, M|\n|poke|p2|Whimsicott, L50, M, shiny|\n|poke|p2|Sneasler, L50, M, shiny|\n|teampreview|4\n|inactive|Battle timer is ON: inactive players will automatically lose when time's up. (requested by Crucible&Gambit)\nyanhuhuhaha has agreed to open team sheets.\nCrucible&Gambit has agreed to open team sheets.\n|showteam|p1|Alcremie||SitrusBerry|SweetVeil|Protect,Recover,DazzlingGleam,Decorate|Calm||F|||50|]Mawile||Mawilite|Intimidate|Protect,SwordsDance,PlayRough,SuckerPunch|Adamant||F|||50|]Talonflame|||GaleWings|Protect,Tailwind,Acrobatics,WillOWisp|Jolly||M|||50|]Garchomp||LifeOrb|RoughSkin|Protect,DragonClaw,StompingTantrum,RockSlide|Jolly||F|||50|]Gholdengo||Leftovers|GoodasGold|MakeItRain,ShadowBall,NastyPlot,Protect|Modest|||||50|]Hydreigon||BlackGlasses|Levitate|HeatWave,DarkPulse,EarthPower,Protect|Modest||F|||50|\n|showteam|p2|Sylveon||FairyFeather|Pixilate|HyperVoice,HyperBeam,CalmMind,Moonblast|Modest||F|||50|]Alcremie||MentalHerb|AromaVeil|Decorate,DazzlingGleam,Protect,EnergyBall|Calm||F|||50|]Annihilape||SitrusBerry|Defiant|BulkUp,RageFist,DrainPunch,Protect|Adamant||M|||50|]Mawile||Mawilite|Intimidate|SuckerPunch,PlayRough,IronHead,KnockOff|Adamant||M|||50|]Whimsicott||FocusSash|Prankster|BeatUp,Moonblast,Tailwind,Encore|Relaxed||M|||50|]Sneasler||WhiteHerb|Unburden|CloseCombat,DireClaw,FakeOut,Protect|Adamant||M|||50|\n|inactive|yanhuhuhaha has 60 seconds left.\n|\n|t:|1788277990\n|teamsize|p1|4\n|teamsize|p2|4\n|start\n|switch|p1a: Talonflame|Talonflame, L50, M|100/100\n|switch|p1b: Gholdengo|Gholdengo, L50|100/100\n|switch|p2a: Sneasler|Sneasler, L50, M, shiny|100/100\n|switch|p2b: Sylveon|Sylveon, L50, F, shiny|100/100\n|turn|1\n|\n|t:|1788278005\n|switch|p2b: Mawile|Mawile, L50, M|100/100\n|-ability|p2b: Mawile|Intimidate|boost\n|-unboost|p1a: Talonflame|atk|1\n|-unboost|p1b: Gholdengo|atk|1\n|move|p1a: Talonflame|Protect|p1a: Talonflame\n|-singleturn|p1a: Talonflame|Protect\n|move|p2a: Sneasler|Fake Out|p1a: Talonflame\n|-activate|p1a: Talonflame|move: Protect\n|move|p1b: Gholdengo|Nasty Plot|p1b: Gholdengo\n|-boost|p1b: Gholdengo|spa|2\n|\n|upkeep\n|turn|2\n|inactive|yanhuhuhaha has 30 seconds left.\n|\n|t:|1788278039\n|switch|p2b: Sylveon|Sylveon, L50, F, shiny|100/100\n|move|p1a: Talonflame|Will-O-Wisp|p2b: Sylveon|[miss]\n|-miss|p1a: Talonflame|p2b: Sylveon\n|move|p2a: Sneasler|Dire Claw|p1a: Talonflame\n|-damage|p1a: Talonflame|41/100\n|move|p1b: Gholdengo|Make It Rain|p2b: Sylveon|[spread] p2a,p2b\n|-supereffective|p2b: Sylveon|1\n|-damage|p2a: Sneasler|0 fnt\n|-damage|p2b: Sylveon|0 fnt\n|-unboost|p1b: Gholdengo|spa|2\n|faint|p2a: Sneasler\n|faint|p2b: Sylveon\n|\n|upkeep\n|\n|t:|1788278048\n|switch|p2a: Mawile|Mawile, L50, M|100/100\n|switch|p2b: Alcremie|Alcremie, L50, F, shiny|100/100\n|-ability|p2a: Mawile|Intimidate|boost\n|-unboost|p1a: Talonflame|atk|1\n|-unboost|p1b: Gholdengo|atk|1\n|turn|3\n|\n|t:|1788278061\n|detailschange|p2a: Mawile|Mawile-Mega, L50, M\n|-mega|p2a: Mawile|Mawile|Mawilite\n|move|p1a: Talonflame|Tailwind|p1a: Talonflame\n|-sidestart|p1: Crucible&Gambit|move: Tailwind\n|move|p1b: Gholdengo|Nasty Plot|p1b: Gholdengo\n|-boost|p1b: Gholdengo|spa|2\n|move|p2b: Alcremie|Decorate|p2a: Mawile\n|-boost|p2a: Mawile|atk|2\n|-boost|p2a: Mawile|spa|2\n|move|p2a: Mawile|Knock Off|p1b: Gholdengo\n|-supereffective|p1b: Gholdengo|1\n|-damage|p1b: Gholdengo|0 fnt\n|-enditem|p1b: Gholdengo|Leftovers|[from] move: Knock Off|[of] p2a: Mawile\n|faint|p1b: Gholdengo\n|\n|upkeep\n|\n|t:|1788278072\n|switch|p1b: Crucible|Mawile, L50, F|100/100\n|-ability|p1b: Crucible|Intimidate|boost\n|-unboost|p2a: Mawile|atk|1\n|-unboost|p2b: Alcremie|atk|1\n|turn|4\n|\n|t:|1788278084\n|detailschange|p1b: Crucible|Mawile-Mega, L50, F\n|-mega|p1b: Crucible|Mawile|Mawilite\n|move|p1b: Crucible|Protect|p1b: Crucible\n|-singleturn|p1b: Crucible|Protect\n|move|p1a: Talonflame|Will-O-Wisp|p2a: Mawile\n|-status|p2a: Mawile|brn\n|move|p2b: Alcremie|Decorate|p2a: Mawile\n|-boost|p2a: Mawile|atk|2\n|-boost|p2a: Mawile|spa|2\n|move|p2a: Mawile|Iron Head|p1b: Crucible\n|-activate|p1b: Crucible|move: Protect\n|\n|-damage|p2a: Mawile|94/100 brn|[from] brn\n|upkeep\n|turn|5\n|\n|t:|1788278099\n|move|p1a: Talonflame|Acrobatics|p2b: Alcremie\n|-damage|p2b: Alcremie|78/100\n|move|p1b: Crucible|Swords Dance|p1b: Crucible\n|-boost|p1b: Crucible|atk|2\n|move|p2b: Alcremie|Decorate|p2a: Mawile\n|-boost|p2a: Mawile|atk|2\n|-boost|p2a: Mawile|spa|2\n|move|p2a: Mawile|Iron Head|p1b: Crucible\n|-damage|p1b: Crucible|0 fnt\n|faint|p1b: Crucible\n|\n|-damage|p2a: Mawile|88/100 brn|[from] brn\n|upkeep\n|-message|Crucible&Gambit forfeited.\n|\n|win|yanhuhuhaha\n|raw|Crucible&amp;Gambit's rating: 1188 &rarr; <strong>1159</strong><br />(-29 for losing)\n|raw|yanhuhuhaha's rating: 1126 &rarr; <strong>1155</strong><br />(+29 for winning)\n|l|☆Crucible&Gambit\n|player|p1|\n","uploadtime":1788278109,"views":"10","formatid":"gen9championsvgc2026regmb","rating":1155,"private":0,"password":null}