{"id":"gen9championsvgc2026regmb-2674910795","format":"[Gen 9 Champions] VGC 2026 Reg M-B","players":["Thornlace48812","Twheelz27"],"log":"|j|☆Thornlace48812\n|j|☆Twheelz27\n|t:|1788434374\n|gametype|doubles\n|player|p1|Thornlace48812|102|1263\n|player|p2|Twheelz27|102|1282\n|gen|9\n|tier|[Gen 9 Champions] VGC 2026 Reg M-B\n|rated|\n|rule|Species Clause: Limit one of each Pokémon\n|rule|Item Clause: Limit 1 of each item\n|clearpoke\n|poke|p1|Garchomp, L50, F|\n|poke|p1|Charizard, L50, F|\n|poke|p1|Whimsicott, L50, F|\n|poke|p1|Sylveon, L50, F|\n|poke|p1|Kingambit, L50, F|\n|poke|p1|Basculegion, L50, M|\n|poke|p2|Blastoise, L50, M|\n|poke|p2|Sinistcha, L50|\n|poke|p2|Delphox, L50, F|\n|poke|p2|Grimmsnarl, L50, M|\n|poke|p2|Sneasler, L50, F|\n|poke|p2|Arcanine-Hisui, L50, M|\n|teampreview|4\n|inactive|Battle timer is ON: inactive players will automatically lose when time's up. (requested by Thornlace48812)\nThornlace48812 rejected open team sheets.\n|\n|t:|1788434401\n|teamsize|p1|4\n|teamsize|p2|4\n|start\n|switch|p1a: Charizard|Charizard, L50, F|100/100\n|switch|p1b: Sylveon|Sylveon, L50, F|100/100\n|switch|p2a: Delphox|Delphox, L50, F|100/100\n|switch|p2b: Grimmsnarl|Grimmsnarl, L50, M|100/100\n|turn|1\n|inactive|Twheelz27 has 30 seconds left.\n|inactive|Twheelz27 has 20 seconds left.\n|inactive|Twheelz27 has 15 seconds left.\n|inactive|Twheelz27 has 10 seconds left.\n|\n|t:|1788434447\n|detailschange|p2a: Delphox|Delphox-Mega, L50, F\n|-mega|p2a: Delphox|Delphox|Delphoxite\n|detailschange|p1a: Charizard|Charizard-Mega-Y, L50, F\n|-mega|p1a: Charizard|Charizard|Charizardite Y\n|-weather|SunnyDay|[from] ability: Drought|[of] p1a: Charizard\n|move|p2b: Grimmsnarl|Fake Out|p1b: Sylveon\n|-damage|p1b: Sylveon|85/100\n|move|p2a: Delphox|Nasty Plot|p2a: Delphox\n|-boost|p2a: Delphox|spa|2\n|move|p1a: Charizard|Heat Wave|p2b: Grimmsnarl|[spread] p2a,p2b\n|-resisted|p2a: Delphox|1\n|-damage|p2a: Delphox|66/100\n|-damage|p2b: Grimmsnarl|41/100\n|cant|p1b: Sylveon|flinch\n|\n|-weather|SunnyDay|[upkeep]\n|upkeep\n|turn|2\n|inactive|Twheelz27 has 30 seconds left.\n|\n|t:|1788434476\n|move|p2b: Grimmsnarl|Light Screen|p2b: Grimmsnarl\n|-sidestart|p2: Twheelz27|move: Light Screen\n|move|p2a: Delphox|Heat Wave|p1b: Sylveon|[spread] p1a,p1b\n|-resisted|p1a: Charizard|1\n|-damage|p1a: Charizard|35/100\n|-damage|p1b: Sylveon|0 fnt\n|faint|p1b: Sylveon\n|move|p1a: Charizard|Ancient Power|p2a: Delphox\n|-supereffective|p2a: Delphox|1\n|-crit|p2a: Delphox\n|-damage|p2a: Delphox|0 fnt\n|faint|p2a: Delphox\n|\n|-weather|SunnyDay|[upkeep]\n|upkeep\n|\n|t:|1788434493\n|switch|p2a: Arcanine|Arcanine-Hisui, L50, M|100/100\n|switch|p1b: Whimsicott|Whimsicott, L50, F|100/100\n|-ability|p2a: Arcanine|Intimidate|boost\n|-unboost|p1a: Charizard|atk|1\n|-unboost|p1b: Whimsicott|atk|1\n|turn|3\n|inactive|Twheelz27 has 30 seconds left.\n|\n|t:|1788434520\n|move|p1a: Charizard|Protect|p1a: Charizard\n|-singleturn|p1a: Charizard|Protect\n|move|p1b: Whimsicott|Tailwind|p1b: Whimsicott\n|-sidestart|p1: Thornlace48812|move: Tailwind\n|move|p2a: Arcanine|Rock Slide|p1a: Charizard|[spread] p1b\n|-activate|p1a: Charizard|move: Protect\n|-damage|p1b: Whimsicott|53/100\n|move|p2b: Grimmsnarl|Spirit Break|p1a: Charizard\n|-activate|p1a: Charizard|move: Protect\n|\n|-weather|SunnyDay|[upkeep]\n|upkeep\n|turn|4\n|\n|t:|1788434535\n|switch|p2b: Sneasler|Sneasler, L50, F|100/100\n|move|p2a: Arcanine|Protect|p2a: Arcanine\n|-singleturn|p2a: Arcanine|Protect\n|move|p1b: Whimsicott|Moonblast|p2a: Arcanine\n|-activate|p2a: Arcanine|move: Protect\n|move|p1a: Charizard|Ancient Power|p2a: Arcanine\n|-activate|p2a: Arcanine|move: Protect\n|\n|-weather|SunnyDay|[upkeep]\n|upkeep\n|turn|5\n|inactive|Twheelz27 has 30 seconds left.\n|\n|t:|1788434565\n|move|p2b: Sneasler|Fake Out|p1b: Whimsicott\n|-damage|p1b: Whimsicott|29/100\n|cant|p1b: Whimsicott|flinch\n|move|p1a: Charizard|Heat Wave|p2a: Arcanine|[spread] p2a,p2b\n|-resisted|p2a: Arcanine|2\n|-damage|p2a: Arcanine|87/100\n|-damage|p2b: Sneasler|35/100\n|move|p2a: Arcanine|Rock Slide|p1b: Whimsicott|[spread] p1a,p1b\n|-supereffective|p1a: Charizard|2\n|-damage|p1a: Charizard|0 fnt\n|-damage|p1b: Whimsicott|0 fnt\n|faint|p1a: Charizard\n|faint|p1b: Whimsicott\n|\n|-weather|none\n|upkeep\n|\n|t:|1788434565\n|switch|p1b: Basculegion|Basculegion, L50, M|100/100\n|turn|6\n|\n|t:|1788434585\n|switch|p2a: Grimmsnarl|Grimmsnarl, L50, M|41/100\n|move|p2b: Sneasler|Protect|p2b: Sneasler\n|-singleturn|p2b: Sneasler|Protect\n|move|p1b: Basculegion|Last Respects|p2b: Sneasler\n|-activate|p2b: Sneasler|move: Protect\n|\n|-sideend|p1: Thornlace48812|move: Tailwind\n|upkeep\n|turn|7\n|\n|t:|1788434596\n|switch|p2b: Arcanine|Arcanine-Hisui, L50, M|87/100\n|-ability|p2b: Arcanine|Intimidate|boost\n|-unboost|p1b: Basculegion|atk|1\n|move|p2a: Grimmsnarl|Reflect|p2a: Grimmsnarl\n|-sidestart|p2: Twheelz27|Reflect\n|move|p1b: Basculegion|Last Respects|p2b: Arcanine\n|-damage|p2b: Arcanine|5/100\n|\n|upkeep\n|turn|8\n|inactive|Twheelz27 has 30 seconds left.\n|\n|t:|1788434626\n|move|p2b: Arcanine|Protect|p2b: Arcanine\n|-singleturn|p2b: Arcanine|Protect\n|move|p1b: Basculegion|Last Respects|p2b: Arcanine\n|-activate|p2b: Arcanine|move: Protect\n|move|p2a: Grimmsnarl|Spirit Break|p1b: Basculegion\n|-damage|p1b: Basculegion|66/100\n|-unboost|p1b: Basculegion|spa|1\n|\n|upkeep\n|turn|9\n|\n|t:|1788434641\n|move|p1b: Basculegion|Aqua Jet|p2b: Arcanine\n|-supereffective|p2b: Arcanine|2\n|-damage|p2b: Arcanine|0 fnt\n|faint|p2b: Arcanine\n|move|p2a: Grimmsnarl|Spirit Break|p1b: Basculegion\n|-crit|p1b: Basculegion\n|-damage|p1b: Basculegion|15/100\n|-unboost|p1b: Basculegion|spa|1\n|\n|-sideend|p2: Twheelz27|move: Light Screen\n|upkeep\n|\n|t:|1788434644\n|switch|p2b: Sneasler|Sneasler, L50, F|35/100\n|turn|10\n|\n|t:|1788434651\n|move|p2b: Sneasler|Dire Claw|p1b: Basculegion\n|-resisted|p1b: Basculegion|1\n|-damage|p1b: Basculegion|0 fnt\n|faint|p1b: Basculegion\n|\n|win|Twheelz27\n|raw|Thornlace48812's rating: 1093 &rarr; <strong>1081</strong><br />(-12 for losing)\n|raw|Twheelz27's rating: 1282 &rarr; <strong>1295</strong><br />(+13 for winning)\n","uploadtime":1788434652,"views":"0","formatid":"gen9championsvgc2026regmb","rating":1081,"private":0,"password":null}