{"id":"gen9championsvgc2026regmbbo3-2674029302","format":"[Gen 9 Champions] VGC 2026 Reg M-B (Bo3)","players":["hugoggg","Gurrasnurra5"],"log":"|j|☆hugoggg\n|j|☆Gurrasnurra5\n|html|<table width=\"100%\"><tr><td align=\"left\">hugoggg</td><td align=\"right\">Gurrasnurra5</tr><tr><td align=\"left\"><i class=\"fa fa-circle-o\"></i> <i class=\"fa fa-circle-o\"></i> </td><td align=\"right\"><i class=\"fa fa-circle-o\"></i> <i class=\"fa fa-circle-o\"></i> </tr></table>\n|uhtml|bestof|<h2><strong>Game 1</strong> of <a href=\"/game-bestof3-gen9championsvgc2026regmbbo3-2674029301\">a best-of-3</a></h2>\n|t:|1788290122\n|gametype|doubles\n|player|p1|hugoggg|2|1303\n|player|p2|Gurrasnurra5|1|1275\n|gen|9\n|tier|[Gen 9 Champions] VGC 2026 Reg M-B (Bo3)\n|rated|\n|rule|Species Clause: Limit one of each Pokémon\n|rule|Item Clause: Limit 1 of each item\n|clearpoke\n|poke|p1|Froslass, L50, F|\n|poke|p1|Dragonite, L50, F, shiny|\n|poke|p1|Sneasler, L50, M|\n|poke|p1|Arcanine-Hisui, L50, M|\n|poke|p1|Gholdengo, L50|\n|poke|p1|Kingambit, L50, F|\n|poke|p2|Whimsicott, L50, F|\n|poke|p2|Glimmora, L50, F|\n|poke|p2|Staraptor, L50, F|\n|poke|p2|Gholdengo, L50|\n|poke|p2|Hydreigon, L50, M|\n|poke|p2|Garchomp, L50, M|\n|teampreview|4\n|showteam|p1|Froslass||Froslassite|CursedBody|Blizzard,ShadowBall,AuroraVeil,Protect|Modest||F|||50|]Dragonite||Dragoninite|InnerFocus|DragonPulse,Flamethrower,Tailwind,Protect|Modest||F|||50|]Sneasler||WhiteHerb|Unburden|CloseCombat,GunkShot,FakeOut,Protect|Adamant||M|||50|]Arcanine-Hisui||FocusSash|RockHead|HeadSmash,FlareBlitz,ExtremeSpeed,Protect|Adamant||M|||50|]Gholdengo||ChoiceScarf|GoodasGold|MakeItRain,ShadowBall,Thunderbolt,Trick|Modest|||||50|]Kingambit||LifeOrb|Defiant|KowtowCleave,SuckerPunch,SwordsDance,Protect|Adamant||F|||50|\n|showteam|p2|Whimsicott||FocusSash|Prankster|Moonblast,Tailwind,Encore,Charm|Timid||F|||50|]Glimmora||Glimmoranite|ToxicDebris|PowerGem,SludgeBomb,EarthPower,SpikyShield|Modest||F|||50|]Staraptor||Staraptite|Intimidate|BraveBird,CloseCombat,Roost,Protect|Jolly||F|||50|]Gholdengo||LifeOrb|GoodasGold|MakeItRain,ShadowBall,Thunderbolt,Protect|Modest|||||50|]Hydreigon||ChoiceScarf|Levitate|DracoMeteor,Snarl,DarkPulse,HeatWave|Modest||M|||50|]Garchomp||SitrusBerry|RoughSkin|Earthquake,DragonClaw,RockSlide,Protect|Jolly||M|||50|\n|c|☆Gurrasnurra5|hej\n|c|☆hugoggg|bruh\n|c|☆hugoggg|hei\n|inactive|Battle timer is ON: inactive players will automatically lose when time's up. (requested by Gurrasnurra5)\n|\n|t:|1788290205\n|teamsize|p1|4\n|teamsize|p2|4\n|start\n|switch|p1a: Streetcat|Sneasler, L50, M|100/100\n|switch|p1b: Villain|Kingambit, L50, F|100/100\n|switch|p2a: Whimsicott|Whimsicott, L50, F|100/100\n|switch|p2b: Staraptor|Staraptor, L50, F|100/100\n|-ability|p2b: Staraptor|Intimidate|boost\n|-unboost|p1a: Streetcat|atk|1\n|-unboost|p1b: Villain|atk|1\n|-ability|p1b: Villain|Defiant|boost\n|-boost|p1b: Villain|atk|2\n|-enditem|p1a: Streetcat|White Herb\n|-clearnegativeboost|p1a: Streetcat|[silent]\n|turn|1\n|\n|t:|1788290225\n|switch|p1b: Stuckmoth|Froslass, L50, F|100/100\n|detailschange|p2b: Staraptor|Staraptor-Mega, L50, F\n|-mega|p2b: Staraptor|Staraptor|Staraptite\n|move|p2a: Whimsicott|Charm|p1a: Streetcat\n|-unboost|p1a: Streetcat|atk|2\n|move|p1a: Streetcat|Gunk Shot|p2a: Whimsicott\n|-supereffective|p2a: Whimsicott|2\n|-enditem|p2a: Whimsicott|Focus Sash\n|-damage|p2a: Whimsicott|1/100\n|move|p2b: Staraptor|Close Combat|p1b: Stuckmoth\n|-immune|p1b: Stuckmoth\n|\n|upkeep\n|turn|2\n|\n|t:|1788290250\n|detailschange|p1b: Stuckmoth|Froslass-Mega, L50, F\n|-mega|p1b: Stuckmoth|Froslass|Froslassite\n|-weather|Snowscape|[from] ability: Snow Warning|[of] p1b: Stuckmoth\n|move|p2b: Staraptor|Protect|p2b: Staraptor\n|-singleturn|p2b: Staraptor|Protect\n|move|p2a: Whimsicott|Tailwind|p2a: Whimsicott\n|-sidestart|p2: Gurrasnurra5|move: Tailwind\n|move|p1a: Streetcat|Gunk Shot|p2a: Whimsicott\n|-supereffective|p2a: Whimsicott|2\n|-damage|p2a: Whimsicott|0 fnt\n|faint|p2a: Whimsicott\n|move|p1b: Stuckmoth|Blizzard|p2b: Staraptor\n|-activate|p2b: Staraptor|move: Protect\n|\n|-weather|Snowscape|[upkeep]\n|upkeep\n|\n|t:|1788290252\n|switch|p2a: Gholdengo|Gholdengo, L50|100/100\n|turn|3\n|\n|t:|1788290273\n|switch|p1b: Villain|Kingambit, L50, F|100/100\n|move|p1a: Streetcat|Protect|p1a: Streetcat\n|-singleturn|p1a: Streetcat|Protect\n|move|p2b: Staraptor|Close Combat|p1a: Streetcat\n|-activate|p1a: Streetcat|move: Protect\n|move|p2a: Gholdengo|Shadow Ball|p1b: Villain\n|-resisted|p1b: Villain|1\n|-damage|p1b: Villain|72/100\n|-damage|p2a: Gholdengo|90/100|[from] item: Life Orb\n|\n|-weather|Snowscape|[upkeep]\n|upkeep\n|turn|4\n|\n|t:|1788290291\n|move|p1b: Villain|Protect|p1b: Villain\n|-singleturn|p1b: Villain|Protect\n|move|p2b: Staraptor|Close Combat|p1b: Villain\n|-activate|p1b: Villain|move: Protect\n|move|p1a: Streetcat|Gunk Shot|p2b: Staraptor\n|-damage|p2b: Staraptor|68/100\n|move|p2a: Gholdengo|Shadow Ball|p1a: Streetcat\n|-damage|p1a: Streetcat|30/100\n|-damage|p2a: Gholdengo|80/100|[from] item: Life Orb\n|\n|-weather|Snowscape|[upkeep]\n|upkeep\n|turn|5\n|\n|t:|1788290301\n|move|p2a: Gholdengo|Protect|p2a: Gholdengo\n|-singleturn|p2a: Gholdengo|Protect\n|move|p1b: Villain|Sucker Punch||[still]\n|-fail|p1b: Villain\n|move|p2b: Staraptor|Close Combat|p1b: Villain\n|-supereffective|p1b: Villain|2\n|-damage|p1b: Villain|0 fnt\n|-boost|p2b: Staraptor|def|1\n|-boost|p2b: Staraptor|spd|1\n|faint|p1b: Villain\n|move|p1a: Streetcat|Gunk Shot|p2b: Staraptor\n|-damage|p2b: Staraptor|47/100\n|-status|p2b: Staraptor|psn\n|\n|-weather|Snowscape|[upkeep]\n|-damage|p2b: Staraptor|35/100 psn|[from] psn\n|-sideend|p2: Gurrasnurra5|move: Tailwind\n|upkeep\n|\n|t:|1788290313\n|switch|p1b: Animal|Arcanine-Hisui, L50, M|100/100\n|turn|6\n|\n|t:|1788290329\n|move|p1a: Streetcat|Gunk Shot|p2b: Staraptor|[miss]\n|-miss|p1a: Streetcat|p2b: Staraptor\n|move|p2b: Staraptor|Close Combat|p1b: Animal\n|-supereffective|p1b: Animal|1\n|-enditem|p1b: Animal|Focus Sash\n|-damage|p1b: Animal|1/100\n|-boost|p2b: Staraptor|def|1\n|-boost|p2b: Staraptor|spd|1\n|move|p1b: Animal|Flare Blitz|p2a: Gholdengo\n|-supereffective|p2a: Gholdengo|1\n|-damage|p2a: Gholdengo|0 fnt\n|faint|p2a: Gholdengo\n|\n|-weather|none\n|-damage|p2b: Staraptor|23/100 psn|[from] psn\n|upkeep\n|\n|t:|1788290336\n|switch|p2a: Garchomp|Garchomp, L50, M|100/100\n|turn|7\n|\n|t:|1788290347\n|move|p1b: Animal|Extreme Speed|p2b: Staraptor\n|-damage|p2b: Staraptor|9/100 psn\n|move|p1a: Streetcat|Gunk Shot|p2b: Staraptor\n|-damage|p2b: Staraptor|0 fnt\n|faint|p2b: Staraptor\n|move|p2a: Garchomp|Earthquake|p1b: Animal|[spread] p1a,p1b\n|-supereffective|p1a: Streetcat|1\n|-supereffective|p1b: Animal|2\n|-damage|p1a: Streetcat|0 fnt\n|-damage|p1b: Animal|0 fnt\n|faint|p1a: Streetcat\n|faint|p1b: Animal\n|\n|upkeep\n|\n|t:|1788290353\n|switch|p1a: Stuckmoth|Froslass-Mega, L50, F|100/100\n|-weather|Snowscape|[from] ability: Snow Warning|[of] p1a: Stuckmoth\n|turn|8\n|-message|Gurrasnurra5 forfeited.\n|\n|win|hugoggg\n||hugoggg is ready for game 2.\n||Gurrasnurra5 is ready for game 2.\n|uhtml|next|Next: <a href=\"/battle-gen9championsvgc2026regmbbo3-2674031271\"><strong>Game 2 of 3</strong></a>\n","uploadtime":1788290444,"views":"10","formatid":"gen9championsvgc2026regmbbo3","rating":null,"private":0,"password":null}