{"id":"gen9championsvgc2026regmb-2674671683","format":"[Gen 9 Champions] VGC 2026 Reg M-B","players":["shaboogles","ninjameerkat"],"log":"|j|☆shaboogles\n|j|☆ninjameerkat\n|html|<table width=\"100%\"><tr><td align=\"left\">shaboogles</td><td align=\"right\">ninjameerkat</tr><tr><td align=\"left\"><i class=\"fa fa-circle\"></i> <i class=\"fa fa-circle-o\"></i> </td><td align=\"right\"><i class=\"fa fa-circle-o\"></i> <i class=\"fa fa-circle-o\"></i> </tr></table>\n|uhtml|bestof|<h2><strong>Game 2</strong> of <a href=\"/game-bestof3-gen9championsvgc2026regmb-2674669987\">a best-of-3</a></h2>\n|t:|1788388235\n|gametype|doubles\n|player|p1|shaboogles|furisodegirl-white|\n|player|p2|ninjameerkat|beni-ninja|\n|gen|9\n|tier|[Gen 9 Champions] VGC 2026 Reg M-B\n|rule|Species Clause: Limit one of each Pokémon\n|rule|Item Clause: Limit 1 of each item\n|raw|<div class=\"infobox\"><details class=\"readmore\" open><summary><strong>1 custom rule:</strong></summary> Best of = 3</details></div>\n|clearpoke\n|poke|p1|Serperior, L50, F|\n|poke|p1|Floette-Eternal, L50, F|\n|poke|p1|Maushold-Four, L50|\n|poke|p1|Incineroar, L50, M, shiny|\n|poke|p1|Rotom-Wash, L50|\n|poke|p1|Ditto, L50|\n|poke|p2|Swampert, L50, M|\n|poke|p2|Pelipper, L50, M|\n|poke|p2|Gardevoir, L50, F|\n|poke|p2|Slowbro-Galar, L50, F|\n|poke|p2|Aegislash, L50, F|\n|poke|p2|Ariados, L50, F|\n|teampreview|4\nninjameerkat rejected open team sheets.\n|j| averagegh0st\n|\n|t:|1788388295\n|teamsize|p1|4\n|teamsize|p2|4\n|start\n|switch|p1a: SUGARBRON|Incineroar, L50, M, shiny|100/100\n|switch|p1b: J. Cole|Rotom-Wash, L50|100/100\n|switch|p2a: Gardevoir|Gardevoir, L50, F|100/100\n|switch|p2b: Slowbro|Slowbro-Galar, L50, F|100/100\n|-ability|p1a: SUGARBRON|Intimidate|boost\n|-unboost|p2a: Gardevoir|atk|1\n|-unboost|p2b: Slowbro|atk|1\n|turn|1\n|\n|t:|1788388335\n|detailschange|p2a: Gardevoir|Gardevoir-Mega, L50, F\n|-mega|p2a: Gardevoir|Gardevoir|Gardevoirite\n|move|p1b: J. Cole|Nasty Plot|p1b: J. Cole\n|-boost|p1b: J. Cole|spa|2\n|move|p1a: SUGARBRON|Throat Chop|p2a: Gardevoir\n|-damage|p2a: Gardevoir|60/100\n|-start|p2a: Gardevoir|Throat Chop|[silent]\n|move|p2b: Slowbro|Belly Drum|p2b: Slowbro\n|-damage|p2b: Slowbro|50/100y\n|-setboost|p2b: Slowbro|atk|6|[from] move: Belly Drum\n|move|p2a: Gardevoir|Trick Room|p2a: Gardevoir\n|-fieldstart|move: Trick Room|[of] p2a: Gardevoir\n|\n|upkeep\n|turn|2\n|-activate|p2b: Slowbro|item: Quick Claw\n|\n|t:|1788388375\n|move|p2b: Slowbro|Drain Punch|p1b: J. Cole\n|-damage|p1b: J. Cole|1/100\n|-heal|p2b: Slowbro|88/100|[from] drain|[of] p1b: J. Cole\n|move|p2a: Gardevoir|Calm Mind|p2a: Gardevoir\n|-boost|p2a: Gardevoir|spa|1\n|-boost|p2a: Gardevoir|spd|1\n|move|p1a: SUGARBRON|Throat Chop|p2b: Slowbro\n|-supereffective|p2b: Slowbro|1\n|-damage|p2b: Slowbro|33/100\n|-start|p2b: Slowbro|Throat Chop|[silent]\n|move|p1b: J. Cole|Thunderbolt|p2b: Slowbro\n|-damage|p2b: Slowbro|0 fnt\n|faint|p2b: Slowbro\n|\n|-end|p2a: Gardevoir|Throat Chop|[silent]\n|upkeep\n|c|☆ninjameerkat|brah\n|\n|t:|1788388392\n|switch|p2b: Ariados|Ariados, L50, F|100/100\n|turn|3\n|\n|t:|1788388435\n|move|p1a: SUGARBRON|Protect|p1a: SUGARBRON\n|-singleturn|p1a: SUGARBRON|Protect\n|move|p2b: Ariados|First Impression|p1a: SUGARBRON\n|-activate|p1a: SUGARBRON|move: Protect\n|move|p2a: Gardevoir|Hyper Voice|p1b: J. Cole|[spread] p1b\n|-activate|p1a: SUGARBRON|move: Protect\n|-damage|p1b: J. Cole|0 fnt\n|faint|p1b: J. Cole\n|\n|upkeep\n|\n|t:|1788388441\n|switch|p1b: 100|Ditto, L50|100/100\n|-transform|p1b: 100|p2a: Gardevoir|[from] ability: Imposter\n|turn|4\n|\n|t:|1788388473\n|move|p2b: Ariados|Cross Poison|p1b: 100\n|-supereffective|p1b: 100|1\n|-damage|p1b: 100|44/100\n|move|p2a: Gardevoir|Hyper Voice|p1a: SUGARBRON|[spread] p1a,p1b\n|-damage|p1a: SUGARBRON|24/100\n|-damage|p1b: 100|0 fnt\n|faint|p1b: 100\n|move|p1a: SUGARBRON|Throat Chop|p2a: Gardevoir\n|-damage|p2a: Gardevoir|22/100\n|-start|p2a: Gardevoir|Throat Chop|[silent]\n|\n|upkeep\n|\n|t:|1788388480\n|switch|p1b: 2026 PGE|Serperior, L50, F|100/100\n|turn|5\n|\n|t:|1788388497\n|move|p1a: SUGARBRON|Protect|p1a: SUGARBRON\n|-singleturn|p1a: SUGARBRON|Protect\n|move|p1b: 2026 PGE|Protect|p1b: 2026 PGE\n|-singleturn|p1b: 2026 PGE|Protect\n|move|p2b: Ariados|Rage Powder|p2b: Ariados\n|-singleturn|p2b: Ariados|move: Rage Powder\n|move|p2a: Gardevoir|Draining Kiss|p1a: SUGARBRON\n|-activate|p1a: SUGARBRON|move: Protect\n|\n|-end|p2a: Gardevoir|Throat Chop|[silent]\n|-fieldend|move: Trick Room\n|upkeep\n|turn|6\n|\n|t:|1788388525\n|move|p2b: Ariados|Rage Powder|p2b: Ariados\n|-singleturn|p2b: Ariados|move: Rage Powder\n|move|p1b: 2026 PGE|Dragon Pulse|p2b: Ariados\n|-damage|p2b: Ariados|78/100\n|move|p1a: SUGARBRON|Throat Chop|p2b: Ariados\n|-damage|p2b: Ariados|51/100\n|-start|p2b: Ariados|Throat Chop|[silent]\n|move|p2a: Gardevoir|Hyper Voice|p1a: SUGARBRON|[spread] p1a,p1b\n|-damage|p1a: SUGARBRON|0 fnt\n|-damage|p1b: 2026 PGE|41/100\n|faint|p1a: SUGARBRON\n|\n|upkeep\n|turn|7\n|\n|t:|1788388537\n|move|p2b: Ariados|Rage Powder|p2b: Ariados\n|-singleturn|p2b: Ariados|move: Rage Powder\n|move|p1b: 2026 PGE|Leaf Storm|p2a: Gardevoir\n|-damage|p2a: Gardevoir|4/100\n|-boost|p1b: 2026 PGE|spa|2\n|move|p2a: Gardevoir|Draining Kiss|p1b: 2026 PGE\n|-damage|p1b: 2026 PGE|8/100\n|-heal|p2a: Gardevoir|32/100|[from] drain|[of] p1b: 2026 PGE\n|\n|-end|p2b: Ariados|Throat Chop|[silent]\n|upkeep\n|turn|8\n|\n|t:|1788388544\n|move|p1b: 2026 PGE|Leaf Storm|p2a: Gardevoir|[miss]\n|-miss|p1b: 2026 PGE|p2a: Gardevoir\n|move|p2a: Gardevoir|Draining Kiss|p1b: 2026 PGE\n|-damage|p1b: 2026 PGE|0 fnt\n|-heal|p2a: Gardevoir|39/100|[from] drain|[of] p1b: 2026 PGE\n|faint|p1b: 2026 PGE\n|\n|win|ninjameerkat\n||shaboogles is ready for game 3.\n|inactive|ninjameerkat has 30 seconds to confirm battle start!\n||ninjameerkat is ready for game 3.\n|uhtml|next|Next: <a href=\"/battle-gen9championsvgc2026regmb-2674673868\"><strong>Game 3 of 3</strong></a>\n|l| averagegh0st\n|l|☆ninjameerkat\n|player|p2|\n","uploadtime":1788388864,"views":"17","formatid":"gen9championsvgc2026regmb","rating":null,"private":0,"password":null}