{"id":"gen9championsvgc2026regmb-2674027986","format":"[Gen 9 Champions] VGC 2026 Reg M-B","players":["PeteyGreg","not in vgc"],"log":"|j|☆PeteyGreg\n|j|☆not in vgc\n|t:|1788289964\n|gametype|doubles\n|player|p1|PeteyGreg|169|1238\n|player|p2|not in vgc|101|1292\n|gen|9\n|tier|[Gen 9 Champions] VGC 2026 Reg M-B\n|rated|\n|rule|Species Clause: Limit one of each Pokémon\n|rule|Item Clause: Limit 1 of each item\n|clearpoke\n|poke|p1|Meowscarada, L50, M|\n|poke|p1|Gyarados, L50, M|\n|poke|p1|Farigiraf, L50, F|\n|poke|p1|Sneasler, L50, M|\n|poke|p1|Ninetales-Alola, L50, M|\n|poke|p1|Garchomp, L50, F|\n|poke|p2|Trevenant, L50, M|\n|poke|p2|Torkoal, L50, M|\n|poke|p2|Incineroar, L50, F|\n|poke|p2|Ampharos, L50, F|\n|poke|p2|Floette-Eternal, L50, F|\n|poke|p2|Whimsicott, L50, F|\n|teampreview|4\n|inactive|Battle timer is ON: inactive players will automatically lose when time's up. (requested by PeteyGreg)\n|inactive|not in vgc has 60 seconds left.\n|\n|t:|1788290023\n|teamsize|p1|4\n|teamsize|p2|4\n|start\n|switch|p1a: Gyarados|Gyarados, L50, M|100/100\n|switch|p1b: Sneasler|Sneasler, L50, M|100/100\n|switch|p2a: Whimsicott|Whimsicott, L50, F|100/100\n|switch|p2b: Floette|Floette-Eternal, L50, F|100/100\n|-ability|p1a: Gyarados|Intimidate|boost\n|-block|p2a: Whimsicott|ability: Flower Veil|[of] p2b: Floette\n|-unboost|p2b: Floette|atk|1\n|turn|1\n|inactive|PeteyGreg has 30 seconds left.\n|inactive|not in vgc has 30 seconds left.\n|\n|t:|1788290057\n|move|p2b: Floette|Protect|p2b: Floette\n|-singleturn|p2b: Floette|Protect\n|move|p2a: Whimsicott|Tailwind|p2a: Whimsicott\n|-sidestart|p2: not in vgc|move: Tailwind\n|move|p1b: Sneasler|Dire Claw|p2b: Floette\n|-activate|p2b: Floette|move: Protect\n|move|p1a: Gyarados|Dragon Dance|p1a: Gyarados\n|-boost|p1a: Gyarados|atk|1\n|-boost|p1a: Gyarados|spe|1\n|\n|upkeep\n|turn|2\n|\n|t:|1788290075\n|detailschange|p2b: Floette|Floette-Mega, L50, F\n|-mega|p2b: Floette|Floette|Floettite\n|-ability|p2b: Floette|Fairy Aura\n|move|p1b: Sneasler|Protect|p1b: Sneasler\n|-singleturn|p1b: Sneasler|Protect\n|move|p2a: Whimsicott|Moonblast|p1b: Sneasler\n|-activate|p1b: Sneasler|move: Protect\n|move|p2b: Floette|Moonblast|p1b: Sneasler\n|-activate|p1b: Sneasler|move: Protect\n|move|p1a: Gyarados|Dragon Dance|p1a: Gyarados\n|-boost|p1a: Gyarados|atk|1\n|-boost|p1a: Gyarados|spe|1\n|\n|upkeep\n|turn|3\n|inactive|PeteyGreg has 30 seconds left.\n|\n|t:|1788290102\n|switch|p1b: Ninetales|Ninetales-Alola, L50, M|100/100\n|-weather|Snowscape|[from] ability: Snow Warning|[of] p1b: Ninetales\n|move|p2a: Whimsicott|Encore|p1a: Gyarados\n|-start|p1a: Gyarados|Encore\n|move|p1a: Gyarados|Dragon Dance|p1a: Gyarados\n|-boost|p1a: Gyarados|atk|1\n|-boost|p1a: Gyarados|spe|1\n|move|p2b: Floette|Calm Mind|p2b: Floette\n|-boost|p2b: Floette|spa|1\n|-boost|p2b: Floette|spd|1\n|\n|-weather|Snowscape|[upkeep]\n|upkeep\n|turn|4\n|\n|t:|1788290119\n|move|p1b: Ninetales|Protect|p1b: Ninetales\n|-singleturn|p1b: Ninetales|Protect\n|move|p2a: Whimsicott|Sunny Day|p2a: Whimsicott\n|-weather|SunnyDay\n|move|p1a: Gyarados|Dragon Dance|p1a: Gyarados\n|-boost|p1a: Gyarados|atk|1\n|-boost|p1a: Gyarados|spe|1\n|move|p2b: Floette|Dazzling Gleam|p1a: Gyarados|[spread] p1a\n|-activate|p1b: Ninetales|move: Protect\n|-damage|p1a: Gyarados|33/100\n|\n|-weather|SunnyDay|[upkeep]\n|-sideend|p2: not in vgc|move: Tailwind\n|upkeep\n|turn|5\n|\n|t:|1788290137\n|move|p2a: Whimsicott|Encore|p1b: Ninetales\n|-start|p1b: Ninetales|Encore\n|move|p1b: Ninetales|Protect|p1b: Ninetales\n|-singleturn|p1b: Ninetales|Protect\n|move|p1a: Gyarados|Dragon Dance|p1a: Gyarados\n|-boost|p1a: Gyarados|atk|1\n|-boost|p1a: Gyarados|spe|1\n|move|p2b: Floette|Calm Mind|p2b: Floette\n|-boost|p2b: Floette|spa|1\n|-boost|p2b: Floette|spd|1\n|\n|-weather|SunnyDay|[upkeep]\n|-end|p1a: Gyarados|Encore\n|upkeep\n|turn|6\n|\n|t:|1788290159\n|switch|p1b: Sneasler|Sneasler, L50, M|100/100\n|move|p2a: Whimsicott|Encore|p1a: Gyarados\n|-start|p1a: Gyarados|Encore\n|move|p1a: Gyarados|Dragon Dance|p1a: Gyarados\n|-boost|p1a: Gyarados|atk|1\n|-boost|p1a: Gyarados|spe|1\n|move|p2b: Floette|Dazzling Gleam|p1b: Sneasler|[spread] p1a,p1b\n|-damage|p1a: Gyarados|0 fnt\n|-damage|p1b: Sneasler|0 fnt\n|faint|p1a: Gyarados\n|faint|p1b: Sneasler\n|\n|-weather|SunnyDay|[upkeep]\n|upkeep\n|\n|t:|1788290174\n|switch|p1b: Garchomp|Garchomp, L50, F|100/100\n|switch|p1a: Ninetales|Ninetales-Alola, L50, M|100/100\n|-weather|Snowscape|[from] ability: Snow Warning|[of] p1a: Ninetales\n|turn|7\n|\n|t:|1788290186\n|detailschange|p1b: Garchomp|Garchomp-Mega, L50, F\n|-mega|p1b: Garchomp|Garchomp|Garchompite\n|move|p2a: Whimsicott|Sunny Day|p2a: Whimsicott\n|-weather|SunnyDay\n|move|p1a: Ninetales|Blizzard|p2b: Floette|[spread] p2b\n|-miss|p1a: Ninetales|p2a: Whimsicott\n|-damage|p2b: Floette|86/100\n|move|p1b: Garchomp|Rock Slide|p2a: Whimsicott|[spread] p2a,p2b\n|-damage|p2a: Whimsicott|63/100\n|-damage|p2b: Floette|63/100\n|move|p2b: Floette|Dazzling Gleam|p1b: Garchomp|[spread] p1a,p1b\n|-supereffective|p1b: Garchomp|1\n|-damage|p1a: Ninetales|1/100\n|-damage|p1b: Garchomp|0 fnt\n|faint|p1b: Garchomp\n|\n|-weather|SunnyDay|[upkeep]\n|upkeep\n|turn|8\n|\n|t:|1788290204\n|move|p2a: Whimsicott|Moonblast|p1a: Ninetales\n|-damage|p1a: Ninetales|0 fnt\n|faint|p1a: Ninetales\n|\n|win|not in vgc\n|raw|PeteyGreg's rating: 1238 &rarr; <strong>1217</strong><br />(-21 for losing)\n|raw|not in vgc's rating: 1292 &rarr; <strong>1313</strong><br />(+21 for winning)\n|l|☆PeteyGreg\n|player|p1|\n","uploadtime":1788290211,"views":"4","formatid":"gen9championsvgc2026regmb","rating":1217,"private":0,"password":null}