{"id":"gen9championsvgc2026regmbbo3-2673817215","format":"[Gen 9 Champions] VGC 2026 Reg M-B (Bo3)","players":["Darkblazeken","true-infinity"],"log":"|j|☆Darkblazeken\n|j|☆true-infinity\n|html|<table width=\"100%\"><tr><td align=\"left\">Darkblazeken</td><td align=\"right\">true-infinity</tr><tr><td align=\"left\"><i class=\"fa fa-circle\"></i> <i class=\"fa fa-circle-o\"></i> </td><td align=\"right\"><i class=\"fa fa-circle-o\"></i> <i class=\"fa fa-circle\"></i> </tr></table>\n|uhtml|bestof|<h2><strong>Game 3</strong> of <a href=\"/game-bestof3-gen9championsvgc2026regmbbo3-2673813490\">a best-of-3</a></h2>\n|t:|1788262851\n|gametype|doubles\n|player|p1|Darkblazeken|veteran|\n|player|p2|true-infinity|li|\n|gen|9\n|tier|[Gen 9 Champions] VGC 2026 Reg M-B (Bo3)\n|rule|Species Clause: Limit one of each Pokémon\n|rule|Item Clause: Limit 1 of each item\n|clearpoke\n|poke|p1|Blastoise, L50, F, shiny|\n|poke|p1|Klefki, L50, F, shiny|\n|poke|p1|Staraptor, L50, M, shiny|\n|poke|p1|Oranguru, L50, F, shiny|\n|poke|p1|Raichu, L50, F, shiny|\n|poke|p1|Garganacl, L50, F, shiny|\n|poke|p2|Torterra, L50, M, shiny|\n|poke|p2|Clefable, L50, M, shiny|\n|poke|p2|Chandelure, L50, M, shiny|\n|poke|p2|Samurott-Hisui, L50, M, shiny|\n|poke|p2|Bellibolt, L50, M, shiny|\n|poke|p2|Delphox, L50, F, shiny|\n|teampreview|4\n|showteam|p1|Blastoise||Blastoisinite|RainDish|WaterSpout,DarkPulse,AuraSphere,Protect|Quiet||F|||50|]Klefki||Leftovers|Prankster|RainDance,TrickRoom,SteelBeam,Sandstorm|Modest||F|||50|]Staraptor||Staraptite|Intimidate|BraveBird,CloseCombat,Roost,Protect|Adamant||M|||50|]Oranguru||SitrusBerry|Telepathy|TrickRoom,Instruct,Encore,HyperVoice|Relaxed||F|||50|]Raichu||FocusSash|LightningRod|Charm,FakeOut,BrickBreak,VoltSwitch|Modest||F|||50|]Garganacl||WideLens|PurifyingSalt|RockBlast,Recover,Protect,BodyPress|Sassy||F|||50|\n|showteam|p2|Torterra||CobaBerry|ShellArmor|HeadlongRush,HighHorsepower,WoodHammer,Protect|Impish||M|||50|]Clefable||SitrusBerry|Unaware|FollowMe,Blizzard,AlluringVoice,Protect|Bold||M|||50|]Chandelure||FocusSash|FlashFire|ShadowBall,HeatWave,Protect,TrickRoom|Bold||M|||50|]Samurott-Hisui||LifeOrb|Sharpness|AquaCutter,CeaselessEdge,SuckerPunch,Protect|Adamant||M|||50|]Bellibolt||BigRoot|Electromorphosis|ParabolicCharge,Thunderbolt,Substitute,MuddyWater|Bold||M|||50|]Delphox||Delphoxite|Blaze|HeatWave,Psychic,GrassKnot,Substitute|Timid||F|||50|\n|j| Poe Jar\n|\n|t:|1788262884\n|teamsize|p1|4\n|teamsize|p2|4\n|start\n|switch|p1a: Kyanite|Staraptor, L50, M, shiny|100/100\n|switch|p1b: Amber|Raichu, L50, F, shiny|100/100\n|switch|p2a: Master Oogway|Torterra, L50, M, shiny|100/100\n|switch|p2b: Jabba the Hut|Bellibolt, L50, M, shiny|100/100\n|-ability|p1a: Kyanite|Intimidate|boost\n|-unboost|p2a: Master Oogway|atk|1\n|-unboost|p2b: Jabba the Hut|atk|1\n|turn|1\n|\n|t:|1788262917\n|switch|p2b: Lumière|Chandelure, L50, M, shiny|100/100\n|detailschange|p1a: Kyanite|Staraptor-Mega, L50, M, shiny\n|-mega|p1a: Kyanite|Staraptor|Staraptite\n|move|p2a: Master Oogway|Protect|p2a: Master Oogway\n|-singleturn|p2a: Master Oogway|Protect\n|move|p1b: Amber|Fake Out|p2b: Lumière\n|-immune|p2b: Lumière\n|move|p1a: Kyanite|Close Combat|p2b: Lumière\n|-immune|p2b: Lumière\n|\n|upkeep\n|turn|2\n|\n|t:|1788262944\n|move|p1b: Amber|Volt Switch|p2b: Lumière\n|-damage|p2b: Lumière|67/100\n|\n|t:|1788262947\n|switch|p1b: Fluorite|Blastoise, L50, F, shiny|100/100|[from] Volt Switch\n|move|p1a: Kyanite|Brave Bird|p2a: Master Oogway\n|-supereffective|p2a: Master Oogway|1\n|-enditem|p2a: Master Oogway|Coba Berry|[eat]\n|-enditem|p2a: Master Oogway|Coba Berry|[weaken]\n|-damage|p2a: Master Oogway|56/100\n|-damage|p1a: Kyanite|83/100|[from] Recoil\n|move|p2b: Lumière|Heat Wave|p1a: Kyanite|[spread] p1a\n|-miss|p2b: Lumière|p1b: Fluorite\n|-damage|p1a: Kyanite|44/100\n|move|p2a: Master Oogway|Headlong Rush|p1a: Kyanite\n|-immune|p1a: Kyanite\n|\n|upkeep\n|turn|3\n|\n|t:|1788262980\n|switch|p1a: Spinel|Oranguru, L50, F, shiny|100/100\n|switch|p2b: Jabba the Hut|Bellibolt, L50, M, shiny|100/100\n|move|p1b: Fluorite|Dark Pulse|p2b: Jabba the Hut\n|-damage|p2b: Jabba the Hut|78/100\n|-start|p2b: Jabba the Hut|Charge|Dark Pulse|[from] ability: Electromorphosis\n|move|p2a: Master Oogway|Wood Hammer|p1b: Fluorite\n|-supereffective|p1b: Fluorite|1\n|-damage|p1b: Fluorite|45/100\n|-damage|p2a: Master Oogway|40/100|[from] Recoil\n|\n|upkeep\n|turn|4\n|\n|t:|1788263013\n|move|p2a: Master Oogway|Protect|p2a: Master Oogway\n|-singleturn|p2a: Master Oogway|Protect\n|move|p1b: Fluorite|Aura Sphere|p2b: Jabba the Hut\n|-crit|p2b: Jabba the Hut\n|-damage|p2b: Jabba the Hut|46/100\n|-start|p2b: Jabba the Hut|Charge|Aura Sphere|[from] ability: Electromorphosis\n|move|p1a: Spinel|Instruct|p1b: Fluorite\n|-singleturn|p1b: Fluorite|move: Instruct|[of] p1a: Spinel\n|move|p1b: Fluorite|Aura Sphere|p2b: Jabba the Hut\n|-damage|p2b: Jabba the Hut|21/100\n|-start|p2b: Jabba the Hut|Charge|Aura Sphere|[from] ability: Electromorphosis\n|move|p2b: Jabba the Hut|Parabolic Charge|p1b: Fluorite|[spread] p1a,p1b\n|-activate|p2a: Master Oogway|move: Protect\n|-supereffective|p1b: Fluorite|1\n|-damage|p1a: Spinel|67/100\n|-heal|p2b: Jabba the Hut|44/100|[from] drain|[of] p1a: Spinel\n|-damage|p1b: Fluorite|0 fnt\n|-heal|p2b: Jabba the Hut|74/100|[from] drain|[of] p1b: Fluorite\n|faint|p1b: Fluorite\n|-end|p2b: Jabba the Hut|Charge|[silent]\n|\n|upkeep\n|\n|t:|1788263029\n|switch|p1b: Kyanite|Staraptor-Mega, L50, M, shiny|44/100\n|turn|5\n|\n|t:|1788263066\n|move|p1b: Kyanite|Close Combat|p2b: Jabba the Hut\n|-damage|p2b: Jabba the Hut|20/100y\n|-boost|p1b: Kyanite|def|1\n|-boost|p1b: Kyanite|spd|1\n|-start|p2b: Jabba the Hut|Charge|Close Combat|[from] ability: Electromorphosis\n|move|p2a: Master Oogway|Headlong Rush|p1b: Kyanite\n|-immune|p1b: Kyanite\n|move|p1a: Spinel|Hyper Voice|p2b: Jabba the Hut|[spread] p2a,p2b\n|-damage|p2a: Master Oogway|20/100y\n|-damage|p2b: Jabba the Hut|0 fnt\n|faint|p2b: Jabba the Hut\n|\n|upkeep\n|\n|t:|1788263090\n|switch|p2b: Elphaba|Delphox, L50, F, shiny|100/100\n|turn|6\n|\n|t:|1788263123\n|switch|p1a: Amber|Raichu, L50, F, shiny|100/100\n|detailschange|p2b: Elphaba|Delphox-Mega, L50, F, shiny\n|-mega|p2b: Elphaba|Delphox|Delphoxite\n|move|p1b: Kyanite|Protect|p1b: Kyanite\n|-singleturn|p1b: Kyanite|Protect\n|move|p2b: Elphaba|Psychic|p1b: Kyanite\n|-activate|p1b: Kyanite|move: Protect\n|move|p2a: Master Oogway|Headlong Rush|p1b: Kyanite\n|-activate|p1b: Kyanite|move: Protect\n|\n|upkeep\n|turn|7\n|\n|t:|1788263140\n|switch|p2b: Lumière|Chandelure, L50, M, shiny|67/100\n|move|p2a: Master Oogway|Protect|p2a: Master Oogway\n|-singleturn|p2a: Master Oogway|Protect\n|move|p1a: Amber|Fake Out|p2b: Lumière\n|-immune|p2b: Lumière\n|move|p1b: Kyanite|Brave Bird|p2b: Lumière\n|-damage|p2b: Lumière|5/100\n|-damage|p1b: Kyanite|24/100|[from] Recoil\n|\n|upkeep\n|turn|8\n|\n|t:|1788263202\n|move|p2b: Lumière|Protect|p2b: Lumière\n|-singleturn|p2b: Lumière|Protect\n|move|p1a: Amber|Volt Switch|p2b: Lumière\n|-activate|p2b: Lumière|move: Protect\n|move|p1b: Kyanite|Close Combat|p2a: Master Oogway\n|-damage|p2a: Master Oogway|0 fnt\n|-boost|p1b: Kyanite|def|1\n|-boost|p1b: Kyanite|spd|1\n|faint|p2a: Master Oogway\n|\n|upkeep\n|\n|t:|1788263215\n|switch|p2a: Elphaba|Delphox-Mega, L50, F, shiny|100/100\n|turn|9\n|\n|t:|1788263233\n|switch|p1b: Spinel|Oranguru, L50, F, shiny|67/100\n|move|p2b: Lumière|Protect||[still]\n|-fail|p2b: Lumière\n|move|p2a: Elphaba|Psychic|p1b: Spinel\n|-resisted|p1b: Spinel|1\n|-damage|p1b: Spinel|44/100\n|-enditem|p1b: Spinel|Sitrus Berry|[eat]\n|-heal|p1b: Spinel|69/100|[from] item: Sitrus Berry\n|move|p1a: Amber|Volt Switch|p2b: Lumière\n|-damage|p2b: Lumière|0 fnt\n|faint|p2b: Lumière\n|\n|t:|1788263244\n|switch|p1a: Kyanite|Staraptor-Mega, L50, M, shiny|24/100|[from] Volt Switch\n|\n|upkeep\n|turn|10\n|\n|t:|1788263255\n|switch|p1b: Amber|Raichu, L50, F, shiny|100/100\n|move|p1a: Kyanite|Protect|p1a: Kyanite\n|-singleturn|p1a: Kyanite|Protect\n|move|p2a: Elphaba|Substitute|p2a: Elphaba\n|-start|p2a: Elphaba|Substitute\n|-damage|p2a: Elphaba|75/100\n|\n|upkeep\n|turn|11\n|\n|t:|1788263273\n|move|p1b: Amber|Fake Out|p2a: Elphaba\n|-activate|p2a: Elphaba|move: Substitute|[damage]\n|move|p2a: Elphaba|Heat Wave|p1a: Kyanite|[spread] p1a,p1b\n|-damage|p1a: Kyanite|0 fnt\n|-damage|p1b: Amber|29/100\n|faint|p1a: Kyanite\n|\n|upkeep\n|\n|t:|1788263278\n|switch|p1a: Spinel|Oranguru, L50, F, shiny|69/100\n|turn|12\n|\n|t:|1788263289\n|move|p2a: Elphaba|Heat Wave|p1b: Amber|[spread] p1b\n|-miss|p2a: Elphaba|p1a: Spinel\n|-damage|p1b: Amber|0 fnt\n|faint|p1b: Amber\n|move|p1a: Spinel|Trick Room|p1a: Spinel\n|-fieldstart|move: Trick Room|[of] p1a: Spinel\n|\n|upkeep\n|turn|13\n|c|☆Darkblazeken|ggs\n|\n|t:|1788263308\n|move|p1a: Spinel|Hyper Voice|p2a: Elphaba\n|-damage|p2a: Elphaba|49/100\n|move|p2a: Elphaba|Heat Wave|p1a: Spinel\n|-crit|p1a: Spinel\n|-damage|p1a: Spinel|0 fnt\n|faint|p1a: Spinel\n|\n|win|true-infinity\n|c|☆Darkblazeken|ggs\n|c|☆true-infinity|Gg! That 3rd one was clutch with the substitue\n|c|☆true-infinity|So close\n|c|☆true-infinity|Do you know how to post the rematch to the chat?\n|c|☆Darkblazeken|i done it\n|l| Poe Jar\n|c|☆true-infinity|Beauty! Great games :)\n|c|☆Darkblazeken|i was more expecting the other mega more\n|c|☆true-infinity|I wanted to make sure my mega could outspeed yours since yiu didnt have tailwind, and rest of my comp was set up for trick room\n|c|☆true-infinity|:P\n|c|☆Darkblazeken|yea i didnt think of that all the way tho\n|c|☆true-infinity|Thatvwas neck and neck though, i didnt know who was going to win\n|c|☆Darkblazeken|becouse i know the only fast mon was your megas\n|c|☆Darkblazeken|same\n|c|☆Darkblazeken|i should of click encore lol\n|c|☆Darkblazeken|at the end\n|c|☆true-infinity|That wouldve done me in yeah\n|c|☆true-infinity|I wasnt prepared for encore ornaguru\n|c|☆Darkblazeken|also i now know fake out dont work on sub\n|c|☆true-infinity|Yeah! Neither does sucker punch\n|c|☆Darkblazeken|i had my hole team perp for your full team\n|c|☆true-infinity|Great counter for kingambit\n|c|☆Darkblazeken|but there are some downside to it\n|c|☆Darkblazeken|yea lol\n|c|☆true-infinity|I fogured you qould bring staraptor and b-stoise, i was expecting fleki imprison\n|c|☆Darkblazeken|once i saw belly i knew he would be a big progblem\n|c|☆true-infinity|He worked better than i expected, paired well eith torterra\n|c|☆Darkblazeken|fleki was only there for the other mega\n|c|☆Darkblazeken|for weathewr war\n|c|☆true-infinity|I see! Smart thinking actually\n|c|☆Darkblazeken|yea\n|c|☆Darkblazeken|i plan my teams if i was going to face all your 11 at the same time\n|c|☆Darkblazeken|but it dose make thing limmited\n|c|☆true-infinity|I kind of guess on what i think your carry is going to be and i just prepare around that primarily\n|c|☆Darkblazeken|what was your guess?\n|c|☆true-infinity|But bith have their downsides\n|c|☆Darkblazeken|on whta i would bring\n|c|☆true-infinity|Rsptor and b-stoise\n|c|☆Darkblazeken|yep lol\n|c|☆true-infinity|I didnt knownthe others but i figured if i could lock them out id be able tonfigure the rest out\n|c|☆Darkblazeken|i was going to bring zark but i ended with my rock with it hitting a lot of your mons\n|j| jarichb\n|c|☆true-infinity|Ibwas worried about zorok honestly, good counter to my fire witch\n|c|☆Darkblazeken|but the rock could have OK it if he was able to stay in long enoug\n|c|☆Darkblazeken|with rock blast\n|c|☆true-infinity|I have used or vaednhim much honestly i didnt know what to expect from him\n|c|☆true-infinity|Havnt*\n|c|☆true-infinity|Used him for* sorry.. my phone keyboard is tiny haha\n|c|☆true-infinity|Lets swap back over to discord :)\n|c|☆Darkblazeken|sure\n|l|☆Darkblazeken\n|player|p1|\n|l| jarichb\n|l|☆true-infinity\n|player|p2|\n|j|☆true-infinity\n|player|p2|true-infinity|li|\n","uploadtime":1788263854,"views":"18","formatid":"gen9championsvgc2026regmbbo3","rating":null,"private":0,"password":null}