{"id":"gen9championsvgc2026regmb-2674688029","format":"[Gen 9 Champions] VGC 2026 Reg M-B","players":["maxhb","Ika_Shinobi"],"log":"|j|☆maxhb\n|j|☆Ika_Shinobi\n|html|<table width=\"100%\"><tr><td align=\"left\">maxhb</td><td align=\"right\">Ika_Shinobi</tr><tr><td align=\"left\"><i class=\"fa fa-circle\"></i> <i class=\"fa fa-circle-o\"></i> </td><td align=\"right\"><i class=\"fa fa-circle-o\"></i> <i class=\"fa fa-circle\"></i> </tr></table>\n|uhtml|bestof|<h2><strong>Game 3</strong> of <a href=\"/game-bestof3-gen9championsvgc2026regmb-2674683790\">a best-of-3</a></h2>\n|t:|1788390708\n|gametype|doubles\n|player|p1|maxhb|266|\n|player|p2|Ika_Shinobi|2|\n|gen|9\n|tier|[Gen 9 Champions] VGC 2026 Reg M-B\n|rule|Species Clause: Limit one of each Pokémon\n|rule|Item Clause: Limit 1 of each item\n|raw|<div class=\"infobox\"><details class=\"readmore\" open><summary><strong>1 custom rule:</strong></summary> Best of = 3</details></div>\n|clearpoke\n|poke|p1|Floette-Eternal, L50, F|\n|poke|p1|Blastoise, L50, F|\n|poke|p1|Kingambit, L50, M|\n|poke|p1|Talonflame, L50, F|\n|poke|p1|Crabominable, L50, F|\n|poke|p1|Sinistcha, L50|\n|poke|p2|Garchomp, L50, F|\n|poke|p2|Aerodactyl, L50, F|\n|poke|p2|Kangaskhan, L50, F|\n|poke|p2|Dragalge, L50, F|\n|poke|p2|Delphox, L50, M|\n|poke|p2|Sableye, L50, F|\n|teampreview|4\n|\n|t:|1788390755\n|teamsize|p1|4\n|teamsize|p2|4\n|start\n|switch|p1a: Blastoise|Blastoise, L50, F|100/100\n|switch|p1b: Sinistcha|Sinistcha, L50|100/100\n|switch|p2a: Delphox|Delphox, L50, M|100/100\n|switch|p2b: Kangaskhan|Kangaskhan, L50, F|100/100\n|turn|1\n|\n|t:|1788390833\n|switch|p2a: Garchomp|Garchomp, L50, F|100/100\n|switch|p1b: Crabominable|Crabominable, L50, F|100/100\n|move|p2b: Kangaskhan|Fake Out|p1b: Crabominable\n|-damage|p1b: Crabominable|74/100\n|move|p1a: Blastoise|Fake Out|p2a: Garchomp\n|-damage|p2a: Garchomp|91/100\n|-damage|p1a: Blastoise|87/100|[from] ability: Rough Skin|[of] p2a: Garchomp\n|\n|upkeep\n|turn|2\n|\n|t:|1788390875\n|detailschange|p1b: Crabominable|Crabominable-Mega, L50, F\n|-mega|p1b: Crabominable|Crabominable|Crabominite\n|move|p1b: Crabominable|Wide Guard|p1b: Crabominable\n|-singleturn|p1b: Crabominable|Wide Guard\n|move|p2a: Garchomp|Earthquake|p1a: Blastoise|[spread] p2b\n|-activate|p1a: Blastoise|move: Wide Guard\n|-activate|p1b: Crabominable|move: Wide Guard\n|-damage|p2b: Kangaskhan|53/100\n|-damage|p2a: Garchomp|82/100|[from] item: Life Orb\n|move|p2b: Kangaskhan|Drain Punch|p1b: Crabominable\n|-supereffective|p1b: Crabominable|1\n|-damage|p1b: Crabominable|36/100\n|-heal|p2b: Kangaskhan|71/100|[from] drain|[of] p1b: Crabominable\n|move|p1a: Blastoise|Ice Beam|p2a: Garchomp\n|-supereffective|p2a: Garchomp|2\n|-damage|p2a: Garchomp|0 fnt\n|faint|p2a: Garchomp\n|\n|upkeep\n|\n|t:|1788390900\n|switch|p2a: Delphox|Delphox, L50, M|100/100\n|turn|3\n|\n|t:|1788390956\n|switch|p1a: Sinistcha|Sinistcha, L50|100/100\n|-heal|p1b: Crabominable|61/100|[from] ability: Hospitality|[of] p1a: Sinistcha\n|switch|p1b: Kingambit|Kingambit, L50, M|100/100\n|detailschange|p2a: Delphox|Delphox-Mega, L50, M\n|-mega|p2a: Delphox|Delphox|Delphoxite\n|move|p2a: Delphox|Heat Wave|p1b: Kingambit|[spread] p1a\n|-miss|p2a: Delphox|p1b: Kingambit\n|-supereffective|p1a: Sinistcha|1\n|-damage|p1a: Sinistcha|14/100\n|-enditem|p1a: Sinistcha|Sitrus Berry|[eat]\n|-heal|p1a: Sinistcha|39/100|[from] item: Sitrus Berry\n|move|p2b: Kangaskhan|Double-Edge|p1a: Sinistcha\n|-damage|p1a: Sinistcha|0 fnt\n|faint|p1a: Sinistcha\n|-damage|p2b: Kangaskhan|60/100|[from] Recoil\n|\n|upkeep\n|\n|t:|1788391002\n|switch|p1a: Blastoise|Blastoise, L50, F|87/100\n|turn|4\n|\n|t:|1788391070\n|switch|p2a: Aerodactyl|Aerodactyl, L50, F|100/100\n|-ability|p2a: Aerodactyl|Pressure\n|move|p1a: Blastoise|Fake Out|p2b: Kangaskhan\n|-damage|p2b: Kangaskhan|53/100\n|cant|p2b: Kangaskhan|flinch\n|move|p1b: Kingambit|Kowtow Cleave|p2a: Aerodactyl\n|-damage|p2a: Aerodactyl|23/100\n|\n|upkeep\n|turn|5\n|\n|t:|1788391132\n|move|p2a: Aerodactyl|Protect|p2a: Aerodactyl\n|-singleturn|p2a: Aerodactyl|Protect\n|move|p1b: Kingambit|Sucker Punch|p2b: Kangaskhan\n|-damage|p2b: Kangaskhan|15/100\n|move|p2b: Kangaskhan|Drain Punch|p1b: Kingambit\n|-supereffective|p1b: Kingambit|2\n|-damage|p1b: Kingambit|14/100\n|-heal|p2b: Kangaskhan|51/100|[from] drain|[of] p1b: Kingambit\n|move|p1a: Blastoise|Ice Beam|p2a: Aerodactyl\n|-activate|p2a: Aerodactyl|move: Protect\n|\n|upkeep\n|turn|6\n|\n|t:|1788391160\n|move|p1b: Kingambit|Protect|p1b: Kingambit\n|-singleturn|p1b: Kingambit|Protect\n|move|p2a: Aerodactyl|Dual Wingbeat|p1b: Kingambit\n|-activate|p1b: Kingambit|move: Protect\n|move|p2b: Kangaskhan|Double-Edge|p1a: Blastoise\n|-damage|p1a: Blastoise|17/100\n|-damage|p2b: Kangaskhan|31/100|[from] Recoil\n|move|p1a: Blastoise|Water Spout|p2b: Kangaskhan|[spread] p2a,p2b\n|-supereffective|p2a: Aerodactyl|1\n|-damage|p2a: Aerodactyl|0 fnt\n|-damage|p2b: Kangaskhan|19/100\n|faint|p2a: Aerodactyl\n|\n|upkeep\n|\n|t:|1788391172\n|switch|p2a: Delphox|Delphox-Mega, L50, M|100/100\n|turn|7\n|\n|t:|1788391256\n|move|p2b: Kangaskhan|Sucker Punch|p1a: Blastoise\n|-damage|p1a: Blastoise|0 fnt\n|faint|p1a: Blastoise\n|move|p1b: Kingambit|Sucker Punch||[still]\n|-fail|p1b: Kingambit\n|move|p2a: Delphox|Encore|p1b: Kingambit\n|-start|p1b: Kingambit|Encore\n|\n|upkeep\n|\n|t:|1788391263\n|switch|p1a: Crabominable|Crabominable-Mega, L50, F|61/100\n|turn|8\n|\n|t:|1788391284\n|move|p1b: Kingambit|Sucker Punch|p2a: Delphox\n|-supereffective|p2a: Delphox|1\n|-damage|p2a: Delphox|0 fnt\n|faint|p2a: Delphox\n|move|p1a: Crabominable|Mach Punch|p2b: Kangaskhan\n|-supereffective|p2b: Kangaskhan|1\n|-damage|p2b: Kangaskhan|0 fnt\n|faint|p2b: Kangaskhan\n|\n|win|maxhb\n|c|☆Ika_Shinobi|ggs\n|c|☆maxhb|ggs\n","uploadtime":1788391532,"views":"1","formatid":"gen9championsvgc2026regmb","rating":null,"private":0,"password":null}