{"id":"gen9championsvgc2026regmbbo3-2673721685","format":"[Gen 9 Champions] VGC 2026 Reg M-B (Bo3)","players":["w0rms4f1ng3rs","Jorgitomyte331"],"log":"|j|☆w0rms4f1ng3rs\n|j|☆Jorgitomyte331\n|html|<table width=\"100%\"><tr><td align=\"left\">w0rms4f1ng3rs</td><td align=\"right\">Jorgitomyte331</tr><tr><td align=\"left\"><i class=\"fa fa-circle-o\"></i> <i class=\"fa fa-circle-o\"></i> </td><td align=\"right\"><i class=\"fa fa-circle-o\"></i> <i class=\"fa fa-circle-o\"></i> </tr></table>\n|uhtml|bestof|<h2><strong>Game 1</strong> of <a href=\"/game-bestof3-gen9championsvgc2026regmbbo3-2673721684\">a best-of-3</a></h2>\n|t:|1788240512\n|gametype|doubles\n|player|p1|w0rms4f1ng3rs|zinzolin|1143\n|player|p2|Jorgitomyte331|silver|1407\n|gen|9\n|tier|[Gen 9 Champions] VGC 2026 Reg M-B (Bo3)\n|rated|\n|rule|Species Clause: Limit one of each Pokémon\n|rule|Item Clause: Limit 1 of each item\n|clearpoke\n|poke|p1|Charizard, L50, M, shiny|\n|poke|p1|Whimsicott, L50, M|\n|poke|p1|Kingambit, L50, F|\n|poke|p1|Basculegion, L50, M|\n|poke|p1|Garchomp, L50, F|\n|poke|p1|Floette-Eternal, L50, F|\n|poke|p2|Tsareena, L50, F|\n|poke|p2|Kingambit, L50, F|\n|poke|p2|Sylveon, L50, M|\n|poke|p2|Aerodactyl, L50, F|\n|poke|p2|Raichu, L50, M|\n|poke|p2|Sneasler, L50, F|\n|teampreview|4\n|showteam|p1|Charizard||CharizarditeY|Blaze|HeatWave,WeatherBall,SolarBeam,Protect|Modest||M|||50|]Whimsicott||FocusSash|Prankster|Moonblast,Encore,Tailwind,Protect|Timid||M|||50|]Kingambit||OccaBerry|Defiant|KowtowCleave,SuckerPunch,IronHead,LowKick|Adamant||F|||50|]Basculegion||MysticWater|Adaptability|WaveCrash,LastRespects,AquaJet,Protect|Adamant||M|||50|]Garchomp||LifeOrb|RoughSkin|Earthquake,DragonClaw,RockSlide,Protect|Jolly||F|||50|]Floette-Eternal||Floettite|FlowerVeil|Moonblast,DazzlingGleam,LightofRuin,Protect|Timid||F|||50|\n|showteam|p2|Tsareena||FocusSash|QueenlyMajesty|PowerWhip,LowKick,TripleAxel,Protect|Jolly||F|||50|]Kingambit||LifeOrb|Defiant|KowtowCleave,SuckerPunch,SwordsDance,Protect|Adamant||F|||50|]Sylveon||FairyFeather|Pixilate|HyperVoice,Yawn,HyperBeam,Detect|Modest||M|||50|]Aerodactyl||Aerodactylite|Unnerve|DualWingbeat,RockSlide,Tailwind,Protect|Jolly||F|||50|]Raichu||RaichuniteY|LightningRod|ZapCannon,FocusBlast,FakeOut,Protect|Timid||M|||50|]Sneasler||WhiteHerb|Unburden|FakeOut,CloseCombat,DireClaw,Protect|Jolly||F|||50|\n|\n|t:|1788240573\n|teamsize|p1|4\n|teamsize|p2|4\n|start\n|switch|p1a: Whimsicott|Whimsicott, L50, M|100/100\n|switch|p1b: Garchomp|Garchomp, L50, F|100/100\n|switch|p2a: Aerodactyl|Aerodactyl, L50, F|100/100\n|switch|p2b: Kingambit|Kingambit, L50, F|100/100\n|-ability|p2a: Aerodactyl|Unnerve\n|turn|1\n|\n|t:|1788240594\n|move|p1a: Whimsicott|Tailwind|p1a: Whimsicott\n|-sidestart|p1: w0rms4f1ng3rs|move: Tailwind\n|move|p1b: Garchomp|Rock Slide|p2a: Aerodactyl|[spread] p2a\n|-miss|p1b: Garchomp|p2b: Kingambit\n|-supereffective|p2a: Aerodactyl|1\n|-damage|p2a: Aerodactyl|25/100\n|-damage|p1b: Garchomp|90/100|[from] item: Life Orb\n|move|p2a: Aerodactyl|Dual Wingbeat|p1a: Whimsicott\n|-supereffective|p1a: Whimsicott|1\n|-damage|p1a: Whimsicott|43/100\n|-supereffective|p1a: Whimsicott|1\n|-damage|p1a: Whimsicott|0 fnt\n|faint|p1a: Whimsicott\n|-hitcount|p1: Whimsicott|2\n|move|p2b: Kingambit|Swords Dance|p2b: Kingambit\n|-boost|p2b: Kingambit|atk|2\n|\n|upkeep\n|\n|t:|1788240608\n|switch|p1a: Floette|Floette-Eternal, L50, F|100/100\n|turn|2\n|\n|t:|1788240619\n|detailschange|p1a: Floette|Floette-Mega, L50, F\n|-mega|p1a: Floette|Floette|Floettite\n|-ability|p1a: Floette|Fairy Aura\n|move|p2a: Aerodactyl|Protect|p2a: Aerodactyl\n|-singleturn|p2a: Aerodactyl|Protect\n|move|p2b: Kingambit|Protect|p2b: Kingambit\n|-singleturn|p2b: Kingambit|Protect\n|move|p1b: Garchomp|Rock Slide|p2b: Kingambit|[spread] \n|-activate|p2a: Aerodactyl|move: Protect\n|-activate|p2b: Kingambit|move: Protect\n|move|p1a: Floette|Moonblast|p2b: Kingambit\n|-activate|p2b: Kingambit|move: Protect\n|\n|upkeep\n|turn|3\n|\n|t:|1788240636\n|move|p2b: Kingambit|Sucker Punch|p1b: Garchomp\n|-damage|p1b: Garchomp|0 fnt\n|-damage|p2b: Kingambit|87/100|[from] ability: Rough Skin|[of] p1b: Garchomp\n|faint|p1b: Garchomp\n|-damage|p2b: Kingambit|78/100|[from] item: Life Orb\n|move|p1a: Floette|Moonblast|p2b: Kingambit\n|-damage|p2b: Kingambit|14/100\n|move|p2a: Aerodactyl|Tailwind|p2a: Aerodactyl\n|-sidestart|p2: Jorgitomyte331|move: Tailwind\n|\n|upkeep\n|\n|t:|1788240646\n|switch|p1b: Basculegion|Basculegion, L50, M|100/100\n|turn|4\n|\n|t:|1788240653\n|move|p2b: Kingambit|Protect|p2b: Kingambit\n|-singleturn|p2b: Kingambit|Protect\n|move|p1b: Basculegion|Aqua Jet|p2b: Kingambit\n|-activate|p2b: Kingambit|move: Protect\n|move|p2a: Aerodactyl|Rock Slide|p1a: Floette|[spread] p1a,p1b\n|-crit|p1b: Basculegion\n|-damage|p1a: Floette|72/100\n|-damage|p1b: Basculegion|56/100\n|move|p1a: Floette|Moonblast|p2a: Aerodactyl\n|-damage|p2a: Aerodactyl|0 fnt\n|faint|p2a: Aerodactyl\n|\n|-sideend|p1: w0rms4f1ng3rs|move: Tailwind\n|upkeep\n|\n|t:|1788240664\n|switch|p2a: Tsareena|Tsareena, L50, F|100/100\n|turn|5\n|\n|t:|1788240674\n|move|p1b: Basculegion|Protect|p1b: Basculegion\n|-singleturn|p1b: Basculegion|Protect\n|move|p2b: Kingambit|Sucker Punch|p1a: Floette\n|-resisted|p1a: Floette|1\n|-damage|p1a: Floette|13/100\n|-damage|p2b: Kingambit|4/100|[from] item: Life Orb\n|move|p2a: Tsareena|Power Whip|p1a: Floette\n|-crit|p1a: Floette\n|-damage|p1a: Floette|0 fnt\n|faint|p1a: Floette\n|\n|upkeep\n|turn|6\n|\n|t:|1788240682\n|move|p1b: Basculegion|Protect||[still]\n|-fail|p1b: Basculegion\n|move|p2b: Kingambit|Sucker Punch||[still]\n|-fail|p2b: Kingambit\n|move|p2a: Tsareena|Power Whip|p1b: Basculegion\n|-supereffective|p1b: Basculegion|1\n|-damage|p1b: Basculegion|0 fnt\n|faint|p1b: Basculegion\n|\n|win|Jorgitomyte331\n","uploadtime":1788240683,"views":"1","formatid":"gen9championsvgc2026regmbbo3","rating":null,"private":0,"password":null}