{"id":"gen9championsvgc2026regmbbo3-2673506368","format":"[Gen 9 Champions] VGC 2026 Reg M-B (Bo3)","players":["Frisk Azzy","affableCritter"],"log":"|j|☆Frisk Azzy\n|j|☆affableCritter\n|html|<table width=\"100%\"><tr><td align=\"left\">Frisk Azzy</td><td align=\"right\">affableCritter</tr><tr><td align=\"left\"><i class=\"fa fa-circle\"></i> <i class=\"fa fa-circle-o\"></i> </td><td align=\"right\"><i class=\"fa fa-circle-o\"></i> <i class=\"fa fa-circle\"></i> </tr></table>\n|uhtml|bestof|<h2><strong>Game 3</strong> of <a href=\"/game-bestof3-gen9championsvgc2026regmbbo3-2673503316\">a best-of-3</a></h2>\n|t:|1788206055\n|gametype|doubles\n|player|p1|Frisk Azzy|riley|\n|player|p2|affableCritter|harlequin|\n|gen|9\n|tier|[Gen 9 Champions] VGC 2026 Reg M-B (Bo3)\n|rule|Species Clause: Limit one of each Pokémon\n|rule|Item Clause: Limit 1 of each item\n|clearpoke\n|poke|p1|Charizard, L50, M, shiny|\n|poke|p1|Venusaur, L50, M|\n|poke|p1|Whimsicott, L50, F|\n|poke|p1|Luxray, L50, M, shiny|\n|poke|p1|Aegislash, L50, M|\n|poke|p1|Garchomp, L50, F, shiny|\n|poke|p2|Raichu, L50, F|\n|poke|p2|Aerodactyl, L50, F|\n|poke|p2|Kingambit, L50, F|\n|poke|p2|Sneasler, L50, F|\n|poke|p2|Basculegion, L50, M|\n|poke|p2|Sylveon, L50, F|\n|teampreview|4\n|showteam|p1|Charizard||CharizarditeY|SolarPower|AirSlash,HeatWave,Protect,SolarBeam|Timid||M|||50|]Venusaur||Venusaurite|Chlorophyll|GigaDrain,Protect,EarthPower,SludgeBomb|Bold||M|||50|]Whimsicott||FocusSash|Prankster|Taunt,Tailwind,WorrySeed,Moonblast|Timid||F|||50|]Luxray||SitrusBerry|Intimidate|WildCharge,Protect,VoltSwitch,Crunch|Sassy||M|||50|]Aegislash||SpellTag|StanceChange|ShadowSneak,KingsShield,WideGuard,IronHead|Brave||M|||50|]Garchomp||LifeOrb|RoughSkin|DragonClaw,RockSlide,Earthquake,Protect|Jolly||F|||50|\n|showteam|p2|Raichu||RaichuniteY|LightningRod|FakeOut,ZapCannon,FocusBlast,Protect|Timid||F|||50|]Aerodactyl||Aerodactylite|Unnerve|RockSlide,DualWingbeat,IceFang,Tailwind|Jolly||F|||50|]Kingambit||FocusSash|Defiant|KowtowCleave,SuckerPunch,SwordsDance,Protect|Adamant||F|||50|]Sneasler||WhiteHerb|Unburden|FakeOut,CloseCombat,DireClaw,Feint|Jolly||F|||50|]Basculegion||MysticWater|Adaptability|AquaJet,WaveCrash,LastRespects,Protect|Adamant||M|||50|]Sylveon||FairyFeather|Pixilate|HyperVoice,QuickAttack,HyperBeam,Detect|Modest||F|||50|\n|inactive|Battle timer is ON: inactive players will automatically lose when time's up. (requested by affableCritter)\n|\n|t:|1788206082\n|teamsize|p1|4\n|teamsize|p2|4\n|start\n|switch|p1a: Vine|Venusaur, L50, M|100/100\n|switch|p1b: Dragoniod|Charizard, L50, M, shiny|100/100\n|switch|p2a: Aerodactyl|Aerodactyl, L50, F|100/100\n|switch|p2b: Sneasler|Sneasler, L50, F|100/100\n|-ability|p2a: Aerodactyl|Unnerve\n|turn|1\n|\n|t:|1788206105\n|switch|p2b: Kingambit|Kingambit, L50, F|100/100\n|switch|p1b: Hexcalibern|Aegislash, L50, M|100/100\n|detailschange|p2a: Aerodactyl|Aerodactyl-Mega, L50, F\n|-mega|p2a: Aerodactyl|Aerodactyl|Aerodactylite\n|move|p2a: Aerodactyl|Rock Slide|p1a: Vine|[spread] p1a,p1b\n|-resisted|p1b: Hexcalibern|1\n|-damage|p1a: Vine|70/100\n|-damage|p1b: Hexcalibern|87/100\n|cant|p1a: Vine|flinch\n|\n|upkeep\n|turn|2\n|inactive|affableCritter has 30 seconds left.\n|\n|t:|1788206138\n|move|p2a: Aerodactyl|Tailwind|p2a: Aerodactyl\n|-sidestart|p2: affableCritter|move: Tailwind\n|move|p2b: Kingambit|Kowtow Cleave|p1b: Hexcalibern\n|-supereffective|p1b: Hexcalibern|1\n|-damage|p1b: Hexcalibern|0 fnt\n|faint|p1b: Hexcalibern\n|move|p1a: Vine|Earth Power|p2b: Kingambit\n|-supereffective|p2b: Kingambit|1\n|-damage|p2b: Kingambit|58/100\n|\n|upkeep\n|\n|t:|1788206148\n|switch|p1b: Bow|Garchomp, L50, F, shiny|100/100\n|turn|3\n|inactive|Frisk Azzy has 30 seconds left.\n|\n|t:|1788206177\n|move|p1a: Vine|Protect|p1a: Vine\n|-singleturn|p1a: Vine|Protect\n|move|p2b: Kingambit|Sucker Punch||[still]\n|-fail|p2b: Kingambit\n|move|p2a: Aerodactyl|Ice Fang|p1b: Bow|[miss]\n|-miss|p2a: Aerodactyl|p1b: Bow\n|move|p1b: Bow|Earthquake|p2a: Aerodactyl|[spread] p2b\n|-activate|p1a: Vine|move: Protect\n|-immune|p2a: Aerodactyl\n|-supereffective|p2b: Kingambit|1\n|-damage|p2b: Kingambit|0 fnt\n|faint|p2b: Kingambit\n|-damage|p1b: Bow|90/100|[from] item: Life Orb\n|\n|upkeep\n|\n|t:|1788206190\n|switch|p2b: Sylveon|Sylveon, L50, F|100/100\n|turn|4\n|\n|t:|1788206204\n|move|p2a: Aerodactyl|Dual Wingbeat|p1a: Vine\n|-supereffective|p1a: Vine|1\n|-damage|p1a: Vine|13/100\n|-supereffective|p1a: Vine|1\n|-damage|p1a: Vine|0 fnt\n|faint|p1a: Vine\n|-hitcount|p1: Vine|2\n|move|p2b: Sylveon|Hyper Voice|p1b: Bow\n|-supereffective|p1b: Bow|1\n|-damage|p1b: Bow|0 fnt\n|faint|p1b: Bow\n|\n|upkeep\n|\n|t:|1788206217\n|switch|p1b: Dragoniod|Charizard, L50, M, shiny|100/100\n|turn|5\n|\n|t:|1788206227\n|detailschange|p1b: Dragoniod|Charizard-Mega-Y, L50, M, shiny\n|-mega|p1b: Dragoniod|Charizard|Charizardite Y\n|-weather|SunnyDay|[from] ability: Drought|[of] p1b: Dragoniod\n|move|p1b: Dragoniod|Protect|p1b: Dragoniod\n|-singleturn|p1b: Dragoniod|Protect\n|move|p2b: Sylveon|Quick Attack|p1b: Dragoniod\n|-activate|p1b: Dragoniod|move: Protect\n|move|p2a: Aerodactyl|Rock Slide|p1b: Dragoniod\n|-activate|p1b: Dragoniod|move: Protect\n|\n|-weather|SunnyDay|[upkeep]\n|-sideend|p2: affableCritter|move: Tailwind\n|upkeep\n|turn|6\n|\n|t:|1788206246\n|move|p2a: Aerodactyl|Tailwind|p2a: Aerodactyl\n|-sidestart|p2: affableCritter|move: Tailwind\n|move|p2b: Sylveon|Hyper Beam|p1b: Dragoniod\n|-resisted|p1b: Dragoniod|1\n|-damage|p1b: Dragoniod|45/100\n|-mustrecharge|p2b: Sylveon\n|move|p1b: Dragoniod|Solar Beam||[still]\n|-prepare|p1b: Dragoniod|Solar Beam\n|-anim|p1b: Dragoniod|Solar Beam|p2a: Aerodactyl\n|-damage|p2a: Aerodactyl|37/100\n|\n|-weather|SunnyDay|[upkeep]\n|upkeep\n|turn|7\n|\n|t:|1788206258\n|move|p2a: Aerodactyl|Rock Slide|p1b: Dragoniod\n|-supereffective|p1b: Dragoniod|2\n|-crit|p1b: Dragoniod\n|-damage|p1b: Dragoniod|0 fnt\n|faint|p1b: Dragoniod\n|\n|win|affableCritter\n","uploadtime":1788206266,"views":"0","formatid":"gen9championsvgc2026regmbbo3","rating":null,"private":0,"password":null}