{"id":"gen9championsvgc2026regmbbo3-2673375780","format":"[Gen 9 Champions] VGC 2026 Reg M-B (Bo3)","players":["GlitchXDGOAT","humania1"],"log":"|j|☆GlitchXDGOAT\n|j|☆humania1\n|html|<table width=\"100%\"><tr><td align=\"left\">GlitchXDGOAT</td><td align=\"right\">humania1</tr><tr><td align=\"left\"><i class=\"fa fa-circle-o\"></i> <i class=\"fa fa-circle-o\"></i> </td><td align=\"right\"><i class=\"fa fa-circle-o\"></i> <i class=\"fa fa-circle-o\"></i> </tr></table>\n|uhtml|bestof|<h2><strong>Game 1</strong> of <a href=\"/game-bestof3-gen9championsvgc2026regmbbo3-2673375779\">a best-of-3</a></h2>\n|t:|1788190147\n|gametype|doubles\n|player|p1|GlitchXDGOAT|169|1186\n|player|p2|humania1|170|1094\n|gen|9\n|tier|[Gen 9 Champions] VGC 2026 Reg M-B (Bo3)\n|rated|\n|rule|Species Clause: Limit one of each Pokémon\n|rule|Item Clause: Limit 1 of each item\n|clearpoke\n|poke|p1|Annihilape, L50, F|\n|poke|p1|Incineroar, L50, F|\n|poke|p1|Basculegion, L50, M|\n|poke|p1|Glimmora, L50, M|\n|poke|p1|Raichu, L50, M|\n|poke|p1|Floette-Eternal, L50, F|\n|poke|p2|Blastoise, L50, M|\n|poke|p2|Delphox, L50, M, shiny|\n|poke|p2|Incineroar, L50, M|\n|poke|p2|Sinistcha, L50|\n|poke|p2|Sneasler, L50, M|\n|poke|p2|Vivillon, L50, M|\n|teampreview|4\n|showteam|p1|Annihilape||ChoiceScarf|Defiant|CloseCombat,IcePunch,PoisonJab,RockTomb|Jolly||F|||50|]Incineroar||SitrusBerry|Intimidate|FakeOut,FlareBlitz,ThroatChop,PartingShot|Sassy||F|||50|]Basculegion||LifeOrb|Adaptability|WaveCrash,LastRespects,Protect,AquaJet|Jolly||M|||50|]Glimmora||FocusSash|ToxicDebris|SpikyShield,PowerGem,SludgeBomb,EarthPower|Timid||M|||50|]Raichu||RaichuniteY|LightningRod|FakeOut,ZapCannon,FocusBlast,Protect|Timid||M|||50|]Floette-Eternal||Floettite|FlowerVeil|Moonblast,DazzlingGleam,CalmMind,Protect|Timid||F|||50|\n|showteam|p2|Blastoise||Blastoisinite|Torrent|Protect,ShellSmash,WaterSpout,DarkPulse|Modest||M|||50|]Delphox||Delphoxite|Blaze|Protect,HeatWave,Psyshock,NastyPlot|Timid||M|||50|]Incineroar||PasshoBerry|Intimidate|FakeOut,PartingShot,FlareBlitz,ThroatChop|Impish||M|||50|]Sinistcha||SitrusBerry|Hospitality|Protect,MatchaGotcha,TrickRoom,RagePowder|Bold|||||50|]Sneasler||FocusSash|PoisonTouch|QuickGuard,FakeOut,CloseCombat,DireClaw|Jolly||M|||50|]Vivillon||ChoiceScarf|CompoundEyes|Hurricane,SleepPowder,RagePowder,Uturn|Timid||M|||50|\n|inactive|Battle timer is ON: inactive players will automatically lose when time's up. (requested by humania1)\n|inactive|GlitchXDGOAT also wants the timer to be on.\n|\n|t:|1788190170\n|teamsize|p1|4\n|teamsize|p2|4\n|start\n|switch|p1a: Raichu|Raichu, L50, M|100/100\n|switch|p1b: Basculegion|Basculegion, L50, M|100/100\n|switch|p2a: Blastoise|Blastoise, L50, M|100/100\n|switch|p2b: Incineroar|Incineroar, L50, M|100/100\n|-ability|p2b: Incineroar|Intimidate|boost\n|-unboost|p1a: Raichu|atk|1\n|-unboost|p1b: Basculegion|atk|1\n|turn|1\n|\n|t:|1788190180\n|detailschange|p1a: Raichu|Raichu-Mega-Y, L50, M\n|-mega|p1a: Raichu|Raichu|Raichunite Y\n|detailschange|p2a: Blastoise|Blastoise-Mega, L50, M\n|-mega|p2a: Blastoise|Blastoise|Blastoisinite\n|move|p1a: Raichu|Fake Out|p2a: Blastoise\n|-damage|p2a: Blastoise|94/100\n|move|p1b: Basculegion|Wave Crash|p2b: Incineroar\n|-supereffective|p2b: Incineroar|1\n|-enditem|p2b: Incineroar|Passho Berry|[eat]\n|-enditem|p2b: Incineroar|Passho Berry|[weaken]\n|-damage|p2b: Incineroar|50/100g\n|-damage|p1b: Basculegion|83/100|[from] Recoil\n|-damage|p1b: Basculegion|73/100|[from] item: Life Orb\n|cant|p2a: Blastoise|flinch\n|move|p2b: Incineroar|Throat Chop|p1b: Basculegion\n|-supereffective|p1b: Basculegion|1\n|-damage|p1b: Basculegion|0 fnt\n|faint|p1b: Basculegion\n|\n|upkeep\n|\n|t:|1788190193\n|switch|p1b: Annihilape|Annihilape, L50, F|100/100\n|turn|2\n|\n|t:|1788190201\n|move|p1b: Annihilape|Ice Punch|p2b: Incineroar\n|-resisted|p2b: Incineroar|1\n|-damage|p2b: Incineroar|40/100\n|move|p1a: Raichu|Zap Cannon|p2b: Incineroar\n|-damage|p2b: Incineroar|0 fnt\n|faint|p2b: Incineroar\n|move|p2a: Blastoise|Water Spout|p1a: Raichu|[spread] p1a,p1b\n|-damage|p1a: Raichu|25/100\n|-damage|p1b: Annihilape|36/100\n|\n|upkeep\n|\n|t:|1788190201\n|switch|p2b: Sinistcha|Sinistcha, L50|100/100\n|-heal|p2a: Blastoise|100/100|[from] ability: Hospitality|[of] p2b: Sinistcha\n|turn|3\n|\n|t:|1788190210\n|move|p1b: Annihilape|Ice Punch|p2b: Sinistcha\n|-supereffective|p2b: Sinistcha|1\n|-damage|p2b: Sinistcha|55/100\n|move|p1a: Raichu|Zap Cannon|p2a: Blastoise\n|-supereffective|p2a: Blastoise|1\n|-damage|p2a: Blastoise|0 fnt\n|faint|p2a: Blastoise\n|move|p2b: Sinistcha|Trick Room|p2b: Sinistcha\n|-fieldstart|move: Trick Room|[of] p2b: Sinistcha\n|\n|upkeep\n|\n|t:|1788190210\n|switch|p2a: Delphox|Delphox, L50, M, shiny|100/100\n|turn|4\n|j| nosehabladebruno\n|\n|t:|1788190223\n|move|p2b: Sinistcha|Matcha Gotcha|p1a: Raichu|[spread] p1a,p1b\n|-damage|p1a: Raichu|0 fnt\n|-heal|p2b: Sinistcha|68/100|[from] drain|[of] p1a: Raichu\n|-damage|p1b: Annihilape|10/100\n|-heal|p2b: Sinistcha|81/100|[from] drain|[of] p1b: Annihilape\n|-status|p1b: Annihilape|brn\n|faint|p1a: Raichu\n|move|p2a: Delphox|Psyshock|p1b: Annihilape\n|-supereffective|p1b: Annihilape|1\n|-damage|p1b: Annihilape|0 fnt\n|faint|p1b: Annihilape\n|\n|upkeep\n|\n|t:|1788190228\n|switch|p1b: Glimmora|Glimmora, L50, M|100/100\n|turn|5\n|\n|t:|1788190234\n|move|p2b: Sinistcha|Protect|p2b: Sinistcha\n|-singleturn|p2b: Sinistcha|Protect\n|move|p1b: Glimmora|Power Gem|p2a: Delphox\n|-supereffective|p2a: Delphox|1\n|-damage|p2a: Delphox|9/100\n|move|p2a: Delphox|Psyshock|p1b: Glimmora\n|-supereffective|p1b: Glimmora|1\n|-damage|p1b: Glimmora|13/100\n|\n|upkeep\n|turn|6\n|\n|t:|1788190241\n|move|p1b: Glimmora|Spiky Shield|p1b: Glimmora\n|-singleturn|p1b: Glimmora|move: Protect\n|move|p2b: Sinistcha|Matcha Gotcha|p1b: Glimmora\n|-activate|p1b: Glimmora|move: Protect\n|move|p2a: Delphox|Psyshock|p1b: Glimmora\n|-activate|p1b: Glimmora|move: Protect\n|\n|upkeep\n|turn|7\n|\n|t:|1788190246\n|move|p2b: Sinistcha|Matcha Gotcha|p1b: Glimmora\n|-damage|p1b: Glimmora|0 fnt\n|-heal|p2b: Sinistcha|88/100|[from] drain|[of] p1b: Glimmora\n|faint|p1b: Glimmora\n|\n|win|humania1\n","uploadtime":1788190246,"views":"0","formatid":"gen9championsvgc2026regmbbo3","rating":null,"private":0,"password":null}