{"id":"gen9championsvgc2026regmb-2674168659","format":"[Gen 9 Champions] VGC 2026 Reg M-B","players":["collateraldamagejr","dhrx"],"log":"|j|☆collateraldamagejr\n|j|☆dhrx\n|t:|1788309454\n|gametype|doubles\n|player|p1|collateraldamagejr|102|1315\n|player|p2|dhrx|lucian|1355\n|gen|9\n|tier|[Gen 9 Champions] VGC 2026 Reg M-B\n|rated|\n|rule|Species Clause: Limit one of each Pokémon\n|rule|Item Clause: Limit 1 of each item\n|clearpoke\n|poke|p1|Roserade, L50, F, shiny|\n|poke|p1|Sableye, L50, F, shiny|\n|poke|p1|Gardevoir, L50, F, shiny|\n|poke|p1|Torkoal, L50, M|\n|poke|p1|Blaziken, L50, M, shiny|\n|poke|p1|Weavile, L50, M, shiny|\n|poke|p2|Lopunny, L50, M|\n|poke|p2|Ceruledge, L50, M|\n|poke|p2|Farigiraf, L50, M|\n|poke|p2|Basculegion, L50, M|\n|poke|p2|Ninetales-Alola, L50, F|\n|poke|p2|Kingambit, L50, M|\n|teampreview|4\ndhrx rejected open team sheets.\n|\n|t:|1788309488\n|teamsize|p1|4\n|teamsize|p2|4\n|start\n|switch|p1a: Angry Bird|Blaziken, L50, M, shiny|100/100\n|switch|p1b: Lisa|Weavile, L50, M, shiny|100/100\n|switch|p2a: Lopunny|Lopunny, L50, M|100/100\n|switch|p2b: Ceruledge|Ceruledge, L50, M|100/100\n|-ability|p1b: Lisa|Pressure\n|turn|1\n|\n|t:|1788309508\n|detailschange|p2a: Lopunny|Lopunny-Mega, L50, M\n|-mega|p2a: Lopunny|Lopunny|Lopunnite\n|detailschange|p1a: Angry Bird|Blaziken-Mega, L50, M, shiny\n|-mega|p1a: Angry Bird|Blaziken|Blazikenite\n|move|p2a: Lopunny|Fake Out|p1b: Lisa\n|-damage|p1b: Lisa|65/100\n|cant|p1b: Lisa|flinch\n|move|p1a: Angry Bird|Rock Slide|p2b: Ceruledge|[spread] p2a,p2b\n|-resisted|p2a: Lopunny|1\n|-supereffective|p2b: Ceruledge|1\n|-damage|p2a: Lopunny|83/100\n|-damage|p2b: Ceruledge|25/100\n|-ability|p2b: Ceruledge|Weak Armor|boost\n|-unboost|p2b: Ceruledge|def|1\n|-boost|p2b: Ceruledge|spe|2\n|move|p2b: Ceruledge|Swords Dance|p2b: Ceruledge\n|-boost|p2b: Ceruledge|atk|2\n|\n|-ability|p1a: Angry Bird|Speed Boost|boost\n|-boost|p1a: Angry Bird|spe|1\n|upkeep\n|turn|2\n|\n|t:|1788309555\n|move|p1a: Angry Bird|Detect|p1a: Angry Bird\n|-singleturn|p1a: Angry Bird|Protect\n|move|p2b: Ceruledge|Poltergeist|p1a: Angry Bird\n|-activate|p1a: Angry Bird|move: Protect\n|move|p2a: Lopunny|Close Combat|p1b: Lisa\n|-supereffective|p1b: Lisa|2\n|-damage|p1b: Lisa|0 fnt\n|-unboost|p2a: Lopunny|def|1\n|-unboost|p2a: Lopunny|spd|1\n|faint|p1b: Lisa\n|\n|-ability|p1a: Angry Bird|Speed Boost|boost\n|-boost|p1a: Angry Bird|spe|1\n|upkeep\n|\n|t:|1788309569\n|switch|p1b: Fat Dudes|Torkoal, L50, M|100/100\n|-weather|SunnyDay|[from] ability: Drought|[of] p1b: Fat Dudes\n|turn|3\n|\n|t:|1788309585\n|move|p2b: Ceruledge|Shadow Sneak|p1b: Fat Dudes\n|-damage|p1b: Fat Dudes|63/100\n|move|p1a: Angry Bird|Rock Slide|p2a: Lopunny|[spread] p2a,p2b\n|-resisted|p2a: Lopunny|1\n|-supereffective|p2b: Ceruledge|1\n|-damage|p2a: Lopunny|59/100\n|-damage|p2b: Ceruledge|0 fnt\n|faint|p2b: Ceruledge\n|cant|p2a: Lopunny|flinch\n|move|p1b: Fat Dudes|Eruption|p2a: Lopunny\n|-damage|p2a: Lopunny|0 fnt\n|faint|p2a: Lopunny\n|\n|-weather|SunnyDay|[upkeep]\n|-ability|p1a: Angry Bird|Speed Boost|boost\n|-boost|p1a: Angry Bird|spe|1\n|upkeep\n|\n|t:|1788309600\n|switch|p2a: Farigiraf|Farigiraf, L50, M|100/100\n|switch|p2b: Basculegion|Basculegion, L50, M|100/100\n|turn|4\n|\n|t:|1788309621\n|move|p1b: Fat Dudes|Helping Hand|p1a: Angry Bird\n|-singleturn|p1a: Angry Bird|Helping Hand|[of] p1b: Fat Dudes\n|move|p1a: Angry Bird|Flare Blitz|p2b: Basculegion\n|-resisted|p2b: Basculegion|1\n|-damage|p2b: Basculegion|1/100\n|-damage|p1a: Angry Bird|59/100|[from] Recoil\n|move|p2b: Basculegion|Last Respects|p1b: Fat Dudes\n|-damage|p1b: Fat Dudes|0 fnt\n|faint|p1b: Fat Dudes\n|move|p2a: Farigiraf|Psychic|p1a: Angry Bird\n|-supereffective|p1a: Angry Bird|1\n|-damage|p1a: Angry Bird|0 fnt\n|faint|p1a: Angry Bird\n|\n|-weather|SunnyDay|[upkeep]\n|upkeep\n|\n|t:|1788309630\n|switch|p1b: RelishQueen|Roserade, L50, F, shiny|100/100\n|turn|5\n|\n|t:|1788309655\n|move|p2b: Basculegion|Last Respects|p1b: RelishQueen\n|-damage|p1b: RelishQueen|0 fnt\n|faint|p1b: RelishQueen\n|\n|win|dhrx\n|raw|collateraldamagejr's rating: 1315 &rarr; <strong>1297</strong><br />(-18 for losing)\n|raw|dhrx's rating: 1355 &rarr; <strong>1373</strong><br />(+18 for winning)\n|c|☆collateraldamagejr|gg, wp\n|l|☆collateraldamagejr\n|player|p1|\n|c|☆dhrx|ggwp\n","uploadtime":1788309758,"views":"11","formatid":"gen9championsvgc2026regmb","rating":1297,"private":0,"password":null}