{"id":"gen9championsvgc2026regmbbo3-2673466716","format":"[Gen 9 Champions] VGC 2026 Reg M-B (Bo3)","players":["CanjicaVGC","Cfoowl"],"log":"|j|☆CanjicaVGC\n|j|☆Cfoowl\n|html|<table width=\"100%\"><tr><td align=\"left\">CanjicaVGC</td><td align=\"right\">Cfoowl</tr><tr><td align=\"left\"><i class=\"fa fa-circle\"></i> <i class=\"fa fa-circle-o\"></i> </td><td align=\"right\"><i class=\"fa fa-circle-o\"></i> <i class=\"fa fa-circle\"></i> </tr></table>\n|uhtml|bestof|<h2><strong>Game 3</strong> of <a href=\"/game-bestof3-gen9championsvgc2026regmbbo3-2673462316\">a best-of-3</a></h2>\n|t:|1788201221\n|gametype|doubles\n|player|p1|CanjicaVGC|sailor|1288\n|player|p2|Cfoowl|265|1209\n|gen|9\n|tier|[Gen 9 Champions] VGC 2026 Reg M-B (Bo3)\n|rated|\n|rule|Species Clause: Limit one of each Pokémon\n|rule|Item Clause: Limit 1 of each item\n|clearpoke\n|poke|p1|Swampert, L50, M|\n|poke|p1|Pelipper, L50, F|\n|poke|p1|Gholdengo, L50|\n|poke|p1|Archaludon, L50, F|\n|poke|p1|Sinistcha, L50|\n|poke|p1|Grimmsnarl, L50, M|\n|poke|p2|Scovillain, L50, F, shiny|\n|poke|p2|Basculegion, L50, M|\n|poke|p2|Kingambit, L50, F|\n|poke|p2|Sneasler, L50, M|\n|poke|p2|Lycanroc-Dusk, L50, M|\n|poke|p2|Froslass, L50, F, shiny|\n|teampreview|4\n|showteam|p1|Swampert||Swampertite|Damp|WaveCrash,Earthquake,IcePunch,Protect|Adamant||M|||50|]Pelipper||SitrusBerry|Drizzle|WeatherBall,Hurricane,Tailwind,WideGuard|Calm||F|||50|]Gholdengo||LifeOrb|GoodasGold|MakeItRain,ShadowBall,NastyPlot,Protect|Timid|||||50|]Archaludon||Leftovers|Stamina|Protect,ElectroShot,DragonPulse,FlashCannon|Modest||F|||50|]Sinistcha||KasibBerry|Hospitality|MatchaGotcha,RagePowder,LifeDew,TrickRoom|Bold|||||50|]Grimmsnarl||LightClay|Prankster|LightScreen,Reflect,PartingShot,SpiritBreak|Careful||M|||50|\n|showteam|p2|Scovillain||Scovillainite|Moody|GigaDrain,Overheat,RagePowder,Protect|Bold||F|||50|]Basculegion||LifeOrb|Adaptability|WaveCrash,LastRespects,AquaJet,Protect|Adamant||M|||50|]Kingambit||BlackGlasses|Defiant|KowtowCleave,SuckerPunch,SwordsDance,Protect|Adamant||F|||50|]Sneasler||WhiteHerb|Unburden|CloseCombat,DireClaw,Protect,FakeOut|Adamant||M|||50|]Lycanroc-Dusk||FocusSash|ToughClaws|CloseCombat,Accelerock,RockSlide,Protect|Adamant||M|||50|]Froslass||Froslassite|CursedBody|Blizzard,ShadowBall,AuroraVeil,Protect|Timid||F|||50|\n|inactive|Battle timer is ON: inactive players will automatically lose when time's up. (requested by Cfoowl)\n|\n|t:|1788201272\n|teamsize|p1|4\n|teamsize|p2|4\n|start\n|switch|p1a: Archaludon|Archaludon, L50, F|100/100\n|switch|p1b: Grimmsnarl|Grimmsnarl, L50, M|100/100\n|switch|p2a: John Dogs|Scovillain, L50, F, shiny|100/100\n|switch|p2b: Cisco|Sneasler, L50, M|100/100\n|turn|1\n|\n|t:|1788201295\n|detailschange|p2a: John Dogs|Scovillain-Mega, L50, F, shiny\n|-mega|p2a: John Dogs|Scovillain|Scovillainite\n|move|p2b: Cisco|Fake Out|p1b: Grimmsnarl\n|-damage|p1b: Grimmsnarl|84/100\n|cant|p1b: Grimmsnarl|flinch\n|move|p1a: Archaludon|Electro Shot||[still]\n|-prepare|p1a: Archaludon|Electro Shot\n|-boost|p1a: Archaludon|spa|1\n|move|p2a: John Dogs|Overheat|p1a: Archaludon\n|-damage|p1a: Archaludon|46/100\n|-unboost|p2a: John Dogs|spa|2\n|-ability|p1a: Archaludon|Stamina|boost\n|-boost|p1a: Archaludon|def|1\n|\n|-heal|p1a: Archaludon|52/100|[from] item: Leftovers\n|upkeep\n|turn|2\n|\n|t:|1788201313\n|move|p2a: John Dogs|Rage Powder|p2a: John Dogs\n|-singleturn|p2a: John Dogs|move: Rage Powder\n|move|p1b: Grimmsnarl|Reflect|p1b: Grimmsnarl\n|-sidestart|p1: CanjicaVGC|Reflect\n|move|p2b: Cisco|Close Combat|p1a: Archaludon\n|-supereffective|p1a: Archaludon|1\n|-damage|p1a: Archaludon|14/100\n|-unboost|p2b: Cisco|def|1\n|-unboost|p2b: Cisco|spd|1\n|-ability|p1a: Archaludon|Stamina|boost\n|-boost|p1a: Archaludon|def|1\n|-enditem|p2b: Cisco|White Herb\n|-clearnegativeboost|p2b: Cisco|[silent]\n|move|p1a: Archaludon|Electro Shot|p2a: John Dogs|[from] lockedmove\n|-resisted|p2a: John Dogs|1\n|-crit|p2a: John Dogs\n|-damage|p2a: John Dogs|47/100\n|-status|p1a: Archaludon|brn|[from] ability: Spicy Spray|[of] p2a: John Dogs\n|\n|-heal|p1a: Archaludon|20/100y brn|[from] item: Leftovers\n|-damage|p1a: Archaludon|14/100 brn|[from] brn\n|upkeep\n|turn|3\n|\n|t:|1788201331\n|move|p2a: John Dogs|Rage Powder|p2a: John Dogs\n|-singleturn|p2a: John Dogs|move: Rage Powder\n|move|p1b: Grimmsnarl|Parting Shot|p2a: John Dogs\n|-unboost|p2a: John Dogs|atk|1\n|-unboost|p2a: John Dogs|spa|1\n|\n|t:|1788201337\n|switch|p1b: Swampert|Swampert, L50, M|100/100|[from] Parting Shot\n|move|p2b: Cisco|Close Combat|p1a: Archaludon\n|-supereffective|p1a: Archaludon|1\n|-damage|p1a: Archaludon|0 fnt\n|-unboost|p2b: Cisco|def|1\n|-unboost|p2b: Cisco|spd|1\n|faint|p1a: Archaludon\n|\n|upkeep\n|\n|t:|1788201346\n|switch|p1a: Pelipper|Pelipper, L50, F|100/100\n|-weather|RainDance|[from] ability: Drizzle|[of] p1a: Pelipper\n|turn|4\n|inactive|CanjicaVGC has 30 seconds left.\n|\n|t:|1788201374\n|move|p2b: Cisco|Protect|p2b: Cisco\n|-singleturn|p2b: Cisco|Protect\n|move|p1b: Swampert|Protect|p1b: Swampert\n|-singleturn|p1b: Swampert|Protect\n|move|p2a: John Dogs|Protect|p2a: John Dogs\n|-singleturn|p2a: John Dogs|Protect\n|move|p1a: Pelipper|Hurricane|p2a: John Dogs\n|-activate|p2a: John Dogs|move: Protect\n|\n|-weather|RainDance|[upkeep]\n|upkeep\n|turn|5\n|\n|t:|1788201385\n|switch|p1b: Grimmsnarl|Grimmsnarl, L50, M|84/100\n|move|p2a: John Dogs|Rage Powder|p2a: John Dogs\n|-singleturn|p2a: John Dogs|move: Rage Powder\n|move|p2b: Cisco|Dire Claw|p1a: Pelipper\n|-damage|p1a: Pelipper|71/100\n|move|p1a: Pelipper|Tailwind|p1a: Pelipper\n|-sidestart|p1: CanjicaVGC|move: Tailwind\n|\n|-weather|RainDance|[upkeep]\n|upkeep\n|turn|6\n|\n|t:|1788201404\n|switch|p2a: Kids|Kingambit, L50, F|100/100\n|move|p1b: Grimmsnarl|Parting Shot|p2b: Cisco\n|-unboost|p2b: Cisco|atk|1\n|-unboost|p2b: Cisco|spa|1\n|\n|t:|1788201419\n|switch|p1b: Swampert|Swampert, L50, M|100/100|[from] Parting Shot\n|move|p2b: Cisco|Dire Claw|p1b: Swampert\n|-resisted|p1b: Swampert|1\n|-damage|p1b: Swampert|90/100\n|move|p1a: Pelipper|Hurricane|p2a: Kids\n|-resisted|p2a: Kids|1\n|-damage|p2a: Kids|81/100\n|-start|p2a: Kids|confusion\n|\n|-weather|RainDance|[upkeep]\n|upkeep\n|turn|7\n|\n|t:|1788201444\n|switch|p2a: John Dogs|Scovillain-Mega, L50, F, shiny|47/100\n|detailschange|p1b: Swampert|Swampert-Mega, L50, M\n|-mega|p1b: Swampert|Swampert|Swampertite\n|move|p2b: Cisco|Protect|p2b: Cisco\n|-singleturn|p2b: Cisco|Protect\n|move|p1b: Swampert|Earthquake|p2a: John Dogs|[spread] p2a\n|-activate|p2b: Cisco|move: Protect\n|-immune|p1a: Pelipper\n|-damage|p2a: John Dogs|0 fnt\n|-status|p1b: Swampert|brn|[from] ability: Spicy Spray|[of] p2a: John Dogs\n|faint|p2a: John Dogs\n|move|p1a: Pelipper|Hurricane|p2b: Cisco\n|-activate|p2b: Cisco|move: Protect\n|\n|-weather|RainDance|[upkeep]\n|-damage|p1b: Swampert|84/100 brn|[from] brn\n|upkeep\n|\n|t:|1788201461\n|switch|p2a: SlycedBread|Basculegion, L50, M|100/100\n|turn|8\n|inactive|CanjicaVGC has 30 seconds left.\n|inactive|Cfoowl has 30 seconds left.\n|inactive|Cfoowl has 20 seconds left.\n|\n|t:|1788201501\n|switch|p2b: Kids|Kingambit, L50, F|81/100\n|move|p1b: Swampert|Earthquake|p2a: SlycedBread|[spread] p2a,p2b\n|-immune|p1a: Pelipper\n|-supereffective|p2b: Kids|1\n|-damage|p2a: SlycedBread|74/100\n|-damage|p2b: Kids|43/100\n|move|p1a: Pelipper|Hurricane|p2a: SlycedBread\n|-damage|p2a: SlycedBread|30/100\n|move|p2a: SlycedBread|Last Respects|p1a: Pelipper\n|-crit|p1a: Pelipper\n|-damage|p1a: Pelipper|0 fnt\n|faint|p1a: Pelipper\n|-damage|p2a: SlycedBread|21/100|[from] item: Life Orb\n|\n|-weather|none\n|-damage|p1b: Swampert|78/100 brn|[from] brn\n|-sideend|p1: CanjicaVGC|move: Tailwind\n|upkeep\n|\n|t:|1788201513\n|switch|p1a: Grimmsnarl|Grimmsnarl, L50, M|84/100\n|turn|9\n|inactive|CanjicaVGC has 30 seconds left.\n|inactive|Cfoowl has 30 seconds left.\n|inactive|CanjicaVGC has 20 seconds left.\n|inactive|Cfoowl has 20 seconds left.\n|inactive|CanjicaVGC has 15 seconds left.\n|inactive|Cfoowl has 15 seconds left.\n|inactive|CanjicaVGC has 10 seconds left.\n|inactive|Cfoowl has 10 seconds left.\n|inactive|CanjicaVGC has 5 seconds left.\n|inactive|Cfoowl has 5 seconds left.\n|\n|t:|1788201572\n|move|p1a: Grimmsnarl|Parting Shot|p2a: SlycedBread\n|-unboost|p2a: SlycedBread|atk|1\n|-unboost|p2a: SlycedBread|spa|1\n|move|p2a: SlycedBread|Wave Crash|p1b: Swampert\n|-damage|p1b: Swampert|37/100 brn\n|-damage|p2a: SlycedBread|8/100|[from] Recoil\n|-damage|p2a: SlycedBread|0 fnt|[from] item: Life Orb\n|faint|p2a: SlycedBread\n|move|p1b: Swampert|Earthquake|p2b: Kids|[spread] p1a,p2b\n|-supereffective|p2b: Kids|1\n|-damage|p1a: Grimmsnarl|68/100\n|-damage|p2b: Kids|9/100\n|move|p2b: Kids|Kowtow Cleave|p1b: Swampert\n|-damage|p1b: Swampert|3/100 brn\n|\n|-damage|p1b: Swampert|0 fnt|[from] brn\n|faint|p1b: Swampert\n|-sideend|p1: CanjicaVGC|Reflect\n|upkeep\n|\n|t:|1788201585\n|switch|p2a: Cisco|Sneasler, L50, M|100/100\n|turn|10\n|-message|CanjicaVGC forfeited.\n|\n|win|Cfoowl\n|raw|CanjicaVGC's rating: 1288 &rarr; <strong>1257</strong><br />(-31 for losing)\n|raw|Cfoowl's rating: 1209 &rarr; <strong>1240</strong><br />(+31 for winning)\n|l|☆CanjicaVGC\n|player|p1|\n|c|☆Cfoowl|gg\n","uploadtime":1788201594,"views":"0","formatid":"gen9championsvgc2026regmbbo3","rating":1240,"private":0,"password":null}