{"id":"gen9championsvgc2026regmbbo3-2675015758","format":"[Gen 9 Champions] VGC 2026 Reg M-B (Bo3)","players":["DINOLONK","TailwindMakeItRain"],"log":"|j|☆DINOLONK\n|j|☆TailwindMakeItRain\n|html|<table width=\"100%\"><tr><td align=\"left\">DINOLONK</td><td align=\"right\">TailwindMakeItRain</tr><tr><td align=\"left\"><i class=\"fa fa-circle-o\"></i> <i class=\"fa fa-circle-o\"></i> </td><td align=\"right\"><i class=\"fa fa-circle-o\"></i> <i class=\"fa fa-circle-o\"></i> </tr></table>\n|uhtml|bestof|<h2><strong>Game 1</strong> of <a href=\"/game-bestof3-gen9championsvgc2026regmbbo3-2675015757\">a best-of-3</a></h2>\n|t:|1788448985\n|gametype|doubles\n|player|p1|DINOLONK|parasollady-gen4|1442\n|player|p2|TailwindMakeItRain|iris|1620\n|gen|9\n|tier|[Gen 9 Champions] VGC 2026 Reg M-B (Bo3)\n|rated|\n|rule|Species Clause: Limit one of each Pokémon\n|rule|Item Clause: Limit 1 of each item\n|clearpoke\n|poke|p1|Dragonite, L50, M|\n|poke|p1|Sneasler, L50, M|\n|poke|p1|Kingambit, L50, F|\n|poke|p1|Basculegion, L50, M|\n|poke|p1|Whimsicott, L50, M|\n|poke|p1|Floette-Eternal, L50, F|\n|poke|p2|Froslass, L50, F|\n|poke|p2|Sneasler, L50, F|\n|poke|p2|Kingambit, L50, F|\n|poke|p2|Basculegion, L50, M|\n|poke|p2|Lycanroc-Dusk, L50, M|\n|poke|p2|Scovillain, L50, F|\n|teampreview|4\n|showteam|p1|Dragonite||Dragoninite|InnerFocus|DragonPulse,HeatWave,Thunderbolt,Protect|Modest||M|||50|]Sneasler||WhiteHerb|Unburden|DireClaw,CloseCombat,RockSlide,FakeOut|Jolly||M|||50|]Kingambit||ChopleBerry|Defiant|KowtowCleave,SuckerPunch,LowKick,IronHead|Adamant||F|||50|]Basculegion||LifeOrb|Adaptability|WaveCrash,LastRespects,AquaJet,Protect|Adamant||M|||50|]Whimsicott||FocusSash|Prankster|Moonblast,Tailwind,Encore,Protect|Timid||M|||50|]Floette-Eternal||Floettite|FlowerVeil|Moonblast,DazzlingGleam,LightofRuin,Protect|Timid||F|||50|\n|showteam|p2|Froslass||Froslassite|SnowCloak|Blizzard,ShadowBall,AuroraVeil,Protect|Timid||F|||50|]Sneasler||WhiteHerb|Unburden|CloseCombat,DireClaw,FakeOut,Protect|Adamant||F|||50|]Kingambit||BlackGlasses|Defiant|KowtowCleave,SuckerPunch,SwordsDance,Protect|Adamant||F|||50|]Basculegion||LifeOrb|Adaptability|WaveCrash,LastRespects,AquaJet,Protect|Adamant||M|||50|]Lycanroc-Dusk||FocusSash|ToughClaws|RockSlide,CloseCombat,Accelerock,Protect|Adamant||M|||50|]Scovillain||Scovillainite|Moody|Overheat,GigaDrain,RagePowder,Protect|Bold||F|||50|\n|inactive|Battle timer is ON: inactive players will automatically lose when time's up. (requested by DINOLONK)\n|inactive|TailwindMakeItRain has 60 seconds left.\n|\n|t:|1788449029\n|teamsize|p1|4\n|teamsize|p2|4\n|start\n|switch|p1a: Sneasler|Sneasler, L50, M|100/100\n|switch|p1b: Floette|Floette-Eternal, L50, F|100/100\n|switch|p2a: Scovillain|Scovillain, L50, F|100/100\n|switch|p2b: Sneasler|Sneasler, L50, F|100/100\n|turn|1\n|\n|t:|1788449051\n|detailschange|p1b: Floette|Floette-Mega, L50, F\n|-mega|p1b: Floette|Floette|Floettite\n|-ability|p1b: Floette|Fairy Aura\n|move|p2b: Sneasler|Protect|p2b: Sneasler\n|-singleturn|p2b: Sneasler|Protect\n|move|p2a: Scovillain|Protect|p2a: Scovillain\n|-singleturn|p2a: Scovillain|Protect\n|move|p1a: Sneasler|Dire Claw|p2a: Scovillain\n|-activate|p2a: Scovillain|move: Protect\n|move|p1b: Floette|Dazzling Gleam|p2a: Scovillain|[spread] \n|-activate|p2a: Scovillain|move: Protect\n|-activate|p2b: Sneasler|move: Protect\n|\n|-ability|p2a: Scovillain|Moody|boost\n|-boost|p2a: Scovillain|spd|2\n|-unboost|p2a: Scovillain|atk|1\n|upkeep\n|turn|2\n|\n|t:|1788449073\n|detailschange|p2a: Scovillain|Scovillain-Mega, L50, F\n|-mega|p2a: Scovillain|Scovillain|Scovillainite\n|move|p1b: Floette|Protect|p1b: Floette\n|-singleturn|p1b: Floette|Protect\n|move|p1a: Sneasler|Dire Claw|p2a: Scovillain\n|-supereffective|p2a: Scovillain|1\n|-damage|p2a: Scovillain|23/100\n|-status|p1a: Sneasler|brn|[from] ability: Spicy Spray|[of] p2a: Scovillain\n|move|p2b: Sneasler|Close Combat|p1a: Sneasler\n|-resisted|p1a: Sneasler|1\n|-damage|p1a: Sneasler|49/100 brn\n|-unboost|p2b: Sneasler|def|1\n|-unboost|p2b: Sneasler|spd|1\n|-enditem|p2b: Sneasler|White Herb\n|-clearnegativeboost|p2b: Sneasler|[silent]\n|move|p2a: Scovillain|Overheat|p1a: Sneasler\n|-damage|p1a: Sneasler|0 fnt\n|-unboost|p2a: Scovillain|spa|2\n|faint|p1a: Sneasler\n|\n|upkeep\n|\n|t:|1788449084\n|switch|p1a: Whimsicott|Whimsicott, L50, M|100/100\n|turn|3\n|\n|t:|1788449104\n|move|p1a: Whimsicott|Encore|p2b: Sneasler\n|-start|p2b: Sneasler|Encore\n|move|p2b: Sneasler|Close Combat|p1b: Floette\n|-resisted|p1b: Floette|1\n|-damage|p1b: Floette|60/100\n|-unboost|p2b: Sneasler|def|1\n|-unboost|p2b: Sneasler|spd|1\n|move|p1b: Floette|Moonblast|p2b: Sneasler\n|-damage|p2b: Sneasler|0 fnt\n|faint|p2b: Sneasler\n|move|p2a: Scovillain|Overheat|p1b: Floette\n|-damage|p1b: Floette|34/100\n|-unboost|p2a: Scovillain|spa|2\n|\n|upkeep\n|\n|t:|1788449111\n|switch|p2b: Basculegion|Basculegion, L50, M|100/100\n|turn|4\n|\n|t:|1788449124\n|switch|p1b: Kingambit|Kingambit, L50, F|100/100\n|move|p1a: Whimsicott|Tailwind|p1a: Whimsicott\n|-sidestart|p1: DINOLONK|move: Tailwind\n|move|p2b: Basculegion|Aqua Jet|p1b: Kingambit\n|-damage|p1b: Kingambit|72/100\n|-damage|p2b: Basculegion|90/100|[from] item: Life Orb\n|move|p2a: Scovillain|Overheat|p1b: Kingambit\n|-supereffective|p1b: Kingambit|1\n|-damage|p1b: Kingambit|37/100\n|-unboost|p2a: Scovillain|spa|2\n|\n|upkeep\n|turn|5\n|\n|t:|1788449145\n|switch|p2b: Kingambit|Kingambit, L50, F|100/100\n|move|p2a: Scovillain|Protect|p2a: Scovillain\n|-singleturn|p2a: Scovillain|Protect\n|move|p1a: Whimsicott|Moonblast|p2b: Kingambit\n|-damage|p2b: Kingambit|65/100\n|move|p1b: Kingambit|Kowtow Cleave|p2b: Kingambit\n|-resisted|p2b: Kingambit|1\n|-damage|p2b: Kingambit|47/100\n|\n|upkeep\n|turn|6\n|\n|t:|1788449176\n|move|p2a: Scovillain|Rage Powder|p2a: Scovillain\n|-singleturn|p2a: Scovillain|move: Rage Powder\n|move|p1a: Whimsicott|Moonblast|p2b: Kingambit\n|-damage|p2b: Kingambit|15/100\n|move|p1b: Kingambit|Kowtow Cleave|p2a: Scovillain\n|-damage|p2a: Scovillain|0 fnt\n|-status|p1b: Kingambit|brn|[from] ability: Spicy Spray|[of] p2a: Scovillain\n|faint|p2a: Scovillain\n|move|p2b: Kingambit|Kowtow Cleave|p1b: Kingambit\n|-resisted|p1b: Kingambit|1\n|-damage|p1b: Kingambit|14/100 brn\n|\n|-damage|p1b: Kingambit|8/100 brn|[from] brn\n|upkeep\n|\n|t:|1788449179\n|switch|p2a: Basculegion|Basculegion, L50, M|90/100\n|turn|7\n|\n|t:|1788449189\n|move|p2a: Basculegion|Protect|p2a: Basculegion\n|-singleturn|p2a: Basculegion|Protect\n|move|p2b: Kingambit|Protect|p2b: Kingambit\n|-singleturn|p2b: Kingambit|Protect\n|move|p1b: Kingambit|Sucker Punch||[still]\n|-fail|p1b: Kingambit\n|move|p1a: Whimsicott|Moonblast|p2b: Kingambit\n|-activate|p2b: Kingambit|move: Protect\n|\n|-damage|p1b: Kingambit|2/100 brn|[from] brn\n|-sideend|p1: DINOLONK|move: Tailwind\n|upkeep\n|turn|8\n|\n|t:|1788449199\n|move|p2a: Basculegion|Protect||[still]\n|-fail|p2a: Basculegion\n|move|p1a: Whimsicott|Tailwind|p1a: Whimsicott\n|-sidestart|p1: DINOLONK|move: Tailwind\n|move|p1b: Kingambit|Sucker Punch|p2b: Kingambit\n|-resisted|p2b: Kingambit|1\n|-damage|p2b: Kingambit|8/100\n|move|p2b: Kingambit|Sucker Punch||[still]\n|-fail|p2b: Kingambit\n|\n|-damage|p1b: Kingambit|0 fnt|[from] brn\n|faint|p1b: Kingambit\n|upkeep\n|\n|t:|1788449205\n|switch|p1b: Floette|Floette-Mega, L50, F|34/100\n|-ability|p1b: Floette|Fairy Aura\n|turn|9\n|\n|t:|1788449216\n|move|p1b: Floette|Protect|p1b: Floette\n|-singleturn|p1b: Floette|Protect\n|move|p1a: Whimsicott|Encore|p2a: Basculegion\n|-start|p2a: Basculegion|Encore\n|move|p2a: Basculegion|Protect|p2a: Basculegion\n|-singleturn|p2a: Basculegion|Protect\n|move|p2b: Kingambit|Sucker Punch||[still]\n|-fail|p2b: Kingambit\n|\n|upkeep\n|turn|10\n|\n|t:|1788449221\n|move|p1b: Floette|Protect||[still]\n|-fail|p1b: Floette\n|move|p2a: Basculegion|Protect||[still]\n|-fail|p2a: Basculegion\n|move|p2b: Kingambit|Sucker Punch||[still]\n|-fail|p2b: Kingambit\n|move|p1a: Whimsicott|Moonblast|p2b: Kingambit\n|-damage|p2b: Kingambit|0 fnt\n|faint|p2b: Kingambit\n|\n|upkeep\n|turn|11\n|-message|TailwindMakeItRain forfeited.\n|\n|win|DINOLONK\n","uploadtime":1788449224,"views":"0","formatid":"gen9championsvgc2026regmbbo3","rating":null,"private":0,"password":null}