{"id":"gen9championsvgc2026regmb-2674906896","format":"[Gen 9 Champions] VGC 2026 Reg M-B","players":["jegule","Thornlace48812"],"log":"|j|☆jegule\n|j|☆Thornlace48812\n|t:|1788433628\n|gametype|doubles\n|player|p1|jegule|266|1194\n|player|p2|Thornlace48812|102|1287\n|gen|9\n|tier|[Gen 9 Champions] VGC 2026 Reg M-B\n|rated|\n|rule|Species Clause: Limit one of each Pokémon\n|rule|Item Clause: Limit 1 of each item\n|clearpoke\n|poke|p1|Staraptor, L50, M|\n|poke|p1|Farigiraf, L50, F|\n|poke|p1|Typhlosion-Hisui, L50, M|\n|poke|p1|Torkoal, L50, F|\n|poke|p1|Sylveon, L50, F|\n|poke|p1|Maushold, L50|\n|poke|p2|Garchomp, L50, M|\n|poke|p2|Charizard, L50, M|\n|poke|p2|Whimsicott, L50, M|\n|poke|p2|Sylveon, L50, M|\n|poke|p2|Kingambit, L50, M|\n|poke|p2|Basculegion, L50, M|\n|teampreview|4\n|inactive|Battle timer is ON: inactive players will automatically lose when time's up. (requested by Thornlace48812)\nThornlace48812 rejected open team sheets.\n|\n|t:|1788433644\n|teamsize|p1|4\n|teamsize|p2|4\n|start\n|switch|p1a: Typhlosion|Typhlosion-Hisui, L50, M|100/100\n|switch|p1b: Farigiraf|Farigiraf, L50, F|100/100\n|switch|p2a: Charizard|Charizard, L50, M|100/100\n|switch|p2b: Sylveon|Sylveon, L50, M|100/100\n|-item|p2a: Charizard|Charizardite Y|[from] ability: Frisk|[of] p1a: Typhlosion\n|-item|p2b: Sylveon|Fairy Feather|[from] ability: Frisk|[of] p1a: Typhlosion\n|turn|1\n|\n|t:|1788433667\n|move|p2a: Charizard|Protect|p2a: Charizard\n|-singleturn|p2a: Charizard|Protect\n|move|p1a: Typhlosion|Eruption|p2b: Sylveon|[spread] p2b\n|-activate|p2a: Charizard|move: Protect\n|-damage|p2b: Sylveon|59/100\n|move|p2b: Sylveon|Hyper Voice|p1b: Farigiraf|[spread] p1a,p1b\n|-resisted|p1a: Typhlosion|1\n|-damage|p1a: Typhlosion|65/100\n|-damage|p1b: Farigiraf|52/100\n|move|p1b: Farigiraf|Trick Room|p1b: Farigiraf\n|-fieldstart|move: Trick Room|[of] p1b: Farigiraf\n|\n|upkeep\n|turn|2\n|\n|t:|1788433687\n|detailschange|p2a: Charizard|Charizard-Mega-Y, L50, M\n|-mega|p2a: Charizard|Charizard|Charizardite Y\n|-weather|SunnyDay|[from] ability: Drought|[of] p2a: Charizard\n|move|p1b: Farigiraf|Thunderbolt|p2a: Charizard\n|-supereffective|p2a: Charizard|1\n|-damage|p2a: Charizard|55/100\n|move|p2b: Sylveon|Hyper Voice|p1a: Typhlosion|[spread] p1a,p1b\n|-resisted|p1a: Typhlosion|1\n|-damage|p1a: Typhlosion|31/100\n|-damage|p1b: Farigiraf|4/100\n|-enditem|p1b: Farigiraf|Sitrus Berry|[eat]\n|-heal|p1b: Farigiraf|29/100|[from] item: Sitrus Berry\n|move|p2a: Charizard|Heat Wave|p1a: Typhlosion|[spread] p1a\n|-miss|p2a: Charizard|p1b: Farigiraf\n|-resisted|p1a: Typhlosion|1\n|-damage|p1a: Typhlosion|0 fnt\n|faint|p1a: Typhlosion\n|\n|-weather|SunnyDay|[upkeep]\n|upkeep\n|\n|t:|1788433703\n|switch|p1a: Torkoal|Torkoal, L50, F|100/100\n|turn|3\n|\n|t:|1788433708\n|move|p1b: Farigiraf|Helping Hand|p1a: Torkoal\n|-singleturn|p1a: Torkoal|Helping Hand|[of] p1b: Farigiraf\n|move|p1a: Torkoal|Eruption|p2a: Charizard|[spread] p2a,p2b\n|-resisted|p2a: Charizard|1\n|-damage|p2a: Charizard|0 fnt\n|-damage|p2b: Sylveon|0 fnt\n|faint|p2a: Charizard\n|faint|p2b: Sylveon\n|\n|-weather|SunnyDay|[upkeep]\n|upkeep\n|\n|t:|1788433710\n|switch|p2b: Basculegion|Basculegion, L50, M|100/100\n|switch|p2a: Garchomp|Garchomp, L50, M|100/100\n|turn|4\n|\n|t:|1788433729\n|move|p2b: Basculegion|Protect|p2b: Basculegion\n|-singleturn|p2b: Basculegion|Protect\n|move|p2a: Garchomp|Protect|p2a: Garchomp\n|-singleturn|p2a: Garchomp|Protect\n|move|p1a: Torkoal|Eruption|p2b: Basculegion|[spread] \n|-activate|p2a: Garchomp|move: Protect\n|-activate|p2b: Basculegion|move: Protect\n|move|p1b: Farigiraf|Thunderbolt|p2b: Basculegion\n|-activate|p2b: Basculegion|move: Protect\n|\n|-weather|SunnyDay|[upkeep]\n|upkeep\n|turn|5\n|\n|t:|1788433743\n|move|p1a: Torkoal|Eruption|p2a: Garchomp|[spread] p2a,p2b\n|-resisted|p2a: Garchomp|1\n|-resisted|p2b: Basculegion|1\n|-damage|p2a: Garchomp|50/100g\n|-damage|p2b: Basculegion|50/100g\n|move|p1b: Farigiraf|Thunderbolt|p2b: Basculegion\n|-supereffective|p2b: Basculegion|1\n|-damage|p2b: Basculegion|0 fnt\n|faint|p2b: Basculegion\n|move|p2a: Garchomp|Rock Slide|p1a: Torkoal|[spread] p1a\n|-miss|p2a: Garchomp|p1b: Farigiraf\n|-supereffective|p1a: Torkoal|1\n|-damage|p1a: Torkoal|61/100\n|-damage|p2a: Garchomp|40/100|[from] item: Life Orb\n|\n|-weather|SunnyDay|[upkeep]\n|-fieldend|move: Trick Room\n|upkeep\n|turn|6\n|\n|t:|1788433760\n|move|p2a: Garchomp|Earthquake|p1a: Torkoal|[spread] p1a,p1b\n|-supereffective|p1a: Torkoal|1\n|-damage|p1a: Torkoal|0 fnt\n|-damage|p1b: Farigiraf|0 fnt\n|faint|p1a: Torkoal\n|faint|p1b: Farigiraf\n|-damage|p2a: Garchomp|30/100|[from] item: Life Orb\n|\n|-weather|none\n|upkeep\n|\n|t:|1788433768\n|switch|p1b: Sylveon|Sylveon, L50, F|100/100\n|turn|7\n|\n|t:|1788433771\n|move|p2a: Garchomp|Protect|p2a: Garchomp\n|-singleturn|p2a: Garchomp|Protect\n|move|p1b: Sylveon|Hyper Voice|p2a: Garchomp\n|-activate|p2a: Garchomp|move: Protect\n|\n|upkeep\n|turn|8\n|\n|t:|1788433778\n|move|p2a: Garchomp|Dragon Claw|p1b: Sylveon\n|-immune|p1b: Sylveon\n|move|p1b: Sylveon|Hyper Voice|p2a: Garchomp\n|-supereffective|p2a: Garchomp|1\n|-damage|p2a: Garchomp|0 fnt\n|faint|p2a: Garchomp\n|\n|win|jegule\n|raw|jegule's rating: 1194 &rarr; <strong>1223</strong><br />(+29 for winning)\n|raw|Thornlace48812's rating: 1247 &rarr; <strong>1218</strong><br />(-29 for losing)\n","uploadtime":1788433779,"views":"3","formatid":"gen9championsvgc2026regmb","rating":1218,"private":0,"password":null}