{"id":"gen9championsvgc2026regmb-2674124219","format":"[Gen 9 Champions] VGC 2026 Reg M-B","players":["Cutiepon","cinarguncavdi2231"],"log":"|j|☆Cutiepon\n|j|‽cinarguncavdi2231\n|t:|1788302643\n|gametype|doubles\n|player|p1|Cutiepon|riley|1442\n|player|p2|cinarguncavdi2231|101|1460\n|gen|9\n|tier|[Gen 9 Champions] VGC 2026 Reg M-B\n|rated|\n|rule|Species Clause: Limit one of each Pokémon\n|rule|Item Clause: Limit 1 of each item\n|clearpoke\n|poke|p1|Metagross, L50, shiny|\n|poke|p1|Kleavor, L50, M|\n|poke|p1|Whimsicott, L50, F, shiny|\n|poke|p1|Kingambit, L50, F|\n|poke|p1|Raichu, L50, F|\n|poke|p1|Basculegion, L50, M|\n|poke|p2|Kingambit, L50, M|\n|poke|p2|Sylveon, L50, M, shiny|\n|poke|p2|Incineroar, L50, M|\n|poke|p2|Garchomp, L50, M, shiny|\n|poke|p2|Charizard, L50, M|\n|poke|p2|Aerodactyl, L50, M|\n|teampreview|4\n|inactive|Battle timer is ON: inactive players will automatically lose when time's up. (requested by cinarguncavdi2231)\n|inactive|Cutiepon has 60 seconds left.\n|\n|t:|1788302704\n|teamsize|p1|4\n|teamsize|p2|4\n|start\n|switch|p1a: Raichu|Raichu, L50, F|100/100\n|switch|p1b: Whimsicott|Whimsicott, L50, F, shiny|100/100\n|switch|p2a: Incineroar|Incineroar, L50, M|100/100\n|switch|p2b: Garchomp|Garchomp, L50, M, shiny|100/100\n|-ability|p2a: Incineroar|Intimidate|boost\n|-unboost|p1a: Raichu|atk|1\n|-unboost|p1b: Whimsicott|atk|1\n|turn|1\n|\n|t:|1788302718\n|detailschange|p1a: Raichu|Raichu-Mega-Y, L50, F\n|-mega|p1a: Raichu|Raichu|Raichunite Y\n|move|p1a: Raichu|Fake Out|p2b: Garchomp\n|-damage|p2b: Garchomp|94/100\n|-damage|p1a: Raichu|87/100|[from] ability: Rough Skin|[of] p2b: Garchomp\n|move|p2a: Incineroar|Fake Out|p1b: Whimsicott\n|-damage|p1b: Whimsicott|84/100\n|cant|p1b: Whimsicott|flinch\n|cant|p2b: Garchomp|flinch\n|\n|upkeep\n|turn|2\n|\n|t:|1788302742\n|switch|p2b: Sylveon|Sylveon, L50, M, shiny|100/100\n|move|p1a: Raichu|Focus Blast|p2a: Incineroar\n|-supereffective|p2a: Incineroar|1\n|-damage|p2a: Incineroar|23/100\n|-enditem|p2a: Incineroar|Sitrus Berry|[eat]\n|-heal|p2a: Incineroar|48/100|[from] item: Sitrus Berry\n|move|p1b: Whimsicott|Moonblast|p2b: Sylveon\n|-damage|p2b: Sylveon|69/100\n|move|p2a: Incineroar|Flare Blitz|p1b: Whimsicott\n|-supereffective|p1b: Whimsicott|1\n|-damage|p1b: Whimsicott|0 fnt\n|faint|p1b: Whimsicott\n|-damage|p2a: Incineroar|29/100|[from] Recoil\n|\n|upkeep\n|\n|t:|1788302760\n|switch|p1b: Basculegion|Basculegion, L50, M|100/100\n|turn|3\n|\n|t:|1788302780\n|move|p2b: Sylveon|Protect|p2b: Sylveon\n|-singleturn|p2b: Sylveon|Protect\n|move|p1a: Raichu|Focus Blast|p2a: Incineroar\n|-supereffective|p2a: Incineroar|1\n|-damage|p2a: Incineroar|0 fnt\n|faint|p2a: Incineroar\n|move|p1b: Basculegion|Last Respects|p2b: Sylveon\n|-activate|p2b: Sylveon|move: Protect\n|\n|upkeep\n|\n|t:|1788302788\n|switch|p2a: Garchomp|Garchomp, L50, M, shiny|94/100\n|turn|4\n|\n|t:|1788302817\n|move|p2a: Garchomp|Protect|p2a: Garchomp\n|-singleturn|p2a: Garchomp|Protect\n|move|p1a: Raichu|Zap Cannon|p2b: Sylveon\n|-damage|p2b: Sylveon|19/100\n|-status|p2b: Sylveon|par\n|move|p1b: Basculegion|Wave Crash|p2a: Garchomp\n|-activate|p2a: Garchomp|move: Protect\n|move|p2b: Sylveon|Hyper Voice|p1a: Raichu|[spread] p1a,p1b\n|-damage|p1a: Raichu|19/100\n|-damage|p1b: Basculegion|50/100g\n|\n|upkeep\n|turn|5\n|\n|t:|1788302839\n|move|p1b: Basculegion|Aqua Jet|p2b: Sylveon\n|-damage|p2b: Sylveon|0 fnt\n|faint|p2b: Sylveon\n|-damage|p1b: Basculegion|40/100|[from] item: Life Orb\n|move|p1a: Raichu|Focus Blast|p2a: Garchomp\n|-damage|p2a: Garchomp|44/100\n|-unboost|p2a: Garchomp|spd|1\n|move|p2a: Garchomp|Earthquake|p1b: Basculegion|[spread] p1a,p1b\n|-supereffective|p1a: Raichu|1\n|-crit|p1b: Basculegion\n|-damage|p1a: Raichu|0 fnt\n|-damage|p1b: Basculegion|0 fnt\n|faint|p1a: Raichu\n|faint|p1b: Basculegion\n|-damage|p2a: Garchomp|35/100|[from] item: Life Orb\n|\n|upkeep\n|\n|t:|1788302850\n|switch|p1b: Kleavor|Kleavor, L50, M|100/100\n|switch|p2b: Aerodactyl|Aerodactyl, L50, M|100/100\n|-ability|p2b: Aerodactyl|Unnerve\n|turn|6\n|c|☆Cutiepon|ggs\n|\n|t:|1788302867\n|detailschange|p2b: Aerodactyl|Aerodactyl-Mega, L50, M\n|-mega|p2b: Aerodactyl|Aerodactyl|Aerodactylite\n|move|p2b: Aerodactyl|Tailwind|p2b: Aerodactyl\n|-sidestart|p2: cinarguncavdi2231|move: Tailwind\n|move|p2a: Garchomp|Earthquake|p1b: Kleavor|[spread] p1b\n|-immune|p2b: Aerodactyl\n|-damage|p1b: Kleavor|30/100\n|-damage|p2a: Garchomp|25/100|[from] item: Life Orb\n|move|p1b: Kleavor|Stone Axe|p2b: Aerodactyl|[miss]\n|-miss|p1b: Kleavor|p2b: Aerodactyl\n|\n|upkeep\n|turn|7\n|-message|Cutiepon forfeited.\n|\n|win|cinarguncavdi2231\n|raw|Cutiepon's rating: 1442 &rarr; <strong>1423</strong><br />(-19 for losing)\n|raw|cinarguncavdi2231's rating: 1460 &rarr; <strong>1479</strong><br />(+19 for winning)\n|l|☆Cutiepon\n|player|p1|\n","uploadtime":1788302882,"views":"0","formatid":"gen9championsvgc2026regmb","rating":1423,"private":0,"password":null}