{"id":"gen9championsvgc2026regmb-2674126882","format":"[Gen 9 Champions] VGC 2026 Reg M-B","players":["pokepeiff","nbphilips"],"log":"|j|☆pokepeiff\n|j|☆nbphilips\n|t:|1788303038\n|gametype|doubles\n|player|p1|pokepeiff|li|1176\n|player|p2|nbphilips|pokemaniac|1153\n|gen|9\n|tier|[Gen 9 Champions] VGC 2026 Reg M-B\n|rated|\n|rule|Species Clause: Limit one of each Pokémon\n|rule|Item Clause: Limit 1 of each item\n|clearpoke\n|poke|p1|Staraptor, L50, M|\n|poke|p1|Arcanine-Hisui, L50, F|\n|poke|p1|Talonflame, L50, M|\n|poke|p1|Medicham, L50, F|\n|poke|p1|Politoed, L50, F|\n|poke|p1|Basculegion, L50, M|\n|poke|p2|Venusaur, L50, F, shiny|\n|poke|p2|Mawile, L50, F, shiny|\n|poke|p2|Pelipper, L50, F, shiny|\n|poke|p2|Archaludon, L50, M, shiny|\n|poke|p2|Farigiraf, L50, M, shiny|\n|poke|p2|Grimmsnarl, L50, M, shiny|\n|teampreview|4\n|inactive|Battle timer is ON: inactive players will automatically lose when time's up. (requested by pokepeiff)\n|inactive|pokepeiff has 60 seconds left.\n|inactive|nbphilips has 60 seconds left.\n|\n|t:|1788303082\n|teamsize|p1|4\n|teamsize|p2|4\n|start\n|switch|p1a: Talonflame|Talonflame, L50, M|100/100\n|switch|p1b: Staraptor|Staraptor, L50, M|100/100\n|switch|p2a: Archaludon|Archaludon, L50, M, shiny|100/100\n|switch|p2b: Pelipper|Pelipper, L50, F, shiny|100/100\n|-ability|p1b: Staraptor|Intimidate|boost\n|-unboost|p2a: Archaludon|atk|1\n|-unboost|p2b: Pelipper|atk|1\n|-weather|RainDance|[from] ability: Drizzle|[of] p2b: Pelipper\n|turn|1\n|\n|t:|1788303104\n|move|p1b: Staraptor|Final Gambit|p2a: Archaludon\n|-ability|p2a: Archaludon|Sturdy\n|-damage|p2a: Archaludon|1/100\n|faint|p1b: Staraptor\n|move|p1a: Talonflame|Hurricane|p2b: Pelipper\n|-damage|p2b: Pelipper|36/100\n|move|p2b: Pelipper|Muddy Water|p1a: Talonflame\n|-supereffective|p1a: Talonflame|1\n|-enditem|p1a: Talonflame|Focus Sash\n|-damage|p1a: Talonflame|1/100\n|move|p2a: Archaludon|Electro Shot||[still]\n|-prepare|p2a: Archaludon|Electro Shot\n|-boost|p2a: Archaludon|spa|1\n|-anim|p2a: Archaludon|Electro Shot|p1a: Talonflame\n|-supereffective|p1a: Talonflame|1\n|-damage|p1a: Talonflame|0 fnt\n|faint|p1a: Talonflame\n|\n|-weather|RainDance|[upkeep]\n|upkeep\n|\n|t:|1788303116\n|switch|p1a: Basculegion|Basculegion, L50, M|100/100\n|switch|p1b: Medicham|Medicham, L50, F|100/100\n|turn|2\n|inactive|nbphilips has 30 seconds left.\n|\n|t:|1788303143\n|switch|p2b: Venusaur|Venusaur, L50, F, shiny|100/100\n|detailschange|p1b: Medicham|Medicham-Mega, L50, F\n|-mega|p1b: Medicham|Medicham|Medichamite\n|move|p2a: Archaludon|Protect|p2a: Archaludon\n|-singleturn|p2a: Archaludon|Protect\n|move|p1b: Medicham|Bullet Punch|p2a: Archaludon\n|-activate|p2a: Archaludon|move: Protect\n|move|p1a: Basculegion|Scale Shot|p2b: Venusaur\n|-damage|p2b: Venusaur|89/100\n|-damage|p2b: Venusaur|80/100\n|-hitcount|p2b: Venusaur|2\n|-unboost|p1a: Basculegion|def|1\n|-boost|p1a: Basculegion|spe|1\n|\n|-weather|RainDance|[upkeep]\n|upkeep\n|turn|3\n|inactive|nbphilips has 30 seconds left.\n|\n|t:|1788303172\n|switch|p2a: Farigiraf|Farigiraf, L50, M, shiny|100/100\n|detailschange|p2b: Venusaur|Venusaur-Mega, L50, F, shiny\n|-mega|p2b: Venusaur|Venusaur|Venusaurite\n|move|p2b: Venusaur|Protect|p2b: Venusaur\n|-singleturn|p2b: Venusaur|Protect\n|move|p1a: Basculegion|Last Respects|p2b: Venusaur\n|-activate|p2b: Venusaur|move: Protect\n|move|p1b: Medicham|Psycho Cut|p2a: Farigiraf\n|-resisted|p2a: Farigiraf|1\n|-damage|p2a: Farigiraf|77/100\n|\n|-weather|RainDance|[upkeep]\n|upkeep\n|turn|4\n|inactive|pokepeiff has 30 seconds left.\n|inactive|nbphilips has 30 seconds left.\n|\n|t:|1788303207\n|switch|p2b: Pelipper|Pelipper, L50, F, shiny|36/100\n|move|p1a: Basculegion|Wave Crash|p2a: Farigiraf\n|-damage|p2a: Farigiraf|0 fnt\n|faint|p2a: Farigiraf\n|-damage|p1a: Basculegion|71/100|[from] Recoil\n|move|p1b: Medicham|Psycho Cut|p2b: Pelipper\n|-damage|p2b: Pelipper|0 fnt\n|faint|p2b: Pelipper\n|\n|-weather|RainDance|[upkeep]\n|upkeep\n|\n|t:|1788303219\n|switch|p2b: Venusaur|Venusaur-Mega, L50, F, shiny|80/100\n|switch|p2a: Archaludon|Archaludon, L50, M, shiny|1/100\n|turn|5\n|\n|t:|1788303234\n|move|p1a: Basculegion|Last Respects|p2a: Archaludon\n|-damage|p2a: Archaludon|0 fnt\n|faint|p2a: Archaludon\n|move|p1b: Medicham|Psycho Cut|p2b: Venusaur\n|-supereffective|p2b: Venusaur|1\n|-damage|p2b: Venusaur|0 fnt\n|faint|p2b: Venusaur\n|\n|win|pokepeiff\n|raw|pokepeiff's rating: 1176 &rarr; <strong>1199</strong><br />(+23 for winning)\n|raw|nbphilips's rating: 1153 &rarr; <strong>1130</strong><br />(-23 for losing)\n|l|☆pokepeiff\n|player|p1|\n","uploadtime":1788303242,"views":"0","formatid":"gen9championsvgc2026regmb","rating":1130,"private":0,"password":null}