{"id":"gen9championsvgc2026regmbbo3-2673345158","format":"[Gen 9 Champions] VGC 2026 Reg M-B (Bo3)","players":["ArielcitoTedetona","ray294"],"log":"|j|☆ArielcitoTedetona\n|j|☆ray294\n|html|<table width=\"100%\"><tr><td align=\"left\">ArielcitoTedetona</td><td align=\"right\">ray294</tr><tr><td align=\"left\"><i class=\"fa fa-circle\"></i> <i class=\"fa fa-circle-o\"></i> </td><td align=\"right\"><i class=\"fa fa-circle-o\"></i> <i class=\"fa fa-circle-o\"></i> </tr></table>\n|uhtml|bestof|<h2><strong>Game 2</strong> of <a href=\"/game-bestof3-gen9championsvgc2026regmbbo3-2673343061\">a best-of-3</a></h2>\n|t:|1788186292\n|gametype|doubles\n|player|p1|ArielcitoTedetona|265|1146\n|player|p2|ray294|102|1063\n|gen|9\n|tier|[Gen 9 Champions] VGC 2026 Reg M-B (Bo3)\n|rated|\n|rule|Species Clause: Limit one of each Pokémon\n|rule|Item Clause: Limit 1 of each item\n|clearpoke\n|poke|p1|Charizard, L50, F|\n|poke|p1|Incineroar, L50, F|\n|poke|p1|Venusaur, L50, M|\n|poke|p1|Garchomp, L50, M|\n|poke|p1|Sylveon, L50, M|\n|poke|p1|Annihilape, L50, F|\n|poke|p2|Chesnaught, L50, F, shiny|\n|poke|p2|Archaludon, L50, M|\n|poke|p2|Oranguru, L50, M, shiny|\n|poke|p2|Pelipper, L50, F|\n|poke|p2|Incineroar, L50, M|\n|poke|p2|Primarina, L50, F|\n|teampreview|4\n|showteam|p1|Charizard||CharizarditeY|Blaze|WeatherBall,HeatWave,AncientPower,Protect|Modest||F|||50|]Incineroar||SitrusBerry|Intimidate|FakeOut,FlareBlitz,DarkestLariat,PartingShot|Impish||F|||50|]Venusaur||LifeOrb|Chlorophyll|LeafStorm,SludgeBomb,EarthPower,Protect|Modest||M|||50|]Garchomp||ChoiceScarf|RoughSkin|Earthquake,DragonClaw,RockSlide,StompingTantrum|Adamant||M|||50|]Sylveon||FairyFeather|Pixilate|HyperVoice,Yawn,QuickAttack,Detect|Modest||M|||50|]Annihilape||FocusSash|Defiant|RockTomb,CloseCombat,RageFist,Protect|Jolly||F|||50|\n|showteam|p2|Chesnaught||Chesnaughtite|Bulletproof|SwordsDance,DrainPunch,SpikyShield,WoodHammer|Relaxed||F|||50|]Archaludon||ExpertBelt|Stalwart|Protect,DragonPulse,FlashCannon,ElectroShot|Relaxed||M|||50|]Oranguru||ColburBerry|InnerFocus|TrickRoom,Psychic,Instruct,Protect|Calm||M|||50|]Pelipper||Leftovers|Drizzle|WideGuard,WeatherBall,Hurricane,Protect|Relaxed||F|||50|]Incineroar||ChopleBerry|Intimidate|FakeOut,PartingShot,DarkestLariat,FlareBlitz|Brave||M|||50|]Primarina||LifeOrb|LiquidVoice|HyperVoice,Protect,Moonblast,RainDance|Serious||F|||50|\n|\n|t:|1788186333\n|teamsize|p1|4\n|teamsize|p2|4\n|start\n|switch|p1a: malozard|Charizard, L50, F|100/100\n|switch|p1b: tumamigorda|Venusaur, L50, M|100/100\n|switch|p2a: Oranguru|Oranguru, L50, M, shiny|100/100\n|switch|p2b: Primarina|Primarina, L50, F|100/100\n|turn|1\n|\n|t:|1788186360\n|detailschange|p1a: malozard|Charizard-Mega-Y, L50, F\n|-mega|p1a: malozard|Charizard|Charizardite Y\n|-weather|SunnyDay|[from] ability: Drought|[of] p1a: malozard\n|move|p2b: Primarina|Protect|p2b: Primarina\n|-singleturn|p2b: Primarina|Protect\n|move|p1b: tumamigorda|Earth Power|p2a: Oranguru\n|-damage|p2a: Oranguru|73/100\n|-damage|p1b: tumamigorda|90/100|[from] item: Life Orb\n|move|p1a: malozard|Weather Ball|p2a: Oranguru\n|-damage|p2a: Oranguru|10/100\n|move|p2a: Oranguru|Trick Room|p2a: Oranguru\n|-fieldstart|move: Trick Room|[of] p2a: Oranguru\n|\n|-weather|SunnyDay|[upkeep]\n|upkeep\n|turn|2\n|\n|t:|1788186400\n|switch|p2b: Pelipper|Pelipper, L50, F|100/100\n|-weather|RainDance|[from] ability: Drizzle|[of] p2b: Pelipper\n|move|p2a: Oranguru|Psychic|p1b: tumamigorda\n|-supereffective|p1b: tumamigorda|1\n|-damage|p1b: tumamigorda|28/100\n|move|p1a: malozard|Ancient Power|p2a: Oranguru\n|-damage|p2a: Oranguru|0 fnt\n|faint|p2a: Oranguru\n|move|p1b: tumamigorda|Leaf Storm|p2b: Pelipper\n|-damage|p2b: Pelipper|20/100y\n|-unboost|p1b: tumamigorda|spa|2\n|-damage|p1b: tumamigorda|18/100|[from] item: Life Orb\n|\n|-weather|RainDance|[upkeep]\n|-heal|p2b: Pelipper|26/100|[from] item: Leftovers\n|upkeep\n|\n|t:|1788186415\n|switch|p2a: Primarina|Primarina, L50, F|100/100\n|turn|3\n|\n|t:|1788186430\n|move|p1b: tumamigorda|Protect|p1b: tumamigorda\n|-singleturn|p1b: tumamigorda|Protect\n|move|p2b: Pelipper|Hurricane|p1b: tumamigorda\n|-activate|p1b: tumamigorda|move: Protect\n|move|p2a: Primarina|Hyper Voice|p1a: malozard|[spread] p1a\n|-activate|p1b: tumamigorda|move: Protect\n|-supereffective|p1a: malozard|1\n|-damage|p1a: malozard|0 fnt\n|faint|p1a: malozard\n|-damage|p2a: Primarina|90/100|[from] item: Life Orb\n|\n|-weather|RainDance|[upkeep]\n|-heal|p2b: Pelipper|32/100|[from] item: Leftovers\n|upkeep\n|\n|t:|1788186448\n|switch|p1a: moron|Incineroar, L50, F|100/100\n|-ability|p1a: moron|Intimidate|boost\n|-unboost|p2a: Primarina|atk|1\n|-unboost|p2b: Pelipper|atk|1\n|turn|4\n|\n|t:|1788186460\n|move|p1a: moron|Fake Out|p2a: Primarina\n|-damage|p2a: Primarina|78/100\n|move|p2b: Pelipper|Hurricane|p1b: tumamigorda\n|-supereffective|p1b: tumamigorda|1\n|-damage|p1b: tumamigorda|0 fnt\n|faint|p1b: tumamigorda\n|cant|p2a: Primarina|flinch\n|\n|-weather|RainDance|[upkeep]\n|-heal|p2b: Pelipper|38/100|[from] item: Leftovers\n|upkeep\n|\n|t:|1788186474\n|switch|p1b: megaladron|Garchomp, L50, M|100/100\n|turn|5\n|\n|t:|1788186482\n|move|p2b: Pelipper|Weather Ball|p1a: moron\n|-supereffective|p1a: moron|1\n|-damage|p1a: moron|13/100\n|-enditem|p1a: moron|Sitrus Berry|[eat]\n|-heal|p1a: moron|38/100|[from] item: Sitrus Berry\n|move|p2a: Primarina|Moonblast|p1b: megaladron\n|-supereffective|p1b: megaladron|1\n|-damage|p1b: megaladron|0 fnt\n|faint|p1b: megaladron\n|-damage|p2a: Primarina|68/100|[from] item: Life Orb\n|move|p1a: moron|Parting Shot|p2a: Primarina\n|-unboost|p2a: Primarina|atk|1\n|-unboost|p2a: Primarina|spa|1\n|\n|-weather|RainDance|[upkeep]\n|-heal|p2b: Pelipper|44/100|[from] item: Leftovers\n|-fieldend|move: Trick Room\n|upkeep\n|turn|6\n|\n|t:|1788186507\n|move|p2a: Primarina|Hyper Voice|p1a: moron\n|-supereffective|p1a: moron|1\n|-damage|p1a: moron|0 fnt\n|faint|p1a: moron\n|-damage|p2a: Primarina|58/100|[from] item: Life Orb\n|\n|win|ray294\n","uploadtime":1788186513,"views":"2","formatid":"gen9championsvgc2026regmbbo3","rating":null,"private":0,"password":null}