{"id":"gen9championsvgc2026regmb-2674240329","format":"[Gen 9 Champions] VGC 2026 Reg M-B","players":["Clownbot","rafa614"],"log":"|j|☆Clownbot\n|j|☆rafa614\n|t:|1788321298\n|gametype|doubles\n|player|p1|Clownbot|brycenman|1093\n|player|p2|rafa614|102|1027\n|gen|9\n|tier|[Gen 9 Champions] VGC 2026 Reg M-B\n|rated|\n|rule|Species Clause: Limit one of each Pokémon\n|rule|Item Clause: Limit 1 of each item\n|clearpoke\n|poke|p1|Charizard, L50, F|\n|poke|p1|Whimsicott, L50, M, shiny|\n|poke|p1|Gholdengo, L50|\n|poke|p1|Farigiraf, L50, F|\n|poke|p1|Sneasler, L50, F|\n|poke|p1|Dragapult, L50, M|\n|poke|p2|Flareon, L50, M|\n|poke|p2|Farigiraf, L50, F|\n|poke|p2|Sinistcha, L50|\n|poke|p2|Ampharos, L50, F|\n|poke|p2|Garchomp, L50, M|\n|poke|p2|Clefable, L50, M|\n|teampreview|4\n|inactive|Battle timer is ON: inactive players will automatically lose when time's up. (requested by Clownbot)\n|\n|t:|1788321324\n|teamsize|p1|4\n|teamsize|p2|4\n|start\n|switch|p1a: Charizard|Charizard, L50, F|100/100\n|switch|p1b: Farigiraf|Farigiraf, L50, F|100/100\n|switch|p2a: Farigiraf|Farigiraf, L50, F|100/100\n|switch|p2b: Flareon|Flareon, L50, M|100/100\n|turn|1\n|\n|t:|1788321345\n|detailschange|p1a: Charizard|Charizard-Mega-Y, L50, F\n|-mega|p1a: Charizard|Charizard|Charizardite Y\n|-weather|SunnyDay|[from] ability: Drought|[of] p1a: Charizard\n|move|p1b: Farigiraf|Helping Hand|p1a: Charizard\n|-singleturn|p1a: Charizard|Helping Hand|[of] p1b: Farigiraf\n|move|p1a: Charizard|Heat Wave|p2a: Farigiraf|[spread] p2a,p2b\n|-resisted|p2b: Flareon|1\n|-damage|p2a: Farigiraf|14/100\n|-damage|p2b: Flareon|48/100\n|move|p2a: Farigiraf|Thunderbolt|p1a: Charizard\n|-supereffective|p1a: Charizard|1\n|-damage|p1a: Charizard|52/100\n|move|p2b: Flareon|Flare Blitz|p1b: Farigiraf\n|-damage|p1b: Farigiraf|8/100\n|-enditem|p1b: Farigiraf|Sitrus Berry|[eat]\n|-heal|p1b: Farigiraf|33/100|[from] item: Sitrus Berry\n|-damage|p2b: Flareon|5/100|[from] Recoil\n|\n|-weather|SunnyDay|[upkeep]\n|-heal|p2a: Farigiraf|20/100y|[from] item: Leftovers\n|upkeep\n|turn|2\n|inactive|Clownbot has 30 seconds left.\n|inactive|rafa614 has 30 seconds left.\n|\n|t:|1788321377\n|move|p1b: Farigiraf|Helping Hand|p1a: Charizard\n|-singleturn|p1a: Charizard|Helping Hand|[of] p1b: Farigiraf\n|move|p2a: Farigiraf|Protect|p2a: Farigiraf\n|-singleturn|p2a: Farigiraf|Protect\n|move|p1a: Charizard|Heat Wave|p2a: Farigiraf|[spread] p2b\n|-activate|p2a: Farigiraf|move: Protect\n|-resisted|p2b: Flareon|1\n|-damage|p2b: Flareon|0 fnt\n|faint|p2b: Flareon\n|\n|-weather|SunnyDay|[upkeep]\n|-heal|p2a: Farigiraf|26/100|[from] item: Leftovers\n|upkeep\n|\n|t:|1788321391\n|switch|p2b: Ampharos|Ampharos, L50, F|100/100\n|turn|3\n|\n|t:|1788321416\n|detailschange|p2b: Ampharos|Ampharos-Mega, L50, F\n|-mega|p2b: Ampharos|Ampharos|Ampharosite\n|-ability|p2b: Ampharos|Mold Breaker\n|move|p1a: Charizard|Heat Wave|p2a: Farigiraf|[spread] p2a,p2b\n|-resisted|p2b: Ampharos|1\n|-damage|p2a: Farigiraf|0 fnt\n|-damage|p2b: Ampharos|72/100\n|-status|p2b: Ampharos|brn\n|faint|p2a: Farigiraf\n|move|p1b: Farigiraf|Psychic|p2b: Ampharos\n|-damage|p2b: Ampharos|42/100 brn\n|move|p2b: Ampharos|Volt Switch|p1a: Charizard\n|-supereffective|p1a: Charizard|1\n|-damage|p1a: Charizard|0 fnt\n|faint|p1a: Charizard\n|\n|t:|1788321432\n|switch|p2b: Sinistcha|Sinistcha, L50|100/100|[from] Volt Switch\n|\n|-weather|SunnyDay|[upkeep]\n|upkeep\n|\n|t:|1788321445\n|switch|p1a: Sneasler|Sneasler, L50, F|100/100\n|switch|p2a: Ampharos|Ampharos-Mega, L50, F|42/100 brn\n|-ability|p2a: Ampharos|Mold Breaker\n|turn|4\n|\n|t:|1788321467\n|move|p2a: Ampharos|Protect|p2a: Ampharos\n|-singleturn|p2a: Ampharos|Protect\n|move|p1a: Sneasler|Close Combat|p2a: Ampharos\n|-activate|p2a: Ampharos|move: Protect\n|move|p2b: Sinistcha|Trick Room|p2b: Sinistcha\n|-fieldstart|move: Trick Room|[of] p2b: Sinistcha\n|move|p1b: Farigiraf|Trick Room|p1b: Farigiraf\n|-fieldend|move: Trick Room\n|\n|-weather|SunnyDay|[upkeep]\n|-damage|p2a: Ampharos|36/100 brn|[from] brn\n|upkeep\n|turn|5\n|\n|t:|1788321482\n|move|p1b: Farigiraf|Helping Hand|p1a: Sneasler\n|-singleturn|p1a: Sneasler|Helping Hand|[of] p1b: Farigiraf\n|move|p2a: Ampharos|Protect||[still]\n|-fail|p2a: Ampharos\n|move|p1a: Sneasler|Close Combat|p2a: Ampharos\n|-damage|p2a: Ampharos|0 fnt\n|-unboost|p1a: Sneasler|def|1\n|-unboost|p1a: Sneasler|spd|1\n|faint|p2a: Ampharos\n|-enditem|p1a: Sneasler|White Herb\n|-clearnegativeboost|p1a: Sneasler|[silent]\n|move|p2b: Sinistcha|Trick Room|p2b: Sinistcha\n|-fieldstart|move: Trick Room|[of] p2b: Sinistcha\n|\n|-weather|none\n|upkeep\n|turn|6\n|\n|t:|1788321499\n|move|p2b: Sinistcha|Matcha Gotcha|p1a: Sneasler|[spread] p1a,p1b\n|-resisted|p1a: Sneasler|1\n|-damage|p1a: Sneasler|82/100\n|-damage|p1b: Farigiraf|10/100\n|-status|p1b: Farigiraf|brn\n|move|p1a: Sneasler|Acrobatics|p2b: Sinistcha\n|-supereffective|p2b: Sinistcha|1\n|-damage|p2b: Sinistcha|29/100\n|move|p1b: Farigiraf|Trick Room|p1b: Farigiraf\n|-fieldend|move: Trick Room\n|\n|-damage|p1b: Farigiraf|4/100 brn|[from] brn\n|upkeep\n|turn|7\n|-message|rafa614 forfeited.\n|\n|win|Clownbot\n|raw|Clownbot's rating: 1093 &rarr; <strong>1114</strong><br />(+21 for winning)\n|raw|rafa614's rating: 1027 &rarr; <strong>1016</strong><br />(-11 for losing)\n|l|☆rafa614\n|player|p2|\n","uploadtime":1788321515,"views":"0","formatid":"gen9championsvgc2026regmb","rating":1016,"private":0,"password":null}