{"id":"gen9championsvgc2026regmb-2674377285","format":"[Gen 9 Champions] VGC 2026 Reg M-B","players":["duongnhatlong","WaluigiVGC"],"log":"|j|☆duongnhatlong\n|j|☆WaluigiVGC\n|t:|1788351614\n|gametype|doubles\n|player|p1|duongnhatlong|caitlin|1077\n|player|p2|WaluigiVGC|170|1134\n|gen|9\n|tier|[Gen 9 Champions] VGC 2026 Reg M-B\n|rated|\n|rule|Species Clause: Limit one of each Pokémon\n|rule|Item Clause: Limit 1 of each item\n|clearpoke\n|poke|p1|Dragonite, L50, F|\n|poke|p1|Floette-Eternal, L50, F|\n|poke|p1|Kingambit, L50, M, shiny|\n|poke|p1|Garchomp, L50, M, shiny|\n|poke|p1|Basculegion, L50, M, shiny|\n|poke|p1|Sneasler, L50, M, shiny|\n|poke|p2|Venusaur, L50, M|\n|poke|p2|Charizard, L50, M|\n|poke|p2|Garchomp, L50, F|\n|poke|p2|Incineroar, L50, M|\n|poke|p2|Floette-Eternal, L50, F|\n|poke|p2|Sinistcha, L50|\n|teampreview|4\n|inactive|Battle timer is ON: inactive players will automatically lose when time's up. (requested by WaluigiVGC)\n|\n|t:|1788351659\n|teamsize|p1|4\n|teamsize|p2|4\n|start\n|switch|p1a: Garchomp|Garchomp, L50, M, shiny|100/100\n|switch|p1b: Sneasler|Sneasler, L50, M, shiny|100/100\n|switch|p2a: Incineroar|Incineroar, L50, M|100/100\n|switch|p2b: Floette|Floette-Eternal, L50, F|100/100\n|-ability|p2a: Incineroar|Intimidate|boost\n|-unboost|p1a: Garchomp|atk|1\n|-unboost|p1b: Sneasler|atk|1\n|turn|1\n|\n|t:|1788351675\n|switch|p1a: Kingambit|Kingambit, L50, M, shiny|100/100\n|detailschange|p2b: Floette|Floette-Mega, L50, F\n|-mega|p2b: Floette|Floette|Floettite\n|-ability|p2b: Floette|Fairy Aura\n|move|p2a: Incineroar|Fake Out|p1b: Sneasler\n|-damage|p1b: Sneasler|82/100\n|cant|p1b: Sneasler|flinch\n|move|p2b: Floette|Calm Mind|p2b: Floette\n|-boost|p2b: Floette|spa|1\n|-boost|p2b: Floette|spd|1\n|\n|upkeep\n|turn|2\n|\n|t:|1788351693\n|switch|p2a: Sinistcha|Sinistcha, L50|100/100\n|move|p2b: Floette|Protect|p2b: Floette\n|-singleturn|p2b: Floette|Protect\n|move|p1b: Sneasler|Dire Claw|p2b: Floette\n|-activate|p2b: Floette|move: Protect\n|move|p1a: Kingambit|Iron Head|p2b: Floette\n|-activate|p2b: Floette|move: Protect\n|\n|upkeep\n|turn|3\n|\n|t:|1788351707\n|move|p2a: Sinistcha|Rage Powder|p2a: Sinistcha\n|-singleturn|p2a: Sinistcha|move: Rage Powder\n|move|p1b: Sneasler|Dire Claw|p2a: Sinistcha\n|-damage|p2a: Sinistcha|75/100\n|move|p2b: Floette|Dazzling Gleam|p1a: Kingambit|[spread] p1a,p1b\n|-damage|p1a: Kingambit|31/100\n|-damage|p1b: Sneasler|0 fnt\n|faint|p1b: Sneasler\n|move|p1a: Kingambit|Kowtow Cleave|p2a: Sinistcha\n|-supereffective|p2a: Sinistcha|1\n|-damage|p2a: Sinistcha|0 fnt\n|faint|p2a: Sinistcha\n|\n|upkeep\n|\n|t:|1788351724\n|switch|p1b: Garchomp|Garchomp, L50, M, shiny|100/100\n|switch|p2a: Garchomp|Garchomp, L50, F|100/100\n|turn|4\n|\n|t:|1788351748\n|move|p1b: Garchomp|Dragon Claw|p2a: Garchomp\n|-supereffective|p2a: Garchomp|1\n|-damage|p2a: Garchomp|13/100\n|-damage|p1b: Garchomp|87/100|[from] ability: Rough Skin|[of] p2a: Garchomp\n|move|p2a: Garchomp|Dragon Claw|p1b: Garchomp\n|-supereffective|p1b: Garchomp|1\n|-damage|p1b: Garchomp|0 fnt\n|-damage|p2a: Garchomp|1/100|[from] ability: Rough Skin|[of] p1b: Garchomp\n|faint|p1b: Garchomp\n|move|p2b: Floette|Dazzling Gleam|p1a: Kingambit\n|-damage|p1a: Kingambit|0 fnt\n|faint|p1a: Kingambit\n|\n|upkeep\n|\n|t:|1788351751\n|switch|p1b: Dragonite|Dragonite, L50, F|100/100\n|turn|5\n|-message|duongnhatlong forfeited.\n|\n|win|WaluigiVGC\n|raw|duongnhatlong's rating: 1077 &rarr; <strong>1059</strong><br />(-18 for losing)\n|raw|WaluigiVGC's rating: 1134 &rarr; <strong>1155</strong><br />(+21 for winning)\n|l|☆duongnhatlong\n|player|p1|\n","uploadtime":1788351769,"views":"1","formatid":"gen9championsvgc2026regmb","rating":1059,"private":0,"password":null}