{"id":"gen9championsvgc2026regmb-2674196515","format":"[Gen 9 Champions] VGC 2026 Reg M-B","players":["s.ulisses","btc37"],"log":"|j|☆s.ulisses\n|j|☆btc37\n|t:|1788313797\n|gametype|doubles\n|player|p1|s.ulisses|170|1357\n|player|p2|btc37|170|1257\n|gen|9\n|tier|[Gen 9 Champions] VGC 2026 Reg M-B\n|rated|\n|rule|Species Clause: Limit one of each Pokémon\n|rule|Item Clause: Limit 1 of each item\n|clearpoke\n|poke|p1|Politoed, L50, M|\n|poke|p1|Charizard, L50, M|\n|poke|p1|Sneasler, L50, M|\n|poke|p1|Whimsicott, L50, F|\n|poke|p1|Archaludon, L50, F|\n|poke|p1|Sinistcha, L50|\n|poke|p2|Gengar, L50, F|\n|poke|p2|Maushold-Four, L50|\n|poke|p2|Garchomp, L50, M|\n|poke|p2|Whimsicott, L50, F, shiny|\n|poke|p2|Incineroar, L50, F|\n|poke|p2|Rotom-Wash, L50|\n|teampreview|4\n|inactive|Battle timer is ON: inactive players will automatically lose when time's up. (requested by s.ulisses)\nbtc37 has agreed to open team sheets.\n|inactive|btc37 has 60 seconds left.\n|inactive|btc37 has 30 seconds left.\n|inactive|btc37 has 20 seconds left.\n|inactive|btc37 has 15 seconds left.\n|inactive|btc37 has 10 seconds left.\n|inactive|btc37 has 5 seconds left.\n|\n|t:|1788313884\n|teamsize|p1|4\n|teamsize|p2|4\n|start\n|switch|p1a: Whimsicott|Whimsicott, L50, F|100/100\n|switch|p1b: Charizard|Charizard, L50, M|100/100\n|switch|p2a: Gengar|Gengar, L50, F|100/100\n|switch|p2b: Whimsicott|Whimsicott, L50, F, shiny|100/100\n|turn|1\n|inactive|s.ulisses has 30 seconds left.\n|inactive|s.ulisses has 20 seconds left.\n|\n|t:|1788313921\n|detailschange|p2a: Gengar|Gengar-Mega, L50, F\n|-mega|p2a: Gengar|Gengar|Gengarite\n|detailschange|p1b: Charizard|Charizard-Mega-Y, L50, M\n|-mega|p1b: Charizard|Charizard|Charizardite Y\n|-weather|SunnyDay|[from] ability: Drought|[of] p1b: Charizard\n|move|p2b: Whimsicott|Tailwind|p2b: Whimsicott\n|-sidestart|p2: btc37|move: Tailwind\n|move|p1a: Whimsicott|Tailwind|p1a: Whimsicott\n|-sidestart|p1: s.ulisses|move: Tailwind\n|move|p2a: Gengar|Sludge Bomb|p1a: Whimsicott\n|-supereffective|p1a: Whimsicott|2\n|-enditem|p1a: Whimsicott|Focus Sash\n|-damage|p1a: Whimsicott|1/100\n|move|p1b: Charizard|Heat Wave|p2a: Gengar|[spread] p2a,p2b\n|-supereffective|p2b: Whimsicott|1\n|-damage|p2a: Gengar|13/100\n|-enditem|p2b: Whimsicott|Focus Sash\n|-damage|p2b: Whimsicott|1/100\n|\n|-weather|SunnyDay|[upkeep]\n|upkeep\n|turn|2\n|inactive|btc37 has 30 seconds left.\n|\n|t:|1788313952\n|move|p2a: Gengar|Protect|p2a: Gengar\n|-singleturn|p2a: Gengar|Protect\n|move|p2b: Whimsicott|Moonblast|p1a: Whimsicott\n|-damage|p1a: Whimsicott|0 fnt\n|faint|p1a: Whimsicott\n|move|p1b: Charizard|Heat Wave|p2a: Gengar|[spread] p2b\n|-activate|p2a: Gengar|move: Protect\n|-supereffective|p2b: Whimsicott|1\n|-damage|p2b: Whimsicott|0 fnt\n|faint|p2b: Whimsicott\n|\n|-weather|SunnyDay|[upkeep]\n|upkeep\n|\n|t:|1788313967\n|switch|p2b: Garchomp|Garchomp, L50, M|100/100\n|switch|p1a: Archaludon|Archaludon, L50, F|100/100\n|turn|3\n|inactive|btc37 has 30 seconds left.\n|\n|t:|1788313999\n|move|p1a: Archaludon|Protect|p1a: Archaludon\n|-singleturn|p1a: Archaludon|Protect\n|move|p2a: Gengar|Disable|p1b: Charizard\n|-start|p1b: Charizard|Disable|Heat Wave\n|move|p2b: Garchomp|Stomping Tantrum|p1a: Archaludon\n|-activate|p1a: Archaludon|move: Protect\n|cant|p1b: Charizard|Disable|Heat Wave\n|\n|-weather|SunnyDay|[upkeep]\n|upkeep\n|turn|4\n|\n|t:|1788314024\n|move|p2a: Gengar|Shadow Ball|p1a: Archaludon\n|-damage|p1a: Archaludon|46/100\n|-ability|p1a: Archaludon|Stamina|boost\n|-boost|p1a: Archaludon|def|1\n|move|p2b: Garchomp|Stomping Tantrum|p1a: Archaludon\n|-supereffective|p1a: Archaludon|1\n|-damage|p1a: Archaludon|0 fnt\n|faint|p1a: Archaludon\n|-damage|p2b: Garchomp|90/100|[from] item: Life Orb\n|move|p1b: Charizard|Weather Ball|p2b: Garchomp\n|-resisted|p2b: Garchomp|1\n|-damage|p2b: Garchomp|32/100\n|\n|-weather|SunnyDay|[upkeep]\n|-sideend|p1: s.ulisses|move: Tailwind\n|-sideend|p2: btc37|move: Tailwind\n|upkeep\n|\n|t:|1788314037\n|switch|p1a: Politoed|Politoed, L50, M|100/100\n|-weather|RainDance|[from] ability: Drizzle|[of] p1a: Politoed\n|turn|5\n|inactive|btc37 has 30 seconds left.\n|\n|t:|1788314066\n|move|p1b: Charizard|Protect|p1b: Charizard\n|-singleturn|p1b: Charizard|Protect\n|move|p2a: Gengar|Sludge Bomb|p1a: Politoed\n|-damage|p1a: Politoed|50/100y\n|move|p2b: Garchomp|Rock Slide|p1b: Charizard|[spread] p1a\n|-activate|p1b: Charizard|move: Protect\n|-damage|p1a: Politoed|20/100y\n|-damage|p2b: Garchomp|23/100|[from] item: Life Orb\n|move|p1a: Politoed|Icy Wind|p2a: Gengar|[spread] p2a,p2b\n|-supereffective|p2b: Garchomp|2\n|-damage|p2a: Gengar|0 fnt\n|-damage|p2b: Garchomp|0 fnt\n|faint|p2a: Gengar\n|faint|p2b: Garchomp\n|\n|-weather|RainDance|[upkeep]\n|upkeep\n|\n|t:|1788314081\n|switch|p2a: Incineroar|Incineroar, L50, F|100/100\n|-ability|p2a: Incineroar|Intimidate|boost\n|-unboost|p1a: Politoed|atk|1\n|-unboost|p1b: Charizard|atk|1\n|turn|6\n|inactive|s.ulisses has 30 seconds left.\n|inactive|btc37 has 30 seconds left.\n|inactive|s.ulisses has 20 seconds left.\n|inactive|s.ulisses has 15 seconds left.\n|inactive|s.ulisses has 10 seconds left.\n|inactive|s.ulisses has 5 seconds left.\n|\n|t:|1788314137\n|move|p2a: Incineroar|Fake Out|p1b: Charizard\n|-damage|p1b: Charizard|83/100\n|cant|p1b: Charizard|flinch\n|move|p1a: Politoed|Chilling Water|p2a: Incineroar\n|-supereffective|p2a: Incineroar|1\n|-damage|p2a: Incineroar|45/100\n|-unboost|p2a: Incineroar|atk|1\n|-enditem|p2a: Incineroar|Sitrus Berry|[eat]\n|-heal|p2a: Incineroar|70/100|[from] item: Sitrus Berry\n|\n|-weather|RainDance|[upkeep]\n|-end|p1b: Charizard|Disable\n|upkeep\n|turn|7\n|inactive|s.ulisses has 30 seconds left.\n|inactive|s.ulisses has 20 seconds left.\n|inactive|s.ulisses has 15 seconds left.\n|inactive|s.ulisses has 10 seconds left.\n|inactive|s.ulisses has 5 seconds left.\n|-activate|p1a: Politoed|item: Quick Claw\n|\n|t:|1788314192\n|move|p1a: Politoed|Chilling Water|p2a: Incineroar\n|-supereffective|p2a: Incineroar|1\n|-damage|p2a: Incineroar|21/100\n|-unboost|p2a: Incineroar|atk|1\n|move|p1b: Charizard|Weather Ball|p2a: Incineroar\n|-supereffective|p2a: Incineroar|1\n|-damage|p2a: Incineroar|0 fnt\n|faint|p2a: Incineroar\n|\n|win|s.ulisses\n|raw|s.ulisses's rating: 1357 &rarr; <strong>1371</strong><br />(+14 for winning)\n|raw|btc37's rating: 1257 &rarr; <strong>1239</strong><br />(-18 for losing)\n","uploadtime":1788314202,"views":"0","formatid":"gen9championsvgc2026regmb","rating":1239,"private":0,"password":null}