{"id":"gen9championsvgc2026regmbbo3-2674548286","format":"[Gen 9 Champions] VGC 2026 Reg M-B (Bo3)","players":["Cheribat","ViridianJim"],"log":"|j|☆Cheribat\n|j|☆ViridianJim\n|html|<table width=\"100%\"><tr><td align=\"left\">Cheribat</td><td align=\"right\">ViridianJim</tr><tr><td align=\"left\"><i class=\"fa fa-circle-o\"></i> <i class=\"fa fa-circle-o\"></i> </td><td align=\"right\"><i class=\"fa fa-circle-o\"></i> <i class=\"fa fa-circle\"></i> </tr></table>\n|uhtml|bestof|<h2><strong>Game 2</strong> of <a href=\"/game-bestof3-gen9championsvgc2026regmbbo3-2674545774\">a best-of-3</a></h2>\n|t:|1788372644\n|gametype|doubles\n|player|p1|Cheribat|waitress-gen4|1062\n|player|p2|ViridianJim|riley|1000\n|gen|9\n|tier|[Gen 9 Champions] VGC 2026 Reg M-B (Bo3)\n|rated|\n|rule|Species Clause: Limit one of each Pokémon\n|rule|Item Clause: Limit 1 of each item\n|clearpoke\n|poke|p1|Hydreigon, L50, F|\n|poke|p1|Volcarona, L50, F|\n|poke|p1|Zoroark-Hisui, L50, F|\n|poke|p1|Sneasler, L50, F|\n|poke|p1|Milotic, L50, F|\n|poke|p1|Metagross, L50|\n|poke|p2|Scovillain, L50, F|\n|poke|p2|Snorlax, L50, F|\n|poke|p2|Sneasler, L50, M|\n|poke|p2|Grimmsnarl, L50, M|\n|poke|p2|Staraptor, L50, M|\n|poke|p2|Slowking-Galar, L50, M|\n|teampreview|4\n|showteam|p1|Hydreigon||ChoiceScarf|Levitate|EarthPower,FlashCannon,DracoMeteor,DarkPulse|Modest||F|||50|]Volcarona||ChartiBerry|FlameBody|RagePowder,StruggleBug,Flamethrower,Tailwind|Bold||F|||50|]Zoroark-Hisui||FocusSash|Illusion|BitterMalice,IcyWind,Snarl,Taunt|Timid||F|||50|]Sneasler||WhiteHerb|Unburden|CloseCombat,DireClaw,FakeOut,Uturn|Adamant||F|||50|]Milotic||Leftovers|Competitive|IceBeam,Scald,Protect,Recover|Modest||F|||50|]Metagross||Metagrossite|ClearBody|MeteorMash,PsychicFangs,StompingTantrum,Protect|Jolly|||||50|\n|showteam|p2|Scovillain||Scovillainite|Insomnia|Protect,SpicyExtract,RagePowder,SuperFang|Sassy||F|||50|]Snorlax||ChestoBerry|ThickFat|BodySlam,Curse,Protect,Rest|Relaxed||F|||50|]Sneasler||FocusSash|PoisonTouch|CloseCombat,DireClaw,Coaching,Feint|Jolly||M|||50|]Grimmsnarl||ExpertBelt|Prankster|FoulPlay,ThunderPunch,IcePunch,Reflect|Brave||M|||50|]Staraptor||ChoiceScarf|Intimidate|FinalGambit,Endeavor,Tailwind,Uturn|Jolly||M|||50|]Slowking-Galar||ColburBerry|Regenerator|Psychic,HealPulse,ChillyReception,TrickRoom|Relaxed||M|||50|\n|\n|t:|1788372711\n|teamsize|p1|4\n|teamsize|p2|4\n|start\n|switch|p1a: Sneasler|Sneasler, L50, F|100/100\n|switch|p1b: Milotic|Milotic, L50, F|100/100\n|switch|p2a: Staraptor|Staraptor, L50, M|100/100\n|switch|p2b: Slowking|Slowking-Galar, L50, M|100/100\n|-ability|p2a: Staraptor|Intimidate|boost\n|-unboost|p1a: Sneasler|atk|1\n|-unboost|p1b: Milotic|atk|1\n|-ability|p1b: Milotic|Competitive|boost\n|-boost|p1b: Milotic|spa|2\n|-enditem|p1a: Sneasler|White Herb\n|-clearnegativeboost|p1a: Sneasler|[silent]\n|turn|1\n|\n|t:|1788372727\n|move|p1a: Sneasler|Fake Out|p2a: Staraptor\n|-damage|p2a: Staraptor|80/100\n|cant|p2a: Staraptor|flinch\n|move|p1b: Milotic|Scald|p2b: Slowking\n|-damage|p2b: Slowking|41/100\n|move|p2b: Slowking|Trick Room|p2b: Slowking\n|-fieldstart|move: Trick Room|[of] p2b: Slowking\n|\n|upkeep\n|turn|2\n|\n|t:|1788372756\n|switch|p2a: Scovillain|Scovillain, L50, F|100/100\n|move|p2b: Slowking|Heal Pulse|p2a: Scovillain\n|-fail|p2a: Scovillain|heal\n|move|p1b: Milotic|Ice Beam|p2a: Scovillain\n|-damage|p2a: Scovillain|31/100\n|move|p1a: Sneasler|U-turn|p2b: Slowking\n|-damage|p2b: Slowking|20/100y\n|\n|t:|1788372767\n|switch|p1a: Volcarona|Volcarona, L50, F|100/100|[from] U-turn\n|\n|upkeep\n|turn|3\n|\n|t:|1788372781\n|move|p2a: Scovillain|Protect|p2a: Scovillain\n|-singleturn|p2a: Scovillain|Protect\n|-prepare|p2b: Slowking|Chilly Reception|[premajor]\n|move|p2b: Slowking|Chilly Reception|p2b: Slowking\n|-weather|Snowscape\n|\n|t:|1788372788\n|-heal|p2b: Slowking|53/100|[from] ability: Regenerator|[silent]\n|switch|p2b: Staraptor|Staraptor, L50, M|80/100|[from] Chilly Reception\n|-ability|p2b: Staraptor|Intimidate|boost\n|-unboost|p1a: Volcarona|atk|1\n|-unboost|p1b: Milotic|atk|1\n|-ability|p1b: Milotic|Competitive|boost\n|-boost|p1b: Milotic|spa|2\n|move|p1b: Milotic|Scald|p2a: Scovillain\n|-activate|p2a: Scovillain|move: Protect\n|move|p1a: Volcarona|Struggle Bug|p2a: Scovillain|[spread] p2b\n|-activate|p2a: Scovillain|move: Protect\n|-resisted|p2b: Staraptor|1\n|-damage|p2b: Staraptor|67/100\n|-unboost|p2b: Staraptor|spa|1\n|\n|-weather|Snowscape|[upkeep]\n|upkeep\n|turn|4\n|\n|t:|1788372808\n|move|p1a: Volcarona|Rage Powder|p1a: Volcarona\n|-singleturn|p1a: Volcarona|move: Rage Powder\n|move|p2a: Scovillain|Spicy Extract|p1b: Milotic\n|-boost|p1b: Milotic|atk|2\n|-unboost|p1b: Milotic|def|2\n|-ability|p1b: Milotic|Competitive|boost\n|-boost|p1b: Milotic|spa|2\n|move|p1b: Milotic|Scald|p2a: Scovillain\n|-damage|p2a: Scovillain|0 fnt\n|faint|p2a: Scovillain\n|move|p2b: Staraptor|Final Gambit|p1a: Volcarona\n|-damage|p1a: Volcarona|32/100\n|faint|p2b: Staraptor\n|\n|-weather|Snowscape|[upkeep]\n|upkeep\n|\n|t:|1788372817\n|switch|p2a: Grimmsnarl|Grimmsnarl, L50, M|100/100\n|switch|p2b: Slowking|Slowking-Galar, L50, M|53/100\n|turn|5\n|\n|t:|1788372834\n|move|p1a: Volcarona|Rage Powder|p1a: Volcarona\n|-singleturn|p1a: Volcarona|move: Rage Powder\n|move|p2b: Slowking|Psychic|p1a: Volcarona\n|-damage|p1a: Volcarona|1/100\n|move|p2a: Grimmsnarl|Foul Play|p1a: Volcarona\n|-damage|p1a: Volcarona|0 fnt\n|faint|p1a: Volcarona\n|move|p1b: Milotic|Scald|p2b: Slowking\n|-damage|p2b: Slowking|0 fnt\n|faint|p2b: Slowking\n|\n|-weather|Snowscape|[upkeep]\n|-fieldend|move: Trick Room\n|upkeep\n|\n|t:|1788372850\n|switch|p1a: Sneasler|Sneasler, L50, F|100/100\n|turn|6\n|\n|t:|1788372857\n|move|p1a: Sneasler|Dire Claw|p2a: Grimmsnarl\n|-supereffective|p2a: Grimmsnarl|1\n|-damage|p2a: Grimmsnarl|0 fnt\n|faint|p2a: Grimmsnarl\n|\n|win|Cheribat\n|l|☆ViridianJim\n|player|p2|\n","uploadtime":1788372863,"views":"0","formatid":"gen9championsvgc2026regmbbo3","rating":null,"private":0,"password":null}