{"id":"gen9championsvgc2026regmb-2674339674","format":"[Gen 9 Champions] VGC 2026 Reg M-B","players":["infinite75","mrnettlepatch"],"log":"|j|☆infinite75\n|j|☆mrnettlepatch\n|t:|1788344548\n|gametype|doubles\n|player|p1|infinite75|miku-ghost|1078\n|player|p2|mrnettlepatch|266|1083\n|gen|9\n|tier|[Gen 9 Champions] VGC 2026 Reg M-B\n|rated|\n|rule|Species Clause: Limit one of each Pokémon\n|rule|Item Clause: Limit 1 of each item\n|clearpoke\n|poke|p1|Incineroar, L50, F|\n|poke|p1|Zoroark-Hisui, L50, M|\n|poke|p1|Staraptor, L50, M, shiny|\n|poke|p1|Charizard, L50, M|\n|poke|p1|Whimsicott, L50, F, shiny|\n|poke|p1|Sneasler, L50, M|\n|poke|p2|Scovillain, L50, F, shiny|\n|poke|p2|Basculegion, L50, M|\n|poke|p2|Kingambit, L50, M|\n|poke|p2|Sneasler, L50, F|\n|poke|p2|Lycanroc-Dusk, L50, F|\n|poke|p2|Froslass, L50, F|\n|teampreview|4\n|\n|t:|1788344606\n|teamsize|p1|4\n|teamsize|p2|4\n|start\n|switch|p1a: Incineroar|Incineroar, L50, F|100/100\n|switch|p1b: Charizard|Charizard, L50, M|100/100\n|switch|p2a: Lycanroc|Lycanroc-Dusk, L50, F|100/100\n|switch|p2b: Kingambit|Kingambit, L50, M|100/100\n|turn|1\n|\n|t:|1788344631\n|move|p2a: Lycanroc|Accelerock|p1b: Charizard\n|-damage|p1b: Charizard|43/100\n|replace|p1b: Zoroark|Zoroark-Hisui, L50, M\n|-end|p1b: Zoroark|Illusion\n|move|p2b: Kingambit|Sucker Punch|p1a: Incineroar\n|-resisted|p1a: Incineroar|1\n|-damage|p1a: Incineroar|75/100\n|move|p1b: Zoroark|Focus Blast|p2a: Lycanroc\n|-supereffective|p2a: Lycanroc|1\n|-enditem|p2a: Lycanroc|Focus Sash\n|-damage|p2a: Lycanroc|1/100\n|move|p1a: Incineroar|Flare Blitz|p2b: Kingambit\n|-supereffective|p2b: Kingambit|1\n|-damage|p2b: Kingambit|0 fnt\n|faint|p2b: Kingambit\n|-damage|p1a: Incineroar|42/100|[from] Recoil\n|\n|upkeep\n|j| jyjz\n|\n|t:|1788344665\n|switch|p2b: Froslass|Froslass, L50, F|100/100\n|turn|2\n|inactive|Battle timer is ON: inactive players will automatically lose when time's up. (requested by mrnettlepatch)\n|\n|t:|1788344701\n|detailschange|p2b: Froslass|Froslass-Mega, L50, F\n|-mega|p2b: Froslass|Froslass|Froslassite\n|-weather|Snowscape|[from] ability: Snow Warning|[of] p2b: Froslass\n|move|p2a: Lycanroc|Accelerock|p1b: Zoroark\n|-damage|p1b: Zoroark|0 fnt\n|faint|p1b: Zoroark\n|move|p2b: Froslass|Aurora Veil|p2b: Froslass\n|-sidestart|p2: mrnettlepatch|move: Aurora Veil\n|move|p1a: Incineroar|Flare Blitz|p2b: Froslass\n|-supereffective|p2b: Froslass|1\n|-damage|p2b: Froslass|10/100\n|-damage|p1a: Incineroar|17/100|[from] Recoil\n|\n|-weather|Snowscape|[upkeep]\n|upkeep\n|\n|t:|1788344718\n|switch|p1b: Whimsicott|Whimsicott, L50, F, shiny|100/100\n|turn|3\n|\n|t:|1788344728\n|switch|p2b: Sneasler|Sneasler, L50, F|100/100\n|move|p2a: Lycanroc|Accelerock|p1a: Incineroar\n|-supereffective|p1a: Incineroar|1\n|-crit|p1a: Incineroar\n|-damage|p1a: Incineroar|0 fnt\n|faint|p1a: Incineroar\n|move|p1b: Whimsicott|Moonblast|p2a: Lycanroc\n|-damage|p2a: Lycanroc|0 fnt\n|faint|p2a: Lycanroc\n|\n|-weather|Snowscape|[upkeep]\n|upkeep\n|\n|t:|1788344739\n|switch|p2a: Froslass|Froslass-Mega, L50, F|10/100\n|switch|p1a: Charizard|Charizard, L50, M|100/100\n|turn|4\n|inactive|mrnettlepatch has 30 seconds left.\n|\n|t:|1788344767\n|detailschange|p1a: Charizard|Charizard-Mega-Y, L50, M\n|-mega|p1a: Charizard|Charizard|Charizardite Y\n|-weather|SunnyDay|[from] ability: Drought|[of] p1a: Charizard\n|move|p1a: Charizard|Protect|p1a: Charizard\n|-singleturn|p1a: Charizard|Protect\n|move|p2b: Sneasler|Fake Out|p1a: Charizard\n|-activate|p1a: Charizard|move: Protect\n|move|p1b: Whimsicott|Moonblast|p2a: Froslass\n|-damage|p2a: Froslass|0 fnt\n|faint|p2a: Froslass\n|\n|-weather|SunnyDay|[upkeep]\n|upkeep\n|turn|5\n|\n|t:|1788344787\n|move|p1b: Whimsicott|Moonblast|p2b: Sneasler\n|-damage|p2b: Sneasler|72/100\n|move|p2b: Sneasler|Dire Claw|p1b: Whimsicott\n|-supereffective|p1b: Whimsicott|2\n|-damage|p1b: Whimsicott|0 fnt\n|faint|p1b: Whimsicott\n|move|p1a: Charizard|Weather Ball|p2b: Sneasler\n|-damage|p2b: Sneasler|4/100\n|\n|-weather|SunnyDay|[upkeep]\n|upkeep\n|turn|6\n|\n|t:|1788344801\n|move|p1a: Charizard|Protect|p1a: Charizard\n|-singleturn|p1a: Charizard|Protect\n|move|p2b: Sneasler|Close Combat|p1a: Charizard\n|-activate|p1a: Charizard|move: Protect\n|\n|-weather|SunnyDay|[upkeep]\n|-sideend|p2: mrnettlepatch|move: Aurora Veil\n|upkeep\n|turn|7\n|\n|t:|1788344809\n|move|p2b: Sneasler|Protect|p2b: Sneasler\n|-singleturn|p2b: Sneasler|Protect\n|move|p1a: Charizard|Weather Ball|p2b: Sneasler\n|-activate|p2b: Sneasler|move: Protect\n|\n|-weather|SunnyDay|[upkeep]\n|upkeep\n|turn|8\n|\n|t:|1788344816\n|move|p2b: Sneasler|Close Combat|p1a: Charizard\n|-resisted|p1a: Charizard|1\n|-damage|p1a: Charizard|60/100\n|-unboost|p2b: Sneasler|def|1\n|-unboost|p2b: Sneasler|spd|1\n|-enditem|p2b: Sneasler|White Herb\n|-clearnegativeboost|p2b: Sneasler|[silent]\n|move|p1a: Charizard|Weather Ball|p2b: Sneasler\n|-damage|p2b: Sneasler|0 fnt\n|faint|p2b: Sneasler\n|\n|win|infinite75\n|raw|infinite75's rating: 1078 &rarr; <strong>1107</strong><br />(+29 for winning)\n|raw|mrnettlepatch's rating: 1083 &rarr; <strong>1060</strong><br />(-23 for losing)\n|l|☆mrnettlepatch\n|player|p2|\n","uploadtime":1788344827,"views":"0","formatid":"gen9championsvgc2026regmb","rating":1060,"private":0,"password":null}