{"id":"gen9championsvgc2026regmb-2674321844","format":"[Gen 9 Champions] VGC 2026 Reg M-B","players":["nanouqj","m3troGoonin"],"log":"|j|☆nanouqj\n|j|☆m3troGoonin\n|t:|1788340527\n|gametype|doubles\n|player|p1|nanouqj|steven|1390\n|player|p2|m3troGoonin|102|1479\n|gen|9\n|tier|[Gen 9 Champions] VGC 2026 Reg M-B\n|rated|\n|rule|Species Clause: Limit one of each Pokémon\n|rule|Item Clause: Limit 1 of each item\n|clearpoke\n|poke|p1|Floette-Eternal, L50, F|\n|poke|p1|Excadrill, L50, M|\n|poke|p1|Whimsicott, L50, F|\n|poke|p1|Garchomp, L50, F|\n|poke|p1|Kingambit, L50, F|\n|poke|p1|Delphox, L50, F|\n|poke|p2|Scovillain, L50, M, shiny|\n|poke|p2|Basculegion, L50, M|\n|poke|p2|Kingambit, L50, F|\n|poke|p2|Sneasler, L50, M|\n|poke|p2|Lycanroc-Dusk, L50, M|\n|poke|p2|Froslass, L50, F|\n|teampreview|4\n|inactive|Battle timer is ON: inactive players will automatically lose when time's up. (requested by nanouqj)\n|inactive|nanouqj has 60 seconds left.\n|inactive|m3troGoonin has 60 seconds left.\n|\n|t:|1788340581\n|teamsize|p1|4\n|teamsize|p2|4\n|start\n|switch|p1a: 我也想吃场😡|Delphox, L50, F|100/100\n|switch|p1b: 鼠头地龙（龟头？）|Excadrill, L50, M|100/100\n|switch|p2a: Kingambit|Kingambit, L50, F|100/100\n|switch|p2b: Sneasler|Sneasler, L50, M|100/100\n|-ability|p1b: 鼠头地龙（龟头？）|Mold Breaker\n|turn|1\n|inactive|m3troGoonin has 30 seconds left.\n|inactive|m3troGoonin has 20 seconds left.\n|inactive|m3troGoonin has 15 seconds left.\n|\n|t:|1788340621\n|switch|p1a: 是好女孩吗？|Whimsicott, L50, F|100/100\n|move|p2b: Sneasler|Feint|p1a: 是好女孩吗？\n|-damage|p1a: 是好女孩吗？|84/100\n|move|p1b: 鼠头地龙（龟头？）|High Horsepower|p2b: Sneasler\n|-supereffective|p2b: Sneasler|1\n|-damage|p2b: Sneasler|0 fnt\n|faint|p2b: Sneasler\n|move|p2a: Kingambit|Kowtow Cleave|p1a: 是好女孩吗？\n|-resisted|p1a: 是好女孩吗？|1\n|-damage|p1a: 是好女孩吗？|38/100\n|\n|upkeep\n|\n|t:|1788340628\n|switch|p2b: Froslass|Froslass, L50, F|100/100\n|turn|2\n|\n|t:|1788340646\n|detailschange|p2b: Froslass|Froslass-Mega, L50, F\n|-mega|p2b: Froslass|Froslass|Froslassite\n|-weather|Snowscape|[from] ability: Snow Warning|[of] p2b: Froslass\n|move|p2a: Kingambit|Protect|p2a: Kingambit\n|-singleturn|p2a: Kingambit|Protect\n|move|p1a: 是好女孩吗？|Tailwind|p1a: 是好女孩吗？\n|-sidestart|p1: nanouqj|move: Tailwind\n|move|p1b: 鼠头地龙（龟头？）|High Horsepower|p2a: Kingambit\n|-activate|p2a: Kingambit|move: Protect\n|move|p2b: Froslass|Blizzard|p1b: 鼠头地龙（龟头？）|[spread] p1a,p1b\n|-supereffective|p1a: 是好女孩吗？|1\n|-damage|p1a: 是好女孩吗？|0 fnt\n|-damage|p1b: 鼠头地龙（龟头？）|48/100\n|faint|p1a: 是好女孩吗？\n|\n|-weather|Snowscape|[upkeep]\n|upkeep\n|\n|t:|1788340652\n|switch|p1a: 突袭不突袭突袭|Kingambit, L50, F|100/100\n|turn|3\n|\n|t:|1788340669\n|move|p2a: Kingambit|Sucker Punch|p1b: 鼠头地龙（龟头？）\n|-damage|p1b: 鼠头地龙（龟头？）|0 fnt\n|faint|p1b: 鼠头地龙（龟头？）\n|move|p2b: Froslass|Aurora Veil|p2b: Froslass\n|-sidestart|p2: m3troGoonin|move: Aurora Veil\n|move|p1a: 突袭不突袭突袭|Low Kick|p2a: Kingambit\n|-supereffective|p2a: Kingambit|2\n|-damage|p2a: Kingambit|24/100\n|\n|-weather|Snowscape|[upkeep]\n|upkeep\n|\n|t:|1788340673\n|switch|p1b: 我也想吃场😡|Delphox, L50, F|100/100\n|turn|4\n|inactive|m3troGoonin has 30 seconds left.\n|inactive|m3troGoonin has 20 seconds left.\n|inactive|m3troGoonin has 15 seconds left.\n|\n|t:|1788340715\n|move|p1b: 我也想吃场😡|Protect|p1b: 我也想吃场😡\n|-singleturn|p1b: 我也想吃场😡|Protect\n|move|p2a: Kingambit|Sucker Punch|p1a: 突袭不突袭突袭\n|-resisted|p1a: 突袭不突袭突袭|1\n|-damage|p1a: 突袭不突袭突袭|82/100\n|move|p2b: Froslass|Thunderbolt|p1a: 突袭不突袭突袭\n|-damage|p1a: 突袭不突袭突袭|55/100\n|move|p1a: 突袭不突袭突袭|Low Kick|p2a: Kingambit\n|-supereffective|p2a: Kingambit|2\n|-damage|p2a: Kingambit|0 fnt\n|faint|p2a: Kingambit\n|\n|-weather|Snowscape|[upkeep]\n|upkeep\n|\n|t:|1788340727\n|switch|p2a: Basculegion|Basculegion, L50, M|100/100\n|turn|5\n|inactive|m3troGoonin has 30 seconds left.\n|inactive|m3troGoonin has 20 seconds left.\n|inactive|m3troGoonin has 15 seconds left.\n|inactive|m3troGoonin has 10 seconds left.\n|inactive|m3troGoonin has 5 seconds left.\n|\n|t:|1788340788\n|detailschange|p1b: 我也想吃场😡|Delphox-Mega, L50, F\n|-mega|p1b: 我也想吃场😡|Delphox|Delphoxite\n|move|p1b: 我也想吃场😡|Heat Wave|p2b: Froslass|[spread] p2a,p2b\n|-resisted|p2a: Basculegion|1\n|-supereffective|p2b: Froslass|1\n|-damage|p2a: Basculegion|85/100\n|-damage|p2b: Froslass|45/100\n|move|p2b: Froslass|Shadow Ball|p1b: 我也想吃场😡\n|-supereffective|p1b: 我也想吃场😡|1\n|-damage|p1b: 我也想吃场😡|27/100\n|move|p1a: 突袭不突袭突袭|Kowtow Cleave|p2a: Basculegion\n|-supereffective|p2a: Basculegion|1\n|-damage|p2a: Basculegion|11/100\n|move|p2a: Basculegion|Wave Crash|p1a: 突袭不突袭突袭\n|-damage|p1a: 突袭不突袭突袭|0 fnt\n|faint|p1a: 突袭不突袭突袭\n|-damage|p2a: Basculegion|0 fnt|[from] Recoil\n|faint|p2a: Basculegion\n|\n|-weather|Snowscape|[upkeep]\n|-sideend|p1: nanouqj|move: Tailwind\n|upkeep\n|turn|6\n|\n|t:|1788340807\n|move|p1b: 我也想吃场😡|Heat Wave|p2b: Froslass\n|-supereffective|p2b: Froslass|1\n|-damage|p2b: Froslass|0 fnt\n|faint|p2b: Froslass\n|\n|win|nanouqj\n|raw|nanouqj's rating: 1390 &rarr; <strong>1415</strong><br />(+25 for winning)\n|raw|m3troGoonin's rating: 1479 &rarr; <strong>1454</strong><br />(-25 for losing)\n|l|☆m3troGoonin\n|player|p2|\n","uploadtime":1788340808,"views":"20","formatid":"gen9championsvgc2026regmb","rating":1415,"private":0,"password":null}