{"id":"gen9championsvgc2026regmb-2674260943","format":"[Gen 9 Champions] VGC 2026 Reg M-B","players":["Thornlace48812","goatedapex"],"log":"|j|☆Thornlace48812\n|j|☆goatedapex\n|t:|1788325758\n|gametype|doubles\n|player|p1|Thornlace48812|1|1065\n|player|p2|goatedapex|acetrainer-gen4|1078\n|gen|9\n|tier|[Gen 9 Champions] VGC 2026 Reg M-B\n|rated|\n|rule|Species Clause: Limit one of each Pokémon\n|rule|Item Clause: Limit 1 of each item\n|clearpoke\n|poke|p1|Garchomp, L50, F|\n|poke|p1|Charizard, L50, M|\n|poke|p1|Whimsicott, L50, F|\n|poke|p1|Sylveon, L50, M|\n|poke|p1|Kingambit, L50, F|\n|poke|p1|Basculegion, L50, M|\n|poke|p2|Farigiraf, L50, F|\n|poke|p2|Sableye, L50, M, shiny|\n|poke|p2|Ceruledge, L50, M|\n|poke|p2|Scrafty, L50, M|\n|poke|p2|Milotic, L50, F|\n|poke|p2|Mawile, L50, F|\n|teampreview|4\n|inactive|Battle timer is ON: inactive players will automatically lose when time's up. (requested by Thornlace48812)\nThornlace48812 rejected open team sheets.\n|inactive|goatedapex has 60 seconds left.\n|\n|t:|1788325802\n|teamsize|p1|4\n|teamsize|p2|4\n|start\n|switch|p1a: Charizard|Charizard, L50, M|100/100\n|switch|p1b: Whimsicott|Whimsicott, L50, F|100/100\n|switch|p2a: Twin|Farigiraf, L50, F|100/100\n|switch|p2b: Hooligan|Scrafty, L50, M|100/100\n|-ability|p2b: Hooligan|Intimidate|boost\n|-unboost|p1a: Charizard|atk|1\n|-unboost|p1b: Whimsicott|atk|1\n|turn|1\n|inactive|goatedapex has 30 seconds left.\n|\n|t:|1788325829\n|detailschange|p1a: Charizard|Charizard-Mega-Y, L50, M\n|-mega|p1a: Charizard|Charizard|Charizardite Y\n|-weather|SunnyDay|[from] ability: Drought|[of] p1a: Charizard\n|detailschange|p2b: Hooligan|Scrafty-Mega, L50, M\n|-mega|p2b: Hooligan|Scrafty|Scraftinite\n|-ability|p2b: Hooligan|Intimidate|boost\n|-unboost|p1a: Charizard|atk|1\n|-unboost|p1b: Whimsicott|atk|1\n|move|p2b: Hooligan|Fake Out|p1a: Charizard\n|-damage|p1a: Charizard|81/100\n|move|p1b: Whimsicott|Moonblast|p2b: Hooligan\n|-supereffective|p2b: Hooligan|2\n|-damage|p2b: Hooligan|0 fnt\n|faint|p2b: Hooligan\n|cant|p1a: Charizard|flinch\n|move|p2a: Twin|Trick Room|p2a: Twin\n|-fieldstart|move: Trick Room|[of] p2a: Twin\n|\n|-weather|SunnyDay|[upkeep]\n|upkeep\n|inactive|goatedapex has 30 seconds left.\n|\n|t:|1788325862\n|switch|p2b: Mistress|Milotic, L50, F|100/100\n|turn|2\n|\n|t:|1788325872\n|move|p2a: Twin|Hyper Voice|p1b: Whimsicott|[spread] p1a,p1b\n|-damage|p1a: Charizard|52/100\n|-damage|p1b: Whimsicott|57/100\n|move|p2b: Mistress|Muddy Water|p1a: Charizard|[spread] p1a,p1b\n|-supereffective|p1a: Charizard|1\n|-resisted|p1b: Whimsicott|1\n|-damage|p1a: Charizard|20/100y\n|-damage|p1b: Whimsicott|45/100\n|-unboost|p1a: Charizard|accuracy|1\n|move|p1a: Charizard|Heat Wave|p2b: Mistress|[spread] \n|-miss|p1a: Charizard|p2a: Twin\n|-miss|p1a: Charizard|p2b: Mistress\n|move|p1b: Whimsicott|Moonblast|p2a: Twin\n|-damage|p2a: Twin|62/100\n|\n|-weather|SunnyDay|[upkeep]\n|upkeep\n|turn|3\n|\n|t:|1788325896\n|move|p1b: Whimsicott|Tailwind|p1b: Whimsicott\n|-sidestart|p1: Thornlace48812|move: Tailwind\n|move|p2a: Twin|Hyper Voice|p1a: Charizard|[spread] p1a,p1b\n|-damage|p1a: Charizard|0 fnt\n|-damage|p1b: Whimsicott|0 fnt\n|faint|p1a: Charizard\n|faint|p1b: Whimsicott\n|move|p2b: Mistress|Ice Beam|p1: Charizard|[notarget]\n|-fail|p2b: Mistress\n|\n|-weather|SunnyDay|[upkeep]\n|upkeep\n|\n|t:|1788325896\n|switch|p1a: Basculegion|Basculegion, L50, M|100/100\n|switch|p1b: Sylveon|Sylveon, L50, M|100/100\n|turn|4\n|\n|t:|1788325919\n|move|p2a: Twin|Psychic|p1a: Basculegion\n|-damage|p1a: Basculegion|55/100\n|-unboost|p1a: Basculegion|spd|1\n|move|p2b: Mistress|Muddy Water|p1a: Basculegion|[spread] p1a,p1b\n|-resisted|p1a: Basculegion|1\n|-damage|p1a: Basculegion|43/100\n|-damage|p1b: Sylveon|88/100\n|-unboost|p1a: Basculegion|accuracy|1\n|-unboost|p1b: Sylveon|accuracy|1\n|move|p1b: Sylveon|Hyper Voice|p2b: Mistress|[spread] p2a,p2b\n|-damage|p2a: Twin|16/100\n|-damage|p2b: Mistress|64/100\n|-enditem|p2a: Twin|Sitrus Berry|[eat]\n|-heal|p2a: Twin|40/100|[from] item: Sitrus Berry\n|move|p1a: Basculegion|Last Respects|p2b: Mistress\n|-damage|p2b: Mistress|0 fnt\n|faint|p2b: Mistress\n|\n|-weather|SunnyDay|[upkeep]\n|upkeep\n|\n|t:|1788325939\n|switch|p2b: Sis|Mawile, L50, F|100/100\n|-ability|p2b: Sis|Intimidate|boost\n|-unboost|p1a: Basculegion|atk|1\n|-unboost|p1b: Sylveon|atk|1\n|turn|5\n|\n|t:|1788325951\n|move|p2b: Sis|Iron Head|p1b: Sylveon\n|-supereffective|p1b: Sylveon|1\n|-damage|p1b: Sylveon|0 fnt\n|faint|p1b: Sylveon\n|move|p2a: Twin|Psychic|p1a: Basculegion\n|-crit|p1a: Basculegion\n|-damage|p1a: Basculegion|0 fnt\n|faint|p1a: Basculegion\n|\n|win|goatedapex\n|raw|Thornlace48812's rating: 1098 &rarr; <strong>1072</strong><br />(-26 for losing)\n|raw|goatedapex's rating: 1078 &rarr; <strong>1108</strong><br />(+30 for winning)\n","uploadtime":1788325952,"views":"1","formatid":"gen9championsvgc2026regmb","rating":1072,"private":0,"password":null}