{"id":"gen9championsvgc2026regmb-2673882967","format":"[Gen 9 Champions] VGC 2026 Reg M-B","players":["Simumzera","testdigi"],"log":"|j|☆Simumzera\n|j|☆testdigi\n|t:|1788272689\n|gametype|doubles\n|player|p1|Simumzera|2|1389\n|player|p2|testdigi|169|1347\n|gen|9\n|tier|[Gen 9 Champions] VGC 2026 Reg M-B\n|rated|\n|rule|Species Clause: Limit one of each Pokémon\n|rule|Item Clause: Limit 1 of each item\n|clearpoke\n|poke|p1|Sneasler, L50, M|\n|poke|p1|Basculegion, L50, M|\n|poke|p1|Aerodactyl, L50, M|\n|poke|p1|Farigiraf, L50, M|\n|poke|p1|Charizard, L50, F|\n|poke|p1|Incineroar, L50, M|\n|poke|p2|Staraptor, L50, M, shiny|\n|poke|p2|Kingambit, L50, F, shiny|\n|poke|p2|Sylveon, L50, F, shiny|\n|poke|p2|Raichu, L50, M, shiny|\n|poke|p2|Farigiraf, L50, F, shiny|\n|poke|p2|Basculegion, L50, M|\n|teampreview|4\n|inactive|Battle timer is ON: inactive players will automatically lose when time's up. (requested by Simumzera)\nSimumzera rejected open team sheets.\n|\n|t:|1788272718\n|teamsize|p1|4\n|teamsize|p2|4\n|start\n|switch|p1a: Sneasler|Sneasler, L50, M|100/100\n|switch|p1b: Incineroar|Incineroar, L50, M|100/100\n|switch|p2a: Flower Man|Staraptor, L50, M, shiny|100/100\n|switch|p2b: Basculegion|Basculegion, L50, M|100/100\n|-ability|p2a: Flower Man|Intimidate|boost\n|-unboost|p1a: Sneasler|atk|1\n|-unboost|p1b: Incineroar|atk|1\n|-ability|p1b: Incineroar|Intimidate|boost\n|-unboost|p2a: Flower Man|atk|1\n|-unboost|p2b: Basculegion|atk|1\n|-enditem|p1a: Sneasler|White Herb\n|-clearnegativeboost|p1a: Sneasler|[silent]\n|turn|1\n|\n|t:|1788272738\n|detailschange|p2a: Flower Man|Staraptor-Mega, L50, M, shiny\n|-mega|p2a: Flower Man|Staraptor|Staraptite\n|move|p1a: Sneasler|Fake Out|p2a: Flower Man\n|-damage|p2a: Flower Man|88/100\n|move|p2b: Basculegion|Flip Turn|p1b: Incineroar\n|-supereffective|p1b: Incineroar|1\n|-damage|p1b: Incineroar|58/100\n|\n|t:|1788272742\n|switch|p2b: Fridge|Farigiraf, L50, F, shiny|100/100|[from] Flip Turn\n|cant|p2a: Flower Man|flinch\n|move|p1b: Incineroar|Darkest Lariat|p2b: Fridge\n|-supereffective|p2b: Fridge|1\n|-damage|p2b: Fridge|67/100\n|\n|upkeep\n|turn|2\n|inactive|testdigi has 30 seconds left.\n|\n|t:|1788272767\n|switch|p1b: Basculegion|Basculegion, L50, M|100/100\n|move|p1a: Sneasler|Protect|p1a: Sneasler\n|-singleturn|p1a: Sneasler|Protect\n|move|p2a: Flower Man|Tailwind|p2a: Flower Man\n|-sidestart|p2: testdigi|move: Tailwind\n|move|p2b: Fridge|Psychic|p1a: Sneasler\n|-activate|p1a: Sneasler|move: Protect\n|\n|upkeep\n|turn|3\n|\n|t:|1788272782\n|switch|p1a: Incineroar|Incineroar, L50, M|58/100\n|-ability|p1a: Incineroar|Intimidate|boost\n|-boost|p2a: Flower Man|atk|1\n|-unboost|p2b: Fridge|atk|1\n|move|p2a: Flower Man|Close Combat|p1a: Incineroar\n|-supereffective|p1a: Incineroar|1\n|-damage|p1a: Incineroar|0 fnt\n|-boost|p2a: Flower Man|def|1\n|-boost|p2a: Flower Man|spd|1\n|faint|p1a: Incineroar\n|move|p2b: Fridge|Psychic|p1b: Basculegion\n|-damage|p1b: Basculegion|58/100\n|move|p1b: Basculegion|Wave Crash|p2a: Flower Man\n|-damage|p2a: Flower Man|22/100\n|-damage|p1b: Basculegion|37/100|[from] Recoil\n|-damage|p1b: Basculegion|28/100|[from] item: Life Orb\n|\n|upkeep\n|\n|t:|1788272798\n|switch|p1a: Charizard|Charizard, L50, F|100/100\n|turn|4\n|\n|t:|1788272813\n|detailschange|p1a: Charizard|Charizard-Mega-Y, L50, F\n|-mega|p1a: Charizard|Charizard|Charizardite Y\n|-weather|SunnyDay|[from] ability: Drought|[of] p1a: Charizard\n|move|p2a: Flower Man|Protect|p2a: Flower Man\n|-singleturn|p2a: Flower Man|Protect\n|move|p1b: Basculegion|Protect|p1b: Basculegion\n|-singleturn|p1b: Basculegion|Protect\n|move|p2b: Fridge|Psychic|p1b: Basculegion\n|-activate|p1b: Basculegion|move: Protect\n|move|p1a: Charizard|Heat Wave|p2b: Fridge|[spread] p2b\n|-activate|p2a: Flower Man|move: Protect\n|-damage|p2b: Fridge|7/100\n|-enditem|p2b: Fridge|Sitrus Berry|[eat]\n|-heal|p2b: Fridge|32/100|[from] item: Sitrus Berry\n|\n|-weather|SunnyDay|[upkeep]\n|upkeep\n|turn|5\n|\n|t:|1788272837\n|move|p2b: Fridge|Protect|p2b: Fridge\n|-singleturn|p2b: Fridge|Protect\n|move|p1b: Basculegion|Protect|p1b: Basculegion\n|-singleturn|p1b: Basculegion|Protect\n|move|p2a: Flower Man|Dual Wingbeat|p1b: Basculegion\n|-activate|p1b: Basculegion|move: Protect\n|move|p1a: Charizard|Heat Wave|p2a: Flower Man|[spread] p2a\n|-activate|p2b: Fridge|move: Protect\n|-damage|p2a: Flower Man|0 fnt\n|faint|p2a: Flower Man\n|\n|-weather|SunnyDay|[upkeep]\n|-sideend|p2: testdigi|move: Tailwind\n|upkeep\n|\n|t:|1788272852\n|switch|p2a: Basculegion|Basculegion, L50, M|100/100\n|turn|6\n|\n|t:|1788272873\n|move|p2a: Basculegion|Last Respects|p1a: Charizard\n|-damage|p1a: Charizard|37/100\n|move|p1a: Charizard|Heat Wave|p2b: Fridge|[spread] p2b\n|-miss|p1a: Charizard|p2a: Basculegion\n|-damage|p2b: Fridge|0 fnt\n|faint|p2b: Fridge\n|move|p1b: Basculegion|Last Respects|p2a: Basculegion\n|-supereffective|p2a: Basculegion|1\n|-damage|p2a: Basculegion|0 fnt\n|faint|p2a: Basculegion\n|-damage|p1b: Basculegion|18/100|[from] item: Life Orb\n|\n|-weather|SunnyDay|[upkeep]\n|upkeep\n|-message|testdigi forfeited.\n|\n|win|Simumzera\n","uploadtime":1788272691,"views":"0","formatid":"gen9championsvgc2026regmb","rating":null,"private":0,"password":null}