{"id":"gen9championsvgc2026regmbbo3-2674210351","format":"[Gen 9 Champions] VGC 2026 Reg M-B (Bo3)","players":["Lucia_Tortuga","Hashem753"],"log":"|j|☆Lucia_Tortuga\n|j|☆Hashem753\n|html|<table width=\"100%\"><tr><td align=\"left\">Lucia_Tortuga</td><td align=\"right\">Hashem753</tr><tr><td align=\"left\"><i class=\"fa fa-circle-o\"></i> <i class=\"fa fa-circle-o\"></i> </td><td align=\"right\"><i class=\"fa fa-circle-o\"></i> <i class=\"fa fa-circle-o\"></i> </tr></table>\n|uhtml|bestof|<h2><strong>Game 1</strong> of <a href=\"/game-bestof3-gen9championsvgc2026regmbbo3-2674210350\">a best-of-3</a></h2>\n|t:|1788316010\n|gametype|doubles\n|player|p1|Lucia_Tortuga|veteranf|\n|player|p2|Hashem753|265|\n|gen|9\n|tier|[Gen 9 Champions] VGC 2026 Reg M-B (Bo3)\n|rule|Species Clause: Limit one of each Pokémon\n|rule|Item Clause: Limit 1 of each item\n|raw|<div class=\"infobox\"><details class=\"readmore\" open><summary><strong>1 custom rule:</strong></summary> !Force Open Team Sheets</details></div>\n|clearpoke\n|poke|p1|Banette, L50, F|\n|poke|p1|Tyranitar, L50, F|\n|poke|p1|Steelix, L50, F|\n|poke|p1|Hippowdon, L50, M|\n|poke|p1|Armarouge, L50, M|\n|poke|p1|Crabominable, L50, F|\n|poke|p2|Charizard, L50, M, shiny|\n|poke|p2|Aegislash, L50, M, shiny|\n|poke|p2|Aerodactyl, L50, M|\n|poke|p2|Garchomp, L50, M|\n|poke|p2|Venusaur, L50, F|\n|poke|p2|Sableye, L50, F|\n|teampreview|4\n|j| laxman85\n|\n|t:|1788316072\n|teamsize|p1|4\n|teamsize|p2|4\n|start\n|switch|p1a: Banette|Banette, L50, F|100/100\n|switch|p1b: Armarouge|Armarouge, L50, M|100/100\n|switch|p2a: Garchomp|Garchomp, L50, M|100/100\n|switch|p2b: Aerodactyl|Aerodactyl, L50, M|100/100\n|-ability|p2b: Aerodactyl|Unnerve\n|turn|1\n|\n|t:|1788316090\n|detailschange|p2a: Garchomp|Garchomp-Mega, L50, M\n|-mega|p2a: Garchomp|Garchomp|Garchompite\n|move|p2a: Garchomp|Protect|p2a: Garchomp\n|-singleturn|p2a: Garchomp|Protect\n|move|p1b: Armarouge|Wide Guard|p1b: Armarouge\n|-singleturn|p1b: Armarouge|Wide Guard\n|move|p2b: Aerodactyl|Tailwind|p2b: Aerodactyl\n|-sidestart|p2: Hashem753|move: Tailwind\n|move|p1a: Banette|Trick Room|p1a: Banette\n|-fieldstart|move: Trick Room|[of] p1a: Banette\n|\n|upkeep\n|turn|2\n|\n|t:|1788316129\n|switch|p1b: Crabominable|Crabominable, L50, F|100/100\n|move|p1a: Banette|Will-O-Wisp|p2a: Garchomp\n|-status|p2a: Garchomp|brn\n|move|p2a: Garchomp|Earthquake|p1a: Banette|[spread] p1a,p1b\n|-immune|p2b: Aerodactyl\n|-damage|p1a: Banette|65/100\n|-damage|p1b: Crabominable|76/100\n|move|p2b: Aerodactyl|Rock Slide|p1b: Crabominable|[spread] p1a,p1b\n|-damage|p1a: Banette|30/100\n|-damage|p1b: Crabominable|48/100\n|-start|p2b: Aerodactyl|Disable|Rock Slide|[from] ability: Cursed Body|[of] p1a: Banette\n|\n|-damage|p2a: Garchomp|94/100 brn|[from] brn\n|upkeep\n|turn|3\n|\n|t:|1788316153\n|move|p2a: Garchomp|Protect|p2a: Garchomp\n|-singleturn|p2a: Garchomp|Protect\n|move|p1b: Crabominable|Ice Hammer|p2a: Garchomp\n|-activate|p2a: Garchomp|move: Protect\n|move|p1a: Banette|Knock Off|p2b: Aerodactyl\n|-damage|p2b: Aerodactyl|59/100\n|-enditem|p2b: Aerodactyl|Focus Sash|[from] move: Knock Off|[of] p1a: Banette\n|move|p2b: Aerodactyl|Dual Wingbeat|p1b: Crabominable\n|-supereffective|p1b: Crabominable|1\n|-damage|p1b: Crabominable|9/100\n|-supereffective|p1b: Crabominable|1\n|-damage|p1b: Crabominable|0 fnt\n|faint|p1b: Crabominable\n|-hitcount|p1: Crabominable|2\n|\n|-damage|p2a: Garchomp|88/100 brn|[from] brn\n|upkeep\n|\n|t:|1788316161\n|switch|p1b: Tyranitar|Tyranitar, L50, F|100/100\n|-weather|Sandstorm|[from] ability: Sand Stream|[of] p1b: Tyranitar\n|turn|4\n|\n|t:|1788316190\n|detailschange|p1b: Tyranitar|Tyranitar-Mega, L50, F\n|-mega|p1b: Tyranitar|Tyranitar|Tyranitarite\n|move|p1a: Banette|Poltergeist|p2a: Garchomp\n|-activate|p2a: Garchomp|move: Poltergeist|Garchompite\n|-damage|p2a: Garchomp|50/100g brn\n|move|p1b: Tyranitar|Rock Slide|p2a: Garchomp|[spread] p2a,p2b\n|-resisted|p2a: Garchomp|1\n|-supereffective|p2b: Aerodactyl|1\n|-damage|p2a: Garchomp|36/100 brn\n|-damage|p2b: Aerodactyl|0 fnt\n|faint|p2b: Aerodactyl\n|cant|p2a: Garchomp|flinch\n|\n|-weather|Sandstorm|[upkeep]\n|-damage|p1a: Banette|24/100|[from] Sandstorm\n|-damage|p2a: Garchomp|30/100 brn|[from] brn\n|-sideend|p2: Hashem753|move: Tailwind\n|upkeep\n|\n|t:|1788316210\n|switch|p2b: Aegislash|Aegislash, L50, M, shiny|100/100\n|turn|5\n|\n|t:|1788316257\n|move|p2b: Aegislash|King's Shield|p2b: Aegislash\n|-singleturn|p2b: Aegislash|Protect\n|move|p1b: Tyranitar|Protect|p1b: Tyranitar\n|-singleturn|p1b: Tyranitar|Protect\n|move|p1a: Banette|Poltergeist|p2b: Aegislash\n|-activate|p2b: Aegislash|move: Protect\n|move|p2a: Garchomp|Earthquake|p1a: Banette|[spread] p1a\n|-activate|p2b: Aegislash|move: Protect\n|-activate|p1b: Tyranitar|move: Protect\n|-damage|p1a: Banette|0 fnt\n|-start|p2a: Garchomp|Disable|Earthquake|[from] ability: Cursed Body|[of] p1a: Banette\n|faint|p1a: Banette\n|\n|-weather|Sandstorm|[upkeep]\n|-damage|p2a: Garchomp|24/100 brn|[from] brn\n|-fieldend|move: Trick Room\n|upkeep\n|\n|t:|1788316259\n|switch|p1a: Armarouge|Armarouge, L50, M|100/100\n|turn|6\n|\n|t:|1788316299\n|switch|p2b: Sableye|Sableye, L50, F|100/100\n|move|p1b: Tyranitar|Protect|p1b: Tyranitar\n|-singleturn|p1b: Tyranitar|Protect\n|move|p2a: Garchomp|Rock Slide|p1a: Armarouge|[spread] p1a\n|-activate|p1b: Tyranitar|move: Protect\n|-supereffective|p1a: Armarouge|1\n|-damage|p1a: Armarouge|79/100\n|move|p1a: Armarouge|Armor Cannon|p2b: Sableye\n|-damage|p2b: Sableye|21/100\n|-unboost|p1a: Armarouge|def|1\n|-unboost|p1a: Armarouge|spd|1\n|\n|-weather|Sandstorm|[upkeep]\n|-damage|p1a: Armarouge|73/100|[from] Sandstorm\n|-damage|p2b: Sableye|15/100|[from] Sandstorm\n|-damage|p2a: Garchomp|18/100 brn|[from] brn\n|upkeep\n|turn|7\n|\n|t:|1788316333\n|move|p1a: Armarouge|Wide Guard|p1a: Armarouge\n|-singleturn|p1a: Armarouge|Wide Guard\n|move|p2b: Sableye|Light Screen|p2b: Sableye\n|-sidestart|p2: Hashem753|move: Light Screen\n|move|p2a: Garchomp|Rock Slide|p1a: Armarouge|[spread] \n|-activate|p1a: Armarouge|move: Wide Guard\n|-activate|p1b: Tyranitar|move: Wide Guard\n|move|p1b: Tyranitar|Rock Slide|p2b: Sableye|[spread] p2a,p2b\n|-resisted|p2a: Garchomp|1\n|-damage|p2a: Garchomp|1/100 brn\n|-damage|p2b: Sableye|0 fnt\n|faint|p2b: Sableye\n|\n|-weather|Sandstorm|[upkeep]\n|-damage|p1a: Armarouge|67/100|[from] Sandstorm\n|-damage|p2a: Garchomp|0 fnt|[from] brn\n|faint|p2a: Garchomp\n|upkeep\n|\n|t:|1788316352\n|switch|p2a: Aegislash|Aegislash, L50, M, shiny|100/100\n|turn|8\n|\n|t:|1788316364\n|-formechange|p2a: Aegislash|Aegislash-Blade|\n|move|p2a: Aegislash|Shadow Sneak|p1a: Armarouge\n|-supereffective|p1a: Armarouge|1\n|-damage|p1a: Armarouge|10/100\n|move|p1b: Tyranitar|Knock Off|p2a: Aegislash\n|-supereffective|p2a: Aegislash|1\n|-damage|p2a: Aegislash|0 fnt\n|-enditem|p2a: Aegislash|Spell Tag|[from] move: Knock Off|[of] p1b: Tyranitar\n|faint|p2a: Aegislash\n|\n|win|Lucia_Tortuga\n||Hashem753 is ready for game 2.\n","uploadtime":1788316373,"views":"2","formatid":"gen9championsvgc2026regmbbo3","rating":null,"private":0,"password":null}