{"id":"gen9championsvgc2026regmbbo3-2674499115","format":"[Gen 9 Champions] VGC 2026 Reg M-B (Bo3)","players":["HelgitheLean","i love all turtles"],"log":"|j|☆HelgitheLean\n|j|☆i love all turtles\n|html|<table width=\"100%\"><tr><td align=\"left\">HelgitheLean</td><td align=\"right\">i love all turtles</tr><tr><td align=\"left\"><i class=\"fa fa-circle\"></i> <i class=\"fa fa-circle-o\"></i> </td><td align=\"right\"><i class=\"fa fa-circle-o\"></i> <i class=\"fa fa-circle\"></i> </tr></table>\n|uhtml|bestof|<h2><strong>Game 3</strong> of <a href=\"/game-bestof3-gen9championsvgc2026regmbbo3-2674495691\">a best-of-3</a></h2>\n|t:|1788366980\n|gametype|doubles\n|player|p1|HelgitheLean|brawly|1383\n|player|p2|i love all turtles|ethan|1426\n|gen|9\n|tier|[Gen 9 Champions] VGC 2026 Reg M-B (Bo3)\n|rated|\n|rule|Species Clause: Limit one of each Pokémon\n|rule|Item Clause: Limit 1 of each item\n|clearpoke\n|poke|p1|Swampert, L50, F|\n|poke|p1|Archaludon, L50, F|\n|poke|p1|Pelipper, L50, F|\n|poke|p1|Venusaur, L50, M|\n|poke|p1|Charizard, L50, F|\n|poke|p1|Grimmsnarl, L50, M|\n|poke|p2|Whimsicott, L50, F|\n|poke|p2|Basculegion, L50, M|\n|poke|p2|Floette-Eternal, L50, F|\n|poke|p2|Dragonite, L50, M|\n|poke|p2|Sneasler, L50, M|\n|poke|p2|Kingambit, L50, M|\n|teampreview|4\n|showteam|p1|Swampert||Swampertite|Damp|IcePunch,WaveCrash,Earthquake,Protect|Adamant||F|||50|]Archaludon||Leftovers|Stamina|Snarl,ElectroShot,FlashCannon,Protect|Calm||F|||50|]Pelipper||FocusSash|Drizzle|Hurricane,WeatherBall,Tailwind,Protect|Modest||F|||50|]Venusaur||WideLens|Chlorophyll|SleepPowder,EarthPower,SludgeBomb,Protect|Modest||M|||50|]Charizard||CharizarditeY|Blaze|HeatWave,WeatherBall,Hurricane,Protect|Modest||F|||50|]Grimmsnarl||KebiaBerry|Prankster|FakeOut,SpiritBreak,SuckerPunch,PartingShot|Adamant||M|||50|\n|showteam|p2|Whimsicott||FocusSash|Prankster|Moonblast,Tailwind,Encore,Protect|Timid||F|||50|]Basculegion||LifeOrb|Adaptability|WaveCrash,LastRespects,AquaJet,Protect|Adamant||M|||50|]Floette-Eternal||Floettite|FlowerVeil|Moonblast,DazzlingGleam,LightofRuin,Protect|Timid||F|||50|]Dragonite||Dragoninite|InnerFocus|DragonPulse,HeatWave,Thunderbolt,Protect|Modest||M|||50|]Sneasler||WhiteHerb|Unburden|DireClaw,CloseCombat,RockSlide,FakeOut|Jolly||M|||50|]Kingambit||ChopleBerry|Defiant|KowtowCleave,IronHead,LowKick,SuckerPunch|Adamant||M|||50|\n|inactive|Battle timer is ON: inactive players will automatically lose when time's up. (requested by i love all turtles)\n|\n|t:|1788366990\n|teamsize|p1|4\n|teamsize|p2|4\n|start\n|switch|p1a: Grimmsnarl|Grimmsnarl, L50, M|100/100\n|switch|p1b: Venusaur|Venusaur, L50, M|100/100\n|switch|p2a: Dragonite|Dragonite, L50, M|100/100\n|switch|p2b: Sneasler|Sneasler, L50, M|100/100\n|turn|1\n|\n|t:|1788367006\n|detailschange|p2a: Dragonite|Dragonite-Mega, L50, M\n|-mega|p2a: Dragonite|Dragonite|Dragoninite\n|move|p2b: Sneasler|Fake Out|p1a: Grimmsnarl\n|-damage|p1a: Grimmsnarl|83/100\n|cant|p1a: Grimmsnarl|flinch\n|move|p2a: Dragonite|Heat Wave|p1a: Grimmsnarl|[spread] p1a,p1b\n|-supereffective|p1b: Venusaur|1\n|-damage|p1a: Grimmsnarl|52/100\n|-damage|p1b: Venusaur|44/100\n|move|p1b: Venusaur|Sleep Powder|p2b: Sneasler\n|-status|p2b: Sneasler|slp|[from] move: Sleep Powder\n|\n|upkeep\n|turn|2\n|\n|t:|1788367020\n|move|p1b: Venusaur|Protect|p1b: Venusaur\n|-singleturn|p1b: Venusaur|Protect\n|cant|p2b: Sneasler|slp\n|move|p2a: Dragonite|Heat Wave|p1a: Grimmsnarl|[spread] p1a\n|-activate|p1b: Venusaur|move: Protect\n|-damage|p1a: Grimmsnarl|20/100y\n|move|p1a: Grimmsnarl|Spirit Break|p2a: Dragonite\n|-supereffective|p2a: Dragonite|1\n|-damage|p2a: Dragonite|60/100\n|-unboost|p2a: Dragonite|spa|1\n|\n|upkeep\n|turn|3\n|inactive|HelgitheLean has 30 seconds left.\n|\n|t:|1788367045\n|switch|p2a: Whimsicott|Whimsicott, L50, F|100/100\n|move|p1a: Grimmsnarl|Parting Shot|p2a: Whimsicott\n|-unboost|p2a: Whimsicott|atk|1\n|-unboost|p2a: Whimsicott|spa|1\n|\n|t:|1788367052\n|switch|p1a: Pelipper|Pelipper, L50, F|100/100|[from] Parting Shot\n|-weather|RainDance|[from] ability: Drizzle|[of] p1a: Pelipper\n|cant|p2b: Sneasler|slp\n|move|p1b: Venusaur|Earth Power|p2b: Sneasler\n|-supereffective|p2b: Sneasler|1\n|-damage|p2b: Sneasler|22/100 slp\n|\n|-weather|RainDance|[upkeep]\n|upkeep\n|turn|4\n|\n|t:|1788367071\n|move|p2a: Whimsicott|Tailwind|p2a: Whimsicott\n|-sidestart|p2: i love all turtles|move: Tailwind\n|-curestatus|p2b: Sneasler|slp|[msg]\n|move|p2b: Sneasler|Rock Slide|p1b: Venusaur|[spread] p1a,p1b\n|-supereffective|p1a: Pelipper|1\n|-damage|p1a: Pelipper|48/100\n|-damage|p1b: Venusaur|23/100\n|move|p1a: Pelipper|Hurricane|p2b: Sneasler\n|-supereffective|p2b: Sneasler|1\n|-damage|p2b: Sneasler|0 fnt\n|faint|p2b: Sneasler\n|cant|p1b: Venusaur|flinch\n|\n|-weather|RainDance|[upkeep]\n|upkeep\n|\n|t:|1788367092\n|switch|p2b: Basculegion|Basculegion, L50, M|100/100\n|turn|5\n|\n|t:|1788367099\n|move|p2a: Whimsicott|Encore|p1b: Venusaur\n|-start|p1b: Venusaur|Encore\n|move|p2b: Basculegion|Last Respects|p1a: Pelipper\n|-damage|p1a: Pelipper|0 fnt\n|faint|p1a: Pelipper\n|-damage|p2b: Basculegion|90/100|[from] item: Life Orb\n|move|p1b: Venusaur|Earth Power|p2b: Basculegion\n|-damage|p2b: Basculegion|55/100\n|\n|-weather|RainDance|[upkeep]\n|upkeep\n|\n|t:|1788367113\n|switch|p1a: Grimmsnarl|Grimmsnarl, L50, M|20/100y\n|turn|6\n|\n|t:|1788367128\n|switch|p2a: Dragonite|Dragonite-Mega, L50, M|60/100\n|move|p2b: Basculegion|Aqua Jet|p1a: Grimmsnarl\n|-crit|p1a: Grimmsnarl\n|-damage|p1a: Grimmsnarl|0 fnt\n|faint|p1a: Grimmsnarl\n|-damage|p2b: Basculegion|46/100|[from] item: Life Orb\n|move|p1b: Venusaur|Earth Power|p2a: Dragonite\n|-immune|p2a: Dragonite\n|\n|-weather|RainDance|[upkeep]\n|upkeep\n|\n|t:|1788367132\n|switch|p1a: Swampert|Swampert, L50, F|100/100\n|turn|7\n|\n|t:|1788367140\n|detailschange|p1a: Swampert|Swampert-Mega, L50, F\n|-mega|p1a: Swampert|Swampert|Swampertite\n|move|p1a: Swampert|Protect|p1a: Swampert\n|-singleturn|p1a: Swampert|Protect\n|move|p2a: Dragonite|Dragon Pulse|p1b: Venusaur\n|-damage|p1b: Venusaur|0 fnt\n|faint|p1b: Venusaur\n|move|p2b: Basculegion|Wave Crash|p1a: Swampert\n|-activate|p1a: Swampert|move: Protect\n|\n|-weather|none\n|-sideend|p2: i love all turtles|move: Tailwind\n|upkeep\n|turn|8\n|\n|t:|1788367150\n|move|p2a: Dragonite|Dragon Pulse|p1a: Swampert\n|-damage|p1a: Swampert|49/100\n|move|p2b: Basculegion|Wave Crash|p1a: Swampert\n|-damage|p1a: Swampert|0 fnt\n|faint|p1a: Swampert\n|-damage|p2b: Basculegion|30/100|[from] Recoil\n|-damage|p2b: Basculegion|20/100y|[from] item: Life Orb\n|\n|win|i love all turtles\n|raw|HelgitheLean's rating: 1383 &rarr; <strong>1365</strong><br />(-18 for losing)\n|raw|i love all turtles's rating: 1426 &rarr; <strong>1444</strong><br />(+18 for winning)\n","uploadtime":1788367151,"views":"4","formatid":"gen9championsvgc2026regmbbo3","rating":1365,"private":0,"password":null}