{"id":"gen9championsvgc2026regmb-2674702185","format":"[Gen 9 Champions] VGC 2026 Reg M-B","players":["kmpepo","llamatruama"],"log":"|j|☆kmpepo\n|j|☆llamatruama\n|t:|1788392869\n|gametype|doubles\n|player|p1|kmpepo|2|1377\n|player|p2|llamatruama|170|1359\n|gen|9\n|tier|[Gen 9 Champions] VGC 2026 Reg M-B\n|rated|\n|rule|Species Clause: Limit one of each Pokémon\n|rule|Item Clause: Limit 1 of each item\n|clearpoke\n|poke|p1|Blaziken, L50, M|\n|poke|p1|Kingambit, L50, M|\n|poke|p1|Basculegion, L50, M|\n|poke|p1|Sylveon, L50, M|\n|poke|p1|Torkoal, L50, F|\n|poke|p1|Venusaur, L50, M|\n|poke|p2|Archaludon, L50, M|\n|poke|p2|Sneasler, L50, F|\n|poke|p2|Corviknight, L50, F|\n|poke|p2|Politoed, L50, M|\n|poke|p2|Banette, L50, M|\n|poke|p2|Sylveon, L50, M|\n|teampreview|4\n|inactive|Battle timer is ON: inactive players will automatically lose when time's up. (requested by llamatruama)\n|\n|t:|1788392889\n|teamsize|p1|4\n|teamsize|p2|4\n|start\n|switch|p1a: Venusaur|Venusaur, L50, M|100/100\n|switch|p1b: Sylveon|Sylveon, L50, M|100/100\n|switch|p2a: Banette|Banette, L50, M|100/100\n|switch|p2b: Sneasler|Sneasler, L50, F|100/100\n|-item|p1a: Venusaur|Occa Berry|[from] ability: Frisk|[of] p2a: Banette\n|-item|p1b: Sylveon|Fairy Feather|[from] ability: Frisk|[of] p2a: Banette\n|turn|1\n|\n|t:|1788392910\n|detailschange|p2a: Banette|Banette-Mega, L50, M\n|-mega|p2a: Banette|Banette|Banettite\n|move|p2a: Banette|Swagger|p2b: Sneasler|[miss]\n|-miss|p2a: Banette|p2b: Sneasler\n|move|p2b: Sneasler|Rock Slide|p1b: Sylveon|[spread] p1a,p1b\n|-damage|p1a: Venusaur|71/100\n|-damage|p1b: Sylveon|78/100\n|move|p1a: Venusaur|Sleep Powder|p2b: Sneasler\n|-status|p2b: Sneasler|slp|[from] move: Sleep Powder\n|-enditem|p2b: Sneasler|Lum Berry|[eat]\n|-curestatus|p2b: Sneasler|slp|[msg]\n|move|p1b: Sylveon|Hyper Voice|p2a: Banette|[spread] p2a,p2b\n|-damage|p2a: Banette|45/100\n|-damage|p2b: Sneasler|36/100\n|\n|upkeep\n|turn|2\n|inactive|kmpepo has 30 seconds left.\n|c|☆llamatruama|fuck it u cant confuse sneasler\n|inactive|kmpepo has 20 seconds left.\n|inactive|kmpepo has 15 seconds left.\n|c|☆llamatruama|hes too locked in\n|\n|t:|1788392956\n|move|p1a: Venusaur|Protect|p1a: Venusaur\n|-singleturn|p1a: Venusaur|Protect\n|move|p2a: Banette|Swagger|p2b: Sneasler\n|-boost|p2b: Sneasler|atk|2\n|-start|p2b: Sneasler|confusion\n|move|p1b: Sylveon|Quick Attack|p2b: Sneasler\n|-damage|p2b: Sneasler|15/100\n|-activate|p2b: Sneasler|confusion\n|-damage|p2b: Sneasler|0 fnt|[from] confusion\n|faint|p2b: Sneasler\n|\n|upkeep\n|c|☆llamatruama|NOOO\n|\n|t:|1788392970\n|switch|p2b: Corviknight|Corviknight, L50, F|100/100\n|turn|3\n|c|☆kmpepo|thats so unlucky im sorry\n|c|☆llamatruama|lmao all good\n|\n|t:|1788392988\n|move|p2a: Banette|Destiny Bond|p2a: Banette\n|-singlemove|p2a: Banette|Destiny Bond\n|move|p1a: Venusaur|Sleep Powder|p2b: Corviknight\n|-status|p2b: Corviknight|slp|[from] move: Sleep Powder\n|cant|p2b: Corviknight|slp\n|move|p1b: Sylveon|Hyper Voice|p2b: Corviknight|[spread] p2a,p2b\n|-resisted|p2b: Corviknight|1\n|-damage|p2a: Banette|0 fnt\n|-damage|p2b: Corviknight|80/100 slp\n|faint|p2a: Banette\n|-activate|p2a: Banette|move: Destiny Bond\n|faint|p1b: Sylveon\n|\n|upkeep\n|c|☆kmpepo|cool set tho\n|\n|t:|1788393005\n|switch|p2a: Politoed|Politoed, L50, M|100/100\n|switch|p1b: Blaziken|Blaziken, L50, M|100/100\n|-weather|RainDance|[from] ability: Drizzle|[of] p2a: Politoed\n|turn|4\n|\n|t:|1788393014\n|detailschange|p1b: Blaziken|Blaziken-Mega, L50, M\n|-mega|p1b: Blaziken|Blaziken|Blazikenite\n|move|p1b: Blaziken|Protect|p1b: Blaziken\n|-singleturn|p1b: Blaziken|Protect\n|move|p1a: Venusaur|Leaf Storm|p2a: Politoed|[miss]\n|-miss|p1a: Venusaur|p2a: Politoed\n|-curestatus|p2b: Corviknight|slp|[msg]\n|move|p2b: Corviknight|Brave Bird|p1a: Venusaur\n|-supereffective|p1a: Venusaur|1\n|-damage|p1a: Venusaur|0 fnt\n|faint|p1a: Venusaur\n|-damage|p2b: Corviknight|61/100|[from] Recoil\n|move|p2a: Politoed|Weather Ball|p1b: Blaziken\n|-activate|p1b: Blaziken|move: Protect\n|\n|-weather|RainDance|[upkeep]\n|-ability|p1b: Blaziken|Speed Boost|boost\n|-boost|p1b: Blaziken|spe|1\n|upkeep\n|\n|t:|1788393023\n|switch|p1a: Basculegion|Basculegion, L50, M|100/100\n|turn|5\n|c|☆llamatruama|not my team but thanks\n|\n|t:|1788393043\n|move|p1b: Blaziken|Close Combat|p2a: Politoed\n|-damage|p2a: Politoed|28/100\n|-unboost|p1b: Blaziken|def|1\n|-unboost|p1b: Blaziken|spd|1\n|-enditem|p2a: Politoed|Sitrus Berry|[eat]\n|-heal|p2a: Politoed|53/100|[from] item: Sitrus Berry\n|move|p1a: Basculegion|Last Respects|p2a: Politoed\n|-damage|p2a: Politoed|0 fnt\n|faint|p2a: Politoed\n|move|p2b: Corviknight|Brave Bird|p1a: Basculegion\n|-damage|p1a: Basculegion|53/100\n|-damage|p2b: Corviknight|47/100|[from] Recoil\n|\n|-weather|RainDance|[upkeep]\n|-ability|p1b: Blaziken|Speed Boost|boost\n|-boost|p1b: Blaziken|spe|1\n|upkeep\n|turn|6\n|c|☆llamatruama|gg\n|\n|t:|1788393057\n|move|p1b: Blaziken|Flare Blitz|p1a: Basculegion\n|-resisted|p1a: Basculegion|1\n|-damage|p1a: Basculegion|29/100\n|-damage|p1b: Blaziken|89/100|[from] Recoil\n|move|p1a: Basculegion|Last Respects|p2b: Corviknight\n|-damage|p2b: Corviknight|0 fnt\n|faint|p2b: Corviknight\n|\n|win|kmpepo\n","uploadtime":1788392945,"views":"3","formatid":"gen9championsvgc2026regmb","rating":null,"private":0,"password":null}