{"id":"gen9championsvgc2026regmb-2674904006","format":"[Gen 9 Champions] VGC 2026 Reg M-B","players":["Thornlace48812","pacosmash"],"log":"|j|☆Thornlace48812\n|j|☆pacosmash\n|t:|1788433050\n|gametype|doubles\n|player|p1|Thornlace48812|102|1283\n|player|p2|pacosmash|169|1219\n|gen|9\n|tier|[Gen 9 Champions] VGC 2026 Reg M-B\n|rated|\n|rule|Species Clause: Limit one of each Pokémon\n|rule|Item Clause: Limit 1 of each item\n|clearpoke\n|poke|p1|Garchomp, L50, M|\n|poke|p1|Charizard, L50, M|\n|poke|p1|Whimsicott, L50, M|\n|poke|p1|Sylveon, L50, F|\n|poke|p1|Kingambit, L50, M|\n|poke|p1|Basculegion, L50, M|\n|poke|p2|Bastiodon, L50, M|\n|poke|p2|Zoroark-Hisui, L50, F|\n|poke|p2|Mawile, L50, F|\n|poke|p2|Farigiraf, L50, F|\n|poke|p2|Whimsicott, L50, M|\n|poke|p2|Hydreigon, L50, F|\n|teampreview|4\n|inactive|Battle timer is ON: inactive players will automatically lose when time's up. (requested by Thornlace48812)\nThornlace48812 rejected open team sheets.\n|inactive|pacosmash has 60 seconds left.\n|\n|t:|1788433092\n|teamsize|p1|4\n|teamsize|p2|4\n|start\n|switch|p1a: Charizard|Charizard, L50, M|100/100\n|switch|p1b: Garchomp|Garchomp, L50, M|100/100\n|switch|p2a: Bastiodon|Bastiodon, L50, M|100/100\n|switch|p2b: Mawile|Mawile, L50, F|100/100\n|turn|1\n|\n|t:|1788433103\n|detailschange|p1a: Charizard|Charizard-Mega-Y, L50, M\n|-mega|p1a: Charizard|Charizard|Charizardite Y\n|-weather|SunnyDay|[from] ability: Drought|[of] p1a: Charizard\n|move|p2a: Bastiodon|Wide Guard|p2a: Bastiodon\n|-singleturn|p2a: Bastiodon|Wide Guard\n|move|p2b: Mawile|Icy Wind|p1a: Charizard|[spread] p1a,p1b\n|-supereffective|p1b: Garchomp|2\n|-damage|p1a: Charizard|85/100\n|-damage|p1b: Garchomp|41/100\n|-unboost|p1a: Charizard|spe|1\n|-unboost|p1b: Garchomp|spe|1\n|move|p1b: Garchomp|Earthquake|p2b: Mawile|[spread] \n|-activate|p2a: Bastiodon|move: Wide Guard\n|-activate|p2b: Mawile|move: Wide Guard\n|-immune|p1a: Charizard\n|move|p1a: Charizard|Heat Wave|p2b: Mawile|[spread] \n|-activate|p2a: Bastiodon|move: Wide Guard\n|-activate|p2b: Mawile|move: Wide Guard\n|\n|-weather|SunnyDay|[upkeep]\n|upkeep\n|turn|2\n|inactive|pacosmash has 30 seconds left.\n|\n|t:|1788433138\n|move|p2b: Mawile|Icy Wind|p1a: Charizard|[spread] p1a,p1b\n|-supereffective|p1b: Garchomp|2\n|-damage|p1a: Charizard|70/100\n|-damage|p1b: Garchomp|0 fnt\n|-unboost|p1a: Charizard|spe|1\n|faint|p1b: Garchomp\n|move|p1a: Charizard|Ancient Power|p2b: Mawile\n|-damage|p2b: Mawile|50/100g\n|replace|p2b: Zoroark|Zoroark-Hisui, L50, F\n|-end|p2b: Zoroark|Illusion\n|move|p2a: Bastiodon|Iron Defense|p2a: Bastiodon\n|-boost|p2a: Bastiodon|def|2\n|\n|-weather|SunnyDay|[upkeep]\n|upkeep\n|\n|t:|1788433138\n|switch|p1b: Whimsicott|Whimsicott, L50, M|100/100\n|turn|3\n|inactive|pacosmash has 30 seconds left.\n|\n|t:|1788433172\n|move|p1b: Whimsicott|Moonblast|p2a: Bastiodon\n|-resisted|p2a: Bastiodon|1\n|-damage|p2a: Bastiodon|87/100\n|move|p2b: Zoroark|Bitter Malice|p1a: Charizard\n|-damage|p1a: Charizard|28/100\n|-unboost|p1a: Charizard|atk|1\n|move|p1a: Charizard|Heat Wave|p2b: Zoroark|[spread] p2a,p2b\n|-damage|p2a: Bastiodon|46/100\n|-damage|p2b: Zoroark|0 fnt\n|faint|p2b: Zoroark\n|move|p2a: Bastiodon|Heavy Slam|p1b: Whimsicott\n|-supereffective|p1b: Whimsicott|1\n|-damage|p1b: Whimsicott|19/100\n|\n|-weather|SunnyDay|[upkeep]\n|-heal|p2a: Bastiodon|52/100|[from] item: Leftovers\n|upkeep\n|\n|t:|1788433187\n|switch|p2b: Hydreigon|Hydreigon, L50, F|100/100\n|turn|4\n|\n|t:|1788433201\n|move|p1a: Charizard|Protect|p1a: Charizard\n|-singleturn|p1a: Charizard|Protect\n|move|p2b: Hydreigon|Flamethrower|p1b: Whimsicott\n|-supereffective|p1b: Whimsicott|1\n|-damage|p1b: Whimsicott|0 fnt\n|faint|p1b: Whimsicott\n|move|p2a: Bastiodon|Body Press|p1a: Charizard\n|-activate|p1a: Charizard|move: Protect\n|\n|-weather|SunnyDay|[upkeep]\n|-heal|p2a: Bastiodon|58/100|[from] item: Leftovers\n|upkeep\n|\n|t:|1788433201\n|switch|p1b: Basculegion|Basculegion, L50, M|100/100\n|turn|5\n|\n|t:|1788433213\n|switch|p2b: Mawile|Mawile, L50, F|100/100\n|-ability|p2b: Mawile|Intimidate|boost\n|-unboost|p1a: Charizard|atk|1\n|-unboost|p1b: Basculegion|atk|1\n|move|p1b: Basculegion|Last Respects|p2b: Mawile\n|-damage|p2b: Mawile|14/100\n|move|p1a: Charizard|Heat Wave|p2a: Bastiodon|[spread] p2a,p2b\n|-supereffective|p2b: Mawile|1\n|-damage|p2a: Bastiodon|14/100\n|-damage|p2b: Mawile|0 fnt\n|faint|p2b: Mawile\n|move|p2a: Bastiodon|Body Press|p1a: Charizard\n|-resisted|p1a: Charizard|1\n|-damage|p1a: Charizard|0 fnt\n|faint|p1a: Charizard\n|\n|-weather|none\n|-heal|p2a: Bastiodon|20/100y|[from] item: Leftovers\n|upkeep\n|\n|t:|1788433223\n|switch|p2b: Hydreigon|Hydreigon, L50, F|100/100\n|turn|6\n|\n|t:|1788433234\n|move|p2b: Hydreigon|Dark Pulse|p1b: Basculegion\n|-supereffective|p1b: Basculegion|1\n|-damage|p1b: Basculegion|0 fnt\n|faint|p1b: Basculegion\n|\n|win|pacosmash\n|raw|Thornlace48812's rating: 1371 &rarr; <strong>1343</strong><br />(-28 for losing)\n|raw|pacosmash's rating: 1219 &rarr; <strong>1254</strong><br />(+35 for winning)\n","uploadtime":1788433235,"views":"0","formatid":"gen9championsvgc2026regmb","rating":1254,"private":0,"password":null}