{"id":"gen9championsvgc2026regmbbo3-2674026258","format":"[Gen 9 Champions] VGC 2026 Reg M-B (Bo3)","players":["xFaxe","TipsyTrapinch1"],"log":"|j|☆xFaxe\n|j|☆TipsyTrapinch1\n|html|<table width=\"100%\"><tr><td align=\"left\">xFaxe</td><td align=\"right\">TipsyTrapinch1</tr><tr><td align=\"left\"><i class=\"fa fa-circle\"></i> <i class=\"fa fa-circle-o\"></i> </td><td align=\"right\"><i class=\"fa fa-circle-o\"></i> <i class=\"fa fa-circle\"></i> </tr></table>\n|uhtml|bestof|<h2><strong>Game 3</strong> of <a href=\"/game-bestof3-gen9championsvgc2026regmbbo3-2674019805\">a best-of-3</a></h2>\n|t:|1788289753\n|gametype|doubles\n|player|p1|xFaxe|2|\n|player|p2|TipsyTrapinch1|170|\n|gen|9\n|tier|[Gen 9 Champions] VGC 2026 Reg M-B (Bo3)\n|rule|Species Clause: Limit one of each Pokémon\n|rule|Item Clause: Limit 1 of each item\n|clearpoke\n|poke|p1|Drampa, L50, M|\n|poke|p1|Politoed, L50, M, shiny|\n|poke|p1|Swampert, L50, M|\n|poke|p1|Raichu-Alola, L50, M|\n|poke|p1|Staraptor, L50, M, shiny|\n|poke|p1|Trevenant, L50, M, shiny|\n|poke|p2|Liepard, L50, F|\n|poke|p2|Venusaur, L50, F|\n|poke|p2|Charizard, L50, M|\n|poke|p2|Primarina, L50, M|\n|poke|p2|Staraptor, L50, F|\n|poke|p2|Ditto, L50|\n|teampreview|4\n|showteam|p1|Drampa||Drampanite|SapSipper|HyperVoice,ShadowBall,DracoMeteor,Protect|Quiet||M|||50|]Politoed||Leftovers|Drizzle|WeatherBall,EarthPower,Protect,PerishSong|Modest||M|||50|]Swampert||Swampertite|Damp|HighHorsepower,WaveCrash,Protect,HelpingHand|Adamant||M|||50|]Raichu-Alola||FocusSash|SurgeSurfer|VoltSwitch,Nuzzle,FakeOut,Encore|Timid||M|||50|]Staraptor||MentalHerb|Reckless|BraveBird,Protect,HelpingHand,Uturn|Adamant||M|||50|]Trevenant||SitrusBerry|Harvest|HornLeech,Protect,TrickRoom,WillOWisp|Brave||M|||50|\n|showteam|p2|Liepard||FocusSash|Prankster|FakeOut,SunnyDay,Encore,FoulPlay|Jolly||F|||50|]Venusaur||Venusaurite|Chlorophyll|SludgeBomb,GigaDrain,EarthPower,Protect|Timid||F|||50|]Charizard||LifeOrb|SolarPower|HeatWave,SolarBeam,DragonPulse,Protect|Timid||M|||50|]Primarina||SitrusBerry|LiquidVoice|HyperVoice,Moonblast,EnergyBall,Protect|Modest||M|||50|]Staraptor||Staraptite|Intimidate|CloseCombat,BraveBird,Tailwind,Protect|Serious||F|||50|]Ditto||ChoiceScarf|Imposter|Transform|Serious|||||50|\n|\n|t:|1788289838\n|teamsize|p1|4\n|teamsize|p2|4\n|start\n|switch|p1a: Staraptor|Staraptor, L50, M, shiny|100/100\n|switch|p1b: Better Raichu|Raichu-Alola, L50, M|100/100\n|switch|p2a: Liepard|Liepard, L50, F|100/100\n|switch|p2b: Venusaur|Venusaur, L50, F|100/100\n|turn|1\n|\n|t:|1788289859\n|move|p2b: Venusaur|Protect|p2b: Venusaur\n|-singleturn|p2b: Venusaur|Protect\n|move|p1b: Better Raichu|Fake Out|p2a: Liepard\n|-damage|p2a: Liepard|87/100\n|cant|p2a: Liepard|flinch\n|move|p1a: Staraptor|Brave Bird|p2b: Venusaur\n|-activate|p2b: Venusaur|move: Protect\n|\n|upkeep\n|turn|2\n|\n|t:|1788289887\n|switch|p2b: Staraptor|Staraptor, L50, F|100/100\n|-ability|p2b: Staraptor|Intimidate|boost\n|-unboost|p1a: Staraptor|atk|1\n|-unboost|p1b: Better Raichu|atk|1\n|move|p2a: Liepard|Encore|p1b: Better Raichu\n|-start|p1b: Better Raichu|Encore\n|move|p1b: Better Raichu|Fake Out||[still]\n|-hint|Fake Out only works on your first turn out.\n|-fail|p1b: Better Raichu\n|move|p1a: Staraptor|Brave Bird|p2b: Staraptor\n|-damage|p2b: Staraptor|39/100\n|-damage|p1a: Staraptor|80/100|[from] Recoil\n|\n|upkeep\n|turn|3\n|\n|t:|1788289927\n|switch|p1b: Top 3 NEW Mega|Drampa, L50, M|100/100\n|move|p2b: Staraptor|Protect|p2b: Staraptor\n|-singleturn|p2b: Staraptor|Protect\n|move|p1a: Staraptor|Protect|p1a: Staraptor\n|-singleturn|p1a: Staraptor|Protect\n|move|p2a: Liepard|Foul Play|p1a: Staraptor\n|-activate|p1a: Staraptor|move: Protect\n|\n|upkeep\n|turn|4\n|\n|t:|1788289971\n|switch|p1a: Trevenant|Trevenant, L50, M, shiny|100/100\n|detailschange|p2b: Staraptor|Staraptor-Mega, L50, F\n|-mega|p2b: Staraptor|Staraptor|Staraptite\n|detailschange|p1b: Top 3 NEW Mega|Drampa-Mega, L50, M\n|-mega|p1b: Top 3 NEW Mega|Drampa|Drampanite\n|move|p2a: Liepard|Encore||[still]\n|-fail|p2a: Liepard\n|move|p2b: Staraptor|Close Combat|p1b: Top 3 NEW Mega\n|-supereffective|p1b: Top 3 NEW Mega|1\n|-damage|p1b: Top 3 NEW Mega|1/100\n|-boost|p2b: Staraptor|def|1\n|-boost|p2b: Staraptor|spd|1\n|-ability|p1b: Top 3 NEW Mega|Berserk|boost\n|-boost|p1b: Top 3 NEW Mega|spa|1\n|move|p1b: Top 3 NEW Mega|Hyper Voice|p2b: Staraptor|[spread] p2a,p2b\n|-damage|p2a: Liepard|0 fnt\n|-damage|p2b: Staraptor|0 fnt\n|faint|p2a: Liepard\n|faint|p2b: Staraptor\n|\n|upkeep\n|c|☆TipsyTrapinch1|No way\n|c|☆TipsyTrapinch1|Ggs\n|\n|t:|1788289987\n|switch|p2a: Venusaur|Venusaur, L50, F|100/100\n|switch|p2b: Primarina|Primarina, L50, M|100/100\n|turn|5\n|c|☆xFaxe|huge\n|\n|t:|1788290008\n|move|p1b: Top 3 NEW Mega|Protect|p1b: Top 3 NEW Mega\n|-singleturn|p1b: Top 3 NEW Mega|Protect\n|move|p2a: Venusaur|Sludge Bomb|p1a: Trevenant\n|-damage|p1a: Trevenant|66/100\n|move|p2b: Primarina|Hyper Voice|p1b: Top 3 NEW Mega|[spread] p1a\n|-activate|p1b: Top 3 NEW Mega|move: Protect\n|-resisted|p1a: Trevenant|1\n|-damage|p1a: Trevenant|46/100\n|-enditem|p1a: Trevenant|Sitrus Berry|[eat]\n|-heal|p1a: Trevenant|71/100|[from] item: Sitrus Berry\n|move|p1a: Trevenant|Trick Room|p1a: Trevenant\n|-fieldstart|move: Trick Room|[of] p1a: Trevenant\n|\n|-item|p1a: Trevenant|Sitrus Berry|[from] ability: Harvest\n|upkeep\n|turn|6\n|\n|t:|1788290032\n|move|p2b: Primarina|Protect|p2b: Primarina\n|-singleturn|p2b: Primarina|Protect\n|move|p1b: Top 3 NEW Mega|Draco Meteor|p2a: Venusaur\n|-damage|p2a: Venusaur|0 fnt\n|-unboost|p1b: Top 3 NEW Mega|spa|2\n|faint|p2a: Venusaur\n|move|p1a: Trevenant|Horn Leech|p2b: Primarina\n|-activate|p2b: Primarina|move: Protect\n|\n|upkeep\n|turn|7\n|\n|t:|1788290044\n|move|p1b: Top 3 NEW Mega|Hyper Voice|p2b: Primarina\n|-damage|p2b: Primarina|63/100\n|move|p1a: Trevenant|Horn Leech|p2b: Primarina\n|-supereffective|p2b: Primarina|1\n|-damage|p2b: Primarina|0 fnt\n|-heal|p1a: Trevenant|100/100|[from] drain|[of] p2b: Primarina\n|faint|p2b: Primarina\n|\n|win|xFaxe\n|c|☆TipsyTrapinch1|Can you upload the games?\n|c|☆xFaxe|ggs\n|c|☆xFaxe|yeah\n|c|☆TipsyTrapinch1|Ty\n|l|☆TipsyTrapinch1\n|player|p2|\n|j|☆TipsyTrapinch1\n|player|p2|TipsyTrapinch1|170|\n|l|☆TipsyTrapinch1\n|player|p2|\n|j|☆TipsyTrapinch1\n|player|p2|TipsyTrapinch1|170|\n|j| TheScorch’dBlaze\n|l| TheScorch’dBlaze\n|l|☆TipsyTrapinch1\n|player|p2|\n","uploadtime":1788290172,"views":"4","formatid":"gen9championsvgc2026regmbbo3","rating":null,"private":0,"password":null}