{"id":"gen9championsvgc2026regmbbo3-2674667007","format":"[Gen 9 Champions] VGC 2026 Reg M-B (Bo3)","players":["ilykuronaa","kevonu"],"log":"|j|☆ilykuronaa\n|j|☆kevonu\n|html|<table width=\"100%\"><tr><td align=\"left\">ilykuronaa</td><td align=\"right\">kevonu</tr><tr><td align=\"left\"><i class=\"fa fa-circle\"></i> <i class=\"fa fa-circle-o\"></i> </td><td align=\"right\"><i class=\"fa fa-circle-o\"></i> <i class=\"fa fa-circle-o\"></i> </tr></table>\n|uhtml|bestof|<h2><strong>Game 2</strong> of <a href=\"/game-bestof3-gen9championsvgc2026regmbbo3-2674665202\">a best-of-3</a></h2>\n|t:|1788387527\n|gametype|doubles\n|player|p1|ilykuronaa|169|1111\n|player|p2|kevonu|1|1088\n|gen|9\n|tier|[Gen 9 Champions] VGC 2026 Reg M-B (Bo3)\n|rated|\n|rule|Species Clause: Limit one of each Pokémon\n|rule|Item Clause: Limit 1 of each item\n|clearpoke\n|poke|p1|Floette-Eternal, L50, F|\n|poke|p1|Basculegion, L50, M|\n|poke|p1|Kingambit, L50, F|\n|poke|p1|Dragonite, L50, M|\n|poke|p1|Garchomp, L50, F|\n|poke|p1|Sneasler, L50, M|\n|poke|p2|Tyranitar, L50, F|\n|poke|p2|Excadrill, L50, M|\n|poke|p2|Milotic, L50, M|\n|poke|p2|Sinistcha, L50|\n|poke|p2|Staraptor, L50, M|\n|poke|p2|Gholdengo, L50|\n|teampreview|4\n|showteam|p1|Floette-Eternal||Floettite|FlowerVeil|Moonblast,DazzlingGleam,LightofRuin,Protect|Timid||F|||50|]Basculegion||LifeOrb|Adaptability|WaveCrash,LastRespects,AquaJet,Protect|Adamant||M|||50|]Kingambit||ChopleBerry|Defiant|SuckerPunch,KowtowCleave,LowKick,IronHead|Adamant||F|||50|]Dragonite||Dragoninite|Multiscale|DragonPulse,HeatWave,ExtremeSpeed,Protect|Modest||M|||50|]Garchomp||ChoiceScarf|RoughSkin|DragonClaw,StompingTantrum,Earthquake,RockSlide|Jolly||F|||50|]Sneasler||FocusSash|Unburden|CloseCombat,DireClaw,FakeOut,Feint|Adamant||M|||50|\n|showteam|p2|Tyranitar||Tyranitarite|SandStream|KnockOff,RockSlide,HighHorsepower,Protect|Jolly||F|||50|]Excadrill||FocusSash|SandRush|Earthquake,IronHead,RockSlide,Protect|Adamant||M|||50|]Milotic||SitrusBerry|Competitive|Scald,IcyWind,Haze,Protect|Calm||M|||50|]Sinistcha||ColburBerry|Hospitality|MatchaGotcha,ShadowBall,Protect,RagePowder|Bold|||||50|]Staraptor||Staraptite|Intimidate|CloseCombat,BraveBird,Tailwind,Protect|Jolly||M|||50|]Gholdengo||LifeOrb|GoodasGold|MakeItRain,ShadowBall,NastyPlot,Protect|Modest|||||50|\n|inactive|Battle timer is ON: inactive players will automatically lose when time's up. (requested by kevonu)\n|inactive|ilykuronaa has 60 seconds left.\n|\n|t:|1788387571\n|teamsize|p1|4\n|teamsize|p2|4\n|start\n|switch|p1a: Floette|Floette-Eternal, L50, F|100/100\n|switch|p1b: Garchomp|Garchomp, L50, F|100/100\n|switch|p2a: Gholdengo|Gholdengo, L50|100/100\n|switch|p2b: Staraptor|Staraptor, L50, M|100/100\n|-ability|p2b: Staraptor|Intimidate|boost\n|-unboost|p1a: Floette|atk|1\n|-unboost|p1b: Garchomp|atk|1\n|turn|1\n|\n|t:|1788387593\n|detailschange|p1a: Floette|Floette-Mega, L50, F\n|-mega|p1a: Floette|Floette|Floettite\n|-ability|p1a: Floette|Fairy Aura\n|move|p2a: Gholdengo|Protect|p2a: Gholdengo\n|-singleturn|p2a: Gholdengo|Protect\n|move|p1b: Garchomp|Stomping Tantrum|p2a: Gholdengo\n|-activate|p2a: Gholdengo|move: Protect\n|move|p1a: Floette|Moonblast|p2b: Staraptor\n|-damage|p2b: Staraptor|4/100\n|move|p2b: Staraptor|Tailwind|p2b: Staraptor\n|-sidestart|p2: kevonu|move: Tailwind\n|\n|upkeep\n|turn|2\n|\n|t:|1788387618\n|move|p1a: Floette|Protect|p1a: Floette\n|-singleturn|p1a: Floette|Protect\n|move|p2b: Staraptor|Close Combat|p1b: Garchomp\n|-damage|p1b: Garchomp|64/100\n|-unboost|p2b: Staraptor|def|1\n|-unboost|p2b: Staraptor|spd|1\n|-damage|p2b: Staraptor|0 fnt|[from] ability: Rough Skin|[of] p1b: Garchomp\n|faint|p2b: Staraptor\n|move|p1b: Garchomp|Stomping Tantrum|p2a: Gholdengo\n|-supereffective|p2a: Gholdengo|1\n|-damage|p2a: Gholdengo|54/100\n|move|p2a: Gholdengo|Make It Rain|p1a: Floette|[spread] p1b\n|-activate|p1a: Floette|move: Protect\n|-damage|p1b: Garchomp|7/100\n|-unboost|p2a: Gholdengo|spa|2\n|-damage|p2a: Gholdengo|44/100|[from] item: Life Orb\n|\n|upkeep\n|\n|t:|1788387637\n|switch|p2b: Excadrill|Excadrill, L50, M|100/100\n|turn|3\n|inactive|ilykuronaa has 30 seconds left.\n|\n|t:|1788387668\n|switch|p1b: Kingambit|Kingambit, L50, F|100/100\n|switch|p2a: Tyranitar|Tyranitar, L50, F|100/100\n|-weather|Sandstorm|[from] ability: Sand Stream|[of] p2a: Tyranitar\n|move|p2b: Excadrill|Rock Slide|p1b: Kingambit|[spread] p1a,p1b\n|-resisted|p1b: Kingambit|1\n|-damage|p1a: Floette|70/100\n|-damage|p1b: Kingambit|92/100\n|move|p1a: Floette|Light of Ruin|p2b: Excadrill\n|-resisted|p2b: Excadrill|1\n|-damage|p2b: Excadrill|30/100\n|-damage|p1a: Floette|27/100|[from] Recoil\n|\n|-weather|Sandstorm|[upkeep]\n|-damage|p1a: Floette|21/100|[from] Sandstorm\n|upkeep\n|turn|4\n|inactive|ilykuronaa has 30 seconds left.\n|inactive|kevonu has 30 seconds left.\n|\n|t:|1788387700\n|detailschange|p2a: Tyranitar|Tyranitar-Mega, L50, F\n|-mega|p2a: Tyranitar|Tyranitar|Tyranitarite\n|move|p1a: Floette|Protect|p1a: Floette\n|-singleturn|p1a: Floette|Protect\n|move|p1b: Kingambit|Sucker Punch|p2b: Excadrill\n|-damage|p2b: Excadrill|0 fnt\n|faint|p2b: Excadrill\n|move|p2a: Tyranitar|High Horsepower|p1b: Kingambit\n|-supereffective|p1b: Kingambit|1\n|-damage|p1b: Kingambit|38/100\n|\n|-weather|Sandstorm|[upkeep]\n|-damage|p1a: Floette|15/100|[from] Sandstorm\n|-sideend|p2: kevonu|move: Tailwind\n|upkeep\n|\n|t:|1788387711\n|switch|p2b: Gholdengo|Gholdengo, L50|44/100\n|turn|5\n|\n|t:|1788387728\n|move|p1b: Kingambit|Sucker Punch|p2b: Gholdengo\n|-supereffective|p2b: Gholdengo|1\n|-damage|p2b: Gholdengo|0 fnt\n|faint|p2b: Gholdengo\n|move|p1a: Floette|Moonblast|p2a: Tyranitar\n|-supereffective|p2a: Tyranitar|1\n|-damage|p2a: Tyranitar|25/100\n|move|p2a: Tyranitar|Rock Slide|p1b: Kingambit|[spread] p1a\n|-miss|p2a: Tyranitar|p1b: Kingambit\n|-damage|p1a: Floette|0 fnt\n|faint|p1a: Floette\n|\n|-weather|Sandstorm|[upkeep]\n|upkeep\n|\n|t:|1788387733\n|switch|p1a: Basculegion|Basculegion, L50, M|100/100\n|turn|6\n|-message|kevonu forfeited.\n|\n|win|ilykuronaa\n|raw|ilykuronaa's rating: 1111 &rarr; <strong>1134</strong><br />(+23 for winning)\n|raw|kevonu's rating: 1088 &rarr; <strong>1066</strong><br />(-22 for losing)\n","uploadtime":1788387740,"views":"2","formatid":"gen9championsvgc2026regmbbo3","rating":1066,"private":0,"password":null}