{"id":"gen9championsvgc2026regmbbo3-2674930831","format":"[Gen 9 Champions] VGC 2026 Reg M-B (Bo3)","players":["callanambulance206","Gladi8orscabbard"],"log":"|j|☆callanambulance206\n|j|☆Gladi8orscabbard\n|html|<table width=\"100%\"><tr><td align=\"left\">callanambulance206</td><td align=\"right\">Gladi8orscabbard</tr><tr><td align=\"left\"><i class=\"fa fa-circle-o\"></i> <i class=\"fa fa-circle-o\"></i> </td><td align=\"right\"><i class=\"fa fa-circle-o\"></i> <i class=\"fa fa-circle-o\"></i> </tr></table>\n|uhtml|bestof|<h2><strong>Game 1</strong> of <a href=\"/game-bestof3-gen9championsvgc2026regmbbo3-2674930830\">a best-of-3</a></h2>\n|t:|1788437876\n|gametype|doubles\n|player|p1|callanambulance206|steven|1076\n|player|p2|Gladi8orscabbard|swimmer|1095\n|gen|9\n|tier|[Gen 9 Champions] VGC 2026 Reg M-B (Bo3)\n|rated|\n|rule|Species Clause: Limit one of each Pokémon\n|rule|Item Clause: Limit 1 of each item\n|clearpoke\n|poke|p1|Scolipede, L50, M|\n|poke|p1|Espathra, L50, F|\n|poke|p1|Sinistcha, L50|\n|poke|p1|Sneasler, L50, F|\n|poke|p1|Altaria, L50, M|\n|poke|p1|Eelektross, L50, F|\n|poke|p2|Pidgeot, L50, M|\n|poke|p2|Garchomp, L50, M|\n|poke|p2|Whimsicott, L50, M|\n|poke|p2|Scizor, L50, M|\n|poke|p2|Ninetales, L50, M|\n|poke|p2|Rotom-Wash, L50|\n|teampreview|4\n|showteam|p1|Scolipede||SitrusBerry|SpeedBoost|SwordsDance,BatonPass,Protect,Megahorn|Jolly||M|||50|]Espathra||ColburBerry|SpeedBoost|CalmMind,BatonPass,Protect,LuminaCrash|Modest||F|||50|]Sinistcha||Leftovers|Hospitality|MatchaGotcha,Protect,LifeDew,RagePowder|Bold|||||50|]Sneasler||FocusSash|Unburden|FakeOut,CloseCombat,DireClaw,Feint|Jolly||F|||50|]Altaria||Altarianite|CloudNine|HyperVoice,BodySlam,DracoMeteor,BraveBird|Mild||M|||50|]Eelektross||Eelektrossite|Levitate|Thunderbolt,GigaDrain,CloseCombat,KnockOff|Mild||F|||50|\n|showteam|p2|Pidgeot||Pidgeotite|KeenEye|Hurricane,HyperBeam,HeatWave,Protect|Modest||M|||50|]Garchomp||ChoiceScarf|RoughSkin|Earthquake,DragonClaw,IronHead,RockSlide|Adamant||M|||50|]Whimsicott||FocusSash|Prankster|Tailwind,Encore,SunnyDay,Moonblast|Modest||M|||50|]Scizor||OccaBerry|Technician|BulletPunch,Uturn,SwordsDance,Protect|Adamant||M|||50|]Ninetales||Charcoal|Drought|HelpingHand,HeatWave,Disable,Protect|Timid||M|||50|]Rotom-Wash||SitrusBerry|Levitate|VoltSwitch,Thunderbolt,HydroPump,WillOWisp|Modest|||||50|\n|inactive|Battle timer is ON: inactive players will automatically lose when time's up. (requested by callanambulance206)\n|inactive|callanambulance206 has 60 seconds left.\n|inactive|Gladi8orscabbard has 60 seconds left.\n|inactive|Gladi8orscabbard has 30 seconds left.\n|\n|t:|1788437943\n|teamsize|p1|4\n|teamsize|p2|4\n|start\n|switch|p1a: Espathra|Espathra, L50, F|100/100\n|switch|p1b: Sneasler|Sneasler, L50, F|100/100\n|switch|p2a: Pidgeot|Pidgeot, L50, M|100/100\n|switch|p2b: Whimsicott|Whimsicott, L50, M|100/100\n|turn|1\n|\n|t:|1788437972\n|detailschange|p2a: Pidgeot|Pidgeot-Mega, L50, M\n|-mega|p2a: Pidgeot|Pidgeot|Pidgeotite\n|move|p1b: Sneasler|Fake Out|p2b: Whimsicott\n|-damage|p2b: Whimsicott|79/100\n|cant|p2b: Whimsicott|flinch\n|move|p2a: Pidgeot|Heat Wave|p1b: Sneasler|[spread] p1a,p1b\n|-damage|p1a: Espathra|59/100\n|-damage|p1b: Sneasler|63/100\n|-status|p1a: Espathra|brn\n|-status|p1b: Sneasler|brn\n|move|p1a: Espathra|Calm Mind|p1a: Espathra\n|-boost|p1a: Espathra|spa|1\n|-boost|p1a: Espathra|spd|1\n|\n|-damage|p1b: Sneasler|57/100 brn|[from] brn\n|-damage|p1a: Espathra|53/100 brn|[from] brn\n|-ability|p1a: Espathra|Speed Boost|boost\n|-boost|p1a: Espathra|spe|1\n|upkeep\n|turn|2\n|inactive|Gladi8orscabbard has 30 seconds left.\n|inactive|Gladi8orscabbard has 20 seconds left.\n|\n|t:|1788438012\n|move|p1a: Espathra|Protect|p1a: Espathra\n|-singleturn|p1a: Espathra|Protect\n|move|p2b: Whimsicott|Encore|p1b: Sneasler\n|-start|p1b: Sneasler|Encore\n|move|p1b: Sneasler|Fake Out||[still]\n|-hint|Fake Out only works on your first turn out.\n|-fail|p1b: Sneasler\n|move|p2a: Pidgeot|Heat Wave|p1b: Sneasler|[spread] p1b\n|-activate|p1a: Espathra|move: Protect\n|-damage|p1b: Sneasler|20/100y brn\n|\n|-damage|p1a: Espathra|47/100 brn|[from] brn\n|-damage|p1b: Sneasler|14/100 brn|[from] brn\n|-ability|p1a: Espathra|Speed Boost|boost\n|-boost|p1a: Espathra|spe|1\n|upkeep\n|turn|3\n|\n|t:|1788438025\n|switch|p1b: Sinistcha|Sinistcha, L50|100/100\n|-heal|p1a: Espathra|72/100 brn|[from] ability: Hospitality|[of] p1b: Sinistcha\n|move|p2b: Whimsicott|Sunny Day|p2b: Whimsicott\n|-weather|SunnyDay\n|move|p1a: Espathra|Baton Pass|p1a: Espathra\n|\n|t:|1788438031\n|switch|p1a: Eelektross|Eelektross, L50, F|100/100|[from] Baton Pass\n|move|p2a: Pidgeot|Heat Wave|p1b: Sinistcha|[spread] p1a,p1b\n|-supereffective|p1b: Sinistcha|1\n|-damage|p1a: Eelektross|65/100\n|-damage|p1b: Sinistcha|3/100\n|-status|p1b: Sinistcha|brn\n|\n|-weather|SunnyDay|[upkeep]\n|-heal|p1b: Sinistcha|9/100 brn|[from] item: Leftovers\n|-damage|p1b: Sinistcha|3/100 brn|[from] brn\n|upkeep\n|turn|4\n|inactive|Gladi8orscabbard has 30 seconds left.\n|\n|t:|1788438057\n|detailschange|p1a: Eelektross|Eelektross-Mega, L50, F\n|-mega|p1a: Eelektross|Eelektross|Eelektrossite\n|move|p2b: Whimsicott|Tailwind|p2b: Whimsicott\n|-sidestart|p2: Gladi8orscabbard|move: Tailwind\n|move|p2a: Pidgeot|Heat Wave|p1a: Eelektross|[spread] p1a,p1b\n|-crit|p1a: Eelektross\n|-supereffective|p1b: Sinistcha|1\n|-damage|p1a: Eelektross|0 fnt\n|-damage|p1b: Sinistcha|0 fnt\n|faint|p1a: Eelektross\n|faint|p1b: Sinistcha\n|\n|-weather|SunnyDay|[upkeep]\n|upkeep\n|\n|t:|1788438067\n|switch|p1a: Sneasler|Sneasler, L50, F|14/100 brn\n|switch|p1b: Espathra|Espathra, L50, F|72/100 brn\n|turn|5\n|\n|t:|1788438083\n|switch|p2b: Garchomp|Garchomp, L50, M|100/100\n|move|p1a: Sneasler|Fake Out|p2a: Pidgeot\n|-damage|p2a: Pidgeot|91/100\n|cant|p2a: Pidgeot|flinch\n|move|p1b: Espathra|Calm Mind|p1b: Espathra\n|-boost|p1b: Espathra|spa|1\n|-boost|p1b: Espathra|spd|1\n|\n|-weather|SunnyDay|[upkeep]\n|-damage|p1a: Sneasler|8/100 brn|[from] brn\n|-damage|p1b: Espathra|66/100 brn|[from] brn\n|-ability|p1b: Espathra|Speed Boost|boost\n|-boost|p1b: Espathra|spe|1\n|upkeep\n|turn|6\n|\n|t:|1788438100\n|move|p1b: Espathra|Protect|p1b: Espathra\n|-singleturn|p1b: Espathra|Protect\n|move|p1a: Sneasler|Feint|p2a: Pidgeot\n|-damage|p2a: Pidgeot|83/100\n|move|p2b: Garchomp|Earthquake|p1b: Espathra|[spread] p1a\n|-activate|p1b: Espathra|move: Protect\n|-immune|p2a: Pidgeot\n|-supereffective|p1a: Sneasler|1\n|-damage|p1a: Sneasler|0 fnt\n|faint|p1a: Sneasler\n|move|p2a: Pidgeot|Heat Wave|p1b: Espathra\n|-activate|p1b: Espathra|move: Protect\n|\n|-weather|SunnyDay|[upkeep]\n|-damage|p1b: Espathra|61/100 brn|[from] brn\n|-ability|p1b: Espathra|Speed Boost|boost\n|-boost|p1b: Espathra|spe|1\n|upkeep\n|turn|7\n|\n|t:|1788438116\n|move|p2b: Garchomp|Earthquake|p1b: Espathra|[spread] p1b\n|-immune|p2a: Pidgeot\n|-damage|p1b: Espathra|0 fnt\n|faint|p1b: Espathra\n|\n|win|Gladi8orscabbard\n||callanambulance206 is ready for game 2.\n","uploadtime":1788438126,"views":"3","formatid":"gen9championsvgc2026regmbbo3","rating":null,"private":0,"password":null}