{"id":"gen9championsvgc2026regmbbo3-2674266380","format":"[Gen 9 Champions] VGC 2026 Reg M-B (Bo3)","players":["lunalotll","KNC2210"],"log":"|j|☆lunalotll\n|j|☆KNC2210\n|html|<table width=\"100%\"><tr><td align=\"left\">lunalotll</td><td align=\"right\">KNC2210</tr><tr><td align=\"left\"><i class=\"fa fa-circle\"></i> <i class=\"fa fa-circle-o\"></i> </td><td align=\"right\"><i class=\"fa fa-circle-o\"></i> <i class=\"fa fa-circle\"></i> </tr></table>\n|uhtml|bestof|<h2><strong>Game 3</strong> of <a href=\"/game-bestof3-gen9championsvgc2026regmbbo3-2674264147\">a best-of-3</a></h2>\n|t:|1788327045\n|gametype|doubles\n|player|p1|lunalotll|lana|1379\n|player|p2|KNC2210|2|1300\n|gen|9\n|tier|[Gen 9 Champions] VGC 2026 Reg M-B (Bo3)\n|rated|\n|rule|Species Clause: Limit one of each Pokémon\n|rule|Item Clause: Limit 1 of each item\n|clearpoke\n|poke|p1|Venusaur, L50, F|\n|poke|p1|Primarina, L50, M|\n|poke|p1|Kingambit, L50, M|\n|poke|p1|Farigiraf, L50, M|\n|poke|p1|Torkoal, L50, F|\n|poke|p1|Blaziken, L50, M|\n|poke|p2|Gengar, L50, M|\n|poke|p2|Vivillon, L50, M|\n|poke|p2|Politoed, L50, M|\n|poke|p2|Swampert, L50, M|\n|poke|p2|Incineroar, L50, M|\n|poke|p2|Archaludon, L50, M|\n|teampreview|4\n|showteam|p1|Venusaur||OccaBerry|Chlorophyll|LeafStorm,SludgeBomb,SleepPowder,Protect|Timid||F|||50|]Primarina||LifeOrb|LiquidVoice|HyperVoice,Moonblast,AquaJet,Protect|Quiet||M|||50|]Kingambit||FocusSash|Defiant|KowtowCleave,IronHead,SuckerPunch,Protect|Adamant||M|||50|]Farigiraf||SitrusBerry|ArmorTail|Psychic,Thunderbolt,TrickRoom,Protect|Bold||M|||50|]Torkoal||Charcoal|Drought|Eruption,WeatherBall,HelpingHand,Protect|Quiet||F|||50|]Blaziken||Blazikenite|SpeedBoost|FlareBlitz,CloseCombat,RockSlide,Detect|Adamant||M|||50|\n|showteam|p2|Gengar||Gengarite|CursedBody|Protect,PerishSong,ShadowBall,SludgeBomb|Timid||M|||50|]Vivillon||FocusSash|CompoundEyes|Protect,Hurricane,RagePowder,SleepPowder|Timid||M|||50|]Politoed||SitrusBerry|Drizzle|Protect,PerishSong,WeatherBall,Encore|Calm||M|||50|]Swampert||Swampertite|Torrent|Protect,Earthquake,WaveCrash,IcePunch|Adamant||M|||50|]Incineroar||PasshoBerry|Intimidate|Protect,PartingShot,ThroatChop,FakeOut|Careful||M|||50|]Archaludon||Leftovers|Stamina|Protect,ElectroShot,DragonPulse,FlashCannon|Modest||M|||50|\n|inactive|Battle timer is ON: inactive players will automatically lose when time's up. (requested by lunalotll)\n|inactive|KNC2210 has 60 seconds left.\n|\n|t:|1788327076\n|teamsize|p1|4\n|teamsize|p2|4\n|start\n|switch|p1a: Blaziken|Blaziken, L50, M|100/100\n|switch|p1b: Kingambit|Kingambit, L50, M|100/100\n|switch|p2a: Vivillon|Vivillon, L50, M|100/100\n|switch|p2b: Swampert|Swampert, L50, M|100/100\n|turn|1\n|\n|t:|1788327095\n|detailschange|p1a: Blaziken|Blaziken-Mega, L50, M\n|-mega|p1a: Blaziken|Blaziken|Blazikenite\n|detailschange|p2b: Swampert|Swampert-Mega, L50, M\n|-mega|p2b: Swampert|Swampert|Swampertite\n|move|p1a: Blaziken|Detect|p1a: Blaziken\n|-singleturn|p1a: Blaziken|Protect\n|move|p1b: Kingambit|Protect|p1b: Kingambit\n|-singleturn|p1b: Kingambit|Protect\n|move|p2a: Vivillon|Sleep Powder|p1b: Kingambit\n|-activate|p1b: Kingambit|move: Protect\n|move|p2b: Swampert|Earthquake|p1a: Blaziken|[spread] \n|-activate|p1a: Blaziken|move: Protect\n|-activate|p1b: Kingambit|move: Protect\n|-immune|p2a: Vivillon\n|\n|-ability|p1a: Blaziken|Speed Boost|boost\n|-boost|p1a: Blaziken|spe|1\n|upkeep\n|turn|2\n|inactive|lunalotll has 30 seconds left.\n|inactive|lunalotll has 20 seconds left.\n|\n|t:|1788327134\n|move|p2a: Vivillon|Rage Powder|p2a: Vivillon\n|-singleturn|p2a: Vivillon|move: Rage Powder\n|move|p1b: Kingambit|Sucker Punch||[still]\n|-fail|p1b: Kingambit\n|move|p1a: Blaziken|Rock Slide|p2b: Swampert|[spread] p2b\n|-miss|p1a: Blaziken|p2a: Vivillon\n|-resisted|p2b: Swampert|1\n|-damage|p2b: Swampert|88/100\n|cant|p2b: Swampert|flinch\n|\n|-ability|p1a: Blaziken|Speed Boost|boost\n|-boost|p1a: Blaziken|spe|1\n|upkeep\n|turn|3\n|inactive|lunalotll has 30 seconds left.\n|\n|t:|1788327163\n|move|p2a: Vivillon|Rage Powder|p2a: Vivillon\n|-singleturn|p2a: Vivillon|move: Rage Powder\n|move|p1a: Blaziken|Close Combat|p2a: Vivillon\n|-resisted|p2a: Vivillon|2\n|-damage|p2a: Vivillon|62/100\n|-unboost|p1a: Blaziken|def|1\n|-unboost|p1a: Blaziken|spd|1\n|move|p2b: Swampert|Earthquake|p1a: Blaziken|[spread] p1a,p1b\n|-immune|p2a: Vivillon\n|-supereffective|p1a: Blaziken|1\n|-supereffective|p1b: Kingambit|1\n|-damage|p1a: Blaziken|0 fnt\n|-damage|p1b: Kingambit|23/100\n|faint|p1a: Blaziken\n|move|p1b: Kingambit|Kowtow Cleave|p2a: Vivillon\n|-damage|p2a: Vivillon|0 fnt\n|faint|p2a: Vivillon\n|\n|upkeep\n|\n|t:|1788327179\n|switch|p2a: Archaludon|Archaludon, L50, M|100/100\n|switch|p1a: Venusaur|Venusaur, L50, F|100/100\n|turn|4\n|\n|t:|1788327194\n|switch|p2b: Politoed|Politoed, L50, M|100/100\n|-weather|RainDance|[from] ability: Drizzle|[of] p2b: Politoed\n|move|p1b: Kingambit|Protect|p1b: Kingambit\n|-singleturn|p1b: Kingambit|Protect\n|move|p1a: Venusaur|Sleep Powder|p2a: Archaludon|[miss]\n|-miss|p1a: Venusaur|p2a: Archaludon\n|move|p2a: Archaludon|Electro Shot||[still]\n|-prepare|p2a: Archaludon|Electro Shot\n|-boost|p2a: Archaludon|spa|1\n|-anim|p2a: Archaludon|Electro Shot|p1b: Kingambit\n|-activate|p1b: Kingambit|move: Protect\n|\n|-weather|RainDance|[upkeep]\n|upkeep\n|turn|5\n|\n|t:|1788327209\n|switch|p1b: Torkoal|Torkoal, L50, F|100/100\n|-weather|SunnyDay|[from] ability: Drought|[of] p1b: Torkoal\n|move|p2b: Politoed|Protect|p2b: Politoed\n|-singleturn|p2b: Politoed|Protect\n|move|p1a: Venusaur|Leaf Storm|p2b: Politoed\n|-activate|p2b: Politoed|move: Protect\n|move|p2a: Archaludon|Electro Shot||[still]\n|-prepare|p2a: Archaludon|Electro Shot\n|-boost|p2a: Archaludon|spa|1\n|\n|-weather|SunnyDay|[upkeep]\n|upkeep\n|turn|6\n|inactive|KNC2210 has 30 seconds left.\n|\n|t:|1788327234\n|switch|p2b: Swampert|Swampert-Mega, L50, M|88/100\n|move|p1a: Venusaur|Leaf Storm|p2b: Swampert\n|-supereffective|p2b: Swampert|2\n|-damage|p2b: Swampert|0 fnt\n|-unboost|p1a: Venusaur|spa|2\n|faint|p2b: Swampert\n|move|p2a: Archaludon|Electro Shot|p1b: Torkoal|[from] lockedmove\n|-damage|p1b: Torkoal|0 fnt\n|faint|p1b: Torkoal\n|\n|-weather|SunnyDay|[upkeep]\n|upkeep\n|\n|t:|1788327247\n|switch|p2b: Politoed|Politoed, L50, M|100/100\n|switch|p1b: Kingambit|Kingambit, L50, M|23/100\n|-weather|RainDance|[from] ability: Drizzle|[of] p2b: Politoed\n|turn|7\n|\n|t:|1788327261\n|move|p1b: Kingambit|Protect|p1b: Kingambit\n|-singleturn|p1b: Kingambit|Protect\n|move|p1a: Venusaur|Sleep Powder|p2a: Archaludon\n|-status|p2a: Archaludon|slp|[from] move: Sleep Powder\n|cant|p2a: Archaludon|slp\n|move|p2b: Politoed|Perish Song|p2b: Politoed\n|-start|p1a: Venusaur|perish3|[silent]\n|-start|p1b: Kingambit|perish3|[silent]\n|-start|p2a: Archaludon|perish3|[silent]\n|-start|p2b: Politoed|perish3|[silent]\n|-fieldactivate|move: Perish Song\n|\n|-weather|RainDance|[upkeep]\n|-start|p1a: Venusaur|perish3\n|-start|p2a: Archaludon|perish3\n|-start|p2b: Politoed|perish3\n|-start|p1b: Kingambit|perish3\n|upkeep\n|turn|8\n|\n|t:|1788327278\n|move|p1a: Venusaur|Sleep Powder|p2b: Politoed\n|-status|p2b: Politoed|slp|[from] move: Sleep Powder\n|cant|p2a: Archaludon|slp\n|cant|p2b: Politoed|slp\n|move|p1b: Kingambit|Kowtow Cleave|p2b: Politoed\n|-damage|p2b: Politoed|51/100 slp\n|\n|-weather|RainDance|[upkeep]\n|-start|p1a: Venusaur|perish2\n|-start|p2a: Archaludon|perish2\n|-start|p2b: Politoed|perish2\n|-start|p1b: Kingambit|perish2\n|upkeep\n|turn|9\n|\n|t:|1788327298\n|move|p1b: Kingambit|Protect|p1b: Kingambit\n|-singleturn|p1b: Kingambit|Protect\n|move|p1a: Venusaur|Leaf Storm|p2b: Politoed\n|-supereffective|p2b: Politoed|1\n|-damage|p2b: Politoed|11/100 slp\n|-unboost|p1a: Venusaur|spa|2\n|-enditem|p2b: Politoed|Sitrus Berry|[eat]\n|-heal|p2b: Politoed|36/100 slp|[from] item: Sitrus Berry\n|-curestatus|p2a: Archaludon|slp|[msg]\n|move|p2a: Archaludon|Electro Shot||[still]\n|-prepare|p2a: Archaludon|Electro Shot\n|-boost|p2a: Archaludon|spa|1\n|-anim|p2a: Archaludon|Electro Shot|p1b: Kingambit\n|-activate|p1b: Kingambit|move: Protect\n|-curestatus|p2b: Politoed|slp|[msg]\n|move|p2b: Politoed|Weather Ball|p1b: Kingambit\n|-activate|p1b: Kingambit|move: Protect\n|\n|-weather|RainDance|[upkeep]\n|-start|p1a: Venusaur|perish1\n|-start|p2a: Archaludon|perish1\n|-start|p2b: Politoed|perish1\n|-start|p1b: Kingambit|perish1\n|upkeep\n|turn|10\n|l|☆lunalotll\n|inactive|lunalotll disconnected and has a minute to reconnect!\n|player|p1|\n|j|☆lunalotll\n|inactive|lunalotll reconnected and has 35 seconds left.\n|player|p1|lunalotll|lana|\n|inactive|lunalotll has 30 seconds left.\n|inactiveoff|Battle timer is now OFF.\n|inactive|Battle timer is ON: inactive players will automatically lose when time's up. (requested by KNC2210)\n|\n|t:|1788327347\n|move|p1b: Kingambit|Sucker Punch|p2b: Politoed\n|-damage|p2b: Politoed|0 fnt\n|faint|p2b: Politoed\n|move|p1a: Venusaur|Sleep Powder|p2a: Archaludon\n|-status|p2a: Archaludon|slp|[from] move: Sleep Powder\n|cant|p2a: Archaludon|slp\n|\n|-weather|RainDance|[upkeep]\n|-start|p1a: Venusaur|perish0\n|-start|p2a: Archaludon|perish0\n|-start|p1b: Kingambit|perish0\n|upkeep\n|faint|p1a: Venusaur\n|faint|p2a: Archaludon\n|faint|p1b: Kingambit\n|\n|win|lunalotll\n|raw|lunalotll's rating: 1379 &rarr; <strong>1395</strong><br />(+16 for winning)\n|raw|KNC2210's rating: 1300 &rarr; <strong>1281</strong><br />(-19 for losing)\n|c|☆lunalotll|ggs\n|l|☆KNC2210\n|player|p2|\n|c|☆lunalotll|thanks for the wincon :)\n","uploadtime":1788327374,"views":"11","formatid":"gen9championsvgc2026regmbbo3","rating":1281,"private":0,"password":null}