{"id":"gen9championsvgc2026regmb-2673991853","format":"[Gen 9 Champions] VGC 2026 Reg M-B","players":["killew","Cyterics"],"log":"|j|☆killew\n|j|☆Cyterics\n|t:|1788285710\n|gametype|doubles\n|player|p1|killew|2|1112\n|player|p2|Cyterics|1|1139\n|gen|9\n|tier|[Gen 9 Champions] VGC 2026 Reg M-B\n|rated|\n|rule|Species Clause: Limit one of each Pokémon\n|rule|Item Clause: Limit 1 of each item\n|clearpoke\n|poke|p1|Sylveon, L50, F|\n|poke|p1|Blastoise, L50, F|\n|poke|p1|Typhlosion-Hisui, L50, M|\n|poke|p1|Incineroar, L50, F|\n|poke|p1|Sinistcha, L50|\n|poke|p1|Aerodactyl, L50, F|\n|poke|p2|Sableye, L50, F|\n|poke|p2|Toxapex, L50, M|\n|poke|p2|Clefable, L50, M|\n|poke|p2|Kingambit, L50, M|\n|poke|p2|Salazzle, L50, F|\n|poke|p2|Steelix, L50, F|\n|teampreview|4\n|inactive|Battle timer is ON: inactive players will automatically lose when time's up. (requested by killew)\n|\n|t:|1788285730\n|teamsize|p1|4\n|teamsize|p2|4\n|start\n|switch|p1a: Sylveon|Sylveon, L50, F|100/100\n|switch|p1b: Aerodactyl|Aerodactyl, L50, F|100/100\n|switch|p2a: Sableye|Sableye, L50, F|100/100\n|switch|p2b: Toxapex|Toxapex, L50, M|100/100\n|turn|1\n|inactive|Cyterics has 30 seconds left.\n|inactive|Cyterics has 20 seconds left.\n|inactive|Cyterics has 15 seconds left.\n|inactive|Cyterics has 10 seconds left.\n|\n|t:|1788285775\n|move|p2b: Toxapex|Wide Guard|p2b: Toxapex\n|-singleturn|p2b: Toxapex|Wide Guard\n|move|p2a: Sableye|Calm Mind|p2a: Sableye\n|-boost|p2a: Sableye|spa|1\n|-boost|p2a: Sableye|spd|1\n|move|p1b: Aerodactyl|Tailwind|p1b: Aerodactyl\n|-sidestart|p1: killew|move: Tailwind\n|move|p1a: Sylveon|Hyper Voice|p2a: Sableye|[spread] \n|-activate|p2a: Sableye|move: Wide Guard\n|-activate|p2b: Toxapex|move: Wide Guard\n|\n|upkeep\n|turn|2\n|inactive|killew has 30 seconds left.\n|inactive|killew has 20 seconds left.\n|inactive|killew has 15 seconds left.\n|inactive|killew has 10 seconds left.\n|inactive|killew has 5 seconds left.\n|\n|t:|1788285830\n|move|p2b: Toxapex|Wide Guard|p2b: Toxapex\n|-singleturn|p2b: Toxapex|Wide Guard\n|move|p2a: Sableye|Calm Mind|p2a: Sableye\n|-boost|p2a: Sableye|spa|1\n|-boost|p2a: Sableye|spd|1\n|move|p1b: Aerodactyl|Dual Wingbeat|p2b: Toxapex\n|-damage|p2b: Toxapex|87/100\n|-damage|p2b: Toxapex|74/100\n|-hitcount|p2b: Toxapex|2\n|move|p1a: Sylveon|Hyper Voice|p2b: Toxapex|[spread] \n|-activate|p2a: Sableye|move: Wide Guard\n|-activate|p2b: Toxapex|move: Wide Guard\n|\n|-heal|p2b: Toxapex|80/100|[from] item: Leftovers\n|upkeep\n|turn|3\n|inactive|killew has 30 seconds left.\n|inactive|killew has 20 seconds left.\n|inactive|killew has 15 seconds left.\n|inactive|killew has 10 seconds left.\n|\n|t:|1788285877\n|detailschange|p2a: Sableye|Sableye-Mega, L50, F\n|-mega|p2a: Sableye|Sableye|Sablenite\n|move|p2b: Toxapex|Wide Guard|p2b: Toxapex\n|-singleturn|p2b: Toxapex|Wide Guard\n|move|p1b: Aerodactyl|Rock Slide|p2b: Toxapex|[spread] \n|-activate|p2a: Sableye|move: Wide Guard\n|-activate|p2b: Toxapex|move: Wide Guard\n|move|p1a: Sylveon|Moonblast|p2a: Sableye\n|-supereffective|p2a: Sableye|1\n|-damage|p2a: Sableye|38/100\n|move|p2a: Sableye|Shadow Ball|p1a: Sylveon\n|-damage|p1a: Sylveon|62/100\n|-unboost|p1a: Sylveon|spd|1\n|\n|-heal|p2b: Toxapex|85/100|[from] item: Leftovers\n|upkeep\n|turn|4\n|inactive|Cyterics has 30 seconds left.\n|\n|t:|1788285908\n|move|p2a: Sableye|Protect|p2a: Sableye\n|-singleturn|p2a: Sableye|Protect\n|move|p1b: Aerodactyl|Dual Wingbeat|p2a: Sableye\n|-activate|p2a: Sableye|move: Protect\n|move|p1a: Sylveon|Hyper Voice|p2b: Toxapex|[spread] p2b\n|-activate|p2a: Sableye|move: Protect\n|-resisted|p2b: Toxapex|1\n|-damage|p2b: Toxapex|64/100\n|move|p2b: Toxapex|Toxic|p1a: Sylveon\n|-status|p1a: Sylveon|tox\n|\n|-heal|p2b: Toxapex|70/100|[from] item: Leftovers\n|-damage|p1a: Sylveon|56/100 tox|[from] psn\n|-sideend|p1: killew|move: Tailwind\n|upkeep\n|turn|5\n|\n|t:|1788285931\n|move|p2b: Toxapex|Wide Guard|p2b: Toxapex\n|-singleturn|p2b: Toxapex|Wide Guard\n|move|p1b: Aerodactyl|Tailwind|p1b: Aerodactyl\n|-sidestart|p1: killew|move: Tailwind\n|move|p1a: Sylveon|Moonblast|p2a: Sableye\n|-supereffective|p2a: Sableye|1\n|-damage|p2a: Sableye|0 fnt\n|faint|p2a: Sableye\n|\n|-heal|p2b: Toxapex|75/100|[from] item: Leftovers\n|-damage|p1a: Sylveon|45/100 tox|[from] psn\n|upkeep\n|\n|t:|1788285938\n|switch|p2a: Clefable|Clefable, L50, M|100/100\n|turn|6\n|\n|t:|1788285952\n|switch|p1a: Blastoise|Blastoise, L50, F|100/100\n|move|p2a: Clefable|Follow Me|p2a: Clefable\n|-singleturn|p2a: Clefable|move: Follow Me\n|move|p1b: Aerodactyl|Rock Slide|p2a: Clefable|[spread] p2a,p2b\n|-damage|p2a: Clefable|70/100\n|-damage|p2b: Toxapex|59/100\n|move|p2b: Toxapex|Toxic|p1b: Aerodactyl\n|-status|p1b: Aerodactyl|tox\n|\n|-heal|p2b: Toxapex|65/100|[from] item: Leftovers\n|-damage|p1b: Aerodactyl|94/100 tox|[from] psn\n|upkeep\n|turn|7\n|\n|t:|1788285971\n|move|p1b: Aerodactyl|Rock Slide|p2b: Toxapex|[spread] p2a,p2b\n|-damage|p2a: Clefable|40/100\n|-damage|p2b: Toxapex|50/100g\n|move|p1a: Blastoise|Water Pulse|p2a: Clefable\n|-damage|p2a: Clefable|21/100\n|move|p2a: Clefable|Wish|p2a: Clefable\n|move|p2b: Toxapex|Toxic|p1a: Blastoise\n|-status|p1a: Blastoise|tox\n|\n|-heal|p2b: Toxapex|56/100|[from] item: Leftovers\n|-damage|p1b: Aerodactyl|82/100 tox|[from] psn\n|-damage|p1a: Blastoise|93/100 tox|[from] psn\n|upkeep\n|turn|8\n|inactive|Cyterics has 30 seconds left.\n|\n|t:|1788285998\n|switch|p1b: Sylveon|Sylveon, L50, F|45/100 tox\n|move|p2a: Clefable|Protect|p2a: Clefable\n|-singleturn|p2a: Clefable|Protect\n|move|p1a: Blastoise|Dark Pulse|p2b: Toxapex\n|-damage|p2b: Toxapex|36/100\n|move|p2b: Toxapex|Lunge|p1a: Blastoise\n|-damage|p1a: Blastoise|81/100 tox\n|-unboost|p1a: Blastoise|atk|1\n|\n|-heal|p2a: Clefable|71/100|[from] move: Wish|[wisher] Clefable\n|-heal|p2b: Toxapex|42/100|[from] item: Leftovers\n|-damage|p1a: Blastoise|68/100 tox|[from] psn\n|-damage|p1b: Sylveon|39/100 tox|[from] psn\n|-sideend|p1: killew|move: Tailwind\n|upkeep\n|turn|9\n|inactive|Cyterics has 30 seconds left.\n|\n|t:|1788286029\n|detailschange|p1a: Blastoise|Blastoise-Mega, L50, F\n|-mega|p1a: Blastoise|Blastoise|Blastoisinite\n|move|p2b: Toxapex|Baneful Bunker|p2b: Toxapex\n|-singleturn|p2b: Toxapex|move: Protect\n|move|p1a: Blastoise|Water Pulse|p2a: Clefable\n|-damage|p2a: Clefable|36/100\n|move|p2a: Clefable|Moonblast|p1a: Blastoise\n|-damage|p1a: Blastoise|42/100 tox\n|move|p1b: Sylveon|Hyper Beam|p2a: Clefable\n|-damage|p2a: Clefable|0 fnt\n|-mustrecharge|p1b: Sylveon\n|faint|p2a: Clefable\n|\n|-heal|p2b: Toxapex|47/100|[from] item: Leftovers\n|-damage|p1a: Blastoise|23/100 tox|[from] psn\n|-damage|p1b: Sylveon|27/100 tox|[from] psn\n|upkeep\n|\n|t:|1788286048\n|switch|p2a: Kingambit|Kingambit, L50, M|100/100\n|-activate|p2a: Kingambit|ability: Supreme Overlord\n|-start|p2a: Kingambit|fallen2|[silent]\n|turn|10\n|inactive|Cyterics has 30 seconds left.\n|\n|t:|1788286077\n|move|p2a: Kingambit|Protect|p2a: Kingambit\n|-singleturn|p2a: Kingambit|Protect\n|move|p2b: Toxapex|Wide Guard|p2b: Toxapex\n|-singleturn|p2b: Toxapex|Wide Guard\n|move|p1a: Blastoise|Aura Sphere|p2a: Kingambit\n|-activate|p2a: Kingambit|move: Protect\n|cant|p1b: Sylveon|recharge\n|\n|-heal|p2b: Toxapex|53/100|[from] item: Leftovers\n|-damage|p1a: Blastoise|0 fnt|[from] psn\n|faint|p1a: Blastoise\n|-damage|p1b: Sylveon|9/100 tox|[from] psn\n|upkeep\n|\n|t:|1788286088\n|switch|p1a: Aerodactyl|Aerodactyl, L50, F|82/100 tox\n|turn|11\n|inactive|killew has 30 seconds left.\n|\n|t:|1788286121\n|move|p2b: Toxapex|Wide Guard|p2b: Toxapex\n|-singleturn|p2b: Toxapex|Wide Guard\n|move|p2a: Kingambit|Sucker Punch|p1b: Sylveon\n|-resisted|p1b: Sylveon|1\n|-damage|p1b: Sylveon|0 fnt\n|faint|p1b: Sylveon\n|move|p1a: Aerodactyl|Rock Slide|p2a: Kingambit|[spread] \n|-activate|p2a: Kingambit|move: Wide Guard\n|-activate|p2b: Toxapex|move: Wide Guard\n|\n|-heal|p2b: Toxapex|59/100|[from] item: Leftovers\n|-damage|p1a: Aerodactyl|77/100 tox|[from] psn\n|upkeep\n|\n|t:|1788286123\n|switch|p1b: Typhlosion|Typhlosion-Hisui, L50, M|100/100\n|-item|p2a: Kingambit|Black Glasses|[from] ability: Frisk|[of] p1b: Typhlosion\n|-item|p2b: Toxapex|Leftovers|[from] ability: Frisk|[of] p1b: Typhlosion\n|turn|12\n|\n|t:|1788286142\n|move|p2b: Toxapex|Wide Guard|p2b: Toxapex\n|-singleturn|p2b: Toxapex|Wide Guard\n|move|p2a: Kingambit|Sucker Punch|p1b: Typhlosion\n|-supereffective|p1b: Typhlosion|1\n|-damage|p1b: Typhlosion|0 fnt\n|faint|p1b: Typhlosion\n|move|p1a: Aerodactyl|Dual Wingbeat|p2a: Kingambit\n|-resisted|p2a: Kingambit|1\n|-damage|p2a: Kingambit|92/100\n|-resisted|p2a: Kingambit|1\n|-damage|p2a: Kingambit|85/100\n|-hitcount|p2a: Kingambit|2\n|\n|-heal|p2b: Toxapex|64/100|[from] item: Leftovers\n|-damage|p1a: Aerodactyl|65/100 tox|[from] psn\n|upkeep\n|turn|13\n|-message|killew forfeited.\n|\n|win|Cyterics\n|raw|killew's rating: 1112 &rarr; <strong>1089</strong><br />(-23 for losing)\n|raw|Cyterics's rating: 1139 &rarr; <strong>1162</strong><br />(+23 for winning)\n|l|☆killew\n|player|p1|\n","uploadtime":1788286162,"views":"26","formatid":"gen9championsvgc2026regmb","rating":1089,"private":0,"password":null}