{"id":"gen9championsvgc2026regmb-2674338304","format":"[Gen 9 Champions] VGC 2026 Reg M-B","players":["dirtyLarry123","Cabin6"],"log":"|j|☆dirtyLarry123\n|j|☆Cabin6\n|t:|1788344249\n|gametype|doubles\n|player|p1|dirtyLarry123|265|1352\n|player|p2|Cabin6|anthea|1338\n|gen|9\n|tier|[Gen 9 Champions] VGC 2026 Reg M-B\n|rated|\n|rule|Species Clause: Limit one of each Pokémon\n|rule|Item Clause: Limit 1 of each item\n|clearpoke\n|poke|p1|Toxapex, L50, M, shiny|\n|poke|p1|Aggron, L50, M|\n|poke|p1|Umbreon, L50, F, shiny|\n|poke|p1|Sinistcha-Masterpiece, L50|\n|poke|p1|Charizard, L50, M|\n|poke|p1|Farigiraf, L50, F|\n|poke|p2|Blaziken, L50, F|\n|poke|p2|Farigiraf, L50, F|\n|poke|p2|Kingambit, L50, F|\n|poke|p2|Primarina, L50, F|\n|poke|p2|Torkoal, L50, F|\n|poke|p2|Venusaur, L50, F|\n|teampreview|4\n|inactive|Battle timer is ON: inactive players will automatically lose when time's up. (requested by Cabin6)\n|\n|t:|1788344303\n|teamsize|p1|4\n|teamsize|p2|4\n|start\n|switch|p1a: Charizard|Charizard, L50, M|100/100\n|switch|p1b: Farigiraf|Farigiraf, L50, F|100/100\n|switch|p2a: Blaziken|Blaziken, L50, F|100/100\n|switch|p2b: Farigiraf|Farigiraf, L50, F|100/100\n|turn|1\n|\n|t:|1788344318\n|detailschange|p2a: Blaziken|Blaziken-Mega, L50, F\n|-mega|p2a: Blaziken|Blaziken|Blazikenite\n|detailschange|p1a: Charizard|Charizard-Mega-Y, L50, M\n|-mega|p1a: Charizard|Charizard|Charizardite Y\n|-weather|SunnyDay|[from] ability: Drought|[of] p1a: Charizard\n|move|p2a: Blaziken|Detect|p2a: Blaziken\n|-singleturn|p2a: Blaziken|Protect\n|move|p2b: Farigiraf|Protect|p2b: Farigiraf\n|-singleturn|p2b: Farigiraf|Protect\n|move|p1a: Charizard|Weather Ball|p2b: Farigiraf\n|-activate|p2b: Farigiraf|move: Protect\n|move|p1b: Farigiraf|Foul Play|p2b: Farigiraf\n|-activate|p2b: Farigiraf|move: Protect\n|\n|-weather|SunnyDay|[upkeep]\n|-ability|p2a: Blaziken|Speed Boost|boost\n|-boost|p2a: Blaziken|spe|1\n|upkeep\n|turn|2\n|\n|t:|1788344339\n|move|p1a: Charizard|Protect|p1a: Charizard\n|-singleturn|p1a: Charizard|Protect\n|move|p2a: Blaziken|Rock Slide|p1a: Charizard|[spread] p1b\n|-activate|p1a: Charizard|move: Protect\n|-damage|p1b: Farigiraf|82/100\n|move|p2b: Farigiraf|Trick Room|p2b: Farigiraf\n|-fieldstart|move: Trick Room|[of] p2b: Farigiraf\n|move|p1b: Farigiraf|Trick Room|p1b: Farigiraf\n|-fieldend|move: Trick Room\n|\n|-weather|SunnyDay|[upkeep]\n|-ability|p2a: Blaziken|Speed Boost|boost\n|-boost|p2a: Blaziken|spe|1\n|upkeep\n|turn|3\n|inactive|Cabin6 has 30 seconds left.\n|\n|t:|1788344364\n|switch|p1a: Toxapex|Toxapex, L50, M, shiny|100/100\n|move|p2a: Blaziken|Flare Blitz|p1b: Farigiraf\n|-damage|p1b: Farigiraf|0 fnt\n|faint|p1b: Farigiraf\n|-damage|p2a: Blaziken|60/100|[from] Recoil\n|move|p2b: Farigiraf|Trick Room|p2b: Farigiraf\n|-fieldstart|move: Trick Room|[of] p2b: Farigiraf\n|\n|-weather|SunnyDay|[upkeep]\n|-ability|p2a: Blaziken|Speed Boost|boost\n|-boost|p2a: Blaziken|spe|1\n|upkeep\n|\n|t:|1788344380\n|switch|p1b: Charizard|Charizard-Mega-Y, L50, M|100/100\n|turn|4\n|\n|t:|1788344390\n|move|p2b: Farigiraf|Protect|p2b: Farigiraf\n|-singleturn|p2b: Farigiraf|Protect\n|move|p1a: Toxapex|Toxic|p2b: Farigiraf\n|-activate|p2b: Farigiraf|move: Protect\n|move|p1b: Charizard|Weather Ball|p2b: Farigiraf\n|-activate|p2b: Farigiraf|move: Protect\n|move|p2a: Blaziken|Rock Slide|p1a: Toxapex|[spread] p1a,p1b\n|-supereffective|p1b: Charizard|2\n|-damage|p1a: Toxapex|83/100\n|-damage|p1b: Charizard|15/100\n|\n|-weather|SunnyDay|[upkeep]\n|-heal|p1a: Toxapex|89/100|[from] item: Leftovers\n|-ability|p2a: Blaziken|Speed Boost|boost\n|-boost|p2a: Blaziken|spe|1\n|upkeep\n|turn|5\n|inactive|dirtyLarry123 has 30 seconds left.\n|inactive|Cabin6 has 30 seconds left.\n|\n|t:|1788344420\n|move|p1a: Toxapex|Toxic|p2b: Farigiraf\n|-status|p2b: Farigiraf|tox\n|move|p2b: Farigiraf|Thunderbolt|p1b: Charizard\n|-supereffective|p1b: Charizard|1\n|-damage|p1b: Charizard|0 fnt\n|faint|p1b: Charizard\n|move|p2a: Blaziken|Flare Blitz|p1a: Toxapex\n|-resisted|p1a: Toxapex|1\n|-damage|p1a: Toxapex|52/100\n|-damage|p2a: Blaziken|48/100|[from] Recoil\n|\n|-weather|none\n|-heal|p1a: Toxapex|58/100|[from] item: Leftovers\n|-damage|p2b: Farigiraf|93/100 tox|[from] psn\n|-ability|p2a: Blaziken|Speed Boost|boost\n|-boost|p2a: Blaziken|spe|1\n|upkeep\n|\n|t:|1788344434\n|switch|p1b: Sinistcha|Sinistcha-Masterpiece, L50|100/100\n|-heal|p1a: Toxapex|83/100|[from] ability: Hospitality|[of] p1b: Sinistcha\n|turn|6\n|\n|t:|1788344441\n|move|p1a: Toxapex|Infestation|p2a: Blaziken\n|-resisted|p2a: Blaziken|2\n|-damage|p2a: Blaziken|47/100\n|-activate|p2a: Blaziken|move: Infestation|[of] p1a: Toxapex\n|move|p2b: Farigiraf|Psychic|p1a: Toxapex\n|-supereffective|p1a: Toxapex|1\n|-damage|p1a: Toxapex|22/100\n|move|p1b: Sinistcha|Matcha Gotcha|p2a: Blaziken|[spread] p2a,p2b\n|-resisted|p2a: Blaziken|1\n|-crit|p2a: Blaziken\n|-damage|p2a: Blaziken|23/100\n|-damage|p2b: Farigiraf|63/100 tox\n|move|p2a: Blaziken|Flare Blitz|p1b: Sinistcha\n|-supereffective|p1b: Sinistcha|1\n|-damage|p1b: Sinistcha|0 fnt\n|faint|p1b: Sinistcha\n|-damage|p2a: Blaziken|0 fnt|[from] Recoil\n|faint|p2a: Blaziken\n|\n|-heal|p1a: Toxapex|28/100|[from] item: Leftovers\n|-damage|p2b: Farigiraf|50/100g tox|[from] psn\n|upkeep\n|\n|t:|1788344464\n|switch|p2a: Torkoal|Torkoal, L50, F|100/100\n|-weather|SunnyDay|[from] ability: Drought|[of] p2a: Torkoal\n|turn|7\n|\n|t:|1788344472\n|move|p1a: Toxapex|Baneful Bunker|p1a: Toxapex\n|-singleturn|p1a: Toxapex|move: Protect\n|move|p2a: Torkoal|Eruption|p1a: Toxapex\n|-activate|p1a: Toxapex|move: Protect\n|move|p2b: Farigiraf|Psychic|p1a: Toxapex\n|-activate|p1a: Toxapex|move: Protect\n|\n|-weather|SunnyDay|[upkeep]\n|-heal|p1a: Toxapex|33/100|[from] item: Leftovers\n|-damage|p2b: Farigiraf|32/100 tox|[from] psn\n|-fieldend|move: Trick Room\n|upkeep\n|-enditem|p2b: Farigiraf|Sitrus Berry|[eat]\n|-heal|p2b: Farigiraf|57/100 tox|[from] item: Sitrus Berry\n|turn|8\n|\n|t:|1788344488\n|move|p1a: Toxapex|Baneful Bunker||[still]\n|-fail|p1a: Toxapex\n|move|p2b: Farigiraf|Psychic|p1a: Toxapex\n|-supereffective|p1a: Toxapex|1\n|-damage|p1a: Toxapex|0 fnt\n|faint|p1a: Toxapex\n|\n|win|Cabin6\n|raw|dirtyLarry123's rating: 1352 &rarr; <strong>1331</strong><br />(-21 for losing)\n|raw|Cabin6's rating: 1338 &rarr; <strong>1359</strong><br />(+21 for winning)\n|l|☆dirtyLarry123\n|player|p1|\n","uploadtime":1788344593,"views":"4","formatid":"gen9championsvgc2026regmb","rating":1331,"private":0,"password":null}