{"id":"gen9championsvgc2026regmb-2674625381","format":"[Gen 9 Champions] VGC 2026 Reg M-B","players":["pinkfluit","Buggy00k"],"log":"|j|☆pinkfluit\n|j|☆Buggy00k\n|t:|1788381827\n|gametype|doubles\n|player|p1|pinkfluit|alder|1347\n|player|p2|Buggy00k|101|1312\n|gen|9\n|tier|[Gen 9 Champions] VGC 2026 Reg M-B\n|rated|\n|rule|Species Clause: Limit one of each Pokémon\n|rule|Item Clause: Limit 1 of each item\n|clearpoke\n|poke|p1|Mawile, L50, M|\n|poke|p1|Farigiraf, L50, F|\n|poke|p1|Incineroar, L50, M|\n|poke|p1|Sinistcha, L50|\n|poke|p1|Dragonite, L50, M|\n|poke|p1|Basculegion, L50, M|\n|poke|p2|Delphox, L50, F, shiny|\n|poke|p2|Garchomp, L50, M|\n|poke|p2|Floette-Eternal, L50, F|\n|poke|p2|Incineroar, L50, M|\n|poke|p2|Sinistcha, L50|\n|poke|p2|Sneasler, L50, F|\n|teampreview|4\n|inactive|Battle timer is ON: inactive players will automatically lose when time's up. (requested by pinkfluit)\n|\n|t:|1788381860\n|teamsize|p1|4\n|teamsize|p2|4\n|start\n|switch|p1a: Farigiraf|Farigiraf, L50, F|100/100\n|switch|p1b: Basculegion|Basculegion, L50, M|100/100\n|switch|p2a: Delphox|Delphox, L50, F, shiny|100/100\n|switch|p2b: Incineroar|Incineroar, L50, M|100/100\n|-ability|p2b: Incineroar|Intimidate|boost\n|-unboost|p1a: Farigiraf|atk|1\n|-unboost|p1b: Basculegion|atk|1\n|turn|1\n|inactive|Buggy00k has 30 seconds left.\n|\n|t:|1788381894\n|detailschange|p2a: Delphox|Delphox-Mega, L50, F, shiny\n|-mega|p2a: Delphox|Delphox|Delphoxite\n|move|p2a: Delphox|Protect|p2a: Delphox\n|-singleturn|p2a: Delphox|Protect\n|move|p1b: Basculegion|Flip Turn|p2b: Incineroar\n|-supereffective|p2b: Incineroar|1\n|-damage|p2b: Incineroar|52/100\n|\n|t:|1788381902\n|switch|p1b: Mawile|Mawile, L50, M|100/100|[from] Flip Turn\n|move|p2b: Incineroar|Parting Shot|p1b: Mawile\n|-fail|p1b: Mawile|unboost|atk|[from] ability: Hyper Cutter|[of] p1b: Mawile\n|-unboost|p1b: Mawile|spa|1\n|\n|t:|1788381912\n|switch|p2b: Sinistcha|Sinistcha, L50|100/100|[from] Parting Shot\n|move|p1a: Farigiraf|Trick Room|p1a: Farigiraf\n|-fieldstart|move: Trick Room|[of] p1a: Farigiraf\n|\n|upkeep\n|turn|2\n|\n|t:|1788381926\n|detailschange|p1b: Mawile|Mawile-Mega, L50, M\n|-mega|p1b: Mawile|Mawile|Mawilite\n|move|p2b: Sinistcha|Rage Powder|p2b: Sinistcha\n|-singleturn|p2b: Sinistcha|move: Rage Powder\n|move|p1b: Mawile|Rock Slide|p2b: Sinistcha|[spread] p2a,p2b\n|-supereffective|p2a: Delphox|1\n|-damage|p2a: Delphox|12/100\n|-damage|p2b: Sinistcha|67/100\n|move|p1a: Farigiraf|Hyper Voice|p2a: Delphox|[spread] p2a\n|-immune|p2b: Sinistcha\n|-damage|p2a: Delphox|0 fnt\n|faint|p2a: Delphox\n|\n|upkeep\n|\n|t:|1788381939\n|switch|p2a: Incineroar|Incineroar, L50, M|52/100\n|-ability|p2a: Incineroar|Intimidate|boost\n|-unboost|p1a: Farigiraf|atk|1\n|-unboost|p1b: Mawile|atk|1\n|turn|3\n|\n|t:|1788381953\n|move|p1b: Mawile|Rock Slide|p2a: Incineroar|[spread] p2a,p2b\n|-supereffective|p2a: Incineroar|1\n|-damage|p2a: Incineroar|9/100\n|-damage|p2b: Sinistcha|47/100\n|-enditem|p2a: Incineroar|Sitrus Berry|[eat]\n|-heal|p2a: Incineroar|34/100|[from] item: Sitrus Berry\n|move|p1a: Farigiraf|Hyper Voice|p2b: Sinistcha|[spread] p2a\n|-immune|p2b: Sinistcha\n|-damage|p2a: Incineroar|14/100\n|move|p2a: Incineroar|Throat Chop|p1a: Farigiraf\n|-supereffective|p1a: Farigiraf|1\n|-enditem|p1a: Farigiraf|Colbur Berry|[eat]\n|-enditem|p1a: Farigiraf|Colbur Berry|[weaken]\n|-damage|p1a: Farigiraf|67/100\n|-start|p1a: Farigiraf|Throat Chop|[silent]\n|move|p2b: Sinistcha|Trick Room|p2b: Sinistcha\n|-fieldend|move: Trick Room\n|\n|upkeep\n|turn|4\n|inactive|pinkfluit has 30 seconds left.\n|\n|t:|1788381981\n|move|p1b: Mawile|Protect|p1b: Mawile\n|-singleturn|p1b: Mawile|Protect\n|move|p2b: Sinistcha|Matcha Gotcha|p1a: Farigiraf|[spread] p1a\n|-activate|p1b: Mawile|move: Protect\n|-damage|p1a: Farigiraf|48/100\n|-heal|p2b: Sinistcha|59/100|[from] drain|[of] p1a: Farigiraf\n|-status|p1a: Farigiraf|brn\n|move|p2a: Incineroar|Throat Chop|p1a: Farigiraf\n|-supereffective|p1a: Farigiraf|1\n|-damage|p1a: Farigiraf|0 fnt\n|faint|p1a: Farigiraf\n|\n|upkeep\n|\n|t:|1788381994\n|switch|p1a: Basculegion|Basculegion, L50, M|100/100\n|turn|5\n|\n|t:|1788382016\n|move|p2b: Sinistcha|Protect|p2b: Sinistcha\n|-singleturn|p2b: Sinistcha|Protect\n|move|p1b: Mawile|Sucker Punch||[still]\n|-fail|p1b: Mawile\n|move|p1a: Basculegion|Last Respects|p2b: Sinistcha\n|-activate|p2b: Sinistcha|move: Protect\n|move|p2a: Incineroar|Parting Shot|p1a: Basculegion\n|-unboost|p1a: Basculegion|atk|1\n|-unboost|p1a: Basculegion|spa|1\n|\n|t:|1788382025\n|switch|p2a: Garchomp|Garchomp, L50, M|100/100|[from] Parting Shot\n|\n|upkeep\n|turn|6\n|\n|t:|1788382044\n|switch|p2b: Incineroar|Incineroar, L50, M|14/100\n|-ability|p2b: Incineroar|Intimidate|boost\n|-unboost|p1a: Basculegion|atk|1\n|-unboost|p1b: Mawile|atk|1\n|move|p1b: Mawile|Protect|p1b: Mawile\n|-singleturn|p1b: Mawile|Protect\n|move|p1a: Basculegion|Last Respects|p2b: Incineroar\n|-resisted|p2b: Incineroar|1\n|-damage|p2b: Incineroar|0 fnt\n|faint|p2b: Incineroar\n|move|p2a: Garchomp|Dragon Claw|p1a: Basculegion\n|-damage|p1a: Basculegion|32/100\n|-damage|p2a: Garchomp|90/100|[from] item: Life Orb\n|\n|upkeep\n|\n|t:|1788382057\n|switch|p2b: Sinistcha|Sinistcha, L50|59/100\n|-heal|p2a: Garchomp|100/100|[from] ability: Hospitality|[of] p2b: Sinistcha\n|turn|7\n|\n|t:|1788382066\n|switch|p1b: Sinistcha|Sinistcha, L50|100/100\n|-heal|p1a: Basculegion|57/100|[from] ability: Hospitality|[of] p1b: Sinistcha\n|move|p2b: Sinistcha|Rage Powder|p2b: Sinistcha\n|-singleturn|p2b: Sinistcha|move: Rage Powder\n|move|p1a: Basculegion|Last Respects|p2b: Sinistcha\n|-supereffective|p2b: Sinistcha|1\n|-enditem|p2b: Sinistcha|Kasib Berry|[eat]\n|-enditem|p2b: Sinistcha|Kasib Berry|[weaken]\n|-damage|p2b: Sinistcha|31/100\n|move|p2a: Garchomp|Stomping Tantrum|p1b: Sinistcha\n|-resisted|p1b: Sinistcha|1\n|-damage|p1b: Sinistcha|78/100\n|-damage|p2a: Garchomp|90/100|[from] item: Life Orb\n|\n|upkeep\n|turn|8\n|\n|t:|1788382089\n|move|p1a: Basculegion|Last Respects|p2b: Sinistcha\n|-supereffective|p2b: Sinistcha|1\n|-damage|p2b: Sinistcha|0 fnt\n|faint|p2b: Sinistcha\n|move|p2a: Garchomp|Stomping Tantrum|p1a: Basculegion\n|-damage|p1a: Basculegion|0 fnt\n|faint|p1a: Basculegion\n|-damage|p2a: Garchomp|80/100|[from] item: Life Orb\n|move|p1b: Sinistcha|Matcha Gotcha|p2a: Garchomp|[miss]\n|-miss|p1b: Sinistcha|p2a: Garchomp\n|\n|upkeep\n|\n|t:|1788382097\n|switch|p1a: Mawile|Mawile-Mega, L50, M|100/100\n|turn|9\n|\n|t:|1788382110\n|move|p1a: Mawile|Sucker Punch|p2a: Garchomp\n|-damage|p2a: Garchomp|33/100\n|-damage|p1a: Mawile|87/100|[from] ability: Rough Skin|[of] p2a: Garchomp\n|move|p2a: Garchomp|Stomping Tantrum|p1a: Mawile\n|-supereffective|p1a: Mawile|1\n|-damage|p1a: Mawile|0 fnt\n|faint|p1a: Mawile\n|-damage|p2a: Garchomp|24/100|[from] item: Life Orb\n|move|p1b: Sinistcha|Matcha Gotcha|p2a: Garchomp\n|-damage|p2a: Garchomp|0 fnt\n|-heal|p1b: Sinistcha|91/100|[from] drain|[of] p2a: Garchomp\n|faint|p2a: Garchomp\n|\n|win|pinkfluit\n|raw|pinkfluit's rating: 1347 &rarr; <strong>1365</strong><br />(+18 for winning)\n|raw|Buggy00k's rating: 1312 &rarr; <strong>1294</strong><br />(-18 for losing)\n|c|☆Buggy00k|gg\n","uploadtime":1788382125,"views":"6","formatid":"gen9championsvgc2026regmb","rating":1294,"private":0,"password":null}