{"id":"gen9championsvgc2026regmbbo3-2674183828","format":"[Gen 9 Champions] VGC 2026 Reg M-B (Bo3)","players":["champion thompson","Dkelly1126"],"log":"|j|☆champion thompson\n|j|☆Dkelly1126\n|html|<table width=\"100%\"><tr><td align=\"left\">champion thompson</td><td align=\"right\">Dkelly1126</tr><tr><td align=\"left\"><i class=\"fa fa-circle-o\"></i> <i class=\"fa fa-circle-o\"></i> </td><td align=\"right\"><i class=\"fa fa-circle-o\"></i> <i class=\"fa fa-circle\"></i> </tr></table>\n|uhtml|bestof|<h2><strong>Game 2</strong> of <a href=\"/game-bestof3-gen9championsvgc2026regmbbo3-2674181937\">a best-of-3</a></h2>\n|t:|1788311794\n|gametype|doubles\n|player|p1|champion thompson|265|1039\n|player|p2|Dkelly1126|blue|1102\n|gen|9\n|tier|[Gen 9 Champions] VGC 2026 Reg M-B (Bo3)\n|rated|\n|rule|Species Clause: Limit one of each Pokémon\n|rule|Item Clause: Limit 1 of each item\n|clearpoke\n|poke|p1|Sceptile, L50, F|\n|poke|p1|Jolteon, L50, M|\n|poke|p1|Corviknight, L50, F|\n|poke|p1|Whimsicott, L50, M|\n|poke|p1|Garchomp, L50, F|\n|poke|p1|Basculegion, L50, M|\n|poke|p2|Charizard, L50, M|\n|poke|p2|Archaludon, L50, M|\n|poke|p2|Pelipper, L50, M|\n|poke|p2|Grimmsnarl, L50, M|\n|poke|p2|Venusaur, L50, F|\n|poke|p2|Swampert, L50, F|\n|teampreview|4\n|showteam|p1|Sceptile||Sceptilite|Overgrow|DragonPulse,GrassKnot,EarthPower,Protect|Modest||F|||50|]Jolteon||LifeOrb|VoltAbsorb|Discharge,ShadowBall,VoltSwitch,Charm|Timid||M|||50|]Corviknight|||Pressure|Taunt,IronHead,BraveBird,Tailwind|Careful||F|||50|]Whimsicott||FocusSash|Prankster|Moonblast,Tailwind,Encore,WorrySeed|Timid||M|||50|]Garchomp||HabanBerry|RoughSkin|StompingTantrum,RockSlide,DragonClaw,Protect|Jolly||F|||50|]Basculegion||MysticWater|Adaptability|Protect,AquaJet,WaveCrash,LastRespects|Jolly||M|||50|\n|showteam|p2|Charizard||CharizarditeY|SolarPower|Protect,HeatWave,WeatherBall,Hurricane|Modest||M|||50|]Archaludon||Leftovers|Stamina|ElectroShot,Protect,FlashCannon,DragonPulse|Calm||M|||50|]Pelipper||SitrusBerry|Drizzle|Hurricane,WeatherBall,Tailwind,WideGuard|Bold||M|||50|]Grimmsnarl||LightClay|Prankster|LightScreen,Reflect,SpiritBreak,PartingShot|Sassy||M|||50|]Venusaur||FocusSash|Chlorophyll|Protect,SludgeBomb,LeafStorm,SleepPowder|Modest||F|||50|]Swampert||Swampertite|Torrent|Protect,WaveCrash,Earthquake,IcePunch|Adamant||F|||50|\n|inactive|Battle timer is ON: inactive players will automatically lose when time's up. (requested by champion thompson)\n|\n|t:|1788311832\n|teamsize|p1|4\n|teamsize|p2|4\n|start\n|switch|p1a: Whimsicott|Whimsicott, L50, M|100/100\n|switch|p1b: Garchomp|Garchomp, L50, F|100/100\n|switch|p2a: Grimmsnarl|Grimmsnarl, L50, M|100/100\n|switch|p2b: Archaludon|Archaludon, L50, M|100/100\n|turn|1\n|\n|t:|1788311851\n|move|p1a: Whimsicott|Tailwind|p1a: Whimsicott\n|-sidestart|p1: champion thompson|move: Tailwind\n|move|p2a: Grimmsnarl|Reflect|p2a: Grimmsnarl\n|-sidestart|p2: Dkelly1126|Reflect\n|move|p1b: Garchomp|Stomping Tantrum|p2b: Archaludon\n|-supereffective|p2b: Archaludon|1\n|-damage|p2b: Archaludon|65/100\n|-ability|p2b: Archaludon|Stamina|boost\n|-boost|p2b: Archaludon|def|1\n|move|p2b: Archaludon|Flash Cannon|p1a: Whimsicott\n|-supereffective|p1a: Whimsicott|1\n|-enditem|p1a: Whimsicott|Focus Sash\n|-damage|p1a: Whimsicott|1/100\n|\n|-heal|p2b: Archaludon|71/100|[from] item: Leftovers\n|upkeep\n|turn|2\n|\n|t:|1788311875\n|move|p1b: Garchomp|Protect|p1b: Garchomp\n|-singleturn|p1b: Garchomp|Protect\n|move|p1a: Whimsicott|Worry Seed|p2b: Archaludon\n|-ability|p2b: Archaludon|Insomnia|Stamina|[from] move: Worry Seed\n|move|p2a: Grimmsnarl|Light Screen|p2a: Grimmsnarl\n|-sidestart|p2: Dkelly1126|move: Light Screen\n|move|p2b: Archaludon|Flash Cannon|p1a: Whimsicott\n|-supereffective|p1a: Whimsicott|1\n|-damage|p1a: Whimsicott|0 fnt\n|faint|p1a: Whimsicott\n|\n|-heal|p2b: Archaludon|77/100|[from] item: Leftovers\n|upkeep\n|\n|t:|1788311889\n|switch|p1a: Sceptile|Sceptile, L50, F|100/100\n|turn|3\n|inactive|Dkelly1126 has 30 seconds left.\n|\n|t:|1788311916\n|move|p2b: Archaludon|Protect|p2b: Archaludon\n|-singleturn|p2b: Archaludon|Protect\n|move|p1a: Sceptile|Earth Power|p2b: Archaludon\n|-activate|p2b: Archaludon|move: Protect\n|move|p1b: Garchomp|Stomping Tantrum|p2b: Archaludon\n|-activate|p2b: Archaludon|move: Protect\n|move|p2a: Grimmsnarl|Spirit Break|p1a: Sceptile\n|-damage|p1a: Sceptile|46/100\n|-unboost|p1a: Sceptile|spa|1\n|\n|-heal|p2b: Archaludon|83/100|[from] item: Leftovers\n|upkeep\n|turn|4\n|\n|t:|1788311937\n|detailschange|p1a: Sceptile|Sceptile-Mega, L50, F\n|-mega|p1a: Sceptile|Sceptile|Sceptilite\n|move|p2a: Grimmsnarl|Parting Shot|p1b: Garchomp\n|-unboost|p1b: Garchomp|atk|1\n|-unboost|p1b: Garchomp|spa|1\n|\n|t:|1788311943\n|switch|p2a: Pelipper|Pelipper, L50, M|100/100|[from] Parting Shot\n|-weather|RainDance|[from] ability: Drizzle|[of] p2a: Pelipper\n|move|p1a: Sceptile|Earth Power|p2a: Pelipper\n|-immune|p2a: Pelipper\n|move|p1b: Garchomp|Rock Slide|p2b: Archaludon|[spread] p2a\n|-miss|p1b: Garchomp|p2b: Archaludon\n|-supereffective|p2a: Pelipper|1\n|-damage|p2a: Pelipper|82/100\n|move|p2b: Archaludon|Electro Shot||[still]\n|-prepare|p2b: Archaludon|Electro Shot\n|-boost|p2b: Archaludon|spa|1\n|-anim|p2b: Archaludon|Electro Shot|p1a: Sceptile\n|-ability|p1a: Sceptile|Lightning Rod|boost\n|-boost|p1a: Sceptile|spa|1\n|\n|-weather|RainDance|[upkeep]\n|-heal|p2b: Archaludon|89/100|[from] item: Leftovers\n|-sideend|p1: champion thompson|move: Tailwind\n|upkeep\n|turn|5\n|\n|t:|1788311962\n|move|p2b: Archaludon|Protect|p2b: Archaludon\n|-singleturn|p2b: Archaludon|Protect\n|move|p1a: Sceptile|Earth Power|p2b: Archaludon\n|-activate|p2b: Archaludon|move: Protect\n|move|p1b: Garchomp|Rock Slide|p2a: Pelipper|[spread] p2a\n|-activate|p2b: Archaludon|move: Protect\n|-supereffective|p2a: Pelipper|1\n|-damage|p2a: Pelipper|65/100\n|move|p2a: Pelipper|Tailwind|p2a: Pelipper\n|-sidestart|p2: Dkelly1126|move: Tailwind\n|\n|-weather|RainDance|[upkeep]\n|-heal|p2b: Archaludon|95/100|[from] item: Leftovers\n|upkeep\n|turn|6\n|\n|t:|1788311979\n|move|p2a: Pelipper|Wide Guard|p2a: Pelipper\n|-singleturn|p2a: Pelipper|Wide Guard\n|move|p2b: Archaludon|Dragon Pulse|p1a: Sceptile\n|-supereffective|p1a: Sceptile|1\n|-crit|p1a: Sceptile\n|-damage|p1a: Sceptile|0 fnt\n|faint|p1a: Sceptile\n|move|p1b: Garchomp|Stomping Tantrum|p2b: Archaludon\n|-supereffective|p2b: Archaludon|1\n|-damage|p2b: Archaludon|79/100\n|\n|-weather|RainDance|[upkeep]\n|-heal|p2b: Archaludon|85/100|[from] item: Leftovers\n|upkeep\n|\n|t:|1788311984\n|switch|p1a: Jolteon|Jolteon, L50, M|100/100\n|turn|7\n|\n|t:|1788311996\n|move|p2b: Archaludon|Dragon Pulse|p1a: Jolteon\n|-crit|p1a: Jolteon\n|-damage|p1a: Jolteon|0 fnt\n|faint|p1a: Jolteon\n|move|p2a: Pelipper|Weather Ball|p1b: Garchomp\n|-damage|p1b: Garchomp|45/100\n|move|p1b: Garchomp|Stomping Tantrum|p2b: Archaludon\n|-supereffective|p2b: Archaludon|1\n|-damage|p2b: Archaludon|68/100\n|\n|-weather|RainDance|[upkeep]\n|-heal|p2b: Archaludon|74/100|[from] item: Leftovers\n|upkeep\n|turn|8\n|\n|t:|1788312006\n|move|p2b: Archaludon|Dragon Pulse|p1b: Garchomp\n|-supereffective|p1b: Garchomp|1\n|-enditem|p1b: Garchomp|Haban Berry|[eat]\n|-enditem|p1b: Garchomp|Haban Berry|[weaken]\n|-damage|p1b: Garchomp|0 fnt\n|faint|p1b: Garchomp\n|\n|win|Dkelly1126\n|raw|champion thompson's rating: 1039 &rarr; <strong>1026</strong><br />(-13 for losing)\n|raw|Dkelly1126's rating: 1102 &rarr; <strong>1123</strong><br />(+21 for winning)\n|c|☆Dkelly1126|gg\n","uploadtime":1788312016,"views":"3","formatid":"gen9championsvgc2026regmbbo3","rating":1026,"private":0,"password":null}