{"id":"gen9championsvgc2026regmb-2674751239","format":"[Gen 9 Champions] VGC 2026 Reg M-B","players":["Cuevanator","CreampuffLover"],"log":"|j|☆Cuevanator\n|j|☆CreampuffLover\n|html|<table width=\"100%\"><tr><td align=\"left\">Cuevanator</td><td align=\"right\">CreampuffLover</tr><tr><td align=\"left\"><i class=\"fa fa-circle-o\"></i> <i class=\"fa fa-circle-o\"></i> </td><td align=\"right\"><i class=\"fa fa-circle-o\"></i> <i class=\"fa fa-circle-o\"></i> </tr></table>\n|uhtml|bestof|<h2><strong>Game 1</strong> of <a href=\"/game-bestof3-gen9championsvgc2026regmb-2674751238\">a best-of-3</a></h2>\n|t:|1788400491\n|gametype|doubles\n|player|p1|Cuevanator|clay|\n|player|p2|CreampuffLover|blackbelt-gen4dp|\n|gen|9\n|tier|[Gen 9 Champions] VGC 2026 Reg M-B\n|rule|Species Clause: Limit one of each Pokémon\n|rule|Item Clause: Limit 1 of each item\n|raw|<div class=\"infobox\"><details class=\"readmore\" open><summary><strong>1 custom rule:</strong></summary> Best of = 3</details></div>\n|clearpoke\n|poke|p1|Sneasler, L50, M|\n|poke|p1|Pelipper, L50, M|\n|poke|p1|Metagross, L50|\n|poke|p1|Raichu, L50, M|\n|poke|p1|Barbaracle, L50, F|\n|poke|p1|Grimmsnarl, L50, M|\n|poke|p2|Delphox, L50, M|\n|poke|p2|Maushold-Four, L50|\n|poke|p2|Meowstic, L50, M|\n|poke|p2|Floette-Eternal, L50, F|\n|poke|p2|Krookodile, L50, M|\n|poke|p2|Tsareena, L50, F|\n|teampreview|4\nCuevanator rejected open team sheets.\n|j| Dr Palossand PHD\n|\n|t:|1788400544\n|teamsize|p1|4\n|teamsize|p2|4\n|start\n|switch|p1a: Pelipper|Pelipper, L50, M|100/100\n|switch|p1b: Grimmsnarl|Grimmsnarl, L50, M|100/100\n|switch|p2a: Enter|Krookodile, L50, M|100/100\n|switch|p2b: #|Tsareena, L50, F|100/100\n|-weather|RainDance|[from] ability: Drizzle|[of] p1a: Pelipper\n|turn|1\n|\n|t:|1788400590\n|move|p1b: Grimmsnarl|Reflect|p1b: Grimmsnarl\n|-sidestart|p1: Cuevanator|Reflect\n|move|p2a: Enter|Rock Tomb|p1a: Pelipper\n|-supereffective|p1a: Pelipper|1\n|-damage|p1a: Pelipper|70/100\n|-unboost|p1a: Pelipper|spe|1\n|move|p2b: #|Triple Axel|p1a: Pelipper\n|-damage|p1a: Pelipper|65/100\n|-damage|p1a: Pelipper|56/100\n|-crit|p1a: Pelipper\n|-damage|p1a: Pelipper|23/100\n|-hitcount|p1a: Pelipper|3\n|move|p1a: Pelipper|Weather Ball|p2a: Enter\n|-supereffective|p2a: Enter|1\n|-damage|p2a: Enter|0 fnt\n|faint|p2a: Enter\n|\n|-weather|RainDance|[upkeep]\n|upkeep\n|\n|t:|1788400607\n|switch|p2a: Ctrl|Meowstic, L50, M|100/100\n|turn|2\n|\n|t:|1788400660\n|move|p2a: Ctrl|Fake Out|p1b: Grimmsnarl\n|-damage|p1b: Grimmsnarl|95/100\n|cant|p1b: Grimmsnarl|flinch\n|move|p2b: #|Knock Off|p1a: Pelipper\n|-damage|p1a: Pelipper|1/100\n|-enditem|p1a: Pelipper|Sharp Beak|[from] move: Knock Off|[of] p2b: #\n|move|p1a: Pelipper|Tailwind|p1a: Pelipper\n|-sidestart|p1: Cuevanator|move: Tailwind\n|\n|-weather|RainDance|[upkeep]\n|upkeep\n|turn|3\n|\n|t:|1788400693\n|switch|p1a: Metagross|Metagross, L50|100/100\n|move|p2b: #|Protect|p2b: #\n|-singleturn|p2b: #|Protect\n|move|p1b: Grimmsnarl|Parting Shot||[still]\n|cant|p2b: #|ability: Queenly Majesty|Parting Shot|[of] p1b: Grimmsnarl\n|move|p2a: Ctrl|Sunny Day|p2a: Ctrl\n|-weather|SunnyDay\n|\n|-weather|SunnyDay|[upkeep]\n|upkeep\n|turn|4\n|\n|t:|1788400734\n|-singleturn|p1a: Metagross|move: Focus Punch\n|move|p1b: Grimmsnarl|Parting Shot||[still]\n|cant|p2b: #|ability: Queenly Majesty|Parting Shot|[of] p1b: Grimmsnarl\n|move|p2a: Ctrl|Psychic|p1a: Metagross\n|-resisted|p1a: Metagross|2\n|-damage|p1a: Metagross|91/100\n|move|p2b: #|Knock Off|p1a: Metagross\n|-supereffective|p1a: Metagross|1\n|-damage|p1a: Metagross|54/100\n|-enditem|p1a: Metagross|Metal Coat|[from] move: Knock Off|[of] p2b: #\n|cant|p1a: Metagross|Focus Punch|Focus Punch\n|\n|-weather|SunnyDay|[upkeep]\n|upkeep\n|turn|5\n|\n|t:|1788400776\n|move|p2b: #|Protect|p2b: #\n|-singleturn|p2b: #|Protect\n|move|p1b: Grimmsnarl|Parting Shot||[still]\n|cant|p2b: #|ability: Queenly Majesty|Parting Shot|[of] p1b: Grimmsnarl\n|move|p1a: Metagross|Body Slam|p2b: #\n|-activate|p2b: #|move: Protect\n|move|p2a: Ctrl|Psychic|p1a: Metagross\n|-resisted|p1a: Metagross|2\n|-damage|p1a: Metagross|45/100\n|\n|-weather|SunnyDay|[upkeep]\n|-sideend|p1: Cuevanator|Reflect\n|-sideend|p1: Cuevanator|move: Tailwind\n|upkeep\n|turn|6\n|\n|t:|1788400848\n|switch|p1a: Pelipper|Pelipper, L50, M|1/100\n|-weather|RainDance|[from] ability: Drizzle|[of] p1a: Pelipper\n|move|p1b: Grimmsnarl|Reflect|p1b: Grimmsnarl\n|-sidestart|p1: Cuevanator|Reflect\n|move|p2a: Ctrl|Psychic|p1a: Pelipper\n|-damage|p1a: Pelipper|0 fnt\n|faint|p1a: Pelipper\n|move|p2b: #|Knock Off|p1b: Grimmsnarl\n|-resisted|p1b: Grimmsnarl|2\n|-damage|p1b: Grimmsnarl|89/100\n|-enditem|p1b: Grimmsnarl|Black Glasses|[from] move: Knock Off|[of] p2b: #\n|\n|-weather|RainDance|[upkeep]\n|upkeep\n|\n|t:|1788400859\n|switch|p1a: Raichu|Raichu, L50, M|100/100\n|turn|7\n|\n|t:|1788400881\n|detailschange|p1a: Raichu|Raichu-Mega-Y, L50, M\n|-mega|p1a: Raichu|Raichu|Raichunite Y\n|move|p2b: #|Protect|p2b: #\n|-singleturn|p2b: #|Protect\n|move|p2a: Ctrl|Sunny Day|p2a: Ctrl\n|-weather|SunnyDay\n|move|p1b: Grimmsnarl|Light Screen|p1b: Grimmsnarl\n|-sidestart|p1: Cuevanator|move: Light Screen\n|move|p1a: Raichu|Electric Terrain|p1a: Raichu\n|-fieldstart|move: Electric Terrain\n|\n|-weather|SunnyDay|[upkeep]\n|upkeep\n|turn|8\n|\n|t:|1788400905\n|move|p2a: Ctrl|Gravity|p2a: Ctrl\n|-fieldstart|move: Gravity\n|move|p1b: Grimmsnarl|Sucker Punch||[still]\n|cant|p2b: #|ability: Queenly Majesty|Sucker Punch|[of] p1b: Grimmsnarl\n|move|p1a: Raichu|Zap Cannon|p2a: Ctrl\n|-damage|p2a: Ctrl|0 fnt\n|faint|p2a: Ctrl\n|move|p2b: #|Triple Axel|p1a: Raichu\n|-damage|p1a: Raichu|90/100\n|-damage|p1a: Raichu|72/100\n|-damage|p1a: Raichu|46/100\n|-hitcount|p1a: Raichu|3\n|\n|-weather|SunnyDay|[upkeep]\n|upkeep\n|\n|t:|1788400919\n|switch|p2a: Delete|Delphox, L50, M|100/100\n|turn|9\n|\n|t:|1788400940\n|detailschange|p2a: Delete|Delphox-Mega, L50, M\n|-mega|p2a: Delete|Delphox|Delphoxite\n|move|p1b: Grimmsnarl|Sucker Punch||[still]\n|cant|p2b: #|ability: Queenly Majesty|Sucker Punch|[of] p1b: Grimmsnarl\n|move|p2a: Delete|Hypnosis|p1a: Raichu\n|-activate|p1a: Raichu|move: Electric Terrain\n|move|p1a: Raichu|Zap Cannon|p2a: Delete\n|-damage|p2a: Delete|16/100\n|-status|p2a: Delete|par\n|move|p2b: #|Triple Axel|p1a: Raichu\n|-damage|p1a: Raichu|37/100\n|-damage|p1a: Raichu|18/100\n|-damage|p1a: Raichu|0 fnt\n|faint|p1a: Raichu\n|-hitcount|p1: Raichu|3\n|\n|-weather|SunnyDay|[upkeep]\n|upkeep\n|\n|t:|1788400955\n|switch|p1a: Metagross|Metagross, L50|45/100\n|turn|10\n|\n|t:|1788400967\n|move|p1b: Grimmsnarl|Sucker Punch||[still]\n|cant|p2b: #|ability: Queenly Majesty|Sucker Punch|[of] p1b: Grimmsnarl\n|move|p2b: #|Knock Off|p1a: Metagross\n|-supereffective|p1a: Metagross|1\n|-damage|p1a: Metagross|17/100\n|move|p1a: Metagross|Body Slam|p2b: #\n|-damage|p2b: #|63/100\n|-status|p2b: #|par\n|move|p2a: Delete|Flamethrower|p1a: Metagross\n|-supereffective|p1a: Metagross|1\n|-damage|p1a: Metagross|0 fnt\n|faint|p1a: Metagross\n|\n|-weather|SunnyDay|[upkeep]\n|-sideend|p1: Cuevanator|Reflect\n|upkeep\n|turn|11\n|\n|t:|1788400987\n|move|p1b: Grimmsnarl|Sucker Punch||[still]\n|cant|p2b: #|ability: Queenly Majesty|Sucker Punch|[of] p1b: Grimmsnarl\n|move|p2a: Delete|Flamethrower|p1b: Grimmsnarl\n|-damage|p1b: Grimmsnarl|47/100\n|move|p2b: #|Low Kick|p1b: Grimmsnarl\n|-damage|p1b: Grimmsnarl|10/100\n|\n|-weather|none\n|-sideend|p1: Cuevanator|move: Light Screen\n|-fieldend|move: Electric Terrain\n|upkeep\n|turn|12\n|\n|t:|1788401000\n|move|p1b: Grimmsnarl|Sucker Punch||[still]\n|cant|p2b: #|ability: Queenly Majesty|Sucker Punch|[of] p1b: Grimmsnarl\n|cant|p2a: Delete|par\n|move|p2b: #|Low Kick|p1b: Grimmsnarl\n|-damage|p1b: Grimmsnarl|0 fnt\n|faint|p1b: Grimmsnarl\n|\n|win|CreampuffLover\n||Cuevanator is ready for game 2.\n|inactive|CreampuffLover has 30 seconds to confirm battle start!\n|inactive|CreampuffLover has 20 seconds to confirm battle start!\n|inactive|CreampuffLover has 10 seconds to confirm battle start!\n||CreampuffLover is ready for game 2.\n|uhtml|next|Next: <a href=\"/battle-gen9championsvgc2026regmb-2674754797\"><strong>Game 2 of 3</strong></a>\n","uploadtime":1788401015,"views":"15","formatid":"gen9championsvgc2026regmb","rating":null,"private":0,"password":null}