{"id":"gen9championsvgc2026regmbbo3-2673765065","format":"[Gen 9 Champions] VGC 2026 Reg M-B (Bo3)","players":["Terminator7006","shibikanon"],"log":"|j|☆Terminator7006\n|j|☆shibikanon\n|html|<table width=\"100%\"><tr><td align=\"left\">Terminator7006</td><td align=\"right\">shibikanon</tr><tr><td align=\"left\"><i class=\"fa fa-circle\"></i> <i class=\"fa fa-circle-o\"></i> </td><td align=\"right\"><i class=\"fa fa-circle-o\"></i> <i class=\"fa fa-circle\"></i> </tr></table>\n|uhtml|bestof|<h2><strong>Game 3</strong> of <a href=\"/game-bestof3-gen9championsvgc2026regmbbo3-2673763169\">a best-of-3</a></h2>\n|t:|1788251273\n|gametype|doubles\n|player|p1|Terminator7006|drayden|1206\n|player|p2|shibikanon|skyla-masters3|1305\n|gen|9\n|tier|[Gen 9 Champions] VGC 2026 Reg M-B (Bo3)\n|rated|\n|rule|Species Clause: Limit one of each Pokémon\n|rule|Item Clause: Limit 1 of each item\n|clearpoke\n|poke|p1|Farigiraf, L50, M|\n|poke|p1|Delphox, L50, F, shiny|\n|poke|p1|Basculegion, L50, M|\n|poke|p1|Hydreigon, L50, F, shiny|\n|poke|p1|Sinistcha, L50|\n|poke|p1|Dragonite, L50, F|\n|poke|p2|Ninetales-Alola, L50, F, shiny|\n|poke|p2|Gengar, L50, M|\n|poke|p2|Sneasler, L50, M|\n|poke|p2|Dragonite, L50, M|\n|poke|p2|Incineroar, L50, M|\n|poke|p2|Swampert, L50, F|\n|teampreview|4\n|showteam|p1|Farigiraf||SitrusBerry|ArmorTail|TrickRoom,TwinBeam,Thunderbolt,HelpingHand|Relaxed||M|||50|]Delphox||Delphoxite|Blaze|HeatWave,Psychic,NastyPlot,Protect|Modest||F|||50|]Basculegion||LifeOrb|Adaptability|WaveCrash,AquaJet,LastRespects,Protect|Adamant||M|||50|]Hydreigon||ChoiceScarf|Levitate|DracoMeteor,DarkPulse,Snarl,EarthPower|Modest||F|||50|]Sinistcha||KasibBerry|Hospitality|MatchaGotcha,RagePowder,LifeDew,Protect|Calm|||||50|]Dragonite||DragonFang|InnerFocus|DragonClaw,IceSpinner,Superpower,Protect|Adamant||F|||50|\n|showteam|p2|Ninetales-Alola||ChoiceScarf|SnowWarning|Blizzard,IcyWind,FreezeDry,Encore|Timid||F|||50|]Gengar||Gengarite|CursedBody|ShadowBall,SludgeBomb,Substitute,Protect|Modest||M|||50|]Sneasler||FocusSash|Unburden|CloseCombat,DireClaw,RockSlide,Protect|Adamant||M|||50|]Dragonite||LifeOrb|InnerFocus|DragonClaw,Superpower,ExtremeSpeed,Protect|Adamant||M|||50|]Incineroar||SitrusBerry|Intimidate|FlareBlitz,ThroatChop,PartingShot,FakeOut|Impish||M|||50|]Swampert||Leftovers|Torrent|HighHorsepower,FlipTurn,Yawn,Protect|Relaxed||F|||50|\n|inactive|Battle timer is ON: inactive players will automatically lose when time's up. (requested by shibikanon)\n|\n|t:|1788251289\n|teamsize|p1|4\n|teamsize|p2|4\n|start\n|switch|p1a: Delphox|Delphox, L50, F, shiny|100/100\n|switch|p1b: Hydreigon|Hydreigon, L50, F, shiny|100/100\n|switch|p2a: Incineroar|Incineroar, L50, M|100/100\n|switch|p2b: Dragonite|Dragonite, L50, M|100/100\n|-ability|p2a: Incineroar|Intimidate|boost\n|-unboost|p1a: Delphox|atk|1\n|-unboost|p1b: Hydreigon|atk|1\n|turn|1\n|inactive|Terminator7006 has 30 seconds left.\n|\n|t:|1788251317\n|switch|p1a: Farigiraf|Farigiraf, L50, M|100/100\n|move|p2b: Dragonite|Protect|p2b: Dragonite\n|-singleturn|p2b: Dragonite|Protect\n|move|p1b: Hydreigon|Draco Meteor|p2b: Dragonite\n|-activate|p2b: Dragonite|move: Protect\n|move|p2a: Incineroar|Throat Chop|p1a: Farigiraf\n|-supereffective|p1a: Farigiraf|1\n|-crit|p1a: Farigiraf\n|-damage|p1a: Farigiraf|26/100\n|-start|p1a: Farigiraf|Throat Chop|[silent]\n|-enditem|p1a: Farigiraf|Sitrus Berry|[eat]\n|-heal|p1a: Farigiraf|51/100|[from] item: Sitrus Berry\n|\n|upkeep\n|turn|2\n|\n|t:|1788251341\n|switch|p2b: Swampert|Swampert, L50, F|100/100\n|move|p1b: Hydreigon|Draco Meteor|p2b: Swampert\n|-damage|p2b: Swampert|34/100\n|-unboost|p1b: Hydreigon|spa|2\n|move|p2a: Incineroar|Throat Chop|p1a: Farigiraf\n|-supereffective|p1a: Farigiraf|1\n|-damage|p1a: Farigiraf|4/100\n|move|p1a: Farigiraf|Thunderbolt|p2a: Incineroar\n|-damage|p2a: Incineroar|80/100\n|\n|-heal|p2b: Swampert|40/100|[from] item: Leftovers\n|-end|p1a: Farigiraf|Throat Chop|[silent]\n|upkeep\n|turn|3\n|\n|t:|1788251363\n|switch|p1b: Basculegion|Basculegion, L50, M|100/100\n|move|p2b: Swampert|Protect|p2b: Swampert\n|-singleturn|p2b: Swampert|Protect\n|move|p2a: Incineroar|Parting Shot|p1b: Basculegion\n|-unboost|p1b: Basculegion|atk|1\n|-unboost|p1b: Basculegion|spa|1\n|\n|t:|1788251370\n|switch|p2a: Gengar|Gengar, L50, M|100/100|[from] Parting Shot\n|move|p1a: Farigiraf|Twin Beam|p2b: Swampert\n|-activate|p2b: Swampert|move: Protect\n|\n|-heal|p2b: Swampert|46/100|[from] item: Leftovers\n|upkeep\n|turn|4\n|\n|t:|1788251378\n|switch|p1b: Hydreigon|Hydreigon, L50, F, shiny|100/100\n|detailschange|p2a: Gengar|Gengar-Mega, L50, M\n|-mega|p2a: Gengar|Gengar|Gengarite\n|move|p2a: Gengar|Shadow Ball|p1b: Hydreigon\n|-resisted|p1b: Hydreigon|1\n|-damage|p1b: Hydreigon|74/100\n|-unboost|p1b: Hydreigon|spd|1\n|move|p2b: Swampert|Yawn|p1b: Hydreigon\n|-start|p1b: Hydreigon|move: Yawn|[of] p2b: Swampert\n|move|p1a: Farigiraf|Twin Beam|p2a: Gengar\n|-supereffective|p2a: Gengar|1\n|-damage|p2a: Gengar|66/100\n|-supereffective|p2a: Gengar|1\n|-damage|p2a: Gengar|32/100\n|-hitcount|p2a: Gengar|2\n|\n|-heal|p2b: Swampert|52/100|[from] item: Leftovers\n|upkeep\n|turn|5\n|\n|t:|1788251396\n|move|p2a: Gengar|Protect|p2a: Gengar\n|-singleturn|p2a: Gengar|Protect\n|move|p1b: Hydreigon|Draco Meteor|p2b: Swampert\n|-damage|p2b: Swampert|0 fnt\n|-unboost|p1b: Hydreigon|spa|2\n|faint|p2b: Swampert\n|move|p1a: Farigiraf|Trick Room|p1a: Farigiraf\n|-fieldstart|move: Trick Room|[of] p1a: Farigiraf\n|\n|-end|p1b: Hydreigon|move: Yawn|[silent]\n|-status|p1b: Hydreigon|slp\n|upkeep\n|\n|t:|1788251402\n|switch|p2b: Dragonite|Dragonite, L50, M|100/100\n|turn|6\n|\n|t:|1788251410\n|switch|p2a: Incineroar|Incineroar, L50, M|80/100\n|-ability|p2a: Incineroar|Intimidate|boost\n|-unboost|p1a: Farigiraf|atk|1\n|-unboost|p1b: Hydreigon|atk|1\n|move|p1a: Farigiraf|Twin Beam|p2b: Dragonite\n|-damage|p2b: Dragonite|85/100\n|-damage|p2b: Dragonite|70/100\n|-hitcount|p2b: Dragonite|2\n|move|p2b: Dragonite|Dragon Claw|p1a: Farigiraf\n|-damage|p1a: Farigiraf|0 fnt\n|faint|p1a: Farigiraf\n|-damage|p2b: Dragonite|60/100|[from] item: Life Orb\n|cant|p1b: Hydreigon|slp\n|\n|upkeep\n|\n|t:|1788251416\n|switch|p1a: Basculegion|Basculegion, L50, M|100/100\n|turn|7\n|\n|t:|1788251424\n|move|p2b: Dragonite|Protect|p2b: Dragonite\n|-singleturn|p2b: Dragonite|Protect\n|move|p2a: Incineroar|Throat Chop|p1a: Basculegion\n|-supereffective|p1a: Basculegion|1\n|-damage|p1a: Basculegion|23/100\n|-start|p1a: Basculegion|Throat Chop|[silent]\n|move|p1a: Basculegion|Wave Crash|p2a: Incineroar\n|-supereffective|p2a: Incineroar|1\n|-damage|p2a: Incineroar|0 fnt\n|faint|p2a: Incineroar\n|-damage|p1a: Basculegion|0 fnt|[from] Recoil\n|faint|p1a: Basculegion\n|cant|p1b: Hydreigon|slp\n|\n|upkeep\n|\n|t:|1788251429\n|switch|p2a: Gengar|Gengar-Mega, L50, M|32/100\n|switch|p1a: Delphox|Delphox, L50, F, shiny|100/100\n|turn|8\n|\n|t:|1788251443\n|detailschange|p1a: Delphox|Delphox-Mega, L50, F, shiny\n|-mega|p1a: Delphox|Delphox|Delphoxite\n|move|p2b: Dragonite|Dragon Claw|p1b: Hydreigon\n|-supereffective|p1b: Hydreigon|1\n|-damage|p1b: Hydreigon|0 fnt\n|faint|p1b: Hydreigon\n|-damage|p2b: Dragonite|50/100g|[from] item: Life Orb\n|move|p1a: Delphox|Heat Wave|p2b: Dragonite|[spread] p2a,p2b\n|-crit|p2a: Gengar\n|-resisted|p2b: Dragonite|1\n|-damage|p2a: Gengar|0 fnt\n|-damage|p2b: Dragonite|26/100\n|faint|p2a: Gengar\n|\n|upkeep\n|turn|9\n|\n|t:|1788251453\n|move|p1a: Delphox|Protect|p1a: Delphox\n|-singleturn|p1a: Delphox|Protect\n|move|p2b: Dragonite|Dragon Claw|p1a: Delphox\n|-activate|p1a: Delphox|move: Protect\n|\n|-fieldend|move: Trick Room\n|upkeep\n|turn|10\n|-message|shibikanon forfeited.\n|\n|win|Terminator7006\n|raw|Terminator7006's rating: 1206 &rarr; <strong>1238</strong><br />(+32 for winning)\n|raw|shibikanon's rating: 1305 &rarr; <strong>1279</strong><br />(-26 for losing)\n","uploadtime":1788251458,"views":"0","formatid":"gen9championsvgc2026regmbbo3","rating":1238,"private":0,"password":null}