{"id":"gen9championsvgc2026regmbbo3-2673266653","format":"[Gen 9 Champions] VGC 2026 Reg M-B (Bo3)","players":["Snowball_seer","CaratroncoSun"],"log":"|j|☆Snowball_seer\n|j|☆CaratroncoSun\n|html|<table width=\"100%\"><tr><td align=\"left\">Snowball_seer</td><td align=\"right\">CaratroncoSun</tr><tr><td align=\"left\"><i class=\"fa fa-circle\"></i> <i class=\"fa fa-circle-o\"></i> </td><td align=\"right\"><i class=\"fa fa-circle-o\"></i> <i class=\"fa fa-circle\"></i> </tr></table>\n|uhtml|bestof|<h2><strong>Game 3</strong> of <a href=\"/game-bestof3-gen9championsvgc2026regmbbo3-2673263645\">a best-of-3</a></h2>\n|t:|1788173113\n|gametype|doubles\n|player|p1|Snowball_seer|allister-masters|1280\n|player|p2|CaratroncoSun|265|1396\n|gen|9\n|tier|[Gen 9 Champions] VGC 2026 Reg M-B (Bo3)\n|rated|\n|rule|Species Clause: Limit one of each Pokémon\n|rule|Item Clause: Limit 1 of each item\n|clearpoke\n|poke|p1|Mawile, L50, F, shiny|\n|poke|p1|Farigiraf, L50, M|\n|poke|p1|Incineroar, L50, M|\n|poke|p1|Basculegion, L50, M|\n|poke|p1|Ninetales-Alola, L50, M|\n|poke|p1|Raichu, L50, F|\n|poke|p2|Charizard, L50, F, shiny|\n|poke|p2|Venusaur, L50, F, shiny|\n|poke|p2|Whimsicott, L50, F, shiny|\n|poke|p2|Basculegion, L50, M|\n|poke|p2|Tyranitar, L50, F|\n|poke|p2|Mamoswine, L50, M|\n|teampreview|4\n|showteam|p1|Mawile||Mawilite|HyperCutter|Protect,IronHead,PlayRough,SuckerPunch|Brave||F|||50|]Farigiraf||SitrusBerry|ArmorTail|Protect,TwinBeam,HelpingHand,TrickRoom|Relaxed||M|||50|]Incineroar||Charcoal|Intimidate|FakeOut,FlareBlitz,DarkestLariat,PartingShot|Adamant||M|||50|]Basculegion||ChoiceScarf|Adaptability|WaveCrash,LastRespects,AquaJet,FlipTurn|Jolly||M|||50|]Ninetales-Alola||NeverMeltIce|SnowWarning|Blizzard,FreezeDry,Encore,Protect|Timid||M|||50|]Raichu||RaichuniteY|LightningRod|Protect,ZapCannon,FocusBlast,FakeOut|Timid||F|||50|\n|showteam|p2|Charizard||CharizarditeY|Blaze|Protect,SolarBeam,HeatWave,AirSlash|Modest||F|||50|]Venusaur||WideLens|Chlorophyll|Protect,GigaDrain,EarthPower,SleepPowder|Modest||F|||50|]Whimsicott||FocusSash|Prankster|Protect,Moonblast,Tailwind,Encore|Timid||F|||50|]Basculegion||MysticWater|Adaptability|Protect,AquaJet,WaveCrash,LastRespects|Adamant||M|||50|]Tyranitar||Tyranitarite|SandStream|Protect,RockSlide,KnockOff,LowKick|Adamant||F|||50|]Mamoswine||LifeOrb|Oblivious|Protect,HighHorsepower,RockSlide,IceShard|Adamant||M|||50|\n|inactive|Battle timer is ON: inactive players will automatically lose when time's up. (requested by Snowball_seer)\n|inactive|Snowball_seer has 60 seconds left.\n|inactive|CaratroncoSun has 60 seconds left.\n|\n|t:|1788173172\n|teamsize|p1|4\n|teamsize|p2|4\n|start\n|switch|p1a: Raichu|Raichu, L50, F|100/100\n|switch|p1b: Incineroar|Incineroar, L50, M|100/100\n|switch|p2a: Tyranitar|Tyranitar, L50, F|100/100\n|switch|p2b: Whimsicott|Whimsicott, L50, F, shiny|100/100\n|-weather|Sandstorm|[from] ability: Sand Stream|[of] p2a: Tyranitar\n|-ability|p1b: Incineroar|Intimidate|boost\n|-unboost|p2a: Tyranitar|atk|1\n|-unboost|p2b: Whimsicott|atk|1\n|turn|1\n|inactive|Snowball_seer has 30 seconds left.\n|inactive|Snowball_seer has 20 seconds left.\n|\n|t:|1788173207\n|switch|p1a: Ninetales|Ninetales-Alola, L50, M|100/100\n|-weather|Snowscape|[from] ability: Snow Warning|[of] p1a: Ninetales\n|switch|p2a: Venusaur|Venusaur, L50, F, shiny|100/100\n|move|p2b: Whimsicott|Protect|p2b: Whimsicott\n|-singleturn|p2b: Whimsicott|Protect\n|move|p1b: Incineroar|Parting Shot|p1a: Ninetales\n|-unboost|p1a: Ninetales|atk|1\n|-unboost|p1a: Ninetales|spa|1\n|\n|t:|1788173221\n|switch|p1b: Raichu|Raichu, L50, F|100/100|[from] Parting Shot\n|\n|-weather|Snowscape|[upkeep]\n|upkeep\n|turn|2\n|inactive|CaratroncoSun has 30 seconds left.\n|\n|t:|1788173248\n|switch|p2b: Tyranitar|Tyranitar, L50, F|100/100\n|-weather|Sandstorm|[from] ability: Sand Stream|[of] p2b: Tyranitar\n|detailschange|p1b: Raichu|Raichu-Mega-Y, L50, F\n|-mega|p1b: Raichu|Raichu|Raichunite Y\n|move|p2a: Venusaur|Protect|p2a: Venusaur\n|-singleturn|p2a: Venusaur|Protect\n|move|p1b: Raichu|Zap Cannon|p2b: Tyranitar\n|-damage|p2b: Tyranitar|56/100\n|-status|p2b: Tyranitar|par\n|move|p1a: Ninetales|Blizzard|p2b: Tyranitar|[spread] p2b\n|-activate|p2a: Venusaur|move: Protect\n|-damage|p2b: Tyranitar|41/100 par\n|\n|-weather|Sandstorm|[upkeep]\n|-damage|p1b: Raichu|93/100|[from] Sandstorm\n|-damage|p1a: Ninetales|93/100|[from] Sandstorm\n|-damage|p2a: Venusaur|93/100|[from] Sandstorm\n|upkeep\n|turn|3\n|inactive|CaratroncoSun has 30 seconds left.\n|\n|t:|1788173275\n|move|p1b: Raichu|Zap Cannon|p2b: Tyranitar\n|-damage|p2b: Tyranitar|0 fnt\n|faint|p2b: Tyranitar\n|move|p1a: Ninetales|Encore|p2a: Venusaur\n|-start|p2a: Venusaur|Encore\n|move|p2a: Venusaur|Protect|p2a: Venusaur\n|-singleturn|p2a: Venusaur|Protect\n|\n|-weather|Sandstorm|[upkeep]\n|-damage|p1b: Raichu|87/100|[from] Sandstorm\n|-damage|p1a: Ninetales|87/100|[from] Sandstorm\n|-damage|p2a: Venusaur|87/100|[from] Sandstorm\n|upkeep\n|\n|t:|1788173286\n|switch|p2b: Whimsicott|Whimsicott, L50, F, shiny|100/100\n|turn|4\n|\n|t:|1788173301\n|switch|p2a: Mamoswine|Mamoswine, L50, M|100/100\n|move|p1b: Raichu|Zap Cannon|p2b: Whimsicott\n|-resisted|p2b: Whimsicott|1\n|-damage|p2b: Whimsicott|44/100\n|-status|p2b: Whimsicott|par\n|move|p1a: Ninetales|Freeze-Dry|p2a: Mamoswine\n|-damage|p2a: Mamoswine|73/100\n|move|p2b: Whimsicott|Moonblast|p1a: Ninetales\n|-damage|p1a: Ninetales|48/100\n|\n|-weather|Sandstorm|[upkeep]\n|-damage|p1b: Raichu|81/100|[from] Sandstorm\n|-damage|p1a: Ninetales|42/100|[from] Sandstorm\n|-damage|p2b: Whimsicott|38/100 par|[from] Sandstorm\n|upkeep\n|turn|5\n|inactive|Snowball_seer has 30 seconds left.\n|inactive|Snowball_seer has 20 seconds left.\n|inactive|Snowball_seer has 15 seconds left.\n|\n|t:|1788173346\n|switch|p1a: Incineroar|Incineroar, L50, M|100/100\n|-ability|p1a: Incineroar|Intimidate|boost\n|-fail|p2a: Mamoswine|unboost|Attack|[from] ability: Oblivious|[of] p2a: Mamoswine\n|-unboost|p2b: Whimsicott|atk|1\n|move|p1b: Raichu|Protect|p1b: Raichu\n|-singleturn|p1b: Raichu|Protect\n|move|p2b: Whimsicott|Tailwind|p2b: Whimsicott\n|-sidestart|p2: CaratroncoSun|move: Tailwind\n|move|p2a: Mamoswine|High Horsepower|p1b: Raichu\n|-activate|p1b: Raichu|move: Protect\n|\n|-weather|Sandstorm|[upkeep]\n|-damage|p1b: Raichu|75/100|[from] Sandstorm\n|-damage|p2b: Whimsicott|32/100 par|[from] Sandstorm\n|-damage|p1a: Incineroar|93/100|[from] Sandstorm\n|upkeep\n|turn|6\n|inactive|CaratroncoSun has 30 seconds left.\n|\n|t:|1788173379\n|move|p1a: Incineroar|Fake Out|p2b: Whimsicott\n|-damage|p2b: Whimsicott|12/100 par\n|cant|p2b: Whimsicott|flinch\n|move|p2a: Mamoswine|High Horsepower|p1b: Raichu\n|-supereffective|p1b: Raichu|1\n|-damage|p1b: Raichu|0 fnt\n|faint|p1b: Raichu\n|-damage|p2a: Mamoswine|63/100|[from] item: Life Orb\n|\n|-weather|none\n|upkeep\n|\n|t:|1788173382\n|switch|p1b: Basculegion|Basculegion, L50, M|100/100\n|turn|7\n|inactive|CaratroncoSun has 30 seconds left.\n|\n|t:|1788173408\n|switch|p2b: Venusaur|Venusaur, L50, F, shiny|87/100\n|move|p2a: Mamoswine|Protect|p2a: Mamoswine\n|-singleturn|p2a: Mamoswine|Protect\n|move|p1b: Basculegion|Aqua Jet|p2a: Mamoswine\n|-activate|p2a: Mamoswine|move: Protect\n|move|p1a: Incineroar|Flare Blitz|p2b: Venusaur\n|-supereffective|p2b: Venusaur|1\n|-damage|p2b: Venusaur|0 fnt\n|faint|p2b: Venusaur\n|-damage|p1a: Incineroar|69/100|[from] Recoil\n|\n|upkeep\n|\n|t:|1788173419\n|switch|p2b: Whimsicott|Whimsicott, L50, F, shiny|12/100 par\n|turn|8\n|\n|t:|1788173429\n|move|p1b: Basculegion|Aqua Jet|p2a: Mamoswine\n|-supereffective|p2a: Mamoswine|1\n|-damage|p2a: Mamoswine|5/100\n|move|p2a: Mamoswine|High Horsepower|p1a: Incineroar\n|-supereffective|p1a: Incineroar|1\n|-damage|p1a: Incineroar|0 fnt\n|faint|p1a: Incineroar\n|-damage|p2a: Mamoswine|0 fnt|[from] item: Life Orb\n|faint|p2a: Mamoswine\n|move|p2b: Whimsicott|Moonblast|p1b: Basculegion\n|-damage|p1b: Basculegion|60/100\n|\n|-sideend|p2: CaratroncoSun|move: Tailwind\n|upkeep\n|\n|t:|1788173432\n|switch|p1a: Ninetales|Ninetales-Alola, L50, M|42/100\n|-weather|Snowscape|[from] ability: Snow Warning|[of] p1a: Ninetales\n|turn|9\n|\n|t:|1788173446\n|move|p1b: Basculegion|Aqua Jet|p2b: Whimsicott\n|-resisted|p2b: Whimsicott|1\n|-damage|p2b: Whimsicott|0 fnt\n|faint|p2b: Whimsicott\n|\n|win|Snowball_seer\n|raw|Snowball_seer's rating: 1280 &rarr; <strong>1313</strong><br />(+33 for winning)\n|raw|CaratroncoSun's rating: 1396 &rarr; <strong>1370</strong><br />(-26 for losing)\n","uploadtime":1788173447,"views":"0","formatid":"gen9championsvgc2026regmbbo3","rating":1313,"private":0,"password":null}