{"id":"gen9championsvgc2026regmb-2674035397","format":"[Gen 9 Champions] VGC 2026 Reg M-B","players":["Pooooder34","happyfalco1"],"log":"|j|☆Pooooder34\n|j|☆happyfalco1\n|t:|1788290845\n|gametype|doubles\n|player|p1|Pooooder34|170|1421\n|player|p2|happyfalco1|266|1503\n|gen|9\n|tier|[Gen 9 Champions] VGC 2026 Reg M-B\n|rated|\n|rule|Species Clause: Limit one of each Pokémon\n|rule|Item Clause: Limit 1 of each item\n|clearpoke\n|poke|p1|Staraptor, L50, F|\n|poke|p1|Houndstone, L50, M|\n|poke|p1|Tyranitar, L50, F|\n|poke|p1|Rotom-Wash, L50|\n|poke|p1|Excadrill, L50, F|\n|poke|p1|Venusaur, L50, M|\n|poke|p2|Archaludon, L50, F|\n|poke|p2|Whimsicott, L50, M|\n|poke|p2|Staraptor, L50, F|\n|poke|p2|Incineroar, L50, F|\n|poke|p2|Gengar, L50, M|\n|poke|p2|Pelipper, L50, M|\n|teampreview|4\n|\n|t:|1788290910\n|teamsize|p1|4\n|teamsize|p2|4\n|start\n|switch|p1a: Rotom|Rotom-Wash, L50|100/100\n|switch|p1b: Excadrill|Excadrill, L50, F|100/100\n|switch|p2a: Whimsicott|Whimsicott, L50, M|100/100\n|switch|p2b: Staraptor|Staraptor, L50, F|100/100\n|turn|1\n|\n|t:|1788290929\n|switch|p1b: Staraptor|Staraptor, L50, F|100/100\n|-ability|p1b: Staraptor|Intimidate|boost\n|-unboost|p2a: Whimsicott|atk|1\n|-unboost|p2b: Staraptor|atk|1\n|move|p2a: Whimsicott|Tailwind|p2a: Whimsicott\n|-sidestart|p2: happyfalco1|move: Tailwind\n|move|p2b: Staraptor|Roost||[still]\n|-fail|p2b: Staraptor|heal\n|move|p1a: Rotom|Thunderbolt|p2b: Staraptor\n|-supereffective|p2b: Staraptor|1\n|-damage|p2b: Staraptor|0 fnt\n|faint|p2b: Staraptor\n|\n|upkeep\n|c|☆happyfalco1|I miss clicked!\n|c|☆happyfalco1|shoot\n|\n|t:|1788290949\n|switch|p2b: Archaludon|Archaludon, L50, F|100/100\n|turn|2\n|c|☆Pooooder34|unfort\n|c|☆happyfalco1|I big dumb\n|c|☆happyfalco1|would have been much better if I mega and protected there lol\n|c|☆happyfalco1|tell me that thing isn't scarf\n|c|☆Pooooder34|:3\n|\n|t:|1788291004\n|switch|p1a: Tyranitar|Tyranitar, L50, F|100/100\n|-weather|Sandstorm|[from] ability: Sand Stream|[of] p1a: Tyranitar\n|detailschange|p1b: Staraptor|Staraptor-Mega, L50, F\n|-mega|p1b: Staraptor|Staraptor|Staraptite\n|move|p2a: Whimsicott|Tailwind||[still]\n|-fail|p2a: Whimsicott\n|move|p2b: Archaludon|Electro Shot||[still]\n|-prepare|p2b: Archaludon|Electro Shot\n|-boost|p2b: Archaludon|spa|1\n|move|p1b: Staraptor|Close Combat|p2b: Archaludon\n|-supereffective|p2b: Archaludon|1\n|-damage|p2b: Archaludon|17/100\n|-boost|p1b: Staraptor|def|1\n|-boost|p1b: Staraptor|spd|1\n|-ability|p2b: Archaludon|Stamina|boost\n|-boost|p2b: Archaludon|def|1\n|\n|-weather|Sandstorm|[upkeep]\n|-damage|p2a: Whimsicott|94/100|[from] Sandstorm\n|-damage|p1b: Staraptor|94/100|[from] Sandstorm\n|-heal|p2b: Archaludon|23/100|[from] item: Leftovers\n|upkeep\n|turn|3\n|c|☆happyfalco1|wait\n|c|☆happyfalco1|omg\n|c|☆happyfalco1|I'm so tired\n|c|☆happyfalco1|I clicked tail wind twice in a row\n|c|☆Pooooder34|ye man get some rest\n|\n|t:|1788291043\n|move|p1b: Staraptor|Protect|p1b: Staraptor\n|-singleturn|p1b: Staraptor|Protect\n|move|p2a: Whimsicott|Charm|p1a: Tyranitar\n|-hint|Since gen 7, Dark is immune to Prankster moves.\n|-immune|p1a: Tyranitar\n|move|p2b: Archaludon|Electro Shot|p1b: Staraptor|[from] lockedmove\n|-activate|p1b: Staraptor|move: Protect\n|move|p1a: Tyranitar|Ice Punch|p2a: Whimsicott\n|-supereffective|p2a: Whimsicott|1\n|-damage|p2a: Whimsicott|13/100\n|\n|-weather|Sandstorm|[upkeep]\n|-damage|p2a: Whimsicott|8/100|[from] Sandstorm\n|-damage|p1b: Staraptor|88/100|[from] Sandstorm\n|-heal|p2b: Archaludon|29/100|[from] item: Leftovers\n|upkeep\n|turn|4\n|c|☆happyfalco1|prankster into a dark type\n|c|☆happyfalco1|what am I actually doing\n|\n|t:|1788291078\n|switch|p2a: Pelipper|Pelipper, L50, M|100/100\n|-weather|RainDance|[from] ability: Drizzle|[of] p2a: Pelipper\n|switch|p1b: Excadrill|Excadrill, L50, F|100/100\n|move|p2b: Archaludon|Electro Shot||[still]\n|-prepare|p2b: Archaludon|Electro Shot\n|-boost|p2b: Archaludon|spa|1\n|-anim|p2b: Archaludon|Electro Shot|p1b: Excadrill\n|-immune|p1b: Excadrill\n|move|p1a: Tyranitar|Ice Punch|p2a: Pelipper\n|-damage|p2a: Pelipper|69/100\n|\n|-weather|RainDance|[upkeep]\n|-heal|p2b: Archaludon|36/100|[from] item: Leftovers\n|-sideend|p2: happyfalco1|move: Tailwind\n|upkeep\n|turn|5\n|\n|t:|1788291131\n|switch|p1a: Rotom|Rotom-Wash, L50|100/100\n|switch|p2a: Whimsicott|Whimsicott, L50, M|8/100\n|move|p2b: Archaludon|Protect|p2b: Archaludon\n|-singleturn|p2b: Archaludon|Protect\n|move|p1b: Excadrill|Earthquake|p2a: Whimsicott|[spread] p2a\n|-activate|p2b: Archaludon|move: Protect\n|-immune|p1a: Rotom|[from] ability: Levitate\n|-resisted|p2a: Whimsicott|1\n|-damage|p2a: Whimsicott|0 fnt\n|faint|p2a: Whimsicott\n|\n|-weather|RainDance|[upkeep]\n|-heal|p2b: Archaludon|42/100|[from] item: Leftovers\n|upkeep\n|\n|t:|1788291143\n|switch|p2a: Pelipper|Pelipper, L50, M|69/100\n|turn|6\n|\n|t:|1788291156\n|move|p2a: Pelipper|Wide Guard|p2a: Pelipper\n|-singleturn|p2a: Pelipper|Wide Guard\n|move|p1b: Excadrill|Earthquake|p2a: Pelipper|[spread] \n|-activate|p2a: Pelipper|move: Wide Guard\n|-activate|p2b: Archaludon|move: Wide Guard\n|-immune|p1a: Rotom|[from] ability: Levitate\n|move|p1a: Rotom|Hydro Pump|p2b: Archaludon\n|-resisted|p2b: Archaludon|1\n|-damage|p2b: Archaludon|4/100\n|-ability|p2b: Archaludon|Stamina|boost\n|-boost|p2b: Archaludon|def|1\n|move|p2b: Archaludon|Dragon Pulse|p1a: Rotom\n|-damage|p1a: Rotom|9/100\n|\n|-weather|RainDance|[upkeep]\n|-heal|p2b: Archaludon|10/100|[from] item: Leftovers\n|upkeep\n|turn|7\n|c|☆happyfalco1|rip the weather war\n|c|☆happyfalco1|gg\n|c|☆Pooooder34|gg\n|-message|happyfalco1 forfeited.\n|\n|win|Pooooder34\n|raw|Pooooder34's rating: 1421 &rarr; <strong>1446</strong><br />(+25 for winning)\n|raw|happyfalco1's rating: 1503 &rarr; <strong>1478</strong><br />(-25 for losing)\n|l|☆happyfalco1\n|player|p2|\n","uploadtime":1788291182,"views":"3","formatid":"gen9championsvgc2026regmb","rating":1446,"private":0,"password":null}