{"id":"gen9championsvgc2026regmb-2674624183","format":"[Gen 9 Champions] VGC 2026 Reg M-B","players":["FedVGC","360nodad"],"log":"|j|☆FedVGC\n|j|☆360nodad\n|html|<table width=\"100%\"><tr><td align=\"left\">FedVGC</td><td align=\"right\">360nodad</tr><tr><td align=\"left\"><i class=\"fa fa-circle\"></i> <i class=\"fa fa-circle-o\"></i> </td><td align=\"right\"><i class=\"fa fa-circle-o\"></i> <i class=\"fa fa-circle-o\"></i> </tr></table>\n|uhtml|bestof|<h2><strong>Game 2</strong> of <a href=\"/game-bestof3-gen9championsvgc2026regmb-2674621965\">a best-of-3</a></h2>\n|t:|1788381684\n|gametype|doubles\n|player|p1|FedVGC|guitarist-gen4|\n|player|p2|360nodad|aaron|\n|gen|9\n|tier|[Gen 9 Champions] VGC 2026 Reg M-B\n|rule|Species Clause: Limit one of each Pokémon\n|rule|Item Clause: Limit 1 of each item\n|raw|<div class=\"infobox\"><details class=\"readmore\" open><summary><strong>1 custom rule:</strong></summary> Best of = 3</details></div>\n|clearpoke\n|poke|p1|Salazzle, L50, F|\n|poke|p1|Raichu, L50, F|\n|poke|p1|Noivern, L50, F|\n|poke|p1|Basculegion, L50, M|\n|poke|p1|Araquanid, L50, M|\n|poke|p1|Tsareena, L50, F|\n|poke|p2|Snorlax, L50, F|\n|poke|p2|Garchomp, L50, F|\n|poke|p2|Vivillon, L50, M|\n|poke|p2|Meowscarada, L50, F|\n|poke|p2|Gengar, L50, F|\n|poke|p2|Empoleon, L50, M|\n|teampreview|4\n360nodad rejected open team sheets.\n|\n|t:|1788381756\n|teamsize|p1|4\n|teamsize|p2|4\n|start\n|switch|p1a: Noivern|Noivern, L50, F|100/100\n|switch|p1b: Salazzle|Salazzle, L50, F|100/100\n|switch|p2a: Gengar|Gengar, L50, F|100/100\n|switch|p2b: Garchomp|Garchomp, L50, F|100/100\n|-item|p2a: Gengar|Choice Scarf|[from] ability: Frisk|[of] p1a: Noivern\n|-item|p2b: Garchomp|Garchompite|[from] ability: Frisk|[of] p1a: Noivern\n|turn|1\n|j| Getjiggy49\n|l| Getjiggy49\n|j| Getjiggy49\n|\n|t:|1788381801\n|detailschange|p2b: Garchomp|Garchomp-Mega, L50, F\n|-mega|p2b: Garchomp|Garchomp|Garchompite\n|move|p2a: Gengar|Icy Wind|p1a: Noivern|[spread] p1b\n|-miss|p2a: Gengar|p1a: Noivern\n|-resisted|p1b: Salazzle|1\n|-damage|p1b: Salazzle|84/100\n|-unboost|p1b: Salazzle|spe|1\n|move|p1a: Noivern|Tailwind|p1a: Noivern\n|-sidestart|p1: FedVGC|move: Tailwind\n|move|p1b: Salazzle|Will-O-Wisp|p2b: Garchomp\n|-status|p2b: Garchomp|brn\n|move|p2b: Garchomp|Stomping Tantrum|p1b: Salazzle\n|-supereffective|p1b: Salazzle|2\n|-damage|p1b: Salazzle|0 fnt\n|faint|p1b: Salazzle\n|\n|-damage|p2b: Garchomp|93/100 brn|[from] brn\n|upkeep\n|\n|t:|1788381811\n|switch|p1b: Basculegion|Basculegion, L50, M|100/100\n|turn|2\n|\n|t:|1788381825\n|switch|p2b: Empoleon|Empoleon, L50, M|100/100\n|move|p1b: Basculegion|Last Respects|p2a: Gengar\n|-supereffective|p2a: Gengar|1\n|-damage|p2a: Gengar|0 fnt\n|-start|p1b: Basculegion|Disable|Last Respects|[from] ability: Cursed Body|[of] p2a: Gengar\n|faint|p2a: Gengar\n|move|p1a: Noivern|Draco Meteor|p2b: Empoleon\n|-resisted|p2b: Empoleon|1\n|-damage|p2b: Empoleon|71/100\n|-unboost|p1a: Noivern|spa|2\n|\n|upkeep\n|\n|t:|1788381841\n|switch|p2a: Garchomp|Garchomp-Mega, L50, F|93/100 brn\n|turn|3\n|\n|t:|1788381868\n|switch|p1b: Raichu|Raichu, L50, F|100/100\n|move|p1a: Noivern|Air Slash|p2a: Garchomp\n|-damage|p2a: Garchomp|75/100 brn\n|move|p2a: Garchomp|Dragon Claw|p1a: Noivern\n|-supereffective|p1a: Noivern|1\n|-damage|p1a: Noivern|29/100\n|move|p2b: Empoleon|Icy Wind|p1b: Raichu|[spread] p1a,p1b\n|-supereffective|p1a: Noivern|2\n|-damage|p1a: Noivern|0 fnt\n|-damage|p1b: Raichu|79/100\n|-unboost|p1b: Raichu|spe|1\n|faint|p1a: Noivern\n|\n|-damage|p2a: Garchomp|69/100 brn|[from] brn\n|upkeep\n|\n|t:|1788381877\n|switch|p1a: Basculegion|Basculegion, L50, M|100/100\n|turn|4\n|l| Getjiggy49\n|\n|t:|1788381908\n|detailschange|p1b: Raichu|Raichu-Mega-X, L50, F\n|-mega|p1b: Raichu|Raichu|Raichunite X\n|-fieldstart|move: Electric Terrain|[from] ability: Electric Surge|[of] p1b: Raichu\n|move|p2a: Garchomp|Protect|p2a: Garchomp\n|-singleturn|p2a: Garchomp|Protect\n|move|p1b: Raichu|Fake Out|p2b: Empoleon\n|-resisted|p2b: Empoleon|1\n|-damage|p2b: Empoleon|66/100\n|move|p1a: Basculegion|Last Respects|p2a: Garchomp\n|-activate|p2a: Garchomp|move: Protect\n|cant|p2b: Empoleon|flinch\n|\n|-damage|p2a: Garchomp|63/100 brn|[from] brn\n|-sideend|p1: FedVGC|move: Tailwind\n|upkeep\n|turn|5\n|\n|t:|1788381929\n|move|p1a: Basculegion|Last Respects|p2a: Garchomp\n|-damage|p2a: Garchomp|0 fnt\n|faint|p2a: Garchomp\n|move|p1b: Raichu|Rising Voltage|p2b: Empoleon\n|-hint|Rising Voltage's BP doubled on grounded target.\n|-supereffective|p2b: Empoleon|1\n|-damage|p2b: Empoleon|0 fnt\n|faint|p2b: Empoleon\n|\n|upkeep\n|\n|t:|1788381937\n|switch|p2b: Meowscarada|Meowscarada, L50, F|100/100\n|turn|6\n|\n|t:|1788381948\n|move|p1a: Basculegion|Last Respects|p2b: Meowscarada\n|-resisted|p2b: Meowscarada|1\n|-damage|p2b: Meowscarada|21/100\n|move|p2b: Meowscarada|Flower Trick|p1b: Raichu\n|-crit|p1b: Raichu\n|-damage|p1b: Raichu|0 fnt\n|faint|p1b: Raichu\n|\n|upkeep\n|turn|7\n|\n|t:|1788381961\n|move|p2b: Meowscarada|Sucker Punch|p1a: Basculegion\n|-supereffective|p1a: Basculegion|1\n|-damage|p1a: Basculegion|20/100y\n|move|p1a: Basculegion|Last Respects|p2b: Meowscarada\n|-resisted|p2b: Meowscarada|1\n|-crit|p2b: Meowscarada\n|-damage|p2b: Meowscarada|0 fnt\n|faint|p2b: Meowscarada\n|\n|win|FedVGC\n|c|☆FedVGC|ggs\n|c|☆360nodad|ggs\n|l|☆360nodad\n|player|p2|\n","uploadtime":1788381999,"views":"15","formatid":"gen9championsvgc2026regmb","rating":null,"private":0,"password":null}