{"id":"gen9championsvgc2026regmb-2674765441","format":"[Gen 9 Champions] VGC 2026 Reg M-B","players":["popandpop","ArepadeChorizard"],"log":"|j|☆popandpop\n|j|☆ArepadeChorizard\n|t:|1788402729\n|gametype|doubles\n|player|p1|popandpop|caitlin|1234\n|player|p2|ArepadeChorizard|allister-masters|1121\n|gen|9\n|tier|[Gen 9 Champions] VGC 2026 Reg M-B\n|rated|\n|rule|Species Clause: Limit one of each Pokémon\n|rule|Item Clause: Limit 1 of each item\n|clearpoke\n|poke|p1|Staraptor, L50, M|\n|poke|p1|Whimsicott, L50, F|\n|poke|p1|Sinistcha-Masterpiece, L50|\n|poke|p1|Incineroar, L50, F, shiny|\n|poke|p1|Archaludon, L50, F, shiny|\n|poke|p1|Pelipper, L50, M, shiny|\n|poke|p2|Gengar, L50, F|\n|poke|p2|Sinistcha, L50|\n|poke|p2|Tyranitar, L50, M|\n|poke|p2|Falinks, L50|\n|poke|p2|Whimsicott, L50, M|\n|poke|p2|Gholdengo, L50|\n|teampreview|4\n|inactive|Battle timer is ON: inactive players will automatically lose when time's up. (requested by ArepadeChorizard)\nArepadeChorizard rejected open team sheets.\n|inactive|ArepadeChorizard has 60 seconds left.\n|\n|t:|1788402765\n|teamsize|p1|4\n|teamsize|p2|4\n|start\n|switch|p1a: Incineroar|Incineroar, L50, F, shiny|100/100\n|switch|p1b: Archaludon|Archaludon, L50, F, shiny|100/100\n|switch|p2a: Falinks|Falinks, L50|100/100\n|switch|p2b: Whimsicott|Whimsicott, L50, M|100/100\n|-ability|p1a: Incineroar|Intimidate|boost\n|-unboost|p2a: Falinks|atk|1\n|-ability|p2a: Falinks|Defiant|boost\n|-boost|p2a: Falinks|atk|2\n|-unboost|p2b: Whimsicott|atk|1\n|turn|1\n|\n|t:|1788402788\n|move|p2b: Whimsicott|Protect|p2b: Whimsicott\n|-singleturn|p2b: Whimsicott|Protect\n|move|p2a: Falinks|Protect|p2a: Falinks\n|-singleturn|p2a: Falinks|Protect\n|move|p1b: Archaludon|Draco Meteor|p2a: Falinks\n|-activate|p2a: Falinks|move: Protect\n|move|p1a: Incineroar|Flare Blitz|p2b: Whimsicott\n|-activate|p2b: Whimsicott|move: Protect\n|\n|upkeep\n|turn|2\n|\n|t:|1788402799\n|detailschange|p2a: Falinks|Falinks-Mega, L50\n|-mega|p2a: Falinks|Falinks|Falinksite\n|move|p2b: Whimsicott|Tailwind|p2b: Whimsicott\n|-sidestart|p2: ArepadeChorizard|move: Tailwind\n|move|p2a: Falinks|Close Combat|p1b: Archaludon\n|-supereffective|p1b: Archaludon|1\n|-damage|p1b: Archaludon|0 fnt\n|-unboost|p2a: Falinks|def|1\n|-unboost|p2a: Falinks|spd|1\n|faint|p1b: Archaludon\n|move|p1a: Incineroar|Flare Blitz|p2b: Whimsicott\n|-supereffective|p2b: Whimsicott|1\n|-enditem|p2b: Whimsicott|Focus Sash\n|-damage|p2b: Whimsicott|1/100\n|-damage|p1a: Incineroar|74/100|[from] Recoil\n|-damage|p1a: Incineroar|64/100|[from] item: Life Orb\n|\n|upkeep\n|\n|t:|1788402806\n|switch|p1b: Whimsicott|Whimsicott, L50, F|100/100\n|turn|3\n|inactive|ArepadeChorizard has 30 seconds left.\n|inactive|ArepadeChorizard has 20 seconds left.\n|\n|t:|1788402846\n|move|p1b: Whimsicott|Tailwind|p1b: Whimsicott\n|-sidestart|p1: popandpop|move: Tailwind\n|move|p2b: Whimsicott|Moonblast|p1b: Whimsicott\n|-damage|p1b: Whimsicott|56/100\n|move|p2a: Falinks|Close Combat|p1a: Incineroar\n|-supereffective|p1a: Incineroar|1\n|-damage|p1a: Incineroar|0 fnt\n|-unboost|p2a: Falinks|def|1\n|-unboost|p2a: Falinks|spd|1\n|faint|p1a: Incineroar\n|\n|upkeep\n|\n|t:|1788402851\n|switch|p1a: Staraptor|Staraptor, L50, M|100/100\n|-ability|p1a: Staraptor|Intimidate|boost\n|-unboost|p2a: Falinks|atk|1\n|-ability|p2a: Falinks|Defiant|boost\n|-boost|p2a: Falinks|atk|2\n|-unboost|p2b: Whimsicott|atk|1\n|turn|4\n|inactive|ArepadeChorizard has 30 seconds left.\n|\n|t:|1788402883\n|detailschange|p1a: Staraptor|Staraptor-Mega, L50, M\n|-mega|p1a: Staraptor|Staraptor|Staraptite\n|move|p2a: Falinks|Protect|p2a: Falinks\n|-singleturn|p2a: Falinks|Protect\n|move|p2b: Whimsicott|Moonblast|p1a: Staraptor\n|-supereffective|p1a: Staraptor|1\n|-crit|p1a: Staraptor\n|-damage|p1a: Staraptor|0 fnt\n|faint|p1a: Staraptor\n|move|p1b: Whimsicott|Moonblast|p2b: Whimsicott\n|-damage|p2b: Whimsicott|0 fnt\n|faint|p2b: Whimsicott\n|\n|upkeep\n|c|☆popandpop|wjaty\n|c|☆popandpop|tf\n|c|☆ArepadeChorizard|Gg\n|l|☆popandpop\n|inactive|popandpop disconnected and has a minute to reconnect!\n|player|p1|\n|\n|t:|1788402896\n|switch|p2b: Gholdengo|Gholdengo, L50|100/100\n|turn|5\n|inactive|popandpop has 30 seconds left.\n|inactive|popandpop has 20 seconds left.\n|inactive|popandpop has 15 seconds left.\n|inactive|popandpop has 10 seconds left.\n|inactive|popandpop has 5 seconds left.\n|-message|popandpop lost due to inactivity.\n|\n|win|ArepadeChorizard\n|raw|popandpop's rating: 1234 &rarr; <strong>1201</strong><br />(-33 for losing)\n|raw|ArepadeChorizard's rating: 1121 &rarr; <strong>1154</strong><br />(+33 for winning)\n","uploadtime":1788402954,"views":"3","formatid":"gen9championsvgc2026regmb","rating":1154,"private":0,"password":null}