{"id":"gen9championsvgc2026regmbbo3-2674799642","format":"[Gen 9 Champions] VGC 2026 Reg M-B (Bo3)","players":["Dismissed1412","Palius"],"log":"|j|☆Dismissed1412\n|j|☆Palius\n|html|<table width=\"100%\"><tr><td align=\"left\">Dismissed1412</td><td align=\"right\">Palius</tr><tr><td align=\"left\"><i class=\"fa fa-circle-o\"></i> <i class=\"fa fa-circle-o\"></i> </td><td align=\"right\"><i class=\"fa fa-circle-o\"></i> <i class=\"fa fa-circle\"></i> </tr></table>\n|uhtml|bestof|<h2><strong>Game 2</strong> of <a href=\"/game-bestof3-gen9championsvgc2026regmbbo3-2674798125\">a best-of-3</a></h2>\n|t:|1788409134\n|gametype|doubles\n|player|p1|Dismissed1412|ethan|1045\n|player|p2|Palius|265|1016\n|gen|9\n|tier|[Gen 9 Champions] VGC 2026 Reg M-B (Bo3)\n|rated|\n|rule|Species Clause: Limit one of each Pokémon\n|rule|Item Clause: Limit 1 of each item\n|clearpoke\n|poke|p1|Charizard, L50, F, shiny|\n|poke|p1|Venusaur, L50, F|\n|poke|p1|Basculegion, L50, M|\n|poke|p1|Pelipper, L50, F|\n|poke|p1|Grimmsnarl, L50, M|\n|poke|p1|Archaludon, L50, F, shiny|\n|poke|p2|Charizard, L50, M|\n|poke|p2|Whimsicott, L50, F, shiny|\n|poke|p2|Floette-Eternal, L50, F|\n|poke|p2|Kingambit, L50, F, shiny|\n|poke|p2|Basculegion, L50, M, shiny|\n|poke|p2|Garchomp, L50, F|\n|teampreview|4\n|showteam|p1|Charizard||CharizarditeY|Blaze|HeatWave,SolarBeam,Protect,WeatherBall|Modest||F|||50|]Venusaur||LifeOrb|Chlorophyll|SludgeBomb,EarthPower,SleepPowder,GigaDrain|Modest||F|||50|]Basculegion||ChoiceScarf|Adaptability|WaveCrash,LastRespects,FlipTurn,AquaJet|Careful||M|||50|]Pelipper||SitrusBerry|Drizzle|Hurricane,Tailwind,WeatherBall,WideGuard|Modest||F|||50|]Grimmsnarl||LightClay|Prankster|LightScreen,Reflect,SpiritBreak,PartingShot|Careful||M|||50|]Archaludon||Leftovers|Stamina|DragonPulse,ElectroShot,FlashCannon,Protect|Calm||F|||50|\n|showteam|p2|Charizard||CharizarditeY|Blaze|HeatWave,WeatherBall,SolarBeam,Protect|Modest||M|||50|]Whimsicott||FocusSash|Prankster|Moonblast,Tailwind,Encore,Protect|Bold||F|||50|]Floette-Eternal||Floettite|FlowerVeil|Moonblast,DazzlingGleam,LightofRuin,Protect|Timid||F|||50|]Kingambit||ChopleBerry|Defiant|KowtowCleave,SuckerPunch,LowKick,IronHead|Adamant||F|||50|]Basculegion||LifeOrb|Adaptability|WaveCrash,LastRespects,AquaJet,Protect|Jolly||M|||50|]Garchomp||SitrusBerry|RoughSkin|StompingTantrum,DragonClaw,RockSlide,Protect|Adamant||F|||50|\n|\n|t:|1788409171\n|teamsize|p1|4\n|teamsize|p2|4\n|start\n|switch|p1a: Pelipper|Pelipper, L50, F|100/100\n|switch|p1b: Archaludon|Archaludon, L50, F, shiny|100/100\n|switch|p2a: Garchomp|Garchomp, L50, F|100/100\n|switch|p2b: Charizard|Charizard, L50, M|100/100\n|-weather|RainDance|[from] ability: Drizzle|[of] p1a: Pelipper\n|turn|1\n|\n|t:|1788409202\n|detailschange|p2b: Charizard|Charizard-Mega-Y, L50, M\n|-mega|p2b: Charizard|Charizard|Charizardite Y\n|-weather|SunnyDay|[from] ability: Drought|[of] p2b: Charizard\n|move|p1b: Archaludon|Protect|p1b: Archaludon\n|-singleturn|p1b: Archaludon|Protect\n|move|p2a: Garchomp|Stomping Tantrum|p1b: Archaludon\n|-activate|p1b: Archaludon|move: Protect\n|move|p2b: Charizard|Heat Wave|p1b: Archaludon|[spread] \n|-activate|p1b: Archaludon|move: Protect\n|-miss|p2b: Charizard|p1a: Pelipper\n|move|p1a: Pelipper|Tailwind|p1a: Pelipper\n|-sidestart|p1: Dismissed1412|move: Tailwind\n|\n|-weather|SunnyDay|[upkeep]\n|upkeep\n|turn|2\n|\n|t:|1788409247\n|move|p1b: Archaludon|Dragon Pulse|p2a: Garchomp\n|-supereffective|p2a: Garchomp|1\n|-damage|p2a: Garchomp|28/100\n|-enditem|p2a: Garchomp|Sitrus Berry|[eat]\n|-heal|p2a: Garchomp|53/100|[from] item: Sitrus Berry\n|move|p1a: Pelipper|Hurricane|p2b: Charizard\n|-damage|p2b: Charizard|57/100\n|move|p2a: Garchomp|Stomping Tantrum|p1b: Archaludon\n|-supereffective|p1b: Archaludon|1\n|-damage|p1b: Archaludon|44/100\n|-ability|p1b: Archaludon|Stamina|boost\n|-boost|p1b: Archaludon|def|1\n|move|p2b: Charizard|Weather Ball|p1b: Archaludon\n|-damage|p1b: Archaludon|0 fnt\n|faint|p1b: Archaludon\n|\n|-weather|SunnyDay|[upkeep]\n|upkeep\n|\n|t:|1788409267\n|switch|p1b: Venusaur|Venusaur, L50, F|100/100\n|turn|3\n|\n|t:|1788409284\n|switch|p1a: Basculegion|Basculegion, L50, M|100/100\n|move|p1b: Venusaur|Sleep Powder|p2b: Charizard\n|-status|p2b: Charizard|slp|[from] move: Sleep Powder\n|move|p2a: Garchomp|Rock Slide|p1a: Basculegion|[spread] p1a,p1b\n|-damage|p1a: Basculegion|78/100\n|-damage|p1b: Venusaur|73/100\n|cant|p2b: Charizard|slp\n|\n|-weather|SunnyDay|[upkeep]\n|upkeep\n|turn|4\n|\n|t:|1788409312\n|switch|p2b: Whimsicott|Whimsicott, L50, F, shiny|100/100\n|move|p1b: Venusaur|Giga Drain|p2a: Garchomp\n|-damage|p2a: Garchomp|6/100\n|-heal|p1b: Venusaur|100/100|[from] drain|[of] p2a: Garchomp\n|-damage|p1b: Venusaur|90/100|[from] item: Life Orb\n|move|p1a: Basculegion|Last Respects|p2b: Whimsicott\n|-damage|p2b: Whimsicott|53/100\n|move|p2a: Garchomp|Rock Slide|p1b: Venusaur|[spread] p1a,p1b\n|-damage|p1a: Basculegion|56/100\n|-damage|p1b: Venusaur|64/100\n|\n|-weather|SunnyDay|[upkeep]\n|-sideend|p1: Dismissed1412|move: Tailwind\n|upkeep\n|turn|5\n|\n|t:|1788409346\n|move|p2a: Garchomp|Protect|p2a: Garchomp\n|-singleturn|p2a: Garchomp|Protect\n|move|p2b: Whimsicott|Tailwind|p2b: Whimsicott\n|-sidestart|p2: Palius|move: Tailwind\n|move|p1b: Venusaur|Sludge Bomb|p2b: Whimsicott\n|-supereffective|p2b: Whimsicott|2\n|-damage|p2b: Whimsicott|0 fnt\n|faint|p2b: Whimsicott\n|-damage|p1b: Venusaur|55/100|[from] item: Life Orb\n|move|p1a: Basculegion|Last Respects|p2a: Garchomp\n|-activate|p2a: Garchomp|move: Protect\n|\n|-weather|none\n|upkeep\n|\n|t:|1788409359\n|switch|p2b: Kingambit|Kingambit, L50, F, shiny|100/100\n|turn|6\n|\n|t:|1788409372\n|switch|p1a: Pelipper|Pelipper, L50, F|100/100\n|-weather|RainDance|[from] ability: Drizzle|[of] p1a: Pelipper\n|move|p2a: Garchomp|Dragon Claw|p1b: Venusaur\n|-crit|p1b: Venusaur\n|-damage|p1b: Venusaur|0 fnt\n|faint|p1b: Venusaur\n|move|p2b: Kingambit|Kowtow Cleave|p1a: Pelipper\n|-damage|p1a: Pelipper|43/100\n|-enditem|p1a: Pelipper|Sitrus Berry|[eat]\n|-heal|p1a: Pelipper|68/100|[from] item: Sitrus Berry\n|\n|-weather|RainDance|[upkeep]\n|upkeep\n|\n|t:|1788409385\n|switch|p1b: Basculegion|Basculegion, L50, M|56/100\n|turn|7\n|\n|t:|1788409411\n|move|p2a: Garchomp|Protect|p2a: Garchomp\n|-singleturn|p2a: Garchomp|Protect\n|move|p1b: Basculegion|Aqua Jet|p2b: Kingambit\n|-damage|p2b: Kingambit|73/100\n|move|p2b: Kingambit|Sucker Punch||[still]\n|-fail|p2b: Kingambit\n|move|p1a: Pelipper|Weather Ball|p2a: Garchomp\n|-activate|p2a: Garchomp|move: Protect\n|\n|-weather|RainDance|[upkeep]\n|upkeep\n|turn|8\n|\n|t:|1788409430\n|move|p1b: Basculegion|Aqua Jet|p2b: Kingambit\n|-damage|p2b: Kingambit|47/100\n|move|p2a: Garchomp|Rock Slide|p1b: Basculegion|[spread] p1b\n|-miss|p2a: Garchomp|p1a: Pelipper\n|-damage|p1b: Basculegion|32/100\n|move|p2b: Kingambit|Kowtow Cleave|p1b: Basculegion\n|-supereffective|p1b: Basculegion|1\n|-damage|p1b: Basculegion|0 fnt\n|faint|p1b: Basculegion\n|move|p1a: Pelipper|Weather Ball|p2a: Garchomp\n|-damage|p2a: Garchomp|0 fnt\n|faint|p2a: Garchomp\n|\n|-weather|RainDance|[upkeep]\n|-sideend|p2: Palius|move: Tailwind\n|upkeep\n|\n|t:|1788409444\n|switch|p2a: Charizard|Charizard-Mega-Y, L50, M|57/100 slp\n|-weather|SunnyDay|[from] ability: Drought|[of] p2a: Charizard\n|turn|9\n|\n|t:|1788409470\n|-curestatus|p2a: Charizard|slp|[msg]\n|move|p2a: Charizard|Solar Beam||[still]\n|-prepare|p2a: Charizard|Solar Beam\n|-anim|p2a: Charizard|Solar Beam|p1a: Pelipper\n|-damage|p1a: Pelipper|4/100\n|move|p1a: Pelipper|Tailwind|p1a: Pelipper\n|-sidestart|p1: Dismissed1412|move: Tailwind\n|move|p2b: Kingambit|Kowtow Cleave|p1a: Pelipper\n|-damage|p1a: Pelipper|0 fnt\n|faint|p1a: Pelipper\n|\n|win|Palius\n|raw|Dismissed1412's rating: 1045 &rarr; <strong>1027</strong><br />(-18 for losing)\n|raw|Palius's rating: 1016 &rarr; <strong>1057</strong><br />(+41 for winning)\n|c|☆Dismissed1412|ggs\n","uploadtime":1788409493,"views":"2","formatid":"gen9championsvgc2026regmbbo3","rating":1027,"private":0,"password":null}