{"id":"gen9championsvgc2026regmb-2674337579","format":"[Gen 9 Champions] VGC 2026 Reg M-B","players":["P28","psyknop"],"log":"|j|☆P28\n|j|☆psyknop\n|t:|1788344083\n|gametype|doubles\n|player|p1|P28|101|1267\n|player|p2|psyknop|266|1244\n|gen|9\n|tier|[Gen 9 Champions] VGC 2026 Reg M-B\n|rated|\n|rule|Species Clause: Limit one of each Pokémon\n|rule|Item Clause: Limit 1 of each item\n|clearpoke\n|poke|p1|Froslass, L50, F|\n|poke|p1|Glaceon, L50, F|\n|poke|p1|Talonflame, L50, F|\n|poke|p1|Glimmora, L50, M, shiny|\n|poke|p1|Sneasler, L50, M|\n|poke|p1|Kingambit, L50, F|\n|poke|p2|Tsareena, L50, F|\n|poke|p2|Metagross, L50|\n|poke|p2|Primarina, L50, F|\n|poke|p2|Manectric, L50, M|\n|poke|p2|Kommo-o, L50, F|\n|poke|p2|Incineroar, L50, F|\n|teampreview|4\nP28 rejected open team sheets.\n|\n|t:|1788344173\n|teamsize|p1|4\n|teamsize|p2|4\n|start\n|switch|p1a: Glimmora|Glimmora, L50, M, shiny|100/100\n|switch|p1b: Talonflame|Talonflame, L50, F|100/100\n|switch|p2a: Incineroar|Incineroar, L50, F|100/100\n|switch|p2b: Manectric|Manectric, L50, M|100/100\n|-ability|p2a: Incineroar|Intimidate|boost\n|-unboost|p1a: Glimmora|atk|1\n|-unboost|p1b: Talonflame|atk|1\n|turn|1\n|\n|t:|1788344210\n|detailschange|p2b: Manectric|Manectric-Mega, L50, M\n|-mega|p2b: Manectric|Manectric|Manectite\n|-ability|p2b: Manectric|Intimidate|boost\n|-unboost|p1a: Glimmora|atk|1\n|-unboost|p1b: Talonflame|atk|1\n|detailschange|p1a: Glimmora|Glimmora-Mega, L50, M, shiny\n|-mega|p1a: Glimmora|Glimmora|Glimmoranite\n|move|p1b: Talonflame|Protect|p1b: Talonflame\n|-singleturn|p1b: Talonflame|Protect\n|move|p1a: Glimmora|Spiky Shield|p1a: Glimmora\n|-singleturn|p1a: Glimmora|move: Protect\n|move|p2a: Incineroar|Fake Out|p1b: Talonflame\n|-activate|p1b: Talonflame|move: Protect\n|move|p2b: Manectric|Volt Switch|p1b: Talonflame\n|-activate|p1b: Talonflame|move: Protect\n|\n|upkeep\n|turn|2\n|\n|t:|1788344258\n|move|p2b: Manectric|Protect|p2b: Manectric\n|-singleturn|p2b: Manectric|Protect\n|move|p1b: Talonflame|Tailwind|p1b: Talonflame\n|-sidestart|p1: P28|move: Tailwind\n|move|p1a: Glimmora|Earth Power|p2b: Manectric\n|-activate|p2b: Manectric|move: Protect\n|move|p2a: Incineroar|Parting Shot|p1a: Glimmora\n|-unboost|p1a: Glimmora|atk|1\n|-unboost|p1a: Glimmora|spa|1\n|\n|t:|1788344278\n|switch|p2a: Primarina|Primarina, L50, F|100/100|[from] Parting Shot\n|\n|upkeep\n|turn|3\n|\n|t:|1788344333\n|move|p1b: Talonflame|Brave Bird|p2b: Manectric\n|-resisted|p2b: Manectric|1\n|-damage|p2b: Manectric|82/100\n|-damage|p1b: Talonflame|93/100|[from] Recoil\n|-damage|p1b: Talonflame|83/100|[from] item: Life Orb\n|move|p1a: Glimmora|Sludge Bomb|p2b: Manectric\n|-damage|p2b: Manectric|25/100\n|-status|p2b: Manectric|psn\n|move|p2b: Manectric|Volt Switch|p1a: Glimmora\n|-damage|p1a: Glimmora|62/100\n|\n|t:|1788344348\n|switch|p2b: Incineroar|Incineroar, L50, F|100/100|[from] Volt Switch\n|-ability|p2b: Incineroar|Intimidate|boost\n|-unboost|p1a: Glimmora|atk|1\n|-unboost|p1b: Talonflame|atk|1\n|move|p2a: Primarina|Hyper Voice|p1a: Glimmora|[spread] p1a,p1b\n|-supereffective|p1a: Glimmora|1\n|-supereffective|p1b: Talonflame|1\n|-damage|p1a: Glimmora|0 fnt\n|-damage|p1b: Talonflame|0 fnt\n|faint|p1a: Glimmora\n|faint|p1b: Talonflame\n|-damage|p2a: Primarina|90/100|[from] item: Life Orb\n|\n|upkeep\n|\n|t:|1788344370\n|switch|p1b: Glaceon|Glaceon, L50, F|100/100\n|switch|p1a: Sneasler|Sneasler, L50, M|100/100\n|turn|4\n|\n|t:|1788344391\n|switch|p2b: Manectric|Manectric-Mega, L50, M|25/100 psn\n|-ability|p2b: Manectric|Intimidate|boost\n|-unboost|p1a: Sneasler|atk|1\n|-unboost|p1b: Glaceon|atk|1\n|move|p2a: Primarina|Protect|p2a: Primarina\n|-singleturn|p2a: Primarina|Protect\n|move|p1a: Sneasler|Fake Out|p2b: Manectric\n|-damage|p2b: Manectric|11/100 psn\n|move|p1b: Glaceon|Freeze-Dry|p2a: Primarina\n|-activate|p2a: Primarina|move: Protect\n|\n|-damage|p2b: Manectric|0 fnt|[from] psn\n|faint|p2b: Manectric\n|upkeep\n|\n|t:|1788344406\n|switch|p2b: Incineroar|Incineroar, L50, F|100/100\n|-ability|p2b: Incineroar|Intimidate|boost\n|-unboost|p1a: Sneasler|atk|1\n|-unboost|p1b: Glaceon|atk|1\n|turn|5\n|\n|t:|1788344439\n|move|p2b: Incineroar|Fake Out|p1b: Glaceon\n|-damage|p1b: Glaceon|89/100\n|move|p1a: Sneasler|Dire Claw|p2a: Primarina\n|-supereffective|p2a: Primarina|1\n|-damage|p2a: Primarina|32/100\n|cant|p1b: Glaceon|flinch\n|move|p2a: Primarina|Hyper Voice|p1b: Glaceon|[spread] p1a,p1b\n|-damage|p1a: Sneasler|31/100\n|-damage|p1b: Glaceon|32/100\n|-damage|p2a: Primarina|22/100|[from] item: Life Orb\n|\n|-sideend|p1: P28|move: Tailwind\n|upkeep\n|turn|6\n|\n|t:|1788344465\n|move|p2a: Primarina|Protect|p2a: Primarina\n|-singleturn|p2a: Primarina|Protect\n|move|p1a: Sneasler|Close Combat|p2b: Incineroar\n|-supereffective|p2b: Incineroar|1\n|-damage|p2b: Incineroar|52/100\n|-unboost|p1a: Sneasler|def|1\n|-unboost|p1a: Sneasler|spd|1\n|move|p1b: Glaceon|Freeze-Dry|p2a: Primarina\n|-activate|p2a: Primarina|move: Protect\n|move|p2b: Incineroar|Flare Blitz|p1a: Sneasler\n|-damage|p1a: Sneasler|0 fnt\n|faint|p1a: Sneasler\n|-damage|p2b: Incineroar|44/100|[from] Recoil\n|\n|upkeep\n|turn|7\n|c|☆P28|ggs\n|\n|t:|1788344490\n|move|p1b: Glaceon|Blizzard|p2a: Primarina|[spread] p2a,p2b\n|-resisted|p2a: Primarina|1\n|-resisted|p2b: Incineroar|1\n|-damage|p2a: Primarina|2/100\n|-damage|p2b: Incineroar|23/100\n|move|p2b: Incineroar|Flare Blitz|p1b: Glaceon\n|-supereffective|p1b: Glaceon|1\n|-damage|p1b: Glaceon|0 fnt\n|faint|p1b: Glaceon\n|-damage|p2b: Incineroar|14/100|[from] Recoil\n|\n|win|psyknop\n|raw|P28's rating: 1267 &rarr; <strong>1240</strong><br />(-27 for losing)\n|raw|psyknop's rating: 1244 &rarr; <strong>1271</strong><br />(+27 for winning)\n","uploadtime":1788344496,"views":"3","formatid":"gen9championsvgc2026regmb","rating":1240,"private":0,"password":null}