{"id":"gen9championsvgc2026regmb-2674426364","format":"[Gen 9 Champions] VGC 2026 Reg M-B","players":["falcone_hiss","majikkfrogg"],"log":"|j|☆falcone_hiss\n|j|☆majikkfrogg\n|t:|1788358401\n|gametype|doubles\n|player|p1|falcone_hiss|265|1043\n|player|p2|majikkfrogg|2|1047\n|gen|9\n|tier|[Gen 9 Champions] VGC 2026 Reg M-B\n|rated|\n|rule|Species Clause: Limit one of each Pokémon\n|rule|Item Clause: Limit 1 of each item\n|clearpoke\n|poke|p1|Charizard, L50, M, shiny|\n|poke|p1|Snorlax, L50, F|\n|poke|p1|Whimsicott, L50, M, shiny|\n|poke|p1|Kangaskhan, L50, F|\n|poke|p1|Glimmora, L50, M, shiny|\n|poke|p1|Grimmsnarl, L50, M|\n|poke|p2|Stunfisk-Galar, L50, M|\n|poke|p2|Whimsicott, L50, M|\n|poke|p2|Raichu, L50, F|\n|poke|p2|Basculegion, L50, M|\n|poke|p2|Staraptor, L50, F|\n|poke|p2|Sneasler, L50, F|\n|teampreview|4\n|inactive|Battle timer is ON: inactive players will automatically lose when time's up. (requested by majikkfrogg)\n|inactive|falcone_hiss has 60 seconds left.\n|\n|t:|1788358460\n|teamsize|p1|4\n|teamsize|p2|4\n|start\n|switch|p1a: Grimmsnarl|Grimmsnarl, L50, M|100/100\n|switch|p1b: Snorlax|Snorlax, L50, F|100/100\n|switch|p2a: Staraptor|Staraptor, L50, F|100/100\n|switch|p2b: Sneasler|Sneasler, L50, F|100/100\n|-ability|p2a: Staraptor|Intimidate|boost\n|-unboost|p1a: Grimmsnarl|atk|1\n|-unboost|p1b: Snorlax|atk|1\n|turn|1\n|inactive|majikkfrogg has 30 seconds left.\n|inactive|majikkfrogg has 20 seconds left.\n|\n|t:|1788358499\n|move|p2b: Sneasler|Fake Out|p1a: Grimmsnarl\n|-damage|p1a: Grimmsnarl|83/100\n|cant|p1a: Grimmsnarl|flinch\n|move|p2a: Staraptor|Final Gambit|p1a: Grimmsnarl\n|-damage|p1a: Grimmsnarl|0 fnt\n|faint|p2a: Staraptor\n|faint|p1a: Grimmsnarl\n|move|p1b: Snorlax|High Horsepower|p2b: Sneasler\n|-supereffective|p2b: Sneasler|1\n|-damage|p2b: Sneasler|24/100\n|\n|upkeep\n|\n|t:|1788358511\n|switch|p2a: Raichu|Raichu, L50, F|100/100\n|switch|p1a: Glimmora|Glimmora, L50, M, shiny|100/100\n|turn|2\n|inactive|majikkfrogg has 30 seconds left.\n|\n|t:|1788358541\n|move|p2a: Raichu|Fake Out|p1b: Snorlax\n|-damage|p1b: Snorlax|92/100\n|move|p2b: Sneasler|Close Combat|p1b: Snorlax\n|-supereffective|p1b: Snorlax|1\n|-damage|p1b: Snorlax|0 fnt\n|-unboost|p2b: Sneasler|def|1\n|-unboost|p2b: Sneasler|spd|1\n|faint|p1b: Snorlax\n|-enditem|p2b: Sneasler|White Herb\n|-clearnegativeboost|p2b: Sneasler|[silent]\n|move|p1a: Glimmora|Light Screen|p1a: Glimmora\n|-sidestart|p1: falcone_hiss|move: Light Screen\n|\n|upkeep\n|\n|t:|1788358551\n|switch|p1b: Kangaskhan|Kangaskhan, L50, F|100/100\n|turn|3\n|\n|t:|1788358570\n|detailschange|p2a: Raichu|Raichu-Mega-X, L50, F\n|-mega|p2a: Raichu|Raichu|Raichunite X\n|-fieldstart|move: Electric Terrain|[from] ability: Electric Surge|[of] p2a: Raichu\n|detailschange|p1b: Kangaskhan|Kangaskhan-Mega, L50, F\n|-mega|p1b: Kangaskhan|Kangaskhan|Kangaskhanite\n|move|p1b: Kangaskhan|Fake Out|p2b: Sneasler\n|-damage|p2b: Sneasler|0 fnt\n|faint|p2b: Sneasler\n|move|p2a: Raichu|Rising Voltage|p1b: Kangaskhan\n|-hint|Rising Voltage's BP doubled on grounded target.\n|-damage|p1b: Kangaskhan|57/100\n|move|p1a: Glimmora|Acid Armor|p1a: Glimmora\n|-boost|p1a: Glimmora|def|2\n|\n|upkeep\n|\n|t:|1788358582\n|switch|p2b: Stunfisk|Stunfisk-Galar, L50, M|100/100\n|-start|p2b: Stunfisk|typechange|Electric|[from] ability: Mimicry\n|turn|4\n|\n|t:|1788358602\n|move|p2a: Raichu|Knock Off|p1a: Glimmora\n|-damage|p1a: Glimmora|86/100\n|-activate|p1a: Glimmora|ability: Toxic Debris\n|-sidestart|p2: majikkfrogg|move: Toxic Spikes\n|-enditem|p1a: Glimmora|Light Clay|[from] move: Knock Off|[of] p2a: Raichu\n|move|p1b: Kangaskhan|Drain Punch|p2a: Raichu\n|-damage|p2a: Raichu|70/100\n|-heal|p1b: Kangaskhan|69/100|[from] drain|[of] p2a: Raichu\n|-damage|p2a: Raichu|63/100\n|-heal|p1b: Kangaskhan|71/100|[from] drain|[of] p2a: Raichu\n|-hitcount|p2a: Raichu|2\n|move|p1a: Glimmora|Mortal Spin|p2b: Stunfisk|[spread] p2a,p2b\n|-damage|p2a: Raichu|57/100\n|-damage|p2b: Stunfisk|96/100\n|-status|p2a: Raichu|psn\n|-status|p2b: Stunfisk|psn\n|move|p2b: Stunfisk|Snap Trap|p1b: Kangaskhan\n|-damage|p1b: Kangaskhan|65/100\n|-activate|p1b: Kangaskhan|move: Snap Trap|[of] p2b: Stunfisk\n|\n|-heal|p2b: Stunfisk|100/100 psn|[from] item: Leftovers\n|-damage|p2a: Raichu|45/100 psn|[from] psn\n|-damage|p2b: Stunfisk|87/100 psn|[from] psn\n|-damage|p1b: Kangaskhan|53/100|[from] move: Snap Trap|[partiallytrapped]\n|upkeep\n|turn|5\n|inactive|falcone_hiss has 30 seconds left.\n|inactive|majikkfrogg has 30 seconds left.\n|\n|t:|1788358633\n|move|p2a: Raichu|Rising Voltage|p1b: Kangaskhan\n|-hint|Rising Voltage's BP doubled on grounded target.\n|-damage|p1b: Kangaskhan|9/100\n|move|p1b: Kangaskhan|Drain Punch|p2b: Stunfisk\n|-damage|p2b: Stunfisk|71/100 psn\n|-heal|p1b: Kangaskhan|17/100|[from] drain|[of] p2b: Stunfisk\n|-damage|p2b: Stunfisk|68/100 psn\n|-heal|p1b: Kangaskhan|19/100|[from] drain|[of] p2b: Stunfisk\n|-hitcount|p2b: Stunfisk|2\n|move|p1a: Glimmora|Gunk Shot|p2a: Raichu\n|-damage|p2a: Raichu|11/100 psn\n|move|p2b: Stunfisk|Counter|p1b: Kangaskhan\n|-damage|p1b: Kangaskhan|11/100\n|\n|-heal|p2b: Stunfisk|74/100 psn|[from] item: Leftovers\n|-damage|p2a: Raichu|0 fnt|[from] psn\n|faint|p2a: Raichu\n|-damage|p2b: Stunfisk|61/100 psn|[from] psn\n|-damage|p1b: Kangaskhan|0 fnt|[from] move: Snap Trap|[partiallytrapped]\n|faint|p1b: Kangaskhan\n|upkeep\n|turn|6\n|inactive|falcone_hiss has 30 seconds left.\n|\n|t:|1788358659\n|move|p1a: Glimmora|Gunk Shot|p2b: Stunfisk\n|-damage|p2b: Stunfisk|46/100 psn\n|move|p2b: Stunfisk|Snap Trap|p1a: Glimmora\n|-supereffective|p1a: Glimmora|1\n|-damage|p1a: Glimmora|79/100\n|-activate|p1a: Glimmora|move: Snap Trap|[of] p2b: Stunfisk\n|-activate|p1a: Glimmora|ability: Toxic Debris\n|-sidestart|p2: majikkfrogg|move: Toxic Spikes\n|\n|-heal|p2b: Stunfisk|52/100 psn|[from] item: Leftovers\n|-damage|p2b: Stunfisk|39/100 psn|[from] psn\n|-damage|p1a: Glimmora|66/100|[from] move: Snap Trap|[partiallytrapped]\n|upkeep\n|turn|7\n|\n|t:|1788358674\n|move|p2b: Stunfisk|Protect|p2b: Stunfisk\n|-singleturn|p2b: Stunfisk|Protect\n|move|p1a: Glimmora|Gunk Shot|p2b: Stunfisk\n|-activate|p2b: Stunfisk|move: Protect\n|\n|-heal|p2b: Stunfisk|45/100 psn|[from] item: Leftovers\n|-damage|p2b: Stunfisk|33/100 psn|[from] psn\n|-damage|p1a: Glimmora|54/100|[from] move: Snap Trap|[partiallytrapped]\n|-fieldend|move: Electric Terrain\n|-activate|p2b: Stunfisk|ability: Mimicry\n|-end|p2b: Stunfisk|typechange|[silent]\n|upkeep\n|turn|8\n|\n|t:|1788358686\n|move|p1a: Glimmora|Acid Armor|p1a: Glimmora\n|-boost|p1a: Glimmora|def|2\n|move|p2b: Stunfisk|Yawn|p1a: Glimmora\n|-start|p1a: Glimmora|move: Yawn|[of] p2b: Stunfisk\n|\n|-heal|p2b: Stunfisk|39/100 psn|[from] item: Leftovers\n|-damage|p2b: Stunfisk|26/100 psn|[from] psn\n|-damage|p1a: Glimmora|42/100|[from] move: Snap Trap|[partiallytrapped]\n|upkeep\n|turn|9\n|\n|t:|1788358696\n|move|p2b: Stunfisk|Protect|p2b: Stunfisk\n|-singleturn|p2b: Stunfisk|Protect\n|move|p1a: Glimmora|Acid Armor|p1a: Glimmora\n|-boost|p1a: Glimmora|def|2\n|\n|-heal|p2b: Stunfisk|32/100 psn|[from] item: Leftovers\n|-damage|p2b: Stunfisk|20/100y psn|[from] psn\n|-damage|p1a: Glimmora|30/100|[from] move: Snap Trap|[partiallytrapped]\n|-end|p1a: Glimmora|move: Yawn|[silent]\n|-status|p1a: Glimmora|slp\n|-sideend|p1: falcone_hiss|move: Light Screen\n|upkeep\n|turn|10\n|\n|t:|1788358709\n|cant|p1a: Glimmora|slp\n|move|p2b: Stunfisk|Snap Trap|p1a: Glimmora\n|-supereffective|p1a: Glimmora|1\n|-damage|p1a: Glimmora|25/100 slp\n|\n|-heal|p2b: Stunfisk|26/100 psn|[from] item: Leftovers\n|-damage|p2b: Stunfisk|13/100 psn|[from] psn\n|-damage|p1a: Glimmora|13/100 slp|[from] move: Snap Trap|[partiallytrapped]\n|upkeep\n|turn|11\n|\n|t:|1788358719\n|cant|p1a: Glimmora|slp\n|move|p2b: Stunfisk|Snap Trap|p1a: Glimmora\n|-supereffective|p1a: Glimmora|1\n|-crit|p1a: Glimmora\n|-damage|p1a: Glimmora|0 fnt\n|faint|p1a: Glimmora\n|\n|win|majikkfrogg\n|raw|falcone_hiss's rating: 1043 &rarr; <strong>1027</strong><br />(-16 for losing)\n|raw|majikkfrogg's rating: 1047 &rarr; <strong>1080</strong><br />(+33 for winning)\n|l|☆falcone_hiss\n|player|p1|\n","uploadtime":1788358746,"views":"2","formatid":"gen9championsvgc2026regmb","rating":1027,"private":0,"password":null}