{"id":"gen9championsvgc2026regmbbo3-2674873337","format":"[Gen 9 Champions] VGC 2026 Reg M-B (Bo3)","players":["DINOLONK","Pawah"],"log":"|j|☆DINOLONK\n|j|☆Pawah\n|html|<table width=\"100%\"><tr><td align=\"left\">DINOLONK</td><td align=\"right\">Pawah</tr><tr><td align=\"left\"><i class=\"fa fa-circle-o\"></i> <i class=\"fa fa-circle-o\"></i> </td><td align=\"right\"><i class=\"fa fa-circle-o\"></i> <i class=\"fa fa-circle-o\"></i> </tr></table>\n|uhtml|bestof|<h2><strong>Game 1</strong> of <a href=\"/game-bestof3-gen9championsvgc2026regmbbo3-2674873336\">a best-of-3</a></h2>\n|t:|1788426342\n|gametype|doubles\n|player|p1|DINOLONK|parasollady-gen4|1426\n|player|p2|Pawah|ethan|1316\n|gen|9\n|tier|[Gen 9 Champions] VGC 2026 Reg M-B (Bo3)\n|rated|\n|rule|Species Clause: Limit one of each Pokémon\n|rule|Item Clause: Limit 1 of each item\n|clearpoke\n|poke|p1|Dragonite, L50, M|\n|poke|p1|Sneasler, L50, M|\n|poke|p1|Kingambit, L50, F|\n|poke|p1|Basculegion, L50, M|\n|poke|p1|Whimsicott, L50, M|\n|poke|p1|Floette-Eternal, L50, F|\n|poke|p2|Staraptor, L50, M|\n|poke|p2|Milotic, L50, F|\n|poke|p2|Tyranitar, L50, M|\n|poke|p2|Gholdengo, L50|\n|poke|p2|Excadrill, L50, M|\n|poke|p2|Sinistcha, L50|\n|teampreview|4\n|showteam|p1|Dragonite||Dragoninite|InnerFocus|DragonPulse,HeatWave,Thunderbolt,Protect|Modest||M|||50|]Sneasler||WhiteHerb|Unburden|DireClaw,CloseCombat,RockSlide,FakeOut|Jolly||M|||50|]Kingambit||ChopleBerry|Defiant|KowtowCleave,SuckerPunch,LowKick,IronHead|Adamant||F|||50|]Basculegion||LifeOrb|Adaptability|WaveCrash,LastRespects,AquaJet,Protect|Adamant||M|||50|]Whimsicott||FocusSash|Prankster|Moonblast,Tailwind,Encore,Protect|Timid||M|||50|]Floette-Eternal||Floettite|FlowerVeil|Moonblast,DazzlingGleam,LightofRuin,Protect|Timid||F|||50|\n|showteam|p2|Staraptor||Staraptite|Intimidate|BraveBird,CloseCombat,Tailwind,Protect|Jolly||M|||50|]Milotic||SitrusBerry|Competitive|Scald,IceBeam,IcyWind,Recover|Modest||F|||50|]Tyranitar||Tyranitarite|SandStream|RockSlide,KnockOff,LowKick,Protect|Adamant||M|||50|]Gholdengo||LifeOrb|GoodasGold|ShadowBall,MakeItRain,NastyPlot,Protect|Modest|||||50|]Excadrill||FocusSash|SandRush|HighHorsepower,IronHead,RockSlide,Protect|Adamant||M|||50|]Sinistcha||ColburBerry|Hospitality|MatchaGotcha,RagePowder,TrickRoom,Protect|Bold|||||50|\n|inactive|Battle timer is ON: inactive players will automatically lose when time's up. (requested by Pawah)\n|inactive|DINOLONK also wants the timer to be on.\n|\n|t:|1788426372\n|teamsize|p1|4\n|teamsize|p2|4\n|start\n|switch|p1a: Sneasler|Sneasler, L50, M|100/100\n|switch|p1b: Kingambit|Kingambit, L50, F|100/100\n|switch|p2a: Tyranitar|Tyranitar, L50, M|100/100\n|switch|p2b: Excadrill|Excadrill, L50, M|100/100\n|-weather|Sandstorm|[from] ability: Sand Stream|[of] p2a: Tyranitar\n|turn|1\n|inactive|DINOLONK has 30 seconds left.\n|inactive|DINOLONK has 20 seconds left.\n|inactive|DINOLONK has 15 seconds left.\n|\n|t:|1788426415\n|switch|p1a: Whimsicott|Whimsicott, L50, M|100/100\n|switch|p2a: Sinistcha|Sinistcha, L50|100/100\n|move|p2b: Excadrill|Protect|p2b: Excadrill\n|-singleturn|p2b: Excadrill|Protect\n|move|p1b: Kingambit|Low Kick|p2a: Sinistcha\n|-immune|p2a: Sinistcha\n|\n|-weather|Sandstorm|[upkeep]\n|-damage|p1a: Whimsicott|94/100|[from] Sandstorm\n|-damage|p2a: Sinistcha|93/100|[from] Sandstorm\n|upkeep\n|turn|2\n|\n|t:|1788426428\n|switch|p2b: Milotic|Milotic, L50, F|100/100\n|move|p1a: Whimsicott|Encore||[still]\n|-fail|p1a: Whimsicott\n|move|p2a: Sinistcha|Matcha Gotcha|p1a: Whimsicott|[spread] p1a,p1b\n|-resisted|p1a: Whimsicott|1\n|-resisted|p1b: Kingambit|1\n|-damage|p1a: Whimsicott|75/100\n|-heal|p2a: Sinistcha|100/100|[from] drain|[of] p1a: Whimsicott\n|-damage|p1b: Kingambit|86/100\n|move|p1b: Kingambit|Kowtow Cleave|p2a: Sinistcha\n|-supereffective|p2a: Sinistcha|1\n|-enditem|p2a: Sinistcha|Colbur Berry|[eat]\n|-enditem|p2a: Sinistcha|Colbur Berry|[weaken]\n|-damage|p2a: Sinistcha|58/100\n|\n|-weather|Sandstorm|[upkeep]\n|-damage|p1a: Whimsicott|69/100|[from] Sandstorm\n|-damage|p2b: Milotic|94/100|[from] Sandstorm\n|-damage|p2a: Sinistcha|52/100|[from] Sandstorm\n|upkeep\n|turn|3\n|\n|t:|1788426447\n|move|p1a: Whimsicott|Tailwind|p1a: Whimsicott\n|-sidestart|p1: DINOLONK|move: Tailwind\n|move|p1b: Kingambit|Kowtow Cleave|p2a: Sinistcha\n|-supereffective|p2a: Sinistcha|1\n|-damage|p2a: Sinistcha|0 fnt\n|faint|p2a: Sinistcha\n|move|p2b: Milotic|Scald|p1b: Kingambit\n|-damage|p1b: Kingambit|55/100\n|\n|-weather|Sandstorm|[upkeep]\n|-damage|p1a: Whimsicott|63/100|[from] Sandstorm\n|-damage|p2b: Milotic|88/100|[from] Sandstorm\n|upkeep\n|\n|t:|1788426456\n|switch|p2a: Excadrill|Excadrill, L50, M|100/100\n|turn|4\n|\n|t:|1788426477\n|move|p1a: Whimsicott|Protect|p1a: Whimsicott\n|-singleturn|p1a: Whimsicott|Protect\n|move|p1b: Kingambit|Sucker Punch|p2a: Excadrill\n|-damage|p2a: Excadrill|45/100\n|move|p2a: Excadrill|High Horsepower|p1b: Kingambit\n|-supereffective|p1b: Kingambit|1\n|-damage|p1b: Kingambit|0 fnt\n|faint|p1b: Kingambit\n|move|p2b: Milotic|Ice Beam|p1a: Whimsicott\n|-activate|p1a: Whimsicott|move: Protect\n|\n|-weather|Sandstorm|[upkeep]\n|-damage|p1a: Whimsicott|57/100|[from] Sandstorm\n|-damage|p2b: Milotic|82/100|[from] Sandstorm\n|upkeep\n|\n|t:|1788426485\n|switch|p1b: Dragonite|Dragonite, L50, M|100/100\n|turn|5\n|\n|t:|1788426507\n|detailschange|p1b: Dragonite|Dragonite-Mega, L50, M\n|-mega|p1b: Dragonite|Dragonite|Dragoninite\n|move|p2a: Excadrill|Protect|p2a: Excadrill\n|-singleturn|p2a: Excadrill|Protect\n|move|p1a: Whimsicott|Encore|p2a: Excadrill\n|-activate|p2a: Excadrill|move: Protect\n|move|p1b: Dragonite|Heat Wave|p2a: Excadrill|[spread] p2b\n|-activate|p2a: Excadrill|move: Protect\n|-resisted|p2b: Milotic|1\n|-damage|p2b: Milotic|72/100\n|move|p2b: Milotic|Ice Beam|p1b: Dragonite\n|-supereffective|p1b: Dragonite|2\n|-damage|p1b: Dragonite|59/100\n|\n|-weather|none\n|upkeep\n|turn|6\n|\n|t:|1788426526\n|switch|p2a: Tyranitar|Tyranitar, L50, M|100/100\n|-weather|Sandstorm|[from] ability: Sand Stream|[of] p2a: Tyranitar\n|move|p1a: Whimsicott|Moonblast|p2b: Milotic\n|-damage|p2b: Milotic|44/100\n|-enditem|p2b: Milotic|Sitrus Berry|[eat]\n|-heal|p2b: Milotic|68/100|[from] item: Sitrus Berry\n|move|p1b: Dragonite|Thunderbolt|p2b: Milotic\n|-supereffective|p2b: Milotic|1\n|-damage|p2b: Milotic|17/100\n|move|p2b: Milotic|Icy Wind|p1b: Dragonite|[spread] p1a,p1b\n|-supereffective|p1a: Whimsicott|1\n|-supereffective|p1b: Dragonite|2\n|-damage|p1a: Whimsicott|19/100\n|-damage|p1b: Dragonite|16/100\n|-unboost|p1a: Whimsicott|spe|1\n|-unboost|p1b: Dragonite|spe|1\n|\n|-weather|Sandstorm|[upkeep]\n|-damage|p1a: Whimsicott|13/100|[from] Sandstorm\n|-damage|p1b: Dragonite|10/100|[from] Sandstorm\n|-damage|p2b: Milotic|11/100|[from] Sandstorm\n|-sideend|p1: DINOLONK|move: Tailwind\n|upkeep\n|turn|7\n|\n|t:|1788426551\n|switch|p2b: Excadrill|Excadrill, L50, M|45/100\n|detailschange|p2a: Tyranitar|Tyranitar-Mega, L50, M\n|-mega|p2a: Tyranitar|Tyranitar|Tyranitarite\n|move|p1b: Dragonite|Protect|p1b: Dragonite\n|-singleturn|p1b: Dragonite|Protect\n|move|p1a: Whimsicott|Tailwind|p1a: Whimsicott\n|-sidestart|p1: DINOLONK|move: Tailwind\n|move|p2a: Tyranitar|Rock Slide|p1b: Dragonite|[spread] p1a\n|-activate|p1b: Dragonite|move: Protect\n|-damage|p1a: Whimsicott|0 fnt\n|faint|p1a: Whimsicott\n|\n|-weather|Sandstorm|[upkeep]\n|-damage|p1b: Dragonite|4/100|[from] Sandstorm\n|upkeep\n|\n|t:|1788426553\n|switch|p1a: Sneasler|Sneasler, L50, M|100/100\n|turn|8\n|\n|t:|1788426566\n|move|p2b: Excadrill|Protect|p2b: Excadrill\n|-singleturn|p2b: Excadrill|Protect\n|move|p2a: Tyranitar|Protect|p2a: Tyranitar\n|-singleturn|p2a: Tyranitar|Protect\n|move|p1a: Sneasler|Close Combat|p2b: Excadrill\n|-activate|p2b: Excadrill|move: Protect\n|move|p1b: Dragonite|Heat Wave|p2a: Tyranitar|[spread] \n|-activate|p2a: Tyranitar|move: Protect\n|-activate|p2b: Excadrill|move: Protect\n|\n|-weather|Sandstorm|[upkeep]\n|-damage|p1a: Sneasler|94/100|[from] Sandstorm\n|-damage|p1b: Dragonite|0 fnt|[from] Sandstorm\n|faint|p1b: Dragonite\n|upkeep\n|turn|9\n|\n|t:|1788426574\n|move|p1a: Sneasler|Close Combat|p2b: Excadrill\n|-supereffective|p2b: Excadrill|1\n|-damage|p2b: Excadrill|0 fnt\n|-unboost|p1a: Sneasler|def|1\n|-unboost|p1a: Sneasler|spd|1\n|faint|p2b: Excadrill\n|-enditem|p1a: Sneasler|White Herb\n|-clearnegativeboost|p1a: Sneasler|[silent]\n|move|p2a: Tyranitar|Knock Off|p1a: Sneasler\n|-resisted|p1a: Sneasler|1\n|-damage|p1a: Sneasler|61/100\n|\n|-weather|Sandstorm|[upkeep]\n|-damage|p1a: Sneasler|55/100|[from] Sandstorm\n|upkeep\n|\n|t:|1788426585\n|switch|p2b: Milotic|Milotic, L50, F|11/100\n|turn|10\n|\n|t:|1788426592\n|move|p1a: Sneasler|Rock Slide|p2a: Tyranitar|[spread] p2a,p2b\n|-damage|p2a: Tyranitar|85/100\n|-damage|p2b: Milotic|0 fnt\n|faint|p2b: Milotic\n|cant|p2a: Tyranitar|flinch\n|\n|-weather|none\n|-sideend|p1: DINOLONK|move: Tailwind\n|upkeep\n|turn|11\n|\n|t:|1788426599\n|move|p2a: Tyranitar|Protect|p2a: Tyranitar\n|-singleturn|p2a: Tyranitar|Protect\n|move|p1a: Sneasler|Close Combat|p2a: Tyranitar\n|-activate|p2a: Tyranitar|move: Protect\n|\n|upkeep\n|turn|12\n|\n|t:|1788426602\n|move|p1a: Sneasler|Close Combat|p2a: Tyranitar\n|-supereffective|p2a: Tyranitar|2\n|-damage|p2a: Tyranitar|0 fnt\n|-unboost|p1a: Sneasler|def|1\n|-unboost|p1a: Sneasler|spd|1\n|faint|p2a: Tyranitar\n|\n|win|DINOLONK\n","uploadtime":1788426602,"views":"1","formatid":"gen9championsvgc2026regmbbo3","rating":null,"private":0,"password":null}