{"id":"gen9championsvgc2026regmb-2674400565","format":"[Gen 9 Champions] VGC 2026 Reg M-B","players":["R1ply","adymmmmm"],"log":"|j|☆R1ply\n|j|☆adymmmmm\n|t:|1788355076\n|gametype|doubles\n|player|p1|R1ply|acetrainer-gen4dp|1134\n|player|p2|adymmmmm|steven|1045\n|gen|9\n|tier|[Gen 9 Champions] VGC 2026 Reg M-B\n|rated|\n|rule|Species Clause: Limit one of each Pokémon\n|rule|Item Clause: Limit 1 of each item\n|clearpoke\n|poke|p1|Raichu, L50, F|\n|poke|p1|Staraptor, L50, F|\n|poke|p1|Kingambit, L50, M|\n|poke|p1|Sylveon, L50, M|\n|poke|p1|Farigiraf, L50, M|\n|poke|p1|Arcanine-Hisui, L50, F|\n|poke|p2|Sceptile, L50, M|\n|poke|p2|Rotom-Heat, L50, shiny|\n|poke|p2|Grimmsnarl, L50, M|\n|poke|p2|Gholdengo, L50|\n|poke|p2|Staraptor, L50, F|\n|poke|p2|Volcarona, L50, F|\n|teampreview|4\n|inactive|Battle timer is ON: inactive players will automatically lose when time's up. (requested by R1ply)\n|inactive|R1ply has 60 seconds left.\n|\n|t:|1788355116\n|teamsize|p1|4\n|teamsize|p2|4\n|start\n|switch|p1a: Staraptor|Staraptor, L50, F|100/100\n|switch|p1b: Arcanine|Arcanine-Hisui, L50, F|100/100\n|switch|p2a: Rotom|Rotom-Heat, L50, shiny|100/100\n|switch|p2b: Staraptor|Staraptor, L50, F|100/100\n|-ability|p1a: Staraptor|Intimidate|boost\n|-unboost|p2a: Rotom|atk|1\n|-unboost|p2b: Staraptor|atk|1\n|-ability|p2b: Staraptor|Intimidate|boost\n|-unboost|p1a: Staraptor|atk|1\n|-unboost|p1b: Arcanine|atk|1\n|turn|1\n|inactive|R1ply has 30 seconds left.\n|inactive|adymmmmm has 30 seconds left.\n|\n|t:|1788355146\n|detailschange|p1a: Staraptor|Staraptor-Mega, L50, F\n|-mega|p1a: Staraptor|Staraptor|Staraptite\n|move|p2a: Rotom|Will-O-Wisp|p1b: Arcanine|[miss]\n|-miss|p2a: Rotom|p1b: Arcanine\n|move|p1a: Staraptor|Close Combat|p2a: Rotom\n|-damage|p2a: Rotom|40/100\n|-boost|p1a: Staraptor|def|1\n|-boost|p1a: Staraptor|spd|1\n|move|p2b: Staraptor|Tailwind|p2b: Staraptor\n|-sidestart|p2: adymmmmm|move: Tailwind\n|move|p1b: Arcanine|Head Smash|p2a: Rotom|[miss]\n|-miss|p1b: Arcanine|p2a: Rotom\n|\n|upkeep\n|turn|2\n|inactive|adymmmmm has 30 seconds left.\n|inactive|adymmmmm has 20 seconds left.\n|inactive|adymmmmm has 15 seconds left.\n|\n|t:|1788355190\n|move|p1b: Arcanine|Extreme Speed|p2a: Rotom\n|-crit|p2a: Rotom\n|-damage|p2a: Rotom|0 fnt\n|faint|p2a: Rotom\n|move|p2b: Staraptor|Close Combat|p1b: Arcanine\n|-supereffective|p1b: Arcanine|1\n|-damage|p1b: Arcanine|48/100\n|-unboost|p2b: Staraptor|def|1\n|-unboost|p2b: Staraptor|spd|1\n|move|p1a: Staraptor|Close Combat|p2b: Staraptor\n|-damage|p2b: Staraptor|22/100\n|-boost|p1a: Staraptor|def|1\n|-boost|p1a: Staraptor|spd|1\n|\n|upkeep\n|\n|t:|1788355204\n|switch|p2a: Gholdengo|Gholdengo, L50|100/100\n|turn|3\n|\n|t:|1788355225\n|move|p2b: Staraptor|Protect|p2b: Staraptor\n|-singleturn|p2b: Staraptor|Protect\n|move|p1b: Arcanine|Protect|p1b: Arcanine\n|-singleturn|p1b: Arcanine|Protect\n|move|p2a: Gholdengo|Make It Rain|p1a: Staraptor|[spread] p1a\n|-activate|p1b: Arcanine|move: Protect\n|-damage|p1a: Staraptor|68/100\n|-unboost|p2a: Gholdengo|spa|2\n|-damage|p2a: Gholdengo|90/100|[from] item: Life Orb\n|move|p1a: Staraptor|Close Combat|p2b: Staraptor\n|-activate|p2b: Staraptor|move: Protect\n|\n|upkeep\n|turn|4\n|inactive|adymmmmm has 30 seconds left.\n|\n|t:|1788355259\n|move|p2b: Staraptor|Close Combat|p1b: Arcanine\n|-supereffective|p1b: Arcanine|1\n|-damage|p1b: Arcanine|0 fnt\n|-unboost|p2b: Staraptor|def|1\n|-unboost|p2b: Staraptor|spd|1\n|faint|p1b: Arcanine\n|move|p2a: Gholdengo|Nasty Plot|p2a: Gholdengo\n|-boost|p2a: Gholdengo|spa|2\n|move|p1a: Staraptor|Close Combat|p2b: Staraptor\n|-damage|p2b: Staraptor|0 fnt\n|-boost|p1a: Staraptor|def|1\n|-boost|p1a: Staraptor|spd|1\n|faint|p2b: Staraptor\n|\n|-sideend|p2: adymmmmm|move: Tailwind\n|upkeep\n|\n|t:|1788355274\n|switch|p2b: Sceptile|Sceptile, L50, M|100/100\n|switch|p1b: Farigiraf|Farigiraf, L50, M|100/100\n|turn|5\n|\n|t:|1788355298\n|detailschange|p2b: Sceptile|Sceptile-Mega, L50, M\n|-mega|p2b: Sceptile|Sceptile|Sceptilite\n|move|p1b: Farigiraf|Helping Hand|p1a: Staraptor\n|-singleturn|p1a: Staraptor|Helping Hand|[of] p1b: Farigiraf\n|move|p2b: Sceptile|Leaf Storm|p1b: Farigiraf\n|-damage|p1b: Farigiraf|40/100\n|-unboost|p2b: Sceptile|spa|2\n|-enditem|p1b: Farigiraf|Sitrus Berry|[eat]\n|-heal|p1b: Farigiraf|65/100|[from] item: Sitrus Berry\n|move|p1a: Staraptor|Close Combat|p2b: Sceptile\n|-damage|p2b: Sceptile|4/100\n|-boost|p1a: Staraptor|def|1\n|-boost|p1a: Staraptor|spd|1\n|move|p2a: Gholdengo|Nasty Plot|p2a: Gholdengo\n|-boost|p2a: Gholdengo|spa|2\n|\n|upkeep\n|turn|6\n|\n|t:|1788355321\n|move|p1b: Farigiraf|Helping Hand|p1a: Staraptor\n|-singleturn|p1a: Staraptor|Helping Hand|[of] p1b: Farigiraf\n|move|p2b: Sceptile|Detect|p2b: Sceptile\n|-singleturn|p2b: Sceptile|Protect\n|move|p1a: Staraptor|Dual Wingbeat|p2a: Gholdengo\n|-resisted|p2a: Gholdengo|1\n|-damage|p2a: Gholdengo|77/100\n|-resisted|p2a: Gholdengo|1\n|-damage|p2a: Gholdengo|65/100\n|-hitcount|p2a: Gholdengo|2\n|move|p2a: Gholdengo|Make It Rain|p1b: Farigiraf|[spread] p1a,p1b\n|-damage|p1a: Staraptor|20/100y\n|-damage|p1b: Farigiraf|0 fnt\n|-unboost|p2a: Gholdengo|spa|2\n|faint|p1b: Farigiraf\n|-damage|p2a: Gholdengo|56/100|[from] item: Life Orb\n|\n|upkeep\n|\n|t:|1788355336\n|switch|p1b: Sylveon|Sylveon, L50, M|100/100\n|turn|7\n|\n|t:|1788355356\n|move|p1b: Sylveon|Detect|p1b: Sylveon\n|-singleturn|p1b: Sylveon|Protect\n|move|p2b: Sceptile|Dragon Pulse|p1a: Staraptor\n|-damage|p1a: Staraptor|11/100\n|move|p1a: Staraptor|Close Combat|p2b: Sceptile\n|-damage|p2b: Sceptile|0 fnt\n|-boost|p1a: Staraptor|def|1\n|-boost|p1a: Staraptor|spd|1\n|faint|p2b: Sceptile\n|move|p2a: Gholdengo|Make It Rain|p1a: Staraptor|[spread] p1a\n|-activate|p1b: Sylveon|move: Protect\n|-damage|p1a: Staraptor|0 fnt\n|-unboost|p2a: Gholdengo|spa|2\n|faint|p1a: Staraptor\n|-damage|p2a: Gholdengo|46/100|[from] item: Life Orb\n|\n|upkeep\n|turn|8\n|\n|t:|1788355379\n|move|p2a: Gholdengo|Nasty Plot|p2a: Gholdengo\n|-boost|p2a: Gholdengo|spa|2\n|move|p1b: Sylveon|Hyper Beam|p2a: Gholdengo|[miss]\n|-miss|p1b: Sylveon|p2a: Gholdengo\n|\n|upkeep\n|turn|9\n|\n|t:|1788355397\n|move|p2a: Gholdengo|Make It Rain|p1b: Sylveon\n|-supereffective|p1b: Sylveon|1\n|-damage|p1b: Sylveon|0 fnt\n|-unboost|p2a: Gholdengo|spa|2\n|faint|p1b: Sylveon\n|-damage|p2a: Gholdengo|36/100|[from] item: Life Orb\n|\n|win|adymmmmm\n|raw|R1ply's rating: 1134 &rarr; <strong>1103</strong><br />(-31 for losing)\n|raw|adymmmmm's rating: 1045 &rarr; <strong>1087</strong><br />(+42 for winning)\n|l|☆adymmmmm\n|player|p2|\n","uploadtime":1788355405,"views":"3","formatid":"gen9championsvgc2026regmb","rating":1087,"private":0,"password":null}