{"id":"gen9championsvgc2026regmbbo3-2674746123","format":"[Gen 9 Champions] VGC 2026 Reg M-B (Bo3)","players":["Araciel","Westyliamhater"],"log":"|j|☆Araciel\n|j|☆Westyliamhater\n|html|<table width=\"100%\"><tr><td align=\"left\">Araciel</td><td align=\"right\">Westyliamhater</tr><tr><td align=\"left\"><i class=\"fa fa-circle-o\"></i> <i class=\"fa fa-circle-o\"></i> </td><td align=\"right\"><i class=\"fa fa-circle-o\"></i> <i class=\"fa fa-circle-o\"></i> </tr></table>\n|uhtml|bestof|<h2><strong>Game 1</strong> of <a href=\"/game-bestof3-gen9championsvgc2026regmbbo3-2674746122\">a best-of-3</a></h2>\n|t:|1788399708\n|gametype|doubles\n|player|p1|Araciel|265|\n|player|p2|Westyliamhater|blue-masters|\n|gen|9\n|tier|[Gen 9 Champions] VGC 2026 Reg M-B (Bo3)\n|rule|Species Clause: Limit one of each Pokémon\n|rule|Item Clause: Limit 1 of each item\n|clearpoke\n|poke|p1|Tyranitar, L50, F, shiny|\n|poke|p1|Clefable, L50, M|\n|poke|p1|Gliscor, L50, M|\n|poke|p1|Excadrill, L50, M, shiny|\n|poke|p1|Milotic, L50, F, shiny|\n|poke|p1|Sneasler, L50, M|\n|poke|p2|Staraptor, L50, M|\n|poke|p2|Raichu, L50, F|\n|poke|p2|Farigiraf, L50, M|\n|poke|p2|Arcanine-Hisui, L50, F|\n|poke|p2|Kingambit, L50, M|\n|poke|p2|Sylveon, L50, F|\n|teampreview|4\n|showteam|p1|Tyranitar||Tyranitarite|SandStream|RockSlide,KnockOff,DragonDance,Protect|Jolly||F|||50|]Clefable||SitrusBerry|MagicGuard|DazzlingGleam,LifeDew,FollowMe,Protect|Bold||M|||50|]Gliscor||BrightPowder|SandVeil|Earthquake,KnockOff,GunkShot,Protect|Jolly||M|||50|]Excadrill||FocusSash|SandRush|Earthquake,IronHead,RockSlide,Protect|Adamant||M|||50|]Milotic||Leftovers|Competitive|Scald,IceBeam,IcyWind,Protect|Bold||F|||50|]Sneasler||WhiteHerb|Unburden|FakeOut,CloseCombat,DireClaw,Protect|Adamant||M|||50|\n|showteam|p2|Staraptor||Staraptite|Intimidate|DualWingbeat,CloseCombat,Tailwind,Protect|Jolly||M|||50|]Raichu||RaichuniteY|LightningRod|ZapCannon,FocusBlast,FakeOut,Protect|Timid||F|||50|]Farigiraf||SitrusBerry|ArmorTail|Psychic,HelpingHand,TrickRoom,Protect|Calm||M|||50|]Arcanine-Hisui||FocusSash|RockHead|FlareBlitz,HeadSmash,ExtremeSpeed,Protect|Jolly||F|||50|]Kingambit||LifeOrb|Defiant|KowtowCleave,SuckerPunch,SwordsDance,Protect|Adamant||M|||50|]Sylveon||FairyFeather|Pixilate|HyperVoice,HyperBeam,QuickAttack,Detect|Modest||F|||50|\n|\n|t:|1788399788\n|teamsize|p1|4\n|teamsize|p2|4\n|start\n|switch|p1a: Clefable|Clefable, L50, M|100/100\n|switch|p1b: Shi-Into|Milotic, L50, F, shiny|100/100\n|switch|p2a: Sylveon|Sylveon, L50, F|100/100\n|switch|p2b: Farigiraf|Farigiraf, L50, M|100/100\n|turn|1\n|\n|t:|1788399816\n|move|p2b: Farigiraf|Helping Hand|p2a: Sylveon\n|-singleturn|p2a: Sylveon|Helping Hand|[of] p2b: Farigiraf\n|move|p1b: Shi-Into|Scald|p2b: Farigiraf\n|-damage|p2b: Farigiraf|73/100\n|move|p2a: Sylveon|Hyper Voice|p1b: Shi-Into|[spread] p1a,p1b\n|-damage|p1a: Clefable|39/100\n|-damage|p1b: Shi-Into|41/100\n|-enditem|p1a: Clefable|Sitrus Berry|[eat]\n|-heal|p1a: Clefable|64/100|[from] item: Sitrus Berry\n|move|p1a: Clefable|Dazzling Gleam|p2a: Sylveon|[spread] p2a,p2b\n|-damage|p2a: Sylveon|84/100\n|-damage|p2b: Farigiraf|55/100\n|\n|-heal|p1b: Shi-Into|47/100|[from] item: Leftovers\n|upkeep\n|turn|2\n|\n|t:|1788399840\n|move|p1b: Shi-Into|Protect|p1b: Shi-Into\n|-singleturn|p1b: Shi-Into|Protect\n|move|p2a: Sylveon|Hyper Voice|p1a: Clefable|[spread] p1a\n|-activate|p1b: Shi-Into|move: Protect\n|-damage|p1a: Clefable|24/100\n|move|p1a: Clefable|Life Dew|p1a: Clefable|[spread] p1a,p1b\n|-heal|p1a: Clefable|49/100\n|-heal|p1b: Shi-Into|72/100\n|move|p2b: Farigiraf|Trick Room|p2b: Farigiraf\n|-fieldstart|move: Trick Room|[of] p2b: Farigiraf\n|\n|-heal|p1b: Shi-Into|78/100|[from] item: Leftovers\n|upkeep\n|turn|3\n|\n|t:|1788399856\n|move|p2b: Farigiraf|Helping Hand|p2a: Sylveon\n|-singleturn|p2a: Sylveon|Helping Hand|[of] p2b: Farigiraf\n|move|p1a: Clefable|Dazzling Gleam|p2a: Sylveon|[spread] p2a,p2b\n|-damage|p2a: Sylveon|68/100\n|-damage|p2b: Farigiraf|40/100\n|-enditem|p2b: Farigiraf|Sitrus Berry|[eat]\n|-heal|p2b: Farigiraf|65/100|[from] item: Sitrus Berry\n|move|p2a: Sylveon|Hyper Voice|p1b: Shi-Into|[spread] p1a,p1b\n|-damage|p1a: Clefable|0 fnt\n|-damage|p1b: Shi-Into|20/100y\n|faint|p1a: Clefable\n|move|p1b: Shi-Into|Scald|p2a: Sylveon\n|-damage|p2a: Sylveon|45/100\n|-status|p2a: Sylveon|brn\n|\n|-heal|p1b: Shi-Into|26/100|[from] item: Leftovers\n|-damage|p2a: Sylveon|39/100 brn|[from] brn\n|upkeep\n|\n|t:|1788399873\n|switch|p1a: Stevie|Tyranitar, L50, F, shiny|100/100\n|-weather|Sandstorm|[from] ability: Sand Stream|[of] p1a: Stevie\n|turn|4\n|\n|t:|1788399883\n|detailschange|p1a: Stevie|Tyranitar-Mega, L50, F, shiny\n|-mega|p1a: Stevie|Tyranitar|Tyranitarite\n|move|p1b: Shi-Into|Protect|p1b: Shi-Into\n|-singleturn|p1b: Shi-Into|Protect\n|move|p2b: Farigiraf|Psychic|p1b: Shi-Into\n|-activate|p1b: Shi-Into|move: Protect\n|move|p2a: Sylveon|Hyper Voice|p1b: Shi-Into|[spread] p1a\n|-activate|p1b: Shi-Into|move: Protect\n|-supereffective|p1a: Stevie|1\n|-damage|p1a: Stevie|54/100\n|move|p1a: Stevie|Rock Slide|p2a: Sylveon|[spread] p2a,p2b\n|-damage|p2a: Sylveon|0 fnt\n|-damage|p2b: Farigiraf|37/100\n|faint|p2a: Sylveon\n|\n|-weather|Sandstorm|[upkeep]\n|-damage|p2b: Farigiraf|30/100|[from] Sandstorm\n|-damage|p1b: Shi-Into|20/100y|[from] Sandstorm\n|-heal|p1b: Shi-Into|26/100|[from] item: Leftovers\n|upkeep\n|\n|t:|1788399890\n|switch|p2a: Staraptor|Staraptor, L50, M|100/100\n|-ability|p2a: Staraptor|Intimidate|boost\n|-unboost|p1a: Stevie|atk|1\n|-unboost|p1b: Shi-Into|atk|1\n|-ability|p1b: Shi-Into|Competitive|boost\n|-boost|p1b: Shi-Into|spa|2\n|turn|5\n|\n|t:|1788399977\n|detailschange|p2a: Staraptor|Staraptor-Mega, L50, M\n|-mega|p2a: Staraptor|Staraptor|Staraptite\n|move|p1a: Stevie|Protect|p1a: Stevie\n|-singleturn|p1a: Stevie|Protect\n|move|p2b: Farigiraf|Psychic|p1b: Shi-Into\n|-damage|p1b: Shi-Into|0 fnt\n|faint|p1b: Shi-Into\n|move|p2a: Staraptor|Close Combat|p1a: Stevie\n|-activate|p1a: Stevie|move: Protect\n|\n|-weather|Sandstorm|[upkeep]\n|-damage|p2b: Farigiraf|24/100|[from] Sandstorm\n|-damage|p2a: Staraptor|93/100|[from] Sandstorm\n|upkeep\n|\n|t:|1788399988\n|switch|p1b: Sneasler|Sneasler, L50, M|100/100\n|turn|6\n|\n|t:|1788400017\n|move|p2b: Farigiraf|Protect|p2b: Farigiraf\n|-singleturn|p2b: Farigiraf|Protect\n|move|p1a: Stevie|Protect||[still]\n|-fail|p1a: Stevie\n|move|p1b: Sneasler|Close Combat|p2b: Farigiraf\n|-activate|p2b: Farigiraf|move: Protect\n|move|p2a: Staraptor|Close Combat|p1a: Stevie\n|-supereffective|p1a: Stevie|2\n|-damage|p1a: Stevie|0 fnt\n|-boost|p2a: Staraptor|def|1\n|-boost|p2a: Staraptor|spd|1\n|faint|p1a: Stevie\n|\n|-weather|Sandstorm|[upkeep]\n|-damage|p2b: Farigiraf|18/100|[from] Sandstorm\n|-damage|p1b: Sneasler|94/100|[from] Sandstorm\n|-damage|p2a: Staraptor|87/100|[from] Sandstorm\n|-fieldend|move: Trick Room\n|upkeep\n|turn|7\n|\n|t:|1788400037\n|move|p2a: Staraptor|Dual Wingbeat|p1b: Sneasler\n|-supereffective|p1b: Sneasler|1\n|-damage|p1b: Sneasler|24/100\n|-supereffective|p1b: Sneasler|1\n|-damage|p1b: Sneasler|0 fnt\n|faint|p1b: Sneasler\n|-hitcount|p1: Sneasler|2\n|\n|win|Westyliamhater\n||Westyliamhater is ready for game 2.\n||Araciel is ready for game 2.\n|uhtml|next|Next: <a href=\"/battle-gen9championsvgc2026regmbbo3-2674748316\"><strong>Game 2 of 3</strong></a>\n|l|☆Araciel\n|player|p1|\n","uploadtime":1788400040,"views":"99","formatid":"gen9championsvgc2026regmbbo3","rating":null,"private":0,"password":null}