{"id":"gen9championsvgc2026regmb-2673863988","format":"[Gen 9 Champions] VGC 2026 Reg M-B","players":["Arthur Snows","fimgetspimner"],"log":"|j|☆Arthur Snows\n|j|☆fimgetspimner\n|t:|1788270251\n|gametype|doubles\n|player|p1|Arthur Snows|nate|1228\n|player|p2|fimgetspimner|steven|1258\n|gen|9\n|tier|[Gen 9 Champions] VGC 2026 Reg M-B\n|rated|\n|rule|Species Clause: Limit one of each Pokémon\n|rule|Item Clause: Limit 1 of each item\n|clearpoke\n|poke|p1|Tyranitar, L50, M|\n|poke|p1|Houndstone, L50, M|\n|poke|p1|Sinistcha-Masterpiece, L50|\n|poke|p1|Milotic, L50, F|\n|poke|p1|Gholdengo, L50|\n|poke|p1|Staraptor, L50, F|\n|poke|p2|Aerodactyl, L50, F|\n|poke|p2|Kommo-o, L50, F|\n|poke|p2|Empoleon, L50, F|\n|poke|p2|Farigiraf, L50, F|\n|poke|p2|Raichu, L50, M|\n|poke|p2|Ninetales-Alola, L50, M|\n|teampreview|4\n|inactive|Battle timer is ON: inactive players will automatically lose when time's up. (requested by Arthur Snows)\n|inactive|Arthur Snows has 60 seconds left.\n|\n|t:|1788270296\n|teamsize|p1|4\n|teamsize|p2|4\n|start\n|switch|p1a: Tyranitar|Tyranitar, L50, M|100/100\n|switch|p1b: Houndstone|Houndstone, L50, M|100/100\n|switch|p2a: Farigiraf|Farigiraf, L50, F|100/100\n|switch|p2b: Empoleon|Empoleon, L50, F|100/100\n|-weather|Sandstorm|[from] ability: Sand Stream|[of] p1a: Tyranitar\n|turn|1\n|\n|t:|1788270319\n|move|p2a: Farigiraf|Protect|p2a: Farigiraf\n|-singleturn|p2a: Farigiraf|Protect\n|move|p1b: Houndstone|Howl|p1b: Houndstone|[spread] p1a,p1b\n|-boost|p1a: Tyranitar|atk|1\n|-boost|p1b: Houndstone|atk|1\n|move|p2b: Empoleon|Hydro Pump|p1a: Tyranitar\n|-supereffective|p1a: Tyranitar|1\n|-damage|p1a: Tyranitar|39/100\n|move|p1a: Tyranitar|Knock Off|p2a: Farigiraf\n|-activate|p2a: Farigiraf|move: Protect\n|\n|-weather|Sandstorm|[upkeep]\n|-damage|p2a: Farigiraf|93/100|[from] Sandstorm\n|upkeep\n|turn|2\n|\n|t:|1788270344\n|switch|p2a: Ninetales|Ninetales-Alola, L50, M|100/100\n|-weather|Snowscape|[from] ability: Snow Warning|[of] p2a: Ninetales\n|move|p1b: Houndstone|Ally Switch|p1b: Houndstone\n|swap|p1b: Houndstone|0|[from] move: Ally Switch\n|move|p2b: Empoleon|Hydro Pump|p1a: Houndstone\n|-damage|p1a: Houndstone|46/100\n|-enditem|p1a: Houndstone|Sitrus Berry|[eat]\n|-heal|p1a: Houndstone|71/100|[from] item: Sitrus Berry\n|move|p1b: Tyranitar|Knock Off|p2a: Ninetales\n|-resisted|p2a: Ninetales|1\n|-damage|p2a: Ninetales|61/100\n|-enditem|p2a: Ninetales|Light Clay|[from] move: Knock Off|[of] p1b: Tyranitar\n|\n|-weather|Snowscape|[upkeep]\n|upkeep\n|turn|3\n|inactive|Arthur Snows has 30 seconds left.\n|inactive|Arthur Snows has 20 seconds left.\n|inactive|Arthur Snows has 15 seconds left.\n|inactive|Arthur Snows has 10 seconds left.\n|\n|t:|1788270389\n|switch|p1b: Milotic|Milotic, L50, F|100/100\n|move|p2b: Empoleon|Hydro Pump|p1b: Milotic|[miss]\n|-miss|p2b: Empoleon|p1b: Milotic\n|move|p2a: Ninetales|Blizzard|p1a: Houndstone|[spread] p1a,p1b\n|-resisted|p1b: Milotic|1\n|-damage|p1a: Houndstone|35/100\n|-damage|p1b: Milotic|87/100\n|move|p1a: Houndstone|Last Respects|p2a: Ninetales\n|-damage|p2a: Ninetales|27/100\n|\n|-weather|Snowscape|[upkeep]\n|-heal|p1b: Milotic|93/100|[from] item: Leftovers\n|upkeep\n|turn|4\n|inactive|Arthur Snows has 30 seconds left.\n|inactive|Arthur Snows has 20 seconds left.\n|\n|t:|1788270429\n|switch|p2b: Farigiraf|Farigiraf, L50, F|93/100\n|move|p1a: Houndstone|Ally Switch|p1a: Houndstone\n|swap|p1a: Houndstone|1|[from] move: Ally Switch\n|move|p2a: Ninetales|Freeze-Dry|p1b: Houndstone\n|-damage|p1b: Houndstone|4/100\n|move|p1a: Milotic|Icy Wind|p2b: Farigiraf|[spread] p2a,p2b\n|-resisted|p2a: Ninetales|1\n|-damage|p2a: Ninetales|20/100y\n|-damage|p2b: Farigiraf|85/100\n|-unboost|p2a: Ninetales|spe|1\n|-unboost|p2b: Farigiraf|spe|1\n|\n|-weather|Snowscape|[upkeep]\n|-heal|p1a: Milotic|99/100|[from] item: Leftovers\n|upkeep\n|turn|5\n|inactive|Arthur Snows has 30 seconds left.\n|inactive|Arthur Snows has 20 seconds left.\n|inactive|Arthur Snows has 15 seconds left.\n|inactive|fimgetspimner has 30 seconds left.\n|\n|t:|1788270471\n|move|p2a: Ninetales|Protect|p2a: Ninetales\n|-singleturn|p2a: Ninetales|Protect\n|move|p1b: Houndstone|Last Respects|p2a: Ninetales\n|-activate|p2a: Ninetales|move: Protect\n|move|p1a: Milotic|Scald|p2a: Ninetales\n|-activate|p2a: Ninetales|move: Protect\n|move|p2b: Farigiraf|Energy Ball|p1b: Houndstone\n|-damage|p1b: Houndstone|0 fnt\n|faint|p1b: Houndstone\n|\n|-weather|Snowscape|[upkeep]\n|-heal|p1a: Milotic|100/100|[from] item: Leftovers\n|upkeep\n|\n|t:|1788270484\n|switch|p1b: Tyranitar|Tyranitar, L50, M|39/100\n|-weather|Sandstorm|[from] ability: Sand Stream|[of] p1b: Tyranitar\n|turn|6\n|\n|t:|1788270503\n|switch|p2a: Kommo-o|Kommo-o, L50, F|100/100\n|move|p2b: Farigiraf|Protect|p2b: Farigiraf\n|-singleturn|p2b: Farigiraf|Protect\n|move|p1b: Tyranitar|Rock Slide|p2b: Farigiraf|[spread] p2a\n|-activate|p2b: Farigiraf|move: Protect\n|-resisted|p2a: Kommo-o|1\n|-damage|p2a: Kommo-o|92/100\n|move|p1a: Milotic|Scald|p2b: Farigiraf\n|-activate|p2b: Farigiraf|move: Protect\n|\n|-weather|Sandstorm|[upkeep]\n|-damage|p1a: Milotic|94/100|[from] Sandstorm\n|-damage|p2b: Farigiraf|78/100|[from] Sandstorm\n|-heal|p2a: Kommo-o|98/100|[from] item: Leftovers\n|-heal|p1a: Milotic|100/100|[from] item: Leftovers\n|upkeep\n|turn|7\n|\n|t:|1788270524\n|switch|p1b: Gholdengo|Gholdengo, L50|100/100\n|switch|p2b: Ninetales|Ninetales-Alola, L50, M|20/100y\n|-weather|Snowscape|[from] ability: Snow Warning|[of] p2b: Ninetales\n|move|p2a: Kommo-o|Body Press|p1b: Gholdengo\n|-immune|p1b: Gholdengo\n|move|p1a: Milotic|Icy Wind|p2b: Ninetales|[spread] p2a,p2b\n|-supereffective|p2a: Kommo-o|1\n|-resisted|p2b: Ninetales|1\n|-damage|p2a: Kommo-o|73/100\n|-damage|p2b: Ninetales|12/100\n|-unboost|p2a: Kommo-o|spe|1\n|-unboost|p2b: Ninetales|spe|1\n|\n|-weather|Snowscape|[upkeep]\n|-heal|p2a: Kommo-o|79/100|[from] item: Leftovers\n|upkeep\n|turn|8\n|inactive|Arthur Snows has 30 seconds left.\n|inactive|Arthur Snows has 20 seconds left.\n|\n|t:|1788270559\n|switch|p2b: Farigiraf|Farigiraf, L50, F|78/100\n|move|p1b: Gholdengo|Protect|p1b: Gholdengo\n|-singleturn|p1b: Gholdengo|Protect\n|move|p1a: Milotic|Icy Wind|p2b: Farigiraf|[spread] p2a,p2b\n|-supereffective|p2a: Kommo-o|1\n|-damage|p2a: Kommo-o|56/100\n|-damage|p2b: Farigiraf|70/100\n|-unboost|p2a: Kommo-o|spe|1\n|-unboost|p2b: Farigiraf|spe|1\n|move|p2a: Kommo-o|Fire Punch|p1b: Gholdengo\n|-activate|p1b: Gholdengo|move: Protect\n|\n|-weather|Snowscape|[upkeep]\n|-heal|p2a: Kommo-o|62/100|[from] item: Leftovers\n|upkeep\n|turn|9\n|inactive|Arthur Snows has 30 seconds left.\n|inactive|fimgetspimner has 30 seconds left.\n|inactive|fimgetspimner has 20 seconds left.\n|inactive|fimgetspimner has 15 seconds left.\n|inactive|fimgetspimner has 10 seconds left.\n|\n|t:|1788270606\n|move|p2a: Kommo-o|Protect|p2a: Kommo-o\n|-singleturn|p2a: Kommo-o|Protect\n|move|p1b: Gholdengo|Make It Rain|p2a: Kommo-o|[spread] p2b\n|-activate|p2a: Kommo-o|move: Protect\n|-damage|p2b: Farigiraf|27/100\n|-unboost|p1b: Gholdengo|spa|2\n|-enditem|p2b: Farigiraf|Sitrus Berry|[eat]\n|-heal|p2b: Farigiraf|51/100|[from] item: Sitrus Berry\n|-damage|p1b: Gholdengo|90/100|[from] item: Life Orb\n|move|p1a: Milotic|Scald|p2a: Kommo-o\n|-activate|p2a: Kommo-o|move: Protect\n|move|p2b: Farigiraf|Thunder Wave|p1a: Milotic\n|-status|p1a: Milotic|par\n|\n|-weather|Snowscape|[upkeep]\n|-heal|p2a: Kommo-o|68/100|[from] item: Leftovers\n|upkeep\n|turn|10\n|\n|t:|1788270630\n|move|p1b: Gholdengo|Protect|p1b: Gholdengo\n|-singleturn|p1b: Gholdengo|Protect\n|move|p2b: Farigiraf|Energy Ball|p1a: Milotic\n|-supereffective|p1a: Milotic|1\n|-damage|p1a: Milotic|67/100 par\n|move|p2a: Kommo-o|Fire Punch|p1b: Gholdengo\n|-activate|p1b: Gholdengo|move: Protect\n|move|p1a: Milotic|Icy Wind|p2b: Farigiraf|[spread] p2a,p2b\n|-supereffective|p2a: Kommo-o|1\n|-damage|p2a: Kommo-o|45/100\n|-damage|p2b: Farigiraf|43/100\n|-unboost|p2a: Kommo-o|spe|1\n|-unboost|p2b: Farigiraf|spe|1\n|\n|-weather|Snowscape|[upkeep]\n|-heal|p1a: Milotic|73/100 par|[from] item: Leftovers\n|-heal|p2a: Kommo-o|51/100|[from] item: Leftovers\n|upkeep\n|turn|11\n|\n|t:|1788270650\n|switch|p1b: Tyranitar|Tyranitar, L50, M|39/100\n|-weather|Sandstorm|[from] ability: Sand Stream|[of] p1b: Tyranitar\n|move|p1a: Milotic|Scald|p2b: Farigiraf\n|-damage|p2b: Farigiraf|19/100\n|-status|p2b: Farigiraf|brn\n|move|p2a: Kommo-o|Fire Punch|p1b: Tyranitar\n|-resisted|p1b: Tyranitar|1\n|-damage|p1b: Tyranitar|31/100\n|move|p2b: Farigiraf|Energy Ball|p1a: Milotic\n|-supereffective|p1a: Milotic|1\n|-damage|p1a: Milotic|36/100 par\n|\n|-weather|Sandstorm|[upkeep]\n|-damage|p1a: Milotic|30/100 par|[from] Sandstorm\n|-damage|p2b: Farigiraf|13/100 brn|[from] Sandstorm\n|-heal|p1a: Milotic|36/100 par|[from] item: Leftovers\n|-heal|p2a: Kommo-o|57/100|[from] item: Leftovers\n|-damage|p2b: Farigiraf|7/100 brn|[from] brn\n|upkeep\n|turn|12\n|inactive|Arthur Snows has 30 seconds left.\n|inactive|fimgetspimner has 30 seconds left.\n|\n|t:|1788270676\n|detailschange|p1b: Tyranitar|Tyranitar-Mega, L50, M\n|-mega|p1b: Tyranitar|Tyranitar|Tyranitarite\n|move|p1b: Tyranitar|High Horsepower|p2a: Kommo-o\n|-damage|p2a: Kommo-o|34/100\n|move|p1a: Milotic|Icy Wind|p2a: Kommo-o|[spread] p2a,p2b\n|-supereffective|p2a: Kommo-o|1\n|-damage|p2a: Kommo-o|9/100\n|-damage|p2b: Farigiraf|0 fnt\n|-unboost|p2a: Kommo-o|spe|1\n|faint|p2b: Farigiraf\n|move|p2a: Kommo-o|Fire Punch|p1b: Tyranitar\n|-resisted|p1b: Tyranitar|1\n|-crit|p1b: Tyranitar\n|-damage|p1b: Tyranitar|22/100\n|-status|p1b: Tyranitar|brn\n|\n|-weather|Sandstorm|[upkeep]\n|-damage|p1a: Milotic|30/100 par|[from] Sandstorm\n|-heal|p1a: Milotic|36/100 par|[from] item: Leftovers\n|-heal|p2a: Kommo-o|15/100|[from] item: Leftovers\n|-damage|p1b: Tyranitar|16/100 brn|[from] brn\n|upkeep\n|\n|t:|1788270696\n|switch|p2b: Ninetales|Ninetales-Alola, L50, M|12/100\n|-weather|Snowscape|[from] ability: Snow Warning|[of] p2b: Ninetales\n|turn|13\n|\n|t:|1788270706\n|move|p2a: Kommo-o|Protect|p2a: Kommo-o\n|-singleturn|p2a: Kommo-o|Protect\n|move|p2b: Ninetales|Aurora Veil|p2b: Ninetales\n|-sidestart|p2: fimgetspimner|move: Aurora Veil\n|move|p1b: Tyranitar|Rock Slide|p2b: Ninetales|[spread] p2b\n|-activate|p2a: Kommo-o|move: Protect\n|-supereffective|p2b: Ninetales|1\n|-damage|p2b: Ninetales|0 fnt\n|faint|p2b: Ninetales\n|move|p1a: Milotic|Scald|p2a: Kommo-o\n|-activate|p2a: Kommo-o|move: Protect\n|\n|-weather|Snowscape|[upkeep]\n|-heal|p1a: Milotic|42/100 par|[from] item: Leftovers\n|-heal|p2a: Kommo-o|21/100|[from] item: Leftovers\n|-damage|p1b: Tyranitar|10/100 brn|[from] brn\n|upkeep\n|\n|t:|1788270722\n|switch|p2b: Empoleon|Empoleon, L50, F|100/100\n|turn|14\n|\n|t:|1788270733\n|move|p2b: Empoleon|Hydro Pump|p1b: Tyranitar\n|-supereffective|p1b: Tyranitar|1\n|-damage|p1b: Tyranitar|0 fnt\n|faint|p1b: Tyranitar\n|move|p1a: Milotic|Icy Wind|p2a: Kommo-o|[spread] p2a,p2b\n|-supereffective|p2a: Kommo-o|1\n|-resisted|p2b: Empoleon|2\n|-crit|p2b: Empoleon\n|-damage|p2a: Kommo-o|4/100\n|-damage|p2b: Empoleon|94/100\n|-unboost|p2a: Kommo-o|spe|1\n|-unboost|p2b: Empoleon|spe|1\n|-ability|p2b: Empoleon|Competitive|boost\n|-boost|p2b: Empoleon|spa|2\n|move|p2a: Kommo-o|Body Press|p1a: Milotic\n|-damage|p1a: Milotic|2/100 par\n|\n|-weather|Snowscape|[upkeep]\n|-heal|p1a: Milotic|8/100 par|[from] item: Leftovers\n|-heal|p2a: Kommo-o|10/100|[from] item: Leftovers\n|upkeep\n|\n|t:|1788270749\n|switch|p1b: Gholdengo|Gholdengo, L50|90/100\n|turn|15\n|\n|t:|1788270760\n|move|p2a: Kommo-o|Protect|p2a: Kommo-o\n|-singleturn|p2a: Kommo-o|Protect\n|move|p1b: Gholdengo|Shadow Ball|p2b: Empoleon\n|-damage|p2b: Empoleon|50/100g\n|-damage|p1b: Gholdengo|80/100|[from] item: Life Orb\n|move|p2b: Empoleon|Hydro Pump|p1b: Gholdengo\n|-damage|p1b: Gholdengo|0 fnt\n|faint|p1b: Gholdengo\n|move|p1a: Milotic|Scald|p2a: Kommo-o\n|-activate|p2a: Kommo-o|move: Protect\n|\n|-weather|Snowscape|[upkeep]\n|-heal|p1a: Milotic|14/100 par|[from] item: Leftovers\n|-heal|p2a: Kommo-o|16/100|[from] item: Leftovers\n|upkeep\n|turn|16\n|-message|Arthur Snows forfeited.\n|\n|win|fimgetspimner\n|raw|Arthur Snows's rating: 1228 &rarr; <strong>1205</strong><br />(-23 for losing)\n|raw|fimgetspimner's rating: 1258 &rarr; <strong>1281</strong><br />(+23 for winning)\n|l|☆Arthur Snows\n|player|p1|\n","uploadtime":1788270778,"views":"4","formatid":"gen9championsvgc2026regmb","rating":1205,"private":0,"password":null}