{"id":"gen9championsvgc2026regmbbo3-2673247515","format":"[Gen 9 Champions] VGC 2026 Reg M-B (Bo3)","players":["Its andreas tbh","DavaRobin"],"log":"|j|☆Its andreas tbh\n|j|☆DavaRobin\n|html|<table width=\"100%\"><tr><td align=\"left\">Its andreas tbh</td><td align=\"right\">DavaRobin</tr><tr><td align=\"left\"><i class=\"fa fa-circle\"></i> <i class=\"fa fa-circle-o\"></i> </td><td align=\"right\"><i class=\"fa fa-circle-o\"></i> <i class=\"fa fa-circle-o\"></i> </tr></table>\n|uhtml|bestof|<h2><strong>Game 2</strong> of <a href=\"/game-bestof3-gen9championsvgc2026regmbbo3-2673245985\">a best-of-3</a></h2>\n|t:|1788168559\n|gametype|doubles\n|player|p1|Its andreas tbh|2|1151\n|player|p2|DavaRobin|maid|1040\n|gen|9\n|tier|[Gen 9 Champions] VGC 2026 Reg M-B (Bo3)\n|rated|\n|rule|Species Clause: Limit one of each Pokémon\n|rule|Item Clause: Limit 1 of each item\n|clearpoke\n|poke|p1|Floette-Eternal, L50, F|\n|poke|p1|Toxapex, L50, F|\n|poke|p1|Sinistcha-Masterpiece, L50|\n|poke|p1|Sableye, L50, F|\n|poke|p1|Archaludon, L50, F|\n|poke|p1|Scovillain, L50, F|\n|poke|p2|Sylveon, L50, F|\n|poke|p2|Torkoal, L50, M|\n|poke|p2|Venusaur, L50, F|\n|poke|p2|Dragapult, L50, M|\n|poke|p2|Blaziken, L50, M|\n|poke|p2|Kingambit, L50, F|\n|teampreview|4\n|showteam|p1|Floette-Eternal||Floettite|FlowerVeil|CalmMind,DrainingKiss,DazzlingGleam,Protect|Modest||F|||50|]Toxapex||SitrusBerry|Regenerator|Infestation,Toxic,WideGuard,Recover|Sassy||F|||50|]Sinistcha-Masterpiece||MentalHerb|Hospitality|MatchaGotcha,StrengthSap,LifeDew,RagePowder|Bold|||||50|]Sableye||RoseliBerry|Prankster|LightScreen,Reflect,WillOWisp,RainDance|Calm||F|||50|]Archaludon||Leftovers|Stamina|ElectroShot,DragonPulse,FlashCannon,Protect|Calm||F|||50|]Scovillain||Scovillainite|Chlorophyll|FireSpin,LeechSeed,GigaDrain,RagePowder|Bold||F|||50|\n|showteam|p2|Sylveon||FairyFeather|Pixilate|HyperBeam,HyperVoice,QuickAttack,Detect|Modest||F|||50|]Torkoal||Leftovers|Drought|WeatherBall,StoneEdge,Yawn,Protect|Relaxed||M|||50|]Venusaur||OccaBerry|Chlorophyll|LeafStorm,SludgeBomb,SleepPowder,Protect|Modest||F|||50|]Dragapult||DragonFang|ClearBody|DragonDarts,PhantomForce,DragonClaw,Protect|Jolly||M|||50|]Blaziken||Blazikenite|SpeedBoost|FlareBlitz,CloseCombat,RockSlide,Detect|Adamant||M|||50|]Kingambit||LifeOrb|Defiant|KowtowCleave,QuickGuard,SuckerPunch,Protect|Adamant||F|||50|\n|inactive|Battle timer is ON: inactive players will automatically lose when time's up. (requested by Its andreas tbh)\n|\n|t:|1788168585\n|teamsize|p1|4\n|teamsize|p2|4\n|start\n|switch|p1a: Scovillain|Scovillain, L50, F|100/100\n|switch|p1b: Sableye|Sableye, L50, F|100/100\n|switch|p2a: Kingambit|Kingambit, L50, F|100/100\n|switch|p2b: Blaziken|Blaziken, L50, M|100/100\n|turn|1\n|\n|t:|1788168604\n|detailschange|p2b: Blaziken|Blaziken-Mega, L50, M\n|-mega|p2b: Blaziken|Blaziken|Blazikenite\n|detailschange|p1a: Scovillain|Scovillain-Mega, L50, F\n|-mega|p1a: Scovillain|Scovillain|Scovillainite\n|move|p1b: Sableye|Reflect|p1b: Sableye\n|-sidestart|p1: Its andreas tbh|Reflect\n|move|p2b: Blaziken|Rock Slide|p1a: Scovillain|[spread] \n|-miss|p2b: Blaziken|p1a: Scovillain\n|-miss|p2b: Blaziken|p1b: Sableye\n|move|p1a: Scovillain|Fire Spin|p2a: Kingambit\n|-supereffective|p2a: Kingambit|1\n|-damage|p2a: Kingambit|68/100\n|-activate|p2a: Kingambit|move: Fire Spin|[of] p1a: Scovillain\n|move|p2a: Kingambit|Kowtow Cleave|p1b: Sableye\n|-damage|p1b: Sableye|40/100\n|-damage|p2a: Kingambit|58/100|[from] item: Life Orb\n|\n|-damage|p2a: Kingambit|46/100|[from] move: Fire Spin|[partiallytrapped]\n|-ability|p2b: Blaziken|Speed Boost|boost\n|-boost|p2b: Blaziken|spe|1\n|upkeep\n|turn|2\n|inactive|Its andreas tbh has 30 seconds left.\n|inactive|Its andreas tbh has 20 seconds left.\n|\n|t:|1788168640\n|switch|p1b: Sinistcha|Sinistcha-Masterpiece, L50|100/100\n|move|p1a: Scovillain|Rage Powder|p1a: Scovillain\n|-singleturn|p1a: Scovillain|move: Rage Powder\n|move|p2b: Blaziken|Rock Slide|p1b: Sinistcha|[spread] p1a,p1b\n|-supereffective|p1a: Scovillain|1\n|-damage|p1a: Scovillain|69/100\n|-damage|p1b: Sinistcha|85/100\n|move|p2a: Kingambit|Kowtow Cleave|p1a: Scovillain\n|-damage|p1a: Scovillain|30/100\n|-status|p2a: Kingambit|brn|[from] ability: Spicy Spray|[of] p1a: Scovillain\n|-damage|p2a: Kingambit|36/100 brn|[from] item: Life Orb\n|\n|-damage|p2a: Kingambit|30/100 brn|[from] brn\n|-damage|p2a: Kingambit|18/100 brn|[from] move: Fire Spin|[partiallytrapped]\n|-ability|p2b: Blaziken|Speed Boost|boost\n|-boost|p2b: Blaziken|spe|1\n|upkeep\n|turn|3\n|inactive|Its andreas tbh has 30 seconds left.\n|inactive|Its andreas tbh has 20 seconds left.\n|inactive|Its andreas tbh has 15 seconds left.\n|\n|t:|1788168680\n|switch|p1a: Toxapex|Toxapex, L50, F|100/100\n|move|p2b: Blaziken|Rock Slide|p1b: Sinistcha|[spread] p1a,p1b\n|-damage|p1a: Toxapex|88/100\n|-damage|p1b: Sinistcha|71/100\n|move|p1b: Sinistcha|Matcha Gotcha|p2b: Blaziken|[spread] p2b\n|-miss|p1b: Sinistcha|p2a: Kingambit\n|-resisted|p2b: Blaziken|1\n|-damage|p2b: Blaziken|84/100\n|-heal|p1b: Sinistcha|78/100|[from] drain|[of] p2b: Blaziken\n|move|p2a: Kingambit|Kowtow Cleave|p1b: Sinistcha\n|-supereffective|p1b: Sinistcha|1\n|-damage|p1b: Sinistcha|40/100\n|-damage|p2a: Kingambit|9/100 brn|[from] item: Life Orb\n|\n|-damage|p2a: Kingambit|3/100 brn|[from] brn\n|-end|p2a: Kingambit|Fire Spin|[partiallytrapped]|[silent]\n|-ability|p2b: Blaziken|Speed Boost|boost\n|-boost|p2b: Blaziken|spe|1\n|upkeep\n|turn|4\n|inactive|DavaRobin has 30 seconds left.\n|\n|t:|1788168707\n|move|p2b: Blaziken|Rock Slide|p1b: Sinistcha|[spread] p1a,p1b\n|-crit|p1a: Toxapex\n|-damage|p1a: Toxapex|59/100\n|-damage|p1b: Sinistcha|25/100\n|move|p1b: Sinistcha|Strength Sap|p2b: Blaziken\n|-unboost|p2b: Blaziken|atk|1\n|-heal|p1b: Sinistcha|100/100\n|move|p2a: Kingambit|Kowtow Cleave|p1b: Sinistcha\n|-supereffective|p1b: Sinistcha|1\n|-damage|p1b: Sinistcha|61/100\n|-damage|p2a: Kingambit|0 fnt|[from] item: Life Orb\n|faint|p2a: Kingambit\n|move|p1a: Toxapex|Infestation|p2b: Blaziken\n|-resisted|p2b: Blaziken|2\n|-damage|p2b: Blaziken|84/100\n|-activate|p2b: Blaziken|move: Infestation|[of] p1a: Toxapex\n|\n|-damage|p2b: Blaziken|71/100|[from] move: Infestation|[partiallytrapped]\n|-ability|p2b: Blaziken|Speed Boost|boost\n|-boost|p2b: Blaziken|spe|1\n|upkeep\n|inactive|DavaRobin has 30 seconds left.\n|\n|t:|1788168733\n|switch|p2a: Torkoal|Torkoal, L50, M|100/100\n|-weather|SunnyDay|[from] ability: Drought|[of] p2a: Torkoal\n|turn|5\n|\n|t:|1788168758\n|switch|p1b: Sableye|Sableye, L50, F|40/100\n|move|p2b: Blaziken|Flare Blitz|p1b: Sableye\n|-damage|p1b: Sableye|0 fnt\n|faint|p1b: Sableye\n|-damage|p2b: Blaziken|58/100|[from] Recoil\n|move|p1a: Toxapex|Toxic|p2b: Blaziken\n|-status|p2b: Blaziken|tox\n|move|p2a: Torkoal|Yawn|p1a: Toxapex\n|-start|p1a: Toxapex|move: Yawn|[of] p2a: Torkoal\n|\n|-weather|SunnyDay|[upkeep]\n|-damage|p2b: Blaziken|52/100 tox|[from] psn\n|-damage|p2b: Blaziken|40/100 tox|[from] move: Infestation|[partiallytrapped]\n|-sideend|p1: Its andreas tbh|Reflect\n|-ability|p2b: Blaziken|Speed Boost|boost\n|-boost|p2b: Blaziken|spe|1\n|upkeep\n|\n|t:|1788168772\n|switch|p1b: Sinistcha|Sinistcha-Masterpiece, L50|61/100\n|-heal|p1a: Toxapex|84/100|[from] ability: Hospitality|[of] p1b: Sinistcha\n|turn|6\n|\n|t:|1788168794\n|move|p2b: Blaziken|Rock Slide|p1a: Toxapex|[spread] p1a,p1b\n|-damage|p1a: Toxapex|70/100\n|-damage|p1b: Sinistcha|47/100\n|move|p1b: Sinistcha|Life Dew|p1b: Sinistcha|[spread] p1a,p1b\n|-heal|p1a: Toxapex|95/100\n|-heal|p1b: Sinistcha|72/100\n|cant|p1a: Toxapex|flinch\n|move|p2a: Torkoal|Weather Ball|p1b: Sinistcha\n|-supereffective|p1b: Sinistcha|1\n|-damage|p1b: Sinistcha|0 fnt\n|faint|p1b: Sinistcha\n|\n|-weather|SunnyDay|[upkeep]\n|-damage|p2b: Blaziken|29/100 tox|[from] psn\n|-damage|p2b: Blaziken|17/100 tox|[from] move: Infestation|[partiallytrapped]\n|-end|p1a: Toxapex|move: Yawn|[silent]\n|-status|p1a: Toxapex|slp\n|-ability|p2b: Blaziken|Speed Boost|boost\n|-boost|p2b: Blaziken|spe|1\n|upkeep\n|\n|t:|1788168813\n|switch|p1b: Scovillain|Scovillain-Mega, L50, F|30/100\n|turn|7\n|\n|t:|1788168835\n|move|p2b: Blaziken|Rock Slide|p1a: Toxapex|[spread] p1a,p1b\n|-supereffective|p1b: Scovillain|1\n|-damage|p1a: Toxapex|82/100 slp\n|-damage|p1b: Scovillain|0 fnt\n|faint|p1b: Scovillain\n|cant|p1a: Toxapex|slp\n|move|p2a: Torkoal|Stone Edge|p1a: Toxapex\n|-damage|p1a: Toxapex|68/100 slp\n|\n|-weather|SunnyDay|[upkeep]\n|-damage|p2b: Blaziken|0 fnt|[from] psn\n|faint|p2b: Blaziken\n|upkeep\n|\n|t:|1788168846\n|switch|p2b: Venusaur|Venusaur, L50, F|100/100\n|turn|8\n|\n|t:|1788168862\n|move|p2b: Venusaur|Leaf Storm|p1a: Toxapex\n|-damage|p1a: Toxapex|25/100 slp\n|-unboost|p2b: Venusaur|spa|2\n|-enditem|p1a: Toxapex|Sitrus Berry|[eat]\n|-heal|p1a: Toxapex|50/100g slp|[from] item: Sitrus Berry\n|-curestatus|p1a: Toxapex|slp|[msg]\n|move|p1a: Toxapex|Recover|p1a: Toxapex\n|-heal|p1a: Toxapex|100/100\n|move|p2a: Torkoal|Stone Edge|p1a: Toxapex|[miss]\n|-miss|p2a: Torkoal|p1a: Toxapex\n|\n|-weather|SunnyDay|[upkeep]\n|upkeep\n|turn|9\n|\n|t:|1788168878\n|move|p2b: Venusaur|Sleep Powder|p1a: Toxapex\n|-status|p1a: Toxapex|slp|[from] move: Sleep Powder\n|cant|p1a: Toxapex|slp\n|move|p2a: Torkoal|Stone Edge|p1a: Toxapex\n|-crit|p1a: Toxapex\n|-damage|p1a: Toxapex|77/100 slp\n|\n|-weather|none\n|upkeep\n|turn|10\n|\n|t:|1788168891\n|move|p2b: Venusaur|Leaf Storm|p1a: Toxapex\n|-damage|p1a: Toxapex|55/100 slp\n|-unboost|p2b: Venusaur|spa|2\n|cant|p1a: Toxapex|slp\n|move|p2a: Torkoal|Stone Edge|p1a: Toxapex\n|-damage|p1a: Toxapex|40/100 slp\n|\n|upkeep\n|turn|11\n|\n|t:|1788168907\n|move|p2b: Venusaur|Leaf Storm|p1a: Toxapex|[miss]\n|-miss|p2b: Venusaur|p1a: Toxapex\n|-curestatus|p1a: Toxapex|slp|[msg]\n|move|p1a: Toxapex|Recover|p1a: Toxapex\n|-heal|p1a: Toxapex|91/100\n|move|p2a: Torkoal|Stone Edge|p1a: Toxapex\n|-damage|p1a: Toxapex|75/100\n|\n|upkeep\n|turn|12\n|\n|t:|1788168920\n|move|p2b: Venusaur|Sleep Powder|p1a: Toxapex\n|-status|p1a: Toxapex|slp|[from] move: Sleep Powder\n|cant|p1a: Toxapex|slp\n|move|p2a: Torkoal|Stone Edge|p1a: Toxapex\n|-damage|p1a: Toxapex|60/100 slp\n|\n|upkeep\n|turn|13\n|\n|t:|1788168939\n|move|p2b: Venusaur|Leaf Storm|p1a: Toxapex\n|-damage|p1a: Toxapex|47/100 slp\n|-unboost|p2b: Venusaur|spa|2\n|cant|p1a: Toxapex|slp\n|move|p2a: Torkoal|Stone Edge|p1a: Toxapex\n|-damage|p1a: Toxapex|33/100 slp\n|\n|upkeep\n|turn|14\n|\n|t:|1788168950\n|move|p2b: Venusaur|Sleep Powder|p1a: Toxapex|[miss]\n|-miss|p2b: Venusaur|p1a: Toxapex\n|-curestatus|p1a: Toxapex|slp|[msg]\n|move|p1a: Toxapex|Recover|p1a: Toxapex\n|-heal|p1a: Toxapex|83/100\n|move|p2a: Torkoal|Stone Edge|p1a: Toxapex\n|-damage|p1a: Toxapex|67/100\n|\n|upkeep\n|turn|15\n|\n|t:|1788168970\n|move|p2b: Venusaur|Sleep Powder|p1a: Toxapex\n|-status|p1a: Toxapex|slp|[from] move: Sleep Powder\n|cant|p1a: Toxapex|slp\n|move|p2a: Torkoal|Weather Ball|p1a: Toxapex\n|-damage|p1a: Toxapex|58/100 slp\n|\n|upkeep\n|turn|16\n|\n|t:|1788168981\n|move|p2b: Venusaur|Leaf Storm|p1a: Toxapex\n|-damage|p1a: Toxapex|48/100 slp\n|cant|p1a: Toxapex|slp\n|move|p2a: Torkoal|Weather Ball|p1a: Toxapex\n|-damage|p1a: Toxapex|40/100 slp\n|\n|upkeep\n|turn|17\n|\n|t:|1788169000\n|move|p2b: Venusaur|Leaf Storm|p1a: Toxapex\n|-damage|p1a: Toxapex|29/100 slp\n|-curestatus|p1a: Toxapex|slp|[msg]\n|move|p1a: Toxapex|Recover|p1a: Toxapex\n|-heal|p1a: Toxapex|80/100\n|move|p2a: Torkoal|Weather Ball|p1a: Toxapex\n|-damage|p1a: Toxapex|72/100\n|\n|upkeep\n|turn|18\n|\n|t:|1788169011\n|move|p2b: Venusaur|Protect|p2b: Venusaur\n|-singleturn|p2b: Venusaur|Protect\n|move|p2a: Torkoal|Protect|p2a: Torkoal\n|-singleturn|p2a: Torkoal|Protect\n|move|p1a: Toxapex|Toxic|p2a: Torkoal\n|-activate|p2a: Torkoal|move: Protect\n|\n|upkeep\n|turn|19\n|\n|t:|1788169024\n|move|p2b: Venusaur|Sludge Bomb|p1a: Toxapex\n|-resisted|p1a: Toxapex|1\n|-damage|p1a: Toxapex|68/100\n|move|p1a: Toxapex|Toxic|p2a: Torkoal\n|-status|p2a: Torkoal|tox\n|move|p2a: Torkoal|Yawn|p1a: Toxapex\n|-start|p1a: Toxapex|move: Yawn|[of] p2a: Torkoal\n|\n|-damage|p2a: Torkoal|93/100 tox|[from] psn\n|upkeep\n|turn|20\n|\n|t:|1788169048\n|move|p2b: Venusaur|Sludge Bomb|p1a: Toxapex\n|-resisted|p1a: Toxapex|1\n|-damage|p1a: Toxapex|64/100\n|move|p1a: Toxapex|Infestation|p2b: Venusaur\n|-damage|p2b: Venusaur|96/100\n|-activate|p2b: Venusaur|move: Infestation|[of] p1a: Toxapex\n|move|p2a: Torkoal|Weather Ball|p1a: Toxapex\n|-damage|p1a: Toxapex|56/100\n|\n|-heal|p2a: Torkoal|100/100 tox|[from] item: Leftovers\n|-damage|p2a: Torkoal|87/100 tox|[from] psn\n|-damage|p2b: Venusaur|84/100|[from] move: Infestation|[partiallytrapped]\n|-end|p1a: Toxapex|move: Yawn|[silent]\n|-status|p1a: Toxapex|slp\n|upkeep\n|turn|21\n|\n|t:|1788169063\n|move|p2b: Venusaur|Sludge Bomb|p1a: Toxapex\n|-resisted|p1a: Toxapex|1\n|-damage|p1a: Toxapex|52/100 slp\n|cant|p1a: Toxapex|slp\n|move|p2a: Torkoal|Weather Ball|p1a: Toxapex\n|-damage|p1a: Toxapex|43/100 slp\n|\n|-heal|p2a: Torkoal|93/100 tox|[from] item: Leftovers\n|-damage|p2a: Torkoal|75/100 tox|[from] psn\n|-damage|p2b: Venusaur|71/100|[from] move: Infestation|[partiallytrapped]\n|upkeep\n|turn|22\n|\n|t:|1788169078\n|move|p2b: Venusaur|Sleep Powder|p1a: Toxapex|[miss]\n|-miss|p2b: Venusaur|p1a: Toxapex\n|cant|p1a: Toxapex|slp\n|move|p2a: Torkoal|Weather Ball|p1a: Toxapex\n|-crit|p1a: Toxapex\n|-damage|p1a: Toxapex|32/100 slp\n|\n|-heal|p2a: Torkoal|81/100 tox|[from] item: Leftovers\n|-damage|p2a: Torkoal|56/100 tox|[from] psn\n|-damage|p2b: Venusaur|59/100|[from] move: Infestation|[partiallytrapped]\n|upkeep\n|turn|23\n|\n|t:|1788169097\n|move|p2b: Venusaur|Sleep Powder|p1a: Toxapex\n|-fail|p1a: Toxapex|slp\n|-curestatus|p1a: Toxapex|slp|[msg]\n|move|p1a: Toxapex|Recover|p1a: Toxapex\n|-heal|p1a: Toxapex|82/100\n|move|p2a: Torkoal|Weather Ball|p1a: Toxapex\n|-crit|p1a: Toxapex\n|-damage|p1a: Toxapex|70/100\n|\n|-heal|p2a: Torkoal|62/100 tox|[from] item: Leftovers\n|-damage|p2a: Torkoal|31/100 tox|[from] psn\n|-damage|p2b: Venusaur|47/100|[from] move: Infestation|[partiallytrapped]\n|upkeep\n|turn|24\n|-message|DavaRobin forfeited.\n|\n|win|Its andreas tbh\n|raw|Its andreas tbh's rating: 1151 &rarr; <strong>1168</strong><br />(+17 for winning)\n|raw|DavaRobin's rating: 1040 &rarr; <strong>1029</strong><br />(-11 for losing)\n|l|☆DavaRobin\n|player|p2|\n|j| Tearamizuu\n|l| Tearamizuu\n","uploadtime":1788169332,"views":"12","formatid":"gen9championsvgc2026regmbbo3","rating":1029,"private":0,"password":null}