{"id":"gen9championsvgc2026regmb-2674180105","format":"[Gen 9 Champions] VGC 2026 Reg M-B","players":["kakawc","ChefGroudonRamsay"],"log":"|j|‽kakawc\n|j|☆ChefGroudonRamsay\n|t:|1788311218\n|gametype|doubles\n|player|p1|kakawc|266|1171\n|player|p2|ChefGroudonRamsay|baker|1169\n|gen|9\n|tier|[Gen 9 Champions] VGC 2026 Reg M-B\n|rated|\n|rule|Species Clause: Limit one of each Pokémon\n|rule|Item Clause: Limit 1 of each item\n|clearpoke\n|poke|p1|Talonflame, L50, M|\n|poke|p1|Meganium, L50, M|\n|poke|p1|Basculegion, L50, M|\n|poke|p1|Glimmora, L50, M|\n|poke|p1|Mamoswine, L50, M|\n|poke|p1|Hydreigon, L50, M|\n|poke|p2|Blaziken, L50, F|\n|poke|p2|Dragonite, L50, M|\n|poke|p2|Primarina, L50, F|\n|poke|p2|Corviknight, L50, M|\n|poke|p2|Meowscarada, L50, F|\n|poke|p2|Umbreon, L50, M|\n|teampreview|4\n|inactive|Battle timer is ON: inactive players will automatically lose when time's up. (requested by ChefGroudonRamsay)\n|inactive|kakawc has 60 seconds left.\n|\n|t:|1788311250\n|teamsize|p1|4\n|teamsize|p2|4\n|start\n|switch|p1a: Talonflame|Talonflame, L50, M|100/100\n|switch|p1b: Glimmora|Glimmora, L50, M|100/100\n|switch|p2a: Dragonite|Dragonite, L50, M|100/100\n|switch|p2b: Umbreon|Umbreon, L50, M|100/100\n|turn|1\n|\n|t:|1788311272\n|move|p1a: Talonflame|Tailwind|p1a: Talonflame\n|-sidestart|p1: kakawc|move: Tailwind\n|move|p1b: Glimmora|Power Gem|p2a: Dragonite\n|-supereffective|p2a: Dragonite|1\n|-damage|p2a: Dragonite|62/100\n|move|p2a: Dragonite|Scale Shot|p1a: Talonflame\n|-damage|p1a: Talonflame|78/100\n|-damage|p1a: Talonflame|54/100\n|-damage|p1a: Talonflame|31/100\n|-damage|p1a: Talonflame|7/100\n|-damage|p1a: Talonflame|0 fnt\n|faint|p1a: Talonflame\n|-hitcount|p1: Talonflame|5\n|-unboost|p2a: Dragonite|def|1\n|-boost|p2a: Dragonite|spe|1\n|-enditem|p2a: Dragonite|White Herb\n|-clearnegativeboost|p2a: Dragonite|[silent]\n|move|p2b: Umbreon|Yawn|p1b: Glimmora\n|-start|p1b: Glimmora|move: Yawn|[of] p2b: Umbreon\n|\n|upkeep\n|\n|t:|1788311293\n|switch|p1a: Mamoswine|Mamoswine, L50, M|100/100\n|turn|2\n|\n|t:|1788311302\n|switch|p1b: Meganium|Meganium, L50, M|100/100\n|move|p2a: Dragonite|Protect|p2a: Dragonite\n|-singleturn|p2a: Dragonite|Protect\n|move|p1a: Mamoswine|Icicle Crash|p2a: Dragonite\n|-activate|p2a: Dragonite|move: Protect\n|move|p2b: Umbreon|Foul Play|p1a: Mamoswine\n|-damage|p1a: Mamoswine|33/100\n|\n|upkeep\n|turn|3\n|\n|t:|1788311319\n|detailschange|p1b: Meganium|Meganium-Mega, L50, M\n|-mega|p1b: Meganium|Meganium|Meganiumite\n|move|p2a: Dragonite|Extreme Speed|p1a: Mamoswine\n|-damage|p1a: Mamoswine|0 fnt\n|faint|p1a: Mamoswine\n|move|p1b: Meganium|Solar Beam||[still]\n|-prepare|p1b: Meganium|Solar Beam\n|-activate|p1b: Meganium|ability: Mega Sol\n|-anim|p1b: Meganium|Solar Beam|p2b: Umbreon\n|-damage|p2b: Umbreon|49/100\n|-enditem|p2b: Umbreon|Sitrus Berry|[eat]\n|-heal|p2b: Umbreon|74/100|[from] item: Sitrus Berry\n|move|p2b: Umbreon|Yawn|p1b: Meganium\n|-start|p1b: Meganium|move: Yawn|[of] p2b: Umbreon\n|\n|upkeep\n|\n|t:|1788311333\n|switch|p1a: Glimmora|Glimmora, L50, M|100/100\n|turn|4\n|\n|t:|1788311350\n|move|p1a: Glimmora|Sludge Bomb|p2b: Umbreon\n|-damage|p2b: Umbreon|43/100\n|-status|p2b: Umbreon|psn\n|-activate|p2b: Umbreon|ability: Synchronize\n|-immune|p1a: Glimmora\n|move|p1b: Meganium|Solar Beam||[still]\n|-prepare|p1b: Meganium|Solar Beam\n|-activate|p1b: Meganium|ability: Mega Sol\n|-anim|p1b: Meganium|Solar Beam|p2b: Umbreon\n|-damage|p2b: Umbreon|0 fnt\n|faint|p2b: Umbreon\n|move|p2a: Dragonite|Superpower|p1a: Glimmora\n|-damage|p1a: Glimmora|38/100\n|-unboost|p2a: Dragonite|atk|1\n|-unboost|p2a: Dragonite|def|1\n|-activate|p1a: Glimmora|ability: Toxic Debris\n|-sidestart|p2: ChefGroudonRamsay|move: Toxic Spikes\n|\n|-end|p1b: Meganium|move: Yawn|[silent]\n|-status|p1b: Meganium|slp\n|-sideend|p1: kakawc|move: Tailwind\n|upkeep\n|\n|t:|1788311362\n|switch|p2b: Blaziken|Blaziken, L50, F|100/100\n|-status|p2b: Blaziken|psn\n|turn|5\n|inactive|ChefGroudonRamsay has 30 seconds left.\n|\n|t:|1788311388\n|switch|p2a: Meowscarada|Meowscarada, L50, F|100/100\n|-status|p2a: Meowscarada|psn\n|detailschange|p2b: Blaziken|Blaziken-Mega, L50, F\n|-mega|p2b: Blaziken|Blaziken|Blazikenite\n|move|p1a: Glimmora|Spiky Shield|p1a: Glimmora\n|-singleturn|p1a: Glimmora|move: Protect\n|move|p2b: Blaziken|Close Combat|p1a: Glimmora\n|-activate|p1a: Glimmora|move: Protect\n|-damage|p2b: Blaziken|87/100 psn|[from] Spiky Shield|[of] p1a: Glimmora\n|cant|p1b: Meganium|slp\n|\n|-damage|p2a: Meowscarada|87/100 psn|[from] psn\n|-damage|p2b: Blaziken|75/100 psn|[from] psn\n|-ability|p2b: Blaziken|Speed Boost|boost\n|-boost|p2b: Blaziken|spe|1\n|upkeep\n|turn|6\n|\n|t:|1788311409\n|move|p1a: Glimmora|Spiky Shield||[still]\n|-fail|p1a: Glimmora\n|move|p2b: Blaziken|Flare Blitz|p1b: Meganium\n|-supereffective|p1b: Meganium|1\n|-crit|p1b: Meganium\n|-damage|p1b: Meganium|0 fnt\n|faint|p1b: Meganium\n|-damage|p2b: Blaziken|40/100 psn|[from] Recoil\n|move|p2a: Meowscarada|Flower Trick|p1a: Glimmora\n|-start|p2a: Meowscarada|typechange|Grass|[from] ability: Protean\n|-crit|p1a: Glimmora\n|-damage|p1a: Glimmora|0 fnt\n|-activate|p1a: Glimmora|ability: Toxic Debris\n|-sidestart|p2: ChefGroudonRamsay|move: Toxic Spikes\n|faint|p1a: Glimmora\n|-damage|p2a: Meowscarada|77/100 psn|[from] item: Life Orb\n|\n|win|ChefGroudonRamsay\n|raw|kakawc's rating: 1171 &rarr; <strong>1146</strong><br />(-25 for losing)\n|raw|ChefGroudonRamsay's rating: 1169 &rarr; <strong>1194</strong><br />(+25 for winning)\n|l|‽kakawc\n|player|p1|\n","uploadtime":1788311423,"views":"0","formatid":"gen9championsvgc2026regmb","rating":1146,"private":0,"password":null}