{"id":"gen9championsvgc2026regmbbo3-2673478572","format":"[Gen 9 Champions] VGC 2026 Reg M-B (Bo3)","players":["SP4MT0N1997","BreloomB01"],"log":"|j|☆SP4MT0N1997\n|j|☆BreloomB01\n|html|<table width=\"100%\"><tr><td align=\"left\">SP4MT0N1997</td><td align=\"right\">BreloomB01</tr><tr><td align=\"left\"><i class=\"fa fa-circle-o\"></i> <i class=\"fa fa-circle-o\"></i> </td><td align=\"right\"><i class=\"fa fa-circle-o\"></i> <i class=\"fa fa-circle-o\"></i> </tr></table>\n|uhtml|bestof|<h2><strong>Game 1</strong> of <a href=\"/game-bestof3-gen9championsvgc2026regmbbo3-2673478571\">a best-of-3</a></h2>\n|t:|1788202639\n|gametype|doubles\n|player|p1|SP4MT0N1997|unknown|1081\n|player|p2|BreloomB01|170|1328\n|gen|9\n|tier|[Gen 9 Champions] VGC 2026 Reg M-B (Bo3)\n|rated|\n|rule|Species Clause: Limit one of each Pokémon\n|rule|Item Clause: Limit 1 of each item\n|clearpoke\n|poke|p1|Pidgeot, L50, M|\n|poke|p1|Torkoal, L50, F|\n|poke|p1|Venusaur, L50, M|\n|poke|p1|Garchomp, L50, F|\n|poke|p1|Aerodactyl, L50, F|\n|poke|p1|Basculegion, L50, M|\n|poke|p2|Scovillain, L50, M|\n|poke|p2|Basculegion, L50, M|\n|poke|p2|Kingambit, L50, M|\n|poke|p2|Sneasler, L50, M|\n|poke|p2|Lycanroc-Dusk, L50, M|\n|poke|p2|Froslass, L50, F|\n|teampreview|4\n|showteam|p1|Pidgeot||Pidgeotite|KeenEye|HeatWave,Hurricane,Tailwind,Protect|Timid||M|||50|]Torkoal||Charcoal|Drought|HeatWave,EarthPower,SolarBeam,Protect|Modest||F|||50|]Venusaur||FocusSash|Chlorophyll|Protect,SolarBeam,SleepPowder,SludgeBomb|Modest||M|||50|]Garchomp||LifeOrb|RoughSkin|Earthquake,DragonClaw,RockSlide,Protect|Jolly||F|||50|]Aerodactyl||Aerodactylite|Unnerve|RockSlide,IceFang,Tailwind,DualWingbeat|Jolly||F|||50|]Basculegion||MysticWater|Adaptability|AquaJet,WaveCrash,LastRespects,Protect|Jolly||M|||50|\n|showteam|p2|Scovillain||Scovillainite|Moody|GigaDrain,Overheat,RagePowder,Protect|Bold||M|||50|]Basculegion||LifeOrb|Adaptability|WaveCrash,LastRespects,AquaJet,Protect|Adamant||M|||50|]Kingambit||BlackGlasses|Defiant|KowtowCleave,SuckerPunch,SwordsDance,Protect|Adamant||M|||50|]Sneasler||WhiteHerb|Unburden|CloseCombat,DireClaw,Protect,FakeOut|Adamant||M|||50|]Lycanroc-Dusk||FocusSash|ToughClaws|CloseCombat,Accelerock,RockSlide,Protect|Adamant||M|||50|]Froslass||Froslassite|CursedBody|Blizzard,ShadowBall,AuroraVeil,Protect|Timid||F|||50|\n|\n|t:|1788202673\n|teamsize|p1|4\n|teamsize|p2|4\n|start\n|switch|p1a: Torkoal|Torkoal, L50, F|100/100\n|switch|p1b: Venusaur|Venusaur, L50, M|100/100\n|switch|p2a: Sneasler|Sneasler, L50, M|100/100\n|switch|p2b: Froslass|Froslass, L50, F|100/100\n|-weather|SunnyDay|[from] ability: Drought|[of] p1a: Torkoal\n|turn|1\n|\n|t:|1788202704\n|detailschange|p2b: Froslass|Froslass-Mega, L50, F\n|-mega|p2b: Froslass|Froslass|Froslassite\n|-weather|Snowscape|[from] ability: Snow Warning|[of] p2b: Froslass\n|move|p1a: Torkoal|Protect|p1a: Torkoal\n|-singleturn|p1a: Torkoal|Protect\n|move|p2b: Froslass|Blizzard|p1a: Torkoal|[spread] p1b\n|-activate|p1a: Torkoal|move: Protect\n|-supereffective|p1b: Venusaur|1\n|-damage|p1b: Venusaur|22/100\n|-status|p1b: Venusaur|frz\n|move|p2a: Sneasler|Dire Claw|p1a: Torkoal\n|-activate|p1a: Torkoal|move: Protect\n|cant|p1b: Venusaur|frz\n|\n|-weather|Snowscape|[upkeep]\n|upkeep\n|turn|2\n|\n|t:|1788202712\n|cant|p1b: Venusaur|frz\n|move|p2b: Froslass|Blizzard|p1a: Torkoal|[spread] p1a,p1b\n|-resisted|p1a: Torkoal|1\n|-supereffective|p1b: Venusaur|1\n|-damage|p1a: Torkoal|74/100\n|-damage|p1b: Venusaur|0 fnt\n|faint|p1b: Venusaur\n|move|p2a: Sneasler|Dire Claw|p1a: Torkoal\n|-damage|p1a: Torkoal|43/100\n|move|p1a: Torkoal|Heat Wave|p2a: Sneasler|[spread] p2a,p2b\n|-supereffective|p2b: Froslass|1\n|-damage|p2a: Sneasler|57/100\n|-damage|p2b: Froslass|25/100\n|\n|-weather|Snowscape|[upkeep]\n|upkeep\n|\n|t:|1788202732\n|switch|p1b: Pidgeot|Pidgeot, L50, M|100/100\n|turn|3\n|\n|t:|1788202737\n|detailschange|p1b: Pidgeot|Pidgeot-Mega, L50, M\n|-mega|p1b: Pidgeot|Pidgeot|Pidgeotite\n|move|p1b: Pidgeot|Hurricane|p2b: Froslass\n|-damage|p2b: Froslass|0 fnt\n|faint|p2b: Froslass\n|move|p2a: Sneasler|Close Combat|p1a: Torkoal\n|-crit|p1a: Torkoal\n|-damage|p1a: Torkoal|0 fnt\n|-unboost|p2a: Sneasler|def|1\n|-unboost|p2a: Sneasler|spd|1\n|faint|p1a: Torkoal\n|-enditem|p2a: Sneasler|White Herb\n|-clearnegativeboost|p2a: Sneasler|[silent]\n|\n|-weather|Snowscape|[upkeep]\n|upkeep\n|\n|t:|1788202745\n|switch|p2b: Lycanroc|Lycanroc-Dusk, L50, M|100/100\n|switch|p1a: Garchomp|Garchomp, L50, F|100/100\n|turn|4\n|\n|t:|1788202752\n|move|p1b: Pidgeot|Protect|p1b: Pidgeot\n|-singleturn|p1b: Pidgeot|Protect\n|move|p2a: Sneasler|Dire Claw|p1b: Pidgeot\n|-activate|p1b: Pidgeot|move: Protect\n|move|p1a: Garchomp|Earthquake|p2b: Lycanroc|[spread] p2a,p2b\n|-activate|p1b: Pidgeot|move: Protect\n|-supereffective|p2a: Sneasler|1\n|-supereffective|p2b: Lycanroc|1\n|-damage|p2a: Sneasler|0 fnt\n|-enditem|p2b: Lycanroc|Focus Sash\n|-damage|p2b: Lycanroc|1/100\n|faint|p2a: Sneasler\n|-damage|p1a: Garchomp|90/100|[from] item: Life Orb\n|move|p2b: Lycanroc|Rock Slide|p1b: Pidgeot|[spread] p1a\n|-activate|p1b: Pidgeot|move: Protect\n|-resisted|p1a: Garchomp|1\n|-damage|p1a: Garchomp|74/100\n|\n|-weather|Snowscape|[upkeep]\n|upkeep\n|\n|t:|1788202754\n|switch|p2a: Basculegion|Basculegion, L50, M|100/100\n|turn|5\n|\n|t:|1788202765\n|move|p2b: Lycanroc|Accelerock|p1b: Pidgeot\n|-supereffective|p1b: Pidgeot|1\n|-damage|p1b: Pidgeot|21/100\n|move|p2a: Basculegion|Aqua Jet|p1b: Pidgeot\n|-damage|p1b: Pidgeot|0 fnt\n|faint|p1b: Pidgeot\n|-damage|p2a: Basculegion|90/100|[from] item: Life Orb\n|move|p1a: Garchomp|Earthquake|p2a: Basculegion|[spread] p2a,p2b\n|-supereffective|p2b: Lycanroc|1\n|-damage|p2a: Basculegion|38/100\n|-damage|p2b: Lycanroc|0 fnt\n|faint|p2b: Lycanroc\n|-damage|p1a: Garchomp|64/100|[from] item: Life Orb\n|\n|-weather|none\n|upkeep\n|turn|6\n|\n|t:|1788202772\n|move|p2a: Basculegion|Aqua Jet|p1a: Garchomp\n|-damage|p1a: Garchomp|31/100\n|-damage|p2a: Basculegion|26/100|[from] ability: Rough Skin|[of] p1a: Garchomp\n|-damage|p2a: Basculegion|17/100|[from] item: Life Orb\n|move|p1a: Garchomp|Earthquake|p2a: Basculegion\n|-damage|p2a: Basculegion|0 fnt\n|faint|p2a: Basculegion\n|-damage|p1a: Garchomp|21/100|[from] item: Life Orb\n|\n|win|SP4MT0N1997\n||SP4MT0N1997 is ready for game 2.\n||BreloomB01 is ready for game 2.\n|uhtml|next|Next: <a href=\"/battle-gen9championsvgc2026regmbbo3-2673479753\"><strong>Game 2 of 3</strong></a>\n","uploadtime":1788203097,"views":"3","formatid":"gen9championsvgc2026regmbbo3","rating":null,"private":0,"password":null}