{"id":"gen9championsvgc2026regmb-2674253585","format":"[Gen 9 Champions] VGC 2026 Reg M-B","players":["nuzleafshiny","Thornlace48812"],"log":"|j|☆nuzleafshiny\n|j|☆Thornlace48812\n|t:|1788324103\n|gametype|doubles\n|player|p1|nuzleafshiny|169|1076\n|player|p2|Thornlace48812|1|1066\n|gen|9\n|tier|[Gen 9 Champions] VGC 2026 Reg M-B\n|rated|\n|rule|Species Clause: Limit one of each Pokémon\n|rule|Item Clause: Limit 1 of each item\n|clearpoke\n|poke|p1|Mawile, L50, M, shiny|\n|poke|p1|Swampert, L50, M|\n|poke|p1|Pelipper, L50, F, shiny|\n|poke|p1|Archaludon, L50, M, shiny|\n|poke|p1|Sinistcha, L50|\n|poke|p1|Grimmsnarl, L50, M, shiny|\n|poke|p2|Garchomp, L50, F|\n|poke|p2|Charizard, L50, M|\n|poke|p2|Whimsicott, L50, M|\n|poke|p2|Sylveon, L50, F|\n|poke|p2|Kingambit, L50, F|\n|poke|p2|Basculegion, L50, M|\n|teampreview|4\n|inactive|Battle timer is ON: inactive players will automatically lose when time's up. (requested by Thornlace48812)\nThornlace48812 rejected open team sheets.\n|inactive|nuzleafshiny has 60 seconds left.\n|\n|t:|1788324158\n|teamsize|p1|4\n|teamsize|p2|4\n|start\n|switch|p1a: Swampert|Swampert, L50, M|100/100\n|switch|p1b: Grimmsnarl|Grimmsnarl, L50, M, shiny|100/100\n|switch|p2a: Whimsicott|Whimsicott, L50, M|100/100\n|switch|p2b: Charizard|Charizard, L50, M|100/100\n|turn|1\n|inactive|nuzleafshiny has 30 seconds left.\n|\n|t:|1788324191\n|switch|p1b: Pelipper|Pelipper, L50, F, shiny|100/100\n|-weather|RainDance|[from] ability: Drizzle|[of] p1b: Pelipper\n|detailschange|p2b: Charizard|Charizard-Mega-Y, L50, M\n|-mega|p2b: Charizard|Charizard|Charizardite Y\n|-weather|SunnyDay|[from] ability: Drought|[of] p2b: Charizard\n|detailschange|p1a: Swampert|Swampert-Mega, L50, M\n|-mega|p1a: Swampert|Swampert|Swampertite\n|move|p2a: Whimsicott|Tailwind|p2a: Whimsicott\n|-sidestart|p2: Thornlace48812|move: Tailwind\n|move|p2b: Charizard|Heat Wave|p1b: Pelipper|[spread] p1a,p1b\n|-resisted|p1a: Swampert|1\n|-resisted|p1b: Pelipper|1\n|-damage|p1a: Swampert|72/100\n|-damage|p1b: Pelipper|53/100\n|-status|p1a: Swampert|brn\n|move|p1a: Swampert|Ice Punch|p2a: Whimsicott\n|-supereffective|p2a: Whimsicott|1\n|-damage|p2a: Whimsicott|55/100\n|\n|-weather|SunnyDay|[upkeep]\n|-damage|p1a: Swampert|66/100 brn|[from] brn\n|upkeep\n|turn|2\n|\n|t:|1788324210\n|move|p1b: Pelipper|Wide Guard|p1b: Pelipper\n|-singleturn|p1b: Pelipper|Wide Guard\n|move|p2a: Whimsicott|Moonblast|p1b: Pelipper\n|-damage|p1b: Pelipper|6/100\n|move|p2b: Charizard|Heat Wave|p1a: Swampert|[spread] \n|-activate|p1a: Swampert|move: Wide Guard\n|-activate|p1b: Pelipper|move: Wide Guard\n|move|p1a: Swampert|Wave Crash|p2b: Charizard\n|-supereffective|p2b: Charizard|1\n|-damage|p2b: Charizard|50/100g\n|-damage|p1a: Swampert|52/100 brn|[from] Recoil\n|\n|-weather|SunnyDay|[upkeep]\n|-damage|p1a: Swampert|47/100 brn|[from] brn\n|upkeep\n|turn|3\n|\n|t:|1788324233\n|switch|p1b: Grimmsnarl|Grimmsnarl, L50, M, shiny|100/100\n|move|p2a: Whimsicott|Moonblast|p1a: Swampert\n|-damage|p1a: Swampert|13/100 brn\n|move|p2b: Charizard|Heat Wave|p1b: Grimmsnarl|[spread] p1a\n|-miss|p2b: Charizard|p1b: Grimmsnarl\n|-resisted|p1a: Swampert|1\n|-damage|p1a: Swampert|0 fnt\n|faint|p1a: Swampert\n|\n|-weather|SunnyDay|[upkeep]\n|upkeep\n|\n|t:|1788324243\n|switch|p1a: Archaludon|Archaludon, L50, M, shiny|100/100\n|turn|4\n|\n|t:|1788324251\n|switch|p1b: Pelipper|Pelipper, L50, F, shiny|6/100\n|-weather|RainDance|[from] ability: Drizzle|[of] p1b: Pelipper\n|move|p2a: Whimsicott|Moonblast|p1a: Archaludon\n|-damage|p1a: Archaludon|55/100\n|-ability|p1a: Archaludon|Stamina|boost\n|-boost|p1a: Archaludon|def|1\n|move|p2b: Charizard|Heat Wave|p1a: Archaludon|[spread] p1a,p1b\n|-resisted|p1b: Pelipper|1\n|-damage|p1a: Archaludon|26/100\n|-damage|p1b: Pelipper|0 fnt\n|-ability|p1a: Archaludon|Stamina|boost\n|-boost|p1a: Archaludon|def|1\n|faint|p1b: Pelipper\n|move|p1a: Archaludon|Electro Shot||[still]\n|-prepare|p1a: Archaludon|Electro Shot\n|-boost|p1a: Archaludon|spa|1\n|-anim|p1a: Archaludon|Electro Shot|p2b: Charizard\n|-supereffective|p2b: Charizard|1\n|-damage|p2b: Charizard|0 fnt\n|faint|p2b: Charizard\n|\n|-weather|RainDance|[upkeep]\n|-heal|p1a: Archaludon|32/100|[from] item: Leftovers\n|-sideend|p2: Thornlace48812|move: Tailwind\n|upkeep\n|\n|t:|1788324267\n|switch|p2b: Sylveon|Sylveon, L50, F|100/100\n|switch|p1b: Grimmsnarl|Grimmsnarl, L50, M, shiny|100/100\n|turn|5\n|\n|t:|1788324276\n|move|p2a: Whimsicott|Tailwind|p2a: Whimsicott\n|-sidestart|p2: Thornlace48812|move: Tailwind\n|move|p1b: Grimmsnarl|Light Screen|p1b: Grimmsnarl\n|-sidestart|p1: nuzleafshiny|move: Light Screen\n|move|p2b: Sylveon|Hyper Voice|p1b: Grimmsnarl|[spread] p1a,p1b\n|-supereffective|p1b: Grimmsnarl|1\n|-damage|p1a: Archaludon|0 fnt\n|-damage|p1b: Grimmsnarl|46/100\n|faint|p1a: Archaludon\n|\n|-weather|RainDance|[upkeep]\n|upkeep\n|turn|6\n|-message|nuzleafshiny forfeited.\n|\n|win|Thornlace48812\n|raw|nuzleafshiny's rating: 1076 &rarr; <strong>1055</strong><br />(-21 for losing)\n|raw|Thornlace48812's rating: 1084 &rarr; <strong>1111</strong><br />(+27 for winning)\n","uploadtime":1788324286,"views":"2","formatid":"gen9championsvgc2026regmb","rating":1055,"private":0,"password":null}