{"id":"gen9championsvgc2026regmb-2673965173","format":"[Gen 9 Champions] VGC 2026 Reg M-B","players":["UncleCypher","BlackAshura"],"log":"|j|☆UncleCypher\n|j|☆BlackAshura\n|t:|1788282612\n|gametype|doubles\n|player|p1|UncleCypher|zinzolin|1291\n|player|p2|BlackAshura|samsonoak|1227\n|gen|9\n|tier|[Gen 9 Champions] VGC 2026 Reg M-B\n|rated|\n|rule|Species Clause: Limit one of each Pokémon\n|rule|Item Clause: Limit 1 of each item\n|clearpoke\n|poke|p1|Farigiraf, L50, M|\n|poke|p1|Sylveon, L50, F|\n|poke|p1|Camerupt, L50, F|\n|poke|p1|Abomasnow, L50, F|\n|poke|p1|Kingambit, L50, M|\n|poke|p1|Oranguru, L50, F|\n|poke|p2|Metagross, L50, shiny|\n|poke|p2|Lycanroc-Dusk, L50, M, shiny|\n|poke|p2|Dragonite, L50, M|\n|poke|p2|Kingambit, L50, M|\n|poke|p2|Basculegion, L50, M|\n|poke|p2|Whimsicott, L50, F|\n|teampreview|4\n|inactive|Battle timer is ON: inactive players will automatically lose when time's up. (requested by UncleCypher)\n|inactive|UncleCypher has 60 seconds left.\n|inactive|BlackAshura has 60 seconds left.\n|\n|t:|1788282649\n|teamsize|p1|4\n|teamsize|p2|4\n|start\n|switch|p1a: Farigiraf|Farigiraf, L50, M|100/100\n|switch|p1b: Camerupt|Camerupt, L50, F|100/100\n|switch|p2a: Kingambit|Kingambit, L50, M|100/100\n|switch|p2b: Dragonite|Dragonite, L50, M|100/100\n|turn|1\n|inactive|BlackAshura has 30 seconds left.\n|inactive|BlackAshura has 20 seconds left.\n|\n|t:|1788282687\n|detailschange|p2b: Dragonite|Dragonite-Mega, L50, M\n|-mega|p2b: Dragonite|Dragonite|Dragoninite\n|detailschange|p1b: Camerupt|Camerupt-Mega, L50, F\n|-mega|p1b: Camerupt|Camerupt|Cameruptite\n|move|p2b: Dragonite|Dragon Pulse|p1a: Farigiraf\n|-damage|p1a: Farigiraf|48/100\n|move|p2a: Kingambit|Kowtow Cleave|p1a: Farigiraf\n|-supereffective|p1a: Farigiraf|1\n|-enditem|p1a: Farigiraf|Colbur Berry|[eat]\n|-enditem|p1a: Farigiraf|Colbur Berry|[weaken]\n|-damage|p1a: Farigiraf|15/100\n|move|p1b: Camerupt|Earth Power|p2a: Kingambit\n|-supereffective|p2a: Kingambit|1\n|-damage|p2a: Kingambit|0 fnt\n|faint|p2a: Kingambit\n|move|p1a: Farigiraf|Trick Room|p1a: Farigiraf\n|-fieldstart|move: Trick Room|[of] p1a: Farigiraf\n|\n|upkeep\n|\n|t:|1788282702\n|switch|p2a: Basculegion|Basculegion, L50, M|100/100\n|turn|2\n|\n|t:|1788282715\n|move|p2b: Dragonite|Protect|p2b: Dragonite\n|-singleturn|p2b: Dragonite|Protect\n|move|p1b: Camerupt|Earth Power|p2a: Basculegion\n|-damage|p2a: Basculegion|21/100\n|move|p1a: Farigiraf|Thunderbolt|p2a: Basculegion\n|-supereffective|p2a: Basculegion|1\n|-damage|p2a: Basculegion|0 fnt\n|faint|p2a: Basculegion\n|\n|upkeep\n|\n|t:|1788282722\n|switch|p2a: Lycanroc|Lycanroc-Dusk, L50, M, shiny|100/100\n|turn|3\n|\n|t:|1788282747\n|move|p1b: Camerupt|Earth Power|p2a: Lycanroc\n|-supereffective|p2a: Lycanroc|1\n|-enditem|p2a: Lycanroc|Focus Sash\n|-damage|p2a: Lycanroc|1/100\n|move|p1a: Farigiraf|Twin Beam|p2b: Dragonite\n|-damage|p2b: Dragonite|94/100\n|-damage|p2b: Dragonite|81/100\n|-hitcount|p2b: Dragonite|2\n|move|p2b: Dragonite|Dragon Pulse|p1b: Camerupt\n|-damage|p1b: Camerupt|50/100g\n|move|p2a: Lycanroc|Rock Slide|p1a: Farigiraf|[spread] p1a,p1b\n|-damage|p1a: Farigiraf|0 fnt\n|-damage|p1b: Camerupt|18/100\n|faint|p1a: Farigiraf\n|\n|upkeep\n|\n|t:|1788282751\n|switch|p1a: Sylveon|Sylveon, L50, F|100/100\n|turn|4\n|\n|t:|1788282770\n|move|p1b: Camerupt|Protect|p1b: Camerupt\n|-singleturn|p1b: Camerupt|Protect\n|move|p2b: Dragonite|Protect|p2b: Dragonite\n|-singleturn|p2b: Dragonite|Protect\n|move|p1a: Sylveon|Quick Attack|p2a: Lycanroc\n|-crit|p2a: Lycanroc\n|-damage|p2a: Lycanroc|0 fnt\n|faint|p2a: Lycanroc\n|\n|upkeep\n|turn|5\n|-message|BlackAshura forfeited.\n|\n|win|UncleCypher\n","uploadtime":1788282614,"views":"3","formatid":"gen9championsvgc2026regmb","rating":null,"private":0,"password":null}