{"id":"gen9championsvgc2026regmb-2674040049","format":"[Gen 9 Champions] VGC 2026 Reg M-B","players":["mrdrprofessordray","m3troGoonin"],"log":"|j|☆mrdrprofessordray\n|j|☆m3troGoonin\n|t:|1788291404\n|gametype|doubles\n|player|p1|mrdrprofessordray|swimmer-gen4dp|1360\n|player|p2|m3troGoonin|101|1426\n|gen|9\n|tier|[Gen 9 Champions] VGC 2026 Reg M-B\n|rated|\n|rule|Species Clause: Limit one of each Pokémon\n|rule|Item Clause: Limit 1 of each item\n|clearpoke\n|poke|p1|Charizard, L50, F, shiny|\n|poke|p1|Garchomp, L50, F, shiny|\n|poke|p1|Sableye, L50, F, shiny|\n|poke|p1|Basculegion, L50, M, shiny|\n|poke|p1|Meganium, L50, M, shiny|\n|poke|p1|Corviknight, L50, F|\n|poke|p2|Scovillain, L50, M, shiny|\n|poke|p2|Basculegion, L50, M|\n|poke|p2|Kingambit, L50, F|\n|poke|p2|Sneasler, L50, M|\n|poke|p2|Lycanroc-Dusk, L50, F|\n|poke|p2|Froslass, L50, F|\n|teampreview|4\n|inactive|Battle timer is ON: inactive players will automatically lose when time's up. (requested by mrdrprofessordray)\nm3troGoonin has agreed to open team sheets.\n|inactive|m3troGoonin has 60 seconds left.\n|\n|t:|1788291450\n|teamsize|p1|4\n|teamsize|p2|4\n|start\n|switch|p1a: Charizard|Charizard, L50, F, shiny|100/100\n|switch|p1b: Sableye|Sableye, L50, F, shiny|100/100\n|switch|p2a: Lycanroc|Lycanroc-Dusk, L50, F|100/100\n|switch|p2b: Froslass|Froslass, L50, F|100/100\n|turn|1\n|inactive|m3troGoonin has 30 seconds left.\n|\n|t:|1788291477\n|detailschange|p1a: Charizard|Charizard-Mega-X, L50, F, shiny\n|-mega|p1a: Charizard|Charizard|Charizardite X\n|move|p2b: Froslass|Protect|p2b: Froslass\n|-singleturn|p2b: Froslass|Protect\n|move|p1b: Sableye|Reflect|p1b: Sableye\n|-sidestart|p1: mrdrprofessordray|Reflect\n|move|p2a: Lycanroc|Rock Slide|p1b: Sableye|[spread] p1b\n|-miss|p2a: Lycanroc|p1a: Charizard\n|-damage|p1b: Sableye|76/100\n|move|p1a: Charizard|Dragon Dance|p1a: Charizard\n|-boost|p1a: Charizard|atk|1\n|-boost|p1a: Charizard|spe|1\n|\n|upkeep\n|turn|2\n|inactive|m3troGoonin has 30 seconds left.\n|\n|t:|1788291503\n|detailschange|p2b: Froslass|Froslass-Mega, L50, F\n|-mega|p2b: Froslass|Froslass|Froslassite\n|-weather|Snowscape|[from] ability: Snow Warning|[of] p2b: Froslass\n|move|p2a: Lycanroc|Accelerock|p1a: Charizard\n|-supereffective|p1a: Charizard|1\n|-damage|p1a: Charizard|63/100\n|move|p1b: Sableye|Encore|p2b: Froslass\n|-start|p2b: Froslass|Encore\n|move|p2b: Froslass|Protect|p2b: Froslass\n|-singleturn|p2b: Froslass|Protect\n|move|p1a: Charizard|Dragon Claw|p2a: Lycanroc\n|-enditem|p2a: Lycanroc|Focus Sash\n|-damage|p2a: Lycanroc|1/100\n|\n|-weather|Snowscape|[upkeep]\n|upkeep\n|turn|3\n|\n|t:|1788291520\n|switch|p2b: Basculegion|Basculegion, L50, M|100/100\n|move|p2a: Lycanroc|Accelerock|p1a: Charizard\n|-supereffective|p1a: Charizard|1\n|-damage|p1a: Charizard|23/100\n|move|p1b: Sableye|Light Screen|p1b: Sableye\n|-sidestart|p1: mrdrprofessordray|move: Light Screen\n|move|p1a: Charizard|Dragon Claw|p2a: Lycanroc\n|-damage|p2a: Lycanroc|0 fnt\n|faint|p2a: Lycanroc\n|\n|-weather|Snowscape|[upkeep]\n|upkeep\n|\n|t:|1788291532\n|switch|p2a: Kingambit|Kingambit, L50, F|100/100\n|turn|4\n|inactive|m3troGoonin has 30 seconds left.\n|\n|t:|1788291559\n|switch|p1b: Basculegion|Basculegion, L50, M, shiny|100/100\n|move|p1a: Charizard|Protect|p1a: Charizard\n|-singleturn|p1a: Charizard|Protect\n|move|p2b: Basculegion|Aqua Jet|p1a: Charizard\n|-activate|p1a: Charizard|move: Protect\n|move|p2a: Kingambit|Sucker Punch||[still]\n|-fail|p2a: Kingambit\n|\n|-weather|Snowscape|[upkeep]\n|upkeep\n|turn|5\n|\n|t:|1788291579\n|switch|p1a: Sableye|Sableye, L50, F, shiny|76/100\n|move|p1b: Basculegion|Last Respects|p2b: Basculegion\n|-supereffective|p2b: Basculegion|1\n|-damage|p2b: Basculegion|0 fnt\n|faint|p2b: Basculegion\n|-damage|p1b: Basculegion|90/100|[from] item: Life Orb\n|move|p2a: Kingambit|Swords Dance|p2a: Kingambit\n|-boost|p2a: Kingambit|atk|2\n|\n|-weather|Snowscape|[upkeep]\n|upkeep\n|\n|t:|1788291589\n|switch|p2b: Froslass|Froslass-Mega, L50, F|100/100\n|turn|6\n|\n|t:|1788291609\n|move|p2a: Kingambit|Sucker Punch|p1b: Basculegion\n|-supereffective|p1b: Basculegion|1\n|-damage|p1b: Basculegion|0 fnt\n|faint|p1b: Basculegion\n|move|p1a: Sableye|Encore|p2a: Kingambit\n|-hint|Since gen 7, Dark is immune to Prankster moves.\n|-immune|p2a: Kingambit\n|move|p2b: Froslass|Aurora Veil|p2b: Froslass\n|-sidestart|p2: m3troGoonin|move: Aurora Veil\n|\n|-weather|none\n|upkeep\n|\n|t:|1788291623\n|switch|p1b: Garchomp|Garchomp, L50, F, shiny|100/100\n|turn|7\n|\n|t:|1788291628\n|move|p2b: Froslass|Protect|p2b: Froslass\n|-singleturn|p2b: Froslass|Protect\n|move|p1a: Sableye|Encore|p2b: Froslass\n|-activate|p2b: Froslass|move: Protect\n|move|p1b: Garchomp|Stomping Tantrum|p2a: Kingambit\n|-supereffective|p2a: Kingambit|1\n|-damage|p2a: Kingambit|61/100\n|move|p2a: Kingambit|Kowtow Cleave|p1a: Sableye\n|-damage|p1a: Sableye|0 fnt\n|faint|p1a: Sableye\n|\n|upkeep\n|\n|t:|1788291633\n|switch|p1a: Charizard|Charizard-Mega-X, L50, F, shiny|23/100\n|turn|8\n|\n|t:|1788291649\n|move|p2a: Kingambit|Sucker Punch|p1a: Charizard\n|-damage|p1a: Charizard|0 fnt\n|faint|p1a: Charizard\n|move|p1b: Garchomp|Stomping Tantrum|p2b: Froslass\n|-damage|p2b: Froslass|64/100\n|move|p2b: Froslass|Blizzard|p1b: Garchomp|[miss]\n|-miss|p2b: Froslass|p1b: Garchomp\n|\n|-sideend|p1: mrdrprofessordray|Reflect\n|upkeep\n|turn|9\n|inactive|mrdrprofessordray has 30 seconds left.\n|inactive|mrdrprofessordray has 20 seconds left.\n|l|☆mrdrprofessordray\n|inactive|mrdrprofessordray disconnected and has a minute to reconnect!\n|player|p1|\n|inactive|mrdrprofessordray has 15 seconds left.\n|inactive|mrdrprofessordray has 10 seconds left.\n|inactive|mrdrprofessordray has 5 seconds left.\n|-message|mrdrprofessordray lost due to inactivity.\n|\n|win|m3troGoonin\n|raw|mrdrprofessordray's rating: 1360 &rarr; <strong>1344</strong><br />(-16 for losing)\n|raw|m3troGoonin's rating: 1426 &rarr; <strong>1442</strong><br />(+16 for winning)\n","uploadtime":1788291705,"views":"5","formatid":"gen9championsvgc2026regmb","rating":1344,"private":0,"password":null}