{"id":"gen9championsvgc2026regmb-2674106510","format":"[Gen 9 Champions] VGC 2026 Reg M-B","players":["Deadeyez013","Crotolamo67"],"log":"|j|☆Deadeyez013\n|j|☆Crotolamo67\n|t:|1788300019\n|gametype|doubles\n|player|p1|Deadeyez013|102|1271\n|player|p2|Crotolamo67|mina-lgpe|1355\n|gen|9\n|tier|[Gen 9 Champions] VGC 2026 Reg M-B\n|rated|\n|rule|Species Clause: Limit one of each Pokémon\n|rule|Item Clause: Limit 1 of each item\n|clearpoke\n|poke|p1|Scrafty, L50, F|\n|poke|p1|Sneasler, L50, M|\n|poke|p1|Snorlax, L50, M|\n|poke|p1|Sinistcha, L50|\n|poke|p1|Chandelure, L50, M|\n|poke|p1|Farigiraf, L50, F|\n|poke|p2|Raichu, L50, M, shiny|\n|poke|p2|Aerodactyl, L50, M|\n|poke|p2|Kingambit, L50, M, shiny|\n|poke|p2|Basculegion, L50, M, shiny|\n|poke|p2|Ninetales-Alola, L50, M|\n|poke|p2|Tsareena, L50, F, shiny|\n|teampreview|4\n|c|☆Deadeyez013|Shiny tsarena is cool\n|c|☆Crotolamo67|Ty\n|c|☆Crotolamo67|<3\n|inactive|Battle timer is ON: inactive players will automatically lose when time's up. (requested by Crotolamo67)\n|\n|t:|1788300077\n|teamsize|p1|4\n|teamsize|p2|4\n|start\n|switch|p1a: Snorlax|Snorlax, L50, M|100/100\n|switch|p1b: Sneasler|Sneasler, L50, M|100/100\n|switch|p2a: Tsareena|Tsareena, L50, F, shiny|100/100\n|switch|p2b: Kingambit|Kingambit, L50, M, shiny|100/100\n|turn|1\n|\n|t:|1788300093\n|move|p1b: Sneasler|Coaching|p1a: Snorlax\n|-boost|p1a: Snorlax|atk|1\n|-boost|p1a: Snorlax|def|1\n|move|p2a: Tsareena|Low Kick|p1a: Snorlax\n|-supereffective|p1a: Snorlax|1\n|-damage|p1a: Snorlax|58/100\n|move|p2b: Kingambit|Iron Head|p1a: Snorlax\n|-damage|p1a: Snorlax|37/100\n|move|p1a: Snorlax|Curse|p1a: Snorlax\n|-unboost|p1a: Snorlax|spe|1\n|-boost|p1a: Snorlax|atk|1\n|-boost|p1a: Snorlax|def|1\n|\n|-heal|p1a: Snorlax|43/100|[from] item: Leftovers\n|upkeep\n|turn|2\n|\n|t:|1788300115\n|move|p1b: Sneasler|Close Combat|p2b: Kingambit\n|-supereffective|p2b: Kingambit|2\n|-enditem|p2b: Kingambit|Chople Berry|[eat]\n|-enditem|p2b: Kingambit|Chople Berry|[weaken]\n|-damage|p2b: Kingambit|0 fnt\n|-unboost|p1b: Sneasler|def|1\n|-unboost|p1b: Sneasler|spd|1\n|faint|p2b: Kingambit\n|move|p2a: Tsareena|Taunt|p1a: Snorlax\n|-start|p1a: Snorlax|move: Taunt\n|move|p1a: Snorlax|Facade|p2a: Tsareena\n|-damage|p2a: Tsareena|42/100\n|\n|-heal|p1a: Snorlax|49/100|[from] item: Leftovers\n|upkeep\n|\n|t:|1788300136\n|switch|p2b: Aerodactyl|Aerodactyl, L50, M|100/100\n|-ability|p2b: Aerodactyl|Unnerve\n|turn|3\n|\n|t:|1788300147\n|switch|p1b: Sinistcha|Sinistcha, L50|100/100\n|-heal|p1a: Snorlax|74/100|[from] ability: Hospitality|[of] p1b: Sinistcha\n|detailschange|p2b: Aerodactyl|Aerodactyl-Mega, L50, M\n|-mega|p2b: Aerodactyl|Aerodactyl|Aerodactylite\n|move|p2b: Aerodactyl|Dual Wingbeat|p1b: Sinistcha\n|-supereffective|p1b: Sinistcha|1\n|-damage|p1b: Sinistcha|48/100\n|-enditem|p1b: Sinistcha|Sitrus Berry|[eat]\n|-heal|p1b: Sinistcha|73/100|[from] item: Sitrus Berry\n|-supereffective|p1b: Sinistcha|1\n|-damage|p1b: Sinistcha|25/100\n|-hitcount|p1b: Sinistcha|2\n|move|p2a: Tsareena|Low Kick|p1a: Snorlax\n|-supereffective|p1a: Snorlax|1\n|-damage|p1a: Snorlax|41/100\n|move|p1a: Snorlax|Facade|p2a: Tsareena\n|-damage|p2a: Tsareena|0 fnt\n|faint|p2a: Tsareena\n|\n|-heal|p1a: Snorlax|47/100|[from] item: Leftovers\n|upkeep\n|\n|t:|1788300163\n|switch|p2a: Basculegion|Basculegion, L50, M, shiny|100/100\n|turn|4\n|inactive|Deadeyez013 has 30 seconds left.\n|\n|t:|1788300189\n|move|p2b: Aerodactyl|Dual Wingbeat|p1b: Sinistcha\n|-supereffective|p1b: Sinistcha|1\n|-damage|p1b: Sinistcha|0 fnt\n|faint|p1b: Sinistcha\n|-hitcount|p1: Sinistcha|1\n|move|p2a: Basculegion|Wave Crash|p1a: Snorlax\n|-damage|p1a: Snorlax|11/100\n|-damage|p2a: Basculegion|86/100|[from] Recoil\n|-damage|p2a: Basculegion|76/100|[from] item: Life Orb\n|move|p1a: Snorlax|Crunch|p2a: Basculegion\n|-supereffective|p2a: Basculegion|1\n|-damage|p2a: Basculegion|0 fnt\n|faint|p2a: Basculegion\n|\n|-heal|p1a: Snorlax|17/100|[from] item: Leftovers\n|-end|p1a: Snorlax|move: Taunt\n|upkeep\n|\n|t:|1788300209\n|switch|p1b: Sneasler|Sneasler, L50, M|100/100\n|turn|5\n|\n|t:|1788300218\n|move|p2b: Aerodactyl|Protect|p2b: Aerodactyl\n|-singleturn|p2b: Aerodactyl|Protect\n|move|p1b: Sneasler|Close Combat|p2b: Aerodactyl\n|-activate|p2b: Aerodactyl|move: Protect\n|move|p1a: Snorlax|Crunch|p2b: Aerodactyl\n|-activate|p2b: Aerodactyl|move: Protect\n|\n|-heal|p1a: Snorlax|22/100|[from] item: Leftovers\n|upkeep\n|turn|6\n|\n|t:|1788300226\n|move|p2b: Aerodactyl|Rock Slide|p1a: Snorlax|[spread] p1a,p1b\n|-resisted|p1b: Sneasler|1\n|-damage|p1a: Snorlax|13/100\n|-damage|p1b: Sneasler|82/100\n|move|p1b: Sneasler|Close Combat|p2b: Aerodactyl\n|-damage|p2b: Aerodactyl|10/100\n|-unboost|p1b: Sneasler|def|1\n|-unboost|p1b: Sneasler|spd|1\n|-status|p2b: Aerodactyl|psn|[from] ability: Poison Touch|[of] p1b: Sneasler\n|cant|p1a: Snorlax|flinch\n|\n|-heal|p1a: Snorlax|19/100|[from] item: Leftovers\n|-damage|p2b: Aerodactyl|0 fnt|[from] psn\n|faint|p2b: Aerodactyl\n|\n|win|Deadeyez013\n","uploadtime":1788300022,"views":"0","formatid":"gen9championsvgc2026regmb","rating":null,"private":0,"password":null}