{"id":"gen9championsvgc2026regmbbo3-2673553045","format":"[Gen 9 Champions] VGC 2026 Reg M-B (Bo3)","players":["lux raymundi","TradersJoe"],"log":"|j|☆lux raymundi\n|j|☆TradersJoe\n|html|<table width=\"100%\"><tr><td align=\"left\">lux raymundi</td><td align=\"right\">TradersJoe</tr><tr><td align=\"left\"><i class=\"fa fa-circle-o\"></i> <i class=\"fa fa-circle-o\"></i> </td><td align=\"right\"><i class=\"fa fa-circle-o\"></i> <i class=\"fa fa-circle\"></i> </tr></table>\n|uhtml|bestof|<h2><strong>Game 2</strong> of <a href=\"/game-bestof3-gen9championsvgc2026regmbbo3-2673551726\">a best-of-3</a></h2>\n|t:|1788212233\n|gametype|doubles\n|player|p1|lux raymundi|265|1406\n|player|p2|TradersJoe|1|1433\n|gen|9\n|tier|[Gen 9 Champions] VGC 2026 Reg M-B (Bo3)\n|rated|\n|rule|Species Clause: Limit one of each Pokémon\n|rule|Item Clause: Limit 1 of each item\n|clearpoke\n|poke|p1|Staraptor, L50, M|\n|poke|p1|Arcanine-Hisui, L50, F|\n|poke|p1|Kingambit, L50, M|\n|poke|p1|Raichu, L50, F|\n|poke|p1|Farigiraf, L50, M|\n|poke|p1|Sylveon, L50, M|\n|poke|p2|Dragonite, L50, F|\n|poke|p2|Venusaur, L50, F|\n|poke|p2|Torkoal, L50, M|\n|poke|p2|Incineroar, L50, F|\n|poke|p2|Starmie, L50, shiny|\n|poke|p2|Kingambit, L50, M|\n|teampreview|4\n|showteam|p1|Staraptor||Staraptite|Intimidate|BraveBird,CloseCombat,Tailwind,Protect|Jolly||M|||50|]Arcanine-Hisui||FocusSash|RockHead|FlareBlitz,HeadSmash,ExtremeSpeed,Protect|Jolly||F|||50|]Kingambit||LifeOrb|Defiant|KowtowCleave,SuckerPunch,SwordsDance,Protect|Adamant||M|||50|]Raichu||RaichuniteY|LightningRod|ZapCannon,FocusBlast,FakeOut,Protect|Timid||F|||50|]Farigiraf||SitrusBerry|ArmorTail|TwinBeam,HelpingHand,TrickRoom,Protect|Calm||M|||50|]Sylveon||FairyFeather|Pixilate|HyperVoice,HyperBeam,QuickAttack,Detect|Modest||M|||50|\n|showteam|p2|Dragonite||Dragoninite|Multiscale|Protect,HeatWave,Thunderbolt,DragonPulse|Modest||F|||50|]Venusaur||LifeOrb|Chlorophyll|Protect,EarthPower,SludgeBomb,LeafStorm|Modest||F|||50|]Torkoal||Leftovers|Drought|Protect,HelpingHand,Yawn,WeatherBall|Sassy||M|||50|]Incineroar||SitrusBerry|Intimidate|FakeOut,HelpingHand,PartingShot,FlareBlitz|Careful||F|||50|]Starmie||Starminite|NaturalCure|Protect,AquaJet,IceSpinner,PsychoCut|Adamant|||||50|]Kingambit||FocusSash|Defiant|LowKick,SuckerPunch,KowtowCleave,IronHead|Adamant||M|||50|\n|inactive|Battle timer is ON: inactive players will automatically lose when time's up. (requested by TradersJoe)\n|\n|t:|1788212274\n|teamsize|p1|4\n|teamsize|p2|4\n|start\n|switch|p1a: Arcanine|Arcanine-Hisui, L50, F|100/100\n|switch|p1b: Staraptor|Staraptor, L50, M|100/100\n|switch|p2a: Venusaur|Venusaur, L50, F|100/100\n|switch|p2b: Torkoal|Torkoal, L50, M|100/100\n|-ability|p1b: Staraptor|Intimidate|boost\n|-unboost|p2a: Venusaur|atk|1\n|-unboost|p2b: Torkoal|atk|1\n|-weather|SunnyDay|[from] ability: Drought|[of] p2b: Torkoal\n|turn|1\n|\n|t:|1788212297\n|switch|p2a: Incineroar|Incineroar, L50, F|100/100\n|-ability|p2a: Incineroar|Intimidate|boost\n|-unboost|p1a: Arcanine|atk|1\n|-unboost|p1b: Staraptor|atk|1\n|detailschange|p1b: Staraptor|Staraptor-Mega, L50, M\n|-mega|p1b: Staraptor|Staraptor|Staraptite\n|move|p1b: Staraptor|Close Combat|p2a: Incineroar\n|-supereffective|p2a: Incineroar|1\n|-damage|p2a: Incineroar|30/100\n|-boost|p1b: Staraptor|def|1\n|-boost|p1b: Staraptor|spd|1\n|-enditem|p2a: Incineroar|Sitrus Berry|[eat]\n|-heal|p2a: Incineroar|55/100|[from] item: Sitrus Berry\n|move|p1a: Arcanine|Head Smash|p2b: Torkoal\n|-supereffective|p2b: Torkoal|1\n|-damage|p2b: Torkoal|31/100\n|move|p2b: Torkoal|Yawn|p1b: Staraptor\n|-start|p1b: Staraptor|move: Yawn|[of] p2b: Torkoal\n|\n|-weather|SunnyDay|[upkeep]\n|-heal|p2b: Torkoal|37/100|[from] item: Leftovers\n|upkeep\n|turn|2\n|\n|t:|1788212320\n|move|p2a: Incineroar|Fake Out|p1a: Arcanine\n|-resisted|p1a: Arcanine|1\n|-damage|p1a: Arcanine|93/100\n|move|p1b: Staraptor|Close Combat|p2b: Torkoal\n|-damage|p2b: Torkoal|7/100\n|-boost|p1b: Staraptor|def|1\n|-boost|p1b: Staraptor|spd|1\n|cant|p1a: Arcanine|flinch\n|move|p2b: Torkoal|Weather Ball|p1b: Staraptor\n|-damage|p1b: Staraptor|73/100\n|\n|-weather|SunnyDay|[upkeep]\n|-heal|p2b: Torkoal|14/100|[from] item: Leftovers\n|-end|p1b: Staraptor|move: Yawn|[silent]\n|-status|p1b: Staraptor|slp\n|upkeep\n|turn|3\n|\n|t:|1788212333\n|move|p1a: Arcanine|Protect|p1a: Arcanine\n|-singleturn|p1a: Arcanine|Protect\n|cant|p1b: Staraptor|slp\n|move|p2a: Incineroar|Parting Shot|p1a: Arcanine\n|-activate|p1a: Arcanine|move: Protect\n|move|p2b: Torkoal|Yawn|p1a: Arcanine\n|-activate|p1a: Arcanine|move: Protect\n|\n|-weather|SunnyDay|[upkeep]\n|-heal|p2b: Torkoal|20/100y|[from] item: Leftovers\n|upkeep\n|turn|4\n|\n|t:|1788212346\n|cant|p1b: Staraptor|slp\n|move|p1a: Arcanine|Head Smash|p2a: Incineroar|[miss]\n|-miss|p1a: Arcanine|p2a: Incineroar\n|move|p2a: Incineroar|Parting Shot|p1a: Arcanine\n|-unboost|p1a: Arcanine|atk|1\n|-unboost|p1a: Arcanine|spa|1\n|\n|t:|1788212351\n|switch|p2a: Starmie|Starmie, L50, shiny|100/100|[from] Parting Shot\n|move|p2b: Torkoal|Yawn|p1a: Arcanine\n|-start|p1a: Arcanine|move: Yawn|[of] p2b: Torkoal\n|\n|-weather|SunnyDay|[upkeep]\n|-heal|p2b: Torkoal|26/100|[from] item: Leftovers\n|upkeep\n|turn|5\n|\n|t:|1788212365\n|switch|p1b: Kingambit|Kingambit, L50, M|100/100\n|switch|p2b: Incineroar|Incineroar, L50, F|55/100\n|-ability|p2b: Incineroar|Intimidate|boost\n|-unboost|p1a: Arcanine|atk|1\n|-unboost|p1b: Kingambit|atk|1\n|-ability|p1b: Kingambit|Defiant|boost\n|-boost|p1b: Kingambit|atk|2\n|detailschange|p2a: Starmie|Starmie-Mega, L50, shiny\n|-mega|p2a: Starmie|Starmie|Starminite\n|move|p2a: Starmie|Psycho Cut|p1b: Kingambit\n|-immune|p1b: Kingambit\n|move|p1a: Arcanine|Head Smash|p2b: Incineroar\n|-supereffective|p2b: Incineroar|1\n|-damage|p2b: Incineroar|7/100\n|\n|-weather|none\n|-end|p1a: Arcanine|move: Yawn|[silent]\n|-status|p1a: Arcanine|slp\n|upkeep\n|turn|6\n|\n|t:|1788212382\n|switch|p1b: Sylveon|Sylveon, L50, M|100/100\n|cant|p1a: Arcanine|slp\n|move|p2b: Incineroar|Fake Out|p1b: Sylveon\n|-damage|p1b: Sylveon|88/100\n|move|p2a: Starmie|Aqua Jet|p1a: Arcanine\n|-supereffective|p1a: Arcanine|2\n|-damage|p1a: Arcanine|0 fnt\n|faint|p1a: Arcanine\n|\n|upkeep\n|\n|t:|1788212388\n|switch|p1a: Kingambit|Kingambit, L50, M|100/100\n|turn|7\n|\n|t:|1788212399\n|switch|p2b: Torkoal|Torkoal, L50, M|26/100\n|-weather|SunnyDay|[from] ability: Drought|[of] p2b: Torkoal\n|move|p2a: Starmie|Protect|p2a: Starmie\n|-singleturn|p2a: Starmie|Protect\n|move|p1b: Sylveon|Hyper Voice|p2a: Starmie|[spread] p2b\n|-activate|p2a: Starmie|move: Protect\n|-resisted|p2b: Torkoal|1\n|-damage|p2b: Torkoal|5/100\n|move|p1a: Kingambit|Swords Dance|p1a: Kingambit\n|-boost|p1a: Kingambit|atk|2\n|\n|-weather|SunnyDay|[upkeep]\n|-heal|p2b: Torkoal|11/100|[from] item: Leftovers\n|upkeep\n|turn|8\n|\n|t:|1788212417\n|move|p2b: Torkoal|Helping Hand|p2a: Starmie\n|-singleturn|p2a: Starmie|Helping Hand|[of] p2b: Torkoal\n|move|p1a: Kingambit|Sucker Punch|p2a: Starmie\n|-supereffective|p2a: Starmie|1\n|-damage|p2a: Starmie|0 fnt\n|faint|p2a: Starmie\n|-damage|p1a: Kingambit|90/100|[from] item: Life Orb\n|move|p1b: Sylveon|Hyper Voice|p2b: Torkoal\n|-resisted|p2b: Torkoal|1\n|-damage|p2b: Torkoal|0 fnt\n|faint|p2b: Torkoal\n|\n|-weather|SunnyDay|[upkeep]\n|upkeep\n|-message|TradersJoe forfeited.\n|\n|win|lux raymundi\n","uploadtime":1788212423,"views":"1","formatid":"gen9championsvgc2026regmbbo3","rating":null,"private":0,"password":null}