{"id":"gen9championsvgc2026regmbbo3-2673832270","format":"[Gen 9 Champions] VGC 2026 Reg M-B (Bo3)","players":["humania1","gyaggya2"],"log":"|j|☆humania1\n|j|☆gyaggya2\n|html|<table width=\"100%\"><tr><td align=\"left\">humania1</td><td align=\"right\">gyaggya2</tr><tr><td align=\"left\"><i class=\"fa fa-circle-o\"></i> <i class=\"fa fa-circle-o\"></i> </td><td align=\"right\"><i class=\"fa fa-circle-o\"></i> <i class=\"fa fa-circle-o\"></i> </tr></table>\n|uhtml|bestof|<h2><strong>Game 1</strong> of <a href=\"/game-bestof3-gen9championsvgc2026regmbbo3-2673832269\">a best-of-3</a></h2>\n|t:|1788265512\n|gametype|doubles\n|player|p1|humania1|265|1067\n|player|p2|gyaggya2|cynthia-gen4|1157\n|gen|9\n|tier|[Gen 9 Champions] VGC 2026 Reg M-B (Bo3)\n|rated|\n|rule|Species Clause: Limit one of each Pokémon\n|rule|Item Clause: Limit 1 of each item\n|clearpoke\n|poke|p1|Blastoise, L50, M|\n|poke|p1|Delphox, L50, M, shiny|\n|poke|p1|Incineroar, L50, M|\n|poke|p1|Sinistcha, L50|\n|poke|p1|Sneasler, L50, M|\n|poke|p1|Vivillon, L50, M|\n|poke|p2|Clefable, L50, M|\n|poke|p2|Sableye, L50, M|\n|poke|p2|Corviknight, L50, M|\n|poke|p2|Gyarados, L50, M|\n|poke|p2|Sinistcha, L50|\n|poke|p2|Lycanroc-Dusk, L50, M|\n|teampreview|4\n|showteam|p1|Blastoise||Blastoisinite|Torrent|Protect,ShellSmash,WaterSpout,DarkPulse|Modest||M|||50|]Delphox||Delphoxite|Blaze|Protect,HeatWave,Psyshock,NastyPlot|Timid||M|||50|]Incineroar||PasshoBerry|Intimidate|FakeOut,PartingShot,FlareBlitz,ThroatChop|Impish||M|||50|]Sinistcha||SitrusBerry|Hospitality|Protect,MatchaGotcha,TrickRoom,RagePowder|Bold|||||50|]Sneasler||FocusSash|PoisonTouch|QuickGuard,FakeOut,CloseCombat,DireClaw|Jolly||M|||50|]Vivillon||ChoiceScarf|CompoundEyes|Hurricane,SleepPowder,RagePowder,Uturn|Timid||M|||50|\n|showteam|p2|Clefable||Clefablite|MagicGuard|Moonblast,Sing,FollowMe,AirSlash|Modest||M|||50|]Sableye||RoseliBerry|Prankster|Gravity,Disable,SkillSwap,FoulPlay|Bold||M|||50|]Corviknight||Leftovers|MirrorArmor|BodyPress,IronDefense,BraveBird,Roost|Careful||M|||50|]Gyarados||Gyaradosite|Intimidate|DragonDance,Waterfall,Crunch,Protect|Jolly||M|||50|]Sinistcha||SitrusBerry|Hospitality|TrickRoom,MatchaGotcha,Protect,RagePowder|Relaxed|||||50|]Lycanroc-Dusk||FocusSash|ToughClaws|Accelerock,RockSlide,CloseCombat,Protect|Jolly||M|||50|\n|inactive|Battle timer is ON: inactive players will automatically lose when time's up. (requested by humania1)\n|inactive|gyaggya2 also wants the timer to be on.\n|\n|t:|1788265540\n|teamsize|p1|4\n|teamsize|p2|4\n|start\n|switch|p1a: Blastoise|Blastoise, L50, M|100/100\n|switch|p1b: Incineroar|Incineroar, L50, M|100/100\n|switch|p2a: Clefable|Clefable, L50, M|100/100\n|switch|p2b: Sableye|Sableye, L50, M|100/100\n|-ability|p1b: Incineroar|Intimidate|boost\n|-unboost|p2a: Clefable|atk|1\n|-unboost|p2b: Sableye|atk|1\n|turn|1\n|\n|t:|1788265557\n|detailschange|p1a: Blastoise|Blastoise-Mega, L50, M\n|-mega|p1a: Blastoise|Blastoise|Blastoisinite\n|detailschange|p2a: Clefable|Clefable-Mega, L50, M\n|-mega|p2a: Clefable|Clefable|Clefablite\n|move|p1b: Incineroar|Fake Out|p2a: Clefable\n|-damage|p2a: Clefable|91/100\n|move|p2b: Sableye|Gravity|p2b: Sableye\n|-fieldstart|move: Gravity\n|move|p1a: Blastoise|Water Spout|p2a: Clefable|[spread] p2a,p2b\n|-damage|p2a: Clefable|44/100\n|-damage|p2b: Sableye|13/100\n|cant|p2a: Clefable|flinch\n|\n|upkeep\n|turn|2\n|\n|t:|1788265567\n|move|p2b: Sableye|Skill Swap|p2a: Clefable\n|-activate|p2b: Sableye|Skill Swap|||[of] p2a: Clefable\n|-hint|Skill Swap does not announce the abilities of the Pokémon when used between allies.\n|move|p2a: Clefable|Sing|p1a: Blastoise\n|-status|p1a: Blastoise|slp|[from] move: Sing\n|cant|p1a: Blastoise|slp\n|move|p1b: Incineroar|Flare Blitz|p2b: Sableye\n|-damage|p2b: Sableye|0 fnt\n|faint|p2b: Sableye\n|-damage|p1b: Incineroar|96/100|[from] Recoil\n|\n|upkeep\n|\n|t:|1788265575\n|switch|p2b: Sinistcha|Sinistcha, L50|100/100\n|-heal|p2a: Clefable|68/100|[from] ability: Hospitality|[of] p2b: Sinistcha\n|turn|3\n|\n|t:|1788265598\n|move|p2a: Clefable|Sing|p1b: Incineroar\n|-hint|Since gen 7, Dark is immune to Prankster moves.\n|-immune|p1b: Incineroar\n|cant|p1a: Blastoise|slp\n|move|p1b: Incineroar|Flare Blitz|p2b: Sinistcha\n|-supereffective|p2b: Sinistcha|1\n|-damage|p2b: Sinistcha|21/100\n|-enditem|p2b: Sinistcha|Sitrus Berry|[eat]\n|-heal|p2b: Sinistcha|46/100|[from] item: Sitrus Berry\n|-damage|p1b: Incineroar|73/100|[from] Recoil\n|move|p2b: Sinistcha|Matcha Gotcha|p1b: Incineroar|[spread] p1a,p1b\n|-supereffective|p1a: Blastoise|1\n|-resisted|p1b: Incineroar|1\n|-damage|p1a: Blastoise|51/100 slp\n|-heal|p2b: Sinistcha|67/100|[from] drain|[of] p1a: Blastoise\n|-damage|p1b: Incineroar|62/100\n|-heal|p2b: Sinistcha|74/100|[from] drain|[of] p1b: Incineroar\n|\n|upkeep\n|turn|4\n|\n|t:|1788265614\n|-curestatus|p1a: Blastoise|slp|[msg]\n|move|p1a: Blastoise|Water Spout|p2a: Clefable|[spread] p2a,p2b\n|-resisted|p2b: Sinistcha|1\n|-damage|p2a: Clefable|47/100\n|-damage|p2b: Sinistcha|58/100\n|move|p1b: Incineroar|Throat Chop|p2b: Sinistcha\n|-supereffective|p2b: Sinistcha|1\n|-damage|p2b: Sinistcha|1/100\n|-start|p2b: Sinistcha|Throat Chop|[silent]\n|move|p2a: Clefable|Air Slash|p1a: Blastoise\n|-damage|p1a: Blastoise|17/100\n|move|p2b: Sinistcha|Matcha Gotcha|p1b: Incineroar|[spread] p1a,p1b\n|-supereffective|p1a: Blastoise|1\n|-resisted|p1b: Incineroar|1\n|-damage|p1a: Blastoise|0 fnt\n|-heal|p2b: Sinistcha|8/100|[from] drain|[of] p1a: Blastoise\n|-damage|p1b: Incineroar|50/100y\n|-heal|p2b: Sinistcha|15/100|[from] drain|[of] p1b: Incineroar\n|faint|p1a: Blastoise\n|\n|upkeep\n|\n|t:|1788265615\n|switch|p1a: Sinistcha|Sinistcha, L50|100/100\n|-heal|p1b: Incineroar|74/100|[from] ability: Hospitality|[of] p1a: Sinistcha\n|turn|5\n|\n|t:|1788265638\n|move|p2b: Sinistcha|Protect|p2b: Sinistcha\n|-singleturn|p2b: Sinistcha|Protect\n|move|p2a: Clefable|Sing|p1a: Sinistcha\n|-status|p1a: Sinistcha|slp|[from] move: Sing\n|move|p1b: Incineroar|Flare Blitz|p2a: Clefable\n|-damage|p2a: Clefable|11/100\n|-damage|p1b: Incineroar|62/100|[from] Recoil\n|cant|p1a: Sinistcha|slp\n|\n|-end|p2b: Sinistcha|Throat Chop|[silent]\n|-fieldend|move: Gravity\n|upkeep\n|turn|6\n|\n|t:|1788265646\n|move|p2b: Sinistcha|Rage Powder|p2b: Sinistcha\n|-singleturn|p2b: Sinistcha|move: Rage Powder\n|move|p1b: Incineroar|Throat Chop|p2b: Sinistcha\n|-supereffective|p2b: Sinistcha|1\n|-damage|p2b: Sinistcha|0 fnt\n|faint|p2b: Sinistcha\n|move|p2a: Clefable|Air Slash|p1a: Sinistcha\n|-supereffective|p1a: Sinistcha|1\n|-damage|p1a: Sinistcha|34/100 slp\n|-enditem|p1a: Sinistcha|Sitrus Berry|[eat]\n|-heal|p1a: Sinistcha|59/100 slp|[from] item: Sitrus Berry\n|-curestatus|p1a: Sinistcha|slp|[msg]\n|move|p1a: Sinistcha|Matcha Gotcha|p2a: Clefable\n|-resisted|p2a: Clefable|1\n|-damage|p2a: Clefable|0 fnt\n|-heal|p1a: Sinistcha|65/100|[from] drain|[of] p2a: Clefable\n|faint|p2a: Clefable\n|\n|upkeep\n|\n|t:|1788265655\n|switch|p2b: Lycanroc|Lycanroc-Dusk, L50, M|100/100\n|turn|7\n|\n|t:|1788265657\n|move|p2b: Lycanroc|Rock Slide|p1a: Sinistcha|[spread] p1a,p1b\n|-supereffective|p1b: Incineroar|1\n|-damage|p1a: Sinistcha|43/100\n|-damage|p1b: Incineroar|14/100\n|move|p1b: Incineroar|Throat Chop|p2b: Lycanroc\n|-damage|p2b: Lycanroc|50/100y\n|-start|p2b: Lycanroc|Throat Chop|[silent]\n|move|p1a: Sinistcha|Matcha Gotcha|p2b: Lycanroc|[miss]\n|-miss|p1a: Sinistcha|p2b: Lycanroc\n|\n|upkeep\n|turn|8\n|\n|t:|1788265661\n|move|p2b: Lycanroc|Rock Slide|p1a: Sinistcha|[spread] p1a,p1b\n|-supereffective|p1b: Incineroar|1\n|-damage|p1a: Sinistcha|17/100\n|-damage|p1b: Incineroar|0 fnt\n|faint|p1b: Incineroar\n|move|p1a: Sinistcha|Matcha Gotcha|p2b: Lycanroc\n|-supereffective|p2b: Lycanroc|1\n|-damage|p2b: Lycanroc|0 fnt\n|-heal|p1a: Sinistcha|39/100|[from] drain|[of] p2b: Lycanroc\n|faint|p2b: Lycanroc\n|\n|win|humania1\n","uploadtime":1788265661,"views":"2","formatid":"gen9championsvgc2026regmbbo3","rating":null,"private":0,"password":null}