{"id":"gen9championsvgc2026regmb-2674218064","format":"[Gen 9 Champions] VGC 2026 Reg M-B","players":["Arsenic2809","WE HIGH ASH"],"log":"|j|☆Arsenic2809\n|j|☆WE HIGH ASH\n|t:|1788317283\n|gametype|doubles\n|player|p1|Arsenic2809|caitlin|1106\n|player|p2|WE HIGH ASH|pokemonbreederf-gen4|1041\n|gen|9\n|tier|[Gen 9 Champions] VGC 2026 Reg M-B\n|rated|\n|rule|Species Clause: Limit one of each Pokémon\n|rule|Item Clause: Limit 1 of each item\n|clearpoke\n|poke|p1|Toxapex, L50, M, shiny|\n|poke|p1|Glimmora, L50, F, shiny|\n|poke|p1|Incineroar, L50, F, shiny|\n|poke|p1|Rotom-Wash, L50, shiny|\n|poke|p1|Sinistcha, L50, shiny|\n|poke|p1|Venusaur, L50, F, shiny|\n|poke|p2|Tsareena, L50, F|\n|poke|p2|Froslass, L50, F|\n|poke|p2|Ninetales-Alola, L50, M|\n|poke|p2|Meganium, L50, F|\n|poke|p2|Basculegion-F, L50, F|\n|poke|p2|Sneasler, L50, F|\n|teampreview|4\n|inactive|Battle timer is ON: inactive players will automatically lose when time's up. (requested by Arsenic2809)\n|c|☆Arsenic2809|hi\n|c|☆WE HIGH ASH|hello!\n|inactive|WE HIGH ASH has 60 seconds left.\n|inactive|WE HIGH ASH has 30 seconds left.\n|c|☆Arsenic2809|all the best :D\n|inactive|WE HIGH ASH has 20 seconds left.\n|inactive|WE HIGH ASH has 15 seconds left.\n|inactive|WE HIGH ASH has 10 seconds left.\n|\n|t:|1788317367\n|teamsize|p1|4\n|teamsize|p2|4\n|start\n|switch|p1a: Glimmora|Glimmora, L50, F, shiny|100/100\n|switch|p1b: Incineroar|Incineroar, L50, F, shiny|100/100\n|switch|p2a: Ninetales|Ninetales-Alola, L50, M|100/100\n|switch|p2b: Sneasler|Sneasler, L50, F|100/100\n|-weather|Snowscape|[from] ability: Snow Warning|[of] p2a: Ninetales\n|-ability|p1b: Incineroar|Intimidate|boost\n|-unboost|p2a: Ninetales|atk|1\n|-unboost|p2b: Sneasler|atk|1\n|-enditem|p2b: Sneasler|White Herb\n|-clearnegativeboost|p2b: Sneasler|[silent]\n|turn|1\n|c|☆WE HIGH ASH|glhf :3\n|\n|t:|1788317392\n|move|p2b: Sneasler|Fake Out|p1b: Incineroar\n|-damage|p1b: Incineroar|86/100\n|cant|p1b: Incineroar|flinch\n|move|p2a: Ninetales|Aurora Veil|p2a: Ninetales\n|-sidestart|p2: WE HIGH ASH|move: Aurora Veil\n|move|p1a: Glimmora|Mortal Spin|p2a: Ninetales|[spread] p2a,p2b\n|-supereffective|p2a: Ninetales|1\n|-resisted|p2b: Sneasler|1\n|-damage|p2a: Ninetales|95/100\n|-damage|p2b: Sneasler|97/100\n|-status|p2a: Ninetales|psn\n|\n|-weather|Snowscape|[upkeep]\n|-damage|p2a: Ninetales|83/100 psn|[from] psn\n|upkeep\n|turn|2\n|c|☆Arsenic2809|glhf??\n|inactive|Arsenic2809 has 30 seconds left.\n|inactive|WE HIGH ASH has 30 seconds left.\n|inactive|WE HIGH ASH has 20 seconds left.\n|inactive|WE HIGH ASH has 15 seconds left.\n|\n|t:|1788317434\n|move|p2b: Sneasler|Close Combat|p1b: Incineroar\n|-supereffective|p1b: Incineroar|1\n|-enditem|p1b: Incineroar|Chople Berry|[eat]\n|-enditem|p1b: Incineroar|Chople Berry|[weaken]\n|-damage|p1b: Incineroar|28/100\n|-unboost|p2b: Sneasler|def|1\n|-unboost|p2b: Sneasler|spd|1\n|move|p2a: Ninetales|Blizzard|p1a: Glimmora|[spread] p1a,p1b\n|-resisted|p1b: Incineroar|1\n|-damage|p1a: Glimmora|75/100\n|-damage|p1b: Incineroar|19/100\n|move|p1a: Glimmora|Venoshock|p2a: Ninetales\n|-supereffective|p2a: Ninetales|1\n|-crit|p2a: Ninetales\n|-damage|p2a: Ninetales|0 fnt\n|faint|p2a: Ninetales\n|move|p1b: Incineroar|Will-O-Wisp|p2b: Sneasler\n|-status|p2b: Sneasler|brn\n|\n|-weather|Snowscape|[upkeep]\n|-damage|p2b: Sneasler|91/100 brn|[from] brn\n|upkeep\n|\n|t:|1788317448\n|switch|p2a: Basculegion|Basculegion-F, L50, F|100/100\n|turn|3\n|c|☆Arsenic2809|CHOPLE BERRY!!! YESSS FINALLYY!!!!\n|c|☆WE HIGH ASH|r u 12\n|c|☆Arsenic2809|no\n|c|☆Arsenic2809|why?\n|inactive|WE HIGH ASH has 30 seconds left.\n|c|☆WE HIGH ASH|because you're acting like it\n|\n|t:|1788317479\n|switch|p1b: Sinistcha|Sinistcha, L50, shiny|100/100\n|-heal|p1a: Glimmora|100/100|[from] ability: Hospitality|[of] p1b: Sinistcha\n|move|p1a: Glimmora|Spiky Shield|p1a: Glimmora\n|-singleturn|p1a: Glimmora|move: Protect\n|move|p2b: Sneasler|Dire Claw|p1a: Glimmora\n|-activate|p1a: Glimmora|move: Protect\n|-damage|p2b: Sneasler|79/100 brn|[from] Spiky Shield|[of] p1a: Glimmora\n|move|p2a: Basculegion|Blizzard|p1b: Sinistcha|[spread] p1b\n|-activate|p1a: Glimmora|move: Protect\n|-supereffective|p1b: Sinistcha|1\n|-damage|p1b: Sinistcha|42/100\n|\n|-weather|Snowscape|[upkeep]\n|-heal|p1b: Sinistcha|48/100|[from] item: Leftovers\n|-damage|p2b: Sneasler|73/100 brn|[from] brn\n|upkeep\n|turn|4\n|c|☆Arsenic2809|oh my bad\n|inactive|Arsenic2809 has 30 seconds left.\n|inactive|Arsenic2809 has 20 seconds left.\n|\n|t:|1788317517\n|move|p2b: Sneasler|Dire Claw|p1a: Glimmora\n|-resisted|p1a: Glimmora|2\n|-damage|p1a: Glimmora|94/100\n|-activate|p1a: Glimmora|ability: Toxic Debris\n|-sidestart|p2: WE HIGH ASH|move: Toxic Spikes\n|move|p2a: Basculegion|Blizzard|p1a: Glimmora|[spread] p1a,p1b\n|-supereffective|p1b: Sinistcha|1\n|-damage|p1a: Glimmora|69/100\n|-damage|p1b: Sinistcha|0 fnt\n|faint|p1b: Sinistcha\n|move|p1a: Glimmora|Mortal Spin|p2b: Sneasler|[spread] p2a,p2b\n|-resisted|p2a: Basculegion|1\n|-crit|p2a: Basculegion\n|-resisted|p2b: Sneasler|1\n|-damage|p2a: Basculegion|95/100\n|-damage|p2b: Sneasler|69/100 brn\n|-status|p2a: Basculegion|psn\n|\n|-weather|Snowscape|[upkeep]\n|-damage|p2a: Basculegion|83/100 psn|[from] psn\n|-damage|p2b: Sneasler|63/100 brn|[from] brn\n|upkeep\n|\n|t:|1788317534\n|switch|p1b: Incineroar|Incineroar, L50, F, shiny|19/100\n|-ability|p1b: Incineroar|Intimidate|boost\n|-unboost|p2a: Basculegion|atk|1\n|-unboost|p2b: Sneasler|atk|1\n|turn|5\n|\n|t:|1788317540\n|move|p1a: Glimmora|Spiky Shield|p1a: Glimmora\n|-singleturn|p1a: Glimmora|move: Protect\n|move|p1b: Incineroar|Fake Out|p2b: Sneasler\n|-damage|p2b: Sneasler|45/100 brn\n|cant|p2b: Sneasler|flinch\n|move|p2a: Basculegion|Blizzard|p1b: Incineroar|[spread] p1b\n|-activate|p1a: Glimmora|move: Protect\n|-resisted|p1b: Incineroar|1\n|-damage|p1b: Incineroar|11/100\n|\n|-weather|none\n|-damage|p2a: Basculegion|71/100 psn|[from] psn\n|-damage|p2b: Sneasler|40/100 brn|[from] brn\n|upkeep\n|turn|6\n|\n|t:|1788317559\n|switch|p1a: Toxapex|Toxapex, L50, M, shiny|100/100\n|move|p2b: Sneasler|Close Combat|p1b: Incineroar\n|-supereffective|p1b: Incineroar|1\n|-damage|p1b: Incineroar|0 fnt\n|-unboost|p2b: Sneasler|def|1\n|-unboost|p2b: Sneasler|spd|1\n|faint|p1b: Incineroar\n|move|p2a: Basculegion|Blizzard|p1a: Toxapex\n|-resisted|p1a: Toxapex|1\n|-damage|p1a: Toxapex|87/100\n|\n|-damage|p2a: Basculegion|58/100 psn|[from] psn\n|-damage|p2b: Sneasler|34/100 brn|[from] brn\n|upkeep\n|c|☆Arsenic2809|r u choice banded or smthn?\n|\n|t:|1788317574\n|switch|p1b: Glimmora|Glimmora, L50, F, shiny|69/100\n|turn|7\n|\n|t:|1788317594\n|switch|p2a: Meganium|Meganium, L50, F|100/100\n|-status|p2a: Meganium|psn\n|move|p1b: Glimmora|Spiky Shield|p1b: Glimmora\n|-singleturn|p1b: Glimmora|move: Protect\n|move|p2b: Sneasler|Dire Claw|p1a: Toxapex\n|-resisted|p1a: Toxapex|1\n|-damage|p1a: Toxapex|82/100\n|-status|p1a: Toxapex|par\n|move|p1a: Toxapex|Infestation|p2a: Meganium\n|-supereffective|p2a: Meganium|1\n|-damage|p2a: Meganium|95/100 psn\n|-activate|p2a: Meganium|move: Infestation|[of] p1a: Toxapex\n|\n|-damage|p2a: Meganium|83/100 psn|[from] psn\n|-damage|p2b: Sneasler|28/100 brn|[from] brn\n|-damage|p2a: Meganium|71/100 psn|[from] move: Infestation|[partiallytrapped]\n|upkeep\n|turn|8\n|\n|t:|1788317614\n|detailschange|p2a: Meganium|Meganium-Mega, L50, F\n|-mega|p2a: Meganium|Meganium|Meganiumite\n|move|p1a: Toxapex|Baneful Bunker|p1a: Toxapex\n|-singleturn|p1a: Toxapex|move: Protect\n|move|p2b: Sneasler|Close Combat|p1b: Glimmora\n|-damage|p1b: Glimmora|48/100\n|-unboost|p2b: Sneasler|def|1\n|-unboost|p2b: Sneasler|spd|1\n|-activate|p1b: Glimmora|ability: Toxic Debris\n|-sidestart|p2: WE HIGH ASH|move: Toxic Spikes\n|move|p2a: Meganium|Solar Beam||[still]\n|-prepare|p2a: Meganium|Solar Beam\n|-activate|p2a: Meganium|ability: Mega Sol\n|-anim|p2a: Meganium|Solar Beam|p1b: Glimmora\n|-damage|p1b: Glimmora|0 fnt\n|faint|p1b: Glimmora\n|\n|-damage|p2a: Meganium|58/100 psn|[from] psn\n|-damage|p2b: Sneasler|22/100 brn|[from] brn\n|-damage|p2a: Meganium|46/100 psn|[from] move: Infestation|[partiallytrapped]\n|-sideend|p2: WE HIGH ASH|move: Aurora Veil\n|upkeep\n|turn|9\n|\n|t:|1788317639\n|move|p2b: Sneasler|Close Combat|p1a: Toxapex\n|-resisted|p1a: Toxapex|1\n|-damage|p1a: Toxapex|77/100 par\n|-unboost|p2b: Sneasler|def|1\n|-unboost|p2b: Sneasler|spd|1\n|move|p2a: Meganium|Solar Beam||[still]\n|-prepare|p2a: Meganium|Solar Beam\n|-activate|p2a: Meganium|ability: Mega Sol\n|-anim|p2a: Meganium|Solar Beam|p1a: Toxapex\n|-damage|p1a: Toxapex|13/100 par\n|-enditem|p1a: Toxapex|Sitrus Berry|[eat]\n|-heal|p1a: Toxapex|38/100 par|[from] item: Sitrus Berry\n|move|p1a: Toxapex|Infestation|p2b: Sneasler\n|-resisted|p2b: Sneasler|2\n|-damage|p2b: Sneasler|19/100 brn\n|-activate|p2b: Sneasler|move: Infestation|[of] p1a: Toxapex\n|\n|-damage|p2a: Meganium|34/100 psn|[from] psn\n|-damage|p2b: Sneasler|14/100 brn|[from] brn\n|-damage|p2b: Sneasler|1/100 brn|[from] move: Infestation|[partiallytrapped]\n|-damage|p2a: Meganium|21/100 psn|[from] move: Infestation|[partiallytrapped]\n|upkeep\n|turn|10\n|c|☆WE HIGH ASH|i don't think that item's in champions\n|\n|t:|1788317657\n|move|p1a: Toxapex|Baneful Bunker|p1a: Toxapex\n|-singleturn|p1a: Toxapex|move: Protect\n|move|p2b: Sneasler|Close Combat|p1a: Toxapex\n|-activate|p1a: Toxapex|move: Protect\n|move|p2a: Meganium|Solar Beam||[still]\n|-prepare|p2a: Meganium|Solar Beam\n|-activate|p2a: Meganium|ability: Mega Sol\n|-anim|p2a: Meganium|Solar Beam|p1a: Toxapex\n|-activate|p1a: Toxapex|move: Protect\n|\n|-damage|p2a: Meganium|9/100 psn|[from] psn\n|-damage|p2b: Sneasler|0 fnt|[from] brn\n|faint|p2b: Sneasler\n|-damage|p2a: Meganium|0 fnt|[from] move: Infestation|[partiallytrapped]\n|faint|p2a: Meganium\n|upkeep\n|\n|t:|1788317660\n|switch|p2b: Basculegion|Basculegion-F, L50, F|58/100 psn\n|turn|11\n|c|☆Arsenic2809|i meant choice scarfed\n|c|☆Arsenic2809|my bad\n|\n|t:|1788317677\n|move|p2b: Basculegion|Shadow Ball|p1a: Toxapex\n|-crit|p1a: Toxapex\n|-damage|p1a: Toxapex|0 fnt\n|faint|p1a: Toxapex\n|\n|win|WE HIGH ASH\n|raw|Arsenic2809's rating: 1106 &rarr; <strong>1076</strong><br />(-30 for losing)\n|raw|WE HIGH ASH's rating: 1041 &rarr; <strong>1081</strong><br />(+40 for winning)\n|c|☆Arsenic2809|gg\n|c|☆WE HIGH ASH|gl next\n|l|☆WE HIGH ASH\n|player|p2|\n|j|☆WE HIGH ASH\n|player|p2|WE HIGH ASH|pokemonbreederf-gen4|\n|l|☆Arsenic2809\n|player|p1|\n","uploadtime":1788317756,"views":"9","formatid":"gen9championsvgc2026regmb","rating":1076,"private":0,"password":null}