{"id":"gen9championsvgc2026regmb-2674171423","format":"[Gen 9 Champions] VGC 2026 Reg M-B","players":["liquidslink","dawod"],"log":"|j|☆liquidslink\n|j|☆dawod\n|t:|1788309880\n|gametype|doubles\n|player|p1|liquidslink|170|1377\n|player|p2|dawod|shauntal|1346\n|gen|9\n|tier|[Gen 9 Champions] VGC 2026 Reg M-B\n|rated|\n|rule|Species Clause: Limit one of each Pokémon\n|rule|Item Clause: Limit 1 of each item\n|clearpoke\n|poke|p1|Pelipper, L50, F|\n|poke|p1|Archaludon, L50, M|\n|poke|p1|Sableye, L50, F|\n|poke|p1|Blaziken, L50, M|\n|poke|p1|Swampert, L50, F|\n|poke|p1|Basculegion, L50, M|\n|poke|p2|Staraptor, L50, F|\n|poke|p2|Houndstone, L50, F|\n|poke|p2|Tyranitar, L50, M|\n|poke|p2|Rotom-Wash, L50|\n|poke|p2|Excadrill, L50, F|\n|poke|p2|Venusaur, L50, M|\n|teampreview|4\n|inactive|Battle timer is ON: inactive players will automatically lose when time's up. (requested by liquidslink)\n|inactive|liquidslink has 60 seconds left.\n|\n|t:|1788309913\n|teamsize|p1|4\n|teamsize|p2|4\n|start\n|switch|p1a: Sableye|Sableye, L50, F|100/100\n|switch|p1b: Ho-Lee-Fook|Pelipper, L50, F|100/100\n|switch|p2a: Spin Cycle|Rotom-Wash, L50|100/100\n|switch|p2b: Who let him out|Houndstone, L50, F|100/100\n|-weather|RainDance|[from] ability: Drizzle|[of] p1b: Ho-Lee-Fook\n|turn|1\n|\n|t:|1788309929\n|switch|p2b: Rocker|Tyranitar, L50, M|100/100\n|-weather|Sandstorm|[from] ability: Sand Stream|[of] p2b: Rocker\n|move|p1b: Ho-Lee-Fook|Tailwind|p1b: Ho-Lee-Fook\n|-sidestart|p1: liquidslink|move: Tailwind\n|move|p1a: Sableye|Foul Play|p2b: Rocker\n|-resisted|p2b: Rocker|1\n|-damage|p2b: Rocker|77/100\n|move|p2a: Spin Cycle|Volt Switch|p1b: Ho-Lee-Fook\n|-supereffective|p1b: Ho-Lee-Fook|2\n|-enditem|p1b: Ho-Lee-Fook|Focus Sash\n|-damage|p1b: Ho-Lee-Fook|1/100\n|\n|t:|1788309940\n|switch|p2a: Who let him out|Houndstone, L50, F|100/100|[from] Volt Switch\n|\n|-weather|Sandstorm|[upkeep]\n|-damage|p1b: Ho-Lee-Fook|0 fnt|[from] Sandstorm\n|-damage|p1a: Sableye|94/100|[from] Sandstorm\n|faint|p1b: Ho-Lee-Fook\n|upkeep\n|\n|t:|1788309946\n|switch|p1b: Swampert|Swampert, L50, F|100/100\n|turn|2\n|\n|t:|1788309955\n|detailschange|p1b: Swampert|Swampert-Mega, L50, F\n|-mega|p1b: Swampert|Swampert|Swampertite\n|move|p1a: Sableye|Rain Dance|p1a: Sableye\n|-weather|RainDance\n|move|p1b: Swampert|Wave Crash|p2b: Rocker\n|-supereffective|p2b: Rocker|1\n|-damage|p2b: Rocker|0 fnt\n|faint|p2b: Rocker\n|-damage|p1b: Swampert|74/100|[from] Recoil\n|move|p2a: Who let him out|Will-O-Wisp|p1b: Swampert\n|-status|p1b: Swampert|brn\n|\n|-weather|RainDance|[upkeep]\n|-damage|p1b: Swampert|68/100 brn|[from] brn\n|upkeep\n|\n|t:|1788309966\n|switch|p2b: Variant|Venusaur, L50, M|100/100\n|turn|3\n|\n|t:|1788309979\n|detailschange|p2b: Variant|Venusaur-Mega, L50, M\n|-mega|p2b: Variant|Venusaur|Venusaurite\n|move|p1b: Swampert|Protect|p1b: Swampert\n|-singleturn|p1b: Swampert|Protect\n|move|p1a: Sableye|Foul Play|p2a: Who let him out\n|-supereffective|p2a: Who let him out|1\n|-damage|p2a: Who let him out|23/100\n|-enditem|p2a: Who let him out|Sitrus Berry|[eat]\n|-heal|p2a: Who let him out|48/100|[from] item: Sitrus Berry\n|move|p2b: Variant|Sleep Powder|p1a: Sableye\n|-status|p1a: Sableye|slp|[from] move: Sleep Powder\n|move|p2a: Who let him out|Last Respects|p1a: Sableye\n|-damage|p1a: Sableye|47/100 slp\n|\n|-weather|RainDance|[upkeep]\n|-damage|p1b: Swampert|62/100 brn|[from] brn\n|upkeep\n|turn|4\n|\n|t:|1788310001\n|move|p2a: Who let him out|Ally Switch|p2a: Who let him out\n|swap|p2a: Who let him out|1|[from] move: Ally Switch\n|move|p1b: Swampert|Ice Punch|p2b: Who let him out\n|-damage|p2b: Who let him out|34/100\n|cant|p1a: Sableye|slp\n|move|p2a: Variant|Giga Drain|p1b: Swampert\n|-supereffective|p1b: Swampert|2\n|-damage|p1b: Swampert|0 fnt\n|faint|p1b: Swampert\n|\n|-weather|RainDance|[upkeep]\n|-sideend|p1: liquidslink|move: Tailwind\n|upkeep\n|\n|t:|1788310007\n|switch|p1b: Basculegion|Basculegion, L50, M|100/100\n|turn|5\n|\n|t:|1788310020\n|move|p1b: Basculegion|Last Respects|p2a: Variant\n|-damage|p2a: Variant|17/100\n|move|p2a: Variant|Giga Drain|p1a: Sableye\n|-damage|p1a: Sableye|3/100 slp\n|-heal|p2a: Variant|36/100|[from] drain|[of] p1a: Sableye\n|move|p2b: Who let him out|Last Respects|p1a: Sableye\n|-damage|p1a: Sableye|0 fnt\n|faint|p1a: Sableye\n|\n|-weather|RainDance|[upkeep]\n|upkeep\n|turn|6\n|-message|liquidslink forfeited.\n|\n|win|dawod\n|raw|liquidslink's rating: 1377 &rarr; <strong>1355</strong><br />(-22 for losing)\n|raw|dawod's rating: 1346 &rarr; <strong>1368</strong><br />(+22 for winning)\n|l|☆liquidslink\n|player|p1|\n","uploadtime":1788310134,"views":"0","formatid":"gen9championsvgc2026regmb","rating":1355,"private":0,"password":null}