{"id":"gen9championsvgc2026regmbbo3-2673626488","format":"[Gen 9 Champions] VGC 2026 Reg M-B (Bo3)","players":["foxykayla","drifting away 1"],"log":"|j|☆foxykayla\n|j|☆drifting away 1\n|html|<table width=\"100%\"><tr><td align=\"left\">foxykayla</td><td align=\"right\">drifting away 1</tr><tr><td align=\"left\"><i class=\"fa fa-circle-o\"></i> <i class=\"fa fa-circle-o\"></i> </td><td align=\"right\"><i class=\"fa fa-circle-o\"></i> <i class=\"fa fa-circle-o\"></i> </tr></table>\n|uhtml|bestof|<h2><strong>Game 1</strong> of <a href=\"/game-bestof3-gen9championsvgc2026regmbbo3-2673626487\">a best-of-3</a></h2>\n|t:|1788223398\n|gametype|doubles\n|player|p1|foxykayla|lady|\n|player|p2|drifting away 1|sabrina|\n|gen|9\n|tier|[Gen 9 Champions] VGC 2026 Reg M-B (Bo3)\n|rule|Species Clause: Limit one of each Pokémon\n|rule|Item Clause: Limit 1 of each item\n|raw|<div class=\"infobox\"><details class=\"readmore\" open><summary><strong>1 custom rule:</strong></summary> !Force Open Team Sheets</details></div>\n|clearpoke\n|poke|p1|Aerodactyl, L50, F|\n|poke|p1|Banette, L50, F|\n|poke|p1|Sylveon, L50, F|\n|poke|p1|Basculegion, L50, M|\n|poke|p1|Kangaskhan, L50, F|\n|poke|p1|Tauros-Paldea-Blaze, L50, M|\n|poke|p2|Metagross, L50, shiny|\n|poke|p2|Incineroar, L50, F, shiny|\n|poke|p2|Serperior, L50, M, shiny|\n|poke|p2|Rotom-Wash, L50, shiny|\n|poke|p2|Gengar, L50, F, shiny|\n|poke|p2|Hydrapple, L50, M|\n|teampreview|4\n|j| freshveggies2\n|\n|t:|1788223484\n|teamsize|p1|4\n|teamsize|p2|4\n|start\n|switch|p1a: Aerodactyl|Aerodactyl, L50, F|100/100\n|switch|p1b: Kangaskhan|Kangaskhan, L50, F|100/100\n|switch|p2a: Incineroar|Incineroar, L50, F, shiny|100/100\n|switch|p2b: Rotom|Rotom-Wash, L50, shiny|100/100\n|-ability|p1a: Aerodactyl|Unnerve\n|-ability|p2a: Incineroar|Intimidate|boost\n|-unboost|p1a: Aerodactyl|atk|1\n|-fail|p1b: Kangaskhan|unboost|Attack|[from] ability: Scrappy|[of] p1b: Kangaskhan\n|turn|1\n|c|☆foxykayla|glhf <3\n|c|☆drifting away 1|glhf\n|\n|t:|1788223562\n|detailschange|p1a: Aerodactyl|Aerodactyl-Mega, L50, F\n|-mega|p1a: Aerodactyl|Aerodactyl|Aerodactylite\n|move|p1a: Aerodactyl|Protect|p1a: Aerodactyl\n|-singleturn|p1a: Aerodactyl|Protect\n|move|p1b: Kangaskhan|Fake Out|p2a: Incineroar\n|-damage|p2a: Incineroar|78/100\n|cant|p2a: Incineroar|flinch\n|move|p2b: Rotom|Thunderbolt|p1a: Aerodactyl\n|-activate|p1a: Aerodactyl|move: Protect\n|\n|upkeep\n|turn|2\n|\n|t:|1788223636\n|move|p1a: Aerodactyl|Tailwind|p1a: Aerodactyl\n|-sidestart|p1: foxykayla|move: Tailwind\n|move|p1b: Kangaskhan|Last Resort|p2b: Rotom\n|-damage|p2b: Rotom|1/100\n|move|p2b: Rotom|Thunderbolt|p1a: Aerodactyl\n|-supereffective|p1a: Aerodactyl|1\n|-damage|p1a: Aerodactyl|22/100\n|move|p2a: Incineroar|Parting Shot|p1b: Kangaskhan\n|-unboost|p1b: Kangaskhan|atk|1\n|-unboost|p1b: Kangaskhan|spa|1\n|\n|t:|1788223652\n|switch|p2a: Metagross|Metagross, L50, shiny|100/100|[from] Parting Shot\n|\n|-heal|p2b: Rotom|6/100|[from] item: Leftovers\n|upkeep\n|turn|3\n|\n|t:|1788223699\n|detailschange|p2a: Metagross|Metagross-Mega, L50, shiny\n|-mega|p2a: Metagross|Metagross|Metagrossite\n|move|p2a: Metagross|Protect|p2a: Metagross\n|-singleturn|p2a: Metagross|Protect\n|move|p2b: Rotom|Protect|p2b: Rotom\n|-singleturn|p2b: Rotom|Protect\n|move|p1a: Aerodactyl|Rock Slide|p2b: Rotom|[spread] \n|-activate|p2a: Metagross|move: Protect\n|-activate|p2b: Rotom|move: Protect\n|move|p1b: Kangaskhan|Last Resort|p2a: Metagross\n|-activate|p2a: Metagross|move: Protect\n|\n|-heal|p2b: Rotom|11/100|[from] item: Leftovers\n|upkeep\n|turn|4\n|j| jfwarriors\n|\n|t:|1788223742\n|switch|p2b: Incineroar|Incineroar, L50, F, shiny|78/100\n|-ability|p2b: Incineroar|Intimidate|boost\n|-unboost|p1a: Aerodactyl|atk|1\n|-fail|p1b: Kangaskhan|unboost|Attack|[from] ability: Scrappy|[of] p1b: Kangaskhan\n|move|p1a: Aerodactyl|Dual Wingbeat|p2b: Incineroar\n|-damage|p2b: Incineroar|65/100\n|-damage|p2b: Incineroar|52/100\n|-hitcount|p2b: Incineroar|2\n|move|p1b: Kangaskhan|Last Resort|p2a: Metagross\n|-resisted|p2a: Metagross|1\n|-damage|p2a: Metagross|78/100\n|move|p2a: Metagross|Iron Head|p1a: Aerodactyl\n|-supereffective|p1a: Aerodactyl|1\n|-damage|p1a: Aerodactyl|0 fnt\n|faint|p1a: Aerodactyl\n|\n|upkeep\n|\n|t:|1788223792\n|switch|p1a: Tauros|Tauros-Paldea-Blaze, L50, M|100/100\n|-ability|p1a: Tauros|Intimidate|boost\n|-unboost|p2a: Metagross|atk|1\n|-unboost|p2b: Incineroar|atk|1\n|turn|5\n|\n|t:|1788223826\n|move|p2b: Incineroar|Fake Out|p1a: Tauros\n|-damage|p1a: Tauros|92/100\n|cant|p1a: Tauros|flinch\n|move|p1b: Kangaskhan|Last Resort|p2a: Metagross\n|-resisted|p2a: Metagross|1\n|-damage|p2a: Metagross|58/100\n|move|p2a: Metagross|Stomping Tantrum|p1a: Tauros\n|-supereffective|p1a: Tauros|1\n|-damage|p1a: Tauros|38/100\n|\n|-sideend|p1: foxykayla|move: Tailwind\n|upkeep\n|turn|6\n|\n|t:|1788223945\n|move|p2a: Metagross|Stomping Tantrum|p1a: Tauros\n|-supereffective|p1a: Tauros|1\n|-damage|p1a: Tauros|0 fnt\n|faint|p1a: Tauros\n|move|p1b: Kangaskhan|Last Resort|p2b: Incineroar\n|-damage|p2b: Incineroar|9/100\n|-enditem|p2b: Incineroar|Sitrus Berry|[eat]\n|-heal|p2b: Incineroar|34/100|[from] item: Sitrus Berry\n|move|p2b: Incineroar|Parting Shot|p1b: Kangaskhan\n|-unboost|p1b: Kangaskhan|atk|1\n|-unboost|p1b: Kangaskhan|spa|1\n|\n|t:|1788223948\n|switch|p2b: Serperior|Serperior, L50, M, shiny|100/100|[from] Parting Shot\n|\n|upkeep\n|\n|t:|1788223961\n|switch|p1a: Basculegion|Basculegion, L50, M|100/100\n|turn|7\n|\n|t:|1788223973\n|move|p2a: Metagross|Protect|p2a: Metagross\n|-singleturn|p2a: Metagross|Protect\n|move|p2b: Serperior|Leaf Storm|p1a: Basculegion\n|-supereffective|p1a: Basculegion|1\n|-damage|p1a: Basculegion|0 fnt\n|-boost|p2b: Serperior|spa|2\n|faint|p1a: Basculegion\n|move|p1b: Kangaskhan|Last Resort|p2b: Serperior\n|-damage|p2b: Serperior|54/100\n|\n|upkeep\n|turn|8\n|\n|t:|1788223989\n|move|p2b: Serperior|Protect|p2b: Serperior\n|-singleturn|p2b: Serperior|Protect\n|move|p2a: Metagross|Psychic Fangs|p1b: Kangaskhan\n|-damage|p1b: Kangaskhan|50/100y\n|move|p1b: Kangaskhan|Last Resort|p2b: Serperior\n|-activate|p2b: Serperior|move: Protect\n|\n|upkeep\n|turn|9\n|\n|t:|1788223998\n|move|p2b: Serperior|Leaf Storm|p1b: Kangaskhan\n|-damage|p1b: Kangaskhan|0 fnt\n|-boost|p2b: Serperior|spa|2\n|faint|p1b: Kangaskhan\n|\n|win|drifting away 1\n||foxykayla is ready for game 2.\n||drifting away 1 is ready for game 2.\n|uhtml|next|Next: <a href=\"/battle-gen9championsvgc2026regmbbo3-2673630412\"><strong>Game 2 of 3</strong></a>\n|l| freshveggies2\n|j| freshveggies2\n","uploadtime":1788225049,"views":"16","formatid":"gen9championsvgc2026regmbbo3","rating":null,"private":0,"password":null}