{"id":"gen9championsvgc2026regmbbo3-2674121352","format":"[Gen 9 Champions] VGC 2026 Reg M-B (Bo3)","players":["Jaaagan","venomelias"],"log":"|j|☆Jaaagan\n|j|☆venomelias\n|html|<table width=\"100%\"><tr><td align=\"left\">Jaaagan</td><td align=\"right\">venomelias</tr><tr><td align=\"left\"><i class=\"fa fa-circle\"></i> <i class=\"fa fa-circle-o\"></i> </td><td align=\"right\"><i class=\"fa fa-circle-o\"></i> <i class=\"fa fa-circle\"></i> </tr></table>\n|uhtml|bestof|<h2><strong>Game 3</strong> of <a href=\"/game-bestof3-gen9championsvgc2026regmbbo3-2674118721\">a best-of-3</a></h2>\n|t:|1788302219\n|gametype|doubles\n|player|p1|Jaaagan|265|\n|player|p2|venomelias|2|\n|gen|9\n|tier|[Gen 9 Champions] VGC 2026 Reg M-B (Bo3)\n|rule|Species Clause: Limit one of each Pokémon\n|rule|Item Clause: Limit 1 of each item\n|raw|<div class=\"infobox\"><details class=\"readmore\" open><summary><strong>1 custom rule:</strong></summary> !Force Open Team Sheets</details></div>\n|clearpoke\n|poke|p1|Mawile, L50, F|\n|poke|p1|Farigiraf, L50, F|\n|poke|p1|Torkoal, L50, M|\n|poke|p1|Staraptor, L50, M|\n|poke|p1|Raichu, L50, F|\n|poke|p1|Gyarados, L50, F|\n|poke|p2|Gardevoir, L50, F, shiny|\n|poke|p2|Garchomp, L50, M|\n|poke|p2|Kingambit, L50, M|\n|poke|p2|Talonflame, L50, M|\n|poke|p2|Rampardos, L50, M|\n|poke|p2|Morpeko, L50, F|\n|teampreview|4\n|\n|t:|1788302262\n|teamsize|p1|4\n|teamsize|p2|4\n|start\n|switch|p1a: Staraptor|Staraptor, L50, M|100/100\n|switch|p1b: Farigiraf|Farigiraf, L50, F|100/100\n|switch|p2a: Garchomp|Garchomp, L50, M|100/100\n|switch|p2b: Kingambit|Kingambit, L50, M|100/100\n|turn|1\n|\n|t:|1788302279\n|switch|p2a: Morpeko|Morpeko, L50, F|100/100\n|move|p1a: Staraptor|Final Gambit|p2a: Morpeko\n|-enditem|p2a: Morpeko|Focus Sash\n|-damage|p2a: Morpeko|1/100\n|faint|p1a: Staraptor\n|move|p2b: Kingambit|Kowtow Cleave|p1b: Farigiraf\n|-supereffective|p1b: Farigiraf|1\n|-damage|p1b: Farigiraf|3/100\n|-enditem|p1b: Farigiraf|Sitrus Berry|[eat]\n|-heal|p1b: Farigiraf|28/100|[from] item: Sitrus Berry\n|move|p1b: Farigiraf|Trick Room|p1b: Farigiraf\n|-fieldstart|move: Trick Room|[of] p1b: Farigiraf\n|\n|-formechange|p2a: Morpeko|Morpeko-Hangry|\n|upkeep\n|\n|t:|1788302298\n|switch|p1a: Torkoal|Torkoal, L50, M|100/100\n|-weather|SunnyDay|[from] ability: Drought|[of] p1a: Torkoal\n|turn|2\n|\n|t:|1788302314\n|move|p2b: Kingambit|Protect|p2b: Kingambit\n|-singleturn|p2b: Kingambit|Protect\n|move|p2a: Morpeko|Protect|p2a: Morpeko\n|-singleturn|p2a: Morpeko|Protect\n|move|p1a: Torkoal|Eruption|p2b: Kingambit|[spread] \n|-activate|p2a: Morpeko|move: Protect\n|-activate|p2b: Kingambit|move: Protect\n|move|p1b: Farigiraf|Thunderbolt|p2a: Morpeko\n|-activate|p2a: Morpeko|move: Protect\n|\n|-weather|SunnyDay|[upkeep]\n|-formechange|p2a: Morpeko|Morpeko|\n|upkeep\n|turn|3\n|\n|t:|1788302366\n|move|p1b: Farigiraf|Helping Hand|p1a: Torkoal\n|-singleturn|p1a: Torkoal|Helping Hand|[of] p1b: Farigiraf\n|move|p2b: Kingambit|Protect||[still]\n|-fail|p2b: Kingambit\n|move|p2a: Morpeko|Protect|p2a: Morpeko\n|-singleturn|p2a: Morpeko|Protect\n|move|p1a: Torkoal|Eruption|p2b: Kingambit|[spread] p2b\n|-activate|p2a: Morpeko|move: Protect\n|-supereffective|p2b: Kingambit|1\n|-damage|p2b: Kingambit|0 fnt\n|faint|p2b: Kingambit\n|\n|-weather|SunnyDay|[upkeep]\n|-formechange|p2a: Morpeko|Morpeko-Hangry|\n|upkeep\n|\n|t:|1788302396\n|switch|p2b: Garchomp|Garchomp, L50, M|100/100\n|turn|4\n|\n|t:|1788302436\n|move|p1a: Torkoal|Eruption|p2b: Garchomp|[spread] p2a,p2b\n|-crit|p2a: Morpeko\n|-resisted|p2b: Garchomp|1\n|-damage|p2a: Morpeko|0 fnt\n|-damage|p2b: Garchomp|51/100\n|faint|p2a: Morpeko\n|move|p2b: Garchomp|Earthquake|p1b: Farigiraf|[spread] p1a,p1b\n|-supereffective|p1a: Torkoal|1\n|-damage|p1a: Torkoal|14/100\n|-damage|p1b: Farigiraf|0 fnt\n|faint|p1b: Farigiraf\n|-damage|p2b: Garchomp|42/100|[from] item: Life Orb\n|\n|-weather|SunnyDay|[upkeep]\n|upkeep\n|c|☆Jaaagan|huh\n|c|☆Jaaagan|ur slower\n|c|☆Jaaagan|than farigaraf\n|c|☆Jaaagan|wat\n|c|☆venomelias|idk\n|\n|t:|1788302472\n|switch|p1b: Mawile|Mawile, L50, F|100/100\n|switch|p2a: Gardevoir|Gardevoir, L50, F, shiny|100/100\n|turn|5\n|\n|t:|1788302525\n|detailschange|p1b: Mawile|Mawile-Mega, L50, F\n|-mega|p1b: Mawile|Mawile|Mawilite\n|move|p1a: Torkoal|Weather Ball|p2a: Gardevoir\n|-damage|p2a: Gardevoir|11/100\n|move|p1b: Mawile|Play Rough|p2b: Garchomp\n|-supereffective|p2b: Garchomp|1\n|-damage|p2b: Garchomp|0 fnt\n|-damage|p1b: Mawile|87/100|[from] ability: Rough Skin|[of] p2b: Garchomp\n|faint|p2b: Garchomp\n|move|p2a: Gardevoir|Thunderbolt|p1b: Mawile\n|-damage|p1b: Mawile|49/100\n|\n|-weather|SunnyDay|[upkeep]\n|-fieldend|move: Trick Room\n|upkeep\n|turn|6\n|\n|t:|1788302582\n|detailschange|p2a: Gardevoir|Gardevoir-Mega, L50, F, shiny\n|-mega|p2a: Gardevoir|Gardevoir|Gardevoirite\n|move|p2a: Gardevoir|Hyper Voice|p1b: Mawile|[spread] p1a,p1b\n|-resisted|p1a: Torkoal|1\n|-resisted|p1b: Mawile|1\n|-damage|p1a: Torkoal|0 fnt\n|-damage|p1b: Mawile|16/100\n|faint|p1a: Torkoal\n|move|p1b: Mawile|Iron Head|p2a: Gardevoir\n|-supereffective|p2a: Gardevoir|1\n|-damage|p2a: Gardevoir|0 fnt\n|faint|p2a: Gardevoir\n|\n|win|Jaaagan\n|c|☆Jaaagan|gg\n|c|☆venomelias|ggs\n|c|☆venomelias|i took wrong team\n|c|☆venomelias|but its all good\n","uploadtime":1788302615,"views":"6","formatid":"gen9championsvgc2026regmbbo3","rating":null,"private":0,"password":null}