{"id":"gen9championsvgc2026regmb-2674302687","format":"[Gen 9 Champions] VGC 2026 Reg M-B","players":["9aqwsed","mertering"],"log":"|j|☆9aqwsed\n|j|☆mertering\n|t:|1788335995\n|gametype|doubles\n|player|p1|9aqwsed|hilda-wonderlauncher|1403\n|player|p2|mertering|steven|1325\n|gen|9\n|tier|[Gen 9 Champions] VGC 2026 Reg M-B\n|rated|\n|rule|Species Clause: Limit one of each Pokémon\n|rule|Item Clause: Limit 1 of each item\n|clearpoke\n|poke|p1|Garchomp, L50, M|\n|poke|p1|Floette-Eternal, L50, F|\n|poke|p1|Incineroar, L50, F|\n|poke|p1|Sinistcha-Masterpiece, L50|\n|poke|p1|Kingambit, L50, F|\n|poke|p1|Sneasler, L50, M|\n|poke|p2|Delphox, L50, M|\n|poke|p2|Torkoal, L50, M|\n|poke|p2|Whimsicott, L50, F|\n|poke|p2|Basculegion, L50, M|\n|poke|p2|Kingambit, L50, M|\n|poke|p2|Farigiraf, L50, F|\n|teampreview|4\n|inactive|Battle timer is ON: inactive players will automatically lose when time's up. (requested by mertering)\nmertering rejected open team sheets.\n|\n|t:|1788336022\n|teamsize|p1|4\n|teamsize|p2|4\n|start\n|switch|p1a: Sneasler|Sneasler, L50, M|100/100\n|switch|p1b: Floette|Floette-Eternal, L50, F|100/100\n|switch|p2a: Delphox|Delphox, L50, M|100/100\n|switch|p2b: Torkoal|Torkoal, L50, M|100/100\n|-weather|SunnyDay|[from] ability: Drought|[of] p2b: Torkoal\n|turn|1\n|inactive|9aqwsed has 30 seconds left.\n|inactive|9aqwsed has 20 seconds left.\n|inactive|9aqwsed has 15 seconds left.\n|inactive|9aqwsed has 10 seconds left.\n|inactive|9aqwsed has 5 seconds left.\n|\n|t:|1788336074\n|detailschange|p2a: Delphox|Delphox-Mega, L50, M\n|-mega|p2a: Delphox|Delphox|Delphoxite\n|detailschange|p1b: Floette|Floette-Mega, L50, F\n|-mega|p1b: Floette|Floette|Floettite\n|-ability|p1b: Floette|Fairy Aura\n|move|p2a: Delphox|Protect|p2a: Delphox\n|-singleturn|p2a: Delphox|Protect\n|move|p1a: Sneasler|Coaching|p1b: Floette\n|-boost|p1b: Floette|atk|1\n|-boost|p1b: Floette|def|1\n|move|p1b: Floette|Calm Mind|p1b: Floette\n|-boost|p1b: Floette|spa|1\n|-boost|p1b: Floette|spd|1\n|move|p2b: Torkoal|Eruption|p1a: Sneasler|[spread] p1a,p1b\n|-enditem|p1a: Sneasler|Focus Sash\n|-damage|p1a: Sneasler|1/100\n|-damage|p1b: Floette|54/100\n|\n|-weather|SunnyDay|[upkeep]\n|upkeep\n|turn|2\n|inactive|9aqwsed has 30 seconds left.\n|inactive|9aqwsed has 20 seconds left.\n|inactive|9aqwsed has 15 seconds left.\n|inactive|9aqwsed has 10 seconds left.\n|\n|t:|1788336119\n|switch|p1a: Incineroar|Incineroar, L50, F|100/100\n|-ability|p1a: Incineroar|Intimidate|boost\n|-unboost|p2a: Delphox|atk|1\n|-unboost|p2b: Torkoal|atk|1\n|switch|p2b: Farigiraf|Farigiraf, L50, F|100/100\n|move|p2a: Delphox|Copycat|p2a: Delphox\n|move|p2a: Delphox|Eruption|p1b: Floette|[from] move: Copycat|[spread] p1a,p1b\n|-resisted|p1a: Incineroar|1\n|-damage|p1a: Incineroar|62/100\n|-damage|p1b: Floette|0 fnt\n|faint|p1b: Floette\n|\n|-weather|SunnyDay|[upkeep]\n|-heal|p1a: Incineroar|68/100|[from] item: Leftovers\n|upkeep\n|inactive|9aqwsed has 30 seconds left.\n|\n|t:|1788336150\n|switch|p1b: Sneasler|Sneasler, L50, M|1/100\n|turn|3\n|\n|t:|1788336163\n|move|p2a: Delphox|Copycat|p2a: Delphox\n|move|p2a: Delphox|Eruption|p1b: Sneasler|[from] move: Copycat|[spread] p1a,p1b\n|-resisted|p1a: Incineroar|1\n|-damage|p1a: Incineroar|33/100\n|-damage|p1b: Sneasler|0 fnt\n|faint|p1b: Sneasler\n|move|p1a: Incineroar|Flare Blitz|p2a: Delphox\n|-resisted|p2a: Delphox|1\n|-damage|p2a: Delphox|47/100\n|-damage|p1a: Incineroar|20/100y|[from] Recoil\n|move|p2b: Farigiraf|Trick Room|p2b: Farigiraf\n|-fieldstart|move: Trick Room|[of] p2b: Farigiraf\n|\n|-weather|SunnyDay|[upkeep]\n|-heal|p1a: Incineroar|26/100|[from] item: Leftovers\n|upkeep\n|\n|t:|1788336178\n|switch|p1b: Kingambit|Kingambit, L50, F|100/100\n|turn|4\n|\n|t:|1788336186\n|switch|p2b: Kingambit|Kingambit, L50, M|100/100\n|move|p1a: Incineroar|Flare Blitz|p2a: Delphox\n|-resisted|p2a: Delphox|1\n|-damage|p2a: Delphox|0 fnt\n|faint|p2a: Delphox\n|-damage|p1a: Incineroar|14/100|[from] Recoil\n|move|p1b: Kingambit|Kowtow Cleave|p2b: Kingambit\n|-resisted|p2b: Kingambit|1\n|-damage|p2b: Kingambit|76/100\n|-damage|p1b: Kingambit|90/100|[from] item: Life Orb\n|\n|-weather|SunnyDay|[upkeep]\n|-heal|p1a: Incineroar|20/100y|[from] item: Leftovers\n|upkeep\n|\n|t:|1788336199\n|switch|p2a: Torkoal|Torkoal, L50, M|100/100\n|turn|5\n|c|☆mertering|gg\n|\n|t:|1788336213\n|switch|p2b: Farigiraf|Farigiraf, L50, F|100/100\n|move|p1b: Kingambit|Protect|p1b: Kingambit\n|-singleturn|p1b: Kingambit|Protect\n|move|p2a: Torkoal|Eruption|p1a: Incineroar|[spread] p1a\n|-activate|p1b: Kingambit|move: Protect\n|-resisted|p1a: Incineroar|1\n|-damage|p1a: Incineroar|0 fnt\n|faint|p1a: Incineroar\n|\n|-weather|none\n|upkeep\n|turn|6\n|\n|t:|1788336228\n|move|p2b: Farigiraf|Helping Hand|p2a: Torkoal\n|-singleturn|p2a: Torkoal|Helping Hand|[of] p2b: Farigiraf\n|move|p2a: Torkoal|Eruption|p1b: Kingambit\n|-supereffective|p1b: Kingambit|1\n|-damage|p1b: Kingambit|0 fnt\n|faint|p1b: Kingambit\n|\n|win|mertering\n|raw|9aqwsed's rating: 1403 &rarr; <strong>1379</strong><br />(-24 for losing)\n|raw|mertering's rating: 1325 &rarr; <strong>1349</strong><br />(+24 for winning)\n|l|☆9aqwsed\n|player|p1|\n","uploadtime":1788336262,"views":"16","formatid":"gen9championsvgc2026regmb","rating":1349,"private":0,"password":null}