{"id":"gen9championsvgc2026regmb-2674053423","format":"[Gen 9 Champions] VGC 2026 Reg M-B","players":["Dakigoshiro","jermpert"],"log":"|j|☆Dakigoshiro\n|j|☆jermpert\n|t:|1788293011\n|gametype|doubles\n|player|p1|Dakigoshiro|giovanni|1000\n|player|p2|jermpert|101|1000\n|gen|9\n|tier|[Gen 9 Champions] VGC 2026 Reg M-B\n|rated|\n|rule|Species Clause: Limit one of each Pokémon\n|rule|Item Clause: Limit 1 of each item\n|clearpoke\n|poke|p1|Staraptor, L50, M|\n|poke|p1|Raichu, L50, F|\n|poke|p1|Sylveon, L50, M|\n|poke|p1|Farigiraf, L50, M|\n|poke|p1|Arcanine-Hisui, L50, F|\n|poke|p1|Kingambit, L50, M|\n|poke|p2|Basculegion, L50, M|\n|poke|p2|Swampert, L50, M|\n|poke|p2|Gengar, L50, F|\n|poke|p2|Incineroar, L50, F|\n|poke|p2|Farigiraf, L50, M|\n|poke|p2|Aegislash, L50, M|\n|teampreview|4\n|\n|t:|1788293062\n|teamsize|p1|4\n|teamsize|p2|4\n|start\n|switch|p1a: Kingambit|Kingambit, L50, M|100/100\n|switch|p1b: Arcanine|Arcanine-Hisui, L50, F|100/100\n|switch|p2a: Incineroar|Incineroar, L50, F|100/100\n|switch|p2b: Gengar|Gengar, L50, F|100/100\n|-ability|p2a: Incineroar|Intimidate|boost\n|-unboost|p1a: Kingambit|atk|1\n|-ability|p1a: Kingambit|Defiant|boost\n|-boost|p1a: Kingambit|atk|2\n|-unboost|p1b: Arcanine|atk|1\n|turn|1\n|\n|t:|1788293078\n|move|p2b: Gengar|Protect|p2b: Gengar\n|-singleturn|p2b: Gengar|Protect\n|move|p1b: Arcanine|Head Smash|p2a: Incineroar\n|-supereffective|p2a: Incineroar|1\n|-damage|p2a: Incineroar|15/100\n|move|p2a: Incineroar|Drain Punch|p1a: Kingambit\n|-supereffective|p1a: Kingambit|2\n|-damage|p1a: Kingambit|13/100\n|-heal|p2a: Incineroar|60/100|[from] drain|[of] p1a: Kingambit\n|move|p1a: Kingambit|Kowtow Cleave|p2b: Gengar\n|-activate|p2b: Gengar|move: Protect\n|\n|upkeep\n|turn|2\n|\n|t:|1788293100\n|switch|p2a: Farigiraf|Farigiraf, L50, M|100/100\n|move|p1a: Kingambit|Sucker Punch||[still]\n|cant|p2a: Farigiraf|ability: Armor Tail|Sucker Punch|[of] p1a: Kingambit\n|move|p2b: Gengar|Shadow Ball|p1a: Kingambit\n|-resisted|p1a: Kingambit|1\n|-damage|p1a: Kingambit|0 fnt\n|faint|p1a: Kingambit\n|move|p1b: Arcanine|Head Smash|p2a: Farigiraf\n|-damage|p2a: Farigiraf|58/100\n|\n|upkeep\n|\n|t:|1788293111\n|switch|p1a: Staraptor|Staraptor, L50, M|100/100\n|-ability|p1a: Staraptor|Intimidate|boost\n|-unboost|p2a: Farigiraf|atk|1\n|-unboost|p2b: Gengar|atk|1\n|turn|3\n|\n|t:|1788293143\n|detailschange|p2b: Gengar|Gengar-Mega, L50, F\n|-mega|p2b: Gengar|Gengar|Gengarite\n|detailschange|p1a: Staraptor|Staraptor-Mega, L50, M\n|-mega|p1a: Staraptor|Staraptor|Staraptite\n|move|p2b: Gengar|Perish Song|p2b: Gengar\n|-start|p1a: Staraptor|perish3|[silent]\n|-start|p1b: Arcanine|perish3|[silent]\n|-start|p2a: Farigiraf|perish3|[silent]\n|-start|p2b: Gengar|perish3|[silent]\n|-fieldactivate|move: Perish Song\n|move|p1a: Staraptor|Close Combat|p2a: Farigiraf\n|-damage|p2a: Farigiraf|1/100\n|-boost|p1a: Staraptor|def|1\n|-boost|p1a: Staraptor|spd|1\n|move|p1b: Arcanine|Head Smash|p2b: Gengar\n|-damage|p2b: Gengar|25/100\n|move|p2a: Farigiraf|Twin Beam|p1a: Staraptor\n|-supereffective|p1a: Staraptor|1\n|-damage|p1a: Staraptor|77/100\n|-supereffective|p1a: Staraptor|1\n|-damage|p1a: Staraptor|50/100g\n|-hitcount|p1a: Staraptor|2\n|\n|-start|p2b: Gengar|perish3\n|-start|p1a: Staraptor|perish3\n|-start|p1b: Arcanine|perish3\n|-start|p2a: Farigiraf|perish3\n|upkeep\n|turn|4\n|\n|t:|1788293190\n|move|p1a: Staraptor|Protect|p1a: Staraptor\n|-singleturn|p1a: Staraptor|Protect\n|move|p2b: Gengar|Shadow Ball|p1a: Staraptor\n|-activate|p1a: Staraptor|move: Protect\n|move|p1b: Arcanine|Flare Blitz|p2a: Farigiraf\n|-damage|p2a: Farigiraf|0 fnt\n|faint|p2a: Farigiraf\n|\n|-start|p2b: Gengar|perish2\n|-start|p1a: Staraptor|perish2\n|-start|p1b: Arcanine|perish2\n|upkeep\n|\n|t:|1788293204\n|switch|p2a: Incineroar|Incineroar, L50, F|60/100\n|-ability|p2a: Incineroar|Intimidate|boost\n|-boost|p1a: Staraptor|atk|1\n|-unboost|p1b: Arcanine|atk|1\n|turn|5\n|\n|t:|1788293214\n|move|p2b: Gengar|Protect|p2b: Gengar\n|-singleturn|p2b: Gengar|Protect\n|move|p2a: Incineroar|Protect|p2a: Incineroar\n|-singleturn|p2a: Incineroar|Protect\n|move|p1a: Staraptor|Close Combat|p2a: Incineroar\n|-activate|p2a: Incineroar|move: Protect\n|move|p1b: Arcanine|Head Smash|p2b: Gengar\n|-activate|p2b: Gengar|move: Protect\n|\n|-start|p2b: Gengar|perish1\n|-start|p1a: Staraptor|perish1\n|-start|p1b: Arcanine|perish1\n|upkeep\n|turn|6\n|\n|t:|1788293237\n|switch|p2b: Aegislash|Aegislash, L50, M|100/100\n|move|p1a: Staraptor|Close Combat|p2a: Incineroar\n|-supereffective|p2a: Incineroar|1\n|-damage|p2a: Incineroar|0 fnt\n|-boost|p1a: Staraptor|def|1\n|-boost|p1a: Staraptor|spd|1\n|faint|p2a: Incineroar\n|move|p1b: Arcanine|Head Smash|p2b: Aegislash\n|-resisted|p2b: Aegislash|1\n|-damage|p2b: Aegislash|85/100\n|\n|-start|p1a: Staraptor|perish0\n|-start|p1b: Arcanine|perish0\n|upkeep\n|faint|p1a: Staraptor\n|faint|p1b: Arcanine\n|\n|t:|1788293251\n|switch|p1b: Farigiraf|Farigiraf, L50, M|100/100\n|switch|p2a: Gengar|Gengar-Mega, L50, F|25/100\n|turn|7\n|inactive|Battle timer is ON: inactive players will automatically lose when time's up. (requested by Dakigoshiro)\n|\n|t:|1788293280\n|move|p2a: Gengar|Sludge Bomb|p1b: Farigiraf\n|-damage|p1b: Farigiraf|58/100\n|-status|p1b: Farigiraf|psn\n|-formechange|p2b: Aegislash|Aegislash-Blade|\n|move|p2b: Aegislash|Steel Beam|p1b: Farigiraf\n|-damage|p1b: Farigiraf|3/100 psn\n|-enditem|p1b: Farigiraf|Sitrus Berry|[eat]\n|-heal|p1b: Farigiraf|28/100 psn|[from] item: Sitrus Berry\n|-damage|p2b: Aegislash|35/100|[from] steelbeam\n|-enditem|p2b: Aegislash|Sitrus Berry|[eat]\n|-heal|p2b: Aegislash|59/100|[from] item: Sitrus Berry\n|move|p1b: Farigiraf|Psychic|p2a: Gengar\n|-supereffective|p2a: Gengar|1\n|-damage|p2a: Gengar|0 fnt\n|faint|p2a: Gengar\n|\n|-damage|p1b: Farigiraf|16/100 psn|[from] psn\n|upkeep\n|turn|8\n|\n|t:|1788293299\n|move|p2b: Aegislash|Steel Beam|p1b: Farigiraf\n|-damage|p1b: Farigiraf|0 fnt\n|faint|p1b: Farigiraf\n|-damage|p2b: Aegislash|9/100|[from] steelbeam\n|\n|win|jermpert\n|raw|Dakigoshiro's rating: 1000 &rarr; <strong>1000</strong><br />(+0 for losing)\n|raw|jermpert's rating: 1000 &rarr; <strong>1040</strong><br />(+40 for winning)\n|l|☆Dakigoshiro\n|player|p1|\n","uploadtime":1788293306,"views":"20","formatid":"gen9championsvgc2026regmb","rating":1000,"private":0,"password":null}