{"id":"gen9championsvgc2026regmb-2674915284","format":"[Gen 9 Champions] VGC 2026 Reg M-B","players":["Montevius","patientgui"],"log":"|j|☆Montevius\n|j|☆patientgui\n|t:|1788435217\n|gametype|doubles\n|player|p1|Montevius|hilbert-wonderlauncher|1129\n|player|p2|patientgui|cheren|1027\n|gen|9\n|tier|[Gen 9 Champions] VGC 2026 Reg M-B\n|rated|\n|rule|Species Clause: Limit one of each Pokémon\n|rule|Item Clause: Limit 1 of each item\n|clearpoke\n|poke|p1|Serperior, L50, M|\n|poke|p1|Meowstic, L50, M|\n|poke|p1|Staraptor, L50, F|\n|poke|p1|Empoleon, L50, M|\n|poke|p1|Krookodile, L50, F|\n|poke|p1|Polteageist, L50|\n|poke|p2|Whimsicott, L50, M|\n|poke|p2|Ninetales, L50, F|\n|poke|p2|Floette-Eternal, L50, F|\n|poke|p2|Azumarill, L50, F|\n|poke|p2|Sylveon, L50, M|\n|poke|p2|Meowstic, L50, M|\n|teampreview|4\n|inactive|Battle timer is ON: inactive players will automatically lose when time's up. (requested by patientgui)\n|inactive|Montevius also wants the timer to be on.\n|inactive|Montevius has 60 seconds left.\n|inactive|patientgui has 60 seconds left.\n|\n|t:|1788435269\n|teamsize|p1|4\n|teamsize|p2|4\n|start\n|switch|p1a: Serperior|Serperior, L50, M|100/100\n|switch|p1b: Meowstic|Meowstic, L50, M|100/100\n|switch|p2a: Floette|Floette-Eternal, L50, F|100/100\n|switch|p2b: Ninetales|Ninetales, L50, F|100/100\n|-weather|SunnyDay|[from] ability: Drought|[of] p2b: Ninetales\n|turn|1\n|\n|t:|1788435286\n|switch|p1a: Empoleon|Empoleon, L50, M|100/100\n|detailschange|p2a: Floette|Floette-Mega, L50, F\n|-mega|p2a: Floette|Floette|Floettite\n|-ability|p2a: Floette|Fairy Aura\n|move|p2b: Ninetales|Fire Blast|p1a: Empoleon|[miss]\n|-miss|p2b: Ninetales|p1a: Empoleon\n|move|p2a: Floette|Calm Mind|p2a: Floette\n|-boost|p2a: Floette|spa|1\n|-boost|p2a: Floette|spd|1\n|move|p1b: Meowstic|Trick Room|p1b: Meowstic\n|-fieldstart|move: Trick Room|[of] p1b: Meowstic\n|\n|-weather|SunnyDay|[upkeep]\n|upkeep\n|turn|2\n|inactive|patientgui has 30 seconds left.\n|\n|t:|1788435320\n|move|p1b: Meowstic|Fake Tears|p2a: Floette\n|-unboost|p2a: Floette|spd|2\n|move|p1a: Empoleon|Hydro Pump|p2b: Ninetales\n|-supereffective|p2b: Ninetales|1\n|-damage|p2b: Ninetales|31/100\n|-damage|p1a: Empoleon|90/100|[from] item: Life Orb\n|move|p2a: Floette|Solar Beam||[still]\n|-prepare|p2a: Floette|Solar Beam\n|-anim|p2a: Floette|Solar Beam|p1a: Empoleon\n|-damage|p1a: Empoleon|29/100\n|move|p2b: Ninetales|Fire Blast|p1a: Empoleon\n|-damage|p1a: Empoleon|0 fnt\n|faint|p1a: Empoleon\n|\n|-weather|SunnyDay|[upkeep]\n|upkeep\n|\n|t:|1788435335\n|switch|p1a: Polteageist|Polteageist, L50|100/100\n|turn|3\n|\n|t:|1788435345\n|move|p1b: Meowstic|Fake Tears|p2a: Floette\n|-unboost|p2a: Floette|spd|2\n|move|p1a: Polteageist|Shadow Ball|p2a: Floette\n|-damage|p2a: Floette|24/100\n|-unboost|p2a: Floette|spd|1\n|move|p2a: Floette|Light of Ruin|p1a: Polteageist\n|-damage|p1a: Polteageist|0 fnt\n|-start|p2a: Floette|Disable|Light of Ruin|[from] ability: Cursed Body|[of] p1a: Polteageist\n|faint|p1a: Polteageist\n|-damage|p2a: Floette|0 fnt|[from] Recoil\n|faint|p2a: Floette\n|move|p2b: Ninetales|Fire Blast|p1b: Meowstic|[miss]\n|-miss|p2b: Ninetales|p1b: Meowstic\n|\n|-weather|SunnyDay|[upkeep]\n|upkeep\n|\n|t:|1788435359\n|switch|p1a: Serperior|Serperior, L50, M|100/100\n|switch|p2a: Sylveon|Sylveon, L50, M|100/100\n|turn|4\n|\n|t:|1788435382\n|move|p1a: Serperior|Protect|p1a: Serperior\n|-singleturn|p1a: Serperior|Protect\n|move|p2a: Sylveon|Mystical Fire|p1a: Serperior\n|-activate|p1a: Serperior|move: Protect\n|move|p2b: Ninetales|Fire Blast|p1a: Serperior\n|-activate|p1a: Serperior|move: Protect\n|move|p1b: Meowstic|Trick Room|p1b: Meowstic\n|-fieldend|move: Trick Room\n|\n|-weather|SunnyDay|[upkeep]\n|upkeep\n|turn|5\n|inactive|Montevius has 30 seconds left.\n|c|☆patientgui|i think its ggs man\n|inactive|Montevius has 20 seconds left.\n|inactive|Montevius has 15 seconds left.\n|\n|t:|1788435424\n|move|p1b: Meowstic|Tickle|p1a: Serperior\n|-boost|p1a: Serperior|atk|1\n|-boost|p1a: Serperior|def|1\n|move|p2b: Ninetales|Fire Blast|p1a: Serperior\n|-supereffective|p1a: Serperior|1\n|-damage|p1a: Serperior|0 fnt\n|faint|p1a: Serperior\n|move|p2a: Sylveon|Mystical Fire|p1b: Meowstic\n|-damage|p1b: Meowstic|54/100\n|-unboost|p1b: Meowstic|spa|1\n|\n|-weather|none\n|upkeep\n|turn|6\n|c|☆patientgui|if u come back i will genuinely be kerfuffled\n|\n|t:|1788435438\n|move|p2b: Ninetales|Fire Blast|p1b: Meowstic|[miss]\n|-miss|p2b: Ninetales|p1b: Meowstic\n|move|p1b: Meowstic|Psychic|p2b: Ninetales\n|-damage|p2b: Ninetales|11/100\n|move|p2a: Sylveon|Hyper Voice|p1b: Meowstic\n|-damage|p1b: Meowstic|0 fnt\n|faint|p1b: Meowstic\n|\n|win|patientgui\n|raw|Montevius's rating: 1129 &rarr; <strong>1097</strong><br />(-32 for losing)\n|raw|patientgui's rating: 1027 &rarr; <strong>1073</strong><br />(+46 for winning)\n|l|☆Montevius\n|player|p1|\n|c|☆patientgui|gg\n","uploadtime":1788435460,"views":"4","formatid":"gen9championsvgc2026regmb","rating":1073,"private":0,"password":null}