{"id":"gen9championsvgc2026regmbbo3-2673881465","format":"[Gen 9 Champions] VGC 2026 Reg M-B (Bo3)","players":["Cam oddish","Jorge Saltamontes"],"log":"|j|☆Cam oddish\n|j|☆Jorge Saltamontes\n|html|<table width=\"100%\"><tr><td align=\"left\">Cam oddish</td><td align=\"right\">Jorge Saltamontes</tr><tr><td align=\"left\"><i class=\"fa fa-circle-o\"></i> <i class=\"fa fa-circle-o\"></i> </td><td align=\"right\"><i class=\"fa fa-circle-o\"></i> <i class=\"fa fa-circle-o\"></i> </tr></table>\n|uhtml|bestof|<h2><strong>Game 1</strong> of <a href=\"/game-bestof3-gen9championsvgc2026regmbbo3-2673881464\">a best-of-3</a></h2>\n|t:|1788272502\n|gametype|doubles\n|player|p1|Cam oddish|266|1328\n|player|p2|Jorge Saltamontes|marshal|1474\n|gen|9\n|tier|[Gen 9 Champions] VGC 2026 Reg M-B (Bo3)\n|rated|\n|rule|Species Clause: Limit one of each Pokémon\n|rule|Item Clause: Limit 1 of each item\n|clearpoke\n|poke|p1|Blaziken, L50, M|\n|poke|p1|Torkoal, L50, M|\n|poke|p1|Kingambit, L50, F|\n|poke|p1|Venusaur, L50, F|\n|poke|p1|Primarina, L50, F|\n|poke|p1|Farigiraf, L50, F, shiny|\n|poke|p2|Charizard, L50, F|\n|poke|p2|Sylveon, L50, F|\n|poke|p2|Garchomp, L50, M|\n|poke|p2|Venusaur, L50, F|\n|poke|p2|Incineroar, L50, M|\n|poke|p2|Toxapex, L50, M|\n|teampreview|4\n|showteam|p1|Blaziken||Blazikenite|SpeedBoost|CloseCombat,FlareBlitz,RockSlide,Detect|Adamant||M|||50|]Torkoal||Charcoal|Drought|Eruption,HelpingHand,HeatWave,Protect|Quiet||M|||50|]Kingambit||FocusSash|Defiant|KowtowCleave,SuckerPunch,IronHead,Protect|Adamant||F|||50|]Venusaur||WideLens|Chlorophyll|LeafStorm,SleepPowder,SludgeBomb,Protect|Modest||F|||50|]Primarina||LifeOrb|LiquidVoice|HyperVoice,Moonblast,AquaJet,Protect|Quiet||F|||50|]Farigiraf||SitrusBerry|ArmorTail|TwinBeam,TrickRoom,Thunderbolt,Protect|Bold||F|||50|\n|showteam|p2|Charizard||CharizarditeY|Blaze|WeatherBall,HeatWave,AncientPower,Protect|Modest||F|||50|]Sylveon||FairyFeather|Pixilate|HyperVoice,QuickAttack,Yawn,Detect|Modest||F|||50|]Garchomp||ChoiceScarf|RoughSkin|RockSlide,DragonClaw,Earthquake,StompingTantrum|Adamant||M|||50|]Venusaur||LifeOrb|Chlorophyll|SludgeBomb,LeafStorm,EarthPower,Protect|Modest||F|||50|]Incineroar||SitrusBerry|Intimidate|FlareBlitz,FakeOut,DarkestLariat,PartingShot|Impish||M|||50|]Toxapex||Leftovers|Regenerator|Infestation,Toxic,WideGuard,BanefulBunker|Bold||M|||50|\n|\n|t:|1788272533\n|teamsize|p1|4\n|teamsize|p2|4\n|start\n|switch|p1a: Blaziken|Blaziken, L50, M|100/100\n|switch|p1b: Kingambit|Kingambit, L50, F|100/100\n|switch|p2a: Charizard|Charizard, L50, F|100/100\n|switch|p2b: Venusaur|Venusaur, L50, F|100/100\n|turn|1\n|inactive|Battle timer is ON: inactive players will automatically lose when time's up. (requested by Jorge Saltamontes)\n|\n|t:|1788272568\n|detailschange|p2a: Charizard|Charizard-Mega-Y, L50, F\n|-mega|p2a: Charizard|Charizard|Charizardite Y\n|-weather|SunnyDay|[from] ability: Drought|[of] p2a: Charizard\n|detailschange|p1a: Blaziken|Blaziken-Mega, L50, M\n|-mega|p1a: Blaziken|Blaziken|Blazikenite\n|move|p1b: Kingambit|Protect|p1b: Kingambit\n|-singleturn|p1b: Kingambit|Protect\n|move|p2b: Venusaur|Earth Power|p1a: Blaziken\n|-supereffective|p1a: Blaziken|1\n|-damage|p1a: Blaziken|0 fnt\n|faint|p1a: Blaziken\n|-damage|p2b: Venusaur|90/100|[from] item: Life Orb\n|move|p2a: Charizard|Heat Wave|p1b: Kingambit\n|-activate|p1b: Kingambit|move: Protect\n|\n|-weather|SunnyDay|[upkeep]\n|upkeep\n|\n|t:|1788272580\n|switch|p1a: Venusaur|Venusaur, L50, F|100/100\n|turn|2\n|\n|t:|1788272591\n|move|p1b: Kingambit|Sucker Punch|p2b: Venusaur\n|-damage|p2b: Venusaur|31/100\n|move|p2b: Venusaur|Earth Power|p1b: Kingambit\n|-supereffective|p1b: Kingambit|1\n|-damage|p1b: Kingambit|29/100\n|-damage|p2b: Venusaur|21/100|[from] item: Life Orb\n|move|p1a: Venusaur|Sleep Powder|p2a: Charizard\n|-status|p2a: Charizard|slp|[from] move: Sleep Powder\n|cant|p2a: Charizard|slp\n|\n|-weather|SunnyDay|[upkeep]\n|upkeep\n|turn|3\n|inactive|Cam oddish has 30 seconds left.\n|inactive|Cam oddish has 20 seconds left.\n|inactive|Cam oddish has 15 seconds left.\n|inactive|Cam oddish has 10 seconds left.\n|\n|t:|1788272640\n|move|p2b: Venusaur|Protect|p2b: Venusaur\n|-singleturn|p2b: Venusaur|Protect\n|move|p1b: Kingambit|Sucker Punch||[still]\n|-fail|p1b: Kingambit\n|move|p1a: Venusaur|Sludge Bomb|p2a: Charizard\n|-damage|p2a: Charizard|58/100 slp\n|cant|p2a: Charizard|slp\n|\n|-weather|SunnyDay|[upkeep]\n|upkeep\n|turn|4\n|\n|t:|1788272663\n|move|p1b: Kingambit|Sucker Punch|p2a: Charizard\n|-damage|p2a: Charizard|14/100 slp\n|move|p2b: Venusaur|Earth Power|p1b: Kingambit\n|-supereffective|p1b: Kingambit|1\n|-damage|p1b: Kingambit|0 fnt\n|faint|p1b: Kingambit\n|-damage|p2b: Venusaur|12/100|[from] item: Life Orb\n|move|p1a: Venusaur|Sludge Bomb|p2a: Charizard\n|-damage|p2a: Charizard|0 fnt\n|faint|p2a: Charizard\n|\n|-weather|SunnyDay|[upkeep]\n|upkeep\n|\n|t:|1788272679\n|switch|p2a: Toxapex|Toxapex, L50, M|100/100\n|switch|p1b: Torkoal|Torkoal, L50, M|100/100\n|turn|5\n|\n|t:|1788272691\n|move|p2a: Toxapex|Baneful Bunker|p2a: Toxapex\n|-singleturn|p2a: Toxapex|move: Protect\n|move|p1b: Torkoal|Protect|p1b: Torkoal\n|-singleturn|p1b: Torkoal|Protect\n|move|p2b: Venusaur|Sludge Bomb|p1a: Venusaur\n|-damage|p1a: Venusaur|38/100\n|-damage|p2b: Venusaur|2/100|[from] item: Life Orb\n|move|p1a: Venusaur|Sludge Bomb|p2b: Venusaur\n|-damage|p2b: Venusaur|0 fnt\n|faint|p2b: Venusaur\n|\n|-weather|none\n|upkeep\n|\n|t:|1788272703\n|switch|p2b: Garchomp|Garchomp, L50, M|100/100\n|turn|6\n|\n|t:|1788272715\n|move|p2b: Garchomp|Stomping Tantrum|p1a: Venusaur\n|-damage|p1a: Venusaur|0 fnt\n|faint|p1a: Venusaur\n|move|p2a: Toxapex|Toxic|p1b: Torkoal\n|-status|p1b: Torkoal|tox\n|move|p1b: Torkoal|Heat Wave|p2b: Garchomp|[spread] p2a,p2b\n|-resisted|p2a: Toxapex|1\n|-resisted|p2b: Garchomp|1\n|-damage|p2a: Toxapex|86/100\n|-damage|p2b: Garchomp|81/100\n|\n|-heal|p2a: Toxapex|92/100|[from] item: Leftovers\n|-damage|p1b: Torkoal|93/100 tox|[from] psn\n|upkeep\n|turn|7\n|\n|t:|1788272730\n|move|p2a: Toxapex|Wide Guard|p2a: Toxapex\n|-singleturn|p2a: Toxapex|Wide Guard\n|move|p2b: Garchomp|Stomping Tantrum|p1b: Torkoal\n|-supereffective|p1b: Torkoal|1\n|-damage|p1b: Torkoal|24/100 tox\n|move|p1b: Torkoal|Heat Wave|p2a: Toxapex|[spread] \n|-activate|p2a: Toxapex|move: Wide Guard\n|-activate|p2b: Garchomp|move: Wide Guard\n|\n|-heal|p2a: Toxapex|98/100|[from] item: Leftovers\n|-damage|p1b: Torkoal|12/100 tox|[from] psn\n|upkeep\n|turn|8\n|\n|t:|1788272745\n|move|p1b: Torkoal|Helping Hand|p1: Venusaur|[notarget]\n|-fail|p1b: Torkoal\n|move|p2b: Garchomp|Stomping Tantrum|p1b: Torkoal\n|-supereffective|p1b: Torkoal|1\n|-damage|p1b: Torkoal|0 fnt\n|faint|p1b: Torkoal\n|\n|win|Jorge Saltamontes\n||Cam oddish is ready for game 2.\n||Jorge Saltamontes is ready for game 2.\n|uhtml|next|Next: <a href=\"/battle-gen9championsvgc2026regmbbo3-2673883478\"><strong>Game 2 of 3</strong></a>\n","uploadtime":1788272506,"views":"0","formatid":"gen9championsvgc2026regmbbo3","rating":null,"private":0,"password":null}