{"id":"gen9championsvgc2026regmb-2674395995","format":"[Gen 9 Champions] VGC 2026 Reg M-B","players":["luizhsouza3","DeRayKo10"],"log":"|j|☆luizhsouza3\n|j|☆DeRayKo10\n|t:|1788354452\n|gametype|doubles\n|player|p1|luizhsouza3|265|1203\n|player|p2|DeRayKo10|hiker-gen4|1203\n|gen|9\n|tier|[Gen 9 Champions] VGC 2026 Reg M-B\n|rated|\n|rule|Species Clause: Limit one of each Pokémon\n|rule|Item Clause: Limit 1 of each item\n|clearpoke\n|poke|p1|Pelipper, L50, F|\n|poke|p1|Swampert, L50, M|\n|poke|p1|Sneasler, L50, M|\n|poke|p1|Archaludon, L50, M|\n|poke|p1|Grimmsnarl, L50, M|\n|poke|p1|Tsareena, L50, F|\n|poke|p2|Sneasler, L50, M, shiny|\n|poke|p2|Rotom-Wash, L50|\n|poke|p2|Sceptile, L50, M, shiny|\n|poke|p2|Incineroar, L50, M, shiny|\n|poke|p2|Garchomp, L50, F|\n|poke|p2|Aegislash, L50, M, shiny|\n|teampreview|4\n|inactive|Battle timer is ON: inactive players will automatically lose when time's up. (requested by DeRayKo10)\n|inactive|luizhsouza3 also wants the timer to be on.\n|l|☆luizhsouza3\n|inactive|luizhsouza3 disconnected and has a minute to reconnect!\n|player|p1|\n|inactive|DeRayKo10 has 60 seconds left.\n|j|☆luizhsouza3\n|inactive|luizhsouza3 reconnected.\n|player|p1|luizhsouza3|265|\n|inactive|DeRayKo10 has 30 seconds left.\n|inactive|DeRayKo10 has 20 seconds left.\n|inactive|DeRayKo10 has 15 seconds left.\n|inactive|DeRayKo10 has 10 seconds left.\n|\n|t:|1788354533\n|teamsize|p1|4\n|teamsize|p2|4\n|start\n|switch|p1a: Sneasler|Sneasler, L50, M|100/100\n|switch|p1b: Grimmsnarl|Grimmsnarl, L50, M|100/100\n|switch|p2a: Sneasler|Sneasler, L50, M, shiny|100/100\n|switch|p2b: Incineroar|Incineroar, L50, M, shiny|100/100\n|-ability|p2b: Incineroar|Intimidate|boost\n|-unboost|p1a: Sneasler|atk|1\n|-unboost|p1b: Grimmsnarl|atk|1\n|-enditem|p1a: Sneasler|White Herb\n|-clearnegativeboost|p1a: Sneasler|[silent]\n|turn|1\n|inactive|DeRayKo10 has 30 seconds left.\n|\n|t:|1788354558\n|move|p1a: Sneasler|Fake Out|p2a: Sneasler\n|-damage|p2a: Sneasler|76/100\n|move|p2b: Incineroar|Fake Out|p1a: Sneasler\n|-damage|p1a: Sneasler|80/100\n|move|p1b: Grimmsnarl|Reflect|p1b: Grimmsnarl\n|-sidestart|p1: luizhsouza3|Reflect\n|cant|p2a: Sneasler|flinch\n|\n|upkeep\n|turn|2\n|\n|t:|1788354580\n|move|p1b: Grimmsnarl|Light Screen|p1b: Grimmsnarl\n|-sidestart|p1: luizhsouza3|move: Light Screen\n|move|p1a: Sneasler|Close Combat|p2b: Incineroar\n|-supereffective|p2b: Incineroar|1\n|-enditem|p2b: Incineroar|Chople Berry|[eat]\n|-enditem|p2b: Incineroar|Chople Berry|[weaken]\n|-damage|p2b: Incineroar|53/100\n|-unboost|p1a: Sneasler|def|1\n|-unboost|p1a: Sneasler|spd|1\n|move|p2a: Sneasler|Dire Claw|p1b: Grimmsnarl\n|-supereffective|p1b: Grimmsnarl|1\n|-damage|p1b: Grimmsnarl|53/100\n|move|p2b: Incineroar|Parting Shot|p1a: Sneasler\n|-unboost|p1a: Sneasler|atk|1\n|-unboost|p1a: Sneasler|spa|1\n|inactive|DeRayKo10 has 30 seconds left.\n|\n|t:|1788354607\n|switch|p2b: Sceptile|Sceptile, L50, M, shiny|100/100|[from] Parting Shot\n|\n|upkeep\n|turn|3\n|\n|t:|1788354617\n|switch|p2a: Rotom|Rotom-Wash, L50|100/100\n|switch|p1b: Swampert|Swampert, L50, M|100/100\n|move|p2b: Sceptile|Protect|p2b: Sceptile\n|-singleturn|p2b: Sceptile|Protect\n|move|p1a: Sneasler|Coaching|p1b: Swampert\n|-boost|p1b: Swampert|atk|1\n|-boost|p1b: Swampert|def|1\n|\n|upkeep\n|turn|4\n|inactive|DeRayKo10 has 30 seconds left.\n|inactive|luizhsouza3 has 30 seconds left.\n|\n|t:|1788354649\n|switch|p2b: Incineroar|Incineroar, L50, M, shiny|53/100\n|-ability|p2b: Incineroar|Intimidate|boost\n|-unboost|p1a: Sneasler|atk|1\n|-unboost|p1b: Swampert|atk|1\n|move|p1b: Swampert|Protect|p1b: Swampert\n|-singleturn|p1b: Swampert|Protect\n|move|p1a: Sneasler|Coaching|p1b: Swampert\n|-boost|p1b: Swampert|atk|1\n|-boost|p1b: Swampert|def|1\n|move|p2a: Rotom|Volt Switch|p1a: Sneasler\n|-damage|p1a: Sneasler|40/100\n|\n|t:|1788354671\n|switch|p2a: Sneasler|Sneasler, L50, M, shiny|76/100|[from] Volt Switch\n|\n|upkeep\n|turn|5\n|inactive|DeRayKo10 has 30 seconds left.\n|inactive|DeRayKo10 has 20 seconds left.\n|inactive|DeRayKo10 has 15 seconds left.\n|\n|t:|1788354712\n|switch|p1a: Pelipper|Pelipper, L50, F|100/100\n|-weather|RainDance|[from] ability: Drizzle|[of] p1a: Pelipper\n|detailschange|p1b: Swampert|Swampert-Mega, L50, M\n|-mega|p1b: Swampert|Swampert|Swampertite\n|move|p2a: Sneasler|Protect|p2a: Sneasler\n|-singleturn|p2a: Sneasler|Protect\n|move|p2b: Incineroar|Fake Out|p1b: Swampert\n|-damage|p1b: Swampert|96/100\n|cant|p1b: Swampert|flinch\n|\n|-weather|RainDance|[upkeep]\n|upkeep\n|turn|6\n|inactive|DeRayKo10 has 30 seconds left.\n|inactive|DeRayKo10 has 20 seconds left.\n|\n|t:|1788354751\n|switch|p2b: Rotom|Rotom-Wash, L50|100/100\n|move|p1b: Swampert|Earthquake|p2a: Sneasler|[spread] p2a\n|-immune|p1a: Pelipper\n|-immune|p2b: Rotom|[from] ability: Levitate\n|-supereffective|p2a: Sneasler|1\n|-damage|p2a: Sneasler|0 fnt\n|faint|p2a: Sneasler\n|move|p1a: Pelipper|Tailwind|p1a: Pelipper\n|-sidestart|p1: luizhsouza3|move: Tailwind\n|\n|-weather|RainDance|[upkeep]\n|upkeep\n|\n|t:|1788354769\n|switch|p2a: Sceptile|Sceptile, L50, M, shiny|100/100\n|turn|7\n|\n|t:|1788354778\n|switch|p2b: Incineroar|Incineroar, L50, M, shiny|53/100\n|-ability|p2b: Incineroar|Intimidate|boost\n|-unboost|p1a: Pelipper|atk|1\n|-unboost|p1b: Swampert|atk|1\n|switch|p1a: Sneasler|Sneasler, L50, M|40/100\n|move|p1b: Swampert|Protect|p1b: Swampert\n|-singleturn|p1b: Swampert|Protect\n|move|p2a: Sceptile|Protect||[still]\n|-fail|p2a: Sceptile\n|\n|-weather|RainDance|[upkeep]\n|upkeep\n|turn|8\n|inactive|DeRayKo10 has 30 seconds left.\n|inactive|DeRayKo10 has 20 seconds left.\n|inactive|DeRayKo10 has 15 seconds left.\n|\n|t:|1788354823\n|detailschange|p2a: Sceptile|Sceptile-Mega, L50, M, shiny\n|-mega|p2a: Sceptile|Sceptile|Sceptilite\n|move|p2b: Incineroar|Fake Out|p1b: Swampert\n|-damage|p1b: Swampert|92/100\n|cant|p1b: Swampert|flinch\n|move|p1a: Sneasler|Coaching|p1b: Swampert\n|-boost|p1b: Swampert|atk|1\n|-boost|p1b: Swampert|def|1\n|move|p2a: Sceptile|Leaf Storm|p1b: Swampert\n|-supereffective|p1b: Swampert|2\n|-damage|p1b: Swampert|0 fnt\n|-unboost|p2a: Sceptile|spa|2\n|faint|p1b: Swampert\n|\n|-weather|RainDance|[upkeep]\n|-sideend|p1: luizhsouza3|Reflect\n|upkeep\n|-message|luizhsouza3 forfeited.\n|\n|win|DeRayKo10\n|raw|luizhsouza3's rating: 1203 &rarr; <strong>1178</strong><br />(-25 for losing)\n|raw|DeRayKo10's rating: 1203 &rarr; <strong>1228</strong><br />(+25 for winning)\n|l|☆luizhsouza3\n|player|p1|\n","uploadtime":1788354863,"views":"1","formatid":"gen9championsvgc2026regmb","rating":1178,"private":0,"password":null}