{"id":"gen9championsvgc2026regmb-2674076206","format":"[Gen 9 Champions] VGC 2026 Reg M-B","players":["conngfan","luijingames"],"log":"|j|☆conngfan\n|j|☆luijingames\n|t:|1788295853\n|gametype|doubles\n|player|p1|conngfan|arven-s|1517\n|player|p2|luijingames|rocketgrunt|1412\n|gen|9\n|tier|[Gen 9 Champions] VGC 2026 Reg M-B\n|rated|\n|rule|Species Clause: Limit one of each Pokémon\n|rule|Item Clause: Limit 1 of each item\n|clearpoke\n|poke|p1|Aerodactyl, L50, M|\n|poke|p1|Raichu, L50, F|\n|poke|p1|Sneasler, L50, M|\n|poke|p1|Sylveon, L50, M|\n|poke|p1|Kingambit, L50, M|\n|poke|p1|Tsareena, L50, F|\n|poke|p2|Sneasler, L50, M|\n|poke|p2|Blastoise, L50, M|\n|poke|p2|Kingambit, L50, M|\n|poke|p2|Incineroar, L50, M|\n|poke|p2|Delphox, L50, F|\n|poke|p2|Sinistcha, L50|\n|teampreview|4\n|inactive|Battle timer is ON: inactive players will automatically lose when time's up. (requested by conngfan)\n|inactive|luijingames also wants the timer to be on.\n|inactive|conngfan has 60 seconds left.\n|\n|t:|1788295897\n|teamsize|p1|4\n|teamsize|p2|4\n|start\n|switch|p1a: Aerodactyl|Aerodactyl, L50, M|100/100\n|switch|p1b: Kingambit|Kingambit, L50, M|100/100\n|switch|p2a: Blastoise|Blastoise, L50, M|100/100\n|switch|p2b: Sneasler|Sneasler, L50, M|100/100\n|-ability|p1a: Aerodactyl|Unnerve\n|turn|1\n|\n|t:|1788295919\n|detailschange|p2a: Blastoise|Blastoise-Mega, L50, M\n|-mega|p2a: Blastoise|Blastoise|Blastoisinite\n|move|p2b: Sneasler|Fake Out|p1a: Aerodactyl\n|-resisted|p1a: Aerodactyl|1\n|-damage|p1a: Aerodactyl|89/100\n|cant|p1a: Aerodactyl|flinch\n|move|p2a: Blastoise|Shell Smash|p2a: Blastoise\n|-unboost|p2a: Blastoise|def|1\n|-unboost|p2a: Blastoise|spd|1\n|-boost|p2a: Blastoise|atk|2\n|-boost|p2a: Blastoise|spa|2\n|-boost|p2a: Blastoise|spe|2\n|move|p1b: Kingambit|Kowtow Cleave|p2a: Blastoise\n|-damage|p2a: Blastoise|1/100\n|-damage|p1b: Kingambit|90/100|[from] item: Life Orb\n|\n|upkeep\n|turn|2\n|\n|t:|1788295933\n|move|p2b: Sneasler|Quick Guard|p2b: Sneasler\n|-singleturn|p2b: Sneasler|Quick Guard\n|move|p1b: Kingambit|Sucker Punch|p2a: Blastoise\n|-activate|p2a: Blastoise|move: Quick Guard\n|move|p2a: Blastoise|Dark Pulse|p1a: Aerodactyl\n|-damage|p1a: Aerodactyl|0 fnt\n|faint|p1a: Aerodactyl\n|\n|upkeep\n|\n|t:|1788295940\n|switch|p1a: Raichu|Raichu, L50, F|100/100\n|turn|3\n|\n|t:|1788295957\n|detailschange|p1a: Raichu|Raichu-Mega-Y, L50, F\n|-mega|p1a: Raichu|Raichu|Raichunite Y\n|move|p2a: Blastoise|Protect|p2a: Blastoise\n|-singleturn|p2a: Blastoise|Protect\n|move|p1b: Kingambit|Sucker Punch||[still]\n|-fail|p1b: Kingambit\n|move|p1a: Raichu|Zap Cannon|p2b: Sneasler\n|-damage|p2b: Sneasler|15/100\n|-status|p2b: Sneasler|par\n|move|p2b: Sneasler|Close Combat|p1b: Kingambit\n|-supereffective|p1b: Kingambit|2\n|-damage|p1b: Kingambit|0 fnt\n|-unboost|p2b: Sneasler|def|1\n|-unboost|p2b: Sneasler|spd|1\n|faint|p1b: Kingambit\n|\n|upkeep\n|\n|t:|1788295963\n|switch|p1b: Sylveon|Sylveon, L50, M|100/100\n|turn|4\n|\n|t:|1788295981\n|switch|p2b: Sinistcha|Sinistcha, L50|100/100\n|-heal|p2a: Blastoise|26/100|[from] ability: Hospitality|[of] p2b: Sinistcha\n|move|p1a: Raichu|Protect|p1a: Raichu\n|-singleturn|p1a: Raichu|Protect\n|move|p2a: Blastoise|Dark Pulse|p1a: Raichu\n|-activate|p1a: Raichu|move: Protect\n|move|p1b: Sylveon|Hyper Voice|p2a: Blastoise|[spread] p2a,p2b\n|-damage|p2a: Blastoise|0 fnt\n|-damage|p2b: Sinistcha|58/100\n|faint|p2a: Blastoise\n|\n|upkeep\n|\n|t:|1788296001\n|switch|p2a: Incineroar|Incineroar, L50, M|100/100\n|-ability|p2a: Incineroar|Intimidate|boost\n|-unboost|p1a: Raichu|atk|1\n|-unboost|p1b: Sylveon|atk|1\n|turn|5\n|\n|t:|1788296006\n|move|p2a: Incineroar|Fake Out|p1a: Raichu\n|-damage|p1a: Raichu|80/100\n|cant|p1a: Raichu|flinch\n|move|p1b: Sylveon|Hyper Voice|p2a: Incineroar|[spread] p2a,p2b\n|-damage|p2a: Incineroar|61/100\n|-damage|p2b: Sinistcha|13/100\n|move|p2b: Sinistcha|Trick Room|p2b: Sinistcha\n|-fieldstart|move: Trick Room|[of] p2b: Sinistcha\n|\n|upkeep\n|turn|6\n|\n|t:|1788296018\n|move|p2a: Incineroar|Flare Blitz|p1b: Sylveon\n|-damage|p1b: Sylveon|37/100\n|-damage|p2a: Incineroar|43/100|[from] Recoil\n|-enditem|p2a: Incineroar|Sitrus Berry|[eat]\n|-heal|p2a: Incineroar|67/100|[from] item: Sitrus Berry\n|move|p2b: Sinistcha|Matcha Gotcha|p1a: Raichu|[spread] p1a,p1b\n|-damage|p1a: Raichu|46/100\n|-heal|p2b: Sinistcha|28/100|[from] drain|[of] p1a: Raichu\n|-damage|p1b: Sylveon|16/100\n|-heal|p2b: Sinistcha|39/100|[from] drain|[of] p1b: Sylveon\n|move|p1b: Sylveon|Hyper Voice|p2b: Sinistcha|[spread] p2a,p2b\n|-damage|p2a: Incineroar|30/100\n|-damage|p2b: Sinistcha|0 fnt\n|faint|p2b: Sinistcha\n|move|p1a: Raichu|Focus Blast|p2a: Incineroar\n|-supereffective|p2a: Incineroar|1\n|-damage|p2a: Incineroar|0 fnt\n|faint|p2a: Incineroar\n|\n|upkeep\n|\n|t:|1788296034\n|switch|p2b: Sneasler|Sneasler, L50, M|15/100 par\n|turn|7\n|\n|t:|1788296041\n|move|p2b: Sneasler|Poison Jab|p1a: Raichu\n|-crit|p1a: Raichu\n|-damage|p1a: Raichu|0 fnt\n|faint|p1a: Raichu\n|move|p1b: Sylveon|Hyper Voice|p2b: Sneasler\n|-damage|p2b: Sneasler|0 fnt\n|faint|p2b: Sneasler\n|\n|win|conngfan\n|raw|conngfan's rating: 1517 &rarr; <strong>1531</strong><br />(+14 for winning)\n|raw|luijingames's rating: 1412 &rarr; <strong>1398</strong><br />(-14 for losing)\n","uploadtime":1788296042,"views":"4","formatid":"gen9championsvgc2026regmb","rating":1398,"private":0,"password":null}