{"id":"gen9championsvgc2026regmb-2674902440","format":"[Gen 9 Champions] VGC 2026 Reg M-B","players":["Nutsfromberk07","Thornlace48812"],"log":"|j|☆Nutsfromberk07\n|j|☆Thornlace48812\n|t:|1788432739\n|gametype|doubles\n|player|p1|Nutsfromberk07|hilbert|1385\n|player|p2|Thornlace48812|102|1354\n|gen|9\n|tier|[Gen 9 Champions] VGC 2026 Reg M-B\n|rated|\n|rule|Species Clause: Limit one of each Pokémon\n|rule|Item Clause: Limit 1 of each item\n|clearpoke\n|poke|p1|Hawlucha, L50, F|\n|poke|p1|Snorlax, L50, F|\n|poke|p1|Incineroar, L50, F|\n|poke|p1|Sinistcha, L50|\n|poke|p1|Politoed, L50, M|\n|poke|p1|Gengar, L50, M, shiny|\n|poke|p2|Garchomp, L50, M|\n|poke|p2|Charizard, L50, F|\n|poke|p2|Whimsicott, L50, M|\n|poke|p2|Sylveon, L50, F|\n|poke|p2|Kingambit, L50, F|\n|poke|p2|Basculegion, L50, M|\n|teampreview|4\n|inactive|Battle timer is ON: inactive players will automatically lose when time's up. (requested by Thornlace48812)\nThornlace48812 rejected open team sheets.\n|\n|t:|1788432751\n|teamsize|p1|4\n|teamsize|p2|4\n|start\n|switch|p1a: Hawlucha|Hawlucha, L50, F|100/100\n|switch|p1b: Snorlax|Snorlax, L50, F|100/100\n|switch|p2a: Charizard|Charizard, L50, F|100/100\n|switch|p2b: Basculegion|Basculegion, L50, M|100/100\n|turn|1\n|\n|t:|1788432761\n|detailschange|p1a: Hawlucha|Hawlucha-Mega, L50, F\n|-mega|p1a: Hawlucha|Hawlucha|Hawluchanite\n|move|p2a: Charizard|Protect|p2a: Charizard\n|-singleturn|p2a: Charizard|Protect\n|move|p1a: Hawlucha|Entrainment|p1b: Snorlax\n|-ability|p1b: Snorlax|No Guard|Thick Fat|[from] move: Entrainment|[of] p1a: Hawlucha\n|move|p2b: Basculegion|Wave Crash|p1a: Hawlucha\n|-damage|p1a: Hawlucha|0 fnt\n|faint|p1a: Hawlucha\n|-damage|p2b: Basculegion|69/100|[from] Recoil\n|move|p1b: Snorlax|Fissure|p2b: Basculegion\n|-damage|p2b: Basculegion|0 fnt\n|faint|p2b: Basculegion\n|-ohko\n|\n|upkeep\n|\n|t:|1788432774\n|switch|p1a: Sinistcha|Sinistcha, L50|100/100\n|switch|p2b: Whimsicott|Whimsicott, L50, M|100/100\n|turn|2\n|\n|t:|1788432781\n|detailschange|p2a: Charizard|Charizard-Mega-Y, L50, F\n|-mega|p2a: Charizard|Charizard|Charizardite Y\n|-weather|SunnyDay|[from] ability: Drought|[of] p2a: Charizard\n|move|p1a: Sinistcha|Protect|p1a: Sinistcha\n|-singleturn|p1a: Sinistcha|Protect\n|move|p2b: Whimsicott|Moonblast|p1b: Snorlax\n|-damage|p1b: Snorlax|79/100\n|move|p2a: Charizard|Heat Wave|p1b: Snorlax|[spread] p1b\n|-activate|p1a: Sinistcha|move: Protect\n|-damage|p1b: Snorlax|37/100\n|move|p1b: Snorlax|Fissure|p2b: Whimsicott\n|-enditem|p2b: Whimsicott|Focus Sash\n|-damage|p2b: Whimsicott|1/100\n|\n|-weather|SunnyDay|[upkeep]\n|-heal|p1b: Snorlax|43/100|[from] item: Leftovers\n|upkeep\n|turn|3\n|\n|t:|1788432800\n|switch|p1a: Politoed|Politoed, L50, M|100/100\n|-weather|RainDance|[from] ability: Drizzle|[of] p1a: Politoed\n|move|p2b: Whimsicott|Tailwind|p2b: Whimsicott\n|-sidestart|p2: Thornlace48812|move: Tailwind\n|move|p2a: Charizard|Heat Wave|p1b: Snorlax|[spread] p1a,p1b\n|-resisted|p1a: Politoed|1\n|-damage|p1a: Politoed|90/100\n|-damage|p1b: Snorlax|29/100\n|move|p1b: Snorlax|Fissure|p2b: Whimsicott\n|-damage|p2b: Whimsicott|0 fnt\n|faint|p2b: Whimsicott\n|-ohko\n|\n|-weather|RainDance|[upkeep]\n|-heal|p1b: Snorlax|35/100|[from] item: Leftovers\n|upkeep\n|\n|t:|1788432801\n|switch|p2b: Garchomp|Garchomp, L50, M|100/100\n|turn|4\n|\n|t:|1788432824\n|move|p2b: Garchomp|Earthquake|p1a: Politoed|[spread] p1a,p1b\n|-immune|p2a: Charizard\n|-damage|p1a: Politoed|39/100\n|-damage|p1b: Snorlax|2/100\n|-enditem|p1a: Politoed|Sitrus Berry|[eat]\n|-heal|p1a: Politoed|64/100|[from] item: Sitrus Berry\n|-damage|p2b: Garchomp|90/100|[from] item: Life Orb\n|move|p2a: Charizard|Heat Wave|p1a: Politoed|[spread] p1a,p1b\n|-resisted|p1a: Politoed|1\n|-crit|p1a: Politoed\n|-damage|p1a: Politoed|50/100g\n|-damage|p1b: Snorlax|0 fnt\n|faint|p1b: Snorlax\n|move|p1a: Politoed|Perish Song|p1a: Politoed\n|-start|p1a: Politoed|perish3|[silent]\n|-start|p2a: Charizard|perish3|[silent]\n|-start|p2b: Garchomp|perish3|[silent]\n|-fieldactivate|move: Perish Song\n|\n|-weather|RainDance|[upkeep]\n|-start|p2b: Garchomp|perish3\n|-start|p2a: Charizard|perish3\n|-start|p1a: Politoed|perish3\n|upkeep\n|\n|t:|1788432834\n|switch|p1b: Sinistcha|Sinistcha, L50|100/100\n|-heal|p1a: Politoed|75/100|[from] ability: Hospitality|[of] p1b: Sinistcha\n|turn|5\n|\n|t:|1788432838\n|move|p1a: Politoed|Protect|p1a: Politoed\n|-singleturn|p1a: Politoed|Protect\n|move|p1b: Sinistcha|Protect|p1b: Sinistcha\n|-singleturn|p1b: Sinistcha|Protect\n|move|p2b: Garchomp|Dragon Claw|p1a: Politoed\n|-activate|p1a: Politoed|move: Protect\n|move|p2a: Charizard|Heat Wave|p1a: Politoed|[spread] \n|-activate|p1a: Politoed|move: Protect\n|-activate|p1b: Sinistcha|move: Protect\n|\n|-weather|RainDance|[upkeep]\n|-start|p2b: Garchomp|perish2\n|-start|p2a: Charizard|perish2\n|-start|p1a: Politoed|perish2\n|upkeep\n|turn|6\n|\n|t:|1788432852\n|move|p1b: Sinistcha|Rage Powder|p1b: Sinistcha\n|-singleturn|p1b: Sinistcha|move: Rage Powder\n|move|p2b: Garchomp|Dragon Claw|p1b: Sinistcha\n|-damage|p1b: Sinistcha|60/100\n|-damage|p2b: Garchomp|80/100|[from] item: Life Orb\n|move|p2a: Charizard|Heat Wave|p1b: Sinistcha|[spread] p1a,p1b\n|-resisted|p1a: Politoed|1\n|-supereffective|p1b: Sinistcha|1\n|-damage|p1a: Politoed|66/100\n|-damage|p1b: Sinistcha|11/100\n|move|p1a: Politoed|Weather Ball|p2a: Charizard\n|-supereffective|p2a: Charizard|1\n|-damage|p2a: Charizard|4/100\n|\n|-weather|RainDance|[upkeep]\n|-start|p2b: Garchomp|perish1\n|-start|p2a: Charizard|perish1\n|-start|p1a: Politoed|perish1\n|-sideend|p2: Thornlace48812|move: Tailwind\n|upkeep\n|turn|7\n|\n|t:|1788432868\n|move|p1a: Politoed|Protect|p1a: Politoed\n|-singleturn|p1a: Politoed|Protect\n|move|p1b: Sinistcha|Protect|p1b: Sinistcha\n|-singleturn|p1b: Sinistcha|Protect\n|move|p2b: Garchomp|Earthquake|p1a: Politoed|[spread] \n|-activate|p1a: Politoed|move: Protect\n|-activate|p1b: Sinistcha|move: Protect\n|-immune|p2a: Charizard\n|move|p2a: Charizard|Heat Wave|p1b: Sinistcha|[spread] \n|-activate|p1a: Politoed|move: Protect\n|-activate|p1b: Sinistcha|move: Protect\n|\n|-weather|none\n|-start|p2b: Garchomp|perish0\n|-start|p2a: Charizard|perish0\n|-start|p1a: Politoed|perish0\n|faint|p2b: Garchomp\n|faint|p2a: Charizard\n|faint|p1a: Politoed\n|\n|win|Nutsfromberk07\n|raw|Nutsfromberk07's rating: 1385 &rarr; <strong>1400</strong><br />(+15 for winning)\n|raw|Thornlace48812's rating: 1299 &rarr; <strong>1280</strong><br />(-19 for losing)\n","uploadtime":1788432868,"views":"0","formatid":"gen9championsvgc2026regmb","rating":1280,"private":0,"password":null}