{"id":"gen9championsvgc2026regmb-2674443437","format":"[Gen 9 Champions] VGC 2026 Reg M-B","players":["Crotolamo67","vertizs"],"log":"|j|☆Crotolamo67\n|j|☆vertizs\n|t:|1788360449\n|gametype|doubles\n|player|p1|Crotolamo67|mina-lgpe|1342\n|player|p2|vertizs|266|1369\n|gen|9\n|tier|[Gen 9 Champions] VGC 2026 Reg M-B\n|rated|\n|rule|Species Clause: Limit one of each Pokémon\n|rule|Item Clause: Limit 1 of each item\n|clearpoke\n|poke|p1|Raichu, L50, M, shiny|\n|poke|p1|Aerodactyl, L50, F|\n|poke|p1|Kingambit, L50, M, shiny|\n|poke|p1|Basculegion, L50, M, shiny|\n|poke|p1|Ninetales-Alola, L50, F|\n|poke|p1|Tsareena, L50, F, shiny|\n|poke|p2|Whimsicott, L50, F|\n|poke|p2|Arcanine, L50, M|\n|poke|p2|Kingambit, L50, F|\n|poke|p2|Basculegion, L50, M|\n|poke|p2|Charizard, L50, F, shiny|\n|poke|p2|Dragonite, L50, M|\n|teampreview|4\n|\n|t:|1788360521\n|teamsize|p1|4\n|teamsize|p2|4\n|start\n|switch|p1a: Aerodactyl|Aerodactyl, L50, F|100/100\n|switch|p1b: Ninetales|Ninetales-Alola, L50, F|100/100\n|switch|p2a: Basculegion|Basculegion, L50, M|100/100\n|switch|p2b: Fart|Whimsicott, L50, F|100/100\n|-ability|p1a: Aerodactyl|Unnerve\n|-weather|Snowscape|[from] ability: Snow Warning|[of] p1b: Ninetales\n|turn|1\n|inactive|Battle timer is ON: inactive players will automatically lose when time's up. (requested by vertizs)\n|\n|t:|1788360561\n|switch|p1a: Tsareena|Tsareena, L50, F, shiny|100/100\n|move|p2b: Fart|Tailwind|p2b: Fart\n|-sidestart|p2: vertizs|move: Tailwind\n|move|p2a: Basculegion|Wave Crash|p1a: Tsareena\n|-resisted|p1a: Tsareena|1\n|-damage|p1a: Tsareena|55/100\n|-damage|p2a: Basculegion|88/100|[from] Recoil\n|move|p1b: Ninetales|Freeze-Dry|p2a: Basculegion\n|-supereffective|p2a: Basculegion|1\n|-damage|p2a: Basculegion|32/100\n|\n|-weather|Snowscape|[upkeep]\n|upkeep\n|turn|2\n|inactive|Crotolamo67 has 30 seconds left.\n|\n|t:|1788360592\n|switch|p2a: Poncho|Arcanine, L50, M|100/100\n|move|p2b: Fart|Beat Up|p2a: Poncho\n|-damage|p2a: Poncho|96/100\n|-ability|p2a: Poncho|Justified|boost\n|-boost|p2a: Poncho|atk|1\n|-damage|p2a: Poncho|94/100\n|-ability|p2a: Poncho|Justified|boost\n|-boost|p2a: Poncho|atk|1\n|-damage|p2a: Poncho|90/100\n|-ability|p2a: Poncho|Justified|boost\n|-boost|p2a: Poncho|atk|1\n|-damage|p2a: Poncho|87/100\n|-ability|p2a: Poncho|Justified|boost\n|-boost|p2a: Poncho|atk|1\n|-hitcount|p2a: Poncho|4\n|move|p1b: Ninetales|Freeze-Dry|p2a: Poncho\n|-resisted|p2a: Poncho|1\n|-damage|p2a: Poncho|70/100\n|move|p1a: Tsareena|Triple Axel|p2b: Fart\n|-supereffective|p2b: Fart|1\n|-damage|p2b: Fart|78/100\n|-supereffective|p2b: Fart|1\n|-damage|p2b: Fart|32/100\n|-supereffective|p2b: Fart|1\n|-damage|p2b: Fart|0 fnt\n|faint|p2b: Fart\n|-hitcount|p2: Fart|3\n|\n|-weather|Snowscape|[upkeep]\n|upkeep\n|\n|t:|1788360610\n|switch|p2b: Charizard|Charizard, L50, F, shiny|100/100\n|turn|3\n|inactive|Crotolamo67 has 30 seconds left.\n|inactive|Crotolamo67 has 20 seconds left.\n|inactive|Crotolamo67 has 15 seconds left.\n|inactive|Crotolamo67 has 10 seconds left.\n|inactive|Crotolamo67 has 5 seconds left.\n|\n|t:|1788360662\n|detailschange|p2b: Charizard|Charizard-Mega-Y, L50, F, shiny\n|-mega|p2b: Charizard|Charizard|Charizardite Y\n|-weather|SunnyDay|[from] ability: Drought|[of] p2b: Charizard\n|move|p1b: Ninetales|Protect|p1b: Ninetales\n|-singleturn|p1b: Ninetales|Protect\n|move|p2a: Poncho|Temper Flare|p1b: Ninetales\n|-activate|p1b: Ninetales|move: Protect\n|move|p2b: Charizard|Heat Wave|p1b: Ninetales|[spread] p1a\n|-activate|p1b: Ninetales|move: Protect\n|-supereffective|p1a: Tsareena|1\n|-damage|p1a: Tsareena|0 fnt\n|faint|p1a: Tsareena\n|\n|-weather|SunnyDay|[upkeep]\n|upkeep\n|\n|t:|1788360686\n|switch|p1a: Aerodactyl|Aerodactyl, L50, F|100/100\n|-ability|p1a: Aerodactyl|Unnerve\n|turn|4\n|\n|t:|1788360691\n|detailschange|p1a: Aerodactyl|Aerodactyl-Mega, L50, F\n|-mega|p1a: Aerodactyl|Aerodactyl|Aerodactylite\n|move|p1a: Aerodactyl|Protect|p1a: Aerodactyl\n|-singleturn|p1a: Aerodactyl|Protect\n|move|p2a: Poncho|Wild Charge|p1a: Aerodactyl\n|-activate|p1a: Aerodactyl|move: Protect\n|move|p2b: Charizard|Heat Wave|p1a: Aerodactyl|[spread] p1b\n|-activate|p1a: Aerodactyl|move: Protect\n|-supereffective|p1b: Ninetales|1\n|-enditem|p1b: Ninetales|Focus Sash\n|-damage|p1b: Ninetales|1/100\n|move|p1b: Ninetales|Howl|p1b: Ninetales|[spread] p1a,p1b\n|-boost|p1a: Aerodactyl|atk|1\n|-boost|p1b: Ninetales|atk|1\n|\n|-weather|SunnyDay|[upkeep]\n|-sideend|p2: vertizs|move: Tailwind\n|upkeep\n|turn|5\n|inactive|Crotolamo67 has 30 seconds left.\n|inactive|vertizs has 30 seconds left.\n|\n|t:|1788360724\n|move|p2b: Charizard|Protect|p2b: Charizard\n|-singleturn|p2b: Charizard|Protect\n|move|p1a: Aerodactyl|Rock Slide|p2a: Poncho|[spread] p2a\n|-activate|p2b: Charizard|move: Protect\n|-supereffective|p2a: Poncho|1\n|-damage|p2a: Poncho|0 fnt\n|faint|p2a: Poncho\n|move|p1b: Ninetales|Freeze-Dry|p2b: Charizard\n|-activate|p2b: Charizard|move: Protect\n|\n|-weather|SunnyDay|[upkeep]\n|upkeep\n|\n|t:|1788360731\n|switch|p2a: Basculegion|Basculegion, L50, M|32/100\n|turn|6\n|\n|t:|1788360747\n|move|p1a: Aerodactyl|Rock Slide|p2a: Basculegion|[spread] p2a,p2b\n|-supereffective|p2b: Charizard|2\n|-damage|p2a: Basculegion|0 fnt\n|-damage|p2b: Charizard|0 fnt\n|faint|p2a: Basculegion\n|faint|p2b: Charizard\n|\n|win|Crotolamo67\n","uploadtime":1788360452,"views":"1","formatid":"gen9championsvgc2026regmb","rating":null,"private":0,"password":null}