{"id":"gen9championsvgc2026regmb-2674348446","format":"[Gen 9 Champions] VGC 2026 Reg M-B","players":["Iamsupermegacool","teensa"],"log":"|j|☆Iamsupermegacool\n|j|☆teensa\n|t:|1788346382\n|gametype|doubles\n|player|p1|Iamsupermegacool|101|1505\n|player|p2|teensa|hilbert-wonderlauncher|1424\n|gen|9\n|tier|[Gen 9 Champions] VGC 2026 Reg M-B\n|rated|\n|rule|Species Clause: Limit one of each Pokémon\n|rule|Item Clause: Limit 1 of each item\n|clearpoke\n|poke|p1|Froslass, L50, F|\n|poke|p1|Lycanroc-Dusk, L50, F|\n|poke|p1|Kingambit, L50, F|\n|poke|p1|Scovillain, L50, M|\n|poke|p1|Sneasler, L50, F|\n|poke|p1|Basculegion, L50, M|\n|poke|p2|Gengar, L50, F, shiny|\n|poke|p2|Floette-Eternal, L50, F|\n|poke|p2|Incineroar, L50, M|\n|poke|p2|Vanilluxe, L50, F|\n|poke|p2|Gallade, L50, M|\n|poke|p2|Garchomp, L50, F|\n|teampreview|4\n|inactive|Battle timer is ON: inactive players will automatically lose when time's up. (requested by teensa)\n|\n|t:|1788346441\n|teamsize|p1|4\n|teamsize|p2|4\n|start\n|switch|p1a: Sneasler|Sneasler, L50, F|100/100\n|switch|p1b: Basculegion|Basculegion, L50, M|100/100\n|switch|p2a: Gengar|Gengar, L50, F, shiny|100/100\n|switch|p2b: Gallade|Gallade, L50, M|100/100\n|turn|1\n|inactive|Iamsupermegacool has 30 seconds left.\n|inactive|teensa has 30 seconds left.\n|inactive|Iamsupermegacool has 20 seconds left.\n|inactive|Iamsupermegacool has 15 seconds left.\n|inactive|Iamsupermegacool has 10 seconds left.\n|inactive|Iamsupermegacool has 5 seconds left.\n|\n|t:|1788346491\n|switch|p1a: Kingambit|Kingambit, L50, F|100/100\n|detailschange|p2a: Gengar|Gengar-Mega, L50, F, shiny\n|-mega|p2a: Gengar|Gengar|Gengarite\n|move|p2a: Gengar|Shadow Ball|p1b: Basculegion\n|-supereffective|p1b: Basculegion|1\n|-damage|p1b: Basculegion|8/100\n|-enditem|p1b: Basculegion|Sitrus Berry|[eat]\n|-heal|p1b: Basculegion|33/100|[from] item: Sitrus Berry\n|move|p2b: Gallade|Psycho Cut|p1a: Kingambit\n|-immune|p1a: Kingambit\n|move|p1b: Basculegion|Last Respects|p2a: Gengar\n|-supereffective|p2a: Gengar|1\n|-damage|p2a: Gengar|23/100\n|\n|upkeep\n|turn|2\n|inactive|Iamsupermegacool has 30 seconds left.\n|inactive|teensa has 30 seconds left.\n|inactive|Iamsupermegacool has 20 seconds left.\n|inactive|teensa has 20 seconds left.\n|\n|t:|1788346535\n|switch|p2a: Garchomp|Garchomp, L50, F|100/100\n|move|p1b: Basculegion|Aqua Jet|p2a: Garchomp\n|-damage|p2a: Garchomp|75/100\n|-damage|p1b: Basculegion|21/100|[from] ability: Rough Skin|[of] p2a: Garchomp\n|move|p2b: Gallade|Leaf Blade|p1b: Basculegion\n|-supereffective|p1b: Basculegion|1\n|-damage|p1b: Basculegion|0 fnt\n|faint|p1b: Basculegion\n|move|p1a: Kingambit|Kowtow Cleave|p2b: Gallade\n|-damage|p2b: Gallade|17/100\n|\n|upkeep\n|\n|t:|1788346551\n|switch|p1b: Froslass|Froslass, L50, F|100/100\n|turn|3\n|\n|t:|1788346565\n|detailschange|p1b: Froslass|Froslass-Mega, L50, F\n|-mega|p1b: Froslass|Froslass|Froslassite\n|-weather|Snowscape|[from] ability: Snow Warning|[of] p1b: Froslass\n|move|p2a: Garchomp|Protect|p2a: Garchomp\n|-singleturn|p2a: Garchomp|Protect\n|move|p1b: Froslass|Aurora Veil|p1b: Froslass\n|-sidestart|p1: Iamsupermegacool|move: Aurora Veil\n|move|p2b: Gallade|Sacred Sword|p1a: Kingambit\n|-supereffective|p1a: Kingambit|2\n|-enditem|p1a: Kingambit|Chople Berry|[eat]\n|-enditem|p1a: Kingambit|Chople Berry|[weaken]\n|-damage|p1a: Kingambit|24/100\n|move|p1a: Kingambit|Kowtow Cleave|p2b: Gallade\n|-damage|p2b: Gallade|0 fnt\n|faint|p2b: Gallade\n|\n|-weather|Snowscape|[upkeep]\n|upkeep\n|\n|t:|1788346581\n|switch|p2b: Gengar|Gengar-Mega, L50, F, shiny|23/100\n|turn|4\n|\n|t:|1788346596\n|move|p1a: Kingambit|Sucker Punch||[still]\n|-fail|p1a: Kingambit\n|move|p2b: Gengar|Perish Song|p2b: Gengar\n|-start|p1a: Kingambit|perish3|[silent]\n|-start|p1b: Froslass|perish3|[silent]\n|-start|p2a: Garchomp|perish3|[silent]\n|-start|p2b: Gengar|perish3|[silent]\n|-fieldactivate|move: Perish Song\n|move|p1b: Froslass|Blizzard|p2a: Garchomp|[spread] p2a,p2b\n|-supereffective|p2a: Garchomp|2\n|-damage|p2a: Garchomp|0 fnt\n|-damage|p2b: Gengar|0 fnt\n|faint|p2a: Garchomp\n|faint|p2b: Gengar\n|\n|-weather|Snowscape|[upkeep]\n|-start|p1b: Froslass|perish3\n|-start|p1a: Kingambit|perish3\n|upkeep\n|\n|t:|1788346608\n|switch|p2b: Vanilluxe|Vanilluxe, L50, F|100/100\n|turn|5\n|-message|teensa forfeited.\n|\n|win|Iamsupermegacool\n|raw|Iamsupermegacool's rating: 1505 &rarr; <strong>1520</strong><br />(+15 for winning)\n|raw|teensa's rating: 1424 &rarr; <strong>1409</strong><br />(-15 for losing)\n|l|☆teensa\n|player|p2|\n","uploadtime":1788346617,"views":"1","formatid":"gen9championsvgc2026regmb","rating":1409,"private":0,"password":null}