{"id":"gen9championsvgc2026regmb-2674005505","format":"[Gen 9 Champions] VGC 2026 Reg M-B","players":["rmalhada","bigj009"],"log":"|j|☆rmalhada\n|j|☆bigj009\n|t:|1788287290\n|gametype|doubles\n|player|p1|rmalhada|blue|1474\n|player|p2|bigj009|lucas|1590\n|gen|9\n|tier|[Gen 9 Champions] VGC 2026 Reg M-B\n|rated|\n|rule|Species Clause: Limit one of each Pokémon\n|rule|Item Clause: Limit 1 of each item\n|clearpoke\n|poke|p1|Froslass, L50, F|\n|poke|p1|Scovillain, L50, F|\n|poke|p1|Kingambit, L50, F|\n|poke|p1|Basculegion, L50, M|\n|poke|p1|Sneasler, L50, F|\n|poke|p1|Lycanroc-Dusk, L50, M|\n|poke|p2|Rotom-Wash, L50|\n|poke|p2|Grimmsnarl, L50, M|\n|poke|p2|Garchomp, L50, M|\n|poke|p2|Mamoswine, L50, M|\n|poke|p2|Whimsicott, L50, M|\n|poke|p2|Staraptor, L50, F|\n|teampreview|4\n|inactive|Battle timer is ON: inactive players will automatically lose when time's up. (requested by bigj009)\n|inactive|rmalhada has 60 seconds left.\n|\n|t:|1788287336\n|teamsize|p1|4\n|teamsize|p2|4\n|start\n|switch|p1a: Froslass|Froslass, L50, F|100/100\n|switch|p1b: Sneasler|Sneasler, L50, F|100/100\n|switch|p2a: Garchomp|Garchomp, L50, M|100/100\n|switch|p2b: Whimsicott|Whimsicott, L50, M|100/100\n|turn|1\n|\n|t:|1788287354\n|detailschange|p1a: Froslass|Froslass-Mega, L50, F\n|-mega|p1a: Froslass|Froslass|Froslassite\n|-weather|Snowscape|[from] ability: Snow Warning|[of] p1a: Froslass\n|move|p2b: Whimsicott|Protect|p2b: Whimsicott\n|-singleturn|p2b: Whimsicott|Protect\n|move|p2a: Garchomp|Protect|p2a: Garchomp\n|-singleturn|p2a: Garchomp|Protect\n|move|p1b: Sneasler|Fake Out|p2b: Whimsicott\n|-activate|p2b: Whimsicott|move: Protect\n|move|p1a: Froslass|Blizzard|p2b: Whimsicott|[spread] \n|-activate|p2a: Garchomp|move: Protect\n|-activate|p2b: Whimsicott|move: Protect\n|\n|-weather|Snowscape|[upkeep]\n|upkeep\n|turn|2\n|inactive|rmalhada has 30 seconds left.\n|\n|t:|1788287380\n|switch|p1b: Basculegion|Basculegion, L50, M|100/100\n|move|p2b: Whimsicott|Tailwind|p2b: Whimsicott\n|-sidestart|p2: bigj009|move: Tailwind\n|move|p2a: Garchomp|Earthquake|p1a: Froslass|[spread] p2b,p1a,p1b\n|-resisted|p2b: Whimsicott|1\n|-damage|p2b: Whimsicott|62/100\n|-damage|p1a: Froslass|57/100\n|-damage|p1b: Basculegion|47/100\n|-damage|p2a: Garchomp|90/100|[from] item: Life Orb\n|move|p1a: Froslass|Blizzard|p2b: Whimsicott|[spread] p2a,p2b\n|-supereffective|p2a: Garchomp|2\n|-supereffective|p2b: Whimsicott|1\n|-damage|p2a: Garchomp|0 fnt\n|-damage|p2b: Whimsicott|0 fnt\n|faint|p2a: Garchomp\n|faint|p2b: Whimsicott\n|\n|-weather|Snowscape|[upkeep]\n|upkeep\n|\n|t:|1788287384\n|switch|p2b: Staraptor|Staraptor, L50, F|100/100\n|switch|p2a: Rotom|Rotom-Wash, L50|100/100\n|-ability|p2b: Staraptor|Intimidate|boost\n|-unboost|p1a: Froslass|atk|1\n|-unboost|p1b: Basculegion|atk|1\n|turn|3\n|\n|t:|1788287408\n|switch|p1b: Kingambit|Kingambit, L50, F|100/100\n|detailschange|p2b: Staraptor|Staraptor-Mega, L50, F\n|-mega|p2b: Staraptor|Staraptor|Staraptite\n|move|p2b: Staraptor|Brave Bird|p1b: Kingambit\n|-resisted|p1b: Kingambit|1\n|-damage|p1b: Kingambit|74/100\n|-damage|p2b: Staraptor|89/100|[from] Recoil\n|move|p2a: Rotom|Shadow Ball|p1a: Froslass\n|-supereffective|p1a: Froslass|1\n|-damage|p1a: Froslass|7/100\n|-unboost|p1a: Froslass|spd|1\n|move|p1a: Froslass|Aurora Veil|p1a: Froslass\n|-sidestart|p1: rmalhada|move: Aurora Veil\n|\n|-weather|Snowscape|[upkeep]\n|upkeep\n|turn|4\n|inactive|rmalhada has 30 seconds left.\n|\n|t:|1788287434\n|move|p1a: Froslass|Protect|p1a: Froslass\n|-singleturn|p1a: Froslass|Protect\n|move|p1b: Kingambit|Protect|p1b: Kingambit\n|-singleturn|p1b: Kingambit|Protect\n|move|p2b: Staraptor|Close Combat|p1b: Kingambit\n|-activate|p1b: Kingambit|move: Protect\n|move|p2a: Rotom|Shadow Ball|p1a: Froslass\n|-activate|p1a: Froslass|move: Protect\n|\n|-weather|Snowscape|[upkeep]\n|upkeep\n|turn|5\n|\n|t:|1788287455\n|switch|p1a: Sneasler|Sneasler, L50, F|100/100\n|switch|p1b: Basculegion|Basculegion, L50, M|47/100\n|move|p2b: Staraptor|Brave Bird|p1a: Sneasler\n|-supereffective|p1a: Sneasler|1\n|-damage|p1a: Sneasler|0 fnt\n|faint|p1a: Sneasler\n|-damage|p2b: Staraptor|57/100|[from] Recoil\n|move|p2a: Rotom|Will-O-Wisp|p1b: Basculegion\n|-status|p1b: Basculegion|brn\n|\n|-weather|none\n|-damage|p1b: Basculegion|41/100 brn|[from] brn\n|-sideend|p2: bigj009|move: Tailwind\n|upkeep\n|\n|t:|1788287476\n|switch|p1a: Froslass|Froslass-Mega, L50, F|7/100\n|-weather|Snowscape|[from] ability: Snow Warning|[of] p1a: Froslass\n|turn|6\n|\n|t:|1788287494\n|move|p1a: Froslass|Protect|p1a: Froslass\n|-singleturn|p1a: Froslass|Protect\n|move|p2b: Staraptor|Protect|p2b: Staraptor\n|-singleturn|p2b: Staraptor|Protect\n|move|p2a: Rotom|Discharge|p1b: Basculegion|[spread] p1b\n|-activate|p2b: Staraptor|move: Protect\n|-activate|p1a: Froslass|move: Protect\n|-supereffective|p1b: Basculegion|1\n|-damage|p1b: Basculegion|1/100 brn\n|move|p1b: Basculegion|Last Respects|p2b: Staraptor\n|-activate|p2b: Staraptor|move: Protect\n|\n|-weather|Snowscape|[upkeep]\n|-damage|p1b: Basculegion|0 fnt|[from] brn\n|faint|p1b: Basculegion\n|upkeep\n|\n|t:|1788287508\n|switch|p1b: Kingambit|Kingambit, L50, F|74/100\n|turn|7\n|inactive|rmalhada has 30 seconds left.\n|\n|t:|1788287540\n|move|p1a: Froslass|Blizzard|p2a: Rotom|[spread] p2a,p2b\n|-resisted|p2a: Rotom|1\n|-supereffective|p2b: Staraptor|1\n|-damage|p2a: Rotom|80/100\n|-damage|p2b: Staraptor|0 fnt\n|-status|p2a: Rotom|frz\n|faint|p2b: Staraptor\n|-curestatus|p2a: Rotom|frz|[msg]\n|move|p2a: Rotom|Will-O-Wisp|p1b: Kingambit\n|-status|p1b: Kingambit|brn\n|move|p1b: Kingambit|Swords Dance|p1b: Kingambit\n|-boost|p1b: Kingambit|atk|2\n|\n|-weather|Snowscape|[upkeep]\n|-damage|p1b: Kingambit|68/100 brn|[from] brn\n|-sideend|p1: rmalhada|move: Aurora Veil\n|upkeep\n|turn|8\n|\n|t:|1788287557\n|move|p1a: Froslass|Shadow Ball|p2a: Rotom\n|-damage|p2a: Rotom|38/100\n|-unboost|p2a: Rotom|spd|1\n|-enditem|p2a: Rotom|Sitrus Berry|[eat]\n|-heal|p2a: Rotom|62/100|[from] item: Sitrus Berry\n|move|p2a: Rotom|Discharge|p1b: Kingambit|[spread] p1a,p1b\n|-damage|p1a: Froslass|0 fnt\n|-damage|p1b: Kingambit|42/100 brn\n|faint|p1a: Froslass\n|move|p1b: Kingambit|Kowtow Cleave|p2a: Rotom\n|-damage|p2a: Rotom|0 fnt\n|faint|p2a: Rotom\n|\n|win|rmalhada\n|raw|rmalhada's rating: 1474 &rarr; <strong>1500</strong><br />(+26 for winning)\n|raw|bigj009's rating: 1590 &rarr; <strong>1564</strong><br />(-26 for losing)\n|l|☆bigj009\n|player|p2|\n","uploadtime":1788287577,"views":"0","formatid":"gen9championsvgc2026regmb","rating":1500,"private":0,"password":null}