{"id":"gen9championsvgc2026regmbbo3-2675041131","format":"[Gen 9 Champions] VGC 2026 Reg M-B (Bo3)","players":["vinicio499","IBstudios"],"log":"|j|☆vinicio499\n|j|☆IBstudios\n|html|<table width=\"100%\"><tr><td align=\"left\">vinicio499</td><td align=\"right\">IBstudios</tr><tr><td align=\"left\"><i class=\"fa fa-circle-o\"></i> <i class=\"fa fa-circle-o\"></i> </td><td align=\"right\"><i class=\"fa fa-circle-o\"></i> <i class=\"fa fa-circle\"></i> </tr></table>\n|uhtml|bestof|<h2><strong>Game 2</strong> of <a href=\"/game-bestof3-gen9championsvgc2026regmbbo3-2675038368\">a best-of-3</a></h2>\n|t:|1788451970\n|gametype|doubles\n|player|p1|vinicio499|miku-ghost|1210\n|player|p2|IBstudios|265|1253\n|gen|9\n|tier|[Gen 9 Champions] VGC 2026 Reg M-B (Bo3)\n|rated|\n|rule|Species Clause: Limit one of each Pokémon\n|rule|Item Clause: Limit 1 of each item\n|clearpoke\n|poke|p1|Palafin, L50, M, shiny|\n|poke|p1|Archaludon, L50, F|\n|poke|p1|Audino, L50, F, shiny|\n|poke|p1|Pelipper, L50, F|\n|poke|p1|Swampert, L50, F|\n|poke|p1|Incineroar, L50, M|\n|poke|p2|Incineroar, L50, F|\n|poke|p2|Dragonite, L50, F|\n|poke|p2|Metagross, L50|\n|poke|p2|Ninetales-Alola, L50, F|\n|poke|p2|Sneasler, L50, F|\n|poke|p2|Milotic, L50, M|\n|teampreview|4\n|showteam|p1|Palafin||MysticWater|ZerotoHero|BulkUp,JetPunch,WaveCrash,Protect|Adamant||M|||50|]Archaludon||Leftovers|Stamina|Protect,ElectroShot,FlashCannon,DragonPulse|Modest||F|||50|]Audino||Audinite|Regenerator|LightScreen,DazzlingGleam,AllySwitch,LifeDew|Bold||F|||50|]Pelipper||SitrusBerry|Drizzle|Hurricane,WeatherBall,Tailwind,Protect|Modest||F|||50|]Swampert||Swampertite|Torrent|WaveCrash,Earthquake,IcePunch,Protect|Adamant||F|||50|]Incineroar||ChopleBerry|Intimidate|FakeOut,PartingShot,BurningJealousy,ThroatChop|Impish||M|||50|\n|showteam|p2|Incineroar||SitrusBerry|Intimidate|FakeOut,FlareBlitz,ThroatChop,PartingShot|Adamant||F|||50|]Dragonite||Dragoninite|Multiscale|DragonPulse,HeatWave,Tailwind,Protect|Modest||F|||50|]Metagross||Metagrossite|ClearBody|PsychicFangs,BulletPunch,BodyPress,Protect|Jolly|||||50|]Ninetales-Alola||NeverMeltIce|SnowWarning|FreezeDry,Blizzard,AuroraVeil,Protect|Timid||F|||50|]Sneasler||WhiteHerb|Unburden|CloseCombat,DireClaw,FakeOut,Protect|Jolly||F|||50|]Milotic||Leftovers|Competitive|Scald,LifeDew,HelpingHand,Protect|Modest||M|||50|\n|inactive|Battle timer is ON: inactive players will automatically lose when time's up. (requested by vinicio499)\n|inactive|IBstudios has 60 seconds left.\n|\n|t:|1788452007\n|teamsize|p1|4\n|teamsize|p2|4\n|start\n|switch|p1a: Swampert|Swampert, L50, F|100/100\n|switch|p1b: Pelipper|Pelipper, L50, F|100/100\n|switch|p2a: Dragonite|Dragonite, L50, F|100/100\n|switch|p2b: Sneasler|Sneasler, L50, F|100/100\n|-weather|RainDance|[from] ability: Drizzle|[of] p1b: Pelipper\n|turn|1\n|j| cillianvgc\n|\n|t:|1788452030\n|switch|p1a: Archaludon|Archaludon, L50, F|100/100\n|detailschange|p2a: Dragonite|Dragonite-Mega, L50, F\n|-mega|p2a: Dragonite|Dragonite|Dragoninite\n|move|p2b: Sneasler|Fake Out|p1a: Archaludon\n|-resisted|p1a: Archaludon|1\n|-damage|p1a: Archaludon|95/100\n|-ability|p1a: Archaludon|Stamina|boost\n|-boost|p1a: Archaludon|def|1\n|move|p2a: Dragonite|Tailwind|p2a: Dragonite\n|-sidestart|p2: IBstudios|move: Tailwind\n|move|p1b: Pelipper|Hurricane|p2b: Sneasler\n|-supereffective|p2b: Sneasler|1\n|-damage|p2b: Sneasler|0 fnt\n|faint|p2b: Sneasler\n|\n|-weather|RainDance|[upkeep]\n|-heal|p1a: Archaludon|100/100|[from] item: Leftovers\n|upkeep\n|\n|t:|1788452041\n|switch|p2b: Ninetales|Ninetales-Alola, L50, F|100/100\n|-weather|Snowscape|[from] ability: Snow Warning|[of] p2b: Ninetales\n|turn|2\n|\n|t:|1788452053\n|switch|p1b: Palafin|Palafin, L50, M, shiny|100/100\n|move|p2b: Ninetales|Freeze-Dry|p1b: Palafin\n|-supereffective|p1b: Palafin|1\n|-damage|p1b: Palafin|15/100\n|move|p2a: Dragonite|Dragon Pulse|p1a: Archaludon\n|-damage|p1a: Archaludon|44/100\n|-ability|p1a: Archaludon|Stamina|boost\n|-boost|p1a: Archaludon|def|1\n|move|p1a: Archaludon|Flash Cannon|p2b: Ninetales\n|-supereffective|p2b: Ninetales|2\n|-damage|p2b: Ninetales|0 fnt\n|faint|p2b: Ninetales\n|\n|-weather|Snowscape|[upkeep]\n|-heal|p1a: Archaludon|51/100|[from] item: Leftovers\n|upkeep\n|\n|t:|1788452060\n|switch|p2b: Milotic|Milotic, L50, M|100/100\n|turn|3\n|\n|t:|1788452066\n|move|p2b: Milotic|Helping Hand|p2a: Dragonite\n|-singleturn|p2a: Dragonite|Helping Hand|[of] p2b: Milotic\n|move|p1b: Palafin|Protect|p1b: Palafin\n|-singleturn|p1b: Palafin|Protect\n|move|p1a: Archaludon|Protect|p1a: Archaludon\n|-singleturn|p1a: Archaludon|Protect\n|move|p2a: Dragonite|Dragon Pulse|p1a: Archaludon\n|-activate|p1a: Archaludon|move: Protect\n|\n|-weather|Snowscape|[upkeep]\n|-heal|p1a: Archaludon|57/100|[from] item: Leftovers\n|upkeep\n|turn|4\n|\n|t:|1788452088\n|move|p2b: Milotic|Helping Hand|p2a: Dragonite\n|-singleturn|p2a: Dragonite|Helping Hand|[of] p2b: Milotic\n|move|p1a: Archaludon|Protect||[still]\n|-fail|p1a: Archaludon\n|move|p1b: Palafin|Jet Punch|p2a: Dragonite\n|-resisted|p2a: Dragonite|1\n|-damage|p2a: Dragonite|94/100\n|move|p2a: Dragonite|Dragon Pulse|p1a: Archaludon\n|-damage|p1a: Archaludon|0 fnt\n|faint|p1a: Archaludon\n|\n|-weather|Snowscape|[upkeep]\n|-sideend|p2: IBstudios|move: Tailwind\n|upkeep\n|\n|t:|1788452090\n|switch|p1a: Swampert|Swampert, L50, F|100/100\n|turn|5\n|inactive|IBstudios has 30 seconds left.\n|\n|t:|1788452116\n|detailschange|p1b: Palafin|Palafin-Hero, L50, M, shiny\n|switch|p1b: Pelipper|Pelipper, L50, F|100/100\n|-weather|RainDance|[from] ability: Drizzle|[of] p1b: Pelipper\n|detailschange|p1a: Swampert|Swampert-Mega, L50, F\n|-mega|p1a: Swampert|Swampert|Swampertite\n|move|p2a: Dragonite|Protect|p2a: Dragonite\n|-singleturn|p2a: Dragonite|Protect\n|move|p1a: Swampert|Ice Punch|p2a: Dragonite\n|-activate|p2a: Dragonite|move: Protect\n|move|p2b: Milotic|Life Dew||[still]|[spread] p2a,p2b\n|-heal|p2a: Dragonite|100/100\n|-fail|p2b: Milotic|heal\n|\n|-weather|RainDance|[upkeep]\n|upkeep\n|turn|6\n|\n|t:|1788452129\n|move|p1a: Swampert|Ice Punch|p2a: Dragonite\n|-supereffective|p2a: Dragonite|2\n|-damage|p2a: Dragonite|42/100\n|move|p2a: Dragonite|Dragon Pulse|p1a: Swampert\n|-crit|p1a: Swampert\n|-damage|p1a: Swampert|22/100\n|move|p2b: Milotic|Scald|p1a: Swampert\n|-crit|p1a: Swampert\n|-damage|p1a: Swampert|0 fnt\n|faint|p1a: Swampert\n|move|p1b: Pelipper|Hurricane|p2a: Dragonite\n|-damage|p2a: Dragonite|8/100\n|\n|-weather|RainDance|[upkeep]\n|upkeep\n|\n|t:|1788452138\n|switch|p1a: Palafin|Palafin-Hero, L50, M, shiny|15/100\n|-activate|p1a: Palafin|ability: Zero to Hero\n|turn|7\n|inactive|IBstudios has 30 seconds left.\n|\n|t:|1788452164\n|move|p2a: Dragonite|Protect|p2a: Dragonite\n|-singleturn|p2a: Dragonite|Protect\n|move|p1a: Palafin|Protect|p1a: Palafin\n|-singleturn|p1a: Palafin|Protect\n|move|p2b: Milotic|Life Dew||[still]|[spread] p2a,p2b\n|-heal|p2a: Dragonite|33/100\n|-fail|p2b: Milotic|heal\n|move|p1b: Pelipper|Hurricane|p2b: Milotic\n|-damage|p2b: Milotic|68/100\n|\n|-weather|RainDance|[upkeep]\n|-heal|p2b: Milotic|75/100|[from] item: Leftovers\n|upkeep\n|turn|8\n|inactive|IBstudios has 30 seconds left.\n|\n|t:|1788452195\n|move|p1a: Palafin|Jet Punch|p2a: Dragonite\n|-resisted|p2a: Dragonite|1\n|-damage|p2a: Dragonite|1/100\n|move|p2a: Dragonite|Dragon Pulse|p1a: Palafin\n|-damage|p1a: Palafin|0 fnt\n|faint|p1a: Palafin\n|move|p2b: Milotic|Life Dew|p2b: Milotic|[spread] p2a,p2b\n|-heal|p2a: Dragonite|26/100\n|-heal|p2b: Milotic|100/100\n|move|p1b: Pelipper|Hurricane|p2a: Dragonite\n|-damage|p2a: Dragonite|0 fnt\n|faint|p2a: Dragonite\n|\n|-weather|RainDance|[upkeep]\n|upkeep\n|turn|9\n|\n|t:|1788452205\n|move|p2b: Milotic|Scald|p1b: Pelipper\n|-resisted|p1b: Pelipper|1\n|-damage|p1b: Pelipper|71/100\n|move|p1b: Pelipper|Hurricane|p2b: Milotic\n|-damage|p2b: Milotic|70/100\n|-start|p2b: Milotic|confusion\n|\n|-weather|none\n|-heal|p2b: Milotic|76/100|[from] item: Leftovers\n|upkeep\n|turn|10\n|inactive|IBstudios has 30 seconds left.\n|\n|t:|1788452236\n|-activate|p2b: Milotic|confusion\n|-damage|p2b: Milotic|71/100|[from] confusion\n|move|p1b: Pelipper|Hurricane|p2b: Milotic\n|-damage|p2b: Milotic|40/100\n|\n|-heal|p2b: Milotic|46/100|[from] item: Leftovers\n|upkeep\n|turn|11\n|\n|t:|1788452244\n|-activate|p2b: Milotic|confusion\n|move|p2b: Milotic|Protect|p2b: Milotic\n|-singleturn|p2b: Milotic|Protect\n|move|p1b: Pelipper|Hurricane|p2b: Milotic\n|-activate|p2b: Milotic|move: Protect\n|\n|-heal|p2b: Milotic|52/100|[from] item: Leftovers\n|upkeep\n|turn|12\n|\n|t:|1788452265\n|-end|p2b: Milotic|confusion\n|move|p2b: Milotic|Scald|p1b: Pelipper\n|-resisted|p1b: Pelipper|1\n|-damage|p1b: Pelipper|53/100\n|move|p1b: Pelipper|Hurricane|p2b: Milotic|[miss]\n|-miss|p1b: Pelipper|p2b: Milotic\n|\n|-heal|p2b: Milotic|58/100|[from] item: Leftovers\n|upkeep\n|turn|13\n|inactive|IBstudios has 30 seconds left.\n|\n|t:|1788452294\n|move|p2b: Milotic|Protect|p2b: Milotic\n|-singleturn|p2b: Milotic|Protect\n|move|p1b: Pelipper|Tailwind|p1b: Pelipper\n|-sidestart|p1: vinicio499|move: Tailwind\n|\n|-heal|p2b: Milotic|65/100|[from] item: Leftovers\n|upkeep\n|turn|14\n|\n|t:|1788452300\n|move|p1b: Pelipper|Hurricane|p2b: Milotic\n|-damage|p2b: Milotic|36/100\n|move|p2b: Milotic|Scald|p1b: Pelipper\n|-resisted|p1b: Pelipper|1\n|-damage|p1b: Pelipper|34/100\n|-enditem|p1b: Pelipper|Sitrus Berry|[eat]\n|-heal|p1b: Pelipper|59/100|[from] item: Sitrus Berry\n|\n|-heal|p2b: Milotic|42/100|[from] item: Leftovers\n|upkeep\n|turn|15\n|\n|t:|1788452321\n|move|p2b: Milotic|Protect|p2b: Milotic\n|-singleturn|p2b: Milotic|Protect\n|move|p1b: Pelipper|Weather Ball|p2b: Milotic\n|-activate|p2b: Milotic|move: Protect\n|\n|-heal|p2b: Milotic|48/100|[from] item: Leftovers\n|upkeep\n|turn|16\n|\n|t:|1788452339\n|move|p1b: Pelipper|Hurricane|p2b: Milotic\n|-damage|p2b: Milotic|15/100\n|move|p2b: Milotic|Life Dew|p2b: Milotic\n|-heal|p2b: Milotic|40/100\n|\n|-heal|p2b: Milotic|46/100|[from] item: Leftovers\n|-sideend|p1: vinicio499|move: Tailwind\n|upkeep\n|turn|17\n|\n|t:|1788452346\n|move|p2b: Milotic|Life Dew|p2b: Milotic\n|-heal|p2b: Milotic|71/100\n|move|p1b: Pelipper|Tailwind|p1b: Pelipper\n|-sidestart|p1: vinicio499|move: Tailwind\n|\n|-heal|p2b: Milotic|78/100|[from] item: Leftovers\n|upkeep\n|turn|18\n|\n|t:|1788452355\n|move|p1b: Pelipper|Protect|p1b: Pelipper\n|-singleturn|p1b: Pelipper|Protect\n|move|p2b: Milotic|Life Dew|p2b: Milotic\n|-heal|p2b: Milotic|100/100\n|\n|upkeep\n|turn|19\n|\n|t:|1788452364\n|move|p1b: Pelipper|Weather Ball|p2b: Milotic\n|-damage|p2b: Milotic|91/100\n|move|p2b: Milotic|Scald|p1b: Pelipper\n|-resisted|p1b: Pelipper|1\n|-damage|p1b: Pelipper|40/100\n|-status|p1b: Pelipper|brn\n|\n|-heal|p2b: Milotic|97/100|[from] item: Leftovers\n|-damage|p1b: Pelipper|34/100 brn|[from] brn\n|upkeep\n|turn|20\n|-message|vinicio499 forfeited.\n|\n|win|IBstudios\n|raw|vinicio499's rating: 1210 &rarr; <strong>1190</strong><br />(-20 for losing)\n|raw|IBstudios's rating: 1283 &rarr; <strong>1303</strong><br />(+20 for winning)\n|l|☆vinicio499\n|player|p1|\n|l| cillianvgc\n","uploadtime":1788452500,"views":"2","formatid":"gen9championsvgc2026regmbbo3","rating":1190,"private":0,"password":null}