{"id":"gen9championsvgc2026regmb-2674417112","format":"[Gen 9 Champions] VGC 2026 Reg M-B","players":["itabigloser","VictoriousDancing"],"log":"|j|☆itabigloser\n|j|☆VictoriousDancing\n|t:|1788357252\n|gametype|doubles\n|player|p1|itabigloser|hilbert|1212\n|player|p2|VictoriousDancing|cynthia|1258\n|gen|9\n|tier|[Gen 9 Champions] VGC 2026 Reg M-B\n|rated|\n|rule|Species Clause: Limit one of each Pokémon\n|rule|Item Clause: Limit 1 of each item\n|clearpoke\n|poke|p1|Staraptor, L50, F|\n|poke|p1|Floette-Eternal, L50, F|\n|poke|p1|Sinistcha, L50|\n|poke|p1|Whimsicott, L50, F|\n|poke|p1|Garchomp, L50, F|\n|poke|p1|Decidueye-Hisui, L50, M|\n|poke|p2|Charizard, L50, M, shiny|\n|poke|p2|Basculegion, L50, M, shiny|\n|poke|p2|Whimsicott, L50, F, shiny|\n|poke|p2|Garchomp, L50, F, shiny|\n|poke|p2|Kingambit, L50, F, shiny|\n|poke|p2|Incineroar, L50, M, shiny|\n|teampreview|4\nVictoriousDancing rejected open team sheets.\n|\n|t:|1788357280\n|teamsize|p1|4\n|teamsize|p2|4\n|start\n|switch|p1a: Garchomp|Garchomp, L50, F|100/100\n|switch|p1b: Decidueye|Decidueye-Hisui, L50, M|100/100\n|switch|p2a: Whimsicott|Whimsicott, L50, F, shiny|100/100\n|switch|p2b: Charizard|Charizard, L50, M, shiny|100/100\n|turn|1\n|\n|t:|1788357289\n|detailschange|p2b: Charizard|Charizard-Mega-Y, L50, M, shiny\n|-mega|p2b: Charizard|Charizard|Charizardite Y\n|-weather|SunnyDay|[from] ability: Drought|[of] p2b: Charizard\n|move|p1b: Decidueye|Protect|p1b: Decidueye\n|-singleturn|p1b: Decidueye|Protect\n|move|p2a: Whimsicott|Tailwind|p2a: Whimsicott\n|-sidestart|p2: VictoriousDancing|move: Tailwind\n|move|p2b: Charizard|Heat Wave|p1a: Garchomp|[spread] p1a\n|-activate|p1b: Decidueye|move: Protect\n|-resisted|p1a: Garchomp|1\n|-damage|p1a: Garchomp|63/100\n|move|p1a: Garchomp|Rock Slide|p2b: Charizard|[spread] p2b\n|-miss|p1a: Garchomp|p2a: Whimsicott\n|-supereffective|p2b: Charizard|2\n|-damage|p2b: Charizard|17/100\n|\n|-weather|SunnyDay|[upkeep]\n|upkeep\n|turn|2\n|\n|t:|1788357309\n|switch|p1a: Staraptor|Staraptor, L50, F|100/100\n|-ability|p1a: Staraptor|Intimidate|boost\n|-unboost|p2a: Whimsicott|atk|1\n|-unboost|p2b: Charizard|atk|1\n|move|p2a: Whimsicott|Encore||[still]\n|-fail|p2a: Whimsicott\n|move|p1b: Decidueye|Sucker Punch|p2b: Charizard\n|-damage|p2b: Charizard|0 fnt\n|faint|p2b: Charizard\n|\n|-weather|SunnyDay|[upkeep]\n|upkeep\n|\n|t:|1788357309\n|switch|p2b: Garchomp|Garchomp, L50, F, shiny|100/100\n|turn|3\n|\n|t:|1788357352\n|switch|p1b: Whimsicott|Whimsicott, L50, F|100/100\n|detailschange|p1a: Staraptor|Staraptor-Mega, L50, F\n|-mega|p1a: Staraptor|Staraptor|Staraptite\n|move|p2a: Whimsicott|Moonblast|p1b: Whimsicott\n|-damage|p1b: Whimsicott|62/100\n|move|p2b: Garchomp|Rock Slide|p1b: Whimsicott|[spread] p1a,p1b\n|-damage|p1a: Staraptor|78/100\n|-damage|p1b: Whimsicott|38/100\n|move|p1a: Staraptor|Close Combat|p2b: Garchomp\n|-damage|p2b: Garchomp|28/100\n|-boost|p1a: Staraptor|def|1\n|-boost|p1a: Staraptor|spd|1\n|-damage|p1a: Staraptor|66/100|[from] ability: Rough Skin|[of] p2b: Garchomp\n|\n|-weather|SunnyDay|[upkeep]\n|upkeep\n|turn|4\n|\n|t:|1788357375\n|move|p1a: Staraptor|Protect|p1a: Staraptor\n|-singleturn|p1a: Staraptor|Protect\n|move|p1b: Whimsicott|Tailwind|p1b: Whimsicott\n|-sidestart|p1: itabigloser|move: Tailwind\n|move|p2a: Whimsicott|Moonblast|p1a: Staraptor\n|-activate|p1a: Staraptor|move: Protect\n|move|p2b: Garchomp|Rock Slide|p1b: Whimsicott|[spread] \n|-activate|p1a: Staraptor|move: Protect\n|-miss|p2b: Garchomp|p1b: Whimsicott\n|\n|-weather|SunnyDay|[upkeep]\n|-sideend|p2: VictoriousDancing|move: Tailwind\n|upkeep\n|turn|5\n|\n|t:|1788357399\n|move|p1b: Whimsicott|Taunt|p2a: Whimsicott\n|-start|p2a: Whimsicott|move: Taunt\n|cant|p2a: Whimsicott|move: Taunt|Encore\n|move|p1a: Staraptor|Brave Bird|p2a: Whimsicott\n|-supereffective|p2a: Whimsicott|1\n|-enditem|p2a: Whimsicott|Focus Sash\n|-damage|p2a: Whimsicott|1/100\n|-damage|p1a: Staraptor|38/100|[from] Recoil\n|move|p2b: Garchomp|Rock Slide|p1a: Staraptor|[spread] p1a,p1b\n|-damage|p1a: Staraptor|25/100\n|-damage|p1b: Whimsicott|16/100\n|\n|-weather|none\n|upkeep\n|turn|6\n|\n|t:|1788357412\n|move|p1a: Staraptor|Protect|p1a: Staraptor\n|-singleturn|p1a: Staraptor|Protect\n|move|p1b: Whimsicott|Moonblast|p2b: Garchomp\n|-supereffective|p2b: Garchomp|1\n|-enditem|p2b: Garchomp|Roseli Berry|[eat]\n|-enditem|p2b: Garchomp|Roseli Berry|[weaken]\n|-damage|p2b: Garchomp|1/100\n|move|p2a: Whimsicott|Moonblast|p1a: Staraptor\n|-activate|p1a: Staraptor|move: Protect\n|move|p2b: Garchomp|Rock Slide|p1a: Staraptor|[spread] p1b\n|-activate|p1a: Staraptor|move: Protect\n|-damage|p1b: Whimsicott|0 fnt\n|faint|p1b: Whimsicott\n|\n|upkeep\n|\n|t:|1788357422\n|switch|p1b: Garchomp|Garchomp, L50, F|63/100\n|turn|7\n|\n|t:|1788357440\n|move|p2b: Garchomp|Protect|p2b: Garchomp\n|-singleturn|p2b: Garchomp|Protect\n|move|p1b: Garchomp|Iron Head|p2a: Whimsicott\n|-supereffective|p2a: Whimsicott|1\n|-damage|p2a: Whimsicott|0 fnt\n|faint|p2a: Whimsicott\n|move|p1a: Staraptor|Close Combat|p2b: Garchomp\n|-activate|p2b: Garchomp|move: Protect\n|\n|-sideend|p1: itabigloser|move: Tailwind\n|upkeep\n|\n|t:|1788357440\n|switch|p2a: Incineroar|Incineroar, L50, M, shiny|100/100\n|-ability|p2a: Incineroar|Intimidate|boost\n|-boost|p1a: Staraptor|atk|1\n|-unboost|p1b: Garchomp|atk|1\n|turn|8\n|\n|t:|1788357451\n|move|p1a: Staraptor|Protect|p1a: Staraptor\n|-singleturn|p1a: Staraptor|Protect\n|move|p2a: Incineroar|Fake Out|p1a: Staraptor\n|-activate|p1a: Staraptor|move: Protect\n|move|p1b: Garchomp|Iron Head|p2b: Garchomp\n|-damage|p2b: Garchomp|0 fnt\n|-damage|p1b: Garchomp|51/100|[from] ability: Rough Skin|[of] p2b: Garchomp\n|faint|p2b: Garchomp\n|\n|upkeep\n|turn|9\n|\n|t:|1788357466\n|switch|p1b: Decidueye|Decidueye-Hisui, L50, M|100/100\n|move|p1a: Staraptor|Close Combat|p2a: Incineroar\n|-supereffective|p2a: Incineroar|1\n|-damage|p2a: Incineroar|0 fnt\n|-boost|p1a: Staraptor|def|1\n|-boost|p1a: Staraptor|spd|1\n|faint|p2a: Incineroar\n|\n|win|itabigloser\n|raw|itabigloser's rating: 1212 &rarr; <strong>1244</strong><br />(+32 for winning)\n|raw|VictoriousDancing's rating: 1317 &rarr; <strong>1291</strong><br />(-26 for losing)\n","uploadtime":1788357467,"views":"0","formatid":"gen9championsvgc2026regmb","rating":1244,"private":0,"password":null}