{"id":"gen9championsvgc2026regmbbo3-2673961433","format":"[Gen 9 Champions] VGC 2026 Reg M-B (Bo3)","players":["marcio1428","echoes630"],"log":"|j|☆marcio1428\n|j|☆echoes630\n|html|<table width=\"100%\"><tr><td align=\"left\">marcio1428</td><td align=\"right\">echoes630</tr><tr><td align=\"left\"><i class=\"fa fa-circle-o\"></i> <i class=\"fa fa-circle-o\"></i> </td><td align=\"right\"><i class=\"fa fa-circle-o\"></i> <i class=\"fa fa-circle\"></i> </tr></table>\n|uhtml|bestof|<h2><strong>Game 2</strong> of <a href=\"/game-bestof3-gen9championsvgc2026regmbbo3-2673958496\">a best-of-3</a></h2>\n|t:|1788282161\n|gametype|doubles\n|player|p1|marcio1428|2|1104\n|player|p2|echoes630|2|1209\n|gen|9\n|tier|[Gen 9 Champions] VGC 2026 Reg M-B (Bo3)\n|rated|\n|rule|Species Clause: Limit one of each Pokémon\n|rule|Item Clause: Limit 1 of each item\n|clearpoke\n|poke|p1|Staraptor, L50, F|\n|poke|p1|Whimsicott, L50, F|\n|poke|p1|Gholdengo, L50|\n|poke|p1|Farigiraf, L50, M|\n|poke|p1|Excadrill, L50, M|\n|poke|p1|Tyranitar, L50, F|\n|poke|p2|Raichu, L50, M|\n|poke|p2|Sneasler, L50, M|\n|poke|p2|Sinistcha, L50|\n|poke|p2|Gholdengo, L50|\n|poke|p2|Garchomp, L50, F|\n|poke|p2|Gyarados, L50, M|\n|teampreview|4\n|showteam|p1|Staraptor||Staraptite|Intimidate|BraveBird,CloseCombat,Tailwind,Protect|Jolly||F|||50|]Whimsicott||FocusSash|Prankster|Moonblast,Charm,Tailwind,Encore|Timid||F|||50|]Gholdengo||LifeOrb|GoodasGold|MakeItRain,ShadowBall,PowerGem,Protect|Timid|||||50|]Farigiraf||SitrusBerry|ArmorTail|Psychic,Thunderbolt,TrickRoom,NastyPlot|Bold||M|||50|]Excadrill||ExpertBelt|SandRush|Earthquake,IronHead,HighHorsepower,Protect|Adamant||M|||50|]Tyranitar||ChopleBerry|SandStream|RockSlide,KnockOff,LowKick,Protect|Adamant||F|||50|\n|showteam|p2|Raichu||RaichuniteY|LightningRod|ZapCannon,FocusBlast,FakeOut,Protect|Timid||M|||50|]Sneasler||FocusSash|PoisonTouch|FakeOut,CloseCombat,DireClaw,Protect|Jolly||M|||50|]Sinistcha||OccaBerry|Hospitality|MatchaGotcha,RagePowder,TrickRoom,Protect|Bold|||||50|]Gholdengo||SpellTag|GoodasGold|MakeItRain,ShadowBall,NastyPlot,Protect|Modest|||||50|]Garchomp||LifeOrb|RoughSkin|DragonClaw,Earthquake,RockSlide,Protect|Jolly||F|||50|]Gyarados||Gyaradosite|Intimidate|Waterfall,Crunch,Protect,DragonDance|Jolly||M|||50|\n|\n|t:|1788282221\n|teamsize|p1|4\n|teamsize|p2|4\n|start\n|switch|p1a: Staraptor|Staraptor, L50, F|100/100\n|switch|p1b: Whimsicott|Whimsicott, L50, F|100/100\n|switch|p2a: Gyarados|Gyarados, L50, M|100/100\n|switch|p2b: Raichu|Raichu, L50, M|100/100\n|-ability|p1a: Staraptor|Intimidate|boost\n|-unboost|p2a: Gyarados|atk|1\n|-unboost|p2b: Raichu|atk|1\n|-ability|p2a: Gyarados|Intimidate|boost\n|-unboost|p1a: Staraptor|atk|1\n|-unboost|p1b: Whimsicott|atk|1\n|turn|1\n|\n|t:|1788282264\n|switch|p1b: Farigiraf|Farigiraf, L50, M|100/100\n|detailschange|p1a: Staraptor|Staraptor-Mega, L50, F\n|-mega|p1a: Staraptor|Staraptor|Staraptite\n|detailschange|p2a: Gyarados|Gyarados-Mega, L50, M\n|-mega|p2a: Gyarados|Gyarados|Gyaradosite\n|-ability|p2a: Gyarados|Mold Breaker\n|move|p2b: Raichu|Fake Out||[still]\n|cant|p1b: Farigiraf|ability: Armor Tail|Fake Out|[of] p2b: Raichu\n|move|p1a: Staraptor|Close Combat|p2b: Raichu\n|-damage|p2b: Raichu|38/100\n|-boost|p1a: Staraptor|def|1\n|-boost|p1a: Staraptor|spd|1\n|move|p2a: Gyarados|Dragon Dance|p2a: Gyarados\n|-boost|p2a: Gyarados|atk|1\n|-boost|p2a: Gyarados|spe|1\n|\n|upkeep\n|turn|2\n|\n|t:|1788282286\n|move|p2a: Gyarados|Waterfall|p1a: Staraptor\n|-damage|p1a: Staraptor|66/100\n|cant|p1a: Staraptor|flinch\n|move|p2b: Raichu|Zap Cannon|p1a: Staraptor\n|-supereffective|p1a: Staraptor|1\n|-damage|p1a: Staraptor|3/100\n|-status|p1a: Staraptor|par\n|move|p1b: Farigiraf|Trick Room|p1b: Farigiraf\n|-fieldstart|move: Trick Room|[of] p1b: Farigiraf\n|\n|upkeep\n|turn|3\n|c|☆echoes630|there's no way that just happened\n|\n|t:|1788282314\n|switch|p2a: Gholdengo|Gholdengo, L50|100/100\n|move|p2b: Raichu|Protect|p2b: Raichu\n|-singleturn|p2b: Raichu|Protect\n|move|p1b: Farigiraf|Psychic|p2b: Raichu\n|-activate|p2b: Raichu|move: Protect\n|cant|p1a: Staraptor|par\n|\n|upkeep\n|turn|4\n|c|☆echoes630|im so sorry I just got bailed out of my mind\n|\n|t:|1788282354\n|switch|p2b: Gyarados|Gyarados-Mega, L50, M|100/100\n|-ability|p2b: Gyarados|Mold Breaker\n|move|p1b: Farigiraf|Nasty Plot|p1b: Farigiraf\n|-boost|p1b: Farigiraf|spa|2\n|move|p1a: Staraptor|Close Combat|p2b: Gyarados\n|-supereffective|p2b: Gyarados|1\n|-damage|p2b: Gyarados|10/100\n|-boost|p1a: Staraptor|def|1\n|-boost|p1a: Staraptor|spd|1\n|move|p2a: Gholdengo|Shadow Ball|p1a: Staraptor\n|-damage|p1a: Staraptor|0 fnt\n|faint|p1a: Staraptor\n|\n|upkeep\n|\n|t:|1788282370\n|switch|p1a: Tyranitar|Tyranitar, L50, F|100/100\n|-weather|Sandstorm|[from] ability: Sand Stream|[of] p1a: Tyranitar\n|turn|5\n|\n|t:|1788282380\n|switch|p2a: Sinistcha|Sinistcha, L50|100/100\n|-heal|p2b: Gyarados|35/100|[from] ability: Hospitality|[of] p2a: Sinistcha\n|move|p2b: Gyarados|Protect|p2b: Gyarados\n|-singleturn|p2b: Gyarados|Protect\n|move|p1b: Farigiraf|Thunderbolt|p2b: Gyarados\n|-activate|p2b: Gyarados|move: Protect\n|move|p1a: Tyranitar|Knock Off|p2a: Sinistcha\n|-supereffective|p2a: Sinistcha|1\n|-damage|p2a: Sinistcha|8/100\n|-enditem|p2a: Sinistcha|Occa Berry|[from] move: Knock Off|[of] p1a: Tyranitar\n|\n|-weather|Sandstorm|[upkeep]\n|-damage|p1b: Farigiraf|93/100|[from] Sandstorm\n|-damage|p2a: Sinistcha|2/100|[from] Sandstorm\n|-damage|p2b: Gyarados|29/100|[from] Sandstorm\n|upkeep\n|turn|6\n|\n|t:|1788282405\n|switch|p2b: Raichu|Raichu, L50, M|38/100\n|move|p1b: Farigiraf|Nasty Plot|p1b: Farigiraf\n|-boost|p1b: Farigiraf|spa|2\n|move|p1a: Tyranitar|Rock Slide|p2b: Raichu|[spread] p2a,p2b\n|-damage|p2a: Sinistcha|0 fnt\n|-damage|p2b: Raichu|0 fnt\n|faint|p2a: Sinistcha\n|faint|p2b: Raichu\n|\n|-weather|Sandstorm|[upkeep]\n|-damage|p1b: Farigiraf|87/100|[from] Sandstorm\n|-fieldend|move: Trick Room\n|upkeep\n|\n|t:|1788282415\n|switch|p2b: Gyarados|Gyarados-Mega, L50, M|29/100\n|switch|p2a: Gholdengo|Gholdengo, L50|100/100\n|-ability|p2b: Gyarados|Mold Breaker\n|turn|7\n|\n|t:|1788282431\n|move|p1a: Tyranitar|Protect|p1a: Tyranitar\n|-singleturn|p1a: Tyranitar|Protect\n|move|p2b: Gyarados|Crunch|p1b: Farigiraf\n|-supereffective|p1b: Farigiraf|1\n|-damage|p1b: Farigiraf|23/100\n|-enditem|p1b: Farigiraf|Sitrus Berry|[eat]\n|-heal|p1b: Farigiraf|47/100|[from] item: Sitrus Berry\n|move|p2a: Gholdengo|Make It Rain|p1a: Tyranitar|[spread] p1b\n|-activate|p1a: Tyranitar|move: Protect\n|-damage|p1b: Farigiraf|7/100\n|-unboost|p2a: Gholdengo|spa|2\n|move|p1b: Farigiraf|Trick Room|p1b: Farigiraf\n|-fieldstart|move: Trick Room|[of] p1b: Farigiraf\n|\n|-weather|Sandstorm|[upkeep]\n|-damage|p1b: Farigiraf|1/100|[from] Sandstorm\n|-damage|p2b: Gyarados|23/100|[from] Sandstorm\n|upkeep\n|turn|8\n|-message|echoes630 forfeited.\n|\n|win|marcio1428\n","uploadtime":1788282440,"views":"0","formatid":"gen9championsvgc2026regmbbo3","rating":null,"private":0,"password":null}