{"id":"gen9championsvgc2026regmbbo3-2673911823","format":"[Gen 9 Champions] VGC 2026 Reg M-B (Bo3)","players":["fan#1lugia","javivaarela"],"log":"|j|☆fan#1lugia\n|j|☆javivaarela\n|html|<table width=\"100%\"><tr><td align=\"left\">fan#1lugia</td><td align=\"right\">javivaarela</tr><tr><td align=\"left\"><i class=\"fa fa-circle\"></i> <i class=\"fa fa-circle-o\"></i> </td><td align=\"right\"><i class=\"fa fa-circle-o\"></i> <i class=\"fa fa-circle\"></i> </tr></table>\n|uhtml|bestof|<h2><strong>Game 3</strong> of <a href=\"/game-bestof3-gen9championsvgc2026regmbbo3-2673908339\">a best-of-3</a></h2>\n|t:|1788276231\n|gametype|doubles\n|player|p1|fan#1lugia|170|\n|player|p2|javivaarela|102|\n|gen|9\n|tier|[Gen 9 Champions] VGC 2026 Reg M-B (Bo3)\n|rule|Species Clause: Limit one of each Pokémon\n|rule|Item Clause: Limit 1 of each item\n|clearpoke\n|poke|p1|Charizard, L50, M|\n|poke|p1|Grimmsnarl, L50, M|\n|poke|p1|Pelipper, L50, M|\n|poke|p1|Archaludon, L50, F|\n|poke|p1|Swampert, L50, M|\n|poke|p1|Venusaur, L50, F|\n|poke|p2|Staraptor, L50, M, shiny|\n|poke|p2|Arcanine-Hisui, L50, M, shiny|\n|poke|p2|Kingambit, L50, M, shiny|\n|poke|p2|Sylveon, L50, F, shiny|\n|poke|p2|Raichu, L50, M, shiny|\n|poke|p2|Farigiraf, L50, M, shiny|\n|teampreview|4\n|showteam|p1|Charizard||CharizarditeY|Blaze|Protect,HeatWave,WeatherBall,AncientPower|Modest||M|||50|]Grimmsnarl||LightClay|Prankster|SpiritBreak,Reflect,LightScreen,PartingShot|Sassy||M|||50|]Pelipper||SitrusBerry|Drizzle|Hurricane,WeatherBall,Tailwind,Protect|Modest||M|||50|]Archaludon||Leftovers|Stamina|Protect,ElectroShot,DragonPulse,FlashCannon|Calm||F|||50|]Swampert||Swampertite|Torrent|Protect,Earthquake,WaveCrash,IcePunch|Adamant||M|||50|]Venusaur||FocusSash|Chlorophyll|Protect,SleepPowder,SludgeBomb,EnergyBall|Modest||F|||50|\n|showteam|p2|Staraptor||Staraptite|Intimidate|DualWingbeat,CloseCombat,Tailwind,Protect|Jolly||M|||50|]Arcanine-Hisui||FocusSash|RockHead|FlareBlitz,HeadSmash,ExtremeSpeed,Protect|Jolly||M|||50|]Kingambit||LifeOrb|Defiant|KowtowCleave,SuckerPunch,SwordsDance,Protect|Adamant||M|||50|]Sylveon||FairyFeather|Pixilate|HyperVoice,HyperBeam,QuickAttack,Detect|Modest||F|||50|]Raichu||RaichuniteY|LightningRod|ZapCannon,FocusBlast,FakeOut,Protect|Timid||M|||50|]Farigiraf||SitrusBerry|ArmorTail|Psychic,HelpingHand,TrickRoom,Protect|Calm||M|||50|\n|\n|t:|1788276242\n|teamsize|p1|4\n|teamsize|p2|4\n|start\n|switch|p1a: Venusaur|Venusaur, L50, F|100/100\n|switch|p1b: Charizard|Charizard, L50, M|100/100\n|switch|p2a: Flower Man|Staraptor, L50, M, shiny|100/100\n|switch|p2b: Sadie Sink|Sylveon, L50, F, shiny|100/100\n|-ability|p2a: Flower Man|Intimidate|boost\n|-unboost|p1a: Venusaur|atk|1\n|-unboost|p1b: Charizard|atk|1\n|turn|1\n|\n|t:|1788276265\n|detailschange|p1b: Charizard|Charizard-Mega-Y, L50, M\n|-mega|p1b: Charizard|Charizard|Charizardite Y\n|-weather|SunnyDay|[from] ability: Drought|[of] p1b: Charizard\n|move|p2a: Flower Man|Protect|p2a: Flower Man\n|-singleturn|p2a: Flower Man|Protect\n|move|p1a: Venusaur|Sleep Powder|p2a: Flower Man\n|-activate|p2a: Flower Man|move: Protect\n|move|p1b: Charizard|Heat Wave|p2a: Flower Man|[spread] p2b\n|-activate|p2a: Flower Man|move: Protect\n|-damage|p2b: Sadie Sink|51/100\n|move|p2b: Sadie Sink|Hyper Voice|p1a: Venusaur|[spread] p1a,p1b\n|-resisted|p1a: Venusaur|1\n|-resisted|p1b: Charizard|1\n|-damage|p1a: Venusaur|72/100\n|-damage|p1b: Charizard|80/100\n|\n|-weather|SunnyDay|[upkeep]\n|upkeep\n|turn|2\n|\n|t:|1788276285\n|switch|p2a: WrathofKhan|Kingambit, L50, M, shiny|100/100\n|move|p1a: Venusaur|Sleep Powder|p2a: WrathofKhan\n|-status|p2a: WrathofKhan|slp|[from] move: Sleep Powder\n|move|p1b: Charizard|Heat Wave|p2b: Sadie Sink|[spread] p2a\n|-miss|p1b: Charizard|p2b: Sadie Sink\n|-supereffective|p2a: WrathofKhan|1\n|-damage|p2a: WrathofKhan|0 fnt\n|faint|p2a: WrathofKhan\n|move|p2b: Sadie Sink|Hyper Voice|p1a: Venusaur|[spread] p1a,p1b\n|-resisted|p1a: Venusaur|1\n|-resisted|p1b: Charizard|1\n|-damage|p1a: Venusaur|45/100\n|-damage|p1b: Charizard|60/100\n|\n|-weather|SunnyDay|[upkeep]\n|upkeep\n|\n|t:|1788276303\n|switch|p2a: Big Chu|Raichu, L50, M, shiny|100/100\n|turn|3\n|\n|t:|1788276319\n|move|p1a: Venusaur|Protect|p1a: Venusaur\n|-singleturn|p1a: Venusaur|Protect\n|move|p2a: Big Chu|Protect|p2a: Big Chu\n|-singleturn|p2a: Big Chu|Protect\n|move|p1b: Charizard|Protect|p1b: Charizard\n|-singleturn|p1b: Charizard|Protect\n|move|p2b: Sadie Sink|Hyper Beam|p1a: Venusaur\n|-activate|p1a: Venusaur|move: Protect\n|\n|-weather|SunnyDay|[upkeep]\n|upkeep\n|turn|4\n|\n|t:|1788276332\n|switch|p2a: Flower Man|Staraptor, L50, M, shiny|100/100\n|-ability|p2a: Flower Man|Intimidate|boost\n|-unboost|p1a: Venusaur|atk|1\n|-unboost|p1b: Charizard|atk|1\n|switch|p1b: Archaludon|Archaludon, L50, F|100/100\n|move|p1a: Venusaur|Sleep Powder|p2a: Flower Man\n|-status|p2a: Flower Man|slp|[from] move: Sleep Powder\n|move|p2b: Sadie Sink|Hyper Beam|p1a: Venusaur\n|-resisted|p1a: Venusaur|1\n|-crit|p1a: Venusaur\n|-damage|p1a: Venusaur|0 fnt\n|-mustrecharge|p2b: Sadie Sink\n|faint|p1a: Venusaur\n|\n|-weather|SunnyDay|[upkeep]\n|upkeep\n|\n|t:|1788276340\n|switch|p1a: Pelipper|Pelipper, L50, M|100/100\n|-weather|RainDance|[from] ability: Drizzle|[of] p1a: Pelipper\n|turn|5\n|\n|t:|1788276355\n|detailschange|p2a: Flower Man|Staraptor-Mega, L50, M, shiny\n|-mega|p2a: Flower Man|Staraptor|Staraptite\n|cant|p2a: Flower Man|slp\n|move|p1b: Archaludon|Electro Shot||[still]\n|-prepare|p1b: Archaludon|Electro Shot\n|-boost|p1b: Archaludon|spa|1\n|-anim|p1b: Archaludon|Electro Shot|p2b: Sadie Sink\n|-damage|p2b: Sadie Sink|8/100\n|cant|p2b: Sadie Sink|recharge\n|move|p1a: Pelipper|Tailwind|p1a: Pelipper\n|-sidestart|p1: fan#1lugia|move: Tailwind\n|\n|-weather|RainDance|[upkeep]\n|upkeep\n|turn|6\n|\n|t:|1788276376\n|switch|p2a: Big Chu|Raichu, L50, M, shiny|100/100\n|move|p1b: Archaludon|Electro Shot||[still]\n|-prepare|p1b: Archaludon|Electro Shot\n|-boost|p1b: Archaludon|spa|1\n|-anim|p1b: Archaludon|Electro Shot|p2a: Big Chu\n|-ability|p2a: Big Chu|Lightning Rod|boost\n|-boost|p2a: Big Chu|spa|1\n|move|p1a: Pelipper|Hurricane|p2a: Big Chu\n|-resisted|p2a: Big Chu|1\n|-damage|p2a: Big Chu|71/100\n|move|p2b: Sadie Sink|Hyper Beam|p1a: Pelipper\n|-damage|p1a: Pelipper|0 fnt\n|-mustrecharge|p2b: Sadie Sink\n|faint|p1a: Pelipper\n|\n|-weather|RainDance|[upkeep]\n|upkeep\n|\n|t:|1788276380\n|switch|p1a: Charizard|Charizard-Mega-Y, L50, M|60/100\n|-weather|SunnyDay|[from] ability: Drought|[of] p1a: Charizard\n|turn|7\n|\n|t:|1788276416\n|move|p2a: Big Chu|Fake Out|p1a: Charizard\n|-damage|p1a: Charizard|53/100\n|cant|p1a: Charizard|flinch\n|move|p1b: Archaludon|Dragon Pulse|p2a: Big Chu\n|-damage|p2a: Big Chu|0 fnt\n|faint|p2a: Big Chu\n|cant|p2b: Sadie Sink|recharge\n|\n|-weather|SunnyDay|[upkeep]\n|upkeep\n|\n|t:|1788276421\n|switch|p2a: Flower Man|Staraptor-Mega, L50, M, shiny|100/100 slp\n|turn|8\n|\n|t:|1788276433\n|cant|p2a: Flower Man|slp\n|move|p2b: Sadie Sink|Detect|p2b: Sadie Sink\n|-singleturn|p2b: Sadie Sink|Protect\n|move|p1a: Charizard|Heat Wave|p2b: Sadie Sink|[spread] \n|-activate|p2b: Sadie Sink|move: Protect\n|-miss|p1a: Charizard|p2a: Flower Man\n|move|p1b: Archaludon|Dragon Pulse|p2a: Flower Man\n|-damage|p2a: Flower Man|30/100 slp\n|\n|-weather|SunnyDay|[upkeep]\n|-sideend|p1: fan#1lugia|move: Tailwind\n|upkeep\n|turn|9\n|\n|t:|1788276445\n|-curestatus|p2a: Flower Man|slp|[msg]\n|move|p2a: Flower Man|Tailwind|p2a: Flower Man\n|-sidestart|p2: javivaarela|move: Tailwind\n|move|p2b: Sadie Sink|Hyper Beam|p1a: Charizard\n|-resisted|p1a: Charizard|1\n|-damage|p1a: Charizard|7/100\n|-mustrecharge|p2b: Sadie Sink\n|move|p1a: Charizard|Weather Ball|p2a: Flower Man\n|-damage|p2a: Flower Man|0 fnt\n|faint|p2a: Flower Man\n|move|p1b: Archaludon|Flash Cannon|p2b: Sadie Sink\n|-supereffective|p2b: Sadie Sink|1\n|-damage|p2b: Sadie Sink|0 fnt\n|faint|p2b: Sadie Sink\n|\n|win|fan#1lugia\n","uploadtime":1788276446,"views":"0","formatid":"gen9championsvgc2026regmbbo3","rating":null,"private":0,"password":null}