{"id":"gen9championsvgc2026regmbbo3-2673245986","format":"[Gen 9 Champions] VGC 2026 Reg M-B (Bo3)","players":["Its andreas tbh","DavaRobin"],"log":"|j|☆Its andreas tbh\n|j|☆DavaRobin\n|html|<table width=\"100%\"><tr><td align=\"left\">Its andreas tbh</td><td align=\"right\">DavaRobin</tr><tr><td align=\"left\"><i class=\"fa fa-circle-o\"></i> <i class=\"fa fa-circle-o\"></i> </td><td align=\"right\"><i class=\"fa fa-circle-o\"></i> <i class=\"fa fa-circle-o\"></i> </tr></table>\n|uhtml|bestof|<h2><strong>Game 1</strong> of <a href=\"/game-bestof3-gen9championsvgc2026regmbbo3-2673245985\">a best-of-3</a></h2>\n|t:|1788168183\n|gametype|doubles\n|player|p1|Its andreas tbh|2|1151\n|player|p2|DavaRobin|maid|1040\n|gen|9\n|tier|[Gen 9 Champions] VGC 2026 Reg M-B (Bo3)\n|rated|\n|rule|Species Clause: Limit one of each Pokémon\n|rule|Item Clause: Limit 1 of each item\n|clearpoke\n|poke|p1|Floette-Eternal, L50, F|\n|poke|p1|Toxapex, L50, F|\n|poke|p1|Sinistcha-Masterpiece, L50|\n|poke|p1|Sableye, L50, F|\n|poke|p1|Archaludon, L50, F|\n|poke|p1|Scovillain, L50, M|\n|poke|p2|Sylveon, L50, M|\n|poke|p2|Torkoal, L50, M|\n|poke|p2|Venusaur, L50, M|\n|poke|p2|Dragapult, L50, F|\n|poke|p2|Blaziken, L50, F|\n|poke|p2|Kingambit, L50, M|\n|teampreview|4\n|showteam|p1|Floette-Eternal||Floettite|FlowerVeil|CalmMind,DrainingKiss,DazzlingGleam,Protect|Modest||F|||50|]Toxapex||SitrusBerry|Regenerator|Infestation,Toxic,WideGuard,Recover|Sassy||F|||50|]Sinistcha-Masterpiece||MentalHerb|Hospitality|MatchaGotcha,StrengthSap,LifeDew,RagePowder|Bold|||||50|]Sableye||RoseliBerry|Prankster|LightScreen,Reflect,WillOWisp,RainDance|Calm||F|||50|]Archaludon||Leftovers|Stamina|ElectroShot,DragonPulse,FlashCannon,Protect|Calm||F|||50|]Scovillain||Scovillainite|Chlorophyll|FireSpin,LeechSeed,GigaDrain,RagePowder|Bold||M|||50|\n|showteam|p2|Sylveon||FairyFeather|Pixilate|HyperBeam,HyperVoice,QuickAttack,Detect|Modest||M|||50|]Torkoal||Leftovers|Drought|WeatherBall,StoneEdge,Yawn,Protect|Relaxed||M|||50|]Venusaur||OccaBerry|Chlorophyll|LeafStorm,SludgeBomb,SleepPowder,Protect|Modest||M|||50|]Dragapult||DragonFang|ClearBody|DragonDarts,PhantomForce,DragonClaw,Protect|Jolly||F|||50|]Blaziken||Blazikenite|SpeedBoost|FlareBlitz,CloseCombat,RockSlide,Detect|Adamant||F|||50|]Kingambit||LifeOrb|Defiant|KowtowCleave,QuickGuard,SuckerPunch,Protect|Adamant||M|||50|\n|inactive|Battle timer is ON: inactive players will automatically lose when time's up. (requested by Its andreas tbh)\n|\n|t:|1788168247\n|teamsize|p1|4\n|teamsize|p2|4\n|start\n|switch|p1a: Scovillain|Scovillain, L50, M|100/100\n|switch|p1b: Sableye|Sableye, L50, F|100/100\n|switch|p2a: Venusaur|Venusaur, L50, M|100/100\n|switch|p2b: Torkoal|Torkoal, L50, M|100/100\n|-weather|SunnyDay|[from] ability: Drought|[of] p2b: Torkoal\n|turn|1\n|inactive|Its andreas tbh has 30 seconds left.\n|inactive|DavaRobin has 30 seconds left.\n|inactive|Its andreas tbh has 20 seconds left.\n|inactive|DavaRobin has 20 seconds left.\n|inactive|Its andreas tbh has 15 seconds left.\n|\n|t:|1788168289\n|switch|p2a: Blaziken|Blaziken, L50, F|100/100\n|detailschange|p1a: Scovillain|Scovillain-Mega, L50, M\n|-mega|p1a: Scovillain|Scovillain|Scovillainite\n|move|p1b: Sableye|Rain Dance|p1b: Sableye\n|-weather|RainDance\n|move|p1a: Scovillain|Fire Spin|p2b: Torkoal\n|-resisted|p2b: Torkoal|1\n|-damage|p2b: Torkoal|96/100\n|-activate|p2b: Torkoal|move: Fire Spin|[of] p1a: Scovillain\n|move|p2b: Torkoal|Weather Ball|p1b: Sableye\n|-damage|p1b: Sableye|64/100\n|\n|-weather|RainDance|[upkeep]\n|-heal|p2b: Torkoal|100/100|[from] item: Leftovers\n|-damage|p2b: Torkoal|87/100|[from] move: Fire Spin|[partiallytrapped]\n|upkeep\n|turn|2\n|inactive|DavaRobin has 30 seconds left.\n|\n|t:|1788168324\n|move|p1b: Sableye|Reflect|p1b: Sableye\n|-sidestart|p1: Its andreas tbh|Reflect\n|move|p2a: Blaziken|Rock Slide|p1b: Sableye|[spread] p1b\n|-miss|p2a: Blaziken|p1a: Scovillain\n|-damage|p1b: Sableye|44/100\n|move|p1a: Scovillain|Leech Seed|p2b: Torkoal\n|-start|p2b: Torkoal|move: Leech Seed\n|move|p2b: Torkoal|Weather Ball|p1b: Sableye\n|-damage|p1b: Sableye|9/100\n|\n|-weather|RainDance|[upkeep]\n|-heal|p2b: Torkoal|93/100|[from] item: Leftovers\n|-damage|p2b: Torkoal|81/100|[from] Leech Seed|[of] p1a: Scovillain\n|-damage|p2b: Torkoal|68/100|[from] move: Fire Spin|[partiallytrapped]\n|-ability|p2a: Blaziken|Speed Boost|boost\n|-boost|p2a: Blaziken|spe|1\n|upkeep\n|turn|3\n|\n|t:|1788168342\n|switch|p1b: Toxapex|Toxapex, L50, F|100/100\n|detailschange|p2a: Blaziken|Blaziken-Mega, L50, F\n|-mega|p2a: Blaziken|Blaziken|Blazikenite\n|move|p2a: Blaziken|Rock Slide|p1a: Scovillain|[spread] p1a,p1b\n|-supereffective|p1a: Scovillain|1\n|-damage|p1a: Scovillain|67/100\n|-damage|p1b: Toxapex|88/100\n|cant|p1a: Scovillain|flinch\n|move|p2b: Torkoal|Weather Ball|p2a: Blaziken\n|-supereffective|p2a: Blaziken|1\n|-damage|p2a: Blaziken|3/100\n|\n|-weather|RainDance|[upkeep]\n|-heal|p2b: Torkoal|75/100|[from] item: Leftovers\n|-damage|p2b: Torkoal|62/100|[from] Leech Seed|[of] p1a: Scovillain\n|-heal|p1a: Scovillain|80/100|[silent]\n|-damage|p2b: Torkoal|50/100y|[from] move: Fire Spin|[partiallytrapped]\n|-ability|p2a: Blaziken|Speed Boost|boost\n|-boost|p2a: Blaziken|spe|1\n|upkeep\n|turn|4\n|c|☆DavaRobin|Missclick\n|inactive|Its andreas tbh has 30 seconds left.\n|inactive|DavaRobin has 30 seconds left.\n|inactive|Its andreas tbh has 20 seconds left.\n|\n|t:|1788168379\n|move|p2a: Blaziken|Rock Slide|p1b: Toxapex|[spread] p1a,p1b\n|-supereffective|p1a: Scovillain|1\n|-damage|p1a: Scovillain|48/100\n|-damage|p1b: Toxapex|76/100\n|cant|p1a: Scovillain|flinch\n|move|p1b: Toxapex|Toxic|p2a: Blaziken\n|-status|p2a: Blaziken|tox\n|move|p2b: Torkoal|Yawn|p1b: Toxapex\n|-start|p1b: Toxapex|move: Yawn|[of] p2b: Torkoal\n|\n|-weather|RainDance|[upkeep]\n|-heal|p2b: Torkoal|56/100|[from] item: Leftovers\n|-damage|p2b: Torkoal|43/100|[from] Leech Seed|[of] p1a: Scovillain\n|-heal|p1a: Scovillain|61/100|[silent]\n|-damage|p2a: Blaziken|0 fnt|[from] psn\n|faint|p2a: Blaziken\n|-damage|p2b: Torkoal|31/100|[from] move: Fire Spin|[partiallytrapped]\n|upkeep\n|inactive|DavaRobin has 30 seconds left.\n|\n|t:|1788168404\n|switch|p2a: Yamato|Sylveon, L50, M|100/100\n|turn|5\n|\n|t:|1788168422\n|move|p2a: Yamato|Detect|p2a: Yamato\n|-singleturn|p2a: Yamato|Protect\n|move|p1a: Scovillain|Fire Spin|p2a: Yamato\n|-activate|p2a: Yamato|move: Protect\n|move|p1b: Toxapex|Toxic|p2a: Yamato\n|-activate|p2a: Yamato|move: Protect\n|move|p2b: Torkoal|Stone Edge|p1a: Scovillain\n|-supereffective|p1a: Scovillain|1\n|-damage|p1a: Scovillain|37/100\n|\n|-weather|none\n|-heal|p2b: Torkoal|37/100|[from] item: Leftovers\n|-damage|p2b: Torkoal|25/100|[from] Leech Seed|[of] p1a: Scovillain\n|-heal|p1a: Scovillain|50/100g|[silent]\n|-end|p2b: Torkoal|Fire Spin|[partiallytrapped]\n|-end|p1b: Toxapex|move: Yawn|[silent]\n|-status|p1b: Toxapex|slp\n|upkeep\n|turn|6\n|inactive|DavaRobin has 30 seconds left.\n|\n|t:|1788168449\n|-heal|p1b: Toxapex|100/100 slp|[from] ability: Regenerator|[silent]\n|switch|p1b: Sinistcha|Sinistcha-Masterpiece, L50|100/100\n|-heal|p1a: Scovillain|75/100|[from] ability: Hospitality|[of] p1b: Sinistcha\n|move|p1a: Scovillain|Fire Spin|p2b: Torkoal\n|-resisted|p2b: Torkoal|1\n|-damage|p2b: Torkoal|16/100\n|-activate|p2b: Torkoal|move: Fire Spin|[of] p1a: Scovillain\n|move|p2a: Yamato|Hyper Voice|p1b: Sinistcha|[spread] p1a,p1b\n|-resisted|p1a: Scovillain|1\n|-damage|p1a: Scovillain|48/100\n|-damage|p1b: Sinistcha|60/100\n|-status|p2a: Yamato|brn|[from] ability: Spicy Spray|[of] p1a: Scovillain\n|move|p2b: Torkoal|Stone Edge|p1a: Scovillain\n|-supereffective|p1a: Scovillain|1\n|-damage|p1a: Scovillain|25/100\n|\n|-heal|p2b: Torkoal|22/100|[from] item: Leftovers\n|-damage|p2b: Torkoal|10/100|[from] Leech Seed|[of] p1a: Scovillain\n|-heal|p1a: Scovillain|38/100|[silent]\n|-damage|p2a: Yamato|93/100 brn|[from] brn\n|-damage|p2b: Torkoal|0 fnt|[from] move: Fire Spin|[partiallytrapped]\n|faint|p2b: Torkoal\n|-sideend|p1: Its andreas tbh|Reflect\n|upkeep\n|\n|t:|1788168470\n|switch|p2b: Venusaur|Venusaur, L50, M|100/100\n|turn|7\n|inactive|Its andreas tbh has 30 seconds left.\n|\n|t:|1788168499\n|switch|p1a: Toxapex|Toxapex, L50, F|100/100 slp\n|move|p2b: Venusaur|Sludge Bomb|p1a: Toxapex\n|-resisted|p1a: Toxapex|1\n|-damage|p1a: Toxapex|86/100 slp\n|move|p1b: Sinistcha|Life Dew|p1b: Sinistcha|[spread] p1a,p1b\n|-heal|p1a: Toxapex|100/100 slp\n|-heal|p1b: Sinistcha|85/100\n|move|p2a: Yamato|Hyper Voice|p1a: Toxapex|[spread] p1a,p1b\n|-resisted|p1a: Toxapex|1\n|-damage|p1a: Toxapex|84/100 slp\n|-damage|p1b: Sinistcha|43/100\n|\n|-damage|p2a: Yamato|87/100 brn|[from] brn\n|upkeep\n|turn|8\n|\n|t:|1788168520\n|move|p2b: Venusaur|Leaf Storm|p1a: Toxapex\n|-damage|p1a: Toxapex|42/100 slp\n|-unboost|p2b: Venusaur|spa|2\n|-enditem|p1a: Toxapex|Sitrus Berry|[eat]\n|-heal|p1a: Toxapex|66/100 slp|[from] item: Sitrus Berry\n|move|p1b: Sinistcha|Life Dew|p1b: Sinistcha|[spread] p1a,p1b\n|-heal|p1a: Toxapex|91/100 slp\n|-heal|p1b: Sinistcha|69/100\n|move|p2a: Yamato|Hyper Voice|p1a: Toxapex|[spread] p1a,p1b\n|-resisted|p1a: Toxapex|1\n|-damage|p1a: Toxapex|76/100 slp\n|-damage|p1b: Sinistcha|24/100\n|cant|p1a: Toxapex|slp\n|\n|-damage|p2a: Yamato|81/100 brn|[from] brn\n|upkeep\n|turn|9\n|\n|t:|1788168541\n|move|p2a: Yamato|Quick Attack|p1b: Sinistcha\n|-damage|p1b: Sinistcha|19/100\n|move|p2b: Venusaur|Leaf Storm|p1a: Toxapex\n|-damage|p1a: Toxapex|52/100 slp\n|-unboost|p2b: Venusaur|spa|2\n|move|p1b: Sinistcha|Life Dew|p1b: Sinistcha|[spread] p1a,p1b\n|-heal|p1a: Toxapex|77/100 slp\n|-heal|p1b: Sinistcha|44/100\n|cant|p1a: Toxapex|slp\n|\n|-damage|p2a: Yamato|75/100 brn|[from] brn\n|upkeep\n|turn|10\n|-message|DavaRobin forfeited.\n|\n|win|Its andreas tbh\n||DavaRobin is ready for game 2.\n||Its andreas tbh is ready for game 2.\n|uhtml|next|Next: <a href=\"/battle-gen9championsvgc2026regmbbo3-2673247515\"><strong>Game 2 of 3</strong></a>\n|l|☆DavaRobin\n|player|p2|\n","uploadtime":1788169316,"views":"10","formatid":"gen9championsvgc2026regmbbo3","rating":null,"private":0,"password":null}