{"id":"gen9championsvgc2026regmbbo3-2673815740","format":"[Gen 9 Champions] VGC 2026 Reg M-B (Bo3)","players":["DarkVectorVGC","eeveetrainer7"],"log":"|j|☆DarkVectorVGC\n|j|☆eeveetrainer7\n|html|<table width=\"100%\"><tr><td align=\"left\">DarkVectorVGC</td><td align=\"right\">eeveetrainer7</tr><tr><td align=\"left\"><i class=\"fa fa-circle-o\"></i> <i class=\"fa fa-circle-o\"></i> </td><td align=\"right\"><i class=\"fa fa-circle-o\"></i> <i class=\"fa fa-circle-o\"></i> </tr></table>\n|uhtml|bestof|<h2><strong>Game 1</strong> of <a href=\"/game-bestof3-gen9championsvgc2026regmbbo3-2673815739\">a best-of-3</a></h2>\n|t:|1788262579\n|gametype|doubles\n|player|p1|DarkVectorVGC|265|1094\n|player|p2|eeveetrainer7|eusine|1000\n|gen|9\n|tier|[Gen 9 Champions] VGC 2026 Reg M-B (Bo3)\n|rated|\n|rule|Species Clause: Limit one of each Pokémon\n|rule|Item Clause: Limit 1 of each item\n|clearpoke\n|poke|p1|Floette-Eternal, L50, F|\n|poke|p1|Charizard, L50, F, shiny|\n|poke|p1|Whimsicott, L50, M, shiny|\n|poke|p1|Garchomp, L50, F|\n|poke|p1|Basculegion, L50, M|\n|poke|p1|Incineroar, L50, F, shiny|\n|poke|p2|Feraligatr, L50, F|\n|poke|p2|Ninetales-Alola, L50, M, shiny|\n|poke|p2|Incineroar, L50, M|\n|poke|p2|Sneasler, L50, F|\n|poke|p2|Corviknight, L50, M|\n|poke|p2|Sinistcha, L50|\n|teampreview|4\n|showteam|p1|Floette-Eternal||Floettite|FlowerVeil|DazzlingGleam,CalmMind,Moonblast,Protect|Modest||F|||50|]Charizard||CharizarditeY|Blaze|Protect,HeatWave,WeatherBall,AncientPower|Modest||F|||50|]Whimsicott||FocusSash|Prankster|Protect,Tailwind,Moonblast,Encore|Timid||M|||50|]Garchomp||LifeOrb|RoughSkin|Protect,RockSlide,DragonClaw,StompingTantrum|Jolly||F|||50|]Basculegion||MysticWater|Adaptability|Protect,WaveCrash,LastRespects,AquaJet|Jolly||M|||50|]Incineroar||SitrusBerry|Intimidate|FakeOut,FlareBlitz,PartingShot,Taunt|Impish||F|||50|\n|showteam|p2|Feraligatr||Feraligite|SheerForce|Liquidation,DragonDance,BodySlam,Protect|Adamant||F|||50|]Ninetales-Alola||FocusSash|SnowWarning|AuroraVeil,Blizzard,FreezeDry,DazzlingGleam|Timid||M|||50|]Incineroar||SitrusBerry|Intimidate|FakeOut,FlareBlitz,ThroatChop,PartingShot|Adamant||M|||50|]Sneasler||WhiteHerb|Unburden|FakeOut,Coaching,DireClaw,CloseCombat|Jolly||F|||50|]Corviknight||MetalCoat|MirrorArmor|IronHead,Tailwind,BodyPress,Roost|Impish||M|||50|]Sinistcha||Leftovers|Hospitality|LifeDew,MatchaGotcha,Protect,RagePowder|Bold|||||50|\n|\n|t:|1788262678\n|teamsize|p1|4\n|teamsize|p2|4\n|start\n|switch|p1a: Whimsicott|Whimsicott, L50, M, shiny|100/100\n|switch|p1b: Charizard|Charizard, L50, F, shiny|100/100\n|switch|p2a: Feraligatr|Feraligatr, L50, F|100/100\n|switch|p2b: Sneasler|Sneasler, L50, F|100/100\n|turn|1\n|\n|t:|1788262708\n|move|p1a: Whimsicott|Protect|p1a: Whimsicott\n|-singleturn|p1a: Whimsicott|Protect\n|move|p1b: Charizard|Protect|p1b: Charizard\n|-singleturn|p1b: Charizard|Protect\n|move|p2b: Sneasler|Fake Out|p1a: Whimsicott\n|-activate|p1a: Whimsicott|move: Protect\n|move|p2a: Feraligatr|Dragon Dance|p2a: Feraligatr\n|-boost|p2a: Feraligatr|atk|1\n|-boost|p2a: Feraligatr|spe|1\n|\n|upkeep\n|turn|2\n|\n|t:|1788262725\n|detailschange|p1b: Charizard|Charizard-Mega-Y, L50, F, shiny\n|-mega|p1b: Charizard|Charizard|Charizardite Y\n|-weather|SunnyDay|[from] ability: Drought|[of] p1b: Charizard\n|move|p2a: Feraligatr|Protect|p2a: Feraligatr\n|-singleturn|p2a: Feraligatr|Protect\n|move|p1a: Whimsicott|Encore|p2a: Feraligatr\n|-activate|p2a: Feraligatr|move: Protect\n|move|p2b: Sneasler|Coaching|p2a: Feraligatr\n|-boost|p2a: Feraligatr|atk|1\n|-boost|p2a: Feraligatr|def|1\n|move|p1b: Charizard|Heat Wave|p2a: Feraligatr|[spread] p2b\n|-activate|p2a: Feraligatr|move: Protect\n|-damage|p2b: Sneasler|22/100\n|\n|-weather|SunnyDay|[upkeep]\n|upkeep\n|turn|3\n|\n|t:|1788262748\n|detailschange|p2a: Feraligatr|Feraligatr-Mega, L50, F\n|-mega|p2a: Feraligatr|Feraligatr|Feraligite\n|move|p1a: Whimsicott|Encore|p2a: Feraligatr\n|-start|p2a: Feraligatr|Encore\n|move|p2a: Feraligatr|Protect||[still]\n|-fail|p2a: Feraligatr\n|move|p2b: Sneasler|Dire Claw|p1a: Whimsicott\n|-supereffective|p1a: Whimsicott|2\n|-enditem|p1a: Whimsicott|Focus Sash\n|-damage|p1a: Whimsicott|1/100\n|move|p1b: Charizard|Heat Wave|p2a: Feraligatr|[spread] p2a,p2b\n|-resisted|p2a: Feraligatr|2\n|-damage|p2a: Feraligatr|82/100\n|-damage|p2b: Sneasler|0 fnt\n|faint|p2b: Sneasler\n|\n|-weather|SunnyDay|[upkeep]\n|upkeep\n|\n|t:|1788262772\n|switch|p2b: Incineroar|Incineroar, L50, M|100/100\n|-ability|p2b: Incineroar|Intimidate|boost\n|-unboost|p1a: Whimsicott|atk|1\n|-unboost|p1b: Charizard|atk|1\n|turn|4\n|\n|t:|1788262794\n|switch|p1a: Garchomp|Garchomp, L50, F|100/100\n|move|p2a: Feraligatr|Protect|p2a: Feraligatr\n|-singleturn|p2a: Feraligatr|Protect\n|move|p2b: Incineroar|Fake Out|p1a: Garchomp\n|-damage|p1a: Garchomp|85/100\n|-damage|p2b: Incineroar|87/100|[from] ability: Rough Skin|[of] p1a: Garchomp\n|move|p1b: Charizard|Ancient Power|p2b: Incineroar\n|-supereffective|p2b: Incineroar|1\n|-damage|p2b: Incineroar|50/100g\n|\n|-weather|SunnyDay|[upkeep]\n|upkeep\n|turn|5\n|\n|t:|1788262817\n|move|p2a: Feraligatr|Protect|p2a: Feraligatr\n|-singleturn|p2a: Feraligatr|Protect\n|move|p1a: Garchomp|Dragon Claw|p2a: Feraligatr\n|-activate|p2a: Feraligatr|move: Protect\n|move|p1b: Charizard|Weather Ball|p2a: Feraligatr\n|-activate|p2a: Feraligatr|move: Protect\n|move|p2b: Incineroar|Parting Shot|p1a: Garchomp\n|-unboost|p1a: Garchomp|atk|1\n|-unboost|p1a: Garchomp|spa|1\n|\n|t:|1788262829\n|switch|p2b: Sinistcha|Sinistcha, L50|100/100|[from] Parting Shot\n|-heal|p2a: Feraligatr|100/100|[from] ability: Hospitality|[of] p2b: Sinistcha\n|\n|-weather|SunnyDay|[upkeep]\n|-end|p2a: Feraligatr|Encore\n|upkeep\n|turn|6\n|\n|t:|1788262840\n|switch|p1a: Incineroar|Incineroar, L50, F, shiny|100/100\n|-ability|p1a: Incineroar|Intimidate|boost\n|-unboost|p2a: Feraligatr|atk|1\n|-unboost|p2b: Sinistcha|atk|1\n|move|p1b: Charizard|Protect|p1b: Charizard\n|-singleturn|p1b: Charizard|Protect\n|move|p2b: Sinistcha|Rage Powder|p2b: Sinistcha\n|-singleturn|p2b: Sinistcha|move: Rage Powder\n|move|p2a: Feraligatr|Body Slam|p1a: Incineroar\n|-damage|p1a: Incineroar|22/100\n|-status|p1a: Incineroar|par\n|-enditem|p1a: Incineroar|Sitrus Berry|[eat]\n|-heal|p1a: Incineroar|47/100 par|[from] item: Sitrus Berry\n|\n|-weather|none\n|upkeep\n|turn|7\n|\n|t:|1788262887\n|move|p2b: Sinistcha|Protect|p2b: Sinistcha\n|-singleturn|p2b: Sinistcha|Protect\n|move|p1a: Incineroar|Fake Out|p2a: Feraligatr\n|-damage|p2a: Feraligatr|93/100\n|cant|p2a: Feraligatr|flinch\n|move|p1b: Charizard|Heat Wave|p2a: Feraligatr|[spread] p2a\n|-activate|p2b: Sinistcha|move: Protect\n|-resisted|p2a: Feraligatr|2\n|-damage|p2a: Feraligatr|82/100\n|\n|upkeep\n|turn|8\n|\n|t:|1788262908\n|switch|p1a: Whimsicott|Whimsicott, L50, M, shiny|1/100\n|move|p1b: Charizard|Protect|p1b: Charizard\n|-singleturn|p1b: Charizard|Protect\n|move|p2b: Sinistcha|Rage Powder|p2b: Sinistcha\n|-singleturn|p2b: Sinistcha|move: Rage Powder\n|move|p2a: Feraligatr|Liquidation|p1b: Charizard\n|-activate|p1b: Charizard|move: Protect\n|\n|upkeep\n|turn|9\n|\n|t:|1788262932\n|switch|p1b: Incineroar|Incineroar, L50, F, shiny|47/100 par\n|-ability|p1b: Incineroar|Intimidate|boost\n|-unboost|p2a: Feraligatr|atk|1\n|-unboost|p2b: Sinistcha|atk|1\n|move|p1a: Whimsicott|Protect|p1a: Whimsicott\n|-singleturn|p1a: Whimsicott|Protect\n|move|p2b: Sinistcha|Rage Powder|p2b: Sinistcha\n|-singleturn|p2b: Sinistcha|move: Rage Powder\n|move|p2a: Feraligatr|Liquidation|p1a: Whimsicott\n|-activate|p1a: Whimsicott|move: Protect\n|\n|upkeep\n|turn|10\n|-message|eeveetrainer7 forfeited.\n|raw|DarkVectorVGC's rating: 1094 &rarr; <strong>1113</strong><br />(+19 for winning)\n|raw|eeveetrainer7's rating: 1000 &rarr; <strong>1000</strong><br />(+0 for losing)\n|\n|win|DarkVectorVGC\n|l|☆eeveetrainer7\n|player|p2|\n","uploadtime":1788262968,"views":"5","formatid":"gen9championsvgc2026regmbbo3","rating":1000,"private":0,"password":null}