{"id":"gen9championsvgc2026regmbbo3-2673761235","format":"[Gen 9 Champions] VGC 2026 Reg M-B (Bo3)","players":["Joker113","CaratroncoSun"],"log":"|j|☆Joker113\n|j|☆CaratroncoSun\n|html|<table width=\"100%\"><tr><td align=\"left\">Joker113</td><td align=\"right\">CaratroncoSun</tr><tr><td align=\"left\"><i class=\"fa fa-circle\"></i> <i class=\"fa fa-circle-o\"></i> </td><td align=\"right\"><i class=\"fa fa-circle-o\"></i> <i class=\"fa fa-circle-o\"></i> </tr></table>\n|uhtml|bestof|<h2><strong>Game 2</strong> of <a href=\"/game-bestof3-gen9championsvgc2026regmbbo3-2673760207\">a best-of-3</a></h2>\n|t:|1788250328\n|gametype|doubles\n|player|p1|Joker113|170|1331\n|player|p2|CaratroncoSun|170|1320\n|gen|9\n|tier|[Gen 9 Champions] VGC 2026 Reg M-B (Bo3)\n|rated|\n|rule|Species Clause: Limit one of each Pokémon\n|rule|Item Clause: Limit 1 of each item\n|clearpoke\n|poke|p1|Floette-Eternal, L50, F|\n|poke|p1|Sneasler, L50, F|\n|poke|p1|Dragapult, L50, M|\n|poke|p1|Azumarill, L50, F|\n|poke|p1|Ditto, L50|\n|poke|p1|Aerodactyl, L50, F|\n|poke|p2|Charizard, L50, M, shiny|\n|poke|p2|Venusaur, L50, M, shiny|\n|poke|p2|Whimsicott, L50, M, shiny|\n|poke|p2|Basculegion, L50, M|\n|poke|p2|Tyranitar, L50, F|\n|poke|p2|Mamoswine, L50, M|\n|teampreview|4\n|showteam|p1|Floette-Eternal||Floettite|FlowerVeil|Protect,DazzlingGleam,Moonblast,DrainingKiss|Modest||F|||50|]Sneasler||WhiteHerb|Unburden|CloseCombat,FakeOut,DireClaw,Protect|Adamant||F|||50|]Dragapult||LifeOrb|CursedBody|WillOWisp,ShadowBall,DracoMeteor,Protect|Modest||M|||50|]Azumarill||SitrusBerry|HugePower|AquaJet,BellyDrum,Protect,PlayRough|Brave||F|||50|]Ditto||ChoiceScarf|Imposter|Transform|Serious|||||50|]Aerodactyl||FocusSash|Unnerve|RockSlide,Tailwind,DualWingbeat,Protect|Jolly||F|||50|\n|showteam|p2|Charizard||CharizarditeY|Blaze|Protect,SolarBeam,HeatWave,AirSlash|Modest||M|||50|]Venusaur||WideLens|Chlorophyll|Protect,GigaDrain,EarthPower,SleepPowder|Modest||M|||50|]Whimsicott||FocusSash|Prankster|Protect,Moonblast,Tailwind,Encore|Timid||M|||50|]Basculegion||MysticWater|Adaptability|Protect,AquaJet,WaveCrash,LastRespects|Adamant||M|||50|]Tyranitar||Tyranitarite|SandStream|Protect,RockSlide,KnockOff,LowKick|Adamant||F|||50|]Mamoswine||LifeOrb|Oblivious|Protect,HighHorsepower,RockSlide,IceShard|Adamant||M|||50|\n|inactive|Battle timer is ON: inactive players will automatically lose when time's up. (requested by Joker113)\n|\n|t:|1788250346\n|teamsize|p1|4\n|teamsize|p2|4\n|start\n|switch|p1a: Aerodactyl|Aerodactyl, L50, F|100/100\n|switch|p1b: Azumarill|Azumarill, L50, F|100/100\n|switch|p2a: Whimsicott|Whimsicott, L50, M, shiny|100/100\n|switch|p2b: Basculegion|Basculegion, L50, M|100/100\n|-ability|p1a: Aerodactyl|Unnerve\n|turn|1\n|\n|t:|1788250368\n|move|p2b: Basculegion|Aqua Jet|p1a: Aerodactyl\n|-supereffective|p1a: Aerodactyl|1\n|-enditem|p1a: Aerodactyl|Focus Sash\n|-damage|p1a: Aerodactyl|1/100\n|move|p1a: Aerodactyl|Dual Wingbeat|p2a: Whimsicott\n|-supereffective|p2a: Whimsicott|1\n|-damage|p2a: Whimsicott|46/100\n|-supereffective|p2a: Whimsicott|1\n|-damage|p2a: Whimsicott|0 fnt\n|faint|p2a: Whimsicott\n|-hitcount|p2: Whimsicott|2\n|move|p1b: Azumarill|Play Rough|p2b: Basculegion\n|-damage|p2b: Basculegion|36/100\n|\n|upkeep\n|\n|t:|1788250381\n|switch|p2a: Venusaur|Venusaur, L50, M, shiny|100/100\n|turn|2\n|inactive|Joker113 has 30 seconds left.\n|\n|t:|1788250408\n|move|p2b: Basculegion|Aqua Jet|p1a: Aerodactyl\n|-supereffective|p1a: Aerodactyl|1\n|-damage|p1a: Aerodactyl|0 fnt\n|faint|p1a: Aerodactyl\n|move|p1b: Azumarill|Aqua Jet|p2b: Basculegion\n|-resisted|p2b: Basculegion|1\n|-damage|p2b: Basculegion|23/100\n|move|p2a: Venusaur|Sleep Powder|p1b: Azumarill\n|-status|p1b: Azumarill|slp|[from] move: Sleep Powder\n|\n|upkeep\n|\n|t:|1788250414\n|switch|p1a: Ditto|Ditto, L50|100/100\n|-transform|p1a: Ditto|p2b: Basculegion|[from] ability: Imposter\n|turn|3\n|\n|t:|1788250430\n|move|p2b: Basculegion|Protect|p2b: Basculegion\n|-singleturn|p2b: Basculegion|Protect\n|cant|p1b: Azumarill|slp\n|move|p1a: Ditto|Last Respects|p2a: Venusaur\n|-damage|p2a: Venusaur|4/100\n|move|p2a: Venusaur|Giga Drain|p1a: Ditto\n|-supereffective|p1a: Ditto|1\n|-damage|p1a: Ditto|0 fnt\n|-heal|p2a: Venusaur|53/100|[from] drain|[of] p1a: Ditto\n|faint|p1a: Ditto\n|\n|upkeep\n|\n|t:|1788250438\n|switch|p1a: Floette|Floette-Eternal, L50, F|100/100\n|turn|4\n|\n|t:|1788250453\n|detailschange|p1a: Floette|Floette-Mega, L50, F\n|-mega|p1a: Floette|Floette|Floettite\n|-ability|p1a: Floette|Fairy Aura\n|move|p2b: Basculegion|Aqua Jet|p1b: Azumarill\n|-resisted|p1b: Azumarill|1\n|-damage|p1b: Azumarill|82/100 slp\n|move|p2a: Venusaur|Giga Drain|p1b: Azumarill\n|-supereffective|p1b: Azumarill|1\n|-damage|p1b: Azumarill|5/100 slp\n|-heal|p2a: Venusaur|100/100|[from] drain|[of] p1b: Azumarill\n|-enditem|p1b: Azumarill|Sitrus Berry|[eat]\n|-heal|p1b: Azumarill|30/100 slp|[from] item: Sitrus Berry\n|move|p1a: Floette|Dazzling Gleam|p2b: Basculegion|[spread] p2a,p2b\n|-resisted|p2a: Venusaur|1\n|-damage|p2a: Venusaur|74/100\n|-damage|p2b: Basculegion|0 fnt\n|faint|p2b: Basculegion\n|-curestatus|p1b: Azumarill|slp|[msg]\n|move|p1b: Azumarill|Belly Drum||[still]\n|-fail|p1b: Azumarill\n|\n|upkeep\n|\n|t:|1788250471\n|switch|p2b: Charizard|Charizard, L50, M, shiny|100/100\n|turn|5\n|\n|t:|1788250480\n|detailschange|p2b: Charizard|Charizard-Mega-Y, L50, M, shiny\n|-mega|p2b: Charizard|Charizard|Charizardite Y\n|-weather|SunnyDay|[from] ability: Drought|[of] p2b: Charizard\n|move|p2a: Venusaur|Sleep Powder|p1a: Floette\n|-status|p1a: Floette|slp|[from] move: Sleep Powder\n|move|p2b: Charizard|Solar Beam||[still]\n|-prepare|p2b: Charizard|Solar Beam\n|-anim|p2b: Charizard|Solar Beam|p1b: Azumarill\n|-supereffective|p1b: Azumarill|1\n|-damage|p1b: Azumarill|0 fnt\n|faint|p1b: Azumarill\n|cant|p1a: Floette|slp\n|\n|-weather|SunnyDay|[upkeep]\n|upkeep\n|turn|6\n|\n|t:|1788250494\n|move|p2a: Venusaur|Giga Drain|p1a: Floette\n|-damage|p1a: Floette|73/100 slp\n|-heal|p2a: Venusaur|88/100|[from] drain|[of] p1a: Floette\n|move|p2b: Charizard|Heat Wave|p1a: Floette\n|-damage|p1a: Floette|13/100 slp\n|-curestatus|p1a: Floette|slp|[msg]\n|move|p1a: Floette|Moonblast|p2a: Venusaur\n|-resisted|p2a: Venusaur|1\n|-damage|p2a: Venusaur|46/100\n|\n|-weather|SunnyDay|[upkeep]\n|upkeep\n|turn|7\n|\n|t:|1788250507\n|move|p2a: Venusaur|Giga Drain|p1a: Floette\n|-damage|p1a: Floette|0 fnt\n|-heal|p2a: Venusaur|53/100|[from] drain|[of] p1a: Floette\n|faint|p1a: Floette\n|\n|win|CaratroncoSun\n","uploadtime":1788250508,"views":"2","formatid":"gen9championsvgc2026regmbbo3","rating":null,"private":0,"password":null}