{"id":"gen9championsvgc2026regmbbo3-2674811177","format":"[Gen 9 Champions] VGC 2026 Reg M-B (Bo3)","players":["That_Leek","squ1ddddddd"],"log":"|j|☆That_Leek\n|j|☆squ1ddddddd\n|html|<table width=\"100%\"><tr><td align=\"left\">That_Leek</td><td align=\"right\">squ1ddddddd</tr><tr><td align=\"left\"><i class=\"fa fa-circle\"></i> <i class=\"fa fa-circle-o\"></i> </td><td align=\"right\"><i class=\"fa fa-circle-o\"></i> <i class=\"fa fa-circle-o\"></i> </tr></table>\n|uhtml|bestof|<h2><strong>Game 2</strong> of <a href=\"/game-bestof3-gen9championsvgc2026regmbbo3-2674810222\">a best-of-3</a></h2>\n|t:|1788411521\n|gametype|doubles\n|player|p1|That_Leek|blue-masters|1229\n|player|p2|squ1ddddddd|266|1046\n|gen|9\n|tier|[Gen 9 Champions] VGC 2026 Reg M-B (Bo3)\n|rated|\n|rule|Species Clause: Limit one of each Pokémon\n|rule|Item Clause: Limit 1 of each item\n|clearpoke\n|poke|p1|Raichu, L50, M|\n|poke|p1|Kingambit, L50, M|\n|poke|p1|Dragonite, L50, M|\n|poke|p1|Ninetales-Alola, L50, F|\n|poke|p1|Sylveon, L50, F|\n|poke|p1|Incineroar, L50, M|\n|poke|p2|Scizor, L50, M|\n|poke|p2|Froslass, L50, F|\n|poke|p2|Milotic, L50, M|\n|poke|p2|Dragonite, L50, F|\n|poke|p2|Whimsicott, L50, F|\n|poke|p2|Arcanine-Hisui, L50, F|\n|teampreview|4\n|showteam|p1|Raichu||RaichuniteY|LightningRod|FakeOut,ZapCannon,FocusBlast,Protect|Timid||M|||50|]Kingambit||BlackGlasses|Defiant|KowtowCleave,SuckerPunch,Protect,SwordsDance|Adamant||M|||50|]Dragonite||LifeOrb|InnerFocus|DragonClaw,Tailwind,Superpower,Protect|Adamant||M|||50|]Ninetales-Alola||FocusSash|SnowWarning|Blizzard,IcyWind,Protect,FreezeDry|Timid||F|||50|]Sylveon||FairyFeather|Pixilate|HyperVoice,QuickAttack,CalmMind,Detect|Modest||F|||50|]Incineroar||LumBerry|Intimidate|FakeOut,FlareBlitz,PartingShot,ThroatChop|Impish||M|||50|\n|showteam|p2|Scizor||MetalCoat|Technician|Acrobatics,BugBite,BulletPunch,SwordsDance|Adamant||M|||50|]Froslass||Froslassite|SnowCloak|Protect,Blizzard,AuroraVeil,ShadowBall|Timid||F|||50|]Milotic||Leftovers|Competitive|Recover,Blizzard,Scald,MuddyWater|Calm||M|||50|]Dragonite||Dragoninite|Multiscale|HeatWave,Hurricane,Protect,Thunderbolt|Modest||F|||50|]Whimsicott||MentalHerb|Prankster|GigaDrain,Moonblast,Tailwind,Taunt|Timid||F|||50|]Arcanine-Hisui||LifeOrb|RockHead|HeadSmash,FlareBlitz,DoubleEdge,Protect|Jolly||F|||50|\n|\n|t:|1788411550\n|teamsize|p1|4\n|teamsize|p2|4\n|start\n|switch|p1a: Raichu|Raichu, L50, M|100/100\n|switch|p1b: Sylveon|Sylveon, L50, F|100/100\n|switch|p2a: Whimsicott|Whimsicott, L50, F|100/100\n|switch|p2b: Arcanine|Arcanine-Hisui, L50, F|100/100\n|turn|1\n|\n|t:|1788411574\n|switch|p1b: Kingambit|Kingambit, L50, M|100/100\n|detailschange|p1a: Raichu|Raichu-Mega-Y, L50, M\n|-mega|p1a: Raichu|Raichu|Raichunite Y\n|move|p1a: Raichu|Fake Out|p2b: Arcanine\n|-resisted|p2b: Arcanine|1\n|-damage|p2b: Arcanine|94/100\n|move|p2a: Whimsicott|Taunt|p1b: Kingambit\n|-hint|Since gen 7, Dark is immune to Prankster moves.\n|-immune|p1b: Kingambit\n|cant|p2b: Arcanine|flinch\n|\n|upkeep\n|turn|2\n|\n|t:|1788411599\n|switch|p1a: Incineroar|Incineroar, L50, M|100/100\n|-ability|p1a: Incineroar|Intimidate|boost\n|-unboost|p2a: Whimsicott|atk|1\n|-unboost|p2b: Arcanine|atk|1\n|move|p1b: Kingambit|Protect|p1b: Kingambit\n|-singleturn|p1b: Kingambit|Protect\n|move|p2a: Whimsicott|Tailwind|p2a: Whimsicott\n|-sidestart|p2: squ1ddddddd|move: Tailwind\n|move|p2b: Arcanine|Flare Blitz|p1b: Kingambit\n|-activate|p1b: Kingambit|move: Protect\n|\n|upkeep\n|turn|3\n|\n|t:|1788411614\n|move|p1a: Incineroar|Fake Out|p2b: Arcanine\n|-resisted|p2b: Arcanine|1\n|-damage|p2b: Arcanine|87/100\n|cant|p2b: Arcanine|flinch\n|move|p2a: Whimsicott|Moonblast|p1b: Kingambit\n|-damage|p1b: Kingambit|66/100\n|move|p1b: Kingambit|Swords Dance|p1b: Kingambit\n|-boost|p1b: Kingambit|atk|2\n|\n|upkeep\n|turn|4\n|\n|t:|1788411630\n|move|p1b: Kingambit|Sucker Punch|p2b: Arcanine\n|-damage|p2b: Arcanine|0 fnt\n|faint|p2b: Arcanine\n|move|p2a: Whimsicott|Moonblast|p1b: Kingambit\n|-crit|p1b: Kingambit\n|-damage|p1b: Kingambit|12/100\n|move|p1a: Incineroar|Flare Blitz|p2a: Whimsicott\n|-supereffective|p2a: Whimsicott|1\n|-damage|p2a: Whimsicott|0 fnt\n|faint|p2a: Whimsicott\n|-damage|p1a: Incineroar|77/100|[from] Recoil\n|\n|upkeep\n|\n|t:|1788411641\n|switch|p2b: Dragonite|Dragonite, L50, F|100/100\n|switch|p2a: Scizor|Scizor, L50, M|100/100\n|turn|5\n|\n|t:|1788411655\n|move|p1b: Kingambit|Sucker Punch||[still]\n|-fail|p1b: Kingambit\n|move|p2b: Dragonite|Heat Wave|p1a: Incineroar|[spread] p1a,p1b\n|-resisted|p1a: Incineroar|1\n|-supereffective|p1b: Kingambit|1\n|-damage|p1a: Incineroar|67/100\n|-damage|p1b: Kingambit|0 fnt\n|faint|p1b: Kingambit\n|move|p2a: Scizor|Swords Dance|p2a: Scizor\n|-boost|p2a: Scizor|atk|2\n|move|p1a: Incineroar|Flare Blitz|p2a: Scizor\n|-supereffective|p2a: Scizor|2\n|-damage|p2a: Scizor|0 fnt\n|faint|p2a: Scizor\n|-damage|p1a: Incineroar|38/100|[from] Recoil\n|\n|-sideend|p2: squ1ddddddd|move: Tailwind\n|upkeep\n|\n|t:|1788411663\n|switch|p1b: Sylveon|Sylveon, L50, F|100/100\n|turn|6\n|\n|t:|1788411681\n|detailschange|p2b: Dragonite|Dragonite-Mega, L50, F\n|-mega|p2b: Dragonite|Dragonite|Dragoninite\n|move|p2b: Dragonite|Heat Wave|p1a: Incineroar|[spread] p1b\n|-miss|p2b: Dragonite|p1a: Incineroar\n|-damage|p1b: Sylveon|73/100\n|move|p1b: Sylveon|Hyper Voice|p2b: Dragonite\n|-supereffective|p2b: Dragonite|1\n|-damage|p2b: Dragonite|54/100\n|move|p1a: Incineroar|Parting Shot|p2b: Dragonite\n|-unboost|p2b: Dragonite|atk|1\n|-unboost|p2b: Dragonite|spa|1\n|-message|squ1ddddddd forfeited.\n|raw|That_Leek's rating: 1229 &rarr; <strong>1242</strong><br />(+13 for winning)\n|raw|squ1ddddddd's rating: 1046 &rarr; <strong>1037</strong><br />(-9 for losing)\n|\n|win|That_Leek\n|l|☆squ1ddddddd\n|player|p2|\n","uploadtime":1788411706,"views":"0","formatid":"gen9championsvgc2026regmbbo3","rating":1037,"private":0,"password":null}