{"id":"gen9championsvgc2026regmbbo3-2673712614","format":"[Gen 9 Champions] VGC 2026 Reg M-B (Bo3)","players":["Judzzfuuzifx","FulmineAmbrose"],"log":"|j|☆Judzzfuuzifx\n|j|☆FulmineAmbrose\n|html|<table width=\"100%\"><tr><td align=\"left\">Judzzfuuzifx</td><td align=\"right\">FulmineAmbrose</tr><tr><td align=\"left\"><i class=\"fa fa-circle\"></i> <i class=\"fa fa-circle-o\"></i> </td><td align=\"right\"><i class=\"fa fa-circle-o\"></i> <i class=\"fa fa-circle-o\"></i> </tr></table>\n|uhtml|bestof|<h2><strong>Game 2</strong> of <a href=\"/game-bestof3-gen9championsvgc2026regmbbo3-2673711417\">a best-of-3</a></h2>\n|t:|1788238456\n|gametype|doubles\n|player|p1|Judzzfuuzifx|170|1000\n|player|p2|FulmineAmbrose|volkner|1048\n|gen|9\n|tier|[Gen 9 Champions] VGC 2026 Reg M-B (Bo3)\n|rated|\n|rule|Species Clause: Limit one of each Pokémon\n|rule|Item Clause: Limit 1 of each item\n|clearpoke\n|poke|p1|Aerodactyl, L50, F|\n|poke|p1|Mawile, L50, M|\n|poke|p1|Sneasler, L50, M|\n|poke|p1|Garchomp, L50, F|\n|poke|p1|Hydreigon, L50, M|\n|poke|p1|Charizard, L50, M|\n|poke|p2|Gholdengo, L50|\n|poke|p2|Charizard, L50, M, shiny|\n|poke|p2|Sneasler, L50, F, shiny|\n|poke|p2|Whimsicott, L50, M, shiny|\n|poke|p2|Basculegion, L50, M|\n|poke|p2|Garchomp, L50, M|\n|teampreview|4\n|showteam|p1|Aerodactyl||FocusSash|Unnerve|RockSlide,WideGuard,Tailwind,Protect|Jolly||F|||50|]Mawile||Mawilite|Intimidate|IronHead,PlayRough,SuckerPunch,Protect|Adamant||M|||50|]Sneasler||LifeOrb|PoisonTouch|CloseCombat,PoisonJab,FakeOut,Protect|Jolly||M|||50|]Garchomp||SitrusBerry|RoughSkin|DragonClaw,Earthquake,RockSlide,Protect|Adamant||F|||50|]Hydreigon||HabanBerry|Levitate|DracoMeteor,DarkPulse,EarthPower,Protect|Modest||M|||50|]Charizard||CharizarditeY|Blaze|HeatWave,SolarBeam,WeatherBall,Protect|Modest||M|||50|\n|showteam|p2|Gholdengo||MetalCoat|GoodasGold|MakeItRain,ShadowBall,NastyPlot,Protect|Modest|||||50|]Charizard||CharizarditeY|Blaze|HeatWave,Protect,SolarBeam,WeatherBall|Modest||M|||50|]Sneasler||WhiteHerb|Unburden|FakeOut,CloseCombat,Protect,DireClaw|Adamant||F|||50|]Whimsicott||FocusSash|Prankster|Moonblast,Protect,Tailwind,Encore|Timid||M|||50|]Basculegion||MysticWater|Adaptability|WaveCrash,Protect,AquaJet,LastRespects|Adamant||M|||50|]Garchomp||LifeOrb|RoughSkin|DragonClaw,Earthquake,Protect,RockSlide|Jolly||M|||50|\n|\n|t:|1788238477\n|teamsize|p1|4\n|teamsize|p2|4\n|start\n|switch|p1a: Aerodactyl|Aerodactyl, L50, F|100/100\n|switch|p1b: Mawile|Mawile, L50, M|100/100\n|switch|p2a: Gholdengo|Gholdengo, L50|100/100\n|switch|p2b: Whimsicott|Whimsicott, L50, M, shiny|100/100\n|-ability|p1a: Aerodactyl|Unnerve\n|-ability|p1b: Mawile|Intimidate|boost\n|-unboost|p2a: Gholdengo|atk|1\n|-unboost|p2b: Whimsicott|atk|1\n|turn|1\n|\n|t:|1788238488\n|detailschange|p1b: Mawile|Mawile-Mega, L50, M\n|-mega|p1b: Mawile|Mawile|Mawilite\n|move|p1a: Aerodactyl|Wide Guard|p1a: Aerodactyl\n|-singleturn|p1a: Aerodactyl|Wide Guard\n|move|p2b: Whimsicott|Tailwind|p2b: Whimsicott\n|-sidestart|p2: FulmineAmbrose|move: Tailwind\n|move|p1b: Mawile|Sucker Punch|p2a: Gholdengo\n|-supereffective|p2a: Gholdengo|1\n|-damage|p2a: Gholdengo|2/100\n|move|p2a: Gholdengo|Make It Rain|p1b: Mawile|[spread] \n|-activate|p1a: Aerodactyl|move: Wide Guard\n|-activate|p1b: Mawile|move: Wide Guard\n|\n|upkeep\n|turn|2\n|\n|t:|1788238527\n|switch|p2b: Garchomp|Garchomp, L50, M|100/100\n|move|p2a: Gholdengo|Protect|p2a: Gholdengo\n|-singleturn|p2a: Gholdengo|Protect\n|move|p1a: Aerodactyl|Rock Slide|p2b: Garchomp|[spread] p2b\n|-activate|p2a: Gholdengo|move: Protect\n|-resisted|p2b: Garchomp|1\n|-crit|p2b: Garchomp\n|-damage|p2b: Garchomp|80/100\n|move|p1b: Mawile|Iron Head|p2b: Garchomp\n|-damage|p2b: Garchomp|9/100\n|-damage|p1b: Mawile|87/100|[from] ability: Rough Skin|[of] p2b: Garchomp\n|\n|upkeep\n|turn|3\n|\n|t:|1788238555\n|move|p1a: Aerodactyl|Wide Guard|p1a: Aerodactyl\n|-singleturn|p1a: Aerodactyl|Wide Guard\n|move|p2b: Garchomp|Rock Slide|p1b: Mawile|[spread] \n|-activate|p1a: Aerodactyl|move: Wide Guard\n|-activate|p1b: Mawile|move: Wide Guard\n|move|p2a: Gholdengo|Make It Rain|p1b: Mawile|[spread] \n|-activate|p1a: Aerodactyl|move: Wide Guard\n|-activate|p1b: Mawile|move: Wide Guard\n|move|p1b: Mawile|Iron Head|p2a: Gholdengo\n|-resisted|p2a: Gholdengo|1\n|-damage|p2a: Gholdengo|0 fnt\n|faint|p2a: Gholdengo\n|\n|upkeep\n|\n|t:|1788238562\n|switch|p2a: Charizard|Charizard, L50, M, shiny|100/100\n|turn|4\n|\n|t:|1788238578\n|switch|p1b: Garchomp|Garchomp, L50, F|100/100\n|move|p2b: Garchomp|Rock Slide|p1b: Garchomp|[spread] p1a,p1b\n|-supereffective|p1a: Aerodactyl|1\n|-resisted|p1b: Garchomp|1\n|-damage|p1a: Aerodactyl|20/100y\n|-damage|p1b: Garchomp|89/100\n|-damage|p2b: Garchomp|0 fnt|[from] item: Life Orb\n|faint|p2b: Garchomp\n|move|p2a: Charizard|Heat Wave|p1b: Garchomp|[spread] p1a\n|-miss|p2a: Charizard|p1b: Garchomp\n|-resisted|p1a: Aerodactyl|1\n|-damage|p1a: Aerodactyl|0 fnt\n|faint|p1a: Aerodactyl\n|\n|-sideend|p2: FulmineAmbrose|move: Tailwind\n|upkeep\n|\n|t:|1788238596\n|switch|p1a: Sneasler|Sneasler, L50, M|100/100\n|switch|p2b: Whimsicott|Whimsicott, L50, M, shiny|100/100\n|turn|5\n|\n|t:|1788238612\n|detailschange|p2a: Charizard|Charizard-Mega-Y, L50, M, shiny\n|-mega|p2a: Charizard|Charizard|Charizardite Y\n|-weather|SunnyDay|[from] ability: Drought|[of] p2a: Charizard\n|move|p1a: Sneasler|Fake Out|p2b: Whimsicott\n|-damage|p2b: Whimsicott|75/100\n|-damage|p1a: Sneasler|90/100|[from] item: Life Orb\n|cant|p2b: Whimsicott|flinch\n|move|p1b: Garchomp|Rock Slide|p2b: Whimsicott|[spread] p2a,p2b\n|-supereffective|p2a: Charizard|2\n|-damage|p2a: Charizard|14/100\n|-damage|p2b: Whimsicott|53/100\n|move|p2a: Charizard|Weather Ball|p1b: Garchomp\n|-resisted|p1b: Garchomp|1\n|-damage|p1b: Garchomp|42/100\n|-enditem|p1b: Garchomp|Sitrus Berry|[eat]\n|-heal|p1b: Garchomp|67/100|[from] item: Sitrus Berry\n|\n|-weather|SunnyDay|[upkeep]\n|upkeep\n|turn|6\n|\n|t:|1788238630\n|move|p2a: Charizard|Protect|p2a: Charizard\n|-singleturn|p2a: Charizard|Protect\n|move|p2b: Whimsicott|Tailwind|p2b: Whimsicott\n|-sidestart|p2: FulmineAmbrose|move: Tailwind\n|move|p1a: Sneasler|Poison Jab|p2a: Charizard\n|-activate|p2a: Charizard|move: Protect\n|move|p1b: Garchomp|Dragon Claw|p2a: Charizard\n|-activate|p2a: Charizard|move: Protect\n|\n|-weather|SunnyDay|[upkeep]\n|upkeep\n|turn|7\n|\n|t:|1788238655\n|move|p1a: Sneasler|Protect|p1a: Sneasler\n|-singleturn|p1a: Sneasler|Protect\n|move|p2b: Whimsicott|Moonblast|p1a: Sneasler\n|-activate|p1a: Sneasler|move: Protect\n|move|p2a: Charizard|Heat Wave|p1b: Garchomp|[spread] p1b\n|-activate|p1a: Sneasler|move: Protect\n|-resisted|p1b: Garchomp|1\n|-damage|p1b: Garchomp|35/100\n|move|p1b: Garchomp|Rock Slide|p2a: Charizard|[spread] p2a,p2b\n|-supereffective|p2a: Charizard|2\n|-damage|p2a: Charizard|0 fnt\n|-damage|p2b: Whimsicott|29/100\n|faint|p2a: Charizard\n|\n|-weather|SunnyDay|[upkeep]\n|upkeep\n|turn|8\n|-message|FulmineAmbrose forfeited.\n|raw|Judzzfuuzifx's rating: 1000 &rarr; <strong>1045</strong><br />(+45 for winning)\n|raw|FulmineAmbrose's rating: 1048 &rarr; <strong>1028</strong><br />(-20 for losing)\n|\n|win|Judzzfuuzifx\n","uploadtime":1788238669,"views":"13","formatid":"gen9championsvgc2026regmbbo3","rating":1028,"private":0,"password":null}