{"id":"gen9championsvgc2026regmb-2674249780","format":"[Gen 9 Champions] VGC 2026 Reg M-B","players":["Thornlace48812","cr0sschiquit0"],"log":"|j|☆Thornlace48812\n|j|☆cr0sschiquit0\n|t:|1788323287\n|gametype|doubles\n|player|p1|Thornlace48812|1|1108\n|player|p2|cr0sschiquit0|1|1183\n|gen|9\n|tier|[Gen 9 Champions] VGC 2026 Reg M-B\n|rated|\n|rule|Species Clause: Limit one of each Pokémon\n|rule|Item Clause: Limit 1 of each item\n|clearpoke\n|poke|p1|Garchomp, L50, F|\n|poke|p1|Charizard, L50, M|\n|poke|p1|Whimsicott, L50, M|\n|poke|p1|Sylveon, L50, M|\n|poke|p1|Kingambit, L50, F|\n|poke|p1|Basculegion, L50, M|\n|poke|p2|Skarmory, L50, F|\n|poke|p2|Blastoise, L50, M|\n|poke|p2|Sinistcha, L50|\n|poke|p2|Maushold, L50|\n|poke|p2|Archaludon, L50, M|\n|poke|p2|Pelipper, L50, F|\n|teampreview|4\n|inactive|Battle timer is ON: inactive players will automatically lose when time's up. (requested by Thornlace48812)\nThornlace48812 rejected open team sheets.\n|inactive|cr0sschiquit0 has 60 seconds left.\n|\n|t:|1788323339\n|teamsize|p1|4\n|teamsize|p2|4\n|start\n|switch|p1a: Charizard|Charizard, L50, M|100/100\n|switch|p1b: Kingambit|Kingambit, L50, F|100/100\n|switch|p2a: Pelipper|Pelipper, L50, F|100/100\n|switch|p2b: Skarmory|Skarmory, L50, F|100/100\n|-weather|RainDance|[from] ability: Drizzle|[of] p2a: Pelipper\n|turn|1\n|\n|t:|1788323359\n|detailschange|p1a: Charizard|Charizard-Mega-Y, L50, M\n|-mega|p1a: Charizard|Charizard|Charizardite Y\n|-weather|SunnyDay|[from] ability: Drought|[of] p1a: Charizard\n|detailschange|p2b: Skarmory|Skarmory-Mega, L50, F\n|-mega|p2b: Skarmory|Skarmory|Skarmorite\n|move|p2a: Pelipper|Wide Guard|p2a: Pelipper\n|-singleturn|p2a: Pelipper|Wide Guard\n|move|p1b: Kingambit|Sucker Punch||[still]\n|-fail|p1b: Kingambit\n|move|p2b: Skarmory|Rock Slide|p1a: Charizard|[spread] p1a,p1b\n|-supereffective|p1a: Charizard|2\n|-resisted|p1b: Kingambit|1\n|-damage|p1a: Charizard|3/100\n|-damage|p1b: Kingambit|91/100\n|move|p1a: Charizard|Heat Wave|p2b: Skarmory|[spread] \n|-activate|p2a: Pelipper|move: Wide Guard\n|-activate|p2b: Skarmory|move: Wide Guard\n|\n|-weather|SunnyDay|[upkeep]\n|upkeep\n|turn|2\n|\n|t:|1788323382\n|move|p1a: Charizard|Protect|p1a: Charizard\n|-singleturn|p1a: Charizard|Protect\n|move|p1b: Kingambit|Sucker Punch|p2b: Skarmory\n|-damage|p2b: Skarmory|38/100\n|move|p2b: Skarmory|Rock Slide|p1a: Charizard|[spread] p1b\n|-activate|p1a: Charizard|move: Protect\n|-resisted|p1b: Kingambit|1\n|-damage|p1b: Kingambit|82/100\n|move|p2a: Pelipper|Weather Ball|p1b: Kingambit\n|-supereffective|p1b: Kingambit|1\n|-damage|p1b: Kingambit|2/100\n|\n|-weather|SunnyDay|[upkeep]\n|upkeep\n|turn|3\n|inactive|cr0sschiquit0 has 30 seconds left.\n|\n|t:|1788323414\n|move|p2b: Skarmory|Protect|p2b: Skarmory\n|-singleturn|p2b: Skarmory|Protect\n|move|p1a: Charizard|Ancient Power|p2b: Skarmory\n|-activate|p2b: Skarmory|move: Protect\n|move|p1b: Kingambit|Kowtow Cleave|p2b: Skarmory\n|-activate|p2b: Skarmory|move: Protect\n|move|p2a: Pelipper|Tailwind|p2a: Pelipper\n|-sidestart|p2: cr0sschiquit0|move: Tailwind\n|\n|-weather|SunnyDay|[upkeep]\n|upkeep\n|turn|4\n|inactive|cr0sschiquit0 has 30 seconds left.\n|inactive|cr0sschiquit0 has 20 seconds left.\n|\n|t:|1788323452\n|switch|p2b: Archaludon|Archaludon, L50, M|100/100\n|move|p1a: Charizard|Protect|p1a: Charizard\n|-singleturn|p1a: Charizard|Protect\n|move|p1b: Kingambit|Sucker Punch||[still]\n|-fail|p1b: Kingambit\n|move|p2a: Pelipper|Weather Ball|p1b: Kingambit\n|-supereffective|p1b: Kingambit|1\n|-damage|p1b: Kingambit|0 fnt\n|faint|p1b: Kingambit\n|-end|p1b: Kingambit|fallenundefined|[silent]\n|\n|-weather|SunnyDay|[upkeep]\n|upkeep\n|\n|t:|1788323453\n|switch|p1b: Basculegion|Basculegion, L50, M|100/100\n|turn|5\n|inactive|cr0sschiquit0 has 30 seconds left.\n|inactive|cr0sschiquit0 has 20 seconds left.\n|\n|t:|1788323489\n|switch|p2b: Skarmory|Skarmory-Mega, L50, F|38/100\n|switch|p2a: Sinistcha|Sinistcha, L50|100/100\n|-heal|p2b: Skarmory|63/100|[from] ability: Hospitality|[of] p2a: Sinistcha\n|move|p1a: Charizard|Heat Wave|p2a: Sinistcha|[spread] p2a,p2b\n|-supereffective|p2a: Sinistcha|1\n|-supereffective|p2b: Skarmory|1\n|-damage|p2a: Sinistcha|0 fnt\n|-damage|p2b: Skarmory|0 fnt\n|faint|p2a: Sinistcha\n|faint|p2b: Skarmory\n|move|p1b: Basculegion|Last Respects|p2: Sinistcha|[notarget]\n|-fail|p1b: Basculegion\n|\n|-weather|none\n|upkeep\n|\n|t:|1788323503\n|switch|p2b: Archaludon|Archaludon, L50, M|100/100\n|switch|p2a: Pelipper|Pelipper, L50, F|100/100\n|-weather|RainDance|[from] ability: Drizzle|[of] p2a: Pelipper\n|turn|6\n|\n|t:|1788323527\n|move|p1a: Charizard|Protect|p1a: Charizard\n|-singleturn|p1a: Charizard|Protect\n|move|p2b: Archaludon|Electro Shot||[still]\n|-prepare|p2b: Archaludon|Electro Shot\n|-boost|p2b: Archaludon|spa|1\n|-anim|p2b: Archaludon|Electro Shot|p1b: Basculegion\n|-supereffective|p1b: Basculegion|1\n|-damage|p1b: Basculegion|0 fnt\n|faint|p1b: Basculegion\n|move|p2a: Pelipper|Hurricane|p1a: Charizard\n|-activate|p1a: Charizard|move: Protect\n|\n|-weather|RainDance|[upkeep]\n|-sideend|p2: cr0sschiquit0|move: Tailwind\n|upkeep\n|\n|t:|1788323527\n|switch|p1b: Sylveon|Sylveon, L50, M|100/100\n|turn|7\n|inactive|cr0sschiquit0 has 30 seconds left.\n|\n|t:|1788323561\n|move|p2b: Archaludon|Flash Cannon|p1b: Sylveon\n|-supereffective|p1b: Sylveon|1\n|-damage|p1b: Sylveon|4/100\n|move|p1a: Charizard|Heat Wave|p2a: Pelipper|[spread] p2a,p2b\n|-resisted|p2a: Pelipper|1\n|-damage|p2a: Pelipper|85/100\n|-damage|p2b: Archaludon|65/100\n|-ability|p2b: Archaludon|Stamina|boost\n|-boost|p2b: Archaludon|def|1\n|move|p1b: Sylveon|Hyper Voice|p2b: Archaludon|[spread] p2a,p2b\n|-damage|p2a: Pelipper|23/100\n|-damage|p2b: Archaludon|0 fnt\n|faint|p2b: Archaludon\n|move|p2a: Pelipper|Tailwind|p2a: Pelipper\n|-sidestart|p2: cr0sschiquit0|move: Tailwind\n|\n|-weather|RainDance|[upkeep]\n|upkeep\n|turn|8\n|\n|t:|1788323577\n|move|p1a: Charizard|Protect|p1a: Charizard\n|-singleturn|p1a: Charizard|Protect\n|move|p2a: Pelipper|Weather Ball|p1b: Sylveon\n|-damage|p1b: Sylveon|0 fnt\n|faint|p1b: Sylveon\n|\n|-weather|RainDance|[upkeep]\n|upkeep\n|turn|9\n|\n|t:|1788323580\n|move|p2a: Pelipper|Weather Ball|p1a: Charizard\n|-supereffective|p1a: Charizard|1\n|-damage|p1a: Charizard|0 fnt\n|faint|p1a: Charizard\n|\n|win|cr0sschiquit0\n|raw|Thornlace48812's rating: 1092 &rarr; <strong>1074</strong><br />(-18 for losing)\n|raw|cr0sschiquit0's rating: 1183 &rarr; <strong>1202</strong><br />(+19 for winning)\n","uploadtime":1788323581,"views":"5","formatid":"gen9championsvgc2026regmb","rating":1074,"private":0,"password":null}