{"id":"gen9championsvgc2026regmb-2674770525","format":"[Gen 9 Champions] VGC 2026 Reg M-B","players":["sunnydaysagain","Dakmaul"],"log":"|j|☆sunnydaysagain\n|j|☆Dakmaul\n|html|<table width=\"100%\"><tr><td align=\"left\">sunnydaysagain</td><td align=\"right\">Dakmaul</tr><tr><td align=\"left\"><i class=\"fa fa-circle-o\"></i> <i class=\"fa fa-circle-o\"></i> </td><td align=\"right\"><i class=\"fa fa-circle-o\"></i> <i class=\"fa fa-circle-o\"></i> </tr></table>\n|uhtml|bestof|<h2><strong>Game 1</strong> of <a href=\"/game-bestof3-gen9championsvgc2026regmb-2674770524\">a best-of-3</a></h2>\n|t:|1788403570\n|gametype|doubles\n|player|p1|sunnydaysagain|1|\n|player|p2|Dakmaul|guzma|\n|gen|9\n|tier|[Gen 9 Champions] VGC 2026 Reg M-B\n|rule|Species Clause: Limit one of each Pokémon\n|rule|Item Clause: Limit 1 of each item\n|raw|<div class=\"infobox\"><details class=\"readmore\" open><summary><strong>1 custom rule:</strong></summary> Best of = 3</details></div>\n|clearpoke\n|poke|p1|Kangaskhan, L50, F|\n|poke|p1|Tyranitar, L50, M|\n|poke|p1|Mamoswine, L50, M|\n|poke|p1|Skeledirge, L50, F|\n|poke|p1|Slowbro-Galar, L50, M|\n|poke|p1|Dragonite, L50, M|\n|poke|p2|Sandaconda, L50, M, shiny|\n|poke|p2|Goodra-Hisui, L50, M|\n|poke|p2|Aggron, L50, M|\n|poke|p2|Whimsicott, L50, F, shiny|\n|poke|p2|Vanilluxe, L50, M, shiny|\n|poke|p2|Araquanid, L50, F|\n|teampreview|4\nsunnydaysagain rejected open team sheets.\n|j| Dick Mickens\n|j| Dingdongpokemon\n|j| fishyfishfish\n|j| seniledogs\n|\n|t:|1788403623\n|teamsize|p1|4\n|teamsize|p2|4\n|start\n|switch|p1a: Slowbro|Slowbro-Galar, L50, M|100/100\n|switch|p1b: Tyranitar|Tyranitar, L50, M|100/100\n|switch|p2a: Jake the Snake|Sandaconda, L50, M, shiny|100/100\n|switch|p2b: The Big Show|Goodra-Hisui, L50, M|100/100\n|-weather|Sandstorm|[from] ability: Sand Stream|[of] p1b: Tyranitar\n|turn|1\n|j| kanklez\n|\n|t:|1788403656\n|move|p1b: Tyranitar|Protect|p1b: Tyranitar\n|-singleturn|p1b: Tyranitar|Protect\n|move|p2a: Jake the Snake|Minimize|p2a: Jake the Snake\n|-boost|p2a: Jake the Snake|evasion|2\n|move|p2b: The Big Show|Flash Cannon|p1b: Tyranitar\n|-activate|p1b: Tyranitar|move: Protect\n|move|p1a: Slowbro|Yawn|p2b: The Big Show\n|-start|p2b: The Big Show|move: Yawn|[of] p1a: Slowbro\n|\n|-weather|Sandstorm|[upkeep]\n|-damage|p1a: Slowbro|94/100|[from] Sandstorm\n|-heal|p1a: Slowbro|100/100|[from] item: Leftovers\n|upkeep\n|turn|2\n|\n|t:|1788403705\n|switch|p2b: AJ Lee|Araquanid, L50, F|100/100\n|move|p2a: Jake the Snake|Minimize|p2a: Jake the Snake\n|-boost|p2a: Jake the Snake|evasion|2\n|move|p1b: Tyranitar|Knock Off|p2b: AJ Lee\n|-damage|p2b: AJ Lee|42/100\n|-enditem|p2b: AJ Lee|Mystic Water|[from] move: Knock Off|[of] p1b: Tyranitar\n|move|p1a: Slowbro|Yawn|p2a: Jake the Snake\n|-start|p2a: Jake the Snake|move: Yawn|[of] p1a: Slowbro\n|\n|-weather|Sandstorm|[upkeep]\n|-damage|p2b: AJ Lee|37/100|[from] Sandstorm\n|-damage|p1a: Slowbro|94/100|[from] Sandstorm\n|-heal|p1a: Slowbro|100/100|[from] item: Leftovers\n|upkeep\n|turn|3\n|\n|t:|1788403735\n|switch|p2b: The Big Show|Goodra-Hisui, L50, M|100/100\n|move|p2a: Jake the Snake|Iron Defense|p2a: Jake the Snake\n|-boost|p2a: Jake the Snake|def|2\n|move|p1b: Tyranitar|Rock Slide|p2b: The Big Show|[spread] p2a,p2b\n|-resisted|p2a: Jake the Snake|1\n|-resisted|p2b: The Big Show|1\n|-damage|p2a: Jake the Snake|93/100\n|-damage|p2b: The Big Show|83/100\n|move|p1a: Slowbro|Trick Room|p1a: Slowbro\n|-fieldstart|move: Trick Room|[of] p1a: Slowbro\n|\n|-weather|Sandstorm|[upkeep]\n|-damage|p1a: Slowbro|94/100|[from] Sandstorm\n|-heal|p1a: Slowbro|100/100|[from] item: Leftovers\n|-end|p2a: Jake the Snake|move: Yawn|[silent]\n|-status|p2a: Jake the Snake|slp\n|upkeep\n|turn|4\n|\n|t:|1788403756\n|move|p1b: Tyranitar|Protect|p1b: Tyranitar\n|-singleturn|p1b: Tyranitar|Protect\n|move|p1a: Slowbro|Future Sight|p2a: Jake the Snake\n|-start|p1a: Slowbro|move: Future Sight\n|move|p2b: The Big Show|Flash Cannon|p1b: Tyranitar\n|-activate|p1b: Tyranitar|move: Protect\n|cant|p2a: Jake the Snake|slp\n|\n|-weather|Sandstorm|[upkeep]\n|-damage|p1a: Slowbro|94/100|[from] Sandstorm\n|-heal|p1a: Slowbro|100/100|[from] item: Leftovers\n|upkeep\n|turn|5\n|\n|t:|1788403773\n|move|p1a: Slowbro|Yawn|p2b: The Big Show\n|-start|p2b: The Big Show|move: Yawn|[of] p1a: Slowbro\n|move|p2b: The Big Show|Flash Cannon|p1b: Tyranitar\n|-supereffective|p1b: Tyranitar|1\n|-damage|p1b: Tyranitar|53/100\n|move|p1b: Tyranitar|Brick Break|p2b: The Big Show\n|-supereffective|p2b: The Big Show|1\n|-damage|p2b: The Big Show|28/100\n|-enditem|p2b: The Big Show|Sitrus Berry|[eat]\n|-heal|p2b: The Big Show|52/100|[from] item: Sitrus Berry\n|cant|p2a: Jake the Snake|slp\n|\n|-weather|none\n|upkeep\n|turn|6\n|\n|t:|1788403813\n|switch|p1b: Kangaskhan|Kangaskhan, L50, F|100/100\n|move|p1a: Slowbro|Future Sight|p2b: The Big Show\n|-start|p1a: Slowbro|move: Future Sight\n|move|p2b: The Big Show|Flash Cannon|p1b: Kangaskhan\n|-damage|p1b: Kangaskhan|58/100\n|-unboost|p1b: Kangaskhan|spd|1\n|-curestatus|p2a: Jake the Snake|slp|[msg]\n|move|p2a: Jake the Snake|High Horsepower|p1a: Slowbro|[miss]\n|-miss|p2a: Jake the Snake|p1a: Slowbro\n|\n|-end|p2a: Jake the Snake|move: Future Sight\n|-damage|p2a: Jake the Snake|41/100\n|-end|p2b: The Big Show|move: Yawn|[silent]\n|-status|p2b: The Big Show|slp\n|upkeep\n|turn|7\n|\n|t:|1788403833\n|move|p1b: Kangaskhan|Fake Out|p2a: Jake the Snake|[miss]\n|-miss|p1b: Kangaskhan|p2a: Jake the Snake\n|move|p1a: Slowbro|Future Sight|p2a: Jake the Snake\n|-start|p1a: Slowbro|move: Future Sight\n|cant|p2b: The Big Show|slp\n|move|p2a: Jake the Snake|Body Press|p1b: Kangaskhan\n|-supereffective|p1b: Kangaskhan|1\n|-damage|p1b: Kangaskhan|0 fnt\n|faint|p1b: Kangaskhan\n|\n|-fieldend|move: Trick Room\n|upkeep\n|\n|t:|1788403850\n|switch|p1b: Mamoswine|Mamoswine, L50, M|100/100\n|turn|8\n|\n|t:|1788403863\n|move|p1b: Mamoswine|Protect|p1b: Mamoswine\n|-singleturn|p1b: Mamoswine|Protect\n|move|p1a: Slowbro|Protect|p1a: Slowbro\n|-singleturn|p1a: Slowbro|Protect\n|move|p2a: Jake the Snake|Body Press|p1b: Mamoswine\n|-activate|p1b: Mamoswine|move: Protect\n|cant|p2b: The Big Show|slp\n|\n|-end|p2b: The Big Show|move: Future Sight\n|-resisted|p2b: The Big Show|1\n|-damage|p2b: The Big Show|38/100 slp\n|upkeep\n|turn|9\n|\n|t:|1788403879\n|switch|p1b: Tyranitar|Tyranitar, L50, M|53/100\n|-weather|Sandstorm|[from] ability: Sand Stream|[of] p1b: Tyranitar\n|move|p2a: Jake the Snake|Body Press|p1b: Tyranitar\n|-supereffective|p1b: Tyranitar|2\n|-damage|p1b: Tyranitar|0 fnt\n|faint|p1b: Tyranitar\n|-curestatus|p2b: The Big Show|slp|[msg]\n|move|p2b: The Big Show|Sandstorm||[still]\n|-fail|p2b: The Big Show\n|move|p1a: Slowbro|Trick Room|p1a: Slowbro\n|-fieldstart|move: Trick Room|[of] p1a: Slowbro\n|\n|-weather|Sandstorm|[upkeep]\n|-damage|p1a: Slowbro|94/100|[from] Sandstorm\n|-end|p2a: Jake the Snake|move: Future Sight\n|-damage|p2a: Jake the Snake|0 fnt\n|faint|p2a: Jake the Snake\n|-heal|p1a: Slowbro|100/100|[from] item: Leftovers\n|upkeep\n|\n|t:|1788403899\n|switch|p1b: Mamoswine|Mamoswine, L50, M|100/100\n|switch|p2a: THE WALL|Aggron, L50, M|100/100\n|turn|10\n|\n|t:|1788403919\n|detailschange|p2a: THE WALL|Aggron-Mega, L50, M\n|-mega|p2a: THE WALL|Aggron|Aggronite\n|move|p1a: Slowbro|Yawn|p2b: The Big Show\n|-start|p2b: The Big Show|move: Yawn|[of] p1a: Slowbro\n|move|p2a: THE WALL|High Horsepower|p1a: Slowbro\n|-supereffective|p1a: Slowbro|1\n|-damage|p1a: Slowbro|59/100\n|move|p2b: The Big Show|Flash Cannon|p1b: Mamoswine\n|-supereffective|p1b: Mamoswine|1\n|-damage|p1b: Mamoswine|0 fnt\n|faint|p1b: Mamoswine\n|\n|-weather|Sandstorm|[upkeep]\n|-damage|p1a: Slowbro|53/100|[from] Sandstorm\n|-heal|p1a: Slowbro|59/100|[from] item: Leftovers\n|upkeep\n|turn|11\n|\n|t:|1788403940\n|move|p1a: Slowbro|Future Sight|p2b: The Big Show\n|-start|p1a: Slowbro|move: Future Sight\n|move|p2a: THE WALL|High Horsepower|p1a: Slowbro\n|-supereffective|p1a: Slowbro|1\n|-damage|p1a: Slowbro|19/100\n|move|p2b: The Big Show|Flash Cannon|p1a: Slowbro\n|-damage|p1a: Slowbro|0 fnt\n|faint|p1a: Slowbro\n|\n|win|Dakmaul\n||sunnydaysagain is ready for game 2.\n||Dakmaul is ready for game 2.\n|uhtml|next|Next: <a href=\"/battle-gen9championsvgc2026regmb-2674772736\"><strong>Game 2 of 3</strong></a>\n|l| Dick Mickens\n|l|☆sunnydaysagain\n|player|p1|\n","uploadtime":1788403949,"views":"1","formatid":"gen9championsvgc2026regmb","rating":null,"private":0,"password":null}