{"id":"gen9championsvgc2026regmb-2674165875","format":"[Gen 9 Champions] VGC 2026 Reg M-B","players":["cinarguncavdi2231","PiousAugustus13"],"log":"|j|‽cinarguncavdi2231\n|j|☆PiousAugustus13\n|t:|1788309023\n|gametype|doubles\n|player|p1|cinarguncavdi2231|102|1546\n|player|p2|PiousAugustus13|cynthia|1442\n|gen|9\n|tier|[Gen 9 Champions] VGC 2026 Reg M-B\n|rated|\n|rule|Species Clause: Limit one of each Pokémon\n|rule|Item Clause: Limit 1 of each item\n|clearpoke\n|poke|p1|Kingambit, L50, M|\n|poke|p1|Sylveon, L50, M, shiny|\n|poke|p1|Incineroar, L50, M|\n|poke|p1|Garchomp, L50, M, shiny|\n|poke|p1|Charizard, L50, M|\n|poke|p1|Aerodactyl, L50, M|\n|poke|p2|Pikachu, L50, M|\n|poke|p2|Basculegion, L50, M|\n|poke|p2|Pelipper, L50, M|\n|poke|p2|Floette-Eternal, L50, F|\n|poke|p2|Incineroar, L50, M|\n|poke|p2|Venusaur, L50, F|\n|teampreview|4\n|inactive|Battle timer is ON: inactive players will automatically lose when time's up. (requested by cinarguncavdi2231)\n|inactive|cinarguncavdi2231 has 60 seconds left.\n|\n|t:|1788309086\n|teamsize|p1|4\n|teamsize|p2|4\n|start\n|switch|p1a: Charizard|Charizard, L50, M|100/100\n|switch|p1b: Garchomp|Garchomp, L50, M, shiny|100/100\n|switch|p2a: Pikachu|Pikachu, L50, M|100/100\n|switch|p2b: Venusaur|Venusaur, L50, F|100/100\n|turn|1\n|l|☆PiousAugustus13\n|inactive|PiousAugustus13 disconnected and has a minute to reconnect!\n|player|p2|\n|inactive|PiousAugustus13 has 30 seconds left.\n|inactive|PiousAugustus13 has 20 seconds left.\n|inactive|PiousAugustus13 has 15 seconds left.\n|j|☆PiousAugustus13\n|inactive|PiousAugustus13 reconnected and has 15 seconds left.\n|player|p2|PiousAugustus13|cynthia|\n|inactive|PiousAugustus13 has 10 seconds left.\n|inactive|PiousAugustus13 has 5 seconds left.\n|\n|t:|1788309138\n|detailschange|p2b: Venusaur|Venusaur-Mega, L50, F\n|-mega|p2b: Venusaur|Venusaur|Venusaurite\n|move|p1b: Garchomp|Protect|p1b: Garchomp\n|-singleturn|p1b: Garchomp|Protect\n|move|p1a: Charizard|Protect|p1a: Charizard\n|-singleturn|p1a: Charizard|Protect\n|move|p2a: Pikachu|Nuzzle|p1a: Charizard\n|-activate|p1a: Charizard|move: Protect\n|move|p2b: Venusaur|Sludge Bomb|p1a: Charizard\n|-activate|p1a: Charizard|move: Protect\n|\n|upkeep\n|turn|2\n|inactive|PiousAugustus13 has 30 seconds left.\n|\n|t:|1788309166\n|detailschange|p1a: Charizard|Charizard-Mega-Y, L50, M\n|-mega|p1a: Charizard|Charizard|Charizardite Y\n|-weather|SunnyDay|[from] ability: Drought|[of] p1a: Charizard\n|move|p1b: Garchomp|Earthquake|p2b: Venusaur|[spread] p2a,p2b\n|-immune|p1a: Charizard\n|-supereffective|p2a: Pikachu|1\n|-enditem|p2a: Pikachu|Focus Sash\n|-damage|p2a: Pikachu|1/100\n|-damage|p2b: Venusaur|55/100\n|-damage|p1b: Garchomp|90/100|[from] item: Life Orb\n|move|p2a: Pikachu|Endeavor|p1a: Charizard\n|-damage|p1a: Charizard|1/100\n|move|p1a: Charizard|Heat Wave|p2b: Venusaur|[spread] p2a,p2b\n|-supereffective|p2b: Venusaur|1\n|-damage|p2a: Pikachu|0 fnt\n|-damage|p2b: Venusaur|1/100\n|faint|p2a: Pikachu\n|move|p2b: Venusaur|Sludge Bomb|p1a: Charizard\n|-damage|p1a: Charizard|0 fnt\n|faint|p1a: Charizard\n|\n|-weather|SunnyDay|[upkeep]\n|upkeep\n|\n|t:|1788309187\n|switch|p2a: Pelipper|Pelipper, L50, M|100/100\n|switch|p1a: Kingambit|Kingambit, L50, M|100/100\n|-weather|RainDance|[from] ability: Drizzle|[of] p2a: Pelipper\n|turn|3\n|inactive|cinarguncavdi2231 has 30 seconds left.\n|\n|t:|1788309220\n|move|p2b: Venusaur|Protect|p2b: Venusaur\n|-singleturn|p2b: Venusaur|Protect\n|move|p1a: Kingambit|Sucker Punch|p2a: Pelipper\n|-damage|p2a: Pelipper|48/100\n|move|p2a: Pelipper|Weather Ball|p1a: Kingambit\n|-damage|p1a: Kingambit|29/100\n|move|p1b: Garchomp|Dragon Claw|p2a: Pelipper\n|-damage|p2a: Pelipper|0 fnt\n|faint|p2a: Pelipper\n|-damage|p1b: Garchomp|80/100|[from] item: Life Orb\n|\n|-weather|RainDance|[upkeep]\n|upkeep\n|\n|t:|1788309231\n|switch|p2a: Basculegion|Basculegion, L50, M|100/100\n|turn|4\n|\n|t:|1788309248\n|move|p2a: Basculegion|Aqua Jet|p1a: Kingambit\n|-damage|p1a: Kingambit|0 fnt\n|faint|p1a: Kingambit\n|-damage|p2a: Basculegion|90/100|[from] item: Life Orb\n|move|p1b: Garchomp|Earthquake|p2a: Basculegion|[spread] p2a,p2b\n|-damage|p2a: Basculegion|23/100\n|-damage|p2b: Venusaur|0 fnt\n|faint|p2b: Venusaur\n|-damage|p1b: Garchomp|70/100|[from] item: Life Orb\n|\n|-weather|RainDance|[upkeep]\n|upkeep\n|\n|t:|1788309255\n|switch|p1a: Sylveon|Sylveon, L50, M, shiny|100/100\n|turn|5\n|\n|t:|1788309264\n|move|p2a: Basculegion|Last Respects|p1b: Garchomp\n|-damage|p1b: Garchomp|0 fnt\n|faint|p1b: Garchomp\n|-damage|p2a: Basculegion|13/100|[from] item: Life Orb\n|move|p1a: Sylveon|Hyper Voice|p2a: Basculegion\n|-damage|p2a: Basculegion|0 fnt\n|faint|p2a: Basculegion\n|\n|win|cinarguncavdi2231\n|raw|cinarguncavdi2231's rating: 1546 &rarr; <strong>1560</strong><br />(+14 for winning)\n|raw|PiousAugustus13's rating: 1442 &rarr; <strong>1428</strong><br />(-14 for losing)\n","uploadtime":1788309275,"views":"17","formatid":"gen9championsvgc2026regmb","rating":1428,"private":0,"password":null}