{"id":"gen9championsvgc2026regmbbo3-2674603395","format":"[Gen 9 Champions] VGC 2026 Reg M-B (Bo3)","players":["ClasiusClap","86602i"],"log":"|j|☆ClasiusClap\n|j|☆86602i\n|html|<table width=\"100%\"><tr><td align=\"left\">ClasiusClap</td><td align=\"right\">86602i</tr><tr><td align=\"left\"><i class=\"fa fa-circle\"></i> <i class=\"fa fa-circle-o\"></i> </td><td align=\"right\"><i class=\"fa fa-circle-o\"></i> <i class=\"fa fa-circle-o\"></i> </tr></table>\n|uhtml|bestof|<h2><strong>Game 2</strong> of <a href=\"/game-bestof3-gen9championsvgc2026regmbbo3-2674601807\">a best-of-3</a></h2>\n|t:|1788379115\n|gametype|doubles\n|player|p1|ClasiusClap|2|1148\n|player|p2|86602i|101|1122\n|gen|9\n|tier|[Gen 9 Champions] VGC 2026 Reg M-B (Bo3)\n|rated|\n|rule|Species Clause: Limit one of each Pokémon\n|rule|Item Clause: Limit 1 of each item\n|clearpoke\n|poke|p1|Charizard, L50, M|\n|poke|p1|Garchomp, L50, M|\n|poke|p1|Sylveon, L50, M|\n|poke|p1|Incineroar, L50, F|\n|poke|p1|Whimsicott, L50, F|\n|poke|p1|Basculegion, L50, M|\n|poke|p2|Pelipper, L50, F|\n|poke|p2|Archaludon, L50, M|\n|poke|p2|Sneasler, L50, F|\n|poke|p2|Swampert, L50, F|\n|poke|p2|Dragapult, L50, M|\n|poke|p2|Sinistcha, L50|\n|teampreview|4\n|showteam|p1|Charizard||CharizarditeY|Blaze|HeatWave,AncientPower,WeatherBall,Protect|Timid||M|||50|]Garchomp||LifeOrb|RoughSkin|Earthquake,DragonClaw,StompingTantrum,Protect|Jolly||M|||50|]Sylveon||FairyFeather|Pixilate|HyperVoice,HyperBeam,Yawn,Detect|Modest||M|||50|]Incineroar||PasshoBerry|Intimidate|ThroatChop,FlareBlitz,FakeOut,PartingShot|Impish||F|||50|]Whimsicott||FocusSash|Prankster|Tailwind,Moonblast,Encore,Protect|Timid||F|||50|]Basculegion||MysticWater|Adaptability|WaveCrash,AquaJet,LastRespects,Protect|Adamant||M|||50|\n|showteam|p2|Pelipper||DampRock|Drizzle|Hurricane,Protect,WideGuard,MuddyWater|Modest||F|||50|]Archaludon||FocusSash|Stalwart|ElectroShot,AuraSphere,FlashCannon,Protect|Timid||M|||50|]Sneasler||WhiteHerb|Unburden|CloseCombat,DireClaw,FakeOut,ThroatChop|Jolly||F|||50|]Swampert||Swampertite|Torrent|WaveCrash,HighHorsepower,IcePunch,Protect|Adamant||F|||50|]Dragapult||ChoiceScarf|ClearBody|DragonDarts,Uturn,PsychicFangs,PhantomForce|Jolly||M|||50|]Sinistcha||SitrusBerry|Hospitality|MatchaGotcha,RagePowder,ShadowBall,TrickRoom|Timid|||||50|\n|inactive|Battle timer is ON: inactive players will automatically lose when time's up. (requested by 86602i)\n|\n|t:|1788379144\n|teamsize|p1|4\n|teamsize|p2|4\n|start\n|switch|p1a: Sylveon|Sylveon, L50, M|100/100\n|switch|p1b: Basculegion|Basculegion, L50, M|100/100\n|switch|p2a: Pelipper|Pelipper, L50, F|100/100\n|switch|p2b: Archaludon|Archaludon, L50, M|100/100\n|-weather|RainDance|[from] ability: Drizzle|[of] p2a: Pelipper\n|turn|1\n|\n|t:|1788379160\n|move|p1b: Basculegion|Protect|p1b: Basculegion\n|-singleturn|p1b: Basculegion|Protect\n|move|p2a: Pelipper|Wide Guard|p2a: Pelipper\n|-singleturn|p2a: Pelipper|Wide Guard\n|move|p2b: Archaludon|Electro Shot||[still]\n|-prepare|p2b: Archaludon|Electro Shot\n|-boost|p2b: Archaludon|spa|1\n|-anim|p2b: Archaludon|Electro Shot|p1a: Sylveon\n|-damage|p1a: Sylveon|51/100\n|move|p1a: Sylveon|Hyper Beam|p2b: Archaludon\n|-enditem|p2b: Archaludon|Focus Sash\n|-damage|p2b: Archaludon|1/100\n|-mustrecharge|p1a: Sylveon\n|\n|-weather|RainDance|[upkeep]\n|upkeep\n|turn|2\n|\n|t:|1788379177\n|move|p2b: Archaludon|Protect|p2b: Archaludon\n|-singleturn|p2b: Archaludon|Protect\n|move|p1b: Basculegion|Aqua Jet|p2b: Archaludon\n|-activate|p2b: Archaludon|move: Protect\n|cant|p1a: Sylveon|recharge\n|move|p2a: Pelipper|Muddy Water|p1a: Sylveon|[spread] p1a,p1b\n|-resisted|p1b: Basculegion|1\n|-damage|p1a: Sylveon|12/100\n|-damage|p1b: Basculegion|75/100\n|-unboost|p1a: Sylveon|accuracy|1\n|-unboost|p1b: Basculegion|accuracy|1\n|\n|-weather|RainDance|[upkeep]\n|upkeep\n|turn|3\n|\n|t:|1788379198\n|move|p2b: Archaludon|Protect||[still]\n|-fail|p2b: Archaludon\n|move|p1b: Basculegion|Aqua Jet|p2b: Archaludon\n|-resisted|p2b: Archaludon|1\n|-damage|p2b: Archaludon|0 fnt\n|faint|p2b: Archaludon\n|move|p1a: Sylveon|Hyper Beam|p2a: Pelipper|[miss]\n|-miss|p1a: Sylveon|p2a: Pelipper\n|move|p2a: Pelipper|Hurricane|p1b: Basculegion\n|-damage|p1b: Basculegion|20/100y\n|\n|-weather|RainDance|[upkeep]\n|upkeep\n|\n|t:|1788379212\n|switch|p2b: Swampert|Swampert, L50, F|100/100\n|turn|4\n|\n|t:|1788379224\n|move|p2b: Swampert|Protect|p2b: Swampert\n|-singleturn|p2b: Swampert|Protect\n|move|p1b: Basculegion|Wave Crash|p2b: Swampert\n|-activate|p2b: Swampert|move: Protect\n|move|p1a: Sylveon|Hyper Beam|p2a: Pelipper\n|-damage|p2a: Pelipper|0 fnt\n|-mustrecharge|p1a: Sylveon\n|faint|p2a: Pelipper\n|\n|-weather|RainDance|[upkeep]\n|upkeep\n|\n|t:|1788379233\n|switch|p2a: Sneasler|Sneasler, L50, F|100/100\n|turn|5\n|\n|t:|1788379256\n|detailschange|p2b: Swampert|Swampert-Mega, L50, F\n|-mega|p2b: Swampert|Swampert|Swampertite\n|move|p1b: Basculegion|Aqua Jet|p2b: Swampert|[miss]\n|-miss|p1b: Basculegion|p2b: Swampert\n|move|p2b: Swampert|Wave Crash|p1a: Sylveon\n|-damage|p1a: Sylveon|0 fnt\n|faint|p1a: Sylveon\n|-damage|p2b: Swampert|95/100|[from] Recoil\n|move|p2a: Sneasler|Throat Chop|p1b: Basculegion\n|-supereffective|p1b: Basculegion|1\n|-damage|p1b: Basculegion|0 fnt\n|faint|p1b: Basculegion\n|\n|-weather|RainDance|[upkeep]\n|upkeep\n|\n|t:|1788379267\n|switch|p1b: Incineroar|Incineroar, L50, F|100/100\n|switch|p1a: Charizard|Charizard, L50, M|100/100\n|-ability|p1b: Incineroar|Intimidate|boost\n|-unboost|p2a: Sneasler|atk|1\n|-unboost|p2b: Swampert|atk|1\n|-enditem|p2a: Sneasler|White Herb\n|-clearnegativeboost|p2a: Sneasler|[silent]\n|turn|6\n|\n|t:|1788379287\n|detailschange|p1a: Charizard|Charizard-Mega-Y, L50, M\n|-mega|p1a: Charizard|Charizard|Charizardite Y\n|-weather|SunnyDay|[from] ability: Drought|[of] p1a: Charizard\n|move|p2b: Swampert|Protect|p2b: Swampert\n|-singleturn|p2b: Swampert|Protect\n|move|p1b: Incineroar|Fake Out|p2a: Sneasler\n|-damage|p2a: Sneasler|80/100\n|cant|p2a: Sneasler|flinch\n|move|p1a: Charizard|Weather Ball|p2a: Sneasler\n|-damage|p2a: Sneasler|0 fnt\n|faint|p2a: Sneasler\n|\n|-weather|SunnyDay|[upkeep]\n|upkeep\n|turn|7\n|\n|t:|1788379306\n|move|p1a: Charizard|Weather Ball|p2b: Swampert\n|-resisted|p2b: Swampert|1\n|-damage|p2b: Swampert|51/100\n|move|p2b: Swampert|Wave Crash|p1a: Charizard\n|-supereffective|p1a: Charizard|1\n|-damage|p1a: Charizard|35/100\n|-damage|p2b: Swampert|30/100|[from] Recoil\n|move|p1b: Incineroar|Flare Blitz|p2b: Swampert\n|-resisted|p2b: Swampert|1\n|-damage|p2b: Swampert|0 fnt\n|faint|p2b: Swampert\n|-damage|p1b: Incineroar|90/100|[from] Recoil\n|\n|win|ClasiusClap\n|raw|ClasiusClap's rating: 1148 &rarr; <strong>1171</strong><br />(+23 for winning)\n|raw|86602i's rating: 1122 &rarr; <strong>1099</strong><br />(-23 for losing)\n","uploadtime":1788379315,"views":"1","formatid":"gen9championsvgc2026regmbbo3","rating":1099,"private":0,"password":null}