{"id":"gen9championsvgc2026regmb-2674795994","format":"[Gen 9 Champions] VGC 2026 Reg M-B","players":["Gadrongo","BlobFisherMan"],"log":"|j|☆Gadrongo\n|j|☆BlobFisherMan\n|t:|1788408427\n|gametype|doubles\n|player|p1|Gadrongo|n|1051\n|player|p2|BlobFisherMan|101|1050\n|gen|9\n|tier|[Gen 9 Champions] VGC 2026 Reg M-B\n|rated|\n|rule|Species Clause: Limit one of each Pokémon\n|rule|Item Clause: Limit 1 of each item\n|clearpoke\n|poke|p1|Floette-Eternal, L50, F|\n|poke|p1|Gyarados, L50, M|\n|poke|p1|Corviknight, L50, M, shiny|\n|poke|p1|Sinistcha, L50|\n|poke|p1|Mamoswine, L50, M|\n|poke|p1|Meowstic, L50, M|\n|poke|p2|Kommo-o, L50, F|\n|poke|p2|Altaria, L50, F|\n|poke|p2|Clefable, L50, F|\n|poke|p2|Incineroar, L50, F|\n|poke|p2|Scizor, L50, M|\n|poke|p2|Araquanid, L50, M|\n|teampreview|4\n|inactive|Battle timer is ON: inactive players will automatically lose when time's up. (requested by BlobFisherMan)\n|inactive|Gadrongo has 60 seconds left.\n|inactive|BlobFisherMan has 60 seconds left.\n|inactive|BlobFisherMan has 30 seconds left.\n|\n|t:|1788408492\n|teamsize|p1|4\n|teamsize|p2|4\n|start\n|switch|p1a: Iceman|Mamoswine, L50, M|100/100\n|switch|p1b: Beast|Gyarados, L50, M|100/100\n|switch|p2a: Clefable|Clefable, L50, F|100/100\n|switch|p2b: Scizor|Scizor, L50, M|100/100\n|-ability|p1b: Beast|Intimidate|boost\n|-unboost|p2a: Clefable|atk|1\n|-unboost|p2b: Scizor|atk|1\n|turn|1\n|\n|t:|1788408516\n|move|p1a: Iceman|Earthquake|p2a: Clefable|[spread] p2a,p2b\n|-immune|p1b: Beast\n|-damage|p2a: Clefable|56/100\n|-damage|p2b: Scizor|63/100\n|move|p1b: Beast|Waterfall|p2b: Scizor\n|-damage|p2b: Scizor|17/100\n|move|p2b: Scizor|Swords Dance|p2b: Scizor\n|-boost|p2b: Scizor|atk|2\n|move|p2a: Clefable|Life Dew|p2a: Clefable|[spread] p2a,p2b\n|-heal|p2a: Clefable|81/100\n|-heal|p2b: Scizor|42/100\n|\n|upkeep\n|turn|2\n|\n|t:|1788408546\n|move|p2b: Scizor|Bullet Punch|p1a: Iceman\n|-supereffective|p1a: Iceman|1\n|-enditem|p1a: Iceman|Focus Sash\n|-damage|p1a: Iceman|1/100\n|move|p1a: Iceman|Earthquake|p2b: Scizor|[spread] p2a,p2b\n|-immune|p1b: Beast\n|-damage|p2a: Clefable|38/100\n|-damage|p2b: Scizor|2/100\n|move|p1b: Beast|Waterfall|p2b: Scizor\n|-damage|p2b: Scizor|0 fnt\n|faint|p2b: Scizor\n|move|p2a: Clefable|Cosmic Power|p2a: Clefable\n|-boost|p2a: Clefable|def|1\n|-boost|p2a: Clefable|spd|1\n|\n|upkeep\n|\n|t:|1788408557\n|switch|p2b: Araquanid|Araquanid, L50, M|100/100\n|turn|3\n|\n|t:|1788408573\n|move|p2b: Araquanid|Wide Guard|p2b: Araquanid\n|-singleturn|p2b: Araquanid|Wide Guard\n|move|p1a: Iceman|Rock Slide|p2a: Clefable|[spread] \n|-activate|p2a: Clefable|move: Wide Guard\n|-activate|p2b: Araquanid|move: Wide Guard\n|move|p1b: Beast|Waterfall|p2a: Clefable\n|-damage|p2a: Clefable|9/100\n|move|p2a: Clefable|Life Dew||[still]|[spread] p2a,p2b\n|-heal|p2a: Clefable|34/100\n|-fail|p2b: Araquanid|heal\n|\n|upkeep\n|turn|4\n|\n|t:|1788408598\n|move|p2a: Clefable|Follow Me|p2a: Clefable\n|-singleturn|p2a: Clefable|move: Follow Me\n|move|p1a: Iceman|Ice Shard|p2a: Clefable\n|-damage|p2a: Clefable|20/100y\n|move|p1b: Beast|Crunch|p2a: Clefable\n|-resisted|p2a: Clefable|1\n|-damage|p2a: Clefable|11/100\n|move|p2b: Araquanid|Liquidation|p1a: Iceman\n|-supereffective|p1a: Iceman|1\n|-damage|p1a: Iceman|0 fnt\n|faint|p1a: Iceman\n|\n|upkeep\n|\n|t:|1788408614\n|switch|p1a: Colossus|Corviknight, L50, M, shiny|100/100\n|-ability|p1a: Colossus|Pressure\n|turn|5\n|\n|t:|1788408632\n|move|p1b: Beast|Waterfall|p2a: Clefable\n|-damage|p2a: Clefable|0 fnt\n|faint|p2a: Clefable\n|move|p1a: Colossus|Iron Defense|p1a: Colossus\n|-boost|p1a: Colossus|def|2\n|move|p2b: Araquanid|Lunge|p1b: Beast\n|-resisted|p1b: Beast|1\n|-damage|p1b: Beast|82/100\n|-unboost|p1b: Beast|atk|1\n|\n|upkeep\n|\n|t:|1788408637\n|switch|p2a: Altaria|Altaria, L50, F|100/100\n|-ability|p2a: Altaria|Cloud Nine\n|turn|6\n|\n|t:|1788408652\n|move|p2a: Altaria|Dragon Dance|p2a: Altaria\n|-boost|p2a: Altaria|atk|1\n|-boost|p2a: Altaria|spe|1\n|move|p1b: Beast|Outrage|p2a: Altaria\n|-supereffective|p2a: Altaria|1\n|-crit|p2a: Altaria\n|-damage|p2a: Altaria|0 fnt\n|faint|p2a: Altaria\n|move|p1a: Colossus|Iron Defense|p1a: Colossus\n|-boost|p1a: Colossus|def|2\n|move|p2b: Araquanid|Lunge|p1b: Beast\n|-resisted|p1b: Beast|1\n|-damage|p1b: Beast|67/100\n|-unboost|p1b: Beast|atk|1\n|\n|upkeep\n|turn|7\n|\n|t:|1788408673\n|move|p1b: Beast|Outrage|p2b: Araquanid|[from] lockedmove\n|-damage|p2b: Araquanid|80/100\n|move|p1a: Colossus|Iron Defense|p1a: Colossus\n|-boost|p1a: Colossus|def|2\n|move|p2b: Araquanid|Liquidation|p1b: Beast\n|-resisted|p1b: Beast|1\n|-damage|p1b: Beast|25/100\n|\n|upkeep\n|turn|8\n|\n|t:|1788408686\n|move|p1b: Beast|Outrage|p2b: Araquanid|[from] lockedmove\n|-damage|p2b: Araquanid|60/100\n|-start|p1b: Beast|confusion|[fatigue]\n|move|p1a: Colossus|Body Press|p2b: Araquanid\n|-resisted|p2b: Araquanid|1\n|-damage|p2b: Araquanid|24/100\n|move|p2b: Araquanid|Liquidation|p1b: Beast\n|-resisted|p1b: Beast|1\n|-damage|p1b: Beast|0 fnt\n|faint|p1b: Beast\n|\n|upkeep\n|\n|t:|1788408698\n|switch|p1b: Cyclops|Floette-Eternal, L50, F|100/100\n|turn|9\n|\n|t:|1788408715\n|detailschange|p1b: Cyclops|Floette-Mega, L50, F\n|-mega|p1b: Cyclops|Floette|Floettite\n|-ability|p1b: Cyclops|Fairy Aura\n|move|p1b: Cyclops|Light of Ruin|p2b: Araquanid\n|-damage|p2b: Araquanid|0 fnt\n|faint|p2b: Araquanid\n|-damage|p1b: Cyclops|87/100|[from] Recoil\n|\n|win|Gadrongo\n|raw|Gadrongo's rating: 1051 &rarr; <strong>1083</strong><br />(+32 for winning)\n|raw|BlobFisherMan's rating: 1050 &rarr; <strong>1033</strong><br />(-17 for losing)\n|l|☆BlobFisherMan\n|player|p2|\n","uploadtime":1788408744,"views":"1","formatid":"gen9championsvgc2026regmb","rating":1033,"private":0,"password":null}