{"id":"gen9championsvgc2026regmb-2674386883","format":"[Gen 9 Champions] VGC 2026 Reg M-B","players":["KelimeVur","poktiyty3ty"],"log":"|j|☆KelimeVur\n|j|☆poktiyty3ty\n|t:|1788353091\n|gametype|doubles\n|player|p1|KelimeVur|169|1188\n|player|p2|poktiyty3ty|miku-water|1212\n|gen|9\n|tier|[Gen 9 Champions] VGC 2026 Reg M-B\n|rated|\n|rule|Species Clause: Limit one of each Pokémon\n|rule|Item Clause: Limit 1 of each item\n|clearpoke\n|poke|p1|Whimsicott, L50, M, shiny|\n|poke|p1|Staraptor, L50, F|\n|poke|p1|Basculegion, L50, M|\n|poke|p1|Charizard, L50, M|\n|poke|p1|Sinistcha, L50|\n|poke|p1|Sylveon, L50, M|\n|poke|p2|Falinks, L50|\n|poke|p2|Grimmsnarl, L50, M|\n|poke|p2|Aegislash, L50, F|\n|poke|p2|Sinistcha, L50|\n|poke|p2|Rotom-Wash, L50|\n|poke|p2|Talonflame, L50, M|\n|teampreview|4\n|inactive|Battle timer is ON: inactive players will automatically lose when time's up. (requested by poktiyty3ty)\n|inactive|KelimeVur also wants the timer to be on.\nKelimeVur rejected open team sheets.\n|inactive|KelimeVur has 60 seconds left.\n|inactive|KelimeVur has 30 seconds left.\n|inactive|KelimeVur has 20 seconds left.\n|inactive|KelimeVur has 15 seconds left.\n|\n|t:|1788353169\n|teamsize|p1|4\n|teamsize|p2|4\n|start\n|switch|p1a: Whimsicott|Whimsicott, L50, M, shiny|100/100\n|switch|p1b: Basculegion|Basculegion, L50, M|100/100\n|switch|p2a: Grimmsnarl|Grimmsnarl, L50, M|100/100\n|switch|p2b: Talonflame|Talonflame, L50, M|100/100\n|turn|1\n|inactive|KelimeVur has 30 seconds left.\n|inactive|poktiyty3ty has 30 seconds left.\n|inactive|KelimeVur has 20 seconds left.\n|inactive|poktiyty3ty has 20 seconds left.\n|inactive|KelimeVur has 15 seconds left.\n|inactive|poktiyty3ty has 15 seconds left.\n|inactive|poktiyty3ty has 10 seconds left.\n|inactive|poktiyty3ty has 5 seconds left.\n|\n|t:|1788353224\n|move|p2b: Talonflame|Acrobatics|p1a: Whimsicott\n|-supereffective|p1a: Whimsicott|1\n|-enditem|p1a: Whimsicott|Focus Sash\n|-damage|p1a: Whimsicott|1/100\n|move|p1a: Whimsicott|Tailwind|p1a: Whimsicott\n|-sidestart|p1: KelimeVur|move: Tailwind\n|move|p1b: Basculegion|Aqua Jet|p2b: Talonflame\n|-supereffective|p2b: Talonflame|1\n|-damage|p2b: Talonflame|4/100\n|move|p2a: Grimmsnarl|Spirit Break|p1b: Basculegion\n|-damage|p1b: Basculegion|47/100\n|-unboost|p1b: Basculegion|spa|1\n|\n|upkeep\n|turn|2\n|inactive|KelimeVur has 30 seconds left.\n|\n|t:|1788353254\n|switch|p2b: Rotom|Rotom-Wash, L50|100/100\n|move|p1a: Whimsicott|Protect|p1a: Whimsicott\n|-singleturn|p1a: Whimsicott|Protect\n|move|p1b: Basculegion|Aqua Jet|p2b: Rotom\n|-resisted|p2b: Rotom|1\n|-damage|p2b: Rotom|78/100\n|move|p2a: Grimmsnarl|Light Screen|p2a: Grimmsnarl\n|-sidestart|p2: poktiyty3ty|move: Light Screen\n|\n|upkeep\n|turn|3\n|\n|t:|1788353274\n|switch|p1a: Sylveon|Sylveon, L50, M|100/100\n|move|p1b: Basculegion|Protect|p1b: Basculegion\n|-singleturn|p1b: Basculegion|Protect\n|move|p2b: Rotom|Thunderbolt|p1b: Basculegion\n|-activate|p1b: Basculegion|move: Protect\n|move|p2a: Grimmsnarl|Spirit Break|p1b: Basculegion\n|-activate|p1b: Basculegion|move: Protect\n|\n|upkeep\n|turn|4\n|\n|t:|1788353299\n|move|p1b: Basculegion|Aqua Jet|p2a: Grimmsnarl\n|-damage|p2a: Grimmsnarl|57/100\n|move|p2a: Grimmsnarl|Parting Shot|p1a: Sylveon\n|-unboost|p1a: Sylveon|atk|1\n|-unboost|p1a: Sylveon|spa|1\n|\n|t:|1788353305\n|switch|p2a: Talonflame|Talonflame, L50, M|4/100|[from] Parting Shot\n|move|p2b: Rotom|Thunderbolt|p1b: Basculegion\n|-supereffective|p1b: Basculegion|1\n|-damage|p1b: Basculegion|0 fnt\n|faint|p1b: Basculegion\n|move|p1a: Sylveon|Hyper Voice|p2b: Rotom|[spread] p2a,p2b\n|-resisted|p2a: Talonflame|1\n|-damage|p2a: Talonflame|0 fnt\n|-damage|p2b: Rotom|55/100\n|faint|p2a: Talonflame\n|\n|-sideend|p1: KelimeVur|move: Tailwind\n|upkeep\n|\n|t:|1788353321\n|switch|p2a: Grimmsnarl|Grimmsnarl, L50, M|57/100\n|switch|p1b: Whimsicott|Whimsicott, L50, M, shiny|1/100\n|turn|5\n|\n|t:|1788353328\n|switch|p1a: Staraptor|Staraptor, L50, F|100/100\n|-ability|p1a: Staraptor|Intimidate|boost\n|-unboost|p2a: Grimmsnarl|atk|1\n|-unboost|p2b: Rotom|atk|1\n|move|p2a: Grimmsnarl|Fake Out|p1b: Whimsicott\n|-damage|p1b: Whimsicott|0 fnt\n|faint|p1b: Whimsicott\n|move|p2b: Rotom|Thunderbolt|p1a: Staraptor\n|-supereffective|p1a: Staraptor|1\n|-damage|p1a: Staraptor|0 fnt\n|faint|p1a: Staraptor\n|\n|upkeep\n|\n|t:|1788353337\n|switch|p1b: Sylveon|Sylveon, L50, M|100/100\n|turn|6\n|\n|t:|1788353346\n|move|p2b: Rotom|Thunderbolt|p1b: Sylveon\n|-damage|p1b: Sylveon|78/100\n|move|p2a: Grimmsnarl|Spirit Break|p1b: Sylveon\n|-damage|p1b: Sylveon|45/100\n|-unboost|p1b: Sylveon|spa|1\n|move|p1b: Sylveon|Hyper Voice|p2b: Rotom|[spread] p2a,p2b\n|-supereffective|p2a: Grimmsnarl|1\n|-damage|p2a: Grimmsnarl|25/100\n|-damage|p2b: Rotom|33/100\n|\n|upkeep\n|turn|7\n|\n|t:|1788353355\n|switch|p2b: Falinks|Falinks, L50|100/100\n|move|p2a: Grimmsnarl|Parting Shot|p2b: Falinks\n|-unboost|p2b: Falinks|atk|1\n|-unboost|p2b: Falinks|spa|1\n|\n|t:|1788353361\n|switch|p2a: Rotom|Rotom-Wash, L50|33/100|[from] Parting Shot\n|move|p1b: Sylveon|Hyper Voice|p2a: Rotom|[spread] p2a,p2b\n|-supereffective|p2b: Falinks|1\n|-damage|p2a: Rotom|10/100\n|-damage|p2b: Falinks|40/100\n|\n|upkeep\n|turn|8\n|\n|t:|1788353384\n|detailschange|p2b: Falinks|Falinks-Mega, L50\n|-mega|p2b: Falinks|Falinks|Falinksite\n|move|p2a: Rotom|Thunderbolt|p1b: Sylveon\n|-damage|p1b: Sylveon|24/100\n|move|p2b: Falinks|Poison Jab|p1b: Sylveon\n|-supereffective|p1b: Sylveon|1\n|-damage|p1b: Sylveon|0 fnt\n|faint|p1b: Sylveon\n|\n|win|poktiyty3ty\n|raw|KelimeVur's rating: 1188 &rarr; <strong>1165</strong><br />(-23 for losing)\n|raw|poktiyty3ty's rating: 1212 &rarr; <strong>1235</strong><br />(+23 for winning)\n|l|☆KelimeVur\n|player|p1|\n","uploadtime":1788353563,"views":"0","formatid":"gen9championsvgc2026regmb","rating":1165,"private":0,"password":null}