{"id":"gen9championsvgc2026regmb-2674897773","format":"[Gen 9 Champions] VGC 2026 Reg M-B","players":["Sturmtruppler","Thornlace48812"],"log":"|j|☆Sturmtruppler\n|j|☆Thornlace48812\n|t:|1788431753\n|gametype|doubles\n|player|p1|Sturmtruppler|boarder|1070\n|player|p2|Thornlace48812|102|1156\n|gen|9\n|tier|[Gen 9 Champions] VGC 2026 Reg M-B\n|rated|\n|rule|Species Clause: Limit one of each Pokémon\n|rule|Item Clause: Limit 1 of each item\n|clearpoke\n|poke|p1|Charizard, L50, F, shiny|\n|poke|p1|Whimsicott, L50, M, shiny|\n|poke|p1|Typhlosion-Hisui, L50, M, shiny|\n|poke|p1|Aerodactyl, L50, M|\n|poke|p1|Venusaur, L50, M, shiny|\n|poke|p1|Lucario, L50, F, shiny|\n|poke|p2|Garchomp, L50, M|\n|poke|p2|Charizard, L50, F|\n|poke|p2|Whimsicott, L50, F|\n|poke|p2|Sylveon, L50, F|\n|poke|p2|Kingambit, L50, M|\n|poke|p2|Basculegion, L50, M|\n|teampreview|4\n|inactive|Battle timer is ON: inactive players will automatically lose when time's up. (requested by Thornlace48812)\nThornlace48812 rejected open team sheets.\n|\n|t:|1788431775\n|teamsize|p1|4\n|teamsize|p2|4\n|start\n|switch|p1a: Lucario|Lucario, L50, F, shiny|100/100\n|switch|p1b: Whimsicott|Whimsicott, L50, M, shiny|100/100\n|switch|p2a: Kingambit|Kingambit, L50, M|100/100\n|switch|p2b: Charizard|Charizard, L50, F|100/100\n|turn|1\n|inactive|Sturmtruppler has 30 seconds left.\n|\n|t:|1788431803\n|detailschange|p2b: Charizard|Charizard-Mega-Y, L50, F\n|-mega|p2b: Charizard|Charizard|Charizardite Y\n|-weather|SunnyDay|[from] ability: Drought|[of] p2b: Charizard\n|move|p1b: Whimsicott|Tailwind|p1b: Whimsicott\n|-sidestart|p1: Sturmtruppler|move: Tailwind\n|move|p1a: Lucario|Rock Slide|p2a: Kingambit|[spread] p2a,p2b\n|-resisted|p2a: Kingambit|1\n|-crit|p2a: Kingambit\n|-supereffective|p2b: Charizard|2\n|-crit|p2b: Charizard\n|-damage|p2a: Kingambit|89/100\n|-damage|p2b: Charizard|0 fnt\n|faint|p2b: Charizard\n|move|p2a: Kingambit|Iron Head|p1b: Whimsicott\n|-supereffective|p1b: Whimsicott|1\n|-enditem|p1b: Whimsicott|Focus Sash\n|-damage|p1b: Whimsicott|1/100\n|\n|-weather|SunnyDay|[upkeep]\n|upkeep\n|\n|t:|1788431803\n|switch|p2b: Sylveon|Sylveon, L50, F|100/100\n|turn|2\n|\n|t:|1788431825\n|move|p1b: Whimsicott|Protect|p1b: Whimsicott\n|-singleturn|p1b: Whimsicott|Protect\n|move|p2b: Sylveon|Detect|p2b: Sylveon\n|-singleturn|p2b: Sylveon|Protect\n|move|p2a: Kingambit|Sucker Punch|p1a: Lucario\n|-resisted|p1a: Lucario|1\n|-damage|p1a: Lucario|56/100\n|move|p1a: Lucario|Drain Punch|p2a: Kingambit\n|-supereffective|p2a: Kingambit|2\n|-damage|p2a: Kingambit|0 fnt\n|-heal|p1a: Lucario|100/100|[from] drain|[of] p2a: Kingambit\n|faint|p2a: Kingambit\n|-end|p2a: Kingambit|fallenundefined|[silent]\n|\n|-weather|SunnyDay|[upkeep]\n|upkeep\n|\n|t:|1788431825\n|switch|p2a: Garchomp|Garchomp, L50, M|100/100\n|turn|3\n|\n|t:|1788431850\n|detailschange|p1a: Lucario|Lucario-Mega, L50, F, shiny\n|-mega|p1a: Lucario|Lucario|Lucarionite\n|move|p1a: Lucario|Ice Punch|p2a: Garchomp\n|-supereffective|p2a: Garchomp|2\n|-damage|p2a: Garchomp|0 fnt\n|-damage|p1a: Lucario|87/100|[from] ability: Rough Skin|[of] p2a: Garchomp\n|faint|p2a: Garchomp\n|move|p1b: Whimsicott|Moonblast|p2b: Sylveon\n|-damage|p2b: Sylveon|71/100\n|move|p2b: Sylveon|Hyper Voice|p1b: Whimsicott|[spread] p1a,p1b\n|-damage|p1a: Lucario|6/100\n|-damage|p1b: Whimsicott|0 fnt\n|faint|p1b: Whimsicott\n|\n|-weather|SunnyDay|[upkeep]\n|upkeep\n|\n|t:|1788431864\n|switch|p1b: Venusaur|Venusaur, L50, M, shiny|100/100\n|turn|4\n|\n|t:|1788431878\n|move|p2b: Sylveon|Detect|p2b: Sylveon\n|-singleturn|p2b: Sylveon|Protect\n|move|p1b: Venusaur|Sludge Bomb|p2b: Sylveon\n|-activate|p2b: Sylveon|move: Protect\n|move|p1a: Lucario|Rock Slide|p2b: Sylveon\n|-activate|p2b: Sylveon|move: Protect\n|\n|-weather|SunnyDay|[upkeep]\n|-sideend|p1: Sturmtruppler|move: Tailwind\n|upkeep\n|turn|5\n|\n|t:|1788431889\n|move|p1b: Venusaur|Sludge Bomb|p2b: Sylveon\n|-supereffective|p2b: Sylveon|1\n|-damage|p2b: Sylveon|12/100\n|move|p1a: Lucario|Rock Slide|p2b: Sylveon\n|-damage|p2b: Sylveon|0 fnt\n|faint|p2b: Sylveon\n|\n|win|Sturmtruppler\n|raw|Sturmtruppler's rating: 1070 &rarr; <strong>1108</strong><br />(+38 for winning)\n|raw|Thornlace48812's rating: 1177 &rarr; <strong>1145</strong><br />(-32 for losing)\n","uploadtime":1788431889,"views":"1","formatid":"gen9championsvgc2026regmb","rating":1108,"private":0,"password":null}