{"id":"gen9championsvgc2026regmb-2674192084","format":"[Gen 9 Champions] VGC 2026 Reg M-B","players":["mr.danil","kidmilk1"],"log":"|j|☆mr.danil\n|j|☆kidmilk1\n|html|<table width=\"100%\"><tr><td align=\"left\">mr.danil</td><td align=\"right\">kidmilk1</tr><tr><td align=\"left\"><i class=\"fa fa-circle-o\"></i> <i class=\"fa fa-circle-o\"></i> </td><td align=\"right\"><i class=\"fa fa-circle-o\"></i> <i class=\"fa fa-circle-o\"></i> </tr></table>\n|uhtml|bestof|<h2><strong>Game 1</strong> of <a href=\"/game-bestof3-gen9championsvgc2026regmb-2674192083\">a best-of-3</a></h2>\n|t:|1788313108\n|gametype|doubles\n|player|p1|mr.danil|cyrus|\n|player|p2|kidmilk1|waitress-gen4|\n|gen|9\n|tier|[Gen 9 Champions] VGC 2026 Reg M-B\n|rule|Species Clause: Limit one of each Pokémon\n|rule|Item Clause: Limit 1 of each item\n|raw|<div class=\"infobox\"><details class=\"readmore\" open><summary><strong>1 custom rule:</strong></summary> Best of = 3</details></div>\n|clearpoke\n|poke|p1|Froslass, L50, F|\n|poke|p1|Archaludon, L50, F|\n|poke|p1|Tinkaton, L50, F|\n|poke|p1|Sableye, L50, F|\n|poke|p1|Altaria, L50, F|\n|poke|p1|Venusaur, L50, M|\n|poke|p2|Aerodactyl, L50, F, shiny|\n|poke|p2|Overqwil, L50, F, shiny|\n|poke|p2|Annihilape, L50, F, shiny|\n|poke|p2|Mamoswine, L50, M, shiny|\n|poke|p2|Gardevoir, L50, M, shiny|\n|poke|p2|Simipour, L50, F, shiny|\n|teampreview|4\n|\n|t:|1788313148\n|teamsize|p1|4\n|teamsize|p2|4\n|start\n|switch|p1a: Froslass|Froslass, L50, F|100/100\n|switch|p1b: Archaludon|Archaludon, L50, F|100/100\n|switch|p2a: Pterry|Aerodactyl, L50, F, shiny|100/100\n|switch|p2b: Chardonnay|Mamoswine, L50, M, shiny|100/100\n|-ability|p2a: Pterry|Unnerve\n|turn|1\n|c|☆kidmilk1|i have poured my heart and soul into this team\n|c|☆kidmilk1|the past 10 minutes have been intense\n|\n|t:|1788313182\n|detailschange|p1a: Froslass|Froslass-Mega, L50, F\n|-mega|p1a: Froslass|Froslass|Froslassite\n|-weather|Snowscape|[from] ability: Snow Warning|[of] p1a: Froslass\n|move|p1a: Froslass|Blizzard|p2b: Chardonnay|[spread] p2a,p2b\n|-supereffective|p2a: Pterry|1\n|-enditem|p2a: Pterry|Focus Sash\n|-damage|p2a: Pterry|1/100\n|-damage|p2b: Chardonnay|60/100\n|move|p2a: Pterry|Tailwind|p2a: Pterry\n|-sidestart|p2: kidmilk1|move: Tailwind\n|move|p2b: Chardonnay|Earthquake|p1b: Archaludon|[spread] p1a,p1b\n|-immune|p2a: Pterry\n|-supereffective|p1b: Archaludon|1\n|-damage|p1a: Froslass|49/100\n|-damage|p1b: Archaludon|51/100\n|-ability|p1b: Archaludon|Stamina|boost\n|-boost|p1b: Archaludon|def|1\n|-damage|p2b: Chardonnay|51/100|[from] item: Life Orb\n|move|p1b: Archaludon|Flash Cannon|p2b: Chardonnay\n|-supereffective|p2b: Chardonnay|1\n|-damage|p2b: Chardonnay|0 fnt\n|faint|p2b: Chardonnay\n|\n|-weather|Snowscape|[upkeep]\n|-heal|p1b: Archaludon|57/100|[from] item: Leftovers\n|upkeep\n|c|☆mr.danil|I’ve just put altaria on a random team i had ngl\n|\n|t:|1788313205\n|switch|p2b: Crino|Gardevoir, L50, M, shiny|100/100\n|turn|2\n|\n|t:|1788313217\n|switch|p1a: Altaria|Altaria, L50, F|100/100\n|detailschange|p2b: Crino|Gardevoir-Mega, L50, M, shiny\n|-mega|p2b: Crino|Gardevoir|Gardevoirite\n|move|p2a: Pterry|Rock Slide|p1b: Archaludon|[spread] p1a,p1b\n|-supereffective|p1a: Altaria|1\n|-resisted|p1b: Archaludon|1\n|-damage|p1a: Altaria|53/100\n|-damage|p1b: Archaludon|51/100\n|-ability|p1b: Archaludon|Stamina|boost\n|-boost|p1b: Archaludon|def|1\n|move|p2b: Crino|Hyper Voice|p1b: Archaludon|[spread] p1a,p1b\n|-supereffective|p1a: Altaria|1\n|-damage|p1a: Altaria|0 fnt\n|-damage|p1b: Archaludon|0 fnt\n|faint|p1a: Altaria\n|faint|p1b: Archaludon\n|\n|-weather|Snowscape|[upkeep]\n|upkeep\n|\n|t:|1788313230\n|switch|p1b: Sableye|Sableye, L50, F|100/100\n|switch|p1a: Froslass|Froslass-Mega, L50, F|49/100\n|turn|3\n|\n|t:|1788313241\n|switch|p2a: Mike Jones|Annihilape, L50, F, shiny|100/100\n|move|p1b: Sableye|Fake Out|p2b: Crino\n|-damage|p2b: Crino|88/100\n|cant|p2b: Crino|flinch\n|move|p1a: Froslass|Blizzard|p2b: Crino|[spread] p2a,p2b\n|-damage|p2a: Mike Jones|71/100\n|-damage|p2b: Crino|50/100g\n|\n|-weather|Snowscape|[upkeep]\n|-heal|p2a: Mike Jones|77/100|[from] item: Leftovers\n|upkeep\n|turn|4\n|\n|t:|1788313279\n|move|p1b: Sableye|Protect|p1b: Sableye\n|-singleturn|p1b: Sableye|Protect\n|move|p1a: Froslass|Protect|p1a: Froslass\n|-singleturn|p1a: Froslass|Protect\n|move|p2a: Mike Jones|Rage Fist|p1b: Sableye\n|-activate|p1b: Sableye|move: Protect\n|move|p2b: Crino|Trick Room|p2b: Crino\n|-fieldstart|move: Trick Room|[of] p2b: Crino\n|\n|-weather|Snowscape|[upkeep]\n|-heal|p2a: Mike Jones|83/100|[from] item: Leftovers\n|-sideend|p2: kidmilk1|move: Tailwind\n|upkeep\n|turn|5\n|\n|t:|1788313297\n|move|p1b: Sableye|Helping Hand|p1a: Froslass\n|-singleturn|p1a: Froslass|Helping Hand|[of] p1b: Sableye\n|move|p2b: Crino|Hyper Voice|p1b: Sableye|[spread] p1a,p1b\n|-supereffective|p1b: Sableye|1\n|-damage|p1a: Froslass|0 fnt\n|-enditem|p1b: Sableye|Focus Sash\n|-damage|p1b: Sableye|1/100\n|faint|p1a: Froslass\n|move|p2a: Mike Jones|Rage Fist|p1b: Sableye\n|-damage|p1b: Sableye|0 fnt\n|faint|p1b: Sableye\n|\n|win|kidmilk1\n||mr.danil is ready for game 2.\n|inactive|kidmilk1 has 30 seconds to confirm battle start!\n||kidmilk1 is ready for game 2.\n|uhtml|next|Next: <a href=\"/battle-gen9championsvgc2026regmb-2674193353\"><strong>Game 2 of 3</strong></a>\n|l|☆mr.danil\n|player|p1|\n","uploadtime":1788313575,"views":"8","formatid":"gen9championsvgc2026regmb","rating":null,"private":0,"password":null}