{"id":"gen9championsvgc2026regmbbo3-2673713537","format":"[Gen 9 Champions] VGC 2026 Reg M-B (Bo3)","players":["angusgrind13","yeahitsbenagain"],"log":"|j|☆angusgrind13\n|j|☆yeahitsbenagain\n|html|<table width=\"100%\"><tr><td align=\"left\">angusgrind13</td><td align=\"right\">yeahitsbenagain</tr><tr><td align=\"left\"><i class=\"fa fa-circle-o\"></i> <i class=\"fa fa-circle-o\"></i> </td><td align=\"right\"><i class=\"fa fa-circle-o\"></i> <i class=\"fa fa-circle-o\"></i> </tr></table>\n|uhtml|bestof|<h2><strong>Game 1</strong> of <a href=\"/game-bestof3-gen9championsvgc2026regmbbo3-2673713536\">a best-of-3</a></h2>\n|t:|1788238665\n|gametype|doubles\n|player|p1|angusgrind13|pokemonranger-gen4|1041\n|player|p2|yeahitsbenagain|juggler|1000\n|gen|9\n|tier|[Gen 9 Champions] VGC 2026 Reg M-B (Bo3)\n|rated|\n|rule|Species Clause: Limit one of each Pokémon\n|rule|Item Clause: Limit 1 of each item\n|clearpoke\n|poke|p1|Eelektross, L50, M|\n|poke|p1|Pelipper, L50, F|\n|poke|p1|Sableye, L50, F|\n|poke|p1|Archaludon, L50, F|\n|poke|p1|Meganium, L50, M|\n|poke|p1|Incineroar, L50, F|\n|poke|p2|Pelipper, L50, M|\n|poke|p2|Basculegion, L50, M|\n|poke|p2|Swampert, L50, M|\n|poke|p2|Beartic, L50, M|\n|poke|p2|Abomasnow, L50, F|\n|poke|p2|Maushold-Four, L50|\n|teampreview|4\n|showteam|p1|Eelektross||Eelektrossite|Levitate|Discharge,Flamethrower,FlashCannon,Protect|Modest||M|||50|]Pelipper||FocusSash|Drizzle|Hurricane,WideGuard,Tailwind,Protect|Modest||F|||50|]Sableye||RoseliBerry|Prankster|LightScreen,Reflect,RainDance,WillOWisp|Calm||F|||50|]Archaludon||ChopleBerry|Stamina|ElectroShot,FlashCannon,DracoMeteor,Protect|Calm||F|||50|]Meganium||Meganiumite|Overgrow|DazzlingGleam,EarthPower,SolarBeam,Protect|Modest||M|||50|]Incineroar||SitrusBerry|Intimidate|DarkestLariat,FakeOut,PartingShot,FlareBlitz|Adamant||F|||50|\n|showteam|p2|Pelipper||DampRock|Drizzle|Protect,Uturn,HydroPump,Hurricane|Quiet||M|||50|]Basculegion||LifeOrb|SwiftSwim|LastRespects,WaveCrash,HeadSmash,Protect|Lonely||M|||50|]Swampert||Swampertite|Torrent|Liquidation,BulkUp,HighHorsepower,IcePunch|Adamant||M|||50|]Beartic||FocusSash|SlushRush|SwordsDance,Protect,Liquidation,IcicleCrash|Jolly||M|||50|]Abomasnow||BrightPowder|SnowWarning|AuroraVeil,IcyWind,Blizzard,IceShard|Serious||F|||50|]Maushold-Four||Leftovers|FriendGuard|FollowMe,Protect,PopulationBomb,Taunt|Careful|||||50|\n|inactive|Battle timer is ON: inactive players will automatically lose when time's up. (requested by yeahitsbenagain)\n|\n|t:|1788238694\n|teamsize|p1|4\n|teamsize|p2|4\n|start\n|switch|p1a: Meganium|Meganium, L50, M|100/100\n|switch|p1b: Incineroar|Incineroar, L50, F|100/100\n|switch|p2a: Abomasnow|Abomasnow, L50, F|100/100\n|switch|p2b: Maushold|Maushold-Four, L50|100/100\n|-weather|Snowscape|[from] ability: Snow Warning|[of] p2a: Abomasnow\n|-ability|p1b: Incineroar|Intimidate|boost\n|-unboost|p2a: Abomasnow|atk|1\n|-unboost|p2b: Maushold|atk|1\n|turn|1\n|inactive|yeahitsbenagain has 30 seconds left.\n|\n|t:|1788238727\n|detailschange|p1a: Meganium|Meganium-Mega, L50, M\n|-mega|p1a: Meganium|Meganium|Meganiumite\n|move|p1b: Incineroar|Fake Out|p2b: Maushold\n|-damage|p2b: Maushold|84/100\n|cant|p2b: Maushold|flinch\n|move|p1a: Meganium|Dazzling Gleam|p2a: Abomasnow|[spread] p2a,p2b\n|-damage|p2a: Abomasnow|71/100\n|-damage|p2b: Maushold|44/100\n|move|p2a: Abomasnow|Icy Wind|p1b: Incineroar|[spread] p1a,p1b\n|-supereffective|p1a: Meganium|1\n|-resisted|p1b: Incineroar|1\n|-crit|p1b: Incineroar\n|-damage|p1a: Meganium|65/100\n|-damage|p1b: Incineroar|88/100\n|-unboost|p1a: Meganium|spe|1\n|-unboost|p1b: Incineroar|spe|1\n|\n|-weather|Snowscape|[upkeep]\n|-heal|p2b: Maushold|50/100g|[from] item: Leftovers\n|upkeep\n|turn|2\n|\n|t:|1788238751\n|switch|p1a: Pelipper|Pelipper, L50, F|100/100\n|-weather|RainDance|[from] ability: Drizzle|[of] p1a: Pelipper\n|move|p2b: Maushold|Population Bomb|p1a: Pelipper\n|-damage|p1a: Pelipper|94/100\n|-damage|p1a: Pelipper|89/100\n|-damage|p1a: Pelipper|84/100\n|-damage|p1a: Pelipper|79/100\n|-crit|p1a: Pelipper\n|-damage|p1a: Pelipper|67/100\n|-damage|p1a: Pelipper|62/100\n|-damage|p1a: Pelipper|57/100\n|-damage|p1a: Pelipper|51/100\n|-damage|p1a: Pelipper|46/100\n|-damage|p1a: Pelipper|41/100\n|-hitcount|p1a: Pelipper|10\n|move|p2a: Abomasnow|Aurora Veil||[still]\n|-fail|p2a: Abomasnow\n|move|p1b: Incineroar|Flare Blitz|p2a: Abomasnow\n|-supereffective|p2a: Abomasnow|2\n|-damage|p2a: Abomasnow|0 fnt\n|faint|p2a: Abomasnow\n|-damage|p1b: Incineroar|65/100|[from] Recoil\n|\n|-weather|RainDance|[upkeep]\n|-heal|p2b: Maushold|56/100|[from] item: Leftovers\n|upkeep\n|inactive|yeahitsbenagain has 30 seconds left.\n|\n|t:|1788238779\n|switch|p2a: Swampert|Swampert, L50, M|100/100\n|turn|3\n|\n|t:|1788238796\n|switch|p1b: Meganium|Meganium-Mega, L50, M|65/100\n|detailschange|p2a: Swampert|Swampert-Mega, L50, M\n|-mega|p2a: Swampert|Swampert|Swampertite\n|move|p2b: Maushold|Follow Me|p2b: Maushold\n|-singleturn|p2b: Maushold|move: Follow Me\n|move|p2a: Swampert|Bulk Up|p2a: Swampert\n|-boost|p2a: Swampert|atk|1\n|-boost|p2a: Swampert|def|1\n|move|p1a: Pelipper|Tailwind|p1a: Pelipper\n|-sidestart|p1: angusgrind13|move: Tailwind\n|\n|-weather|RainDance|[upkeep]\n|-heal|p2b: Maushold|62/100|[from] item: Leftovers\n|upkeep\n|turn|4\n|inactive|angusgrind13 has 30 seconds left.\n|inactive|yeahitsbenagain has 30 seconds left.\n|inactive|yeahitsbenagain has 20 seconds left.\n|inactive|yeahitsbenagain has 15 seconds left.\n|\n|t:|1788238840\n|move|p1b: Meganium|Protect|p1b: Meganium\n|-singleturn|p1b: Meganium|Protect\n|move|p2b: Maushold|Follow Me|p2b: Maushold\n|-singleturn|p2b: Maushold|move: Follow Me\n|move|p2a: Swampert|Ice Punch|p1b: Meganium\n|-activate|p1b: Meganium|move: Protect\n|move|p1a: Pelipper|Hurricane|p2b: Maushold\n|-damage|p2b: Maushold|3/100\n|\n|-weather|RainDance|[upkeep]\n|-heal|p2b: Maushold|9/100|[from] item: Leftovers\n|upkeep\n|turn|5\n|\n|t:|1788238864\n|switch|p1b: Incineroar|Incineroar, L50, F|65/100\n|-ability|p1b: Incineroar|Intimidate|boost\n|-unboost|p2a: Swampert|atk|1\n|-unboost|p2b: Maushold|atk|1\n|move|p2b: Maushold|Follow Me|p2b: Maushold\n|-singleturn|p2b: Maushold|move: Follow Me\n|move|p2a: Swampert|Ice Punch|p1b: Incineroar\n|-resisted|p1b: Incineroar|1\n|-damage|p1b: Incineroar|50/100y\n|-enditem|p1b: Incineroar|Sitrus Berry|[eat]\n|-heal|p1b: Incineroar|74/100|[from] item: Sitrus Berry\n|move|p1a: Pelipper|Hurricane|p2b: Maushold\n|-damage|p2b: Maushold|0 fnt\n|faint|p2b: Maushold\n|\n|-weather|RainDance|[upkeep]\n|upkeep\n|inactive|yeahitsbenagain has 30 seconds left.\n|\n|t:|1788238889\n|switch|p2b: Pelipper|Pelipper, L50, M|100/100\n|turn|6\n|\n|t:|1788238907\n|move|p1b: Incineroar|Fake Out|p2b: Pelipper\n|-damage|p2b: Pelipper|85/100\n|move|p2a: Swampert|Ice Punch|p1b: Incineroar\n|-resisted|p1b: Incineroar|1\n|-damage|p1b: Incineroar|59/100\n|move|p1a: Pelipper|Hurricane|p2b: Pelipper\n|-damage|p2b: Pelipper|13/100\n|cant|p2b: Pelipper|flinch\n|\n|-weather|none\n|-sideend|p1: angusgrind13|move: Tailwind\n|upkeep\n|turn|7\n|inactive|yeahitsbenagain has 30 seconds left.\n|\n|t:|1788238941\n|move|p2a: Swampert|Ice Punch|p1b: Incineroar\n|-resisted|p1b: Incineroar|1\n|-damage|p1b: Incineroar|43/100\n|move|p1a: Pelipper|Tailwind|p1a: Pelipper\n|-sidestart|p1: angusgrind13|move: Tailwind\n|move|p1b: Incineroar|Parting Shot|p2a: Swampert\n|-unboost|p2a: Swampert|atk|1\n|-unboost|p2a: Swampert|spa|1\n|\n|t:|1788238951\n|switch|p1b: Archaludon|Archaludon, L50, F|100/100|[from] Parting Shot\n|move|p2b: Pelipper|Hurricane|p1a: Pelipper|[miss]\n|-miss|p2b: Pelipper|p1a: Pelipper\n|\n|upkeep\n|turn|8\n|inactive|yeahitsbenagain has 30 seconds left.\n|\n|t:|1788238986\n|switch|p1a: Incineroar|Incineroar, L50, F|43/100\n|-ability|p1a: Incineroar|Intimidate|boost\n|-unboost|p2a: Swampert|atk|1\n|-unboost|p2b: Pelipper|atk|1\n|move|p1b: Archaludon|Draco Meteor|p2a: Swampert\n|-damage|p2a: Swampert|44/100\n|-unboost|p1b: Archaludon|spa|2\n|move|p2a: Swampert|High Horsepower|p1b: Archaludon|[miss]\n|-miss|p2a: Swampert|p1b: Archaludon\n|move|p2b: Pelipper|Hurricane|p1a: Incineroar\n|-damage|p1a: Incineroar|0 fnt\n|faint|p1a: Incineroar\n|\n|upkeep\n|\n|t:|1788238999\n|switch|p1a: Meganium|Meganium-Mega, L50, M|65/100\n|turn|9\n|\n|t:|1788239018\n|move|p1a: Meganium|Solar Beam||[still]\n|-prepare|p1a: Meganium|Solar Beam\n|-activate|p1a: Meganium|ability: Mega Sol\n|-anim|p1a: Meganium|Solar Beam|p2a: Swampert\n|-supereffective|p2a: Swampert|2\n|-damage|p2a: Swampert|0 fnt\n|faint|p2a: Swampert\n|move|p1b: Archaludon|Draco Meteor|p2b: Pelipper\n|-damage|p2b: Pelipper|0 fnt\n|-unboost|p1b: Archaludon|spa|2\n|faint|p2b: Pelipper\n|\n|win|angusgrind13\n||angusgrind13 is ready for game 2.\n|l|☆angusgrind13\n|player|p1|\n||yeahitsbenagain is ready for game 2.\n|uhtml|next|Next: <a href=\"/battle-gen9championsvgc2026regmbbo3-2673715097\"><strong>Game 2 of 3</strong></a>\n|l|☆yeahitsbenagain\n|player|p2|\n|j|☆yeahitsbenagain\n|player|p2|yeahitsbenagain|juggler|\n","uploadtime":1788239604,"views":"16","formatid":"gen9championsvgc2026regmbbo3","rating":null,"private":0,"password":null}