{"id":"gen9championsvgc2026regmbbo3-2674423301","format":"[Gen 9 Champions] VGC 2026 Reg M-B (Bo3)","players":["Sardinian Angel","kalaluwi"],"log":"|j|☆Sardinian Angel\n|j|☆kalaluwi\n|html|<table width=\"100%\"><tr><td align=\"left\">Sardinian Angel</td><td align=\"right\">kalaluwi</tr><tr><td align=\"left\"><i class=\"fa fa-circle\"></i> <i class=\"fa fa-circle-o\"></i> </td><td align=\"right\"><i class=\"fa fa-circle-o\"></i> <i class=\"fa fa-circle-o\"></i> </tr></table>\n|uhtml|bestof|<h2><strong>Game 2</strong> of <a href=\"/game-bestof3-gen9championsvgc2026regmbbo3-2674421610\">a best-of-3</a></h2>\n|t:|1788358022\n|gametype|doubles\n|player|p1|Sardinian Angel|170|1316\n|player|p2|kalaluwi|265|1327\n|gen|9\n|tier|[Gen 9 Champions] VGC 2026 Reg M-B (Bo3)\n|rated|\n|rule|Species Clause: Limit one of each Pokémon\n|rule|Item Clause: Limit 1 of each item\n|clearpoke\n|poke|p1|Sableye, L50, F|\n|poke|p1|Incineroar, L50, M|\n|poke|p1|Pelipper, L50, M|\n|poke|p1|Swampert, L50, M|\n|poke|p1|Archaludon, L50, M|\n|poke|p1|Sinistcha-Masterpiece, L50|\n|poke|p2|Farigiraf, L50, F|\n|poke|p2|Kangaskhan, L50, F|\n|poke|p2|Abomasnow, L50, F|\n|poke|p2|Camerupt, L50, F|\n|poke|p2|Kingambit, L50, F|\n|poke|p2|Basculegion, L50, M|\n|teampreview|4\n|showteam|p1|Sableye||RoseliBerry|Prankster|RainDance,Swagger,FoulPlay,ThunderWave|Calm||F|||50|]Incineroar||SitrusBerry|Intimidate|FakeOut,PartingShot,Snarl,FlareBlitz|Impish||M|||50|]Pelipper||FocusSash|Drizzle|Tailwind,Protect,Hurricane,WeatherBall|Modest||M|||50|]Swampert||Swampertite|Damp|Earthquake,WaveCrash,IcePunch,Protect|Adamant||M|||50|]Archaludon||Leftovers|Stamina|ElectroShot,FlashCannon,DragonPulse,Protect|Calm||M|||50|]Sinistcha-Masterpiece||ColburBerry|Hospitality|RagePowder,MatchaGotcha,TrickRoom,LifeDew|Relaxed|||||50|\n|showteam|p2|Farigiraf||ColburBerry|ArmorTail|TrickRoom,TwinBeam,HelpingHand,Thunderbolt|Modest||F|||50|]Kangaskhan||LifeOrb|Scrappy|FakeOut,DoubleEdge,HammerArm,SuckerPunch|Adamant||F|||50|]Abomasnow||Abomasite|SnowWarning|EarthPower,Blizzard,GigaDrain,Substitute|Modest||F|||50|]Camerupt||Cameruptite|MagmaArmor|HeatWave,AncientPower,EarthPower,Protect|Quiet||F|||50|]Kingambit||FocusSash|Defiant|KowtowCleave,SuckerPunch,IronHead,LowKick|Adamant||F|||50|]Basculegion||ChoiceScarf|Adaptability|WaveCrash,LastRespects,AquaJet,FlipTurn|Adamant||M|||50|\n|inactive|Battle timer is ON: inactive players will automatically lose when time's up. (requested by Sardinian Angel)\n|\n|t:|1788358050\n|teamsize|p1|4\n|teamsize|p2|4\n|start\n|switch|p1a: Sableye|Sableye, L50, F|100/100\n|switch|p1b: Archaludon|Archaludon, L50, M|100/100\n|switch|p2a: Farigiraf|Farigiraf, L50, F|100/100\n|switch|p2b: Kangaskhan|Kangaskhan, L50, F|100/100\n|turn|1\n|\n|t:|1788358072\n|move|p2a: Farigiraf|Helping Hand|p2b: Kangaskhan\n|-singleturn|p2b: Kangaskhan|Helping Hand|[of] p2a: Farigiraf\n|move|p2b: Kangaskhan|Double-Edge|p1a: Sableye\n|-damage|p1a: Sableye|0 fnt\n|faint|p1a: Sableye\n|-damage|p2b: Kangaskhan|74/100|[from] Recoil\n|-damage|p2b: Kangaskhan|64/100|[from] item: Life Orb\n|move|p1b: Archaludon|Dragon Pulse|p2b: Kangaskhan\n|-damage|p2b: Kangaskhan|20/100r\n|\n|upkeep\n|\n|t:|1788358081\n|switch|p1a: Sinistcha|Sinistcha-Masterpiece, L50|100/100\n|turn|2\n|\n|t:|1788358088\n|move|p2a: Farigiraf|Helping Hand|p2b: Kangaskhan\n|-singleturn|p2b: Kangaskhan|Helping Hand|[of] p2a: Farigiraf\n|move|p2b: Kangaskhan|Double-Edge|p1a: Sinistcha\n|-damage|p1a: Sinistcha|25/100\n|-damage|p2b: Kangaskhan|0 fnt|[from] Recoil\n|faint|p2b: Kangaskhan\n|move|p1b: Archaludon|Electro Shot||[still]\n|-prepare|p1b: Archaludon|Electro Shot\n|-boost|p1b: Archaludon|spa|1\n|move|p1a: Sinistcha|Matcha Gotcha|p2a: Farigiraf\n|-damage|p2a: Farigiraf|70/100\n|-heal|p1a: Sinistcha|44/100|[from] drain|[of] p2a: Farigiraf\n|-status|p2a: Farigiraf|brn\n|\n|-damage|p2a: Farigiraf|64/100 brn|[from] brn\n|upkeep\n|\n|t:|1788358098\n|switch|p2b: Kingambit|Kingambit, L50, F|100/100\n|turn|3\n|\n|t:|1788358108\n|switch|p1a: Swampert|Swampert, L50, M|100/100\n|move|p1b: Archaludon|Electro Shot|p2b: Kingambit|[from] lockedmove\n|-damage|p2b: Kingambit|42/100\n|move|p2b: Kingambit|Kowtow Cleave|p1a: Swampert\n|-damage|p1a: Swampert|49/100\n|move|p2a: Farigiraf|Trick Room|p2a: Farigiraf\n|-fieldstart|move: Trick Room|[of] p2a: Farigiraf\n|\n|-damage|p2a: Farigiraf|58/100 brn|[from] brn\n|upkeep\n|turn|4\n|inactive|Sardinian Angel has 30 seconds left.\n|inactive|kalaluwi has 30 seconds left.\n|inactive|Sardinian Angel has 20 seconds left.\n|\n|t:|1788358143\n|detailschange|p1a: Swampert|Swampert-Mega, L50, M\n|-mega|p1a: Swampert|Swampert|Swampertite\n|move|p2a: Farigiraf|Helping Hand|p2b: Kingambit\n|-singleturn|p2b: Kingambit|Helping Hand|[of] p2a: Farigiraf\n|move|p1a: Swampert|Protect|p1a: Swampert\n|-singleturn|p1a: Swampert|Protect\n|move|p2b: Kingambit|Low Kick|p1b: Archaludon\n|-supereffective|p1b: Archaludon|1\n|-damage|p1b: Archaludon|27/100\n|-ability|p1b: Archaludon|Stamina|boost\n|-boost|p1b: Archaludon|def|1\n|move|p1b: Archaludon|Electro Shot||[still]\n|-prepare|p1b: Archaludon|Electro Shot\n|-boost|p1b: Archaludon|spa|1\n|\n|-heal|p1b: Archaludon|33/100|[from] item: Leftovers\n|-damage|p2a: Farigiraf|51/100 brn|[from] brn\n|upkeep\n|turn|5\n|inactive|kalaluwi has 30 seconds left.\n|\n|t:|1788358170\n|switch|p1a: Sinistcha|Sinistcha-Masterpiece, L50|44/100\n|-heal|p1b: Archaludon|58/100|[from] ability: Hospitality|[of] p1a: Sinistcha\n|move|p2a: Farigiraf|Helping Hand|p2b: Kingambit\n|-singleturn|p2b: Kingambit|Helping Hand|[of] p2a: Farigiraf\n|move|p2b: Kingambit|Kowtow Cleave|p1a: Sinistcha\n|-supereffective|p1a: Sinistcha|1\n|-enditem|p1a: Sinistcha|Colbur Berry|[eat]\n|-enditem|p1a: Sinistcha|Colbur Berry|[weaken]\n|-damage|p1a: Sinistcha|0 fnt\n|faint|p1a: Sinistcha\n|move|p1b: Archaludon|Electro Shot|p2b: Kingambit|[from] lockedmove\n|-damage|p2b: Kingambit|0 fnt\n|faint|p2b: Kingambit\n|\n|-heal|p1b: Archaludon|64/100|[from] item: Leftovers\n|-damage|p2a: Farigiraf|45/100 brn|[from] brn\n|upkeep\n|\n|t:|1788358181\n|switch|p2b: Abomasnow|Abomasnow, L50, F|100/100\n|switch|p1a: Swampert|Swampert-Mega, L50, M|49/100\n|-weather|Snowscape|[from] ability: Snow Warning|[of] p2b: Abomasnow\n|turn|6\n|\n|t:|1788358198\n|detailschange|p2b: Abomasnow|Abomasnow-Mega, L50, F\n|-mega|p2b: Abomasnow|Abomasnow|Abomasite\n|move|p2a: Farigiraf|Helping Hand|p2b: Abomasnow\n|-singleturn|p2b: Abomasnow|Helping Hand|[of] p2a: Farigiraf\n|move|p1b: Archaludon|Protect|p1b: Archaludon\n|-singleturn|p1b: Archaludon|Protect\n|move|p2b: Abomasnow|Blizzard|p1b: Archaludon|[spread] p1a\n|-activate|p1b: Archaludon|move: Protect\n|-damage|p1a: Swampert|0 fnt\n|faint|p1a: Swampert\n|\n|-weather|Snowscape|[upkeep]\n|-heal|p1b: Archaludon|70/100|[from] item: Leftovers\n|-damage|p2a: Farigiraf|39/100 brn|[from] brn\n|upkeep\n|turn|7\n|\n|t:|1788358212\n|move|p2a: Farigiraf|Helping Hand|p2b: Abomasnow\n|-singleturn|p2b: Abomasnow|Helping Hand|[of] p2a: Farigiraf\n|move|p2b: Abomasnow|Earth Power|p1b: Archaludon\n|-supereffective|p1b: Archaludon|1\n|-damage|p1b: Archaludon|0 fnt\n|faint|p1b: Archaludon\n|\n|win|kalaluwi\n","uploadtime":1788358212,"views":"0","formatid":"gen9championsvgc2026regmbbo3","rating":null,"private":0,"password":null}