{"id":"gen9championsvgc2026regmbbo3-2673581646","format":"[Gen 9 Champions] VGC 2026 Reg M-B (Bo3)","players":["jables412","grabbingpawns"],"log":"|j|☆jables412\n|j|☆grabbingpawns\n|html|<table width=\"100%\"><tr><td align=\"left\">jables412</td><td align=\"right\">grabbingpawns</tr><tr><td align=\"left\"><i class=\"fa fa-circle-o\"></i> <i class=\"fa fa-circle-o\"></i> </td><td align=\"right\"><i class=\"fa fa-circle-o\"></i> <i class=\"fa fa-circle-o\"></i> </tr></table>\n|uhtml|bestof|<h2><strong>Game 1</strong> of <a href=\"/game-bestof3-gen9championsvgc2026regmbbo3-2673581645\">a best-of-3</a></h2>\n|t:|1788216426\n|gametype|doubles\n|player|p1|jables412|swimmer-gen4dp|1302\n|player|p2|grabbingpawns|2|1275\n|gen|9\n|tier|[Gen 9 Champions] VGC 2026 Reg M-B (Bo3)\n|rated|\n|rule|Species Clause: Limit one of each Pokémon\n|rule|Item Clause: Limit 1 of each item\n|clearpoke\n|poke|p1|Whimsicott, L50, M|\n|poke|p1|Floette-Eternal, L50, F|\n|poke|p1|Glimmora, L50, M|\n|poke|p1|Basculegion, L50, M|\n|poke|p1|Kingambit, L50, F|\n|poke|p1|Charizard, L50, F|\n|poke|p2|Venusaur, L50, M|\n|poke|p2|Charizard, L50, M|\n|poke|p2|Garchomp, L50, M|\n|poke|p2|Sylveon, L50, M|\n|poke|p2|Incineroar, L50, M|\n|poke|p2|Toxapex, L50, M|\n|teampreview|4\n|showteam|p1|Whimsicott||FocusSash|Prankster|Protect,Moonblast,Encore,Tailwind|Timid||M|||50|]Floette-Eternal||Floettite|FlowerVeil|Protect,DazzlingGleam,LightofRuin,Moonblast|Modest||F|||50|]Glimmora||ShucaBerry|ToxicDebris|SpikyShield,PowerGem,SludgeBomb,EarthPower|Timid||M|||50|]Basculegion||LifeOrb|Adaptability|Protect,WaveCrash,LastRespects,AquaJet|Adamant||M|||50|]Kingambit||OccaBerry|Defiant|LowKick,KowtowCleave,SuckerPunch,IronHead|Adamant||F|||50|]Charizard||CharizarditeY|Blaze|Protect,HeatWave,WeatherBall,AncientPower|Modest||F|||50|\n|showteam|p2|Venusaur||LifeOrb|Chlorophyll|LeafStorm,SludgeBomb,EarthPower,Protect|Modest||M|||50|]Charizard||CharizarditeY|Blaze|HeatWave,WeatherBall,AncientPower,Protect|Timid||M|||50|]Garchomp||ChoiceScarf|RoughSkin|DragonClaw,Earthquake,RockSlide,StompingTantrum|Adamant||M|||50|]Sylveon||FairyFeather|Pixilate|HyperVoice,QuickAttack,Yawn,Detect|Modest||M|||50|]Incineroar||SitrusBerry|Intimidate|FakeOut,ThroatChop,FlareBlitz,PartingShot|Impish||M|||50|]Toxapex||Leftovers|Regenerator|Infestation,Toxic,WideGuard,BanefulBunker|Bold||M|||50|\n|\n|t:|1788216481\n|teamsize|p1|4\n|teamsize|p2|4\n|start\n|switch|p1a: Whimsicott|Whimsicott, L50, M|100/100\n|switch|p1b: Glimmora|Glimmora, L50, M|100/100\n|switch|p2a: Garchomp|Garchomp, L50, M|100/100\n|switch|p2b: Charizard|Charizard, L50, M|100/100\n|turn|1\n|\n|t:|1788216516\n|detailschange|p2b: Charizard|Charizard-Mega-Y, L50, M\n|-mega|p2b: Charizard|Charizard|Charizardite Y\n|-weather|SunnyDay|[from] ability: Drought|[of] p2b: Charizard\n|move|p1a: Whimsicott|Protect|p1a: Whimsicott\n|-singleturn|p1a: Whimsicott|Protect\n|move|p2b: Charizard|Protect|p2b: Charizard\n|-singleturn|p2b: Charizard|Protect\n|move|p1b: Glimmora|Spiky Shield|p1b: Glimmora\n|-singleturn|p1b: Glimmora|move: Protect\n|move|p2a: Garchomp|Earthquake|p1b: Glimmora|[spread] \n|-activate|p2b: Charizard|move: Protect\n|-activate|p1a: Whimsicott|move: Protect\n|-activate|p1b: Glimmora|move: Protect\n|\n|-weather|SunnyDay|[upkeep]\n|upkeep\n|turn|2\n|\n|t:|1788216548\n|switch|p2b: Venusaur|Venusaur, L50, M|100/100\n|move|p1a: Whimsicott|Tailwind|p1a: Whimsicott\n|-sidestart|p1: jables412|move: Tailwind\n|move|p1b: Glimmora|Power Gem|p2b: Venusaur\n|-damage|p2b: Venusaur|61/100\n|move|p2a: Garchomp|Earthquake|p1a: Whimsicott|[spread] p2b,p1a,p1b\n|-resisted|p1a: Whimsicott|1\n|-supereffective|p1b: Glimmora|2\n|-enditem|p1b: Glimmora|Shuca Berry|[eat]\n|-enditem|p1b: Glimmora|Shuca Berry|[weaken]\n|-damage|p2b: Venusaur|12/100\n|-damage|p1a: Whimsicott|66/100\n|-damage|p1b: Glimmora|0 fnt\n|-activate|p1b: Glimmora|ability: Toxic Debris\n|-sidestart|p2: grabbingpawns|move: Toxic Spikes\n|faint|p1b: Glimmora\n|\n|-weather|SunnyDay|[upkeep]\n|upkeep\n|\n|t:|1788216562\n|switch|p1b: Floette|Floette-Eternal, L50, F|100/100\n|turn|3\n|\n|t:|1788216587\n|switch|p2a: Toxapex|Toxapex, L50, M|100/100\n|-sideend|p2: grabbingpawns|move: Toxic Spikes|[of] p2a: Toxapex\n|detailschange|p1b: Floette|Floette-Mega, L50, F\n|-mega|p1b: Floette|Floette|Floettite\n|-ability|p1b: Floette|Fairy Aura\n|move|p2b: Venusaur|Protect|p2b: Venusaur\n|-singleturn|p2b: Venusaur|Protect\n|move|p1a: Whimsicott|Moonblast|p2a: Toxapex\n|-resisted|p2a: Toxapex|1\n|-damage|p2a: Toxapex|86/100\n|-unboost|p2a: Toxapex|spa|1\n|move|p1b: Floette|Dazzling Gleam|p2a: Toxapex|[spread] p2a\n|-activate|p2b: Venusaur|move: Protect\n|-resisted|p2a: Toxapex|1\n|-damage|p2a: Toxapex|71/100\n|\n|-weather|SunnyDay|[upkeep]\n|-heal|p2a: Toxapex|77/100|[from] item: Leftovers\n|upkeep\n|turn|4\n|\n|t:|1788216609\n|switch|p1b: Basculegion|Basculegion, L50, M|100/100\n|move|p1a: Whimsicott|Moonblast|p2b: Venusaur\n|-resisted|p2b: Venusaur|1\n|-damage|p2b: Venusaur|0 fnt\n|faint|p2b: Venusaur\n|move|p2a: Toxapex|Infestation|p1a: Whimsicott\n|-damage|p1a: Whimsicott|62/100\n|-activate|p1a: Whimsicott|move: Infestation|[of] p2a: Toxapex\n|\n|-weather|SunnyDay|[upkeep]\n|-heal|p2a: Toxapex|82/100|[from] item: Leftovers\n|-damage|p1a: Whimsicott|51/100|[from] move: Infestation|[partiallytrapped]\n|upkeep\n|\n|t:|1788216623\n|switch|p2b: Charizard|Charizard-Mega-Y, L50, M|100/100\n|turn|5\n|\n|t:|1788216639\n|move|p1a: Whimsicott|Protect|p1a: Whimsicott\n|-singleturn|p1a: Whimsicott|Protect\n|move|p2b: Charizard|Protect|p2b: Charizard\n|-singleturn|p2b: Charizard|Protect\n|move|p1b: Basculegion|Last Respects|p2b: Charizard\n|-activate|p2b: Charizard|move: Protect\n|move|p2a: Toxapex|Toxic|p1b: Basculegion\n|-status|p1b: Basculegion|tox\n|\n|-weather|none\n|-heal|p2a: Toxapex|88/100|[from] item: Leftovers\n|-damage|p1b: Basculegion|93/100 tox|[from] psn\n|-damage|p1a: Whimsicott|39/100|[from] move: Infestation|[partiallytrapped]\n|-sideend|p1: jables412|move: Tailwind\n|upkeep\n|turn|6\n|\n|t:|1788216659\n|switch|p2b: Garchomp|Garchomp, L50, M|100/100\n|move|p1a: Whimsicott|Moonblast|p2b: Garchomp\n|-supereffective|p2b: Garchomp|1\n|-damage|p2b: Garchomp|48/100\n|move|p1b: Basculegion|Last Respects|p2b: Garchomp\n|-damage|p2b: Garchomp|0 fnt\n|faint|p2b: Garchomp\n|-damage|p1b: Basculegion|84/100 tox|[from] item: Life Orb\n|move|p2a: Toxapex|Infestation|p1b: Basculegion\n|-resisted|p1b: Basculegion|1\n|-damage|p1b: Basculegion|83/100 tox\n|-activate|p1b: Basculegion|move: Infestation|[of] p2a: Toxapex\n|\n|-heal|p2a: Toxapex|94/100|[from] item: Leftovers\n|-damage|p1b: Basculegion|70/100 tox|[from] psn\n|-damage|p1a: Whimsicott|27/100|[from] move: Infestation|[partiallytrapped]\n|-damage|p1b: Basculegion|58/100 tox|[from] move: Infestation|[partiallytrapped]\n|upkeep\n|\n|t:|1788216677\n|switch|p2b: Charizard|Charizard-Mega-Y, L50, M|100/100\n|-weather|SunnyDay|[from] ability: Drought|[of] p2b: Charizard\n|turn|7\n|\n|t:|1788216718\n|move|p2b: Charizard|Protect|p2b: Charizard\n|-singleturn|p2b: Charizard|Protect\n|move|p1a: Whimsicott|Tailwind|p1a: Whimsicott\n|-sidestart|p1: jables412|move: Tailwind\n|move|p1b: Basculegion|Last Respects|p2b: Charizard\n|-activate|p2b: Charizard|move: Protect\n|move|p2a: Toxapex|Infestation|p1b: Basculegion\n|-resisted|p1b: Basculegion|1\n|-damage|p1b: Basculegion|56/100 tox\n|\n|-weather|SunnyDay|[upkeep]\n|-heal|p2a: Toxapex|100/100|[from] item: Leftovers\n|-damage|p1b: Basculegion|38/100 tox|[from] psn\n|-damage|p1a: Whimsicott|15/100|[from] move: Infestation|[partiallytrapped]\n|-damage|p1b: Basculegion|26/100 tox|[from] move: Infestation|[partiallytrapped]\n|upkeep\n|turn|8\n|\n|t:|1788216744\n|move|p1a: Whimsicott|Moonblast|p2b: Charizard\n|-resisted|p2b: Charizard|1\n|-damage|p2b: Charizard|87/100\n|move|p1b: Basculegion|Last Respects|p2b: Charizard\n|-damage|p2b: Charizard|0 fnt\n|faint|p2b: Charizard\n|-damage|p1b: Basculegion|16/100 tox|[from] item: Life Orb\n|move|p2a: Toxapex|Infestation|p1a: Whimsicott\n|-damage|p1a: Whimsicott|11/100\n|\n|-weather|SunnyDay|[upkeep]\n|-damage|p1b: Basculegion|0 fnt|[from] psn\n|faint|p1b: Basculegion\n|-damage|p1a: Whimsicott|0 fnt|[from] move: Infestation|[partiallytrapped]\n|faint|p1a: Whimsicott\n|upkeep\n|\n|t:|1788216753\n|switch|p1b: Floette|Floette-Mega, L50, F|100/100\n|-ability|p1b: Floette|Fairy Aura\n|turn|9\n|\n|t:|1788216760\n|move|p1b: Floette|Light of Ruin|p2a: Toxapex\n|-resisted|p2a: Toxapex|1\n|-damage|p2a: Toxapex|57/100\n|-damage|p1b: Floette|77/100|[from] Recoil\n|move|p2a: Toxapex|Toxic|p1b: Floette\n|-status|p1b: Floette|tox\n|\n|-weather|SunnyDay|[upkeep]\n|-heal|p2a: Toxapex|63/100|[from] item: Leftovers\n|-damage|p1b: Floette|71/100 tox|[from] psn\n|upkeep\n|turn|10\n|\n|t:|1788216770\n|move|p2a: Toxapex|Baneful Bunker|p2a: Toxapex\n|-singleturn|p2a: Toxapex|move: Protect\n|move|p1b: Floette|Light of Ruin|p2a: Toxapex\n|-activate|p2a: Toxapex|move: Protect\n|\n|-weather|SunnyDay|[upkeep]\n|-heal|p2a: Toxapex|69/100|[from] item: Leftovers\n|-damage|p1b: Floette|59/100 tox|[from] psn\n|-sideend|p1: jables412|move: Tailwind\n|upkeep\n|turn|11\n|\n|t:|1788216779\n|move|p1b: Floette|Light of Ruin|p2a: Toxapex\n|-resisted|p2a: Toxapex|1\n|-damage|p2a: Toxapex|33/100\n|-damage|p1b: Floette|40/100 tox|[from] Recoil\n|move|p2a: Toxapex|Infestation|p1b: Floette\n|-resisted|p1b: Floette|1\n|-damage|p1b: Floette|40/100 tox\n|-activate|p1b: Floette|move: Infestation|[of] p2a: Toxapex\n|\n|-weather|none\n|-heal|p2a: Toxapex|39/100|[from] item: Leftovers\n|-damage|p1b: Floette|22/100 tox|[from] psn\n|-damage|p1b: Floette|10/100 tox|[from] move: Infestation|[partiallytrapped]\n|upkeep\n|turn|12\n|\n|t:|1788216791\n|move|p2a: Toxapex|Baneful Bunker|p2a: Toxapex\n|-singleturn|p2a: Toxapex|move: Protect\n|move|p1b: Floette|Light of Ruin|p1: Whimsicott|[notarget]\n|-fail|p1b: Floette\n|\n|-heal|p2a: Toxapex|45/100|[from] item: Leftovers\n|-damage|p1b: Floette|0 fnt|[from] psn\n|faint|p1b: Floette\n|\n|win|grabbingpawns\n||grabbingpawns is ready for game 2.\n||jables412 is ready for game 2.\n|uhtml|next|Next: <a href=\"/battle-gen9championsvgc2026regmbbo3-2673584103\"><strong>Game 2 of 3</strong></a>\n","uploadtime":1788216845,"views":"0","formatid":"gen9championsvgc2026regmbbo3","rating":null,"private":0,"password":null}