{"id":"gen9championsvgc2026regmb-2674761155","format":"[Gen 9 Champions] VGC 2026 Reg M-B","players":["Sers_The Champion","BtC37"],"log":"|j|☆Sers_The Champion\n|j|☆BtC37\n|t:|1788402033\n|gametype|doubles\n|player|p1|Sers_The Champion|blue|1267\n|player|p2|BtC37|ghetsis|1275\n|gen|9\n|tier|[Gen 9 Champions] VGC 2026 Reg M-B\n|rated|\n|rule|Species Clause: Limit one of each Pokémon\n|rule|Item Clause: Limit 1 of each item\n|clearpoke\n|poke|p1|Charizard, L50, F|\n|poke|p1|Venusaur, L50, F, shiny|\n|poke|p1|Incineroar, L50, F|\n|poke|p1|Garchomp, L50, M|\n|poke|p1|Toxapex, L50, F|\n|poke|p1|Sylveon, L50, F|\n|poke|p2|Dragonite, L50, F|\n|poke|p2|Sneasler, L50, M|\n|poke|p2|Basculegion, L50, M|\n|poke|p2|Kingambit, L50, M|\n|poke|p2|Garchomp, L50, F|\n|poke|p2|Floette-Eternal, L50, F|\n|teampreview|4\n|inactive|Battle timer is ON: inactive players will automatically lose when time's up. (requested by BtC37)\nSers_The Champion rejected open team sheets.\n|inactive|Sers_The Champion has 60 seconds left.\n|inactive|BtC37 has 60 seconds left.\n|\n|t:|1788402075\n|teamsize|p1|4\n|teamsize|p2|4\n|start\n|switch|p1a: Sylveon|Sylveon, L50, F|100/100\n|switch|p1b: Garchomp|Garchomp, L50, M|100/100\n|switch|p2a: Dragonite|Dragonite, L50, F|100/100\n|switch|p2b: Sneasler|Sneasler, L50, M|100/100\n|turn|1\n|inactive|BtC37 has 30 seconds left.\n|\n|t:|1788402108\n|switch|p1b: Incineroar|Incineroar, L50, F|100/100\n|-ability|p1b: Incineroar|Intimidate|boost\n|-unboost|p2a: Dragonite|atk|1\n|-unboost|p2b: Sneasler|atk|1\n|detailschange|p2a: Dragonite|Dragonite-Mega, L50, F\n|-mega|p2a: Dragonite|Dragonite|Dragoninite\n|move|p1a: Sylveon|Detect|p1a: Sylveon\n|-singleturn|p1a: Sylveon|Protect\n|move|p2b: Sneasler|Fake Out|p1a: Sylveon\n|-activate|p1a: Sylveon|move: Protect\n|move|p2a: Dragonite|Dragon Pulse|p1b: Incineroar\n|-damage|p1b: Incineroar|48/100\n|-enditem|p1b: Incineroar|Sitrus Berry|[eat]\n|-heal|p1b: Incineroar|72/100|[from] item: Sitrus Berry\n|\n|upkeep\n|turn|2\n|inactive|BtC37 has 30 seconds left.\n|inactive|BtC37 has 20 seconds left.\n|inactive|BtC37 has 15 seconds left.\n|\n|t:|1788402153\n|switch|p2b: Basculegion|Basculegion, L50, M|100/100\n|move|p2a: Dragonite|Protect|p2a: Dragonite\n|-singleturn|p2a: Dragonite|Protect\n|move|p1b: Incineroar|Fake Out|p2b: Basculegion\n|-immune|p2b: Basculegion\n|move|p1a: Sylveon|Hyper Voice|p2a: Dragonite|[spread] p2b\n|-activate|p2a: Dragonite|move: Protect\n|-damage|p2b: Basculegion|54/100\n|\n|upkeep\n|turn|3\n|inactive|BtC37 has 30 seconds left.\n|\n|t:|1788402185\n|move|p2a: Dragonite|Extreme Speed|p1b: Incineroar\n|-damage|p1b: Incineroar|58/100\n|move|p2b: Basculegion|Aqua Jet|p1b: Incineroar\n|-supereffective|p1b: Incineroar|1\n|-damage|p1b: Incineroar|0 fnt\n|faint|p1b: Incineroar\n|-damage|p2b: Basculegion|44/100|[from] item: Life Orb\n|move|p1a: Sylveon|Hyper Voice|p2a: Dragonite|[spread] p2a,p2b\n|-supereffective|p2a: Dragonite|1\n|-damage|p2a: Dragonite|58/100\n|-damage|p2b: Basculegion|2/100\n|\n|upkeep\n|\n|t:|1788402198\n|switch|p1b: Charizard|Charizard, L50, F|100/100\n|turn|4\n|\n|t:|1788402213\n|detailschange|p1b: Charizard|Charizard-Mega-Y, L50, F\n|-mega|p1b: Charizard|Charizard|Charizardite Y\n|-weather|SunnyDay|[from] ability: Drought|[of] p1b: Charizard\n|move|p1b: Charizard|Protect|p1b: Charizard\n|-singleturn|p1b: Charizard|Protect\n|move|p2b: Basculegion|Protect|p2b: Basculegion\n|-singleturn|p2b: Basculegion|Protect\n|move|p1a: Sylveon|Detect|p1a: Sylveon\n|-singleturn|p1a: Sylveon|Protect\n|move|p2a: Dragonite|Extreme Speed|p1a: Sylveon\n|-activate|p1a: Sylveon|move: Protect\n|\n|-weather|SunnyDay|[upkeep]\n|upkeep\n|turn|5\n|inactive|BtC37 has 30 seconds left.\n|\n|t:|1788402241\n|switch|p2a: Sneasler|Sneasler, L50, M|100/100\n|move|p1a: Sylveon|Quick Attack|p2b: Basculegion\n|-damage|p2b: Basculegion|0 fnt\n|faint|p2b: Basculegion\n|move|p1b: Charizard|Weather Ball|p2a: Sneasler\n|-enditem|p2a: Sneasler|Focus Sash\n|-damage|p2a: Sneasler|1/100\n|\n|-weather|SunnyDay|[upkeep]\n|upkeep\n|\n|t:|1788402256\n|switch|p2b: Garchomp|Garchomp, L50, F|100/100\n|turn|6\n|\n|t:|1788402274\n|move|p1b: Charizard|Protect|p1b: Charizard\n|-singleturn|p1b: Charizard|Protect\n|move|p1a: Sylveon|Detect|p1a: Sylveon\n|-singleturn|p1a: Sylveon|Protect\n|move|p2a: Sneasler|Feint|p1a: Sylveon\n|-activate|p1a: Sylveon|move: Feint\n|-damage|p1a: Sylveon|87/100\n|move|p2b: Garchomp|Rock Slide|p1a: Sylveon|[spread] p1a\n|-activate|p1b: Charizard|move: Protect\n|-damage|p1a: Sylveon|62/100\n|\n|-weather|SunnyDay|[upkeep]\n|upkeep\n|turn|7\n|\n|t:|1788402294\n|switch|p2a: Dragonite|Dragonite-Mega, L50, F|58/100\n|move|p1a: Sylveon|Quick Attack|p2a: Dragonite\n|-supereffective|p2a: Dragonite|1\n|-damage|p2a: Dragonite|29/100\n|move|p2b: Garchomp|Rock Slide|p1b: Charizard|[spread] p1a,p1b\n|-supereffective|p1b: Charizard|2\n|-damage|p1a: Sylveon|37/100\n|-damage|p1b: Charizard|0 fnt\n|faint|p1b: Charizard\n|\n|-weather|SunnyDay|[upkeep]\n|upkeep\n|\n|t:|1788402303\n|switch|p1b: Garchomp|Garchomp, L50, M|100/100\n|turn|8\n|\n|t:|1788402317\n|move|p2b: Garchomp|Rock Slide|p1a: Sylveon|[spread] p1a,p1b\n|-resisted|p1b: Garchomp|1\n|-damage|p1a: Sylveon|11/100\n|-damage|p1b: Garchomp|91/100\n|cant|p1b: Garchomp|flinch\n|move|p2a: Dragonite|Dragon Pulse|p1b: Garchomp\n|-supereffective|p1b: Garchomp|1\n|-damage|p1b: Garchomp|0 fnt\n|faint|p1b: Garchomp\n|cant|p1a: Sylveon|flinch\n|\n|-weather|none\n|upkeep\n|turn|9\n|c|☆Sers_The Champion|gg\n|\n|t:|1788402334\n|move|p2a: Dragonite|Extreme Speed|p1a: Sylveon\n|-damage|p1a: Sylveon|0 fnt\n|faint|p1a: Sylveon\n|\n|win|BtC37\n|raw|Sers_The Champion's rating: 1267 &rarr; <strong>1243</strong><br />(-24 for losing)\n|raw|BtC37's rating: 1275 &rarr; <strong>1299</strong><br />(+24 for winning)\n","uploadtime":1788402336,"views":"3","formatid":"gen9championsvgc2026regmb","rating":1243,"private":0,"password":null}