{"id":"gen9championsvgc2026regmbbo3-2674067107","format":"[Gen 9 Champions] VGC 2026 Reg M-B (Bo3)","players":["Treecko25","threekfive"],"log":"|j|☆Treecko25\n|j|☆threekfive\n|html|<table width=\"100%\"><tr><td align=\"left\">Treecko25</td><td align=\"right\">threekfive</tr><tr><td align=\"left\"><i class=\"fa fa-circle-o\"></i> <i class=\"fa fa-circle-o\"></i> </td><td align=\"right\"><i class=\"fa fa-circle-o\"></i> <i class=\"fa fa-circle\"></i> </tr></table>\n|uhtml|bestof|<h2><strong>Game 2</strong> of <a href=\"/game-bestof3-gen9championsvgc2026regmbbo3-2674064087\">a best-of-3</a></h2>\n|t:|1788294697\n|gametype|doubles\n|player|p1|Treecko25|hilda|1193\n|player|p2|threekfive|266|1284\n|gen|9\n|tier|[Gen 9 Champions] VGC 2026 Reg M-B (Bo3)\n|rated|\n|rule|Species Clause: Limit one of each Pokémon\n|rule|Item Clause: Limit 1 of each item\n|clearpoke\n|poke|p1|Sinistcha, L50|\n|poke|p1|Grimmsnarl, L50, M|\n|poke|p1|Floette-Eternal, L50, F|\n|poke|p1|Incineroar, L50, F|\n|poke|p1|Staraptor, L50, M|\n|poke|p1|Gholdengo, L50|\n|poke|p2|Charizard, L50, M|\n|poke|p2|Venusaur, L50, M|\n|poke|p2|Grimmsnarl, L50, M|\n|poke|p2|Archaludon, L50, F|\n|poke|p2|Swampert, L50, M|\n|poke|p2|Pelipper, L50, M|\n|teampreview|4\n|showteam|p1|Sinistcha||SitrusBerry|Hospitality|MatchaGotcha,RagePowder,TrickRoom,Protect|Relaxed|||||50|]Grimmsnarl||LightClay|Prankster|FakeOut,SpiritBreak,LightScreen,Reflect|Careful||M|||50|]Floette-Eternal||Floettite|FlowerVeil|DrainingKiss,DazzlingGleam,CalmMind,Protect|Modest||F|||50|]Incineroar||PasshoBerry|Intimidate|FakeOut,FlareBlitz,DarkestLariat,PartingShot|Impish||F|||50|]Staraptor||Staraptite|Intimidate|DualWingbeat,CloseCombat,Roost,Protect|Jolly||M|||50|]Gholdengo||LifeOrb|GoodasGold|MakeItRain,ShadowBall,NastyPlot,Protect|Modest|||||50|\n|showteam|p2|Charizard||CharizarditeY|Blaze|Protect,Hurricane,HeatWave,WeatherBall|Modest||M|||50|]Venusaur||FocusSash|Chlorophyll|Protect,SludgeBomb,LeafStorm,SleepPowder|Modest||M|||50|]Grimmsnarl||LightClay|Prankster|SpiritBreak,PartingShot,Reflect,LightScreen|Sassy||M|||50|]Archaludon||Leftovers|Stamina|Protect,FlashCannon,ElectroShot,DracoMeteor|Calm||F|||50|]Swampert||Swampertite|Torrent|Protect,WaveCrash,Earthquake,IcePunch|Adamant||M|||50|]Pelipper||SitrusBerry|Drizzle|Hurricane,Tailwind,WeatherBall,WideGuard|Modest||M|||50|\n|inactive|Battle timer is ON: inactive players will automatically lose when time's up. (requested by threekfive)\n|inactive|threekfive has 60 seconds left.\n|inactive|threekfive has 30 seconds left.\n|\n|t:|1788294762\n|teamsize|p1|4\n|teamsize|p2|4\n|start\n|switch|p1a: Floette|Floette-Eternal, L50, F|100/100\n|switch|p1b: Grimmsnarl|Grimmsnarl, L50, M|100/100\n|switch|p2a: Pelipper|Pelipper, L50, M|100/100\n|switch|p2b: Swampert|Swampert, L50, M|100/100\n|-weather|RainDance|[from] ability: Drizzle|[of] p2a: Pelipper\n|turn|1\n|\n|t:|1788294783\n|detailschange|p1a: Floette|Floette-Mega, L50, F\n|-mega|p1a: Floette|Floette|Floettite\n|-ability|p1a: Floette|Fairy Aura\n|detailschange|p2b: Swampert|Swampert-Mega, L50, M\n|-mega|p2b: Swampert|Swampert|Swampertite\n|move|p1b: Grimmsnarl|Fake Out|p2b: Swampert\n|-damage|p2b: Swampert|90/100\n|cant|p2b: Swampert|flinch\n|move|p1a: Floette|Calm Mind|p1a: Floette\n|-boost|p1a: Floette|spa|1\n|-boost|p1a: Floette|spd|1\n|move|p2a: Pelipper|Tailwind|p2a: Pelipper\n|-sidestart|p2: threekfive|move: Tailwind\n|\n|-weather|RainDance|[upkeep]\n|upkeep\n|turn|2\n|inactive|threekfive has 30 seconds left.\n|\n|t:|1788294812\n|switch|p1b: Sinistcha|Sinistcha, L50|100/100\n|move|p1a: Floette|Protect|p1a: Floette\n|-singleturn|p1a: Floette|Protect\n|move|p2b: Swampert|Wave Crash|p1a: Floette\n|-activate|p1a: Floette|move: Protect\n|move|p2a: Pelipper|Hurricane|p1b: Sinistcha\n|-supereffective|p1b: Sinistcha|1\n|-damage|p1b: Sinistcha|11/100\n|-enditem|p1b: Sinistcha|Sitrus Berry|[eat]\n|-heal|p1b: Sinistcha|35/100|[from] item: Sitrus Berry\n|\n|-weather|RainDance|[upkeep]\n|upkeep\n|turn|3\n|inactive|threekfive has 30 seconds left.\n|inactive|threekfive has 20 seconds left.\n|inactive|threekfive has 15 seconds left.\n|\n|t:|1788294857\n|switch|p1b: Grimmsnarl|Grimmsnarl, L50, M|100/100\n|move|p2b: Swampert|Protect|p2b: Swampert\n|-singleturn|p2b: Swampert|Protect\n|move|p2a: Pelipper|Hurricane|p1b: Grimmsnarl\n|-damage|p1b: Grimmsnarl|63/100\n|move|p1a: Floette|Draining Kiss|p2a: Pelipper\n|-damage|p2a: Pelipper|25/100\n|-enditem|p2a: Pelipper|Sitrus Berry|[eat]\n|-heal|p2a: Pelipper|50/100g|[from] item: Sitrus Berry\n|\n|-weather|RainDance|[upkeep]\n|upkeep\n|turn|4\n|inactive|threekfive has 30 seconds left.\n|inactive|threekfive has 20 seconds left.\n|inactive|threekfive has 15 seconds left.\n|\n|t:|1788294900\n|move|p1b: Grimmsnarl|Fake Out|p2b: Swampert\n|-damage|p2b: Swampert|81/100\n|cant|p2b: Swampert|flinch\n|move|p2a: Pelipper|Weather Ball|p1a: Floette\n|-damage|p1a: Floette|71/100\n|move|p1a: Floette|Draining Kiss|p2a: Pelipper\n|-damage|p2a: Pelipper|0 fnt\n|-heal|p1a: Floette|100/100|[from] drain|[of] p2a: Pelipper\n|faint|p2a: Pelipper\n|\n|-weather|RainDance|[upkeep]\n|-sideend|p2: threekfive|move: Tailwind\n|upkeep\n|\n|t:|1788294912\n|switch|p2a: Grimmsnarl|Grimmsnarl, L50, M|100/100\n|turn|5\n|\n|t:|1788294933\n|move|p1a: Floette|Protect|p1a: Floette\n|-singleturn|p1a: Floette|Protect\n|move|p1b: Grimmsnarl|Reflect|p1b: Grimmsnarl\n|-sidestart|p1: Treecko25|Reflect\n|move|p2a: Grimmsnarl|Parting Shot|p1a: Floette\n|-activate|p1a: Floette|move: Protect\n|move|p2b: Swampert|Ice Punch|p1b: Grimmsnarl\n|-damage|p1b: Grimmsnarl|42/100\n|-status|p1b: Grimmsnarl|frz\n|\n|-weather|none\n|upkeep\n|turn|6\n|\n|t:|1788294957\n|move|p2a: Grimmsnarl|Parting Shot|p1a: Floette\n|-unboost|p1a: Floette|atk|1\n|-unboost|p1a: Floette|spa|1\n|\n|t:|1788294962\n|switch|p2a: Archaludon|Archaludon, L50, F|100/100|[from] Parting Shot\n|move|p1a: Floette|Dazzling Gleam|p2b: Swampert|[spread] p2a,p2b\n|-damage|p2a: Archaludon|55/100\n|-damage|p2b: Swampert|43/100\n|-ability|p2a: Archaludon|Stamina|boost\n|-boost|p2a: Archaludon|def|1\n|move|p2b: Swampert|Wave Crash|p1a: Floette\n|-damage|p1a: Floette|52/100\n|-damage|p2b: Swampert|29/100|[from] Recoil\n|cant|p1b: Grimmsnarl|frz\n|\n|-heal|p2a: Archaludon|61/100|[from] item: Leftovers\n|upkeep\n|turn|7\n|inactive|threekfive has 30 seconds left.\n|\n|t:|1788294988\n|switch|p2b: Grimmsnarl|Grimmsnarl, L50, M|100/100\n|switch|p1b: Sinistcha|Sinistcha, L50|35/100\n|-heal|p1a: Floette|77/100|[from] ability: Hospitality|[of] p1b: Sinistcha\n|move|p1a: Floette|Draining Kiss|p2b: Grimmsnarl\n|-supereffective|p2b: Grimmsnarl|1\n|-damage|p2b: Grimmsnarl|27/100\n|-heal|p1a: Floette|100/100|[from] drain|[of] p2b: Grimmsnarl\n|move|p2a: Archaludon|Flash Cannon|p1b: Sinistcha\n|-damage|p1b: Sinistcha|2/100\n|\n|-heal|p2a: Archaludon|68/100|[from] item: Leftovers\n|upkeep\n|turn|8\n|inactive|threekfive has 30 seconds left.\n|\n|t:|1788295022\n|move|p1b: Sinistcha|Rage Powder|p1b: Sinistcha\n|-singleturn|p1b: Sinistcha|move: Rage Powder\n|move|p2b: Grimmsnarl|Parting Shot|p1b: Sinistcha\n|-unboost|p1b: Sinistcha|atk|1\n|-unboost|p1b: Sinistcha|spa|1\n|\n|t:|1788295026\n|switch|p2b: Swampert|Swampert-Mega, L50, M|29/100|[from] Parting Shot\n|move|p1a: Floette|Dazzling Gleam|p2a: Archaludon|[spread] p2a,p2b\n|-damage|p2a: Archaludon|23/100\n|-damage|p2b: Swampert|0 fnt\n|-ability|p2a: Archaludon|Stamina|boost\n|-boost|p2a: Archaludon|def|1\n|faint|p2b: Swampert\n|move|p2a: Archaludon|Flash Cannon|p1b: Sinistcha\n|-damage|p1b: Sinistcha|0 fnt\n|faint|p1b: Sinistcha\n|\n|-heal|p2a: Archaludon|29/100|[from] item: Leftovers\n|upkeep\n|\n|t:|1788295038\n|switch|p2b: Grimmsnarl|Grimmsnarl, L50, M|27/100\n|switch|p1b: Knox|Gholdengo, L50|100/100\n|turn|9\n|\n|t:|1788295049\n|move|p1a: Floette|Dazzling Gleam|p2b: Grimmsnarl|[spread] p2a,p2b\n|-supereffective|p2b: Grimmsnarl|1\n|-damage|p2a: Archaludon|0 fnt\n|-damage|p2b: Grimmsnarl|0 fnt\n|faint|p2a: Archaludon\n|faint|p2b: Grimmsnarl\n|\n|win|Treecko25\n||threekfive is ready for game 3.\n||Treecko25 is ready for game 3.\n|uhtml|next|Next: <a href=\"/battle-gen9championsvgc2026regmbbo3-2674069964\"><strong>Game 3 of 3</strong></a>\n|l|☆threekfive\n|player|p2|\n","uploadtime":1788295517,"views":"6","formatid":"gen9championsvgc2026regmbbo3","rating":null,"private":0,"password":null}