{"id":"gen9championsvgc2026regmb-2674078497","format":"[Gen 9 Champions] VGC 2026 Reg M-B","players":["bsaxel","Bandido King"],"log":"|j|☆bsaxel\n|j|☆Bandido King\n|t:|1788296153\n|gametype|doubles\n|player|p1|bsaxel|brock|1401\n|player|p2|Bandido King|maid|1320\n|gen|9\n|tier|[Gen 9 Champions] VGC 2026 Reg M-B\n|rated|\n|rule|Species Clause: Limit one of each Pokémon\n|rule|Item Clause: Limit 1 of each item\n|clearpoke\n|poke|p1|Scrafty, L50, F, shiny|\n|poke|p1|Farigiraf, L50, M|\n|poke|p1|Venusaur, L50, M, shiny|\n|poke|p1|Torkoal, L50, F, shiny|\n|poke|p1|Mamoswine, L50, M|\n|poke|p1|Aerodactyl, L50, M|\n|poke|p2|Charizard, L50, F|\n|poke|p2|Glimmora, L50, F|\n|poke|p2|Whimsicott, L50, F|\n|poke|p2|Ninetales-Alola, L50, F|\n|poke|p2|Kingambit, L50, M|\n|poke|p2|Kommo-o, L50, F|\n|teampreview|4\n|inactive|Battle timer is ON: inactive players will automatically lose when time's up. (requested by Bandido King)\n|inactive|Bandido King has 60 seconds left.\n|inactive|Bandido King has 30 seconds left.\n|\n|t:|1788296217\n|teamsize|p1|4\n|teamsize|p2|4\n|start\n|switch|p1a: Tusk|Mamoswine, L50, M|100/100\n|switch|p1b: gucci morty|Aerodactyl, L50, M|100/100\n|switch|p2a: Whimsicott|Whimsicott, L50, F|100/100\n|switch|p2b: Kingambit|Kingambit, L50, M|100/100\n|-ability|p1b: gucci morty|Unnerve\n|turn|1\n|inactive|bsaxel has 30 seconds left.\n|inactive|Bandido King has 30 seconds left.\n|inactive|Bandido King has 20 seconds left.\n|\n|t:|1788296252\n|detailschange|p1b: gucci morty|Aerodactyl-Mega, L50, M\n|-mega|p1b: gucci morty|Aerodactyl|Aerodactylite\n|move|p2a: Whimsicott|Tailwind|p2a: Whimsicott\n|-sidestart|p2: Bandido King|move: Tailwind\n|move|p1a: Tusk|High Horsepower|p2b: Kingambit\n|-supereffective|p2b: Kingambit|1\n|-damage|p2b: Kingambit|18/100\n|move|p1b: gucci morty|Dual Wingbeat|p2a: Whimsicott\n|-supereffective|p2a: Whimsicott|1\n|-damage|p2a: Whimsicott|14/100\n|-supereffective|p2a: Whimsicott|1\n|-damage|p2a: Whimsicott|0 fnt\n|faint|p2a: Whimsicott\n|-hitcount|p2: Whimsicott|2\n|move|p2b: Kingambit|Iron Head|p1a: Tusk\n|-supereffective|p1a: Tusk|1\n|-damage|p1a: Tusk|0 fnt\n|faint|p1a: Tusk\n|\n|upkeep\n|\n|t:|1788296273\n|switch|p2a: Charizard|Charizard, L50, F|100/100\n|switch|p1a: Feels Like Summer|Torkoal, L50, F, shiny|100/100\n|-weather|SunnyDay|[from] ability: Drought|[of] p1a: Feels Like Summer\n|turn|2\n|\n|t:|1788296298\n|detailschange|p2a: Charizard|Charizard-Mega-Y, L50, F\n|-mega|p2a: Charizard|Charizard|Charizardite Y\n|move|p2b: Kingambit|Sucker Punch|p1b: gucci morty\n|-damage|p1b: gucci morty|40/100\n|move|p2a: Charizard|Heat Wave|p1b: gucci morty|[spread] p1b\n|-miss|p2a: Charizard|p1a: Feels Like Summer\n|-resisted|p1b: gucci morty|1\n|-damage|p1b: gucci morty|4/100\n|move|p1b: gucci morty|Rock Slide|p2b: Kingambit|[spread] p2a,p2b\n|-supereffective|p2a: Charizard|2\n|-resisted|p2b: Kingambit|1\n|-damage|p2a: Charizard|0 fnt\n|-damage|p2b: Kingambit|4/100\n|faint|p2a: Charizard\n|move|p1a: Feels Like Summer|Weather Ball|p2b: Kingambit\n|-supereffective|p2b: Kingambit|1\n|-damage|p2b: Kingambit|0 fnt\n|faint|p2b: Kingambit\n|\n|-weather|SunnyDay|[upkeep]\n|upkeep\n|\n|t:|1788296316\n|switch|p2b: Kommo-o|Kommo-o, L50, F|100/100\n|turn|3\n|\n|t:|1788296322\n|switch|p1a: Big Poppa|Venusaur, L50, M, shiny|100/100\n|move|p1b: gucci morty|Protect|p1b: gucci morty\n|-singleturn|p1b: gucci morty|Protect\n|move|p2b: Kommo-o|Clanging Scales|p1b: gucci morty|[spread] p1a\n|-activate|p1b: gucci morty|move: Protect\n|-damage|p1a: Big Poppa|38/100\n|-unboost|p2b: Kommo-o|def|1\n|-damage|p2b: Kommo-o|90/100|[from] item: Life Orb\n|\n|-weather|SunnyDay|[upkeep]\n|upkeep\n|turn|4\n|\n|t:|1788296337\n|switch|p1b: Feels Like Summer|Torkoal, L50, F, shiny|100/100\n|move|p2b: Kommo-o|Clanging Scales|p1a: Big Poppa|[spread] p1a,p1b\n|-damage|p1a: Big Poppa|0 fnt\n|-damage|p1b: Feels Like Summer|33/100\n|faint|p1a: Big Poppa\n|-unboost|p2b: Kommo-o|def|1\n|-damage|p2b: Kommo-o|80/100|[from] item: Life Orb\n|\n|-weather|SunnyDay|[upkeep]\n|-sideend|p2: Bandido King|move: Tailwind\n|upkeep\n|\n|t:|1788296345\n|switch|p1a: gucci morty|Aerodactyl-Mega, L50, M|4/100\n|turn|5\n|\n|t:|1788296359\n|move|p1a: gucci morty|Dual Wingbeat|p2b: Kommo-o\n|-supereffective|p2b: Kommo-o|1\n|-damage|p2b: Kommo-o|0 fnt\n|faint|p2b: Kommo-o\n|-hitcount|p2: Kommo-o|1\n|\n|win|bsaxel\n|raw|bsaxel's rating: 1401 &rarr; <strong>1416</strong><br />(+15 for winning)\n|raw|Bandido King's rating: 1320 &rarr; <strong>1305</strong><br />(-15 for losing)\n","uploadtime":1788296365,"views":"2","formatid":"gen9championsvgc2026regmb","rating":1305,"private":0,"password":null}