{"id":"gen9championsvgc2026regmbbo3-2673406044","format":"[Gen 9 Champions] VGC 2026 Reg M-B (Bo3)","players":["NavarroMarin","Jakatious"],"log":"|j|☆NavarroMarin\n|j|☆Jakatious\n|html|<table width=\"100%\"><tr><td align=\"left\">NavarroMarin</td><td align=\"right\">Jakatious</tr><tr><td align=\"left\"><i class=\"fa fa-circle\"></i> <i class=\"fa fa-circle-o\"></i> </td><td align=\"right\"><i class=\"fa fa-circle-o\"></i> <i class=\"fa fa-circle\"></i> </tr></table>\n|uhtml|bestof|<h2><strong>Game 3</strong> of <a href=\"/game-bestof3-gen9championsvgc2026regmbbo3-2673401579\">a best-of-3</a></h2>\n|t:|1788193924\n|gametype|doubles\n|player|p1|NavarroMarin|norman|1155\n|player|p2|Jakatious|ethan|1121\n|gen|9\n|tier|[Gen 9 Champions] VGC 2026 Reg M-B (Bo3)\n|rated|\n|rule|Species Clause: Limit one of each Pokémon\n|rule|Item Clause: Limit 1 of each item\n|clearpoke\n|poke|p1|Incineroar, L50, F|\n|poke|p1|Kingambit, L50, M|\n|poke|p1|Sinistcha, L50|\n|poke|p1|Sneasler, L50, F|\n|poke|p1|Floette-Eternal, L50, F|\n|poke|p1|Delphox, L50, F|\n|poke|p2|Raichu, L50, M|\n|poke|p2|Gholdengo, L50|\n|poke|p2|Whimsicott, L50, M, shiny|\n|poke|p2|Garchomp, L50, F|\n|poke|p2|Basculegion, L50, M, shiny|\n|poke|p2|Blaziken, L50, F|\n|teampreview|4\n|showteam|p1|Incineroar||SitrusBerry|Intimidate|FakeOut,FlareBlitz,DarkestLariat,PartingShot|Careful||F|||50|]Kingambit||LifeOrb|Defiant|Protect,KowtowCleave,SuckerPunch,SwordsDance|Adamant||M|||50|]Sinistcha||OccaBerry|Hospitality|Protect,MatchaGotcha,RagePowder,TrickRoom|Relaxed|||||50|]Sneasler||FocusSash|PoisonTouch|FakeOut,CloseCombat,PoisonJab,Coaching|Jolly||F|||50|]Floette-Eternal||Floettite|FlowerVeil|Protect,Moonblast,DazzlingGleam,CalmMind|Modest||F|||50|]Delphox||Delphoxite|Blaze|Protect,HeatWave,Psychic,NastyPlot|Timid||F|||50|\n|showteam|p2|Raichu||RaichuniteY|LightningRod|ZapCannon,FocusBlast,UpperHand,Protect|Modest||M|||50|]Gholdengo||LifeOrb|GoodasGold|MakeItRain,ShadowBall,NastyPlot,Protect|Modest|||||50|]Whimsicott||FocusSash|Prankster|Moonblast,Taunt,Protect,Tailwind|Bold||M|||50|]Garchomp||SitrusBerry|RoughSkin|RockSlide,StompingTantrum,DragonClaw,Protect|Adamant||F|||50|]Basculegion||MysticWater|Adaptability|WaveCrash,AquaJet,LastRespects,Protect|Adamant||M|||50|]Blaziken||Blazikenite|SpeedBoost|FlareBlitz,CloseCombat,RockSlide,Detect|Serious||F|||50|\n|inactive|Battle timer is ON: inactive players will automatically lose when time's up. (requested by NavarroMarin)\n|\n|t:|1788193958\n|teamsize|p1|4\n|teamsize|p2|4\n|start\n|switch|p1a: Floette|Floette-Eternal, L50, F|100/100\n|switch|p1b: Incineroar|Incineroar, L50, F|100/100\n|switch|p2a: Pop rocks|Blaziken, L50, F|100/100\n|switch|p2b: Prancer|Whimsicott, L50, M, shiny|100/100\n|-ability|p1b: Incineroar|Intimidate|boost\n|-unboost|p2a: Pop rocks|atk|1\n|-unboost|p2b: Prancer|atk|1\n|turn|1\n|\n|t:|1788193973\n|detailschange|p2a: Pop rocks|Blaziken-Mega, L50, F\n|-mega|p2a: Pop rocks|Blaziken|Blazikenite\n|detailschange|p1a: Floette|Floette-Mega, L50, F\n|-mega|p1a: Floette|Floette|Floettite\n|-ability|p1a: Floette|Fairy Aura\n|move|p2b: Prancer|Protect|p2b: Prancer\n|-singleturn|p2b: Prancer|Protect\n|move|p2a: Pop rocks|Detect|p2a: Pop rocks\n|-singleturn|p2a: Pop rocks|Protect\n|move|p1b: Incineroar|Fake Out|p2b: Prancer\n|-activate|p2b: Prancer|move: Protect\n|move|p1a: Floette|Dazzling Gleam|p2b: Prancer|[spread] \n|-activate|p2a: Pop rocks|move: Protect\n|-activate|p2b: Prancer|move: Protect\n|\n|-ability|p2a: Pop rocks|Speed Boost|boost\n|-boost|p2a: Pop rocks|spe|1\n|upkeep\n|turn|2\n|inactive|Jakatious has 30 seconds left.\n|inactive|Jakatious has 20 seconds left.\n|\n|t:|1788194016\n|move|p2a: Pop rocks|Flare Blitz|p1a: Floette\n|-damage|p1a: Floette|49/100\n|-damage|p2a: Pop rocks|82/100|[from] Recoil\n|move|p2b: Prancer|Moonblast|p1a: Floette\n|-damage|p1a: Floette|15/100\n|move|p1a: Floette|Dazzling Gleam|p2a: Pop rocks|[spread] p2a,p2b\n|-damage|p2a: Pop rocks|15/100\n|-damage|p2b: Prancer|31/100\n|move|p1b: Incineroar|Flare Blitz|p2b: Prancer\n|-supereffective|p2b: Prancer|1\n|-damage|p2b: Prancer|0 fnt\n|faint|p2b: Prancer\n|-damage|p1b: Incineroar|93/100|[from] Recoil\n|\n|-ability|p2a: Pop rocks|Speed Boost|boost\n|-boost|p2a: Pop rocks|spe|1\n|upkeep\n|\n|t:|1788194025\n|switch|p2b: Calyrex?|Basculegion, L50, M, shiny|100/100\n|turn|3\n|\n|t:|1788194035\n|switch|p1b: Sinistcha|Sinistcha, L50|100/100\n|-heal|p1a: Floette|40/100|[from] ability: Hospitality|[of] p1b: Sinistcha\n|move|p1a: Floette|Protect|p1a: Floette\n|-singleturn|p1a: Floette|Protect\n|move|p2b: Calyrex?|Aqua Jet|p1a: Floette\n|-activate|p1a: Floette|move: Protect\n|move|p2a: Pop rocks|Close Combat|p1b: Sinistcha\n|-immune|p1b: Sinistcha\n|\n|-ability|p2a: Pop rocks|Speed Boost|boost\n|-boost|p2a: Pop rocks|spe|1\n|upkeep\n|turn|4\n|\n|t:|1788194056\n|move|p1b: Sinistcha|Rage Powder|p1b: Sinistcha\n|-singleturn|p1b: Sinistcha|move: Rage Powder\n|move|p2a: Pop rocks|Rock Slide|p1b: Sinistcha|[spread] p1a,p1b\n|-damage|p1a: Floette|26/100\n|-damage|p1b: Sinistcha|87/100\n|move|p1a: Floette|Dazzling Gleam|p2b: Calyrex?|[spread] p2a,p2b\n|-crit|p2b: Calyrex?\n|-damage|p2a: Pop rocks|0 fnt\n|-damage|p2b: Calyrex?|27/100\n|faint|p2a: Pop rocks\n|move|p2b: Calyrex?|Last Respects|p1b: Sinistcha\n|-supereffective|p1b: Sinistcha|1\n|-damage|p1b: Sinistcha|0 fnt\n|faint|p1b: Sinistcha\n|\n|upkeep\n|\n|t:|1788194068\n|switch|p2a: Murphy|Garchomp, L50, F|100/100\n|switch|p1b: Kingambit|Kingambit, L50, M|100/100\n|turn|5\n|\n|t:|1788194090\n|switch|p1b: Incineroar|Incineroar, L50, F|93/100\n|-ability|p1b: Incineroar|Intimidate|boost\n|-unboost|p2a: Murphy|atk|1\n|-unboost|p2b: Calyrex?|atk|1\n|move|p1a: Floette|Protect|p1a: Floette\n|-singleturn|p1a: Floette|Protect\n|move|p2b: Calyrex?|Aqua Jet|p1a: Floette\n|-activate|p1a: Floette|move: Protect\n|move|p2a: Murphy|Stomping Tantrum|p1b: Incineroar\n|-supereffective|p1b: Incineroar|1\n|-damage|p1b: Incineroar|47/100\n|-enditem|p1b: Incineroar|Sitrus Berry|[eat]\n|-heal|p1b: Incineroar|72/100|[from] item: Sitrus Berry\n|\n|upkeep\n|turn|6\n|\n|t:|1788194114\n|switch|p1a: Kingambit|Kingambit, L50, M|100/100\n|move|p1b: Incineroar|Fake Out|p2a: Murphy\n|-damage|p2a: Murphy|90/100\n|-damage|p1b: Incineroar|59/100|[from] ability: Rough Skin|[of] p2a: Murphy\n|move|p2b: Calyrex?|Aqua Jet|p1a: Kingambit\n|-damage|p1a: Kingambit|83/100\n|cant|p2a: Murphy|flinch\n|\n|upkeep\n|turn|7\n|\n|t:|1788194133\n|move|p2b: Calyrex?|Protect|p2b: Calyrex?\n|-singleturn|p2b: Calyrex?|Protect\n|move|p1a: Kingambit|Sucker Punch||[still]\n|-fail|p1a: Kingambit\n|move|p2a: Murphy|Stomping Tantrum|p1a: Kingambit\n|-supereffective|p1a: Kingambit|1\n|-damage|p1a: Kingambit|5/100\n|move|p1b: Incineroar|Parting Shot|p2a: Murphy\n|-unboost|p2a: Murphy|atk|1\n|-unboost|p2a: Murphy|spa|1\n|\n|t:|1788194143\n|switch|p1b: Floette|Floette-Mega, L50, F|26/100|[from] Parting Shot\n|-ability|p1b: Floette|Fairy Aura\n|\n|upkeep\n|turn|8\n|\n|t:|1788194161\n|switch|p1a: Incineroar|Incineroar, L50, F|59/100\n|-ability|p1a: Incineroar|Intimidate|boost\n|-unboost|p2a: Murphy|atk|1\n|-unboost|p2b: Calyrex?|atk|1\n|move|p1b: Floette|Protect|p1b: Floette\n|-singleturn|p1b: Floette|Protect\n|move|p2b: Calyrex?|Aqua Jet|p1a: Incineroar\n|-supereffective|p1a: Incineroar|1\n|-damage|p1a: Incineroar|28/100\n|move|p2a: Murphy|Stomping Tantrum|p1b: Floette\n|-activate|p1b: Floette|move: Protect\n|\n|upkeep\n|turn|9\n|\n|t:|1788194177\n|move|p2a: Murphy|Protect|p2a: Murphy\n|-singleturn|p2a: Murphy|Protect\n|move|p2b: Calyrex?|Protect|p2b: Calyrex?\n|-singleturn|p2b: Calyrex?|Protect\n|move|p1a: Incineroar|Fake Out|p2a: Murphy\n|-activate|p2a: Murphy|move: Protect\n|move|p1b: Floette|Dazzling Gleam|p2b: Calyrex?|[spread] \n|-activate|p2a: Murphy|move: Protect\n|-activate|p2b: Calyrex?|move: Protect\n|\n|upkeep\n|turn|10\n|inactive|Jakatious has 30 seconds left.\n|\n|t:|1788194209\n|move|p2a: Murphy|Stomping Tantrum|p1b: Floette\n|-damage|p1b: Floette|11/100\n|move|p1b: Floette|Dazzling Gleam|p2a: Murphy|[spread] p2a,p2b\n|-supereffective|p2a: Murphy|1\n|-damage|p2a: Murphy|1/100\n|-damage|p2b: Calyrex?|0 fnt\n|-enditem|p2a: Murphy|Sitrus Berry|[eat]\n|-heal|p2a: Murphy|26/100|[from] item: Sitrus Berry\n|faint|p2b: Calyrex?\n|move|p1a: Incineroar|Darkest Lariat|p2a: Murphy\n|-damage|p2a: Murphy|0 fnt\n|-damage|p1a: Incineroar|15/100|[from] ability: Rough Skin|[of] p2a: Murphy\n|faint|p2a: Murphy\n|\n|win|NavarroMarin\n|raw|NavarroMarin's rating: 1155 &rarr; <strong>1178</strong><br />(+23 for winning)\n|raw|Jakatious's rating: 1121 &rarr; <strong>1098</strong><br />(-23 for losing)\n|l|☆Jakatious\n|player|p2|\n|c|☆NavarroMarin|gg\n","uploadtime":1788194264,"views":"1","formatid":"gen9championsvgc2026regmbbo3","rating":1098,"private":0,"password":null}