{"id":"gen9championsvgc2026regmb-2673859339","format":"[Gen 9 Champions] VGC 2026 Reg M-B","players":["Thornlace48812","loriiswear"],"log":"|j|☆Thornlace48812\n|j|☆loriiswear\n|t:|1788269608\n|gametype|doubles\n|player|p1|Thornlace48812|102|1103\n|player|p2|loriiswear|265|1036\n|gen|9\n|tier|[Gen 9 Champions] VGC 2026 Reg M-B\n|rated|\n|rule|Species Clause: Limit one of each Pokémon\n|rule|Item Clause: Limit 1 of each item\n|clearpoke\n|poke|p1|Garchomp, L50, M|\n|poke|p1|Charizard, L50, F|\n|poke|p1|Whimsicott, L50, F|\n|poke|p1|Sylveon, L50, F|\n|poke|p1|Kingambit, L50, M|\n|poke|p1|Basculegion, L50, M|\n|poke|p2|Ditto, L50|\n|poke|p2|Archaludon, L50, F|\n|poke|p2|Dragapult, L50, F|\n|poke|p2|Glalie, L50, M|\n|poke|p2|Sinistcha, L50|\n|poke|p2|Incineroar, L50, F|\n|teampreview|4\n|inactive|Battle timer is ON: inactive players will automatically lose when time's up. (requested by Thornlace48812)\nThornlace48812 rejected open team sheets.\n|\n|t:|1788269629\n|teamsize|p1|4\n|teamsize|p2|4\n|start\n|switch|p1a: Sylveon|Sylveon, L50, F|100/100\n|switch|p1b: Basculegion|Basculegion, L50, M|100/100\n|switch|p2a: Glalie|Glalie, L50, M|100/100\n|switch|p2b: Dragapult|Dragapult, L50, F|100/100\n|turn|1\n|\n|t:|1788269643\n|detailschange|p2a: Glalie|Glalie-Mega, L50, M\n|-mega|p2a: Glalie|Glalie|Glalitite\n|move|p2b: Dragapult|Phantom Force||[still]\n|-prepare|p2b: Dragapult|Phantom Force\n|move|p2a: Glalie|Explosion|p1b: Basculegion|[spread] p1a,p1b\n|-miss|p2a: Glalie|p2b: Dragapult\n|-resisted|p1b: Basculegion|1\n|-damage|p1a: Sylveon|0 fnt\n|-damage|p1b: Basculegion|36/100\n|faint|p2a: Glalie\n|faint|p1a: Sylveon\n|move|p1b: Basculegion|Last Respects|p2b: Dragapult|[miss]\n|-miss|p1b: Basculegion|p2b: Dragapult\n|\n|upkeep\n|\n|t:|1788269658\n|switch|p2a: Ditto|Ditto, L50|100/100\n|switch|p1a: Charizard|Charizard, L50, F|100/100\n|-transform|p2a: Ditto|p1b: Basculegion|[from] ability: Imposter\n|turn|2\n|\n|t:|1788269670\n|detailschange|p1a: Charizard|Charizard-Mega-Y, L50, F\n|-mega|p1a: Charizard|Charizard|Charizardite Y\n|-weather|SunnyDay|[from] ability: Drought|[of] p1a: Charizard\n|move|p2b: Dragapult|Phantom Force|p1a: Charizard|[from] lockedmove\n|-damage|p1a: Charizard|33/100\n|-damage|p2b: Dragapult|90/100|[from] item: Life Orb\n|move|p2a: Ditto|Wave Crash|p1a: Charizard\n|-supereffective|p1a: Charizard|1\n|-crit|p1a: Charizard\n|-damage|p1a: Charizard|0 fnt\n|faint|p1a: Charizard\n|-damage|p2a: Ditto|89/100|[from] Recoil\n|move|p1b: Basculegion|Last Respects|p2b: Dragapult\n|-supereffective|p2b: Dragapult|1\n|-damage|p2b: Dragapult|0 fnt\n|faint|p2b: Dragapult\n|\n|-weather|SunnyDay|[upkeep]\n|upkeep\n|\n|t:|1788269684\n|switch|p2b: Incineroar|Incineroar, L50, F|100/100\n|switch|p1a: Garchomp|Garchomp, L50, M|100/100\n|-ability|p2b: Incineroar|Intimidate|boost\n|-unboost|p1a: Garchomp|atk|1\n|-unboost|p1b: Basculegion|atk|1\n|turn|3\n|\n|t:|1788269695\n|move|p2b: Incineroar|Fake Out|p1a: Garchomp\n|-damage|p1a: Garchomp|84/100\n|-damage|p2b: Incineroar|87/100|[from] ability: Rough Skin|[of] p1a: Garchomp\n|move|p2a: Ditto|Wave Crash|p1a: Garchomp\n|-damage|p1a: Garchomp|45/100\n|-damage|p2a: Ditto|76/100|[from] ability: Rough Skin|[of] p1a: Garchomp\n|-damage|p2a: Ditto|61/100|[from] Recoil\n|cant|p1a: Garchomp|flinch\n|move|p1b: Basculegion|Last Respects|p2a: Ditto\n|-supereffective|p2a: Ditto|1\n|-damage|p2a: Ditto|0 fnt\n|faint|p2a: Ditto\n|\n|-weather|SunnyDay|[upkeep]\n|upkeep\n|turn|4\n|\n|t:|1788269709\n|move|p1a: Garchomp|Rock Slide|p2b: Incineroar\n|-supereffective|p2b: Incineroar|1\n|-damage|p2b: Incineroar|45/100\n|-enditem|p2b: Incineroar|Sitrus Berry|[eat]\n|-heal|p2b: Incineroar|69/100|[from] item: Sitrus Berry\n|-damage|p1a: Garchomp|36/100|[from] item: Life Orb\n|move|p1b: Basculegion|Last Respects|p2b: Incineroar\n|-resisted|p2b: Incineroar|1\n|-damage|p2b: Incineroar|35/100\n|move|p2b: Incineroar|Darkest Lariat|p1b: Basculegion\n|-supereffective|p1b: Basculegion|1\n|-crit|p1b: Basculegion\n|-damage|p1b: Basculegion|0 fnt\n|faint|p1b: Basculegion\n|\n|-weather|SunnyDay|[upkeep]\n|upkeep\n|turn|5\n|\n|t:|1788269721\n|move|p1a: Garchomp|Earthquake|p2b: Incineroar\n|-supereffective|p2b: Incineroar|1\n|-damage|p2b: Incineroar|0 fnt\n|faint|p2b: Incineroar\n|-damage|p1a: Garchomp|26/100|[from] item: Life Orb\n|\n|win|Thornlace48812\n|raw|Thornlace48812's rating: 1066 &rarr; <strong>1094</strong><br />(+28 for winning)\n|raw|loriiswear's rating: 1036 &rarr; <strong>1022</strong><br />(-14 for losing)\n","uploadtime":1788269721,"views":"5","formatid":"gen9championsvgc2026regmb","rating":1022,"private":0,"password":null}