{"id":"gen9championsvgc2026regmb-2674061454","format":"[Gen 9 Champions] VGC 2026 Reg M-B","players":["Aposeon","conngfan"],"log":"|j|☆Aposeon\n|j|☆conngfan\n|t:|1788293994\n|gametype|doubles\n|player|p1|Aposeon|169|1453\n|player|p2|conngfan|arven-s|1544\n|gen|9\n|tier|[Gen 9 Champions] VGC 2026 Reg M-B\n|rated|\n|rule|Species Clause: Limit one of each Pokémon\n|rule|Item Clause: Limit 1 of each item\n|clearpoke\n|poke|p1|Grimmsnarl, L50, M|\n|poke|p1|Swampert, L50, F|\n|poke|p1|Pelipper, L50, F|\n|poke|p1|Archaludon, L50, F|\n|poke|p1|Sinistcha, L50|\n|poke|p1|Metagross, L50|\n|poke|p2|Aerodactyl, L50, M|\n|poke|p2|Raichu, L50, F|\n|poke|p2|Sneasler, L50, M|\n|poke|p2|Sylveon, L50, M|\n|poke|p2|Kingambit, L50, M|\n|poke|p2|Tsareena, L50, F|\n|teampreview|4\n|inactive|Battle timer is ON: inactive players will automatically lose when time's up. (requested by conngfan)\n|\n|t:|1788294019\n|teamsize|p1|4\n|teamsize|p2|4\n|start\n|switch|p1a: Pelipper|Pelipper, L50, F|100/100\n|switch|p1b: Swampert|Swampert, L50, F|100/100\n|switch|p2a: Raichu|Raichu, L50, F|100/100\n|switch|p2b: Kingambit|Kingambit, L50, M|100/100\n|-weather|RainDance|[from] ability: Drizzle|[of] p1a: Pelipper\n|turn|1\n|\n|t:|1788294029\n|switch|p1a: Sinistcha|Sinistcha, L50|100/100\n|detailschange|p2a: Raichu|Raichu-Mega-Y, L50, F\n|-mega|p2a: Raichu|Raichu|Raichunite Y\n|move|p1b: Swampert|Protect|p1b: Swampert\n|-singleturn|p1b: Swampert|Protect\n|move|p2a: Raichu|Fake Out|p1b: Swampert\n|-activate|p1b: Swampert|move: Protect\n|move|p2b: Kingambit|Swords Dance|p2b: Kingambit\n|-boost|p2b: Kingambit|atk|2\n|\n|-weather|RainDance|[upkeep]\n|upkeep\n|turn|2\n|\n|t:|1788294040\n|switch|p2a: Tsareena|Tsareena, L50, F|100/100\n|detailschange|p1b: Swampert|Swampert-Mega, L50, F\n|-mega|p1b: Swampert|Swampert|Swampertite\n|move|p2b: Kingambit|Protect|p2b: Kingambit\n|-singleturn|p2b: Kingambit|Protect\n|move|p1a: Sinistcha|Rage Powder|p1a: Sinistcha\n|-singleturn|p1a: Sinistcha|move: Rage Powder\n|move|p1b: Swampert|Earthquake|p2a: Tsareena|[spread] p1a,p2a\n|-activate|p2b: Kingambit|move: Protect\n|-resisted|p1a: Sinistcha|1\n|-resisted|p2a: Tsareena|1\n|-damage|p1a: Sinistcha|79/100\n|-damage|p2a: Tsareena|74/100\n|\n|-weather|RainDance|[upkeep]\n|upkeep\n|turn|3\n|inactive|Aposeon has 30 seconds left.\n|inactive|Aposeon has 20 seconds left.\n|\n|t:|1788294076\n|move|p1a: Sinistcha|Rage Powder|p1a: Sinistcha\n|-singleturn|p1a: Sinistcha|move: Rage Powder\n|move|p1b: Swampert|Earthquake|p2a: Tsareena|[spread] p1a,p2a,p2b\n|-resisted|p1a: Sinistcha|1\n|-resisted|p2a: Tsareena|1\n|-supereffective|p2b: Kingambit|1\n|-damage|p1a: Sinistcha|58/100\n|-damage|p2a: Tsareena|45/100\n|-damage|p2b: Kingambit|33/100\n|move|p2a: Tsareena|Power Whip|p1b: Swampert\n|-supereffective|p1b: Swampert|2\n|-damage|p1b: Swampert|0 fnt\n|faint|p1b: Swampert\n|move|p2b: Kingambit|Kowtow Cleave|p1a: Sinistcha\n|-supereffective|p1a: Sinistcha|1\n|-damage|p1a: Sinistcha|0 fnt\n|faint|p1a: Sinistcha\n|-damage|p2b: Kingambit|23/100|[from] item: Life Orb\n|\n|-weather|RainDance|[upkeep]\n|upkeep\n|\n|t:|1788294084\n|switch|p1b: Pelipper|Pelipper, L50, F|100/100\n|switch|p1a: Archaludon|Archaludon, L50, F|100/100\n|turn|4\n|\n|t:|1788294094\n|move|p2b: Kingambit|Sucker Punch|p1a: Archaludon\n|-damage|p1a: Archaludon|18/100\n|-ability|p1a: Archaludon|Stamina|boost\n|-boost|p1a: Archaludon|def|1\n|-damage|p2b: Kingambit|14/100|[from] item: Life Orb\n|move|p2a: Tsareena|Power Whip|p1b: Pelipper\n|-damage|p1b: Pelipper|38/100\n|-enditem|p1b: Pelipper|Sitrus Berry|[eat]\n|-heal|p1b: Pelipper|63/100|[from] item: Sitrus Berry\n|move|p1a: Archaludon|Electro Shot||[still]\n|-prepare|p1a: Archaludon|Electro Shot\n|-boost|p1a: Archaludon|spa|1\n|-anim|p1a: Archaludon|Electro Shot|p2b: Kingambit\n|-damage|p2b: Kingambit|0 fnt\n|faint|p2b: Kingambit\n|move|p1b: Pelipper|Tailwind|p1b: Pelipper\n|-sidestart|p1: Aposeon|move: Tailwind\n|\n|-weather|RainDance|[upkeep]\n|-heal|p1a: Archaludon|24/100|[from] item: Leftovers\n|upkeep\n|c|☆Aposeon|i literally always forget rage powder doesnt work on grass types\n|\n|t:|1788294112\n|switch|p2b: Raichu|Raichu-Mega-Y, L50, F|100/100\n|turn|5\n|\n|t:|1788294130\n|move|p1a: Archaludon|Dragon Pulse|p2b: Raichu\n|-damage|p2b: Raichu|19/100\n|move|p1b: Pelipper|Hurricane|p2a: Tsareena\n|-supereffective|p2a: Tsareena|1\n|-damage|p2a: Tsareena|0 fnt\n|faint|p2a: Tsareena\n|move|p2b: Raichu|Zap Cannon|p1b: Pelipper\n|-supereffective|p1b: Pelipper|2\n|-damage|p1b: Pelipper|0 fnt\n|faint|p1b: Pelipper\n|\n|-weather|none\n|-heal|p1a: Archaludon|30/100|[from] item: Leftovers\n|upkeep\n|\n|t:|1788294135\n|switch|p2a: Sylveon|Sylveon, L50, M|100/100\n|turn|6\n|\n|t:|1788294140\n|move|p1a: Archaludon|Flash Cannon|p2a: Sylveon\n|-supereffective|p2a: Sylveon|1\n|-damage|p2a: Sylveon|17/100\n|move|p2b: Raichu|Focus Blast|p1a: Archaludon\n|-supereffective|p1a: Archaludon|1\n|-damage|p1a: Archaludon|0 fnt\n|faint|p1a: Archaludon\n|\n|win|conngfan\n|raw|Aposeon's rating: 1453 &rarr; <strong>1438</strong><br />(-15 for losing)\n|raw|conngfan's rating: 1544 &rarr; <strong>1559</strong><br />(+15 for winning)\n","uploadtime":1788294141,"views":"0","formatid":"gen9championsvgc2026regmb","rating":1438,"private":0,"password":null}