{"id":"gen9championsvgc2026regmb-2674258140","format":"[Gen 9 Champions] VGC 2026 Reg M-B","players":["Thornlace48812","LordShinyBidoof"],"log":"|j|☆Thornlace48812\n|j|☆LordShinyBidoof\n|t:|1788325100\n|gametype|doubles\n|player|p1|Thornlace48812|1|1125\n|player|p2|LordShinyBidoof|rood|1151\n|gen|9\n|tier|[Gen 9 Champions] VGC 2026 Reg M-B\n|rated|\n|rule|Species Clause: Limit one of each Pokémon\n|rule|Item Clause: Limit 1 of each item\n|clearpoke\n|poke|p1|Garchomp, L50, F|\n|poke|p1|Charizard, L50, F|\n|poke|p1|Whimsicott, L50, M|\n|poke|p1|Sylveon, L50, F|\n|poke|p1|Kingambit, L50, M|\n|poke|p1|Basculegion, L50, M|\n|poke|p2|Clefable, L50, M|\n|poke|p2|Arcanine, L50, M|\n|poke|p2|Kingambit, L50, F|\n|poke|p2|Raichu, L50, M|\n|poke|p2|Araquanid, L50, M|\n|poke|p2|Hawlucha, L50, F|\n|teampreview|4\n|inactive|Battle timer is ON: inactive players will automatically lose when time's up. (requested by Thornlace48812)\nThornlace48812 rejected open team sheets.\n|inactive|LordShinyBidoof has 60 seconds left.\n|\n|t:|1788325140\n|teamsize|p1|4\n|teamsize|p2|4\n|start\n|switch|p1a: Charizard|Charizard, L50, F|100/100\n|switch|p1b: Sylveon|Sylveon, L50, F|100/100\n|switch|p2a: Clefable|Clefable, L50, M|100/100\n|switch|p2b: Raichu|Raichu, L50, M|100/100\n|turn|1\n|\n|t:|1788325147\n|detailschange|p2a: Clefable|Clefable-Mega, L50, M\n|-mega|p2a: Clefable|Clefable|Clefablite\n|move|p1a: Charizard|Protect|p1a: Charizard\n|-singleturn|p1a: Charizard|Protect\n|move|p2b: Raichu|Fake Out|p1a: Charizard\n|-activate|p1a: Charizard|move: Protect\n|move|p1b: Sylveon|Hyper Voice|p2a: Clefable|[spread] p2a,p2b\n|-damage|p2a: Clefable|58/100\n|-damage|p2b: Raichu|17/100\n|move|p2a: Clefable|Cosmic Power|p2a: Clefable\n|-boost|p2a: Clefable|def|1\n|-boost|p2a: Clefable|spd|1\n|\n|upkeep\n|turn|2\n|\n|t:|1788325164\n|detailschange|p1a: Charizard|Charizard-Mega-Y, L50, F\n|-mega|p1a: Charizard|Charizard|Charizardite Y\n|-weather|SunnyDay|[from] ability: Drought|[of] p1a: Charizard\n|move|p2b: Raichu|Nuzzle|p1b: Sylveon\n|-damage|p1b: Sylveon|91/100\n|-status|p1b: Sylveon|par\n|move|p1a: Charizard|Ancient Power|p2a: Clefable\n|-supereffective|p2a: Clefable|1\n|-damage|p2a: Clefable|27/100\n|-boost|p1a: Charizard|atk|1\n|-boost|p1a: Charizard|def|1\n|-boost|p1a: Charizard|spa|1\n|-boost|p1a: Charizard|spd|1\n|-boost|p1a: Charizard|spe|1\n|move|p2a: Clefable|Cosmic Power|p2a: Clefable\n|-boost|p2a: Clefable|def|1\n|-boost|p2a: Clefable|spd|1\n|move|p1b: Sylveon|Hyper Voice|p2b: Raichu|[spread] p2a,p2b\n|-damage|p2a: Clefable|9/100\n|-damage|p2b: Raichu|0 fnt\n|faint|p2b: Raichu\n|\n|-weather|SunnyDay|[upkeep]\n|upkeep\n|\n|t:|1788325179\n|switch|p2b: Arcanine|Arcanine, L50, M|100/100\n|-ability|p2b: Arcanine|Intimidate|boost\n|-unboost|p1a: Charizard|atk|1\n|-unboost|p1b: Sylveon|atk|1\n|turn|3\n|\n|t:|1788325188\n|move|p1a: Charizard|Heat Wave|p2a: Clefable|[spread] p2a,p2b\n|-resisted|p2b: Arcanine|1\n|-damage|p2a: Clefable|0 fnt\n|-damage|p2b: Arcanine|35/100\n|faint|p2a: Clefable\n|move|p2b: Arcanine|Snarl|p1b: Sylveon|[spread] p1a,p1b\n|-resisted|p1b: Sylveon|1\n|-damage|p1a: Charizard|91/100\n|-damage|p1b: Sylveon|87/100 par\n|-unboost|p1a: Charizard|spa|1\n|-unboost|p1b: Sylveon|spa|1\n|move|p1b: Sylveon|Hyper Voice|p2b: Arcanine\n|-resisted|p2b: Arcanine|1\n|-damage|p2b: Arcanine|8/100\n|\n|-weather|SunnyDay|[upkeep]\n|upkeep\n|\n|t:|1788325192\n|switch|p2a: Araquanid|Araquanid, L50, M|100/100\n|turn|4\n|\n|t:|1788325206\n|move|p2b: Arcanine|Helping Hand|p2a: Araquanid\n|-singleturn|p2a: Araquanid|Helping Hand|[of] p2b: Arcanine\n|move|p1a: Charizard|Protect|p1a: Charizard\n|-singleturn|p1a: Charizard|Protect\n|move|p2a: Araquanid|Icy Wind|p1a: Charizard|[spread] p1b\n|-activate|p1a: Charizard|move: Protect\n|-damage|p1b: Sylveon|80/100 par\n|-unboost|p1b: Sylveon|spe|1\n|move|p1b: Sylveon|Hyper Beam|p2b: Arcanine|[miss]\n|-miss|p1b: Sylveon|p2b: Arcanine\n|\n|-weather|SunnyDay|[upkeep]\n|upkeep\n|turn|5\n|\n|t:|1788325220\n|move|p2b: Arcanine|Helping Hand|p2a: Araquanid\n|-singleturn|p2a: Araquanid|Helping Hand|[of] p2b: Arcanine\n|move|p1a: Charizard|Heat Wave|p2b: Arcanine|[spread] p2a,p2b\n|-resisted|p2b: Arcanine|1\n|-damage|p2a: Araquanid|69/100\n|-damage|p2b: Arcanine|0 fnt\n|faint|p2b: Arcanine\n|move|p2a: Araquanid|Liquidation|p1a: Charizard\n|-supereffective|p1a: Charizard|1\n|-damage|p1a: Charizard|14/100\n|-unboost|p1a: Charizard|def|1\n|move|p1b: Sylveon|Hyper Voice|p2a: Araquanid\n|-damage|p2a: Araquanid|36/100\n|\n|-weather|SunnyDay|[upkeep]\n|-heal|p2a: Araquanid|41/100|[from] item: Leftovers\n|upkeep\n|turn|6\n|\n|t:|1788325231\n|move|p1a: Charizard|Heat Wave|p2a: Araquanid\n|-damage|p2a: Araquanid|7/100\n|move|p2a: Araquanid|Icy Wind|p1a: Charizard|[spread] p1a,p1b\n|-damage|p1a: Charizard|10/100\n|-damage|p1b: Sylveon|76/100 par\n|-unboost|p1a: Charizard|spe|1\n|-unboost|p1b: Sylveon|spe|1\n|move|p1b: Sylveon|Hyper Beam|p2a: Araquanid\n|-damage|p2a: Araquanid|0 fnt\n|-mustrecharge|p1b: Sylveon\n|faint|p2a: Araquanid\n|\n|win|Thornlace48812\n|raw|Thornlace48812's rating: 1123 &rarr; <strong>1150</strong><br />(+27 for winning)\n|raw|LordShinyBidoof's rating: 1151 &rarr; <strong>1124</strong><br />(-27 for losing)\n","uploadtime":1788325231,"views":"1","formatid":"gen9championsvgc2026regmb","rating":1124,"private":0,"password":null}