{"id":"gen9championsvgc2026regmb-2674570800","format":"[Gen 9 Champions] VGC 2026 Reg M-B","players":["urstepslowbro","todayistom"],"log":"|j|☆urstepslowbro\n|j|☆todayistom\n|html|<table width=\"100%\"><tr><td align=\"left\">urstepslowbro</td><td align=\"right\">todayistom</tr><tr><td align=\"left\"><i class=\"fa fa-circle-o\"></i> <i class=\"fa fa-circle-o\"></i> </td><td align=\"right\"><i class=\"fa fa-circle-o\"></i> <i class=\"fa fa-circle-o\"></i> </tr></table>\n|uhtml|bestof|<h2><strong>Game 1</strong> of <a href=\"/game-bestof3-gen9championsvgc2026regmb-2674570799\">a best-of-3</a></h2>\n|t:|1788375213\n|gametype|doubles\n|player|p1|urstepslowbro|hilda-masters4|\n|player|p2|todayistom|170|\n|gen|9\n|tier|[Gen 9 Champions] VGC 2026 Reg M-B\n|rule|Species Clause: Limit one of each Pokémon\n|rule|Item Clause: Limit 1 of each item\n|raw|<div class=\"infobox\"><details class=\"readmore\" open><summary><strong>1 custom rule:</strong></summary> Best of = 3</details></div>\n|clearpoke\n|poke|p1|Tyranitar, L50, M|\n|poke|p1|Garchomp, L50, M|\n|poke|p1|Excadrill, L50, M|\n|poke|p1|Clefable, L50, M|\n|poke|p1|Gholdengo, L50|\n|poke|p1|Aerodactyl, L50, F|\n|poke|p2|Hippowdon, L50, F|\n|poke|p2|Excadrill, L50, F|\n|poke|p2|Rhyperior, L50, M|\n|poke|p2|Blastoise, L50, F|\n|poke|p2|Lopunny, L50, M|\n|poke|p2|Arcanine, L50, M|\n|teampreview|4\n|\n|t:|1788375277\n|teamsize|p1|4\n|teamsize|p2|4\n|start\n|switch|p1a: Garchomp|Garchomp, L50, M|100/100\n|switch|p1b: Aerodactyl|Aerodactyl, L50, F|100/100\n|switch|p2a: Hippowdon|Hippowdon, L50, F|100/100\n|switch|p2b: Excadrill|Excadrill, L50, F|100/100\n|-ability|p1b: Aerodactyl|Unnerve\n|-weather|Sandstorm|[from] ability: Sand Stream|[of] p2a: Hippowdon\n|turn|1\n|\n|t:|1788375294\n|detailschange|p1a: Garchomp|Garchomp-Mega, L50, M\n|-mega|p1a: Garchomp|Garchomp|Garchompite\n|move|p2b: Excadrill|Horn Drill|p1b: Aerodactyl|[miss]\n|-miss|p2b: Excadrill|p1b: Aerodactyl\n|move|p1b: Aerodactyl|Tailwind|p1b: Aerodactyl\n|-sidestart|p1: urstepslowbro|move: Tailwind\n|move|p1a: Garchomp|Earth Power|p2b: Excadrill\n|-supereffective|p2b: Excadrill|1\n|-damage|p2b: Excadrill|0 fnt\n|faint|p2b: Excadrill\n|move|p2a: Hippowdon|Fissure|p1a: Garchomp|[miss]\n|-miss|p2a: Hippowdon|p1a: Garchomp\n|\n|-weather|Sandstorm|[upkeep]\n|upkeep\n|\n|t:|1788375313\n|switch|p2b: Lopunny|Lopunny, L50, M|100/100\n|turn|2\n|\n|t:|1788375317\n|move|p1b: Aerodactyl|Protect|p1b: Aerodactyl\n|-singleturn|p1b: Aerodactyl|Protect\n|move|p1a: Garchomp|Protect|p1a: Garchomp\n|-singleturn|p1a: Garchomp|Protect\n|move|p2b: Lopunny|Fake Out|p1a: Garchomp\n|-activate|p1a: Garchomp|move: Protect\n|move|p2a: Hippowdon|Fissure|p1a: Garchomp\n|-activate|p1a: Garchomp|move: Protect\n|\n|-weather|Sandstorm|[upkeep]\n|-damage|p2b: Lopunny|94/100|[from] Sandstorm\n|upkeep\n|turn|3\n|\n|t:|1788375327\n|switch|p2b: Arcanine|Arcanine, L50, M|100/100\n|-ability|p2b: Arcanine|Intimidate|boost\n|-unboost|p1a: Garchomp|atk|1\n|-unboost|p1b: Aerodactyl|atk|1\n|move|p1b: Aerodactyl|Rock Slide|p2a: Hippowdon|[spread] p2a,p2b\n|-resisted|p2a: Hippowdon|1\n|-supereffective|p2b: Arcanine|1\n|-damage|p2a: Hippowdon|95/100\n|-damage|p2b: Arcanine|63/100\n|move|p1a: Garchomp|Earth Power|p2b: Arcanine\n|-supereffective|p2b: Arcanine|1\n|-damage|p2b: Arcanine|0 fnt\n|faint|p2b: Arcanine\n|move|p2a: Hippowdon|Fissure|p1a: Garchomp\n|-damage|p1a: Garchomp|0 fnt\n|faint|p1a: Garchomp\n|-ohko\n|\n|-weather|Sandstorm|[upkeep]\n|-heal|p2a: Hippowdon|100/100|[from] item: Leftovers\n|upkeep\n|\n|t:|1788375346\n|switch|p2b: Lopunny|Lopunny, L50, M|94/100\n|switch|p1a: Gholdengo|Gholdengo, L50|100/100\n|turn|4\n|\n|t:|1788375355\n|detailschange|p2b: Lopunny|Lopunny-Mega, L50, M\n|-mega|p2b: Lopunny|Lopunny|Lopunnite\n|move|p2b: Lopunny|Fake Out|p1a: Gholdengo\n|-resisted|p1a: Gholdengo|1\n|-damage|p1a: Gholdengo|91/100\n|move|p1b: Aerodactyl|Rock Slide|p2a: Hippowdon|[spread] p2b\n|-miss|p1b: Aerodactyl|p2a: Hippowdon\n|-resisted|p2b: Lopunny|1\n|-damage|p2b: Lopunny|82/100\n|cant|p1a: Gholdengo|flinch\n|move|p2a: Hippowdon|Fissure|p1a: Gholdengo|[miss]\n|-miss|p2a: Hippowdon|p1a: Gholdengo\n|\n|-weather|Sandstorm|[upkeep]\n|-damage|p2b: Lopunny|77/100|[from] Sandstorm\n|-sideend|p1: urstepslowbro|move: Tailwind\n|upkeep\n|turn|5\n|\n|t:|1788375382\n|move|p1a: Gholdengo|Protect|p1a: Gholdengo\n|-singleturn|p1a: Gholdengo|Protect\n|move|p2b: Lopunny|Close Combat|p1a: Gholdengo\n|-activate|p1a: Gholdengo|move: Protect\n|move|p1b: Aerodactyl|Tailwind|p1b: Aerodactyl\n|-sidestart|p1: urstepslowbro|move: Tailwind\n|move|p2a: Hippowdon|Roar|p1b: Aerodactyl\n|drag|p1b: Clefable|Clefable, L50, M|100/100\n|\n|-weather|none\n|upkeep\n|turn|6\n|\n|t:|1788375397\n|move|p1b: Clefable|Follow Me|p1b: Clefable\n|-singleturn|p1b: Clefable|move: Follow Me\n|move|p1a: Gholdengo|Make It Rain|p2a: Hippowdon|[spread] p2a,p2b\n|-damage|p2a: Hippowdon|59/100\n|-damage|p2b: Lopunny|20/100y\n|-unboost|p1a: Gholdengo|spa|2\n|move|p2b: Lopunny|Close Combat|p1b: Clefable\n|-resisted|p1b: Clefable|1\n|-damage|p1b: Clefable|73/100\n|-unboost|p2b: Lopunny|def|1\n|-unboost|p2b: Lopunny|spd|1\n|move|p2a: Hippowdon|Fissure|p1b: Clefable|[miss]\n|-miss|p2a: Hippowdon|p1b: Clefable\n|\n|-heal|p2a: Hippowdon|65/100|[from] item: Leftovers\n|upkeep\n|turn|7\n|\n|t:|1788375417\n|move|p2b: Lopunny|Protect|p2b: Lopunny\n|-singleturn|p2b: Lopunny|Protect\n|move|p1a: Gholdengo|Make It Rain|p2b: Lopunny|[spread] \n|-activate|p2b: Lopunny|move: Protect\n|-miss|p1a: Gholdengo|p2a: Hippowdon\n|move|p1b: Clefable|Moonblast|p2a: Hippowdon\n|-damage|p2a: Hippowdon|35/100\n|move|p2a: Hippowdon|Fissure|p1a: Gholdengo|[miss]\n|-miss|p2a: Hippowdon|p1a: Gholdengo\n|\n|-heal|p2a: Hippowdon|41/100|[from] item: Leftovers\n|upkeep\n|turn|8\n|\n|t:|1788375435\n|move|p2b: Lopunny|Protect|p2b: Lopunny\n|-singleturn|p2b: Lopunny|Protect\n|move|p2a: Hippowdon|Protect|p2a: Hippowdon\n|-singleturn|p2a: Hippowdon|Protect\n|move|p1a: Gholdengo|Make It Rain|p2b: Lopunny|[spread] \n|-activate|p2a: Hippowdon|move: Protect\n|-activate|p2b: Lopunny|move: Protect\n|move|p1b: Clefable|Moonblast|p2a: Hippowdon\n|-activate|p2a: Hippowdon|move: Protect\n|\n|-heal|p2a: Hippowdon|47/100|[from] item: Leftovers\n|-sideend|p1: urstepslowbro|move: Tailwind\n|upkeep\n|turn|9\n|\n|t:|1788375451\n|move|p1b: Clefable|Follow Me|p1b: Clefable\n|-singleturn|p1b: Clefable|move: Follow Me\n|move|p2b: Lopunny|Close Combat|p1b: Clefable\n|-resisted|p1b: Clefable|1\n|-damage|p1b: Clefable|42/100\n|-unboost|p2b: Lopunny|def|1\n|-unboost|p2b: Lopunny|spd|1\n|move|p1a: Gholdengo|Dazzling Gleam|p2a: Hippowdon|[spread] p2a,p2b\n|-supereffective|p2b: Lopunny|1\n|-damage|p2a: Hippowdon|38/100\n|-damage|p2b: Lopunny|0 fnt\n|faint|p2b: Lopunny\n|move|p2a: Hippowdon|Fissure|p1b: Clefable|[miss]\n|-miss|p2a: Hippowdon|p1b: Clefable\n|\n|-heal|p2a: Hippowdon|44/100|[from] item: Leftovers\n|upkeep\n|turn|10\n|\n|t:|1788375464\n|move|p2a: Hippowdon|Protect|p2a: Hippowdon\n|-singleturn|p2a: Hippowdon|Protect\n|move|p1a: Gholdengo|Shadow Ball|p2a: Hippowdon\n|-activate|p2a: Hippowdon|move: Protect\n|move|p1b: Clefable|Wish|p1b: Clefable\n|\n|-heal|p2a: Hippowdon|50/100g|[from] item: Leftovers\n|upkeep\n|turn|11\n|\n|t:|1788375473\n|move|p1a: Gholdengo|Shadow Ball|p2a: Hippowdon\n|-crit|p2a: Hippowdon\n|-damage|p2a: Hippowdon|0 fnt\n|faint|p2a: Hippowdon\n|\n|win|urstepslowbro\n||todayistom is ready for game 2.\n","uploadtime":1788375478,"views":"12","formatid":"gen9championsvgc2026regmb","rating":null,"private":0,"password":null}