{"id":"gen9championsvgc2026regmbbo3-2675037200","format":"[Gen 9 Champions] VGC 2026 Reg M-B (Bo3)","players":["metvgc","shibikanon"],"log":"|j|☆metvgc\n|j|☆shibikanon\n|html|<table width=\"100%\"><tr><td align=\"left\">metvgc</td><td align=\"right\">shibikanon</tr><tr><td align=\"left\"><i class=\"fa fa-circle-o\"></i> <i class=\"fa fa-circle-o\"></i> </td><td align=\"right\"><i class=\"fa fa-circle-o\"></i> <i class=\"fa fa-circle-o\"></i> </tr></table>\n|uhtml|bestof|<h2><strong>Game 1</strong> of <a href=\"/game-bestof3-gen9championsvgc2026regmbbo3-2675037199\">a best-of-3</a></h2>\n|t:|1788451512\n|gametype|doubles\n|player|p1|metvgc|linebacker|1252\n|player|p2|shibikanon|skyla-masters3|1424\n|gen|9\n|tier|[Gen 9 Champions] VGC 2026 Reg M-B (Bo3)\n|rated|\n|rule|Species Clause: Limit one of each Pokémon\n|rule|Item Clause: Limit 1 of each item\n|clearpoke\n|poke|p1|Kingambit, L50, M|\n|poke|p1|Sneasler, L50, F|\n|poke|p1|Lycanroc-Dusk, L50, F|\n|poke|p1|Basculegion, L50, M|\n|poke|p1|Scovillain, L50, F|\n|poke|p1|Froslass, L50, F|\n|poke|p2|Charizard, L50, F, shiny|\n|poke|p2|Sylveon, L50, F, shiny|\n|poke|p2|Incineroar, L50, F|\n|poke|p2|Rhyperior, L50, M|\n|poke|p2|Farigiraf, L50, F|\n|poke|p2|Basculegion, L50, M|\n|teampreview|4\n|showteam|p1|Kingambit||BlackGlasses|Defiant|Protect,SwordsDance,SuckerPunch,KowtowCleave|Adamant||M|||50|]Sneasler||WhiteHerb|Unburden|Protect,FakeOut,DireClaw,CloseCombat|Adamant||F|||50|]Lycanroc-Dusk||FocusSash|ToughClaws|Protect,Accelerock,RockSlide,CloseCombat|Adamant||F|||50|]Basculegion||LifeOrb|Adaptability|Protect,AquaJet,WaveCrash,LastRespects|Adamant||M|||50|]Scovillain||Scovillainite|Moody|Protect,RagePowder,GigaDrain,Overheat|Bold||F|||50|]Froslass||Froslassite|CursedBody|Protect,AuroraVeil,Blizzard,ShadowBall|Timid||F|||50|\n|showteam|p2|Charizard||CharizarditeY|Blaze|HeatWave,WeatherBall,SolarBeam,Protect|Modest||F|||50|]Sylveon||FairyFeather|Pixilate|HyperVoice,QuickAttack,HyperBeam,Detect|Modest||F|||50|]Incineroar||SitrusBerry|Intimidate|FlareBlitz,ThroatChop,PartingShot,FakeOut|Adamant||F|||50|]Rhyperior||LifeOrb|SolidRock|HighHorsepower,RockSlide,IcePunch,Protect|Brave||M|||50|]Farigiraf||ColburBerry|ArmorTail|Psychic,Thunderbolt,TrickRoom,Protect|Modest||F|||50|]Basculegion||ChoiceScarf|Adaptability|WaveCrash,LastRespects,AquaJet,FlipTurn|Jolly||M|||50|\n|inactive|Battle timer is ON: inactive players will automatically lose when time's up. (requested by shibikanon)\n|inactive|metvgc has 60 seconds left.\n|\n|t:|1788451546\n|teamsize|p1|4\n|teamsize|p2|4\n|start\n|switch|p1a: Kingambit|Kingambit, L50, M|100/100\n|switch|p1b: Sneasler|Sneasler, L50, F|100/100\n|switch|p2a: Incineroar|Incineroar, L50, F|100/100\n|switch|p2b: Farigiraf|Farigiraf, L50, F|100/100\n|-ability|p2a: Incineroar|Intimidate|boost\n|-unboost|p1a: Kingambit|atk|1\n|-ability|p1a: Kingambit|Defiant|boost\n|-boost|p1a: Kingambit|atk|2\n|-unboost|p1b: Sneasler|atk|1\n|-enditem|p1b: Sneasler|White Herb\n|-clearnegativeboost|p1b: Sneasler|[silent]\n|turn|1\n|\n|t:|1788451565\n|move|p2a: Incineroar|Fake Out|p1a: Kingambit\n|-resisted|p1a: Kingambit|1\n|-damage|p1a: Kingambit|95/100\n|move|p1b: Sneasler|Dire Claw|p2b: Farigiraf\n|-damage|p2b: Farigiraf|60/100\n|-status|p2b: Farigiraf|psn\n|cant|p1a: Kingambit|flinch\n|move|p2b: Farigiraf|Trick Room|p2b: Farigiraf\n|-fieldstart|move: Trick Room|[of] p2b: Farigiraf\n|\n|-damage|p2b: Farigiraf|48/100 psn|[from] psn\n|upkeep\n|turn|2\n|\n|t:|1788451582\n|switch|p2b: Rhyperior|Rhyperior, L50, M|100/100\n|move|p1b: Sneasler|Protect|p1b: Sneasler\n|-singleturn|p1b: Sneasler|Protect\n|move|p1a: Kingambit|Kowtow Cleave|p2b: Rhyperior\n|-damage|p2b: Rhyperior|45/100\n|move|p2a: Incineroar|Flare Blitz|p1a: Kingambit\n|-supereffective|p1a: Kingambit|1\n|-damage|p1a: Kingambit|11/100\n|-status|p1a: Kingambit|brn\n|-damage|p2a: Incineroar|71/100|[from] Recoil\n|\n|-damage|p1a: Kingambit|5/100 brn|[from] brn\n|upkeep\n|turn|3\n|\n|t:|1788451599\n|move|p2b: Rhyperior|Protect|p2b: Rhyperior\n|-singleturn|p2b: Rhyperior|Protect\n|move|p1a: Kingambit|Sucker Punch||[still]\n|-fail|p1a: Kingambit\n|move|p2a: Incineroar|Parting Shot|p1b: Sneasler\n|-unboost|p1b: Sneasler|atk|1\n|-unboost|p1b: Sneasler|spa|1\n|\n|t:|1788451605\n|switch|p2a: Charizard|Charizard, L50, F, shiny|100/100|[from] Parting Shot\n|move|p1b: Sneasler|Close Combat|p2a: Charizard\n|-resisted|p2a: Charizard|1\n|-damage|p2a: Charizard|81/100\n|-unboost|p1b: Sneasler|def|1\n|-unboost|p1b: Sneasler|spd|1\n|\n|-damage|p1a: Kingambit|0 fnt|[from] brn\n|faint|p1a: Kingambit\n|upkeep\n|\n|t:|1788451607\n|switch|p1a: Scovillain|Scovillain, L50, F|100/100\n|turn|4\n|\n|t:|1788451617\n|switch|p2b: Incineroar|Incineroar, L50, F|71/100\n|-ability|p2b: Incineroar|Intimidate|boost\n|-unboost|p1a: Scovillain|atk|1\n|-unboost|p1b: Sneasler|atk|1\n|detailschange|p2a: Charizard|Charizard-Mega-Y, L50, F, shiny\n|-mega|p2a: Charizard|Charizard|Charizardite Y\n|-weather|SunnyDay|[from] ability: Drought|[of] p2a: Charizard\n|move|p1a: Scovillain|Protect|p1a: Scovillain\n|-singleturn|p1a: Scovillain|Protect\n|move|p2a: Charizard|Heat Wave|p1a: Scovillain|[spread] p1b\n|-activate|p1a: Scovillain|move: Protect\n|-damage|p1b: Sneasler|0 fnt\n|faint|p1b: Sneasler\n|\n|-weather|SunnyDay|[upkeep]\n|-ability|p1a: Scovillain|Moody|boost\n|-boost|p1a: Scovillain|spa|2\n|-unboost|p1a: Scovillain|spd|1\n|upkeep\n|\n|t:|1788451629\n|switch|p1b: Lycanroc|Lycanroc-Dusk, L50, F|100/100\n|turn|5\n|\n|t:|1788451654\n|detailschange|p1a: Scovillain|Scovillain-Mega, L50, F\n|-mega|p1a: Scovillain|Scovillain|Scovillainite\n|move|p2b: Incineroar|Fake Out|p1b: Lycanroc\n|-resisted|p1b: Lycanroc|1\n|-damage|p1b: Lycanroc|90/100\n|move|p1a: Scovillain|Overheat|p2a: Charizard\n|-resisted|p2a: Charizard|1\n|-damage|p2a: Charizard|7/100\n|-unboost|p1a: Scovillain|spa|2\n|move|p2a: Charizard|Weather Ball|p1a: Scovillain\n|-damage|p1a: Scovillain|0 fnt\n|faint|p1a: Scovillain\n|cant|p1b: Lycanroc|flinch\n|\n|-weather|SunnyDay|[upkeep]\n|-fieldend|move: Trick Room\n|upkeep\n|turn|6\n|\n|t:|1788451664\n|move|p1b: Lycanroc|Rock Slide|p2b: Incineroar|[spread] p2a,p2b\n|-supereffective|p2a: Charizard|2\n|-supereffective|p2b: Incineroar|1\n|-damage|p2a: Charizard|0 fnt\n|-damage|p2b: Incineroar|14/100\n|-enditem|p2b: Incineroar|Sitrus Berry|[eat]\n|-heal|p2b: Incineroar|39/100|[from] item: Sitrus Berry\n|faint|p2a: Charizard\n|cant|p2b: Incineroar|flinch\n|\n|-weather|SunnyDay|[upkeep]\n|upkeep\n|\n|t:|1788451668\n|switch|p2a: Rhyperior|Rhyperior, L50, M|45/100\n|turn|7\n|\n|t:|1788451674\n|move|p1b: Lycanroc|Close Combat|p2a: Rhyperior\n|-supereffective|p2a: Rhyperior|1\n|-damage|p2a: Rhyperior|0 fnt\n|-unboost|p1b: Lycanroc|def|1\n|-unboost|p1b: Lycanroc|spd|1\n|faint|p2a: Rhyperior\n|move|p2b: Incineroar|Throat Chop|p1b: Lycanroc\n|-damage|p1b: Lycanroc|10/100\n|-start|p1b: Lycanroc|Throat Chop|[silent]\n|\n|-weather|SunnyDay|[upkeep]\n|upkeep\n|\n|t:|1788451677\n|switch|p2a: Farigiraf|Farigiraf, L50, F|48/100 psn\n|turn|8\n|\n|t:|1788451681\n|move|p1b: Lycanroc|Rock Slide|p2b: Incineroar|[spread] p2a,p2b\n|-supereffective|p2b: Incineroar|1\n|-damage|p2a: Farigiraf|22/100 psn\n|-damage|p2b: Incineroar|0 fnt\n|faint|p2b: Incineroar\n|move|p2a: Farigiraf|Trick Room|p2a: Farigiraf\n|-fieldstart|move: Trick Room|[of] p2a: Farigiraf\n|\n|-weather|none\n|-damage|p2a: Farigiraf|10/100 psn|[from] psn\n|-end|p1b: Lycanroc|Throat Chop|[silent]\n|upkeep\n|turn|9\n|\n|t:|1788451689\n|move|p1b: Lycanroc|Protect|p1b: Lycanroc\n|-singleturn|p1b: Lycanroc|Protect\n|move|p2a: Farigiraf|Psychic|p1b: Lycanroc\n|-activate|p1b: Lycanroc|move: Protect\n|\n|-damage|p2a: Farigiraf|0 fnt|[from] psn\n|faint|p2a: Farigiraf\n|\n|win|metvgc\n","uploadtime":1788451689,"views":"1","formatid":"gen9championsvgc2026regmbbo3","rating":null,"private":0,"password":null}