{"id":"gen9championsvgc2026regmbbo3-2674679464","format":"[Gen 9 Champions] VGC 2026 Reg M-B (Bo3)","players":["jeanryupr","JLFalcon"],"log":"|j|☆jeanryupr\n|j|☆JLFalcon\n|html|<table width=\"100%\"><tr><td align=\"left\">jeanryupr</td><td align=\"right\">JLFalcon</tr><tr><td align=\"left\"><i class=\"fa fa-circle-o\"></i> <i class=\"fa fa-circle-o\"></i> </td><td align=\"right\"><i class=\"fa fa-circle-o\"></i> <i class=\"fa fa-circle\"></i> </tr></table>\n|uhtml|bestof|<h2><strong>Game 2</strong> of <a href=\"/game-bestof3-gen9championsvgc2026regmbbo3-2674678406\">a best-of-3</a></h2>\n|t:|1788389394\n|gametype|doubles\n|player|p1|jeanryupr|2|1263\n|player|p2|JLFalcon|brawly|1207\n|gen|9\n|tier|[Gen 9 Champions] VGC 2026 Reg M-B (Bo3)\n|rated|\n|rule|Species Clause: Limit one of each Pokémon\n|rule|Item Clause: Limit 1 of each item\n|clearpoke\n|poke|p1|Scovillain, L50, M, shiny|\n|poke|p1|Basculegion, L50, M|\n|poke|p1|Kingambit, L50, F|\n|poke|p1|Sneasler, L50, F|\n|poke|p1|Lycanroc-Dusk, L50, M|\n|poke|p1|Froslass, L50, F|\n|poke|p2|Sneasler, L50, F|\n|poke|p2|Barbaracle, L50, M|\n|poke|p2|Farigiraf, L50, F|\n|poke|p2|Camerupt, L50, F|\n|poke|p2|Ninetales-Alola, L50, F|\n|poke|p2|Sinistcha, L50|\n|teampreview|4\n|showteam|p1|Scovillain||Scovillainite|Moody|GigaDrain,Overheat,RagePowder,Protect|Bold||M|||50|]Basculegion||LifeOrb|Adaptability|WaveCrash,LastRespects,AquaJet,Protect|Adamant||M|||50|]Kingambit||BlackGlasses|Defiant|KowtowCleave,SuckerPunch,SwordsDance,Protect|Adamant||F|||50|]Sneasler||WhiteHerb|Unburden|CloseCombat,DireClaw,Protect,FakeOut|Adamant||F|||50|]Lycanroc-Dusk||FocusSash|ToughClaws|CloseCombat,Accelerock,RockSlide,Protect|Adamant||M|||50|]Froslass||Froslassite|CursedBody|Blizzard,ShadowBall,AuroraVeil,Protect|Timid||F|||50|\n|showteam|p2|Sneasler||WhiteHerb|Unburden|CloseCombat,DireClaw,FakeOut,Coaching|Jolly||F|||50|]Barbaracle||Barbaracite|ToughClaws|RockSlide,CloseCombat,ShellSmash,Protect|Adamant||M|||50|]Farigiraf||SitrusBerry|ArmorTail|TwinBeam,HyperVoice,HelpingHand,TrickRoom|Quiet||F|||50|]Camerupt||Cameruptite|SolidRock|EarthPower,Eruption,HeatWave,Protect|Quiet||F|||50|]Ninetales-Alola||FocusSash|SnowWarning|Blizzard,FreezeDry,Moonblast,Protect|Timid||F|||50|]Sinistcha||KasibBerry|Hospitality|MatchaGotcha,StrengthSap,RagePowder,TrickRoom|Calm|||||50|\n|inactive|Battle timer is ON: inactive players will automatically lose when time's up. (requested by JLFalcon)\n|\n|t:|1788389416\n|teamsize|p1|4\n|teamsize|p2|4\n|start\n|switch|p1a: Froslass|Froslass, L50, F|100/100\n|switch|p1b: Basculegion|Basculegion, L50, M|100/100\n|switch|p2a: Barbaracle|Barbaracle, L50, M|100/100\n|switch|p2b: Sneasler|Sneasler, L50, F|100/100\n|turn|1\n|\n|t:|1788389431\n|detailschange|p1a: Froslass|Froslass-Mega, L50, F\n|-mega|p1a: Froslass|Froslass|Froslassite\n|-weather|Snowscape|[from] ability: Snow Warning|[of] p1a: Froslass\n|move|p2b: Sneasler|Coaching|p2a: Barbaracle\n|-boost|p2a: Barbaracle|atk|1\n|-boost|p2a: Barbaracle|def|1\n|move|p1a: Froslass|Blizzard|p2b: Sneasler|[spread] p2a,p2b\n|-resisted|p2a: Barbaracle|1\n|-damage|p2a: Barbaracle|80/100\n|-damage|p2b: Sneasler|46/100\n|move|p1b: Basculegion|Wave Crash|p2a: Barbaracle\n|-damage|p2a: Barbaracle|16/100\n|-damage|p1b: Basculegion|80/100|[from] Recoil\n|-damage|p1b: Basculegion|71/100|[from] item: Life Orb\n|move|p2a: Barbaracle|Shell Smash|p2a: Barbaracle\n|-unboost|p2a: Barbaracle|def|1\n|-unboost|p2a: Barbaracle|spd|1\n|-boost|p2a: Barbaracle|atk|2\n|-boost|p2a: Barbaracle|spa|2\n|-boost|p2a: Barbaracle|spe|2\n|\n|-weather|Snowscape|[upkeep]\n|upkeep\n|turn|2\n|\n|t:|1788389454\n|move|p2a: Barbaracle|Protect|p2a: Barbaracle\n|-singleturn|p2a: Barbaracle|Protect\n|move|p1b: Basculegion|Aqua Jet|p2a: Barbaracle\n|-activate|p2a: Barbaracle|move: Protect\n|move|p2b: Sneasler|Coaching|p2a: Barbaracle\n|-boost|p2a: Barbaracle|atk|1\n|-boost|p2a: Barbaracle|def|1\n|move|p1a: Froslass|Blizzard|p2b: Sneasler|[spread] p2b\n|-activate|p2a: Barbaracle|move: Protect\n|-damage|p2b: Sneasler|0 fnt\n|faint|p2b: Sneasler\n|\n|-weather|Snowscape|[upkeep]\n|upkeep\n|\n|t:|1788389464\n|switch|p2b: Sinistcha|Sinistcha, L50|100/100\n|-heal|p2a: Barbaracle|41/100|[from] ability: Hospitality|[of] p2b: Sinistcha\n|turn|3\n|\n|t:|1788389473\n|switch|p1b: Kingambit|Kingambit, L50, F|100/100\n|detailschange|p2a: Barbaracle|Barbaracle-Mega, L50, M\n|-mega|p2a: Barbaracle|Barbaracle|Barbaracite\n|move|p2b: Sinistcha|Rage Powder|p2b: Sinistcha\n|-singleturn|p2b: Sinistcha|move: Rage Powder\n|move|p2a: Barbaracle|Rock Slide|p1b: Kingambit|[spread] p1b\n|-miss|p2a: Barbaracle|p1a: Froslass\n|-resisted|p1b: Kingambit|1\n|-damage|p1b: Kingambit|63/100\n|move|p1a: Froslass|Blizzard|p2b: Sinistcha|[spread] p2a,p2b\n|-supereffective|p2b: Sinistcha|1\n|-damage|p2a: Barbaracle|0 fnt\n|-damage|p2b: Sinistcha|28/100\n|faint|p2a: Barbaracle\n|\n|-weather|Snowscape|[upkeep]\n|upkeep\n|\n|t:|1788389488\n|switch|p2a: Ninetales|Ninetales-Alola, L50, F|100/100\n|turn|4\n|c|☆JLFalcon|I did luck df out last game so\n|c|☆JLFalcon|tis only fair\n|\n|t:|1788389503\n|move|p1a: Froslass|Blizzard|p2a: Ninetales|[spread] p2a,p2b\n|-resisted|p2a: Ninetales|1\n|-supereffective|p2b: Sinistcha|1\n|-damage|p2a: Ninetales|77/100\n|-damage|p2b: Sinistcha|0 fnt\n|faint|p2b: Sinistcha\n|move|p2a: Ninetales|Moonblast|p1b: Kingambit\n|-damage|p1b: Kingambit|29/100\n|move|p1b: Kingambit|Kowtow Cleave|p2a: Ninetales\n|-resisted|p2a: Ninetales|1\n|-damage|p2a: Ninetales|44/100\n|\n|-weather|Snowscape|[upkeep]\n|upkeep\n|turn|5\n|\n|t:|1788389527\n|move|p1b: Kingambit|Sucker Punch|p2a: Ninetales\n|-resisted|p2a: Ninetales|1\n|-damage|p2a: Ninetales|21/100\n|move|p1a: Froslass|Shadow Ball|p2a: Ninetales\n|-damage|p2a: Ninetales|0 fnt\n|faint|p2a: Ninetales\n|\n|win|jeanryupr\n","uploadtime":1788389400,"views":"6","formatid":"gen9championsvgc2026regmbbo3","rating":null,"private":0,"password":null}