{"id":"gen9championsvgc2026regmbbo3-2673423981","format":"[Gen 9 Champions] VGC 2026 Reg M-B (Bo3)","players":["rojasus","Hchchchchhc"],"log":"|j|☆rojasus\n|j|☆Hchchchchhc\n|html|<table width=\"100%\"><tr><td align=\"left\">rojasus</td><td align=\"right\">Hchchchchhc</tr><tr><td align=\"left\"><i class=\"fa fa-circle-o\"></i> <i class=\"fa fa-circle-o\"></i> </td><td align=\"right\"><i class=\"fa fa-circle-o\"></i> <i class=\"fa fa-circle-o\"></i> </tr></table>\n|uhtml|bestof|<h2><strong>Game 1</strong> of <a href=\"/game-bestof3-gen9championsvgc2026regmbbo3-2673423980\">a best-of-3</a></h2>\n|t:|1788196092\n|gametype|doubles\n|player|p1|rojasus|ingo|1137\n|player|p2|Hchchchchhc|169|1040\n|gen|9\n|tier|[Gen 9 Champions] VGC 2026 Reg M-B (Bo3)\n|rated|\n|rule|Species Clause: Limit one of each Pokémon\n|rule|Item Clause: Limit 1 of each item\n|clearpoke\n|poke|p1|Swampert, L50, M|\n|poke|p1|Pelipper, L50, M|\n|poke|p1|Archaludon, L50, F|\n|poke|p1|Grimmsnarl, L50, M|\n|poke|p1|Charizard, L50, F|\n|poke|p1|Venusaur, L50, F|\n|poke|p2|Ninetales-Alola, L50, F|\n|poke|p2|Kingambit, L50, M|\n|poke|p2|Glimmora, L50, F|\n|poke|p2|Kommo-o, L50, M|\n|poke|p2|Whimsicott, L50, F|\n|poke|p2|Basculegion, L50, M|\n|teampreview|4\n|showteam|p1|Swampert||Swampertite|Torrent|WaveCrash,Earthquake,IcePunch,Protect|Adamant||M|||50|]Pelipper||SitrusBerry|Drizzle|WeatherBall,Hurricane,Tailwind,WideGuard|Bold||M|||50|]Archaludon||Leftovers|Stamina|ElectroShot,DragonPulse,FlashCannon,Protect|Calm||F|||50|]Grimmsnarl||LightClay|Prankster|LightScreen,Reflect,PartingShot,SpiritBreak|Careful||M|||50|]Charizard||CharizarditeY|Blaze|WeatherBall,HeatWave,Hurricane,Protect|Modest||F|||50|]Venusaur||FocusSash|Chlorophyll|LeafStorm,SleepPowder,SludgeBomb,Protect|Modest||F|||50|\n|showteam|p2|Ninetales-Alola||NeverMeltIce|SnowWarning|Protect,Blizzard,FreezeDry,HelpingHand|Timid||F|||50|]Kingambit||ChopleBerry|Defiant|Protect,KowtowCleave,LowKick,SuckerPunch|Adamant||M|||50|]Glimmora||Glimmoranite|ToxicDebris|PowerGem,SludgeBomb,EarthPower,SpikyShield|Modest||F|||50|]Kommo-o||LifeOrb|Soundproof|AuraSphere,ClangingScales,VacuumWave,Protect|Modest||M|||50|]Whimsicott||FocusSash|Prankster|Protect,Moonblast,Tailwind,Encore|Timid||F|||50|]Basculegion||ChoiceScarf|Adaptability|WaveCrash,LastRespects,FlipTurn,AquaJet|Jolly||M|||50|\n|inactive|Battle timer is ON: inactive players will automatically lose when time's up. (requested by rojasus)\n|inactive|Hchchchchhc also wants the timer to be on.\n|\n|t:|1788196115\n|teamsize|p1|4\n|teamsize|p2|4\n|start\n|switch|p1a: Archaludon|Archaludon, L50, F|100/100\n|switch|p1b: Grimmsnarl|Grimmsnarl, L50, M|100/100\n|switch|p2a: Kommo-o|Kommo-o, L50, M|100/100\n|switch|p2b: Kingambit|Kingambit, L50, M|100/100\n|turn|1\n|inactive|Hchchchchhc has 30 seconds left.\n|\n|t:|1788196141\n|move|p2a: Kommo-o|Protect|p2a: Kommo-o\n|-singleturn|p2a: Kommo-o|Protect\n|move|p1a: Archaludon|Protect|p1a: Archaludon\n|-singleturn|p1a: Archaludon|Protect\n|move|p1b: Grimmsnarl|Reflect|p1b: Grimmsnarl\n|-sidestart|p1: rojasus|Reflect\n|move|p2b: Kingambit|Low Kick|p1a: Archaludon\n|-activate|p1a: Archaludon|move: Protect\n|\n|upkeep\n|turn|2\n|\n|t:|1788196158\n|switch|p1a: Pelipper|Pelipper, L50, M|100/100\n|-weather|RainDance|[from] ability: Drizzle|[of] p1a: Pelipper\n|move|p2a: Kommo-o|Aura Sphere|p1a: Pelipper\n|-resisted|p1a: Pelipper|1\n|-damage|p1a: Pelipper|67/100\n|-damage|p2a: Kommo-o|90/100|[from] item: Life Orb\n|move|p1b: Grimmsnarl|Spirit Break|p2a: Kommo-o\n|-supereffective|p2a: Kommo-o|2\n|-damage|p2a: Kommo-o|0 fnt\n|faint|p2a: Kommo-o\n|move|p2b: Kingambit|Low Kick|p1a: Pelipper\n|-resisted|p1a: Pelipper|1\n|-damage|p1a: Pelipper|60/100\n|\n|-weather|RainDance|[upkeep]\n|upkeep\n|\n|t:|1788196169\n|switch|p2a: Whimsicott|Whimsicott, L50, F|100/100\n|turn|3\n|\n|t:|1788196191\n|move|p2a: Whimsicott|Tailwind|p2a: Whimsicott\n|-sidestart|p2: Hchchchchhc|move: Tailwind\n|move|p2b: Kingambit|Kowtow Cleave|p1a: Pelipper\n|-damage|p1a: Pelipper|28/100\n|-enditem|p1a: Pelipper|Sitrus Berry|[eat]\n|-heal|p1a: Pelipper|53/100|[from] item: Sitrus Berry\n|move|p1a: Pelipper|Tailwind|p1a: Pelipper\n|-sidestart|p1: rojasus|move: Tailwind\n|move|p1b: Grimmsnarl|Spirit Break|p2a: Whimsicott\n|-damage|p2a: Whimsicott|51/100\n|-unboost|p2a: Whimsicott|spa|1\n|\n|-weather|RainDance|[upkeep]\n|upkeep\n|turn|4\n|\n|t:|1788196211\n|switch|p1b: Swampert|Swampert, L50, M|100/100\n|move|p2a: Whimsicott|Encore|p1a: Pelipper\n|-start|p1a: Pelipper|Encore\n|move|p1a: Pelipper|Tailwind||[still]\n|-fail|p1a: Pelipper\n|move|p2b: Kingambit|Kowtow Cleave|p1a: Pelipper\n|-crit|p1a: Pelipper\n|-damage|p1a: Pelipper|0 fnt\n|faint|p1a: Pelipper\n|\n|-weather|RainDance|[upkeep]\n|upkeep\n|\n|t:|1788196224\n|switch|p1a: Archaludon|Archaludon, L50, F|100/100\n|turn|5\n|\n|t:|1788196233\n|detailschange|p1b: Swampert|Swampert-Mega, L50, M\n|-mega|p1b: Swampert|Swampert|Swampertite\n|move|p2a: Whimsicott|Protect|p2a: Whimsicott\n|-singleturn|p2a: Whimsicott|Protect\n|move|p1a: Archaludon|Protect|p1a: Archaludon\n|-singleturn|p1a: Archaludon|Protect\n|move|p1b: Swampert|Earthquake|p2a: Whimsicott|[spread] p2b\n|-activate|p1a: Archaludon|move: Protect\n|-activate|p2a: Whimsicott|move: Protect\n|-supereffective|p2b: Kingambit|1\n|-damage|p2b: Kingambit|24/100\n|move|p2b: Kingambit|Kowtow Cleave|p1b: Swampert\n|-damage|p1b: Swampert|72/100\n|\n|-weather|RainDance|[upkeep]\n|upkeep\n|turn|6\n|inactive|rojasus has 30 seconds left.\n|\n|t:|1788196264\n|switch|p1a: Grimmsnarl|Grimmsnarl, L50, M|100/100\n|move|p2a: Whimsicott|Encore|p1a: Grimmsnarl\n|-hint|Since gen 7, Dark is immune to Prankster moves.\n|-immune|p1a: Grimmsnarl\n|move|p1b: Swampert|Ice Punch|p2a: Whimsicott\n|-supereffective|p2a: Whimsicott|1\n|-damage|p2a: Whimsicott|0 fnt\n|faint|p2a: Whimsicott\n|move|p2b: Kingambit|Low Kick|p1a: Grimmsnarl\n|-damage|p1a: Grimmsnarl|79/100\n|\n|-weather|none\n|-sideend|p1: rojasus|move: Tailwind\n|-sideend|p2: Hchchchchhc|move: Tailwind\n|upkeep\n|\n|t:|1788196268\n|switch|p2a: Glimmora|Glimmora, L50, F|100/100\n|turn|7\n|inactive|rojasus has 30 seconds left.\n|\n|t:|1788196294\n|detailschange|p2a: Glimmora|Glimmora-Mega, L50, F\n|-mega|p2a: Glimmora|Glimmora|Glimmoranite\n|move|p1a: Grimmsnarl|Light Screen|p1a: Grimmsnarl\n|-sidestart|p1: rojasus|move: Light Screen\n|move|p2a: Glimmora|Earth Power|p1b: Swampert\n|-crit|p1b: Swampert\n|-damage|p1b: Swampert|29/100\n|move|p1b: Swampert|Earthquake|p2a: Glimmora|[spread] p1a,p2a,p2b\n|-supereffective|p2a: Glimmora|2\n|-supereffective|p2b: Kingambit|1\n|-damage|p1a: Grimmsnarl|47/100\n|-damage|p2a: Glimmora|0 fnt\n|-damage|p2b: Kingambit|0 fnt\n|faint|p2a: Glimmora\n|faint|p2b: Kingambit\n|\n|win|rojasus\n","uploadtime":1788196304,"views":"0","formatid":"gen9championsvgc2026regmbbo3","rating":null,"private":0,"password":null}