{"id":"gen9championsvgc2026regmb-2674187610","format":"[Gen 9 Champions] VGC 2026 Reg M-B","players":["UzShock","AncientBaby"],"log":"|j|☆UzShock\n|j|☆AncientBaby\n|html|<table width=\"100%\"><tr><td align=\"left\">UzShock</td><td align=\"right\">AncientBaby</tr><tr><td align=\"left\"><i class=\"fa fa-circle\"></i> <i class=\"fa fa-circle-o\"></i> </td><td align=\"right\"><i class=\"fa fa-circle-o\"></i> <i class=\"fa fa-circle-o\"></i> </tr></table>\n|uhtml|bestof|<h2><strong>Game 2</strong> of <a href=\"/game-bestof3-gen9championsvgc2026regmb-2674185730\">a best-of-3</a></h2>\n|t:|1788312395\n|gametype|doubles\n|player|p1|UzShock|169|\n|player|p2|AncientBaby|drayden|\n|gen|9\n|tier|[Gen 9 Champions] VGC 2026 Reg M-B\n|rule|Species Clause: Limit one of each Pokémon\n|rule|Item Clause: Limit 1 of each item\n|raw|<div class=\"infobox\"><details class=\"readmore\" open><summary><strong>1 custom rule:</strong></summary> Best of = 3</details></div>\n|clearpoke\n|poke|p1|Pelipper, L50, F|\n|poke|p1|Grimmsnarl, L50, M|\n|poke|p1|Swampert, L50, F|\n|poke|p1|Greninja, L50, M|\n|poke|p1|Slowking-Galar, L50, F|\n|poke|p1|Scizor, L50, M|\n|poke|p2|Staraptor, L50, F|\n|poke|p2|Farigiraf, L50, F|\n|poke|p2|Sylveon, L50, M|\n|poke|p2|Garchomp, L50, F|\n|poke|p2|Torkoal, L50, M|\n|poke|p2|Rotom-Mow, L50|\n|teampreview|4\nAncientBaby rejected open team sheets.\n|\n|t:|1788312436\n|teamsize|p1|4\n|teamsize|p2|4\n|start\n|switch|p1a: Grimmsnarl|Grimmsnarl, L50, M|100/100\n|switch|p1b: Pelipper|Pelipper, L50, F|100/100\n|switch|p2a: Lawraptor|Staraptor, L50, F|100/100\n|switch|p2b: Rotom-Law|Rotom-Mow, L50|100/100\n|-ability|p2a: Lawraptor|Intimidate|boost\n|-unboost|p1a: Grimmsnarl|atk|1\n|-unboost|p1b: Pelipper|atk|1\n|-weather|RainDance|[from] ability: Drizzle|[of] p1b: Pelipper\n|turn|1\n|\n|t:|1788312474\n|switch|p1b: Scizor|Scizor, L50, M|100/100\n|detailschange|p2a: Lawraptor|Staraptor-Mega, L50, F\n|-mega|p2a: Lawraptor|Staraptor|Staraptite\n|move|p1a: Grimmsnarl|Reflect|p1a: Grimmsnarl\n|-sidestart|p1: UzShock|Reflect\n|move|p2a: Lawraptor|Close Combat|p1a: Grimmsnarl\n|-damage|p1a: Grimmsnarl|47/100\n|-boost|p2a: Lawraptor|def|1\n|-boost|p2a: Lawraptor|spd|1\n|move|p2b: Rotom-Law|Volt Switch|p1b: Scizor\n|-damage|p1b: Scizor|60/100\n|\n|t:|1788312494\n|switch|p2b: Larchomp|Garchomp, L50, F|100/100|[from] Volt Switch\n|\n|-weather|RainDance|[upkeep]\n|upkeep\n|turn|2\n|\n|t:|1788312514\n|move|p2a: Lawraptor|Close Combat|p1b: Scizor\n|-damage|p1b: Scizor|15/100\n|-boost|p2a: Lawraptor|def|1\n|-boost|p2a: Lawraptor|spd|1\n|move|p2b: Larchomp|Earthquake|p1b: Scizor|[spread] p1a,p1b\n|-immune|p2a: Lawraptor\n|-damage|p1a: Grimmsnarl|17/100\n|-damage|p1b: Scizor|0 fnt\n|faint|p1b: Scizor\n|move|p1a: Grimmsnarl|Spirit Break|p2a: Lawraptor\n|-supereffective|p2a: Lawraptor|1\n|-crit|p2a: Lawraptor\n|-damage|p2a: Lawraptor|7/100\n|-boost|p2a: Lawraptor|spa|1\n|\n|-weather|RainDance|[upkeep]\n|upkeep\n|\n|t:|1788312534\n|switch|p1b: Pelipper|Pelipper, L50, F|100/100\n|turn|3\n|\n|t:|1788312562\n|move|p1a: Grimmsnarl|Parting Shot|p2b: Larchomp\n|-unboost|p2b: Larchomp|atk|1\n|-unboost|p2b: Larchomp|spa|1\n|\n|t:|1788312566\n|switch|p1a: Swampert|Swampert, L50, F|100/100|[from] Parting Shot\n|move|p2a: Lawraptor|Brave Bird|p1a: Swampert\n|-damage|p1a: Swampert|63/100\n|-damage|p2a: Lawraptor|0 fnt|[from] Recoil\n|faint|p2a: Lawraptor\n|move|p2b: Larchomp|Rock Slide|p1b: Pelipper|[spread] p1a,p1b\n|-resisted|p1a: Swampert|1\n|-supereffective|p1b: Pelipper|1\n|-damage|p1a: Swampert|59/100\n|-damage|p1b: Pelipper|80/100\n|cant|p1b: Pelipper|flinch\n|\n|-weather|RainDance|[upkeep]\n|upkeep\n|\n|t:|1788312591\n|switch|p2a: Rotom-Law|Rotom-Mow, L50|100/100\n|turn|4\n|\n|t:|1788312647\n|switch|p2b: Sylveaw|Sylveon, L50, M|100/100\n|detailschange|p1a: Swampert|Swampert-Mega, L50, F\n|-mega|p1a: Swampert|Swampert|Swampertite\n|move|p1a: Swampert|Ice Punch|p2a: Rotom-Law\n|-supereffective|p2a: Rotom-Law|1\n|-damage|p2a: Rotom-Law|14/100\n|-status|p2a: Rotom-Law|frz\n|cant|p2a: Rotom-Law|frz\n|move|p1b: Pelipper|Hurricane|p2a: Rotom-Law\n|-damage|p2a: Rotom-Law|0 fnt\n|faint|p2a: Rotom-Law\n|\n|-weather|RainDance|[upkeep]\n|upkeep\n|\n|t:|1788312662\n|switch|p2a: Larchomp|Garchomp, L50, F|100/100\n|turn|5\n|\n|t:|1788312680\n|move|p1a: Swampert|Protect|p1a: Swampert\n|-singleturn|p1a: Swampert|Protect\n|move|p2a: Larchomp|Protect|p2a: Larchomp\n|-singleturn|p2a: Larchomp|Protect\n|move|p2b: Sylveaw|Detect|p2b: Sylveaw\n|-singleturn|p2b: Sylveaw|Protect\n|move|p1b: Pelipper|Wide Guard||[still]\n|-fail|p1b: Pelipper\n|\n|-weather|none\n|upkeep\n|turn|6\n|\n|t:|1788312711\n|switch|p1b: Grimmsnarl|Grimmsnarl, L50, M|17/100\n|move|p1a: Swampert|Protect||[still]\n|-fail|p1a: Swampert\n|move|p2a: Larchomp|Dragon Claw|p1a: Swampert\n|-damage|p1a: Swampert|37/100\n|move|p2b: Sylveaw|Hyper Voice|p1b: Grimmsnarl|[spread] p1a,p1b\n|-supereffective|p1b: Grimmsnarl|1\n|-damage|p1a: Swampert|5/100\n|-damage|p1b: Grimmsnarl|0 fnt\n|faint|p1b: Grimmsnarl\n|\n|upkeep\n|\n|t:|1788312727\n|switch|p1b: Pelipper|Pelipper, L50, F|80/100\n|-weather|RainDance|[from] ability: Drizzle|[of] p1b: Pelipper\n|turn|7\n|\n|t:|1788312741\n|move|p2a: Larchomp|Protect|p2a: Larchomp\n|-singleturn|p2a: Larchomp|Protect\n|move|p2b: Sylveaw|Quick Attack|p1a: Swampert\n|-damage|p1a: Swampert|0 fnt\n|faint|p1a: Swampert\n|move|p1b: Pelipper|Hurricane|p2b: Sylveaw\n|-damage|p2b: Sylveaw|70/100\n|\n|-weather|RainDance|[upkeep]\n|upkeep\n|turn|8\n|\n|t:|1788312770\n|move|p2a: Larchomp|Rock Slide|p1b: Pelipper\n|-supereffective|p1b: Pelipper|1\n|-damage|p1b: Pelipper|40/100\n|-enditem|p1b: Pelipper|Sitrus Berry|[eat]\n|-heal|p1b: Pelipper|65/100|[from] item: Sitrus Berry\n|move|p1b: Pelipper|Hurricane|p2a: Larchomp\n|-damage|p2a: Larchomp|57/100\n|-start|p2a: Larchomp|confusion\n|move|p2b: Sylveaw|Hyper Voice|p1b: Pelipper\n|-damage|p1b: Pelipper|7/100\n|\n|-weather|RainDance|[upkeep]\n|-sideend|p1: UzShock|Reflect\n|upkeep\n|turn|9\n|\n|t:|1788312800\n|move|p2b: Sylveaw|Quick Attack|p1b: Pelipper\n|-damage|p1b: Pelipper|0 fnt\n|faint|p1b: Pelipper\n|\n|win|AncientBaby\n||AncientBaby is ready for game 3.\n||UzShock is ready for game 3.\n|uhtml|next|Next: <a href=\"/battle-gen9championsvgc2026regmb-2674190219\"><strong>Game 3 of 3</strong></a>\n","uploadtime":1788313545,"views":"3","formatid":"gen9championsvgc2026regmb","rating":null,"private":0,"password":null}