{"id":"gen9championsvgc2026regmb-2673944778","format":"[Gen 9 Champions] VGC 2026 Reg M-B","players":["thebossssssssssss","ShrimpGun"],"log":"|j|☆thebossssssssssss\n|j|☆ShrimpGun\n|t:|1788280220\n|gametype|doubles\n|player|p1|thebossssssssssss|n|1145\n|player|p2|ShrimpGun|fisherman-gen4|1205\n|gen|9\n|tier|[Gen 9 Champions] VGC 2026 Reg M-B\n|rated|\n|rule|Species Clause: Limit one of each Pokémon\n|rule|Item Clause: Limit 1 of each item\n|clearpoke\n|poke|p1|Rotom-Wash, L50, shiny|\n|poke|p1|Charizard, L50, M|\n|poke|p1|Excadrill, L50, M|\n|poke|p1|Whimsicott, L50, F|\n|poke|p1|Sylveon, L50, F, shiny|\n|poke|p1|Incineroar, L50, M, shiny|\n|poke|p2|Staraptor, L50, M|\n|poke|p2|Farigiraf, L50, F, shiny|\n|poke|p2|Clawitzer, L50, M|\n|poke|p2|Arcanine-Hisui, L50, M|\n|poke|p2|Sylveon, L50, F|\n|poke|p2|Kingambit, L50, M|\n|teampreview|4\n|inactive|Battle timer is ON: inactive players will automatically lose when time's up. (requested by ShrimpGun)\n|\n|t:|1788280253\n|teamsize|p1|4\n|teamsize|p2|4\n|start\n|switch|p1a: Rotom|Rotom-Wash, L50, shiny|100/100\n|switch|p1b: Excadrill|Excadrill, L50, M|100/100\n|switch|p2a: Arcanine|Arcanine-Hisui, L50, M|100/100\n|switch|p2b: Staraptor|Staraptor, L50, M|100/100\n|-ability|p2b: Staraptor|Intimidate|boost\n|-unboost|p1a: Rotom|atk|1\n|-unboost|p1b: Excadrill|atk|1\n|turn|1\n|\n|t:|1788280266\n|detailschange|p2b: Staraptor|Staraptor-Mega, L50, M\n|-mega|p2b: Staraptor|Staraptor|Staraptite\n|detailschange|p1b: Excadrill|Excadrill-Mega, L50, M\n|-mega|p1b: Excadrill|Excadrill|Excadrite\n|move|p2b: Staraptor|Close Combat|p1b: Excadrill\n|-supereffective|p1b: Excadrill|1\n|-damage|p1b: Excadrill|2/100\n|-boost|p2b: Staraptor|def|1\n|-boost|p2b: Staraptor|spd|1\n|move|p1b: Excadrill|Rock Slide|p2b: Staraptor|[spread] p2a,p2b\n|-supereffective|p2a: Arcanine|1\n|-damage|p2a: Arcanine|62/100\n|-damage|p2b: Staraptor|90/100\n|cant|p2a: Arcanine|flinch\n|move|p1a: Rotom|Hydro Pump|p2a: Arcanine\n|-supereffective|p2a: Arcanine|2\n|-damage|p2a: Arcanine|0 fnt\n|faint|p2a: Arcanine\n|\n|upkeep\n|\n|t:|1788280284\n|switch|p2a: Old Yeller|Sylveon, L50, F|100/100\n|turn|2\n|\n|t:|1788280296\n|switch|p1b: Sylveon|Sylveon, L50, F, shiny|100/100\n|move|p2b: Staraptor|Tailwind|p2b: Staraptor\n|-sidestart|p2: ShrimpGun|move: Tailwind\n|move|p2a: Old Yeller|Hyper Voice|p1a: Rotom|[spread] p1a,p1b\n|-damage|p1a: Rotom|35/100\n|-damage|p1b: Sylveon|62/100\n|move|p1a: Rotom|Thunderbolt|p2b: Staraptor\n|-supereffective|p2b: Staraptor|1\n|-damage|p2b: Staraptor|33/100\n|\n|-heal|p1a: Rotom|40/100|[from] item: Leftovers\n|upkeep\n|turn|3\n|inactive|thebossssssssssss has 30 seconds left.\n|\n|t:|1788280322\n|switch|p1a: Whimsicott|Whimsicott, L50, F|100/100\n|move|p2b: Staraptor|Brave Bird|p1b: Sylveon\n|-damage|p1b: Sylveon|2/100\n|-damage|p2b: Staraptor|14/100|[from] Recoil\n|move|p2a: Old Yeller|Hyper Voice|p1a: Whimsicott|[spread] p1a,p1b\n|-crit|p1b: Sylveon\n|-damage|p1a: Whimsicott|18/100\n|-damage|p1b: Sylveon|0 fnt\n|faint|p1b: Sylveon\n|\n|upkeep\n|\n|t:|1788280342\n|switch|p1b: Excadrill|Excadrill-Mega, L50, M|2/100\n|turn|4\n|\n|t:|1788280353\n|move|p1b: Excadrill|Protect|p1b: Excadrill\n|-singleturn|p1b: Excadrill|Protect\n|move|p2b: Staraptor|Brave Bird|p1b: Excadrill\n|-activate|p1b: Excadrill|move: Protect\n|move|p1a: Whimsicott|Moonblast|p2b: Staraptor\n|-supereffective|p2b: Staraptor|1\n|-damage|p2b: Staraptor|0 fnt\n|faint|p2b: Staraptor\n|move|p2a: Old Yeller|Hyper Voice|p1b: Excadrill|[spread] p1a\n|-activate|p1b: Excadrill|move: Protect\n|-damage|p1a: Whimsicott|0 fnt\n|faint|p1a: Whimsicott\n|\n|upkeep\n|\n|t:|1788280364\n|switch|p1a: Rotom|Rotom-Wash, L50, shiny|40/100\n|switch|p2b: Farigiraf|Farigiraf, L50, F, shiny|100/100\n|turn|5\n|inactive|thebossssssssssss has 30 seconds left.\n|\n|t:|1788280395\n|move|p1b: Excadrill|Protect||[still]\n|-fail|p1b: Excadrill\n|move|p2a: Old Yeller|Hyper Voice|p1b: Excadrill|[spread] p1a,p1b\n|-resisted|p1b: Excadrill|1\n|-damage|p1a: Rotom|0 fnt\n|-damage|p1b: Excadrill|0 fnt\n|faint|p1a: Rotom\n|faint|p1b: Excadrill\n|\n|win|ShrimpGun\n|raw|thebossssssssssss's rating: 1145 &rarr; <strong>1124</strong><br />(-21 for losing)\n|raw|ShrimpGun's rating: 1205 &rarr; <strong>1226</strong><br />(+21 for winning)\n","uploadtime":1788280397,"views":"3","formatid":"gen9championsvgc2026regmb","rating":1124,"private":0,"password":null}