{"id":"gen9championsvgc2026regmbbo3-2674982319","format":"[Gen 9 Champions] VGC 2026 Reg M-B (Bo3)","players":["sawasa","ZURUYO"],"log":"|j|☆sawasa\n|j|☆ZURUYO\n|html|<table width=\"100%\"><tr><td align=\"left\">sawasa</td><td align=\"right\">ZURUYO</tr><tr><td align=\"left\"><i class=\"fa fa-circle-o\"></i> <i class=\"fa fa-circle-o\"></i> </td><td align=\"right\"><i class=\"fa fa-circle-o\"></i> <i class=\"fa fa-circle-o\"></i> </tr></table>\n|uhtml|bestof|<h2><strong>Game 1</strong> of <a href=\"/game-bestof3-gen9championsvgc2026regmbbo3-2674982318\">a best-of-3</a></h2>\n|t:|1788445033\n|gametype|doubles\n|player|p1|sawasa|102|1043\n|player|p2|ZURUYO|roxie|1078\n|gen|9\n|tier|[Gen 9 Champions] VGC 2026 Reg M-B (Bo3)\n|rated|\n|rule|Species Clause: Limit one of each Pokémon\n|rule|Item Clause: Limit 1 of each item\n|clearpoke\n|poke|p1|Whimsicott, L50, M|\n|poke|p1|Froslass, L50, F|\n|poke|p1|Basculegion, L50, M|\n|poke|p1|Kingambit, L50, M|\n|poke|p1|Tyranitar, L50, F|\n|poke|p1|Excadrill, L50, M|\n|poke|p2|Charizard, L50, F|\n|poke|p2|Whimsicott, L50, M|\n|poke|p2|Garchomp, L50, F|\n|poke|p2|Floette-Eternal, L50, F|\n|poke|p2|Basculegion, L50, M|\n|poke|p2|Kingambit, L50, F|\n|teampreview|4\n|showteam|p1|Whimsicott||MentalHerb|Prankster|Tailwind,Encore,Moonblast,FakeTears|Timid||M|||50|]Froslass||Froslassite|CursedBody|Blizzard,ShadowBall,NastyPlot,Protect|Timid||F|||50|]Basculegion||ChoiceScarf|Adaptability|FlipTurn,WaveCrash,LastRespects,Waterfall|Jolly||M|||50|]Kingambit||ChopleBerry|Defiant|KowtowCleave,LowKick,IronHead,Protect|Adamant||M|||50|]Tyranitar||Tyranitarite|SandStream|RockSlide,KnockOff,Superpower,Protect|Adamant||F|||50|]Excadrill||FocusSash|SandRush|IronHead,RockSlide,HighHorsepower,Protect|Adamant||M|||50|\n|showteam|p2|Charizard||CharizarditeY|Blaze|HeatWave,WeatherBall,AncientPower,Protect|Timid||F|||50|]Whimsicott||FocusSash|Prankster|Moonblast,Tailwind,Encore,Protect|Timid||M|||50|]Garchomp||SitrusBerry|RoughSkin|DragonClaw,Earthquake,RockSlide,Protect|Jolly||F|||50|]Floette-Eternal||Floettite|FlowerVeil|Moonblast,DazzlingGleam,LightofRuin,Protect|Modest||F|||50|]Basculegion||LifeOrb|Adaptability|WaveCrash,LastRespects,AquaJet,Protect|Adamant||M|||50|]Kingambit||OccaBerry|Defiant|KowtowCleave,SuckerPunch,IronHead,LowKick|Adamant||F|||50|\n|inactive|Battle timer is ON: inactive players will automatically lose when time's up. (requested by sawasa)\n|inactive|ZURUYO has 60 seconds left.\n|\n|t:|1788445101\n|teamsize|p1|4\n|teamsize|p2|4\n|start\n|switch|p1a: Whimsicott|Whimsicott, L50, M|100/100\n|switch|p1b: Froslass|Froslass, L50, F|100/100\n|switch|p2a: Whimsicott|Whimsicott, L50, M|100/100\n|switch|p2b: Basculegion|Basculegion, L50, M|100/100\n|turn|1\n|inactive|ZURUYO has 30 seconds left.\n|\n|t:|1788445129\n|detailschange|p1b: Froslass|Froslass-Mega, L50, F\n|-mega|p1b: Froslass|Froslass|Froslassite\n|-weather|Snowscape|[from] ability: Snow Warning|[of] p1b: Froslass\n|move|p2b: Basculegion|Protect|p2b: Basculegion\n|-singleturn|p2b: Basculegion|Protect\n|move|p1a: Whimsicott|Tailwind|p1a: Whimsicott\n|-sidestart|p1: sawasa|move: Tailwind\n|move|p1b: Froslass|Shadow Ball|p2b: Basculegion\n|-activate|p2b: Basculegion|move: Protect\n|move|p2a: Whimsicott|Moonblast|p1b: Froslass\n|-damage|p1b: Froslass|59/100\n|\n|-weather|Snowscape|[upkeep]\n|upkeep\n|turn|2\n|inactive|sawasa has 30 seconds left.\n|inactive|sawasa has 20 seconds left.\n|inactive|sawasa has 15 seconds left.\n|\n|t:|1788445172\n|switch|p2b: Kingambit|Kingambit, L50, F|100/100\n|move|p1a: Whimsicott|Encore|p2b: Kingambit\n|-hint|Since gen 7, Dark is immune to Prankster moves.\n|-immune|p2b: Kingambit\n|move|p2a: Whimsicott|Encore|p1b: Froslass\n|-start|p1b: Froslass|Encore\n|move|p1b: Froslass|Shadow Ball|p2b: Kingambit\n|-resisted|p2b: Kingambit|1\n|-damage|p2b: Kingambit|73/100\n|\n|-weather|Snowscape|[upkeep]\n|upkeep\n|turn|3\n|inactive|sawasa has 30 seconds left.\n|\n|t:|1788445200\n|switch|p1b: Kingambit|Kingambit, L50, M|100/100\n|move|p2b: Kingambit|Sucker Punch||[still]\n|-fail|p2b: Kingambit\n|move|p1a: Whimsicott|Moonblast|p2b: Kingambit\n|-damage|p2b: Kingambit|42/100\n|move|p2a: Whimsicott|Moonblast|p1a: Whimsicott\n|-damage|p1a: Whimsicott|51/100\n|\n|-weather|Snowscape|[upkeep]\n|upkeep\n|turn|4\n|\n|t:|1788445223\n|switch|p2b: Charizard|Charizard, L50, F|100/100\n|move|p1b: Kingambit|Protect|p1b: Kingambit\n|-singleturn|p1b: Kingambit|Protect\n|move|p2a: Whimsicott|Tailwind|p2a: Whimsicott\n|-sidestart|p2: ZURUYO|move: Tailwind\n|move|p1a: Whimsicott|Moonblast|p2b: Charizard\n|-resisted|p2b: Charizard|1\n|-damage|p2b: Charizard|84/100\n|\n|-weather|Snowscape|[upkeep]\n|-sideend|p1: sawasa|move: Tailwind\n|upkeep\n|turn|5\n|\n|t:|1788445243\n|detailschange|p2b: Charizard|Charizard-Mega-Y, L50, F\n|-mega|p2b: Charizard|Charizard|Charizardite Y\n|-weather|SunnyDay|[from] ability: Drought|[of] p2b: Charizard\n|move|p1a: Whimsicott|Tailwind|p1a: Whimsicott\n|-sidestart|p1: sawasa|move: Tailwind\n|move|p2a: Whimsicott|Moonblast|p1b: Kingambit\n|-damage|p1b: Kingambit|62/100\n|move|p2b: Charizard|Heat Wave|p1b: Kingambit|[spread] p1a\n|-miss|p2b: Charizard|p1b: Kingambit\n|-supereffective|p1a: Whimsicott|1\n|-damage|p1a: Whimsicott|0 fnt\n|faint|p1a: Whimsicott\n|move|p1b: Kingambit|Kowtow Cleave|p2b: Charizard\n|-damage|p2b: Charizard|28/100\n|\n|-weather|SunnyDay|[upkeep]\n|upkeep\n|\n|t:|1788445254\n|switch|p1a: Froslass|Froslass-Mega, L50, F|59/100\n|-weather|Snowscape|[from] ability: Snow Warning|[of] p1a: Froslass\n|turn|6\n|\n|t:|1788445267\n|switch|p2b: Kingambit|Kingambit, L50, F|42/100\n|move|p1a: Froslass|Blizzard|p2a: Whimsicott|[spread] p2a,p2b\n|-supereffective|p2a: Whimsicott|1\n|-resisted|p2b: Kingambit|1\n|-enditem|p2a: Whimsicott|Focus Sash\n|-damage|p2a: Whimsicott|1/100\n|-damage|p2b: Kingambit|20/100r\n|move|p2a: Whimsicott|Moonblast|p1a: Froslass\n|-damage|p1a: Froslass|15/100\n|move|p1b: Kingambit|Iron Head|p2a: Whimsicott\n|-supereffective|p2a: Whimsicott|1\n|-damage|p2a: Whimsicott|0 fnt\n|faint|p2a: Whimsicott\n|\n|-weather|Snowscape|[upkeep]\n|upkeep\n|\n|t:|1788445282\n|switch|p2a: Charizard|Charizard-Mega-Y, L50, F|28/100\n|-weather|SunnyDay|[from] ability: Drought|[of] p2a: Charizard\n|turn|7\n|inactive|sawasa has 30 seconds left.\n|\n|t:|1788445308\n|switch|p1a: Basculegion|Basculegion, L50, M|100/100\n|move|p2b: Kingambit|Sucker Punch||[still]\n|-fail|p2b: Kingambit\n|move|p2a: Charizard|Weather Ball|p1b: Kingambit\n|-supereffective|p1b: Kingambit|1\n|-damage|p1b: Kingambit|0 fnt\n|faint|p1b: Kingambit\n|\n|-weather|SunnyDay|[upkeep]\n|-sideend|p2: ZURUYO|move: Tailwind\n|upkeep\n|\n|t:|1788445316\n|switch|p1b: Froslass|Froslass-Mega, L50, F|15/100\n|-weather|Snowscape|[from] ability: Snow Warning|[of] p1b: Froslass\n|turn|8\n|inactive|ZURUYO has 30 seconds left.\n|\n|t:|1788445346\n|move|p1b: Froslass|Protect|p1b: Froslass\n|-singleturn|p1b: Froslass|Protect\n|move|p2b: Kingambit|Sucker Punch|p1a: Basculegion\n|-supereffective|p1a: Basculegion|1\n|-crit|p1a: Basculegion\n|-damage|p1a: Basculegion|0 fnt\n|faint|p1a: Basculegion\n|move|p2a: Charizard|Ancient Power|p1b: Froslass\n|-activate|p1b: Froslass|move: Protect\n|\n|-weather|Snowscape|[upkeep]\n|-sideend|p1: sawasa|move: Tailwind\n|upkeep\n|turn|9\n|\n|t:|1788445355\n|move|p2b: Kingambit|Sucker Punch|p1b: Froslass\n|-supereffective|p1b: Froslass|1\n|-damage|p1b: Froslass|0 fnt\n|faint|p1b: Froslass\n|\n|win|ZURUYO\n|l|☆sawasa\n|player|p1|\n||sawasa is ready for game 2.\n","uploadtime":1788445364,"views":"3","formatid":"gen9championsvgc2026regmbbo3","rating":null,"private":0,"password":null}