{"id":"gen9championsvgc2026regmb-2674921167","format":"[Gen 9 Champions] VGC 2026 Reg M-B","players":["TESTDIGI","Cfcdxxx"],"log":"|j|☆TESTDIGI\n|j|☆Cfcdxxx\n|t:|1788436247\n|gametype|doubles\n|player|p1|TESTDIGI|169|1367\n|player|p2|Cfcdxxx|red|1373\n|gen|9\n|tier|[Gen 9 Champions] VGC 2026 Reg M-B\n|rated|\n|rule|Species Clause: Limit one of each Pokémon\n|rule|Item Clause: Limit 1 of each item\n|clearpoke\n|poke|p1|Gholdengo, L50|\n|poke|p1|Staraptor, L50, M, shiny|\n|poke|p1|Tyranitar, L50, F|\n|poke|p1|Farigiraf, L50, M|\n|poke|p1|Whimsicott, L50, M, shiny|\n|poke|p1|Excadrill, L50, F|\n|poke|p2|Incineroar, L50, M|\n|poke|p2|Charizard, L50, M|\n|poke|p2|Garchomp, L50, M|\n|poke|p2|Glimmora, L50, M|\n|poke|p2|Toxapex, L50, F|\n|poke|p2|Staraptor, L50, M|\n|teampreview|4\n|inactive|Battle timer is ON: inactive players will automatically lose when time's up. (requested by Cfcdxxx)\n|inactive|TESTDIGI has 60 seconds left.\n|\n|t:|1788436288\n|teamsize|p1|4\n|teamsize|p2|4\n|start\n|switch|p1a: Gholdengo|Gholdengo, L50|100/100\n|switch|p1b: Tyranitar|Tyranitar, L50, F|100/100\n|switch|p2a: Glimmora|Glimmora, L50, M|100/100\n|switch|p2b: Toxapex|Toxapex, L50, F|100/100\n|-weather|Sandstorm|[from] ability: Sand Stream|[of] p1b: Tyranitar\n|turn|1\n|inactive|TESTDIGI has 30 seconds left.\n|\n|t:|1788436313\n|move|p2a: Glimmora|Earth Power|p1a: Gholdengo\n|-supereffective|p1a: Gholdengo|1\n|-damage|p1a: Gholdengo|28/100\n|move|p1a: Gholdengo|Shadow Ball|p2b: Toxapex\n|-damage|p2b: Toxapex|60/100\n|-damage|p1a: Gholdengo|19/100|[from] item: Life Orb\n|move|p1b: Tyranitar|Knock Off|p2a: Glimmora\n|-damage|p2a: Glimmora|40/100\n|-activate|p2a: Glimmora|ability: Toxic Debris\n|-sidestart|p1: TESTDIGI|move: Toxic Spikes\n|-enditem|p2a: Glimmora|Focus Sash|[from] move: Knock Off|[of] p1b: Tyranitar\n|move|p2b: Toxapex|Stockpile|p2b: Toxapex\n|-start|p2b: Toxapex|stockpile1\n|-boost|p2b: Toxapex|def|1\n|-boost|p2b: Toxapex|spd|1\n|\n|-weather|Sandstorm|[upkeep]\n|-damage|p2b: Toxapex|55/100|[from] Sandstorm\n|-heal|p2b: Toxapex|60/100|[from] item: Leftovers\n|upkeep\n|turn|2\n|\n|t:|1788436338\n|move|p1a: Gholdengo|Protect|p1a: Gholdengo\n|-singleturn|p1a: Gholdengo|Protect\n|move|p2a: Glimmora|Earth Power|p1a: Gholdengo\n|-activate|p1a: Gholdengo|move: Protect\n|move|p1b: Tyranitar|Knock Off|p2b: Toxapex\n|-damage|p2b: Toxapex|30/100\n|-enditem|p2b: Toxapex|Leftovers|[from] move: Knock Off|[of] p1b: Tyranitar\n|move|p2b: Toxapex|Stockpile|p2b: Toxapex\n|-start|p2b: Toxapex|stockpile2\n|-boost|p2b: Toxapex|def|1\n|-boost|p2b: Toxapex|spd|1\n|\n|-weather|Sandstorm|[upkeep]\n|-damage|p2b: Toxapex|24/100|[from] Sandstorm\n|upkeep\n|turn|3\n|inactive|TESTDIGI has 30 seconds left.\n|\n|t:|1788436363\n|switch|p1a: Staraptor|Staraptor, L50, M, shiny|100/100\n|-ability|p1a: Staraptor|Intimidate|boost\n|-unboost|p2a: Glimmora|atk|1\n|-unboost|p2b: Toxapex|atk|1\n|move|p2a: Glimmora|Earth Power|p1a: Staraptor\n|-immune|p1a: Staraptor\n|move|p1b: Tyranitar|Low Kick|p2a: Glimmora\n|-damage|p2a: Glimmora|14/100\n|-activate|p2a: Glimmora|ability: Toxic Debris\n|-sidestart|p1: TESTDIGI|move: Toxic Spikes\n|move|p2b: Toxapex|Recover|p2b: Toxapex\n|-heal|p2b: Toxapex|75/100\n|\n|-weather|Sandstorm|[upkeep]\n|-damage|p1a: Staraptor|94/100|[from] Sandstorm\n|-damage|p2b: Toxapex|69/100|[from] Sandstorm\n|upkeep\n|turn|4\n|inactive|TESTDIGI has 30 seconds left.\n|\n|t:|1788436391\n|detailschange|p1a: Staraptor|Staraptor-Mega, L50, M, shiny\n|-mega|p1a: Staraptor|Staraptor|Staraptite\n|move|p2b: Toxapex|Baneful Bunker|p2b: Toxapex\n|-singleturn|p2b: Toxapex|move: Protect\n|move|p1a: Staraptor|Close Combat|p2a: Glimmora\n|-damage|p2a: Glimmora|0 fnt\n|-boost|p1a: Staraptor|def|1\n|-boost|p1a: Staraptor|spd|1\n|faint|p2a: Glimmora\n|move|p1b: Tyranitar|Rock Slide|p2b: Toxapex\n|-activate|p2b: Toxapex|move: Protect\n|\n|-weather|Sandstorm|[upkeep]\n|-damage|p1a: Staraptor|88/100|[from] Sandstorm\n|-damage|p2b: Toxapex|63/100|[from] Sandstorm\n|upkeep\n|inactive|Cfcdxxx has 30 seconds left.\n|\n|t:|1788436421\n|switch|p2a: Garchomp|Garchomp, L50, M|100/100\n|turn|5\n|\n|t:|1788436435\n|move|p2a: Garchomp|Rock Slide|p1a: Staraptor|[spread] p1a,p1b\n|-damage|p1a: Staraptor|75/100\n|-damage|p1b: Tyranitar|84/100\n|cant|p1a: Staraptor|flinch\n|move|p1b: Tyranitar|Knock Off|p2a: Garchomp\n|-damage|p2a: Garchomp|50/100g\n|-damage|p1b: Tyranitar|72/100|[from] ability: Rough Skin|[of] p2a: Garchomp\n|-enditem|p2a: Garchomp|Choice Scarf|[from] move: Knock Off|[of] p1b: Tyranitar\n|move|p2b: Toxapex|Stockpile|p2b: Toxapex\n|-start|p2b: Toxapex|stockpile3\n|-boost|p2b: Toxapex|def|1\n|-boost|p2b: Toxapex|spd|1\n|\n|-weather|none\n|upkeep\n|turn|6\n|\n|t:|1788436457\n|move|p1a: Staraptor|Tailwind|p1a: Staraptor\n|-sidestart|p1: TESTDIGI|move: Tailwind\n|move|p1b: Tyranitar|Rock Slide|p2a: Garchomp|[spread] p2a,p2b\n|-resisted|p2a: Garchomp|1\n|-damage|p2a: Garchomp|36/100\n|-damage|p2b: Toxapex|55/100\n|cant|p2a: Garchomp|flinch\n|move|p2b: Toxapex|Recover|p2b: Toxapex\n|-heal|p2b: Toxapex|100/100\n|\n|upkeep\n|turn|7\n|\n|t:|1788436481\n|move|p1a: Staraptor|Close Combat|p2a: Garchomp\n|-damage|p2a: Garchomp|0 fnt\n|-boost|p1a: Staraptor|def|1\n|-boost|p1a: Staraptor|spd|1\n|-damage|p1a: Staraptor|63/100|[from] ability: Rough Skin|[of] p2a: Garchomp\n|faint|p2a: Garchomp\n|move|p1b: Tyranitar|Knock Off|p2b: Toxapex\n|-damage|p2b: Toxapex|89/100\n|move|p2b: Toxapex|Infestation|p1a: Staraptor\n|-resisted|p1a: Staraptor|2\n|-damage|p1a: Staraptor|62/100\n|-activate|p1a: Staraptor|move: Infestation|[of] p2b: Toxapex\n|\n|-damage|p1a: Staraptor|50/100g|[from] move: Infestation|[partiallytrapped]\n|upkeep\n|\n|t:|1788436496\n|switch|p2a: Incineroar|Incineroar, L50, M|100/100\n|-ability|p2a: Incineroar|Intimidate|boost\n|-boost|p1a: Staraptor|atk|1\n|-unboost|p1b: Tyranitar|atk|1\n|turn|8\n|\n|t:|1788436513\n|move|p2a: Incineroar|Fake Out|p1a: Staraptor\n|-damage|p1a: Staraptor|45/100\n|cant|p1a: Staraptor|flinch\n|move|p1b: Tyranitar|Low Kick|p2a: Incineroar\n|-supereffective|p2a: Incineroar|1\n|-damage|p2a: Incineroar|65/100\n|move|p2b: Toxapex|Infestation|p1b: Tyranitar\n|-supereffective|p1b: Tyranitar|1\n|-damage|p1b: Tyranitar|67/100\n|-activate|p1b: Tyranitar|move: Infestation|[of] p2b: Toxapex\n|\n|-damage|p1a: Staraptor|32/100|[from] move: Infestation|[partiallytrapped]\n|-damage|p1b: Tyranitar|54/100|[from] move: Infestation|[partiallytrapped]\n|upkeep\n|turn|9\n|\n|t:|1788436531\n|move|p2b: Toxapex|Baneful Bunker|p2b: Toxapex\n|-singleturn|p2b: Toxapex|move: Protect\n|move|p1a: Staraptor|Close Combat|p2a: Incineroar\n|-supereffective|p2a: Incineroar|1\n|-damage|p2a: Incineroar|0 fnt\n|-boost|p1a: Staraptor|def|1\n|-boost|p1a: Staraptor|spd|1\n|faint|p2a: Incineroar\n|move|p1b: Tyranitar|Rock Slide|p2b: Toxapex\n|-activate|p2b: Toxapex|move: Protect\n|\n|-damage|p1a: Staraptor|20/100y|[from] move: Infestation|[partiallytrapped]\n|-damage|p1b: Tyranitar|42/100|[from] move: Infestation|[partiallytrapped]\n|-sideend|p1: TESTDIGI|move: Tailwind\n|upkeep\n|turn|10\n|\n|t:|1788436550\n|move|p1a: Staraptor|Close Combat|p2b: Toxapex\n|-resisted|p2b: Toxapex|1\n|-damage|p2b: Toxapex|77/100\n|-boost|p1a: Staraptor|def|1\n|-boost|p1a: Staraptor|spd|1\n|move|p1b: Tyranitar|Rock Slide|p2b: Toxapex\n|-damage|p2b: Toxapex|68/100\n|move|p2b: Toxapex|Recover|p2b: Toxapex\n|-heal|p2b: Toxapex|100/100\n|\n|-damage|p1a: Staraptor|8/100|[from] move: Infestation|[partiallytrapped]\n|-damage|p1b: Tyranitar|29/100|[from] move: Infestation|[partiallytrapped]\n|upkeep\n|turn|11\n|\n|t:|1788436574\n|move|p2b: Toxapex|Baneful Bunker|p2b: Toxapex\n|-singleturn|p2b: Toxapex|move: Protect\n|move|p1a: Staraptor|Close Combat|p2b: Toxapex\n|-activate|p2b: Toxapex|move: Protect\n|-status|p1a: Staraptor|psn\n|move|p1b: Tyranitar|Rock Slide|p2b: Toxapex\n|-activate|p2b: Toxapex|move: Protect\n|\n|-damage|p1a: Staraptor|0 fnt|[from] psn\n|faint|p1a: Staraptor\n|-damage|p1b: Tyranitar|17/100|[from] move: Infestation|[partiallytrapped]\n|upkeep\n|\n|t:|1788436577\n|switch|p1a: Whimsicott|Whimsicott, L50, M, shiny|100/100\n|-status|p1a: Whimsicott|tox\n|turn|12\n|\n|t:|1788436596\n|move|p1a: Whimsicott|Encore|p2b: Toxapex\n|-start|p2b: Toxapex|Encore\n|move|p2b: Toxapex|Baneful Bunker|p2b: Toxapex\n|-singleturn|p2b: Toxapex|move: Protect\n|move|p1b: Tyranitar|Knock Off|p2b: Toxapex\n|-activate|p2b: Toxapex|move: Protect\n|-status|p1b: Tyranitar|psn\n|\n|-damage|p1a: Whimsicott|94/100 tox|[from] psn\n|-damage|p1b: Tyranitar|4/100 psn|[from] psn\n|-end|p1b: Tyranitar|Infestation|[partiallytrapped]\n|upkeep\n|turn|13\n|\n|t:|1788436613\n|move|p2b: Toxapex|Baneful Bunker||[still]\n|-fail|p2b: Toxapex\n|move|p1a: Whimsicott|Encore||[still]\n|-fail|p1a: Whimsicott\n|move|p1b: Tyranitar|Knock Off|p2b: Toxapex\n|-damage|p2b: Toxapex|91/100\n|\n|-damage|p1a: Whimsicott|82/100 tox|[from] psn\n|-damage|p1b: Tyranitar|0 fnt|[from] psn\n|faint|p1b: Tyranitar\n|upkeep\n|\n|t:|1788436615\n|switch|p1b: Gholdengo|Gholdengo, L50|19/100\n|turn|14\n|\n|t:|1788436633\n|move|p2b: Toxapex|Baneful Bunker|p2b: Toxapex\n|-singleturn|p2b: Toxapex|move: Protect\n|move|p1a: Whimsicott|Moonblast|p2b: Toxapex\n|-activate|p2b: Toxapex|move: Protect\n|move|p1b: Gholdengo|Shadow Ball|p2b: Toxapex\n|-activate|p2b: Toxapex|move: Protect\n|\n|-damage|p1a: Whimsicott|64/100 tox|[from] psn\n|-end|p2b: Toxapex|Encore\n|upkeep\n|turn|15\n|\n|t:|1788436649\n|move|p2b: Toxapex|Baneful Bunker||[still]\n|-fail|p2b: Toxapex\n|move|p1a: Whimsicott|Encore|p2b: Toxapex\n|-start|p2b: Toxapex|Encore\n|move|p1b: Gholdengo|Shadow Ball|p2b: Toxapex\n|-damage|p2b: Toxapex|73/100\n|-damage|p1b: Gholdengo|10/100|[from] item: Life Orb\n|\n|-damage|p1a: Whimsicott|41/100 tox|[from] psn\n|upkeep\n|turn|16\n|-message|TESTDIGI forfeited.\n|\n|win|Cfcdxxx\n","uploadtime":1788436249,"views":"3","formatid":"gen9championsvgc2026regmb","rating":null,"private":0,"password":null}