{"id":"gen9championsvgc2026regmbbo3-2673934735","format":"[Gen 9 Champions] VGC 2026 Reg M-B (Bo3)","players":["Popularshaman","DINOLONK"],"log":"|j|☆Popularshaman\n|j|☆DINOLONK\n|html|<table width=\"100%\"><tr><td align=\"left\">Popularshaman</td><td align=\"right\">DINOLONK</tr><tr><td align=\"left\"><i class=\"fa fa-circle-o\"></i> <i class=\"fa fa-circle-o\"></i> </td><td align=\"right\"><i class=\"fa fa-circle-o\"></i> <i class=\"fa fa-circle\"></i> </tr></table>\n|uhtml|bestof|<h2><strong>Game 2</strong> of <a href=\"/game-bestof3-gen9championsvgc2026regmbbo3-2673931631\">a best-of-3</a></h2>\n|t:|1788279009\n|gametype|doubles\n|player|p1|Popularshaman|266|1220\n|player|p2|DINOLONK|parasollady-gen4|1374\n|gen|9\n|tier|[Gen 9 Champions] VGC 2026 Reg M-B (Bo3)\n|rated|\n|rule|Species Clause: Limit one of each Pokémon\n|rule|Item Clause: Limit 1 of each item\n|clearpoke\n|poke|p1|Tyranitar, L50, M, shiny|\n|poke|p1|Excadrill, L50, M, shiny|\n|poke|p1|Milotic, L50, F, shiny|\n|poke|p1|Sinistcha, L50, shiny|\n|poke|p1|Gholdengo, L50, shiny|\n|poke|p1|Staraptor, L50, M, shiny|\n|poke|p2|Dragonite, L50, M|\n|poke|p2|Sneasler, L50, M|\n|poke|p2|Kingambit, L50, F|\n|poke|p2|Basculegion, L50, M|\n|poke|p2|Whimsicott, L50, M|\n|poke|p2|Floette-Eternal, L50, F|\n|teampreview|4\n|showteam|p1|Tyranitar||ChoiceScarf|SandStream|RockSlide,KnockOff,LowKick,IcePunch|Jolly||M|||50|]Excadrill||FocusSash|SandRush|RockSlide,IronHead,HighHorsepower,Protect|Adamant||M|||50|]Milotic||Leftovers|Competitive|IcyWind,Scald,IceBeam,Protect|Quiet||F|||50|]Sinistcha||SitrusBerry|Hospitality|MatchaGotcha,RagePowder,LifeDew,TrickRoom|Modest|||||50|]Gholdengo||LifeOrb|GoodasGold|MakeItRain,NastyPlot,ShadowBall,Protect|Timid|||||50|]Staraptor||Staraptite|Intimidate|CloseCombat,BraveBird,Tailwind,Protect|Jolly||M|||50|\n|showteam|p2|Dragonite||Dragoninite|InnerFocus|DragonPulse,HeatWave,Thunderbolt,Protect|Modest||M|||50|]Sneasler||WhiteHerb|Unburden|DireClaw,CloseCombat,RockSlide,FakeOut|Jolly||M|||50|]Kingambit||ChopleBerry|Defiant|KowtowCleave,SuckerPunch,LowKick,IronHead|Adamant||F|||50|]Basculegion||LifeOrb|Adaptability|WaveCrash,LastRespects,AquaJet,Protect|Adamant||M|||50|]Whimsicott||FocusSash|Prankster|Moonblast,Tailwind,Encore,Protect|Timid||M|||50|]Floette-Eternal||Floettite|FlowerVeil|Moonblast,DazzlingGleam,LightofRuin,Protect|Timid||F|||50|\n|inactive|Battle timer is ON: inactive players will automatically lose when time's up. (requested by DINOLONK)\n|inactive|Popularshaman has 60 seconds left.\n|\n|t:|1788279048\n|teamsize|p1|4\n|teamsize|p2|4\n|start\n|switch|p1a: Gholdengo|Gholdengo, L50, shiny|100/100\n|switch|p1b: Staraptor|Staraptor, L50, M, shiny|100/100\n|switch|p2a: Dragonite|Dragonite, L50, M|100/100\n|switch|p2b: Sneasler|Sneasler, L50, M|100/100\n|-ability|p1b: Staraptor|Intimidate|boost\n|-fail|p2a: Dragonite|unboost|Attack|[from] ability: Inner Focus|[of] p2a: Dragonite\n|-unboost|p2b: Sneasler|atk|1\n|-enditem|p2b: Sneasler|White Herb\n|-clearnegativeboost|p2b: Sneasler|[silent]\n|turn|1\n|inactive|Popularshaman has 30 seconds left.\n|\n|t:|1788279074\n|detailschange|p1b: Staraptor|Staraptor-Mega, L50, M, shiny\n|-mega|p1b: Staraptor|Staraptor|Staraptite\n|detailschange|p2a: Dragonite|Dragonite-Mega, L50, M\n|-mega|p2a: Dragonite|Dragonite|Dragoninite\n|move|p2b: Sneasler|Dire Claw|p1b: Staraptor\n|-damage|p1b: Staraptor|59/100\n|move|p1b: Staraptor|Tailwind|p1b: Staraptor\n|-sidestart|p1: Popularshaman|move: Tailwind\n|move|p1a: Gholdengo|Nasty Plot|p1a: Gholdengo\n|-boost|p1a: Gholdengo|spa|2\n|move|p2a: Dragonite|Heat Wave|p1b: Staraptor|[spread] p1a,p1b\n|-supereffective|p1a: Gholdengo|1\n|-damage|p1a: Gholdengo|36/100\n|-damage|p1b: Staraptor|30/100\n|\n|upkeep\n|turn|2\n|\n|t:|1788279097\n|move|p1b: Staraptor|Close Combat|p2a: Dragonite\n|-resisted|p2a: Dragonite|1\n|-damage|p2a: Dragonite|88/100\n|-boost|p1b: Staraptor|def|1\n|-boost|p1b: Staraptor|spd|1\n|move|p2b: Sneasler|Rock Slide|p1a: Gholdengo|[spread] p1b\n|-miss|p2b: Sneasler|p1a: Gholdengo\n|-damage|p1b: Staraptor|18/100\n|move|p1a: Gholdengo|Make It Rain|p2b: Sneasler|[spread] p2a,p2b\n|-crit|p2a: Dragonite\n|-damage|p2a: Dragonite|0 fnt\n|-damage|p2b: Sneasler|0 fnt\n|-unboost|p1a: Gholdengo|spa|2\n|faint|p2a: Dragonite\n|faint|p2b: Sneasler\n|-damage|p1a: Gholdengo|26/100|[from] item: Life Orb\n|\n|upkeep\n|\n|t:|1788279111\n|switch|p2b: Basculegion|Basculegion, L50, M|100/100\n|switch|p2a: Kingambit|Kingambit, L50, F|100/100\n|turn|3\n|\n|t:|1788279131\n|switch|p1a: Sinistcha|Sinistcha, L50, shiny|100/100\n|-heal|p1b: Staraptor|43/100|[from] ability: Hospitality|[of] p1a: Sinistcha\n|move|p2b: Basculegion|Aqua Jet|p1b: Staraptor\n|-damage|p1b: Staraptor|22/100\n|-damage|p2b: Basculegion|90/100|[from] item: Life Orb\n|move|p1b: Staraptor|Close Combat|p2a: Kingambit\n|-supereffective|p2a: Kingambit|2\n|-enditem|p2a: Kingambit|Chople Berry|[eat]\n|-enditem|p2a: Kingambit|Chople Berry|[weaken]\n|-damage|p2a: Kingambit|23/100\n|-boost|p1b: Staraptor|def|1\n|-boost|p1b: Staraptor|spd|1\n|move|p2a: Kingambit|Low Kick|p1a: Sinistcha\n|-immune|p1a: Sinistcha\n|\n|upkeep\n|turn|4\n|inactive|Popularshaman has 30 seconds left.\n|\n|t:|1788279162\n|move|p1a: Sinistcha|Rage Powder|p1a: Sinistcha\n|-singleturn|p1a: Sinistcha|move: Rage Powder\n|move|p1b: Staraptor|Close Combat|p2a: Kingambit\n|-supereffective|p2a: Kingambit|2\n|-damage|p2a: Kingambit|0 fnt\n|-boost|p1b: Staraptor|def|1\n|-boost|p1b: Staraptor|spd|1\n|faint|p2a: Kingambit\n|move|p2b: Basculegion|Last Respects|p1a: Sinistcha\n|-supereffective|p1a: Sinistcha|1\n|-damage|p1a: Sinistcha|0 fnt\n|faint|p1a: Sinistcha\n|-damage|p2b: Basculegion|80/100|[from] item: Life Orb\n|\n|-sideend|p1: Popularshaman|move: Tailwind\n|upkeep\n|\n|t:|1788279176\n|switch|p1a: Gholdengo|Gholdengo, L50, shiny|26/100\n|turn|5\n|\n|t:|1788279184\n|move|p1a: Gholdengo|Protect|p1a: Gholdengo\n|-singleturn|p1a: Gholdengo|Protect\n|move|p2b: Basculegion|Aqua Jet|p1a: Gholdengo\n|-activate|p1a: Gholdengo|move: Protect\n|move|p1b: Staraptor|Brave Bird|p2b: Basculegion\n|-crit|p2b: Basculegion\n|-damage|p2b: Basculegion|0 fnt\n|faint|p2b: Basculegion\n|-damage|p1b: Staraptor|0 fnt|[from] Recoil\n|faint|p1b: Staraptor\n|\n|win|Popularshaman\n","uploadtime":1788279185,"views":"0","formatid":"gen9championsvgc2026regmbbo3","rating":null,"private":0,"password":null}