{"id":"gen9championsvgc2026regmbbo3-2673706390","format":"[Gen 9 Champions] VGC 2026 Reg M-B (Bo3)","players":["vicburgos","teyvgc"],"log":"|j|☆vicburgos\n|j|☆teyvgc\n|html|<table width=\"100%\"><tr><td align=\"left\">vicburgos</td><td align=\"right\">teyvgc</tr><tr><td align=\"left\"><i class=\"fa fa-circle-o\"></i> <i class=\"fa fa-circle-o\"></i> </td><td align=\"right\"><i class=\"fa fa-circle-o\"></i> <i class=\"fa fa-circle-o\"></i> </tr></table>\n|uhtml|bestof|<h2><strong>Game 1</strong> of <a href=\"/game-bestof3-gen9championsvgc2026regmbbo3-2673706389\">a best-of-3</a></h2>\n|t:|1788237097\n|gametype|doubles\n|player|p1|vicburgos|2|1147\n|player|p2|teyvgc|rood|1401\n|gen|9\n|tier|[Gen 9 Champions] VGC 2026 Reg M-B (Bo3)\n|rated|\n|rule|Species Clause: Limit one of each Pokémon\n|rule|Item Clause: Limit 1 of each item\n|clearpoke\n|poke|p1|Incineroar, L50, F|\n|poke|p1|Sinistcha, L50|\n|poke|p1|Maushold-Four, L50|\n|poke|p1|Annihilape, L50, F|\n|poke|p1|Vaporeon, L50, F|\n|poke|p1|Grimmsnarl, L50, M|\n|poke|p2|Delphox, L50, M|\n|poke|p2|Vanilluxe, L50, F|\n|poke|p2|Floette-Eternal, L50, F|\n|poke|p2|Sinistcha, L50|\n|poke|p2|Milotic, L50, M|\n|poke|p2|Incineroar, L50, F|\n|teampreview|4\n|showteam|p1|Incineroar||ChopleBerry|Intimidate|FlareBlitz,Protect,FakeOut,DarkestLariat|Adamant||F|||50|]Sinistcha||BigRoot|Hospitality|MatchaGotcha,Protect,RagePowder,ShadowBall|Bold|||||50|]Maushold-Four||WideLens|FriendGuard|PopulationBomb,Protect,FollowMe,ThunderWave|Jolly|||||50|]Annihilape||SitrusBerry|Defiant|RageFist,Protect,BulkUp,DrainPunch|Careful||F|||50|]Vaporeon||Leftovers|WaterAbsorb|Scald,Roar,CalmMind,IceBeam|Bold||F|||50|]Grimmsnarl||LightClay|Prankster|SpiritBreak,Reflect,LightScreen,PartingShot|Impish||M|||50|\n|showteam|p2|Delphox||Delphoxite|Blaze|HeatWave,Psychic,NastyPlot,Protect|Timid||M|||50|]Vanilluxe||ChoiceScarf|SnowWarning|Blizzard,FreezeDry,SheerCold,IcyWind|Timid||F|||50|]Floette-Eternal||Floettite|FlowerVeil|Protect,Moonblast,DazzlingGleam,CalmMind|Modest||F|||50|]Sinistcha||KasibBerry|Hospitality|LifeDew,RagePowder,MatchaGotcha,Protect|Bold|||||50|]Milotic||Leftovers|Competitive|Coil,Protect,MuddyWater,Hypnosis|Bold||M|||50|]Incineroar||SitrusBerry|Intimidate|FakeOut,PartingShot,FlareBlitz,DarkestLariat|Impish||F|||50|\n|\n|t:|1788237176\n|teamsize|p1|4\n|teamsize|p2|4\n|start\n|switch|p1a: Vaporeon|Vaporeon, L50, F|100/100\n|switch|p1b: Grimmsnarl|Grimmsnarl, L50, M|100/100\n|switch|p2a: Floette|Floette-Eternal, L50, F|100/100\n|switch|p2b: Sinistcha|Sinistcha, L50|100/100\n|turn|1\n|\n|t:|1788237187\n|move|p1b: Grimmsnarl|Light Screen|p1b: Grimmsnarl\n|-sidestart|p1: vicburgos|move: Light Screen\n|move|p2a: Floette|Calm Mind|p2a: Floette\n|-boost|p2a: Floette|spa|1\n|-boost|p2a: Floette|spd|1\n|move|p2b: Sinistcha|Matcha Gotcha|p1b: Grimmsnarl|[spread] p1a,p1b\n|-supereffective|p1a: Vaporeon|1\n|-damage|p1a: Vaporeon|74/100\n|-damage|p1b: Grimmsnarl|83/100\n|-status|p1a: Vaporeon|brn\n|move|p1a: Vaporeon|Roar|p2a: Floette\n|drag|p2a: Vanilluxe|Vanilluxe, L50, F|100/100\n|-weather|Snowscape|[from] ability: Snow Warning|[of] p2a: Vanilluxe\n|\n|-weather|Snowscape|[upkeep]\n|-heal|p1a: Vaporeon|80/100 brn|[from] item: Leftovers\n|-damage|p1a: Vaporeon|74/100 brn|[from] brn\n|upkeep\n|turn|2\n|\n|t:|1788237205\n|move|p1b: Grimmsnarl|Parting Shot|p2b: Sinistcha\n|-unboost|p2b: Sinistcha|atk|1\n|-unboost|p2b: Sinistcha|spa|1\n|\n|t:|1788237209\n|switch|p1b: Maushold|Maushold-Four, L50|100/100|[from] Parting Shot\n|move|p2a: Vanilluxe|Sheer Cold|p1a: Vaporeon\n|-damage|p1a: Vaporeon|0 fnt\n|faint|p1a: Vaporeon\n|-ohko\n|move|p2b: Sinistcha|Matcha Gotcha|p1b: Maushold\n|-damage|p1b: Maushold|81/100\n|\n|-weather|Snowscape|[upkeep]\n|upkeep\n|\n|t:|1788237221\n|switch|p1a: Incineroar|Incineroar, L50, F|100/100\n|-ability|p1a: Incineroar|Intimidate|boost\n|-unboost|p2a: Vanilluxe|atk|1\n|-unboost|p2b: Sinistcha|atk|1\n|turn|3\n|\n|t:|1788237228\n|switch|p2a: Milotic|Milotic, L50, M|100/100\n|move|p2b: Sinistcha|Protect|p2b: Sinistcha\n|-singleturn|p2b: Sinistcha|Protect\n|move|p1b: Maushold|Population Bomb|p2a: Milotic\n|-damage|p2a: Milotic|94/100\n|-damage|p2a: Milotic|88/100\n|-damage|p2a: Milotic|83/100\n|-damage|p2a: Milotic|77/100\n|-damage|p2a: Milotic|71/100\n|-damage|p2a: Milotic|65/100\n|-crit|p2a: Milotic\n|-damage|p2a: Milotic|56/100\n|-damage|p2a: Milotic|50/100y\n|-damage|p2a: Milotic|44/100\n|-damage|p2a: Milotic|38/100\n|-hitcount|p2a: Milotic|10\n|move|p1a: Incineroar|Darkest Lariat|p2b: Sinistcha\n|-activate|p2b: Sinistcha|move: Protect\n|\n|-weather|Snowscape|[upkeep]\n|-heal|p2a: Milotic|44/100|[from] item: Leftovers\n|upkeep\n|turn|4\n|\n|t:|1788237245\n|move|p1b: Maushold|Population Bomb|p2a: Milotic\n|-damage|p2a: Milotic|38/100\n|-damage|p2a: Milotic|33/100\n|-damage|p2a: Milotic|27/100\n|-damage|p2a: Milotic|21/100\n|-damage|p2a: Milotic|16/100\n|-damage|p2a: Milotic|9/100\n|-damage|p2a: Milotic|3/100\n|-damage|p2a: Milotic|0 fnt\n|faint|p2a: Milotic\n|-hitcount|p2: Milotic|8\n|move|p2b: Sinistcha|Life Dew||[still]\n|-fail|p2b: Sinistcha|heal\n|move|p1a: Incineroar|Darkest Lariat|p2b: Sinistcha\n|-supereffective|p2b: Sinistcha|1\n|-damage|p2b: Sinistcha|25/100\n|\n|-weather|Snowscape|[upkeep]\n|upkeep\n|\n|t:|1788237258\n|switch|p2a: Floette|Floette-Eternal, L50, F|100/100\n|turn|5\n|\n|t:|1788237269\n|detailschange|p2a: Floette|Floette-Mega, L50, F\n|-mega|p2a: Floette|Floette|Floettite\n|-ability|p2a: Floette|Fairy Aura\n|move|p1b: Maushold|Protect|p1b: Maushold\n|-singleturn|p1b: Maushold|Protect\n|move|p2b: Sinistcha|Rage Powder|p2b: Sinistcha\n|-singleturn|p2b: Sinistcha|move: Rage Powder\n|move|p2a: Floette|Calm Mind|p2a: Floette\n|-boost|p2a: Floette|spa|1\n|-boost|p2a: Floette|spd|1\n|move|p1a: Incineroar|Darkest Lariat|p2b: Sinistcha\n|-supereffective|p2b: Sinistcha|1\n|-damage|p2b: Sinistcha|0 fnt\n|faint|p2b: Sinistcha\n|\n|-weather|none\n|upkeep\n|\n|t:|1788237280\n|switch|p2b: Vanilluxe|Vanilluxe, L50, F|100/100\n|-weather|Snowscape|[from] ability: Snow Warning|[of] p2b: Vanilluxe\n|turn|6\n|\n|t:|1788237295\n|move|p2b: Vanilluxe|Icy Wind|p1a: Incineroar|[spread] p1a,p1b\n|-resisted|p1a: Incineroar|1\n|-damage|p1a: Incineroar|96/100\n|-damage|p1b: Maushold|64/100\n|-unboost|p1a: Incineroar|spe|1\n|-unboost|p1b: Maushold|spe|1\n|move|p2a: Floette|Moonblast|p1b: Maushold\n|-crit|p1b: Maushold\n|-damage|p1b: Maushold|0 fnt\n|faint|p1b: Maushold\n|move|p1a: Incineroar|Flare Blitz|p2b: Vanilluxe\n|-supereffective|p2b: Vanilluxe|1\n|-damage|p2b: Vanilluxe|0 fnt\n|faint|p2b: Vanilluxe\n|-damage|p1a: Incineroar|70/100|[from] Recoil\n|\n|-weather|Snowscape|[upkeep]\n|upkeep\n|\n|t:|1788237303\n|switch|p1b: Grimmsnarl|Grimmsnarl, L50, M|83/100\n|turn|7\n|\n|t:|1788237316\n|move|p1b: Grimmsnarl|Parting Shot|p2a: Floette\n|-unboost|p2a: Floette|atk|1\n|-unboost|p2a: Floette|spa|1\n|move|p2a: Floette|Moonblast|p1b: Grimmsnarl\n|-supereffective|p1b: Grimmsnarl|1\n|-damage|p1b: Grimmsnarl|0 fnt\n|faint|p1b: Grimmsnarl\n|move|p1a: Incineroar|Flare Blitz|p2a: Floette\n|-damage|p2a: Floette|30/100\n|-damage|p1a: Incineroar|50/100g|[from] Recoil\n|\n|-weather|Snowscape|[upkeep]\n|upkeep\n|turn|8\n|\n|t:|1788237325\n|move|p2a: Floette|Protect|p2a: Floette\n|-singleturn|p2a: Floette|Protect\n|move|p1a: Incineroar|Flare Blitz|p2a: Floette\n|-activate|p2a: Floette|move: Protect\n|\n|-weather|Snowscape|[upkeep]\n|-sideend|p1: vicburgos|move: Light Screen\n|upkeep\n|turn|9\n|\n|t:|1788237330\n|move|p2a: Floette|Moonblast|p1a: Incineroar\n|-damage|p1a: Incineroar|0 fnt\n|faint|p1a: Incineroar\n|\n|win|teyvgc\n","uploadtime":1788237331,"views":"0","formatid":"gen9championsvgc2026regmbbo3","rating":null,"private":0,"password":null}