{"id":"gen9championsvgc2026regmbbo3-2674999692","format":"[Gen 9 Champions] VGC 2026 Reg M-B (Bo3)","players":["Watawa","gabbovgc"],"log":"|j|☆Watawa\n|j|☆gabbovgc\n|html|<table width=\"100%\"><tr><td align=\"left\">Watawa</td><td align=\"right\">gabbovgc</tr><tr><td align=\"left\"><i class=\"fa fa-circle-o\"></i> <i class=\"fa fa-circle-o\"></i> </td><td align=\"right\"><i class=\"fa fa-circle-o\"></i> <i class=\"fa fa-circle\"></i> </tr></table>\n|uhtml|bestof|<h2><strong>Game 2</strong> of <a href=\"/game-bestof3-gen9championsvgc2026regmbbo3-2674997840\">a best-of-3</a></h2>\n|t:|1788447104\n|gametype|doubles\n|player|p1|Watawa|265|1101\n|player|p2|gabbovgc|170|1103\n|gen|9\n|tier|[Gen 9 Champions] VGC 2026 Reg M-B (Bo3)\n|rated|\n|rule|Species Clause: Limit one of each Pokémon\n|rule|Item Clause: Limit 1 of each item\n|clearpoke\n|poke|p1|Metagross, L50, shiny|\n|poke|p1|Farigiraf, L50, M|\n|poke|p1|Whimsicott, L50, M|\n|poke|p1|Kommo-o, L50, F, shiny|\n|poke|p1|Basculegion, L50, M|\n|poke|p1|Incineroar, L50, M, shiny|\n|poke|p2|Kingambit, L50, F, shiny|\n|poke|p2|Arcanine-Hisui, L50, F, shiny|\n|poke|p2|Whimsicott, L50, F, shiny|\n|poke|p2|Sylveon, L50, F, shiny|\n|poke|p2|Raichu, L50, F, shiny|\n|poke|p2|Staraptor, L50, F, shiny|\n|teampreview|4\n|showteam|p1|Metagross||Metagrossite|ClearBody|IronHead,PsychicFangs,BodyPress,Protect|Jolly|||||50|]Farigiraf||ColburBerry|ArmorTail|TwinBeam,HelpingHand,TrickRoom,Roar|Calm||M|||50|]Whimsicott||FocusSash|Prankster|Moonblast,Tailwind,Encore,Protect|Timid||M|||50|]Kommo-o||LifeOrb|Soundproof|ClangingScales,AuraSphere,VacuumWave,Protect|Timid||F|||50|]Basculegion||ChoiceScarf|Adaptability|WaveCrash,LastRespects,AquaJet,FlipTurn|Jolly||M|||50|]Incineroar||SitrusBerry|Intimidate|FakeOut,FlareBlitz,PartingShot,DarkestLariat|Impish||M|||50|\n|showteam|p2|Kingambit||LifeOrb|Defiant|Protect,IronHead,SuckerPunch,KowtowCleave|Adamant||F|||50|]Arcanine-Hisui||FocusSash|RockHead|HeadSmash,FlareBlitz,Protect,ExtremeSpeed|Jolly||F|||50|]Whimsicott||OccaBerry|Prankster|Tailwind,GrassKnot,Moonblast,Charm|Timid||F|||50|]Sylveon||FairyFeather|Pixilate|Detect,CalmMind,HyperBeam,HyperVoice|Modest||F|||50|]Raichu||RaichuniteY|LightningRod|FocusBlast,ZapCannon,Protect,FakeOut|Timid||F|||50|]Staraptor||Staraptite|Intimidate|Protect,CloseCombat,Roost,BraveBird|Jolly||F|||50|\n|inactive|Battle timer is ON: inactive players will automatically lose when time's up. (requested by Watawa)\n|\n|t:|1788447133\n|teamsize|p1|4\n|teamsize|p2|4\n|start\n|switch|p1a: Whimsicott|Whimsicott, L50, M|100/100\n|switch|p1b: Metagross|Metagross, L50, shiny|100/100\n|switch|p2a: Whimsicott|Whimsicott, L50, F, shiny|100/100\n|switch|p2b: Staraptor|Staraptor, L50, F, shiny|100/100\n|-ability|p2b: Staraptor|Intimidate|boost\n|-unboost|p1a: Whimsicott|atk|1\n|-fail|p1b: Metagross|unboost|[from] ability: Clear Body|[of] p1b: Metagross\n|turn|1\n|\n|t:|1788447149\n|detailschange|p1b: Metagross|Metagross-Mega, L50, shiny\n|-mega|p1b: Metagross|Metagross|Metagrossite\n|move|p2b: Staraptor|Protect|p2b: Staraptor\n|-singleturn|p2b: Staraptor|Protect\n|move|p1a: Whimsicott|Tailwind|p1a: Whimsicott\n|-sidestart|p1: Watawa|move: Tailwind\n|move|p2a: Whimsicott|Tailwind|p2a: Whimsicott\n|-sidestart|p2: gabbovgc|move: Tailwind\n|move|p1b: Metagross|Psychic Fangs|p2b: Staraptor\n|-activate|p2b: Staraptor|move: Protect\n|\n|upkeep\n|turn|2\n|\n|t:|1788447170\n|detailschange|p2b: Staraptor|Staraptor-Mega, L50, F, shiny\n|-mega|p2b: Staraptor|Staraptor|Staraptite\n|move|p1a: Whimsicott|Encore|p2a: Whimsicott\n|-start|p2a: Whimsicott|Encore\n|move|p2a: Whimsicott|Tailwind||[still]\n|-fail|p2a: Whimsicott\n|move|p2b: Staraptor|Close Combat|p1b: Metagross\n|-damage|p1b: Metagross|55/100\n|-boost|p2b: Staraptor|def|1\n|-boost|p2b: Staraptor|spd|1\n|move|p1b: Metagross|Psychic Fangs|p2b: Staraptor\n|-supereffective|p2b: Staraptor|1\n|-crit|p2b: Staraptor\n|-damage|p2b: Staraptor|0 fnt\n|faint|p2b: Staraptor\n|\n|upkeep\n|\n|t:|1788447184\n|switch|p2b: Kingambit|Kingambit, L50, F, shiny|100/100\n|turn|3\n|\n|t:|1788447199\n|switch|p1b: Kommo-o|Kommo-o, L50, F, shiny|100/100\n|switch|p2a: Sylveon|Sylveon, L50, F, shiny|100/100\n|move|p2b: Kingambit|Sucker Punch||[still]\n|-fail|p2b: Kingambit\n|move|p1a: Whimsicott|Moonblast|p2a: Sylveon\n|-damage|p2a: Sylveon|78/100\n|-unboost|p2a: Sylveon|spa|1\n|\n|upkeep\n|turn|4\n|inactive|Watawa has 30 seconds left.\n|inactive|Watawa has 20 seconds left.\n|inactive|Watawa has 15 seconds left.\n|\n|t:|1788447244\n|switch|p1b: Metagross|Metagross-Mega, L50, shiny|55/100\n|switch|p2b: Whimsicott|Whimsicott, L50, F, shiny|100/100\n|move|p1a: Whimsicott|Moonblast|p2a: Sylveon\n|-damage|p2a: Sylveon|56/100\n|move|p2a: Sylveon|Hyper Beam|p1b: Metagross\n|-resisted|p1b: Metagross|1\n|-damage|p1b: Metagross|18/100\n|-mustrecharge|p2a: Sylveon\n|\n|-sideend|p1: Watawa|move: Tailwind\n|-sideend|p2: gabbovgc|move: Tailwind\n|upkeep\n|turn|5\n|inactive|Watawa has 30 seconds left.\n|inactive|Watawa has 20 seconds left.\n|inactive|Watawa has 15 seconds left.\n|inactive|Watawa has 10 seconds left.\n|inactive|Watawa has 5 seconds left.\n|\n|t:|1788447296\n|move|p1a: Whimsicott|Tailwind|p1a: Whimsicott\n|-sidestart|p1: Watawa|move: Tailwind\n|move|p1b: Metagross|Body Press|p2a: Sylveon\n|-resisted|p2a: Sylveon|1\n|-damage|p2a: Sylveon|32/100\n|move|p2b: Whimsicott|Moonblast|p1a: Whimsicott\n|-damage|p1a: Whimsicott|60/100\n|-unboost|p1a: Whimsicott|spa|1\n|cant|p2a: Sylveon|recharge\n|\n|upkeep\n|turn|6\n|inactive|Watawa has 30 seconds left.\n|\n|t:|1788447324\n|move|p2b: Whimsicott|Tailwind|p2b: Whimsicott\n|-sidestart|p2: gabbovgc|move: Tailwind\n|move|p1a: Whimsicott|Moonblast|p2a: Sylveon\n|-damage|p2a: Sylveon|17/100\n|move|p1b: Metagross|Iron Head|p2b: Whimsicott\n|-supereffective|p2b: Whimsicott|1\n|-damage|p2b: Whimsicott|0 fnt\n|faint|p2b: Whimsicott\n|move|p2a: Sylveon|Hyper Voice|p1b: Metagross|[spread] p1a,p1b\n|-resisted|p1b: Metagross|1\n|-damage|p1a: Whimsicott|16/100\n|-damage|p1b: Metagross|3/100\n|\n|upkeep\n|\n|t:|1788447335\n|switch|p2b: Kingambit|Kingambit, L50, F, shiny|100/100\n|turn|7\n|\n|t:|1788447359\n|move|p1b: Metagross|Protect|p1b: Metagross\n|-singleturn|p1b: Metagross|Protect\n|move|p1a: Whimsicott|Moonblast|p2a: Sylveon\n|-damage|p2a: Sylveon|2/100\n|move|p2a: Sylveon|Hyper Beam|p1b: Metagross\n|-activate|p1b: Metagross|move: Protect\n|move|p2b: Kingambit|Kowtow Cleave|p1a: Whimsicott\n|-resisted|p1a: Whimsicott|1\n|-damage|p1a: Whimsicott|0 fnt\n|faint|p1a: Whimsicott\n|-damage|p2b: Kingambit|90/100|[from] item: Life Orb\n|\n|upkeep\n|\n|t:|1788447371\n|switch|p1a: Basculegion|Basculegion, L50, M|100/100\n|turn|8\n|\n|t:|1788447380\n|move|p2a: Sylveon|Detect|p2a: Sylveon\n|-singleturn|p2a: Sylveon|Protect\n|move|p1a: Basculegion|Aqua Jet|p2a: Sylveon\n|-activate|p2a: Sylveon|move: Protect\n|move|p2b: Kingambit|Sucker Punch||[still]\n|-fail|p2b: Kingambit\n|move|p1b: Metagross|Body Press|p2b: Kingambit\n|-supereffective|p2b: Kingambit|2\n|-damage|p2b: Kingambit|0 fnt\n|faint|p2b: Kingambit\n|\n|-sideend|p1: Watawa|move: Tailwind\n|upkeep\n|turn|9\n|-message|gabbovgc forfeited.\n|\n|win|Watawa\n|l|☆gabbovgc\n|player|p2|\n||Watawa is ready for game 3.\n|j|☆gabbovgc\n|player|p2|gabbovgc|170|\n||gabbovgc is ready for game 3.\n|uhtml|next|Next: <a href=\"/battle-gen9championsvgc2026regmbbo3-2675002217\"><strong>Game 3 of 3</strong></a>\n","uploadtime":1788447825,"views":"0","formatid":"gen9championsvgc2026regmbbo3","rating":null,"private":0,"password":null}