{"id":"gen9championsvgc2026regmb-2674248853","format":"[Gen 9 Champions] VGC 2026 Reg M-B","players":["Noobiedoobie537","Thornlace48812"],"log":"|j|☆Noobiedoobie537\n|j|☆Thornlace48812\n|t:|1788323093\n|gametype|doubles\n|player|p1|Noobiedoobie537|lucas-gen4pt|1078\n|player|p2|Thornlace48812|1|1049\n|gen|9\n|tier|[Gen 9 Champions] VGC 2026 Reg M-B\n|rated|\n|rule|Species Clause: Limit one of each Pokémon\n|rule|Item Clause: Limit 1 of each item\n|clearpoke\n|poke|p1|Reuniclus, L50, F, shiny|\n|poke|p1|Farigiraf, L50, M|\n|poke|p1|Sneasler, L50, M|\n|poke|p1|Pelipper, L50, M|\n|poke|p1|Swampert, L50, F|\n|poke|p1|Mawile, L50, F|\n|poke|p2|Garchomp, L50, F|\n|poke|p2|Charizard, L50, F|\n|poke|p2|Whimsicott, L50, M|\n|poke|p2|Sylveon, L50, M|\n|poke|p2|Kingambit, L50, F|\n|poke|p2|Basculegion, L50, M|\n|teampreview|4\n|inactive|Battle timer is ON: inactive players will automatically lose when time's up. (requested by Thornlace48812)\nThornlace48812 rejected open team sheets.\n|c|☆Noobiedoobie537|glhf\n|\n|t:|1788323110\n|teamsize|p1|4\n|teamsize|p2|4\n|start\n|switch|p1a: sukuna|Reuniclus, L50, F, shiny|100/100\n|switch|p1b: Harryhardtr|Farigiraf, L50, M|100/100\n|switch|p2a: Charizard|Charizard, L50, F|100/100\n|switch|p2b: Whimsicott|Whimsicott, L50, M|100/100\n|turn|1\n|\n|t:|1788323119\n|detailschange|p2a: Charizard|Charizard-Mega-Y, L50, F\n|-mega|p2a: Charizard|Charizard|Charizardite Y\n|-weather|SunnyDay|[from] ability: Drought|[of] p2a: Charizard\n|move|p1a: sukuna|Protect|p1a: sukuna\n|-singleturn|p1a: sukuna|Protect\n|move|p2b: Whimsicott|Tailwind|p2b: Whimsicott\n|-sidestart|p2: Thornlace48812|move: Tailwind\n|move|p2a: Charizard|Heat Wave|p1b: Harryhardtr|[spread] p1b\n|-activate|p1a: sukuna|move: Protect\n|-damage|p1b: Harryhardtr|40/100\n|-enditem|p1b: Harryhardtr|Sitrus Berry|[eat]\n|-heal|p1b: Harryhardtr|64/100|[from] item: Sitrus Berry\n|move|p1b: Harryhardtr|Trick Room|p1b: Harryhardtr\n|-fieldstart|move: Trick Room|[of] p1b: Harryhardtr\n|\n|-weather|SunnyDay|[upkeep]\n|upkeep\n|turn|2\n|\n|t:|1788323142\n|move|p1b: Harryhardtr|Helping Hand|p1a: sukuna\n|-singleturn|p1a: sukuna|Helping Hand|[of] p1b: Harryhardtr\n|move|p1a: sukuna|Psychic|p2a: Charizard\n|-damage|p2a: Charizard|0 fnt\n|faint|p2a: Charizard\n|move|p2b: Whimsicott|Moonblast|p1b: Harryhardtr\n|-damage|p1b: Harryhardtr|28/100\n|\n|-weather|SunnyDay|[upkeep]\n|upkeep\n|\n|t:|1788323143\n|switch|p2a: Sylveon|Sylveon, L50, M|100/100\n|turn|3\n|\n|t:|1788323158\n|switch|p1b: Pelipper|Pelipper, L50, M|100/100\n|-weather|RainDance|[from] ability: Drizzle|[of] p1b: Pelipper\n|move|p1a: sukuna|Psychic|p2b: Whimsicott\n|-enditem|p2b: Whimsicott|Focus Sash\n|-damage|p2b: Whimsicott|1/100\n|move|p2a: Sylveon|Hyper Voice|p1b: Pelipper|[spread] p1a,p1b\n|-damage|p1a: sukuna|56/100\n|-damage|p1b: Pelipper|35/100\n|move|p2b: Whimsicott|Moonblast|p1b: Pelipper\n|-damage|p1b: Pelipper|0 fnt\n|faint|p1b: Pelipper\n|\n|-weather|RainDance|[upkeep]\n|upkeep\n|\n|t:|1788323163\n|switch|p1b: Mawile|Mawile, L50, F|100/100\n|-ability|p1b: Mawile|Intimidate|boost\n|-unboost|p2a: Sylveon|atk|1\n|-unboost|p2b: Whimsicott|atk|1\n|turn|4\n|\n|t:|1788323172\n|detailschange|p1b: Mawile|Mawile-Mega, L50, F\n|-mega|p1b: Mawile|Mawile|Mawilite\n|move|p2a: Sylveon|Detect|p2a: Sylveon\n|-singleturn|p2a: Sylveon|Protect\n|move|p1a: sukuna|Psychic|p2b: Whimsicott\n|-damage|p2b: Whimsicott|0 fnt\n|faint|p2b: Whimsicott\n|move|p1b: Mawile|Iron Head|p2a: Sylveon\n|-activate|p2a: Sylveon|move: Protect\n|\n|-weather|RainDance|[upkeep]\n|-sideend|p2: Thornlace48812|move: Tailwind\n|upkeep\n|\n|t:|1788323173\n|switch|p2b: Basculegion|Basculegion, L50, M|100/100\n|turn|5\n|\n|t:|1788323181\n|move|p2b: Basculegion|Protect|p2b: Basculegion\n|-singleturn|p2b: Basculegion|Protect\n|move|p1b: Mawile|Sucker Punch||[still]\n|-fail|p1b: Mawile\n|move|p1a: sukuna|Psychic|p2a: Sylveon\n|-damage|p2a: Sylveon|47/100\n|move|p2a: Sylveon|Hyper Voice|p1b: Mawile|[spread] p1a,p1b\n|-resisted|p1b: Mawile|1\n|-damage|p1a: sukuna|7/100\n|-damage|p1b: Mawile|69/100\n|\n|-weather|RainDance|[upkeep]\n|-fieldend|move: Trick Room\n|upkeep\n|turn|6\n|\n|t:|1788323191\n|switch|p1a: Harryhardtr|Farigiraf, L50, M|28/100\n|move|p1b: Mawile|Sucker Punch|p2b: Basculegion\n|-supereffective|p2b: Basculegion|1\n|-damage|p2b: Basculegion|0 fnt\n|faint|p2b: Basculegion\n|move|p2a: Sylveon|Hyper Voice|p1b: Mawile|[spread] p1a,p1b\n|-resisted|p1b: Mawile|1\n|-damage|p1a: Harryhardtr|0 fnt\n|-damage|p1b: Mawile|42/100\n|faint|p1a: Harryhardtr\n|\n|-weather|RainDance|[upkeep]\n|upkeep\n|\n|t:|1788323195\n|switch|p1a: sukuna|Reuniclus, L50, F, shiny|7/100\n|turn|7\n|\n|t:|1788323220\n|move|p1a: sukuna|Protect|p1a: sukuna\n|-singleturn|p1a: sukuna|Protect\n|move|p2a: Sylveon|Hyper Voice|p1a: sukuna|[spread] p1b\n|-activate|p1a: sukuna|move: Protect\n|-resisted|p1b: Mawile|1\n|-damage|p1b: Mawile|14/100\n|move|p1b: Mawile|Iron Head|p2a: Sylveon\n|-supereffective|p2a: Sylveon|1\n|-damage|p2a: Sylveon|0 fnt\n|faint|p2a: Sylveon\n|\n|win|Noobiedoobie537\n|raw|Noobiedoobie537's rating: 1078 &rarr; <strong>1109</strong><br />(+31 for winning)\n|raw|Thornlace48812's rating: 1107 &rarr; <strong>1080</strong><br />(-27 for losing)\n|l|☆Thornlace48812\n|player|p2|\n|c|☆Noobiedoobie537|gg\n","uploadtime":1788323220,"views":"5","formatid":"gen9championsvgc2026regmb","rating":1080,"private":0,"password":null}