{"id":"gen9championsvgc2026regmb-2674177625","format":"[Gen 9 Champions] VGC 2026 Reg M-B","players":["pichaco","GarlicButta"],"log":"|j|☆pichaco\n|j|☆GarlicButta\n|t:|1788310833\n|gametype|doubles\n|player|p1|pichaco|steven|1102\n|player|p2|GarlicButta|infielder|1210\n|gen|9\n|tier|[Gen 9 Champions] VGC 2026 Reg M-B\n|rated|\n|rule|Species Clause: Limit one of each Pokémon\n|rule|Item Clause: Limit 1 of each item\n|clearpoke\n|poke|p1|Charizard, L50, M|\n|poke|p1|Garchomp, L50, M|\n|poke|p1|Whimsicott, L50, F|\n|poke|p1|Kingambit, L50, M|\n|poke|p1|Basculegion, L50, M|\n|poke|p1|Sinistcha, L50|\n|poke|p2|Sinistcha, L50|\n|poke|p2|Farigiraf, L50, M, shiny|\n|poke|p2|Araquanid, L50, M, shiny|\n|poke|p2|Incineroar, L50, M|\n|poke|p2|Aggron, L50, M, shiny|\n|poke|p2|Camerupt, L50, M, shiny|\n|teampreview|4\n|inactive|Battle timer is ON: inactive players will automatically lose when time's up. (requested by GarlicButta)\n|inactive|pichaco has 60 seconds left.\n|\n|t:|1788310874\n|teamsize|p1|4\n|teamsize|p2|4\n|start\n|switch|p1a: Charizard|Charizard, L50, M|100/100\n|switch|p1b: Whimsicott|Whimsicott, L50, F|100/100\n|switch|p2a: Farigiraf|Farigiraf, L50, M, shiny|100/100\n|switch|p2b: Aggron|Aggron, L50, M, shiny|100/100\n|turn|1\n|inactive|GarlicButta has 30 seconds left.\n|\n|t:|1788310903\n|switch|p2b: Incineroar|Incineroar, L50, M|100/100\n|-ability|p2b: Incineroar|Intimidate|boost\n|-unboost|p1a: Charizard|atk|1\n|-unboost|p1b: Whimsicott|atk|1\n|detailschange|p1a: Charizard|Charizard-Mega-Y, L50, M\n|-mega|p1a: Charizard|Charizard|Charizardite Y\n|-weather|SunnyDay|[from] ability: Drought|[of] p1a: Charizard\n|move|p1a: Charizard|Protect|p1a: Charizard\n|-singleturn|p1a: Charizard|Protect\n|move|p1b: Whimsicott|Tailwind|p1b: Whimsicott\n|-sidestart|p1: pichaco|move: Tailwind\n|move|p2a: Farigiraf|Trick Room|p2a: Farigiraf\n|-fieldstart|move: Trick Room|[of] p2a: Farigiraf\n|\n|-weather|SunnyDay|[upkeep]\n|upkeep\n|turn|2\n|inactive|pichaco has 30 seconds left.\n|\n|t:|1788310932\n|switch|p1b: Garchomp|Garchomp, L50, M|100/100\n|move|p2b: Incineroar|Parting Shot|p1a: Charizard\n|-unboost|p1a: Charizard|atk|1\n|-unboost|p1a: Charizard|spa|1\n|\n|t:|1788310943\n|switch|p2b: Aggron|Aggron, L50, M, shiny|100/100|[from] Parting Shot\n|move|p2a: Farigiraf|Thunderbolt|p1a: Charizard\n|-supereffective|p1a: Charizard|1\n|-damage|p1a: Charizard|47/100\n|move|p1a: Charizard|Heat Wave|p2b: Aggron|[spread] p2a,p2b\n|-damage|p2a: Farigiraf|57/100\n|-damage|p2b: Aggron|40/100\n|\n|-weather|SunnyDay|[upkeep]\n|upkeep\n|turn|3\n|\n|t:|1788310963\n|detailschange|p2b: Aggron|Aggron-Mega, L50, M, shiny\n|-mega|p2b: Aggron|Aggron|Aggronite\n|move|p1a: Charizard|Protect|p1a: Charizard\n|-singleturn|p1a: Charizard|Protect\n|move|p2b: Aggron|Iron Defense|p2b: Aggron\n|-boost|p2b: Aggron|def|2\n|move|p2a: Farigiraf|Thunderbolt|p1a: Charizard\n|-activate|p1a: Charizard|move: Protect\n|move|p1b: Garchomp|Earthquake|p2b: Aggron|[spread] p2a,p2b\n|-activate|p1a: Charizard|move: Protect\n|-supereffective|p2b: Aggron|1\n|-damage|p2a: Farigiraf|10/100\n|-damage|p2b: Aggron|23/100\n|-enditem|p2a: Farigiraf|Sitrus Berry|[eat]\n|-heal|p2a: Farigiraf|35/100|[from] item: Sitrus Berry\n|-damage|p1b: Garchomp|90/100|[from] item: Life Orb\n|\n|-weather|SunnyDay|[upkeep]\n|upkeep\n|turn|4\n|inactive|pichaco has 30 seconds left.\n|\n|t:|1788310996\n|switch|p1a: Whimsicott|Whimsicott, L50, F|100/100\n|move|p2b: Aggron|Body Press|p1b: Garchomp\n|-damage|p1b: Garchomp|0 fnt\n|-damage|p2b: Aggron|10/100|[from] ability: Rough Skin|[of] p1b: Garchomp\n|faint|p1b: Garchomp\n|move|p2a: Farigiraf|Thunderbolt|p1a: Whimsicott\n|-resisted|p1a: Whimsicott|1\n|-damage|p1a: Whimsicott|78/100\n|\n|-weather|SunnyDay|[upkeep]\n|-sideend|p1: pichaco|move: Tailwind\n|upkeep\n|\n|t:|1788311011\n|switch|p1b: Charizard|Charizard-Mega-Y, L50, M|47/100\n|turn|5\n|\n|t:|1788311027\n|move|p1b: Charizard|Protect|p1b: Charizard\n|-singleturn|p1b: Charizard|Protect\n|move|p1a: Whimsicott|Tailwind|p1a: Whimsicott\n|-sidestart|p1: pichaco|move: Tailwind\n|move|p2b: Aggron|Heavy Slam|p1a: Whimsicott\n|-supereffective|p1a: Whimsicott|1\n|-damage|p1a: Whimsicott|0 fnt\n|faint|p1a: Whimsicott\n|move|p2a: Farigiraf|Thunderbolt|p1b: Charizard\n|-activate|p1b: Charizard|move: Protect\n|\n|-weather|none\n|-fieldend|move: Trick Room\n|upkeep\n|\n|t:|1788311044\n|switch|p1a: Sinistcha|Sinistcha, L50|100/100\n|-heal|p1b: Charizard|71/100|[from] ability: Hospitality|[of] p1a: Sinistcha\n|turn|6\n|inactive|GarlicButta has 30 seconds left.\n|\n|t:|1788311069\n|move|p2b: Aggron|Protect|p2b: Aggron\n|-singleturn|p2b: Aggron|Protect\n|move|p1a: Sinistcha|Rage Powder|p1a: Sinistcha\n|-singleturn|p1a: Sinistcha|move: Rage Powder\n|move|p1b: Charizard|Heat Wave|p2a: Farigiraf|[spread] p2a\n|-activate|p2b: Aggron|move: Protect\n|-damage|p2a: Farigiraf|0 fnt\n|faint|p2a: Farigiraf\n|\n|upkeep\n|inactive|GarlicButta has 30 seconds left.\n|\n|t:|1788311095\n|switch|p2a: Incineroar|Incineroar, L50, M|100/100\n|-ability|p2a: Incineroar|Intimidate|boost\n|-unboost|p1a: Sinistcha|atk|1\n|-unboost|p1b: Charizard|atk|1\n|turn|7\n|\n|t:|1788311117\n|move|p2a: Incineroar|Fake Out|p1b: Charizard\n|-damage|p1b: Charizard|53/100\n|cant|p1b: Charizard|flinch\n|move|p1a: Sinistcha|Matcha Gotcha|p2a: Incineroar|[spread] p2a,p2b\n|-resisted|p2a: Incineroar|1\n|-resisted|p2b: Aggron|1\n|-damage|p2a: Incineroar|90/100\n|-damage|p2b: Aggron|0 fnt\n|faint|p2b: Aggron\n|\n|upkeep\n|\n|t:|1788311131\n|switch|p2b: Sinistcha|Sinistcha, L50|100/100\n|-heal|p2a: Incineroar|100/100|[from] ability: Hospitality|[of] p2b: Sinistcha\n|turn|8\n|\n|t:|1788311146\n|move|p1b: Charizard|Air Slash|p2a: Incineroar\n|-damage|p2a: Incineroar|59/100\n|move|p1a: Sinistcha|Strength Sap|p2a: Incineroar\n|-unboost|p2a: Incineroar|atk|1\n|move|p2a: Incineroar|Darkest Lariat|p1a: Sinistcha\n|-supereffective|p1a: Sinistcha|1\n|-damage|p1a: Sinistcha|53/100\n|move|p2b: Sinistcha|Trick Room|p2b: Sinistcha\n|-fieldstart|move: Trick Room|[of] p2b: Sinistcha\n|\n|-sideend|p1: pichaco|move: Tailwind\n|upkeep\n|turn|9\n|\n|t:|1788311166\n|move|p1a: Sinistcha|Rage Powder|p1a: Sinistcha\n|-singleturn|p1a: Sinistcha|move: Rage Powder\n|move|p2a: Incineroar|Darkest Lariat|p1a: Sinistcha\n|-supereffective|p1a: Sinistcha|1\n|-damage|p1a: Sinistcha|0 fnt\n|faint|p1a: Sinistcha\n|move|p2b: Sinistcha|Matcha Gotcha|p1b: Charizard\n|-resisted|p1b: Charizard|2\n|-damage|p1b: Charizard|45/100\n|move|p1b: Charizard|Heat Wave|p2a: Incineroar|[spread] p2a,p2b\n|-resisted|p2a: Incineroar|1\n|-supereffective|p2b: Sinistcha|1\n|-damage|p2a: Incineroar|43/100\n|-damage|p2b: Sinistcha|0 fnt\n|faint|p2b: Sinistcha\n|\n|upkeep\n|turn|10\n|\n|t:|1788311185\n|move|p1b: Charizard|Protect|p1b: Charizard\n|-singleturn|p1b: Charizard|Protect\n|move|p2a: Incineroar|Darkest Lariat|p1b: Charizard\n|-activate|p1b: Charizard|move: Protect\n|\n|upkeep\n|turn|11\n|\n|t:|1788311193\n|move|p2a: Incineroar|Darkest Lariat|p1b: Charizard\n|-damage|p1b: Charizard|14/100\n|move|p1b: Charizard|Air Slash|p2a: Incineroar\n|-damage|p2a: Incineroar|6/100\n|\n|upkeep\n|turn|12\n|\n|t:|1788311203\n|move|p1b: Charizard|Protect|p1b: Charizard\n|-singleturn|p1b: Charizard|Protect\n|move|p2a: Incineroar|Darkest Lariat|p1b: Charizard\n|-activate|p1b: Charizard|move: Protect\n|\n|-fieldend|move: Trick Room\n|upkeep\n|turn|13\n|\n|t:|1788311211\n|move|p1b: Charizard|Air Slash|p2a: Incineroar\n|-damage|p2a: Incineroar|0 fnt\n|faint|p2a: Incineroar\n|\n|win|pichaco\n|raw|pichaco's rating: 1102 &rarr; <strong>1135</strong><br />(+33 for winning)\n|raw|GarlicButta's rating: 1210 &rarr; <strong>1177</strong><br />(-33 for losing)\n|l|☆GarlicButta\n|player|p2|\n","uploadtime":1788311536,"views":"0","formatid":"gen9championsvgc2026regmb","rating":1135,"private":0,"password":null}