{"id":"gen9championsvgc2026regmb-2674907962","format":"[Gen 9 Champions] VGC 2026 Reg M-B","players":["Poopoo2","RETfuturepresident"],"log":"|j|☆Poopoo2\n|j|☆RETfuturepresident\n|t:|1788433833\n|gametype|doubles\n|player|p1|Poopoo2|unknown|1539\n|player|p2|RETfuturepresident|colress|1550\n|gen|9\n|tier|[Gen 9 Champions] VGC 2026 Reg M-B\n|rated|\n|rule|Species Clause: Limit one of each Pokémon\n|rule|Item Clause: Limit 1 of each item\n|clearpoke\n|poke|p1|Drampa, L50, M|\n|poke|p1|Farigiraf, L50, F|\n|poke|p1|Kleavor, L50, M|\n|poke|p1|Meganium, L50, M|\n|poke|p1|Blaziken, L50, M|\n|poke|p1|Glimmora, L50, F, shiny|\n|poke|p2|Staraptor, L50, F|\n|poke|p2|Arcanine-Hisui, L50, M|\n|poke|p2|Kingambit, L50, M|\n|poke|p2|Raichu, L50, F|\n|poke|p2|Farigiraf, L50, M|\n|poke|p2|Sylveon, L50, M|\n|teampreview|4\n|inactive|Battle timer is ON: inactive players will automatically lose when time's up. (requested by RETfuturepresident)\n|j| altcrvstal_K!tty\n|inactive|Poopoo2 has 60 seconds left.\n|inactive|Poopoo2 has 30 seconds left.\n|inactive|Poopoo2 has 20 seconds left.\n|inactive|Poopoo2 has 15 seconds left.\n|\n|t:|1788433909\n|teamsize|p1|4\n|teamsize|p2|4\n|start\n|switch|p1a: Meganium|Meganium, L50, M|100/100\n|switch|p1b: Glimmora|Glimmora, L50, F, shiny|100/100\n|switch|p2a: Farigiraf|Farigiraf, L50, M|100/100\n|switch|p2b: Staraptor|Staraptor, L50, F|100/100\n|-ability|p2b: Staraptor|Intimidate|boost\n|-unboost|p1a: Meganium|atk|1\n|-unboost|p1b: Glimmora|atk|1\n|turn|1\n|\n|t:|1788433924\n|detailschange|p1a: Meganium|Meganium-Mega, L50, M\n|-mega|p1a: Meganium|Meganium|Meganiumite\n|move|p2b: Staraptor|Protect|p2b: Staraptor\n|-singleturn|p2b: Staraptor|Protect\n|move|p1b: Glimmora|Sludge Bomb|p2b: Staraptor\n|-activate|p2b: Staraptor|move: Protect\n|move|p1a: Meganium|Dazzling Gleam|p2b: Staraptor|[spread] p2a\n|-activate|p2b: Staraptor|move: Protect\n|-crit|p2a: Farigiraf\n|-damage|p2a: Farigiraf|55/100\n|move|p2a: Farigiraf|Psychic|p1b: Glimmora\n|-supereffective|p1b: Glimmora|1\n|-damage|p1b: Glimmora|6/100\n|\n|upkeep\n|turn|2\n|\n|t:|1788433947\n|switch|p2b: Kingambit|Kingambit, L50, M|100/100\n|move|p1b: Glimmora|Sludge Bomb|p2b: Kingambit\n|-immune|p2b: Kingambit\n|move|p1a: Meganium|Solar Beam||[still]\n|-prepare|p1a: Meganium|Solar Beam\n|-activate|p1a: Meganium|ability: Mega Sol\n|-anim|p1a: Meganium|Solar Beam|p2a: Farigiraf\n|-damage|p2a: Farigiraf|0 fnt\n|faint|p2a: Farigiraf\n|\n|upkeep\n|\n|t:|1788433958\n|switch|p2a: Sylveon|Sylveon, L50, M|100/100\n|turn|3\n|\n|t:|1788433963\n|switch|p1a: Farigiraf|Farigiraf, L50, F|100/100\n|move|p2b: Kingambit|Sucker Punch||[still]\n|cant|p1a: Farigiraf|ability: Armor Tail|Sucker Punch|[of] p2b: Kingambit\n|move|p1b: Glimmora|Sludge Bomb|p2a: Sylveon\n|-supereffective|p2a: Sylveon|1\n|-damage|p2a: Sylveon|20/100y\n|move|p2a: Sylveon|Hyper Voice|p1a: Farigiraf|[spread] p1a,p1b\n|-resisted|p1b: Glimmora|1\n|-damage|p1a: Farigiraf|60/100\n|-damage|p1b: Glimmora|0 fnt\n|faint|p1b: Glimmora\n|\n|upkeep\n|\n|t:|1788433973\n|switch|p1b: Meganium|Meganium-Mega, L50, M|100/100\n|turn|4\n|\n|t:|1788433989\n|move|p1b: Meganium|Weather Ball|p2b: Kingambit\n|-supereffective|p2b: Kingambit|1\n|-damage|p2b: Kingambit|0 fnt\n|faint|p2b: Kingambit\n|move|p2a: Sylveon|Hyper Voice|p1a: Farigiraf|[spread] p1a,p1b\n|-damage|p1a: Farigiraf|18/100\n|-damage|p1b: Meganium|54/100\n|-enditem|p1a: Farigiraf|Sitrus Berry|[eat]\n|-heal|p1a: Farigiraf|43/100|[from] item: Sitrus Berry\n|move|p1a: Farigiraf|Psychic|p2a: Sylveon\n|-damage|p2a: Sylveon|0 fnt\n|faint|p2a: Sylveon\n|\n|upkeep\n|\n|t:|1788433995\n|switch|p2b: Staraptor|Staraptor, L50, F|100/100\n|-ability|p2b: Staraptor|Intimidate|boost\n|-unboost|p1a: Farigiraf|atk|1\n|-unboost|p1b: Meganium|atk|1\n|turn|5\n|\n|t:|1788434001\n|move|p2b: Staraptor|Dual Wingbeat|p1b: Meganium\n|-supereffective|p1b: Meganium|1\n|-damage|p1b: Meganium|15/100\n|-supereffective|p1b: Meganium|1\n|-damage|p1b: Meganium|0 fnt\n|faint|p1b: Meganium\n|-hitcount|p1: Meganium|2\n|move|p1a: Farigiraf|Psychic|p2b: Staraptor\n|-damage|p2b: Staraptor|52/100\n|\n|upkeep\n|\n|t:|1788434004\n|switch|p1b: Blaziken|Blaziken, L50, M|100/100\n|turn|6\n|\n|t:|1788434018\n|detailschange|p2b: Staraptor|Staraptor-Mega, L50, F\n|-mega|p2b: Staraptor|Staraptor|Staraptite\n|move|p1b: Blaziken|Protect|p1b: Blaziken\n|-singleturn|p1b: Blaziken|Protect\n|move|p2b: Staraptor|Close Combat|p1a: Farigiraf\n|-damage|p1a: Farigiraf|0 fnt\n|-boost|p2b: Staraptor|def|1\n|-boost|p2b: Staraptor|spd|1\n|faint|p1a: Farigiraf\n|\n|-ability|p1b: Blaziken|Speed Boost|boost\n|-boost|p1b: Blaziken|spe|1\n|upkeep\n|turn|7\n|\n|t:|1788434036\n|move|p1b: Blaziken|Flare Blitz|p2b: Staraptor\n|-damage|p2b: Staraptor|0 fnt\n|faint|p2b: Staraptor\n|-damage|p1b: Blaziken|80/100|[from] Recoil\n|-damage|p1b: Blaziken|71/100|[from] item: Life Orb\n|\n|win|Poopoo2\n|raw|Poopoo2's rating: 1539 &rarr; <strong>1560</strong><br />(+21 for winning)\n|raw|RETfuturepresident's rating: 1550 &rarr; <strong>1529</strong><br />(-21 for losing)\n|l|☆RETfuturepresident\n|player|p2|\n|l| altcrvstal_K!tty\n","uploadtime":1788434059,"views":"4","formatid":"gen9championsvgc2026regmb","rating":1529,"private":0,"password":null}