{"id":"gen9championsvgc2026regmbbo3-2674191438","format":"[Gen 9 Champions] VGC 2026 Reg M-B (Bo3)","players":["Pacohk","Kyskdyyl"],"log":"|j|‽Pacohk\n|j|☆Kyskdyyl\n|html|<table width=\"100%\"><tr><td align=\"left\">Pacohk</td><td align=\"right\">Kyskdyyl</tr><tr><td align=\"left\"><i class=\"fa fa-circle-o\"></i> <i class=\"fa fa-circle-o\"></i> </td><td align=\"right\"><i class=\"fa fa-circle-o\"></i> <i class=\"fa fa-circle\"></i> </tr></table>\n|uhtml|bestof|<h2><strong>Game 2</strong> of <a href=\"/game-bestof3-gen9championsvgc2026regmbbo3-2674190092\">a best-of-3</a></h2>\n|t:|1788313005\n|gametype|doubles\n|player|p1|Pacohk|lucas|1032\n|player|p2|Kyskdyyl|102|1133\n|gen|9\n|tier|[Gen 9 Champions] VGC 2026 Reg M-B (Bo3)\n|rated|\n|rule|Species Clause: Limit one of each Pokémon\n|rule|Item Clause: Limit 1 of each item\n|clearpoke\n|poke|p1|Staraptor, L50, F|\n|poke|p1|Garchomp, L50, F|\n|poke|p1|Whimsicott, L50, F|\n|poke|p1|Sneasler, L50, F|\n|poke|p1|Arcanine-Hisui, L50, F|\n|poke|p1|Floette-Eternal, L50, F|\n|poke|p2|Aerodactyl, L50, F|\n|poke|p2|Mawile, L50, M|\n|poke|p2|Sneasler, L50, F|\n|poke|p2|Garchomp, L50, F|\n|poke|p2|Hydreigon, L50, F|\n|poke|p2|Charizard, L50, M|\n|teampreview|4\n|showteam|p1|Staraptor||Staraptite|Intimidate|CloseCombat,BraveBird,Protect,Roost|Jolly||F|||50|]Garchomp||LifeOrb|RoughSkin|Protect,RockSlide,DragonClaw,StompingTantrum|Jolly||F|||50|]Whimsicott||FocusSash|Prankster|Moonblast,Charm,Tailwind,Encore|Timid||F|||50|]Sneasler||WhiteHerb|Unburden|CloseCombat,DireClaw,Protect,FakeOut|Jolly||F|||50|]Arcanine-Hisui||ExpertBelt|RockHead|FlareBlitz,HeadSmash,ExtremeSpeed,Protect|Adamant||F|||50|]Floette-Eternal||Floettite|FlowerVeil|Moonblast,DazzlingGleam,LightofRuin,Protect|Timid||F|||50|\n|showteam|p2|Aerodactyl||FocusSash|Unnerve|RockSlide,WideGuard,Tailwind,Protect|Jolly||F|||50|]Mawile||Mawilite|Intimidate|IronHead,PlayRough,SuckerPunch,Protect|Adamant||M|||50|]Sneasler||LifeOrb|PoisonTouch|CloseCombat,PoisonJab,FakeOut,Protect|Jolly||F|||50|]Garchomp||SitrusBerry|RoughSkin|DragonClaw,Earthquake,RockSlide,Protect|Adamant||F|||50|]Hydreigon||HabanBerry|Levitate|DracoMeteor,DarkPulse,EarthPower,Protect|Modest||F|||50|]Charizard||CharizarditeY|Blaze|HeatWave,SolarBeam,WeatherBall,Protect|Modest||M|||50|\n|inactive|Battle timer is ON: inactive players will automatically lose when time's up. (requested by Pacohk)\n|\n|t:|1788313044\n|teamsize|p1|4\n|teamsize|p2|4\n|start\n|switch|p1a: Whimsicott|Whimsicott, L50, F|100/100\n|switch|p1b: Floette|Floette-Eternal, L50, F|100/100\n|switch|p2a: Aerodactyl|Aerodactyl, L50, F|100/100\n|switch|p2b: Garchomp|Garchomp, L50, F|100/100\n|-ability|p2a: Aerodactyl|Unnerve\n|turn|1\n|inactive|Kyskdyyl has 30 seconds left.\n|\n|t:|1788313075\n|switch|p2b: Mawile|Mawile, L50, M|100/100\n|-ability|p2b: Mawile|Intimidate|boost\n|-block|p1a: Whimsicott|ability: Flower Veil|[of] p1b: Floette\n|-unboost|p1b: Floette|atk|1\n|detailschange|p1b: Floette|Floette-Mega, L50, F\n|-mega|p1b: Floette|Floette|Floettite\n|-ability|p1b: Floette|Fairy Aura\n|move|p1a: Whimsicott|Tailwind|p1a: Whimsicott\n|-sidestart|p1: Pacohk|move: Tailwind\n|move|p1b: Floette|Moonblast|p2b: Mawile\n|-resisted|p2b: Mawile|1\n|-damage|p2b: Mawile|31/100\n|move|p2a: Aerodactyl|Tailwind|p2a: Aerodactyl\n|-sidestart|p2: Kyskdyyl|move: Tailwind\n|\n|upkeep\n|turn|2\n|\n|t:|1788313097\n|detailschange|p2b: Mawile|Mawile-Mega, L50, M\n|-mega|p2b: Mawile|Mawile|Mawilite\n|move|p2a: Aerodactyl|Wide Guard|p2a: Aerodactyl\n|-singleturn|p2a: Aerodactyl|Wide Guard\n|move|p1a: Whimsicott|Encore|p2a: Aerodactyl\n|-start|p2a: Aerodactyl|Encore\n|move|p1b: Floette|Moonblast|p2b: Mawile\n|-resisted|p2b: Mawile|1\n|-damage|p2b: Mawile|0 fnt\n|faint|p2b: Mawile\n|\n|upkeep\n|\n|t:|1788313106\n|switch|p2b: Sneasler|Sneasler, L50, F|100/100\n|turn|3\n|\n|t:|1788313121\n|switch|p2a: Garchomp|Garchomp, L50, F|100/100\n|move|p1b: Floette|Protect|p1b: Floette\n|-singleturn|p1b: Floette|Protect\n|move|p2b: Sneasler|Poison Jab|p1a: Whimsicott\n|-supereffective|p1a: Whimsicott|2\n|-enditem|p1a: Whimsicott|Focus Sash\n|-damage|p1a: Whimsicott|1/100\n|-status|p1a: Whimsicott|psn\n|-damage|p2b: Sneasler|90/100|[from] item: Life Orb\n|move|p1a: Whimsicott|Moonblast|p2b: Sneasler\n|-damage|p2b: Sneasler|44/100\n|\n|-damage|p1a: Whimsicott|0 fnt|[from] psn\n|faint|p1a: Whimsicott\n|upkeep\n|inactive|Pacohk has 30 seconds left.\n|inactive|Pacohk has 20 seconds left.\n|\n|t:|1788313156\n|switch|p1a: Sneasler|Sneasler, L50, F|100/100\n|turn|4\n|\n|t:|1788313163\n|move|p2b: Sneasler|Protect|p2b: Sneasler\n|-singleturn|p2b: Sneasler|Protect\n|move|p2a: Garchomp|Protect|p2a: Garchomp\n|-singleturn|p2a: Garchomp|Protect\n|move|p1a: Sneasler|Fake Out|p2b: Sneasler\n|-activate|p2b: Sneasler|move: Protect\n|move|p1b: Floette|Dazzling Gleam|p2b: Sneasler|[spread] \n|-activate|p2a: Garchomp|move: Protect\n|-activate|p2b: Sneasler|move: Protect\n|\n|-sideend|p1: Pacohk|move: Tailwind\n|-sideend|p2: Kyskdyyl|move: Tailwind\n|upkeep\n|turn|5\n|\n|t:|1788313178\n|switch|p2b: Aerodactyl|Aerodactyl, L50, F|100/100\n|-ability|p2b: Aerodactyl|Unnerve\n|move|p1a: Sneasler|Close Combat|p2b: Aerodactyl\n|-enditem|p2b: Aerodactyl|Focus Sash\n|-damage|p2b: Aerodactyl|1/100\n|-unboost|p1a: Sneasler|def|1\n|-unboost|p1a: Sneasler|spd|1\n|-enditem|p1a: Sneasler|White Herb\n|-clearnegativeboost|p1a: Sneasler|[silent]\n|move|p1b: Floette|Dazzling Gleam|p2b: Aerodactyl|[spread] p2a,p2b\n|-supereffective|p2a: Garchomp|1\n|-damage|p2a: Garchomp|8/100\n|-damage|p2b: Aerodactyl|0 fnt\n|-enditem|p2a: Garchomp|Sitrus Berry|[eat]\n|-heal|p2a: Garchomp|33/100|[from] item: Sitrus Berry\n|faint|p2b: Aerodactyl\n|move|p2a: Garchomp|Earthquake|p1b: Floette|[spread] p1a,p1b\n|-supereffective|p1a: Sneasler|1\n|-damage|p1a: Sneasler|0 fnt\n|-damage|p1b: Floette|46/100\n|faint|p1a: Sneasler\n|\n|upkeep\n|\n|t:|1788313198\n|switch|p2b: Sneasler|Sneasler, L50, F|44/100\n|switch|p1a: Garchomp|Garchomp, L50, F|100/100\n|turn|6\n|\n|t:|1788313208\n|move|p2b: Sneasler|Protect|p2b: Sneasler\n|-singleturn|p2b: Sneasler|Protect\n|move|p1b: Floette|Protect|p1b: Floette\n|-singleturn|p1b: Floette|Protect\n|move|p1a: Garchomp|Protect|p1a: Garchomp\n|-singleturn|p1a: Garchomp|Protect\n|move|p2a: Garchomp|Dragon Claw|p1a: Garchomp\n|-activate|p1a: Garchomp|move: Protect\n|\n|upkeep\n|turn|7\n|\n|t:|1788313230\n|move|p2b: Sneasler|Poison Jab|p1b: Floette\n|-supereffective|p1b: Floette|1\n|-damage|p1b: Floette|0 fnt\n|faint|p1b: Floette\n|-damage|p2b: Sneasler|35/100|[from] item: Life Orb\n|move|p1a: Garchomp|Stomping Tantrum|p2a: Garchomp\n|-damage|p2a: Garchomp|0 fnt\n|-damage|p1a: Garchomp|87/100|[from] ability: Rough Skin|[of] p2a: Garchomp\n|faint|p2a: Garchomp\n|-damage|p1a: Garchomp|77/100|[from] item: Life Orb\n|\n|upkeep\n|turn|8\n|\n|t:|1788313242\n|move|p2b: Sneasler|Close Combat|p1a: Garchomp\n|-damage|p1a: Garchomp|1/100\n|-unboost|p2b: Sneasler|def|1\n|-unboost|p2b: Sneasler|spd|1\n|-damage|p2b: Sneasler|22/100|[from] ability: Rough Skin|[of] p1a: Garchomp\n|-status|p1a: Garchomp|psn|[from] ability: Poison Touch|[of] p2b: Sneasler\n|-damage|p2b: Sneasler|13/100|[from] item: Life Orb\n|move|p1a: Garchomp|Stomping Tantrum|p2b: Sneasler\n|-supereffective|p2b: Sneasler|1\n|-damage|p2b: Sneasler|0 fnt\n|faint|p2b: Sneasler\n|-damage|p1a: Garchomp|0 fnt|[from] item: Life Orb\n|faint|p1a: Garchomp\n|\n|win|Pacohk\n||Kyskdyyl is ready for game 3.\n||Pacohk is ready for game 3.\n|uhtml|next|Next: <a href=\"/battle-gen9championsvgc2026regmbbo3-2674192961\"><strong>Game 3 of 3</strong></a>\n|l|‽Pacohk\n|player|p1|\n","uploadtime":1788313435,"views":"4","formatid":"gen9championsvgc2026regmbbo3","rating":null,"private":0,"password":null}