{"id":"gen9championsvgc2026regmbbo3-2674250904","format":"[Gen 9 Champions] VGC 2026 Reg M-B (Bo3)","players":["Magdlok","JaxonW41"],"log":"|j|☆Magdlok\n|j|☆JaxonW41\n|html|<table width=\"100%\"><tr><td align=\"left\">Magdlok</td><td align=\"right\">JaxonW41</tr><tr><td align=\"left\"><i class=\"fa fa-circle\"></i> <i class=\"fa fa-circle-o\"></i> </td><td align=\"right\"><i class=\"fa fa-circle-o\"></i> <i class=\"fa fa-circle-o\"></i> </tr></table>\n|uhtml|bestof|<h2><strong>Game 2</strong> of <a href=\"/game-bestof3-gen9championsvgc2026regmbbo3-2674249417\">a best-of-3</a></h2>\n|t:|1788323525\n|gametype|doubles\n|player|p1|Magdlok|bugcatcher-gen4dp|1000\n|player|p2|JaxonW41|169|1076\n|gen|9\n|tier|[Gen 9 Champions] VGC 2026 Reg M-B (Bo3)\n|rated|\n|rule|Species Clause: Limit one of each Pokémon\n|rule|Item Clause: Limit 1 of each item\n|clearpoke\n|poke|p1|Kingambit, L50, M|\n|poke|p1|Rotom-Wash, L50|\n|poke|p1|Garchomp, L50, M|\n|poke|p1|Tyranitar, L50, F|\n|poke|p1|Cofagrigus, L50, M|\n|poke|p1|Sneasler, L50, M|\n|poke|p2|Dragonite, L50, F|\n|poke|p2|Sneasler, L50, M|\n|poke|p2|Basculegion, L50, M|\n|poke|p2|Kingambit, L50, M|\n|poke|p2|Garchomp, L50, F|\n|poke|p2|Floette-Eternal, L50, F|\n|teampreview|4\n|showteam|p1|Kingambit||FocusSash|SupremeOverlord|Protect,SuckerPunch,IronHead,KowtowCleave|Adamant||M|||50|]Rotom-Wash||Leftovers|Levitate|Thunderbolt,HydroPump,WillOWisp,Protect|Modest|||||50|]Garchomp||LifeOrb|SandVeil|Earthquake,DragonClaw,RockSlide,Protect|Jolly||M|||50|]Tyranitar||SmoothRock|SandStream|IceBeam,EarthPower,Flamethrower,Protect|Modest||F|||50|]Cofagrigus||SitrusBerry|Mummy|NastyPlot,GigaDrain,ShadowBall,Psychic|Bold||M|||50|]Sneasler||MentalHerb|Unburden|CloseCombat,FakeOut,DireClaw,Protect|Jolly||M|||50|\n|showteam|p2|Dragonite||Dragoninite|Multiscale|DragonPulse,HeatWave,ExtremeSpeed,Protect|Modest||F|||50|]Sneasler||FocusSash|PoisonTouch|CloseCombat,DireClaw,FakeOut,Feint|Jolly||M|||50|]Basculegion||LifeOrb|Adaptability|WaveCrash,LastRespects,AquaJet,Protect|Adamant||M|||50|]Kingambit||ChopleBerry|Defiant|SuckerPunch,KowtowCleave,LowKick,IronHead|Adamant||M|||50|]Garchomp||ChoiceScarf|RoughSkin|DragonClaw,StompingTantrum,Earthquake,RockSlide|Adamant||F|||50|]Floette-Eternal||Floettite|FlowerVeil|Moonblast,DazzlingGleam,LightofRuin,Protect|Timid||F|||50|\n|\n|t:|1788323562\n|teamsize|p1|4\n|teamsize|p2|4\n|start\n|switch|p1a: Cofagrigus|Cofagrigus, L50, M|100/100\n|switch|p1b: Sneasler|Sneasler, L50, M|100/100\n|switch|p2a: Sneasler|Sneasler, L50, M|100/100\n|switch|p2b: Dragonite|Dragonite, L50, F|100/100\n|turn|1\n|\n|t:|1788323602\n|detailschange|p2b: Dragonite|Dragonite-Mega, L50, F\n|-mega|p2b: Dragonite|Dragonite|Dragoninite\n|move|p1b: Sneasler|Protect|p1b: Sneasler\n|-singleturn|p1b: Sneasler|Protect\n|move|p2a: Sneasler|Fake Out|p1b: Sneasler\n|-activate|p1b: Sneasler|move: Protect\n|move|p2b: Dragonite|Dragon Pulse|p1b: Sneasler\n|-activate|p1b: Sneasler|move: Protect\n|move|p1a: Cofagrigus|Nasty Plot|p1a: Cofagrigus\n|-boost|p1a: Cofagrigus|spa|2\n|\n|upkeep\n|turn|2\n|\n|t:|1788323633\n|switch|p2a: Kingambit|Kingambit, L50, M|100/100\n|switch|p1b: Tyranitar|Tyranitar, L50, F|100/100\n|-weather|Sandstorm|[from] ability: Sand Stream|[of] p1b: Tyranitar\n|move|p2b: Dragonite|Dragon Pulse|p1b: Tyranitar\n|-damage|p1b: Tyranitar|66/100\n|move|p1a: Cofagrigus|Psychic|p2a: Kingambit\n|-immune|p2a: Kingambit\n|\n|-weather|Sandstorm|[upkeep]\n|-damage|p2b: Dragonite|94/100|[from] Sandstorm\n|-damage|p1a: Cofagrigus|94/100|[from] Sandstorm\n|upkeep\n|turn|3\n|\n|t:|1788323684\n|move|p2b: Dragonite|Dragon Pulse|p1a: Cofagrigus\n|-crit|p1a: Cofagrigus\n|-damage|p1a: Cofagrigus|6/100\n|-enditem|p1a: Cofagrigus|Sitrus Berry|[eat]\n|-heal|p1a: Cofagrigus|31/100|[from] item: Sitrus Berry\n|move|p1b: Tyranitar|Ice Beam|p2b: Dragonite\n|-supereffective|p2b: Dragonite|2\n|-damage|p2b: Dragonite|0 fnt\n|faint|p2b: Dragonite\n|move|p2a: Kingambit|Low Kick|p1b: Tyranitar\n|-supereffective|p1b: Tyranitar|2\n|-damage|p1b: Tyranitar|0 fnt\n|faint|p1b: Tyranitar\n|move|p1a: Cofagrigus|Giga Drain|p2a: Kingambit\n|-resisted|p2a: Kingambit|1\n|-damage|p2a: Kingambit|83/100\n|-heal|p1a: Cofagrigus|42/100|[from] drain|[of] p2a: Kingambit\n|\n|-weather|Sandstorm|[upkeep]\n|-damage|p1a: Cofagrigus|36/100|[from] Sandstorm\n|upkeep\n|\n|t:|1788323709\n|switch|p2b: Basculegion|Basculegion, L50, M|100/100\n|switch|p1b: Sneasler|Sneasler, L50, M|100/100\n|turn|4\n|\n|t:|1788323741\n|move|p1b: Sneasler|Fake Out|p2a: Kingambit\n|-resisted|p2a: Kingambit|1\n|-damage|p2a: Kingambit|78/100\n|move|p2b: Basculegion|Wave Crash|p1b: Sneasler\n|-damage|p1b: Sneasler|0 fnt\n|faint|p1b: Sneasler\n|-damage|p2b: Basculegion|73/100|[from] Recoil\n|-damage|p2b: Basculegion|64/100|[from] item: Life Orb\n|cant|p2a: Kingambit|flinch\n|move|p1a: Cofagrigus|Shadow Ball|p2b: Basculegion\n|-supereffective|p2b: Basculegion|1\n|-damage|p2b: Basculegion|0 fnt\n|faint|p2b: Basculegion\n|\n|-weather|Sandstorm|[upkeep]\n|-damage|p1a: Cofagrigus|30/100|[from] Sandstorm\n|upkeep\n|\n|t:|1788323756\n|switch|p1b: Rotom|Rotom-Wash, L50|100/100\n|switch|p2b: Sneasler|Sneasler, L50, M|100/100\n|turn|5\n|\n|t:|1788323777\n|move|p2b: Sneasler|Fake Out|p1b: Rotom\n|-damage|p1b: Rotom|79/100\n|cant|p1b: Rotom|flinch\n|move|p2a: Kingambit|Kowtow Cleave|p1a: Cofagrigus\n|-supereffective|p1a: Cofagrigus|1\n|-damage|p1a: Cofagrigus|0 fnt\n|-activate|p1a: Cofagrigus|ability: Mummy|p2a: Kingambit|[ability] Defiant\n|faint|p1a: Cofagrigus\n|\n|-weather|Sandstorm|[upkeep]\n|-damage|p2b: Sneasler|94/100|[from] Sandstorm\n|-damage|p1b: Rotom|73/100|[from] Sandstorm\n|-heal|p1b: Rotom|79/100|[from] item: Leftovers\n|upkeep\n|turn|6\n|\n|t:|1788323806\n|move|p2b: Sneasler|Close Combat|p1b: Rotom\n|-damage|p1b: Rotom|0 fnt\n|-unboost|p2b: Sneasler|def|1\n|-unboost|p2b: Sneasler|spd|1\n|faint|p1b: Rotom\n|\n|win|JaxonW41\n","uploadtime":1788323808,"views":"0","formatid":"gen9championsvgc2026regmbbo3","rating":null,"private":0,"password":null}