{"id":"gen9championsvgc2026regmbbo3-2674032351","format":"[Gen 9 Champions] VGC 2026 Reg M-B (Bo3)","players":["humania1","ULYSSEDISCIPLINE"],"log":"|j|☆humania1\n|j|☆ULYSSEDISCIPLINE\n|html|<table width=\"100%\"><tr><td align=\"left\">humania1</td><td align=\"right\">ULYSSEDISCIPLINE</tr><tr><td align=\"left\"><i class=\"fa fa-circle\"></i> <i class=\"fa fa-circle-o\"></i> </td><td align=\"right\"><i class=\"fa fa-circle-o\"></i> <i class=\"fa fa-circle\"></i> </tr></table>\n|uhtml|bestof|<h2><strong>Game 3</strong> of <a href=\"/game-bestof3-gen9championsvgc2026regmbbo3-2674030817\">a best-of-3</a></h2>\n|t:|1788290482\n|gametype|doubles\n|player|p1|humania1|266|1110\n|player|p2|ULYSSEDISCIPLINE|cynthia-gen4|1102\n|gen|9\n|tier|[Gen 9 Champions] VGC 2026 Reg M-B (Bo3)\n|rated|\n|rule|Species Clause: Limit one of each Pokémon\n|rule|Item Clause: Limit 1 of each item\n|clearpoke\n|poke|p1|Blastoise, L50, F|\n|poke|p1|Delphox, L50, M, shiny|\n|poke|p1|Incineroar, L50, M|\n|poke|p1|Sinistcha, L50|\n|poke|p1|Sneasler, L50, F|\n|poke|p1|Vivillon, L50, F|\n|poke|p2|Garchomp, L50, M, shiny|\n|poke|p2|Charizard, L50, M, shiny|\n|poke|p2|Sylveon, L50, F, shiny|\n|poke|p2|Incineroar, L50, M, shiny|\n|poke|p2|Metagross, L50, shiny|\n|poke|p2|Grimmsnarl, L50, M, shiny|\n|teampreview|4\n|showteam|p1|Blastoise||Blastoisinite|Torrent|Protect,ShellSmash,WaterSpout,DarkPulse|Modest||F|||50|]Delphox||Delphoxite|Blaze|Protect,HeatWave,Psyshock,NastyPlot|Timid||M|||50|]Incineroar||PasshoBerry|Intimidate|FakeOut,PartingShot,FlareBlitz,ThroatChop|Impish||M|||50|]Sinistcha||SitrusBerry|Hospitality|Protect,MatchaGotcha,TrickRoom,RagePowder|Bold|||||50|]Sneasler||FocusSash|PoisonTouch|QuickGuard,FakeOut,CloseCombat,DireClaw|Jolly||F|||50|]Vivillon||ChoiceScarf|CompoundEyes|Hurricane,SleepPowder,RagePowder,Uturn|Timid||F|||50|\n|showteam|p2|Garchomp||Garchompite|RoughSkin|DragonClaw,Earthquake,StompingTantrum,StoneEdge|Adamant||M|||50|]Charizard||CharizarditeY|Blaze|Flamethrower,HeatWave,Hurricane,SolarBeam|Modest||M|||50|]Sylveon||LifeOrb|Pixilate|HyperVoice,Moonblast,WeatherBall,Protect|Modest||F|||50|]Incineroar||PasshoBerry|Intimidate|FakeOut,DarkestLariat,FlareBlitz,CloseCombat|Adamant||M|||50|]Metagross||Metagrossite|ClearBody|BodyPress,IcePunch,IronHead,PsychicFangs|Jolly|||||50|]Grimmsnarl||LightClay|Prankster|LightScreen,Reflect,SpiritBreak,FoulPlay|Careful||M|||50|\n|inactive|Battle timer is ON: inactive players will automatically lose when time's up. (requested by humania1)\n|inactive|ULYSSEDISCIPLINE also wants the timer to be on.\n|\n|t:|1788290491\n|teamsize|p1|4\n|teamsize|p2|4\n|start\n|switch|p1a: Blastoise|Blastoise, L50, F|100/100\n|switch|p1b: Incineroar|Incineroar, L50, M|100/100\n|switch|p2a: Sylveon|Sylveon, L50, F, shiny|100/100\n|switch|p2b: Grimmsnarl|Grimmsnarl, L50, M, shiny|100/100\n|-ability|p1b: Incineroar|Intimidate|boost\n|-unboost|p2a: Sylveon|atk|1\n|-unboost|p2b: Grimmsnarl|atk|1\n|turn|1\n|\n|t:|1788290495\n|detailschange|p1a: Blastoise|Blastoise-Mega, L50, F\n|-mega|p1a: Blastoise|Blastoise|Blastoisinite\n|move|p2b: Grimmsnarl|Light Screen|p2b: Grimmsnarl\n|-sidestart|p2: ULYSSEDISCIPLINE|move: Light Screen\n|move|p1a: Blastoise|Shell Smash|p1a: Blastoise\n|-unboost|p1a: Blastoise|def|1\n|-unboost|p1a: Blastoise|spd|1\n|-boost|p1a: Blastoise|atk|2\n|-boost|p1a: Blastoise|spa|2\n|-boost|p1a: Blastoise|spe|2\n|move|p1b: Incineroar|Throat Chop|p2a: Sylveon\n|-resisted|p2a: Sylveon|1\n|-damage|p2a: Sylveon|83/100\n|-start|p2a: Sylveon|Throat Chop|[silent]\n|move|p2a: Sylveon|Moonblast|p1a: Blastoise\n|-damage|p1a: Blastoise|9/100\n|-damage|p2a: Sylveon|73/100|[from] item: Life Orb\n|\n|upkeep\n|turn|2\n|\n|t:|1788290510\n|move|p1a: Blastoise|Protect|p1a: Blastoise\n|-singleturn|p1a: Blastoise|Protect\n|move|p2b: Grimmsnarl|Reflect|p2b: Grimmsnarl\n|-sidestart|p2: ULYSSEDISCIPLINE|Reflect\n|move|p1b: Incineroar|Flare Blitz|p2a: Sylveon\n|-damage|p2a: Sylveon|39/100\n|-damage|p1b: Incineroar|89/100|[from] Recoil\n|move|p2a: Sylveon|Moonblast|p1a: Blastoise\n|-activate|p1a: Blastoise|move: Protect\n|\n|-end|p2a: Sylveon|Throat Chop|[silent]\n|upkeep\n|turn|3\n|\n|t:|1788290518\n|switch|p1a: Sinistcha|Sinistcha, L50|100/100\n|-heal|p1b: Incineroar|100/100|[from] ability: Hospitality|[of] p1a: Sinistcha\n|switch|p2a: Incineroar|Incineroar, L50, M, shiny|100/100\n|-ability|p2a: Incineroar|Intimidate|boost\n|-unboost|p1a: Sinistcha|atk|1\n|-unboost|p1b: Incineroar|atk|1\n|move|p1b: Incineroar|Flare Blitz|p2a: Incineroar\n|-resisted|p2a: Incineroar|1\n|-damage|p2a: Incineroar|91/100\n|-damage|p1b: Incineroar|97/100|[from] Recoil\n|move|p2b: Grimmsnarl|Spirit Break|p1a: Sinistcha\n|-damage|p1a: Sinistcha|81/100\n|-unboost|p1a: Sinistcha|spa|1\n|\n|upkeep\n|turn|4\n|inactive|ULYSSEDISCIPLINE has 30 seconds left.\n|\n|t:|1788290551\n|move|p1a: Sinistcha|Protect|p1a: Sinistcha\n|-singleturn|p1a: Sinistcha|Protect\n|move|p1b: Incineroar|Flare Blitz|p2b: Grimmsnarl\n|-damage|p2b: Grimmsnarl|75/100\n|-damage|p1b: Incineroar|88/100|[from] Recoil\n|move|p2a: Incineroar|Flare Blitz|p1a: Sinistcha\n|-activate|p1a: Sinistcha|move: Protect\n|move|p2b: Grimmsnarl|Spirit Break|p1a: Sinistcha\n|-activate|p1a: Sinistcha|move: Protect\n|\n|upkeep\n|turn|5\n|\n|t:|1788290566\n|switch|p1b: Sneasler|Sneasler, L50, F|100/100\n|switch|p2b: Sylveon|Sylveon, L50, F, shiny|39/100\n|move|p2a: Incineroar|Flare Blitz|p1a: Sinistcha\n|-supereffective|p1a: Sinistcha|1\n|-damage|p1a: Sinistcha|0 fnt\n|faint|p1a: Sinistcha\n|-damage|p2a: Incineroar|67/100|[from] Recoil\n|\n|upkeep\n|\n|t:|1788290566\n|switch|p1a: Incineroar|Incineroar, L50, M|88/100\n|-ability|p1a: Incineroar|Intimidate|boost\n|-unboost|p2a: Incineroar|atk|1\n|-unboost|p2b: Sylveon|atk|1\n|turn|6\n|\n|t:|1788290581\n|switch|p2a: Grimmsnarl|Grimmsnarl, L50, M, shiny|75/100\n|move|p2b: Sylveon|Protect|p2b: Sylveon\n|-singleturn|p2b: Sylveon|Protect\n|move|p1b: Sneasler|Close Combat|p2a: Grimmsnarl\n|-damage|p2a: Grimmsnarl|24/100\n|-unboost|p1b: Sneasler|def|1\n|-unboost|p1b: Sneasler|spd|1\n|-status|p2a: Grimmsnarl|psn|[from] ability: Poison Touch|[of] p1b: Sneasler\n|move|p1a: Incineroar|Flare Blitz|p2b: Sylveon\n|-activate|p2b: Sylveon|move: Protect\n|\n|-damage|p2a: Grimmsnarl|11/100 psn|[from] psn\n|upkeep\n|turn|7\n|\n|t:|1788290599\n|switch|p2a: Incineroar|Incineroar, L50, M, shiny|67/100\n|-ability|p2a: Incineroar|Intimidate|boost\n|-unboost|p1a: Incineroar|atk|1\n|-unboost|p1b: Sneasler|atk|1\n|move|p1b: Sneasler|Dire Claw|p2a: Incineroar\n|-damage|p2a: Incineroar|50/100g\n|-status|p2a: Incineroar|psn\n|move|p1a: Incineroar|Flare Blitz|p2a: Incineroar\n|-resisted|p2a: Incineroar|1\n|-damage|p2a: Incineroar|41/100 psn\n|-damage|p1a: Incineroar|85/100|[from] Recoil\n|move|p2b: Sylveon|Moonblast|p1b: Sneasler\n|-enditem|p1b: Sneasler|Focus Sash\n|-damage|p1b: Sneasler|1/100\n|-unboost|p1b: Sneasler|spa|1\n|-damage|p2b: Sylveon|29/100|[from] item: Life Orb\n|\n|-damage|p2a: Incineroar|29/100 psn|[from] psn\n|upkeep\n|turn|8\n|\n|t:|1788290616\n|switch|p2b: Grimmsnarl|Grimmsnarl, L50, M, shiny|11/100 psn\n|move|p2a: Incineroar|Fake Out|p1b: Sneasler\n|-damage|p1b: Sneasler|0 fnt\n|faint|p1b: Sneasler\n|move|p1a: Incineroar|Flare Blitz|p2b: Grimmsnarl\n|-damage|p2b: Grimmsnarl|0 fnt\n|faint|p2b: Grimmsnarl\n|-damage|p1a: Incineroar|81/100|[from] Recoil\n|\n|-damage|p2a: Incineroar|16/100 psn|[from] psn\n|-sideend|p2: ULYSSEDISCIPLINE|move: Light Screen\n|upkeep\n|\n|t:|1788290624\n|switch|p1b: Blastoise|Blastoise-Mega, L50, F|9/100\n|switch|p2b: Garchomp|Garchomp, L50, M, shiny|100/100\n|turn|9\n|\n|t:|1788290634\n|detailschange|p2b: Garchomp|Garchomp-Mega, L50, M, shiny\n|-mega|p2b: Garchomp|Garchomp|Garchompite\n|move|p1b: Blastoise|Protect|p1b: Blastoise\n|-singleturn|p1b: Blastoise|Protect\n|move|p2b: Garchomp|Earthquake|p1b: Blastoise|[spread] p2a,p1a\n|-activate|p1b: Blastoise|move: Protect\n|-supereffective|p2a: Incineroar|1\n|-supereffective|p1a: Incineroar|1\n|-damage|p2a: Incineroar|0 fnt\n|-damage|p1a: Incineroar|0 fnt\n|faint|p2a: Incineroar\n|faint|p1a: Incineroar\n|\n|-sideend|p2: ULYSSEDISCIPLINE|Reflect\n|upkeep\n|\n|t:|1788290641\n|switch|p2a: Sylveon|Sylveon, L50, F, shiny|29/100\n|turn|10\n|\n|t:|1788290645\n|move|p2b: Garchomp|Dragon Claw|p1b: Blastoise\n|-damage|p1b: Blastoise|0 fnt\n|faint|p1b: Blastoise\n|\n|win|ULYSSEDISCIPLINE\n|raw|humania1's rating: 1110 &rarr; <strong>1084</strong><br />(-26 for losing)\n|raw|ULYSSEDISCIPLINE's rating: 1102 &rarr; <strong>1128</strong><br />(+26 for winning)\n","uploadtime":1788290645,"views":"3","formatid":"gen9championsvgc2026regmbbo3","rating":1084,"private":0,"password":null}