{"id":"gen9championsvgc2026regmb-2674106519","format":"[Gen 9 Champions] VGC 2026 Reg M-B","players":["tronbbx22","jeremyab0012"],"log":"|j|☆tronbbx22\n|j|☆jeremyab0012\n|t:|1788300021\n|gametype|doubles\n|player|p1|tronbbx22|koga|1448\n|player|p2|jeremyab0012|266|1536\n|gen|9\n|tier|[Gen 9 Champions] VGC 2026 Reg M-B\n|rated|\n|rule|Species Clause: Limit one of each Pokémon\n|rule|Item Clause: Limit 1 of each item\n|clearpoke\n|poke|p1|Venusaur, L50, M|\n|poke|p1|Grimmsnarl, L50, M|\n|poke|p1|Pelipper, L50, M|\n|poke|p1|Archaludon, L50, M|\n|poke|p1|Swampert, L50, M|\n|poke|p1|Farigiraf, L50, M|\n|poke|p2|Staraptor, L50, M|\n|poke|p2|Delphox, L50, M|\n|poke|p2|Whimsicott, L50, F|\n|poke|p2|Kingambit, L50, M|\n|poke|p2|Garchomp, L50, F|\n|poke|p2|Glimmora, L50, F|\n|teampreview|4\n|inactive|Battle timer is ON: inactive players will automatically lose when time's up. (requested by tronbbx22)\n|\n|t:|1788300049\n|teamsize|p1|4\n|teamsize|p2|4\n|start\n|switch|p1a: Swampert|Swampert, L50, M|100/100\n|switch|p1b: Archaludon|Archaludon, L50, M|100/100\n|switch|p2a: Staraptor|Staraptor, L50, M|100/100\n|switch|p2b: Whimsicott|Whimsicott, L50, F|100/100\n|-ability|p2a: Staraptor|Intimidate|boost\n|-unboost|p1a: Swampert|atk|1\n|-unboost|p1b: Archaludon|atk|1\n|turn|1\n|\n|t:|1788300060\n|switch|p1a: Pelipper|Pelipper, L50, M|100/100\n|-weather|RainDance|[from] ability: Drizzle|[of] p1a: Pelipper\n|detailschange|p2a: Staraptor|Staraptor-Mega, L50, M\n|-mega|p2a: Staraptor|Staraptor|Staraptite\n|move|p2b: Whimsicott|Charm|p2a: Staraptor\n|-boost|p2a: Staraptor|atk|2\n|move|p2a: Staraptor|Close Combat|p1b: Archaludon\n|-supereffective|p1b: Archaludon|1\n|-damage|p1b: Archaludon|0 fnt\n|-boost|p2a: Staraptor|def|1\n|-boost|p2a: Staraptor|spd|1\n|faint|p1b: Archaludon\n|\n|-weather|RainDance|[upkeep]\n|upkeep\n|\n|t:|1788300071\n|switch|p1b: Swampert|Swampert, L50, M|100/100\n|turn|2\n|\n|t:|1788300086\n|detailschange|p1b: Swampert|Swampert-Mega, L50, M\n|-mega|p1b: Swampert|Swampert|Swampertite\n|move|p2a: Staraptor|Protect|p2a: Staraptor\n|-singleturn|p2a: Staraptor|Protect\n|move|p2b: Whimsicott|Charm|p1b: Swampert\n|-unboost|p1b: Swampert|atk|2\n|move|p1b: Swampert|Ice Punch|p2a: Staraptor\n|-activate|p2a: Staraptor|move: Protect\n|move|p1a: Pelipper|Hurricane|p2a: Staraptor\n|-activate|p2a: Staraptor|move: Protect\n|\n|-weather|RainDance|[upkeep]\n|upkeep\n|turn|3\n|\n|t:|1788300102\n|switch|p1b: Farigiraf|Farigiraf, L50, M|100/100\n|move|p2b: Whimsicott|Charm|p2a: Staraptor\n|-boost|p2a: Staraptor|atk|2\n|move|p2a: Staraptor|Dual Wingbeat|p1a: Pelipper\n|-damage|p1a: Pelipper|37/100\n|-enditem|p1a: Pelipper|Sitrus Berry|[eat]\n|-heal|p1a: Pelipper|61/100|[from] item: Sitrus Berry\n|-damage|p1a: Pelipper|0 fnt\n|faint|p1a: Pelipper\n|-hitcount|p1: Pelipper|2\n|\n|-weather|RainDance|[upkeep]\n|upkeep\n|\n|t:|1788300109\n|switch|p1a: Swampert|Swampert-Mega, L50, M|100/100\n|turn|4\n|\n|t:|1788300122\n|move|p1a: Swampert|Protect|p1a: Swampert\n|-singleturn|p1a: Swampert|Protect\n|move|p2b: Whimsicott|Light Screen|p2b: Whimsicott\n|-sidestart|p2: jeremyab0012|move: Light Screen\n|move|p2a: Staraptor|Close Combat|p1b: Farigiraf\n|-damage|p1b: Farigiraf|0 fnt\n|-boost|p2a: Staraptor|def|1\n|-boost|p2a: Staraptor|spd|1\n|faint|p1b: Farigiraf\n|\n|-weather|RainDance|[upkeep]\n|upkeep\n|turn|5\n|\n|t:|1788300133\n|move|p2b: Whimsicott|Tailwind|p2b: Whimsicott\n|-sidestart|p2: jeremyab0012|move: Tailwind\n|move|p2a: Staraptor|Close Combat|p1a: Swampert\n|-damage|p1a: Swampert|0 fnt\n|-boost|p2a: Staraptor|def|1\n|-boost|p2a: Staraptor|spd|1\n|faint|p1a: Swampert\n|\n|win|jeremyab0012\n|raw|tronbbx22's rating: 1448 &rarr; <strong>1433</strong><br />(-15 for losing)\n|raw|jeremyab0012's rating: 1536 &rarr; <strong>1551</strong><br />(+15 for winning)\n|c|☆jeremyab0012|lol\n|c|☆jeremyab0012|you did no damage\n|c|☆tronbbx22|Bad game 4 me\n|c|☆tronbbx22|Gg\n|c|☆jeremyab0012|ggs lol\n","uploadtime":1788300166,"views":"16","formatid":"gen9championsvgc2026regmb","rating":1433,"private":0,"password":null}