{"id":"gen9championsvgc2026regmb-2673893552","format":"[Gen 9 Champions] VGC 2026 Reg M-B","players":["0-x ft wayne","beefcakessupreme"],"log":"|j|☆0-x ft wayne\n|j|☆beefcakessupreme\n|t:|1788273994\n|gametype|doubles\n|player|p1|0-x ft wayne|drayton|1308\n|player|p2|beefcakessupreme|2|1372\n|gen|9\n|tier|[Gen 9 Champions] VGC 2026 Reg M-B\n|rated|\n|rule|Species Clause: Limit one of each Pokémon\n|rule|Item Clause: Limit 1 of each item\n|clearpoke\n|poke|p1|Scovillain, L50, F|\n|poke|p1|Basculegion, L50, M|\n|poke|p1|Kingambit, L50, M|\n|poke|p1|Sneasler, L50, F|\n|poke|p1|Lycanroc-Dusk, L50, M|\n|poke|p1|Froslass, L50, F|\n|poke|p2|Whimsicott, L50, M|\n|poke|p2|Basculegion, L50, M|\n|poke|p2|Kingambit, L50, F|\n|poke|p2|Floette-Eternal, L50, F|\n|poke|p2|Garchomp, L50, M|\n|poke|p2|Charizard, L50, F|\n|teampreview|4\n|inactive|Battle timer is ON: inactive players will automatically lose when time's up. (requested by 0-x ft wayne)\n|\n|t:|1788274039\n|teamsize|p1|4\n|teamsize|p2|4\n|start\n|switch|p1a: Lycanroc|Lycanroc-Dusk, L50, M|100/100\n|switch|p1b: Froslass|Froslass, L50, F|100/100\n|switch|p2a: Whimsicott|Whimsicott, L50, M|100/100\n|switch|p2b: Charizard|Charizard, L50, F|100/100\n|turn|1\n|inactive|0-x ft wayne has 30 seconds left.\n|\n|t:|1788274071\n|move|p1b: Froslass|Protect|p1b: Froslass\n|-singleturn|p1b: Froslass|Protect\n|move|p2b: Charizard|Protect|p2b: Charizard\n|-singleturn|p2b: Charizard|Protect\n|move|p2a: Whimsicott|Tailwind|p2a: Whimsicott\n|-sidestart|p2: beefcakessupreme|move: Tailwind\n|move|p1a: Lycanroc|Accelerock|p2b: Charizard\n|-activate|p2b: Charizard|move: Protect\n|\n|upkeep\n|turn|2\n|\n|t:|1788274092\n|switch|p2b: Garchomp|Garchomp, L50, M|100/100\n|switch|p1b: Sneasler|Sneasler, L50, F|100/100\n|move|p2a: Whimsicott|Encore||[still]\n|-fail|p2a: Whimsicott\n|move|p1a: Lycanroc|Accelerock|p2b: Garchomp\n|-resisted|p2b: Garchomp|1\n|-damage|p2b: Garchomp|87/100\n|-damage|p1a: Lycanroc|88/100|[from] ability: Rough Skin|[of] p2b: Garchomp\n|\n|upkeep\n|turn|3\n|\n|t:|1788274111\n|switch|p1a: Froslass|Froslass, L50, F|100/100\n|move|p2a: Whimsicott|Protect|p2a: Whimsicott\n|-singleturn|p2a: Whimsicott|Protect\n|move|p1b: Sneasler|Fake Out|p2b: Garchomp\n|-damage|p2b: Garchomp|73/100\n|-damage|p1b: Sneasler|87/100|[from] ability: Rough Skin|[of] p2b: Garchomp\n|cant|p2b: Garchomp|flinch\n|\n|upkeep\n|turn|4\n|\n|t:|1788274133\n|detailschange|p1a: Froslass|Froslass-Mega, L50, F\n|-mega|p1a: Froslass|Froslass|Froslassite\n|-weather|Snowscape|[from] ability: Snow Warning|[of] p1a: Froslass\n|move|p1b: Sneasler|Protect|p1b: Sneasler\n|-singleturn|p1b: Sneasler|Protect\n|move|p2a: Whimsicott|Moonblast|p1a: Froslass\n|-damage|p1a: Froslass|65/100\n|move|p2b: Garchomp|Rock Slide|p1a: Froslass|[spread] p1a\n|-activate|p1b: Sneasler|move: Protect\n|-supereffective|p1a: Froslass|1\n|-damage|p1a: Froslass|20/100r\n|-damage|p2b: Garchomp|64/100|[from] item: Life Orb\n|cant|p1a: Froslass|flinch\n|\n|-weather|Snowscape|[upkeep]\n|-sideend|p2: beefcakessupreme|move: Tailwind\n|upkeep\n|turn|5\n|\n|t:|1788274157\n|move|p1a: Froslass|Protect|p1a: Froslass\n|-singleturn|p1a: Froslass|Protect\n|move|p2a: Whimsicott|Tailwind|p2a: Whimsicott\n|-sidestart|p2: beefcakessupreme|move: Tailwind\n|move|p2b: Garchomp|Rock Slide|p1b: Sneasler|[spread] p1b\n|-activate|p1a: Froslass|move: Protect\n|-resisted|p1b: Sneasler|1\n|-damage|p1b: Sneasler|69/100\n|-damage|p2b: Garchomp|54/100|[from] item: Life Orb\n|cant|p1b: Sneasler|flinch\n|\n|-weather|Snowscape|[upkeep]\n|upkeep\n|turn|6\n|\n|t:|1788274173\n|switch|p1a: Lycanroc|Lycanroc-Dusk, L50, M|88/100\n|move|p2a: Whimsicott|Encore||[still]\n|-fail|p2a: Whimsicott\n|move|p2b: Garchomp|Stomping Tantrum|p1b: Sneasler\n|-supereffective|p1b: Sneasler|1\n|-damage|p1b: Sneasler|0 fnt\n|faint|p1b: Sneasler\n|-damage|p2b: Garchomp|44/100|[from] item: Life Orb\n|\n|-weather|Snowscape|[upkeep]\n|upkeep\n|c|☆0-x ft wayne|skilled in the art of rng\n|\n|t:|1788274193\n|switch|p1b: Basculegion|Basculegion, L50, M|100/100\n|turn|7\n|\n|t:|1788274206\n|move|p1a: Lycanroc|Protect|p1a: Lycanroc\n|-singleturn|p1a: Lycanroc|Protect\n|move|p2a: Whimsicott|Moonblast|p1b: Basculegion\n|-damage|p1b: Basculegion|57/100\n|move|p2b: Garchomp|Dragon Claw|p1b: Basculegion\n|-damage|p1b: Basculegion|0 fnt\n|faint|p1b: Basculegion\n|-damage|p2b: Garchomp|35/100|[from] item: Life Orb\n|\n|-weather|Snowscape|[upkeep]\n|upkeep\n|\n|t:|1788274212\n|switch|p1b: Froslass|Froslass-Mega, L50, F|20/100r\n|turn|8\n|\n|t:|1788274223\n|move|p1b: Froslass|Protect|p1b: Froslass\n|-singleturn|p1b: Froslass|Protect\n|move|p2a: Whimsicott|Moonblast|p1b: Froslass\n|-activate|p1b: Froslass|move: Protect\n|move|p2b: Garchomp|Stomping Tantrum|p1a: Lycanroc\n|-supereffective|p1a: Lycanroc|1\n|-damage|p1a: Lycanroc|0 fnt\n|faint|p1a: Lycanroc\n|-damage|p2b: Garchomp|25/100|[from] item: Life Orb\n|\n|-weather|none\n|-sideend|p2: beefcakessupreme|move: Tailwind\n|upkeep\n|turn|9\n|-message|0-x ft wayne forfeited.\n|\n|win|beefcakessupreme\n|raw|0-x ft wayne's rating: 1308 &rarr; <strong>1292</strong><br />(-16 for losing)\n|raw|beefcakessupreme's rating: 1372 &rarr; <strong>1388</strong><br />(+16 for winning)\n","uploadtime":1788274235,"views":"1","formatid":"gen9championsvgc2026regmb","rating":1292,"private":0,"password":null}