{"id":"gen9championsvgc2026regmbbo3-2674870812","format":"[Gen 9 Champions] VGC 2026 Reg M-B (Bo3)","players":["marcuszac","Jorge Saltamontes"],"log":"|j|☆marcuszac\n|j|☆Jorge Saltamontes\n|html|<table width=\"100%\"><tr><td align=\"left\">marcuszac</td><td align=\"right\">Jorge Saltamontes</tr><tr><td align=\"left\"><i class=\"fa fa-circle\"></i> <i class=\"fa fa-circle-o\"></i> </td><td align=\"right\"><i class=\"fa fa-circle-o\"></i> <i class=\"fa fa-circle-o\"></i> </tr></table>\n|uhtml|bestof|<h2><strong>Game 2</strong> of <a href=\"/game-bestof3-gen9championsvgc2026regmbbo3-2674869869\">a best-of-3</a></h2>\n|t:|1788425765\n|gametype|doubles\n|player|p1|marcuszac|169|1176\n|player|p2|Jorge Saltamontes|marshal|1468\n|gen|9\n|tier|[Gen 9 Champions] VGC 2026 Reg M-B (Bo3)\n|rated|\n|rule|Species Clause: Limit one of each Pokémon\n|rule|Item Clause: Limit 1 of each item\n|clearpoke\n|poke|p1|Charizard, L50, F|\n|poke|p1|Aerodactyl, L50, M|\n|poke|p1|Sylveon, L50, F|\n|poke|p1|Kingambit, L50, F|\n|poke|p1|Garchomp, L50, F|\n|poke|p1|Farigiraf, L50, F|\n|poke|p2|Charizard, L50, F|\n|poke|p2|Garchomp, L50, M|\n|poke|p2|Incineroar, L50, F|\n|poke|p2|Venusaur, L50, F|\n|poke|p2|Toxapex, L50, M|\n|poke|p2|Sylveon, L50, M|\n|teampreview|4\n|showteam|p1|Charizard||CharizarditeY|Blaze|HeatWave,WeatherBall,SolarBeam,Protect|Modest||F|||50|]Aerodactyl||Aerodactylite|Unnerve|Tailwind,RockSlide,IceFang,DualWingbeat|Jolly||M|||50|]Sylveon||FairyFeather|Pixilate|HyperVoice,HyperBeam,QuickAttack,Detect|Modest||F|||50|]Kingambit||FocusSash|Defiant|KowtowCleave,SuckerPunch,LowKick,IronHead|Adamant||F|||50|]Garchomp||SoftSand|RoughSkin|Earthquake,Protect,DragonClaw,StompingTantrum|Jolly||F|||50|]Farigiraf||SitrusBerry|ArmorTail|Psychic,Thunderbolt,Protect,TrickRoom|Relaxed||F|||50|\n|showteam|p2|Charizard||CharizarditeY|Blaze|WeatherBall,HeatWave,AncientPower,Protect|Modest||F|||50|]Garchomp||ChoiceScarf|RoughSkin|RockSlide,DragonClaw,Earthquake,StompingTantrum|Adamant||M|||50|]Incineroar||SitrusBerry|Intimidate|FlareBlitz,FakeOut,DarkestLariat,PartingShot|Impish||F|||50|]Venusaur||FocusSash|Chlorophyll|SludgeBomb,SleepPowder,EarthPower,Protect|Modest||F|||50|]Toxapex||Leftovers|Regenerator|Infestation,Toxic,WideGuard,BanefulBunker|Bold||M|||50|]Sylveon||FairyFeather|Pixilate|HyperVoice,QuickAttack,Yawn,Detect|Modest||M|||50|\n|inactive|Battle timer is ON: inactive players will automatically lose when time's up. (requested by Jorge Saltamontes)\n|\n|t:|1788425793\n|teamsize|p1|4\n|teamsize|p2|4\n|start\n|switch|p1a: Charizard|Charizard, L50, F|100/100\n|switch|p1b: Aerodactyl|Aerodactyl, L50, M|100/100\n|switch|p2a: Charizard|Charizard, L50, F|100/100\n|switch|p2b: Venusaur|Venusaur, L50, F|100/100\n|-ability|p1b: Aerodactyl|Unnerve\n|turn|1\n|\n|t:|1788425817\n|detailschange|p2a: Charizard|Charizard-Mega-Y, L50, F\n|-mega|p2a: Charizard|Charizard|Charizardite Y\n|-weather|SunnyDay|[from] ability: Drought|[of] p2a: Charizard\n|detailschange|p1a: Charizard|Charizard-Mega-Y, L50, F\n|-mega|p1a: Charizard|Charizard|Charizardite Y\n|move|p2b: Venusaur|Sleep Powder|p1b: Aerodactyl|[miss]\n|-miss|p2b: Venusaur|p1b: Aerodactyl\n|move|p1b: Aerodactyl|Dual Wingbeat|p2b: Venusaur\n|-supereffective|p2b: Venusaur|1\n|-damage|p2b: Venusaur|57/100\n|-supereffective|p2b: Venusaur|1\n|-damage|p2b: Venusaur|12/100\n|-hitcount|p2b: Venusaur|2\n|move|p2a: Charizard|Ancient Power|p1b: Aerodactyl\n|-supereffective|p1b: Aerodactyl|1\n|-damage|p1b: Aerodactyl|36/100\n|move|p1a: Charizard|Weather Ball|p2b: Venusaur\n|-supereffective|p2b: Venusaur|1\n|-damage|p2b: Venusaur|0 fnt\n|faint|p2b: Venusaur\n|\n|-weather|SunnyDay|[upkeep]\n|upkeep\n|\n|t:|1788425829\n|switch|p2b: Garchomp|Garchomp, L50, M|100/100\n|turn|2\n|\n|t:|1788425848\n|switch|p1b: Sylveon|Sylveon, L50, F|100/100\n|switch|p1a: Garchomp|Garchomp, L50, F|100/100\n|move|p2b: Garchomp|Rock Slide|p1b: Sylveon|[spread] p1a,p1b\n|-resisted|p1a: Garchomp|1\n|-damage|p1a: Garchomp|89/100\n|-damage|p1b: Sylveon|78/100\n|move|p2a: Charizard|Heat Wave|p1b: Sylveon|[spread] p1a\n|-miss|p2a: Charizard|p1b: Sylveon\n|-resisted|p1a: Garchomp|1\n|-damage|p1a: Garchomp|56/100\n|\n|-weather|SunnyDay|[upkeep]\n|upkeep\n|turn|3\n|inactive|marcuszac has 30 seconds left.\n|inactive|Jorge Saltamontes has 30 seconds left.\n|\n|t:|1788425878\n|move|p2b: Garchomp|Rock Slide|p1b: Sylveon|[spread] p1b\n|-miss|p2b: Garchomp|p1a: Garchomp\n|-damage|p1b: Sylveon|57/100\n|move|p1a: Garchomp|Stomping Tantrum|p2b: Garchomp\n|-damage|p2b: Garchomp|50/100g\n|-damage|p1a: Garchomp|43/100|[from] ability: Rough Skin|[of] p2b: Garchomp\n|move|p2a: Charizard|Weather Ball|p1b: Sylveon\n|-damage|p1b: Sylveon|0 fnt\n|faint|p1b: Sylveon\n|\n|-weather|SunnyDay|[upkeep]\n|upkeep\n|\n|t:|1788425893\n|switch|p1b: Charizard|Charizard-Mega-Y, L50, F|100/100\n|turn|4\n|\n|t:|1788425898\n|move|p1b: Charizard|Protect|p1b: Charizard\n|-singleturn|p1b: Charizard|Protect\n|move|p2b: Garchomp|Rock Slide|p1a: Garchomp|[spread] p1a\n|-activate|p1b: Charizard|move: Protect\n|-resisted|p1a: Garchomp|1\n|-damage|p1a: Garchomp|33/100\n|move|p1a: Garchomp|Dragon Claw|p2b: Garchomp\n|-supereffective|p2b: Garchomp|1\n|-damage|p2b: Garchomp|0 fnt\n|-damage|p1a: Garchomp|21/100|[from] ability: Rough Skin|[of] p2b: Garchomp\n|faint|p2b: Garchomp\n|move|p2a: Charizard|Heat Wave|p1b: Charizard|[spread] p1a\n|-activate|p1b: Charizard|move: Protect\n|-resisted|p1a: Garchomp|1\n|-damage|p1a: Garchomp|0 fnt\n|faint|p1a: Garchomp\n|\n|-weather|SunnyDay|[upkeep]\n|upkeep\n|\n|t:|1788425915\n|switch|p1a: Aerodactyl|Aerodactyl, L50, M|36/100\n|switch|p2b: Incineroar|Incineroar, L50, F|100/100\n|-ability|p1a: Aerodactyl|Unnerve\n|-ability|p2b: Incineroar|Intimidate|boost\n|-unboost|p1a: Aerodactyl|atk|1\n|-unboost|p1b: Charizard|atk|1\n|turn|5\n|\n|t:|1788425937\n|move|p2b: Incineroar|Fake Out|p1a: Aerodactyl\n|-resisted|p1a: Aerodactyl|1\n|-damage|p1a: Aerodactyl|29/100\n|cant|p1a: Aerodactyl|flinch\n|move|p2a: Charizard|Ancient Power|p1a: Aerodactyl\n|-supereffective|p1a: Aerodactyl|1\n|-damage|p1a: Aerodactyl|0 fnt\n|faint|p1a: Aerodactyl\n|move|p1b: Charizard|Weather Ball|p2a: Charizard\n|-resisted|p2a: Charizard|1\n|-damage|p2a: Charizard|56/100\n|\n|-weather|none\n|upkeep\n|turn|6\n|\n|t:|1788425953\n|move|p2a: Charizard|Ancient Power|p1b: Charizard\n|-supereffective|p1b: Charizard|2\n|-damage|p1b: Charizard|11/100\n|move|p1b: Charizard|Heat Wave|p2a: Charizard|[spread] p2a,p2b\n|-resisted|p2a: Charizard|1\n|-resisted|p2b: Incineroar|1\n|-damage|p2a: Charizard|35/100\n|-damage|p2b: Incineroar|80/100\n|move|p2b: Incineroar|Darkest Lariat|p1b: Charizard\n|-damage|p1b: Charizard|0 fnt\n|faint|p1b: Charizard\n|\n|win|Jorge Saltamontes\n","uploadtime":1788425770,"views":"5","formatid":"gen9championsvgc2026regmbbo3","rating":null,"private":0,"password":null}