{"id":"gen9championsvgc2026regmbbo3-2674224406","format":"[Gen 9 Champions] VGC 2026 Reg M-B (Bo3)","players":["MoonEnthusiast","teyvgc"],"log":"|j|☆MoonEnthusiast\n|j|☆teyvgc\n|html|<table width=\"100%\"><tr><td align=\"left\">MoonEnthusiast</td><td align=\"right\">teyvgc</tr><tr><td align=\"left\"><i class=\"fa fa-circle-o\"></i> <i class=\"fa fa-circle-o\"></i> </td><td align=\"right\"><i class=\"fa fa-circle-o\"></i> <i class=\"fa fa-circle-o\"></i> </tr></table>\n|uhtml|bestof|<h2><strong>Game 1</strong> of <a href=\"/game-bestof3-gen9championsvgc2026regmbbo3-2674224405\">a best-of-3</a></h2>\n|t:|1788318368\n|gametype|doubles\n|player|p1|MoonEnthusiast|2|1226\n|player|p2|teyvgc|rood|1392\n|gen|9\n|tier|[Gen 9 Champions] VGC 2026 Reg M-B (Bo3)\n|rated|\n|rule|Species Clause: Limit one of each Pokémon\n|rule|Item Clause: Limit 1 of each item\n|clearpoke\n|poke|p1|Basculegion, L50, M|\n|poke|p1|Froslass, L50, F|\n|poke|p1|Kingambit, L50, M|\n|poke|p1|Scovillain, L50, F|\n|poke|p1|Sneasler, L50, F|\n|poke|p1|Lycanroc-Dusk, L50, M|\n|poke|p2|Delphox, L50, M|\n|poke|p2|Vanilluxe, L50, F|\n|poke|p2|Floette-Eternal, L50, F|\n|poke|p2|Sinistcha, L50|\n|poke|p2|Milotic, L50, M|\n|poke|p2|Incineroar, L50, M|\n|teampreview|4\n|showteam|p1|Basculegion||LifeOrb|Adaptability|WaveCrash,AquaJet,LastRespects,Protect|Adamant||M|||50|]Froslass||Froslassite|SnowCloak|Protect,Blizzard,ShadowBall,AuroraVeil|Timid||F|||50|]Kingambit||BlackGlasses|Defiant|KowtowCleave,SuckerPunch,SwordsDance,Protect|Adamant||M|||50|]Scovillain||Scovillainite|Moody|GigaDrain,Overheat,RagePowder,Protect|Bold||F|||50|]Sneasler||WhiteHerb|Unburden|CloseCombat,GunkShot,FakeOut,Protect|Jolly||F|||50|]Lycanroc-Dusk||FocusSash|ToughClaws|Protect,Accelerock,RockSlide,CloseCombat|Adamant||M|||50|\n|showteam|p2|Delphox||Delphoxite|Blaze|HeatWave,Psychic,NastyPlot,Protect|Timid||M|||50|]Vanilluxe||ChoiceScarf|SnowWarning|Blizzard,FreezeDry,SheerCold,IcyWind|Timid||F|||50|]Floette-Eternal||Floettite|FlowerVeil|Protect,Moonblast,DazzlingGleam,CalmMind|Modest||F|||50|]Sinistcha||KasibBerry|Hospitality|LifeDew,RagePowder,MatchaGotcha,Protect|Bold|||||50|]Milotic||Leftovers|Competitive|Coil,Protect,MuddyWater,Hypnosis|Bold||M|||50|]Incineroar||SitrusBerry|Intimidate|FakeOut,PartingShot,FlareBlitz,DarkestLariat|Impish||M|||50|\n|inactive|Battle timer is ON: inactive players will automatically lose when time's up. (requested by MoonEnthusiast)\n|inactive|MoonEnthusiast has 60 seconds left.\n|inactive|teyvgc has 60 seconds left.\n|inactive|teyvgc has 30 seconds left.\n|inactive|teyvgc has 20 seconds left.\n|\n|t:|1788318444\n|teamsize|p1|4\n|teamsize|p2|4\n|start\n|switch|p1a: Lycanroc|Lycanroc-Dusk, L50, M|100/100\n|switch|p1b: Kingambit|Kingambit, L50, M|100/100\n|switch|p2a: Milotic|Milotic, L50, M|100/100\n|switch|p2b: Incineroar|Incineroar, L50, M|100/100\n|-ability|p2b: Incineroar|Intimidate|boost\n|-unboost|p1a: Lycanroc|atk|1\n|-unboost|p1b: Kingambit|atk|1\n|-ability|p1b: Kingambit|Defiant|boost\n|-boost|p1b: Kingambit|atk|2\n|turn|1\n|l|☆MoonEnthusiast\n|inactive|MoonEnthusiast disconnected and has a minute to reconnect!\n|player|p1|\n|j|☆MoonEnthusiast\n|inactive|MoonEnthusiast reconnected and has 35 seconds left.\n|player|p1|MoonEnthusiast|2|\n|inactive|MoonEnthusiast has 30 seconds left.\n|inactive|MoonEnthusiast has 20 seconds left.\n|\n|t:|1788318483\n|switch|p1a: Basculegion|Basculegion, L50, M|100/100\n|move|p1b: Kingambit|Protect|p1b: Kingambit\n|-singleturn|p1b: Kingambit|Protect\n|move|p2b: Incineroar|Fake Out|p1b: Kingambit\n|-activate|p1b: Kingambit|move: Protect\n|move|p2a: Milotic|Coil|p2a: Milotic\n|-boost|p2a: Milotic|atk|1\n|-boost|p2a: Milotic|def|1\n|-boost|p2a: Milotic|accuracy|1\n|\n|upkeep\n|turn|2\n|\n|t:|1788318503\n|switch|p2b: Vanilluxe|Vanilluxe, L50, F|100/100\n|-weather|Snowscape|[from] ability: Snow Warning|[of] p2b: Vanilluxe\n|move|p1a: Basculegion|Wave Crash|p2b: Vanilluxe\n|-damage|p2b: Vanilluxe|3/100\n|-damage|p1a: Basculegion|74/100|[from] Recoil\n|-damage|p1a: Basculegion|65/100|[from] item: Life Orb\n|move|p2a: Milotic|Hypnosis|p1b: Kingambit\n|-status|p1b: Kingambit|slp|[from] move: Hypnosis\n|cant|p1b: Kingambit|slp\n|\n|-weather|Snowscape|[upkeep]\n|upkeep\n|turn|3\n|inactive|teyvgc has 30 seconds left.\n|inactive|teyvgc has 20 seconds left.\n|\n|t:|1788318540\n|move|p1a: Basculegion|Aqua Jet|p2b: Vanilluxe\n|-damage|p2b: Vanilluxe|0 fnt\n|faint|p2b: Vanilluxe\n|-damage|p1a: Basculegion|55/100|[from] item: Life Orb\n|move|p2a: Milotic|Hypnosis|p1a: Basculegion\n|-status|p1a: Basculegion|slp|[from] move: Hypnosis\n|cant|p1b: Kingambit|slp\n|\n|-weather|Snowscape|[upkeep]\n|upkeep\n|\n|t:|1788318543\n|switch|p2b: Delphox|Delphox, L50, M|100/100\n|turn|4\n|inactive|MoonEnthusiast has 30 seconds left.\n|\n|t:|1788318571\n|switch|p1a: Lycanroc|Lycanroc-Dusk, L50, M|100/100\n|detailschange|p2b: Delphox|Delphox-Mega, L50, M\n|-mega|p2b: Delphox|Delphox|Delphoxite\n|-curestatus|p1b: Kingambit|slp|[msg]\n|move|p1b: Kingambit|Protect|p1b: Kingambit\n|-singleturn|p1b: Kingambit|Protect\n|move|p2b: Delphox|Heat Wave|p1a: Lycanroc|[spread] p1a\n|-activate|p1b: Kingambit|move: Protect\n|-resisted|p1a: Lycanroc|1\n|-damage|p1a: Lycanroc|68/100\n|move|p2a: Milotic|Muddy Water|p1b: Kingambit|[spread] p1a\n|-activate|p1b: Kingambit|move: Protect\n|-supereffective|p1a: Lycanroc|1\n|-damage|p1a: Lycanroc|0 fnt\n|faint|p1a: Lycanroc\n|\n|-weather|Snowscape|[upkeep]\n|upkeep\n|\n|t:|1788318590\n|switch|p1a: Froslass|Froslass, L50, F|100/100\n|turn|5\n|\n|t:|1788318597\n|detailschange|p1a: Froslass|Froslass-Mega, L50, F\n|-mega|p1a: Froslass|Froslass|Froslassite\n|move|p2b: Delphox|Protect|p2b: Delphox\n|-singleturn|p2b: Delphox|Protect\n|move|p1b: Kingambit|Sucker Punch||[still]\n|-fail|p1b: Kingambit\n|move|p1a: Froslass|Aurora Veil|p1a: Froslass\n|-sidestart|p1: MoonEnthusiast|move: Aurora Veil\n|move|p2a: Milotic|Hypnosis|p1b: Kingambit\n|-status|p1b: Kingambit|slp|[from] move: Hypnosis\n|\n|-weather|Snowscape|[upkeep]\n|upkeep\n|turn|6\n|\n|t:|1788318609\n|move|p2b: Delphox|Heat Wave|p1a: Froslass|[spread] p1a,p1b\n|-supereffective|p1a: Froslass|1\n|-supereffective|p1b: Kingambit|1\n|-damage|p1a: Froslass|42/100\n|-damage|p1b: Kingambit|49/100 slp\n|move|p1a: Froslass|Shadow Ball|p2b: Delphox\n|-supereffective|p2b: Delphox|1\n|-damage|p2b: Delphox|21/100\n|move|p2a: Milotic|Muddy Water|p1a: Froslass|[spread] p1a,p1b\n|-damage|p1a: Froslass|24/100\n|-damage|p1b: Kingambit|36/100 slp\n|-unboost|p1b: Kingambit|accuracy|1\n|-ability|p1b: Kingambit|Defiant|boost\n|-boost|p1b: Kingambit|atk|2\n|cant|p1b: Kingambit|slp\n|\n|-weather|none\n|upkeep\n|turn|7\n|\n|t:|1788318629\n|move|p2b: Delphox|Protect|p2b: Delphox\n|-singleturn|p2b: Delphox|Protect\n|-curestatus|p1b: Kingambit|slp|[msg]\n|move|p1b: Kingambit|Protect|p1b: Kingambit\n|-singleturn|p1b: Kingambit|Protect\n|move|p1a: Froslass|Shadow Ball|p2b: Delphox\n|-activate|p2b: Delphox|move: Protect\n|move|p2a: Milotic|Hypnosis|p1a: Froslass\n|-status|p1a: Froslass|slp|[from] move: Hypnosis\n|\n|upkeep\n|turn|8\n|inactive|MoonEnthusiast has 30 seconds left.\n|inactive|MoonEnthusiast has 20 seconds left.\n|inactive|MoonEnthusiast has 15 seconds left.\n|l|☆MoonEnthusiast\n|inactive|MoonEnthusiast disconnected and has a minute to reconnect!\n|player|p1|\n|inactive|MoonEnthusiast has 10 seconds left.\n|inactive|MoonEnthusiast has 5 seconds left.\n|-message|MoonEnthusiast lost due to inactivity.\n|\n|win|teyvgc\n","uploadtime":1788318684,"views":"0","formatid":"gen9championsvgc2026regmbbo3","rating":null,"private":0,"password":null}