{"id":"gen9championsvgc2026regmbbo3-2673785611","format":"[Gen 9 Champions] VGC 2026 Reg M-B (Bo3)","players":["CaratroncoSun","Chewe_60111"],"log":"|j|☆CaratroncoSun\n|j|☆Chewe_60111\n|html|<table width=\"100%\"><tr><td align=\"left\">CaratroncoSun</td><td align=\"right\">Chewe_60111</tr><tr><td align=\"left\"><i class=\"fa fa-circle-o\"></i> <i class=\"fa fa-circle-o\"></i> </td><td align=\"right\"><i class=\"fa fa-circle-o\"></i> <i class=\"fa fa-circle-o\"></i> </tr></table>\n|uhtml|bestof|<h2><strong>Game 1</strong> of <a href=\"/game-bestof3-gen9championsvgc2026regmbbo3-2673785610\">a best-of-3</a></h2>\n|t:|1788256165\n|gametype|doubles\n|player|p1|CaratroncoSun|170|1350\n|player|p2|Chewe_60111|1|1243\n|gen|9\n|tier|[Gen 9 Champions] VGC 2026 Reg M-B (Bo3)\n|rated|\n|rule|Species Clause: Limit one of each Pokémon\n|rule|Item Clause: Limit 1 of each item\n|clearpoke\n|poke|p1|Charizard, L50, F, shiny|\n|poke|p1|Venusaur, L50, F, shiny|\n|poke|p1|Whimsicott, L50, M, shiny|\n|poke|p1|Basculegion, L50, M|\n|poke|p1|Tyranitar, L50, F|\n|poke|p1|Mamoswine, L50, M|\n|poke|p2|Sneasler, L50, M|\n|poke|p2|Basculegion, L50, M|\n|poke|p2|Kingambit, L50, F|\n|poke|p2|Incineroar, L50, M|\n|poke|p2|Dragonite, L50, F|\n|poke|p2|Whimsicott, L50, M|\n|teampreview|4\n|showteam|p1|Charizard||CharizarditeY|Blaze|Protect,SolarBeam,HeatWave,AirSlash|Modest||F|||50|]Venusaur||WideLens|Chlorophyll|Protect,GigaDrain,EarthPower,SleepPowder|Modest||F|||50|]Whimsicott||FocusSash|Prankster|Protect,Moonblast,Tailwind,Encore|Timid||M|||50|]Basculegion||MysticWater|Adaptability|Protect,AquaJet,WaveCrash,LastRespects|Adamant||M|||50|]Tyranitar||Tyranitarite|SandStream|Protect,RockSlide,KnockOff,LowKick|Adamant||F|||50|]Mamoswine||LifeOrb|Oblivious|Protect,HighHorsepower,RockSlide,IceShard|Adamant||M|||50|\n|showteam|p2|Sneasler||WhiteHerb|PoisonTouch|FakeOut,CloseCombat,DireClaw,Coaching|Jolly||M|||50|]Basculegion||SitrusBerry|Adaptability|WaveCrash,LastRespects,AquaJet,Protect|Adamant||M|||50|]Kingambit||ChopleBerry|Defiant|KowtowCleave,SuckerPunch,IronHead,LowKick|Adamant||F|||50|]Incineroar||Leftovers|Intimidate|FakeOut,FlareBlitz,PartingShot,ThroatChop|Impish||M|||50|]Dragonite||Dragoninite|Multiscale|Roost,Thunderbolt,DragonPulse,HeatWave|Modest||F|||50|]Whimsicott||BrightPowder|Prankster|Tailwind,Moonblast,Encore,LightScreen|Bold||M|||50|\n|inactive|Battle timer is ON: inactive players will automatically lose when time's up. (requested by Chewe_60111)\n|inactive|Chewe_60111 has 60 seconds left.\n|\n|t:|1788256216\n|teamsize|p1|4\n|teamsize|p2|4\n|start\n|switch|p1a: Whimsicott|Whimsicott, L50, M, shiny|100/100\n|switch|p1b: Tyranitar|Tyranitar, L50, F|100/100\n|switch|p2a: Incineroar|Incineroar, L50, M|100/100\n|switch|p2b: Dragonite|Dragonite, L50, F|100/100\n|-weather|Sandstorm|[from] ability: Sand Stream|[of] p1b: Tyranitar\n|-ability|p2a: Incineroar|Intimidate|boost\n|-unboost|p1a: Whimsicott|atk|1\n|-unboost|p1b: Tyranitar|atk|1\n|turn|1\n|\n|t:|1788256241\n|switch|p1b: Basculegion|Basculegion, L50, M|100/100\n|switch|p2a: Whimsicott|Whimsicott, L50, M|100/100\n|detailschange|p2b: Dragonite|Dragonite-Mega, L50, F\n|-mega|p2b: Dragonite|Dragonite|Dragoninite\n|move|p1a: Whimsicott|Protect|p1a: Whimsicott\n|-singleturn|p1a: Whimsicott|Protect\n|move|p2b: Dragonite|Heat Wave|p1b: Basculegion|[spread] p1b\n|-activate|p1a: Whimsicott|move: Protect\n|-resisted|p1b: Basculegion|1\n|-damage|p1b: Basculegion|84/100\n|\n|-weather|Sandstorm|[upkeep]\n|-damage|p1a: Whimsicott|94/100|[from] Sandstorm\n|-damage|p2a: Whimsicott|94/100|[from] Sandstorm\n|-damage|p1b: Basculegion|78/100|[from] Sandstorm\n|-damage|p2b: Dragonite|94/100|[from] Sandstorm\n|upkeep\n|turn|2\n|inactive|Chewe_60111 has 30 seconds left.\n|\n|t:|1788256268\n|move|p1a: Whimsicott|Tailwind|p1a: Whimsicott\n|-sidestart|p1: CaratroncoSun|move: Tailwind\n|move|p2a: Whimsicott|Encore|p1a: Whimsicott\n|-start|p1a: Whimsicott|Encore\n|move|p1b: Basculegion|Last Respects|p2b: Dragonite\n|-damage|p2b: Dragonite|67/100\n|move|p2b: Dragonite|Thunderbolt|p1b: Basculegion\n|-supereffective|p1b: Basculegion|1\n|-damage|p1b: Basculegion|0 fnt\n|faint|p1b: Basculegion\n|\n|-weather|Sandstorm|[upkeep]\n|-damage|p1a: Whimsicott|88/100|[from] Sandstorm\n|-damage|p2a: Whimsicott|88/100|[from] Sandstorm\n|-damage|p2b: Dragonite|61/100|[from] Sandstorm\n|upkeep\n|\n|t:|1788256282\n|switch|p1b: Tyranitar|Tyranitar, L50, F|100/100\n|turn|3\n|\n|t:|1788256302\n|switch|p1a: Venusaur|Venusaur, L50, F, shiny|100/100\n|detailschange|p1b: Tyranitar|Tyranitar-Mega, L50, F\n|-mega|p1b: Tyranitar|Tyranitar|Tyranitarite\n|move|p2a: Whimsicott|Tailwind|p2a: Whimsicott\n|-sidestart|p2: Chewe_60111|move: Tailwind\n|move|p2b: Dragonite|Roost|p2b: Dragonite\n|-heal|p2b: Dragonite|100/100\n|-singleturn|p2b: Dragonite|move: Roost\n|move|p1b: Tyranitar|Rock Slide|p2b: Dragonite|[spread] p2b\n|-miss|p1b: Tyranitar|p2a: Whimsicott\n|-damage|p2b: Dragonite|84/100\n|\n|-weather|Sandstorm|[upkeep]\n|-damage|p2a: Whimsicott|82/100|[from] Sandstorm\n|-damage|p1a: Venusaur|93/100|[from] Sandstorm\n|-damage|p2b: Dragonite|78/100|[from] Sandstorm\n|upkeep\n|turn|4\n|inactive|Chewe_60111 has 30 seconds left.\n|\n|t:|1788256328\n|switch|p1a: Whimsicott|Whimsicott, L50, M, shiny|88/100\n|move|p2a: Whimsicott|Light Screen|p2a: Whimsicott\n|-sidestart|p2: Chewe_60111|move: Light Screen\n|move|p2b: Dragonite|Roost|p2b: Dragonite\n|-heal|p2b: Dragonite|100/100\n|-singleturn|p2b: Dragonite|move: Roost\n|move|p1b: Tyranitar|Rock Slide|p2b: Dragonite|[spread] p2b\n|-miss|p1b: Tyranitar|p2a: Whimsicott\n|-damage|p2b: Dragonite|85/100\n|\n|-weather|Sandstorm|[upkeep]\n|-damage|p1a: Whimsicott|82/100|[from] Sandstorm\n|-damage|p2a: Whimsicott|76/100|[from] Sandstorm\n|-damage|p2b: Dragonite|80/100|[from] Sandstorm\n|upkeep\n|turn|5\n|inactive|Chewe_60111 has 30 seconds left.\n|\n|t:|1788256360\n|switch|p2b: Incineroar|Incineroar, L50, M|100/100\n|-ability|p2b: Incineroar|Intimidate|boost\n|-unboost|p1a: Whimsicott|atk|1\n|-unboost|p1b: Tyranitar|atk|1\n|move|p1a: Whimsicott|Moonblast|p2b: Incineroar\n|-damage|p2b: Incineroar|79/100\n|move|p2a: Whimsicott|Moonblast|p1b: Tyranitar\n|-supereffective|p1b: Tyranitar|1\n|-crit|p1b: Tyranitar\n|-damage|p1b: Tyranitar|58/100\n|move|p1b: Tyranitar|Rock Slide|p2b: Incineroar|[spread] p2a,p2b\n|-supereffective|p2b: Incineroar|1\n|-damage|p2a: Whimsicott|47/100\n|-damage|p2b: Incineroar|40/100\n|\n|-weather|none\n|-heal|p2b: Incineroar|46/100|[from] item: Leftovers\n|-sideend|p1: CaratroncoSun|move: Tailwind\n|upkeep\n|turn|6\n|inactive|Chewe_60111 has 30 seconds left.\n|\n|t:|1788256394\n|switch|p1b: Venusaur|Venusaur, L50, F, shiny|93/100\n|move|p1a: Whimsicott|Protect|p1a: Whimsicott\n|-singleturn|p1a: Whimsicott|Protect\n|move|p2b: Incineroar|Fake Out|p1a: Whimsicott\n|-activate|p1a: Whimsicott|move: Protect\n|move|p2a: Whimsicott|Moonblast|p1b: Venusaur\n|-resisted|p1b: Venusaur|1\n|-damage|p1b: Venusaur|79/100\n|-unboost|p1b: Venusaur|spa|1\n|\n|-heal|p2b: Incineroar|51/100|[from] item: Leftovers\n|-sideend|p2: Chewe_60111|move: Tailwind\n|upkeep\n|turn|7\n|\n|t:|1788256418\n|move|p1a: Whimsicott|Tailwind|p1a: Whimsicott\n|-sidestart|p1: CaratroncoSun|move: Tailwind\n|move|p2a: Whimsicott|Tailwind|p2a: Whimsicott\n|-sidestart|p2: Chewe_60111|move: Tailwind\n|move|p1b: Venusaur|Sleep Powder|p2b: Incineroar\n|-status|p2b: Incineroar|slp|[from] move: Sleep Powder\n|cant|p2b: Incineroar|slp\n|\n|-heal|p2b: Incineroar|57/100 slp|[from] item: Leftovers\n|upkeep\n|turn|8\n|\n|t:|1788256439\n|move|p1a: Whimsicott|Encore|p2a: Whimsicott\n|-start|p2a: Whimsicott|Encore\n|move|p2a: Whimsicott|Tailwind||[still]\n|-fail|p2a: Whimsicott\n|move|p1b: Venusaur|Earth Power|p2b: Incineroar\n|-supereffective|p2b: Incineroar|1\n|-damage|p2b: Incineroar|36/100 slp\n|cant|p2b: Incineroar|slp\n|\n|-heal|p2b: Incineroar|42/100 slp|[from] item: Leftovers\n|-sideend|p2: Chewe_60111|move: Light Screen\n|upkeep\n|turn|9\n|inactive|Chewe_60111 has 30 seconds left.\n|\n|t:|1788256469\n|switch|p2a: Dragonite|Dragonite-Mega, L50, F|80/100\n|move|p1a: Whimsicott|Moonblast|p2b: Incineroar\n|-damage|p2b: Incineroar|12/100 slp\n|move|p1b: Venusaur|Earth Power|p2b: Incineroar\n|-supereffective|p2b: Incineroar|1\n|-damage|p2b: Incineroar|0 fnt\n|faint|p2b: Incineroar\n|\n|upkeep\n|\n|t:|1788256491\n|switch|p2b: Whimsicott|Whimsicott, L50, M|47/100\n|turn|10\n|\n|t:|1788256503\n|switch|p1b: Tyranitar|Tyranitar-Mega, L50, F|58/100\n|-weather|Sandstorm|[from] ability: Sand Stream|[of] p1b: Tyranitar\n|move|p2b: Whimsicott|Light Screen|p2b: Whimsicott\n|-sidestart|p2: Chewe_60111|move: Light Screen\n|move|p1a: Whimsicott|Moonblast|p2a: Dragonite\n|-supereffective|p2a: Dragonite|1\n|-damage|p2a: Dragonite|37/100\n|move|p2a: Dragonite|Heat Wave|p1b: Tyranitar|[spread] p1a,p1b\n|-supereffective|p1a: Whimsicott|1\n|-resisted|p1b: Tyranitar|1\n|-damage|p1a: Whimsicott|0 fnt\n|-damage|p1b: Tyranitar|49/100\n|faint|p1a: Whimsicott\n|\n|-weather|Sandstorm|[upkeep]\n|-damage|p2b: Whimsicott|41/100|[from] Sandstorm\n|-damage|p2a: Dragonite|31/100|[from] Sandstorm\n|-sideend|p1: CaratroncoSun|move: Tailwind\n|-sideend|p2: Chewe_60111|move: Tailwind\n|upkeep\n|\n|t:|1788256518\n|switch|p1a: Venusaur|Venusaur, L50, F, shiny|79/100\n|turn|11\n|inactive|Chewe_60111 has 30 seconds left.\n|\n|t:|1788256546\n|move|p1a: Venusaur|Protect|p1a: Venusaur\n|-singleturn|p1a: Venusaur|Protect\n|move|p2b: Whimsicott|Tailwind|p2b: Whimsicott\n|-sidestart|p2: Chewe_60111|move: Tailwind\n|move|p2a: Dragonite|Heat Wave|p1b: Tyranitar|[spread] p1b\n|-activate|p1a: Venusaur|move: Protect\n|-resisted|p1b: Tyranitar|1\n|-damage|p1b: Tyranitar|41/100\n|move|p1b: Tyranitar|Rock Slide|p2b: Whimsicott|[spread] p2a\n|-miss|p1b: Tyranitar|p2b: Whimsicott\n|-supereffective|p2a: Dragonite|1\n|-damage|p2a: Dragonite|0 fnt\n|faint|p2a: Dragonite\n|\n|-weather|Sandstorm|[upkeep]\n|-damage|p2b: Whimsicott|35/100|[from] Sandstorm\n|-damage|p1a: Venusaur|72/100|[from] Sandstorm\n|upkeep\n|\n|t:|1788256563\n|switch|p2a: Basculegion|Basculegion, L50, M|100/100\n|turn|12\n|\n|t:|1788256582\n|move|p2b: Whimsicott|Encore|p1a: Venusaur\n|-start|p1a: Venusaur|Encore\n|move|p1a: Venusaur|Protect|p1a: Venusaur\n|-singleturn|p1a: Venusaur|Protect\n|move|p2a: Basculegion|Aqua Jet|p1b: Tyranitar\n|-supereffective|p1b: Tyranitar|1\n|-damage|p1b: Tyranitar|0 fnt\n|faint|p1b: Tyranitar\n|\n|-weather|Sandstorm|[upkeep]\n|-damage|p2b: Whimsicott|29/100|[from] Sandstorm\n|-damage|p2a: Basculegion|93/100|[from] Sandstorm\n|-damage|p1a: Venusaur|66/100|[from] Sandstorm\n|upkeep\n|turn|13\n|-message|CaratroncoSun forfeited.\n|\n|win|Chewe_60111\n","uploadtime":1788256591,"views":"3","formatid":"gen9championsvgc2026regmbbo3","rating":null,"private":0,"password":null}