{"id":"gen9championsvgc2026regmbbo3-2674257486","format":"[Gen 9 Champions] VGC 2026 Reg M-B (Bo3)","players":["meiko41","jwithers93"],"log":"|j|☆meiko41\n|j|☆jwithers93\n|html|<table width=\"100%\"><tr><td align=\"left\">meiko41</td><td align=\"right\">jwithers93</tr><tr><td align=\"left\"><i class=\"fa fa-circle\"></i> <i class=\"fa fa-circle-o\"></i> </td><td align=\"right\"><i class=\"fa fa-circle-o\"></i> <i class=\"fa fa-circle-o\"></i> </tr></table>\n|uhtml|bestof|<h2><strong>Game 2</strong> of <a href=\"/game-bestof3-gen9championsvgc2026regmbbo3-2674256859\">a best-of-3</a></h2>\n|t:|1788324960\n|gametype|doubles\n|player|p1|meiko41|ingo|1194\n|player|p2|jwithers93|marshal|1235\n|gen|9\n|tier|[Gen 9 Champions] VGC 2026 Reg M-B (Bo3)\n|rated|\n|rule|Species Clause: Limit one of each Pokémon\n|rule|Item Clause: Limit 1 of each item\n|clearpoke\n|poke|p1|Kingambit, L50, F|\n|poke|p1|Charizard, L50, F|\n|poke|p1|Aerodactyl, L50, M|\n|poke|p1|Farigiraf, L50, M|\n|poke|p1|Garchomp, L50, F|\n|poke|p1|Sylveon, L50, F|\n|poke|p2|Scovillain, L50, M|\n|poke|p2|Rotom-Wash, L50|\n|poke|p2|Floette-Eternal, L50, F|\n|poke|p2|Garchomp, L50, M|\n|poke|p2|Kingambit, L50, M|\n|poke|p2|Farigiraf, L50, F|\n|teampreview|4\n|showteam|p1|Kingambit||FocusSash|Defiant|KowtowCleave,IronHead,SuckerPunch,LowKick|Adamant||F|||50|]Charizard||CharizarditeY|Blaze|HeatWave,SolarBeam,WeatherBall,Protect|Modest||F|||50|]Aerodactyl||Aerodactylite|Unnerve|RockSlide,DualWingbeat,IceFang,Tailwind|Jolly||M|||50|]Farigiraf||SitrusBerry|ArmorTail|Psychic,Thunderbolt,TrickRoom,Protect|Bold||M|||50|]Garchomp||LifeOrb|RoughSkin|Earthquake,DragonClaw,StompingTantrum,Protect|Jolly||F|||50|]Sylveon||FairyFeather|Pixilate|HyperVoice,HyperBeam,QuickAttack,Protect|Modest||F|||50|\n|showteam|p2|Scovillain||Scovillainite|Chlorophyll|Overheat,LeafStorm,RagePowder,LeechSeed|Bold||M|||50|]Rotom-Wash||ChoiceScarf|Levitate|Electroweb,VoltSwitch,Thunderbolt,HydroPump|Timid|||||50|]Floette-Eternal||Floettite|FlowerVeil|DazzlingGleam,Moonblast,LightofRuin,Protect|Modest||F|||50|]Garchomp||LifeOrb|RoughSkin|Earthquake,DragonClaw,RockSlide,Protect|Jolly||M|||50|]Kingambit||FocusSash|Defiant|SuckerPunch,KowtowCleave,IronHead,Protect|Adamant||M|||50|]Farigiraf||ColburBerry|ArmorTail|TrickRoom,Roar,HelpingHand,Psychic|Bold||F|||50|\n|\n|t:|1788325002\n|teamsize|p1|4\n|teamsize|p2|4\n|start\n|switch|p1a: Charizard|Charizard, L50, F|100/100\n|switch|p1b: Garchomp|Garchomp, L50, F|100/100\n|switch|p2a: Rotom|Rotom-Wash, L50|100/100\n|switch|p2b: Scovillain|Scovillain, L50, M|100/100\n|turn|1\n|inactive|Battle timer is ON: inactive players will automatically lose when time's up. (requested by jwithers93)\n|\n|t:|1788325024\n|detailschange|p1a: Charizard|Charizard-Mega-Y, L50, F\n|-mega|p1a: Charizard|Charizard|Charizardite Y\n|-weather|SunnyDay|[from] ability: Drought|[of] p1a: Charizard\n|detailschange|p2b: Scovillain|Scovillain-Mega, L50, M\n|-mega|p2b: Scovillain|Scovillain|Scovillainite\n|move|p1b: Garchomp|Protect|p1b: Garchomp\n|-singleturn|p1b: Garchomp|Protect\n|move|p1a: Charizard|Protect|p1a: Charizard\n|-singleturn|p1a: Charizard|Protect\n|move|p2a: Rotom|Volt Switch|p1a: Charizard\n|-activate|p1a: Charizard|move: Protect\n|move|p2b: Scovillain|Leech Seed|p1b: Garchomp\n|-activate|p1b: Garchomp|move: Protect\n|\n|-weather|SunnyDay|[upkeep]\n|upkeep\n|turn|2\n|\n|t:|1788325044\n|switch|p1b: Sylveon|Sylveon, L50, F|100/100\n|move|p2a: Rotom|Volt Switch|p1a: Charizard\n|-supereffective|p1a: Charizard|1\n|-damage|p1a: Charizard|39/100\n|\n|t:|1788325054\n|switch|p2a: Garchomp|Garchomp, L50, M|100/100|[from] Volt Switch\n|move|p1a: Charizard|Weather Ball|p2b: Scovillain\n|-damage|p2b: Scovillain|11/100\n|move|p2b: Scovillain|Leech Seed|p1b: Sylveon|[miss]\n|-miss|p2b: Scovillain|p1b: Sylveon\n|\n|-weather|SunnyDay|[upkeep]\n|upkeep\n|turn|3\n|\n|t:|1788325075\n|move|p2a: Garchomp|Protect|p2a: Garchomp\n|-singleturn|p2a: Garchomp|Protect\n|move|p1a: Charizard|Protect|p1a: Charizard\n|-singleturn|p1a: Charizard|Protect\n|move|p2b: Scovillain|Leech Seed|p1b: Sylveon|[miss]\n|-miss|p2b: Scovillain|p1b: Sylveon\n|move|p1b: Sylveon|Hyper Voice|p2a: Garchomp|[spread] p2b\n|-activate|p2a: Garchomp|move: Protect\n|-resisted|p2b: Scovillain|1\n|-damage|p2b: Scovillain|0 fnt\n|-status|p1b: Sylveon|brn|[from] ability: Spicy Spray|[of] p2b: Scovillain\n|faint|p2b: Scovillain\n|\n|-weather|SunnyDay|[upkeep]\n|-damage|p1b: Sylveon|94/100 brn|[from] brn\n|upkeep\n|\n|t:|1788325091\n|switch|p2b: Kingambit|Kingambit, L50, M|100/100\n|turn|4\n|\n|t:|1788325102\n|switch|p1a: Garchomp|Garchomp, L50, F|100/100\n|move|p2a: Garchomp|Rock Slide|p1a: Garchomp|[spread] p1a,p1b\n|-resisted|p1a: Garchomp|1\n|-damage|p1a: Garchomp|88/100\n|-damage|p1b: Sylveon|65/100 brn\n|-damage|p2a: Garchomp|90/100|[from] item: Life Orb\n|move|p2b: Kingambit|Iron Head|p1b: Sylveon\n|-supereffective|p1b: Sylveon|1\n|-damage|p1b: Sylveon|0 fnt\n|faint|p1b: Sylveon\n|\n|-weather|SunnyDay|[upkeep]\n|upkeep\n|\n|t:|1788325116\n|switch|p1b: Charizard|Charizard-Mega-Y, L50, F|39/100\n|turn|5\n|\n|t:|1788325126\n|switch|p2b: Rotom|Rotom-Wash, L50|100/100\n|move|p2a: Garchomp|Protect|p2a: Garchomp\n|-singleturn|p2a: Garchomp|Protect\n|move|p1b: Charizard|Protect|p1b: Charizard\n|-singleturn|p1b: Charizard|Protect\n|move|p1a: Garchomp|Earthquake|p2a: Garchomp|[spread] \n|-activate|p1b: Charizard|move: Protect\n|-activate|p2a: Garchomp|move: Protect\n|-immune|p2b: Rotom|[from] ability: Levitate\n|\n|-weather|none\n|upkeep\n|turn|6\n|inactive|jwithers93 has 30 seconds left.\n|inactive|jwithers93 has 20 seconds left.\n|inactive|jwithers93 has 15 seconds left.\n|\n|t:|1788325166\n|switch|p1b: Kingambit|Kingambit, L50, F|100/100\n|move|p2b: Rotom|Thunderbolt|p1b: Kingambit\n|-damage|p1b: Kingambit|48/100\n|move|p2a: Garchomp|Dragon Claw|p1a: Garchomp\n|-supereffective|p1a: Garchomp|1\n|-damage|p1a: Garchomp|0 fnt\n|-damage|p2a: Garchomp|77/100|[from] ability: Rough Skin|[of] p1a: Garchomp\n|faint|p1a: Garchomp\n|-damage|p2a: Garchomp|68/100|[from] item: Life Orb\n|\n|upkeep\n|\n|t:|1788325178\n|switch|p1a: Charizard|Charizard-Mega-Y, L50, F|39/100\n|-weather|SunnyDay|[from] ability: Drought|[of] p1a: Charizard\n|turn|7\n|\n|t:|1788325188\n|move|p1a: Charizard|Protect|p1a: Charizard\n|-singleturn|p1a: Charizard|Protect\n|move|p1b: Kingambit|Sucker Punch|p2b: Rotom\n|-damage|p2b: Rotom|44/100\n|move|p2b: Rotom|Thunderbolt|p1a: Charizard\n|-activate|p1a: Charizard|move: Protect\n|move|p2a: Garchomp|Earthquake|p1b: Kingambit|[spread] p1b\n|-activate|p1a: Charizard|move: Protect\n|-immune|p2b: Rotom|[from] ability: Levitate\n|-supereffective|p1b: Kingambit|1\n|-damage|p1b: Kingambit|0 fnt\n|faint|p1b: Kingambit\n|-damage|p2a: Garchomp|58/100|[from] item: Life Orb\n|\n|-weather|SunnyDay|[upkeep]\n|upkeep\n|turn|8\n|\n|t:|1788325205\n|move|p2b: Rotom|Thunderbolt|p1a: Charizard\n|-supereffective|p1a: Charizard|1\n|-damage|p1a: Charizard|0 fnt\n|faint|p1a: Charizard\n|\n|win|jwithers93\n||meiko41 is ready for game 3.\n||jwithers93 is ready for game 3.\n|uhtml|next|Next: <a href=\"/battle-gen9championsvgc2026regmbbo3-2674258625\"><strong>Game 3 of 3</strong></a>\n","uploadtime":1788325486,"views":"0","formatid":"gen9championsvgc2026regmbbo3","rating":null,"private":0,"password":null}