{"id":"gen9championsvgc2026regmb-2673888368","format":"[Gen 9 Champions] VGC 2026 Reg M-B","players":["IronSerpentFan","Snowball_seer"],"log":"|j|☆IronSerpentFan\n|j|☆Snowball_seer\n|html|<table width=\"100%\"><tr><td align=\"left\">IronSerpentFan</td><td align=\"right\">Snowball_seer</tr><tr><td align=\"left\"><i class=\"fa fa-circle-o\"></i> <i class=\"fa fa-circle-o\"></i> </td><td align=\"right\"><i class=\"fa fa-circle-o\"></i> <i class=\"fa fa-circle\"></i> </tr></table>\n|uhtml|bestof|<h2><strong>Game 2</strong> of <a href=\"/game-bestof3-gen9championsvgc2026regmb-2673885296\">a best-of-3</a></h2>\n|t:|1788273360\n|gametype|doubles\n|player|p1|IronSerpentFan|schoolkid-gen4|\n|player|p2|Snowball_seer|allister-masters|\n|gen|9\n|tier|[Gen 9 Champions] VGC 2026 Reg M-B\n|rated|Tournament battle\n|rule|Species Clause: Limit one of each Pokémon\n|rule|Item Clause: Limit 1 of each item\n|raw|<div class=\"infobox\"><details class=\"readmore\" open><summary><strong>2 custom rules:</strong></summary> Force Open Team Sheets, Best of = 3</details></div>\n|clearpoke\n|poke|p1|Politoed, L50, M|\n|poke|p1|Gengar, L50, F|\n|poke|p1|Incineroar, L50, F|\n|poke|p1|Sinistcha, L50|\n|poke|p1|Whimsicott, L50, M|\n|poke|p1|Staraptor, L50, F|\n|poke|p2|Mawile, L50, F, shiny|\n|poke|p2|Farigiraf, L50, F|\n|poke|p2|Incineroar, L50, M|\n|poke|p2|Basculegion, L50, M|\n|poke|p2|Ninetales-Alola, L50, M|\n|poke|p2|Raichu, L50, M|\n|teampreview|4\n|showteam|p1|Politoed||SitrusBerry|Drizzle|Protect,Encore,WeatherBall,PerishSong|Modest||M|||50|]Gengar||Gengarite|CursedBody|Protect,Disable,ShadowBall,SludgeBomb|Timid||F|||50|]Incineroar||PasshoBerry|Intimidate|Protect,FakeOut,ThroatChop,PartingShot|Sassy||F|||50|]Sinistcha||ColburBerry|Hospitality|Protect,RagePowder,MatchaGotcha,TrickRoom|Sassy|||||50|]Whimsicott||FocusSash|Prankster|Protect,Tailwind,Moonblast,Charm|Timid||M|||50|]Staraptor||Staraptite|Intimidate|Protect,Roost,CloseCombat,BraveBird|Jolly||F|||50|\n|showteam|p2|Mawile||Mawilite|HyperCutter|Protect,IronHead,PlayRough,SuckerPunch|Brave||F|||50|]Farigiraf||SitrusBerry|ArmorTail|Protect,TwinBeam,HelpingHand,TrickRoom|Relaxed||F|||50|]Incineroar||Charcoal|Intimidate|FakeOut,FlareBlitz,DarkestLariat,PartingShot|Adamant||M|||50|]Basculegion||ChoiceScarf|Adaptability|WaveCrash,LastRespects,AquaJet,FlipTurn|Jolly||M|||50|]Ninetales-Alola||NeverMeltIce|SnowWarning|Blizzard,FreezeDry,Encore,Protect|Timid||M|||50|]Raichu||RaichuniteY|LightningRod|Protect,ZapCannon,FocusBlast,FakeOut|Timid||M|||50|\n|inactive|Battle timer is ON: inactive players will automatically lose when time's up. (requested by IronSerpentFan)\n|j| endershovel\n|inactive|Snowball_seer has 60 seconds left.\n|inactive|Snowball_seer has 30 seconds left.\n|inactive|IronSerpentFan has 60 seconds left.\n|inactive|Snowball_seer has 20 seconds left.\n|inactive|Snowball_seer has 15 seconds left.\n|inactive|Snowball_seer has 10 seconds left.\n|inactive|Snowball_seer has 5 seconds left.\n|j| Horivgc\n|inactive|IronSerpentFan has 30 seconds left.\n|inactive|IronSerpentFan has 20 seconds left.\n|\n|t:|1788273475\n|teamsize|p1|4\n|teamsize|p2|4\n|start\n|switch|p1a: Sinistcha|Sinistcha, L50|100/100\n|switch|p1b: Staraptor|Staraptor, L50, F|100/100\n|switch|p2a: Raichu|Raichu, L50, M|100/100\n|switch|p2b: Incineroar|Incineroar, L50, M|100/100\n|-ability|p1b: Staraptor|Intimidate|boost\n|-unboost|p2a: Raichu|atk|1\n|-unboost|p2b: Incineroar|atk|1\n|-ability|p2b: Incineroar|Intimidate|boost\n|-unboost|p1a: Sinistcha|atk|1\n|-unboost|p1b: Staraptor|atk|1\n|turn|1\n|l| endershovel\n|j| endershovel\n|\n|t:|1788273496\n|detailschange|p2a: Raichu|Raichu-Mega-Y, L50, M\n|-mega|p2a: Raichu|Raichu|Raichunite Y\n|detailschange|p1b: Staraptor|Staraptor-Mega, L50, F\n|-mega|p1b: Staraptor|Staraptor|Staraptite\n|move|p1b: Staraptor|Protect|p1b: Staraptor\n|-singleturn|p1b: Staraptor|Protect\n|move|p1a: Sinistcha|Protect|p1a: Sinistcha\n|-singleturn|p1a: Sinistcha|Protect\n|move|p2a: Raichu|Zap Cannon|p1b: Staraptor\n|-activate|p1b: Staraptor|move: Protect\n|move|p2b: Incineroar|Flare Blitz|p1a: Sinistcha\n|-activate|p1a: Sinistcha|move: Protect\n|\n|upkeep\n|turn|2\n|inactive|Snowball_seer has 30 seconds left.\n|\n|t:|1788273530\n|switch|p2a: Ninetales|Ninetales-Alola, L50, M|100/100\n|-weather|Snowscape|[from] ability: Snow Warning|[of] p2a: Ninetales\n|move|p1a: Sinistcha|Rage Powder|p1a: Sinistcha\n|-singleturn|p1a: Sinistcha|move: Rage Powder\n|move|p1b: Staraptor|Close Combat|p2b: Incineroar\n|-supereffective|p2b: Incineroar|1\n|-crit|p2b: Incineroar\n|-damage|p2b: Incineroar|0 fnt\n|-boost|p1b: Staraptor|def|1\n|-boost|p1b: Staraptor|spd|1\n|faint|p2b: Incineroar\n|\n|-weather|Snowscape|[upkeep]\n|upkeep\n|\n|t:|1788273542\n|switch|p2b: Basculegion|Basculegion, L50, M|100/100\n|turn|3\n|\n|t:|1788273552\n|move|p1a: Sinistcha|Rage Powder|p1a: Sinistcha\n|-singleturn|p1a: Sinistcha|move: Rage Powder\n|move|p2b: Basculegion|Last Respects|p1a: Sinistcha\n|-supereffective|p1a: Sinistcha|1\n|-damage|p1a: Sinistcha|0 fnt\n|faint|p1a: Sinistcha\n|move|p2a: Ninetales|Blizzard|p1b: Staraptor\n|-supereffective|p1b: Staraptor|1\n|-damage|p1b: Staraptor|46/100\n|move|p1b: Staraptor|Close Combat|p2a: Ninetales\n|-damage|p2a: Ninetales|64/100\n|-boost|p1b: Staraptor|def|1\n|-boost|p1b: Staraptor|spd|1\n|\n|-weather|Snowscape|[upkeep]\n|upkeep\n|j|+chromate\n|\n|t:|1788273571\n|switch|p1a: Incineroar|Incineroar, L50, F|100/100\n|-ability|p1a: Incineroar|Intimidate|boost\n|-unboost|p2a: Ninetales|atk|1\n|-unboost|p2b: Basculegion|atk|1\n|turn|4\n|l| Horivgc\n|inactive|IronSerpentFan has 30 seconds left.\n|inactive|IronSerpentFan has 20 seconds left.\n|inactive|IronSerpentFan has 15 seconds left.\n|\n|t:|1788273613\n|switch|p2b: Raichu|Raichu-Mega-Y, L50, M|100/100\n|move|p2a: Ninetales|Protect|p2a: Ninetales\n|-singleturn|p2a: Ninetales|Protect\n|move|p1b: Staraptor|Protect|p1b: Staraptor\n|-singleturn|p1b: Staraptor|Protect\n|move|p1a: Incineroar|Parting Shot|p2a: Ninetales\n|-activate|p2a: Ninetales|move: Protect\n|\n|-weather|Snowscape|[upkeep]\n|upkeep\n|turn|5\n|\n|t:|1788273638\n|switch|p1a: Politoed|Politoed, L50, M|100/100\n|-weather|RainDance|[from] ability: Drizzle|[of] p1a: Politoed\n|move|p2b: Raichu|Focus Blast|p1a: Politoed\n|-damage|p1a: Politoed|66/100\n|move|p2a: Ninetales|Blizzard|p1b: Staraptor|[spread] p1a\n|-miss|p2a: Ninetales|p1b: Staraptor\n|-resisted|p1a: Politoed|1\n|-damage|p1a: Politoed|53/100\n|-status|p1a: Politoed|frz\n|move|p1b: Staraptor|Roost|p1b: Staraptor\n|-heal|p1b: Staraptor|96/100\n|-singleturn|p1b: Staraptor|move: Roost\n|\n|-weather|RainDance|[upkeep]\n|upkeep\n|turn|6\n|\n|t:|1788273655\n|switch|p1a: Incineroar|Incineroar, L50, F|100/100\n|-ability|p1a: Incineroar|Intimidate|boost\n|-unboost|p2a: Ninetales|atk|1\n|-unboost|p2b: Raichu|atk|1\n|move|p1b: Staraptor|Protect|p1b: Staraptor\n|-singleturn|p1b: Staraptor|Protect\n|move|p2b: Raichu|Zap Cannon|p1b: Staraptor\n|-activate|p1b: Staraptor|move: Protect\n|move|p2a: Ninetales|Freeze-Dry|p1b: Staraptor\n|-activate|p1b: Staraptor|move: Protect\n|\n|-weather|RainDance|[upkeep]\n|upkeep\n|turn|7\n|j| s!dd_1\n|inactive|IronSerpentFan has 30 seconds left.\n|l| s!dd_1\n|\n|t:|1788273686\n|switch|p2a: Basculegion|Basculegion, L50, M|100/100\n|switch|p1a: Politoed|Politoed, L50, M|53/100 frz\n|move|p2b: Raichu|Zap Cannon|p1b: Staraptor\n|-supereffective|p1b: Staraptor|1\n|-damage|p1b: Staraptor|39/100\n|-status|p1b: Staraptor|par\n|move|p1b: Staraptor|Close Combat|p1a: Politoed\n|-damage|p1a: Politoed|15/100 frz\n|-boost|p1b: Staraptor|def|1\n|-boost|p1b: Staraptor|spd|1\n|-enditem|p1a: Politoed|Sitrus Berry|[eat]\n|-heal|p1a: Politoed|40/100 frz|[from] item: Sitrus Berry\n|\n|-weather|RainDance|[upkeep]\n|upkeep\n|turn|8\n|inactive|IronSerpentFan has 30 seconds left.\n|inactive|Snowball_seer has 30 seconds left.\n|inactive|Snowball_seer has 20 seconds left.\n|\n|t:|1788273724\n|move|p1b: Staraptor|Protect|p1b: Staraptor\n|-singleturn|p1b: Staraptor|Protect\n|move|p2a: Basculegion|Wave Crash|p1b: Staraptor\n|-activate|p1b: Staraptor|move: Protect\n|move|p2b: Raichu|Zap Cannon|p1b: Staraptor\n|-activate|p1b: Staraptor|move: Protect\n|-curestatus|p1a: Politoed|frz|[msg]\n|move|p1a: Politoed|Weather Ball|p2b: Raichu\n|-damage|p2b: Raichu|30/100\n|\n|-weather|RainDance|[upkeep]\n|upkeep\n|turn|9\n|j|@thacrow\n|inactive|IronSerpentFan has 30 seconds left.\n|inactive|IronSerpentFan has 20 seconds left.\n|inactive|Snowball_seer has 30 seconds left.\n|\n|t:|1788273765\n|switch|p1b: Incineroar|Incineroar, L50, F|100/100\n|-ability|p1b: Incineroar|Intimidate|boost\n|-unboost|p2a: Basculegion|atk|1\n|-unboost|p2b: Raichu|atk|1\n|move|p2a: Basculegion|Wave Crash|p1a: Politoed\n|-resisted|p1a: Politoed|1\n|-damage|p1a: Politoed|4/100\n|-damage|p2a: Basculegion|88/100|[from] Recoil\n|move|p2b: Raichu|Zap Cannon|p1b: Incineroar\n|-damage|p1b: Incineroar|51/100\n|-status|p1b: Incineroar|par\n|move|p1a: Politoed|Weather Ball|p2b: Raichu\n|-damage|p2b: Raichu|0 fnt\n|faint|p2b: Raichu\n|\n|-weather|none\n|upkeep\n|\n|t:|1788273768\n|switch|p2b: Ninetales|Ninetales-Alola, L50, M|64/100\n|-weather|Snowscape|[from] ability: Snow Warning|[of] p2b: Ninetales\n|turn|10\n|inactive|IronSerpentFan has 30 seconds left.\n|inactive|IronSerpentFan has 20 seconds left.\n|\n|t:|1788273805\n|move|p1b: Incineroar|Fake Out|p2b: Ninetales\n|-crit|p2b: Ninetales\n|-damage|p2b: Ninetales|50/100g\n|move|p2a: Basculegion|Wave Crash|p1b: Incineroar\n|-supereffective|p1b: Incineroar|1\n|-enditem|p1b: Incineroar|Passho Berry|[eat]\n|-enditem|p1b: Incineroar|Passho Berry|[weaken]\n|-damage|p1b: Incineroar|12/100 par\n|-damage|p2a: Basculegion|74/100|[from] Recoil\n|cant|p2b: Ninetales|flinch\n|move|p1a: Politoed|Perish Song|p1a: Politoed\n|-start|p1a: Politoed|perish3|[silent]\n|-start|p1b: Incineroar|perish3|[silent]\n|-start|p2a: Basculegion|perish3|[silent]\n|-start|p2b: Ninetales|perish3|[silent]\n|-fieldactivate|move: Perish Song\n|\n|-weather|Snowscape|[upkeep]\n|-start|p2a: Basculegion|perish3\n|-start|p2b: Ninetales|perish3\n|-start|p1a: Politoed|perish3\n|-start|p1b: Incineroar|perish3\n|upkeep\n|turn|11\n|\n|t:|1788273819\n|move|p1a: Politoed|Protect|p1a: Politoed\n|-singleturn|p1a: Politoed|Protect\n|move|p1b: Incineroar|Protect|p1b: Incineroar\n|-singleturn|p1b: Incineroar|Protect\n|move|p2a: Basculegion|Wave Crash|p1b: Incineroar\n|-activate|p1b: Incineroar|move: Protect\n|move|p2b: Ninetales|Blizzard|p1a: Politoed|[spread] \n|-activate|p1a: Politoed|move: Protect\n|-activate|p1b: Incineroar|move: Protect\n|\n|-weather|Snowscape|[upkeep]\n|-start|p2a: Basculegion|perish2\n|-start|p2b: Ninetales|perish2\n|-start|p1a: Politoed|perish2\n|-start|p1b: Incineroar|perish2\n|upkeep\n|turn|12\n|\n|t:|1788273840\n|move|p2a: Basculegion|Wave Crash|p1a: Politoed\n|-resisted|p1a: Politoed|1\n|-crit|p1a: Politoed\n|-damage|p1a: Politoed|0 fnt\n|faint|p1a: Politoed\n|-damage|p2a: Basculegion|73/100|[from] Recoil\n|move|p2b: Ninetales|Blizzard|p1b: Incineroar\n|-resisted|p1b: Incineroar|1\n|-damage|p1b: Incineroar|0 fnt\n|faint|p1b: Incineroar\n|\n|-weather|Snowscape|[upkeep]\n|-start|p2a: Basculegion|perish1\n|-start|p2b: Ninetales|perish1\n|upkeep\n|\n|t:|1788273843\n|switch|p1b: Staraptor|Staraptor-Mega, L50, F|39/100 par\n|turn|13\n|c|☆IronSerpentFan|ggwp\n|\n|t:|1788273864\n|move|p1b: Staraptor|Protect|p1b: Staraptor\n|-singleturn|p1b: Staraptor|Protect\n|move|p2a: Basculegion|Wave Crash|p1b: Staraptor\n|-activate|p1b: Staraptor|move: Protect\n|move|p2b: Ninetales|Freeze-Dry|p1b: Staraptor\n|-activate|p1b: Staraptor|move: Protect\n|\n|-weather|Snowscape|[upkeep]\n|-start|p2a: Basculegion|perish0\n|-start|p2b: Ninetales|perish0\n|faint|p2a: Basculegion\n|faint|p2b: Ninetales\n|\n|win|IronSerpentFan\n||IronSerpentFan is ready for game 3.\n|inactive|Snowball_seer has 30 seconds to confirm battle start!\n","uploadtime":1788273872,"views":"0","formatid":"gen9championsvgc2026regmb","rating":null,"private":0,"password":null}