{"id":"gen9championsvgc2026regmbbo3-2673838149","format":"[Gen 9 Champions] VGC 2026 Reg M-B (Bo3)","players":["TeraKaola","ImprobableBlob"],"log":"|j|☆TeraKaola\n|j|☆ImprobableBlob\n|html|<table width=\"100%\"><tr><td align=\"left\">TeraKaola</td><td align=\"right\">ImprobableBlob</tr><tr><td align=\"left\"><i class=\"fa fa-circle\"></i> <i class=\"fa fa-circle-o\"></i> </td><td align=\"right\"><i class=\"fa fa-circle-o\"></i> <i class=\"fa fa-circle\"></i> </tr></table>\n|uhtml|bestof|<h2><strong>Game 3</strong> of <a href=\"/game-bestof3-gen9championsvgc2026regmbbo3-2673835483\">a best-of-3</a></h2>\n|t:|1788266454\n|gametype|doubles\n|player|p1|TeraKaola|acetrainerf-gen4dp|\n|player|p2|ImprobableBlob|jasmine|\n|gen|9\n|tier|[Gen 9 Champions] VGC 2026 Reg M-B (Bo3)\n|rule|Species Clause: Limit one of each Pokémon\n|rule|Item Clause: Limit 1 of each item\n|clearpoke\n|poke|p1|Staraptor, L50, M, shiny|\n|poke|p1|Charizard, L50, M|\n|poke|p1|Whimsicott, L50, F|\n|poke|p1|Glimmora, L50, M|\n|poke|p1|Garchomp, L50, F|\n|poke|p1|Kingambit, L50, M|\n|poke|p2|Metagross, L50|\n|poke|p2|Raichu, L50, M|\n|poke|p2|Kingambit, L50, M|\n|poke|p2|Kleavor, L50, F|\n|poke|p2|Basculegion, L50, M|\n|poke|p2|Whimsicott, L50, F|\n|teampreview|4\n|showteam|p1|Staraptor||Staraptite|Intimidate|CloseCombat,BraveBird,Roost,Protect|Jolly||M|||50|]Charizard||CharizarditeY|Blaze|HeatWave,SolarBeam,AirSlash,Protect|Modest||M|||50|]Whimsicott||OccaBerry|Prankster|Moonblast,Tailwind,Charm,SunnyDay|Timid||F|||50|]Glimmora||FocusSash|ToxicDebris|PowerGem,SludgeBomb,EarthPower,SpikyShield|Timid||M|||50|]Garchomp||LifeOrb|RoughSkin|DragonClaw,Earthquake,RockSlide,Protect|Adamant||F|||50|]Kingambit||ChopleBerry|Defiant|IronHead,KowtowCleave,SuckerPunch,LowKick|Adamant||M|||50|\n|showteam|p2|Metagross||Metagrossite|ClearBody|IcePunch,PsychicFangs,IronHead,Protect|Jolly|||||50|]Raichu||RaichuniteY|Static|FakeOut,ZapCannon,FocusBlast,Protect|Timid||M|||50|]Kingambit||ChopleBerry|Defiant|KowtowCleave,LowKick,SuckerPunch,Protect|Adamant||M|||50|]Kleavor||FocusSash|Sharpness|StoneAxe,XScissor,Feint,Protect|Adamant||F|||50|]Basculegion||LifeOrb|Adaptability|WaveCrash,LastRespects,AquaJet,Protect|Adamant||M|||50|]Whimsicott||FairyFeather|Prankster|Encore,Protect,Moonblast,Tailwind|Timid||F|||50|\n|inactive|Battle timer is ON: inactive players will automatically lose when time's up. (requested by ImprobableBlob)\n|\n|t:|1788266483\n|teamsize|p1|4\n|teamsize|p2|4\n|start\n|switch|p1a: Breeze Blows|Whimsicott, L50, F|100/100\n|switch|p1b: Artist Lemonade|Glimmora, L50, M|100/100\n|switch|p2a: Metagross|Metagross, L50|100/100\n|switch|p2b: Basculegion|Basculegion, L50, M|100/100\n|turn|1\n|inactive|TeraKaola has 30 seconds left.\n|inactive|TeraKaola has 20 seconds left.\n|inactive|TeraKaola has 15 seconds left.\n|inactive|TeraKaola has 10 seconds left.\n|\n|t:|1788266530\n|move|p1b: Artist Lemonade|Spiky Shield|p1b: Artist Lemonade\n|-singleturn|p1b: Artist Lemonade|move: Protect\n|move|p1a: Breeze Blows|Charm|p2b: Basculegion\n|-unboost|p2b: Basculegion|atk|2\n|move|p2a: Metagross|Iron Head|p1a: Breeze Blows\n|-supereffective|p1a: Breeze Blows|1\n|-damage|p1a: Breeze Blows|21/100\n|move|p2b: Basculegion|Wave Crash|p1b: Artist Lemonade\n|-activate|p1b: Artist Lemonade|move: Protect\n|-damage|p2b: Basculegion|87/100|[from] Spiky Shield|[of] p1b: Artist Lemonade\n|\n|upkeep\n|turn|2\n|inactive|TeraKaola has 30 seconds left.\n|inactive|TeraKaola has 20 seconds left.\n|\n|t:|1788266566\n|switch|p1a: Black Knife|Kingambit, L50, M|100/100\n|detailschange|p2a: Metagross|Metagross-Mega, L50\n|-mega|p2a: Metagross|Metagross|Metagrossite\n|move|p2a: Metagross|Iron Head|p1a: Black Knife\n|-resisted|p1a: Black Knife|1\n|-damage|p1a: Black Knife|80/100\n|move|p1b: Artist Lemonade|Earth Power|p2a: Metagross\n|-supereffective|p2a: Metagross|1\n|-damage|p2a: Metagross|36/100\n|move|p2b: Basculegion|Wave Crash|p1b: Artist Lemonade\n|-supereffective|p1b: Artist Lemonade|1\n|-enditem|p1b: Artist Lemonade|Focus Sash\n|-damage|p1b: Artist Lemonade|1/100\n|-activate|p1b: Artist Lemonade|ability: Toxic Debris\n|-sidestart|p2: ImprobableBlob|move: Toxic Spikes\n|-damage|p2b: Basculegion|61/100|[from] Recoil\n|-damage|p2b: Basculegion|51/100|[from] item: Life Orb\n|\n|upkeep\n|turn|3\n|inactive|TeraKaola has 30 seconds left.\n|inactive|ImprobableBlob has 30 seconds left.\n|\n|t:|1788266601\n|switch|p2a: Kingambit|Kingambit, L50, M|100/100\n|move|p1b: Artist Lemonade|Spiky Shield|p1b: Artist Lemonade\n|-singleturn|p1b: Artist Lemonade|move: Protect\n|move|p2b: Basculegion|Aqua Jet|p1b: Artist Lemonade\n|-activate|p1b: Artist Lemonade|move: Protect\n|-damage|p2b: Basculegion|38/100|[from] Spiky Shield|[of] p1b: Artist Lemonade\n|move|p1a: Black Knife|Sucker Punch||[still]\n|-fail|p1a: Black Knife\n|\n|upkeep\n|turn|4\n|inactive|TeraKaola has 30 seconds left.\n|inactive|TeraKaola has 20 seconds left.\n|\n|t:|1788266640\n|switch|p1b: Breeze Blows|Whimsicott, L50, F|21/100\n|move|p2b: Basculegion|Aqua Jet|p1b: Breeze Blows\n|-resisted|p1b: Breeze Blows|1\n|-damage|p1b: Breeze Blows|11/100\n|-damage|p2b: Basculegion|29/100|[from] item: Life Orb\n|move|p2a: Kingambit|Low Kick|p1a: Black Knife\n|-supereffective|p1a: Black Knife|2\n|-enditem|p1a: Black Knife|Chople Berry|[eat]\n|-enditem|p1a: Black Knife|Chople Berry|[weaken]\n|-damage|p1a: Black Knife|30/100\n|move|p1a: Black Knife|Kowtow Cleave|p2b: Basculegion\n|-supereffective|p2b: Basculegion|1\n|-damage|p2b: Basculegion|0 fnt\n|faint|p2b: Basculegion\n|\n|upkeep\n|\n|t:|1788266648\n|switch|p2b: Kleavor|Kleavor, L50, F|100/100\n|-status|p2b: Kleavor|psn\n|turn|5\n|\n|t:|1788266663\n|move|p2b: Kleavor|Feint|p1b: Breeze Blows\n|-damage|p1b: Breeze Blows|0 fnt\n|faint|p1b: Breeze Blows\n|move|p1a: Black Knife|Sucker Punch||[still]\n|-fail|p1a: Black Knife\n|move|p2a: Kingambit|Low Kick|p1a: Black Knife\n|-supereffective|p1a: Black Knife|2\n|-damage|p1a: Black Knife|0 fnt\n|faint|p1a: Black Knife\n|\n|-damage|p2b: Kleavor|87/100 psn|[from] psn\n|upkeep\n|\n|t:|1788266670\n|switch|p1b: Artist Lemonade|Glimmora, L50, M|1/100\n|switch|p1a: Black Parade|Staraptor, L50, M, shiny|100/100\n|-ability|p1a: Black Parade|Intimidate|boost\n|-unboost|p2a: Kingambit|atk|1\n|-ability|p2a: Kingambit|Defiant|boost\n|-boost|p2a: Kingambit|atk|2\n|-unboost|p2b: Kleavor|atk|1\n|turn|6\n|\n|t:|1788266680\n|detailschange|p1a: Black Parade|Staraptor-Mega, L50, M, shiny\n|-mega|p1a: Black Parade|Staraptor|Staraptite\n|move|p1b: Artist Lemonade|Spiky Shield|p1b: Artist Lemonade\n|-singleturn|p1b: Artist Lemonade|move: Protect\n|move|p2b: Kleavor|Feint|p1b: Artist Lemonade\n|-activate|p1b: Artist Lemonade|move: Feint\n|-resisted|p1b: Artist Lemonade|1\n|-crit|p1b: Artist Lemonade\n|-damage|p1b: Artist Lemonade|0 fnt\n|-activate|p1b: Artist Lemonade|ability: Toxic Debris\n|-sidestart|p2: ImprobableBlob|move: Toxic Spikes\n|faint|p1b: Artist Lemonade\n|move|p1a: Black Parade|Close Combat|p2a: Kingambit\n|-supereffective|p2a: Kingambit|2\n|-enditem|p2a: Kingambit|Chople Berry|[eat]\n|-enditem|p2a: Kingambit|Chople Berry|[weaken]\n|-damage|p2a: Kingambit|6/100\n|-boost|p1a: Black Parade|def|1\n|-boost|p1a: Black Parade|spd|1\n|move|p2a: Kingambit|Kowtow Cleave|p1a: Black Parade\n|-resisted|p1a: Black Parade|1\n|-damage|p1a: Black Parade|78/100\n|\n|-damage|p2b: Kleavor|75/100 psn|[from] psn\n|upkeep\n|turn|7\n|inactive|TeraKaola has 30 seconds left.\n|\n|t:|1788266708\n|move|p1a: Black Parade|Protect|p1a: Black Parade\n|-singleturn|p1a: Black Parade|Protect\n|move|p2a: Kingambit|Sucker Punch||[still]\n|-fail|p2a: Kingambit\n|move|p2b: Kleavor|Stone Axe|p1a: Black Parade\n|-activate|p1a: Black Parade|move: Protect\n|\n|-damage|p2b: Kleavor|63/100 psn|[from] psn\n|upkeep\n|turn|8\n|\n|t:|1788266717\n|move|p2a: Kingambit|Sucker Punch|p1a: Black Parade\n|-resisted|p1a: Black Parade|1\n|-damage|p1a: Black Parade|59/100\n|move|p1a: Black Parade|Close Combat|p2b: Kleavor\n|-damage|p2b: Kleavor|0 fnt\n|-boost|p1a: Black Parade|def|1\n|-boost|p1a: Black Parade|spd|1\n|faint|p2b: Kleavor\n|\n|upkeep\n|\n|t:|1788266721\n|switch|p2b: Metagross|Metagross-Mega, L50|36/100\n|turn|9\n|c|☆ImprobableBlob|the old speed tie\n|inactive|TeraKaola has 30 seconds left.\n|inactive|TeraKaola has 20 seconds left.\n|inactive|TeraKaola has 15 seconds left.\n|inactive|TeraKaola has 10 seconds left.\n|\n|t:|1788266769\n|move|p1a: Black Parade|Protect|p1a: Black Parade\n|-singleturn|p1a: Black Parade|Protect\n|move|p2a: Kingambit|Sucker Punch||[still]\n|-fail|p2a: Kingambit\n|move|p2b: Metagross|Psychic Fangs|p1a: Black Parade\n|-activate|p1a: Black Parade|move: Protect\n|\n|upkeep\n|turn|10\n|\n|t:|1788266783\n|move|p2a: Kingambit|Sucker Punch|p1a: Black Parade\n|-resisted|p1a: Black Parade|1\n|-damage|p1a: Black Parade|45/100\n|move|p2b: Metagross|Psychic Fangs|p1a: Black Parade\n|-supereffective|p1a: Black Parade|1\n|-damage|p1a: Black Parade|0 fnt\n|faint|p1a: Black Parade\n|\n|win|ImprobableBlob\n|c|☆ImprobableBlob|ggs\n|c|☆TeraKaola|ggs\n|c|☆TeraKaola|much much closer\n|c|☆ImprobableBlob|that glim gave me a lot of trouble\n|c|☆ImprobableBlob|I assume you are max speed raptor?\n|c|☆TeraKaola|yea\n|c|☆TeraKaola|max speed jolly\n|c|☆ImprobableBlob|then that was a full coinflip for the bo3\n|c|☆TeraKaola|indeed it was\n|c|☆ImprobableBlob|a good set to review that\n|c|☆TeraKaola|was thinking if Roost here at the end would have been better than spped tie\n|c|☆TeraKaola|but no\n|c|☆ImprobableBlob|nah\n|c|☆TeraKaola|I would just have lower hp\n|c|☆ImprobableBlob|i do more than 50%\n|c|☆TeraKaola|hmm hmm\n|c|☆TeraKaola|would nned more Hp or Def investmnets for it to be worth\n|c|☆TeraKaola|need*\n","uploadtime":1788266899,"views":"3","formatid":"gen9championsvgc2026regmbbo3","rating":null,"private":0,"password":null}