{"id":"gen9championsvgc2026regmb-2674549507","format":"[Gen 9 Champions] VGC 2026 Reg M-B","players":["chris2222","Alskeltal"],"log":"|j|☆chris2222\n|j|☆Alskeltal\n|t:|1788372784\n|gametype|doubles\n|player|p1|chris2222|169|1402\n|player|p2|Alskeltal|2|1344\n|gen|9\n|tier|[Gen 9 Champions] VGC 2026 Reg M-B\n|rated|\n|rule|Species Clause: Limit one of each Pokémon\n|rule|Item Clause: Limit 1 of each item\n|clearpoke\n|poke|p1|Gengar, L50, F, shiny|\n|poke|p1|Archaludon, L50, F|\n|poke|p1|Politoed, L50, F|\n|poke|p1|Arcanine-Hisui, L50, M|\n|poke|p1|Whimsicott, L50, M|\n|poke|p1|Staraptor, L50, F|\n|poke|p2|Sharpedo, L50, M, shiny|\n|poke|p2|Delphox, L50, M|\n|poke|p2|Sneasler, L50, M, shiny|\n|poke|p2|Garchomp, L50, F|\n|poke|p2|Whimsicott, L50, M, shiny|\n|poke|p2|Kingambit, L50, F, shiny|\n|teampreview|4\n|inactive|Battle timer is ON: inactive players will automatically lose when time's up. (requested by chris2222)\n|c|☆Alskeltal|Gl\n|inactive|chris2222 has 60 seconds left.\n|inactive|Alskeltal has 60 seconds left.\n|\n|t:|1788372845\n|teamsize|p1|4\n|teamsize|p2|4\n|start\n|switch|p1a: Whimsicott|Whimsicott, L50, M|100/100\n|switch|p1b: Arcanine|Arcanine-Hisui, L50, M|100/100\n|switch|p2a: Phoxxy Red|Delphox, L50, M|100/100\n|switch|p2b: Trent Tremor|Garchomp, L50, F|100/100\n|turn|1\n|inactive|Alskeltal has 30 seconds left.\n|\n|t:|1788372875\n|detailschange|p2a: Phoxxy Red|Delphox-Mega, L50, M\n|-mega|p2a: Phoxxy Red|Delphox|Delphoxite\n|move|p2a: Phoxxy Red|Protect|p2a: Phoxxy Red\n|-singleturn|p2a: Phoxxy Red|Protect\n|move|p1b: Arcanine|Protect|p1b: Arcanine\n|-singleturn|p1b: Arcanine|Protect\n|move|p1a: Whimsicott|Tailwind|p1a: Whimsicott\n|-sidestart|p1: chris2222|move: Tailwind\n|move|p2b: Trent Tremor|Earthquake|p1a: Whimsicott|[spread] p1a\n|-activate|p2a: Phoxxy Red|move: Protect\n|-activate|p1b: Arcanine|move: Protect\n|-resisted|p1a: Whimsicott|1\n|-damage|p1a: Whimsicott|66/100\n|-damage|p2b: Trent Tremor|90/100|[from] item: Life Orb\n|\n|upkeep\n|turn|2\n|inactive|Alskeltal has 30 seconds left.\n|\n|t:|1788372903\n|switch|p1a: Politoed|Politoed, L50, F|100/100\n|-weather|RainDance|[from] ability: Drizzle|[of] p1a: Politoed\n|switch|p2a: Catjam.mp4|Sneasler, L50, M, shiny|100/100\n|move|p1b: Arcanine|Head Smash|p2a: Catjam.mp4\n|-resisted|p2a: Catjam.mp4|1\n|-damage|p2a: Catjam.mp4|34/100\n|move|p2b: Trent Tremor|Stomping Tantrum|p1b: Arcanine\n|-supereffective|p1b: Arcanine|2\n|-enditem|p1b: Arcanine|Focus Sash\n|-damage|p1b: Arcanine|1/100\n|-damage|p2b: Trent Tremor|80/100|[from] item: Life Orb\n|\n|-weather|RainDance|[upkeep]\n|upkeep\n|turn|3\n|inactive|Alskeltal has 30 seconds left.\n|\n|t:|1788372930\n|switch|p1b: Staraptor|Staraptor, L50, F|100/100\n|-ability|p1b: Staraptor|Intimidate|boost\n|-unboost|p2a: Catjam.mp4|atk|1\n|-unboost|p2b: Trent Tremor|atk|1\n|-enditem|p2a: Catjam.mp4|White Herb\n|-clearnegativeboost|p2a: Catjam.mp4|[silent]\n|switch|p2b: Sir Whimothy|Whimsicott, L50, M, shiny|100/100\n|move|p2a: Catjam.mp4|Fake Out|p1b: Staraptor\n|-damage|p1b: Staraptor|81/100\n|move|p1a: Politoed|Icy Wind|p2b: Sir Whimothy|[spread] p2a,p2b\n|-crit|p2a: Catjam.mp4\n|-supereffective|p2b: Sir Whimothy|1\n|-damage|p2a: Catjam.mp4|15/100\n|-damage|p2b: Sir Whimothy|78/100\n|-unboost|p2a: Catjam.mp4|spe|1\n|-unboost|p2b: Sir Whimothy|spe|1\n|\n|-weather|RainDance|[upkeep]\n|upkeep\n|turn|4\n|inactive|chris2222 has 30 seconds left.\n|inactive|Alskeltal has 30 seconds left.\n|inactive|Alskeltal has 20 seconds left.\n|inactive|Alskeltal has 15 seconds left.\n|inactive|chris2222 has 20 seconds left.\n|inactive|Alskeltal has 10 seconds left.\n|inactive|chris2222 has 15 seconds left.\n|\n|t:|1788372982\n|detailschange|p1b: Staraptor|Staraptor-Mega, L50, F\n|-mega|p1b: Staraptor|Staraptor|Staraptite\n|move|p1b: Staraptor|Protect|p1b: Staraptor\n|-singleturn|p1b: Staraptor|Protect\n|move|p2b: Sir Whimothy|Tailwind|p2b: Sir Whimothy\n|-sidestart|p2: Alskeltal|move: Tailwind\n|move|p2a: Catjam.mp4|Dire Claw|p1b: Staraptor\n|-activate|p1b: Staraptor|move: Protect\n|move|p1a: Politoed|Weather Ball|p2a: Catjam.mp4\n|-damage|p2a: Catjam.mp4|0 fnt\n|faint|p2a: Catjam.mp4\n|\n|-weather|RainDance|[upkeep]\n|-sideend|p1: chris2222|move: Tailwind\n|upkeep\n|\n|t:|1788373003\n|switch|p2a: Phoxxy Red|Delphox-Mega, L50, M|100/100\n|turn|5\n|inactive|Alskeltal has 30 seconds left.\n|\n|t:|1788373034\n|switch|p1b: Arcanine|Arcanine-Hisui, L50, M|1/100\n|move|p2b: Sir Whimothy|Sunny Day|p2b: Sir Whimothy\n|-weather|SunnyDay\n|move|p2a: Phoxxy Red|Psychic|p1b: Arcanine\n|-damage|p1b: Arcanine|0 fnt\n|faint|p1b: Arcanine\n|move|p1a: Politoed|Icy Wind|p2a: Phoxxy Red|[spread] p2a,p2b\n|-resisted|p2a: Phoxxy Red|1\n|-supereffective|p2b: Sir Whimothy|1\n|-damage|p2a: Phoxxy Red|95/100\n|-damage|p2b: Sir Whimothy|56/100\n|-unboost|p2a: Phoxxy Red|spe|1\n|-unboost|p2b: Sir Whimothy|spe|1\n|\n|-weather|SunnyDay|[upkeep]\n|upkeep\n|inactive|chris2222 has 30 seconds left.\n|\n|t:|1788373060\n|switch|p1b: Staraptor|Staraptor-Mega, L50, F|81/100\n|turn|6\n|inactive|Alskeltal has 30 seconds left.\n|\n|t:|1788373087\n|move|p1b: Staraptor|Protect|p1b: Staraptor\n|-singleturn|p1b: Staraptor|Protect\n|move|p2a: Phoxxy Red|Substitute|p2a: Phoxxy Red\n|-start|p2a: Phoxxy Red|Substitute\n|-damage|p2a: Phoxxy Red|71/100\n|move|p2b: Sir Whimothy|Moonblast|p1a: Politoed\n|-damage|p1a: Politoed|75/100\n|move|p1a: Politoed|Weather Ball|p2b: Sir Whimothy\n|-supereffective|p2b: Sir Whimothy|1\n|-enditem|p2b: Sir Whimothy|Occa Berry|[eat]\n|-enditem|p2b: Sir Whimothy|Occa Berry|[weaken]\n|-damage|p2b: Sir Whimothy|19/100\n|\n|-weather|SunnyDay|[upkeep]\n|upkeep\n|turn|7\n|\n|t:|1788373112\n|switch|p1b: Whimsicott|Whimsicott, L50, M|66/100\n|move|p2b: Sir Whimothy|Protect|p2b: Sir Whimothy\n|-singleturn|p2b: Sir Whimothy|Protect\n|move|p1a: Politoed|Protect|p1a: Politoed\n|-singleturn|p1a: Politoed|Protect\n|move|p2a: Phoxxy Red|Psychic|p1b: Whimsicott\n|-damage|p1b: Whimsicott|0 fnt\n|faint|p1b: Whimsicott\n|\n|-weather|SunnyDay|[upkeep]\n|-sideend|p2: Alskeltal|move: Tailwind\n|upkeep\n|\n|t:|1788373121\n|switch|p1b: Staraptor|Staraptor-Mega, L50, F|81/100\n|turn|8\n|\n|t:|1788373133\n|move|p2b: Sir Whimothy|Tailwind|p2b: Sir Whimothy\n|-sidestart|p2: Alskeltal|move: Tailwind\n|move|p2a: Phoxxy Red|Psychic|p1a: Politoed\n|-damage|p1a: Politoed|39/100\n|-enditem|p1a: Politoed|Sitrus Berry|[eat]\n|-heal|p1a: Politoed|63/100|[from] item: Sitrus Berry\n|move|p1b: Staraptor|Close Combat|p2a: Phoxxy Red\n|-resisted|p2a: Phoxxy Red|1\n|-end|p2a: Phoxxy Red|Substitute\n|-boost|p1b: Staraptor|def|1\n|-boost|p1b: Staraptor|spd|1\n|move|p1a: Politoed|Icy Wind|p2b: Sir Whimothy|[spread] p2a,p2b\n|-resisted|p2a: Phoxxy Red|1\n|-supereffective|p2b: Sir Whimothy|1\n|-crit|p2b: Sir Whimothy\n|-damage|p2a: Phoxxy Red|66/100\n|-damage|p2b: Sir Whimothy|0 fnt\n|-unboost|p2a: Phoxxy Red|spe|1\n|faint|p2b: Sir Whimothy\n|\n|-weather|SunnyDay|[upkeep]\n|upkeep\n|\n|t:|1788373140\n|switch|p2b: Trent Tremor|Garchomp, L50, F|80/100\n|turn|9\n|inactive|Alskeltal has 30 seconds left.\n|\n|t:|1788373170\n|move|p1b: Staraptor|Protect|p1b: Staraptor\n|-singleturn|p1b: Staraptor|Protect\n|move|p2b: Trent Tremor|Stomping Tantrum|p1a: Politoed\n|-damage|p1a: Politoed|22/100\n|-damage|p2b: Trent Tremor|70/100|[from] item: Life Orb\n|move|p2a: Phoxxy Red|Psychic|p1a: Politoed\n|-damage|p1a: Politoed|0 fnt\n|faint|p1a: Politoed\n|\n|-weather|none\n|upkeep\n|turn|10\n|\n|t:|1788373191\n|move|p2b: Trent Tremor|Rock Slide|p1b: Staraptor\n|-damage|p1b: Staraptor|58/100\n|-damage|p2b: Trent Tremor|60/100|[from] item: Life Orb\n|move|p2a: Phoxxy Red|Psychic|p1b: Staraptor\n|-supereffective|p1b: Staraptor|1\n|-damage|p1b: Staraptor|0 fnt\n|faint|p1b: Staraptor\n|\n|win|Alskeltal\n|raw|chris2222's rating: 1402 &rarr; <strong>1379</strong><br />(-23 for losing)\n|raw|Alskeltal's rating: 1344 &rarr; <strong>1367</strong><br />(+23 for winning)\n|l|☆chris2222\n|player|p1|\n","uploadtime":1788373201,"views":"7","formatid":"gen9championsvgc2026regmb","rating":1367,"private":0,"password":null}