{"id":"gen9championsvgc2026regmbbo3-2673298237","format":"[Gen 9 Champions] VGC 2026 Reg M-B (Bo3)","players":["Guian_6","eklyst"],"log":"|j|☆Guian_6\n|j|☆eklyst\n|html|<table width=\"100%\"><tr><td align=\"left\">Guian_6</td><td align=\"right\">eklyst</tr><tr><td align=\"left\"><i class=\"fa fa-circle\"></i> <i class=\"fa fa-circle-o\"></i> </td><td align=\"right\"><i class=\"fa fa-circle-o\"></i> <i class=\"fa fa-circle-o\"></i> </tr></table>\n|uhtml|bestof|<h2><strong>Game 2</strong> of <a href=\"/game-bestof3-gen9championsvgc2026regmbbo3-2673295915\">a best-of-3</a></h2>\n|t:|1788179343\n|gametype|doubles\n|player|p1|Guian_6|102|1229\n|player|p2|eklyst|pokemaniac|1299\n|gen|9\n|tier|[Gen 9 Champions] VGC 2026 Reg M-B (Bo3)\n|rated|\n|rule|Species Clause: Limit one of each Pokémon\n|rule|Item Clause: Limit 1 of each item\n|clearpoke\n|poke|p1|Ninetales-Alola, L50, F|\n|poke|p1|Lucario, L50, M|\n|poke|p1|Basculegion, L50, M|\n|poke|p1|Incineroar, L50, M|\n|poke|p1|Venusaur, L50, F|\n|poke|p1|Palafin, L50, F|\n|poke|p2|Sinistcha, L50|\n|poke|p2|Incineroar, L50, F|\n|poke|p2|Blaziken, L50, M|\n|poke|p2|Ninetales-Alola, L50, F|\n|poke|p2|Mawile, L50, M|\n|poke|p2|Basculegion, L50, M|\n|teampreview|4\n|showteam|p1|Ninetales-Alola||ChoiceScarf|SnowWarning|IcyWind,Blizzard,FreezeDry,Moonblast|Timid||F|||50|]Lucario||Lucarionite|InnerFocus|CloseCombat,BulletPunch,MeteorMash,Protect|Jolly||M|||50|]Basculegion||LifeOrb|Adaptability|FlipTurn,LastRespects,WaveCrash,AquaJet|Jolly||M|||50|]Incineroar||SitrusBerry|Intimidate|FakeOut,PartingShot,FlareBlitz,Protect|Careful||M|||50|]Venusaur||Venusaurite|Chlorophyll|Toxic,SleepPowder,GigaDrain,Protect|Timid||F|||50|]Palafin||Leftovers|ZerotoHero|Haze,Protect,WaveCrash,JetPunch|Impish||F|||50|\n|showteam|p2|Sinistcha||KasibBerry|Hospitality|MatchaGotcha,RagePowder,TrickRoom,Protect|Relaxed|||||50|]Incineroar||SitrusBerry|Intimidate|FlareBlitz,FakeOut,PartingShot,HelpingHand|Careful||F|||50|]Blaziken||Blazikenite|SpeedBoost|CloseCombat,FlareBlitz,RockSlide,Detect|Adamant||M|||50|]Ninetales-Alola||NeverMeltIce|SnowWarning|Blizzard,FreezeDry,Encore,Protect|Timid||F|||50|]Mawile||Mawilite|HyperCutter|PlayRough,IronHead,SuckerPunch,Protect|Adamant||M|||50|]Basculegion||LifeOrb|Adaptability|WaveCrash,LastRespects,AquaJet,Protect|Adamant||M|||50|\n|inactive|Battle timer is ON: inactive players will automatically lose when time's up. (requested by eklyst)\n|inactive|Guian_6 has 60 seconds left.\n|inactive|Guian_6 has 30 seconds left.\n|inactive|Guian_6 has 20 seconds left.\n|inactive|Guian_6 has 15 seconds left.\n|inactive|Guian_6 has 10 seconds left.\n|\n|t:|1788179428\n|teamsize|p1|4\n|teamsize|p2|4\n|start\n|switch|p1a: Namor|Basculegion, L50, M|100/100\n|switch|p1b: Jeff|Palafin, L50, F|100/100\n|switch|p2a: Blaziken|Blaziken, L50, M|100/100\n|switch|p2b: Ninetales|Ninetales-Alola, L50, F|100/100\n|-weather|Snowscape|[from] ability: Snow Warning|[of] p2b: Ninetales\n|turn|1\n|\n|t:|1788179447\n|switch|p2a: Sinistcha|Sinistcha, L50|100/100\n|detailschange|p1b: Jeff|Palafin-Hero, L50, F\n|switch|p1b: White Fox|Ninetales-Alola, L50, F|100/100\n|move|p2b: Ninetales|Freeze-Dry|p1a: Namor\n|-supereffective|p1a: Namor|1\n|-damage|p1a: Namor|31/100\n|move|p1a: Namor|Flip Turn|p2a: Sinistcha\n|-resisted|p2a: Sinistcha|1\n|-damage|p2a: Sinistcha|80/100\n|-damage|p1a: Namor|22/100|[from] item: Life Orb\n|\n|t:|1788179459\n|switch|p1a: Groot|Venusaur, L50, F|100/100|[from] Flip Turn\n|\n|-weather|Snowscape|[upkeep]\n|upkeep\n|turn|2\n|\n|t:|1788179477\n|switch|p2a: Blaziken|Blaziken, L50, M|100/100\n|detailschange|p1a: Groot|Venusaur-Mega, L50, F\n|-mega|p1a: Groot|Venusaur|Venusaurite\n|move|p1b: White Fox|Icy Wind|p2a: Blaziken|[spread] p2a,p2b\n|-resisted|p2a: Blaziken|1\n|-resisted|p2b: Ninetales|1\n|-damage|p2a: Blaziken|89/100\n|-damage|p2b: Ninetales|91/100\n|-unboost|p2a: Blaziken|spe|1\n|-unboost|p2b: Ninetales|spe|1\n|move|p1a: Groot|Sleep Powder|p2b: Ninetales\n|-status|p2b: Ninetales|slp|[from] move: Sleep Powder\n|cant|p2b: Ninetales|slp\n|\n|-weather|Snowscape|[upkeep]\n|upkeep\n|turn|3\n|\n|t:|1788179498\n|move|p2a: Blaziken|Detect|p2a: Blaziken\n|-singleturn|p2a: Blaziken|Protect\n|move|p1b: White Fox|Icy Wind|p2a: Blaziken|[spread] p2b\n|-activate|p2a: Blaziken|move: Protect\n|-resisted|p2b: Ninetales|1\n|-damage|p2b: Ninetales|81/100 slp\n|-unboost|p2b: Ninetales|spe|1\n|move|p1a: Groot|Toxic|p2a: Blaziken\n|-activate|p2a: Blaziken|move: Protect\n|cant|p2b: Ninetales|slp\n|\n|-weather|Snowscape|[upkeep]\n|-ability|p2a: Blaziken|Speed Boost|boost\n|-boost|p2a: Blaziken|spe|1\n|upkeep\n|turn|4\n|\n|t:|1788179523\n|switch|p1b: Jeff|Palafin-Hero, L50, F|100/100\n|-activate|p1b: Jeff|ability: Zero to Hero\n|detailschange|p2a: Blaziken|Blaziken-Mega, L50, M\n|-mega|p2a: Blaziken|Blaziken|Blazikenite\n|move|p1a: Groot|Toxic|p2a: Blaziken\n|-status|p2a: Blaziken|tox\n|move|p2a: Blaziken|Flare Blitz|p1b: Jeff\n|-resisted|p1b: Jeff|1\n|-damage|p1b: Jeff|72/100\n|-damage|p2a: Blaziken|77/100 tox|[from] Recoil\n|-curestatus|p2b: Ninetales|slp|[msg]\n|move|p2b: Ninetales|Blizzard|p1b: Jeff|[spread] p1a,p1b\n|-supereffective|p1a: Groot|1\n|-resisted|p1b: Jeff|1\n|-damage|p1a: Groot|74/100\n|-damage|p1b: Jeff|55/100\n|-status|p1b: Jeff|frz\n|\n|-weather|Snowscape|[upkeep]\n|-heal|p1b: Jeff|60/100 frz|[from] item: Leftovers\n|-damage|p2a: Blaziken|71/100 tox|[from] psn\n|-ability|p2a: Blaziken|Speed Boost|boost\n|-boost|p2a: Blaziken|spe|1\n|upkeep\n|turn|5\n|\n|t:|1788179547\n|cant|p1b: Jeff|frz\n|move|p2a: Blaziken|Flare Blitz|p1a: Groot\n|-supereffective|p1a: Groot|1\n|-damage|p1a: Groot|12/100\n|-damage|p2a: Blaziken|49/100 tox|[from] Recoil\n|move|p1a: Groot|Toxic|p2b: Ninetales\n|-status|p2b: Ninetales|tox\n|move|p2b: Ninetales|Freeze-Dry|p1b: Jeff\n|-supereffective|p1b: Jeff|1\n|-damage|p1b: Jeff|0 fnt\n|faint|p1b: Jeff\n|\n|-weather|none\n|-damage|p2a: Blaziken|37/100 tox|[from] psn\n|-damage|p2b: Ninetales|75/100 tox|[from] psn\n|-ability|p2a: Blaziken|Speed Boost|boost\n|-boost|p2a: Blaziken|spe|1\n|upkeep\n|\n|t:|1788179566\n|switch|p1b: Namor|Basculegion, L50, M|22/100\n|turn|6\n|\n|t:|1788179577\n|switch|p2b: Sinistcha|Sinistcha, L50|80/100\n|-heal|p2a: Blaziken|61/100 tox|[from] ability: Hospitality|[of] p2b: Sinistcha\n|move|p1a: Groot|Protect|p1a: Groot\n|-singleturn|p1a: Groot|Protect\n|move|p2a: Blaziken|Rock Slide|p1b: Namor|[spread] p1b\n|-activate|p1a: Groot|move: Protect\n|-damage|p1b: Namor|0 fnt\n|faint|p1b: Namor\n|\n|-damage|p2a: Blaziken|43/100 tox|[from] psn\n|-ability|p2a: Blaziken|Speed Boost|boost\n|-boost|p2a: Blaziken|spe|1\n|upkeep\n|\n|t:|1788179581\n|switch|p1b: White Fox|Ninetales-Alola, L50, F|100/100\n|-weather|Snowscape|[from] ability: Snow Warning|[of] p1b: White Fox\n|turn|7\n|\n|t:|1788179595\n|switch|p2b: Basculegion|Basculegion, L50, M|100/100\n|move|p2a: Blaziken|Flare Blitz|p1b: White Fox\n|-supereffective|p1b: White Fox|1\n|-damage|p1b: White Fox|0 fnt\n|faint|p1b: White Fox\n|-damage|p2a: Blaziken|14/100 tox|[from] Recoil\n|move|p1a: Groot|Toxic|p2b: Basculegion\n|-status|p2b: Basculegion|tox\n|\n|-weather|Snowscape|[upkeep]\n|-damage|p2a: Blaziken|0 fnt|[from] psn\n|faint|p2a: Blaziken\n|-damage|p2b: Basculegion|93/100 tox|[from] psn\n|upkeep\n|-message|Guian_6 forfeited.\n|\n|win|eklyst\n|l|☆Guian_6\n|player|p1|\n||Guian_6 is ready for game 3.\n||eklyst is ready for game 3.\n|uhtml|next|Next: <a href=\"/battle-gen9championsvgc2026regmbbo3-2673299698\"><strong>Game 3 of 3</strong></a>\n","uploadtime":1788179866,"views":"0","formatid":"gen9championsvgc2026regmbbo3","rating":null,"private":0,"password":null}