{"id":"gen9championsvgc2026regmbbo3-2673442567","format":"[Gen 9 Champions] VGC 2026 Reg M-B (Bo3)","players":["Cynd3rXVII","PaquitoelBollito"],"log":"|j|☆Cynd3rXVII\n|j|☆PaquitoelBollito\n|html|<table width=\"100%\"><tr><td align=\"left\">Cynd3rXVII</td><td align=\"right\">PaquitoelBollito</tr><tr><td align=\"left\"><i class=\"fa fa-circle-o\"></i> <i class=\"fa fa-circle-o\"></i> </td><td align=\"right\"><i class=\"fa fa-circle-o\"></i> <i class=\"fa fa-circle-o\"></i> </tr></table>\n|uhtml|bestof|<h2><strong>Game 1</strong> of <a href=\"/game-bestof3-gen9championsvgc2026regmbbo3-2673442566\">a best-of-3</a></h2>\n|t:|1788198326\n|gametype|doubles\n|player|p1|Cynd3rXVII|2|1212\n|player|p2|PaquitoelBollito|2|1232\n|gen|9\n|tier|[Gen 9 Champions] VGC 2026 Reg M-B (Bo3)\n|rated|\n|rule|Species Clause: Limit one of each Pokémon\n|rule|Item Clause: Limit 1 of each item\n|clearpoke\n|poke|p1|Froslass, L50, F|\n|poke|p1|Whimsicott, L50, F|\n|poke|p1|Sneasler, L50, F|\n|poke|p1|Garchomp, L50, F|\n|poke|p1|Umbreon, L50, F|\n|poke|p1|Dragonite, L50, F|\n|poke|p2|Froslass, L50, F|\n|poke|p2|Scovillain, L50, M|\n|poke|p2|Kingambit, L50, F|\n|poke|p2|Sneasler, L50, F|\n|poke|p2|Basculegion, L50, M|\n|poke|p2|Lycanroc-Dusk, L50, F|\n|teampreview|4\n|showteam|p1|Froslass||Froslassite|SnowCloak|Blizzard,ShadowBall,Protect,Thunderbolt|Timid||F|||50|]Whimsicott||FocusSash|Prankster|Tailwind,Moonblast,Encore,Protect|Timid||F|||50|]Sneasler||WhiteHerb|Unburden|CloseCombat,DireClaw,Protect,FakeOut|Adamant||F|||50|]Garchomp||LifeOrb|RoughSkin|Earthquake,DragonClaw,RockSlide,Protect|Adamant||F|||50|]Umbreon||Leftovers|InnerFocus|FoulPlay,Taunt,Yawn,Protect|Relaxed||F|||50|]Dragonite||Dragoninite|Multiscale|HeatWave,Protect,ExtremeSpeed,DragonPulse|Timid||F|||50|\n|showteam|p2|Froslass||Froslassite|CursedBody|Protect,Blizzard,AuroraVeil,ShadowBall|Modest||F|||50|]Scovillain||Scovillainite|Moody|Protect,Overheat,GigaDrain,RagePowder|Modest||M|||50|]Kingambit||BlackGlasses|Defiant|Protect,KowtowCleave,SwordsDance,SuckerPunch|Adamant||F|||50|]Sneasler||WhiteHerb|Unburden|FakeOut,GunkShot,CloseCombat,Protect|Adamant||F|||50|]Basculegion||SitrusBerry|Adaptability|Protect,LastRespects,WaveCrash,AquaJet|Adamant||M|||50|]Lycanroc-Dusk||FocusSash|ToughClaws|Protect,Accelerock,RockSlide,CloseCombat|Adamant||F|||50|\n|inactive|Battle timer is ON: inactive players will automatically lose when time's up. (requested by PaquitoelBollito)\n|inactive|PaquitoelBollito has 60 seconds left.\n|\n|t:|1788198360\n|teamsize|p1|4\n|teamsize|p2|4\n|start\n|switch|p1a: Dragonite|Dragonite, L50, F|100/100\n|switch|p1b: Chompers|Garchomp, L50, F|100/100\n|switch|p2a: Scovillain|Scovillain, L50, M|100/100\n|switch|p2b: Basculegion|Basculegion, L50, M|100/100\n|turn|1\n|inactive|PaquitoelBollito has 30 seconds left.\n|\n|t:|1788198390\n|detailschange|p1a: Dragonite|Dragonite-Mega, L50, F\n|-mega|p1a: Dragonite|Dragonite|Dragoninite\n|detailschange|p2a: Scovillain|Scovillain-Mega, L50, M\n|-mega|p2a: Scovillain|Scovillain|Scovillainite\n|move|p2a: Scovillain|Rage Powder|p2a: Scovillain\n|-singleturn|p2a: Scovillain|move: Rage Powder\n|move|p1a: Dragonite|Heat Wave|p2a: Scovillain|[spread] p2a,p2b\n|-resisted|p2b: Basculegion|1\n|-damage|p2a: Scovillain|76/100\n|-damage|p2b: Basculegion|84/100\n|-status|p1a: Dragonite|brn|[from] ability: Spicy Spray|[of] p2a: Scovillain\n|move|p1b: Chompers|Earthquake|p2a: Scovillain|[spread] p2a,p2b\n|-immune|p1a: Dragonite\n|-damage|p2a: Scovillain|19/100\n|-damage|p2b: Basculegion|28/100\n|-status|p1b: Chompers|brn|[from] ability: Spicy Spray|[of] p2a: Scovillain\n|-enditem|p2b: Basculegion|Sitrus Berry|[eat]\n|-heal|p2b: Basculegion|52/100|[from] item: Sitrus Berry\n|-damage|p1b: Chompers|90/100 brn|[from] item: Life Orb\n|move|p2b: Basculegion|Wave Crash|p1b: Chompers\n|-damage|p1b: Chompers|7/100 brn\n|-damage|p2b: Basculegion|40/100|[from] ability: Rough Skin|[of] p1b: Chompers\n|-damage|p2b: Basculegion|15/100|[from] Recoil\n|\n|-damage|p1a: Dragonite|93/100 brn|[from] brn\n|-damage|p1b: Chompers|1/100 brn|[from] brn\n|upkeep\n|turn|2\n|inactive|Cynd3rXVII has 30 seconds left.\n|inactive|PaquitoelBollito has 30 seconds left.\n|\n|t:|1788198425\n|switch|p1b: Scottie|Whimsicott, L50, F|100/100\n|move|p2b: Basculegion|Protect|p2b: Basculegion\n|-singleturn|p2b: Basculegion|Protect\n|move|p2a: Scovillain|Protect|p2a: Scovillain\n|-singleturn|p2a: Scovillain|Protect\n|move|p1a: Dragonite|Heat Wave|p2b: Basculegion|[spread] \n|-activate|p2a: Scovillain|move: Protect\n|-activate|p2b: Basculegion|move: Protect\n|\n|-damage|p1a: Dragonite|87/100 brn|[from] brn\n|upkeep\n|turn|3\n|\n|t:|1788198443\n|move|p1b: Scottie|Tailwind|p1b: Scottie\n|-sidestart|p1: Cynd3rXVII|move: Tailwind\n|move|p2b: Basculegion|Aqua Jet|p1a: Dragonite\n|-resisted|p1a: Dragonite|1\n|-damage|p1a: Dragonite|75/100 brn\n|move|p1a: Dragonite|Heat Wave|p2b: Basculegion|[spread] p2a,p2b\n|-resisted|p2b: Basculegion|1\n|-damage|p2a: Scovillain|0 fnt\n|-damage|p2b: Basculegion|2/100\n|faint|p2a: Scovillain\n|\n|-damage|p1a: Dragonite|69/100 brn|[from] brn\n|upkeep\n|\n|t:|1788198456\n|switch|p2a: Lycanroc|Lycanroc-Dusk, L50, F|100/100\n|turn|4\n|\n|t:|1788198470\n|move|p1a: Dragonite|Protect|p1a: Dragonite\n|-singleturn|p1a: Dragonite|Protect\n|move|p2b: Basculegion|Aqua Jet|p1b: Scottie\n|-resisted|p1b: Scottie|1\n|-damage|p1b: Scottie|77/100\n|move|p1b: Scottie|Moonblast|p2a: Lycanroc\n|-damage|p2a: Lycanroc|40/100\n|move|p2a: Lycanroc|Rock Slide|p1a: Dragonite|[spread] p1b\n|-activate|p1a: Dragonite|move: Protect\n|-damage|p1b: Scottie|33/100\n|\n|-damage|p1a: Dragonite|63/100 brn|[from] brn\n|upkeep\n|turn|5\n|\n|t:|1788198490\n|move|p1b: Scottie|Encore|p2a: Lycanroc\n|-start|p2a: Lycanroc|Encore\n|move|p2b: Basculegion|Aqua Jet|p1b: Scottie\n|-resisted|p1b: Scottie|1\n|-damage|p1b: Scottie|13/100\n|move|p1a: Dragonite|Heat Wave|p2b: Basculegion|[spread] p2a,p2b\n|-resisted|p2a: Lycanroc|1\n|-resisted|p2b: Basculegion|1\n|-damage|p2a: Lycanroc|19/100\n|-damage|p2b: Basculegion|0 fnt\n|faint|p2b: Basculegion\n|move|p2a: Lycanroc|Rock Slide|p1a: Dragonite|[spread] p1a,p1b\n|-supereffective|p1a: Dragonite|1\n|-damage|p1a: Dragonite|7/100 brn\n|-damage|p1b: Scottie|0 fnt\n|faint|p1b: Scottie\n|\n|-damage|p1a: Dragonite|1/100 brn|[from] brn\n|upkeep\n|\n|t:|1788198506\n|switch|p1b: Chompers|Garchomp, L50, F|1/100 brn\n|switch|p2b: Sneasler|Sneasler, L50, F|100/100\n|turn|6\n|\n|t:|1788198516\n|move|p2b: Sneasler|Protect|p2b: Sneasler\n|-singleturn|p2b: Sneasler|Protect\n|move|p1a: Dragonite|Heat Wave|p2a: Lycanroc|[spread] p2a\n|-activate|p2b: Sneasler|move: Protect\n|-resisted|p2a: Lycanroc|1\n|-damage|p2a: Lycanroc|0 fnt\n|faint|p2a: Lycanroc\n|move|p1b: Chompers|Earthquake|p2b: Sneasler|[spread] \n|-activate|p2b: Sneasler|move: Protect\n|-immune|p1a: Dragonite\n|\n|-damage|p1a: Dragonite|0 fnt|[from] brn\n|faint|p1a: Dragonite\n|-damage|p1b: Chompers|0 fnt|[from] brn\n|faint|p1b: Chompers\n|-sideend|p1: Cynd3rXVII|move: Tailwind\n|upkeep\n|\n|t:|1788198520\n|switch|p1b: Garras|Sneasler, L50, F|100/100\n|turn|7\n|inactive|PaquitoelBollito has 30 seconds left.\n|\n|t:|1788198547\n|move|p1b: Garras|Fake Out|p2b: Sneasler\n|-damage|p2b: Sneasler|78/100\n|cant|p2b: Sneasler|flinch\n|\n|upkeep\n|turn|8\n|\n|t:|1788198559\n|move|p1b: Garras|Close Combat|p2b: Sneasler\n|-resisted|p2b: Sneasler|1\n|-damage|p2b: Sneasler|33/100\n|-unboost|p1b: Garras|def|1\n|-unboost|p1b: Garras|spd|1\n|-enditem|p1b: Garras|White Herb\n|-clearnegativeboost|p1b: Garras|[silent]\n|move|p2b: Sneasler|Close Combat|p1b: Garras\n|-resisted|p1b: Garras|1\n|-damage|p1b: Garras|47/100\n|-unboost|p2b: Sneasler|def|1\n|-unboost|p2b: Sneasler|spd|1\n|-enditem|p2b: Sneasler|White Herb\n|-clearnegativeboost|p2b: Sneasler|[silent]\n|\n|upkeep\n|turn|9\n|\n|t:|1788198581\n|move|p2b: Sneasler|Close Combat|p1b: Garras\n|-resisted|p1b: Garras|1\n|-damage|p1b: Garras|0 fnt\n|-unboost|p2b: Sneasler|def|1\n|-unboost|p2b: Sneasler|spd|1\n|faint|p1b: Garras\n|\n|win|PaquitoelBollito\n","uploadtime":1788198581,"views":"0","formatid":"gen9championsvgc2026regmbbo3","rating":null,"private":0,"password":null}