{"id":"gen9championsvgc2026regmbbo3-2674493590","format":"[Gen 9 Champions] VGC 2026 Reg M-B (Bo3)","players":["Nonehereonlyme","AustiBear"],"log":"|j|☆Nonehereonlyme\n|j|☆AustiBear\n|html|<table width=\"100%\"><tr><td align=\"left\">Nonehereonlyme</td><td align=\"right\">AustiBear</tr><tr><td align=\"left\"><i class=\"fa fa-circle\"></i> <i class=\"fa fa-circle-o\"></i> </td><td align=\"right\"><i class=\"fa fa-circle-o\"></i> <i class=\"fa fa-circle\"></i> </tr></table>\n|uhtml|bestof|<h2><strong>Game 3</strong> of <a href=\"/game-bestof3-gen9championsvgc2026regmbbo3-2674490568\">a best-of-3</a></h2>\n|t:|1788366335\n|gametype|doubles\n|player|p1|Nonehereonlyme|hiker-gen4|1123\n|player|p2|AustiBear|1|1073\n|gen|9\n|tier|[Gen 9 Champions] VGC 2026 Reg M-B (Bo3)\n|rated|\n|rule|Species Clause: Limit one of each Pokémon\n|rule|Item Clause: Limit 1 of each item\n|clearpoke\n|poke|p1|Dragonite, L50, M, shiny|\n|poke|p1|Whimsicott, L50, F, shiny|\n|poke|p1|Sinistcha, L50|\n|poke|p1|Pelipper, L50, F|\n|poke|p1|Basculegion, L50, M|\n|poke|p1|Swampert, L50, F|\n|poke|p2|Gengar, L50, F|\n|poke|p2|Feraligatr, L50, F|\n|poke|p2|Whimsicott, L50, F|\n|poke|p2|Sinistcha-Masterpiece, L50|\n|poke|p2|Incineroar, L50, F|\n|poke|p2|Kommo-o, L50, M|\n|teampreview|4\n|showteam|p1|Dragonite||Dragoninite|Multiscale|Thunder,Hurricane,DracoMeteor,Protect|Modest||M|||50|]Whimsicott||FocusSash|Prankster|Moonblast,Encore,Tailwind,Tickle|Timid||F|||50|]Sinistcha||SitrusBerry|Hospitality|MatchaGotcha,Hex,TrickRoom,RagePowder|Calm|||||50|]Pelipper||Leftovers|Drizzle|Hurricane,MuddyWater,IcyWind,Protect|Bold||F|||50|]Basculegion||ChoiceScarf|Adaptability|WaveCrash,FlipTurn,AquaJet,LastRespects|Adamant||M|||50|]Swampert||Swampertite|Torrent|WaveCrash,Earthquake,IcePunch,Protect|Adamant||F|||50|\n|showteam|p2|Gengar||Gengarite|CursedBody|Thunderbolt,ShadowBall,PerishSong,Protect|Timid||F|||50|]Feraligatr||LifeOrb|SheerForce|Earthquake,Liquidation,Protect,DragonDance|Adamant||F|||50|]Whimsicott||FocusSash|Prankster|Moonblast,Encore,Tailwind,Protect|Calm||F|||50|]Sinistcha-Masterpiece||MiracleSeed|Hospitality|MatchaGotcha,LifeDew,RagePowder,Protect|Serious|||||50|]Incineroar||SitrusBerry|Intimidate|FlareBlitz,FakeOut,DarkestLariat,PartingShot|Careful||F|||50|]Kommo-o||Leftovers|Soundproof|Boomburst,AuraSphere,ClangorousSoul,Protect|Timid||M|||50|\n|inactive|Battle timer is ON: inactive players will automatically lose when time's up. (requested by Nonehereonlyme)\n|inactive|Nonehereonlyme has 60 seconds left.\n|\n|t:|1788366382\n|teamsize|p1|4\n|teamsize|p2|4\n|start\n|switch|p1a: LittleLaw|Whimsicott, L50, F, shiny|100/100\n|switch|p1b: Pelipper|Pelipper, L50, F|100/100\n|switch|p2a: Feraligatr|Feraligatr, L50, F|100/100\n|switch|p2b: Whimsicott|Whimsicott, L50, F|100/100\n|-weather|RainDance|[from] ability: Drizzle|[of] p1b: Pelipper\n|turn|1\n|\n|t:|1788366404\n|switch|p2a: Gengar|Gengar, L50, F|100/100\n|move|p1a: LittleLaw|Tailwind|p1a: LittleLaw\n|-sidestart|p1: Nonehereonlyme|move: Tailwind\n|move|p2b: Whimsicott|Tailwind|p2b: Whimsicott\n|-sidestart|p2: AustiBear|move: Tailwind\n|move|p1b: Pelipper|Hurricane|p2b: Whimsicott\n|-supereffective|p2b: Whimsicott|1\n|-damage|p2b: Whimsicott|34/100\n|\n|-weather|RainDance|[upkeep]\n|upkeep\n|turn|2\n|\n|t:|1788366425\n|switch|p1a: Basculegion|Basculegion, L50, M|100/100\n|detailschange|p2a: Gengar|Gengar-Mega, L50, F\n|-mega|p2a: Gengar|Gengar|Gengarite\n|move|p2b: Whimsicott|Tailwind||[still]\n|-fail|p2b: Whimsicott\n|move|p2a: Gengar|Thunderbolt|p1b: Pelipper\n|-supereffective|p1b: Pelipper|2\n|-damage|p1b: Pelipper|0 fnt\n|faint|p1b: Pelipper\n|\n|-weather|RainDance|[upkeep]\n|upkeep\n|\n|t:|1788366436\n|switch|p1b: Swampert|Swampert, L50, F|100/100\n|turn|3\n|\n|t:|1788366455\n|detailschange|p1b: Swampert|Swampert-Mega, L50, F\n|-mega|p1b: Swampert|Swampert|Swampertite\n|move|p2b: Whimsicott|Protect|p2b: Whimsicott\n|-singleturn|p2b: Whimsicott|Protect\n|move|p2a: Gengar|Protect|p2a: Gengar\n|-singleturn|p2a: Gengar|Protect\n|move|p1a: Basculegion|Last Respects|p2a: Gengar\n|-activate|p2a: Gengar|move: Protect\n|move|p1b: Swampert|Ice Punch|p2b: Whimsicott\n|-activate|p2b: Whimsicott|move: Protect\n|\n|-weather|RainDance|[upkeep]\n|upkeep\n|turn|4\n|\n|t:|1788366474\n|move|p2b: Whimsicott|Encore|p1b: Swampert\n|-start|p1b: Swampert|Encore\n|move|p2a: Gengar|Shadow Ball|p1a: Basculegion\n|-supereffective|p1a: Basculegion|1\n|-damage|p1a: Basculegion|0 fnt\n|faint|p1a: Basculegion\n|move|p1b: Swampert|Ice Punch|p2b: Whimsicott\n|-supereffective|p2b: Whimsicott|1\n|-damage|p2b: Whimsicott|0 fnt\n|faint|p2b: Whimsicott\n|\n|-weather|RainDance|[upkeep]\n|-sideend|p2: AustiBear|move: Tailwind\n|-sideend|p1: Nonehereonlyme|move: Tailwind\n|upkeep\n|\n|t:|1788366489\n|switch|p2b: Incineroar|Incineroar, L50, F|100/100\n|switch|p1a: LittleLaw|Whimsicott, L50, F, shiny|100/100\n|-ability|p2b: Incineroar|Intimidate|boost\n|-unboost|p1a: LittleLaw|atk|1\n|-unboost|p1b: Swampert|atk|1\n|turn|5\n|\n|t:|1788366505\n|move|p2b: Incineroar|Fake Out|p1a: LittleLaw\n|-damage|p1a: LittleLaw|83/100\n|cant|p1a: LittleLaw|flinch\n|move|p2a: Gengar|Perish Song|p2a: Gengar\n|-start|p1a: LittleLaw|perish3|[silent]\n|-start|p1b: Swampert|perish3|[silent]\n|-start|p2a: Gengar|perish3|[silent]\n|-start|p2b: Incineroar|perish3|[silent]\n|-fieldactivate|move: Perish Song\n|move|p1b: Swampert|Ice Punch|p2a: Gengar\n|-damage|p2a: Gengar|66/100\n|\n|-weather|none\n|-start|p2a: Gengar|perish3\n|-start|p1a: LittleLaw|perish3\n|-start|p1b: Swampert|perish3\n|-start|p2b: Incineroar|perish3\n|upkeep\n|turn|6\n|\n|t:|1788366525\n|move|p2a: Gengar|Protect|p2a: Gengar\n|-singleturn|p2a: Gengar|Protect\n|move|p1a: LittleLaw|Encore|p2a: Gengar\n|-activate|p2a: Gengar|move: Protect\n|move|p1b: Swampert|Ice Punch|p2a: Gengar\n|-activate|p2a: Gengar|move: Protect\n|move|p2b: Incineroar|Parting Shot|p1b: Swampert\n|-unboost|p1b: Swampert|atk|1\n|-unboost|p1b: Swampert|spa|1\n|\n|t:|1788366534\n|switch|p2b: Feraligatr|Feraligatr, L50, F|100/100|[from] Parting Shot\n|\n|-end|p1b: Swampert|Encore\n|-start|p2a: Gengar|perish2\n|-start|p1a: LittleLaw|perish2\n|-start|p1b: Swampert|perish2\n|upkeep\n|turn|7\n|inactive|Nonehereonlyme has 30 seconds left.\n|\n|t:|1788366561\n|switch|p2a: Incineroar|Incineroar, L50, F|100/100\n|-ability|p2a: Incineroar|Intimidate|boost\n|-unboost|p1a: LittleLaw|atk|1\n|-unboost|p1b: Swampert|atk|1\n|move|p2b: Feraligatr|Protect|p2b: Feraligatr\n|-singleturn|p2b: Feraligatr|Protect\n|move|p1a: LittleLaw|Encore|p2a: Incineroar\n|-hint|Since gen 7, Dark is immune to Prankster moves.\n|-immune|p2a: Incineroar\n|move|p1b: Swampert|Earthquake|p2b: Feraligatr|[spread] p1a,p2a\n|-activate|p2b: Feraligatr|move: Protect\n|-resisted|p1a: LittleLaw|1\n|-supereffective|p2a: Incineroar|1\n|-damage|p1a: LittleLaw|71/100\n|-damage|p2a: Incineroar|64/100\n|\n|-start|p1a: LittleLaw|perish1\n|-start|p1b: Swampert|perish1\n|upkeep\n|turn|8\n|-message|Nonehereonlyme forfeited.\n|\n|win|AustiBear\n|raw|Nonehereonlyme's rating: 1123 &rarr; <strong>1094</strong><br />(-29 for losing)\n|raw|AustiBear's rating: 1073 &rarr; <strong>1106</strong><br />(+33 for winning)\n|l|☆Nonehereonlyme\n|player|p1|\n|j|☆Nonehereonlyme\n|player|p1|Nonehereonlyme|hiker-gen4|\n|c|☆AustiBear|gg\n","uploadtime":1788366579,"views":"0","formatid":"gen9championsvgc2026regmbbo3","rating":1094,"private":0,"password":null}