{"id":"gen9championsvgc2026regmb-2674278360","format":"[Gen 9 Champions] VGC 2026 Reg M-B","players":["Brave_BumBleBee248","2amim"],"log":"|j|☆Brave_BumBleBee248\n|j|☆2amim\n|t:|1788329970\n|gametype|doubles\n|player|p1|Brave_BumBleBee248|will|1042\n|player|p2|2amim|266|1040\n|gen|9\n|tier|[Gen 9 Champions] VGC 2026 Reg M-B\n|rated|\n|rule|Species Clause: Limit one of each Pokémon\n|rule|Item Clause: Limit 1 of each item\n|clearpoke\n|poke|p1|Toxapex, L50, F|\n|poke|p1|Pelipper, L50, F|\n|poke|p1|Raichu, L50, M|\n|poke|p1|Sinistcha-Masterpiece, L50|\n|poke|p1|Incineroar, L50, M|\n|poke|p1|Mamoswine, L50, F|\n|poke|p2|Sableye, L50, M|\n|poke|p2|Passimian, L50, M|\n|poke|p2|Politoed, L50, F|\n|poke|p2|Noivern, L50, F|\n|poke|p2|Archaludon, L50, M|\n|poke|p2|Feraligatr, L50, F|\n|teampreview|4\n|\n|t:|1788330008\n|teamsize|p1|4\n|teamsize|p2|4\n|start\n|switch|p1a: Incineroar|Incineroar, L50, M|100/100\n|switch|p1b: Toxapex|Toxapex, L50, F|100/100\n|switch|p2a: Sableye|Sableye, L50, M|100/100\n|switch|p2b: Passimian|Passimian, L50, M|100/100\n|-ability|p1a: Incineroar|Intimidate|boost\n|-unboost|p2a: Sableye|atk|1\n|-unboost|p2b: Passimian|atk|1\n|-ability|p2b: Passimian|Defiant|boost\n|-boost|p2b: Passimian|atk|2\n|turn|1\n|\n|t:|1788330033\n|move|p2b: Passimian|Close Combat|p1a: Incineroar\n|-supereffective|p1a: Incineroar|1\n|-damage|p1a: Incineroar|0 fnt\n|-unboost|p2b: Passimian|def|1\n|-unboost|p2b: Passimian|spd|1\n|faint|p1a: Incineroar\n|move|p2a: Sableye|Knock Off|p1b: Toxapex\n|-damage|p1b: Toxapex|88/100\n|-enditem|p1b: Toxapex|Leftovers|[from] move: Knock Off|[of] p2a: Sableye\n|move|p1b: Toxapex|Toxic|p2a: Sableye\n|-status|p2a: Sableye|tox\n|\n|-damage|p2a: Sableye|94/100 tox|[from] psn\n|upkeep\n|\n|t:|1788330046\n|switch|p1a: Sinistcha|Sinistcha-Masterpiece, L50|100/100\n|-heal|p1b: Toxapex|100/100|[from] ability: Hospitality|[of] p1a: Sinistcha\n|turn|2\n|\n|t:|1788330061\n|move|p1a: Sinistcha|Protect|p1a: Sinistcha\n|-singleturn|p1a: Sinistcha|Protect\n|move|p2a: Sableye|Encore|p1b: Toxapex\n|-start|p1b: Toxapex|Encore\n|move|p2b: Passimian|Acrobatics|p1a: Sinistcha\n|-activate|p1a: Sinistcha|move: Protect\n|move|p1b: Toxapex|Toxic|p2b: Passimian\n|-status|p2b: Passimian|tox\n|\n|-damage|p2b: Passimian|94/100 tox|[from] psn\n|-damage|p2a: Sableye|82/100 tox|[from] psn\n|upkeep\n|turn|3\n|\n|t:|1788330084\n|switch|p1b: Mamoswine|Mamoswine, L50, F|100/100\n|detailschange|p2a: Sableye|Sableye-Mega, L50, M\n|-mega|p2a: Sableye|Sableye|Sablenite\n|move|p2b: Passimian|Acrobatics|p1a: Sinistcha\n|-supereffective|p1a: Sinistcha|1\n|-damage|p1a: Sinistcha|46/100\n|-enditem|p1a: Sinistcha|Sitrus Berry|[eat]\n|-heal|p1a: Sinistcha|70/100|[from] item: Sitrus Berry\n|move|p1a: Sinistcha|Matcha Gotcha|p2a: Sableye|[spread] p2a,p2b\n|-damage|p2a: Sableye|63/100 tox\n|-heal|p1a: Sinistcha|79/100|[from] drain|[of] p2a: Sableye\n|-damage|p2b: Passimian|40/100 tox\n|-heal|p1a: Sinistcha|100/100|[from] drain|[of] p2b: Passimian\n|move|p2a: Sableye|Knock Off|p1a: Sinistcha\n|-supereffective|p1a: Sinistcha|1\n|-damage|p1a: Sinistcha|73/100\n|\n|-damage|p2b: Passimian|29/100 tox|[from] psn\n|-damage|p2a: Sableye|45/100 tox|[from] psn\n|upkeep\n|turn|4\n|\n|t:|1788330120\n|switch|p2b: Politoed|Politoed, L50, F|100/100\n|-weather|RainDance|[from] ability: Drizzle|[of] p2b: Politoed\n|move|p1b: Mamoswine|Protect|p1b: Mamoswine\n|-singleturn|p1b: Mamoswine|Protect\n|move|p1a: Sinistcha|Protect|p1a: Sinistcha\n|-singleturn|p1a: Sinistcha|Protect\n|move|p2a: Sableye|Knock Off|p1b: Mamoswine\n|-activate|p1b: Mamoswine|move: Protect\n|\n|-weather|RainDance|[upkeep]\n|-damage|p2a: Sableye|22/100 tox|[from] psn\n|upkeep\n|turn|5\n|\n|t:|1788330136\n|switch|p1b: Toxapex|Toxapex, L50, F|100/100\n|move|p1a: Sinistcha|Matcha Gotcha|p2a: Sableye|[spread] p2a\n|-miss|p1a: Sinistcha|p2b: Politoed\n|-damage|p2a: Sableye|3/100 tox\n|-heal|p1a: Sinistcha|82/100|[from] drain|[of] p2a: Sableye\n|move|p2b: Politoed|Perish Song|p2b: Politoed\n|-start|p1a: Sinistcha|perish3|[silent]\n|-start|p1b: Toxapex|perish3|[silent]\n|-start|p2a: Sableye|perish3|[silent]\n|-start|p2b: Politoed|perish3|[silent]\n|-fieldactivate|move: Perish Song\n|move|p2a: Sableye|Knock Off|p1b: Toxapex\n|-damage|p1b: Toxapex|91/100\n|\n|-weather|RainDance|[upkeep]\n|-damage|p2a: Sableye|0 fnt|[from] psn\n|faint|p2a: Sableye\n|-start|p1a: Sinistcha|perish3\n|-start|p2b: Politoed|perish3\n|-start|p1b: Toxapex|perish3\n|upkeep\n|\n|t:|1788330151\n|switch|p2a: Archaludon|Archaludon, L50, M|100/100\n|turn|6\n|\n|t:|1788330164\n|-heal|p1b: Toxapex|100/100|[from] ability: Regenerator|[silent]\n|switch|p1b: Mamoswine|Mamoswine, L50, F|100/100\n|move|p2a: Archaludon|Electro Shot||[still]\n|-prepare|p2a: Archaludon|Electro Shot\n|-boost|p2a: Archaludon|spa|1\n|-anim|p2a: Archaludon|Electro Shot|p1a: Sinistcha\n|-resisted|p1a: Sinistcha|1\n|-damage|p1a: Sinistcha|56/100\n|move|p2b: Politoed|Weather Ball|p1b: Mamoswine\n|-supereffective|p1b: Mamoswine|1\n|-damage|p1b: Mamoswine|0 fnt\n|faint|p1b: Mamoswine\n|move|p1a: Sinistcha|Matcha Gotcha|p2b: Politoed|[spread] p2a,p2b\n|-resisted|p2a: Archaludon|2\n|-supereffective|p2b: Politoed|1\n|-damage|p2a: Archaludon|92/100\n|-heal|p1a: Sinistcha|60/100|[from] drain|[of] p2a: Archaludon\n|-damage|p2b: Politoed|63/100\n|-heal|p1a: Sinistcha|80/100|[from] drain|[of] p2b: Politoed\n|-ability|p2a: Archaludon|Stamina|boost\n|-boost|p2a: Archaludon|def|1\n|\n|-weather|RainDance|[upkeep]\n|-heal|p2a: Archaludon|98/100|[from] item: Leftovers\n|-start|p2b: Politoed|perish2\n|-start|p1a: Sinistcha|perish2\n|upkeep\n|\n|t:|1788330189\n|switch|p1b: Toxapex|Toxapex, L50, F|100/100\n|turn|7\n|\n|t:|1788330198\n|move|p2a: Archaludon|Protect|p2a: Archaludon\n|-singleturn|p2a: Archaludon|Protect\n|move|p1a: Sinistcha|Matcha Gotcha|p2b: Politoed|[spread] p2b\n|-activate|p2a: Archaludon|move: Protect\n|-supereffective|p2b: Politoed|1\n|-damage|p2b: Politoed|25/100\n|-heal|p1a: Sinistcha|100/100|[from] drain|[of] p2b: Politoed\n|-enditem|p2b: Politoed|Sitrus Berry|[eat]\n|-heal|p2b: Politoed|50/100g|[from] item: Sitrus Berry\n|move|p2b: Politoed|Weather Ball|p1a: Sinistcha\n|-resisted|p1a: Sinistcha|1\n|-damage|p1a: Sinistcha|80/100\n|move|p1b: Toxapex|Infestation|p2a: Archaludon\n|-activate|p2a: Archaludon|move: Protect\n|\n|-weather|RainDance|[upkeep]\n|-heal|p2a: Archaludon|100/100|[from] item: Leftovers\n|-start|p2b: Politoed|perish1\n|-start|p1a: Sinistcha|perish1\n|upkeep\n|turn|8\n|\n|t:|1788330221\n|move|p1b: Toxapex|Baneful Bunker|p1b: Toxapex\n|-singleturn|p1b: Toxapex|move: Protect\n|move|p2a: Archaludon|Electro Shot||[still]\n|-prepare|p2a: Archaludon|Electro Shot\n|-boost|p2a: Archaludon|spa|1\n|-anim|p2a: Archaludon|Electro Shot|p1b: Toxapex\n|-activate|p1b: Toxapex|move: Protect\n|move|p2b: Politoed|Weather Ball|p1b: Toxapex\n|-activate|p1b: Toxapex|move: Protect\n|move|p1a: Sinistcha|Matcha Gotcha|p2b: Politoed|[spread] p2a,p2b\n|-resisted|p2a: Archaludon|2\n|-supereffective|p2b: Politoed|1\n|-damage|p2a: Archaludon|90/100\n|-heal|p1a: Sinistcha|85/100|[from] drain|[of] p2a: Archaludon\n|-damage|p2b: Politoed|10/100\n|-heal|p1a: Sinistcha|100/100|[from] drain|[of] p2b: Politoed\n|-ability|p2a: Archaludon|Stamina|boost\n|-boost|p2a: Archaludon|def|1\n|\n|-weather|none\n|-heal|p2a: Archaludon|96/100|[from] item: Leftovers\n|-start|p2b: Politoed|perish0\n|-start|p1a: Sinistcha|perish0\n|faint|p2b: Politoed\n|faint|p1a: Sinistcha\n|upkeep\n|\n|t:|1788330226\n|switch|p2b: Passimian|Passimian, L50, M|29/100 tox\n|turn|9\n|\n|t:|1788330245\n|move|p2a: Archaludon|Dark Pulse|p1b: Toxapex\n|-damage|p1b: Toxapex|52/100\n|move|p2b: Passimian|Close Combat|p1b: Toxapex\n|-resisted|p1b: Toxapex|1\n|-damage|p1b: Toxapex|33/100\n|-unboost|p2b: Passimian|def|1\n|-unboost|p2b: Passimian|spd|1\n|move|p1b: Toxapex|Infestation|p2a: Archaludon\n|-resisted|p2a: Archaludon|1\n|-damage|p2a: Archaludon|94/100\n|-activate|p2a: Archaludon|move: Infestation|[of] p1b: Toxapex\n|-ability|p2a: Archaludon|Stamina|boost\n|-boost|p2a: Archaludon|def|1\n|\n|-heal|p2a: Archaludon|100/100|[from] item: Leftovers\n|-damage|p2b: Passimian|23/100 tox|[from] psn\n|-damage|p2a: Archaludon|87/100|[from] move: Infestation|[partiallytrapped]\n|upkeep\n|turn|10\n|\n|t:|1788330261\n|move|p1b: Toxapex|Baneful Bunker|p1b: Toxapex\n|-singleturn|p1b: Toxapex|move: Protect\n|move|p2a: Archaludon|Dark Pulse|p1b: Toxapex\n|-activate|p1b: Toxapex|move: Protect\n|move|p2b: Passimian|Close Combat|p1b: Toxapex\n|-activate|p1b: Toxapex|move: Protect\n|\n|-heal|p2a: Archaludon|93/100|[from] item: Leftovers\n|-damage|p2b: Passimian|12/100 tox|[from] psn\n|-damage|p2a: Archaludon|81/100|[from] move: Infestation|[partiallytrapped]\n|upkeep\n|turn|11\n|\n|t:|1788330273\n|move|p1b: Toxapex|Baneful Bunker|p1b: Toxapex\n|-singleturn|p1b: Toxapex|move: Protect\n|move|p2a: Archaludon|Dark Pulse|p1b: Toxapex\n|-activate|p1b: Toxapex|move: Protect\n|move|p2b: Passimian|Close Combat|p1b: Toxapex\n|-activate|p1b: Toxapex|move: Protect\n|\n|-heal|p2a: Archaludon|87/100|[from] item: Leftovers\n|-damage|p2b: Passimian|0 fnt|[from] psn\n|faint|p2b: Passimian\n|-damage|p2a: Archaludon|75/100|[from] move: Infestation|[partiallytrapped]\n|upkeep\n|turn|12\n|\n|t:|1788330289\n|move|p2a: Archaludon|Dark Pulse|p1b: Toxapex\n|-damage|p1b: Toxapex|0 fnt\n|faint|p1b: Toxapex\n|\n|win|2amim\n|raw|Brave_BumBleBee248's rating: 1042 &rarr; <strong>1026</strong><br />(-16 for losing)\n|raw|2amim's rating: 1040 &rarr; <strong>1074</strong><br />(+34 for winning)\n","uploadtime":1788330295,"views":"3","formatid":"gen9championsvgc2026regmb","rating":1026,"private":0,"password":null}