{"id":"gen9championsvgc2026regmbbo3-2673379516","format":"[Gen 9 Champions] VGC 2026 Reg M-B (Bo3)","players":["lucashero","delfin679"],"log":"|j|☆delfin679\n|html|<table width=\"100%\"><tr><td align=\"left\">lucashero</td><td align=\"right\">delfin679</tr><tr><td align=\"left\"><i class=\"fa fa-circle-o\"></i> <i class=\"fa fa-circle-o\"></i> </td><td align=\"right\"><i class=\"fa fa-circle-o\"></i> <i class=\"fa fa-circle\"></i> </tr></table>\n|uhtml|bestof|<h2><strong>Game 2</strong> of <a href=\"/game-bestof3-gen9championsvgc2026regmbbo3-2673377877\">a best-of-3</a></h2>\n|t:|1788190609\n|gametype|doubles\n|player|p1|lucashero|102|1108\n|player|p2|delfin679|101|1155\n|gen|9\n|tier|[Gen 9 Champions] VGC 2026 Reg M-B (Bo3)\n|rated|\n|rule|Species Clause: Limit one of each Pokémon\n|rule|Item Clause: Limit 1 of each item\n|clearpoke\n|poke|p1|Golurk, L50, shiny|\n|poke|p1|Jolteon, L50, F, shiny|\n|poke|p1|Samurott-Hisui, L50, M, shiny|\n|poke|p1|Emolga, L50, F, shiny|\n|poke|p1|Chimecho, L50, F, shiny|\n|poke|p1|Clefable, L50, F, shiny|\n|poke|p2|Tyranitar, L50, F, shiny|\n|poke|p2|Excadrill, L50, M, shiny|\n|poke|p2|Gyarados, L50, F, shiny|\n|poke|p2|Sinistcha, L50, shiny|\n|poke|p2|Pyroar, L50, M, shiny|\n|poke|p2|Whimsicott, L50, F|\n|teampreview|4\n|showteam|p1|Golurk||Golurkite|IronFist|Protect,RockSlide,Poltergeist,HeadlongRush|Brave|||||50|]Jolteon||ShucaBerry|VoltAbsorb|Yawn,Protect,Discharge,LightScreen|Timid||F|||50|]Samurott-Hisui||ScopeLens|Sharpness|FlipTurn,AquaCutter,SacredSword,CeaselessEdge|Jolly||M|||50|]Emolga||FocusSash|MotorDrive|Nuzzle,Protect,AirSlash,Discharge|Mild||F|||50|]Chimecho||ColburBerry|Levitate|Protect,TrickRoom,PsychicNoise,HelpingHand|Modest||F|||50|]Clefable||SitrusBerry|Unaware|Protect,Moonblast,CalmMind,Flamethrower|Modest||F|||50|\n|showteam|p2|Tyranitar||ChoiceScarf|SandStream|RockSlide,KnockOff,LowKick,IcePunch|Jolly||F|||50|]Excadrill||FocusSash|SandRush|RockSlide,IronHead,HighHorsepower,Protect|Adamant||M|||50|]Gyarados||Gyaradosite|Intimidate|LashOut,Waterfall,DragonDance,Protect|Adamant||F|||50|]Sinistcha||KasibBerry|Hospitality|MatchaGotcha,RagePowder,TrickRoom,Protect|Calm|||||50|]Pyroar||Pyroarite|Rivalry|Overheat,Protect,HeatWave,SolarBeam|Timid||M|||50|]Whimsicott||OccaBerry|Prankster|Moonblast,Tailwind,SunnyDay,Protect|Timid||F|||50|\n|j|☆lucashero\n|player|p1|lucashero|102|\n|inactive|Battle timer is ON: inactive players will automatically lose when time's up. (requested by lucashero)\n|l|☆delfin679\n|inactive|delfin679 disconnected and has a minute to reconnect!\n|player|p2|\n|\n|t:|1788190630\n|teamsize|p1|4\n|teamsize|p2|4\n|start\n|switch|p1a: LINDA-LAMPENIUS|Chimecho, L50, F, shiny|100/100\n|switch|p1b: JONAS-LOVV|Golurk, L50, shiny|100/100\n|switch|p2a: Pyroar|Pyroar, L50, M, shiny|100/100\n|switch|p2b: Whimsicott|Whimsicott, L50, F|100/100\n|turn|1\n|j|☆delfin679\n|inactive|delfin679 reconnected and has 55 seconds left.\n|player|p2|delfin679|101|\n|l|☆delfin679\n|inactive|delfin679 disconnected and has a minute to reconnect!\n|player|p2|\n|inactive|delfin679 has 30 seconds left.\n|j|☆delfin679\n|inactive|delfin679 reconnected and has 30 seconds left.\n|player|p2|delfin679|101|\n|\n|t:|1788190665\n|detailschange|p2a: Pyroar|Pyroar-Mega, L50, M, shiny\n|-mega|p2a: Pyroar|Pyroar|Pyroarite\n|detailschange|p1b: JONAS-LOVV|Golurk-Mega, L50, shiny\n|-mega|p1b: JONAS-LOVV|Golurk|Golurkite\n|move|p1a: LINDA-LAMPENIUS|Protect|p1a: LINDA-LAMPENIUS\n|-singleturn|p1a: LINDA-LAMPENIUS|Protect\n|move|p2b: Whimsicott|Sunny Day|p2b: Whimsicott\n|-weather|SunnyDay\n|move|p2a: Pyroar|Heat Wave|p1b: JONAS-LOVV|[spread] p1b\n|-activate|p1a: LINDA-LAMPENIUS|move: Protect\n|-damage|p1b: JONAS-LOVV|33/100\n|move|p1b: JONAS-LOVV|Headlong Rush|p2a: Pyroar\n|-supereffective|p2a: Pyroar|1\n|-damage|p2a: Pyroar|0 fnt\n|-unboost|p1b: JONAS-LOVV|def|1\n|-unboost|p1b: JONAS-LOVV|spd|1\n|faint|p2a: Pyroar\n|\n|-weather|SunnyDay|[upkeep]\n|upkeep\n|\n|t:|1788190680\n|switch|p2a: Excadrill|Excadrill, L50, M, shiny|100/100\n|turn|2\n|\n|t:|1788190688\n|move|p1b: JONAS-LOVV|Protect|p1b: JONAS-LOVV\n|-singleturn|p1b: JONAS-LOVV|Protect\n|move|p2b: Whimsicott|Moonblast|p1b: JONAS-LOVV\n|-activate|p1b: JONAS-LOVV|move: Protect\n|move|p2a: Excadrill|High Horsepower|p1a: LINDA-LAMPENIUS\n|-immune|p1a: LINDA-LAMPENIUS|[from] ability: Levitate\n|move|p1a: LINDA-LAMPENIUS|Trick Room|p1a: LINDA-LAMPENIUS\n|-fieldstart|move: Trick Room|[of] p1a: LINDA-LAMPENIUS\n|\n|-weather|SunnyDay|[upkeep]\n|upkeep\n|turn|3\n|l|☆delfin679\n|inactive|delfin679 disconnected and has a minute to reconnect!\n|player|p2|\n|j|☆delfin679\n|inactive|delfin679 reconnected and has 35 seconds left.\n|player|p2|delfin679|101|\n|inactive|delfin679 has 30 seconds left.\n|inactive|delfin679 has 20 seconds left.\n|\n|t:|1788190726\n|move|p1b: JONAS-LOVV|Headlong Rush|p2a: Excadrill\n|-supereffective|p2a: Excadrill|1\n|-enditem|p2a: Excadrill|Focus Sash\n|-damage|p2a: Excadrill|1/100\n|-unboost|p1b: JONAS-LOVV|def|1\n|-unboost|p1b: JONAS-LOVV|spd|1\n|move|p1a: LINDA-LAMPENIUS|Psychic Noise|p2b: Whimsicott\n|-damage|p2b: Whimsicott|62/100\n|-start|p2b: Whimsicott|move: Heal Block\n|move|p2a: Excadrill|High Horsepower|p1a: LINDA-LAMPENIUS\n|-immune|p1a: LINDA-LAMPENIUS|[from] ability: Levitate\n|move|p2b: Whimsicott|Moonblast|p1b: JONAS-LOVV\n|-damage|p1b: JONAS-LOVV|0 fnt\n|faint|p1b: JONAS-LOVV\n|\n|-weather|SunnyDay|[upkeep]\n|upkeep\n|l|☆delfin679\n|inactive|delfin679 disconnected and has a minute to reconnect!\n|player|p2|\n|\n|t:|1788190750\n|switch|p1b: DILBA|Clefable, L50, F, shiny|100/100\n|turn|4\n|j|☆delfin679\n|inactive|delfin679 reconnected and has 45 seconds left.\n|player|p2|delfin679|101|\n|\n|t:|1788190771\n|move|p2b: Whimsicott|Protect|p2b: Whimsicott\n|-singleturn|p2b: Whimsicott|Protect\n|move|p2a: Excadrill|Protect|p2a: Excadrill\n|-singleturn|p2a: Excadrill|Protect\n|move|p1b: DILBA|Calm Mind|p1b: DILBA\n|-boost|p1b: DILBA|spa|1\n|-boost|p1b: DILBA|spd|1\n|move|p1a: LINDA-LAMPENIUS|Psychic Noise|p2a: Excadrill\n|-activate|p2a: Excadrill|move: Protect\n|\n|-weather|SunnyDay|[upkeep]\n|-end|p2b: Whimsicott|move: Heal Block\n|upkeep\n|turn|5\n|\n|t:|1788190785\n|switch|p2a: Tyranitar|Tyranitar, L50, F, shiny|100/100\n|-weather|Sandstorm|[from] ability: Sand Stream|[of] p2a: Tyranitar\n|move|p1b: DILBA|Flamethrower|p2b: Whimsicott\n|-supereffective|p2b: Whimsicott|1\n|-enditem|p2b: Whimsicott|Occa Berry|[eat]\n|-enditem|p2b: Whimsicott|Occa Berry|[weaken]\n|-damage|p2b: Whimsicott|2/100\n|move|p1a: LINDA-LAMPENIUS|Psychic Noise|p2a: Tyranitar\n|-immune|p2a: Tyranitar\n|move|p2b: Whimsicott|Moonblast|p1b: DILBA\n|-damage|p1b: DILBA|82/100\n|\n|-weather|Sandstorm|[upkeep]\n|-damage|p1b: DILBA|76/100|[from] Sandstorm\n|-damage|p1a: LINDA-LAMPENIUS|93/100|[from] Sandstorm\n|-damage|p2b: Whimsicott|0 fnt|[from] Sandstorm\n|faint|p2b: Whimsicott\n|upkeep\n|l|☆delfin679\n|inactive|delfin679 disconnected and has a minute to reconnect!\n|player|p2|\n|j|☆delfin679\n|inactive|delfin679 reconnected and has 35 seconds left.\n|player|p2|delfin679|101|\n|inactive|delfin679 has 30 seconds left.\n|\n|t:|1788190812\n|switch|p2b: Excadrill|Excadrill, L50, M, shiny|1/100\n|turn|6\n|\n|t:|1788190828\n|move|p2b: Excadrill|Protect|p2b: Excadrill\n|-singleturn|p2b: Excadrill|Protect\n|move|p1b: DILBA|Moonblast|p2a: Tyranitar\n|-supereffective|p2a: Tyranitar|1\n|-damage|p2a: Tyranitar|5/100\n|move|p1a: LINDA-LAMPENIUS|Psychic Noise|p2b: Excadrill\n|-activate|p2b: Excadrill|move: Protect\n|move|p2a: Tyranitar|Knock Off|p1a: LINDA-LAMPENIUS\n|-supereffective|p1a: LINDA-LAMPENIUS|1\n|-enditem|p1a: LINDA-LAMPENIUS|Colbur Berry|[eat]\n|-enditem|p1a: LINDA-LAMPENIUS|Colbur Berry|[weaken]\n|-damage|p1a: LINDA-LAMPENIUS|45/100\n|\n|-weather|Sandstorm|[upkeep]\n|-damage|p1b: DILBA|70/100|[from] Sandstorm\n|-damage|p1a: LINDA-LAMPENIUS|39/100|[from] Sandstorm\n|-fieldend|move: Trick Room\n|upkeep\n|turn|7\n|inactive|lucashero has 30 seconds left.\n|inactive|lucashero has 20 seconds left.\n|inactive|lucashero has 15 seconds left.\n|inactive|lucashero has 10 seconds left.\n|inactive|lucashero has 5 seconds left.\n|\n|t:|1788190883\n|move|p1a: LINDA-LAMPENIUS|Protect|p1a: LINDA-LAMPENIUS\n|-singleturn|p1a: LINDA-LAMPENIUS|Protect\n|move|p1b: DILBA|Protect|p1b: DILBA\n|-singleturn|p1b: DILBA|Protect\n|move|p2b: Excadrill|Iron Head|p1b: DILBA\n|-activate|p1b: DILBA|move: Protect\n|move|p2a: Tyranitar|Knock Off|p1a: LINDA-LAMPENIUS\n|-activate|p1a: LINDA-LAMPENIUS|move: Protect\n|\n|-weather|Sandstorm|[upkeep]\n|-damage|p1a: LINDA-LAMPENIUS|33/100|[from] Sandstorm\n|-damage|p1b: DILBA|64/100|[from] Sandstorm\n|upkeep\n|turn|8\n|inactive|lucashero has 30 seconds left.\n|\n|t:|1788190910\n|move|p1a: LINDA-LAMPENIUS|Protect||[still]\n|-fail|p1a: LINDA-LAMPENIUS\n|move|p1b: DILBA|Protect||[still]\n|-fail|p1b: DILBA\n|move|p2b: Excadrill|Iron Head|p1b: DILBA\n|-supereffective|p1b: DILBA|1\n|-damage|p1b: DILBA|0 fnt\n|faint|p1b: DILBA\n|move|p2a: Tyranitar|Knock Off|p1a: LINDA-LAMPENIUS\n|-supereffective|p1a: LINDA-LAMPENIUS|1\n|-damage|p1a: LINDA-LAMPENIUS|0 fnt\n|faint|p1a: LINDA-LAMPENIUS\n|\n|-weather|Sandstorm|[upkeep]\n|upkeep\n|l|☆delfin679\n|inactive|delfin679 disconnected and has a minute to reconnect!\n|player|p2|\n|\n|t:|1788190930\n|switch|p1b: SØREN-TORPEGAARD|Samurott-Hisui, L50, M, shiny|100/100\n|turn|9\n|j|☆delfin679\n|inactive|delfin679 reconnected and has 55 seconds left.\n|player|p2|delfin679|101|\n|inactive|lucashero has 30 seconds left.\n|\n|t:|1788190958\n|move|p2b: Excadrill|High Horsepower|p1b: SØREN-TORPEGAARD\n|-damage|p1b: SØREN-TORPEGAARD|22/100\n|move|p2a: Tyranitar|Knock Off|p1b: SØREN-TORPEGAARD\n|-resisted|p1b: SØREN-TORPEGAARD|1\n|-damage|p1b: SØREN-TORPEGAARD|0 fnt\n|-enditem|p1b: SØREN-TORPEGAARD|Scope Lens|[from] move: Knock Off|[of] p2a: Tyranitar\n|faint|p1b: SØREN-TORPEGAARD\n|\n|win|delfin679\n|raw|lucashero's rating: 1108 &rarr; <strong>1086</strong><br />(-22 for losing)\n|raw|delfin679's rating: 1155 &rarr; <strong>1177</strong><br />(+22 for winning)\n|l|☆delfin679\n|player|p2|\n|l|☆lucashero\n|player|p1|\n|j|☆delfin679\n|player|p2|delfin679|101|\n|l|☆delfin679\n|player|p2|\n|j|☆lucashero\n|player|p1|lucashero|102|\n","uploadtime":1788191034,"views":"5","formatid":"gen9championsvgc2026regmbbo3","rating":1086,"private":0,"password":null}