{"id":"gen9championsvgc2026regmb-2674698921","format":"[Gen 9 Champions] VGC 2026 Reg M-B","players":["ImSoCalamari","phaazemaster"],"log":"|j|☆ImSoCalamari\n|j|☆phaazemaster\n|t:|1788392373\n|gametype|doubles\n|player|p1|ImSoCalamari|aromalady|1146\n|player|p2|phaazemaster|schoolkid-gen4dp|1181\n|gen|9\n|tier|[Gen 9 Champions] VGC 2026 Reg M-B\n|rated|\n|rule|Species Clause: Limit one of each Pokémon\n|rule|Item Clause: Limit 1 of each item\n|clearpoke\n|poke|p1|Sylveon, L50, M|\n|poke|p1|Raichu, L50, M|\n|poke|p1|Staraptor, L50, F|\n|poke|p1|Arcanine-Hisui, L50, M|\n|poke|p1|Farigiraf, L50, M|\n|poke|p1|Kingambit, L50, F|\n|poke|p2|Whimsicott, L50, M|\n|poke|p2|Zoroark-Hisui, L50, M|\n|poke|p2|Gholdengo, L50|\n|poke|p2|Garchomp, L50, M|\n|poke|p2|Farigiraf, L50, F|\n|poke|p2|Lucario, L50, F|\n|teampreview|4\n|inactive|Battle timer is ON: inactive players will automatically lose when time's up. (requested by phaazemaster)\n|inactive|ImSoCalamari has 60 seconds left.\n|inactive|phaazemaster has 60 seconds left.\n|\n|t:|1788392432\n|teamsize|p1|4\n|teamsize|p2|4\n|start\n|switch|p1a: Staraptor|Staraptor, L50, F|100/100\n|switch|p1b: Arcanine|Arcanine-Hisui, L50, M|100/100\n|switch|p2a: Lucario|Lucario, L50, F|100/100\n|switch|p2b: Gholdengo|Gholdengo, L50|100/100\n|-ability|p1a: Staraptor|Intimidate|boost\n|-unboost|p2a: Lucario|atk|1\n|-unboost|p2b: Gholdengo|atk|1\n|turn|1\n|inactive|ImSoCalamari has 30 seconds left.\n|inactive|phaazemaster has 30 seconds left.\n|inactive|ImSoCalamari has 20 seconds left.\n|inactive|phaazemaster has 20 seconds left.\n|\n|t:|1788392469\n|detailschange|p1a: Staraptor|Staraptor-Mega, L50, F\n|-mega|p1a: Staraptor|Staraptor|Staraptite\n|move|p2b: Gholdengo|Protect|p2b: Gholdengo\n|-singleturn|p2b: Gholdengo|Protect\n|move|p2a: Lucario|Bitter Malice|p1b: Arcanine\n|-damage|p1b: Arcanine|55/100\n|-unboost|p1b: Arcanine|atk|1\n|move|p1a: Staraptor|Tailwind|p1a: Staraptor\n|-sidestart|p1: ImSoCalamari|move: Tailwind\n|move|p1b: Arcanine|Flare Blitz|p2a: Lucario\n|-damage|p2a: Lucario|24/100\n|replace|p2a: Zoroark|Zoroark-Hisui, L50, M\n|-end|p2a: Zoroark|Illusion\n|\n|upkeep\n|turn|2\n|inactive|ImSoCalamari has 30 seconds left.\n|inactive|phaazemaster has 30 seconds left.\n|inactive|ImSoCalamari has 20 seconds left.\n|inactive|phaazemaster has 20 seconds left.\n|inactive|ImSoCalamari has 15 seconds left.\n|inactive|phaazemaster has 15 seconds left.\n|inactive|phaazemaster has 10 seconds left.\n|inactive|ImSoCalamari has 10 seconds left.\n|\n|t:|1788392521\n|switch|p2b: Whimsicott|Whimsicott, L50, M|100/100\n|move|p1a: Staraptor|Dual Wingbeat|p2a: Zoroark\n|-damage|p2a: Zoroark|0 fnt\n|faint|p2a: Zoroark\n|-hitcount|p2: Zoroark|1\n|move|p1b: Arcanine|Flare Blitz|p2b: Whimsicott\n|-supereffective|p2b: Whimsicott|1\n|-damage|p2b: Whimsicott|12/100\n|\n|upkeep\n|\n|t:|1788392540\n|switch|p2a: Gholdengo|Gholdengo, L50|100/100\n|turn|3\n|inactive|ImSoCalamari has 30 seconds left.\n|\n|t:|1788392566\n|switch|p1b: Kingambit|Kingambit, L50, F|100/100\n|move|p2a: Gholdengo|Protect|p2a: Gholdengo\n|-singleturn|p2a: Gholdengo|Protect\n|move|p2b: Whimsicott|Tailwind|p2b: Whimsicott\n|-sidestart|p2: phaazemaster|move: Tailwind\n|move|p1a: Staraptor|Close Combat|p2b: Whimsicott\n|-resisted|p2b: Whimsicott|1\n|-damage|p2b: Whimsicott|0 fnt\n|-boost|p1a: Staraptor|def|1\n|-boost|p1a: Staraptor|spd|1\n|faint|p2b: Whimsicott\n|\n|upkeep\n|\n|t:|1788392579\n|switch|p2b: Lucario|Lucario, L50, F|100/100\n|turn|4\n|\n|t:|1788392599\n|detailschange|p2b: Lucario|Lucario-Mega, L50, F\n|-mega|p2b: Lucario|Lucario|Lucarionite\n|move|p2b: Lucario|Protect|p2b: Lucario\n|-singleturn|p2b: Lucario|Protect\n|move|p1b: Kingambit|Sucker Punch||[still]\n|-fail|p1b: Kingambit\n|move|p1a: Staraptor|Close Combat|p2b: Lucario\n|-activate|p2b: Lucario|move: Protect\n|move|p2a: Gholdengo|Nasty Plot|p2a: Gholdengo\n|-boost|p2a: Gholdengo|spa|2\n|\n|-sideend|p1: ImSoCalamari|move: Tailwind\n|upkeep\n|turn|5\n|inactive|phaazemaster has 30 seconds left.\n|\n|t:|1788392631\n|move|p1b: Kingambit|Sucker Punch|p2a: Gholdengo\n|-supereffective|p2a: Gholdengo|1\n|-damage|p2a: Gholdengo|3/100\n|-damage|p1b: Kingambit|90/100|[from] item: Life Orb\n|move|p2b: Lucario|Close Combat|p1b: Kingambit\n|-supereffective|p1b: Kingambit|2\n|-damage|p1b: Kingambit|0 fnt\n|-unboost|p2b: Lucario|def|1\n|-unboost|p2b: Lucario|spd|1\n|faint|p1b: Kingambit\n|move|p2a: Gholdengo|Shadow Ball|p1a: Staraptor\n|-damage|p1a: Staraptor|18/100\n|-damage|p2a: Gholdengo|0 fnt|[from] item: Life Orb\n|faint|p2a: Gholdengo\n|move|p1a: Staraptor|Close Combat|p2b: Lucario\n|-supereffective|p2b: Lucario|1\n|-damage|p2b: Lucario|0 fnt\n|-boost|p1a: Staraptor|def|1\n|-boost|p1a: Staraptor|spd|1\n|faint|p2b: Lucario\n|\n|win|ImSoCalamari\n|raw|ImSoCalamari's rating: 1146 &rarr; <strong>1174</strong><br />(+28 for winning)\n|raw|phaazemaster's rating: 1181 &rarr; <strong>1153</strong><br />(-28 for losing)\n|l|☆phaazemaster\n|player|p2|\n","uploadtime":1788392757,"views":"3","formatid":"gen9championsvgc2026regmb","rating":1153,"private":0,"password":null}