{"id":"gen9championsvgc2026regmb-2674209233","format":"[Gen 9 Champions] VGC 2026 Reg M-B","players":["PKMNSGaming!","Donjozo"],"log":"|j|☆PKMNSGaming!\n|j|☆Donjozo\n|html|<table width=\"100%\"><tr><td align=\"left\">PKMNSGaming!</td><td align=\"right\">Donjozo</tr><tr><td align=\"left\"><i class=\"fa fa-circle\"></i> <i class=\"fa fa-circle-o\"></i> </td><td align=\"right\"><i class=\"fa fa-circle-o\"></i> <i class=\"fa fa-circle-o\"></i> </tr></table>\n|uhtml|bestof|<h2><strong>Game 2</strong> of <a href=\"/game-bestof3-gen9championsvgc2026regmb-2674207430\">a best-of-3</a></h2>\n|t:|1788315824\n|gametype|doubles\n|player|p1|PKMNSGaming!|hilda|\n|player|p2|Donjozo|guzma|\n|gen|9\n|tier|[Gen 9 Champions] VGC 2026 Reg M-B\n|rule|Species Clause: Limit one of each Pokémon\n|rule|Item Clause: Limit 1 of each item\n|raw|<div class=\"infobox\"><details class=\"readmore\" open><summary><strong>2 custom rules:</strong></summary> Best of = 3, !OpenTeamSheets</details></div>\n|clearpoke\n|poke|p1|Aerodactyl, L50, F|\n|poke|p1|Milotic, L50, F|\n|poke|p1|Clefable, L50, M|\n|poke|p1|Floette-Eternal, L50, F|\n|poke|p1|Kangaskhan, L50, F|\n|poke|p1|Krookodile, L50, F|\n|poke|p2|Charizard, L50, F|\n|poke|p2|Aerodactyl, L50, F|\n|poke|p2|Sableye, L50, F|\n|poke|p2|Venusaur, L50, M|\n|poke|p2|Alakazam, L50, F|\n|poke|p2|Oranguru, L50, F|\n|teampreview|4\n|\n|t:|1788315860\n|teamsize|p1|4\n|teamsize|p2|4\n|start\n|switch|p1a: Aerodactyl|Aerodactyl, L50, F|100/100\n|switch|p1b: Kangaskhan|Kangaskhan, L50, F|100/100\n|switch|p2a: Aerodactyl|Aerodactyl, L50, F|100/100\n|switch|p2b: Sableye|Sableye, L50, F|100/100\n|-ability|p1a: Aerodactyl|Unnerve\n|-ability|p2a: Aerodactyl|Unnerve\n|turn|1\n|\n|t:|1788315902\n|move|p1b: Kangaskhan|Fake Out|p2b: Sableye\n|-damage|p2b: Sableye|80/100\n|cant|p2b: Sableye|flinch\n|move|p1a: Aerodactyl|Tailwind|p1a: Aerodactyl\n|-sidestart|p1: PKMNSGaming!|move: Tailwind\n|move|p2a: Aerodactyl|Iron Head|p1a: Aerodactyl\n|-supereffective|p1a: Aerodactyl|1\n|-damage|p1a: Aerodactyl|0 fnt\n|faint|p1a: Aerodactyl\n|\n|upkeep\n|\n|t:|1788315911\n|switch|p1a: Floette|Floette-Eternal, L50, F|100/100\n|turn|2\n|\n|t:|1788315923\n|detailschange|p1a: Floette|Floette-Mega, L50, F\n|-mega|p1a: Floette|Floette|Floettite\n|-ability|p1a: Floette|Fairy Aura\n|move|p1b: Kangaskhan|Protect|p1b: Kangaskhan\n|-singleturn|p1b: Kangaskhan|Protect\n|move|p2b: Sableye|Encore|p1b: Kangaskhan\n|-activate|p1b: Kangaskhan|move: Protect\n|move|p1a: Floette|Moonblast|p2b: Sableye\n|-supereffective|p2b: Sableye|1\n|-damage|p2b: Sableye|0 fnt\n|faint|p2b: Sableye\n|move|p2a: Aerodactyl|Iron Head|p1a: Floette\n|-supereffective|p1a: Floette|1\n|-damage|p1a: Floette|13/100\n|\n|upkeep\n|\n|t:|1788315937\n|switch|p2b: Venusaur|Venusaur, L50, M|100/100\n|turn|3\n|\n|t:|1788315949\n|move|p1a: Floette|Moonblast|p2a: Aerodactyl\n|-damage|p2a: Aerodactyl|4/100\n|-unboost|p2a: Aerodactyl|spa|1\n|move|p1b: Kangaskhan|Double-Edge|p2a: Aerodactyl\n|-resisted|p2a: Aerodactyl|1\n|-damage|p2a: Aerodactyl|0 fnt\n|faint|p2a: Aerodactyl\n|-damage|p1b: Kangaskhan|98/100|[from] Recoil\n|move|p2b: Venusaur|Giga Drain|p1a: Floette\n|-damage|p1a: Floette|0 fnt\n|faint|p1a: Floette\n|\n|upkeep\n|\n|t:|1788315959\n|switch|p2a: Charizard|Charizard, L50, F|100/100\n|switch|p1a: Milotic|Milotic, L50, F|100/100\n|turn|4\n|\n|t:|1788315977\n|detailschange|p2a: Charizard|Charizard-Mega-Y, L50, F\n|-mega|p2a: Charizard|Charizard|Charizardite Y\n|-weather|SunnyDay|[from] ability: Drought|[of] p2a: Charizard\n|move|p1a: Milotic|Protect|p1a: Milotic\n|-singleturn|p1a: Milotic|Protect\n|move|p1b: Kangaskhan|Double-Edge|p2b: Venusaur\n|-damage|p2b: Venusaur|24/100\n|-damage|p1b: Kangaskhan|76/100|[from] Recoil\n|move|p2b: Venusaur|Giga Drain|p1b: Kangaskhan\n|-damage|p1b: Kangaskhan|38/100\n|-heal|p2b: Venusaur|45/100|[from] drain|[of] p1b: Kangaskhan\n|move|p2a: Charizard|Weather Ball|p1b: Kangaskhan\n|-damage|p1b: Kangaskhan|0 fnt\n|faint|p1b: Kangaskhan\n|\n|-weather|SunnyDay|[upkeep]\n|-sideend|p1: PKMNSGaming!|move: Tailwind\n|upkeep\n|turn|5\n|\n|t:|1788315993\n|move|p2b: Venusaur|Giga Drain|p1a: Milotic\n|-supereffective|p1a: Milotic|1\n|-damage|p1a: Milotic|58/100\n|-heal|p2b: Venusaur|70/100|[from] drain|[of] p1a: Milotic\n|move|p2a: Charizard|Solar Beam||[still]\n|-prepare|p2a: Charizard|Solar Beam\n|-anim|p2a: Charizard|Solar Beam|p1a: Milotic\n|-supereffective|p1a: Milotic|1\n|-damage|p1a: Milotic|2/100\n|move|p1a: Milotic|Icy Wind|p2a: Charizard|[spread] p2a,p2b\n|-supereffective|p2b: Venusaur|1\n|-damage|p2a: Charizard|89/100\n|-damage|p2b: Venusaur|50/100y\n|-unboost|p2a: Charizard|spe|1\n|-unboost|p2b: Venusaur|spe|1\n|\n|-weather|SunnyDay|[upkeep]\n|-heal|p1a: Milotic|8/100|[from] item: Leftovers\n|upkeep\n|turn|6\n|\n|t:|1788315999\n|move|p2b: Venusaur|Giga Drain|p1a: Milotic\n|-supereffective|p1a: Milotic|1\n|-damage|p1a: Milotic|0 fnt\n|-heal|p2b: Venusaur|55/100|[from] drain|[of] p1a: Milotic\n|faint|p1a: Milotic\n|\n|win|Donjozo\n||Donjozo is ready for game 3.\n||PKMNSGaming! is ready for game 3.\n|uhtml|next|Next: <a href=\"/battle-gen9championsvgc2026regmb-2674210306\"><strong>Game 3 of 3</strong></a>\n","uploadtime":1788316006,"views":"0","formatid":"gen9championsvgc2026regmb","rating":null,"private":0,"password":null}