{"id":"gen9championsvgc2026regmb-2674743005","format":"[Gen 9 Champions] VGC 2026 Reg M-B","players":["gemifi996644","poopyfartyfart"],"log":"|j|☆gemifi996644\n|j|☆poopyfartyfart\n|t:|1788399225\n|gametype|doubles\n|player|p1|gemifi996644|2|1074\n|player|p2|poopyfartyfart|101|1077\n|gen|9\n|tier|[Gen 9 Champions] VGC 2026 Reg M-B\n|rated|\n|rule|Species Clause: Limit one of each Pokémon\n|rule|Item Clause: Limit 1 of each item\n|clearpoke\n|poke|p1|Simipour, L50, M|\n|poke|p1|Simisage, L50, M|\n|poke|p1|Simisear, L50, F|\n|poke|p1|Watchog, L50, M|\n|poke|p1|Emolga, L50, F|\n|poke|p1|Pidgeot, L50, F|\n|poke|p2|Volcarona, L50, F|\n|poke|p2|Sinistcha, L50|\n|poke|p2|Scovillain, L50, F|\n|poke|p2|Delphox, L50, M|\n|poke|p2|Annihilape, L50, M|\n|poke|p2|Farigiraf, L50, M|\n|teampreview|4\n|\n|t:|1788399249\n|teamsize|p1|4\n|teamsize|p2|4\n|start\n|switch|p1a: Simisear|Simisear, L50, F|100/100\n|switch|p1b: Watchog|Watchog, L50, M|100/100\n|switch|p2a: Volcarona|Volcarona, L50, F|100/100\n|switch|p2b: Delphox|Delphox, L50, M|100/100\n|turn|1\n|\n|t:|1788399260\n|detailschange|p2b: Delphox|Delphox-Mega, L50, M\n|-mega|p2b: Delphox|Delphox|Delphoxite\n|move|p1a: Simisear|Fake Out|p2b: Delphox\n|-damage|p2b: Delphox|84/100\n|move|p2a: Volcarona|Rage Powder|p2a: Volcarona\n|-singleturn|p2a: Volcarona|move: Rage Powder\n|cant|p2b: Delphox|flinch\n|move|p1b: Watchog|Swords Dance|p1b: Watchog\n|-boost|p1b: Watchog|atk|2\n|\n|upkeep\n|turn|2\n|\n|t:|1788399275\n|move|p2a: Volcarona|Rage Powder|p2a: Volcarona\n|-singleturn|p2a: Volcarona|move: Rage Powder\n|move|p2b: Delphox|Nasty Plot|p2b: Delphox\n|-boost|p2b: Delphox|spa|2\n|move|p1a: Simisear|Rock Slide|p2a: Volcarona|[spread] p2a,p2b\n|-supereffective|p2a: Volcarona|2\n|-supereffective|p2b: Delphox|1\n|-damage|p2a: Volcarona|56/100\n|-damage|p2b: Delphox|45/100\n|move|p1b: Watchog|Swords Dance|p1b: Watchog\n|-boost|p1b: Watchog|atk|2\n|\n|upkeep\n|turn|3\n|\n|t:|1788399294\n|move|p1b: Watchog|Protect|p1b: Watchog\n|-singleturn|p1b: Watchog|Protect\n|move|p2b: Delphox|Heat Wave|p1b: Watchog|[spread] p1a\n|-activate|p1b: Watchog|move: Protect\n|-resisted|p1a: Simisear|1\n|-damage|p1a: Simisear|40/100\n|move|p1a: Simisear|Rock Slide|p2b: Delphox|[spread] p2a,p2b\n|-supereffective|p2a: Volcarona|2\n|-supereffective|p2b: Delphox|1\n|-damage|p2a: Volcarona|12/100\n|-damage|p2b: Delphox|1/100\n|move|p2a: Volcarona|Fiery Dance|p1b: Watchog\n|-activate|p1b: Watchog|move: Protect\n|\n|upkeep\n|turn|4\n|\n|t:|1788399316\n|switch|p1a: Simisage|Simisage, L50, M|100/100\n|move|p2b: Delphox|Heat Wave|p1b: Watchog|[spread] p1a,p1b\n|-supereffective|p1a: Simisage|1\n|-damage|p1a: Simisage|0 fnt\n|-damage|p1b: Watchog|17/100\n|faint|p1a: Simisage\n|move|p2a: Volcarona|Tailwind|p2a: Volcarona\n|-sidestart|p2: poopyfartyfart|move: Tailwind\n|move|p1b: Watchog|Baton Pass|p1b: Watchog\n|\n|t:|1788399325\n|switch|p1b: Simisear|Simisear, L50, F|40/100|[from] Baton Pass\n|\n|upkeep\n|\n|t:|1788399328\n|switch|p1a: Pidgeot|Pidgeot, L50, F|100/100\n|turn|5\n|\n|t:|1788399356\n|detailschange|p1a: Pidgeot|Pidgeot-Mega, L50, F\n|-mega|p1a: Pidgeot|Pidgeot|Pidgeotite\n|move|p1b: Simisear|Fake Out|p2b: Delphox\n|-damage|p2b: Delphox|0 fnt\n|faint|p2b: Delphox\n|move|p2a: Volcarona|Fiery Dance|p1a: Pidgeot\n|-damage|p1a: Pidgeot|58/100\n|move|p1a: Pidgeot|Air Slash|p2a: Volcarona\n|-supereffective|p2a: Volcarona|1\n|-damage|p2a: Volcarona|0 fnt\n|faint|p2a: Volcarona\n|\n|upkeep\n|\n|t:|1788399361\n|switch|p2b: Sinistcha|Sinistcha, L50|100/100\n|switch|p2a: Annihilape|Annihilape, L50, M|100/100\n|turn|6\n|\n|t:|1788399371\n|move|p1b: Simisear|Protect|p1b: Simisear\n|-singleturn|p1b: Simisear|Protect\n|move|p2a: Annihilape|Bulk Up|p2a: Annihilape\n|-boost|p2a: Annihilape|atk|1\n|-boost|p2a: Annihilape|def|1\n|move|p1a: Pidgeot|Roost|p1a: Pidgeot\n|-heal|p1a: Pidgeot|100/100\n|-singleturn|p1a: Pidgeot|move: Roost\n|move|p2b: Sinistcha|Trick Room|p2b: Sinistcha\n|-fieldstart|move: Trick Room|[of] p2b: Sinistcha\n|\n|upkeep\n|turn|7\n|\n|t:|1788399391\n|move|p2b: Sinistcha|Matcha Gotcha|p1b: Simisear|[spread] p1a,p1b\n|-resisted|p1a: Pidgeot|1\n|-resisted|p1b: Simisear|1\n|-damage|p1a: Pidgeot|86/100\n|-damage|p1b: Simisear|23/100\n|move|p1b: Simisear|Blaze Kick|p2a: Annihilape\n|-damage|p2a: Annihilape|0 fnt\n|faint|p2a: Annihilape\n|move|p1a: Pidgeot|Air Slash|p2b: Sinistcha\n|-supereffective|p2b: Sinistcha|1\n|-damage|p2b: Sinistcha|35/100\n|\n|-sideend|p2: poopyfartyfart|move: Tailwind\n|upkeep\n|turn|8\n|-message|poopyfartyfart forfeited.\n|\n|win|gemifi996644\n|raw|gemifi996644's rating: 1074 &rarr; <strong>1103</strong><br />(+29 for winning)\n|raw|poopyfartyfart's rating: 1077 &rarr; <strong>1055</strong><br />(-22 for losing)\n|l|☆poopyfartyfart\n|player|p2|\n","uploadtime":1788399411,"views":"2","formatid":"gen9championsvgc2026regmb","rating":1055,"private":0,"password":null}