{"id":"gen9championsvgc2026regmb-2673862949","format":"[Gen 9 Champions] VGC 2026 Reg M-B","players":["Farmer Nick","nanouqj"],"log":"|j|☆Farmer Nick\n|j|☆nanouqj\n|t:|1788270104\n|gametype|doubles\n|player|p1|Farmer Nick|170|1296\n|player|p2|nanouqj|steven|1297\n|gen|9\n|tier|[Gen 9 Champions] VGC 2026 Reg M-B\n|rated|\n|rule|Species Clause: Limit one of each Pokémon\n|rule|Item Clause: Limit 1 of each item\n|clearpoke\n|poke|p1|Delphox, L50, F|\n|poke|p1|Aerodactyl, L50, M|\n|poke|p1|Kingambit, L50, M|\n|poke|p1|Basculegion, L50, M|\n|poke|p1|Garchomp, L50, M|\n|poke|p1|Floette-Eternal, L50, F|\n|poke|p2|Floette-Eternal, L50, F|\n|poke|p2|Excadrill, L50, M|\n|poke|p2|Whimsicott, L50, F|\n|poke|p2|Garchomp, L50, F|\n|poke|p2|Kingambit, L50, M|\n|poke|p2|Delphox, L50, M|\n|teampreview|4\n|inactive|Battle timer is ON: inactive players will automatically lose when time's up. (requested by nanouqj)\n|inactive|nanouqj has 60 seconds left.\n|\n|t:|1788270140\n|teamsize|p1|4\n|teamsize|p2|4\n|start\n|switch|p1a: Aerodactyl|Aerodactyl, L50, M|100/100\n|switch|p1b: Basculegion|Basculegion, L50, M|100/100\n|switch|p2a: Whimsicott|Whimsicott, L50, F|100/100\n|switch|p2b: Excadrill|Excadrill, L50, M|100/100\n|-ability|p1a: Aerodactyl|Unnerve\n|-ability|p2b: Excadrill|Mold Breaker\n|turn|1\n|\n|t:|1788270159\n|move|p2a: Whimsicott|Tailwind|p2a: Whimsicott\n|-sidestart|p2: nanouqj|move: Tailwind\n|move|p2b: Excadrill|Throat Chop|p1b: Basculegion\n|-supereffective|p1b: Basculegion|1\n|-damage|p1b: Basculegion|24/100\n|-start|p1b: Basculegion|Throat Chop|[silent]\n|move|p1a: Aerodactyl|Tailwind|p1a: Aerodactyl\n|-sidestart|p1: Farmer Nick|move: Tailwind\n|move|p1b: Basculegion|Wave Crash|p2b: Excadrill\n|-supereffective|p2b: Excadrill|1\n|-damage|p2b: Excadrill|0 fnt\n|faint|p2b: Excadrill\n|-damage|p1b: Basculegion|0 fnt|[from] Recoil\n|faint|p1b: Basculegion\n|\n|upkeep\n|\n|t:|1788270177\n|switch|p2b: Floette|Floette-Eternal, L50, F|100/100\n|switch|p1b: Delphox|Delphox, L50, F|100/100\n|turn|2\n|\n|t:|1788270189\n|switch|p2b: Garchomp|Garchomp, L50, F|100/100\n|detailschange|p1b: Delphox|Delphox-Mega, L50, F\n|-mega|p1b: Delphox|Delphox|Delphoxite\n|move|p2a: Whimsicott|Encore|p1a: Aerodactyl\n|-start|p1a: Aerodactyl|Encore\n|move|p1b: Delphox|Heat Wave|p2a: Whimsicott|[spread] p2b\n|-miss|p1b: Delphox|p2a: Whimsicott\n|-resisted|p2b: Garchomp|1\n|-damage|p2b: Garchomp|75/100\n|move|p1a: Aerodactyl|Tailwind||[still]\n|-fail|p1a: Aerodactyl\n|\n|upkeep\n|turn|3\n|\n|t:|1788270203\n|switch|p1a: Garchomp|Garchomp, L50, M|100/100\n|move|p1b: Delphox|Heat Wave|p2a: Whimsicott|[spread] p2a,p2b\n|-supereffective|p2a: Whimsicott|1\n|-resisted|p2b: Garchomp|1\n|-enditem|p2a: Whimsicott|Focus Sash\n|-damage|p2a: Whimsicott|1/100\n|-damage|p2b: Garchomp|55/100\n|move|p2a: Whimsicott|Moonblast|p1b: Delphox\n|-resisted|p1b: Delphox|1\n|-damage|p1b: Delphox|82/100\n|move|p2b: Garchomp|Rock Slide|p1a: Garchomp|[spread] p1a\n|-miss|p2b: Garchomp|p1b: Delphox\n|-resisted|p1a: Garchomp|1\n|-damage|p1a: Garchomp|91/100\n|\n|upkeep\n|turn|4\n|\n|t:|1788270226\n|move|p2b: Garchomp|Protect|p2b: Garchomp\n|-singleturn|p2b: Garchomp|Protect\n|move|p2a: Whimsicott|Fake Tears|p1b: Delphox\n|-unboost|p1b: Delphox|spd|2\n|move|p1b: Delphox|Heat Wave|p2a: Whimsicott|[spread] p2a\n|-activate|p2b: Garchomp|move: Protect\n|-supereffective|p2a: Whimsicott|1\n|-damage|p2a: Whimsicott|0 fnt\n|faint|p2a: Whimsicott\n|move|p1a: Garchomp|Scale Shot|p2b: Garchomp\n|-activate|p2b: Garchomp|move: Protect\n|\n|-sideend|p1: Farmer Nick|move: Tailwind\n|-sideend|p2: nanouqj|move: Tailwind\n|upkeep\n|\n|t:|1788270237\n|switch|p2a: Floette|Floette-Eternal, L50, F|100/100\n|turn|5\n|\n|t:|1788270246\n|detailschange|p2a: Floette|Floette-Mega, L50, F\n|-mega|p2a: Floette|Floette|Floettite\n|-ability|p2a: Floette|Fairy Aura\n|move|p1b: Delphox|Heat Wave|p2a: Floette|[spread] p2b\n|-miss|p1b: Delphox|p2a: Floette\n|-resisted|p2b: Garchomp|1\n|-damage|p2b: Garchomp|33/100\n|-enditem|p2b: Garchomp|Sitrus Berry|[eat]\n|-heal|p2b: Garchomp|58/100|[from] item: Sitrus Berry\n|move|p2a: Floette|Dazzling Gleam|p1a: Garchomp|[spread] p1a,p1b\n|-supereffective|p1a: Garchomp|1\n|-resisted|p1b: Delphox|1\n|-damage|p1a: Garchomp|0 fnt\n|-damage|p1b: Delphox|34/100\n|faint|p1a: Garchomp\n|move|p2b: Garchomp|Rock Slide|p1b: Delphox\n|-supereffective|p1b: Delphox|1\n|-damage|p1b: Delphox|0 fnt\n|faint|p1b: Delphox\n|\n|upkeep\n|\n|t:|1788270261\n|switch|p1b: Aerodactyl|Aerodactyl, L50, M|100/100\n|-ability|p1b: Aerodactyl|Unnerve\n|turn|6\n|\n|t:|1788270270\n|move|p1b: Aerodactyl|Rock Slide|p2b: Garchomp|[spread] p2a,p2b\n|-resisted|p2b: Garchomp|1\n|-damage|p2a: Floette|64/100\n|-damage|p2b: Garchomp|46/100\n|cant|p2a: Floette|flinch\n|cant|p2b: Garchomp|flinch\n|\n|upkeep\n|turn|7\n|\n|t:|1788270286\n|move|p1b: Aerodactyl|Rock Slide|p2b: Garchomp|[spread] p2a,p2b\n|-resisted|p2b: Garchomp|1\n|-damage|p2a: Floette|31/100\n|-damage|p2b: Garchomp|35/100\n|move|p2a: Floette|Light of Ruin|p1b: Aerodactyl\n|-enditem|p1b: Aerodactyl|Focus Sash\n|-damage|p1b: Aerodactyl|1/100\n|-damage|p2a: Floette|0 fnt|[from] Recoil\n|faint|p2a: Floette\n|cant|p2b: Garchomp|flinch\n|\n|upkeep\n|turn|8\n|\n|t:|1788270298\n|move|p1b: Aerodactyl|Dual Wingbeat|p2b: Garchomp\n|-damage|p2b: Garchomp|18/100\n|-damage|p1b: Aerodactyl|0 fnt|[from] ability: Rough Skin|[of] p2b: Garchomp\n|faint|p1b: Aerodactyl\n|\n|win|nanouqj\n|-hitcount|p2b: Garchomp|1\n|raw|Farmer Nick's rating: 1296 &rarr; <strong>1271</strong><br />(-25 for losing)\n|raw|nanouqj's rating: 1297 &rarr; <strong>1322</strong><br />(+25 for winning)\n|l|☆Farmer Nick\n|player|p1|\n","uploadtime":1788270306,"views":"16","formatid":"gen9championsvgc2026regmb","rating":1271,"private":0,"password":null}