{"id":"gen9championsvgc2026regmbbo3-2674047306","format":"[Gen 9 Champions] VGC 2026 Reg M-B (Bo3)","players":["BravitoRito","humania1"],"log":"|j|☆BravitoRito\n|j|☆humania1\n|html|<table width=\"100%\"><tr><td align=\"left\">BravitoRito</td><td align=\"right\">humania1</tr><tr><td align=\"left\"><i class=\"fa fa-circle-o\"></i> <i class=\"fa fa-circle-o\"></i> </td><td align=\"right\"><i class=\"fa fa-circle-o\"></i> <i class=\"fa fa-circle-o\"></i> </tr></table>\n|uhtml|bestof|<h2><strong>Game 1</strong> of <a href=\"/game-bestof3-gen9championsvgc2026regmbbo3-2674047305\">a best-of-3</a></h2>\n|t:|1788292265\n|gametype|doubles\n|player|p1|BravitoRito|cameraman|1062\n|player|p2|humania1|266|1069\n|gen|9\n|tier|[Gen 9 Champions] VGC 2026 Reg M-B (Bo3)\n|rated|\n|rule|Species Clause: Limit one of each Pokémon\n|rule|Item Clause: Limit 1 of each item\n|clearpoke\n|poke|p1|Charizard, L50, F|\n|poke|p1|Garchomp, L50, F|\n|poke|p1|Incineroar, L50, M|\n|poke|p1|Venusaur, L50, F|\n|poke|p1|Toxapex, L50, M|\n|poke|p1|Sylveon, L50, M|\n|poke|p2|Blastoise, L50, M|\n|poke|p2|Delphox, L50, F, shiny|\n|poke|p2|Incineroar, L50, M|\n|poke|p2|Sinistcha, L50|\n|poke|p2|Sneasler, L50, F|\n|poke|p2|Vivillon, L50, F|\n|teampreview|4\n|showteam|p1|Charizard||CharizarditeY|Blaze|HeatWave,WeatherBall,SolarBeam,Protect|Timid||F|||50|]Garchomp||ChoiceScarf|RoughSkin|Earthquake,DragonClaw,StompingTantrum,RockSlide|Jolly||F|||50|]Incineroar||SitrusBerry|Intimidate|FlareBlitz,DarkestLariat,FakeOut,PartingShot|Adamant||M|||50|]Venusaur||FocusSash|Chlorophyll|Protect,SludgeBomb,EarthPower,SleepPowder|Modest||F|||50|]Toxapex||Leftovers|Regenerator|Infestation,Toxic,WideGuard,BanefulBunker|Bold||M|||50|]Sylveon||FairyFeather|Pixilate|HyperVoice,QuickAttack,Yawn,Detect|Sassy||M|||50|\n|showteam|p2|Blastoise||Blastoisinite|Torrent|Protect,ShellSmash,WaterSpout,DarkPulse|Modest||M|||50|]Delphox||Delphoxite|Blaze|Protect,HeatWave,Psyshock,NastyPlot|Timid||F|||50|]Incineroar||PasshoBerry|Intimidate|FakeOut,PartingShot,FlareBlitz,ThroatChop|Impish||M|||50|]Sinistcha||SitrusBerry|Hospitality|Protect,MatchaGotcha,TrickRoom,RagePowder|Bold|||||50|]Sneasler||FocusSash|PoisonTouch|QuickGuard,FakeOut,CloseCombat,DireClaw|Jolly||F|||50|]Vivillon||ChoiceScarf|CompoundEyes|Hurricane,SleepPowder,RagePowder,Uturn|Timid||F|||50|\n|inactive|Battle timer is ON: inactive players will automatically lose when time's up. (requested by humania1)\n|\n|t:|1788292294\n|teamsize|p1|4\n|teamsize|p2|4\n|start\n|switch|p1a: Charizard|Charizard, L50, F|100/100\n|switch|p1b: Venusaur|Venusaur, L50, F|100/100\n|switch|p2a: Incineroar|Incineroar, L50, M|100/100\n|switch|p2b: Sneasler|Sneasler, L50, F|100/100\n|-ability|p2a: Incineroar|Intimidate|boost\n|-unboost|p1a: Charizard|atk|1\n|-unboost|p1b: Venusaur|atk|1\n|turn|1\n|\n|t:|1788292304\n|move|p1a: Charizard|Protect|p1a: Charizard\n|-singleturn|p1a: Charizard|Protect\n|move|p1b: Venusaur|Protect|p1b: Venusaur\n|-singleturn|p1b: Venusaur|Protect\n|move|p2b: Sneasler|Fake Out|p1b: Venusaur\n|-activate|p1b: Venusaur|move: Protect\n|move|p2a: Incineroar|Flare Blitz|p1b: Venusaur\n|-activate|p1b: Venusaur|move: Protect\n|\n|upkeep\n|turn|2\n|\n|t:|1788292328\n|switch|p1b: Toxapex|Toxapex, L50, M|100/100\n|detailschange|p1a: Charizard|Charizard-Mega-Y, L50, F\n|-mega|p1a: Charizard|Charizard|Charizardite Y\n|-weather|SunnyDay|[from] ability: Drought|[of] p1a: Charizard\n|move|p2b: Sneasler|Dire Claw|p1a: Charizard\n|-damage|p1a: Charizard|41/100\n|-status|p1a: Charizard|par\n|move|p2a: Incineroar|Throat Chop|p1a: Charizard\n|-damage|p1a: Charizard|0 fnt\n|faint|p1a: Charizard\n|\n|-weather|SunnyDay|[upkeep]\n|upkeep\n|\n|t:|1788292342\n|switch|p1a: Garchomp|Garchomp, L50, F|100/100\n|turn|3\n|\n|t:|1788292354\n|move|p1b: Toxapex|Wide Guard|p1b: Toxapex\n|-singleturn|p1b: Toxapex|Wide Guard\n|move|p1a: Garchomp|Earthquake|p2b: Sneasler|[spread] p2a,p2b\n|-activate|p1b: Toxapex|move: Wide Guard\n|-supereffective|p2a: Incineroar|1\n|-crit|p2a: Incineroar\n|-supereffective|p2b: Sneasler|1\n|-damage|p2a: Incineroar|1/100\n|-enditem|p2b: Sneasler|Focus Sash\n|-damage|p2b: Sneasler|1/100\n|move|p2b: Sneasler|Close Combat|p1a: Garchomp\n|-damage|p1a: Garchomp|37/100\n|-unboost|p2b: Sneasler|def|1\n|-unboost|p2b: Sneasler|spd|1\n|-damage|p2b: Sneasler|0 fnt|[from] ability: Rough Skin|[of] p1a: Garchomp\n|-status|p1a: Garchomp|psn|[from] ability: Poison Touch|[of] p2b: Sneasler\n|faint|p2b: Sneasler\n|move|p2a: Incineroar|Flare Blitz|p1a: Garchomp\n|-resisted|p1a: Garchomp|1\n|-crit|p1a: Garchomp\n|-damage|p1a: Garchomp|0 fnt\n|-damage|p2a: Incineroar|0 fnt|[from] ability: Rough Skin|[of] p1a: Garchomp\n|faint|p1a: Garchomp\n|faint|p2a: Incineroar\n|\n|-weather|SunnyDay|[upkeep]\n|upkeep\n|\n|t:|1788292372\n|switch|p2b: Sinistcha|Sinistcha, L50|100/100\n|switch|p1a: Venusaur|Venusaur, L50, F|100/100\n|switch|p2a: Delphox|Delphox, L50, F, shiny|100/100\n|turn|4\n|\n|t:|1788292385\n|detailschange|p2a: Delphox|Delphox-Mega, L50, F, shiny\n|-mega|p2a: Delphox|Delphox|Delphoxite\n|move|p1a: Venusaur|Sleep Powder|p2a: Delphox\n|-status|p2a: Delphox|slp|[from] move: Sleep Powder\n|cant|p2a: Delphox|slp\n|move|p1b: Toxapex|Toxic|p2b: Sinistcha\n|-status|p2b: Sinistcha|tox\n|move|p2b: Sinistcha|Trick Room|p2b: Sinistcha\n|-fieldstart|move: Trick Room|[of] p2b: Sinistcha\n|\n|-weather|SunnyDay|[upkeep]\n|-damage|p2b: Sinistcha|93/100 tox|[from] psn\n|upkeep\n|turn|5\n|\n|t:|1788292401\n|move|p1b: Toxapex|Infestation|p2a: Delphox\n|-damage|p2a: Delphox|96/100 slp\n|-activate|p2a: Delphox|move: Infestation|[of] p1b: Toxapex\n|move|p2b: Sinistcha|Matcha Gotcha|p1b: Toxapex|[spread] p1a,p1b\n|-resisted|p1a: Venusaur|2\n|-damage|p1a: Venusaur|92/100\n|-heal|p2b: Sinistcha|97/100 tox|[from] drain|[of] p1a: Venusaur\n|-damage|p1b: Toxapex|78/100\n|-heal|p2b: Sinistcha|100/100 tox|[from] drain|[of] p1b: Toxapex\n|cant|p2a: Delphox|slp\n|move|p1a: Venusaur|Sludge Bomb|p2a: Delphox\n|-damage|p2a: Delphox|60/100 slp\n|\n|-weather|SunnyDay|[upkeep]\n|-heal|p1b: Toxapex|84/100|[from] item: Leftovers\n|-damage|p2b: Sinistcha|87/100 tox|[from] psn\n|-damage|p2a: Delphox|48/100 slp|[from] move: Infestation|[partiallytrapped]\n|upkeep\n|turn|6\n|\n|t:|1788292419\n|move|p1b: Toxapex|Infestation|p2b: Sinistcha\n|-damage|p2b: Sinistcha|84/100 tox\n|-activate|p2b: Sinistcha|move: Infestation|[of] p1b: Toxapex\n|move|p2b: Sinistcha|Matcha Gotcha|p1b: Toxapex|[spread] p1a,p1b\n|-resisted|p1a: Venusaur|2\n|-damage|p1a: Venusaur|85/100\n|-heal|p2b: Sinistcha|87/100 tox|[from] drain|[of] p1a: Venusaur\n|-damage|p1b: Toxapex|64/100\n|-heal|p2b: Sinistcha|96/100 tox|[from] drain|[of] p1b: Toxapex\n|-status|p1b: Toxapex|brn\n|-curestatus|p2a: Delphox|slp|[msg]\n|move|p2a: Delphox|Psyshock|p1b: Toxapex\n|-supereffective|p1b: Toxapex|1\n|-damage|p1b: Toxapex|11/100 brn\n|move|p1a: Venusaur|Sludge Bomb|p2a: Delphox\n|-damage|p2a: Delphox|10/100\n|\n|-weather|none\n|-heal|p1b: Toxapex|17/100 brn|[from] item: Leftovers\n|-damage|p2b: Sinistcha|77/100 tox|[from] psn\n|-damage|p1b: Toxapex|11/100 brn|[from] brn\n|-damage|p2b: Sinistcha|65/100 tox|[from] move: Infestation|[partiallytrapped]\n|-damage|p2a: Delphox|0 fnt|[from] move: Infestation|[partiallytrapped]\n|faint|p2a: Delphox\n|upkeep\n|turn|7\n|inactive|BravitoRito has 30 seconds left.\n|\n|t:|1788292453\n|move|p1b: Toxapex|Wide Guard|p1b: Toxapex\n|-singleturn|p1b: Toxapex|Wide Guard\n|move|p2b: Sinistcha|Matcha Gotcha|p1b: Toxapex|[spread] \n|-activate|p1a: Venusaur|move: Wide Guard\n|-activate|p1b: Toxapex|move: Wide Guard\n|move|p1a: Venusaur|Sludge Bomb|p2b: Sinistcha\n|-damage|p2b: Sinistcha|27/100 tox\n|-enditem|p2b: Sinistcha|Sitrus Berry|[eat]\n|-heal|p2b: Sinistcha|52/100 tox|[from] item: Sitrus Berry\n|\n|-heal|p1b: Toxapex|17/100 brn|[from] item: Leftovers\n|-damage|p2b: Sinistcha|27/100 tox|[from] psn\n|-damage|p1b: Toxapex|11/100 brn|[from] brn\n|-damage|p2b: Sinistcha|14/100 tox|[from] move: Infestation|[partiallytrapped]\n|upkeep\n|turn|8\n|\n|t:|1788292468\n|move|p2b: Sinistcha|Protect|p2b: Sinistcha\n|-singleturn|p2b: Sinistcha|Protect\n|move|p1b: Toxapex|Wide Guard|p1b: Toxapex\n|-singleturn|p1b: Toxapex|Wide Guard\n|move|p1a: Venusaur|Sludge Bomb|p2b: Sinistcha\n|-activate|p2b: Sinistcha|move: Protect\n|\n|-heal|p1b: Toxapex|17/100 brn|[from] item: Leftovers\n|-damage|p2b: Sinistcha|0 fnt|[from] psn\n|faint|p2b: Sinistcha\n|\n|win|BravitoRito\n","uploadtime":1788292468,"views":"6","formatid":"gen9championsvgc2026regmbbo3","rating":null,"private":0,"password":null}