{"id":"gen9championsvgc2026regmb-2673875095","format":"[Gen 9 Champions] VGC 2026 Reg M-B","players":["Peatswee3","Mikeflem12326171"],"log":"|j|☆Peatswee3\n|j|☆Mikeflem12326171\n|t:|1788271716\n|gametype|doubles\n|player|p1|Peatswee3|tuberf|1581\n|player|p2|Mikeflem12326171|colress|1601\n|gen|9\n|tier|[Gen 9 Champions] VGC 2026 Reg M-B\n|rated|\n|rule|Species Clause: Limit one of each Pokémon\n|rule|Item Clause: Limit 1 of each item\n|clearpoke\n|poke|p1|Kleavor, L50, M|\n|poke|p1|Whimsicott, L50, M|\n|poke|p1|Staraptor, L50, M|\n|poke|p1|Kingambit, L50, M|\n|poke|p1|Basculegion, L50, M|\n|poke|p1|Maushold, L50|\n|poke|p2|Froslass, L50, F|\n|poke|p2|Sneasler, L50, F|\n|poke|p2|Basculegion, L50, M|\n|poke|p2|Dragonite, L50, M|\n|poke|p2|Garchomp, L50, M|\n|poke|p2|Kingambit, L50, F|\n|teampreview|4\n|\n|t:|1788271740\n|teamsize|p1|4\n|teamsize|p2|4\n|start\n|switch|p1a: Kleavor|Kleavor, L50, M|100/100\n|switch|p1b: Whimsicott|Whimsicott, L50, M|100/100\n|switch|p2a: Sneasler|Sneasler, L50, F|100/100\n|switch|p2b: Dragonite|Dragonite, L50, M|100/100\n|turn|1\n|\n|t:|1788271753\n|detailschange|p2b: Dragonite|Dragonite-Mega, L50, M\n|-mega|p2b: Dragonite|Dragonite|Dragoninite\n|move|p2a: Sneasler|Fake Out|p1b: Whimsicott\n|-damage|p1b: Whimsicott|85/100\n|cant|p1b: Whimsicott|flinch\n|move|p2b: Dragonite|Heat Wave|p1b: Whimsicott|[spread] p1a,p1b\n|-supereffective|p1b: Whimsicott|1\n|-enditem|p1b: Whimsicott|Occa Berry|[eat]\n|-enditem|p1b: Whimsicott|Occa Berry|[weaken]\n|-damage|p1a: Kleavor|53/100\n|-damage|p1b: Whimsicott|56/100\n|move|p1a: Kleavor|Stone Axe|p2b: Dragonite\n|-supereffective|p2b: Dragonite|1\n|-damage|p2b: Dragonite|49/100\n|-sidestart|p2: Mikeflem12326171|move: Stealth Rock\n|\n|upkeep\n|turn|2\n|\n|t:|1788271774\n|move|p2b: Dragonite|Protect|p2b: Dragonite\n|-singleturn|p2b: Dragonite|Protect\n|move|p1b: Whimsicott|Encore|p2a: Sneasler\n|-start|p2a: Sneasler|Encore\n|move|p2a: Sneasler|Fake Out||[still]\n|-hint|Fake Out only works on your first turn out.\n|-fail|p2a: Sneasler\n|move|p1a: Kleavor|Stone Axe|p2b: Dragonite\n|-activate|p2b: Dragonite|move: Protect\n|\n|upkeep\n|turn|3\n|\n|t:|1788271786\n|switch|p2a: Garchomp|Garchomp, L50, M|100/100\n|-damage|p2a: Garchomp|93/100|[from] Stealth Rock\n|move|p2b: Dragonite|Tailwind|p2b: Dragonite\n|-sidestart|p2: Mikeflem12326171|move: Tailwind\n|move|p1a: Kleavor|Stone Axe|p2b: Dragonite\n|-supereffective|p2b: Dragonite|1\n|-damage|p2b: Dragonite|0 fnt\n|faint|p2b: Dragonite\n|move|p1b: Whimsicott|Moonblast|p2a: Garchomp\n|-supereffective|p2a: Garchomp|1\n|-enditem|p2a: Garchomp|Roseli Berry|[eat]\n|-enditem|p2a: Garchomp|Roseli Berry|[weaken]\n|-damage|p2a: Garchomp|64/100\n|\n|upkeep\n|\n|t:|1788271795\n|switch|p2b: Sneasler|Sneasler, L50, F|100/100\n|-damage|p2b: Sneasler|94/100|[from] Stealth Rock\n|turn|4\n|\n|t:|1788271806\n|switch|p1b: Staraptor|Staraptor, L50, M|100/100\n|-ability|p1b: Staraptor|Intimidate|boost\n|-unboost|p2a: Garchomp|atk|1\n|-unboost|p2b: Sneasler|atk|1\n|-enditem|p2b: Sneasler|White Herb\n|-clearnegativeboost|p2b: Sneasler|[silent]\n|move|p1a: Kleavor|Protect|p1a: Kleavor\n|-singleturn|p1a: Kleavor|Protect\n|move|p2b: Sneasler|Dire Claw|p1b: Staraptor\n|-damage|p1b: Staraptor|51/100\n|move|p2a: Garchomp|Rock Slide|p1a: Kleavor|[spread] p1b\n|-activate|p1a: Kleavor|move: Protect\n|-supereffective|p1b: Staraptor|1\n|-damage|p1b: Staraptor|19/100\n|\n|upkeep\n|turn|5\n|\n|t:|1788271835\n|detailschange|p1b: Staraptor|Staraptor-Mega, L50, M\n|-mega|p1b: Staraptor|Staraptor|Staraptite\n|move|p1b: Staraptor|Protect|p1b: Staraptor\n|-singleturn|p1b: Staraptor|Protect\n|move|p2b: Sneasler|Close Combat|p1a: Kleavor\n|-damage|p1a: Kleavor|0 fnt\n|-unboost|p2b: Sneasler|def|1\n|-unboost|p2b: Sneasler|spd|1\n|faint|p1a: Kleavor\n|move|p2a: Garchomp|Rock Slide|p1b: Staraptor\n|-activate|p1b: Staraptor|move: Protect\n|\n|upkeep\n|\n|t:|1788271861\n|switch|p1a: Kingambit|Kingambit, L50, M|100/100\n|turn|6\n|\n|t:|1788271880\n|switch|p1b: Whimsicott|Whimsicott, L50, M|56/100\n|move|p1a: Kingambit|Protect|p1a: Kingambit\n|-singleturn|p1a: Kingambit|Protect\n|move|p2b: Sneasler|Close Combat|p1a: Kingambit\n|-activate|p1a: Kingambit|move: Protect\n|move|p2a: Garchomp|Rock Slide|p1a: Kingambit|[spread] p1b\n|-activate|p1a: Kingambit|move: Protect\n|-damage|p1b: Whimsicott|43/100\n|\n|-sideend|p2: Mikeflem12326171|move: Tailwind\n|upkeep\n|turn|7\n|\n|t:|1788271894\n|move|p1b: Whimsicott|Tailwind|p1b: Whimsicott\n|-sidestart|p1: Peatswee3|move: Tailwind\n|move|p2b: Sneasler|Close Combat|p1a: Kingambit\n|-supereffective|p1a: Kingambit|2\n|-damage|p1a: Kingambit|0 fnt\n|-unboost|p2b: Sneasler|def|1\n|-unboost|p2b: Sneasler|spd|1\n|faint|p1a: Kingambit\n|move|p2a: Garchomp|Poison Jab|p1b: Whimsicott\n|-supereffective|p1b: Whimsicott|2\n|-damage|p1b: Whimsicott|0 fnt\n|faint|p1b: Whimsicott\n|\n|upkeep\n|\n|t:|1788271898\n|switch|p1a: Staraptor|Staraptor-Mega, L50, M|19/100\n|turn|8\n|\n|t:|1788271906\n|move|p2b: Sneasler|Close Combat|p1a: Staraptor\n|-resisted|p1a: Staraptor|1\n|-damage|p1a: Staraptor|0 fnt\n|-unboost|p2b: Sneasler|def|1\n|-unboost|p2b: Sneasler|spd|1\n|faint|p1a: Staraptor\n|\n|win|Mikeflem12326171\n|raw|Peatswee3's rating: 1581 &rarr; <strong>1562</strong><br />(-19 for losing)\n|raw|Mikeflem12326171's rating: 1601 &rarr; <strong>1620</strong><br />(+19 for winning)\n|l|☆Peatswee3\n|player|p1|\n","uploadtime":1788271938,"views":"13","formatid":"gen9championsvgc2026regmb","rating":1562,"private":0,"password":null}