{"id":"gen9championsvgc2026regmb-2673871406","format":"[Gen 9 Champions] VGC 2026 Reg M-B","players":["Rnglosses","Thornlace48812"],"log":"|j|☆Rnglosses\n|j|☆Thornlace48812\n|t:|1788271243\n|gametype|doubles\n|player|p1|Rnglosses|265|1144\n|player|p2|Thornlace48812|102|1161\n|gen|9\n|tier|[Gen 9 Champions] VGC 2026 Reg M-B\n|rated|\n|rule|Species Clause: Limit one of each Pokémon\n|rule|Item Clause: Limit 1 of each item\n|clearpoke\n|poke|p1|Venusaur, L50, F|\n|poke|p1|Annihilape, L50, F|\n|poke|p1|Milotic, L50, M|\n|poke|p1|Froslass, L50, F|\n|poke|p1|Sinistcha-Masterpiece, L50|\n|poke|p1|Charizard, L50, M|\n|poke|p2|Garchomp, L50, F|\n|poke|p2|Charizard, L50, F|\n|poke|p2|Whimsicott, L50, F|\n|poke|p2|Sylveon, L50, M|\n|poke|p2|Kingambit, L50, F|\n|poke|p2|Basculegion, L50, M|\n|teampreview|4\n|inactive|Battle timer is ON: inactive players will automatically lose when time's up. (requested by Thornlace48812)\n|inactive|Rnglosses also wants the timer to be on.\nThornlace48812 rejected open team sheets.\n|\n|t:|1788271258\n|teamsize|p1|4\n|teamsize|p2|4\n|start\n|switch|p1a: Milotic|Milotic, L50, M|100/100\n|switch|p1b: Froslass|Froslass, L50, F|100/100\n|switch|p2a: Charizard|Charizard, L50, F|100/100\n|switch|p2b: Whimsicott|Whimsicott, L50, F|100/100\n|turn|1\n|\n|t:|1788271262\n|detailschange|p2a: Charizard|Charizard-Mega-Y, L50, F\n|-mega|p2a: Charizard|Charizard|Charizardite Y\n|-weather|SunnyDay|[from] ability: Drought|[of] p2a: Charizard\n|move|p2b: Whimsicott|Protect|p2b: Whimsicott\n|-singleturn|p2b: Whimsicott|Protect\n|move|p1b: Froslass|Protect|p1b: Froslass\n|-singleturn|p1b: Froslass|Protect\n|move|p2a: Charizard|Heat Wave|p1a: Milotic|[spread] p1a\n|-activate|p1b: Froslass|move: Protect\n|-resisted|p1a: Milotic|1\n|-damage|p1a: Milotic|73/100\n|move|p1a: Milotic|Icy Wind|p2a: Charizard|[spread] p2a\n|-activate|p2b: Whimsicott|move: Protect\n|-damage|p2a: Charizard|88/100\n|-unboost|p2a: Charizard|spe|1\n|\n|-weather|SunnyDay|[upkeep]\n|upkeep\n|turn|2\n|\n|t:|1788271276\n|detailschange|p1b: Froslass|Froslass-Mega, L50, F\n|-mega|p1b: Froslass|Froslass|Froslassite\n|-weather|Snowscape|[from] ability: Snow Warning|[of] p1b: Froslass\n|move|p2b: Whimsicott|Moonblast|p1a: Milotic\n|-damage|p1a: Milotic|46/100\n|-enditem|p1a: Milotic|Sitrus Berry|[eat]\n|-heal|p1a: Milotic|71/100|[from] item: Sitrus Berry\n|move|p1b: Froslass|Aurora Veil|p1b: Froslass\n|-sidestart|p1: Rnglosses|move: Aurora Veil\n|move|p1a: Milotic|Icy Wind|p2a: Charizard|[spread] p2a,p2b\n|-supereffective|p2b: Whimsicott|1\n|-damage|p2a: Charizard|76/100\n|-damage|p2b: Whimsicott|64/100\n|-unboost|p2a: Charizard|spe|1\n|-unboost|p2b: Whimsicott|spe|1\n|move|p2a: Charizard|Heat Wave|p1a: Milotic|[spread] p1a,p1b\n|-resisted|p1a: Milotic|1\n|-crit|p1a: Milotic\n|-supereffective|p1b: Froslass|1\n|-damage|p1a: Milotic|46/100\n|-damage|p1b: Froslass|31/100\n|\n|-weather|Snowscape|[upkeep]\n|upkeep\n|turn|3\n|\n|t:|1788271293\n|move|p2a: Charizard|Protect|p2a: Charizard\n|-singleturn|p2a: Charizard|Protect\n|move|p2b: Whimsicott|Tailwind|p2b: Whimsicott\n|-sidestart|p2: Thornlace48812|move: Tailwind\n|move|p1b: Froslass|Blizzard|p2a: Charizard|[spread] p2b\n|-activate|p2a: Charizard|move: Protect\n|-supereffective|p2b: Whimsicott|1\n|-damage|p2b: Whimsicott|0 fnt\n|faint|p2b: Whimsicott\n|move|p1a: Milotic|Coil|p1a: Milotic\n|-boost|p1a: Milotic|atk|1\n|-boost|p1a: Milotic|def|1\n|-boost|p1a: Milotic|accuracy|1\n|\n|-weather|Snowscape|[upkeep]\n|upkeep\n|\n|t:|1788271293\n|switch|p2b: Sylveon|Sylveon, L50, M|100/100\n|turn|4\n|\n|t:|1788271305\n|move|p2b: Sylveon|Hyper Voice|p1b: Froslass|[spread] p1a,p1b\n|-damage|p1a: Milotic|23/100\n|-damage|p1b: Froslass|0 fnt\n|faint|p1b: Froslass\n|move|p2a: Charizard|Heat Wave|p1a: Milotic\n|-resisted|p1a: Milotic|1\n|-damage|p1a: Milotic|7/100\n|move|p1a: Milotic|Hypnosis|p2b: Sylveon\n|-status|p2b: Sylveon|slp|[from] move: Hypnosis\n|\n|-weather|Snowscape|[upkeep]\n|upkeep\n|\n|t:|1788271315\n|switch|p1b: Annihilape|Annihilape, L50, F|100/100\n|turn|5\n|\n|t:|1788271331\n|move|p1b: Annihilape|Shadow Claw|p2a: Charizard\n|-damage|p2a: Charizard|35/100\n|cant|p2b: Sylveon|slp\n|move|p2a: Charizard|Heat Wave|p1a: Milotic|[spread] p1a,p1b\n|-resisted|p1a: Milotic|1\n|-damage|p1a: Milotic|0 fnt\n|-damage|p1b: Annihilape|69/100\n|faint|p1a: Milotic\n|\n|-weather|Snowscape|[upkeep]\n|upkeep\n|\n|t:|1788271335\n|switch|p1a: Venusaur|Venusaur, L50, F|100/100\n|turn|6\n|\n|t:|1788271340\n|move|p1a: Venusaur|Protect|p1a: Venusaur\n|-singleturn|p1a: Venusaur|Protect\n|move|p1b: Annihilape|Shadow Claw|p2a: Charizard\n|-crit|p2a: Charizard\n|-damage|p2a: Charizard|0 fnt\n|faint|p2a: Charizard\n|-curestatus|p2b: Sylveon|slp|[msg]\n|move|p2b: Sylveon|Hyper Voice|p1b: Annihilape|[spread] p1b\n|-activate|p1a: Venusaur|move: Protect\n|-supereffective|p1b: Annihilape|1\n|-damage|p1b: Annihilape|0 fnt\n|faint|p1b: Annihilape\n|\n|-weather|none\n|-sideend|p2: Thornlace48812|move: Tailwind\n|-sideend|p1: Rnglosses|move: Aurora Veil\n|upkeep\n|\n|t:|1788271343\n|switch|p2a: Basculegion|Basculegion, L50, M|100/100\n|turn|7\n|\n|t:|1788271354\n|move|p1a: Venusaur|Giga Drain|p2a: Basculegion\n|-supereffective|p2a: Basculegion|1\n|-damage|p2a: Basculegion|28/100\n|move|p2a: Basculegion|Last Respects|p1a: Venusaur\n|-damage|p1a: Venusaur|0 fnt\n|faint|p1a: Venusaur\n|\n|win|Thornlace48812\n|raw|Rnglosses's rating: 1144 &rarr; <strong>1118</strong><br />(-26 for losing)\n|raw|Thornlace48812's rating: 1129 &rarr; <strong>1155</strong><br />(+26 for winning)\n","uploadtime":1788271354,"views":"1","formatid":"gen9championsvgc2026regmb","rating":1118,"private":0,"password":null}