{"id":"gen9championsvgc2026regmbbo3-2675039112","format":"[Gen 9 Champions] VGC 2026 Reg M-B (Bo3)","players":["htl5","ZURUYO"],"log":"|j|☆htl5\n|j|☆ZURUYO\n|html|<table width=\"100%\"><tr><td align=\"left\">htl5</td><td align=\"right\">ZURUYO</tr><tr><td align=\"left\"><i class=\"fa fa-circle-o\"></i> <i class=\"fa fa-circle-o\"></i> </td><td align=\"right\"><i class=\"fa fa-circle-o\"></i> <i class=\"fa fa-circle-o\"></i> </tr></table>\n|uhtml|bestof|<h2><strong>Game 1</strong> of <a href=\"/game-bestof3-gen9championsvgc2026regmbbo3-2675039111\">a best-of-3</a></h2>\n|t:|1788451736\n|gametype|doubles\n|player|p1|htl5|102|1073\n|player|p2|ZURUYO|roxie|1107\n|gen|9\n|tier|[Gen 9 Champions] VGC 2026 Reg M-B (Bo3)\n|rated|\n|rule|Species Clause: Limit one of each Pokémon\n|rule|Item Clause: Limit 1 of each item\n|clearpoke\n|poke|p1|Gengar, L50, F|\n|poke|p1|Sableye, L50, F|\n|poke|p1|Sneasler, L50, F|\n|poke|p1|Hatterene, L50, F|\n|poke|p1|Politoed, L50, F|\n|poke|p1|Rotom-Mow, L50|\n|poke|p2|Charizard, L50, F|\n|poke|p2|Whimsicott, L50, M|\n|poke|p2|Garchomp, L50, F|\n|poke|p2|Floette-Eternal, L50, F|\n|poke|p2|Basculegion, L50, M|\n|poke|p2|Kingambit, L50, F|\n|teampreview|4\n|showteam|p1|Gengar||Gengarite|CursedBody|Disable,ShadowBall,SludgeBomb,Protect|Timid||F|||50|]Sableye||LightClay|Prankster|Reflect,LightScreen,WillOWisp,Encore|Calm||F|||50|]Sneasler||WhiteHerb|Unburden|CloseCombat,DireClaw,FakeOut,Protect|Adamant||F|||50|]Hatterene||Leftovers|Healer|AfterYou,Psychic,DazzlingGleam,Trick|Modest||F|||50|]Politoed||ChoiceScarf|Drizzle|WeatherBall,IcyWind,EarthPower,PerishSong|Timid||F|||50|]Rotom-Mow||SitrusBerry|Levitate|NastyPlot,LeafStorm,Thunder,HelpingHand|Timid|||||50|\n|showteam|p2|Charizard||CharizarditeY|Blaze|HeatWave,WeatherBall,AncientPower,Protect|Timid||F|||50|]Whimsicott||FocusSash|Prankster|Moonblast,Tailwind,Encore,Protect|Timid||M|||50|]Garchomp||SitrusBerry|RoughSkin|DragonClaw,Earthquake,RockSlide,Protect|Jolly||F|||50|]Floette-Eternal||Floettite|FlowerVeil|Moonblast,DazzlingGleam,LightofRuin,Protect|Modest||F|||50|]Basculegion||LifeOrb|Adaptability|WaveCrash,LastRespects,AquaJet,Protect|Adamant||M|||50|]Kingambit||OccaBerry|Defiant|KowtowCleave,SuckerPunch,IronHead,LowKick|Adamant||F|||50|\n|inactive|Battle timer is ON: inactive players will automatically lose when time's up. (requested by ZURUYO)\n|\n|t:|1788451772\n|teamsize|p1|4\n|teamsize|p2|4\n|start\n|switch|p1a: Sneasler|Sneasler, L50, F|100/100\n|switch|p1b: Sableye|Sableye, L50, F|100/100\n|switch|p2a: Charizard|Charizard, L50, F|100/100\n|switch|p2b: Kingambit|Kingambit, L50, F|100/100\n|turn|1\n|\n|t:|1788451796\n|switch|p2b: Basculegion|Basculegion, L50, M|100/100\n|detailschange|p2a: Charizard|Charizard-Mega-Y, L50, F\n|-mega|p2a: Charizard|Charizard|Charizardite Y\n|-weather|SunnyDay|[from] ability: Drought|[of] p2a: Charizard\n|move|p1a: Sneasler|Fake Out|p2b: Basculegion\n|-immune|p2b: Basculegion\n|move|p1b: Sableye|Reflect|p1b: Sableye\n|-sidestart|p1: htl5|Reflect\n|move|p2a: Charizard|Heat Wave|p1b: Sableye|[spread] p1a,p1b\n|-damage|p1a: Sneasler|23/100\n|-damage|p1b: Sableye|38/100\n|\n|-weather|SunnyDay|[upkeep]\n|upkeep\n|turn|2\n|inactive|ZURUYO has 30 seconds left.\n|inactive|htl5 has 30 seconds left.\n|\n|t:|1788451836\n|switch|p1a: Politoed|Politoed, L50, F|100/100\n|-weather|RainDance|[from] ability: Drizzle|[of] p1a: Politoed\n|move|p1b: Sableye|Will-O-Wisp|p2b: Basculegion\n|-status|p2b: Basculegion|brn\n|move|p2a: Charizard|Heat Wave|p1a: Politoed|[spread] p1a,p1b\n|-resisted|p1a: Politoed|1\n|-damage|p1a: Politoed|90/100\n|-damage|p1b: Sableye|18/100\n|-status|p1a: Politoed|brn\n|move|p2b: Basculegion|Last Respects|p1a: Politoed\n|-damage|p1a: Politoed|68/100 brn\n|-damage|p2b: Basculegion|90/100 brn|[from] item: Life Orb\n|\n|-weather|RainDance|[upkeep]\n|-damage|p1a: Politoed|62/100 brn|[from] brn\n|-damage|p2b: Basculegion|84/100 brn|[from] brn\n|upkeep\n|turn|3\n|inactive|ZURUYO has 30 seconds left.\n|\n|t:|1788451870\n|move|p1b: Sableye|Light Screen|p1b: Sableye\n|-sidestart|p1: htl5|move: Light Screen\n|move|p1a: Politoed|Weather Ball|p2a: Charizard\n|-supereffective|p2a: Charizard|1\n|-damage|p2a: Charizard|0 fnt\n|faint|p2a: Charizard\n|move|p2b: Basculegion|Wave Crash|p1a: Politoed\n|-resisted|p1a: Politoed|1\n|-damage|p1a: Politoed|27/100 brn\n|-damage|p2b: Basculegion|74/100 brn|[from] Recoil\n|-damage|p2b: Basculegion|65/100 brn|[from] item: Life Orb\n|\n|-weather|RainDance|[upkeep]\n|-damage|p1a: Politoed|21/100 brn|[from] brn\n|-damage|p2b: Basculegion|59/100 brn|[from] brn\n|upkeep\n|\n|t:|1788451884\n|switch|p2a: Garchomp|Garchomp, L50, F|100/100\n|turn|4\n|\n|t:|1788451900\n|move|p2a: Garchomp|Protect|p2a: Garchomp\n|-singleturn|p2a: Garchomp|Protect\n|move|p1b: Sableye|Will-O-Wisp|p2a: Garchomp\n|-activate|p2a: Garchomp|move: Protect\n|move|p1a: Politoed|Weather Ball|p2b: Basculegion\n|-resisted|p2b: Basculegion|1\n|-damage|p2b: Basculegion|27/100 brn\n|move|p2b: Basculegion|Wave Crash|p1b: Sableye\n|-damage|p1b: Sableye|0 fnt\n|faint|p1b: Sableye\n|-damage|p2b: Basculegion|22/100 brn|[from] Recoil\n|-damage|p2b: Basculegion|13/100 brn|[from] item: Life Orb\n|\n|-weather|RainDance|[upkeep]\n|-damage|p1a: Politoed|15/100 brn|[from] brn\n|-damage|p2b: Basculegion|7/100 brn|[from] brn\n|upkeep\n|\n|t:|1788451915\n|switch|p1b: Sneasler|Sneasler, L50, F|23/100\n|turn|5\n|\n|t:|1788451925\n|move|p1b: Sneasler|Fake Out|p2a: Garchomp\n|-damage|p2a: Garchomp|86/100\n|-damage|p1b: Sneasler|11/100|[from] ability: Rough Skin|[of] p2a: Garchomp\n|move|p2b: Basculegion|Aqua Jet|p1a: Politoed\n|-resisted|p1a: Politoed|1\n|-damage|p1a: Politoed|4/100 brn\n|-damage|p2b: Basculegion|0 fnt|[from] item: Life Orb\n|faint|p2b: Basculegion\n|move|p1a: Politoed|Weather Ball|p2a: Garchomp\n|-damage|p2a: Garchomp|29/100\n|-enditem|p2a: Garchomp|Sitrus Berry|[eat]\n|-heal|p2a: Garchomp|54/100|[from] item: Sitrus Berry\n|cant|p2a: Garchomp|flinch\n|\n|-weather|RainDance|[upkeep]\n|-damage|p1a: Politoed|0 fnt|[from] brn\n|faint|p1a: Politoed\n|upkeep\n|\n|t:|1788451941\n|switch|p1a: Gengar|Gengar, L50, F|100/100\n|switch|p2b: Kingambit|Kingambit, L50, F|100/100\n|turn|6\n|\n|t:|1788451955\n|detailschange|p1a: Gengar|Gengar-Mega, L50, F\n|-mega|p1a: Gengar|Gengar|Gengarite\n|move|p1a: Gengar|Protect|p1a: Gengar\n|-singleturn|p1a: Gengar|Protect\n|move|p2b: Kingambit|Sucker Punch|p1b: Sneasler\n|-resisted|p1b: Sneasler|1\n|-damage|p1b: Sneasler|0 fnt\n|faint|p1b: Sneasler\n|move|p2a: Garchomp|Earthquake|p1a: Gengar|[spread] p2b\n|-activate|p1a: Gengar|move: Protect\n|-supereffective|p2b: Kingambit|1\n|-damage|p2b: Kingambit|38/100\n|\n|-weather|none\n|upkeep\n|turn|7\n|\n|t:|1788451975\n|move|p2b: Kingambit|Sucker Punch||[still]\n|-fail|p2b: Kingambit\n|move|p1a: Gengar|Disable|p2b: Kingambit\n|-start|p2b: Kingambit|Disable|Sucker Punch\n|move|p2a: Garchomp|Earthquake|p1a: Gengar|[spread] p2b,p1a\n|-supereffective|p2b: Kingambit|1\n|-supereffective|p1a: Gengar|1\n|-damage|p2b: Kingambit|0 fnt\n|-damage|p1a: Gengar|28/100\n|faint|p2b: Kingambit\n|\n|upkeep\n|turn|8\n|\n|t:|1788451986\n|move|p1a: Gengar|Shadow Ball|p2a: Garchomp\n|-damage|p2a: Garchomp|5/100\n|move|p2a: Garchomp|Dragon Claw|p1a: Gengar\n|-damage|p1a: Gengar|0 fnt\n|faint|p1a: Gengar\n|\n|win|ZURUYO\n||htl5 is ready for game 2.\n|inactive|ZURUYO has 30 seconds to confirm battle start!\n","uploadtime":1788451997,"views":"0","formatid":"gen9championsvgc2026regmbbo3","rating":null,"private":0,"password":null}