{"id":"gen9championsvgc2026regmb-2674877196","format":"[Gen 9 Champions] VGC 2026 Reg M-B","players":["Honks123","jhopz"],"log":"|j|☆Honks123\n|j|☆jhopz\n|t:|1788427215\n|gametype|doubles\n|player|p1|Honks123|byron|1148\n|player|p2|jhopz|red|1158\n|gen|9\n|tier|[Gen 9 Champions] VGC 2026 Reg M-B\n|rated|\n|rule|Species Clause: Limit one of each Pokémon\n|rule|Item Clause: Limit 1 of each item\n|clearpoke\n|poke|p1|Dragonite, L50, M, shiny|\n|poke|p1|Heliolisk, L50, M|\n|poke|p1|Meowstic, L50, M, shiny|\n|poke|p1|Corviknight, L50, F, shiny|\n|poke|p1|Sinistcha, L50|\n|poke|p1|Gholdengo, L50|\n|poke|p2|Sceptile, L50, M, shiny|\n|poke|p2|Rotom-Wash, L50|\n|poke|p2|Aurorus, L50, M|\n|poke|p2|Whimsicott, L50, M|\n|poke|p2|Kingambit, L50, M|\n|poke|p2|Sneasler, L50, M|\n|teampreview|4\n|\n|t:|1788427247\n|teamsize|p1|4\n|teamsize|p2|4\n|start\n|switch|p1a: Meowstic|Meowstic, L50, M, shiny|100/100\n|switch|p1b: Heliolisk|Heliolisk, L50, M|100/100\n|switch|p2a: Aurorus|Aurorus, L50, M|100/100\n|switch|p2b: Sneasler|Sneasler, L50, M|100/100\n|-ability|p2b: Sneasler|Pressure\n|-weather|Snowscape|[from] ability: Snow Warning|[of] p2a: Aurorus\n|turn|1\n|inactive|Battle timer is ON: inactive players will automatically lose when time's up. (requested by jhopz)\n|\n|t:|1788427273\n|move|p1a: Meowstic|Fake Out|p2a: Aurorus\n|-resisted|p2a: Aurorus|1\n|-damage|p2a: Aurorus|98/100\n|move|p2b: Sneasler|Rock Slide|p1b: Heliolisk|[spread] p1a,p1b\n|-damage|p1a: Meowstic|74/100\n|-damage|p1b: Heliolisk|64/100\n|move|p1b: Heliolisk|Shed Tail|p1b: Heliolisk\n|-start|p1b: Heliolisk|Substitute|[from] move: Shed Tail\n|-damage|p1b: Heliolisk|14/100\n|-enditem|p1b: Heliolisk|Sitrus Berry|[eat]\n|-heal|p1b: Heliolisk|38/100|[from] item: Sitrus Berry\n|\n|t:|1788427286\n|switch|p1b: Dragonite|Dragonite, L50, M, shiny|100/100|[from] Shed Tail\n|cant|p2a: Aurorus|flinch\n|\n|-weather|Snowscape|[upkeep]\n|upkeep\n|turn|2\n|\n|t:|1788427299\n|detailschange|p1b: Dragonite|Dragonite-Mega, L50, M, shiny\n|-mega|p1b: Dragonite|Dragonite|Dragoninite\n|move|p1a: Meowstic|Light Screen|p1a: Meowstic\n|-sidestart|p1: Honks123|move: Light Screen\n|move|p2b: Sneasler|Rock Slide|p1b: Dragonite|[spread] p1a,p1b\n|-supereffective|p1b: Dragonite|1\n|-activate|p1b: Dragonite|move: Substitute|[damage]\n|-damage|p1a: Meowstic|50/100g\n|move|p1b: Dragonite|Low Kick|p2a: Aurorus\n|-supereffective|p2a: Aurorus|2\n|-enditem|p2a: Aurorus|Chople Berry|[eat]\n|-enditem|p2a: Aurorus|Chople Berry|[weaken]\n|-damage|p2a: Aurorus|57/100\n|move|p2a: Aurorus|Aurora Veil|p2a: Aurorus\n|-sidestart|p2: jhopz|move: Aurora Veil\n|\n|-weather|Snowscape|[upkeep]\n|upkeep\n|turn|3\n|\n|t:|1788427323\n|move|p2b: Sneasler|Dire Claw|p1a: Meowstic\n|-damage|p1a: Meowstic|2/100\n|-status|p1a: Meowstic|par\n|move|p1b: Dragonite|Low Kick|p2a: Aurorus\n|-supereffective|p2a: Aurorus|2\n|-damage|p2a: Aurorus|7/100\n|move|p1a: Meowstic|Psychic|p2b: Sneasler\n|-supereffective|p2b: Sneasler|2\n|-damage|p2b: Sneasler|8/100\n|move|p2a: Aurorus|Icy Wind|p1b: Dragonite|[spread] p1a,p1b\n|-supereffective|p1b: Dragonite|2\n|-end|p1b: Dragonite|Substitute\n|-damage|p1a: Meowstic|0 fnt\n|faint|p1a: Meowstic\n|\n|-weather|Snowscape|[upkeep]\n|upkeep\n|\n|t:|1788427340\n|switch|p1a: Heliolisk|Heliolisk, L50, M|38/100\n|turn|4\n|\n|t:|1788427351\n|move|p1b: Dragonite|Extreme Speed|p2b: Sneasler\n|-damage|p2b: Sneasler|0 fnt\n|faint|p2b: Sneasler\n|move|p1a: Heliolisk|Thunderbolt|p2a: Aurorus\n|-damage|p2a: Aurorus|0 fnt\n|faint|p2a: Aurorus\n|\n|-weather|Snowscape|[upkeep]\n|upkeep\n|\n|t:|1788427361\n|switch|p2b: Rotom|Rotom-Wash, L50|100/100\n|switch|p2a: Sceptile|Sceptile, L50, M, shiny|100/100\n|turn|5\n|\n|t:|1788427378\n|detailschange|p2a: Sceptile|Sceptile-Mega, L50, M, shiny\n|-mega|p2a: Sceptile|Sceptile|Sceptilite\n|move|p1a: Heliolisk|Ally Switch|p1a: Heliolisk\n|swap|p1a: Heliolisk|1|[from] move: Ally Switch\n|move|p2a: Sceptile|Dragon Pulse|p1b: Heliolisk\n|-damage|p1b: Heliolisk|0 fnt\n|faint|p1b: Heliolisk\n|move|p1a: Dragonite|Dragon Claw|p2a: Sceptile\n|-supereffective|p2a: Sceptile|1\n|-damage|p2a: Sceptile|2/100\n|move|p2b: Rotom|Discharge|p1a: Dragonite|[spread] p1a\n|-ability|p2a: Sceptile|Lightning Rod|boost\n|-boost|p2a: Sceptile|spa|1\n|-damage|p1a: Dragonite|92/100\n|\n|-weather|none\n|upkeep\n|\n|t:|1788427390\n|switch|p1b: Gholdengo|Gholdengo, L50|100/100\n|turn|6\n|\n|t:|1788427402\n|move|p1a: Dragonite|Extreme Speed|p2a: Sceptile\n|-damage|p2a: Sceptile|0 fnt\n|faint|p2a: Sceptile\n|move|p1b: Gholdengo|Nasty Plot|p1b: Gholdengo\n|-boost|p1b: Gholdengo|spa|2\n|move|p2b: Rotom|Discharge|p1b: Gholdengo|[spread] p1a,p1b\n|-damage|p1a: Dragonite|75/100\n|-damage|p1b: Gholdengo|80/100\n|\n|-sideend|p2: jhopz|move: Aurora Veil\n|upkeep\n|turn|7\n|-message|jhopz forfeited.\n|\n|win|Honks123\n|raw|Honks123's rating: 1148 &rarr; <strong>1174</strong><br />(+26 for winning)\n|raw|jhopz's rating: 1158 &rarr; <strong>1132</strong><br />(-26 for losing)\n|l|☆jhopz\n|player|p2|\n","uploadtime":1788427412,"views":"8","formatid":"gen9championsvgc2026regmb","rating":1132,"private":0,"password":null}