{"id":"gen9championsvgc2026regmb-2673961687","format":"[Gen 9 Champions] VGC 2026 Reg M-B","players":["fiasfjisafjasfjiji","notbloodmask"],"log":"|j|☆fiasfjisafjasfjiji\n|j|☆notbloodmask\n|t:|1788282194\n|gametype|doubles\n|player|p1|fiasfjisafjasfjiji|ruinmaniac|1000\n|player|p2|notbloodmask|unknown|1087\n|gen|9\n|tier|[Gen 9 Champions] VGC 2026 Reg M-B\n|rated|\n|rule|Species Clause: Limit one of each Pokémon\n|rule|Item Clause: Limit 1 of each item\n|clearpoke\n|poke|p1|Lucario, L50, M, shiny|\n|poke|p1|Aerodactyl, L50, F|\n|poke|p1|Tyranitar, L50, F, shiny|\n|poke|p1|Tauros-Paldea-Aqua, L50, M|\n|poke|p1|Ceruledge, L50, F|\n|poke|p1|Farigiraf, L50, M, shiny|\n|poke|p2|Rotom-Wash, L50|\n|poke|p2|Garchomp, L50, F|\n|poke|p2|Incineroar, L50, M|\n|poke|p2|Sinistcha, L50|\n|poke|p2|Venusaur, L50, F|\n|poke|p2|Dragapult, L50, F|\n|teampreview|4\n|inactive|Battle timer is ON: inactive players will automatically lose when time's up. (requested by fiasfjisafjasfjiji)\n|\n|t:|1788282235\n|teamsize|p1|4\n|teamsize|p2|4\n|start\n|switch|p1a: Lucario|Lucario, L50, M, shiny|100/100\n|switch|p1b: Aerodactyl|Aerodactyl, L50, F|100/100\n|switch|p2a: Rotom|Rotom-Wash, L50|100/100\n|switch|p2b: Garchomp|Garchomp, L50, F|100/100\n|-ability|p1b: Aerodactyl|Unnerve\n|turn|1\n|inactive|notbloodmask has 30 seconds left.\n|\n|t:|1788282261\n|detailschange|p1a: Lucario|Lucario-Mega, L50, M, shiny\n|-mega|p1a: Lucario|Lucario|Lucarionite\n|move|p1b: Aerodactyl|Ice Fang|p2b: Garchomp\n|-supereffective|p2b: Garchomp|2\n|-damage|p2b: Garchomp|27/100\n|-damage|p1b: Aerodactyl|87/100|[from] ability: Rough Skin|[of] p2b: Garchomp\n|move|p1a: Lucario|Flash Cannon|p2b: Garchomp\n|-damage|p2b: Garchomp|0 fnt\n|faint|p2b: Garchomp\n|move|p2a: Rotom|Hydro Pump|p1b: Aerodactyl\n|-supereffective|p1b: Aerodactyl|1\n|-damage|p1b: Aerodactyl|0 fnt\n|faint|p1b: Aerodactyl\n|\n|upkeep\n|\n|t:|1788282279\n|switch|p1b: Tyranitar|Tyranitar, L50, F, shiny|100/100\n|switch|p2b: Incineroar|Incineroar, L50, M|100/100\n|-weather|Sandstorm|[from] ability: Sand Stream|[of] p1b: Tyranitar\n|-ability|p2b: Incineroar|Intimidate|boost\n|-unboost|p1a: Lucario|atk|1\n|-unboost|p1b: Tyranitar|atk|1\n|turn|2\n|\n|t:|1788282298\n|move|p1a: Lucario|Aura Sphere|p2b: Incineroar\n|-supereffective|p2b: Incineroar|1\n|-damage|p2b: Incineroar|0 fnt\n|faint|p2b: Incineroar\n|move|p2a: Rotom|Hydro Pump|p1b: Tyranitar\n|-supereffective|p1b: Tyranitar|1\n|-damage|p1b: Tyranitar|40/100\n|move|p1b: Tyranitar|Rock Slide|p2a: Rotom\n|-damage|p2a: Rotom|55/100\n|-damage|p1b: Tyranitar|30/100|[from] item: Life Orb\n|\n|-weather|Sandstorm|[upkeep]\n|-damage|p2a: Rotom|49/100|[from] Sandstorm\n|-enditem|p2a: Rotom|Sitrus Berry|[eat]\n|-heal|p2a: Rotom|74/100|[from] item: Sitrus Berry\n|upkeep\n|\n|t:|1788282312\n|switch|p2b: Sinistcha|Sinistcha, L50|100/100\n|-heal|p2a: Rotom|99/100|[from] ability: Hospitality|[of] p2b: Sinistcha\n|turn|3\n|\n|t:|1788282327\n|switch|p1b: Tauros|Tauros-Paldea-Aqua, L50, M|100/100\n|-ability|p1b: Tauros|Intimidate|boost\n|-unboost|p2a: Rotom|atk|1\n|-unboost|p2b: Sinistcha|atk|1\n|move|p2a: Rotom|Protect|p2a: Rotom\n|-singleturn|p2a: Rotom|Protect\n|move|p1a: Lucario|Dark Pulse|p2b: Sinistcha\n|-supereffective|p2b: Sinistcha|1\n|-damage|p2b: Sinistcha|34/100\n|move|p2b: Sinistcha|Matcha Gotcha|p1b: Tauros|[spread] p1a,p1b\n|-resisted|p1a: Lucario|1\n|-supereffective|p1b: Tauros|1\n|-damage|p1a: Lucario|77/100\n|-heal|p2b: Sinistcha|44/100|[from] drain|[of] p1a: Lucario\n|-damage|p1b: Tauros|18/100\n|-heal|p2b: Sinistcha|80/100|[from] drain|[of] p1b: Tauros\n|\n|-weather|Sandstorm|[upkeep]\n|-damage|p1b: Tauros|12/100|[from] Sandstorm\n|-damage|p2a: Rotom|93/100|[from] Sandstorm\n|-damage|p2b: Sinistcha|74/100|[from] Sandstorm\n|upkeep\n|turn|4\n|inactive|fiasfjisafjasfjiji has 30 seconds left.\n|inactive|notbloodmask has 30 seconds left.\n|inactive|fiasfjisafjasfjiji has 20 seconds left.\n|inactive|notbloodmask has 20 seconds left.\n|inactive|notbloodmask has 15 seconds left.\n|inactive|fiasfjisafjasfjiji has 15 seconds left.\n|inactive|notbloodmask has 10 seconds left.\n|inactive|fiasfjisafjasfjiji has 10 seconds left.\n|\n|t:|1788282381\n|move|p1a: Lucario|Aura Sphere|p2a: Rotom\n|-damage|p2a: Rotom|25/100\n|move|p1b: Tauros|Close Combat|p2a: Rotom\n|-crit|p2a: Rotom\n|-damage|p2a: Rotom|0 fnt\n|-unboost|p1b: Tauros|def|1\n|-unboost|p1b: Tauros|spd|1\n|faint|p2a: Rotom\n|-enditem|p1b: Tauros|White Herb\n|-clearnegativeboost|p1b: Tauros|[silent]\n|move|p2b: Sinistcha|Shadow Ball|p1a: Lucario\n|-damage|p1a: Lucario|21/100\n|\n|-weather|Sandstorm|[upkeep]\n|-damage|p1b: Tauros|6/100|[from] Sandstorm\n|-damage|p2b: Sinistcha|68/100|[from] Sandstorm\n|upkeep\n|turn|5\n|\n|t:|1788282405\n|move|p2b: Sinistcha|Protect|p2b: Sinistcha\n|-singleturn|p2b: Sinistcha|Protect\n|move|p1a: Lucario|Dark Pulse|p2b: Sinistcha\n|-activate|p2b: Sinistcha|move: Protect\n|move|p1b: Tauros|Zen Headbutt|p2b: Sinistcha\n|-activate|p2b: Sinistcha|move: Protect\n|\n|-weather|Sandstorm|[upkeep]\n|-damage|p1b: Tauros|1/100|[from] Sandstorm\n|-damage|p2b: Sinistcha|62/100|[from] Sandstorm\n|upkeep\n|turn|6\n|\n|t:|1788282419\n|move|p2b: Sinistcha|Protect||[still]\n|-fail|p2b: Sinistcha\n|move|p1a: Lucario|Dark Pulse|p2b: Sinistcha\n|-supereffective|p2b: Sinistcha|1\n|-damage|p2b: Sinistcha|0 fnt\n|faint|p2b: Sinistcha\n|\n|win|fiasfjisafjasfjiji\n|raw|fiasfjisafjasfjiji's rating: 1000 &rarr; <strong>1050</strong><br />(+50 for winning)\n|raw|notbloodmask's rating: 1087 &rarr; <strong>1058</strong><br />(-29 for losing)\n","uploadtime":1788282425,"views":"0","formatid":"gen9championsvgc2026regmb","rating":1050,"private":0,"password":null}