{"id":"gen9championsvgc2026regmb-2674627165","format":"[Gen 9 Champions] VGC 2026 Reg M-B","players":["RetroMatt64","breloomb01"],"log":"|j|☆RetroMatt64\n|j|☆breloomb01\n|t:|1788382049\n|gametype|doubles\n|player|p1|RetroMatt64|2|1408\n|player|p2|breloomb01|roughneck|1397\n|gen|9\n|tier|[Gen 9 Champions] VGC 2026 Reg M-B\n|rated|\n|rule|Species Clause: Limit one of each Pokémon\n|rule|Item Clause: Limit 1 of each item\n|clearpoke\n|poke|p1|Kingambit, L50, M|\n|poke|p1|Charizard, L50, M|\n|poke|p1|Floette-Eternal, L50, F|\n|poke|p1|Whimsicott, L50, F|\n|poke|p1|Garchomp, L50, M|\n|poke|p1|Basculegion, L50, M|\n|poke|p2|Venusaur, L50, M|\n|poke|p2|Tyranitar, L50, F|\n|poke|p2|Excadrill, L50, M|\n|poke|p2|Rotom-Wash, L50|\n|poke|p2|Floette-Eternal, L50, F|\n|poke|p2|Incineroar, L50, F|\n|teampreview|4\n|\n|t:|1788382066\n|teamsize|p1|4\n|teamsize|p2|4\n|start\n|switch|p1a: Kingambit|Kingambit, L50, M|100/100\n|switch|p1b: Basculegion|Basculegion, L50, M|100/100\n|switch|p2a: Venusaur|Venusaur, L50, M|100/100\n|switch|p2b: Rotom|Rotom-Wash, L50|100/100\n|turn|1\n|\n|t:|1788382128\n|switch|p1b: Charizard|Charizard, L50, M|100/100\n|detailschange|p2a: Venusaur|Venusaur-Mega, L50, M\n|-mega|p2a: Venusaur|Venusaur|Venusaurite\n|move|p2a: Venusaur|Giga Drain|p1b: Charizard\n|-resisted|p1b: Charizard|2\n|-damage|p1b: Charizard|89/100\n|move|p2b: Rotom|Will-O-Wisp|p1a: Kingambit|[miss]\n|-miss|p2b: Rotom|p1a: Kingambit\n|move|p1a: Kingambit|Iron Head|p2a: Venusaur\n|-damage|p2a: Venusaur|61/100\n|\n|upkeep\n|turn|2\n|\n|t:|1788382142\n|switch|p1a: Whimsicott|Whimsicott, L50, F|100/100\n|detailschange|p1b: Charizard|Charizard-Mega-Y, L50, M\n|-mega|p1b: Charizard|Charizard|Charizardite Y\n|-weather|SunnyDay|[from] ability: Drought|[of] p1b: Charizard\n|move|p2a: Venusaur|Protect|p2a: Venusaur\n|-singleturn|p2a: Venusaur|Protect\n|move|p1b: Charizard|Weather Ball|p2a: Venusaur\n|-activate|p2a: Venusaur|move: Protect\n|move|p2b: Rotom|Will-O-Wisp|p1a: Whimsicott\n|-status|p1a: Whimsicott|brn\n|\n|-weather|SunnyDay|[upkeep]\n|-damage|p1a: Whimsicott|94/100 brn|[from] brn\n|upkeep\n|turn|3\n|\n|t:|1788382159\n|switch|p2a: Tyranitar|Tyranitar, L50, F|100/100\n|-weather|Sandstorm|[from] ability: Sand Stream|[of] p2a: Tyranitar\n|move|p1a: Whimsicott|Encore|p2a: Tyranitar\n|-hint|Since gen 7, Dark is immune to Prankster moves.\n|-immune|p2a: Tyranitar\n|move|p1b: Charizard|Solar Beam||[still]\n|-prepare|p1b: Charizard|Solar Beam\n|move|p2b: Rotom|Thunderbolt|p1b: Charizard\n|-supereffective|p1b: Charizard|1\n|-damage|p1b: Charizard|18/100\n|-status|p1b: Charizard|par\n|\n|-weather|Sandstorm|[upkeep]\n|-damage|p1a: Whimsicott|88/100 brn|[from] Sandstorm\n|-damage|p2b: Rotom|94/100|[from] Sandstorm\n|-damage|p1b: Charizard|12/100 par|[from] Sandstorm\n|-heal|p2b: Rotom|100/100|[from] item: Leftovers\n|-damage|p1a: Whimsicott|82/100 brn|[from] brn\n|upkeep\n|turn|4\n|\n|t:|1788382179\n|switch|p2a: Venusaur|Venusaur-Mega, L50, M|61/100\n|move|p1a: Whimsicott|Tailwind|p1a: Whimsicott\n|-sidestart|p1: RetroMatt64|move: Tailwind\n|move|p1b: Charizard|Solar Beam|p2b: Rotom|[from] lockedmove\n|-supereffective|p2b: Rotom|1\n|-damage|p2b: Rotom|49/100\n|move|p2b: Rotom|Thunderbolt|p1b: Charizard\n|-supereffective|p1b: Charizard|1\n|-damage|p1b: Charizard|0 fnt\n|faint|p1b: Charizard\n|\n|-weather|Sandstorm|[upkeep]\n|-damage|p1a: Whimsicott|76/100 brn|[from] Sandstorm\n|-damage|p2a: Venusaur|55/100|[from] Sandstorm\n|-damage|p2b: Rotom|43/100|[from] Sandstorm\n|-heal|p2b: Rotom|49/100|[from] item: Leftovers\n|-damage|p1a: Whimsicott|70/100 brn|[from] brn\n|upkeep\n|\n|t:|1788382197\n|switch|p1b: Basculegion|Basculegion, L50, M|100/100\n|turn|5\n|\n|t:|1788382205\n|move|p1a: Whimsicott|Moonblast|p2b: Rotom\n|-damage|p2b: Rotom|23/100\n|move|p1b: Basculegion|Last Respects|p2a: Venusaur\n|-damage|p2a: Venusaur|0 fnt\n|faint|p2a: Venusaur\n|move|p2b: Rotom|Will-O-Wisp|p1b: Basculegion\n|-status|p1b: Basculegion|brn\n|\n|-weather|Sandstorm|[upkeep]\n|-damage|p1a: Whimsicott|64/100 brn|[from] Sandstorm\n|-damage|p1b: Basculegion|93/100 brn|[from] Sandstorm\n|-damage|p2b: Rotom|17/100|[from] Sandstorm\n|-heal|p2b: Rotom|23/100|[from] item: Leftovers\n|-damage|p1a: Whimsicott|58/100 brn|[from] brn\n|-damage|p1b: Basculegion|87/100 brn|[from] brn\n|upkeep\n|\n|t:|1788382217\n|switch|p2a: Tyranitar|Tyranitar, L50, F|100/100\n|turn|6\n|\n|t:|1788382226\n|move|p2b: Rotom|Protect|p2b: Rotom\n|-singleturn|p2b: Rotom|Protect\n|move|p1a: Whimsicott|Moonblast|p2b: Rotom\n|-activate|p2b: Rotom|move: Protect\n|move|p1b: Basculegion|Wave Crash|p2a: Tyranitar\n|-supereffective|p2a: Tyranitar|1\n|-damage|p2a: Tyranitar|33/100\n|-damage|p1b: Basculegion|64/100 brn|[from] Recoil\n|move|p2a: Tyranitar|Knock Off|p1b: Basculegion\n|-supereffective|p1b: Basculegion|1\n|-damage|p1b: Basculegion|0 fnt\n|-enditem|p1b: Basculegion|Mystic Water|[from] move: Knock Off|[of] p2a: Tyranitar\n|faint|p1b: Basculegion\n|\n|-weather|Sandstorm|[upkeep]\n|-damage|p1a: Whimsicott|52/100 brn|[from] Sandstorm\n|-damage|p2b: Rotom|17/100|[from] Sandstorm\n|-heal|p2b: Rotom|23/100|[from] item: Leftovers\n|-damage|p1a: Whimsicott|46/100 brn|[from] brn\n|upkeep\n|\n|t:|1788382242\n|switch|p1b: Kingambit|Kingambit, L50, M|100/100\n|turn|7\n|\n|t:|1788382259\n|switch|p2a: Excadrill|Excadrill, L50, M|100/100\n|move|p1a: Whimsicott|Moonblast|p2b: Rotom\n|-damage|p2b: Rotom|1/100\n|move|p1b: Kingambit|Iron Head|p2a: Excadrill\n|-resisted|p2a: Excadrill|1\n|-damage|p2a: Excadrill|65/100\n|move|p2b: Rotom|Will-O-Wisp|p1b: Kingambit\n|-status|p1b: Kingambit|brn\n|\n|-weather|none\n|-heal|p2b: Rotom|6/100|[from] item: Leftovers\n|-damage|p1a: Whimsicott|40/100 brn|[from] brn\n|-damage|p1b: Kingambit|94/100 brn|[from] brn\n|-sideend|p1: RetroMatt64|move: Tailwind\n|upkeep\n|turn|8\n|\n|t:|1788382279\n|move|p1a: Whimsicott|Moonblast|p2b: Rotom\n|-damage|p2b: Rotom|0 fnt\n|faint|p2b: Rotom\n|move|p2a: Excadrill|Iron Head|p1a: Whimsicott\n|-supereffective|p1a: Whimsicott|1\n|-damage|p1a: Whimsicott|0 fnt\n|faint|p1a: Whimsicott\n|move|p1b: Kingambit|Kowtow Cleave|p2a: Excadrill\n|-damage|p2a: Excadrill|29/100\n|\n|-damage|p1b: Kingambit|88/100 brn|[from] brn\n|upkeep\n|\n|t:|1788382282\n|switch|p2b: Tyranitar|Tyranitar, L50, F|33/100\n|-weather|Sandstorm|[from] ability: Sand Stream|[of] p2b: Tyranitar\n|turn|9\n|\n|t:|1788382293\n|move|p2a: Excadrill|Protect|p2a: Excadrill\n|-singleturn|p2a: Excadrill|Protect\n|move|p1b: Kingambit|Sucker Punch||[still]\n|-fail|p1b: Kingambit\n|move|p2b: Tyranitar|Low Kick|p1b: Kingambit\n|-supereffective|p1b: Kingambit|2\n|-enditem|p1b: Kingambit|Chople Berry|[eat]\n|-enditem|p1b: Kingambit|Chople Berry|[weaken]\n|-damage|p1b: Kingambit|31/100 brn\n|\n|-weather|Sandstorm|[upkeep]\n|-damage|p1b: Kingambit|25/100 brn|[from] brn\n|upkeep\n|turn|10\n|\n|t:|1788382303\n|move|p2a: Excadrill|Earthquake|p1b: Kingambit|[spread] p2b,p1b\n|-supereffective|p2b: Tyranitar|1\n|-supereffective|p1b: Kingambit|1\n|-damage|p2b: Tyranitar|0 fnt\n|-damage|p1b: Kingambit|0 fnt\n|faint|p2b: Tyranitar\n|faint|p1b: Kingambit\n|\n|win|breloomb01\n|raw|RetroMatt64's rating: 1408 &rarr; <strong>1387</strong><br />(-21 for losing)\n|raw|breloomb01's rating: 1397 &rarr; <strong>1418</strong><br />(+21 for winning)\n|l|☆RetroMatt64\n|player|p1|\n|l|☆breloomb01\n|player|p2|\n|j|☆breloomb01\n|player|p2|breloomb01|roughneck|\n","uploadtime":1788382318,"views":"1","formatid":"gen9championsvgc2026regmb","rating":1387,"private":0,"password":null}