{"id":"gen9championsvgc2026regmbbo3-2674616718","format":"[Gen 9 Champions] VGC 2026 Reg M-B (Bo3)","players":["griffin OM","JettFumes"],"log":"|j|☆griffin OM\n|j|☆JettFumes\n|html|<table width=\"100%\"><tr><td align=\"left\">griffin OM</td><td align=\"right\">JettFumes</tr><tr><td align=\"left\"><i class=\"fa fa-circle-o\"></i> <i class=\"fa fa-circle-o\"></i> </td><td align=\"right\"><i class=\"fa fa-circle-o\"></i> <i class=\"fa fa-circle-o\"></i> </tr></table>\n|uhtml|bestof|<h2><strong>Game 1</strong> of <a href=\"/game-bestof3-gen9championsvgc2026regmbbo3-2674616717\">a best-of-3</a></h2>\n|t:|1788380767\n|gametype|doubles\n|player|p1|griffin OM|1|\n|player|p2|JettFumes|266|\n|gen|9\n|tier|[Gen 9 Champions] VGC 2026 Reg M-B (Bo3)\n|rule|Species Clause: Limit one of each Pokémon\n|rule|Item Clause: Limit 1 of each item\n|clearpoke\n|poke|p1|Whimsicott, L50, M|\n|poke|p1|Tyranitar, L50, F|\n|poke|p1|Garchomp, L50, M|\n|poke|p1|Ceruledge, L50, F|\n|poke|p1|Kingambit, L50, F|\n|poke|p1|Corviknight, L50, M|\n|poke|p2|Swampert, L50, M|\n|poke|p2|Pelipper, L50, M|\n|poke|p2|Archaludon, L50, F|\n|poke|p2|Sableye, L50, M|\n|poke|p2|Venusaur, L50, F|\n|poke|p2|Basculegion, L50, M|\n|teampreview|4\n|showteam|p1|Whimsicott||FocusSash|Prankster|EnergyBall,Moonblast,Protect,Tailwind|Timid||M|||50|]Tyranitar||Tyranitarite|SandStream|DragonDance,KnockOff,Protect,RockSlide|Impish||F|||50|]Garchomp||Garchompite|RoughSkin|DragonPulse,EarthPower,PowerGem,Protect|Modest||M|||50|]Ceruledge||ColburBerry|FlashFire|BitterBlade,BulkUp,Protect,ShadowSneak|Adamant||F|||50|]Kingambit||LifeOrb|Defiant|KowtowCleave,Protect,SuckerPunch,IronHead|Adamant||F|||50|]Corviknight||Leftovers|MirrorArmor|BodyPress,BraveBird,BulkUp,Protect|Careful||M|||50|\n|showteam|p2|Swampert||Swampertite|Torrent|Earthquake,WaveCrash,IcePunch,Protect|Adamant||M|||50|]Pelipper||FocusSash|Drizzle|Hurricane,WeatherBall,Tailwind,Protect|Modest||M|||50|]Archaludon||Leftovers|Stamina|ElectroShot,DragonPulse,FlashCannon,Protect|Modest||F|||50|]Sableye||LightClay|Prankster|WillOWisp,RainDance,LightScreen,Reflect|Calm||M|||50|]Venusaur||Venusaurite|Chlorophyll|Protect,EarthPower,SludgeBomb,GigaDrain|Modest||F|||50|]Basculegion||ChoiceScarf|Adaptability|WaveCrash,FlipTurn,AquaJet,LastRespects|Jolly||M|||50|\n|inactive|Battle timer is ON: inactive players will automatically lose when time's up. (requested by JettFumes)\n|c|☆JettFumes|Glhf\n|inactive|JettFumes has 60 seconds left.\n|\n|t:|1788380808\n|teamsize|p1|4\n|teamsize|p2|4\n|start\n|switch|p1a: Whimsicott|Whimsicott, L50, M|100/100\n|switch|p1b: Ceruledge|Ceruledge, L50, F|100/100\n|switch|p2a: Pelipper|Pelipper, L50, M|100/100\n|switch|p2b: Venusaur|Venusaur, L50, F|100/100\n|-weather|RainDance|[from] ability: Drizzle|[of] p2a: Pelipper\n|turn|1\n|inactive|griffin OM has 30 seconds left.\n|inactive|JettFumes has 30 seconds left.\n|inactive|JettFumes has 20 seconds left.\n|inactive|JettFumes has 15 seconds left.\n|inactive|JettFumes has 10 seconds left.\n|\n|t:|1788380854\n|detailschange|p2b: Venusaur|Venusaur-Mega, L50, F\n|-mega|p2b: Venusaur|Venusaur|Venusaurite\n|move|p1b: Ceruledge|Protect|p1b: Ceruledge\n|-singleturn|p1b: Ceruledge|Protect\n|move|p1a: Whimsicott|Tailwind|p1a: Whimsicott\n|-sidestart|p1: griffin OM|move: Tailwind\n|move|p2a: Pelipper|Hurricane|p1a: Whimsicott\n|-supereffective|p1a: Whimsicott|1\n|-enditem|p1a: Whimsicott|Focus Sash\n|-damage|p1a: Whimsicott|1/100\n|move|p2b: Venusaur|Sludge Bomb|p1a: Whimsicott\n|-supereffective|p1a: Whimsicott|2\n|-damage|p1a: Whimsicott|0 fnt\n|faint|p1a: Whimsicott\n|\n|-weather|RainDance|[upkeep]\n|upkeep\n|\n|t:|1788380868\n|switch|p1a: Tyranitar|Tyranitar, L50, F|100/100\n|-weather|Sandstorm|[from] ability: Sand Stream|[of] p1a: Tyranitar\n|turn|2\n|\n|t:|1788380889\n|move|p2b: Venusaur|Protect|p2b: Venusaur\n|-singleturn|p2b: Venusaur|Protect\n|move|p1a: Tyranitar|Rock Slide|p2b: Venusaur|[spread] p2a\n|-activate|p2b: Venusaur|move: Protect\n|-supereffective|p2a: Pelipper|1\n|-damage|p2a: Pelipper|31/100\n|move|p1b: Ceruledge|Bitter Blade|p2b: Venusaur\n|-activate|p2b: Venusaur|move: Protect\n|move|p2a: Pelipper|Tailwind|p2a: Pelipper\n|-sidestart|p2: JettFumes|move: Tailwind\n|\n|-weather|Sandstorm|[upkeep]\n|-damage|p2a: Pelipper|25/100|[from] Sandstorm\n|-damage|p2b: Venusaur|94/100|[from] Sandstorm\n|-damage|p1b: Ceruledge|93/100|[from] Sandstorm\n|upkeep\n|turn|3\n|inactive|griffin OM has 30 seconds left.\n|inactive|JettFumes has 30 seconds left.\n|\n|t:|1788380920\n|switch|p1a: Garchomp|Garchomp, L50, M|100/100\n|switch|p2b: Basculegion|Basculegion, L50, M|100/100\n|move|p2a: Pelipper|Protect|p2a: Pelipper\n|-singleturn|p2a: Pelipper|Protect\n|move|p1b: Ceruledge|Shadow Sneak|p2a: Pelipper\n|-activate|p2a: Pelipper|move: Protect\n|\n|-weather|Sandstorm|[upkeep]\n|-damage|p2b: Basculegion|93/100|[from] Sandstorm\n|-damage|p2a: Pelipper|20/100r|[from] Sandstorm\n|-damage|p1b: Ceruledge|87/100|[from] Sandstorm\n|upkeep\n|turn|4\n|inactive|griffin OM has 30 seconds left.\n|inactive|griffin OM has 20 seconds left.\n|inactive|griffin OM has 15 seconds left.\n|inactive|griffin OM has 10 seconds left.\n|\n|t:|1788380970\n|switch|p2a: Archaludon|Archaludon, L50, F|100/100\n|detailschange|p1a: Garchomp|Garchomp-Mega, L50, M\n|-mega|p1a: Garchomp|Garchomp|Garchompite\n|move|p1b: Ceruledge|Shadow Sneak|p2b: Basculegion\n|-supereffective|p2b: Basculegion|1\n|-damage|p2b: Basculegion|41/100\n|move|p2b: Basculegion|Flip Turn|p1b: Ceruledge\n|-supereffective|p1b: Ceruledge|1\n|-damage|p1b: Ceruledge|2/100\n|\n|t:|1788380981\n|switch|p2b: Pelipper|Pelipper, L50, M|20/100r|[from] Flip Turn\n|-weather|RainDance|[from] ability: Drizzle|[of] p2b: Pelipper\n|move|p1a: Garchomp|Earth Power|p2b: Pelipper\n|-immune|p2b: Pelipper\n|\n|-weather|RainDance|[upkeep]\n|-sideend|p1: griffin OM|move: Tailwind\n|upkeep\n|turn|5\n|inactive|griffin OM has 30 seconds left.\n|\n|t:|1788381014\n|switch|p2b: Venusaur|Venusaur-Mega, L50, F|94/100\n|move|p1a: Garchomp|Protect|p1a: Garchomp\n|-singleturn|p1a: Garchomp|Protect\n|move|p1b: Ceruledge|Shadow Sneak|p2b: Venusaur\n|-damage|p2b: Venusaur|76/100\n|move|p2a: Archaludon|Dragon Pulse|p1a: Garchomp\n|-activate|p1a: Garchomp|move: Protect\n|\n|-weather|RainDance|[upkeep]\n|-sideend|p2: JettFumes|move: Tailwind\n|upkeep\n|turn|6\n|inactive|griffin OM has 30 seconds left.\n|inactive|JettFumes has 30 seconds left.\n|inactive|griffin OM has 20 seconds left.\n|inactive|griffin OM has 15 seconds left.\n|inactive|griffin OM has 10 seconds left.\n|\n|t:|1788381062\n|move|p2a: Archaludon|Protect|p2a: Archaludon\n|-singleturn|p2a: Archaludon|Protect\n|move|p1b: Ceruledge|Shadow Sneak|p2b: Venusaur\n|-damage|p2b: Venusaur|60/100\n|move|p1a: Garchomp|Earth Power|p2b: Venusaur\n|-damage|p2b: Venusaur|17/100\n|move|p2b: Venusaur|Earth Power|p1b: Ceruledge\n|-supereffective|p1b: Ceruledge|1\n|-damage|p1b: Ceruledge|0 fnt\n|faint|p1b: Ceruledge\n|\n|-weather|RainDance|[upkeep]\n|upkeep\n|\n|t:|1788381074\n|switch|p1b: Tyranitar|Tyranitar, L50, F|100/100\n|-weather|Sandstorm|[from] ability: Sand Stream|[of] p1b: Tyranitar\n|turn|7\n|inactive|griffin OM has 30 seconds left.\n|\n|t:|1788381101\n|switch|p2a: Basculegion|Basculegion, L50, M|41/100\n|move|p1a: Garchomp|Power Gem|p2a: Basculegion\n|-damage|p2a: Basculegion|1/100\n|move|p1b: Tyranitar|Rock Slide|p2b: Venusaur|[spread] p2a,p2b\n|-damage|p2a: Basculegion|0 fnt\n|-damage|p2b: Venusaur|0 fnt\n|faint|p2a: Basculegion\n|faint|p2b: Venusaur\n|\n|-weather|Sandstorm|[upkeep]\n|upkeep\n|\n|t:|1788381116\n|switch|p2a: Pelipper|Pelipper, L50, M|20/100r\n|switch|p2b: Archaludon|Archaludon, L50, F|100/100\n|-weather|RainDance|[from] ability: Drizzle|[of] p2a: Pelipper\n|turn|8\n|inactive|griffin OM has 30 seconds left.\n|\n|t:|1788381148\n|move|p1a: Garchomp|Protect|p1a: Garchomp\n|-singleturn|p1a: Garchomp|Protect\n|move|p2a: Pelipper|Weather Ball|p1b: Tyranitar\n|-supereffective|p1b: Tyranitar|1\n|-damage|p1b: Tyranitar|0 fnt\n|faint|p1b: Tyranitar\n|move|p2b: Archaludon|Dragon Pulse|p1a: Garchomp\n|-activate|p1a: Garchomp|move: Protect\n|\n|-weather|RainDance|[upkeep]\n|upkeep\n|turn|9\n|inactive|JettFumes has 30 seconds left.\n|inactive|JettFumes has 20 seconds left.\n|\n|t:|1788381186\n|move|p1a: Garchomp|Power Gem|p2a: Pelipper\n|-supereffective|p2a: Pelipper|1\n|-damage|p2a: Pelipper|0 fnt\n|faint|p2a: Pelipper\n|move|p2b: Archaludon|Dragon Pulse|p1a: Garchomp\n|-supereffective|p1a: Garchomp|1\n|-damage|p1a: Garchomp|15/100\n|\n|-weather|RainDance|[upkeep]\n|upkeep\n|turn|10\n|inactive|JettFumes has 30 seconds left.\n|\n|t:|1788381212\n|move|p1a: Garchomp|Earth Power|p2b: Archaludon\n|-supereffective|p2b: Archaludon|1\n|-damage|p2b: Archaludon|0 fnt\n|faint|p2b: Archaludon\n|\n|win|griffin OM\n||JettFumes is ready for game 2.\n|inactive|griffin OM has 30 seconds to confirm battle start!\n||griffin OM is ready for game 2.\n|uhtml|next|Next: <a href=\"/battle-gen9championsvgc2026regmbbo3-2674620388\"><strong>Game 2 of 3</strong></a>\n|l|☆JettFumes\n|player|p2|\n|j|☆JettFumes\n|player|p2|JettFumes|266|\n","uploadtime":1788382218,"views":"30","formatid":"gen9championsvgc2026regmbbo3","rating":null,"private":0,"password":null}