{"id":"gen9championsvgc2026regmbbo3-2673383383","format":"[Gen 9 Champions] VGC 2026 Reg M-B (Bo3)","players":["humania1","zugga"],"log":"|j|☆humania1\n|j|☆zugga\n|html|<table width=\"100%\"><tr><td align=\"left\">humania1</td><td align=\"right\">zugga</tr><tr><td align=\"left\"><i class=\"fa fa-circle-o\"></i> <i class=\"fa fa-circle-o\"></i> </td><td align=\"right\"><i class=\"fa fa-circle-o\"></i> <i class=\"fa fa-circle\"></i> </tr></table>\n|uhtml|bestof|<h2><strong>Game 2</strong> of <a href=\"/game-bestof3-gen9championsvgc2026regmbbo3-2673381419\">a best-of-3</a></h2>\n|t:|1788191080\n|gametype|doubles\n|player|p1|humania1|170|1111\n|player|p2|zugga|169|1040\n|gen|9\n|tier|[Gen 9 Champions] VGC 2026 Reg M-B (Bo3)\n|rated|\n|rule|Species Clause: Limit one of each Pokémon\n|rule|Item Clause: Limit 1 of each item\n|clearpoke\n|poke|p1|Blastoise, L50, F|\n|poke|p1|Delphox, L50, F, shiny|\n|poke|p1|Incineroar, L50, F|\n|poke|p1|Sinistcha, L50|\n|poke|p1|Sneasler, L50, F|\n|poke|p1|Vivillon, L50, F|\n|poke|p2|Charizard, L50, M, shiny|\n|poke|p2|Whimsicott, L50, M, shiny|\n|poke|p2|Sinistcha-Masterpiece, L50, shiny|\n|poke|p2|Staraptor, L50, M, shiny|\n|poke|p2|Garchomp, L50, M|\n|poke|p2|Basculegion, L50, M|\n|teampreview|4\n|showteam|p1|Blastoise||Blastoisinite|Torrent|Protect,ShellSmash,WaterSpout,DarkPulse|Modest||F|||50|]Delphox||Delphoxite|Blaze|Protect,HeatWave,Psyshock,NastyPlot|Timid||F|||50|]Incineroar||PasshoBerry|Intimidate|FakeOut,PartingShot,FlareBlitz,ThroatChop|Impish||F|||50|]Sinistcha||SitrusBerry|Hospitality|Protect,MatchaGotcha,TrickRoom,RagePowder|Bold|||||50|]Sneasler||FocusSash|PoisonTouch|QuickGuard,FakeOut,CloseCombat,DireClaw|Jolly||F|||50|]Vivillon||ChoiceScarf|CompoundEyes|Hurricane,SleepPowder,RagePowder,Uturn|Timid||F|||50|\n|showteam|p2|Charizard||CharizarditeY|Blaze|HeatWave,SolarBeam,Protect,WeatherBall|Modest||M|||50|]Whimsicott||FocusSash|Prankster|Moonblast,Encore,Tailwind,Charm|Timid||M|||50|]Sinistcha-Masterpiece||SitrusBerry|Hospitality|MatchaGotcha,LifeDew,TrickRoom,RagePowder|Calm|||||50|]Staraptor||Staraptite|Intimidate|CloseCombat,BraveBird,Protect,Roost|Jolly||M|||50|]Garchomp||LifeOrb|RoughSkin|DragonClaw,RockSlide,Earthquake,Protect|Adamant||M|||50|]Basculegion||ExpertBelt|Adaptability|WaveCrash,AquaJet,LastRespects,Protect|Adamant||M|||50|\n|inactive|Battle timer is ON: inactive players will automatically lose when time's up. (requested by humania1)\n|\n|t:|1788191094\n|teamsize|p1|4\n|teamsize|p2|4\n|start\n|switch|p1a: Delphox|Delphox, L50, F, shiny|100/100\n|switch|p1b: Incineroar|Incineroar, L50, F|100/100\n|switch|p2a: Mộc Dương|Whimsicott, L50, M, shiny|100/100\n|switch|p2b: Giác Điểu|Staraptor, L50, M, shiny|100/100\n|-ability|p2b: Giác Điểu|Intimidate|boost\n|-unboost|p1a: Delphox|atk|1\n|-unboost|p1b: Incineroar|atk|1\n|-ability|p1b: Incineroar|Intimidate|boost\n|-unboost|p2a: Mộc Dương|atk|1\n|-unboost|p2b: Giác Điểu|atk|1\n|turn|1\n|j| nosehabladebruno\n|\n|t:|1788191115\n|detailschange|p1a: Delphox|Delphox-Mega, L50, F, shiny\n|-mega|p1a: Delphox|Delphox|Delphoxite\n|detailschange|p2b: Giác Điểu|Staraptor-Mega, L50, M, shiny\n|-mega|p2b: Giác Điểu|Staraptor|Staraptite\n|move|p2a: Mộc Dương|Tailwind|p2a: Mộc Dương\n|-sidestart|p2: zugga|move: Tailwind\n|move|p2b: Giác Điểu|Close Combat|p1b: Incineroar\n|-supereffective|p1b: Incineroar|1\n|-damage|p1b: Incineroar|31/100\n|-boost|p2b: Giác Điểu|def|1\n|-boost|p2b: Giác Điểu|spd|1\n|move|p1a: Delphox|Psyshock|p2a: Mộc Dương\n|-crit|p2a: Mộc Dương\n|-damage|p2a: Mộc Dương|2/100\n|move|p1b: Incineroar|Flare Blitz|p2a: Mộc Dương\n|-supereffective|p2a: Mộc Dương|1\n|-damage|p2a: Mộc Dương|0 fnt\n|faint|p2a: Mộc Dương\n|-damage|p1b: Incineroar|31/100|[from] Recoil\n|\n|upkeep\n|\n|t:|1788191134\n|switch|p2a: Linh Trà|Sinistcha-Masterpiece, L50, shiny|100/100\n|turn|2\n|\n|t:|1788191155\n|move|p2b: Giác Điểu|Close Combat|p1b: Incineroar\n|-supereffective|p1b: Incineroar|1\n|-damage|p1b: Incineroar|0 fnt\n|-boost|p2b: Giác Điểu|def|1\n|-boost|p2b: Giác Điểu|spd|1\n|faint|p1b: Incineroar\n|move|p1a: Delphox|Heat Wave|p2b: Giác Điểu|[spread] p2a,p2b\n|-supereffective|p2a: Linh Trà|1\n|-damage|p2a: Linh Trà|23/100\n|-damage|p2b: Giác Điểu|72/100\n|-enditem|p2a: Linh Trà|Sitrus Berry|[eat]\n|-heal|p2a: Linh Trà|48/100|[from] item: Sitrus Berry\n|move|p2a: Linh Trà|Matcha Gotcha|p1a: Delphox\n|-resisted|p1a: Delphox|1\n|-crit|p1a: Delphox\n|-damage|p1a: Delphox|79/100\n|-heal|p2a: Linh Trà|59/100|[from] drain|[of] p1a: Delphox\n|\n|upkeep\n|\n|t:|1788191155\n|switch|p1b: Sneasler|Sneasler, L50, F|100/100\n|turn|3\n|inactive|zugga has 30 seconds left.\n|inactive|zugga has 20 seconds left.\n|\n|t:|1788191192\n|switch|p1b: Sinistcha|Sinistcha, L50|100/100\n|-heal|p1a: Delphox|100/100|[from] ability: Hospitality|[of] p1b: Sinistcha\n|move|p2b: Giác Điểu|Close Combat|p1a: Delphox\n|-resisted|p1a: Delphox|1\n|-damage|p1a: Delphox|67/100\n|-boost|p2b: Giác Điểu|def|1\n|-boost|p2b: Giác Điểu|spd|1\n|move|p1a: Delphox|Heat Wave|p2b: Giác Điểu|[spread] p2a,p2b\n|-supereffective|p2a: Linh Trà|1\n|-damage|p2a: Linh Trà|0 fnt\n|-damage|p2b: Giác Điểu|53/100\n|faint|p2a: Linh Trà\n|\n|upkeep\n|\n|t:|1788191205\n|switch|p2a: Nộ Ngư|Basculegion, L50, M|100/100\n|turn|4\n|\n|t:|1788191216\n|move|p2b: Giác Điểu|Brave Bird|p1b: Sinistcha\n|-supereffective|p1b: Sinistcha|1\n|-damage|p1b: Sinistcha|27/100\n|-enditem|p1b: Sinistcha|Sitrus Berry|[eat]\n|-heal|p1b: Sinistcha|52/100|[from] item: Sitrus Berry\n|-damage|p2b: Giác Điểu|27/100|[from] Recoil\n|move|p2a: Nộ Ngư|Last Respects|p1b: Sinistcha\n|-supereffective|p1b: Sinistcha|1\n|-damage|p1b: Sinistcha|0 fnt\n|faint|p1b: Sinistcha\n|move|p1a: Delphox|Nasty Plot|p1a: Delphox\n|-boost|p1a: Delphox|spa|2\n|\n|-sideend|p2: zugga|move: Tailwind\n|upkeep\n|\n|t:|1788191216\n|switch|p1b: Sneasler|Sneasler, L50, F|100/100\n|turn|5\n|\n|t:|1788191237\n|move|p1b: Sneasler|Quick Guard|p1b: Sneasler\n|-singleturn|p1b: Sneasler|Quick Guard\n|move|p2a: Nộ Ngư|Aqua Jet|p1a: Delphox\n|-activate|p1a: Delphox|move: Quick Guard\n|move|p1a: Delphox|Heat Wave|p2a: Nộ Ngư|[spread] p2a,p2b\n|-resisted|p2a: Nộ Ngư|1\n|-damage|p2a: Nộ Ngư|53/100\n|-damage|p2b: Giác Điểu|0 fnt\n|faint|p2b: Giác Điểu\n|\n|upkeep\n|turn|6\n|\n|t:|1788191254\n|move|p1b: Sneasler|Quick Guard|p1b: Sneasler\n|-singleturn|p1b: Sneasler|Quick Guard\n|move|p1a: Delphox|Psyshock|p2a: Nộ Ngư\n|-damage|p2a: Nộ Ngư|0 fnt\n|faint|p2a: Nộ Ngư\n|\n|win|humania1\n","uploadtime":1788191254,"views":"1","formatid":"gen9championsvgc2026regmbbo3","rating":null,"private":0,"password":null}