{"id":"gen9championsvgc2026regmbbo3-2673476043","format":"[Gen 9 Champions] VGC 2026 Reg M-B (Bo3)","players":["Amaterios_03","Cfoowl"],"log":"|j|☆Amaterios_03\n|j|☆Cfoowl\n|html|<table width=\"100%\"><tr><td align=\"left\">Amaterios_03</td><td align=\"right\">Cfoowl</tr><tr><td align=\"left\"><i class=\"fa fa-circle\"></i> <i class=\"fa fa-circle-o\"></i> </td><td align=\"right\"><i class=\"fa fa-circle-o\"></i> <i class=\"fa fa-circle\"></i> </tr></table>\n|uhtml|bestof|<h2><strong>Game 3</strong> of <a href=\"/game-bestof3-gen9championsvgc2026regmbbo3-2673470354\">a best-of-3</a></h2>\n|t:|1788202338\n|gametype|doubles\n|player|p1|Amaterios_03|hugh|1210\n|player|p2|Cfoowl|265|1240\n|gen|9\n|tier|[Gen 9 Champions] VGC 2026 Reg M-B (Bo3)\n|rated|\n|rule|Species Clause: Limit one of each Pokémon\n|rule|Item Clause: Limit 1 of each item\n|clearpoke\n|poke|p1|Metagross, L50, shiny|\n|poke|p1|Farigiraf, L50, F|\n|poke|p1|Sneasler, L50, F|\n|poke|p1|Torkoal, L50, M|\n|poke|p1|Toxapex, L50, F|\n|poke|p1|Scovillain, L50, F|\n|poke|p2|Scovillain, L50, M, shiny|\n|poke|p2|Basculegion, L50, M|\n|poke|p2|Kingambit, L50, F|\n|poke|p2|Sneasler, L50, M|\n|poke|p2|Lycanroc-Dusk, L50, M|\n|poke|p2|Froslass, L50, F, shiny|\n|teampreview|4\n|showteam|p1|Metagross||Metagrossite|ClearBody|IronHead,PsychicFangs,Protect,RockSlide|Brave|||||50|]Farigiraf||SitrusBerry|ArmorTail|Psychic,Thunderbolt,Protect,TrickRoom|Serious||F|||50|]Sneasler||FocusSash|PoisonTouch|CloseCombat,FakeOut,Protect,DireClaw|Adamant||F|||50|]Torkoal||Charcoal|Drought|Eruption,HeatWave,Protect,EarthPower|Quiet||M|||50|]Toxapex||Leftovers|Regenerator|Lunge,Infestation,BanefulBunker,WideGuard|Sassy||F|||50|]Scovillain||Scovillainite|Moody|LeafStorm,LeechSeed,Protect,RagePowder|Calm||F|||50|\n|showteam|p2|Scovillain||Scovillainite|Moody|GigaDrain,Overheat,RagePowder,Protect|Bold||M|||50|]Basculegion||LifeOrb|Adaptability|WaveCrash,LastRespects,AquaJet,Protect|Adamant||M|||50|]Kingambit||BlackGlasses|Defiant|KowtowCleave,SuckerPunch,SwordsDance,Protect|Adamant||F|||50|]Sneasler||WhiteHerb|Unburden|CloseCombat,DireClaw,Protect,FakeOut|Adamant||M|||50|]Lycanroc-Dusk||FocusSash|ToughClaws|CloseCombat,Accelerock,RockSlide,Protect|Adamant||M|||50|]Froslass||Froslassite|CursedBody|Blizzard,ShadowBall,AuroraVeil,Protect|Timid||F|||50|\n|\n|t:|1788202365\n|teamsize|p1|4\n|teamsize|p2|4\n|start\n|switch|p1a: Scovillain|Scovillain, L50, F|100/100\n|switch|p1b: Farigiraf|Farigiraf, L50, F|100/100\n|switch|p2a: Koala|Froslass, L50, F, shiny|100/100\n|switch|p2b: SlycedBread|Basculegion, L50, M|100/100\n|turn|1\n|inactive|Battle timer is ON: inactive players will automatically lose when time's up. (requested by Cfoowl)\n|\n|t:|1788202375\n|detailschange|p2a: Koala|Froslass-Mega, L50, F, shiny\n|-mega|p2a: Koala|Froslass|Froslassite\n|-weather|Snowscape|[from] ability: Snow Warning|[of] p2a: Koala\n|detailschange|p1a: Scovillain|Scovillain-Mega, L50, F\n|-mega|p1a: Scovillain|Scovillain|Scovillainite\n|move|p2a: Koala|Aurora Veil|p2a: Koala\n|-sidestart|p2: Cfoowl|move: Aurora Veil\n|move|p2b: SlycedBread|Wave Crash|p1b: Farigiraf\n|-damage|p1b: Farigiraf|0 fnt\n|faint|p1b: Farigiraf\n|-damage|p2b: SlycedBread|62/100|[from] Recoil\n|-damage|p2b: SlycedBread|52/100|[from] item: Life Orb\n|move|p1a: Scovillain|Leaf Storm|p2b: SlycedBread|[miss]\n|-miss|p1a: Scovillain|p2b: SlycedBread\n|\n|-weather|Snowscape|[upkeep]\n|upkeep\n|\n|t:|1788202390\n|switch|p1b: Torkoal|Torkoal, L50, M|100/100\n|-weather|SunnyDay|[from] ability: Drought|[of] p1b: Torkoal\n|turn|2\n|\n|t:|1788202402\n|move|p2a: Koala|Shadow Ball|p1b: Torkoal\n|-crit|p1b: Torkoal\n|-damage|p1b: Torkoal|22/100\n|move|p2b: SlycedBread|Wave Crash|p1a: Scovillain\n|-damage|p1a: Scovillain|44/100\n|-status|p2b: SlycedBread|brn|[from] ability: Spicy Spray|[of] p1a: Scovillain\n|-damage|p2b: SlycedBread|36/100 brn|[from] Recoil\n|-damage|p2b: SlycedBread|27/100 brn|[from] item: Life Orb\n|move|p1a: Scovillain|Leech Seed|p2a: Koala\n|-start|p2a: Koala|move: Leech Seed\n|move|p1b: Torkoal|Heat Wave|p2a: Koala|[spread] p2a,p2b\n|-supereffective|p2a: Koala|1\n|-resisted|p2b: SlycedBread|1\n|-damage|p2a: Koala|29/100\n|-damage|p2b: SlycedBread|7/100 brn\n|\n|-weather|SunnyDay|[upkeep]\n|-damage|p2a: Koala|17/100|[from] Leech Seed|[of] p1a: Scovillain\n|-heal|p1a: Scovillain|56/100|[silent]\n|-damage|p2b: SlycedBread|1/100 brn|[from] brn\n|upkeep\n|turn|3\n|inactive|Amaterios_03 has 30 seconds left.\n|inactive|Cfoowl has 30 seconds left.\n|\n|t:|1788202431\n|switch|p2a: Cisco|Sneasler, L50, M|100/100\n|switch|p1b: Sneasler|Sneasler, L50, F|100/100\n|move|p1a: Scovillain|Protect|p1a: Scovillain\n|-singleturn|p1a: Scovillain|Protect\n|move|p2b: SlycedBread|Wave Crash|p1a: Scovillain\n|-activate|p1a: Scovillain|move: Protect\n|\n|-weather|SunnyDay|[upkeep]\n|-damage|p2b: SlycedBread|0 fnt|[from] brn\n|faint|p2b: SlycedBread\n|upkeep\n|\n|t:|1788202438\n|switch|p2b: Kids|Kingambit, L50, F|100/100\n|turn|4\n|\n|t:|1788202457\n|move|p1b: Sneasler|Protect|p1b: Sneasler\n|-singleturn|p1b: Sneasler|Protect\n|move|p2a: Cisco|Fake Out|p1b: Sneasler\n|-activate|p1b: Sneasler|move: Protect\n|move|p1a: Scovillain|Leech Seed|p2b: Kids\n|-start|p2b: Kids|move: Leech Seed\n|move|p2b: Kids|Swords Dance|p2b: Kids\n|-boost|p2b: Kids|atk|2\n|\n|-weather|SunnyDay|[upkeep]\n|-damage|p2b: Kids|87/100|[from] Leech Seed|[of] p1a: Scovillain\n|-heal|p1a: Scovillain|70/100|[silent]\n|upkeep\n|turn|5\n|\n|t:|1788202474\n|move|p1a: Scovillain|Rage Powder|p1a: Scovillain\n|-singleturn|p1a: Scovillain|move: Rage Powder\n|move|p2b: Kids|Sucker Punch||[still]\n|-fail|p2b: Kids\n|move|p1b: Sneasler|Close Combat|p2b: Kids\n|-supereffective|p2b: Kids|2\n|-damage|p2b: Kids|0 fnt\n|-unboost|p1b: Sneasler|def|1\n|-unboost|p1b: Sneasler|spd|1\n|faint|p2b: Kids\n|move|p2a: Cisco|Dire Claw|p1a: Scovillain\n|-supereffective|p1a: Scovillain|1\n|-damage|p1a: Scovillain|0 fnt\n|-status|p2a: Cisco|brn|[from] ability: Spicy Spray|[of] p1a: Scovillain\n|faint|p1a: Scovillain\n|\n|-weather|SunnyDay|[upkeep]\n|-damage|p2a: Cisco|94/100 brn|[from] brn\n|-sideend|p2: Cfoowl|move: Aurora Veil\n|upkeep\n|\n|t:|1788202493\n|switch|p1a: Torkoal|Torkoal, L50, M|22/100\n|switch|p2b: Koala|Froslass-Mega, L50, F, shiny|17/100\n|-weather|Snowscape|[from] ability: Snow Warning|[of] p2b: Koala\n|-weather|SunnyDay|[from] ability: Drought|[of] p1a: Torkoal\n|turn|6\n|\n|t:|1788202520\n|move|p1a: Torkoal|Protect|p1a: Torkoal\n|-singleturn|p1a: Torkoal|Protect\n|move|p2b: Koala|Shadow Ball|p1a: Torkoal\n|-activate|p1a: Torkoal|move: Protect\n|move|p1b: Sneasler|Dire Claw|p2b: Koala\n|-resisted|p2b: Koala|1\n|-damage|p2b: Koala|0 fnt\n|faint|p2b: Koala\n|move|p2a: Cisco|Close Combat|p1b: Sneasler\n|-resisted|p1b: Sneasler|1\n|-damage|p1b: Sneasler|58/100\n|-unboost|p2a: Cisco|def|1\n|-unboost|p2a: Cisco|spd|1\n|-enditem|p2a: Cisco|White Herb\n|-clearnegativeboost|p2a: Cisco|[silent]\n|\n|-weather|SunnyDay|[upkeep]\n|-damage|p2a: Cisco|88/100 brn|[from] brn\n|upkeep\n|turn|7\n|\n|t:|1788202541\n|move|p2a: Cisco|Dire Claw|p1a: Torkoal\n|-crit|p1a: Torkoal\n|-damage|p1a: Torkoal|0 fnt\n|faint|p1a: Torkoal\n|move|p1b: Sneasler|Close Combat|p2a: Cisco\n|-resisted|p2a: Cisco|1\n|-damage|p2a: Cisco|35/100 brn\n|-unboost|p1b: Sneasler|def|1\n|-unboost|p1b: Sneasler|spd|1\n|\n|-weather|SunnyDay|[upkeep]\n|-damage|p2a: Cisco|29/100 brn|[from] brn\n|upkeep\n|turn|8\n|\n|t:|1788202547\n|move|p2a: Cisco|Close Combat|p1b: Sneasler\n|-resisted|p1b: Sneasler|1\n|-damage|p1b: Sneasler|10/100\n|-unboost|p2a: Cisco|def|1\n|-unboost|p2a: Cisco|spd|1\n|move|p1b: Sneasler|Close Combat|p2a: Cisco\n|-resisted|p2a: Cisco|1\n|-damage|p2a: Cisco|0 fnt\n|-unboost|p1b: Sneasler|def|1\n|-unboost|p1b: Sneasler|spd|1\n|faint|p2a: Cisco\n|\n|win|Amaterios_03\n|raw|Amaterios_03's rating: 1210 &rarr; <strong>1237</strong><br />(+27 for winning)\n|raw|Cfoowl's rating: 1240 &rarr; <strong>1213</strong><br />(-27 for losing)\n","uploadtime":1788202552,"views":"1","formatid":"gen9championsvgc2026regmbbo3","rating":1213,"private":0,"password":null}