{"id":"gen9championsvgc2026regmb-2674794030","format":"[Gen 9 Champions] VGC 2026 Reg M-B","players":["blackred123永雏塔菲侠","Kwiper"],"log":"|j|☆blackred123永雏塔菲侠\n|j|☆Kwiper\n|t:|1788408043\n|gametype|doubles\n|player|p1|blackred123永雏塔菲侠|emma|1557\n|player|p2|Kwiper|sycamore|1543\n|gen|9\n|tier|[Gen 9 Champions] VGC 2026 Reg M-B\n|rated|\n|rule|Species Clause: Limit one of each Pokémon\n|rule|Item Clause: Limit 1 of each item\n|clearpoke\n|poke|p1|Kangaskhan, L50, F|\n|poke|p1|Aerodactyl, L50, M|\n|poke|p1|Farigiraf, L50, M|\n|poke|p1|Sylveon, L50, M|\n|poke|p1|Kingambit, L50, F|\n|poke|p1|Camerupt, L50, F|\n|poke|p2|Tyranitar, L50, F|\n|poke|p2|Excadrill, L50, F|\n|poke|p2|Milotic, L50, F|\n|poke|p2|Gholdengo, L50|\n|poke|p2|Sinistcha, L50|\n|poke|p2|Staraptor, L50, M|\n|teampreview|4\n|inactive|Battle timer is ON: inactive players will automatically lose when time's up. (requested by Kwiper)\n|inactive|blackred123永雏塔菲侠 also wants the timer to be on.\n|\n|t:|1788408064\n|teamsize|p1|4\n|teamsize|p2|4\n|start\n|switch|p1a: Kangaskhan|Kangaskhan, L50, F|100/100\n|switch|p1b: Farigiraf|Farigiraf, L50, M|100/100\n|switch|p2a: Tyranitar|Tyranitar, L50, F|100/100\n|switch|p2b: Milotic|Milotic, L50, F|100/100\n|-weather|Sandstorm|[from] ability: Sand Stream|[of] p2a: Tyranitar\n|turn|1\n|\n|t:|1788408074\n|switch|p2a: Sinistcha|Sinistcha, L50|100/100\n|move|p1a: Kangaskhan|Fake Out|p2a: Sinistcha\n|-damage|p2a: Sinistcha|80/100\n|-damage|p1a: Kangaskhan|90/100|[from] item: Life Orb\n|move|p2b: Milotic|Scald|p1a: Kangaskhan\n|-damage|p1a: Kangaskhan|64/100\n|move|p1b: Farigiraf|Trick Room|p1b: Farigiraf\n|-fieldstart|move: Trick Room|[of] p1b: Farigiraf\n|\n|-weather|Sandstorm|[upkeep]\n|-damage|p1b: Farigiraf|93/100|[from] Sandstorm\n|-damage|p2a: Sinistcha|74/100|[from] Sandstorm\n|-damage|p1a: Kangaskhan|57/100|[from] Sandstorm\n|-damage|p2b: Milotic|94/100|[from] Sandstorm\n|upkeep\n|turn|2\n|\n|t:|1788408087\n|move|p1b: Farigiraf|Psychic|p2a: Sinistcha\n|-damage|p2a: Sinistcha|38/100\n|move|p2a: Sinistcha|Matcha Gotcha|p1a: Kangaskhan|[spread] p1a,p1b\n|-damage|p1a: Kangaskhan|32/100\n|-heal|p2a: Sinistcha|53/100|[from] drain|[of] p1a: Kangaskhan\n|-damage|p1b: Farigiraf|76/100\n|-heal|p2a: Sinistcha|65/100|[from] drain|[of] p1b: Farigiraf\n|move|p1a: Kangaskhan|Ice Punch|p2a: Sinistcha\n|-supereffective|p2a: Sinistcha|1\n|-damage|p2a: Sinistcha|17/100\n|-damage|p1a: Kangaskhan|22/100|[from] item: Life Orb\n|move|p2b: Milotic|Scald|p1a: Kangaskhan\n|-crit|p1a: Kangaskhan\n|-damage|p1a: Kangaskhan|0 fnt\n|faint|p1a: Kangaskhan\n|\n|-weather|Sandstorm|[upkeep]\n|-damage|p1b: Farigiraf|70/100|[from] Sandstorm\n|-damage|p2a: Sinistcha|12/100|[from] Sandstorm\n|-damage|p2b: Milotic|88/100|[from] Sandstorm\n|upkeep\n|\n|t:|1788408101\n|switch|p1a: Sylveon|Sylveon, L50, M|100/100\n|turn|3\n|\n|t:|1788408105\n|switch|p2a: Gholdengo|Gholdengo, L50|100/100\n|move|p1b: Farigiraf|Thunderbolt|p2b: Milotic\n|-supereffective|p2b: Milotic|1\n|-damage|p2b: Milotic|57/100\n|move|p1a: Sylveon|Hyper Voice|p2a: Gholdengo|[spread] p2a,p2b\n|-resisted|p2a: Gholdengo|1\n|-damage|p2a: Gholdengo|77/100\n|-damage|p2b: Milotic|24/100\n|-enditem|p2b: Milotic|Sitrus Berry|[eat]\n|-heal|p2b: Milotic|49/100|[from] item: Sitrus Berry\n|move|p2b: Milotic|Scald|p1a: Sylveon\n|-damage|p1a: Sylveon|77/100\n|\n|-weather|Sandstorm|[upkeep]\n|-damage|p1b: Farigiraf|63/100|[from] Sandstorm\n|-damage|p1a: Sylveon|71/100|[from] Sandstorm\n|-damage|p2b: Milotic|43/100|[from] Sandstorm\n|upkeep\n|turn|4\n|\n|t:|1788408121\n|switch|p2b: Sinistcha|Sinistcha, L50|12/100\n|-heal|p2a: Gholdengo|100/100|[from] ability: Hospitality|[of] p2b: Sinistcha\n|move|p1b: Farigiraf|Thunderbolt|p2a: Gholdengo\n|-damage|p2a: Gholdengo|78/100\n|move|p1a: Sylveon|Hyper Voice|p2a: Gholdengo|[spread] p2a,p2b\n|-resisted|p2a: Gholdengo|1\n|-damage|p2a: Gholdengo|55/100\n|-damage|p2b: Sinistcha|0 fnt\n|faint|p2b: Sinistcha\n|move|p2a: Gholdengo|Make It Rain|p1a: Sylveon|[spread] p1a,p1b\n|-supereffective|p1a: Sylveon|1\n|-damage|p1a: Sylveon|0 fnt\n|-damage|p1b: Farigiraf|23/100\n|-unboost|p2a: Gholdengo|spa|2\n|-enditem|p1b: Farigiraf|Sitrus Berry|[eat]\n|-heal|p1b: Farigiraf|48/100|[from] item: Sitrus Berry\n|faint|p1a: Sylveon\n|-damage|p2a: Gholdengo|46/100|[from] item: Life Orb\n|\n|-weather|Sandstorm|[upkeep]\n|-damage|p1b: Farigiraf|41/100|[from] Sandstorm\n|upkeep\n|\n|t:|1788408132\n|switch|p2b: Milotic|Milotic, L50, F|43/100\n|switch|p1a: Camerupt|Camerupt, L50, F|100/100\n|turn|5\n|\n|t:|1788408142\n|detailschange|p1a: Camerupt|Camerupt-Mega, L50, F\n|-mega|p1a: Camerupt|Camerupt|Cameruptite\n|move|p2a: Gholdengo|Protect|p2a: Gholdengo\n|-singleturn|p2a: Gholdengo|Protect\n|move|p2b: Milotic|Protect|p2b: Milotic\n|-singleturn|p2b: Milotic|Protect\n|move|p1a: Camerupt|Earth Power|p2b: Milotic\n|-activate|p2b: Milotic|move: Protect\n|move|p1b: Farigiraf|Thunderbolt|p2a: Gholdengo\n|-activate|p2a: Gholdengo|move: Protect\n|\n|-weather|none\n|-fieldend|move: Trick Room\n|upkeep\n|turn|6\n|\n|t:|1788408154\n|move|p2b: Milotic|Scald|p1b: Farigiraf\n|-damage|p1b: Farigiraf|20/100y\n|-status|p1b: Farigiraf|brn\n|move|p2a: Gholdengo|Make It Rain|p1a: Camerupt|[spread] p1a,p1b\n|-resisted|p1a: Camerupt|1\n|-damage|p1a: Camerupt|85/100\n|-damage|p1b: Farigiraf|0 fnt\n|-unboost|p2a: Gholdengo|spa|2\n|faint|p1b: Farigiraf\n|-damage|p2a: Gholdengo|36/100|[from] item: Life Orb\n|move|p1a: Camerupt|Earth Power|p2b: Milotic\n|-damage|p2b: Milotic|0 fnt\n|faint|p2b: Milotic\n|\n|upkeep\n|\n|t:|1788408157\n|switch|p2b: Tyranitar|Tyranitar, L50, F|100/100\n|-weather|Sandstorm|[from] ability: Sand Stream|[of] p2b: Tyranitar\n|turn|7\n|\n|t:|1788408171\n|detailschange|p2b: Tyranitar|Tyranitar-Mega, L50, F\n|-mega|p2b: Tyranitar|Tyranitar|Tyranitarite\n|move|p2b: Tyranitar|High Horsepower|p1a: Camerupt\n|-supereffective|p1a: Camerupt|1\n|-damage|p1a: Camerupt|9/100\n|move|p2a: Gholdengo|Shadow Ball|p1a: Camerupt\n|-damage|p1a: Camerupt|0 fnt\n|faint|p1a: Camerupt\n|-damage|p2a: Gholdengo|26/100|[from] item: Life Orb\n|\n|win|Kwiper\n|raw|blackred123永雏塔菲侠's rating: 1557 &rarr; <strong>1536</strong><br />(-21 for losing)\n|raw|Kwiper's rating: 1543 &rarr; <strong>1564</strong><br />(+21 for winning)\n","uploadtime":1788408171,"views":"0","formatid":"gen9championsvgc2026regmb","rating":1536,"private":0,"password":null}