{"id":"gen9championsvgc2026regmb-2674131224","format":"[Gen 9 Champions] VGC 2026 Reg M-B","players":["5hef","maxhb"],"log":"|j|☆5hef\n|j|☆maxhb\n|html|<table width=\"100%\"><tr><td align=\"left\">5hef</td><td align=\"right\">maxhb</tr><tr><td align=\"left\"><i class=\"fa fa-circle-o\"></i> <i class=\"fa fa-circle-o\"></i> </td><td align=\"right\"><i class=\"fa fa-circle-o\"></i> <i class=\"fa fa-circle\"></i> </tr></table>\n|uhtml|bestof|<h2><strong>Game 2</strong> of <a href=\"/game-bestof3-gen9championsvgc2026regmb-2674129640\">a best-of-3</a></h2>\n|t:|1788303704\n|gametype|doubles\n|player|p1|5hef|cynthia-gen7|\n|player|p2|maxhb|169|\n|gen|9\n|tier|[Gen 9 Champions] VGC 2026 Reg M-B\n|rule|Species Clause: Limit one of each Pokémon\n|rule|Item Clause: Limit 1 of each item\n|raw|<div class=\"infobox\"><details class=\"readmore\" open><summary><strong>1 custom rule:</strong></summary> Best of = 3</details></div>\n|clearpoke\n|poke|p1|Garchomp, L50, F|\n|poke|p1|Aerodactyl, L50, M|\n|poke|p1|Delphox, L50, M|\n|poke|p1|Milotic, L50, F|\n|poke|p1|Sableye, L50, F|\n|poke|p1|Dragalge, L50, M|\n|poke|p2|Floette-Eternal, L50, F|\n|poke|p2|Blastoise, L50, F|\n|poke|p2|Kingambit, L50, M|\n|poke|p2|Talonflame, L50, F|\n|poke|p2|Crabominable, L50, M|\n|poke|p2|Sinistcha, L50|\n|teampreview|4\n|inactive|Battle timer is ON: inactive players will automatically lose when time's up. (requested by 5hef)\n|\n|t:|1788303729\n|teamsize|p1|4\n|teamsize|p2|4\n|start\n|switch|p1a: Garchomp|Garchomp, L50, F|100/100\n|switch|p1b: Sableye|Sableye, L50, F|100/100\n|switch|p2a: Floette|Floette-Eternal, L50, F|100/100\n|switch|p2b: Talonflame|Talonflame, L50, F|100/100\n|turn|1\n|\n|t:|1788303750\n|detailschange|p2a: Floette|Floette-Mega, L50, F\n|-mega|p2a: Floette|Floette|Floettite\n|-ability|p2a: Floette|Fairy Aura\n|move|p1b: Sableye|Fake Out|p2a: Floette\n|-damage|p2a: Floette|91/100\n|move|p2b: Talonflame|Tailwind|p2b: Talonflame\n|-sidestart|p2: maxhb|move: Tailwind\n|cant|p2a: Floette|flinch\n|move|p1a: Garchomp|Rock Slide|p2b: Talonflame|[spread] p2a,p2b\n|-supereffective|p2b: Talonflame|2\n|-damage|p2a: Floette|67/100\n|-damage|p2b: Talonflame|0 fnt\n|faint|p2b: Talonflame\n|\n|upkeep\n|\n|t:|1788303770\n|switch|p2b: Sinistcha|Sinistcha, L50|100/100\n|-heal|p2a: Floette|92/100|[from] ability: Hospitality|[of] p2b: Sinistcha\n|turn|2\n|\n|t:|1788303789\n|switch|p1a: Milotic|Milotic, L50, F|100/100\n|move|p1b: Sableye|Light Screen|p1b: Sableye\n|-sidestart|p1: 5hef|move: Light Screen\n|move|p2a: Floette|Dazzling Gleam|p1b: Sableye|[spread] p1a,p1b\n|-supereffective|p1b: Sableye|1\n|-damage|p1a: Milotic|81/100\n|-damage|p1b: Sableye|0 fnt\n|faint|p1b: Sableye\n|move|p2b: Sinistcha|Matcha Gotcha|p1a: Milotic\n|-supereffective|p1a: Milotic|1\n|-damage|p1a: Milotic|59/100\n|\n|-heal|p1a: Milotic|65/100|[from] item: Leftovers\n|upkeep\n|\n|t:|1788303796\n|switch|p1b: Delphox|Delphox, L50, M|100/100\n|turn|3\n|inactive|maxhb has 30 seconds left.\n|inactive|maxhb has 20 seconds left.\n|inactive|maxhb has 15 seconds left.\n|inactive|maxhb has 10 seconds left.\n|\n|t:|1788303841\n|detailschange|p1b: Delphox|Delphox-Mega, L50, M\n|-mega|p1b: Delphox|Delphox|Delphoxite\n|move|p2a: Floette|Calm Mind|p2a: Floette\n|-boost|p2a: Floette|spa|1\n|-boost|p2a: Floette|spd|1\n|move|p1b: Delphox|Nasty Plot|p1b: Delphox\n|-boost|p1b: Delphox|spa|2\n|move|p1a: Milotic|Coil|p1a: Milotic\n|-boost|p1a: Milotic|atk|1\n|-boost|p1a: Milotic|def|1\n|-boost|p1a: Milotic|accuracy|1\n|move|p2b: Sinistcha|Trick Room|p2b: Sinistcha\n|-fieldstart|move: Trick Room|[of] p2b: Sinistcha\n|\n|-heal|p1a: Milotic|71/100|[from] item: Leftovers\n|upkeep\n|turn|4\n|inactive|maxhb has 30 seconds left.\n|inactive|maxhb has 20 seconds left.\n|\n|t:|1788303877\n|switch|p2b: Kingambit|Kingambit, L50, M|100/100\n|-activate|p2b: Kingambit|ability: Supreme Overlord\n|-start|p2b: Kingambit|fallen1|[silent]\n|move|p1a: Milotic|Hypnosis|p2a: Floette|[miss]\n|-miss|p1a: Milotic|p2a: Floette\n|move|p1b: Delphox|Heat Wave|p2a: Floette|[spread] p2a,p2b\n|-supereffective|p2b: Kingambit|1\n|-enditem|p2b: Kingambit|Occa Berry|[eat]\n|-enditem|p2b: Kingambit|Occa Berry|[weaken]\n|-damage|p2a: Floette|53/100\n|-damage|p2b: Kingambit|24/100\n|move|p2a: Floette|Draining Kiss|p1a: Milotic\n|-damage|p1a: Milotic|48/100\n|-heal|p2a: Floette|72/100|[from] drain|[of] p1a: Milotic\n|\n|-heal|p1a: Milotic|54/100|[from] item: Leftovers\n|-sideend|p2: maxhb|move: Tailwind\n|upkeep\n|turn|5\n|\n|t:|1788303899\n|move|p1b: Delphox|Protect|p1b: Delphox\n|-singleturn|p1b: Delphox|Protect\n|move|p2b: Kingambit|Kowtow Cleave|p1b: Delphox\n|-activate|p1b: Delphox|move: Protect\n|move|p1a: Milotic|Hydro Pump|p2b: Kingambit\n|-damage|p2b: Kingambit|0 fnt\n|faint|p2b: Kingambit\n|-end|p2b: Kingambit|fallen1|[silent]\n|move|p2a: Floette|Draining Kiss|p1a: Milotic\n|-damage|p1a: Milotic|30/100\n|-heal|p2a: Floette|92/100|[from] drain|[of] p1a: Milotic\n|\n|-heal|p1a: Milotic|36/100|[from] item: Leftovers\n|upkeep\n|\n|t:|1788303913\n|switch|p2b: Sinistcha|Sinistcha, L50|100/100\n|-heal|p2a: Floette|100/100|[from] ability: Hospitality|[of] p2b: Sinistcha\n|turn|6\n|\n|t:|1788303930\n|move|p2b: Sinistcha|Matcha Gotcha|p1b: Delphox|[spread] p1a,p1b\n|-supereffective|p1a: Milotic|1\n|-resisted|p1b: Delphox|1\n|-damage|p1a: Milotic|16/100\n|-damage|p1b: Delphox|92/100\n|move|p1a: Milotic|Hypnosis|p2a: Floette\n|-status|p2a: Floette|slp|[from] move: Hypnosis\n|cant|p2a: Floette|slp\n|move|p1b: Delphox|Heat Wave|p2a: Floette|[spread] p2a,p2b\n|-supereffective|p2b: Sinistcha|1\n|-damage|p2a: Floette|56/100 slp\n|-damage|p2b: Sinistcha|0 fnt\n|faint|p2b: Sinistcha\n|\n|-heal|p1a: Milotic|22/100|[from] item: Leftovers\n|upkeep\n|turn|7\n|\n|t:|1788303945\n|move|p1a: Milotic|Helping Hand|p1b: Delphox\n|-singleturn|p1b: Delphox|Helping Hand|[of] p1a: Milotic\n|cant|p2a: Floette|slp\n|move|p1b: Delphox|Psyshock|p2a: Floette\n|-damage|p2a: Floette|0 fnt\n|faint|p2a: Floette\n|\n|win|5hef\n||5hef is ready for game 3.\n||maxhb is ready for game 3.\n|uhtml|next|Next: <a href=\"/battle-gen9championsvgc2026regmb-2674132795\"><strong>Game 3 of 3</strong></a>\n|l|☆5hef\n|player|p1|\n|j|☆5hef\n|player|p1|5hef|cynthia-gen7|\n","uploadtime":1788304559,"views":"10","formatid":"gen9championsvgc2026regmb","rating":null,"private":0,"password":null}