{"id":"gen9championsvgc2026regmb-2674771305","format":"[Gen 9 Champions] VGC 2026 Reg M-B","players":["tipsypastels","Lumious226"],"log":"|j|☆tipsypastels\n|j|☆Lumious226\n|t:|1788403706\n|gametype|doubles\n|player|p1|tipsypastels|elesa-gen5bw2|1236\n|player|p2|Lumious226|266|1123\n|gen|9\n|tier|[Gen 9 Champions] VGC 2026 Reg M-B\n|rated|\n|rule|Species Clause: Limit one of each Pokémon\n|rule|Item Clause: Limit 1 of each item\n|clearpoke\n|poke|p1|Farigiraf, L50, F|\n|poke|p1|Mawile, L50, F|\n|poke|p1|Torkoal, L50, F|\n|poke|p1|Sinistcha, L50|\n|poke|p1|Maushold, L50|\n|poke|p1|Staraptor, L50, F|\n|poke|p2|Swampert, L50, M|\n|poke|p2|Pelipper, L50, F|\n|poke|p2|Archaludon, L50, M|\n|poke|p2|Basculegion, L50, M|\n|poke|p2|Garchomp, L50, F|\n|poke|p2|Sinistcha-Masterpiece, L50|\n|teampreview|4\n|inactive|Battle timer is ON: inactive players will automatically lose when time's up. (requested by tipsypastels)\n|inactive|Lumious226 has 60 seconds left.\n|\n|t:|1788403738\n|teamsize|p1|4\n|teamsize|p2|4\n|start\n|switch|p1a: Staraptor|Staraptor, L50, F|100/100\n|switch|p1b: Maushold|Maushold, L50|100/100\n|switch|p2a: Basculegion|Basculegion, L50, M|100/100\n|switch|p2b: Swampert|Swampert, L50, M|100/100\n|-ability|p1a: Staraptor|Intimidate|boost\n|-unboost|p2a: Basculegion|atk|1\n|-unboost|p2b: Swampert|atk|1\n|turn|1\n|c|☆Lumious226|Goodluck! :D\n|c|☆tipsypastels|gl\n|inactive|Lumious226 has 30 seconds left.\n|inactive|Lumious226 has 20 seconds left.\n|inactive|Lumious226 has 15 seconds left.\n|\n|t:|1788403779\n|detailschange|p1a: Staraptor|Staraptor-Mega, L50, F\n|-mega|p1a: Staraptor|Staraptor|Staraptite\n|detailschange|p2b: Swampert|Swampert-Mega, L50, M\n|-mega|p2b: Swampert|Swampert|Swampertite\n|move|p1a: Staraptor|Tailwind|p1a: Staraptor\n|-sidestart|p1: tipsypastels|move: Tailwind\n|move|p1b: Maushold|Charm|p1a: Staraptor\n|-boost|p1a: Staraptor|atk|2\n|move|p2a: Basculegion|Flip Turn|p1a: Staraptor\n|-damage|p1a: Staraptor|81/100\n|-damage|p2a: Basculegion|90/100|[from] item: Life Orb\n|\n|t:|1788403797\n|switch|p2a: Pelipper|Pelipper, L50, F|100/100|[from] Flip Turn\n|-weather|RainDance|[from] ability: Drizzle|[of] p2a: Pelipper\n|move|p2b: Swampert|Ice Punch|p1a: Staraptor\n|-supereffective|p1a: Staraptor|1\n|-damage|p1a: Staraptor|53/100\n|\n|-weather|RainDance|[upkeep]\n|upkeep\n|turn|2\n|inactive|Lumious226 has 30 seconds left.\n|\n|t:|1788403828\n|switch|p1b: Torkoal|Torkoal, L50, F|100/100\n|-weather|SunnyDay|[from] ability: Drought|[of] p1b: Torkoal\n|switch|p2b: Basculegion|Basculegion, L50, M|90/100\n|move|p1a: Staraptor|Close Combat|p2b: Basculegion\n|-immune|p2b: Basculegion\n|move|p2a: Pelipper|Tailwind|p2a: Pelipper\n|-sidestart|p2: Lumious226|move: Tailwind\n|\n|-weather|SunnyDay|[upkeep]\n|upkeep\n|turn|3\n|inactive|Lumious226 has 30 seconds left.\n|inactive|Lumious226 has 20 seconds left.\n|inactive|Lumious226 has 15 seconds left.\n|inactive|Lumious226 has 10 seconds left.\n|\n|t:|1788403877\n|move|p1a: Staraptor|Close Combat|p2a: Pelipper\n|-resisted|p2a: Pelipper|1\n|-damage|p2a: Pelipper|35/100\n|-boost|p1a: Staraptor|def|1\n|-boost|p1a: Staraptor|spd|1\n|-enditem|p2a: Pelipper|Sitrus Berry|[eat]\n|-heal|p2a: Pelipper|60/100|[from] item: Sitrus Berry\n|move|p2b: Basculegion|Flip Turn|p1a: Staraptor\n|-damage|p1a: Staraptor|41/100\n|-damage|p2b: Basculegion|80/100|[from] item: Life Orb\n|\n|t:|1788403894\n|switch|p2b: Garchomp|Garchomp, L50, F|100/100|[from] Flip Turn\n|move|p2a: Pelipper|Hurricane|p1a: Staraptor|[miss]\n|-miss|p2a: Pelipper|p1a: Staraptor\n|move|p1b: Torkoal|Solar Beam||[still]\n|-prepare|p1b: Torkoal|Solar Beam\n|-anim|p1b: Torkoal|Solar Beam|p2b: Garchomp\n|-damage|p2b: Garchomp|62/100\n|\n|-weather|SunnyDay|[upkeep]\n|upkeep\n|turn|4\n|inactive|Lumious226 has 30 seconds left.\n|\n|t:|1788403925\n|switch|p2a: Basculegion|Basculegion, L50, M|80/100\n|switch|p1b: Sinistcha|Sinistcha, L50|100/100\n|-heal|p1a: Staraptor|66/100|[from] ability: Hospitality|[of] p1b: Sinistcha\n|move|p2b: Garchomp|Protect|p2b: Garchomp\n|-singleturn|p2b: Garchomp|Protect\n|move|p1a: Staraptor|Close Combat|p2b: Garchomp\n|-activate|p2b: Garchomp|move: Protect\n|\n|-weather|SunnyDay|[upkeep]\n|-sideend|p1: tipsypastels|move: Tailwind\n|upkeep\n|turn|5\n|inactive|Lumious226 has 30 seconds left.\n|inactive|Lumious226 has 20 seconds left.\n|inactive|Lumious226 has 15 seconds left.\n|\n|t:|1788403967\n|switch|p1b: Torkoal|Torkoal, L50, F|100/100\n|move|p2b: Garchomp|Dragon Pulse|p1a: Staraptor\n|-damage|p1a: Staraptor|45/100\n|move|p2a: Basculegion|Wave Crash|p1a: Staraptor\n|-damage|p1a: Staraptor|18/100\n|-damage|p2a: Basculegion|71/100|[from] Recoil\n|-damage|p2a: Basculegion|62/100|[from] item: Life Orb\n|move|p1a: Staraptor|Close Combat|p2b: Garchomp\n|-damage|p2b: Garchomp|0 fnt\n|-boost|p1a: Staraptor|def|1\n|-boost|p1a: Staraptor|spd|1\n|-damage|p1a: Staraptor|6/100|[from] ability: Rough Skin|[of] p2b: Garchomp\n|faint|p2b: Garchomp\n|\n|-weather|SunnyDay|[upkeep]\n|-sideend|p2: Lumious226|move: Tailwind\n|upkeep\n|\n|t:|1788403986\n|switch|p2b: Pelipper|Pelipper, L50, F|60/100\n|-weather|RainDance|[from] ability: Drizzle|[of] p2b: Pelipper\n|turn|6\n|\n|t:|1788404006\n|switch|p1b: Sinistcha|Sinistcha, L50|100/100\n|-heal|p1a: Staraptor|31/100|[from] ability: Hospitality|[of] p1b: Sinistcha\n|move|p1a: Staraptor|Protect|p1a: Staraptor\n|-singleturn|p1a: Staraptor|Protect\n|move|p2a: Basculegion|Flip Turn|p1a: Staraptor\n|-activate|p1a: Staraptor|move: Protect\n|move|p2b: Pelipper|Weather Ball|p1b: Sinistcha\n|-resisted|p1b: Sinistcha|1\n|-damage|p1b: Sinistcha|62/100\n|\n|-weather|RainDance|[upkeep]\n|upkeep\n|turn|7\n|inactive|Lumious226 has 30 seconds left.\n|\n|t:|1788404036\n|move|p1b: Sinistcha|Rage Powder|p1b: Sinistcha\n|-singleturn|p1b: Sinistcha|move: Rage Powder\n|move|p2a: Basculegion|Wave Crash|p1b: Sinistcha\n|-resisted|p1b: Sinistcha|1\n|-damage|p1b: Sinistcha|13/100\n|-damage|p2a: Basculegion|47/100|[from] Recoil\n|-damage|p2a: Basculegion|37/100|[from] item: Life Orb\n|move|p1a: Staraptor|Close Combat|p2b: Pelipper\n|-resisted|p2b: Pelipper|1\n|-damage|p2b: Pelipper|0 fnt\n|-boost|p1a: Staraptor|def|1\n|-boost|p1a: Staraptor|spd|1\n|faint|p2b: Pelipper\n|\n|-weather|RainDance|[upkeep]\n|upkeep\n|\n|t:|1788404049\n|switch|p2b: Swampert|Swampert-Mega, L50, M|100/100\n|turn|8\n|\n|t:|1788404061\n|move|p1b: Sinistcha|Rage Powder|p1b: Sinistcha\n|-singleturn|p1b: Sinistcha|move: Rage Powder\n|move|p2a: Basculegion|Last Respects|p1b: Sinistcha\n|-supereffective|p1b: Sinistcha|1\n|-crit|p1b: Sinistcha\n|-damage|p1b: Sinistcha|0 fnt\n|faint|p1b: Sinistcha\n|-damage|p2a: Basculegion|27/100|[from] item: Life Orb\n|move|p2b: Swampert|Ice Punch|p1a: Staraptor\n|-supereffective|p1a: Staraptor|1\n|-damage|p1a: Staraptor|6/100\n|move|p1a: Staraptor|Close Combat|p2b: Swampert\n|-damage|p2b: Swampert|0 fnt\n|-boost|p1a: Staraptor|def|1\n|-boost|p1a: Staraptor|spd|1\n|faint|p2b: Swampert\n|\n|-weather|RainDance|[upkeep]\n|upkeep\n|\n|t:|1788404077\n|switch|p1b: Torkoal|Torkoal, L50, F|100/100\n|-weather|SunnyDay|[from] ability: Drought|[of] p1b: Torkoal\n|turn|9\n|\n|t:|1788404099\n|move|p1b: Torkoal|Protect|p1b: Torkoal\n|-singleturn|p1b: Torkoal|Protect\n|move|p2a: Basculegion|Aqua Jet|p1a: Staraptor\n|-damage|p1a: Staraptor|2/100\n|-damage|p2a: Basculegion|17/100|[from] item: Life Orb\n|move|p1a: Staraptor|Brave Bird|p2a: Basculegion\n|-damage|p2a: Basculegion|0 fnt\n|faint|p2a: Basculegion\n|-damage|p1a: Staraptor|0 fnt|[from] Recoil\n|faint|p1a: Staraptor\n|\n|win|tipsypastels\n|raw|tipsypastels's rating: 1236 &rarr; <strong>1253</strong><br />(+17 for winning)\n|raw|Lumious226's rating: 1123 &rarr; <strong>1106</strong><br />(-17 for losing)\n|c|☆Lumious226|Wow\n|c|☆Lumious226|GGs\n|c|☆tipsypastels|gg\n|c|☆Lumious226|Wp!\n","uploadtime":1788404122,"views":"5","formatid":"gen9championsvgc2026regmb","rating":1106,"private":0,"password":null}