{"id":"gen9championsvgc2026regmb-2674342497","format":"[Gen 9 Champions] VGC 2026 Reg M-B","players":["mobmasher99","chark0l"],"log":"|j|☆mobmasher99\n|j|☆chark0l\n|t:|1788345167\n|gametype|doubles\n|player|p1|mobmasher99|1|\n|player|p2|chark0l|265|\n|gen|9\n|tier|[Gen 9 Champions] VGC 2026 Reg M-B\n|rule|Species Clause: Limit one of each Pokémon\n|rule|Item Clause: Limit 1 of each item\n|clearpoke\n|poke|p1|Charizard, L50, F|\n|poke|p1|Venusaur, L50, M|\n|poke|p1|Heliolisk, L50, M|\n|poke|p1|Manectric, L50, M|\n|poke|p1|Forretress, L50, M|\n|poke|p1|Kingambit, L50, M|\n|poke|p2|Basculegion, L50, M|\n|poke|p2|Archaludon, L50, F, shiny|\n|poke|p2|Politoed, L50, F, shiny|\n|poke|p2|Grimmsnarl, L50, M, shiny|\n|poke|p2|Raichu, L50, M|\n|poke|p2|Orthworm, L50, M, shiny|\n|teampreview|4\n|inactive|Battle timer is ON: inactive players will automatically lose when time's up. (requested by mobmasher99)\n|inactive|chark0l has 60 seconds left.\n|\n|t:|1788345207\n|teamsize|p1|4\n|teamsize|p2|4\n|start\n|switch|p1a: Heliolisk|Heliolisk, L50, M|100/100\n|switch|p1b: Manectric|Manectric, L50, M|100/100\n|switch|p2a: Grimmsnarl|Grimmsnarl, L50, M, shiny|100/100\n|switch|p2b: Raichu|Raichu, L50, M|100/100\n|turn|1\n|inactive|chark0l has 30 seconds left.\n|\n|t:|1788345236\n|detailschange|p2b: Raichu|Raichu-Mega-X, L50, M\n|-mega|p2b: Raichu|Raichu|Raichunite X\n|-fieldstart|move: Electric Terrain|[from] ability: Electric Surge|[of] p2b: Raichu\n|move|p2b: Raichu|Fake Out|p1a: Heliolisk\n|-damage|p1a: Heliolisk|71/100\n|move|p2a: Grimmsnarl|Light Screen|p2a: Grimmsnarl\n|-sidestart|p2: chark0l|move: Light Screen\n|cant|p1a: Heliolisk|flinch\n|move|p1b: Manectric|Agility|p1b: Manectric\n|-boost|p1b: Manectric|spe|2\n|\n|-heal|p1a: Heliolisk|77/100|[from] item: Leftovers\n|upkeep\n|turn|2\n|inactive|mobmasher99 has 30 seconds left.\n|inactive|chark0l has 30 seconds left.\n|inactive|chark0l has 20 seconds left.\n|inactive|chark0l has 15 seconds left.\n|\n|t:|1788345279\n|switch|p2b: Orthworm|Orthworm, L50, M, shiny|100/100\n|move|p2a: Grimmsnarl|Parting Shot|p1b: Manectric\n|-unboost|p1b: Manectric|atk|1\n|-unboost|p1b: Manectric|spa|1\n|\n|t:|1788345285\n|switch|p2a: Politoed|Politoed, L50, F, shiny|100/100|[from] Parting Shot\n|-weather|RainDance|[from] ability: Drizzle|[of] p2a: Politoed\n|move|p1b: Manectric|Thunderbolt|p2a: Politoed\n|-supereffective|p2a: Politoed|1\n|-damage|p2a: Politoed|71/100\n|move|p1a: Heliolisk|Discharge|p2a: Politoed|[spread] p2a,p2b\n|-ability|p1b: Manectric|Lightning Rod|boost\n|-boost|p1b: Manectric|spa|1\n|-supereffective|p2a: Politoed|1\n|-damage|p2a: Politoed|44/100\n|-damage|p2b: Orthworm|77/100\n|\n|-weather|RainDance|[upkeep]\n|-heal|p1a: Heliolisk|89/100|[from] ability: Dry Skin\n|-heal|p1a: Heliolisk|95/100|[from] item: Leftovers\n|upkeep\n|turn|3\n|inactive|chark0l has 30 seconds left.\n|inactive|chark0l has 20 seconds left.\n|inactive|chark0l has 15 seconds left.\n|\n|t:|1788345328\n|move|p1b: Manectric|Flamethrower|p2b: Orthworm\n|-supereffective|p2b: Orthworm|1\n|-damage|p2b: Orthworm|58/100\n|-status|p2b: Orthworm|brn\n|move|p1a: Heliolisk|Discharge|p2b: Orthworm|[spread] p2a,p2b\n|-ability|p1b: Manectric|Lightning Rod|boost\n|-boost|p1b: Manectric|spa|1\n|-supereffective|p2a: Politoed|1\n|-damage|p2a: Politoed|19/100\n|-damage|p2b: Orthworm|34/100 brn\n|-enditem|p2b: Orthworm|Sitrus Berry|[eat]\n|-heal|p2b: Orthworm|59/100 brn|[from] item: Sitrus Berry\n|move|p2a: Politoed|Weather Ball|p1b: Manectric\n|-damage|p1b: Manectric|5/100\n|move|p2b: Orthworm|High Horsepower|p1a: Heliolisk\n|-supereffective|p1a: Heliolisk|1\n|-damage|p1a: Heliolisk|57/100\n|\n|-weather|RainDance|[upkeep]\n|-heal|p1a: Heliolisk|69/100|[from] ability: Dry Skin\n|-heal|p1a: Heliolisk|75/100|[from] item: Leftovers\n|-damage|p2b: Orthworm|53/100 brn|[from] brn\n|upkeep\n|turn|4\n|inactive|mobmasher99 has 30 seconds left.\n|inactive|chark0l has 30 seconds left.\n|inactive|chark0l has 20 seconds left.\n|inactive|chark0l has 15 seconds left.\n|\n|t:|1788345371\n|move|p1b: Manectric|Protect|p1b: Manectric\n|-singleturn|p1b: Manectric|Protect\n|move|p1a: Heliolisk|Protect|p1a: Heliolisk\n|-singleturn|p1a: Heliolisk|Protect\n|move|p2a: Politoed|Protect|p2a: Politoed\n|-singleturn|p2a: Politoed|Protect\n|move|p2b: Orthworm|Body Press|p1b: Manectric\n|-activate|p1b: Manectric|move: Protect\n|\n|-weather|RainDance|[upkeep]\n|-heal|p1a: Heliolisk|87/100|[from] ability: Dry Skin\n|-heal|p1a: Heliolisk|93/100|[from] item: Leftovers\n|-damage|p2b: Orthworm|47/100 brn|[from] brn\n|upkeep\n|turn|5\n|inactive|chark0l has 30 seconds left.\n|inactive|chark0l has 20 seconds left.\n|\n|t:|1788345407\n|move|p2a: Politoed|Protect|p2a: Politoed\n|-singleturn|p2a: Politoed|Protect\n|move|p1b: Manectric|Thunderbolt|p2b: Orthworm\n|-damage|p2b: Orthworm|0 fnt\n|faint|p2b: Orthworm\n|move|p1a: Heliolisk|Discharge|p2a: Politoed|[spread] \n|-activate|p2a: Politoed|move: Protect\n|-ability|p1b: Manectric|Lightning Rod|boost\n|-boost|p1b: Manectric|spa|1\n|\n|-weather|RainDance|[upkeep]\n|-heal|p1a: Heliolisk|100/100|[from] ability: Dry Skin\n|-fieldend|move: Electric Terrain\n|upkeep\n|\n|t:|1788345418\n|switch|p2b: Grimmsnarl|Grimmsnarl, L50, M, shiny|100/100\n|turn|6\n|inactive|chark0l has 30 seconds left.\n|\n|t:|1788345453\n|move|p2b: Grimmsnarl|Parting Shot|p1a: Heliolisk\n|-unboost|p1a: Heliolisk|atk|1\n|-unboost|p1a: Heliolisk|spa|1\n|\n|t:|1788345457\n|switch|p2b: Raichu|Raichu-Mega-X, L50, M|100/100|[from] Parting Shot\n|-fieldstart|move: Electric Terrain|[from] ability: Electric Surge|[of] p2b: Raichu\n|move|p1b: Manectric|Thunderbolt|p2b: Raichu\n|-resisted|p2b: Raichu|1\n|-damage|p2b: Raichu|56/100\n|move|p1a: Heliolisk|Discharge|p2b: Raichu|[spread] p2a,p2b\n|-ability|p1b: Manectric|Lightning Rod|boost\n|-boost|p1b: Manectric|spa|1\n|-supereffective|p2a: Politoed|1\n|-resisted|p2b: Raichu|1\n|-damage|p2a: Politoed|1/100\n|-damage|p2b: Raichu|46/100\n|-status|p2a: Politoed|par\n|move|p2a: Politoed|Focus Blast|p1a: Heliolisk\n|-supereffective|p1a: Heliolisk|1\n|-damage|p1a: Heliolisk|44/100\n|\n|-weather|RainDance|[upkeep]\n|-heal|p1a: Heliolisk|57/100|[from] ability: Dry Skin\n|-heal|p1a: Heliolisk|63/100|[from] item: Leftovers\n|upkeep\n|turn|7\n|inactive|chark0l has 30 seconds left.\n|inactive|chark0l has 20 seconds left.\n|inactive|chark0l has 15 seconds left.\n|inactive|chark0l has 10 seconds left.\n|\n|t:|1788345507\n|move|p1b: Manectric|Protect|p1b: Manectric\n|-singleturn|p1b: Manectric|Protect\n|move|p1a: Heliolisk|Protect|p1a: Heliolisk\n|-singleturn|p1a: Heliolisk|Protect\n|move|p2a: Politoed|Protect|p2a: Politoed\n|-singleturn|p2a: Politoed|Protect\n|move|p2b: Raichu|Fake Out|p1b: Manectric\n|-activate|p1b: Manectric|move: Protect\n|\n|-weather|RainDance|[upkeep]\n|-heal|p1a: Heliolisk|75/100|[from] ability: Dry Skin\n|-heal|p1a: Heliolisk|81/100|[from] item: Leftovers\n|upkeep\n|turn|8\n|\n|t:|1788345530\n|move|p1b: Manectric|Thunderbolt|p2b: Raichu\n|-resisted|p2b: Raichu|1\n|-damage|p2b: Raichu|0 fnt\n|faint|p2b: Raichu\n|move|p1a: Heliolisk|Discharge|p2a: Politoed|[spread] p2a\n|-ability|p1b: Manectric|Lightning Rod|boost\n|-boost|p1b: Manectric|spa|1\n|-supereffective|p2a: Politoed|1\n|-damage|p2a: Politoed|0 fnt\n|faint|p2a: Politoed\n|\n|-weather|RainDance|[upkeep]\n|-heal|p1a: Heliolisk|93/100|[from] ability: Dry Skin\n|-heal|p1a: Heliolisk|99/100|[from] item: Leftovers\n|-sideend|p2: chark0l|move: Light Screen\n|upkeep\n|\n|t:|1788345539\n|switch|p2a: Grimmsnarl|Grimmsnarl, L50, M, shiny|100/100\n|turn|9\n|\n|t:|1788345558\n|move|p1a: Heliolisk|Ally Switch|p1a: Heliolisk\n|swap|p1a: Heliolisk|1|[from] move: Ally Switch\n|move|p2a: Grimmsnarl|Light Screen|p2a: Grimmsnarl\n|-sidestart|p2: chark0l|move: Light Screen\n|move|p1a: Manectric|Thunderbolt|p2a: Grimmsnarl\n|-damage|p2a: Grimmsnarl|11/100\n|\n|-weather|none\n|-heal|p1b: Heliolisk|100/100|[from] item: Leftovers\n|upkeep\n|turn|10\n|\n|t:|1788345566\n|move|p1a: Manectric|Thunderbolt|p2a: Grimmsnarl\n|-damage|p2a: Grimmsnarl|0 fnt\n|faint|p2a: Grimmsnarl\n|\n|win|mobmasher99\n","uploadtime":1788345571,"views":"4","formatid":"gen9championsvgc2026regmb","rating":null,"private":0,"password":null}