{"id":"gen9championsvgc2026regmb-2674229258","format":"[Gen 9 Champions] VGC 2026 Reg M-B","players":["Datryx","VictoriousDancing"],"log":"|j|☆Datryx\n|j|☆VictoriousDancing\n|t:|1788319217\n|gametype|doubles\n|player|p1|Datryx|benga|1100\n|player|p2|VictoriousDancing|1|1148\n|gen|9\n|tier|[Gen 9 Champions] VGC 2026 Reg M-B\n|rated|\n|rule|Species Clause: Limit one of each Pokémon\n|rule|Item Clause: Limit 1 of each item\n|clearpoke\n|poke|p1|Metagross, L50|\n|poke|p1|Tsareena, L50, F|\n|poke|p1|Lycanroc-Dusk, L50, F|\n|poke|p1|Grimmsnarl, L50, M|\n|poke|p1|Dragonite, L50, F|\n|poke|p1|Gyarados, L50, M|\n|poke|p2|Charizard, L50, M, shiny|\n|poke|p2|Basculegion, L50, M, shiny|\n|poke|p2|Whimsicott, L50, M, shiny|\n|poke|p2|Garchomp, L50, F, shiny|\n|poke|p2|Kingambit, L50, F, shiny|\n|poke|p2|Incineroar, L50, M, shiny|\n|teampreview|4\nVictoriousDancing rejected open team sheets.\n|inactive|Battle timer is ON: inactive players will automatically lose when time's up. (requested by VictoriousDancing)\n|\n|t:|1788319251\n|teamsize|p1|4\n|teamsize|p2|4\n|start\n|switch|p1a: Grimmsnarl|Grimmsnarl, L50, M|100/100\n|switch|p1b: Lycanroc|Lycanroc-Dusk, L50, F|100/100\n|switch|p2a: Charizard|Charizard, L50, M, shiny|100/100\n|switch|p2b: Incineroar|Incineroar, L50, M, shiny|100/100\n|-ability|p2b: Incineroar|Intimidate|boost\n|-unboost|p1a: Grimmsnarl|atk|1\n|-unboost|p1b: Lycanroc|atk|1\n|turn|1\n|\n|t:|1788319270\n|detailschange|p2a: Charizard|Charizard-Mega-Y, L50, M, shiny\n|-mega|p2a: Charizard|Charizard|Charizardite Y\n|-weather|SunnyDay|[from] ability: Drought|[of] p2a: Charizard\n|move|p1b: Lycanroc|Protect|p1b: Lycanroc\n|-singleturn|p1b: Lycanroc|Protect\n|move|p2b: Incineroar|Fake Out|p1b: Lycanroc\n|-activate|p1b: Lycanroc|move: Protect\n|move|p1a: Grimmsnarl|Fake Out|p2a: Charizard\n|-damage|p2a: Charizard|91/100\n|cant|p2a: Charizard|flinch\n|\n|-weather|SunnyDay|[upkeep]\n|upkeep\n|turn|2\n|inactive|Datryx has 30 seconds left.\n|inactive|Datryx has 20 seconds left.\n|inactive|Datryx has 15 seconds left.\n|\n|t:|1788319314\n|move|p1b: Lycanroc|Accelerock|p2a: Charizard\n|-supereffective|p2a: Charizard|2\n|-damage|p2a: Charizard|20/100y\n|move|p2a: Charizard|Solar Beam||[still]\n|-prepare|p2a: Charizard|Solar Beam\n|-anim|p2a: Charizard|Solar Beam|p1a: Grimmsnarl\n|-damage|p1a: Grimmsnarl|54/100\n|move|p2b: Incineroar|Parting Shot|p1b: Lycanroc\n|-unboost|p1b: Lycanroc|atk|1\n|-unboost|p1b: Lycanroc|spa|1\n|\n|t:|1788319314\n|switch|p2b: Basculegion|Basculegion, L50, M, shiny|100/100|[from] Parting Shot\n|move|p1a: Grimmsnarl|Spirit Break|p2a: Charizard\n|-resisted|p2a: Charizard|1\n|-damage|p2a: Charizard|10/100\n|-unboost|p2a: Charizard|spa|1\n|\n|-weather|SunnyDay|[upkeep]\n|-heal|p1a: Grimmsnarl|60/100|[from] item: Leftovers\n|upkeep\n|turn|3\n|\n|t:|1788319336\n|switch|p2a: Whimsicott|Whimsicott, L50, M, shiny|100/100\n|move|p1b: Lycanroc|Accelerock|p2a: Whimsicott\n|-damage|p2a: Whimsicott|81/100\n|move|p2b: Basculegion|Flip Turn|p1b: Lycanroc\n|-supereffective|p1b: Lycanroc|1\n|-damage|p1b: Lycanroc|36/100\n|\n|t:|1788319337\n|switch|p2b: Incineroar|Incineroar, L50, M, shiny|100/100|[from] Flip Turn\n|-ability|p2b: Incineroar|Intimidate|boost\n|-unboost|p1a: Grimmsnarl|atk|1\n|-unboost|p1b: Lycanroc|atk|1\n|move|p1a: Grimmsnarl|Foul Play|p2b: Incineroar\n|-resisted|p2b: Incineroar|1\n|-damage|p2b: Incineroar|85/100\n|\n|-weather|SunnyDay|[upkeep]\n|-heal|p1a: Grimmsnarl|66/100|[from] item: Leftovers\n|upkeep\n|turn|4\n|inactive|Datryx has 30 seconds left.\n|\n|t:|1788319365\n|switch|p1b: Dragonite|Dragonite, L50, F|100/100\n|move|p2a: Whimsicott|Tailwind|p2a: Whimsicott\n|-sidestart|p2: VictoriousDancing|move: Tailwind\n|move|p2b: Incineroar|Flare Blitz|p1a: Grimmsnarl\n|-damage|p1a: Grimmsnarl|0 fnt\n|faint|p1a: Grimmsnarl\n|-damage|p2b: Incineroar|62/100|[from] Recoil\n|\n|-weather|SunnyDay|[upkeep]\n|upkeep\n|inactive|Datryx has 30 seconds left.\n|\n|t:|1788319390\n|switch|p1a: Lycanroc|Lycanroc-Dusk, L50, F|36/100\n|turn|5\n|\n|t:|1788319407\n|detailschange|p1b: Dragonite|Dragonite-Mega, L50, F\n|-mega|p1b: Dragonite|Dragonite|Dragoninite\n|move|p1a: Lycanroc|Accelerock|p2b: Incineroar\n|-supereffective|p2b: Incineroar|1\n|-damage|p2b: Incineroar|23/100\n|-enditem|p2b: Incineroar|Sitrus Berry|[eat]\n|-heal|p2b: Incineroar|48/100|[from] item: Sitrus Berry\n|move|p2a: Whimsicott|Moonblast|p1b: Dragonite\n|-supereffective|p1b: Dragonite|1\n|-damage|p1b: Dragonite|70/100\n|move|p2b: Incineroar|Throat Chop|p1a: Lycanroc\n|-crit|p1a: Lycanroc\n|-damage|p1a: Lycanroc|0 fnt\n|faint|p1a: Lycanroc\n|move|p1b: Dragonite|Heat Wave|p2b: Incineroar|[spread] p2b\n|-miss|p1b: Dragonite|p2a: Whimsicott\n|-resisted|p2b: Incineroar|1\n|-damage|p2b: Incineroar|27/100\n|\n|-weather|none\n|upkeep\n|\n|t:|1788319422\n|switch|p1a: Tsareena|Tsareena, L50, F|100/100\n|turn|6\n|inactive|Datryx has 30 seconds left.\n|\n|t:|1788319457\n|move|p1b: Dragonite|Extreme Speed|p2b: Incineroar\n|-damage|p2b: Incineroar|12/100\n|move|p2a: Whimsicott|Moonblast|p1b: Dragonite\n|-supereffective|p1b: Dragonite|1\n|-damage|p1b: Dragonite|9/100\n|move|p2b: Incineroar|Flare Blitz|p1a: Tsareena\n|-supereffective|p1a: Tsareena|1\n|-damage|p1a: Tsareena|6/100\n|-damage|p2b: Incineroar|0 fnt|[from] Recoil\n|faint|p2b: Incineroar\n|move|p1a: Tsareena|Triple Axel|p2a: Whimsicott\n|-supereffective|p2a: Whimsicott|1\n|-crit|p2a: Whimsicott\n|-damage|p2a: Whimsicott|47/100\n|-supereffective|p2a: Whimsicott|1\n|-damage|p2a: Whimsicott|0 fnt\n|faint|p2a: Whimsicott\n|-hitcount|p2: Whimsicott|2\n|\n|upkeep\n|\n|t:|1788319457\n|switch|p2a: Basculegion|Basculegion, L50, M, shiny|100/100\n|switch|p2b: Charizard|Charizard-Mega-Y, L50, M, shiny|10/100\n|-weather|SunnyDay|[from] ability: Drought|[of] p2b: Charizard\n|turn|7\n|inactive|Datryx has 30 seconds left.\n|\n|t:|1788319484\n|move|p1b: Dragonite|Extreme Speed|p2b: Charizard\n|-damage|p2b: Charizard|0 fnt\n|faint|p2b: Charizard\n|move|p2a: Basculegion|Last Respects|p1b: Dragonite\n|-damage|p1b: Dragonite|0 fnt\n|faint|p1b: Dragonite\n|move|p1a: Tsareena|Power Whip|p2a: Basculegion\n|-supereffective|p2a: Basculegion|1\n|-damage|p2a: Basculegion|0 fnt\n|faint|p2a: Basculegion\n|\n|win|Datryx\n|raw|Datryx's rating: 1100 &rarr; <strong>1128</strong><br />(+28 for winning)\n|raw|VictoriousDancing's rating: 1148 &rarr; <strong>1120</strong><br />(-28 for losing)\n|l|☆VictoriousDancing\n|player|p2|\n|c|☆Datryx|gg\n","uploadtime":1788319504,"views":"1","formatid":"gen9championsvgc2026regmb","rating":1120,"private":0,"password":null}