{"id":"gen9championsvgc2026regmbbo3-2674010542","format":"[Gen 9 Champions] VGC 2026 Reg M-B (Bo3)","players":["Louis Vivillon","Kk1pper1314"],"log":"|j|☆Louis Vivillon\n|j|☆Kk1pper1314\n|html|<table width=\"100%\"><tr><td align=\"left\">Louis Vivillon</td><td align=\"right\">Kk1pper1314</tr><tr><td align=\"left\"><i class=\"fa fa-circle\"></i> <i class=\"fa fa-circle-o\"></i> </td><td align=\"right\"><i class=\"fa fa-circle-o\"></i> <i class=\"fa fa-circle-o\"></i> </tr></table>\n|uhtml|bestof|<h2><strong>Game 2</strong> of <a href=\"/game-bestof3-gen9championsvgc2026regmbbo3-2674007918\">a best-of-3</a></h2>\n|t:|1788287874\n|gametype|doubles\n|player|p1|Louis Vivillon|ingo|1170\n|player|p2|Kk1pper1314|2|1257\n|gen|9\n|tier|[Gen 9 Champions] VGC 2026 Reg M-B (Bo3)\n|rated|\n|rule|Species Clause: Limit one of each Pokémon\n|rule|Item Clause: Limit 1 of each item\n|clearpoke\n|poke|p1|Dragonite, L50, M, shiny|\n|poke|p1|Floette-Eternal, L50, F|\n|poke|p1|Whimsicott, L50, M|\n|poke|p1|Sneasler, L50, F|\n|poke|p1|Kingambit, L50, F|\n|poke|p1|Basculegion, L50, M|\n|poke|p2|Swampert, L50, F|\n|poke|p2|Grimmsnarl, L50, M|\n|poke|p2|Pelipper, L50, F|\n|poke|p2|Archaludon, L50, F|\n|poke|p2|Venusaur, L50, F|\n|poke|p2|Charizard, L50, F|\n|teampreview|4\n|showteam|p1|Dragonite||Dragoninite|Multiscale|Protect,HeatWave,DragonPulse,Thunderbolt|Timid||M|||50|]Floette-Eternal||Floettite|FlowerVeil|Protect,Moonblast,DazzlingGleam,LightofRuin|Timid||F|||50|]Whimsicott||FocusSash|Prankster|Protect,Moonblast,Tailwind,Encore|Timid||M|||50|]Sneasler||WhiteHerb|Unburden|FakeOut,RockSlide,CloseCombat,DireClaw|Jolly||F|||50|]Kingambit||ChopleBerry|Defiant|KowtowCleave,SuckerPunch,LowKick,IronHead|Adamant||F|||50|]Basculegion||LifeOrb|Adaptability|Protect,AquaJet,WaveCrash,LastRespects|Jolly||M|||50|\n|showteam|p2|Swampert||Swampertite|Torrent|WaveCrash,Earthquake,IcePunch,Protect|Adamant||F|||50|]Grimmsnarl||LightClay|Prankster|PartingShot,SpiritBreak,LightScreen,Reflect|Careful||M|||50|]Pelipper||SitrusBerry|Drizzle|Hurricane,Tailwind,WeatherBall,Protect|Modest||F|||50|]Archaludon||Leftovers|Stamina|ElectroShot,FlashCannon,DragonPulse,Protect|Calm||F|||50|]Venusaur||FocusSash|Chlorophyll|LeafStorm,SludgeBomb,SleepPowder,Protect|Timid||F|||50|]Charizard||CharizarditeY|Blaze|HeatWave,WeatherBall,SolarBeam,Protect|Modest||F|||50|\n|inactive|Battle timer is ON: inactive players will automatically lose when time's up. (requested by Kk1pper1314)\n|\n|t:|1788287890\n|teamsize|p1|4\n|teamsize|p2|4\n|start\n|switch|p1a: Dragonite|Dragonite, L50, M, shiny|100/100\n|switch|p1b: Sneasler|Sneasler, L50, F|100/100\n|switch|p2a: Swampert|Swampert, L50, F|100/100\n|switch|p2b: Pelipper|Pelipper, L50, F|100/100\n|-weather|RainDance|[from] ability: Drizzle|[of] p2b: Pelipper\n|turn|1\n|\n|t:|1788287907\n|switch|p2b: Grimmsnarl|Grimmsnarl, L50, M|100/100\n|detailschange|p1a: Dragonite|Dragonite-Mega, L50, M, shiny\n|-mega|p1a: Dragonite|Dragonite|Dragoninite\n|detailschange|p2a: Swampert|Swampert-Mega, L50, F\n|-mega|p2a: Swampert|Swampert|Swampertite\n|move|p2a: Swampert|Protect|p2a: Swampert\n|-singleturn|p2a: Swampert|Protect\n|move|p1b: Sneasler|Fake Out|p2a: Swampert\n|-activate|p2a: Swampert|move: Protect\n|move|p1a: Dragonite|Thunderbolt|p2b: Grimmsnarl\n|-damage|p2b: Grimmsnarl|70/100\n|\n|-weather|RainDance|[upkeep]\n|upkeep\n|turn|2\n|inactive|Louis Vivillon has 30 seconds left.\n|inactive|Kk1pper1314 has 30 seconds left.\n|inactive|Louis Vivillon has 20 seconds left.\n|\n|t:|1788287947\n|move|p1a: Dragonite|Protect|p1a: Dragonite\n|-singleturn|p1a: Dragonite|Protect\n|move|p2a: Swampert|Wave Crash|p1b: Sneasler\n|-damage|p1b: Sneasler|0 fnt\n|faint|p1b: Sneasler\n|-damage|p2a: Swampert|70/100|[from] Recoil\n|move|p2b: Grimmsnarl|Spirit Break|p1a: Dragonite\n|-activate|p1a: Dragonite|move: Protect\n|\n|-weather|RainDance|[upkeep]\n|upkeep\n|\n|t:|1788287961\n|switch|p1b: Whimsicott|Whimsicott, L50, M|100/100\n|turn|3\n|\n|t:|1788287975\n|switch|p2a: Archaludon|Archaludon, L50, F|100/100\n|move|p1b: Whimsicott|Tailwind|p1b: Whimsicott\n|-sidestart|p1: Louis Vivillon|move: Tailwind\n|move|p2b: Grimmsnarl|Parting Shot|p1a: Dragonite\n|-unboost|p1a: Dragonite|atk|1\n|-unboost|p1a: Dragonite|spa|1\n|\n|t:|1788287988\n|switch|p2b: Swampert|Swampert-Mega, L50, F|70/100|[from] Parting Shot\n|move|p1a: Dragonite|Dragon Pulse|p2a: Archaludon\n|-damage|p2a: Archaludon|73/100\n|-ability|p2a: Archaludon|Stamina|boost\n|-boost|p2a: Archaludon|def|1\n|\n|-weather|RainDance|[upkeep]\n|-heal|p2a: Archaludon|79/100|[from] item: Leftovers\n|upkeep\n|turn|4\n|\n|t:|1788288009\n|switch|p2a: Grimmsnarl|Grimmsnarl, L50, M|70/100\n|move|p1b: Whimsicott|Moonblast|p2b: Swampert\n|-damage|p2b: Swampert|37/100\n|move|p1a: Dragonite|Dragon Pulse|p2b: Swampert\n|-damage|p2b: Swampert|9/100\n|move|p2b: Swampert|Ice Punch|p1b: Whimsicott\n|-supereffective|p1b: Whimsicott|1\n|-damage|p1b: Whimsicott|19/100\n|\n|-weather|RainDance|[upkeep]\n|upkeep\n|turn|5\n|\n|t:|1788288030\n|switch|p1a: Basculegion|Basculegion, L50, M|100/100\n|move|p2b: Swampert|Protect|p2b: Swampert\n|-singleturn|p2b: Swampert|Protect\n|move|p2a: Grimmsnarl|Light Screen|p2a: Grimmsnarl\n|-sidestart|p2: Kk1pper1314|move: Light Screen\n|move|p1b: Whimsicott|Moonblast|p2b: Swampert\n|-activate|p2b: Swampert|move: Protect\n|\n|-weather|none\n|upkeep\n|turn|6\n|inactive|Louis Vivillon has 30 seconds left.\n|inactive|Kk1pper1314 has 30 seconds left.\n|\n|t:|1788288059\n|move|p1b: Whimsicott|Encore|p2b: Swampert\n|-start|p2b: Swampert|Encore\n|move|p2b: Swampert|Protect||[still]\n|-fail|p2b: Swampert\n|move|p2a: Grimmsnarl|Parting Shot|p1a: Basculegion\n|-unboost|p1a: Basculegion|atk|1\n|-unboost|p1a: Basculegion|spa|1\n|\n|t:|1788288065\n|switch|p2a: Archaludon|Archaludon, L50, F|79/100|[from] Parting Shot\n|move|p1a: Basculegion|Wave Crash|p2a: Archaludon\n|-resisted|p2a: Archaludon|1\n|-damage|p2a: Archaludon|55/100\n|-ability|p2a: Archaludon|Stamina|boost\n|-boost|p2a: Archaludon|def|1\n|-damage|p1a: Basculegion|91/100|[from] Recoil\n|-damage|p1a: Basculegion|82/100|[from] item: Life Orb\n|\n|-heal|p2a: Archaludon|61/100|[from] item: Leftovers\n|-sideend|p1: Louis Vivillon|move: Tailwind\n|upkeep\n|turn|7\n|inactive|Louis Vivillon has 30 seconds left.\n|\n|t:|1788288094\n|switch|p2b: Pelipper|Pelipper, L50, F|100/100\n|-weather|RainDance|[from] ability: Drizzle|[of] p2b: Pelipper\n|move|p1b: Whimsicott|Tailwind|p1b: Whimsicott\n|-sidestart|p1: Louis Vivillon|move: Tailwind\n|move|p1a: Basculegion|Last Respects|p2a: Archaludon\n|-damage|p2a: Archaludon|31/100\n|-ability|p2a: Archaludon|Stamina|boost\n|-boost|p2a: Archaludon|def|1\n|-damage|p1a: Basculegion|72/100|[from] item: Life Orb\n|move|p2a: Archaludon|Electro Shot||[still]\n|-prepare|p2a: Archaludon|Electro Shot\n|-boost|p2a: Archaludon|spa|1\n|-anim|p2a: Archaludon|Electro Shot|p1b: Whimsicott\n|-resisted|p1b: Whimsicott|1\n|-damage|p1b: Whimsicott|0 fnt\n|faint|p1b: Whimsicott\n|\n|-weather|RainDance|[upkeep]\n|-heal|p2a: Archaludon|38/100|[from] item: Leftovers\n|upkeep\n|\n|t:|1788288109\n|switch|p1b: Dragonite|Dragonite-Mega, L50, M, shiny|100/100\n|turn|8\n|inactive|Louis Vivillon has 30 seconds left.\n|inactive|Louis Vivillon has 20 seconds left.\n|\n|t:|1788288149\n|move|p2a: Archaludon|Protect|p2a: Archaludon\n|-singleturn|p2a: Archaludon|Protect\n|move|p1b: Dragonite|Dragon Pulse|p2a: Archaludon\n|-activate|p2a: Archaludon|move: Protect\n|move|p1a: Basculegion|Last Respects|p2a: Archaludon\n|-activate|p2a: Archaludon|move: Protect\n|move|p2b: Pelipper|Hurricane|p1a: Basculegion\n|-damage|p1a: Basculegion|26/100\n|-start|p1a: Basculegion|confusion\n|\n|-weather|RainDance|[upkeep]\n|-heal|p2a: Archaludon|44/100|[from] item: Leftovers\n|upkeep\n|turn|9\n|\n|t:|1788288173\n|-activate|p1a: Basculegion|confusion\n|-damage|p1a: Basculegion|16/100|[from] confusion\n|move|p1b: Dragonite|Thunderbolt|p2b: Pelipper\n|-supereffective|p2b: Pelipper|2\n|-damage|p2b: Pelipper|0 fnt\n|faint|p2b: Pelipper\n|move|p2a: Archaludon|Electro Shot||[still]\n|-prepare|p2a: Archaludon|Electro Shot\n|-boost|p2a: Archaludon|spa|1\n|-anim|p2a: Archaludon|Electro Shot|p1b: Dragonite\n|-damage|p1b: Dragonite|64/100\n|\n|-weather|RainDance|[upkeep]\n|-heal|p2a: Archaludon|50/100g|[from] item: Leftovers\n|upkeep\n|\n|t:|1788288184\n|switch|p2b: Grimmsnarl|Grimmsnarl, L50, M|70/100\n|turn|10\n|\n|t:|1788288198\n|move|p1b: Dragonite|Protect|p1b: Dragonite\n|-singleturn|p1b: Dragonite|Protect\n|-activate|p1a: Basculegion|confusion\n|move|p1a: Basculegion|Wave Crash|p2b: Grimmsnarl\n|-damage|p2b: Grimmsnarl|0 fnt\n|faint|p2b: Grimmsnarl\n|-damage|p1a: Basculegion|0 fnt|[from] Recoil\n|faint|p1a: Basculegion\n|move|p2a: Archaludon|Dragon Pulse|p1b: Dragonite\n|-activate|p1b: Dragonite|move: Protect\n|\n|-weather|RainDance|[upkeep]\n|-heal|p2a: Archaludon|56/100|[from] item: Leftovers\n|-sideend|p1: Louis Vivillon|move: Tailwind\n|upkeep\n|\n|t:|1788288201\n|switch|p2b: Swampert|Swampert-Mega, L50, F|9/100\n|turn|11\n|\n|t:|1788288211\n|move|p2b: Swampert|Ice Punch|p1b: Dragonite\n|-supereffective|p1b: Dragonite|2\n|-damage|p1b: Dragonite|0 fnt\n|faint|p1b: Dragonite\n|\n|win|Kk1pper1314\n||Louis Vivillon is ready for game 3.\n||Kk1pper1314 is ready for game 3.\n|uhtml|next|Next: <a href=\"/battle-gen9championsvgc2026regmbbo3-2674013513\"><strong>Game 3 of 3</strong></a>\n|l|☆Kk1pper1314\n|player|p2|\n","uploadtime":1788288488,"views":"21","formatid":"gen9championsvgc2026regmbbo3","rating":null,"private":0,"password":null}