{"id":"gen9championsvgc2026regmbbo3-2673967023","format":"[Gen 9 Champions] VGC 2026 Reg M-B (Bo3)","players":["FatherPenguin","fugufug"],"log":"|j|☆FatherPenguin\n|j|☆fugufug\n|html|<table width=\"100%\"><tr><td align=\"left\">FatherPenguin</td><td align=\"right\">fugufug</tr><tr><td align=\"left\"><i class=\"fa fa-circle-o\"></i> <i class=\"fa fa-circle-o\"></i> </td><td align=\"right\"><i class=\"fa fa-circle-o\"></i> <i class=\"fa fa-circle-o\"></i> </tr></table>\n|uhtml|bestof|<h2><strong>Game 1</strong> of <a href=\"/game-bestof3-gen9championsvgc2026regmbbo3-2673967022\">a best-of-3</a></h2>\n|t:|1788282830\n|gametype|doubles\n|player|p1|FatherPenguin|acetrainersnow|1227\n|player|p2|fugufug|bellepa|1188\n|gen|9\n|tier|[Gen 9 Champions] VGC 2026 Reg M-B (Bo3)\n|rated|\n|rule|Species Clause: Limit one of each Pokémon\n|rule|Item Clause: Limit 1 of each item\n|clearpoke\n|poke|p1|Sneasler, L50, M|\n|poke|p1|Blastoise, L50, M|\n|poke|p1|Kingambit, L50, M|\n|poke|p1|Incineroar, L50, M|\n|poke|p1|Delphox, L50, F|\n|poke|p1|Sinistcha, L50|\n|poke|p2|Blastoise, L50, F|\n|poke|p2|Annihilape, L50, M|\n|poke|p2|Sinistcha, L50|\n|poke|p2|Maushold-Four, L50|\n|poke|p2|Arcanine, L50, F|\n|poke|p2|Aerodactyl, L50, M|\n|teampreview|4\n|showteam|p1|Sneasler||FocusSash|PoisonTouch|PoisonJab,CloseCombat,FakeOut,QuickGuard|Jolly||M|||50|]Blastoise||Blastoisinite|RainDish|DarkPulse,WaterSpout,ShellSmash,Protect|Modest||M|||50|]Kingambit||LifeOrb|Defiant|KowtowCleave,SuckerPunch,SwordsDance,Protect|Adamant||M|||50|]Incineroar||SitrusBerry|Intimidate|FlareBlitz,ThroatChop,PartingShot,FakeOut|Careful||M|||50|]Delphox||Delphoxite|Blaze|HeatWave,NastyPlot,Psychic,Protect|Timid||F|||50|]Sinistcha||ColburBerry|Hospitality|MatchaGotcha,RagePowder,TrickRoom,Protect|Bold|||||50|\n|showteam|p2|Blastoise||Blastoisinite|Torrent|WaterSpout,DarkPulse,ShellSmash,Protect|Timid||F|||50|]Annihilape||Leftovers|Defiant|BeatUp,Protect,HelpingHand,RageFist|Jolly||M|||50|]Sinistcha||ColburBerry|Hospitality|RagePowder,Protect,MatchaGotcha,LifeDew|Calm|||||50|]Maushold-Four||ChopleBerry|FriendGuard|Protect,BeatUp,Feint,FollowMe|Jolly|||||50|]Arcanine||SitrusBerry|Justified|TemperFlare,WildCharge,Protect,ExtremeSpeed|Adamant||F|||50|]Aerodactyl||Aerodactylite|RockHead|Protect,RockSlide,DualWingbeat,WideGuard|Jolly||M|||50|\n|inactive|Battle timer is ON: inactive players will automatically lose when time's up. (requested by FatherPenguin)\n|inactive|FatherPenguin has 60 seconds left.\n|inactive|fugufug has 60 seconds left.\n|inactive|FatherPenguin has 30 seconds left.\n|inactive|FatherPenguin has 20 seconds left.\n|inactive|FatherPenguin has 15 seconds left.\n|inactive|FatherPenguin has 10 seconds left.\n|inactive|FatherPenguin has 5 seconds left.\n|\n|t:|1788282917\n|teamsize|p1|4\n|teamsize|p2|4\n|start\n|switch|p1a: Sneasler|Sneasler, L50, M|100/100\n|switch|p1b: Kingambit|Kingambit, L50, M|100/100\n|switch|p2a: Maushold|Maushold-Four, L50|100/100\n|switch|p2b: Blastoise|Blastoise, L50, F|100/100\n|turn|1\n|inactive|FatherPenguin has 30 seconds left.\n|inactive|FatherPenguin has 20 seconds left.\n|inactive|fugufug has 30 seconds left.\n|\n|t:|1788282956\n|switch|p2b: Arcanine|Arcanine, L50, F|100/100\n|move|p1a: Sneasler|Fake Out|p2b: Arcanine\n|-damage|p2b: Arcanine|86/100\n|move|p2a: Maushold|Beat Up|p2b: Arcanine\n|-damage|p2b: Arcanine|83/100\n|-ability|p2b: Arcanine|Justified|boost\n|-boost|p2b: Arcanine|atk|1\n|-damage|p2b: Arcanine|80/100\n|-ability|p2b: Arcanine|Justified|boost\n|-boost|p2b: Arcanine|atk|1\n|-damage|p2b: Arcanine|78/100\n|-ability|p2b: Arcanine|Justified|boost\n|-boost|p2b: Arcanine|atk|1\n|-damage|p2b: Arcanine|75/100\n|-ability|p2b: Arcanine|Justified|boost\n|-boost|p2b: Arcanine|atk|1\n|-hitcount|p2b: Arcanine|4\n|move|p1b: Kingambit|Swords Dance|p1b: Kingambit\n|-boost|p1b: Kingambit|atk|2\n|\n|upkeep\n|turn|2\n|inactive|FatherPenguin has 30 seconds left.\n|inactive|FatherPenguin has 20 seconds left.\n|inactive|FatherPenguin has 15 seconds left.\n|inactive|FatherPenguin has 10 seconds left.\n|inactive|FatherPenguin has 5 seconds left.\n|\n|t:|1788283011\n|move|p2a: Maushold|Follow Me|p2a: Maushold\n|-singleturn|p2a: Maushold|move: Follow Me\n|move|p1a: Sneasler|Poison Jab|p2a: Maushold\n|-damage|p2a: Maushold|41/100\n|-status|p2a: Maushold|psn|[from] ability: Poison Touch|[of] p1a: Sneasler\n|move|p2b: Arcanine|Temper Flare|p1b: Kingambit\n|-supereffective|p1b: Kingambit|1\n|-damage|p1b: Kingambit|0 fnt\n|faint|p1b: Kingambit\n|\n|-damage|p2a: Maushold|29/100 psn|[from] psn\n|upkeep\n|inactive|FatherPenguin has 30 seconds left.\n|inactive|FatherPenguin has 20 seconds left.\n|inactive|FatherPenguin has 15 seconds left.\n|inactive|FatherPenguin has 10 seconds left.\n|\n|t:|1788283057\n|switch|p1b: Sinistcha|Sinistcha, L50|100/100\n|turn|3\n|\n|t:|1788283080\n|switch|p1a: Blastoise|Blastoise, L50, M|100/100\n|move|p1b: Sinistcha|Protect|p1b: Sinistcha\n|-singleturn|p1b: Sinistcha|Protect\n|move|p2a: Maushold|Feint|p1b: Sinistcha\n|-immune|p1b: Sinistcha\n|move|p2b: Arcanine|Temper Flare|p1b: Sinistcha\n|-activate|p1b: Sinistcha|move: Protect\n|\n|-damage|p2a: Maushold|17/100 psn|[from] psn\n|upkeep\n|turn|4\n|\n|t:|1788283098\n|switch|p1b: Sneasler|Sneasler, L50, M|100/100\n|detailschange|p1a: Blastoise|Blastoise-Mega, L50, M\n|-mega|p1a: Blastoise|Blastoise|Blastoisinite\n|move|p1a: Blastoise|Protect|p1a: Blastoise\n|-singleturn|p1a: Blastoise|Protect\n|move|p2a: Maushold|Follow Me|p2a: Maushold\n|-singleturn|p2a: Maushold|move: Follow Me\n|move|p2b: Arcanine|Extreme Speed|p1a: Blastoise\n|-activate|p1a: Blastoise|move: Protect\n|\n|-damage|p2a: Maushold|5/100 psn|[from] psn\n|upkeep\n|turn|5\n|inactive|FatherPenguin has 30 seconds left.\n|\n|t:|1788283124\n|move|p2b: Arcanine|Protect|p2b: Arcanine\n|-singleturn|p2b: Arcanine|Protect\n|move|p1b: Sneasler|Fake Out|p2b: Arcanine\n|-activate|p2b: Arcanine|move: Protect\n|move|p2a: Maushold|Beat Up|p1b: Sneasler\n|-resisted|p1b: Sneasler|1\n|-damage|p1b: Sneasler|98/100\n|-resisted|p1b: Sneasler|1\n|-damage|p1b: Sneasler|95/100\n|-resisted|p1b: Sneasler|1\n|-damage|p1b: Sneasler|92/100\n|-resisted|p1b: Sneasler|1\n|-damage|p1b: Sneasler|90/100\n|-hitcount|p1b: Sneasler|4\n|move|p1a: Blastoise|Shell Smash|p1a: Blastoise\n|-unboost|p1a: Blastoise|def|1\n|-unboost|p1a: Blastoise|spd|1\n|-boost|p1a: Blastoise|atk|2\n|-boost|p1a: Blastoise|spa|2\n|-boost|p1a: Blastoise|spe|2\n|\n|-damage|p2a: Maushold|0 fnt|[from] psn\n|faint|p2a: Maushold\n|upkeep\n|\n|t:|1788283129\n|switch|p2a: Aerodactyl|Aerodactyl, L50, M|100/100\n|turn|6\n|inactive|FatherPenguin has 30 seconds left.\n|\n|t:|1788283160\n|detailschange|p2a: Aerodactyl|Aerodactyl-Mega, L50, M\n|-mega|p2a: Aerodactyl|Aerodactyl|Aerodactylite\n|move|p2b: Arcanine|Protect||[still]\n|-fail|p2b: Arcanine\n|move|p1b: Sneasler|Quick Guard|p1b: Sneasler\n|-singleturn|p1b: Sneasler|Quick Guard\n|move|p1a: Blastoise|Dark Pulse|p2b: Arcanine\n|-damage|p2b: Arcanine|0 fnt\n|faint|p2b: Arcanine\n|move|p2a: Aerodactyl|Dual Wingbeat|p1b: Sneasler\n|-supereffective|p1b: Sneasler|1\n|-damage|p1b: Sneasler|0 fnt\n|faint|p1b: Sneasler\n|-hitcount|p1: Sneasler|1\n|\n|upkeep\n|\n|t:|1788283173\n|switch|p1b: Sinistcha|Sinistcha, L50|100/100\n|switch|p2b: Blastoise|Blastoise, L50, F|100/100\n|turn|7\n|inactive|FatherPenguin has 30 seconds left.\n|\n|t:|1788283201\n|move|p1a: Blastoise|Dark Pulse|p2a: Aerodactyl\n|-damage|p2a: Aerodactyl|0 fnt\n|faint|p2a: Aerodactyl\n|move|p2b: Blastoise|Water Spout|p1b: Sinistcha|[spread] p1a,p1b\n|-resisted|p1a: Blastoise|1\n|-crit|p1a: Blastoise\n|-resisted|p1b: Sinistcha|1\n|-damage|p1a: Blastoise|51/100\n|-damage|p1b: Sinistcha|76/100\n|move|p1b: Sinistcha|Matcha Gotcha|p2b: Blastoise\n|-supereffective|p2b: Blastoise|1\n|-damage|p2b: Blastoise|23/100\n|-heal|p1b: Sinistcha|100/100|[from] drain|[of] p2b: Blastoise\n|-status|p2b: Blastoise|brn\n|\n|-damage|p2b: Blastoise|17/100 brn|[from] brn\n|upkeep\n|turn|8\n|inactive|fugufug has 30 seconds left.\n|-message|fugufug forfeited.\n|\n|win|FatherPenguin\n||fugufug is ready for game 2.\n","uploadtime":1788283234,"views":"1","formatid":"gen9championsvgc2026regmbbo3","rating":null,"private":0,"password":null}