{"id":"gen9championsvgc2026regmbbo3-2674735241","format":"[Gen 9 Champions] VGC 2026 Reg M-B (Bo3)","players":["Yoghurt25","OlympiaBmore2027"],"log":"|j|☆Yoghurt25\n|j|☆OlympiaBmore2027\n|html|<table width=\"100%\"><tr><td align=\"left\">Yoghurt25</td><td align=\"right\">OlympiaBmore2027</tr><tr><td align=\"left\"><i class=\"fa fa-circle-o\"></i> <i class=\"fa fa-circle-o\"></i> </td><td align=\"right\"><i class=\"fa fa-circle-o\"></i> <i class=\"fa fa-circle\"></i> </tr></table>\n|uhtml|bestof|<h2><strong>Game 2</strong> of <a href=\"/game-bestof3-gen9championsvgc2026regmbbo3-2674733549\">a best-of-3</a></h2>\n|t:|1788398004\n|gametype|doubles\n|player|p1|Yoghurt25|101|1130\n|player|p2|OlympiaBmore2027|dahlia|1050\n|gen|9\n|tier|[Gen 9 Champions] VGC 2026 Reg M-B (Bo3)\n|rated|\n|rule|Species Clause: Limit one of each Pokémon\n|rule|Item Clause: Limit 1 of each item\n|clearpoke\n|poke|p1|Sinistcha, L50|\n|poke|p1|Incineroar, L50, F|\n|poke|p1|Blaziken, L50, F|\n|poke|p1|Ninetales-Alola, L50, M|\n|poke|p1|Mawile, L50, M|\n|poke|p1|Basculegion, L50, M|\n|poke|p2|Mawile, L50, F|\n|poke|p2|Incineroar, L50, M|\n|poke|p2|Goodra, L50, F|\n|poke|p2|Farigiraf, L50, F|\n|poke|p2|Overqwil, L50, M|\n|poke|p2|Pelipper, L50, M|\n|teampreview|4\n|showteam|p1|Sinistcha||KasibBerry|Hospitality|MatchaGotcha,RagePowder,TrickRoom,Protect|Relaxed|||||50|]Incineroar||SitrusBerry|Intimidate|FlareBlitz,FakeOut,PartingShot,HelpingHand|Careful||F|||50|]Blaziken||Blazikenite|SpeedBoost|CloseCombat,FlareBlitz,RockSlide,Detect|Adamant||F|||50|]Ninetales-Alola||NeverMeltIce|SnowWarning|Blizzard,FreezeDry,Encore,Protect|Timid||M|||50|]Mawile||Mawilite|HyperCutter|PlayRough,IronHead,SuckerPunch,Protect|Adamant||M|||50|]Basculegion||LifeOrb|Adaptability|WaveCrash,LastRespects,AquaJet,Protect|Adamant||M|||50|\n|showteam|p2|Mawile||Mawilite|HyperCutter|RockSlide,PlayRough,SuckerPunch,Protect|Adamant||F|||50|]Incineroar||WhiteHerb|Intimidate|FakeOut,PartingShot,FlareBlitz,ThroatChop|Adamant||M|||50|]Goodra||DragonFang|SapSipper|DracoMeteor,SludgeBomb,Flamethrower,Protect|Modest||F|||50|]Farigiraf||ColburBerry|ArmorTail|TrickRoom,PsychicFangs,LowKick,HelpingHand|Brave||F|||50|]Overqwil||LifeOrb|SwiftSwim|ThroatChop,GunkShot,Liquidation,Protect|Adamant||M|||50|]Pelipper||SitrusBerry|Drizzle|WeatherBall,Hurricane,Tailwind,WideGuard|Modest||M|||50|\n|\n|t:|1788398062\n|teamsize|p1|4\n|teamsize|p2|4\n|start\n|switch|p1a: Blaziken|Blaziken, L50, F|100/100\n|switch|p1b: Sinistcha|Sinistcha, L50|100/100\n|switch|p2a: Incineroar|Incineroar, L50, M|100/100\n|switch|p2b: Mawile|Mawile, L50, F|100/100\n|-ability|p2a: Incineroar|Intimidate|boost\n|-unboost|p1a: Blaziken|atk|1\n|-unboost|p1b: Sinistcha|atk|1\n|turn|1\n|inactive|Battle timer is ON: inactive players will automatically lose when time's up. (requested by Yoghurt25)\n|\n|t:|1788398082\n|switch|p1b: Incineroar|Incineroar, L50, F|100/100\n|-ability|p1b: Incineroar|Intimidate|boost\n|-unboost|p2a: Incineroar|atk|1\n|-fail|p2b: Mawile|unboost|atk|[from] ability: Hyper Cutter|[of] p2b: Mawile\n|-enditem|p2a: Incineroar|White Herb\n|-clearnegativeboost|p2a: Incineroar|[silent]\n|detailschange|p1a: Blaziken|Blaziken-Mega, L50, F\n|-mega|p1a: Blaziken|Blaziken|Blazikenite\n|detailschange|p2b: Mawile|Mawile-Mega, L50, F\n|-mega|p2b: Mawile|Mawile|Mawilite\n|move|p1a: Blaziken|Detect|p1a: Blaziken\n|-singleturn|p1a: Blaziken|Protect\n|move|p2a: Incineroar|Throat Chop|p1b: Incineroar\n|-resisted|p1b: Incineroar|1\n|-damage|p1b: Incineroar|84/100\n|-start|p1b: Incineroar|Throat Chop|[silent]\n|move|p2b: Mawile|Play Rough|p1b: Incineroar\n|-damage|p1b: Incineroar|21/100\n|-unboost|p1b: Incineroar|atk|1\n|-enditem|p1b: Incineroar|Sitrus Berry|[eat]\n|-heal|p1b: Incineroar|46/100|[from] item: Sitrus Berry\n|\n|-ability|p1a: Blaziken|Speed Boost|boost\n|-boost|p1a: Blaziken|spe|1\n|upkeep\n|turn|2\n|inactive|Yoghurt25 has 30 seconds left.\n|inactive|OlympiaBmore2027 has 30 seconds left.\n|\n|t:|1788398113\n|move|p2b: Mawile|Protect|p2b: Mawile\n|-singleturn|p2b: Mawile|Protect\n|move|p1b: Incineroar|Fake Out|p2a: Incineroar\n|-damage|p2a: Incineroar|93/100\n|move|p1a: Blaziken|Flare Blitz|p2b: Mawile\n|-activate|p2b: Mawile|move: Protect\n|cant|p2a: Incineroar|flinch\n|\n|-end|p1b: Incineroar|Throat Chop|[silent]\n|-ability|p1a: Blaziken|Speed Boost|boost\n|-boost|p1a: Blaziken|spe|1\n|upkeep\n|turn|3\n|\n|t:|1788398131\n|switch|p2a: Pelipper|Pelipper, L50, M|100/100\n|-weather|RainDance|[from] ability: Drizzle|[of] p2a: Pelipper\n|move|p1a: Blaziken|Detect|p1a: Blaziken\n|-singleturn|p1a: Blaziken|Protect\n|move|p2b: Mawile|Play Rough|p1b: Incineroar\n|-damage|p1b: Incineroar|0 fnt\n|faint|p1b: Incineroar\n|\n|-weather|RainDance|[upkeep]\n|-ability|p1a: Blaziken|Speed Boost|boost\n|-boost|p1a: Blaziken|spe|1\n|upkeep\n|\n|t:|1788398143\n|switch|p1b: Basculegion|Basculegion, L50, M|100/100\n|turn|4\n|inactive|Yoghurt25 has 30 seconds left.\n|inactive|Yoghurt25 has 20 seconds left.\n|\n|t:|1788398183\n|switch|p1a: Sinistcha|Sinistcha, L50|100/100\n|move|p2b: Mawile|Sucker Punch|p1b: Basculegion\n|-supereffective|p1b: Basculegion|1\n|-damage|p1b: Basculegion|7/100\n|move|p1b: Basculegion|Wave Crash|p2b: Mawile\n|-damage|p2b: Mawile|0 fnt\n|faint|p2b: Mawile\n|-damage|p1b: Basculegion|0 fnt|[from] Recoil\n|faint|p1b: Basculegion\n|move|p2a: Pelipper|Hurricane|p1a: Sinistcha\n|-supereffective|p1a: Sinistcha|1\n|-damage|p1a: Sinistcha|22/100\n|\n|-weather|RainDance|[upkeep]\n|upkeep\n|\n|t:|1788398200\n|switch|p1b: Blaziken|Blaziken-Mega, L50, F|100/100\n|switch|p2b: Incineroar|Incineroar, L50, M|93/100\n|-ability|p2b: Incineroar|Intimidate|boost\n|-unboost|p1a: Sinistcha|atk|1\n|-unboost|p1b: Blaziken|atk|1\n|turn|5\n|\n|t:|1788398212\n|move|p1a: Sinistcha|Rage Powder|p1a: Sinistcha\n|-singleturn|p1a: Sinistcha|move: Rage Powder\n|move|p1b: Blaziken|Rock Slide|p2a: Pelipper|[spread] p2a,p2b\n|-supereffective|p2a: Pelipper|1\n|-supereffective|p2b: Incineroar|1\n|-damage|p2a: Pelipper|64/100\n|-damage|p2b: Incineroar|59/100\n|move|p2b: Incineroar|Throat Chop|p1a: Sinistcha\n|-supereffective|p1a: Sinistcha|1\n|-damage|p1a: Sinistcha|0 fnt\n|faint|p1a: Sinistcha\n|move|p2a: Pelipper|Hurricane|p1b: Blaziken\n|-supereffective|p1b: Blaziken|1\n|-damage|p1b: Blaziken|0 fnt\n|faint|p1b: Blaziken\n|\n|win|OlympiaBmore2027\n|raw|Yoghurt25's rating: 1130 &rarr; <strong>1099</strong><br />(-31 for losing)\n|raw|OlympiaBmore2027's rating: 1050 &rarr; <strong>1090</strong><br />(+40 for winning)\n|l|☆OlympiaBmore2027\n|player|p2|\n","uploadtime":1788398227,"views":"1","formatid":"gen9championsvgc2026regmbbo3","rating":1090,"private":0,"password":null}