{"id":"gen9championsvgc2026regmbbo3-2674661972","format":"[Gen 9 Champions] VGC 2026 Reg M-B (Bo3)","players":["dkelly1126","badradsaddad"],"log":"|j|☆dkelly1126\n|j|☆badradsaddad\n|html|<table width=\"100%\"><tr><td align=\"left\">dkelly1126</td><td align=\"right\">badradsaddad</tr><tr><td align=\"left\"><i class=\"fa fa-circle-o\"></i> <i class=\"fa fa-circle-o\"></i> </td><td align=\"right\"><i class=\"fa fa-circle-o\"></i> <i class=\"fa fa-circle-o\"></i> </tr></table>\n|uhtml|bestof|<h2><strong>Game 1</strong> of <a href=\"/game-bestof3-gen9championsvgc2026regmbbo3-2674661971\">a best-of-3</a></h2>\n|t:|1788386791\n|gametype|doubles\n|player|p1|dkelly1126|101|1160\n|player|p2|badradsaddad|1|1142\n|gen|9\n|tier|[Gen 9 Champions] VGC 2026 Reg M-B (Bo3)\n|rated|\n|rule|Species Clause: Limit one of each Pokémon\n|rule|Item Clause: Limit 1 of each item\n|clearpoke\n|poke|p1|Blastoise, L50, M|\n|poke|p1|Delphox, L50, M|\n|poke|p1|Sinistcha-Masterpiece, L50|\n|poke|p1|Sneasler, L50, F|\n|poke|p1|Kingambit, L50, M|\n|poke|p1|Incineroar, L50, M|\n|poke|p2|Sneasler, L50, M|\n|poke|p2|Sinistcha-Masterpiece, L50|\n|poke|p2|Floette-Eternal, L50, F|\n|poke|p2|Farigiraf, L50, M|\n|poke|p2|Incineroar, L50, F|\n|poke|p2|Sylveon, L50, F|\n|teampreview|4\n|showteam|p1|Blastoise||Blastoisinite|RainDish|WaterSpout,DarkPulse,ShellSmash,Protect|Modest||M|||50|]Delphox||Delphoxite|Blaze|HeatWave,Psychic,NastyPlot,Protect|Timid||M|||50|]Sinistcha-Masterpiece||ColburBerry|Hospitality|MatchaGotcha,RagePowder,TrickRoom,Protect|Bold|||||50|]Sneasler||FocusSash|PoisonTouch|FakeOut,PoisonJab,CloseCombat,QuickGuard|Jolly||F|||50|]Kingambit||LifeOrb|Defiant|KowtowCleave,SuckerPunch,SwordsDance,Protect|Adamant||M|||50|]Incineroar||SitrusBerry|Intimidate|FakeOut,FlareBlitz,ThroatChop,PartingShot|Careful||M|||50|\n|showteam|p2|Sneasler||WhiteHerb|PoisonTouch|DireClaw,CloseCombat,FakeOut,Protect|Adamant||M|||50|]Sinistcha-Masterpiece||Leftovers|Hospitality|LifeDew,MatchaGotcha,TrickRoom,RagePowder|Sassy|||||50|]Floette-Eternal||Floettite|FlowerVeil|DazzlingGleam,DrainingKiss,Protect,CalmMind|Quiet||F|||50|]Farigiraf||FocusSash|ArmorTail|Thunderbolt,TrickRoom,HelpingHand,TwinBeam|Quiet||M|||50|]Incineroar||SitrusBerry|Intimidate|FakeOut,FlareBlitz,ThroatChop,PartingShot|Brave||F|||50|]Sylveon||FairyFeather|Pixilate|HyperBeam,HyperVoice,Detect,MysticalFire|Quiet||F|||50|\n|\n|t:|1788386880\n|teamsize|p1|4\n|teamsize|p2|4\n|start\n|switch|p1a: Kingambit|Kingambit, L50, M|100/100\n|switch|p1b: Blastoise|Blastoise, L50, M|100/100\n|switch|p2a: Farigiraf|Farigiraf, L50, M|100/100\n|switch|p2b: Sneasler|Sneasler, L50, M|100/100\n|turn|1\n|\n|t:|1788386914\n|switch|p1a: Sinistcha|Sinistcha-Masterpiece, L50|100/100\n|detailschange|p1b: Blastoise|Blastoise-Mega, L50, M\n|-mega|p1b: Blastoise|Blastoise|Blastoisinite\n|move|p2b: Sneasler|Fake Out|p1b: Blastoise\n|-damage|p1b: Blastoise|85/100\n|-status|p1b: Blastoise|psn|[from] ability: Poison Touch|[of] p2b: Sneasler\n|cant|p1b: Blastoise|flinch\n|move|p2a: Farigiraf|Thunderbolt|p1a: Sinistcha\n|-resisted|p1a: Sinistcha|1\n|-damage|p1a: Sinistcha|83/100\n|\n|-damage|p1b: Blastoise|73/100 psn|[from] psn\n|upkeep\n|turn|2\n|inactive|Battle timer is ON: inactive players will automatically lose when time's up. (requested by badradsaddad)\n|\n|t:|1788386940\n|move|p2b: Sneasler|Dire Claw|p1a: Sinistcha\n|-damage|p1a: Sinistcha|44/100\n|-status|p1a: Sinistcha|psn\n|move|p1b: Blastoise|Dark Pulse|p2a: Farigiraf\n|-supereffective|p2a: Farigiraf|1\n|-damage|p2a: Farigiraf|3/100\n|move|p1a: Sinistcha|Matcha Gotcha|p2a: Farigiraf|[spread] p2a\n|-miss|p1a: Sinistcha|p2b: Sneasler\n|-damage|p2a: Farigiraf|0 fnt\n|-heal|p1a: Sinistcha|47/100 psn|[from] drain|[of] p2a: Farigiraf\n|faint|p2a: Farigiraf\n|\n|-damage|p1b: Blastoise|60/100 psn|[from] psn\n|-damage|p1a: Sinistcha|34/100 psn|[from] psn\n|upkeep\n|\n|t:|1788386951\n|switch|p2a: Incineroar|Incineroar, L50, F|100/100\n|-ability|p2a: Incineroar|Intimidate|boost\n|-unboost|p1a: Sinistcha|atk|1\n|-unboost|p1b: Blastoise|atk|1\n|turn|3\n|\n|t:|1788386970\n|move|p1a: Sinistcha|Rage Powder|p1a: Sinistcha\n|-singleturn|p1a: Sinistcha|move: Rage Powder\n|move|p2b: Sneasler|Dire Claw|p1a: Sinistcha\n|-damage|p1a: Sinistcha|0 fnt\n|faint|p1a: Sinistcha\n|move|p1b: Blastoise|Shell Smash|p1b: Blastoise\n|-unboost|p1b: Blastoise|def|1\n|-unboost|p1b: Blastoise|spd|1\n|-boost|p1b: Blastoise|atk|2\n|-boost|p1b: Blastoise|spa|2\n|-boost|p1b: Blastoise|spe|2\n|move|p2a: Incineroar|Flare Blitz|p1b: Blastoise\n|-resisted|p1b: Blastoise|1\n|-damage|p1b: Blastoise|22/100 psn\n|-damage|p2a: Incineroar|89/100|[from] Recoil\n|\n|-damage|p1b: Blastoise|9/100 psn|[from] psn\n|upkeep\n|\n|t:|1788386986\n|switch|p1a: Incineroar|Incineroar, L50, M|100/100\n|-ability|p1a: Incineroar|Intimidate|boost\n|-unboost|p2a: Incineroar|atk|1\n|-unboost|p2b: Sneasler|atk|1\n|-enditem|p2b: Sneasler|White Herb\n|-clearnegativeboost|p2b: Sneasler|[silent]\n|turn|4\n|\n|t:|1788387002\n|move|p2b: Sneasler|Protect|p2b: Sneasler\n|-singleturn|p2b: Sneasler|Protect\n|move|p1a: Incineroar|Fake Out|p2b: Sneasler\n|-activate|p2b: Sneasler|move: Protect\n|move|p1b: Blastoise|Dark Pulse|p2b: Sneasler\n|-activate|p2b: Sneasler|move: Protect\n|move|p2a: Incineroar|Parting Shot|p1a: Incineroar\n|-unboost|p1a: Incineroar|atk|1\n|-unboost|p1a: Incineroar|spa|1\n|\n|t:|1788387011\n|switch|p2a: Floette|Floette-Eternal, L50, F|100/100|[from] Parting Shot\n|\n|-damage|p1b: Blastoise|0 fnt|[from] psn\n|faint|p1b: Blastoise\n|upkeep\n|\n|t:|1788387015\n|switch|p1b: Kingambit|Kingambit, L50, M|100/100\n|turn|5\n|\n|t:|1788387026\n|detailschange|p2a: Floette|Floette-Mega, L50, F\n|-mega|p2a: Floette|Floette|Floettite\n|-ability|p2a: Floette|Fairy Aura\n|move|p1b: Kingambit|Protect|p1b: Kingambit\n|-singleturn|p1b: Kingambit|Protect\n|move|p2b: Sneasler|Close Combat|p1b: Kingambit\n|-activate|p1b: Kingambit|move: Protect\n|move|p2a: Floette|Dazzling Gleam|p1a: Incineroar|[spread] p1a\n|-activate|p1b: Kingambit|move: Protect\n|-damage|p1a: Incineroar|54/100\n|move|p1a: Incineroar|Parting Shot|p2b: Sneasler\n|-unboost|p2b: Sneasler|atk|1\n|-unboost|p2b: Sneasler|spa|1\n|\n|upkeep\n|turn|6\n|\n|t:|1788387044\n|move|p2b: Sneasler|Close Combat|p1b: Kingambit\n|-supereffective|p1b: Kingambit|2\n|-damage|p1b: Kingambit|0 fnt\n|-unboost|p2b: Sneasler|def|1\n|-unboost|p2b: Sneasler|spd|1\n|faint|p1b: Kingambit\n|move|p2a: Floette|Dazzling Gleam|p1a: Incineroar\n|-damage|p1a: Incineroar|0 fnt\n|faint|p1a: Incineroar\n|\n|win|badradsaddad\n||badradsaddad is ready for game 2.\n","uploadtime":1788387051,"views":"5","formatid":"gen9championsvgc2026regmbbo3","rating":null,"private":0,"password":null}