{"id":"gen9championsvgc2026regmb-2674018313","format":"[Gen 9 Champions] VGC 2026 Reg M-B","players":["PreAlpha7","LukitasM0"],"log":"|j|☆PreAlpha7\n|j|☆LukitasM0\n|t:|1788288797\n|gametype|doubles\n|player|p1|PreAlpha7|170|1330\n|player|p2|LukitasM0|blue|1252\n|gen|9\n|tier|[Gen 9 Champions] VGC 2026 Reg M-B\n|rated|\n|rule|Species Clause: Limit one of each Pokémon\n|rule|Item Clause: Limit 1 of each item\n|clearpoke\n|poke|p1|Charizard, L50, F|\n|poke|p1|Venusaur, L50, F|\n|poke|p1|Pelipper, L50, F|\n|poke|p1|Archaludon, L50, F|\n|poke|p1|Grimmsnarl, L50, M|\n|poke|p1|Swampert, L50, M|\n|poke|p2|Garchomp, L50, M|\n|poke|p2|Corviknight, L50, M|\n|poke|p2|Rotom-Wash, L50|\n|poke|p2|Incineroar, L50, M|\n|poke|p2|Tyranitar, L50, M|\n|poke|p2|Sinistcha, L50|\n|teampreview|4\n|inactive|Battle timer is ON: inactive players will automatically lose when time's up. (requested by PreAlpha7)\n|inactive|PreAlpha7 has 60 seconds left.\n|\n|t:|1788288844\n|teamsize|p1|4\n|teamsize|p2|4\n|start\n|switch|p1a: Mordor|Grimmsnarl, L50, M|100/100\n|switch|p1b: Golden Gate|Archaludon, L50, F|100/100\n|switch|p2a: Garchomp|Garchomp, L50, M|100/100\n|switch|p2b: Rotom|Rotom-Wash, L50|100/100\n|turn|1\n|inactive|LukitasM0 has 30 seconds left.\n|\n|t:|1788288874\n|detailschange|p2a: Garchomp|Garchomp-Mega, L50, M\n|-mega|p2a: Garchomp|Garchomp|Garchompite\n|move|p1b: Golden Gate|Protect|p1b: Golden Gate\n|-singleturn|p1b: Golden Gate|Protect\n|move|p1a: Mordor|Reflect|p1a: Mordor\n|-sidestart|p1: PreAlpha7|Reflect\n|move|p2b: Rotom|Trick|p1a: Mordor\n|-activate|p2b: Rotom|move: Trick|[of] p1a: Mordor\n|-item|p1a: Mordor|Choice Scarf|[from] move: Trick\n|-item|p2b: Rotom|Light Clay|[from] move: Trick\n|move|p2a: Garchomp|Swords Dance|p2a: Garchomp\n|-boost|p2a: Garchomp|atk|2\n|\n|upkeep\n|turn|2\n|inactive|LukitasM0 has 30 seconds left.\n|\n|t:|1788288906\n|switch|p2b: Corviknight|Corviknight, L50, M|100/100\n|switch|p1b: Rainy Day|Pelipper, L50, F|100/100\n|-weather|RainDance|[from] ability: Drizzle|[of] p1b: Rainy Day\n|move|p2a: Garchomp|Earthquake|p1a: Mordor|[spread] p1a\n|-immune|p2b: Corviknight\n|-immune|p1b: Rainy Day\n|-damage|p1a: Mordor|30/100\n|move|p1a: Mordor|Foul Play|p2a: Garchomp\n|-damage|p2a: Garchomp|0 fnt\n|faint|p2a: Garchomp\n|\n|-weather|RainDance|[upkeep]\n|upkeep\n|c|☆PreAlpha7|Nice play bro\n|inactive|LukitasM0 has 30 seconds left.\n|\n|t:|1788288938\n|switch|p2a: Rotom|Rotom-Wash, L50|100/100\n|turn|3\n|\n|t:|1788288954\n|switch|p1b: Swampert|Swampert, L50, M|100/100\n|move|p2a: Rotom|Volt Switch|p1b: Swampert\n|-immune|p1b: Swampert\n|move|p1a: Mordor|Foul Play|p2b: Corviknight\n|-damage|p2b: Corviknight|82/100\n|move|p2b: Corviknight|Tailwind|p2b: Corviknight\n|-sidestart|p2: LukitasM0|move: Tailwind\n|\n|-weather|RainDance|[upkeep]\n|-heal|p2b: Corviknight|88/100|[from] item: Leftovers\n|upkeep\n|turn|4\n|inactive|PreAlpha7 has 30 seconds left.\n|inactive|LukitasM0 has 30 seconds left.\n|inactive|LukitasM0 has 20 seconds left.\n|\n|t:|1788288991\n|switch|p2a: Tyranitar|Tyranitar, L50, M|100/100\n|-weather|Sandstorm|[from] ability: Sand Stream|[of] p2a: Tyranitar\n|switch|p1a: Golden Gate|Archaludon, L50, F|100/100\n|detailschange|p1b: Swampert|Swampert-Mega, L50, M\n|-mega|p1b: Swampert|Swampert|Swampertite\n|move|p1b: Swampert|Protect|p1b: Swampert\n|-singleturn|p1b: Swampert|Protect\n|move|p2b: Corviknight|Iron Head|p1a: Golden Gate\n|-resisted|p1a: Golden Gate|1\n|-damage|p1a: Golden Gate|93/100\n|-ability|p1a: Golden Gate|Stamina|boost\n|-boost|p1a: Golden Gate|def|1\n|\n|-weather|Sandstorm|[upkeep]\n|-heal|p2b: Corviknight|94/100|[from] item: Leftovers\n|-heal|p1a: Golden Gate|99/100|[from] item: Leftovers\n|upkeep\n|turn|5\n|inactive|LukitasM0 has 30 seconds left.\n|inactive|LukitasM0 has 20 seconds left.\n|inactive|LukitasM0 has 15 seconds left.\n|inactive|LukitasM0 has 10 seconds left.\n|\n|t:|1788289039\n|switch|p1b: Rainy Day|Pelipper, L50, F|100/100\n|-weather|RainDance|[from] ability: Drizzle|[of] p1b: Rainy Day\n|move|p2a: Tyranitar|Low Kick|p1a: Golden Gate\n|-supereffective|p1a: Golden Gate|1\n|-damage|p1a: Golden Gate|80/100\n|-ability|p1a: Golden Gate|Stamina|boost\n|-boost|p1a: Golden Gate|def|1\n|move|p2b: Corviknight|Brave Bird|p1b: Rainy Day\n|-damage|p1b: Rainy Day|77/100\n|-damage|p2b: Corviknight|87/100|[from] Recoil\n|move|p1a: Golden Gate|Electro Shot||[still]\n|-prepare|p1a: Golden Gate|Electro Shot\n|-boost|p1a: Golden Gate|spa|1\n|-anim|p1a: Golden Gate|Electro Shot|p2b: Corviknight\n|-supereffective|p2b: Corviknight|1\n|-damage|p2b: Corviknight|0 fnt\n|faint|p2b: Corviknight\n|\n|-weather|RainDance|[upkeep]\n|-heal|p1a: Golden Gate|86/100|[from] item: Leftovers\n|upkeep\n|\n|t:|1788289056\n|switch|p2b: Rotom|Rotom-Wash, L50|100/100\n|turn|6\n|inactive|LukitasM0 has 30 seconds left.\n|inactive|LukitasM0 has 20 seconds left.\n|inactive|LukitasM0 has 15 seconds left.\n|inactive|LukitasM0 has 10 seconds left.\n|\n|t:|1788289104\n|switch|p1b: Mordor|Grimmsnarl, L50, M|30/100\n|move|p2b: Rotom|Thunderbolt|p1b: Mordor\n|-damage|p1b: Mordor|0 fnt\n|faint|p1b: Mordor\n|move|p2a: Tyranitar|Knock Off|p1a: Golden Gate\n|-damage|p1a: Golden Gate|74/100\n|-ability|p1a: Golden Gate|Stamina|boost\n|-boost|p1a: Golden Gate|def|1\n|-enditem|p1a: Golden Gate|Leftovers|[from] move: Knock Off|[of] p2a: Tyranitar\n|move|p1a: Golden Gate|Electro Shot||[still]\n|-prepare|p1a: Golden Gate|Electro Shot\n|-boost|p1a: Golden Gate|spa|1\n|-anim|p1a: Golden Gate|Electro Shot|p2b: Rotom\n|-damage|p2b: Rotom|0 fnt\n|faint|p2b: Rotom\n|\n|-weather|RainDance|[upkeep]\n|-sideend|p2: LukitasM0|move: Tailwind\n|upkeep\n|\n|t:|1788289122\n|switch|p1b: Swampert|Swampert-Mega, L50, M|100/100\n|turn|7\n|-message|LukitasM0 forfeited.\n|\n|win|PreAlpha7\n|raw|PreAlpha7's rating: 1330 &rarr; <strong>1346</strong><br />(+16 for winning)\n|raw|LukitasM0's rating: 1252 &rarr; <strong>1233</strong><br />(-19 for losing)\n|l|☆LukitasM0\n|player|p2|\n","uploadtime":1788289129,"views":"0","formatid":"gen9championsvgc2026regmb","rating":1233,"private":0,"password":null}