{"id":"gen9championsvgc2026regmbbo3-2675038532","format":"[Gen 9 Champions] VGC 2026 Reg M-B (Bo3)","players":["adriancitokeloke","IBstudios"],"log":"|j|☆adriancitokeloke\n|j|☆IBstudios\n|html|<table width=\"100%\"><tr><td align=\"left\">adriancitokeloke</td><td align=\"right\">IBstudios</tr><tr><td align=\"left\"><i class=\"fa fa-circle-o\"></i> <i class=\"fa fa-circle-o\"></i> </td><td align=\"right\"><i class=\"fa fa-circle-o\"></i> <i class=\"fa fa-circle-o\"></i> </tr></table>\n|uhtml|bestof|<h2><strong>Game 1</strong> of <a href=\"/game-bestof3-gen9championsvgc2026regmbbo3-2675038529\">a best-of-3</a></h2>\n|t:|1788451671\n|gametype|doubles\n|player|p1|adriancitokeloke|101|1328\n|player|p2|IBstudios|265|1253\n|gen|9\n|tier|[Gen 9 Champions] VGC 2026 Reg M-B (Bo3)\n|rated|\n|rule|Species Clause: Limit one of each Pokémon\n|rule|Item Clause: Limit 1 of each item\n|clearpoke\n|poke|p1|Incineroar, L50, F|\n|poke|p1|Toxapex, L50, M|\n|poke|p1|Garchomp, L50, F|\n|poke|p1|Charizard, L50, M|\n|poke|p1|Venusaur, L50, F|\n|poke|p1|Sylveon, L50, M|\n|poke|p2|Incineroar, L50, F|\n|poke|p2|Dragonite, L50, F|\n|poke|p2|Metagross, L50|\n|poke|p2|Ninetales-Alola, L50, M|\n|poke|p2|Sneasler, L50, M|\n|poke|p2|Milotic, L50, M|\n|teampreview|4\n|showteam|p1|Incineroar||SitrusBerry|Intimidate|FakeOut,PartingShot,FlareBlitz,Protect|Impish||F|||50|]Toxapex||Leftovers|Regenerator|BanefulBunker,Infestation,Toxic,WideGuard|Relaxed||M|||50|]Garchomp||ChoiceScarf|RoughSkin|StompingTantrum,Earthquake,DragonClaw,RockSlide|Adamant||F|||50|]Charizard||CharizarditeY|Blaze|Protect,HeatWave,SolarBeam,WeatherBall|Timid||M|||50|]Venusaur||FocusSash|Chlorophyll|Protect,SludgeBomb,EarthPower,SleepPowder|Modest||F|||50|]Sylveon||FairyFeather|Pixilate|Detect,HyperVoice,QuickAttack,Yawn|Quiet||M|||50|\n|showteam|p2|Incineroar||SitrusBerry|Intimidate|FakeOut,FlareBlitz,ThroatChop,PartingShot|Adamant||F|||50|]Dragonite||Dragoninite|Multiscale|DragonPulse,HeatWave,Tailwind,Protect|Modest||F|||50|]Metagross||Metagrossite|ClearBody|PsychicFangs,BulletPunch,BodyPress,Protect|Jolly|||||50|]Ninetales-Alola||NeverMeltIce|SnowWarning|FreezeDry,Blizzard,AuroraVeil,Protect|Timid||M|||50|]Sneasler||WhiteHerb|Unburden|CloseCombat,DireClaw,FakeOut,Protect|Jolly||M|||50|]Milotic||Leftovers|Competitive|Scald,LifeDew,HelpingHand,Protect|Modest||M|||50|\n|\n|t:|1788451734\n|teamsize|p1|4\n|teamsize|p2|4\n|start\n|switch|p1a: Sylveon|Sylveon, L50, M|100/100\n|switch|p1b: Toxapex|Toxapex, L50, M|100/100\n|switch|p2a: Dragonite|Dragonite, L50, F|100/100\n|switch|p2b: Sneasler|Sneasler, L50, M|100/100\n|turn|1\n|\n|t:|1788451784\n|switch|p1a: Charizard|Charizard, L50, M|100/100\n|detailschange|p2a: Dragonite|Dragonite-Mega, L50, F\n|-mega|p2a: Dragonite|Dragonite|Dragoninite\n|move|p2b: Sneasler|Fake Out|p1a: Charizard\n|-damage|p1a: Charizard|86/100\n|move|p2a: Dragonite|Tailwind|p2a: Dragonite\n|-sidestart|p2: IBstudios|move: Tailwind\n|move|p1b: Toxapex|Infestation|p2b: Sneasler\n|-resisted|p2b: Sneasler|2\n|-crit|p2b: Sneasler\n|-damage|p2b: Sneasler|98/100\n|-activate|p2b: Sneasler|move: Infestation|[of] p1b: Toxapex\n|\n|-damage|p2b: Sneasler|86/100|[from] move: Infestation|[partiallytrapped]\n|upkeep\n|turn|2\n|\n|t:|1788451818\n|detailschange|p1a: Charizard|Charizard-Mega-Y, L50, M\n|-mega|p1a: Charizard|Charizard|Charizardite Y\n|-weather|SunnyDay|[from] ability: Drought|[of] p1a: Charizard\n|move|p1a: Charizard|Protect|p1a: Charizard\n|-singleturn|p1a: Charizard|Protect\n|move|p2b: Sneasler|Dire Claw|p1a: Charizard\n|-activate|p1a: Charizard|move: Protect\n|move|p2a: Dragonite|Dragon Pulse|p1a: Charizard\n|-activate|p1a: Charizard|move: Protect\n|move|p1b: Toxapex|Infestation|p2a: Dragonite\n|-resisted|p2a: Dragonite|1\n|-damage|p2a: Dragonite|99/100\n|-activate|p2a: Dragonite|move: Infestation|[of] p1b: Toxapex\n|\n|-weather|SunnyDay|[upkeep]\n|-damage|p2b: Sneasler|73/100|[from] move: Infestation|[partiallytrapped]\n|-damage|p2a: Dragonite|86/100|[from] move: Infestation|[partiallytrapped]\n|upkeep\n|turn|3\n|\n|t:|1788451866\n|switch|p1a: Venusaur|Venusaur, L50, F|100/100\n|move|p2b: Sneasler|Dire Claw|p1a: Venusaur\n|-damage|p1a: Venusaur|45/100\n|move|p2a: Dragonite|Dragon Pulse|p1a: Venusaur\n|-damage|p1a: Venusaur|0 fnt\n|faint|p1a: Venusaur\n|move|p1b: Toxapex|Toxic|p2a: Dragonite\n|-status|p2a: Dragonite|tox\n|\n|-weather|SunnyDay|[upkeep]\n|-damage|p2a: Dragonite|80/100 tox|[from] psn\n|-damage|p2b: Sneasler|61/100|[from] move: Infestation|[partiallytrapped]\n|-damage|p2a: Dragonite|68/100 tox|[from] move: Infestation|[partiallytrapped]\n|upkeep\n|\n|t:|1788451870\n|switch|p1a: Charizard|Charizard-Mega-Y, L50, M|86/100\n|turn|4\n|\n|t:|1788451911\n|move|p2b: Sneasler|Dire Claw|p1a: Charizard\n|-damage|p1a: Charizard|49/100\n|-status|p1a: Charizard|psn\n|move|p2a: Dragonite|Dragon Pulse|p1a: Charizard\n|-damage|p1a: Charizard|0 fnt\n|faint|p1a: Charizard\n|move|p1b: Toxapex|Infestation|p2b: Sneasler\n|-resisted|p2b: Sneasler|2\n|-damage|p2b: Sneasler|60/100\n|\n|-weather|SunnyDay|[upkeep]\n|-damage|p2a: Dragonite|56/100 tox|[from] psn\n|-damage|p2b: Sneasler|48/100|[from] move: Infestation|[partiallytrapped]\n|-damage|p2a: Dragonite|44/100 tox|[from] move: Infestation|[partiallytrapped]\n|-sideend|p2: IBstudios|move: Tailwind\n|upkeep\n|\n|t:|1788451915\n|switch|p1a: Sylveon|Sylveon, L50, M|100/100\n|turn|5\n|\n|t:|1788451940\n|move|p2b: Sneasler|Dire Claw|p1a: Sylveon\n|-supereffective|p1a: Sylveon|1\n|-damage|p1a: Sylveon|21/100\n|move|p2a: Dragonite|Heat Wave|p1b: Toxapex|[spread] p1a,p1b\n|-resisted|p1b: Toxapex|1\n|-damage|p1a: Sylveon|0 fnt\n|-damage|p1b: Toxapex|82/100\n|faint|p1a: Sylveon\n|move|p1b: Toxapex|Infestation|p2b: Sneasler\n|-resisted|p2b: Sneasler|2\n|-damage|p2b: Sneasler|47/100\n|\n|-weather|SunnyDay|[upkeep]\n|-heal|p1b: Toxapex|88/100|[from] item: Leftovers\n|-damage|p2a: Dragonite|26/100 tox|[from] psn\n|-damage|p2b: Sneasler|35/100|[from] move: Infestation|[partiallytrapped]\n|-damage|p2a: Dragonite|13/100 tox|[from] move: Infestation|[partiallytrapped]\n|upkeep\n|turn|6\n|-message|adriancitokeloke forfeited.\n|\n|win|IBstudios\n|l|☆adriancitokeloke\n|player|p1|\n||adriancitokeloke is ready for game 2.\n|inactive|IBstudios has 30 seconds to confirm battle start!\n|inactive|IBstudios has 20 seconds to confirm battle start!\n|inactive|IBstudios has 10 seconds to confirm battle start!\n|uhtml|next|Next: <a href=\"/battle-gen9championsvgc2026regmbbo3-2675041278\"><strong>Game 2 of 3</strong></a>\n","uploadtime":1788452735,"views":"1","formatid":"gen9championsvgc2026regmbbo3","rating":null,"private":0,"password":null}