{"id":"gen9championsvgc2026regmb-2674517794","format":"[Gen 9 Champions] VGC 2026 Reg M-B","players":["iamliam2k","psychowarz"],"log":"|j|☆iamliam2k\n|j|☆psychowarz\n|t:|1788369167\n|gametype|doubles\n|player|p1|iamliam2k|bruno|1230\n|player|p2|psychowarz|guitarist-gen4|1307\n|gen|9\n|tier|[Gen 9 Champions] VGC 2026 Reg M-B\n|rated|\n|rule|Species Clause: Limit one of each Pokémon\n|rule|Item Clause: Limit 1 of each item\n|clearpoke\n|poke|p1|Swampert, L50, M|\n|poke|p1|Sableye, L50, F|\n|poke|p1|Pelipper, L50, M|\n|poke|p1|Venusaur, L50, F, shiny|\n|poke|p1|Dragonite, L50, M|\n|poke|p1|Scizor, L50, M, shiny|\n|poke|p2|Charizard, L50, M|\n|poke|p2|Kingambit, L50, M|\n|poke|p2|Garchomp, L50, F|\n|poke|p2|Farigiraf, L50, F|\n|poke|p2|Whimsicott, L50, F|\n|poke|p2|Metagross, L50|\n|teampreview|4\n|inactive|Battle timer is ON: inactive players will automatically lose when time's up. (requested by iamliam2k)\n|inactive|psychowarz has 60 seconds left.\n|inactive|psychowarz has 30 seconds left.\n|\n|t:|1788369238\n|teamsize|p1|4\n|teamsize|p2|4\n|start\n|switch|p1a: Sableye|Sableye, L50, F|100/100\n|switch|p1b: Swampert|Swampert, L50, M|100/100\n|switch|p2a: Whimsicott|Whimsicott, L50, F|100/100\n|switch|p2b: Charizard|Charizard, L50, M|100/100\n|turn|1\n|inactive|iamliam2k has 30 seconds left.\n|inactive|iamliam2k has 20 seconds left.\n|inactive|iamliam2k has 15 seconds left.\n|inactive|iamliam2k has 10 seconds left.\n|\n|t:|1788369293\n|detailschange|p2b: Charizard|Charizard-Mega-Y, L50, M\n|-mega|p2b: Charizard|Charizard|Charizardite Y\n|-weather|SunnyDay|[from] ability: Drought|[of] p2b: Charizard\n|detailschange|p1b: Swampert|Swampert-Mega, L50, M\n|-mega|p1b: Swampert|Swampert|Swampertite\n|move|p2b: Charizard|Protect|p2b: Charizard\n|-singleturn|p2b: Charizard|Protect\n|move|p1a: Sableye|Rain Dance|p1a: Sableye\n|-weather|RainDance\n|move|p1b: Swampert|Muddy Water|p2b: Charizard|[spread] p2a\n|-activate|p2b: Charizard|move: Protect\n|-resisted|p2a: Whimsicott|1\n|-damage|p2a: Whimsicott|62/100\n|-unboost|p2a: Whimsicott|accuracy|1\n|move|p2a: Whimsicott|Moonblast|p1a: Sableye\n|-supereffective|p1a: Sableye|1\n|-damage|p1a: Sableye|0 fnt\n|faint|p1a: Sableye\n|\n|-weather|RainDance|[upkeep]\n|upkeep\n|\n|t:|1788369311\n|switch|p1a: Venusaur|Venusaur, L50, F, shiny|100/100\n|turn|2\n|\n|t:|1788369328\n|switch|p2b: Metagross|Metagross, L50|100/100\n|move|p1b: Swampert|Protect|p1b: Swampert\n|-singleturn|p1b: Swampert|Protect\n|move|p2a: Whimsicott|Tailwind|p2a: Whimsicott\n|-sidestart|p2: psychowarz|move: Tailwind\n|move|p1a: Venusaur|Sludge Bomb|p2b: Metagross\n|-immune|p2b: Metagross\n|\n|-weather|RainDance|[upkeep]\n|upkeep\n|turn|3\n|\n|t:|1788369337\n|switch|p1a: Pelipper|Pelipper, L50, M|100/100\n|move|p2a: Whimsicott|Encore|p1b: Swampert\n|-start|p1b: Swampert|Encore\n|move|p1b: Swampert|Protect|p1b: Swampert\n|-singleturn|p1b: Swampert|Protect\n|move|p2b: Metagross|Psychic Fangs|p1a: Pelipper\n|-damage|p1a: Pelipper|40/100\n|\n|-weather|RainDance|[upkeep]\n|upkeep\n|turn|4\n|\n|t:|1788369352\n|switch|p2a: Charizard|Charizard-Mega-Y, L50, M|100/100\n|-weather|SunnyDay|[from] ability: Drought|[of] p2a: Charizard\n|switch|p1b: Venusaur|Venusaur, L50, F, shiny|100/100\n|move|p2b: Metagross|Psychic Fangs|p1b: Venusaur\n|-supereffective|p1b: Venusaur|1\n|-damage|p1b: Venusaur|0 fnt\n|faint|p1b: Venusaur\n|move|p1a: Pelipper|Muddy Water|p2b: Metagross|[spread] p2a,p2b\n|-supereffective|p2a: Charizard|1\n|-damage|p2a: Charizard|71/100\n|-damage|p2b: Metagross|84/100\n|\n|-weather|SunnyDay|[upkeep]\n|upkeep\n|\n|t:|1788369367\n|switch|p1b: Swampert|Swampert-Mega, L50, M|100/100\n|turn|5\n|\n|t:|1788369377\n|move|p1a: Pelipper|Wide Guard|p1a: Pelipper\n|-singleturn|p1a: Pelipper|Wide Guard\n|move|p2a: Charizard|Solar Beam||[still]\n|-prepare|p2a: Charizard|Solar Beam\n|-anim|p2a: Charizard|Solar Beam|p1b: Swampert\n|-supereffective|p1b: Swampert|2\n|-damage|p1b: Swampert|0 fnt\n|faint|p1b: Swampert\n|move|p2b: Metagross|Psychic Fangs|p1a: Pelipper\n|-damage|p1a: Pelipper|0 fnt\n|faint|p1a: Pelipper\n|\n|win|psychowarz\n|raw|iamliam2k's rating: 1230 &rarr; <strong>1210</strong><br />(-20 for losing)\n|raw|psychowarz's rating: 1307 &rarr; <strong>1323</strong><br />(+16 for winning)\n|l|☆iamliam2k\n|player|p1|\n","uploadtime":1788369387,"views":"0","formatid":"gen9championsvgc2026regmb","rating":1210,"private":0,"password":null}