{"id":"gen9championsvgc2026regmbbo3-2674307922","format":"[Gen 9 Champions] VGC 2026 Reg M-B (Bo3)","players":["lost_bob","M4T7Y8"],"log":"|j|☆lost_bob\n|j|☆M4T7Y8\n|html|<table width=\"100%\"><tr><td align=\"left\">lost_bob</td><td align=\"right\">M4T7Y8</tr><tr><td align=\"left\"><i class=\"fa fa-circle-o\"></i> <i class=\"fa fa-circle-o\"></i> </td><td align=\"right\"><i class=\"fa fa-circle-o\"></i> <i class=\"fa fa-circle-o\"></i> </tr></table>\n|uhtml|bestof|<h2><strong>Game 1</strong> of <a href=\"/game-bestof3-gen9championsvgc2026regmbbo3-2674307920\">a best-of-3</a></h2>\n|t:|1788337247\n|gametype|doubles\n|player|p1|lost_bob|102|1000\n|player|p2|M4T7Y8|lucas|1078\n|gen|9\n|tier|[Gen 9 Champions] VGC 2026 Reg M-B (Bo3)\n|rated|\n|rule|Species Clause: Limit one of each Pokémon\n|rule|Item Clause: Limit 1 of each item\n|clearpoke\n|poke|p1|Swampert, L50, F|\n|poke|p1|Sableye, L50, M|\n|poke|p1|Archaludon, L50, M|\n|poke|p1|Rotom-Wash, L50|\n|poke|p1|Basculegion, L50, M|\n|poke|p1|Sinistcha, L50|\n|poke|p2|Whimsicott, L50, M|\n|poke|p2|Garchomp, L50, M|\n|poke|p2|Charizard, L50, M, shiny|\n|poke|p2|Maushold-Four, L50|\n|poke|p2|Floette-Eternal, L50, F|\n|poke|p2|Annihilape, L50, F, shiny|\n|teampreview|4\n|showteam|p1|Swampert||Swampertite|Torrent|WaveCrash,HighHorsepower,IcePunch,Protect|Jolly||F|||50|]Sableye||LightClay|Prankster|RainDance,WillOWisp,LightScreen,Reflect|Calm||M|||50|]Archaludon||Leftovers|Stamina|ElectroShot,DragonPulse,FlashCannon,Protect|Timid||M|||50|]Rotom-Wash||SitrusBerry|Levitate|Discharge,HydroPump,Thunder,Protect|Timid|||||50|]Basculegion||LifeOrb|SwiftSwim|AquaJet,LastRespects,WaveCrash,Protect|Adamant||M|||50|]Sinistcha||KasibBerry|Hospitality|MatchaGotcha,RagePowder,LifeDew,Protect|Bold|||||50|\n|showteam|p2|Whimsicott||FocusSash|Prankster|Protect,EnergyBall,Tailwind,Encore|Timid||M|||50|]Garchomp||SitrusBerry|RoughSkin|Protect,DragonClaw,Earthquake,RockSlide|Adamant||M|||50|]Charizard||CharizarditeY|SolarPower|Protect,HeatWave,Flamethrower,SolarBeam|Timid||M|||50|]Maushold-Four||WideLens|Technician|PopulationBomb,Bite,FollowMe,Protect|Jolly|||||50|]Floette-Eternal||Floettite|FlowerVeil|Protect,CalmMind,Moonblast,DrainingKiss|Modest||F|||50|]Annihilape||ChoiceScarf|Defiant|ShadowClaw,CloseCombat,Taunt,Coaching|Jolly||F|||50|\n|inactive|Battle timer is ON: inactive players will automatically lose when time's up. (requested by M4T7Y8)\n|inactive|M4T7Y8 has 60 seconds left.\n|inactive|M4T7Y8 has 30 seconds left.\n|inactive|M4T7Y8 has 20 seconds left.\n|inactive|M4T7Y8 has 15 seconds left.\n|inactive|M4T7Y8 has 10 seconds left.\n|inactive|M4T7Y8 has 5 seconds left.\n|\n|t:|1788337334\n|teamsize|p1|4\n|teamsize|p2|4\n|start\n|switch|p1a: Skipper|Sableye, L50, M|100/100\n|switch|p1b: Simon|Swampert, L50, F|100/100\n|switch|p2a: Whimsicott|Whimsicott, L50, M|100/100\n|switch|p2b: Floette|Floette-Eternal, L50, F|100/100\n|turn|1\n|\n|t:|1788337353\n|detailschange|p1b: Simon|Swampert-Mega, L50, F\n|-mega|p1b: Simon|Swampert|Swampertite\n|detailschange|p2b: Floette|Floette-Mega, L50, F\n|-mega|p2b: Floette|Floette|Floettite\n|-ability|p2b: Floette|Fairy Aura\n|move|p1a: Skipper|Rain Dance|p1a: Skipper\n|-weather|RainDance\n|move|p1b: Simon|Wave Crash|p2b: Floette\n|-damage|p2b: Floette|0 fnt\n|faint|p2b: Floette\n|-damage|p1b: Simon|65/100|[from] Recoil\n|move|p2a: Whimsicott|Energy Ball|p1b: Simon\n|-supereffective|p1b: Simon|2\n|-damage|p1b: Simon|0 fnt\n|faint|p1b: Simon\n|\n|-weather|RainDance|[upkeep]\n|upkeep\n|\n|t:|1788337370\n|switch|p1b: Big Al|Archaludon, L50, M|100/100\n|switch|p2b: Annihilape|Annihilape, L50, F, shiny|100/100\n|turn|2\n|\n|t:|1788337392\n|switch|p1b: Selene Dion|Sinistcha, L50|100/100\n|move|p1a: Skipper|Will-O-Wisp|p2b: Annihilape\n|-status|p2b: Annihilape|brn\n|move|p2b: Annihilape|Close Combat|p1b: Selene Dion\n|-immune|p1b: Selene Dion\n|move|p2a: Whimsicott|Energy Ball|p1a: Skipper\n|-damage|p1a: Skipper|61/100\n|-unboost|p1a: Skipper|spd|1\n|\n|-weather|RainDance|[upkeep]\n|-damage|p2b: Annihilape|94/100 brn|[from] brn\n|upkeep\n|turn|3\n|inactive|lost_bob has 30 seconds left.\n|inactive|M4T7Y8 has 30 seconds left.\n|inactive|lost_bob has 20 seconds left.\n|inactive|lost_bob has 15 seconds left.\n|\n|t:|1788337435\n|switch|p2b: Garchomp|Garchomp, L50, M|100/100\n|switch|p1a: Big Al|Archaludon, L50, M|100/100\n|move|p1b: Selene Dion|Rage Powder|p1b: Selene Dion\n|-singleturn|p1b: Selene Dion|move: Rage Powder\n|move|p2a: Whimsicott|Energy Ball|p1a: Big Al\n|-resisted|p1a: Big Al|2\n|-damage|p1a: Big Al|86/100\n|-ability|p1a: Big Al|Stamina|boost\n|-boost|p1a: Big Al|def|1\n|\n|-weather|RainDance|[upkeep]\n|-heal|p1a: Big Al|92/100|[from] item: Leftovers\n|upkeep\n|turn|4\n|\n|t:|1788337454\n|move|p1b: Selene Dion|Rage Powder|p1b: Selene Dion\n|-singleturn|p1b: Selene Dion|move: Rage Powder\n|move|p2a: Whimsicott|Encore|p1b: Selene Dion\n|-start|p1b: Selene Dion|Encore\n|move|p1a: Big Al|Dragon Pulse|p2b: Garchomp\n|-supereffective|p2b: Garchomp|1\n|-damage|p2b: Garchomp|11/100\n|-enditem|p2b: Garchomp|Sitrus Berry|[eat]\n|-heal|p2b: Garchomp|36/100|[from] item: Sitrus Berry\n|move|p2b: Garchomp|Earthquake|p1a: Big Al|[spread] p2a,p1a,p1b\n|-resisted|p2a: Whimsicott|1\n|-supereffective|p1a: Big Al|1\n|-resisted|p1b: Selene Dion|1\n|-damage|p2a: Whimsicott|73/100\n|-damage|p1a: Big Al|44/100\n|-damage|p1b: Selene Dion|86/100\n|-ability|p1a: Big Al|Stamina|boost\n|-boost|p1a: Big Al|def|1\n|\n|-weather|RainDance|[upkeep]\n|-heal|p1a: Big Al|50/100g|[from] item: Leftovers\n|upkeep\n|turn|5\n|\n|t:|1788337472\n|move|p2b: Garchomp|Protect|p2b: Garchomp\n|-singleturn|p2b: Garchomp|Protect\n|move|p1b: Selene Dion|Rage Powder|p1b: Selene Dion\n|-singleturn|p1b: Selene Dion|move: Rage Powder\n|move|p2a: Whimsicott|Encore|p1a: Big Al\n|-start|p1a: Big Al|Encore\n|move|p1a: Big Al|Dragon Pulse|p2b: Garchomp\n|-activate|p2b: Garchomp|move: Protect\n|\n|-weather|none\n|-heal|p1a: Big Al|56/100|[from] item: Leftovers\n|upkeep\n|turn|6\n|\n|t:|1788337491\n|move|p1b: Selene Dion|Rage Powder|p1b: Selene Dion\n|-singleturn|p1b: Selene Dion|move: Rage Powder\n|move|p2a: Whimsicott|Energy Ball|p1b: Selene Dion\n|-resisted|p1b: Selene Dion|1\n|-damage|p1b: Selene Dion|65/100\n|-unboost|p1b: Selene Dion|spd|1\n|move|p1a: Big Al|Dragon Pulse|p2b: Garchomp\n|-supereffective|p2b: Garchomp|1\n|-damage|p2b: Garchomp|0 fnt\n|faint|p2b: Garchomp\n|\n|-heal|p1a: Big Al|62/100|[from] item: Leftovers\n|upkeep\n|\n|t:|1788337499\n|switch|p2b: Annihilape|Annihilape, L50, F, shiny|94/100 brn\n|turn|7\n|\n|t:|1788337509\n|move|p1b: Selene Dion|Rage Powder|p1b: Selene Dion\n|-singleturn|p1b: Selene Dion|move: Rage Powder\n|move|p2b: Annihilape|Shadow Claw|p1b: Selene Dion\n|-supereffective|p1b: Selene Dion|1\n|-enditem|p1b: Selene Dion|Kasib Berry|[eat]\n|-enditem|p1b: Selene Dion|Kasib Berry|[weaken]\n|-damage|p1b: Selene Dion|54/100\n|move|p2a: Whimsicott|Energy Ball|p1b: Selene Dion\n|-resisted|p1b: Selene Dion|1\n|-damage|p1b: Selene Dion|26/100\n|move|p1a: Big Al|Dragon Pulse|p2b: Annihilape\n|-damage|p2b: Annihilape|53/100 brn\n|\n|-heal|p1a: Big Al|68/100|[from] item: Leftovers\n|-damage|p2b: Annihilape|47/100 brn|[from] brn\n|-end|p1a: Big Al|Encore\n|-end|p1b: Selene Dion|Encore\n|upkeep\n|turn|8\n|inactive|lost_bob has 30 seconds left.\n|\n|t:|1788337536\n|move|p1b: Selene Dion|Rage Powder|p1b: Selene Dion\n|-singleturn|p1b: Selene Dion|move: Rage Powder\n|move|p2a: Whimsicott|Encore|p1a: Big Al\n|-start|p1a: Big Al|Encore\n|move|p2b: Annihilape|Shadow Claw|p1b: Selene Dion\n|-supereffective|p1b: Selene Dion|1\n|-crit|p1b: Selene Dion\n|-damage|p1b: Selene Dion|0 fnt\n|faint|p1b: Selene Dion\n|move|p1a: Big Al|Dragon Pulse|p2b: Annihilape\n|-damage|p2b: Annihilape|11/100 brn\n|\n|-heal|p1a: Big Al|74/100|[from] item: Leftovers\n|-damage|p2b: Annihilape|5/100 brn|[from] brn\n|upkeep\n|\n|t:|1788337548\n|switch|p1b: Skipper|Sableye, L50, M|61/100\n|turn|9\n|\n|t:|1788337564\n|move|p1b: Skipper|Will-O-Wisp|p2a: Whimsicott\n|-status|p2a: Whimsicott|brn\n|move|p2b: Annihilape|Shadow Claw|p1a: Big Al\n|-damage|p1a: Big Al|68/100\n|-ability|p1a: Big Al|Stamina|boost\n|-boost|p1a: Big Al|def|1\n|move|p2a: Whimsicott|Energy Ball|p1a: Big Al\n|-resisted|p1a: Big Al|2\n|-damage|p1a: Big Al|56/100\n|-ability|p1a: Big Al|Stamina|boost\n|-boost|p1a: Big Al|def|1\n|move|p1a: Big Al|Dragon Pulse|p2a: Whimsicott\n|-immune|p2a: Whimsicott\n|\n|-heal|p1a: Big Al|62/100|[from] item: Leftovers\n|-damage|p2b: Annihilape|0 fnt|[from] brn\n|faint|p2b: Annihilape\n|-damage|p2a: Whimsicott|67/100 brn|[from] brn\n|upkeep\n|turn|10\n|\n|t:|1788337586\n|move|p1b: Skipper|Light Screen|p1b: Skipper\n|-sidestart|p1: lost_bob|move: Light Screen\n|move|p2a: Whimsicott|Energy Ball|p1a: Big Al\n|-resisted|p1a: Big Al|2\n|-damage|p1a: Big Al|54/100\n|-ability|p1a: Big Al|Stamina|boost\n|-boost|p1a: Big Al|def|1\n|move|p1a: Big Al|Dragon Pulse|p2a: Whimsicott\n|-immune|p2a: Whimsicott\n|\n|-heal|p1a: Big Al|60/100|[from] item: Leftovers\n|-damage|p2a: Whimsicott|62/100 brn|[from] brn\n|-end|p1a: Big Al|Encore\n|upkeep\n|turn|11\n|\n|t:|1788337604\n|move|p2a: Whimsicott|Encore|p1a: Big Al\n|-start|p1a: Big Al|Encore\n|move|p1b: Skipper|Reflect|p1b: Skipper\n|-sidestart|p1: lost_bob|Reflect\n|move|p1a: Big Al|Dragon Pulse|p2a: Whimsicott\n|-immune|p2a: Whimsicott\n|\n|-heal|p1a: Big Al|66/100|[from] item: Leftovers\n|-damage|p2a: Whimsicott|56/100 brn|[from] brn\n|upkeep\n|turn|12\n|\n|t:|1788337617\n|move|p1b: Skipper|Rain Dance|p1b: Skipper\n|-weather|RainDance\n|move|p2a: Whimsicott|Energy Ball|p1a: Big Al\n|-resisted|p1a: Big Al|2\n|-damage|p1a: Big Al|57/100\n|-ability|p1a: Big Al|Stamina|boost\n|-boost|p1a: Big Al|def|1\n|move|p1a: Big Al|Dragon Pulse|p2a: Whimsicott\n|-immune|p2a: Whimsicott\n|\n|-weather|RainDance|[upkeep]\n|-heal|p1a: Big Al|63/100|[from] item: Leftovers\n|-damage|p2a: Whimsicott|50/100g brn|[from] brn\n|upkeep\n|turn|13\n|\n|t:|1788337623\n|move|p1b: Skipper|Light Screen||[still]\n|-fail|p1b: Skipper\n|move|p2a: Whimsicott|Energy Ball|p1a: Big Al\n|-resisted|p1a: Big Al|2\n|-damage|p1a: Big Al|55/100\n|move|p1a: Big Al|Dragon Pulse|p2a: Whimsicott\n|-immune|p2a: Whimsicott\n|\n|-weather|RainDance|[upkeep]\n|-heal|p1a: Big Al|61/100|[from] item: Leftovers\n|-damage|p2a: Whimsicott|44/100 brn|[from] brn\n|-end|p1a: Big Al|Encore\n|upkeep\n|turn|14\n|\n|t:|1788337633\n|move|p1b: Skipper|Reflect||[still]\n|-fail|p1b: Skipper\n|move|p2a: Whimsicott|Energy Ball|p1a: Big Al\n|-resisted|p1a: Big Al|2\n|-crit|p1a: Big Al\n|-damage|p1a: Big Al|41/100\n|move|p1a: Big Al|Flash Cannon|p2a: Whimsicott\n|-supereffective|p2a: Whimsicott|1\n|-damage|p2a: Whimsicott|0 fnt\n|faint|p2a: Whimsicott\n|\n|win|lost_bob\n||M4T7Y8 is ready for game 2.\n|inactive|lost_bob has 30 seconds to confirm battle start!\n||lost_bob is ready for game 2.\n|uhtml|next|Next: <a href=\"/battle-gen9championsvgc2026regmbbo3-2674309508\"><strong>Game 2 of 3</strong></a>\n|l|☆lost_bob\n|player|p1|\n","uploadtime":1788338157,"views":"0","formatid":"gen9championsvgc2026regmbbo3","rating":null,"private":0,"password":null}