{"id":"gen9championsvgc2026regmb-2673948035","format":"[Gen 9 Champions] VGC 2026 Reg M-B","players":["fritznader002","IronSerpentFan"],"log":"|j|☆fritznader002\n|j|☆IronSerpentFan\n|t:|1788280607\n|gametype|doubles\n|player|p1|fritznader002|169|\n|player|p2|IronSerpentFan|schoolkid-gen4|\n|gen|9\n|tier|[Gen 9 Champions] VGC 2026 Reg M-B\n|rated|Tournament battle\n|rule|Species Clause: Limit one of each Pokémon\n|rule|Item Clause: Limit 1 of each item\n|raw|<div class=\"infobox\"><details class=\"readmore\" open><summary><strong>1 custom rule:</strong></summary> Force Open Team Sheets</details></div>\n|clearpoke\n|poke|p1|Staraptor, L50, F, shiny|\n|poke|p1|Arcanine-Hisui, L50, F, shiny|\n|poke|p1|Kingambit, L50, M, shiny|\n|poke|p1|Sylveon, L50, M, shiny|\n|poke|p1|Raichu, L50, F, shiny|\n|poke|p1|Farigiraf, L50, F, shiny|\n|poke|p2|Politoed, L50, M|\n|poke|p2|Gengar, L50, F|\n|poke|p2|Incineroar, L50, M|\n|poke|p2|Sinistcha, L50|\n|poke|p2|Whimsicott, L50, M|\n|poke|p2|Staraptor, L50, F|\n|teampreview|4\n|showteam|p1|Staraptor||Staraptite|Intimidate|DualWingbeat,CloseCombat,Tailwind,Protect|Jolly||F|||50|]Arcanine-Hisui||FocusSash|RockHead|FlareBlitz,HeadSmash,ExtremeSpeed,Protect|Jolly||F|||50|]Kingambit||LifeOrb|Defiant|KowtowCleave,SuckerPunch,SwordsDance,Protect|Adamant||M|||50|]Sylveon||FairyFeather|Pixilate|HyperVoice,HyperBeam,QuickAttack,Detect|Modest||M|||50|]Raichu||RaichuniteY|LightningRod|ZapCannon,FocusBlast,FakeOut,Protect|Timid||F|||50|]Farigiraf||SitrusBerry|ArmorTail|Psychic,HelpingHand,TrickRoom,Protect|Calm||F|||50|\n|showteam|p2|Politoed||SitrusBerry|Drizzle|Protect,Encore,WeatherBall,PerishSong|Modest||M|||50|]Gengar||Gengarite|CursedBody|Protect,Disable,ShadowBall,SludgeBomb|Timid||F|||50|]Incineroar||PasshoBerry|Intimidate|Protect,FakeOut,ThroatChop,PartingShot|Sassy||M|||50|]Sinistcha||ColburBerry|Hospitality|Protect,RagePowder,MatchaGotcha,TrickRoom|Sassy|||||50|]Whimsicott||FocusSash|Prankster|Protect,Tailwind,Moonblast,Charm|Timid||M|||50|]Staraptor||Staraptite|Intimidate|Protect,Roost,CloseCombat,BraveBird|Jolly||F|||50|\n|inactive|Battle timer is ON: inactive players will automatically lose when time's up. (requested by IronSerpentFan)\n|c|☆IronSerpentFan|glhf\n|j| deluxr4yy\n|c|☆fritznader002|glhf\n|inactive|fritznader002 has 60 seconds left.\n|j| rowlet's treehouse\n|\n|t:|1788280651\n|teamsize|p1|4\n|teamsize|p2|4\n|start\n|switch|p1a: Fridge|Farigiraf, L50, F, shiny|100/100\n|switch|p1b: Big Chu|Raichu, L50, F, shiny|100/100\n|switch|p2a: Whimsicott|Whimsicott, L50, M|100/100\n|switch|p2b: Staraptor|Staraptor, L50, F|100/100\n|-ability|p2b: Staraptor|Intimidate|boost\n|-unboost|p1a: Fridge|atk|1\n|-unboost|p1b: Big Chu|atk|1\n|turn|1\n|inactive|fritznader002 has 30 seconds left.\n|inactive|IronSerpentFan has 30 seconds left.\n|\n|t:|1788280684\n|detailschange|p1b: Big Chu|Raichu-Mega-Y, L50, F, shiny\n|-mega|p1b: Big Chu|Raichu|Raichunite Y\n|detailschange|p2b: Staraptor|Staraptor-Mega, L50, F\n|-mega|p2b: Staraptor|Staraptor|Staraptite\n|move|p2a: Whimsicott|Protect|p2a: Whimsicott\n|-singleturn|p2a: Whimsicott|Protect\n|move|p2b: Staraptor|Protect|p2b: Staraptor\n|-singleturn|p2b: Staraptor|Protect\n|move|p1b: Big Chu|Fake Out|p2b: Staraptor\n|-activate|p2b: Staraptor|move: Protect\n|move|p1a: Fridge|Psychic|p2a: Whimsicott\n|-activate|p2a: Whimsicott|move: Protect\n|\n|upkeep\n|turn|2\n|\n|t:|1788280700\n|move|p1b: Big Chu|Protect|p1b: Big Chu\n|-singleturn|p1b: Big Chu|Protect\n|move|p2a: Whimsicott|Tailwind|p2a: Whimsicott\n|-sidestart|p2: IronSerpentFan|move: Tailwind\n|move|p2b: Staraptor|Close Combat|p1b: Big Chu\n|-activate|p1b: Big Chu|move: Protect\n|move|p1a: Fridge|Trick Room|p1a: Fridge\n|-fieldstart|move: Trick Room|[of] p1a: Fridge\n|\n|upkeep\n|turn|3\n|\n|t:|1788280714\n|switch|p1a: WrathofKhan|Kingambit, L50, M, shiny|100/100\n|switch|p2a: Sinistcha|Sinistcha, L50|100/100\n|move|p2b: Staraptor|Protect|p2b: Staraptor\n|-singleturn|p2b: Staraptor|Protect\n|move|p1b: Big Chu|Zap Cannon|p2b: Staraptor\n|-activate|p2b: Staraptor|move: Protect\n|\n|upkeep\n|turn|4\n|l| deluxr4yy\n|\n|t:|1788280733\n|move|p2a: Sinistcha|Rage Powder|p2a: Sinistcha\n|-singleturn|p2a: Sinistcha|move: Rage Powder\n|move|p1a: WrathofKhan|Kowtow Cleave|p2a: Sinistcha\n|-supereffective|p2a: Sinistcha|1\n|-enditem|p2a: Sinistcha|Colbur Berry|[eat]\n|-enditem|p2a: Sinistcha|Colbur Berry|[weaken]\n|-damage|p2a: Sinistcha|40/100\n|-damage|p1a: WrathofKhan|90/100|[from] item: Life Orb\n|move|p1b: Big Chu|Zap Cannon|p2a: Sinistcha\n|-resisted|p2a: Sinistcha|1\n|-damage|p2a: Sinistcha|13/100\n|-status|p2a: Sinistcha|par\n|move|p2b: Staraptor|Close Combat|p1a: WrathofKhan\n|-supereffective|p1a: WrathofKhan|2\n|-damage|p1a: WrathofKhan|0 fnt\n|-boost|p2b: Staraptor|def|1\n|-boost|p2b: Staraptor|spd|1\n|faint|p1a: WrathofKhan\n|\n|upkeep\n|\n|t:|1788280735\n|switch|p1a: Sadie Sink|Sylveon, L50, M, shiny|100/100\n|turn|5\n|inactive|IronSerpentFan has 30 seconds left.\n|\n|t:|1788280769\n|move|p2a: Sinistcha|Protect|p2a: Sinistcha\n|-singleturn|p2a: Sinistcha|Protect\n|move|p2b: Staraptor|Protect|p2b: Staraptor\n|-singleturn|p2b: Staraptor|Protect\n|move|p1a: Sadie Sink|Hyper Voice|p2a: Sinistcha|[spread] \n|-activate|p2a: Sinistcha|move: Protect\n|-activate|p2b: Staraptor|move: Protect\n|move|p1b: Big Chu|Zap Cannon|p2b: Staraptor\n|-activate|p2b: Staraptor|move: Protect\n|\n|-sideend|p2: IronSerpentFan|move: Tailwind\n|upkeep\n|turn|6\n|\n|t:|1788280779\n|move|p2a: Sinistcha|Rage Powder|p2a: Sinistcha\n|-singleturn|p2a: Sinistcha|move: Rage Powder\n|move|p1a: Sadie Sink|Hyper Voice|p2a: Sinistcha|[spread] p2a,p2b\n|-supereffective|p2b: Staraptor|1\n|-damage|p2a: Sinistcha|0 fnt\n|-damage|p2b: Staraptor|41/100\n|faint|p2a: Sinistcha\n|move|p2b: Staraptor|Close Combat|p1b: Big Chu\n|-damage|p1b: Big Chu|11/100\n|-boost|p2b: Staraptor|def|1\n|-boost|p2b: Staraptor|spd|1\n|move|p1b: Big Chu|Zap Cannon|p2b: Staraptor\n|-supereffective|p2b: Staraptor|1\n|-damage|p2b: Staraptor|0 fnt\n|faint|p2b: Staraptor\n|\n|-fieldend|move: Trick Room\n|upkeep\n|\n|t:|1788280788\n|switch|p2b: Politoed|Politoed, L50, M|100/100\n|switch|p2a: Whimsicott|Whimsicott, L50, M|100/100\n|-weather|RainDance|[from] ability: Drizzle|[of] p2b: Politoed\n|turn|7\n|\n|t:|1788280799\n|move|p2a: Whimsicott|Tailwind|p2a: Whimsicott\n|-sidestart|p2: IronSerpentFan|move: Tailwind\n|move|p2b: Politoed|Weather Ball|p1b: Big Chu\n|-damage|p1b: Big Chu|0 fnt\n|faint|p1b: Big Chu\n|move|p1a: Sadie Sink|Hyper Voice|p2a: Whimsicott|[spread] p2a,p2b\n|-damage|p2a: Whimsicott|27/100\n|-damage|p2b: Politoed|58/100\n|\n|-weather|RainDance|[upkeep]\n|upkeep\n|\n|t:|1788280805\n|switch|p1b: Fridge|Farigiraf, L50, F, shiny|100/100\n|turn|8\n|\n|t:|1788280820\n|move|p2a: Whimsicott|Moonblast|p1a: Sadie Sink\n|-damage|p1a: Sadie Sink|73/100\n|move|p2b: Politoed|Weather Ball|p1a: Sadie Sink\n|-damage|p1a: Sadie Sink|32/100\n|move|p1a: Sadie Sink|Hyper Voice|p2b: Politoed|[spread] p2a,p2b\n|-damage|p2a: Whimsicott|0 fnt\n|-damage|p2b: Politoed|21/100\n|-enditem|p2b: Politoed|Sitrus Berry|[eat]\n|-heal|p2b: Politoed|46/100|[from] item: Sitrus Berry\n|faint|p2a: Whimsicott\n|move|p1b: Fridge|Trick Room|p1b: Fridge\n|-fieldstart|move: Trick Room|[of] p1b: Fridge\n|\n|-weather|RainDance|[upkeep]\n|upkeep\n|turn|9\n|\n|t:|1788280828\n|move|p1b: Fridge|Psychic|p2b: Politoed\n|-damage|p2b: Politoed|19/100\n|move|p1a: Sadie Sink|Hyper Voice|p2b: Politoed\n|-damage|p2b: Politoed|0 fnt\n|faint|p2b: Politoed\n|\n|win|fritznader002\n|n|☆fritznader002|fritznader002\n|n|☆IronSerpentFan|ironserpentfan\n|n| rowlet's treehouse|rowletstreehouse\n|c|☆fritznader002|ggs\n|c|☆IronSerpentFan|gg\n|l|☆fritznader002\n|player|p1|\n","uploadtime":1788280830,"views":"0","formatid":"gen9championsvgc2026regmb","rating":null,"private":0,"password":null}