{"id":"gen9championsvgc2026regmbbo3-2674395941","format":"[Gen 9 Champions] VGC 2026 Reg M-B (Bo3)","players":["needlessname9","DavidSilesPardillo"],"log":"|j|☆needlessname9\n|j|☆DavidSilesPardillo\n|html|<table width=\"100%\"><tr><td align=\"left\">needlessname9</td><td align=\"right\">DavidSilesPardillo</tr><tr><td align=\"left\"><i class=\"fa fa-circle-o\"></i> <i class=\"fa fa-circle-o\"></i> </td><td align=\"right\"><i class=\"fa fa-circle-o\"></i> <i class=\"fa fa-circle-o\"></i> </tr></table>\n|uhtml|bestof|<h2><strong>Game 1</strong> of <a href=\"/game-bestof3-gen9championsvgc2026regmbbo3-2674395940\">a best-of-3</a></h2>\n|t:|1788354445\n|gametype|doubles\n|player|p1|needlessname9|hiker|1053\n|player|p2|DavidSilesPardillo|cynthia|1158\n|gen|9\n|tier|[Gen 9 Champions] VGC 2026 Reg M-B (Bo3)\n|rated|\n|rule|Species Clause: Limit one of each Pokémon\n|rule|Item Clause: Limit 1 of each item\n|clearpoke\n|poke|p1|Dragonite, L50, M|\n|poke|p1|Floette-Eternal, L50, F|\n|poke|p1|Garchomp, L50, M|\n|poke|p1|Basculegion, L50, M|\n|poke|p1|Kingambit, L50, F|\n|poke|p1|Sneasler, L50, F|\n|poke|p2|Charizard, L50, F|\n|poke|p2|Aerodactyl, L50, M|\n|poke|p2|Kingambit, L50, M|\n|poke|p2|Basculegion, L50, M|\n|poke|p2|Whimsicott, L50, F|\n|poke|p2|Garchomp, L50, F|\n|teampreview|4\n|showteam|p1|Dragonite||Dragoninite|Multiscale|HeatWave,DragonPulse,Protect,Thunderbolt|Timid||M|||50|]Floette-Eternal||Floettite|FlowerVeil|LightofRuin,Protect,DazzlingGleam,CalmMind|Timid||F|||50|]Garchomp||LifeOrb|RoughSkin|DragonClaw,Earthquake,RockSlide,Protect|Adamant||M|||50|]Basculegion||FocusSash|Adaptability|AquaJet,Liquidation,Protect,LastRespects|Jolly||M|||50|]Kingambit||ChopleBerry|Defiant|Protect,KowtowCleave,SuckerPunch,IronHead|Adamant||F|||50|]Sneasler||WhiteHerb|Unburden|FakeOut,CloseCombat,DireClaw,Protect|Adamant||F|||50|\n|showteam|p2|Charizard||CharizarditeY|SolarPower|Overheat,HeatWave,SolarBeam,Protect|Timid||F|||50|]Aerodactyl||Aerodactylite|Unnerve|RockSlide,DualWingbeat,IceFang,Protect|Jolly||M|||50|]Kingambit||FocusSash|Defiant|KowtowCleave,IronHead,SuckerPunch,LowKick|Adamant||M|||50|]Basculegion||ChoiceScarf|Adaptability|WaveCrash,LastRespects,AquaJet,FlipTurn|Jolly||M|||50|]Whimsicott||FairyFeather|Prankster|Moonblast,SunnyDay,Tailwind,Encore|Bold||F|||50|]Garchomp||LifeOrb|RoughSkin|Earthquake,DragonClaw,RockTomb,Protect|Jolly||F|||50|\n|\n|t:|1788354499\n|teamsize|p1|4\n|teamsize|p2|4\n|start\n|switch|p1a: Garchomp|Garchomp, L50, M|100/100\n|switch|p1b: Sneasler|Sneasler, L50, F|100/100\n|switch|p2a: Aerodactyl|Aerodactyl, L50, M|100/100\n|switch|p2b: Kingambit|Kingambit, L50, M|100/100\n|-ability|p2a: Aerodactyl|Unnerve\n|turn|1\n|inactive|Battle timer is ON: inactive players will automatically lose when time's up. (requested by needlessname9)\n|\n|t:|1788354526\n|switch|p2b: Basculegion|Basculegion, L50, M|100/100\n|move|p2a: Aerodactyl|Protect|p2a: Aerodactyl\n|-singleturn|p2a: Aerodactyl|Protect\n|move|p1b: Sneasler|Fake Out|p2a: Aerodactyl\n|-activate|p2a: Aerodactyl|move: Protect\n|move|p1a: Garchomp|Earthquake|p2b: Basculegion|[spread] p1b,p2b\n|-activate|p2a: Aerodactyl|move: Protect\n|-supereffective|p1b: Sneasler|1\n|-damage|p1b: Sneasler|0 fnt\n|-damage|p2b: Basculegion|43/100\n|faint|p1b: Sneasler\n|-damage|p1a: Garchomp|90/100|[from] item: Life Orb\n|\n|upkeep\n|\n|t:|1788354541\n|switch|p1b: Dragonite|Dragonite, L50, M|100/100\n|turn|2\n|\n|t:|1788354559\n|detailschange|p2a: Aerodactyl|Aerodactyl-Mega, L50, M\n|-mega|p2a: Aerodactyl|Aerodactyl|Aerodactylite\n|detailschange|p1b: Dragonite|Dragonite-Mega, L50, M\n|-mega|p1b: Dragonite|Dragonite|Dragoninite\n|move|p1a: Garchomp|Protect|p1a: Garchomp\n|-singleturn|p1a: Garchomp|Protect\n|move|p2a: Aerodactyl|Ice Fang|p1a: Garchomp\n|-activate|p1a: Garchomp|move: Protect\n|move|p2b: Basculegion|Flip Turn|p1b: Dragonite\n|-resisted|p1b: Dragonite|1\n|-damage|p1b: Dragonite|89/100\n|\n|t:|1788354564\n|switch|p2b: Kingambit|Kingambit, L50, M|100/100|[from] Flip Turn\n|move|p1b: Dragonite|Thunderbolt|p2b: Kingambit\n|-damage|p2b: Kingambit|61/100\n|\n|upkeep\n|turn|3\n|\n|t:|1788354586\n|switch|p2b: Whimsicott|Whimsicott, L50, F|100/100\n|move|p2a: Aerodactyl|Ice Fang|p1b: Dragonite|[miss]\n|-miss|p2a: Aerodactyl|p1b: Dragonite\n|move|p1b: Dragonite|Thunderbolt|p2a: Aerodactyl\n|-supereffective|p2a: Aerodactyl|1\n|-damage|p2a: Aerodactyl|23/100\n|move|p1a: Garchomp|Earthquake|p2a: Aerodactyl|[spread] p2b\n|-immune|p1b: Dragonite\n|-immune|p2a: Aerodactyl\n|-resisted|p2b: Whimsicott|1\n|-damage|p2b: Whimsicott|73/100\n|-damage|p1a: Garchomp|80/100|[from] item: Life Orb\n|\n|upkeep\n|turn|4\n|inactive|DavidSilesPardillo has 30 seconds left.\n|\n|t:|1788354617\n|move|p1b: Dragonite|Protect|p1b: Dragonite\n|-singleturn|p1b: Dragonite|Protect\n|move|p2a: Aerodactyl|Ice Fang|p1b: Dragonite\n|-activate|p1b: Dragonite|move: Protect\n|move|p1a: Garchomp|Rock Slide|p2b: Whimsicott|[spread] p2a,p2b\n|-supereffective|p2a: Aerodactyl|1\n|-damage|p2a: Aerodactyl|0 fnt\n|-damage|p2b: Whimsicott|48/100\n|faint|p2a: Aerodactyl\n|-damage|p1a: Garchomp|70/100|[from] item: Life Orb\n|cant|p2b: Whimsicott|flinch\n|\n|upkeep\n|\n|t:|1788354634\n|switch|p2a: Basculegion|Basculegion, L50, M|43/100\n|turn|5\n|\n|t:|1788354644\n|move|p2a: Basculegion|Last Respects|p1b: Dragonite\n|-damage|p1b: Dragonite|29/100\n|move|p1b: Dragonite|Heat Wave|p2b: Whimsicott|[spread] p2a,p2b\n|-resisted|p2a: Basculegion|1\n|-supereffective|p2b: Whimsicott|1\n|-damage|p2a: Basculegion|28/100\n|-damage|p2b: Whimsicott|0 fnt\n|faint|p2b: Whimsicott\n|move|p1a: Garchomp|Earthquake|p2a: Basculegion|[spread] p2a\n|-immune|p1b: Dragonite\n|-damage|p2a: Basculegion|0 fnt\n|faint|p2a: Basculegion\n|-damage|p1a: Garchomp|61/100|[from] item: Life Orb\n|\n|upkeep\n|\n|t:|1788354649\n|switch|p2b: Kingambit|Kingambit, L50, M|61/100\n|turn|6\n|\n|t:|1788354666\n|move|p2b: Kingambit|Sucker Punch|p1b: Dragonite\n|-damage|p1b: Dragonite|0 fnt\n|faint|p1b: Dragonite\n|move|p1a: Garchomp|Earthquake|p2b: Kingambit\n|-supereffective|p2b: Kingambit|1\n|-damage|p2b: Kingambit|0 fnt\n|faint|p2b: Kingambit\n|-damage|p1a: Garchomp|51/100|[from] item: Life Orb\n|\n|win|needlessname9\n||DavidSilesPardillo is ready for game 2.\n||needlessname9 is ready for game 2.\n|uhtml|next|Next: <a href=\"/battle-gen9championsvgc2026regmbbo3-2674397629\"><strong>Game 2 of 3</strong></a>\n","uploadtime":1788355296,"views":"0","formatid":"gen9championsvgc2026regmbbo3","rating":null,"private":0,"password":null}