{"id":"gen9championsvgc2026regmb-2674754876","format":"[Gen 9 Champions] VGC 2026 Reg M-B","players":["L3goSquirtle","EmprOfIceCream"],"log":"|j|☆L3goSquirtle\n|j|☆EmprOfIceCream\n|t:|1788401045\n|gametype|doubles\n|player|p1|L3goSquirtle|acetrainer-gen4dp|1209\n|player|p2|EmprOfIceCream|lance|1251\n|gen|9\n|tier|[Gen 9 Champions] VGC 2026 Reg M-B\n|rated|\n|rule|Species Clause: Limit one of each Pokémon\n|rule|Item Clause: Limit 1 of each item\n|clearpoke\n|poke|p1|Charizard, L50, F, shiny|\n|poke|p1|Grimmsnarl, L50, M, shiny|\n|poke|p1|Archaludon, L50, F, shiny|\n|poke|p1|Pelipper, L50, M, shiny|\n|poke|p1|Venusaur, L50, M, shiny|\n|poke|p1|Swampert, L50, F, shiny|\n|poke|p2|Scizor, L50, M, shiny|\n|poke|p2|Farigiraf, L50, M|\n|poke|p2|Hydrapple, L50, M, shiny|\n|poke|p2|Tyranitar, L50, M, shiny|\n|poke|p2|Basculegion, L50, M|\n|poke|p2|Excadrill, L50, F, shiny|\n|teampreview|4\nL3goSquirtle has agreed to open team sheets.\n|inactive|Battle timer is ON: inactive players will automatically lose when time's up. (requested by L3goSquirtle)\n|inactive|L3goSquirtle has 60 seconds left.\n|\n|t:|1788401120\n|teamsize|p1|4\n|teamsize|p2|4\n|start\n|switch|p1a: Pelipper|Pelipper, L50, M, shiny|100/100\n|switch|p1b: Swampert|Swampert, L50, F, shiny|100/100\n|switch|p2a: Mrs. Claws|Excadrill, L50, F, shiny|100/100\n|switch|p2b: Zilla|Tyranitar, L50, M, shiny|100/100\n|-weather|RainDance|[from] ability: Drizzle|[of] p1a: Pelipper\n|-weather|Sandstorm|[from] ability: Sand Stream|[of] p2b: Zilla\n|turn|1\n|inactive|L3goSquirtle has 30 seconds left.\n|inactive|EmprOfIceCream has 30 seconds left.\n|\n|t:|1788401152\n|switch|p2b: Geedorah|Hydrapple, L50, M, shiny|100/100\n|detailschange|p1b: Swampert|Swampert-Mega, L50, F, shiny\n|-mega|p1b: Swampert|Swampert|Swampertite\n|move|p2a: Mrs. Claws|High Horsepower|p1b: Swampert\n|-damage|p1b: Swampert|55/100\n|move|p1b: Swampert|Earthquake|p2a: Mrs. Claws|[spread] p2a,p2b\n|-immune|p1a: Pelipper\n|-supereffective|p2a: Mrs. Claws|1\n|-resisted|p2b: Geedorah|1\n|-enditem|p2a: Mrs. Claws|Focus Sash\n|-damage|p2a: Mrs. Claws|1/100\n|-damage|p2b: Geedorah|83/100\n|move|p1a: Pelipper|Tailwind|p1a: Pelipper\n|-sidestart|p1: L3goSquirtle|move: Tailwind\n|\n|-weather|Sandstorm|[upkeep]\n|-damage|p1a: Pelipper|93/100|[from] Sandstorm\n|-damage|p2b: Geedorah|77/100|[from] Sandstorm\n|upkeep\n|turn|2\n|inactive|EmprOfIceCream has 30 seconds left.\n|\n|t:|1788401180\n|switch|p1b: Archaludon|Archaludon, L50, F, shiny|100/100\n|move|p2b: Geedorah|Protect|p2b: Geedorah\n|-singleturn|p2b: Geedorah|Protect\n|move|p2a: Mrs. Claws|Iron Head|p1a: Pelipper\n|-resisted|p1a: Pelipper|1\n|-damage|p1a: Pelipper|70/100\n|move|p1a: Pelipper|Hurricane|p2b: Geedorah\n|-activate|p2b: Geedorah|move: Protect\n|\n|-weather|Sandstorm|[upkeep]\n|-damage|p1a: Pelipper|64/100|[from] Sandstorm\n|-damage|p2b: Geedorah|71/100|[from] Sandstorm\n|upkeep\n|turn|3\n|inactive|EmprOfIceCream has 30 seconds left.\n|\n|t:|1788401214\n|switch|p1a: Grimmsnarl|Grimmsnarl, L50, M, shiny|100/100\n|-heal|p2b: Geedorah|100/100|[from] ability: Regenerator|[silent]\n|switch|p2b: Farigiraf|Farigiraf, L50, M|100/100\n|move|p2a: Mrs. Claws|Protect|p2a: Mrs. Claws\n|-singleturn|p2a: Mrs. Claws|Protect\n|move|p1b: Archaludon|Dragon Pulse|p2b: Farigiraf\n|-damage|p2b: Farigiraf|73/100\n|\n|-weather|Sandstorm|[upkeep]\n|-damage|p1a: Grimmsnarl|93/100|[from] Sandstorm\n|-damage|p2b: Farigiraf|67/100|[from] Sandstorm\n|upkeep\n|turn|4\n|inactive|L3goSquirtle has 30 seconds left.\n|inactive|L3goSquirtle has 20 seconds left.\n|\n|t:|1788401254\n|move|p2b: Farigiraf|Ally Switch|p2b: Farigiraf\n|swap|p2b: Farigiraf|0|[from] move: Ally Switch\n|move|p1a: Grimmsnarl|Reflect|p1a: Grimmsnarl\n|-sidestart|p1: L3goSquirtle|Reflect\n|move|p2b: Mrs. Claws|High Horsepower|p1b: Archaludon\n|-supereffective|p1b: Archaludon|1\n|-damage|p1b: Archaludon|49/100\n|-ability|p1b: Archaludon|Stamina|boost\n|-boost|p1b: Archaludon|def|1\n|move|p1b: Archaludon|Dragon Pulse|p2a: Farigiraf\n|-damage|p2a: Farigiraf|42/100\n|\n|-weather|Sandstorm|[upkeep]\n|-damage|p1a: Grimmsnarl|87/100|[from] Sandstorm\n|-damage|p2a: Farigiraf|36/100|[from] Sandstorm\n|-heal|p1b: Archaludon|55/100|[from] item: Leftovers\n|-sideend|p1: L3goSquirtle|move: Tailwind\n|upkeep\n|turn|5\n|inactive|L3goSquirtle has 30 seconds left.\n|\n|t:|1788401290\n|move|p2b: Mrs. Claws|Protect|p2b: Mrs. Claws\n|-singleturn|p2b: Mrs. Claws|Protect\n|move|p1a: Grimmsnarl|Parting Shot||[still]\n|cant|p2a: Farigiraf|ability: Armor Tail|Parting Shot|[of] p1a: Grimmsnarl\n|move|p1b: Archaludon|Electro Shot||[still]\n|-prepare|p1b: Archaludon|Electro Shot\n|-boost|p1b: Archaludon|spa|1\n|move|p2a: Farigiraf|Psychic Noise|p1b: Archaludon\n|-resisted|p1b: Archaludon|1\n|-crit|p1b: Archaludon\n|-damage|p1b: Archaludon|37/100\n|-start|p1b: Archaludon|move: Heal Block\n|-ability|p1b: Archaludon|Stamina|boost\n|-boost|p1b: Archaludon|def|1\n|\n|-weather|none\n|upkeep\n|turn|6\n|\n|t:|1788401310\n|move|p2a: Farigiraf|Ally Switch|p2a: Farigiraf\n|swap|p2a: Farigiraf|1|[from] move: Ally Switch\n|move|p1a: Grimmsnarl|Parting Shot||[still]\n|cant|p2b: Farigiraf|ability: Armor Tail|Parting Shot|[of] p1a: Grimmsnarl\n|move|p2a: Mrs. Claws|High Horsepower|p1b: Archaludon\n|-supereffective|p1b: Archaludon|1\n|-damage|p1b: Archaludon|10/100\n|-ability|p1b: Archaludon|Stamina|boost\n|-boost|p1b: Archaludon|def|1\n|move|p1b: Archaludon|Electro Shot|p2a: Mrs. Claws|[from] lockedmove\n|-immune|p2a: Mrs. Claws\n|\n|-end|p1b: Archaludon|move: Heal Block\n|upkeep\n|turn|7\n|inactive|L3goSquirtle has 30 seconds left.\n|\n|t:|1788401336\n|switch|p1b: Pelipper|Pelipper, L50, M, shiny|64/100\n|-weather|RainDance|[from] ability: Drizzle|[of] p1b: Pelipper\n|switch|p2b: Zilla|Tyranitar, L50, M, shiny|100/100\n|-weather|Sandstorm|[from] ability: Sand Stream|[of] p2b: Zilla\n|move|p1a: Grimmsnarl|Light Screen|p1a: Grimmsnarl\n|-sidestart|p1: L3goSquirtle|move: Light Screen\n|move|p2a: Mrs. Claws|High Horsepower|p1b: Pelipper\n|-immune|p1b: Pelipper\n|\n|-weather|Sandstorm|[upkeep]\n|-damage|p1b: Pelipper|58/100|[from] Sandstorm\n|-damage|p1a: Grimmsnarl|81/100|[from] Sandstorm\n|upkeep\n|turn|8\n|\n|t:|1788401353\n|switch|p2a: Farigiraf|Farigiraf, L50, M|36/100\n|detailschange|p2b: Zilla|Tyranitar-Mega, L50, M, shiny\n|-mega|p2b: Zilla|Tyranitar|Tyranitarite\n|move|p1b: Pelipper|Tailwind|p1b: Pelipper\n|-sidestart|p1: L3goSquirtle|move: Tailwind\n|move|p1a: Grimmsnarl|Spirit Break|p2b: Zilla\n|-supereffective|p2b: Zilla|1\n|-damage|p2b: Zilla|62/100\n|-unboost|p2b: Zilla|spa|1\n|move|p2b: Zilla|Rock Slide|p1b: Pelipper|[spread] p1a,p1b\n|-supereffective|p1b: Pelipper|1\n|-damage|p1a: Grimmsnarl|57/100\n|-damage|p1b: Pelipper|5/100\n|-enditem|p1b: Pelipper|Sitrus Berry|[eat]\n|-heal|p1b: Pelipper|30/100|[from] item: Sitrus Berry\n|\n|-weather|Sandstorm|[upkeep]\n|-damage|p1b: Pelipper|24/100|[from] Sandstorm\n|-damage|p1a: Grimmsnarl|51/100|[from] Sandstorm\n|-damage|p2a: Farigiraf|29/100|[from] Sandstorm\n|upkeep\n|turn|9\n|inactive|L3goSquirtle has 30 seconds left.\n|\n|t:|1788401380\n|switch|p1b: Archaludon|Archaludon, L50, F, shiny|10/100\n|move|p2a: Farigiraf|Ally Switch|p2a: Farigiraf\n|swap|p2a: Farigiraf|1|[from] move: Ally Switch\n|move|p1a: Grimmsnarl|Spirit Break|p2b: Farigiraf\n|-damage|p2b: Farigiraf|3/100\n|-unboost|p2b: Farigiraf|spa|1\n|move|p2a: Zilla|Rock Slide|p1b: Archaludon|[spread] p1a,p1b\n|-resisted|p1b: Archaludon|1\n|-damage|p1a: Grimmsnarl|24/100\n|-damage|p1b: Archaludon|2/100\n|-ability|p1b: Archaludon|Stamina|boost\n|-boost|p1b: Archaludon|def|1\n|\n|-weather|Sandstorm|[upkeep]\n|-damage|p1a: Grimmsnarl|18/100|[from] Sandstorm\n|-damage|p2b: Farigiraf|0 fnt|[from] Sandstorm\n|faint|p2b: Farigiraf\n|-heal|p1b: Archaludon|8/100|[from] item: Leftovers\n|upkeep\n|\n|t:|1788401397\n|switch|p2b: Mrs. Claws|Excadrill, L50, F, shiny|1/100\n|turn|10\n|inactive|L3goSquirtle has 30 seconds left.\n|inactive|L3goSquirtle has 20 seconds left.\n|\n|t:|1788401435\n|move|p2b: Mrs. Claws|High Horsepower|p1b: Archaludon\n|-supereffective|p1b: Archaludon|1\n|-damage|p1b: Archaludon|0 fnt\n|faint|p1b: Archaludon\n|move|p1a: Grimmsnarl|Spirit Break|p2a: Zilla\n|-supereffective|p2a: Zilla|1\n|-damage|p2a: Zilla|24/100\n|-unboost|p2a: Zilla|spa|1\n|move|p2a: Zilla|Rock Slide|p1a: Grimmsnarl\n|-damage|p1a: Grimmsnarl|0 fnt\n|faint|p1a: Grimmsnarl\n|\n|-weather|Sandstorm|[upkeep]\n|upkeep\n|\n|t:|1788401448\n|switch|p1b: Pelipper|Pelipper, L50, M, shiny|24/100\n|switch|p1a: Swampert|Swampert-Mega, L50, F, shiny|55/100\n|-weather|RainDance|[from] ability: Drizzle|[of] p1b: Pelipper\n|turn|11\n|\n|t:|1788401472\n|switch|p2a: Geedorah|Hydrapple, L50, M, shiny|100/100\n|move|p2b: Mrs. Claws|Protect|p2b: Mrs. Claws\n|-singleturn|p2b: Mrs. Claws|Protect\n|move|p1a: Swampert|Earthquake|p2b: Mrs. Claws|[spread] p2a\n|-activate|p2b: Mrs. Claws|move: Protect\n|-immune|p1b: Pelipper\n|-resisted|p2a: Geedorah|1\n|-damage|p2a: Geedorah|83/100\n|move|p1b: Pelipper|Hurricane|p2a: Geedorah\n|-supereffective|p2a: Geedorah|1\n|-damage|p2a: Geedorah|20/100r\n|-enditem|p2a: Geedorah|Sitrus Berry|[eat]\n|-heal|p2a: Geedorah|45/100|[from] item: Sitrus Berry\n|\n|-weather|RainDance|[upkeep]\n|-sideend|p1: L3goSquirtle|Reflect\n|-sideend|p1: L3goSquirtle|move: Tailwind\n|upkeep\n|turn|12\n|inactive|L3goSquirtle has 30 seconds left.\n|\n|t:|1788401498\n|-heal|p2a: Geedorah|78/100|[from] ability: Regenerator|[silent]\n|switch|p2a: Zilla|Tyranitar-Mega, L50, M, shiny|24/100\n|-weather|Sandstorm|[from] ability: Sand Stream|[of] p2a: Zilla\n|move|p1b: Pelipper|Wide Guard|p1b: Pelipper\n|-singleturn|p1b: Pelipper|Wide Guard\n|move|p2b: Mrs. Claws|Iron Head|p1b: Pelipper\n|-resisted|p1b: Pelipper|1\n|-damage|p1b: Pelipper|2/100\n|move|p1a: Swampert|Earthquake|p2b: Mrs. Claws|[spread] p2a,p2b\n|-activate|p1b: Pelipper|move: Wide Guard\n|-supereffective|p2a: Zilla|1\n|-supereffective|p2b: Mrs. Claws|1\n|-damage|p2a: Zilla|0 fnt\n|-damage|p2b: Mrs. Claws|0 fnt\n|faint|p2a: Zilla\n|faint|p2b: Mrs. Claws\n|\n|-weather|Sandstorm|[upkeep]\n|-damage|p1b: Pelipper|0 fnt|[from] Sandstorm\n|faint|p1b: Pelipper\n|upkeep\n|inactive|EmprOfIceCream has 30 seconds left.\n|\n|t:|1788401533\n|switch|p2b: Geedorah|Hydrapple, L50, M, shiny|78/100\n|turn|13\n|\n|t:|1788401537\n|move|p1a: Swampert|Ice Punch|p2b: Geedorah\n|-supereffective|p2b: Geedorah|2\n|-damage|p2b: Geedorah|0 fnt\n|faint|p2b: Geedorah\n|\n|win|L3goSquirtle\n|raw|L3goSquirtle's rating: 1209 &rarr; <strong>1237</strong><br />(+28 for winning)\n|raw|EmprOfIceCream's rating: 1251 &rarr; <strong>1223</strong><br />(-28 for losing)\n","uploadtime":1788401538,"views":"0","formatid":"gen9championsvgc2026regmb","rating":1223,"private":0,"password":null}