{"id":"gen9championsvgc2026regmb-2674414801","format":"[Gen 9 Champions] VGC 2026 Reg M-B","players":["vanmogh","zmchih"],"log":"|j|☆vanmogh\n|j|☆zmchih\n|t:|1788356954\n|gametype|doubles\n|player|p1|vanmogh|266|1079\n|player|p2|zmchih|102|1000\n|gen|9\n|tier|[Gen 9 Champions] VGC 2026 Reg M-B\n|rated|\n|rule|Species Clause: Limit one of each Pokémon\n|rule|Item Clause: Limit 1 of each item\n|clearpoke\n|poke|p1|Hydreigon, L50, M|\n|poke|p1|Rotom-Wash, L50|\n|poke|p1|Sinistcha, L50|\n|poke|p1|Excadrill, L50, F|\n|poke|p1|Corviknight, L50, F|\n|poke|p1|Tyranitar, L50, M|\n|poke|p2|Basculegion, L50, M|\n|poke|p2|Dragonite, L50, M|\n|poke|p2|Floette-Eternal, L50, F|\n|poke|p2|Garchomp, L50, F|\n|poke|p2|Incineroar, L50, F|\n|poke|p2|Toxapex, L50, M|\n|teampreview|4\n|inactive|Battle timer is ON: inactive players will automatically lose when time's up. (requested by zmchih)\nzmchih rejected open team sheets.\n|inactive|vanmogh has 60 seconds left.\n|inactive|vanmogh has 30 seconds left.\n|inactive|vanmogh has 20 seconds left.\n|inactive|vanmogh has 15 seconds left.\n|inactive|vanmogh has 10 seconds left.\n|inactive|vanmogh has 5 seconds left.\n|\n|t:|1788357089\n|teamsize|p1|4\n|teamsize|p2|4\n|start\n|switch|p1a: Hydreigon|Hydreigon, L50, M|100/100\n|switch|p1b: Rotom|Rotom-Wash, L50|100/100\n|switch|p2a: Incineroar|Incineroar, L50, F|100/100\n|switch|p2b: Toxapex|Toxapex, L50, M|100/100\n|-ability|p2a: Incineroar|Intimidate|boost\n|-unboost|p1a: Hydreigon|atk|1\n|-unboost|p1b: Rotom|atk|1\n|turn|1\n|\n|t:|1788357110\n|move|p2a: Incineroar|Fake Out|p1b: Rotom\n|-damage|p1b: Rotom|84/100\n|move|p1a: Hydreigon|Draco Meteor|p2a: Incineroar\n|-damage|p2a: Incineroar|54/100\n|-unboost|p1a: Hydreigon|spa|2\n|cant|p1b: Rotom|flinch\n|move|p2b: Toxapex|Toxic|p1a: Hydreigon\n|-status|p1a: Hydreigon|tox\n|\n|-damage|p1a: Hydreigon|94/100 tox|[from] psn\n|upkeep\n|turn|2\n|inactive|zmchih has 30 seconds left.\n|\n|t:|1788357139\n|move|p1a: Hydreigon|Draco Meteor|p2a: Incineroar\n|-crit|p2a: Incineroar\n|-damage|p2a: Incineroar|0 fnt\n|-unboost|p1a: Hydreigon|spa|2\n|faint|p2a: Incineroar\n|move|p1b: Rotom|Thunderbolt|p2b: Toxapex\n|-supereffective|p2b: Toxapex|1\n|-damage|p2b: Toxapex|46/100\n|move|p2b: Toxapex|Toxic|p1b: Rotom\n|-status|p1b: Rotom|tox\n|\n|-heal|p2b: Toxapex|52/100|[from] item: Leftovers\n|-damage|p1a: Hydreigon|82/100 tox|[from] psn\n|-damage|p1b: Rotom|78/100 tox|[from] psn\n|upkeep\n|\n|t:|1788357152\n|switch|p2a: Dragonite|Dragonite, L50, M|100/100\n|turn|3\n|\n|t:|1788357171\n|switch|p1a: Sinistcha|Sinistcha, L50|100/100\n|-heal|p1b: Rotom|100/100 tox|[from] ability: Hospitality|[of] p1a: Sinistcha\n|detailschange|p2a: Dragonite|Dragonite-Mega, L50, M\n|-mega|p2a: Dragonite|Dragonite|Dragoninite\n|move|p2b: Toxapex|Baneful Bunker|p2b: Toxapex\n|-singleturn|p2b: Toxapex|move: Protect\n|move|p2a: Dragonite|Dragon Pulse|p1b: Rotom\n|-damage|p1b: Rotom|30/100 tox\n|-enditem|p1b: Rotom|Sitrus Berry|[eat]\n|-heal|p1b: Rotom|55/100 tox|[from] item: Sitrus Berry\n|move|p1b: Rotom|Thunderbolt|p2b: Toxapex\n|-activate|p2b: Toxapex|move: Protect\n|\n|-heal|p2b: Toxapex|57/100|[from] item: Leftovers\n|-damage|p1b: Rotom|44/100 tox|[from] psn\n|upkeep\n|turn|4\n|\n|t:|1788357192\n|move|p2a: Dragonite|Dragon Pulse|p1b: Rotom\n|-damage|p1b: Rotom|0 fnt\n|faint|p1b: Rotom\n|move|p1a: Sinistcha|Matcha Gotcha|p2a: Dragonite|[spread] p2a,p2b\n|-resisted|p2a: Dragonite|2\n|-damage|p2a: Dragonite|97/100\n|-damage|p2b: Toxapex|40/100\n|move|p2b: Toxapex|Infestation|p1a: Sinistcha\n|-crit|p1a: Sinistcha\n|-damage|p1a: Sinistcha|93/100\n|-activate|p1a: Sinistcha|move: Infestation|[of] p2b: Toxapex\n|\n|-heal|p2b: Toxapex|45/100|[from] item: Leftovers\n|-damage|p1a: Sinistcha|80/100|[from] move: Infestation|[partiallytrapped]\n|upkeep\n|\n|t:|1788357198\n|switch|p1b: Hydreigon|Hydreigon, L50, M|82/100 tox\n|turn|5\n|\n|t:|1788357219\n|move|p2a: Dragonite|Protect|p2a: Dragonite\n|-singleturn|p2a: Dragonite|Protect\n|move|p1b: Hydreigon|Snarl|p2b: Toxapex|[spread] p2b\n|-activate|p2a: Dragonite|move: Protect\n|-damage|p2b: Toxapex|30/100\n|-unboost|p2b: Toxapex|spa|1\n|move|p1a: Sinistcha|Matcha Gotcha|p2a: Dragonite|[spread] \n|-activate|p2a: Dragonite|move: Protect\n|-miss|p1a: Sinistcha|p2b: Toxapex\n|move|p2b: Toxapex|Toxic|p1a: Sinistcha\n|-status|p1a: Sinistcha|tox\n|\n|-heal|p2b: Toxapex|36/100|[from] item: Leftovers\n|-damage|p1b: Hydreigon|76/100 tox|[from] psn\n|-damage|p1a: Sinistcha|74/100 tox|[from] psn\n|-damage|p1a: Sinistcha|62/100 tox|[from] move: Infestation|[partiallytrapped]\n|upkeep\n|turn|6\n|\n|t:|1788357239\n|move|p2b: Toxapex|Baneful Bunker|p2b: Toxapex\n|-singleturn|p2b: Toxapex|move: Protect\n|move|p1b: Hydreigon|Snarl|p2a: Dragonite|[spread] p2a\n|-activate|p2b: Toxapex|move: Protect\n|-damage|p2a: Dragonite|81/100\n|-unboost|p2a: Dragonite|spa|1\n|move|p2a: Dragonite|Dragon Pulse|p1b: Hydreigon\n|-supereffective|p1b: Hydreigon|1\n|-damage|p1b: Hydreigon|0 fnt\n|faint|p1b: Hydreigon\n|move|p1a: Sinistcha|Matcha Gotcha|p2a: Dragonite|[spread] p2a\n|-activate|p2b: Toxapex|move: Protect\n|-resisted|p2a: Dragonite|2\n|-damage|p2a: Dragonite|76/100\n|-heal|p1a: Sinistcha|65/100 tox|[from] drain|[of] p2a: Dragonite\n|\n|-heal|p2b: Toxapex|42/100|[from] item: Leftovers\n|-damage|p1a: Sinistcha|52/100 tox|[from] psn\n|-damage|p1a: Sinistcha|40/100 tox|[from] move: Infestation|[partiallytrapped]\n|upkeep\n|\n|t:|1788357244\n|switch|p1b: Excadrill|Excadrill, L50, F|100/100\n|turn|7\n|\n|t:|1788357267\n|move|p2a: Dragonite|Protect|p2a: Dragonite\n|-singleturn|p2a: Dragonite|Protect\n|move|p1b: Excadrill|Rock Slide|p2a: Dragonite|[spread] p2b\n|-activate|p2a: Dragonite|move: Protect\n|-damage|p2b: Toxapex|29/100\n|move|p1a: Sinistcha|Matcha Gotcha|p2b: Toxapex|[spread] p2b\n|-activate|p2a: Dragonite|move: Protect\n|-damage|p2b: Toxapex|9/100\n|-heal|p1a: Sinistcha|51/100 tox|[from] drain|[of] p2b: Toxapex\n|move|p2b: Toxapex|Haze|p2b: Toxapex\n|-clearallboost\n|\n|-heal|p2b: Toxapex|15/100|[from] item: Leftovers\n|-damage|p1a: Sinistcha|32/100 tox|[from] psn\n|-damage|p1a: Sinistcha|20/100y tox|[from] move: Infestation|[partiallytrapped]\n|upkeep\n|turn|8\n|\n|t:|1788357288\n|move|p2a: Dragonite|Heat Wave|p1b: Excadrill|[spread] p1a,p1b\n|-supereffective|p1a: Sinistcha|1\n|-supereffective|p1b: Excadrill|1\n|-damage|p1a: Sinistcha|0 fnt\n|-damage|p1b: Excadrill|26/100\n|faint|p1a: Sinistcha\n|move|p1b: Excadrill|Rock Slide|p2b: Toxapex|[spread] p2a,p2b\n|-supereffective|p2a: Dragonite|1\n|-damage|p2a: Dragonite|35/100\n|-damage|p2b: Toxapex|3/100\n|move|p2b: Toxapex|Infestation|p1b: Excadrill\n|-resisted|p1b: Excadrill|1\n|-damage|p1b: Excadrill|24/100\n|-activate|p1b: Excadrill|move: Infestation|[of] p2b: Toxapex\n|\n|-heal|p2b: Toxapex|8/100|[from] item: Leftovers\n|-damage|p1b: Excadrill|11/100|[from] move: Infestation|[partiallytrapped]\n|upkeep\n|turn|9\n|-message|vanmogh forfeited.\n|\n|win|zmchih\n|raw|vanmogh's rating: 1079 &rarr; <strong>1052</strong><br />(-27 for losing)\n|raw|zmchih's rating: 1000 &rarr; <strong>1049</strong><br />(+49 for winning)\n|l|☆vanmogh\n|player|p1|\n","uploadtime":1788357312,"views":"5","formatid":"gen9championsvgc2026regmb","rating":1049,"private":0,"password":null}