{"id":"gen9championsvgc2026regmbbo3-2674523331","format":"[Gen 9 Champions] VGC 2026 Reg M-B (Bo3)","players":["steelag0","obscure_demon006"],"log":"|j|☆steelag0\n|j|☆obscure_demon006\n|html|<table width=\"100%\"><tr><td align=\"left\">steelag0</td><td align=\"right\">obscure_demon006</tr><tr><td align=\"left\"><i class=\"fa fa-circle-o\"></i> <i class=\"fa fa-circle-o\"></i> </td><td align=\"right\"><i class=\"fa fa-circle-o\"></i> <i class=\"fa fa-circle-o\"></i> </tr></table>\n|uhtml|bestof|<h2><strong>Game 1</strong> of <a href=\"/game-bestof3-gen9championsvgc2026regmbbo3-2674523330\">a best-of-3</a></h2>\n|t:|1788369788\n|gametype|doubles\n|player|p1|steelag0|2|\n|player|p2|obscure_demon006|n|\n|gen|9\n|tier|[Gen 9 Champions] VGC 2026 Reg M-B (Bo3)\n|rule|Species Clause: Limit one of each Pokémon\n|rule|Item Clause: Limit 1 of each item\n|clearpoke\n|poke|p1|Whimsicott, L50, F|\n|poke|p1|Floette-Eternal, L50, F|\n|poke|p1|Kingambit, L50, M|\n|poke|p1|Charizard, L50, F|\n|poke|p1|Basculegion, L50, M|\n|poke|p1|Garchomp, L50, F|\n|poke|p2|Staraptor, L50, F, shiny|\n|poke|p2|Whimsicott, L50, F, shiny|\n|poke|p2|Maushold, L50, shiny|\n|poke|p2|Annihilape, L50, M, shiny|\n|poke|p2|Basculegion, L50, M, shiny|\n|poke|p2|Gholdengo, L50, shiny|\n|teampreview|4\n|showteam|p1|Whimsicott||FocusSash|Prankster|Moonblast,Tailwind,Encore,Protect|Timid||F|||50|]Floette-Eternal||Floettite|FlowerVeil|Moonblast,DazzlingGleam,LightofRuin,Protect|Modest||F|||50|]Kingambit||ChopleBerry|Defiant|KowtowCleave,SuckerPunch,IronHead,LowKick|Adamant||M|||50|]Charizard||CharizarditeY|SolarPower|HeatWave,WeatherBall,SolarBeam,Protect|Modest||F|||50|]Basculegion||MysticWater|Adaptability|WaveCrash,LastRespects,AquaJet,Protect|Adamant||M|||50|]Garchomp||LifeOrb|SandVeil|DragonClaw,Earthquake,RockSlide,Protect|Jolly||F|||50|\n|showteam|p2|Staraptor||Staraptite|Intimidate|CloseCombat,BraveBird,Roost,Protect|Careful||F|||50|]Whimsicott||OccaBerry|Prankster|Moonblast,Tailwind,Charm,Encore|Bold||F|||50|]Maushold||WideLens|Technician|PopulationBomb,Bite,FollowMe,Protect|Jolly|||||50|]Annihilape||FocusSash|Defiant|CloseCombat,RageFist,StoneEdge,Taunt|Jolly||M|||50|]Basculegion||ChoiceScarf|Adaptability|LastRespects,WaveCrash,AquaJet,FlipTurn|Jolly||M|||50|]Gholdengo||LifeOrb|GoodasGold|MakeItRain,ShadowBall,Protect,NastyPlot|Timid|||||50|\n|inactive|Battle timer is ON: inactive players will automatically lose when time's up. (requested by obscure_demon006)\n|inactive|steelag0 has 60 seconds left.\n|inactive|obscure_demon006 has 60 seconds left.\n|\n|t:|1788369844\n|teamsize|p1|4\n|teamsize|p2|4\n|start\n|switch|p1a: Whimsicott|Whimsicott, L50, F|100/100\n|switch|p1b: Charizard|Charizard, L50, F|100/100\n|switch|p2a: Whimsicott|Whimsicott, L50, F, shiny|100/100\n|switch|p2b: Annihilape|Annihilape, L50, M, shiny|100/100\n|turn|1\n|inactive|steelag0 has 30 seconds left.\n|inactive|steelag0 has 20 seconds left.\n|\n|t:|1788369884\n|detailschange|p1b: Charizard|Charizard-Mega-Y, L50, F\n|-mega|p1b: Charizard|Charizard|Charizardite Y\n|-weather|SunnyDay|[from] ability: Drought|[of] p1b: Charizard\n|move|p1b: Charizard|Protect|p1b: Charizard\n|-singleturn|p1b: Charizard|Protect\n|move|p2a: Whimsicott|Tailwind|p2a: Whimsicott\n|-sidestart|p2: obscure_demon006|move: Tailwind\n|move|p2b: Annihilape|Stone Edge|p1b: Charizard\n|-activate|p1b: Charizard|move: Protect\n|move|p1a: Whimsicott|Moonblast|p2b: Annihilape\n|-supereffective|p2b: Annihilape|1\n|-damage|p2b: Annihilape|28/100\n|\n|-weather|SunnyDay|[upkeep]\n|upkeep\n|turn|2\n|inactive|obscure_demon006 has 30 seconds left.\n|\n|t:|1788369916\n|switch|p1b: Garchomp|Garchomp, L50, F|100/100\n|move|p1a: Whimsicott|Tailwind|p1a: Whimsicott\n|-sidestart|p1: steelag0|move: Tailwind\n|move|p2b: Annihilape|Rage Fist|p1a: Whimsicott\n|-damage|p1a: Whimsicott|30/100\n|move|p2a: Whimsicott|Moonblast|p1a: Whimsicott\n|-damage|p1a: Whimsicott|0 fnt\n|faint|p1a: Whimsicott\n|\n|-weather|SunnyDay|[upkeep]\n|upkeep\n|\n|t:|1788369930\n|switch|p1a: Charizard|Charizard-Mega-Y, L50, F|100/100\n|turn|3\n|\n|t:|1788369942\n|move|p1b: Garchomp|Protect|p1b: Garchomp\n|-singleturn|p1b: Garchomp|Protect\n|move|p2b: Annihilape|Stone Edge|p1a: Charizard\n|-supereffective|p1a: Charizard|2\n|-damage|p1a: Charizard|0 fnt\n|faint|p1a: Charizard\n|move|p2a: Whimsicott|Moonblast|p1b: Garchomp\n|-activate|p1b: Garchomp|move: Protect\n|\n|-weather|SunnyDay|[upkeep]\n|upkeep\n|\n|t:|1788369951\n|switch|p1a: Kingambit|Kingambit, L50, M|100/100\n|turn|4\n|\n|t:|1788369962\n|move|p1b: Garchomp|Dragon Claw|p2b: Annihilape\n|-damage|p2b: Annihilape|0 fnt\n|faint|p2b: Annihilape\n|-damage|p1b: Garchomp|90/100|[from] item: Life Orb\n|move|p2a: Whimsicott|Moonblast|p1b: Garchomp\n|-supereffective|p1b: Garchomp|1\n|-damage|p1b: Garchomp|33/100\n|move|p1a: Kingambit|Iron Head|p2a: Whimsicott\n|-supereffective|p2a: Whimsicott|1\n|-damage|p2a: Whimsicott|28/100\n|\n|-weather|SunnyDay|[upkeep]\n|-sideend|p2: obscure_demon006|move: Tailwind\n|upkeep\n|\n|t:|1788369966\n|switch|p2b: Staraptor|Staraptor, L50, F, shiny|100/100\n|-ability|p2b: Staraptor|Intimidate|boost\n|-unboost|p1a: Kingambit|atk|1\n|-ability|p1a: Kingambit|Defiant|boost\n|-boost|p1a: Kingambit|atk|2\n|-unboost|p1b: Garchomp|atk|1\n|turn|5\n|inactive|steelag0 has 30 seconds left.\n|\n|t:|1788370000\n|detailschange|p2b: Staraptor|Staraptor-Mega, L50, F, shiny\n|-mega|p2b: Staraptor|Staraptor|Staraptite\n|move|p2a: Whimsicott|Tailwind|p2a: Whimsicott\n|-sidestart|p2: obscure_demon006|move: Tailwind\n|move|p1b: Garchomp|Rock Slide|p2a: Whimsicott|[spread] p2a,p2b\n|-damage|p2a: Whimsicott|14/100\n|-damage|p2b: Staraptor|85/100\n|-damage|p1b: Garchomp|23/100|[from] item: Life Orb\n|move|p2b: Staraptor|Close Combat|p1a: Kingambit\n|-supereffective|p1a: Kingambit|2\n|-enditem|p1a: Kingambit|Chople Berry|[eat]\n|-enditem|p1a: Kingambit|Chople Berry|[weaken]\n|-damage|p1a: Kingambit|26/100\n|-boost|p2b: Staraptor|def|1\n|-boost|p2b: Staraptor|spd|1\n|move|p1a: Kingambit|Kowtow Cleave|p2b: Staraptor\n|-resisted|p2b: Staraptor|1\n|-damage|p2b: Staraptor|66/100\n|\n|-weather|none\n|-sideend|p1: steelag0|move: Tailwind\n|upkeep\n|turn|6\n|\n|t:|1788370022\n|move|p1a: Kingambit|Sucker Punch|p2a: Whimsicott\n|-resisted|p2a: Whimsicott|1\n|-damage|p2a: Whimsicott|0 fnt\n|faint|p2a: Whimsicott\n|move|p2b: Staraptor|Close Combat|p1a: Kingambit\n|-supereffective|p1a: Kingambit|2\n|-damage|p1a: Kingambit|0 fnt\n|-boost|p2b: Staraptor|def|1\n|-boost|p2b: Staraptor|spd|1\n|faint|p1a: Kingambit\n|move|p1b: Garchomp|Dragon Claw|p2b: Staraptor\n|-damage|p2b: Staraptor|50/100y\n|-damage|p1b: Garchomp|13/100|[from] item: Life Orb\n|\n|upkeep\n|\n|t:|1788370025\n|switch|p2a: Basculegion|Basculegion, L50, M, shiny|100/100\n|turn|7\n|-message|steelag0 forfeited.\n|\n|win|obscure_demon006\n|l|☆obscure_demon006\n|player|p2|\n","uploadtime":1788370046,"views":"4","formatid":"gen9championsvgc2026regmbbo3","rating":null,"private":0,"password":null}