{"id":"gen9championsvgc2026regmb-2674324530","format":"[Gen 9 Champions] VGC 2026 Reg M-B","players":["zenchaos","alexismydog"],"log":"|j|☆zenchaos\n|j|☆alexismydog\n|t:|1788341150\n|gametype|doubles\n|player|p1|zenchaos|102|1577\n|player|p2|alexismydog|265|1558\n|gen|9\n|tier|[Gen 9 Champions] VGC 2026 Reg M-B\n|rated|\n|rule|Species Clause: Limit one of each Pokémon\n|rule|Item Clause: Limit 1 of each item\n|clearpoke\n|poke|p1|Charizard, L50, M|\n|poke|p1|Pelipper, L50, M|\n|poke|p1|Archaludon, L50, F|\n|poke|p1|Venusaur, L50, M|\n|poke|p1|Swampert, L50, F|\n|poke|p1|Grimmsnarl, L50, M|\n|poke|p2|Tyranitar, L50, M|\n|poke|p2|Excadrill, L50, M|\n|poke|p2|Sinistcha, L50|\n|poke|p2|Gholdengo, L50|\n|poke|p2|Staraptor, L50, F|\n|poke|p2|Milotic, L50, M|\n|teampreview|4\n|inactive|Battle timer is ON: inactive players will automatically lose when time's up. (requested by alexismydog)\n|\n|t:|1788341173\n|teamsize|p1|4\n|teamsize|p2|4\n|start\n|switch|p1a: Venusaur|Venusaur, L50, M|100/100\n|switch|p1b: Swampert|Swampert, L50, F|100/100\n|switch|p2a: Staraptor|Staraptor, L50, F|100/100\n|switch|p2b: Gholdengo|Gholdengo, L50|100/100\n|-ability|p2a: Staraptor|Intimidate|boost\n|-unboost|p1a: Venusaur|atk|1\n|-unboost|p1b: Swampert|atk|1\n|turn|1\n|inactive|zenchaos has 30 seconds left.\n|inactive|alexismydog has 30 seconds left.\n|inactive|zenchaos has 20 seconds left.\n|\n|t:|1788341209\n|switch|p2b: Sinistcha|Sinistcha, L50|100/100\n|switch|p1a: Pelipper|Pelipper, L50, M|100/100\n|-weather|RainDance|[from] ability: Drizzle|[of] p1a: Pelipper\n|detailschange|p2a: Staraptor|Staraptor-Mega, L50, F\n|-mega|p2a: Staraptor|Staraptor|Staraptite\n|detailschange|p1b: Swampert|Swampert-Mega, L50, F\n|-mega|p1b: Swampert|Swampert|Swampertite\n|move|p1b: Swampert|Wave Crash|p2b: Sinistcha\n|-resisted|p2b: Sinistcha|1\n|-damage|p2b: Sinistcha|61/100\n|-damage|p1b: Swampert|89/100|[from] Recoil\n|move|p2a: Staraptor|Tailwind|p2a: Staraptor\n|-sidestart|p2: alexismydog|move: Tailwind\n|\n|-weather|RainDance|[upkeep]\n|-heal|p2b: Sinistcha|67/100|[from] item: Leftovers\n|upkeep\n|turn|2\n|\n|t:|1788341232\n|switch|p1b: Venusaur|Venusaur, L50, M|100/100\n|move|p2a: Staraptor|Close Combat|p1a: Pelipper\n|-resisted|p1a: Pelipper|1\n|-crit|p1a: Pelipper\n|-damage|p1a: Pelipper|56/100\n|-boost|p2a: Staraptor|def|1\n|-boost|p2a: Staraptor|spd|1\n|move|p2b: Sinistcha|Matcha Gotcha|p1b: Venusaur|[spread] p1a,p1b\n|-resisted|p1b: Venusaur|2\n|-damage|p1a: Pelipper|19/100\n|-heal|p2b: Sinistcha|88/100|[from] drain|[of] p1a: Pelipper\n|-damage|p1b: Venusaur|93/100\n|-heal|p2b: Sinistcha|92/100|[from] drain|[of] p1b: Venusaur\n|-status|p1b: Venusaur|brn\n|-enditem|p1a: Pelipper|Sitrus Berry|[eat]\n|-heal|p1a: Pelipper|44/100|[from] item: Sitrus Berry\n|move|p1a: Pelipper|Hurricane|p2b: Sinistcha\n|-supereffective|p2b: Sinistcha|1\n|-damage|p2b: Sinistcha|0 fnt\n|faint|p2b: Sinistcha\n|\n|-weather|RainDance|[upkeep]\n|-damage|p1b: Venusaur|87/100 brn|[from] brn\n|upkeep\n|\n|t:|1788341256\n|switch|p2b: Gholdengo|Gholdengo, L50|100/100\n|turn|3\n|\n|t:|1788341270\n|move|p2a: Staraptor|Brave Bird|p1a: Pelipper\n|-damage|p1a: Pelipper|0 fnt\n|faint|p1a: Pelipper\n|-damage|p2a: Staraptor|86/100|[from] Recoil\n|move|p2b: Gholdengo|Nasty Plot|p2b: Gholdengo\n|-boost|p2b: Gholdengo|spa|2\n|move|p1b: Venusaur|Sleep Powder|p2a: Staraptor\n|-status|p2a: Staraptor|slp|[from] move: Sleep Powder\n|\n|-weather|RainDance|[upkeep]\n|-damage|p1b: Venusaur|81/100 brn|[from] brn\n|upkeep\n|\n|t:|1788341283\n|switch|p1a: Swampert|Swampert-Mega, L50, F|89/100\n|turn|4\n|\n|t:|1788341305\n|move|p1a: Swampert|Protect|p1a: Swampert\n|-singleturn|p1a: Swampert|Protect\n|cant|p2a: Staraptor|slp\n|move|p2b: Gholdengo|Shadow Ball|p1b: Venusaur\n|-damage|p1b: Venusaur|0 fnt\n|faint|p1b: Venusaur\n|\n|-weather|RainDance|[upkeep]\n|-sideend|p2: alexismydog|move: Tailwind\n|upkeep\n|\n|t:|1788341309\n|switch|p1b: Archaludon|Archaludon, L50, F|100/100\n|turn|5\n|\n|t:|1788341325\n|switch|p2a: Tyranitar|Tyranitar, L50, M|100/100\n|-weather|Sandstorm|[from] ability: Sand Stream|[of] p2a: Tyranitar\n|move|p2b: Gholdengo|Shadow Ball|p1a: Swampert\n|-damage|p1a: Swampert|4/100\n|move|p1a: Swampert|Wave Crash|p2b: Gholdengo\n|-damage|p2b: Gholdengo|17/100\n|-damage|p1a: Swampert|0 fnt|[from] Recoil\n|faint|p1a: Swampert\n|move|p1b: Archaludon|Electro Shot||[still]\n|-prepare|p1b: Archaludon|Electro Shot\n|-boost|p1b: Archaludon|spa|1\n|\n|-weather|Sandstorm|[upkeep]\n|upkeep\n|turn|6\n|-message|zenchaos forfeited.\n|\n|win|alexismydog\n|raw|zenchaos's rating: 1577 &rarr; <strong>1556</strong><br />(-21 for losing)\n|raw|alexismydog's rating: 1558 &rarr; <strong>1579</strong><br />(+21 for winning)\n|l|☆zenchaos\n|player|p1|\n","uploadtime":1788341341,"views":"1","formatid":"gen9championsvgc2026regmb","rating":1556,"private":0,"password":null}