{"id":"gen9championsvgc2026regmbbo3-2674205496","format":"[Gen 9 Champions] VGC 2026 Reg M-B (Bo3)","players":["JonnyNerd","kingsrowbajax"],"log":"|j|☆JonnyNerd\n|j|☆kingsrowbajax\n|html|<table width=\"100%\"><tr><td align=\"left\">JonnyNerd</td><td align=\"right\">kingsrowbajax</tr><tr><td align=\"left\"><i class=\"fa fa-circle-o\"></i> <i class=\"fa fa-circle-o\"></i> </td><td align=\"right\"><i class=\"fa fa-circle-o\"></i> <i class=\"fa fa-circle\"></i> </tr></table>\n|uhtml|bestof|<h2><strong>Game 2</strong> of <a href=\"/game-bestof3-gen9championsvgc2026regmbbo3-2674203312\">a best-of-3</a></h2>\n|t:|1788315224\n|gametype|doubles\n|player|p1|JonnyNerd|waiter-gen4dp|1359\n|player|p2|kingsrowbajax|265|1246\n|gen|9\n|tier|[Gen 9 Champions] VGC 2026 Reg M-B (Bo3)\n|rated|\n|rule|Species Clause: Limit one of each Pokémon\n|rule|Item Clause: Limit 1 of each item\n|clearpoke\n|poke|p1|Mimikyu, L50, M, shiny|\n|poke|p1|Milotic, L50, F|\n|poke|p1|Tyranitar, L50, M|\n|poke|p1|Corviknight, L50, M, shiny|\n|poke|p1|Hydreigon, L50, F|\n|poke|p1|Venusaur, L50, F|\n|poke|p2|Blastoise, L50, M|\n|poke|p2|Delphox, L50, M|\n|poke|p2|Sinistcha, L50|\n|poke|p2|Kingambit, L50, M|\n|poke|p2|Sneasler, L50, M|\n|poke|p2|Incineroar, L50, F|\n|teampreview|4\n|showteam|p1|Mimikyu||LifeOrb|Disguise|ShadowClaw,Protect,ShadowSneak,PlayRough|Adamant||M|||50|]Milotic||SitrusBerry|Competitive|Recover,MuddyWater,Scald,IceBeam|Modest||F|||50|]Tyranitar||Tyranitarite|SandStream|Protect,RockSlide,KnockOff,LowKick|Adamant||M|||50|]Corviknight||OccaBerry|MirrorArmor|Tailwind,BulkUp,IronHead,BraveBird|Adamant||M|||50|]Hydreigon||ChoiceScarf|Levitate|Snarl,DarkPulse,DracoMeteor,EarthPower|Timid||F|||50|]Venusaur||Venusaurite|Chlorophyll|Protect,GigaDrain,SludgeBomb,EarthPower|Modest||F|||50|\n|showteam|p2|Blastoise||Blastoisinite|RainDish|WaterSpout,DarkPulse,ShellSmash,Protect|Modest||M|||50|]Delphox||Delphoxite|Blaze|HeatWave,Psychic,NastyPlot,Protect|Timid||M|||50|]Sinistcha||ColburBerry|Hospitality|MatchaGotcha,RagePowder,TrickRoom,Protect|Bold|||||50|]Kingambit||LifeOrb|Defiant|KowtowCleave,SuckerPunch,SwordsDance,Protect|Adamant||M|||50|]Sneasler||FocusSash|PoisonTouch|FakeOut,PoisonJab,CloseCombat,QuickGuard|Jolly||M|||50|]Incineroar||SitrusBerry|Intimidate|FakeOut,FlareBlitz,ThroatChop,PartingShot|Careful||F|||50|\n|\n|t:|1788315245\n|teamsize|p1|4\n|teamsize|p2|4\n|start\n|switch|p1a: Milotic|Milotic, L50, F|100/100\n|switch|p1b: Pikaboo|Mimikyu, L50, M, shiny|100/100\n|switch|p2a: Blastoise|Blastoise, L50, M|100/100\n|switch|p2b: Sneasler|Sneasler, L50, M|100/100\n|turn|1\n|\n|t:|1788315269\n|detailschange|p2a: Blastoise|Blastoise-Mega, L50, M\n|-mega|p2a: Blastoise|Blastoise|Blastoisinite\n|move|p2b: Sneasler|Fake Out|p1a: Milotic\n|-damage|p1a: Milotic|85/100\n|move|p2a: Blastoise|Shell Smash|p2a: Blastoise\n|-unboost|p2a: Blastoise|def|1\n|-unboost|p2a: Blastoise|spd|1\n|-boost|p2a: Blastoise|atk|2\n|-boost|p2a: Blastoise|spa|2\n|-boost|p2a: Blastoise|spe|2\n|move|p1b: Pikaboo|Shadow Claw|p2a: Blastoise\n|-damage|p2a: Blastoise|44/100\n|-damage|p1b: Pikaboo|90/100|[from] item: Life Orb\n|cant|p1a: Milotic|flinch\n|\n|upkeep\n|turn|2\n|\n|t:|1788315303\n|switch|p2b: Sinistcha|Sinistcha, L50|100/100\n|-heal|p2a: Blastoise|69/100|[from] ability: Hospitality|[of] p2b: Sinistcha\n|move|p2a: Blastoise|Protect|p2a: Blastoise\n|-singleturn|p2a: Blastoise|Protect\n|move|p1b: Pikaboo|Shadow Claw|p2b: Sinistcha\n|-supereffective|p2b: Sinistcha|1\n|-crit|p2b: Sinistcha\n|-damage|p2b: Sinistcha|6/100\n|-damage|p1b: Pikaboo|81/100|[from] item: Life Orb\n|move|p1a: Milotic|Muddy Water|p2a: Blastoise|[spread] p2b\n|-activate|p2a: Blastoise|move: Protect\n|-resisted|p2b: Sinistcha|1\n|-damage|p2b: Sinistcha|0 fnt\n|faint|p2b: Sinistcha\n|\n|upkeep\n|\n|t:|1788315317\n|switch|p2b: Sneasler|Sneasler, L50, M|100/100\n|turn|3\n|\n|t:|1788315340\n|move|p1b: Pikaboo|Shadow Sneak|p2a: Blastoise\n|-damage|p2a: Blastoise|38/100\n|-damage|p1b: Pikaboo|71/100|[from] item: Life Orb\n|move|p2a: Blastoise|Dark Pulse|p1a: Milotic\n|-damage|p1a: Milotic|27/100\n|-enditem|p1a: Milotic|Sitrus Berry|[eat]\n|-heal|p1a: Milotic|51/100|[from] item: Sitrus Berry\n|move|p2b: Sneasler|Poison Jab|p1b: Pikaboo\n|-activate|p1b: Pikaboo|ability: Disguise\n|-damage|p1b: Pikaboo|71/100\n|-status|p1b: Pikaboo|psn|[from] ability: Poison Touch|[of] p2b: Sneasler\n|detailschange|p1b: Pikaboo|Mimikyu-Busted, L50, M, shiny\n|-damage|p1b: Pikaboo|59/100 psn|[from] pokemon: Mimikyu-Busted\n|move|p1a: Milotic|Muddy Water|p2a: Blastoise|[spread] p2b\n|-miss|p1a: Milotic|p2a: Blastoise\n|-damage|p2b: Sneasler|61/100\n|-unboost|p2b: Sneasler|accuracy|1\n|\n|-damage|p1b: Pikaboo|47/100 psn|[from] psn\n|upkeep\n|turn|4\n|\n|t:|1788315376\n|move|p1b: Pikaboo|Protect|p1b: Pikaboo\n|-singleturn|p1b: Pikaboo|Protect\n|move|p2a: Blastoise|Dark Pulse|p1b: Pikaboo\n|-activate|p1b: Pikaboo|move: Protect\n|move|p2b: Sneasler|Poison Jab|p1a: Milotic|[miss]\n|-miss|p2b: Sneasler|p1a: Milotic\n|move|p1a: Milotic|Recover|p1a: Milotic\n|-heal|p1a: Milotic|100/100\n|\n|-damage|p1b: Pikaboo|35/100 psn|[from] psn\n|upkeep\n|turn|5\n|\n|t:|1788315389\n|move|p1b: Pikaboo|Shadow Sneak|p2a: Blastoise\n|-damage|p2a: Blastoise|7/100\n|-damage|p1b: Pikaboo|26/100 psn|[from] item: Life Orb\n|move|p2a: Blastoise|Dark Pulse|p1a: Milotic\n|-damage|p1a: Milotic|42/100\n|move|p2b: Sneasler|Poison Jab|p1a: Milotic\n|-damage|p1a: Milotic|0 fnt\n|faint|p1a: Milotic\n|\n|-damage|p1b: Pikaboo|14/100 psn|[from] psn\n|upkeep\n|\n|t:|1788315400\n|switch|p1a: Hydreigon|Hydreigon, L50, F|100/100\n|turn|6\n|\n|t:|1788315427\n|move|p2a: Blastoise|Protect|p2a: Blastoise\n|-singleturn|p2a: Blastoise|Protect\n|move|p1b: Pikaboo|Shadow Sneak|p2a: Blastoise\n|-activate|p2a: Blastoise|move: Protect\n|move|p1a: Hydreigon|Earth Power|p2b: Sneasler\n|-supereffective|p2b: Sneasler|1\n|-damage|p2b: Sneasler|0 fnt\n|faint|p2b: Sneasler\n|\n|-damage|p1b: Pikaboo|2/100 psn|[from] psn\n|upkeep\n|\n|t:|1788315437\n|switch|p2b: Incineroar|Incineroar, L50, F|100/100\n|-ability|p2b: Incineroar|Intimidate|boost\n|-unboost|p1a: Hydreigon|atk|1\n|-unboost|p1b: Pikaboo|atk|1\n|turn|7\n|\n|t:|1788315457\n|move|p2a: Blastoise|Protect|p2a: Blastoise\n|-singleturn|p2a: Blastoise|Protect\n|move|p1b: Pikaboo|Shadow Sneak|p2a: Blastoise\n|-activate|p2a: Blastoise|move: Protect\n|move|p1a: Hydreigon|Earth Power|p2b: Incineroar\n|-supereffective|p2b: Incineroar|1\n|-damage|p2b: Incineroar|49/100\n|-enditem|p2b: Incineroar|Sitrus Berry|[eat]\n|-heal|p2b: Incineroar|74/100|[from] item: Sitrus Berry\n|move|p2b: Incineroar|Flare Blitz|p1a: Hydreigon\n|-resisted|p1a: Hydreigon|1\n|-damage|p1a: Hydreigon|72/100\n|-damage|p2b: Incineroar|66/100|[from] Recoil\n|\n|-damage|p1b: Pikaboo|0 fnt|[from] psn\n|faint|p1b: Pikaboo\n|upkeep\n|\n|t:|1788315467\n|switch|p1b: Tyranitar|Tyranitar, L50, M|100/100\n|-weather|Sandstorm|[from] ability: Sand Stream|[of] p1b: Tyranitar\n|turn|8\n|\n|t:|1788315482\n|detailschange|p1b: Tyranitar|Tyranitar-Mega, L50, M\n|-mega|p1b: Tyranitar|Tyranitar|Tyranitarite\n|move|p2a: Blastoise|Dark Pulse|p1a: Hydreigon\n|-resisted|p1a: Hydreigon|1\n|-damage|p1a: Hydreigon|21/100\n|move|p1a: Hydreigon|Earth Power|p2a: Blastoise\n|-damage|p2a: Blastoise|0 fnt\n|faint|p2a: Blastoise\n|move|p1b: Tyranitar|Rock Slide|p2b: Incineroar|[miss]\n|-miss|p1b: Tyranitar|p2b: Incineroar\n|move|p2b: Incineroar|Flare Blitz|p1a: Hydreigon\n|-resisted|p1a: Hydreigon|1\n|-damage|p1a: Hydreigon|0 fnt\n|faint|p1a: Hydreigon\n|-damage|p2b: Incineroar|60/100|[from] Recoil\n|\n|-weather|Sandstorm|[upkeep]\n|-damage|p2b: Incineroar|54/100|[from] Sandstorm\n|upkeep\n|turn|9\n|\n|t:|1788315504\n|move|p1b: Tyranitar|Rock Slide|p2b: Incineroar\n|-supereffective|p2b: Incineroar|1\n|-damage|p2b: Incineroar|0 fnt\n|faint|p2b: Incineroar\n|\n|win|JonnyNerd\n","uploadtime":1788315504,"views":"0","formatid":"gen9championsvgc2026regmbbo3","rating":null,"private":0,"password":null}