{"id":"gen9championsvgc2026regmb-2673955298","format":"[Gen 9 Champions] VGC 2026 Reg M-B","players":["lecher0","wonky11111111"],"log":"|j|☆lecher0\n|j|☆wonky11111111\n|t:|1788281445\n|gametype|doubles\n|player|p1|lecher0|interviewers|1327\n|player|p2|wonky11111111|boarder|1395\n|gen|9\n|tier|[Gen 9 Champions] VGC 2026 Reg M-B\n|rated|\n|rule|Species Clause: Limit one of each Pokémon\n|rule|Item Clause: Limit 1 of each item\n|clearpoke\n|poke|p1|Charizard, L50, M|\n|poke|p1|Pelipper, L50, M|\n|poke|p1|Archaludon, L50, M|\n|poke|p1|Venusaur, L50, F|\n|poke|p1|Swampert, L50, F|\n|poke|p1|Grimmsnarl, L50, M|\n|poke|p2|Dragonite, L50, M|\n|poke|p2|Froslass, L50, F|\n|poke|p2|Sneasler, L50, F|\n|poke|p2|Basculegion, L50, M|\n|poke|p2|Kingambit, L50, M|\n|poke|p2|Garchomp, L50, F|\n|teampreview|4\n|inactive|Battle timer is ON: inactive players will automatically lose when time's up. (requested by lecher0)\n|inactive|wonky11111111 also wants the timer to be on.\n|\n|t:|1788281473\n|teamsize|p1|4\n|teamsize|p2|4\n|start\n|switch|p1a: Grimmsnarl|Grimmsnarl, L50, M|100/100\n|switch|p1b: Charizard|Charizard, L50, M|100/100\n|switch|p2a: Sneasler|Sneasler, L50, F|100/100\n|switch|p2b: Dragonite|Dragonite, L50, M|100/100\n|turn|1\n|inactive|lecher0 has 30 seconds left.\n|\n|t:|1788281504\n|detailschange|p2b: Dragonite|Dragonite-Mega, L50, M\n|-mega|p2b: Dragonite|Dragonite|Dragoninite\n|detailschange|p1b: Charizard|Charizard-Mega-Y, L50, M\n|-mega|p1b: Charizard|Charizard|Charizardite Y\n|-weather|SunnyDay|[from] ability: Drought|[of] p1b: Charizard\n|move|p1b: Charizard|Protect|p1b: Charizard\n|-singleturn|p1b: Charizard|Protect\n|move|p2a: Sneasler|Fake Out|p1a: Grimmsnarl\n|-damage|p1a: Grimmsnarl|84/100\n|move|p2b: Dragonite|Tailwind|p2b: Dragonite\n|-sidestart|p2: wonky11111111|move: Tailwind\n|cant|p1a: Grimmsnarl|flinch\n|\n|-weather|SunnyDay|[upkeep]\n|upkeep\n|turn|2\n|inactive|lecher0 has 30 seconds left.\n|\n|t:|1788281532\n|move|p1a: Grimmsnarl|Parting Shot|p2b: Dragonite\n|-unboost|p2b: Dragonite|atk|1\n|-unboost|p2b: Dragonite|spa|1\n|\n|t:|1788281536\n|switch|p1a: Pelipper|Pelipper, L50, M|100/100|[from] Parting Shot\n|-weather|RainDance|[from] ability: Drizzle|[of] p1a: Pelipper\n|move|p2a: Sneasler|Dire Claw|p1a: Pelipper\n|-damage|p1a: Pelipper|58/100\n|-status|p1a: Pelipper|psn\n|move|p2b: Dragonite|Dragon Pulse|p1b: Charizard\n|-damage|p1b: Charizard|71/100\n|move|p1b: Charizard|Heat Wave|p2b: Dragonite|[spread] p2a,p2b\n|-resisted|p2b: Dragonite|1\n|-damage|p2a: Sneasler|74/100\n|-damage|p2b: Dragonite|95/100\n|\n|-weather|RainDance|[upkeep]\n|-damage|p1a: Pelipper|46/100 psn|[from] psn\n|upkeep\n|-enditem|p1a: Pelipper|Sitrus Berry|[eat]\n|-heal|p1a: Pelipper|71/100 psn|[from] item: Sitrus Berry\n|turn|3\n|inactive|lecher0 has 30 seconds left.\n|inactive|wonky11111111 has 30 seconds left.\n|inactive|wonky11111111 has 20 seconds left.\n|inactive|wonky11111111 has 15 seconds left.\n|inactive|wonky11111111 has 10 seconds left.\n|inactive|wonky11111111 has 5 seconds left.\n|\n|t:|1788281591\n|move|p1b: Charizard|Protect|p1b: Charizard\n|-singleturn|p1b: Charizard|Protect\n|move|p2a: Sneasler|Close Combat|p1b: Charizard\n|-activate|p1b: Charizard|move: Protect\n|move|p2b: Dragonite|Dragon Pulse|p1b: Charizard\n|-activate|p1b: Charizard|move: Protect\n|move|p1a: Pelipper|Tailwind|p1a: Pelipper\n|-sidestart|p1: lecher0|move: Tailwind\n|\n|-weather|RainDance|[upkeep]\n|-damage|p1a: Pelipper|59/100 psn|[from] psn\n|upkeep\n|turn|4\n|inactive|lecher0 has 30 seconds left.\n|\n|t:|1788281616\n|switch|p1b: Grimmsnarl|Grimmsnarl, L50, M|84/100\n|move|p2a: Sneasler|Dire Claw|p1b: Grimmsnarl\n|-supereffective|p1b: Grimmsnarl|1\n|-damage|p1b: Grimmsnarl|4/100\n|move|p2b: Dragonite|Dragon Pulse|p1b: Grimmsnarl\n|-immune|p1b: Grimmsnarl\n|move|p1a: Pelipper|Hurricane|p2a: Sneasler\n|-supereffective|p2a: Sneasler|1\n|-damage|p2a: Sneasler|0 fnt\n|faint|p2a: Sneasler\n|\n|-weather|RainDance|[upkeep]\n|-damage|p1a: Pelipper|46/100 psn|[from] psn\n|-sideend|p2: wonky11111111|move: Tailwind\n|upkeep\n|\n|t:|1788281630\n|switch|p2a: Garchomp|Garchomp, L50, F|100/100\n|turn|5\n|inactive|lecher0 has 30 seconds left.\n|inactive|wonky11111111 has 30 seconds left.\n|\n|t:|1788281656\n|move|p2b: Dragonite|Protect|p2b: Dragonite\n|-singleturn|p2b: Dragonite|Protect\n|move|p1a: Pelipper|Wide Guard|p1a: Pelipper\n|-singleturn|p1a: Pelipper|Wide Guard\n|move|p1b: Grimmsnarl|Parting Shot|p2a: Garchomp\n|-unboost|p2a: Garchomp|atk|1\n|-unboost|p2a: Garchomp|spa|1\n|\n|t:|1788281671\n|switch|p1b: Venusaur|Venusaur, L50, F|100/100|[from] Parting Shot\n|move|p2a: Garchomp|Rock Slide|p1a: Pelipper|[spread] \n|-activate|p1a: Pelipper|move: Wide Guard\n|-activate|p1b: Venusaur|move: Wide Guard\n|\n|-weather|RainDance|[upkeep]\n|-damage|p1a: Pelipper|34/100 psn|[from] psn\n|upkeep\n|turn|6\n|inactive|wonky11111111 has 30 seconds left.\n|\n|t:|1788281706\n|move|p1b: Venusaur|Leaf Storm|p2a: Garchomp\n|-damage|p2a: Garchomp|22/100\n|-unboost|p1b: Venusaur|spa|2\n|-damage|p1b: Venusaur|90/100|[from] item: Life Orb\n|move|p1a: Pelipper|Hurricane|p2a: Garchomp\n|-damage|p2a: Garchomp|0 fnt\n|faint|p2a: Garchomp\n|move|p2b: Dragonite|Dragon Pulse|p1a: Pelipper\n|-damage|p1a: Pelipper|0 fnt\n|faint|p1a: Pelipper\n|\n|-weather|none\n|-sideend|p1: lecher0|move: Tailwind\n|upkeep\n|\n|t:|1788281728\n|switch|p2a: Basculegion|Basculegion, L50, M|100/100\n|switch|p1a: Grimmsnarl|Grimmsnarl, L50, M|4/100\n|turn|7\n|\n|t:|1788281747\n|move|p1b: Venusaur|Protect|p1b: Venusaur\n|-singleturn|p1b: Venusaur|Protect\n|move|p2a: Basculegion|Aqua Jet|p1a: Grimmsnarl\n|-damage|p1a: Grimmsnarl|0 fnt\n|faint|p1a: Grimmsnarl\n|move|p2b: Dragonite|Dragon Pulse|p1b: Venusaur\n|-activate|p1b: Venusaur|move: Protect\n|\n|upkeep\n|\n|t:|1788281757\n|switch|p1a: Charizard|Charizard-Mega-Y, L50, M|71/100\n|-weather|SunnyDay|[from] ability: Drought|[of] p1a: Charizard\n|turn|8\n|\n|t:|1788281779\n|move|p2a: Basculegion|Protect|p2a: Basculegion\n|-singleturn|p2a: Basculegion|Protect\n|move|p1b: Venusaur|Sludge Bomb|p2b: Dragonite\n|-damage|p2b: Dragonite|69/100\n|-status|p2b: Dragonite|psn\n|-damage|p1b: Venusaur|80/100|[from] item: Life Orb\n|move|p2b: Dragonite|Tailwind|p2b: Dragonite\n|-sidestart|p2: wonky11111111|move: Tailwind\n|move|p1a: Charizard|Solar Beam||[still]\n|-prepare|p1a: Charizard|Solar Beam\n|-anim|p1a: Charizard|Solar Beam|p2a: Basculegion\n|-activate|p2a: Basculegion|move: Protect\n|\n|-weather|SunnyDay|[upkeep]\n|-damage|p2b: Dragonite|57/100 psn|[from] psn\n|upkeep\n|turn|9\n|\n|t:|1788281804\n|move|p1a: Charizard|Protect|p1a: Charizard\n|-singleturn|p1a: Charizard|Protect\n|move|p2b: Dragonite|Heat Wave|p1b: Venusaur|[spread] p1b\n|-activate|p1a: Charizard|move: Protect\n|-supereffective|p1b: Venusaur|1\n|-damage|p1b: Venusaur|21/100\n|move|p2a: Basculegion|Last Respects|p1a: Charizard\n|-activate|p1a: Charizard|move: Protect\n|move|p1b: Venusaur|Leaf Storm|p2a: Basculegion\n|-supereffective|p2a: Basculegion|1\n|-damage|p2a: Basculegion|1/100\n|-unboost|p1b: Venusaur|spa|2\n|-enditem|p2a: Basculegion|Sitrus Berry|[eat]\n|-heal|p2a: Basculegion|25/100|[from] item: Sitrus Berry\n|-damage|p1b: Venusaur|12/100|[from] item: Life Orb\n|\n|-weather|SunnyDay|[upkeep]\n|-damage|p2b: Dragonite|44/100 psn|[from] psn\n|upkeep\n|turn|10\n|inactive|lecher0 has 30 seconds left.\n|inactive|wonky11111111 has 30 seconds left.\n|\n|t:|1788281836\n|move|p1b: Venusaur|Protect|p1b: Venusaur\n|-singleturn|p1b: Venusaur|Protect\n|move|p1a: Charizard|Protect|p1a: Charizard\n|-singleturn|p1a: Charizard|Protect\n|move|p2b: Dragonite|Dragon Pulse|p1b: Venusaur\n|-activate|p1b: Venusaur|move: Protect\n|move|p2a: Basculegion|Last Respects|p1a: Charizard\n|-activate|p1a: Charizard|move: Protect\n|\n|-weather|SunnyDay|[upkeep]\n|-damage|p2b: Dragonite|32/100 psn|[from] psn\n|upkeep\n|turn|11\n|\n|t:|1788281856\n|move|p2b: Dragonite|Dragon Pulse|p1b: Venusaur\n|-crit|p1b: Venusaur\n|-damage|p1b: Venusaur|0 fnt\n|faint|p1b: Venusaur\n|move|p2a: Basculegion|Last Respects|p1a: Charizard\n|-damage|p1a: Charizard|0 fnt\n|faint|p1a: Charizard\n|\n|win|wonky11111111\n|raw|lecher0's rating: 1327 &rarr; <strong>1311</strong><br />(-16 for losing)\n|raw|wonky11111111's rating: 1395 &rarr; <strong>1411</strong><br />(+16 for winning)\n","uploadtime":1788281904,"views":"0","formatid":"gen9championsvgc2026regmb","rating":1311,"private":0,"password":null}