{"id":"gen9championsvgc2026regmb-2674696012","format":"[Gen 9 Champions] VGC 2026 Reg M-B","players":["randomtieflinggirl","JoseFigueiras"],"log":"|j|☆randomtieflinggirl\n|j|☆JoseFigueiras\n|t:|1788391938\n|gametype|doubles\n|player|p1|randomtieflinggirl|170|1187\n|player|p2|JoseFigueiras|266|1125\n|gen|9\n|tier|[Gen 9 Champions] VGC 2026 Reg M-B\n|rated|\n|rule|Species Clause: Limit one of each Pokémon\n|rule|Item Clause: Limit 1 of each item\n|clearpoke\n|poke|p1|Lycanroc-Dusk, L50, M|\n|poke|p1|Froslass, L50, F|\n|poke|p1|Scovillain, L50, M|\n|poke|p1|Basculegion, L50, M|\n|poke|p1|Kingambit, L50, M|\n|poke|p1|Sneasler, L50, F|\n|poke|p2|Gardevoir, L50, M|\n|poke|p2|Maushold-Four, L50|\n|poke|p2|Grimmsnarl, L50, M|\n|poke|p2|Garchomp, L50, F|\n|poke|p2|Kingambit, L50, M|\n|poke|p2|Talonflame, L50, F|\n|teampreview|4\nrandomtieflinggirl has agreed to open team sheets.\n|inactive|Battle timer is ON: inactive players will automatically lose when time's up. (requested by JoseFigueiras)\n|\n|t:|1788391976\n|teamsize|p1|4\n|teamsize|p2|4\n|start\n|switch|p1a: Lycanroc|Lycanroc-Dusk, L50, M|100/100\n|switch|p1b: Sneasler|Sneasler, L50, F|100/100\n|switch|p2a: Talonflame|Talonflame, L50, F|100/100\n|switch|p2b: Garchomp|Garchomp, L50, F|100/100\n|turn|1\n|\n|t:|1788391990\n|move|p1b: Sneasler|Fake Out|p2a: Talonflame\n|-damage|p2a: Talonflame|80/100\n|move|p2b: Garchomp|Earthquake|p1b: Sneasler|[spread] p1a,p1b\n|-immune|p2a: Talonflame\n|-supereffective|p1a: Lycanroc|1\n|-supereffective|p1b: Sneasler|1\n|-enditem|p1a: Lycanroc|Focus Sash\n|-damage|p1a: Lycanroc|1/100\n|-damage|p1b: Sneasler|15/100\n|cant|p2a: Talonflame|flinch\n|move|p1a: Lycanroc|Rock Slide|p2b: Garchomp|[spread] p2a,p2b\n|-supereffective|p2a: Talonflame|2\n|-resisted|p2b: Garchomp|1\n|-damage|p2a: Talonflame|0 fnt\n|-damage|p2b: Garchomp|84/100\n|faint|p2a: Talonflame\n|\n|upkeep\n|\n|t:|1788392005\n|switch|p2a: Gardevoir|Gardevoir, L50, M|100/100\n|turn|2\n|\n|t:|1788392012\n|move|p1b: Sneasler|Protect|p1b: Sneasler\n|-singleturn|p1b: Sneasler|Protect\n|move|p1a: Lycanroc|Accelerock|p2a: Gardevoir\n|-damage|p2a: Gardevoir|51/100\n|move|p2a: Gardevoir|Vacuum Wave|p1a: Lycanroc\n|-supereffective|p1a: Lycanroc|1\n|-damage|p1a: Lycanroc|0 fnt\n|faint|p1a: Lycanroc\n|move|p2b: Garchomp|Earthquake|p1b: Sneasler|[spread] \n|-activate|p1b: Sneasler|move: Protect\n|-activate|p2a: Gardevoir|ability: Telepathy\n|\n|upkeep\n|\n|t:|1788392024\n|switch|p1a: Froslass|Froslass, L50, F|100/100\n|turn|3\n|\n|t:|1788392038\n|switch|p2b: Kingambit|Kingambit, L50, M|100/100\n|detailschange|p1a: Froslass|Froslass-Mega, L50, F\n|-mega|p1a: Froslass|Froslass|Froslassite\n|-weather|Snowscape|[from] ability: Snow Warning|[of] p1a: Froslass\n|detailschange|p2a: Gardevoir|Gardevoir-Mega, L50, M\n|-mega|p2a: Gardevoir|Gardevoir|Gardevoirite\n|move|p2a: Gardevoir|Hyper Voice|p1a: Froslass|[spread] p1a,p1b\n|-damage|p1a: Froslass|42/100\n|-damage|p1b: Sneasler|0 fnt\n|faint|p1b: Sneasler\n|move|p1a: Froslass|Blizzard|p2b: Kingambit|[spread] p2a,p2b\n|-resisted|p2b: Kingambit|1\n|-damage|p2a: Gardevoir|4/100\n|-damage|p2b: Kingambit|72/100\n|\n|-weather|Snowscape|[upkeep]\n|upkeep\n|\n|t:|1788392052\n|switch|p1b: Kingambit|Kingambit, L50, M|100/100\n|turn|4\n|\n|t:|1788392058\n|move|p1a: Froslass|Protect|p1a: Froslass\n|-singleturn|p1a: Froslass|Protect\n|move|p2a: Gardevoir|Vacuum Wave|p1b: Kingambit\n|-supereffective|p1b: Kingambit|2\n|-damage|p1b: Kingambit|34/100\n|move|p2b: Kingambit|Sucker Punch||[still]\n|-fail|p2b: Kingambit\n|move|p1b: Kingambit|Sucker Punch||[still]\n|-fail|p1b: Kingambit\n|\n|-weather|Snowscape|[upkeep]\n|upkeep\n|turn|5\n|\n|t:|1788392072\n|move|p1b: Kingambit|Protect|p1b: Kingambit\n|-singleturn|p1b: Kingambit|Protect\n|move|p2a: Gardevoir|Vacuum Wave|p1b: Kingambit\n|-activate|p1b: Kingambit|move: Protect\n|move|p2b: Kingambit|Sucker Punch|p1a: Froslass\n|-supereffective|p1a: Froslass|1\n|-damage|p1a: Froslass|0 fnt\n|faint|p1a: Froslass\n|\n|-weather|Snowscape|[upkeep]\n|upkeep\n|turn|6\n|\n|t:|1788392086\n|move|p2a: Gardevoir|Vacuum Wave|p1b: Kingambit\n|-supereffective|p1b: Kingambit|2\n|-crit|p1b: Kingambit\n|-damage|p1b: Kingambit|0 fnt\n|faint|p1b: Kingambit\n|\n|win|JoseFigueiras\n|raw|randomtieflinggirl's rating: 1187 &rarr; <strong>1158</strong><br />(-29 for losing)\n|raw|JoseFigueiras's rating: 1125 &rarr; <strong>1154</strong><br />(+29 for winning)\n|c|☆randomtieflinggirl|gg\n","uploadtime":1788392094,"views":"1","formatid":"gen9championsvgc2026regmb","rating":1154,"private":0,"password":null}