{"id":"gen9championsvgc2026regmbbo3-2673551727","format":"[Gen 9 Champions] VGC 2026 Reg M-B (Bo3)","players":["lux raymundi","TradersJoe"],"log":"|j|☆lux raymundi\n|j|☆TradersJoe\n|html|<table width=\"100%\"><tr><td align=\"left\">lux raymundi</td><td align=\"right\">TradersJoe</tr><tr><td align=\"left\"><i class=\"fa fa-circle-o\"></i> <i class=\"fa fa-circle-o\"></i> </td><td align=\"right\"><i class=\"fa fa-circle-o\"></i> <i class=\"fa fa-circle-o\"></i> </tr></table>\n|uhtml|bestof|<h2><strong>Game 1</strong> of <a href=\"/game-bestof3-gen9championsvgc2026regmbbo3-2673551726\">a best-of-3</a></h2>\n|t:|1788212051\n|gametype|doubles\n|player|p1|lux raymundi|265|1406\n|player|p2|TradersJoe|1|1433\n|gen|9\n|tier|[Gen 9 Champions] VGC 2026 Reg M-B (Bo3)\n|rated|\n|rule|Species Clause: Limit one of each Pokémon\n|rule|Item Clause: Limit 1 of each item\n|clearpoke\n|poke|p1|Staraptor, L50, F|\n|poke|p1|Arcanine-Hisui, L50, M|\n|poke|p1|Kingambit, L50, M|\n|poke|p1|Raichu, L50, M|\n|poke|p1|Farigiraf, L50, F|\n|poke|p1|Sylveon, L50, F|\n|poke|p2|Dragonite, L50, M|\n|poke|p2|Venusaur, L50, M|\n|poke|p2|Torkoal, L50, M|\n|poke|p2|Incineroar, L50, F|\n|poke|p2|Starmie, L50, shiny|\n|poke|p2|Kingambit, L50, M|\n|teampreview|4\n|showteam|p1|Staraptor||Staraptite|Intimidate|BraveBird,CloseCombat,Tailwind,Protect|Jolly||F|||50|]Arcanine-Hisui||FocusSash|RockHead|FlareBlitz,HeadSmash,ExtremeSpeed,Protect|Jolly||M|||50|]Kingambit||LifeOrb|Defiant|KowtowCleave,SuckerPunch,SwordsDance,Protect|Adamant||M|||50|]Raichu||RaichuniteY|LightningRod|ZapCannon,FocusBlast,FakeOut,Protect|Timid||M|||50|]Farigiraf||SitrusBerry|ArmorTail|TwinBeam,HelpingHand,TrickRoom,Protect|Calm||F|||50|]Sylveon||FairyFeather|Pixilate|HyperVoice,HyperBeam,QuickAttack,Detect|Modest||F|||50|\n|showteam|p2|Dragonite||Dragoninite|Multiscale|Protect,HeatWave,Thunderbolt,DragonPulse|Modest||M|||50|]Venusaur||LifeOrb|Chlorophyll|Protect,EarthPower,SludgeBomb,LeafStorm|Modest||M|||50|]Torkoal||Leftovers|Drought|Protect,HelpingHand,Yawn,WeatherBall|Sassy||M|||50|]Incineroar||SitrusBerry|Intimidate|FakeOut,HelpingHand,PartingShot,FlareBlitz|Careful||F|||50|]Starmie||Starminite|NaturalCure|Protect,AquaJet,IceSpinner,PsychoCut|Adamant|||||50|]Kingambit||FocusSash|Defiant|LowKick,SuckerPunch,KowtowCleave,IronHead|Adamant||M|||50|\n|j| Enclay\n|\n|t:|1788212082\n|teamsize|p1|4\n|teamsize|p2|4\n|start\n|switch|p1a: Kingambit|Kingambit, L50, M|100/100\n|switch|p1b: Arcanine|Arcanine-Hisui, L50, M|100/100\n|switch|p2a: Venusaur|Venusaur, L50, M|100/100\n|switch|p2b: Torkoal|Torkoal, L50, M|100/100\n|-weather|SunnyDay|[from] ability: Drought|[of] p2b: Torkoal\n|turn|1\n|inactive|Battle timer is ON: inactive players will automatically lose when time's up. (requested by TradersJoe)\n|\n|t:|1788212111\n|move|p2a: Venusaur|Protect|p2a: Venusaur\n|-singleturn|p2a: Venusaur|Protect\n|move|p1a: Kingambit|Protect|p1a: Kingambit\n|-singleturn|p1a: Kingambit|Protect\n|move|p1b: Arcanine|Flare Blitz|p2a: Venusaur\n|-activate|p2a: Venusaur|move: Protect\n|move|p2b: Torkoal|Yawn|p1b: Arcanine\n|-start|p1b: Arcanine|move: Yawn|[of] p2b: Torkoal\n|\n|-weather|SunnyDay|[upkeep]\n|upkeep\n|turn|2\n|\n|t:|1788212136\n|move|p2b: Torkoal|Helping Hand|p2a: Venusaur\n|-singleturn|p2a: Venusaur|Helping Hand|[of] p2b: Torkoal\n|move|p2a: Venusaur|Earth Power|p1a: Kingambit\n|-supereffective|p1a: Kingambit|1\n|-damage|p1a: Kingambit|0 fnt\n|faint|p1a: Kingambit\n|-damage|p2a: Venusaur|90/100|[from] item: Life Orb\n|move|p1b: Arcanine|Head Smash|p2b: Torkoal\n|-supereffective|p2b: Torkoal|1\n|-damage|p2b: Torkoal|0 fnt\n|faint|p2b: Torkoal\n|\n|-weather|SunnyDay|[upkeep]\n|-end|p1b: Arcanine|move: Yawn|[silent]\n|-status|p1b: Arcanine|slp\n|upkeep\n|\n|t:|1788212153\n|switch|p1a: Sylveon|Sylveon, L50, F|100/100\n|switch|p2b: Kingambit|Kingambit, L50, M|100/100\n|turn|3\n|\n|t:|1788212164\n|move|p1a: Sylveon|Detect|p1a: Sylveon\n|-singleturn|p1a: Sylveon|Protect\n|move|p2a: Venusaur|Earth Power|p1b: Arcanine\n|-supereffective|p1b: Arcanine|2\n|-enditem|p1b: Arcanine|Focus Sash\n|-damage|p1b: Arcanine|1/100 slp\n|-unboost|p1b: Arcanine|spd|1\n|-damage|p2a: Venusaur|80/100|[from] item: Life Orb\n|cant|p1b: Arcanine|slp\n|move|p2b: Kingambit|Iron Head|p1b: Arcanine\n|-crit|p1b: Arcanine\n|-damage|p1b: Arcanine|0 fnt\n|faint|p1b: Arcanine\n|\n|-weather|SunnyDay|[upkeep]\n|upkeep\n|\n|t:|1788212178\n|switch|p1b: Staraptor|Staraptor, L50, F|100/100\n|-ability|p1b: Staraptor|Intimidate|boost\n|-unboost|p2a: Venusaur|atk|1\n|-unboost|p2b: Kingambit|atk|1\n|-ability|p2b: Kingambit|Defiant|boost\n|-boost|p2b: Kingambit|atk|2\n|turn|4\n|\n|t:|1788212193\n|detailschange|p1b: Staraptor|Staraptor-Mega, L50, F\n|-mega|p1b: Staraptor|Staraptor|Staraptite\n|move|p1a: Sylveon|Quick Attack|p2b: Kingambit\n|-damage|p2b: Kingambit|89/100\n|move|p2a: Venusaur|Sludge Bomb|p1a: Sylveon\n|-supereffective|p1a: Sylveon|1\n|-damage|p1a: Sylveon|8/100\n|-damage|p2a: Venusaur|71/100|[from] item: Life Orb\n|move|p1b: Staraptor|Close Combat|p2b: Kingambit\n|-supereffective|p2b: Kingambit|2\n|-damage|p2b: Kingambit|0 fnt\n|-boost|p1b: Staraptor|def|1\n|-boost|p1b: Staraptor|spd|1\n|faint|p2b: Kingambit\n|\n|-weather|SunnyDay|[upkeep]\n|upkeep\n|l| Enclay\n|\n|t:|1788212201\n|switch|p2b: Starmie|Starmie, L50, shiny|100/100\n|turn|5\n|\n|t:|1788212219\n|detailschange|p2b: Starmie|Starmie-Mega, L50, shiny\n|-mega|p2b: Starmie|Starmie|Starminite\n|move|p1a: Sylveon|Quick Attack|p2b: Starmie\n|-damage|p2b: Starmie|86/100\n|move|p2a: Venusaur|Sludge Bomb|p1a: Sylveon\n|-supereffective|p1a: Sylveon|1\n|-damage|p1a: Sylveon|0 fnt\n|faint|p1a: Sylveon\n|-damage|p2a: Venusaur|61/100|[from] item: Life Orb\n|move|p1b: Staraptor|Brave Bird|p2b: Starmie\n|-damage|p2b: Starmie|16/100\n|-damage|p1b: Staraptor|80/100|[from] Recoil\n|move|p2b: Starmie|Psycho Cut|p1b: Staraptor\n|-supereffective|p1b: Staraptor|1\n|-damage|p1b: Staraptor|0 fnt\n|faint|p1b: Staraptor\n|\n|win|TradersJoe\n","uploadtime":1788212220,"views":"0","formatid":"gen9championsvgc2026regmbbo3","rating":null,"private":0,"password":null}