{"id":"gen9championsvgc2026regmbbo3-2673658234","format":"[Gen 9 Champions] VGC 2026 Reg M-B (Bo3)","players":["lukien_light","jsizzle15"],"log":"|j|☆lukien_light\n|j|☆jsizzle15\n|html|<table width=\"100%\"><tr><td align=\"left\">lukien_light</td><td align=\"right\">jsizzle15</tr><tr><td align=\"left\"><i class=\"fa fa-circle\"></i> <i class=\"fa fa-circle-o\"></i> </td><td align=\"right\"><i class=\"fa fa-circle-o\"></i> <i class=\"fa fa-circle-o\"></i> </tr></table>\n|uhtml|bestof|<h2><strong>Game 2</strong> of <a href=\"/game-bestof3-gen9championsvgc2026regmbbo3-2673656311\">a best-of-3</a></h2>\n|t:|1788228422\n|gametype|doubles\n|player|p1|lukien_light|102|\n|player|p2|jsizzle15|blue|\n|gen|9\n|tier|[Gen 9 Champions] VGC 2026 Reg M-B (Bo3)\n|rule|Species Clause: Limit one of each Pokémon\n|rule|Item Clause: Limit 1 of each item\n|clearpoke\n|poke|p1|Mimikyu, L50, F, shiny|\n|poke|p1|Gardevoir, L50, F, shiny|\n|poke|p1|Basculegion, L50, M|\n|poke|p1|Kingambit, L50, F|\n|poke|p1|Liepard, L50, F|\n|poke|p1|Kangaskhan, L50, F|\n|poke|p2|Sinistcha, L50|\n|poke|p2|Metagross, L50|\n|poke|p2|Excadrill, L50, F|\n|poke|p2|Talonflame, L50, F|\n|poke|p2|Blastoise, L50, M|\n|poke|p2|Qwilfish, L50, M, shiny|\n|teampreview|4\n|showteam|p1|Mimikyu||LifeOrb|Disguise|TrickRoom,PlayRough,ShadowClaw,DrainPunch|Brave||F|||50|]Gardevoir||Gardevoirite|Trace|HyperVoice,Psyshock,Protect,ShadowBall|Quiet||F|||50|]Basculegion||ChoiceScarf|Adaptability|LastRespects,AquaJet,WaveCrash,IceFang|Jolly||M|||50|]Kingambit||BlackGlasses|SupremeOverlord|StoneEdge,SuckerPunch,Protect,KowtowCleave|Brave||F|||50|]Liepard||FocusSash|Prankster|FakeOut,ThunderWave,Encore,Screech|Impish||F|||50|]Kangaskhan||Kangaskhanite|Scrappy|SuckerPunch,DoubleEdge,Protect,LowKick|Adamant||F|||50|\n|showteam|p2|Sinistcha||KasibBerry|Hospitality|MatchaGotcha,RagePowder,ShadowBall,Protect|Bold|||||50|]Metagross||LifeOrb|ClearBody|BulletPunch,HammerArm,Protect,PsychicFangs|Adamant|||||50|]Excadrill||Excadrite|MoldBreaker|Protect,SwordsDance,IronHead,Earthquake|Adamant||F|||50|]Talonflame||FocusSash|GaleWings|Tailwind,BraveBird,FlareBlitz,WillOWisp|Adamant||F|||50|]Blastoise||ExpertBelt|RainDish|FakeOut,AuraSphere,DarkPulse,FlashCannon|Modest||M|||50|]Qwilfish||SitrusBerry|Intimidate|FlipTurn,PoisonJab,Crunch,AquaJet|Impish||M|||50|\n|inactive|Battle timer is ON: inactive players will automatically lose when time's up. (requested by lukien_light)\n|inactive|lukien_light has 60 seconds left.\n|inactive|lukien_light has 30 seconds left.\n|\n|t:|1788228488\n|teamsize|p1|4\n|teamsize|p2|4\n|start\n|switch|p1a: Mimikyu|Mimikyu, L50, F, shiny|100/100\n|switch|p1b: Liepard|Liepard, L50, F|100/100\n|switch|p2a: Talonflame|Talonflame, L50, F|100/100\n|switch|p2b: Excadrill|Excadrill, L50, F|100/100\n|-ability|p2b: Excadrill|Mold Breaker\n|turn|1\n|inactive|jsizzle15 has 30 seconds left.\n|inactive|jsizzle15 has 20 seconds left.\n|\n|t:|1788228527\n|switch|p2a: Sinistcha|Sinistcha, L50|100/100\n|move|p2b: Excadrill|Protect|p2b: Excadrill\n|-singleturn|p2b: Excadrill|Protect\n|move|p1b: Liepard|Fake Out|p2b: Excadrill\n|-activate|p2b: Excadrill|move: Protect\n|move|p1a: Mimikyu|Trick Room|p1a: Mimikyu\n|-fieldstart|move: Trick Room|[of] p1a: Mimikyu\n|\n|upkeep\n|turn|2\n|inactive|jsizzle15 has 30 seconds left.\n|\n|t:|1788228562\n|move|p1b: Liepard|Encore|p2b: Excadrill\n|-start|p2b: Excadrill|Encore\n|move|p2b: Excadrill|Protect||[still]\n|-fail|p2b: Excadrill\n|move|p2a: Sinistcha|Matcha Gotcha|p1a: Mimikyu|[spread] p1b\n|-miss|p2a: Sinistcha|p1a: Mimikyu\n|-damage|p1b: Liepard|55/100\n|move|p1a: Mimikyu|Shadow Claw|p2a: Sinistcha\n|-supereffective|p2a: Sinistcha|1\n|-enditem|p2a: Sinistcha|Kasib Berry|[eat]\n|-enditem|p2a: Sinistcha|Kasib Berry|[weaken]\n|-damage|p2a: Sinistcha|70/100\n|-damage|p1a: Mimikyu|90/100|[from] item: Life Orb\n|\n|upkeep\n|turn|3\n|inactive|jsizzle15 has 30 seconds left.\n|\n|t:|1788228588\n|switch|p2b: Blastoise|Blastoise, L50, M|100/100\n|move|p1b: Liepard|Thunder Wave|p2a: Sinistcha\n|-status|p2a: Sinistcha|par\n|move|p2a: Sinistcha|Shadow Ball|p1a: Mimikyu\n|-activate|p1a: Mimikyu|ability: Disguise\n|-damage|p1a: Mimikyu|90/100\n|detailschange|p1a: Mimikyu|Mimikyu-Busted, L50, F, shiny\n|-damage|p1a: Mimikyu|77/100|[from] pokemon: Mimikyu-Busted\n|move|p1a: Mimikyu|Shadow Claw|p2a: Sinistcha\n|-supereffective|p2a: Sinistcha|1\n|-damage|p2a: Sinistcha|12/100 par\n|-damage|p1a: Mimikyu|67/100|[from] item: Life Orb\n|\n|upkeep\n|turn|4\n|inactive|lukien_light has 30 seconds left.\n|inactive|jsizzle15 has 30 seconds left.\n|\n|t:|1788228619\n|switch|p2a: Excadrill|Excadrill, L50, F|100/100\n|-ability|p2a: Excadrill|Mold Breaker\n|switch|p1a: Kingambit|Kingambit, L50, F|100/100\n|move|p1b: Liepard|Thunder Wave|p2b: Blastoise\n|-status|p2b: Blastoise|par\n|cant|p2b: Blastoise|par\n|\n|upkeep\n|turn|5\n|inactive|jsizzle15 has 30 seconds left.\n|\n|t:|1788228646\n|move|p1a: Kingambit|Protect|p1a: Kingambit\n|-singleturn|p1a: Kingambit|Protect\n|move|p2a: Excadrill|Protect|p2a: Excadrill\n|-singleturn|p2a: Excadrill|Protect\n|move|p1b: Liepard|Screech|p2a: Excadrill\n|-activate|p2a: Excadrill|move: Protect\n|move|p2b: Blastoise|Aura Sphere|p1b: Liepard\n|-supereffective|p1b: Liepard|1\n|-damage|p1b: Liepard|0 fnt\n|faint|p1b: Liepard\n|\n|-fieldend|move: Trick Room\n|upkeep\n|inactive|lukien_light has 30 seconds left.\n|\n|t:|1788228675\n|switch|p1b: Gardevoir|Gardevoir, L50, F, shiny|100/100\n|-ability|p1b: Gardevoir|Mold Breaker|Trace|[from] ability: Trace|[of] p2a: Excadrill\n|-ability|p1b: Gardevoir|Mold Breaker\n|turn|6\n|inactive|jsizzle15 has 30 seconds left.\n|inactive|jsizzle15 has 20 seconds left.\n|\n|t:|1788228711\n|detailschange|p2a: Excadrill|Excadrill-Mega, L50, F\n|-mega|p2a: Excadrill|Excadrill|Excadrite\n|detailschange|p1b: Gardevoir|Gardevoir-Mega, L50, F, shiny\n|-mega|p1b: Gardevoir|Gardevoir|Gardevoirite\n|move|p1b: Gardevoir|Protect|p1b: Gardevoir\n|-singleturn|p1b: Gardevoir|Protect\n|move|p2a: Excadrill|Swords Dance|p2a: Excadrill\n|-boost|p2a: Excadrill|atk|2\n|move|p1a: Kingambit|Kowtow Cleave|p2b: Blastoise\n|-damage|p2b: Blastoise|39/100 par\n|move|p2b: Blastoise|Aura Sphere|p1a: Kingambit\n|-supereffective|p1a: Kingambit|2\n|-damage|p1a: Kingambit|0 fnt\n|faint|p1a: Kingambit\n|-end|p1a: Kingambit|fallenundefined|[silent]\n|\n|upkeep\n|\n|t:|1788228723\n|switch|p1a: Mimikyu|Mimikyu-Busted, L50, F, shiny|67/100\n|turn|7\n|c|☆lukien_light|nice round\n|\n|t:|1788228736\n|move|p2a: Excadrill|Iron Head|p1b: Gardevoir\n|-supereffective|p1b: Gardevoir|1\n|-damage|p1b: Gardevoir|0 fnt\n|faint|p1b: Gardevoir\n|move|p1a: Mimikyu|Drain Punch|p2a: Excadrill\n|-supereffective|p2a: Excadrill|1\n|-damage|p2a: Excadrill|48/100\n|-heal|p1a: Mimikyu|97/100|[from] drain|[of] p2a: Excadrill\n|-damage|p1a: Mimikyu|87/100|[from] item: Life Orb\n|move|p2b: Blastoise|Flash Cannon|p1a: Mimikyu\n|-supereffective|p1a: Mimikyu|1\n|-damage|p1a: Mimikyu|27/100\n|\n|upkeep\n|turn|8\n|\n|t:|1788228752\n|move|p2a: Excadrill|Iron Head|p1a: Mimikyu\n|-supereffective|p1a: Mimikyu|1\n|-damage|p1a: Mimikyu|0 fnt\n|faint|p1a: Mimikyu\n|\n|win|jsizzle15\n||lukien_light is ready for game 3.\n||jsizzle15 is ready for game 3.\n|uhtml|next|Next: <a href=\"/battle-gen9championsvgc2026regmbbo3-2673660346\"><strong>Game 3 of 3</strong></a>\n|l|☆jsizzle15\n|player|p2|\n","uploadtime":1788229049,"views":"1","formatid":"gen9championsvgc2026regmbbo3","rating":null,"private":0,"password":null}