{"id":"gen9championsvgc2026regmb-2674757958","format":"[Gen 9 Champions] VGC 2026 Reg M-B","players":["LucarioSolosYou2","darkrai_mtr"],"log":"|j|☆LucarioSolosYou2\n|j|☆darkrai_mtr\n|t:|1788401530\n|gametype|doubles\n|player|p1|LucarioSolosYou2|102|\n|player|p2|darkrai_mtr|shauntal|\n|gen|9\n|tier|[Gen 9 Champions] VGC 2026 Reg M-B\n|rule|Species Clause: Limit one of each Pokémon\n|rule|Item Clause: Limit 1 of each item\n|clearpoke\n|poke|p1|Gallade, L50, M, shiny|\n|poke|p1|Maushold-Four, L50|\n|poke|p1|Basculegion, L50, M, shiny|\n|poke|p1|Ditto, L50, shiny|\n|poke|p1|Dragonite, L50, M, shiny|\n|poke|p1|Incineroar, L50, M|\n|poke|p2|Absol, L50, F|\n|poke|p2|Maushold-Four, L50|\n|poke|p2|Gallade, L50, M, shiny|\n|poke|p2|Gholdengo, L50|\n|poke|p2|Rotom-Wash, L50|\n|poke|p2|Scovillain, L50, M|\n|teampreview|4\n|\n|t:|1788401566\n|teamsize|p1|4\n|teamsize|p2|4\n|start\n|switch|p1a: Denied|Gallade, L50, M, shiny|100/100\n|switch|p1b: Mickey Mouse|Maushold-Four, L50|100/100\n|switch|p2a: WhiteKnight|Gallade, L50, M, shiny|100/100\n|switch|p2b: Jerry|Maushold-Four, L50|100/100\n|turn|1\n|\n|t:|1788401587\n|move|p2a: WhiteKnight|Zen Headbutt|p1a: Denied\n|-crit|p1a: Denied\n|-damage|p1a: Denied|25/100\n|move|p1b: Mickey Mouse|Beat Up|p1a: Denied\n|-damage|p1a: Denied|20/100y\n|-ability|p1a: Denied|Justified|boost\n|-boost|p1a: Denied|atk|1\n|-damage|p1a: Denied|18/100\n|-ability|p1a: Denied|Justified|boost\n|-boost|p1a: Denied|atk|1\n|-damage|p1a: Denied|15/100\n|-ability|p1a: Denied|Justified|boost\n|-boost|p1a: Denied|atk|1\n|-damage|p1a: Denied|11/100\n|-ability|p1a: Denied|Justified|boost\n|-boost|p1a: Denied|atk|1\n|-hitcount|p1a: Denied|4\n|move|p2b: Jerry|Beat Up|p2a: WhiteKnight\n|-damage|p2a: WhiteKnight|95/100\n|-ability|p2a: WhiteKnight|Justified|boost\n|-boost|p2a: WhiteKnight|atk|1\n|-damage|p2a: WhiteKnight|92/100\n|-ability|p2a: WhiteKnight|Justified|boost\n|-boost|p2a: WhiteKnight|atk|1\n|-damage|p2a: WhiteKnight|88/100\n|-ability|p2a: WhiteKnight|Justified|boost\n|-boost|p2a: WhiteKnight|atk|1\n|-damage|p2a: WhiteKnight|85/100\n|-ability|p2a: WhiteKnight|Justified|boost\n|-boost|p2a: WhiteKnight|atk|1\n|-hitcount|p2a: WhiteKnight|4\n|move|p1a: Denied|Sacred Sword|p2b: Jerry\n|-supereffective|p2b: Jerry|1\n|-damage|p2b: Jerry|0 fnt\n|faint|p2b: Jerry\n|\n|upkeep\n|\n|t:|1788401616\n|switch|p2b: VillianInUrDreams|Scovillain, L50, M|100/100\n|turn|2\n|\n|t:|1788401630\n|detailschange|p1a: Denied|Gallade-Mega, L50, M, shiny\n|-mega|p1a: Denied|Gallade|Galladite\n|detailschange|p2b: VillianInUrDreams|Scovillain-Mega, L50, M\n|-mega|p2b: VillianInUrDreams|Scovillain|Scovillainite\n|move|p1b: Mickey Mouse|Helping Hand|p1a: Denied\n|-singleturn|p1a: Denied|Helping Hand|[of] p1b: Mickey Mouse\n|move|p2b: VillianInUrDreams|Rage Powder|p2b: VillianInUrDreams\n|-singleturn|p2b: VillianInUrDreams|move: Rage Powder\n|move|p1a: Denied|Shadow Sneak|p2b: VillianInUrDreams\n|-damage|p2b: VillianInUrDreams|17/100\n|-status|p1a: Denied|brn|[from] ability: Spicy Spray|[of] p2b: VillianInUrDreams\n|move|p2a: WhiteKnight|Zen Headbutt|p1a: Denied\n|-damage|p1a: Denied|0 fnt\n|faint|p1a: Denied\n|\n|upkeep\n|\n|t:|1788401644\n|switch|p1a: Diddys disciple|Ditto, L50, shiny|100/100\n|-transform|p1a: Diddys disciple|p2b: VillianInUrDreams|[from] ability: Imposter\n|turn|3\n|\n|t:|1788401661\n|move|p1a: Diddys disciple|Rage Powder|p1a: Diddys disciple\n|-singleturn|p1a: Diddys disciple|move: Rage Powder\n|move|p2a: WhiteKnight|Zen Headbutt|p1a: Diddys disciple\n|-damage|p1a: Diddys disciple|0 fnt\n|-status|p2a: WhiteKnight|brn|[from] ability: Spicy Spray|[of] p1a: Diddys disciple\n|faint|p1a: Diddys disciple\n|move|p1b: Mickey Mouse|Encore|p2b: VillianInUrDreams\n|-start|p2b: VillianInUrDreams|Encore\n|move|p2b: VillianInUrDreams|Rage Powder|p2b: VillianInUrDreams\n|-singleturn|p2b: VillianInUrDreams|move: Rage Powder\n|\n|-damage|p2a: WhiteKnight|79/100 brn|[from] brn\n|upkeep\n|\n|t:|1788401670\n|switch|p1a: WolfyVgc|Incineroar, L50, M|100/100\n|-ability|p1a: WolfyVgc|Intimidate|boost\n|-unboost|p2a: WhiteKnight|atk|1\n|-unboost|p2b: VillianInUrDreams|atk|1\n|turn|4\n|\n|t:|1788401693\n|move|p1a: WolfyVgc|Fake Out|p2b: VillianInUrDreams\n|-damage|p2b: VillianInUrDreams|3/100\n|cant|p2b: VillianInUrDreams|flinch\n|move|p2a: WhiteKnight|Zen Headbutt|p1b: Mickey Mouse|[miss]\n|-miss|p2a: WhiteKnight|p1b: Mickey Mouse\n|move|p1b: Mickey Mouse|After You||[still]\n|-fail|p1b: Mickey Mouse\n|\n|-damage|p2a: WhiteKnight|73/100 brn|[from] brn\n|upkeep\n|turn|5\n|\n|t:|1788401722\n|move|p1b: Mickey Mouse|Helping Hand|p1a: WolfyVgc\n|-singleturn|p1a: WolfyVgc|Helping Hand|[of] p1b: Mickey Mouse\n|move|p2b: VillianInUrDreams|Rage Powder|p2b: VillianInUrDreams\n|-singleturn|p2b: VillianInUrDreams|move: Rage Powder\n|move|p2a: WhiteKnight|Zen Headbutt|p1b: Mickey Mouse\n|-damage|p1b: Mickey Mouse|38/100\n|move|p1a: WolfyVgc|Darkest Lariat|p2b: VillianInUrDreams\n|-damage|p2b: VillianInUrDreams|0 fnt\n|faint|p2b: VillianInUrDreams\n|\n|-damage|p2a: WhiteKnight|66/100 brn|[from] brn\n|upkeep\n|\n|t:|1788401735\n|switch|p2b: Washer|Rotom-Wash, L50|100/100\n|turn|6\n|\n|t:|1788401748\n|move|p2a: WhiteKnight|Zen Headbutt|p1b: Mickey Mouse\n|-damage|p1b: Mickey Mouse|0 fnt\n|faint|p1b: Mickey Mouse\n|move|p1a: WolfyVgc|Parting Shot|p2a: WhiteKnight\n|-unboost|p2a: WhiteKnight|atk|1\n|-unboost|p2a: WhiteKnight|spa|1\n|move|p2b: Washer|Trick|p1a: WolfyVgc\n|-activate|p2b: Washer|move: Trick|[of] p1a: WolfyVgc\n|-item|p1a: WolfyVgc|Iron Ball|[from] move: Trick\n|-item|p2b: Washer|Sitrus Berry|[from] move: Trick\n|\n|-damage|p2a: WhiteKnight|60/100 brn|[from] brn\n|upkeep\n|turn|7\n|\n|t:|1788401761\n|move|p2a: WhiteKnight|Zen Headbutt|p1a: WolfyVgc\n|-immune|p1a: WolfyVgc\n|move|p2b: Washer|Hydro Pump|p1a: WolfyVgc\n|-supereffective|p1a: WolfyVgc|1\n|-damage|p1a: WolfyVgc|18/100\n|move|p1a: WolfyVgc|Darkest Lariat|p2a: WhiteKnight\n|-damage|p2a: WhiteKnight|0 fnt\n|faint|p2a: WhiteKnight\n|\n|upkeep\n|turn|8\n|\n|t:|1788401779\n|move|p2b: Washer|Thunderbolt|p1a: WolfyVgc\n|-damage|p1a: WolfyVgc|0 fnt\n|faint|p1a: WolfyVgc\n|\n|win|darkrai_mtr\n|l|☆LucarioSolosYou2\n|player|p1|\n","uploadtime":1788401796,"views":"0","formatid":"gen9championsvgc2026regmb","rating":null,"private":0,"password":null}