{"id":"gen9championsvgc2026regmbbo3-2673384844","format":"[Gen 9 Champions] VGC 2026 Reg M-B (Bo3)","players":["humania1","zugga"],"log":"|j|☆humania1\n|j|☆zugga\n|html|<table width=\"100%\"><tr><td align=\"left\">humania1</td><td align=\"right\">zugga</tr><tr><td align=\"left\"><i class=\"fa fa-circle\"></i> <i class=\"fa fa-circle-o\"></i> </td><td align=\"right\"><i class=\"fa fa-circle-o\"></i> <i class=\"fa fa-circle\"></i> </tr></table>\n|uhtml|bestof|<h2><strong>Game 3</strong> of <a href=\"/game-bestof3-gen9championsvgc2026regmbbo3-2673381419\">a best-of-3</a></h2>\n|t:|1788191266\n|gametype|doubles\n|player|p1|humania1|170|1111\n|player|p2|zugga|169|1040\n|gen|9\n|tier|[Gen 9 Champions] VGC 2026 Reg M-B (Bo3)\n|rated|\n|rule|Species Clause: Limit one of each Pokémon\n|rule|Item Clause: Limit 1 of each item\n|clearpoke\n|poke|p1|Blastoise, L50, M|\n|poke|p1|Delphox, L50, F, shiny|\n|poke|p1|Incineroar, L50, F|\n|poke|p1|Sinistcha, L50|\n|poke|p1|Sneasler, L50, M|\n|poke|p1|Vivillon, L50, F|\n|poke|p2|Charizard, L50, M, shiny|\n|poke|p2|Whimsicott, L50, M, shiny|\n|poke|p2|Sinistcha-Masterpiece, L50, shiny|\n|poke|p2|Staraptor, L50, M, shiny|\n|poke|p2|Garchomp, L50, F|\n|poke|p2|Basculegion, L50, M|\n|teampreview|4\n|showteam|p1|Blastoise||Blastoisinite|Torrent|Protect,ShellSmash,WaterSpout,DarkPulse|Modest||M|||50|]Delphox||Delphoxite|Blaze|Protect,HeatWave,Psyshock,NastyPlot|Timid||F|||50|]Incineroar||PasshoBerry|Intimidate|FakeOut,PartingShot,FlareBlitz,ThroatChop|Impish||F|||50|]Sinistcha||SitrusBerry|Hospitality|Protect,MatchaGotcha,TrickRoom,RagePowder|Bold|||||50|]Sneasler||FocusSash|PoisonTouch|QuickGuard,FakeOut,CloseCombat,DireClaw|Jolly||M|||50|]Vivillon||ChoiceScarf|CompoundEyes|Hurricane,SleepPowder,RagePowder,Uturn|Timid||F|||50|\n|showteam|p2|Charizard||CharizarditeY|Blaze|HeatWave,SolarBeam,Protect,WeatherBall|Modest||M|||50|]Whimsicott||FocusSash|Prankster|Moonblast,Encore,Tailwind,Charm|Timid||M|||50|]Sinistcha-Masterpiece||SitrusBerry|Hospitality|MatchaGotcha,LifeDew,TrickRoom,RagePowder|Calm|||||50|]Staraptor||Staraptite|Intimidate|CloseCombat,BraveBird,Protect,Roost|Jolly||M|||50|]Garchomp||LifeOrb|RoughSkin|DragonClaw,RockSlide,Earthquake,Protect|Adamant||F|||50|]Basculegion||ExpertBelt|Adaptability|WaveCrash,AquaJet,LastRespects,Protect|Adamant||M|||50|\n|inactive|Battle timer is ON: inactive players will automatically lose when time's up. (requested by humania1)\n|j| nosehabladebruno\n|inactive|zugga has 60 seconds left.\n|\n|t:|1788191303\n|teamsize|p1|4\n|teamsize|p2|4\n|start\n|switch|p1a: Blastoise|Blastoise, L50, M|100/100\n|switch|p1b: Delphox|Delphox, L50, F, shiny|100/100\n|switch|p2a: Mộc Dương|Whimsicott, L50, M, shiny|100/100\n|switch|p2b: Giác Điểu|Staraptor, L50, M, shiny|100/100\n|-ability|p2b: Giác Điểu|Intimidate|boost\n|-unboost|p1a: Blastoise|atk|1\n|-unboost|p1b: Delphox|atk|1\n|turn|1\n|\n|t:|1788191318\n|detailschange|p1b: Delphox|Delphox-Mega, L50, F, shiny\n|-mega|p1b: Delphox|Delphox|Delphoxite\n|detailschange|p2b: Giác Điểu|Staraptor-Mega, L50, M, shiny\n|-mega|p2b: Giác Điểu|Staraptor|Staraptite\n|move|p2a: Mộc Dương|Tailwind|p2a: Mộc Dương\n|-sidestart|p2: zugga|move: Tailwind\n|move|p2b: Giác Điểu|Close Combat|p1a: Blastoise\n|-damage|p1a: Blastoise|29/100\n|-boost|p2b: Giác Điểu|def|1\n|-boost|p2b: Giác Điểu|spd|1\n|move|p1b: Delphox|Heat Wave|p2b: Giác Điểu|[spread] p2a,p2b\n|-supereffective|p2a: Mộc Dương|1\n|-enditem|p2a: Mộc Dương|Focus Sash\n|-damage|p2a: Mộc Dương|1/100\n|-damage|p2b: Giác Điểu|66/100\n|move|p1a: Blastoise|Dark Pulse|p2b: Giác Điểu\n|-resisted|p2b: Giác Điểu|1\n|-damage|p2b: Giác Điểu|57/100\n|\n|upkeep\n|turn|2\n|\n|t:|1788191338\n|move|p2a: Mộc Dương|Charm|p2b: Giác Điểu\n|-boost|p2b: Giác Điểu|atk|2\n|move|p2b: Giác Điểu|Close Combat|p1a: Blastoise\n|-damage|p1a: Blastoise|0 fnt\n|-boost|p2b: Giác Điểu|def|1\n|-boost|p2b: Giác Điểu|spd|1\n|faint|p1a: Blastoise\n|move|p1b: Delphox|Psyshock|p2b: Giác Điểu\n|-supereffective|p2b: Giác Điểu|1\n|-damage|p2b: Giác Điểu|8/100\n|\n|upkeep\n|\n|t:|1788191338\n|switch|p1a: Sinistcha|Sinistcha, L50|100/100\n|turn|3\n|\n|t:|1788191360\n|switch|p2a: Linh Trà|Sinistcha-Masterpiece, L50, shiny|100/100\n|-heal|p2b: Giác Điểu|32/100|[from] ability: Hospitality|[of] p2a: Linh Trà\n|move|p2b: Giác Điểu|Roost|p2b: Giác Điểu\n|-heal|p2b: Giác Điểu|82/100\n|-singleturn|p2b: Giác Điểu|move: Roost\n|move|p1b: Delphox|Psyshock|p2b: Giác Điểu\n|-supereffective|p2b: Giác Điểu|1\n|-damage|p2b: Giác Điểu|27/100\n|move|p1a: Sinistcha|Matcha Gotcha|p2b: Giác Điểu|[spread] p2a,p2b\n|-resisted|p2a: Linh Trà|1\n|-damage|p2a: Linh Trà|88/100\n|-damage|p2b: Giác Điểu|11/100\n|\n|upkeep\n|turn|4\n|\n|t:|1788191381\n|switch|p1a: Incineroar|Incineroar, L50, F|100/100\n|-ability|p1a: Incineroar|Intimidate|boost\n|-unboost|p2a: Linh Trà|atk|1\n|-boost|p2b: Giác Điểu|atk|1\n|move|p2b: Giác Điểu|Close Combat|p1b: Delphox\n|-resisted|p1b: Delphox|1\n|-damage|p1b: Delphox|0 fnt\n|-boost|p2b: Giác Điểu|def|1\n|-boost|p2b: Giác Điểu|spd|1\n|faint|p1b: Delphox\n|move|p2a: Linh Trà|Life Dew|p2a: Linh Trà|[spread] p2a,p2b\n|-heal|p2a: Linh Trà|100/100\n|-heal|p2b: Giác Điểu|37/100\n|\n|-sideend|p2: zugga|move: Tailwind\n|upkeep\n|\n|t:|1788191382\n|switch|p1b: Sinistcha|Sinistcha, L50|100/100\n|turn|5\n|\n|t:|1788191403\n|move|p1b: Sinistcha|Protect|p1b: Sinistcha\n|-singleturn|p1b: Sinistcha|Protect\n|move|p2b: Giác Điểu|Roost|p2b: Giác Điểu\n|-heal|p2b: Giác Điểu|87/100\n|-singleturn|p2b: Giác Điểu|move: Roost\n|move|p1a: Incineroar|Flare Blitz|p2a: Linh Trà\n|-supereffective|p2a: Linh Trà|1\n|-damage|p2a: Linh Trà|8/100\n|-enditem|p2a: Linh Trà|Sitrus Berry|[eat]\n|-heal|p2a: Linh Trà|33/100|[from] item: Sitrus Berry\n|-damage|p1a: Incineroar|76/100|[from] Recoil\n|move|p2a: Linh Trà|Life Dew|p2a: Linh Trà|[spread] p2a,p2b\n|-heal|p2a: Linh Trà|58/100\n|-heal|p2b: Giác Điểu|100/100\n|\n|upkeep\n|turn|6\n|\n|t:|1788191424\n|move|p1b: Sinistcha|Rage Powder|p1b: Sinistcha\n|-singleturn|p1b: Sinistcha|move: Rage Powder\n|move|p2b: Giác Điểu|Close Combat|p1b: Sinistcha\n|-immune|p1b: Sinistcha\n|move|p1a: Incineroar|Flare Blitz|p2a: Linh Trà\n|-supereffective|p2a: Linh Trà|1\n|-damage|p2a: Linh Trà|0 fnt\n|faint|p2a: Linh Trà\n|-damage|p1a: Incineroar|60/100|[from] Recoil\n|\n|upkeep\n|\n|t:|1788191433\n|switch|p2a: Nộ Ngư|Basculegion, L50, M|100/100\n|turn|7\n|\n|t:|1788191443\n|move|p2b: Giác Điểu|Brave Bird|p1a: Incineroar\n|-damage|p1a: Incineroar|0 fnt\n|faint|p1a: Incineroar\n|-damage|p2b: Giác Điểu|74/100|[from] Recoil\n|move|p2a: Nộ Ngư|Last Respects|p1b: Sinistcha\n|-supereffective|p1b: Sinistcha|1\n|-damage|p1b: Sinistcha|0 fnt\n|faint|p1b: Sinistcha\n|\n|win|zugga\n|raw|humania1's rating: 1111 &rarr; <strong>1081</strong><br />(-30 for losing)\n|raw|zugga's rating: 1040 &rarr; <strong>1081</strong><br />(+41 for winning)\n","uploadtime":1788191443,"views":"1","formatid":"gen9championsvgc2026regmbbo3","rating":1081,"private":0,"password":null}