{"id":"gen9championsvgc2026regmbbo3-2673764636","format":"[Gen 9 Champions] VGC 2026 Reg M-B (Bo3)","players":["sophyplayz","KingNoahC17"],"log":"|j|☆sophyplayz\n|j|☆KingNoahC17\n|html|<table width=\"100%\"><tr><td align=\"left\">sophyplayz</td><td align=\"right\">KingNoahC17</tr><tr><td align=\"left\"><i class=\"fa fa-circle\"></i> <i class=\"fa fa-circle-o\"></i> </td><td align=\"right\"><i class=\"fa fa-circle-o\"></i> <i class=\"fa fa-circle\"></i> </tr></table>\n|uhtml|bestof|<h2><strong>Game 3</strong> of <a href=\"/game-bestof3-gen9championsvgc2026regmbbo3-2673762240\">a best-of-3</a></h2>\n|t:|1788251164\n|gametype|doubles\n|player|p1|sophyplayz|flannery|\n|player|p2|KingNoahC17|1|\n|gen|9\n|tier|[Gen 9 Champions] VGC 2026 Reg M-B (Bo3)\n|rule|Species Clause: Limit one of each Pokémon\n|rule|Item Clause: Limit 1 of each item\n|clearpoke\n|poke|p1|Pelipper, L50, M|\n|poke|p1|Archaludon, L50, M|\n|poke|p1|Floette-Eternal, L50, F|\n|poke|p1|Sinistcha, L50|\n|poke|p1|Basculegion, L50, M|\n|poke|p1|Swampert, L50, M|\n|poke|p2|Incineroar, L50, F|\n|poke|p2|Toxapex, L50, F|\n|poke|p2|Dragonite, L50, F|\n|poke|p2|Froslass, L50, F|\n|poke|p2|Delphox, L50, F|\n|poke|p2|Kingambit, L50, F|\n|teampreview|4\n|showteam|p1|Pelipper||SitrusBerry|Drizzle|WeatherBall,Hurricane,Tailwind,WideGuard|Bold||M|||50|]Archaludon||Leftovers|Stamina|Protect,ElectroShot,FlashCannon,DragonPulse|Modest||M|||50|]Floette-Eternal||Floettite|FlowerVeil|LightofRuin,DazzlingGleam,DrainingKiss,Protect|Modest||F|||50|]Sinistcha||KasibBerry|Hospitality|RagePowder,MatchaGotcha,Protect,TrickRoom|Bold|||||50|]Basculegion||ChoiceScarf|Adaptability|AquaJet,WaveCrash,LastRespects,FlipTurn|Adamant||M|||50|]Swampert||Swampertite|Torrent|WaveCrash,HighHorsepower,IcePunch,Protect|Adamant||M|||50|\n|showteam|p2|Incineroar||SitrusBerry|Intimidate|FlareBlitz,Protect,FakeOut,PartingShot|Impish||F|||50|]Toxapex||Leftovers|Regenerator|Toxic,Infestation,WideGuard,BanefulBunker|Bold||F|||50|]Dragonite||LifeOrb|InnerFocus|DragonClaw,LowKick,ExtremeSpeed,Protect|Adamant||F|||50|]Froslass||Froslassite|SnowCloak|Blizzard,Protect,ShadowBall,AuroraVeil|Timid||F|||50|]Delphox||Delphoxite|Blaze|Protect,HeatWave,Encore,Psyshock|Timid||F|||50|]Kingambit||BlackGlasses|Defiant|KowtowCleave,SuckerPunch,IronHead,Protect|Adamant||F|||50|\n|inactive|Battle timer is ON: inactive players will automatically lose when time's up. (requested by KingNoahC17)\n|c|☆sophyplayz|omg\n|c|☆sophyplayz|:D\n|c|☆sophyplayz|wooo\n|c|☆sophyplayz|gulp\n|c|☆sophyplayz|uh uh\n|inactive|sophyplayz has 60 seconds left.\n|inactive|KingNoahC17 has 60 seconds left.\n|inactive|sophyplayz has 30 seconds left.\n|inactive|sophyplayz has 20 seconds left.\n|inactive|sophyplayz has 15 seconds left.\n|\n|t:|1788251243\n|teamsize|p1|4\n|teamsize|p2|4\n|start\n|switch|p1a: Basculegion|Basculegion, L50, M|100/100\n|switch|p1b: Swampert|Swampert, L50, M|100/100\n|switch|p2a: Dragonite|Dragonite, L50, F|100/100\n|switch|p2b: Froslass|Froslass, L50, F|100/100\n|turn|1\n|\n|t:|1788251263\n|switch|p2a: Kingambit|Kingambit, L50, F|100/100\n|detailschange|p1b: Swampert|Swampert-Mega, L50, M\n|-mega|p1b: Swampert|Swampert|Swampertite\n|move|p2b: Froslass|Protect|p2b: Froslass\n|-singleturn|p2b: Froslass|Protect\n|move|p1a: Basculegion|Wave Crash|p2b: Froslass\n|-activate|p2b: Froslass|move: Protect\n|move|p1b: Swampert|Ice Punch|p2a: Kingambit\n|-resisted|p2a: Kingambit|1\n|-damage|p2a: Kingambit|89/100\n|\n|upkeep\n|turn|2\n|c|☆sophyplayz|gulp\n|c|☆sophyplayz|it kills\n|c|☆sophyplayz|:P\n|inactive|sophyplayz has 30 seconds left.\n|c|☆sophyplayz|it doesss\n|inactive|sophyplayz has 20 seconds left.\n|c|☆sophyplayz|wait\n|c|☆sophyplayz|wait\n|c|☆sophyplayz|wait\n|inactive|sophyplayz has 15 seconds left.\n|c|☆sophyplayz|snow lowers the power??\n|inactive|sophyplayz has 10 seconds left.\n|inactive|sophyplayz has 5 seconds left.\n|\n|t:|1788251318\n|detailschange|p2b: Froslass|Froslass-Mega, L50, F\n|-mega|p2b: Froslass|Froslass|Froslassite\n|-weather|Snowscape|[from] ability: Snow Warning|[of] p2b: Froslass\n|move|p2a: Kingambit|Sucker Punch|p1a: Basculegion\n|-supereffective|p1a: Basculegion|1\n|-damage|p1a: Basculegion|0 fnt\n|faint|p1a: Basculegion\n|move|p2b: Froslass|Aurora Veil|p2b: Froslass\n|-sidestart|p2: KingNoahC17|move: Aurora Veil\n|move|p1b: Swampert|Wave Crash|p2b: Froslass\n|-damage|p2b: Froslass|60/100\n|-damage|p1b: Swampert|87/100|[from] Recoil\n|\n|-weather|Snowscape|[upkeep]\n|upkeep\n|c|☆sophyplayz|aw man\n|c|☆sophyplayz|wait wtf\n|c|☆sophyplayz|i clicked on arch\n|c|☆sophyplayz|...\n|\n|t:|1788251333\n|switch|p1a: Pelipper|Pelipper, L50, M|100/100\n|-weather|RainDance|[from] ability: Drizzle|[of] p1a: Pelipper\n|turn|3\n|c|☆sophyplayz|bruh\n|c|☆sophyplayz|i lose bc of a fricking mishclick\n|c|☆sophyplayz|;-;\n|inactive|sophyplayz has 30 seconds left.\n|c|☆sophyplayz|yes i do :sob:\n|inactive|sophyplayz has 20 seconds left.\n|inactive|sophyplayz has 15 seconds left.\n|\n|t:|1788251374\n|switch|p2b: Toxapex|Toxapex, L50, F|100/100\n|move|p1b: Swampert|Wave Crash|p2b: Toxapex\n|-resisted|p2b: Toxapex|1\n|-damage|p2b: Toxapex|72/100\n|-damage|p1b: Swampert|79/100|[from] Recoil\n|move|p1a: Pelipper|Weather Ball|p2b: Toxapex\n|-resisted|p2b: Toxapex|1\n|-damage|p2b: Toxapex|59/100\n|move|p2a: Kingambit|Kowtow Cleave|p1b: Swampert\n|-damage|p1b: Swampert|23/100\n|\n|-weather|RainDance|[upkeep]\n|-heal|p2b: Toxapex|64/100|[from] item: Leftovers\n|upkeep\n|turn|4\n|c|☆sophyplayz|oh boy\n|\n|t:|1788251399\n|switch|p1a: Archaludon|Archaludon, L50, M|100/100\n|move|p1b: Swampert|Protect|p1b: Swampert\n|-singleturn|p1b: Swampert|Protect\n|move|p2a: Kingambit|Sucker Punch||[still]\n|-fail|p2a: Kingambit\n|move|p2b: Toxapex|Infestation|p1a: Archaludon\n|-resisted|p1a: Archaludon|1\n|-damage|p1a: Archaludon|97/100\n|-activate|p1a: Archaludon|move: Infestation|[of] p2b: Toxapex\n|-ability|p1a: Archaludon|Stamina|boost\n|-boost|p1a: Archaludon|def|1\n|\n|-weather|RainDance|[upkeep]\n|-heal|p1a: Archaludon|100/100|[from] item: Leftovers\n|-heal|p2b: Toxapex|70/100|[from] item: Leftovers\n|-damage|p1a: Archaludon|87/100|[from] move: Infestation|[partiallytrapped]\n|upkeep\n|turn|5\n|\n|t:|1788251412\n|switch|p1b: Pelipper|Pelipper, L50, M|100/100\n|-heal|p2b: Toxapex|100/100|[from] ability: Regenerator|[silent]\n|switch|p2b: Froslass|Froslass-Mega, L50, F|60/100\n|-weather|Snowscape|[from] ability: Snow Warning|[of] p2b: Froslass\n|move|p2a: Kingambit|Sucker Punch||[still]\n|-fail|p2a: Kingambit\n|move|p1a: Archaludon|Electro Shot||[still]\n|-prepare|p1a: Archaludon|Electro Shot\n|-boost|p1a: Archaludon|spa|1\n|\n|-weather|Snowscape|[upkeep]\n|-heal|p1a: Archaludon|93/100|[from] item: Leftovers\n|-end|p1a: Archaludon|Infestation|[partiallytrapped]|[silent]\n|upkeep\n|turn|6\n|c|☆sophyplayz|oh\n|\n|t:|1788251427\n|move|p1b: Pelipper|Wide Guard|p1b: Pelipper\n|-singleturn|p1b: Pelipper|Wide Guard\n|move|p2b: Froslass|Blizzard|p1a: Archaludon|[spread] \n|-activate|p1a: Archaludon|move: Wide Guard\n|-activate|p1b: Pelipper|move: Wide Guard\n|move|p1a: Archaludon|Electro Shot|p2a: Kingambit|[from] lockedmove\n|-damage|p2a: Kingambit|41/100\n|move|p2a: Kingambit|Kowtow Cleave|p1b: Pelipper\n|-damage|p1b: Pelipper|43/100\n|-enditem|p1b: Pelipper|Sitrus Berry|[eat]\n|-heal|p1b: Pelipper|68/100|[from] item: Sitrus Berry\n|\n|-weather|Snowscape|[upkeep]\n|-heal|p1a: Archaludon|100/100|[from] item: Leftovers\n|-sideend|p2: KingNoahC17|move: Aurora Veil\n|upkeep\n|turn|7\n|\n|t:|1788251447\n|move|p1b: Pelipper|Wide Guard|p1b: Pelipper\n|-singleturn|p1b: Pelipper|Wide Guard\n|move|p2a: Kingambit|Sucker Punch|p1a: Archaludon\n|-damage|p1a: Archaludon|79/100\n|-ability|p1a: Archaludon|Stamina|boost\n|-boost|p1a: Archaludon|def|1\n|move|p2b: Froslass|Blizzard|p1b: Pelipper|[spread] \n|-activate|p1a: Archaludon|move: Wide Guard\n|-activate|p1b: Pelipper|move: Wide Guard\n|move|p1a: Archaludon|Flash Cannon|p2b: Froslass\n|-supereffective|p2b: Froslass|1\n|-damage|p2b: Froslass|0 fnt\n|faint|p2b: Froslass\n|\n|-weather|Snowscape|[upkeep]\n|-heal|p1a: Archaludon|85/100|[from] item: Leftovers\n|upkeep\n|\n|t:|1788251455\n|switch|p2b: Toxapex|Toxapex, L50, F|100/100\n|turn|8\n|c|☆sophyplayz|bc daisy taught me the way you play\n|c|☆sophyplayz|:P\n|c|☆sophyplayz|aw man :(\n|c|☆sophyplayz|wait did you bring dnite...\n|inactive|sophyplayz has 30 seconds left.\n|\n|t:|1788251484\n|switch|p1b: Swampert|Swampert-Mega, L50, M|23/100\n|move|p1a: Archaludon|Protect|p1a: Archaludon\n|-singleturn|p1a: Archaludon|Protect\n|move|p2a: Kingambit|Kowtow Cleave|p1b: Swampert\n|-damage|p1b: Swampert|0 fnt\n|faint|p1b: Swampert\n|move|p2b: Toxapex|Infestation|p1a: Archaludon\n|-activate|p1a: Archaludon|move: Protect\n|\n|-weather|Snowscape|[upkeep]\n|-heal|p1a: Archaludon|91/100|[from] item: Leftovers\n|upkeep\n|\n|t:|1788251486\n|switch|p1b: Pelipper|Pelipper, L50, M|68/100\n|-weather|RainDance|[from] ability: Drizzle|[of] p1b: Pelipper\n|turn|9\n|c|☆sophyplayz|>:D\n|\n|t:|1788251500\n|move|p2b: Toxapex|Baneful Bunker|p2b: Toxapex\n|-singleturn|p2b: Toxapex|move: Protect\n|move|p2a: Kingambit|Sucker Punch||[still]\n|-fail|p2a: Kingambit\n|move|p1a: Archaludon|Electro Shot||[still]\n|-prepare|p1a: Archaludon|Electro Shot\n|-boost|p1a: Archaludon|spa|1\n|-anim|p1a: Archaludon|Electro Shot|p2a: Kingambit\n|-damage|p2a: Kingambit|0 fnt\n|faint|p2a: Kingambit\n|move|p1b: Pelipper|Tailwind|p1b: Pelipper\n|-sidestart|p1: sophyplayz|move: Tailwind\n|\n|-weather|RainDance|[upkeep]\n|-heal|p1a: Archaludon|97/100|[from] item: Leftovers\n|upkeep\n|\n|t:|1788251503\n|switch|p2a: Dragonite|Dragonite, L50, F|100/100\n|turn|10\n|c|☆sophyplayz|knew it-\n|c|☆sophyplayz|nuh uh\n|c|☆sophyplayz|im mart\n|c|☆sophyplayz|who?\n|inactive|sophyplayz has 30 seconds left.\n|c|☆sophyplayz|daisy's out here making champions bro\n|c|☆sophyplayz|hehe\n|inactive|sophyplayz has 20 seconds left.\n|c|☆sophyplayz|specifically against you\n|c|☆sophyplayz|:D\n|inactive|sophyplayz has 15 seconds left.\n|c|☆sophyplayz|omg i just beat THE noah\n|inactive|sophyplayz has 10 seconds left.\n|c|☆KingNoahC17|sure\n|\n|t:|1788251552\n|move|p1a: Archaludon|Dragon Pulse|p2a: Dragonite\n|-supereffective|p2a: Dragonite|1\n|-damage|p2a: Dragonite|0 fnt\n|faint|p2a: Dragonite\n|move|p1b: Pelipper|Hurricane|p2b: Toxapex\n|-damage|p2b: Toxapex|72/100\n|move|p2b: Toxapex|Infestation|p1a: Archaludon\n|-resisted|p1a: Archaludon|1\n|-damage|p1a: Archaludon|95/100\n|-activate|p1a: Archaludon|move: Infestation|[of] p2b: Toxapex\n|-ability|p1a: Archaludon|Stamina|boost\n|-boost|p1a: Archaludon|def|1\n|\n|-weather|RainDance|[upkeep]\n|-heal|p1a: Archaludon|100/100|[from] item: Leftovers\n|-heal|p2b: Toxapex|78/100|[from] item: Leftovers\n|-damage|p1a: Archaludon|87/100|[from] move: Infestation|[partiallytrapped]\n|upkeep\n|turn|11\n|c|☆KingNoahC17|its a bad matchup\n|c|☆KingNoahC17|and you got multiple reads\n|c|☆sophyplayz|we gotta celebrate guys\n|\n|t:|1788251566\n|move|p2b: Toxapex|Baneful Bunker|p2b: Toxapex\n|-singleturn|p2b: Toxapex|move: Protect\n|move|p1a: Archaludon|Electro Shot||[still]\n|-prepare|p1a: Archaludon|Electro Shot\n|-boost|p1a: Archaludon|spa|1\n|-anim|p1a: Archaludon|Electro Shot|p2b: Toxapex\n|-activate|p2b: Toxapex|move: Protect\n|move|p1b: Pelipper|Hurricane|p2b: Toxapex\n|-activate|p2b: Toxapex|move: Protect\n|\n|-weather|RainDance|[upkeep]\n|-heal|p1a: Archaludon|93/100|[from] item: Leftovers\n|-heal|p2b: Toxapex|84/100|[from] item: Leftovers\n|-damage|p1a: Archaludon|81/100|[from] move: Infestation|[partiallytrapped]\n|upkeep\n|turn|12\n|inactive|KingNoahC17 has 30 seconds left.\n|\n|t:|1788251601\n|move|p1a: Archaludon|Electro Shot||[still]\n|-prepare|p1a: Archaludon|Electro Shot\n|-boost|p1a: Archaludon|spa|1\n|-anim|p1a: Archaludon|Electro Shot|p2b: Toxapex\n|-supereffective|p2b: Toxapex|1\n|-crit|p2b: Toxapex\n|-damage|p2b: Toxapex|0 fnt\n|faint|p2b: Toxapex\n|\n|win|sophyplayz\n|l|☆KingNoahC17\n|player|p2|\n","uploadtime":1788251643,"views":"31","formatid":"gen9championsvgc2026regmbbo3","rating":null,"private":0,"password":null}