{"id":"gen9championsvgc2026regmbbo3-2673850749","format":"[Gen 9 Champions] VGC 2026 Reg M-B (Bo3)","players":["raksbach","benenelius"],"log":"|j|☆raksbach\n|j|☆benenelius\n|html|<table width=\"100%\"><tr><td align=\"left\">raksbach</td><td align=\"right\">benenelius</tr><tr><td align=\"left\"><i class=\"fa fa-circle\"></i> <i class=\"fa fa-circle-o\"></i> </td><td align=\"right\"><i class=\"fa fa-circle-o\"></i> <i class=\"fa fa-circle\"></i> </tr></table>\n|uhtml|bestof|<h2><strong>Game 3</strong> of <a href=\"/game-bestof3-gen9championsvgc2026regmbbo3-2673848040\">a best-of-3</a></h2>\n|t:|1788268380\n|gametype|doubles\n|player|p1|raksbach|doubleteam|1107\n|player|p2|benenelius|dancer|1162\n|gen|9\n|tier|[Gen 9 Champions] VGC 2026 Reg M-B (Bo3)\n|rated|\n|rule|Species Clause: Limit one of each Pokémon\n|rule|Item Clause: Limit 1 of each item\n|clearpoke\n|poke|p1|Dragonite, L50, F|\n|poke|p1|Sneasler, L50, M|\n|poke|p1|Basculegion, L50, M|\n|poke|p1|Kingambit, L50, M|\n|poke|p1|Garchomp, L50, F|\n|poke|p1|Floette-Eternal, L50, F|\n|poke|p2|Delphox, L50, M, shiny|\n|poke|p2|Whimsicott, L50, M|\n|poke|p2|Morpeko, L50, M|\n|poke|p2|Annihilape, L50, M|\n|poke|p2|Garchomp, L50, F|\n|poke|p2|Glimmora, L50, M|\n|teampreview|4\n|showteam|p1|Dragonite||Dragoninite|Multiscale|DragonPulse,HeatWave,ExtremeSpeed,Protect|Modest||F|||50|]Sneasler||FocusSash|PoisonTouch|CloseCombat,DireClaw,FakeOut,Feint|Jolly||M|||50|]Basculegion||LifeOrb|Adaptability|WaveCrash,LastRespects,AquaJet,Protect|Adamant||M|||50|]Kingambit||ChopleBerry|Defiant|SuckerPunch,KowtowCleave,LowKick,IronHead|Adamant||M|||50|]Garchomp||ChoiceScarf|RoughSkin|DragonClaw,StompingTantrum,Earthquake,RockSlide|Adamant||F|||50|]Floette-Eternal||Floettite|FlowerVeil|Moonblast,DazzlingGleam,LightofRuin,Protect|Timid||F|||50|\n|showteam|p2|Delphox||Delphoxite|Blaze|ShadowBall,HeatWave,Psychic,Protect|Timid||M|||50|]Whimsicott||FocusSash|Prankster|Tailwind,HelpingHand,Taunt,Uturn|Timid||M|||50|]Morpeko||LifeOrb|HungerSwitch|AuraWheel,PartingShot,FakeOut,Protect|Jolly||M|||50|]Annihilape||Leftovers|Defiant|RageFist,BulkUp,DrainPunch,Protect|Careful||M|||50|]Garchomp||DragonFang|RoughSkin|DragonClaw,Earthquake,RockSlide,DragonTail|Jolly||F|||50|]Glimmora||ChoiceScarf|Corrosion|PowerGem,EarthPower,SludgeWave,EnergyBall|Modest||M|||50|\n|inactive|Battle timer is ON: inactive players will automatically lose when time's up. (requested by raksbach)\n|inactive|benenelius has 60 seconds left.\n|inactive|benenelius has 30 seconds left.\n|\n|t:|1788268451\n|teamsize|p1|4\n|teamsize|p2|4\n|start\n|switch|p1a: Sneasler|Sneasler, L50, M|100/100\n|switch|p1b: Dragonite|Dragonite, L50, F|100/100\n|switch|p2a: Annihilape|Annihilape, L50, M|100/100\n|switch|p2b: Morpeko|Morpeko, L50, M|100/100\n|turn|1\n|inactive|raksbach has 30 seconds left.\n|\n|t:|1788268479\n|detailschange|p1b: Dragonite|Dragonite-Mega, L50, F\n|-mega|p1b: Dragonite|Dragonite|Dragoninite\n|move|p2b: Morpeko|Protect|p2b: Morpeko\n|-singleturn|p2b: Morpeko|Protect\n|move|p1a: Sneasler|Fake Out|p2b: Morpeko\n|-activate|p2b: Morpeko|move: Protect\n|move|p1b: Dragonite|Heat Wave|p2b: Morpeko|[spread] p2a\n|-activate|p2b: Morpeko|move: Protect\n|-damage|p2a: Annihilape|82/100\n|move|p2a: Annihilape|Bulk Up|p2a: Annihilape\n|-boost|p2a: Annihilape|atk|1\n|-boost|p2a: Annihilape|def|1\n|\n|-heal|p2a: Annihilape|88/100|[from] item: Leftovers\n|-formechange|p2b: Morpeko|Morpeko-Hangry|\n|upkeep\n|turn|2\n|inactive|benenelius has 30 seconds left.\n|\n|t:|1788268509\n|move|p1a: Sneasler|Close Combat|p2b: Morpeko\n|-supereffective|p2b: Morpeko|1\n|-damage|p2b: Morpeko|0 fnt\n|-unboost|p1a: Sneasler|def|1\n|-unboost|p1a: Sneasler|spd|1\n|faint|p2b: Morpeko\n|move|p1b: Dragonite|Dragon Pulse|p2a: Annihilape\n|-damage|p2a: Annihilape|54/100\n|move|p2a: Annihilape|Rage Fist|p1b: Dragonite\n|-damage|p1b: Dragonite|55/100\n|\n|-heal|p2a: Annihilape|60/100|[from] item: Leftovers\n|upkeep\n|\n|t:|1788268521\n|switch|p2b: Whimsicott|Whimsicott, L50, M|100/100\n|turn|3\n|\n|t:|1788268532\n|move|p1b: Dragonite|Protect|p1b: Dragonite\n|-singleturn|p1b: Dragonite|Protect\n|move|p2b: Whimsicott|Tailwind|p2b: Whimsicott\n|-sidestart|p2: benenelius|move: Tailwind\n|move|p2a: Annihilape|Rage Fist|p1b: Dragonite\n|-activate|p1b: Dragonite|move: Protect\n|move|p1a: Sneasler|Dire Claw|p2b: Whimsicott\n|-supereffective|p2b: Whimsicott|2\n|-enditem|p2b: Whimsicott|Focus Sash\n|-damage|p2b: Whimsicott|1/100\n|\n|-heal|p2a: Annihilape|66/100|[from] item: Leftovers\n|upkeep\n|turn|4\n|\n|t:|1788268554\n|move|p1a: Sneasler|Feint|p2b: Whimsicott\n|-damage|p2b: Whimsicott|0 fnt\n|faint|p2b: Whimsicott\n|move|p2a: Annihilape|Rage Fist|p1b: Dragonite\n|-damage|p1b: Dragonite|0 fnt\n|faint|p1b: Dragonite\n|\n|-heal|p2a: Annihilape|72/100|[from] item: Leftovers\n|upkeep\n|inactive|raksbach has 30 seconds left.\n|\n|t:|1788268584\n|switch|p2b: Harry Potter|Delphox, L50, M, shiny|100/100\n|switch|p1b: Garchomp|Garchomp, L50, F|100/100\n|turn|5\n|\n|t:|1788268602\n|detailschange|p2b: Harry Potter|Delphox-Mega, L50, M, shiny\n|-mega|p2b: Harry Potter|Delphox|Delphoxite\n|move|p2b: Harry Potter|Protect|p2b: Harry Potter\n|-singleturn|p2b: Harry Potter|Protect\n|move|p1b: Garchomp|Rock Slide|p2b: Harry Potter|[spread] \n|-activate|p2b: Harry Potter|move: Protect\n|-miss|p1b: Garchomp|p2a: Annihilape\n|move|p2a: Annihilape|Rage Fist|p1b: Garchomp\n|-damage|p1b: Garchomp|20/100y\n|-damage|p2a: Annihilape|60/100|[from] ability: Rough Skin|[of] p1b: Garchomp\n|move|p1a: Sneasler|Dire Claw|p2a: Annihilape\n|-resisted|p2a: Annihilape|1\n|-damage|p2a: Annihilape|45/100\n|\n|-heal|p2a: Annihilape|51/100|[from] item: Leftovers\n|upkeep\n|turn|6\n|inactive|benenelius has 30 seconds left.\n|inactive|benenelius has 20 seconds left.\n|\n|t:|1788268639\n|move|p2a: Annihilape|Protect|p2a: Annihilape\n|-singleturn|p2a: Annihilape|Protect\n|move|p2b: Harry Potter|Psychic|p1b: Garchomp\n|-damage|p1b: Garchomp|0 fnt\n|faint|p1b: Garchomp\n|move|p1a: Sneasler|Dire Claw|p2a: Annihilape\n|-activate|p2a: Annihilape|move: Protect\n|\n|-heal|p2a: Annihilape|57/100|[from] item: Leftovers\n|-sideend|p2: benenelius|move: Tailwind\n|upkeep\n|\n|t:|1788268645\n|switch|p1b: Basculegion|Basculegion, L50, M|100/100\n|turn|7\n|\n|t:|1788268665\n|move|p1b: Basculegion|Protect|p1b: Basculegion\n|-singleturn|p1b: Basculegion|Protect\n|move|p2b: Harry Potter|Psychic|p1a: Sneasler\n|-supereffective|p1a: Sneasler|2\n|-enditem|p1a: Sneasler|Focus Sash\n|-damage|p1a: Sneasler|1/100\n|-unboost|p1a: Sneasler|spd|1\n|move|p1a: Sneasler|Dire Claw|p2a: Annihilape\n|-resisted|p2a: Annihilape|1\n|-damage|p2a: Annihilape|44/100\n|move|p2a: Annihilape|Rage Fist|p1b: Basculegion\n|-activate|p1b: Basculegion|move: Protect\n|\n|-heal|p2a: Annihilape|50/100g|[from] item: Leftovers\n|upkeep\n|turn|8\n|inactive|raksbach has 30 seconds left.\n|\n|t:|1788268690\n|move|p2b: Harry Potter|Heat Wave|p1b: Basculegion|[spread] p1b\n|-miss|p2b: Harry Potter|p1a: Sneasler\n|-resisted|p1b: Basculegion|1\n|-damage|p1b: Basculegion|80/100\n|move|p1a: Sneasler|Dire Claw|p2b: Harry Potter\n|-damage|p2b: Harry Potter|38/100\n|-status|p2b: Harry Potter|psn\n|move|p1b: Basculegion|Last Respects|p2a: Annihilape\n|-supereffective|p2a: Annihilape|1\n|-damage|p2a: Annihilape|0 fnt\n|faint|p2a: Annihilape\n|-damage|p1b: Basculegion|71/100|[from] item: Life Orb\n|\n|-damage|p2b: Harry Potter|25/100 psn|[from] psn\n|upkeep\n|turn|9\n|\n|t:|1788268715\n|move|p1b: Basculegion|Aqua Jet|p2b: Harry Potter\n|-supereffective|p2b: Harry Potter|1\n|-damage|p2b: Harry Potter|0 fnt\n|faint|p2b: Harry Potter\n|-damage|p1b: Basculegion|61/100|[from] item: Life Orb\n|\n|win|raksbach\n|raw|raksbach's rating: 1107 &rarr; <strong>1136</strong><br />(+29 for winning)\n|raw|benenelius's rating: 1162 &rarr; <strong>1133</strong><br />(-29 for losing)\n","uploadtime":1788268715,"views":"1","formatid":"gen9championsvgc2026regmbbo3","rating":1133,"private":0,"password":null}