{"id":"gen9championsvgc2026regmb-2674729126","format":"[Gen 9 Champions] VGC 2026 Reg M-B","players":["Td.prince","jaredshane"],"log":"|j|☆Td.prince\n|j|☆jaredshane\n|t:|1788397045\n|gametype|doubles\n|player|p1|Td.prince|170|1329\n|player|p2|jaredshane|steven|1450\n|gen|9\n|tier|[Gen 9 Champions] VGC 2026 Reg M-B\n|rated|\n|rule|Species Clause: Limit one of each Pokémon\n|rule|Item Clause: Limit 1 of each item\n|clearpoke\n|poke|p1|Whimsicott, L50, M|\n|poke|p1|Garchomp, L50, F|\n|poke|p1|Basculegion, L50, M|\n|poke|p1|Kingambit, L50, F|\n|poke|p1|Floette-Eternal, L50, F|\n|poke|p1|Charizard, L50, M|\n|poke|p2|Charizard, L50, M, shiny|\n|poke|p2|Grimmsnarl, L50, M, shiny|\n|poke|p2|Archaludon, L50, F, shiny|\n|poke|p2|Pelipper, L50, F, shiny|\n|poke|p2|Venusaur, L50, M, shiny|\n|poke|p2|Swampert, L50, F, shiny|\n|teampreview|4\n|inactive|Battle timer is ON: inactive players will automatically lose when time's up. (requested by Td.prince)\njaredshane has agreed to open team sheets.\n|inactive|Td.prince has 60 seconds left.\n|inactive|jaredshane has 60 seconds left.\n|\n|t:|1788397087\n|teamsize|p1|4\n|teamsize|p2|4\n|start\n|switch|p1a: Whimsicott|Whimsicott, L50, M|100/100\n|switch|p1b: Basculegion|Basculegion, L50, M|100/100\n|switch|p2a: Charizard|Charizard, L50, M, shiny|100/100\n|switch|p2b: Venusaur|Venusaur, L50, M, shiny|100/100\n|turn|1\n|\n|t:|1788397109\n|switch|p1b: Garchomp|Garchomp, L50, F|100/100\n|detailschange|p2a: Charizard|Charizard-Mega-Y, L50, M, shiny\n|-mega|p2a: Charizard|Charizard|Charizardite Y\n|-weather|SunnyDay|[from] ability: Drought|[of] p2a: Charizard\n|move|p1a: Whimsicott|Tailwind|p1a: Whimsicott\n|-sidestart|p1: Td.prince|move: Tailwind\n|move|p2b: Venusaur|Sludge Bomb|p1a: Whimsicott\n|-supereffective|p1a: Whimsicott|2\n|-enditem|p1a: Whimsicott|Focus Sash\n|-damage|p1a: Whimsicott|1/100\n|-status|p1a: Whimsicott|psn\n|move|p2a: Charizard|Heat Wave|p1b: Garchomp|[spread] p1a,p1b\n|-supereffective|p1a: Whimsicott|1\n|-resisted|p1b: Garchomp|1\n|-damage|p1a: Whimsicott|0 fnt\n|-damage|p1b: Garchomp|71/100\n|faint|p1a: Whimsicott\n|\n|-weather|SunnyDay|[upkeep]\n|upkeep\n|\n|t:|1788397119\n|switch|p1a: Basculegion|Basculegion, L50, M|100/100\n|turn|2\n|\n|t:|1788397136\n|move|p2a: Charizard|Protect|p2a: Charizard\n|-singleturn|p2a: Charizard|Protect\n|move|p1b: Garchomp|Rock Slide|p2a: Charizard|[spread] p2b\n|-activate|p2a: Charizard|move: Protect\n|-damage|p2b: Venusaur|75/100\n|cant|p2b: Venusaur|flinch\n|move|p1a: Basculegion|Last Respects|p2b: Venusaur\n|-damage|p2b: Venusaur|0 fnt\n|faint|p2b: Venusaur\n|-damage|p1a: Basculegion|90/100|[from] item: Life Orb\n|\n|-weather|SunnyDay|[upkeep]\n|upkeep\n|\n|t:|1788397153\n|switch|p2b: Archaludon|Archaludon, L50, F, shiny|100/100\n|turn|3\n|\n|t:|1788397177\n|switch|p1b: Floette|Floette-Eternal, L50, F|100/100\n|move|p1a: Basculegion|Protect|p1a: Basculegion\n|-singleturn|p1a: Basculegion|Protect\n|move|p2a: Charizard|Protect||[still]\n|-fail|p2a: Charizard\n|move|p2b: Archaludon|Dragon Pulse|p1b: Floette\n|-immune|p1b: Floette\n|\n|-weather|SunnyDay|[upkeep]\n|upkeep\n|turn|4\n|\n|t:|1788397198\n|switch|p1a: Garchomp|Garchomp, L50, F|71/100\n|detailschange|p1b: Floette|Floette-Mega, L50, F\n|-mega|p1b: Floette|Floette|Floettite\n|-ability|p1b: Floette|Fairy Aura\n|move|p1b: Floette|Light of Ruin|p2b: Archaludon\n|-damage|p2b: Archaludon|0 fnt\n|faint|p2b: Archaludon\n|-damage|p1b: Floette|34/100|[from] Recoil\n|move|p2a: Charizard|Heat Wave|p1a: Garchomp|[spread] p1a,p1b\n|-resisted|p1a: Garchomp|1\n|-damage|p1a: Garchomp|41/100\n|-damage|p1b: Floette|0 fnt\n|-enditem|p1a: Garchomp|Sitrus Berry|[eat]\n|-heal|p1a: Garchomp|66/100|[from] item: Sitrus Berry\n|faint|p1b: Floette\n|\n|-weather|SunnyDay|[upkeep]\n|-sideend|p1: Td.prince|move: Tailwind\n|upkeep\n|\n|t:|1788397214\n|switch|p1b: Basculegion|Basculegion, L50, M|90/100\n|switch|p2b: Pelipper|Pelipper, L50, F, shiny|100/100\n|-weather|RainDance|[from] ability: Drizzle|[of] p2b: Pelipper\n|turn|5\n|\n|t:|1788397223\n|move|p2a: Charizard|Protect|p2a: Charizard\n|-singleturn|p2a: Charizard|Protect\n|move|p1a: Garchomp|Rock Slide|p2a: Charizard|[spread] \n|-activate|p2a: Charizard|move: Protect\n|-miss|p1a: Garchomp|p2b: Pelipper\n|move|p1b: Basculegion|Wave Crash|p2a: Charizard\n|-activate|p2a: Charizard|move: Protect\n|move|p2b: Pelipper|Hurricane|p1b: Basculegion\n|-damage|p1b: Basculegion|49/100\n|-start|p1b: Basculegion|confusion\n|\n|-weather|RainDance|[upkeep]\n|upkeep\n|turn|6\n|inactive|Td.prince has 30 seconds left.\n|\n|t:|1788397251\n|move|p2a: Charizard|Hurricane|p1a: Garchomp\n|-damage|p1a: Garchomp|6/100\n|move|p1a: Garchomp|Dragon Claw|p2b: Pelipper\n|-damage|p2b: Pelipper|60/100\n|-activate|p1b: Basculegion|confusion\n|move|p1b: Basculegion|Wave Crash|p2a: Charizard\n|-supereffective|p2a: Charizard|1\n|-damage|p2a: Charizard|0 fnt\n|faint|p2a: Charizard\n|-damage|p1b: Basculegion|19/100|[from] Recoil\n|-damage|p1b: Basculegion|9/100|[from] item: Life Orb\n|move|p2b: Pelipper|Hurricane|p1a: Garchomp\n|-damage|p1a: Garchomp|0 fnt\n|faint|p1a: Garchomp\n|\n|-weather|RainDance|[upkeep]\n|upkeep\n|turn|7\n|\n|t:|1788397269\n|-activate|p1b: Basculegion|confusion\n|-damage|p1b: Basculegion|0 fnt|[from] confusion\n|faint|p1b: Basculegion\n|\n|win|jaredshane\n|raw|Td.prince's rating: 1329 &rarr; <strong>1316</strong><br />(-13 for losing)\n|raw|jaredshane's rating: 1450 &rarr; <strong>1463</strong><br />(+13 for winning)\n","uploadtime":1788397270,"views":"1","formatid":"gen9championsvgc2026regmb","rating":1316,"private":0,"password":null}