{"id":"gen9championsvgc2026regmb-2673950758","format":"[Gen 9 Champions] VGC 2026 Reg M-B","players":["Ac3M00n","notbloodmask"],"log":"|j|☆Ac3M00n\n|j|☆notbloodmask\n|t:|1788280928\n|gametype|doubles\n|player|p1|Ac3M00n|265|1120\n|player|p2|notbloodmask|unknown|1137\n|gen|9\n|tier|[Gen 9 Champions] VGC 2026 Reg M-B\n|rated|\n|rule|Species Clause: Limit one of each Pokémon\n|rule|Item Clause: Limit 1 of each item\n|clearpoke\n|poke|p1|Raichu, L50, M|\n|poke|p1|Farigiraf, L50, M|\n|poke|p1|Sneasler, L50, M|\n|poke|p1|Basculegion, L50, M|\n|poke|p1|Whimsicott, L50, M|\n|poke|p1|Staraptor, L50, F|\n|poke|p2|Rotom-Wash, L50|\n|poke|p2|Garchomp, L50, M|\n|poke|p2|Incineroar, L50, F|\n|poke|p2|Sinistcha, L50|\n|poke|p2|Venusaur, L50, M|\n|poke|p2|Dragapult, L50, F|\n|teampreview|4\n|inactive|Battle timer is ON: inactive players will automatically lose when time's up. (requested by Ac3M00n)\nAc3M00n has agreed to open team sheets.\n|inactive|notbloodmask has 60 seconds left.\n|\n|t:|1788280969\n|teamsize|p1|4\n|teamsize|p2|4\n|start\n|switch|p1a: Staraptor|Staraptor, L50, F|100/100\n|switch|p1b: Sneasler|Sneasler, L50, M|100/100\n|switch|p2a: Rotom|Rotom-Wash, L50|100/100\n|switch|p2b: Garchomp|Garchomp, L50, M|100/100\n|-ability|p1a: Staraptor|Intimidate|boost\n|-unboost|p2a: Rotom|atk|1\n|-unboost|p2b: Garchomp|atk|1\n|turn|1\n|\n|t:|1788280985\n|detailschange|p1a: Staraptor|Staraptor-Mega, L50, F\n|-mega|p1a: Staraptor|Staraptor|Staraptite\n|move|p1b: Sneasler|Fake Out|p2a: Rotom\n|-damage|p2a: Rotom|80/100\n|move|p1a: Staraptor|Close Combat|p2a: Rotom\n|-damage|p2a: Rotom|6/100\n|-boost|p1a: Staraptor|def|1\n|-boost|p1a: Staraptor|spd|1\n|-enditem|p2a: Rotom|Sitrus Berry|[eat]\n|-heal|p2a: Rotom|31/100|[from] item: Sitrus Berry\n|move|p2b: Garchomp|Rock Slide|p1a: Staraptor|[spread] p1a,p1b\n|-resisted|p1b: Sneasler|1\n|-damage|p1a: Staraptor|89/100\n|-damage|p1b: Sneasler|87/100\n|-damage|p2b: Garchomp|90/100|[from] item: Life Orb\n|cant|p2a: Rotom|flinch\n|\n|upkeep\n|turn|2\n|inactive|notbloodmask has 30 seconds left.\n|inactive|notbloodmask has 20 seconds left.\n|\n|t:|1788281024\n|switch|p2a: Sinistcha|Sinistcha, L50|100/100\n|-heal|p2b: Garchomp|100/100|[from] ability: Hospitality|[of] p2a: Sinistcha\n|move|p1a: Staraptor|Close Combat|p2b: Garchomp\n|-damage|p2b: Garchomp|40/100\n|-boost|p1a: Staraptor|def|1\n|-boost|p1a: Staraptor|spd|1\n|-damage|p1a: Staraptor|77/100|[from] ability: Rough Skin|[of] p2b: Garchomp\n|move|p1b: Sneasler|Close Combat|p2a: Sinistcha\n|-immune|p2a: Sinistcha\n|move|p2b: Garchomp|Dragon Claw|p1a: Staraptor\n|-damage|p1a: Staraptor|59/100\n|-damage|p2b: Garchomp|30/100|[from] item: Life Orb\n|\n|upkeep\n|turn|3\n|\n|t:|1788281048\n|switch|p2b: Venusaur|Venusaur, L50, M|100/100\n|move|p1a: Staraptor|Brave Bird|p2a: Sinistcha\n|-supereffective|p2a: Sinistcha|1\n|-damage|p2a: Sinistcha|0 fnt\n|faint|p2a: Sinistcha\n|-damage|p1a: Staraptor|28/100|[from] Recoil\n|move|p1b: Sneasler|Close Combat|p2b: Venusaur\n|-resisted|p2b: Venusaur|1\n|-damage|p2b: Venusaur|61/100\n|-unboost|p1b: Sneasler|def|1\n|-unboost|p1b: Sneasler|spd|1\n|-enditem|p1b: Sneasler|White Herb\n|-clearnegativeboost|p1b: Sneasler|[silent]\n|\n|upkeep\n|\n|t:|1788281062\n|switch|p2a: Rotom|Rotom-Wash, L50|31/100\n|turn|4\n|inactive|notbloodmask has 30 seconds left.\n|inactive|notbloodmask has 20 seconds left.\n|\n|t:|1788281100\n|detailschange|p2b: Venusaur|Venusaur-Mega, L50, M\n|-mega|p2b: Venusaur|Venusaur|Venusaurite\n|move|p1a: Staraptor|Protect|p1a: Staraptor\n|-singleturn|p1a: Staraptor|Protect\n|move|p2a: Rotom|Protect|p2a: Rotom\n|-singleturn|p2a: Rotom|Protect\n|move|p1b: Sneasler|Dire Claw|p2a: Rotom\n|-activate|p2a: Rotom|move: Protect\n|move|p2b: Venusaur|Earth Power|p1b: Sneasler\n|-supereffective|p1b: Sneasler|1\n|-damage|p1b: Sneasler|14/100\n|\n|upkeep\n|turn|5\n|\n|t:|1788281117\n|switch|p2a: Garchomp|Garchomp, L50, M|30/100\n|move|p1b: Sneasler|Close Combat|p2a: Garchomp\n|-damage|p2a: Garchomp|0 fnt\n|-unboost|p1b: Sneasler|def|1\n|-unboost|p1b: Sneasler|spd|1\n|-damage|p1b: Sneasler|1/100|[from] ability: Rough Skin|[of] p2a: Garchomp\n|faint|p2a: Garchomp\n|move|p1a: Staraptor|Roost|p1a: Staraptor\n|-heal|p1a: Staraptor|78/100\n|-singleturn|p1a: Staraptor|move: Roost\n|move|p2b: Venusaur|Sleep Powder|p1a: Staraptor|[miss]\n|-miss|p2b: Venusaur|p1a: Staraptor\n|\n|upkeep\n|\n|t:|1788281131\n|switch|p2a: Rotom|Rotom-Wash, L50|31/100\n|turn|6\n|\n|t:|1788281139\n|move|p1b: Sneasler|Close Combat|p2a: Rotom\n|-damage|p2a: Rotom|0 fnt\n|-unboost|p1b: Sneasler|def|1\n|-unboost|p1b: Sneasler|spd|1\n|faint|p2a: Rotom\n|move|p1a: Staraptor|Brave Bird|p2b: Venusaur\n|-supereffective|p2b: Venusaur|1\n|-damage|p2b: Venusaur|0 fnt\n|faint|p2b: Venusaur\n|-damage|p1a: Staraptor|58/100|[from] Recoil\n|\n|win|Ac3M00n\n|raw|Ac3M00n's rating: 1120 &rarr; <strong>1146</strong><br />(+26 for winning)\n|raw|notbloodmask's rating: 1137 &rarr; <strong>1111</strong><br />(-26 for losing)\n|l|☆Ac3M00n\n|player|p1|\n","uploadtime":1788281149,"views":"3","formatid":"gen9championsvgc2026regmb","rating":1111,"private":0,"password":null}