{"id":"gen9championsvgc2026regmb-2674449881","format":"[Gen 9 Champions] VGC 2026 Reg M-B","players":["rottentomato29","Buggy00k"],"log":"|j|☆rottentomato29\n|j|☆Buggy00k\n|t:|1788361223\n|gametype|doubles\n|player|p1|rottentomato29|170|1159\n|player|p2|Buggy00k|101|1148\n|gen|9\n|tier|[Gen 9 Champions] VGC 2026 Reg M-B\n|rated|\n|rule|Species Clause: Limit one of each Pokémon\n|rule|Item Clause: Limit 1 of each item\n|clearpoke\n|poke|p1|Blaziken, L50, F|\n|poke|p1|Farigiraf, L50, M|\n|poke|p1|Torkoal, L50, F|\n|poke|p1|Primarina, L50, M|\n|poke|p1|Venusaur, L50, M|\n|poke|p1|Kingambit, L50, F|\n|poke|p2|Froslass, L50, F|\n|poke|p2|Blaziken, L50, F, shiny|\n|poke|p2|Kingambit, L50, F, shiny|\n|poke|p2|Primarina, L50, M, shiny|\n|poke|p2|Dragonite, L50, F, shiny|\n|poke|p2|Farigiraf, L50, M, shiny|\n|teampreview|4\n|\n|t:|1788361264\n|teamsize|p1|4\n|teamsize|p2|4\n|start\n|switch|p1a: Blaziken|Blaziken, L50, F|100/100\n|switch|p1b: Farigiraf|Farigiraf, L50, M|100/100\n|switch|p2a: Kingambit|Kingambit, L50, F, shiny|100/100\n|switch|p2b: Farigiraf|Farigiraf, L50, M, shiny|100/100\n|turn|1\n|c|☆Buggy00k|glhf\n|\n|t:|1788361291\n|switch|p2a: Dragonite|Dragonite, L50, F, shiny|100/100\n|detailschange|p1a: Blaziken|Blaziken-Mega, L50, F\n|-mega|p1a: Blaziken|Blaziken|Blazikenite\n|move|p1a: Blaziken|Flare Blitz|p2a: Dragonite\n|-resisted|p2a: Dragonite|1\n|-damage|p2a: Dragonite|56/100\n|-damage|p1a: Blaziken|84/100|[from] Recoil\n|move|p2b: Farigiraf|Psychic|p1a: Blaziken\n|-supereffective|p1a: Blaziken|1\n|-damage|p1a: Blaziken|0 fnt\n|faint|p1a: Blaziken\n|move|p1b: Farigiraf|Trick Room|p1b: Farigiraf\n|-fieldstart|move: Trick Room|[of] p1b: Farigiraf\n|\n|upkeep\n|\n|t:|1788361310\n|switch|p1a: Primarina|Primarina, L50, M|100/100\n|turn|2\n|\n|t:|1788361332\n|switch|p1b: Torkoal|Torkoal, L50, F|100/100\n|-weather|SunnyDay|[from] ability: Drought|[of] p1b: Torkoal\n|move|p1a: Primarina|Protect|p1a: Primarina\n|-singleturn|p1a: Primarina|Protect\n|move|p2a: Dragonite|Protect|p2a: Dragonite\n|-singleturn|p2a: Dragonite|Protect\n|move|p2b: Farigiraf|Thunderbolt|p1a: Primarina\n|-activate|p1a: Primarina|move: Protect\n|\n|-weather|SunnyDay|[upkeep]\n|upkeep\n|turn|3\n|\n|t:|1788361354\n|move|p2a: Dragonite|Extreme Speed|p1b: Torkoal\n|-damage|p1b: Torkoal|68/100\n|-damage|p2a: Dragonite|47/100|[from] item: Life Orb\n|move|p1b: Torkoal|Weather Ball|p2b: Farigiraf\n|-damage|p2b: Farigiraf|20/100y\n|-enditem|p2b: Farigiraf|Sitrus Berry|[eat]\n|-heal|p2b: Farigiraf|45/100|[from] item: Sitrus Berry\n|move|p1a: Primarina|Moonblast|p2b: Farigiraf\n|-damage|p2b: Farigiraf|0 fnt\n|faint|p2b: Farigiraf\n|-damage|p1a: Primarina|90/100|[from] item: Life Orb\n|\n|-weather|SunnyDay|[upkeep]\n|upkeep\n|\n|t:|1788361373\n|switch|p2b: Blaziken|Blaziken, L50, F, shiny|100/100\n|turn|4\n|\n|t:|1788361403\n|switch|p1b: Farigiraf|Farigiraf, L50, M|100/100\n|detailschange|p2b: Blaziken|Blaziken-Mega, L50, F, shiny\n|-mega|p2b: Blaziken|Blaziken|Blazikenite\n|move|p2a: Dragonite|Protect|p2a: Dragonite\n|-singleturn|p2a: Dragonite|Protect\n|move|p1a: Primarina|Moonblast|p2a: Dragonite\n|-activate|p2a: Dragonite|move: Protect\n|move|p2b: Blaziken|Rock Slide|p1b: Farigiraf|[spread] p1a,p1b\n|-damage|p1a: Primarina|59/100\n|-damage|p1b: Farigiraf|81/100\n|\n|-weather|SunnyDay|[upkeep]\n|-ability|p2b: Blaziken|Speed Boost|boost\n|-boost|p2b: Blaziken|spe|1\n|upkeep\n|turn|5\n|\n|t:|1788361423\n|switch|p2a: Kingambit|Kingambit, L50, F, shiny|100/100\n|move|p2b: Blaziken|Detect|p2b: Blaziken\n|-singleturn|p2b: Blaziken|Protect\n|move|p1a: Primarina|Moonblast|p2a: Kingambit\n|-damage|p2a: Kingambit|43/100\n|-damage|p1a: Primarina|50/100g|[from] item: Life Orb\n|move|p1b: Farigiraf|Psychic|p2b: Blaziken\n|-activate|p2b: Blaziken|move: Protect\n|\n|-weather|SunnyDay|[upkeep]\n|-fieldend|move: Trick Room\n|-ability|p2b: Blaziken|Speed Boost|boost\n|-boost|p2b: Blaziken|spe|1\n|upkeep\n|turn|6\n|\n|t:|1788361455\n|move|p1b: Farigiraf|Protect|p1b: Farigiraf\n|-singleturn|p1b: Farigiraf|Protect\n|move|p2b: Blaziken|Flare Blitz|p1a: Primarina\n|-resisted|p1a: Primarina|1\n|-damage|p1a: Primarina|0 fnt\n|faint|p1a: Primarina\n|-damage|p2b: Blaziken|81/100|[from] Recoil\n|move|p2a: Kingambit|Kowtow Cleave|p1b: Farigiraf\n|-activate|p1b: Farigiraf|move: Protect\n|\n|-weather|none\n|-ability|p2b: Blaziken|Speed Boost|boost\n|-boost|p2b: Blaziken|spe|1\n|upkeep\n|-message|rottentomato29 forfeited.\n|\n|win|Buggy00k\n|raw|rottentomato29's rating: 1159 &rarr; <strong>1133</strong><br />(-26 for losing)\n|raw|Buggy00k's rating: 1148 &rarr; <strong>1174</strong><br />(+26 for winning)\n|l|☆rottentomato29\n|player|p1|\n|c|☆Buggy00k|gg\n","uploadtime":1788361472,"views":"12","formatid":"gen9championsvgc2026regmb","rating":1133,"private":0,"password":null}