{"id":"gen9championsvgc2026regmbbo3-2675013729","format":"[Gen 9 Champions] VGC 2026 Reg M-B (Bo3)","players":["jeanryupr","none0279"],"log":"|j|☆jeanryupr\n|j|☆none0279\n|html|<table width=\"100%\"><tr><td align=\"left\">jeanryupr</td><td align=\"right\">none0279</tr><tr><td align=\"left\"><i class=\"fa fa-circle-o\"></i> <i class=\"fa fa-circle-o\"></i> </td><td align=\"right\"><i class=\"fa fa-circle-o\"></i> <i class=\"fa fa-circle\"></i> </tr></table>\n|uhtml|bestof|<h2><strong>Game 2</strong> of <a href=\"/game-bestof3-gen9championsvgc2026regmbbo3-2675011844\">a best-of-3</a></h2>\n|t:|1788448754\n|gametype|doubles\n|player|p1|jeanryupr|265|1285\n|player|p2|none0279|cynthia|1282\n|gen|9\n|tier|[Gen 9 Champions] VGC 2026 Reg M-B (Bo3)\n|rated|\n|rule|Species Clause: Limit one of each Pokémon\n|rule|Item Clause: Limit 1 of each item\n|clearpoke\n|poke|p1|Scovillain, L50, F, shiny|\n|poke|p1|Basculegion, L50, M|\n|poke|p1|Kingambit, L50, M|\n|poke|p1|Sneasler, L50, M|\n|poke|p1|Lycanroc-Dusk, L50, M|\n|poke|p1|Froslass, L50, F|\n|poke|p2|Gengar, L50, F|\n|poke|p2|Staraptor, L50, F|\n|poke|p2|Whimsicott, L50, F|\n|poke|p2|Incineroar, L50, M|\n|poke|p2|Hydreigon, L50, M|\n|poke|p2|Basculegion, L50, M|\n|teampreview|4\n|showteam|p1|Scovillain||Scovillainite|Moody|GigaDrain,Overheat,RagePowder,Protect|Bold||F|||50|]Basculegion||LifeOrb|Adaptability|WaveCrash,LastRespects,AquaJet,Protect|Adamant||M|||50|]Kingambit||BlackGlasses|Defiant|KowtowCleave,SuckerPunch,SwordsDance,Protect|Adamant||M|||50|]Sneasler||WhiteHerb|Unburden|CloseCombat,DireClaw,Protect,FakeOut|Adamant||M|||50|]Lycanroc-Dusk||FocusSash|ToughClaws|CloseCombat,Accelerock,RockSlide,Protect|Adamant||M|||50|]Froslass||Froslassite|CursedBody|Blizzard,ShadowBall,AuroraVeil,Protect|Timid||F|||50|\n|showteam|p2|Gengar||Gengarite|CursedBody|ShadowBall,SludgeBomb,Protect,Substitute|Modest||F|||50|]Staraptor||Staraptite|Intimidate|CloseCombat,DualWingbeat,Protect,Roost|Adamant||F|||50|]Whimsicott||FocusSash|Prankster|Moonblast,Encore,Tailwind,FakeTears|Timid||F|||50|]Incineroar||SitrusBerry|Intimidate|FlareBlitz,DarkestLariat,FakeOut,PartingShot|Impish||M|||50|]Hydreigon||ChoiceScarf|Levitate|DarkPulse,Snarl,DracoMeteor,EarthPower|Modest||M|||50|]Basculegion||LifeOrb|Adaptability|WaveCrash,LastRespects,AquaJet,Protect|Jolly||M|||50|\n|inactive|Battle timer is ON: inactive players will automatically lose when time's up. (requested by none0279)\n|\n|t:|1788448781\n|teamsize|p1|4\n|teamsize|p2|4\n|start\n|switch|p1a: Scovillain|Scovillain, L50, F, shiny|100/100\n|switch|p1b: Kingambit|Kingambit, L50, M|100/100\n|switch|p2a: Staraptor|Staraptor, L50, F|100/100\n|switch|p2b: Whimsicott|Whimsicott, L50, F|100/100\n|-ability|p2a: Staraptor|Intimidate|boost\n|-unboost|p1a: Scovillain|atk|1\n|-unboost|p1b: Kingambit|atk|1\n|-ability|p1b: Kingambit|Defiant|boost\n|-boost|p1b: Kingambit|atk|2\n|turn|1\n|\n|t:|1788448797\n|detailschange|p2a: Staraptor|Staraptor-Mega, L50, F\n|-mega|p2a: Staraptor|Staraptor|Staraptite\n|detailschange|p1a: Scovillain|Scovillain-Mega, L50, F, shiny\n|-mega|p1a: Scovillain|Scovillain|Scovillainite\n|move|p1a: Scovillain|Rage Powder|p1a: Scovillain\n|-singleturn|p1a: Scovillain|move: Rage Powder\n|move|p2b: Whimsicott|Fake Tears|p2a: Staraptor\n|-boost|p2a: Staraptor|spd|2\n|move|p2a: Staraptor|Close Combat|p1a: Scovillain\n|-damage|p1a: Scovillain|42/100\n|-boost|p2a: Staraptor|def|1\n|-boost|p2a: Staraptor|spd|1\n|-status|p2a: Staraptor|brn|[from] ability: Spicy Spray|[of] p1a: Scovillain\n|move|p1b: Kingambit|Kowtow Cleave|p2a: Staraptor\n|-resisted|p2a: Staraptor|1\n|-damage|p2a: Staraptor|72/100 brn\n|\n|-damage|p2a: Staraptor|65/100 brn|[from] brn\n|upkeep\n|turn|2\n|inactive|jeanryupr has 30 seconds left.\n|inactive|jeanryupr has 20 seconds left.\n|inactive|jeanryupr has 15 seconds left.\n|inactive|jeanryupr has 10 seconds left.\n|inactive|jeanryupr has 5 seconds left.\n|\n|t:|1788448852\n|move|p2b: Whimsicott|Moonblast|p1b: Kingambit\n|-crit|p1b: Kingambit\n|-damage|p1b: Kingambit|50/100g\n|move|p2a: Staraptor|Close Combat|p1a: Scovillain\n|-damage|p1a: Scovillain|10/100\n|-boost|p2a: Staraptor|def|1\n|-boost|p2a: Staraptor|spd|1\n|move|p1a: Scovillain|Giga Drain|p2b: Whimsicott\n|-resisted|p2b: Whimsicott|1\n|-damage|p2b: Whimsicott|73/100\n|-heal|p1a: Scovillain|21/100|[from] drain|[of] p2b: Whimsicott\n|move|p1b: Kingambit|Kowtow Cleave|p2a: Staraptor\n|-resisted|p2a: Staraptor|1\n|-damage|p2a: Staraptor|44/100 brn\n|\n|-damage|p2a: Staraptor|38/100 brn|[from] brn\n|upkeep\n|turn|3\n|inactive|jeanryupr has 30 seconds left.\n|\n|t:|1788448877\n|move|p1a: Scovillain|Rage Powder|p1a: Scovillain\n|-singleturn|p1a: Scovillain|move: Rage Powder\n|move|p2b: Whimsicott|Moonblast|p1a: Scovillain\n|-resisted|p1a: Scovillain|1\n|-damage|p1a: Scovillain|2/100\n|-status|p2b: Whimsicott|brn|[from] ability: Spicy Spray|[of] p1a: Scovillain\n|move|p2a: Staraptor|Close Combat|p1a: Scovillain\n|-damage|p1a: Scovillain|0 fnt\n|-boost|p2a: Staraptor|def|1\n|-boost|p2a: Staraptor|spd|1\n|faint|p1a: Scovillain\n|move|p1b: Kingambit|Kowtow Cleave|p2a: Staraptor\n|-resisted|p2a: Staraptor|1\n|-damage|p2a: Staraptor|20/100y brn\n|\n|-damage|p2b: Whimsicott|67/100 brn|[from] brn\n|-damage|p2a: Staraptor|14/100 brn|[from] brn\n|upkeep\n|\n|t:|1788448892\n|switch|p1a: Sneasler|Sneasler, L50, M|100/100\n|turn|4\n|\n|t:|1788448902\n|move|p1a: Sneasler|Fake Out|p2a: Staraptor\n|-damage|p2a: Staraptor|7/100 brn\n|move|p2b: Whimsicott|Tailwind|p2b: Whimsicott\n|-sidestart|p2: none0279|move: Tailwind\n|cant|p2a: Staraptor|flinch\n|move|p1b: Kingambit|Swords Dance|p1b: Kingambit\n|-boost|p1b: Kingambit|atk|2\n|\n|-damage|p2b: Whimsicott|62/100 brn|[from] brn\n|-damage|p2a: Staraptor|1/100 brn|[from] brn\n|upkeep\n|turn|5\n|\n|t:|1788448917\n|move|p2b: Whimsicott|Encore|p1a: Sneasler\n|-start|p1a: Sneasler|Encore\n|move|p1a: Sneasler|Fake Out||[still]\n|-hint|Fake Out only works on your first turn out.\n|-fail|p1a: Sneasler\n|move|p1b: Kingambit|Sucker Punch||[still]\n|-fail|p1b: Kingambit\n|move|p2a: Staraptor|Roost|p2a: Staraptor\n|-heal|p2a: Staraptor|51/100 brn\n|-singleturn|p2a: Staraptor|move: Roost\n|\n|-damage|p2b: Whimsicott|56/100 brn|[from] brn\n|-damage|p2a: Staraptor|45/100 brn|[from] brn\n|upkeep\n|turn|6\n|inactive|jeanryupr has 30 seconds left.\n|inactive|jeanryupr has 20 seconds left.\n|\n|t:|1788448955\n|switch|p1a: Basculegion|Basculegion, L50, M|100/100\n|move|p1b: Kingambit|Sucker Punch|p2a: Staraptor\n|-resisted|p2a: Staraptor|1\n|-damage|p2a: Staraptor|21/100 brn\n|move|p2b: Whimsicott|Moonblast|p1a: Basculegion\n|-damage|p1a: Basculegion|63/100\n|move|p2a: Staraptor|Close Combat|p1b: Kingambit\n|-supereffective|p1b: Kingambit|2\n|-damage|p1b: Kingambit|0 fnt\n|-boost|p2a: Staraptor|def|1\n|-boost|p2a: Staraptor|spd|1\n|faint|p1b: Kingambit\n|\n|-damage|p2b: Whimsicott|50/100g brn|[from] brn\n|-damage|p2a: Staraptor|15/100 brn|[from] brn\n|upkeep\n|\n|t:|1788448963\n|switch|p1b: Sneasler|Sneasler, L50, M|100/100\n|turn|7\n|\n|t:|1788448975\n|switch|p2b: Hydreigon|Hydreigon, L50, M|100/100\n|move|p2a: Staraptor|Protect|p2a: Staraptor\n|-singleturn|p2a: Staraptor|Protect\n|move|p1a: Basculegion|Aqua Jet|p2a: Staraptor\n|-activate|p2a: Staraptor|move: Protect\n|move|p1b: Sneasler|Dire Claw|p2b: Hydreigon\n|-damage|p2b: Hydreigon|56/100\n|-status|p2b: Hydreigon|psn\n|\n|-damage|p2b: Hydreigon|44/100 psn|[from] psn\n|-damage|p2a: Staraptor|9/100 brn|[from] brn\n|-sideend|p2: none0279|move: Tailwind\n|upkeep\n|turn|8\n|inactive|jeanryupr has 30 seconds left.\n|inactive|jeanryupr has 20 seconds left.\n|inactive|jeanryupr has 15 seconds left.\n|inactive|jeanryupr has 10 seconds left.\n|\n|t:|1788449021\n|move|p1a: Basculegion|Aqua Jet|p2a: Staraptor\n|-damage|p2a: Staraptor|0 fnt\n|faint|p2a: Staraptor\n|-damage|p1a: Basculegion|53/100|[from] item: Life Orb\n|move|p2b: Hydreigon|Dark Pulse|p1a: Basculegion\n|-supereffective|p1a: Basculegion|1\n|-damage|p1a: Basculegion|0 fnt\n|faint|p1a: Basculegion\n|move|p1b: Sneasler|Close Combat|p2b: Hydreigon\n|-supereffective|p2b: Hydreigon|1\n|-damage|p2b: Hydreigon|0 fnt\n|-unboost|p1b: Sneasler|def|1\n|-unboost|p1b: Sneasler|spd|1\n|faint|p2b: Hydreigon\n|-enditem|p1b: Sneasler|White Herb\n|-clearnegativeboost|p1b: Sneasler|[silent]\n|\n|upkeep\n|\n|t:|1788449027\n|switch|p2a: Incineroar|Incineroar, L50, M|100/100\n|switch|p2b: Whimsicott|Whimsicott, L50, F|50/100g brn\n|-ability|p2a: Incineroar|Intimidate|boost\n|-unboost|p1b: Sneasler|atk|1\n|turn|9\n|\n|t:|1788449041\n|move|p2a: Incineroar|Fake Out|p1b: Sneasler\n|-damage|p1b: Sneasler|84/100\n|cant|p1b: Sneasler|flinch\n|move|p2b: Whimsicott|Moonblast|p1b: Sneasler\n|-damage|p1b: Sneasler|42/100\n|\n|-damage|p2b: Whimsicott|44/100 brn|[from] brn\n|upkeep\n|turn|10\n|\n|t:|1788449051\n|move|p2b: Whimsicott|Encore|p1b: Sneasler\n|-start|p1b: Sneasler|Encore\n|move|p1b: Sneasler|Close Combat|p2a: Incineroar\n|-supereffective|p2a: Incineroar|1\n|-damage|p2a: Incineroar|42/100\n|-unboost|p1b: Sneasler|def|1\n|-unboost|p1b: Sneasler|spd|1\n|-enditem|p2a: Incineroar|Sitrus Berry|[eat]\n|-heal|p2a: Incineroar|67/100|[from] item: Sitrus Berry\n|move|p2a: Incineroar|Flare Blitz|p1b: Sneasler\n|-damage|p1b: Sneasler|0 fnt\n|faint|p1b: Sneasler\n|-damage|p2a: Incineroar|55/100|[from] Recoil\n|\n|win|none0279\n","uploadtime":1788448760,"views":"0","formatid":"gen9championsvgc2026regmbbo3","rating":null,"private":0,"password":null}