{"id":"gen9championsvgc2026regmbbo3-2673609970","format":"[Gen 9 Champions] VGC 2026 Reg M-B (Bo3)","players":["guinman24","throat chop user"],"log":"|j|☆guinman24\n|j|☆throat chop user\n|html|<table width=\"100%\"><tr><td align=\"left\">guinman24</td><td align=\"right\">throat chop user</tr><tr><td align=\"left\"><i class=\"fa fa-circle\"></i> <i class=\"fa fa-circle-o\"></i> </td><td align=\"right\"><i class=\"fa fa-circle-o\"></i> <i class=\"fa fa-circle-o\"></i> </tr></table>\n|uhtml|bestof|<h2><strong>Game 2</strong> of <a href=\"/game-bestof3-gen9championsvgc2026regmbbo3-2673607080\">a best-of-3</a></h2>\n|t:|1788220830\n|gametype|doubles\n|player|p1|guinman24|infielder|1138\n|player|p2|throat chop user|may|1385\n|gen|9\n|tier|[Gen 9 Champions] VGC 2026 Reg M-B (Bo3)\n|rated|\n|rule|Species Clause: Limit one of each Pokémon\n|rule|Item Clause: Limit 1 of each item\n|clearpoke\n|poke|p1|Glimmora, L50, F, shiny|\n|poke|p1|Kingambit, L50, M|\n|poke|p1|Basculegion, L50, M|\n|poke|p1|Tyranitar, L50, M|\n|poke|p1|Staraptor, L50, F|\n|poke|p1|Whimsicott, L50, M|\n|poke|p2|Floette-Eternal, L50, F|\n|poke|p2|Basculegion, L50, M|\n|poke|p2|Kingambit, L50, F|\n|poke|p2|Dragonite, L50, F, shiny|\n|poke|p2|Sneasler, L50, F|\n|poke|p2|Garchomp, L50, F|\n|teampreview|4\n|showteam|p1|Glimmora||LifeOrb|ToxicDebris|SludgeBomb,PowerGem,EarthPower,SpikyShield|Timid||F|||50|]Kingambit||ChopleBerry|Defiant|IronHead,SuckerPunch,KowtowCleave,LowKick|Brave||M|||50|]Basculegion||ChoiceScarf|Adaptability|WaveCrash,AquaJet,LastRespects,FlipTurn|Adamant||M|||50|]Tyranitar||SitrusBerry|SandStream|RockSlide,KnockOff,Earthquake,Protect|Adamant||M|||50|]Staraptor||Staraptite|Intimidate|CloseCombat,BraveBird,Roost,Protect|Jolly||F|||50|]Whimsicott||FocusSash|Prankster|Charm,Protect,Tailwind,Moonblast|Timid||M|||50|\n|showteam|p2|Floette-Eternal||Floettite|FlowerVeil|Moonblast,DazzlingGleam,LightofRuin,Protect|Timid||F|||50|]Basculegion||SitrusBerry|Adaptability|WaveCrash,LastRespects,AquaJet,Protect|Adamant||M|||50|]Kingambit||ChopleBerry|Defiant|SuckerPunch,KowtowCleave,LowKick,IronHead|Adamant||F|||50|]Dragonite||Dragoninite|Multiscale|DragonPulse,HeatWave,ExtremeSpeed,Protect|Modest||F|||50|]Sneasler||FocusSash|PoisonTouch|CloseCombat,DireClaw,FakeOut,Feint|Jolly||F|||50|]Garchomp||ChoiceScarf|RoughSkin|Earthquake,DragonClaw,RockSlide,StompingTantrum|Adamant||F|||50|\n|\n|t:|1788220881\n|teamsize|p1|4\n|teamsize|p2|4\n|start\n|switch|p1a: Basculegion|Basculegion, L50, M|100/100\n|switch|p1b: Whimsicott|Whimsicott, L50, M|100/100\n|switch|p2a: Sneasler|Sneasler, L50, F|100/100\n|switch|p2b: Dragonite|Dragonite, L50, F, shiny|100/100\n|turn|1\n|inactive|Battle timer is ON: inactive players will automatically lose when time's up. (requested by throat chop user)\n|inactive|throat chop user has 30 seconds left.\n|\n|t:|1788220928\n|detailschange|p2b: Dragonite|Dragonite-Mega, L50, F, shiny\n|-mega|p2b: Dragonite|Dragonite|Dragoninite\n|move|p2a: Sneasler|Feint|p1b: Whimsicott\n|-damage|p1b: Whimsicott|82/100\n|move|p1b: Whimsicott|Tailwind|p1b: Whimsicott\n|-sidestart|p1: guinman24|move: Tailwind\n|move|p1a: Basculegion|Flip Turn|p2b: Dragonite\n|-resisted|p2b: Dragonite|1\n|-damage|p2b: Dragonite|91/100\n|\n|t:|1788220939\n|switch|p1a: Staraptor|Staraptor, L50, F|100/100|[from] Flip Turn\n|-ability|p1a: Staraptor|Intimidate|boost\n|-unboost|p2a: Sneasler|atk|1\n|-unboost|p2b: Dragonite|atk|1\n|move|p2b: Dragonite|Heat Wave|p1b: Whimsicott|[spread] p1a,p1b\n|-supereffective|p1b: Whimsicott|1\n|-damage|p1a: Staraptor|60/100\n|-damage|p1b: Whimsicott|0 fnt\n|faint|p1b: Whimsicott\n|\n|upkeep\n|\n|t:|1788220955\n|switch|p1b: Glimmora|Glimmora, L50, F, shiny|100/100\n|turn|2\n|\n|t:|1788220977\n|detailschange|p1a: Staraptor|Staraptor-Mega, L50, F\n|-mega|p1a: Staraptor|Staraptor|Staraptite\n|move|p2b: Dragonite|Protect|p2b: Dragonite\n|-singleturn|p2b: Dragonite|Protect\n|move|p1a: Staraptor|Close Combat|p2a: Sneasler\n|-resisted|p2a: Sneasler|1\n|-damage|p2a: Sneasler|47/100\n|-boost|p1a: Staraptor|def|1\n|-boost|p1a: Staraptor|spd|1\n|move|p1b: Glimmora|Earth Power|p2a: Sneasler\n|-supereffective|p2a: Sneasler|1\n|-crit|p2a: Sneasler\n|-damage|p2a: Sneasler|0 fnt\n|faint|p2a: Sneasler\n|-damage|p1b: Glimmora|90/100|[from] item: Life Orb\n|\n|upkeep\n|\n|t:|1788220989\n|switch|p2a: Basculegion|Basculegion, L50, M|100/100\n|turn|3\n|\n|t:|1788221010\n|switch|p2b: Kingambit|Kingambit, L50, F|100/100\n|move|p1b: Glimmora|Spiky Shield|p1b: Glimmora\n|-singleturn|p1b: Glimmora|move: Protect\n|move|p1a: Staraptor|Close Combat|p2b: Kingambit\n|-supereffective|p2b: Kingambit|2\n|-enditem|p2b: Kingambit|Chople Berry|[eat]\n|-enditem|p2b: Kingambit|Chople Berry|[weaken]\n|-damage|p2b: Kingambit|12/100\n|-boost|p1a: Staraptor|def|1\n|-boost|p1a: Staraptor|spd|1\n|move|p2a: Basculegion|Last Respects|p1a: Staraptor\n|-damage|p1a: Staraptor|31/100\n|\n|upkeep\n|turn|4\n|inactive|guinman24 has 30 seconds left.\n|inactive|throat chop user has 30 seconds left.\n|\n|t:|1788221044\n|switch|p2b: Dragonite|Dragonite-Mega, L50, F, shiny|91/100\n|move|p2a: Basculegion|Aqua Jet|p1b: Glimmora\n|-supereffective|p1b: Glimmora|1\n|-damage|p1b: Glimmora|25/100\n|-activate|p1b: Glimmora|ability: Toxic Debris\n|-sidestart|p2: throat chop user|move: Toxic Spikes\n|move|p1a: Staraptor|Roost|p1a: Staraptor\n|-heal|p1a: Staraptor|81/100\n|-singleturn|p1a: Staraptor|move: Roost\n|move|p1b: Glimmora|Earth Power|p2b: Dragonite\n|-immune|p2b: Dragonite\n|\n|-sideend|p1: guinman24|move: Tailwind\n|upkeep\n|turn|5\n|inactive|guinman24 has 30 seconds left.\n|\n|t:|1788221075\n|move|p2a: Basculegion|Aqua Jet|p1b: Glimmora\n|-supereffective|p1b: Glimmora|1\n|-damage|p1b: Glimmora|0 fnt\n|-activate|p1b: Glimmora|ability: Toxic Debris\n|-sidestart|p2: throat chop user|move: Toxic Spikes\n|faint|p1b: Glimmora\n|move|p1a: Staraptor|Close Combat|p2b: Dragonite\n|-resisted|p2b: Dragonite|1\n|-damage|p2b: Dragonite|65/100\n|-boost|p1a: Staraptor|def|1\n|-boost|p1a: Staraptor|spd|1\n|move|p2b: Dragonite|Dragon Pulse|p1a: Staraptor\n|-damage|p1a: Staraptor|61/100\n|\n|upkeep\n|\n|t:|1788221087\n|switch|p1b: Basculegion|Basculegion, L50, M|100/100\n|turn|6\n|\n|t:|1788221106\n|move|p2a: Basculegion|Aqua Jet|p1a: Staraptor\n|-damage|p1a: Staraptor|50/100g\n|move|p1b: Basculegion|Last Respects|p2a: Basculegion\n|-supereffective|p2a: Basculegion|1\n|-damage|p2a: Basculegion|0 fnt\n|faint|p2a: Basculegion\n|move|p1a: Staraptor|Close Combat|p2b: Dragonite\n|-resisted|p2b: Dragonite|1\n|-damage|p2b: Dragonite|41/100\n|-boost|p1a: Staraptor|def|1\n|-boost|p1a: Staraptor|spd|1\n|move|p2b: Dragonite|Dragon Pulse|p1a: Staraptor\n|-damage|p1a: Staraptor|33/100\n|\n|upkeep\n|\n|t:|1788221112\n|switch|p2a: Kingambit|Kingambit, L50, F|12/100\n|turn|7\n|\n|t:|1788221132\n|move|p2a: Kingambit|Sucker Punch|p1b: Basculegion\n|-supereffective|p1b: Basculegion|1\n|-damage|p1b: Basculegion|0 fnt\n|faint|p1b: Basculegion\n|move|p1a: Staraptor|Close Combat|p2a: Kingambit\n|-supereffective|p2a: Kingambit|2\n|-damage|p2a: Kingambit|0 fnt\n|-boost|p1a: Staraptor|def|1\n|-boost|p1a: Staraptor|spd|1\n|faint|p2a: Kingambit\n|move|p2b: Dragonite|Dragon Pulse|p1a: Staraptor\n|-damage|p1a: Staraptor|19/100\n|\n|upkeep\n|turn|8\n|\n|t:|1788221145\n|move|p1a: Staraptor|Roost|p1a: Staraptor\n|-heal|p1a: Staraptor|69/100\n|-singleturn|p1a: Staraptor|move: Roost\n|move|p2b: Dragonite|Dragon Pulse|p1a: Staraptor\n|-damage|p1a: Staraptor|55/100\n|\n|upkeep\n|turn|9\n|\n|t:|1788221152\n|move|p1a: Staraptor|Roost|p1a: Staraptor\n|-heal|p1a: Staraptor|100/100\n|-singleturn|p1a: Staraptor|move: Roost\n|move|p2b: Dragonite|Dragon Pulse|p1a: Staraptor\n|-damage|p1a: Staraptor|84/100\n|\n|upkeep\n|turn|10\n|\n|t:|1788221166\n|move|p1a: Staraptor|Brave Bird|p2b: Dragonite\n|-damage|p2b: Dragonite|0 fnt\n|faint|p2b: Dragonite\n|-damage|p1a: Staraptor|70/100|[from] Recoil\n|\n|win|guinman24\n|raw|guinman24's rating: 1138 &rarr; <strong>1178</strong><br />(+40 for winning)\n|raw|throat chop user's rating: 1385 &rarr; <strong>1353</strong><br />(-32 for losing)\n|l|☆throat chop user\n|player|p2|\n","uploadtime":1788221194,"views":"0","formatid":"gen9championsvgc2026regmbbo3","rating":1178,"private":0,"password":null}