{"id":"gen9championsvgc2026regmb-2674351776","format":"[Gen 9 Champions] VGC 2026 Reg M-B","players":["xd45454","defiantvgc"],"log":"|j|☆xd45454\n|j|☆defiantvgc\n|t:|1788347060\n|gametype|doubles\n|player|p1|xd45454|102|\n|player|p2|defiantvgc|spark-casual|\n|gen|9\n|tier|[Gen 9 Champions] VGC 2026 Reg M-B\n|rated|Tournament battle\n|rule|Species Clause: Limit one of each Pokémon\n|rule|Item Clause: Limit 1 of each item\n|raw|<div class=\"infobox\"><details class=\"readmore\" open><summary><strong>1 custom rule:</strong></summary> Force Open Team Sheets</details></div>\n|clearpoke\n|poke|p1|Froslass, L50, F|\n|poke|p1|Sneasler, L50, F|\n|poke|p1|Kingambit, L50, F|\n|poke|p1|Basculegion, L50, M|\n|poke|p1|Scovillain, L50, M|\n|poke|p1|Lycanroc-Dusk, L50, F|\n|poke|p2|Eelektross, L50, F|\n|poke|p2|Vivillon-Sandstorm, L50, M|\n|poke|p2|Garchomp, L50, M|\n|poke|p2|Farigiraf, L50, M|\n|poke|p2|Sylveon, L50, F|\n|poke|p2|Kangaskhan, L50, F|\n|teampreview|4\n|showteam|p1|Froslass||Froslassite|CursedBody|Protect,Blizzard,AuroraVeil,ShadowBall|Modest||F|||50|]Sneasler||WhiteHerb|Unburden|Protect,CloseCombat,FakeOut,GunkShot|Adamant||F|||50|]Kingambit||BlackGlasses|Defiant|Protect,KowtowCleave,SwordsDance,SuckerPunch|Adamant||F|||50|]Basculegion||SitrusBerry|Adaptability|Protect,WaveCrash,LastRespects,AquaJet|Adamant||M|||50|]Scovillain||Scovillainite|Moody|Protect,GigaDrain,Overheat,RagePowder|Bold||M|||50|]Lycanroc-Dusk||FocusSash|ToughClaws|Protect,Accelerock,RockSlide,CloseCombat|Adamant||F|||50|\n|showteam|p2|Eelektross||Eelektrossite|Levitate|Discharge,Thunderbolt,Flamethrower,Protect|Modest||F|||50|]Vivillon-Sandstorm||ChoiceScarf|CompoundEyes|SleepPowder,RagePowder,Hurricane,Tailwind|Timid||M|||50|]Garchomp||LifeOrb|RoughSkin|DragonClaw,Earthquake,RockSlide,Protect|Adamant||M|||50|]Farigiraf||ColburBerry|ArmorTail|FoulPlay,Psychic,TrickRoom,HelpingHand|Calm||M|||50|]Sylveon||FairyFeather|Pixilate|HyperVoice,HyperBeam,QuickAttack,Detect|Modest||F|||50|]Kangaskhan||Kangaskhanite|Scrappy|DoubleEdge,FakeOut,DrainPunch,SuckerPunch|Adamant||F|||50|\n|inactive|Battle timer is ON: inactive players will automatically lose when time's up. (requested by defiantvgc)\n|j| Indigo Crisp\n|j| endershovel\n|\n|t:|1788347090\n|teamsize|p1|4\n|teamsize|p2|4\n|start\n|switch|p1a: Scovillain|Scovillain, L50, M|100/100\n|switch|p1b: Froslass|Froslass, L50, F|100/100\n|switch|p2a: Eelektross|Eelektross, L50, F|100/100\n|switch|p2b: Vivillon|Vivillon-Sandstorm, L50, M|100/100\n|turn|1\n|\n|t:|1788347106\n|detailschange|p1b: Froslass|Froslass-Mega, L50, F\n|-mega|p1b: Froslass|Froslass|Froslassite\n|-weather|Snowscape|[from] ability: Snow Warning|[of] p1b: Froslass\n|detailschange|p2a: Eelektross|Eelektross-Mega, L50, F\n|-mega|p2a: Eelektross|Eelektross|Eelektrossite\n|move|p1a: Scovillain|Rage Powder|p1a: Scovillain\n|-singleturn|p1a: Scovillain|move: Rage Powder\n|move|p2b: Vivillon|Tailwind|p2b: Vivillon\n|-sidestart|p2: defiantvgc|move: Tailwind\n|move|p2a: Eelektross|Discharge|p1a: Scovillain|[spread] p2b,p1a,p1b\n|-supereffective|p2b: Vivillon|1\n|-resisted|p1a: Scovillain|1\n|-damage|p2b: Vivillon|0 fnt\n|-damage|p1a: Scovillain|77/100\n|-damage|p1b: Froslass|60/100\n|-status|p1b: Froslass|par\n|faint|p2b: Vivillon\n|-ability|p2a: Eelektross|Eelevate|boost\n|-boost|p2a: Eelektross|spa|1\n|move|p1b: Froslass|Blizzard|p2a: Eelektross\n|-damage|p2a: Eelektross|34/100\n|\n|-weather|Snowscape|[upkeep]\n|-ability|p1a: Scovillain|Moody|boost\n|-boost|p1a: Scovillain|spa|2\n|-unboost|p1a: Scovillain|spd|1\n|upkeep\n|\n|t:|1788347120\n|switch|p2b: Sylveon|Sylveon, L50, F|100/100\n|turn|2\n|\n|t:|1788347136\n|move|p1a: Scovillain|Protect|p1a: Scovillain\n|-singleturn|p1a: Scovillain|Protect\n|move|p2a: Eelektross|Flamethrower|p1a: Scovillain\n|-activate|p1a: Scovillain|move: Protect\n|move|p2b: Sylveon|Hyper Voice|p1a: Scovillain|[spread] p1b\n|-activate|p1a: Scovillain|move: Protect\n|-damage|p1b: Froslass|12/100 par\n|move|p1b: Froslass|Blizzard|p2a: Eelektross|[spread] p2a,p2b\n|-damage|p2a: Eelektross|0 fnt\n|-damage|p2b: Sylveon|67/100\n|faint|p2a: Eelektross\n|\n|-weather|Snowscape|[upkeep]\n|-ability|p1a: Scovillain|Moody|boost\n|-boost|p1a: Scovillain|spe|2\n|-unboost|p1a: Scovillain|def|1\n|upkeep\n|\n|t:|1788347140\n|switch|p2a: Garchomp|Garchomp, L50, M|100/100\n|turn|3\n|inactive|xd45454 has 30 seconds left.\n|\n|t:|1788347170\n|move|p2a: Garchomp|Dragon Claw|p1a: Scovillain\n|-damage|p1a: Scovillain|0 fnt\n|faint|p1a: Scovillain\n|-damage|p2a: Garchomp|90/100|[from] item: Life Orb\n|move|p2b: Sylveon|Hyper Voice|p1b: Froslass\n|-damage|p1b: Froslass|0 fnt\n|faint|p1b: Froslass\n|\n|-weather|Snowscape|[upkeep]\n|upkeep\n|\n|t:|1788347180\n|switch|p1b: Sneasler|Sneasler, L50, F|100/100\n|switch|p1a: Kingambit|Kingambit, L50, F|100/100\n|turn|4\n|\n|t:|1788347192\n|move|p1b: Sneasler|Protect|p1b: Sneasler\n|-singleturn|p1b: Sneasler|Protect\n|move|p1a: Kingambit|Protect|p1a: Kingambit\n|-singleturn|p1a: Kingambit|Protect\n|move|p2a: Garchomp|Earthquake|p1a: Kingambit|[spread] p2b\n|-activate|p1a: Kingambit|move: Protect\n|-activate|p1b: Sneasler|move: Protect\n|-damage|p2b: Sylveon|6/100\n|-damage|p2a: Garchomp|80/100|[from] item: Life Orb\n|move|p2b: Sylveon|Hyper Voice|p1b: Sneasler|[spread] \n|-activate|p1a: Kingambit|move: Protect\n|-activate|p1b: Sneasler|move: Protect\n|\n|-weather|Snowscape|[upkeep]\n|-sideend|p2: defiantvgc|move: Tailwind\n|upkeep\n|turn|5\n|inactive|xd45454 has 30 seconds left.\n|\n|t:|1788347225\n|move|p2a: Garchomp|Protect|p2a: Garchomp\n|-singleturn|p2a: Garchomp|Protect\n|move|p1a: Kingambit|Sucker Punch||[still]\n|-fail|p1a: Kingambit\n|move|p1b: Sneasler|Close Combat|p2a: Garchomp\n|-activate|p2a: Garchomp|move: Protect\n|move|p2b: Sylveon|Hyper Beam|p1a: Kingambit\n|-damage|p1a: Kingambit|7/100\n|-mustrecharge|p2b: Sylveon\n|\n|-weather|none\n|upkeep\n|turn|6\n|\n|t:|1788347236\n|move|p1a: Kingambit|Sucker Punch|p2a: Garchomp\n|-crit|p2a: Garchomp\n|-damage|p2a: Garchomp|13/100\n|-damage|p1a: Kingambit|0 fnt|[from] ability: Rough Skin|[of] p2a: Garchomp\n|faint|p1a: Kingambit\n|move|p1b: Sneasler|Close Combat|p2a: Garchomp\n|-damage|p2a: Garchomp|0 fnt\n|-unboost|p1b: Sneasler|def|1\n|-unboost|p1b: Sneasler|spd|1\n|-damage|p1b: Sneasler|87/100|[from] ability: Rough Skin|[of] p2a: Garchomp\n|faint|p2a: Garchomp\n|-enditem|p1b: Sneasler|White Herb\n|-clearnegativeboost|p1b: Sneasler|[silent]\n|cant|p2b: Sylveon|recharge\n|\n|upkeep\n|turn|7\n|\n|t:|1788347245\n|move|p2b: Sylveon|Detect|p2b: Sylveon\n|-singleturn|p2b: Sylveon|Protect\n|move|p1b: Sneasler|Close Combat|p2b: Sylveon\n|-activate|p2b: Sylveon|move: Protect\n|\n|upkeep\n|turn|8\n|-message|defiantvgc forfeited.\n|\n|win|xd45454\n|n|☆xd45454|xd45454\n|n|☆defiantvgc|defiantvgc\n|n| Indigo Crisp|indigocrisp\n|n| endershovel|endershovel\n","uploadtime":1788347246,"views":"0","formatid":"gen9championsvgc2026regmb","rating":null,"private":0,"password":null}