{"id":"gen9championsvgc2026regmbbo3-2674075730","format":"[Gen 9 Champions] VGC 2026 Reg M-B (Bo3)","players":["Pawah","TPG_1"],"log":"|j|☆Pawah\n|j|☆TPG_1\n|html|<table width=\"100%\"><tr><td align=\"left\">Pawah</td><td align=\"right\">TPG_1</tr><tr><td align=\"left\"><i class=\"fa fa-circle\"></i> <i class=\"fa fa-circle-o\"></i> </td><td align=\"right\"><i class=\"fa fa-circle-o\"></i> <i class=\"fa fa-circle\"></i> </tr></table>\n|uhtml|bestof|<h2><strong>Game 3</strong> of <a href=\"/game-bestof3-gen9championsvgc2026regmbbo3-2674072923\">a best-of-3</a></h2>\n|t:|1788295785\n|gametype|doubles\n|player|p1|Pawah|ethan|1177\n|player|p2|TPG_1|ghetsis|1080\n|gen|9\n|tier|[Gen 9 Champions] VGC 2026 Reg M-B (Bo3)\n|rated|\n|rule|Species Clause: Limit one of each Pokémon\n|rule|Item Clause: Limit 1 of each item\n|clearpoke\n|poke|p1|Froslass, L50, F|\n|poke|p1|Scovillain, L50, M, shiny|\n|poke|p1|Basculegion, L50, M|\n|poke|p1|Kingambit, L50, F|\n|poke|p1|Sneasler, L50, M|\n|poke|p1|Lycanroc-Dusk, L50, F|\n|poke|p2|Floette-Eternal, L50, F|\n|poke|p2|Basculegion, L50, M|\n|poke|p2|Kingambit, L50, M|\n|poke|p2|Dragonite, L50, M|\n|poke|p2|Garchomp, L50, M|\n|poke|p2|Sneasler, L50, M|\n|teampreview|4\n|showteam|p1|Froslass||Froslassite|CursedBody|Blizzard,ShadowBall,AuroraVeil,Protect|Modest||F|||50|]Scovillain||Scovillainite|Moody|GigaDrain,Overheat,RagePowder,Protect|Bold||M|||50|]Basculegion||SitrusBerry|Adaptability|WaveCrash,LastRespects,AquaJet,Protect|Adamant||M|||50|]Kingambit||BlackGlasses|Defiant|KowtowCleave,SuckerPunch,SwordsDance,Protect|Adamant||F|||50|]Sneasler||WhiteHerb|Unburden|CloseCombat,GunkShot,Protect,FakeOut|Adamant||M|||50|]Lycanroc-Dusk||FocusSash|ToughClaws|CloseCombat,Accelerock,RockSlide,Protect|Adamant||F|||50|\n|showteam|p2|Floette-Eternal||Floettite|FlowerVeil|Moonblast,Protect,LightofRuin,DazzlingGleam|Timid||F|||50|]Basculegion||LifeOrb|Adaptability|WaveCrash,LastRespects,AquaJet,Protect|Adamant||M|||50|]Kingambit||ChopleBerry|Defiant|KowtowCleave,IronHead,SuckerPunch,LowKick|Adamant||M|||50|]Dragonite||Dragoninite|Multiscale|DragonPulse,HeatWave,ExtremeSpeed,Protect|Modest||M|||50|]Garchomp||ChoiceScarf|RoughSkin|Earthquake,DragonClaw,StompingTantrum,RockSlide|Adamant||M|||50|]Sneasler||FocusSash|PoisonTouch|FakeOut,CloseCombat,DireClaw,Feint|Jolly||M|||50|\n|inactive|Battle timer is ON: inactive players will automatically lose when time's up. (requested by Pawah)\n|\n|t:|1788295804\n|teamsize|p1|4\n|teamsize|p2|4\n|start\n|switch|p1a: Froslass|Froslass, L50, F|100/100\n|switch|p1b: Sneasler|Sneasler, L50, M|100/100\n|switch|p2a: Dragonite|Dragonite, L50, M|100/100\n|switch|p2b: Kingambit|Kingambit, L50, M|100/100\n|turn|1\n|\n|t:|1788295818\n|detailschange|p1a: Froslass|Froslass-Mega, L50, F\n|-mega|p1a: Froslass|Froslass|Froslassite\n|-weather|Snowscape|[from] ability: Snow Warning|[of] p1a: Froslass\n|detailschange|p2a: Dragonite|Dragonite-Mega, L50, M\n|-mega|p2a: Dragonite|Dragonite|Dragoninite\n|move|p2a: Dragonite|Protect|p2a: Dragonite\n|-singleturn|p2a: Dragonite|Protect\n|move|p1b: Sneasler|Fake Out|p2b: Kingambit\n|-resisted|p2b: Kingambit|1\n|-damage|p2b: Kingambit|95/100\n|cant|p2b: Kingambit|flinch\n|move|p1a: Froslass|Aurora Veil|p1a: Froslass\n|-sidestart|p1: Pawah|move: Aurora Veil\n|\n|-weather|Snowscape|[upkeep]\n|upkeep\n|turn|2\n|\n|t:|1788295839\n|switch|p1a: Scovillain|Scovillain, L50, M, shiny|100/100\n|move|p2b: Kingambit|Sucker Punch||[still]\n|-fail|p2b: Kingambit\n|move|p1b: Sneasler|Close Combat|p2b: Kingambit\n|-supereffective|p2b: Kingambit|2\n|-crit|p2b: Kingambit\n|-enditem|p2b: Kingambit|Chople Berry|[eat]\n|-enditem|p2b: Kingambit|Chople Berry|[weaken]\n|-damage|p2b: Kingambit|0 fnt\n|-unboost|p1b: Sneasler|def|1\n|-unboost|p1b: Sneasler|spd|1\n|faint|p2b: Kingambit\n|-enditem|p1b: Sneasler|White Herb\n|-clearnegativeboost|p1b: Sneasler|[silent]\n|move|p2a: Dragonite|Heat Wave|p1a: Scovillain|[spread] p1b\n|-miss|p2a: Dragonite|p1a: Scovillain\n|-damage|p1b: Sneasler|77/100\n|\n|-weather|Snowscape|[upkeep]\n|-ability|p1a: Scovillain|Moody|boost\n|-boost|p1a: Scovillain|spa|2\n|-unboost|p1a: Scovillain|def|1\n|upkeep\n|\n|t:|1788295859\n|switch|p2b: Sneasler|Sneasler, L50, M|100/100\n|turn|3\n|\n|t:|1788295871\n|move|p1b: Sneasler|Protect|p1b: Sneasler\n|-singleturn|p1b: Sneasler|Protect\n|move|p1a: Scovillain|Protect|p1a: Scovillain\n|-singleturn|p1a: Scovillain|Protect\n|move|p2b: Sneasler|Fake Out|p1b: Sneasler\n|-activate|p1b: Sneasler|move: Protect\n|move|p2a: Dragonite|Dragon Pulse|p1a: Scovillain\n|-activate|p1a: Scovillain|move: Protect\n|\n|-weather|Snowscape|[upkeep]\n|-ability|p1a: Scovillain|Moody|boost\n|-boost|p1a: Scovillain|def|2\n|-unboost|p1a: Scovillain|atk|1\n|upkeep\n|turn|4\n|\n|t:|1788295879\n|move|p1b: Sneasler|Gunk Shot|p2a: Dragonite\n|-damage|p2a: Dragonite|77/100\n|-status|p2a: Dragonite|psn\n|move|p2b: Sneasler|Dire Claw|p1a: Scovillain\n|-supereffective|p1a: Scovillain|1\n|-damage|p1a: Scovillain|58/100\n|-status|p1a: Scovillain|psn|[from] ability: Poison Touch|[of] p2b: Sneasler\n|move|p2a: Dragonite|Dragon Pulse|p1a: Scovillain\n|-damage|p1a: Scovillain|17/100 psn\n|move|p1a: Scovillain|Overheat|p2b: Sneasler|[miss]\n|-miss|p1a: Scovillain|p2b: Sneasler\n|\n|-weather|Snowscape|[upkeep]\n|-damage|p2a: Dragonite|65/100 psn|[from] psn\n|-damage|p1a: Scovillain|5/100 psn|[from] psn\n|-ability|p1a: Scovillain|Moody|boost\n|-boost|p1a: Scovillain|spe|2\n|-unboost|p1a: Scovillain|def|1\n|upkeep\n|turn|5\n|inactive|TPG_1 has 30 seconds left.\n|\n|t:|1788295906\n|move|p1a: Scovillain|Rage Powder|p1a: Scovillain\n|-singleturn|p1a: Scovillain|move: Rage Powder\n|move|p2b: Sneasler|Feint|p1a: Scovillain\n|-damage|p1a: Scovillain|0 fnt\n|faint|p1a: Scovillain\n|move|p1b: Sneasler|Gunk Shot|p2a: Dragonite\n|-damage|p2a: Dragonite|10/100 psn\n|move|p2a: Dragonite|Dragon Pulse|p1b: Sneasler\n|-crit|p1b: Sneasler\n|-damage|p1b: Sneasler|0 fnt\n|faint|p1b: Sneasler\n|\n|-weather|none\n|-damage|p2a: Dragonite|0 fnt|[from] psn\n|faint|p2a: Dragonite\n|-sideend|p1: Pawah|move: Aurora Veil\n|upkeep\n|\n|t:|1788295919\n|switch|p1b: Froslass|Froslass-Mega, L50, F|100/100\n|switch|p2a: Basculegion|Basculegion, L50, M|100/100\n|switch|p1a: Basculegion|Basculegion, L50, M|100/100\n|-weather|Snowscape|[from] ability: Snow Warning|[of] p1b: Froslass\n|turn|6\n|\n|t:|1788295934\n|move|p2a: Basculegion|Protect|p2a: Basculegion\n|-singleturn|p2a: Basculegion|Protect\n|move|p1a: Basculegion|Aqua Jet|p2a: Basculegion\n|-activate|p2a: Basculegion|move: Protect\n|move|p2b: Sneasler|Dire Claw|p1b: Froslass\n|-resisted|p1b: Froslass|1\n|-damage|p1b: Froslass|78/100\n|move|p1b: Froslass|Shadow Ball|p2a: Basculegion\n|-activate|p2a: Basculegion|move: Protect\n|\n|-weather|Snowscape|[upkeep]\n|upkeep\n|turn|7\n|inactive|TPG_1 has 30 seconds left.\n|\n|t:|1788295960\n|move|p1a: Basculegion|Aqua Jet|p2a: Basculegion\n|-resisted|p2a: Basculegion|1\n|-damage|p2a: Basculegion|83/100\n|move|p2b: Sneasler|Dire Claw|p1b: Froslass\n|-resisted|p1b: Froslass|1\n|-damage|p1b: Froslass|57/100\n|move|p1b: Froslass|Shadow Ball|p2a: Basculegion\n|-supereffective|p2a: Basculegion|1\n|-damage|p2a: Basculegion|0 fnt\n|faint|p2a: Basculegion\n|\n|-weather|Snowscape|[upkeep]\n|upkeep\n|turn|8\n|\n|t:|1788295972\n|move|p2b: Sneasler|Dire Claw|p1b: Froslass\n|-resisted|p1b: Froslass|1\n|-damage|p1b: Froslass|38/100\n|move|p1b: Froslass|Shadow Ball|p2b: Sneasler\n|-damage|p2b: Sneasler|44/100\n|move|p1a: Basculegion|Last Respects|p2b: Sneasler\n|-damage|p2b: Sneasler|0 fnt\n|faint|p2b: Sneasler\n|\n|win|Pawah\n|raw|Pawah's rating: 1177 &rarr; <strong>1195</strong><br />(+18 for winning)\n|raw|TPG_1's rating: 1080 &rarr; <strong>1064</strong><br />(-16 for losing)\n","uploadtime":1788295972,"views":"0","formatid":"gen9championsvgc2026regmbbo3","rating":1064,"private":0,"password":null}