{"id":"gen9championsvgc2026regmb-2674871255","format":"[Gen 9 Champions] VGC 2026 Reg M-B","players":["carrotbeafsteak","oreo_stars"],"log":"|j|☆carrotbeafsteak\n|j|☆oreo_stars\n|html|<table width=\"100%\"><tr><td align=\"left\">carrotbeafsteak</td><td align=\"right\">oreo_stars</tr><tr><td align=\"left\"><i class=\"fa fa-circle-o\"></i> <i class=\"fa fa-circle-o\"></i> </td><td align=\"right\"><i class=\"fa fa-circle-o\"></i> <i class=\"fa fa-circle-o\"></i> </tr></table>\n|uhtml|bestof|<h2><strong>Game 1</strong> of <a href=\"/game-bestof3-gen9championsvgc2026regmb-2674871254\">a best-of-3</a></h2>\n|t:|1788425872\n|gametype|doubles\n|player|p1|carrotbeafsteak|1|\n|player|p2|oreo_stars|265|\n|gen|9\n|tier|[Gen 9 Champions] VGC 2026 Reg M-B\n|rated|Tournament battle\n|rule|Species Clause: Limit one of each Pokémon\n|rule|Item Clause: Limit 1 of each item\n|raw|<div class=\"infobox\"><details class=\"readmore\" open><summary><strong>2 custom rules:</strong></summary> Force Open Team Sheets, Best of = 3</details></div>\n|clearpoke\n|poke|p1|Simipour, L50, F|\n|poke|p1|Simisage, L50, M|\n|poke|p1|Simisear, L50, F|\n|poke|p1|Pelipper, L50, M|\n|poke|p1|Torkoal, L50, F|\n|poke|p1|Gyarados, L50, M|\n|poke|p2|Venusaur, L50, M|\n|poke|p2|Primarina, L50, M|\n|poke|p2|Kingambit, L50, M|\n|poke|p2|Farigiraf, L50, F|\n|poke|p2|Torkoal, L50, F|\n|poke|p2|Blaziken, L50, M|\n|teampreview|4\n|showteam|p1|Simipour||ChoiceScarf|Torrent|HydroPump,IceBeam,IcyWind,FlipTurn|Timid||F|||50|]Simisage||LifeOrb|Overgrow|FakeOut,RockSlide,SolarBlade,LowKick|Jolly||M|||50|]Simisear||FocusSash|Blaze|FakeOut,FireBlast,HeatWave,NastyPlot|Modest||F|||50|]Pelipper||SitrusBerry|Drizzle|Hurricane,MuddyWater,Tailwind,WideGuard|Bold||M|||50|]Torkoal||Leftovers|Drought|Eruption,Fissure,HelpingHand,Yawn|Relaxed||F|||50|]Gyarados||Gyaradosite|Intimidate|Protect,Waterfall,Crunch,DragonDance|Adamant||M|||50|\n|showteam|p2|Venusaur||OccaBerry|Chlorophyll|LeafStorm,SludgeBomb,SleepPowder,Protect|Timid||M|||50|]Primarina||LifeOrb|LiquidVoice|Protect,HyperVoice,Moonblast,AquaJet|Quiet||M|||50|]Kingambit||FocusSash|Defiant|KowtowCleave,SuckerPunch,IronHead,Protect|Adamant||M|||50|]Farigiraf||SitrusBerry|ArmorTail|Psychic,Thunderbolt,Protect,TrickRoom|Bold||F|||50|]Torkoal||Charcoal|Drought|WeatherBall,HelpingHand,Eruption,Protect|Quiet||F|||50|]Blaziken||Blazikenite|SpeedBoost|FlareBlitz,CloseCombat,RockSlide,Detect|Adamant||M|||50|\n|inactive|Battle timer is ON: inactive players will automatically lose when time's up. (requested by oreo_stars)\n|c|☆oreo_stars|glhf\n|c|☆carrotbeafsteak|glhf\n|inactive|carrotbeafsteak has 60 seconds left.\n|inactive|oreo_stars has 60 seconds left.\n|\n|t:|1788425932\n|teamsize|p1|4\n|teamsize|p2|4\n|start\n|switch|p1a: Simisear|Simisear, L50, F|100/100\n|switch|p1b: Torkoal|Torkoal, L50, F|100/100\n|switch|p2a: Torkoal|Torkoal, L50, F|100/100\n|switch|p2b: Venusaur|Venusaur, L50, M|100/100\n|-weather|SunnyDay|[from] ability: Drought|[of] p2a: Torkoal\n|turn|1\n|inactive|carrotbeafsteak has 30 seconds left.\n|\n|t:|1788425963\n|switch|p2a: Farigiraf|Farigiraf, L50, F|100/100\n|move|p2b: Venusaur|Sleep Powder|p1b: Torkoal\n|-status|p1b: Torkoal|slp|[from] move: Sleep Powder\n|move|p1a: Simisear|Fire Blast|p2b: Venusaur\n|-supereffective|p2b: Venusaur|1\n|-enditem|p2b: Venusaur|Occa Berry|[eat]\n|-enditem|p2b: Venusaur|Occa Berry|[weaken]\n|-damage|p2b: Venusaur|8/100\n|cant|p1b: Torkoal|slp\n|\n|-weather|SunnyDay|[upkeep]\n|upkeep\n|turn|2\n|\n|t:|1788425982\n|move|p2b: Venusaur|Sludge Bomb|p1b: Torkoal\n|-damage|p1b: Torkoal|60/100 slp\n|move|p1a: Simisear|Heat Wave|p2b: Venusaur|[spread] p2b\n|-miss|p1a: Simisear|p2a: Farigiraf\n|-supereffective|p2b: Venusaur|1\n|-damage|p2b: Venusaur|0 fnt\n|faint|p2b: Venusaur\n|move|p2a: Farigiraf|Psychic|p1b: Torkoal\n|-damage|p1b: Torkoal|19/100 slp\n|cant|p1b: Torkoal|slp\n|\n|-weather|SunnyDay|[upkeep]\n|-heal|p1b: Torkoal|25/100 slp|[from] item: Leftovers\n|upkeep\n|\n|t:|1788425989\n|switch|p2b: Blaziken|Blaziken, L50, M|100/100\n|turn|3\n|\n|t:|1788426007\n|switch|p1b: Gyarados|Gyarados, L50, M|100/100\n|-ability|p1b: Gyarados|Intimidate|boost\n|-unboost|p2a: Farigiraf|atk|1\n|-unboost|p2b: Blaziken|atk|1\n|move|p2b: Blaziken|Detect|p2b: Blaziken\n|-singleturn|p2b: Blaziken|Protect\n|move|p2a: Farigiraf|Protect|p2a: Farigiraf\n|-singleturn|p2a: Farigiraf|Protect\n|move|p1a: Simisear|Fire Blast|p2a: Farigiraf\n|-activate|p2a: Farigiraf|move: Protect\n|\n|-weather|SunnyDay|[upkeep]\n|-ability|p2b: Blaziken|Speed Boost|boost\n|-boost|p2b: Blaziken|spe|1\n|upkeep\n|turn|4\n|inactive|carrotbeafsteak has 30 seconds left.\n|\n|t:|1788426040\n|switch|p1b: Torkoal|Torkoal, L50, F|25/100 slp\n|detailschange|p2b: Blaziken|Blaziken-Mega, L50, M\n|-mega|p2b: Blaziken|Blaziken|Blazikenite\n|move|p2b: Blaziken|Rock Slide|p1b: Torkoal|[spread] p1a,p1b\n|-supereffective|p1a: Simisear|1\n|-supereffective|p1b: Torkoal|1\n|-damage|p1a: Simisear|42/100\n|-damage|p1b: Torkoal|3/100 slp\n|move|p1a: Simisear|Fire Blast|p2a: Farigiraf|[miss]\n|-miss|p1a: Simisear|p2a: Farigiraf\n|move|p2a: Farigiraf|Thunderbolt|p1b: Torkoal\n|-damage|p1b: Torkoal|0 fnt\n|faint|p1b: Torkoal\n|\n|-weather|SunnyDay|[upkeep]\n|-ability|p2b: Blaziken|Speed Boost|boost\n|-boost|p2b: Blaziken|spe|1\n|upkeep\n|\n|t:|1788426054\n|switch|p1b: Gyarados|Gyarados, L50, M|100/100\n|-ability|p1b: Gyarados|Intimidate|boost\n|-unboost|p2a: Farigiraf|atk|1\n|-unboost|p2b: Blaziken|atk|1\n|turn|5\n|\n|t:|1788426067\n|move|p2b: Blaziken|Close Combat|p1a: Simisear\n|-damage|p1a: Simisear|0 fnt\n|-unboost|p2b: Blaziken|def|1\n|-unboost|p2b: Blaziken|spd|1\n|faint|p1a: Simisear\n|move|p1b: Gyarados|Crunch|p2a: Farigiraf\n|-supereffective|p2a: Farigiraf|1\n|-damage|p2a: Farigiraf|58/100\n|move|p2a: Farigiraf|Thunderbolt|p1b: Gyarados\n|-supereffective|p1b: Gyarados|2\n|-damage|p1b: Gyarados|7/100\n|\n|-weather|none\n|-ability|p2b: Blaziken|Speed Boost|boost\n|-boost|p2b: Blaziken|spe|1\n|upkeep\n|\n|t:|1788426076\n|switch|p1a: Pelipper|Pelipper, L50, M|100/100\n|-weather|RainDance|[from] ability: Drizzle|[of] p1a: Pelipper\n|turn|6\n|inactive|carrotbeafsteak has 30 seconds left.\n|\n|t:|1788426104\n|switch|p2b: Torkoal|Torkoal, L50, F|100/100\n|-weather|SunnyDay|[from] ability: Drought|[of] p2b: Torkoal\n|detailschange|p1b: Gyarados|Gyarados-Mega, L50, M\n|-mega|p1b: Gyarados|Gyarados|Gyaradosite\n|-ability|p1b: Gyarados|Mold Breaker\n|move|p1b: Gyarados|Crunch|p2a: Farigiraf\n|-supereffective|p2a: Farigiraf|1\n|-damage|p2a: Farigiraf|0 fnt\n|faint|p2a: Farigiraf\n|move|p1a: Pelipper|Hurricane|p2b: Torkoal|[miss]\n|-miss|p1a: Pelipper|p2b: Torkoal\n|\n|-weather|SunnyDay|[upkeep]\n|upkeep\n|\n|t:|1788426107\n|switch|p2a: Blaziken|Blaziken-Mega, L50, M|100/100\n|turn|7\n|\n|t:|1788426127\n|move|p2a: Blaziken|Detect|p2a: Blaziken\n|-singleturn|p2a: Blaziken|Protect\n|move|p1b: Gyarados|Protect|p1b: Gyarados\n|-singleturn|p1b: Gyarados|Protect\n|move|p1a: Pelipper|Hurricane|p2a: Blaziken\n|-activate|p2a: Blaziken|move: Protect\n|move|p2b: Torkoal|Weather Ball|p1b: Gyarados\n|-activate|p1b: Gyarados|move: Protect\n|\n|-weather|SunnyDay|[upkeep]\n|-ability|p2a: Blaziken|Speed Boost|boost\n|-boost|p2a: Blaziken|spe|1\n|upkeep\n|turn|8\n|\n|t:|1788426141\n|move|p1b: Gyarados|Protect||[still]\n|-fail|p1b: Gyarados\n|move|p2a: Blaziken|Flare Blitz|p1b: Gyarados\n|-resisted|p1b: Gyarados|1\n|-damage|p1b: Gyarados|0 fnt\n|faint|p1b: Gyarados\n|-damage|p2a: Blaziken|96/100|[from] Recoil\n|move|p1a: Pelipper|Hurricane|p2a: Blaziken\n|-supereffective|p2a: Blaziken|1\n|-damage|p2a: Blaziken|0 fnt\n|faint|p2a: Blaziken\n|move|p2b: Torkoal|Eruption|p1a: Pelipper\n|-resisted|p1a: Pelipper|1\n|-damage|p1a: Pelipper|35/100\n|-enditem|p1a: Pelipper|Sitrus Berry|[eat]\n|-heal|p1a: Pelipper|60/100|[from] item: Sitrus Berry\n|\n|-weather|SunnyDay|[upkeep]\n|upkeep\n|turn|9\n|\n|t:|1788426156\n|move|p1a: Pelipper|Hurricane|p2b: Torkoal\n|-damage|p2b: Torkoal|48/100\n|move|p2b: Torkoal|Weather Ball|p1a: Pelipper\n|-resisted|p1a: Pelipper|1\n|-crit|p1a: Pelipper\n|-damage|p1a: Pelipper|0 fnt\n|faint|p1a: Pelipper\n|\n|win|oreo_stars\n","uploadtime":1788426156,"views":"4","formatid":"gen9championsvgc2026regmb","rating":null,"private":0,"password":null}