{"id":"gen9championsvgc2026regmbbo3-2674891109","format":"[Gen 9 Champions] VGC 2026 Reg M-B (Bo3)","players":["NemoAK","soulo333"],"log":"|j|☆NemoAK\n|j|☆soulo333\n|html|<table width=\"100%\"><tr><td align=\"left\">NemoAK</td><td align=\"right\">soulo333</tr><tr><td align=\"left\"><i class=\"fa fa-circle-o\"></i> <i class=\"fa fa-circle-o\"></i> </td><td align=\"right\"><i class=\"fa fa-circle-o\"></i> <i class=\"fa fa-circle-o\"></i> </tr></table>\n|uhtml|bestof|<h2><strong>Game 1</strong> of <a href=\"/game-bestof3-gen9championsvgc2026regmbbo3-2674891108\">a best-of-3</a></h2>\n|t:|1788430312\n|gametype|doubles\n|player|p1|NemoAK|169|1183\n|player|p2|soulo333|265|1203\n|gen|9\n|tier|[Gen 9 Champions] VGC 2026 Reg M-B (Bo3)\n|rated|\n|rule|Species Clause: Limit one of each Pokémon\n|rule|Item Clause: Limit 1 of each item\n|clearpoke\n|poke|p1|Staraptor, L50, M|\n|poke|p1|Kingambit, L50, M|\n|poke|p1|Basculegion, L50, M|\n|poke|p1|Farigiraf, L50, M|\n|poke|p1|Garchomp, L50, M|\n|poke|p1|Meganium, L50, M|\n|poke|p2|Staraptor, L50, F|\n|poke|p2|Arcanine-Hisui, L50, F|\n|poke|p2|Kingambit, L50, M|\n|poke|p2|Sylveon, L50, M, shiny|\n|poke|p2|Raichu, L50, M|\n|poke|p2|Farigiraf, L50, F|\n|teampreview|4\n|showteam|p1|Staraptor||Staraptite|Intimidate|CloseCombat,BraveBird,Tailwind,Protect|Jolly||M|||50|]Kingambit||FocusSash|Defiant|KowtowCleave,IronHead,SuckerPunch,LowKick|Adamant||M|||50|]Basculegion||ChoiceScarf|Adaptability|WaveCrash,LastRespects,AquaJet,FlipTurn|Adamant||M|||50|]Farigiraf||SitrusBerry|ArmorTail|Psychic,HyperVoice,TrickRoom,HelpingHand|Quiet||M|||50|]Garchomp||LifeOrb|RoughSkin|Earthquake,RockSlide,DragonClaw,Protect|Jolly||M|||50|]Meganium||Meganiumite|Overgrow|SolarBeam,WeatherBall,DazzlingGleam,Protect|Modest||M|||50|\n|showteam|p2|Staraptor||Staraptite|Intimidate|DualWingbeat,CloseCombat,Tailwind,Protect|Jolly||F|||50|]Arcanine-Hisui||FocusSash|RockHead|FlareBlitz,HeadSmash,ExtremeSpeed,Protect|Jolly||F|||50|]Kingambit||LifeOrb|Defiant|KowtowCleave,SuckerPunch,SwordsDance,Protect|Adamant||M|||50|]Sylveon||FairyFeather|Pixilate|HyperVoice,HyperBeam,QuickAttack,Detect|Modest||M|||50|]Raichu||RaichuniteY|LightningRod|ZapCannon,FocusBlast,FakeOut,Protect|Timid||M|||50|]Farigiraf||SitrusBerry|ArmorTail|Psychic,HelpingHand,TrickRoom,Protect|Calm||F|||50|\n|inactive|Battle timer is ON: inactive players will automatically lose when time's up. (requested by NemoAK)\n|\n|t:|1788430366\n|teamsize|p1|4\n|teamsize|p2|4\n|start\n|switch|p1a: Checkmate|Kingambit, L50, M|100/100\n|switch|p1b: 6”3|Farigiraf, L50, M|100/100\n|switch|p2a: Farigiraf|Farigiraf, L50, F|100/100\n|switch|p2b: Sylveon|Sylveon, L50, M, shiny|100/100\n|turn|1\n|inactive|NemoAK has 30 seconds left.\n|inactive|NemoAK has 20 seconds left.\n|inactive|NemoAK has 15 seconds left.\n|\n|t:|1788430407\n|move|p2a: Farigiraf|Helping Hand|p2b: Sylveon\n|-singleturn|p2b: Sylveon|Helping Hand|[of] p2a: Farigiraf\n|move|p2b: Sylveon|Hyper Voice|p1b: 6”3|[spread] p1a,p1b\n|-damage|p1a: Checkmate|30/100\n|-damage|p1b: 6”3|39/100\n|-enditem|p1b: 6”3|Sitrus Berry|[eat]\n|-heal|p1b: 6”3|64/100|[from] item: Sitrus Berry\n|move|p1a: Checkmate|Kowtow Cleave|p2a: Farigiraf\n|-supereffective|p2a: Farigiraf|1\n|-damage|p2a: Farigiraf|0 fnt\n|faint|p2a: Farigiraf\n|move|p1b: 6”3|Hyper Voice|p2b: Sylveon\n|-damage|p2b: Sylveon|70/100\n|\n|upkeep\n|\n|t:|1788430416\n|switch|p2a: Kingambit|Kingambit, L50, M|100/100\n|turn|2\n|\n|t:|1788430427\n|switch|p1a: Toothless|Garchomp, L50, M|100/100\n|move|p2b: Sylveon|Hyper Voice|p1b: 6”3|[spread] p1a,p1b\n|-supereffective|p1a: Toothless|1\n|-damage|p1a: Toothless|0 fnt\n|-damage|p1b: 6”3|24/100\n|faint|p1a: Toothless\n|move|p2a: Kingambit|Kowtow Cleave|p1b: 6”3\n|-supereffective|p1b: 6”3|1\n|-damage|p1b: 6”3|0 fnt\n|faint|p1b: 6”3\n|-damage|p2a: Kingambit|90/100|[from] item: Life Orb\n|\n|upkeep\n|\n|t:|1788430429\n|switch|p1a: Checkmate|Kingambit, L50, M|30/100\n|switch|p1b: Flower Power|Meganium, L50, M|100/100\n|turn|3\n|\n|t:|1788430447\n|detailschange|p1b: Flower Power|Meganium-Mega, L50, M\n|-mega|p1b: Flower Power|Meganium|Meganiumite\n|move|p2a: Kingambit|Protect|p2a: Kingambit\n|-singleturn|p2a: Kingambit|Protect\n|move|p1b: Flower Power|Solar Beam||[still]\n|-prepare|p1b: Flower Power|Solar Beam\n|-activate|p1b: Flower Power|ability: Mega Sol\n|-anim|p1b: Flower Power|Solar Beam|p2b: Sylveon\n|-damage|p2b: Sylveon|17/100\n|move|p1a: Checkmate|Low Kick|p2a: Kingambit\n|-activate|p2a: Kingambit|move: Protect\n|move|p2b: Sylveon|Hyper Voice|p1a: Checkmate|[spread] p1a,p1b\n|-damage|p1a: Checkmate|0 fnt\n|-damage|p1b: Flower Power|58/100\n|faint|p1a: Checkmate\n|\n|upkeep\n|turn|4\n|\n|t:|1788430467\n|move|p2a: Kingambit|Sucker Punch|p1b: Flower Power\n|-resisted|p1b: Flower Power|1\n|-damage|p1b: Flower Power|36/100\n|-damage|p2a: Kingambit|80/100|[from] item: Life Orb\n|move|p1b: Flower Power|Dazzling Gleam|p2a: Kingambit|[spread] p2a,p2b\n|-damage|p2a: Kingambit|48/100\n|-damage|p2b: Sylveon|0 fnt\n|faint|p2b: Sylveon\n|\n|upkeep\n|\n|t:|1788430469\n|switch|p2b: Raichu|Raichu, L50, M|100/100\n|turn|5\n|\n|t:|1788430474\n|move|p1b: Flower Power|Protect|p1b: Flower Power\n|-singleturn|p1b: Flower Power|Protect\n|move|p2b: Raichu|Fake Out|p1b: Flower Power\n|-activate|p1b: Flower Power|move: Protect\n|move|p2a: Kingambit|Swords Dance|p2a: Kingambit\n|-boost|p2a: Kingambit|atk|2\n|\n|upkeep\n|turn|6\n|\n|t:|1788430479\n|detailschange|p2b: Raichu|Raichu-Mega-Y, L50, M\n|-mega|p2b: Raichu|Raichu|Raichunite Y\n|move|p2b: Raichu|Zap Cannon|p1b: Flower Power\n|-resisted|p1b: Flower Power|1\n|-damage|p1b: Flower Power|9/100\n|-status|p1b: Flower Power|par\n|move|p2a: Kingambit|Kowtow Cleave|p1b: Flower Power\n|-resisted|p1b: Flower Power|1\n|-damage|p1b: Flower Power|0 fnt\n|faint|p1b: Flower Power\n|-damage|p2a: Kingambit|38/100|[from] item: Life Orb\n|\n|win|soulo333\n|l|☆NemoAK\n|player|p1|\n","uploadtime":1788430480,"views":"2","formatid":"gen9championsvgc2026regmbbo3","rating":null,"private":0,"password":null}