{"id":"gen9championsvgc2026regmb-2674220851","format":"[Gen 9 Champions] VGC 2026 Reg M-B","players":["btc37","thr33zz"],"log":"|j|☆btc37\n|j|☆thr33zz\n|t:|1788317745\n|gametype|doubles\n|player|p1|btc37|170|1190\n|player|p2|thr33zz|shadowtriad|1269\n|gen|9\n|tier|[Gen 9 Champions] VGC 2026 Reg M-B\n|rated|\n|rule|Species Clause: Limit one of each Pokémon\n|rule|Item Clause: Limit 1 of each item\n|clearpoke\n|poke|p1|Ninetales-Alola, L50, M|\n|poke|p1|Incineroar, L50, M|\n|poke|p1|Dragonite, L50, M|\n|poke|p1|Sneasler, L50, F|\n|poke|p1|Gengar, L50, F|\n|poke|p1|Swampert, L50, M|\n|poke|p2|Tyranitar, L50, M|\n|poke|p2|Sinistcha, L50|\n|poke|p2|Gholdengo, L50|\n|poke|p2|Primarina, L50, M|\n|poke|p2|Whimsicott, L50, M|\n|poke|p2|Steelix, L50, M|\n|teampreview|4\n|inactive|Battle timer is ON: inactive players will automatically lose when time's up. (requested by btc37)\n|inactive|btc37 has 60 seconds left.\n|inactive|thr33zz has 60 seconds left.\n|inactive|btc37 has 30 seconds left.\n|inactive|btc37 has 20 seconds left.\n|\n|t:|1788317820\n|teamsize|p1|4\n|teamsize|p2|4\n|start\n|switch|p1a: Gengar|Gengar, L50, F|100/100\n|switch|p1b: Swampert|Swampert, L50, M|100/100\n|switch|p2a: Tyranitar|Tyranitar, L50, M|100/100\n|switch|p2b: Gholdengo|Gholdengo, L50|100/100\n|-weather|Sandstorm|[from] ability: Sand Stream|[of] p2a: Tyranitar\n|turn|1\n|inactive|btc37 has 30 seconds left.\n|\n|t:|1788317850\n|switch|p1a: Incineroar|Incineroar, L50, M|100/100\n|-ability|p1a: Incineroar|Intimidate|boost\n|-unboost|p2a: Tyranitar|atk|1\n|-unboost|p2b: Gholdengo|atk|1\n|-enditem|p2b: Gholdengo|White Herb\n|-clearnegativeboost|p2b: Gholdengo|[silent]\n|switch|p2a: Whimsicott|Whimsicott, L50, M|100/100\n|move|p2b: Gholdengo|Protect|p2b: Gholdengo\n|-singleturn|p2b: Gholdengo|Protect\n|move|p1b: Swampert|High Horsepower|p2a: Whimsicott\n|-resisted|p2a: Whimsicott|1\n|-damage|p2a: Whimsicott|70/100\n|\n|-weather|Sandstorm|[upkeep]\n|-damage|p2a: Whimsicott|64/100|[from] Sandstorm\n|-damage|p1a: Incineroar|94/100|[from] Sandstorm\n|upkeep\n|turn|2\n|inactive|thr33zz has 30 seconds left.\n|\n|t:|1788317884\n|move|p1a: Incineroar|Fake Out|p2a: Whimsicott\n|-damage|p2a: Whimsicott|48/100\n|cant|p2a: Whimsicott|flinch\n|move|p2b: Gholdengo|Make It Rain|p1b: Swampert|[spread] p1a,p1b\n|-resisted|p1a: Incineroar|1\n|-resisted|p1b: Swampert|1\n|-damage|p1a: Incineroar|71/100\n|-damage|p1b: Swampert|79/100\n|-unboost|p2b: Gholdengo|spa|2\n|move|p1b: Swampert|High Horsepower|p2b: Gholdengo\n|-supereffective|p2b: Gholdengo|1\n|-damage|p2b: Gholdengo|21/100\n|\n|-weather|Sandstorm|[upkeep]\n|-damage|p2a: Whimsicott|42/100|[from] Sandstorm\n|-damage|p1a: Incineroar|65/100|[from] Sandstorm\n|-heal|p1b: Swampert|84/100|[from] item: Leftovers\n|upkeep\n|turn|3\n|inactive|thr33zz has 30 seconds left.\n|\n|t:|1788317914\n|switch|p2b: Sinistcha|Sinistcha, L50|100/100\n|-heal|p2a: Whimsicott|67/100|[from] ability: Hospitality|[of] p2b: Sinistcha\n|move|p2a: Whimsicott|Tailwind|p2a: Whimsicott\n|-sidestart|p2: thr33zz|move: Tailwind\n|move|p1a: Incineroar|Throat Chop|p2b: Sinistcha\n|-supereffective|p2b: Sinistcha|1\n|-damage|p2b: Sinistcha|44/100\n|-start|p2b: Sinistcha|Throat Chop|[silent]\n|-enditem|p2b: Sinistcha|Sitrus Berry|[eat]\n|-heal|p2b: Sinistcha|69/100|[from] item: Sitrus Berry\n|move|p1b: Swampert|Yawn|p2a: Whimsicott\n|-start|p2a: Whimsicott|move: Yawn|[of] p1b: Swampert\n|\n|-weather|Sandstorm|[upkeep]\n|-damage|p2a: Whimsicott|61/100|[from] Sandstorm\n|-damage|p2b: Sinistcha|63/100|[from] Sandstorm\n|-damage|p1a: Incineroar|59/100|[from] Sandstorm\n|-heal|p1b: Swampert|90/100|[from] item: Leftovers\n|upkeep\n|turn|4\n|inactive|btc37 has 30 seconds left.\n|inactive|thr33zz has 30 seconds left.\n|\n|t:|1788317943\n|switch|p2a: Tyranitar|Tyranitar, L50, M|100/100\n|move|p2b: Sinistcha|Matcha Gotcha|p1b: Swampert|[spread] p1a,p1b\n|-resisted|p1a: Incineroar|1\n|-supereffective|p1b: Swampert|2\n|-damage|p1a: Incineroar|45/100\n|-heal|p2b: Sinistcha|71/100|[from] drain|[of] p1a: Incineroar\n|-damage|p1b: Swampert|0 fnt\n|-heal|p2b: Sinistcha|100/100|[from] drain|[of] p1b: Swampert\n|-enditem|p1a: Incineroar|Sitrus Berry|[eat]\n|-heal|p1a: Incineroar|70/100|[from] item: Sitrus Berry\n|faint|p1b: Swampert\n|move|p1a: Incineroar|Throat Chop|p2b: Sinistcha\n|-supereffective|p2b: Sinistcha|1\n|-damage|p2b: Sinistcha|41/100\n|\n|-weather|Sandstorm|[upkeep]\n|-damage|p2b: Sinistcha|35/100|[from] Sandstorm\n|-damage|p1a: Incineroar|64/100|[from] Sandstorm\n|-end|p2b: Sinistcha|Throat Chop|[silent]\n|upkeep\n|inactive|btc37 has 30 seconds left.\n|\n|t:|1788317970\n|switch|p1b: Ninetales|Ninetales-Alola, L50, M|100/100\n|-weather|Snowscape|[from] ability: Snow Warning|[of] p1b: Ninetales\n|turn|5\n|inactive|thr33zz has 30 seconds left.\n|\n|t:|1788317996\n|detailschange|p2a: Tyranitar|Tyranitar-Mega, L50, M\n|-mega|p2a: Tyranitar|Tyranitar|Tyranitarite\n|-weather|Sandstorm|[from] ability: Sand Stream|[of] p2a: Tyranitar\n|move|p2b: Sinistcha|Protect|p2b: Sinistcha\n|-singleturn|p2b: Sinistcha|Protect\n|move|p1b: Ninetales|Blizzard|p2a: Tyranitar|[spread] p2a\n|-activate|p2b: Sinistcha|move: Protect\n|-crit|p2a: Tyranitar\n|-damage|p2a: Tyranitar|72/100\n|move|p2a: Tyranitar|Rock Slide|p1a: Incineroar|[spread] p1b\n|-miss|p2a: Tyranitar|p1a: Incineroar\n|-supereffective|p1b: Ninetales|1\n|-damage|p1b: Ninetales|1/100\n|move|p1a: Incineroar|Parting Shot|p2a: Tyranitar\n|-unboost|p2a: Tyranitar|atk|1\n|-unboost|p2a: Tyranitar|spa|1\n|\n|t:|1788318015\n|switch|p1a: Gengar|Gengar, L50, F|100/100|[from] Parting Shot\n|\n|-weather|Sandstorm|[upkeep]\n|-damage|p1b: Ninetales|0 fnt|[from] Sandstorm\n|-damage|p2b: Sinistcha|29/100|[from] Sandstorm\n|-damage|p1a: Gengar|94/100|[from] Sandstorm\n|faint|p1b: Ninetales\n|upkeep\n|\n|t:|1788318023\n|switch|p1b: Incineroar|Incineroar, L50, M|64/100\n|-ability|p1b: Incineroar|Intimidate|boost\n|-unboost|p2a: Tyranitar|atk|1\n|-unboost|p2b: Sinistcha|atk|1\n|turn|6\n|\n|t:|1788318040\n|switch|p2a: Gholdengo|Gholdengo, L50|21/100\n|detailschange|p1a: Gengar|Gengar-Mega, L50, F\n|-mega|p1a: Gengar|Gengar|Gengarite\n|move|p1a: Gengar|Substitute|p1a: Gengar\n|-start|p1a: Gengar|Substitute\n|-damage|p1a: Gengar|69/100\n|move|p2b: Sinistcha|Matcha Gotcha|p1b: Incineroar|[spread] p1a,p1b\n|-resisted|p1a: Gengar|1\n|-activate|p1a: Gengar|move: Substitute|[damage]\n|-heal|p2b: Sinistcha|37/100|[from] drain|[of] p1a: Gengar\n|-resisted|p1b: Incineroar|1\n|-damage|p1b: Incineroar|50/100y\n|-heal|p2b: Sinistcha|46/100|[from] drain|[of] p1b: Incineroar\n|move|p1b: Incineroar|Throat Chop|p2b: Sinistcha\n|-supereffective|p2b: Sinistcha|1\n|-damage|p2b: Sinistcha|0 fnt\n|faint|p2b: Sinistcha\n|\n|-weather|Sandstorm|[upkeep]\n|-damage|p1a: Gengar|63/100|[from] Sandstorm\n|-damage|p1b: Incineroar|44/100|[from] Sandstorm\n|-sideend|p2: thr33zz|move: Tailwind\n|upkeep\n|\n|t:|1788318056\n|switch|p2b: Whimsicott|Whimsicott, L50, M|61/100\n|turn|7\n|inactive|thr33zz has 30 seconds left.\n|\n|t:|1788318083\n|move|p2b: Whimsicott|Encore|p1a: Gengar\n|-start|p1a: Gengar|Encore\n|move|p1a: Gengar|Substitute|p1a: Gengar\n|-fail|p1a: Gengar|move: Substitute\n|move|p2a: Gholdengo|Power Gem|p1b: Incineroar\n|-supereffective|p1b: Incineroar|1\n|-damage|p1b: Incineroar|0 fnt\n|faint|p1b: Incineroar\n|\n|-weather|Sandstorm|[upkeep]\n|-damage|p1a: Gengar|57/100|[from] Sandstorm\n|-damage|p2b: Whimsicott|55/100|[from] Sandstorm\n|upkeep\n|turn|8\n|\n|t:|1788318098\n|move|p1a: Gengar|Substitute|p1a: Gengar\n|-fail|p1a: Gengar|move: Substitute\n|move|p2b: Whimsicott|Dazzling Gleam|p1a: Gengar\n|-resisted|p1a: Gengar|1\n|-end|p1a: Gengar|Substitute\n|move|p2a: Gholdengo|Shadow Ball|p1a: Gengar\n|-supereffective|p1a: Gengar|1\n|-damage|p1a: Gengar|0 fnt\n|faint|p1a: Gengar\n|\n|win|thr33zz\n|raw|btc37's rating: 1190 &rarr; <strong>1171</strong><br />(-19 for losing)\n|raw|thr33zz's rating: 1269 &rarr; <strong>1288</strong><br />(+19 for winning)\n","uploadtime":1788318102,"views":"0","formatid":"gen9championsvgc2026regmb","rating":1171,"private":0,"password":null}