{"id":"gen9championsvgc2026regmbbo3-2673985103","format":"[Gen 9 Champions] VGC 2026 Reg M-B (Bo3)","players":["Magixally","DINOLONK"],"log":"|j|☆Magixally\n|j|☆DINOLONK\n|html|<table width=\"100%\"><tr><td align=\"left\">Magixally</td><td align=\"right\">DINOLONK</tr><tr><td align=\"left\"><i class=\"fa fa-circle-o\"></i> <i class=\"fa fa-circle-o\"></i> </td><td align=\"right\"><i class=\"fa fa-circle-o\"></i> <i class=\"fa fa-circle\"></i> </tr></table>\n|uhtml|bestof|<h2><strong>Game 2</strong> of <a href=\"/game-bestof3-gen9championsvgc2026regmbbo3-2673983411\">a best-of-3</a></h2>\n|t:|1788284936\n|gametype|doubles\n|player|p1|Magixally|266|1321\n|player|p2|DINOLONK|parasollady-gen4|1305\n|gen|9\n|tier|[Gen 9 Champions] VGC 2026 Reg M-B (Bo3)\n|rated|\n|rule|Species Clause: Limit one of each Pokémon\n|rule|Item Clause: Limit 1 of each item\n|clearpoke\n|poke|p1|Slowbro, L50, M|\n|poke|p1|Pelipper, L50, M|\n|poke|p1|Sinistcha, L50|\n|poke|p1|Archaludon, L50, M|\n|poke|p1|Swampert, L50, M|\n|poke|p1|Klefki, L50, F|\n|poke|p2|Dragonite, L50, M|\n|poke|p2|Sneasler, L50, M|\n|poke|p2|Kingambit, L50, F|\n|poke|p2|Basculegion, L50, M|\n|poke|p2|Whimsicott, L50, M|\n|poke|p2|Floette-Eternal, L50, F|\n|teampreview|4\n|showteam|p1|Slowbro||Slowbronite|Regenerator|CalmMind,Rest,Snore,Scald|Sassy||M|||50|]Pelipper||FocusSash|Drizzle|Tailwind,Hurricane,WeatherBall,WideGuard|Timid||M|||50|]Sinistcha||SitrusBerry|Hospitality|MatchaGotcha,RagePowder,TrickRoom,Protect|Sassy|||||50|]Archaludon||Leftovers|Stamina|ElectroShot,DragonPulse,Protect,FlashCannon|Calm||M|||50|]Swampert||Swampertite|Torrent|WaveCrash,StompingTantrum,Protect,IcePunch|Adamant||M|||50|]Klefki||MentalHerb|Prankster|FoulPlay,LightScreen,Safeguard,RainDance|Bold||F|||50|\n|showteam|p2|Dragonite||Dragoninite|InnerFocus|DragonPulse,HeatWave,Thunderbolt,Protect|Modest||M|||50|]Sneasler||WhiteHerb|Unburden|DireClaw,CloseCombat,RockSlide,FakeOut|Jolly||M|||50|]Kingambit||ChopleBerry|Defiant|KowtowCleave,SuckerPunch,LowKick,IronHead|Adamant||F|||50|]Basculegion||LifeOrb|Adaptability|WaveCrash,LastRespects,AquaJet,Protect|Adamant||M|||50|]Whimsicott||FocusSash|Prankster|Moonblast,Tailwind,Encore,Protect|Timid||M|||50|]Floette-Eternal||Floettite|FlowerVeil|Moonblast,DazzlingGleam,LightofRuin,Protect|Timid||F|||50|\n|inactive|Battle timer is ON: inactive players will automatically lose when time's up. (requested by DINOLONK)\n|\n|t:|1788284960\n|teamsize|p1|4\n|teamsize|p2|4\n|start\n|switch|p1a: Klefki|Klefki, L50, F|100/100\n|switch|p1b: Swampert|Swampert, L50, M|100/100\n|switch|p2a: Whimsicott|Whimsicott, L50, M|100/100\n|switch|p2b: Floette|Floette-Eternal, L50, F|100/100\n|turn|1\n|\n|t:|1788284970\n|detailschange|p2b: Floette|Floette-Mega, L50, F\n|-mega|p2b: Floette|Floette|Floettite\n|-ability|p2b: Floette|Fairy Aura\n|detailschange|p1b: Swampert|Swampert-Mega, L50, M\n|-mega|p1b: Swampert|Swampert|Swampertite\n|move|p2b: Floette|Protect|p2b: Floette\n|-singleturn|p2b: Floette|Protect\n|move|p1a: Klefki|Light Screen|p1a: Klefki\n|-sidestart|p1: Magixally|move: Light Screen\n|move|p2a: Whimsicott|Moonblast|p1b: Swampert\n|-damage|p1b: Swampert|72/100\n|move|p1b: Swampert|Wave Crash|p2b: Floette\n|-activate|p2b: Floette|move: Protect\n|\n|upkeep\n|turn|2\n|inactive|DINOLONK has 30 seconds left.\n|\n|t:|1788285005\n|switch|p2b: Dragonite|Dragonite, L50, M|100/100\n|move|p2a: Whimsicott|Tailwind|p2a: Whimsicott\n|-sidestart|p2: DINOLONK|move: Tailwind\n|move|p1a: Klefki|Rain Dance|p1a: Klefki\n|-weather|RainDance\n|move|p1b: Swampert|Wave Crash|p2b: Dragonite\n|-resisted|p2b: Dragonite|1\n|-damage|p2b: Dragonite|35/100\n|-damage|p1b: Swampert|52/100|[from] Recoil\n|\n|-weather|RainDance|[upkeep]\n|upkeep\n|turn|3\n|\n|t:|1788285016\n|switch|p1a: Sinistcha|Sinistcha, L50|100/100\n|-heal|p1b: Swampert|77/100|[from] ability: Hospitality|[of] p1a: Sinistcha\n|move|p2a: Whimsicott|Encore|p1b: Swampert\n|-start|p1b: Swampert|Encore\n|move|p2b: Dragonite|Dragon Pulse|p1b: Swampert\n|-damage|p1b: Swampert|49/100\n|move|p1b: Swampert|Wave Crash|p2b: Dragonite\n|-resisted|p2b: Dragonite|1\n|-damage|p2b: Dragonite|0 fnt\n|faint|p2b: Dragonite\n|-damage|p1b: Swampert|38/100|[from] Recoil\n|\n|-weather|RainDance|[upkeep]\n|upkeep\n|\n|t:|1788285028\n|switch|p2b: Floette|Floette-Mega, L50, F|100/100\n|-ability|p2b: Floette|Fairy Aura\n|turn|4\n|\n|t:|1788285051\n|move|p2a: Whimsicott|Moonblast|p1b: Swampert\n|-damage|p1b: Swampert|7/100\n|move|p2b: Floette|Dazzling Gleam|p1a: Sinistcha|[spread] p1a,p1b\n|-damage|p1a: Sinistcha|73/100\n|-damage|p1b: Swampert|0 fnt\n|faint|p1b: Swampert\n|move|p1a: Sinistcha|Trick Room|p1a: Sinistcha\n|-fieldstart|move: Trick Room|[of] p1a: Sinistcha\n|\n|-weather|RainDance|[upkeep]\n|upkeep\n|\n|t:|1788285059\n|switch|p1b: Archaludon|Archaludon, L50, M|100/100\n|turn|5\n|\n|t:|1788285067\n|switch|p1a: Klefki|Klefki, L50, F|100/100\n|move|p2b: Floette|Protect|p2b: Floette\n|-singleturn|p2b: Floette|Protect\n|move|p2a: Whimsicott|Encore||[still]\n|-fail|p2a: Whimsicott\n|move|p1b: Archaludon|Electro Shot||[still]\n|-prepare|p1b: Archaludon|Electro Shot\n|-boost|p1b: Archaludon|spa|1\n|-anim|p1b: Archaludon|Electro Shot|p2b: Floette\n|-activate|p2b: Floette|move: Protect\n|\n|-weather|RainDance|[upkeep]\n|-sideend|p1: Magixally|move: Light Screen\n|-sideend|p2: DINOLONK|move: Tailwind\n|upkeep\n|turn|6\n|\n|t:|1788285077\n|move|p1a: Klefki|Light Screen|p1a: Klefki\n|-sidestart|p1: Magixally|move: Light Screen\n|move|p1b: Archaludon|Flash Cannon|p2b: Floette\n|-supereffective|p2b: Floette|1\n|-damage|p2b: Floette|19/100\n|-unboost|p2b: Floette|spd|1\n|move|p2b: Floette|Light of Ruin|p1b: Archaludon\n|-damage|p1b: Archaludon|34/100\n|-ability|p1b: Archaludon|Stamina|boost\n|-boost|p1b: Archaludon|def|1\n|-damage|p2b: Floette|0 fnt|[from] Recoil\n|faint|p2b: Floette\n|move|p2a: Whimsicott|Moonblast|p1b: Archaludon\n|-damage|p1b: Archaludon|14/100\n|-ability|p1b: Archaludon|Stamina|boost\n|-boost|p1b: Archaludon|def|1\n|\n|-weather|none\n|-heal|p1b: Archaludon|20/100y|[from] item: Leftovers\n|upkeep\n|\n|t:|1788285080\n|switch|p2b: Basculegion|Basculegion, L50, M|100/100\n|turn|7\n|\n|t:|1788285104\n|move|p1a: Klefki|Foul Play|p2b: Basculegion\n|-supereffective|p2b: Basculegion|1\n|-damage|p2b: Basculegion|34/100\n|move|p1b: Archaludon|Flash Cannon|p2a: Whimsicott\n|-supereffective|p2a: Whimsicott|1\n|-enditem|p2a: Whimsicott|Focus Sash\n|-damage|p2a: Whimsicott|1/100\n|move|p2b: Basculegion|Last Respects|p1b: Archaludon\n|-damage|p1b: Archaludon|0 fnt\n|faint|p1b: Archaludon\n|-damage|p2b: Basculegion|24/100|[from] item: Life Orb\n|move|p2a: Whimsicott|Moonblast|p1a: Klefki\n|-resisted|p1a: Klefki|1\n|-damage|p1a: Klefki|85/100\n|\n|upkeep\n|\n|t:|1788285108\n|switch|p1b: Sinistcha|Sinistcha, L50|73/100\n|-heal|p1a: Klefki|100/100|[from] ability: Hospitality|[of] p1b: Sinistcha\n|turn|8\n|\n|t:|1788285116\n|move|p2a: Whimsicott|Protect|p2a: Whimsicott\n|-singleturn|p2a: Whimsicott|Protect\n|move|p2b: Basculegion|Protect|p2b: Basculegion\n|-singleturn|p2b: Basculegion|Protect\n|move|p1b: Sinistcha|Matcha Gotcha|p2b: Basculegion|[spread] \n|-activate|p2a: Whimsicott|move: Protect\n|-activate|p2b: Basculegion|move: Protect\n|move|p1a: Klefki|Foul Play|p2b: Basculegion\n|-activate|p2b: Basculegion|move: Protect\n|\n|-fieldend|move: Trick Room\n|upkeep\n|turn|9\n|\n|t:|1788285136\n|move|p2a: Whimsicott|Moonblast|p1a: Klefki\n|-resisted|p1a: Klefki|1\n|-damage|p1a: Klefki|85/100\n|-unboost|p1a: Klefki|spa|1\n|move|p2b: Basculegion|Last Respects|p1a: Klefki\n|-damage|p1a: Klefki|0 fnt\n|faint|p1a: Klefki\n|-damage|p2b: Basculegion|14/100|[from] item: Life Orb\n|move|p1b: Sinistcha|Matcha Gotcha|p2b: Basculegion|[spread] p2a,p2b\n|-resisted|p2a: Whimsicott|1\n|-supereffective|p2b: Basculegion|1\n|-damage|p2a: Whimsicott|0 fnt\n|-heal|p1b: Sinistcha|73/100|[from] drain|[of] p2a: Whimsicott\n|-damage|p2b: Basculegion|0 fnt\n|-heal|p1b: Sinistcha|82/100|[from] drain|[of] p2b: Basculegion\n|faint|p2a: Whimsicott\n|faint|p2b: Basculegion\n|\n|win|Magixally\n","uploadtime":1788285137,"views":"4","formatid":"gen9championsvgc2026regmbbo3","rating":null,"private":0,"password":null}