{"id":"gen9championsvgc2026regmb-2674616899","format":"[Gen 9 Champions] VGC 2026 Reg M-B","players":["Try0UTS","PokemonRangerJon"],"log":"|j|☆Try0UTS\n|j|☆PokemonRangerJon\n|t:|1788380791\n|gametype|doubles\n|player|p1|Try0UTS|iris-gen5bw2|1026\n|player|p2|PokemonRangerJon|pokemonranger-gen4|1119\n|gen|9\n|tier|[Gen 9 Champions] VGC 2026 Reg M-B\n|rated|\n|rule|Species Clause: Limit one of each Pokémon\n|rule|Item Clause: Limit 1 of each item\n|clearpoke\n|poke|p1|Swampert, L50, F, shiny|\n|poke|p1|Mimikyu, L50, M|\n|poke|p1|Dragonite, L50, F, shiny|\n|poke|p1|Toxicroak, L50, F|\n|poke|p1|Talonflame, L50, F, shiny|\n|poke|p1|Tsareena, L50, F|\n|poke|p2|Floette-Eternal, L50, F|\n|poke|p2|Feraligatr, L50, F|\n|poke|p2|Incineroar, L50, F|\n|poke|p2|Sneasler, L50, F|\n|poke|p2|Arcanine-Hisui, L50, F|\n|poke|p2|Azumarill, L50, M|\n|teampreview|4\n|inactive|Battle timer is ON: inactive players will automatically lose when time's up. (requested by PokemonRangerJon)\n|inactive|Try0UTS also wants the timer to be on.\nPokemonRangerJon rejected open team sheets.\n|\n|t:|1788380814\n|teamsize|p1|4\n|teamsize|p2|4\n|start\n|switch|p1a: Mimikyu|Mimikyu, L50, M|100/100\n|switch|p1b: Swampert|Swampert, L50, F, shiny|100/100\n|switch|p2a: Arcanine|Arcanine-Hisui, L50, F|100/100\n|switch|p2b: Incineroar|Incineroar, L50, F|100/100\n|-ability|p2b: Incineroar|Intimidate|boost\n|-unboost|p1a: Mimikyu|atk|1\n|-unboost|p1b: Swampert|atk|1\n|turn|1\n|inactive|PokemonRangerJon has 30 seconds left.\n|inactive|PokemonRangerJon has 20 seconds left.\n|inactive|PokemonRangerJon has 15 seconds left.\n|inactive|PokemonRangerJon has 10 seconds left.\n|\n|t:|1788380860\n|switch|p1b: Toxicroak|Toxicroak, L50, F|100/100\n|move|p2a: Arcanine|Flare Blitz|p1a: Mimikyu\n|-activate|p1a: Mimikyu|ability: Disguise\n|-damage|p1a: Mimikyu|100/100\n|detailschange|p1a: Mimikyu|Mimikyu-Busted, L50, M\n|-damage|p1a: Mimikyu|87/100|[from] pokemon: Mimikyu-Busted\n|-damage|p2a: Arcanine|90/100|[from] item: Life Orb\n|move|p1a: Mimikyu|Rain Dance|p1a: Mimikyu\n|-weather|RainDance\n|move|p2b: Incineroar|Flare Blitz|p1a: Mimikyu\n|-damage|p1a: Mimikyu|56/100\n|-damage|p2b: Incineroar|91/100|[from] Recoil\n|\n|-weather|RainDance|[upkeep]\n|upkeep\n|turn|2\n|inactive|PokemonRangerJon has 30 seconds left.\n|inactive|PokemonRangerJon has 20 seconds left.\n|\n|t:|1788380895\n|switch|p1a: Swampert|Swampert, L50, F, shiny|100/100\n|move|p1b: Toxicroak|Fake Out|p2a: Arcanine\n|-resisted|p2a: Arcanine|1\n|-damage|p2a: Arcanine|81/100\n|cant|p2a: Arcanine|flinch\n|move|p2b: Incineroar|Flare Blitz|p1a: Swampert\n|-resisted|p1a: Swampert|1\n|-damage|p1a: Swampert|89/100\n|-damage|p2b: Incineroar|88/100|[from] Recoil\n|\n|-weather|RainDance|[upkeep]\n|upkeep\n|turn|3\n|inactive|PokemonRangerJon has 30 seconds left.\n|inactive|PokemonRangerJon has 20 seconds left.\n|inactive|PokemonRangerJon has 15 seconds left.\n|\n|t:|1788380935\n|switch|p1b: Talonflame|Talonflame, L50, F, shiny|100/100\n|detailschange|p1a: Swampert|Swampert-Mega, L50, F, shiny\n|-mega|p1a: Swampert|Swampert|Swampertite\n|move|p1a: Swampert|Earthquake|p2a: Arcanine|[spread] p2a,p2b\n|-immune|p1b: Talonflame\n|-supereffective|p2a: Arcanine|2\n|-supereffective|p2b: Incineroar|1\n|-damage|p2a: Arcanine|0 fnt\n|-damage|p2b: Incineroar|20/100y\n|-enditem|p2b: Incineroar|Sitrus Berry|[eat]\n|-heal|p2b: Incineroar|45/100|[from] item: Sitrus Berry\n|faint|p2a: Arcanine\n|move|p2b: Incineroar|Flare Blitz|p1b: Talonflame\n|-resisted|p1b: Talonflame|1\n|-damage|p1b: Talonflame|83/100\n|-damage|p2b: Incineroar|40/100|[from] Recoil\n|\n|-weather|RainDance|[upkeep]\n|upkeep\n|\n|t:|1788380936\n|switch|p2a: Sneasler|Sneasler, L50, F|100/100\n|turn|4\n|inactive|PokemonRangerJon has 30 seconds left.\n|inactive|Try0UTS has 30 seconds left.\n|inactive|PokemonRangerJon has 20 seconds left.\n|\n|t:|1788380974\n|move|p1a: Swampert|Protect|p1a: Swampert\n|-singleturn|p1a: Swampert|Protect\n|move|p2a: Sneasler|Fake Out|p1a: Swampert\n|-activate|p1a: Swampert|move: Protect\n|move|p1b: Talonflame|Tailwind|p1b: Talonflame\n|-sidestart|p1: Try0UTS|move: Tailwind\n|move|p2b: Incineroar|Throat Chop|p1a: Swampert\n|-activate|p1a: Swampert|move: Protect\n|\n|-weather|RainDance|[upkeep]\n|upkeep\n|turn|5\n|inactive|PokemonRangerJon has 30 seconds left.\n|\n|t:|1788381006\n|move|p2a: Sneasler|Protect|p2a: Sneasler\n|-singleturn|p2a: Sneasler|Protect\n|move|p2b: Incineroar|Protect|p2b: Incineroar\n|-singleturn|p2b: Incineroar|Protect\n|move|p1a: Swampert|Earthquake|p2b: Incineroar|[spread] \n|-activate|p2a: Sneasler|move: Protect\n|-activate|p2b: Incineroar|move: Protect\n|-immune|p1b: Talonflame\n|move|p1b: Talonflame|Acrobatics|p2a: Sneasler\n|-activate|p2a: Sneasler|move: Protect\n|\n|-weather|none\n|upkeep\n|turn|6\n|inactive|PokemonRangerJon has 30 seconds left.\n|inactive|PokemonRangerJon has 20 seconds left.\n|\n|t:|1788381045\n|switch|p2b: Floette|Floette-Eternal, L50, F|100/100\n|move|p1b: Talonflame|Acrobatics|p2a: Sneasler\n|-supereffective|p2a: Sneasler|1\n|-enditem|p2a: Sneasler|Focus Sash\n|-damage|p2a: Sneasler|1/100\n|move|p2a: Sneasler|Close Combat|p1a: Swampert\n|-damage|p1a: Swampert|35/100\n|-unboost|p2a: Sneasler|def|1\n|-unboost|p2a: Sneasler|spd|1\n|move|p1a: Swampert|Earthquake|p2a: Sneasler|[spread] p2a,p2b\n|-immune|p1b: Talonflame\n|-supereffective|p2a: Sneasler|1\n|-damage|p2a: Sneasler|0 fnt\n|-damage|p2b: Floette|24/100\n|faint|p2a: Sneasler\n|\n|upkeep\n|\n|t:|1788381045\n|switch|p2a: Incineroar|Incineroar, L50, F|40/100\n|-ability|p2a: Incineroar|Intimidate|boost\n|-unboost|p1a: Swampert|atk|1\n|-unboost|p1b: Talonflame|atk|1\n|turn|7\n|inactive|PokemonRangerJon has 30 seconds left.\n|inactive|PokemonRangerJon has 20 seconds left.\n|\n|t:|1788381084\n|detailschange|p2b: Floette|Floette-Mega, L50, F\n|-mega|p2b: Floette|Floette|Floettite\n|-ability|p2b: Floette|Fairy Aura\n|move|p1a: Swampert|Protect|p1a: Swampert\n|-singleturn|p1a: Swampert|Protect\n|move|p2b: Floette|Protect|p2b: Floette\n|-singleturn|p2b: Floette|Protect\n|move|p2a: Incineroar|Protect|p2a: Incineroar\n|-singleturn|p2a: Incineroar|Protect\n|move|p1b: Talonflame|Acrobatics|p2b: Floette\n|-activate|p2b: Floette|move: Protect\n|\n|-sideend|p1: Try0UTS|move: Tailwind\n|upkeep\n|turn|8\n|inactive|PokemonRangerJon has 30 seconds left.\n|\n|t:|1788381112\n|switch|p1a: Mimikyu|Mimikyu-Busted, L50, M|56/100\n|move|p2b: Floette|Protect|p2b: Floette\n|-singleturn|p2b: Floette|Protect\n|move|p1b: Talonflame|Tailwind|p1b: Talonflame\n|-sidestart|p1: Try0UTS|move: Tailwind\n|move|p2a: Incineroar|Throat Chop|p1b: Talonflame\n|-damage|p1b: Talonflame|32/100\n|-start|p1b: Talonflame|Throat Chop|[silent]\n|\n|upkeep\n|turn|9\n|inactive|PokemonRangerJon has 30 seconds left.\n|\n|t:|1788381140\n|switch|p1b: Swampert|Swampert-Mega, L50, F, shiny|35/100\n|move|p1a: Mimikyu|Rain Dance|p1a: Mimikyu\n|-weather|RainDance\n|move|p2b: Floette|Moonblast|p1a: Mimikyu\n|-damage|p1a: Mimikyu|0 fnt\n|faint|p1a: Mimikyu\n|move|p2a: Incineroar|Throat Chop|p1b: Swampert\n|-damage|p1b: Swampert|9/100\n|-start|p1b: Swampert|Throat Chop|[silent]\n|\n|-weather|RainDance|[upkeep]\n|upkeep\n|\n|t:|1788381153\n|switch|p1a: Toxicroak|Toxicroak, L50, F|100/100\n|turn|10\n|inactive|PokemonRangerJon has 30 seconds left.\n|\n|t:|1788381183\n|move|p2b: Floette|Protect|p2b: Floette\n|-singleturn|p2b: Floette|Protect\n|move|p1a: Toxicroak|Fake Out|p2b: Floette\n|-activate|p2b: Floette|move: Protect\n|move|p1b: Swampert|Wave Crash|p2a: Incineroar\n|-supereffective|p2a: Incineroar|1\n|-damage|p2a: Incineroar|0 fnt\n|faint|p2a: Incineroar\n|-damage|p1b: Swampert|0 fnt|[from] Recoil\n|faint|p1b: Swampert\n|\n|-weather|RainDance|[upkeep]\n|upkeep\n|\n|t:|1788381197\n|switch|p1b: Talonflame|Talonflame, L50, F, shiny|32/100\n|turn|11\n|\n|t:|1788381203\n|move|p1b: Talonflame|Acrobatics|p2b: Floette\n|-damage|p2b: Floette|0 fnt\n|faint|p2b: Floette\n|\n|win|Try0UTS\n|raw|Try0UTS's rating: 1026 &rarr; <strong>1072</strong><br />(+46 for winning)\n|raw|PokemonRangerJon's rating: 1119 &rarr; <strong>1087</strong><br />(-32 for losing)\n","uploadtime":1788381209,"views":"11","formatid":"gen9championsvgc2026regmb","rating":1072,"private":0,"password":null}