{"id":"gen9championsvgc2026regmbbo3-2674133804","format":"[Gen 9 Champions] VGC 2026 Reg M-B (Bo3)","players":["ConnorBarritos213","iloveiqos"],"log":"|j|☆ConnorBarritos213\n|j|☆iloveiqos\n|html|<table width=\"100%\"><tr><td align=\"left\">ConnorBarritos213</td><td align=\"right\">iloveiqos</tr><tr><td align=\"left\"><i class=\"fa fa-circle\"></i> <i class=\"fa fa-circle-o\"></i> </td><td align=\"right\"><i class=\"fa fa-circle-o\"></i> <i class=\"fa fa-circle\"></i> </tr></table>\n|uhtml|bestof|<h2><strong>Game 3</strong> of <a href=\"/game-bestof3-gen9championsvgc2026regmbbo3-2674130184\">a best-of-3</a></h2>\n|t:|1788304102\n|gametype|doubles\n|player|p1|ConnorBarritos213|morty|1280\n|player|p2|iloveiqos|ghetsis|1178\n|gen|9\n|tier|[Gen 9 Champions] VGC 2026 Reg M-B (Bo3)\n|rated|\n|rule|Species Clause: Limit one of each Pokémon\n|rule|Item Clause: Limit 1 of each item\n|clearpoke\n|poke|p1|Venusaur, L50, M|\n|poke|p1|Charizard, L50, M|\n|poke|p1|Grimmsnarl, L50, M|\n|poke|p1|Archaludon, L50, F|\n|poke|p1|Swampert, L50, M|\n|poke|p1|Pelipper, L50, F|\n|poke|p2|Aerodactyl, L50, M|\n|poke|p2|Raichu, L50, F|\n|poke|p2|Sneasler, L50, M|\n|poke|p2|Sylveon, L50, F|\n|poke|p2|Kingambit, L50, F|\n|poke|p2|Tsareena, L50, F|\n|teampreview|4\n|showteam|p1|Venusaur||FocusSash|Chlorophyll|SludgeBomb,LeafStorm,SleepPowder,Protect|Modest||M|||50|]Charizard||CharizarditeY|Blaze|Protect,HeatWave,AncientPower,WeatherBall|Modest||M|||50|]Grimmsnarl||LightClay|Prankster|SpiritBreak,LightScreen,Reflect,PartingShot|Sassy||M|||50|]Archaludon||Leftovers|Stamina|ElectroShot,DragonPulse,FlashCannon,Protect|Calm||F|||50|]Swampert||Swampertite|Torrent|WaveCrash,IcePunch,Earthquake,Protect|Adamant||M|||50|]Pelipper||SitrusBerry|Drizzle|Hurricane,WeatherBall,Tailwind,WideGuard|Modest||F|||50|\n|showteam|p2|Aerodactyl||Aerodactylite|Unnerve|RockSlide,DualWingbeat,Tailwind,Protect|Jolly||M|||50|]Raichu||RaichuniteY|LightningRod|ZapCannon,FocusBlast,FakeOut,Protect|Timid||F|||50|]Sneasler||WhiteHerb|Unburden|CloseCombat,DireClaw,FakeOut,Feint|Jolly||M|||50|]Sylveon||FairyFeather|Pixilate|HyperVoice,HyperBeam,Yawn,Protect|Modest||F|||50|]Kingambit||LifeOrb|Defiant|KowtowCleave,SuckerPunch,SwordsDance,Protect|Adamant||F|||50|]Tsareena||FocusSash|QueenlyMajesty|PowerWhip,TripleAxel,LowKick,Protect|Jolly||F|||50|\n|\n|t:|1788304111\n|teamsize|p1|4\n|teamsize|p2|4\n|start\n|switch|p1a: Swampert|Swampert, L50, M|100/100\n|switch|p1b: Grimmsnarl|Grimmsnarl, L50, M|100/100\n|switch|p2a: Sneasler|Sneasler, L50, M|100/100\n|switch|p2b: Tsareena|Tsareena, L50, F|100/100\n|turn|1\n|\n|t:|1788304126\n|switch|p1a: Archaludon|Archaludon, L50, F|100/100\n|move|p2a: Sneasler|Fake Out|p1a: Archaludon\n|-resisted|p1a: Archaludon|1\n|-damage|p1a: Archaludon|94/100\n|-ability|p1a: Archaludon|Stamina|boost\n|-boost|p1a: Archaludon|def|1\n|move|p1b: Grimmsnarl|Reflect|p1b: Grimmsnarl\n|-sidestart|p1: ConnorBarritos213|Reflect\n|move|p2b: Tsareena|Power Whip|p1a: Archaludon\n|-resisted|p1a: Archaludon|2\n|-crit|p1a: Archaludon\n|-damage|p1a: Archaludon|79/100\n|-ability|p1a: Archaludon|Stamina|boost\n|-boost|p1a: Archaludon|def|1\n|\n|-heal|p1a: Archaludon|85/100|[from] item: Leftovers\n|upkeep\n|turn|2\n|\n|t:|1788304178\n|switch|p2a: Raichu|Raichu, L50, F|100/100\n|switch|p1a: Pelipper|Pelipper, L50, F|100/100\n|-weather|RainDance|[from] ability: Drizzle|[of] p1a: Pelipper\n|move|p2b: Tsareena|Protect|p2b: Tsareena\n|-singleturn|p2b: Tsareena|Protect\n|move|p1b: Grimmsnarl|Spirit Break|p2b: Tsareena\n|-activate|p2b: Tsareena|move: Protect\n|\n|-weather|RainDance|[upkeep]\n|upkeep\n|turn|3\n|\n|t:|1788304201\n|switch|p1a: Archaludon|Archaludon, L50, F|85/100\n|detailschange|p2a: Raichu|Raichu-Mega-Y, L50, F\n|-mega|p2a: Raichu|Raichu|Raichunite Y\n|move|p1b: Grimmsnarl|Light Screen|p1b: Grimmsnarl\n|-sidestart|p1: ConnorBarritos213|move: Light Screen\n|move|p2a: Raichu|Zap Cannon|p1a: Archaludon\n|-resisted|p1a: Archaludon|1\n|-damage|p1a: Archaludon|67/100\n|-status|p1a: Archaludon|par\n|-ability|p1a: Archaludon|Stamina|boost\n|-boost|p1a: Archaludon|def|1\n|move|p2b: Tsareena|Power Whip|p1a: Archaludon\n|-resisted|p1a: Archaludon|2\n|-damage|p1a: Archaludon|62/100 par\n|-ability|p1a: Archaludon|Stamina|boost\n|-boost|p1a: Archaludon|def|1\n|\n|-weather|RainDance|[upkeep]\n|-heal|p1a: Archaludon|68/100 par|[from] item: Leftovers\n|upkeep\n|turn|4\n|\n|t:|1788304231\n|move|p1a: Archaludon|Protect|p1a: Archaludon\n|-singleturn|p1a: Archaludon|Protect\n|move|p2a: Raichu|Zap Cannon|p1b: Grimmsnarl\n|-damage|p1b: Grimmsnarl|63/100\n|-status|p1b: Grimmsnarl|par\n|move|p2b: Tsareena|Power Whip|p1b: Grimmsnarl\n|-damage|p1b: Grimmsnarl|22/100 par\n|move|p1b: Grimmsnarl|Spirit Break|p2a: Raichu\n|-damage|p2a: Raichu|57/100\n|-unboost|p2a: Raichu|spa|1\n|\n|-weather|RainDance|[upkeep]\n|-heal|p1a: Archaludon|74/100 par|[from] item: Leftovers\n|upkeep\n|turn|5\n|\n|t:|1788304256\n|move|p2a: Raichu|Focus Blast|p1a: Archaludon\n|-supereffective|p1a: Archaludon|1\n|-damage|p1a: Archaludon|38/100 par\n|-ability|p1a: Archaludon|Stamina|boost\n|-boost|p1a: Archaludon|def|1\n|move|p2b: Tsareena|Power Whip|p1b: Grimmsnarl\n|-damage|p1b: Grimmsnarl|0 fnt\n|faint|p1b: Grimmsnarl\n|move|p1a: Archaludon|Dragon Pulse|p2a: Raichu\n|-damage|p2a: Raichu|10/100\n|\n|-weather|RainDance|[upkeep]\n|-heal|p1a: Archaludon|44/100 par|[from] item: Leftovers\n|upkeep\n|\n|t:|1788304269\n|switch|p1b: Swampert|Swampert, L50, M|100/100\n|turn|6\n|\n|t:|1788304313\n|switch|p2a: Sylveon|Sylveon, L50, F|100/100\n|move|p2b: Tsareena|Protect|p2b: Tsareena\n|-singleturn|p2b: Tsareena|Protect\n|move|p1b: Swampert|Protect|p1b: Swampert\n|-singleturn|p1b: Swampert|Protect\n|move|p1a: Archaludon|Dragon Pulse|p2b: Tsareena\n|-activate|p2b: Tsareena|move: Protect\n|\n|-weather|none\n|-heal|p1a: Archaludon|50/100g par|[from] item: Leftovers\n|upkeep\n|turn|7\n|\n|t:|1788304337\n|switch|p1b: Pelipper|Pelipper, L50, F|100/100\n|-weather|RainDance|[from] ability: Drizzle|[of] p1b: Pelipper\n|move|p2b: Tsareena|Power Whip|p1b: Pelipper\n|-damage|p1b: Pelipper|59/100\n|move|p2a: Sylveon|Hyper Beam|p1a: Archaludon\n|-damage|p1a: Archaludon|0 fnt\n|-mustrecharge|p2a: Sylveon\n|faint|p1a: Archaludon\n|\n|-weather|RainDance|[upkeep]\n|upkeep\n|\n|t:|1788304347\n|switch|p1a: Swampert|Swampert, L50, M|100/100\n|turn|8\n|\n|t:|1788304367\n|move|p2b: Tsareena|Protect|p2b: Tsareena\n|-singleturn|p2b: Tsareena|Protect\n|move|p1a: Swampert|Protect|p1a: Swampert\n|-singleturn|p1a: Swampert|Protect\n|move|p1b: Pelipper|Tailwind|p1b: Pelipper\n|-sidestart|p1: ConnorBarritos213|move: Tailwind\n|cant|p2a: Sylveon|recharge\n|\n|-weather|RainDance|[upkeep]\n|-sideend|p1: ConnorBarritos213|Reflect\n|upkeep\n|turn|9\n|\n|t:|1788304398\n|detailschange|p1a: Swampert|Swampert-Mega, L50, M\n|-mega|p1a: Swampert|Swampert|Swampertite\n|move|p1a: Swampert|Earthquake|p2b: Tsareena|[spread] p2a,p2b\n|-immune|p1b: Pelipper\n|-resisted|p2b: Tsareena|1\n|-damage|p2a: Sylveon|41/100\n|-damage|p2b: Tsareena|68/100\n|move|p1b: Pelipper|Hurricane|p2b: Tsareena\n|-supereffective|p2b: Tsareena|1\n|-damage|p2b: Tsareena|0 fnt\n|faint|p2b: Tsareena\n|move|p2a: Sylveon|Yawn|p1a: Swampert\n|-start|p1a: Swampert|move: Yawn|[of] p2a: Sylveon\n|\n|-weather|RainDance|[upkeep]\n|upkeep\n|\n|t:|1788304427\n|switch|p2b: Raichu|Raichu-Mega-Y, L50, F|10/100\n|turn|10\n|\n|t:|1788304437\n|move|p2b: Raichu|Fake Out|p1a: Swampert\n|-damage|p1a: Swampert|92/100\n|cant|p1a: Swampert|flinch\n|move|p1b: Pelipper|Hurricane|p2a: Sylveon\n|-damage|p2a: Sylveon|1/100\n|move|p2a: Sylveon|Hyper Voice|p1a: Swampert|[spread] p1a,p1b\n|-damage|p1a: Swampert|65/100\n|-damage|p1b: Pelipper|16/100\n|-enditem|p1b: Pelipper|Sitrus Berry|[eat]\n|-heal|p1b: Pelipper|40/100|[from] item: Sitrus Berry\n|\n|-weather|RainDance|[upkeep]\n|-end|p1a: Swampert|move: Yawn|[silent]\n|-status|p1a: Swampert|slp\n|-sideend|p1: ConnorBarritos213|move: Light Screen\n|upkeep\n|turn|11\n|\n|t:|1788304456\n|cant|p1a: Swampert|slp\n|move|p1b: Pelipper|Weather Ball|p2b: Raichu\n|-damage|p2b: Raichu|0 fnt\n|faint|p2b: Raichu\n|move|p2a: Sylveon|Hyper Beam|p1a: Swampert\n|-damage|p1a: Swampert|0 fnt\n|-mustrecharge|p2a: Sylveon\n|faint|p1a: Swampert\n|\n|-weather|none\n|-sideend|p1: ConnorBarritos213|move: Tailwind\n|upkeep\n|\n|t:|1788304465\n|switch|p2b: Sneasler|Sneasler, L50, M|100/100\n|turn|12\n|\n|t:|1788304470\n|move|p2b: Sneasler|Fake Out|p1b: Pelipper\n|-damage|p1b: Pelipper|25/100\n|cant|p1b: Pelipper|flinch\n|cant|p2a: Sylveon|recharge\n|\n|upkeep\n|turn|13\n|c|☆ConnorBarritos213|ggs\n|\n|t:|1788304476\n|move|p2b: Sneasler|Dire Claw|p1b: Pelipper\n|-damage|p1b: Pelipper|0 fnt\n|faint|p1b: Pelipper\n|\n|win|iloveiqos\n|raw|ConnorBarritos213's rating: 1280 &rarr; <strong>1248</strong><br />(-32 for losing)\n|raw|iloveiqos's rating: 1178 &rarr; <strong>1210</strong><br />(+32 for winning)\n|c|☆iloveiqos|gg\n|l|☆ConnorBarritos213\n|player|p1|\n","uploadtime":1788304501,"views":"0","formatid":"gen9championsvgc2026regmbbo3","rating":1210,"private":0,"password":null}