{"id":"gen9championsvgc2026regmb-2674128029","format":"[Gen 9 Champions] VGC 2026 Reg M-B","players":["HondourPoker","legit4u"],"log":"|j|☆HondourPoker\n|j|☆legit4u\n|t:|1788303218\n|gametype|doubles\n|player|p1|HondourPoker|170|\n|player|p2|legit4u|clown|\n|gen|9\n|tier|[Gen 9 Champions] VGC 2026 Reg M-B\n|rule|Species Clause: Limit one of each Pokémon\n|rule|Item Clause: Limit 1 of each item\n|clearpoke\n|poke|p1|Sableye, L50, F|\n|poke|p1|Gengar, L50, F|\n|poke|p1|Dragapult, L50, M|\n|poke|p1|Tinkaton, L50, F|\n|poke|p1|Incineroar, L50, M|\n|poke|p1|Primarina, L50, M|\n|poke|p2|Spiritomb, L50, F|\n|poke|p2|Slowbro, L50, M|\n|poke|p2|Rampardos, L50, M|\n|poke|p2|Alakazam, L50, M|\n|poke|p2|Meowstic, L50, M|\n|poke|p2|Kingambit, L50, M|\n|teampreview|4\n|\n|t:|1788303268\n|teamsize|p1|4\n|teamsize|p2|4\n|start\n|switch|p1a: Primarina|Primarina, L50, M|100/100\n|switch|p1b: Incineroar|Incineroar, L50, M|100/100\n|switch|p2a: Kingambit|Kingambit, L50, M|100/100\n|switch|p2b: Alakazam|Alakazam, L50, M|100/100\n|-ability|p1b: Incineroar|Intimidate|boost\n|-unboost|p2a: Kingambit|atk|1\n|-ability|p2a: Kingambit|Defiant|boost\n|-boost|p2a: Kingambit|atk|2\n|-fail|p2b: Alakazam|unboost|atk|[from] ability: Inner Focus|[of] p2b: Alakazam\n|turn|1\n|\n|t:|1788303303\n|move|p2a: Kingambit|Protect|p2a: Kingambit\n|-singleturn|p2a: Kingambit|Protect\n|move|p1b: Incineroar|Fake Out|p2a: Kingambit\n|-activate|p2a: Kingambit|move: Protect\n|move|p2b: Alakazam|Focus Blast|p1b: Incineroar\n|-supereffective|p1b: Incineroar|1\n|-damage|p1b: Incineroar|24/100\n|-enditem|p1b: Incineroar|Sitrus Berry|[eat]\n|-heal|p1b: Incineroar|49/100|[from] item: Sitrus Berry\n|move|p1a: Primarina|Hyper Voice|p2a: Kingambit|[spread] p2b\n|-activate|p2a: Kingambit|move: Protect\n|-damage|p2b: Alakazam|54/100\n|\n|upkeep\n|turn|2\n|\n|t:|1788303344\n|switch|p1b: Tinkaton|Tinkaton, L50, F|100/100\n|-ability|p1b: Tinkaton|Mold Breaker\n|detailschange|p2b: Alakazam|Alakazam-Mega, L50, M\n|-mega|p2b: Alakazam|Alakazam|Alakazite\n|-ability|p2b: Alakazam|Liquid Voice|Trace|[from] ability: Trace|[of] p1a: Primarina\n|move|p2b: Alakazam|Focus Blast|p1b: Tinkaton\n|-damage|p1b: Tinkaton|56/100\n|move|p1a: Primarina|Hyper Voice|p2a: Kingambit|[spread] p2a,p2b\n|-damage|p2a: Kingambit|68/100\n|-damage|p2b: Alakazam|10/100\n|move|p2a: Kingambit|Kowtow Cleave|p1b: Tinkaton\n|-resisted|p1b: Tinkaton|1\n|-damage|p1b: Tinkaton|17/100\n|\n|upkeep\n|turn|3\n|\n|t:|1788303390\n|move|p2b: Alakazam|Protect|p2b: Alakazam\n|-singleturn|p2b: Alakazam|Protect\n|move|p2a: Kingambit|Protect|p2a: Kingambit\n|-singleturn|p2a: Kingambit|Protect\n|move|p1b: Tinkaton|Fake Out|p2b: Alakazam\n|-activate|p2b: Alakazam|move: Protect\n|move|p1a: Primarina|Hyper Voice|p2a: Kingambit|[spread] \n|-activate|p2a: Kingambit|move: Protect\n|-activate|p2b: Alakazam|move: Protect\n|\n|upkeep\n|turn|4\n|\n|t:|1788303426\n|move|p2b: Alakazam|Expanding Force|p1a: Primarina\n|-damage|p1a: Primarina|58/100\n|move|p1b: Tinkaton|Encore|p2a: Kingambit\n|-start|p2a: Kingambit|Encore\n|move|p2a: Kingambit|Protect|p2a: Kingambit\n|-singleturn|p2a: Kingambit|Protect\n|move|p1a: Primarina|Hyper Voice|p2b: Alakazam|[spread] p2b\n|-activate|p2a: Kingambit|move: Protect\n|-damage|p2b: Alakazam|0 fnt\n|faint|p2b: Alakazam\n|\n|-heal|p1a: Primarina|64/100|[from] item: Leftovers\n|upkeep\n|\n|t:|1788303440\n|switch|p2b: Spiritomb|Spiritomb, L50, F|100/100\n|turn|5\n|\n|t:|1788303456\n|switch|p1b: Gengar|Gengar, L50, F|100/100\n|move|p2a: Kingambit|Protect||[still]\n|-fail|p2a: Kingambit\n|move|p1a: Primarina|Moonblast|p2b: Spiritomb\n|-supereffective|p2b: Spiritomb|1\n|-enditem|p2b: Spiritomb|Roseli Berry|[eat]\n|-enditem|p2b: Spiritomb|Roseli Berry|[weaken]\n|-damage|p2b: Spiritomb|56/100\n|move|p2b: Spiritomb|Trick Room|p2b: Spiritomb\n|-fieldstart|move: Trick Room|[of] p2b: Spiritomb\n|\n|-heal|p1a: Primarina|70/100|[from] item: Leftovers\n|upkeep\n|turn|6\n|\n|t:|1788303505\n|detailschange|p1b: Gengar|Gengar-Mega, L50, F\n|-mega|p1b: Gengar|Gengar|Gengarite\n|move|p2a: Kingambit|Protect|p2a: Kingambit\n|-singleturn|p2a: Kingambit|Protect\n|move|p2b: Spiritomb|Snarl|p1a: Primarina|[spread] p1a,p1b\n|-resisted|p1a: Primarina|1\n|-supereffective|p1b: Gengar|1\n|-damage|p1a: Primarina|64/100\n|-damage|p1b: Gengar|69/100\n|-unboost|p1a: Primarina|spa|1\n|-unboost|p1b: Gengar|spa|1\n|move|p1a: Primarina|Moonblast|p2b: Spiritomb\n|-supereffective|p2b: Spiritomb|1\n|-damage|p2b: Spiritomb|0 fnt\n|faint|p2b: Spiritomb\n|move|p1b: Gengar|Shadow Ball|p2a: Kingambit\n|-activate|p2a: Kingambit|move: Protect\n|\n|-heal|p1a: Primarina|70/100|[from] item: Leftovers\n|-end|p2a: Kingambit|Encore\n|upkeep\n|\n|t:|1788303522\n|switch|p2b: Rampardos|Rampardos, L50, M|100/100\n|turn|7\n|\n|t:|1788303540\n|move|p1b: Gengar|Protect|p1b: Gengar\n|-singleturn|p1b: Gengar|Protect\n|move|p2a: Kingambit|Iron Head|p1a: Primarina\n|-damage|p1a: Primarina|1/100\n|move|p2b: Rampardos|Rock Slide|p1b: Gengar|[spread] p1a\n|-activate|p1b: Gengar|move: Protect\n|-damage|p1a: Primarina|0 fnt\n|faint|p1a: Primarina\n|\n|upkeep\n|\n|t:|1788303552\n|switch|p1a: Tinkaton|Tinkaton, L50, F|17/100\n|-ability|p1a: Tinkaton|Mold Breaker\n|turn|8\n|\n|t:|1788303632\n|move|p2b: Rampardos|Protect|p2b: Rampardos\n|-singleturn|p2b: Rampardos|Protect\n|move|p1a: Tinkaton|Fake Out|p2a: Kingambit\n|-resisted|p2a: Kingambit|1\n|-crit|p2a: Kingambit\n|-damage|p2a: Kingambit|63/100\n|cant|p2a: Kingambit|flinch\n|move|p1b: Gengar|Perish Song|p1b: Gengar\n|-start|p1a: Tinkaton|perish3|[silent]\n|-start|p1b: Gengar|perish3|[silent]\n|-start|p2a: Kingambit|perish3|[silent]\n|-start|p2b: Rampardos|perish3|[silent]\n|-fieldactivate|move: Perish Song\n|\n|-start|p2a: Kingambit|perish3\n|-start|p2b: Rampardos|perish3\n|-start|p1a: Tinkaton|perish3\n|-start|p1b: Gengar|perish3\n|upkeep\n|turn|9\n|\n|t:|1788303653\n|move|p1a: Tinkaton|Protect|p1a: Tinkaton\n|-singleturn|p1a: Tinkaton|Protect\n|move|p1b: Gengar|Protect|p1b: Gengar\n|-singleturn|p1b: Gengar|Protect\n|move|p2a: Kingambit|Iron Head|p1a: Tinkaton\n|-activate|p1a: Tinkaton|move: Protect\n|move|p2b: Rampardos|Rock Slide|p1a: Tinkaton|[spread] \n|-activate|p1a: Tinkaton|move: Protect\n|-activate|p1b: Gengar|move: Protect\n|\n|-start|p2a: Kingambit|perish2\n|-start|p2b: Rampardos|perish2\n|-start|p1a: Tinkaton|perish2\n|-start|p1b: Gengar|perish2\n|-fieldend|move: Trick Room\n|upkeep\n|turn|10\n|\n|t:|1788303691\n|switch|p1a: Incineroar|Incineroar, L50, M|49/100\n|-ability|p1a: Incineroar|Intimidate|boost\n|-unboost|p2a: Kingambit|atk|1\n|-ability|p2a: Kingambit|Defiant|boost\n|-boost|p2a: Kingambit|atk|2\n|-unboost|p2b: Rampardos|atk|1\n|move|p1b: Gengar|Protect|p1b: Gengar\n|-singleturn|p1b: Gengar|Protect\n|move|p2b: Rampardos|Rock Slide|p1b: Gengar|[spread] p1a\n|-activate|p1b: Gengar|move: Protect\n|-supereffective|p1a: Incineroar|1\n|-damage|p1a: Incineroar|0 fnt\n|faint|p1a: Incineroar\n|move|p2a: Kingambit|Iron Head|p1b: Gengar\n|-activate|p1b: Gengar|move: Protect\n|\n|-start|p1b: Gengar|perish1\n|-start|p2b: Rampardos|perish1\n|-start|p2a: Kingambit|perish1\n|upkeep\n|\n|t:|1788303706\n|switch|p1a: Tinkaton|Tinkaton, L50, F|17/100\n|-ability|p1a: Tinkaton|Mold Breaker\n|turn|11\n|\n|t:|1788303727\n|move|p1a: Tinkaton|Protect|p1a: Tinkaton\n|-singleturn|p1a: Tinkaton|Protect\n|move|p1b: Gengar|Shadow Ball|p1a: Tinkaton\n|-activate|p1a: Tinkaton|move: Protect\n|move|p2b: Rampardos|Rock Slide|p1a: Tinkaton|[spread] p1b\n|-activate|p1a: Tinkaton|move: Protect\n|-damage|p1b: Gengar|33/100\n|move|p2a: Kingambit|Iron Head|p1a: Tinkaton\n|-activate|p1a: Tinkaton|move: Protect\n|\n|-start|p1b: Gengar|perish0\n|-start|p2b: Rampardos|perish0\n|-start|p2a: Kingambit|perish0\n|faint|p1b: Gengar\n|faint|p2b: Rampardos\n|faint|p2a: Kingambit\n|\n|win|HondourPoker\n|l|☆legit4u\n|player|p2|\n","uploadtime":1788303766,"views":"1","formatid":"gen9championsvgc2026regmb","rating":null,"private":0,"password":null}