{"id":"gen9championsvgc2026regmb-2674899035","format":"[Gen 9 Champions] VGC 2026 Reg M-B","players":["lumiere215","Rockylosta"],"log":"|j|☆lumiere215\n|j|☆Rockylosta\n|html|<table width=\"100%\"><tr><td align=\"left\">lumiere215</td><td align=\"right\">Rockylosta</tr><tr><td align=\"left\"><i class=\"fa fa-circle-o\"></i> <i class=\"fa fa-circle-o\"></i> </td><td align=\"right\"><i class=\"fa fa-circle-o\"></i> <i class=\"fa fa-circle-o\"></i> </tr></table>\n|uhtml|bestof|<h2><strong>Game 1</strong> of <a href=\"/game-bestof3-gen9championsvgc2026regmb-2674899034\">a best-of-3</a></h2>\n|t:|1788432031\n|gametype|doubles\n|player|p1|lumiere215|drayden|\n|player|p2|Rockylosta|hilbert-wonderlauncher|\n|gen|9\n|tier|[Gen 9 Champions] VGC 2026 Reg M-B\n|rule|Species Clause: Limit one of each Pokémon\n|rule|Item Clause: Limit 1 of each item\n|raw|<div class=\"infobox\"><details class=\"readmore\" open><summary><strong>1 custom rule:</strong></summary> Best of = 3</details></div>\n|clearpoke\n|poke|p1|Talonflame, L50, F|\n|poke|p1|Excadrill, L50, F|\n|poke|p1|Rotom-Wash, L50|\n|poke|p1|Ninetales-Alola, L50, M|\n|poke|p1|Greninja, L50, M, shiny|\n|poke|p1|Infernape, L50, M|\n|poke|p2|Tyranitar, L50, F|\n|poke|p2|Excadrill, L50, M|\n|poke|p2|Primarina, L50, F|\n|poke|p2|Scovillain, L50, M|\n|poke|p2|Lopunny, L50, F|\n|poke|p2|Cofagrigus, L50, M|\n|teampreview|4\nlumiere215 rejected open team sheets.\n|j| m0ckingej\n|j| Flyan ryan 51\n|c|☆Rockylosta|are we first playoff game?\n|c|☆lumiere215|We'll give a minute for people to join.\n|c|☆lumiere215|Yeah think so.\n|j| indianpro#2011\n|c|☆Rockylosta|wow awesome\n|c| indianpro#2011|Time for sand to go 1-0\n|c|☆lumiere215|Oi\n|c| indianpro#2011|Go for it rocky\n|j| Meota\n|c| Meota|oi\n|c|☆Rockylosta|no emolga:(\n|c|☆lumiere215|Oh yeah... dang I'll just have to bring him in the semis.\n|c| Flyan ryan 51|Bring back the flying rat\n|c|☆Rockylosta|oh you forgot yeah that makes sense\n|c|☆Rockylosta|anyway GLHF!!!!!!\n|c|☆lumiere215|glhf\n|\n|t:|1788432297\n|teamsize|p1|4\n|teamsize|p2|4\n|start\n|switch|p1a: Spicy Zinger Box|Talonflame, L50, F|100/100\n|switch|p1b: Evolution of Man|Infernape, L50, M|100/100\n|switch|p2a: Cofagrigus|Cofagrigus, L50, M|100/100\n|switch|p2b: Lopunny|Lopunny, L50, F|100/100\n|turn|1\n|\n|t:|1788432329\n|detailschange|p2b: Lopunny|Lopunny-Mega, L50, F\n|-mega|p2b: Lopunny|Lopunny|Lopunnite\n|move|p1b: Evolution of Man|Fake Out|p2b: Lopunny\n|-damage|p2b: Lopunny|81/100\n|cant|p2b: Lopunny|flinch\n|move|p1a: Spicy Zinger Box|Acrobatics|p2b: Lopunny\n|-supereffective|p2b: Lopunny|1\n|-damage|p2b: Lopunny|0 fnt\n|faint|p2b: Lopunny\n|move|p2a: Cofagrigus|Nasty Plot|p2a: Cofagrigus\n|-boost|p2a: Cofagrigus|spa|2\n|\n|upkeep\n|c| m0ckingej|:/\n|c|☆Rockylosta|huh\n|c| indianpro#2011|Nasty plot??\n|c|☆Rockylosta|that’s interesting\n|j| Goliathusaurus\n|\n|t:|1788432361\n|switch|p2b: Primarina|Primarina, L50, F|100/100\n|turn|2\n|\n|t:|1788432376\n|switch|p1b: Stepsister Trap|Rotom-Wash, L50|100/100\n|move|p1a: Spicy Zinger Box|Protect|p1a: Spicy Zinger Box\n|-singleturn|p1a: Spicy Zinger Box|Protect\n|move|p2b: Primarina|Hyper Voice|p1b: Stepsister Trap|[spread] p1b\n|-activate|p1a: Spicy Zinger Box|move: Protect\n|-resisted|p1b: Stepsister Trap|1\n|-crit|p1b: Stepsister Trap\n|-damage|p1b: Stepsister Trap|71/100\n|move|p2a: Cofagrigus|Trick Room|p2a: Cofagrigus\n|-fieldstart|move: Trick Room|[of] p2a: Cofagrigus\n|\n|-heal|p1b: Stepsister Trap|77/100|[from] item: Leftovers\n|upkeep\n|turn|3\n|\n|t:|1788432401\n|move|p1a: Spicy Zinger Box|Acrobatics|p2b: Primarina\n|-damage|p2b: Primarina|48/100\n|move|p2a: Cofagrigus|Shadow Ball|p1b: Stepsister Trap\n|-damage|p1b: Stepsister Trap|25/100\n|move|p2b: Primarina|Hyper Voice|p1a: Spicy Zinger Box|[spread] p1a,p1b\n|-supereffective|p1a: Spicy Zinger Box|1\n|-resisted|p1b: Stepsister Trap|1\n|-damage|p1a: Spicy Zinger Box|0 fnt\n|-damage|p1b: Stepsister Trap|8/100\n|faint|p1a: Spicy Zinger Box\n|move|p1b: Stepsister Trap|Thunderbolt|p2b: Primarina\n|-supereffective|p2b: Primarina|1\n|-damage|p2b: Primarina|0 fnt\n|faint|p2b: Primarina\n|\n|-heal|p1b: Stepsister Trap|14/100|[from] item: Leftovers\n|upkeep\n|\n|t:|1788432431\n|switch|p2b: Scovillain|Scovillain, L50, M|100/100\n|switch|p1a: Forbidden Plug|Excadrill, L50, F|100/100\n|turn|4\n|\n|t:|1788432454\n|switch|p1a: Evolution of Man|Infernape, L50, M|100/100\n|move|p1b: Stepsister Trap|Protect|p1b: Stepsister Trap\n|-singleturn|p1b: Stepsister Trap|Protect\n|move|p2a: Cofagrigus|Shadow Ball|p1b: Stepsister Trap\n|-activate|p1b: Stepsister Trap|move: Protect\n|move|p2b: Scovillain|Overheat|p1a: Evolution of Man\n|-resisted|p1a: Evolution of Man|1\n|-damage|p1a: Evolution of Man|66/100\n|-unboost|p2b: Scovillain|spa|2\n|\n|-heal|p1b: Stepsister Trap|19/100|[from] item: Leftovers\n|-ability|p2b: Scovillain|Moody|boost\n|-boost|p2b: Scovillain|spa|2\n|-unboost|p2b: Scovillain|spe|1\n|upkeep\n|turn|5\n|c| Goliathusaurus|great moody roll\n|\n|t:|1788432513\n|move|p2b: Scovillain|Protect|p2b: Scovillain\n|-singleturn|p2b: Scovillain|Protect\n|move|p2a: Cofagrigus|Shadow Ball|p1b: Stepsister Trap\n|-damage|p1b: Stepsister Trap|0 fnt\n|faint|p1b: Stepsister Trap\n|move|p1a: Evolution of Man|U-turn|p2a: Cofagrigus\n|-resisted|p2a: Cofagrigus|1\n|-damage|p2a: Cofagrigus|90/100\n|-activate|p2a: Cofagrigus|ability: Mummy|p1a: Evolution of Man|[ability] Iron Fist\n|\n|t:|1788432524\n|switch|p1a: Forbidden Plug|Excadrill, L50, F|100/100|[from] U-turn\n|\n|-ability|p2b: Scovillain|Moody|boost\n|-boost|p2b: Scovillain|spa|2\n|-unboost|p2b: Scovillain|spd|1\n|upkeep\n|\n|t:|1788432530\n|switch|p1b: Evolution of Man|Infernape, L50, M|66/100\n|turn|6\n|c| indianpro#2011|Moody cooking\n|\n|t:|1788432623\n|detailschange|p1a: Forbidden Plug|Excadrill-Mega, L50, F\n|-mega|p1a: Forbidden Plug|Excadrill|Excadrite\n|move|p1a: Forbidden Plug|Protect|p1a: Forbidden Plug\n|-singleturn|p1a: Forbidden Plug|Protect\n|move|p2a: Cofagrigus|Shadow Ball|p1b: Evolution of Man\n|-damage|p1b: Evolution of Man|0 fnt\n|faint|p1b: Evolution of Man\n|move|p2b: Scovillain|Overheat|p1a: Forbidden Plug\n|-activate|p1a: Forbidden Plug|move: Protect\n|\n|-fieldend|move: Trick Room\n|-ability|p2b: Scovillain|Moody|boost\n|-boost|p2b: Scovillain|spe|2\n|-unboost|p2b: Scovillain|def|1\n|upkeep\n|turn|7\n|\n|t:|1788432652\n|move|p2b: Scovillain|Protect|p2b: Scovillain\n|-singleturn|p2b: Scovillain|Protect\n|move|p1a: Forbidden Plug|Rock Slide|p2a: Cofagrigus|[spread] p2a\n|-activate|p2b: Scovillain|move: Protect\n|-damage|p2a: Cofagrigus|71/100\n|move|p2a: Cofagrigus|Trick Room|p2a: Cofagrigus\n|-fieldstart|move: Trick Room|[of] p2a: Cofagrigus\n|\n|-ability|p2b: Scovillain|Moody|boost\n|-boost|p2b: Scovillain|spa|2\n|-unboost|p2b: Scovillain|atk|1\n|upkeep\n|turn|8\n|\n|t:|1788432674\n|move|p2a: Cofagrigus|Shadow Ball|p1a: Forbidden Plug\n|-crit|p1a: Forbidden Plug\n|-damage|p1a: Forbidden Plug|0 fnt\n|faint|p1a: Forbidden Plug\n|\n|win|Rockylosta\n||lumiere215 is ready for game 2.\n|inactive|Rockylosta has 30 seconds to confirm battle start!\n||Rockylosta is ready for game 2.\n|uhtml|next|Next: <a href=\"/battle-gen9championsvgc2026regmb-2674902178\"><strong>Game 2 of 3</strong></a>\n|j| Sylviera\n|l| Flyan ryan 51\n|l| Goliathusaurus\n|l| indianpro#2011\n|l| m0ckingej\n","uploadtime":1788433442,"views":"21","formatid":"gen9championsvgc2026regmb","rating":null,"private":0,"password":null}