{"id":"gen9championsvgc2026regmbbo3-2673477804","format":"[Gen 9 Champions] VGC 2026 Reg M-B (Bo3)","players":["luvboy202","nxhubnajxhnwau"],"log":"|j|☆luvboy202\n|j|☆nxhubnajxhnwau\n|html|<table width=\"100%\"><tr><td align=\"left\">luvboy202</td><td align=\"right\">nxhubnajxhnwau</tr><tr><td align=\"left\"><i class=\"fa fa-circle-o\"></i> <i class=\"fa fa-circle-o\"></i> </td><td align=\"right\"><i class=\"fa fa-circle-o\"></i> <i class=\"fa fa-circle-o\"></i> </tr></table>\n|uhtml|bestof|<h2><strong>Game 1</strong> of <a href=\"/game-bestof3-gen9championsvgc2026regmbbo3-2673477803\">a best-of-3</a></h2>\n|t:|1788202545\n|gametype|doubles\n|player|p1|luvboy202|sabrina|1075\n|player|p2|nxhubnajxhnwau|101|1000\n|gen|9\n|tier|[Gen 9 Champions] VGC 2026 Reg M-B (Bo3)\n|rated|\n|rule|Species Clause: Limit one of each Pokémon\n|rule|Item Clause: Limit 1 of each item\n|clearpoke\n|poke|p1|Absol, L50, M|\n|poke|p1|Sneasler, L50, M|\n|poke|p1|Maushold, L50|\n|poke|p1|Raichu, L50, F|\n|poke|p1|Grimmsnarl, L50, M|\n|poke|p1|Typhlosion-Hisui, L50, M|\n|poke|p2|Raichu, L50, F|\n|poke|p2|Whimsicott, L50, M|\n|poke|p2|Palafin, L50, F|\n|poke|p2|Farigiraf, L50, M|\n|poke|p2|Aegislash, L50, F|\n|poke|p2|Hydreigon, L50, F|\n|teampreview|4\n|showteam|p1|Absol||Absolite|Pressure|Feint,KnockOff,ShadowSneak,Protect|Jolly||M|||50|]Sneasler||KingsRock|PoisonTouch|FakeOut,CloseCombat,DireClaw,Coaching|Jolly||M|||50|]Maushold||FocusSash|FriendGuard|FollowMe,Feint,PopulationBomb,Protect|Jolly|||||50|]Raichu||RaichuniteY|Static|ZapCannon,FocusBlast,AlluringVoice,Surf|Timid||F|||50|]Grimmsnarl||MuscleBand|Prankster|PartingShot,PlayRough,Reflect,ThroatChop|Adamant||M|||50|]Typhlosion-Hisui||ChoiceScarf|Frisk|Eruption,InfernalParade,ShadowBall,Curse|Timid||M|||50|\n|showteam|p2|Raichu||RaichuniteY|LightningRod|FocusBlast,ZapCannon,Protect,FakeOut|Hasty||F|||50|]Whimsicott||FocusSash|Prankster|Tailwind,LightScreen,Moonblast,EnergyBall|Timid||M|||50|]Palafin||LifeOrb|ZerotoHero|FlipTurn,AquaJet,DrainPunch,IcePunch|Adamant||F|||50|]Farigiraf||SitrusBerry|ArmorTail|Reflect,GrassKnot,Psychic,HyperVoice|Bold||M|||50|]Aegislash||Leftovers|StanceChange|Protect,SwordsDance,FlashCannon,ShadowBall|Serious||F|||50|]Hydreigon||ChoiceScarf|Levitate|DarkPulse,DragonPulse,Snarl,FlashCannon|Modest||F|||50|\n|inactive|Battle timer is ON: inactive players will automatically lose when time's up. (requested by luvboy202)\n|inactive|nxhubnajxhnwau has 60 seconds left.\n|\n|t:|1788202584\n|teamsize|p1|4\n|teamsize|p2|4\n|start\n|switch|p1a: Sneasler|Sneasler, L50, M|100/100\n|switch|p1b: Maushold|Maushold, L50|100/100\n|switch|p2a: Palafin|Palafin, L50, F|100/100\n|switch|p2b: Whimsicott|Whimsicott, L50, M|100/100\n|turn|1\n|\n|t:|1788202599\n|move|p1a: Sneasler|Fake Out|p2a: Palafin\n|-damage|p2a: Palafin|81/100\n|move|p2b: Whimsicott|Tailwind|p2b: Whimsicott\n|-sidestart|p2: nxhubnajxhnwau|move: Tailwind\n|cant|p2a: Palafin|flinch\n|move|p1b: Maushold|Population Bomb|p2a: Palafin\n|-damage|p2a: Palafin|71/100\n|-damage|p2a: Palafin|62/100\n|-damage|p2a: Palafin|53/100\n|-damage|p2a: Palafin|45/100\n|-damage|p2a: Palafin|36/100\n|-damage|p2a: Palafin|27/100\n|-damage|p2a: Palafin|18/100\n|-damage|p2a: Palafin|10/100\n|-damage|p2a: Palafin|1/100\n|-damage|p2a: Palafin|0 fnt\n|faint|p2a: Palafin\n|-hitcount|p2: Palafin|10\n|\n|upkeep\n|\n|t:|1788202618\n|switch|p2a: Raichu|Raichu, L50, F|100/100\n|turn|2\n|\n|t:|1788202628\n|detailschange|p2a: Raichu|Raichu-Mega-Y, L50, F\n|-mega|p2a: Raichu|Raichu|Raichunite Y\n|move|p1b: Maushold|Follow Me|p1b: Maushold\n|-singleturn|p1b: Maushold|move: Follow Me\n|move|p2a: Raichu|Zap Cannon|p1b: Maushold\n|-enditem|p1b: Maushold|Focus Sash\n|-damage|p1b: Maushold|1/100\n|-status|p1b: Maushold|par\n|move|p2b: Whimsicott|Moonblast|p1b: Maushold\n|-damage|p1b: Maushold|0 fnt\n|faint|p1b: Maushold\n|move|p1a: Sneasler|Dire Claw|p2b: Whimsicott\n|-supereffective|p2b: Whimsicott|2\n|-crit|p2b: Whimsicott\n|-enditem|p2b: Whimsicott|Focus Sash\n|-damage|p2b: Whimsicott|1/100\n|\n|upkeep\n|\n|t:|1788202644\n|switch|p1b: Grimmsnarl|Grimmsnarl, L50, M|100/100\n|turn|3\n|\n|t:|1788202658\n|move|p1b: Grimmsnarl|Parting Shot|p2a: Raichu\n|-unboost|p2a: Raichu|atk|1\n|-unboost|p2a: Raichu|spa|1\n|\n|t:|1788202662\n|switch|p1b: Raichu|Raichu, L50, F|100/100|[from] Parting Shot\n|move|p2a: Raichu|Zap Cannon|p1a: Sneasler\n|-damage|p1a: Sneasler|28/100\n|-status|p1a: Sneasler|par\n|move|p2b: Whimsicott|Moonblast|p1b: Raichu\n|-damage|p1b: Raichu|46/100\n|-unboost|p1b: Raichu|spa|1\n|move|p1a: Sneasler|Dire Claw|p2b: Whimsicott\n|-supereffective|p2b: Whimsicott|2\n|-damage|p2b: Whimsicott|0 fnt\n|faint|p2b: Whimsicott\n|\n|upkeep\n|\n|t:|1788202675\n|switch|p2b: Hydreigon|Hydreigon, L50, F|100/100\n|turn|4\n|\n|t:|1788202692\n|detailschange|p1b: Raichu|Raichu-Mega-Y, L50, F\n|-mega|p1b: Raichu|Raichu|Raichunite Y\n|move|p2a: Raichu|Protect|p2a: Raichu\n|-singleturn|p2a: Raichu|Protect\n|move|p2b: Hydreigon|Snarl|p1b: Raichu|[spread] p1b\n|-miss|p2b: Hydreigon|p1a: Sneasler\n|-damage|p1b: Raichu|9/100\n|-unboost|p1b: Raichu|spa|1\n|move|p1b: Raichu|Focus Blast|p2a: Raichu\n|-activate|p2a: Raichu|move: Protect\n|move|p1a: Sneasler|Close Combat|p2b: Hydreigon\n|-supereffective|p2b: Hydreigon|1\n|-damage|p2b: Hydreigon|0 fnt\n|-unboost|p1a: Sneasler|def|1\n|-unboost|p1a: Sneasler|spd|1\n|faint|p2b: Hydreigon\n|\n|-sideend|p2: nxhubnajxhnwau|move: Tailwind\n|upkeep\n|turn|5\n|\n|t:|1788202716\n|move|p2a: Raichu|Zap Cannon|p1b: Raichu\n|-resisted|p1b: Raichu|1\n|-damage|p1b: Raichu|0 fnt\n|faint|p1b: Raichu\n|cant|p1a: Sneasler|par\n|\n|upkeep\n|\n|t:|1788202721\n|switch|p1b: Grimmsnarl|Grimmsnarl, L50, M|100/100\n|turn|6\n|\n|t:|1788202731\n|move|p2a: Raichu|Zap Cannon|p1b: Grimmsnarl\n|-damage|p1b: Grimmsnarl|42/100\n|-status|p1b: Grimmsnarl|par\n|move|p1a: Sneasler|Close Combat|p2a: Raichu\n|-damage|p2a: Raichu|0 fnt\n|-unboost|p1a: Sneasler|def|1\n|-unboost|p1a: Sneasler|spd|1\n|faint|p2a: Raichu\n|\n|win|luvboy202\n||luvboy202 is ready for game 2.\n|l|☆nxhubnajxhnwau\n|player|p2|\n|inactive|nxhubnajxhnwau has 30 seconds to confirm battle start!\n","uploadtime":1788202750,"views":"0","formatid":"gen9championsvgc2026regmbbo3","rating":null,"private":0,"password":null}