{"id":"gen9championsvgc2026regmbbo3-2673356012","format":"[Gen 9 Champions] VGC 2026 Reg M-B (Bo3)","players":["NightshadeAI","humania1"],"log":"|j|☆NightshadeAI\n|j|☆humania1\n|html|<table width=\"100%\"><tr><td align=\"left\">NightshadeAI</td><td align=\"right\">humania1</tr><tr><td align=\"left\"><i class=\"fa fa-circle-o\"></i> <i class=\"fa fa-circle-o\"></i> </td><td align=\"right\"><i class=\"fa fa-circle-o\"></i> <i class=\"fa fa-circle-o\"></i> </tr></table>\n|uhtml|bestof|<h2><strong>Game 1</strong> of <a href=\"/game-bestof3-gen9championsvgc2026regmbbo3-2673356011\">a best-of-3</a></h2>\n|t:|1788187680\n|gametype|doubles\n|player|p1|NightshadeAI|101|1067\n|player|p2|humania1|170|1010\n|gen|9\n|tier|[Gen 9 Champions] VGC 2026 Reg M-B (Bo3)\n|rated|\n|rule|Species Clause: Limit one of each Pokémon\n|rule|Item Clause: Limit 1 of each item\n|clearpoke\n|poke|p1|Whimsicott, L50, F|\n|poke|p1|Charizard, L50, M|\n|poke|p1|Basculegion, L50, M|\n|poke|p1|Garchomp, L50, F|\n|poke|p1|Floette-Eternal, L50, F|\n|poke|p1|Kingambit, L50, M|\n|poke|p2|Blastoise, L50, M|\n|poke|p2|Delphox, L50, M, shiny|\n|poke|p2|Incineroar, L50, F|\n|poke|p2|Sinistcha, L50|\n|poke|p2|Sneasler, L50, M|\n|poke|p2|Vivillon, L50, F|\n|teampreview|4\n|showteam|p1|Whimsicott||FocusSash|Prankster|Moonblast,Tailwind,Encore,Protect|Timid||F|||50|]Charizard||CharizarditeY|Blaze|WeatherBall,SolarBeam,HeatWave,Protect|Modest||M|||50|]Basculegion||MysticWater|Adaptability|LastRespects,WaveCrash,AquaJet,Protect|Adamant||M|||50|]Garchomp||LifeOrb|RoughSkin|DragonClaw,Earthquake,RockSlide,Protect|Adamant||F|||50|]Floette-Eternal||Floettite|FlowerVeil|DazzlingGleam,LightofRuin,Moonblast,Protect|Modest||F|||50|]Kingambit||ChopleBerry|Defiant|KowtowCleave,SuckerPunch,IronHead,LowKick|Adamant||M|||50|\n|showteam|p2|Blastoise||Blastoisinite|Torrent|Protect,ShellSmash,WaterSpout,DarkPulse|Modest||M|||50|]Delphox||Delphoxite|Blaze|Protect,HeatWave,Psyshock,NastyPlot|Timid||M|||50|]Incineroar||PasshoBerry|Intimidate|FakeOut,PartingShot,FlareBlitz,ThroatChop|Impish||F|||50|]Sinistcha||SitrusBerry|Hospitality|Protect,MatchaGotcha,TrickRoom,RagePowder|Bold|||||50|]Sneasler||FocusSash|PoisonTouch|QuickGuard,FakeOut,CloseCombat,DireClaw|Jolly||M|||50|]Vivillon||ChoiceScarf|CompoundEyes|Hurricane,SleepPowder,RagePowder,Uturn|Timid||F|||50|\n|inactive|Battle timer is ON: inactive players will automatically lose when time's up. (requested by humania1)\n|inactive|NightshadeAI also wants the timer to be on.\n|\n|t:|1788187682\n|teamsize|p1|4\n|teamsize|p2|4\n|start\n|switch|p1a: Whimsicott|Whimsicott, L50, F|100/100\n|switch|p1b: Charizard|Charizard, L50, M|100/100\n|switch|p2a: Delphox|Delphox, L50, M, shiny|100/100\n|switch|p2b: Incineroar|Incineroar, L50, F|100/100\n|-ability|p2b: Incineroar|Intimidate|boost\n|-unboost|p1a: Whimsicott|atk|1\n|-unboost|p1b: Charizard|atk|1\n|turn|1\n|\n|t:|1788187685\n|detailschange|p1b: Charizard|Charizard-Mega-Y, L50, M\n|-mega|p1b: Charizard|Charizard|Charizardite Y\n|-weather|SunnyDay|[from] ability: Drought|[of] p1b: Charizard\n|move|p1b: Charizard|Protect|p1b: Charizard\n|-singleturn|p1b: Charizard|Protect\n|move|p1a: Whimsicott|Tailwind|p1a: Whimsicott\n|-sidestart|p1: NightshadeAI|move: Tailwind\n|move|p2a: Delphox|Psyshock|p1a: Whimsicott\n|-damage|p1a: Whimsicott|56/100\n|move|p2b: Incineroar|Flare Blitz|p1a: Whimsicott\n|-supereffective|p1a: Whimsicott|1\n|-damage|p1a: Whimsicott|0 fnt\n|faint|p1a: Whimsicott\n|-damage|p2b: Incineroar|84/100|[from] Recoil\n|\n|-weather|SunnyDay|[upkeep]\n|upkeep\n|\n|t:|1788187692\n|switch|p1a: Garchomp|Garchomp, L50, F|100/100\n|turn|2\n|\n|t:|1788187699\n|move|p1b: Charizard|Protect|p1b: Charizard\n|-singleturn|p1b: Charizard|Protect\n|move|p2a: Delphox|Protect|p2a: Delphox\n|-singleturn|p2a: Delphox|Protect\n|move|p1a: Garchomp|Earthquake|p2b: Incineroar|[spread] p2b\n|-activate|p1b: Charizard|move: Protect\n|-activate|p2a: Delphox|move: Protect\n|-supereffective|p2b: Incineroar|1\n|-damage|p2b: Incineroar|0 fnt\n|faint|p2b: Incineroar\n|-damage|p1a: Garchomp|90/100|[from] item: Life Orb\n|\n|-weather|SunnyDay|[upkeep]\n|upkeep\n|\n|t:|1788187699\n|switch|p2b: Sinistcha|Sinistcha, L50|100/100\n|turn|3\n|\n|t:|1788187702\n|switch|p2a: Blastoise|Blastoise, L50, M|100/100\n|move|p2b: Sinistcha|Protect|p2b: Sinistcha\n|-singleturn|p2b: Sinistcha|Protect\n|move|p1a: Garchomp|Earthquake|p2a: Blastoise|[spread] p2a\n|-activate|p2b: Sinistcha|move: Protect\n|-immune|p1b: Charizard\n|-damage|p2a: Blastoise|34/100\n|-damage|p1a: Garchomp|80/100|[from] item: Life Orb\n|move|p1b: Charizard|Heat Wave|p2b: Sinistcha|[spread] p2a\n|-activate|p2b: Sinistcha|move: Protect\n|-resisted|p2a: Blastoise|1\n|-damage|p2a: Blastoise|0 fnt\n|faint|p2a: Blastoise\n|\n|-weather|SunnyDay|[upkeep]\n|upkeep\n|\n|t:|1788187702\n|switch|p2a: Delphox|Delphox, L50, M, shiny|100/100\n|turn|4\n|\n|t:|1788187706\n|move|p2a: Delphox|Protect|p2a: Delphox\n|-singleturn|p2a: Delphox|Protect\n|move|p1a: Garchomp|Earthquake|p2a: Delphox|[spread] p2b\n|-activate|p2a: Delphox|move: Protect\n|-immune|p1b: Charizard\n|-resisted|p2b: Sinistcha|1\n|-damage|p2b: Sinistcha|75/100\n|-damage|p1a: Garchomp|71/100|[from] item: Life Orb\n|move|p1b: Charizard|Weather Ball|p2b: Sinistcha\n|-supereffective|p2b: Sinistcha|1\n|-damage|p2b: Sinistcha|0 fnt\n|faint|p2b: Sinistcha\n|\n|-weather|SunnyDay|[upkeep]\n|-sideend|p1: NightshadeAI|move: Tailwind\n|upkeep\n|turn|5\n|\n|t:|1788187709\n|move|p2a: Delphox|Psyshock|p1b: Charizard\n|-damage|p1b: Charizard|52/100\n|move|p1a: Garchomp|Earthquake|p2a: Delphox|[spread] p2a\n|-immune|p1b: Charizard\n|-supereffective|p2a: Delphox|1\n|-damage|p2a: Delphox|0 fnt\n|faint|p2a: Delphox\n|-damage|p1a: Garchomp|61/100|[from] item: Life Orb\n|\n|win|NightshadeAI\n","uploadtime":1788187709,"views":"0","formatid":"gen9championsvgc2026regmbbo3","rating":null,"private":0,"password":null}