{"id":"gen9championsvgc2026regmbbo3-2673696754","format":"[Gen 9 Champions] VGC 2026 Reg M-B (Bo3)","players":["WoomyInverso","shibikanon"],"log":"|j|☆WoomyInverso\n|j|☆shibikanon\n|html|<table width=\"100%\"><tr><td align=\"left\">WoomyInverso</td><td align=\"right\">shibikanon</tr><tr><td align=\"left\"><i class=\"fa fa-circle-o\"></i> <i class=\"fa fa-circle-o\"></i> </td><td align=\"right\"><i class=\"fa fa-circle-o\"></i> <i class=\"fa fa-circle-o\"></i> </tr></table>\n|uhtml|bestof|<h2><strong>Game 1</strong> of <a href=\"/game-bestof3-gen9championsvgc2026regmbbo3-2673696753\">a best-of-3</a></h2>\n|t:|1788235112\n|gametype|doubles\n|player|p1|WoomyInverso|ingo|1104\n|player|p2|shibikanon|skyla-masters3|1128\n|gen|9\n|tier|[Gen 9 Champions] VGC 2026 Reg M-B (Bo3)\n|rated|\n|rule|Species Clause: Limit one of each Pokémon\n|rule|Item Clause: Limit 1 of each item\n|clearpoke\n|poke|p1|Hatterene, L50, F|\n|poke|p1|Garchomp, L50, F|\n|poke|p1|Maushold-Four, L50|\n|poke|p1|Farigiraf, L50, M|\n|poke|p1|Gardevoir, L50, F|\n|poke|p1|Raichu, L50, F|\n|poke|p2|Blaziken, L50, F|\n|poke|p2|Froslass, L50, F|\n|poke|p2|Kingambit, L50, M|\n|poke|p2|Dragonite, L50, M|\n|poke|p2|Basculegion, L50, M|\n|poke|p2|Sneasler, L50, F|\n|teampreview|4\n|showteam|p1|Hatterene||FairyFeather|MagicBounce|DazzlingGleam,Psychic,TrickRoom,AfterYou|Quiet||F|||50|]Garchomp||WhiteHerb|RoughSkin|DragonClaw,StompingTantrum,Protect,RockSlide|Jolly||F|||50|]Maushold-Four||WideLens|Technician|PopulationBomb,FollowMe,Encore,Protect|Jolly|||||50|]Farigiraf||SitrusBerry|ArmorTail|Psychic,Thunderbolt,HelpingHand,TrickRoom|Quiet||M|||50|]Gardevoir||Gardevoirite|Trace|HyperVoice,Thunderbolt,AuraSphere,Protect|Timid||F|||50|]Raichu||RaichuniteY|Static|ZapCannon,FocusBlast,FakeOut,Protect|Timid||F|||50|\n|showteam|p2|Blaziken||Blazikenite|SpeedBoost|CloseCombat,FlareBlitz,RockSlide,Detect|Adamant||F|||50|]Froslass||Froslassite|SnowCloak|Blizzard,ShadowBall,AuroraVeil,Protect|Modest||F|||50|]Kingambit||LifeOrb|Defiant|KowtowCleave,SuckerPunch,SwordsDance,Protect|Adamant||M|||50|]Dragonite||DragonFang|InnerFocus|DragonClaw,LowKick,ExtremeSpeed,Protect|Adamant||M|||50|]Basculegion||SitrusBerry|Adaptability|WaveCrash,LastRespects,AquaJet,Protect|Adamant||M|||50|]Sneasler||FocusSash|PoisonTouch|CloseCombat,PoisonJab,FakeOut,Protect|Jolly||F|||50|\n|inactive|Battle timer is ON: inactive players will automatically lose when time's up. (requested by shibikanon)\n|inactive|WoomyInverso has 60 seconds left.\n|inactive|shibikanon has 60 seconds left.\n|\n|t:|1788235162\n|teamsize|p1|4\n|teamsize|p2|4\n|start\n|switch|p1a: Maushold|Maushold-Four, L50|100/100\n|switch|p1b: Gardevoir|Gardevoir, L50, F|100/100\n|switch|p2a: Froslass|Froslass, L50, F|100/100\n|switch|p2b: Dragonite|Dragonite, L50, M|100/100\n|-ability|p1b: Gardevoir|Snow Cloak|Trace|[from] ability: Trace|[of] p2a: Froslass\n|turn|1\n|inactive|shibikanon has 30 seconds left.\n|\n|t:|1788235192\n|detailschange|p2a: Froslass|Froslass-Mega, L50, F\n|-mega|p2a: Froslass|Froslass|Froslassite\n|-weather|Snowscape|[from] ability: Snow Warning|[of] p2a: Froslass\n|detailschange|p1b: Gardevoir|Gardevoir-Mega, L50, F\n|-mega|p1b: Gardevoir|Gardevoir|Gardevoirite\n|move|p1a: Maushold|Population Bomb|p2b: Dragonite\n|-crit|p2b: Dragonite\n|-damage|p2b: Dragonite|81/100\n|-damage|p2b: Dragonite|68/100\n|-damage|p2b: Dragonite|55/100\n|-damage|p2b: Dragonite|44/100\n|-damage|p2b: Dragonite|31/100\n|-damage|p2b: Dragonite|19/100\n|-damage|p2b: Dragonite|6/100\n|-damage|p2b: Dragonite|0 fnt\n|faint|p2b: Dragonite\n|-hitcount|p2: Dragonite|8\n|move|p2a: Froslass|Aurora Veil|p2a: Froslass\n|-sidestart|p2: shibikanon|move: Aurora Veil\n|move|p1b: Gardevoir|Hyper Voice|p2a: Froslass\n|-damage|p2a: Froslass|52/100\n|\n|-weather|Snowscape|[upkeep]\n|upkeep\n|\n|t:|1788235207\n|switch|p2b: Basculegion|Basculegion, L50, M|100/100\n|turn|2\n|\n|t:|1788235226\n|move|p2a: Froslass|Protect|p2a: Froslass\n|-singleturn|p2a: Froslass|Protect\n|move|p1b: Gardevoir|Protect|p1b: Gardevoir\n|-singleturn|p1b: Gardevoir|Protect\n|move|p1a: Maushold|Encore|p2a: Froslass\n|-activate|p2a: Froslass|move: Protect\n|move|p2b: Basculegion|Wave Crash|p1a: Maushold\n|-damage|p1a: Maushold|0 fnt\n|faint|p1a: Maushold\n|-damage|p2b: Basculegion|76/100|[from] Recoil\n|\n|-weather|Snowscape|[upkeep]\n|upkeep\n|\n|t:|1788235229\n|switch|p1a: Farigiraf|Farigiraf, L50, M|100/100\n|turn|3\n|\n|t:|1788235250\n|move|p2b: Basculegion|Protect|p2b: Basculegion\n|-singleturn|p2b: Basculegion|Protect\n|move|p2a: Froslass|Blizzard|p1a: Farigiraf|[spread] p1a,p1b\n|-crit|p1b: Gardevoir\n|-damage|p1a: Farigiraf|59/100\n|-damage|p1b: Gardevoir|37/100\n|move|p1b: Gardevoir|Hyper Voice|p2b: Basculegion|[spread] p2a\n|-activate|p2b: Basculegion|move: Protect\n|-damage|p2a: Froslass|15/100\n|move|p1a: Farigiraf|Trick Room|p1a: Farigiraf\n|-fieldstart|move: Trick Room|[of] p1a: Farigiraf\n|\n|-weather|Snowscape|[upkeep]\n|upkeep\n|turn|4\n|inactive|WoomyInverso has 30 seconds left.\n|\n|t:|1788235277\n|switch|p2a: Kingambit|Kingambit, L50, M|100/100\n|move|p1a: Farigiraf|Thunderbolt|p2b: Basculegion\n|-supereffective|p2b: Basculegion|1\n|-damage|p2b: Basculegion|43/100\n|-enditem|p2b: Basculegion|Sitrus Berry|[eat]\n|-heal|p2b: Basculegion|68/100|[from] item: Sitrus Berry\n|move|p2b: Basculegion|Last Respects|p1b: Gardevoir\n|-supereffective|p1b: Gardevoir|1\n|-damage|p1b: Gardevoir|0 fnt\n|faint|p1b: Gardevoir\n|\n|-weather|Snowscape|[upkeep]\n|upkeep\n|\n|t:|1788235287\n|switch|p1b: Hatterene|Hatterene, L50, F|100/100\n|turn|5\n|\n|t:|1788235295\n|move|p2b: Basculegion|Protect|p2b: Basculegion\n|-singleturn|p2b: Basculegion|Protect\n|move|p1b: Hatterene|Dazzling Gleam|p2b: Basculegion|[spread] p2a\n|-activate|p2b: Basculegion|move: Protect\n|-damage|p2a: Kingambit|73/100\n|move|p1a: Farigiraf|Thunderbolt|p2b: Basculegion\n|-activate|p2b: Basculegion|move: Protect\n|move|p2a: Kingambit|Kowtow Cleave|p1a: Farigiraf\n|-supereffective|p1a: Farigiraf|1\n|-damage|p1a: Farigiraf|0 fnt\n|faint|p1a: Farigiraf\n|-damage|p2a: Kingambit|63/100|[from] item: Life Orb\n|\n|-weather|none\n|-sideend|p2: shibikanon|move: Aurora Veil\n|upkeep\n|turn|6\n|\n|t:|1788235306\n|move|p1b: Hatterene|Psychic|p2b: Basculegion\n|-damage|p2b: Basculegion|21/100\n|-unboost|p2b: Basculegion|spd|1\n|move|p2a: Kingambit|Swords Dance|p2a: Kingambit\n|-boost|p2a: Kingambit|atk|2\n|move|p2b: Basculegion|Last Respects|p1b: Hatterene\n|-supereffective|p1b: Hatterene|1\n|-damage|p1b: Hatterene|0 fnt\n|faint|p1b: Hatterene\n|\n|win|shibikanon\n","uploadtime":1788235306,"views":"0","formatid":"gen9championsvgc2026regmbbo3","rating":null,"private":0,"password":null}