{"id":"gen9championsvgc2026regmbbo3-2674792748","format":"[Gen 9 Champions] VGC 2026 Reg M-B (Bo3)","players":["Leialotyl","SenorFrosty"],"log":"|j|☆Leialotyl\n|j|☆SenorFrosty\n|html|<table width=\"100%\"><tr><td align=\"left\">Leialotyl</td><td align=\"right\">SenorFrosty</tr><tr><td align=\"left\"><i class=\"fa fa-circle-o\"></i> <i class=\"fa fa-circle-o\"></i> </td><td align=\"right\"><i class=\"fa fa-circle-o\"></i> <i class=\"fa fa-circle\"></i> </tr></table>\n|uhtml|bestof|<h2><strong>Game 2</strong> of <a href=\"/game-bestof3-gen9championsvgc2026regmbbo3-2674790134\">a best-of-3</a></h2>\n|t:|1788407805\n|gametype|doubles\n|player|p1|Leialotyl|101|\n|player|p2|SenorFrosty|gentleman-gen4|\n|gen|9\n|tier|[Gen 9 Champions] VGC 2026 Reg M-B (Bo3)\n|rule|Species Clause: Limit one of each Pokémon\n|rule|Item Clause: Limit 1 of each item\n|clearpoke\n|poke|p1|Metagross, L50, shiny|\n|poke|p1|Whimsicott, L50, F, shiny|\n|poke|p1|Basculegion, L50, M, shiny|\n|poke|p1|Sylveon, L50, F|\n|poke|p1|Chesnaught, L50, F, shiny|\n|poke|p1|Gliscor, L50, F, shiny|\n|poke|p2|Excadrill, L50, F|\n|poke|p2|Tyranitar, L50, F|\n|poke|p2|Sableye, L50, M|\n|poke|p2|Staraptor, L50, F|\n|poke|p2|Rotom-Wash, L50|\n|poke|p2|Oranguru, L50, F|\n|teampreview|4\n|showteam|p1|Metagross||Metagrossite|ClearBody|Protect,BodyPress,IronHead,PsychicFangs|Adamant|||||50|]Whimsicott||FocusSash|Prankster|Tailwind,Encore,Moonblast,Protect|Timid||F|||50|]Basculegion||MysticWater|Adaptability|AquaJet,LastRespects,Protect,WaveCrash|Adamant||M|||50|]Sylveon||FairyFeather|Pixilate|HyperVoice,QuickAttack,Detect,HyperBeam|Modest||F|||50|]Chesnaught||Leftovers|Bulletproof|SpikyShield,BodyPress,WideGuard,DrainPunch|Impish||F|||50|]Gliscor||BrightPowder|SandVeil|DualWingbeat,RockSlide,Earthquake,KnockOff|Adamant||F|||50|\n|showteam|p2|Excadrill||FocusSash|SandRush|RockSlide,IronHead,Earthquake,Protect|Adamant||F|||50|]Tyranitar||Tyranitarite|SandStream|IcePunch,KnockOff,Protect,RockSlide|Jolly||F|||50|]Sableye||MentalHerb|Prankster|SkillSwap,Snarl,PainSplit,Quash|Serious||M|||50|]Staraptor||SharpBeak|Intimidate|FinalGambit,Uturn,BraveBird,Protect|Jolly||F|||50|]Rotom-Wash||ChoiceScarf|Levitate|Thunder,HydroPump,WillOWisp,VoltSwitch|Timid|||||50|]Oranguru||Leftovers|Telepathy|Imprison,TrickRoom,AfterYou,Protect|Serious||F|||50|\n|\n|t:|1788407852\n|teamsize|p1|4\n|teamsize|p2|4\n|start\n|switch|p1a: Whimsicott|Whimsicott, L50, F, shiny|100/100\n|switch|p1b: Sylveon|Sylveon, L50, F|100/100\n|switch|p2a: Staraptor|Staraptor, L50, F|100/100\n|switch|p2b: Rotom|Rotom-Wash, L50|100/100\n|-ability|p2a: Staraptor|Intimidate|boost\n|-unboost|p1a: Whimsicott|atk|1\n|-unboost|p1b: Sylveon|atk|1\n|turn|1\n|\n|t:|1788407875\n|move|p1a: Whimsicott|Tailwind|p1a: Whimsicott\n|-sidestart|p1: Leialotyl|move: Tailwind\n|move|p2b: Rotom|Volt Switch|p1a: Whimsicott\n|-resisted|p1a: Whimsicott|1\n|-damage|p1a: Whimsicott|75/100\n|\n|t:|1788407882\n|switch|p2b: Tyranitar|Tyranitar, L50, F|100/100|[from] Volt Switch\n|-weather|Sandstorm|[from] ability: Sand Stream|[of] p2b: Tyranitar\n|move|p2a: Staraptor|Final Gambit|p1b: Sylveon\n|-damage|p1b: Sylveon|4/100\n|faint|p2a: Staraptor\n|move|p1b: Sylveon|Hyper Voice|p2b: Tyranitar\n|-supereffective|p2b: Tyranitar|1\n|-damage|p2b: Tyranitar|4/100\n|\n|-weather|Sandstorm|[upkeep]\n|-damage|p1a: Whimsicott|69/100|[from] Sandstorm\n|-damage|p1b: Sylveon|0 fnt|[from] Sandstorm\n|faint|p1b: Sylveon\n|upkeep\n|\n|t:|1788407905\n|switch|p2a: Sableye|Sableye, L50, M|100/100\n|switch|p1b: Metagross|Metagross, L50, shiny|100/100\n|turn|2\n|\n|t:|1788407931\n|detailschange|p1b: Metagross|Metagross-Mega, L50, shiny\n|-mega|p1b: Metagross|Metagross|Metagrossite\n|detailschange|p2b: Tyranitar|Tyranitar-Mega, L50, F\n|-mega|p2b: Tyranitar|Tyranitar|Tyranitarite\n|move|p1a: Whimsicott|Protect|p1a: Whimsicott\n|-singleturn|p1a: Whimsicott|Protect\n|move|p1b: Metagross|Protect|p1b: Metagross\n|-singleturn|p1b: Metagross|Protect\n|move|p2a: Sableye|Quash|p1b: Metagross\n|-activate|p1b: Metagross|move: Protect\n|move|p2b: Tyranitar|Knock Off|p1b: Metagross\n|-activate|p1b: Metagross|move: Protect\n|\n|-weather|Sandstorm|[upkeep]\n|-damage|p1a: Whimsicott|63/100|[from] Sandstorm\n|-damage|p2a: Sableye|94/100|[from] Sandstorm\n|upkeep\n|turn|3\n|\n|t:|1788408000\n|switch|p2b: Rotom|Rotom-Wash, L50|100/100\n|move|p2a: Sableye|Pain Split|p1b: Metagross\n|-sethp|p1b: Metagross|87/100|[from] move: Pain Split|[silent]\n|-sethp|p2a: Sableye|100/100|[from] move: Pain Split\n|move|p1a: Whimsicott|Moonblast|p2a: Sableye\n|-supereffective|p2a: Sableye|1\n|-damage|p2a: Sableye|2/100\n|move|p1b: Metagross|Iron Head|p2b: Rotom\n|-resisted|p2b: Rotom|2\n|-damage|p2b: Rotom|77/100\n|\n|-weather|Sandstorm|[upkeep]\n|-damage|p1a: Whimsicott|57/100|[from] Sandstorm\n|-damage|p2b: Rotom|72/100|[from] Sandstorm\n|-damage|p2a: Sableye|0 fnt|[from] Sandstorm\n|faint|p2a: Sableye\n|upkeep\n|\n|t:|1788408015\n|switch|p2a: Tyranitar|Tyranitar-Mega, L50, F|4/100\n|turn|4\n|\n|t:|1788408051\n|move|p1b: Metagross|Protect|p1b: Metagross\n|-singleturn|p1b: Metagross|Protect\n|move|p1a: Whimsicott|Moonblast|p2b: Rotom\n|-damage|p2b: Rotom|25/100\n|move|p2b: Rotom|Hydro Pump|p1b: Metagross\n|-activate|p1b: Metagross|move: Protect\n|move|p2a: Tyranitar|Rock Slide|p1b: Metagross|[spread] p1a\n|-activate|p1b: Metagross|move: Protect\n|-damage|p1a: Whimsicott|13/100\n|\n|-weather|Sandstorm|[upkeep]\n|-damage|p1a: Whimsicott|7/100|[from] Sandstorm\n|-damage|p2b: Rotom|19/100|[from] Sandstorm\n|-sideend|p1: Leialotyl|move: Tailwind\n|upkeep\n|turn|5\n|\n|t:|1788408073\n|move|p2a: Tyranitar|Protect|p2a: Tyranitar\n|-singleturn|p2a: Tyranitar|Protect\n|move|p2b: Rotom|Hydro Pump|p1b: Metagross|[miss]\n|-miss|p2b: Rotom|p1b: Metagross\n|move|p1a: Whimsicott|Moonblast|p2b: Rotom\n|-damage|p2b: Rotom|0 fnt\n|faint|p2b: Rotom\n|move|p1b: Metagross|Body Press|p2a: Tyranitar\n|-activate|p2a: Tyranitar|move: Protect\n|\n|-weather|none\n|upkeep\n|turn|6\n|\n|t:|1788408087\n|move|p1a: Whimsicott|Moonblast|p2a: Tyranitar\n|-supereffective|p2a: Tyranitar|1\n|-damage|p2a: Tyranitar|0 fnt\n|faint|p2a: Tyranitar\n|\n|win|Leialotyl\n||Leialotyl is ready for game 3.\n|inactive|SenorFrosty has 30 seconds to confirm battle start!\n||SenorFrosty is ready for game 3.\n|uhtml|next|Next: <a href=\"/battle-gen9championsvgc2026regmbbo3-2674794297\"><strong>Game 3 of 3</strong></a>\n|l|☆SenorFrosty\n|player|p2|\n","uploadtime":1788408461,"views":"15","formatid":"gen9championsvgc2026regmbbo3","rating":null,"private":0,"password":null}