{"id":"gen9championsvgc2026regmbbo3-2674755191","format":"[Gen 9 Champions] VGC 2026 Reg M-B (Bo3)","players":["dweber89","HornetXxPvP"],"log":"|j|☆dweber89\n|j|☆HornetXxPvP\n|html|<table width=\"100%\"><tr><td align=\"left\">dweber89</td><td align=\"right\">HornetXxPvP</tr><tr><td align=\"left\"><i class=\"fa fa-circle-o\"></i> <i class=\"fa fa-circle-o\"></i> </td><td align=\"right\"><i class=\"fa fa-circle-o\"></i> <i class=\"fa fa-circle-o\"></i> </tr></table>\n|uhtml|bestof|<h2><strong>Game 1</strong> of <a href=\"/game-bestof3-gen9championsvgc2026regmbbo3-2674755190\">a best-of-3</a></h2>\n|t:|1788401093\n|gametype|doubles\n|player|p1|dweber89|1|1136\n|player|p2|HornetXxPvP|bellelba|1155\n|gen|9\n|tier|[Gen 9 Champions] VGC 2026 Reg M-B (Bo3)\n|rated|\n|rule|Species Clause: Limit one of each Pokémon\n|rule|Item Clause: Limit 1 of each item\n|clearpoke\n|poke|p1|Sneasler, L50, M|\n|poke|p1|Mawile, L50, M|\n|poke|p1|Swampert, L50, M|\n|poke|p1|Pelipper, L50, M|\n|poke|p1|Farigiraf, L50, M|\n|poke|p1|Sylveon, L50, M|\n|poke|p2|Charizard, L50, F|\n|poke|p2|Floette-Eternal, L50, F|\n|poke|p2|Zoroark-Hisui, L50, M|\n|poke|p2|Sneasler, L50, F|\n|poke|p2|Farigiraf, L50, F|\n|poke|p2|Kingambit, L50, F|\n|teampreview|4\n|showteam|p1|Sneasler||WhiteHerb|Unburden|FakeOut,CloseCombat,Coaching,DireClaw|Adamant||M|||50|]Mawile||Mawilite|Intimidate|SwordsDance,SuckerPunch,IronHead,Protect|Adamant||M|||50|]Swampert||Swampertite|Torrent|WaveCrash,Earthquake,HighHorsepower,Protect|Adamant||M|||50|]Pelipper||FocusSash|Drizzle|Hurricane,WeatherBall,Tailwind,Protect|Bold||M|||50|]Farigiraf||ColburBerry|ArmorTail|TrickRoom,LightScreen,Psychic,Protect|Bold||M|||50|]Sylveon||LifeOrb|Pixilate|HyperVoice,HyperBeam,QuickAttack,Protect|Modest||M|||50|\n|showteam|p2|Charizard||CharizarditeY|Blaze|HeatWave,WeatherBall,AncientPower,Protect|Modest||F|||50|]Floette-Eternal||Floettite|FlowerVeil|Moonblast,DrainingKiss,CalmMind,Protect|Modest||F|||50|]Zoroark-Hisui||FocusSash|Illusion|IcyWind,HyperVoice,GrassKnot,Protect|Timid||M|||50|]Sneasler||WhiteHerb|Unburden|CloseCombat,DireClaw,FakeOut,Protect|Jolly||F|||50|]Farigiraf||SitrusBerry|ArmorTail|HelpingHand,TrickRoom,NastyPlot,Psychic|Bold||F|||50|]Kingambit||LifeOrb|Defiant|KowtowCleave,SuckerPunch,SwordsDance,Protect|Adamant||F|||50|\n|\n|t:|1788401128\n|teamsize|p1|4\n|teamsize|p2|4\n|start\n|switch|p1a: Sneasler|Sneasler, L50, M|100/100\n|switch|p1b: Mawile|Mawile, L50, M|100/100\n|switch|p2a: Charizard|Charizard, L50, F|100/100\n|switch|p2b: Sneasler|Sneasler, L50, F|100/100\n|-ability|p1b: Mawile|Intimidate|boost\n|-unboost|p2a: Charizard|atk|1\n|-unboost|p2b: Sneasler|atk|1\n|-enditem|p2b: Sneasler|White Herb\n|-clearnegativeboost|p2b: Sneasler|[silent]\n|turn|1\n|inactive|Battle timer is ON: inactive players will automatically lose when time's up. (requested by HornetXxPvP)\n|\n|t:|1788401150\n|switch|p1a: Farigiraf|Farigiraf, L50, M|100/100\n|detailschange|p1b: Mawile|Mawile-Mega, L50, M\n|-mega|p1b: Mawile|Mawile|Mawilite\n|move|p1b: Mawile|Protect|p1b: Mawile\n|-singleturn|p1b: Mawile|Protect\n|move|p2b: Sneasler|Close Combat|p1b: Mawile\n|-activate|p1b: Mawile|move: Protect\n|move|p2a: Charizard|Icy Wind|p1a: Farigiraf|[spread] p1a\n|-activate|p1b: Mawile|move: Protect\n|-damage|p1a: Farigiraf|85/100\n|-unboost|p1a: Farigiraf|spe|1\n|\n|upkeep\n|turn|2\n|\n|t:|1788401167\n|move|p2b: Sneasler|Close Combat|p1b: Mawile\n|-damage|p1b: Mawile|36/100\n|-unboost|p2b: Sneasler|def|1\n|-unboost|p2b: Sneasler|spd|1\n|move|p2a: Charizard|Hyper Voice|p1b: Mawile|[spread] p1a,p1b\n|-resisted|p1b: Mawile|1\n|-damage|p1a: Farigiraf|52/100\n|-damage|p1b: Mawile|15/100\n|move|p1b: Mawile|Swords Dance|p1b: Mawile\n|-boost|p1b: Mawile|atk|2\n|move|p1a: Farigiraf|Trick Room|p1a: Farigiraf\n|-fieldstart|move: Trick Room|[of] p1a: Farigiraf\n|\n|upkeep\n|turn|3\n|\n|t:|1788401185\n|switch|p2b: Kingambit|Kingambit, L50, F|100/100\n|move|p1a: Farigiraf|Psychic|p2b: Kingambit\n|-immune|p2b: Kingambit\n|move|p1b: Mawile|Iron Head|p2a: Charizard\n|-enditem|p2a: Charizard|Focus Sash\n|-damage|p2a: Charizard|1/100\n|replace|p2a: Zoroark|Zoroark-Hisui, L50, M\n|-end|p2a: Zoroark|Illusion\n|move|p2a: Zoroark|Hyper Voice|p1a: Farigiraf|[spread] p1a,p1b\n|-crit|p1a: Farigiraf\n|-resisted|p1b: Mawile|1\n|-damage|p1a: Farigiraf|0 fnt\n|-damage|p1b: Mawile|0 fnt\n|faint|p1a: Farigiraf\n|faint|p1b: Mawile\n|\n|upkeep\n|\n|t:|1788401195\n|switch|p1b: Sylveon|Sylveon, L50, M|100/100\n|switch|p1a: Sneasler|Sneasler, L50, M|100/100\n|turn|4\n|\n|t:|1788401211\n|move|p2b: Kingambit|Protect|p2b: Kingambit\n|-singleturn|p2b: Kingambit|Protect\n|move|p1a: Sneasler|Fake Out|p2b: Kingambit\n|-activate|p2b: Kingambit|move: Protect\n|move|p1b: Sylveon|Hyper Voice|p2b: Kingambit|[spread] p2a\n|-activate|p2b: Kingambit|move: Protect\n|-damage|p2a: Zoroark|0 fnt\n|faint|p2a: Zoroark\n|-damage|p1b: Sylveon|90/100|[from] item: Life Orb\n|\n|upkeep\n|\n|t:|1788401217\n|switch|p2a: Sneasler|Sneasler, L50, F|100/100\n|turn|5\n|\n|t:|1788401237\n|move|p1b: Sylveon|Protect|p1b: Sylveon\n|-singleturn|p1b: Sylveon|Protect\n|move|p2a: Sneasler|Fake Out|p1a: Sneasler\n|-damage|p1a: Sneasler|76/100\n|move|p2b: Kingambit|Swords Dance|p2b: Kingambit\n|-boost|p2b: Kingambit|atk|2\n|cant|p1a: Sneasler|flinch\n|\n|upkeep\n|turn|6\n|\n|t:|1788401250\n|move|p2b: Kingambit|Protect|p2b: Kingambit\n|-singleturn|p2b: Kingambit|Protect\n|move|p2a: Sneasler|Protect|p2a: Sneasler\n|-singleturn|p2a: Sneasler|Protect\n|move|p1b: Sylveon|Hyper Voice|p2b: Kingambit|[spread] \n|-activate|p2a: Sneasler|move: Protect\n|-activate|p2b: Kingambit|move: Protect\n|move|p1a: Sneasler|Coaching|p1b: Sylveon\n|-boost|p1b: Sylveon|atk|1\n|-boost|p1b: Sylveon|def|1\n|\n|-fieldend|move: Trick Room\n|upkeep\n|turn|7\n|inactive|dweber89 has 30 seconds left.\n|\n|t:|1788401279\n|move|p2b: Kingambit|Sucker Punch|p1a: Sneasler\n|-resisted|p1a: Sneasler|1\n|-damage|p1a: Sneasler|0 fnt\n|faint|p1a: Sneasler\n|-damage|p2b: Kingambit|90/100|[from] item: Life Orb\n|move|p2a: Sneasler|Close Combat|p1b: Sylveon\n|-resisted|p1b: Sylveon|1\n|-damage|p1b: Sylveon|63/100\n|-unboost|p2a: Sneasler|def|1\n|-unboost|p2a: Sneasler|spd|1\n|move|p1b: Sylveon|Hyper Voice|p2a: Sneasler|[spread] p2a,p2b\n|-damage|p2a: Sneasler|0 fnt\n|-damage|p2b: Kingambit|40/100\n|faint|p2a: Sneasler\n|-damage|p1b: Sylveon|53/100|[from] item: Life Orb\n|\n|upkeep\n|\n|t:|1788401286\n|switch|p2a: Charizard|Charizard, L50, F|100/100\n|turn|8\n|\n|t:|1788401295\n|detailschange|p2a: Charizard|Charizard-Mega-Y, L50, F\n|-mega|p2a: Charizard|Charizard|Charizardite Y\n|-weather|SunnyDay|[from] ability: Drought|[of] p2a: Charizard\n|move|p2b: Kingambit|Sucker Punch|p1b: Sylveon\n|-resisted|p1b: Sylveon|1\n|-damage|p1b: Sylveon|8/100\n|-damage|p2b: Kingambit|30/100|[from] item: Life Orb\n|move|p2a: Charizard|Weather Ball|p1b: Sylveon\n|-damage|p1b: Sylveon|0 fnt\n|faint|p1b: Sylveon\n|\n|win|HornetXxPvP\n||dweber89 is ready for game 2.\n","uploadtime":1788401305,"views":"3","formatid":"gen9championsvgc2026regmbbo3","rating":null,"private":0,"password":null}