{"id":"gen9championsvgc2026regmb-2674346960","format":"[Gen 9 Champions] VGC 2026 Reg M-B","players":["HeliosAtDawn","AniLiFe_22"],"log":"|j|☆HeliosAtDawn\n|j|‽AniLiFe_22\n|t:|1788346086\n|gametype|doubles\n|player|p1|HeliosAtDawn|cynthia-gen4|1174\n|player|p2|AniLiFe_22|flannery|1127\n|gen|9\n|tier|[Gen 9 Champions] VGC 2026 Reg M-B\n|rated|\n|rule|Species Clause: Limit one of each Pokémon\n|rule|Item Clause: Limit 1 of each item\n|clearpoke\n|poke|p1|Camerupt, L50, F|\n|poke|p1|Weavile, L50, F|\n|poke|p1|Aerodactyl, L50, F|\n|poke|p1|Farigiraf, L50, M|\n|poke|p1|Primarina, L50, F|\n|poke|p1|Rotom-Wash, L50|\n|poke|p2|Banette, L50, M|\n|poke|p2|Glimmora, L50, F|\n|poke|p2|Volcarona, L50, F|\n|poke|p2|Garchomp, L50, M|\n|poke|p2|Sneasler, L50, F|\n|poke|p2|Whimsicott, L50, M|\n|teampreview|4\n|inactive|Battle timer is ON: inactive players will automatically lose when time's up. (requested by AniLiFe_22)\n|inactive|HeliosAtDawn also wants the timer to be on.\n|inactive|HeliosAtDawn has 60 seconds left.\n|inactive|AniLiFe_22 has 60 seconds left.\n|\n|t:|1788346121\n|teamsize|p1|4\n|teamsize|p2|4\n|start\n|switch|p1a: Nitty|Weavile, L50, F|100/100\n|switch|p1b: Aeroplane|Aerodactyl, L50, F|100/100\n|switch|p2a: Whimsicott|Whimsicott, L50, M|100/100\n|switch|p2b: Glimmora|Glimmora, L50, F|100/100\n|-ability|p1b: Aeroplane|Unnerve\n|turn|1\n|\n|t:|1788346141\n|move|p1a: Nitty|Fake Out|p2a: Whimsicott\n|-damage|p2a: Whimsicott|86/100\n|cant|p2a: Whimsicott|flinch\n|move|p1b: Aeroplane|Tailwind|p1b: Aeroplane\n|-sidestart|p1: HeliosAtDawn|move: Tailwind\n|move|p2b: Glimmora|Power Gem|p1a: Nitty\n|-supereffective|p1a: Nitty|1\n|-enditem|p1a: Nitty|Focus Sash\n|-damage|p1a: Nitty|1/100\n|\n|upkeep\n|turn|2\n|inactive|HeliosAtDawn has 30 seconds left.\n|inactive|HeliosAtDawn has 20 seconds left.\n|inactive|HeliosAtDawn has 15 seconds left.\n|inactive|HeliosAtDawn has 10 seconds left.\n|\n|t:|1788346189\n|detailschange|p1b: Aeroplane|Aerodactyl-Mega, L50, F\n|-mega|p1b: Aeroplane|Aerodactyl|Aerodactylite\n|move|p2a: Whimsicott|Encore|p1b: Aeroplane\n|-start|p1b: Aeroplane|Encore\n|move|p1b: Aeroplane|Tailwind||[still]\n|-fail|p1b: Aeroplane\n|move|p1a: Nitty|Icicle Crash|p2a: Whimsicott\n|-supereffective|p2a: Whimsicott|1\n|-damage|p2a: Whimsicott|0 fnt\n|faint|p2a: Whimsicott\n|move|p2b: Glimmora|Power Gem|p1a: Nitty\n|-supereffective|p1a: Nitty|1\n|-damage|p1a: Nitty|0 fnt\n|faint|p1a: Nitty\n|\n|upkeep\n|\n|t:|1788346211\n|switch|p1a: Farigiraf|Farigiraf, L50, M|100/100\n|switch|p2a: Volcarona|Volcarona, L50, F|100/100\n|turn|3\n|\n|t:|1788346222\n|switch|p1b: Primarina|Primarina, L50, F|100/100\n|move|p2b: Glimmora|Power Gem|p1b: Primarina\n|-damage|p1b: Primarina|54/100\n|move|p1a: Farigiraf|Psychic|p2b: Glimmora\n|-supereffective|p2b: Glimmora|1\n|-damage|p2b: Glimmora|8/100\n|move|p2a: Volcarona|Quiver Dance|p2a: Volcarona\n|-boost|p2a: Volcarona|spa|1\n|-boost|p2a: Volcarona|spd|1\n|-boost|p2a: Volcarona|spe|1\n|\n|upkeep\n|turn|4\n|inactive|HeliosAtDawn has 30 seconds left.\n|\n|t:|1788346254\n|move|p2b: Glimmora|Spiky Shield|p2b: Glimmora\n|-singleturn|p2b: Glimmora|move: Protect\n|move|p2a: Volcarona|Quiver Dance|p2a: Volcarona\n|-boost|p2a: Volcarona|spa|1\n|-boost|p2a: Volcarona|spd|1\n|-boost|p2a: Volcarona|spe|1\n|move|p1b: Primarina|Hyper Voice|p2a: Volcarona|[spread] p2a\n|-activate|p2b: Glimmora|move: Protect\n|-supereffective|p2a: Volcarona|1\n|-damage|p2a: Volcarona|70/100\n|move|p1a: Farigiraf|Trick Room|p1a: Farigiraf\n|-fieldstart|move: Trick Room|[of] p1a: Farigiraf\n|\n|-heal|p2a: Volcarona|77/100|[from] item: Leftovers\n|-sideend|p1: HeliosAtDawn|move: Tailwind\n|upkeep\n|turn|5\n|inactive|HeliosAtDawn has 30 seconds left.\n|inactive|AniLiFe_22 has 30 seconds left.\n|inactive|AniLiFe_22 has 20 seconds left.\n|inactive|AniLiFe_22 has 15 seconds left.\n|inactive|AniLiFe_22 has 10 seconds left.\n|\n|t:|1788346304\n|move|p1a: Farigiraf|Helping Hand|p1b: Primarina\n|-singleturn|p1b: Primarina|Helping Hand|[of] p1a: Farigiraf\n|move|p1b: Primarina|Hyper Voice|p2b: Glimmora|[spread] p2a,p2b\n|-supereffective|p2a: Volcarona|1\n|-supereffective|p2b: Glimmora|1\n|-damage|p2a: Volcarona|27/100\n|-damage|p2b: Glimmora|0 fnt\n|faint|p2b: Glimmora\n|move|p2a: Volcarona|Giga Drain|p1b: Primarina\n|-supereffective|p1b: Primarina|1\n|-damage|p1b: Primarina|0 fnt\n|-heal|p2a: Volcarona|49/100|[from] drain|[of] p1b: Primarina\n|faint|p1b: Primarina\n|\n|-heal|p2a: Volcarona|55/100|[from] item: Leftovers\n|upkeep\n|\n|t:|1788346315\n|switch|p1b: Aeroplane|Aerodactyl-Mega, L50, F|100/100\n|switch|p2b: Banette|Banette, L50, M|100/100\n|-item|p1a: Farigiraf|Sitrus Berry|[from] ability: Frisk|[of] p2b: Banette\n|-item|p1b: Aeroplane|Aerodactylite|[from] ability: Frisk|[of] p2b: Banette\n|turn|6\n|\n|t:|1788346333\n|detailschange|p2b: Banette|Banette-Mega, L50, M\n|-mega|p2b: Banette|Banette|Banettite\n|move|p1a: Farigiraf|Helping Hand|p1b: Aeroplane\n|-singleturn|p1b: Aeroplane|Helping Hand|[of] p1a: Farigiraf\n|move|p2a: Volcarona|Protect|p2a: Volcarona\n|-singleturn|p2a: Volcarona|Protect\n|move|p2b: Banette|Poltergeist|p1b: Aeroplane|[miss]\n|-miss|p2b: Banette|p1b: Aeroplane\n|move|p1b: Aeroplane|Rock Slide|p2b: Banette|[spread] p2b\n|-activate|p2a: Volcarona|move: Protect\n|-damage|p2b: Banette|49/100\n|\n|-heal|p2a: Volcarona|61/100|[from] item: Leftovers\n|upkeep\n|turn|7\n|inactive|HeliosAtDawn has 30 seconds left.\n|inactive|AniLiFe_22 has 30 seconds left.\n|\n|t:|1788346360\n|move|p1a: Farigiraf|Psychic|p2b: Banette\n|-damage|p2b: Banette|5/100\n|move|p2b: Banette|Poltergeist|p1b: Aeroplane\n|-activate|p1b: Aeroplane|move: Poltergeist|Aerodactylite\n|-damage|p1b: Aeroplane|10/100\n|move|p1b: Aeroplane|Rock Slide|p2b: Banette|[spread] p2a,p2b\n|-supereffective|p2a: Volcarona|2\n|-damage|p2a: Volcarona|0 fnt\n|-damage|p2b: Banette|0 fnt\n|faint|p2a: Volcarona\n|faint|p2b: Banette\n|\n|win|HeliosAtDawn\n|raw|HeliosAtDawn's rating: 1174 &rarr; <strong>1196</strong><br />(+22 for winning)\n|raw|AniLiFe_22's rating: 1127 &rarr; <strong>1105</strong><br />(-22 for losing)\n|l|‽AniLiFe_22\n|player|p2|\n","uploadtime":1788346373,"views":"8","formatid":"gen9championsvgc2026regmb","rating":1105,"private":0,"password":null}