{"id":"gen9championsvgc2026regmbbo3-2673486194","format":"[Gen 9 Champions] VGC 2026 Reg M-B (Bo3)","players":["totaldestroy","w0rms4f1ng3rs"],"log":"|j|☆totaldestroy\n|j|☆w0rms4f1ng3rs\n|html|<table width=\"100%\"><tr><td align=\"left\">totaldestroy</td><td align=\"right\">w0rms4f1ng3rs</tr><tr><td align=\"left\"><i class=\"fa fa-circle-o\"></i> <i class=\"fa fa-circle-o\"></i> </td><td align=\"right\"><i class=\"fa fa-circle-o\"></i> <i class=\"fa fa-circle\"></i> </tr></table>\n|uhtml|bestof|<h2><strong>Game 2</strong> of <a href=\"/game-bestof3-gen9championsvgc2026regmbbo3-2673484655\">a best-of-3</a></h2>\n|t:|1788203572\n|gametype|doubles\n|player|p1|totaldestroy|veteran|1204\n|player|p2|w0rms4f1ng3rs|zinzolin|1218\n|gen|9\n|tier|[Gen 9 Champions] VGC 2026 Reg M-B (Bo3)\n|rated|\n|rule|Species Clause: Limit one of each Pokémon\n|rule|Item Clause: Limit 1 of each item\n|clearpoke\n|poke|p1|Incineroar, L50, M|\n|poke|p1|Zoroark-Hisui, L50, M|\n|poke|p1|Froslass, L50, F|\n|poke|p1|Sneasler, L50, M|\n|poke|p1|Farigiraf, L50, M|\n|poke|p1|Arcanine-Hisui, L50, F|\n|poke|p2|Charizard, L50, F, shiny|\n|poke|p2|Whimsicott, L50, M|\n|poke|p2|Kingambit, L50, F|\n|poke|p2|Basculegion, L50, M|\n|poke|p2|Garchomp, L50, F|\n|poke|p2|Floette-Eternal, L50, F|\n|teampreview|4\n|showteam|p1|Incineroar||PasshoBerry|Intimidate|ThroatChop,FlareBlitz,FakeOut,PartingShot|Adamant||M|||50|]Zoroark-Hisui||FocusSash|Illusion|IcyWind,BitterMalice,WillOWisp,Protect|Timid||M|||50|]Froslass||Froslassite|CursedBody|Blizzard,ShadowBall,NastyPlot,Protect|Modest||F|||50|]Sneasler||WhiteHerb|Unburden|FakeOut,DireClaw,CloseCombat,Protect|Adamant||M|||50|]Farigiraf||SitrusBerry|ArmorTail|Psychic,Thunderbolt,HelpingHand,Roar|Bold||M|||50|]Arcanine-Hisui||ChoiceScarf|RockHead|FlareBlitz,HeadSmash,RockSlide,CloseCombat|Jolly||F|||50|\n|showteam|p2|Charizard||CharizarditeY|Blaze|HeatWave,WeatherBall,SolarBeam,Protect|Modest||F|||50|]Whimsicott||FocusSash|Prankster|Moonblast,Encore,Tailwind,Protect|Timid||M|||50|]Kingambit||OccaBerry|Defiant|KowtowCleave,SuckerPunch,IronHead,LowKick|Adamant||F|||50|]Basculegion||MysticWater|Adaptability|WaveCrash,LastRespects,AquaJet,Protect|Adamant||M|||50|]Garchomp||LifeOrb|RoughSkin|Earthquake,DragonClaw,RockSlide,Protect|Jolly||F|||50|]Floette-Eternal||Floettite|FlowerVeil|Moonblast,DazzlingGleam,LightofRuin,Protect|Timid||F|||50|\n|\n|t:|1788203588\n|teamsize|p1|4\n|teamsize|p2|4\n|start\n|switch|p1a: wife material|Froslass, L50, F|100/100\n|switch|p1b: head banger|Arcanine-Hisui, L50, F|100/100\n|switch|p2a: Whimsicott|Whimsicott, L50, M|100/100\n|switch|p2b: Kingambit|Kingambit, L50, F|100/100\n|turn|1\n|\n|t:|1788203640\n|detailschange|p1a: wife material|Froslass-Mega, L50, F\n|-mega|p1a: wife material|Froslass|Froslassite\n|-weather|Snowscape|[from] ability: Snow Warning|[of] p1a: wife material\n|move|p2b: Kingambit|Sucker Punch||[still]\n|-fail|p2b: Kingambit\n|move|p2a: Whimsicott|Moonblast|p1b: head banger\n|-damage|p1b: head banger|29/100\n|replace|p1b: surprise!|Zoroark-Hisui, L50, M\n|-end|p1b: surprise!|Illusion\n|move|p1b: surprise!|Will-O-Wisp|p2b: Kingambit\n|-status|p2b: Kingambit|brn\n|move|p1a: wife material|Nasty Plot|p1a: wife material\n|-boost|p1a: wife material|spa|2\n|\n|-weather|Snowscape|[upkeep]\n|-damage|p2b: Kingambit|94/100 brn|[from] brn\n|upkeep\n|turn|2\n|\n|t:|1788203660\n|switch|p1b: king eater|Farigiraf, L50, M|100/100\n|move|p2a: Whimsicott|Encore||[still]\n|cant|p1b: king eater|ability: Armor Tail|Encore|[of] p2a: Whimsicott\n|move|p1a: wife material|Blizzard|p2a: Whimsicott|[spread] p2a,p2b\n|-supereffective|p2a: Whimsicott|1\n|-resisted|p2b: Kingambit|1\n|-enditem|p2a: Whimsicott|Focus Sash\n|-damage|p2a: Whimsicott|1/100\n|-damage|p2b: Kingambit|49/100 brn\n|move|p2b: Kingambit|Kowtow Cleave|p1a: wife material\n|-supereffective|p1a: wife material|1\n|-damage|p1a: wife material|50/100g\n|\n|-weather|Snowscape|[upkeep]\n|-damage|p2b: Kingambit|43/100 brn|[from] brn\n|upkeep\n|turn|3\n|\n|t:|1788203685\n|move|p1a: wife material|Protect|p1a: wife material\n|-singleturn|p1a: wife material|Protect\n|move|p2a: Whimsicott|Tailwind|p2a: Whimsicott\n|-sidestart|p2: w0rms4f1ng3rs|move: Tailwind\n|move|p2b: Kingambit|Kowtow Cleave|p1b: king eater\n|-supereffective|p1b: king eater|1\n|-damage|p1b: king eater|58/100\n|move|p1b: king eater|Thunderbolt|p2a: Whimsicott\n|-resisted|p2a: Whimsicott|1\n|-damage|p2a: Whimsicott|0 fnt\n|faint|p2a: Whimsicott\n|\n|-weather|Snowscape|[upkeep]\n|-damage|p2b: Kingambit|37/100 brn|[from] brn\n|upkeep\n|\n|t:|1788203693\n|switch|p2a: Charizard|Charizard, L50, F, shiny|100/100\n|turn|4\n|\n|t:|1788203709\n|detailschange|p2a: Charizard|Charizard-Mega-Y, L50, F, shiny\n|-mega|p2a: Charizard|Charizard|Charizardite Y\n|-weather|SunnyDay|[from] ability: Drought|[of] p2a: Charizard\n|move|p2a: Charizard|Heat Wave|p1a: wife material|[spread] \n|-miss|p2a: Charizard|p1a: wife material\n|-miss|p2a: Charizard|p1b: king eater\n|move|p1a: wife material|Blizzard|p2b: Kingambit|[spread] p2a\n|-miss|p1a: wife material|p2b: Kingambit\n|-damage|p2a: Charizard|28/100\n|move|p2b: Kingambit|Kowtow Cleave|p1b: king eater\n|-supereffective|p1b: king eater|1\n|-damage|p1b: king eater|18/100\n|-enditem|p1b: king eater|Sitrus Berry|[eat]\n|-heal|p1b: king eater|43/100|[from] item: Sitrus Berry\n|move|p1b: king eater|Thunderbolt|p2a: Charizard\n|-supereffective|p2a: Charizard|1\n|-damage|p2a: Charizard|0 fnt\n|faint|p2a: Charizard\n|\n|-weather|SunnyDay|[upkeep]\n|-damage|p2b: Kingambit|32/100 brn|[from] brn\n|upkeep\n|c|☆totaldestroy|I am so sorry\n|\n|t:|1788203721\n|switch|p2a: Garchomp|Garchomp, L50, F|100/100\n|turn|5\n|\n|t:|1788203730\n|move|p2a: Garchomp|Rock Slide|p1b: king eater|[spread] p1a,p1b\n|-supereffective|p1a: wife material|1\n|-damage|p1a: wife material|0 fnt\n|-damage|p1b: king eater|22/100\n|faint|p1a: wife material\n|-damage|p2a: Garchomp|90/100|[from] item: Life Orb\n|move|p2b: Kingambit|Kowtow Cleave|p1b: king eater\n|-supereffective|p1b: king eater|1\n|-damage|p1b: king eater|0 fnt\n|faint|p1b: king eater\n|\n|-weather|SunnyDay|[upkeep]\n|-damage|p2b: Kingambit|26/100 brn|[from] brn\n|upkeep\n|\n|t:|1788203733\n|switch|p1a: head banger|Arcanine-Hisui, L50, F|29/100\n|switch|p1b: head banger|Arcanine-Hisui, L50, F|100/100\n|turn|6\n|\n|t:|1788203752\n|move|p2b: Kingambit|Sucker Punch|p1b: head banger\n|-damage|p1b: head banger|75/100\n|move|p2a: Garchomp|Earthquake|p1b: head banger|[spread] p2b,p1a,p1b\n|-supereffective|p2b: Kingambit|1\n|-supereffective|p1b: head banger|2\n|-damage|p2b: Kingambit|0 fnt\n|-damage|p1a: head banger|0 fnt\n|-damage|p1b: head banger|0 fnt\n|replace|p1a: surprise!|Zoroark-Hisui, L50, M\n|-end|p1a: surprise!|Illusion\n|faint|p2b: Kingambit\n|faint|p1a: surprise!\n|faint|p1b: head banger\n|-damage|p2a: Garchomp|80/100|[from] item: Life Orb\n|\n|win|w0rms4f1ng3rs\n|raw|totaldestroy's rating: 1204 &rarr; <strong>1180</strong><br />(-24 for losing)\n|raw|w0rms4f1ng3rs's rating: 1218 &rarr; <strong>1242</strong><br />(+24 for winning)\n","uploadtime":1788203752,"views":"19","formatid":"gen9championsvgc2026regmbbo3","rating":1180,"private":0,"password":null}