{"id":"gen9championsvgc2026regmb-2674566294","format":"[Gen 9 Champions] VGC 2026 Reg M-B","players":["Noobiedoobie537","r0wsg0ld"],"log":"|j|☆Noobiedoobie537\n|j|☆r0wsg0ld\n|t:|1788374688\n|gametype|doubles\n|player|p1|Noobiedoobie537|lucas-gen4pt|1316\n|player|p2|r0wsg0ld|2|1283\n|gen|9\n|tier|[Gen 9 Champions] VGC 2026 Reg M-B\n|rated|\n|rule|Species Clause: Limit one of each Pokémon\n|rule|Item Clause: Limit 1 of each item\n|clearpoke\n|poke|p1|Reuniclus, L50, F, shiny|\n|poke|p1|Farigiraf, L50, M|\n|poke|p1|Sneasler, L50, M|\n|poke|p1|Pelipper, L50, M|\n|poke|p1|Swampert, L50, F|\n|poke|p1|Mawile, L50, F|\n|poke|p2|Staraptor, L50, F|\n|poke|p2|Gholdengo, L50|\n|poke|p2|Tyranitar, L50, F|\n|poke|p2|Excadrill, L50, M|\n|poke|p2|Sinistcha, L50|\n|poke|p2|Milotic, L50, F|\n|teampreview|4\n|inactive|Battle timer is ON: inactive players will automatically lose when time's up. (requested by r0wsg0ld)\n|\n|t:|1788374702\n|teamsize|p1|4\n|teamsize|p2|4\n|start\n|switch|p1a: sukuna|Reuniclus, L50, F, shiny|100/100\n|switch|p1b: Harryhardtr|Farigiraf, L50, M|100/100\n|switch|p2a: Gholdengo|Gholdengo, L50|100/100\n|switch|p2b: Excadrill|Excadrill, L50, M|100/100\n|turn|1\n|\n|t:|1788374715\n|move|p1a: sukuna|Protect|p1a: sukuna\n|-singleturn|p1a: sukuna|Protect\n|move|p2b: Excadrill|Rock Slide|p1a: sukuna|[spread] p1b\n|-activate|p1a: sukuna|move: Protect\n|-damage|p1b: Harryhardtr|82/100\n|move|p2a: Gholdengo|Shadow Ball|p1a: sukuna\n|-activate|p1a: sukuna|move: Protect\n|move|p1b: Harryhardtr|Trick Room|p1b: Harryhardtr\n|-fieldstart|move: Trick Room|[of] p1b: Harryhardtr\n|\n|upkeep\n|turn|2\n|inactive|Noobiedoobie537 has 30 seconds left.\n|inactive|Noobiedoobie537 has 20 seconds left.\n|inactive|Noobiedoobie537 has 15 seconds left.\n|inactive|Noobiedoobie537 has 10 seconds left.\n|\n|t:|1788374761\n|switch|p1a: fraud|Pelipper, L50, M|100/100\n|-weather|RainDance|[from] ability: Drizzle|[of] p1a: fraud\n|switch|p1b: mawilemax|Mawile, L50, F|100/100\n|-ability|p1b: mawilemax|Intimidate|boost\n|-unboost|p2a: Gholdengo|atk|1\n|-unboost|p2b: Excadrill|atk|1\n|switch|p2b: Tyranitar|Tyranitar, L50, F|100/100\n|-weather|Sandstorm|[from] ability: Sand Stream|[of] p2b: Tyranitar\n|move|p2a: Gholdengo|Shadow Ball|p1a: fraud\n|-damage|p1a: fraud|18/100\n|-damage|p2a: Gholdengo|90/100|[from] item: Life Orb\n|\n|-weather|Sandstorm|[upkeep]\n|-damage|p1a: fraud|13/100|[from] Sandstorm\n|upkeep\n|turn|3\n|\n|t:|1788374784\n|switch|p1a: sukuna|Reuniclus, L50, F, shiny|100/100\n|switch|p2b: Sinistcha|Sinistcha, L50|100/100\n|-heal|p2a: Gholdengo|100/100|[from] ability: Hospitality|[of] p2b: Sinistcha\n|detailschange|p1b: mawilemax|Mawile-Mega, L50, F\n|-mega|p1b: mawilemax|Mawile|Mawilite\n|move|p1b: mawilemax|Sucker Punch|p2a: Gholdengo\n|-supereffective|p2a: Gholdengo|1\n|-damage|p2a: Gholdengo|0 fnt\n|faint|p2a: Gholdengo\n|\n|-weather|Sandstorm|[upkeep]\n|-damage|p2b: Sinistcha|93/100|[from] Sandstorm\n|upkeep\n|\n|t:|1788374793\n|switch|p2a: Excadrill|Excadrill, L50, M|100/100\n|turn|4\n|\n|t:|1788374800\n|move|p1a: sukuna|Focus Blast|p2a: Excadrill|[miss]\n|-miss|p1a: sukuna|p2a: Excadrill\n|move|p1b: mawilemax|Play Rough|p2b: Sinistcha\n|-damage|p2b: Sinistcha|34/100\n|move|p2b: Sinistcha|Shadow Ball|p1a: sukuna\n|-supereffective|p1a: sukuna|1\n|-damage|p1a: sukuna|40/100\n|move|p2a: Excadrill|High Horsepower|p1b: mawilemax\n|-supereffective|p1b: mawilemax|1\n|-damage|p1b: mawilemax|0 fnt\n|faint|p1b: mawilemax\n|\n|-weather|Sandstorm|[upkeep]\n|-damage|p2b: Sinistcha|28/100|[from] Sandstorm\n|upkeep\n|\n|t:|1788374805\n|switch|p1b: Harryhardtr|Farigiraf, L50, M|82/100\n|turn|5\n|\n|t:|1788374813\n|move|p2b: Sinistcha|Protect|p2b: Sinistcha\n|-singleturn|p2b: Sinistcha|Protect\n|move|p2a: Excadrill|Protect|p2a: Excadrill\n|-singleturn|p2a: Excadrill|Protect\n|move|p1a: sukuna|Focus Blast|p2a: Excadrill\n|-activate|p2a: Excadrill|move: Protect\n|move|p1b: Harryhardtr|Psychic|p2b: Sinistcha\n|-activate|p2b: Sinistcha|move: Protect\n|\n|-weather|Sandstorm|[upkeep]\n|-damage|p1b: Harryhardtr|77/100|[from] Sandstorm\n|-damage|p2b: Sinistcha|22/100|[from] Sandstorm\n|-fieldend|move: Trick Room\n|upkeep\n|turn|6\n|\n|t:|1788374828\n|move|p1b: Harryhardtr|Protect|p1b: Harryhardtr\n|-singleturn|p1b: Harryhardtr|Protect\n|move|p2a: Excadrill|Iron Head|p1b: Harryhardtr\n|-activate|p1b: Harryhardtr|move: Protect\n|move|p2b: Sinistcha|Shadow Ball|p1a: sukuna\n|-supereffective|p1a: sukuna|1\n|-damage|p1a: sukuna|0 fnt\n|faint|p1a: sukuna\n|\n|-weather|none\n|upkeep\n|\n|t:|1788374836\n|switch|p1a: fraud|Pelipper, L50, M|13/100\n|-weather|RainDance|[from] ability: Drizzle|[of] p1a: fraud\n|turn|7\n|-message|Noobiedoobie537 forfeited.\n|\n|win|r0wsg0ld\n|raw|Noobiedoobie537's rating: 1316 &rarr; <strong>1294</strong><br />(-22 for losing)\n|raw|r0wsg0ld's rating: 1283 &rarr; <strong>1310</strong><br />(+27 for winning)\n|l|☆r0wsg0ld\n|player|p2|\n","uploadtime":1788374866,"views":"0","formatid":"gen9championsvgc2026regmb","rating":1294,"private":0,"password":null}