{"id":"gen9championsvgc2026regmbbo3-2673683339","format":"[Gen 9 Champions] VGC 2026 Reg M-B (Bo3)","players":["tevad","cccfff"],"log":"|j|☆tevad\n|j|☆cccfff\n|html|<table width=\"100%\"><tr><td align=\"left\">tevad</td><td align=\"right\">cccfff</tr><tr><td align=\"left\"><i class=\"fa fa-circle\"></i> <i class=\"fa fa-circle-o\"></i> </td><td align=\"right\"><i class=\"fa fa-circle-o\"></i> <i class=\"fa fa-circle\"></i> </tr></table>\n|uhtml|bestof|<h2><strong>Game 3</strong> of <a href=\"/game-bestof3-gen9championsvgc2026regmbbo3-2673679889\">a best-of-3</a></h2>\n|t:|1788232595\n|gametype|doubles\n|player|p1|tevad|hilbert|1000\n|player|p2|cccfff|swimmer|1004\n|gen|9\n|tier|[Gen 9 Champions] VGC 2026 Reg M-B (Bo3)\n|rated|\n|rule|Species Clause: Limit one of each Pokémon\n|rule|Item Clause: Limit 1 of each item\n|clearpoke\n|poke|p1|Floette-Eternal, L50, F|\n|poke|p1|Charizard, L50, M|\n|poke|p1|Garchomp, L50, M|\n|poke|p1|Incineroar, L50, F|\n|poke|p1|Sinistcha, L50|\n|poke|p1|Venusaur, L50, F|\n|poke|p2|Forretress, L50, F, shiny|\n|poke|p2|Sinistcha-Masterpiece, L50|\n|poke|p2|Sneasler, L50, M|\n|poke|p2|Starmie, L50, shiny|\n|poke|p2|Primarina, L50, M, shiny|\n|poke|p2|Heliolisk, L50, M, shiny|\n|teampreview|4\n|showteam|p1|Floette-Eternal||Floettite|FlowerVeil|Moonblast,DazzlingGleam,Protect,CalmMind|Modest||F|||50|]Charizard||CharizarditeY|Blaze|Protect,HeatWave,SolarBeam,WeatherBall|Modest||M|||50|]Garchomp||ChoiceScarf|RoughSkin|DragonClaw,RockSlide,Earthquake,Protect|Jolly||M|||50|]Incineroar||SitrusBerry|Intimidate|FakeOut,PartingShot,FlareBlitz,ThroatChop|Careful||F|||50|]Sinistcha||ColburBerry|Hospitality|MatchaGotcha,RagePowder,TrickRoom,Protect|Bold|||||50|]Venusaur||FocusSash|Chlorophyll|SludgeBomb,LeafStorm,Protect,SleepPowder|Modest||F|||50|\n|showteam|p2|Forretress||IronBall|Overcoat|GyroBall,Protect,HelpingHand,VoltSwitch|Brave||F|||50|]Sinistcha-Masterpiece||SitrusBerry|Hospitality|MatchaGotcha,Protect,RagePowder,TrickRoom|Quiet|||||50|]Sneasler||FocusSash|Unburden|FakeOut,Coaching,CloseCombat,DireClaw|Jolly||M|||50|]Starmie||Starminite|NaturalCure|SkillSwap,Protect,Liquidation,ZenHeadbutt|Jolly|||||50|]Primarina||LifeOrb|LiquidVoice|AquaJet,Moonblast,HyperVoice,Protect|Quiet||M|||50|]Heliolisk||Magnet|DrySkin|Thunderbolt,Protect,Electroweb,HyperVoice|Modest||M|||50|\n|inactive|Battle timer is ON: inactive players will automatically lose when time's up. (requested by cccfff)\n|\n|t:|1788232652\n|teamsize|p1|4\n|teamsize|p2|4\n|start\n|switch|p1a: Charizard|Charizard, L50, M|100/100\n|switch|p1b: Venusaur|Venusaur, L50, F|100/100\n|switch|p2a: Sneasler|Sneasler, L50, M|100/100\n|switch|p2b: Sinistcha|Sinistcha-Masterpiece, L50|100/100\n|turn|1\n|inactive|tevad has 30 seconds left.\n|\n|t:|1788232678\n|detailschange|p1a: Charizard|Charizard-Mega-Y, L50, M\n|-mega|p1a: Charizard|Charizard|Charizardite Y\n|-weather|SunnyDay|[from] ability: Drought|[of] p1a: Charizard\n|move|p2a: Sneasler|Fake Out|p1a: Charizard\n|-damage|p1a: Charizard|78/100\n|move|p1b: Venusaur|Sludge Bomb|p2b: Sinistcha\n|-damage|p2b: Sinistcha|55/100\n|cant|p1a: Charizard|flinch\n|move|p2b: Sinistcha|Trick Room|p2b: Sinistcha\n|-fieldstart|move: Trick Room|[of] p2b: Sinistcha\n|\n|-weather|SunnyDay|[upkeep]\n|upkeep\n|turn|2\n|inactive|cccfff has 30 seconds left.\n|\n|t:|1788232703\n|switch|p1b: Incineroar|Incineroar, L50, F|100/100\n|-ability|p1b: Incineroar|Intimidate|boost\n|-unboost|p2a: Sneasler|atk|1\n|-unboost|p2b: Sinistcha|atk|1\n|move|p2b: Sinistcha|Protect|p2b: Sinistcha\n|-singleturn|p2b: Sinistcha|Protect\n|move|p1a: Charizard|Heat Wave|p2a: Sneasler|[spread] p2a\n|-activate|p2b: Sinistcha|move: Protect\n|-enditem|p2a: Sneasler|Focus Sash\n|-damage|p2a: Sneasler|1/100\n|move|p2a: Sneasler|Dire Claw|p1a: Charizard\n|-damage|p1a: Charizard|41/100\n|\n|-weather|SunnyDay|[upkeep]\n|upkeep\n|turn|3\n|inactive|cccfff has 30 seconds left.\n|inactive|tevad has 30 seconds left.\n|\n|t:|1788232734\n|switch|p1b: Venusaur|Venusaur, L50, F|100/100\n|move|p1a: Charizard|Protect|p1a: Charizard\n|-singleturn|p1a: Charizard|Protect\n|move|p2b: Sinistcha|Matcha Gotcha|p1a: Charizard|[spread] \n|-activate|p1a: Charizard|move: Protect\n|-miss|p2b: Sinistcha|p1b: Venusaur\n|move|p2a: Sneasler|Close Combat|p1b: Venusaur\n|-resisted|p1b: Venusaur|1\n|-damage|p1b: Venusaur|77/100\n|-unboost|p2a: Sneasler|def|1\n|-unboost|p2a: Sneasler|spd|1\n|\n|-weather|SunnyDay|[upkeep]\n|upkeep\n|turn|4\n|inactive|tevad has 30 seconds left.\n|inactive|cccfff has 30 seconds left.\n|\n|t:|1788232768\n|switch|p2b: Primarina|Primarina, L50, M, shiny|100/100\n|move|p1a: Charizard|Protect||[still]\n|-fail|p1a: Charizard\n|move|p1b: Venusaur|Sludge Bomb|p2b: Primarina\n|-supereffective|p2b: Primarina|1\n|-damage|p2b: Primarina|19/100\n|-status|p2b: Primarina|psn\n|move|p2a: Sneasler|Dire Claw|p1a: Charizard\n|-damage|p1a: Charizard|2/100\n|-status|p1a: Charizard|psn\n|\n|-weather|SunnyDay|[upkeep]\n|-damage|p2b: Primarina|7/100 psn|[from] psn\n|-damage|p1a: Charizard|0 fnt|[from] psn\n|faint|p1a: Charizard\n|upkeep\n|\n|t:|1788232782\n|switch|p1a: Incineroar|Incineroar, L50, F|100/100\n|-ability|p1a: Incineroar|Intimidate|boost\n|-unboost|p2a: Sneasler|atk|1\n|-unboost|p2b: Primarina|atk|1\n|turn|5\n|inactive|cccfff has 30 seconds left.\n|\n|t:|1788232814\n|switch|p2a: Sinistcha|Sinistcha-Masterpiece, L50|55/100\n|-heal|p2b: Primarina|32/100 psn|[from] ability: Hospitality|[of] p2a: Sinistcha\n|move|p1a: Incineroar|Fake Out|p2a: Sinistcha\n|-immune|p2a: Sinistcha\n|move|p2b: Primarina|Moonblast|p1a: Incineroar\n|-damage|p1a: Incineroar|49/100\n|-enditem|p1a: Incineroar|Sitrus Berry|[eat]\n|-heal|p1a: Incineroar|74/100|[from] item: Sitrus Berry\n|-damage|p2b: Primarina|22/100 psn|[from] item: Life Orb\n|move|p1b: Venusaur|Sludge Bomb|p2b: Primarina\n|-supereffective|p2b: Primarina|1\n|-damage|p2b: Primarina|0 fnt\n|faint|p2b: Primarina\n|\n|-weather|none\n|-fieldend|move: Trick Room\n|upkeep\n|\n|t:|1788232829\n|switch|p2b: Sneasler|Sneasler, L50, M|1/100\n|turn|6\n|inactive|cccfff has 30 seconds left.\n|inactive|tevad has 30 seconds left.\n|inactive|cccfff has 20 seconds left.\n|inactive|cccfff has 15 seconds left.\n|inactive|tevad has 20 seconds left.\n|\n|t:|1788232875\n|switch|p1b: Sinistcha|Sinistcha, L50|100/100\n|-heal|p1a: Incineroar|98/100|[from] ability: Hospitality|[of] p1b: Sinistcha\n|switch|p2a: Starmie|Starmie, L50, shiny|100/100\n|move|p2b: Sneasler|Coaching|p2a: Starmie\n|-boost|p2a: Starmie|atk|1\n|-boost|p2a: Starmie|def|1\n|move|p1a: Incineroar|Flare Blitz|p2a: Starmie\n|-resisted|p2a: Starmie|1\n|-damage|p2a: Starmie|80/100\n|-status|p2a: Starmie|brn\n|-damage|p1a: Incineroar|92/100|[from] Recoil\n|\n|-damage|p2a: Starmie|74/100 brn|[from] brn\n|upkeep\n|turn|7\n|inactive|cccfff has 30 seconds left.\n|inactive|cccfff has 20 seconds left.\n|\n|t:|1788232914\n|detailschange|p2a: Starmie|Starmie-Mega, L50, shiny\n|-mega|p2a: Starmie|Starmie|Starminite\n|move|p2b: Sneasler|Dire Claw|p1a: Incineroar\n|-damage|p1a: Incineroar|53/100\n|-status|p1a: Incineroar|slp\n|move|p2a: Starmie|Liquidation|p1a: Incineroar\n|-supereffective|p1a: Incineroar|1\n|-damage|p1a: Incineroar|0 fnt\n|faint|p1a: Incineroar\n|move|p1b: Sinistcha|Matcha Gotcha|p2b: Sneasler|[spread] p2a,p2b\n|-supereffective|p2a: Starmie|1\n|-resisted|p2b: Sneasler|1\n|-damage|p2a: Starmie|20/100y brn\n|-damage|p2b: Sneasler|0 fnt\n|faint|p2b: Sneasler\n|\n|-damage|p2a: Starmie|14/100 brn|[from] brn\n|upkeep\n|\n|t:|1788232928\n|switch|p2b: Sinistcha|Sinistcha-Masterpiece, L50|55/100\n|switch|p1a: Venusaur|Venusaur, L50, F|77/100\n|-heal|p2a: Starmie|38/100 brn|[from] ability: Hospitality|[of] p2b: Sinistcha\n|turn|8\n|inactive|tevad has 30 seconds left.\n|\n|t:|1788232956\n|move|p1a: Venusaur|Protect|p1a: Venusaur\n|-singleturn|p1a: Venusaur|Protect\n|move|p2a: Starmie|Zen Headbutt|p1b: Sinistcha\n|-damage|p1b: Sinistcha|55/100\n|move|p1b: Sinistcha|Matcha Gotcha|p2b: Sinistcha|[spread] p2a,p2b\n|-supereffective|p2a: Starmie|1\n|-resisted|p2b: Sinistcha|1\n|-damage|p2a: Starmie|0 fnt\n|-heal|p1b: Sinistcha|74/100|[from] drain|[of] p2a: Starmie\n|-damage|p2b: Sinistcha|42/100\n|-heal|p1b: Sinistcha|80/100|[from] drain|[of] p2b: Sinistcha\n|-enditem|p2b: Sinistcha|Sitrus Berry|[eat]\n|-heal|p2b: Sinistcha|67/100|[from] item: Sitrus Berry\n|faint|p2a: Starmie\n|move|p2b: Sinistcha|Matcha Gotcha|p1b: Sinistcha|[spread] p1b\n|-activate|p1a: Venusaur|move: Protect\n|-resisted|p1b: Sinistcha|1\n|-damage|p1b: Sinistcha|66/100\n|-heal|p2b: Sinistcha|74/100|[from] drain|[of] p1b: Sinistcha\n|\n|upkeep\n|turn|9\n|\n|t:|1788232975\n|move|p1a: Venusaur|Sludge Bomb|p2b: Sinistcha\n|-damage|p2b: Sinistcha|33/100\n|move|p1b: Sinistcha|Matcha Gotcha|p2b: Sinistcha\n|-resisted|p2b: Sinistcha|1\n|-damage|p2b: Sinistcha|17/100\n|-heal|p1b: Sinistcha|74/100|[from] drain|[of] p2b: Sinistcha\n|move|p2b: Sinistcha|Matcha Gotcha|p1b: Sinistcha|[spread] p1a,p1b\n|-resisted|p1a: Venusaur|2\n|-crit|p1a: Venusaur\n|-resisted|p1b: Sinistcha|1\n|-damage|p1a: Venusaur|66/100\n|-heal|p2b: Sinistcha|24/100|[from] drain|[of] p1a: Venusaur\n|-damage|p1b: Sinistcha|62/100\n|-heal|p2b: Sinistcha|30/100|[from] drain|[of] p1b: Sinistcha\n|\n|upkeep\n|turn|10\n|\n|t:|1788232993\n|move|p1a: Venusaur|Sludge Bomb|p2b: Sinistcha\n|-damage|p2b: Sinistcha|0 fnt\n|faint|p2b: Sinistcha\n|\n|win|tevad\n|raw|tevad's rating: 1000 &rarr; <strong>1040</strong><br />(+40 for winning)\n|raw|cccfff's rating: 1004 &rarr; <strong>1000</strong><br />(-4 for losing)\n|l|☆cccfff\n|player|p2|\n","uploadtime":1788233036,"views":"0","formatid":"gen9championsvgc2026regmbbo3","rating":1000,"private":0,"password":null}