{"id":"gen9championsvgc2026regmb-2674348178","format":"[Gen 9 Champions] VGC 2026 Reg M-B","players":["einam1412","Quaaloods"],"log":"|j|☆einam1412\n|j|☆Quaaloods\n|t:|1788346327\n|gametype|doubles\n|player|p1|einam1412|hilda-wonderlauncher|1332\n|player|p2|Quaaloods|petrel|1280\n|gen|9\n|tier|[Gen 9 Champions] VGC 2026 Reg M-B\n|rated|\n|rule|Species Clause: Limit one of each Pokémon\n|rule|Item Clause: Limit 1 of each item\n|clearpoke\n|poke|p1|Pyroar, L50, F, shiny|\n|poke|p1|Farigiraf, L50, M, shiny|\n|poke|p1|Torkoal, L50, F, shiny|\n|poke|p1|Venusaur, L50, M, shiny|\n|poke|p1|Scrafty, L50, M, shiny|\n|poke|p1|Basculegion, L50, M, shiny|\n|poke|p2|Ceruledge, L50, M|\n|poke|p2|Farigiraf, L50, F|\n|poke|p2|Sinistcha, L50|\n|poke|p2|Floette-Eternal, L50, F|\n|poke|p2|Incineroar, L50, M|\n|poke|p2|Golurk, L50|\n|teampreview|4\n|inactive|Battle timer is ON: inactive players will automatically lose when time's up. (requested by einam1412)\n|inactive|Quaaloods has 60 seconds left.\n|\n|t:|1788346428\n|teamsize|p1|4\n|teamsize|p2|4\n|start\n|switch|p1a: Scrafty|Scrafty, L50, M, shiny|100/100\n|switch|p1b: Farigiraf|Farigiraf, L50, M, shiny|100/100\n|switch|p2a: Deus Vult|Ceruledge, L50, M|100/100\n|switch|p2b: Télétubbies|Farigiraf, L50, F|100/100\n|-ability|p1a: Scrafty|Intimidate|boost\n|-unboost|p2a: Deus Vult|atk|1\n|-unboost|p2b: Télétubbies|atk|1\n|turn|1\n|inactive|Quaaloods has 30 seconds left.\n|\n|t:|1788346457\n|detailschange|p1a: Scrafty|Scrafty-Mega, L50, M, shiny\n|-mega|p1a: Scrafty|Scrafty|Scraftinite\n|-ability|p1a: Scrafty|Intimidate|boost\n|-unboost|p2a: Deus Vult|atk|1\n|-unboost|p2b: Télétubbies|atk|1\n|move|p2b: Télétubbies|Helping Hand|p2a: Deus Vult\n|-singleturn|p2a: Deus Vult|Helping Hand|[of] p2b: Télétubbies\n|move|p2a: Deus Vult|Close Combat|p1a: Scrafty\n|-supereffective|p1a: Scrafty|1\n|-damage|p1a: Scrafty|51/100\n|-unboost|p2a: Deus Vult|def|1\n|-unboost|p2a: Deus Vult|spd|1\n|move|p1a: Scrafty|Throat Chop|p2a: Deus Vult\n|-supereffective|p2a: Deus Vult|1\n|-enditem|p2a: Deus Vult|Focus Sash\n|-damage|p2a: Deus Vult|1/100\n|-start|p2a: Deus Vult|Throat Chop|[silent]\n|move|p1b: Farigiraf|Trick Room|p1b: Farigiraf\n|-fieldstart|move: Trick Room|[of] p1b: Farigiraf\n|\n|upkeep\n|turn|2\n|\n|t:|1788346482\n|switch|p2a: Incineroar|Incineroar, L50, M|100/100\n|-ability|p2a: Incineroar|Intimidate|boost\n|-unboost|p1a: Scrafty|atk|1\n|-unboost|p1b: Farigiraf|atk|1\n|move|p1b: Farigiraf|Thunderbolt|p2a: Incineroar\n|-damage|p2a: Incineroar|82/100\n|-status|p2a: Incineroar|par\n|move|p1a: Scrafty|Drain Punch|p2b: Télétubbies\n|-damage|p2b: Télétubbies|77/100\n|-heal|p1a: Scrafty|66/100|[from] drain|[of] p2b: Télétubbies\n|move|p2b: Télétubbies|Trick Room|p2b: Télétubbies\n|-fieldend|move: Trick Room\n|\n|upkeep\n|turn|3\n|inactive|Quaaloods has 30 seconds left.\n|inactive|einam1412 has 30 seconds left.\n|\n|t:|1788346514\n|switch|p1a: Basculegion|Basculegion, L50, M, shiny|100/100\n|switch|p2a: Tomorrowland|Golurk, L50|100/100\n|move|p1b: Farigiraf|Thunderbolt|p2b: Télétubbies\n|-damage|p2b: Télétubbies|56/100\n|move|p2b: Télétubbies|Trick Room|p2b: Télétubbies\n|-fieldstart|move: Trick Room|[of] p2b: Télétubbies\n|\n|upkeep\n|turn|4\n|inactive|einam1412 has 30 seconds left.\n|\n|t:|1788346545\n|switch|p1a: Scrafty|Scrafty-Mega, L50, M, shiny|66/100\n|-ability|p1a: Scrafty|Intimidate|boost\n|-unboost|p2a: Tomorrowland|atk|1\n|-unboost|p2b: Télétubbies|atk|1\n|detailschange|p2a: Tomorrowland|Golurk-Mega, L50\n|-mega|p2a: Tomorrowland|Golurk|Golurkite\n|move|p2b: Télétubbies|Helping Hand|p2a: Tomorrowland\n|-singleturn|p2a: Tomorrowland|Helping Hand|[of] p2b: Télétubbies\n|move|p2a: Tomorrowland|Headlong Rush|p1b: Farigiraf\n|-damage|p1b: Farigiraf|38/100\n|-unboost|p2a: Tomorrowland|def|1\n|-unboost|p2a: Tomorrowland|spd|1\n|move|p1b: Farigiraf|Thunderbolt|p2b: Télétubbies\n|-damage|p2b: Télétubbies|35/100\n|-enditem|p2b: Télétubbies|Sitrus Berry|[eat]\n|-heal|p2b: Télétubbies|59/100|[from] item: Sitrus Berry\n|\n|upkeep\n|turn|5\n|inactive|einam1412 has 30 seconds left.\n|inactive|einam1412 has 20 seconds left.\n|\n|t:|1788346581\n|switch|p1b: Torkoal|Torkoal, L50, F, shiny|100/100\n|-weather|SunnyDay|[from] ability: Drought|[of] p1b: Torkoal\n|move|p2b: Télétubbies|Helping Hand|p2a: Tomorrowland\n|-singleturn|p2a: Tomorrowland|Helping Hand|[of] p2b: Télétubbies\n|move|p2a: Tomorrowland|Close Combat|p1a: Scrafty\n|-supereffective|p1a: Scrafty|1\n|-damage|p1a: Scrafty|0 fnt\n|-unboost|p2a: Tomorrowland|def|1\n|-unboost|p2a: Tomorrowland|spd|1\n|faint|p1a: Scrafty\n|\n|-weather|SunnyDay|[upkeep]\n|upkeep\n|\n|t:|1788346592\n|switch|p1a: Farigiraf|Farigiraf, L50, M, shiny|38/100\n|turn|6\n|\n|t:|1788346605\n|switch|p2b: Deus Vult|Ceruledge, L50, M|1/100\n|move|p1a: Farigiraf|Helping Hand|p1b: Torkoal\n|-singleturn|p1b: Torkoal|Helping Hand|[of] p1a: Farigiraf\n|move|p2a: Tomorrowland|Protect|p2a: Tomorrowland\n|-singleturn|p2a: Tomorrowland|Protect\n|move|p1b: Torkoal|Eruption|p2b: Deus Vult|[spread] \n|-activate|p2a: Tomorrowland|move: Protect\n|-start|p2b: Deus Vult|ability: Flash Fire\n|\n|-weather|SunnyDay|[upkeep]\n|upkeep\n|turn|7\n|inactive|einam1412 has 30 seconds left.\n|\n|t:|1788346634\n|switch|p2a: Incineroar|Incineroar, L50, M|82/100 par\n|-ability|p2a: Incineroar|Intimidate|boost\n|-unboost|p1a: Farigiraf|atk|1\n|-unboost|p1b: Torkoal|atk|1\n|move|p2b: Deus Vult|Protect|p2b: Deus Vult\n|-singleturn|p2b: Deus Vult|Protect\n|move|p1b: Torkoal|Weather Ball|p2a: Incineroar\n|-resisted|p2a: Incineroar|1\n|-damage|p2a: Incineroar|53/100 par\n|move|p1a: Farigiraf|Thunderbolt|p2b: Deus Vult\n|-activate|p2b: Deus Vult|move: Protect\n|\n|-weather|SunnyDay|[upkeep]\n|-fieldend|move: Trick Room\n|upkeep\n|turn|8\n|inactive|einam1412 has 30 seconds left.\n|inactive|Quaaloods has 30 seconds left.\n|inactive|Quaaloods has 20 seconds left.\n|\n|t:|1788346674\n|switch|p1b: Basculegion|Basculegion, L50, M, shiny|100/100\n|move|p2b: Deus Vult|Close Combat|p1a: Farigiraf\n|-damage|p1a: Farigiraf|2/100\n|-unboost|p2b: Deus Vult|def|1\n|-unboost|p2b: Deus Vult|spd|1\n|move|p1a: Farigiraf|Thunderbolt|p2b: Deus Vult\n|-damage|p2b: Deus Vult|0 fnt\n|faint|p2b: Deus Vult\n|cant|p2a: Incineroar|par\n|\n|-weather|SunnyDay|[upkeep]\n|upkeep\n|inactive|Quaaloods has 30 seconds left.\n|inactive|Quaaloods has 20 seconds left.\n|inactive|Quaaloods has 15 seconds left.\n|\n|t:|1788346716\n|switch|p2b: Télétubbies|Farigiraf, L50, F|59/100\n|turn|9\n|\n|t:|1788346723\n|switch|p1a: Torkoal|Torkoal, L50, F, shiny|100/100\n|move|p2b: Télétubbies|Ally Switch|p2b: Télétubbies\n|swap|p2b: Télétubbies|0|[from] move: Ally Switch\n|move|p1b: Basculegion|Wave Crash|p2a: Télétubbies\n|-crit|p2a: Télétubbies\n|-damage|p2a: Télétubbies|15/100\n|-damage|p1b: Basculegion|83/100|[from] Recoil\n|move|p2b: Incineroar|Darkest Lariat|p1b: Basculegion\n|-supereffective|p1b: Basculegion|1\n|-damage|p1b: Basculegion|0 fnt\n|faint|p1b: Basculegion\n|\n|-weather|none\n|upkeep\n|\n|t:|1788346734\n|switch|p1b: Farigiraf|Farigiraf, L50, M, shiny|2/100\n|turn|10\n|\n|t:|1788346747\n|move|p1b: Farigiraf|Helping Hand|p1a: Torkoal\n|-singleturn|p1a: Torkoal|Helping Hand|[of] p1b: Farigiraf\n|move|p2a: Télétubbies|Psychic Noise|p1b: Farigiraf\n|-resisted|p1b: Farigiraf|1\n|-damage|p1b: Farigiraf|0 fnt\n|faint|p1b: Farigiraf\n|move|p2b: Incineroar|Darkest Lariat|p1a: Torkoal\n|-damage|p1a: Torkoal|75/100\n|move|p1a: Torkoal|Eruption|p2a: Télétubbies|[spread] p2a,p2b\n|-resisted|p2b: Incineroar|1\n|-damage|p2a: Télétubbies|0 fnt\n|-damage|p2b: Incineroar|28/100 par\n|faint|p2a: Télétubbies\n|\n|upkeep\n|-message|einam1412 forfeited.\n|\n|win|Quaaloods\n|raw|einam1412's rating: 1332 &rarr; <strong>1309</strong><br />(-23 for losing)\n|raw|Quaaloods's rating: 1280 &rarr; <strong>1309</strong><br />(+29 for winning)\n|l|☆einam1412\n|player|p1|\n","uploadtime":1788346760,"views":"1","formatid":"gen9championsvgc2026regmb","rating":1309,"private":0,"password":null}