{"id":"gen9championsvgc2026regmbbo3-2673432964","format":"[Gen 9 Champions] VGC 2026 Reg M-B (Bo3)","players":["Clarthe1","chestop"],"log":"|j|☆Clarthe1\n|j|☆chestop\n|html|<table width=\"100%\"><tr><td align=\"left\">Clarthe1</td><td align=\"right\">chestop</tr><tr><td align=\"left\"><i class=\"fa fa-circle-o\"></i> <i class=\"fa fa-circle-o\"></i> </td><td align=\"right\"><i class=\"fa fa-circle-o\"></i> <i class=\"fa fa-circle-o\"></i> </tr></table>\n|uhtml|bestof|<h2><strong>Game 1</strong> of <a href=\"/game-bestof3-gen9championsvgc2026regmbbo3-2673432963\">a best-of-3</a></h2>\n|t:|1788197170\n|gametype|doubles\n|player|p1|Clarthe1|102|1000\n|player|p2|chestop|266|1066\n|gen|9\n|tier|[Gen 9 Champions] VGC 2026 Reg M-B (Bo3)\n|rated|\n|rule|Species Clause: Limit one of each Pokémon\n|rule|Item Clause: Limit 1 of each item\n|clearpoke\n|poke|p1|Sandaconda, L50, F|\n|poke|p1|Whimsicott, L50, F|\n|poke|p1|Sinistcha, L50|\n|poke|p1|Tyranitar, L50, F|\n|poke|p1|Excadrill, L50, F|\n|poke|p1|Clefable, L50, M|\n|poke|p2|Raichu, L50, F, shiny|\n|poke|p2|Aegislash, L50, F, shiny|\n|poke|p2|Whimsicott, L50, M|\n|poke|p2|Farigiraf, L50, F, shiny|\n|poke|p2|Sneasler, L50, M|\n|poke|p2|Sylveon, L50, M, shiny|\n|teampreview|4\n|showteam|p1|Sandaconda||SitrusBerry|ShedSkin|Coil,Bulldoze,Rest,StealthRock|Relaxed||F|||50|]Whimsicott||FocusSash|Prankster|Tailwind,Encore,Moonblast,StunSpore|Naive||F|||50|]Sinistcha||Leftovers|Hospitality|MatchaGotcha,TrickRoom,Protect,RagePowder|Bold|||||50|]Tyranitar||Tyranitarite|SandStream|DragonDance,Crunch,Earthquake,StoneEdge|Relaxed||F|||50|]Excadrill||Excadrite|SandRush|HornDrill,Earthquake,SwordsDance,IronHead|Lonely||F|||50|]Clefable||MentalHerb|MagicGuard|BatonPass,CosmicPower,ChillingWater,FollowMe|Bold||M|||50|\n|showteam|p2|Raichu||RaichuniteY|LightningRod|ZapCannon,DazzlingGleam,Protect,FocusBlast|Timid||F|||50|]Aegislash||Leftovers|StanceChange|ShadowBall,KingsShield,FlashCannon,ShadowSneak|Modest||F|||50|]Whimsicott||FocusSash|Prankster|Moonblast,Tailwind,FakeTears,Taunt|Timid||M|||50|]Farigiraf||SitrusBerry|ArmorTail|HyperVoice,HelpingHand,Imprison,TrickRoom|Calm||F|||50|]Sneasler||WhiteHerb|Unburden|DireClaw,FakeOut,CloseCombat,Protect|Jolly||M|||50|]Sylveon||FairyFeather|Pixilate|Moonblast,HyperVoice,QuickAttack,Detect|Modest||M|||50|\n|inactive|Battle timer is ON: inactive players will automatically lose when time's up. (requested by chestop)\n|\n|t:|1788197208\n|teamsize|p1|4\n|teamsize|p2|4\n|start\n|switch|p1a: Whimsicott|Whimsicott, L50, F|100/100\n|switch|p1b: Clefable|Clefable, L50, M|100/100\n|switch|p2a: Raichu|Raichu, L50, F, shiny|100/100\n|switch|p2b: Whimsicott|Whimsicott, L50, M|100/100\n|turn|1\n|inactive|Clarthe1 has 30 seconds left.\n|inactive|chestop has 30 seconds left.\n|inactive|Clarthe1 has 20 seconds left.\n|\n|t:|1788197246\n|detailschange|p2a: Raichu|Raichu-Mega-Y, L50, F, shiny\n|-mega|p2a: Raichu|Raichu|Raichunite Y\n|move|p2b: Whimsicott|Tailwind|p2b: Whimsicott\n|-sidestart|p2: chestop|move: Tailwind\n|move|p1a: Whimsicott|Tailwind|p1a: Whimsicott\n|-sidestart|p1: Clarthe1|move: Tailwind\n|move|p2a: Raichu|Zap Cannon|p1a: Whimsicott\n|-resisted|p1a: Whimsicott|1\n|-damage|p1a: Whimsicott|34/100\n|-status|p1a: Whimsicott|par\n|move|p1b: Clefable|Chilling Water|p2a: Raichu\n|-damage|p2a: Raichu|80/100\n|-unboost|p2a: Raichu|atk|1\n|\n|upkeep\n|turn|2\n|inactive|Clarthe1 has 30 seconds left.\n|inactive|chestop has 30 seconds left.\n|inactive|Clarthe1 has 20 seconds left.\n|inactive|Clarthe1 has 15 seconds left.\n|inactive|Clarthe1 has 10 seconds left.\n|\n|t:|1788197291\n|switch|p2b: Sneasler|Sneasler, L50, M|100/100\n|switch|p1a: Sandaconda|Sandaconda, L50, F|100/100\n|move|p2a: Raichu|Zap Cannon|p1b: Clefable\n|-damage|p1b: Clefable|37/100\n|-status|p1b: Clefable|par\n|move|p1b: Clefable|Cosmic Power|p1b: Clefable\n|-boost|p1b: Clefable|def|1\n|-boost|p1b: Clefable|spd|1\n|\n|upkeep\n|turn|3\n|\n|t:|1788197315\n|move|p2b: Sneasler|Fake Out|p1a: Sandaconda\n|-damage|p1a: Sandaconda|89/100\n|move|p2a: Raichu|Zap Cannon|p1b: Clefable\n|-damage|p1b: Clefable|1/100 par\n|cant|p1a: Sandaconda|flinch\n|move|p1b: Clefable|Baton Pass|p1b: Clefable\n|\n|t:|1788197326\n|switch|p1b: Tyranitar|Tyranitar, L50, F|100/100|[from] Baton Pass\n|-weather|Sandstorm|[from] ability: Sand Stream|[of] p1b: Tyranitar\n|\n|-weather|Sandstorm|[upkeep]\n|-damage|p2a: Raichu|74/100|[from] Sandstorm\n|-damage|p2b: Sneasler|94/100|[from] Sandstorm\n|upkeep\n|turn|4\n|inactive|chestop has 30 seconds left.\n|inactive|chestop has 20 seconds left.\n|inactive|chestop has 15 seconds left.\n|\n|t:|1788197366\n|move|p2a: Raichu|Dazzling Gleam|p1b: Tyranitar|[spread] p1a,p1b\n|-supereffective|p1b: Tyranitar|1\n|-damage|p1a: Sandaconda|53/100\n|-damage|p1b: Tyranitar|76/100\n|move|p2b: Sneasler|Close Combat|p1b: Tyranitar\n|-supereffective|p1b: Tyranitar|2\n|-damage|p1b: Tyranitar|0 fnt\n|-unboost|p2b: Sneasler|def|1\n|-unboost|p2b: Sneasler|spd|1\n|faint|p1b: Tyranitar\n|-enditem|p2b: Sneasler|White Herb\n|-clearnegativeboost|p2b: Sneasler|[silent]\n|move|p1a: Sandaconda|Bulldoze|p2a: Raichu|[spread] p2a,p2b\n|-supereffective|p2a: Raichu|1\n|-supereffective|p2b: Sneasler|1\n|-damage|p2a: Raichu|0 fnt\n|-damage|p2b: Sneasler|29/100\n|-unboost|p2b: Sneasler|spe|1\n|faint|p2a: Raichu\n|\n|-weather|Sandstorm|[upkeep]\n|-damage|p2b: Sneasler|23/100|[from] Sandstorm\n|-sideend|p1: Clarthe1|move: Tailwind\n|-sideend|p2: chestop|move: Tailwind\n|upkeep\n|\n|t:|1788197388\n|switch|p2a: Whimsicott|Whimsicott, L50, M|100/100\n|switch|p1b: Whimsicott|Whimsicott, L50, F|34/100 par\n|turn|5\n|\n|t:|1788197402\n|move|p2a: Whimsicott|Taunt|p1b: Whimsicott\n|-start|p1b: Whimsicott|move: Taunt\n|cant|p1b: Whimsicott|move: Taunt|Stun Spore\n|move|p2b: Sneasler|Close Combat|p1a: Sandaconda\n|-damage|p1a: Sandaconda|6/100\n|-unboost|p2b: Sneasler|def|1\n|-unboost|p2b: Sneasler|spd|1\n|-enditem|p1a: Sandaconda|Sitrus Berry|[eat]\n|-heal|p1a: Sandaconda|31/100|[from] item: Sitrus Berry\n|move|p1a: Sandaconda|Rest|p1a: Sandaconda\n|-status|p1a: Sandaconda|slp|[from] move: Rest\n|-heal|p1a: Sandaconda|100/100 slp|[silent]\n|\n|-weather|Sandstorm|[upkeep]\n|-damage|p2b: Sneasler|17/100|[from] Sandstorm\n|-damage|p2a: Whimsicott|94/100|[from] Sandstorm\n|-damage|p1b: Whimsicott|28/100 par|[from] Sandstorm\n|-activate|p1a: Sandaconda|ability: Shed Skin\n|-curestatus|p1a: Sandaconda|slp|[msg]\n|upkeep\n|turn|6\n|inactive|Clarthe1 has 30 seconds left.\n|inactive|chestop has 30 seconds left.\n|\n|t:|1788197431\n|move|p2a: Whimsicott|Fake Tears|p1a: Sandaconda\n|-unboost|p1a: Sandaconda|spd|2\n|move|p2b: Sneasler|Dire Claw|p1b: Whimsicott\n|-supereffective|p1b: Whimsicott|2\n|-damage|p1b: Whimsicott|0 fnt\n|faint|p1b: Whimsicott\n|move|p1a: Sandaconda|Coil|p1a: Sandaconda\n|-boost|p1a: Sandaconda|atk|1\n|-boost|p1a: Sandaconda|def|1\n|-boost|p1a: Sandaconda|accuracy|1\n|\n|-weather|Sandstorm|[upkeep]\n|-damage|p2b: Sneasler|12/100|[from] Sandstorm\n|-damage|p2a: Whimsicott|88/100|[from] Sandstorm\n|upkeep\n|\n|t:|1788197444\n|switch|p1b: Clefable|Clefable, L50, M|1/100 par\n|turn|7\n|\n|t:|1788197462\n|move|p1b: Clefable|Follow Me|p1b: Clefable\n|-singleturn|p1b: Clefable|move: Follow Me\n|move|p2a: Whimsicott|Fake Tears|p1b: Clefable\n|-unboost|p1b: Clefable|spd|2\n|move|p2b: Sneasler|Dire Claw|p1b: Clefable\n|-supereffective|p1b: Clefable|1\n|-crit|p1b: Clefable\n|-damage|p1b: Clefable|0 fnt\n|faint|p1b: Clefable\n|move|p1a: Sandaconda|Coil|p1a: Sandaconda\n|-boost|p1a: Sandaconda|atk|1\n|-boost|p1a: Sandaconda|def|1\n|-boost|p1a: Sandaconda|accuracy|1\n|\n|-weather|none\n|upkeep\n|turn|8\n|\n|t:|1788197477\n|move|p2a: Whimsicott|Fake Tears|p1a: Sandaconda\n|-unboost|p1a: Sandaconda|spd|2\n|move|p2b: Sneasler|Close Combat|p1a: Sandaconda\n|-damage|p1a: Sandaconda|75/100\n|-unboost|p2b: Sneasler|def|1\n|-unboost|p2b: Sneasler|spd|1\n|move|p1a: Sandaconda|Bulldoze|p2b: Sneasler|[spread] p2a,p2b\n|-resisted|p2a: Whimsicott|1\n|-supereffective|p2b: Sneasler|1\n|-damage|p2a: Whimsicott|57/100\n|-damage|p2b: Sneasler|0 fnt\n|-unboost|p2a: Whimsicott|spe|1\n|faint|p2b: Sneasler\n|\n|upkeep\n|\n|t:|1788197486\n|switch|p2b: Sylveon|Sylveon, L50, M, shiny|100/100\n|turn|9\n|\n|t:|1788197497\n|move|p2a: Whimsicott|Tailwind|p2a: Whimsicott\n|-sidestart|p2: chestop|move: Tailwind\n|move|p2b: Sylveon|Moonblast|p1a: Sandaconda\n|-damage|p1a: Sandaconda|0 fnt\n|faint|p1a: Sandaconda\n|\n|win|chestop\n","uploadtime":1788197503,"views":"0","formatid":"gen9championsvgc2026regmbbo3","rating":null,"private":0,"password":null}