{"id":"gen9championsvgc2026regmb-2674228201","format":"[Gen 9 Champions] VGC 2026 Reg M-B","players":["magicalarcher57","tryson69"],"log":"|j|☆magicalarcher57\n|j|☆tryson69\n|html|<table width=\"100%\"><tr><td align=\"left\">magicalarcher57</td><td align=\"right\">tryson69</tr><tr><td align=\"left\"><i class=\"fa fa-circle-o\"></i> <i class=\"fa fa-circle-o\"></i> </td><td align=\"right\"><i class=\"fa fa-circle-o\"></i> <i class=\"fa fa-circle-o\"></i> </tr></table>\n|uhtml|bestof|<h2><strong>Game 1</strong> of <a href=\"/game-bestof3-gen9championsvgc2026regmb-2674228200\">a best-of-3</a></h2>\n|t:|1788319032\n|gametype|doubles\n|player|p1|magicalarcher57|cynthia-masters|\n|player|p2|tryson69|crasherwake|\n|gen|9\n|tier|[Gen 9 Champions] VGC 2026 Reg M-B\n|rated|Tournament battle\n|rule|Species Clause: Limit one of each Pokémon\n|rule|Item Clause: Limit 1 of each item\n|raw|<div class=\"infobox\"><details class=\"readmore\" open><summary><strong>2 custom rules:</strong></summary> Force Open Team Sheets, Best of = 3</details></div>\n|clearpoke\n|poke|p1|Raichu, L50, F, shiny|\n|poke|p1|Garchomp, L50, M, shiny|\n|poke|p1|Whimsicott, L50, M, shiny|\n|poke|p1|Kingambit, L50, M, shiny|\n|poke|p1|Charizard, L50, M, shiny|\n|poke|p1|Basculegion, L50, M|\n|poke|p2|Raichu, L50, F|\n|poke|p2|Gholdengo, L50|\n|poke|p2|Garchomp, L50, F|\n|poke|p2|Incineroar, L50, F|\n|poke|p2|Slowbro, L50, F|\n|poke|p2|Sinistcha, L50|\n|teampreview|4\n|showteam|p1|Raichu||RaichuniteY|LightningRod|FakeOut,FocusBlast,ZapCannon,Protect|Timid||F|||50|]Garchomp||LifeOrb|RoughSkin|DragonClaw,RockSlide,StompingTantrum,Protect|Jolly||M|||50|]Whimsicott||FocusSash|Prankster|Moonblast,Tailwind,Protect,Encore|Timid||M|||50|]Kingambit||BlackGlasses|Defiant|SuckerPunch,KowtowCleave,IronHead,Protect|Adamant||M|||50|]Charizard||CharizarditeY|Blaze|WeatherBall,AncientPower,HeatWave,Protect|Modest||M|||50|]Basculegion||MysticWater|Adaptability|WaveCrash,LastRespects,AquaJet,Protect|Adamant||M|||50|\n|showteam|p2|Raichu||RaichuniteY|LightningRod|ZapCannon,FocusBlast,Protect,FakeOut|Timid||F|||50|]Gholdengo||SpellTag|GoodasGold|NastyPlot,ShadowBall,Protect,MakeItRain|Modest|||||50|]Garchomp||LifeOrb|RoughSkin|Earthquake,RockSlide,Protect,DragonClaw|Adamant||F|||50|]Incineroar||SitrusBerry|Intimidate|FakeOut,FlareBlitz,DarkestLariat,PartingShot|Impish||F|||50|]Slowbro||Slowbronite|Oblivious|SlackOff,Scald,CalmMind,Psyshock|Quiet||F|||50|]Sinistcha||ColburBerry|Hospitality|MatchaGotcha,TrickRoom,Protect,RagePowder|Bold|||||50|\n|inactive|Battle timer is ON: inactive players will automatically lose when time's up. (requested by magicalarcher57)\n|c|☆tryson69|oh fuck\n|c|☆tryson69|wrong team\n|j| NintendoNed\n|c|☆magicalarcher57|lol\n|c|☆tryson69|lmao well run with it\ntryson69 has agreed to open team sheets.\n|c|☆magicalarcher57|glhf\n|c|☆tryson69|glhf\n|inactive|tryson69 has 60 seconds left.\n|\n|t:|1788319070\n|teamsize|p1|4\n|teamsize|p2|4\n|start\n|switch|p1a: Kingambit|Kingambit, L50, M, shiny|100/100\n|switch|p1b: Whimsicott|Whimsicott, L50, M, shiny|100/100\n|switch|p2a: Raichu|Raichu, L50, F|100/100\n|switch|p2b: Garchomp|Garchomp, L50, F|100/100\n|turn|1\n|j| Tealnotsu\n|inactive|tryson69 has 30 seconds left.\n|inactive|tryson69 has 20 seconds left.\n|inactive|tryson69 has 15 seconds left.\n|\n|t:|1788319114\n|detailschange|p2a: Raichu|Raichu-Mega-Y, L50, F\n|-mega|p2a: Raichu|Raichu|Raichunite Y\n|move|p1b: Whimsicott|Protect|p1b: Whimsicott\n|-singleturn|p1b: Whimsicott|Protect\n|move|p2b: Garchomp|Protect|p2b: Garchomp\n|-singleturn|p2b: Garchomp|Protect\n|move|p1a: Kingambit|Protect|p1a: Kingambit\n|-singleturn|p1a: Kingambit|Protect\n|move|p2a: Raichu|Zap Cannon|p1a: Kingambit\n|-activate|p1a: Kingambit|move: Protect\n|\n|upkeep\n|turn|2\n|inactive|tryson69 has 30 seconds left.\n|\n|t:|1788319142\n|switch|p1b: Raichu|Raichu, L50, F, shiny|100/100\n|switch|p2b: Mr Cat|Incineroar, L50, F|100/100\n|-ability|p2b: Mr Cat|Intimidate|boost\n|-unboost|p1a: Kingambit|atk|1\n|-ability|p1a: Kingambit|Defiant|boost\n|-boost|p1a: Kingambit|atk|2\n|-unboost|p1b: Raichu|atk|1\n|move|p2a: Raichu|Protect|p2a: Raichu\n|-singleturn|p2a: Raichu|Protect\n|move|p1a: Kingambit|Kowtow Cleave|p2b: Mr Cat\n|-resisted|p2b: Mr Cat|1\n|-damage|p2b: Mr Cat|65/100\n|\n|upkeep\n|turn|3\n|j| sunwind\n|\n|t:|1788319160\n|switch|p2a: Sinistcha|Sinistcha, L50|100/100\n|-heal|p2b: Mr Cat|90/100|[from] ability: Hospitality|[of] p2a: Sinistcha\n|move|p1b: Raichu|Fake Out|p2b: Mr Cat\n|-damage|p2b: Mr Cat|86/100\n|move|p1a: Kingambit|Sucker Punch||[still]\n|-fail|p1a: Kingambit\n|cant|p2b: Mr Cat|flinch\n|\n|upkeep\n|turn|4\n|j| trevyah\n|\n|t:|1788319172\n|detailschange|p1b: Raichu|Raichu-Mega-Y, L50, F, shiny\n|-mega|p1b: Raichu|Raichu|Raichunite Y\n|move|p1b: Raichu|Focus Blast|p2b: Mr Cat\n|-supereffective|p2b: Mr Cat|1\n|-damage|p2b: Mr Cat|21/100\n|-enditem|p2b: Mr Cat|Sitrus Berry|[eat]\n|-heal|p2b: Mr Cat|46/100|[from] item: Sitrus Berry\n|move|p2a: Sinistcha|Matcha Gotcha|p1b: Raichu|[spread] p1a,p1b\n|-resisted|p1a: Kingambit|1\n|-crit|p1a: Kingambit\n|-damage|p1a: Kingambit|81/100\n|-damage|p1b: Raichu|60/100\n|-status|p1b: Raichu|brn\n|move|p1a: Kingambit|Kowtow Cleave|p2a: Sinistcha\n|-supereffective|p2a: Sinistcha|1\n|-enditem|p2a: Sinistcha|Colbur Berry|[eat]\n|-enditem|p2a: Sinistcha|Colbur Berry|[weaken]\n|-damage|p2a: Sinistcha|18/100\n|move|p2b: Mr Cat|Flare Blitz|p1a: Kingambit\n|-supereffective|p1a: Kingambit|1\n|-damage|p1a: Kingambit|10/100\n|-damage|p2b: Mr Cat|24/100|[from] Recoil\n|\n|-damage|p1b: Raichu|55/100 brn|[from] brn\n|upkeep\n|turn|5\n|\n|t:|1788319195\n|switch|p1b: Whimsicott|Whimsicott, L50, M, shiny|100/100\n|move|p2a: Sinistcha|Rage Powder|p2a: Sinistcha\n|-singleturn|p2a: Sinistcha|move: Rage Powder\n|move|p1a: Kingambit|Kowtow Cleave|p2a: Sinistcha\n|-supereffective|p2a: Sinistcha|1\n|-damage|p2a: Sinistcha|0 fnt\n|faint|p2a: Sinistcha\n|move|p2b: Mr Cat|Flare Blitz|p1a: Kingambit\n|-supereffective|p1a: Kingambit|1\n|-damage|p1a: Kingambit|0 fnt\n|faint|p1a: Kingambit\n|-damage|p2b: Mr Cat|20/100y|[from] Recoil\n|\n|upkeep\n|\n|t:|1788319204\n|switch|p2a: Garchomp|Garchomp, L50, F|100/100\n|switch|p1a: Raichu|Raichu-Mega-Y, L50, F, shiny|55/100 brn\n|turn|6\n|inactive|magicalarcher57 has 30 seconds left.\n|\n|t:|1788319231\n|move|p1a: Raichu|Fake Out|p2a: Garchomp\n|-damage|p2a: Garchomp|96/100\n|-damage|p1a: Raichu|42/100 brn|[from] ability: Rough Skin|[of] p2a: Garchomp\n|move|p1b: Whimsicott|Moonblast|p2a: Garchomp\n|-supereffective|p2a: Garchomp|1\n|-damage|p2a: Garchomp|28/100\n|cant|p2a: Garchomp|flinch\n|move|p2b: Mr Cat|Flare Blitz|p1b: Whimsicott\n|-supereffective|p1b: Whimsicott|1\n|-enditem|p1b: Whimsicott|Focus Sash\n|-damage|p1b: Whimsicott|1/100\n|-damage|p2b: Mr Cat|0 fnt|[from] Recoil\n|faint|p2b: Mr Cat\n|\n|-damage|p1a: Raichu|37/100 brn|[from] brn\n|upkeep\n|\n|t:|1788319242\n|switch|p2b: Raichu|Raichu-Mega-Y, L50, F|100/100\n|turn|7\n|\n|t:|1788319251\n|move|p1b: Whimsicott|Protect|p1b: Whimsicott\n|-singleturn|p1b: Whimsicott|Protect\n|move|p1a: Raichu|Protect|p1a: Raichu\n|-singleturn|p1a: Raichu|Protect\n|move|p2b: Raichu|Zap Cannon|p1b: Whimsicott\n|-activate|p1b: Whimsicott|move: Protect\n|move|p2a: Garchomp|Dragon Claw|p1a: Raichu\n|-activate|p1a: Raichu|move: Protect\n|\n|-damage|p1a: Raichu|31/100 brn|[from] brn\n|upkeep\n|turn|8\n|\n|t:|1788319261\n|move|p2b: Raichu|Protect|p2b: Raichu\n|-singleturn|p2b: Raichu|Protect\n|move|p1b: Whimsicott|Tailwind|p1b: Whimsicott\n|-sidestart|p1: magicalarcher57|move: Tailwind\n|move|p1a: Raichu|Focus Blast|p2a: Garchomp\n|-damage|p2a: Garchomp|0 fnt\n|faint|p2a: Garchomp\n|\n|-damage|p1a: Raichu|25/100 brn|[from] brn\n|upkeep\n|turn|9\n|-message|tryson69 forfeited.\n|\n|win|magicalarcher57\n","uploadtime":1788319269,"views":"2","formatid":"gen9championsvgc2026regmb","rating":null,"private":0,"password":null}