{"id":"gen9championsvgc2026regmb-2674553596","format":"[Gen 9 Champions] VGC 2026 Reg M-B","players":["r0wsg0ld","bruhdnigerian"],"log":"|j|☆r0wsg0ld\n|j|☆bruhdnigerian\n|t:|1788373249\n|gametype|doubles\n|player|p1|r0wsg0ld|2|1219\n|player|p2|bruhdnigerian|lance|1224\n|gen|9\n|tier|[Gen 9 Champions] VGC 2026 Reg M-B\n|rated|\n|rule|Species Clause: Limit one of each Pokémon\n|rule|Item Clause: Limit 1 of each item\n|clearpoke\n|poke|p1|Staraptor, L50, M|\n|poke|p1|Gholdengo, L50|\n|poke|p1|Tyranitar, L50, F|\n|poke|p1|Excadrill, L50, F|\n|poke|p1|Sinistcha, L50|\n|poke|p1|Milotic, L50, M|\n|poke|p2|Pangoro, L50, F|\n|poke|p2|Chandelure, L50, F|\n|poke|p2|Spiritomb, L50, F|\n|poke|p2|Araquanid, L50, F|\n|poke|p2|Gliscor, L50, M|\n|poke|p2|Drampa, L50, F|\n|teampreview|4\n|inactive|Battle timer is ON: inactive players will automatically lose when time's up. (requested by bruhdnigerian)\nbruhdnigerian rejected open team sheets.\n|inactive|r0wsg0ld has 60 seconds left.\n|inactive|bruhdnigerian has 60 seconds left.\n|\n|t:|1788373306\n|teamsize|p1|4\n|teamsize|p2|4\n|start\n|switch|p1a: Milotic|Milotic, L50, M|100/100\n|switch|p1b: Staraptor|Staraptor, L50, M|100/100\n|switch|p2a: Chandelure|Chandelure, L50, F|100/100\n|switch|p2b: Spiritomb|Spiritomb, L50, F|100/100\n|-ability|p1b: Staraptor|Intimidate|boost\n|-unboost|p2a: Chandelure|atk|1\n|-unboost|p2b: Spiritomb|atk|1\n|turn|1\n|inactive|r0wsg0ld has 30 seconds left.\n|inactive|r0wsg0ld has 20 seconds left.\n|\n|t:|1788373346\n|detailschange|p2a: Chandelure|Chandelure-Mega, L50, F\n|-mega|p2a: Chandelure|Chandelure|Chandelurite\n|move|p1b: Staraptor|Protect|p1b: Staraptor\n|-singleturn|p1b: Staraptor|Protect\n|move|p2a: Chandelure|Protect|p2a: Chandelure\n|-singleturn|p2a: Chandelure|Protect\n|move|p1a: Milotic|Scald|p2a: Chandelure\n|-activate|p2a: Chandelure|move: Protect\n|move|p2b: Spiritomb|Will-O-Wisp|p1b: Staraptor\n|-activate|p1b: Staraptor|move: Protect\n|\n|upkeep\n|turn|2\n|inactive|r0wsg0ld has 30 seconds left.\n|\n|t:|1788373377\n|switch|p2a: Pangoro|Pangoro, L50, F|100/100\n|detailschange|p1b: Staraptor|Staraptor-Mega, L50, M\n|-mega|p1b: Staraptor|Staraptor|Staraptite\n|move|p1b: Staraptor|Brave Bird|p2a: Pangoro\n|-supereffective|p2a: Pangoro|1\n|-enditem|p2a: Pangoro|Focus Sash\n|-damage|p2a: Pangoro|1/100\n|-damage|p1b: Staraptor|59/100|[from] Recoil\n|move|p1a: Milotic|Scald|p2a: Pangoro\n|-damage|p2a: Pangoro|0 fnt\n|faint|p2a: Pangoro\n|move|p2b: Spiritomb|Will-O-Wisp|p1b: Staraptor\n|-status|p1b: Staraptor|brn\n|\n|-damage|p1b: Staraptor|53/100 brn|[from] brn\n|upkeep\n|\n|t:|1788373392\n|switch|p2a: Gliscor|Gliscor, L50, M|100/100\n|turn|3\n|\n|t:|1788373401\n|move|p2a: Gliscor|Protect|p2a: Gliscor\n|-singleturn|p2a: Gliscor|Protect\n|move|p1b: Staraptor|Tailwind|p1b: Staraptor\n|-sidestart|p1: r0wsg0ld|move: Tailwind\n|move|p1a: Milotic|Ice Beam|p2a: Gliscor\n|-activate|p2a: Gliscor|move: Protect\n|move|p2b: Spiritomb|Trick Room|p2b: Spiritomb\n|-fieldstart|move: Trick Room|[of] p2b: Spiritomb\n|\n|-damage|p1b: Staraptor|46/100 brn|[from] brn\n|upkeep\n|turn|4\n|inactive|bruhdnigerian has 30 seconds left.\n|inactive|bruhdnigerian has 20 seconds left.\n|\n|t:|1788373441\n|switch|p1b: Sinistcha|Sinistcha, L50|100/100\n|move|p2b: Spiritomb|Will-O-Wisp|p1a: Milotic\n|-status|p1a: Milotic|brn\n|move|p2a: Gliscor|Acrobatics|p1a: Milotic\n|-damage|p1a: Milotic|47/100 brn\n|-enditem|p1a: Milotic|Sitrus Berry|[eat]\n|-heal|p1a: Milotic|72/100 brn|[from] item: Sitrus Berry\n|move|p1a: Milotic|Ice Beam|p2a: Gliscor\n|-supereffective|p2a: Gliscor|2\n|-damage|p2a: Gliscor|1/100\n|\n|-damage|p1a: Milotic|66/100 brn|[from] brn\n|upkeep\n|turn|5\n|inactive|r0wsg0ld has 30 seconds left.\n|\n|t:|1788373474\n|move|p1b: Sinistcha|Protect|p1b: Sinistcha\n|-singleturn|p1b: Sinistcha|Protect\n|move|p2b: Spiritomb|Will-O-Wisp|p1b: Sinistcha\n|-activate|p1b: Sinistcha|move: Protect\n|move|p2a: Gliscor|Acrobatics|p1b: Sinistcha\n|-activate|p1b: Sinistcha|move: Protect\n|move|p1a: Milotic|Icy Wind|p2a: Gliscor|[spread] p2a,p2b\n|-supereffective|p2a: Gliscor|2\n|-damage|p2a: Gliscor|0 fnt\n|-damage|p2b: Spiritomb|91/100\n|-unboost|p2b: Spiritomb|spe|1\n|faint|p2a: Gliscor\n|\n|-damage|p1a: Milotic|60/100 brn|[from] brn\n|upkeep\n|\n|t:|1788373482\n|switch|p2a: Chandelure|Chandelure-Mega, L50, F|100/100\n|turn|6\n|\n|t:|1788373500\n|move|p2b: Spiritomb|Will-O-Wisp|p1b: Sinistcha\n|-status|p1b: Sinistcha|brn\n|move|p2a: Chandelure|Energy Ball|p1a: Milotic\n|-supereffective|p1a: Milotic|1\n|-crit|p1a: Milotic\n|-damage|p1a: Milotic|0 fnt\n|faint|p1a: Milotic\n|move|p1b: Sinistcha|Shadow Ball|p2a: Chandelure\n|-supereffective|p2a: Chandelure|1\n|-damage|p2a: Chandelure|38/100\n|\n|-damage|p1b: Sinistcha|93/100 brn|[from] brn\n|-sideend|p1: r0wsg0ld|move: Tailwind\n|upkeep\n|\n|t:|1788373507\n|switch|p1a: Gholdengo|Gholdengo, L50|100/100\n|turn|7\n|inactive|bruhdnigerian has 30 seconds left.\n|\n|t:|1788373536\n|move|p1a: Gholdengo|Protect|p1a: Gholdengo\n|-singleturn|p1a: Gholdengo|Protect\n|move|p2b: Spiritomb|Destiny Bond|p2b: Spiritomb\n|-singlemove|p2b: Spiritomb|Destiny Bond\n|move|p1b: Sinistcha|Shadow Ball|p2a: Chandelure\n|-supereffective|p2a: Chandelure|1\n|-damage|p2a: Chandelure|0 fnt\n|faint|p2a: Chandelure\n|\n|-damage|p1b: Sinistcha|87/100 brn|[from] brn\n|-fieldend|move: Trick Room\n|upkeep\n|turn|8\n|\n|t:|1788373554\n|move|p1a: Gholdengo|Make It Rain|p2b: Spiritomb\n|-damage|p2b: Spiritomb|23/100\n|-unboost|p1a: Gholdengo|spa|2\n|-damage|p1a: Gholdengo|90/100|[from] item: Life Orb\n|move|p1b: Sinistcha|Shadow Ball|p2b: Spiritomb\n|-damage|p2b: Spiritomb|0 fnt\n|faint|p2b: Spiritomb\n|-activate|p2b: Spiritomb|move: Destiny Bond\n|faint|p1b: Sinistcha\n|\n|win|r0wsg0ld\n|raw|r0wsg0ld's rating: 1219 &rarr; <strong>1244</strong><br />(+25 for winning)\n|raw|bruhdnigerian's rating: 1224 &rarr; <strong>1199</strong><br />(-25 for losing)\n|l|☆r0wsg0ld\n|player|p1|\n","uploadtime":1788373569,"views":"1","formatid":"gen9championsvgc2026regmb","rating":1199,"private":0,"password":null}