{"id":"gen9championsvgc2026regmbbo3-2673523719","format":"[Gen 9 Champions] VGC 2026 Reg M-B (Bo3)","players":["wingblade33","Mashuno"],"log":"|j|☆wingblade33\n|j|☆Mashuno\n|html|<table width=\"100%\"><tr><td align=\"left\">wingblade33</td><td align=\"right\">Mashuno</tr><tr><td align=\"left\"><i class=\"fa fa-circle-o\"></i> <i class=\"fa fa-circle-o\"></i> </td><td align=\"right\"><i class=\"fa fa-circle-o\"></i> <i class=\"fa fa-circle-o\"></i> </tr></table>\n|uhtml|bestof|<h2><strong>Game 1</strong> of <a href=\"/game-bestof3-gen9championsvgc2026regmbbo3-2673523718\">a best-of-3</a></h2>\n|t:|1788208276\n|gametype|doubles\n|player|p1|wingblade33|170|1236\n|player|p2|Mashuno|harlequin|1135\n|gen|9\n|tier|[Gen 9 Champions] VGC 2026 Reg M-B (Bo3)\n|rated|\n|rule|Species Clause: Limit one of each Pokémon\n|rule|Item Clause: Limit 1 of each item\n|clearpoke\n|poke|p1|Tyranitar, L50, M|\n|poke|p1|Basculegion, L50, M|\n|poke|p1|Farigiraf, L50, F|\n|poke|p1|Whimsicott, L50, F|\n|poke|p1|Excadrill, L50, M|\n|poke|p1|Staraptor, L50, F|\n|poke|p2|Pelipper, L50, F|\n|poke|p2|Swampert, L50, M|\n|poke|p2|Dragonite, L50, F|\n|poke|p2|Whimsicott, L50, F|\n|poke|p2|Rotom-Heat, L50|\n|poke|p2|Kingambit, L50, M|\n|teampreview|4\n|showteam|p1|Tyranitar||Tyranitarite|SandStream|KnockOff,LowKick,RockSlide,Protect|Adamant||M|||50|]Basculegion||LifeOrb|Adaptability|LastRespects,WaveCrash,AquaJet,Protect|Adamant||M|||50|]Farigiraf||SitrusBerry|ArmorTail|Psychic,TrickRoom,Roar,Thunderbolt|Modest||F|||50|]Whimsicott||FocusSash|Prankster|Moonblast,Tailwind,Charm,Encore|Timid||F|||50|]Excadrill||ExpertBelt|SandRush|HighHorsepower,IronHead,RockSlide,Protect|Adamant||M|||50|]Staraptor||Staraptite|Reckless|CloseCombat,BraveBird,Tailwind,Protect|Jolly||F|||50|\n|showteam|p2|Pelipper||SitrusBerry|Drizzle|Protect,WeatherBall,Hurricane,Tailwind|Calm||F|||50|]Swampert||Swampertite|Torrent|Protect,WaveCrash,Earthquake,IcePunch|Adamant||M|||50|]Dragonite||Dragoninite|Multiscale|Protect,DragonPulse,Hurricane,WeatherBall|Modest||F|||50|]Whimsicott||FocusSash|Prankster|Protect,EnergyBall,Moonblast,Tailwind|Timid||F|||50|]Rotom-Heat||Leftovers|Levitate|Protect,Overheat,WillOWisp,VoltSwitch|Bold|||||50|]Kingambit||LifeOrb|Defiant|Protect,IronHead,SuckerPunch,KowtowCleave|Adamant||M|||50|\n|c|☆Mashuno|gl hf <3\n|c|☆wingblade33|gl gl!\n|inactive|Battle timer is ON: inactive players will automatically lose when time's up. (requested by wingblade33)\n|inactive|Mashuno has 60 seconds left.\n|inactive|Mashuno has 30 seconds left.\n|\n|t:|1788208350\n|teamsize|p1|4\n|teamsize|p2|4\n|start\n|switch|p1a: Staraptor|Staraptor, L50, F|100/100\n|switch|p1b: Whimsicott|Whimsicott, L50, F|100/100\n|switch|p2a: Swampert|Swampert, L50, M|100/100\n|switch|p2b: Pelipper|Pelipper, L50, F|100/100\n|-weather|RainDance|[from] ability: Drizzle|[of] p2b: Pelipper\n|turn|1\n|inactive|wingblade33 has 30 seconds left.\n|\n|t:|1788208383\n|switch|p1a: Tyranitar|Tyranitar, L50, M|100/100\n|-weather|Sandstorm|[from] ability: Sand Stream|[of] p1a: Tyranitar\n|detailschange|p2a: Swampert|Swampert-Mega, L50, M\n|-mega|p2a: Swampert|Swampert|Swampertite\n|move|p1b: Whimsicott|Charm|p2a: Swampert\n|-unboost|p2a: Swampert|atk|2\n|move|p2a: Swampert|Wave Crash|p1a: Tyranitar\n|-supereffective|p1a: Tyranitar|1\n|-damage|p1a: Tyranitar|33/100\n|-damage|p2a: Swampert|77/100|[from] Recoil\n|move|p2b: Pelipper|Tailwind|p2b: Pelipper\n|-sidestart|p2: Mashuno|move: Tailwind\n|\n|-weather|Sandstorm|[upkeep]\n|-damage|p2b: Pelipper|94/100|[from] Sandstorm\n|-damage|p1b: Whimsicott|94/100|[from] Sandstorm\n|upkeep\n|turn|2\n|inactive|wingblade33 has 30 seconds left.\n|inactive|Mashuno has 30 seconds left.\n|inactive|wingblade33 has 20 seconds left.\n|inactive|Mashuno has 20 seconds left.\n|inactive|wingblade33 has 15 seconds left.\n|\n|t:|1788208425\n|switch|p2b: Rotom|Rotom-Heat, L50|100/100\n|detailschange|p1a: Tyranitar|Tyranitar-Mega, L50, M\n|-mega|p1a: Tyranitar|Tyranitar|Tyranitarite\n|move|p2a: Swampert|Wave Crash|p1a: Tyranitar\n|-supereffective|p1a: Tyranitar|1\n|-damage|p1a: Tyranitar|0 fnt\n|faint|p1a: Tyranitar\n|-damage|p2a: Swampert|66/100|[from] Recoil\n|move|p1b: Whimsicott|Moonblast|p2a: Swampert\n|-crit|p2a: Swampert\n|-damage|p2a: Swampert|12/100\n|-unboost|p2a: Swampert|spa|1\n|\n|-weather|Sandstorm|[upkeep]\n|-damage|p2b: Rotom|94/100|[from] Sandstorm\n|-damage|p1b: Whimsicott|88/100|[from] Sandstorm\n|-heal|p2b: Rotom|100/100|[from] item: Leftovers\n|upkeep\n|\n|t:|1788208435\n|switch|p1a: Basculegion|Basculegion, L50, M|100/100\n|turn|3\n|inactive|Mashuno has 30 seconds left.\n|\n|t:|1788208470\n|switch|p2a: Kingambit|Kingambit, L50, M|100/100\n|move|p1b: Whimsicott|Tailwind|p1b: Whimsicott\n|-sidestart|p1: wingblade33|move: Tailwind\n|move|p1a: Basculegion|Wave Crash|p2b: Rotom\n|-supereffective|p2b: Rotom|1\n|-damage|p2b: Rotom|0 fnt\n|faint|p2b: Rotom\n|-damage|p1a: Basculegion|73/100|[from] Recoil\n|-damage|p1a: Basculegion|64/100|[from] item: Life Orb\n|\n|-weather|Sandstorm|[upkeep]\n|-damage|p1b: Whimsicott|82/100|[from] Sandstorm\n|-damage|p1a: Basculegion|58/100|[from] Sandstorm\n|upkeep\n|\n|t:|1788208489\n|switch|p2b: Pelipper|Pelipper, L50, F|94/100\n|-weather|RainDance|[from] ability: Drizzle|[of] p2b: Pelipper\n|turn|4\n|inactive|wingblade33 has 30 seconds left.\n|\n|t:|1788208521\n|move|p1a: Basculegion|Aqua Jet|p2a: Kingambit\n|-damage|p2a: Kingambit|60/100\n|-damage|p1a: Basculegion|48/100|[from] item: Life Orb\n|move|p2a: Kingambit|Sucker Punch||[still]\n|-fail|p2a: Kingambit\n|move|p1b: Whimsicott|Moonblast|p2a: Kingambit\n|-damage|p2a: Kingambit|25/100\n|move|p2b: Pelipper|Hurricane|p1a: Basculegion\n|-damage|p1a: Basculegion|7/100\n|\n|-weather|RainDance|[upkeep]\n|-sideend|p2: Mashuno|move: Tailwind\n|upkeep\n|turn|5\n|inactive|wingblade33 has 30 seconds left.\n|inactive|Mashuno has 30 seconds left.\n|inactive|wingblade33 has 20 seconds left.\n|inactive|Mashuno has 20 seconds left.\n|inactive|Mashuno has 15 seconds left.\n|\n|t:|1788208562\n|move|p1a: Basculegion|Protect|p1a: Basculegion\n|-singleturn|p1a: Basculegion|Protect\n|move|p2a: Kingambit|Sucker Punch||[still]\n|-fail|p2a: Kingambit\n|move|p1b: Whimsicott|Moonblast|p2a: Kingambit\n|-damage|p2a: Kingambit|0 fnt\n|faint|p2a: Kingambit\n|move|p2b: Pelipper|Hurricane|p1b: Whimsicott\n|-supereffective|p1b: Whimsicott|1\n|-damage|p1b: Whimsicott|0 fnt\n|faint|p1b: Whimsicott\n|\n|-weather|RainDance|[upkeep]\n|upkeep\n|\n|t:|1788208574\n|switch|p1b: Staraptor|Staraptor, L50, F|100/100\n|switch|p2a: Swampert|Swampert-Mega, L50, M|12/100\n|turn|6\n|inactive|wingblade33 has 30 seconds left.\n|\n|t:|1788208606\n|move|p2a: Swampert|Protect|p2a: Swampert\n|-singleturn|p2a: Swampert|Protect\n|move|p2b: Pelipper|Protect|p2b: Pelipper\n|-singleturn|p2b: Pelipper|Protect\n|move|p1b: Staraptor|Brave Bird|p2a: Swampert\n|-activate|p2a: Swampert|move: Protect\n|move|p1a: Basculegion|Last Respects|p2b: Pelipper\n|-activate|p2b: Pelipper|move: Protect\n|\n|-weather|RainDance|[upkeep]\n|-sideend|p1: wingblade33|move: Tailwind\n|upkeep\n|turn|7\n|inactive|Mashuno has 30 seconds left.\n|inactive|wingblade33 has 30 seconds left.\n|inactive|Mashuno has 20 seconds left.\n|\n|t:|1788208646\n|move|p1a: Basculegion|Aqua Jet|p2a: Swampert\n|-damage|p2a: Swampert|0 fnt\n|faint|p2a: Swampert\n|-damage|p1a: Basculegion|0 fnt|[from] item: Life Orb\n|faint|p1a: Basculegion\n|move|p1b: Staraptor|Brave Bird|p2b: Pelipper\n|-damage|p2b: Pelipper|20/100y\n|-enditem|p2b: Pelipper|Sitrus Berry|[eat]\n|-heal|p2b: Pelipper|44/100|[from] item: Sitrus Berry\n|-damage|p1b: Staraptor|74/100|[from] Recoil\n|move|p2b: Pelipper|Hurricane|p1b: Staraptor\n|-damage|p1b: Staraptor|9/100\n|\n|-weather|RainDance|[upkeep]\n|upkeep\n|turn|8\n|c|☆Mashuno|ggs\n|inactive|Mashuno has 30 seconds left.\n|\n|t:|1788208672\n|move|p1b: Staraptor|Brave Bird|p2b: Pelipper\n|-damage|p2b: Pelipper|0 fnt\n|faint|p2b: Pelipper\n|-damage|p1b: Staraptor|0 fnt|[from] Recoil\n|faint|p1b: Staraptor\n|\n|win|wingblade33\n|c|☆wingblade33|gg\n||Mashuno is ready for game 2.\n||wingblade33 is ready for game 2.\n|uhtml|next|Next: <a href=\"/battle-gen9championsvgc2026regmbbo3-2673526880\"><strong>Game 2 of 3</strong></a>\n|l|☆wingblade33\n|player|p1|\n","uploadtime":1788208945,"views":"1","formatid":"gen9championsvgc2026regmbbo3","rating":null,"private":0,"password":null}