{"id":"gen9championsvgc2026regmb-2674666561","format":"[Gen 9 Champions] VGC 2026 Reg M-B","players":["prealpha7","Sampsonwildbeast"],"log":"|j|☆prealpha7\n|j|☆Sampsonwildbeast\n|t:|1788387467\n|gametype|doubles\n|player|p1|prealpha7|ghetsis|1424\n|player|p2|Sampsonwildbeast|169|1449\n|gen|9\n|tier|[Gen 9 Champions] VGC 2026 Reg M-B\n|rated|\n|rule|Species Clause: Limit one of each Pokémon\n|rule|Item Clause: Limit 1 of each item\n|clearpoke\n|poke|p1|Charizard, L50, M|\n|poke|p1|Venusaur, L50, F|\n|poke|p1|Pelipper, L50, M|\n|poke|p1|Archaludon, L50, M|\n|poke|p1|Grimmsnarl, L50, M|\n|poke|p1|Swampert, L50, F|\n|poke|p2|Charizard, L50, F|\n|poke|p2|Venusaur, L50, F|\n|poke|p2|Archaludon, L50, F|\n|poke|p2|Swampert, L50, M|\n|poke|p2|Pelipper, L50, M|\n|poke|p2|Sneasler, L50, F|\n|teampreview|4\n|inactive|Battle timer is ON: inactive players will automatically lose when time's up. (requested by prealpha7)\n|c|☆prealpha7|lol\n|\n|t:|1788387496\n|teamsize|p1|4\n|teamsize|p2|4\n|start\n|switch|p1a: Golden Gate|Archaludon, L50, M|100/100\n|switch|p1b: Mordor|Grimmsnarl, L50, M|100/100\n|switch|p2a: Charizard|Charizard, L50, F|100/100\n|switch|p2b: Venusaur|Venusaur, L50, F|100/100\n|turn|1\n|c|☆Sampsonwildbeast|Good old mirror match\n|\n|t:|1788387520\n|move|p2a: Charizard|Protect|p2a: Charizard\n|-singleturn|p2a: Charizard|Protect\n|move|p1a: Golden Gate|Protect|p1a: Golden Gate\n|-singleturn|p1a: Golden Gate|Protect\n|move|p1b: Mordor|Light Screen|p1b: Mordor\n|-sidestart|p1: prealpha7|move: Light Screen\n|move|p2b: Venusaur|Sleep Powder|p1a: Golden Gate\n|-activate|p1a: Golden Gate|move: Protect\n|\n|upkeep\n|turn|2\n|\n|t:|1788387535\n|detailschange|p2a: Charizard|Charizard-Mega-Y, L50, F\n|-mega|p2a: Charizard|Charizard|Charizardite Y\n|-weather|SunnyDay|[from] ability: Drought|[of] p2a: Charizard\n|move|p1b: Mordor|Parting Shot|p2a: Charizard\n|-unboost|p2a: Charizard|atk|1\n|-unboost|p2a: Charizard|spa|1\n|\n|t:|1788387540\n|switch|p1b: Rainy Day|Pelipper, L50, M|100/100|[from] Parting Shot\n|-weather|RainDance|[from] ability: Drizzle|[of] p1b: Rainy Day\n|move|p2a: Charizard|Heat Wave|p1a: Golden Gate|[spread] p1a,p1b\n|-resisted|p1b: Rainy Day|1\n|-damage|p1a: Golden Gate|91/100\n|-damage|p1b: Rainy Day|94/100\n|-ability|p1a: Golden Gate|Stamina|boost\n|-boost|p1a: Golden Gate|def|1\n|move|p2b: Venusaur|Sleep Powder|p1a: Golden Gate\n|-status|p1a: Golden Gate|slp|[from] move: Sleep Powder\n|cant|p1a: Golden Gate|slp\n|\n|-weather|RainDance|[upkeep]\n|-heal|p1a: Golden Gate|97/100 slp|[from] item: Leftovers\n|upkeep\n|turn|3\n|\n|t:|1788387563\n|switch|p2a: Pelipper|Pelipper, L50, M|100/100\n|move|p2b: Venusaur|Sleep Powder|p1b: Rainy Day\n|-status|p1b: Rainy Day|slp|[from] move: Sleep Powder\n|-curestatus|p1a: Golden Gate|slp|[msg]\n|move|p1a: Golden Gate|Electro Shot||[still]\n|-prepare|p1a: Golden Gate|Electro Shot\n|-boost|p1a: Golden Gate|spa|1\n|-anim|p1a: Golden Gate|Electro Shot|p2a: Pelipper\n|-supereffective|p2a: Pelipper|2\n|-damage|p2a: Pelipper|0 fnt\n|faint|p2a: Pelipper\n|cant|p1b: Rainy Day|slp\n|\n|-weather|RainDance|[upkeep]\n|-heal|p1a: Golden Gate|100/100|[from] item: Leftovers\n|upkeep\n|\n|t:|1788387580\n|switch|p2a: Charizard|Charizard-Mega-Y, L50, F|100/100\n|-weather|SunnyDay|[from] ability: Drought|[of] p2a: Charizard\n|turn|4\n|\n|t:|1788387590\n|switch|p1b: Mordor|Grimmsnarl, L50, M|100/100\n|move|p1a: Golden Gate|Protect|p1a: Golden Gate\n|-singleturn|p1a: Golden Gate|Protect\n|move|p2b: Venusaur|Sleep Powder|p1a: Golden Gate\n|-activate|p1a: Golden Gate|move: Protect\n|move|p2a: Charizard|Heat Wave|p1b: Mordor|[spread] \n|-activate|p1a: Golden Gate|move: Protect\n|-miss|p2a: Charizard|p1b: Mordor\n|\n|-weather|SunnyDay|[upkeep]\n|upkeep\n|turn|5\n|\n|t:|1788387614\n|move|p2a: Charizard|Protect|p2a: Charizard\n|-singleturn|p2a: Charizard|Protect\n|move|p1b: Mordor|Parting Shot|p2b: Venusaur\n|-unboost|p2b: Venusaur|atk|1\n|-unboost|p2b: Venusaur|spa|1\n|\n|t:|1788387618\n|switch|p1b: Rainy Day|Pelipper, L50, M|94/100 slp|[from] Parting Shot\n|-weather|RainDance|[from] ability: Drizzle|[of] p1b: Rainy Day\n|move|p2b: Venusaur|Sleep Powder|p1a: Golden Gate\n|-status|p1a: Golden Gate|slp|[from] move: Sleep Powder\n|cant|p1a: Golden Gate|slp\n|\n|-weather|RainDance|[upkeep]\n|upkeep\n|turn|6\n|\n|t:|1788387638\n|move|p2a: Charizard|Ancient Power|p1b: Rainy Day\n|-supereffective|p1b: Rainy Day|1\n|-damage|p1b: Rainy Day|57/100 slp\n|move|p2b: Venusaur|Sludge Bomb|p1b: Rainy Day\n|-damage|p1b: Rainy Day|32/100 slp\n|-enditem|p1b: Rainy Day|Sitrus Berry|[eat]\n|-heal|p1b: Rainy Day|56/100 slp|[from] item: Sitrus Berry\n|cant|p1a: Golden Gate|slp\n|cant|p1b: Rainy Day|slp\n|\n|-weather|RainDance|[upkeep]\n|upkeep\n|turn|7\n|\n|t:|1788387656\n|switch|p1b: Mordor|Grimmsnarl, L50, M|100/100\n|move|p2a: Charizard|Ancient Power|p1b: Mordor\n|-damage|p1b: Mordor|86/100\n|move|p2b: Venusaur|Leaf Storm|p1b: Mordor\n|-damage|p1b: Mordor|63/100\n|-unboost|p2b: Venusaur|spa|2\n|-curestatus|p1a: Golden Gate|slp|[msg]\n|move|p1a: Golden Gate|Electro Shot||[still]\n|-prepare|p1a: Golden Gate|Electro Shot\n|-boost|p1a: Golden Gate|spa|1\n|-anim|p1a: Golden Gate|Electro Shot|p2a: Charizard\n|-supereffective|p2a: Charizard|1\n|-damage|p2a: Charizard|0 fnt\n|faint|p2a: Charizard\n|\n|-weather|RainDance|[upkeep]\n|upkeep\n|\n|t:|1788387675\n|switch|p2a: Archaludon|Archaludon, L50, F|100/100\n|turn|8\n|\n|t:|1788387689\n|move|p1b: Mordor|Parting Shot|p2a: Archaludon\n|-unboost|p2a: Archaludon|atk|1\n|-unboost|p2a: Archaludon|spa|1\n|\n|t:|1788387692\n|switch|p1b: Frog|Swampert, L50, F|100/100|[from] Parting Shot\n|move|p2a: Archaludon|Aura Sphere|p1a: Golden Gate\n|-supereffective|p1a: Golden Gate|1\n|-damage|p1a: Golden Gate|73/100\n|-ability|p1a: Golden Gate|Stamina|boost\n|-boost|p1a: Golden Gate|def|1\n|move|p2b: Venusaur|Sleep Powder|p1a: Golden Gate\n|-status|p1a: Golden Gate|slp|[from] move: Sleep Powder\n|cant|p1a: Golden Gate|slp\n|\n|-weather|RainDance|[upkeep]\n|-heal|p1a: Golden Gate|79/100 slp|[from] item: Leftovers\n|-sideend|p1: prealpha7|move: Light Screen\n|upkeep\n|turn|9\n|\n|t:|1788387715\n|detailschange|p1b: Frog|Swampert-Mega, L50, F\n|-mega|p1b: Frog|Swampert|Swampertite\n|move|p1b: Frog|Ice Punch|p2b: Venusaur\n|-supereffective|p2b: Venusaur|1\n|-damage|p2b: Venusaur|18/100\n|move|p2a: Archaludon|Aura Sphere|p1a: Golden Gate\n|-supereffective|p1a: Golden Gate|1\n|-damage|p1a: Golden Gate|39/100 slp\n|-ability|p1a: Golden Gate|Stamina|boost\n|-boost|p1a: Golden Gate|def|1\n|move|p2b: Venusaur|Leaf Storm|p1b: Frog\n|-supereffective|p1b: Frog|2\n|-damage|p1b: Frog|11/100\n|-unboost|p2b: Venusaur|spa|2\n|cant|p1a: Golden Gate|slp\n|\n|-weather|none\n|-heal|p1a: Golden Gate|45/100 slp|[from] item: Leftovers\n|upkeep\n|turn|10\n|inactive|Sampsonwildbeast has 30 seconds left.\n|\n|t:|1788387743\n|switch|p1b: Mordor|Grimmsnarl, L50, M|63/100\n|-curestatus|p1a: Golden Gate|slp|[msg]\n|move|p1a: Golden Gate|Protect|p1a: Golden Gate\n|-singleturn|p1a: Golden Gate|Protect\n|move|p2a: Archaludon|Aura Sphere|p1b: Mordor\n|-damage|p1b: Mordor|45/100\n|move|p2b: Venusaur|Sludge Bomb|p1a: Golden Gate\n|-activate|p1a: Golden Gate|move: Protect\n|\n|-heal|p1a: Golden Gate|51/100|[from] item: Leftovers\n|upkeep\n|turn|11\n|\n|t:|1788387766\n|move|p1b: Mordor|Light Screen|p1b: Mordor\n|-sidestart|p1: prealpha7|move: Light Screen\n|move|p2a: Archaludon|Aura Sphere|p1a: Golden Gate\n|-supereffective|p1a: Golden Gate|1\n|-damage|p1a: Golden Gate|27/100\n|-ability|p1a: Golden Gate|Stamina|boost\n|-boost|p1a: Golden Gate|def|1\n|move|p2b: Venusaur|Sludge Bomb|p1b: Mordor\n|-supereffective|p1b: Mordor|1\n|-damage|p1b: Mordor|29/100\n|move|p1a: Golden Gate|Dragon Pulse|p2b: Venusaur\n|-damage|p2b: Venusaur|0 fnt\n|faint|p2b: Venusaur\n|\n|-heal|p1a: Golden Gate|34/100|[from] item: Leftovers\n|upkeep\n|turn|12\n|\n|t:|1788387783\n|move|p1b: Mordor|Parting Shot|p2a: Archaludon\n|-unboost|p2a: Archaludon|atk|1\n|-unboost|p2a: Archaludon|spa|1\n|\n|t:|1788387787\n|switch|p1b: Rainy Day|Pelipper, L50, M|56/100 slp|[from] Parting Shot\n|-weather|RainDance|[from] ability: Drizzle|[of] p1b: Rainy Day\n|move|p2a: Archaludon|Aura Sphere|p1a: Golden Gate\n|-supereffective|p1a: Golden Gate|1\n|-damage|p1a: Golden Gate|14/100\n|-ability|p1a: Golden Gate|Stamina|boost\n|-boost|p1a: Golden Gate|def|1\n|move|p1a: Golden Gate|Dragon Pulse|p2a: Archaludon\n|-damage|p2a: Archaludon|17/100\n|-ability|p2a: Archaludon|Stamina|boost\n|-boost|p2a: Archaludon|def|1\n|\n|-weather|RainDance|[upkeep]\n|-heal|p1a: Golden Gate|20/100y|[from] item: Leftovers\n|upkeep\n|turn|13\n|\n|t:|1788387805\n|move|p2a: Archaludon|Aura Sphere|p1a: Golden Gate\n|-supereffective|p1a: Golden Gate|1\n|-damage|p1a: Golden Gate|2/100\n|-ability|p1a: Golden Gate|Stamina|boost\n|-boost|p1a: Golden Gate|def|1\n|move|p1a: Golden Gate|Dragon Pulse|p2a: Archaludon\n|-damage|p2a: Archaludon|0 fnt\n|faint|p2a: Archaludon\n|\n|win|prealpha7\n|raw|prealpha7's rating: 1424 &rarr; <strong>1445</strong><br />(+21 for winning)\n|raw|Sampsonwildbeast's rating: 1449 &rarr; <strong>1428</strong><br />(-21 for losing)\n|c|☆prealpha7|gg\n|c|☆Sampsonwildbeast|Ggs\n","uploadtime":1788387819,"views":"5","formatid":"gen9championsvgc2026regmb","rating":1428,"private":0,"password":null}