{"id":"gen9championsvgc2026regmb-2673866934","format":"[Gen 9 Champions] VGC 2026 Reg M-B","players":["Rk Pokemons","XtremeSlayer"],"log":"|j|☆Rk Pokemons\n|j|☆XtremeSlayer\n|t:|1788270646\n|gametype|doubles\n|player|p1|Rk Pokemons|101|1373\n|player|p2|XtremeSlayer|striker|1422\n|gen|9\n|tier|[Gen 9 Champions] VGC 2026 Reg M-B\n|rated|\n|rule|Species Clause: Limit one of each Pokémon\n|rule|Item Clause: Limit 1 of each item\n|clearpoke\n|poke|p1|Maushold, L50|\n|poke|p1|Salazzle, L50, F|\n|poke|p1|Whimsicott, L50, F|\n|poke|p1|Absol, L50, F|\n|poke|p1|Drampa, L50, M|\n|poke|p1|Houndstone, L50, F|\n|poke|p2|Tyranitar, L50, M|\n|poke|p2|Delphox, L50, M|\n|poke|p2|Garchomp, L50, F|\n|poke|p2|Excadrill, L50, F|\n|poke|p2|Sinistcha-Masterpiece, L50|\n|poke|p2|Corviknight, L50, F|\n|teampreview|4\n|inactive|Battle timer is ON: inactive players will automatically lose when time's up. (requested by XtremeSlayer)\n|inactive|Rk Pokemons also wants the timer to be on.\n|inactive|Rk Pokemons has 60 seconds left.\n|\n|t:|1788270706\n|teamsize|p1|4\n|teamsize|p2|4\n|start\n|switch|p1a: Whimsicott|Whimsicott, L50, F|100/100\n|switch|p1b: Salazzle|Salazzle, L50, F|100/100\n|switch|p2a: Delphox|Delphox, L50, M|100/100\n|switch|p2b: Garchomp|Garchomp, L50, F|100/100\n|turn|1\n|inactive|XtremeSlayer has 30 seconds left.\n|\n|t:|1788270733\n|detailschange|p2a: Delphox|Delphox-Mega, L50, M\n|-mega|p2a: Delphox|Delphox|Delphoxite\n|move|p2a: Delphox|Heat Wave|p1a: Whimsicott|[spread] p1a\n|-miss|p2a: Delphox|p1b: Salazzle\n|-supereffective|p1a: Whimsicott|1\n|-enditem|p1a: Whimsicott|Focus Sash\n|-damage|p1a: Whimsicott|1/100\n|move|p1b: Salazzle|Overheat|p2b: Garchomp\n|-resisted|p2b: Garchomp|1\n|-damage|p2b: Garchomp|55/100\n|-unboost|p1b: Salazzle|spa|2\n|-damage|p1b: Salazzle|90/100|[from] item: Life Orb\n|move|p1a: Whimsicott|Moonblast|p2b: Garchomp\n|-supereffective|p2b: Garchomp|1\n|-damage|p2b: Garchomp|0 fnt\n|faint|p2b: Garchomp\n|\n|upkeep\n|\n|t:|1788270749\n|switch|p2b: Tyranitar|Tyranitar, L50, M|100/100\n|-weather|Sandstorm|[from] ability: Sand Stream|[of] p2b: Tyranitar\n|turn|2\n|\n|t:|1788270756\n|switch|p1b: Drampa|Drampa, L50, M|100/100\n|-ability|p1b: Drampa|Cloud Nine\n|move|p1a: Whimsicott|Tailwind|p1a: Whimsicott\n|-sidestart|p1: Rk Pokemons|move: Tailwind\n|move|p2a: Delphox|Heat Wave|p1a: Whimsicott|[spread] p1a,p1b\n|-supereffective|p1a: Whimsicott|1\n|-resisted|p1b: Drampa|1\n|-damage|p1a: Whimsicott|0 fnt\n|-damage|p1b: Drampa|78/100\n|faint|p1a: Whimsicott\n|move|p2b: Tyranitar|Dragon Dance|p2b: Tyranitar\n|-boost|p2b: Tyranitar|atk|1\n|-boost|p2b: Tyranitar|spe|1\n|\n|-weather|Sandstorm|[upkeep]\n|upkeep\n|\n|t:|1788270773\n|switch|p1a: Houndstone|Houndstone, L50, F|100/100\n|turn|3\n|\n|t:|1788270789\n|move|p2a: Delphox|Psychic|p1b: Drampa\n|-damage|p1b: Drampa|23/100\n|move|p1a: Houndstone|Last Respects|p2a: Delphox\n|-supereffective|p2a: Delphox|1\n|-damage|p2a: Delphox|0 fnt\n|faint|p2a: Delphox\n|move|p2b: Tyranitar|Knock Off|p1a: Houndstone\n|-supereffective|p1a: Houndstone|1\n|-damage|p1a: Houndstone|37/100\n|-enditem|p1a: Houndstone|White Herb|[from] move: Knock Off|[of] p2b: Tyranitar\n|move|p1b: Drampa|Earth Power|p2b: Tyranitar\n|-supereffective|p2b: Tyranitar|1\n|-damage|p2b: Tyranitar|36/100\n|\n|-weather|Sandstorm|[upkeep]\n|upkeep\n|\n|t:|1788270800\n|switch|p2a: Excadrill|Excadrill, L50, F|100/100\n|turn|4\n|\n|t:|1788270807\n|move|p1a: Houndstone|Last Respects|p2a: Excadrill\n|-damage|p2a: Excadrill|28/100\n|move|p2a: Excadrill|Earthquake|p1b: Drampa|[spread] p2b,p1a,p1b\n|-supereffective|p2b: Tyranitar|1\n|-damage|p2b: Tyranitar|0 fnt\n|-damage|p1a: Houndstone|0 fnt\n|-damage|p1b: Drampa|0 fnt\n|faint|p2b: Tyranitar\n|faint|p1a: Houndstone\n|faint|p1b: Drampa\n|\n|-weather|Sandstorm|[upkeep]\n|upkeep\n|\n|t:|1788270814\n|switch|p1b: Salazzle|Salazzle, L50, F|90/100\n|turn|5\n|\n|t:|1788270817\n|move|p1b: Salazzle|Heat Wave|p2a: Excadrill\n|-supereffective|p2a: Excadrill|1\n|-damage|p2a: Excadrill|0 fnt\n|faint|p2a: Excadrill\n|-damage|p1b: Salazzle|80/100|[from] item: Life Orb\n|\n|win|Rk Pokemons\n|raw|Rk Pokemons's rating: 1373 &rarr; <strong>1396</strong><br />(+23 for winning)\n|raw|XtremeSlayer's rating: 1422 &rarr; <strong>1399</strong><br />(-23 for losing)\n|l|☆XtremeSlayer\n|player|p2|\n","uploadtime":1788270835,"views":"5","formatid":"gen9championsvgc2026regmb","rating":1396,"private":0,"password":null}