{"id":"gen9championsvgc2026regmbbo3-2673762241","format":"[Gen 9 Champions] VGC 2026 Reg M-B (Bo3)","players":["sophyplayz","KingNoahC17"],"log":"|j|☆sophyplayz\n|j|☆KingNoahC17\n|html|<table width=\"100%\"><tr><td align=\"left\">sophyplayz</td><td align=\"right\">KingNoahC17</tr><tr><td align=\"left\"><i class=\"fa fa-circle-o\"></i> <i class=\"fa fa-circle-o\"></i> </td><td align=\"right\"><i class=\"fa fa-circle-o\"></i> <i class=\"fa fa-circle-o\"></i> </tr></table>\n|uhtml|bestof|<h2><strong>Game 1</strong> of <a href=\"/game-bestof3-gen9championsvgc2026regmbbo3-2673762240\">a best-of-3</a></h2>\n|t:|1788250570\n|gametype|doubles\n|player|p1|sophyplayz|flannery|\n|player|p2|KingNoahC17|1|\n|gen|9\n|tier|[Gen 9 Champions] VGC 2026 Reg M-B (Bo3)\n|rule|Species Clause: Limit one of each Pokémon\n|rule|Item Clause: Limit 1 of each item\n|clearpoke\n|poke|p1|Pelipper, L50, M|\n|poke|p1|Archaludon, L50, F|\n|poke|p1|Floette-Eternal, L50, F|\n|poke|p1|Sinistcha, L50|\n|poke|p1|Basculegion, L50, M|\n|poke|p1|Swampert, L50, M|\n|poke|p2|Incineroar, L50, F|\n|poke|p2|Toxapex, L50, F|\n|poke|p2|Dragonite, L50, F|\n|poke|p2|Froslass, L50, F|\n|poke|p2|Delphox, L50, F|\n|poke|p2|Kingambit, L50, M|\n|teampreview|4\n|showteam|p1|Pelipper||SitrusBerry|Drizzle|WeatherBall,Hurricane,Tailwind,WideGuard|Bold||M|||50|]Archaludon||Leftovers|Stamina|Protect,ElectroShot,FlashCannon,DragonPulse|Modest||F|||50|]Floette-Eternal||Floettite|FlowerVeil|LightofRuin,DazzlingGleam,DrainingKiss,Protect|Modest||F|||50|]Sinistcha||KasibBerry|Hospitality|RagePowder,MatchaGotcha,Protect,TrickRoom|Bold|||||50|]Basculegion||ChoiceScarf|Adaptability|AquaJet,WaveCrash,LastRespects,FlipTurn|Adamant||M|||50|]Swampert||Swampertite|Torrent|WaveCrash,HighHorsepower,IcePunch,Protect|Adamant||M|||50|\n|showteam|p2|Incineroar||SitrusBerry|Intimidate|FlareBlitz,Protect,FakeOut,PartingShot|Impish||F|||50|]Toxapex||Leftovers|Regenerator|Toxic,Infestation,WideGuard,BanefulBunker|Bold||F|||50|]Dragonite||LifeOrb|InnerFocus|DragonClaw,LowKick,ExtremeSpeed,Protect|Adamant||F|||50|]Froslass||Froslassite|SnowCloak|Blizzard,Protect,ShadowBall,AuroraVeil|Timid||F|||50|]Delphox||Delphoxite|Blaze|Protect,HeatWave,Encore,Psyshock|Timid||F|||50|]Kingambit||BlackGlasses|Defiant|KowtowCleave,SuckerPunch,IronHead,Protect|Adamant||M|||50|\n|inactive|Battle timer is ON: inactive players will automatically lose when time's up. (requested by KingNoahC17)\n|inactive|KingNoahC17 has 60 seconds left.\n|c|☆sophyplayz|well idk how to play much\n|c|☆sophyplayz|so its fine\n|inactive|sophyplayz has 60 seconds left.\n|\n|t:|1788250628\n|teamsize|p1|4\n|teamsize|p2|4\n|start\n|switch|p1a: Floette|Floette-Eternal, L50, F|100/100\n|switch|p1b: Pelipper|Pelipper, L50, M|100/100\n|switch|p2a: Froslass|Froslass, L50, F|100/100\n|switch|p2b: Dragonite|Dragonite, L50, F|100/100\n|-weather|RainDance|[from] ability: Drizzle|[of] p1b: Pelipper\n|turn|1\n|c|☆sophyplayz|i dunno\n|inactive|sophyplayz has 30 seconds left.\n|inactive|KingNoahC17 has 30 seconds left.\n|\n|t:|1788250662\n|detailschange|p2a: Froslass|Froslass-Mega, L50, F\n|-mega|p2a: Froslass|Froslass|Froslassite\n|-weather|Snowscape|[from] ability: Snow Warning|[of] p2a: Froslass\n|detailschange|p1a: Floette|Floette-Mega, L50, F\n|-mega|p1a: Floette|Floette|Floettite\n|-ability|p1a: Floette|Fairy Aura\n|move|p2b: Dragonite|Extreme Speed|p1a: Floette\n|-damage|p1a: Floette|52/100\n|-damage|p2b: Dragonite|90/100|[from] item: Life Orb\n|move|p2a: Froslass|Aurora Veil|p2a: Froslass\n|-sidestart|p2: KingNoahC17|move: Aurora Veil\n|move|p1a: Floette|Light of Ruin|p2b: Dragonite\n|-supereffective|p2b: Dragonite|1\n|-damage|p2b: Dragonite|0 fnt\n|faint|p2b: Dragonite\n|-damage|p1a: Floette|3/100|[from] Recoil\n|move|p1b: Pelipper|Weather Ball|p2a: Froslass\n|-resisted|p2a: Froslass|1\n|-damage|p2a: Froslass|92/100\n|\n|-weather|Snowscape|[upkeep]\n|upkeep\n|c|☆sophyplayz|i got draining kiss\n|c|☆sophyplayz|fuck\n|c|☆sophyplayz|i meant to weather ball\n|c|☆sophyplayz|and light of ruin on froslass\n|c|☆sophyplayz|D:\n|inactive|KingNoahC17 has 30 seconds left.\n|c|☆sophyplayz|i mishclicked\n|\n|t:|1788250691\n|switch|p2b: Toxapex|Toxapex, L50, F|100/100\n|turn|2\n|c|☆sophyplayz|but you saw the vision right? :D\n|\n|t:|1788250710\n|move|p1a: Floette|Protect|p1a: Floette\n|-singleturn|p1a: Floette|Protect\n|move|p2a: Froslass|Shadow Ball|p1a: Floette\n|-activate|p1a: Floette|move: Protect\n|move|p1b: Pelipper|Tailwind|p1b: Pelipper\n|-sidestart|p1: sophyplayz|move: Tailwind\n|move|p2b: Toxapex|Infestation|p1b: Pelipper\n|-resisted|p1b: Pelipper|1\n|-damage|p1b: Pelipper|98/100\n|-activate|p1b: Pelipper|move: Infestation|[of] p2b: Toxapex\n|\n|-weather|Snowscape|[upkeep]\n|-damage|p1b: Pelipper|86/100|[from] move: Infestation|[partiallytrapped]\n|upkeep\n|turn|3\n|\n|t:|1788250725\n|switch|p1a: Basculegion|Basculegion, L50, M|100/100\n|move|p2a: Froslass|Protect|p2a: Froslass\n|-singleturn|p2a: Froslass|Protect\n|move|p1b: Pelipper|Hurricane|p2b: Toxapex\n|-damage|p2b: Toxapex|80/100\n|-start|p2b: Toxapex|confusion\n|-activate|p2b: Toxapex|confusion\n|move|p2b: Toxapex|Infestation|p1a: Basculegion\n|-resisted|p1a: Basculegion|1\n|-damage|p1a: Basculegion|98/100\n|-activate|p1a: Basculegion|move: Infestation|[of] p2b: Toxapex\n|\n|-weather|Snowscape|[upkeep]\n|-heal|p2b: Toxapex|86/100|[from] item: Leftovers\n|-damage|p1a: Basculegion|86/100|[from] move: Infestation|[partiallytrapped]\n|-damage|p1b: Pelipper|74/100|[from] move: Infestation|[partiallytrapped]\n|upkeep\n|turn|4\n|inactive|sophyplayz has 30 seconds left.\n|\n|t:|1788250753\n|switch|p2a: Kingambit|Kingambit, L50, M|100/100\n|move|p1a: Basculegion|Wave Crash|p2a: Kingambit\n|-damage|p2a: Kingambit|61/100\n|-damage|p1a: Basculegion|73/100|[from] Recoil\n|move|p1b: Pelipper|Hurricane|p2a: Kingambit\n|-resisted|p2a: Kingambit|1\n|-damage|p2a: Kingambit|50/100y\n|-activate|p2b: Toxapex|confusion\n|-damage|p2b: Toxapex|81/100|[from] confusion\n|\n|-weather|Snowscape|[upkeep]\n|-heal|p2b: Toxapex|87/100|[from] item: Leftovers\n|-damage|p1a: Basculegion|60/100|[from] move: Infestation|[partiallytrapped]\n|-damage|p1b: Pelipper|62/100|[from] move: Infestation|[partiallytrapped]\n|upkeep\n|turn|5\n|c|☆sophyplayz|knew it\n|c|☆sophyplayz|but damn\n|c|☆sophyplayz|that thing helps so much\n|\n|t:|1788250774\n|switch|p1a: Sinistcha|Sinistcha, L50|100/100\n|-heal|p1b: Pelipper|86/100|[from] ability: Hospitality|[of] p1a: Sinistcha\n|move|p2a: Kingambit|Sucker Punch||[still]\n|-fail|p2a: Kingambit\n|move|p1b: Pelipper|Hurricane|p2a: Kingambit\n|-resisted|p2a: Kingambit|1\n|-damage|p2a: Kingambit|37/100\n|-end|p2b: Toxapex|confusion\n|move|p2b: Toxapex|Toxic|p1b: Pelipper\n|-status|p1b: Pelipper|tox\n|\n|-weather|none\n|-heal|p2b: Toxapex|92/100|[from] item: Leftovers\n|-damage|p1b: Pelipper|80/100 tox|[from] psn\n|-damage|p1b: Pelipper|68/100 tox|[from] move: Infestation|[partiallytrapped]\n|-sideend|p1: sophyplayz|move: Tailwind\n|-sideend|p2: KingNoahC17|move: Aurora Veil\n|upkeep\n|turn|6\n|inactive|sophyplayz has 30 seconds left.\n|\n|t:|1788250800\n|move|p1a: Sinistcha|Matcha Gotcha|p2b: Toxapex|[spread] p2a,p2b\n|-resisted|p2a: Kingambit|1\n|-damage|p2a: Kingambit|25/100\n|-damage|p2b: Toxapex|71/100\n|move|p1b: Pelipper|Hurricane|p2a: Kingambit\n|-resisted|p2a: Kingambit|1\n|-damage|p2a: Kingambit|8/100\n|move|p2a: Kingambit|Kowtow Cleave|p1a: Sinistcha\n|-supereffective|p1a: Sinistcha|1\n|-damage|p1a: Sinistcha|5/100\n|move|p2b: Toxapex|Toxic|p1a: Sinistcha\n|-status|p1a: Sinistcha|tox\n|\n|-heal|p2b: Toxapex|77/100|[from] item: Leftovers\n|-damage|p1a: Sinistcha|0 fnt|[from] psn\n|faint|p1a: Sinistcha\n|-damage|p1b: Pelipper|56/100 tox|[from] psn\n|-end|p1b: Pelipper|Infestation|[partiallytrapped]\n|upkeep\n|c|☆sophyplayz|aw\n|c|☆sophyplayz|so close\n|\n|t:|1788250812\n|switch|p1a: Basculegion|Basculegion, L50, M|60/100\n|turn|7\n|c|☆sophyplayz|uh\n|c|☆sophyplayz|sucker punch kills D:\n|c|☆sophyplayz|uhm\n|inactive|sophyplayz has 30 seconds left.\n|inactive|KingNoahC17 has 30 seconds left.\n|\n|t:|1788250847\n|move|p2a: Kingambit|Protect|p2a: Kingambit\n|-singleturn|p2a: Kingambit|Protect\n|move|p2b: Toxapex|Baneful Bunker|p2b: Toxapex\n|-singleturn|p2b: Toxapex|move: Protect\n|move|p1a: Basculegion|Aqua Jet|p2a: Kingambit\n|-activate|p2a: Kingambit|move: Protect\n|move|p1b: Pelipper|Hurricane|p2b: Toxapex\n|-activate|p2b: Toxapex|move: Protect\n|\n|-heal|p2b: Toxapex|83/100|[from] item: Leftovers\n|-damage|p1b: Pelipper|38/100 tox|[from] psn\n|upkeep\n|-enditem|p1b: Pelipper|Sitrus Berry|[eat]\n|-heal|p1b: Pelipper|63/100 tox|[from] item: Sitrus Berry\n|turn|8\n|\n|t:|1788250858\n|switch|p2a: Froslass|Froslass-Mega, L50, F|92/100\n|-weather|Snowscape|[from] ability: Snow Warning|[of] p2a: Froslass\n|move|p1a: Basculegion|Aqua Jet|p2a: Froslass\n|-damage|p2a: Froslass|68/100\n|move|p1b: Pelipper|Hurricane|p2b: Toxapex|[miss]\n|-miss|p1b: Pelipper|p2b: Toxapex\n|move|p2b: Toxapex|Infestation|p1b: Pelipper\n|-resisted|p1b: Pelipper|1\n|-damage|p1b: Pelipper|61/100 tox\n|-activate|p1b: Pelipper|move: Infestation|[of] p2b: Toxapex\n|\n|-weather|Snowscape|[upkeep]\n|-heal|p2b: Toxapex|89/100|[from] item: Leftovers\n|-damage|p1b: Pelipper|37/100 tox|[from] psn\n|-damage|p1b: Pelipper|25/100 tox|[from] move: Infestation|[partiallytrapped]\n|upkeep\n|turn|9\n|c|☆sophyplayz|toxapex is annoying :(\n|\n|t:|1788250880\n|move|p1a: Basculegion|Aqua Jet|p2a: Froslass\n|-damage|p2a: Froslass|44/100\n|move|p2a: Froslass|Shadow Ball|p1a: Basculegion\n|-supereffective|p1a: Basculegion|1\n|-damage|p1a: Basculegion|0 fnt\n|faint|p1a: Basculegion\n|move|p1b: Pelipper|Hurricane|p2b: Toxapex|[miss]\n|-miss|p1b: Pelipper|p2b: Toxapex\n|move|p2b: Toxapex|Infestation|p1b: Pelipper\n|-resisted|p1b: Pelipper|1\n|-damage|p1b: Pelipper|23/100 tox\n|\n|-weather|Snowscape|[upkeep]\n|-heal|p2b: Toxapex|94/100|[from] item: Leftovers\n|-damage|p1b: Pelipper|0 fnt|[from] psn\n|faint|p1b: Pelipper\n|upkeep\n|\n|t:|1788250883\n|switch|p1b: Floette|Floette-Mega, L50, F|3/100\n|-ability|p1b: Floette|Fairy Aura\n|turn|10\n|-message|sophyplayz forfeited.\n|\n|win|KingNoahC17\n||sophyplayz is ready for game 2.\n||KingNoahC17 is ready for game 2.\n|uhtml|next|Next: <a href=\"/battle-gen9championsvgc2026regmbbo3-2673763506\"><strong>Game 2 of 3</strong></a>\n|l|☆KingNoahC17\n|player|p2|\n","uploadtime":1788251615,"views":"17","formatid":"gen9championsvgc2026regmbbo3","rating":null,"private":0,"password":null}