{"id":"gen9championsvgc2026regmbbo3-2673487904","format":"[Gen 9 Champions] VGC 2026 Reg M-B (Bo3)","players":["humania1","totaldestroy"],"log":"|j|☆humania1\n|j|☆totaldestroy\n|html|<table width=\"100%\"><tr><td align=\"left\">humania1</td><td align=\"right\">totaldestroy</tr><tr><td align=\"left\"><i class=\"fa fa-circle-o\"></i> <i class=\"fa fa-circle-o\"></i> </td><td align=\"right\"><i class=\"fa fa-circle-o\"></i> <i class=\"fa fa-circle-o\"></i> </tr></table>\n|uhtml|bestof|<h2><strong>Game 1</strong> of <a href=\"/game-bestof3-gen9championsvgc2026regmbbo3-2673487903\">a best-of-3</a></h2>\n|t:|1788203776\n|gametype|doubles\n|player|p1|humania1|170|1069\n|player|p2|totaldestroy|veteran|1180\n|gen|9\n|tier|[Gen 9 Champions] VGC 2026 Reg M-B (Bo3)\n|rated|\n|rule|Species Clause: Limit one of each Pokémon\n|rule|Item Clause: Limit 1 of each item\n|clearpoke\n|poke|p1|Blastoise, L50, M|\n|poke|p1|Delphox, L50, F, shiny|\n|poke|p1|Incineroar, L50, M|\n|poke|p1|Sinistcha, L50|\n|poke|p1|Sneasler, L50, F|\n|poke|p1|Vivillon, L50, F|\n|poke|p2|Incineroar, L50, M|\n|poke|p2|Zoroark-Hisui, L50, M|\n|poke|p2|Froslass, L50, F|\n|poke|p2|Sneasler, L50, F|\n|poke|p2|Farigiraf, L50, F|\n|poke|p2|Arcanine-Hisui, L50, M|\n|teampreview|4\n|showteam|p1|Blastoise||Blastoisinite|Torrent|Protect,ShellSmash,WaterSpout,DarkPulse|Modest||M|||50|]Delphox||Delphoxite|Blaze|Protect,HeatWave,Psyshock,NastyPlot|Timid||F|||50|]Incineroar||PasshoBerry|Intimidate|FakeOut,PartingShot,FlareBlitz,ThroatChop|Impish||M|||50|]Sinistcha||SitrusBerry|Hospitality|Protect,MatchaGotcha,TrickRoom,RagePowder|Bold|||||50|]Sneasler||FocusSash|PoisonTouch|QuickGuard,FakeOut,CloseCombat,DireClaw|Jolly||F|||50|]Vivillon||ChoiceScarf|CompoundEyes|Hurricane,SleepPowder,RagePowder,Uturn|Timid||F|||50|\n|showteam|p2|Incineroar||PasshoBerry|Intimidate|ThroatChop,FlareBlitz,FakeOut,PartingShot|Adamant||M|||50|]Zoroark-Hisui||FocusSash|Illusion|IcyWind,BitterMalice,WillOWisp,Protect|Timid||M|||50|]Froslass||Froslassite|CursedBody|Blizzard,ShadowBall,NastyPlot,Protect|Modest||F|||50|]Sneasler||WhiteHerb|Unburden|FakeOut,DireClaw,CloseCombat,Protect|Adamant||F|||50|]Farigiraf||SitrusBerry|ArmorTail|Psychic,Thunderbolt,HelpingHand,Roar|Bold||F|||50|]Arcanine-Hisui||ChoiceScarf|RockHead|FlareBlitz,HeadSmash,RockSlide,CloseCombat|Jolly||M|||50|\n|inactive|Battle timer is ON: inactive players will automatically lose when time's up. (requested by humania1)\n|\n|t:|1788203801\n|teamsize|p1|4\n|teamsize|p2|4\n|start\n|switch|p1a: Blastoise|Blastoise, L50, M|100/100\n|switch|p1b: Incineroar|Incineroar, L50, M|100/100\n|switch|p2a: head banger|Arcanine-Hisui, L50, M|100/100\n|switch|p2b: king eater|Farigiraf, L50, F|100/100\n|-ability|p1b: Incineroar|Intimidate|boost\n|-unboost|p2a: head banger|atk|1\n|-unboost|p2b: king eater|atk|1\n|turn|1\n|\n|t:|1788203815\n|detailschange|p1a: Blastoise|Blastoise-Mega, L50, M\n|-mega|p1a: Blastoise|Blastoise|Blastoisinite\n|move|p2a: head banger|Head Smash|p1b: Incineroar|[miss]\n|-miss|p2a: head banger|p1b: Incineroar\n|move|p1a: Blastoise|Water Spout|p2b: king eater|[spread] p2a,p2b\n|-supereffective|p2a: head banger|2\n|-damage|p2a: head banger|0 fnt\n|-damage|p2b: king eater|29/100\n|-enditem|p2b: king eater|Sitrus Berry|[eat]\n|-heal|p2b: king eater|54/100|[from] item: Sitrus Berry\n|faint|p2a: head banger\n|move|p1b: Incineroar|Throat Chop|p2b: king eater\n|-supereffective|p2b: king eater|1\n|-damage|p2b: king eater|3/100\n|-start|p2b: king eater|Throat Chop|[silent]\n|move|p2b: king eater|Thunderbolt|p1a: Blastoise\n|-supereffective|p1a: Blastoise|1\n|-damage|p1a: Blastoise|51/100\n|\n|upkeep\n|\n|t:|1788203826\n|switch|p2a: The Sneasler|Sneasler, L50, F|100/100\n|turn|2\n|\n|t:|1788203842\n|switch|p2b: wife material|Froslass, L50, F|100/100\n|move|p2a: The Sneasler|Close Combat|p1b: Incineroar\n|-supereffective|p1b: Incineroar|1\n|-damage|p1b: Incineroar|0 fnt\n|-unboost|p2a: The Sneasler|def|1\n|-unboost|p2a: The Sneasler|spd|1\n|faint|p1b: Incineroar\n|-enditem|p2a: The Sneasler|White Herb\n|-clearnegativeboost|p2a: The Sneasler|[silent]\n|move|p1a: Blastoise|Water Spout|p2a: The Sneasler|[spread] p2a,p2b\n|-damage|p2a: The Sneasler|55/100\n|-damage|p2b: wife material|55/100\n|\n|upkeep\n|\n|t:|1788203842\n|switch|p1b: Sinistcha|Sinistcha, L50|100/100\n|-heal|p1a: Blastoise|76/100|[from] ability: Hospitality|[of] p1b: Sinistcha\n|turn|3\n|\n|t:|1788203866\n|detailschange|p2b: wife material|Froslass-Mega, L50, F\n|-mega|p2b: wife material|Froslass|Froslassite\n|-weather|Snowscape|[from] ability: Snow Warning|[of] p2b: wife material\n|move|p1b: Sinistcha|Rage Powder|p1b: Sinistcha\n|-singleturn|p1b: Sinistcha|move: Rage Powder\n|move|p2a: The Sneasler|Dire Claw|p1b: Sinistcha\n|-damage|p1b: Sinistcha|56/100\n|move|p2b: wife material|Blizzard|p1b: Sinistcha|[spread] p1a,p1b\n|-resisted|p1a: Blastoise|1\n|-supereffective|p1b: Sinistcha|1\n|-damage|p1a: Blastoise|56/100\n|-damage|p1b: Sinistcha|0 fnt\n|faint|p1b: Sinistcha\n|move|p1a: Blastoise|Water Spout|p2b: wife material|[spread] p2a,p2b\n|-damage|p2a: The Sneasler|8/100\n|-damage|p2b: wife material|18/100\n|\n|-weather|Snowscape|[upkeep]\n|upkeep\n|\n|t:|1788203866\n|switch|p1b: Delphox|Delphox, L50, F, shiny|100/100\n|turn|4\n|\n|t:|1788203884\n|move|p2a: The Sneasler|Dire Claw|p1b: Delphox\n|-damage|p1b: Delphox|32/100\n|-status|p1b: Delphox|slp\n|move|p2b: wife material|Shadow Ball|p1a: Blastoise\n|-damage|p1a: Blastoise|13/100\n|cant|p1b: Delphox|slp\n|move|p1a: Blastoise|Water Spout|p2b: wife material|[spread] p2a,p2b\n|-damage|p2a: The Sneasler|0 fnt\n|-damage|p2b: wife material|10/100\n|faint|p2a: The Sneasler\n|\n|-weather|Snowscape|[upkeep]\n|upkeep\n|\n|t:|1788203890\n|switch|p2a: king eater|Farigiraf, L50, F|3/100\n|turn|5\n|\n|t:|1788203907\n|move|p2b: wife material|Blizzard|p1b: Delphox|[spread] p1a,p1b\n|-resisted|p1a: Blastoise|1\n|-resisted|p1b: Delphox|1\n|-damage|p1a: Blastoise|0 fnt\n|-damage|p1b: Delphox|8/100 slp\n|faint|p1a: Blastoise\n|-curestatus|p1b: Delphox|slp|[msg]\n|move|p1b: Delphox|Nasty Plot|p1b: Delphox\n|-boost|p1b: Delphox|spa|2\n|move|p2a: king eater|Thunderbolt|p1b: Delphox\n|-damage|p1b: Delphox|0 fnt\n|faint|p1b: Delphox\n|\n|win|totaldestroy\n|l|☆humania1\n|player|p1|\n||humania1 is ready for game 2.\n|inactive|totaldestroy has 30 seconds to confirm battle start!\n||totaldestroy is ready for game 2.\n|uhtml|next|Next: <a href=\"/battle-gen9championsvgc2026regmbbo3-2673489077\"><strong>Game 2 of 3</strong></a>\n","uploadtime":1788203907,"views":"36","formatid":"gen9championsvgc2026regmbbo3","rating":null,"private":0,"password":null}