{"id":"gen9championsvgc2026regmbbo3-2673859136","format":"[Gen 9 Champions] VGC 2026 Reg M-B (Bo3)","players":["totaldestroy","humania1"],"log":"|j|☆totaldestroy\n|j|☆humania1\n|html|<table width=\"100%\"><tr><td align=\"left\">totaldestroy</td><td align=\"right\">humania1</tr><tr><td align=\"left\"><i class=\"fa fa-circle-o\"></i> <i class=\"fa fa-circle-o\"></i> </td><td align=\"right\"><i class=\"fa fa-circle-o\"></i> <i class=\"fa fa-circle-o\"></i> </tr></table>\n|uhtml|bestof|<h2><strong>Game 1</strong> of <a href=\"/game-bestof3-gen9championsvgc2026regmbbo3-2673859135\">a best-of-3</a></h2>\n|t:|1788269580\n|gametype|doubles\n|player|p1|totaldestroy|veteran|1120\n|player|p2|humania1|265|1052\n|gen|9\n|tier|[Gen 9 Champions] VGC 2026 Reg M-B (Bo3)\n|rated|\n|rule|Species Clause: Limit one of each Pokémon\n|rule|Item Clause: Limit 1 of each item\n|clearpoke\n|poke|p1|Incineroar, L50, M|\n|poke|p1|Zoroark-Hisui, L50, M|\n|poke|p1|Froslass, L50, F|\n|poke|p1|Sneasler, L50, M|\n|poke|p1|Farigiraf, L50, F|\n|poke|p1|Arcanine-Hisui, L50, F|\n|poke|p2|Blastoise, L50, F|\n|poke|p2|Delphox, L50, M, shiny|\n|poke|p2|Incineroar, L50, F|\n|poke|p2|Sinistcha, L50|\n|poke|p2|Sneasler, L50, F|\n|poke|p2|Vivillon, L50, M|\n|teampreview|4\n|showteam|p1|Incineroar||PasshoBerry|Intimidate|ThroatChop,FlareBlitz,FakeOut,PartingShot|Adamant||M|||50|]Zoroark-Hisui||FocusSash|Illusion|IcyWind,BitterMalice,WillOWisp,Protect|Timid||M|||50|]Froslass||Froslassite|CursedBody|Blizzard,ShadowBall,NastyPlot,Protect|Modest||F|||50|]Sneasler||WhiteHerb|Unburden|FakeOut,DireClaw,CloseCombat,Protect|Adamant||M|||50|]Farigiraf||SitrusBerry|ArmorTail|Psychic,Thunderbolt,HelpingHand,Roar|Bold||F|||50|]Arcanine-Hisui||ChoiceScarf|RockHead|FlareBlitz,HeadSmash,RockSlide,CloseCombat|Jolly||F|||50|\n|showteam|p2|Blastoise||Blastoisinite|Torrent|Protect,ShellSmash,WaterSpout,DarkPulse|Modest||F|||50|]Delphox||Delphoxite|Blaze|Protect,HeatWave,Psyshock,NastyPlot|Timid||M|||50|]Incineroar||PasshoBerry|Intimidate|FakeOut,PartingShot,FlareBlitz,ThroatChop|Impish||F|||50|]Sinistcha||SitrusBerry|Hospitality|Protect,MatchaGotcha,TrickRoom,RagePowder|Bold|||||50|]Sneasler||FocusSash|PoisonTouch|QuickGuard,FakeOut,CloseCombat,DireClaw|Jolly||F|||50|]Vivillon||ChoiceScarf|CompoundEyes|Hurricane,SleepPowder,RagePowder,Uturn|Timid||M|||50|\n|inactive|Battle timer is ON: inactive players will automatically lose when time's up. (requested by humania1)\n|inactive|totaldestroy has 60 seconds left.\n|\n|t:|1788269622\n|teamsize|p1|4\n|teamsize|p2|4\n|start\n|switch|p1a: The Sneasler|Sneasler, L50, M|100/100\n|switch|p1b: wife material|Froslass, L50, F|100/100\n|switch|p2a: Blastoise|Blastoise, L50, F|100/100\n|switch|p2b: Incineroar|Incineroar, L50, F|100/100\n|-ability|p2b: Incineroar|Intimidate|boost\n|-unboost|p1a: The Sneasler|atk|1\n|-unboost|p1b: wife material|atk|1\n|-enditem|p1a: The Sneasler|White Herb\n|-clearnegativeboost|p1a: The Sneasler|[silent]\n|turn|1\n|\n|t:|1788269635\n|switch|p1a: my cat at 3am|Incineroar, L50, M|100/100\n|-ability|p1a: my cat at 3am|Intimidate|boost\n|-unboost|p2a: Blastoise|atk|1\n|-unboost|p2b: Incineroar|atk|1\n|detailschange|p1b: wife material|Froslass-Mega, L50, F\n|-mega|p1b: wife material|Froslass|Froslassite\n|-weather|Snowscape|[from] ability: Snow Warning|[of] p1b: wife material\n|move|p2a: Blastoise|Protect|p2a: Blastoise\n|-singleturn|p2a: Blastoise|Protect\n|move|p1b: wife material|Nasty Plot|p1b: wife material\n|-boost|p1b: wife material|spa|2\n|move|p2b: Incineroar|Flare Blitz|p1b: wife material\n|-supereffective|p1b: wife material|1\n|-damage|p1b: wife material|42/100\n|-damage|p2b: Incineroar|83/100|[from] Recoil\n|\n|-weather|Snowscape|[upkeep]\n|upkeep\n|turn|2\n|\n|t:|1788269655\n|detailschange|p2a: Blastoise|Blastoise-Mega, L50, F\n|-mega|p2a: Blastoise|Blastoise|Blastoisinite\n|move|p1b: wife material|Blizzard|p2b: Incineroar|[spread] p2a,p2b\n|-resisted|p2a: Blastoise|1\n|-resisted|p2b: Incineroar|1\n|-damage|p2a: Blastoise|50/100g\n|-damage|p2b: Incineroar|34/100\n|move|p2a: Blastoise|Water Spout|p1b: wife material|[spread] p1a,p1b\n|-supereffective|p1a: my cat at 3am|1\n|-enditem|p1a: my cat at 3am|Passho Berry|[eat]\n|-enditem|p1a: my cat at 3am|Passho Berry|[weaken]\n|-damage|p1a: my cat at 3am|67/100\n|-damage|p1b: wife material|8/100\n|move|p2b: Incineroar|Flare Blitz|p1b: wife material\n|-supereffective|p1b: wife material|1\n|-damage|p1b: wife material|0 fnt\n|faint|p1b: wife material\n|-damage|p2b: Incineroar|32/100|[from] Recoil\n|move|p1a: my cat at 3am|Flare Blitz|p2b: Incineroar\n|-resisted|p2b: Incineroar|1\n|-damage|p2b: Incineroar|5/100\n|-damage|p1a: my cat at 3am|58/100|[from] Recoil\n|\n|-weather|Snowscape|[upkeep]\n|upkeep\n|\n|t:|1788269669\n|switch|p1b: The Sneasler|Sneasler, L50, M|100/100\n|turn|3\n|\n|t:|1788269673\n|switch|p2b: Sinistcha|Sinistcha, L50|100/100\n|-heal|p2a: Blastoise|75/100|[from] ability: Hospitality|[of] p2b: Sinistcha\n|move|p1b: The Sneasler|Close Combat|p2a: Blastoise\n|-damage|p2a: Blastoise|4/100\n|-unboost|p1b: The Sneasler|def|1\n|-unboost|p1b: The Sneasler|spd|1\n|move|p2a: Blastoise|Water Spout|p1b: The Sneasler|[spread] p1a,p1b\n|-supereffective|p1a: my cat at 3am|1\n|-damage|p1a: my cat at 3am|52/100\n|-damage|p1b: The Sneasler|94/100\n|move|p1a: my cat at 3am|Throat Chop|p2b: Sinistcha\n|-supereffective|p2b: Sinistcha|1\n|-damage|p2b: Sinistcha|21/100\n|-start|p2b: Sinistcha|Throat Chop|[silent]\n|-enditem|p2b: Sinistcha|Sitrus Berry|[eat]\n|-heal|p2b: Sinistcha|46/100|[from] item: Sitrus Berry\n|\n|-weather|Snowscape|[upkeep]\n|upkeep\n|turn|4\n|inactive|totaldestroy has 30 seconds left.\n|\n|t:|1788269698\n|move|p1b: The Sneasler|Protect|p1b: The Sneasler\n|-singleturn|p1b: The Sneasler|Protect\n|move|p2b: Sinistcha|Protect|p2b: Sinistcha\n|-singleturn|p2b: Sinistcha|Protect\n|move|p2a: Blastoise|Water Spout|p1b: The Sneasler|[spread] p1a\n|-activate|p1b: The Sneasler|move: Protect\n|-supereffective|p1a: my cat at 3am|1\n|-damage|p1a: my cat at 3am|48/100\n|move|p1a: my cat at 3am|Flare Blitz|p2b: Sinistcha\n|-activate|p2b: Sinistcha|move: Protect\n|\n|-weather|Snowscape|[upkeep]\n|-end|p2b: Sinistcha|Throat Chop|[silent]\n|upkeep\n|turn|5\n|\n|t:|1788269713\n|switch|p2b: Sneasler|Sneasler, L50, F|100/100\n|move|p1b: The Sneasler|Dire Claw|p2a: Blastoise\n|-damage|p2a: Blastoise|0 fnt\n|faint|p2a: Blastoise\n|move|p1a: my cat at 3am|Flare Blitz|p2b: Sneasler\n|-enditem|p2b: Sneasler|Focus Sash\n|-damage|p2b: Sneasler|1/100\n|-damage|p1a: my cat at 3am|23/100|[from] Recoil\n|\n|-weather|none\n|upkeep\n|\n|t:|1788269713\n|switch|p2a: Incineroar|Incineroar, L50, F|5/100\n|-ability|p2a: Incineroar|Intimidate|boost\n|-unboost|p1a: my cat at 3am|atk|1\n|-unboost|p1b: The Sneasler|atk|1\n|turn|6\n|\n|t:|1788269726\n|switch|p2a: Sinistcha|Sinistcha, L50|46/100\n|-heal|p2b: Sneasler|25/100|[from] ability: Hospitality|[of] p2a: Sinistcha\n|move|p1b: The Sneasler|Protect|p1b: The Sneasler\n|-singleturn|p1b: The Sneasler|Protect\n|move|p2b: Sneasler|Close Combat|p1a: my cat at 3am\n|-supereffective|p1a: my cat at 3am|1\n|-damage|p1a: my cat at 3am|0 fnt\n|-unboost|p2b: Sneasler|def|1\n|-unboost|p2b: Sneasler|spd|1\n|faint|p1a: my cat at 3am\n|\n|upkeep\n|\n|t:|1788269738\n|switch|p1a: head banger|Arcanine-Hisui, L50, F|100/100\n|turn|7\n|\n|t:|1788269742\n|move|p2a: Sinistcha|Protect|p2a: Sinistcha\n|-singleturn|p2a: Sinistcha|Protect\n|move|p1a: head banger|Rock Slide|p2b: Sneasler|[spread] p2b\n|-activate|p2a: Sinistcha|move: Protect\n|-resisted|p2b: Sneasler|1\n|-damage|p2b: Sneasler|0 fnt\n|faint|p2b: Sneasler\n|move|p1b: The Sneasler|Dire Claw|p2a: Sinistcha\n|-activate|p2a: Sinistcha|move: Protect\n|\n|upkeep\n|\n|t:|1788269742\n|switch|p2b: Incineroar|Incineroar, L50, F|5/100\n|-ability|p2b: Incineroar|Intimidate|boost\n|-unboost|p1a: head banger|atk|1\n|-unboost|p1b: The Sneasler|atk|1\n|turn|8\n|inactive|totaldestroy has 30 seconds left.\n|\n|t:|1788269774\n|move|p1a: head banger|Rock Slide|p2b: Incineroar|[spread] p2a\n|-miss|p1a: head banger|p2b: Incineroar\n|-damage|p2a: Sinistcha|31/100\n|move|p1b: The Sneasler|Dire Claw|p2a: Sinistcha\n|-damage|p2a: Sinistcha|12/100\n|move|p2b: Incineroar|Parting Shot|p1a: head banger\n|-unboost|p1a: head banger|atk|1\n|-unboost|p1a: head banger|spa|1\n|move|p2a: Sinistcha|Trick Room|p2a: Sinistcha\n|-fieldstart|move: Trick Room|[of] p2a: Sinistcha\n|\n|upkeep\n|turn|9\n|\n|t:|1788269785\n|move|p2a: Sinistcha|Protect|p2a: Sinistcha\n|-singleturn|p2a: Sinistcha|Protect\n|move|p2b: Incineroar|Throat Chop|p1a: head banger\n|-damage|p1a: head banger|63/100\n|-start|p1a: head banger|Throat Chop|[silent]\n|move|p1b: The Sneasler|Dire Claw|p2b: Incineroar\n|-damage|p2b: Incineroar|0 fnt\n|faint|p2b: Incineroar\n|move|p1a: head banger|Rock Slide|p2a: Sinistcha\n|-activate|p2a: Sinistcha|move: Protect\n|\n|upkeep\n|turn|10\n|\n|t:|1788269790\n|move|p2a: Sinistcha|Protect|p2a: Sinistcha\n|-singleturn|p2a: Sinistcha|Protect\n|move|p1b: The Sneasler|Dire Claw|p2a: Sinistcha\n|-activate|p2a: Sinistcha|move: Protect\n|move|p1a: head banger|Rock Slide|p2a: Sinistcha\n|-activate|p2a: Sinistcha|move: Protect\n|\n|-end|p1a: head banger|Throat Chop|[silent]\n|upkeep\n|turn|11\n|\n|t:|1788269793\n|move|p2a: Sinistcha|Matcha Gotcha|p1a: head banger|[spread] p1b\n|-miss|p2a: Sinistcha|p1a: head banger\n|-resisted|p1b: The Sneasler|1\n|-damage|p1b: The Sneasler|70/100\n|-heal|p2a: Sinistcha|23/100|[from] drain|[of] p1b: The Sneasler\n|-status|p1b: The Sneasler|brn\n|move|p1b: The Sneasler|Dire Claw|p2a: Sinistcha\n|-damage|p2a: Sinistcha|12/100\n|-status|p2a: Sinistcha|psn\n|move|p1a: head banger|Rock Slide|p2a: Sinistcha|[miss]\n|-miss|p1a: head banger|p2a: Sinistcha\n|\n|-damage|p2a: Sinistcha|0 fnt|[from] psn\n|faint|p2a: Sinistcha\n|\n|win|totaldestroy\n","uploadtime":1788269793,"views":"16","formatid":"gen9championsvgc2026regmbbo3","rating":null,"private":0,"password":null}