{"id":"gen9championsvgc2026regmbbo3-2674191232","format":"[Gen 9 Champions] VGC 2026 Reg M-B (Bo3)","players":["smalltownkirlia","maplescafe"],"log":"|j|☆smalltownkirlia\n|j|☆maplescafe\n|html|<table width=\"100%\"><tr><td align=\"left\">smalltownkirlia</td><td align=\"right\">maplescafe</tr><tr><td align=\"left\"><i class=\"fa fa-circle\"></i> <i class=\"fa fa-circle-o\"></i> </td><td align=\"right\"><i class=\"fa fa-circle-o\"></i> <i class=\"fa fa-circle-o\"></i> </tr></table>\n|uhtml|bestof|<h2><strong>Game 2</strong> of <a href=\"/game-bestof3-gen9championsvgc2026regmbbo3-2674189326\">a best-of-3</a></h2>\n|t:|1788312970\n|gametype|doubles\n|player|p1|smalltownkirlia|whitney|1139\n|player|p2|maplescafe|sabrina|1089\n|gen|9\n|tier|[Gen 9 Champions] VGC 2026 Reg M-B (Bo3)\n|rated|\n|rule|Species Clause: Limit one of each Pokémon\n|rule|Item Clause: Limit 1 of each item\n|clearpoke\n|poke|p1|Floette-Eternal, L50, F|\n|poke|p1|Whimsicott, L50, M|\n|poke|p1|Basculegion, L50, M|\n|poke|p1|Garchomp, L50, M|\n|poke|p1|Charizard, L50, M|\n|poke|p1|Kingambit, L50, F|\n|poke|p2|Tsareena, L50, F, shiny|\n|poke|p2|Froslass, L50, F, shiny|\n|poke|p2|Floette-Eternal, L50, F|\n|poke|p2|Whimsicott, L50, F, shiny|\n|poke|p2|Meowstic-F, L50, F, shiny|\n|poke|p2|Starmie, L50, shiny|\n|teampreview|4\n|showteam|p1|Floette-Eternal||Floettite|FlowerVeil|Protect,LightofRuin,DazzlingGleam,Moonblast|Timid||F|||50|]Whimsicott||FocusSash|Prankster|Protect,Tailwind,Encore,Moonblast|Timid||M|||50|]Basculegion||MysticWater|Adaptability|Protect,WaveCrash,LastRespects,AquaJet|Adamant||M|||50|]Garchomp||LifeOrb|RoughSkin|Protect,RockSlide,Earthquake,DragonClaw|Jolly||M|||50|]Charizard||CharizarditeY|Blaze|Protect,HeatWave,WeatherBall,SolarBeam|Modest||M|||50|]Kingambit||ChopleBerry|Defiant|LowKick,SuckerPunch,KowtowCleave,IronHead|Adamant||F|||50|\n|showteam|p2|Tsareena||WideLens|QueenlyMajesty|LowKick,HelpingHand,TripleAxel,Protect|Adamant||F|||50|]Froslass||Froslassite|SnowCloak|ShadowBall,Blizzard,Protect,WeatherBall|Modest||F|||50|]Floette-Eternal||Floettite|FlowerVeil|DazzlingGleam,Protect,LightofRuin,GigaDrain|Modest||F|||50|]Whimsicott||FocusSash|Prankster|Moonblast,Tailwind,Protect,SunnyDay|Timid||F|||50|]Meowstic-F||TwistedSpoon|Competitive|FakeOut,Protect,Yawn,Psychic|Timid||F|||50|]Starmie||LifeOrb|Illuminate|IceBeam,Scald,Protect,Thunderbolt|Timid|||||50|\n|\n|t:|1788313046\n|teamsize|p1|4\n|teamsize|p2|4\n|start\n|switch|p1a: Kingambit|Kingambit, L50, F|100/100\n|switch|p1b: Charizard|Charizard, L50, M|100/100\n|switch|p2a: Tsareena|Tsareena, L50, F, shiny|100/100\n|switch|p2b: Froslass|Froslass, L50, F, shiny|100/100\n|turn|1\n|\n|t:|1788313096\n|detailschange|p1b: Charizard|Charizard-Mega-Y, L50, M\n|-mega|p1b: Charizard|Charizard|Charizardite Y\n|-weather|SunnyDay|[from] ability: Drought|[of] p1b: Charizard\n|move|p2b: Froslass|Protect|p2b: Froslass\n|-singleturn|p2b: Froslass|Protect\n|move|p2a: Tsareena|Protect|p2a: Tsareena\n|-singleturn|p2a: Tsareena|Protect\n|move|p1b: Charizard|Weather Ball|p2a: Tsareena\n|-activate|p2a: Tsareena|move: Protect\n|move|p1a: Kingambit|Kowtow Cleave|p2b: Froslass\n|-activate|p2b: Froslass|move: Protect\n|\n|-weather|SunnyDay|[upkeep]\n|upkeep\n|turn|2\n|\n|t:|1788313132\n|switch|p1b: Garchomp|Garchomp, L50, M|100/100\n|detailschange|p2b: Froslass|Froslass-Mega, L50, F, shiny\n|-mega|p2b: Froslass|Froslass|Froslassite\n|-weather|Snowscape|[from] ability: Snow Warning|[of] p2b: Froslass\n|move|p2b: Froslass|Blizzard|p1b: Garchomp|[spread] p1a,p1b\n|-resisted|p1a: Kingambit|1\n|-supereffective|p1b: Garchomp|2\n|-damage|p1a: Kingambit|81/100\n|-damage|p1b: Garchomp|0 fnt\n|-status|p1a: Kingambit|frz\n|faint|p1b: Garchomp\n|move|p2a: Tsareena|Low Kick|p1a: Kingambit\n|-supereffective|p1a: Kingambit|2\n|-enditem|p1a: Kingambit|Chople Berry|[eat]\n|-enditem|p1a: Kingambit|Chople Berry|[weaken]\n|-damage|p1a: Kingambit|32/100 frz\n|cant|p1a: Kingambit|frz\n|\n|-weather|Snowscape|[upkeep]\n|upkeep\n|\n|t:|1788313148\n|switch|p1b: Charizard|Charizard-Mega-Y, L50, M|100/100\n|-weather|SunnyDay|[from] ability: Drought|[of] p1b: Charizard\n|turn|3\n|\n|t:|1788313165\n|switch|p2b: Starmie|Starmie, L50, shiny|100/100\n|switch|p1a: Whimsicott|Whimsicott, L50, M|100/100\n|move|p2a: Tsareena|Protect|p2a: Tsareena\n|-singleturn|p2a: Tsareena|Protect\n|move|p1b: Charizard|Heat Wave|p2b: Starmie|[spread] p2b\n|-activate|p2a: Tsareena|move: Protect\n|-resisted|p2b: Starmie|1\n|-damage|p2b: Starmie|54/100\n|-status|p2b: Starmie|brn\n|\n|-weather|SunnyDay|[upkeep]\n|-damage|p2b: Starmie|48/100 brn|[from] brn\n|upkeep\n|turn|4\n|\n|t:|1788313198\n|move|p1a: Whimsicott|Moonblast|p2b: Starmie\n|-damage|p2b: Starmie|0 fnt\n|faint|p2b: Starmie\n|move|p1b: Charizard|Heat Wave|p2a: Tsareena\n|-supereffective|p2a: Tsareena|1\n|-damage|p2a: Tsareena|0 fnt\n|faint|p2a: Tsareena\n|\n|-weather|SunnyDay|[upkeep]\n|upkeep\n|\n|t:|1788313201\n|switch|p2b: Froslass|Froslass-Mega, L50, F, shiny|100/100\n|switch|p2a: Whimsicott|Whimsicott, L50, F, shiny|100/100\n|-weather|Snowscape|[from] ability: Snow Warning|[of] p2b: Froslass\n|turn|5\n|\n|t:|1788313216\n|switch|p1b: Kingambit|Kingambit, L50, F|32/100 frz\n|move|p1a: Whimsicott|Protect|p1a: Whimsicott\n|-singleturn|p1a: Whimsicott|Protect\n|move|p2a: Whimsicott|Tailwind|p2a: Whimsicott\n|-sidestart|p2: maplescafe|move: Tailwind\n|move|p2b: Froslass|Blizzard|p1b: Kingambit|[spread] p1b\n|-activate|p1a: Whimsicott|move: Protect\n|-resisted|p1b: Kingambit|1\n|-damage|p1b: Kingambit|10/100 frz\n|\n|-weather|Snowscape|[upkeep]\n|upkeep\n|turn|6\n|\n|t:|1788313239\n|move|p1a: Whimsicott|Encore|p2a: Whimsicott\n|-start|p2a: Whimsicott|Encore\n|move|p2a: Whimsicott|Tailwind||[still]\n|-fail|p2a: Whimsicott\n|cant|p1b: Kingambit|frz\n|move|p2b: Froslass|Blizzard|p1b: Kingambit|[spread] p1a,p1b\n|-supereffective|p1a: Whimsicott|1\n|-resisted|p1b: Kingambit|1\n|-enditem|p1a: Whimsicott|Focus Sash\n|-damage|p1a: Whimsicott|1/100\n|-damage|p1b: Kingambit|0 fnt\n|faint|p1b: Kingambit\n|\n|-weather|Snowscape|[upkeep]\n|upkeep\n|\n|t:|1788313245\n|switch|p1b: Charizard|Charizard-Mega-Y, L50, M|100/100\n|-weather|SunnyDay|[from] ability: Drought|[of] p1b: Charizard\n|turn|7\n|\n|t:|1788313252\n|move|p2a: Whimsicott|Tailwind||[still]\n|-fail|p2a: Whimsicott\n|move|p1a: Whimsicott|Tailwind|p1a: Whimsicott\n|-sidestart|p1: smalltownkirlia|move: Tailwind\n|move|p2b: Froslass|Shadow Ball|p1b: Charizard\n|-damage|p1b: Charizard|61/100\n|move|p1b: Charizard|Weather Ball|p2b: Froslass\n|-supereffective|p2b: Froslass|1\n|-damage|p2b: Froslass|0 fnt\n|faint|p2b: Froslass\n|\n|-weather|SunnyDay|[upkeep]\n|upkeep\n|turn|8\n|-message|maplescafe forfeited.\n|\n|win|smalltownkirlia\n|raw|smalltownkirlia's rating: 1139 &rarr; <strong>1160</strong><br />(+21 for winning)\n|raw|maplescafe's rating: 1089 &rarr; <strong>1069</strong><br />(-20 for losing)\n|l|☆maplescafe\n|player|p2|\n","uploadtime":1788313289,"views":"8","formatid":"gen9championsvgc2026regmbbo3","rating":1069,"private":0,"password":null}