{"id":"gen9championsvgc2026regmbbo3-2674502926","format":"[Gen 9 Champions] VGC 2026 Reg M-B (Bo3)","players":["FatherPenguin","falafeeeel"],"log":"|j|☆FatherPenguin\n|j|☆falafeeeel\n|html|<table width=\"100%\"><tr><td align=\"left\">FatherPenguin</td><td align=\"right\">falafeeeel</tr><tr><td align=\"left\"><i class=\"fa fa-circle-o\"></i> <i class=\"fa fa-circle-o\"></i> </td><td align=\"right\"><i class=\"fa fa-circle-o\"></i> <i class=\"fa fa-circle\"></i> </tr></table>\n|uhtml|bestof|<h2><strong>Game 2</strong> of <a href=\"/game-bestof3-gen9championsvgc2026regmbbo3-2674499965\">a best-of-3</a></h2>\n|t:|1788367425\n|gametype|doubles\n|player|p1|FatherPenguin|acetrainersnow|1238\n|player|p2|falafeeeel|ghetsis|1308\n|gen|9\n|tier|[Gen 9 Champions] VGC 2026 Reg M-B (Bo3)\n|rated|\n|rule|Species Clause: Limit one of each Pokémon\n|rule|Item Clause: Limit 1 of each item\n|clearpoke\n|poke|p1|Sneasler, L50, M|\n|poke|p1|Blastoise, L50, M|\n|poke|p1|Kingambit, L50, M|\n|poke|p1|Incineroar, L50, M|\n|poke|p1|Delphox, L50, F|\n|poke|p1|Sinistcha, L50|\n|poke|p2|Dragonite, L50, F|\n|poke|p2|Scovillain, L50, M|\n|poke|p2|Tauros-Paldea-Aqua, L50, M|\n|poke|p2|Froslass, L50, F|\n|poke|p2|Glimmora, L50, F, shiny|\n|poke|p2|Scizor, L50, F, shiny|\n|teampreview|4\n|showteam|p1|Sneasler||FocusSash|PoisonTouch|PoisonJab,CloseCombat,FakeOut,QuickGuard|Jolly||M|||50|]Blastoise||Blastoisinite|RainDish|DarkPulse,WaterSpout,ShellSmash,Protect|Modest||M|||50|]Kingambit||LifeOrb|Defiant|KowtowCleave,SuckerPunch,SwordsDance,Protect|Adamant||M|||50|]Incineroar||SitrusBerry|Intimidate|FlareBlitz,ThroatChop,PartingShot,FakeOut|Careful||M|||50|]Delphox||Delphoxite|Blaze|HeatWave,NastyPlot,Psychic,Protect|Timid||F|||50|]Sinistcha||ColburBerry|Hospitality|MatchaGotcha,RagePowder,TrickRoom,Protect|Bold|||||50|\n|showteam|p2|Dragonite||DragonFang|InnerFocus|DragonClaw,ExtremeSpeed,DragonDance,Protect|Jolly||F|||50|]Scovillain||Scovillainite|Moody|RagePowder,Flamethrower,GigaDrain,Protect|Bold||M|||50|]Tauros-Paldea-Aqua||MysticWater|Intimidate|WaveCrash,CloseCombat,AquaJet,Protect|Adamant||M|||50|]Froslass||Froslassite|CursedBody|Blizzard,ShadowBall,AuroraVeil,Protect|Timid||F|||50|]Glimmora||FocusSash|ToxicDebris|PowerGem,SludgeBomb,EarthPower,SpikyShield|Timid||F|||50|]Scizor||LifeOrb|Technician|BulletPunch,BugBite,KnockOff,Protect|Adamant||F|||50|\n|inactive|Battle timer is ON: inactive players will automatically lose when time's up. (requested by falafeeeel)\n|inactive|FatherPenguin also wants the timer to be on.\n|\n|t:|1788367441\n|teamsize|p1|4\n|teamsize|p2|4\n|start\n|switch|p1a: Sneasler|Sneasler, L50, M|100/100\n|switch|p1b: Kingambit|Kingambit, L50, M|100/100\n|switch|p2a: Dragonite|Dragonite, L50, F|100/100\n|switch|p2b: Scovillain|Scovillain, L50, M|100/100\n|turn|1\n|\n|t:|1788367459\n|move|p2b: Scovillain|Protect|p2b: Scovillain\n|-singleturn|p2b: Scovillain|Protect\n|move|p1a: Sneasler|Poison Jab|p2a: Dragonite\n|-damage|p2a: Dragonite|59/100\n|-status|p2a: Dragonite|psn|[from] ability: Poison Touch|[of] p1a: Sneasler\n|move|p2a: Dragonite|Dragon Claw|p1a: Sneasler\n|-damage|p1a: Sneasler|21/100\n|move|p1b: Kingambit|Swords Dance|p1b: Kingambit\n|-boost|p1b: Kingambit|atk|2\n|\n|-damage|p2a: Dragonite|46/100 psn|[from] psn\n|-ability|p2b: Scovillain|Moody|boost\n|-boost|p2b: Scovillain|spd|2\n|-unboost|p2b: Scovillain|spa|1\n|upkeep\n|turn|2\n|\n|t:|1788367480\n|detailschange|p2b: Scovillain|Scovillain-Mega, L50, M\n|-mega|p2b: Scovillain|Scovillain|Scovillainite\n|move|p1a: Sneasler|Poison Jab|p2b: Scovillain\n|-supereffective|p2b: Scovillain|1\n|-damage|p2b: Scovillain|16/100\n|-status|p2b: Scovillain|psn\n|-status|p1a: Sneasler|brn|[from] ability: Spicy Spray|[of] p2b: Scovillain\n|move|p2a: Dragonite|Dragon Claw|p1a: Sneasler\n|-damage|p1a: Sneasler|0 fnt\n|faint|p1a: Sneasler\n|move|p2b: Scovillain|Flamethrower|p1b: Kingambit\n|-supereffective|p1b: Kingambit|1\n|-damage|p1b: Kingambit|41/100\n|move|p1b: Kingambit|Kowtow Cleave|p2a: Dragonite\n|-damage|p2a: Dragonite|0 fnt\n|faint|p2a: Dragonite\n|-damage|p1b: Kingambit|31/100|[from] item: Life Orb\n|\n|-damage|p2b: Scovillain|4/100 psn|[from] psn\n|upkeep\n|inactive|FatherPenguin has 30 seconds left.\n|\n|t:|1788367509\n|switch|p1a: Sinistcha|Sinistcha, L50|100/100\n|switch|p2a: Glimmora|Glimmora, L50, F, shiny|100/100\n|-heal|p1b: Kingambit|56/100|[from] ability: Hospitality|[of] p1a: Sinistcha\n|turn|3\n|\n|t:|1788367518\n|move|p1a: Sinistcha|Protect|p1a: Sinistcha\n|-singleturn|p1a: Sinistcha|Protect\n|move|p1b: Kingambit|Protect|p1b: Kingambit\n|-singleturn|p1b: Kingambit|Protect\n|move|p2a: Glimmora|Sludge Bomb|p1a: Sinistcha\n|-activate|p1a: Sinistcha|move: Protect\n|move|p2b: Scovillain|Flamethrower|p1a: Sinistcha\n|-activate|p1a: Sinistcha|move: Protect\n|\n|-damage|p2b: Scovillain|0 fnt|[from] psn\n|faint|p2b: Scovillain\n|upkeep\n|\n|t:|1788367522\n|switch|p2b: Tauros|Tauros-Paldea-Aqua, L50, M|100/100\n|-ability|p2b: Tauros|Intimidate|boost\n|-unboost|p1a: Sinistcha|atk|1\n|-unboost|p1b: Kingambit|atk|1\n|-ability|p1b: Kingambit|Defiant|boost\n|-boost|p1b: Kingambit|atk|2\n|turn|4\n|inactive|FatherPenguin has 30 seconds left.\n|\n|t:|1788367550\n|move|p2b: Tauros|Protect|p2b: Tauros\n|-singleturn|p2b: Tauros|Protect\n|move|p1b: Kingambit|Sucker Punch||[still]\n|-fail|p1b: Kingambit\n|move|p2a: Glimmora|Sludge Bomb|p1a: Sinistcha\n|-damage|p1a: Sinistcha|55/100\n|-status|p1a: Sinistcha|psn\n|move|p1a: Sinistcha|Matcha Gotcha|p2b: Tauros|[spread] p2a\n|-activate|p2b: Tauros|move: Protect\n|-damage|p2a: Glimmora|69/100\n|-heal|p1a: Sinistcha|69/100 psn|[from] drain|[of] p2a: Glimmora\n|\n|-damage|p1a: Sinistcha|57/100 psn|[from] psn\n|upkeep\n|turn|5\n|inactive|FatherPenguin has 30 seconds left.\n|inactive|FatherPenguin has 20 seconds left.\n|\n|t:|1788367589\n|move|p2a: Glimmora|Spiky Shield|p2a: Glimmora\n|-singleturn|p2a: Glimmora|move: Protect\n|move|p1a: Sinistcha|Rage Powder|p1a: Sinistcha\n|-singleturn|p1a: Sinistcha|move: Rage Powder\n|move|p2b: Tauros|Close Combat|p1a: Sinistcha\n|-immune|p1a: Sinistcha\n|move|p1b: Kingambit|Kowtow Cleave|p2b: Tauros\n|-resisted|p2b: Tauros|1\n|-damage|p2b: Tauros|23/100\n|-damage|p1b: Kingambit|46/100|[from] item: Life Orb\n|\n|-damage|p1a: Sinistcha|44/100 psn|[from] psn\n|upkeep\n|turn|6\n|\n|t:|1788367610\n|move|p2a: Glimmora|Spiky Shield|p2a: Glimmora\n|-singleturn|p2a: Glimmora|move: Protect\n|move|p1a: Sinistcha|Protect|p1a: Sinistcha\n|-singleturn|p1a: Sinistcha|Protect\n|move|p1b: Kingambit|Sucker Punch||[still]\n|-fail|p1b: Kingambit\n|move|p2b: Tauros|Wave Crash|p1b: Kingambit\n|-damage|p1b: Kingambit|0 fnt\n|faint|p1b: Kingambit\n|-damage|p2b: Tauros|4/100|[from] Recoil\n|\n|-damage|p1a: Sinistcha|32/100 psn|[from] psn\n|upkeep\n|\n|t:|1788367622\n|switch|p1b: Delphox|Delphox, L50, F|100/100\n|turn|7\n|\n|t:|1788367636\n|detailschange|p1b: Delphox|Delphox-Mega, L50, F\n|-mega|p1b: Delphox|Delphox|Delphoxite\n|move|p2b: Tauros|Protect|p2b: Tauros\n|-singleturn|p2b: Tauros|Protect\n|move|p1a: Sinistcha|Rage Powder|p1a: Sinistcha\n|-singleturn|p1a: Sinistcha|move: Rage Powder\n|move|p1b: Delphox|Psychic|p2a: Glimmora\n|-supereffective|p2a: Glimmora|1\n|-damage|p2a: Glimmora|0 fnt\n|faint|p2a: Glimmora\n|\n|-damage|p1a: Sinistcha|20/100y psn|[from] psn\n|upkeep\n|turn|8\n|\n|t:|1788367649\n|move|p1a: Sinistcha|Rage Powder|p1a: Sinistcha\n|-singleturn|p1a: Sinistcha|move: Rage Powder\n|move|p2b: Tauros|Aqua Jet|p1a: Sinistcha\n|-resisted|p1a: Sinistcha|1\n|-damage|p1a: Sinistcha|11/100 psn\n|move|p1b: Delphox|Psychic|p2b: Tauros\n|-supereffective|p2b: Tauros|1\n|-damage|p2b: Tauros|0 fnt\n|faint|p2b: Tauros\n|\n|win|FatherPenguin\n||falafeeeel is ready for game 3.\n","uploadtime":1788367659,"views":"1","formatid":"gen9championsvgc2026regmbbo3","rating":null,"private":0,"password":null}