{"id":"gen9championsvgc2026regmb-2674892425","format":"[Gen 9 Champions] VGC 2026 Reg M-B","players":["bobbybonus","Ivarthe2ndballon"],"log":"|j|☆bobbybonus\n|j|☆Ivarthe2ndballon\n|t:|1788430599\n|gametype|doubles\n|player|p1|bobbybonus|102|1152\n|player|p2|Ivarthe2ndballon|gentleman-gen4dp|1175\n|gen|9\n|tier|[Gen 9 Champions] VGC 2026 Reg M-B\n|rated|\n|rule|Species Clause: Limit one of each Pokémon\n|rule|Item Clause: Limit 1 of each item\n|clearpoke\n|poke|p1|Sneasler, L50, M|\n|poke|p1|Starmie, L50|\n|poke|p1|Sinistcha, L50|\n|poke|p1|Politoed, L50, F|\n|poke|p1|Kingambit, L50, M|\n|poke|p1|Garchomp, L50, M|\n|poke|p2|Garchomp, L50, M|\n|poke|p2|Froslass, L50, F|\n|poke|p2|Farigiraf, L50, M|\n|poke|p2|Crabominable, L50, M|\n|poke|p2|Aerodactyl, L50, F|\n|poke|p2|Sneasler, L50, M|\n|teampreview|4\n|\n|t:|1788430635\n|teamsize|p1|4\n|teamsize|p2|4\n|start\n|switch|p1a: Kingambit|Kingambit, L50, M|100/100\n|switch|p1b: Sinistcha|Sinistcha, L50|100/100\n|switch|p2a: Farigiraf|Farigiraf, L50, M|100/100\n|switch|p2b: Froslass|Froslass, L50, F|100/100\n|turn|1\n|\n|t:|1788430663\n|switch|p2a: Sneasler|Sneasler, L50, M|100/100\n|move|p2b: Froslass|Protect|p2b: Froslass\n|-singleturn|p2b: Froslass|Protect\n|move|p1b: Sinistcha|Matcha Gotcha|p2b: Froslass|[spread] p2a\n|-activate|p2b: Froslass|move: Protect\n|-resisted|p2a: Sneasler|1\n|-damage|p2a: Sneasler|84/100\n|-status|p2a: Sneasler|brn\n|move|p1a: Kingambit|Iron Head|p2b: Froslass\n|-activate|p2b: Froslass|move: Protect\n|\n|-damage|p2a: Sneasler|78/100 brn|[from] brn\n|upkeep\n|turn|2\n|\n|t:|1788430685\n|detailschange|p2b: Froslass|Froslass-Mega, L50, F\n|-mega|p2b: Froslass|Froslass|Froslassite\n|-weather|Snowscape|[from] ability: Snow Warning|[of] p2b: Froslass\n|move|p2a: Sneasler|Fake Out|p1a: Kingambit\n|-resisted|p1a: Kingambit|1\n|-damage|p1a: Kingambit|97/100\n|move|p1b: Sinistcha|Rage Powder|p1b: Sinistcha\n|-singleturn|p1b: Sinistcha|move: Rage Powder\n|move|p2b: Froslass|Aurora Veil|p2b: Froslass\n|-sidestart|p2: Ivarthe2ndballon|move: Aurora Veil\n|cant|p1a: Kingambit|flinch\n|\n|-weather|Snowscape|[upkeep]\n|-damage|p2a: Sneasler|73/100 brn|[from] brn\n|upkeep\n|turn|3\n|\n|t:|1788430694\n|move|p1b: Sinistcha|Rage Powder|p1b: Sinistcha\n|-singleturn|p1b: Sinistcha|move: Rage Powder\n|move|p1a: Kingambit|Sucker Punch|p2b: Froslass\n|-supereffective|p2b: Froslass|1\n|-damage|p2b: Froslass|44/100\n|move|p2b: Froslass|Blizzard|p1a: Kingambit|[spread] p1a,p1b\n|-resisted|p1a: Kingambit|1\n|-supereffective|p1b: Sinistcha|1\n|-damage|p1a: Kingambit|73/100\n|-damage|p1b: Sinistcha|0 fnt\n|faint|p1b: Sinistcha\n|move|p2a: Sneasler|Dire Claw|p1a: Kingambit\n|-immune|p1a: Kingambit\n|\n|-weather|Snowscape|[upkeep]\n|-damage|p2a: Sneasler|67/100 brn|[from] brn\n|upkeep\n|\n|t:|1788430708\n|switch|p1b: Sneasler|Sneasler, L50, M|100/100\n|turn|4\n|\n|t:|1788430718\n|move|p2b: Froslass|Protect|p2b: Froslass\n|-singleturn|p2b: Froslass|Protect\n|move|p1b: Sneasler|Coaching|p1a: Kingambit\n|-boost|p1a: Kingambit|atk|1\n|-boost|p1a: Kingambit|def|1\n|move|p2a: Sneasler|Close Combat|p1a: Kingambit\n|-supereffective|p1a: Kingambit|2\n|-enditem|p1a: Kingambit|Chople Berry|[eat]\n|-enditem|p1a: Kingambit|Chople Berry|[weaken]\n|-damage|p1a: Kingambit|41/100\n|-unboost|p2a: Sneasler|def|1\n|-unboost|p2a: Sneasler|spd|1\n|-enditem|p2a: Sneasler|White Herb\n|-clearnegativeboost|p2a: Sneasler|[silent]\n|move|p1a: Kingambit|Iron Head|p2b: Froslass\n|-activate|p2b: Froslass|move: Protect\n|\n|-weather|Snowscape|[upkeep]\n|-damage|p2a: Sneasler|61/100 brn|[from] brn\n|upkeep\n|turn|5\n|\n|t:|1788430739\n|switch|p2a: Farigiraf|Farigiraf, L50, M|100/100\n|switch|p1b: Garchomp|Garchomp, L50, M|100/100\n|move|p1a: Kingambit|Sucker Punch||[still]\n|cant|p2a: Farigiraf|ability: Armor Tail|Sucker Punch|[of] p1a: Kingambit\n|move|p2b: Froslass|Blizzard|p1b: Garchomp|[spread] p1a,p1b\n|-resisted|p1a: Kingambit|1\n|-supereffective|p1b: Garchomp|2\n|-damage|p1a: Kingambit|20/100y\n|-damage|p1b: Garchomp|0 fnt\n|faint|p1b: Garchomp\n|\n|-weather|Snowscape|[upkeep]\n|upkeep\n|\n|t:|1788430741\n|switch|p1b: Sneasler|Sneasler, L50, M|100/100\n|turn|6\n|\n|t:|1788430764\n|move|p1b: Sneasler|Dire Claw|p2a: Farigiraf\n|-damage|p2a: Farigiraf|70/100\n|move|p2b: Froslass|Blizzard|p1b: Sneasler|[spread] p1a,p1b\n|-resisted|p1a: Kingambit|1\n|-crit|p1b: Sneasler\n|-damage|p1a: Kingambit|0 fnt\n|-damage|p1b: Sneasler|9/100\n|faint|p1a: Kingambit\n|move|p2a: Farigiraf|Psychic|p1b: Sneasler\n|-supereffective|p1b: Sneasler|2\n|-damage|p1b: Sneasler|0 fnt\n|faint|p1b: Sneasler\n|\n|win|Ivarthe2ndballon\n|raw|bobbybonus's rating: 1152 &rarr; <strong>1129</strong><br />(-23 for losing)\n|raw|Ivarthe2ndballon's rating: 1175 &rarr; <strong>1198</strong><br />(+23 for winning)\n|l|☆bobbybonus\n|player|p1|\n","uploadtime":1788430775,"views":"1","formatid":"gen9championsvgc2026regmb","rating":1129,"private":0,"password":null}