{"id":"gen9championsvgc2026regmb-2674818005","format":"[Gen 9 Champions] VGC 2026 Reg M-B","players":["BastixHang","2daygon"],"log":"|j|☆BastixHang\n|j|☆2daygon\n|t:|1788413077\n|gametype|doubles\n|player|p1|BastixHang|volkner|1447\n|player|p2|2daygon|169|1456\n|gen|9\n|tier|[Gen 9 Champions] VGC 2026 Reg M-B\n|rated|\n|rule|Species Clause: Limit one of each Pokémon\n|rule|Item Clause: Limit 1 of each item\n|clearpoke\n|poke|p1|Charizard, L50, F, shiny|\n|poke|p1|Aerodactyl, L50, M|\n|poke|p1|Farigiraf, L50, F|\n|poke|p1|Garchomp, L50, M|\n|poke|p1|Sylveon, L50, F, shiny|\n|poke|p1|Kingambit, L50, M|\n|poke|p2|Charizard, L50, M|\n|poke|p2|Garchomp, L50, M|\n|poke|p2|Floette-Eternal, L50, F|\n|poke|p2|Whimsicott, L50, F|\n|poke|p2|Kingambit, L50, F|\n|poke|p2|Basculegion, L50, M|\n|teampreview|4\n|inactive|Battle timer is ON: inactive players will automatically lose when time's up. (requested by 2daygon)\n|inactive|BastixHang has 60 seconds left.\n|\n|t:|1788413137\n|teamsize|p1|4\n|teamsize|p2|4\n|start\n|switch|p1a: Aerodactyl|Aerodactyl, L50, M|100/100\n|switch|p1b: Garchomp|Garchomp, L50, M|100/100\n|switch|p2a: Charizard|Charizard, L50, M|100/100\n|switch|p2b: Garchomp|Garchomp, L50, M|100/100\n|-ability|p1a: Aerodactyl|Pressure\n|turn|1\n|inactive|BastixHang has 30 seconds left.\n|inactive|BastixHang has 20 seconds left.\n|inactive|BastixHang has 15 seconds left.\n|inactive|BastixHang has 10 seconds left.\n|\n|t:|1788413184\n|detailschange|p1a: Aerodactyl|Aerodactyl-Mega, L50, M\n|-mega|p1a: Aerodactyl|Aerodactyl|Aerodactylite\n|move|p2a: Charizard|Protect|p2a: Charizard\n|-singleturn|p2a: Charizard|Protect\n|move|p1a: Aerodactyl|Ice Fang|p2b: Garchomp\n|-supereffective|p2b: Garchomp|2\n|-damage|p2b: Garchomp|0 fnt\n|-damage|p1a: Aerodactyl|87/100|[from] ability: Rough Skin|[of] p2b: Garchomp\n|faint|p2b: Garchomp\n|move|p1b: Garchomp|Rock Slide|p2a: Charizard\n|-activate|p2a: Charizard|move: Protect\n|\n|upkeep\n|\n|t:|1788413197\n|switch|p2b: Whimsicott|Whimsicott, L50, F|100/100\n|turn|2\n|\n|t:|1788413208\n|switch|p2a: Kingambit|Kingambit, L50, F|100/100\n|move|p1a: Aerodactyl|Dual Wingbeat|p2b: Whimsicott|[miss]\n|-miss|p1a: Aerodactyl|p2b: Whimsicott\n|move|p2b: Whimsicott|Moonblast|p1b: Garchomp\n|-supereffective|p1b: Garchomp|1\n|-damage|p1b: Garchomp|17/100\n|move|p1b: Garchomp|Rock Slide|p2b: Whimsicott|[spread] p2a,p2b\n|-resisted|p2a: Kingambit|1\n|-crit|p2b: Whimsicott\n|-damage|p2a: Kingambit|89/100\n|-damage|p2b: Whimsicott|45/100\n|-damage|p1b: Garchomp|8/100|[from] item: Life Orb\n|\n|upkeep\n|turn|3\n|\n|t:|1788413227\n|move|p2b: Whimsicott|Tailwind|p2b: Whimsicott\n|-sidestart|p2: 2daygon|move: Tailwind\n|move|p2a: Kingambit|Sucker Punch|p1b: Garchomp\n|-damage|p1b: Garchomp|0 fnt\n|-damage|p2a: Kingambit|77/100|[from] ability: Rough Skin|[of] p1b: Garchomp\n|faint|p1b: Garchomp\n|move|p1a: Aerodactyl|Dual Wingbeat|p2b: Whimsicott\n|-supereffective|p2b: Whimsicott|1\n|-damage|p2b: Whimsicott|0 fnt\n|faint|p2b: Whimsicott\n|-hitcount|p2: Whimsicott|1\n|\n|upkeep\n|\n|t:|1788413238\n|switch|p2b: Charizard|Charizard, L50, M|100/100\n|switch|p1b: Kingambit|Kingambit, L50, M|100/100\n|turn|4\n|inactive|BastixHang has 30 seconds left.\n|inactive|BastixHang has 20 seconds left.\n|\n|t:|1788413273\n|detailschange|p2b: Charizard|Charizard-Mega-Y, L50, M\n|-mega|p2b: Charizard|Charizard|Charizardite Y\n|-weather|SunnyDay|[from] ability: Drought|[of] p2b: Charizard\n|move|p2b: Charizard|Ancient Power|p1a: Aerodactyl\n|-supereffective|p1a: Aerodactyl|1\n|-damage|p1a: Aerodactyl|26/100\n|move|p1a: Aerodactyl|Rock Slide|p2b: Charizard|[spread] p2b\n|-miss|p1a: Aerodactyl|p2a: Kingambit\n|-supereffective|p2b: Charizard|2\n|-damage|p2b: Charizard|0 fnt\n|faint|p2b: Charizard\n|move|p2a: Kingambit|Low Kick|p1b: Kingambit\n|-supereffective|p1b: Kingambit|2\n|-enditem|p1b: Kingambit|Focus Sash\n|-damage|p1b: Kingambit|1/100\n|move|p1b: Kingambit|Low Kick|p2a: Kingambit\n|-supereffective|p2a: Kingambit|2\n|-enditem|p2a: Kingambit|Chople Berry|[eat]\n|-enditem|p2a: Kingambit|Chople Berry|[weaken]\n|-damage|p2a: Kingambit|21/100\n|\n|-weather|SunnyDay|[upkeep]\n|upkeep\n|turn|5\n|c|☆BastixHang|gg\n|inactive|BastixHang has 30 seconds left.\n|\n|t:|1788413298\n|move|p2a: Kingambit|Sucker Punch|p1a: Aerodactyl\n|-damage|p1a: Aerodactyl|0 fnt\n|faint|p1a: Aerodactyl\n|move|p1b: Kingambit|Sucker Punch||[still]\n|-fail|p1b: Kingambit\n|\n|-weather|SunnyDay|[upkeep]\n|upkeep\n|\n|t:|1788413303\n|switch|p1a: Sylveon|Sylveon, L50, F, shiny|100/100\n|turn|6\n|\n|t:|1788413312\n|move|p1a: Sylveon|Protect|p1a: Sylveon\n|-singleturn|p1a: Sylveon|Protect\n|move|p2a: Kingambit|Sucker Punch|p1b: Kingambit\n|-resisted|p1b: Kingambit|1\n|-damage|p1b: Kingambit|0 fnt\n|faint|p1b: Kingambit\n|\n|-weather|SunnyDay|[upkeep]\n|-sideend|p2: 2daygon|move: Tailwind\n|upkeep\n|turn|7\n|\n|t:|1788413320\n|move|p1a: Sylveon|Hyper Beam|p2a: Kingambit\n|-damage|p2a: Kingambit|0 fnt\n|-mustrecharge|p1a: Sylveon\n|faint|p2a: Kingambit\n|\n|win|BastixHang\n|raw|BastixHang's rating: 1447 &rarr; <strong>1468</strong><br />(+21 for winning)\n|raw|2daygon's rating: 1456 &rarr; <strong>1435</strong><br />(-21 for losing)\n|l|☆BastixHang\n|player|p1|\n","uploadtime":1788413327,"views":"0","formatid":"gen9championsvgc2026regmb","rating":1435,"private":0,"password":null}