{"id":"gen9championsvgc2026regmb-2673860247","format":"[Gen 9 Champions] VGC 2026 Reg M-B","players":["Thornlace48812","WeHateJustinRPG"],"log":"|j|☆Thornlace48812\n|j|☆WeHateJustinRPG\n|t:|1788269734\n|gametype|doubles\n|player|p1|Thornlace48812|102|1071\n|player|p2|WeHateJustinRPG|unknown|1008\n|gen|9\n|tier|[Gen 9 Champions] VGC 2026 Reg M-B\n|rated|\n|rule|Species Clause: Limit one of each Pokémon\n|rule|Item Clause: Limit 1 of each item\n|clearpoke\n|poke|p1|Garchomp, L50, F|\n|poke|p1|Charizard, L50, F|\n|poke|p1|Whimsicott, L50, F|\n|poke|p1|Sylveon, L50, M|\n|poke|p1|Kingambit, L50, F|\n|poke|p1|Basculegion, L50, M|\n|poke|p2|Vaporeon, L50, M|\n|poke|p2|Sylveon, L50, F|\n|poke|p2|Leafeon, L50, M|\n|poke|p2|Flareon, L50, M|\n|poke|p2|Espeon, L50, F|\n|poke|p2|Umbreon, L50, M, shiny|\n|teampreview|4\n|inactive|Battle timer is ON: inactive players will automatically lose when time's up. (requested by Thornlace48812)\nThornlace48812 rejected open team sheets.\n|\n|t:|1788269761\n|teamsize|p1|4\n|teamsize|p2|4\n|start\n|switch|p1a: Basculegion|Basculegion, L50, M|100/100\n|switch|p1b: Sylveon|Sylveon, L50, M|100/100\n|switch|p2a: Rachel|Espeon, L50, F|100/100\n|switch|p2b: Takeda|Flareon, L50, M|100/100\n|turn|1\n|\n|t:|1788269776\n|move|p1a: Basculegion|Protect|p1a: Basculegion\n|-singleturn|p1a: Basculegion|Protect\n|move|p2b: Takeda|Protect|p2b: Takeda\n|-singleturn|p2b: Takeda|Protect\n|move|p1b: Sylveon|Hyper Voice|p2a: Rachel|[spread] p2a\n|-activate|p2b: Takeda|move: Protect\n|-damage|p2a: Rachel|43/100\n|move|p2a: Rachel|Trick Room|p2a: Rachel\n|-fieldstart|move: Trick Room|[of] p2a: Rachel\n|\n|upkeep\n|turn|2\n|\n|t:|1788269795\n|move|p2b: Takeda|Flare Blitz|p1b: Sylveon\n|-damage|p1b: Sylveon|9/100\n|-damage|p2b: Takeda|60/100|[from] Recoil\n|move|p1b: Sylveon|Hyper Voice|p2b: Takeda|[spread] p2a,p2b\n|-resisted|p2b: Takeda|1\n|-damage|p2a: Rachel|0 fnt\n|-damage|p2b: Takeda|30/100\n|faint|p2a: Rachel\n|move|p1a: Basculegion|Last Respects|p2b: Takeda\n|-damage|p2b: Takeda|0 fnt\n|faint|p2b: Takeda\n|\n|upkeep\n|\n|t:|1788269806\n|switch|p2b: Jason Voorhees|Vaporeon, L50, M|100/100\n|switch|p2a: Seraphina|Sylveon, L50, F|100/100\n|turn|3\n|\n|t:|1788269825\n|move|p2a: Seraphina|Protect|p2a: Seraphina\n|-singleturn|p2a: Seraphina|Protect\n|move|p1a: Basculegion|Protect|p1a: Basculegion\n|-singleturn|p1a: Basculegion|Protect\n|move|p2b: Jason Voorhees|Ice Beam|p1b: Sylveon\n|-damage|p1b: Sylveon|0 fnt\n|faint|p1b: Sylveon\n|\n|upkeep\n|\n|t:|1788269827\n|switch|p1b: Garchomp|Garchomp, L50, F|100/100\n|turn|4\n|\n|t:|1788269839\n|move|p2a: Seraphina|Hyper Voice|p1b: Garchomp|[spread] p1a,p1b\n|-supereffective|p1b: Garchomp|1\n|-damage|p1a: Basculegion|62/100\n|-damage|p1b: Garchomp|12/100\n|move|p2b: Jason Voorhees|Acid Armor|p2b: Jason Voorhees\n|-boost|p2b: Jason Voorhees|def|2\n|move|p1a: Basculegion|Last Respects|p2a: Seraphina\n|-damage|p2a: Seraphina|3/100\n|move|p1b: Garchomp|Earthquake|p2a: Seraphina|[spread] p1a,p2a,p2b\n|-damage|p1a: Basculegion|0 fnt\n|-damage|p2a: Seraphina|0 fnt\n|-damage|p2b: Jason Voorhees|66/100\n|faint|p1a: Basculegion\n|faint|p2a: Seraphina\n|-damage|p1b: Garchomp|2/100|[from] item: Life Orb\n|\n|-heal|p2b: Jason Voorhees|72/100|[from] item: Leftovers\n|upkeep\n|\n|t:|1788269840\n|switch|p1a: Charizard|Charizard, L50, F|100/100\n|turn|5\n|\n|t:|1788269860\n|detailschange|p1a: Charizard|Charizard-Mega-Y, L50, F\n|-mega|p1a: Charizard|Charizard|Charizardite Y\n|-weather|SunnyDay|[from] ability: Drought|[of] p1a: Charizard\n|move|p2b: Jason Voorhees|Scald|p1a: Charizard\n|-supereffective|p1a: Charizard|1\n|-crit|p1a: Charizard\n|-damage|p1a: Charizard|57/100\n|move|p1a: Charizard|Ancient Power|p2b: Jason Voorhees\n|-damage|p2b: Jason Voorhees|51/100\n|move|p1b: Garchomp|Dragon Claw|p2b: Jason Voorhees\n|-damage|p2b: Jason Voorhees|17/100\n|-damage|p1b: Garchomp|0 fnt|[from] item: Life Orb\n|faint|p1b: Garchomp\n|\n|-weather|SunnyDay|[upkeep]\n|-heal|p2b: Jason Voorhees|23/100|[from] item: Leftovers\n|-fieldend|move: Trick Room\n|upkeep\n|turn|6\n|\n|t:|1788269876\n|move|p2b: Jason Voorhees|Protect|p2b: Jason Voorhees\n|-singleturn|p2b: Jason Voorhees|Protect\n|move|p1a: Charizard|Heat Wave|p2b: Jason Voorhees\n|-activate|p2b: Jason Voorhees|move: Protect\n|\n|-weather|SunnyDay|[upkeep]\n|-heal|p2b: Jason Voorhees|29/100|[from] item: Leftovers\n|upkeep\n|turn|7\n|\n|t:|1788269883\n|move|p1a: Charizard|Heat Wave|p2b: Jason Voorhees\n|-resisted|p2b: Jason Voorhees|1\n|-damage|p2b: Jason Voorhees|0 fnt\n|faint|p2b: Jason Voorhees\n|\n|win|Thornlace48812\n|raw|Thornlace48812's rating: 1094 &rarr; <strong>1114</strong><br />(+20 for winning)\n|raw|WeHateJustinRPG's rating: 1008 &rarr; <strong>1000</strong><br />(-8 for losing)\n","uploadtime":1788269883,"views":"5","formatid":"gen9championsvgc2026regmb","rating":1000,"private":0,"password":null}