{"id":"gen9championsvgc2026regmbbo3-2674683532","format":"[Gen 9 Champions] VGC 2026 Reg M-B (Bo3)","players":["jeanryupr","cookingorcooked2"],"log":"|j|☆jeanryupr\n|j|☆cookingorcooked2\n|html|<table width=\"100%\"><tr><td align=\"left\">jeanryupr</td><td align=\"right\">cookingorcooked2</tr><tr><td align=\"left\"><i class=\"fa fa-circle\"></i> <i class=\"fa fa-circle-o\"></i> </td><td align=\"right\"><i class=\"fa fa-circle-o\"></i> <i class=\"fa fa-circle\"></i> </tr></table>\n|uhtml|bestof|<h2><strong>Game 3</strong> of <a href=\"/game-bestof3-gen9championsvgc2026regmbbo3-2674681646\">a best-of-3</a></h2>\n|t:|1788390006\n|gametype|doubles\n|player|p1|jeanryupr|2|1234\n|player|p2|cookingorcooked2|1|1369\n|gen|9\n|tier|[Gen 9 Champions] VGC 2026 Reg M-B (Bo3)\n|rated|\n|rule|Species Clause: Limit one of each Pokémon\n|rule|Item Clause: Limit 1 of each item\n|clearpoke\n|poke|p1|Scovillain, L50, F, shiny|\n|poke|p1|Basculegion, L50, M|\n|poke|p1|Kingambit, L50, F|\n|poke|p1|Sneasler, L50, M|\n|poke|p1|Lycanroc-Dusk, L50, M|\n|poke|p1|Froslass, L50, F|\n|poke|p2|Staraptor, L50, F|\n|poke|p2|Whimsicott, L50, M|\n|poke|p2|Basculegion, L50, M|\n|poke|p2|Delphox, L50, F|\n|poke|p2|Tsareena, L50, F|\n|poke|p2|Garchomp, L50, F|\n|teampreview|4\n|showteam|p1|Scovillain||Scovillainite|Moody|GigaDrain,Overheat,RagePowder,Protect|Bold||F|||50|]Basculegion||LifeOrb|Adaptability|WaveCrash,LastRespects,AquaJet,Protect|Adamant||M|||50|]Kingambit||BlackGlasses|Defiant|KowtowCleave,SuckerPunch,SwordsDance,Protect|Adamant||F|||50|]Sneasler||WhiteHerb|Unburden|CloseCombat,DireClaw,Protect,FakeOut|Adamant||M|||50|]Lycanroc-Dusk||FocusSash|ToughClaws|CloseCombat,Accelerock,RockSlide,Protect|Adamant||M|||50|]Froslass||Froslassite|CursedBody|Blizzard,ShadowBall,AuroraVeil,Protect|Timid||F|||50|\n|showteam|p2|Staraptor||Staraptite|Intimidate|CloseCombat,BraveBird,Roost,Protect|Jolly||F|||50|]Whimsicott||MentalHerb|Prankster|Moonblast,Tailwind,Charm,Encore|Timid||M|||50|]Basculegion||LifeOrb|Adaptability|LastRespects,WaveCrash,AquaJet,Protect|Jolly||M|||50|]Delphox||Delphoxite|Blaze|HeatWave,Substitute,Psychic,Protect|Timid||F|||50|]Tsareena||FocusSash|QueenlyMajesty|PowerWhip,TripleAxel,LowKick,Protect|Jolly||F|||50|]Garchomp||SitrusBerry|RoughSkin|DragonClaw,Earthquake,RockSlide,Protect|Jolly||F|||50|\n|\n|t:|1788390025\n|teamsize|p1|4\n|teamsize|p2|4\n|start\n|switch|p1a: Basculegion|Basculegion, L50, M|100/100\n|switch|p1b: Scovillain|Scovillain, L50, F, shiny|100/100\n|switch|p2a: Delphox|Delphox, L50, F|100/100\n|switch|p2b: Basculegion|Basculegion, L50, M|100/100\n|turn|1\n|\n|t:|1788390044\n|detailschange|p2a: Delphox|Delphox-Mega, L50, F\n|-mega|p2a: Delphox|Delphox|Delphoxite\n|move|p1b: Scovillain|Protect|p1b: Scovillain\n|-singleturn|p1b: Scovillain|Protect\n|move|p2a: Delphox|Heat Wave|p1a: Basculegion|[spread] p1a\n|-activate|p1b: Scovillain|move: Protect\n|-resisted|p1a: Basculegion|1\n|-damage|p1a: Basculegion|78/100\n|move|p2b: Basculegion|Last Respects|p1a: Basculegion\n|-supereffective|p1a: Basculegion|1\n|-damage|p1a: Basculegion|0 fnt\n|faint|p1a: Basculegion\n|-damage|p2b: Basculegion|90/100|[from] item: Life Orb\n|\n|-ability|p1b: Scovillain|Moody|boost\n|-boost|p1b: Scovillain|spd|2\n|-unboost|p1b: Scovillain|atk|1\n|upkeep\n|\n|t:|1788390057\n|switch|p1a: Lycanroc|Lycanroc-Dusk, L50, M|100/100\n|turn|2\n|\n|t:|1788390067\n|detailschange|p1b: Scovillain|Scovillain-Mega, L50, F, shiny\n|-mega|p1b: Scovillain|Scovillain|Scovillainite\n|move|p2a: Delphox|Heat Wave|p1b: Scovillain|[spread] p1a,p1b\n|-resisted|p1a: Lycanroc|1\n|-damage|p1a: Lycanroc|70/100\n|-damage|p1b: Scovillain|80/100\n|move|p1a: Lycanroc|Rock Slide|p2a: Delphox|[spread] p2a,p2b\n|-supereffective|p2a: Delphox|1\n|-damage|p2a: Delphox|29/100\n|-damage|p2b: Basculegion|55/100\n|cant|p2b: Basculegion|flinch\n|move|p1b: Scovillain|Giga Drain|p2b: Basculegion\n|-supereffective|p2b: Basculegion|1\n|-damage|p2b: Basculegion|0 fnt\n|-heal|p1b: Scovillain|100/100|[from] drain|[of] p2b: Basculegion\n|faint|p2b: Basculegion\n|\n|upkeep\n|c|☆cookingorcooked2|like genuinely what the fuck am I playing\n|\n|t:|1788390083\n|switch|p2b: Garchomp|Garchomp, L50, F|100/100\n|turn|3\n|\n|t:|1788390090\n|move|p2b: Garchomp|Protect|p2b: Garchomp\n|-singleturn|p2b: Garchomp|Protect\n|move|p1a: Lycanroc|Protect|p1a: Lycanroc\n|-singleturn|p1a: Lycanroc|Protect\n|move|p2a: Delphox|Substitute|p2a: Delphox\n|-start|p2a: Delphox|Substitute\n|-damage|p2a: Delphox|5/100\n|move|p1b: Scovillain|Giga Drain|p2b: Garchomp\n|-activate|p2b: Garchomp|move: Protect\n|\n|upkeep\n|turn|4\n|\n|t:|1788390107\n|switch|p1a: Kingambit|Kingambit, L50, F|100/100\n|move|p2a: Delphox|Protect|p2a: Delphox\n|-singleturn|p2a: Delphox|Protect\n|move|p2b: Garchomp|Earthquake|p1a: Kingambit|[spread] p1a,p1b\n|-activate|p2a: Delphox|move: Protect\n|-supereffective|p1a: Kingambit|1\n|-damage|p1a: Kingambit|49/100\n|-damage|p1b: Scovillain|66/100\n|-status|p2b: Garchomp|brn|[from] ability: Spicy Spray|[of] p1b: Scovillain\n|move|p1b: Scovillain|Giga Drain|p2b: Garchomp\n|-damage|p2b: Garchomp|64/100 brn\n|-heal|p1b: Scovillain|88/100|[from] drain|[of] p2b: Garchomp\n|\n|-damage|p2b: Garchomp|58/100 brn|[from] brn\n|upkeep\n|turn|5\n|\n|t:|1788390140\n|switch|p2b: Tsareena|Tsareena, L50, F|100/100\n|move|p2a: Delphox|Heat Wave|p1b: Scovillain|[spread] p1a\n|-miss|p2a: Delphox|p1b: Scovillain\n|-supereffective|p1a: Kingambit|1\n|-crit|p1a: Kingambit\n|-damage|p1a: Kingambit|0 fnt\n|faint|p1a: Kingambit\n|move|p1b: Scovillain|Overheat|p2b: Tsareena\n|-supereffective|p2b: Tsareena|1\n|-enditem|p2b: Tsareena|Focus Sash\n|-damage|p2b: Tsareena|1/100\n|-unboost|p1b: Scovillain|spa|2\n|\n|upkeep\n|c|☆cookingorcooked2|like holy shit just dodge everything\n|c|☆cookingorcooked2|Fuck this fucking game\n|\n|t:|1788390153\n|switch|p1a: Lycanroc|Lycanroc-Dusk, L50, M|70/100\n|turn|6\n|\n|t:|1788390167\n|move|p1a: Lycanroc|Protect|p1a: Lycanroc\n|-singleturn|p1a: Lycanroc|Protect\n|move|p2b: Tsareena|Protect|p2b: Tsareena\n|-singleturn|p2b: Tsareena|Protect\n|move|p2a: Delphox|Psychic|p1a: Lycanroc\n|-activate|p1a: Lycanroc|move: Protect\n|move|p1b: Scovillain|Giga Drain|p2a: Delphox\n|-resisted|p2a: Delphox|1\n|-activate|p2a: Delphox|move: Substitute|[damage]\n|-heal|p1b: Scovillain|92/100|[from] drain|[of] p2a: Delphox\n|\n|upkeep\n|turn|7\n|\n|t:|1788390188\n|move|p2a: Delphox|Psychic|p1a: Lycanroc\n|-damage|p1a: Lycanroc|0 fnt\n|faint|p1a: Lycanroc\n|move|p2b: Tsareena|Power Whip|p1b: Scovillain\n|-resisted|p1b: Scovillain|2\n|-damage|p1b: Scovillain|77/100\n|-status|p2b: Tsareena|brn|[from] ability: Spicy Spray|[of] p1b: Scovillain\n|move|p1b: Scovillain|Giga Drain|p2a: Delphox\n|-resisted|p2a: Delphox|1\n|-activate|p2a: Delphox|move: Substitute|[damage]\n|-heal|p1b: Scovillain|81/100|[from] drain|[of] p2a: Delphox\n|\n|-damage|p2b: Tsareena|0 fnt|[from] brn\n|faint|p2b: Tsareena\n|upkeep\n|\n|t:|1788390193\n|switch|p2b: Garchomp|Garchomp, L50, F|58/100 brn\n|turn|8\n|\n|t:|1788390206\n|move|p2a: Delphox|Psychic|p1b: Scovillain\n|-damage|p1b: Scovillain|56/100\n|move|p2b: Garchomp|Rock Slide|p1b: Scovillain\n|-supereffective|p1b: Scovillain|1\n|-damage|p1b: Scovillain|33/100\n|cant|p1b: Scovillain|flinch\n|\n|-damage|p2b: Garchomp|52/100 brn|[from] brn\n|upkeep\n|turn|9\n|\n|t:|1788390215\n|move|p1b: Scovillain|Protect|p1b: Scovillain\n|-singleturn|p1b: Scovillain|Protect\n|move|p2a: Delphox|Psychic|p1b: Scovillain\n|-activate|p1b: Scovillain|move: Protect\n|move|p2b: Garchomp|Rock Slide|p1b: Scovillain\n|-activate|p1b: Scovillain|move: Protect\n|\n|-damage|p2b: Garchomp|46/100 brn|[from] brn\n|upkeep\n|-enditem|p2b: Garchomp|Sitrus Berry|[eat]\n|-heal|p2b: Garchomp|71/100 brn|[from] item: Sitrus Berry\n|turn|10\n|c|☆cookingorcooked2|What are you protecting for?\n|\n|t:|1788390226\n|move|p2a: Delphox|Psychic|p1b: Scovillain\n|-damage|p1b: Scovillain|7/100\n|-unboost|p1b: Scovillain|spd|1\n|move|p2b: Garchomp|Dragon Claw|p1b: Scovillain\n|-crit|p1b: Scovillain\n|-damage|p1b: Scovillain|0 fnt\n|faint|p1b: Scovillain\n|\n|win|cookingorcooked2\n","uploadtime":1788390013,"views":"5","formatid":"gen9championsvgc2026regmbbo3","rating":null,"private":0,"password":null}