{"id":"gen9championsvgc2026regmbbo3-2674462748","format":"[Gen 9 Champions] VGC 2026 Reg M-B (Bo3)","players":["simioini","CulantroVGC"],"log":"|j|☆simioini\n|j|☆CulantroVGC\n|html|<table width=\"100%\"><tr><td align=\"left\">simioini</td><td align=\"right\">CulantroVGC</tr><tr><td align=\"left\"><i class=\"fa fa-circle-o\"></i> <i class=\"fa fa-circle-o\"></i> </td><td align=\"right\"><i class=\"fa fa-circle-o\"></i> <i class=\"fa fa-circle-o\"></i> </tr></table>\n|uhtml|bestof|<h2><strong>Game 1</strong> of <a href=\"/game-bestof3-gen9championsvgc2026regmbbo3-2674462747\">a best-of-3</a></h2>\n|t:|1788362719\n|gametype|doubles\n|player|p1|simioini|101|1361\n|player|p2|CulantroVGC|1|1327\n|gen|9\n|tier|[Gen 9 Champions] VGC 2026 Reg M-B (Bo3)\n|rated|\n|rule|Species Clause: Limit one of each Pokémon\n|rule|Item Clause: Limit 1 of each item\n|clearpoke\n|poke|p1|Charizard, L50, F|\n|poke|p1|Whimsicott, L50, M|\n|poke|p1|Garchomp, L50, M|\n|poke|p1|Floette-Eternal, L50, F|\n|poke|p1|Kingambit, L50, M|\n|poke|p1|Basculegion, L50, M|\n|poke|p2|Farigiraf, L50, F|\n|poke|p2|Kangaskhan, L50, F|\n|poke|p2|Aerodactyl, L50, M|\n|poke|p2|Sylveon, L50, M, shiny|\n|poke|p2|Camerupt, L50, F, shiny|\n|poke|p2|Gallade, L50, M|\n|teampreview|4\n|showteam|p1|Charizard||CharizarditeY|Blaze|HeatWave,WeatherBall,AncientPower,Protect|Timid||F|||50|]Whimsicott||FocusSash|Prankster|Moonblast,Tailwind,Encore,Protect|Timid||M|||50|]Garchomp||SitrusBerry|RoughSkin|Earthquake,DragonClaw,RockSlide,Protect|Jolly||M|||50|]Floette-Eternal||Floettite|FlowerVeil|DazzlingGleam,Moonblast,LightofRuin,Protect|Modest||F|||50|]Kingambit||OccaBerry|Defiant|KowtowCleave,IronHead,SuckerPunch,LowKick|Adamant||M|||50|]Basculegion||LifeOrb|Adaptability|WaveCrash,LastRespects,AquaJet,Protect|Adamant||M|||50|\n|showteam|p2|Farigiraf||SitrusBerry|ArmorTail|Psychic,Thunderbolt,TrickRoom,HelpingHand|Bold||F|||50|]Kangaskhan||LifeOrb|Scrappy|FakeOut,IcePunch,DoubleEdge,HammerArm|Adamant||F|||50|]Aerodactyl||Aerodactylite|Unnerve|RockSlide,IceFang,DualWingbeat,Tailwind|Adamant||M|||50|]Sylveon||FairyFeather|Pixilate|HyperVoice,HyperBeam,Moonblast,Protect|Modest||M|||50|]Camerupt||Cameruptite|SolidRock|HeatWave,EarthPower,AncientPower,Protect|Quiet||F|||50|]Gallade||FocusSash|Sharpness|SacredSword,LeafBlade,PsychoCut,Protect|Adamant||M|||50|\n|\n|t:|1788362756\n|teamsize|p1|4\n|teamsize|p2|4\n|start\n|switch|p1a: Basculegion|Basculegion, L50, M|100/100\n|switch|p1b: Floette|Floette-Eternal, L50, F|100/100\n|switch|p2a: Aerodactyl|Aerodactyl, L50, M|100/100\n|switch|p2b: Kangaskhan|Kangaskhan, L50, F|100/100\n|-ability|p2a: Aerodactyl|Unnerve\n|turn|1\n|\n|t:|1788362784\n|detailschange|p2a: Aerodactyl|Aerodactyl-Mega, L50, M\n|-mega|p2a: Aerodactyl|Aerodactyl|Aerodactylite\n|detailschange|p1b: Floette|Floette-Mega, L50, F\n|-mega|p1b: Floette|Floette|Floettite\n|-ability|p1b: Floette|Fairy Aura\n|move|p2b: Kangaskhan|Fake Out|p1a: Basculegion\n|-damage|p1a: Basculegion|73/100\n|-damage|p2b: Kangaskhan|90/100|[from] item: Life Orb\n|move|p2a: Aerodactyl|Tailwind|p2a: Aerodactyl\n|-sidestart|p2: CulantroVGC|move: Tailwind\n|move|p1b: Floette|Dazzling Gleam|p2b: Kangaskhan|[spread] p2a,p2b\n|-damage|p2a: Aerodactyl|43/100\n|-damage|p2b: Kangaskhan|47/100\n|cant|p1a: Basculegion|flinch\n|\n|upkeep\n|turn|2\n|\n|t:|1788362818\n|move|p1a: Basculegion|Aqua Jet|p2a: Aerodactyl\n|-supereffective|p2a: Aerodactyl|1\n|-damage|p2a: Aerodactyl|0 fnt\n|faint|p2a: Aerodactyl\n|-damage|p1a: Basculegion|63/100|[from] item: Life Orb\n|move|p2b: Kangaskhan|Double-Edge|p1b: Floette\n|-damage|p1b: Floette|21/100\n|-damage|p2b: Kangaskhan|26/100|[from] Recoil\n|-damage|p2b: Kangaskhan|16/100|[from] item: Life Orb\n|move|p1b: Floette|Dazzling Gleam|p2b: Kangaskhan\n|-damage|p2b: Kangaskhan|0 fnt\n|faint|p2b: Kangaskhan\n|\n|upkeep\n|\n|t:|1788362821\n|switch|p2a: Sylveon|Sylveon, L50, M, shiny|100/100\n|switch|p2b: Gallade|Gallade, L50, M|100/100\n|turn|3\n|\n|t:|1788362850\n|switch|p1a: Garchomp|Garchomp, L50, M|100/100\n|move|p1b: Floette|Protect|p1b: Floette\n|-singleturn|p1b: Floette|Protect\n|move|p2b: Gallade|Leaf Blade|p1a: Garchomp\n|-damage|p1a: Garchomp|56/100\n|-damage|p2b: Gallade|87/100|[from] ability: Rough Skin|[of] p1a: Garchomp\n|move|p2a: Sylveon|Hyper Voice|p1a: Garchomp|[spread] p1a\n|-activate|p1b: Floette|move: Protect\n|-supereffective|p1a: Garchomp|1\n|-damage|p1a: Garchomp|0 fnt\n|faint|p1a: Garchomp\n|\n|upkeep\n|\n|t:|1788362877\n|switch|p1a: Basculegion|Basculegion, L50, M|63/100\n|turn|4\n|\n|t:|1788362895\n|switch|p1b: Kingambit|Kingambit, L50, M|100/100\n|move|p1a: Basculegion|Protect|p1a: Basculegion\n|-singleturn|p1a: Basculegion|Protect\n|move|p2b: Gallade|Leaf Blade|p1a: Basculegion\n|-activate|p1a: Basculegion|move: Protect\n|move|p2a: Sylveon|Hyper Voice|p1a: Basculegion|[spread] p1b\n|-activate|p1a: Basculegion|move: Protect\n|-damage|p1b: Kingambit|48/100\n|\n|-sideend|p2: CulantroVGC|move: Tailwind\n|upkeep\n|turn|5\n|\n|t:|1788362919\n|move|p2b: Gallade|Leaf Blade|p1a: Basculegion\n|-supereffective|p1a: Basculegion|1\n|-damage|p1a: Basculegion|0 fnt\n|faint|p1a: Basculegion\n|move|p1b: Kingambit|Kowtow Cleave|p2b: Gallade\n|-damage|p2b: Gallade|10/100\n|move|p2a: Sylveon|Hyper Voice|p1b: Kingambit\n|-damage|p1b: Kingambit|0 fnt\n|faint|p1b: Kingambit\n|\n|upkeep\n|\n|t:|1788362931\n|switch|p1b: Floette|Floette-Mega, L50, F|21/100\n|-ability|p1b: Floette|Fairy Aura\n|turn|6\n|\n|t:|1788362944\n|move|p1b: Floette|Dazzling Gleam|p2b: Gallade|[spread] p2a,p2b\n|-supereffective|p2b: Gallade|1\n|-damage|p2a: Sylveon|63/100\n|-damage|p2b: Gallade|0 fnt\n|faint|p2b: Gallade\n|move|p2a: Sylveon|Moonblast|p1b: Floette\n|-damage|p1b: Floette|0 fnt\n|faint|p1b: Floette\n|\n|win|CulantroVGC\n","uploadtime":1788362944,"views":"0","formatid":"gen9championsvgc2026regmbbo3","rating":null,"private":0,"password":null}