{"id":"gen9championsvgc2026regmb-2673908921","format":"[Gen 9 Champions] VGC 2026 Reg M-B","players":["Patepic","rmalhada"],"log":"|j|☆Patepic\n|j|☆rmalhada\n|t:|1788275883\n|gametype|doubles\n|player|p1|Patepic|canari|1319\n|player|p2|rmalhada|blue|1428\n|gen|9\n|tier|[Gen 9 Champions] VGC 2026 Reg M-B\n|rated|\n|rule|Species Clause: Limit one of each Pokémon\n|rule|Item Clause: Limit 1 of each item\n|clearpoke\n|poke|p1|Meganium, L50, M|\n|poke|p1|Simipour, L50, M|\n|poke|p1|Garchomp, L50, F|\n|poke|p1|Metagross, L50|\n|poke|p1|Sneasler, L50, F|\n|poke|p1|Typhlosion, L50, M|\n|poke|p2|Froslass, L50, F|\n|poke|p2|Scovillain, L50, F|\n|poke|p2|Kingambit, L50, F|\n|poke|p2|Basculegion, L50, M|\n|poke|p2|Sneasler, L50, F|\n|poke|p2|Lycanroc-Dusk, L50, M|\n|teampreview|4\n|inactive|Battle timer is ON: inactive players will automatically lose when time's up. (requested by Patepic)\n|inactive|rmalhada has 60 seconds left.\n|\n|t:|1788275920\n|teamsize|p1|4\n|teamsize|p2|4\n|start\n|switch|p1a: Metagross|Metagross, L50|100/100\n|switch|p1b: Typhlosion|Typhlosion, L50, M|100/100\n|switch|p2a: Froslass|Froslass, L50, F|100/100\n|switch|p2b: Lycanroc|Lycanroc-Dusk, L50, M|100/100\n|turn|1\n|\n|t:|1788275937\n|switch|p1b: Simipour|Simipour, L50, M|100/100\n|switch|p2a: Kingambit|Kingambit, L50, F|100/100\n|detailschange|p1a: Metagross|Metagross-Mega, L50\n|-mega|p1a: Metagross|Metagross|Metagrossite\n|move|p1a: Metagross|Bullet Punch|p2b: Lycanroc\n|-supereffective|p2b: Lycanroc|1\n|-damage|p2b: Lycanroc|8/100\n|move|p2b: Lycanroc|Accelerock|p1b: Simipour\n|-damage|p1b: Simipour|56/100\n|\n|upkeep\n|turn|2\n|\n|t:|1788275959\n|move|p2b: Lycanroc|Protect|p2b: Lycanroc\n|-singleturn|p2b: Lycanroc|Protect\n|move|p1a: Metagross|Bullet Punch|p2b: Lycanroc\n|-activate|p2b: Lycanroc|move: Protect\n|move|p1b: Simipour|Scald|p2a: Kingambit\n|-damage|p2a: Kingambit|65/100\n|move|p2a: Kingambit|Swords Dance|p2a: Kingambit\n|-boost|p2a: Kingambit|atk|2\n|\n|upkeep\n|turn|3\n|\n|t:|1788275976\n|move|p1a: Metagross|Protect|p1a: Metagross\n|-singleturn|p1a: Metagross|Protect\n|move|p1b: Simipour|Scald|p2a: Kingambit\n|-damage|p2a: Kingambit|32/100\n|-status|p2a: Kingambit|brn\n|move|p2b: Lycanroc|Close Combat|p1b: Simipour\n|-damage|p1b: Simipour|0 fnt\n|-unboost|p2b: Lycanroc|def|1\n|-unboost|p2b: Lycanroc|spd|1\n|faint|p1b: Simipour\n|move|p2a: Kingambit|Kowtow Cleave|p1a: Metagross\n|-activate|p1a: Metagross|move: Protect\n|\n|-damage|p2a: Kingambit|27/100 brn|[from] brn\n|upkeep\n|\n|t:|1788275990\n|switch|p1b: Sneasler|Sneasler, L50, F|100/100\n|turn|4\n|inactive|rmalhada has 30 seconds left.\n|\n|t:|1788276018\n|switch|p2b: Basculegion|Basculegion, L50, M|100/100\n|move|p1a: Metagross|Bullet Punch|p2b: Basculegion\n|-resisted|p2b: Basculegion|1\n|-damage|p2b: Basculegion|83/100\n|move|p2a: Kingambit|Sucker Punch|p1b: Sneasler\n|-resisted|p1b: Sneasler|1\n|-damage|p1b: Sneasler|59/100\n|move|p1b: Sneasler|Close Combat|p2a: Kingambit\n|-supereffective|p2a: Kingambit|2\n|-damage|p2a: Kingambit|0 fnt\n|-unboost|p1b: Sneasler|def|1\n|-unboost|p1b: Sneasler|spd|1\n|faint|p2a: Kingambit\n|-enditem|p1b: Sneasler|White Herb\n|-clearnegativeboost|p1b: Sneasler|[silent]\n|\n|upkeep\n|\n|t:|1788276037\n|switch|p2a: Froslass|Froslass, L50, F|100/100\n|turn|5\n|inactive|rmalhada has 30 seconds left.\n|\n|t:|1788276071\n|detailschange|p2a: Froslass|Froslass-Mega, L50, F\n|-mega|p2a: Froslass|Froslass|Froslassite\n|-weather|Snowscape|[from] ability: Snow Warning|[of] p2a: Froslass\n|move|p1a: Metagross|Protect|p1a: Metagross\n|-singleturn|p1a: Metagross|Protect\n|move|p1b: Sneasler|Dire Claw|p2b: Basculegion\n|-resisted|p2b: Basculegion|1\n|-crit|p2b: Basculegion\n|-damage|p2b: Basculegion|47/100\n|move|p2a: Froslass|Shadow Ball|p1a: Metagross\n|-activate|p1a: Metagross|move: Protect\n|move|p2b: Basculegion|Wave Crash|p1b: Sneasler\n|-damage|p1b: Sneasler|0 fnt\n|faint|p1b: Sneasler\n|-damage|p2b: Basculegion|32/100|[from] Recoil\n|-damage|p2b: Basculegion|22/100|[from] item: Life Orb\n|\n|-weather|Snowscape|[upkeep]\n|upkeep\n|\n|t:|1788276083\n|switch|p1b: Typhlosion|Typhlosion, L50, M|100/100\n|turn|6\n|\n|t:|1788276102\n|move|p1a: Metagross|Bullet Punch|p2a: Froslass\n|-supereffective|p2a: Froslass|1\n|-damage|p2a: Froslass|49/100\n|move|p2b: Basculegion|Aqua Jet|p1b: Typhlosion\n|-supereffective|p1b: Typhlosion|1\n|-damage|p1b: Typhlosion|2/100\n|-damage|p2b: Basculegion|13/100|[from] item: Life Orb\n|move|p1b: Typhlosion|Eruption|p2a: Froslass|[spread] p2a,p2b\n|-supereffective|p2a: Froslass|1\n|-resisted|p2b: Basculegion|1\n|-crit|p2b: Basculegion\n|-damage|p2a: Froslass|48/100\n|-damage|p2b: Basculegion|12/100\n|move|p2a: Froslass|Shadow Ball|p1a: Metagross\n|-supereffective|p1a: Metagross|1\n|-damage|p1a: Metagross|17/100\n|-unboost|p1a: Metagross|spd|1\n|\n|-weather|Snowscape|[upkeep]\n|upkeep\n|turn|7\n|inactive|rmalhada has 30 seconds left.\n|inactive|rmalhada has 20 seconds left.\n|inactive|rmalhada has 15 seconds left.\n|\n|t:|1788276145\n|move|p2a: Froslass|Protect|p2a: Froslass\n|-singleturn|p2a: Froslass|Protect\n|move|p1a: Metagross|Bullet Punch|p2a: Froslass\n|-activate|p2a: Froslass|move: Protect\n|move|p2b: Basculegion|Aqua Jet|p1a: Metagross\n|-damage|p1a: Metagross|0 fnt\n|faint|p1a: Metagross\n|-damage|p2b: Basculegion|2/100|[from] item: Life Orb\n|move|p1b: Typhlosion|Eruption|p2b: Basculegion|[spread] p2b\n|-activate|p2a: Froslass|move: Protect\n|-resisted|p2b: Basculegion|1\n|-damage|p2b: Basculegion|2/100\n|\n|-weather|Snowscape|[upkeep]\n|upkeep\n|turn|8\n|-message|Patepic forfeited.\n|\n|win|rmalhada\n|raw|Patepic's rating: 1319 &rarr; <strong>1305</strong><br />(-14 for losing)\n|raw|rmalhada's rating: 1428 &rarr; <strong>1442</strong><br />(+14 for winning)\n|l|☆Patepic\n|player|p1|\n","uploadtime":1788276255,"views":"2","formatid":"gen9championsvgc2026regmb","rating":1305,"private":0,"password":null}