{"id":"gen9championsvgc2026regmb-2675006383","format":"[Gen 9 Champions] VGC 2026 Reg M-B","players":["GoobyGoodra","XappyT"],"log":"|j|☆GoobyGoodra\n|j|‽XappyT\n|t:|1788447896\n|gametype|doubles\n|player|p1|GoobyGoodra|byron|1118\n|player|p2|XappyT|102|1117\n|gen|9\n|tier|[Gen 9 Champions] VGC 2026 Reg M-B\n|rated|\n|rule|Species Clause: Limit one of each Pokémon\n|rule|Item Clause: Limit 1 of each item\n|clearpoke\n|poke|p1|Dragonite, L50, F, shiny|\n|poke|p1|Tsareena, L50, F, shiny|\n|poke|p1|Sneasler, L50, F, shiny|\n|poke|p1|Mamoswine, L50, M, shiny|\n|poke|p1|Arcanine-Hisui, L50, F, shiny|\n|poke|p1|Rotom-Wash, L50, shiny|\n|poke|p2|Garchomp, L50, F|\n|poke|p2|Sinistcha, L50|\n|poke|p2|Kingambit, L50, F|\n|poke|p2|Palafin, L50, F|\n|poke|p2|Staraptor, L50, M|\n|poke|p2|Whimsicott, L50, M|\n|teampreview|4\n|inactive|Battle timer is ON: inactive players will automatically lose when time's up. (requested by GoobyGoodra)\n|inactive|GoobyGoodra has 60 seconds left.\n|inactive|XappyT has 60 seconds left.\n|inactive|GoobyGoodra has 30 seconds left.\n|\n|t:|1788447962\n|teamsize|p1|4\n|teamsize|p2|4\n|start\n|switch|p1a: Rotom|Rotom-Wash, L50, shiny|100/100\n|switch|p1b: Dragonite|Dragonite, L50, F, shiny|100/100\n|switch|p2a: Staraptor|Staraptor, L50, M|100/100\n|switch|p2b: Whimsicott|Whimsicott, L50, M|100/100\n|-ability|p2a: Staraptor|Intimidate|boost\n|-unboost|p1a: Rotom|atk|1\n|-unboost|p1b: Dragonite|atk|1\n|turn|1\n|inactive|GoobyGoodra has 30 seconds left.\n|\n|t:|1788447989\n|detailschange|p1b: Dragonite|Dragonite-Mega, L50, F, shiny\n|-mega|p1b: Dragonite|Dragonite|Dragoninite\n|move|p2a: Staraptor|Protect|p2a: Staraptor\n|-singleturn|p2a: Staraptor|Protect\n|move|p2b: Whimsicott|Tailwind|p2b: Whimsicott\n|-sidestart|p2: XappyT|move: Tailwind\n|move|p1b: Dragonite|Tailwind|p1b: Dragonite\n|-sidestart|p1: GoobyGoodra|move: Tailwind\n|move|p1a: Rotom|Electroweb|p2a: Staraptor|[spread] p2b\n|-activate|p2a: Staraptor|move: Protect\n|-resisted|p2b: Whimsicott|1\n|-damage|p2b: Whimsicott|84/100\n|-unboost|p2b: Whimsicott|spe|1\n|\n|upkeep\n|turn|2\n|\n|t:|1788448012\n|detailschange|p2a: Staraptor|Staraptor-Mega, L50, M\n|-mega|p2a: Staraptor|Staraptor|Staraptite\n|move|p2a: Staraptor|Close Combat|p1a: Rotom\n|-damage|p1a: Rotom|16/100\n|-boost|p2a: Staraptor|def|1\n|-boost|p2a: Staraptor|spd|1\n|-enditem|p1a: Rotom|Sitrus Berry|[eat]\n|-heal|p1a: Rotom|40/100|[from] item: Sitrus Berry\n|move|p1b: Dragonite|Dragon Pulse|p2a: Staraptor\n|-damage|p2a: Staraptor|59/100\n|move|p1a: Rotom|Electroweb|p2a: Staraptor|[spread] p2a,p2b\n|-supereffective|p2a: Staraptor|1\n|-resisted|p2b: Whimsicott|1\n|-crit|p2b: Whimsicott\n|-damage|p2a: Staraptor|28/100\n|-damage|p2b: Whimsicott|65/100\n|-boost|p2a: Staraptor|spe|1\n|-unboost|p2b: Whimsicott|spe|1\n|move|p2b: Whimsicott|Moonblast|p1b: Dragonite\n|-supereffective|p1b: Dragonite|1\n|-damage|p1b: Dragonite|69/100\n|\n|upkeep\n|turn|3\n|inactive|GoobyGoodra has 30 seconds left.\n|inactive|XappyT has 30 seconds left.\n|inactive|GoobyGoodra has 20 seconds left.\n|\n|t:|1788448052\n|switch|p2b: Sinistcha|Sinistcha, L50|100/100\n|-heal|p2a: Staraptor|53/100|[from] ability: Hospitality|[of] p2b: Sinistcha\n|move|p2a: Staraptor|Close Combat|p1b: Dragonite\n|-resisted|p1b: Dragonite|1\n|-damage|p1b: Dragonite|35/100\n|-boost|p2a: Staraptor|def|1\n|-boost|p2a: Staraptor|spd|1\n|move|p1b: Dragonite|Heat Wave|p2a: Staraptor|[spread] p2a,p2b\n|-supereffective|p2b: Sinistcha|1\n|-damage|p2a: Staraptor|35/100\n|-damage|p2b: Sinistcha|30/100\n|-enditem|p2b: Sinistcha|Sitrus Berry|[eat]\n|-heal|p2b: Sinistcha|54/100|[from] item: Sitrus Berry\n|move|p1a: Rotom|Thunderbolt|p2a: Staraptor\n|-supereffective|p2a: Staraptor|1\n|-damage|p2a: Staraptor|0 fnt\n|faint|p2a: Staraptor\n|\n|upkeep\n|\n|t:|1788448077\n|switch|p2a: Garchomp|Garchomp, L50, F|100/100\n|turn|4\n|\n|t:|1788448098\n|move|p1b: Dragonite|Protect|p1b: Dragonite\n|-singleturn|p1b: Dragonite|Protect\n|move|p2a: Garchomp|Rock Slide|p1b: Dragonite|[spread] p1a\n|-activate|p1b: Dragonite|move: Protect\n|-damage|p1a: Rotom|19/100\n|cant|p1a: Rotom|flinch\n|move|p2b: Sinistcha|Matcha Gotcha|p1b: Dragonite|[spread] p1a\n|-activate|p1b: Dragonite|move: Protect\n|-supereffective|p1a: Rotom|1\n|-damage|p1a: Rotom|0 fnt\n|-heal|p2b: Sinistcha|63/100|[from] drain|[of] p1a: Rotom\n|faint|p1a: Rotom\n|\n|-sideend|p1: GoobyGoodra|move: Tailwind\n|-sideend|p2: XappyT|move: Tailwind\n|upkeep\n|inactive|GoobyGoodra has 30 seconds left.\n|inactive|GoobyGoodra has 20 seconds left.\n|inactive|GoobyGoodra has 15 seconds left.\n|\n|t:|1788448138\n|switch|p1a: Mamoswine|Mamoswine, L50, M, shiny|100/100\n|turn|5\n|\n|t:|1788448171\n|move|p2a: Garchomp|Rock Slide|p1b: Dragonite|[spread] p1a,p1b\n|-supereffective|p1b: Dragonite|1\n|-damage|p1a: Mamoswine|83/100\n|-damage|p1b: Dragonite|3/100\n|move|p1b: Dragonite|Tailwind|p1b: Dragonite\n|-sidestart|p1: GoobyGoodra|move: Tailwind\n|cant|p1a: Mamoswine|flinch\n|move|p2b: Sinistcha|Matcha Gotcha|p1a: Mamoswine|[spread] p1b\n|-miss|p2b: Sinistcha|p1a: Mamoswine\n|-resisted|p1b: Dragonite|2\n|-damage|p1b: Dragonite|0 fnt\n|-heal|p2b: Sinistcha|65/100|[from] drain|[of] p1b: Dragonite\n|faint|p1b: Dragonite\n|\n|upkeep\n|\n|t:|1788448187\n|switch|p1b: Tsareena|Tsareena, L50, F, shiny|100/100\n|turn|6\n|\n|t:|1788448204\n|move|p1b: Tsareena|Triple Axel|p2b: Sinistcha\n|-supereffective|p2b: Sinistcha|1\n|-damage|p2b: Sinistcha|50/100g\n|-supereffective|p2b: Sinistcha|1\n|-damage|p2b: Sinistcha|23/100\n|-supereffective|p2b: Sinistcha|1\n|-damage|p2b: Sinistcha|0 fnt\n|faint|p2b: Sinistcha\n|-hitcount|p2: Sinistcha|3\n|move|p1a: Mamoswine|Icicle Crash|p2a: Garchomp\n|-supereffective|p2a: Garchomp|2\n|-enditem|p2a: Garchomp|Yache Berry|[eat]\n|-enditem|p2a: Garchomp|Yache Berry|[weaken]\n|-damage|p2a: Garchomp|0 fnt\n|faint|p2a: Garchomp\n|-damage|p1a: Mamoswine|73/100|[from] item: Life Orb\n|\n|upkeep\n|-message|XappyT forfeited.\n|\n|win|GoobyGoodra\n|raw|GoobyGoodra's rating: 1118 &rarr; <strong>1143</strong><br />(+25 for winning)\n|raw|XappyT's rating: 1117 &rarr; <strong>1092</strong><br />(-25 for losing)\n|l|‽XappyT\n|player|p2|\n","uploadtime":1788448264,"views":"0","formatid":"gen9championsvgc2026regmb","rating":1092,"private":0,"password":null}