{"id":"gen9championsvgc2026regmb-2674960713","format":"[Gen 9 Champions] VGC 2026 Reg M-B","players":["HospitalityCheck","RBG_LOL"],"log":"|j|☆HospitalityCheck\n|j|☆RBG_LOL\n|t:|1788442281\n|gametype|doubles\n|player|p1|HospitalityCheck|2|1122\n|player|p2|RBG_LOL|ghetsis-gen5bw|1050\n|gen|9\n|tier|[Gen 9 Champions] VGC 2026 Reg M-B\n|rated|\n|rule|Species Clause: Limit one of each Pokémon\n|rule|Item Clause: Limit 1 of each item\n|clearpoke\n|poke|p1|Metagross, L50|\n|poke|p1|Incineroar, L50, M|\n|poke|p1|Sinistcha, L50|\n|poke|p1|Whimsicott, L50, F|\n|poke|p1|Garchomp, L50, F|\n|poke|p1|Kingambit, L50, F|\n|poke|p2|Garchomp, L50, M|\n|poke|p2|Vaporeon, L50, F|\n|poke|p2|Toxicroak, L50, M|\n|poke|p2|Politoed, L50, M|\n|poke|p2|Heliolisk, L50, M|\n|poke|p2|Scovillain, L50, M|\n|teampreview|4\n|inactive|Battle timer is ON: inactive players will automatically lose when time's up. (requested by HospitalityCheck)\nHospitalityCheck has agreed to open team sheets.\n|\n|t:|1788442310\n|teamsize|p1|4\n|teamsize|p2|4\n|start\n|switch|p1a: Metagross|Metagross, L50|100/100\n|switch|p1b: Incineroar|Incineroar, L50, M|100/100\n|switch|p2a: Scovillain|Scovillain, L50, M|100/100\n|switch|p2b: Vaporeon|Vaporeon, L50, F|100/100\n|-ability|p1b: Incineroar|Intimidate|boost\n|-unboost|p2a: Scovillain|atk|1\n|-unboost|p2b: Vaporeon|atk|1\n|turn|1\n|\n|t:|1788442320\n|detailschange|p1a: Metagross|Metagross-Mega, L50\n|-mega|p1a: Metagross|Metagross|Metagrossite\n|detailschange|p2a: Scovillain|Scovillain-Mega, L50, M\n|-mega|p2a: Scovillain|Scovillain|Scovillainite\n|move|p1b: Incineroar|Fake Out|p2a: Scovillain\n|-damage|p2a: Scovillain|89/100\n|cant|p2a: Scovillain|flinch\n|move|p1a: Metagross|Psychic Fangs|p2a: Scovillain\n|-damage|p2a: Scovillain|15/100\n|-status|p1a: Metagross|brn|[from] ability: Spicy Spray|[of] p2a: Scovillain\n|move|p2b: Vaporeon|Calm Mind|p2b: Vaporeon\n|-boost|p2b: Vaporeon|spa|1\n|-boost|p2b: Vaporeon|spd|1\n|\n|-damage|p1a: Metagross|94/100 brn|[from] brn\n|upkeep\n|turn|2\n|\n|t:|1788442341\n|move|p1a: Metagross|Protect|p1a: Metagross\n|-singleturn|p1a: Metagross|Protect\n|move|p2a: Scovillain|Rage Powder|p2a: Scovillain\n|-singleturn|p2a: Scovillain|move: Rage Powder\n|move|p2b: Vaporeon|Calm Mind|p2b: Vaporeon\n|-boost|p2b: Vaporeon|spa|1\n|-boost|p2b: Vaporeon|spd|1\n|move|p1b: Incineroar|Throat Chop|p2a: Scovillain\n|-damage|p2a: Scovillain|0 fnt\n|faint|p2a: Scovillain\n|\n|-damage|p1a: Metagross|88/100 brn|[from] brn\n|upkeep\n|\n|t:|1788442352\n|switch|p2a: Politoed|Politoed, L50, M|100/100\n|-weather|RainDance|[from] ability: Drizzle|[of] p2a: Politoed\n|turn|3\n|\n|t:|1788442358\n|switch|p1a: Sinistcha|Sinistcha, L50|100/100\n|move|p2a: Politoed|Surf|p1a: Sinistcha|[spread] p1a,p1b\n|-immune|p2b: Vaporeon|[from] ability: Water Absorb\n|-resisted|p1a: Sinistcha|1\n|-supereffective|p1b: Incineroar|1\n|-damage|p1a: Sinistcha|70/100\n|-damage|p1b: Incineroar|5/100\n|-enditem|p1b: Incineroar|Sitrus Berry|[eat]\n|-heal|p1b: Incineroar|30/100|[from] item: Sitrus Berry\n|-damage|p2a: Politoed|90/100|[from] item: Life Orb\n|move|p2b: Vaporeon|Surf|p1b: Incineroar|[spread] p2a,p1a,p1b\n|-resisted|p2a: Politoed|1\n|-resisted|p1a: Sinistcha|1\n|-supereffective|p1b: Incineroar|1\n|-damage|p2a: Politoed|40/100\n|-damage|p1a: Sinistcha|26/100\n|-damage|p1b: Incineroar|0 fnt\n|faint|p1b: Incineroar\n|\n|-weather|RainDance|[upkeep]\n|-heal|p1a: Sinistcha|32/100|[from] item: Leftovers\n|upkeep\n|\n|t:|1788442359\n|switch|p1b: Metagross|Metagross-Mega, L50|88/100 brn\n|turn|4\n|\n|t:|1788442379\n|switch|p1a: Garchomp|Garchomp, L50, F|100/100\n|move|p2a: Politoed|Protect|p2a: Politoed\n|-singleturn|p2a: Politoed|Protect\n|move|p1b: Metagross|Psychic Fangs|p2a: Politoed\n|-activate|p2a: Politoed|move: Protect\n|move|p2b: Vaporeon|Surf|p1b: Metagross|[spread] p1a,p1b\n|-activate|p2a: Politoed|move: Protect\n|-damage|p1a: Garchomp|9/100\n|-damage|p1b: Metagross|0 fnt\n|faint|p1b: Metagross\n|\n|-weather|RainDance|[upkeep]\n|upkeep\n|\n|t:|1788442380\n|switch|p1b: Sinistcha|Sinistcha, L50|32/100\n|-heal|p1a: Garchomp|34/100|[from] ability: Hospitality|[of] p1b: Sinistcha\n|turn|5\n|\n|t:|1788442396\n|move|p1a: Garchomp|Protect|p1a: Garchomp\n|-singleturn|p1a: Garchomp|Protect\n|move|p2a: Politoed|Ice Beam|p1a: Garchomp\n|-activate|p1a: Garchomp|move: Protect\n|move|p2b: Vaporeon|Surf|p1a: Garchomp|[spread] p2a,p1b\n|-activate|p1a: Garchomp|move: Protect\n|-resisted|p2a: Politoed|1\n|-resisted|p1b: Sinistcha|1\n|-damage|p2a: Politoed|0 fnt\n|-damage|p1b: Sinistcha|0 fnt\n|faint|p2a: Politoed\n|faint|p1b: Sinistcha\n|\n|-weather|RainDance|[upkeep]\n|upkeep\n|\n|t:|1788442398\n|switch|p2a: Heliolisk|Heliolisk, L50, M|100/100\n|turn|6\n|\n|t:|1788442403\n|move|p2a: Heliolisk|Hyper Voice|p1a: Garchomp\n|-damage|p1a: Garchomp|0 fnt\n|faint|p1a: Garchomp\n|\n|win|RBG_LOL\n|raw|HospitalityCheck's rating: 1122 &rarr; <strong>1092</strong><br />(-30 for losing)\n|raw|RBG_LOL's rating: 1050 &rarr; <strong>1089</strong><br />(+39 for winning)\n|l|☆HospitalityCheck\n|player|p1|\n","uploadtime":1788442407,"views":"0","formatid":"gen9championsvgc2026regmb","rating":1089,"private":0,"password":null}