{"id":"gen9championsvgc2026regmb-2674898444","format":"[Gen 9 Champions] VGC 2026 Reg M-B","players":["jkhgjhgjh","Thornlace48812"],"log":"|j|‽jkhgjhgjh\n|j|☆Thornlace48812\n|t:|1788431899\n|gametype|doubles\n|player|p1|jkhgjhgjh|266|1072\n|player|p2|Thornlace48812|102|1145\n|gen|9\n|tier|[Gen 9 Champions] VGC 2026 Reg M-B\n|rated|\n|rule|Species Clause: Limit one of each Pokémon\n|rule|Item Clause: Limit 1 of each item\n|clearpoke\n|poke|p1|Charizard, L50, M|\n|poke|p1|Incineroar, L50, M|\n|poke|p1|Garchomp, L50, M|\n|poke|p1|Venusaur, L50, M|\n|poke|p1|Sylveon, L50, M|\n|poke|p1|Toxapex, L50, F|\n|poke|p2|Garchomp, L50, M|\n|poke|p2|Charizard, L50, M|\n|poke|p2|Whimsicott, L50, F|\n|poke|p2|Sylveon, L50, M|\n|poke|p2|Kingambit, L50, M|\n|poke|p2|Basculegion, L50, M|\n|teampreview|4\n|inactive|Battle timer is ON: inactive players will automatically lose when time's up. (requested by Thornlace48812)\n|inactive|jkhgjhgjh also wants the timer to be on.\nThornlace48812 rejected open team sheets.\n|\n|t:|1788431918\n|teamsize|p1|4\n|teamsize|p2|4\n|start\n|switch|p1a: Toxapex|Toxapex, L50, F|100/100\n|switch|p1b: Incineroar|Incineroar, L50, M|100/100\n|switch|p2a: Charizard|Charizard, L50, M|100/100\n|switch|p2b: Garchomp|Garchomp, L50, M|100/100\n|-ability|p1b: Incineroar|Intimidate|boost\n|-unboost|p2a: Charizard|atk|1\n|-unboost|p2b: Garchomp|atk|1\n|turn|1\n|\n|t:|1788431931\n|detailschange|p2a: Charizard|Charizard-Mega-Y, L50, M\n|-mega|p2a: Charizard|Charizard|Charizardite Y\n|-weather|SunnyDay|[from] ability: Drought|[of] p2a: Charizard\n|move|p2a: Charizard|Protect|p2a: Charizard\n|-singleturn|p2a: Charizard|Protect\n|move|p1b: Incineroar|Fake Out|p2b: Garchomp\n|-damage|p2b: Garchomp|90/100\n|-damage|p1b: Incineroar|87/100|[from] ability: Rough Skin|[of] p2b: Garchomp\n|cant|p2b: Garchomp|flinch\n|move|p1a: Toxapex|Toxic|p2b: Garchomp\n|-status|p2b: Garchomp|tox\n|\n|-weather|SunnyDay|[upkeep]\n|-damage|p2b: Garchomp|84/100 tox|[from] psn\n|upkeep\n|turn|2\n|\n|t:|1788431945\n|move|p1a: Toxapex|Wide Guard|p1a: Toxapex\n|-singleturn|p1a: Toxapex|Wide Guard\n|move|p2b: Garchomp|Earthquake|p1b: Incineroar|[spread] \n|-activate|p1a: Toxapex|move: Wide Guard\n|-activate|p1b: Incineroar|move: Wide Guard\n|-immune|p2a: Charizard\n|move|p2a: Charizard|Heat Wave|p1b: Incineroar|[spread] \n|-activate|p1a: Toxapex|move: Wide Guard\n|-activate|p1b: Incineroar|move: Wide Guard\n|move|p1b: Incineroar|Parting Shot|p2b: Garchomp\n|-unboost|p2b: Garchomp|atk|1\n|-unboost|p2b: Garchomp|spa|1\n|\n|t:|1788431958\n|switch|p1b: Venusaur|Venusaur, L50, M|100/100|[from] Parting Shot\n|\n|-weather|SunnyDay|[upkeep]\n|-damage|p2b: Garchomp|72/100 tox|[from] psn\n|upkeep\n|turn|3\n|\n|t:|1788431963\n|move|p1b: Venusaur|Protect|p1b: Venusaur\n|-singleturn|p1b: Venusaur|Protect\n|move|p2b: Garchomp|Earthquake|p1a: Toxapex|[spread] p1a\n|-activate|p1b: Venusaur|move: Protect\n|-immune|p2a: Charizard\n|-supereffective|p1a: Toxapex|1\n|-crit|p1a: Toxapex\n|-damage|p1a: Toxapex|0 fnt\n|faint|p1a: Toxapex\n|-damage|p2b: Garchomp|62/100 tox|[from] item: Life Orb\n|move|p2a: Charizard|Heat Wave|p1b: Venusaur\n|-activate|p1b: Venusaur|move: Protect\n|\n|-weather|SunnyDay|[upkeep]\n|-damage|p2b: Garchomp|44/100 tox|[from] psn\n|upkeep\n|\n|t:|1788431976\n|switch|p1a: Incineroar|Incineroar, L50, M|87/100\n|-ability|p1a: Incineroar|Intimidate|boost\n|-unboost|p2a: Charizard|atk|1\n|-unboost|p2b: Garchomp|atk|1\n|turn|4\n|\n|t:|1788431984\n|switch|p2a: Whimsicott|Whimsicott, L50, F|100/100\n|move|p1a: Incineroar|Fake Out|p2a: Whimsicott\n|-damage|p2a: Whimsicott|85/100\n|move|p1b: Venusaur|Sludge Bomb|p2a: Whimsicott\n|-supereffective|p2a: Whimsicott|2\n|-damage|p2a: Whimsicott|0 fnt\n|faint|p2a: Whimsicott\n|-damage|p1b: Venusaur|90/100|[from] item: Life Orb\n|move|p2b: Garchomp|Dragon Claw|p1a: Incineroar\n|-damage|p1a: Incineroar|70/100\n|-damage|p2b: Garchomp|35/100 tox|[from] item: Life Orb\n|\n|-weather|SunnyDay|[upkeep]\n|-damage|p2b: Garchomp|11/100 tox|[from] psn\n|upkeep\n|\n|t:|1788431984\n|switch|p2a: Charizard|Charizard-Mega-Y, L50, M|100/100\n|turn|5\n|\n|t:|1788431990\n|move|p1b: Venusaur|Protect|p1b: Venusaur\n|-singleturn|p1b: Venusaur|Protect\n|move|p2b: Garchomp|Earthquake|p1b: Venusaur|[spread] p1a\n|-activate|p1b: Venusaur|move: Protect\n|-immune|p2a: Charizard\n|-supereffective|p1a: Incineroar|1\n|-damage|p1a: Incineroar|42/100\n|-enditem|p1a: Incineroar|Sitrus Berry|[eat]\n|-heal|p1a: Incineroar|66/100|[from] item: Sitrus Berry\n|-damage|p2b: Garchomp|1/100 tox|[from] item: Life Orb\n|move|p2a: Charizard|Heat Wave|p1b: Venusaur|[spread] p1a\n|-activate|p1b: Venusaur|move: Protect\n|-resisted|p1a: Incineroar|1\n|-damage|p1a: Incineroar|40/100\n|move|p1a: Incineroar|Throat Chop|p2a: Charizard\n|-damage|p2a: Charizard|61/100\n|-start|p2a: Charizard|Throat Chop|[silent]\n|\n|-weather|none\n|-damage|p2b: Garchomp|0 fnt|[from] psn\n|faint|p2b: Garchomp\n|upkeep\n|\n|t:|1788431990\n|switch|p2b: Basculegion|Basculegion, L50, M|100/100\n|turn|6\n|\n|t:|1788432001\n|move|p2a: Charizard|Heat Wave|p1b: Venusaur|[spread] p1a,p1b\n|-resisted|p1a: Incineroar|1\n|-supereffective|p1b: Venusaur|1\n|-damage|p1a: Incineroar|22/100\n|-damage|p1b: Venusaur|0 fnt\n|faint|p1b: Venusaur\n|move|p2b: Basculegion|Last Respects|p1a: Incineroar\n|-resisted|p1a: Incineroar|1\n|-damage|p1a: Incineroar|0 fnt\n|faint|p1a: Incineroar\n|\n|-end|p2a: Charizard|Throat Chop|[silent]\n|upkeep\n|\n|t:|1788432005\n|switch|p1b: Sylveon|Sylveon, L50, M|100/100\n|turn|7\n|\n|t:|1788432007\n|move|p2a: Charizard|Heat Wave|p1b: Sylveon\n|-damage|p1b: Sylveon|58/100\n|move|p2b: Basculegion|Last Respects|p1b: Sylveon\n|-damage|p1b: Sylveon|0 fnt\n|faint|p1b: Sylveon\n|\n|win|Thornlace48812\n|raw|jkhgjhgjh's rating: 1072 &rarr; <strong>1058</strong><br />(-14 for losing)\n|raw|Thornlace48812's rating: 1194 &rarr; <strong>1211</strong><br />(+17 for winning)\n","uploadtime":1788432007,"views":"0","formatid":"gen9championsvgc2026regmb","rating":1058,"private":0,"password":null}