{"id":"gen9championsvgc2026regmbbo3-2674322420","format":"[Gen 9 Champions] VGC 2026 Reg M-B (Bo3)","players":["Ralph-LM","DuDeReedSSSSSSS"],"log":"|j|☆Ralph-LM\n|j|‽DuDeReedSSSSSSS\n|html|<table width=\"100%\"><tr><td align=\"left\">Ralph-LM</td><td align=\"right\">DuDeReedSSSSSSS</tr><tr><td align=\"left\"><i class=\"fa fa-circle-o\"></i> <i class=\"fa fa-circle-o\"></i> </td><td align=\"right\"><i class=\"fa fa-circle-o\"></i> <i class=\"fa fa-circle-o\"></i> </tr></table>\n|uhtml|bestof|<h2><strong>Game 1</strong> of <a href=\"/game-bestof3-gen9championsvgc2026regmbbo3-2674322417\">a best-of-3</a></h2>\n|t:|1788340663\n|gametype|doubles\n|player|p1|Ralph-LM|proton|1074\n|player|p2|DuDeReedSSSSSSS|benga|1130\n|gen|9\n|tier|[Gen 9 Champions] VGC 2026 Reg M-B (Bo3)\n|rated|\n|rule|Species Clause: Limit one of each Pokémon\n|rule|Item Clause: Limit 1 of each item\n|clearpoke\n|poke|p1|Heracross, L50, M, shiny|\n|poke|p1|Clefable, L50, M, shiny|\n|poke|p1|Rotom-Heat, L50, shiny|\n|poke|p1|Meowscarada, L50, F|\n|poke|p1|Basculegion-F, L50, F|\n|poke|p1|Excadrill, L50, F|\n|poke|p2|Archaludon, L50, M|\n|poke|p2|Pelipper, L50, M|\n|poke|p2|Scovillain, L50, F|\n|poke|p2|Espathra, L50, M|\n|poke|p2|Grimmsnarl, L50, M|\n|poke|p2|Swampert, L50, F|\n|teampreview|4\n|showteam|p1|Heracross||Heracronite|Moxie|Detect,RockBlast,PinMissile,CloseCombat|Adamant||M|||50|]Clefable||Clefablite|Unaware|Protect,FollowMe,Moonblast,HelpingHand|Quiet||M|||50|]Rotom-Heat||WhiteHerb|Levitate|Overheat,Thunderbolt,VoltSwitch,Protect|Modest|||||50|]Meowscarada||FocusSash|Protean|FlowerTrick,TripleAxel,KnockOff,Protect|Adamant||F|||50|]Basculegion-F||SitrusBerry|Adaptability|AquaJet,LastRespects,WaveCrash,Protect|Adamant||F|||50|]Excadrill||SoftSand|MoldBreaker|HighHorsepower,RapidSpin,IronHead,RockSlide|Adamant||F|||50|\n|showteam|p2|Archaludon||Leftovers|Stamina|Protect,ElectroShot,DragonPulse,FlashCannon|Modest||M|||50|]Pelipper||LifeOrb|Drizzle|Hurricane,WeatherBall,MuddyWater,Protect|Modest||M|||50|]Scovillain||Scovillainite|Moody|Protect,LeechSeed,RagePowder,Overheat|Calm||F|||50|]Espathra||SitrusBerry|SpeedBoost|Protect,LuminaCrash,CalmMind,BatonPass|Timid||M|||50|]Grimmsnarl||LightClay|Prankster|PartingShot,Reflect,LightScreen,FoulPlay|Careful||M|||50|]Swampert||Swampertite|Damp|Earthquake,IcePunch,WaveCrash,Protect|Adamant||F|||50|\n|\n|t:|1788340695\n|teamsize|p1|4\n|teamsize|p2|4\n|start\n|switch|p1a: Clefable|Clefable, L50, M, shiny|100/100\n|switch|p1b: Excadrill|Excadrill, L50, F|100/100\n|switch|p2a: Espathra|Espathra, L50, M|100/100\n|switch|p2b: Grimmsnarl|Grimmsnarl, L50, M|100/100\n|-ability|p1b: Excadrill|Mold Breaker\n|turn|1\n|\n|t:|1788340710\n|move|p1a: Clefable|Follow Me|p1a: Clefable\n|-singleturn|p1a: Clefable|move: Follow Me\n|move|p2b: Grimmsnarl|Reflect|p2b: Grimmsnarl\n|-sidestart|p2: DuDeReedSSSSSSS|Reflect\n|move|p2a: Espathra|Calm Mind|p2a: Espathra\n|-boost|p2a: Espathra|spa|1\n|-boost|p2a: Espathra|spd|1\n|move|p1b: Excadrill|Rapid Spin|p2b: Grimmsnarl\n|-damage|p2b: Grimmsnarl|86/100\n|-boost|p1b: Excadrill|spe|1\n|\n|-ability|p2a: Espathra|Speed Boost|boost\n|-boost|p2a: Espathra|spe|1\n|upkeep\n|turn|2\n|\n|t:|1788340739\n|move|p1a: Clefable|Helping Hand|p1b: Excadrill\n|-singleturn|p1b: Excadrill|Helping Hand|[of] p1a: Clefable\n|move|p2b: Grimmsnarl|Reflect||[still]\n|-fail|p2b: Grimmsnarl\n|move|p2a: Espathra|Calm Mind|p2a: Espathra\n|-boost|p2a: Espathra|spa|1\n|-boost|p2a: Espathra|spd|1\n|move|p1b: Excadrill|Rock Slide|p2a: Espathra|[spread] p2a,p2b\n|-damage|p2a: Espathra|74/100\n|-damage|p2b: Grimmsnarl|61/100\n|\n|-ability|p2a: Espathra|Speed Boost|boost\n|-boost|p2a: Espathra|spe|1\n|upkeep\n|turn|3\n|\n|t:|1788340777\n|move|p2b: Grimmsnarl|Parting Shot|p1b: Excadrill\n|-unboost|p1b: Excadrill|atk|1\n|-unboost|p1b: Excadrill|spa|1\n|\n|t:|1788340780\n|switch|p2b: Pelipper|Pelipper, L50, M|100/100|[from] Parting Shot\n|-weather|RainDance|[from] ability: Drizzle|[of] p2b: Pelipper\n|move|p2a: Espathra|Calm Mind|p2a: Espathra\n|-boost|p2a: Espathra|spa|1\n|-boost|p2a: Espathra|spd|1\n|move|p1b: Excadrill|High Horsepower|p2a: Espathra\n|-damage|p2a: Espathra|39/100\n|-enditem|p2a: Espathra|Sitrus Berry|[eat]\n|-heal|p2a: Espathra|64/100|[from] item: Sitrus Berry\n|move|p1a: Clefable|Moonblast|p2a: Espathra\n|-damage|p2a: Espathra|9/100\n|\n|-weather|RainDance|[upkeep]\n|-ability|p2a: Espathra|Speed Boost|boost\n|-boost|p2a: Espathra|spe|1\n|upkeep\n|turn|4\n|\n|t:|1788340817\n|switch|p2b: Swampert|Swampert, L50, F|100/100\n|move|p2a: Espathra|Protect|p2a: Espathra\n|-singleturn|p2a: Espathra|Protect\n|move|p1b: Excadrill|High Horsepower|p2a: Espathra\n|-activate|p2a: Espathra|move: Protect\n|move|p1a: Clefable|Moonblast|p2a: Espathra\n|-activate|p2a: Espathra|move: Protect\n|\n|-weather|RainDance|[upkeep]\n|-ability|p2a: Espathra|Speed Boost|boost\n|-boost|p2a: Espathra|spe|1\n|upkeep\n|turn|5\n|\n|t:|1788340836\n|switch|p1b: Meowscarada|Meowscarada, L50, F|100/100\n|detailschange|p2b: Swampert|Swampert-Mega, L50, F\n|-mega|p2b: Swampert|Swampert|Swampertite\n|move|p2a: Espathra|Baton Pass|p2a: Espathra\n|\n|t:|1788340842\n|switch|p2a: Pelipper|Pelipper, L50, M|100/100|[from] Baton Pass\n|move|p2b: Swampert|Earthquake|p1b: Meowscarada|[spread] p1a,p1b\n|-immune|p2a: Pelipper\n|-resisted|p1b: Meowscarada|1\n|-damage|p1a: Clefable|53/100\n|-damage|p1b: Meowscarada|70/100\n|move|p1a: Clefable|Moonblast|p2a: Pelipper\n|-damage|p2a: Pelipper|44/100\n|\n|-weather|RainDance|[upkeep]\n|upkeep\n|turn|6\n|\n|t:|1788340877\n|move|p2a: Pelipper|Protect|p2a: Pelipper\n|-singleturn|p2a: Pelipper|Protect\n|move|p1b: Meowscarada|Protect|p1b: Meowscarada\n|-start|p1b: Meowscarada|typechange|Normal|[from] ability: Protean\n|-singleturn|p1b: Meowscarada|Protect\n|move|p2b: Swampert|Ice Punch|p1b: Meowscarada\n|-activate|p1b: Meowscarada|move: Protect\n|move|p1a: Clefable|Moonblast|p2a: Pelipper\n|-activate|p2a: Pelipper|move: Protect\n|\n|-weather|RainDance|[upkeep]\n|upkeep\n|turn|7\n|\n|t:|1788340914\n|detailschange|p1a: Clefable|Clefable-Mega, L50, M, shiny\n|-mega|p1a: Clefable|Clefable|Clefablite\n|move|p1a: Clefable|Follow Me|p1a: Clefable\n|-singleturn|p1a: Clefable|move: Follow Me\n|move|p2a: Pelipper|Muddy Water|p1a: Clefable|[spread] p1a,p1b\n|-damage|p1a: Clefable|0 fnt\n|-damage|p1b: Meowscarada|0 fnt\n|faint|p1a: Clefable\n|faint|p1b: Meowscarada\n|-damage|p2a: Pelipper|34/100|[from] item: Life Orb\n|move|p2b: Swampert|Earthquake|p2a: Pelipper\n|-immune|p2a: Pelipper\n|\n|-weather|none\n|upkeep\n|\n|t:|1788340928\n|switch|p1b: Heracross|Heracross, L50, M, shiny|100/100\n|switch|p1a: Excadrill|Excadrill, L50, F|100/100\n|-ability|p1a: Excadrill|Mold Breaker\n|turn|8\n|-message|Ralph-LM forfeited.\n|raw|Ralph-LM's rating: 1074 &rarr; <strong>1056</strong><br />(-18 for losing)\n|raw|DuDeReedSSSSSSS's rating: 1130 &rarr; <strong>1151</strong><br />(+21 for winning)\n|\n|win|DuDeReedSSSSSSS\n|l|☆Ralph-LM\n|player|p1|\n","uploadtime":1788341215,"views":"1","formatid":"gen9championsvgc2026regmbbo3","rating":1056,"private":0,"password":null}