{"id":"gen9championsvgc2026regmb-2674688263","format":"[Gen 9 Champions] VGC 2026 Reg M-B","players":["Mimikyujoppadesuu","Lirtox"],"log":"|j|☆Mimikyujoppadesuu\n|j|☆Lirtox\n|t:|1788390743\n|gametype|doubles\n|player|p1|Mimikyujoppadesuu|juggler|1080\n|player|p2|Lirtox|lyra|1000\n|gen|9\n|tier|[Gen 9 Champions] VGC 2026 Reg M-B\n|rated|\n|rule|Species Clause: Limit one of each Pokémon\n|rule|Item Clause: Limit 1 of each item\n|clearpoke\n|poke|p1|Staraptor, L50, F|\n|poke|p1|Sneasler, L50, M|\n|poke|p1|Orthworm, L50, M, shiny|\n|poke|p1|Gengar, L50, M, shiny|\n|poke|p1|Politoed, L50, F, shiny|\n|poke|p1|Basculegion, L50, M, shiny|\n|poke|p2|Falinks, L50|\n|poke|p2|Slowbro-Galar, L50, M|\n|poke|p2|Flapple, L50, F|\n|poke|p2|Forretress, L50, F|\n|poke|p2|Delphox, L50, M|\n|poke|p2|Toxapex, L50, F|\n|teampreview|4\n|inactive|Battle timer is ON: inactive players will automatically lose when time's up. (requested by Mimikyujoppadesuu)\n|\n|t:|1788390766\n|teamsize|p1|4\n|teamsize|p2|4\n|start\n|switch|p1a: Politoed|Politoed, L50, F, shiny|100/100\n|switch|p1b: Basculegion|Basculegion, L50, M, shiny|100/100\n|switch|p2a: Forretress|Forretress, L50, F|100/100\n|switch|p2b: Toxapex|Toxapex, L50, F|100/100\n|-weather|RainDance|[from] ability: Drizzle|[of] p1a: Politoed\n|turn|1\n|\n|t:|1788390779\n|move|p1b: Basculegion|Wave Crash|p2a: Forretress\n|-damage|p2a: Forretress|34/100\n|-enditem|p2a: Forretress|Sitrus Berry|[eat]\n|-heal|p2a: Forretress|58/100|[from] item: Sitrus Berry\n|-damage|p1b: Basculegion|80/100|[from] Recoil\n|move|p1a: Politoed|Earth Power|p2b: Toxapex\n|-supereffective|p2b: Toxapex|1\n|-damage|p2b: Toxapex|52/100\n|-damage|p1a: Politoed|90/100|[from] item: Life Orb\n|move|p2a: Forretress|Gravity|p2a: Forretress\n|-fieldstart|move: Gravity\n|move|p2b: Toxapex|Icy Wind|p1b: Basculegion|[spread] p1a,p1b\n|-resisted|p1a: Politoed|1\n|-resisted|p1b: Basculegion|1\n|-damage|p1a: Politoed|87/100\n|-damage|p1b: Basculegion|78/100\n|-unboost|p1a: Politoed|spe|1\n|-unboost|p1b: Basculegion|spe|1\n|\n|-weather|RainDance|[upkeep]\n|-heal|p2b: Toxapex|57/100|[from] item: Leftovers\n|upkeep\n|turn|2\n|inactive|Mimikyujoppadesuu has 30 seconds left.\n|\n|t:|1788390805\n|switch|p1b: Sneasler|Sneasler, L50, M|100/100\n|move|p2b: Toxapex|Baneful Bunker|p2b: Toxapex\n|-singleturn|p2b: Toxapex|move: Protect\n|move|p1a: Politoed|Earth Power|p2a: Forretress\n|-damage|p2a: Forretress|3/100\n|-damage|p1a: Politoed|78/100|[from] item: Life Orb\n|move|p2a: Forretress|Explosion|p1b: Sneasler|[spread] p1a,p1b\n|-activate|p2b: Toxapex|move: Protect\n|-damage|p1a: Politoed|29/100\n|-damage|p1b: Sneasler|40/100\n|faint|p2a: Forretress\n|\n|-weather|RainDance|[upkeep]\n|-heal|p2b: Toxapex|63/100|[from] item: Leftovers\n|upkeep\n|\n|t:|1788390822\n|switch|p2a: Slowbro|Slowbro-Galar, L50, M|100/100\n|turn|3\n|-activate|p2a: Slowbro|ability: Quick Draw\n|\n|t:|1788390834\n|move|p1b: Sneasler|Fake Out|p2b: Toxapex\n|-damage|p2b: Toxapex|50/100g\n|move|p2a: Slowbro|Shell Side Arm|p1a: Politoed|[anim] Shell Side Arm Special\n|-damage|p1a: Politoed|0 fnt\n|-hint|Special Shell Side Arm\n|faint|p1a: Politoed\n|cant|p2b: Toxapex|flinch\n|\n|-weather|RainDance|[upkeep]\n|-heal|p2b: Toxapex|56/100|[from] item: Leftovers\n|upkeep\n|\n|t:|1788390854\n|switch|p1a: Basculegion|Basculegion, L50, M, shiny|78/100\n|turn|4\n|\n|t:|1788390865\n|move|p1b: Sneasler|Rock Slide|p2a: Slowbro|[spread] p2a,p2b\n|-crit|p2a: Slowbro\n|-damage|p2a: Slowbro|72/100\n|-damage|p2b: Toxapex|40/100\n|move|p1a: Basculegion|Last Respects|p2a: Slowbro\n|-supereffective|p2a: Slowbro|1\n|-damage|p2a: Slowbro|0 fnt\n|faint|p2a: Slowbro\n|move|p2b: Toxapex|Icy Wind|p1b: Sneasler|[spread] p1a,p1b\n|-resisted|p1a: Basculegion|1\n|-damage|p1a: Basculegion|74/100\n|-damage|p1b: Sneasler|34/100\n|-unboost|p1a: Basculegion|spe|1\n|-unboost|p1b: Sneasler|spe|1\n|\n|-weather|RainDance|[upkeep]\n|-heal|p2b: Toxapex|46/100|[from] item: Leftovers\n|upkeep\n|\n|t:|1788390874\n|switch|p2a: Falinks|Falinks, L50|100/100\n|turn|5\n|\n|t:|1788390884\n|detailschange|p2a: Falinks|Falinks-Mega, L50\n|-mega|p2a: Falinks|Falinks|Falinksite\n|move|p2a: Falinks|Rock Slide|p1a: Basculegion|[spread] p1a,p1b\n|-resisted|p1b: Sneasler|1\n|-crit|p1b: Sneasler\n|-damage|p1a: Basculegion|50/100g\n|-damage|p1b: Sneasler|14/100\n|move|p1b: Sneasler|Rock Slide|p2a: Falinks|[spread] p2a,p2b\n|-resisted|p2a: Falinks|1\n|-damage|p2a: Falinks|89/100\n|-damage|p2b: Toxapex|29/100\n|cant|p1a: Basculegion|flinch\n|move|p2b: Toxapex|Icy Wind|p1a: Basculegion|[spread] p1a,p1b\n|-resisted|p1a: Basculegion|1\n|-damage|p1a: Basculegion|47/100\n|-damage|p1b: Sneasler|7/100\n|-unboost|p1a: Basculegion|spe|1\n|-unboost|p1b: Sneasler|spe|1\n|-enditem|p1a: Basculegion|Sitrus Berry|[eat]\n|-heal|p1a: Basculegion|72/100|[from] item: Sitrus Berry\n|\n|-weather|none\n|-heal|p2b: Toxapex|35/100|[from] item: Leftovers\n|-fieldend|move: Gravity\n|upkeep\n|turn|6\n|\n|t:|1788390905\n|move|p2a: Falinks|Rock Slide|p1a: Basculegion|[spread] p1a,p1b\n|-resisted|p1b: Sneasler|1\n|-damage|p1a: Basculegion|48/100\n|-damage|p1b: Sneasler|0 fnt\n|faint|p1b: Sneasler\n|move|p1a: Basculegion|Wave Crash|p2a: Falinks\n|-damage|p2a: Falinks|3/100\n|-damage|p1a: Basculegion|29/100|[from] Recoil\n|move|p2b: Toxapex|Icy Wind|p1a: Basculegion\n|-resisted|p1a: Basculegion|1\n|-damage|p1a: Basculegion|25/100\n|-unboost|p1a: Basculegion|spe|1\n|\n|-heal|p2b: Toxapex|41/100|[from] item: Leftovers\n|upkeep\n|\n|t:|1788390908\n|switch|p1b: Staraptor|Staraptor, L50, F|100/100\n|-ability|p1b: Staraptor|Intimidate|boost\n|-unboost|p2a: Falinks|atk|1\n|-ability|p2a: Falinks|Defiant|boost\n|-boost|p2a: Falinks|atk|2\n|-unboost|p2b: Toxapex|atk|1\n|turn|7\n|\n|t:|1788390917\n|detailschange|p1b: Staraptor|Staraptor-Mega, L50, F\n|-mega|p1b: Staraptor|Staraptor|Staraptite\n|move|p2b: Toxapex|Baneful Bunker|p2b: Toxapex\n|-singleturn|p2b: Toxapex|move: Protect\n|move|p1a: Basculegion|Aqua Jet|p2a: Falinks\n|-damage|p2a: Falinks|0 fnt\n|faint|p2a: Falinks\n|move|p1b: Staraptor|Close Combat|p2b: Toxapex\n|-activate|p2b: Toxapex|move: Protect\n|-status|p1b: Staraptor|psn\n|\n|-heal|p2b: Toxapex|47/100|[from] item: Leftovers\n|-damage|p1b: Staraptor|87/100 psn|[from] psn\n|upkeep\n|turn|8\n|\n|t:|1788390929\n|move|p2b: Toxapex|Baneful Bunker|p2b: Toxapex\n|-singleturn|p2b: Toxapex|move: Protect\n|move|p1b: Staraptor|Close Combat|p2b: Toxapex\n|-activate|p2b: Toxapex|move: Protect\n|move|p1a: Basculegion|Last Respects|p2b: Toxapex\n|-activate|p2b: Toxapex|move: Protect\n|\n|-heal|p2b: Toxapex|52/100|[from] item: Leftovers\n|-damage|p1b: Staraptor|75/100 psn|[from] psn\n|upkeep\n|turn|9\n|\n|t:|1788390939\n|move|p1b: Staraptor|Close Combat|p2b: Toxapex\n|-resisted|p2b: Toxapex|1\n|-damage|p2b: Toxapex|26/100\n|-boost|p1b: Staraptor|def|1\n|-boost|p1b: Staraptor|spd|1\n|move|p2b: Toxapex|Icy Wind|p1a: Basculegion|[spread] p1a,p1b\n|-resisted|p1a: Basculegion|1\n|-supereffective|p1b: Staraptor|1\n|-damage|p1a: Basculegion|21/100\n|-damage|p1b: Staraptor|67/100 psn\n|-unboost|p1a: Basculegion|spe|1\n|-boost|p1b: Staraptor|spe|1\n|move|p1a: Basculegion|Wave Crash|p2b: Toxapex\n|-resisted|p2b: Toxapex|1\n|-damage|p2b: Toxapex|0 fnt\n|faint|p2b: Toxapex\n|-damage|p1a: Basculegion|15/100|[from] Recoil\n|\n|win|Mimikyujoppadesuu\n|raw|Mimikyujoppadesuu's rating: 1080 &rarr; <strong>1102</strong><br />(+22 for winning)\n|raw|Lirtox's rating: 1000 &rarr; <strong>1000</strong><br />(+0 for losing)\n|l|☆Mimikyujoppadesuu\n|player|p1|\n","uploadtime":1788390992,"views":"1","formatid":"gen9championsvgc2026regmb","rating":1000,"private":0,"password":null}