{"id":"gen9championsvgc2026regmbbo3-2674148925","format":"[Gen 9 Champions] VGC 2026 Reg M-B (Bo3)","players":["NettoFagundes","moicito"],"log":"|j|☆NettoFagundes\n|j|☆moicito\n|html|<table width=\"100%\"><tr><td align=\"left\">NettoFagundes</td><td align=\"right\">moicito</tr><tr><td align=\"left\"><i class=\"fa fa-circle\"></i> <i class=\"fa fa-circle-o\"></i> </td><td align=\"right\"><i class=\"fa fa-circle-o\"></i> <i class=\"fa fa-circle-o\"></i> </tr></table>\n|uhtml|bestof|<h2><strong>Game 2</strong> of <a href=\"/game-bestof3-gen9championsvgc2026regmbbo3-2674147072\">a best-of-3</a></h2>\n|t:|1788306417\n|gametype|doubles\n|player|p1|NettoFagundes|hugh|1064\n|player|p2|moicito|caitlin|1185\n|gen|9\n|tier|[Gen 9 Champions] VGC 2026 Reg M-B (Bo3)\n|rated|\n|rule|Species Clause: Limit one of each Pokémon\n|rule|Item Clause: Limit 1 of each item\n|clearpoke\n|poke|p1|Swampert, L50, M|\n|poke|p1|Raichu, L50, M|\n|poke|p1|Archaludon, L50, M|\n|poke|p1|Pelipper, L50, M|\n|poke|p1|Basculegion, L50, M|\n|poke|p1|Grimmsnarl, L50, M|\n|poke|p2|Whimsicott, L50, F|\n|poke|p2|Garchomp, L50, M|\n|poke|p2|Basculegion, L50, M|\n|poke|p2|Kingambit, L50, M|\n|poke|p2|Floette-Eternal, L50, F|\n|poke|p2|Charizard, L50, M|\n|teampreview|4\n|showteam|p1|Swampert||Swampertite|Torrent|PoisonJab,Earthquake,FlipTurn,Protect|Adamant||M|||50|]Raichu||RaichuniteY|LightningRod|FakeOut,ZapCannon,FocusBlast,Electroweb|Hasty||M|||50|]Archaludon||Leftovers|Stamina|FlashCannon,DracoMeteor,ElectroShot,Protect|Calm||M|||50|]Pelipper||FocusSash|Drizzle|Hurricane,Protect,HelpingHand,Tailwind|Bold||M|||50|]Basculegion||ChoiceScarf|Adaptability|WaveCrash,AquaJet,LastRespects,FlipTurn|Jolly||M|||50|]Grimmsnarl||LightClay|Prankster|SpiritBreak,Reflect,LightScreen,PartingShot|Careful||M|||50|\n|showteam|p2|Whimsicott||FocusSash|Prankster|Moonblast,Tailwind,Encore,Protect|Timid||F|||50|]Garchomp||SitrusBerry|RoughSkin|DragonClaw,StompingTantrum,RockSlide,Protect|Adamant||M|||50|]Basculegion||LifeOrb|Adaptability|WaveCrash,LastRespects,AquaJet,Protect|Adamant||M|||50|]Kingambit||ChopleBerry|Defiant|KowtowCleave,IronHead,LowKick,SuckerPunch|Adamant||M|||50|]Floette-Eternal||Floettite|FlowerVeil|Moonblast,DazzlingGleam,LightofRuin,Protect|Timid||F|||50|]Charizard||CharizarditeY|Blaze|HeatWave,AncientPower,WeatherBall,Protect|Modest||M|||50|\n|inactive|Battle timer is ON: inactive players will automatically lose when time's up. (requested by NettoFagundes)\n|\n|t:|1788306446\n|teamsize|p1|4\n|teamsize|p2|4\n|start\n|switch|p1a: Archaludon|Archaludon, L50, M|100/100\n|switch|p1b: Grimmsnarl|Grimmsnarl, L50, M|100/100\n|switch|p2a: Kingambit|Kingambit, L50, M|100/100\n|switch|p2b: Basculegion|Basculegion, L50, M|100/100\n|turn|1\n|\n|t:|1788306468\n|switch|p2b: Whimsicott|Whimsicott, L50, F|100/100\n|move|p1b: Grimmsnarl|Parting Shot|p2b: Whimsicott\n|-unboost|p2b: Whimsicott|atk|1\n|-unboost|p2b: Whimsicott|spa|1\n|\n|t:|1788306476\n|switch|p1b: Pelipper|Pelipper, L50, M|100/100|[from] Parting Shot\n|-weather|RainDance|[from] ability: Drizzle|[of] p1b: Pelipper\n|move|p1a: Archaludon|Electro Shot||[still]\n|-prepare|p1a: Archaludon|Electro Shot\n|-boost|p1a: Archaludon|spa|1\n|-anim|p1a: Archaludon|Electro Shot|p2a: Kingambit\n|-damage|p2a: Kingambit|47/100\n|move|p2a: Kingambit|Kowtow Cleave|p1b: Pelipper\n|-crit|p1b: Pelipper\n|-damage|p1b: Pelipper|51/100\n|\n|-weather|RainDance|[upkeep]\n|upkeep\n|turn|2\n|inactive|moicito has 30 seconds left.\n|\n|t:|1788306505\n|move|p1b: Pelipper|Protect|p1b: Pelipper\n|-singleturn|p1b: Pelipper|Protect\n|move|p2b: Whimsicott|Tailwind|p2b: Whimsicott\n|-sidestart|p2: moicito|move: Tailwind\n|move|p2a: Kingambit|Kowtow Cleave|p1b: Pelipper\n|-activate|p1b: Pelipper|move: Protect\n|move|p1a: Archaludon|Electro Shot||[still]\n|-prepare|p1a: Archaludon|Electro Shot\n|-boost|p1a: Archaludon|spa|1\n|-anim|p1a: Archaludon|Electro Shot|p2a: Kingambit\n|-damage|p2a: Kingambit|0 fnt\n|faint|p2a: Kingambit\n|\n|-weather|RainDance|[upkeep]\n|upkeep\n|\n|t:|1788306517\n|switch|p2a: Floette|Floette-Eternal, L50, F|100/100\n|turn|3\n|\n|t:|1788306536\n|detailschange|p2a: Floette|Floette-Mega, L50, F\n|-mega|p2a: Floette|Floette|Floettite\n|-ability|p2a: Floette|Fairy Aura\n|move|p2b: Whimsicott|Moonblast|p1a: Archaludon\n|-damage|p1a: Archaludon|67/100\n|-ability|p1a: Archaludon|Stamina|boost\n|-boost|p1a: Archaludon|def|1\n|move|p2a: Floette|Moonblast|p1a: Archaludon\n|-damage|p1a: Archaludon|0 fnt\n|faint|p1a: Archaludon\n|move|p1b: Pelipper|Hurricane|p2b: Whimsicott\n|-supereffective|p2b: Whimsicott|1\n|-enditem|p2b: Whimsicott|Focus Sash\n|-damage|p2b: Whimsicott|1/100\n|\n|-weather|RainDance|[upkeep]\n|upkeep\n|inactive|NettoFagundes has 30 seconds left.\n|\n|t:|1788306561\n|switch|p1a: Grimmsnarl|Grimmsnarl, L50, M|100/100\n|turn|4\n|\n|t:|1788306582\n|move|p1a: Grimmsnarl|Light Screen|p1a: Grimmsnarl\n|-sidestart|p1: NettoFagundes|move: Light Screen\n|move|p2b: Whimsicott|Moonblast|p1a: Grimmsnarl\n|-supereffective|p1a: Grimmsnarl|1\n|-damage|p1a: Grimmsnarl|67/100\n|move|p2a: Floette|Dazzling Gleam|p1b: Pelipper|[spread] p1a,p1b\n|-supereffective|p1a: Grimmsnarl|1\n|-damage|p1a: Grimmsnarl|21/100\n|-damage|p1b: Pelipper|3/100\n|move|p1b: Pelipper|Tailwind|p1b: Pelipper\n|-sidestart|p1: NettoFagundes|move: Tailwind\n|\n|-weather|RainDance|[upkeep]\n|upkeep\n|turn|5\n|inactive|NettoFagundes has 30 seconds left.\n|\n|t:|1788306614\n|move|p1b: Pelipper|Protect|p1b: Pelipper\n|-singleturn|p1b: Pelipper|Protect\n|move|p2b: Whimsicott|Encore|p1b: Pelipper\n|-activate|p1b: Pelipper|move: Protect\n|move|p2a: Floette|Dazzling Gleam|p1a: Grimmsnarl|[spread] p1a\n|-activate|p1b: Pelipper|move: Protect\n|-supereffective|p1a: Grimmsnarl|1\n|-damage|p1a: Grimmsnarl|0 fnt\n|faint|p1a: Grimmsnarl\n|\n|-weather|none\n|-sideend|p2: moicito|move: Tailwind\n|upkeep\n|\n|t:|1788306625\n|switch|p1a: Basculegion|Basculegion, L50, M|100/100\n|turn|6\n|\n|t:|1788306641\n|move|p2b: Whimsicott|Tailwind|p2b: Whimsicott\n|-sidestart|p2: moicito|move: Tailwind\n|move|p1a: Basculegion|Last Respects|p2a: Floette\n|-damage|p2a: Floette|0 fnt\n|faint|p2a: Floette\n|move|p1b: Pelipper|Hurricane|p2b: Whimsicott\n|-supereffective|p2b: Whimsicott|1\n|-damage|p2b: Whimsicott|0 fnt\n|faint|p2b: Whimsicott\n|\n|upkeep\n|\n|t:|1788306652\n|switch|p2a: Basculegion|Basculegion, L50, M|100/100\n|turn|7\n|\n|t:|1788306664\n|move|p2a: Basculegion|Protect|p2a: Basculegion\n|-singleturn|p2a: Basculegion|Protect\n|move|p1a: Basculegion|Last Respects|p2a: Basculegion\n|-activate|p2a: Basculegion|move: Protect\n|move|p1b: Pelipper|Hurricane|p2a: Basculegion\n|-activate|p2a: Basculegion|move: Protect\n|\n|-sideend|p1: NettoFagundes|move: Tailwind\n|upkeep\n|turn|8\n|\n|t:|1788306675\n|move|p1b: Pelipper|Helping Hand|p1a: Basculegion\n|-singleturn|p1a: Basculegion|Helping Hand|[of] p1b: Pelipper\n|move|p2a: Basculegion|Last Respects|p1a: Basculegion\n|-supereffective|p1a: Basculegion|1\n|-damage|p1a: Basculegion|0 fnt\n|faint|p1a: Basculegion\n|-damage|p2a: Basculegion|90/100|[from] item: Life Orb\n|\n|upkeep\n|turn|9\n|\n|t:|1788306689\n|move|p2a: Basculegion|Last Respects|p1b: Pelipper\n|-damage|p1b: Pelipper|0 fnt\n|faint|p1b: Pelipper\n|-damage|p2a: Basculegion|80/100|[from] item: Life Orb\n|\n|win|moicito\n||moicito is ready for game 3.\n|l|☆NettoFagundes\n|player|p1|\n||NettoFagundes is ready for game 3.\n|uhtml|next|Next: <a href=\"/battle-gen9championsvgc2026regmbbo3-2674150764\"><strong>Game 3 of 3</strong></a>\n","uploadtime":1788306956,"views":"4","formatid":"gen9championsvgc2026regmbbo3","rating":null,"private":0,"password":null}