{"id":"gen9championsvgc2026regmbbo3-2674761639","format":"[Gen 9 Champions] VGC 2026 Reg M-B (Bo3)","players":["fertpaet","Veepr"],"log":"|j|☆fertpaet\n|j|☆Veepr\n|html|<table width=\"100%\"><tr><td align=\"left\">fertpaet</td><td align=\"right\">Veepr</tr><tr><td align=\"left\"><i class=\"fa fa-circle-o\"></i> <i class=\"fa fa-circle-o\"></i> </td><td align=\"right\"><i class=\"fa fa-circle-o\"></i> <i class=\"fa fa-circle-o\"></i> </tr></table>\n|uhtml|bestof|<h2><strong>Game 1</strong> of <a href=\"/game-bestof3-gen9championsvgc2026regmbbo3-2674761638\">a best-of-3</a></h2>\n|t:|1788402111\n|gametype|doubles\n|player|p1|fertpaet|cynthia|\n|player|p2|Veepr|lyra|\n|gen|9\n|tier|[Gen 9 Champions] VGC 2026 Reg M-B (Bo3)\n|rule|Species Clause: Limit one of each Pokémon\n|rule|Item Clause: Limit 1 of each item\n|raw|<div class=\"infobox\"><details class=\"readmore\" open><summary><strong>1 custom rule:</strong></summary> !Force Open Team Sheets</details></div>\n|clearpoke\n|poke|p1|Sableye, L50, F, shiny|\n|poke|p1|Swampert, L50, M|\n|poke|p1|Garchomp, L50, F|\n|poke|p1|Roserade, L50, M|\n|poke|p1|Overqwil, L50, M|\n|poke|p1|Arcanine-Hisui, L50, F|\n|poke|p2|Sinistcha, L50|\n|poke|p2|Glaceon, L50, M|\n|poke|p2|Vanilluxe, L50, F|\n|poke|p2|Mudsdale, L50, M|\n|poke|p2|Blaziken, L50, F|\n|poke|p2|Mimikyu, L50, M, shiny|\n|teampreview|4\n|\n|t:|1788402249\n|teamsize|p1|4\n|teamsize|p2|4\n|start\n|switch|p1a: Redditor|Sableye, L50, F, shiny|100/100\n|switch|p1b: Slop|Swampert, L50, M|100/100\n|switch|p2a: Big Sippy|Sinistcha, L50|100/100\n|switch|p2b: Slushie|Glaceon, L50, M|100/100\n|turn|1\n|\n|t:|1788402285\n|detailschange|p1b: Slop|Swampert-Mega, L50, M\n|-mega|p1b: Slop|Swampert|Swampertite\n|move|p2a: Big Sippy|Rage Powder|p2a: Big Sippy\n|-singleturn|p2a: Big Sippy|move: Rage Powder\n|move|p1a: Redditor|Rain Dance|p1a: Redditor\n|-weather|RainDance\n|move|p1b: Slop|Ice Punch|p2a: Big Sippy\n|-supereffective|p2a: Big Sippy|1\n|-damage|p2a: Big Sippy|46/100\n|-enditem|p2a: Big Sippy|Sitrus Berry|[eat]\n|-heal|p2a: Big Sippy|70/100|[from] item: Sitrus Berry\n|move|p2b: Slushie|Calm Mind|p2b: Slushie\n|-boost|p2b: Slushie|spa|1\n|-boost|p2b: Slushie|spd|1\n|\n|-weather|RainDance|[upkeep]\n|upkeep\n|turn|2\n|\n|t:|1788402333\n|move|p1a: Redditor|Protect|p1a: Redditor\n|-singleturn|p1a: Redditor|Protect\n|move|p1b: Slop|Rock Slide|p2b: Slushie|[spread] p2b\n|-miss|p1b: Slop|p2a: Big Sippy\n|-supereffective|p2b: Slushie|1\n|-damage|p2b: Slushie|60/100\n|move|p2b: Slushie|Baton Pass|p2b: Slushie\n|\n|t:|1788402343\n|switch|p2b: Tango|Vanilluxe, L50, F|100/100|[from] Baton Pass\n|-weather|Snowscape|[from] ability: Snow Warning|[of] p2b: Tango\n|move|p2a: Big Sippy|Trick Room|p2a: Big Sippy\n|-fieldstart|move: Trick Room|[of] p2a: Big Sippy\n|\n|-weather|Snowscape|[upkeep]\n|upkeep\n|turn|3\n|\n|t:|1788402358\n|move|p1a: Redditor|Quash|p2a: Big Sippy\n|-activate|p2a: Big Sippy|move: Quash\n|move|p2b: Tango|Freeze-Dry|p1b: Slop\n|-supereffective|p1b: Slop|2\n|-damage|p1b: Slop|0 fnt\n|faint|p1b: Slop\n|move|p2a: Big Sippy|Life Dew||[still]|[spread] p2a,p2b\n|-heal|p2a: Big Sippy|96/100\n|-fail|p2b: Tango|heal\n|\n|-weather|Snowscape|[upkeep]\n|upkeep\n|\n|t:|1788402369\n|switch|p1b: Ouppy|Arcanine-Hisui, L50, F|100/100\n|turn|4\n|\n|t:|1788402389\n|switch|p2a: Stalwart|Mudsdale, L50, M|100/100\n|move|p1a: Redditor|Quash|p2b: Tango\n|-activate|p2b: Tango|move: Quash\n|move|p1b: Ouppy|Flare Blitz|p2b: Tango\n|-supereffective|p2b: Tango|1\n|-damage|p2b: Tango|24/100\n|move|p2b: Tango|Aurora Veil|p2b: Tango\n|-sidestart|p2: Veepr|move: Aurora Veil\n|\n|-weather|Snowscape|[upkeep]\n|upkeep\n|turn|5\n|\n|t:|1788402430\n|move|p1a: Redditor|Will-O-Wisp|p2a: Stalwart\n|-status|p2a: Stalwart|brn\n|move|p2a: Stalwart|High Horsepower|p1b: Ouppy\n|-supereffective|p1b: Ouppy|2\n|-damage|p1b: Ouppy|3/100\n|move|p2b: Tango|Blizzard|p1a: Redditor|[spread] p1a,p1b\n|-resisted|p1b: Ouppy|1\n|-damage|p1a: Redditor|24/100\n|-damage|p1b: Ouppy|0 fnt\n|faint|p1b: Ouppy\n|\n|-weather|Snowscape|[upkeep]\n|-damage|p2a: Stalwart|94/100 brn|[from] brn\n|upkeep\n|\n|t:|1788402442\n|switch|p1b: RuPaul|Roserade, L50, M|100/100\n|turn|6\n|\n|t:|1788402477\n|move|p1a: Redditor|Quash|p2a: Stalwart\n|-activate|p2a: Stalwart|move: Quash\n|move|p2b: Tango|Blizzard|p1b: RuPaul|[spread] p1a,p1b\n|-supereffective|p1b: RuPaul|1\n|-damage|p1a: Redditor|0 fnt\n|-damage|p1b: RuPaul|0 fnt\n|faint|p1a: Redditor\n|faint|p1b: RuPaul\n|\n|win|Veepr\n|inactive|fertpaet has 30 seconds to confirm battle start!\n|inactive|Veepr has 30 seconds to confirm battle start!\n","uploadtime":1788402488,"views":"9","formatid":"gen9championsvgc2026regmbbo3","rating":null,"private":0,"password":null}