{"id":"gen9championsvgc2026regmb-2674651402","format":"[Gen 9 Champions] VGC 2026 Reg M-B","players":["BtC37","FractalVGC"],"log":"|j|☆BtC37\n|j|☆FractalVGC\n|t:|1788385297\n|gametype|doubles\n|player|p1|BtC37|ghetsis|1240\n|player|p2|FractalVGC|swimmerf|1268\n|gen|9\n|tier|[Gen 9 Champions] VGC 2026 Reg M-B\n|rated|\n|rule|Species Clause: Limit one of each Pokémon\n|rule|Item Clause: Limit 1 of each item\n|clearpoke\n|poke|p1|Ninetales-Alola, L50, F|\n|poke|p1|Incineroar, L50, F|\n|poke|p1|Dragonite, L50, M|\n|poke|p1|Sneasler, L50, M|\n|poke|p1|Gengar, L50, M|\n|poke|p1|Swampert, L50, M|\n|poke|p2|Delphox, L50, F, shiny|\n|poke|p2|Sinistcha, L50|\n|poke|p2|Floette-Eternal, L50, F|\n|poke|p2|Incineroar, L50, F|\n|poke|p2|Sneasler, L50, F|\n|poke|p2|Kingambit, L50, F, shiny|\n|teampreview|4\n|inactive|Battle timer is ON: inactive players will automatically lose when time's up. (requested by BtC37)\n|inactive|BtC37 has 60 seconds left.\n|inactive|FractalVGC has 60 seconds left.\n|\n|t:|1788385352\n|teamsize|p1|4\n|teamsize|p2|4\n|start\n|switch|p1a: Gengar|Gengar, L50, M|100/100\n|switch|p1b: Swampert|Swampert, L50, M|100/100\n|switch|p2a: Floette|Floette-Eternal, L50, F|100/100\n|switch|p2b: Kingambit|Kingambit, L50, F, shiny|100/100\n|turn|1\n|inactive|BtC37 has 30 seconds left.\n|\n|t:|1788385384\n|detailschange|p1a: Gengar|Gengar-Mega, L50, M\n|-mega|p1a: Gengar|Gengar|Gengarite\n|detailschange|p2a: Floette|Floette-Mega, L50, F\n|-mega|p2a: Floette|Floette|Floettite\n|-ability|p2a: Floette|Fairy Aura\n|move|p1a: Gengar|Protect|p1a: Gengar\n|-singleturn|p1a: Gengar|Protect\n|move|p2a: Floette|Dazzling Gleam|p1a: Gengar|[spread] p1b\n|-activate|p1a: Gengar|move: Protect\n|-damage|p1b: Swampert|65/100\n|move|p1b: Swampert|High Horsepower|p2b: Kingambit\n|-supereffective|p2b: Kingambit|1\n|-damage|p2b: Kingambit|42/100\n|move|p2b: Kingambit|Kowtow Cleave|p1a: Gengar\n|-activate|p1a: Gengar|move: Protect\n|\n|-heal|p1b: Swampert|70/100|[from] item: Leftovers\n|upkeep\n|turn|2\n|inactive|FractalVGC has 30 seconds left.\n|\n|t:|1788385417\n|move|p2b: Kingambit|Protect|p2b: Kingambit\n|-singleturn|p2b: Kingambit|Protect\n|move|p1a: Gengar|Sludge Bomb|p2a: Floette\n|-supereffective|p2a: Floette|1\n|-damage|p2a: Floette|15/100\n|move|p2a: Floette|Dazzling Gleam|p1b: Swampert|[spread] p1a,p1b\n|-resisted|p1a: Gengar|1\n|-crit|p1a: Gengar\n|-damage|p1a: Gengar|61/100\n|-damage|p1b: Swampert|34/100\n|move|p1b: Swampert|High Horsepower|p2b: Kingambit\n|-activate|p2b: Kingambit|move: Protect\n|\n|-heal|p1b: Swampert|40/100|[from] item: Leftovers\n|upkeep\n|turn|3\n|inactive|FractalVGC has 30 seconds left.\n|\n|t:|1788385448\n|move|p1a: Gengar|Protect|p1a: Gengar\n|-singleturn|p1a: Gengar|Protect\n|move|p1b: Swampert|Protect|p1b: Swampert\n|-singleturn|p1b: Swampert|Protect\n|move|p2b: Kingambit|Sucker Punch||[still]\n|-fail|p2b: Kingambit\n|move|p2a: Floette|Draining Kiss|p1b: Swampert\n|-activate|p1b: Swampert|move: Protect\n|\n|-heal|p1b: Swampert|46/100|[from] item: Leftovers\n|upkeep\n|turn|4\n|inactive|BtC37 has 30 seconds left.\n|\n|t:|1788385476\n|move|p2b: Kingambit|Sucker Punch|p1a: Gengar\n|-supereffective|p1a: Gengar|1\n|-damage|p1a: Gengar|0 fnt\n|faint|p1a: Gengar\n|-damage|p2b: Kingambit|32/100|[from] item: Life Orb\n|move|p2a: Floette|Dazzling Gleam|p1b: Swampert\n|-damage|p1b: Swampert|0 fnt\n|faint|p1b: Swampert\n|\n|upkeep\n|\n|t:|1788385486\n|switch|p1a: Dragonite|Dragonite, L50, M|100/100\n|switch|p1b: Sneasler|Sneasler, L50, M|100/100\n|turn|5\n|\n|t:|1788385503\n|switch|p2b: Sinistcha|Sinistcha, L50|100/100\n|-heal|p2a: Floette|39/100|[from] ability: Hospitality|[of] p2b: Sinistcha\n|move|p2a: Floette|Protect|p2a: Floette\n|-singleturn|p2a: Floette|Protect\n|move|p1b: Sneasler|Rock Slide|p2b: Sinistcha|[spread] p2b\n|-activate|p2a: Floette|move: Protect\n|-damage|p2b: Sinistcha|82/100\n|move|p1a: Dragonite|Dragon Claw|p2b: Sinistcha\n|-damage|p2b: Sinistcha|32/100\n|-damage|p1a: Dragonite|90/100|[from] item: Life Orb\n|\n|upkeep\n|turn|6\n|inactive|FractalVGC has 30 seconds left.\n|\n|t:|1788385530\n|switch|p2b: Sneasler|Sneasler, L50, F|100/100\n|move|p1b: Sneasler|Dire Claw|p2a: Floette\n|-supereffective|p2a: Floette|1\n|-damage|p2a: Floette|0 fnt\n|faint|p2a: Floette\n|move|p1a: Dragonite|Dragon Claw|p2b: Sneasler\n|-enditem|p2b: Sneasler|Focus Sash\n|-damage|p2b: Sneasler|1/100\n|-damage|p1a: Dragonite|80/100|[from] item: Life Orb\n|\n|upkeep\n|\n|t:|1788385541\n|switch|p2a: Sinistcha|Sinistcha, L50|32/100\n|-heal|p2b: Sneasler|25/100|[from] ability: Hospitality|[of] p2a: Sinistcha\n|turn|7\n|\n|t:|1788385550\n|move|p1b: Sneasler|Protect|p1b: Sneasler\n|-singleturn|p1b: Sneasler|Protect\n|move|p1a: Dragonite|Protect|p1a: Dragonite\n|-singleturn|p1a: Dragonite|Protect\n|move|p2a: Sinistcha|Rage Powder|p2a: Sinistcha\n|-singleturn|p2a: Sinistcha|move: Rage Powder\n|move|p2b: Sneasler|Poison Jab|p1a: Dragonite\n|-activate|p1a: Dragonite|move: Protect\n|\n|upkeep\n|turn|8\n|inactive|BtC37 has 30 seconds left.\n|\n|t:|1788385575\n|switch|p2b: Kingambit|Kingambit, L50, F, shiny|32/100\n|move|p1a: Dragonite|Extreme Speed|p2b: Kingambit\n|-resisted|p2b: Kingambit|1\n|-damage|p2b: Kingambit|18/100\n|-damage|p1a: Dragonite|71/100|[from] item: Life Orb\n|move|p1b: Sneasler|Dire Claw|p2a: Sinistcha\n|-damage|p2a: Sinistcha|0 fnt\n|faint|p2a: Sinistcha\n|\n|upkeep\n|\n|t:|1788385585\n|switch|p2a: Sneasler|Sneasler, L50, F|25/100\n|turn|9\n|-message|FractalVGC forfeited.\n|\n|win|BtC37\n|raw|BtC37's rating: 1240 &rarr; <strong>1267</strong><br />(+27 for winning)\n|raw|FractalVGC's rating: 1268 &rarr; <strong>1241</strong><br />(-27 for losing)\n|l|☆FractalVGC\n|player|p2|\n","uploadtime":1788385601,"views":"0","formatid":"gen9championsvgc2026regmb","rating":1241,"private":0,"password":null}