{"id":"gen9championsvgc2026regmb-2673865283","format":"[Gen 9 Champions] VGC 2026 Reg M-B","players":["Jimy 123","yeeterdieabeater"],"log":"|j|☆Jimy 123\n|j|‽yeeterdieabeater\n|t:|1788270422\n|gametype|doubles\n|player|p1|Jimy 123|bugcatcher-gen4dp|1055\n|player|p2|yeeterdieabeater|harlequin|1071\n|gen|9\n|tier|[Gen 9 Champions] VGC 2026 Reg M-B\n|rated|\n|rule|Species Clause: Limit one of each Pokémon\n|rule|Item Clause: Limit 1 of each item\n|clearpoke\n|poke|p1|Golurk, L50, shiny|\n|poke|p1|Oranguru, L50, F|\n|poke|p1|Toxapex, L50, M|\n|poke|p1|Kingambit, L50, M, shiny|\n|poke|p1|Torkoal, L50, F|\n|poke|p1|Ampharos, L50, M, shiny|\n|poke|p2|Staraptor, L50, F, shiny|\n|poke|p2|Incineroar, L50, M, shiny|\n|poke|p2|Basculegion, L50, M, shiny|\n|poke|p2|Palafin, L50, M, shiny|\n|poke|p2|Gholdengo, L50, shiny|\n|poke|p2|Vaporeon, L50, F, shiny|\n|teampreview|4\n|inactive|Battle timer is ON: inactive players will automatically lose when time's up. (requested by yeeterdieabeater)\n|inactive|Jimy 123 has 60 seconds left.\n|\n|t:|1788270457\n|teamsize|p1|4\n|teamsize|p2|4\n|start\n|switch|p1a: Oranguru|Oranguru, L50, F|100/100\n|switch|p1b: Ampharos|Ampharos, L50, M, shiny|100/100\n|switch|p2a: Incineroar|Incineroar, L50, M, shiny|100/100\n|switch|p2b: Staraptor|Staraptor, L50, F, shiny|100/100\n|-ability|p2b: Staraptor|Intimidate|boost\n|-unboost|p1a: Oranguru|atk|1\n|-unboost|p1b: Ampharos|atk|1\n|-ability|p2a: Incineroar|Intimidate|boost\n|-unboost|p1a: Oranguru|atk|1\n|-unboost|p1b: Ampharos|atk|1\n|turn|1\n|inactive|yeeterdieabeater has 30 seconds left.\n|inactive|yeeterdieabeater has 20 seconds left.\n|inactive|yeeterdieabeater has 15 seconds left.\n|\n|t:|1788270498\n|detailschange|p2b: Staraptor|Staraptor-Mega, L50, F, shiny\n|-mega|p2b: Staraptor|Staraptor|Staraptite\n|move|p2a: Incineroar|Fake Out|p1a: Oranguru\n|-damage|p1a: Oranguru|88/100\n|move|p2b: Staraptor|Close Combat|p1b: Ampharos\n|-crit|p1b: Ampharos\n|-damage|p1b: Ampharos|5/100\n|-boost|p2b: Staraptor|def|1\n|-boost|p2b: Staraptor|spd|1\n|move|p1b: Ampharos|Thunderbolt|p2b: Staraptor\n|-supereffective|p2b: Staraptor|1\n|-damage|p2b: Staraptor|34/100\n|cant|p1a: Oranguru|flinch\n|\n|upkeep\n|turn|2\n|inactive|yeeterdieabeater has 30 seconds left.\n|\n|t:|1788270529\n|move|p2b: Staraptor|Close Combat|p1b: Ampharos\n|-damage|p1b: Ampharos|0 fnt\n|-boost|p2b: Staraptor|def|1\n|-boost|p2b: Staraptor|spd|1\n|-status|p2b: Staraptor|par|[from] ability: Static|[of] p1b: Ampharos\n|faint|p1b: Ampharos\n|move|p2a: Incineroar|Parting Shot|p2b: Staraptor\n|-boost|p2b: Staraptor|atk|1\n|-boost|p2b: Staraptor|spa|1\n|\n|t:|1788270539\n|switch|p2a: Palafin|Palafin, L50, M, shiny|100/100|[from] Parting Shot\n|move|p1a: Oranguru|Trick Room|p1a: Oranguru\n|-fieldstart|move: Trick Room|[of] p1a: Oranguru\n|\n|upkeep\n|\n|t:|1788270544\n|switch|p1b: Golurk|Golurk, L50, shiny|100/100\n|turn|3\n|\n|t:|1788270555\n|detailschange|p1b: Golurk|Golurk-Mega, L50, shiny\n|-mega|p1b: Golurk|Golurk|Golurkite\n|move|p2b: Staraptor|Protect|p2b: Staraptor\n|-singleturn|p2b: Staraptor|Protect\n|move|p1b: Golurk|Ice Punch|p2b: Staraptor\n|-supereffective|p2b: Staraptor|1\n|-ability|p1b: Golurk|Unseen Fist\n|-zbroken|p2b: Staraptor\n|-damage|p2b: Staraptor|26/100 par\n|move|p1a: Oranguru|Hyper Voice|p2b: Staraptor|[spread] p2a\n|-activate|p2b: Staraptor|move: Protect\n|-damage|p2a: Palafin|70/100\n|move|p2a: Palafin|Flip Turn|p1b: Golurk\n|-supereffective|p1b: Golurk|1\n|-damage|p1b: Golurk|51/100\n|\n|t:|1788270569\n|detailschange|p2a: Palafin|Palafin-Hero, L50, M, shiny\n|switch|p2a: Incineroar|Incineroar, L50, M, shiny|100/100|[from] Flip Turn\n|-ability|p2a: Incineroar|Intimidate|boost\n|-unboost|p1a: Oranguru|atk|1\n|-unboost|p1b: Golurk|atk|1\n|\n|upkeep\n|turn|4\n|\n|t:|1788270580\n|move|p2a: Incineroar|Fake Out|p1a: Oranguru\n|-damage|p1a: Oranguru|78/100\n|move|p1b: Golurk|Headlong Rush|p2a: Incineroar\n|-supereffective|p2a: Incineroar|1\n|-damage|p2a: Incineroar|0 fnt\n|-unboost|p1b: Golurk|def|1\n|-unboost|p1b: Golurk|spd|1\n|faint|p2a: Incineroar\n|cant|p1a: Oranguru|flinch\n|move|p2b: Staraptor|Roost|p2b: Staraptor\n|-heal|p2b: Staraptor|76/100 par\n|-singleturn|p2b: Staraptor|move: Roost\n|\n|upkeep\n|\n|t:|1788270594\n|switch|p2a: Palafin|Palafin-Hero, L50, M, shiny|70/100\n|-activate|p2a: Palafin|ability: Zero to Hero\n|turn|5\n|\n|t:|1788270605\n|move|p2a: Palafin|Jet Punch|p1b: Golurk\n|-supereffective|p1b: Golurk|1\n|-damage|p1b: Golurk|0 fnt\n|faint|p1b: Golurk\n|move|p1a: Oranguru|Hyper Voice|p2b: Staraptor|[spread] p2a,p2b\n|-damage|p2a: Palafin|46/100\n|-damage|p2b: Staraptor|65/100 par\n|move|p2b: Staraptor|Close Combat|p1a: Oranguru\n|-damage|p1a: Oranguru|12/100\n|-boost|p2b: Staraptor|def|1\n|-boost|p2b: Staraptor|spd|1\n|\n|upkeep\n|\n|t:|1788270616\n|switch|p1b: Kingambit|Kingambit, L50, M, shiny|100/100\n|-activate|p1b: Kingambit|ability: Supreme Overlord\n|-start|p1b: Kingambit|fallen2|[silent]\n|turn|6\n|\n|t:|1788270631\n|move|p1b: Kingambit|Sucker Punch|p2a: Palafin\n|-damage|p2a: Palafin|0 fnt\n|faint|p2a: Palafin\n|-damage|p1b: Kingambit|90/100|[from] item: Life Orb\n|move|p1a: Oranguru|Hyper Voice|p2b: Staraptor\n|-damage|p2b: Staraptor|54/100 par\n|move|p2b: Staraptor|Close Combat|p1b: Kingambit\n|-supereffective|p1b: Kingambit|2\n|-damage|p1b: Kingambit|0 fnt\n|-boost|p2b: Staraptor|def|1\n|-boost|p2b: Staraptor|spd|1\n|faint|p1b: Kingambit\n|-end|p1b: Kingambit|fallen2|[silent]\n|\n|-fieldend|move: Trick Room\n|upkeep\n|\n|t:|1788270642\n|switch|p2a: Gholdengo|Gholdengo, L50, shiny|100/100\n|turn|7\n|-message|Jimy 123 forfeited.\n|\n|win|yeeterdieabeater\n|raw|Jimy 123's rating: 1055 &rarr; <strong>1038</strong><br />(-17 for losing)\n|raw|yeeterdieabeater's rating: 1071 &rarr; <strong>1099</strong><br />(+28 for winning)\n|l|☆Jimy 123\n|player|p1|\n","uploadtime":1788270657,"views":"2","formatid":"gen9championsvgc2026regmb","rating":1038,"private":0,"password":null}