{"id":"gen9championsvgc2026regmb-2675012083","format":"[Gen 9 Champions] VGC 2026 Reg M-B","players":["GenericEdgeLrd","TheTurtlePerson6"],"log":"|j|☆GenericEdgeLrd\n|j|☆TheTurtlePerson6\n|t:|1788448557\n|gametype|doubles\n|player|p1|GenericEdgeLrd|gentleman-gen4|1140\n|player|p2|TheTurtlePerson6|170|1263\n|gen|9\n|tier|[Gen 9 Champions] VGC 2026 Reg M-B\n|rated|\n|rule|Species Clause: Limit one of each Pokémon\n|rule|Item Clause: Limit 1 of each item\n|clearpoke\n|poke|p1|Tyranitar, L50, M|\n|poke|p1|Sinistcha, L50|\n|poke|p1|Farigiraf, L50, F|\n|poke|p1|Gengar, L50, F|\n|poke|p1|Sneasler, L50, F|\n|poke|p1|Excadrill, L50, M|\n|poke|p2|Pyroar, L50, F|\n|poke|p2|Torkoal, L50, M|\n|poke|p2|Whimsicott, L50, M|\n|poke|p2|Venusaur, L50, M|\n|poke|p2|Farigiraf, L50, M|\n|poke|p2|Sneasler, L50, M|\n|teampreview|4\n|inactive|Battle timer is ON: inactive players will automatically lose when time's up. (requested by TheTurtlePerson6)\n|inactive|GenericEdgeLrd has 60 seconds left.\n|inactive|TheTurtlePerson6 has 60 seconds left.\n|\n|t:|1788448603\n|teamsize|p1|4\n|teamsize|p2|4\n|start\n|switch|p1a: Farigiraf|Farigiraf, L50, F|100/100\n|switch|p1b: Tyranitar|Tyranitar, L50, M|100/100\n|switch|p2a: Sneasler|Sneasler, L50, M|100/100\n|switch|p2b: Farigiraf|Farigiraf, L50, M|100/100\n|-weather|Sandstorm|[from] ability: Sand Stream|[of] p1b: Tyranitar\n|turn|1\n|\n|t:|1788448615\n|move|p1b: Tyranitar|Protect|p1b: Tyranitar\n|-singleturn|p1b: Tyranitar|Protect\n|move|p2a: Sneasler|Close Combat|p1b: Tyranitar\n|-activate|p1b: Tyranitar|move: Protect\n|move|p1a: Farigiraf|Trick Room|p1a: Farigiraf\n|-fieldstart|move: Trick Room|[of] p1a: Farigiraf\n|move|p2b: Farigiraf|Trick Room|p2b: Farigiraf\n|-fieldend|move: Trick Room\n|\n|-weather|Sandstorm|[upkeep]\n|-damage|p2a: Sneasler|94/100|[from] Sandstorm\n|-damage|p1a: Farigiraf|93/100|[from] Sandstorm\n|-damage|p2b: Farigiraf|93/100|[from] Sandstorm\n|upkeep\n|turn|2\n|\n|t:|1788448630\n|switch|p2a: Torkoal|Torkoal, L50, M|100/100\n|-weather|SunnyDay|[from] ability: Drought|[of] p2a: Torkoal\n|switch|p1b: Sinistcha|Sinistcha, L50|100/100\n|-heal|p1a: Farigiraf|100/100|[from] ability: Hospitality|[of] p1b: Sinistcha\n|move|p1a: Farigiraf|Psychic|p2a: Torkoal\n|-damage|p2a: Torkoal|57/100\n|move|p2b: Farigiraf|Hyper Voice|p1b: Sinistcha|[spread] p1a\n|-immune|p1b: Sinistcha\n|-damage|p1a: Farigiraf|63/100\n|\n|-weather|SunnyDay|[upkeep]\n|-heal|p2a: Torkoal|63/100|[from] item: Leftovers\n|upkeep\n|turn|3\n|\n|t:|1788448645\n|switch|p1a: Tyranitar|Tyranitar, L50, M|100/100\n|-weather|Sandstorm|[from] ability: Sand Stream|[of] p1a: Tyranitar\n|move|p2b: Farigiraf|Helping Hand|p2a: Torkoal\n|-singleturn|p2a: Torkoal|Helping Hand|[of] p2b: Farigiraf\n|move|p1b: Sinistcha|Shadow Ball|p2a: Torkoal\n|-damage|p2a: Torkoal|18/100\n|move|p2a: Torkoal|Heat Wave|p1b: Sinistcha|[spread] p1a,p1b\n|-resisted|p1a: Tyranitar|1\n|-supereffective|p1b: Sinistcha|1\n|-damage|p1a: Tyranitar|88/100\n|-damage|p1b: Sinistcha|14/100\n|-enditem|p1b: Sinistcha|Sitrus Berry|[eat]\n|-heal|p1b: Sinistcha|39/100|[from] item: Sitrus Berry\n|\n|-weather|Sandstorm|[upkeep]\n|-damage|p1b: Sinistcha|33/100|[from] Sandstorm\n|-damage|p2b: Farigiraf|87/100|[from] Sandstorm\n|-damage|p2a: Torkoal|12/100|[from] Sandstorm\n|-heal|p2a: Torkoal|18/100|[from] item: Leftovers\n|upkeep\n|turn|4\n|\n|t:|1788448657\n|switch|p2a: Sneasler|Sneasler, L50, M|94/100\n|detailschange|p1a: Tyranitar|Tyranitar-Mega, L50, M\n|-mega|p1a: Tyranitar|Tyranitar|Tyranitarite\n|move|p1a: Tyranitar|Knock Off|p2b: Farigiraf\n|-supereffective|p2b: Farigiraf|1\n|-damage|p2b: Farigiraf|0 fnt\n|-enditem|p2b: Farigiraf|Sitrus Berry|[from] move: Knock Off|[of] p1a: Tyranitar\n|faint|p2b: Farigiraf\n|move|p1b: Sinistcha|Shadow Ball|p2a: Sneasler\n|-damage|p2a: Sneasler|48/100\n|\n|-weather|Sandstorm|[upkeep]\n|-damage|p2a: Sneasler|42/100|[from] Sandstorm\n|-damage|p1b: Sinistcha|26/100|[from] Sandstorm\n|upkeep\n|\n|t:|1788448666\n|switch|p2b: Pyroar|Pyroar, L50, F|100/100\n|-ability|p2b: Pyroar|Unnerve\n|turn|5\n|\n|t:|1788448689\n|switch|p2a: Torkoal|Torkoal, L50, M|18/100\n|-weather|SunnyDay|[from] ability: Drought|[of] p2a: Torkoal\n|detailschange|p2b: Pyroar|Pyroar-Mega, L50, F\n|-mega|p2b: Pyroar|Pyroar|Pyroarite\n|move|p1b: Sinistcha|Rage Powder|p1b: Sinistcha\n|-singleturn|p1b: Sinistcha|move: Rage Powder\n|move|p2b: Pyroar|Heat Wave|p1a: Tyranitar|[spread] p1a\n|-miss|p2b: Pyroar|p1b: Sinistcha\n|-resisted|p1a: Tyranitar|1\n|-damage|p1a: Tyranitar|55/100\n|move|p1a: Tyranitar|Rock Slide|p2a: Torkoal|[spread] p2a,p2b\n|-supereffective|p2a: Torkoal|1\n|-supereffective|p2b: Pyroar|1\n|-damage|p2a: Torkoal|0 fnt\n|-damage|p2b: Pyroar|15/100\n|faint|p2a: Torkoal\n|\n|-weather|SunnyDay|[upkeep]\n|upkeep\n|-message|TheTurtlePerson6 forfeited.\n|\n|win|GenericEdgeLrd\n|raw|GenericEdgeLrd's rating: 1140 &rarr; <strong>1173</strong><br />(+33 for winning)\n|raw|TheTurtlePerson6's rating: 1263 &rarr; <strong>1230</strong><br />(-33 for losing)\n|l|☆TheTurtlePerson6\n|player|p2|\n","uploadtime":1788448705,"views":"0","formatid":"gen9championsvgc2026regmb","rating":1173,"private":0,"password":null}