{"id":"gen9championsvgc2026regmb-2674871485","format":"[Gen 9 Champions] VGC 2026 Reg M-B","players":["keanuvgc","shadow of the tag"],"log":"|j|☆keanuvgc\n|j|☆shadow of the tag\n|html|<table width=\"100%\"><tr><td align=\"left\">keanuvgc</td><td align=\"right\">shadow of the tag</tr><tr><td align=\"left\"><i class=\"fa fa-circle-o\"></i> <i class=\"fa fa-circle-o\"></i> </td><td align=\"right\"><i class=\"fa fa-circle-o\"></i> <i class=\"fa fa-circle-o\"></i> </tr></table>\n|uhtml|bestof|<h2><strong>Game 1</strong> of <a href=\"/game-bestof3-gen9championsvgc2026regmb-2674871484\">a best-of-3</a></h2>\n|t:|1788425926\n|gametype|doubles\n|player|p1|keanuvgc|#epl2023realaegislash|\n|player|p2|shadow of the tag|giovanni|\n|gen|9\n|tier|[Gen 9 Champions] VGC 2026 Reg M-B\n|rated|Tournament battle\n|rule|Species Clause: Limit one of each Pokémon\n|rule|Item Clause: Limit 1 of each item\n|raw|<div class=\"infobox\"><details class=\"readmore\" open><summary><strong>2 custom rules:</strong></summary> Force Open Team Sheets, Best of = 3</details></div>\n|clearpoke\n|poke|p1|Charizard, L50, F, shiny|\n|poke|p1|Whimsicott, L50, F, shiny|\n|poke|p1|Floette-Eternal, L50, F|\n|poke|p1|Garchomp, L50, M, shiny|\n|poke|p1|Incineroar, L50, F|\n|poke|p1|Basculegion, L50, M, shiny|\n|poke|p2|Espathra, L50, F|\n|poke|p2|Archaludon, L50, F|\n|poke|p2|Politoed, L50, F|\n|poke|p2|Scovillain, L50, M|\n|poke|p2|Sneasler, L50, M|\n|poke|p2|Manectric, L50, M|\n|teampreview|4\n|showteam|p1|Charizard||CharizarditeY|Blaze|Protect,HeatWave,SolarBeam,WeatherBall|Modest||F|||50|]Whimsicott||FocusSash|Prankster|Protect,Moonblast,Tailwind,Encore|Timid||F|||50|]Floette-Eternal||Floettite|FlowerVeil|Protect,Moonblast,DazzlingGleam,LightofRuin|Modest||F|||50|]Garchomp||RoseliBerry|RoughSkin|Protect,DragonClaw,StompingTantrum,RockSlide|Jolly||M|||50|]Incineroar||SitrusBerry|Intimidate|PartingShot,FlareBlitz,ThroatChop,FakeOut|Careful||F|||50|]Basculegion||LifeOrb|Adaptability|Protect,WaveCrash,LastRespects,AquaJet|Adamant||M|||50|\n|showteam|p2|Espathra||ColburBerry|Opportunist|LuminaCrash,CalmMind,BatonPass,Protect|Bold||F|||50|]Archaludon||Leftovers|Stamina|ElectroShot,DragonPulse,FlashCannon,Protect|Modest||F|||50|]Politoed||SitrusBerry|Drizzle|MuddyWater,IceBeam,PsychUp,Protect|Calm||F|||50|]Scovillain||Scovillainite|Chlorophyll|RagePowder,LeechSeed,SpicyExtract,Protect|Careful||M|||50|]Sneasler||WhiteHerb|Unburden|CloseCombat,DireClaw,FakeOut,Protect|Adamant||M|||50|]Manectric||Manectite|Static|VoltSwitch,Snarl,Thunder,Protect|Timid||M|||50|\n|j| endershovel\n|\n|t:|1788425955\n|teamsize|p1|4\n|teamsize|p2|4\n|start\n|switch|p1a: Whimsicott|Whimsicott, L50, F, shiny|100/100\n|switch|p1b: Basculegion|Basculegion, L50, M, shiny|100/100\n|switch|p2a: Espathra|Espathra, L50, F|100/100\n|switch|p2b: Manectric|Manectric, L50, M|100/100\n|turn|1\n|inactive|Battle timer is ON: inactive players will automatically lose when time's up. (requested by shadow of the tag)\n|\n|t:|1788425981\n|detailschange|p2b: Manectric|Manectric-Mega, L50, M\n|-mega|p2b: Manectric|Manectric|Manectite\n|-ability|p2b: Manectric|Intimidate|boost\n|-unboost|p1a: Whimsicott|atk|1\n|-unboost|p1b: Basculegion|atk|1\n|move|p2a: Espathra|Protect|p2a: Espathra\n|-singleturn|p2a: Espathra|Protect\n|move|p1a: Whimsicott|Tailwind|p1a: Whimsicott\n|-sidestart|p1: keanuvgc|move: Tailwind\n|move|p1b: Basculegion|Wave Crash|p2b: Manectric\n|-damage|p2b: Manectric|15/100\n|-damage|p1b: Basculegion|74/100|[from] Recoil\n|-damage|p1b: Basculegion|65/100|[from] item: Life Orb\n|move|p2b: Manectric|Volt Switch|p1b: Basculegion\n|-supereffective|p1b: Basculegion|1\n|-damage|p1b: Basculegion|0 fnt\n|faint|p1b: Basculegion\n|inactive|shadow of the tag has 30 seconds left.\n|\n|t:|1788426011\n|switch|p2b: Archaludon|Archaludon, L50, F|100/100|[from] Volt Switch\n|\n|upkeep\n|\n|t:|1788426018\n|switch|p1b: Floette|Floette-Eternal, L50, F|100/100\n|turn|2\n|\n|t:|1788426035\n|detailschange|p1b: Floette|Floette-Mega, L50, F\n|-mega|p1b: Floette|Floette|Floettite\n|-ability|p1b: Floette|Fairy Aura\n|move|p1a: Whimsicott|Moonblast|p2a: Espathra\n|-damage|p2a: Espathra|39/100\n|move|p1b: Floette|Dazzling Gleam|p2a: Espathra|[spread] p2a,p2b\n|-damage|p2a: Espathra|0 fnt\n|-damage|p2b: Archaludon|35/100\n|-ability|p2b: Archaludon|Stamina|boost\n|-boost|p2b: Archaludon|def|1\n|faint|p2a: Espathra\n|move|p2b: Archaludon|Flash Cannon|p1b: Floette\n|-supereffective|p1b: Floette|1\n|-damage|p1b: Floette|35/100\n|\n|-heal|p2b: Archaludon|41/100|[from] item: Leftovers\n|upkeep\n|\n|t:|1788426047\n|switch|p2a: Politoed|Politoed, L50, F|100/100\n|-weather|RainDance|[from] ability: Drizzle|[of] p2a: Politoed\n|turn|3\n|\n|t:|1788426061\n|move|p2b: Archaludon|Protect|p2b: Archaludon\n|-singleturn|p2b: Archaludon|Protect\n|move|p1a: Whimsicott|Moonblast|p2a: Politoed\n|-damage|p2a: Politoed|63/100\n|-unboost|p2a: Politoed|spa|1\n|move|p1b: Floette|Dazzling Gleam|p2b: Archaludon|[spread] p2a\n|-activate|p2b: Archaludon|move: Protect\n|-damage|p2a: Politoed|23/100\n|-enditem|p2a: Politoed|Sitrus Berry|[eat]\n|-heal|p2a: Politoed|48/100|[from] item: Sitrus Berry\n|move|p2a: Politoed|Muddy Water|p1a: Whimsicott|[spread] p1a,p1b\n|-resisted|p1a: Whimsicott|1\n|-damage|p1a: Whimsicott|82/100\n|-damage|p1b: Floette|16/100\n|-unboost|p1a: Whimsicott|accuracy|1\n|\n|-weather|RainDance|[upkeep]\n|-heal|p2b: Archaludon|47/100|[from] item: Leftovers\n|upkeep\n|turn|4\n|inactive|shadow of the tag has 30 seconds left.\n|inactive|keanuvgc has 30 seconds left.\n|inactive|shadow of the tag has 20 seconds left.\n|\n|t:|1788426096\n|move|p1a: Whimsicott|Encore|p2b: Archaludon\n|-start|p2b: Archaludon|Encore\n|move|p2b: Archaludon|Protect|p2b: Archaludon\n|-singleturn|p2b: Archaludon|Protect\n|move|p1b: Floette|Moonblast|p2a: Politoed\n|-damage|p2a: Politoed|0 fnt\n|faint|p2a: Politoed\n|\n|-weather|RainDance|[upkeep]\n|-heal|p2b: Archaludon|53/100|[from] item: Leftovers\n|-sideend|p1: keanuvgc|move: Tailwind\n|upkeep\n|\n|t:|1788426103\n|switch|p2a: Manectric|Manectric-Mega, L50, M|15/100\n|-ability|p2a: Manectric|Intimidate|boost\n|-unboost|p1a: Whimsicott|atk|1\n|-unboost|p1b: Floette|atk|1\n|turn|5\n|\n|t:|1788426113\n|move|p2b: Archaludon|Protect||[still]\n|-fail|p2b: Archaludon\n|move|p1a: Whimsicott|Tailwind|p1a: Whimsicott\n|-sidestart|p1: keanuvgc|move: Tailwind\n|move|p1b: Floette|Dazzling Gleam|p2a: Manectric|[spread] p2a,p2b\n|-damage|p2a: Manectric|0 fnt\n|-damage|p2b: Archaludon|0 fnt\n|faint|p2a: Manectric\n|faint|p2b: Archaludon\n|\n|win|keanuvgc\n","uploadtime":1788426113,"views":"1","formatid":"gen9championsvgc2026regmb","rating":null,"private":0,"password":null}