{"id":"gen9championsvgc2026regmb-2674181108","format":"[Gen 9 Champions] VGC 2026 Reg M-B","players":["pandarsa","Pooooder34"],"log":"|j|☆pandarsa\n|j|☆Pooooder34\n|t:|1788311371\n|gametype|doubles\n|player|p1|pandarsa|cynthia-gen4|1493\n|player|p2|Pooooder34|265|1398\n|gen|9\n|tier|[Gen 9 Champions] VGC 2026 Reg M-B\n|rated|\n|rule|Species Clause: Limit one of each Pokémon\n|rule|Item Clause: Limit 1 of each item\n|clearpoke\n|poke|p1|Delphox, L50, M|\n|poke|p1|Aerodactyl, L50, M|\n|poke|p1|Blastoise, L50, F|\n|poke|p1|Ninetales-Alola, L50, M|\n|poke|p1|Tsareena, L50, F|\n|poke|p1|Venusaur, L50, M|\n|poke|p2|Staraptor, L50, M|\n|poke|p2|Houndstone, L50, M|\n|poke|p2|Tyranitar, L50, M|\n|poke|p2|Rotom-Wash, L50|\n|poke|p2|Excadrill, L50, F|\n|poke|p2|Venusaur, L50, F|\n|teampreview|4\n|inactive|Battle timer is ON: inactive players will automatically lose when time's up. (requested by pandarsa)\n|inactive|Pooooder34 has 60 seconds left.\n|\n|t:|1788311402\n|teamsize|p1|4\n|teamsize|p2|4\n|start\n|switch|p1a: Blastoise|Blastoise, L50, F|100/100\n|switch|p1b: Venusaur|Venusaur, L50, M|100/100\n|switch|p2a: Rotom|Rotom-Wash, L50|100/100\n|switch|p2b: Staraptor|Staraptor, L50, M|100/100\n|-ability|p2b: Staraptor|Intimidate|boost\n|-unboost|p1a: Blastoise|atk|1\n|-unboost|p1b: Venusaur|atk|1\n|turn|1\n|\n|t:|1788311418\n|detailschange|p2b: Staraptor|Staraptor-Mega, L50, M\n|-mega|p2b: Staraptor|Staraptor|Staraptite\n|detailschange|p1b: Venusaur|Venusaur-Mega, L50, M\n|-mega|p1b: Venusaur|Venusaur|Venusaurite\n|move|p1a: Blastoise|Fake Out|p2b: Staraptor\n|-damage|p2b: Staraptor|95/100\n|cant|p2b: Staraptor|flinch\n|move|p1b: Venusaur|Sludge Bomb|p2b: Staraptor\n|-crit|p2b: Staraptor\n|-damage|p2b: Staraptor|28/100\n|move|p2a: Rotom|Thunderbolt|p1a: Blastoise\n|-supereffective|p1a: Blastoise|1\n|-damage|p1a: Blastoise|21/100\n|-enditem|p1a: Blastoise|Sitrus Berry|[eat]\n|-heal|p1a: Blastoise|46/100|[from] item: Sitrus Berry\n|\n|upkeep\n|turn|2\n|inactive|pandarsa has 30 seconds left.\n|\n|t:|1788311446\n|move|p1a: Blastoise|Protect|p1a: Blastoise\n|-singleturn|p1a: Blastoise|Protect\n|move|p2b: Staraptor|Brave Bird|p1b: Venusaur\n|-supereffective|p1b: Venusaur|1\n|-damage|p1b: Venusaur|1/100\n|-damage|p2b: Staraptor|0 fnt|[from] Recoil\n|faint|p2b: Staraptor\n|move|p1b: Venusaur|Sludge Bomb|p2a: Rotom\n|-damage|p2a: Rotom|49/100\n|move|p2a: Rotom|Thunderbolt|p1a: Blastoise\n|-activate|p1a: Blastoise|move: Protect\n|\n|upkeep\n|\n|t:|1788311462\n|switch|p2b: Tyranitar|Tyranitar, L50, M|100/100\n|-weather|Sandstorm|[from] ability: Sand Stream|[of] p2b: Tyranitar\n|turn|3\n|\n|t:|1788311472\n|switch|p1a: Tsareena|Tsareena, L50, F|100/100\n|move|p2b: Tyranitar|Rock Slide|p1a: Tsareena|[spread] p1a,p1b\n|-damage|p1a: Tsareena|70/100\n|-damage|p1b: Venusaur|0 fnt\n|faint|p1b: Venusaur\n|move|p2a: Rotom|Thunderbolt|p1a: Tsareena\n|-resisted|p1a: Tsareena|1\n|-damage|p1a: Tsareena|48/100\n|\n|-weather|Sandstorm|[upkeep]\n|-damage|p2a: Rotom|43/100|[from] Sandstorm\n|-damage|p1a: Tsareena|42/100|[from] Sandstorm\n|upkeep\n|\n|t:|1788311486\n|switch|p1b: Blastoise|Blastoise, L50, F|46/100\n|turn|4\n|\n|t:|1788311494\n|move|p2a: Rotom|Protect|p2a: Rotom\n|-singleturn|p2a: Rotom|Protect\n|move|p1b: Blastoise|Fake Out|p2b: Tyranitar\n|-resisted|p2b: Tyranitar|1\n|-damage|p2b: Tyranitar|97/100\n|cant|p2b: Tyranitar|flinch\n|move|p1a: Tsareena|Power Whip|p2a: Rotom\n|-activate|p2a: Rotom|move: Protect\n|\n|-weather|Sandstorm|[upkeep]\n|-damage|p2a: Rotom|38/100|[from] Sandstorm\n|-damage|p1b: Blastoise|40/100|[from] Sandstorm\n|-damage|p1a: Tsareena|36/100|[from] Sandstorm\n|upkeep\n|turn|5\n|\n|t:|1788311508\n|move|p2b: Tyranitar|Rock Slide|p1b: Blastoise|[spread] p1a,p1b\n|-damage|p1a: Tsareena|7/100\n|-damage|p1b: Blastoise|11/100\n|move|p2a: Rotom|Volt Switch|p1b: Blastoise\n|-supereffective|p1b: Blastoise|1\n|-damage|p1b: Blastoise|0 fnt\n|faint|p1b: Blastoise\n|\n|t:|1788311513\n|switch|p2a: Excadrill|Excadrill, L50, F|100/100|[from] Volt Switch\n|move|p1a: Tsareena|Low Kick|p2b: Tyranitar\n|-supereffective|p2b: Tyranitar|2\n|-damage|p2b: Tyranitar|0 fnt\n|faint|p2b: Tyranitar\n|\n|-weather|Sandstorm|[upkeep]\n|-damage|p1a: Tsareena|1/100|[from] Sandstorm\n|upkeep\n|\n|t:|1788311520\n|switch|p2b: Rotom|Rotom-Wash, L50|38/100\n|switch|p1b: Ninetales|Ninetales-Alola, L50, M|100/100\n|-weather|Snowscape|[from] ability: Snow Warning|[of] p1b: Ninetales\n|turn|6\n|inactive|pandarsa has 30 seconds left.\n|\n|t:|1788311552\n|move|p1b: Ninetales|Freeze-Dry|p2b: Rotom\n|-supereffective|p2b: Rotom|1\n|-damage|p2b: Rotom|0 fnt\n|faint|p2b: Rotom\n|move|p2a: Excadrill|Iron Head|p1b: Ninetales\n|-supereffective|p1b: Ninetales|2\n|-damage|p1b: Ninetales|0 fnt\n|faint|p1b: Ninetales\n|move|p1a: Tsareena|Power Whip|p2a: Excadrill\n|-crit|p2a: Excadrill\n|-enditem|p2a: Excadrill|Focus Sash\n|-damage|p2a: Excadrill|1/100\n|\n|-weather|Snowscape|[upkeep]\n|upkeep\n|turn|7\n|\n|t:|1788311561\n|move|p2a: Excadrill|Iron Head|p1a: Tsareena\n|-damage|p1a: Tsareena|0 fnt\n|faint|p1a: Tsareena\n|\n|win|Pooooder34\n|raw|pandarsa's rating: 1493 &rarr; <strong>1468</strong><br />(-25 for losing)\n|raw|Pooooder34's rating: 1398 &rarr; <strong>1423</strong><br />(+25 for winning)\n|c|☆pandarsa|gg\n|c|☆Pooooder34|gg\n","uploadtime":1788311568,"views":"0","formatid":"gen9championsvgc2026regmb","rating":1423,"private":0,"password":null}