{"id":"gen9championsvgc2026regmb-2674185920","format":"[Gen 9 Champions] VGC 2026 Reg M-B","players":["miland danm","sympixal"],"log":"|j|☆miland danm\n|j|☆sympixal\n|t:|1788312120\n|gametype|doubles\n|player|p1|miland danm|shadowtriad|1082\n|player|p2|sympixal|acetrainerf|1045\n|gen|9\n|tier|[Gen 9 Champions] VGC 2026 Reg M-B\n|rated|\n|rule|Species Clause: Limit one of each Pokémon\n|rule|Item Clause: Limit 1 of each item\n|clearpoke\n|poke|p1|Tyranitar, L50, F|\n|poke|p1|Sinistcha, L50|\n|poke|p1|Garchomp, L50, M|\n|poke|p1|Incineroar, L50, F|\n|poke|p1|Corviknight, L50, M|\n|poke|p1|Rotom-Wash, L50|\n|poke|p2|Incineroar, L50, F|\n|poke|p2|Charizard, L50, M|\n|poke|p2|Venusaur, L50, M|\n|poke|p2|Floette-Eternal, L50, F|\n|poke|p2|Sinistcha, L50|\n|poke|p2|Garchomp, L50, M|\n|teampreview|4\nsympixal has agreed to open team sheets.\n|\n|t:|1788312156\n|teamsize|p1|4\n|teamsize|p2|4\n|start\n|switch|p1a: Tyranitar|Tyranitar, L50, F|100/100\n|switch|p1b: Garchomp|Garchomp, L50, M|100/100\n|switch|p2a: Incineroar|Incineroar, L50, F|100/100\n|switch|p2b: Garchomp|Garchomp, L50, M|100/100\n|-ability|p2a: Incineroar|Intimidate|boost\n|-unboost|p1a: Tyranitar|atk|1\n|-unboost|p1b: Garchomp|atk|1\n|-weather|Sandstorm|[from] ability: Sand Stream|[of] p1a: Tyranitar\n|turn|1\n|\n|t:|1788312179\n|detailschange|p1b: Garchomp|Garchomp-Mega, L50, M\n|-mega|p1b: Garchomp|Garchomp|Garchompite\n|move|p1b: Garchomp|Protect|p1b: Garchomp\n|-singleturn|p1b: Garchomp|Protect\n|move|p1a: Tyranitar|Protect|p1a: Tyranitar\n|-singleturn|p1a: Tyranitar|Protect\n|move|p2a: Incineroar|Fake Out|p1a: Tyranitar\n|-activate|p1a: Tyranitar|move: Protect\n|move|p2b: Garchomp|Dragon Claw|p1b: Garchomp\n|-activate|p1b: Garchomp|move: Protect\n|\n|-weather|Sandstorm|[upkeep]\n|-damage|p2a: Incineroar|94/100|[from] Sandstorm\n|upkeep\n|turn|2\n|\n|t:|1788312217\n|switch|p1b: Corviknight|Corviknight, L50, M|100/100\n|switch|p2a: Sinistcha|Sinistcha, L50|100/100\n|move|p2b: Garchomp|Dragon Claw|p1b: Corviknight\n|-resisted|p1b: Corviknight|1\n|-damage|p1b: Corviknight|86/100\n|move|p1a: Tyranitar|Dragon Dance|p1a: Tyranitar\n|-boost|p1a: Tyranitar|atk|1\n|-boost|p1a: Tyranitar|spe|1\n|\n|-weather|Sandstorm|[upkeep]\n|-damage|p2a: Sinistcha|93/100|[from] Sandstorm\n|upkeep\n|turn|3\n|\n|t:|1788312237\n|move|p2b: Garchomp|Earthquake|p1a: Tyranitar|[spread] p2a,p1a\n|-immune|p1b: Corviknight\n|-resisted|p2a: Sinistcha|1\n|-supereffective|p1a: Tyranitar|1\n|-damage|p2a: Sinistcha|80/100\n|-damage|p1a: Tyranitar|49/100\n|move|p1a: Tyranitar|Dragon Dance|p1a: Tyranitar\n|-boost|p1a: Tyranitar|atk|1\n|-boost|p1a: Tyranitar|spe|1\n|move|p2a: Sinistcha|Matcha Gotcha|p1a: Tyranitar|[spread] p1a,p1b\n|-supereffective|p1a: Tyranitar|1\n|-resisted|p1b: Corviknight|2\n|-damage|p1a: Tyranitar|17/100\n|-heal|p2a: Sinistcha|99/100|[from] drain|[of] p1a: Tyranitar\n|-damage|p1b: Corviknight|81/100\n|-heal|p2a: Sinistcha|100/100|[from] drain|[of] p1b: Corviknight\n|move|p1b: Corviknight|Tailwind|p1b: Corviknight\n|-sidestart|p1: miland danm|move: Tailwind\n|\n|-weather|Sandstorm|[upkeep]\n|-damage|p2a: Sinistcha|93/100|[from] Sandstorm\n|-heal|p1a: Tyranitar|23/100|[from] item: Leftovers\n|upkeep\n|turn|4\n|\n|t:|1788312267\n|switch|p1b: Sinistcha|Sinistcha, L50|100/100\n|-heal|p1a: Tyranitar|48/100|[from] ability: Hospitality|[of] p1b: Sinistcha\n|switch|p2b: Incineroar|Incineroar, L50, F|94/100\n|-ability|p2b: Incineroar|Intimidate|boost\n|-unboost|p1a: Tyranitar|atk|1\n|-unboost|p1b: Sinistcha|atk|1\n|move|p1a: Tyranitar|Knock Off|p2a: Sinistcha\n|-supereffective|p2a: Sinistcha|1\n|-damage|p2a: Sinistcha|0 fnt\n|-enditem|p2a: Sinistcha|Occa Berry|[from] move: Knock Off|[of] p1a: Tyranitar\n|faint|p2a: Sinistcha\n|\n|-weather|Sandstorm|[upkeep]\n|-damage|p1b: Sinistcha|93/100|[from] Sandstorm\n|-damage|p2b: Incineroar|88/100|[from] Sandstorm\n|-heal|p1a: Tyranitar|54/100|[from] item: Leftovers\n|upkeep\n|\n|t:|1788312287\n|switch|p2a: Floette|Floette-Eternal, L50, F|100/100\n|turn|5\n|\n|t:|1788312305\n|detailschange|p2a: Floette|Floette-Mega, L50, F\n|-mega|p2a: Floette|Floette|Floettite\n|-ability|p2a: Floette|Fairy Aura\n|move|p2b: Incineroar|Fake Out|p1a: Tyranitar\n|-resisted|p1a: Tyranitar|1\n|-crit|p1a: Tyranitar\n|-damage|p1a: Tyranitar|47/100\n|move|p1b: Sinistcha|Rage Powder|p1b: Sinistcha\n|-singleturn|p1b: Sinistcha|move: Rage Powder\n|cant|p1a: Tyranitar|flinch\n|move|p2a: Floette|Calm Mind|p2a: Floette\n|-boost|p2a: Floette|spa|1\n|-boost|p2a: Floette|spd|1\n|\n|-weather|none\n|-heal|p1a: Tyranitar|53/100|[from] item: Leftovers\n|upkeep\n|turn|6\n|\n|t:|1788312330\n|switch|p1a: Corviknight|Corviknight, L50, M|81/100\n|switch|p2b: Garchomp|Garchomp, L50, M|100/100\n|move|p1b: Sinistcha|Calm Mind|p1b: Sinistcha\n|-boost|p1b: Sinistcha|spa|1\n|-boost|p1b: Sinistcha|spd|1\n|move|p2a: Floette|Dazzling Gleam|p1b: Sinistcha|[spread] p1a,p1b\n|-resisted|p1a: Corviknight|1\n|-damage|p1a: Corviknight|51/100\n|-damage|p1b: Sinistcha|41/100\n|-enditem|p1b: Sinistcha|Sitrus Berry|[eat]\n|-heal|p1b: Sinistcha|65/100|[from] item: Sitrus Berry\n|\n|-sideend|p1: miland danm|move: Tailwind\n|upkeep\n|turn|7\n|\n|t:|1788312358\n|move|p2a: Floette|Dazzling Gleam|p1a: Corviknight|[spread] p1a,p1b\n|-resisted|p1a: Corviknight|1\n|-damage|p1a: Corviknight|21/100\n|-damage|p1b: Sinistcha|7/100\n|move|p2b: Garchomp|Rock Slide|p1b: Sinistcha|[spread] p1a,p1b\n|-damage|p1a: Corviknight|7/100\n|-damage|p1b: Sinistcha|0 fnt\n|faint|p1b: Sinistcha\n|cant|p1a: Corviknight|flinch\n|\n|upkeep\n|-message|miland danm forfeited.\n|\n|win|sympixal\n|raw|miland danm's rating: 1082 &rarr; <strong>1057</strong><br />(-25 for losing)\n|raw|sympixal's rating: 1045 &rarr; <strong>1082</strong><br />(+37 for winning)\n|l|☆miland danm\n|player|p1|\n","uploadtime":1788312376,"views":"14","formatid":"gen9championsvgc2026regmb","rating":1057,"private":0,"password":null}