{"id":"gen9championsvgc2026regmbbo3-2674829074","format":"[Gen 9 Champions] VGC 2026 Reg M-B (Bo3)","players":["NemoAK","bronzongbroomsvgc"],"log":"|j|☆NemoAK\n|j|☆bronzongbroomsvgc\n|html|<table width=\"100%\"><tr><td align=\"left\">NemoAK</td><td align=\"right\">bronzongbroomsvgc</tr><tr><td align=\"left\"><i class=\"fa fa-circle\"></i> <i class=\"fa fa-circle-o\"></i> </td><td align=\"right\"><i class=\"fa fa-circle-o\"></i> <i class=\"fa fa-circle\"></i> </tr></table>\n|uhtml|bestof|<h2><strong>Game 3</strong> of <a href=\"/game-bestof3-gen9championsvgc2026regmbbo3-2674827755\">a best-of-3</a></h2>\n|t:|1788415722\n|gametype|doubles\n|player|p1|NemoAK|102|1207\n|player|p2|bronzongbroomsvgc|2|1385\n|gen|9\n|tier|[Gen 9 Champions] VGC 2026 Reg M-B (Bo3)\n|rated|\n|rule|Species Clause: Limit one of each Pokémon\n|rule|Item Clause: Limit 1 of each item\n|clearpoke\n|poke|p1|Alakazam, L50, M|\n|poke|p1|Drampa, L50, M|\n|poke|p1|Sinistcha-Masterpiece, L50|\n|poke|p1|Incineroar, L50, M|\n|poke|p1|Aerodactyl, L50, M|\n|poke|p1|Sneasler, L50, M|\n|poke|p2|Toxapex, L50, M|\n|poke|p2|Incineroar, L50, M|\n|poke|p2|Farigiraf, L50, M|\n|poke|p2|Charizard, L50, M|\n|poke|p2|Floette-Eternal, L50, F|\n|poke|p2|Garchomp, L50, F|\n|teampreview|4\n|showteam|p1|Alakazam||LightClay|InnerFocus|Psychic,LightScreen,Reflect,SpeedSwap|Timid||M|||50|]Drampa||Drampanite|CloudNine|HyperVoice,Protect,CalmMind,EarthPower|Quiet||M|||50|]Sinistcha-Masterpiece||OccaBerry|Hospitality|ShadowBall,MatchaGotcha,RagePowder,TrickRoom|Quiet|||||50|]Incineroar||SitrusBerry|Intimidate|FlareBlitz,DarkestLariat,FakeOut,PartingShot|Brave||M|||50|]Aerodactyl||Aerodactylite|Unnerve|Tailwind,RockSlide,DualWingbeat,WideGuard|Jolly||M|||50|]Sneasler||WhiteHerb|Unburden|DireClaw,CloseCombat,FakeOut,QuickGuard|Adamant||M|||50|\n|showteam|p2|Toxapex||Leftovers|Regenerator|BanefulBunker,WideGuard,Toxic,Infestation|Relaxed||M|||50|]Incineroar||SitrusBerry|Intimidate|FakeOut,ThroatChop,FlareBlitz,PartingShot|Adamant||M|||50|]Farigiraf||ColburBerry|ArmorTail|TrickRoom,Psychic,HelpingHand,Protect|Calm||M|||50|]Charizard||CharizarditeY|Blaze|HeatWave,AncientPower,WeatherBall,Protect|Timid||M|||50|]Floette-Eternal||Floettite|FlowerVeil|Moonblast,DazzlingGleam,LightofRuin,Protect|Modest||F|||50|]Garchomp||ChoiceScarf|RoughSkin|Earthquake,RockSlide,DragonClaw,StompingTantrum|Adamant||F|||50|\n|\n|t:|1788415746\n|teamsize|p1|4\n|teamsize|p2|4\n|start\n|switch|p1a: Back In My Day|Drampa, L50, M|100/100\n|switch|p1b: Spill The Tea|Sinistcha-Masterpiece, L50|100/100\n|switch|p2a: Farigiraf|Farigiraf, L50, M|100/100\n|switch|p2b: Floette|Floette-Eternal, L50, F|100/100\n|-ability|p1a: Back In My Day|Cloud Nine\n|turn|1\n|\n|t:|1788415759\n|detailschange|p2b: Floette|Floette-Mega, L50, F\n|-mega|p2b: Floette|Floette|Floettite\n|-ability|p2b: Floette|Fairy Aura\n|detailschange|p1a: Back In My Day|Drampa-Mega, L50, M\n|-mega|p1a: Back In My Day|Drampa|Drampanite\n|move|p2a: Farigiraf|Helping Hand|p2b: Floette\n|-singleturn|p2b: Floette|Helping Hand|[of] p2a: Farigiraf\n|move|p2b: Floette|Moonblast|p1b: Spill The Tea\n|-damage|p1b: Spill The Tea|0 fnt\n|faint|p1b: Spill The Tea\n|move|p1a: Back In My Day|Calm Mind|p1a: Back In My Day\n|-boost|p1a: Back In My Day|spa|1\n|-boost|p1a: Back In My Day|spd|1\n|\n|upkeep\n|\n|t:|1788415771\n|switch|p1b: Ragebaiter|Sneasler, L50, M|100/100\n|turn|2\n|\n|t:|1788415789\n|switch|p1b: Break The Game|Incineroar, L50, M|100/100\n|-ability|p1b: Break The Game|Intimidate|boost\n|-unboost|p2a: Farigiraf|atk|1\n|-unboost|p2b: Floette|atk|1\n|move|p2b: Floette|Protect|p2b: Floette\n|-singleturn|p2b: Floette|Protect\n|move|p2a: Farigiraf|Psychic|p1b: Break The Game\n|-immune|p1b: Break The Game\n|move|p1a: Back In My Day|Hyper Voice|p2a: Farigiraf|[spread] p2a\n|-activate|p2b: Floette|move: Protect\n|-damage|p2a: Farigiraf|48/100\n|\n|upkeep\n|turn|3\n|\n|t:|1788415806\n|move|p2a: Farigiraf|Helping Hand|p2b: Floette\n|-singleturn|p2b: Floette|Helping Hand|[of] p2a: Farigiraf\n|move|p1a: Back In My Day|Protect|p1a: Back In My Day\n|-singleturn|p1a: Back In My Day|Protect\n|move|p2b: Floette|Dazzling Gleam|p1a: Back In My Day|[spread] p1b\n|-activate|p1a: Back In My Day|move: Protect\n|-damage|p1b: Break The Game|47/100\n|-enditem|p1b: Break The Game|Sitrus Berry|[eat]\n|-heal|p1b: Break The Game|71/100|[from] item: Sitrus Berry\n|move|p1b: Break The Game|Parting Shot|p2b: Floette\n|-unboost|p2b: Floette|atk|1\n|-unboost|p2b: Floette|spa|1\n|\n|t:|1788415817\n|switch|p1b: Ragebaiter|Sneasler, L50, M|100/100|[from] Parting Shot\n|\n|upkeep\n|turn|4\n|\n|t:|1788415827\n|switch|p2b: Incineroar|Incineroar, L50, M|100/100\n|-ability|p2b: Incineroar|Intimidate|boost\n|-unboost|p1a: Back In My Day|atk|1\n|-unboost|p1b: Ragebaiter|atk|1\n|-enditem|p1b: Ragebaiter|White Herb\n|-clearnegativeboost|p1b: Ragebaiter|[silent]\n|move|p1b: Ragebaiter|Close Combat|p2a: Farigiraf\n|-damage|p2a: Farigiraf|0 fnt\n|-unboost|p1b: Ragebaiter|def|1\n|-unboost|p1b: Ragebaiter|spd|1\n|faint|p2a: Farigiraf\n|move|p1a: Back In My Day|Hyper Voice|p2b: Incineroar\n|-damage|p2b: Incineroar|30/100\n|-enditem|p2b: Incineroar|Sitrus Berry|[eat]\n|-heal|p2b: Incineroar|54/100|[from] item: Sitrus Berry\n|\n|upkeep\n|\n|t:|1788415836\n|switch|p2a: Floette|Floette-Mega, L50, F|100/100\n|-ability|p2a: Floette|Fairy Aura\n|turn|5\n|\n|t:|1788415845\n|switch|p1b: Break The Game|Incineroar, L50, M|71/100\n|-ability|p1b: Break The Game|Intimidate|boost\n|-unboost|p2a: Floette|atk|1\n|-unboost|p2b: Incineroar|atk|1\n|move|p1a: Back In My Day|Protect|p1a: Back In My Day\n|-singleturn|p1a: Back In My Day|Protect\n|move|p2a: Floette|Moonblast|p1a: Back In My Day\n|-activate|p1a: Back In My Day|move: Protect\n|move|p2b: Incineroar|Throat Chop|p1a: Back In My Day\n|-activate|p1a: Back In My Day|move: Protect\n|\n|upkeep\n|turn|6\n|\n|t:|1788415862\n|move|p2a: Floette|Protect|p2a: Floette\n|-singleturn|p2a: Floette|Protect\n|move|p1b: Break The Game|Fake Out|p2b: Incineroar\n|-damage|p2b: Incineroar|42/100\n|cant|p2b: Incineroar|flinch\n|move|p1a: Back In My Day|Hyper Voice|p2a: Floette|[spread] p2b\n|-activate|p2a: Floette|move: Protect\n|-damage|p2b: Incineroar|0 fnt\n|faint|p2b: Incineroar\n|\n|upkeep\n|\n|t:|1788415870\n|switch|p2b: Garchomp|Garchomp, L50, F|100/100\n|turn|7\n|\n|t:|1788415878\n|move|p1a: Back In My Day|Protect|p1a: Back In My Day\n|-singleturn|p1a: Back In My Day|Protect\n|move|p2b: Garchomp|Stomping Tantrum|p1b: Break The Game\n|-supereffective|p1b: Break The Game|1\n|-crit|p1b: Break The Game\n|-damage|p1b: Break The Game|0 fnt\n|faint|p1b: Break The Game\n|move|p2a: Floette|Light of Ruin|p1a: Back In My Day\n|-activate|p1a: Back In My Day|move: Protect\n|\n|upkeep\n|\n|t:|1788415887\n|switch|p1b: Ragebaiter|Sneasler, L50, M|100/100\n|turn|8\n|\n|t:|1788415893\n|move|p1b: Ragebaiter|Fake Out|p2b: Garchomp\n|-damage|p2b: Garchomp|86/100\n|-damage|p1b: Ragebaiter|87/100|[from] ability: Rough Skin|[of] p2b: Garchomp\n|cant|p2b: Garchomp|flinch\n|move|p2a: Floette|Light of Ruin|p1a: Back In My Day\n|-supereffective|p1a: Back In My Day|1\n|-damage|p1a: Back In My Day|0 fnt\n|faint|p1a: Back In My Day\n|-damage|p2a: Floette|48/100|[from] Recoil\n|\n|upkeep\n|turn|9\n|-message|NemoAK forfeited.\n|\n|win|bronzongbroomsvgc\n|raw|NemoAK's rating: 1207 &rarr; <strong>1194</strong><br />(-13 for losing)\n|raw|bronzongbroomsvgc's rating: 1385 &rarr; <strong>1396</strong><br />(+11 for winning)\n|l|☆NemoAK\n|player|p1|\n","uploadtime":1788415922,"views":"3","formatid":"gen9championsvgc2026regmbbo3","rating":1194,"private":0,"password":null}