{"id":"gen9championsvgc2026regmb-2674885261","format":"[Gen 9 Champions] VGC 2026 Reg M-B","players":["JiGun","beebeetle23"],"log":"|j|☆JiGun\n|j|☆beebeetle23\n|t:|1788429012\n|gametype|doubles\n|player|p1|JiGun|buck|1421\n|player|p2|beebeetle23|170|1332\n|gen|9\n|tier|[Gen 9 Champions] VGC 2026 Reg M-B\n|rated|\n|rule|Species Clause: Limit one of each Pokémon\n|rule|Item Clause: Limit 1 of each item\n|clearpoke\n|poke|p1|Blaziken, L50, M|\n|poke|p1|Kingambit, L50, F|\n|poke|p1|Basculegion, L50, M|\n|poke|p1|Venusaur, L50, M, shiny|\n|poke|p1|Ninetales-Alola, L50, F|\n|poke|p1|Farigiraf, L50, M|\n|poke|p2|Grimmsnarl, L50, M, shiny|\n|poke|p2|Swampert, L50, F, shiny|\n|poke|p2|Pelipper, L50, F|\n|poke|p2|Archaludon, L50, M, shiny|\n|poke|p2|Charizard, L50, M|\n|poke|p2|Venusaur, L50, M|\n|teampreview|4\n|inactive|Battle timer is ON: inactive players will automatically lose when time's up. (requested by beebeetle23)\n|inactive|JiGun has 60 seconds left.\n|\n|t:|1788429058\n|teamsize|p1|4\n|teamsize|p2|4\n|start\n|switch|p1a: Iraf|Farigiraf, L50, M|100/100\n|switch|p1b: Saur|Venusaur, L50, M, shiny|100/100\n|switch|p2a: Swampert|Swampert, L50, F, shiny|100/100\n|switch|p2b: Grimmsnarl|Grimmsnarl, L50, M, shiny|100/100\n|turn|1\n|\n|t:|1788429077\n|detailschange|p1b: Saur|Venusaur-Mega, L50, M, shiny\n|-mega|p1b: Saur|Venusaur|Venusaurite\n|detailschange|p2a: Swampert|Swampert-Mega, L50, F, shiny\n|-mega|p2a: Swampert|Swampert|Swampertite\n|move|p2a: Swampert|Protect|p2a: Swampert\n|-singleturn|p2a: Swampert|Protect\n|move|p2b: Grimmsnarl|Light Screen|p2b: Grimmsnarl\n|-sidestart|p2: beebeetle23|move: Light Screen\n|move|p1b: Saur|Giga Drain|p2a: Swampert\n|-activate|p2a: Swampert|move: Protect\n|move|p1a: Iraf|Trick Room|p1a: Iraf\n|-fieldstart|move: Trick Room|[of] p1a: Iraf\n|\n|upkeep\n|turn|2\n|inactive|beebeetle23 has 30 seconds left.\n|\n|t:|1788429103\n|switch|p2a: Archaludon|Archaludon, L50, M, shiny|100/100\n|move|p2b: Grimmsnarl|Spirit Break|p1a: Iraf\n|-crit|p1a: Iraf\n|-damage|p1a: Iraf|67/100\n|-unboost|p1a: Iraf|spa|1\n|move|p1a: Iraf|Psychic|p2a: Archaludon\n|-resisted|p2a: Archaludon|1\n|-damage|p2a: Archaludon|91/100\n|-ability|p2a: Archaludon|Stamina|boost\n|-boost|p2a: Archaludon|def|1\n|move|p1b: Saur|Giga Drain|p2a: Archaludon\n|-resisted|p2a: Archaludon|2\n|-damage|p2a: Archaludon|83/100\n|-ability|p2a: Archaludon|Stamina|boost\n|-boost|p2a: Archaludon|def|1\n|\n|-heal|p2a: Archaludon|89/100|[from] item: Leftovers\n|upkeep\n|turn|3\n|\n|t:|1788429125\n|move|p1a: Iraf|Helping Hand|p1b: Saur\n|-singleturn|p1b: Saur|Helping Hand|[of] p1a: Iraf\n|move|p2b: Grimmsnarl|Spirit Break|p1b: Saur\n|-resisted|p1b: Saur|1\n|-damage|p1b: Saur|86/100\n|-unboost|p1b: Saur|spa|1\n|move|p1b: Saur|Earth Power|p2a: Archaludon\n|-supereffective|p2a: Archaludon|1\n|-damage|p2a: Archaludon|39/100\n|-ability|p2a: Archaludon|Stamina|boost\n|-boost|p2a: Archaludon|def|1\n|move|p2a: Archaludon|Dragon Pulse|p1b: Saur\n|-damage|p1b: Saur|52/100\n|\n|-heal|p2a: Archaludon|45/100|[from] item: Leftovers\n|upkeep\n|turn|4\n|inactive|JiGun has 30 seconds left.\n|inactive|JiGun has 20 seconds left.\n|inactive|JiGun has 15 seconds left.\n|inactive|JiGun has 10 seconds left.\n|\n|t:|1788429174\n|move|p2a: Archaludon|Protect|p2a: Archaludon\n|-singleturn|p2a: Archaludon|Protect\n|move|p1a: Iraf|Psychic|p2b: Grimmsnarl\n|-immune|p2b: Grimmsnarl\n|move|p2b: Grimmsnarl|Spirit Break|p1b: Saur\n|-resisted|p1b: Saur|1\n|-damage|p1b: Saur|39/100\n|-unboost|p1b: Saur|spa|1\n|move|p1b: Saur|Sludge Bomb|p2b: Grimmsnarl\n|-supereffective|p2b: Grimmsnarl|1\n|-damage|p2b: Grimmsnarl|72/100\n|-status|p2b: Grimmsnarl|psn\n|\n|-heal|p2a: Archaludon|51/100|[from] item: Leftovers\n|-damage|p2b: Grimmsnarl|59/100 psn|[from] psn\n|upkeep\n|turn|5\n|inactive|JiGun has 30 seconds left.\n|inactive|JiGun has 20 seconds left.\n|\n|t:|1788429213\n|switch|p1a: Legion|Basculegion, L50, M|100/100\n|switch|p2b: Pelipper|Pelipper, L50, F|100/100\n|-weather|RainDance|[from] ability: Drizzle|[of] p2b: Pelipper\n|switch|p1b: 9tales|Ninetales-Alola, L50, F|100/100\n|-weather|Snowscape|[from] ability: Snow Warning|[of] p1b: 9tales\n|move|p2a: Archaludon|Electro Shot||[still]\n|-prepare|p2a: Archaludon|Electro Shot\n|-boost|p2a: Archaludon|spa|1\n|\n|-weather|Snowscape|[upkeep]\n|-heal|p2a: Archaludon|57/100|[from] item: Leftovers\n|-fieldend|move: Trick Room\n|upkeep\n|turn|6\n|inactive|JiGun has 30 seconds left.\n|inactive|JiGun has 20 seconds left.\n|inactive|JiGun has 15 seconds left.\n|inactive|JiGun has 10 seconds left.\n|inactive|JiGun has 5 seconds left.\n|\n|t:|1788429265\n|switch|p2b: Grimmsnarl|Grimmsnarl, L50, M, shiny|59/100 psn\n|move|p1b: 9tales|Aurora Veil|p1b: 9tales\n|-sidestart|p1: JiGun|move: Aurora Veil\n|move|p2a: Archaludon|Electro Shot|p1a: Legion|[from] lockedmove\n|-supereffective|p1a: Legion|1\n|-damage|p1a: Legion|15/100\n|move|p1a: Legion|Wave Crash|p2b: Grimmsnarl\n|-damage|p2b: Grimmsnarl|0 fnt\n|faint|p2b: Grimmsnarl\n|-damage|p1a: Legion|0 fnt|[from] Recoil\n|faint|p1a: Legion\n|\n|-weather|Snowscape|[upkeep]\n|-heal|p2a: Archaludon|63/100|[from] item: Leftovers\n|upkeep\n|\n|t:|1788429289\n|switch|p1a: Iraf|Farigiraf, L50, M|67/100\n|switch|p2b: Pelipper|Pelipper, L50, F|100/100\n|-weather|RainDance|[from] ability: Drizzle|[of] p2b: Pelipper\n|turn|7\n|\n|t:|1788429305\n|move|p1b: 9tales|Encore|p2a: Archaludon\n|-start|p2a: Archaludon|Encore\n|move|p2a: Archaludon|Electro Shot||[still]\n|-prepare|p2a: Archaludon|Electro Shot\n|-boost|p2a: Archaludon|spa|1\n|-anim|p2a: Archaludon|Electro Shot|p1a: Iraf\n|-damage|p1a: Iraf|14/100\n|-enditem|p1a: Iraf|Sitrus Berry|[eat]\n|-heal|p1a: Iraf|39/100|[from] item: Sitrus Berry\n|move|p2b: Pelipper|Hurricane|p1b: 9tales\n|-damage|p1b: 9tales|66/100\n|move|p1a: Iraf|Trick Room|p1a: Iraf\n|-fieldstart|move: Trick Room|[of] p1a: Iraf\n|\n|-weather|RainDance|[upkeep]\n|-heal|p2a: Archaludon|70/100|[from] item: Leftovers\n|upkeep\n|turn|8\n|\n|t:|1788429324\n|switch|p2b: Swampert|Swampert-Mega, L50, F, shiny|100/100\n|move|p1a: Iraf|Thunderbolt|p2b: Swampert\n|-immune|p2b: Swampert\n|move|p2a: Archaludon|Electro Shot||[still]\n|-prepare|p2a: Archaludon|Electro Shot\n|-boost|p2a: Archaludon|spa|1\n|-anim|p2a: Archaludon|Electro Shot|p1b: 9tales\n|-damage|p1b: 9tales|0 fnt\n|faint|p1b: 9tales\n|\n|-weather|RainDance|[upkeep]\n|-heal|p2a: Archaludon|76/100|[from] item: Leftovers\n|-sideend|p2: beebeetle23|move: Light Screen\n|upkeep\n|\n|t:|1788429329\n|switch|p1b: Saur|Venusaur-Mega, L50, M, shiny|39/100\n|turn|9\n|\n|t:|1788429342\n|move|p2b: Swampert|Protect|p2b: Swampert\n|-singleturn|p2b: Swampert|Protect\n|move|p1a: Iraf|Psychic|p2a: Archaludon\n|-resisted|p2a: Archaludon|1\n|-damage|p2a: Archaludon|58/100\n|-ability|p2a: Archaludon|Stamina|boost\n|-boost|p2a: Archaludon|def|1\n|move|p1b: Saur|Earth Power|p2a: Archaludon\n|-supereffective|p2a: Archaludon|1\n|-damage|p2a: Archaludon|0 fnt\n|faint|p2a: Archaludon\n|\n|-weather|RainDance|[upkeep]\n|upkeep\n|\n|t:|1788429355\n|switch|p2a: Pelipper|Pelipper, L50, F|100/100\n|turn|10\n|\n|t:|1788429377\n|move|p1a: Iraf|Thunderbolt|p2a: Pelipper\n|-supereffective|p2a: Pelipper|2\n|-damage|p2a: Pelipper|0 fnt\n|faint|p2a: Pelipper\n|move|p1b: Saur|Giga Drain|p2b: Swampert\n|-supereffective|p2b: Swampert|2\n|-damage|p2b: Swampert|0 fnt\n|-heal|p1b: Saur|91/100|[from] drain|[of] p2b: Swampert\n|faint|p2b: Swampert\n|\n|win|JiGun\n|raw|JiGun's rating: 1421 &rarr; <strong>1436</strong><br />(+15 for winning)\n|raw|beebeetle23's rating: 1332 &rarr; <strong>1317</strong><br />(-15 for losing)\n","uploadtime":1788429397,"views":"1","formatid":"gen9championsvgc2026regmb","rating":1317,"private":0,"password":null}