{"id":"gen9championsvgc2026regmb-2673876227","format":"[Gen 9 Champions] VGC 2026 Reg M-B","players":["gallantman","blackred123永雏塔菲侠"],"log":"|j|☆gallantman\n|j|☆blackred123永雏塔菲侠\n|t:|1788271860\n|gametype|doubles\n|player|p1|gallantman|lance|1466\n|player|p2|blackred123永雏塔菲侠|emma|1558\n|gen|9\n|tier|[Gen 9 Champions] VGC 2026 Reg M-B\n|rated|\n|rule|Species Clause: Limit one of each Pokémon\n|rule|Item Clause: Limit 1 of each item\n|clearpoke\n|poke|p1|Tyranitar, L50, M, shiny|\n|poke|p1|Excadrill, L50, M|\n|poke|p1|Staraptor, L50, M|\n|poke|p1|Farigiraf, L50, M|\n|poke|p1|Rotom-Wash, L50|\n|poke|p1|Chandelure, L50, F|\n|poke|p2|Charizard, L50, M|\n|poke|p2|Aerodactyl, L50, M|\n|poke|p2|Farigiraf, L50, M|\n|poke|p2|Sylveon, L50, F|\n|poke|p2|Kingambit, L50, M|\n|poke|p2|Kommo-o, L50, M|\n|teampreview|4\n|inactive|Battle timer is ON: inactive players will automatically lose when time's up. (requested by gallantman)\n|inactive|blackred123永雏塔菲侠 also wants the timer to be on.\n|\n|t:|1788271891\n|teamsize|p1|4\n|teamsize|p2|4\n|start\n|switch|p1a: Staraptor|Staraptor, L50, M|100/100\n|switch|p1b: Rotom|Rotom-Wash, L50|100/100\n|switch|p2a: Aerodactyl|Aerodactyl, L50, M|100/100\n|switch|p2b: Kommo-o|Kommo-o, L50, M|100/100\n|-ability|p2a: Aerodactyl|Unnerve\n|-ability|p1a: Staraptor|Intimidate|boost\n|-unboost|p2a: Aerodactyl|atk|1\n|-unboost|p2b: Kommo-o|atk|1\n|turn|1\n|\n|t:|1788271914\n|detailschange|p2a: Aerodactyl|Aerodactyl-Mega, L50, M\n|-mega|p2a: Aerodactyl|Aerodactyl|Aerodactylite\n|move|p2b: Kommo-o|Protect|p2b: Kommo-o\n|-singleturn|p2b: Kommo-o|Protect\n|move|p1a: Staraptor|U-turn|p2a: Aerodactyl\n|-resisted|p2a: Aerodactyl|1\n|-damage|p2a: Aerodactyl|89/100\n|\n|t:|1788271924\n|switch|p1a: Tyranitar|Tyranitar, L50, M, shiny|100/100|[from] U-turn\n|-weather|Sandstorm|[from] ability: Sand Stream|[of] p1a: Tyranitar\n|move|p2a: Aerodactyl|Tailwind|p2a: Aerodactyl\n|-sidestart|p2: blackred123永雏塔菲侠|move: Tailwind\n|move|p1b: Rotom|Thunderbolt|p2a: Aerodactyl\n|-supereffective|p2a: Aerodactyl|1\n|-crit|p2a: Aerodactyl\n|-damage|p2a: Aerodactyl|22/100\n|-status|p2a: Aerodactyl|par\n|\n|-weather|Sandstorm|[upkeep]\n|-damage|p2b: Kommo-o|94/100|[from] Sandstorm\n|-damage|p1b: Rotom|94/100|[from] Sandstorm\n|upkeep\n|turn|2\n|\n|t:|1788271944\n|move|p1a: Tyranitar|Protect|p1a: Tyranitar\n|-singleturn|p1a: Tyranitar|Protect\n|move|p2b: Kommo-o|Clanging Scales|p1b: Rotom|[spread] p1b\n|-activate|p1a: Tyranitar|move: Protect\n|-damage|p1b: Rotom|54/100\n|-unboost|p2b: Kommo-o|def|1\n|-damage|p2b: Kommo-o|84/100|[from] item: Life Orb\n|move|p2a: Aerodactyl|Rock Slide|p1b: Rotom|[spread] p1b\n|-activate|p1a: Tyranitar|move: Protect\n|-damage|p1b: Rotom|37/100\n|-enditem|p1b: Rotom|Sitrus Berry|[eat]\n|-heal|p1b: Rotom|62/100|[from] item: Sitrus Berry\n|move|p1b: Rotom|Will-O-Wisp|p2b: Kommo-o|[miss]\n|-miss|p1b: Rotom|p2b: Kommo-o\n|\n|-weather|Sandstorm|[upkeep]\n|-damage|p2b: Kommo-o|79/100|[from] Sandstorm\n|-damage|p1b: Rotom|56/100|[from] Sandstorm\n|upkeep\n|turn|3\n|inactive|gallantman has 30 seconds left.\n|inactive|gallantman has 20 seconds left.\n|inactive|gallantman has 15 seconds left.\n|inactive|gallantman has 10 seconds left.\n|\n|t:|1788271990\n|detailschange|p1a: Tyranitar|Tyranitar-Mega, L50, M, shiny\n|-mega|p1a: Tyranitar|Tyranitar|Tyranitarite\n|move|p2b: Kommo-o|Clanging Scales|p1b: Rotom|[spread] p1a,p1b\n|-damage|p1a: Tyranitar|73/100\n|-damage|p1b: Rotom|17/100\n|-unboost|p2b: Kommo-o|def|1\n|-damage|p2b: Kommo-o|69/100|[from] item: Life Orb\n|move|p2a: Aerodactyl|Rock Slide|p1a: Tyranitar|[spread] p1a,p1b\n|-damage|p1a: Tyranitar|60/100\n|-damage|p1b: Rotom|0 fnt\n|faint|p1b: Rotom\n|move|p1a: Tyranitar|Low Kick|p2b: Kommo-o\n|-crit|p2b: Kommo-o\n|-damage|p2b: Kommo-o|0 fnt\n|faint|p2b: Kommo-o\n|\n|-weather|Sandstorm|[upkeep]\n|upkeep\n|\n|t:|1788272006\n|switch|p2b: Sylveon|Sylveon, L50, F|100/100\n|switch|p1b: Staraptor|Staraptor, L50, M|100/100\n|-ability|p1b: Staraptor|Intimidate|boost\n|-unboost|p2a: Aerodactyl|atk|1\n|-unboost|p2b: Sylveon|atk|1\n|turn|4\n|\n|t:|1788272015\n|move|p1b: Staraptor|Final Gambit|p2b: Sylveon\n|-damage|p2b: Sylveon|0 fnt\n|faint|p1b: Staraptor\n|faint|p2b: Sylveon\n|move|p2a: Aerodactyl|Dual Wingbeat|p1a: Tyranitar\n|-resisted|p1a: Tyranitar|1\n|-damage|p1a: Tyranitar|56/100\n|-resisted|p1a: Tyranitar|1\n|-damage|p1a: Tyranitar|52/100\n|-hitcount|p1a: Tyranitar|2\n|move|p1a: Tyranitar|Rock Slide|p2a: Aerodactyl\n|-supereffective|p2a: Aerodactyl|1\n|-damage|p2a: Aerodactyl|0 fnt\n|faint|p2a: Aerodactyl\n|\n|-weather|Sandstorm|[upkeep]\n|-sideend|p2: blackred123永雏塔菲侠|move: Tailwind\n|upkeep\n|\n|t:|1788272029\n|switch|p1b: Excadrill|Excadrill, L50, M|100/100\n|switch|p2b: Kingambit|Kingambit, L50, M|100/100\n|turn|5\n|\n|t:|1788272038\n|move|p1b: Excadrill|Stomping Tantrum|p2b: Kingambit\n|-supereffective|p2b: Kingambit|1\n|-damage|p2b: Kingambit|25/100\n|move|p1a: Tyranitar|Low Kick|p2b: Kingambit\n|-supereffective|p2b: Kingambit|2\n|-damage|p2b: Kingambit|0 fnt\n|faint|p2b: Kingambit\n|\n|win|gallantman\n|raw|gallantman's rating: 1466 &rarr; <strong>1491</strong><br />(+25 for winning)\n|raw|blackred123永雏塔菲侠's rating: 1558 &rarr; <strong>1533</strong><br />(-25 for losing)\n","uploadtime":1788272049,"views":"10","formatid":"gen9championsvgc2026regmb","rating":1491,"private":0,"password":null}