{"id":"gen9championsvgc2026regmbbo3-2673407255","format":"[Gen 9 Champions] VGC 2026 Reg M-B (Bo3)","players":["raibhay","slotharmy6670"],"log":"|j|☆raibhay\n|j|☆slotharmy6670\n|html|<table width=\"100%\"><tr><td align=\"left\">raibhay</td><td align=\"right\">slotharmy6670</tr><tr><td align=\"left\"><i class=\"fa fa-circle-o\"></i> <i class=\"fa fa-circle-o\"></i> </td><td align=\"right\"><i class=\"fa fa-circle-o\"></i> <i class=\"fa fa-circle-o\"></i> </tr></table>\n|uhtml|bestof|<h2><strong>Game 1</strong> of <a href=\"/game-bestof3-gen9championsvgc2026regmbbo3-2673407254\">a best-of-3</a></h2>\n|t:|1788194070\n|gametype|doubles\n|player|p1|raibhay|169|\n|player|p2|slotharmy6670|blue|\n|gen|9\n|tier|[Gen 9 Champions] VGC 2026 Reg M-B (Bo3)\n|rule|Species Clause: Limit one of each Pokémon\n|rule|Item Clause: Limit 1 of each item\n|clearpoke\n|poke|p1|Gyarados, L50, M|\n|poke|p1|Sableye, L50, M|\n|poke|p1|Slowking-Galar, L50, M|\n|poke|p1|Politoed, L50, F|\n|poke|p1|Archaludon, L50, F|\n|poke|p1|Gardevoir, L50, F|\n|poke|p2|Drampa, L50, M|\n|poke|p2|Kangaskhan, L50, F|\n|poke|p2|Maushold, L50|\n|poke|p2|Zoroark-Hisui, L50, F|\n|poke|p2|Farigiraf, L50, F|\n|poke|p2|Staraptor, L50, M|\n|teampreview|4\n|showteam|p1|Gyarados||Gyaradosite|Intimidate|DragonDance,Waterfall,Crunch,Protect|Adamant||M|||50|]Sableye||MentalHerb|Prankster|Quash,Encore,Disable,FakeOut|Sassy||M|||50|]Slowking-Galar||ExpertBelt|Regenerator|ChillyReception,Psychic,SludgeBomb,Protect|Bold||M|||50|]Politoed||SitrusBerry|Drizzle|Protect,WeatherBall,HelpingHand,IceBeam|Serious||F|||50|]Archaludon||Leftovers|Stamina|ElectroShot,DragonPulse,FlashCannon,Protect|Modest||F|||50|]Gardevoir||FocusSash|Trace|TrickRoom,Psychic,Protect,Moonblast|Modest||F|||50|\n|showteam|p2|Drampa||Drampanite|CloudNine|HyperVoice,EarthPower,DragonPulse,Protect|Quiet||M|||50|]Kangaskhan||SilkScarf|Scrappy|FakeOut,LastResort|Brave||F|||50|]Maushold||WideLens|Technician|Crunch,PopulationBomb,Protect,ThunderWave|Careful|||||50|]Zoroark-Hisui||FocusSash|Illusion|BitterMalice,Taunt,Protect,SludgeBomb|Modest||F|||50|]Farigiraf||SitrusBerry|ArmorTail|Psychic,HyperVoice,TrickRoom,Protect|Bold||F|||50|]Staraptor||Staraptite|Intimidate|Roost,Protect,CloseCombat,BraveBird|Jolly||M|||50|\n|l|☆raibhay\n|player|p1|\n|j|☆raibhay\n|player|p1|raibhay|169|\n|j| ayushxd\n|\n|t:|1788194164\n|teamsize|p1|4\n|teamsize|p2|4\n|start\n|switch|p1a: Politoed|Politoed, L50, F|100/100\n|switch|p1b: Gyarados|Gyarados, L50, M|100/100\n|switch|p2a: Kangaskhan|Kangaskhan, L50, F|100/100\n|switch|p2b: Maushold|Maushold, L50|100/100\n|-ability|p1b: Gyarados|Intimidate|boost\n|-fail|p2a: Kangaskhan|unboost|Attack|[from] ability: Scrappy|[of] p2a: Kangaskhan\n|-unboost|p2b: Maushold|atk|1\n|-weather|RainDance|[from] ability: Drizzle|[of] p1a: Politoed\n|turn|1\n|inactive|Battle timer is ON: inactive players will automatically lose when time's up. (requested by slotharmy6670)\n|inactive|slotharmy6670 has 60 seconds left.\n|\n|t:|1788194199\n|detailschange|p1b: Gyarados|Gyarados-Mega, L50, M\n|-mega|p1b: Gyarados|Gyarados|Gyaradosite\n|-ability|p1b: Gyarados|Mold Breaker\n|move|p1b: Gyarados|Protect|p1b: Gyarados\n|-singleturn|p1b: Gyarados|Protect\n|move|p2a: Kangaskhan|Fake Out|p1a: Politoed\n|-damage|p1a: Politoed|84/100\n|move|p2b: Maushold|Bitter Malice|p1b: Gyarados\n|-activate|p1b: Gyarados|move: Protect\n|cant|p1a: Politoed|flinch\n|\n|-weather|RainDance|[upkeep]\n|upkeep\n|turn|2\n|\n|t:|1788194223\n|move|p2b: Maushold|Bitter Malice|p1b: Gyarados\n|-resisted|p1b: Gyarados|1\n|-damage|p1b: Gyarados|88/100\n|-unboost|p1b: Gyarados|atk|1\n|move|p1b: Gyarados|Waterfall|p2a: Kangaskhan\n|-damage|p2a: Kangaskhan|36/100\n|move|p2a: Kangaskhan|Last Resort|p1b: Gyarados\n|-damage|p1b: Gyarados|41/100\n|move|p1a: Politoed|Weather Ball|p2a: Kangaskhan\n|-damage|p2a: Kangaskhan|0 fnt\n|faint|p2a: Kangaskhan\n|\n|-weather|RainDance|[upkeep]\n|upkeep\n|\n|t:|1788194244\n|switch|p2a: Staraptor|Staraptor, L50, M|100/100\n|-ability|p2a: Staraptor|Intimidate|boost\n|-unboost|p1a: Politoed|atk|1\n|-unboost|p1b: Gyarados|atk|1\n|turn|3\n|\n|t:|1788194265\n|switch|p1b: Slowking|Slowking-Galar, L50, M|100/100\n|detailschange|p2a: Staraptor|Staraptor-Mega, L50, M\n|-mega|p2a: Staraptor|Staraptor|Staraptite\n|move|p2a: Staraptor|Close Combat|p1a: Politoed\n|-damage|p1a: Politoed|37/100\n|-boost|p2a: Staraptor|def|1\n|-boost|p2a: Staraptor|spd|1\n|-enditem|p1a: Politoed|Sitrus Berry|[eat]\n|-heal|p1a: Politoed|61/100|[from] item: Sitrus Berry\n|move|p2b: Maushold|Sludge Bomb|p1b: Slowking\n|-resisted|p1b: Slowking|1\n|-damage|p1b: Slowking|88/100\n|move|p1a: Politoed|Ice Beam|p2a: Staraptor\n|-supereffective|p2a: Staraptor|1\n|-damage|p2a: Staraptor|70/100\n|\n|-weather|RainDance|[upkeep]\n|upkeep\n|turn|4\n|inactive|raibhay has 30 seconds left.\n|\n|t:|1788194297\n|move|p1a: Politoed|Helping Hand|p1b: Slowking\n|-singleturn|p1b: Slowking|Helping Hand|[of] p1a: Politoed\n|move|p2a: Staraptor|Close Combat|p1a: Politoed\n|-damage|p1a: Politoed|12/100\n|-boost|p2a: Staraptor|def|1\n|-boost|p2a: Staraptor|spd|1\n|move|p2b: Maushold|Bitter Malice|p1b: Slowking\n|-supereffective|p1b: Slowking|1\n|-damage|p1b: Slowking|31/100\n|-unboost|p1b: Slowking|atk|1\n|move|p1b: Slowking|Psychic|p2a: Staraptor\n|-supereffective|p2a: Staraptor|1\n|-damage|p2a: Staraptor|0 fnt\n|faint|p2a: Staraptor\n|\n|-weather|RainDance|[upkeep]\n|upkeep\n|\n|t:|1788194313\n|switch|p2a: Maushold|Maushold, L50|100/100\n|turn|5\n|\n|t:|1788194335\n|switch|p1a: Archaludon|Archaludon, L50, F|100/100\n|move|p2a: Maushold|Population Bomb|p1a: Archaludon\n|-resisted|p1a: Archaludon|1\n|-damage|p1a: Archaludon|96/100\n|-ability|p1a: Archaludon|Stamina|boost\n|-boost|p1a: Archaludon|def|1\n|-resisted|p1a: Archaludon|1\n|-damage|p1a: Archaludon|94/100\n|-ability|p1a: Archaludon|Stamina|boost\n|-boost|p1a: Archaludon|def|1\n|-resisted|p1a: Archaludon|1\n|-damage|p1a: Archaludon|92/100\n|-ability|p1a: Archaludon|Stamina|boost\n|-boost|p1a: Archaludon|def|1\n|-resisted|p1a: Archaludon|1\n|-damage|p1a: Archaludon|91/100\n|-ability|p1a: Archaludon|Stamina|boost\n|-boost|p1a: Archaludon|def|1\n|-resisted|p1a: Archaludon|1\n|-damage|p1a: Archaludon|89/100\n|-ability|p1a: Archaludon|Stamina|boost\n|-boost|p1a: Archaludon|def|1\n|-resisted|p1a: Archaludon|1\n|-damage|p1a: Archaludon|88/100\n|-ability|p1a: Archaludon|Stamina|boost\n|-boost|p1a: Archaludon|def|1\n|-resisted|p1a: Archaludon|1\n|-damage|p1a: Archaludon|87/100\n|-resisted|p1a: Archaludon|1\n|-damage|p1a: Archaludon|86/100\n|-resisted|p1a: Archaludon|1\n|-damage|p1a: Archaludon|85/100\n|-resisted|p1a: Archaludon|1\n|-damage|p1a: Archaludon|84/100\n|-hitcount|p1a: Archaludon|10\n|move|p2b: Maushold|Bitter Malice|p1b: Slowking\n|-supereffective|p1b: Slowking|1\n|-damage|p1b: Slowking|0 fnt\n|faint|p1b: Slowking\n|\n|-weather|none\n|-heal|p1a: Archaludon|90/100|[from] item: Leftovers\n|upkeep\n|c|☆slotharmy6670|Oh fuck no\n|c|☆slotharmy6670|💀\n|inactive|raibhay has 30 seconds left.\n|inactive|raibhay has 20 seconds left.\n|\n|t:|1788194374\n|switch|p1b: Politoed|Politoed, L50, F|12/100\n|-weather|RainDance|[from] ability: Drizzle|[of] p1b: Politoed\n|turn|6\n|\n|t:|1788194393\n|move|p1b: Politoed|Helping Hand|p1a: Archaludon\n|-singleturn|p1a: Archaludon|Helping Hand|[of] p1b: Politoed\n|move|p2a: Maushold|Thunder Wave|p1a: Archaludon\n|-status|p1a: Archaludon|par\n|move|p2b: Maushold|Bitter Malice|p1b: Politoed\n|-damage|p1b: Politoed|0 fnt\n|faint|p1b: Politoed\n|move|p1a: Archaludon|Electro Shot||[still]\n|-prepare|p1a: Archaludon|Electro Shot\n|-boost|p1a: Archaludon|spa|1\n|-anim|p1a: Archaludon|Electro Shot|p2b: Maushold\n|-enditem|p2b: Maushold|Focus Sash\n|-damage|p2b: Maushold|1/100\n|replace|p2b: Zoroark|Zoroark-Hisui, L50, F\n|-end|p2b: Zoroark|Illusion\n|\n|-weather|RainDance|[upkeep]\n|-heal|p1a: Archaludon|96/100 par|[from] item: Leftovers\n|upkeep\n|\n|t:|1788194417\n|switch|p1b: Gyarados|Gyarados-Mega, L50, M|41/100\n|-ability|p1b: Gyarados|Mold Breaker\n|turn|7\n|\n|t:|1788194443\n|move|p1b: Gyarados|Protect|p1b: Gyarados\n|-singleturn|p1b: Gyarados|Protect\n|move|p2a: Maushold|Population Bomb|p1b: Gyarados\n|-activate|p1b: Gyarados|move: Protect\n|move|p2b: Zoroark|Bitter Malice|p1a: Archaludon\n|-damage|p1a: Archaludon|57/100 par\n|-unboost|p1a: Archaludon|atk|1\n|move|p1a: Archaludon|Electro Shot||[still]\n|-prepare|p1a: Archaludon|Electro Shot\n|-boost|p1a: Archaludon|spa|1\n|-anim|p1a: Archaludon|Electro Shot|p2a: Maushold\n|-damage|p2a: Maushold|0 fnt\n|faint|p2a: Maushold\n|\n|-weather|RainDance|[upkeep]\n|-heal|p1a: Archaludon|63/100 par|[from] item: Leftovers\n|upkeep\n|turn|8\n|inactive|raibhay has 30 seconds left.\n|\n|t:|1788194469\n|move|p2b: Zoroark|Bitter Malice|p1a: Archaludon\n|-damage|p1a: Archaludon|17/100 par\n|-unboost|p1a: Archaludon|atk|1\n|move|p1b: Gyarados|Waterfall|p2b: Zoroark\n|-damage|p2b: Zoroark|0 fnt\n|faint|p2b: Zoroark\n|\n|win|raibhay\n|inactive|raibhay has 30 seconds to confirm battle start!\n|inactive|slotharmy6670 has 30 seconds to confirm battle start!\n||slotharmy6670 is ready for game 2.\n|inactive|raibhay has 20 seconds to confirm battle start!\n||raibhay is ready for game 2.\n|uhtml|next|Next: <a href=\"/battle-gen9championsvgc2026regmbbo3-2673410859\"><strong>Game 2 of 3</strong></a>\n|l|☆slotharmy6670\n|player|p2|\n|l| ayushxd\n|j| ayushxd\n","uploadtime":1788194730,"views":"1","formatid":"gen9championsvgc2026regmbbo3","rating":null,"private":0,"password":null}