{"id":"gen9championsvgc2026regmb-2674375176","format":"[Gen 9 Champions] VGC 2026 Reg M-B","players":["cbhjnkm","WaluigiVGC"],"log":"|j|☆cbhjnkm\n|j|☆WaluigiVGC\n|t:|1788351272\n|gametype|doubles\n|player|p1|cbhjnkm|2|1000\n|player|p2|WaluigiVGC|170|1117\n|gen|9\n|tier|[Gen 9 Champions] VGC 2026 Reg M-B\n|rated|\n|rule|Species Clause: Limit one of each Pokémon\n|rule|Item Clause: Limit 1 of each item\n|clearpoke\n|poke|p1|Drampa, L50, F|\n|poke|p1|Farigiraf, L50, F|\n|poke|p1|Scrafty, L50, F|\n|poke|p1|Corviknight, L50, F|\n|poke|p1|Azumarill, L50, M|\n|poke|p1|Sinistcha, L50|\n|poke|p2|Venusaur, L50, F|\n|poke|p2|Charizard, L50, F|\n|poke|p2|Garchomp, L50, F|\n|poke|p2|Incineroar, L50, M|\n|poke|p2|Floette-Eternal, L50, F|\n|poke|p2|Sinistcha, L50|\n|teampreview|4\ncbhjnkm rejected open team sheets.\n|inactive|Battle timer is ON: inactive players will automatically lose when time's up. (requested by WaluigiVGC)\n|\n|t:|1788351313\n|teamsize|p1|4\n|teamsize|p2|4\n|start\n|switch|p1a: Farigiraf|Farigiraf, L50, F|100/100\n|switch|p1b: Corviknight|Corviknight, L50, F|100/100\n|switch|p2a: Venusaur|Venusaur, L50, F|100/100\n|switch|p2b: Charizard|Charizard, L50, F|100/100\n|turn|1\n|\n|t:|1788351336\n|detailschange|p2b: Charizard|Charizard-Mega-Y, L50, F\n|-mega|p2b: Charizard|Charizard|Charizardite Y\n|-weather|SunnyDay|[from] ability: Drought|[of] p2b: Charizard\n|move|p2a: Venusaur|Sludge Bomb|p1a: Farigiraf\n|-crit|p1a: Farigiraf\n|-damage|p1a: Farigiraf|57/100\n|move|p2b: Charizard|Heat Wave|p1b: Corviknight|[spread] p1a,p1b\n|-supereffective|p1b: Corviknight|1\n|-damage|p1a: Farigiraf|17/100\n|-damage|p1b: Corviknight|0 fnt\n|faint|p1b: Corviknight\n|move|p1a: Farigiraf|Trick Room|p1a: Farigiraf\n|-fieldstart|move: Trick Room|[of] p1a: Farigiraf\n|\n|-weather|SunnyDay|[upkeep]\n|upkeep\n|\n|t:|1788351346\n|switch|p1b: Drampa|Drampa, L50, F|100/100\n|-ability|p1b: Drampa|Cloud Nine\n|turn|2\n|l|☆WaluigiVGC\n|inactive|WaluigiVGC disconnected and has a minute to reconnect!\n|player|p2|\n|j|☆WaluigiVGC\n|inactive|WaluigiVGC reconnected and has 50 seconds left.\n|player|p2|WaluigiVGC|170|\n|\n|t:|1788351370\n|move|p1b: Drampa|Calm Mind|p1b: Drampa\n|-boost|p1b: Drampa|spa|1\n|-boost|p1b: Drampa|spd|1\n|move|p1a: Farigiraf|Thunder Wave|p2b: Charizard\n|-status|p2b: Charizard|par\n|cant|p2b: Charizard|par\n|move|p2a: Venusaur|Sludge Bomb|p1b: Drampa\n|-damage|p1b: Drampa|71/100\n|\n|-weather|SunnyDay|[upkeep]\n|upkeep\n|turn|3\n|\n|t:|1788351387\n|switch|p2a: Incineroar|Incineroar, L50, M|100/100\n|-ability|p2a: Incineroar|Intimidate|boost\n|-unboost|p1a: Farigiraf|atk|1\n|-unboost|p1b: Drampa|atk|1\n|move|p1a: Farigiraf|Protect|p1a: Farigiraf\n|-singleturn|p1a: Farigiraf|Protect\n|move|p1b: Drampa|Calm Mind|p1b: Drampa\n|-boost|p1b: Drampa|spa|1\n|-boost|p1b: Drampa|spd|1\n|move|p2b: Charizard|Heat Wave|p1a: Farigiraf|[spread] p1b\n|-activate|p1a: Farigiraf|move: Protect\n|-resisted|p1b: Drampa|1\n|-damage|p1b: Drampa|61/100\n|\n|-weather|SunnyDay|[upkeep]\n|upkeep\n|turn|4\n|inactive|cbhjnkm has 30 seconds left.\n|inactive|WaluigiVGC has 30 seconds left.\n|inactive|WaluigiVGC has 20 seconds left.\n|inactive|WaluigiVGC has 15 seconds left.\n|inactive|WaluigiVGC has 10 seconds left.\n|\n|t:|1788351437\n|move|p1b: Drampa|Hyper Voice|p2b: Charizard|[spread] p2a,p2b\n|-crit|p2a: Incineroar\n|-damage|p2a: Incineroar|5/100\n|-damage|p2b: Charizard|23/100 par\n|-enditem|p2a: Incineroar|Sitrus Berry|[eat]\n|-heal|p2a: Incineroar|30/100|[from] item: Sitrus Berry\n|move|p1a: Farigiraf|Thunder Wave|p2a: Incineroar\n|-status|p2a: Incineroar|par\n|move|p2a: Incineroar|Parting Shot|p1b: Drampa\n|-unboost|p1b: Drampa|atk|1\n|-unboost|p1b: Drampa|spa|1\n|\n|t:|1788351451\n|switch|p2a: Venusaur|Venusaur, L50, F|100/100|[from] Parting Shot\n|move|p2b: Charizard|Solar Beam||[still]\n|-prepare|p2b: Charizard|Solar Beam\n|\n|-weather|SunnyDay|[upkeep]\n|upkeep\n|turn|5\n|inactive|WaluigiVGC has 30 seconds left.\n|\n|t:|1788351480\n|move|p1a: Farigiraf|Protect|p1a: Farigiraf\n|-singleturn|p1a: Farigiraf|Protect\n|move|p1b: Drampa|Hyper Voice|p2b: Charizard|[spread] p2a,p2b\n|-damage|p2a: Venusaur|33/100\n|-damage|p2b: Charizard|0 fnt\n|faint|p2b: Charizard\n|move|p2a: Venusaur|Sludge Bomb|p1a: Farigiraf\n|-activate|p1a: Farigiraf|move: Protect\n|\n|-weather|none\n|-fieldend|move: Trick Room\n|upkeep\n|\n|t:|1788351491\n|switch|p2b: Garchomp|Garchomp, L50, F|100/100\n|turn|6\n|\n|t:|1788351505\n|detailschange|p1b: Drampa|Drampa-Mega, L50, F\n|-mega|p1b: Drampa|Drampa|Drampanite\n|move|p2b: Garchomp|Dragon Claw|p1b: Drampa\n|-supereffective|p1b: Drampa|1\n|-damage|p1b: Drampa|0 fnt\n|faint|p1b: Drampa\n|move|p2a: Venusaur|Sludge Bomb|p1a: Farigiraf\n|-damage|p1a: Farigiraf|0 fnt\n|faint|p1a: Farigiraf\n|\n|upkeep\n|\n|t:|1788351513\n|switch|p1a: Azumarill|Azumarill, L50, M|100/100\n|turn|7\n|-message|cbhjnkm forfeited.\n|\n|win|WaluigiVGC\n|raw|cbhjnkm's rating: 1000 &rarr; <strong>1000</strong><br />(+0 for losing)\n|raw|WaluigiVGC's rating: 1117 &rarr; <strong>1134</strong><br />(+17 for winning)\n|l|☆cbhjnkm\n|player|p1|\n","uploadtime":1788351520,"views":"2","formatid":"gen9championsvgc2026regmb","rating":1000,"private":0,"password":null}