{"id":"gen9championsvgc2026regmb-2673877227","format":"[Gen 9 Champions] VGC 2026 Reg M-B","players":["pokeing1994","nanouqj"],"log":"|j|☆pokeing1994\n|j|☆nanouqj\n|t:|1788271980\n|gametype|doubles\n|player|p1|pokeing1994|169|1486\n|player|p2|nanouqj|steven|1378\n|gen|9\n|tier|[Gen 9 Champions] VGC 2026 Reg M-B\n|rated|\n|rule|Species Clause: Limit one of each Pokémon\n|rule|Item Clause: Limit 1 of each item\n|clearpoke\n|poke|p1|Scovillain, L50, M, shiny|\n|poke|p1|Basculegion, L50, M|\n|poke|p1|Kingambit, L50, F|\n|poke|p1|Sneasler, L50, M|\n|poke|p1|Lycanroc-Dusk, L50, M|\n|poke|p1|Froslass, L50, F|\n|poke|p2|Floette-Eternal, L50, F|\n|poke|p2|Excadrill, L50, F|\n|poke|p2|Whimsicott, L50, F|\n|poke|p2|Garchomp, L50, F|\n|poke|p2|Kingambit, L50, M|\n|poke|p2|Delphox, L50, M|\n|teampreview|4\n|inactive|Battle timer is ON: inactive players will automatically lose when time's up. (requested by nanouqj)\n|\n|t:|1788272008\n|teamsize|p1|4\n|teamsize|p2|4\n|start\n|switch|p1a: John Dogs|Scovillain, L50, M, shiny|100/100\n|switch|p1b: Cisco|Sneasler, L50, M|100/100\n|switch|p2a: Delphox|Delphox, L50, M|100/100\n|switch|p2b: Excadrill|Excadrill, L50, F|100/100\n|-ability|p2b: Excadrill|Mold Breaker\n|turn|1\n|inactive|pokeing1994 has 30 seconds left.\n|\n|t:|1788272034\n|detailschange|p2a: Delphox|Delphox-Mega, L50, M\n|-mega|p2a: Delphox|Delphox|Delphoxite\n|detailschange|p1a: John Dogs|Scovillain-Mega, L50, M, shiny\n|-mega|p1a: John Dogs|Scovillain|Scovillainite\n|move|p2b: Excadrill|High Horsepower|p1b: Cisco\n|-supereffective|p1b: Cisco|1\n|-damage|p1b: Cisco|0 fnt\n|faint|p1b: Cisco\n|move|p2a: Delphox|Psychic|p1a: John Dogs\n|-damage|p1a: John Dogs|46/100\n|move|p1a: John Dogs|Giga Drain|p2b: Excadrill\n|-damage|p2b: Excadrill|54/100\n|-heal|p1a: John Dogs|71/100|[from] drain|[of] p2b: Excadrill\n|\n|upkeep\n|\n|t:|1788272045\n|switch|p1b: DDee|Lycanroc-Dusk, L50, M|100/100\n|turn|2\n|\n|t:|1788272055\n|move|p2a: Delphox|Protect|p2a: Delphox\n|-singleturn|p2a: Delphox|Protect\n|move|p1b: DDee|Protect|p1b: DDee\n|-singleturn|p1b: DDee|Protect\n|move|p2b: Excadrill|High Horsepower|p1b: DDee\n|-activate|p1b: DDee|move: Protect\n|move|p1a: John Dogs|Giga Drain|p2b: Excadrill\n|-damage|p2b: Excadrill|12/100\n|-heal|p1a: John Dogs|95/100|[from] drain|[of] p2b: Excadrill\n|\n|upkeep\n|turn|3\n|\n|t:|1788272068\n|switch|p2a: Whimsicott|Whimsicott, L50, F|100/100\n|move|p1a: John Dogs|Protect|p1a: John Dogs\n|-singleturn|p1a: John Dogs|Protect\n|move|p1b: DDee|Accelerock|p2b: Excadrill\n|-resisted|p2b: Excadrill|2\n|-damage|p2b: Excadrill|2/100\n|move|p2b: Excadrill|High Horsepower|p1b: DDee\n|-supereffective|p1b: DDee|1\n|-enditem|p1b: DDee|Focus Sash\n|-damage|p1b: DDee|1/100\n|\n|upkeep\n|turn|4\n|\n|t:|1788272091\n|move|p2a: Whimsicott|Encore|p1a: John Dogs\n|-start|p1a: John Dogs|Encore\n|move|p1a: John Dogs|Protect||[still]\n|-fail|p1a: John Dogs\n|move|p1b: DDee|Accelerock|p2a: Whimsicott\n|-damage|p2a: Whimsicott|60/100\n|move|p2b: Excadrill|High Horsepower|p1b: DDee\n|-supereffective|p1b: DDee|1\n|-damage|p1b: DDee|0 fnt\n|faint|p1b: DDee\n|\n|upkeep\n|\n|t:|1788272101\n|switch|p1b: Kids|Kingambit, L50, F|100/100\n|turn|5\n|\n|t:|1788272110\n|move|p1a: John Dogs|Protect|p1a: John Dogs\n|-singleturn|p1a: John Dogs|Protect\n|move|p2b: Excadrill|High Horsepower|p1b: Kids\n|-supereffective|p1b: Kids|1\n|-damage|p1b: Kids|29/100\n|move|p2a: Whimsicott|Moonblast|p1b: Kids\n|-damage|p1b: Kids|0 fnt\n|faint|p1b: Kids\n|\n|upkeep\n|turn|6\n|-message|pokeing1994 forfeited.\n|\n|win|nanouqj\n|raw|pokeing1994's rating: 1486 &rarr; <strong>1460</strong><br />(-26 for losing)\n|raw|nanouqj's rating: 1378 &rarr; <strong>1404</strong><br />(+26 for winning)\n|l|☆pokeing1994\n|player|p1|\n","uploadtime":1788272127,"views":"8","formatid":"gen9championsvgc2026regmb","rating":1404,"private":0,"password":null}