{"id":"gen9championsvgc2026regmbbo3-2674851785","format":"[Gen 9 Champions] VGC 2026 Reg M-B (Bo3)","players":["TicklemyStaraptor","okkia3"],"log":"|j|☆TicklemyStaraptor\n|j|☆okkia3\n|html|<table width=\"100%\"><tr><td align=\"left\">TicklemyStaraptor</td><td align=\"right\">okkia3</tr><tr><td align=\"left\"><i class=\"fa fa-circle-o\"></i> <i class=\"fa fa-circle-o\"></i> </td><td align=\"right\"><i class=\"fa fa-circle-o\"></i> <i class=\"fa fa-circle\"></i> </tr></table>\n|uhtml|bestof|<h2><strong>Game 2</strong> of <a href=\"/game-bestof3-gen9championsvgc2026regmbbo3-2674851319\">a best-of-3</a></h2>\n|t:|1788421274\n|gametype|doubles\n|player|p1|TicklemyStaraptor|sisandbro|1106\n|player|p2|okkia3|102|1014\n|gen|9\n|tier|[Gen 9 Champions] VGC 2026 Reg M-B (Bo3)\n|rated|\n|rule|Species Clause: Limit one of each Pokémon\n|rule|Item Clause: Limit 1 of each item\n|clearpoke\n|poke|p1|Sylveon, L50, F, shiny|\n|poke|p1|Tyranitar, L50, F|\n|poke|p1|Staraptor, L50, M, shiny|\n|poke|p1|Dragonite, L50, M, shiny|\n|poke|p1|Politoed, L50, F, shiny|\n|poke|p1|Kingambit, L50, M, shiny|\n|poke|p2|Charizard, L50, F|\n|poke|p2|Whimsicott, L50, M|\n|poke|p2|Basculegion, L50, M|\n|poke|p2|Farigiraf, L50, F|\n|poke|p2|Kangaskhan, L50, F|\n|poke|p2|Sneasler, L50, M|\n|teampreview|4\n|showteam|p1|Sylveon||FairyFeather|Pixilate|HyperVoice,Protect,HyperBeam,WeatherBall|Modest||F|||50|]Tyranitar||Tyranitarite|SandStream|StoneEdge,KnockOff,Protect,DragonDance|Adamant||F|||50|]Staraptor||ChoiceScarf|Intimidate|FinalGambit,BraveBird,Uturn,DoubleEdge|Jolly||M|||50|]Dragonite||Dragoninite|Multiscale|WeatherBall,Hurricane,Thunder,DracoMeteor|Modest||M|||50|]Politoed||SitrusBerry|Drizzle|IcyWind,Encore,WeatherBall,MuddyWater|Modest||F|||50|]Kingambit||FocusSash|Defiant|IronHead,KowtowCleave,SuckerPunch,LowKick|Adamant||M|||50|\n|showteam|p2|Charizard||CharizarditeY|SolarPower|WeatherBall,HeatWave,SolarBeam,Protect|Timid||F|||50|]Whimsicott||FocusSash|Prankster|Moonblast,Tailwind,SunnyDay,Encore|Timid||M|||50|]Basculegion||ChoiceScarf|Adaptability|WaveCrash,AquaJet,LastRespects,FlipTurn|Adamant||M|||50|]Farigiraf||SitrusBerry|ArmorTail|Psychic,HyperVoice,HelpingHand,TrickRoom|Modest||F|||50|]Kangaskhan||Kangaskhanite|Scrappy|FakeOut,DoubleEdge,DrainPunch,SuckerPunch|Adamant||F|||50|]Sneasler||WhiteHerb|Unburden|FakeOut,CloseCombat,DireClaw,RockTomb|Adamant||M|||50|\n|inactive|Battle timer is ON: inactive players will automatically lose when time's up. (requested by okkia3)\n|\n|t:|1788421287\n|teamsize|p1|4\n|teamsize|p2|4\n|start\n|switch|p1a: Staraptor|Staraptor, L50, M, shiny|100/100\n|switch|p1b: Politoed|Politoed, L50, F, shiny|100/100\n|switch|p2a: Basculegion|Basculegion, L50, M|100/100\n|switch|p2b: Kangaskhan|Kangaskhan, L50, F|100/100\n|-ability|p1a: Staraptor|Intimidate|boost\n|-unboost|p2a: Basculegion|atk|1\n|-fail|p2b: Kangaskhan|unboost|atk|[from] ability: Scrappy|[of] p2b: Kangaskhan\n|-weather|RainDance|[from] ability: Drizzle|[of] p1b: Politoed\n|turn|1\n|\n|t:|1788421297\n|detailschange|p2b: Kangaskhan|Kangaskhan-Mega, L50, F\n|-mega|p2b: Kangaskhan|Kangaskhan|Kangaskhanite\n|move|p2b: Kangaskhan|Fake Out|p1a: Staraptor\n|-damage|p1a: Staraptor|74/100\n|-damage|p1a: Staraptor|67/100\n|-hitcount|p1a: Staraptor|2\n|cant|p1a: Staraptor|flinch\n|move|p2a: Basculegion|Wave Crash|p1a: Staraptor\n|-damage|p1a: Staraptor|0 fnt\n|faint|p1a: Staraptor\n|-damage|p2a: Basculegion|77/100|[from] Recoil\n|move|p1b: Politoed|Icy Wind|p2a: Basculegion|[spread] p2a,p2b\n|-resisted|p2a: Basculegion|1\n|-damage|p2a: Basculegion|71/100\n|-damage|p2b: Kangaskhan|89/100\n|-unboost|p2a: Basculegion|spe|1\n|-unboost|p2b: Kangaskhan|spe|1\n|\n|-weather|RainDance|[upkeep]\n|upkeep\n|\n|t:|1788421305\n|switch|p1a: Dragonite|Dragonite, L50, M, shiny|100/100\n|turn|2\n|\n|t:|1788421313\n|detailschange|p1a: Dragonite|Dragonite-Mega, L50, M, shiny\n|-mega|p1a: Dragonite|Dragonite|Dragoninite\n|move|p2a: Basculegion|Wave Crash|p1b: Politoed\n|-resisted|p1b: Politoed|1\n|-damage|p1b: Politoed|57/100\n|-damage|p2a: Basculegion|57/100|[from] Recoil\n|move|p1a: Dragonite|Thunder|p2a: Basculegion\n|-supereffective|p2a: Basculegion|1\n|-damage|p2a: Basculegion|0 fnt\n|faint|p2a: Basculegion\n|move|p2b: Kangaskhan|Double-Edge|p1b: Politoed\n|-damage|p1b: Politoed|0 fnt\n|faint|p1b: Politoed\n|-damage|p2b: Kangaskhan|68/100|[from] Recoil\n|\n|-weather|RainDance|[upkeep]\n|upkeep\n|\n|t:|1788421328\n|switch|p2a: Whimsicott|Whimsicott, L50, M|100/100\n|switch|p1b: Sylveon|Sylveon, L50, F, shiny|100/100\n|turn|3\n|\n|t:|1788421333\n|move|p2b: Kangaskhan|Sucker Punch|p1a: Dragonite\n|-damage|p1a: Dragonite|90/100\n|-damage|p1a: Dragonite|85/100\n|-hitcount|p1a: Dragonite|2\n|move|p2a: Whimsicott|Moonblast|p1a: Dragonite\n|-supereffective|p1a: Dragonite|1\n|-damage|p1a: Dragonite|32/100\n|move|p1a: Dragonite|Hurricane|p2a: Whimsicott\n|-supereffective|p2a: Whimsicott|1\n|-enditem|p2a: Whimsicott|Focus Sash\n|-damage|p2a: Whimsicott|1/100\n|move|p1b: Sylveon|Hyper Voice|p2b: Kangaskhan|[spread] p2a,p2b\n|-damage|p2a: Whimsicott|0 fnt\n|-damage|p2b: Kangaskhan|26/100\n|faint|p2a: Whimsicott\n|\n|-weather|RainDance|[upkeep]\n|upkeep\n|\n|t:|1788421333\n|switch|p2a: Farigiraf|Farigiraf, L50, F|100/100\n|turn|4\n|\n|t:|1788421349\n|move|p1a: Dragonite|Draco Meteor|p2a: Farigiraf\n|-damage|p2a: Farigiraf|23/100\n|-unboost|p1a: Dragonite|spa|2\n|-enditem|p2a: Farigiraf|Sitrus Berry|[eat]\n|-heal|p2a: Farigiraf|47/100|[from] item: Sitrus Berry\n|move|p1b: Sylveon|Hyper Voice|p2b: Kangaskhan|[spread] p2a,p2b\n|-damage|p2a: Farigiraf|6/100\n|-damage|p2b: Kangaskhan|0 fnt\n|faint|p2b: Kangaskhan\n|move|p2a: Farigiraf|Hyper Voice|p1b: Sylveon|[spread] p1a,p1b\n|-damage|p1a: Dragonite|10/100\n|-damage|p1b: Sylveon|75/100\n|\n|-weather|RainDance|[upkeep]\n|upkeep\n|turn|5\n|\n|t:|1788421367\n|move|p1a: Dragonite|Hurricane|p2a: Farigiraf\n|-damage|p2a: Farigiraf|0 fnt\n|faint|p2a: Farigiraf\n|\n|win|TicklemyStaraptor\n","uploadtime":1788421367,"views":"0","formatid":"gen9championsvgc2026regmbbo3","rating":null,"private":0,"password":null}