{"id":"gen9championsvgc2026regmb-2674141923","format":"[Gen 9 Champions] VGC 2026 Reg M-B","players":["triplemz1125","yungdundas"],"log":"|j|☆triplemz1125\n|j|☆yungdundas\n|t:|1788305349\n|gametype|doubles\n|player|p1|triplemz1125|norman|\n|player|p2|yungdundas|265|\n|gen|9\n|tier|[Gen 9 Champions] VGC 2026 Reg M-B\n|rule|Species Clause: Limit one of each Pokémon\n|rule|Item Clause: Limit 1 of each item\n|clearpoke\n|poke|p1|Garchomp, L50, F, shiny|\n|poke|p1|Skarmory, L50, F, shiny|\n|poke|p1|Rotom-Heat, L50|\n|poke|p1|Weavile, L50, F|\n|poke|p1|Clawitzer, L50, M, shiny|\n|poke|p1|Zoroark-Hisui, L50, F|\n|poke|p2|Staraptor, L50, F|\n|poke|p2|Golurk, L50|\n|poke|p2|Palafin, L50, M|\n|poke|p2|Whimsicott, L50, F|\n|poke|p2|Heliolisk, L50, F|\n|poke|p2|Incineroar, L50, F|\n|teampreview|4\n|\n|t:|1788305496\n|teamsize|p1|4\n|teamsize|p2|4\n|start\n|switch|p1a: OG Claw|Weavile, L50, F|100/100\n|switch|p1b: Westjet|Skarmory, L50, F, shiny|100/100\n|switch|p2a: Incineroar|Incineroar, L50, F|100/100\n|switch|p2b: Palafin|Palafin, L50, M|100/100\n|-ability|p2a: Incineroar|Intimidate|boost\n|-unboost|p1a: OG Claw|atk|1\n|-unboost|p1b: Westjet|atk|1\n|turn|1\n|\n|t:|1788305520\n|move|p1a: OG Claw|Fake Out|p2b: Palafin\n|-damage|p2b: Palafin|88/100\n|move|p2a: Incineroar|Fake Out|p1b: Westjet\n|-immune|p1b: Westjet\n|move|p1b: Westjet|Focus Blast|p2a: Incineroar|[miss]\n|-miss|p1b: Westjet|p2a: Incineroar\n|cant|p2b: Palafin|flinch\n|\n|upkeep\n|turn|2\n|c|☆triplemz1125|damn\n|c|☆triplemz1125|focus miss\n|\n|t:|1788305558\n|move|p1a: OG Claw|Knock Off|p2a: Incineroar\n|-resisted|p2a: Incineroar|1\n|-damage|p2a: Incineroar|83/100\n|-enditem|p2a: Incineroar|Sitrus Berry|[from] move: Knock Off|[of] p1a: OG Claw\n|move|p1b: Westjet|Bitter Malice|p2b: Palafin\n|-damage|p2b: Palafin|17/100\n|-unboost|p2b: Palafin|atk|1\n|-damage|p1b: Westjet|90/100|[from] item: Life Orb\n|move|p2b: Palafin|Flip Turn|p1b: Westjet\n|-damage|p1b: Westjet|53/100\n|replace|p1b: Mr. Fox|Zoroark-Hisui, L50, F\n|-end|p1b: Mr. Fox|Illusion\n|\n|t:|1788305576\n|detailschange|p2b: Palafin|Palafin-Hero, L50, M\n|switch|p2b: Staraptor|Staraptor, L50, F|100/100|[from] Flip Turn\n|-ability|p2b: Staraptor|Intimidate|boost\n|-unboost|p1a: OG Claw|atk|1\n|-unboost|p1b: Mr. Fox|atk|1\n|move|p2a: Incineroar|Flare Blitz|p1a: OG Claw\n|-supereffective|p1a: OG Claw|1\n|-enditem|p1a: OG Claw|Focus Sash\n|-damage|p1a: OG Claw|1/100\n|-damage|p2a: Incineroar|59/100|[from] Recoil\n|\n|upkeep\n|turn|3\n|\n|t:|1788305605\n|switch|p1a: Easy-Bake|Rotom-Heat, L50|100/100\n|detailschange|p2b: Staraptor|Staraptor-Mega, L50, F\n|-mega|p2b: Staraptor|Staraptor|Staraptite\n|move|p1b: Mr. Fox|Focus Blast|p2a: Incineroar|[miss]\n|-miss|p1b: Mr. Fox|p2a: Incineroar\n|move|p2b: Staraptor|Brave Bird|p1b: Mr. Fox\n|-damage|p1b: Mr. Fox|0 fnt\n|faint|p1b: Mr. Fox\n|-damage|p2b: Staraptor|87/100|[from] Recoil\n|move|p2a: Incineroar|Parting Shot|p2b: Staraptor\n|-boost|p2b: Staraptor|atk|1\n|-boost|p2b: Staraptor|spa|1\n|c|☆triplemz1125|i hate that move\n|\n|t:|1788305622\n|switch|p2a: Whimsicott|Whimsicott, L50, F|100/100|[from] Parting Shot\n|\n|upkeep\n|\n|t:|1788305632\n|switch|p1b: OG Claw|Weavile, L50, F|1/100\n|turn|4\n|\n|t:|1788305657\n|move|p1b: OG Claw|Fake Out|p2a: Whimsicott\n|-damage|p2a: Whimsicott|87/100\n|cant|p2a: Whimsicott|flinch\n|move|p1a: Easy-Bake|Thunderbolt|p2b: Staraptor\n|-supereffective|p2b: Staraptor|1\n|-damage|p2b: Staraptor|0 fnt\n|faint|p2b: Staraptor\n|\n|upkeep\n|\n|t:|1788305671\n|switch|p2b: Incineroar|Incineroar, L50, F|59/100\n|-ability|p2b: Incineroar|Intimidate|boost\n|-unboost|p1a: Easy-Bake|atk|1\n|-unboost|p1b: OG Claw|atk|1\n|turn|5\n|\n|t:|1788305683\n|switch|p1b: Westjet|Skarmory, L50, F, shiny|100/100\n|move|p2b: Incineroar|Fake Out|p1b: Westjet\n|-resisted|p1b: Westjet|1\n|-damage|p1b: Westjet|94/100\n|move|p2a: Whimsicott|Encore|p1a: Easy-Bake\n|-start|p1a: Easy-Bake|Encore\n|move|p1a: Easy-Bake|Thunderbolt|p2b: Incineroar\n|-damage|p2b: Incineroar|19/100\n|\n|upkeep\n|turn|6\n|\n|t:|1788305713\n|detailschange|p1b: Westjet|Skarmory-Mega, L50, F, shiny\n|-mega|p1b: Westjet|Skarmory|Skarmorite\n|move|p1a: Easy-Bake|Thunderbolt|p2b: Incineroar\n|-damage|p2b: Incineroar|0 fnt\n|faint|p2b: Incineroar\n|move|p1b: Westjet|Brave Bird|p2a: Whimsicott\n|-supereffective|p2a: Whimsicott|1\n|-damage|p2a: Whimsicott|0 fnt\n|faint|p2a: Whimsicott\n|-damage|p1b: Westjet|66/100|[from] Recoil\n|\n|upkeep\n|\n|t:|1788305726\n|switch|p2b: Palafin|Palafin-Hero, L50, M|17/100\n|-activate|p2b: Palafin|ability: Zero to Hero\n|turn|7\n|\n|t:|1788305732\n|move|p1a: Easy-Bake|Thunderbolt|p2b: Palafin\n|-supereffective|p2b: Palafin|1\n|-damage|p2b: Palafin|0 fnt\n|faint|p2b: Palafin\n|\n|win|triplemz1125\n|c|☆triplemz1125|ggs\n","uploadtime":1788305739,"views":"1","formatid":"gen9championsvgc2026regmb","rating":null,"private":0,"password":null}