{"id":"gen9championsvgc2026regmb-2673877039","format":"[Gen 9 Champions] VGC 2026 Reg M-B","players":["Thornlace48812","parodia03"],"log":"|j|☆Thornlace48812\n|j|☆parodia03\n|t:|1788271959\n|gametype|doubles\n|player|p1|Thornlace48812|102|1077\n|player|p2|parodia03|caitlin|1136\n|gen|9\n|tier|[Gen 9 Champions] VGC 2026 Reg M-B\n|rated|\n|rule|Species Clause: Limit one of each Pokémon\n|rule|Item Clause: Limit 1 of each item\n|clearpoke\n|poke|p1|Garchomp, L50, F|\n|poke|p1|Charizard, L50, F|\n|poke|p1|Whimsicott, L50, F|\n|poke|p1|Sylveon, L50, F|\n|poke|p1|Kingambit, L50, F|\n|poke|p1|Basculegion, L50, M|\n|poke|p2|Farigiraf, L50, M|\n|poke|p2|Torkoal, L50, F|\n|poke|p2|Mudsdale, L50, F|\n|poke|p2|Kingambit, L50, M|\n|poke|p2|Sinistcha, L50|\n|poke|p2|Kangaskhan, L50, F|\n|teampreview|4\n|inactive|Battle timer is ON: inactive players will automatically lose when time's up. (requested by Thornlace48812)\nparodia03 has agreed to open team sheets.\nThornlace48812 rejected open team sheets.\n|\n|t:|1788271970\n|teamsize|p1|4\n|teamsize|p2|4\n|start\n|switch|p1a: Kingambit|Kingambit, L50, F|100/100\n|switch|p1b: Sylveon|Sylveon, L50, F|100/100\n|switch|p2a: Wonder Acute|Kangaskhan, L50, F|100/100\n|switch|p2b: Air Groove|Farigiraf, L50, M|100/100\n|turn|1\n|\n|t:|1788271977\n|detailschange|p2a: Wonder Acute|Kangaskhan-Mega, L50, F\n|-mega|p2a: Wonder Acute|Kangaskhan|Kangaskhanite\n|move|p2a: Wonder Acute|Fake Out|p1a: Kingambit\n|-resisted|p1a: Kingambit|1\n|-damage|p1a: Kingambit|89/100\n|-resisted|p1a: Kingambit|1\n|-damage|p1a: Kingambit|87/100\n|-hitcount|p1a: Kingambit|2\n|cant|p1a: Kingambit|flinch\n|move|p1b: Sylveon|Hyper Voice|p2b: Air Groove|[spread] p2a,p2b\n|-damage|p2a: Wonder Acute|55/100\n|-damage|p2b: Air Groove|63/100\n|move|p2b: Air Groove|Trick Room|p2b: Air Groove\n|-fieldstart|move: Trick Room|[of] p2b: Air Groove\n|\n|upkeep\n|turn|2\n|\n|t:|1788271994\n|move|p2b: Air Groove|Thunderbolt|p1b: Sylveon\n|-damage|p1b: Sylveon|81/100\n|move|p1b: Sylveon|Hyper Voice|p2b: Air Groove|[spread] p2a,p2b\n|-damage|p2a: Wonder Acute|15/100\n|-damage|p2b: Air Groove|30/100\n|move|p1a: Kingambit|Low Kick|p2a: Wonder Acute\n|-supereffective|p2a: Wonder Acute|1\n|-damage|p2a: Wonder Acute|0 fnt\n|faint|p2a: Wonder Acute\n|\n|upkeep\n|\n|t:|1788272002\n|switch|p2a: Rulership|Torkoal, L50, F|100/100\n|-weather|SunnyDay|[from] ability: Drought|[of] p2a: Rulership\n|turn|3\n|\n|t:|1788272006\n|-end|p1a: Kingambit|fallenundefined|[silent]\n|switch|p1a: Whimsicott|Whimsicott, L50, F|100/100\n|move|p2b: Air Groove|Helping Hand|p2a: Rulership\n|-singleturn|p2a: Rulership|Helping Hand|[of] p2b: Air Groove\n|move|p2a: Rulership|Eruption|p1b: Sylveon|[spread] p1a,p1b\n|-supereffective|p1a: Whimsicott|1\n|-enditem|p1a: Whimsicott|Focus Sash\n|-damage|p1a: Whimsicott|1/100\n|-damage|p1b: Sylveon|0 fnt\n|faint|p1b: Sylveon\n|\n|-weather|SunnyDay|[upkeep]\n|upkeep\n|\n|t:|1788272006\n|switch|p1b: Charizard|Charizard, L50, F|100/100\n|turn|4\n|\n|t:|1788272017\n|detailschange|p1b: Charizard|Charizard-Mega-Y, L50, F\n|-mega|p1b: Charizard|Charizard|Charizardite Y\n|move|p1a: Whimsicott|Protect|p1a: Whimsicott\n|-singleturn|p1a: Whimsicott|Protect\n|move|p2a: Rulership|Ancient Power|p1b: Charizard\n|-supereffective|p1b: Charizard|2\n|-damage|p1b: Charizard|21/100\n|-boost|p2a: Rulership|atk|1\n|-boost|p2a: Rulership|def|1\n|-boost|p2a: Rulership|spa|1\n|-boost|p2a: Rulership|spd|1\n|-boost|p2a: Rulership|spe|1\n|move|p2b: Air Groove|Thunderbolt|p1b: Charizard\n|-supereffective|p1b: Charizard|1\n|-damage|p1b: Charizard|0 fnt\n|faint|p1b: Charizard\n|\n|-weather|SunnyDay|[upkeep]\n|upkeep\n|\n|t:|1788272018\n|switch|p1b: Kingambit|Kingambit, L50, F|87/100\n|-activate|p1b: Kingambit|ability: Supreme Overlord\n|-start|p1b: Kingambit|fallen2|[silent]\n|turn|5\n|\n|t:|1788272038\n|move|p2b: Air Groove|Helping Hand|p2a: Rulership\n|-singleturn|p2a: Rulership|Helping Hand|[of] p2b: Air Groove\n|move|p2a: Rulership|Eruption|p1a: Whimsicott|[spread] p1a,p1b\n|-supereffective|p1a: Whimsicott|1\n|-supereffective|p1b: Kingambit|1\n|-damage|p1a: Whimsicott|0 fnt\n|-damage|p1b: Kingambit|0 fnt\n|faint|p1a: Whimsicott\n|faint|p1b: Kingambit\n|-end|p1b: Kingambit|fallen2|[silent]\n|\n|win|parodia03\n|raw|Thornlace48812's rating: 1099 &rarr; <strong>1077</strong><br />(-22 for losing)\n|raw|parodia03's rating: 1136 &rarr; <strong>1158</strong><br />(+22 for winning)\n","uploadtime":1788272038,"views":"1","formatid":"gen9championsvgc2026regmb","rating":1077,"private":0,"password":null}