{"id":"gen9championsvgc2026regmb-2674739099","format":"[Gen 9 Champions] VGC 2026 Reg M-B","players":["a13cks","ImSoCalamari"],"log":"|j|☆a13cks\n|j|☆ImSoCalamari\n|t:|1788398611\n|gametype|doubles\n|player|p1|a13cks|hilbert|1137\n|player|p2|ImSoCalamari|aromalady|1202\n|gen|9\n|tier|[Gen 9 Champions] VGC 2026 Reg M-B\n|rated|\n|rule|Species Clause: Limit one of each Pokémon\n|rule|Item Clause: Limit 1 of each item\n|clearpoke\n|poke|p1|Swampert, L50, F|\n|poke|p1|Pelipper, L50, M|\n|poke|p1|Kingambit, L50, F|\n|poke|p1|Archaludon, L50, F|\n|poke|p1|Sneasler, L50, M|\n|poke|p1|Sinistcha, L50|\n|poke|p2|Sylveon, L50, F|\n|poke|p2|Raichu, L50, M|\n|poke|p2|Staraptor, L50, F|\n|poke|p2|Arcanine-Hisui, L50, F|\n|poke|p2|Farigiraf, L50, F|\n|poke|p2|Kingambit, L50, F|\n|teampreview|4\n|inactive|Battle timer is ON: inactive players will automatically lose when time's up. (requested by a13cks)\n|inactive|ImSoCalamari has 60 seconds left.\n|inactive|ImSoCalamari has 30 seconds left.\n|inactive|ImSoCalamari has 20 seconds left.\n|\n|t:|1788398685\n|teamsize|p1|4\n|teamsize|p2|4\n|start\n|switch|p1a: Sneasler|Sneasler, L50, M|100/100\n|switch|p1b: Pelipper|Pelipper, L50, M|100/100\n|switch|p2a: Staraptor|Staraptor, L50, F|100/100\n|switch|p2b: Arcanine|Arcanine-Hisui, L50, F|100/100\n|-ability|p2a: Staraptor|Intimidate|boost\n|-unboost|p1a: Sneasler|atk|1\n|-unboost|p1b: Pelipper|atk|1\n|-weather|RainDance|[from] ability: Drizzle|[of] p1b: Pelipper\n|turn|1\n|inactive|ImSoCalamari has 30 seconds left.\n|inactive|ImSoCalamari has 20 seconds left.\n|\n|t:|1788398723\n|switch|p2b: Farigiraf|Farigiraf, L50, F|100/100\n|detailschange|p2a: Staraptor|Staraptor-Mega, L50, F\n|-mega|p2a: Staraptor|Staraptor|Staraptite\n|move|p1a: Sneasler|Fake Out||[still]\n|cant|p2b: Farigiraf|ability: Armor Tail|Fake Out|[of] p1a: Sneasler\n|move|p2a: Staraptor|Tailwind|p2a: Staraptor\n|-sidestart|p2: ImSoCalamari|move: Tailwind\n|move|p1b: Pelipper|Weather Ball|p2b: Farigiraf\n|-damage|p2b: Farigiraf|46/100\n|-enditem|p2b: Farigiraf|Sitrus Berry|[eat]\n|-heal|p2b: Farigiraf|71/100|[from] item: Sitrus Berry\n|\n|-weather|RainDance|[upkeep]\n|upkeep\n|turn|2\n|inactive|a13cks has 30 seconds left.\n|inactive|ImSoCalamari has 30 seconds left.\n|inactive|ImSoCalamari has 20 seconds left.\n|inactive|ImSoCalamari has 15 seconds left.\n|\n|t:|1788398765\n|switch|p1a: Archaludon|Archaludon, L50, F|100/100\n|move|p2a: Staraptor|Close Combat|p1b: Pelipper\n|-resisted|p1b: Pelipper|1\n|-damage|p1b: Pelipper|62/100\n|-boost|p2a: Staraptor|def|1\n|-boost|p2a: Staraptor|spd|1\n|move|p2b: Farigiraf|Psychic|p1a: Archaludon\n|-resisted|p1a: Archaludon|1\n|-damage|p1a: Archaludon|78/100\n|-ability|p1a: Archaludon|Stamina|boost\n|-boost|p1a: Archaludon|def|1\n|move|p1b: Pelipper|U-turn|p2b: Farigiraf\n|-supereffective|p2b: Farigiraf|1\n|-damage|p2b: Farigiraf|60/100\n|\n|t:|1788398778\n|switch|p1b: Swampert|Swampert, L50, F|100/100|[from] U-turn\n|\n|-weather|RainDance|[upkeep]\n|-heal|p1a: Archaludon|84/100|[from] item: Leftovers\n|upkeep\n|turn|3\n|inactive|ImSoCalamari has 30 seconds left.\n|\n|t:|1788398813\n|detailschange|p1b: Swampert|Swampert-Mega, L50, F\n|-mega|p1b: Swampert|Swampert|Swampertite\n|move|p2a: Staraptor|Close Combat|p1b: Swampert\n|-damage|p1b: Swampert|41/100\n|-boost|p2a: Staraptor|def|1\n|-boost|p2a: Staraptor|spd|1\n|move|p1b: Swampert|Wave Crash|p2b: Farigiraf\n|-damage|p2b: Farigiraf|0 fnt\n|faint|p2b: Farigiraf\n|-damage|p1b: Swampert|16/100|[from] Recoil\n|move|p1a: Archaludon|Electro Shot||[still]\n|-prepare|p1a: Archaludon|Electro Shot\n|-boost|p1a: Archaludon|spa|1\n|-anim|p1a: Archaludon|Electro Shot|p2a: Staraptor\n|-supereffective|p2a: Staraptor|1\n|-damage|p2a: Staraptor|35/100\n|\n|-weather|RainDance|[upkeep]\n|-heal|p1a: Archaludon|90/100|[from] item: Leftovers\n|upkeep\n|\n|t:|1788398834\n|switch|p2b: Sylveon|Sylveon, L50, F|100/100\n|turn|4\n|inactive|ImSoCalamari has 30 seconds left.\n|\n|t:|1788398862\n|move|p2a: Staraptor|Close Combat|p1a: Archaludon\n|-supereffective|p1a: Archaludon|1\n|-damage|p1a: Archaludon|18/100\n|-boost|p2a: Staraptor|def|1\n|-boost|p2a: Staraptor|spd|1\n|-ability|p1a: Archaludon|Stamina|boost\n|-boost|p1a: Archaludon|def|1\n|move|p1b: Swampert|Flip Turn|p2b: Sylveon\n|-damage|p2b: Sylveon|26/100\n|\n|t:|1788398870\n|switch|p1b: Sneasler|Sneasler, L50, M|100/100|[from] Flip Turn\n|move|p2b: Sylveon|Hyper Voice|p1a: Archaludon|[spread] p1a,p1b\n|-damage|p1a: Archaludon|0 fnt\n|-damage|p1b: Sneasler|40/100\n|faint|p1a: Archaludon\n|\n|-weather|RainDance|[upkeep]\n|-sideend|p2: ImSoCalamari|move: Tailwind\n|upkeep\n|\n|t:|1788398881\n|switch|p1a: Swampert|Swampert-Mega, L50, F|16/100\n|turn|5\n|\n|t:|1788398897\n|move|p2a: Staraptor|Protect|p2a: Staraptor\n|-singleturn|p2a: Staraptor|Protect\n|move|p2b: Sylveon|Protect|p2b: Sylveon\n|-singleturn|p2b: Sylveon|Protect\n|move|p1b: Sneasler|Fake Out|p2a: Staraptor\n|-activate|p2a: Staraptor|move: Protect\n|move|p1a: Swampert|Wave Crash|p2a: Staraptor\n|-activate|p2a: Staraptor|move: Protect\n|\n|-weather|none\n|upkeep\n|turn|6\n|inactive|ImSoCalamari has 30 seconds left.\n|\n|t:|1788398929\n|switch|p1a: Pelipper|Pelipper, L50, M|62/100\n|-weather|RainDance|[from] ability: Drizzle|[of] p1a: Pelipper\n|move|p1b: Sneasler|Protect|p1b: Sneasler\n|-singleturn|p1b: Sneasler|Protect\n|move|p2a: Staraptor|Close Combat|p1a: Pelipper\n|-resisted|p1a: Pelipper|1\n|-damage|p1a: Pelipper|24/100\n|-boost|p2a: Staraptor|def|1\n|-boost|p2a: Staraptor|spd|1\n|-enditem|p1a: Pelipper|Sitrus Berry|[eat]\n|-heal|p1a: Pelipper|49/100|[from] item: Sitrus Berry\n|move|p2b: Sylveon|Hyper Voice|p1b: Sneasler|[spread] p1a\n|-activate|p1b: Sneasler|move: Protect\n|-damage|p1a: Pelipper|0 fnt\n|faint|p1a: Pelipper\n|\n|-weather|RainDance|[upkeep]\n|upkeep\n|\n|t:|1788398935\n|switch|p1a: Swampert|Swampert-Mega, L50, F|16/100\n|turn|7\n|\n|t:|1788398956\n|move|p1a: Swampert|Ice Punch|p2a: Staraptor\n|-supereffective|p2a: Staraptor|1\n|-damage|p2a: Staraptor|15/100\n|move|p1b: Sneasler|Dire Claw|p2b: Sylveon\n|-supereffective|p2b: Sylveon|1\n|-damage|p2b: Sylveon|0 fnt\n|faint|p2b: Sylveon\n|move|p2a: Staraptor|Close Combat|p1a: Swampert\n|-damage|p1a: Swampert|0 fnt\n|-boost|p2a: Staraptor|def|1\n|-boost|p2a: Staraptor|spd|1\n|faint|p1a: Swampert\n|\n|-weather|RainDance|[upkeep]\n|upkeep\n|\n|t:|1788398963\n|switch|p2b: Arcanine|Arcanine-Hisui, L50, F|100/100\n|turn|8\n|c|☆a13cks|#fairs\n|\n|t:|1788398981\n|move|p1b: Sneasler|Protect|p1b: Sneasler\n|-singleturn|p1b: Sneasler|Protect\n|move|p2b: Arcanine|Extreme Speed|p1b: Sneasler\n|-activate|p1b: Sneasler|move: Protect\n|move|p2a: Staraptor|Dual Wingbeat|p1b: Sneasler\n|-activate|p1b: Sneasler|move: Protect\n|\n|-weather|RainDance|[upkeep]\n|upkeep\n|turn|9\n|inactive|a13cks has 30 seconds left.\n|inactive|a13cks has 20 seconds left.\n|\n|t:|1788399016\n|move|p2b: Arcanine|Extreme Speed|p1b: Sneasler\n|-damage|p1b: Sneasler|0 fnt\n|faint|p1b: Sneasler\n|\n|win|ImSoCalamari\n|raw|a13cks's rating: 1137 &rarr; <strong>1117</strong><br />(-20 for losing)\n|raw|ImSoCalamari's rating: 1202 &rarr; <strong>1222</strong><br />(+20 for winning)\n|c|☆ImSoCalamari|ggs ggs\n","uploadtime":1788399043,"views":"1","formatid":"gen9championsvgc2026regmb","rating":1117,"private":0,"password":null}