{"id":"gen9championsvgc2026regmb-2674888212","format":"[Gen 9 Champions] VGC 2026 Reg M-B","players":["Daniel Purple","bankaiman"],"log":"|j|☆Daniel Purple\n|j|☆bankaiman\n|t:|1788429653\n|gametype|doubles\n|player|p1|Daniel Purple|steven|1058\n|player|p2|bankaiman|blackbelt-gen4|1030\n|gen|9\n|tier|[Gen 9 Champions] VGC 2026 Reg M-B\n|rated|\n|rule|Species Clause: Limit one of each Pokémon\n|rule|Item Clause: Limit 1 of each item\n|clearpoke\n|poke|p1|Charizard, L50, M, shiny|\n|poke|p1|Aerodactyl, L50, M, shiny|\n|poke|p1|Gholdengo, L50|\n|poke|p1|Staraptor, L50, M, shiny|\n|poke|p1|Grimmsnarl, L50, M|\n|poke|p1|Annihilape, L50, M, shiny|\n|poke|p2|Gallade, L50, M|\n|poke|p2|Alcremie, L50, F|\n|poke|p2|Kingambit, L50, M|\n|poke|p2|Basculegion, L50, M|\n|poke|p2|Venusaur, L50, F|\n|poke|p2|Aerodactyl, L50, M|\n|teampreview|4\n|inactive|Battle timer is ON: inactive players will automatically lose when time's up. (requested by Daniel Purple)\n|\n|t:|1788429684\n|teamsize|p1|4\n|teamsize|p2|4\n|start\n|switch|p1a: Gholdengo|Gholdengo, L50|100/100\n|switch|p1b: Staraptor|Staraptor, L50, M, shiny|100/100\n|switch|p2a: Gallade|Gallade, L50, M|100/100\n|switch|p2b: Venusaur|Venusaur, L50, F|100/100\n|-ability|p1b: Staraptor|Intimidate|boost\n|-unboost|p2a: Gallade|atk|1\n|-unboost|p2b: Venusaur|atk|1\n|turn|1\n|\n|t:|1788429705\n|switch|p2a: Alcremie|Alcremie, L50, F|100/100\n|move|p1b: Staraptor|Protect|p1b: Staraptor\n|-singleturn|p1b: Staraptor|Protect\n|move|p1a: Gholdengo|Shadow Ball|p2a: Alcremie\n|-damage|p2a: Alcremie|63/100\n|-damage|p1a: Gholdengo|90/100|[from] item: Life Orb\n|move|p2b: Venusaur|Sleep Powder|p1b: Staraptor\n|-activate|p1b: Staraptor|move: Protect\n|\n|-heal|p2a: Alcremie|69/100|[from] item: Leftovers\n|upkeep\n|turn|2\n|inactive|Daniel Purple has 30 seconds left.\n|\n|t:|1788429739\n|switch|p1a: Grimmsnarl|Grimmsnarl, L50, M|100/100\n|detailschange|p1b: Staraptor|Staraptor-Mega, L50, M, shiny\n|-mega|p1b: Staraptor|Staraptor|Staraptite\n|move|p2b: Venusaur|Protect|p2b: Venusaur\n|-singleturn|p2b: Venusaur|Protect\n|move|p2a: Alcremie|Protect|p2a: Alcremie\n|-singleturn|p2a: Alcremie|Protect\n|move|p1b: Staraptor|Blaze Kick|p2b: Venusaur\n|-activate|p2b: Venusaur|move: Protect\n|\n|-heal|p2a: Alcremie|75/100|[from] item: Leftovers\n|upkeep\n|turn|3\n|inactive|Daniel Purple has 30 seconds left.\n|\n|t:|1788429770\n|move|p1a: Grimmsnarl|Fake Out|p2b: Venusaur\n|-damage|p2b: Venusaur|90/100\n|move|p1b: Staraptor|Blaze Kick|p2a: Alcremie\n|-crit|p2a: Alcremie\n|-damage|p2a: Alcremie|35/100\n|cant|p2b: Venusaur|flinch\n|move|p2a: Alcremie|Decorate|p1b: Staraptor\n|-unboost|p1b: Staraptor|atk|2\n|-unboost|p1b: Staraptor|spa|2\n|\n|-heal|p2a: Alcremie|41/100|[from] item: Leftovers\n|upkeep\n|turn|4\n|\n|t:|1788429783\n|move|p1a: Grimmsnarl|Misty Terrain|p1a: Grimmsnarl\n|-fieldstart|move: Misty Terrain\n|move|p1b: Staraptor|Brave Bird|p2a: Alcremie\n|-damage|p2a: Alcremie|11/100\n|-damage|p1b: Staraptor|89/100|[from] Recoil\n|move|p2b: Venusaur|Sludge Wave|p1a: Grimmsnarl|[spread] p2a,p1a,p1b\n|-supereffective|p2a: Alcremie|1\n|-supereffective|p1a: Grimmsnarl|1\n|-damage|p2a: Alcremie|0 fnt\n|-damage|p1a: Grimmsnarl|43/100\n|-damage|p1b: Staraptor|66/100\n|-enditem|p1a: Grimmsnarl|Sitrus Berry|[eat]\n|-heal|p1a: Grimmsnarl|68/100|[from] item: Sitrus Berry\n|faint|p2a: Alcremie\n|\n|upkeep\n|\n|t:|1788429793\n|switch|p2a: Aerodactyl|Aerodactyl, L50, M|100/100\n|turn|5\n|\n|t:|1788429801\n|move|p2a: Aerodactyl|Dual Wingbeat|p1b: Staraptor|[miss]\n|-miss|p2a: Aerodactyl|p1b: Staraptor\n|move|p1b: Staraptor|Close Combat|p2a: Aerodactyl\n|-damage|p2a: Aerodactyl|53/100\n|-boost|p1b: Staraptor|def|1\n|-boost|p1b: Staraptor|spd|1\n|move|p2b: Venusaur|Sleep Powder|p1a: Grimmsnarl\n|-activate|p1a: Grimmsnarl|move: Misty Terrain\n|move|p1a: Grimmsnarl|Spirit Break|p2a: Aerodactyl\n|-damage|p2a: Aerodactyl|5/100\n|-unboost|p2a: Aerodactyl|spa|1\n|\n|upkeep\n|turn|6\n|\n|t:|1788429823\n|move|p1b: Staraptor|Protect|p1b: Staraptor\n|-singleturn|p1b: Staraptor|Protect\n|move|p2a: Aerodactyl|Dual Wingbeat|p1b: Staraptor\n|-activate|p1b: Staraptor|move: Protect\n|move|p2b: Venusaur|Sludge Wave|p1a: Grimmsnarl|[spread] p2a,p1a\n|-activate|p1b: Staraptor|move: Protect\n|-resisted|p2a: Aerodactyl|1\n|-supereffective|p1a: Grimmsnarl|1\n|-damage|p2a: Aerodactyl|0 fnt\n|-damage|p1a: Grimmsnarl|17/100\n|faint|p2a: Aerodactyl\n|move|p1a: Grimmsnarl|Spirit Break|p2b: Venusaur\n|-resisted|p2b: Venusaur|1\n|-damage|p2b: Venusaur|77/100\n|-unboost|p2b: Venusaur|spa|1\n|\n|upkeep\n|\n|t:|1788429833\n|switch|p2a: Gallade|Gallade, L50, M|100/100\n|turn|7\n|\n|t:|1788429850\n|switch|p1b: Gholdengo|Gholdengo, L50|90/100\n|detailschange|p2a: Gallade|Gallade-Mega, L50, M\n|-mega|p2a: Gallade|Gallade|Galladite\n|move|p1a: Grimmsnarl|Protect|p1a: Grimmsnarl\n|-singleturn|p1a: Grimmsnarl|Protect\n|move|p2a: Gallade|Sacred Sword|p1b: Gholdengo\n|-immune|p1b: Gholdengo\n|move|p2b: Venusaur|Grass Knot|p1a: Grimmsnarl\n|-activate|p1a: Grimmsnarl|move: Protect\n|\n|upkeep\n|turn|8\n|\n|t:|1788429874\n|switch|p1a: Charizard|Charizard, L50, M, shiny|100/100\n|move|p2a: Gallade|Wide Guard|p2a: Gallade\n|-singleturn|p2a: Gallade|Wide Guard\n|move|p1b: Gholdengo|Shadow Ball|p2a: Gallade\n|-supereffective|p2a: Gallade|1\n|-damage|p2a: Gallade|0 fnt\n|faint|p2a: Gallade\n|-damage|p1b: Gholdengo|80/100|[from] item: Life Orb\n|move|p2b: Venusaur|Grass Knot|p1a: Charizard\n|-resisted|p1a: Charizard|2\n|-damage|p1a: Charizard|93/100\n|\n|-fieldend|Misty Terrain\n|upkeep\n|turn|9\n|-message|bankaiman forfeited.\n|\n|win|Daniel Purple\n|raw|Daniel Purple's rating: 1058 &rarr; <strong>1087</strong><br />(+29 for winning)\n|raw|bankaiman's rating: 1030 &rarr; <strong>1017</strong><br />(-13 for losing)\n|l|☆bankaiman\n|player|p2|\n","uploadtime":1788429895,"views":"4","formatid":"gen9championsvgc2026regmb","rating":1017,"private":0,"password":null}