{"id":"gen9championsvgc2026regmb-2674067302","format":"[Gen 9 Champions] VGC 2026 Reg M-B","players":["audino316","IdkImScared"],"log":"|j|☆audino316\n|j|☆IdkImScared\n|t:|1788294722\n|gametype|doubles\n|player|p1|audino316|byron|1612\n|player|p2|IdkImScared|workerice|1606\n|gen|9\n|tier|[Gen 9 Champions] VGC 2026 Reg M-B\n|rated|\n|rule|Species Clause: Limit one of each Pokémon\n|rule|Item Clause: Limit 1 of each item\n|clearpoke\n|poke|p1|Delphox, L50, F|\n|poke|p1|Maushold-Four, L50|\n|poke|p1|Aerodactyl, L50, F|\n|poke|p1|Kommo-o, L50, M|\n|poke|p1|Scizor, L50, M|\n|poke|p1|Incineroar, L50, F|\n|poke|p2|Charizard, L50, M|\n|poke|p2|Venusaur, L50, M|\n|poke|p2|Swampert, L50, M|\n|poke|p2|Grimmsnarl, L50, M|\n|poke|p2|Archaludon, L50, M|\n|poke|p2|Pelipper, L50, M|\n|teampreview|4\n|c|☆IdkImScared|Glhf\n|inactive|Battle timer is ON: inactive players will automatically lose when time's up. (requested by audino316)\n|c|☆audino316|u2\n|inactive|audino316 has 60 seconds left.\n|inactive|IdkImScared has 60 seconds left.\n|inactive|audino316 has 30 seconds left.\n|inactive|audino316 has 20 seconds left.\n|inactive|audino316 has 15 seconds left.\n|inactive|IdkImScared has 30 seconds left.\n|inactive|audino316 has 10 seconds left.\n|inactive|audino316 has 5 seconds left.\n|inactive|IdkImScared has 20 seconds left.\n|inactive|IdkImScared has 15 seconds left.\n|\n|t:|1788294825\n|teamsize|p1|4\n|teamsize|p2|4\n|start\n|switch|p1a: Maushold|Maushold-Four, L50|100/100\n|switch|p1b: Kommo-o|Kommo-o, L50, M|100/100\n|switch|p2a: Ford F150|Grimmsnarl, L50, M|100/100\n|switch|p2b: Skibirdy|Pelipper, L50, M|100/100\n|-weather|RainDance|[from] ability: Drizzle|[of] p2b: Skibirdy\n|turn|1\n|j| bdger\n|l| bdger\n|inactive|audino316 has 30 seconds left.\n|inactive|audino316 has 20 seconds left.\n|inactive|audino316 has 15 seconds left.\n|\n|t:|1788294867\n|switch|p1b: Scizor|Scizor, L50, M|100/100\n|move|p2a: Ford F150|Light Screen|p2a: Ford F150\n|-sidestart|p2: IdkImScared|move: Light Screen\n|move|p1a: Maushold|Taunt|p2a: Ford F150\n|-start|p2a: Ford F150|move: Taunt\n|move|p2b: Skibirdy|Hurricane|p1b: Scizor\n|-damage|p1b: Scizor|58/100\n|-start|p1b: Scizor|confusion\n|\n|-weather|RainDance|[upkeep]\n|upkeep\n|turn|2\n|inactive|audino316 has 30 seconds left.\n|inactive|IdkImScared has 30 seconds left.\n|inactive|audino316 has 20 seconds left.\n|inactive|IdkImScared has 20 seconds left.\n|inactive|IdkImScared has 15 seconds left.\n|inactive|IdkImScared has 10 seconds left.\n|inactive|IdkImScared has 5 seconds left.\n|\n|t:|1788294932\n|switch|p1b: Kommo-o|Kommo-o, L50, M|100/100\n|move|p1a: Maushold|Protect|p1a: Maushold\n|-singleturn|p1a: Maushold|Protect\n|move|p2b: Skibirdy|Hurricane|p1b: Kommo-o\n|-supereffective|p1b: Kommo-o|1\n|-damage|p1b: Kommo-o|32/100\n|move|p2a: Ford F150|Spirit Break|p1b: Kommo-o\n|-supereffective|p1b: Kommo-o|2\n|-damage|p1b: Kommo-o|0 fnt\n|faint|p1b: Kommo-o\n|\n|-weather|RainDance|[upkeep]\n|upkeep\n|\n|t:|1788294944\n|switch|p1b: Aerodactyl|Aerodactyl, L50, F|100/100\n|-ability|p1b: Aerodactyl|Unnerve\n|turn|3\n|\n|t:|1788294959\n|switch|p2b: Fishseph|Swampert, L50, M|100/100\n|switch|p2a: The FENCE|Archaludon, L50, M|100/100\n|detailschange|p1b: Aerodactyl|Aerodactyl-Mega, L50, F\n|-mega|p1b: Aerodactyl|Aerodactyl|Aerodactylite\n|move|p1a: Maushold|Helping Hand|p1b: Aerodactyl\n|-singleturn|p1b: Aerodactyl|Helping Hand|[of] p1a: Maushold\n|move|p1b: Aerodactyl|Rock Slide|p2b: Fishseph|[spread] p2a,p2b\n|-resisted|p2a: The FENCE|1\n|-resisted|p2b: Fishseph|1\n|-damage|p2a: The FENCE|84/100\n|-damage|p2b: Fishseph|73/100\n|-ability|p2a: The FENCE|Stamina|boost\n|-boost|p2a: The FENCE|def|1\n|\n|-weather|RainDance|[upkeep]\n|-heal|p2a: The FENCE|90/100|[from] item: Leftovers\n|upkeep\n|turn|4\n|\n|t:|1788294985\n|detailschange|p2b: Fishseph|Swampert-Mega, L50, M\n|-mega|p2b: Fishseph|Swampert|Swampertite\n|move|p1a: Maushold|Helping Hand|p1b: Aerodactyl\n|-singleturn|p1b: Aerodactyl|Helping Hand|[of] p1a: Maushold\n|move|p2b: Fishseph|Wave Crash|p1a: Maushold\n|-enditem|p1a: Maushold|Focus Sash\n|-damage|p1a: Maushold|1/100\n|-damage|p2b: Fishseph|41/100|[from] Recoil\n|move|p1b: Aerodactyl|Rock Slide|p2a: The FENCE|[spread] p2a,p2b\n|-resisted|p2a: The FENCE|1\n|-resisted|p2b: Fishseph|1\n|-damage|p2a: The FENCE|81/100\n|-damage|p2b: Fishseph|20/100y\n|-ability|p2a: The FENCE|Stamina|boost\n|-boost|p2a: The FENCE|def|1\n|move|p2a: The FENCE|Electro Shot||[still]\n|-prepare|p2a: The FENCE|Electro Shot\n|-boost|p2a: The FENCE|spa|1\n|-anim|p2a: The FENCE|Electro Shot|p1b: Aerodactyl\n|-supereffective|p1b: Aerodactyl|1\n|-damage|p1b: Aerodactyl|0 fnt\n|faint|p1b: Aerodactyl\n|\n|-weather|RainDance|[upkeep]\n|-heal|p2a: The FENCE|87/100|[from] item: Leftovers\n|upkeep\n|\n|t:|1788294988\n|switch|p1b: Scizor|Scizor, L50, M|58/100\n|turn|5\n|inactive|IdkImScared has 30 seconds left.\n|\n|t:|1788295019\n|move|p1a: Maushold|Helping Hand|p1b: Scizor\n|-singleturn|p1b: Scizor|Helping Hand|[of] p1a: Maushold\n|move|p2b: Fishseph|Wave Crash|p1b: Scizor\n|-damage|p1b: Scizor|0 fnt\n|faint|p1b: Scizor\n|-damage|p2b: Fishseph|2/100|[from] Recoil\n|move|p2a: The FENCE|Electro Shot||[still]\n|-prepare|p2a: The FENCE|Electro Shot\n|-boost|p2a: The FENCE|spa|1\n|-anim|p2a: The FENCE|Electro Shot|p1a: Maushold\n|-damage|p1a: Maushold|0 fnt\n|faint|p1a: Maushold\n|\n|win|IdkImScared\n|raw|audino316's rating: 1612 &rarr; <strong>1592</strong><br />(-20 for losing)\n|raw|IdkImScared's rating: 1606 &rarr; <strong>1626</strong><br />(+20 for winning)\n|l|☆audino316\n|player|p1|\n|c|☆IdkImScared|Gg\n","uploadtime":1788295045,"views":"29","formatid":"gen9championsvgc2026regmb","rating":1592,"private":0,"password":null}