{"id":"gen9championsvgc2026regmbbo3-2674179396","format":"[Gen 9 Champions] VGC 2026 Reg M-B (Bo3)","players":["oapals121","gorillastew"],"log":"|j|☆oapals121\n|j|☆gorillastew\n|html|<table width=\"100%\"><tr><td align=\"left\">oapals121</td><td align=\"right\">gorillastew</tr><tr><td align=\"left\"><i class=\"fa fa-circle\"></i> <i class=\"fa fa-circle-o\"></i> </td><td align=\"right\"><i class=\"fa fa-circle-o\"></i> <i class=\"fa fa-circle-o\"></i> </tr></table>\n|uhtml|bestof|<h2><strong>Game 2</strong> of <a href=\"/game-bestof3-gen9championsvgc2026regmbbo3-2674177854\">a best-of-3</a></h2>\n|t:|1788311114\n|gametype|doubles\n|player|p1|oapals121|blue|1099\n|player|p2|gorillastew|clerkf|1119\n|gen|9\n|tier|[Gen 9 Champions] VGC 2026 Reg M-B (Bo3)\n|rated|\n|rule|Species Clause: Limit one of each Pokémon\n|rule|Item Clause: Limit 1 of each item\n|clearpoke\n|poke|p1|Staraptor, L50, F|\n|poke|p1|Glimmora, L50, M|\n|poke|p1|Farigiraf, L50, M|\n|poke|p1|Whimsicott, L50, F|\n|poke|p1|Sneasler, L50, M|\n|poke|p1|Camerupt, L50, M|\n|poke|p2|Glimmora, L50, M, shiny|\n|poke|p2|Whimsicott, L50, F|\n|poke|p2|Orthworm, L50, F, shiny|\n|poke|p2|Basculegion, L50, M|\n|poke|p2|Raichu, L50, M|\n|poke|p2|Ninetales-Alola, L50, F|\n|teampreview|4\n|showteam|p1|Staraptor||Staraptite|Intimidate|DualWingbeat,CloseCombat,Roost,Protect|Jolly||F|||50|]Glimmora||Leftovers|ToxicDebris|SludgeBomb,PowerGem,EarthPower,SpikyShield|Modest||M|||50|]Farigiraf||SitrusBerry|ArmorTail|Psychic,TrickRoom,HelpingHand,Protect|Sassy||M|||50|]Whimsicott||FocusSash|Prankster|Moonblast,Tailwind,Charm,FakeTears|Timid||F|||50|]Sneasler||LifeOrb|PoisonTouch|CloseCombat,PoisonJab,RockSlide,FakeOut|Adamant||M|||50|]Camerupt||Cameruptite|SolidRock|Protect,EarthPower,HeatWave,AncientPower|Quiet||M|||50|\n|showteam|p2|Glimmora||Glimmoranite|ToxicDebris|SpikyShield,SludgeBomb,PowerGem,EarthPower|Timid||M|||50|]Whimsicott||FocusSash|Prankster|Tailwind,Moonblast,Encore,Protect|Modest||F|||50|]Orthworm||Leftovers|EarthEater|HeavySlam,Protect,IronDefense,BodyPress|Impish||F|||50|]Basculegion||LifeOrb|Adaptability|LastRespects,WaveCrash,AquaJet,Protect|Jolly||M|||50|]Raichu||RaichuniteY|LightningRod|ZapCannon,Protect,FakeOut,FocusBlast|Modest||M|||50|]Ninetales-Alola||NeverMeltIce|SnowWarning|Blizzard,AuroraVeil,FreezeDry,Protect|Timid||F|||50|\n|\n|t:|1788311139\n|teamsize|p1|4\n|teamsize|p2|4\n|start\n|switch|p1a: Staraptor|Staraptor, L50, F|100/100\n|switch|p1b: Sneasler|Sneasler, L50, M|100/100\n|switch|p2a: Ninetales|Ninetales-Alola, L50, F|100/100\n|switch|p2b: Raichu|Raichu, L50, M|100/100\n|-weather|Snowscape|[from] ability: Snow Warning|[of] p2a: Ninetales\n|-ability|p1a: Staraptor|Intimidate|boost\n|-unboost|p2a: Ninetales|atk|1\n|-unboost|p2b: Raichu|atk|1\n|turn|1\n|inactive|Battle timer is ON: inactive players will automatically lose when time's up. (requested by oapals121)\n|\n|t:|1788311166\n|detailschange|p1a: Staraptor|Staraptor-Mega, L50, F\n|-mega|p1a: Staraptor|Staraptor|Staraptite\n|detailschange|p2b: Raichu|Raichu-Mega-Y, L50, M\n|-mega|p2b: Raichu|Raichu|Raichunite Y\n|move|p1b: Sneasler|Fake Out|p2b: Raichu\n|-crit|p2b: Raichu\n|-damage|p2b: Raichu|47/100\n|-damage|p1b: Sneasler|90/100|[from] item: Life Orb\n|cant|p2b: Raichu|flinch\n|move|p1a: Staraptor|Close Combat|p2b: Raichu\n|-damage|p2b: Raichu|0 fnt\n|-boost|p1a: Staraptor|def|1\n|-boost|p1a: Staraptor|spd|1\n|faint|p2b: Raichu\n|move|p2a: Ninetales|Aurora Veil|p2a: Ninetales\n|-sidestart|p2: gorillastew|move: Aurora Veil\n|\n|-weather|Snowscape|[upkeep]\n|upkeep\n|\n|t:|1788311180\n|switch|p2b: Whimsicott|Whimsicott, L50, F|100/100\n|turn|2\n|\n|t:|1788311196\n|move|p2b: Whimsicott|Encore|p1b: Sneasler\n|-start|p1b: Sneasler|Encore\n|move|p1b: Sneasler|Fake Out||[still]\n|-hint|Fake Out only works on your first turn out.\n|-fail|p1b: Sneasler\n|move|p1a: Staraptor|Dual Wingbeat|p2b: Whimsicott|[miss]\n|-miss|p1a: Staraptor|p2b: Whimsicott\n|move|p2a: Ninetales|Blizzard|p1b: Sneasler|[spread] p1a,p1b\n|-supereffective|p1a: Staraptor|1\n|-damage|p1a: Staraptor|49/100\n|-damage|p1b: Sneasler|39/100\n|\n|-weather|Snowscape|[upkeep]\n|upkeep\n|turn|3\n|\n|t:|1788311215\n|switch|p1b: Farigiraf|Farigiraf, L50, M|100/100\n|move|p2b: Whimsicott|Tailwind|p2b: Whimsicott\n|-sidestart|p2: gorillastew|move: Tailwind\n|move|p2a: Ninetales|Blizzard|p1a: Staraptor|[spread] p1a,p1b\n|-supereffective|p1a: Staraptor|1\n|-damage|p1a: Staraptor|0 fnt\n|-damage|p1b: Farigiraf|71/100\n|faint|p1a: Staraptor\n|\n|-weather|Snowscape|[upkeep]\n|upkeep\n|\n|t:|1788311222\n|switch|p1a: Sneasler|Sneasler, L50, M|39/100\n|turn|4\n|\n|t:|1788311231\n|move|p1a: Sneasler|Fake Out|p2b: Whimsicott\n|-damage|p2b: Whimsicott|83/100\n|-damage|p1a: Sneasler|30/100|[from] item: Life Orb\n|move|p2a: Ninetales|Blizzard|p1b: Farigiraf|[spread] p1a,p1b\n|-damage|p1a: Sneasler|0 fnt\n|-damage|p1b: Farigiraf|44/100\n|-enditem|p1b: Farigiraf|Sitrus Berry|[eat]\n|-heal|p1b: Farigiraf|69/100|[from] item: Sitrus Berry\n|faint|p1a: Sneasler\n|cant|p2b: Whimsicott|flinch\n|move|p1b: Farigiraf|Trick Room|p1b: Farigiraf\n|-fieldstart|move: Trick Room|[of] p1b: Farigiraf\n|\n|-weather|Snowscape|[upkeep]\n|upkeep\n|\n|t:|1788311236\n|switch|p1a: Whimsicott|Whimsicott, L50, F|100/100\n|turn|5\n|\n|t:|1788311246\n|move|p1b: Farigiraf|Psychic|p2a: Ninetales\n|-damage|p2a: Ninetales|73/100\n|move|p1a: Whimsicott|Moonblast|p2a: Ninetales\n|-damage|p2a: Ninetales|50/100g\n|move|p2b: Whimsicott|Moonblast|p1a: Whimsicott\n|-damage|p1a: Whimsicott|50/100g\n|move|p2a: Ninetales|Blizzard|p1a: Whimsicott|[spread] p1a,p1b\n|-supereffective|p1a: Whimsicott|1\n|-crit|p1a: Whimsicott\n|-damage|p1a: Whimsicott|0 fnt\n|-damage|p1b: Farigiraf|36/100\n|faint|p1a: Whimsicott\n|\n|-weather|none\n|-sideend|p2: gorillastew|move: Aurora Veil\n|upkeep\n|turn|6\n|-message|oapals121 forfeited.\n|\n|win|gorillastew\n|l|☆oapals121\n|player|p1|\n||oapals121 is ready for game 3.\n||gorillastew is ready for game 3.\n|uhtml|next|Next: <a href=\"/battle-gen9championsvgc2026regmbbo3-2674180385\"><strong>Game 3 of 3</strong></a>\n","uploadtime":1788311508,"views":"0","formatid":"gen9championsvgc2026regmbbo3","rating":null,"private":0,"password":null}