{"id":"gen9championsvgc2026regmb-2674610336","format":"[Gen 9 Champions] VGC 2026 Reg M-B","players":["GS Leal","KingK0opa"],"log":"|j|☆GS Leal\n|j|☆KingK0opa\n|t:|1788379973\n|gametype|doubles\n|player|p1|GS Leal|steven|1335\n|player|p2|KingK0opa|bugsy|1379\n|gen|9\n|tier|[Gen 9 Champions] VGC 2026 Reg M-B\n|rated|\n|rule|Species Clause: Limit one of each Pokémon\n|rule|Item Clause: Limit 1 of each item\n|clearpoke\n|poke|p1|Araquanid, L50, F, shiny|\n|poke|p1|Pelipper, L50, F, shiny|\n|poke|p1|Rotom-Wash, L50, shiny|\n|poke|p1|Feraligatr, L50, M|\n|poke|p1|Milotic, L50, M, shiny|\n|poke|p1|Basculegion, L50, M, shiny|\n|poke|p2|Beedrill, L50, M|\n|poke|p2|Basculegion, L50, M|\n|poke|p2|Aerodactyl, L50, F|\n|poke|p2|Farigiraf, L50, F|\n|poke|p2|Hydreigon, L50, F|\n|poke|p2|Passimian, L50, F|\n|teampreview|4\n|inactive|Battle timer is ON: inactive players will automatically lose when time's up. (requested by KingK0opa)\n|inactive|GS Leal also wants the timer to be on.\nKingK0opa rejected open team sheets.\n|inactive|GS Leal has 60 seconds left.\n|\n|t:|1788380017\n|teamsize|p1|4\n|teamsize|p2|4\n|start\n|switch|p1a: Araquanid|Araquanid, L50, F, shiny|100/100\n|switch|p1b: Milotic|Milotic, L50, M, shiny|100/100\n|switch|p2a: Beedrill|Beedrill, L50, M|100/100\n|switch|p2b: Passimian|Passimian, L50, F|100/100\n|turn|1\n|\n|t:|1788380034\n|detailschange|p2a: Beedrill|Beedrill-Mega, L50, M\n|-mega|p2a: Beedrill|Beedrill|Beedrillite\n|move|p2a: Beedrill|U-turn|p1a: Araquanid\n|-damage|p1a: Araquanid|36/100\n|\n|t:|1788380043\n|switch|p2a: Basculegion|Basculegion, L50, M|100/100|[from] U-turn\n|move|p1b: Milotic|Surf|p2b: Passimian|[spread] p2a,p2b\n|-heal|p1a: Araquanid|60/100|[from] ability: Water Absorb|[of] p1b: Milotic\n|-resisted|p2a: Basculegion|1\n|-damage|p2a: Basculegion|84/100\n|-damage|p2b: Passimian|58/100\n|move|p2b: Passimian|Taunt|p1b: Milotic\n|-start|p1b: Milotic|move: Taunt\n|move|p1a: Araquanid|Infestation|p2b: Passimian\n|-resisted|p2b: Passimian|1\n|-damage|p2b: Passimian|55/100\n|-activate|p2b: Passimian|move: Infestation|[of] p1a: Araquanid\n|\n|-heal|p1a: Araquanid|66/100|[from] item: Leftovers\n|-damage|p2b: Passimian|43/100|[from] move: Infestation|[partiallytrapped]\n|upkeep\n|turn|2\n|inactive|KingK0opa has 30 seconds left.\n|\n|t:|1788380074\n|switch|p2a: Beedrill|Beedrill-Mega, L50, M|100/100\n|move|p1b: Milotic|Surf|p2b: Passimian|[spread] p2a,p2b\n|-heal|p1a: Araquanid|90/100|[from] ability: Water Absorb|[of] p1b: Milotic\n|-damage|p2a: Beedrill|58/100\n|-damage|p2b: Passimian|6/100\n|move|p2b: Passimian|Knock Off|p1b: Milotic\n|-damage|p1b: Milotic|68/100\n|move|p1a: Araquanid|Giga Drain|p2a: Beedrill\n|-resisted|p2a: Beedrill|2\n|-damage|p2a: Beedrill|54/100\n|-heal|p1a: Araquanid|92/100|[from] drain|[of] p2a: Beedrill\n|\n|-heal|p1a: Araquanid|98/100|[from] item: Leftovers\n|-damage|p2b: Passimian|0 fnt|[from] move: Infestation|[partiallytrapped]\n|faint|p2b: Passimian\n|upkeep\n|\n|t:|1788380089\n|switch|p2b: Hydreigon|Hydreigon, L50, F|100/100\n|turn|3\n|\n|t:|1788380105\n|move|p2a: Beedrill|Poison Jab|p1b: Milotic\n|-damage|p1b: Milotic|0 fnt\n|faint|p1b: Milotic\n|move|p2b: Hydreigon|Dark Pulse|p1a: Araquanid\n|-damage|p1a: Araquanid|66/100\n|-damage|p2b: Hydreigon|90/100|[from] item: Life Orb\n|move|p1a: Araquanid|Infestation|p2b: Hydreigon\n|-supereffective|p2b: Hydreigon|1\n|-damage|p2b: Hydreigon|80/100\n|-activate|p2b: Hydreigon|move: Infestation|[of] p1a: Araquanid\n|\n|-heal|p1a: Araquanid|72/100|[from] item: Leftovers\n|-damage|p2b: Hydreigon|68/100|[from] move: Infestation|[partiallytrapped]\n|upkeep\n|\n|t:|1788380120\n|switch|p1b: Feraligatr|Feraligatr, L50, M|100/100\n|turn|4\n|\n|t:|1788380128\n|detailschange|p1b: Feraligatr|Feraligatr-Mega, L50, M\n|-mega|p1b: Feraligatr|Feraligatr|Feraligite\n|move|p1a: Araquanid|Protect|p1a: Araquanid\n|-singleturn|p1a: Araquanid|Protect\n|move|p2a: Beedrill|Poison Jab|p1a: Araquanid\n|-activate|p1a: Araquanid|move: Protect\n|move|p2b: Hydreigon|Draco Meteor|p1b: Feraligatr\n|-supereffective|p1b: Feraligatr|1\n|-damage|p1b: Feraligatr|0 fnt\n|-unboost|p2b: Hydreigon|spa|2\n|faint|p1b: Feraligatr\n|-damage|p2b: Hydreigon|58/100|[from] item: Life Orb\n|\n|-heal|p1a: Araquanid|77/100|[from] item: Leftovers\n|-damage|p2b: Hydreigon|46/100|[from] move: Infestation|[partiallytrapped]\n|upkeep\n|\n|t:|1788380146\n|switch|p1b: Basculegion|Basculegion, L50, M, shiny|100/100\n|turn|5\n|inactive|GS Leal has 30 seconds left.\n|\n|t:|1788380171\n|move|p2a: Beedrill|Protect|p2a: Beedrill\n|-singleturn|p2a: Beedrill|Protect\n|move|p1b: Basculegion|Last Respects|p2b: Hydreigon\n|-resisted|p2b: Hydreigon|1\n|-damage|p2b: Hydreigon|0 fnt\n|faint|p2b: Hydreigon\n|move|p1a: Araquanid|Giga Drain|p2a: Beedrill\n|-activate|p2a: Beedrill|move: Protect\n|\n|-heal|p1a: Araquanid|83/100|[from] item: Leftovers\n|upkeep\n|\n|t:|1788380179\n|switch|p2b: Basculegion|Basculegion, L50, M|84/100\n|turn|6\n|\n|t:|1788380192\n|move|p2a: Beedrill|Poison Jab|p1a: Araquanid\n|-damage|p1a: Araquanid|17/100\n|move|p1b: Basculegion|Last Respects|p2a: Beedrill\n|-damage|p2a: Beedrill|0 fnt\n|faint|p2a: Beedrill\n|move|p2b: Basculegion|Last Respects|p1b: Basculegion\n|-supereffective|p1b: Basculegion|1\n|-damage|p1b: Basculegion|0 fnt\n|faint|p1b: Basculegion\n|move|p1a: Araquanid|Giga Drain|p2b: Basculegion\n|-supereffective|p2b: Basculegion|1\n|-crit|p2b: Basculegion\n|-damage|p2b: Basculegion|48/100\n|-heal|p1a: Araquanid|37/100|[from] drain|[of] p2b: Basculegion\n|\n|-heal|p1a: Araquanid|42/100|[from] item: Leftovers\n|upkeep\n|turn|7\n|\n|t:|1788380210\n|move|p1a: Araquanid|Protect|p1a: Araquanid\n|-singleturn|p1a: Araquanid|Protect\n|move|p2b: Basculegion|Last Respects|p1a: Araquanid\n|-activate|p1a: Araquanid|move: Protect\n|\n|-heal|p1a: Araquanid|48/100|[from] item: Leftovers\n|upkeep\n|turn|8\n|\n|t:|1788380219\n|move|p2b: Basculegion|Last Respects|p1a: Araquanid\n|-damage|p1a: Araquanid|0 fnt\n|faint|p1a: Araquanid\n|\n|win|KingK0opa\n|raw|GS Leal's rating: 1335 &rarr; <strong>1318</strong><br />(-17 for losing)\n|raw|KingK0opa's rating: 1379 &rarr; <strong>1396</strong><br />(+17 for winning)\n","uploadtime":1788380220,"views":"0","formatid":"gen9championsvgc2026regmb","rating":1318,"private":0,"password":null}