{"id":"gen9championsvgc2026regmbbo3-2674038223","format":"[Gen 9 Champions] VGC 2026 Reg M-B (Bo3)","players":["JakAttack626","metvgc"],"log":"|j|☆JakAttack626\n|j|☆metvgc\n|html|<table width=\"100%\"><tr><td align=\"left\">JakAttack626</td><td align=\"right\">metvgc</tr><tr><td align=\"left\"><i class=\"fa fa-circle\"></i> <i class=\"fa fa-circle-o\"></i> </td><td align=\"right\"><i class=\"fa fa-circle-o\"></i> <i class=\"fa fa-circle\"></i> </tr></table>\n|uhtml|bestof|<h2><strong>Game 3</strong> of <a href=\"/game-bestof3-gen9championsvgc2026regmbbo3-2674033256\">a best-of-3</a></h2>\n|t:|1788291185\n|gametype|doubles\n|player|p1|JakAttack626|pryce|1098\n|player|p2|metvgc|linebacker|1176\n|gen|9\n|tier|[Gen 9 Champions] VGC 2026 Reg M-B (Bo3)\n|rated|\n|rule|Species Clause: Limit one of each Pokémon\n|rule|Item Clause: Limit 1 of each item\n|clearpoke\n|poke|p1|Scovillain, L50, M, shiny|\n|poke|p1|Basculegion, L50, M|\n|poke|p1|Kingambit, L50, M|\n|poke|p1|Sneasler, L50, F|\n|poke|p1|Lycanroc-Dusk, L50, M|\n|poke|p1|Froslass, L50, F|\n|poke|p2|Staraptor, L50, M|\n|poke|p2|Raichu, L50, F|\n|poke|p2|Arcanine-Hisui, L50, F|\n|poke|p2|Kingambit, L50, M|\n|poke|p2|Sylveon, L50, M|\n|poke|p2|Farigiraf, L50, M|\n|teampreview|4\n|showteam|p1|Scovillain||Scovillainite|Moody|GigaDrain,Overheat,RagePowder,Protect|Bold||M|||50|]Basculegion||LifeOrb|Adaptability|WaveCrash,AquaJet,LastRespects,Protect|Adamant||M|||50|]Kingambit||BlackGlasses|Defiant|KowtowCleave,SuckerPunch,SwordsDance,Protect|Adamant||M|||50|]Sneasler||WhiteHerb|Unburden|DireClaw,CloseCombat,FakeOut,Protect|Adamant||F|||50|]Lycanroc-Dusk||FocusSash|ToughClaws|RockSlide,CloseCombat,Accelerock,Protect|Adamant||M|||50|]Froslass||Froslassite|CursedBody|Blizzard,ShadowBall,AuroraVeil,Protect|Timid||F|||50|\n|showteam|p2|Staraptor||Staraptite|Intimidate|Protect,Tailwind,CloseCombat,DualWingbeat|Jolly||M|||50|]Raichu||RaichuniteY|LightningRod|Protect,FakeOut,FocusBlast,ZapCannon|Timid||F|||50|]Arcanine-Hisui||FocusSash|RockHead|Protect,HeadSmash,FlareBlitz,ExtremeSpeed|Jolly||F|||50|]Kingambit||LifeOrb|Defiant|Protect,SwordsDance,KowtowCleave,SuckerPunch|Adamant||M|||50|]Sylveon||FairyFeather|Pixilate|Protect,QuickAttack,HyperVoice,HyperBeam|Modest||M|||50|]Farigiraf||SitrusBerry|ArmorTail|Protect,TrickRoom,HelpingHand,Psychic|Calm||M|||50|\n|inactive|Battle timer is ON: inactive players will automatically lose when time's up. (requested by metvgc)\n|\n|t:|1788291218\n|teamsize|p1|4\n|teamsize|p2|4\n|start\n|switch|p1a: Hot One|Scovillain, L50, M, shiny|100/100\n|switch|p1b: SeaWater|Basculegion, L50, M|100/100\n|switch|p2a: Arcanine|Arcanine-Hisui, L50, F|100/100\n|switch|p2b: Farigiraf|Farigiraf, L50, M|100/100\n|turn|1\n|\n|t:|1788291242\n|detailschange|p1a: Hot One|Scovillain-Mega, L50, M, shiny\n|-mega|p1a: Hot One|Scovillain|Scovillainite\n|move|p2b: Farigiraf|Helping Hand|p2a: Arcanine\n|-singleturn|p2a: Arcanine|Helping Hand|[of] p2b: Farigiraf\n|move|p2a: Arcanine|Head Smash|p1b: SeaWater\n|-damage|p1b: SeaWater|0 fnt\n|faint|p1b: SeaWater\n|move|p1a: Hot One|Giga Drain|p2b: Farigiraf\n|-damage|p2b: Farigiraf|71/100\n|\n|upkeep\n|\n|t:|1788291253\n|switch|p1b: Dirt road|Lycanroc-Dusk, L50, M|100/100\n|turn|2\n|\n|t:|1788291263\n|move|p1a: Hot One|Protect|p1a: Hot One\n|-singleturn|p1a: Hot One|Protect\n|move|p1b: Dirt road|Rock Slide|p2a: Arcanine|[spread] p2a,p2b\n|-supereffective|p2a: Arcanine|1\n|-damage|p2a: Arcanine|24/100\n|-damage|p2b: Farigiraf|45/100\n|-enditem|p2b: Farigiraf|Sitrus Berry|[eat]\n|-heal|p2b: Farigiraf|70/100|[from] item: Sitrus Berry\n|move|p2a: Arcanine|Flare Blitz|p1a: Hot One\n|-activate|p1a: Hot One|move: Protect\n|cant|p2b: Farigiraf|flinch\n|\n|upkeep\n|turn|3\n|\n|t:|1788291277\n|switch|p2a: Kingambit|Kingambit, L50, M|100/100\n|move|p1b: Dirt road|Rock Slide|p2a: Kingambit|[spread] p2a,p2b\n|-resisted|p2a: Kingambit|1\n|-damage|p2a: Kingambit|89/100\n|-damage|p2b: Farigiraf|44/100\n|move|p1a: Hot One|Giga Drain|p2b: Farigiraf\n|-damage|p2b: Farigiraf|18/100\n|move|p2b: Farigiraf|Trick Room|p2b: Farigiraf\n|-fieldstart|move: Trick Room|[of] p2b: Farigiraf\n|\n|upkeep\n|turn|4\n|\n|t:|1788291292\n|move|p1b: Dirt road|Protect|p1b: Dirt road\n|-singleturn|p1b: Dirt road|Protect\n|move|p2a: Kingambit|Swords Dance|p2a: Kingambit\n|-boost|p2a: Kingambit|atk|2\n|move|p2b: Farigiraf|Psychic|p1b: Dirt road\n|-activate|p1b: Dirt road|move: Protect\n|move|p1a: Hot One|Overheat|p2a: Kingambit\n|-supereffective|p2a: Kingambit|1\n|-damage|p2a: Kingambit|0 fnt\n|-unboost|p1a: Hot One|spa|2\n|faint|p2a: Kingambit\n|\n|upkeep\n|\n|t:|1788291295\n|switch|p2a: Arcanine|Arcanine-Hisui, L50, F|24/100\n|turn|5\n|\n|t:|1788291313\n|switch|p1b: Kachow|Sneasler, L50, F|100/100\n|move|p2b: Farigiraf|Psychic|p1a: Hot One\n|-damage|p1a: Hot One|64/100\n|-status|p2b: Farigiraf|brn|[from] ability: Spicy Spray|[of] p1a: Hot One\n|move|p1a: Hot One|Overheat|p2b: Farigiraf|[miss]\n|-miss|p1a: Hot One|p2b: Farigiraf\n|move|p2a: Arcanine|Head Smash|p1a: Hot One\n|-supereffective|p1a: Hot One|1\n|-damage|p1a: Hot One|0 fnt\n|faint|p1a: Hot One\n|\n|-damage|p2b: Farigiraf|12/100 brn|[from] brn\n|upkeep\n|\n|t:|1788291327\n|switch|p1a: Dirt road|Lycanroc-Dusk, L50, M|100/100\n|turn|6\n|\n|t:|1788291335\n|move|p2b: Farigiraf|Psychic|p1a: Dirt road\n|-damage|p1a: Dirt road|38/100\n|move|p2a: Arcanine|Flare Blitz|p1a: Dirt road\n|-resisted|p1a: Dirt road|1\n|-damage|p1a: Dirt road|0 fnt\n|faint|p1a: Dirt road\n|move|p1b: Kachow|Close Combat|p2a: Arcanine\n|-supereffective|p2a: Arcanine|1\n|-damage|p2a: Arcanine|0 fnt\n|-unboost|p1b: Kachow|def|1\n|-unboost|p1b: Kachow|spd|1\n|faint|p2a: Arcanine\n|-enditem|p1b: Kachow|White Herb\n|-clearnegativeboost|p1b: Kachow|[silent]\n|\n|-damage|p2b: Farigiraf|6/100 brn|[from] brn\n|upkeep\n|\n|t:|1788291340\n|switch|p2a: Staraptor|Staraptor, L50, M|100/100\n|-ability|p2a: Staraptor|Intimidate|boost\n|-unboost|p1b: Kachow|atk|1\n|turn|7\n|\n|t:|1788291346\n|detailschange|p2a: Staraptor|Staraptor-Mega, L50, M\n|-mega|p2a: Staraptor|Staraptor|Staraptite\n|move|p1b: Kachow|Protect|p1b: Kachow\n|-singleturn|p1b: Kachow|Protect\n|move|p2b: Farigiraf|Psychic|p1b: Kachow\n|-activate|p1b: Kachow|move: Protect\n|move|p2a: Staraptor|Dual Wingbeat|p1b: Kachow\n|-activate|p1b: Kachow|move: Protect\n|\n|-damage|p2b: Farigiraf|0 fnt|[from] brn\n|faint|p2b: Farigiraf\n|-fieldend|move: Trick Room\n|upkeep\n|turn|8\n|\n|t:|1788291358\n|move|p1b: Kachow|Dire Claw|p2a: Staraptor\n|-damage|p2a: Staraptor|71/100\n|move|p2a: Staraptor|Dual Wingbeat|p1b: Kachow\n|-supereffective|p1b: Kachow|1\n|-damage|p1b: Kachow|43/100\n|-supereffective|p1b: Kachow|1\n|-damage|p1b: Kachow|0 fnt\n|faint|p1b: Kachow\n|-hitcount|p1: Kachow|2\n|\n|win|metvgc\n|raw|JakAttack626's rating: 1098 &rarr; <strong>1079</strong><br />(-19 for losing)\n|raw|metvgc's rating: 1176 &rarr; <strong>1195</strong><br />(+19 for winning)\n","uploadtime":1788291358,"views":"0","formatid":"gen9championsvgc2026regmbbo3","rating":1079,"private":0,"password":null}