{"id":"gen9championsvgc2026regmbbo3-2673553957","format":"[Gen 9 Champions] VGC 2026 Reg M-B (Bo3)","players":["Piccone Baldo","plsbringregi"],"log":"|j|☆Piccone Baldo\n|j|☆plsbringregi\n|html|<table width=\"100%\"><tr><td align=\"left\">Piccone Baldo</td><td align=\"right\">plsbringregi</tr><tr><td align=\"left\"><i class=\"fa fa-circle-o\"></i> <i class=\"fa fa-circle-o\"></i> </td><td align=\"right\"><i class=\"fa fa-circle-o\"></i> <i class=\"fa fa-circle-o\"></i> </tr></table>\n|uhtml|bestof|<h2><strong>Game 1</strong> of <a href=\"/game-bestof3-gen9championsvgc2026regmbbo3-2673553956\">a best-of-3</a></h2>\n|t:|1788212356\n|gametype|doubles\n|player|p1|Piccone Baldo|ingo|1489\n|player|p2|plsbringregi|2|1562\n|gen|9\n|tier|[Gen 9 Champions] VGC 2026 Reg M-B (Bo3)\n|rated|\n|rule|Species Clause: Limit one of each Pokémon\n|rule|Item Clause: Limit 1 of each item\n|clearpoke\n|poke|p1|Staraptor, L50, F, shiny|\n|poke|p1|Arcanine-Hisui, L50, M, shiny|\n|poke|p1|Kingambit, L50, M, shiny|\n|poke|p1|Sylveon, L50, M, shiny|\n|poke|p1|Raichu, L50, F, shiny|\n|poke|p1|Farigiraf, L50, M, shiny|\n|poke|p2|Froslass, L50, F|\n|poke|p2|Whimsicott, L50, M|\n|poke|p2|Sneasler, L50, M|\n|poke|p2|Kingambit, L50, F|\n|poke|p2|Basculegion, L50, M|\n|poke|p2|Dragonite, L50, M|\n|teampreview|4\n|showteam|p1|Staraptor||Staraptite|Intimidate|DualWingbeat,CloseCombat,Tailwind,Protect|Jolly||F|||50|]Arcanine-Hisui||FocusSash|RockHead|FlareBlitz,HeadSmash,ExtremeSpeed,Protect|Jolly||M|||50|]Kingambit||LifeOrb|Defiant|KowtowCleave,SuckerPunch,SwordsDance,Protect|Adamant||M|||50|]Sylveon||FairyFeather|Pixilate|HyperVoice,HyperBeam,QuickAttack,Detect|Modest||M|||50|]Raichu||RaichuniteY|LightningRod|ZapCannon,FocusBlast,FakeOut,Protect|Timid||F|||50|]Farigiraf||SitrusBerry|ArmorTail|Psychic,HelpingHand,TrickRoom,Protect|Calm||M|||50|\n|showteam|p2|Froslass||Froslassite|SnowCloak|Blizzard,ShadowBall,AuroraVeil,Protect|Timid||F|||50|]Whimsicott||FocusSash|Prankster|Moonblast,GrassKnot,Encore,Tailwind|Timid||M|||50|]Sneasler||WhiteHerb|Unburden|DireClaw,CloseCombat,RockSlide,FakeOut|Jolly||M|||50|]Kingambit||ChopleBerry|Defiant|KowtowCleave,SuckerPunch,LowKick,IronHead|Adamant||F|||50|]Basculegion||LifeOrb|Adaptability|WaveCrash,LastRespects,AquaJet,Protect|Adamant||M|||50|]Dragonite||Dragoninite|InnerFocus|DragonPulse,HeatWave,Thunderbolt,Protect|Modest||M|||50|\n|inactive|Battle timer is ON: inactive players will automatically lose when time's up. (requested by plsbringregi)\n|\n|t:|1788212467\n|teamsize|p1|4\n|teamsize|p2|4\n|start\n|switch|p1a: Flower Man|Staraptor, L50, F, shiny|100/100\n|switch|p1b: WrathofKhan|Kingambit, L50, M, shiny|100/100\n|switch|p2a: Dragonite|Dragonite, L50, M|100/100\n|switch|p2b: Whimsicott|Whimsicott, L50, M|100/100\n|-ability|p1a: Flower Man|Intimidate|boost\n|-fail|p2a: Dragonite|unboost|Attack|[from] ability: Inner Focus|[of] p2a: Dragonite\n|-unboost|p2b: Whimsicott|atk|1\n|turn|1\n|inactive|Piccone Baldo has 30 seconds left.\n|inactive|Piccone Baldo has 20 seconds left.\n|\n|t:|1788212502\n|detailschange|p1a: Flower Man|Staraptor-Mega, L50, F, shiny\n|-mega|p1a: Flower Man|Staraptor|Staraptite\n|detailschange|p2a: Dragonite|Dragonite-Mega, L50, M\n|-mega|p2a: Dragonite|Dragonite|Dragoninite\n|move|p2b: Whimsicott|Tailwind|p2b: Whimsicott\n|-sidestart|p2: plsbringregi|move: Tailwind\n|move|p2a: Dragonite|Heat Wave|p1a: Flower Man|[spread] p1b\n|-miss|p2a: Dragonite|p1a: Flower Man\n|-supereffective|p1b: WrathofKhan|1\n|-damage|p1b: WrathofKhan|44/100\n|move|p1a: Flower Man|Tailwind|p1a: Flower Man\n|-sidestart|p1: Piccone Baldo|move: Tailwind\n|move|p1b: WrathofKhan|Kowtow Cleave|p2a: Dragonite\n|-damage|p2a: Dragonite|65/100\n|-damage|p1b: WrathofKhan|35/100|[from] item: Life Orb\n|\n|upkeep\n|turn|2\n|l|☆plsbringregi\n|inactive|plsbringregi disconnected and has a minute to reconnect!\n|player|p2|\n|j|☆plsbringregi\n|inactive|plsbringregi reconnected and has 45 seconds left.\n|player|p2|plsbringregi|2|\n|inactive|plsbringregi has 30 seconds left.\n|\n|t:|1788212536\n|switch|p2a: Kingambit|Kingambit, L50, F|100/100\n|move|p1a: Flower Man|Protect|p1a: Flower Man\n|-singleturn|p1a: Flower Man|Protect\n|move|p2b: Whimsicott|Encore|p1a: Flower Man\n|-activate|p1a: Flower Man|move: Protect\n|move|p1b: WrathofKhan|Sucker Punch||[still]\n|-fail|p1b: WrathofKhan\n|\n|upkeep\n|turn|3\n|\n|t:|1788212554\n|switch|p2a: Basculegion|Basculegion, L50, M|100/100\n|switch|p1b: Fridge|Farigiraf, L50, M, shiny|100/100\n|move|p2b: Whimsicott|Moonblast|p1a: Flower Man\n|-supereffective|p1a: Flower Man|1\n|-damage|p1a: Flower Man|23/100\n|-boost|p1a: Flower Man|spa|1\n|move|p1a: Flower Man|Close Combat|p2a: Basculegion\n|-immune|p2a: Basculegion\n|\n|upkeep\n|turn|4\n|inactive|Piccone Baldo has 30 seconds left.\n|\n|t:|1788212581\n|switch|p1a: Sadie Sink|Sylveon, L50, M, shiny|100/100\n|move|p2b: Whimsicott|Moonblast|p1a: Sadie Sink\n|-damage|p1a: Sadie Sink|74/100\n|move|p2a: Basculegion|Wave Crash|p1b: Fridge\n|-damage|p1b: Fridge|0 fnt\n|faint|p1b: Fridge\n|-damage|p2a: Basculegion|62/100|[from] Recoil\n|-damage|p2a: Basculegion|52/100|[from] item: Life Orb\n|\n|-sideend|p2: plsbringregi|move: Tailwind\n|-sideend|p1: Piccone Baldo|move: Tailwind\n|upkeep\n|\n|t:|1788212587\n|switch|p1b: WrathofKhan|Kingambit, L50, M, shiny|35/100\n|turn|5\n|\n|t:|1788212600\n|move|p1b: WrathofKhan|Sucker Punch|p2a: Basculegion\n|-supereffective|p2a: Basculegion|1\n|-damage|p2a: Basculegion|0 fnt\n|faint|p2a: Basculegion\n|-damage|p1b: WrathofKhan|25/100|[from] item: Life Orb\n|move|p2b: Whimsicott|Moonblast|p1b: WrathofKhan\n|-damage|p1b: WrathofKhan|0 fnt\n|faint|p1b: WrathofKhan\n|move|p1a: Sadie Sink|Hyper Voice|p2b: Whimsicott\n|-enditem|p2b: Whimsicott|Focus Sash\n|-damage|p2b: Whimsicott|1/100\n|\n|upkeep\n|\n|t:|1788212609\n|switch|p2a: Kingambit|Kingambit, L50, F|100/100\n|switch|p1b: Flower Man|Staraptor-Mega, L50, F, shiny|23/100\n|turn|6\n|inactive|Piccone Baldo has 30 seconds left.\n|\n|t:|1788212638\n|move|p2b: Whimsicott|Tailwind|p2b: Whimsicott\n|-sidestart|p2: plsbringregi|move: Tailwind\n|move|p2a: Kingambit|Sucker Punch|p1b: Flower Man\n|-resisted|p1b: Flower Man|1\n|-damage|p1b: Flower Man|6/100\n|move|p1a: Sadie Sink|Quick Attack|p2b: Whimsicott\n|-damage|p2b: Whimsicott|0 fnt\n|faint|p2b: Whimsicott\n|move|p1b: Flower Man|Close Combat|p2a: Kingambit\n|-supereffective|p2a: Kingambit|2\n|-enditem|p2a: Kingambit|Chople Berry|[eat]\n|-enditem|p2a: Kingambit|Chople Berry|[weaken]\n|-damage|p2a: Kingambit|12/100\n|-boost|p1b: Flower Man|def|1\n|-boost|p1b: Flower Man|spd|1\n|\n|upkeep\n|\n|t:|1788212641\n|switch|p2b: Dragonite|Dragonite-Mega, L50, M|65/100\n|turn|7\n|\n|t:|1788212656\n|move|p1b: Flower Man|Protect|p1b: Flower Man\n|-singleturn|p1b: Flower Man|Protect\n|move|p1a: Sadie Sink|Quick Attack|p2a: Kingambit\n|-damage|p2a: Kingambit|2/100\n|move|p2b: Dragonite|Heat Wave|p1b: Flower Man|[spread] p1a\n|-activate|p1b: Flower Man|move: Protect\n|-damage|p1a: Sadie Sink|51/100\n|move|p2a: Kingambit|Iron Head|p1a: Sadie Sink\n|-supereffective|p1a: Sadie Sink|1\n|-damage|p1a: Sadie Sink|0 fnt\n|faint|p1a: Sadie Sink\n|\n|upkeep\n|turn|8\n|-message|Piccone Baldo forfeited.\n|\n|win|plsbringregi\n","uploadtime":1788212668,"views":"5","formatid":"gen9championsvgc2026regmbbo3","rating":null,"private":0,"password":null}