{"id":"gen9championsvgc2026regmb-2674292521","format":"[Gen 9 Champions] VGC 2026 Reg M-B","players":["GentlemanYone","Sprite T"],"log":"|j|‽GentlemanYone\n|j|☆Sprite T\n|t:|1788333521\n|gametype|doubles\n|player|p1|GentlemanYone|265|1423\n|player|p2|Sprite T|1|1501\n|gen|9\n|tier|[Gen 9 Champions] VGC 2026 Reg M-B\n|rated|\n|rule|Species Clause: Limit one of each Pokémon\n|rule|Item Clause: Limit 1 of each item\n|clearpoke\n|poke|p1|Tyranitar, L50, M|\n|poke|p1|Excadrill, L50, F|\n|poke|p1|Milotic, L50, M|\n|poke|p1|Gholdengo, L50|\n|poke|p1|Sinistcha, L50|\n|poke|p1|Staraptor, L50, M|\n|poke|p2|Whimsicott, L50, F|\n|poke|p2|Dragonite, L50, F|\n|poke|p2|Sneasler, L50, M|\n|poke|p2|Glimmora, L50, F|\n|poke|p2|Basculegion, L50, M|\n|poke|p2|Kingambit, L50, M|\n|teampreview|4\n|inactive|Battle timer is ON: inactive players will automatically lose when time's up. (requested by Sprite T)\nSprite T has agreed to open team sheets.\n|inactive|GentlemanYone has 60 seconds left.\n|inactive|Sprite T has 60 seconds left.\n|\n|t:|1788333556\n|teamsize|p1|4\n|teamsize|p2|4\n|start\n|switch|p1a: Tyranitar|Tyranitar, L50, M|100/100\n|switch|p1b: Excadrill|Excadrill, L50, F|100/100\n|switch|p2a: Dragonite|Dragonite, L50, F|100/100\n|switch|p2b: Kingambit|Kingambit, L50, M|100/100\n|-weather|Sandstorm|[from] ability: Sand Stream|[of] p1a: Tyranitar\n|turn|1\n|\n|t:|1788333581\n|detailschange|p2a: Dragonite|Dragonite-Mega, L50, F\n|-mega|p2a: Dragonite|Dragonite|Dragoninite\n|move|p2b: Kingambit|Protect|p2b: Kingambit\n|-singleturn|p2b: Kingambit|Protect\n|move|p1b: Excadrill|Rock Tomb|p2a: Dragonite\n|-supereffective|p2a: Dragonite|1\n|-damage|p2a: Dragonite|79/100\n|-unboost|p2a: Dragonite|spe|1\n|move|p1a: Tyranitar|Low Kick|p2b: Kingambit\n|-activate|p2b: Kingambit|move: Protect\n|move|p2a: Dragonite|Ice Beam|p1b: Excadrill\n|-damage|p1b: Excadrill|56/100\n|\n|-weather|Sandstorm|[upkeep]\n|-damage|p2a: Dragonite|73/100|[from] Sandstorm\n|upkeep\n|turn|2\n|\n|t:|1788333603\n|switch|p2a: Glimmora|Glimmora, L50, F|100/100\n|move|p2b: Kingambit|Sucker Punch|p1b: Excadrill\n|-damage|p1b: Excadrill|0 fnt\n|faint|p1b: Excadrill\n|move|p1a: Tyranitar|Rock Slide|p2a: Glimmora|[spread] p2a,p2b\n|-resisted|p2b: Kingambit|1\n|-damage|p2a: Glimmora|67/100\n|-damage|p2b: Kingambit|89/100\n|-activate|p2a: Glimmora|ability: Toxic Debris\n|-sidestart|p1: GentlemanYone|move: Toxic Spikes\n|\n|-weather|Sandstorm|[upkeep]\n|upkeep\n|\n|t:|1788333617\n|switch|p1b: Gholdengo|Gholdengo, L50|100/100\n|turn|3\n|\n|t:|1788333634\n|move|p2a: Glimmora|Earth Power|p1a: Tyranitar\n|-supereffective|p1a: Tyranitar|1\n|-damage|p1a: Tyranitar|61/100\n|move|p1a: Tyranitar|Low Kick|p2b: Kingambit\n|-supereffective|p2b: Kingambit|2\n|-enditem|p2b: Kingambit|Chople Berry|[eat]\n|-enditem|p2b: Kingambit|Chople Berry|[weaken]\n|-damage|p2b: Kingambit|36/100\n|move|p1b: Gholdengo|Nasty Plot|p1b: Gholdengo\n|-boost|p1b: Gholdengo|spa|2\n|move|p2b: Kingambit|Low Kick|p1a: Tyranitar\n|-supereffective|p1a: Tyranitar|2\n|-damage|p1a: Tyranitar|0 fnt\n|faint|p1a: Tyranitar\n|\n|-weather|Sandstorm|[upkeep]\n|upkeep\n|\n|t:|1788333650\n|switch|p1a: Staraptor|Staraptor, L50, M|100/100\n|-ability|p1a: Staraptor|Intimidate|boost\n|-unboost|p2a: Glimmora|atk|1\n|-unboost|p2b: Kingambit|atk|1\n|-ability|p2b: Kingambit|Defiant|boost\n|-boost|p2b: Kingambit|atk|2\n|turn|4\n|\n|t:|1788333664\n|detailschange|p1a: Staraptor|Staraptor-Mega, L50, M\n|-mega|p1a: Staraptor|Staraptor|Staraptite\n|move|p2a: Glimmora|Spiky Shield|p2a: Glimmora\n|-singleturn|p2a: Glimmora|move: Protect\n|move|p1b: Gholdengo|Protect|p1b: Gholdengo\n|-singleturn|p1b: Gholdengo|Protect\n|move|p2b: Kingambit|Protect|p2b: Kingambit\n|-singleturn|p2b: Kingambit|Protect\n|move|p1a: Staraptor|Close Combat|p2b: Kingambit\n|-activate|p2b: Kingambit|move: Protect\n|\n|-weather|Sandstorm|[upkeep]\n|-damage|p1a: Staraptor|94/100|[from] Sandstorm\n|upkeep\n|turn|5\n|\n|t:|1788333681\n|move|p2b: Kingambit|Sucker Punch||[still]\n|-fail|p2b: Kingambit\n|move|p1a: Staraptor|Close Combat|p2b: Kingambit\n|-supereffective|p2b: Kingambit|2\n|-damage|p2b: Kingambit|0 fnt\n|-boost|p1a: Staraptor|def|1\n|-boost|p1a: Staraptor|spd|1\n|faint|p2b: Kingambit\n|move|p2a: Glimmora|Power Gem|p1a: Staraptor\n|-damage|p1a: Staraptor|66/100\n|move|p1b: Gholdengo|Nasty Plot|p1b: Gholdengo\n|-boost|p1b: Gholdengo|spa|2\n|\n|-weather|none\n|upkeep\n|\n|t:|1788333684\n|switch|p2b: Basculegion|Basculegion, L50, M|100/100\n|turn|6\n|inactive|GentlemanYone has 30 seconds left.\n|\n|t:|1788333715\n|move|p2a: Glimmora|Spiky Shield|p2a: Glimmora\n|-singleturn|p2a: Glimmora|move: Protect\n|move|p2b: Basculegion|Protect|p2b: Basculegion\n|-singleturn|p2b: Basculegion|Protect\n|move|p1a: Staraptor|Tailwind|p1a: Staraptor\n|-sidestart|p1: GentlemanYone|move: Tailwind\n|move|p1b: Gholdengo|Shadow Ball|p2b: Basculegion\n|-activate|p2b: Basculegion|move: Protect\n|\n|upkeep\n|turn|7\n|inactive|Sprite T has 30 seconds left.\n|\n|t:|1788333740\n|switch|p2b: Dragonite|Dragonite-Mega, L50, F|73/100\n|move|p1a: Staraptor|Close Combat|p2a: Glimmora\n|-damage|p2a: Glimmora|0 fnt\n|-boost|p1a: Staraptor|def|1\n|-boost|p1a: Staraptor|spd|1\n|-activate|p2a: Glimmora|ability: Toxic Debris\n|-sidestart|p1: GentlemanYone|move: Toxic Spikes\n|faint|p2a: Glimmora\n|move|p1b: Gholdengo|Shadow Ball|p2b: Dragonite\n|-damage|p2b: Dragonite|0 fnt\n|faint|p2b: Dragonite\n|-damage|p1b: Gholdengo|90/100|[from] item: Life Orb\n|\n|upkeep\n|\n|t:|1788333742\n|switch|p2b: Basculegion|Basculegion, L50, M|100/100\n|turn|8\n|\n|t:|1788333765\n|move|p2b: Basculegion|Protect|p2b: Basculegion\n|-singleturn|p2b: Basculegion|Protect\n|move|p1a: Staraptor|Brave Bird|p2b: Basculegion\n|-activate|p2b: Basculegion|move: Protect\n|move|p1b: Gholdengo|Shadow Ball|p2b: Basculegion\n|-activate|p2b: Basculegion|move: Protect\n|\n|upkeep\n|turn|9\n|\n|t:|1788333777\n|move|p2b: Basculegion|Protect|p2b: Basculegion\n|-singleturn|p2b: Basculegion|Protect\n|move|p1a: Staraptor|Brave Bird|p2b: Basculegion\n|-activate|p2b: Basculegion|move: Protect\n|move|p1b: Gholdengo|Shadow Ball|p2b: Basculegion\n|-activate|p2b: Basculegion|move: Protect\n|\n|-sideend|p1: GentlemanYone|move: Tailwind\n|upkeep\n|turn|10\n|inactive|GentlemanYone has 30 seconds left.\n|inactive|GentlemanYone has 20 seconds left.\n|\n|t:|1788333815\n|move|p1a: Staraptor|Brave Bird|p2b: Basculegion\n|-damage|p2b: Basculegion|26/100\n|-damage|p1a: Staraptor|41/100|[from] Recoil\n|move|p2b: Basculegion|Last Respects|p1a: Staraptor\n|-damage|p1a: Staraptor|0 fnt\n|faint|p1a: Staraptor\n|-damage|p2b: Basculegion|17/100|[from] item: Life Orb\n|move|p1b: Gholdengo|Shadow Ball|p2b: Basculegion\n|-supereffective|p2b: Basculegion|1\n|-damage|p2b: Basculegion|0 fnt\n|faint|p2b: Basculegion\n|-damage|p1b: Gholdengo|80/100|[from] item: Life Orb\n|\n|win|GentlemanYone\n|raw|GentlemanYone's rating: 1423 &rarr; <strong>1447</strong><br />(+24 for winning)\n|raw|Sprite T's rating: 1501 &rarr; <strong>1477</strong><br />(-24 for losing)\n|l|☆Sprite T\n|player|p2|\n","uploadtime":1788333831,"views":"1","formatid":"gen9championsvgc2026regmb","rating":1447,"private":0,"password":null}