{"id":"gen9championsvgc2026regmb-2674372443","format":"[Gen 9 Champions] VGC 2026 Reg M-B","players":["cinarguncavdi2231","boelie26"],"log":"|j|☆cinarguncavdi2231\n|j|☆boelie26\n|t:|1788350812\n|gametype|doubles\n|player|p1|cinarguncavdi2231|170|1576\n|player|p2|boelie26|170|1666\n|gen|9\n|tier|[Gen 9 Champions] VGC 2026 Reg M-B\n|rated|\n|rule|Species Clause: Limit one of each Pokémon\n|rule|Item Clause: Limit 1 of each item\n|clearpoke\n|poke|p1|Raichu, L50, M|\n|poke|p1|Scolipede, L50, F|\n|poke|p1|Ceruledge, L50, F|\n|poke|p1|Weavile, L50, M|\n|poke|p1|Milotic, L50, F|\n|poke|p1|Sinistcha, L50|\n|poke|p2|Farigiraf, L50, M|\n|poke|p2|Blaziken, L50, M|\n|poke|p2|Venusaur, L50, M|\n|poke|p2|Gallade, L50, M|\n|poke|p2|Sylveon, L50, M|\n|poke|p2|Kingambit, L50, M|\n|teampreview|4\n|inactive|Battle timer is ON: inactive players will automatically lose when time's up. (requested by boelie26)\n|inactive|cinarguncavdi2231 has 60 seconds left.\n|inactive|boelie26 has 60 seconds left.\n|inactive|boelie26 has 30 seconds left.\n|\n|t:|1788350875\n|teamsize|p1|4\n|teamsize|p2|4\n|start\n|switch|p1a: Ceruledge|Ceruledge, L50, F|100/100\n|switch|p1b: Raichu|Raichu, L50, M|100/100\n|switch|p2a: Venusaur|Venusaur, L50, M|100/100\n|switch|p2b: Kingambit|Kingambit, L50, M|100/100\n|turn|1\n|\n|t:|1788350893\n|switch|p2b: Sylveon|Sylveon, L50, M|100/100\n|detailschange|p1b: Raichu|Raichu-Mega-Y, L50, M\n|-mega|p1b: Raichu|Raichu|Raichunite Y\n|detailschange|p2a: Venusaur|Venusaur-Mega, L50, M\n|-mega|p2a: Venusaur|Venusaur|Venusaurite\n|move|p1b: Raichu|Zap Cannon|p2a: Venusaur\n|-resisted|p2a: Venusaur|1\n|-damage|p2a: Venusaur|69/100\n|-status|p2a: Venusaur|par\n|move|p1a: Ceruledge|Bulk Up|p1a: Ceruledge\n|-boost|p1a: Ceruledge|atk|1\n|-boost|p1a: Ceruledge|def|1\n|move|p2a: Venusaur|Earth Power|p1a: Ceruledge\n|-supereffective|p1a: Ceruledge|1\n|-damage|p1a: Ceruledge|30/100\n|-unboost|p1a: Ceruledge|spd|1\n|\n|upkeep\n|turn|2\n|\n|t:|1788350916\n|move|p1b: Raichu|Zap Cannon|p2b: Sylveon\n|-damage|p2b: Sylveon|59/100\n|-status|p2b: Sylveon|par\n|move|p1a: Ceruledge|Bitter Blade|p2a: Venusaur\n|-supereffective|p2a: Venusaur|1\n|-damage|p2a: Venusaur|4/100 par\n|-heal|p1a: Ceruledge|58/100|[from] drain|[of] p2a: Venusaur\n|cant|p2a: Venusaur|par\n|move|p2b: Sylveon|Yawn|p1a: Ceruledge\n|-start|p1a: Ceruledge|move: Yawn|[of] p2b: Sylveon\n|\n|upkeep\n|turn|3\n|\n|t:|1788350935\n|switch|p1a: Milotic|Milotic, L50, F|100/100\n|move|p1b: Raichu|Protect|p1b: Raichu\n|-singleturn|p1b: Raichu|Protect\n|move|p2b: Sylveon|Protect|p2b: Sylveon\n|-singleturn|p2b: Sylveon|Protect\n|move|p2a: Venusaur|Earth Power|p1b: Raichu\n|-activate|p1b: Raichu|move: Protect\n|\n|upkeep\n|turn|4\n|\n|t:|1788350951\n|move|p1b: Raichu|Zap Cannon|p2b: Sylveon\n|-damage|p2b: Sylveon|18/100 par\n|move|p1a: Milotic|Muddy Water|p2a: Venusaur|[spread] p2a,p2b\n|-resisted|p2a: Venusaur|1\n|-damage|p2a: Venusaur|0 fnt\n|-damage|p2b: Sylveon|3/100 par\n|faint|p2a: Venusaur\n|move|p2b: Sylveon|Hyper Voice|p1b: Raichu|[spread] p1a,p1b\n|-damage|p1a: Milotic|70/100\n|-damage|p1b: Raichu|37/100\n|\n|-heal|p1a: Milotic|76/100|[from] item: Leftovers\n|upkeep\n|\n|t:|1788350964\n|switch|p2a: Kingambit|Kingambit, L50, M|100/100\n|turn|5\n|\n|t:|1788350978\n|switch|p1b: Weavile|Weavile, L50, M|100/100\n|move|p2a: Kingambit|Sucker Punch||[still]\n|-fail|p2a: Kingambit\n|move|p1a: Milotic|Coil|p1a: Milotic\n|-boost|p1a: Milotic|atk|1\n|-boost|p1a: Milotic|def|1\n|-boost|p1a: Milotic|accuracy|1\n|move|p2b: Sylveon|Yawn|p1a: Milotic\n|-start|p1a: Milotic|move: Yawn|[of] p2b: Sylveon\n|\n|-heal|p1a: Milotic|82/100|[from] item: Leftovers\n|upkeep\n|turn|6\n|\n|t:|1788350998\n|switch|p2b: Blaziken|Blaziken, L50, M|100/100\n|move|p1b: Weavile|Low Kick|p2a: Kingambit\n|-supereffective|p2a: Kingambit|2\n|-damage|p2a: Kingambit|3/100\n|move|p1a: Milotic|Coil|p1a: Milotic\n|-boost|p1a: Milotic|atk|1\n|-boost|p1a: Milotic|def|1\n|-boost|p1a: Milotic|accuracy|1\n|move|p2a: Kingambit|Iron Head|p1b: Weavile\n|-supereffective|p1b: Weavile|1\n|-enditem|p1b: Weavile|Focus Sash\n|-damage|p1b: Weavile|1/100\n|-enditem|p2a: Kingambit|Life Orb|[silent]|[from] ability: Pickpocket|[of] p2a: Kingambit\n|-item|p1b: Weavile|Life Orb|[from] ability: Pickpocket|[of] p2a: Kingambit\n|\n|-heal|p1a: Milotic|88/100|[from] item: Leftovers\n|-end|p1a: Milotic|move: Yawn|[silent]\n|-status|p1a: Milotic|slp\n|upkeep\n|turn|7\n|inactive|boelie26 has 30 seconds left.\n|\n|t:|1788351027\n|move|p2a: Kingambit|Sucker Punch|p1b: Weavile\n|-resisted|p1b: Weavile|1\n|-damage|p1b: Weavile|0 fnt\n|faint|p1b: Weavile\n|move|p2b: Blaziken|Rock Slide|p1a: Milotic\n|-damage|p1a: Milotic|75/100 slp\n|cant|p1a: Milotic|slp\n|\n|-heal|p1a: Milotic|81/100 slp|[from] item: Leftovers\n|-ability|p2b: Blaziken|Speed Boost|boost\n|-boost|p2b: Blaziken|spe|1\n|upkeep\n|\n|t:|1788351034\n|switch|p1b: Ceruledge|Ceruledge, L50, F|58/100\n|turn|8\n|\n|t:|1788351051\n|move|p1b: Ceruledge|Protect|p1b: Ceruledge\n|-singleturn|p1b: Ceruledge|Protect\n|move|p2b: Blaziken|Rock Slide|p1b: Ceruledge|[spread] p1a\n|-activate|p1b: Ceruledge|move: Protect\n|-damage|p1a: Milotic|72/100 slp\n|cant|p1a: Milotic|slp\n|move|p2a: Kingambit|Kowtow Cleave|p1a: Milotic\n|-damage|p1a: Milotic|48/100 slp\n|\n|-heal|p1a: Milotic|54/100 slp|[from] item: Leftovers\n|-ability|p2b: Blaziken|Speed Boost|boost\n|-boost|p2b: Blaziken|spe|1\n|upkeep\n|turn|9\n|inactive|boelie26 has 30 seconds left.\n|\n|t:|1788351079\n|move|p1b: Ceruledge|Shadow Sneak|p2a: Kingambit\n|-resisted|p2a: Kingambit|1\n|-damage|p2a: Kingambit|0 fnt\n|faint|p2a: Kingambit\n|move|p2b: Blaziken|Rock Slide|p1a: Milotic|[spread] p1a,p1b\n|-supereffective|p1b: Ceruledge|1\n|-damage|p1a: Milotic|44/100 slp\n|-damage|p1b: Ceruledge|17/100\n|-curestatus|p1a: Milotic|slp|[msg]\n|cant|p1a: Milotic|flinch\n|\n|-heal|p1a: Milotic|50/100g|[from] item: Leftovers\n|-ability|p2b: Blaziken|Speed Boost|boost\n|-boost|p2b: Blaziken|spe|1\n|upkeep\n|\n|t:|1788351092\n|switch|p2a: Sylveon|Sylveon, L50, M|3/100 par\n|turn|10\n|j| GoPlayCatch\n|\n|t:|1788351098\n|move|p1b: Ceruledge|Shadow Sneak|p2a: Sylveon\n|-damage|p2a: Sylveon|0 fnt\n|faint|p2a: Sylveon\n|move|p2b: Blaziken|Rock Slide|p1a: Milotic|[spread] p1a,p1b\n|-supereffective|p1b: Ceruledge|1\n|-damage|p1a: Milotic|39/100\n|-damage|p1b: Ceruledge|0 fnt\n|faint|p1b: Ceruledge\n|move|p1a: Milotic|Hypnosis|p2b: Blaziken\n|-status|p2b: Blaziken|slp|[from] move: Hypnosis\n|\n|-heal|p1a: Milotic|45/100|[from] item: Leftovers\n|-ability|p2b: Blaziken|Speed Boost|boost\n|-boost|p2b: Blaziken|spe|1\n|upkeep\n|\n|t:|1788351108\n|switch|p1b: Raichu|Raichu-Mega-Y, L50, M|37/100\n|turn|11\n|-message|boelie26 forfeited.\n|\n|win|cinarguncavdi2231\n|raw|cinarguncavdi2231's rating: 1576 &rarr; <strong>1601</strong><br />(+25 for winning)\n|raw|boelie26's rating: 1666 &rarr; <strong>1641</strong><br />(-25 for losing)\n|c|☆boelie26|gg\n","uploadtime":1788351115,"views":"1","formatid":"gen9championsvgc2026regmb","rating":1601,"private":0,"password":null}