{"id":"gen9championsvgc2026regmb-2674847615","format":"[Gen 9 Champions] VGC 2026 Reg M-B","players":["Tequilsaurus","beast4.01"],"log":"|j|☆Tequilsaurus\n|j|☆beast4.01\n|t:|1788420279\n|gametype|doubles\n|player|p1|Tequilsaurus|265|1141\n|player|p2|beast4.01|brycenman|1081\n|gen|9\n|tier|[Gen 9 Champions] VGC 2026 Reg M-B\n|rated|\n|rule|Species Clause: Limit one of each Pokémon\n|rule|Item Clause: Limit 1 of each item\n|clearpoke\n|poke|p1|Scrafty, L50, M|\n|poke|p1|Garchomp, L50, M|\n|poke|p1|Slowking-Galar, L50, F|\n|poke|p1|Lucario, L50, F|\n|poke|p1|Grimmsnarl, L50, M|\n|poke|p1|Ceruledge, L50, F|\n|poke|p2|Chimecho, L50, M, shiny|\n|poke|p2|Audino, L50, M|\n|poke|p2|Klefki, L50, M, shiny|\n|poke|p2|Torterra, L50, M, shiny|\n|poke|p2|Toucannon, L50, F|\n|poke|p2|Chesnaught, L50, M|\n|teampreview|4\n|inactive|Battle timer is ON: inactive players will automatically lose when time's up. (requested by beast4.01)\n|\n|t:|1788420307\n|teamsize|p1|4\n|teamsize|p2|4\n|start\n|switch|p1a: Scrafty|Scrafty, L50, M|100/100\n|switch|p1b: Grimmsnarl|Grimmsnarl, L50, M|100/100\n|switch|p2a: Torterra|Torterra, L50, M, shiny|100/100\n|switch|p2b: Audino|Audino, L50, M|100/100\n|turn|1\n|\n|t:|1788420331\n|move|p2a: Torterra|Protect|p2a: Torterra\n|-singleturn|p2a: Torterra|Protect\n|move|p1b: Grimmsnarl|Reflect|p1b: Grimmsnarl\n|-sidestart|p1: Tequilsaurus|Reflect\n|move|p1a: Scrafty|Drain Punch|p2b: Audino\n|-supereffective|p2b: Audino|1\n|-damage|p2b: Audino|48/100\n|move|p2b: Audino|Yawn|p1a: Scrafty\n|-start|p1a: Scrafty|move: Yawn|[of] p2b: Audino\n|\n|upkeep\n|turn|2\n|\n|t:|1788420350\n|switch|p1a: Ceruledge|Ceruledge, L50, F|100/100\n|move|p1b: Grimmsnarl|Parting Shot|p2a: Torterra\n|-unboost|p2a: Torterra|atk|1\n|-unboost|p2a: Torterra|spa|1\n|\n|t:|1788420356\n|switch|p1b: Scrafty|Scrafty, L50, M|100/100|[from] Parting Shot\n|-enditem|p2a: Torterra|White Herb\n|-clearnegativeboost|p2a: Torterra|[silent]\n|move|p2b: Audino|Simple Beam|p2a: Torterra\n|-ability|p2a: Torterra|Simple|Shell Armor|[from] move: Simple Beam\n|move|p2a: Torterra|Shell Smash|p2a: Torterra\n|-unboost|p2a: Torterra|def|2\n|-unboost|p2a: Torterra|spd|2\n|-boost|p2a: Torterra|atk|4\n|-boost|p2a: Torterra|spa|4\n|-boost|p2a: Torterra|spe|4\n|\n|upkeep\n|turn|3\n|inactive|beast4.01 has 30 seconds left.\n|\n|t:|1788420386\n|-heal|p2b: Audino|81/100|[from] ability: Regenerator|[silent]\n|switch|p2b: Toucannon|Toucannon, L50, F|100/100\n|detailschange|p1b: Scrafty|Scrafty-Mega, L50, M\n|-mega|p1b: Scrafty|Scrafty|Scraftinite\n|-ability|p1b: Scrafty|Intimidate|boost\n|-unboost|p2a: Torterra|atk|2\n|-unboost|p2b: Toucannon|atk|1\n|move|p2a: Torterra|Protect|p2a: Torterra\n|-singleturn|p2a: Torterra|Protect\n|move|p1b: Scrafty|Protect|p1b: Scrafty\n|-singleturn|p1b: Scrafty|Protect\n|move|p1a: Ceruledge|Bitter Blade|p2a: Torterra\n|-activate|p2a: Torterra|move: Protect\n|\n|upkeep\n|turn|4\n|inactive|beast4.01 has 30 seconds left.\n|\n|t:|1788420411\n|switch|p1b: Grimmsnarl|Grimmsnarl, L50, M|100/100\n|move|p2b: Toucannon|Helping Hand|p2a: Torterra\n|-singleturn|p2a: Torterra|Helping Hand|[of] p2b: Toucannon\n|move|p2a: Torterra|Earthquake|p1a: Ceruledge|[spread] p1a,p1b\n|-immune|p2b: Toucannon\n|-supereffective|p1a: Ceruledge|1\n|-damage|p1a: Ceruledge|0 fnt\n|-damage|p1b: Grimmsnarl|34/100\n|faint|p1a: Ceruledge\n|\n|upkeep\n|\n|t:|1788420421\n|switch|p1a: Scrafty|Scrafty-Mega, L50, M|100/100\n|-ability|p1a: Scrafty|Intimidate|boost\n|-unboost|p2a: Torterra|atk|2\n|-unboost|p2b: Toucannon|atk|1\n|turn|5\n|\n|t:|1788420440\n|move|p1b: Grimmsnarl|Parting Shot|p2a: Torterra\n|-unboost|p2a: Torterra|atk|2\n|-unboost|p2a: Torterra|spa|2\n|\n|t:|1788420443\n|switch|p1b: Lucario|Lucario, L50, F|100/100|[from] Parting Shot\n|move|p2a: Torterra|Earthquake|p1b: Lucario|[spread] p1a,p1b\n|-immune|p2b: Toucannon\n|-supereffective|p1b: Lucario|1\n|-damage|p1a: Scrafty|92/100\n|-damage|p1b: Lucario|74/100\n|move|p1a: Scrafty|Drain Punch|p2a: Torterra\n|-damage|p2a: Torterra|43/100\n|-heal|p1a: Scrafty|100/100|[from] drain|[of] p2a: Torterra\n|move|p2b: Toucannon|Bullet Seed|p1a: Scrafty\n|-damage|p1a: Scrafty|96/100\n|-damage|p1a: Scrafty|93/100\n|-damage|p1a: Scrafty|90/100\n|-crit|p1a: Scrafty\n|-damage|p1a: Scrafty|78/100\n|-damage|p1a: Scrafty|76/100\n|-hitcount|p1a: Scrafty|5\n|\n|upkeep\n|turn|6\n|\n|t:|1788420465\n|switch|p2a: Audino|Audino, L50, M|81/100\n|move|p1b: Lucario|Nasty Plot|p1b: Lucario\n|-boost|p1b: Lucario|spa|2\n|move|p1a: Scrafty|Drain Punch|p2a: Audino\n|-supereffective|p2a: Audino|1\n|-damage|p2a: Audino|16/100\n|-heal|p1a: Scrafty|100/100|[from] drain|[of] p2a: Audino\n|move|p2b: Toucannon|Tailwind|p2b: Toucannon\n|-sidestart|p2: beast4.01|move: Tailwind\n|\n|upkeep\n|turn|7\n|inactive|beast4.01 has 30 seconds left.\n|\n|t:|1788420490\n|switch|p2b: Chesnaught|Chesnaught, L50, M|100/100\n|move|p2a: Audino|Ally Switch|p2a: Audino\n|swap|p2a: Audino|1|[from] move: Ally Switch\n|move|p1b: Lucario|Vacuum Wave|p2b: Audino\n|-supereffective|p2b: Audino|1\n|-damage|p2b: Audino|0 fnt\n|faint|p2b: Audino\n|move|p1a: Scrafty|Drain Punch|p2a: Chesnaught\n|-crit|p2a: Chesnaught\n|-damage|p2a: Chesnaught|55/100\n|\n|upkeep\n|\n|t:|1788420499\n|switch|p2b: Toucannon|Toucannon, L50, F|100/100\n|turn|8\n|\n|t:|1788420511\n|detailschange|p2a: Chesnaught|Chesnaught-Mega, L50, M\n|-mega|p2a: Chesnaught|Chesnaught|Chesnaughtite\n|move|p2b: Toucannon|Helping Hand|p2a: Chesnaught\n|-singleturn|p2a: Chesnaught|Helping Hand|[of] p2b: Toucannon\n|move|p1b: Lucario|Vacuum Wave|p2b: Toucannon\n|-damage|p2b: Toucannon|39/100\n|move|p2a: Chesnaught|Earthquake|p1a: Scrafty|[spread] p1a,p1b\n|-immune|p2b: Toucannon\n|-supereffective|p1b: Lucario|1\n|-damage|p1a: Scrafty|81/100\n|-damage|p1b: Lucario|13/100\n|move|p1a: Scrafty|Poison Jab|p2a: Chesnaught\n|-supereffective|p2a: Chesnaught|1\n|-damage|p2a: Chesnaught|23/100\n|\n|-sideend|p1: Tequilsaurus|Reflect\n|upkeep\n|turn|9\n|\n|t:|1788420532\n|move|p2b: Toucannon|Helping Hand|p2a: Chesnaught\n|-singleturn|p2a: Chesnaught|Helping Hand|[of] p2b: Toucannon\n|move|p1b: Lucario|Vacuum Wave|p2a: Chesnaught\n|-damage|p2a: Chesnaught|0 fnt\n|faint|p2a: Chesnaught\n|move|p1a: Scrafty|Drain Punch|p2b: Toucannon\n|-damage|p2b: Toucannon|0 fnt\n|-heal|p1a: Scrafty|100/100|[from] drain|[of] p2b: Toucannon\n|faint|p2b: Toucannon\n|\n|-sideend|p2: beast4.01|move: Tailwind\n|upkeep\n|\n|t:|1788420539\n|switch|p2b: Torterra|Torterra, L50, M, shiny|43/100\n|turn|10\n|\n|t:|1788420547\n|move|p1b: Lucario|Vacuum Wave|p2b: Torterra\n|-damage|p2b: Torterra|3/100\n|move|p1a: Scrafty|Poison Jab|p2b: Torterra\n|-damage|p2b: Torterra|0 fnt\n|faint|p2b: Torterra\n|\n|win|Tequilsaurus\n|raw|Tequilsaurus's rating: 1141 &rarr; <strong>1162</strong><br />(+21 for winning)\n|raw|beast4.01's rating: 1081 &rarr; <strong>1063</strong><br />(-18 for losing)\n|l|☆beast4.01\n|player|p2|\n|l|☆Tequilsaurus\n|player|p1|\n|j|☆Tequilsaurus\n|player|p1|Tequilsaurus|265|\n","uploadtime":1788420967,"views":"11","formatid":"gen9championsvgc2026regmb","rating":1063,"private":0,"password":null}