{"id":"gen9championsvgc2026regmb-2674901788","format":"[Gen 9 Champions] VGC 2026 Reg M-B","players":["Thornlace48812","Hanso1o"],"log":"|j|☆Thornlace48812\n|j|☆Hanso1o\n|t:|1788432610\n|gametype|doubles\n|player|p1|Thornlace48812|102|1339\n|player|p2|Hanso1o|steven|1355\n|gen|9\n|tier|[Gen 9 Champions] VGC 2026 Reg M-B\n|rated|\n|rule|Species Clause: Limit one of each Pokémon\n|rule|Item Clause: Limit 1 of each item\n|clearpoke\n|poke|p1|Garchomp, L50, M|\n|poke|p1|Charizard, L50, M|\n|poke|p1|Whimsicott, L50, F|\n|poke|p1|Sylveon, L50, F|\n|poke|p1|Kingambit, L50, F|\n|poke|p1|Basculegion, L50, M|\n|poke|p2|Scovillain, L50, M|\n|poke|p2|Metagross, L50|\n|poke|p2|Grimmsnarl, L50, M|\n|poke|p2|Pelipper, L50, F|\n|poke|p2|Archaludon, L50, M|\n|poke|p2|Garchomp, L50, F|\n|teampreview|4\n|inactive|Battle timer is ON: inactive players will automatically lose when time's up. (requested by Thornlace48812)\nThornlace48812 rejected open team sheets.\n|\n|t:|1788432635\n|teamsize|p1|4\n|teamsize|p2|4\n|start\n|switch|p1a: Charizard|Charizard, L50, M|100/100\n|switch|p1b: Garchomp|Garchomp, L50, M|100/100\n|switch|p2a: Grimmsnarl|Grimmsnarl, L50, M|100/100\n|switch|p2b: Scovillain|Scovillain, L50, M|100/100\n|turn|1\n|\n|t:|1788432650\n|detailschange|p1a: Charizard|Charizard-Mega-Y, L50, M\n|-mega|p1a: Charizard|Charizard|Charizardite Y\n|-weather|SunnyDay|[from] ability: Drought|[of] p1a: Charizard\n|detailschange|p2b: Scovillain|Scovillain-Mega, L50, M\n|-mega|p2b: Scovillain|Scovillain|Scovillainite\n|move|p2a: Grimmsnarl|Light Screen|p2a: Grimmsnarl\n|-sidestart|p2: Hanso1o|move: Light Screen\n|move|p1b: Garchomp|Earthquake|p2a: Grimmsnarl|[spread] p2a,p2b\n|-immune|p1a: Charizard\n|-crit|p2a: Grimmsnarl\n|-damage|p2a: Grimmsnarl|22/100\n|-damage|p2b: Scovillain|52/100\n|-status|p1b: Garchomp|brn|[from] ability: Spicy Spray|[of] p2b: Scovillain\n|-damage|p1b: Garchomp|90/100 brn|[from] item: Life Orb\n|move|p1a: Charizard|Heat Wave|p2b: Scovillain|[spread] p2b\n|-miss|p1a: Charizard|p2a: Grimmsnarl\n|-damage|p2b: Scovillain|8/100\n|move|p2b: Scovillain|Leech Seed|p1b: Garchomp\n|-start|p1b: Garchomp|move: Leech Seed\n|\n|-weather|SunnyDay|[upkeep]\n|-damage|p1b: Garchomp|77/100 brn|[from] Leech Seed|[of] p2b: Scovillain\n|-heal|p2b: Scovillain|21/100|[silent]\n|-damage|p1b: Garchomp|71/100 brn|[from] brn\n|upkeep\n|turn|2\n|inactive|Hanso1o has 30 seconds left.\n|inactive|Hanso1o has 20 seconds left.\n|\n|t:|1788432686\n|move|p2a: Grimmsnarl|Parting Shot|p1a: Charizard\n|-unboost|p1a: Charizard|atk|1\n|-unboost|p1a: Charizard|spa|1\n|\n|t:|1788432689\n|switch|p2a: Pelipper|Pelipper, L50, F|100/100|[from] Parting Shot\n|-weather|RainDance|[from] ability: Drizzle|[of] p2a: Pelipper\n|move|p1b: Garchomp|Earthquake|p2b: Scovillain|[spread] p2b\n|-immune|p1a: Charizard\n|-immune|p2a: Pelipper\n|-damage|p2b: Scovillain|0 fnt\n|faint|p2b: Scovillain\n|-damage|p1b: Garchomp|62/100 brn|[from] item: Life Orb\n|move|p1a: Charizard|Heat Wave|p2a: Pelipper\n|-resisted|p2a: Pelipper|1\n|-damage|p2a: Pelipper|89/100\n|\n|-weather|RainDance|[upkeep]\n|-damage|p1b: Garchomp|56/100 brn|[from] brn\n|upkeep\n|\n|t:|1788432707\n|switch|p2b: Archaludon|Archaludon, L50, M|100/100\n|turn|3\n|\n|t:|1788432714\n|switch|p1a: Basculegion|Basculegion, L50, M|100/100\n|move|p2a: Pelipper|Icy Wind|p1b: Garchomp|[spread] p1a,p1b\n|-resisted|p1a: Basculegion|1\n|-supereffective|p1b: Garchomp|2\n|-damage|p1a: Basculegion|94/100\n|-damage|p1b: Garchomp|2/100 brn\n|-unboost|p1a: Basculegion|spe|1\n|-unboost|p1b: Garchomp|spe|1\n|move|p1b: Garchomp|Dragon Claw|p2a: Pelipper\n|-damage|p2a: Pelipper|51/100\n|-damage|p1b: Garchomp|0 fnt|[from] item: Life Orb\n|faint|p1b: Garchomp\n|move|p2b: Archaludon|Electro Shot||[still]\n|-prepare|p2b: Archaludon|Electro Shot\n|-boost|p2b: Archaludon|spa|1\n|-anim|p2b: Archaludon|Electro Shot|p1a: Basculegion\n|-supereffective|p1a: Basculegion|1\n|-damage|p1a: Basculegion|0 fnt\n|faint|p1a: Basculegion\n|\n|-weather|RainDance|[upkeep]\n|upkeep\n|\n|t:|1788432717\n|switch|p1b: Sylveon|Sylveon, L50, F|100/100\n|switch|p1a: Charizard|Charizard-Mega-Y, L50, M|100/100\n|-weather|SunnyDay|[from] ability: Drought|[of] p1a: Charizard\n|turn|4\n|inactive|Hanso1o has 30 seconds left.\n|\n|t:|1788432751\n|switch|p2a: Grimmsnarl|Grimmsnarl, L50, M|22/100\n|move|p2b: Archaludon|Protect|p2b: Archaludon\n|-singleturn|p2b: Archaludon|Protect\n|move|p1a: Charizard|Heat Wave|p2b: Archaludon|[spread] \n|-activate|p2b: Archaludon|move: Protect\n|-miss|p1a: Charizard|p2a: Grimmsnarl\n|move|p1b: Sylveon|Hyper Voice|p2a: Grimmsnarl|[spread] p2a\n|-activate|p2b: Archaludon|move: Protect\n|-supereffective|p2a: Grimmsnarl|1\n|-damage|p2a: Grimmsnarl|0 fnt\n|faint|p2a: Grimmsnarl\n|\n|-weather|SunnyDay|[upkeep]\n|upkeep\n|\n|t:|1788432763\n|switch|p2a: Pelipper|Pelipper, L50, F|51/100\n|-weather|RainDance|[from] ability: Drizzle|[of] p2a: Pelipper\n|turn|5\n|\n|t:|1788432779\n|move|p2a: Pelipper|Weather Ball|p1a: Charizard\n|-supereffective|p1a: Charizard|1\n|-damage|p1a: Charizard|0 fnt\n|faint|p1a: Charizard\n|move|p2b: Archaludon|Flash Cannon|p1b: Sylveon\n|-supereffective|p1b: Sylveon|1\n|-damage|p1b: Sylveon|19/100\n|move|p1b: Sylveon|Hyper Voice|p2b: Archaludon|[spread] p2a,p2b\n|-damage|p2a: Pelipper|0 fnt\n|-damage|p2b: Archaludon|66/100\n|-ability|p2b: Archaludon|Stamina|boost\n|-boost|p2b: Archaludon|def|1\n|faint|p2a: Pelipper\n|\n|-weather|RainDance|[upkeep]\n|-heal|p2b: Archaludon|72/100|[from] item: Leftovers\n|upkeep\n|turn|6\n|\n|t:|1788432787\n|move|p2b: Archaludon|Flash Cannon|p1b: Sylveon\n|-supereffective|p1b: Sylveon|1\n|-damage|p1b: Sylveon|0 fnt\n|faint|p1b: Sylveon\n|\n|win|Hanso1o\n|raw|Thornlace48812's rating: 1354 &rarr; <strong>1334</strong><br />(-20 for losing)\n|raw|Hanso1o's rating: 1355 &rarr; <strong>1375</strong><br />(+20 for winning)\n","uploadtime":1788432787,"views":"3","formatid":"gen9championsvgc2026regmb","rating":1334,"private":0,"password":null}