{"id":"gen9championsvgc2026regmb-2674264845","format":"[Gen 9 Champions] VGC 2026 Reg M-B","players":["Thornlace48812","Tsnivytiz"],"log":"|j|☆Thornlace48812\n|j|☆Tsnivytiz\n|t:|1788326671\n|gametype|doubles\n|player|p1|Thornlace48812|1|1178\n|player|p2|Tsnivytiz|roxie|1087\n|gen|9\n|tier|[Gen 9 Champions] VGC 2026 Reg M-B\n|rated|\n|rule|Species Clause: Limit one of each Pokémon\n|rule|Item Clause: Limit 1 of each item\n|clearpoke\n|poke|p1|Garchomp, L50, F|\n|poke|p1|Charizard, L50, M|\n|poke|p1|Whimsicott, L50, M|\n|poke|p1|Sylveon, L50, F|\n|poke|p1|Kingambit, L50, M|\n|poke|p1|Basculegion, L50, M|\n|poke|p2|Delphox, L50, M, shiny|\n|poke|p2|Clefable, L50, M, shiny|\n|poke|p2|Hatterene, L50, F, shiny|\n|poke|p2|Reuniclus, L50, M, shiny|\n|poke|p2|Whimsicott, L50, M, shiny|\n|poke|p2|Aerodactyl, L50, M, shiny|\n|teampreview|4\n|inactive|Battle timer is ON: inactive players will automatically lose when time's up. (requested by Thornlace48812)\nThornlace48812 rejected open team sheets.\n|\n|t:|1788326696\n|teamsize|p1|4\n|teamsize|p2|4\n|start\n|switch|p1a: Whimsicott|Whimsicott, L50, M|100/100\n|switch|p1b: Charizard|Charizard, L50, M|100/100\n|switch|p2a: Whimsicott|Whimsicott, L50, M, shiny|100/100\n|switch|p2b: Aerodactyl|Aerodactyl, L50, M, shiny|100/100\n|-ability|p2b: Aerodactyl|Unnerve\n|turn|1\n|\n|t:|1788326712\n|detailschange|p2b: Aerodactyl|Aerodactyl-Mega, L50, M, shiny\n|-mega|p2b: Aerodactyl|Aerodactyl|Aerodactylite\n|detailschange|p1b: Charizard|Charizard-Mega-Y, L50, M\n|-mega|p1b: Charizard|Charizard|Charizardite Y\n|-weather|SunnyDay|[from] ability: Drought|[of] p1b: Charizard\n|move|p1a: Whimsicott|Tailwind|p1a: Whimsicott\n|-sidestart|p1: Thornlace48812|move: Tailwind\n|move|p2a: Whimsicott|Taunt|p1b: Charizard\n|-start|p1b: Charizard|move: Taunt\n|move|p1b: Charizard|Heat Wave|p2a: Whimsicott|[spread] p2a,p2b\n|-supereffective|p2a: Whimsicott|1\n|-resisted|p2b: Aerodactyl|1\n|-enditem|p2a: Whimsicott|Focus Sash\n|-damage|p2a: Whimsicott|1/100\n|-damage|p2b: Aerodactyl|57/100\n|move|p2b: Aerodactyl|Rock Slide|p1b: Charizard|[spread] p1a,p1b\n|-supereffective|p1b: Charizard|2\n|-damage|p1a: Whimsicott|56/100\n|-damage|p1b: Charizard|0 fnt\n|faint|p1b: Charizard\n|\n|-weather|SunnyDay|[upkeep]\n|upkeep\n|\n|t:|1788326712\n|switch|p1b: Kingambit|Kingambit, L50, M|100/100\n|-activate|p1b: Kingambit|ability: Supreme Overlord\n|-start|p1b: Kingambit|fallen1|[silent]\n|turn|2\n|inactive|Tsnivytiz has 30 seconds left.\n|\n|t:|1788326742\n|move|p2a: Whimsicott|Tailwind|p2a: Whimsicott\n|-sidestart|p2: Tsnivytiz|move: Tailwind\n|move|p2b: Aerodactyl|Dual Wingbeat|p1a: Whimsicott\n|-supereffective|p1a: Whimsicott|1\n|-damage|p1a: Whimsicott|0 fnt\n|faint|p1a: Whimsicott\n|-hitcount|p1: Whimsicott|1\n|move|p1b: Kingambit|Kowtow Cleave|p2b: Aerodactyl\n|-damage|p2b: Aerodactyl|0 fnt\n|faint|p2b: Aerodactyl\n|\n|-weather|SunnyDay|[upkeep]\n|upkeep\n|\n|t:|1788326758\n|switch|p2b: Clefable|Clefable, L50, M, shiny|100/100\n|switch|p1a: Basculegion|Basculegion, L50, M|100/100\n|turn|3\n|\n|t:|1788326769\n|move|p2a: Whimsicott|Moonblast|p1b: Kingambit\n|-damage|p1b: Kingambit|60/100\n|move|p1a: Basculegion|Last Respects|p2b: Clefable\n|-damage|p2b: Clefable|11/100\n|move|p1b: Kingambit|Kowtow Cleave|p2a: Whimsicott\n|-resisted|p2a: Whimsicott|1\n|-damage|p2a: Whimsicott|0 fnt\n|faint|p2a: Whimsicott\n|move|p2b: Clefable|Moonblast|p1b: Kingambit\n|-damage|p1b: Kingambit|24/100\n|\n|-weather|SunnyDay|[upkeep]\n|upkeep\n|\n|t:|1788326784\n|switch|p2a: Hatterene|Hatterene, L50, F, shiny|100/100\n|turn|4\n|\n|t:|1788326792\n|move|p1b: Kingambit|Sucker Punch||[still]\n|-fail|p1b: Kingambit\n|move|p1a: Basculegion|Wave Crash|p2b: Clefable\n|-damage|p2b: Clefable|0 fnt\n|faint|p2b: Clefable\n|-damage|p1a: Basculegion|96/100|[from] Recoil\n|move|p2a: Hatterene|Heal Pulse|p2: Clefable|[notarget]\n|-fail|p2a: Hatterene\n|\n|-weather|SunnyDay|[upkeep]\n|-sideend|p1: Thornlace48812|move: Tailwind\n|upkeep\n|turn|5\n|\n|t:|1788326806\n|move|p1a: Basculegion|Last Respects|p2a: Hatterene\n|-supereffective|p2a: Hatterene|1\n|-damage|p2a: Hatterene|0 fnt\n|faint|p2a: Hatterene\n|\n|win|Thornlace48812\n|raw|Thornlace48812's rating: 1127 &rarr; <strong>1149</strong><br />(+22 for winning)\n|raw|Tsnivytiz's rating: 1087 &rarr; <strong>1067</strong><br />(-20 for losing)\n","uploadtime":1788326807,"views":"2","formatid":"gen9championsvgc2026regmb","rating":1067,"private":0,"password":null}