{"id":"gen9championsvgc2026regmbbo3-2674572640","format":"[Gen 9 Champions] VGC 2026 Reg M-B (Bo3)","players":["callanambulance206","looger02"],"log":"|j|☆callanambulance206\n|j|☆looger02\n|html|<table width=\"100%\"><tr><td align=\"left\">callanambulance206</td><td align=\"right\">looger02</tr><tr><td align=\"left\"><i class=\"fa fa-circle\"></i> <i class=\"fa fa-circle-o\"></i> </td><td align=\"right\"><i class=\"fa fa-circle-o\"></i> <i class=\"fa fa-circle\"></i> </tr></table>\n|uhtml|bestof|<h2><strong>Game 3</strong> of <a href=\"/game-bestof3-gen9championsvgc2026regmbbo3-2674566529\">a best-of-3</a></h2>\n|t:|1788375429\n|gametype|doubles\n|player|p1|callanambulance206|steven|1000\n|player|p2|looger02|gardenia|1095\n|gen|9\n|tier|[Gen 9 Champions] VGC 2026 Reg M-B (Bo3)\n|rated|\n|rule|Species Clause: Limit one of each Pokémon\n|rule|Item Clause: Limit 1 of each item\n|clearpoke\n|poke|p1|Barbaracle, L50, M|\n|poke|p1|Scolipede, L50, F|\n|poke|p1|Espathra, L50, F|\n|poke|p1|Chandelure, L50, M|\n|poke|p1|Sneasler, L50, M|\n|poke|p1|Sinistcha, L50|\n|poke|p2|Gyarados, L50, M, shiny|\n|poke|p2|Sinistcha, L50|\n|poke|p2|Weavile, L50, F|\n|poke|p2|Toxapex, L50, M, shiny|\n|poke|p2|Metagross, L50, shiny|\n|poke|p2|Kommo-o, L50, M, shiny|\n|teampreview|4\n|showteam|p1|Barbaracle||Barbaracite|ToughClaws|RockSlide,CloseCombat,Liquidation,Protect|Adamant||M|||50|]Scolipede||FocusSash|SpeedBoost|SwordsDance,BatonPass,Protect,Megahorn|Jolly||F|||50|]Espathra||ColburBerry|SpeedBoost|CalmMind,BatonPass,Protect,LuminaCrash|Modest||F|||50|]Chandelure||Chandelurite|FlashFire|ShadowBall,HeatWave,EnergyBall,Protect|Timid||M|||50|]Sneasler||WhiteHerb|Unburden|FakeOut,CloseCombat,DireClaw,Acrobatics|Jolly||M|||50|]Sinistcha||Leftovers|Hospitality|MatchaGotcha,Protect,LifeDew,RagePowder|Bold|||||50|\n|showteam|p2|Gyarados||Gyaradosite|Intimidate|Waterfall,LashOut,DragonDance,Protect|Adamant||M|||50|]Sinistcha||SitrusBerry|Hospitality|MatchaGotcha,RagePowder,StrengthSap,Protect|Calm|||||50|]Weavile||FocusSash|Pickpocket|FakeOut,KnockOff,TripleAxel,Protect|Jolly||F|||50|]Toxapex||Leftovers|Regenerator|Infestation,Toxic,BanefulBunker,WideGuard|Bold||M|||50|]Metagross||Metagrossite|ClearBody|PsychicFangs,BodyPress,BulletPunch,Protect|Jolly|||||50|]Kommo-o||HabanBerry|Bulletproof|AuraSphere,ClangingScales,VacuumWave,Protect|Modest||M|||50|\n|inactive|Battle timer is ON: inactive players will automatically lose when time's up. (requested by callanambulance206)\n|inactive|looger02 also wants the timer to be on.\n|inactive|callanambulance206 has 60 seconds left.\n|\n|t:|1788375461\n|teamsize|p1|4\n|teamsize|p2|4\n|start\n|switch|p1a: Espathra|Espathra, L50, F|100/100\n|switch|p1b: Sneasler|Sneasler, L50, M|100/100\n|switch|p2a: Metagross|Metagross, L50, shiny|100/100\n|switch|p2b: Weavile|Weavile, L50, F|100/100\n|turn|1\n|inactive|looger02 has 30 seconds left.\n|inactive|callanambulance206 has 30 seconds left.\n|\n|t:|1788375496\n|detailschange|p2a: Metagross|Metagross-Mega, L50, shiny\n|-mega|p2a: Metagross|Metagross|Metagrossite\n|move|p2b: Weavile|Fake Out|p1b: Sneasler\n|-damage|p1b: Sneasler|75/100\n|cant|p1b: Sneasler|flinch\n|move|p2a: Metagross|Psychic Fangs|p1b: Sneasler\n|-supereffective|p1b: Sneasler|2\n|-damage|p1b: Sneasler|0 fnt\n|faint|p1b: Sneasler\n|move|p1a: Espathra|Calm Mind|p1a: Espathra\n|-boost|p1a: Espathra|spa|1\n|-boost|p1a: Espathra|spd|1\n|\n|-ability|p1a: Espathra|Speed Boost|boost\n|-boost|p1a: Espathra|spe|1\n|upkeep\n|\n|t:|1788375504\n|switch|p1b: Sinistcha|Sinistcha, L50|100/100\n|turn|2\n|\n|t:|1788375528\n|move|p1b: Sinistcha|Rage Powder|p1b: Sinistcha\n|-singleturn|p1b: Sinistcha|move: Rage Powder\n|move|p1a: Espathra|Baton Pass|p1a: Espathra\n|\n|t:|1788375532\n|switch|p1a: Chandelure|Chandelure, L50, M|100/100|[from] Baton Pass\n|move|p2b: Weavile|Knock Off|p1b: Sinistcha\n|-supereffective|p1b: Sinistcha|1\n|-damage|p1b: Sinistcha|38/100\n|-enditem|p1b: Sinistcha|Leftovers|[from] move: Knock Off|[of] p2b: Weavile\n|move|p2a: Metagross|Psychic Fangs|p1b: Sinistcha\n|-damage|p1b: Sinistcha|0 fnt\n|faint|p1b: Sinistcha\n|\n|upkeep\n|\n|t:|1788375535\n|switch|p1b: Espathra|Espathra, L50, F|100/100\n|turn|3\n|\n|t:|1788375554\n|detailschange|p1a: Chandelure|Chandelure-Mega, L50, M\n|-mega|p1a: Chandelure|Chandelure|Chandelurite\n|move|p2a: Metagross|Protect|p2a: Metagross\n|-singleturn|p2a: Metagross|Protect\n|move|p1b: Espathra|Protect|p1b: Espathra\n|-singleturn|p1b: Espathra|Protect\n|move|p1a: Chandelure|Heat Wave|p2a: Metagross|[spread] p2b\n|-activate|p2a: Metagross|move: Protect\n|-supereffective|p2b: Weavile|1\n|-enditem|p2b: Weavile|Focus Sash\n|-damage|p2b: Weavile|1/100\n|move|p2b: Weavile|Knock Off|p1b: Espathra\n|-activate|p1b: Espathra|move: Protect\n|\n|-ability|p1b: Espathra|Speed Boost|boost\n|-boost|p1b: Espathra|spe|1\n|upkeep\n|turn|4\n|inactive|looger02 has 30 seconds left.\n|inactive|looger02 has 20 seconds left.\n|\n|t:|1788375591\n|switch|p2a: Sinistcha|Sinistcha, L50|100/100\n|-heal|p2b: Weavile|25/100|[from] ability: Hospitality|[of] p2a: Sinistcha\n|move|p1b: Espathra|Lumina Crash|p2a: Sinistcha\n|-damage|p2a: Sinistcha|67/100\n|-unboost|p2a: Sinistcha|spd|2\n|move|p1a: Chandelure|Heat Wave|p2a: Sinistcha|[spread] p2a,p2b\n|-supereffective|p2a: Sinistcha|1\n|-supereffective|p2b: Weavile|1\n|-damage|p2a: Sinistcha|0 fnt\n|-damage|p2b: Weavile|0 fnt\n|faint|p2a: Sinistcha\n|faint|p2b: Weavile\n|\n|-ability|p1b: Espathra|Speed Boost|boost\n|-boost|p1b: Espathra|spe|1\n|upkeep\n|\n|t:|1788375602\n|switch|p2b: Toxapex|Toxapex, L50, M, shiny|100/100\n|switch|p2a: Metagross|Metagross-Mega, L50, shiny|100/100\n|turn|5\n|\n|t:|1788375623\n|move|p1a: Chandelure|Protect|p1a: Chandelure\n|-singleturn|p1a: Chandelure|Protect\n|move|p2a: Metagross|Protect|p2a: Metagross\n|-singleturn|p2a: Metagross|Protect\n|move|p1b: Espathra|Lumina Crash|p2b: Toxapex\n|-supereffective|p2b: Toxapex|1\n|-damage|p2b: Toxapex|38/100\n|-unboost|p2b: Toxapex|spd|2\n|move|p2b: Toxapex|Toxic|p1a: Chandelure\n|-activate|p1a: Chandelure|move: Protect\n|\n|-heal|p2b: Toxapex|44/100|[from] item: Leftovers\n|-ability|p1b: Espathra|Speed Boost|boost\n|-boost|p1b: Espathra|spe|1\n|upkeep\n|turn|6\n|\n|t:|1788375638\n|move|p1b: Espathra|Lumina Crash|p2b: Toxapex\n|-supereffective|p2b: Toxapex|1\n|-damage|p2b: Toxapex|0 fnt\n|faint|p2b: Toxapex\n|move|p1a: Chandelure|Heat Wave|p2a: Metagross\n|-supereffective|p2a: Metagross|1\n|-damage|p2a: Metagross|0 fnt\n|faint|p2a: Metagross\n|\n|win|callanambulance206\n|raw|callanambulance206's rating: 1000 &rarr; <strong>1051</strong><br />(+51 for winning)\n|raw|looger02's rating: 1095 &rarr; <strong>1064</strong><br />(-31 for losing)\n","uploadtime":1788375640,"views":"3","formatid":"gen9championsvgc2026regmbbo3","rating":1051,"private":0,"password":null}