{"id":"gen9championsvgc2026regmb-2673990611","format":"[Gen 9 Champions] VGC 2026 Reg M-B","players":["Uioyhgtz","LessThanPoggers"],"log":"|j|☆Uioyhgtz\n|j|☆LessThanPoggers\n|t:|1788285569\n|gametype|doubles\n|player|p1|Uioyhgtz|101|1324\n|player|p2|LessThanPoggers|102|1312\n|gen|9\n|tier|[Gen 9 Champions] VGC 2026 Reg M-B\n|rated|\n|rule|Species Clause: Limit one of each Pokémon\n|rule|Item Clause: Limit 1 of each item\n|clearpoke\n|poke|p1|Tinkaton, L50, F|\n|poke|p1|Hydreigon, L50, M|\n|poke|p1|Starmie, L50|\n|poke|p1|Sneasler, L50, F|\n|poke|p1|Scovillain, L50, M|\n|poke|p1|Skeledirge, L50, F|\n|poke|p2|Sneasler, L50, F|\n|poke|p2|Kingambit, L50, M|\n|poke|p2|Delphox, L50, M|\n|poke|p2|Staraptor, L50, F|\n|poke|p2|Garchomp, L50, F|\n|poke|p2|Farigiraf, L50, F|\n|teampreview|4\n|c|☆Uioyhgtz|Glhf!\n|\n|t:|1788285625\n|teamsize|p1|4\n|teamsize|p2|4\n|start\n|switch|p1a: Skeledirge|Skeledirge, L50, F|100/100\n|switch|p1b: Sneasler|Sneasler, L50, F|100/100\n|switch|p2a: Delphox|Delphox, L50, M|100/100\n|switch|p2b: Sneasler|Sneasler, L50, F|100/100\n|turn|1\n|c|☆LessThanPoggers|glhf!\n|\n|t:|1788285644\n|switch|p2b: Farigiraf|Farigiraf, L50, F|100/100\n|detailschange|p2a: Delphox|Delphox-Mega, L50, M\n|-mega|p2a: Delphox|Delphox|Delphoxite\n|move|p1b: Sneasler|Fake Out||[still]\n|cant|p2b: Farigiraf|ability: Armor Tail|Fake Out|[of] p1b: Sneasler\n|move|p2a: Delphox|Nasty Plot|p2a: Delphox\n|-boost|p2a: Delphox|spa|2\n|move|p1a: Skeledirge|Torch Song|p2b: Farigiraf\n|-damage|p2b: Farigiraf|62/100\n|-boost|p1a: Skeledirge|spa|1\n|\n|upkeep\n|turn|2\n|\n|t:|1788285670\n|move|p2a: Delphox|Psychic|p1a: Skeledirge\n|-damage|p1a: Skeledirge|49/100\n|move|p1b: Sneasler|Coaching|p1a: Skeledirge\n|-boost|p1a: Skeledirge|atk|1\n|-boost|p1a: Skeledirge|def|1\n|move|p1a: Skeledirge|Shadow Ball|p2a: Delphox\n|-supereffective|p2a: Delphox|1\n|-damage|p2a: Delphox|0 fnt\n|faint|p2a: Delphox\n|move|p2b: Farigiraf|Psychic Noise|p1b: Sneasler\n|-supereffective|p1b: Sneasler|2\n|-damage|p1b: Sneasler|0 fnt\n|faint|p1b: Sneasler\n|\n|-heal|p1a: Skeledirge|55/100|[from] item: Leftovers\n|upkeep\n|\n|t:|1788285691\n|switch|p2a: Garchomp|Garchomp, L50, F|100/100\n|switch|p1b: Hydreigon|Hydreigon, L50, M|100/100\n|turn|3\n|\n|t:|1788285714\n|move|p1a: Skeledirge|Protect|p1a: Skeledirge\n|-singleturn|p1a: Skeledirge|Protect\n|move|p2a: Garchomp|Dragon Claw|p1b: Hydreigon\n|-supereffective|p1b: Hydreigon|1\n|-enditem|p1b: Hydreigon|Focus Sash\n|-damage|p1b: Hydreigon|1/100\n|-damage|p2a: Garchomp|90/100|[from] item: Life Orb\n|move|p1b: Hydreigon|Tailwind|p1b: Hydreigon\n|-sidestart|p1: Uioyhgtz|move: Tailwind\n|move|p2b: Farigiraf|Psychic Noise|p1a: Skeledirge\n|-activate|p1a: Skeledirge|move: Protect\n|\n|-heal|p1a: Skeledirge|61/100|[from] item: Leftovers\n|upkeep\n|turn|4\n|\n|t:|1788285730\n|move|p2b: Farigiraf|Helping Hand|p2a: Garchomp\n|-singleturn|p2a: Garchomp|Helping Hand|[of] p2b: Farigiraf\n|move|p1b: Hydreigon|Draco Meteor|p2a: Garchomp\n|-supereffective|p2a: Garchomp|1\n|-damage|p2a: Garchomp|0 fnt\n|-unboost|p1b: Hydreigon|spa|2\n|faint|p2a: Garchomp\n|move|p1a: Skeledirge|Torch Song|p2b: Farigiraf\n|-damage|p2b: Farigiraf|13/100\n|-boost|p1a: Skeledirge|spa|1\n|-enditem|p2b: Farigiraf|Sitrus Berry|[eat]\n|-heal|p2b: Farigiraf|38/100|[from] item: Sitrus Berry\n|\n|-heal|p1a: Skeledirge|67/100|[from] item: Leftovers\n|upkeep\n|\n|t:|1788285745\n|switch|p2a: Sneasler|Sneasler, L50, F|100/100\n|turn|5\n|\n|t:|1788285764\n|move|p1b: Hydreigon|Draco Meteor|p2a: Sneasler|[miss]\n|-miss|p1b: Hydreigon|p2a: Sneasler\n|move|p1a: Skeledirge|Torch Song|p2b: Farigiraf\n|-damage|p2b: Farigiraf|0 fnt\n|-boost|p1a: Skeledirge|spa|1\n|faint|p2b: Farigiraf\n|move|p2a: Sneasler|Poison Jab|p1a: Skeledirge\n|-resisted|p1a: Skeledirge|1\n|-damage|p1a: Skeledirge|54/100\n|\n|-heal|p1a: Skeledirge|61/100|[from] item: Leftovers\n|upkeep\n|turn|6\n|c|☆LessThanPoggers|ggs!\n|-message|LessThanPoggers forfeited.\n|\n|win|Uioyhgtz\n|raw|Uioyhgtz's rating: 1324 &rarr; <strong>1343</strong><br />(+19 for winning)\n|raw|LessThanPoggers's rating: 1312 &rarr; <strong>1293</strong><br />(-19 for losing)\n|l|☆LessThanPoggers\n|player|p2|\n|c|☆Uioyhgtz|Ggs wp\n","uploadtime":1788285810,"views":"18","formatid":"gen9championsvgc2026regmb","rating":1293,"private":0,"password":null}