{"id":"gen9championsvgc2026regmbbo3-2673530533","format":"[Gen 9 Champions] VGC 2026 Reg M-B (Bo3)","players":["Mashuno","BeckVGC"],"log":"|j|☆Mashuno\n|j|☆BeckVGC\n|html|<table width=\"100%\"><tr><td align=\"left\">Mashuno</td><td align=\"right\">BeckVGC</tr><tr><td align=\"left\"><i class=\"fa fa-circle-o\"></i> <i class=\"fa fa-circle-o\"></i> </td><td align=\"right\"><i class=\"fa fa-circle-o\"></i> <i class=\"fa fa-circle-o\"></i> </tr></table>\n|uhtml|bestof|<h2><strong>Game 1</strong> of <a href=\"/game-bestof3-gen9championsvgc2026regmbbo3-2673530532\">a best-of-3</a></h2>\n|t:|1788209149\n|gametype|doubles\n|player|p1|Mashuno|harlequin|1117\n|player|p2|BeckVGC|roughneck-gen4|1102\n|gen|9\n|tier|[Gen 9 Champions] VGC 2026 Reg M-B (Bo3)\n|rated|\n|rule|Species Clause: Limit one of each Pokémon\n|rule|Item Clause: Limit 1 of each item\n|clearpoke\n|poke|p1|Pelipper, L50, M|\n|poke|p1|Archaludon, L50, M|\n|poke|p1|Blastoise, L50, M|\n|poke|p1|Sinistcha, L50|\n|poke|p1|Sableye, L50, F|\n|poke|p1|Sneasler, L50, F|\n|poke|p2|Delphox, L50, M|\n|poke|p2|Kingambit, L50, F|\n|poke|p2|Sneasler, L50, F|\n|poke|p2|Basculegion, L50, M|\n|poke|p2|Dragonite, L50, F|\n|poke|p2|Whimsicott, L50, M|\n|teampreview|4\n|showteam|p1|Pelipper||FocusSash|Drizzle|WeatherBall,Hurricane,Tailwind,RainDance|Timid||M|||50|]Archaludon||Leftovers|Stamina|Protect,DracoMeteor,FlashCannon,ElectroShot|Modest||M|||50|]Blastoise||Blastoisinite|RainDish|Protect,WaterSpout,DarkPulse,AuraSphere|Modest||M|||50|]Sinistcha||SitrusBerry|Hospitality|MatchaGotcha,RagePowder,LifeDew,TrickRoom|Bold|||||50|]Sableye||LightClay|Prankster|FoulPlay,LightScreen,Reflect,RainDance|Impish||F|||50|]Sneasler||WhiteHerb|Unburden|FakeOut,DireClaw,CloseCombat,RockSlide|Jolly||F|||50|\n|showteam|p2|Delphox||Delphoxite|Blaze|HeatWave,Psychic,Substitute,Protect|Timid||M|||50|]Kingambit||BlackGlasses|Defiant|KowtowCleave,SuckerPunch,SwordsDance,Protect|Adamant||F|||50|]Sneasler||WhiteHerb|Unburden|CloseCombat,DireClaw,FakeOut,Protect|Adamant||F|||50|]Basculegion||ChoiceScarf|Adaptability|WaveCrash,LastRespects,FlipTurn,AquaJet|Adamant||M|||50|]Dragonite||LifeOrb|InnerFocus|DragonClaw,ExtremeSpeed,StompingTantrum,Protect|Adamant||F|||50|]Whimsicott||FocusSash|Prankster|Tailwind,Moonblast,Encore,Protect|Timid||M|||50|\n|inactive|Battle timer is ON: inactive players will automatically lose when time's up. (requested by BeckVGC)\n|c|☆Mashuno|gl hf <3\n|inactive|Mashuno has 60 seconds left.\n|inactive|BeckVGC has 60 seconds left.\n|c|☆BeckVGC|Glhf friend\n|inactive|Mashuno has 30 seconds left.\n|inactive|BeckVGC has 30 seconds left.\n|inactive|Mashuno has 20 seconds left.\n|inactive|BeckVGC has 20 seconds left.\n|inactive|Mashuno has 15 seconds left.\n|inactive|BeckVGC has 15 seconds left.\n|\n|t:|1788209227\n|teamsize|p1|4\n|teamsize|p2|4\n|start\n|switch|p1a: Blastoise|Blastoise, L50, M|100/100\n|switch|p1b: Dai News|Pelipper, L50, M|100/100\n|switch|p2a: Dragonite|Dragonite, L50, F|100/100\n|switch|p2b: Whimsicott|Whimsicott, L50, M|100/100\n|-weather|RainDance|[from] ability: Drizzle|[of] p1b: Dai News\n|turn|1\n|inactive|Mashuno has 30 seconds left.\n|inactive|BeckVGC has 30 seconds left.\n|inactive|BeckVGC has 20 seconds left.\n|inactive|BeckVGC has 15 seconds left.\n|inactive|BeckVGC has 10 seconds left.\n|inactive|BeckVGC has 5 seconds left.\n|\n|t:|1788209283\n|switch|p1a: Junketsu|Archaludon, L50, M|100/100\n|move|p2b: Whimsicott|Tailwind|p2b: Whimsicott\n|-sidestart|p2: BeckVGC|move: Tailwind\n|move|p2a: Dragonite|Dragon Claw|p1a: Junketsu\n|-damage|p1a: Junketsu|56/100\n|-ability|p1a: Junketsu|Stamina|boost\n|-boost|p1a: Junketsu|def|1\n|-damage|p2a: Dragonite|90/100|[from] item: Life Orb\n|move|p1b: Dai News|Tailwind|p1b: Dai News\n|-sidestart|p1: Mashuno|move: Tailwind\n|\n|-weather|RainDance|[upkeep]\n|-heal|p1a: Junketsu|63/100|[from] item: Leftovers\n|upkeep\n|turn|2\n|\n|t:|1788209299\n|switch|p1b: Iroh|Sinistcha, L50|100/100\n|-heal|p1a: Junketsu|88/100|[from] ability: Hospitality|[of] p1b: Iroh\n|move|p2b: Whimsicott|Encore||[still]\n|-fail|p2b: Whimsicott\n|move|p2a: Dragonite|Stomping Tantrum|p1a: Junketsu\n|-supereffective|p1a: Junketsu|1\n|-damage|p1a: Junketsu|50/100y\n|-ability|p1a: Junketsu|Stamina|boost\n|-boost|p1a: Junketsu|def|1\n|-damage|p2a: Dragonite|80/100|[from] item: Life Orb\n|move|p1a: Junketsu|Electro Shot||[still]\n|-prepare|p1a: Junketsu|Electro Shot\n|-boost|p1a: Junketsu|spa|1\n|-anim|p1a: Junketsu|Electro Shot|p2a: Dragonite\n|-damage|p2a: Dragonite|14/100\n|\n|-weather|RainDance|[upkeep]\n|-heal|p1a: Junketsu|56/100|[from] item: Leftovers\n|upkeep\n|turn|3\n|inactive|Mashuno has 30 seconds left.\n|\n|t:|1788209325\n|move|p1b: Iroh|Rage Powder|p1b: Iroh\n|-singleturn|p1b: Iroh|move: Rage Powder\n|move|p2b: Whimsicott|Moonblast|p1b: Iroh\n|-damage|p1b: Iroh|74/100\n|move|p1a: Junketsu|Electro Shot||[still]\n|-prepare|p1a: Junketsu|Electro Shot\n|-boost|p1a: Junketsu|spa|1\n|-anim|p1a: Junketsu|Electro Shot|p2b: Whimsicott\n|-resisted|p2b: Whimsicott|1\n|-damage|p2b: Whimsicott|45/100\n|move|p2a: Dragonite|Dragon Claw|p1b: Iroh\n|-damage|p1b: Iroh|29/100\n|-enditem|p1b: Iroh|Sitrus Berry|[eat]\n|-heal|p1b: Iroh|54/100|[from] item: Sitrus Berry\n|-damage|p2a: Dragonite|4/100|[from] item: Life Orb\n|\n|-weather|RainDance|[upkeep]\n|-heal|p1a: Junketsu|62/100|[from] item: Leftovers\n|upkeep\n|turn|4\n|\n|t:|1788209344\n|move|p2a: Dragonite|Protect|p2a: Dragonite\n|-singleturn|p2a: Dragonite|Protect\n|move|p1b: Iroh|Rage Powder|p1b: Iroh\n|-singleturn|p1b: Iroh|move: Rage Powder\n|move|p2b: Whimsicott|Moonblast|p1a: Junketsu\n|-damage|p1a: Junketsu|23/100\n|-ability|p1a: Junketsu|Stamina|boost\n|-boost|p1a: Junketsu|def|1\n|move|p1a: Junketsu|Electro Shot||[still]\n|-prepare|p1a: Junketsu|Electro Shot\n|-boost|p1a: Junketsu|spa|1\n|-anim|p1a: Junketsu|Electro Shot|p2b: Whimsicott\n|-resisted|p2b: Whimsicott|1\n|-damage|p2b: Whimsicott|0 fnt\n|faint|p2b: Whimsicott\n|\n|-weather|RainDance|[upkeep]\n|-heal|p1a: Junketsu|29/100|[from] item: Leftovers\n|-sideend|p1: Mashuno|move: Tailwind\n|-sideend|p2: BeckVGC|move: Tailwind\n|upkeep\n|\n|t:|1788209355\n|switch|p2b: Basculegion|Basculegion, L50, M|100/100\n|turn|5\n|\n|t:|1788209375\n|move|p1b: Iroh|Rage Powder|p1b: Iroh\n|-singleturn|p1b: Iroh|move: Rage Powder\n|move|p2b: Basculegion|Last Respects|p1b: Iroh\n|-supereffective|p1b: Iroh|1\n|-damage|p1b: Iroh|0 fnt\n|faint|p1b: Iroh\n|move|p1a: Junketsu|Electro Shot||[still]\n|-prepare|p1a: Junketsu|Electro Shot\n|-boost|p1a: Junketsu|spa|1\n|-anim|p1a: Junketsu|Electro Shot|p2b: Basculegion\n|-supereffective|p2b: Basculegion|1\n|-damage|p2b: Basculegion|0 fnt\n|faint|p2b: Basculegion\n|move|p2a: Dragonite|Stomping Tantrum|p1a: Junketsu\n|-supereffective|p1a: Junketsu|1\n|-damage|p1a: Junketsu|6/100\n|-ability|p1a: Junketsu|Stamina|boost\n|-boost|p1a: Junketsu|def|1\n|-damage|p2a: Dragonite|0 fnt|[from] item: Life Orb\n|faint|p2a: Dragonite\n|\n|-weather|none\n|-heal|p1a: Junketsu|13/100|[from] item: Leftovers\n|upkeep\n|\n|t:|1788209385\n|switch|p2a: Delphox|Delphox, L50, M|100/100\n|switch|p1b: Dai News|Pelipper, L50, M|100/100\n|-weather|RainDance|[from] ability: Drizzle|[of] p1b: Dai News\n|turn|6\n|\n|t:|1788209395\n|detailschange|p2a: Delphox|Delphox-Mega, L50, M\n|-mega|p2a: Delphox|Delphox|Delphoxite\n|move|p2a: Delphox|Psychic|p1a: Junketsu\n|-resisted|p1a: Junketsu|1\n|-damage|p1a: Junketsu|0 fnt\n|faint|p1a: Junketsu\n|move|p1b: Dai News|Tailwind|p1b: Dai News\n|-sidestart|p1: Mashuno|move: Tailwind\n|\n|-weather|RainDance|[upkeep]\n|upkeep\n|\n|t:|1788209398\n|switch|p1a: Blastoise|Blastoise, L50, M|100/100\n|turn|7\n|\n|t:|1788209408\n|detailschange|p1a: Blastoise|Blastoise-Mega, L50, M\n|-mega|p1a: Blastoise|Blastoise|Blastoisinite\n|move|p1b: Dai News|Weather Ball|p2a: Delphox\n|-supereffective|p2a: Delphox|1\n|-damage|p2a: Delphox|0 fnt\n|faint|p2a: Delphox\n|\n|win|Mashuno\n||BeckVGC is ready for game 2.\n||Mashuno is ready for game 2.\n|uhtml|next|Next: <a href=\"/battle-gen9championsvgc2026regmbbo3-2673532522\"><strong>Game 2 of 3</strong></a>\n|l|☆BeckVGC\n|player|p2|\n","uploadtime":1788209770,"views":"1","formatid":"gen9championsvgc2026regmbbo3","rating":null,"private":0,"password":null}