{"id":"gen9championsvgc2026regmb-2674459464","format":"[Gen 9 Champions] VGC 2026 Reg M-B","players":["ThundyT2","cinarguncavdi2231"],"log":"|j|☆ThundyT2\n|j|☆cinarguncavdi2231\n|t:|1788362341\n|gametype|doubles\n|player|p1|ThundyT2|lucas|1463\n|player|p2|cinarguncavdi2231|101|1550\n|gen|9\n|tier|[Gen 9 Champions] VGC 2026 Reg M-B\n|rated|\n|rule|Species Clause: Limit one of each Pokémon\n|rule|Item Clause: Limit 1 of each item\n|clearpoke\n|poke|p1|Whimsicott, L50, F|\n|poke|p1|Basculegion, L50, M|\n|poke|p1|Kingambit, L50, F|\n|poke|p1|Floette-Eternal, L50, F|\n|poke|p1|Garchomp, L50, M|\n|poke|p1|Charizard, L50, F|\n|poke|p2|Raichu, L50, M|\n|poke|p2|Scolipede, L50, F|\n|poke|p2|Ceruledge, L50, M|\n|poke|p2|Weavile, L50, F|\n|poke|p2|Milotic, L50, F|\n|poke|p2|Sinistcha, L50|\n|teampreview|4\n|inactive|Battle timer is ON: inactive players will automatically lose when time's up. (requested by cinarguncavdi2231)\n|inactive|ThundyT2 has 60 seconds left.\n|\n|t:|1788362376\n|teamsize|p1|4\n|teamsize|p2|4\n|start\n|switch|p1a: Whimsicott|Whimsicott, L50, F|100/100\n|switch|p1b: Floette|Floette-Eternal, L50, F|100/100\n|switch|p2a: Scolipede|Scolipede, L50, F|100/100\n|switch|p2b: Weavile|Weavile, L50, F|100/100\n|turn|1\n|\n|t:|1788362399\n|move|p1a: Whimsicott|Protect|p1a: Whimsicott\n|-singleturn|p1a: Whimsicott|Protect\n|move|p1b: Floette|Protect|p1b: Floette\n|-singleturn|p1b: Floette|Protect\n|move|p2b: Weavile|Fake Out|p1b: Floette\n|-activate|p1b: Floette|move: Protect\n|move|p2a: Scolipede|Poison Jab|p1a: Whimsicott\n|-activate|p1a: Whimsicott|move: Protect\n|\n|-ability|p2a: Scolipede|Speed Boost|boost\n|-boost|p2a: Scolipede|spe|1\n|upkeep\n|turn|2\n|\n|t:|1788362413\n|detailschange|p1b: Floette|Floette-Mega, L50, F\n|-mega|p1b: Floette|Floette|Floettite\n|-ability|p1b: Floette|Fairy Aura\n|move|p1a: Whimsicott|Tailwind|p1a: Whimsicott\n|-sidestart|p1: ThundyT2|move: Tailwind\n|move|p1b: Floette|Moonblast|p2b: Weavile\n|-supereffective|p2b: Weavile|1\n|-enditem|p2b: Weavile|Focus Sash\n|-damage|p2b: Weavile|1/100\n|move|p2a: Scolipede|Swords Dance|p2a: Scolipede\n|-boost|p2a: Scolipede|atk|2\n|move|p2b: Weavile|Triple Axel|p1a: Whimsicott\n|-supereffective|p1a: Whimsicott|1\n|-damage|p1a: Whimsicott|67/100\n|-supereffective|p1a: Whimsicott|1\n|-damage|p1a: Whimsicott|13/100\n|-supereffective|p1a: Whimsicott|1\n|-damage|p1a: Whimsicott|0 fnt\n|faint|p1a: Whimsicott\n|-hitcount|p1: Whimsicott|3\n|\n|-ability|p2a: Scolipede|Speed Boost|boost\n|-boost|p2a: Scolipede|spe|1\n|upkeep\n|\n|t:|1788362418\n|switch|p1a: Garchomp|Garchomp, L50, M|100/100\n|turn|3\n|inactive|cinarguncavdi2231 has 30 seconds left.\n|inactive|cinarguncavdi2231 has 20 seconds left.\n|\n|t:|1788362457\n|switch|p1b: Kingambit|Kingambit, L50, F|100/100\n|move|p2a: Scolipede|Protect|p2a: Scolipede\n|-singleturn|p2a: Scolipede|Protect\n|move|p1a: Garchomp|Rock Slide|p2b: Weavile|[spread] p2b\n|-activate|p2a: Scolipede|move: Protect\n|-supereffective|p2b: Weavile|1\n|-damage|p2b: Weavile|0 fnt\n|faint|p2b: Weavile\n|-damage|p1a: Garchomp|90/100|[from] item: Life Orb\n|\n|-ability|p2a: Scolipede|Speed Boost|boost\n|-boost|p2a: Scolipede|spe|1\n|upkeep\n|\n|t:|1788362468\n|switch|p2b: Milotic|Milotic, L50, F|100/100\n|turn|4\n|\n|t:|1788362480\n|detailschange|p2a: Scolipede|Scolipede-Mega, L50, F\n|-mega|p2a: Scolipede|Scolipede|Scolipite\n|move|p1b: Kingambit|Sucker Punch|p2a: Scolipede\n|-damage|p2a: Scolipede|70/100\n|move|p1a: Garchomp|Dragon Claw|p2a: Scolipede\n|-damage|p2a: Scolipede|32/100\n|-damage|p1a: Garchomp|80/100|[from] item: Life Orb\n|move|p2a: Scolipede|Leech Life|p1a: Garchomp\n|-crit|p1a: Garchomp\n|-damage|p1a: Garchomp|0 fnt\n|-heal|p2a: Scolipede|78/100|[from] drain|[of] p1a: Garchomp\n|-damage|p2a: Scolipede|66/100|[from] ability: Rough Skin|[of] p1a: Garchomp\n|faint|p1a: Garchomp\n|move|p2b: Milotic|Coil|p2b: Milotic\n|-boost|p2b: Milotic|atk|1\n|-boost|p2b: Milotic|def|1\n|-boost|p2b: Milotic|accuracy|1\n|\n|upkeep\n|\n|t:|1788362489\n|switch|p1a: Floette|Floette-Mega, L50, F|100/100\n|-ability|p1a: Floette|Fairy Aura\n|turn|5\n|\n|t:|1788362505\n|move|p1b: Kingambit|Sucker Punch||[still]\n|-fail|p1b: Kingambit\n|move|p1a: Floette|Light of Ruin|p2a: Scolipede\n|-resisted|p2a: Scolipede|1\n|-damage|p2a: Scolipede|13/100\n|-damage|p1a: Floette|72/100|[from] Recoil\n|move|p2a: Scolipede|Swords Dance|p2a: Scolipede\n|-boost|p2a: Scolipede|atk|2\n|move|p2b: Milotic|Hypnosis|p1b: Kingambit\n|-status|p1b: Kingambit|slp|[from] move: Hypnosis\n|\n|-sideend|p1: ThundyT2|move: Tailwind\n|upkeep\n|turn|6\n|\n|t:|1788362520\n|move|p1a: Floette|Protect|p1a: Floette\n|-singleturn|p1a: Floette|Protect\n|cant|p1b: Kingambit|slp\n|move|p2a: Scolipede|Leech Life|p1b: Kingambit\n|-damage|p1b: Kingambit|11/100 slp\n|-heal|p2a: Scolipede|67/100|[from] drain|[of] p1b: Kingambit\n|move|p2b: Milotic|Hypnosis|p1a: Floette\n|-activate|p1a: Floette|move: Protect\n|\n|upkeep\n|turn|7\n|-message|ThundyT2 forfeited.\n|\n|win|cinarguncavdi2231\n|raw|ThundyT2's rating: 1463 &rarr; <strong>1448</strong><br />(-15 for losing)\n|raw|cinarguncavdi2231's rating: 1550 &rarr; <strong>1565</strong><br />(+15 for winning)\n|l|☆ThundyT2\n|player|p1|\n","uploadtime":1788362529,"views":"0","formatid":"gen9championsvgc2026regmb","rating":1448,"private":0,"password":null}