{"id":"gen9championsvgc2026regmbbo3-2673851542","format":"[Gen 9 Champions] VGC 2026 Reg M-B (Bo3)","players":["gorizq","IronSerpentFan"],"log":"|j|☆gorizq\n|j|☆IronSerpentFan\n|html|<table width=\"100%\"><tr><td align=\"left\">gorizq</td><td align=\"right\">IronSerpentFan</tr><tr><td align=\"left\"><i class=\"fa fa-circle-o\"></i> <i class=\"fa fa-circle-o\"></i> </td><td align=\"right\"><i class=\"fa fa-circle-o\"></i> <i class=\"fa fa-circle-o\"></i> </tr></table>\n|uhtml|bestof|<h2><strong>Game 1</strong> of <a href=\"/game-bestof3-gen9championsvgc2026regmbbo3-2673851541\">a best-of-3</a></h2>\n|t:|1788268492\n|gametype|doubles\n|player|p1|gorizq|2|1005\n|player|p2|IronSerpentFan|schoolkid-gen4|1089\n|gen|9\n|tier|[Gen 9 Champions] VGC 2026 Reg M-B (Bo3)\n|rated|\n|rule|Species Clause: Limit one of each Pokémon\n|rule|Item Clause: Limit 1 of each item\n|clearpoke\n|poke|p1|Basculegion, L50, M|\n|poke|p1|Charizard, L50, F|\n|poke|p1|Archaludon, L50, M|\n|poke|p1|Pelipper, L50, M|\n|poke|p1|Venusaur, L50, M|\n|poke|p1|Grimmsnarl, L50, M|\n|poke|p2|Politoed, L50, F|\n|poke|p2|Gengar, L50, M|\n|poke|p2|Incineroar, L50, M|\n|poke|p2|Sinistcha, L50|\n|poke|p2|Whimsicott, L50, F|\n|poke|p2|Staraptor, L50, M|\n|teampreview|4\n|showteam|p1|Basculegion||LifeOrb|Adaptability|WaveCrash,LastRespects,FlipTurn,AquaJet|Jolly||M|||50|]Charizard||CharizarditeY|Blaze|HeatWave,SolarBeam,WeatherBall,Protect|Timid||F|||50|]Archaludon||Leftovers|Stamina|ElectroShot,DragonPulse,FlashCannon,Protect|Timid||M|||50|]Pelipper||SitrusBerry|Drizzle|WeatherBall,Hurricane,Tailwind,WideGuard|Modest||M|||50|]Venusaur||Venusaurite|Chlorophyll|GigaDrain,EarthPower,SludgeBomb,SleepPowder|Modest||M|||50|]Grimmsnarl||LightClay|Prankster|SpiritBreak,PartingShot,Reflect,LightScreen|Careful||M|||50|\n|showteam|p2|Politoed||SitrusBerry|Drizzle|Protect,Encore,WeatherBall,PerishSong|Modest||F|||50|]Gengar||Gengarite|CursedBody|Protect,Disable,ShadowBall,SludgeBomb|Timid||M|||50|]Incineroar||PasshoBerry|Intimidate|Protect,FakeOut,ThroatChop,PartingShot|Sassy||M|||50|]Sinistcha||ColburBerry|Hospitality|Protect,RagePowder,MatchaGotcha,TrickRoom|Sassy|||||50|]Whimsicott||FocusSash|Prankster|Protect,Tailwind,Moonblast,Charm|Timid||F|||50|]Staraptor||Staraptite|Intimidate|Protect,Roost,CloseCombat,BraveBird|Jolly||M|||50|\n|inactive|Battle timer is ON: inactive players will automatically lose when time's up. (requested by IronSerpentFan)\n|c|☆IronSerpentFan|glhf\n|inactive|gorizq has 60 seconds left.\n|inactive|IronSerpentFan has 60 seconds left.\n|\n|t:|1788268558\n|teamsize|p1|4\n|teamsize|p2|4\n|start\n|switch|p1a: Charizard|Charizard, L50, F|100/100\n|switch|p1b: Grimmsnarl|Grimmsnarl, L50, M|100/100\n|switch|p2a: Whimsicott|Whimsicott, L50, F|100/100\n|switch|p2b: Staraptor|Staraptor, L50, M|100/100\n|-ability|p2b: Staraptor|Intimidate|boost\n|-unboost|p1a: Charizard|atk|1\n|-unboost|p1b: Grimmsnarl|atk|1\n|turn|1\n|inactive|gorizq has 30 seconds left.\n|\n|t:|1788268583\n|detailschange|p2b: Staraptor|Staraptor-Mega, L50, M\n|-mega|p2b: Staraptor|Staraptor|Staraptite\n|move|p2a: Whimsicott|Charm|p2b: Staraptor\n|-boost|p2b: Staraptor|atk|2\n|move|p1b: Grimmsnarl|Light Screen|p1b: Grimmsnarl\n|-sidestart|p1: gorizq|move: Light Screen\n|move|p2b: Staraptor|Close Combat|p1b: Grimmsnarl\n|-damage|p1b: Grimmsnarl|0 fnt\n|-boost|p2b: Staraptor|def|1\n|-boost|p2b: Staraptor|spd|1\n|faint|p1b: Grimmsnarl\n|move|p1a: Charizard|Heat Wave|p2b: Staraptor|[spread] p2a,p2b\n|-supereffective|p2a: Whimsicott|1\n|-enditem|p2a: Whimsicott|Focus Sash\n|-damage|p2a: Whimsicott|1/100\n|-damage|p2b: Staraptor|77/100\n|\n|upkeep\n|\n|t:|1788268598\n|switch|p1b: Venusaur|Venusaur, L50, M|100/100\n|turn|2\n|\n|t:|1788268611\n|detailschange|p1a: Charizard|Charizard-Mega-Y, L50, F\n|-mega|p1a: Charizard|Charizard|Charizardite Y\n|-weather|SunnyDay|[from] ability: Drought|[of] p1a: Charizard\n|move|p2b: Staraptor|Protect|p2b: Staraptor\n|-singleturn|p2b: Staraptor|Protect\n|move|p2a: Whimsicott|Tailwind|p2a: Whimsicott\n|-sidestart|p2: IronSerpentFan|move: Tailwind\n|move|p1b: Venusaur|Sleep Powder|p2b: Staraptor\n|-activate|p2b: Staraptor|move: Protect\n|move|p1a: Charizard|Heat Wave|p2a: Whimsicott|[spread] p2a\n|-activate|p2b: Staraptor|move: Protect\n|-supereffective|p2a: Whimsicott|1\n|-damage|p2a: Whimsicott|0 fnt\n|faint|p2a: Whimsicott\n|\n|-weather|SunnyDay|[upkeep]\n|upkeep\n|\n|t:|1788268616\n|switch|p2a: Politoed|Politoed, L50, F|100/100\n|-weather|RainDance|[from] ability: Drizzle|[of] p2a: Politoed\n|turn|3\n|inactive|gorizq has 30 seconds left.\n|\n|t:|1788268646\n|move|p1a: Charizard|Protect|p1a: Charizard\n|-singleturn|p1a: Charizard|Protect\n|move|p2b: Staraptor|Brave Bird|p1b: Venusaur\n|-supereffective|p1b: Venusaur|1\n|-damage|p1b: Venusaur|0 fnt\n|faint|p1b: Venusaur\n|-damage|p2b: Staraptor|49/100|[from] Recoil\n|move|p2a: Politoed|Weather Ball|p1a: Charizard\n|-activate|p1a: Charizard|move: Protect\n|\n|-weather|RainDance|[upkeep]\n|upkeep\n|c|☆IronSerpentFan|ggwp\n|\n|t:|1788268657\n|switch|p1b: Basculegion|Basculegion, L50, M|100/100\n|turn|4\n|\n|t:|1788268672\n|move|p1a: Charizard|Protect||[still]\n|-fail|p1a: Charizard\n|move|p1b: Basculegion|Aqua Jet|p2b: Staraptor\n|-damage|p2b: Staraptor|16/100\n|-damage|p1b: Basculegion|90/100|[from] item: Life Orb\n|move|p2b: Staraptor|Brave Bird|p1b: Basculegion\n|-damage|p1b: Basculegion|0 fnt\n|faint|p1b: Basculegion\n|-damage|p2b: Staraptor|0 fnt|[from] Recoil\n|faint|p2b: Staraptor\n|move|p2a: Politoed|Encore|p1a: Charizard\n|-start|p1a: Charizard|Encore\n|\n|-weather|RainDance|[upkeep]\n|upkeep\n|\n|t:|1788268680\n|switch|p2b: Sinistcha|Sinistcha, L50|100/100\n|turn|5\n|\n|t:|1788268695\n|move|p1a: Charizard|Protect|p1a: Charizard\n|-singleturn|p1a: Charizard|Protect\n|move|p2a: Politoed|Perish Song|p2a: Politoed\n|-start|p1a: Charizard|perish3|[silent]\n|-start|p2a: Politoed|perish3|[silent]\n|-start|p2b: Sinistcha|perish3|[silent]\n|-fieldactivate|move: Perish Song\n|move|p2b: Sinistcha|Trick Room|p2b: Sinistcha\n|-fieldstart|move: Trick Room|[of] p2b: Sinistcha\n|\n|-weather|RainDance|[upkeep]\n|-start|p2b: Sinistcha|perish3\n|-start|p1a: Charizard|perish3\n|-start|p2a: Politoed|perish3\n|-sideend|p2: IronSerpentFan|move: Tailwind\n|upkeep\n|turn|6\n|\n|t:|1788268706\n|move|p1a: Charizard|Protect|p1a: Charizard\n|-singleturn|p1a: Charizard|Protect\n|move|p2b: Sinistcha|Matcha Gotcha|p1a: Charizard\n|-activate|p1a: Charizard|move: Protect\n|move|p2a: Politoed|Weather Ball|p1a: Charizard\n|-activate|p1a: Charizard|move: Protect\n|\n|-weather|RainDance|[upkeep]\n|-start|p2b: Sinistcha|perish2\n|-start|p2a: Politoed|perish2\n|-start|p1a: Charizard|perish2\n|upkeep\n|turn|7\n|\n|t:|1788268715\n|move|p1a: Charizard|Protect||[still]\n|-fail|p1a: Charizard\n|move|p2b: Sinistcha|Matcha Gotcha|p1a: Charizard\n|-resisted|p1a: Charizard|2\n|-damage|p1a: Charizard|94/100\n|move|p2a: Politoed|Weather Ball|p1a: Charizard\n|-supereffective|p1a: Charizard|1\n|-damage|p1a: Charizard|18/100\n|\n|-weather|none\n|-end|p1a: Charizard|Encore\n|-start|p2b: Sinistcha|perish1\n|-start|p2a: Politoed|perish1\n|-start|p1a: Charizard|perish1\n|upkeep\n|turn|8\n|\n|t:|1788268728\n|move|p2a: Politoed|Encore|p1a: Charizard\n|-start|p1a: Charizard|Encore\n|move|p1a: Charizard|Protect|p1a: Charizard\n|-singleturn|p1a: Charizard|Protect\n|move|p2b: Sinistcha|Trick Room|p2b: Sinistcha\n|-fieldend|move: Trick Room\n|\n|-start|p1a: Charizard|perish0\n|-start|p2a: Politoed|perish0\n|-start|p2b: Sinistcha|perish0\n|-sideend|p1: gorizq|move: Light Screen\n|faint|p1a: Charizard\n|faint|p2a: Politoed\n|faint|p2b: Sinistcha\n|\n|win|IronSerpentFan\n|inactive|gorizq has 30 seconds to confirm battle start!\n|inactive|IronSerpentFan has 30 seconds to confirm battle start!\n||gorizq is ready for game 2.\n","uploadtime":1788268737,"views":"1","formatid":"gen9championsvgc2026regmbbo3","rating":null,"private":0,"password":null}