{"id":"gen9championsvgc2026regmb-2674883146","format":"[Gen 9 Champions] VGC 2026 Reg M-B","players":["looger02","itsvoltage"],"log":"|j|☆looger02\n|j|☆itsvoltage\n|t:|1788428539\n|gametype|doubles\n|player|p1|looger02|gardenia|1234\n|player|p2|itsvoltage|266|1158\n|gen|9\n|tier|[Gen 9 Champions] VGC 2026 Reg M-B\n|rated|\n|rule|Species Clause: Limit one of each Pokémon\n|rule|Item Clause: Limit 1 of each item\n|clearpoke\n|poke|p1|Gyarados, L50, F, shiny|\n|poke|p1|Sinistcha, L50|\n|poke|p1|Weavile, L50, M|\n|poke|p1|Toxapex, L50, F, shiny|\n|poke|p1|Metagross, L50, shiny|\n|poke|p1|Kommo-o, L50, F, shiny|\n|poke|p2|Jolteon, L50, M|\n|poke|p2|Dragonite, L50, F|\n|poke|p2|Basculegion, L50, M|\n|poke|p2|Sylveon, L50, F|\n|poke|p2|Farigiraf, L50, M|\n|poke|p2|Kingambit, L50, F|\n|teampreview|4\n|inactive|Battle timer is ON: inactive players will automatically lose when time's up. (requested by looger02)\n|inactive|itsvoltage also wants the timer to be on.\n|inactive|looger02 has 60 seconds left.\n|inactive|itsvoltage has 60 seconds left.\n|inactive|looger02 has 30 seconds left.\n|\n|t:|1788428606\n|teamsize|p1|4\n|teamsize|p2|4\n|start\n|switch|p1a: Toxapex|Toxapex, L50, F, shiny|100/100\n|switch|p1b: Weavile|Weavile, L50, M|100/100\n|switch|p2a: Jolteon|Jolteon, L50, M|100/100\n|switch|p2b: Dragonite|Dragonite, L50, F|100/100\n|turn|1\n|inactive|looger02 has 30 seconds left.\n|inactive|itsvoltage has 30 seconds left.\n|inactive|looger02 has 20 seconds left.\n|\n|t:|1788428644\n|detailschange|p2b: Dragonite|Dragonite-Mega, L50, F\n|-mega|p2b: Dragonite|Dragonite|Dragoninite\n|move|p1b: Weavile|Protect|p1b: Weavile\n|-singleturn|p1b: Weavile|Protect\n|move|p2a: Jolteon|Yawn|p1a: Toxapex\n|-start|p1a: Toxapex|move: Yawn|[of] p2a: Jolteon\n|move|p2b: Dragonite|Tailwind|p2b: Dragonite\n|-sidestart|p2: itsvoltage|move: Tailwind\n|move|p1a: Toxapex|Infestation|p2b: Dragonite\n|-resisted|p2b: Dragonite|1\n|-damage|p2b: Dragonite|99/100\n|-activate|p2b: Dragonite|move: Infestation|[of] p1a: Toxapex\n|\n|-damage|p2b: Dragonite|86/100|[from] move: Infestation|[partiallytrapped]\n|upkeep\n|turn|2\n|inactive|looger02 has 30 seconds left.\n|inactive|looger02 has 20 seconds left.\n|\n|t:|1788428679\n|move|p2a: Jolteon|Volt Switch|p1b: Weavile\n|-damage|p1b: Weavile|51/100\n|\n|t:|1788428692\n|switch|p2a: Basculegion|Basculegion, L50, M|100/100|[from] Volt Switch\n|move|p2b: Dragonite|Dragon Pulse|p1b: Weavile\n|-damage|p1b: Weavile|0 fnt\n|faint|p1b: Weavile\n|move|p1a: Toxapex|Toxic|p2a: Basculegion\n|-status|p2a: Basculegion|tox\n|\n|-damage|p2a: Basculegion|93/100 tox|[from] psn\n|-damage|p2b: Dragonite|74/100|[from] move: Infestation|[partiallytrapped]\n|-end|p1a: Toxapex|move: Yawn|[silent]\n|-status|p1a: Toxapex|slp\n|upkeep\n|\n|t:|1788428703\n|switch|p1b: Gyarados|Gyarados, L50, F, shiny|100/100\n|-ability|p1b: Gyarados|Intimidate|boost\n|-unboost|p2a: Basculegion|atk|1\n|-unboost|p2b: Dragonite|atk|1\n|turn|3\n|inactive|itsvoltage has 30 seconds left.\n|\n|t:|1788428732\n|switch|p2a: Kingambit|Kingambit, L50, F|100/100\n|detailschange|p1b: Gyarados|Gyarados-Mega, L50, F, shiny\n|-mega|p1b: Gyarados|Gyarados|Gyaradosite\n|-ability|p1b: Gyarados|Mold Breaker\n|move|p2b: Dragonite|Dragon Pulse|p1b: Gyarados\n|-damage|p1b: Gyarados|65/100\n|move|p1b: Gyarados|Dragon Dance|p1b: Gyarados\n|-boost|p1b: Gyarados|atk|1\n|-boost|p1b: Gyarados|spe|1\n|cant|p1a: Toxapex|slp\n|\n|-damage|p2b: Dragonite|61/100|[from] move: Infestation|[partiallytrapped]\n|upkeep\n|turn|4\n|\n|t:|1788428751\n|move|p1b: Gyarados|Protect|p1b: Gyarados\n|-singleturn|p1b: Gyarados|Protect\n|cant|p1a: Toxapex|slp\n|move|p2b: Dragonite|Dragon Pulse|p1b: Gyarados\n|-activate|p1b: Gyarados|move: Protect\n|move|p2a: Kingambit|Low Kick|p1b: Gyarados\n|-activate|p1b: Gyarados|move: Protect\n|\n|-damage|p2b: Dragonite|49/100|[from] move: Infestation|[partiallytrapped]\n|-sideend|p2: itsvoltage|move: Tailwind\n|upkeep\n|turn|5\n|inactive|looger02 has 30 seconds left.\n|inactive|looger02 has 20 seconds left.\n|\n|t:|1788428789\n|move|p1b: Gyarados|Waterfall|p2b: Dragonite\n|-resisted|p2b: Dragonite|1\n|-damage|p2b: Dragonite|13/100\n|cant|p2b: Dragonite|flinch\n|move|p2a: Kingambit|Low Kick|p1b: Gyarados\n|-supereffective|p1b: Gyarados|1\n|-damage|p1b: Gyarados|0 fnt\n|faint|p1b: Gyarados\n|-curestatus|p1a: Toxapex|slp|[msg]\n|move|p1a: Toxapex|Infestation|p2a: Kingambit\n|-damage|p2a: Kingambit|96/100\n|-activate|p2a: Kingambit|move: Infestation|[of] p1a: Toxapex\n|\n|-end|p2b: Dragonite|Infestation|[partiallytrapped]\n|-damage|p2a: Kingambit|84/100|[from] move: Infestation|[partiallytrapped]\n|upkeep\n|\n|t:|1788428801\n|switch|p1b: Kommo-o|Kommo-o, L50, F, shiny|100/100\n|turn|6\n|inactive|looger02 has 30 seconds left.\n|\n|t:|1788428831\n|move|p1b: Kommo-o|Protect|p1b: Kommo-o\n|-singleturn|p1b: Kommo-o|Protect\n|move|p2b: Dragonite|Dragon Pulse|p1b: Kommo-o\n|-activate|p1b: Kommo-o|move: Protect\n|move|p2a: Kingambit|Kowtow Cleave|p1b: Kommo-o\n|-activate|p1b: Kommo-o|move: Protect\n|move|p1a: Toxapex|Toxic|p2b: Dragonite\n|-status|p2b: Dragonite|tox\n|\n|-damage|p2b: Dragonite|7/100 tox|[from] psn\n|-damage|p2a: Kingambit|72/100|[from] move: Infestation|[partiallytrapped]\n|upkeep\n|turn|7\n|inactive|looger02 has 30 seconds left.\n|inactive|looger02 has 20 seconds left.\n|inactive|looger02 has 15 seconds left.\n|inactive|looger02 has 10 seconds left.\n|inactive|looger02 has 5 seconds left.\n|\n|t:|1788428881\n|move|p1b: Kommo-o|Vacuum Wave|p2b: Dragonite\n|-resisted|p2b: Dragonite|1\n|-damage|p2b: Dragonite|0 fnt\n|faint|p2b: Dragonite\n|move|p2a: Kingambit|Kowtow Cleave|p1b: Kommo-o\n|-resisted|p1b: Kommo-o|1\n|-damage|p1b: Kommo-o|80/100\n|move|p1a: Toxapex|Toxic|p2a: Kingambit\n|-immune|p2a: Kingambit\n|\n|-damage|p2a: Kingambit|60/100|[from] move: Infestation|[partiallytrapped]\n|upkeep\n|\n|t:|1788428894\n|switch|p2b: Jolteon|Jolteon, L50, M|100/100\n|turn|8\n|\n|t:|1788428916\n|move|p2b: Jolteon|Electroweb|p1b: Kommo-o|[spread] p1a,p1b\n|-supereffective|p1a: Toxapex|1\n|-resisted|p1b: Kommo-o|1\n|-damage|p1a: Toxapex|69/100\n|-damage|p1b: Kommo-o|71/100\n|-unboost|p1a: Toxapex|spe|1\n|-unboost|p1b: Kommo-o|spe|1\n|move|p2a: Kingambit|Kowtow Cleave|p1b: Kommo-o\n|-resisted|p1b: Kommo-o|1\n|-damage|p1b: Kommo-o|51/100\n|move|p1b: Kommo-o|Clanging Scales|p2a: Kingambit|[spread] p2a,p2b\n|-resisted|p2a: Kingambit|1\n|-damage|p2a: Kingambit|42/100\n|-damage|p2b: Jolteon|50/100g\n|-unboost|p1b: Kommo-o|def|1\n|move|p1a: Toxapex|Toxic|p2b: Jolteon\n|-status|p2b: Jolteon|tox\n|\n|-heal|p1a: Toxapex|75/100|[from] item: Leftovers\n|-damage|p2b: Jolteon|45/100 tox|[from] psn\n|-damage|p2a: Kingambit|30/100|[from] move: Infestation|[partiallytrapped]\n|upkeep\n|turn|9\n|inactive|looger02 has 30 seconds left.\n|inactive|itsvoltage has 30 seconds left.\n|\n|t:|1788428950\n|move|p1b: Kommo-o|Vacuum Wave|p2a: Kingambit\n|-supereffective|p2a: Kingambit|2\n|-enditem|p2a: Kingambit|Chople Berry|[eat]\n|-enditem|p2a: Kingambit|Chople Berry|[weaken]\n|-damage|p2a: Kingambit|0 fnt\n|faint|p2a: Kingambit\n|move|p2b: Jolteon|Electroweb|p1b: Kommo-o|[spread] p1b\n|-miss|p2b: Jolteon|p1a: Toxapex\n|-resisted|p1b: Kommo-o|1\n|-damage|p1b: Kommo-o|42/100\n|-unboost|p1b: Kommo-o|spe|1\n|move|p1a: Toxapex|Infestation|p2b: Jolteon\n|-damage|p2b: Jolteon|40/100 tox\n|-activate|p2b: Jolteon|move: Infestation|[of] p1a: Toxapex\n|\n|-heal|p1a: Toxapex|80/100|[from] item: Leftovers\n|-damage|p2b: Jolteon|28/100 tox|[from] psn\n|-damage|p2b: Jolteon|16/100 tox|[from] move: Infestation|[partiallytrapped]\n|upkeep\n|\n|t:|1788428958\n|switch|p2a: Basculegion|Basculegion, L50, M|93/100 tox\n|turn|10\n|\n|t:|1788428974\n|move|p1b: Kommo-o|Protect|p1b: Kommo-o\n|-singleturn|p1b: Kommo-o|Protect\n|move|p1a: Toxapex|Baneful Bunker|p1a: Toxapex\n|-singleturn|p1a: Toxapex|move: Protect\n|move|p2b: Jolteon|Yawn|p1a: Toxapex\n|-activate|p1a: Toxapex|move: Protect\n|move|p2a: Basculegion|Last Respects|p1b: Kommo-o\n|-activate|p1b: Kommo-o|move: Protect\n|\n|-heal|p1a: Toxapex|86/100|[from] item: Leftovers\n|-damage|p2b: Jolteon|0 fnt|[from] psn\n|faint|p2b: Jolteon\n|-damage|p2a: Basculegion|87/100 tox|[from] psn\n|upkeep\n|turn|11\n|\n|t:|1788428992\n|move|p2a: Basculegion|Last Respects|p1b: Kommo-o\n|-damage|p1b: Kommo-o|0 fnt\n|faint|p1b: Kommo-o\n|move|p1a: Toxapex|Infestation|p2a: Basculegion\n|-resisted|p2a: Basculegion|1\n|-damage|p2a: Basculegion|86/100 tox\n|-activate|p2a: Basculegion|move: Infestation|[of] p1a: Toxapex\n|\n|-heal|p1a: Toxapex|92/100|[from] item: Leftovers\n|-damage|p2a: Basculegion|74/100 tox|[from] psn\n|-damage|p2a: Basculegion|61/100 tox|[from] move: Infestation|[partiallytrapped]\n|upkeep\n|turn|12\n|\n|t:|1788429004\n|move|p1a: Toxapex|Baneful Bunker|p1a: Toxapex\n|-singleturn|p1a: Toxapex|move: Protect\n|move|p2a: Basculegion|Last Respects|p1a: Toxapex\n|-activate|p1a: Toxapex|move: Protect\n|\n|-heal|p1a: Toxapex|98/100|[from] item: Leftovers\n|-damage|p2a: Basculegion|43/100 tox|[from] psn\n|-damage|p2a: Basculegion|31/100 tox|[from] move: Infestation|[partiallytrapped]\n|upkeep\n|turn|13\n|\n|t:|1788429009\n|move|p1a: Toxapex|Baneful Bunker||[still]\n|-fail|p1a: Toxapex\n|move|p2a: Basculegion|Last Respects|p1a: Toxapex\n|-damage|p1a: Toxapex|12/100\n|\n|-heal|p1a: Toxapex|18/100|[from] item: Leftovers\n|-damage|p2a: Basculegion|7/100 tox|[from] psn\n|-damage|p2a: Basculegion|0 fnt|[from] move: Infestation|[partiallytrapped]\n|faint|p2a: Basculegion\n|\n|win|looger02\n|raw|looger02's rating: 1234 &rarr; <strong>1254</strong><br />(+20 for winning)\n|raw|itsvoltage's rating: 1158 &rarr; <strong>1138</strong><br />(-20 for losing)\n","uploadtime":1788429015,"views":"0","formatid":"gen9championsvgc2026regmb","rating":1138,"private":0,"password":null}