{"id":"gen9championsvgc2026regmb-2674423993","format":"[Gen 9 Champions] VGC 2026 Reg M-B","players":["gepecavaiii","Laser52"],"log":"|j|☆gepecavaiii\n|j|☆Laser52\n|t:|1788358106\n|gametype|doubles\n|player|p1|gepecavaiii|lance|1122\n|player|p2|Laser52|2|1145\n|gen|9\n|tier|[Gen 9 Champions] VGC 2026 Reg M-B\n|rated|\n|rule|Species Clause: Limit one of each Pokémon\n|rule|Item Clause: Limit 1 of each item\n|clearpoke\n|poke|p1|Dragonite, L50, F|\n|poke|p1|Farigiraf, L50, M|\n|poke|p1|Vileplume, L50, F|\n|poke|p1|Mawile, L50, F|\n|poke|p1|Milotic, L50, M|\n|poke|p1|Rhyperior, L50, M|\n|poke|p2|Scovillain, L50, M|\n|poke|p2|Lycanroc-Dusk, L50, F|\n|poke|p2|Froslass, L50, F|\n|poke|p2|Sneasler, L50, M|\n|poke|p2|Basculegion, L50, M|\n|poke|p2|Kingambit, L50, M|\n|teampreview|4\n|\n|t:|1788358150\n|teamsize|p1|4\n|teamsize|p2|4\n|start\n|switch|p1a: Farigiraf|Farigiraf, L50, M|100/100\n|switch|p1b: Vileplume|Vileplume, L50, F|100/100\n|switch|p2a: Scovillain|Scovillain, L50, M|100/100\n|switch|p2b: Kingambit|Kingambit, L50, M|100/100\n|turn|1\n|\n|t:|1788358166\n|move|p2a: Scovillain|Flamethrower|p1b: Vileplume\n|-supereffective|p1b: Vileplume|1\n|-damage|p1b: Vileplume|40/100\n|move|p2b: Kingambit|Kowtow Cleave|p1a: Farigiraf\n|-supereffective|p1a: Farigiraf|1\n|-damage|p1a: Farigiraf|25/100\n|-enditem|p1a: Farigiraf|Sitrus Berry|[eat]\n|-heal|p1a: Farigiraf|49/100|[from] item: Sitrus Berry\n|move|p1b: Vileplume|Sleep Powder|p2b: Kingambit\n|-status|p2b: Kingambit|slp|[from] move: Sleep Powder\n|move|p1a: Farigiraf|Trick Room|p1a: Farigiraf\n|-fieldstart|move: Trick Room|[of] p1a: Farigiraf\n|\n|-ability|p2a: Scovillain|Moody|boost\n|-boost|p2a: Scovillain|spe|2\n|-unboost|p2a: Scovillain|spa|1\n|upkeep\n|turn|2\n|\n|t:|1788358184\n|move|p1a: Farigiraf|Helping Hand|p1b: Vileplume\n|-singleturn|p1b: Vileplume|Helping Hand|[of] p1a: Farigiraf\n|move|p1b: Vileplume|Sludge Bomb|p2a: Scovillain\n|-supereffective|p2a: Scovillain|1\n|-damage|p2a: Scovillain|1/100\n|-status|p2a: Scovillain|psn\n|cant|p2b: Kingambit|slp\n|move|p2a: Scovillain|Flamethrower|p1b: Vileplume\n|-supereffective|p1b: Vileplume|1\n|-damage|p1b: Vileplume|0 fnt\n|faint|p1b: Vileplume\n|\n|-damage|p2a: Scovillain|0 fnt|[from] psn\n|faint|p2a: Scovillain\n|upkeep\n|\n|t:|1788358202\n|switch|p1b: Mawile|Mawile, L50, F|100/100\n|switch|p2a: Froslass|Froslass, L50, F|100/100\n|turn|3\n|\n|t:|1788358215\n|switch|p2a: Basculegion|Basculegion, L50, M|100/100\n|detailschange|p1b: Mawile|Mawile-Mega, L50, F\n|-mega|p1b: Mawile|Mawile|Mawilite\n|move|p1a: Farigiraf|Helping Hand|p1b: Mawile\n|-singleturn|p1b: Mawile|Helping Hand|[of] p1a: Farigiraf\n|cant|p2b: Kingambit|slp\n|move|p1b: Mawile|Play Rough|p2b: Kingambit\n|-damage|p2b: Kingambit|5/100 slp\n|\n|upkeep\n|turn|4\n|\n|t:|1788358242\n|move|p1b: Mawile|Sucker Punch|p2a: Basculegion\n|-supereffective|p2a: Basculegion|1\n|-damage|p2a: Basculegion|0 fnt\n|faint|p2a: Basculegion\n|-curestatus|p2b: Kingambit|slp|[msg]\n|move|p2b: Kingambit|Kowtow Cleave|p1a: Farigiraf\n|-supereffective|p1a: Farigiraf|1\n|-damage|p1a: Farigiraf|0 fnt\n|faint|p1a: Farigiraf\n|\n|upkeep\n|\n|t:|1788358251\n|switch|p1a: Milotic|Milotic, L50, M|100/100\n|switch|p2a: Froslass|Froslass, L50, F|100/100\n|turn|5\n|\n|t:|1788358275\n|detailschange|p2a: Froslass|Froslass-Mega, L50, F\n|-mega|p2a: Froslass|Froslass|Froslassite\n|-weather|Snowscape|[from] ability: Snow Warning|[of] p2a: Froslass\n|move|p2b: Kingambit|Sucker Punch|p1b: Mawile\n|-resisted|p1b: Mawile|1\n|-damage|p1b: Mawile|80/100\n|move|p1b: Mawile|Iron Head|p2a: Froslass\n|-supereffective|p2a: Froslass|1\n|-damage|p2a: Froslass|0 fnt\n|faint|p2a: Froslass\n|move|p1a: Milotic|Scald|p2b: Kingambit\n|-damage|p2b: Kingambit|0 fnt\n|faint|p2b: Kingambit\n|\n|win|gepecavaiii\n|raw|gepecavaiii's rating: 1122 &rarr; <strong>1149</strong><br />(+27 for winning)\n|raw|Laser52's rating: 1145 &rarr; <strong>1118</strong><br />(-27 for losing)\n|l|☆Laser52\n|player|p2|\n","uploadtime":1788358361,"views":"4","formatid":"gen9championsvgc2026regmb","rating":1118,"private":0,"password":null}