{"id":"gen9championsvgc2026regmb-2674968319","format":"[Gen 9 Champions] VGC 2026 Reg M-B","players":["lecher0","fzntmk"],"log":"|j|☆lecher0\n|j|☆fzntmk\n|t:|1788443280\n|gametype|doubles\n|player|p1|lecher0|interviewers|1313\n|player|p2|fzntmk|drayden|1334\n|gen|9\n|tier|[Gen 9 Champions] VGC 2026 Reg M-B\n|rated|\n|rule|Species Clause: Limit one of each Pokémon\n|rule|Item Clause: Limit 1 of each item\n|clearpoke\n|poke|p1|Charizard, L50, M, shiny|\n|poke|p1|Incineroar, L50, M, shiny|\n|poke|p1|Sylveon, L50, M, shiny|\n|poke|p1|Toxapex, L50, M, shiny|\n|poke|p1|Garchomp, L50, F, shiny|\n|poke|p1|Venusaur, L50, M, shiny|\n|poke|p2|Dragonite, L50, F|\n|poke|p2|Sneasler, L50, M|\n|poke|p2|Basculegion, L50, M|\n|poke|p2|Kingambit, L50, M|\n|poke|p2|Garchomp, L50, F|\n|poke|p2|Floette-Eternal, L50, F|\n|teampreview|4\n|inactive|Battle timer is ON: inactive players will automatically lose when time's up. (requested by lecher0)\n|inactive|lecher0 has 60 seconds left.\n|inactive|fzntmk has 60 seconds left.\n|inactive|fzntmk has 30 seconds left.\n|inactive|fzntmk has 20 seconds left.\n|inactive|fzntmk has 15 seconds left.\n|inactive|fzntmk has 10 seconds left.\n|inactive|fzntmk has 5 seconds left.\n|\n|t:|1788443368\n|teamsize|p1|4\n|teamsize|p2|4\n|start\n|switch|p1a: Charizard|Charizard, L50, M, shiny|100/100\n|switch|p1b: Incineroar|Incineroar, L50, M, shiny|100/100\n|switch|p2a: Garchomp|Garchomp, L50, F|100/100\n|switch|p2b: Basculegion|Basculegion, L50, M|100/100\n|-ability|p1b: Incineroar|Intimidate|boost\n|-unboost|p2a: Garchomp|atk|1\n|-unboost|p2b: Basculegion|atk|1\n|turn|1\n|inactive|lecher0 has 30 seconds left.\n|inactive|fzntmk has 30 seconds left.\n|inactive|lecher0 has 20 seconds left.\n|\n|t:|1788443404\n|detailschange|p1a: Charizard|Charizard-Mega-Y, L50, M, shiny\n|-mega|p1a: Charizard|Charizard|Charizardite Y\n|-weather|SunnyDay|[from] ability: Drought|[of] p1a: Charizard\n|move|p1a: Charizard|Protect|p1a: Charizard\n|-singleturn|p1a: Charizard|Protect\n|move|p2a: Garchomp|Rock Slide|p1a: Charizard|[spread] p1b\n|-activate|p1a: Charizard|move: Protect\n|-supereffective|p1b: Incineroar|1\n|-damage|p1b: Incineroar|78/100\n|move|p2b: Basculegion|Wave Crash|p1b: Incineroar\n|-supereffective|p1b: Incineroar|1\n|-damage|p1b: Incineroar|21/100\n|-enditem|p1b: Incineroar|Sitrus Berry|[eat]\n|-heal|p1b: Incineroar|46/100|[from] item: Sitrus Berry\n|-damage|p2b: Basculegion|80/100|[from] Recoil\n|-damage|p2b: Basculegion|71/100|[from] item: Life Orb\n|move|p1b: Incineroar|Flare Blitz|p2b: Basculegion\n|-resisted|p2b: Basculegion|1\n|-damage|p2b: Basculegion|26/100\n|-status|p2b: Basculegion|brn\n|-damage|p1b: Incineroar|31/100|[from] Recoil\n|\n|-weather|SunnyDay|[upkeep]\n|-damage|p2b: Basculegion|20/100y brn|[from] brn\n|upkeep\n|turn|2\n|inactive|lecher0 has 30 seconds left.\n|inactive|fzntmk has 30 seconds left.\n|inactive|fzntmk has 20 seconds left.\n|inactive|fzntmk has 15 seconds left.\n|\n|t:|1788443448\n|switch|p1a: Garchomp|Garchomp, L50, F, shiny|100/100\n|switch|p1b: Sylveon|Sylveon, L50, M, shiny|100/100\n|move|p2a: Garchomp|Rock Slide|p1a: Garchomp|[spread] p1b\n|-miss|p2a: Garchomp|p1a: Garchomp\n|-damage|p1b: Sylveon|87/100\n|move|p2b: Basculegion|Wave Crash|p1b: Sylveon\n|-damage|p1b: Sylveon|71/100\n|-damage|p2b: Basculegion|14/100 brn|[from] Recoil\n|-damage|p2b: Basculegion|5/100 brn|[from] item: Life Orb\n|\n|-weather|SunnyDay|[upkeep]\n|-damage|p2b: Basculegion|0 fnt|[from] brn\n|faint|p2b: Basculegion\n|upkeep\n|\n|t:|1788443463\n|switch|p2b: Sneasler|Sneasler, L50, M|100/100\n|turn|3\n|inactive|lecher0 has 30 seconds left.\n|inactive|fzntmk has 30 seconds left.\n|inactive|lecher0 has 20 seconds left.\n|inactive|fzntmk has 20 seconds left.\n|inactive|lecher0 has 15 seconds left.\n|inactive|fzntmk has 15 seconds left.\n|inactive|fzntmk has 10 seconds left.\n|inactive|lecher0 has 10 seconds left.\n|\n|t:|1788443516\n|switch|p1b: Incineroar|Incineroar, L50, M, shiny|31/100\n|-ability|p1b: Incineroar|Intimidate|boost\n|-unboost|p2a: Garchomp|atk|1\n|-unboost|p2b: Sneasler|atk|1\n|move|p2b: Sneasler|Feint|p1b: Incineroar\n|-damage|p1b: Incineroar|25/100\n|move|p1a: Garchomp|Stomping Tantrum|p2a: Garchomp\n|-damage|p2a: Garchomp|63/100\n|-damage|p1a: Garchomp|87/100|[from] ability: Rough Skin|[of] p2a: Garchomp\n|move|p2a: Garchomp|Rock Slide|p1a: Garchomp|[spread] p1a,p1b\n|-resisted|p1a: Garchomp|1\n|-supereffective|p1b: Incineroar|1\n|-damage|p1a: Garchomp|82/100\n|-damage|p1b: Incineroar|7/100\n|\n|-weather|SunnyDay|[upkeep]\n|upkeep\n|turn|4\n|inactive|fzntmk has 30 seconds left.\n|inactive|fzntmk has 20 seconds left.\n|inactive|fzntmk has 15 seconds left.\n|inactive|lecher0 has 30 seconds left.\n|\n|t:|1788443561\n|switch|p2a: Dragonite|Dragonite, L50, F|100/100\n|move|p1b: Incineroar|Fake Out|p2b: Sneasler\n|-damage|p2b: Sneasler|82/100\n|move|p1a: Garchomp|Stomping Tantrum|p2b: Sneasler\n|-supereffective|p2b: Sneasler|1\n|-damage|p2b: Sneasler|0 fnt\n|faint|p2b: Sneasler\n|\n|-weather|SunnyDay|[upkeep]\n|upkeep\n|\n|t:|1788443569\n|switch|p2b: Garchomp|Garchomp, L50, F|63/100\n|turn|5\n|inactive|fzntmk has 30 seconds left.\n|inactive|fzntmk has 20 seconds left.\n|inactive|fzntmk has 15 seconds left.\n|inactive|fzntmk has 10 seconds left.\n|\n|t:|1788443616\n|switch|p1a: Sylveon|Sylveon, L50, M, shiny|71/100\n|detailschange|p2a: Dragonite|Dragonite-Mega, L50, F\n|-mega|p2a: Dragonite|Dragonite|Dragoninite\n|move|p2b: Garchomp|Dragon Claw|p1a: Sylveon\n|-immune|p1a: Sylveon\n|move|p2a: Dragonite|Heat Wave|p1b: Incineroar|[spread] p1a,p1b\n|-resisted|p1b: Incineroar|1\n|-damage|p1a: Sylveon|40/100\n|-damage|p1b: Incineroar|0 fnt\n|faint|p1b: Incineroar\n|\n|-weather|none\n|upkeep\n|\n|t:|1788443630\n|switch|p1b: Garchomp|Garchomp, L50, F, shiny|82/100\n|turn|6\n|\n|t:|1788443643\n|move|p2a: Dragonite|Protect|p2a: Dragonite\n|-singleturn|p2a: Dragonite|Protect\n|move|p1b: Garchomp|Dragon Claw|p2a: Dragonite\n|-activate|p2a: Dragonite|move: Protect\n|move|p2b: Garchomp|Dragon Claw|p1b: Garchomp\n|-supereffective|p1b: Garchomp|1\n|-damage|p1b: Garchomp|2/100\n|-damage|p2b: Garchomp|51/100|[from] ability: Rough Skin|[of] p1b: Garchomp\n|move|p1a: Sylveon|Hyper Voice|p2b: Garchomp|[spread] p2b\n|-activate|p2a: Dragonite|move: Protect\n|-supereffective|p2b: Garchomp|1\n|-damage|p2b: Garchomp|0 fnt\n|faint|p2b: Garchomp\n|\n|upkeep\n|turn|7\n|inactive|lecher0 has 30 seconds left.\n|inactive|fzntmk has 30 seconds left.\n|inactive|fzntmk has 20 seconds left.\n|\n|t:|1788443681\n|move|p2a: Dragonite|Extreme Speed|p1b: Garchomp\n|-damage|p1b: Garchomp|0 fnt\n|-damage|p2a: Dragonite|87/100|[from] ability: Rough Skin|[of] p1b: Garchomp\n|faint|p1b: Garchomp\n|move|p1a: Sylveon|Quick Attack|p2a: Dragonite\n|-supereffective|p2a: Dragonite|1\n|-damage|p2a: Dragonite|62/100\n|\n|upkeep\n|\n|t:|1788443690\n|switch|p1b: Charizard|Charizard-Mega-Y, L50, M, shiny|100/100\n|-weather|SunnyDay|[from] ability: Drought|[of] p1b: Charizard\n|turn|8\n|\n|t:|1788443703\n|move|p2a: Dragonite|Heat Wave|p1a: Sylveon|[spread] p1a,p1b\n|-resisted|p1b: Charizard|1\n|-damage|p1a: Sylveon|7/100\n|-damage|p1b: Charizard|80/100\n|-status|p1a: Sylveon|brn\n|move|p1b: Charizard|Ancient Power|p2a: Dragonite\n|-supereffective|p2a: Dragonite|1\n|-damage|p2a: Dragonite|22/100\n|move|p1a: Sylveon|Yawn|p2a: Dragonite\n|-start|p2a: Dragonite|move: Yawn|[of] p1a: Sylveon\n|\n|-weather|SunnyDay|[upkeep]\n|-damage|p1a: Sylveon|1/100 brn|[from] brn\n|upkeep\n|turn|9\n|\n|t:|1788443718\n|move|p1b: Charizard|Protect|p1b: Charizard\n|-singleturn|p1b: Charizard|Protect\n|move|p1a: Sylveon|Quick Attack|p2a: Dragonite\n|-supereffective|p2a: Dragonite|1\n|-damage|p2a: Dragonite|9/100\n|move|p2a: Dragonite|Dragon Pulse|p1b: Charizard\n|-activate|p1b: Charizard|move: Protect\n|\n|-weather|SunnyDay|[upkeep]\n|-damage|p1a: Sylveon|0 fnt|[from] brn\n|faint|p1a: Sylveon\n|-end|p2a: Dragonite|move: Yawn|[silent]\n|-status|p2a: Dragonite|slp\n|upkeep\n|turn|10\n|inactive|fzntmk has 30 seconds left.\n|inactive|fzntmk has 20 seconds left.\n|inactive|fzntmk has 15 seconds left.\n|inactive|fzntmk has 10 seconds left.\n|-message|fzntmk forfeited.\n|\n|win|lecher0\n|raw|lecher0's rating: 1313 &rarr; <strong>1334</strong><br />(+21 for winning)\n|raw|fzntmk's rating: 1334 &rarr; <strong>1313</strong><br />(-21 for losing)\n|l|☆fzntmk\n|player|p2|\n","uploadtime":1788443770,"views":"1","formatid":"gen9championsvgc2026regmb","rating":1313,"private":0,"password":null}