{"id":"gen9championsvgc2026regmb-2674769789","format":"[Gen 9 Champions] VGC 2026 Reg M-B","players":["a_0602","Terry Unbound"],"log":"|j|☆a_0602\n|j|☆Terry Unbound\n|html|<table width=\"100%\"><tr><td align=\"left\">a_0602</td><td align=\"right\">Terry Unbound</tr><tr><td align=\"left\"><i class=\"fa fa-circle-o\"></i> <i class=\"fa fa-circle-o\"></i> </td><td align=\"right\"><i class=\"fa fa-circle-o\"></i> <i class=\"fa fa-circle\"></i> </tr></table>\n|uhtml|bestof|<h2><strong>Game 2</strong> of <a href=\"/game-bestof3-gen9championsvgc2026regmb-2674766428\">a best-of-3</a></h2>\n|t:|1788403448\n|gametype|doubles\n|player|p1|a_0602|interviewers|\n|player|p2|Terry Unbound|gambler|\n|gen|9\n|tier|[Gen 9 Champions] VGC 2026 Reg M-B\n|rule|Species Clause: Limit one of each Pokémon\n|rule|Item Clause: Limit 1 of each item\n|raw|<div class=\"infobox\"><details class=\"readmore\" open><summary><strong>1 custom rule:</strong></summary> Best of = 3</details></div>\n|clearpoke\n|poke|p1|Whimsicott, L50, M|\n|poke|p1|Gholdengo, L50|\n|poke|p1|Blastoise, L50, M|\n|poke|p1|Arcanine, L50, F|\n|poke|p1|Conkeldurr, L50, M|\n|poke|p1|Alakazam, L50, F|\n|poke|p2|Froslass, L50, F|\n|poke|p2|Gallade, L50, M|\n|poke|p2|Scovillain, L50, F|\n|poke|p2|Kingambit, L50, F|\n|poke|p2|Audino, L50, M|\n|poke|p2|Vivillon, L50, F|\n|teampreview|4\n|j| yunglegs\na_0602 rejected open team sheets.\n|c|☆a_0602|woof\n|c|☆a_0602|time for the stunning turn around\n|c| yunglegs|Spicy pepper\n|j| five_venoms\n|j| Percivol\n|\n|t:|1788403543\n|teamsize|p1|4\n|teamsize|p2|4\n|start\n|switch|p1a: Transform Sequence|Blastoise, L50, M|100/100\n|switch|p1b: Worf Effect|Conkeldurr, L50, M|100/100\n|switch|p2a: Scovillain|Scovillain, L50, F|100/100\n|switch|p2b: Gallade|Gallade, L50, M|100/100\n|turn|1\n|\n|t:|1788403638\n|detailschange|p1a: Transform Sequence|Blastoise-Mega, L50, M\n|-mega|p1a: Transform Sequence|Blastoise|Blastoisinite\n|detailschange|p2a: Scovillain|Scovillain-Mega, L50, F\n|-mega|p2a: Scovillain|Scovillain|Scovillainite\n|move|p2a: Scovillain|Rage Powder|p2a: Scovillain\n|-singleturn|p2a: Scovillain|move: Rage Powder\n|move|p1a: Transform Sequence|Dark Pulse|p2a: Scovillain\n|-damage|p2a: Scovillain|59/100\n|-status|p1a: Transform Sequence|brn|[from] ability: Spicy Spray|[of] p2a: Scovillain\n|move|p2b: Gallade|Sacred Sword|p1b: Worf Effect\n|-damage|p1b: Worf Effect|32/100\n|-enditem|p1b: Worf Effect|Sitrus Berry|[eat]\n|-heal|p1b: Worf Effect|57/100|[from] item: Sitrus Berry\n|move|p1b: Worf Effect|Knock Off|p2a: Scovillain\n|-damage|p2a: Scovillain|30/100\n|-status|p1b: Worf Effect|brn|[from] ability: Spicy Spray|[of] p2a: Scovillain\n|\n|-damage|p1a: Transform Sequence|93/100 brn|[from] brn\n|-damage|p1b: Worf Effect|51/100 brn|[from] brn\n|upkeep\n|turn|2\n|\n|t:|1788403689\n|switch|p1b: Cold Reading|Alakazam, L50, F|100/100\n|move|p1a: Transform Sequence|Protect|p1a: Transform Sequence\n|-singleturn|p1a: Transform Sequence|Protect\n|move|p2a: Scovillain|Protect|p2a: Scovillain\n|-singleturn|p2a: Scovillain|Protect\n|move|p2b: Gallade|Sacred Sword|p1b: Cold Reading\n|-resisted|p1b: Cold Reading|1\n|-damage|p1b: Cold Reading|11/100\n|\n|-damage|p1a: Transform Sequence|87/100 brn|[from] brn\n|upkeep\n|turn|3\n|\n|t:|1788403726\n|switch|p2a: Froslass|Froslass, L50, F|100/100\n|move|p1b: Cold Reading|Psychic|p2a: Froslass\n|-damage|p2a: Froslass|40/100\n|move|p1a: Transform Sequence|Shell Smash|p1a: Transform Sequence\n|-unboost|p1a: Transform Sequence|def|1\n|-unboost|p1a: Transform Sequence|spd|1\n|-boost|p1a: Transform Sequence|atk|2\n|-boost|p1a: Transform Sequence|spa|2\n|-boost|p1a: Transform Sequence|spe|2\n|move|p2b: Gallade|Sacred Sword|p1a: Transform Sequence\n|-damage|p1a: Transform Sequence|24/100 brn\n|\n|-damage|p1a: Transform Sequence|18/100 brn|[from] brn\n|upkeep\n|turn|4\n|\n|t:|1788403749\n|move|p2a: Froslass|Protect|p2a: Froslass\n|-singleturn|p2a: Froslass|Protect\n|move|p1a: Transform Sequence|Dark Pulse|p2b: Gallade\n|-damage|p2b: Gallade|9/100\n|move|p1b: Cold Reading|Psychic|p2a: Froslass\n|-activate|p2a: Froslass|move: Protect\n|move|p2b: Gallade|Trick Room|p2b: Gallade\n|-fieldstart|move: Trick Room|[of] p2b: Gallade\n|\n|-damage|p1a: Transform Sequence|12/100 brn|[from] brn\n|upkeep\n|turn|5\n|c|☆a_0602|my nemesis\n|c|☆Terry Unbound|D=\n|\n|t:|1788403801\n|move|p1b: Cold Reading|Protect|p1b: Cold Reading\n|-singleturn|p1b: Cold Reading|Protect\n|move|p2b: Gallade|Night Slash|p1a: Transform Sequence\n|-damage|p1a: Transform Sequence|0 fnt\n|faint|p1a: Transform Sequence\n|move|p2a: Froslass|Shadow Ball|p1b: Cold Reading\n|-activate|p1b: Cold Reading|move: Protect\n|\n|upkeep\n|j| jdthetoastmachine\n|\n|t:|1788403809\n|switch|p1a: Worf Effect|Conkeldurr, L50, M|51/100 brn\n|turn|6\n|\n|t:|1788403837\n|move|p1a: Worf Effect|Rock Slide|p2a: Froslass|[spread] p2a,p2b\n|-supereffective|p2a: Froslass|1\n|-resisted|p2b: Gallade|1\n|-damage|p2a: Froslass|0 fnt\n|-damage|p2b: Gallade|0 fnt\n|faint|p2a: Froslass\n|faint|p2b: Gallade\n|move|p1b: Cold Reading|Psychic|p2: Froslass|[notarget]\n|-fail|p1b: Cold Reading\n|\n|-damage|p1a: Worf Effect|44/100 brn|[from] brn\n|upkeep\n|\n|t:|1788403847\n|switch|p2b: Scovillain|Scovillain-Mega, L50, F|30/100\n|switch|p2a: Kingambit|Kingambit, L50, F|100/100\n|turn|7\n|\n|t:|1788403877\n|move|p2b: Scovillain|Protect|p2b: Scovillain\n|-singleturn|p2b: Scovillain|Protect\n|move|p2a: Kingambit|Sucker Punch|p1a: Worf Effect\n|-resisted|p1a: Worf Effect|1\n|-damage|p1a: Worf Effect|24/100 brn\n|move|p1a: Worf Effect|Drain Punch|p2a: Kingambit\n|-supereffective|p2a: Kingambit|2\n|-damage|p2a: Kingambit|0 fnt\n|-heal|p1a: Worf Effect|74/100 brn|[from] drain|[of] p2a: Kingambit\n|faint|p2a: Kingambit\n|move|p1b: Cold Reading|Psychic|p2b: Scovillain\n|-activate|p2b: Scovillain|move: Protect\n|\n|-damage|p1a: Worf Effect|68/100 brn|[from] brn\n|upkeep\n|turn|8\n|c|☆Terry Unbound|o no\n|c|☆a_0602|oh YES\n|\n|t:|1788403906\n|move|p1b: Cold Reading|Protect|p1b: Cold Reading\n|-singleturn|p1b: Cold Reading|Protect\n|move|p1a: Worf Effect|Drain Punch|p2b: Scovillain\n|-damage|p2b: Scovillain|0 fnt\n|-heal|p1a: Worf Effect|81/100 brn|[from] drain|[of] p2b: Scovillain\n|faint|p2b: Scovillain\n|\n|win|a_0602\n|c| yunglegs|the clown man loves the trick room ofc\n|c| yunglegs|His domain\n|inactive|a_0602 has 30 seconds to confirm battle start!\n|inactive|Terry Unbound has 30 seconds to confirm battle start!\n||a_0602 is ready for game 3.\n|c|☆Terry Unbound|ggs\n||Terry Unbound is ready for game 3.\n|uhtml|next|Next: <a href=\"/battle-gen9championsvgc2026regmb-2674772553\"><strong>Game 3 of 3</strong></a>\n|l|☆Terry Unbound\n|player|p2|\n|l| Percivol\n|l| jdthetoastmachine\n|l|☆a_0602\n|player|p1|\n","uploadtime":1788404808,"views":"13","formatid":"gen9championsvgc2026regmb","rating":null,"private":0,"password":null}