{"id":"gen9championsvgc2026regmb-2674123235","format":"[Gen 9 Champions] VGC 2026 Reg M-B","players":["Poopoo2","234567891d"],"log":"|j|☆Poopoo2\n|j|☆234567891d\n|t:|1788302497\n|gametype|doubles\n|player|p1|Poopoo2|unknown|1521\n|player|p2|234567891d|n|1501\n|gen|9\n|tier|[Gen 9 Champions] VGC 2026 Reg M-B\n|rated|\n|rule|Species Clause: Limit one of each Pokémon\n|rule|Item Clause: Limit 1 of each item\n|clearpoke\n|poke|p1|Drampa, L50, M|\n|poke|p1|Farigiraf, L50, F|\n|poke|p1|Kleavor, L50, M|\n|poke|p1|Meganium, L50, M|\n|poke|p1|Blaziken, L50, M|\n|poke|p1|Glimmora, L50, F, shiny|\n|poke|p2|Palafin, L50, F|\n|poke|p2|Rotom-Heat, L50|\n|poke|p2|Garchomp, L50, M|\n|poke|p2|Venusaur, L50, M|\n|poke|p2|Corviknight, L50, F|\n|poke|p2|Incineroar, L50, M|\n|teampreview|4\n|\n|t:|1788302534\n|teamsize|p1|4\n|teamsize|p2|4\n|start\n|switch|p1a: Kleavor|Kleavor, L50, M|100/100\n|switch|p1b: Drampa|Drampa, L50, M|100/100\n|switch|p2a: Incineroar|Incineroar, L50, M|100/100\n|switch|p2b: Garchomp|Garchomp, L50, M|100/100\n|-ability|p2a: Incineroar|Intimidate|boost\n|-unboost|p1a: Kleavor|atk|1\n|-unboost|p1b: Drampa|atk|1\n|-ability|p1b: Drampa|Cloud Nine\n|turn|1\n|\n|t:|1788302547\n|switch|p1b: Farigiraf|Farigiraf, L50, F|100/100\n|move|p1a: Kleavor|Stone Axe|p2a: Incineroar\n|-supereffective|p2a: Incineroar|1\n|-damage|p2a: Incineroar|30/100\n|-sidestart|p2: 234567891d|move: Stealth Rock\n|-enditem|p2a: Incineroar|Sitrus Berry|[eat]\n|-heal|p2a: Incineroar|55/100|[from] item: Sitrus Berry\n|move|p2b: Garchomp|Dragon Claw|p1b: Farigiraf\n|-damage|p1b: Farigiraf|57/100\n|-damage|p2b: Garchomp|90/100|[from] item: Life Orb\n|move|p2a: Incineroar|Parting Shot|p1b: Farigiraf\n|-unboost|p1b: Farigiraf|atk|1\n|-unboost|p1b: Farigiraf|spa|1\n|\n|t:|1788302551\n|switch|p2a: Rotom|Rotom-Heat, L50|100/100|[from] Parting Shot\n|-damage|p2a: Rotom|75/100|[from] Stealth Rock\n|\n|upkeep\n|turn|2\n|\n|t:|1788302564\n|move|p1a: Kleavor|Stone Axe|p2a: Rotom\n|-supereffective|p2a: Rotom|1\n|-damage|p2a: Rotom|0 fnt\n|faint|p2a: Rotom\n|move|p2b: Garchomp|Earthquake|p1b: Farigiraf|[spread] p1a,p1b\n|-damage|p1a: Kleavor|36/100\n|-damage|p1b: Farigiraf|18/100\n|-enditem|p1b: Farigiraf|Sitrus Berry|[eat]\n|-heal|p1b: Farigiraf|43/100|[from] item: Sitrus Berry\n|-damage|p2b: Garchomp|80/100|[from] item: Life Orb\n|move|p1b: Farigiraf|Trick Room|p1b: Farigiraf\n|-fieldstart|move: Trick Room|[of] p1b: Farigiraf\n|\n|upkeep\n|\n|t:|1788302572\n|switch|p2a: Venusaur|Venusaur, L50, M|100/100\n|-damage|p2a: Venusaur|87/100|[from] Stealth Rock\n|turn|3\n|\n|t:|1788302590\n|detailschange|p2a: Venusaur|Venusaur-Mega, L50, M\n|-mega|p2a: Venusaur|Venusaur|Venusaurite\n|move|p2a: Venusaur|Protect|p2a: Venusaur\n|-singleturn|p2a: Venusaur|Protect\n|move|p1b: Farigiraf|Psychic|p2a: Venusaur\n|-activate|p2a: Venusaur|move: Protect\n|move|p2b: Garchomp|Dragon Claw|p1b: Farigiraf\n|-damage|p1b: Farigiraf|1/100\n|-damage|p2b: Garchomp|70/100|[from] item: Life Orb\n|move|p1a: Kleavor|Stone Axe|p2a: Venusaur\n|-activate|p2a: Venusaur|move: Protect\n|\n|upkeep\n|turn|4\n|\n|t:|1788302608\n|move|p1b: Farigiraf|Psychic|p2b: Garchomp\n|-damage|p2b: Garchomp|43/100\n|-unboost|p2b: Garchomp|spd|1\n|move|p2a: Venusaur|Giga Drain|p1a: Kleavor\n|-damage|p1a: Kleavor|0 fnt\n|-heal|p2a: Venusaur|100/100|[from] drain|[of] p1a: Kleavor\n|faint|p1a: Kleavor\n|move|p2b: Garchomp|Stomping Tantrum|p1b: Farigiraf\n|-damage|p1b: Farigiraf|0 fnt\n|faint|p1b: Farigiraf\n|-damage|p2b: Garchomp|33/100|[from] item: Life Orb\n|\n|upkeep\n|\n|t:|1788302614\n|switch|p1b: Glimmora|Glimmora, L50, F, shiny|100/100\n|switch|p1a: Drampa|Drampa, L50, M|100/100\n|-ability|p1a: Drampa|Cloud Nine\n|turn|5\n|\n|t:|1788302629\n|switch|p2b: Incineroar|Incineroar, L50, M|55/100\n|-damage|p2b: Incineroar|30/100|[from] Stealth Rock\n|-ability|p2b: Incineroar|Intimidate|boost\n|-unboost|p1a: Drampa|atk|1\n|-unboost|p1b: Glimmora|atk|1\n|detailschange|p1a: Drampa|Drampa-Mega, L50, M\n|-mega|p1a: Drampa|Drampa|Drampanite\n|move|p1a: Drampa|Dragon Pulse|p2b: Incineroar\n|-damage|p2b: Incineroar|0 fnt\n|faint|p2b: Incineroar\n|move|p2a: Venusaur|Leech Seed|p1a: Drampa\n|-start|p1a: Drampa|move: Leech Seed\n|move|p1b: Glimmora|Sludge Bomb|p2a: Venusaur\n|-damage|p2a: Venusaur|60/100\n|\n|-damage|p1a: Drampa|87/100|[from] Leech Seed|[of] p2a: Venusaur\n|-heal|p2a: Venusaur|72/100|[silent]\n|upkeep\n|\n|t:|1788302641\n|switch|p2b: Garchomp|Garchomp, L50, M|33/100\n|-damage|p2b: Garchomp|27/100|[from] Stealth Rock\n|turn|6\n|\n|t:|1788302651\n|move|p2b: Garchomp|Protect|p2b: Garchomp\n|-singleturn|p2b: Garchomp|Protect\n|move|p1a: Drampa|Hyper Beam|p2a: Venusaur\n|-crit|p2a: Venusaur\n|-damage|p2a: Venusaur|0 fnt\n|-mustrecharge|p1a: Drampa\n|faint|p2a: Venusaur\n|move|p1b: Glimmora|Earth Power|p2b: Garchomp\n|-activate|p2b: Garchomp|move: Protect\n|\n|-fieldend|move: Trick Room\n|upkeep\n|turn|7\n|\n|t:|1788302661\n|move|p2b: Garchomp|Earthquake|p1a: Drampa|[spread] p1a,p1b\n|-supereffective|p1b: Glimmora|2\n|-damage|p1a: Drampa|42/100\n|-enditem|p1b: Glimmora|Focus Sash\n|-damage|p1b: Glimmora|1/100\n|-activate|p1b: Glimmora|ability: Toxic Debris\n|-sidestart|p2: 234567891d|move: Toxic Spikes\n|-ability|p1a: Drampa|Berserk|boost\n|-boost|p1a: Drampa|spa|1\n|-damage|p2b: Garchomp|18/100|[from] item: Life Orb\n|move|p1b: Glimmora|Earth Power|p2b: Garchomp\n|-damage|p2b: Garchomp|0 fnt\n|faint|p2b: Garchomp\n|\n|win|Poopoo2\n|raw|Poopoo2's rating: 1521 &rarr; <strong>1540</strong><br />(+19 for winning)\n|raw|234567891d's rating: 1501 &rarr; <strong>1482</strong><br />(-19 for losing)\n|l|☆234567891d\n|player|p2|\n","uploadtime":1788302675,"views":"4","formatid":"gen9championsvgc2026regmb","rating":1482,"private":0,"password":null}