{"id":"gen9championsvgc2026regmb-2674655422","format":"[Gen 9 Champions] VGC 2026 Reg M-B","players":["Noobiedoobie537","tr2koblin"],"log":"|j|☆Noobiedoobie537\n|j|☆tr2koblin\n|t:|1788385852\n|gametype|doubles\n|player|p1|Noobiedoobie537|lucas-gen4pt|1186\n|player|p2|tr2koblin|lucas-gen4pt|1232\n|gen|9\n|tier|[Gen 9 Champions] VGC 2026 Reg M-B\n|rated|\n|rule|Species Clause: Limit one of each Pokémon\n|rule|Item Clause: Limit 1 of each item\n|clearpoke\n|poke|p1|Metagross, L50, shiny|\n|poke|p1|Ceruledge, L50, M|\n|poke|p1|Kommo-o, L50, F|\n|poke|p1|Swampert, L50, M|\n|poke|p1|Weavile, L50, F|\n|poke|p1|Whimsicott, L50, M|\n|poke|p2|Skarmory, L50, M|\n|poke|p2|Excadrill, L50, M|\n|poke|p2|Tyranitar, L50, M|\n|poke|p2|Hawlucha, L50, M|\n|poke|p2|Sinistcha, L50|\n|poke|p2|Rotom-Heat, L50|\n|teampreview|4\n|inactive|Battle timer is ON: inactive players will automatically lose when time's up. (requested by tr2koblin)\n|inactive|tr2koblin has 60 seconds left.\n|inactive|tr2koblin has 30 seconds left.\n|\n|t:|1788385918\n|teamsize|p1|4\n|teamsize|p2|4\n|start\n|switch|p1a: Weavile|Weavile, L50, F|100/100\n|switch|p1b: Swampert|Swampert, L50, M|100/100\n|switch|p2a: Tyranitar|Tyranitar, L50, M|100/100\n|switch|p2b: Excadrill|Excadrill, L50, M|100/100\n|-weather|Sandstorm|[from] ability: Sand Stream|[of] p2a: Tyranitar\n|turn|1\n|inactive|Noobiedoobie537 has 30 seconds left.\n|inactive|tr2koblin has 30 seconds left.\n|\n|t:|1788385947\n|switch|p2a: Hawlucha|Hawlucha, L50, M|100/100\n|move|p2b: Excadrill|Protect|p2b: Excadrill\n|-singleturn|p2b: Excadrill|Protect\n|move|p1a: Weavile|Low Kick|p2a: Hawlucha\n|-resisted|p2a: Hawlucha|1\n|-damage|p2a: Hawlucha|90/100\n|move|p1b: Swampert|High Horsepower|p2a: Hawlucha\n|-immune|p2a: Hawlucha\n|\n|-weather|Sandstorm|[upkeep]\n|-damage|p1a: Weavile|93/100|[from] Sandstorm\n|-damage|p2a: Hawlucha|85/100|[from] Sandstorm\n|upkeep\n|turn|2\n|inactive|Noobiedoobie537 has 30 seconds left.\n|\n|t:|1788385978\n|switch|p1a: Metagross|Metagross, L50, shiny|100/100\n|move|p2b: Excadrill|Earthquake|p1a: Metagross|[spread] p1a,p1b\n|-immune|p2a: Hawlucha\n|-supereffective|p1a: Metagross|1\n|-damage|p1a: Metagross|34/100\n|-damage|p1b: Swampert|58/100\n|move|p2a: Hawlucha|Close Combat|p1a: Metagross\n|-damage|p1a: Metagross|0 fnt\n|-unboost|p2a: Hawlucha|def|1\n|-unboost|p2a: Hawlucha|spd|1\n|faint|p1a: Metagross\n|-enditem|p2a: Hawlucha|White Herb\n|-clearnegativeboost|p2a: Hawlucha|[silent]\n|move|p1b: Swampert|Yawn|p2a: Hawlucha\n|-start|p2a: Hawlucha|move: Yawn|[of] p1b: Swampert\n|\n|-weather|Sandstorm|[upkeep]\n|-damage|p2a: Hawlucha|79/100|[from] Sandstorm\n|upkeep\n|\n|t:|1788385987\n|switch|p1a: Kommo-o|Kommo-o, L50, F|100/100\n|turn|3\n|\n|t:|1788386002\n|move|p1b: Swampert|Wide Guard|p1b: Swampert\n|-singleturn|p1b: Swampert|Wide Guard\n|move|p2a: Hawlucha|Coaching|p2b: Excadrill\n|-boost|p2b: Excadrill|atk|1\n|-boost|p2b: Excadrill|def|1\n|move|p2b: Excadrill|Earthquake|p1a: Kommo-o|[spread] \n|-activate|p1a: Kommo-o|move: Wide Guard\n|-activate|p1b: Swampert|move: Wide Guard\n|-immune|p2a: Hawlucha\n|move|p1a: Kommo-o|Clangorous Soul|p1a: Kommo-o\n|-boost|p1a: Kommo-o|atk|1\n|-boost|p1a: Kommo-o|def|1\n|-boost|p1a: Kommo-o|spa|1\n|-boost|p1a: Kommo-o|spd|1\n|-boost|p1a: Kommo-o|spe|1\n|-damage|p1a: Kommo-o|67/100\n|\n|-weather|Sandstorm|[upkeep]\n|-damage|p2a: Hawlucha|73/100|[from] Sandstorm\n|-damage|p1a: Kommo-o|61/100|[from] Sandstorm\n|-end|p2a: Hawlucha|move: Yawn|[silent]\n|-status|p2a: Hawlucha|slp\n|upkeep\n|turn|4\n|\n|t:|1788386021\n|move|p1b: Swampert|Wide Guard|p1b: Swampert\n|-singleturn|p1b: Swampert|Wide Guard\n|cant|p2a: Hawlucha|slp\n|move|p2b: Excadrill|Earthquake|p1b: Swampert|[spread] \n|-activate|p1a: Kommo-o|move: Wide Guard\n|-activate|p1b: Swampert|move: Wide Guard\n|-immune|p2a: Hawlucha\n|move|p1a: Kommo-o|Aura Sphere|p2b: Excadrill\n|-supereffective|p2b: Excadrill|1\n|-enditem|p2b: Excadrill|Focus Sash\n|-damage|p2b: Excadrill|1/100\n|\n|-weather|Sandstorm|[upkeep]\n|-damage|p2a: Hawlucha|67/100 slp|[from] Sandstorm\n|-damage|p1a: Kommo-o|56/100|[from] Sandstorm\n|upkeep\n|turn|5\n|\n|t:|1788386040\n|move|p2b: Excadrill|Protect|p2b: Excadrill\n|-singleturn|p2b: Excadrill|Protect\n|move|p1a: Kommo-o|Protect|p1a: Kommo-o\n|-singleturn|p1a: Kommo-o|Protect\n|cant|p2a: Hawlucha|slp\n|move|p1b: Swampert|High Horsepower|p2b: Excadrill\n|-activate|p2b: Excadrill|move: Protect\n|\n|-weather|none\n|upkeep\n|turn|6\n|\n|t:|1788386060\n|switch|p2a: Tyranitar|Tyranitar, L50, M|100/100\n|-weather|Sandstorm|[from] ability: Sand Stream|[of] p2a: Tyranitar\n|move|p2b: Excadrill|High Horsepower|p1a: Kommo-o\n|-damage|p1a: Kommo-o|15/100\n|move|p1a: Kommo-o|Clanging Scales|p2b: Excadrill|[spread] p2a,p2b\n|-resisted|p2b: Excadrill|1\n|-damage|p2a: Tyranitar|61/100\n|-damage|p2b: Excadrill|0 fnt\n|faint|p2b: Excadrill\n|-unboost|p1a: Kommo-o|def|1\n|move|p1b: Swampert|High Horsepower|p2a: Tyranitar\n|-supereffective|p2a: Tyranitar|1\n|-crit|p2a: Tyranitar\n|-damage|p2a: Tyranitar|0 fnt\n|faint|p2a: Tyranitar\n|\n|-weather|Sandstorm|[upkeep]\n|-damage|p1a: Kommo-o|10/100|[from] Sandstorm\n|upkeep\n|\n|t:|1788386071\n|switch|p2b: Hawlucha|Hawlucha, L50, M|67/100 slp\n|switch|p2a: Sinistcha|Sinistcha, L50|100/100\n|-heal|p2b: Hawlucha|92/100 slp|[from] ability: Hospitality|[of] p2a: Sinistcha\n|turn|7\n|\n|t:|1788386079\n|move|p1b: Swampert|Wide Guard|p1b: Swampert\n|-singleturn|p1b: Swampert|Wide Guard\n|move|p1a: Kommo-o|Clanging Scales|p2a: Sinistcha|[spread] p2a,p2b\n|-damage|p2a: Sinistcha|43/100\n|-damage|p2b: Hawlucha|0 fnt\n|faint|p2b: Hawlucha\n|-unboost|p1a: Kommo-o|def|1\n|move|p2a: Sinistcha|Matcha Gotcha|p1a: Kommo-o|[spread] \n|-activate|p1a: Kommo-o|move: Wide Guard\n|-activate|p1b: Swampert|move: Wide Guard\n|\n|-weather|Sandstorm|[upkeep]\n|-damage|p1a: Kommo-o|4/100|[from] Sandstorm\n|-damage|p2a: Sinistcha|37/100|[from] Sandstorm\n|upkeep\n|turn|8\n|-message|tr2koblin forfeited.\n|\n|win|Noobiedoobie537\n|raw|Noobiedoobie537's rating: 1186 &rarr; <strong>1214</strong><br />(+28 for winning)\n|raw|tr2koblin's rating: 1232 &rarr; <strong>1204</strong><br />(-28 for losing)\n|l|☆tr2koblin\n|player|p2|\n","uploadtime":1788386090,"views":"0","formatid":"gen9championsvgc2026regmb","rating":1204,"private":0,"password":null}