{"id":"gen9championsvgc2026regmbbo3-2674842602","format":"[Gen 9 Champions] VGC 2026 Reg M-B (Bo3)","players":["tjdywirn","okkia3"],"log":"|j|☆tjdywirn\n|j|☆okkia3\n|html|<table width=\"100%\"><tr><td align=\"left\">tjdywirn</td><td align=\"right\">okkia3</tr><tr><td align=\"left\"><i class=\"fa fa-circle-o\"></i> <i class=\"fa fa-circle-o\"></i> </td><td align=\"right\"><i class=\"fa fa-circle-o\"></i> <i class=\"fa fa-circle-o\"></i> </tr></table>\n|uhtml|bestof|<h2><strong>Game 1</strong> of <a href=\"/game-bestof3-gen9championsvgc2026regmbbo3-2674842601\">a best-of-3</a></h2>\n|t:|1788419074\n|gametype|doubles\n|player|p1|tjdywirn|266|1000\n|player|p2|okkia3|102|1000\n|gen|9\n|tier|[Gen 9 Champions] VGC 2026 Reg M-B (Bo3)\n|rated|\n|rule|Species Clause: Limit one of each Pokémon\n|rule|Item Clause: Limit 1 of each item\n|clearpoke\n|poke|p1|Gardevoir, L50, F|\n|poke|p1|Incineroar, L50, M|\n|poke|p1|Talonflame, L50, M|\n|poke|p1|Sinistcha, L50|\n|poke|p1|Mawile, L50, M|\n|poke|p1|Kangaskhan, L50, F|\n|poke|p2|Charizard, L50, M|\n|poke|p2|Whimsicott, L50, F|\n|poke|p2|Basculegion, L50, M|\n|poke|p2|Farigiraf, L50, F|\n|poke|p2|Kangaskhan, L50, F|\n|poke|p2|Sneasler, L50, M|\n|teampreview|4\n|showteam|p1|Gardevoir||Gardevoirite|Trace|HyperVoice,Moonblast,Protect,CalmMind|Bold||F|||50|]Incineroar||SitrusBerry|Intimidate|FakeOut,FlareBlitz,Protect,PartingShot|Sassy||M|||50|]Talonflame||Leftovers|GaleWings|Tailwind,BraveBird,FlareBlitz,Protect|Adamant||M|||50|]Sinistcha||MentalHerb|Hospitality|RagePowder,TrickRoom,MatchaGotcha,Protect|Modest|||||50|]Mawile||Mawilite|Intimidate|IronHead,PlayRough,Protect,SwordsDance|Brave||M|||50|]Kangaskhan||LifeOrb|Scrappy|FakeOut,LastResort,RockSlide|Brave||F|||50|\n|showteam|p2|Charizard||CharizarditeY|SolarPower|WeatherBall,HeatWave,SolarBeam,Protect|Timid||M|||50|]Whimsicott||FocusSash|Prankster|Moonblast,Tailwind,SunnyDay,Encore|Timid||F|||50|]Basculegion||ChoiceScarf|Adaptability|WaveCrash,AquaJet,LastRespects,FlipTurn|Adamant||M|||50|]Farigiraf||SitrusBerry|ArmorTail|Psychic,HyperVoice,HelpingHand,TrickRoom|Modest||F|||50|]Kangaskhan||Kangaskhanite|Scrappy|FakeOut,DoubleEdge,DrainPunch,SuckerPunch|Adamant||F|||50|]Sneasler||WhiteHerb|Unburden|FakeOut,CloseCombat,DireClaw,RockTomb|Adamant||M|||50|\n|inactive|Battle timer is ON: inactive players will automatically lose when time's up. (requested by okkia3)\n|inactive|tjdywirn has 60 seconds left.\n|\n|t:|1788419113\n|teamsize|p1|4\n|teamsize|p2|4\n|start\n|switch|p1a: Mawile|Mawile, L50, M|100/100\n|switch|p1b: Sinistcha|Sinistcha, L50|100/100\n|switch|p2a: Charizard|Charizard, L50, M|100/100\n|switch|p2b: Basculegion|Basculegion, L50, M|100/100\n|-ability|p1a: Mawile|Intimidate|boost\n|-unboost|p2a: Charizard|atk|1\n|-unboost|p2b: Basculegion|atk|1\n|turn|1\n|inactive|tjdywirn has 30 seconds left.\n|\n|t:|1788419145\n|switch|p2b: Sneasler|Sneasler, L50, M|100/100\n|detailschange|p2a: Charizard|Charizard-Mega-Y, L50, M\n|-mega|p2a: Charizard|Charizard|Charizardite Y\n|-weather|SunnyDay|[from] ability: Drought|[of] p2a: Charizard\n|detailschange|p1a: Mawile|Mawile-Mega, L50, M\n|-mega|p1a: Mawile|Mawile|Mawilite\n|move|p1b: Sinistcha|Protect|p1b: Sinistcha\n|-singleturn|p1b: Sinistcha|Protect\n|move|p2a: Charizard|Heat Wave|p1a: Mawile|[spread] p1a\n|-activate|p1b: Sinistcha|move: Protect\n|-supereffective|p1a: Mawile|1\n|-damage|p1a: Mawile|0 fnt\n|faint|p1a: Mawile\n|\n|-weather|SunnyDay|[upkeep]\n|upkeep\n|\n|t:|1788419167\n|switch|p1a: Talonflame|Talonflame, L50, M|100/100\n|turn|2\n|\n|t:|1788419173\n|switch|p1b: Incineroar|Incineroar, L50, M|100/100\n|-ability|p1b: Incineroar|Intimidate|boost\n|-unboost|p2a: Charizard|atk|1\n|-unboost|p2b: Sneasler|atk|1\n|-enditem|p2b: Sneasler|White Herb\n|-clearnegativeboost|p2b: Sneasler|[silent]\n|move|p1a: Talonflame|Protect|p1a: Talonflame\n|-singleturn|p1a: Talonflame|Protect\n|move|p2b: Sneasler|Rock Tomb|p1a: Talonflame\n|-activate|p1a: Talonflame|move: Protect\n|move|p2a: Charizard|Heat Wave|p1b: Incineroar|[spread] p1b\n|-activate|p1a: Talonflame|move: Protect\n|-resisted|p1b: Incineroar|1\n|-damage|p1b: Incineroar|74/100\n|\n|-weather|SunnyDay|[upkeep]\n|upkeep\n|turn|3\n|\n|t:|1788419194\n|move|p2a: Charizard|Protect|p2a: Charizard\n|-singleturn|p2a: Charizard|Protect\n|move|p1b: Incineroar|Fake Out|p2b: Sneasler\n|-damage|p2b: Sneasler|82/100\n|move|p1a: Talonflame|Brave Bird|p2b: Sneasler\n|-supereffective|p2b: Sneasler|1\n|-damage|p2b: Sneasler|0 fnt\n|faint|p2b: Sneasler\n|-damage|p1a: Talonflame|75/100|[from] Recoil\n|\n|-weather|SunnyDay|[upkeep]\n|-heal|p1a: Talonflame|81/100|[from] item: Leftovers\n|upkeep\n|\n|t:|1788419194\n|switch|p2b: Basculegion|Basculegion, L50, M|100/100\n|turn|4\n|inactive|tjdywirn has 30 seconds left.\n|\n|t:|1788419227\n|move|p1a: Talonflame|Protect|p1a: Talonflame\n|-singleturn|p1a: Talonflame|Protect\n|move|p2b: Basculegion|Wave Crash|p1b: Incineroar\n|-supereffective|p1b: Incineroar|1\n|-damage|p1b: Incineroar|9/100\n|-enditem|p1b: Incineroar|Sitrus Berry|[eat]\n|-heal|p1b: Incineroar|34/100|[from] item: Sitrus Berry\n|-damage|p2b: Basculegion|77/100|[from] Recoil\n|move|p2a: Charizard|Heat Wave|p1b: Incineroar|[spread] p1b\n|-activate|p1a: Talonflame|move: Protect\n|-resisted|p1b: Incineroar|1\n|-damage|p1b: Incineroar|10/100\n|move|p1b: Incineroar|Parting Shot|p2a: Charizard\n|-unboost|p2a: Charizard|atk|1\n|-unboost|p2a: Charizard|spa|1\n|\n|t:|1788419243\n|switch|p1b: Sinistcha|Sinistcha, L50|100/100|[from] Parting Shot\n|-heal|p1a: Talonflame|100/100|[from] ability: Hospitality|[of] p1b: Sinistcha\n|\n|-weather|SunnyDay|[upkeep]\n|upkeep\n|turn|5\n|\n|t:|1788419261\n|move|p1b: Sinistcha|Rage Powder|p1b: Sinistcha\n|-singleturn|p1b: Sinistcha|move: Rage Powder\n|move|p1a: Talonflame|Brave Bird|p2a: Charizard\n|-crit|p2a: Charizard\n|-damage|p2a: Charizard|0 fnt\n|faint|p2a: Charizard\n|-damage|p1a: Talonflame|71/100|[from] Recoil\n|move|p2b: Basculegion|Wave Crash|p1b: Sinistcha\n|-resisted|p1b: Sinistcha|1\n|-damage|p1b: Sinistcha|79/100\n|-damage|p2b: Basculegion|71/100|[from] Recoil\n|\n|-weather|none\n|-heal|p1a: Talonflame|77/100|[from] item: Leftovers\n|upkeep\n|\n|t:|1788419262\n|switch|p2a: Farigiraf|Farigiraf, L50, F|100/100\n|turn|6\n|inactive|tjdywirn has 30 seconds left.\n|\n|t:|1788419289\n|switch|p1b: Incineroar|Incineroar, L50, M|10/100\n|-ability|p1b: Incineroar|Intimidate|boost\n|-unboost|p2a: Farigiraf|atk|1\n|-unboost|p2b: Basculegion|atk|1\n|move|p1a: Talonflame|Protect|p1a: Talonflame\n|-singleturn|p1a: Talonflame|Protect\n|move|p2b: Basculegion|Wave Crash|p1a: Talonflame\n|-activate|p1a: Talonflame|move: Protect\n|move|p2a: Farigiraf|Trick Room|p2a: Farigiraf\n|-fieldstart|move: Trick Room|[of] p2a: Farigiraf\n|\n|-heal|p1a: Talonflame|83/100|[from] item: Leftovers\n|upkeep\n|turn|7\n|inactive|tjdywirn has 30 seconds left.\n|\n|t:|1788419321\n|move|p1b: Incineroar|Parting Shot|p2b: Basculegion\n|-unboost|p2b: Basculegion|atk|1\n|-unboost|p2b: Basculegion|spa|1\n|\n|t:|1788419325\n|switch|p1b: Sinistcha|Sinistcha, L50|79/100|[from] Parting Shot\n|-heal|p1a: Talonflame|100/100|[from] ability: Hospitality|[of] p1b: Sinistcha\n|move|p1a: Talonflame|Brave Bird||[still]\n|cant|p2a: Farigiraf|ability: Armor Tail|Brave Bird|[of] p1a: Talonflame\n|move|p2a: Farigiraf|Hyper Voice|p1b: Sinistcha|[spread] p1a\n|-immune|p1b: Sinistcha\n|-damage|p1a: Talonflame|62/100\n|move|p2b: Basculegion|Wave Crash|p1b: Sinistcha\n|-resisted|p1b: Sinistcha|1\n|-damage|p1b: Sinistcha|58/100\n|-damage|p2b: Basculegion|64/100|[from] Recoil\n|\n|-heal|p1a: Talonflame|68/100|[from] item: Leftovers\n|upkeep\n|turn|8\n|\n|t:|1788419350\n|move|p2a: Farigiraf|Psychic|p1b: Sinistcha\n|-damage|p1b: Sinistcha|16/100\n|move|p1b: Sinistcha|Matcha Gotcha|p2b: Basculegion|[spread] p2a,p2b\n|-supereffective|p2b: Basculegion|1\n|-damage|p2a: Farigiraf|70/100\n|-heal|p1b: Sinistcha|34/100|[from] drain|[of] p2a: Farigiraf\n|-damage|p2b: Basculegion|0 fnt\n|-heal|p1b: Sinistcha|70/100|[from] drain|[of] p2b: Basculegion\n|-status|p2a: Farigiraf|brn\n|faint|p2b: Basculegion\n|move|p1a: Talonflame|Brave Bird|p2a: Farigiraf\n|-damage|p2a: Farigiraf|22/100 brn\n|-enditem|p2a: Farigiraf|Sitrus Berry|[eat]\n|-heal|p2a: Farigiraf|47/100 brn|[from] item: Sitrus Berry\n|-damage|p1a: Talonflame|48/100|[from] Recoil\n|\n|-heal|p1a: Talonflame|54/100|[from] item: Leftovers\n|-damage|p2a: Farigiraf|41/100 brn|[from] brn\n|upkeep\n|turn|9\n|\n|t:|1788419374\n|move|p2a: Farigiraf|Psychic|p1b: Sinistcha\n|-damage|p1b: Sinistcha|24/100\n|move|p1b: Sinistcha|Matcha Gotcha|p2a: Farigiraf\n|-damage|p2a: Farigiraf|6/100 brn\n|-heal|p1b: Sinistcha|46/100|[from] drain|[of] p2a: Farigiraf\n|move|p1a: Talonflame|Brave Bird|p2a: Farigiraf\n|-damage|p2a: Farigiraf|0 fnt\n|faint|p2a: Farigiraf\n|-damage|p1a: Talonflame|51/100|[from] Recoil\n|\n|win|tjdywirn\n","uploadtime":1788419374,"views":"1","formatid":"gen9championsvgc2026regmbbo3","rating":null,"private":0,"password":null}