{"id":"gen9championsvgc2026regmbbo3-2673378242","format":"[Gen 9 Champions] VGC 2026 Reg M-B (Bo3)","players":["slotharmy6670","Aditya10B"],"log":"|j|☆slotharmy6670\n|j|☆Aditya10B\n|html|<table width=\"100%\"><tr><td align=\"left\">slotharmy6670</td><td align=\"right\">Aditya10B</tr><tr><td align=\"left\"><i class=\"fa fa-circle-o\"></i> <i class=\"fa fa-circle-o\"></i> </td><td align=\"right\"><i class=\"fa fa-circle-o\"></i> <i class=\"fa fa-circle\"></i> </tr></table>\n|uhtml|bestof|<h2><strong>Game 2</strong> of <a href=\"/game-bestof3-gen9championsvgc2026regmbbo3-2673374836\">a best-of-3</a></h2>\n|t:|1788190450\n|gametype|doubles\n|player|p1|slotharmy6670|blue|\n|player|p2|Aditya10B|n|\n|gen|9\n|tier|[Gen 9 Champions] VGC 2026 Reg M-B (Bo3)\n|rule|Species Clause: Limit one of each Pokémon\n|rule|Item Clause: Limit 1 of each item\n|clearpoke\n|poke|p1|Gholdengo, L50|\n|poke|p1|Charizard, L50, F|\n|poke|p1|Whimsicott, L50, M, shiny|\n|poke|p1|Zoroark-Hisui, L50, F|\n|poke|p1|Incineroar, L50, F|\n|poke|p1|Dragonite, L50, F|\n|poke|p2|Kingambit, L50, M, shiny|\n|poke|p2|Ninetales-Alola, L50, F, shiny|\n|poke|p2|Incineroar, L50, M, shiny|\n|poke|p2|Dragonite, L50, F|\n|poke|p2|Sneasler, L50, F, shiny|\n|poke|p2|Gengar, L50, M, shiny|\n|teampreview|4\n|showteam|p1|Gholdengo||LifeOrb|GoodasGold|MakeItRain,ShadowBall,Protect,NastyPlot|Modest|||||50|]Charizard||CharizarditeY|Blaze|WeatherBall,Protect,HeatWave,SolarBeam|Modest||F|||50|]Whimsicott||MentalHerb|Prankster|Tailwind,FakeTears,Encore,Moonblast|Modest||M|||50|]Zoroark-Hisui||FocusSash|Illusion|BitterMalice,Taunt,IcyWind,Protect|Modest||F|||50|]Incineroar||SitrusBerry|Intimidate|PartingShot,DarkestLariat,FakeOut,FlareBlitz|Impish||F|||50|]Dragonite||SilkScarf|Multiscale|LowKick,DragonClaw,IceSpinner,ExtremeSpeed|Adamant||F|||50|\n|showteam|p2|Kingambit||BlackGlasses|Defiant|KowtowCleave,SuckerPunch,LowKick,Protect|Adamant||M|||50|]Ninetales-Alola||ChoiceScarf|SnowWarning|Blizzard,FreezeDry,IcyWind,Encore|Timid||F|||50|]Incineroar||SitrusBerry|Intimidate|FlareBlitz,ThroatChop,FakeOut,PartingShot|Impish||M|||50|]Dragonite||LifeOrb|InnerFocus|DragonClaw,Superpower,ExtremeSpeed,Protect|Adamant||F|||50|]Sneasler||FocusSash|Unburden|CloseCombat,DireClaw,RockSlide,Protect|Adamant||F|||50|]Gengar||Gengarite|CursedBody|SludgeBomb,ShadowBall,Substitute,Protect|Modest||M|||50|\n|inactive|Battle timer is ON: inactive players will automatically lose when time's up. (requested by Aditya10B)\n|inactive|slotharmy6670 has 60 seconds left.\n|inactive|Aditya10B has 60 seconds left.\n|inactiveoff|Battle timer is now OFF.\n|c|☆Aditya10B|Link bhejdo uska\n|inactive|Battle timer is ON: inactive players will automatically lose when time's up. (requested by slotharmy6670)\n|inactive|Aditya10B has 30 seconds left.\n|\n|t:|1788190528\n|teamsize|p1|4\n|teamsize|p2|4\n|start\n|switch|p1a: Incineroar|Incineroar, L50, F|100/100\n|switch|p1b: Dragonite|Dragonite, L50, F|100/100\n|switch|p2a: Sneasler|Sneasler, L50, F, shiny|100/100\n|switch|p2b: Gengar|Gengar, L50, M, shiny|100/100\n|-ability|p1a: Incineroar|Intimidate|boost\n|-unboost|p2a: Sneasler|atk|1\n|-unboost|p2b: Gengar|atk|1\n|turn|1\n|j| ayushxd\n|inactive|slotharmy6670 has 30 seconds left.\n|inactive|Aditya10B has 30 seconds left.\n|inactive|slotharmy6670 has 20 seconds left.\n|inactive|Aditya10B has 20 seconds left.\n|inactive|slotharmy6670 has 15 seconds left.\n|inactive|slotharmy6670 has 10 seconds left.\n|inactive|Aditya10B has 15 seconds left.\n|inactive|Aditya10B has 10 seconds left.\n|\n|t:|1788190584\n|detailschange|p2b: Gengar|Gengar-Mega, L50, M, shiny\n|-mega|p2b: Gengar|Gengar|Gengarite\n|move|p2b: Gengar|Protect|p2b: Gengar\n|-singleturn|p2b: Gengar|Protect\n|move|p1b: Dragonite|Extreme Speed|p2a: Sneasler\n|-damage|p2a: Sneasler|32/100\n|move|p2a: Sneasler|Rock Slide|p1a: Incineroar|[spread] p1a,p1b\n|-supereffective|p1a: Incineroar|1\n|-supereffective|p1b: Dragonite|1\n|-damage|p1a: Incineroar|72/100\n|-damage|p1b: Dragonite|84/100\n|cant|p1a: Incineroar|flinch\n|\n|upkeep\n|turn|2\n|inactive|slotharmy6670 has 30 seconds left.\n|inactive|Aditya10B has 30 seconds left.\n|inactive|slotharmy6670 has 20 seconds left.\n|inactive|Aditya10B has 20 seconds left.\n|\n|t:|1788190620\n|switch|p2a: Kingambit|Kingambit, L50, M, shiny|100/100\n|move|p2b: Gengar|Substitute|p2b: Gengar\n|-start|p2b: Gengar|Substitute\n|-damage|p2b: Gengar|75/100\n|move|p1b: Dragonite|Dragon Claw|p2b: Gengar\n|-end|p2b: Gengar|Substitute\n|move|p1a: Incineroar|Flare Blitz|p2b: Gengar\n|-damage|p2b: Gengar|12/100\n|-damage|p1a: Incineroar|54/100|[from] Recoil\n|\n|upkeep\n|turn|3\n|inactive|slotharmy6670 has 30 seconds left.\n|inactive|Aditya10B has 30 seconds left.\n|inactive|Aditya10B has 20 seconds left.\n|inactive|Aditya10B has 15 seconds left.\n|inactive|Aditya10B has 10 seconds left.\n|\n|t:|1788190666\n|switch|p2b: Incineroar|Incineroar, L50, M, shiny|100/100\n|-ability|p2b: Incineroar|Intimidate|boost\n|-unboost|p1a: Incineroar|atk|1\n|-unboost|p1b: Dragonite|atk|1\n|move|p2a: Kingambit|Protect|p2a: Kingambit\n|-singleturn|p2a: Kingambit|Protect\n|move|p1b: Dragonite|Low Kick|p2a: Kingambit\n|-activate|p2a: Kingambit|move: Protect\n|move|p1a: Incineroar|Darkest Lariat|p2b: Incineroar\n|-resisted|p2b: Incineroar|1\n|-damage|p2b: Incineroar|91/100\n|\n|upkeep\n|turn|4\n|\n|t:|1788190687\n|switch|p1b: Charizard|Charizard, L50, F|100/100\n|move|p2b: Incineroar|Fake Out|p1b: Charizard\n|-damage|p1b: Charizard|84/100\n|move|p1a: Incineroar|Flare Blitz|p2a: Kingambit\n|-supereffective|p2a: Kingambit|1\n|-damage|p2a: Kingambit|52/100\n|-damage|p1a: Incineroar|35/100|[from] Recoil\n|-enditem|p1a: Incineroar|Sitrus Berry|[eat]\n|-heal|p1a: Incineroar|60/100|[from] item: Sitrus Berry\n|move|p2a: Kingambit|Low Kick|p1a: Incineroar\n|-supereffective|p1a: Incineroar|1\n|-damage|p1a: Incineroar|5/100\n|\n|upkeep\n|turn|5\n|\n|t:|1788190714\n|detailschange|p1b: Charizard|Charizard-Mega-Y, L50, F\n|-mega|p1b: Charizard|Charizard|Charizardite Y\n|-weather|SunnyDay|[from] ability: Drought|[of] p1b: Charizard\n|move|p2a: Kingambit|Sucker Punch|p1b: Charizard\n|-damage|p1b: Charizard|14/100\n|move|p1b: Charizard|Heat Wave|p2a: Kingambit|[spread] p2a,p2b\n|-supereffective|p2a: Kingambit|1\n|-resisted|p2b: Incineroar|1\n|-damage|p2a: Kingambit|0 fnt\n|-damage|p2b: Incineroar|61/100\n|faint|p2a: Kingambit\n|move|p1a: Incineroar|Flare Blitz|p2b: Incineroar\n|-resisted|p2b: Incineroar|1\n|-damage|p2b: Incineroar|42/100\n|-enditem|p2b: Incineroar|Sitrus Berry|[eat]\n|-heal|p2b: Incineroar|67/100|[from] item: Sitrus Berry\n|-damage|p1a: Incineroar|0 fnt|[from] Recoil\n|faint|p1a: Incineroar\n|move|p2b: Incineroar|Throat Chop|p1b: Charizard\n|-damage|p1b: Charizard|0 fnt\n|faint|p1b: Charizard\n|\n|-weather|SunnyDay|[upkeep]\n|upkeep\n|\n|t:|1788190737\n|switch|p1b: Whimsicott|Whimsicott, L50, M, shiny|100/100\n|switch|p1a: Dragonite|Dragonite, L50, F|84/100\n|switch|p2a: Gengar|Gengar-Mega, L50, M, shiny|12/100\n|turn|6\n|inactive|slotharmy6670 has 30 seconds left.\n|\n|t:|1788190763\n|move|p2a: Gengar|Protect|p2a: Gengar\n|-singleturn|p2a: Gengar|Protect\n|move|p1b: Whimsicott|Tailwind|p1b: Whimsicott\n|-sidestart|p1: slotharmy6670|move: Tailwind\n|move|p1a: Dragonite|Dragon Claw|p2a: Gengar\n|-activate|p2a: Gengar|move: Protect\n|move|p2b: Incineroar|Parting Shot|p1a: Dragonite\n|-unboost|p1a: Dragonite|atk|1\n|-unboost|p1a: Dragonite|spa|1\n|\n|t:|1788190774\n|switch|p2b: Sneasler|Sneasler, L50, F, shiny|32/100|[from] Parting Shot\n|\n|-weather|SunnyDay|[upkeep]\n|upkeep\n|turn|7\n|inactive|Aditya10B has 30 seconds left.\n|inactive|Aditya10B has 20 seconds left.\n|inactive|slotharmy6670 has 30 seconds left.\n|inactive|Aditya10B has 15 seconds left.\n|inactive|slotharmy6670 has 20 seconds left.\n|inactive|slotharmy6670 has 15 seconds left.\n|inactive|slotharmy6670 has 10 seconds left.\n|\n|t:|1788190835\n|switch|p2a: Incineroar|Incineroar, L50, M, shiny|67/100\n|-ability|p2a: Incineroar|Intimidate|boost\n|-unboost|p1a: Dragonite|atk|1\n|-unboost|p1b: Whimsicott|atk|1\n|move|p1b: Whimsicott|Moonblast|p2a: Incineroar\n|-damage|p2a: Incineroar|30/100\n|move|p1a: Dragonite|Dragon Claw|p2a: Incineroar\n|-damage|p2a: Incineroar|10/100\n|move|p2b: Sneasler|Dire Claw|p1b: Whimsicott\n|-supereffective|p1b: Whimsicott|2\n|-damage|p1b: Whimsicott|0 fnt\n|faint|p1b: Whimsicott\n|\n|-weather|SunnyDay|[upkeep]\n|upkeep\n|turn|8\n|\n|t:|1788190857\n|move|p2a: Incineroar|Fake Out|p1a: Dragonite\n|-damage|p1a: Dragonite|72/100\n|cant|p1a: Dragonite|flinch\n|move|p2b: Sneasler|Dire Claw|p1a: Dragonite\n|-damage|p1a: Dragonite|23/100\n|-status|p1a: Dragonite|par\n|\n|-weather|SunnyDay|[upkeep]\n|upkeep\n|turn|9\n|c|☆Aditya10B|Inner focus rakhna dnite pe if you're going physical\n|inactive|Aditya10B has 30 seconds left.\n|c|☆slotharmy6670|Ggs\n|\n|t:|1788190885\n|move|p1a: Dragonite|Extreme Speed|p2b: Sneasler\n|-damage|p2b: Sneasler|1/100\n|move|p2b: Sneasler|Dire Claw|p1a: Dragonite\n|-damage|p1a: Dragonite|0 fnt\n|faint|p1a: Dragonite\n|\n|win|Aditya10B\n|c|☆slotharmy6670|I mean depend on choice\n|l|☆slotharmy6670\n|player|p1|\n|c|☆Aditya10B|It's Very important\n|l|☆Aditya10B\n|player|p2|\n","uploadtime":1788190949,"views":"13","formatid":"gen9championsvgc2026regmbbo3","rating":null,"private":0,"password":null}