{"id":"gen9championsvgc2026regmbbo3-2674780594","format":"[Gen 9 Champions] VGC 2026 Reg M-B (Bo3)","players":["caelexel","eltsurito"],"log":"|j|☆caelexel\n|j|☆eltsurito\n|html|<table width=\"100%\"><tr><td align=\"left\">caelexel</td><td align=\"right\">eltsurito</tr><tr><td align=\"left\"><i class=\"fa fa-circle-o\"></i> <i class=\"fa fa-circle-o\"></i> </td><td align=\"right\"><i class=\"fa fa-circle-o\"></i> <i class=\"fa fa-circle-o\"></i> </tr></table>\n|uhtml|bestof|<h2><strong>Game 1</strong> of <a href=\"/game-bestof3-gen9championsvgc2026regmbbo3-2674780592\">a best-of-3</a></h2>\n|t:|1788405402\n|gametype|doubles\n|player|p1|caelexel|veteran|1052\n|player|p2|eltsurito|265|1139\n|gen|9\n|tier|[Gen 9 Champions] VGC 2026 Reg M-B (Bo3)\n|rated|\n|rule|Species Clause: Limit one of each Pokémon\n|rule|Item Clause: Limit 1 of each item\n|clearpoke\n|poke|p1|Blastoise, L50, F|\n|poke|p1|Delphox, L50, F|\n|poke|p1|Sinistcha-Masterpiece, L50|\n|poke|p1|Incineroar, L50, M|\n|poke|p1|Kingambit, L50, M|\n|poke|p1|Sneasler, L50, M|\n|poke|p2|Incineroar, L50, M|\n|poke|p2|Charizard, L50, F|\n|poke|p2|Garchomp, L50, M|\n|poke|p2|Venusaur, L50, M|\n|poke|p2|Sylveon, L50, M|\n|poke|p2|Toxapex, L50, F|\n|teampreview|4\n|showteam|p1|Blastoise||Blastoisinite|Torrent|WaterSpout,AuraSphere,ShellSmash,Protect|Timid||F|||50|]Delphox||Delphoxite|Blaze|HeatWave,Psychic,NastyPlot,Protect|Timid||F|||50|]Sinistcha-Masterpiece||OccaBerry|Hospitality|MatchaGotcha,RagePowder,LifeDew,Protect|Bold|||||50|]Incineroar||SitrusBerry|Intimidate|FlareBlitz,PartingShot,FakeOut,ThroatChop|Impish||M|||50|]Kingambit||ChopleBerry|Defiant|KowtowCleave,SuckerPunch,IronHead,LowKick|Adamant||M|||50|]Sneasler||WhiteHerb|Unburden|GunkShot,CloseCombat,FakeOut,Protect|Adamant||M|||50|\n|showteam|p2|Incineroar||SitrusBerry|Intimidate|FlareBlitz,FakeOut,DarkestLariat,PartingShot|Impish||M|||50|]Charizard||CharizarditeY|SolarPower|WeatherBall,HeatWave,AncientPower,Protect|Modest||F|||50|]Garchomp||ChoiceScarf|RoughSkin|RockSlide,DragonClaw,Earthquake,StompingTantrum|Adamant||M|||50|]Venusaur||LifeOrb|Chlorophyll|SludgeBomb,LeafStorm,EarthPower,Protect|Modest||M|||50|]Sylveon||FairyFeather|Pixilate|HyperVoice,QuickAttack,Yawn,Detect|Modest||M|||50|]Toxapex||Leftovers|Regenerator|Infestation,Toxic,WideGuard,BanefulBunker|Bold||F|||50|\n|n|☆caelexel|caelexel\n|inactive|Battle timer is ON: inactive players will automatically lose when time's up. (requested by caelexel)\n|\n|t:|1788405488\n|teamsize|p1|4\n|teamsize|p2|4\n|start\n|switch|p1a: Blastoise|Blastoise, L50, F|100/100\n|switch|p1b: Incineroar|Incineroar, L50, M|100/100\n|switch|p2a: Toxapex|Toxapex, L50, F|100/100\n|switch|p2b: Venusaur|Venusaur, L50, M|100/100\n|-ability|p1b: Incineroar|Intimidate|boost\n|-unboost|p2a: Toxapex|atk|1\n|-unboost|p2b: Venusaur|atk|1\n|turn|1\n|inactive|eltsurito has 30 seconds left.\n|\n|t:|1788405522\n|detailschange|p1a: Blastoise|Blastoise-Mega, L50, F\n|-mega|p1a: Blastoise|Blastoise|Blastoisinite\n|move|p1b: Incineroar|Fake Out|p2b: Venusaur\n|-damage|p2b: Venusaur|86/100\n|move|p1a: Blastoise|Shell Smash|p1a: Blastoise\n|-unboost|p1a: Blastoise|def|1\n|-unboost|p1a: Blastoise|spd|1\n|-boost|p1a: Blastoise|atk|2\n|-boost|p1a: Blastoise|spa|2\n|-boost|p1a: Blastoise|spe|2\n|cant|p2b: Venusaur|flinch\n|move|p2a: Toxapex|Infestation|p1a: Blastoise\n|-damage|p1a: Blastoise|94/100\n|-activate|p1a: Blastoise|move: Infestation|[of] p2a: Toxapex\n|\n|-damage|p1a: Blastoise|82/100|[from] move: Infestation|[partiallytrapped]\n|upkeep\n|turn|2\n|inactive|caelexel has 30 seconds left.\n|inactive|eltsurito has 30 seconds left.\n|inactive|eltsurito has 20 seconds left.\n|inactive|eltsurito has 15 seconds left.\n|inactive|eltsurito has 10 seconds left.\n|\n|t:|1788405570\n|switch|p1b: Sinistcha|Sinistcha-Masterpiece, L50|100/100\n|-heal|p1a: Blastoise|100/100|[from] ability: Hospitality|[of] p1b: Sinistcha\n|move|p2a: Toxapex|Wide Guard|p2a: Toxapex\n|-singleturn|p2a: Toxapex|Wide Guard\n|move|p1a: Blastoise|Water Spout|p2a: Toxapex|[spread] \n|-activate|p2a: Toxapex|move: Wide Guard\n|-activate|p2b: Venusaur|move: Wide Guard\n|move|p2b: Venusaur|Leaf Storm|p1a: Blastoise\n|-supereffective|p1a: Blastoise|1\n|-damage|p1a: Blastoise|0 fnt\n|-unboost|p2b: Venusaur|spa|2\n|faint|p1a: Blastoise\n|-damage|p2b: Venusaur|77/100|[from] item: Life Orb\n|\n|upkeep\n|\n|t:|1788405586\n|switch|p1a: Incineroar|Incineroar, L50, M|100/100\n|-ability|p1a: Incineroar|Intimidate|boost\n|-unboost|p2a: Toxapex|atk|1\n|-unboost|p2b: Venusaur|atk|1\n|turn|3\n|inactive|caelexel has 30 seconds left.\n|\n|t:|1788405616\n|switch|p2b: Incineroar|Incineroar, L50, M|100/100\n|-ability|p2b: Incineroar|Intimidate|boost\n|-unboost|p1a: Incineroar|atk|1\n|-unboost|p1b: Sinistcha|atk|1\n|move|p1b: Sinistcha|Matcha Gotcha|p2b: Incineroar|[spread] p2a,p2b\n|-resisted|p2b: Incineroar|1\n|-damage|p2a: Toxapex|82/100\n|-damage|p2b: Incineroar|88/100\n|move|p1a: Incineroar|Flare Blitz|p2b: Incineroar\n|-resisted|p2b: Incineroar|1\n|-damage|p2b: Incineroar|75/100\n|-damage|p1a: Incineroar|95/100|[from] Recoil\n|move|p2a: Toxapex|Infestation|p1b: Sinistcha\n|-damage|p1b: Sinistcha|96/100\n|-activate|p1b: Sinistcha|move: Infestation|[of] p2a: Toxapex\n|\n|-heal|p2a: Toxapex|87/100|[from] item: Leftovers\n|-damage|p1b: Sinistcha|84/100|[from] move: Infestation|[partiallytrapped]\n|upkeep\n|turn|4\n|inactive|caelexel has 30 seconds left.\n|inactive|eltsurito has 30 seconds left.\n|\n|t:|1788405643\n|move|p2b: Incineroar|Fake Out|p1a: Incineroar\n|-damage|p1a: Incineroar|87/100\n|move|p1b: Sinistcha|Matcha Gotcha|p2b: Incineroar|[spread] p2b\n|-miss|p1b: Sinistcha|p2a: Toxapex\n|-resisted|p2b: Incineroar|1\n|-damage|p2b: Incineroar|64/100\n|-heal|p1b: Sinistcha|90/100|[from] drain|[of] p2b: Incineroar\n|cant|p1a: Incineroar|flinch\n|move|p2a: Toxapex|Toxic|p1a: Incineroar\n|-status|p1a: Incineroar|tox\n|\n|-heal|p2a: Toxapex|93/100|[from] item: Leftovers\n|-damage|p1a: Incineroar|81/100 tox|[from] psn\n|-damage|p1b: Sinistcha|78/100|[from] move: Infestation|[partiallytrapped]\n|upkeep\n|turn|5\n|inactive|eltsurito has 30 seconds left.\n|\n|t:|1788405670\n|switch|p1a: Kingambit|Kingambit, L50, M|100/100\n|move|p1b: Sinistcha|Matcha Gotcha|p2b: Incineroar|[spread] p2a,p2b\n|-resisted|p2b: Incineroar|1\n|-damage|p2a: Toxapex|73/100\n|-heal|p1b: Sinistcha|87/100|[from] drain|[of] p2a: Toxapex\n|-damage|p2b: Incineroar|55/100\n|-heal|p1b: Sinistcha|92/100|[from] drain|[of] p2b: Incineroar\n|move|p2b: Incineroar|Parting Shot|p1a: Kingambit\n|-unboost|p1a: Kingambit|atk|1\n|-ability|p1a: Kingambit|Defiant|boost\n|-boost|p1a: Kingambit|atk|2\n|-unboost|p1a: Kingambit|spa|1\n|-ability|p1a: Kingambit|Defiant|boost\n|-boost|p1a: Kingambit|atk|2\n|\n|t:|1788405693\n|switch|p2b: Garchomp|Garchomp, L50, M|100/100|[from] Parting Shot\n|move|p2a: Toxapex|Toxic|p1b: Sinistcha\n|-status|p1b: Sinistcha|tox\n|\n|-heal|p2a: Toxapex|79/100|[from] item: Leftovers\n|-damage|p1b: Sinistcha|86/100 tox|[from] psn\n|-damage|p1b: Sinistcha|74/100 tox|[from] move: Infestation|[partiallytrapped]\n|upkeep\n|turn|6\n|inactive|eltsurito has 30 seconds left.\n|\n|t:|1788405721\n|switch|p2b: Venusaur|Venusaur, L50, M|77/100\n|move|p1a: Kingambit|Sucker Punch||[still]\n|-fail|p1a: Kingambit\n|move|p1b: Sinistcha|Matcha Gotcha|p2b: Venusaur|[spread] p2a,p2b\n|-resisted|p2b: Venusaur|2\n|-damage|p2a: Toxapex|61/100\n|-heal|p1b: Sinistcha|82/100 tox|[from] drain|[of] p2a: Toxapex\n|-damage|p2b: Venusaur|71/100\n|-heal|p1b: Sinistcha|84/100 tox|[from] drain|[of] p2b: Venusaur\n|move|p2a: Toxapex|Infestation|p1a: Kingambit\n|-damage|p1a: Kingambit|96/100\n|-activate|p1a: Kingambit|move: Infestation|[of] p2a: Toxapex\n|\n|-heal|p2a: Toxapex|67/100|[from] item: Leftovers\n|-damage|p1b: Sinistcha|72/100 tox|[from] psn\n|-damage|p1b: Sinistcha|60/100 tox|[from] move: Infestation|[partiallytrapped]\n|-damage|p1a: Kingambit|84/100|[from] move: Infestation|[partiallytrapped]\n|upkeep\n|turn|7\n|inactive|caelexel has 30 seconds left.\n|inactive|eltsurito has 30 seconds left.\n|\n|t:|1788405753\n|move|p2a: Toxapex|Wide Guard|p2a: Toxapex\n|-singleturn|p2a: Toxapex|Wide Guard\n|move|p2b: Venusaur|Earth Power|p1a: Kingambit\n|-supereffective|p1a: Kingambit|1\n|-damage|p1a: Kingambit|14/100\n|-damage|p2b: Venusaur|61/100|[from] item: Life Orb\n|move|p1b: Sinistcha|Life Dew|p1b: Sinistcha|[spread] p1a,p1b\n|-heal|p1a: Kingambit|39/100\n|-heal|p1b: Sinistcha|85/100 tox\n|move|p1a: Kingambit|Kowtow Cleave|p2a: Toxapex\n|-damage|p2a: Toxapex|0 fnt\n|faint|p2a: Toxapex\n|\n|-damage|p1b: Sinistcha|66/100 tox|[from] psn\n|-end|p1b: Sinistcha|Infestation|[partiallytrapped]\n|-end|p1a: Kingambit|Infestation|[partiallytrapped]|[silent]\n|upkeep\n|\n|t:|1788405769\n|switch|p2a: Garchomp|Garchomp, L50, M|100/100\n|turn|8\n|\n|t:|1788405781\n|move|p2b: Venusaur|Protect|p2b: Venusaur\n|-singleturn|p2b: Venusaur|Protect\n|move|p1a: Kingambit|Sucker Punch||[still]\n|-fail|p1a: Kingambit\n|move|p2a: Garchomp|Earthquake|p1b: Sinistcha|[spread] p1a,p1b\n|-activate|p2b: Venusaur|move: Protect\n|-supereffective|p1a: Kingambit|1\n|-resisted|p1b: Sinistcha|1\n|-damage|p1a: Kingambit|0 fnt\n|-damage|p1b: Sinistcha|53/100 tox\n|faint|p1a: Kingambit\n|move|p1b: Sinistcha|Matcha Gotcha|p2a: Garchomp|[spread] p2a\n|-activate|p2b: Venusaur|move: Protect\n|-damage|p2a: Garchomp|71/100\n|-heal|p1b: Sinistcha|67/100 tox|[from] drain|[of] p2a: Garchomp\n|\n|-damage|p1b: Sinistcha|43/100 tox|[from] psn\n|upkeep\n|\n|t:|1788405802\n|switch|p1a: Incineroar|Incineroar, L50, M|81/100 tox\n|-ability|p1a: Incineroar|Intimidate|boost\n|-unboost|p2a: Garchomp|atk|1\n|-unboost|p2b: Venusaur|atk|1\n|turn|9\n|inactive|eltsurito has 30 seconds left.\n|\n|t:|1788405827\n|switch|p2a: Incineroar|Incineroar, L50, M|55/100\n|-ability|p2a: Incineroar|Intimidate|boost\n|-unboost|p1a: Incineroar|atk|1\n|-unboost|p1b: Sinistcha|atk|1\n|move|p2b: Venusaur|Protect||[still]\n|-fail|p2b: Venusaur\n|move|p1b: Sinistcha|Life Dew|p1b: Sinistcha|[spread] p1a,p1b\n|-heal|p1a: Incineroar|100/100 tox\n|-heal|p1b: Sinistcha|68/100 tox\n|move|p1a: Incineroar|Flare Blitz|p2b: Venusaur\n|-supereffective|p2b: Venusaur|1\n|-damage|p2b: Venusaur|0 fnt\n|faint|p2b: Venusaur\n|-damage|p1a: Incineroar|84/100 tox|[from] Recoil\n|\n|-damage|p1b: Sinistcha|37/100 tox|[from] psn\n|-damage|p1a: Incineroar|78/100 tox|[from] psn\n|upkeep\n|\n|t:|1788405843\n|switch|p2b: Garchomp|Garchomp, L50, M|71/100\n|turn|10\n|\n|t:|1788405855\n|move|p2a: Incineroar|Fake Out|p1a: Incineroar\n|-damage|p1a: Incineroar|70/100 tox\n|move|p2b: Garchomp|Stomping Tantrum|p1a: Incineroar\n|-supereffective|p1a: Incineroar|1\n|-damage|p1a: Incineroar|9/100 tox\n|-enditem|p1a: Incineroar|Sitrus Berry|[eat]\n|-heal|p1a: Incineroar|34/100 tox|[from] item: Sitrus Berry\n|move|p1b: Sinistcha|Matcha Gotcha|p2b: Garchomp|[spread] p2a,p2b\n|-resisted|p2a: Incineroar|1\n|-damage|p2a: Incineroar|45/100\n|-heal|p1b: Sinistcha|43/100 tox|[from] drain|[of] p2a: Incineroar\n|-damage|p2b: Garchomp|45/100\n|-heal|p1b: Sinistcha|57/100 tox|[from] drain|[of] p2b: Garchomp\n|-enditem|p2a: Incineroar|Sitrus Berry|[eat]\n|-heal|p2a: Incineroar|69/100|[from] item: Sitrus Berry\n|cant|p1a: Incineroar|flinch\n|\n|-damage|p1b: Sinistcha|20/100y tox|[from] psn\n|-damage|p1a: Incineroar|22/100 tox|[from] psn\n|upkeep\n|turn|11\n|inactive|caelexel has 30 seconds left.\n|\n|t:|1788405881\n|move|p2b: Garchomp|Stomping Tantrum|p1a: Incineroar\n|-supereffective|p1a: Incineroar|1\n|-damage|p1a: Incineroar|0 fnt\n|faint|p1a: Incineroar\n|move|p1b: Sinistcha|Matcha Gotcha|p2b: Garchomp|[spread] p2a,p2b\n|-resisted|p2a: Incineroar|1\n|-damage|p2a: Incineroar|60/100\n|-heal|p1b: Sinistcha|25/100 tox|[from] drain|[of] p2a: Incineroar\n|-damage|p2b: Garchomp|17/100\n|-heal|p1b: Sinistcha|40/100 tox|[from] drain|[of] p2b: Garchomp\n|move|p2a: Incineroar|Darkest Lariat|p1b: Sinistcha\n|-supereffective|p1b: Sinistcha|1\n|-damage|p1b: Sinistcha|0 fnt\n|faint|p1b: Sinistcha\n|\n|win|eltsurito\n|inactive|caelexel has 30 seconds to confirm battle start!\n|inactive|eltsurito has 30 seconds to confirm battle start!\n|l|☆caelexel\n|player|p1|\n||eltsurito is ready for game 2.\n","uploadtime":1788405897,"views":"0","formatid":"gen9championsvgc2026regmbbo3","rating":null,"private":0,"password":null}