{"id":"gen9championsvgc2026regmb-2674619112","format":"[Gen 9 Champions] VGC 2026 Reg M-B","players":["PandaMan7567","It’sJustKen VGC"],"log":"|j|☆PandaMan7567\n|j|☆It’sJustKen VGC\n|html|<table width=\"100%\"><tr><td align=\"left\">PandaMan7567</td><td align=\"right\">It’sJustKen VGC</tr><tr><td align=\"left\"><i class=\"fa fa-circle-o\"></i> <i class=\"fa fa-circle-o\"></i> </td><td align=\"right\"><i class=\"fa fa-circle-o\"></i> <i class=\"fa fa-circle-o\"></i> </tr></table>\n|uhtml|bestof|<h2><strong>Game 1</strong> of <a href=\"/game-bestof3-gen9championsvgc2026regmb-2674619111\">a best-of-3</a></h2>\n|t:|1788381068\n|gametype|doubles\n|player|p1|PandaMan7567|ghetsis|\n|player|p2|It’sJustKen VGC|266|\n|gen|9\n|tier|[Gen 9 Champions] VGC 2026 Reg M-B\n|rated|Tournament battle\n|rule|Species Clause: Limit one of each Pokémon\n|rule|Item Clause: Limit 1 of each item\n|raw|<div class=\"infobox\"><details class=\"readmore\" open><summary><strong>2 custom rules:</strong></summary> Force Open Team Sheets, Best of = 3</details></div>\n|clearpoke\n|poke|p1|Dragonite, L50, M, shiny|\n|poke|p1|Kingambit, L50, F|\n|poke|p1|Floette-Eternal, L50, F|\n|poke|p1|Garchomp, L50, M|\n|poke|p1|Talonflame, L50, M|\n|poke|p1|Sneasler, L50, F|\n|poke|p2|Farigiraf, L50, M|\n|poke|p2|Incineroar, L50, F|\n|poke|p2|Torkoal, L50, M|\n|poke|p2|Floette-Eternal, L50, F|\n|poke|p2|Whimsicott, L50, M|\n|poke|p2|Typhlosion-Hisui, L50, F|\n|teampreview|4\n|showteam|p1|Dragonite||Dragoninite|Multiscale|DragonPulse,HeatWave,Thunderbolt,Protect|Modest||M|||50|]Kingambit||FocusSash|Defiant|IronHead,SuckerPunch,KowtowCleave,Protect|Adamant||F|||50|]Floette-Eternal||Floettite|FlowerVeil|LightofRuin,DazzlingGleam,Moonblast,Protect|Modest||F|||50|]Garchomp||LifeOrb|RoughSkin|RockSlide,Earthquake,DragonClaw,Protect|Jolly||M|||50|]Talonflame||SharpBeak|GaleWings|DualWingbeat,FlareBlitz,Tailwind,Protect|Jolly||M|||50|]Sneasler||WhiteHerb|Unburden|DireClaw,CloseCombat,FakeOut,Protect|Jolly||F|||50|\n|showteam|p2|Farigiraf||LifeOrb|ArmorTail|HyperVoice,Psychic,TrickRoom,HelpingHand|Quiet||M|||50|]Incineroar||WhiteHerb|Intimidate|FakeOut,FlareBlitz,ThroatChop,CloseCombat|Brave||F|||50|]Torkoal||Charcoal|Drought|Protect,Eruption,WeatherBall,HelpingHand|Quiet||M|||50|]Floette-Eternal||Floettite|FlowerVeil|Protect,Moonblast,DazzlingGleam,LightofRuin|Modest||F|||50|]Whimsicott||FairyFeather|Prankster|Tailwind,Encore,FakeTears,Moonblast|Modest||M|||50|]Typhlosion-Hisui||ChoiceScarf|Frisk|Eruption,HeatWave,ShadowBall,Overheat|Modest||F|||50|\n|inactive|Battle timer is ON: inactive players will automatically lose when time's up. (requested by It’sJustKen VGC)\n|inactive|PandaMan7567 has 60 seconds left.\n|\n|t:|1788381108\n|teamsize|p1|4\n|teamsize|p2|4\n|start\n|switch|p1a: Talonflame|Talonflame, L50, M|100/100\n|switch|p1b: Garchomp|Garchomp, L50, M|100/100\n|switch|p2a: Farigiraf|Farigiraf, L50, M|100/100\n|switch|p2b: Typhlosion|Typhlosion-Hisui, L50, F|100/100\n|-item|p1a: Talonflame|Sharp Beak|[from] ability: Frisk|[of] p2b: Typhlosion\n|-item|p1b: Garchomp|Life Orb|[from] ability: Frisk|[of] p2b: Typhlosion\n|turn|1\n|\n|t:|1788381119\n|switch|p2b: Incineroar|Incineroar, L50, F|100/100\n|-ability|p2b: Incineroar|Intimidate|boost\n|-unboost|p1a: Talonflame|atk|1\n|-unboost|p1b: Garchomp|atk|1\n|move|p1a: Talonflame|Flare Blitz|p2a: Farigiraf\n|-crit|p2a: Farigiraf\n|-damage|p2a: Farigiraf|35/100\n|-damage|p1a: Talonflame|67/100|[from] Recoil\n|move|p1b: Garchomp|Earthquake|p2b: Incineroar|[spread] p2a,p2b\n|-immune|p1a: Talonflame\n|-supereffective|p2b: Incineroar|1\n|-damage|p2a: Farigiraf|1/100\n|-damage|p2b: Incineroar|40/100\n|-damage|p1b: Garchomp|90/100|[from] item: Life Orb\n|move|p2a: Farigiraf|Trick Room|p2a: Farigiraf\n|-fieldstart|move: Trick Room|[of] p2a: Farigiraf\n|\n|upkeep\n|turn|2\n|j| Cdogp\n|l| Cdogp\n|inactive|PandaMan7567 has 30 seconds left.\n|j| Cdogp\n|\n|t:|1788381151\n|move|p1b: Garchomp|Protect|p1b: Garchomp\n|-singleturn|p1b: Garchomp|Protect\n|move|p1a: Talonflame|Protect|p1a: Talonflame\n|-singleturn|p1a: Talonflame|Protect\n|move|p2b: Incineroar|Fake Out|p1b: Garchomp\n|-activate|p1b: Garchomp|move: Protect\n|move|p2a: Farigiraf|Hyper Voice|p1a: Talonflame|[spread] \n|-activate|p1a: Talonflame|move: Protect\n|-activate|p1b: Garchomp|move: Protect\n|\n|upkeep\n|turn|3\n|j| TheOneAndOnlyChat\n|j| TG511\n|\n|t:|1788381168\n|switch|p1a: Dragonite|Dragonite, L50, M, shiny|100/100\n|move|p2b: Incineroar|Throat Chop|p1b: Garchomp\n|-damage|p1b: Garchomp|48/100\n|-start|p1b: Garchomp|Throat Chop|[silent]\n|-damage|p2b: Incineroar|28/100|[from] ability: Rough Skin|[of] p1b: Garchomp\n|move|p2a: Farigiraf|Hyper Voice|p1a: Dragonite|[spread] p1a,p1b\n|-damage|p1a: Dragonite|75/100\n|-damage|p1b: Garchomp|0 fnt\n|faint|p1b: Garchomp\n|-damage|p2a: Farigiraf|0 fnt|[from] item: Life Orb\n|faint|p2a: Farigiraf\n|\n|upkeep\n|\n|t:|1788381178\n|switch|p2a: Torkoal|Torkoal, L50, M|100/100\n|switch|p1b: Kingambit|Kingambit, L50, F|100/100\n|-weather|SunnyDay|[from] ability: Drought|[of] p2a: Torkoal\n|turn|4\n|\n|t:|1788381190\n|move|p1b: Kingambit|Protect|p1b: Kingambit\n|-singleturn|p1b: Kingambit|Protect\n|move|p1a: Dragonite|Protect|p1a: Dragonite\n|-singleturn|p1a: Dragonite|Protect\n|move|p2a: Torkoal|Eruption|p1b: Kingambit|[spread] \n|-activate|p1a: Dragonite|move: Protect\n|-activate|p1b: Kingambit|move: Protect\n|move|p2b: Incineroar|Throat Chop|p1a: Dragonite\n|-activate|p1a: Dragonite|move: Protect\n|\n|-weather|SunnyDay|[upkeep]\n|upkeep\n|turn|5\n|\n|t:|1788381210\n|switch|p1b: Talonflame|Talonflame, L50, M|67/100\n|detailschange|p1a: Dragonite|Dragonite-Mega, L50, M, shiny\n|-mega|p1a: Dragonite|Dragonite|Dragoninite\n|move|p2a: Torkoal|Eruption|p1b: Talonflame|[spread] p1a,p1b\n|-resisted|p1a: Dragonite|1\n|-resisted|p1b: Talonflame|1\n|-damage|p1a: Dragonite|40/100\n|-damage|p1b: Talonflame|5/100\n|move|p2b: Incineroar|Throat Chop|p1b: Talonflame\n|-damage|p1b: Talonflame|0 fnt\n|faint|p1b: Talonflame\n|move|p1a: Dragonite|Dragon Pulse|p2a: Torkoal\n|-damage|p2a: Torkoal|28/100\n|\n|-weather|SunnyDay|[upkeep]\n|-fieldend|move: Trick Room\n|upkeep\n|\n|t:|1788381220\n|switch|p1b: Kingambit|Kingambit, L50, F|100/100\n|turn|6\n|\n|t:|1788381232\n|move|p1a: Dragonite|Dragon Pulse|p2b: Incineroar\n|-damage|p2b: Incineroar|0 fnt\n|faint|p2b: Incineroar\n|move|p1b: Kingambit|Kowtow Cleave|p2a: Torkoal\n|-damage|p2a: Torkoal|0 fnt\n|faint|p2a: Torkoal\n|\n|-weather|SunnyDay|[upkeep]\n|upkeep\n|\n|t:|1788381235\n|switch|p2a: Typhlosion|Typhlosion-Hisui, L50, F|100/100\n|-item|p1a: Dragonite|Dragoninite|[from] ability: Frisk|[of] p2a: Typhlosion\n|-item|p1b: Kingambit|Focus Sash|[from] ability: Frisk|[of] p2a: Typhlosion\n|turn|7\n|\n|t:|1788381240\n|move|p1b: Kingambit|Sucker Punch|p2a: Typhlosion\n|-supereffective|p2a: Typhlosion|1\n|-damage|p2a: Typhlosion|0 fnt\n|faint|p2a: Typhlosion\n|\n|win|PandaMan7567\n","uploadtime":1788381240,"views":"10","formatid":"gen9championsvgc2026regmb","rating":null,"private":0,"password":null}