{"id":"gen9championsvgc2026regmb-2674715709","format":"[Gen 9 Champions] VGC 2026 Reg M-B","players":["dragonkitty17","Rillabossman"],"log":"|j|☆dragonkitty17\n|j|☆Rillabossman\n|t:|1788394961\n|gametype|doubles\n|player|p1|dragonkitty17|wallace|\n|player|p2|Rillabossman|burglar|\n|gen|9\n|tier|[Gen 9 Champions] VGC 2026 Reg M-B\n|rated|Tournament battle\n|rule|Species Clause: Limit one of each Pokémon\n|rule|Item Clause: Limit 1 of each item\n|raw|<div class=\"infobox\"><details class=\"readmore\" open><summary><strong>1 custom rule:</strong></summary> Force Open Team Sheets</details></div>\n|clearpoke\n|poke|p1|Aerodactyl, L50, M|\n|poke|p1|Kingambit, L50, M|\n|poke|p1|Sylveon, L50, M|\n|poke|p1|Garchomp, L50, M|\n|poke|p1|Charizard, L50, M|\n|poke|p1|Incineroar, L50, M|\n|poke|p2|Gengar, L50, F|\n|poke|p2|Incineroar, L50, M|\n|poke|p2|Azumarill, L50, M|\n|poke|p2|Sinistcha-Masterpiece, L50|\n|poke|p2|Kommo-o, L50, M|\n|poke|p2|Tyranitar, L50, M|\n|teampreview|4\n|showteam|p1|Aerodactyl||Aerodactylite|Unnerve|RockSlide,IceFang,Tailwind,WideGuard|Jolly||M|||50|]Kingambit||FocusSash|Defiant|KowtowCleave,SuckerPunch,IronHead,Protect|Adamant||M|||50|]Sylveon||FairyFeather|Pixilate|Detect,HyperVoice,HyperBeam,QuickAttack|Modest||M|||50|]Garchomp||LifeOrb|RoughSkin|Earthquake,DragonClaw,StompingTantrum,Protect|Jolly||M|||50|]Charizard||CharizarditeY|Blaze|Protect,HeatWave,SolarBeam,WeatherBall|Modest||M|||50|]Incineroar||SitrusBerry|Intimidate|DarkestLariat,FlareBlitz,FakeOut,PartingShot|Impish||M|||50|\n|showteam|p2|Gengar||Gengarite|CursedBody|SludgeBomb,ShadowBall,Substitute,Protect|Timid||F|||50|]Incineroar||ShucaBerry|Intimidate|FakeOut,FlareBlitz,PartingShot,ThroatChop|Careful||M|||50|]Azumarill||SitrusBerry|HugePower|BellyDrum,AquaJet,PlayRough,Protect|Adamant||M|||50|]Sinistcha-Masterpiece||OccaBerry|Hospitality|RagePowder,MatchaGotcha,LifeDew,Protect|Bold|||||50|]Kommo-o||Leftovers|Soundproof|ClangingScales,ClangorousSoul,AuraSphere,Protect|Modest||M|||50|]Tyranitar||ChoiceScarf|SandStream|KnockOff,RockSlide,LowKick,IcePunch|Adamant||M|||50|\n|inactive|Battle timer is ON: inactive players will automatically lose when time's up. (requested by dragonkitty17)\n|c|☆Rillabossman|glhf\n|j| LFGamer2009\n|c|☆dragonkitty17|you as well\n|inactive|dragonkitty17 has 60 seconds left.\n|inactive|dragonkitty17 has 30 seconds left.\n|inactive|dragonkitty17 has 20 seconds left.\n|\n|t:|1788395033\n|teamsize|p1|4\n|teamsize|p2|4\n|start\n|switch|p1a: Kingambit|Kingambit, L50, M|100/100\n|switch|p1b: Garchomp|Garchomp, L50, M|100/100\n|switch|p2a: King of Pop|Incineroar, L50, M|100/100\n|switch|p2b: Aretha|Azumarill, L50, M|100/100\n|-ability|p2a: King of Pop|Intimidate|boost\n|-unboost|p1a: Kingambit|atk|1\n|-ability|p1a: Kingambit|Defiant|boost\n|-boost|p1a: Kingambit|atk|2\n|-unboost|p1b: Garchomp|atk|1\n|turn|1\n|inactive|dragonkitty17 has 30 seconds left.\n|inactive|Rillabossman has 30 seconds left.\n|\n|t:|1788395068\n|switch|p1a: Charizard|Charizard, L50, M|100/100\n|move|p1b: Garchomp|Earthquake|p2b: Aretha|[spread] p2a,p2b\n|-immune|p1a: Charizard\n|-supereffective|p2a: King of Pop|1\n|-enditem|p2a: King of Pop|Shuca Berry|[eat]\n|-enditem|p2a: King of Pop|Shuca Berry|[weaken]\n|-damage|p2a: King of Pop|68/100\n|-damage|p2b: Aretha|64/100\n|-damage|p1b: Garchomp|90/100|[from] item: Life Orb\n|move|p2a: King of Pop|Flare Blitz|p1a: Charizard\n|-resisted|p1a: Charizard|1\n|-damage|p1a: Charizard|76/100\n|-damage|p2a: King of Pop|61/100|[from] Recoil\n|move|p2b: Aretha|Play Rough|p1b: Garchomp\n|-supereffective|p1b: Garchomp|1\n|-crit|p1b: Garchomp\n|-damage|p1b: Garchomp|0 fnt\n|-damage|p2b: Aretha|52/100|[from] ability: Rough Skin|[of] p1b: Garchomp\n|faint|p1b: Garchomp\n|\n|upkeep\n|j|+Serapis\n|j| CornAria\n|inactive|dragonkitty17 has 30 seconds left.\n|l|+Serapis\n|inactive|dragonkitty17 has 20 seconds left.\n|\n|t:|1788395105\n|switch|p1b: Incineroar|Incineroar, L50, M|100/100\n|-ability|p1b: Incineroar|Intimidate|boost\n|-unboost|p2a: King of Pop|atk|1\n|-unboost|p2b: Aretha|atk|1\n|turn|2\n|\n|t:|1788395122\n|switch|p1b: Kingambit|Kingambit, L50, M|100/100\n|detailschange|p1a: Charizard|Charizard-Mega-Y, L50, M\n|-mega|p1a: Charizard|Charizard|Charizardite Y\n|-weather|SunnyDay|[from] ability: Drought|[of] p1a: Charizard\n|move|p2b: Aretha|Protect|p2b: Aretha\n|-singleturn|p2b: Aretha|Protect\n|move|p1a: Charizard|Heat Wave|p2a: King of Pop|[spread] p2a\n|-activate|p2b: Aretha|move: Protect\n|-resisted|p2a: King of Pop|1\n|-damage|p2a: King of Pop|39/100\n|move|p2a: King of Pop|Flare Blitz|p1a: Charizard\n|-resisted|p1a: Charizard|1\n|-damage|p1a: Charizard|52/100\n|-damage|p2a: King of Pop|31/100|[from] Recoil\n|\n|-weather|SunnyDay|[upkeep]\n|upkeep\n|turn|3\n|inactive|Rillabossman has 30 seconds left.\n|\n|t:|1788395156\n|switch|p2b: Marvin|Tyranitar, L50, M|100/100\n|-weather|Sandstorm|[from] ability: Sand Stream|[of] p2b: Marvin\n|move|p1b: Kingambit|Sucker Punch|p2a: King of Pop\n|-resisted|p2a: King of Pop|1\n|-damage|p2a: King of Pop|13/100\n|move|p1a: Charizard|Heat Wave|p2b: Marvin|[spread] p2a,p2b\n|-resisted|p2a: King of Pop|1\n|-resisted|p2b: Marvin|1\n|-damage|p2a: King of Pop|0 fnt\n|-damage|p2b: Marvin|85/100\n|faint|p2a: King of Pop\n|\n|-weather|Sandstorm|[upkeep]\n|-damage|p1a: Charizard|46/100|[from] Sandstorm\n|upkeep\n|\n|t:|1788395166\n|switch|p2a: Aretha|Azumarill, L50, M|52/100\n|turn|4\n|\n|t:|1788395180\n|switch|p1a: Incineroar|Incineroar, L50, M|100/100\n|-ability|p1a: Incineroar|Intimidate|boost\n|-unboost|p2a: Aretha|atk|1\n|-unboost|p2b: Marvin|atk|1\n|move|p1b: Kingambit|Protect|p1b: Kingambit\n|-singleturn|p1b: Kingambit|Protect\n|move|p2b: Marvin|Low Kick|p1b: Kingambit\n|-activate|p1b: Kingambit|move: Protect\n|move|p2a: Aretha|Belly Drum|p2a: Aretha\n|-damage|p2a: Aretha|2/100\n|-setboost|p2a: Aretha|atk|6|[from] move: Belly Drum\n|-enditem|p2a: Aretha|Sitrus Berry|[eat]\n|-heal|p2a: Aretha|27/100|[from] item: Sitrus Berry\n|\n|-weather|Sandstorm|[upkeep]\n|-damage|p2a: Aretha|20/100y|[from] Sandstorm\n|-damage|p1a: Incineroar|94/100|[from] Sandstorm\n|upkeep\n|turn|5\n|\n|t:|1788395208\n|switch|p1b: Charizard|Charizard-Mega-Y, L50, M|46/100\n|-weather|SunnyDay|[from] ability: Drought|[of] p1b: Charizard\n|move|p1a: Incineroar|Fake Out|p2a: Aretha\n|-damage|p2a: Aretha|9/100\n|cant|p2a: Aretha|flinch\n|move|p2b: Marvin|Low Kick|p1b: Charizard\n|-resisted|p1b: Charizard|1\n|-damage|p1b: Charizard|31/100\n|\n|-weather|SunnyDay|[upkeep]\n|upkeep\n|turn|6\n|j| Uzuki Hirokawa\n|inactive|dragonkitty17 has 30 seconds left.\n|inactive|dragonkitty17 has 20 seconds left.\n|\n|t:|1788395246\n|switch|p2b: Stevie|Sinistcha-Masterpiece, L50|100/100\n|-heal|p2a: Aretha|34/100|[from] ability: Hospitality|[of] p2b: Stevie\n|move|p1b: Charizard|Protect|p1b: Charizard\n|-singleturn|p1b: Charizard|Protect\n|move|p2a: Aretha|Protect|p2a: Aretha\n|-singleturn|p2a: Aretha|Protect\n|move|p1a: Incineroar|Flare Blitz|p2a: Aretha\n|-activate|p2a: Aretha|move: Protect\n|\n|-weather|SunnyDay|[upkeep]\n|upkeep\n|turn|7\n|\n|t:|1788395261\n|switch|p2b: Marvin|Tyranitar, L50, M|85/100\n|-weather|Sandstorm|[from] ability: Sand Stream|[of] p2b: Marvin\n|move|p2a: Aretha|Aqua Jet|p1a: Incineroar\n|-supereffective|p1a: Incineroar|1\n|-damage|p1a: Incineroar|0 fnt\n|faint|p1a: Incineroar\n|move|p1b: Charizard|Solar Beam||[still]\n|-prepare|p1b: Charizard|Solar Beam\n|\n|-weather|Sandstorm|[upkeep]\n|-damage|p1b: Charizard|25/100|[from] Sandstorm\n|-damage|p2a: Aretha|28/100|[from] Sandstorm\n|upkeep\n|j| eren honyao\n|\n|t:|1788395269\n|switch|p1a: Kingambit|Kingambit, L50, M|100/100\n|turn|8\n|\n|t:|1788395273\n|move|p2a: Aretha|Aqua Jet|p1a: Kingambit\n|-damage|p1a: Kingambit|18/100\n|move|p2b: Marvin|Rock Slide|p1a: Kingambit|[spread] p1a,p1b\n|-resisted|p1a: Kingambit|1\n|-supereffective|p1b: Charizard|2\n|-damage|p1a: Kingambit|4/100\n|-damage|p1b: Charizard|0 fnt\n|faint|p1b: Charizard\n|move|p1a: Kingambit|Iron Head|p2b: Marvin\n|-supereffective|p2b: Marvin|1\n|-damage|p2b: Marvin|1/100\n|\n|-weather|Sandstorm|[upkeep]\n|-damage|p2a: Aretha|21/100|[from] Sandstorm\n|upkeep\n|turn|9\n|c|☆dragonkitty17|gg\n|c|☆Rillabossman|gg\n|\n|t:|1788395284\n|move|p1a: Kingambit|Sucker Punch|p2a: Aretha\n|-resisted|p2a: Aretha|1\n|-damage|p2a: Aretha|0 fnt\n|faint|p2a: Aretha\n|move|p2b: Marvin|Rock Slide|p1a: Kingambit\n|-resisted|p1a: Kingambit|1\n|-damage|p1a: Kingambit|0 fnt\n|faint|p1a: Kingambit\n|\n|win|Rillabossman\n|n|☆dragonkitty17|dragonkitty17\n|n|☆Rillabossman|rillabossman\n|n| LFGamer2009|lfgamer2009\n|n| CornAria|cornaria\n|n| Uzuki Hirokawa|uzukihirokawa\n|n| eren honyao|erenhonyao\n|l| eren honyao\n|l| Uzuki Hirokawa\n|l| LFGamer2009\n","uploadtime":1788395947,"views":"0","formatid":"gen9championsvgc2026regmb","rating":null,"private":0,"password":null}