{"id":"gen9championsvgc2026regmb-2674622135","format":"[Gen 9 Champions] VGC 2026 Reg M-B","players":["Catyreiji","kkrrlgmmg"],"log":"|j|☆Catyreiji\n|j|☆kkrrlgmmg\n|t:|1788381436\n|gametype|doubles\n|player|p1|Catyreiji|2|1000\n|player|p2|kkrrlgmmg|clerk|1079\n|gen|9\n|tier|[Gen 9 Champions] VGC 2026 Reg M-B\n|rated|\n|rule|Species Clause: Limit one of each Pokémon\n|rule|Item Clause: Limit 1 of each item\n|clearpoke\n|poke|p1|Scolipede, L50, M|\n|poke|p1|Sneasler, L50, M|\n|poke|p1|Sinistcha, L50|\n|poke|p1|Gholdengo, L50|\n|poke|p1|Rotom-Wash, L50|\n|poke|p1|Incineroar, L50, F|\n|poke|p2|Charizard, L50, F|\n|poke|p2|Swampert, L50, M|\n|poke|p2|Pelipper, L50, F|\n|poke|p2|Archaludon, L50, M|\n|poke|p2|Grimmsnarl, L50, M|\n|poke|p2|Venusaur, L50, F|\n|teampreview|4\n|\n|t:|1788381456\n|teamsize|p1|4\n|teamsize|p2|4\n|start\n|switch|p1a: Sinistcha|Sinistcha, L50|100/100\n|switch|p1b: Sneasler|Sneasler, L50, M|100/100\n|switch|p2a: Swampert|Swampert, L50, M|100/100\n|switch|p2b: Grimmsnarl|Grimmsnarl, L50, M|100/100\n|turn|1\n|\n|t:|1788381480\n|switch|p2b: Pelipper|Pelipper, L50, F|100/100\n|-weather|RainDance|[from] ability: Drizzle|[of] p2b: Pelipper\n|move|p1b: Sneasler|Fake Out|p2a: Swampert\n|-damage|p2a: Swampert|86/100\n|cant|p2a: Swampert|flinch\n|move|p1a: Sinistcha|Trick Room|p1a: Sinistcha\n|-fieldstart|move: Trick Room|[of] p1a: Sinistcha\n|\n|-weather|RainDance|[upkeep]\n|upkeep\n|turn|2\n|\n|t:|1788381497\n|move|p1a: Sinistcha|Substitute|p1a: Sinistcha\n|-start|p1a: Sinistcha|Substitute\n|-damage|p1a: Sinistcha|75/100\n|move|p2a: Swampert|Earthquake|p1b: Sneasler|[spread] p1a,p1b\n|-immune|p2b: Pelipper\n|-resisted|p1a: Sinistcha|1\n|-activate|p1a: Sinistcha|move: Substitute|[damage]\n|-supereffective|p1b: Sneasler|1\n|-enditem|p1b: Sneasler|Focus Sash\n|-damage|p1b: Sneasler|1/100\n|move|p2b: Pelipper|Hurricane|p1a: Sinistcha\n|-supereffective|p1a: Sinistcha|1\n|-end|p1a: Sinistcha|Substitute\n|move|p1b: Sneasler|U-turn|p2a: Swampert\n|-damage|p2a: Swampert|63/100\n|-status|p2a: Swampert|psn|[from] ability: Poison Touch|[of] p1b: Sneasler\n|\n|t:|1788381512\n|switch|p1b: Scolipede|Scolipede, L50, M|100/100|[from] U-turn\n|\n|-weather|RainDance|[upkeep]\n|-heal|p1a: Sinistcha|81/100|[from] item: Leftovers\n|-damage|p2a: Swampert|51/100 psn|[from] psn\n|upkeep\n|turn|3\n|\n|t:|1788381524\n|switch|p2a: Archaludon|Archaludon, L50, M|100/100\n|detailschange|p1b: Scolipede|Scolipede-Mega, L50, M\n|-mega|p1b: Scolipede|Scolipede|Scolipite\n|move|p1a: Sinistcha|Life Dew||[still]|[spread] p1a,p1b\n|-heal|p1a: Sinistcha|100/100\n|-fail|p1b: Scolipede|heal\n|move|p1b: Scolipede|Gunk Shot|p2a: Archaludon\n|-immune|p2a: Archaludon\n|move|p2b: Pelipper|Hurricane|p1a: Sinistcha\n|-supereffective|p1a: Sinistcha|1\n|-damage|p1a: Sinistcha|4/100\n|\n|-weather|RainDance|[upkeep]\n|-heal|p1a: Sinistcha|10/100|[from] item: Leftovers\n|upkeep\n|turn|4\n|\n|t:|1788381547\n|move|p1a: Sinistcha|Matcha Gotcha|p2b: Pelipper|[spread] p2a,p2b\n|-resisted|p2a: Archaludon|2\n|-damage|p2a: Archaludon|93/100\n|-heal|p1a: Sinistcha|14/100|[from] drain|[of] p2a: Archaludon\n|-damage|p2b: Pelipper|54/100\n|-heal|p1a: Sinistcha|32/100|[from] drain|[of] p2b: Pelipper\n|-status|p2b: Pelipper|brn\n|-ability|p2a: Archaludon|Stamina|boost\n|-boost|p2a: Archaludon|def|1\n|move|p2a: Archaludon|Electro Shot||[still]\n|-prepare|p2a: Archaludon|Electro Shot\n|-boost|p2a: Archaludon|spa|1\n|-anim|p2a: Archaludon|Electro Shot|p1b: Scolipede\n|-damage|p1b: Scolipede|31/100\n|move|p1b: Scolipede|Megahorn|p2b: Pelipper\n|-resisted|p2b: Pelipper|1\n|-damage|p2b: Pelipper|14/100 brn\n|move|p2b: Pelipper|Hurricane|p1a: Sinistcha\n|-supereffective|p1a: Sinistcha|1\n|-damage|p1a: Sinistcha|0 fnt\n|faint|p1a: Sinistcha\n|\n|-weather|RainDance|[upkeep]\n|-heal|p2a: Archaludon|99/100|[from] item: Leftovers\n|-damage|p2b: Pelipper|8/100 brn|[from] brn\n|upkeep\n|\n|t:|1788381571\n|switch|p1a: Gholdengo|Gholdengo, L50|100/100\n|turn|5\n|\n|t:|1788381577\n|move|p1b: Scolipede|Protect|p1b: Scolipede\n|-singleturn|p1b: Scolipede|Protect\n|move|p2a: Archaludon|Electro Shot||[still]\n|-prepare|p2a: Archaludon|Electro Shot\n|-boost|p2a: Archaludon|spa|1\n|-anim|p2a: Archaludon|Electro Shot|p1a: Gholdengo\n|-damage|p1a: Gholdengo|17/100\n|move|p2b: Pelipper|Hurricane|p1b: Scolipede\n|-activate|p1b: Scolipede|move: Protect\n|move|p1a: Gholdengo|Nasty Plot|p1a: Gholdengo\n|-boost|p1a: Gholdengo|spa|2\n|\n|-weather|none\n|-heal|p2a: Archaludon|100/100|[from] item: Leftovers\n|-damage|p2b: Pelipper|2/100 brn|[from] brn\n|-fieldend|move: Trick Room\n|upkeep\n|turn|6\n|\n|t:|1788381605\n|switch|p2b: Grimmsnarl|Grimmsnarl, L50, M|100/100\n|move|p1a: Gholdengo|Shadow Ball|p2a: Archaludon\n|-damage|p2a: Archaludon|3/100\n|-ability|p2a: Archaludon|Stamina|boost\n|-boost|p2a: Archaludon|def|1\n|-damage|p1a: Gholdengo|7/100|[from] item: Life Orb\n|move|p1b: Scolipede|Megahorn|p2a: Archaludon\n|-resisted|p2a: Archaludon|1\n|-damage|p2a: Archaludon|0 fnt\n|faint|p2a: Archaludon\n|\n|upkeep\n|\n|t:|1788381616\n|switch|p2a: Swampert|Swampert, L50, M|51/100 psn\n|turn|7\n|\n|t:|1788381627\n|detailschange|p2a: Swampert|Swampert-Mega, L50, M\n|-mega|p2a: Swampert|Swampert|Swampertite\n|move|p1a: Gholdengo|Protect|p1a: Gholdengo\n|-singleturn|p1a: Gholdengo|Protect\n|move|p2b: Grimmsnarl|Parting Shot|p1b: Scolipede\n|-unboost|p1b: Scolipede|atk|1\n|-unboost|p1b: Scolipede|spa|1\n|\n|t:|1788381633\n|switch|p2b: Pelipper|Pelipper, L50, F|2/100 brn|[from] Parting Shot\n|-weather|RainDance|[from] ability: Drizzle|[of] p2b: Pelipper\n|move|p2a: Swampert|Earthquake|p1b: Scolipede|[spread] p1b\n|-activate|p1a: Gholdengo|move: Protect\n|-immune|p2b: Pelipper\n|-damage|p1b: Scolipede|0 fnt\n|faint|p1b: Scolipede\n|\n|-weather|RainDance|[upkeep]\n|-damage|p2a: Swampert|39/100 psn|[from] psn\n|-damage|p2b: Pelipper|0 fnt|[from] brn\n|faint|p2b: Pelipper\n|upkeep\n|\n|t:|1788381646\n|switch|p2b: Grimmsnarl|Grimmsnarl, L50, M|100/100\n|switch|p1b: Sneasler|Sneasler, L50, M|1/100\n|turn|8\n|\n|t:|1788381663\n|move|p2a: Swampert|Protect|p2a: Swampert\n|-singleturn|p2a: Swampert|Protect\n|move|p1b: Sneasler|Fake Out|p2a: Swampert\n|-activate|p2a: Swampert|move: Protect\n|move|p2b: Grimmsnarl|Parting Shot|p1b: Sneasler\n|-unboost|p1b: Sneasler|atk|1\n|-unboost|p1b: Sneasler|spa|1\n|move|p1a: Gholdengo|Make It Rain|p2b: Grimmsnarl|[spread] p2b\n|-activate|p2a: Swampert|move: Protect\n|-supereffective|p2b: Grimmsnarl|1\n|-damage|p2b: Grimmsnarl|0 fnt\n|-unboost|p1a: Gholdengo|spa|2\n|faint|p2b: Grimmsnarl\n|-damage|p1a: Gholdengo|0 fnt|[from] item: Life Orb\n|faint|p1a: Gholdengo\n|\n|-weather|RainDance|[upkeep]\n|-damage|p2a: Swampert|27/100 psn|[from] psn\n|upkeep\n|turn|9\n|\n|t:|1788381682\n|move|p1b: Sneasler|Protect|p1b: Sneasler\n|-singleturn|p1b: Sneasler|Protect\n|move|p2a: Swampert|Earthquake|p1b: Sneasler\n|-activate|p1b: Sneasler|move: Protect\n|\n|-weather|RainDance|[upkeep]\n|-damage|p2a: Swampert|15/100 psn|[from] psn\n|upkeep\n|turn|10\n|\n|t:|1788381690\n|move|p2a: Swampert|Earthquake|p1b: Sneasler\n|-supereffective|p1b: Sneasler|1\n|-damage|p1b: Sneasler|0 fnt\n|faint|p1b: Sneasler\n|\n|win|kkrrlgmmg\n|raw|Catyreiji's rating: 1000 &rarr; <strong>1000</strong><br />(+0 for losing)\n|raw|kkrrlgmmg's rating: 1079 &rarr; <strong>1101</strong><br />(+22 for winning)\n","uploadtime":1788381696,"views":"7","formatid":"gen9championsvgc2026regmb","rating":1000,"private":0,"password":null}