{"id":"gen9championsvgc2026regmb-2674989591","format":"[Gen 9 Champions] VGC 2026 Reg M-B","players":["HeyitsMigo","Kurisupisu"],"log":"|j|☆HeyitsMigo\n|j|☆Kurisupisu\n|t:|1788445911\n|gametype|doubles\n|player|p1|HeyitsMigo|marley|1108\n|player|p2|Kurisupisu|101|1110\n|gen|9\n|tier|[Gen 9 Champions] VGC 2026 Reg M-B\n|rated|\n|rule|Species Clause: Limit one of each Pokémon\n|rule|Item Clause: Limit 1 of each item\n|clearpoke\n|poke|p1|Raichu, L50, F|\n|poke|p1|Grimmsnarl, L50, M|\n|poke|p1|Mawile, L50, M|\n|poke|p1|Sneasler, L50, M, shiny|\n|poke|p1|Volcarona, L50, F|\n|poke|p1|Palafin, L50, M|\n|poke|p2|Lucario, L50, M|\n|poke|p2|Incineroar, L50, M|\n|poke|p2|Clefable, L50, M|\n|poke|p2|Basculegion, L50, M|\n|poke|p2|Zoroark-Hisui, L50, F|\n|poke|p2|Garchomp, L50, M|\n|teampreview|4\n|\n|t:|1788445943\n|teamsize|p1|4\n|teamsize|p2|4\n|start\n|switch|p1a: Raichu|Raichu, L50, F|100/100\n|switch|p1b: Palafin|Palafin, L50, M|100/100\n|switch|p2a: Incineroar|Incineroar, L50, M|100/100\n|switch|p2b: Lucario|Lucario, L50, M|100/100\n|-ability|p2a: Incineroar|Intimidate|boost\n|-unboost|p1a: Raichu|atk|1\n|-unboost|p1b: Palafin|atk|1\n|turn|1\n|\n|t:|1788445989\n|move|p1a: Raichu|Fake Out|p2a: Incineroar\n|-damage|p2a: Incineroar|94/100\n|cant|p2a: Incineroar|flinch\n|move|p1b: Palafin|Flip Turn|p2a: Incineroar\n|-supereffective|p2a: Incineroar|1\n|-damage|p2a: Incineroar|66/100\n|\n|t:|1788445997\n|detailschange|p1b: Palafin|Palafin-Hero, L50, M\n|switch|p1b: Volcarona|Volcarona, L50, F|100/100|[from] Flip Turn\n|move|p2b: Lucario|Hyper Voice|p1b: Volcarona|[spread] p1a,p1b\n|-damage|p1a: Raichu|44/100\n|-damage|p1b: Volcarona|71/100\n|\n|upkeep\n|turn|2\n|\n|t:|1788446011\n|detailschange|p1a: Raichu|Raichu-Mega-Y, L50, F\n|-mega|p1a: Raichu|Raichu|Raichunite Y\n|move|p1a: Raichu|Zap Cannon|p2b: Lucario\n|-enditem|p2b: Lucario|Focus Sash\n|-damage|p2b: Lucario|1/100\n|-status|p2b: Lucario|par\n|replace|p2b: Zoroark|Zoroark-Hisui, L50, F\n|-end|p2b: Zoroark|Illusion\n|move|p1b: Volcarona|Heat Wave|p2a: Incineroar|[spread] p2a\n|-miss|p1b: Volcarona|p2b: Zoroark\n|-resisted|p2a: Incineroar|1\n|-damage|p2a: Incineroar|42/100\n|-enditem|p2a: Incineroar|Sitrus Berry|[eat]\n|-heal|p2a: Incineroar|66/100|[from] item: Sitrus Berry\n|-damage|p1b: Volcarona|61/100|[from] item: Life Orb\n|move|p2b: Zoroark|Hyper Voice|p1a: Raichu|[spread] p1a,p1b\n|-damage|p1a: Raichu|0 fnt\n|-damage|p1b: Volcarona|29/100\n|faint|p1a: Raichu\n|move|p2a: Incineroar|Parting Shot|p1b: Volcarona\n|-unboost|p1b: Volcarona|atk|1\n|-unboost|p1b: Volcarona|spa|1\n|\n|t:|1788446033\n|switch|p2a: Clefable|Clefable, L50, M|100/100|[from] Parting Shot\n|\n|upkeep\n|c|☆Kurisupisu|l o l\n|\n|t:|1788446040\n|switch|p1a: Palafin|Palafin-Hero, L50, M|100/100\n|-activate|p1a: Palafin|ability: Zero to Hero\n|turn|3\n|\n|t:|1788446047\n|move|p2a: Clefable|Protect|p2a: Clefable\n|-singleturn|p2a: Clefable|Protect\n|move|p1a: Palafin|Wave Crash|p2a: Clefable\n|-activate|p2a: Clefable|move: Protect\n|move|p1b: Volcarona|Heat Wave|p2a: Clefable|[spread] p2b\n|-activate|p2a: Clefable|move: Protect\n|-damage|p2b: Zoroark|0 fnt\n|faint|p2b: Zoroark\n|-damage|p1b: Volcarona|19/100|[from] item: Life Orb\n|\n|upkeep\n|\n|t:|1788446055\n|switch|p2b: Incineroar|Incineroar, L50, M|66/100\n|-ability|p2b: Incineroar|Intimidate|boost\n|-unboost|p1a: Palafin|atk|1\n|-unboost|p1b: Volcarona|atk|1\n|turn|4\n|\n|t:|1788446070\n|switch|p1a: Mawile|Mawile, L50, M|100/100\n|-ability|p1a: Mawile|Intimidate|boost\n|-unboost|p2a: Clefable|atk|1\n|-unboost|p2b: Incineroar|atk|1\n|move|p2b: Incineroar|Fake Out|p1b: Volcarona\n|-damage|p1b: Volcarona|8/100\n|move|p2a: Clefable|Follow Me|p2a: Clefable\n|-singleturn|p2a: Clefable|move: Follow Me\n|cant|p1b: Volcarona|flinch\n|\n|upkeep\n|turn|5\n|\n|t:|1788446101\n|move|p2a: Clefable|Protect|p2a: Clefable\n|-singleturn|p2a: Clefable|Protect\n|move|p1b: Volcarona|Rage Powder|p1b: Volcarona\n|-singleturn|p1b: Volcarona|move: Rage Powder\n|move|p2b: Incineroar|Flare Blitz|p1b: Volcarona\n|-damage|p1b: Volcarona|0 fnt\n|faint|p1b: Volcarona\n|-damage|p2b: Incineroar|64/100|[from] Recoil\n|move|p1a: Mawile|Rock Slide|p2a: Clefable|[spread] p2b\n|-activate|p2a: Clefable|move: Protect\n|-supereffective|p2b: Incineroar|1\n|-damage|p2b: Incineroar|33/100\n|\n|upkeep\n|\n|t:|1788446115\n|switch|p1b: Palafin|Palafin-Hero, L50, M|100/100\n|turn|6\n|\n|t:|1788446128\n|move|p2a: Clefable|Follow Me|p2a: Clefable\n|-singleturn|p2a: Clefable|move: Follow Me\n|move|p1b: Palafin|Wave Crash|p2a: Clefable\n|-damage|p2a: Clefable|11/100\n|-damage|p1b: Palafin|66/100|[from] Recoil\n|move|p2b: Incineroar|Flare Blitz|p1a: Mawile\n|-supereffective|p1a: Mawile|1\n|-damage|p1a: Mawile|0 fnt\n|faint|p1a: Mawile\n|-damage|p2b: Incineroar|7/100|[from] Recoil\n|\n|-heal|p2a: Clefable|17/100|[from] item: Leftovers\n|upkeep\n|turn|7\n|\n|t:|1788446142\n|move|p2a: Clefable|Follow Me|p2a: Clefable\n|-singleturn|p2a: Clefable|move: Follow Me\n|move|p1b: Palafin|Wave Crash|p2a: Clefable\n|-damage|p2a: Clefable|0 fnt\n|faint|p2a: Clefable\n|-damage|p1b: Palafin|59/100|[from] Recoil\n|move|p2b: Incineroar|Parting Shot|p1b: Palafin\n|-unboost|p1b: Palafin|atk|1\n|-unboost|p1b: Palafin|spa|1\n|\n|t:|1788446146\n|switch|p2b: Lucario|Lucario, L50, M|100/100|[from] Parting Shot\n|\n|upkeep\n|\n|t:|1788446149\n|switch|p2a: Incineroar|Incineroar, L50, M|7/100\n|-ability|p2a: Incineroar|Intimidate|boost\n|-unboost|p1b: Palafin|atk|1\n|turn|8\n|inactive|Battle timer is ON: inactive players will automatically lose when time's up. (requested by Kurisupisu)\n|inactive|HeyitsMigo has 60 seconds left.\n|inactive|HeyitsMigo has 30 seconds left.\n|inactive|HeyitsMigo has 20 seconds left.\n|c|☆Kurisupisu|Ggs\n|inactive|HeyitsMigo has 15 seconds left.\n|inactive|HeyitsMigo has 10 seconds left.\n|inactive|HeyitsMigo has 5 seconds left.\n|\n|t:|1788446279\n|detailschange|p2b: Lucario|Lucario-Mega, L50, M\n|-mega|p2b: Lucario|Lucario|Lucarionite\n|move|p2a: Incineroar|Fake Out|p1b: Palafin\n|-damage|p1b: Palafin|45/100\n|cant|p1b: Palafin|flinch\n|move|p2b: Lucario|Aura Sphere|p1b: Palafin\n|-damage|p1b: Palafin|0 fnt\n|faint|p1b: Palafin\n|\n|win|Kurisupisu\n|raw|HeyitsMigo's rating: 1080 &rarr; <strong>1060</strong><br />(-20 for losing)\n|raw|Kurisupisu's rating: 1110 &rarr; <strong>1133</strong><br />(+23 for winning)\n","uploadtime":1788446291,"views":"19","formatid":"gen9championsvgc2026regmb","rating":1060,"private":0,"password":null}