{"id":"gen9championsvgc2026regmb-2674749771","format":"[Gen 9 Champions] VGC 2026 Reg M-B","players":["QMania","qiii"],"log":"|j|☆QMania\n|j|☆qiii\n|t:|1788400267\n|gametype|doubles\n|player|p1|QMania|riley|1181\n|player|p2|qiii|101|1160\n|gen|9\n|tier|[Gen 9 Champions] VGC 2026 Reg M-B\n|rated|\n|rule|Species Clause: Limit one of each Pokémon\n|rule|Item Clause: Limit 1 of each item\n|clearpoke\n|poke|p1|Mimikyu, L50, F|\n|poke|p1|Blastoise, L50, F|\n|poke|p1|Farigiraf, L50, F|\n|poke|p1|Kingambit, L50, F|\n|poke|p1|Venusaur, L50, F|\n|poke|p1|Torkoal, L50, F|\n|poke|p2|Beedrill, L50, M, shiny|\n|poke|p2|Archaludon, L50, M, shiny|\n|poke|p2|Pelipper, L50, F, shiny|\n|poke|p2|Sinistcha-Masterpiece, L50, shiny|\n|poke|p2|Scolipede, L50, M, shiny|\n|poke|p2|Farigiraf, L50, F, shiny|\n|teampreview|4\n|l|☆qiii\n|player|p2|\n|inactive|Battle timer is ON: inactive players will automatically lose when time's up. (requested by QMania)\nQMania rejected open team sheets.\n|j|☆qiii\n|inactive|qiii reconnected and has 90 seconds left.\n|player|p2|qiii|101|\n|inactive|qiii has 60 seconds left.\n|inactive|qiii has 30 seconds left.\n|\n|t:|1788400346\n|teamsize|p1|4\n|teamsize|p2|4\n|start\n|switch|p1a: Blastoise|Blastoise, L50, F|100/100\n|switch|p1b: Farigiraf|Farigiraf, L50, F|100/100\n|switch|p2a: Farigiraf|Farigiraf, L50, F, shiny|100/100\n|switch|p2b: Sinistcha|Sinistcha-Masterpiece, L50, shiny|100/100\n|turn|1\n|inactive|QMania has 30 seconds left.\n|inactive|qiii has 30 seconds left.\n|inactive|QMania has 20 seconds left.\n|inactive|qiii has 20 seconds left.\n|inactive|QMania has 15 seconds left.\n|inactive|qiii has 15 seconds left.\n|\n|t:|1788400391\n|detailschange|p1a: Blastoise|Blastoise-Mega, L50, F\n|-mega|p1a: Blastoise|Blastoise|Blastoisinite\n|move|p2b: Sinistcha|Matcha Gotcha|p1a: Blastoise|[spread] p1a,p1b\n|-supereffective|p1a: Blastoise|1\n|-damage|p1a: Blastoise|60/100\n|-damage|p1b: Farigiraf|80/100\n|move|p1a: Blastoise|Dark Pulse|p2a: Farigiraf\n|-supereffective|p2a: Farigiraf|1\n|-damage|p2a: Farigiraf|13/100\n|-enditem|p2a: Farigiraf|Sitrus Berry|[eat]\n|-heal|p2a: Farigiraf|38/100|[from] item: Sitrus Berry\n|move|p1b: Farigiraf|Imprison|p1b: Farigiraf\n|-start|p1b: Farigiraf|move: Imprison\n|cant|p2a: Farigiraf|move: Imprison|Trick Room\n|\n|upkeep\n|turn|2\n|\n|t:|1788400415\n|move|p2a: Farigiraf|Helping Hand|p2b: Sinistcha\n|-singleturn|p2b: Sinistcha|Helping Hand|[of] p2a: Farigiraf\n|move|p2b: Sinistcha|Matcha Gotcha|p1a: Blastoise|[spread] p1a,p1b\n|-supereffective|p1a: Blastoise|1\n|-damage|p1a: Blastoise|0 fnt\n|-damage|p1b: Farigiraf|52/100\n|faint|p1a: Blastoise\n|move|p1b: Farigiraf|Psychic Fangs|p2b: Sinistcha\n|-damage|p2b: Sinistcha|73/100\n|\n|upkeep\n|\n|t:|1788400426\n|switch|p1a: Mimikyu|Mimikyu, L50, F|100/100\n|turn|3\n|\n|t:|1788400441\n|move|p2a: Farigiraf|Helping Hand|p2b: Sinistcha\n|-singleturn|p2b: Sinistcha|Helping Hand|[of] p2a: Farigiraf\n|move|p1a: Mimikyu|Swords Dance|p1a: Mimikyu\n|-boost|p1a: Mimikyu|atk|2\n|move|p2b: Sinistcha|Matcha Gotcha|p1a: Mimikyu|[spread] p1a,p1b\n|-activate|p1a: Mimikyu|ability: Disguise\n|-damage|p1a: Mimikyu|100/100\n|-damage|p1b: Farigiraf|24/100\n|-heal|p2b: Sinistcha|95/100|[from] drain|[of] p1b: Farigiraf\n|detailschange|p1a: Mimikyu|Mimikyu-Busted, L50, F\n|-damage|p1a: Mimikyu|87/100|[from] pokemon: Mimikyu-Busted\n|move|p1b: Farigiraf|Trick Room|p1b: Farigiraf\n|-fieldstart|move: Trick Room|[of] p1b: Farigiraf\n|\n|upkeep\n|turn|4\n|inactive|qiii has 30 seconds left.\n|inactive|QMania has 30 seconds left.\n|\n|t:|1788400476\n|move|p2a: Farigiraf|Helping Hand|p2b: Sinistcha\n|-singleturn|p2b: Sinistcha|Helping Hand|[of] p2a: Farigiraf\n|move|p1b: Farigiraf|Psychic Fangs|p2b: Sinistcha\n|-damage|p2b: Sinistcha|70/100\n|move|p2b: Sinistcha|Matcha Gotcha|p1a: Mimikyu|[spread] p1a,p1b\n|-damage|p1a: Mimikyu|44/100\n|-heal|p2b: Sinistcha|89/100|[from] drain|[of] p1a: Mimikyu\n|-damage|p1b: Farigiraf|0 fnt\n|-heal|p2b: Sinistcha|100/100|[from] drain|[of] p1b: Farigiraf\n|-enditem|p1a: Mimikyu|Sitrus Berry|[eat]\n|-heal|p1a: Mimikyu|69/100|[from] item: Sitrus Berry\n|faint|p1b: Farigiraf\n|move|p1a: Mimikyu|Play Rough|p2a: Farigiraf\n|-damage|p2a: Farigiraf|0 fnt\n|faint|p2a: Farigiraf\n|\n|upkeep\n|\n|t:|1788400499\n|switch|p2a: Archaludon|Archaludon, L50, M, shiny|100/100\n|switch|p1b: Torkoal|Torkoal, L50, F|100/100\n|-weather|SunnyDay|[from] ability: Drought|[of] p1b: Torkoal\n|turn|5\n|\n|t:|1788400521\n|switch|p2b: Pelipper|Pelipper, L50, F, shiny|100/100\n|-weather|RainDance|[from] ability: Drizzle|[of] p2b: Pelipper\n|move|p1b: Torkoal|Eruption|p2a: Archaludon|[spread] p2a,p2b\n|-resisted|p2b: Pelipper|1\n|-damage|p2a: Archaludon|75/100\n|-damage|p2b: Pelipper|76/100\n|-ability|p2a: Archaludon|Stamina|boost\n|-boost|p2a: Archaludon|def|1\n|move|p2a: Archaludon|Electro Shot||[still]\n|-prepare|p2a: Archaludon|Electro Shot\n|-boost|p2a: Archaludon|spa|1\n|-anim|p2a: Archaludon|Electro Shot|p1b: Torkoal\n|-damage|p1b: Torkoal|27/100\n|move|p1a: Mimikyu|Swords Dance|p1a: Mimikyu\n|-boost|p1a: Mimikyu|atk|2\n|\n|-weather|RainDance|[upkeep]\n|-heal|p2a: Archaludon|81/100|[from] item: Leftovers\n|upkeep\n|turn|6\n|inactive|QMania has 30 seconds left.\n|\n|t:|1788400553\n|switch|p2b: Sinistcha|Sinistcha-Masterpiece, L50, shiny|100/100\n|-heal|p2a: Archaludon|100/100|[from] ability: Hospitality|[of] p2b: Sinistcha\n|move|p1b: Torkoal|Weather Ball|p2a: Archaludon\n|-resisted|p2a: Archaludon|1\n|-damage|p2a: Archaludon|78/100\n|-ability|p2a: Archaludon|Stamina|boost\n|-boost|p2a: Archaludon|def|1\n|move|p2a: Archaludon|Electro Shot||[still]\n|-prepare|p2a: Archaludon|Electro Shot\n|-boost|p2a: Archaludon|spa|1\n|-anim|p2a: Archaludon|Electro Shot|p1b: Torkoal\n|-crit|p1b: Torkoal\n|-damage|p1b: Torkoal|0 fnt\n|faint|p1b: Torkoal\n|move|p1a: Mimikyu|Play Rough|p2b: Sinistcha\n|-damage|p2b: Sinistcha|0 fnt\n|faint|p2b: Sinistcha\n|\n|-weather|RainDance|[upkeep]\n|-heal|p2a: Archaludon|84/100|[from] item: Leftovers\n|upkeep\n|c|☆QMania|Gay ass rain team\n|\n|t:|1788400576\n|switch|p2b: Pelipper|Pelipper, L50, F, shiny|76/100\n|turn|7\n|c|☆QMania|What a fuckin loser\n|\n|t:|1788400594\n|move|p2b: Pelipper|Weather Ball|p1a: Mimikyu\n|-damage|p1a: Mimikyu|7/100\n|move|p2a: Archaludon|Electro Shot||[still]\n|-prepare|p2a: Archaludon|Electro Shot\n|-boost|p2a: Archaludon|spa|1\n|-anim|p2a: Archaludon|Electro Shot|p1a: Mimikyu\n|-damage|p1a: Mimikyu|0 fnt\n|faint|p1a: Mimikyu\n|\n|win|qiii\n","uploadtime":1788400576,"views":"1","formatid":"gen9championsvgc2026regmb","rating":null,"private":0,"password":null}