{"id":"gen9championsvgc2026regmb-2674296820","format":"[Gen 9 Champions] VGC 2026 Reg M-B","players":["alexismydog","Ochsys"],"log":"|j|☆alexismydog\n|j|☆Ochsys\n|t:|1788334585\n|gametype|doubles\n|player|p1|alexismydog|265|1509\n|player|p2|Ochsys|lady|1416\n|gen|9\n|tier|[Gen 9 Champions] VGC 2026 Reg M-B\n|rated|\n|rule|Species Clause: Limit one of each Pokémon\n|rule|Item Clause: Limit 1 of each item\n|clearpoke\n|poke|p1|Tyranitar, L50, F|\n|poke|p1|Excadrill, L50, F|\n|poke|p1|Sinistcha, L50|\n|poke|p1|Gholdengo, L50|\n|poke|p1|Staraptor, L50, F|\n|poke|p1|Milotic, L50, F|\n|poke|p2|Gardevoir, L50, M, shiny|\n|poke|p2|Kommo-o, L50, M|\n|poke|p2|Talonflame, L50, M|\n|poke|p2|Sinistcha, L50|\n|poke|p2|Weavile, L50, F|\n|poke|p2|Gholdengo, L50|\n|teampreview|4\n|inactive|Battle timer is ON: inactive players will automatically lose when time's up. (requested by Ochsys)\n|inactive|Ochsys has 60 seconds left.\n|\n|t:|1788334629\n|teamsize|p1|4\n|teamsize|p2|4\n|start\n|switch|p1a: Gholdengo|Gholdengo, L50|100/100\n|switch|p1b: Sinistcha|Sinistcha, L50|100/100\n|switch|p2a: Kommo-o|Kommo-o, L50, M|100/100\n|switch|p2b: Weavile|Weavile, L50, F|100/100\n|-ability|p2b: Weavile|Pressure\n|turn|1\n|inactive|alexismydog has 30 seconds left.\n|\n|t:|1788334656\n|move|p2b: Weavile|Throat Chop|p1a: Gholdengo\n|-supereffective|p1a: Gholdengo|1\n|-damage|p1a: Gholdengo|14/100\n|-start|p1a: Gholdengo|Throat Chop|[silent]\n|move|p2a: Kommo-o|Clangorous Soul|p2a: Kommo-o\n|-boost|p2a: Kommo-o|atk|1\n|-boost|p2a: Kommo-o|def|1\n|-boost|p2a: Kommo-o|spa|1\n|-boost|p2a: Kommo-o|spd|1\n|-boost|p2a: Kommo-o|spe|1\n|-damage|p2a: Kommo-o|67/100\n|move|p1a: Gholdengo|Make It Rain|p2b: Weavile|[spread] p2a,p2b\n|-supereffective|p2b: Weavile|1\n|-damage|p2a: Kommo-o|25/100\n|-damage|p2b: Weavile|0 fnt\n|-unboost|p1a: Gholdengo|spa|2\n|faint|p2b: Weavile\n|move|p1b: Sinistcha|Trick Room|p1b: Sinistcha\n|-fieldstart|move: Trick Room|[of] p1b: Sinistcha\n|\n|upkeep\n|\n|t:|1788334661\n|switch|p2b: Sinistcha|Sinistcha, L50|100/100\n|-heal|p2a: Kommo-o|50/100g|[from] ability: Hospitality|[of] p2b: Sinistcha\n|turn|2\n|\n|t:|1788334680\n|move|p2a: Kommo-o|Protect|p2a: Kommo-o\n|-singleturn|p2a: Kommo-o|Protect\n|move|p1b: Sinistcha|Imprison|p1b: Sinistcha\n|-start|p1b: Sinistcha|move: Imprison\n|move|p1a: Gholdengo|Nasty Plot|p1a: Gholdengo\n|-boost|p1a: Gholdengo|spa|2\n|cant|p2b: Sinistcha|move: Imprison|Trick Room\n|\n|-end|p1a: Gholdengo|Throat Chop|[silent]\n|upkeep\n|turn|3\n|\n|t:|1788334695\n|move|p1b: Sinistcha|Rage Powder|p1b: Sinistcha\n|-singleturn|p1b: Sinistcha|move: Rage Powder\n|-activate|p2b: Sinistcha|move: Struggle\n|move|p2b: Sinistcha|Struggle|p1a: Gholdengo\n|-damage|p1a: Gholdengo|6/100\n|-damage|p2b: Sinistcha|74/100|[from] recoil\n|move|p1a: Gholdengo|Shadow Ball|p2a: Kommo-o\n|-damage|p2a: Kommo-o|11/100\n|move|p2a: Kommo-o|Clanging Scales|p1a: Gholdengo|[spread] p1a,p1b\n|-resisted|p1a: Gholdengo|1\n|-damage|p1a: Gholdengo|0 fnt\n|-damage|p1b: Sinistcha|15/100\n|faint|p1a: Gholdengo\n|-unboost|p2a: Kommo-o|def|1\n|-damage|p2a: Kommo-o|1/100|[from] item: Life Orb\n|\n|-heal|p1b: Sinistcha|21/100|[from] item: Leftovers\n|upkeep\n|\n|t:|1788334713\n|switch|p1a: Tyranitar|Tyranitar, L50, F|100/100\n|-weather|Sandstorm|[from] ability: Sand Stream|[of] p1a: Tyranitar\n|turn|4\n|\n|t:|1788334734\n|detailschange|p1a: Tyranitar|Tyranitar-Mega, L50, F\n|-mega|p1a: Tyranitar|Tyranitar|Tyranitarite\n|move|p2a: Kommo-o|Protect|p2a: Kommo-o\n|-singleturn|p2a: Kommo-o|Protect\n|move|p1b: Sinistcha|Matcha Gotcha|p2b: Sinistcha|[spread] p2b\n|-activate|p2a: Kommo-o|move: Protect\n|-resisted|p2b: Sinistcha|1\n|-damage|p2b: Sinistcha|59/100\n|-heal|p1b: Sinistcha|31/100|[from] drain|[of] p2b: Sinistcha\n|-activate|p2b: Sinistcha|move: Struggle\n|move|p2b: Sinistcha|Struggle|p1b: Sinistcha\n|-damage|p1b: Sinistcha|23/100\n|-damage|p2b: Sinistcha|34/100|[from] recoil\n|-enditem|p2b: Sinistcha|Sitrus Berry|[eat]\n|-heal|p2b: Sinistcha|58/100|[from] item: Sitrus Berry\n|move|p1a: Tyranitar|Knock Off|p2b: Sinistcha\n|-supereffective|p2b: Sinistcha|1\n|-damage|p2b: Sinistcha|0 fnt\n|faint|p2b: Sinistcha\n|\n|-weather|Sandstorm|[upkeep]\n|-damage|p1b: Sinistcha|17/100|[from] Sandstorm\n|-heal|p1b: Sinistcha|23/100|[from] item: Leftovers\n|upkeep\n|\n|t:|1788334750\n|switch|p2b: Alune|Gardevoir, L50, M, shiny|100/100\n|-ability|p2b: Alune|Sand Stream|Trace|[from] ability: Trace|[of] p1a: Tyranitar\n|turn|5\n|\n|t:|1788334762\n|detailschange|p2b: Alune|Gardevoir-Mega, L50, M, shiny\n|-mega|p2b: Alune|Gardevoir|Gardevoirite\n|move|p2b: Alune|Protect|p2b: Alune\n|-singleturn|p2b: Alune|Protect\n|move|p2a: Kommo-o|Protect||[still]\n|-fail|p2a: Kommo-o\n|move|p1b: Sinistcha|Matcha Gotcha|p2b: Alune|[spread] p2a\n|-activate|p2b: Alune|move: Protect\n|-resisted|p2a: Kommo-o|1\n|-crit|p2a: Kommo-o\n|-damage|p2a: Kommo-o|0 fnt\n|-heal|p1b: Sinistcha|24/100|[from] drain|[of] p2a: Kommo-o\n|faint|p2a: Kommo-o\n|move|p1a: Tyranitar|Dragon Dance|p1a: Tyranitar\n|-boost|p1a: Tyranitar|atk|1\n|-boost|p1a: Tyranitar|spe|1\n|\n|-weather|Sandstorm|[upkeep]\n|-damage|p1b: Sinistcha|18/100|[from] Sandstorm\n|-damage|p2b: Alune|93/100|[from] Sandstorm\n|-heal|p1b: Sinistcha|24/100|[from] item: Leftovers\n|-fieldend|move: Trick Room\n|upkeep\n|turn|6\n|\n|t:|1788334782\n|move|p1b: Sinistcha|Rage Powder|p1b: Sinistcha\n|-singleturn|p1b: Sinistcha|move: Rage Powder\n|move|p1a: Tyranitar|Knock Off|p2b: Alune\n|-damage|p2b: Alune|0 fnt\n|faint|p2b: Alune\n|\n|win|alexismydog\n|raw|alexismydog's rating: 1509 &rarr; <strong>1524</strong><br />(+15 for winning)\n|raw|Ochsys's rating: 1416 &rarr; <strong>1401</strong><br />(-15 for losing)\n|l|☆Ochsys\n|player|p2|\n","uploadtime":1788334789,"views":"1","formatid":"gen9championsvgc2026regmb","rating":1401,"private":0,"password":null}