{"id":"gen9championsvgc2026regmbbo3-2673561074","format":"[Gen 9 Champions] VGC 2026 Reg M-B (Bo3)","players":["MaxwellBaker","Sleepy_general"],"log":"|j|☆MaxwellBaker\n|j|☆Sleepy_general\n|html|<table width=\"100%\"><tr><td align=\"left\">MaxwellBaker</td><td align=\"right\">Sleepy_general</tr><tr><td align=\"left\"><i class=\"fa fa-circle\"></i> <i class=\"fa fa-circle-o\"></i> </td><td align=\"right\"><i class=\"fa fa-circle-o\"></i> <i class=\"fa fa-circle-o\"></i> </tr></table>\n|uhtml|bestof|<h2><strong>Game 2</strong> of <a href=\"/game-bestof3-gen9championsvgc2026regmbbo3-2673559349\">a best-of-3</a></h2>\n|t:|1788213364\n|gametype|doubles\n|player|p1|MaxwellBaker|102|1137\n|player|p2|Sleepy_general|silver|1092\n|gen|9\n|tier|[Gen 9 Champions] VGC 2026 Reg M-B (Bo3)\n|rated|\n|rule|Species Clause: Limit one of each Pokémon\n|rule|Item Clause: Limit 1 of each item\n|clearpoke\n|poke|p1|Raichu, L50, M|\n|poke|p1|Staraptor, L50, F|\n|poke|p1|Farigiraf, L50, F|\n|poke|p1|Kingambit, L50, M|\n|poke|p1|Sylveon, L50, M, shiny|\n|poke|p1|Arcanine-Hisui, L50, F|\n|poke|p2|Gengar, L50, M, shiny|\n|poke|p2|Kommo-o, L50, F|\n|poke|p2|Politoed, L50, F, shiny|\n|poke|p2|Sinistcha, L50|\n|poke|p2|Garchomp, L50, M, shiny|\n|poke|p2|Raichu, L50, M|\n|teampreview|4\n|showteam|p1|Raichu||RaichuniteY|LightningRod|ZapCannon,FocusBlast,FakeOut,Protect|Timid||M|||50|]Staraptor||Staraptite|Intimidate|CloseCombat,BraveBird,Tailwind,Protect|Jolly||F|||50|]Farigiraf||SitrusBerry|ArmorTail|HelpingHand,Psychic,TrickRoom,Protect|Calm||F|||50|]Kingambit||LifeOrb|Defiant|KowtowCleave,SuckerPunch,SwordsDance,Protect|Adamant||M|||50|]Sylveon||FairyFeather|Pixilate|HyperVoice,HyperBeam,QuickAttack,Detect|Modest||M|||50|]Arcanine-Hisui||FocusSash|RockHead|FlareBlitz,HeadSmash,ExtremeSpeed,Protect|Jolly||F|||50|\n|showteam|p2|Gengar||Gengarite|CursedBody|PerishSong,SludgeBomb,Protect,ShadowBall|Timid||M|||50|]Kommo-o||RoseliBerry|Soundproof|IronDefense,BodyPress,Protect,DragonClaw|Impish||F|||50|]Politoed||WacanBerry|Drizzle|HelpingHand,PerishSong,Protect,WeatherBall|Sassy||F|||50|]Sinistcha||SitrusBerry|Hospitality|MatchaGotcha,LifeDew,RagePowder,TrickRoom|Bold|||||50|]Garchomp||LifeOrb|RoughSkin|SwordsDance,Earthquake,DragonClaw,Protect|Jolly||M|||50|]Raichu||RaichuniteY|Static|FakeOut,ZapCannon,FocusBlast,Protect|Timid||M|||50|\n|\n|t:|1788213381\n|teamsize|p1|4\n|teamsize|p2|4\n|start\n|switch|p1a: Sylveon|Sylveon, L50, M, shiny|100/100\n|switch|p1b: Raichu|Raichu, L50, M|100/100\n|switch|p2a: Gengar|Gengar, L50, M, shiny|100/100\n|switch|p2b: Kommo-o|Kommo-o, L50, F|100/100\n|turn|1\n|\n|t:|1788213396\n|detailschange|p2a: Gengar|Gengar-Mega, L50, M, shiny\n|-mega|p2a: Gengar|Gengar|Gengarite\n|detailschange|p1b: Raichu|Raichu-Mega-Y, L50, M\n|-mega|p1b: Raichu|Raichu|Raichunite Y\n|move|p2a: Gengar|Sludge Bomb|p1a: Sylveon\n|-supereffective|p1a: Sylveon|1\n|-damage|p1a: Sylveon|7/100\n|-status|p1a: Sylveon|psn\n|move|p1b: Raichu|Zap Cannon|p2a: Gengar\n|-damage|p2a: Gengar|21/100\n|-status|p2a: Gengar|par\n|move|p2b: Kommo-o|Iron Defense|p2b: Kommo-o\n|-boost|p2b: Kommo-o|def|2\n|move|p1a: Sylveon|Hyper Voice|p2a: Gengar|[spread] p2a\n|-immune|p2b: Kommo-o|[from] ability: Soundproof\n|-resisted|p2a: Gengar|1\n|-damage|p2a: Gengar|0 fnt\n|faint|p2a: Gengar\n|\n|-damage|p1a: Sylveon|0 fnt|[from] psn\n|faint|p1a: Sylveon\n|upkeep\n|\n|t:|1788213421\n|switch|p2a: Sinistcha|Sinistcha, L50|100/100\n|switch|p1a: Farigiraf|Farigiraf, L50, F|100/100\n|turn|2\n|\n|t:|1788213443\n|switch|p1b: Kingambit|Kingambit, L50, M|100/100\n|move|p2b: Kommo-o|Body Press|p1b: Kingambit\n|-supereffective|p1b: Kingambit|2\n|-damage|p1b: Kingambit|0 fnt\n|faint|p1b: Kingambit\n|move|p2a: Sinistcha|Matcha Gotcha|p1a: Farigiraf\n|-damage|p1a: Farigiraf|68/100\n|move|p1a: Farigiraf|Trick Room|p1a: Farigiraf\n|-fieldstart|move: Trick Room|[of] p1a: Farigiraf\n|\n|upkeep\n|\n|t:|1788213455\n|switch|p1b: Raichu|Raichu-Mega-Y, L50, M|100/100\n|turn|3\n|\n|t:|1788213466\n|move|p2b: Kommo-o|Protect|p2b: Kommo-o\n|-singleturn|p2b: Kommo-o|Protect\n|move|p1b: Raichu|Fake Out|p2b: Kommo-o\n|-activate|p2b: Kommo-o|move: Protect\n|move|p1a: Farigiraf|Psychic|p2b: Kommo-o\n|-activate|p2b: Kommo-o|move: Protect\n|move|p2a: Sinistcha|Trick Room|p2a: Sinistcha\n|-fieldend|move: Trick Room\n|\n|upkeep\n|turn|4\n|\n|t:|1788213482\n|move|p1b: Raichu|Protect|p1b: Raichu\n|-singleturn|p1b: Raichu|Protect\n|move|p2b: Kommo-o|Body Press|p1b: Raichu\n|-activate|p1b: Raichu|move: Protect\n|move|p2a: Sinistcha|Matcha Gotcha|p1a: Farigiraf|[spread] p1a\n|-activate|p1b: Raichu|move: Protect\n|-damage|p1a: Farigiraf|45/100\n|-enditem|p1a: Farigiraf|Sitrus Berry|[eat]\n|-heal|p1a: Farigiraf|69/100|[from] item: Sitrus Berry\n|move|p1a: Farigiraf|Psychic|p2b: Kommo-o\n|-supereffective|p2b: Kommo-o|1\n|-damage|p2b: Kommo-o|36/100\n|\n|upkeep\n|turn|5\n|\n|t:|1788213518\n|move|p2a: Sinistcha|Rage Powder|p2a: Sinistcha\n|-singleturn|p2a: Sinistcha|move: Rage Powder\n|move|p1b: Raichu|Zap Cannon|p2a: Sinistcha\n|-resisted|p2a: Sinistcha|1\n|-damage|p2a: Sinistcha|52/100\n|-status|p2a: Sinistcha|par\n|move|p2b: Kommo-o|Body Press|p1b: Raichu\n|-damage|p1b: Raichu|0 fnt\n|faint|p1b: Raichu\n|move|p1a: Farigiraf|Psychic|p2a: Sinistcha\n|-damage|p2a: Sinistcha|2/100 par\n|-enditem|p2a: Sinistcha|Sitrus Berry|[eat]\n|-heal|p2a: Sinistcha|27/100 par|[from] item: Sitrus Berry\n|\n|upkeep\n|turn|6\n|\n|t:|1788213537\n|cant|p2a: Sinistcha|par\n|move|p2b: Kommo-o|Body Press|p1a: Farigiraf\n|-damage|p1a: Farigiraf|0 fnt\n|faint|p1a: Farigiraf\n|\n|win|Sleepy_general\n","uploadtime":1788213537,"views":"0","formatid":"gen9championsvgc2026regmbbo3","rating":null,"private":0,"password":null}