{"id":"gen9championsvgc2026regmbbo3-2674871420","format":"[Gen 9 Champions] VGC 2026 Reg M-B (Bo3)","players":["humania1","Mongoolslayer"],"log":"|j|☆humania1\n|j|☆Mongoolslayer\n|html|<table width=\"100%\"><tr><td align=\"left\">humania1</td><td align=\"right\">Mongoolslayer</tr><tr><td align=\"left\"><i class=\"fa fa-circle-o\"></i> <i class=\"fa fa-circle-o\"></i> </td><td align=\"right\"><i class=\"fa fa-circle-o\"></i> <i class=\"fa fa-circle\"></i> </tr></table>\n|uhtml|bestof|<h2><strong>Game 2</strong> of <a href=\"/game-bestof3-gen9championsvgc2026regmbbo3-2674870995\">a best-of-3</a></h2>\n|t:|1788425912\n|gametype|doubles\n|player|p1|humania1|265|1075\n|player|p2|Mongoolslayer|101|1166\n|gen|9\n|tier|[Gen 9 Champions] VGC 2026 Reg M-B (Bo3)\n|rated|\n|rule|Species Clause: Limit one of each Pokémon\n|rule|Item Clause: Limit 1 of each item\n|clearpoke\n|poke|p1|Charizard, L50, M|\n|poke|p1|Whimsicott, L50, M|\n|poke|p1|Basculegion, L50, M|\n|poke|p1|Farigiraf, L50, M|\n|poke|p1|Kangaskhan, L50, F|\n|poke|p1|Sneasler, L50, F|\n|poke|p2|Golurk, L50|\n|poke|p2|Hydreigon, L50, F|\n|poke|p2|Oranguru, L50, M|\n|poke|p2|Clefable, L50, F|\n|poke|p2|Torkoal, L50, M|\n|poke|p2|Hatterene, L50, F|\n|teampreview|4\n|showteam|p1|Charizard||CharizarditeY|SolarPower|WeatherBall,HeatWave,SolarBeam,Protect|Timid||M|||50|]Whimsicott||FocusSash|Prankster|Moonblast,Tailwind,SunnyDay,Encore|Timid||M|||50|]Basculegion||ChoiceScarf|Adaptability|WaveCrash,AquaJet,LastRespects,FlipTurn|Adamant||M|||50|]Farigiraf||SitrusBerry|ArmorTail|Psychic,HyperVoice,HelpingHand,TrickRoom|Modest||M|||50|]Kangaskhan||Kangaskhanite|Scrappy|FakeOut,DoubleEdge,DrainPunch,SuckerPunch|Adamant||F|||50|]Sneasler||WhiteHerb|Unburden|FakeOut,CloseCombat,DireClaw,RockTomb|Adamant||F|||50|\n|showteam|p2|Golurk||Golurkite|IronFist|Protect,HeadlongRush,Poltergeist,DrainPunch|Brave|||||50|]Hydreigon||ChoiceScarf|Levitate|DracoMeteor,DarkPulse,HeatWave,FlashCannon|Timid||F|||50|]Oranguru||MentalHerb|InnerFocus|Instruct,Protect,TrickRoom,Psychic|Quiet||M|||50|]Clefable||FocusSash|Unaware|Moonblast,FollowMe,HelpingHand,Charm|Quiet||F|||50|]Torkoal||Charcoal|Drought|Eruption,HeatWave,ClearSmog,Protect|Quiet||M|||50|]Hatterene||FairyFeather|MagicBounce|DazzlingGleam,Psychic,TrickRoom,Protect|Quiet||F|||50|\n|inactive|Battle timer is ON: inactive players will automatically lose when time's up. (requested by humania1)\n|\n|t:|1788425932\n|teamsize|p1|4\n|teamsize|p2|4\n|start\n|switch|p1a: Basculegion|Basculegion, L50, M|100/100\n|switch|p1b: Farigiraf|Farigiraf, L50, M|100/100\n|switch|p2a: Oranguru|Oranguru, L50, M|100/100\n|switch|p2b: Hydreigon|Hydreigon, L50, F|100/100\n|turn|1\n|\n|t:|1788425942\n|move|p2b: Hydreigon|Dark Pulse|p1a: Basculegion\n|-supereffective|p1a: Basculegion|1\n|-damage|p1a: Basculegion|0 fnt\n|faint|p1a: Basculegion\n|move|p1b: Farigiraf|Hyper Voice|p2b: Hydreigon|[spread] p2a,p2b\n|-damage|p2a: Oranguru|78/100\n|-damage|p2b: Hydreigon|66/100\n|move|p2a: Oranguru|Instruct|p2b: Hydreigon\n|-singleturn|p2b: Hydreigon|move: Instruct|[of] p2a: Oranguru\n|move|p2b: Hydreigon|Dark Pulse|p1b: Farigiraf\n|-supereffective|p1b: Farigiraf|1\n|-damage|p1b: Farigiraf|27/100\n|-enditem|p1b: Farigiraf|Sitrus Berry|[eat]\n|-heal|p1b: Farigiraf|52/100|[from] item: Sitrus Berry\n|\n|upkeep\n|\n|t:|1788425942\n|switch|p1a: Charizard|Charizard, L50, M|100/100\n|turn|2\n|\n|t:|1788425964\n|detailschange|p1a: Charizard|Charizard-Mega-Y, L50, M\n|-mega|p1a: Charizard|Charizard|Charizardite Y\n|-weather|SunnyDay|[from] ability: Drought|[of] p1a: Charizard\n|move|p2b: Hydreigon|Dark Pulse|p1b: Farigiraf\n|-supereffective|p1b: Farigiraf|1\n|-crit|p1b: Farigiraf\n|-damage|p1b: Farigiraf|0 fnt\n|faint|p1b: Farigiraf\n|move|p1a: Charizard|Heat Wave|p2a: Oranguru|[spread] p2a,p2b\n|-resisted|p2b: Hydreigon|1\n|-damage|p2a: Oranguru|32/100\n|-damage|p2b: Hydreigon|30/100\n|move|p2a: Oranguru|Instruct|p2b: Hydreigon\n|-singleturn|p2b: Hydreigon|move: Instruct|[of] p2a: Oranguru\n|move|p2b: Hydreigon|Dark Pulse|p1a: Charizard\n|-damage|p1a: Charizard|61/100\n|\n|-weather|SunnyDay|[upkeep]\n|upkeep\n|\n|t:|1788425964\n|switch|p1b: Sneasler|Sneasler, L50, F|100/100\n|turn|3\n|\n|t:|1788425986\n|move|p2b: Hydreigon|Dark Pulse|p1a: Charizard\n|-damage|p1a: Charizard|16/100\n|move|p1b: Sneasler|Close Combat|p2b: Hydreigon\n|-supereffective|p2b: Hydreigon|1\n|-damage|p2b: Hydreigon|0 fnt\n|-unboost|p1b: Sneasler|def|1\n|-unboost|p1b: Sneasler|spd|1\n|faint|p2b: Hydreigon\n|-enditem|p1b: Sneasler|White Herb\n|-clearnegativeboost|p1b: Sneasler|[silent]\n|move|p1a: Charizard|Weather Ball|p2a: Oranguru\n|-damage|p2a: Oranguru|0 fnt\n|faint|p2a: Oranguru\n|\n|-weather|SunnyDay|[upkeep]\n|upkeep\n|\n|t:|1788425997\n|switch|p2b: Hatterene|Hatterene, L50, F|100/100\n|switch|p2a: Golurk|Golurk, L50|100/100\n|turn|4\n|\n|t:|1788426007\n|detailschange|p2a: Golurk|Golurk-Mega, L50\n|-mega|p2a: Golurk|Golurk|Golurkite\n|move|p1a: Charizard|Protect|p1a: Charizard\n|-singleturn|p1a: Charizard|Protect\n|move|p1b: Sneasler|Dire Claw|p2b: Hatterene\n|-supereffective|p2b: Hatterene|1\n|-damage|p2b: Hatterene|0 fnt\n|faint|p2b: Hatterene\n|move|p2a: Golurk|Headlong Rush|p1b: Sneasler\n|-supereffective|p1b: Sneasler|1\n|-damage|p1b: Sneasler|0 fnt\n|-unboost|p2a: Golurk|def|1\n|-unboost|p2a: Golurk|spd|1\n|faint|p1b: Sneasler\n|\n|-weather|SunnyDay|[upkeep]\n|upkeep\n|turn|5\n|\n|t:|1788426017\n|move|p1a: Charizard|Solar Beam||[still]\n|-prepare|p1a: Charizard|Solar Beam\n|-anim|p1a: Charizard|Solar Beam|p2a: Golurk\n|-supereffective|p2a: Golurk|1\n|-damage|p2a: Golurk|0 fnt\n|faint|p2a: Golurk\n|\n|win|humania1\n","uploadtime":1788426017,"views":"0","formatid":"gen9championsvgc2026regmbbo3","rating":null,"private":0,"password":null}