{"id":"gen9championsvgc2026regmb-2674912174","format":"[Gen 9 Champions] VGC 2026 Reg M-B","players":["gawkgawk67","Newja"],"log":"|j|☆gawkgawk67\n|j|☆Newja\n|t:|1788434638\n|gametype|doubles\n|player|p1|gawkgawk67|1|1160\n|player|p2|Newja|ash-kalos|1064\n|gen|9\n|tier|[Gen 9 Champions] VGC 2026 Reg M-B\n|rated|\n|rule|Species Clause: Limit one of each Pokémon\n|rule|Item Clause: Limit 1 of each item\n|clearpoke\n|poke|p1|Charizard, L50, F|\n|poke|p1|Floette-Eternal, L50, F|\n|poke|p1|Whimsicott, L50, M|\n|poke|p1|Kingambit, L50, M|\n|poke|p1|Farigiraf, L50, M|\n|poke|p1|Sneasler, L50, M|\n|poke|p2|Oranguru, L50, M|\n|poke|p2|Staraptor, L50, M|\n|poke|p2|Lycanroc-Dusk, L50, F|\n|poke|p2|Politoed, L50, F|\n|poke|p2|Drampa, L50, M, shiny|\n|poke|p2|Sinistcha-Masterpiece, L50|\n|teampreview|4\n|inactive|Battle timer is ON: inactive players will automatically lose when time's up. (requested by Newja)\ngawkgawk67 rejected open team sheets.\n|\n|t:|1788434664\n|teamsize|p1|4\n|teamsize|p2|4\n|start\n|switch|p1a: Charizard|Charizard, L50, F|100/100\n|switch|p1b: Whimsicott|Whimsicott, L50, M|100/100\n|switch|p2a: Oranguru|Oranguru, L50, M|100/100\n|switch|p2b: Skystrike|Staraptor, L50, M|100/100\n|-ability|p2b: Skystrike|Intimidate|boost\n|-unboost|p1a: Charizard|atk|1\n|-unboost|p1b: Whimsicott|atk|1\n|turn|1\n|\n|t:|1788434679\n|detailschange|p1a: Charizard|Charizard-Mega-Y, L50, F\n|-mega|p1a: Charizard|Charizard|Charizardite Y\n|-weather|SunnyDay|[from] ability: Drought|[of] p1a: Charizard\n|move|p1b: Whimsicott|Fake Tears|p2a: Oranguru\n|-unboost|p2a: Oranguru|spd|2\n|move|p2b: Skystrike|Final Gambit|p1a: Charizard\n|-damage|p1a: Charizard|0 fnt\n|faint|p2b: Skystrike\n|faint|p1a: Charizard\n|move|p2a: Oranguru|Trick Room|p2a: Oranguru\n|-fieldstart|move: Trick Room|[of] p2a: Oranguru\n|\n|-weather|SunnyDay|[upkeep]\n|upkeep\n|\n|t:|1788434691\n|switch|p1a: Sneasler|Sneasler, L50, M|100/100\n|switch|p2b: Stormbringer|Drampa, L50, M, shiny|100/100\n|-ability|p2b: Stormbringer|Cloud Nine\n|turn|2\n|inactive|Newja has 30 seconds left.\n|\n|t:|1788434726\n|detailschange|p2b: Stormbringer|Drampa-Mega, L50, M, shiny\n|-mega|p2b: Stormbringer|Drampa|Drampanite\n|move|p1a: Sneasler|Fake Out|p2a: Oranguru\n|-damage|p2a: Oranguru|84/100\n|move|p2b: Stormbringer|Earth Power|p1a: Sneasler\n|-supereffective|p1a: Sneasler|1\n|-damage|p1a: Sneasler|0 fnt\n|faint|p1a: Sneasler\n|move|p2a: Oranguru|Hyper Voice|p1b: Whimsicott\n|-damage|p1b: Whimsicott|51/100\n|move|p1b: Whimsicott|Moonblast|p2a: Oranguru\n|-damage|p2a: Oranguru|39/100\n|\n|-weather|SunnyDay|[upkeep]\n|upkeep\n|\n|t:|1788434732\n|switch|p1a: Farigiraf|Farigiraf, L50, M|100/100\n|turn|3\n|\n|t:|1788434742\n|move|p1b: Whimsicott|Fake Tears|p2b: Stormbringer\n|-unboost|p2b: Stormbringer|spd|2\n|move|p2b: Stormbringer|Dragon Pulse|p1a: Farigiraf\n|-damage|p1a: Farigiraf|49/100\n|-enditem|p1a: Farigiraf|Sitrus Berry|[eat]\n|-heal|p1a: Farigiraf|74/100|[from] item: Sitrus Berry\n|move|p2a: Oranguru|Instruct|p2b: Stormbringer\n|-singleturn|p2b: Stormbringer|move: Instruct|[of] p2a: Oranguru\n|move|p2b: Stormbringer|Dragon Pulse|p1a: Farigiraf\n|-damage|p1a: Farigiraf|25/100\n|move|p1a: Farigiraf|Hyper Voice|p2b: Stormbringer|[spread] p2a,p2b\n|-damage|p2a: Oranguru|6/100\n|-damage|p2b: Stormbringer|49/100\n|-ability|p2b: Stormbringer|Berserk|boost\n|-boost|p2b: Stormbringer|spa|1\n|\n|-weather|SunnyDay|[upkeep]\n|upkeep\n|turn|4\n|inactive|Newja has 30 seconds left.\n|\n|t:|1788434768\n|move|p1a: Farigiraf|Ally Switch|p1a: Farigiraf\n|swap|p1a: Farigiraf|1|[from] move: Ally Switch\n|move|p2b: Stormbringer|Earth Power|p1a: Whimsicott\n|-resisted|p1a: Whimsicott|1\n|-damage|p1a: Whimsicott|2/100\n|move|p2a: Oranguru|Instruct|p2b: Stormbringer\n|-singleturn|p2b: Stormbringer|move: Instruct|[of] p2a: Oranguru\n|move|p2b: Stormbringer|Earth Power|p1a: Whimsicott\n|-resisted|p1a: Whimsicott|1\n|-damage|p1a: Whimsicott|0 fnt\n|faint|p1a: Whimsicott\n|\n|-weather|SunnyDay|[upkeep]\n|upkeep\n|turn|5\n|\n|t:|1788434789\n|move|p2b: Stormbringer|Hurricane|p1b: Farigiraf|[miss]\n|-miss|p2b: Stormbringer|p1b: Farigiraf\n|move|p2a: Oranguru|Instruct|p2b: Stormbringer\n|-singleturn|p2b: Stormbringer|move: Instruct|[of] p2a: Oranguru\n|move|p2b: Stormbringer|Hurricane|p1b: Farigiraf\n|-damage|p1b: Farigiraf|0 fnt\n|faint|p1b: Farigiraf\n|\n|win|Newja\n|raw|gawkgawk67's rating: 1160 &rarr; <strong>1128</strong><br />(-32 for losing)\n|raw|Newja's rating: 1064 &rarr; <strong>1103</strong><br />(+39 for winning)\n|l|☆Newja\n|player|p2|\n|j|☆Newja\n|player|p2|Newja|ash-kalos|\n","uploadtime":1788434810,"views":"1","formatid":"gen9championsvgc2026regmb","rating":1103,"private":0,"password":null}