{"id":"gen9championsvgc2026regmb-2674760446","format":"[Gen 9 Champions] VGC 2026 Reg M-B","players":["LucarioSolosYou2","darkrai_mtr"],"log":"|j|☆LucarioSolosYou2\n|j|☆darkrai_mtr\n|t:|1788401927\n|gametype|doubles\n|player|p1|LucarioSolosYou2|102|\n|player|p2|darkrai_mtr|shauntal|\n|gen|9\n|tier|[Gen 9 Champions] VGC 2026 Reg M-B\n|rule|Species Clause: Limit one of each Pokémon\n|rule|Item Clause: Limit 1 of each item\n|clearpoke\n|poke|p1|Gallade, L50, M, shiny|\n|poke|p1|Maushold-Four, L50|\n|poke|p1|Basculegion, L50, M, shiny|\n|poke|p1|Ditto, L50, shiny|\n|poke|p1|Dragonite, L50, M, shiny|\n|poke|p1|Incineroar, L50, M|\n|poke|p2|Absol, L50, M|\n|poke|p2|Maushold-Four, L50|\n|poke|p2|Gallade, L50, M, shiny|\n|poke|p2|Gholdengo, L50|\n|poke|p2|Rotom-Wash, L50|\n|poke|p2|Scovillain, L50, F|\n|teampreview|4\n|\n|t:|1788401933\n|teamsize|p1|4\n|teamsize|p2|4\n|start\n|switch|p1a: Diddys disciple|Ditto, L50, shiny|100/100\n|switch|p1b: WolfyVgc|Incineroar, L50, M|100/100\n|switch|p2a: Jerry|Maushold-Four, L50|100/100\n|switch|p2b: CritMerchant|Absol, L50, M|100/100\n|-transform|p1a: Diddys disciple|p2b: CritMerchant|[from] ability: Imposter\n|-ability|p1b: WolfyVgc|Intimidate|boost\n|-unboost|p2a: Jerry|atk|1\n|-unboost|p2b: CritMerchant|atk|1\n|turn|1\n|\n|t:|1788401984\n|switch|p2b: Washer|Rotom-Wash, L50|100/100\n|move|p1a: Diddys disciple|Protect|p1a: Diddys disciple\n|-singleturn|p1a: Diddys disciple|Protect\n|move|p2a: Jerry|Protect|p2a: Jerry\n|-singleturn|p2a: Jerry|Protect\n|move|p1b: WolfyVgc|Fake Out|p2a: Jerry\n|-activate|p2a: Jerry|move: Protect\n|\n|upkeep\n|turn|2\n|\n|t:|1788402044\n|switch|p1a: MrWorldChamp|Dragonite, L50, M, shiny|100/100\n|move|p2a: Jerry|Population Bomb|p1b: WolfyVgc\n|-damage|p1b: WolfyVgc|95/100\n|-damage|p1b: WolfyVgc|91/100\n|-damage|p1b: WolfyVgc|86/100\n|-damage|p1b: WolfyVgc|82/100\n|-damage|p1b: WolfyVgc|77/100\n|-damage|p1b: WolfyVgc|73/100\n|-damage|p1b: WolfyVgc|68/100\n|-damage|p1b: WolfyVgc|64/100\n|-damage|p1b: WolfyVgc|59/100\n|-damage|p1b: WolfyVgc|55/100\n|-hitcount|p1b: WolfyVgc|10\n|move|p1b: WolfyVgc|Parting Shot|p2b: Washer\n|-unboost|p2b: Washer|atk|1\n|-unboost|p2b: Washer|spa|1\n|\n|t:|1788402064\n|switch|p1b: Diddys disciple|Ditto, L50, shiny|100/100|[from] Parting Shot\n|-transform|p1b: Diddys disciple|p2a: Jerry|[from] ability: Imposter\n|move|p2b: Washer|Trick||[still]\n|-fail|p2b: Washer\n|\n|upkeep\n|turn|3\n|\n|t:|1788402079\n|detailschange|p1a: MrWorldChamp|Dragonite-Mega, L50, M, shiny\n|-mega|p1a: MrWorldChamp|Dragonite|Dragoninite\n|move|p1b: Diddys disciple|Follow Me|p1b: Diddys disciple\n|-singleturn|p1b: Diddys disciple|move: Follow Me\n|move|p2a: Jerry|Population Bomb|p1b: Diddys disciple\n|-crit|p1b: Diddys disciple\n|-damage|p1b: Diddys disciple|85/100\n|-damage|p1b: Diddys disciple|79/100\n|-damage|p1b: Diddys disciple|73/100\n|-damage|p1b: Diddys disciple|67/100\n|-damage|p1b: Diddys disciple|61/100\n|-damage|p1b: Diddys disciple|54/100\n|-damage|p1b: Diddys disciple|49/100\n|-damage|p1b: Diddys disciple|42/100\n|-damage|p1b: Diddys disciple|36/100\n|-damage|p1b: Diddys disciple|29/100\n|-hitcount|p1b: Diddys disciple|10\n|move|p1a: MrWorldChamp|Tailwind|p1a: MrWorldChamp\n|-sidestart|p1: LucarioSolosYou2|move: Tailwind\n|move|p2b: Washer|Trick|p1b: Diddys disciple\n|-activate|p2b: Washer|move: Trick|[of] p1b: Diddys disciple\n|-item|p1b: Diddys disciple|Iron Ball|[from] move: Trick\n|-item|p2b: Washer|Choice Scarf|[from] move: Trick\n|\n|upkeep\n|turn|4\n|\n|t:|1788402114\n|move|p1a: MrWorldChamp|Dragon Pulse|p2b: Washer\n|-damage|p2b: Washer|64/100\n|move|p2a: Jerry|Population Bomb|p1a: MrWorldChamp\n|-damage|p1a: MrWorldChamp|98/100\n|-damage|p1a: MrWorldChamp|95/100\n|-damage|p1a: MrWorldChamp|92/100\n|-damage|p1a: MrWorldChamp|89/100\n|-damage|p1a: MrWorldChamp|86/100\n|-damage|p1a: MrWorldChamp|83/100\n|-damage|p1a: MrWorldChamp|80/100\n|-damage|p1a: MrWorldChamp|76/100\n|-damage|p1a: MrWorldChamp|73/100\n|-damage|p1a: MrWorldChamp|70/100\n|-hitcount|p1a: MrWorldChamp|10\n|move|p1b: Diddys disciple|Population Bomb|p2a: Jerry\n|-damage|p2a: Jerry|93/100\n|-damage|p2a: Jerry|87/100\n|-hitcount|p2a: Jerry|2\n|move|p2b: Washer|Thunderbolt|p1a: MrWorldChamp\n|-damage|p1a: MrWorldChamp|55/100\n|-status|p1a: MrWorldChamp|par\n|\n|upkeep\n|turn|5\n|\n|t:|1788402167\n|move|p1b: Diddys disciple|Protect|p1b: Diddys disciple\n|-singleturn|p1b: Diddys disciple|Protect\n|move|p2a: Jerry|Protect|p2a: Jerry\n|-singleturn|p2a: Jerry|Protect\n|move|p2b: Washer|Thunderbolt|p1a: MrWorldChamp\n|-damage|p1a: MrWorldChamp|39/100 par\n|move|p1a: MrWorldChamp|Dragon Pulse|p2a: Jerry\n|-activate|p2a: Jerry|move: Protect\n|\n|upkeep\n|turn|6\n|\n|t:|1788402200\n|move|p2a: Jerry|Follow Me|p2a: Jerry\n|-singleturn|p2a: Jerry|move: Follow Me\n|move|p1b: Diddys disciple|Population Bomb|p2a: Jerry\n|-damage|p2a: Jerry|82/100\n|-damage|p2a: Jerry|77/100\n|-damage|p2a: Jerry|72/100\n|-hitcount|p2a: Jerry|3\n|move|p2b: Washer|Thunderbolt|p1a: MrWorldChamp\n|-damage|p1a: MrWorldChamp|24/100 par\n|cant|p1a: MrWorldChamp|par\n|\n|-sideend|p1: LucarioSolosYou2|move: Tailwind\n|upkeep\n|turn|7\n|\n|t:|1788402225\n|switch|p2b: CritMerchant|Absol, L50, M|100/100\n|move|p1b: Diddys disciple|Follow Me|p1b: Diddys disciple\n|-singleturn|p1b: Diddys disciple|move: Follow Me\n|move|p2a: Jerry|Beat Up|p1b: Diddys disciple\n|-damage|p1b: Diddys disciple|27/100\n|-damage|p1b: Diddys disciple|23/100\n|-damage|p1b: Diddys disciple|20/100y\n|-damage|p1b: Diddys disciple|18/100\n|-hitcount|p1b: Diddys disciple|4\n|move|p1a: MrWorldChamp|Tailwind|p1a: MrWorldChamp\n|-sidestart|p1: LucarioSolosYou2|move: Tailwind\n|\n|upkeep\n|turn|8\n|\n|t:|1788402247\n|move|p2b: CritMerchant|Sucker Punch|p1a: MrWorldChamp\n|-damage|p1a: MrWorldChamp|0 fnt\n|faint|p1a: MrWorldChamp\n|move|p1b: Diddys disciple|Population Bomb|p2b: CritMerchant\n|-damage|p2b: CritMerchant|95/100\n|-damage|p2b: CritMerchant|88/100\n|-damage|p2b: CritMerchant|83/100\n|-damage|p2b: CritMerchant|78/100\n|-damage|p2b: CritMerchant|73/100\n|-damage|p2b: CritMerchant|69/100\n|-damage|p2b: CritMerchant|64/100\n|-damage|p2b: CritMerchant|59/100\n|-damage|p2b: CritMerchant|54/100\n|-damage|p2b: CritMerchant|49/100\n|-hitcount|p2b: CritMerchant|10\n|move|p2a: Jerry|Beat Up|p2b: CritMerchant\n|-resisted|p2b: CritMerchant|1\n|-damage|p2b: CritMerchant|48/100\n|-ability|p2b: CritMerchant|Justified|boost\n|-boost|p2b: CritMerchant|atk|1\n|-resisted|p2b: CritMerchant|1\n|-damage|p2b: CritMerchant|47/100\n|-ability|p2b: CritMerchant|Justified|boost\n|-boost|p2b: CritMerchant|atk|1\n|-resisted|p2b: CritMerchant|1\n|-damage|p2b: CritMerchant|46/100\n|-ability|p2b: CritMerchant|Justified|boost\n|-boost|p2b: CritMerchant|atk|1\n|-resisted|p2b: CritMerchant|1\n|-damage|p2b: CritMerchant|45/100\n|-ability|p2b: CritMerchant|Justified|boost\n|-boost|p2b: CritMerchant|atk|1\n|-hitcount|p2b: CritMerchant|4\n|\n|upkeep\n|\n|t:|1788402275\n|switch|p1a: WolfyVgc|Incineroar, L50, M|55/100\n|-ability|p1a: WolfyVgc|Intimidate|boost\n|-unboost|p2a: Jerry|atk|1\n|-unboost|p2b: CritMerchant|atk|1\n|turn|9\n|\n|t:|1788402293\n|detailschange|p2b: CritMerchant|Absol-Mega, L50, M\n|-mega|p2b: CritMerchant|Absol|Absolite\n|move|p1a: WolfyVgc|Fake Out|p2b: CritMerchant\n|-damage|p2b: CritMerchant|25/100\n|move|p2a: Jerry|Follow Me|p2a: Jerry\n|-singleturn|p2a: Jerry|move: Follow Me\n|cant|p2b: CritMerchant|flinch\n|move|p1b: Diddys disciple|Population Bomb|p2a: Jerry\n|-damage|p2a: Jerry|66/100\n|-damage|p2a: Jerry|61/100\n|-damage|p2a: Jerry|56/100\n|-hitcount|p2a: Jerry|3\n|\n|upkeep\n|turn|10\n|\n|t:|1788402326\n|move|p1b: Diddys disciple|Protect|p1b: Diddys disciple\n|-singleturn|p1b: Diddys disciple|Protect\n|move|p2a: Jerry|Follow Me|p2a: Jerry\n|-singleturn|p2a: Jerry|move: Follow Me\n|move|p2b: CritMerchant|Night Slash|p1a: WolfyVgc\n|-resisted|p1a: WolfyVgc|1\n|-damage|p1a: WolfyVgc|17/100\n|-enditem|p1a: WolfyVgc|Sitrus Berry|[eat]\n|-heal|p1a: WolfyVgc|42/100|[from] item: Sitrus Berry\n|move|p1a: WolfyVgc|Parting Shot|p2a: Jerry\n|-unboost|p2a: Jerry|atk|1\n|-unboost|p2a: Jerry|spa|1\n|\n|t:|1788402339\n|switch|p1a: No Respect|Basculegion, L50, M, shiny|100/100|[from] Parting Shot\n|\n|-sideend|p1: LucarioSolosYou2|move: Tailwind\n|upkeep\n|turn|11\n|\n|t:|1788402363\n|move|p2b: CritMerchant|Sucker Punch|p1a: No Respect\n|-supereffective|p1a: No Respect|1\n|-damage|p1a: No Respect|0 fnt\n|faint|p1a: No Respect\n|move|p2a: Jerry|Population Bomb|p1b: Diddys disciple\n|-damage|p1b: Diddys disciple|14/100\n|-damage|p1b: Diddys disciple|10/100\n|-damage|p1b: Diddys disciple|6/100\n|-damage|p1b: Diddys disciple|2/100\n|-damage|p1b: Diddys disciple|0 fnt\n|faint|p1b: Diddys disciple\n|-hitcount|p1: Diddys disciple|5\n|\n|upkeep\n|-message|LucarioSolosYou2 forfeited.\n|\n|win|darkrai_mtr\n|l|☆LucarioSolosYou2\n|player|p1|\n","uploadtime":1788402376,"views":"1","formatid":"gen9championsvgc2026regmb","rating":null,"private":0,"password":null}