{"id":"gen9championsvgc2026regmb-2674659423","format":"[Gen 9 Champions] VGC 2026 Reg M-B","players":["frogwha","miseria01"],"log":"|j|☆frogwha\n|j|☆miseria01\n|t:|1788386420\n|gametype|doubles\n|player|p1|frogwha|erika|1493\n|player|p2|miseria01|unknown|1427\n|gen|9\n|tier|[Gen 9 Champions] VGC 2026 Reg M-B\n|rated|\n|rule|Species Clause: Limit one of each Pokémon\n|rule|Item Clause: Limit 1 of each item\n|clearpoke\n|poke|p1|Orthworm, L50, F|\n|poke|p1|Staraptor, L50, M|\n|poke|p1|Excadrill, L50, M|\n|poke|p1|Tyranitar, L50, F|\n|poke|p1|Sinistcha, L50|\n|poke|p1|Houndstone, L50, F|\n|poke|p2|Charizard, L50, M, shiny|\n|poke|p2|Garchomp, L50, M|\n|poke|p2|Incineroar, L50, M, shiny|\n|poke|p2|Venusaur, L50, M|\n|poke|p2|Toxapex, L50, F|\n|poke|p2|Sylveon, L50, F|\n|teampreview|4\n|inactive|Battle timer is ON: inactive players will automatically lose when time's up. (requested by frogwha)\n|inactive|frogwha has 60 seconds left.\n|inactive|miseria01 has 60 seconds left.\n|\n|t:|1788386463\n|teamsize|p1|4\n|teamsize|p2|4\n|start\n|switch|p1a: Orthworm|Orthworm, L50, F|100/100\n|switch|p1b: Tyranitar|Tyranitar, L50, F|100/100\n|switch|p2a: Garchomp|Garchomp, L50, M|100/100\n|switch|p2b: Charizard|Charizard, L50, M, shiny|100/100\n|-weather|Sandstorm|[from] ability: Sand Stream|[of] p1b: Tyranitar\n|turn|1\n|inactive|frogwha has 30 seconds left.\n|inactive|frogwha has 20 seconds left.\n|inactive|frogwha has 15 seconds left.\n|inactive|frogwha has 10 seconds left.\n|\n|t:|1788386509\n|move|p2b: Charizard|Protect|p2b: Charizard\n|-singleturn|p2b: Charizard|Protect\n|move|p1b: Tyranitar|Protect|p1b: Tyranitar\n|-singleturn|p1b: Tyranitar|Protect\n|move|p2a: Garchomp|Stomping Tantrum|p1b: Tyranitar\n|-activate|p1b: Tyranitar|move: Protect\n|move|p1a: Orthworm|Shed Tail|p1a: Orthworm\n|-start|p1a: Orthworm|Substitute|[from] move: Shed Tail\n|-damage|p1a: Orthworm|49/100\n|-enditem|p1a: Orthworm|Sitrus Berry|[eat]\n|-heal|p1a: Orthworm|74/100|[from] item: Sitrus Berry\n|\n|t:|1788386524\n|switch|p1a: Excadrill|Excadrill, L50, M|100/100|[from] Shed Tail\n|\n|-weather|Sandstorm|[upkeep]\n|-damage|p2b: Charizard|94/100|[from] Sandstorm\n|upkeep\n|turn|2\n|\n|t:|1788386530\n|switch|p2b: Incineroar|Incineroar, L50, M, shiny|100/100\n|-ability|p2b: Incineroar|Intimidate|boost\n|-immune|p1a: Excadrill\n|-unboost|p1b: Tyranitar|atk|1\n|detailschange|p1b: Tyranitar|Tyranitar-Mega, L50, F\n|-mega|p1b: Tyranitar|Tyranitar|Tyranitarite\n|move|p1a: Excadrill|Swords Dance|p1a: Excadrill\n|-boost|p1a: Excadrill|atk|2\n|move|p2a: Garchomp|Stomping Tantrum|p1b: Tyranitar\n|-supereffective|p1b: Tyranitar|1\n|-damage|p1b: Tyranitar|47/100\n|move|p1b: Tyranitar|Rock Slide|p2b: Incineroar|[spread] p2a,p2b\n|-resisted|p2a: Garchomp|1\n|-supereffective|p2b: Incineroar|1\n|-damage|p2a: Garchomp|88/100\n|-damage|p2b: Incineroar|60/100\n|\n|-weather|Sandstorm|[upkeep]\n|-damage|p2b: Incineroar|54/100|[from] Sandstorm\n|upkeep\n|turn|3\n|inactive|frogwha has 30 seconds left.\n|\n|t:|1788386560\n|switch|p1b: Orthworm|Orthworm, L50, F|74/100\n|move|p2b: Incineroar|Fake Out|p1a: Excadrill\n|-resisted|p1a: Excadrill|1\n|-activate|p1a: Excadrill|move: Substitute|[damage]\n|move|p1a: Excadrill|Earthquake|p2a: Garchomp|[spread] p2a,p2b\n|-heal|p1b: Orthworm|99/100|[from] ability: Earth Eater|[of] p1a: Excadrill\n|-supereffective|p2b: Incineroar|1\n|-damage|p2a: Garchomp|3/100\n|-damage|p2b: Incineroar|0 fnt\n|faint|p2b: Incineroar\n|move|p2a: Garchomp|Stomping Tantrum|p1a: Excadrill\n|-supereffective|p1a: Excadrill|1\n|-end|p1a: Excadrill|Substitute\n|\n|-weather|Sandstorm|[upkeep]\n|upkeep\n|\n|t:|1788386577\n|switch|p2b: Charizard|Charizard, L50, M, shiny|94/100\n|turn|4\n|inactive|frogwha has 30 seconds left.\n|inactive|frogwha has 20 seconds left.\n|\n|t:|1788386613\n|detailschange|p2b: Charizard|Charizard-Mega-Y, L50, M, shiny\n|-mega|p2b: Charizard|Charizard|Charizardite Y\n|-weather|SunnyDay|[from] ability: Drought|[of] p2b: Charizard\n|move|p1b: Orthworm|Protect|p1b: Orthworm\n|-singleturn|p1b: Orthworm|Protect\n|move|p2a: Garchomp|Stomping Tantrum|p1a: Excadrill\n|-supereffective|p1a: Excadrill|1\n|-enditem|p1a: Excadrill|Focus Sash\n|-damage|p1a: Excadrill|1/100\n|move|p2b: Charizard|Heat Wave|p1a: Excadrill|[spread] p1a\n|-activate|p1b: Orthworm|move: Protect\n|-supereffective|p1a: Excadrill|1\n|-damage|p1a: Excadrill|0 fnt\n|faint|p1a: Excadrill\n|\n|-weather|SunnyDay|[upkeep]\n|upkeep\n|\n|t:|1788386626\n|switch|p1a: Tyranitar|Tyranitar-Mega, L50, F|47/100\n|-weather|Sandstorm|[from] ability: Sand Stream|[of] p1a: Tyranitar\n|turn|5\n|\n|t:|1788386640\n|switch|p2b: Venusaur|Venusaur, L50, M|100/100\n|move|p1a: Tyranitar|Protect|p1a: Tyranitar\n|-singleturn|p1a: Tyranitar|Protect\n|move|p2a: Garchomp|Stomping Tantrum|p1a: Tyranitar\n|-activate|p1a: Tyranitar|move: Protect\n|move|p1b: Orthworm|Shed Tail|p1b: Orthworm\n|-start|p1b: Orthworm|Substitute|[from] move: Shed Tail\n|-damage|p1b: Orthworm|49/100\n|\n|t:|1788386646\n|switch|p1b: Houndstone|Houndstone, L50, F|100/100|[from] Shed Tail\n|\n|-weather|Sandstorm|[upkeep]\n|-damage|p2b: Venusaur|94/100|[from] Sandstorm\n|upkeep\n|turn|6\n|\n|t:|1788386662\n|switch|p1a: Orthworm|Orthworm, L50, F|49/100\n|move|p1b: Houndstone|Shadow Sneak|p2a: Garchomp\n|-damage|p2a: Garchomp|0 fnt\n|-damage|p1b: Houndstone|87/100|[from] ability: Rough Skin|[of] p2a: Garchomp\n|faint|p2a: Garchomp\n|move|p2b: Venusaur|Energy Ball|p1a: Orthworm\n|-resisted|p1a: Orthworm|1\n|-damage|p1a: Orthworm|4/100\n|-damage|p2b: Venusaur|84/100|[from] item: Life Orb\n|\n|-weather|Sandstorm|[upkeep]\n|-damage|p2b: Venusaur|79/100|[from] Sandstorm\n|upkeep\n|\n|t:|1788386676\n|switch|p2a: Charizard|Charizard-Mega-Y, L50, M, shiny|94/100\n|-weather|SunnyDay|[from] ability: Drought|[of] p2a: Charizard\n|turn|7\n|\n|t:|1788386686\n|switch|p1a: Tyranitar|Tyranitar-Mega, L50, F|47/100\n|-weather|Sandstorm|[from] ability: Sand Stream|[of] p1a: Tyranitar\n|move|p1b: Houndstone|Last Respects|p2b: Venusaur\n|-damage|p2b: Venusaur|12/100\n|move|p2a: Charizard|Heat Wave|p1a: Tyranitar|[spread] p1a,p1b\n|-end|p1b: Houndstone|Substitute\n|-resisted|p1a: Tyranitar|1\n|-damage|p1a: Tyranitar|37/100\n|move|p2b: Venusaur|Energy Ball|p1b: Houndstone\n|-damage|p1b: Houndstone|20/100y\n|-damage|p2b: Venusaur|3/100|[from] item: Life Orb\n|\n|-weather|Sandstorm|[upkeep]\n|-damage|p2a: Charizard|88/100|[from] Sandstorm\n|-damage|p2b: Venusaur|0 fnt|[from] Sandstorm\n|faint|p2b: Venusaur\n|upkeep\n|turn|8\n|-message|miseria01 forfeited.\n|\n|win|frogwha\n|raw|frogwha's rating: 1493 &rarr; <strong>1509</strong><br />(+16 for winning)\n|raw|miseria01's rating: 1427 &rarr; <strong>1411</strong><br />(-16 for losing)\n|l|☆miseria01\n|player|p2|\n","uploadtime":1788386709,"views":"2","formatid":"gen9championsvgc2026regmb","rating":1411,"private":0,"password":null}