{"id":"gen9championsvgc2026regmb-2674897578","format":"[Gen 9 Champions] VGC 2026 Reg M-B","players":["Honks123","vyanpjsk"],"log":"|j|☆Honks123\n|j|☆vyanpjsk\n|t:|1788431714\n|gametype|doubles\n|player|p1|Honks123|byron|1136\n|player|p2|vyanpjsk|waitress-gen4|1051\n|gen|9\n|tier|[Gen 9 Champions] VGC 2026 Reg M-B\n|rated|\n|rule|Species Clause: Limit one of each Pokémon\n|rule|Item Clause: Limit 1 of each item\n|clearpoke\n|poke|p1|Dragonite, L50, M, shiny|\n|poke|p1|Heliolisk, L50, M|\n|poke|p1|Meowstic, L50, M, shiny|\n|poke|p1|Corviknight, L50, M, shiny|\n|poke|p1|Sinistcha, L50|\n|poke|p1|Gholdengo, L50|\n|poke|p2|Hawlucha, L50, F|\n|poke|p2|Drampa, L50, F|\n|poke|p2|Oranguru, L50, M|\n|poke|p2|Sinistcha, L50|\n|poke|p2|Whimsicott, L50, M|\n|poke|p2|Basculegion, L50, M|\n|teampreview|4\n|\n|t:|1788431730\n|teamsize|p1|4\n|teamsize|p2|4\n|start\n|switch|p1a: Heliolisk|Heliolisk, L50, M|100/100\n|switch|p1b: Meowstic|Meowstic, L50, M, shiny|100/100\n|switch|p2a: Drampa|Drampa, L50, F|100/100\n|switch|p2b: Oranguru|Oranguru, L50, M|100/100\n|-ability|p2a: Drampa|Cloud Nine\n|turn|1\n|\n|t:|1788431754\n|detailschange|p2a: Drampa|Drampa-Mega, L50, F\n|-mega|p2a: Drampa|Drampa|Drampanite\n|move|p1b: Meowstic|Fake Out|p2a: Drampa\n|-damage|p2a: Drampa|94/100\n|move|p1a: Heliolisk|Shed Tail|p1a: Heliolisk\n|-start|p1a: Heliolisk|Substitute|[from] move: Shed Tail\n|-damage|p1a: Heliolisk|50/100y\n|-enditem|p1a: Heliolisk|Sitrus Berry|[eat]\n|-heal|p1a: Heliolisk|74/100|[from] item: Sitrus Berry\n|\n|t:|1788431775\n|switch|p1a: Dragonite|Dragonite, L50, M, shiny|100/100|[from] Shed Tail\n|cant|p2a: Drampa|flinch\n|move|p2b: Oranguru|Trick Room|p2b: Oranguru\n|-fieldstart|move: Trick Room|[of] p2b: Oranguru\n|\n|upkeep\n|turn|2\n|\n|t:|1788431789\n|detailschange|p1a: Dragonite|Dragonite-Mega, L50, M, shiny\n|-mega|p1a: Dragonite|Dragonite|Dragoninite\n|move|p1b: Meowstic|Helping Hand|p1a: Dragonite\n|-singleturn|p1a: Dragonite|Helping Hand|[of] p1b: Meowstic\n|move|p2a: Drampa|Hyper Voice|p1a: Dragonite|[spread] p1a,p1b\n|-damage|p1a: Dragonite|81/100\n|-damage|p1b: Meowstic|54/100\n|move|p2b: Oranguru|Instruct|p2a: Drampa\n|-singleturn|p2a: Drampa|move: Instruct|[of] p2b: Oranguru\n|move|p2a: Drampa|Hyper Voice|p1a: Dragonite|[spread] p1a,p1b\n|-damage|p1a: Dragonite|47/100\n|-damage|p1b: Meowstic|7/100\n|move|p1a: Dragonite|Dragon Pulse|p2a: Drampa\n|-supereffective|p2a: Drampa|1\n|-damage|p2a: Drampa|0 fnt\n|faint|p2a: Drampa\n|\n|upkeep\n|\n|t:|1788431804\n|switch|p2a: Sinistcha|Sinistcha, L50|100/100\n|turn|3\n|\n|t:|1788431821\n|move|p1b: Meowstic|Light Screen|p1b: Meowstic\n|-sidestart|p1: Honks123|move: Light Screen\n|move|p2b: Oranguru|Instruct||[still]\n|-fail|p2b: Oranguru\n|move|p2a: Sinistcha|Matcha Gotcha|p1b: Meowstic|[spread] p1a,p1b\n|-resisted|p1a: Dragonite|2\n|-activate|p1a: Dragonite|move: Substitute|[damage]\n|-damage|p1b: Meowstic|0 fnt\n|faint|p1b: Meowstic\n|move|p1a: Dragonite|Heat Wave|p2b: Oranguru|[spread] p2b\n|-miss|p1a: Dragonite|p2a: Sinistcha\n|-damage|p2b: Oranguru|74/100\n|\n|upkeep\n|\n|t:|1788431835\n|switch|p1b: Heliolisk|Heliolisk, L50, M|74/100\n|turn|4\n|\n|t:|1788431852\n|move|p2b: Oranguru|Taunt|p1b: Heliolisk\n|-start|p1b: Heliolisk|move: Taunt\n|move|p2a: Sinistcha|Matcha Gotcha|p1a: Dragonite|[spread] p1a,p1b\n|-resisted|p1a: Dragonite|2\n|-activate|p1a: Dragonite|move: Substitute|[damage]\n|-damage|p1b: Heliolisk|52/100\n|move|p1a: Dragonite|Heat Wave|p2b: Oranguru|[spread] p2a,p2b\n|-supereffective|p2a: Sinistcha|1\n|-damage|p2a: Sinistcha|22/100\n|-damage|p2b: Oranguru|51/100\n|cant|p1b: Heliolisk|move: Taunt|Shed Tail\n|\n|-heal|p2a: Sinistcha|28/100|[from] item: Leftovers\n|upkeep\n|turn|5\n|\n|t:|1788431892\n|switch|p2a: Basculegion|Basculegion, L50, M|100/100\n|move|p2b: Oranguru|Instruct||[still]\n|-fail|p2b: Oranguru\n|move|p1a: Dragonite|Heat Wave|p2a: Basculegion|[spread] p2a,p2b\n|-resisted|p2a: Basculegion|1\n|-damage|p2a: Basculegion|83/100\n|-damage|p2b: Oranguru|28/100\n|move|p1b: Heliolisk|Thunderbolt|p2b: Oranguru\n|-damage|p2b: Oranguru|0 fnt\n|faint|p2b: Oranguru\n|\n|-fieldend|move: Trick Room\n|upkeep\n|\n|t:|1788431897\n|switch|p2b: Sinistcha|Sinistcha, L50|28/100\n|-heal|p2a: Basculegion|100/100|[from] ability: Hospitality|[of] p2b: Sinistcha\n|turn|6\n|\n|t:|1788431910\n|move|p2a: Basculegion|Aqua Jet|p1b: Heliolisk\n|-heal|p1b: Heliolisk|77/100|[from] ability: Dry Skin|[of] p2a: Basculegion\n|move|p1b: Heliolisk|Thunderbolt|p2a: Basculegion\n|-supereffective|p2a: Basculegion|1\n|-damage|p2a: Basculegion|5/100\n|move|p1a: Dragonite|Dragon Pulse|p2a: Basculegion\n|-damage|p2a: Basculegion|0 fnt\n|faint|p2a: Basculegion\n|move|p2b: Sinistcha|Life Dew|p2b: Sinistcha\n|-heal|p2b: Sinistcha|53/100\n|\n|-heal|p2b: Sinistcha|60/100|[from] item: Leftovers\n|-end|p1b: Heliolisk|move: Taunt\n|upkeep\n|turn|7\n|-message|vyanpjsk forfeited.\n|\n|win|Honks123\n|raw|Honks123's rating: 1136 &rarr; <strong>1155</strong><br />(+19 for winning)\n|raw|vyanpjsk's rating: 1051 &rarr; <strong>1038</strong><br />(-13 for losing)\n|l|☆vyanpjsk\n|player|p2|\n","uploadtime":1788431921,"views":"10","formatid":"gen9championsvgc2026regmb","rating":1038,"private":0,"password":null}