{"id":"gen9championsvgc2026regmbbo3-2674485625","format":"[Gen 9 Champions] VGC 2026 Reg M-B (Bo3)","players":["zaydwithyomom","That_Leek"],"log":"|j|☆zaydwithyomom\n|j|☆That_Leek\n|html|<table width=\"100%\"><tr><td align=\"left\">zaydwithyomom</td><td align=\"right\">That_Leek</tr><tr><td align=\"left\"><i class=\"fa fa-circle-o\"></i> <i class=\"fa fa-circle-o\"></i> </td><td align=\"right\"><i class=\"fa fa-circle-o\"></i> <i class=\"fa fa-circle-o\"></i> </tr></table>\n|uhtml|bestof|<h2><strong>Game 1</strong> of <a href=\"/game-bestof3-gen9championsvgc2026regmbbo3-2674485621\">a best-of-3</a></h2>\n|t:|1788365397\n|gametype|doubles\n|player|p1|zaydwithyomom|1|1175\n|player|p2|That_Leek|blue-masters|1193\n|gen|9\n|tier|[Gen 9 Champions] VGC 2026 Reg M-B (Bo3)\n|rated|\n|rule|Species Clause: Limit one of each Pokémon\n|rule|Item Clause: Limit 1 of each item\n|clearpoke\n|poke|p1|Mawile, L50, M|\n|poke|p1|Farigiraf, L50, F|\n|poke|p1|Incineroar, L50, M|\n|poke|p1|Garchomp, L50, M|\n|poke|p1|Tyranitar, L50, M|\n|poke|p1|Corviknight, L50, F|\n|poke|p2|Raichu, L50, M|\n|poke|p2|Kingambit, L50, F|\n|poke|p2|Dragonite, L50, M|\n|poke|p2|Ninetales-Alola, L50, M|\n|poke|p2|Sylveon, L50, M|\n|poke|p2|Incineroar, L50, M|\n|teampreview|4\n|showteam|p1|Mawile||Mawilite|HyperCutter|Protect,SuckerPunch,IronHead,PlayRough|Adamant||M|||50|]Farigiraf||ColburBerry|ArmorTail|HelpingHand,TwinBeam,TrickRoom,Protect|Calm||F|||50|]Incineroar||SitrusBerry|Intimidate|FakeOut,PartingShot,FlareBlitz,DarkestLariat|Careful||M|||50|]Garchomp||Garchompite|RoughSkin|Protect,StompingTantrum,RockSlide,DragonClaw|Adamant||M|||50|]Tyranitar||ChopleBerry|SandStream|Protect,KnockOff,RockSlide,LowKick|Adamant||M|||50|]Corviknight||Leftovers|MirrorArmor|BraveBird,BulkUp,BodyPress,Tailwind|Impish||F|||50|\n|showteam|p2|Raichu||RaichuniteY|LightningRod|FakeOut,ZapCannon,FocusBlast,Protect|Timid||M|||50|]Kingambit||BlackGlasses|Defiant|KowtowCleave,SuckerPunch,Protect,SwordsDance|Adamant||F|||50|]Dragonite||LifeOrb|InnerFocus|DragonClaw,Tailwind,Superpower,Protect|Adamant||M|||50|]Ninetales-Alola||FocusSash|SnowWarning|Blizzard,IcyWind,Protect,FreezeDry|Timid||M|||50|]Sylveon||FairyFeather|Pixilate|HyperVoice,QuickAttack,CalmMind,Detect|Modest||M|||50|]Incineroar||LumBerry|Intimidate|FakeOut,FlareBlitz,PartingShot,ThroatChop|Impish||M|||50|\n|\n|t:|1788365442\n|teamsize|p1|4\n|teamsize|p2|4\n|start\n|switch|p1a: Corviknight|Corviknight, L50, F|100/100\n|switch|p1b: Garchomp|Garchomp, L50, M|100/100\n|switch|p2a: Sylveon|Sylveon, L50, M|100/100\n|switch|p2b: Dragonite|Dragonite, L50, M|100/100\n|turn|1\n|\n|t:|1788365467\n|switch|p1b: Farigiraf|Farigiraf, L50, F|100/100\n|move|p2b: Dragonite|Tailwind|p2b: Dragonite\n|-sidestart|p2: That_Leek|move: Tailwind\n|move|p2a: Sylveon|Calm Mind|p2a: Sylveon\n|-boost|p2a: Sylveon|spa|1\n|-boost|p2a: Sylveon|spd|1\n|move|p1a: Corviknight|Tailwind|p1a: Corviknight\n|-sidestart|p1: zaydwithyomom|move: Tailwind\n|\n|upkeep\n|turn|2\n|\n|t:|1788365477\n|move|p2b: Dragonite|Dragon Claw|p1b: Farigiraf\n|-damage|p1b: Farigiraf|44/100\n|-damage|p2b: Dragonite|90/100|[from] item: Life Orb\n|move|p2a: Sylveon|Hyper Voice|p1a: Corviknight|[spread] p1a,p1b\n|-resisted|p1a: Corviknight|1\n|-damage|p1a: Corviknight|64/100\n|-damage|p1b: Farigiraf|0 fnt\n|faint|p1b: Farigiraf\n|move|p1a: Corviknight|Bulk Up|p1a: Corviknight\n|-boost|p1a: Corviknight|atk|1\n|-boost|p1a: Corviknight|def|1\n|\n|-heal|p1a: Corviknight|70/100|[from] item: Leftovers\n|upkeep\n|\n|t:|1788365488\n|switch|p1b: Garchomp|Garchomp, L50, M|100/100\n|turn|3\n|\n|t:|1788365495\n|detailschange|p1b: Garchomp|Garchomp-Mega, L50, M\n|-mega|p1b: Garchomp|Garchomp|Garchompite\n|move|p1b: Garchomp|Rock Slide|p2b: Dragonite|[spread] p2a,p2b\n|-supereffective|p2b: Dragonite|1\n|-damage|p2a: Sylveon|68/100\n|-damage|p2b: Dragonite|35/100\n|move|p2b: Dragonite|Dragon Claw|p1a: Corviknight\n|-resisted|p1a: Corviknight|1\n|-damage|p1a: Corviknight|59/100\n|-damage|p2b: Dragonite|25/100|[from] item: Life Orb\n|move|p2a: Sylveon|Hyper Voice|p1a: Corviknight|[spread] p1a,p1b\n|-resisted|p1a: Corviknight|1\n|-supereffective|p1b: Garchomp|1\n|-damage|p1a: Corviknight|24/100\n|-damage|p1b: Garchomp|0 fnt\n|faint|p1b: Garchomp\n|move|p1a: Corviknight|Brave Bird|p2a: Sylveon\n|-damage|p2a: Sylveon|0 fnt\n|faint|p2a: Sylveon\n|-damage|p1a: Corviknight|5/100|[from] Recoil\n|\n|-heal|p1a: Corviknight|11/100|[from] item: Leftovers\n|upkeep\n|\n|t:|1788365507\n|switch|p1b: Tyranitar|Tyranitar, L50, M|100/100\n|switch|p2a: Raichu|Raichu, L50, M|100/100\n|-weather|Sandstorm|[from] ability: Sand Stream|[of] p1b: Tyranitar\n|turn|4\n|\n|t:|1788365515\n|detailschange|p2a: Raichu|Raichu-Mega-Y, L50, M\n|-mega|p2a: Raichu|Raichu|Raichunite Y\n|move|p2a: Raichu|Fake Out|p1b: Tyranitar\n|-resisted|p1b: Tyranitar|1\n|-damage|p1b: Tyranitar|97/100\n|move|p2b: Dragonite|Superpower|p1a: Corviknight\n|-damage|p1a: Corviknight|0 fnt\n|-unboost|p2b: Dragonite|atk|1\n|-unboost|p2b: Dragonite|def|1\n|faint|p1a: Corviknight\n|-damage|p2b: Dragonite|16/100|[from] item: Life Orb\n|cant|p1b: Tyranitar|flinch\n|\n|-weather|Sandstorm|[upkeep]\n|-damage|p2a: Raichu|94/100|[from] Sandstorm\n|-damage|p2b: Dragonite|10/100|[from] Sandstorm\n|-sideend|p2: That_Leek|move: Tailwind\n|-sideend|p1: zaydwithyomom|move: Tailwind\n|upkeep\n|turn|5\n|\n|t:|1788365527\n|move|p2a: Raichu|Focus Blast|p1b: Tyranitar\n|-supereffective|p1b: Tyranitar|2\n|-enditem|p1b: Tyranitar|Chople Berry|[eat]\n|-enditem|p1b: Tyranitar|Chople Berry|[weaken]\n|-damage|p1b: Tyranitar|48/100\n|move|p2b: Dragonite|Superpower|p1b: Tyranitar\n|-supereffective|p1b: Tyranitar|2\n|-crit|p1b: Tyranitar\n|-damage|p1b: Tyranitar|0 fnt\n|-unboost|p2b: Dragonite|atk|1\n|-unboost|p2b: Dragonite|def|1\n|faint|p1b: Tyranitar\n|-damage|p2b: Dragonite|1/100|[from] item: Life Orb\n|\n|win|That_Leek\n||zaydwithyomom is ready for game 2.\n||That_Leek is ready for game 2.\n|uhtml|next|Next: <a href=\"/battle-gen9championsvgc2026regmbbo3-2674486816\"><strong>Game 2 of 3</strong></a>\n","uploadtime":1788365535,"views":"3","formatid":"gen9championsvgc2026regmbbo3","rating":null,"private":0,"password":null}