{"id":"gen9championsvgc2026regmb-2674747279","format":"[Gen 9 Champions] VGC 2026 Reg M-B","players":["Gurniculator","Gabzzzilla"],"log":"|j|☆Gurniculator\n|j|☆Gabzzzilla\n|t:|1788399886\n|gametype|doubles\n|player|p1|Gurniculator|101|1093\n|player|p2|Gabzzzilla|hilbert|1049\n|gen|9\n|tier|[Gen 9 Champions] VGC 2026 Reg M-B\n|rated|\n|rule|Species Clause: Limit one of each Pokémon\n|rule|Item Clause: Limit 1 of each item\n|clearpoke\n|poke|p1|Delphox, L50, M|\n|poke|p1|Staraptor, L50, F|\n|poke|p1|Sinistcha-Masterpiece, L50|\n|poke|p1|Garchomp, L50, M|\n|poke|p1|Kingambit, L50, M|\n|poke|p1|Incineroar, L50, F|\n|poke|p2|Gengar, L50, M, shiny|\n|poke|p2|Vivillon, L50, F, shiny|\n|poke|p2|Tsareena, L50, F|\n|poke|p2|Politoed, L50, F|\n|poke|p2|Archaludon, L50, M|\n|poke|p2|Incineroar, L50, F|\n|teampreview|4\n|inactive|Battle timer is ON: inactive players will automatically lose when time's up. (requested by Gabzzzilla)\nGurniculator has agreed to open team sheets.\n|inactive|Gurniculator has 60 seconds left.\n|inactive|Gabzzzilla has 60 seconds left.\n|\n|t:|1788399940\n|teamsize|p1|4\n|teamsize|p2|4\n|start\n|switch|p1a: Staraptor|Staraptor, L50, F|100/100\n|switch|p1b: Incineroar|Incineroar, L50, F|100/100\n|switch|p2a: Vivillon|Vivillon, L50, F, shiny|100/100\n|switch|p2b: Incineroar|Incineroar, L50, F|100/100\n|-ability|p1a: Staraptor|Intimidate|boost\n|-unboost|p2a: Vivillon|atk|1\n|-unboost|p2b: Incineroar|atk|1\n|-ability|p2b: Incineroar|Intimidate|boost\n|-unboost|p1a: Staraptor|atk|1\n|-unboost|p1b: Incineroar|atk|1\n|-ability|p1b: Incineroar|Intimidate|boost\n|-unboost|p2a: Vivillon|atk|1\n|-unboost|p2b: Incineroar|atk|1\n|turn|1\n|inactive|Gurniculator has 30 seconds left.\n|inactive|Gabzzzilla has 30 seconds left.\n|\n|t:|1788399973\n|detailschange|p1a: Staraptor|Staraptor-Mega, L50, F\n|-mega|p1a: Staraptor|Staraptor|Staraptite\n|move|p1a: Staraptor|Protect|p1a: Staraptor\n|-singleturn|p1a: Staraptor|Protect\n|move|p2b: Incineroar|Fake Out|p1b: Incineroar\n|-damage|p1b: Incineroar|95/100\n|cant|p1b: Incineroar|flinch\n|move|p2a: Vivillon|Sleep Powder|p1a: Staraptor\n|-activate|p1a: Staraptor|move: Protect\n|\n|upkeep\n|turn|2\n|\n|t:|1788399994\n|move|p1a: Staraptor|Brave Bird|p2a: Vivillon\n|-supereffective|p2a: Vivillon|1\n|-enditem|p2a: Vivillon|Focus Sash\n|-damage|p2a: Vivillon|1/100\n|-damage|p1a: Staraptor|71/100|[from] Recoil\n|move|p2a: Vivillon|Sleep Powder|p1a: Staraptor\n|-status|p1a: Staraptor|slp|[from] move: Sleep Powder\n|move|p2b: Incineroar|Parting Shot|p1b: Incineroar\n|-unboost|p1b: Incineroar|atk|1\n|-unboost|p1b: Incineroar|spa|1\n|\n|t:|1788400006\n|switch|p2b: Gengar|Gengar, L50, M, shiny|100/100|[from] Parting Shot\n|move|p1b: Incineroar|Parting Shot|p2b: Gengar\n|-unboost|p2b: Gengar|atk|1\n|-unboost|p2b: Gengar|spa|1\n|\n|t:|1788400019\n|switch|p1b: Kingambit|Kingambit, L50, M|100/100|[from] Parting Shot\n|\n|upkeep\n|turn|3\n|inactive|Gurniculator has 30 seconds left.\n|inactive|Gurniculator has 20 seconds left.\n|\n|t:|1788400055\n|switch|p1a: Incineroar|Incineroar, L50, F|95/100\n|-ability|p1a: Incineroar|Intimidate|boost\n|-unboost|p2a: Vivillon|atk|1\n|-unboost|p2b: Gengar|atk|1\n|detailschange|p2b: Gengar|Gengar-Mega, L50, M, shiny\n|-mega|p2b: Gengar|Gengar|Gengarite\n|move|p2b: Gengar|Sludge Bomb|p1a: Incineroar\n|-damage|p1a: Incineroar|61/100\n|move|p2a: Vivillon|Sleep Powder|p1b: Kingambit\n|-status|p1b: Kingambit|slp|[from] move: Sleep Powder\n|cant|p1b: Kingambit|slp\n|\n|upkeep\n|turn|4\n|inactive|Gurniculator has 30 seconds left.\n|\n|t:|1788400085\n|move|p2a: Vivillon|Protect|p2a: Vivillon\n|-singleturn|p2a: Vivillon|Protect\n|move|p1a: Incineroar|Fake Out|p2a: Vivillon\n|-activate|p2a: Vivillon|move: Protect\n|move|p2b: Gengar|Sludge Bomb|p1a: Incineroar\n|-damage|p1a: Incineroar|27/100\n|cant|p1b: Kingambit|slp\n|\n|upkeep\n|turn|5\n|\n|t:|1788400109\n|move|p2b: Gengar|Perish Song|p2b: Gengar\n|-start|p1a: Incineroar|perish3|[silent]\n|-start|p1b: Kingambit|perish3|[silent]\n|-start|p2a: Vivillon|perish3|[silent]\n|-start|p2b: Gengar|perish3|[silent]\n|-fieldactivate|move: Perish Song\n|move|p2a: Vivillon|Sleep Powder|p1a: Incineroar\n|-status|p1a: Incineroar|slp|[from] move: Sleep Powder\n|-curestatus|p1b: Kingambit|slp|[msg]\n|move|p1b: Kingambit|Kowtow Cleave|p2b: Gengar\n|-supereffective|p2b: Gengar|1\n|-damage|p2b: Gengar|0 fnt\n|faint|p2b: Gengar\n|cant|p1a: Incineroar|slp\n|\n|-start|p2a: Vivillon|perish3\n|-start|p1b: Kingambit|perish3\n|-start|p1a: Incineroar|perish3\n|upkeep\n|\n|t:|1788400127\n|switch|p2b: Politoed|Politoed, L50, F|100/100\n|-weather|RainDance|[from] ability: Drizzle|[of] p2b: Politoed\n|turn|6\n|inactive|Gurniculator has 30 seconds left.\n|inactive|Gurniculator has 20 seconds left.\n|\n|t:|1788400162\n|switch|p1a: Sinistcha|Sinistcha-Masterpiece, L50|100/100\n|move|p2a: Vivillon|Sleep Powder|p1b: Kingambit\n|-status|p1b: Kingambit|slp|[from] move: Sleep Powder\n|cant|p1b: Kingambit|slp\n|move|p2b: Politoed|Weather Ball|p1a: Sinistcha\n|-resisted|p1a: Sinistcha|1\n|-damage|p1a: Sinistcha|76/100\n|\n|-weather|RainDance|[upkeep]\n|-start|p2a: Vivillon|perish2\n|-start|p1b: Kingambit|perish2\n|upkeep\n|turn|7\n|-activate|p2b: Politoed|item: Quick Claw\n|\n|t:|1788400185\n|switch|p1b: Incineroar|Incineroar, L50, F|27/100 slp\n|-ability|p1b: Incineroar|Intimidate|boost\n|-unboost|p2a: Vivillon|atk|1\n|-unboost|p2b: Politoed|atk|1\n|move|p2b: Politoed|Weather Ball|p1b: Incineroar\n|-supereffective|p1b: Incineroar|1\n|-enditem|p1b: Incineroar|Passho Berry|[eat]\n|-enditem|p1b: Incineroar|Passho Berry|[weaken]\n|-damage|p1b: Incineroar|0 fnt\n|faint|p1b: Incineroar\n|move|p2a: Vivillon|Hurricane|p1a: Sinistcha\n|-supereffective|p1a: Sinistcha|1\n|-damage|p1a: Sinistcha|2/100\n|-start|p1a: Sinistcha|confusion\n|-enditem|p1a: Sinistcha|Sitrus Berry|[eat]\n|-heal|p1a: Sinistcha|27/100|[from] item: Sitrus Berry\n|-activate|p1a: Sinistcha|confusion\n|move|p1a: Sinistcha|Matcha Gotcha|p2a: Vivillon|[spread] p2a,p2b\n|-resisted|p2a: Vivillon|2\n|-supereffective|p2b: Politoed|1\n|-damage|p2a: Vivillon|0 fnt\n|-heal|p1a: Sinistcha|28/100|[from] drain|[of] p2a: Vivillon\n|-damage|p2b: Politoed|60/100\n|-heal|p1a: Sinistcha|50/100y|[from] drain|[of] p2b: Politoed\n|faint|p2a: Vivillon\n|\n|-weather|RainDance|[upkeep]\n|upkeep\n|inactive|Gurniculator has 30 seconds left.\n|inactive|Gabzzzilla has 30 seconds left.\n|\n|t:|1788400215\n|switch|p2a: Incineroar|Incineroar, L50, F|100/100\n|switch|p1b: Staraptor|Staraptor-Mega, L50, F|71/100 slp\n|-ability|p2a: Incineroar|Intimidate|boost\n|-unboost|p1a: Sinistcha|atk|1\n|-boost|p1b: Staraptor|atk|1\n|turn|8\n|-activate|p2b: Politoed|item: Quick Claw\n|\n|t:|1788400231\n|cant|p1b: Staraptor|slp\n|-end|p1a: Sinistcha|confusion\n|move|p1a: Sinistcha|Protect|p1a: Sinistcha\n|-singleturn|p1a: Sinistcha|Protect\n|move|p2b: Politoed|Weather Ball|p1b: Staraptor\n|-damage|p1b: Staraptor|11/100 slp\n|move|p2a: Incineroar|Flare Blitz|p1b: Staraptor\n|-damage|p1b: Staraptor|0 fnt\n|faint|p1b: Staraptor\n|-damage|p2a: Incineroar|96/100|[from] Recoil\n|\n|-weather|RainDance|[upkeep]\n|upkeep\n|\n|t:|1788400244\n|switch|p1b: Kingambit|Kingambit, L50, M|100/100 slp\n|turn|9\n|\n|t:|1788400263\n|-curestatus|p1b: Kingambit|slp|[msg]\n|move|p1b: Kingambit|Sucker Punch|p2b: Politoed\n|-damage|p2b: Politoed|25/100\n|move|p2b: Politoed|Weather Ball|p1b: Kingambit\n|-damage|p1b: Kingambit|38/100\n|move|p1a: Sinistcha|Matcha Gotcha|p2a: Incineroar|[spread] p2a,p2b\n|-resisted|p2a: Incineroar|1\n|-supereffective|p2b: Politoed|1\n|-damage|p2a: Incineroar|87/100\n|-heal|p1a: Sinistcha|55/100|[from] drain|[of] p2a: Incineroar\n|-damage|p2b: Politoed|0 fnt\n|-heal|p1a: Sinistcha|69/100|[from] drain|[of] p2b: Politoed\n|faint|p2b: Politoed\n|move|p2a: Incineroar|Flare Blitz|p1a: Sinistcha\n|-supereffective|p1a: Sinistcha|1\n|-damage|p1a: Sinistcha|28/100\n|-damage|p2a: Incineroar|75/100|[from] Recoil\n|\n|-weather|RainDance|[upkeep]\n|upkeep\n|turn|10\n|inactive|Gurniculator has 30 seconds left.\n|inactive|Gurniculator has 20 seconds left.\n|inactive|Gurniculator has 15 seconds left.\n|\n|t:|1788400305\n|move|p2a: Incineroar|Protect|p2a: Incineroar\n|-singleturn|p2a: Incineroar|Protect\n|move|p1b: Kingambit|Low Kick|p2a: Incineroar\n|-activate|p2a: Incineroar|move: Protect\n|move|p1a: Sinistcha|Matcha Gotcha|p2a: Incineroar\n|-activate|p2a: Incineroar|move: Protect\n|\n|-weather|none\n|upkeep\n|turn|11\n|\n|t:|1788400320\n|move|p1b: Kingambit|Low Kick|p2a: Incineroar\n|-supereffective|p2a: Incineroar|1\n|-damage|p2a: Incineroar|22/100\n|-enditem|p2a: Incineroar|Sitrus Berry|[eat]\n|-heal|p2a: Incineroar|47/100|[from] item: Sitrus Berry\n|move|p1a: Sinistcha|Matcha Gotcha|p2a: Incineroar\n|-resisted|p2a: Incineroar|1\n|-damage|p2a: Incineroar|35/100\n|-heal|p1a: Sinistcha|35/100|[from] drain|[of] p2a: Incineroar\n|move|p2a: Incineroar|Flare Blitz|p1b: Kingambit\n|-supereffective|p1b: Kingambit|1\n|-damage|p1b: Kingambit|0 fnt\n|faint|p1b: Kingambit\n|-damage|p2a: Incineroar|23/100|[from] Recoil\n|\n|upkeep\n|turn|12\n|\n|t:|1788400339\n|move|p1a: Sinistcha|Protect|p1a: Sinistcha\n|-singleturn|p1a: Sinistcha|Protect\n|move|p2a: Incineroar|Flare Blitz|p1a: Sinistcha\n|-activate|p1a: Sinistcha|move: Protect\n|\n|upkeep\n|turn|13\n|\n|t:|1788400346\n|move|p1a: Sinistcha|Matcha Gotcha|p2a: Incineroar|[miss]\n|-miss|p1a: Sinistcha|p2a: Incineroar\n|move|p2a: Incineroar|Flare Blitz|p1a: Sinistcha\n|-supereffective|p1a: Sinistcha|1\n|-damage|p1a: Sinistcha|0 fnt\n|faint|p1a: Sinistcha\n|-damage|p2a: Incineroar|13/100|[from] Recoil\n|\n|win|Gabzzzilla\n|raw|Gurniculator's rating: 1093 &rarr; <strong>1066</strong><br />(-27 for losing)\n|raw|Gabzzzilla's rating: 1049 &rarr; <strong>1086</strong><br />(+37 for winning)\n","uploadtime":1788400346,"views":"0","formatid":"gen9championsvgc2026regmb","rating":1066,"private":0,"password":null}