{"id":"gen9championsvgc2026regmb-2674619099","format":"[Gen 9 Champions] VGC 2026 Reg M-B","players":["LindoNunes","drake78976"],"log":"|j|☆LindoNunes\n|j|☆drake78976\n|t:|1788381067\n|gametype|doubles\n|player|p1|LindoNunes|265|1306\n|player|p2|drake78976|2|1214\n|gen|9\n|tier|[Gen 9 Champions] VGC 2026 Reg M-B\n|rated|\n|rule|Species Clause: Limit one of each Pokémon\n|rule|Item Clause: Limit 1 of each item\n|clearpoke\n|poke|p1|Greninja, L50, M|\n|poke|p1|Lucario, L50, F|\n|poke|p1|Sinistcha, L50|\n|poke|p1|Whimsicott, L50, M|\n|poke|p1|Incineroar, L50, F|\n|poke|p1|Sneasler, L50, F|\n|poke|p2|Kommo-o, L50, F|\n|poke|p2|Gholdengo, L50|\n|poke|p2|Milotic, L50, F|\n|poke|p2|Incineroar, L50, M|\n|poke|p2|Gengar, L50, F|\n|poke|p2|Staraptor, L50, F|\n|teampreview|4\n|inactive|Battle timer is ON: inactive players will automatically lose when time's up. (requested by drake78976)\n|\n|t:|1788381106\n|teamsize|p1|4\n|teamsize|p2|4\n|start\n|switch|p1a: cotonete|Whimsicott, L50, M|100/100\n|switch|p1b: G.O.A.T|Greninja, L50, M|100/100\n|switch|p2a: Gengar|Gengar, L50, F|100/100\n|switch|p2b: Incineroar|Incineroar, L50, M|100/100\n|-ability|p2b: Incineroar|Intimidate|boost\n|-unboost|p1a: cotonete|atk|1\n|-unboost|p1b: G.O.A.T|atk|1\n|turn|1\n|\n|t:|1788381125\n|switch|p1b: Cházin|Sinistcha, L50|100/100\n|detailschange|p2a: Gengar|Gengar-Mega, L50, F\n|-mega|p2a: Gengar|Gengar|Gengarite\n|move|p2b: Incineroar|Fake Out|p1a: cotonete\n|-damage|p1a: cotonete|83/100\n|cant|p1a: cotonete|flinch\n|move|p2a: Gengar|Perish Song|p2a: Gengar\n|-start|p1a: cotonete|perish3|[silent]\n|-start|p1b: Cházin|perish3|[silent]\n|-start|p2a: Gengar|perish3|[silent]\n|-start|p2b: Incineroar|perish3|[silent]\n|-fieldactivate|move: Perish Song\n|\n|-start|p2a: Gengar|perish3\n|-start|p1a: cotonete|perish3\n|-start|p1b: Cházin|perish3\n|-start|p2b: Incineroar|perish3\n|upkeep\n|turn|2\n|\n|t:|1788381149\n|move|p1a: cotonete|Tailwind|p1a: cotonete\n|-sidestart|p1: LindoNunes|move: Tailwind\n|move|p2a: Gengar|Sludge Bomb|p1b: Cházin\n|-damage|p1b: Cházin|42/100\n|move|p1b: Cházin|Shadow Ball|p2a: Gengar\n|-supereffective|p2a: Gengar|1\n|-damage|p2a: Gengar|34/100\n|move|p2b: Incineroar|Flare Blitz|p1b: Cházin\n|-supereffective|p1b: Cházin|1\n|-damage|p1b: Cházin|0 fnt\n|faint|p1b: Cházin\n|-damage|p2b: Incineroar|87/100|[from] Recoil\n|\n|-start|p1a: cotonete|perish2\n|-start|p2a: Gengar|perish2\n|-start|p2b: Incineroar|perish2\n|upkeep\n|\n|t:|1788381165\n|switch|p1b: G.O.A.T|Greninja, L50, M|100/100\n|turn|3\n|\n|t:|1788381180\n|switch|p2a: Milotic|Milotic, L50, F|100/100\n|move|p1b: G.O.A.T|Dark Pulse|p2a: Milotic\n|-start|p1b: G.O.A.T|typechange|Dark|[from] ability: Protean\n|-damage|p2a: Milotic|74/100\n|move|p1a: cotonete|Dazzling Gleam|p2a: Milotic|[spread] p2a,p2b\n|-damage|p2a: Milotic|59/100\n|-damage|p2b: Incineroar|69/100\n|move|p2b: Incineroar|Parting Shot|p1b: G.O.A.T\n|-unboost|p1b: G.O.A.T|atk|1\n|-unboost|p1b: G.O.A.T|spa|1\n|\n|t:|1788381193\n|switch|p2b: Gengar|Gengar-Mega, L50, F|34/100|[from] Parting Shot\n|\n|-heal|p2a: Milotic|65/100|[from] item: Leftovers\n|-start|p1a: cotonete|perish1\n|upkeep\n|turn|4\n|\n|t:|1788381207\n|detailschange|p1b: G.O.A.T|Greninja-Mega, L50, M\n|-mega|p1b: G.O.A.T|Greninja|Greninjite\n|move|p2b: Gengar|Protect|p2b: Gengar\n|-singleturn|p2b: Gengar|Protect\n|move|p1b: G.O.A.T|Dark Pulse|p2b: Gengar\n|-start|p1b: G.O.A.T|typechange|Dark|[from] ability: Protean\n|-activate|p2b: Gengar|move: Protect\n|move|p1a: cotonete|Energy Ball|p2a: Milotic\n|-supereffective|p2a: Milotic|1\n|-damage|p2a: Milotic|22/100\n|move|p2a: Milotic|Coil|p2a: Milotic\n|-boost|p2a: Milotic|atk|1\n|-boost|p2a: Milotic|def|1\n|-boost|p2a: Milotic|accuracy|1\n|\n|-heal|p2a: Milotic|28/100|[from] item: Leftovers\n|-start|p1a: cotonete|perish0\n|faint|p1a: cotonete\n|upkeep\n|\n|t:|1788381225\n|switch|p1a: Furry 2|Incineroar, L50, F|100/100\n|-ability|p1a: Furry 2|Intimidate|boost\n|-unboost|p2a: Milotic|atk|1\n|-ability|p2a: Milotic|Competitive|boost\n|-boost|p2a: Milotic|spa|2\n|-unboost|p2b: Gengar|atk|1\n|turn|5\n|\n|t:|1788381239\n|switch|p2b: Incineroar|Incineroar, L50, M|69/100\n|-ability|p2b: Incineroar|Intimidate|boost\n|-unboost|p1a: Furry 2|atk|1\n|-unboost|p1b: G.O.A.T|atk|1\n|move|p1a: Furry 2|Fake Out|p2a: Milotic\n|-damage|p2a: Milotic|22/100\n|move|p1b: G.O.A.T|Dark Pulse|p2b: Incineroar\n|-resisted|p2b: Incineroar|1\n|-damage|p2b: Incineroar|57/100\n|cant|p2a: Milotic|flinch\n|\n|-heal|p2a: Milotic|28/100|[from] item: Leftovers\n|-sideend|p1: LindoNunes|move: Tailwind\n|upkeep\n|turn|6\n|\n|t:|1788381259\n|move|p1b: G.O.A.T|Protect|p1b: G.O.A.T\n|-singleturn|p1b: G.O.A.T|Protect\n|move|p2b: Incineroar|Fake Out|p1b: G.O.A.T\n|-activate|p1b: G.O.A.T|move: Protect\n|move|p2a: Milotic|Muddy Water|p1a: Furry 2|[spread] p1a\n|-activate|p1b: G.O.A.T|move: Protect\n|-supereffective|p1a: Furry 2|1\n|-damage|p1a: Furry 2|4/100\n|-enditem|p1a: Furry 2|Sitrus Berry|[eat]\n|-heal|p1a: Furry 2|29/100|[from] item: Sitrus Berry\n|move|p1a: Furry 2|Taunt|p2a: Milotic\n|-start|p2a: Milotic|move: Taunt\n|\n|-heal|p2a: Milotic|34/100|[from] item: Leftovers\n|upkeep\n|turn|7\n|\n|t:|1788381281\n|move|p1b: G.O.A.T|Dark Pulse|p2a: Milotic\n|-damage|p2a: Milotic|13/100\n|move|p2a: Milotic|Muddy Water|p1b: G.O.A.T|[spread] p1a,p1b\n|-supereffective|p1a: Furry 2|1\n|-damage|p1a: Furry 2|0 fnt\n|-damage|p1b: G.O.A.T|34/100\n|faint|p1a: Furry 2\n|move|p2b: Incineroar|Parting Shot|p1b: G.O.A.T\n|-unboost|p1b: G.O.A.T|atk|1\n|-unboost|p1b: G.O.A.T|spa|1\n|-message|LindoNunes forfeited.\n|\n|win|drake78976\n|raw|LindoNunes's rating: 1306 &rarr; <strong>1281</strong><br />(-25 for losing)\n|raw|drake78976's rating: 1214 &rarr; <strong>1245</strong><br />(+31 for winning)\n|l|☆LindoNunes\n|player|p1|\n","uploadtime":1788381298,"views":"2","formatid":"gen9championsvgc2026regmb","rating":1245,"private":0,"password":null}