{"id":"gen9championsvgc2026regmb-2673984966","format":"[Gen 9 Champions] VGC 2026 Reg M-B","players":["Energenius","homerj71"],"log":"|j|☆Energenius\n|j|☆homerj71\n|html|<table width=\"100%\"><tr><td align=\"left\">Energenius</td><td align=\"right\">homerj71</tr><tr><td align=\"left\"><i class=\"fa fa-circle-o\"></i> <i class=\"fa fa-circle-o\"></i> </td><td align=\"right\"><i class=\"fa fa-circle-o\"></i> <i class=\"fa fa-circle\"></i> </tr></table>\n|uhtml|bestof|<h2><strong>Game 2</strong> of <a href=\"/game-bestof3-gen9championsvgc2026regmb-2673980984\">a best-of-3</a></h2>\n|t:|1788284920\n|gametype|doubles\n|player|p1|Energenius|169|\n|player|p2|homerj71|265|\n|gen|9\n|tier|[Gen 9 Champions] VGC 2026 Reg M-B\n|rule|Species Clause: Limit one of each Pokémon\n|rule|Item Clause: Limit 1 of each item\n|raw|<div class=\"infobox\"><details class=\"readmore\" open><summary><strong>1 custom rule:</strong></summary> Best of = 3</details></div>\n|clearpoke\n|poke|p1|Floette-Eternal, L50, F|\n|poke|p1|Garchomp, L50, M, shiny|\n|poke|p1|Basculegion, L50, M, shiny|\n|poke|p1|Kingambit, L50, M, shiny|\n|poke|p1|Whimsicott, L50, F, shiny|\n|poke|p1|Charizard, L50, F, shiny|\n|poke|p2|Sneasler, L50, M|\n|poke|p2|Sinistcha, L50|\n|poke|p2|Incineroar, L50, M, shiny|\n|poke|p2|Kingambit, L50, M, shiny|\n|poke|p2|Delphox, L50, F, shiny|\n|poke|p2|Blastoise, L50, F|\n|teampreview|4\n|inactive|Battle timer is ON: inactive players will automatically lose when time's up. (requested by homerj71)\n|inactive|Energenius has 60 seconds left.\nEnergenius has agreed to open team sheets.\nhomerj71 has agreed to open team sheets.\n|showteam|p1|Floette-Eternal||Floettite|FlowerVeil|Moonblast,DazzlingGleam,LightofRuin,Protect|Modest||F|||50|]Garchomp||SitrusBerry|RoughSkin|Earthquake,DragonClaw,RockSlide,Protect|Adamant||M|||50|]Basculegion||LifeOrb|Adaptability|WaveCrash,LastRespects,AquaJet,Protect|Adamant||M|||50|]Kingambit||ChopleBerry|Defiant|KowtowCleave,IronHead,SuckerPunch,LowKick|Adamant||M|||50|]Whimsicott||FocusSash|Prankster|Moonblast,Encore,Tailwind,Protect|Timid||F|||50|]Charizard||CharizarditeY|Blaze|HeatWave,WeatherBall,SolarBeam,Protect|Bold||F|||50|\n|showteam|p2|Sneasler||FocusSash|PoisonTouch|FakeOut,QuickGuard,PoisonJab,CloseCombat|Jolly||M|||50|]Sinistcha||ColburBerry|Hospitality|Protect,RagePowder,MatchaGotcha,TrickRoom|Relaxed|||||50|]Incineroar||SitrusBerry|Intimidate|FakeOut,FlareBlitz,HelpingHand,PartingShot|Careful||M|||50|]Kingambit||LifeOrb|Defiant|KowtowCleave,SwordsDance,SuckerPunch,Protect|Adamant||M|||50|]Delphox||Delphoxite|Blaze|Protect,NastyPlot,HeatWave,Psychic|Timid||F|||50|]Blastoise||Blastoisinite|RainDish|WaterSpout,DarkPulse,Protect,ShellSmash|Modest||F|||50|\n|inactive|Energenius has 30 seconds left.\n|inactive|Energenius has 20 seconds left.\n|inactive|Energenius has 15 seconds left.\n|inactive|Energenius has 10 seconds left.\n|inactive|Energenius has 5 seconds left.\n|\n|t:|1788285007\n|teamsize|p1|4\n|teamsize|p2|4\n|start\n|switch|p1a: Kingambit|Kingambit, L50, M, shiny|100/100\n|switch|p1b: Basculegion|Basculegion, L50, M, shiny|100/100\n|switch|p2a: Kingambit|Kingambit, L50, M, shiny|100/100\n|switch|p2b: Sneasler|Sneasler, L50, M|100/100\n|turn|1\n|inactive|Energenius has 30 seconds left.\n|inactive|Energenius has 20 seconds left.\n|inactive|Energenius has 15 seconds left.\n|inactive|Energenius has 10 seconds left.\n|\n|t:|1788285054\n|switch|p1b: Whimsicott|Whimsicott, L50, F, shiny|100/100\n|switch|p1a: Charizard|Charizard, L50, F, shiny|100/100\n|move|p2a: Kingambit|Protect|p2a: Kingambit\n|-singleturn|p2a: Kingambit|Protect\n|move|p2b: Sneasler|Close Combat|p1a: Charizard\n|-resisted|p1a: Charizard|1\n|-damage|p1a: Charizard|73/100\n|-unboost|p2b: Sneasler|def|1\n|-unboost|p2b: Sneasler|spd|1\n|\n|upkeep\n|turn|2\n|inactive|Energenius has 30 seconds left.\n|inactive|Energenius has 20 seconds left.\n|\n|t:|1788285093\n|switch|p2a: Incineroar|Incineroar, L50, M, shiny|100/100\n|-ability|p2a: Incineroar|Intimidate|boost\n|-unboost|p1a: Charizard|atk|1\n|-unboost|p1b: Whimsicott|atk|1\n|detailschange|p1a: Charizard|Charizard-Mega-Y, L50, F, shiny\n|-mega|p1a: Charizard|Charizard|Charizardite Y\n|-weather|SunnyDay|[from] ability: Drought|[of] p1a: Charizard\n|move|p2b: Sneasler|Poison Jab|p1b: Whimsicott\n|-supereffective|p1b: Whimsicott|2\n|-enditem|p1b: Whimsicott|Focus Sash\n|-damage|p1b: Whimsicott|1/100\n|move|p1b: Whimsicott|Moonblast|p2b: Sneasler\n|-damage|p2b: Sneasler|32/100\n|move|p1a: Charizard|Heat Wave|p2a: Incineroar|[spread] p2a,p2b\n|-resisted|p2a: Incineroar|1\n|-damage|p2a: Incineroar|77/100\n|-damage|p2b: Sneasler|0 fnt\n|faint|p2b: Sneasler\n|\n|-weather|SunnyDay|[upkeep]\n|upkeep\n|\n|t:|1788285109\n|switch|p2b: Delphox|Delphox, L50, F, shiny|100/100\n|turn|3\n|inactive|Energenius has 30 seconds left.\n|inactive|Energenius has 20 seconds left.\n|inactive|Energenius has 15 seconds left.\n|\n|t:|1788285153\n|detailschange|p2b: Delphox|Delphox-Mega, L50, F, shiny\n|-mega|p2b: Delphox|Delphox|Delphoxite\n|move|p1b: Whimsicott|Protect|p1b: Whimsicott\n|-singleturn|p1b: Whimsicott|Protect\n|move|p1a: Charizard|Protect|p1a: Charizard\n|-singleturn|p1a: Charizard|Protect\n|move|p2a: Incineroar|Fake Out|p1b: Whimsicott\n|-activate|p1b: Whimsicott|move: Protect\n|move|p2b: Delphox|Nasty Plot|p2b: Delphox\n|-boost|p2b: Delphox|spa|2\n|\n|-weather|SunnyDay|[upkeep]\n|upkeep\n|turn|4\n|inactive|Energenius has 30 seconds left.\n|inactive|Energenius has 20 seconds left.\n|inactive|Energenius has 15 seconds left.\n|\n|t:|1788285193\n|switch|p1b: Kingambit|Kingambit, L50, M, shiny|100/100\n|move|p2b: Delphox|Protect|p2b: Delphox\n|-singleturn|p2b: Delphox|Protect\n|move|p1a: Charizard|Weather Ball|p2a: Incineroar\n|-resisted|p2a: Incineroar|1\n|-damage|p2a: Incineroar|44/100\n|-enditem|p2a: Incineroar|Sitrus Berry|[eat]\n|-heal|p2a: Incineroar|69/100|[from] item: Sitrus Berry\n|move|p2a: Incineroar|Flare Blitz|p1b: Kingambit\n|-supereffective|p1b: Kingambit|1\n|-damage|p1b: Kingambit|0 fnt\n|faint|p1b: Kingambit\n|-damage|p2a: Incineroar|36/100|[from] Recoil\n|\n|-weather|SunnyDay|[upkeep]\n|upkeep\n|\n|t:|1788285216\n|switch|p1b: Whimsicott|Whimsicott, L50, F, shiny|1/100\n|turn|5\n|inactive|Energenius has 30 seconds left.\n|inactive|homerj71 has 30 seconds left.\n|\n|t:|1788285249\n|move|p1b: Whimsicott|Encore|p2b: Delphox\n|-start|p2b: Delphox|Encore\n|move|p2b: Delphox|Protect|p2b: Delphox\n|-singleturn|p2b: Delphox|Protect\n|move|p1a: Charizard|Heat Wave|p2a: Incineroar|[spread] \n|-activate|p2b: Delphox|move: Protect\n|-miss|p1a: Charizard|p2a: Incineroar\n|move|p2a: Incineroar|Flare Blitz|p1a: Charizard\n|-resisted|p1a: Charizard|1\n|-damage|p1a: Charizard|43/100\n|-damage|p2a: Incineroar|27/100|[from] Recoil\n|\n|-weather|SunnyDay|[upkeep]\n|upkeep\n|turn|6\n|inactive|Energenius has 30 seconds left.\n|inactive|Energenius has 20 seconds left.\n|inactive|Energenius has 15 seconds left.\n|inactive|Energenius has 10 seconds left.\n|\n|t:|1788285295\n|move|p2b: Delphox|Protect||[still]\n|-fail|p2b: Delphox\n|move|p1b: Whimsicott|Moonblast|p2a: Incineroar\n|-damage|p2a: Incineroar|0 fnt\n|faint|p2a: Incineroar\n|move|p1a: Charizard|Heat Wave|p2b: Delphox\n|-resisted|p2b: Delphox|1\n|-damage|p2b: Delphox|60/100\n|\n|-weather|none\n|upkeep\n|\n|t:|1788285302\n|switch|p2a: Kingambit|Kingambit, L50, M, shiny|100/100\n|turn|7\n|\n|t:|1788285314\n|switch|p1b: Basculegion|Basculegion, L50, M, shiny|100/100\n|move|p2b: Delphox|Protect|p2b: Delphox\n|-singleturn|p2b: Delphox|Protect\n|move|p2a: Kingambit|Sucker Punch|p1a: Charizard\n|-damage|p1a: Charizard|0 fnt\n|faint|p1a: Charizard\n|-damage|p2a: Kingambit|90/100|[from] item: Life Orb\n|\n|-end|p2b: Delphox|Encore\n|upkeep\n|\n|t:|1788285324\n|switch|p1a: Whimsicott|Whimsicott, L50, F, shiny|1/100\n|turn|8\n|inactive|Energenius has 30 seconds left.\n|inactive|Energenius has 20 seconds left.\n|\n|t:|1788285360\n|move|p1a: Whimsicott|Encore|p2b: Delphox\n|-start|p2b: Delphox|Encore\n|move|p2b: Delphox|Protect||[still]\n|-fail|p2b: Delphox\n|move|p1b: Basculegion|Aqua Jet|p2a: Kingambit\n|-damage|p2a: Kingambit|62/100\n|-damage|p1b: Basculegion|90/100|[from] item: Life Orb\n|move|p2a: Kingambit|Sucker Punch||[still]\n|-fail|p2a: Kingambit\n|\n|upkeep\n|turn|9\n|inactive|Energenius has 30 seconds left.\n|\n|t:|1788285393\n|move|p2b: Delphox|Protect|p2b: Delphox\n|-singleturn|p2b: Delphox|Protect\n|move|p1b: Basculegion|Aqua Jet|p2a: Kingambit\n|-damage|p2a: Kingambit|36/100\n|-damage|p1b: Basculegion|80/100|[from] item: Life Orb\n|move|p2a: Kingambit|Sucker Punch||[still]\n|-fail|p2a: Kingambit\n|move|p1a: Whimsicott|Moonblast|p2a: Kingambit\n|-damage|p2a: Kingambit|2/100\n|\n|upkeep\n|turn|10\n|\n|t:|1788285410\n|move|p2b: Delphox|Protect||[still]\n|-fail|p2b: Delphox\n|move|p1b: Basculegion|Aqua Jet|p2b: Delphox\n|-supereffective|p2b: Delphox|1\n|-damage|p2b: Delphox|0 fnt\n|faint|p2b: Delphox\n|-damage|p1b: Basculegion|71/100|[from] item: Life Orb\n|move|p1a: Whimsicott|Moonblast|p2a: Kingambit\n|-damage|p2a: Kingambit|0 fnt\n|faint|p2a: Kingambit\n|\n|win|Energenius\n||homerj71 is ready for game 3.\n||Energenius is ready for game 3.\n|uhtml|next|Next: <a href=\"/battle-gen9championsvgc2026regmb-2673989279\"><strong>Game 3 of 3</strong></a>\n|l|☆homerj71\n|player|p2|\n|j|☆homerj71\n|player|p2|homerj71|265|\n","uploadtime":1788285410,"views":"17","formatid":"gen9championsvgc2026regmb","rating":null,"private":0,"password":null}