{"id":"gen9championsvgc2026regmbbo3-2673552090","format":"[Gen 9 Champions] VGC 2026 Reg M-B (Bo3)","players":["humania1","earts_official"],"log":"|j|☆humania1\n|j|☆earts_official\n|html|<table width=\"100%\"><tr><td align=\"left\">humania1</td><td align=\"right\">earts_official</tr><tr><td align=\"left\"><i class=\"fa fa-circle-o\"></i> <i class=\"fa fa-circle-o\"></i> </td><td align=\"right\"><i class=\"fa fa-circle-o\"></i> <i class=\"fa fa-circle-o\"></i> </tr></table>\n|uhtml|bestof|<h2><strong>Game 1</strong> of <a href=\"/game-bestof3-gen9championsvgc2026regmbbo3-2673552089\">a best-of-3</a></h2>\n|t:|1788212102\n|gametype|doubles\n|player|p1|humania1|170|1089\n|player|p2|earts_official|pokekid|1000\n|gen|9\n|tier|[Gen 9 Champions] VGC 2026 Reg M-B (Bo3)\n|rated|\n|rule|Species Clause: Limit one of each Pokémon\n|rule|Item Clause: Limit 1 of each item\n|clearpoke\n|poke|p1|Blastoise, L50, M|\n|poke|p1|Delphox, L50, F, shiny|\n|poke|p1|Incineroar, L50, F|\n|poke|p1|Sinistcha, L50|\n|poke|p1|Sneasler, L50, F|\n|poke|p1|Vivillon, L50, F|\n|poke|p2|Starmie, L50|\n|poke|p2|Sneasler, L50, F|\n|poke|p2|Ninetales-Alola, L50, F|\n|poke|p2|Garchomp, L50, M|\n|poke|p2|Lucario, L50, M|\n|poke|p2|Incineroar, L50, M|\n|teampreview|4\n|showteam|p1|Blastoise||Blastoisinite|Torrent|Protect,ShellSmash,WaterSpout,DarkPulse|Modest||M|||50|]Delphox||Delphoxite|Blaze|Protect,HeatWave,Psyshock,NastyPlot|Timid||F|||50|]Incineroar||PasshoBerry|Intimidate|FakeOut,PartingShot,FlareBlitz,ThroatChop|Impish||F|||50|]Sinistcha||SitrusBerry|Hospitality|Protect,MatchaGotcha,TrickRoom,RagePowder|Bold|||||50|]Sneasler||FocusSash|PoisonTouch|QuickGuard,FakeOut,CloseCombat,DireClaw|Jolly||F|||50|]Vivillon||ChoiceScarf|CompoundEyes|Hurricane,SleepPowder,RagePowder,Uturn|Timid||F|||50|\n|showteam|p2|Starmie||Starminite|Illuminate|Liquidation,AquaJet,PsychoCut,Protect|Jolly|||||50|]Sneasler||FocusSash|Unburden|CloseCombat,Coaching,FakeOut,DireClaw|Jolly||F|||50|]Ninetales-Alola||LightClay|SnowWarning|Blizzard,FreezeDry,Encore,AuroraVeil|Timid||F|||50|]Garchomp||ChoiceScarf|RoughSkin|StompingTantrum,RockSlide,DragonClaw,PoisonJab|Jolly||M|||50|]Lucario||Lucarionite|InnerFocus|AuraSphere,FlashCannon,NastyPlot,Detect|Timid||M|||50|]Incineroar||PasshoBerry|Intimidate|DarkestLariat,Taunt,PartingShot,FakeOut|Brave||M|||50|\n|inactive|Battle timer is ON: inactive players will automatically lose when time's up. (requested by earts_official)\n|inactive|humania1 also wants the timer to be on.\n|inactive|earts_official has 60 seconds left.\n|\n|t:|1788212140\n|teamsize|p1|4\n|teamsize|p2|4\n|start\n|switch|p1a: Blastoise|Blastoise, L50, M|100/100\n|switch|p1b: Incineroar|Incineroar, L50, F|100/100\n|switch|p2a: Stern|Starmie, L50|100/100\n|switch|p2b: Forger|Sneasler, L50, F|100/100\n|-ability|p1b: Incineroar|Intimidate|boost\n|-unboost|p2a: Stern|atk|1\n|-unboost|p2b: Forger|atk|1\n|turn|1\n|\n|t:|1788212154\n|detailschange|p2a: Stern|Starmie-Mega, L50\n|-mega|p2a: Stern|Starmie|Starminite\n|detailschange|p1a: Blastoise|Blastoise-Mega, L50, M\n|-mega|p1a: Blastoise|Blastoise|Blastoisinite\n|move|p2b: Forger|Fake Out|p1b: Incineroar\n|-damage|p1b: Incineroar|92/100\n|cant|p1b: Incineroar|flinch\n|move|p2a: Stern|Psycho Cut|p1a: Blastoise\n|-crit|p1a: Blastoise\n|-damage|p1a: Blastoise|19/100\n|move|p1a: Blastoise|Water Spout|p2b: Forger|[spread] p2a,p2b\n|-resisted|p2a: Stern|1\n|-damage|p2a: Stern|92/100\n|-damage|p2b: Forger|82/100\n|\n|upkeep\n|turn|2\n|\n|t:|1788212171\n|switch|p1a: Sinistcha|Sinistcha, L50|100/100\n|-heal|p1b: Incineroar|100/100|[from] ability: Hospitality|[of] p1a: Sinistcha\n|move|p2b: Forger|Coaching|p2a: Stern\n|-boost|p2a: Stern|atk|1\n|-boost|p2a: Stern|def|1\n|move|p2a: Stern|Liquidation|p1b: Incineroar\n|-supereffective|p1b: Incineroar|1\n|-enditem|p1b: Incineroar|Passho Berry|[eat]\n|-enditem|p1b: Incineroar|Passho Berry|[weaken]\n|-damage|p1b: Incineroar|34/100\n|move|p1b: Incineroar|Throat Chop|p2a: Stern\n|-supereffective|p2a: Stern|1\n|-damage|p2a: Stern|35/100\n|-start|p2a: Stern|Throat Chop|[silent]\n|\n|upkeep\n|turn|3\n|\n|t:|1788212193\n|switch|p2a: Tamamo|Ninetales-Alola, L50, F|100/100\n|-weather|Snowscape|[from] ability: Snow Warning|[of] p2a: Tamamo\n|move|p2b: Forger|Close Combat|p1b: Incineroar\n|-supereffective|p1b: Incineroar|1\n|-damage|p1b: Incineroar|0 fnt\n|-unboost|p2b: Forger|def|1\n|-unboost|p2b: Forger|spd|1\n|faint|p1b: Incineroar\n|move|p1a: Sinistcha|Matcha Gotcha|p2b: Forger|[spread] p2a,p2b\n|-resisted|p2b: Forger|1\n|-damage|p2a: Tamamo|70/100\n|-damage|p2b: Forger|56/100\n|\n|-weather|Snowscape|[upkeep]\n|upkeep\n|\n|t:|1788212193\n|switch|p1b: Blastoise|Blastoise-Mega, L50, M|19/100\n|turn|4\n|inactive|humania1 has 30 seconds left.\n|inactive|earts_official has 30 seconds left.\n|inactive|humania1 has 20 seconds left.\n|inactive|humania1 has 15 seconds left.\n|inactive|humania1 has 10 seconds left.\n|\n|t:|1788212239\n|move|p2b: Forger|Close Combat|p1b: Blastoise\n|-damage|p1b: Blastoise|0 fnt\n|-unboost|p2b: Forger|def|1\n|-unboost|p2b: Forger|spd|1\n|faint|p1b: Blastoise\n|move|p2a: Tamamo|Blizzard|p1a: Sinistcha\n|-supereffective|p1a: Sinistcha|1\n|-damage|p1a: Sinistcha|28/100\n|-enditem|p1a: Sinistcha|Sitrus Berry|[eat]\n|-heal|p1a: Sinistcha|53/100|[from] item: Sitrus Berry\n|move|p1a: Sinistcha|Trick Room|p1a: Sinistcha\n|-fieldstart|move: Trick Room|[of] p1a: Sinistcha\n|\n|-weather|Snowscape|[upkeep]\n|upkeep\n|\n|t:|1788212239\n|switch|p1b: Sneasler|Sneasler, L50, F|100/100\n|turn|5\n|inactive|humania1 has 30 seconds left.\n|inactive|earts_official has 30 seconds left.\n|\n|t:|1788212276\n|switch|p2b: Lester|Garchomp, L50, M|100/100\n|move|p1a: Sinistcha|Protect|p1a: Sinistcha\n|-singleturn|p1a: Sinistcha|Protect\n|move|p2a: Tamamo|Encore||[still]\n|-fail|p2a: Tamamo\n|move|p1b: Sneasler|Dire Claw|p2a: Tamamo\n|-supereffective|p2a: Tamamo|1\n|-damage|p2a: Tamamo|0 fnt\n|faint|p2a: Tamamo\n|\n|-weather|Snowscape|[upkeep]\n|upkeep\n|\n|t:|1788212290\n|switch|p2a: Forger|Sneasler, L50, F|56/100\n|turn|6\n|\n|t:|1788212313\n|move|p2a: Forger|Fake Out|p1b: Sneasler\n|-damage|p1b: Sneasler|74/100\n|move|p1a: Sinistcha|Matcha Gotcha|p2b: Lester|[spread] p2a,p2b\n|-resisted|p2a: Forger|1\n|-damage|p2a: Forger|40/100\n|-heal|p1a: Sinistcha|60/100|[from] drain|[of] p2a: Forger\n|-damage|p2b: Lester|70/100\n|-heal|p1a: Sinistcha|76/100|[from] drain|[of] p2b: Lester\n|cant|p1b: Sneasler|flinch\n|move|p2b: Lester|Dragon Claw|p1a: Sinistcha\n|-damage|p1a: Sinistcha|39/100\n|\n|-weather|Snowscape|[upkeep]\n|upkeep\n|turn|7\n|j| nosehabladebruno\n|inactive|humania1 has 30 seconds left.\n|inactive|humania1 has 20 seconds left.\n|inactive|humania1 has 15 seconds left.\n|inactive|humania1 has 10 seconds left.\n|\n|t:|1788212359\n|move|p1a: Sinistcha|Matcha Gotcha|p2a: Forger|[spread] p2a\n|-miss|p1a: Sinistcha|p2b: Lester\n|-resisted|p2a: Forger|1\n|-damage|p2a: Forger|24/100\n|-heal|p1a: Sinistcha|46/100|[from] drain|[of] p2a: Forger\n|move|p2a: Forger|Dire Claw|p1a: Sinistcha\n|-damage|p1a: Sinistcha|11/100\n|move|p1b: Sneasler|Close Combat|p2a: Forger\n|-resisted|p2a: Forger|1\n|-damage|p2a: Forger|0 fnt\n|-unboost|p1b: Sneasler|def|1\n|-unboost|p1b: Sneasler|spd|1\n|faint|p2a: Forger\n|move|p2b: Lester|Dragon Claw|p1a: Sinistcha\n|-damage|p1a: Sinistcha|0 fnt\n|faint|p1a: Sinistcha\n|\n|-weather|none\n|upkeep\n|\n|t:|1788212377\n|switch|p2a: Stern|Starmie-Mega, L50|35/100\n|turn|8\n|\n|t:|1788212382\n|move|p2a: Stern|Protect|p2a: Stern\n|-singleturn|p2a: Stern|Protect\n|move|p1b: Sneasler|Dire Claw|p2a: Stern\n|-activate|p2a: Stern|move: Protect\n|move|p2b: Lester|Dragon Claw|p1b: Sneasler\n|-damage|p1b: Sneasler|0 fnt\n|faint|p1b: Sneasler\n|\n|win|earts_official\n","uploadtime":1788212382,"views":"2","formatid":"gen9championsvgc2026regmbbo3","rating":null,"private":0,"password":null}