{"id":"gen9championsvgc2026regmb-2674058932","format":"[Gen 9 Champions] VGC 2026 Reg M-B","players":["conngfan","pandarsa"],"log":"|j|☆conngfan\n|j|☆pandarsa\n|t:|1788293684\n|gametype|doubles\n|player|p1|conngfan|arven-s|1525\n|player|p2|pandarsa|cynthia-gen4|1513\n|gen|9\n|tier|[Gen 9 Champions] VGC 2026 Reg M-B\n|rated|\n|rule|Species Clause: Limit one of each Pokémon\n|rule|Item Clause: Limit 1 of each item\n|clearpoke\n|poke|p1|Aerodactyl, L50, M|\n|poke|p1|Raichu, L50, F|\n|poke|p1|Sneasler, L50, M|\n|poke|p1|Sylveon, L50, M|\n|poke|p1|Kingambit, L50, M|\n|poke|p1|Tsareena, L50, F|\n|poke|p2|Delphox, L50, M|\n|poke|p2|Aerodactyl, L50, M|\n|poke|p2|Blastoise, L50, M|\n|poke|p2|Ninetales-Alola, L50, F|\n|poke|p2|Tsareena, L50, F|\n|poke|p2|Venusaur, L50, M|\n|teampreview|4\n|inactive|Battle timer is ON: inactive players will automatically lose when time's up. (requested by pandarsa)\n|inactive|conngfan also wants the timer to be on.\n|inactive|conngfan has 60 seconds left.\n|\n|t:|1788293728\n|teamsize|p1|4\n|teamsize|p2|4\n|start\n|switch|p1a: Aerodactyl|Aerodactyl, L50, M|100/100\n|switch|p1b: Sylveon|Sylveon, L50, M|100/100\n|switch|p2a: Ninetales|Ninetales-Alola, L50, F|100/100\n|switch|p2b: Venusaur|Venusaur, L50, M|100/100\n|-ability|p1a: Aerodactyl|Unnerve\n|-weather|Snowscape|[from] ability: Snow Warning|[of] p2a: Ninetales\n|turn|1\n|inactive|pandarsa has 30 seconds left.\n|\n|t:|1788293754\n|detailschange|p2b: Venusaur|Venusaur-Mega, L50, M\n|-mega|p2b: Venusaur|Venusaur|Venusaurite\n|move|p2a: Ninetales|Aurora Veil|p2a: Ninetales\n|-sidestart|p2: pandarsa|move: Aurora Veil\n|move|p1a: Aerodactyl|Dual Wingbeat|p2b: Venusaur\n|-supereffective|p2b: Venusaur|1\n|-damage|p2b: Venusaur|81/100\n|-supereffective|p2b: Venusaur|1\n|-damage|p2b: Venusaur|61/100\n|-hitcount|p2b: Venusaur|2\n|move|p2b: Venusaur|Sludge Bomb|p1b: Sylveon\n|-supereffective|p1b: Sylveon|1\n|-damage|p1b: Sylveon|28/100\n|-status|p1b: Sylveon|psn\n|move|p1b: Sylveon|Yawn|p2a: Ninetales\n|-start|p2a: Ninetales|move: Yawn|[of] p1b: Sylveon\n|\n|-weather|Snowscape|[upkeep]\n|-damage|p1b: Sylveon|15/100 psn|[from] psn\n|upkeep\n|turn|2\n|\n|t:|1788293767\n|switch|p2a: Blastoise|Blastoise, L50, M|100/100\n|move|p2b: Venusaur|Protect|p2b: Venusaur\n|-singleturn|p2b: Venusaur|Protect\n|move|p1a: Aerodactyl|Tailwind|p1a: Aerodactyl\n|-sidestart|p1: conngfan|move: Tailwind\n|move|p1b: Sylveon|Yawn|p2b: Venusaur\n|-activate|p2b: Venusaur|move: Protect\n|\n|-weather|Snowscape|[upkeep]\n|-damage|p1b: Sylveon|3/100 psn|[from] psn\n|upkeep\n|turn|3\n|\n|t:|1788293785\n|move|p1a: Aerodactyl|Protect|p1a: Aerodactyl\n|-singleturn|p1a: Aerodactyl|Protect\n|move|p2a: Blastoise|Fake Out|p1b: Sylveon\n|-damage|p1b: Sylveon|0 fnt\n|faint|p1b: Sylveon\n|move|p2b: Venusaur|Giga Drain|p1a: Aerodactyl\n|-activate|p1a: Aerodactyl|move: Protect\n|\n|-weather|Snowscape|[upkeep]\n|upkeep\n|\n|t:|1788293792\n|switch|p1b: Raichu|Raichu, L50, F|100/100\n|turn|4\n|\n|t:|1788293798\n|switch|p2a: Tsareena|Tsareena, L50, F|100/100\n|detailschange|p1b: Raichu|Raichu-Mega-Y, L50, F\n|-mega|p1b: Raichu|Raichu|Raichunite Y\n|move|p1a: Aerodactyl|Rock Slide|p2b: Venusaur|[spread] p2a,p2b\n|-damage|p2a: Tsareena|84/100\n|-damage|p2b: Venusaur|49/100\n|move|p1b: Raichu|Zap Cannon|p2a: Tsareena\n|-resisted|p2a: Tsareena|1\n|-damage|p2a: Tsareena|64/100\n|-status|p2a: Tsareena|par\n|move|p2b: Venusaur|Earth Power|p1b: Raichu\n|-supereffective|p1b: Raichu|1\n|-damage|p1b: Raichu|15/100\n|\n|-weather|Snowscape|[upkeep]\n|upkeep\n|turn|5\n|inactive|pandarsa has 30 seconds left.\n|\n|t:|1788293828\n|switch|p1b: Sneasler|Sneasler, L50, M|100/100\n|move|p2a: Tsareena|Protect|p2a: Tsareena\n|-singleturn|p2a: Tsareena|Protect\n|move|p1a: Aerodactyl|Dual Wingbeat|p2a: Tsareena\n|-activate|p2a: Tsareena|move: Protect\n|move|p2b: Venusaur|Giga Drain|p1a: Aerodactyl\n|-crit|p1a: Aerodactyl\n|-damage|p1a: Aerodactyl|22/100\n|-heal|p2b: Venusaur|84/100|[from] drain|[of] p1a: Aerodactyl\n|\n|-weather|none\n|-sideend|p1: conngfan|move: Tailwind\n|-sideend|p2: pandarsa|move: Aurora Veil\n|upkeep\n|turn|6\n|inactive|pandarsa has 30 seconds left.\n|\n|t:|1788293857\n|switch|p2a: Blastoise|Blastoise, L50, M|100/100\n|move|p1a: Aerodactyl|Protect|p1a: Aerodactyl\n|-singleturn|p1a: Aerodactyl|Protect\n|move|p2b: Venusaur|Protect|p2b: Venusaur\n|-singleturn|p2b: Venusaur|Protect\n|move|p1b: Sneasler|Close Combat|p2a: Blastoise\n|-damage|p2a: Blastoise|51/100\n|-unboost|p1b: Sneasler|def|1\n|-unboost|p1b: Sneasler|spd|1\n|-enditem|p1b: Sneasler|White Herb\n|-clearnegativeboost|p1b: Sneasler|[silent]\n|\n|upkeep\n|turn|7\n|\n|t:|1788293880\n|move|p2a: Blastoise|Fake Out|p1a: Aerodactyl\n|-resisted|p1a: Aerodactyl|1\n|-damage|p1a: Aerodactyl|17/100\n|move|p1b: Sneasler|Dire Claw|p2b: Venusaur\n|-damage|p2b: Venusaur|53/100\n|cant|p1a: Aerodactyl|flinch\n|move|p2b: Venusaur|Giga Drain|p1a: Aerodactyl\n|-damage|p1a: Aerodactyl|0 fnt\n|-heal|p2b: Venusaur|61/100|[from] drain|[of] p1a: Aerodactyl\n|faint|p1a: Aerodactyl\n|\n|upkeep\n|\n|t:|1788293886\n|switch|p1a: Raichu|Raichu-Mega-Y, L50, F|15/100\n|turn|8\n|\n|t:|1788293907\n|switch|p2a: Tsareena|Tsareena, L50, F|64/100 par\n|move|p1b: Sneasler|Dire Claw|p2b: Venusaur\n|-damage|p2b: Venusaur|28/100\n|move|p1a: Raichu|Zap Cannon|p2b: Venusaur\n|-resisted|p2b: Venusaur|1\n|-crit|p2b: Venusaur\n|-damage|p2b: Venusaur|0 fnt\n|faint|p2b: Venusaur\n|\n|upkeep\n|\n|t:|1788293914\n|switch|p2b: Blastoise|Blastoise, L50, M|51/100\n|turn|9\n|\n|t:|1788293922\n|move|p1a: Raichu|Protect|p1a: Raichu\n|-singleturn|p1a: Raichu|Protect\n|move|p2b: Blastoise|Fake Out|p1b: Sneasler\n|-damage|p1b: Sneasler|89/100\n|cant|p1b: Sneasler|flinch\n|move|p2a: Tsareena|Power Whip|p1a: Raichu\n|-activate|p1a: Raichu|move: Protect\n|\n|upkeep\n|turn|10\n|\n|t:|1788293940\n|switch|p2b: Ninetales|Ninetales-Alola, L50, F|100/100\n|-weather|Snowscape|[from] ability: Snow Warning|[of] p2b: Ninetales\n|cant|p2a: Tsareena|par\n|move|p1b: Sneasler|Dire Claw|p2a: Tsareena\n|-supereffective|p2a: Tsareena|1\n|-damage|p2a: Tsareena|0 fnt\n|faint|p2a: Tsareena\n|move|p1a: Raichu|Zap Cannon|p2b: Ninetales\n|-damage|p2b: Ninetales|29/100\n|-status|p2b: Ninetales|par\n|\n|-weather|Snowscape|[upkeep]\n|upkeep\n|\n|t:|1788293946\n|switch|p2a: Blastoise|Blastoise, L50, M|51/100\n|turn|11\n|\n|t:|1788293957\n|move|p2a: Blastoise|Fake Out|p1b: Sneasler\n|-damage|p1b: Sneasler|78/100\n|cant|p1b: Sneasler|flinch\n|move|p1a: Raichu|Zap Cannon|p2a: Blastoise\n|-supereffective|p2a: Blastoise|1\n|-damage|p2a: Blastoise|0 fnt\n|faint|p2a: Blastoise\n|move|p2b: Ninetales|Blizzard|p1b: Sneasler|[spread] p1a,p1b\n|-damage|p1a: Raichu|0 fnt\n|-damage|p1b: Sneasler|44/100\n|faint|p1a: Raichu\n|\n|-weather|Snowscape|[upkeep]\n|upkeep\n|turn|12\n|\n|t:|1788293967\n|move|p1b: Sneasler|Dire Claw|p2b: Ninetales\n|-supereffective|p2b: Ninetales|1\n|-damage|p2b: Ninetales|0 fnt\n|faint|p2b: Ninetales\n|\n|win|conngfan\n|raw|conngfan's rating: 1525 &rarr; <strong>1544</strong><br />(+19 for winning)\n|raw|pandarsa's rating: 1513 &rarr; <strong>1494</strong><br />(-19 for losing)\n","uploadtime":1788293967,"views":"1","formatid":"gen9championsvgc2026regmb","rating":1494,"private":0,"password":null}