{"id":"gen9championsvgc2026regmb-2674100925","format":"[Gen 9 Champions] VGC 2026 Reg M-B","players":["roizin","DLoTR"],"log":"|j|☆roizin\n|j|☆DLoTR\n|t:|1788299240\n|gametype|doubles\n|player|p1|roizin|rosa|1117\n|player|p2|DLoTR|hilbert-wonderlauncher|1170\n|gen|9\n|tier|[Gen 9 Champions] VGC 2026 Reg M-B\n|rated|\n|rule|Species Clause: Limit one of each Pokémon\n|rule|Item Clause: Limit 1 of each item\n|clearpoke\n|poke|p1|Crabominable, L50, F|\n|poke|p1|Gardevoir, L50, F|\n|poke|p1|Gengar, L50, F|\n|poke|p1|Sinistcha, L50|\n|poke|p1|Abomasnow, L50, M|\n|poke|p1|Milotic, L50, F|\n|poke|p2|Staraptor, L50, M|\n|poke|p2|Gholdengo, L50|\n|poke|p2|Dragonite, L50, M|\n|poke|p2|Glimmora, L50, M|\n|poke|p2|Blaziken, L50, F|\n|poke|p2|Sinistcha, L50|\n|teampreview|4\n|\n|t:|1788299266\n|teamsize|p1|4\n|teamsize|p2|4\n|start\n|switch|p1a: Gengar|Gengar, L50, F|100/100\n|switch|p1b: Gardevoir|Gardevoir, L50, F|100/100\n|switch|p2a: Staraptor|Staraptor, L50, M|100/100\n|switch|p2b: Gholdengo|Gholdengo, L50|100/100\n|-ability|p2a: Staraptor|Intimidate|boost\n|-unboost|p1a: Gengar|atk|1\n|-unboost|p1b: Gardevoir|atk|1\n|turn|1\n|\n|t:|1788299290\n|detailschange|p2a: Staraptor|Staraptor-Mega, L50, M\n|-mega|p2a: Staraptor|Staraptor|Staraptite\n|move|p1b: Gardevoir|Protect|p1b: Gardevoir\n|-singleturn|p1b: Gardevoir|Protect\n|move|p2b: Gholdengo|Make It Rain|p1a: Gengar|[spread] p1a\n|-activate|p1b: Gardevoir|move: Protect\n|-damage|p1a: Gengar|45/100\n|-unboost|p2b: Gholdengo|spa|2\n|-start|p2b: Gholdengo|Disable|Make It Rain|[from] ability: Cursed Body|[of] p1a: Gengar\n|move|p2a: Staraptor|Dual Wingbeat|p1a: Gengar|[miss]\n|-miss|p2a: Staraptor|p1a: Gengar\n|move|p1a: Gengar|Trick Room|p1a: Gengar\n|-fieldstart|move: Trick Room|[of] p1a: Gengar\n|\n|upkeep\n|turn|2\n|\n|t:|1788299324\n|detailschange|p1b: Gardevoir|Gardevoir-Mega, L50, F\n|-mega|p1b: Gardevoir|Gardevoir|Gardevoirite\n|move|p1b: Gardevoir|Moonblast|p2a: Staraptor\n|-supereffective|p2a: Staraptor|1\n|-damage|p2a: Staraptor|0 fnt\n|faint|p2a: Staraptor\n|move|p2b: Gholdengo|Shadow Ball|p1b: Gardevoir\n|-supereffective|p1b: Gardevoir|1\n|-damage|p1b: Gardevoir|68/100\n|move|p1a: Gengar|Shadow Ball|p2b: Gholdengo\n|-supereffective|p2b: Gholdengo|1\n|-damage|p2b: Gholdengo|35/100\n|\n|-heal|p2b: Gholdengo|41/100|[from] item: Leftovers\n|upkeep\n|\n|t:|1788299336\n|switch|p2a: Glimmora|Glimmora, L50, M|100/100\n|turn|3\n|\n|t:|1788299356\n|move|p1b: Gardevoir|Protect|p1b: Gardevoir\n|-singleturn|p1b: Gardevoir|Protect\n|move|p2b: Gholdengo|Protect|p2b: Gholdengo\n|-singleturn|p2b: Gholdengo|Protect\n|move|p2a: Glimmora|Sludge Bomb|p1b: Gardevoir\n|-activate|p1b: Gardevoir|move: Protect\n|move|p1a: Gengar|Shadow Ball|p2b: Gholdengo\n|-activate|p2b: Gholdengo|move: Protect\n|\n|-heal|p2b: Gholdengo|47/100|[from] item: Leftovers\n|upkeep\n|turn|4\n|\n|t:|1788299375\n|switch|p2b: Sinistcha|Sinistcha, L50|100/100\n|move|p2a: Glimmora|Sludge Bomb|p1b: Gardevoir\n|-supereffective|p1b: Gardevoir|1\n|-damage|p1b: Gardevoir|0 fnt\n|faint|p1b: Gardevoir\n|move|p1a: Gengar|Shadow Ball|p2a: Glimmora\n|-damage|p2a: Glimmora|65/100\n|\n|upkeep\n|\n|t:|1788299387\n|switch|p1b: Abomasnow|Abomasnow, L50, M|100/100\n|-weather|Snowscape|[from] ability: Snow Warning|[of] p1b: Abomasnow\n|turn|5\n|\n|t:|1788299401\n|switch|p2b: Gholdengo|Gholdengo, L50|47/100\n|move|p2a: Glimmora|Spiky Shield|p2a: Glimmora\n|-singleturn|p2a: Glimmora|move: Protect\n|move|p1b: Abomasnow|Giga Drain|p2a: Glimmora\n|-activate|p2a: Glimmora|move: Protect\n|move|p1a: Gengar|Shadow Ball|p2b: Gholdengo\n|-supereffective|p2b: Gholdengo|1\n|-damage|p2b: Gholdengo|0 fnt\n|faint|p2b: Gholdengo\n|\n|-weather|Snowscape|[upkeep]\n|-fieldend|move: Trick Room\n|upkeep\n|\n|t:|1788299410\n|switch|p2b: Sinistcha|Sinistcha, L50|100/100\n|-heal|p2a: Glimmora|90/100|[from] ability: Hospitality|[of] p2b: Sinistcha\n|turn|6\n|\n|t:|1788299426\n|move|p1a: Gengar|Shadow Ball|p2b: Sinistcha\n|-supereffective|p2b: Sinistcha|1\n|-damage|p2b: Sinistcha|34/100\n|-enditem|p2b: Sinistcha|Sitrus Berry|[eat]\n|-heal|p2b: Sinistcha|59/100|[from] item: Sitrus Berry\n|move|p2a: Glimmora|Sludge Bomb|p1b: Abomasnow\n|-supereffective|p1b: Abomasnow|1\n|-damage|p1b: Abomasnow|0 fnt\n|faint|p1b: Abomasnow\n|move|p2b: Sinistcha|Shadow Ball|p1a: Gengar\n|-supereffective|p1a: Gengar|1\n|-damage|p1a: Gengar|0 fnt\n|faint|p1a: Gengar\n|\n|-weather|Snowscape|[upkeep]\n|upkeep\n|\n|t:|1788299442\n|switch|p1b: Milotic|Milotic, L50, F|100/100\n|turn|7\n|\n|t:|1788299452\n|move|p2a: Glimmora|Mortal Spin|p1b: Milotic\n|-damage|p1b: Milotic|94/100\n|-status|p1b: Milotic|psn\n|move|p1b: Milotic|Hydro Pump|p2a: Glimmora\n|-supereffective|p2a: Glimmora|1\n|-damage|p2a: Glimmora|0 fnt\n|faint|p2a: Glimmora\n|move|p2b: Sinistcha|Matcha Gotcha|p1b: Milotic|[miss]\n|-miss|p2b: Sinistcha|p1b: Milotic\n|\n|-weather|Snowscape|[upkeep]\n|-damage|p1b: Milotic|81/100 psn|[from] psn\n|upkeep\n|turn|8\n|\n|t:|1788299474\n|move|p1b: Milotic|Hypnosis|p2b: Sinistcha|[miss]\n|-miss|p1b: Milotic|p2b: Sinistcha\n|move|p2b: Sinistcha|Matcha Gotcha|p1b: Milotic\n|-supereffective|p1b: Milotic|1\n|-damage|p1b: Milotic|28/100 psn\n|-heal|p2b: Sinistcha|89/100|[from] drain|[of] p1b: Milotic\n|\n|-weather|Snowscape|[upkeep]\n|-damage|p1b: Milotic|15/100 psn|[from] psn\n|upkeep\n|turn|9\n|\n|t:|1788299487\n|move|p1b: Milotic|Hydro Pump|p2b: Sinistcha\n|-resisted|p2b: Sinistcha|1\n|-damage|p2b: Sinistcha|62/100\n|move|p2b: Sinistcha|Matcha Gotcha|p1b: Milotic\n|-supereffective|p1b: Milotic|1\n|-damage|p1b: Milotic|0 fnt\n|-heal|p2b: Sinistcha|71/100|[from] drain|[of] p1b: Milotic\n|faint|p1b: Milotic\n|\n|win|DLoTR\n|raw|roizin's rating: 1117 &rarr; <strong>1096</strong><br />(-21 for losing)\n|raw|DLoTR's rating: 1170 &rarr; <strong>1191</strong><br />(+21 for winning)\n|l|☆roizin\n|player|p1|\n","uploadtime":1788299540,"views":"2","formatid":"gen9championsvgc2026regmb","rating":1096,"private":0,"password":null}