{"id":"gen9championsvgc2026regmb-2675001028","format":"[Gen 9 Champions] VGC 2026 Reg M-B","players":["This dex is natty","bjnbdx"],"log":"|j|☆This dex is natty\n|j|☆bjnbdx\n|t:|1788447257\n|gametype|doubles\n|player|p1|This dex is natty|n|1386\n|player|p2|bjnbdx|1|1492\n|gen|9\n|tier|[Gen 9 Champions] VGC 2026 Reg M-B\n|rated|\n|rule|Species Clause: Limit one of each Pokémon\n|rule|Item Clause: Limit 1 of each item\n|clearpoke\n|poke|p1|Gengar, L50, F|\n|poke|p1|Incineroar, L50, F|\n|poke|p1|Ninetales-Alola, L50, F|\n|poke|p1|Swampert, L50, F|\n|poke|p1|Sneasler, L50, F|\n|poke|p1|Dragonite, L50, M|\n|poke|p2|Whimsicott, L50, M|\n|poke|p2|Kommo-o, L50, M|\n|poke|p2|Ninetales-Alola, L50, M|\n|poke|p2|Glimmora, L50, M|\n|poke|p2|Volcarona, L50, M|\n|poke|p2|Basculegion, L50, M|\n|teampreview|4\n|inactive|Battle timer is ON: inactive players will automatically lose when time's up. (requested by This dex is natty)\n|\n|t:|1788447285\n|teamsize|p1|4\n|teamsize|p2|4\n|start\n|switch|p1a: Gengar|Gengar, L50, F|100/100\n|switch|p1b: Swampert|Swampert, L50, F|100/100\n|switch|p2a: Volcarona|Volcarona, L50, M|100/100\n|switch|p2b: Basculegion|Basculegion, L50, M|100/100\n|turn|1\n|\n|t:|1788447301\n|detailschange|p1a: Gengar|Gengar-Mega, L50, F\n|-mega|p1a: Gengar|Gengar|Gengarite\n|move|p1a: Gengar|Protect|p1a: Gengar\n|-singleturn|p1a: Gengar|Protect\n|move|p2b: Basculegion|Wave Crash|p1b: Swampert\n|-damage|p1b: Swampert|42/100\n|-damage|p2b: Basculegion|79/100|[from] Recoil\n|move|p1b: Swampert|Flip Turn|p2b: Basculegion\n|-resisted|p2b: Basculegion|1\n|-damage|p2b: Basculegion|63/100\n|\n|t:|1788447314\n|switch|p1b: Sneasler|Sneasler, L50, F|100/100|[from] Flip Turn\n|move|p2a: Volcarona|Whirlwind|p1a: Gengar\n|drag|p1a: Swampert|Swampert, L50, F|42/100\n|\n|-heal|p1a: Swampert|47/100|[from] item: Leftovers\n|upkeep\n|turn|2\n|inactive|bjnbdx has 30 seconds left.\n|\n|t:|1788447344\n|move|p2b: Basculegion|Wave Crash|p1a: Swampert\n|-damage|p1a: Swampert|0 fnt\n|faint|p1a: Swampert\n|-damage|p2b: Basculegion|46/100|[from] Recoil\n|move|p1b: Sneasler|Rock Slide|p2b: Basculegion|[spread] p2a,p2b\n|-supereffective|p2a: Volcarona|2\n|-enditem|p2a: Volcarona|Charti Berry|[eat]\n|-enditem|p2a: Volcarona|Charti Berry|[weaken]\n|-damage|p2a: Volcarona|53/100\n|-damage|p2b: Basculegion|17/100\n|move|p2a: Volcarona|Struggle Bug|p1b: Sneasler\n|-resisted|p1b: Sneasler|2\n|-damage|p1b: Sneasler|91/100\n|-unboost|p1b: Sneasler|spa|1\n|\n|upkeep\n|\n|t:|1788447356\n|switch|p1a: Gengar|Gengar-Mega, L50, F|100/100\n|turn|3\n|\n|t:|1788447376\n|move|p1a: Gengar|Protect|p1a: Gengar\n|-singleturn|p1a: Gengar|Protect\n|move|p2a: Volcarona|Rage Powder|p2a: Volcarona\n|-singleturn|p2a: Volcarona|move: Rage Powder\n|move|p2b: Basculegion|Wave Crash|p1b: Sneasler\n|-damage|p1b: Sneasler|0 fnt\n|faint|p1b: Sneasler\n|-damage|p2b: Basculegion|0 fnt|[from] Recoil\n|faint|p2b: Basculegion\n|\n|upkeep\n|\n|t:|1788447387\n|switch|p1b: Ninetales|Ninetales-Alola, L50, F|100/100\n|switch|p2b: Whimsicott|Whimsicott, L50, M|100/100\n|-weather|Snowscape|[from] ability: Snow Warning|[of] p1b: Ninetales\n|turn|4\n|\n|t:|1788447399\n|move|p2b: Whimsicott|Encore|p1a: Gengar\n|-start|p1a: Gengar|Encore\n|move|p1a: Gengar|Protect||[still]\n|-fail|p1a: Gengar\n|move|p1b: Ninetales|Blizzard|p2a: Volcarona|[spread] p2a,p2b\n|-resisted|p2a: Volcarona|1\n|-supereffective|p2b: Whimsicott|1\n|-damage|p2a: Volcarona|41/100\n|-damage|p2b: Whimsicott|8/100\n|move|p2a: Volcarona|Overheat|p1b: Ninetales\n|-supereffective|p1b: Ninetales|1\n|-damage|p1b: Ninetales|0 fnt\n|-unboost|p2a: Volcarona|spa|2\n|faint|p1b: Ninetales\n|\n|-weather|Snowscape|[upkeep]\n|upkeep\n|turn|5\n|-message|This dex is natty forfeited.\n|\n|win|bjnbdx\n|raw|This dex is natty's rating: 1386 &rarr; <strong>1372</strong><br />(-14 for losing)\n|raw|bjnbdx's rating: 1492 &rarr; <strong>1506</strong><br />(+14 for winning)\n|l|☆This dex is natty\n|player|p1|\n","uploadtime":1788447415,"views":"8","formatid":"gen9championsvgc2026regmb","rating":1372,"private":0,"password":null}