{"id":"gen9championsvgc2026regmbbo3-2673551045","format":"[Gen 9 Champions] VGC 2026 Reg M-B (Bo3)","players":["MaxwellBaker","Brunito zambonin"],"log":"|j|☆MaxwellBaker\n|j|☆Brunito zambonin\n|html|<table width=\"100%\"><tr><td align=\"left\">MaxwellBaker</td><td align=\"right\">Brunito zambonin</tr><tr><td align=\"left\"><i class=\"fa fa-circle\"></i> <i class=\"fa fa-circle-o\"></i> </td><td align=\"right\"><i class=\"fa fa-circle-o\"></i> <i class=\"fa fa-circle\"></i> </tr></table>\n|uhtml|bestof|<h2><strong>Game 3</strong> of <a href=\"/game-bestof3-gen9championsvgc2026regmbbo3-2673546887\">a best-of-3</a></h2>\n|t:|1788211959\n|gametype|doubles\n|player|p1|MaxwellBaker|102|1127\n|player|p2|Brunito zambonin|265|1167\n|gen|9\n|tier|[Gen 9 Champions] VGC 2026 Reg M-B (Bo3)\n|rated|\n|rule|Species Clause: Limit one of each Pokémon\n|rule|Item Clause: Limit 1 of each item\n|clearpoke\n|poke|p1|Raichu, L50, M|\n|poke|p1|Staraptor, L50, F|\n|poke|p1|Farigiraf, L50, F|\n|poke|p1|Kingambit, L50, F|\n|poke|p1|Sylveon, L50, F, shiny|\n|poke|p1|Arcanine-Hisui, L50, F|\n|poke|p2|Sneasler, L50, F|\n|poke|p2|Blastoise, L50, M|\n|poke|p2|Incineroar, L50, M|\n|poke|p2|Sinistcha, L50|\n|poke|p2|Delphox, L50, F|\n|poke|p2|Kingambit, L50, F|\n|teampreview|4\n|showteam|p1|Raichu||RaichuniteY|LightningRod|ZapCannon,FocusBlast,FakeOut,Protect|Timid||M|||50|]Staraptor||Staraptite|Intimidate|CloseCombat,BraveBird,Tailwind,Protect|Jolly||F|||50|]Farigiraf||SitrusBerry|ArmorTail|HelpingHand,Psychic,TrickRoom,Protect|Calm||F|||50|]Kingambit||LifeOrb|Defiant|KowtowCleave,SuckerPunch,SwordsDance,Protect|Adamant||F|||50|]Sylveon||FairyFeather|Pixilate|HyperVoice,HyperBeam,QuickAttack,Detect|Modest||F|||50|]Arcanine-Hisui||FocusSash|RockHead|FlareBlitz,HeadSmash,ExtremeSpeed,Protect|Jolly||F|||50|\n|showteam|p2|Sneasler||FocusSash|PoisonTouch|CloseCombat,DireClaw,QuickGuard,FakeOut|Jolly||F|||50|]Blastoise||Blastoisinite|Torrent|WaterSpout,DarkPulse,Protect,ShellSmash|Timid||M|||50|]Incineroar||SitrusBerry|Intimidate|FakeOut,FlareBlitz,PartingShot,HelpingHand|Impish||M|||50|]Sinistcha||ColburBerry|Hospitality|MatchaGotcha,RagePowder,Protect,TrickRoom|Bold|||||50|]Delphox||Delphoxite|Blaze|HeatWave,NastyPlot,Psychic,Protect|Timid||F|||50|]Kingambit||BlackGlasses|Defiant|SuckerPunch,KowtowCleave,Protect,SwordsDance|Adamant||F|||50|\n|\n|t:|1788211996\n|teamsize|p1|4\n|teamsize|p2|4\n|start\n|switch|p1a: Kingambit|Kingambit, L50, F|100/100\n|switch|p1b: Raichu|Raichu, L50, M|100/100\n|switch|p2a: Delphox|Delphox, L50, F|100/100\n|switch|p2b: Sneasler|Sneasler, L50, F|100/100\n|turn|1\n|\n|t:|1788212029\n|detailschange|p2a: Delphox|Delphox-Mega, L50, F\n|-mega|p2a: Delphox|Delphox|Delphoxite\n|detailschange|p1b: Raichu|Raichu-Mega-Y, L50, M\n|-mega|p1b: Raichu|Raichu|Raichunite Y\n|move|p1b: Raichu|Fake Out|p2b: Sneasler\n|-damage|p2b: Sneasler|85/100\n|move|p2a: Delphox|Psychic|p1b: Raichu\n|-damage|p1b: Raichu|36/100\n|cant|p2b: Sneasler|flinch\n|move|p1a: Kingambit|Swords Dance|p1a: Kingambit\n|-boost|p1a: Kingambit|atk|2\n|\n|upkeep\n|turn|2\n|\n|t:|1788212068\n|switch|p1b: Arcanine|Arcanine-Hisui, L50, F|100/100\n|move|p1a: Kingambit|Sucker Punch|p2b: Sneasler\n|-resisted|p2b: Sneasler|1\n|-crit|p2b: Sneasler\n|-damage|p2b: Sneasler|0 fnt\n|faint|p2b: Sneasler\n|-damage|p1a: Kingambit|90/100|[from] item: Life Orb\n|move|p2a: Delphox|Psychic|p1b: Arcanine\n|-crit|p1b: Arcanine\n|-damage|p1b: Arcanine|6/100\n|\n|upkeep\n|\n|t:|1788212079\n|switch|p2b: Sinistcha|Sinistcha, L50|100/100\n|turn|3\n|\n|t:|1788212100\n|move|p2a: Delphox|Protect|p2a: Delphox\n|-singleturn|p2a: Delphox|Protect\n|move|p1a: Kingambit|Protect|p1a: Kingambit\n|-singleturn|p1a: Kingambit|Protect\n|move|p1b: Arcanine|Extreme Speed|p2a: Delphox\n|-activate|p2a: Delphox|move: Protect\n|move|p2b: Sinistcha|Matcha Gotcha|p1a: Kingambit|[spread] p1b\n|-activate|p1a: Kingambit|move: Protect\n|-damage|p1b: Arcanine|0 fnt\n|faint|p1b: Arcanine\n|\n|upkeep\n|\n|t:|1788212105\n|switch|p1b: Raichu|Raichu-Mega-Y, L50, M|36/100\n|turn|4\n|\n|t:|1788212129\n|move|p1b: Raichu|Fake Out|p2a: Delphox\n|-damage|p2a: Delphox|89/100\n|cant|p2a: Delphox|flinch\n|move|p1a: Kingambit|Kowtow Cleave|p2b: Sinistcha\n|-supereffective|p2b: Sinistcha|1\n|-enditem|p2b: Sinistcha|Colbur Berry|[eat]\n|-enditem|p2b: Sinistcha|Colbur Berry|[weaken]\n|-damage|p2b: Sinistcha|0 fnt\n|faint|p2b: Sinistcha\n|-damage|p1a: Kingambit|80/100|[from] item: Life Orb\n|\n|upkeep\n|\n|t:|1788212140\n|switch|p2b: Incineroar|Incineroar, L50, M|100/100\n|-ability|p2b: Incineroar|Intimidate|boost\n|-unboost|p1a: Kingambit|atk|1\n|-ability|p1a: Kingambit|Defiant|boost\n|-boost|p1a: Kingambit|atk|2\n|-unboost|p1b: Raichu|atk|1\n|turn|5\n|\n|t:|1788212156\n|switch|p1b: Farigiraf|Farigiraf, L50, F|100/100\n|move|p1a: Kingambit|Protect|p1a: Kingambit\n|-singleturn|p1a: Kingambit|Protect\n|move|p2b: Incineroar|Fake Out||[still]\n|cant|p1b: Farigiraf|ability: Armor Tail|Fake Out|[of] p2b: Incineroar\n|move|p2a: Delphox|Heat Wave|p1a: Kingambit|[spread] p1b\n|-activate|p1a: Kingambit|move: Protect\n|-damage|p1b: Farigiraf|70/100\n|\n|upkeep\n|turn|6\n|\n|t:|1788212181\n|move|p1a: Kingambit|Sucker Punch||[still]\n|-fail|p1a: Kingambit\n|move|p2a: Delphox|Nasty Plot|p2a: Delphox\n|-boost|p2a: Delphox|spa|2\n|move|p2b: Incineroar|Flare Blitz|p1a: Kingambit\n|-supereffective|p1a: Kingambit|1\n|-damage|p1a: Kingambit|0 fnt\n|faint|p1a: Kingambit\n|-damage|p2b: Incineroar|76/100|[from] Recoil\n|move|p1b: Farigiraf|Trick Room|p1b: Farigiraf\n|-fieldstart|move: Trick Room|[of] p1b: Farigiraf\n|\n|upkeep\n|\n|t:|1788212191\n|switch|p1a: Raichu|Raichu-Mega-Y, L50, M|36/100\n|turn|7\n|\n|t:|1788212206\n|move|p2a: Delphox|Protect|p2a: Delphox\n|-singleturn|p2a: Delphox|Protect\n|move|p1a: Raichu|Fake Out|p2b: Incineroar\n|-damage|p2b: Incineroar|69/100\n|move|p1b: Farigiraf|Psychic|p2a: Delphox\n|-activate|p2a: Delphox|move: Protect\n|cant|p2b: Incineroar|flinch\n|\n|upkeep\n|turn|8\n|\n|t:|1788212228\n|move|p1b: Farigiraf|Helping Hand|p1a: Raichu\n|-singleturn|p1a: Raichu|Helping Hand|[of] p1b: Farigiraf\n|move|p2b: Incineroar|Parting Shot|p1a: Raichu\n|-unboost|p1a: Raichu|atk|1\n|-unboost|p1a: Raichu|spa|1\n|move|p1a: Raichu|Focus Blast|p2b: Incineroar\n|-supereffective|p2b: Incineroar|1\n|-damage|p2b: Incineroar|0 fnt\n|faint|p2b: Incineroar\n|move|p2a: Delphox|Heat Wave|p1a: Raichu|[spread] p1a\n|-miss|p2a: Delphox|p1b: Farigiraf\n|-damage|p1a: Raichu|0 fnt\n|faint|p1a: Raichu\n|\n|upkeep\n|turn|9\n|\n|t:|1788212251\n|move|p1b: Farigiraf|Psychic|p2a: Delphox\n|-resisted|p2a: Delphox|1\n|-damage|p2a: Delphox|73/100\n|move|p2a: Delphox|Nasty Plot|p2a: Delphox\n|-boost|p2a: Delphox|spa|2\n|\n|upkeep\n|turn|10\n|\n|t:|1788212258\n|move|p2a: Delphox|Protect|p2a: Delphox\n|-singleturn|p2a: Delphox|Protect\n|move|p1b: Farigiraf|Psychic|p2a: Delphox\n|-activate|p2a: Delphox|move: Protect\n|\n|-fieldend|move: Trick Room\n|upkeep\n|turn|11\n|\n|t:|1788212270\n|move|p2a: Delphox|Heat Wave|p1b: Farigiraf\n|-damage|p1b: Farigiraf|0 fnt\n|faint|p1b: Farigiraf\n|\n|win|Brunito zambonin\n|raw|MaxwellBaker's rating: 1127 &rarr; <strong>1105</strong><br />(-22 for losing)\n|raw|Brunito zambonin's rating: 1167 &rarr; <strong>1189</strong><br />(+22 for winning)\n","uploadtime":1788212270,"views":"3","formatid":"gen9championsvgc2026regmbbo3","rating":1105,"private":0,"password":null}