{"id":"gen9championsvgc2026regmbbo3-2673646695","format":"[Gen 9 Champions] VGC 2026 Reg M-B (Bo3)","players":["TPOT_pkmn","Badboy42069"],"log":"|j|☆TPOT_pkmn\n|j|☆Badboy42069\n|html|<table width=\"100%\"><tr><td align=\"left\">TPOT_pkmn</td><td align=\"right\">Badboy42069</tr><tr><td align=\"left\"><i class=\"fa fa-circle\"></i> <i class=\"fa fa-circle-o\"></i> </td><td align=\"right\"><i class=\"fa fa-circle-o\"></i> <i class=\"fa fa-circle\"></i> </tr></table>\n|uhtml|bestof|<h2><strong>Game 3</strong> of <a href=\"/game-bestof3-gen9championsvgc2026regmbbo3-2673643588\">a best-of-3</a></h2>\n|t:|1788226584\n|gametype|doubles\n|player|p1|TPOT_pkmn|hilbert-wonderlauncher|1371\n|player|p2|Badboy42069|swimmerf|1314\n|gen|9\n|tier|[Gen 9 Champions] VGC 2026 Reg M-B (Bo3)\n|rated|\n|rule|Species Clause: Limit one of each Pokémon\n|rule|Item Clause: Limit 1 of each item\n|clearpoke\n|poke|p1|Sneasler, L50, F|\n|poke|p1|Delphox, L50, M|\n|poke|p1|Kingambit, L50, M|\n|poke|p1|Sinistcha, L50|\n|poke|p1|Incineroar, L50, M|\n|poke|p1|Blastoise, L50, M|\n|poke|p2|Staraptor, L50, F|\n|poke|p2|Whimsicott, L50, F|\n|poke|p2|Delphox, L50, M|\n|poke|p2|Kingambit, L50, F|\n|poke|p2|Garchomp, L50, M|\n|poke|p2|Glimmora, L50, F|\n|teampreview|4\n|showteam|p1|Sneasler||FocusSash|PoisonTouch|PoisonJab,QuickGuard,CloseCombat,FakeOut|Jolly||F|||50|]Delphox||Delphoxite|Blaze|HeatWave,Psychic,NastyPlot,Protect|Timid||M|||50|]Kingambit||LifeOrb|Defiant|KowtowCleave,SuckerPunch,SwordsDance,Protect|Adamant||M|||50|]Sinistcha||ColburBerry|Hospitality|MatchaGotcha,RagePowder,TrickRoom,Protect|Bold|||||50|]Incineroar||SitrusBerry|Intimidate|FlareBlitz,HelpingHand,PartingShot,FakeOut|Impish||M|||50|]Blastoise||Blastoisinite|RainDish|WaterSpout,DarkPulse,ShellSmash,Protect|Modest||M|||50|\n|showteam|p2|Staraptor||Staraptite|Intimidate|CloseCombat,BraveBird,Roost,Protect|Jolly||F|||50|]Whimsicott||OccaBerry|Prankster|Charm,LightScreen,Moonblast,Tailwind|Bold||F|||50|]Delphox||Delphoxite|Blaze|Psychic,HeatWave,Substitute,Protect|Timid||M|||50|]Kingambit||ChopleBerry|Defiant|KowtowCleave,SuckerPunch,IronHead,LowKick|Adamant||F|||50|]Garchomp||LifeOrb|RoughSkin|Earthquake,DragonClaw,RockSlide,Protect|Jolly||M|||50|]Glimmora||FocusSash|ToxicDebris|SludgeBomb,PowerGem,EarthPower,SpikyShield|Modest||F|||50|\n|inactive|Battle timer is ON: inactive players will automatically lose when time's up. (requested by TPOT_pkmn)\n|inactive|TPOT_pkmn has 60 seconds left.\n|inactive|TPOT_pkmn has 30 seconds left.\n|inactive|TPOT_pkmn has 20 seconds left.\n|\n|t:|1788226658\n|teamsize|p1|4\n|teamsize|p2|4\n|start\n|switch|p1a: Blastoise|Blastoise, L50, M|100/100\n|switch|p1b: Sinistcha|Sinistcha, L50|100/100\n|switch|p2a: Whimsicott|Whimsicott, L50, F|100/100\n|switch|p2b: Kingambit|Kingambit, L50, F|100/100\n|turn|1\n|\n|t:|1788226677\n|switch|p1b: Sneasler|Sneasler, L50, F|100/100\n|detailschange|p1a: Blastoise|Blastoise-Mega, L50, M\n|-mega|p1a: Blastoise|Blastoise|Blastoisinite\n|move|p2a: Whimsicott|Moonblast|p1a: Blastoise\n|-damage|p1a: Blastoise|71/100\n|move|p1a: Blastoise|Water Spout|p2b: Kingambit|[spread] p2a,p2b\n|-resisted|p2a: Whimsicott|1\n|-crit|p2a: Whimsicott\n|-damage|p2a: Whimsicott|53/100\n|-damage|p2b: Kingambit|53/100\n|move|p2b: Kingambit|Kowtow Cleave|p1a: Blastoise\n|-damage|p1a: Blastoise|23/100\n|\n|upkeep\n|turn|2\n|\n|t:|1788226700\n|switch|p1a: Sinistcha|Sinistcha, L50|100/100\n|switch|p2b: Garchomp|Garchomp, L50, M|100/100\n|move|p2a: Whimsicott|Tailwind|p2a: Whimsicott\n|-sidestart|p2: Badboy42069|move: Tailwind\n|move|p1b: Sneasler|Close Combat|p2b: Garchomp\n|-damage|p2b: Garchomp|33/100\n|-unboost|p1b: Sneasler|def|1\n|-unboost|p1b: Sneasler|spd|1\n|-damage|p1b: Sneasler|87/100|[from] ability: Rough Skin|[of] p2b: Garchomp\n|\n|upkeep\n|turn|3\n|inactive|TPOT_pkmn has 30 seconds left.\n|\n|t:|1788226726\n|switch|p1b: Blastoise|Blastoise-Mega, L50, M|23/100\n|move|p2b: Garchomp|Rock Slide|p1b: Blastoise|[spread] p1a,p1b\n|-damage|p1a: Sinistcha|78/100\n|-damage|p1b: Blastoise|0 fnt\n|faint|p1b: Blastoise\n|-damage|p2b: Garchomp|23/100|[from] item: Life Orb\n|move|p2a: Whimsicott|Moonblast|p1a: Sinistcha\n|-crit|p1a: Sinistcha\n|-damage|p1a: Sinistcha|42/100\n|move|p1a: Sinistcha|Trick Room|p1a: Sinistcha\n|-fieldstart|move: Trick Room|[of] p1a: Sinistcha\n|\n|upkeep\n|inactive|TPOT_pkmn has 30 seconds left.\n|\n|t:|1788226755\n|switch|p1b: Sneasler|Sneasler, L50, F|87/100\n|turn|4\n|inactive|TPOT_pkmn has 30 seconds left.\n|\n|t:|1788226784\n|move|p2b: Garchomp|Protect|p2b: Garchomp\n|-singleturn|p2b: Garchomp|Protect\n|move|p2a: Whimsicott|Charm|p1b: Sneasler\n|-unboost|p1b: Sneasler|atk|2\n|move|p1a: Sinistcha|Matcha Gotcha|p2a: Whimsicott|[spread] p2a\n|-activate|p2b: Garchomp|move: Protect\n|-resisted|p2a: Whimsicott|1\n|-damage|p2a: Whimsicott|37/100\n|-heal|p1a: Sinistcha|50/100g|[from] drain|[of] p2a: Whimsicott\n|move|p1b: Sneasler|Close Combat|p2a: Whimsicott\n|-resisted|p2a: Whimsicott|1\n|-damage|p2a: Whimsicott|22/100\n|-unboost|p1b: Sneasler|def|1\n|-unboost|p1b: Sneasler|spd|1\n|\n|upkeep\n|turn|5\n|\n|t:|1788226806\n|switch|p1b: Delphox|Delphox, L50, M|100/100\n|move|p2a: Whimsicott|Charm|p1b: Delphox\n|-unboost|p1b: Delphox|atk|2\n|move|p1a: Sinistcha|Matcha Gotcha|p2a: Whimsicott|[spread] p2a,p2b\n|-resisted|p2a: Whimsicott|1\n|-damage|p2a: Whimsicott|4/100\n|-heal|p1a: Sinistcha|58/100|[from] drain|[of] p2a: Whimsicott\n|-damage|p2b: Garchomp|0 fnt\n|-heal|p1a: Sinistcha|71/100|[from] drain|[of] p2b: Garchomp\n|faint|p2b: Garchomp\n|\n|-sideend|p2: Badboy42069|move: Tailwind\n|upkeep\n|\n|t:|1788226814\n|switch|p2b: Kingambit|Kingambit, L50, F|53/100\n|turn|6\n|\n|t:|1788226824\n|move|p1a: Sinistcha|Rage Powder|p1a: Sinistcha\n|-singleturn|p1a: Sinistcha|move: Rage Powder\n|move|p2a: Whimsicott|Light Screen|p2a: Whimsicott\n|-sidestart|p2: Badboy42069|move: Light Screen\n|move|p2b: Kingambit|Kowtow Cleave|p1a: Sinistcha\n|-supereffective|p1a: Sinistcha|1\n|-enditem|p1a: Sinistcha|Colbur Berry|[eat]\n|-enditem|p1a: Sinistcha|Colbur Berry|[weaken]\n|-damage|p1a: Sinistcha|27/100\n|move|p1b: Delphox|Heat Wave|p2a: Whimsicott|[spread] p2a\n|-miss|p1b: Delphox|p2b: Kingambit\n|-supereffective|p2a: Whimsicott|1\n|-enditem|p2a: Whimsicott|Occa Berry|[eat]\n|-enditem|p2a: Whimsicott|Occa Berry|[weaken]\n|-damage|p2a: Whimsicott|0 fnt\n|faint|p2a: Whimsicott\n|\n|upkeep\n|\n|t:|1788226831\n|switch|p2a: Staraptor|Staraptor, L50, F|100/100\n|-ability|p2a: Staraptor|Intimidate|boost\n|-unboost|p1a: Sinistcha|atk|1\n|-unboost|p1b: Delphox|atk|1\n|turn|7\n|inactive|Badboy42069 has 30 seconds left.\n|\n|t:|1788226865\n|detailschange|p2a: Staraptor|Staraptor-Mega, L50, F\n|-mega|p2a: Staraptor|Staraptor|Staraptite\n|move|p2a: Staraptor|Protect|p2a: Staraptor\n|-singleturn|p2a: Staraptor|Protect\n|move|p1a: Sinistcha|Rage Powder|p1a: Sinistcha\n|-singleturn|p1a: Sinistcha|move: Rage Powder\n|move|p2b: Kingambit|Kowtow Cleave|p1a: Sinistcha\n|-supereffective|p1a: Sinistcha|1\n|-damage|p1a: Sinistcha|0 fnt\n|faint|p1a: Sinistcha\n|move|p1b: Delphox|Heat Wave|p2b: Kingambit|[spread] p2b\n|-activate|p2a: Staraptor|move: Protect\n|-supereffective|p2b: Kingambit|1\n|-damage|p2b: Kingambit|16/100\n|\n|-fieldend|move: Trick Room\n|upkeep\n|\n|t:|1788226878\n|switch|p1a: Sneasler|Sneasler, L50, F|87/100\n|turn|8\n|inactive|TPOT_pkmn has 30 seconds left.\n|\n|t:|1788226905\n|move|p1a: Sneasler|Fake Out|p2b: Kingambit\n|-resisted|p2b: Kingambit|1\n|-damage|p2b: Kingambit|10/100\n|cant|p2b: Kingambit|flinch\n|move|p2a: Staraptor|Brave Bird|p1a: Sneasler\n|-supereffective|p1a: Sneasler|1\n|-damage|p1a: Sneasler|0 fnt\n|faint|p1a: Sneasler\n|-damage|p2a: Staraptor|76/100|[from] Recoil\n|move|p1b: Delphox|Heat Wave|p2a: Staraptor|[spread] p2a,p2b\n|-supereffective|p2b: Kingambit|1\n|-damage|p2a: Staraptor|57/100\n|-damage|p2b: Kingambit|0 fnt\n|faint|p2b: Kingambit\n|\n|upkeep\n|turn|9\n|\n|t:|1788226917\n|move|p2a: Staraptor|Brave Bird|p1b: Delphox\n|-damage|p1b: Delphox|28/100\n|-damage|p2a: Staraptor|36/100|[from] Recoil\n|move|p1b: Delphox|Psychic|p2a: Staraptor\n|-supereffective|p2a: Staraptor|1\n|-damage|p2a: Staraptor|0 fnt\n|faint|p2a: Staraptor\n|\n|win|TPOT_pkmn\n|raw|TPOT_pkmn's rating: 1371 &rarr; <strong>1388</strong><br />(+17 for winning)\n|raw|Badboy42069's rating: 1314 &rarr; <strong>1297</strong><br />(-17 for losing)\n|l|☆Badboy42069\n|player|p2|\n","uploadtime":1788226918,"views":"4","formatid":"gen9championsvgc2026regmbbo3","rating":1297,"private":0,"password":null}