{"id":"gen9championsvgc2026regmb-2674977193","format":"[Gen 9 Champions] VGC 2026 Reg M-B","players":["PlayerD2","B34RedSox"],"log":"|j|☆PlayerD2\n|j|☆B34RedSox\n|t:|1788444408\n|gametype|doubles\n|player|p1|PlayerD2|2|1094\n|player|p2|B34RedSox|102|1123\n|gen|9\n|tier|[Gen 9 Champions] VGC 2026 Reg M-B\n|rated|\n|rule|Species Clause: Limit one of each Pokémon\n|rule|Item Clause: Limit 1 of each item\n|clearpoke\n|poke|p1|Glaceon, L50, F, shiny|\n|poke|p1|Staraptor, L50, F|\n|poke|p1|Ninetales-Alola, L50, F|\n|poke|p1|Jolteon, L50, F|\n|poke|p1|Espeon, L50, F, shiny|\n|poke|p1|Umbreon, L50, M|\n|poke|p2|Charizard, L50, F|\n|poke|p2|Mudsdale, L50, M|\n|poke|p2|Basculegion, L50, M|\n|poke|p2|Kingambit, L50, F|\n|poke|p2|Sneasler, L50, F|\n|poke|p2|Whimsicott, L50, M|\n|teampreview|4\n|inactive|Battle timer is ON: inactive players will automatically lose when time's up. (requested by PlayerD2)\n|c|☆PlayerD2|hi\n|c|☆PlayerD2|gl\n|inactive|B34RedSox has 60 seconds left.\n|\n|t:|1788444472\n|teamsize|p1|4\n|teamsize|p2|4\n|start\n|switch|p1a: Glaceon|Glaceon, L50, F, shiny|100/100\n|switch|p1b: Espeon|Espeon, L50, F, shiny|100/100\n|switch|p2a: Sneasler|Sneasler, L50, F|100/100\n|switch|p2b: Whimsicott|Whimsicott, L50, M|100/100\n|turn|1\n|\n|t:|1788444492\n|switch|p1a: Ninetales|Ninetales-Alola, L50, F|100/100\n|-weather|Snowscape|[from] ability: Snow Warning|[of] p1a: Ninetales\n|move|p1b: Espeon|Detect|p1b: Espeon\n|-singleturn|p1b: Espeon|Protect\n|move|p2a: Sneasler|Fake Out|p1b: Espeon\n|-activate|p1b: Espeon|move: Protect\n|move|p2b: Whimsicott|Tailwind|p2b: Whimsicott\n|-sidestart|p2: B34RedSox|move: Tailwind\n|\n|-weather|Snowscape|[upkeep]\n|upkeep\n|turn|2\n|inactive|B34RedSox has 30 seconds left.\n|\n|t:|1788444520\n|switch|p2a: Mudsdale|Mudsdale, L50, M|100/100\n|switch|p2b: Charizard|Charizard, L50, F|100/100\n|move|p1b: Espeon|Psychic|p2a: Mudsdale\n|-damage|p2a: Mudsdale|54/100\n|-ability|p2a: Mudsdale|Stamina|boost\n|-boost|p2a: Mudsdale|def|1\n|move|p1a: Ninetales|Icy Wind|p2b: Charizard|[spread] p2a\n|-miss|p1a: Ninetales|p2b: Charizard\n|-supereffective|p2a: Mudsdale|1\n|-damage|p2a: Mudsdale|31/100\n|-unboost|p2a: Mudsdale|spe|1\n|-ability|p2a: Mudsdale|Stamina|boost\n|-boost|p2a: Mudsdale|def|1\n|\n|-weather|Snowscape|[upkeep]\n|-heal|p2a: Mudsdale|37/100|[from] item: Leftovers\n|upkeep\n|turn|3\n|inactive|PlayerD2 has 30 seconds left.\n|inactive|B34RedSox has 30 seconds left.\n|\n|t:|1788444554\n|detailschange|p2b: Charizard|Charizard-Mega-Y, L50, F\n|-mega|p2b: Charizard|Charizard|Charizardite Y\n|-weather|SunnyDay|[from] ability: Drought|[of] p2b: Charizard\n|move|p1a: Ninetales|Helping Hand|p1b: Espeon\n|-singleturn|p1b: Espeon|Helping Hand|[of] p1a: Ninetales\n|move|p2a: Mudsdale|Protect|p2a: Mudsdale\n|-singleturn|p2a: Mudsdale|Protect\n|move|p2b: Charizard|Heat Wave|p1b: Espeon|[spread] p1a\n|-miss|p2b: Charizard|p1b: Espeon\n|-supereffective|p1a: Ninetales|1\n|-damage|p1a: Ninetales|0 fnt\n|faint|p1a: Ninetales\n|move|p1b: Espeon|Power Gem|p2b: Charizard\n|-supereffective|p2b: Charizard|2\n|-damage|p2b: Charizard|0 fnt\n|faint|p2b: Charizard\n|\n|-weather|SunnyDay|[upkeep]\n|-heal|p2a: Mudsdale|42/100|[from] item: Leftovers\n|upkeep\n|\n|t:|1788444578\n|switch|p1a: Staraptor|Staraptor, L50, F|100/100\n|switch|p2b: Sneasler|Sneasler, L50, F|100/100\n|-ability|p1a: Staraptor|Intimidate|boost\n|-unboost|p2a: Mudsdale|atk|1\n|-unboost|p2b: Sneasler|atk|1\n|-enditem|p2b: Sneasler|White Herb\n|-clearnegativeboost|p2b: Sneasler|[silent]\n|turn|4\n|inactive|B34RedSox has 30 seconds left.\n|\n|t:|1788444610\n|move|p1b: Espeon|Detect|p1b: Espeon\n|-singleturn|p1b: Espeon|Protect\n|move|p2b: Sneasler|Fake Out|p1b: Espeon\n|-activate|p1b: Espeon|move: Protect\n|move|p1a: Staraptor|Tailwind|p1a: Staraptor\n|-sidestart|p1: PlayerD2|move: Tailwind\n|move|p2a: Mudsdale|Body Press|p1a: Staraptor\n|-damage|p1a: Staraptor|45/100\n|\n|-weather|SunnyDay|[upkeep]\n|-heal|p2a: Mudsdale|48/100|[from] item: Leftovers\n|-sideend|p2: B34RedSox|move: Tailwind\n|upkeep\n|turn|5\n|inactive|B34RedSox has 30 seconds left.\n|\n|t:|1788444639\n|switch|p2a: Whimsicott|Whimsicott, L50, M|100/100\n|detailschange|p1a: Staraptor|Staraptor-Mega, L50, F\n|-mega|p1a: Staraptor|Staraptor|Staraptite\n|move|p2b: Sneasler|Protect|p2b: Sneasler\n|-singleturn|p2b: Sneasler|Protect\n|move|p1b: Espeon|Psychic|p2b: Sneasler\n|-activate|p2b: Sneasler|move: Protect\n|move|p1a: Staraptor|Close Combat|p2a: Whimsicott\n|-resisted|p2a: Whimsicott|1\n|-damage|p2a: Whimsicott|62/100\n|-boost|p1a: Staraptor|def|1\n|-boost|p1a: Staraptor|spd|1\n|\n|-weather|SunnyDay|[upkeep]\n|upkeep\n|turn|6\n|\n|t:|1788444663\n|move|p2a: Whimsicott|Tailwind|p2a: Whimsicott\n|-sidestart|p2: B34RedSox|move: Tailwind\n|move|p2b: Sneasler|Dire Claw|p1a: Staraptor\n|-damage|p1a: Staraptor|17/100\n|move|p1b: Espeon|Psychic|p2b: Sneasler\n|-supereffective|p2b: Sneasler|2\n|-damage|p2b: Sneasler|0 fnt\n|faint|p2b: Sneasler\n|move|p1a: Staraptor|Close Combat|p2a: Whimsicott\n|-resisted|p2a: Whimsicott|1\n|-damage|p2a: Whimsicott|19/100\n|-boost|p1a: Staraptor|def|1\n|-boost|p1a: Staraptor|spd|1\n|\n|-weather|SunnyDay|[upkeep]\n|upkeep\n|\n|t:|1788444678\n|switch|p2b: Mudsdale|Mudsdale, L50, M|48/100\n|turn|7\n|\n|t:|1788444701\n|move|p2a: Whimsicott|Encore|p1b: Espeon\n|move|p1b: Espeon|Encore||[from] ability: Magic Bounce|[still]\n|-fail|p1b: Espeon\n|move|p1b: Espeon|Dazzling Gleam|p2b: Mudsdale|[spread] p2a,p2b\n|-damage|p2a: Whimsicott|0 fnt\n|-damage|p2b: Mudsdale|30/100\n|-ability|p2b: Mudsdale|Stamina|boost\n|-boost|p2b: Mudsdale|def|1\n|faint|p2a: Whimsicott\n|move|p1a: Staraptor|Brave Bird|p2b: Mudsdale\n|-damage|p2b: Mudsdale|0 fnt\n|faint|p2b: Mudsdale\n|-damage|p1a: Staraptor|4/100|[from] Recoil\n|\n|win|PlayerD2\n|raw|PlayerD2's rating: 1094 &rarr; <strong>1122</strong><br />(+28 for winning)\n|raw|B34RedSox's rating: 1123 &rarr; <strong>1096</strong><br />(-27 for losing)\n","uploadtime":1788444716,"views":"2","formatid":"gen9championsvgc2026regmb","rating":1096,"private":0,"password":null}