{"id":"gen9championsvgc2026regmb-2674432724","format":"[Gen 9 Champions] VGC 2026 Reg M-B","players":["FunkleTrunk","Astra15"],"log":"|j|☆FunkleTrunk\n|j|☆Astra15\n|t:|1788359172\n|gametype|doubles\n|player|p1|FunkleTrunk|169|1041\n|player|p2|Astra15|hilbert-wonderlauncher|1100\n|gen|9\n|tier|[Gen 9 Champions] VGC 2026 Reg M-B\n|rated|\n|rule|Species Clause: Limit one of each Pokémon\n|rule|Item Clause: Limit 1 of each item\n|clearpoke\n|poke|p1|Politoed, L50, F|\n|poke|p1|Pelipper, L50, F|\n|poke|p1|Grimmsnarl, L50, M|\n|poke|p1|Gengar, L50, F|\n|poke|p1|Incineroar, L50, M|\n|poke|p1|Sinistcha, L50|\n|poke|p2|Glimmora, L50, M|\n|poke|p2|Whimsicott, L50, M|\n|poke|p2|Garchomp, L50, F|\n|poke|p2|Rotom-Wash, L50|\n|poke|p2|Delphox, L50, F|\n|poke|p2|Staraptor, L50, M|\n|teampreview|4\n|\n|t:|1788359221\n|teamsize|p1|4\n|teamsize|p2|4\n|start\n|switch|p1a: Gengar|Gengar, L50, F|100/100\n|switch|p1b: Incineroar|Incineroar, L50, M|100/100\n|switch|p2a: Rotom|Rotom-Wash, L50|100/100\n|switch|p2b: Glimmora|Glimmora, L50, M|100/100\n|-ability|p1b: Incineroar|Intimidate|boost\n|-unboost|p2a: Rotom|atk|1\n|-unboost|p2b: Glimmora|atk|1\n|turn|1\n|inactive|Battle timer is ON: inactive players will automatically lose when time's up. (requested by Astra15)\n|\n|t:|1788359271\n|detailschange|p1a: Gengar|Gengar-Mega, L50, F\n|-mega|p1a: Gengar|Gengar|Gengarite\n|move|p2b: Glimmora|Spiky Shield|p2b: Glimmora\n|-singleturn|p2b: Glimmora|move: Protect\n|move|p1b: Incineroar|Fake Out|p2b: Glimmora\n|-activate|p2b: Glimmora|move: Protect\n|-damage|p1b: Incineroar|87/100|[from] Spiky Shield|[of] p2b: Glimmora\n|move|p2a: Rotom|Discharge|p1a: Gengar|[spread] p1a,p1b\n|-activate|p2b: Glimmora|move: Protect\n|-damage|p1a: Gengar|72/100\n|-damage|p1b: Incineroar|58/100\n|-status|p1a: Gengar|par\n|-status|p1b: Incineroar|par\n|move|p1a: Gengar|Perish Song|p1a: Gengar\n|-start|p1a: Gengar|perish3|[silent]\n|-start|p1b: Incineroar|perish3|[silent]\n|-start|p2a: Rotom|perish3|[silent]\n|-start|p2b: Glimmora|perish3|[silent]\n|-fieldactivate|move: Perish Song\n|\n|-start|p2a: Rotom|perish3\n|-start|p2b: Glimmora|perish3\n|-start|p1a: Gengar|perish3\n|-start|p1b: Incineroar|perish3\n|upkeep\n|turn|2\n|inactive|FunkleTrunk has 30 seconds left.\n|\n|t:|1788359298\n|move|p1a: Gengar|Protect|p1a: Gengar\n|-singleturn|p1a: Gengar|Protect\n|move|p1b: Incineroar|Protect|p1b: Incineroar\n|-singleturn|p1b: Incineroar|Protect\n|move|p2a: Rotom|Hydro Pump|p1b: Incineroar\n|-activate|p1b: Incineroar|move: Protect\n|move|p2b: Glimmora|Power Gem|p1b: Incineroar\n|-activate|p1b: Incineroar|move: Protect\n|\n|-start|p2b: Glimmora|perish2\n|-start|p2a: Rotom|perish2\n|-start|p1a: Gengar|perish2\n|-start|p1b: Incineroar|perish2\n|upkeep\n|turn|3\n|inactive|FunkleTrunk has 30 seconds left.\n|inactive|FunkleTrunk has 20 seconds left.\n|inactive|FunkleTrunk has 15 seconds left.\n|\n|t:|1788359341\n|switch|p1a: Grimmsnarl|Grimmsnarl, L50, M|100/100\n|move|p2b: Glimmora|Power Gem|p1a: Grimmsnarl\n|-damage|p1a: Grimmsnarl|66/100\n|move|p2a: Rotom|Volt Switch|p1b: Incineroar\n|-damage|p1b: Incineroar|27/100 par\n|\n|t:|1788359351\n|switch|p2a: Garchomp|Garchomp, L50, F|100/100|[from] Volt Switch\n|move|p1b: Incineroar|Parting Shot|p2a: Garchomp\n|-unboost|p2a: Garchomp|atk|1\n|-unboost|p2a: Garchomp|spa|1\n|\n|t:|1788359358\n|switch|p1b: Gengar|Gengar-Mega, L50, F|72/100 par|[from] Parting Shot\n|\n|-start|p2b: Glimmora|perish1\n|upkeep\n|turn|4\n|inactive|Astra15 has 30 seconds left.\n|\n|t:|1788359387\n|move|p1b: Gengar|Protect|p1b: Gengar\n|-singleturn|p1b: Gengar|Protect\n|move|p1a: Grimmsnarl|Fake Out|p2a: Garchomp\n|-damage|p2a: Garchomp|89/100\n|-damage|p1a: Grimmsnarl|54/100|[from] ability: Rough Skin|[of] p2a: Garchomp\n|cant|p2a: Garchomp|flinch\n|move|p2b: Glimmora|Power Gem|p1b: Gengar\n|-activate|p1b: Gengar|move: Protect\n|\n|-start|p2b: Glimmora|perish0\n|faint|p2b: Glimmora\n|upkeep\n|\n|t:|1788359400\n|switch|p2b: Delphox|Delphox, L50, F|100/100\n|turn|5\n|inactive|FunkleTrunk has 30 seconds left.\n|inactive|FunkleTrunk has 20 seconds left.\n|\n|t:|1788359440\n|switch|p1b: Incineroar|Incineroar, L50, M|27/100 par\n|-ability|p1b: Incineroar|Intimidate|boost\n|-unboost|p2a: Garchomp|atk|1\n|-unboost|p2b: Delphox|atk|1\n|detailschange|p2b: Delphox|Delphox-Mega, L50, F\n|-mega|p2b: Delphox|Delphox|Delphoxite\n|move|p1a: Grimmsnarl|Light Screen|p1a: Grimmsnarl\n|-sidestart|p1: FunkleTrunk|move: Light Screen\n|move|p2a: Garchomp|Earthquake|p1a: Grimmsnarl|[spread] p1a,p1b\n|-immune|p2b: Delphox|[from] ability: Levitate\n|-supereffective|p1b: Incineroar|1\n|-crit|p1b: Incineroar\n|-damage|p1a: Grimmsnarl|30/100\n|-damage|p1b: Incineroar|0 fnt\n|faint|p1b: Incineroar\n|move|p2b: Delphox|Heat Wave|p1a: Grimmsnarl\n|-damage|p1a: Grimmsnarl|0 fnt\n|faint|p1a: Grimmsnarl\n|\n|upkeep\n|\n|t:|1788359453\n|switch|p1a: Gengar|Gengar-Mega, L50, F|72/100 par\n|switch|p1b: Politoed|Politoed, L50, F|100/100\n|-weather|RainDance|[from] ability: Drizzle|[of] p1b: Politoed\n|turn|6\n|\n|t:|1788359471\n|move|p2b: Delphox|Protect|p2b: Delphox\n|-singleturn|p2b: Delphox|Protect\n|move|p1a: Gengar|Protect|p1a: Gengar\n|-singleturn|p1a: Gengar|Protect\n|move|p2a: Garchomp|Earthquake|p1b: Politoed|[spread] p1b\n|-activate|p2b: Delphox|move: Protect\n|-activate|p1a: Gengar|move: Protect\n|-damage|p1b: Politoed|80/100\n|move|p1b: Politoed|Perish Song|p1b: Politoed\n|-start|p1a: Gengar|perish3|[silent]\n|-start|p1b: Politoed|perish3|[silent]\n|-start|p2a: Garchomp|perish3|[silent]\n|-start|p2b: Delphox|perish3|[silent]\n|-fieldactivate|move: Perish Song\n|\n|-weather|RainDance|[upkeep]\n|-heal|p1b: Politoed|86/100|[from] item: Leftovers\n|-start|p2a: Garchomp|perish3\n|-start|p2b: Delphox|perish3\n|-start|p1b: Politoed|perish3\n|-start|p1a: Gengar|perish3\n|upkeep\n|turn|7\n|inactive|FunkleTrunk has 30 seconds left.\n|\n|t:|1788359505\n|move|p2a: Garchomp|Earthquake|p1a: Gengar|[spread] p1a,p1b\n|-immune|p2b: Delphox|[from] ability: Levitate\n|-supereffective|p1a: Gengar|1\n|-damage|p1a: Gengar|38/100 par\n|-damage|p1b: Politoed|68/100\n|move|p2b: Delphox|Heat Wave|p1a: Gengar|[spread] p1a,p1b\n|-resisted|p1b: Politoed|1\n|-damage|p1a: Gengar|24/100 par\n|-damage|p1b: Politoed|62/100\n|move|p1b: Politoed|Muddy Water|p2a: Garchomp|[spread] p2a,p2b\n|-supereffective|p2b: Delphox|1\n|-damage|p2a: Garchomp|51/100\n|-damage|p2b: Delphox|39/100\n|move|p1a: Gengar|Reflect Type|p2a: Garchomp\n|-start|p1a: Gengar|typechange|[from] move: Reflect Type|[of] p2a: Garchomp\n|\n|-weather|RainDance|[upkeep]\n|-heal|p1b: Politoed|69/100|[from] item: Leftovers\n|-start|p2a: Garchomp|perish2\n|-start|p2b: Delphox|perish2\n|-start|p1b: Politoed|perish2\n|-start|p1a: Gengar|perish2\n|upkeep\n|-start|p1a: Gengar|typechange|Dragon/Ground|[silent]\n|turn|8\n|inactive|FunkleTrunk has 30 seconds left.\n|\n|t:|1788359531\n|move|p1a: Gengar|Protect|p1a: Gengar\n|-singleturn|p1a: Gengar|Protect\n|move|p2a: Garchomp|Earthquake|p1b: Politoed|[spread] p1b\n|-activate|p1a: Gengar|move: Protect\n|-immune|p2b: Delphox|[from] ability: Levitate\n|-damage|p1b: Politoed|49/100\n|move|p2b: Delphox|Nasty Plot|p2b: Delphox\n|-boost|p2b: Delphox|spa|2\n|move|p1b: Politoed|Muddy Water|p2a: Garchomp|[spread] p2a,p2b\n|-supereffective|p2b: Delphox|1\n|-damage|p2a: Garchomp|18/100\n|-damage|p2b: Delphox|0 fnt\n|faint|p2b: Delphox\n|\n|-weather|RainDance|[upkeep]\n|-heal|p1b: Politoed|55/100|[from] item: Leftovers\n|-start|p2a: Garchomp|perish1\n|-start|p1b: Politoed|perish1\n|-start|p1a: Gengar|perish1\n|upkeep\n|\n|t:|1788359543\n|switch|p2b: Rotom|Rotom-Wash, L50|100/100\n|turn|9\n|\n|t:|1788359561\n|move|p2b: Rotom|Protect|p2b: Rotom\n|-singleturn|p2b: Rotom|Protect\n|move|p1a: Gengar|Protect||[still]\n|-fail|p1a: Gengar\n|move|p2a: Garchomp|Earthquake|p1b: Politoed|[spread] p1a,p1b\n|-activate|p2b: Rotom|move: Protect\n|-damage|p1a: Gengar|4/100 par\n|-damage|p1b: Politoed|35/100\n|move|p1b: Politoed|Muddy Water|p2a: Garchomp|[spread] p2a\n|-activate|p2b: Rotom|move: Protect\n|-damage|p2a: Garchomp|0 fnt\n|faint|p2a: Garchomp\n|\n|-weather|RainDance|[upkeep]\n|-heal|p1b: Politoed|41/100|[from] item: Leftovers\n|-start|p1b: Politoed|perish0\n|-start|p1a: Gengar|perish0\n|faint|p1b: Politoed\n|faint|p1a: Gengar\n|\n|win|Astra15\n|raw|FunkleTrunk's rating: 1041 &rarr; <strong>1028</strong><br />(-13 for losing)\n|raw|Astra15's rating: 1100 &rarr; <strong>1121</strong><br />(+21 for winning)\n","uploadtime":1788359578,"views":"10","formatid":"gen9championsvgc2026regmb","rating":1028,"private":0,"password":null}