{"id":"gen9championsvgc2026regmb-2674467259","format":"[Gen 9 Champions] VGC 2026 Reg M-B","players":["myout","CoolTrainerBu"],"log":"|j|☆myout\n|j|☆CoolTrainerBu\n|t:|1788363242\n|gametype|doubles\n|player|p1|myout|hexmaniac-gen6|1581\n|player|p2|CoolTrainerBu|169|1506\n|gen|9\n|tier|[Gen 9 Champions] VGC 2026 Reg M-B\n|rated|\n|rule|Species Clause: Limit one of each Pokémon\n|rule|Item Clause: Limit 1 of each item\n|clearpoke\n|poke|p1|Aerodactyl, L50, M|\n|poke|p1|Tsareena, L50, F, shiny|\n|poke|p1|Gholdengo, L50|\n|poke|p1|Kommo-o, L50, M|\n|poke|p1|Floette-Eternal, L50, F|\n|poke|p1|Incineroar, L50, M, shiny|\n|poke|p2|Tyranitar, L50, M|\n|poke|p2|Excadrill, L50, F|\n|poke|p2|Milotic, L50, F|\n|poke|p2|Sinistcha, L50|\n|poke|p2|Staraptor, L50, M|\n|poke|p2|Gholdengo, L50|\n|teampreview|4\n|inactive|Battle timer is ON: inactive players will automatically lose when time's up. (requested by myout)\n|inactive|myout has 60 seconds left.\n|inactive|CoolTrainerBu has 60 seconds left.\n|inactive|CoolTrainerBu has 30 seconds left.\n|inactive|CoolTrainerBu has 20 seconds left.\n|inactive|CoolTrainerBu has 15 seconds left.\n|\n|t:|1788363323\n|teamsize|p1|4\n|teamsize|p2|4\n|start\n|switch|p1a: Aerodactyl|Aerodactyl, L50, M|100/100\n|switch|p1b: Tsareena|Tsareena, L50, F, shiny|100/100\n|switch|p2a: Milotic|Milotic, L50, F|100/100\n|switch|p2b: Staraptor|Staraptor, L50, M|100/100\n|-ability|p1a: Aerodactyl|Unnerve\n|-ability|p2b: Staraptor|Intimidate|boost\n|-unboost|p1a: Aerodactyl|atk|1\n|-unboost|p1b: Tsareena|atk|1\n|turn|1\n|inactive|myout has 30 seconds left.\n|inactive|CoolTrainerBu has 30 seconds left.\n|\n|t:|1788363352\n|detailschange|p1a: Aerodactyl|Aerodactyl-Mega, L50, M\n|-mega|p1a: Aerodactyl|Aerodactyl|Aerodactylite\n|detailschange|p2b: Staraptor|Staraptor-Mega, L50, M\n|-mega|p2b: Staraptor|Staraptor|Staraptite\n|move|p1b: Tsareena|Protect|p1b: Tsareena\n|-singleturn|p1b: Tsareena|Protect\n|move|p1a: Aerodactyl|Tailwind|p1a: Aerodactyl\n|-sidestart|p1: myout|move: Tailwind\n|move|p2b: Staraptor|Tailwind|p2b: Staraptor\n|-sidestart|p2: CoolTrainerBu|move: Tailwind\n|move|p2a: Milotic|Icy Wind|p1a: Aerodactyl|[spread] p1a\n|-activate|p1b: Tsareena|move: Protect\n|-supereffective|p1a: Aerodactyl|1\n|-damage|p1a: Aerodactyl|75/100\n|-unboost|p1a: Aerodactyl|spe|1\n|\n|upkeep\n|turn|2\n|\n|t:|1788363376\n|move|p2b: Staraptor|Close Combat|p1a: Aerodactyl\n|-damage|p1a: Aerodactyl|4/100\n|-boost|p2b: Staraptor|def|1\n|-boost|p2b: Staraptor|spd|1\n|move|p1a: Aerodactyl|Dual Wingbeat|p2a: Milotic\n|-damage|p2a: Milotic|82/100\n|-damage|p2a: Milotic|63/100\n|-hitcount|p2a: Milotic|2\n|move|p2a: Milotic|Ice Beam|p1b: Tsareena\n|-supereffective|p1b: Tsareena|1\n|-damage|p1b: Tsareena|53/100\n|move|p1b: Tsareena|Power Whip|p2a: Milotic\n|-supereffective|p2a: Milotic|1\n|-damage|p2a: Milotic|0 fnt\n|faint|p2a: Milotic\n|\n|upkeep\n|\n|t:|1788363395\n|switch|p2a: Gholdengo|Gholdengo, L50|100/100\n|turn|3\n|\n|t:|1788363419\n|switch|p1a: Gholdengo|Gholdengo, L50|100/100\n|move|p1b: Tsareena|Protect|p1b: Tsareena\n|-singleturn|p1b: Tsareena|Protect\n|move|p2b: Staraptor|Close Combat|p1b: Tsareena\n|-activate|p1b: Tsareena|move: Protect\n|move|p2a: Gholdengo|Nasty Plot|p2a: Gholdengo\n|-boost|p2a: Gholdengo|spa|2\n|\n|upkeep\n|turn|4\n|inactive|myout has 30 seconds left.\n|\n|t:|1788363445\n|switch|p1a: Kommo-o|Kommo-o, L50, M|100/100\n|move|p2b: Staraptor|Close Combat|p1b: Tsareena\n|-damage|p1b: Tsareena|0 fnt\n|-boost|p2b: Staraptor|def|1\n|-boost|p2b: Staraptor|spd|1\n|faint|p1b: Tsareena\n|move|p2a: Gholdengo|Shadow Ball|p1a: Kommo-o\n|-damage|p1a: Kommo-o|0 fnt\n|faint|p1a: Kommo-o\n|-damage|p2a: Gholdengo|90/100|[from] item: Life Orb\n|\n|-sideend|p2: CoolTrainerBu|move: Tailwind\n|-sideend|p1: myout|move: Tailwind\n|upkeep\n|\n|t:|1788363452\n|switch|p1a: Aerodactyl|Aerodactyl-Mega, L50, M|4/100\n|switch|p1b: Gholdengo|Gholdengo, L50|100/100\n|turn|5\n|inactive|myout has 30 seconds left.\n|\n|t:|1788363481\n|move|p1a: Aerodactyl|Rock Slide|p2b: Staraptor|[spread] p2a\n|-miss|p1a: Aerodactyl|p2b: Staraptor\n|-resisted|p2a: Gholdengo|1\n|-damage|p2a: Gholdengo|78/100\n|move|p2b: Staraptor|Close Combat|p1a: Aerodactyl\n|-damage|p1a: Aerodactyl|0 fnt\n|-boost|p2b: Staraptor|def|1\n|-boost|p2b: Staraptor|spd|1\n|faint|p1a: Aerodactyl\n|move|p2a: Gholdengo|Shadow Ball|p1b: Gholdengo\n|-supereffective|p1b: Gholdengo|1\n|-damage|p1b: Gholdengo|0 fnt\n|faint|p1b: Gholdengo\n|-damage|p2a: Gholdengo|68/100|[from] item: Life Orb\n|\n|win|CoolTrainerBu\n|raw|myout's rating: 1581 &rarr; <strong>1557</strong><br />(-24 for losing)\n|raw|CoolTrainerBu's rating: 1506 &rarr; <strong>1530</strong><br />(+24 for winning)\n|l|☆myout\n|player|p1|\n","uploadtime":1788363754,"views":"3","formatid":"gen9championsvgc2026regmb","rating":1530,"private":0,"password":null}