{"id":"gen9championsvgc2026regmbbo3-2674998219","format":"[Gen 9 Champions] VGC 2026 Reg M-B (Bo3)","players":["okkia3","qwdqwdasdasd"],"log":"|j|☆okkia3\n|j|☆qwdqwdasdasd\n|html|<table width=\"100%\"><tr><td align=\"left\">okkia3</td><td align=\"right\">qwdqwdasdasd</tr><tr><td align=\"left\"><i class=\"fa fa-circle\"></i> <i class=\"fa fa-circle-o\"></i> </td><td align=\"right\"><i class=\"fa fa-circle-o\"></i> <i class=\"fa fa-circle\"></i> </tr></table>\n|uhtml|bestof|<h2><strong>Game 3</strong> of <a href=\"/game-bestof3-gen9championsvgc2026regmbbo3-2674993789\">a best-of-3</a></h2>\n|t:|1788446933\n|gametype|doubles\n|player|p1|okkia3|102|1108\n|player|p2|qwdqwdasdasd|sage|1084\n|gen|9\n|tier|[Gen 9 Champions] VGC 2026 Reg M-B (Bo3)\n|rated|\n|rule|Species Clause: Limit one of each Pokémon\n|rule|Item Clause: Limit 1 of each item\n|clearpoke\n|poke|p1|Charizard, L50, M|\n|poke|p1|Whimsicott, L50, M|\n|poke|p1|Basculegion, L50, M|\n|poke|p1|Farigiraf, L50, F|\n|poke|p1|Kangaskhan, L50, F|\n|poke|p1|Sneasler, L50, F|\n|poke|p2|Chimecho, L50, M|\n|poke|p2|Garchomp, L50, F|\n|poke|p2|Tyranitar, L50, M|\n|poke|p2|Sneasler, L50, F, shiny|\n|poke|p2|Grimmsnarl, L50, M|\n|poke|p2|Volcarona, L50, F|\n|teampreview|4\n|showteam|p1|Charizard||CharizarditeY|SolarPower|WeatherBall,HeatWave,SolarBeam,Protect|Timid||M|||50|]Whimsicott||FocusSash|Prankster|Moonblast,Tailwind,SunnyDay,Encore|Timid||M|||50|]Basculegion||ChoiceScarf|Adaptability|WaveCrash,AquaJet,LastRespects,FlipTurn|Adamant||M|||50|]Farigiraf||SitrusBerry|ArmorTail|Psychic,HyperVoice,HelpingHand,TrickRoom|Modest||F|||50|]Kangaskhan||Kangaskhanite|Scrappy|FakeOut,DoubleEdge,DrainPunch,SuckerPunch|Adamant||F|||50|]Sneasler||WhiteHerb|Unburden|FakeOut,CloseCombat,DireClaw,RockTomb|Adamant||F|||50|\n|showteam|p2|Chimecho||Chimechite|Levitate|HelpingHand,FlashCannon,Psychic,TrickRoom|Sassy||M|||50|]Garchomp||LifeOrb|RoughSkin|Earthquake,RockSlide,DragonClaw,Protect|Jolly||F|||50|]Tyranitar||ChoiceScarf|SandStream|RockSlide,KnockOff,LowKick,HighHorsepower|Jolly||M|||50|]Sneasler||WhiteHerb|Unburden|FakeOut,DireClaw,CloseCombat,Protect|Adamant||F|||50|]Grimmsnarl||SitrusBerry|Prankster|FakeOut,SpiritBreak,PartingShot,ScaryFace|Careful||M|||50|]Volcarona||Leftovers|FlameBody|FieryDance,QuiverDance,GigaDrain,Protect|Bold||F|||50|\n|inactive|Battle timer is ON: inactive players will automatically lose when time's up. (requested by okkia3)\n|\n|t:|1788446956\n|teamsize|p1|4\n|teamsize|p2|4\n|start\n|switch|p1a: Basculegion|Basculegion, L50, M|100/100\n|switch|p1b: Kangaskhan|Kangaskhan, L50, F|100/100\n|switch|p2a: Sneasler|Sneasler, L50, F, shiny|100/100\n|switch|p2b: Volcarona|Volcarona, L50, F|100/100\n|turn|1\n|\n|t:|1788446967\n|switch|p1b: Whimsicott|Whimsicott, L50, M|100/100\n|move|p2a: Sneasler|Fake Out|p1b: Whimsicott\n|-damage|p1b: Whimsicott|76/100\n|move|p1a: Basculegion|Wave Crash|p2b: Volcarona\n|-supereffective|p2b: Volcarona|1\n|-damage|p2b: Volcarona|0 fnt\n|faint|p2b: Volcarona\n|-damage|p1a: Basculegion|67/100|[from] Recoil\n|\n|upkeep\n|\n|t:|1788446980\n|switch|p2b: Garchomp|Garchomp, L50, F|100/100\n|turn|2\n|\n|t:|1788446990\n|switch|p1b: Kangaskhan|Kangaskhan, L50, F|100/100\n|move|p1a: Basculegion|Wave Crash|p2a: Sneasler\n|-damage|p2a: Sneasler|0 fnt\n|faint|p2a: Sneasler\n|-damage|p1a: Basculegion|41/100|[from] Recoil\n|move|p2b: Garchomp|Rock Slide|p1b: Kangaskhan|[spread] p1a\n|-miss|p2b: Garchomp|p1b: Kangaskhan\n|-damage|p1a: Basculegion|8/100\n|-damage|p2b: Garchomp|90/100|[from] item: Life Orb\n|\n|upkeep\n|\n|t:|1788447001\n|switch|p2a: Chimecho|Chimecho, L50, M|100/100\n|turn|3\n|\n|t:|1788447012\n|switch|p1a: Farigiraf|Farigiraf, L50, F|100/100\n|detailschange|p1b: Kangaskhan|Kangaskhan-Mega, L50, F\n|-mega|p1b: Kangaskhan|Kangaskhan|Kangaskhanite\n|detailschange|p2a: Chimecho|Chimecho-Mega, L50, M\n|-mega|p2a: Chimecho|Chimecho|Chimechite\n|move|p2b: Garchomp|Protect|p2b: Garchomp\n|-singleturn|p2b: Garchomp|Protect\n|move|p1b: Kangaskhan|Sucker Punch|p2a: Chimecho\n|-supereffective|p2a: Chimecho|1\n|-damage|p2a: Chimecho|49/100\n|-supereffective|p2a: Chimecho|1\n|-damage|p2a: Chimecho|37/100\n|-hitcount|p2a: Chimecho|2\n|move|p2a: Chimecho|Psychic|p1a: Farigiraf\n|-resisted|p1a: Farigiraf|1\n|-damage|p1a: Farigiraf|83/100\n|\n|upkeep\n|turn|4\n|\n|t:|1788447030\n|move|p2a: Chimecho|Helping Hand|p2b: Garchomp\n|-singleturn|p2b: Garchomp|Helping Hand|[of] p2a: Chimecho\n|move|p1b: Kangaskhan|Sucker Punch||[still]\n|-fail|p1b: Kangaskhan\n|move|p2b: Garchomp|Earthquake|p1a: Farigiraf|[spread] p1a,p1b\n|-immune|p2a: Chimecho|[from] ability: Levitate\n|-damage|p1a: Farigiraf|1/100\n|-damage|p1b: Kangaskhan|26/100\n|-enditem|p1a: Farigiraf|Sitrus Berry|[eat]\n|-heal|p1a: Farigiraf|26/100|[from] item: Sitrus Berry\n|-damage|p2b: Garchomp|80/100|[from] item: Life Orb\n|move|p1a: Farigiraf|Hyper Voice|p2b: Garchomp|[spread] p2a,p2b\n|-resisted|p2a: Chimecho|1\n|-crit|p2b: Garchomp\n|-damage|p2a: Chimecho|27/100\n|-damage|p2b: Garchomp|33/100\n|\n|upkeep\n|turn|5\n|\n|t:|1788447050\n|move|p2b: Garchomp|Protect|p2b: Garchomp\n|-singleturn|p2b: Garchomp|Protect\n|move|p1b: Kangaskhan|Sucker Punch|p2a: Chimecho\n|-supereffective|p2a: Chimecho|1\n|-damage|p2a: Chimecho|0 fnt\n|faint|p2a: Chimecho\n|move|p1a: Farigiraf|Psychic|p2b: Garchomp\n|-activate|p2b: Garchomp|move: Protect\n|\n|upkeep\n|turn|6\n|\n|t:|1788447058\n|move|p2b: Garchomp|Earthquake|p1a: Farigiraf|[spread] p1a,p1b\n|-damage|p1a: Farigiraf|0 fnt\n|-damage|p1b: Kangaskhan|0 fnt\n|faint|p1a: Farigiraf\n|faint|p1b: Kangaskhan\n|-damage|p2b: Garchomp|23/100|[from] item: Life Orb\n|\n|upkeep\n|\n|t:|1788447058\n|switch|p1b: Whimsicott|Whimsicott, L50, M|76/100\n|switch|p1a: Basculegion|Basculegion, L50, M|8/100\n|turn|7\n|\n|t:|1788447067\n|move|p1a: Basculegion|Last Respects|p2b: Garchomp\n|-damage|p2b: Garchomp|0 fnt\n|faint|p2b: Garchomp\n|\n|win|okkia3\n|raw|okkia3's rating: 1108 &rarr; <strong>1131</strong><br />(+23 for winning)\n|raw|qwdqwdasdasd's rating: 1084 &rarr; <strong>1063</strong><br />(-21 for losing)\n","uploadtime":1788447067,"views":"0","formatid":"gen9championsvgc2026regmbbo3","rating":1063,"private":0,"password":null}