{"id":"gen9championsvgc2026regmbbo3-2674661469","format":"[Gen 9 Champions] VGC 2026 Reg M-B (Bo3)","players":["Descugi","bronzongbroomsvgc"],"log":"|j|☆Descugi\n|j|☆bronzongbroomsvgc\n|html|<table width=\"100%\"><tr><td align=\"left\">Descugi</td><td align=\"right\">bronzongbroomsvgc</tr><tr><td align=\"left\"><i class=\"fa fa-circle-o\"></i> <i class=\"fa fa-circle-o\"></i> </td><td align=\"right\"><i class=\"fa fa-circle-o\"></i> <i class=\"fa fa-circle-o\"></i> </tr></table>\n|uhtml|bestof|<h2><strong>Game 1</strong> of <a href=\"/game-bestof3-gen9championsvgc2026regmbbo3-2674661468\">a best-of-3</a></h2>\n|t:|1788386717\n|gametype|doubles\n|player|p1|Descugi|265|1305\n|player|p2|bronzongbroomsvgc|1|1355\n|gen|9\n|tier|[Gen 9 Champions] VGC 2026 Reg M-B (Bo3)\n|rated|\n|rule|Species Clause: Limit one of each Pokémon\n|rule|Item Clause: Limit 1 of each item\n|clearpoke\n|poke|p1|Staraptor, L50, M|\n|poke|p1|Arcanine-Hisui, L50, M|\n|poke|p1|Kingambit, L50, M|\n|poke|p1|Sylveon, L50, F|\n|poke|p1|Raichu, L50, M|\n|poke|p1|Farigiraf, L50, M|\n|poke|p2|Toxapex, L50, M|\n|poke|p2|Incineroar, L50, M|\n|poke|p2|Farigiraf, L50, F|\n|poke|p2|Charizard, L50, F|\n|poke|p2|Floette-Eternal, L50, F|\n|poke|p2|Garchomp, L50, M|\n|teampreview|4\n|showteam|p1|Staraptor||Staraptite|Intimidate|DualWingbeat,CloseCombat,Tailwind,Protect|Jolly||M|||50|]Arcanine-Hisui||FocusSash|RockHead|FlareBlitz,HeadSmash,ExtremeSpeed,Protect|Jolly||M|||50|]Kingambit||LifeOrb|Defiant|KowtowCleave,SuckerPunch,SwordsDance,Protect|Adamant||M|||50|]Sylveon||FairyFeather|Pixilate|HyperVoice,HyperBeam,QuickAttack,Detect|Modest||F|||50|]Raichu||RaichuniteY|LightningRod|ZapCannon,FocusBlast,FakeOut,Protect|Timid||M|||50|]Farigiraf||SitrusBerry|ArmorTail|Psychic,HelpingHand,TrickRoom,Protect|Calm||M|||50|\n|showteam|p2|Toxapex||Leftovers|Regenerator|BanefulBunker,WideGuard,Toxic,Infestation|Relaxed||M|||50|]Incineroar||SitrusBerry|Intimidate|FakeOut,ThroatChop,FlareBlitz,PartingShot|Adamant||M|||50|]Farigiraf||ColburBerry|ArmorTail|TrickRoom,Psychic,HelpingHand,Protect|Calm||F|||50|]Charizard||CharizarditeY|Blaze|HeatWave,AncientPower,WeatherBall,Protect|Timid||F|||50|]Floette-Eternal||Floettite|FlowerVeil|Moonblast,DazzlingGleam,LightofRuin,Protect|Modest||F|||50|]Garchomp||ChoiceScarf|RoughSkin|Earthquake,RockSlide,DragonClaw,StompingTantrum|Adamant||M|||50|\n|\n|t:|1788386753\n|teamsize|p1|4\n|teamsize|p2|4\n|start\n|switch|p1a: Raichu|Raichu, L50, M|100/100\n|switch|p1b: Sylveon|Sylveon, L50, F|100/100\n|switch|p2a: Floette|Floette-Eternal, L50, F|100/100\n|switch|p2b: Farigiraf|Farigiraf, L50, F|100/100\n|turn|1\n|\n|t:|1788386791\n|detailschange|p1a: Raichu|Raichu-Mega-Y, L50, M\n|-mega|p1a: Raichu|Raichu|Raichunite Y\n|detailschange|p2a: Floette|Floette-Mega, L50, F\n|-mega|p2a: Floette|Floette|Floettite\n|-ability|p2a: Floette|Fairy Aura\n|move|p1a: Raichu|Zap Cannon|p2a: Floette\n|-damage|p2a: Floette|51/100\n|-status|p2a: Floette|par\n|move|p1b: Sylveon|Hyper Voice|p2a: Floette|[spread] p2a,p2b\n|-damage|p2a: Floette|8/100 par\n|-damage|p2b: Farigiraf|43/100\n|move|p2b: Farigiraf|Psychic|p1a: Raichu\n|-damage|p1a: Raichu|53/100\n|-unboost|p1a: Raichu|spd|1\n|move|p2a: Floette|Moonblast|p1a: Raichu\n|-damage|p1a: Raichu|0 fnt\n|faint|p1a: Raichu\n|\n|upkeep\n|\n|t:|1788386817\n|switch|p1a: Farigiraf|Farigiraf, L50, M|100/100\n|turn|2\n|\n|t:|1788386828\n|switch|p2a: Toxapex|Toxapex, L50, M|100/100\n|move|p1a: Farigiraf|Helping Hand|p1b: Sylveon\n|-singleturn|p1b: Sylveon|Helping Hand|[of] p1a: Farigiraf\n|move|p1b: Sylveon|Hyper Voice|p2a: Toxapex|[spread] p2a,p2b\n|-resisted|p2a: Toxapex|1\n|-damage|p2a: Toxapex|75/100\n|-damage|p2b: Farigiraf|0 fnt\n|faint|p2b: Farigiraf\n|\n|-heal|p2a: Toxapex|80/100|[from] item: Leftovers\n|upkeep\n|\n|t:|1788386838\n|switch|p2b: Floette|Floette-Mega, L50, F|8/100 par\n|-ability|p2b: Floette|Fairy Aura\n|turn|3\n|\n|t:|1788386854\n|cant|p2b: Floette|par\n|move|p1b: Sylveon|Hyper Voice|p2a: Toxapex|[spread] p2a,p2b\n|-resisted|p2a: Toxapex|1\n|-damage|p2a: Toxapex|56/100\n|-damage|p2b: Floette|0 fnt\n|faint|p2b: Floette\n|move|p1a: Farigiraf|Psychic|p2a: Toxapex\n|-supereffective|p2a: Toxapex|1\n|-damage|p2a: Toxapex|1/100\n|move|p2a: Toxapex|Infestation|p1b: Sylveon\n|-resisted|p1b: Sylveon|1\n|-damage|p1b: Sylveon|98/100\n|-activate|p1b: Sylveon|move: Infestation|[of] p2a: Toxapex\n|\n|-heal|p2a: Toxapex|7/100|[from] item: Leftovers\n|-damage|p1b: Sylveon|86/100|[from] move: Infestation|[partiallytrapped]\n|upkeep\n|\n|t:|1788386867\n|switch|p2b: Garchomp|Garchomp, L50, M|100/100\n|turn|4\n|\n|t:|1788386885\n|move|p2a: Toxapex|Baneful Bunker|p2a: Toxapex\n|-singleturn|p2a: Toxapex|move: Protect\n|move|p2b: Garchomp|Stomping Tantrum|p1b: Sylveon\n|-damage|p1b: Sylveon|40/100\n|move|p1b: Sylveon|Hyper Voice|p2b: Garchomp|[spread] p2b\n|-activate|p2a: Toxapex|move: Protect\n|-supereffective|p2b: Garchomp|1\n|-damage|p2b: Garchomp|9/100\n|move|p1a: Farigiraf|Psychic|p2a: Toxapex\n|-activate|p2a: Toxapex|move: Protect\n|\n|-heal|p2a: Toxapex|13/100|[from] item: Leftovers\n|-damage|p1b: Sylveon|28/100|[from] move: Infestation|[partiallytrapped]\n|upkeep\n|turn|5\n|\n|t:|1788386904\n|move|p2b: Garchomp|Stomping Tantrum|p1b: Sylveon\n|-damage|p1b: Sylveon|0 fnt\n|faint|p1b: Sylveon\n|move|p1a: Farigiraf|Psychic|p2a: Toxapex\n|-supereffective|p2a: Toxapex|1\n|-damage|p2a: Toxapex|0 fnt\n|faint|p2a: Toxapex\n|\n|upkeep\n|\n|t:|1788386911\n|switch|p1b: Arcanine|Arcanine-Hisui, L50, M|100/100\n|turn|6\n|\n|t:|1788386915\n|move|p1b: Arcanine|Extreme Speed|p2b: Garchomp\n|-damage|p2b: Garchomp|0 fnt\n|-damage|p1b: Arcanine|87/100|[from] ability: Rough Skin|[of] p2b: Garchomp\n|faint|p2b: Garchomp\n|\n|win|Descugi\n||bronzongbroomsvgc is ready for game 2.\n||Descugi is ready for game 2.\n|uhtml|next|Next: <a href=\"/battle-gen9championsvgc2026regmbbo3-2674662885\"><strong>Game 2 of 3</strong></a>\n","uploadtime":1788387397,"views":"0","formatid":"gen9championsvgc2026regmbbo3","rating":null,"private":0,"password":null}