{"id":"gen9championsvgc2026regmb-2673985548","format":"[Gen 9 Champions] VGC 2026 Reg M-B","players":["speedyturtle87","monkey stall"],"log":"|j|☆speedyturtle87\n|j|☆monkey stall\n|t:|1788284989\n|gametype|doubles\n|player|p1|speedyturtle87|canari|\n|player|p2|monkey stall|2|\n|gen|9\n|tier|[Gen 9 Champions] VGC 2026 Reg M-B\n|rated|Tournament battle\n|rule|Species Clause: Limit one of each Pokémon\n|rule|Item Clause: Limit 1 of each item\n|raw|<div class=\"infobox\"><details class=\"readmore\" open><summary><strong>1 custom rule:</strong></summary> Force Open Team Sheets</details></div>\n|clearpoke\n|poke|p1|Aerodactyl, L50, F|\n|poke|p1|Raichu, L50, M|\n|poke|p1|Sneasler, L50, F|\n|poke|p1|Basculegion, L50, M|\n|poke|p1|Kingambit, L50, M|\n|poke|p1|Sylveon, L50, F|\n|poke|p2|Whimsicott, L50, F|\n|poke|p2|Garchomp, L50, F|\n|poke|p2|Kingambit, L50, M|\n|poke|p2|Glimmora, L50, M|\n|poke|p2|Basculegion, L50, M|\n|poke|p2|Froslass, L50, F|\n|teampreview|4\n|showteam|p1|Aerodactyl||Aerodactylite|Unnerve|RockSlide,DualWingbeat,Tailwind,Protect|Jolly||F|||50|]Raichu||RaichuniteY|LightningRod|ZapCannon,FocusBlast,FakeOut,Protect|Timid||M|||50|]Sneasler||FocusSash|PoisonTouch|CloseCombat,DireClaw,FakeOut,Protect|Jolly||F|||50|]Basculegion||ChoiceScarf|Adaptability|LastRespects,WaveCrash,AquaJet,FlipTurn|Jolly||M|||50|]Kingambit||LifeOrb|Defiant|KowtowCleave,SuckerPunch,SwordsDance,Protect|Adamant||M|||50|]Sylveon||FairyFeather|Pixilate|HyperVoice,HyperBeam,QuickAttack,Detect|Modest||F|||50|\n|showteam|p2|Whimsicott||OccaBerry|Prankster|Moonblast,Tailwind,Encore,Protect|Timid||F|||50|]Garchomp||SitrusBerry|RoughSkin|StompingTantrum,DragonClaw,RockSlide,Protect|Adamant||F|||50|]Kingambit||ChopleBerry|Defiant|LowKick,SuckerPunch,KowtowCleave,Protect|Adamant||M|||50|]Glimmora||Glimmoranite|ToxicDebris|SludgeBomb,PowerGem,EarthPower,SpikyShield|Modest||M|||50|]Basculegion||LifeOrb|Adaptability|WaveCrash,AquaJet,LastRespects,Protect|Adamant||M|||50|]Froslass||Froslassite|SnowCloak|AuroraVeil,Blizzard,ShadowBall,Protect|Timid||F|||50|\n|inactive|Battle timer is ON: inactive players will automatically lose when time's up. (requested by speedyturtle87)\n|j| deluxr4yy\n|j| br0ken heart ❤️\n|c|☆speedyturtle87|glhf\n|c|☆monkey stall|U2\n|j| firestrikedab\n|inactive|speedyturtle87 has 60 seconds left.\n|inactive|monkey stall has 60 seconds left.\n|\n|t:|1788285026\n|teamsize|p1|4\n|teamsize|p2|4\n|start\n|switch|p1a: Raichu|Raichu, L50, M|100/100\n|switch|p1b: Sylveon|Sylveon, L50, F|100/100\n|switch|p2a: Kingambit|Kingambit, L50, M|100/100\n|switch|p2b: Glimmora|Glimmora, L50, M|100/100\n|turn|1\n|\n|t:|1788285043\n|detailschange|p1a: Raichu|Raichu-Mega-Y, L50, M\n|-mega|p1a: Raichu|Raichu|Raichunite Y\n|detailschange|p2b: Glimmora|Glimmora-Mega, L50, M\n|-mega|p2b: Glimmora|Glimmora|Glimmoranite\n|move|p2b: Glimmora|Spiky Shield|p2b: Glimmora\n|-singleturn|p2b: Glimmora|move: Protect\n|move|p2a: Kingambit|Protect|p2a: Kingambit\n|-singleturn|p2a: Kingambit|Protect\n|move|p1a: Raichu|Zap Cannon|p2b: Glimmora\n|-activate|p2b: Glimmora|move: Protect\n|move|p1b: Sylveon|Hyper Voice|p2b: Glimmora|[spread] \n|-activate|p2a: Kingambit|move: Protect\n|-activate|p2b: Glimmora|move: Protect\n|\n|upkeep\n|turn|2\n|\n|t:|1788285063\n|switch|p2a: Whimsicott|Whimsicott, L50, F|100/100\n|move|p1a: Raichu|Zap Cannon|p2b: Glimmora\n|-damage|p2b: Glimmora|35/100\n|-status|p2b: Glimmora|par\n|move|p1b: Sylveon|Hyper Voice|p2b: Glimmora|[spread] p2a,p2b\n|-resisted|p2b: Glimmora|1\n|-damage|p2a: Whimsicott|31/100\n|-damage|p2b: Glimmora|7/100 par\n|move|p2b: Glimmora|Earth Power|p1a: Raichu\n|-supereffective|p1a: Raichu|1\n|-damage|p1a: Raichu|13/100\n|\n|upkeep\n|turn|3\n|\n|t:|1788285082\n|move|p2a: Whimsicott|Tailwind|p2a: Whimsicott\n|-sidestart|p2: monkey stall|move: Tailwind\n|move|p1a: Raichu|Zap Cannon|p2a: Whimsicott\n|-resisted|p2a: Whimsicott|1\n|-damage|p2a: Whimsicott|0 fnt\n|faint|p2a: Whimsicott\n|move|p2b: Glimmora|Sludge Bomb|p1b: Sylveon\n|-supereffective|p1b: Sylveon|1\n|-damage|p1b: Sylveon|0 fnt\n|faint|p1b: Sylveon\n|\n|upkeep\n|\n|t:|1788285092\n|switch|p2a: Garchomp|Garchomp, L50, F|100/100\n|switch|p1b: Kingambit|Kingambit, L50, M|100/100\n|turn|4\n|inactive|monkey stall has 30 seconds left.\n|\n|t:|1788285118\n|move|p2a: Garchomp|Dragon Claw|p1a: Raichu\n|-damage|p1a: Raichu|0 fnt\n|faint|p1a: Raichu\n|move|p2b: Glimmora|Earth Power|p1b: Kingambit\n|-supereffective|p1b: Kingambit|1\n|-damage|p1b: Kingambit|33/100\n|-unboost|p1b: Kingambit|spd|1\n|-ability|p1b: Kingambit|Defiant|boost\n|-boost|p1b: Kingambit|atk|2\n|move|p1b: Kingambit|Swords Dance|p1b: Kingambit\n|-boost|p1b: Kingambit|atk|2\n|\n|upkeep\n|j| HeWh0Kn0ckz\n|\n|t:|1788285129\n|switch|p1a: Basculegion|Basculegion, L50, M|100/100\n|turn|5\n|inactive|monkey stall has 30 seconds left.\n|\n|t:|1788285163\n|move|p2a: Garchomp|Protect|p2a: Garchomp\n|-singleturn|p2a: Garchomp|Protect\n|move|p1b: Kingambit|Protect|p1b: Kingambit\n|-singleturn|p1b: Kingambit|Protect\n|move|p1a: Basculegion|Aqua Jet|p1b: Kingambit\n|-activate|p1b: Kingambit|move: Protect\n|move|p2b: Glimmora|Power Gem|p1a: Basculegion\n|-damage|p1a: Basculegion|23/100\n|\n|upkeep\n|turn|6\n|inactive|monkey stall has 30 seconds left.\n|\n|t:|1788285192\n|move|p1a: Basculegion|Aqua Jet|p2b: Glimmora\n|-supereffective|p2b: Glimmora|1\n|-damage|p2b: Glimmora|0 fnt\n|faint|p2b: Glimmora\n|move|p1b: Kingambit|Sucker Punch|p2a: Garchomp\n|-damage|p2a: Garchomp|0 fnt\n|-damage|p1b: Kingambit|21/100|[from] ability: Rough Skin|[of] p2a: Garchomp\n|faint|p2a: Garchomp\n|-damage|p1b: Kingambit|11/100|[from] item: Life Orb\n|\n|-sideend|p2: monkey stall|move: Tailwind\n|upkeep\n|j| busterbunner\n|\n|t:|1788285195\n|switch|p2b: Kingambit|Kingambit, L50, M|100/100\n|turn|7\n|\n|t:|1788285212\n|move|p1a: Basculegion|Aqua Jet|p2b: Kingambit\n|-damage|p2b: Kingambit|80/100\n|move|p1b: Kingambit|Kowtow Cleave|p2b: Kingambit\n|-resisted|p2b: Kingambit|1\n|-damage|p2b: Kingambit|8/100\n|-damage|p1b: Kingambit|1/100|[from] item: Life Orb\n|move|p2b: Kingambit|Kowtow Cleave|p1a: Basculegion\n|-supereffective|p1a: Basculegion|1\n|-damage|p1a: Basculegion|0 fnt\n|faint|p1a: Basculegion\n|\n|upkeep\n|turn|8\n|\n|t:|1788285227\n|move|p2b: Kingambit|Protect|p2b: Kingambit\n|-singleturn|p2b: Kingambit|Protect\n|move|p1b: Kingambit|Sucker Punch||[still]\n|-fail|p1b: Kingambit\n|\n|upkeep\n|turn|9\n|\n|t:|1788285233\n|move|p2b: Kingambit|Protect|p2b: Kingambit\n|-singleturn|p2b: Kingambit|Protect\n|move|p1b: Kingambit|Sucker Punch||[still]\n|-fail|p1b: Kingambit\n|\n|upkeep\n|turn|10\n|\n|t:|1788285238\n|move|p2b: Kingambit|Protect|p2b: Kingambit\n|-singleturn|p2b: Kingambit|Protect\n|move|p1b: Kingambit|Sucker Punch||[still]\n|-fail|p1b: Kingambit\n|\n|upkeep\n|turn|11\n|\n|t:|1788285242\n|move|p2b: Kingambit|Protect||[still]\n|-fail|p2b: Kingambit\n|move|p1b: Kingambit|Sucker Punch||[still]\n|-fail|p1b: Kingambit\n|\n|upkeep\n|turn|12\n|\n|t:|1788285248\n|move|p1b: Kingambit|Sucker Punch|p2b: Kingambit\n|-resisted|p2b: Kingambit|1\n|-damage|p2b: Kingambit|0 fnt\n|faint|p2b: Kingambit\n|-damage|p1b: Kingambit|0 fnt|[from] item: Life Orb\n|faint|p1b: Kingambit\n|\n|win|speedyturtle87\n|n|☆speedyturtle87|speedyturtle87\n|n|☆monkey stall|monkeystall\n|n| deluxr4yy|deluxr4yy\n|n| br0ken heart ❤️|br0kenheart\n|n| firestrikedab|firestrikedab\n|n| HeWh0Kn0ckz|hewh0kn0ckz\n|n| busterbunner|busterbunner\n|c|☆speedyturtle87|ggwp\n|c|☆monkey stall|Gg\n|l| deluxr4yy\n|l| busterbunner\n|l|☆speedyturtle87\n|player|p1|\n","uploadtime":1788285444,"views":"4","formatid":"gen9championsvgc2026regmb","rating":null,"private":0,"password":null}