{"id":"gen9championsvgc2026regmbbo3-2674008288","format":"[Gen 9 Champions] VGC 2026 Reg M-B (Bo3)","players":["Doomnik","CSQ17"],"log":"|j|☆Doomnik\n|j|☆CSQ17\n|html|<table width=\"100%\"><tr><td align=\"left\">Doomnik</td><td align=\"right\">CSQ17</tr><tr><td align=\"left\"><i class=\"fa fa-circle-o\"></i> <i class=\"fa fa-circle-o\"></i> </td><td align=\"right\"><i class=\"fa fa-circle-o\"></i> <i class=\"fa fa-circle-o\"></i> </tr></table>\n|uhtml|bestof|<h2><strong>Game 1</strong> of <a href=\"/game-bestof3-gen9championsvgc2026regmbbo3-2674008286\">a best-of-3</a></h2>\n|t:|1788287615\n|gametype|doubles\n|player|p1|Doomnik|volkner|1305\n|player|p2|CSQ17|170|1394\n|gen|9\n|tier|[Gen 9 Champions] VGC 2026 Reg M-B (Bo3)\n|rated|\n|rule|Species Clause: Limit one of each Pokémon\n|rule|Item Clause: Limit 1 of each item\n|clearpoke\n|poke|p1|Dragonite, L50, M|\n|poke|p1|Sneasler, L50, M|\n|poke|p1|Kingambit, L50, F|\n|poke|p1|Basculegion, L50, M|\n|poke|p1|Whimsicott, L50, M|\n|poke|p1|Floette-Eternal, L50, F|\n|poke|p2|Gengar, L50, M|\n|poke|p2|Archaludon, L50, M|\n|poke|p2|Politoed, L50, F|\n|poke|p2|Swampert, L50, F|\n|poke|p2|Vivillon, L50, M|\n|poke|p2|Incineroar, L50, F|\n|teampreview|4\n|showteam|p1|Dragonite||Dragoninite|InnerFocus|DragonPulse,HeatWave,Thunderbolt,Protect|Modest||M|||50|]Sneasler||WhiteHerb|Unburden|DireClaw,CloseCombat,RockSlide,FakeOut|Jolly||M|||50|]Kingambit||ChopleBerry|Defiant|KowtowCleave,SuckerPunch,LowKick,IronHead|Adamant||F|||50|]Basculegion||LifeOrb|Adaptability|WaveCrash,LastRespects,AquaJet,Protect|Adamant||M|||50|]Whimsicott||FocusSash|Prankster|Moonblast,Tailwind,Encore,Protect|Timid||M|||50|]Floette-Eternal||Floettite|FlowerVeil|Moonblast,DazzlingGleam,LightofRuin,Protect|Timid||F|||50|\n|showteam|p2|Gengar||Gengarite|CursedBody|ShadowBall,SludgeBomb,PerishSong,Protect|Modest||M|||50|]Archaludon||Leftovers|Stamina|ElectroShot,DragonPulse,FlashCannon,Protect|Bold||M|||50|]Politoed||SitrusBerry|Drizzle|WeatherBall,Hypnosis,PerishSong,Protect|Calm||F|||50|]Swampert||Swampertite|Damp|WaveCrash,Earthquake,IcePunch,Protect|Adamant||F|||50|]Vivillon||FocusSash|CompoundEyes|Hurricane,SleepPowder,RagePowder,Protect|Timid||M|||50|]Incineroar||PasshoBerry|Intimidate|DarkestLariat,FakeOut,PartingShot,Protect|Impish||F|||50|\n|inactive|Battle timer is ON: inactive players will automatically lose when time's up. (requested by Doomnik)\n|inactive|Doomnik has 60 seconds left.\n|inactive|CSQ17 has 60 seconds left.\n|inactive|CSQ17 has 30 seconds left.\n|inactive|CSQ17 has 20 seconds left.\n|inactive|CSQ17 has 15 seconds left.\n|inactive|CSQ17 has 10 seconds left.\n|\n|t:|1788287697\n|teamsize|p1|4\n|teamsize|p2|4\n|start\n|switch|p1a: Basculegion|Basculegion, L50, M|100/100\n|switch|p1b: Sneasler|Sneasler, L50, M|100/100\n|switch|p2a: Gengar|Gengar, L50, M|100/100\n|switch|p2b: Vivillon|Vivillon, L50, M|100/100\n|turn|1\n|inactive|Doomnik has 30 seconds left.\n|inactive|CSQ17 has 30 seconds left.\n|inactive|Doomnik has 20 seconds left.\n|\n|t:|1788287735\n|switch|p1a: Whimsicott|Whimsicott, L50, M|100/100\n|detailschange|p2a: Gengar|Gengar-Mega, L50, M\n|-mega|p2a: Gengar|Gengar|Gengarite\n|move|p2a: Gengar|Protect|p2a: Gengar\n|-singleturn|p2a: Gengar|Protect\n|move|p2b: Vivillon|Protect|p2b: Vivillon\n|-singleturn|p2b: Vivillon|Protect\n|move|p1b: Sneasler|Fake Out|p2b: Vivillon\n|-activate|p2b: Vivillon|move: Protect\n|\n|upkeep\n|turn|2\n|inactive|CSQ17 has 30 seconds left.\n|\n|t:|1788287762\n|switch|p2b: Archaludon|Archaludon, L50, M|100/100\n|move|p1a: Whimsicott|Encore|p2a: Gengar\n|-start|p2a: Gengar|Encore\n|move|p2a: Gengar|Protect|p2a: Gengar\n|-singleturn|p2a: Gengar|Protect\n|move|p1b: Sneasler|Rock Slide|p2b: Archaludon|[spread] p2b\n|-activate|p2a: Gengar|move: Protect\n|-resisted|p2b: Archaludon|1\n|-damage|p2b: Archaludon|93/100\n|-ability|p2b: Archaludon|Stamina|boost\n|-boost|p2b: Archaludon|def|1\n|\n|-heal|p2b: Archaludon|100/100|[from] item: Leftovers\n|upkeep\n|turn|3\n|inactive|CSQ17 has 30 seconds left.\n|inactive|CSQ17 has 20 seconds left.\n|\n|t:|1788287799\n|move|p2a: Gengar|Protect||[still]\n|-fail|p2a: Gengar\n|move|p1a: Whimsicott|Moonblast|p2b: Archaludon\n|-damage|p2b: Archaludon|68/100\n|-ability|p2b: Archaludon|Stamina|boost\n|-boost|p2b: Archaludon|def|1\n|move|p1b: Sneasler|Close Combat|p2b: Archaludon\n|-supereffective|p2b: Archaludon|1\n|-crit|p2b: Archaludon\n|-damage|p2b: Archaludon|0 fnt\n|-unboost|p1b: Sneasler|def|1\n|-unboost|p1b: Sneasler|spd|1\n|faint|p2b: Archaludon\n|-enditem|p1b: Sneasler|White Herb\n|-clearnegativeboost|p1b: Sneasler|[silent]\n|\n|upkeep\n|\n|t:|1788287815\n|switch|p2b: Politoed|Politoed, L50, F|100/100\n|-weather|RainDance|[from] ability: Drizzle|[of] p2b: Politoed\n|turn|4\n|\n|t:|1788287838\n|move|p2a: Gengar|Protect|p2a: Gengar\n|-singleturn|p2a: Gengar|Protect\n|move|p1a: Whimsicott|Tailwind|p1a: Whimsicott\n|-sidestart|p1: Doomnik|move: Tailwind\n|move|p1b: Sneasler|Close Combat|p2b: Politoed\n|-damage|p2b: Politoed|37/100\n|-unboost|p1b: Sneasler|def|1\n|-unboost|p1b: Sneasler|spd|1\n|-enditem|p2b: Politoed|Sitrus Berry|[eat]\n|-heal|p2b: Politoed|62/100|[from] item: Sitrus Berry\n|move|p2b: Politoed|Perish Song|p2b: Politoed\n|-start|p1a: Whimsicott|perish3|[silent]\n|-start|p1b: Sneasler|perish3|[silent]\n|-start|p2a: Gengar|perish3|[silent]\n|-start|p2b: Politoed|perish3|[silent]\n|-fieldactivate|move: Perish Song\n|\n|-weather|RainDance|[upkeep]\n|-end|p2a: Gengar|Encore\n|-start|p1b: Sneasler|perish3\n|-start|p1a: Whimsicott|perish3\n|-start|p2a: Gengar|perish3\n|-start|p2b: Politoed|perish3\n|upkeep\n|turn|5\n|\n|t:|1788287858\n|move|p2a: Gengar|Protect|p2a: Gengar\n|-singleturn|p2a: Gengar|Protect\n|move|p2b: Politoed|Protect|p2b: Politoed\n|-singleturn|p2b: Politoed|Protect\n|move|p1a: Whimsicott|Encore|p2a: Gengar\n|-activate|p2a: Gengar|move: Protect\n|move|p1b: Sneasler|Rock Slide|p2a: Gengar|[spread] \n|-activate|p2a: Gengar|move: Protect\n|-activate|p2b: Politoed|move: Protect\n|\n|-weather|RainDance|[upkeep]\n|-start|p1b: Sneasler|perish2\n|-start|p1a: Whimsicott|perish2\n|-start|p2a: Gengar|perish2\n|-start|p2b: Politoed|perish2\n|upkeep\n|turn|6\n|inactive|CSQ17 has 30 seconds left.\n|inactive|Doomnik has 30 seconds left.\n|\n|t:|1788287891\n|switch|p2b: Vivillon|Vivillon, L50, M|100/100\n|move|p2a: Gengar|Protect|p2a: Gengar\n|-singleturn|p2a: Gengar|Protect\n|move|p1a: Whimsicott|Encore|p2a: Gengar\n|-activate|p2a: Gengar|move: Protect\n|move|p1b: Sneasler|Close Combat|p2b: Vivillon\n|-resisted|p2b: Vivillon|2\n|-damage|p2b: Vivillon|69/100\n|-unboost|p1b: Sneasler|def|1\n|-unboost|p1b: Sneasler|spd|1\n|\n|-weather|RainDance|[upkeep]\n|-start|p1b: Sneasler|perish1\n|-start|p1a: Whimsicott|perish1\n|-start|p2a: Gengar|perish1\n|upkeep\n|turn|7\n|\n|t:|1788287906\n|switch|p2a: Politoed|Politoed, L50, F|62/100\n|move|p2b: Vivillon|Protect|p2b: Vivillon\n|-singleturn|p2b: Vivillon|Protect\n|move|p1b: Sneasler|Close Combat|p2a: Politoed\n|-damage|p2a: Politoed|5/100\n|-unboost|p1b: Sneasler|def|1\n|-unboost|p1b: Sneasler|spd|1\n|move|p1a: Whimsicott|Moonblast|p2a: Politoed\n|-damage|p2a: Politoed|0 fnt\n|faint|p2a: Politoed\n|\n|-weather|RainDance|[upkeep]\n|-start|p1b: Sneasler|perish0\n|-start|p1a: Whimsicott|perish0\n|-sideend|p1: Doomnik|move: Tailwind\n|faint|p1b: Sneasler\n|faint|p1a: Whimsicott\n|upkeep\n|\n|t:|1788287913\n|switch|p1a: Dragonite|Dragonite, L50, M|100/100\n|switch|p1b: Basculegion|Basculegion, L50, M|100/100\n|switch|p2a: Gengar|Gengar-Mega, L50, M|100/100\n|turn|8\n|\n|t:|1788287936\n|detailschange|p1a: Dragonite|Dragonite-Mega, L50, M\n|-mega|p1a: Dragonite|Dragonite|Dragoninite\n|move|p1b: Basculegion|Aqua Jet|p2b: Vivillon\n|-damage|p2b: Vivillon|0 fnt\n|faint|p2b: Vivillon\n|-damage|p1b: Basculegion|90/100|[from] item: Life Orb\n|move|p2a: Gengar|Shadow Ball|p1b: Basculegion\n|-supereffective|p1b: Basculegion|1\n|-damage|p1b: Basculegion|0 fnt\n|faint|p1b: Basculegion\n|move|p1a: Dragonite|Dragon Pulse|p2a: Gengar\n|-damage|p2a: Gengar|52/100\n|\n|-weather|none\n|upkeep\n|turn|9\n|\n|t:|1788287952\n|move|p2a: Gengar|Sludge Bomb|p1a: Dragonite\n|-damage|p1a: Dragonite|74/100\n|-status|p1a: Dragonite|psn\n|move|p1a: Dragonite|Dragon Pulse|p2a: Gengar\n|-damage|p2a: Gengar|1/100\n|\n|-damage|p1a: Dragonite|62/100 psn|[from] psn\n|upkeep\n|turn|10\n|\n|t:|1788287960\n|move|p2a: Gengar|Protect|p2a: Gengar\n|-singleturn|p2a: Gengar|Protect\n|move|p1a: Dragonite|Dragon Pulse|p2a: Gengar\n|-activate|p2a: Gengar|move: Protect\n|\n|-damage|p1a: Dragonite|50/100g psn|[from] psn\n|upkeep\n|turn|11\n|\n|t:|1788287965\n|move|p2a: Gengar|Sludge Bomb|p1a: Dragonite\n|-damage|p1a: Dragonite|2/100 psn\n|move|p1a: Dragonite|Dragon Pulse|p2a: Gengar\n|-damage|p2a: Gengar|0 fnt\n|faint|p2a: Gengar\n|\n|win|Doomnik\n","uploadtime":1788287965,"views":"0","formatid":"gen9championsvgc2026regmbbo3","rating":null,"private":0,"password":null}