{"id":"gen9championsvgc2026regmb-2674784417","format":"[Gen 9 Champions] VGC 2026 Reg M-B","players":["wertyrbat","comprestrict"],"log":"|j|☆wertyrbat\n|j|☆comprestrict\n|t:|1788406192\n|gametype|doubles\n|player|p1|wertyrbat|ethan|1373\n|player|p2|comprestrict|2|1330\n|gen|9\n|tier|[Gen 9 Champions] VGC 2026 Reg M-B\n|rated|\n|rule|Species Clause: Limit one of each Pokémon\n|rule|Item Clause: Limit 1 of each item\n|clearpoke\n|poke|p1|Blastoise, L50, M|\n|poke|p1|Delphox, L50, M|\n|poke|p1|Incineroar, L50, M|\n|poke|p1|Kingambit, L50, M|\n|poke|p1|Sinistcha, L50|\n|poke|p1|Sneasler, L50, M|\n|poke|p2|Garchomp, L50, F|\n|poke|p2|Tyranitar, L50, M|\n|poke|p2|Scizor, L50, M|\n|poke|p2|Sneasler, L50, F|\n|poke|p2|Basculegion, L50, M|\n|poke|p2|Gholdengo, L50|\n|teampreview|4\n|inactive|Battle timer is ON: inactive players will automatically lose when time's up. (requested by comprestrict)\n|inactive|comprestrict has 60 seconds left.\n|\n|t:|1788406240\n|teamsize|p1|4\n|teamsize|p2|4\n|start\n|switch|p1a: Blastoise|Blastoise, L50, M|100/100\n|switch|p1b: Incineroar|Incineroar, L50, M|100/100\n|switch|p2a: Basculegion|Basculegion, L50, M|100/100\n|switch|p2b: Garchomp|Garchomp, L50, F|100/100\n|-ability|p1b: Incineroar|Intimidate|boost\n|-unboost|p2a: Basculegion|atk|1\n|-unboost|p2b: Garchomp|atk|1\n|turn|1\n|inactive|comprestrict has 30 seconds left.\n|inactive|comprestrict has 20 seconds left.\n|\n|t:|1788406279\n|switch|p2a: Tyranitar|Tyranitar, L50, M|100/100\n|-weather|Sandstorm|[from] ability: Sand Stream|[of] p2a: Tyranitar\n|detailschange|p1a: Blastoise|Blastoise-Mega, L50, M\n|-mega|p1a: Blastoise|Blastoise|Blastoisinite\n|move|p2b: Garchomp|Protect|p2b: Garchomp\n|-singleturn|p2b: Garchomp|Protect\n|move|p1b: Incineroar|Fake Out|p2b: Garchomp\n|-activate|p2b: Garchomp|move: Protect\n|move|p1a: Blastoise|Dark Pulse|p2a: Tyranitar\n|-resisted|p2a: Tyranitar|1\n|-damage|p2a: Tyranitar|83/100\n|\n|-weather|Sandstorm|[upkeep]\n|-damage|p1a: Blastoise|93/100|[from] Sandstorm\n|-damage|p1b: Incineroar|93/100|[from] Sandstorm\n|upkeep\n|turn|2\n|inactive|comprestrict has 30 seconds left.\n|\n|t:|1788406305\n|detailschange|p2b: Garchomp|Garchomp-Mega, L50, F\n|-mega|p2b: Garchomp|Garchomp|Garchompite\n|move|p1a: Blastoise|Protect|p1a: Blastoise\n|-singleturn|p1a: Blastoise|Protect\n|move|p2a: Tyranitar|Rock Slide|p1a: Blastoise|[spread] p1b\n|-activate|p1a: Blastoise|move: Protect\n|-supereffective|p1b: Incineroar|1\n|-damage|p1b: Incineroar|35/100\n|-enditem|p1b: Incineroar|Sitrus Berry|[eat]\n|-heal|p1b: Incineroar|60/100|[from] item: Sitrus Berry\n|move|p2b: Garchomp|Draco Meteor|p1a: Blastoise\n|-activate|p1a: Blastoise|move: Protect\n|cant|p1b: Incineroar|flinch\n|\n|-weather|Sandstorm|[upkeep]\n|-damage|p1a: Blastoise|87/100|[from] Sandstorm\n|-damage|p1b: Incineroar|54/100|[from] Sandstorm\n|upkeep\n|turn|3\n|inactive|wertyrbat has 30 seconds left.\n|\n|t:|1788406335\n|switch|p1a: Sinistcha|Sinistcha, L50|100/100\n|-heal|p1b: Incineroar|78/100|[from] ability: Hospitality|[of] p1a: Sinistcha\n|move|p2a: Tyranitar|Rock Slide|p1a: Sinistcha|[spread] p1a,p1b\n|-crit|p1a: Sinistcha\n|-supereffective|p1b: Incineroar|1\n|-damage|p1a: Sinistcha|64/100\n|-damage|p1b: Incineroar|21/100\n|move|p2b: Garchomp|Earth Power|p1b: Incineroar\n|-supereffective|p1b: Incineroar|1\n|-damage|p1b: Incineroar|0 fnt\n|faint|p1b: Incineroar\n|\n|-weather|Sandstorm|[upkeep]\n|-damage|p1a: Sinistcha|58/100|[from] Sandstorm\n|upkeep\n|\n|t:|1788406347\n|switch|p1b: Kingambit|Kingambit, L50, M|100/100\n|turn|4\n|\n|t:|1788406359\n|switch|p2a: Gholdengo|Gholdengo, L50|100/100\n|move|p1a: Sinistcha|Rage Powder|p1a: Sinistcha\n|-singleturn|p1a: Sinistcha|move: Rage Powder\n|move|p2b: Garchomp|Earth Power|p1a: Sinistcha\n|-resisted|p1a: Sinistcha|1\n|-damage|p1a: Sinistcha|28/100\n|move|p1b: Kingambit|Swords Dance|p1b: Kingambit\n|-boost|p1b: Kingambit|atk|2\n|\n|-weather|Sandstorm|[upkeep]\n|-damage|p1a: Sinistcha|21/100|[from] Sandstorm\n|upkeep\n|turn|5\n|\n|t:|1788406379\n|move|p1a: Sinistcha|Rage Powder|p1a: Sinistcha\n|-singleturn|p1a: Sinistcha|move: Rage Powder\n|move|p2a: Gholdengo|Nasty Plot|p2a: Gholdengo\n|-boost|p2a: Gholdengo|spa|2\n|move|p2b: Garchomp|Earth Power|p1a: Sinistcha\n|-resisted|p1a: Sinistcha|1\n|-damage|p1a: Sinistcha|0 fnt\n|faint|p1a: Sinistcha\n|move|p1b: Kingambit|Kowtow Cleave|p2b: Garchomp\n|-damage|p2b: Garchomp|0 fnt\n|faint|p2b: Garchomp\n|-damage|p1b: Kingambit|90/100|[from] item: Life Orb\n|\n|-weather|none\n|upkeep\n|\n|t:|1788406391\n|switch|p2b: Tyranitar|Tyranitar, L50, M|83/100\n|switch|p1a: Blastoise|Blastoise-Mega, L50, M|87/100\n|-weather|Sandstorm|[from] ability: Sand Stream|[of] p2b: Tyranitar\n|turn|6\n|inactive|comprestrict has 30 seconds left.\n|\n|t:|1788406417\n|move|p2a: Gholdengo|Protect|p2a: Gholdengo\n|-singleturn|p2a: Gholdengo|Protect\n|move|p1b: Kingambit|Sucker Punch||[still]\n|-fail|p1b: Kingambit\n|move|p2b: Tyranitar|Superpower|p1b: Kingambit\n|-supereffective|p1b: Kingambit|2\n|-damage|p1b: Kingambit|0 fnt\n|-unboost|p2b: Tyranitar|atk|1\n|-unboost|p2b: Tyranitar|def|1\n|faint|p1b: Kingambit\n|move|p1a: Blastoise|Water Spout|p2a: Gholdengo|[spread] p2b\n|-activate|p2a: Gholdengo|move: Protect\n|-supereffective|p2b: Tyranitar|1\n|-damage|p2b: Tyranitar|8/100\n|\n|-weather|Sandstorm|[upkeep]\n|-damage|p1a: Blastoise|81/100|[from] Sandstorm\n|upkeep\n|turn|7\n|\n|t:|1788406431\n|move|p2b: Tyranitar|Superpower|p1a: Blastoise\n|-damage|p1a: Blastoise|56/100\n|-unboost|p2b: Tyranitar|atk|1\n|-unboost|p2b: Tyranitar|def|1\n|move|p2a: Gholdengo|Shadow Ball|p1a: Blastoise\n|-damage|p1a: Blastoise|0 fnt\n|faint|p1a: Blastoise\n|\n|win|comprestrict\n|raw|wertyrbat's rating: 1373 &rarr; <strong>1351</strong><br />(-22 for losing)\n|raw|comprestrict's rating: 1330 &rarr; <strong>1352</strong><br />(+22 for winning)\n|l|☆wertyrbat\n|player|p1|\n","uploadtime":1788406445,"views":"2","formatid":"gen9championsvgc2026regmb","rating":1351,"private":0,"password":null}