{"id":"gen9championsvgc2026regmb-2674161297","format":"[Gen 9 Champions] VGC 2026 Reg M-B","players":["UltraVile","Arnauthr"],"log":"|j|☆UltraVile\n|j|☆Arnauthr\n|t:|1788308303\n|gametype|doubles\n|player|p1|UltraVile|cheryl|1357\n|player|p2|Arnauthr|red|1332\n|gen|9\n|tier|[Gen 9 Champions] VGC 2026 Reg M-B\n|rated|\n|rule|Species Clause: Limit one of each Pokémon\n|rule|Item Clause: Limit 1 of each item\n|clearpoke\n|poke|p1|Whimsicott, L50, M|\n|poke|p1|Aerodactyl, L50, F|\n|poke|p1|Gengar, L50, M|\n|poke|p1|Incineroar, L50, M|\n|poke|p1|Milotic, L50, F|\n|poke|p1|Kingambit, L50, F|\n|poke|p2|Incineroar, L50, M|\n|poke|p2|Toxapex, L50, M|\n|poke|p2|Garchomp, L50, M|\n|poke|p2|Charizard, L50, F|\n|poke|p2|Venusaur, L50, M|\n|poke|p2|Sylveon, L50, F|\n|teampreview|4\n|inactive|Battle timer is ON: inactive players will automatically lose when time's up. (requested by Arnauthr)\n|inactive|UltraVile has 60 seconds left.\n|inactive|Arnauthr has 60 seconds left.\n|inactive|Arnauthr has 30 seconds left.\n|inactive|Arnauthr has 20 seconds left.\n|inactive|Arnauthr has 15 seconds left.\n|inactive|Arnauthr has 10 seconds left.\n|\n|t:|1788308387\n|teamsize|p1|4\n|teamsize|p2|4\n|start\n|switch|p1a: Milotic|Milotic, L50, F|100/100\n|switch|p1b: Aerodactyl|Aerodactyl, L50, F|100/100\n|switch|p2a: Charizard|Charizard, L50, F|100/100\n|switch|p2b: Venusaur|Venusaur, L50, M|100/100\n|-ability|p1b: Aerodactyl|Unnerve\n|turn|1\n|inactive|Arnauthr has 30 seconds left.\n|\n|t:|1788308417\n|detailschange|p1b: Aerodactyl|Aerodactyl-Mega, L50, F\n|-mega|p1b: Aerodactyl|Aerodactyl|Aerodactylite\n|detailschange|p2a: Charizard|Charizard-Mega-Y, L50, F\n|-mega|p2a: Charizard|Charizard|Charizardite Y\n|-weather|SunnyDay|[from] ability: Drought|[of] p2a: Charizard\n|move|p2b: Venusaur|Sleep Powder|p1b: Aerodactyl\n|-status|p1b: Aerodactyl|slp|[from] move: Sleep Powder\n|cant|p1b: Aerodactyl|slp\n|move|p2a: Charizard|Heat Wave|p1a: Milotic|[spread] p1a,p1b\n|-resisted|p1a: Milotic|1\n|-resisted|p1b: Aerodactyl|1\n|-damage|p1a: Milotic|81/100\n|-damage|p1b: Aerodactyl|64/100 slp\n|move|p1a: Milotic|Icy Wind|p2a: Charizard|[spread] p2a,p2b\n|-supereffective|p2b: Venusaur|1\n|-damage|p2a: Charizard|90/100\n|-damage|p2b: Venusaur|77/100\n|-unboost|p2a: Charizard|spe|1\n|-unboost|p2b: Venusaur|spe|1\n|\n|-weather|SunnyDay|[upkeep]\n|-heal|p1a: Milotic|87/100|[from] item: Leftovers\n|upkeep\n|turn|2\n|c|☆UltraVile|pls no sleep powder\n|c|☆Arnauthr|xd\n|c|☆UltraVile|I'm killing you\n|c|☆Arnauthr|HAHAHAHA\n|c|☆UltraVile|that stupid fucking set\n|inactive|UltraVile has 30 seconds left.\n|inactive|Arnauthr has 30 seconds left.\n|c|☆Arnauthr|It's good bro, it's top 4 on the worlds\n|inactive|Arnauthr has 20 seconds left.\n|\n|t:|1788308457\n|cant|p1b: Aerodactyl|slp\n|move|p2b: Venusaur|Sleep Powder|p1a: Milotic\n|-status|p1a: Milotic|slp|[from] move: Sleep Powder\n|move|p2a: Charizard|Weather Ball|p1b: Aerodactyl\n|-resisted|p1b: Aerodactyl|1\n|-damage|p1b: Aerodactyl|9/100 slp\n|cant|p1a: Milotic|slp\n|\n|-weather|SunnyDay|[upkeep]\n|-heal|p1a: Milotic|93/100 slp|[from] item: Leftovers\n|upkeep\n|turn|3\n|c|☆UltraVile|its so annoying\n|c|☆UltraVile|wake up pls\n|inactive|Arnauthr has 30 seconds left.\n|c|☆Arnauthr|i know xd\n|c|☆UltraVile|pls\n|inactive|Arnauthr has 20 seconds left.\n|\n|t:|1788308492\n|switch|p2a: Garchomp|Garchomp, L50, M|100/100\n|-curestatus|p1b: Aerodactyl|slp|[msg]\n|move|p1b: Aerodactyl|Rock Slide|p2b: Venusaur|[spread] p2a,p2b\n|-resisted|p2a: Garchomp|1\n|-damage|p2a: Garchomp|84/100\n|-damage|p2b: Venusaur|40/100\n|cant|p2b: Venusaur|flinch\n|cant|p1a: Milotic|slp\n|\n|-weather|SunnyDay|[upkeep]\n|-heal|p1a: Milotic|99/100 slp|[from] item: Leftovers\n|upkeep\n|turn|4\n|c|☆Arnauthr|NO WAY\n|c|☆UltraVile|YES\n|c|☆UltraVile|YES\n|c|☆UltraVile|YES\n|inactive|UltraVile has 30 seconds left.\n|inactive|Arnauthr has 30 seconds left.\n|\n|t:|1788308526\n|switch|p2b: Toxapex|Toxapex, L50, M|100/100\n|move|p2a: Garchomp|Rock Slide|p1b: Aerodactyl|[spread] p1b\n|-miss|p2a: Garchomp|p1a: Milotic\n|-supereffective|p1b: Aerodactyl|1\n|-damage|p1b: Aerodactyl|0 fnt\n|faint|p1b: Aerodactyl\n|-curestatus|p1a: Milotic|slp|[msg]\n|move|p1a: Milotic|Icy Wind|p2a: Garchomp|[spread] p2a,p2b\n|-supereffective|p2a: Garchomp|2\n|-resisted|p2b: Toxapex|1\n|-damage|p2a: Garchomp|41/100\n|-damage|p2b: Toxapex|95/100\n|-unboost|p2a: Garchomp|spe|1\n|-unboost|p2b: Toxapex|spe|1\n|\n|-weather|SunnyDay|[upkeep]\n|-heal|p1a: Milotic|100/100|[from] item: Leftovers\n|-heal|p2b: Toxapex|100/100|[from] item: Leftovers\n|upkeep\n|\n|t:|1788308543\n|switch|p1b: Kingambit|Kingambit, L50, F|100/100\n|turn|5\n|c|☆UltraVile|think pex just walls\n|inactive|UltraVile has 30 seconds left.\n|\n|t:|1788308569\n|switch|p2a: Charizard|Charizard-Mega-Y, L50, F|90/100\n|move|p1b: Kingambit|Sucker Punch||[still]\n|-fail|p1b: Kingambit\n|move|p1a: Milotic|Muddy Water|p2a: Charizard|[spread] p2b\n|-miss|p1a: Milotic|p2a: Charizard\n|-resisted|p2b: Toxapex|1\n|-damage|p2b: Toxapex|95/100\n|move|p2b: Toxapex|Toxic|p1a: Milotic\n|-status|p1a: Milotic|tox\n|\n|-weather|none\n|-heal|p2b: Toxapex|100/100|[from] item: Leftovers\n|-damage|p1a: Milotic|94/100 tox|[from] psn\n|upkeep\n|turn|6\n|c|☆Arnauthr|Maybe yeah who knows\n|\n|t:|1788308586\n|move|p2a: Charizard|Protect|p2a: Charizard\n|-singleturn|p2a: Charizard|Protect\n|move|p1a: Milotic|Muddy Water|p2a: Charizard|[spread] p2b\n|-activate|p2a: Charizard|move: Protect\n|-resisted|p2b: Toxapex|1\n|-damage|p2b: Toxapex|90/100\n|move|p1b: Kingambit|Kowtow Cleave|p2b: Toxapex\n|-damage|p2b: Toxapex|63/100\n|move|p2b: Toxapex|Infestation|p1a: Milotic\n|-crit|p1a: Milotic\n|-damage|p1a: Milotic|91/100 tox\n|-activate|p1a: Milotic|move: Infestation|[of] p2b: Toxapex\n|\n|-heal|p1a: Milotic|97/100 tox|[from] item: Leftovers\n|-heal|p2b: Toxapex|68/100|[from] item: Leftovers\n|-damage|p1a: Milotic|85/100 tox|[from] psn\n|-damage|p1a: Milotic|73/100 tox|[from] move: Infestation|[partiallytrapped]\n|upkeep\n|turn|7\n|inactive|Arnauthr has 30 seconds left.\n|\n|t:|1788308618\n|switch|p2a: Garchomp|Garchomp, L50, M|41/100\n|move|p1a: Milotic|Muddy Water|p2a: Garchomp|[spread] p2a,p2b\n|-resisted|p2b: Toxapex|1\n|-crit|p2b: Toxapex\n|-damage|p2a: Garchomp|11/100\n|-damage|p2b: Toxapex|54/100\n|-unboost|p2a: Garchomp|accuracy|1\n|-unboost|p2b: Toxapex|accuracy|1\n|move|p1b: Kingambit|Kowtow Cleave|p2a: Garchomp\n|-damage|p2a: Garchomp|0 fnt\n|-damage|p1b: Kingambit|87/100|[from] ability: Rough Skin|[of] p2a: Garchomp\n|faint|p2a: Garchomp\n|move|p2b: Toxapex|Infestation|p1b: Kingambit\n|-damage|p1b: Kingambit|85/100\n|-activate|p1b: Kingambit|move: Infestation|[of] p2b: Toxapex\n|\n|-heal|p1a: Milotic|79/100 tox|[from] item: Leftovers\n|-heal|p2b: Toxapex|59/100|[from] item: Leftovers\n|-damage|p1a: Milotic|61/100 tox|[from] psn\n|-damage|p1a: Milotic|49/100 tox|[from] move: Infestation|[partiallytrapped]\n|-damage|p1b: Kingambit|72/100|[from] move: Infestation|[partiallytrapped]\n|upkeep\n|c|☆UltraVile|milotic my goat tho, love her\n|inactive|Arnauthr has 30 seconds left.\n|\n|t:|1788308645\n|switch|p2a: Charizard|Charizard-Mega-Y, L50, F|90/100\n|-weather|SunnyDay|[from] ability: Drought|[of] p2a: Charizard\n|turn|8\n|inactive|Arnauthr has 30 seconds left.\n|\n|t:|1788308671\n|switch|p2a: Venusaur|Venusaur, L50, M|40/100\n|move|p2b: Toxapex|Baneful Bunker|p2b: Toxapex\n|-singleturn|p2b: Toxapex|move: Protect\n|move|p1b: Kingambit|Sucker Punch||[still]\n|-fail|p1b: Kingambit\n|move|p1a: Milotic|Muddy Water|p2a: Venusaur|[spread] \n|-activate|p2b: Toxapex|move: Protect\n|-miss|p1a: Milotic|p2a: Venusaur\n|\n|-weather|SunnyDay|[upkeep]\n|-heal|p1a: Milotic|54/100 tox|[from] item: Leftovers\n|-heal|p2b: Toxapex|65/100|[from] item: Leftovers\n|-damage|p1a: Milotic|31/100 tox|[from] psn\n|-damage|p1a: Milotic|18/100 tox|[from] move: Infestation|[partiallytrapped]\n|-damage|p1b: Kingambit|60/100|[from] move: Infestation|[partiallytrapped]\n|upkeep\n|turn|9\n|inactive|UltraVile has 30 seconds left.\n|inactive|Arnauthr has 30 seconds left.\n|c|☆UltraVile|dear God....I don't have protect on gambit\n|c|☆Arnauthr|xd\n|inactive|UltraVile has 20 seconds left.\n|\n|t:|1788308706\n|move|p1b: Kingambit|Sucker Punch|p2b: Toxapex\n|-damage|p2b: Toxapex|44/100\n|move|p2a: Venusaur|Sleep Powder|p1b: Kingambit\n|-status|p1b: Kingambit|slp|[from] move: Sleep Powder\n|move|p1a: Milotic|Icy Wind|p2a: Venusaur|[spread] p2a,p2b\n|-supereffective|p2a: Venusaur|1\n|-resisted|p2b: Toxapex|1\n|-damage|p2a: Venusaur|15/100\n|-damage|p2b: Toxapex|40/100\n|-unboost|p2a: Venusaur|spe|1\n|-unboost|p2b: Toxapex|spe|1\n|move|p2b: Toxapex|Infestation|p1b: Kingambit|[miss]\n|-miss|p2b: Toxapex|p1b: Kingambit\n|\n|-weather|SunnyDay|[upkeep]\n|-heal|p1a: Milotic|24/100 tox|[from] item: Leftovers\n|-heal|p2b: Toxapex|46/100|[from] item: Leftovers\n|-damage|p1a: Milotic|0 fnt|[from] psn\n|faint|p1a: Milotic\n|-damage|p1b: Kingambit|48/100 slp|[from] move: Infestation|[partiallytrapped]\n|upkeep\n|\n|t:|1788308724\n|switch|p1a: Incineroar|Incineroar, L50, M|100/100\n|-ability|p1a: Incineroar|Intimidate|boost\n|-unboost|p2a: Venusaur|atk|1\n|-unboost|p2b: Toxapex|atk|1\n|turn|10\n|\n|t:|1788308741\n|-heal|p2b: Toxapex|79/100|[from] ability: Regenerator|[silent]\n|switch|p2b: Charizard|Charizard-Mega-Y, L50, F|90/100\n|move|p2a: Venusaur|Protect|p2a: Venusaur\n|-singleturn|p2a: Venusaur|Protect\n|move|p1a: Incineroar|Fake Out|p2a: Venusaur\n|-activate|p2a: Venusaur|move: Protect\n|cant|p1b: Kingambit|slp\n|\n|-weather|SunnyDay|[upkeep]\n|-end|p1b: Kingambit|Infestation|[partiallytrapped]|[silent]\n|upkeep\n|turn|11\n|\n|t:|1788308764\n|cant|p1b: Kingambit|slp\n|move|p2a: Venusaur|Sleep Powder|p1a: Incineroar|[miss]\n|-miss|p2a: Venusaur|p1a: Incineroar\n|move|p2b: Charizard|Heat Wave|p1b: Kingambit|[spread] p1a,p1b\n|-resisted|p1a: Incineroar|1\n|-supereffective|p1b: Kingambit|1\n|-damage|p1a: Incineroar|74/100\n|-damage|p1b: Kingambit|0 fnt\n|faint|p1b: Kingambit\n|move|p1a: Incineroar|Parting Shot|p2b: Charizard\n|-unboost|p2b: Charizard|atk|1\n|-unboost|p2b: Charizard|spa|1\n|\n|-weather|SunnyDay|[upkeep]\n|upkeep\n|turn|12\n|\n|t:|1788308784\n|move|p1a: Incineroar|Protect|p1a: Incineroar\n|-singleturn|p1a: Incineroar|Protect\n|move|p2a: Venusaur|Earth Power|p1a: Incineroar\n|-activate|p1a: Incineroar|move: Protect\n|move|p2b: Charizard|Weather Ball|p1a: Incineroar\n|-activate|p1a: Incineroar|move: Protect\n|\n|-weather|none\n|upkeep\n|turn|13\n|\n|t:|1788308796\n|switch|p2b: Toxapex|Toxapex, L50, M|79/100\n|move|p2a: Venusaur|Protect|p2a: Venusaur\n|-singleturn|p2a: Venusaur|Protect\n|move|p1a: Incineroar|Flare Blitz|p2a: Venusaur\n|-activate|p2a: Venusaur|move: Protect\n|\n|-heal|p2b: Toxapex|85/100|[from] item: Leftovers\n|upkeep\n|turn|14\n|-message|UltraVile forfeited.\n|\n|win|Arnauthr\n","uploadtime":1788308439,"views":"0","formatid":"gen9championsvgc2026regmb","rating":null,"private":0,"password":null}