{"id":"gen9championsvgc2026regmbbo3-2673965617","format":"[Gen 9 Champions] VGC 2026 Reg M-B (Bo3)","players":["kigokigo","Magmortar_alt"],"log":"|j|☆kigokigo\n|j|☆Magmortar_alt\n|html|<table width=\"100%\"><tr><td align=\"left\">kigokigo</td><td align=\"right\">Magmortar_alt</tr><tr><td align=\"left\"><i class=\"fa fa-circle-o\"></i> <i class=\"fa fa-circle-o\"></i> </td><td align=\"right\"><i class=\"fa fa-circle-o\"></i> <i class=\"fa fa-circle-o\"></i> </tr></table>\n|uhtml|bestof|<h2><strong>Game 1</strong> of <a href=\"/game-bestof3-gen9championsvgc2026regmbbo3-2673965616\">a best-of-3</a></h2>\n|t:|1788282666\n|gametype|doubles\n|player|p1|kigokigo|102|1226\n|player|p2|Magmortar_alt|1|1273\n|gen|9\n|tier|[Gen 9 Champions] VGC 2026 Reg M-B (Bo3)\n|rated|\n|rule|Species Clause: Limit one of each Pokémon\n|rule|Item Clause: Limit 1 of each item\n|clearpoke\n|poke|p1|Staraptor, L50, F|\n|poke|p1|Whimsicott, L50, F|\n|poke|p1|Incineroar, L50, M|\n|poke|p1|Grimmsnarl, L50, M|\n|poke|p1|Clefable, L50, F|\n|poke|p1|Raichu, L50, F|\n|poke|p2|Raichu, L50, F|\n|poke|p2|Mamoswine, L50, M|\n|poke|p2|Sinistcha, L50|\n|poke|p2|Sylveon, L50, M|\n|poke|p2|Arcanine-Hisui, L50, F|\n|poke|p2|Meowscarada, L50, F|\n|teampreview|4\n|showteam|p1|Staraptor||Staraptite|Intimidate|CloseCombat,DualWingbeat,Roost,Protect|Jolly||F|||50|]Whimsicott||FocusSash|Prankster|Charm,Encore,Safeguard,Protect|Bold||F|||50|]Incineroar||SitrusBerry|Intimidate|PartingShot,FlareBlitz,Snarl,FakeOut|Calm||M|||50|]Grimmsnarl||LightClay|Prankster|LightScreen,Reflect,PartingShot,SpiritBreak|Calm||M|||50|]Clefable||Leftovers|Unaware|FollowMe,Moonlight,Charm,CosmicPower|Calm||F|||50|]Raichu||ShucaBerry|LightningRod|Charm,Encore,Protect,VoltSwitch|Timid||F|||50|\n|showteam|p2|Raichu||RaichuniteY|LightningRod|ZapCannon,FocusBlast,FakeOut,Protect|Timid||F|||50|]Mamoswine||LifeOrb|Oblivious|HighHorsepower,IcicleCrash,IceShard,Protect|Adamant||M|||50|]Sinistcha||ColburBerry|Hospitality|MatchaGotcha,RagePowder,TrickRoom,Protect|Bold|||||50|]Sylveon||FairyFeather|Pixilate|HyperVoice,HyperBeam,CalmMind,Detect|Modest||M|||50|]Arcanine-Hisui||FocusSash|Intimidate|FlareBlitz,RockSlide,ExtremeSpeed,Protect|Jolly||F|||50|]Meowscarada||ChoiceScarf|Protean|FlowerTrick,KnockOff,TripleAxel,AerialAce|Jolly||F|||50|\n|inactive|Battle timer is ON: inactive players will automatically lose when time's up. (requested by Magmortar_alt)\n|inactive|kigokigo has 60 seconds left.\n|inactive|Magmortar_alt has 60 seconds left.\n|\n|t:|1788282711\n|teamsize|p1|4\n|teamsize|p2|4\n|start\n|switch|p1a: Incineroar|Incineroar, L50, M|100/100\n|switch|p1b: Grimmsnarl|Grimmsnarl, L50, M|100/100\n|switch|p2a: Sylveon|Sylveon, L50, M|100/100\n|switch|p2b: Raichu|Raichu, L50, F|100/100\n|-ability|p1a: Incineroar|Intimidate|boost\n|-unboost|p2a: Sylveon|atk|1\n|-unboost|p2b: Raichu|atk|1\n|turn|1\n|inactive|kigokigo has 30 seconds left.\n|inactive|kigokigo has 20 seconds left.\n|inactive|kigokigo has 15 seconds left.\n|\n|t:|1788282754\n|detailschange|p2b: Raichu|Raichu-Mega-Y, L50, F\n|-mega|p2b: Raichu|Raichu|Raichunite Y\n|move|p2b: Raichu|Fake Out|p1a: Incineroar\n|-damage|p1a: Incineroar|95/100\n|move|p1b: Grimmsnarl|Light Screen|p1b: Grimmsnarl\n|-sidestart|p1: kigokigo|move: Light Screen\n|move|p2a: Sylveon|Calm Mind|p2a: Sylveon\n|-boost|p2a: Sylveon|spa|1\n|-boost|p2a: Sylveon|spd|1\n|cant|p1a: Incineroar|flinch\n|\n|upkeep\n|turn|2\n|inactive|Magmortar_alt has 30 seconds left.\n|\n|t:|1788282786\n|move|p2a: Sylveon|Detect|p2a: Sylveon\n|-singleturn|p2a: Sylveon|Protect\n|move|p2b: Raichu|Focus Blast|p1a: Incineroar\n|-supereffective|p1a: Incineroar|1\n|-damage|p1a: Incineroar|49/100\n|-enditem|p1a: Incineroar|Sitrus Berry|[eat]\n|-heal|p1a: Incineroar|74/100|[from] item: Sitrus Berry\n|move|p1b: Grimmsnarl|Spirit Break|p2a: Sylveon\n|-activate|p2a: Sylveon|move: Protect\n|move|p1a: Incineroar|Snarl|p2a: Sylveon|[spread] p2b\n|-activate|p2a: Sylveon|move: Protect\n|-damage|p2b: Raichu|85/100\n|-unboost|p2b: Raichu|spa|1\n|\n|upkeep\n|turn|3\n|\n|t:|1788282810\n|move|p2b: Raichu|Zap Cannon|p1b: Grimmsnarl\n|-damage|p1b: Grimmsnarl|78/100\n|-status|p1b: Grimmsnarl|par\n|move|p2a: Sylveon|Hyper Voice|p1a: Incineroar|[spread] p1a,p1b\n|-supereffective|p1b: Grimmsnarl|1\n|-damage|p1a: Incineroar|33/100\n|-damage|p1b: Grimmsnarl|1/100 par\n|move|p1a: Incineroar|Snarl|p2b: Raichu|[spread] p2a,p2b\n|-resisted|p2a: Sylveon|1\n|-damage|p2a: Sylveon|96/100\n|-damage|p2b: Raichu|71/100\n|-unboost|p2a: Sylveon|spa|1\n|-unboost|p2b: Raichu|spa|1\n|move|p1b: Grimmsnarl|Spirit Break|p2a: Sylveon\n|-damage|p2a: Sylveon|61/100\n|-unboost|p2a: Sylveon|spa|1\n|\n|upkeep\n|turn|4\n|\n|t:|1788282830\n|move|p1b: Grimmsnarl|Reflect|p1b: Grimmsnarl\n|-sidestart|p1: kigokigo|Reflect\n|move|p2b: Raichu|Focus Blast|p1a: Incineroar\n|-supereffective|p1a: Incineroar|1\n|-damage|p1a: Incineroar|11/100\n|move|p2a: Sylveon|Calm Mind|p2a: Sylveon\n|-boost|p2a: Sylveon|spa|1\n|-boost|p2a: Sylveon|spd|1\n|move|p1a: Incineroar|Snarl|p2a: Sylveon|[spread] p2a,p2b\n|-resisted|p2a: Sylveon|1\n|-damage|p2a: Sylveon|59/100\n|-damage|p2b: Raichu|56/100\n|-unboost|p2a: Sylveon|spa|1\n|-unboost|p2b: Raichu|spa|1\n|\n|upkeep\n|turn|5\n|\n|t:|1788282847\n|move|p2b: Raichu|Focus Blast|p1a: Incineroar\n|-supereffective|p1a: Incineroar|1\n|-damage|p1a: Incineroar|0 fnt\n|faint|p1a: Incineroar\n|move|p2a: Sylveon|Calm Mind|p2a: Sylveon\n|-boost|p2a: Sylveon|spa|1\n|-boost|p2a: Sylveon|spd|1\n|move|p1b: Grimmsnarl|Spirit Break|p2a: Sylveon\n|-damage|p2a: Sylveon|20/100y\n|-unboost|p2a: Sylveon|spa|1\n|\n|upkeep\n|\n|t:|1788282858\n|switch|p1a: Staraptor|Staraptor, L50, F|100/100\n|-ability|p1a: Staraptor|Intimidate|boost\n|-unboost|p2a: Sylveon|atk|1\n|-unboost|p2b: Raichu|atk|1\n|turn|6\n|\n|t:|1788282868\n|switch|p2b: Sinistcha|Sinistcha, L50|100/100\n|-heal|p2a: Sylveon|44/100|[from] ability: Hospitality|[of] p2b: Sinistcha\n|detailschange|p1a: Staraptor|Staraptor-Mega, L50, F\n|-mega|p1a: Staraptor|Staraptor|Staraptite\n|move|p2a: Sylveon|Detect|p2a: Sylveon\n|-singleturn|p2a: Sylveon|Protect\n|move|p1b: Grimmsnarl|Parting Shot|p1a: Staraptor\n|-boost|p1a: Staraptor|atk|1\n|-boost|p1a: Staraptor|spa|1\n|\n|t:|1788282877\n|switch|p1b: Raichu|Raichu, L50, F|100/100|[from] Parting Shot\n|move|p1a: Staraptor|Close Combat|p2a: Sylveon\n|-activate|p2a: Sylveon|move: Protect\n|\n|upkeep\n|turn|7\n|\n|t:|1788282896\n|move|p2b: Sinistcha|Rage Powder|p2b: Sinistcha\n|-singleturn|p2b: Sinistcha|move: Rage Powder\n|move|p1b: Raichu|Charm|p2b: Sinistcha\n|-unboost|p2b: Sinistcha|atk|2\n|move|p1a: Staraptor|Dual Wingbeat|p2b: Sinistcha\n|-supereffective|p2b: Sinistcha|1\n|-damage|p2b: Sinistcha|48/100\n|-supereffective|p2b: Sinistcha|1\n|-damage|p2b: Sinistcha|0 fnt\n|faint|p2b: Sinistcha\n|-hitcount|p2: Sinistcha|2\n|move|p2a: Sylveon|Hyper Voice|p1a: Staraptor|[spread] p1a,p1b\n|-supereffective|p1a: Staraptor|1\n|-damage|p1a: Staraptor|48/100\n|-damage|p1b: Raichu|73/100\n|\n|upkeep\n|\n|t:|1788282918\n|switch|p2b: Raichu|Raichu-Mega-Y, L50, F|56/100\n|turn|8\n|\n|t:|1788282933\n|move|p1b: Raichu|Protect|p1b: Raichu\n|-singleturn|p1b: Raichu|Protect\n|move|p1a: Staraptor|Protect|p1a: Staraptor\n|-singleturn|p1a: Staraptor|Protect\n|move|p2b: Raichu|Fake Out|p1a: Staraptor\n|-activate|p1a: Staraptor|move: Protect\n|move|p2a: Sylveon|Hyper Voice|p1b: Raichu|[spread] \n|-activate|p1a: Staraptor|move: Protect\n|-activate|p1b: Raichu|move: Protect\n|\n|-sideend|p1: kigokigo|move: Light Screen\n|upkeep\n|turn|9\n|\n|t:|1788282956\n|move|p2b: Raichu|Focus Blast|p1b: Raichu\n|-damage|p1b: Raichu|16/100\n|move|p1b: Raichu|Charm|p1a: Staraptor\n|-boost|p1a: Staraptor|atk|2\n|move|p1a: Staraptor|Close Combat|p2a: Sylveon\n|-resisted|p2a: Sylveon|1\n|-damage|p2a: Sylveon|0 fnt\n|-boost|p1a: Staraptor|def|1\n|-boost|p1a: Staraptor|spd|1\n|faint|p2a: Sylveon\n|\n|upkeep\n|\n|t:|1788282964\n|switch|p2a: Mamoswine|Mamoswine, L50, M|100/100\n|turn|10\n|\n|t:|1788282987\n|move|p1b: Raichu|Protect|p1b: Raichu\n|-singleturn|p1b: Raichu|Protect\n|move|p2a: Mamoswine|Ice Shard|p1b: Raichu\n|-activate|p1b: Raichu|move: Protect\n|move|p2b: Raichu|Zap Cannon|p1b: Raichu\n|-activate|p1b: Raichu|ability: Lightning Rod\n|-activate|p1b: Raichu|move: Protect\n|move|p1a: Staraptor|Close Combat|p2a: Mamoswine\n|-supereffective|p2a: Mamoswine|1\n|-damage|p2a: Mamoswine|0 fnt\n|-boost|p1a: Staraptor|def|1\n|-boost|p1a: Staraptor|spd|1\n|faint|p2a: Mamoswine\n|\n|upkeep\n|turn|11\n|inactive|kigokigo has 30 seconds left.\n|\n|t:|1788283019\n|move|p2b: Raichu|Focus Blast|p1a: Staraptor\n|-resisted|p1a: Staraptor|1\n|-damage|p1a: Staraptor|36/100\n|move|p1b: Raichu|Charm|p1a: Staraptor\n|-boost|p1a: Staraptor|atk|2\n|move|p1a: Staraptor|Close Combat|p2b: Raichu\n|-damage|p2b: Raichu|0 fnt\n|-boost|p1a: Staraptor|def|1\n|-boost|p1a: Staraptor|spd|1\n|faint|p2b: Raichu\n|\n|win|kigokigo\n","uploadtime":1788283021,"views":"3","formatid":"gen9championsvgc2026regmbbo3","rating":null,"private":0,"password":null}