{"id":"gen9championsvgc2026regmb-2674253813","format":"[Gen 9 Champions] VGC 2026 Reg M-B","players":["simpsongamers","Thornlace48812"],"log":"|j|☆simpsongamers\n|j|☆Thornlace48812\n|t:|1788324152\n|gametype|doubles\n|player|p1|simpsongamers|101|1040\n|player|p2|Thornlace48812|1|1017\n|gen|9\n|tier|[Gen 9 Champions] VGC 2026 Reg M-B\n|rated|\n|rule|Species Clause: Limit one of each Pokémon\n|rule|Item Clause: Limit 1 of each item\n|clearpoke\n|poke|p1|Mawile, L50, F|\n|poke|p1|Farigiraf, L50, F|\n|poke|p1|Torkoal, L50, F|\n|poke|p1|Kangaskhan, L50, F|\n|poke|p1|Typhlosion-Hisui, L50, M|\n|poke|p1|Venusaur, L50, F|\n|poke|p2|Garchomp, L50, M|\n|poke|p2|Charizard, L50, F|\n|poke|p2|Whimsicott, L50, M|\n|poke|p2|Sylveon, L50, M|\n|poke|p2|Kingambit, L50, F|\n|poke|p2|Basculegion, L50, M|\n|teampreview|4\n|inactive|Battle timer is ON: inactive players will automatically lose when time's up. (requested by Thornlace48812)\nThornlace48812 rejected open team sheets.\n|\n|t:|1788324179\n|teamsize|p1|4\n|teamsize|p2|4\n|start\n|switch|p1a: Kangaskhan|Kangaskhan, L50, F|100/100\n|switch|p1b: Typhlosion|Typhlosion-Hisui, L50, M|100/100\n|switch|p2a: Charizard|Charizard, L50, F|100/100\n|switch|p2b: Whimsicott|Whimsicott, L50, M|100/100\n|turn|1\n|\n|t:|1788324196\n|detailschange|p2a: Charizard|Charizard-Mega-Y, L50, F\n|-mega|p2a: Charizard|Charizard|Charizardite Y\n|-weather|SunnyDay|[from] ability: Drought|[of] p2a: Charizard\n|move|p1a: Kangaskhan|Fake Out|p2b: Whimsicott\n|-damage|p2b: Whimsicott|67/100\n|cant|p2b: Whimsicott|flinch\n|move|p1b: Typhlosion|Eruption|p2b: Whimsicott|[spread] p2a,p2b\n|-resisted|p2a: Charizard|1\n|-supereffective|p2b: Whimsicott|1\n|-damage|p2a: Charizard|52/100\n|-damage|p2b: Whimsicott|0 fnt\n|faint|p2b: Whimsicott\n|move|p2a: Charizard|Heat Wave|p1a: Kangaskhan|[spread] p1a,p1b\n|-resisted|p1b: Typhlosion|1\n|-damage|p1a: Kangaskhan|30/100\n|-damage|p1b: Typhlosion|54/100\n|\n|-weather|SunnyDay|[upkeep]\n|upkeep\n|\n|t:|1788324197\n|switch|p2b: Sylveon|Sylveon, L50, M|100/100\n|turn|2\n|inactive|simpsongamers has 30 seconds left.\n|inactive|simpsongamers has 20 seconds left.\n|inactive|simpsongamers has 15 seconds left.\n|inactive|simpsongamers has 10 seconds left.\n|\n|t:|1788324247\n|move|p2b: Sylveon|Detect|p2b: Sylveon\n|-singleturn|p2b: Sylveon|Protect\n|move|p1b: Typhlosion|Eruption|p2b: Sylveon|[spread] p2a\n|-activate|p2b: Sylveon|move: Protect\n|-resisted|p2a: Charizard|1\n|-damage|p2a: Charizard|26/100\n|move|p2a: Charizard|Heat Wave|p1b: Typhlosion|[spread] p1a,p1b\n|-resisted|p1b: Typhlosion|1\n|-damage|p1a: Kangaskhan|0 fnt\n|-damage|p1b: Typhlosion|8/100\n|faint|p1a: Kangaskhan\n|\n|-weather|SunnyDay|[upkeep]\n|upkeep\n|\n|t:|1788324260\n|switch|p1a: Mawile|Mawile, L50, F|100/100\n|turn|3\n|\n|t:|1788324267\n|detailschange|p1a: Mawile|Mawile-Mega, L50, F\n|-mega|p1a: Mawile|Mawile|Mawilite\n|move|p1a: Mawile|Sucker Punch|p2a: Charizard\n|-damage|p2a: Charizard|0 fnt\n|faint|p2a: Charizard\n|move|p1b: Typhlosion|Eruption|p2b: Sylveon\n|-damage|p2b: Sylveon|88/100\n|move|p2b: Sylveon|Hyper Voice|p1a: Mawile|[spread] p1a,p1b\n|-resisted|p1a: Mawile|1\n|-resisted|p1b: Typhlosion|1\n|-damage|p1a: Mawile|69/100\n|-damage|p1b: Typhlosion|0 fnt\n|faint|p1b: Typhlosion\n|\n|-weather|SunnyDay|[upkeep]\n|upkeep\n|\n|t:|1788324280\n|switch|p1b: Farigiraf|Farigiraf, L50, F|100/100\n|switch|p2a: Basculegion|Basculegion, L50, M|100/100\n|turn|4\n|\n|t:|1788324296\n|move|p1b: Farigiraf|Protect|p1b: Farigiraf\n|-singleturn|p1b: Farigiraf|Protect\n|move|p1a: Mawile|Sucker Punch|p2a: Basculegion\n|-supereffective|p2a: Basculegion|1\n|-damage|p2a: Basculegion|0 fnt\n|faint|p2a: Basculegion\n|move|p2b: Sylveon|Hyper Voice|p1a: Mawile|[spread] p1a\n|-activate|p1b: Farigiraf|move: Protect\n|-resisted|p1a: Mawile|1\n|-damage|p1a: Mawile|40/100\n|\n|-weather|SunnyDay|[upkeep]\n|upkeep\n|turn|5\n|\n|t:|1788324309\n|move|p2b: Sylveon|Hyper Voice|p1b: Farigiraf|[spread] p1a,p1b\n|-resisted|p1a: Mawile|1\n|-damage|p1a: Mawile|11/100\n|-damage|p1b: Farigiraf|50/100y\n|-enditem|p1b: Farigiraf|Sitrus Berry|[eat]\n|-heal|p1b: Farigiraf|74/100|[from] item: Sitrus Berry\n|move|p1b: Farigiraf|Hyper Voice|p2b: Sylveon\n|-damage|p2b: Sylveon|62/100\n|move|p1a: Mawile|Play Rough|p2b: Sylveon\n|-damage|p2b: Sylveon|0 fnt\n|faint|p2b: Sylveon\n|\n|win|simpsongamers\n|raw|simpsongamers's rating: 1040 &rarr; <strong>1082</strong><br />(+42 for winning)\n|raw|Thornlace48812's rating: 1128 &rarr; <strong>1097</strong><br />(-31 for losing)\n","uploadtime":1788324310,"views":"4","formatid":"gen9championsvgc2026regmb","rating":1082,"private":0,"password":null}