{"id":"gen9championsvgc2026regmb-2674064544","format":"[Gen 9 Champions] VGC 2026 Reg M-B","players":["raineyatwork","galenstor"],"log":"|j|☆raineyatwork\n|j|☆galenstor\n|t:|1788294378\n|gametype|doubles\n|player|p1|raineyatwork|101|1297\n|player|p2|galenstor|1|1281\n|gen|9\n|tier|[Gen 9 Champions] VGC 2026 Reg M-B\n|rated|\n|rule|Species Clause: Limit one of each Pokémon\n|rule|Item Clause: Limit 1 of each item\n|clearpoke\n|poke|p1|Metagross, L50|\n|poke|p1|Blaziken, L50, M|\n|poke|p1|Tsareena, L50, F|\n|poke|p1|Kingambit, L50, M|\n|poke|p1|Swampert, L50, M|\n|poke|p1|Pelipper, L50, F|\n|poke|p2|Chesnaught, L50, M, shiny|\n|poke|p2|Vaporeon, L50, M|\n|poke|p2|Skeledirge, L50, M|\n|poke|p2|Dragonite, L50, M|\n|poke|p2|Jolteon, L50, F|\n|poke|p2|Kingambit, L50, F|\n|teampreview|4\n|inactive|Battle timer is ON: inactive players will automatically lose when time's up. (requested by raineyatwork)\n|\n|t:|1788294410\n|teamsize|p1|4\n|teamsize|p2|4\n|start\n|switch|p1a: Blaziken|Blaziken, L50, M|100/100\n|switch|p1b: Swampert|Swampert, L50, M|100/100\n|switch|p2a: Jolteon|Jolteon, L50, F|100/100\n|switch|p2b: Alex|Vaporeon, L50, M|100/100\n|turn|1\n|\n|t:|1788294426\n|switch|p2a: Draco|Dragonite, L50, M|100/100\n|detailschange|p1b: Swampert|Swampert-Mega, L50, M\n|-mega|p1b: Swampert|Swampert|Swampertite\n|move|p1a: Blaziken|Coaching|p1b: Swampert\n|-boost|p1b: Swampert|atk|1\n|-boost|p1b: Swampert|def|1\n|move|p1b: Swampert|High Horsepower|p2a: Draco\n|-immune|p2a: Draco\n|move|p2b: Alex|Scald|p1a: Blaziken\n|-supereffective|p1a: Blaziken|1\n|-enditem|p1a: Blaziken|Focus Sash\n|-damage|p1a: Blaziken|1/100\n|\n|-ability|p1a: Blaziken|Speed Boost|boost\n|-boost|p1a: Blaziken|spe|1\n|upkeep\n|turn|2\n|inactive|galenstor has 30 seconds left.\n|\n|t:|1788294454\n|detailschange|p2a: Draco|Dragonite-Mega, L50, M\n|-mega|p2a: Draco|Dragonite|Dragoninite\n|move|p1a: Blaziken|Detect|p1a: Blaziken\n|-singleturn|p1a: Blaziken|Protect\n|move|p2a: Draco|Draco Meteor|p1b: Swampert\n|-damage|p1b: Swampert|37/100\n|-unboost|p2a: Draco|spa|2\n|move|p1b: Swampert|Ice Punch|p2a: Draco\n|-supereffective|p2a: Draco|2\n|-damage|p2a: Draco|16/100\n|move|p2b: Alex|Scald|p1b: Swampert\n|-damage|p1b: Swampert|6/100\n|\n|-ability|p1a: Blaziken|Speed Boost|boost\n|-boost|p1a: Blaziken|spe|1\n|upkeep\n|turn|3\n|\n|t:|1788294477\n|move|p1a: Blaziken|Overheat|p2a: Draco\n|-resisted|p2a: Draco|1\n|-damage|p2a: Draco|0 fnt\n|-unboost|p1a: Blaziken|spa|2\n|faint|p2a: Draco\n|move|p1b: Swampert|High Horsepower|p2b: Alex|[miss]\n|-miss|p1b: Swampert|p2b: Alex\n|move|p2b: Alex|Scald|p1b: Swampert\n|-damage|p1b: Swampert|0 fnt\n|faint|p1b: Swampert\n|\n|-ability|p1a: Blaziken|Speed Boost|boost\n|-boost|p1a: Blaziken|spe|1\n|upkeep\n|\n|t:|1788294490\n|switch|p2a: Jolteon|Jolteon, L50, F|100/100\n|switch|p1b: Tsareena|Tsareena, L50, F|100/100\n|turn|4\n|\n|t:|1788294503\n|move|p2b: Alex|Protect|p2b: Alex\n|-singleturn|p2b: Alex|Protect\n|move|p1a: Blaziken|Coaching|p1b: Tsareena\n|-boost|p1b: Tsareena|atk|1\n|-boost|p1b: Tsareena|def|1\n|move|p1b: Tsareena|Trop Kick|p2a: Jolteon\n|-damage|p2a: Jolteon|0 fnt\n|faint|p2a: Jolteon\n|\n|-ability|p1a: Blaziken|Speed Boost|boost\n|-boost|p1a: Blaziken|spe|1\n|upkeep\n|\n|t:|1788294514\n|switch|p2a: Davi|Chesnaught, L50, M, shiny|100/100\n|turn|5\n|\n|t:|1788294536\n|move|p2a: Davi|Spiky Shield|p2a: Davi\n|-singleturn|p2a: Davi|move: Protect\n|move|p1a: Blaziken|Overheat|p2a: Davi\n|-activate|p2a: Davi|move: Protect\n|move|p1b: Tsareena|Trop Kick|p2b: Alex\n|-supereffective|p2b: Alex|1\n|-damage|p2b: Alex|0 fnt\n|faint|p2b: Alex\n|\n|-ability|p1a: Blaziken|Speed Boost|boost\n|-boost|p1a: Blaziken|spe|1\n|upkeep\n|turn|6\n|\n|t:|1788294553\n|move|p1a: Blaziken|Overheat|p2a: Davi\n|-supereffective|p2a: Davi|1\n|-damage|p2a: Davi|3/100\n|-unboost|p1a: Blaziken|spa|2\n|move|p1b: Tsareena|Trop Kick|p2a: Davi\n|-resisted|p2a: Davi|1\n|-damage|p2a: Davi|0 fnt\n|faint|p2a: Davi\n|\n|win|raineyatwork\n|raw|raineyatwork's rating: 1297 &rarr; <strong>1321</strong><br />(+24 for winning)\n|raw|galenstor's rating: 1281 &rarr; <strong>1257</strong><br />(-24 for losing)\n|l|☆galenstor\n|player|p2|\n","uploadtime":1788294564,"views":"8","formatid":"gen9championsvgc2026regmb","rating":1257,"private":0,"password":null}