{"id":"gen9championsvgc2026regmb-2674899718","format":"[Gen 9 Champions] VGC 2026 Reg M-B","players":["Yo_Asta","kimi le tonitruant"],"log":"|j|☆Yo_Asta\n|j|☆kimi le tonitruant\n|t:|1788432177\n|gametype|doubles\n|player|p1|Yo_Asta|linebacker|1228\n|player|p2|kimi le tonitruant|roxie|1210\n|gen|9\n|tier|[Gen 9 Champions] VGC 2026 Reg M-B\n|rated|\n|rule|Species Clause: Limit one of each Pokémon\n|rule|Item Clause: Limit 1 of each item\n|clearpoke\n|poke|p1|Farigiraf, L50, F|\n|poke|p1|Arcanine-Hisui, L50, M, shiny|\n|poke|p1|Sylveon, L50, M|\n|poke|p1|Staraptor, L50, F|\n|poke|p1|Raichu, L50, M|\n|poke|p1|Kingambit, L50, F|\n|poke|p2|Camerupt, L50, M|\n|poke|p2|Slowking, L50, M|\n|poke|p2|Sinistcha, L50|\n|poke|p2|Sneasler, L50, F|\n|poke|p2|Houndoom, L50, M|\n|poke|p2|Ninetales, L50, F|\n|teampreview|4\nYo_Asta rejected open team sheets.\n|inactive|Battle timer is ON: inactive players will automatically lose when time's up. (requested by Yo_Asta)\n|\n|t:|1788432203\n|teamsize|p1|4\n|teamsize|p2|4\n|start\n|switch|p1a: Farigiraf|Farigiraf, L50, F|100/100\n|switch|p1b: Raichu|Raichu, L50, M|100/100\n|switch|p2a: Slowking|Slowking, L50, M|100/100\n|switch|p2b: Sneasler|Sneasler, L50, F|100/100\n|turn|1\n|\n|t:|1788432217\n|detailschange|p1b: Raichu|Raichu-Mega-Y, L50, M\n|-mega|p1b: Raichu|Raichu|Raichunite Y\n|move|p1b: Raichu|Zap Cannon|p2a: Slowking\n|-supereffective|p2a: Slowking|1\n|-damage|p2a: Slowking|28/100\n|-status|p2a: Slowking|par\n|move|p2b: Sneasler|U-turn|p1a: Farigiraf\n|-supereffective|p1a: Farigiraf|1\n|-damage|p1a: Farigiraf|46/100\n|-enditem|p1a: Farigiraf|Sitrus Berry|[eat]\n|-heal|p1a: Farigiraf|70/100|[from] item: Sitrus Berry\n|\n|t:|1788432228\n|switch|p2b: Camerupt|Camerupt, L50, M|100/100|[from] U-turn\n|move|p1a: Farigiraf|Psychic|p2b: Camerupt\n|-damage|p2b: Camerupt|57/100\n|move|p2a: Slowking|Trick Room|p2a: Slowking\n|-fieldstart|move: Trick Room|[of] p2a: Slowking\n|\n|upkeep\n|turn|2\n|\n|t:|1788432242\n|detailschange|p2b: Camerupt|Camerupt-Mega, L50, M\n|-mega|p2b: Camerupt|Camerupt|Cameruptite\n|move|p1b: Raichu|Protect|p1b: Raichu\n|-singleturn|p1b: Raichu|Protect\n|move|p2a: Slowking|Sunny Day|p2a: Slowking\n|-weather|SunnyDay\n|move|p2b: Camerupt|Heat Wave|p1a: Farigiraf|[spread] p1a\n|-activate|p1b: Raichu|move: Protect\n|-damage|p1a: Farigiraf|14/100\n|move|p1a: Farigiraf|Trick Room|p1a: Farigiraf\n|-fieldend|move: Trick Room\n|\n|-weather|SunnyDay|[upkeep]\n|upkeep\n|turn|3\n|\n|t:|1788432257\n|move|p1b: Raichu|Zap Cannon|p2a: Slowking\n|-supereffective|p2a: Slowking|1\n|-damage|p2a: Slowking|0 fnt\n|faint|p2a: Slowking\n|move|p1a: Farigiraf|Psychic|p2b: Camerupt\n|-damage|p2b: Camerupt|23/100\n|move|p2b: Camerupt|Heat Wave|p1b: Raichu|[spread] p1a,p1b\n|-damage|p1a: Farigiraf|0 fnt\n|-damage|p1b: Raichu|0 fnt\n|faint|p1a: Farigiraf\n|faint|p1b: Raichu\n|\n|-weather|SunnyDay|[upkeep]\n|upkeep\n|\n|t:|1788432271\n|switch|p1b: Kingambit|Kingambit, L50, F|100/100\n|switch|p1a: Arcanine|Arcanine-Hisui, L50, M, shiny|100/100\n|switch|p2a: Sinistcha|Sinistcha, L50|100/100\n|-heal|p2b: Camerupt|48/100|[from] ability: Hospitality|[of] p2a: Sinistcha\n|turn|4\n|\n|t:|1788432295\n|move|p2a: Sinistcha|Rage Powder|p2a: Sinistcha\n|-singleturn|p2a: Sinistcha|move: Rage Powder\n|move|p1a: Arcanine|Head Smash|p2a: Sinistcha\n|-damage|p2a: Sinistcha|48/100\n|move|p1b: Kingambit|Kowtow Cleave|p2a: Sinistcha\n|-supereffective|p2a: Sinistcha|1\n|-damage|p2a: Sinistcha|0 fnt\n|faint|p2a: Sinistcha\n|-damage|p1b: Kingambit|90/100|[from] item: Life Orb\n|move|p2b: Camerupt|Earth Power|p1a: Arcanine\n|-supereffective|p1a: Arcanine|2\n|-enditem|p1a: Arcanine|Focus Sash\n|-damage|p1a: Arcanine|1/100\n|\n|-weather|SunnyDay|[upkeep]\n|upkeep\n|\n|t:|1788432311\n|switch|p2a: Sneasler|Sneasler, L50, F|100/100\n|turn|5\n|\n|t:|1788432327\n|move|p1a: Arcanine|Protect|p1a: Arcanine\n|-singleturn|p1a: Arcanine|Protect\n|move|p1b: Kingambit|Protect|p1b: Kingambit\n|-singleturn|p1b: Kingambit|Protect\n|move|p2a: Sneasler|Close Combat|p1b: Kingambit\n|-activate|p1b: Kingambit|move: Protect\n|move|p2b: Camerupt|Earth Power|p1a: Arcanine\n|-activate|p1a: Arcanine|move: Protect\n|\n|-weather|SunnyDay|[upkeep]\n|upkeep\n|turn|6\n|\n|t:|1788432345\n|move|p1b: Kingambit|Sucker Punch|p2b: Camerupt\n|-crit|p2b: Camerupt\n|-damage|p2b: Camerupt|0 fnt\n|faint|p2b: Camerupt\n|-damage|p1b: Kingambit|80/100|[from] item: Life Orb\n|move|p2a: Sneasler|Close Combat|p1b: Kingambit\n|-supereffective|p1b: Kingambit|2\n|-damage|p1b: Kingambit|0 fnt\n|-unboost|p2a: Sneasler|def|1\n|-unboost|p2a: Sneasler|spd|1\n|faint|p1b: Kingambit\n|move|p1a: Arcanine|Flare Blitz|p2a: Sneasler\n|-enditem|p2a: Sneasler|Focus Sash\n|-damage|p2a: Sneasler|1/100\n|\n|-weather|none\n|upkeep\n|turn|7\n|\n|t:|1788432364\n|move|p1a: Arcanine|Extreme Speed|p2a: Sneasler\n|-damage|p2a: Sneasler|0 fnt\n|faint|p2a: Sneasler\n|\n|win|Yo_Asta\n|raw|Yo_Asta's rating: 1228 &rarr; <strong>1252</strong><br />(+24 for winning)\n|raw|kimi le tonitruant's rating: 1210 &rarr; <strong>1186</strong><br />(-24 for losing)\n|l|☆kimi le tonitruant\n|player|p2|\n","uploadtime":1788432376,"views":"1","formatid":"gen9championsvgc2026regmb","rating":1186,"private":0,"password":null}