{"id":"gen9championsvgc2026regmbbo3-2673958497","format":"[Gen 9 Champions] VGC 2026 Reg M-B (Bo3)","players":["marcio1428","echoes630"],"log":"|j|☆marcio1428\n|j|☆echoes630\n|html|<table width=\"100%\"><tr><td align=\"left\">marcio1428</td><td align=\"right\">echoes630</tr><tr><td align=\"left\"><i class=\"fa fa-circle-o\"></i> <i class=\"fa fa-circle-o\"></i> </td><td align=\"right\"><i class=\"fa fa-circle-o\"></i> <i class=\"fa fa-circle-o\"></i> </tr></table>\n|uhtml|bestof|<h2><strong>Game 1</strong> of <a href=\"/game-bestof3-gen9championsvgc2026regmbbo3-2673958496\">a best-of-3</a></h2>\n|t:|1788281817\n|gametype|doubles\n|player|p1|marcio1428|2|1104\n|player|p2|echoes630|2|1209\n|gen|9\n|tier|[Gen 9 Champions] VGC 2026 Reg M-B (Bo3)\n|rated|\n|rule|Species Clause: Limit one of each Pokémon\n|rule|Item Clause: Limit 1 of each item\n|clearpoke\n|poke|p1|Staraptor, L50, F|\n|poke|p1|Whimsicott, L50, F|\n|poke|p1|Gholdengo, L50|\n|poke|p1|Farigiraf, L50, M|\n|poke|p1|Excadrill, L50, M|\n|poke|p1|Tyranitar, L50, F|\n|poke|p2|Raichu, L50, F|\n|poke|p2|Sneasler, L50, F|\n|poke|p2|Sinistcha, L50|\n|poke|p2|Gholdengo, L50|\n|poke|p2|Garchomp, L50, F|\n|poke|p2|Gyarados, L50, F|\n|teampreview|4\n|showteam|p1|Staraptor||Staraptite|Intimidate|BraveBird,CloseCombat,Tailwind,Protect|Jolly||F|||50|]Whimsicott||FocusSash|Prankster|Moonblast,Charm,Tailwind,Encore|Timid||F|||50|]Gholdengo||LifeOrb|GoodasGold|MakeItRain,ShadowBall,PowerGem,Protect|Timid|||||50|]Farigiraf||SitrusBerry|ArmorTail|Psychic,Thunderbolt,TrickRoom,NastyPlot|Bold||M|||50|]Excadrill||ExpertBelt|SandRush|Earthquake,IronHead,HighHorsepower,Protect|Adamant||M|||50|]Tyranitar||ChopleBerry|SandStream|RockSlide,KnockOff,LowKick,Protect|Adamant||F|||50|\n|showteam|p2|Raichu||RaichuniteY|LightningRod|ZapCannon,FocusBlast,FakeOut,Protect|Timid||F|||50|]Sneasler||FocusSash|PoisonTouch|FakeOut,CloseCombat,DireClaw,Protect|Jolly||F|||50|]Sinistcha||OccaBerry|Hospitality|MatchaGotcha,RagePowder,TrickRoom,Protect|Bold|||||50|]Gholdengo||SpellTag|GoodasGold|MakeItRain,ShadowBall,NastyPlot,Protect|Modest|||||50|]Garchomp||LifeOrb|RoughSkin|DragonClaw,Earthquake,RockSlide,Protect|Jolly||F|||50|]Gyarados||Gyaradosite|Intimidate|Waterfall,Crunch,Protect,DragonDance|Jolly||F|||50|\n|\n|t:|1788281882\n|teamsize|p1|4\n|teamsize|p2|4\n|start\n|switch|p1a: Staraptor|Staraptor, L50, F|100/100\n|switch|p1b: Whimsicott|Whimsicott, L50, F|100/100\n|switch|p2a: Raichu|Raichu, L50, F|100/100\n|switch|p2b: Gyarados|Gyarados, L50, F|100/100\n|-ability|p1a: Staraptor|Intimidate|boost\n|-unboost|p2a: Raichu|atk|1\n|-unboost|p2b: Gyarados|atk|1\n|-ability|p2b: Gyarados|Intimidate|boost\n|-unboost|p1a: Staraptor|atk|1\n|-unboost|p1b: Whimsicott|atk|1\n|turn|1\n|\n|t:|1788281940\n|detailschange|p1a: Staraptor|Staraptor-Mega, L50, F\n|-mega|p1a: Staraptor|Staraptor|Staraptite\n|move|p2a: Raichu|Fake Out|p1a: Staraptor\n|-damage|p1a: Staraptor|93/100\n|move|p1b: Whimsicott|Charm|p1a: Staraptor\n|-boost|p1a: Staraptor|atk|2\n|cant|p1a: Staraptor|flinch\n|move|p2b: Gyarados|Dragon Dance|p2b: Gyarados\n|-boost|p2b: Gyarados|atk|1\n|-boost|p2b: Gyarados|spe|1\n|\n|upkeep\n|turn|2\n|\n|t:|1788281960\n|switch|p2a: Sinistcha|Sinistcha, L50|100/100\n|move|p1b: Whimsicott|Tailwind|p1b: Whimsicott\n|-sidestart|p1: marcio1428|move: Tailwind\n|move|p1a: Staraptor|Close Combat|p2a: Sinistcha\n|-immune|p2a: Sinistcha\n|move|p2b: Gyarados|Waterfall|p1a: Staraptor\n|-damage|p1a: Staraptor|56/100\n|\n|upkeep\n|turn|3\n|\n|t:|1788281982\n|move|p1b: Whimsicott|Charm|p2b: Gyarados\n|-unboost|p2b: Gyarados|atk|2\n|move|p1a: Staraptor|Close Combat|p2b: Gyarados\n|-resisted|p2b: Gyarados|1\n|-damage|p2b: Gyarados|44/100\n|-boost|p1a: Staraptor|def|1\n|-boost|p1a: Staraptor|spd|1\n|move|p2b: Gyarados|Waterfall|p1a: Staraptor\n|-damage|p1a: Staraptor|43/100\n|move|p2a: Sinistcha|Trick Room|p2a: Sinistcha\n|-fieldstart|move: Trick Room|[of] p2a: Sinistcha\n|\n|upkeep\n|turn|4\n|\n|t:|1788282017\n|switch|p2a: Garchomp|Garchomp, L50, F|100/100\n|move|p2b: Gyarados|Protect|p2b: Gyarados\n|-singleturn|p2b: Gyarados|Protect\n|move|p1a: Staraptor|Brave Bird|p2a: Garchomp\n|-damage|p2a: Garchomp|0 fnt\n|-damage|p1a: Staraptor|31/100|[from] ability: Rough Skin|[of] p2a: Garchomp\n|faint|p2a: Garchomp\n|-damage|p1a: Staraptor|0 fnt|[from] Recoil\n|faint|p1a: Staraptor\n|move|p1b: Whimsicott|Moonblast|p2b: Gyarados\n|-activate|p2b: Gyarados|move: Protect\n|\n|upkeep\n|\n|t:|1788282031\n|switch|p2a: Sinistcha|Sinistcha, L50|100/100\n|switch|p1a: Farigiraf|Farigiraf, L50, M|100/100\n|-heal|p2b: Gyarados|69/100|[from] ability: Hospitality|[of] p2a: Sinistcha\n|turn|5\n|\n|t:|1788282048\n|switch|p2b: Raichu|Raichu, L50, F|100/100\n|move|p2a: Sinistcha|Matcha Gotcha|p1a: Farigiraf|[spread] p1a,p1b\n|-resisted|p1b: Whimsicott|1\n|-damage|p1a: Farigiraf|76/100\n|-damage|p1b: Whimsicott|81/100\n|move|p1a: Farigiraf|Nasty Plot|p1a: Farigiraf\n|-boost|p1a: Farigiraf|spa|2\n|move|p1b: Whimsicott|Moonblast|p2b: Raichu\n|-damage|p2b: Raichu|55/100\n|\n|-sideend|p1: marcio1428|move: Tailwind\n|upkeep\n|turn|6\n|\n|t:|1788282071\n|detailschange|p2b: Raichu|Raichu-Mega-Y, L50, F\n|-mega|p2b: Raichu|Raichu|Raichunite Y\n|move|p2a: Sinistcha|Rage Powder|p2a: Sinistcha\n|-singleturn|p2a: Sinistcha|move: Rage Powder\n|move|p1a: Farigiraf|Psychic|p2a: Sinistcha\n|-damage|p2a: Sinistcha|21/100\n|move|p1b: Whimsicott|Moonblast|p2b: Raichu\n|-damage|p2b: Raichu|11/100\n|move|p2b: Raichu|Zap Cannon|p1b: Whimsicott\n|-resisted|p1b: Whimsicott|1\n|-damage|p1b: Whimsicott|29/100\n|-status|p1b: Whimsicott|par\n|\n|upkeep\n|turn|7\n|\n|t:|1788282085\n|move|p2b: Raichu|Protect|p2b: Raichu\n|-singleturn|p2b: Raichu|Protect\n|move|p1a: Farigiraf|Psychic|p2b: Raichu\n|-activate|p2b: Raichu|move: Protect\n|move|p2a: Sinistcha|Matcha Gotcha|p1a: Farigiraf|[spread] p1a,p1b\n|-resisted|p1b: Whimsicott|1\n|-damage|p1a: Farigiraf|53/100\n|-heal|p2a: Sinistcha|36/100|[from] drain|[of] p1a: Farigiraf\n|-damage|p1b: Whimsicott|9/100 par\n|-heal|p2a: Sinistcha|44/100|[from] drain|[of] p1b: Whimsicott\n|move|p1b: Whimsicott|Moonblast|p2b: Raichu\n|-activate|p2b: Raichu|move: Protect\n|\n|-fieldend|move: Trick Room\n|upkeep\n|turn|8\n|\n|t:|1788282109\n|move|p2a: Sinistcha|Rage Powder|p2a: Sinistcha\n|-singleturn|p2a: Sinistcha|move: Rage Powder\n|move|p1b: Whimsicott|Tailwind|p1b: Whimsicott\n|-sidestart|p1: marcio1428|move: Tailwind\n|move|p2b: Raichu|Zap Cannon|p1a: Farigiraf\n|-damage|p1a: Farigiraf|1/100\n|-status|p1a: Farigiraf|par\n|-enditem|p1a: Farigiraf|Sitrus Berry|[eat]\n|-heal|p1a: Farigiraf|25/100 par|[from] item: Sitrus Berry\n|move|p1a: Farigiraf|Psychic|p2a: Sinistcha\n|-damage|p2a: Sinistcha|0 fnt\n|faint|p2a: Sinistcha\n|\n|upkeep\n|\n|t:|1788282114\n|switch|p2a: Gyarados|Gyarados, L50, F|69/100\n|-ability|p2a: Gyarados|Intimidate|boost\n|-unboost|p1a: Farigiraf|atk|1\n|-unboost|p1b: Whimsicott|atk|1\n|turn|9\n|\n|t:|1788282126\n|move|p2b: Raichu|Zap Cannon|p1b: Whimsicott\n|-resisted|p1b: Whimsicott|1\n|-damage|p1b: Whimsicott|0 fnt\n|faint|p1b: Whimsicott\n|move|p2a: Gyarados|Crunch|p1a: Farigiraf\n|-supereffective|p1a: Farigiraf|1\n|-crit|p1a: Farigiraf\n|-damage|p1a: Farigiraf|0 fnt\n|faint|p1a: Farigiraf\n|\n|upkeep\n|\n|t:|1788282142\n|switch|p1b: Excadrill|Excadrill, L50, M|100/100\n|turn|10\n|\n|t:|1788282155\n|move|p1b: Excadrill|Iron Head|p2a: Gyarados\n|-resisted|p2a: Gyarados|1\n|-damage|p2a: Gyarados|40/100\n|move|p2b: Raichu|Focus Blast|p1b: Excadrill\n|-supereffective|p1b: Excadrill|1\n|-damage|p1b: Excadrill|0 fnt\n|faint|p1b: Excadrill\n|\n|win|echoes630\n","uploadtime":1788282156,"views":"0","formatid":"gen9championsvgc2026regmbbo3","rating":null,"private":0,"password":null}