{"id":"gen9championsvgc2026regmb-2673857758","format":"[Gen 9 Champions] VGC 2026 Reg M-B","players":["gfergvsdfvd","Thornlace48812"],"log":"|j|☆gfergvsdfvd\n|j|☆Thornlace48812\n|t:|1788269388\n|gametype|doubles\n|player|p1|gfergvsdfvd|artist-gen4|1040\n|player|p2|Thornlace48812|102|1103\n|gen|9\n|tier|[Gen 9 Champions] VGC 2026 Reg M-B\n|rated|\n|rule|Species Clause: Limit one of each Pokémon\n|rule|Item Clause: Limit 1 of each item\n|clearpoke\n|poke|p1|Talonflame, L50, F|\n|poke|p1|Bellibolt, L50, M|\n|poke|p1|Dragapult, L50, F|\n|poke|p1|Charizard, L50, F|\n|poke|p1|Excadrill, L50, F|\n|poke|p1|Sylveon, L50, M|\n|poke|p2|Garchomp, L50, F|\n|poke|p2|Charizard, L50, M|\n|poke|p2|Whimsicott, L50, M|\n|poke|p2|Sylveon, L50, M|\n|poke|p2|Kingambit, L50, F|\n|poke|p2|Basculegion, L50, M|\n|teampreview|4\n|inactive|Battle timer is ON: inactive players will automatically lose when time's up. (requested by Thornlace48812)\nThornlace48812 rejected open team sheets.\n|\n|t:|1788269403\n|teamsize|p1|4\n|teamsize|p2|4\n|start\n|switch|p1a: Dragapult|Dragapult, L50, F|100/100\n|switch|p1b: Sylveon|Sylveon, L50, M|100/100\n|switch|p2a: Charizard|Charizard, L50, M|100/100\n|switch|p2b: Whimsicott|Whimsicott, L50, M|100/100\n|turn|1\n|\n|t:|1788269411\n|detailschange|p2a: Charizard|Charizard-Mega-Y, L50, M\n|-mega|p2a: Charizard|Charizard|Charizardite Y\n|-weather|SunnyDay|[from] ability: Drought|[of] p2a: Charizard\n|move|p2a: Charizard|Protect|p2a: Charizard\n|-singleturn|p2a: Charizard|Protect\n|move|p1a: Dragapult|Round|p2a: Charizard\n|-activate|p2a: Charizard|move: Protect\n|move|p1b: Sylveon|Round|p2a: Charizard|[from] move: Round\n|-activate|p2a: Charizard|move: Protect\n|move|p2b: Whimsicott|Moonblast|p1a: Dragapult\n|-supereffective|p1a: Dragapult|1\n|-damage|p1a: Dragapult|0 fnt\n|faint|p1a: Dragapult\n|\n|-weather|SunnyDay|[upkeep]\n|upkeep\n|\n|t:|1788269422\n|switch|p1a: Bellibolt|Bellibolt, L50, M|100/100\n|turn|2\n|\n|t:|1788269427\n|move|p1b: Sylveon|Protect|p1b: Sylveon\n|-singleturn|p1b: Sylveon|Protect\n|move|p2b: Whimsicott|Moonblast|p1b: Sylveon\n|-activate|p1b: Sylveon|move: Protect\n|move|p2a: Charizard|Heat Wave|p1a: Bellibolt|[spread] \n|-activate|p1b: Sylveon|move: Protect\n|-miss|p2a: Charizard|p1a: Bellibolt\n|move|p1a: Bellibolt|Parabolic Charge|p2a: Charizard|[spread] p2a,p2b\n|-activate|p1b: Sylveon|move: Protect\n|-supereffective|p2a: Charizard|1\n|-resisted|p2b: Whimsicott|1\n|-damage|p2a: Charizard|60/100\n|-damage|p2b: Whimsicott|85/100\n|\n|-weather|SunnyDay|[upkeep]\n|upkeep\n|turn|3\n|\n|t:|1788269452\n|move|p2b: Whimsicott|Tailwind|p2b: Whimsicott\n|-sidestart|p2: Thornlace48812|move: Tailwind\n|move|p2a: Charizard|Heat Wave|p1b: Sylveon|[spread] p1a,p1b\n|-damage|p1a: Bellibolt|39/100\n|-damage|p1b: Sylveon|49/100\n|-start|p1a: Bellibolt|Charge|Heat Wave|[from] ability: Electromorphosis\n|-enditem|p1a: Bellibolt|Sitrus Berry|[eat]\n|-heal|p1a: Bellibolt|64/100|[from] item: Sitrus Berry\n|move|p1b: Sylveon|Hyper Voice|p2a: Charizard|[spread] p2a,p2b\n|-resisted|p2a: Charizard|1\n|-damage|p2a: Charizard|35/100\n|-damage|p2b: Whimsicott|0 fnt\n|faint|p2b: Whimsicott\n|move|p1a: Bellibolt|Soak|p2a: Charizard\n|-start|p2a: Charizard|typechange|Water\n|\n|-weather|SunnyDay|[upkeep]\n|upkeep\n|\n|t:|1788269452\n|switch|p2b: Basculegion|Basculegion, L50, M|100/100\n|turn|4\n|\n|t:|1788269468\n|move|p1b: Sylveon|Protect|p1b: Sylveon\n|-singleturn|p1b: Sylveon|Protect\n|move|p2a: Charizard|Heat Wave|p1a: Bellibolt|[spread] p1a\n|-activate|p1b: Sylveon|move: Protect\n|-damage|p1a: Bellibolt|21/100\n|-start|p1a: Bellibolt|Charge|Heat Wave|[from] ability: Electromorphosis\n|move|p2b: Basculegion|Last Respects|p1b: Sylveon\n|-activate|p1b: Sylveon|move: Protect\n|move|p1a: Bellibolt|Parabolic Charge|p2b: Basculegion|[spread] p2a,p2b\n|-activate|p1b: Sylveon|move: Protect\n|-supereffective|p2a: Charizard|1\n|-supereffective|p2b: Basculegion|1\n|-damage|p2a: Charizard|0 fnt\n|-heal|p1a: Bellibolt|34/100|[from] drain|[of] p2a: Charizard\n|-damage|p2b: Basculegion|24/100\n|-heal|p1a: Bellibolt|70/100|[from] drain|[of] p2b: Basculegion\n|faint|p2a: Charizard\n|-end|p1a: Bellibolt|Charge|[silent]\n|\n|-weather|SunnyDay|[upkeep]\n|upkeep\n|\n|t:|1788269469\n|switch|p2a: Garchomp|Garchomp, L50, F|100/100\n|turn|5\n|inactive|gfergvsdfvd has 30 seconds left.\n|\n|t:|1788269501\n|move|p2a: Garchomp|Dragon Claw|p1a: Bellibolt\n|-damage|p1a: Bellibolt|33/100\n|-start|p1a: Bellibolt|Charge|Dragon Claw|[from] ability: Electromorphosis\n|-damage|p2a: Garchomp|90/100|[from] item: Life Orb\n|move|p2b: Basculegion|Last Respects|p1b: Sylveon\n|-damage|p1b: Sylveon|0 fnt\n|faint|p1b: Sylveon\n|move|p1a: Bellibolt|Parabolic Charge|p2b: Basculegion|[spread] p2b\n|-immune|p2a: Garchomp\n|-supereffective|p2b: Basculegion|1\n|-damage|p2b: Basculegion|0 fnt\n|-heal|p1a: Bellibolt|45/100|[from] drain|[of] p2b: Basculegion\n|faint|p2b: Basculegion\n|-end|p1a: Bellibolt|Charge|[silent]\n|\n|-weather|none\n|upkeep\n|\n|t:|1788269512\n|switch|p1b: Charizard|Charizard, L50, F|100/100\n|turn|6\n|\n|t:|1788269532\n|detailschange|p1b: Charizard|Charizard-Mega-Y, L50, F\n|-mega|p1b: Charizard|Charizard|Charizardite Y\n|-weather|SunnyDay|[from] ability: Drought|[of] p1b: Charizard\n|move|p1b: Charizard|Protect|p1b: Charizard\n|-singleturn|p1b: Charizard|Protect\n|move|p2a: Garchomp|Rock Slide|p1a: Bellibolt|[spread] p1a\n|-activate|p1b: Charizard|move: Protect\n|-damage|p1a: Bellibolt|27/100\n|-start|p1a: Bellibolt|Charge|Rock Slide|[from] ability: Electromorphosis\n|-damage|p2a: Garchomp|80/100|[from] item: Life Orb\n|move|p1a: Bellibolt|Soak|p2a: Garchomp\n|-start|p2a: Garchomp|typechange|Water\n|\n|-weather|SunnyDay|[upkeep]\n|-sideend|p2: Thornlace48812|move: Tailwind\n|upkeep\n|turn|7\n|\n|t:|1788269550\n|move|p2a: Garchomp|Dragon Claw|p1a: Bellibolt\n|-damage|p1a: Bellibolt|5/100\n|-start|p1a: Bellibolt|Charge|Dragon Claw|[from] ability: Electromorphosis\n|-damage|p2a: Garchomp|70/100|[from] item: Life Orb\n|move|p1b: Charizard|Solar Beam||[still]\n|-prepare|p1b: Charizard|Solar Beam\n|-anim|p1b: Charizard|Solar Beam|p2a: Garchomp\n|-supereffective|p2a: Garchomp|1\n|-damage|p2a: Garchomp|0 fnt\n|faint|p2a: Garchomp\n|\n|win|gfergvsdfvd\n|raw|gfergvsdfvd's rating: 1040 &rarr; <strong>1087</strong><br />(+47 for winning)\n|raw|Thornlace48812's rating: 1184 &rarr; <strong>1149</strong><br />(-35 for losing)\n","uploadtime":1788269550,"views":"1","formatid":"gen9championsvgc2026regmb","rating":1087,"private":0,"password":null}