{"id":"gen9championsvgc2026regmbbo3-2673528361","format":"[Gen 9 Champions] VGC 2026 Reg M-B (Bo3)","players":["gyaradosagent93","caZISA"],"log":"|j|☆gyaradosagent93\n|j|☆caZISA\n|html|<table width=\"100%\"><tr><td align=\"left\">gyaradosagent93</td><td align=\"right\">caZISA</tr><tr><td align=\"left\"><i class=\"fa fa-circle-o\"></i> <i class=\"fa fa-circle-o\"></i> </td><td align=\"right\"><i class=\"fa fa-circle-o\"></i> <i class=\"fa fa-circle-o\"></i> </tr></table>\n|uhtml|bestof|<h2><strong>Game 1</strong> of <a href=\"/game-bestof3-gen9championsvgc2026regmbbo3-2673528360\">a best-of-3</a></h2>\n|t:|1788208871\n|gametype|doubles\n|player|p1|gyaradosagent93|1|1250\n|player|p2|caZISA|red|1500\n|gen|9\n|tier|[Gen 9 Champions] VGC 2026 Reg M-B (Bo3)\n|rated|\n|rule|Species Clause: Limit one of each Pokémon\n|rule|Item Clause: Limit 1 of each item\n|clearpoke\n|poke|p1|Dragonite, L50, F|\n|poke|p1|Kingambit, L50, M|\n|poke|p1|Whimsicott, L50, M|\n|poke|p1|Ninetales-Alola, L50, M|\n|poke|p1|Glimmora, L50, F|\n|poke|p1|Basculegion, L50, M|\n|poke|p2|Charizard, L50, F, shiny|\n|poke|p2|Floette-Eternal, L50, F|\n|poke|p2|Garchomp, L50, F|\n|poke|p2|Venusaur, L50, F|\n|poke|p2|Incineroar, L50, M|\n|poke|p2|Sneasler, L50, F|\n|teampreview|4\n|showteam|p1|Dragonite||Dragoninite|InnerFocus|DragonPulse,HeatWave,Thunderbolt,Protect|Modest||F|||50|]Kingambit||ChopleBerry|Defiant|KowtowCleave,IronHead,LowKick,SuckerPunch|Adamant||M|||50|]Whimsicott||FocusSash|Prankster|Moonblast,Tailwind,Encore,Protect|Timid||M|||50|]Ninetales-Alola||NeverMeltIce|SnowWarning|Blizzard,FreezeDry,AuroraVeil,Protect|Timid||M|||50|]Glimmora||Glimmoranite|ToxicDebris|PowerGem,SludgeBomb,EarthPower,SpikyShield|Modest||F|||50|]Basculegion||LifeOrb|Adaptability|WaveCrash,LastRespects,AquaJet,Protect|Adamant||M|||50|\n|showteam|p2|Charizard||CharizarditeY|Blaze|HeatWave,WeatherBall,SolarBeam,Protect|Modest||F|||50|]Floette-Eternal||Floettite|FlowerVeil|Moonblast,DrainingKiss,CalmMind,Protect|Timid||F|||50|]Garchomp||ChoiceScarf|RoughSkin|DragonClaw,RockSlide,Earthquake,StompingTantrum|Adamant||F|||50|]Venusaur||WideLens|Chlorophyll|EarthPower,SludgeBomb,SleepPowder,Protect|Modest||F|||50|]Incineroar||ChopleBerry|Intimidate|FakeOut,FlareBlitz,ThroatChop,PartingShot|Careful||M|||50|]Sneasler||WhiteHerb|Unburden|FakeOut,DireClaw,CloseCombat,Protect|Jolly||F|||50|\n|c|☆gyaradosagent93|glhf\n|\n|t:|1788208908\n|teamsize|p1|4\n|teamsize|p2|4\n|start\n|switch|p1a: Whimsicott|Whimsicott, L50, M|100/100\n|switch|p1b: Glimmora|Glimmora, L50, F|100/100\n|switch|p2a: Saphira|Charizard, L50, F, shiny|100/100\n|switch|p2b: Rene|Venusaur, L50, F|100/100\n|turn|1\n|c|☆caZISA|same\n|\n|t:|1788208927\n|switch|p2a: Tigre Toño|Incineroar, L50, M|100/100\n|-ability|p2a: Tigre Toño|Intimidate|boost\n|-unboost|p1a: Whimsicott|atk|1\n|-unboost|p1b: Glimmora|atk|1\n|detailschange|p1b: Glimmora|Glimmora-Mega, L50, F\n|-mega|p1b: Glimmora|Glimmora|Glimmoranite\n|move|p1b: Glimmora|Spiky Shield|p1b: Glimmora\n|-singleturn|p1b: Glimmora|move: Protect\n|move|p1a: Whimsicott|Tailwind|p1a: Whimsicott\n|-sidestart|p1: gyaradosagent93|move: Tailwind\n|move|p2b: Rene|Earth Power|p1b: Glimmora\n|-activate|p1b: Glimmora|move: Protect\n|\n|upkeep\n|turn|2\n|inactive|Battle timer is ON: inactive players will automatically lose when time's up. (requested by caZISA)\n|\n|t:|1788208945\n|move|p2a: Tigre Toño|Fake Out|p1b: Glimmora\n|-resisted|p1b: Glimmora|1\n|-damage|p1b: Glimmora|94/100\n|move|p1a: Whimsicott|Encore|p2b: Rene\n|-start|p2b: Rene|Encore\n|cant|p1b: Glimmora|flinch\n|move|p2b: Rene|Earth Power|p1b: Glimmora\n|-supereffective|p1b: Glimmora|2\n|-damage|p1b: Glimmora|0 fnt\n|faint|p1b: Glimmora\n|\n|upkeep\n|\n|t:|1788208958\n|switch|p1b: Basculegion|Basculegion, L50, M|100/100\n|turn|3\n|\n|t:|1788208973\n|switch|p2a: Sneasler|Sneasler, L50, F|100/100\n|move|p1a: Whimsicott|Protect|p1a: Whimsicott\n|-singleturn|p1a: Whimsicott|Protect\n|move|p1b: Basculegion|Wave Crash|p2a: Sneasler\n|-damage|p2a: Sneasler|0 fnt\n|faint|p2a: Sneasler\n|-damage|p1b: Basculegion|73/100|[from] Recoil\n|-damage|p1b: Basculegion|63/100|[from] item: Life Orb\n|move|p2b: Rene|Earth Power|p1b: Basculegion\n|-damage|p1b: Basculegion|33/100\n|\n|upkeep\n|\n|t:|1788208982\n|switch|p2a: Saphira|Charizard, L50, F, shiny|100/100\n|turn|4\n|\n|t:|1788209001\n|detailschange|p2a: Saphira|Charizard-Mega-Y, L50, F, shiny\n|-mega|p2a: Saphira|Charizard|Charizardite Y\n|-weather|SunnyDay|[from] ability: Drought|[of] p2a: Saphira\n|move|p1a: Whimsicott|Moonblast|p2b: Rene\n|-resisted|p2b: Rene|1\n|-damage|p2b: Rene|79/100\n|move|p2b: Rene|Earth Power|p1b: Basculegion\n|-damage|p1b: Basculegion|2/100\n|move|p1b: Basculegion|Last Respects|p2b: Rene\n|-damage|p2b: Rene|0 fnt\n|faint|p2b: Rene\n|-damage|p1b: Basculegion|0 fnt|[from] item: Life Orb\n|faint|p1b: Basculegion\n|move|p2a: Saphira|Weather Ball|p1a: Whimsicott\n|-supereffective|p1a: Whimsicott|1\n|-enditem|p1a: Whimsicott|Focus Sash\n|-damage|p1a: Whimsicott|1/100\n|\n|-weather|SunnyDay|[upkeep]\n|-sideend|p1: gyaradosagent93|move: Tailwind\n|upkeep\n|\n|t:|1788209019\n|switch|p2b: Tigre Toño|Incineroar, L50, M|100/100\n|switch|p1b: Ninetales|Ninetales-Alola, L50, M|100/100\n|-weather|Snowscape|[from] ability: Snow Warning|[of] p1b: Ninetales\n|-ability|p2b: Tigre Toño|Intimidate|boost\n|-unboost|p1a: Whimsicott|atk|1\n|-unboost|p1b: Ninetales|atk|1\n|turn|5\n|\n|t:|1788209028\n|move|p1a: Whimsicott|Protect|p1a: Whimsicott\n|-singleturn|p1a: Whimsicott|Protect\n|move|p1b: Ninetales|Protect|p1b: Ninetales\n|-singleturn|p1b: Ninetales|Protect\n|move|p2b: Tigre Toño|Fake Out|p1b: Ninetales\n|-activate|p1b: Ninetales|move: Protect\n|move|p2a: Saphira|Heat Wave|p1a: Whimsicott|[spread] \n|-activate|p1a: Whimsicott|move: Protect\n|-activate|p1b: Ninetales|move: Protect\n|\n|-weather|Snowscape|[upkeep]\n|upkeep\n|turn|6\n|\n|t:|1788209040\n|move|p1a: Whimsicott|Moonblast|p2a: Saphira\n|-resisted|p2a: Saphira|1\n|-damage|p2a: Saphira|83/100\n|move|p1b: Ninetales|Blizzard|p2a: Saphira|[spread] p2a,p2b\n|-resisted|p2b: Tigre Toño|1\n|-crit|p2b: Tigre Toño\n|-damage|p2a: Saphira|52/100\n|-damage|p2b: Tigre Toño|81/100\n|move|p2a: Saphira|Heat Wave|p1b: Ninetales|[spread] p1a,p1b\n|-supereffective|p1a: Whimsicott|1\n|-supereffective|p1b: Ninetales|1\n|-damage|p1a: Whimsicott|0 fnt\n|-damage|p1b: Ninetales|11/100\n|faint|p1a: Whimsicott\n|move|p2b: Tigre Toño|Flare Blitz|p1b: Ninetales\n|-supereffective|p1b: Ninetales|1\n|-damage|p1b: Ninetales|0 fnt\n|faint|p1b: Ninetales\n|-damage|p2b: Tigre Toño|78/100|[from] Recoil\n|\n|win|caZISA\n||caZISA is ready for game 2.\n||gyaradosagent93 is ready for game 2.\n|uhtml|next|Next: <a href=\"/battle-gen9championsvgc2026regmbbo3-2673529746\"><strong>Game 2 of 3</strong></a>\n|l|☆caZISA\n|player|p2|\n","uploadtime":1788209393,"views":"1","formatid":"gen9championsvgc2026regmbbo3","rating":null,"private":0,"password":null}