{"id":"gen9championsvgc2026regmbbo3-2674259293","format":"[Gen 9 Champions] VGC 2026 Reg M-B (Bo3)","players":["That_Leek","hamish293"],"log":"|j|☆That_Leek\n|j|‽hamish293\n|html|<table width=\"100%\"><tr><td align=\"left\">That_Leek</td><td align=\"right\">hamish293</tr><tr><td align=\"left\"><i class=\"fa fa-circle\"></i> <i class=\"fa fa-circle-o\"></i> </td><td align=\"right\"><i class=\"fa fa-circle-o\"></i> <i class=\"fa fa-circle-o\"></i> </tr></table>\n|uhtml|bestof|<h2><strong>Game 2</strong> of <a href=\"/game-bestof3-gen9championsvgc2026regmbbo3-2674258434\">a best-of-3</a></h2>\n|t:|1788325373\n|gametype|doubles\n|player|p1|That_Leek|blue-masters|1164\n|player|p2|hamish293|bellelba|1103\n|gen|9\n|tier|[Gen 9 Champions] VGC 2026 Reg M-B (Bo3)\n|rated|\n|rule|Species Clause: Limit one of each Pokémon\n|rule|Item Clause: Limit 1 of each item\n|clearpoke\n|poke|p1|Raichu, L50, M|\n|poke|p1|Kingambit, L50, M|\n|poke|p1|Dragonite, L50, F|\n|poke|p1|Ninetales-Alola, L50, M|\n|poke|p1|Sylveon, L50, M|\n|poke|p1|Incineroar, L50, F|\n|poke|p2|Floette-Eternal, L50, F|\n|poke|p2|Sinistcha-Masterpiece, L50, shiny|\n|poke|p2|Aerodactyl, L50, F, shiny|\n|poke|p2|Kingambit, L50, F|\n|poke|p2|Sneasler, L50, M|\n|poke|p2|Basculegion, L50, M|\n|teampreview|4\n|showteam|p1|Raichu||RaichuniteY|LightningRod|FakeOut,ZapCannon,FocusBlast,Protect|Timid||M|||50|]Kingambit||BlackGlasses|Defiant|KowtowCleave,SuckerPunch,Protect,SwordsDance|Adamant||M|||50|]Dragonite||LifeOrb|InnerFocus|DragonClaw,Tailwind,Superpower,Protect|Adamant||F|||50|]Ninetales-Alola||FocusSash|SnowWarning|Blizzard,IcyWind,Protect,FreezeDry|Timid||M|||50|]Sylveon||FairyFeather|Pixilate|HyperVoice,QuickAttack,CalmMind,Detect|Modest||M|||50|]Incineroar||LumBerry|Intimidate|FakeOut,FlareBlitz,PartingShot,ThroatChop|Impish||F|||50|\n|showteam|p2|Floette-Eternal||Floettite|FlowerVeil|LightofRuin,Protect,Moonblast,DazzlingGleam|Timid||F|||50|]Sinistcha-Masterpiece||SitrusBerry|Hospitality|MatchaGotcha,RagePowder,TrickRoom,Protect|Relaxed|||||50|]Aerodactyl||MentalHerb|RockHead|Tailwind,RockSlide,DualWingbeat,StealthRock|Jolly||F|||50|]Kingambit||Leftovers|Defiant|KowtowCleave,IronHead,SuckerPunch,Protect|Adamant||F|||50|]Sneasler||WhiteHerb|Unburden|FakeOut,DireClaw,CloseCombat,Uturn|Adamant||M|||50|]Basculegion||ChoiceScarf|Adaptability|LastRespects,FlipTurn,HeadSmash,WaveCrash|Careful||M|||50|\n|\n|t:|1788325402\n|teamsize|p1|4\n|teamsize|p2|4\n|start\n|switch|p1a: Raichu|Raichu, L50, M|100/100\n|switch|p1b: Sylveon|Sylveon, L50, M|100/100\n|switch|p2a: Sneasler|Sneasler, L50, M|100/100\n|switch|p2b: Aerodactyl|Aerodactyl, L50, F, shiny|100/100\n|turn|1\n|\n|t:|1788325430\n|switch|p2b: Kingambit|Kingambit, L50, F|100/100\n|detailschange|p1a: Raichu|Raichu-Mega-Y, L50, M\n|-mega|p1a: Raichu|Raichu|Raichunite Y\n|move|p1a: Raichu|Fake Out|p2a: Sneasler\n|-damage|p2a: Sneasler|85/100\n|cant|p2a: Sneasler|flinch\n|move|p1b: Sylveon|Hyper Voice|p2b: Kingambit|[spread] p2a,p2b\n|-damage|p2a: Sneasler|23/100\n|-damage|p2b: Kingambit|60/100\n|\n|-heal|p2b: Kingambit|66/100|[from] item: Leftovers\n|upkeep\n|turn|2\n|\n|t:|1788325451\n|move|p1b: Sylveon|Quick Attack|p2a: Sneasler\n|-damage|p2a: Sneasler|1/100\n|move|p1a: Raichu|Focus Blast|p2b: Kingambit\n|-supereffective|p2b: Kingambit|2\n|-damage|p2b: Kingambit|0 fnt\n|faint|p2b: Kingambit\n|move|p2a: Sneasler|Dire Claw|p1b: Sylveon\n|-supereffective|p1b: Sylveon|1\n|-damage|p1b: Sylveon|0 fnt\n|faint|p1b: Sylveon\n|\n|upkeep\n|\n|t:|1788325474\n|switch|p1b: Kingambit|Kingambit, L50, M|100/100\n|switch|p2b: Floette|Floette-Eternal, L50, F|100/100\n|turn|3\n|\n|t:|1788325484\n|switch|p2a: Aerodactyl|Aerodactyl, L50, F, shiny|100/100\n|detailschange|p2b: Floette|Floette-Mega, L50, F\n|-mega|p2b: Floette|Floette|Floettite\n|-ability|p2b: Floette|Fairy Aura\n|move|p1b: Kingambit|Sucker Punch||[still]\n|-fail|p1b: Kingambit\n|move|p1a: Raichu|Zap Cannon|p2b: Floette\n|-damage|p2b: Floette|44/100\n|-status|p2b: Floette|par\n|move|p2b: Floette|Dazzling Gleam|p1b: Kingambit|[spread] p1a,p1b\n|-damage|p1a: Raichu|35/100\n|-damage|p1b: Kingambit|56/100\n|\n|upkeep\n|turn|4\n|\n|t:|1788325505\n|move|p2b: Floette|Protect|p2b: Floette\n|-singleturn|p2b: Floette|Protect\n|move|p2a: Aerodactyl|Rock Slide|p1a: Raichu|[spread] p1a,p1b\n|-resisted|p1b: Kingambit|1\n|-damage|p1a: Raichu|0 fnt\n|-damage|p1b: Kingambit|45/100\n|faint|p1a: Raichu\n|move|p1b: Kingambit|Swords Dance|p1b: Kingambit\n|-boost|p1b: Kingambit|atk|2\n|\n|upkeep\n|\n|t:|1788325508\n|switch|p1a: Dragonite|Dragonite, L50, F|100/100\n|turn|5\n|\n|t:|1788325524\n|move|p1b: Kingambit|Sucker Punch|p2b: Floette\n|-resisted|p2b: Floette|1\n|-damage|p2b: Floette|0 fnt\n|faint|p2b: Floette\n|move|p2a: Aerodactyl|Tailwind|p2a: Aerodactyl\n|-sidestart|p2: hamish293|move: Tailwind\n|move|p1a: Dragonite|Dragon Claw|p2a: Aerodactyl\n|-damage|p2a: Aerodactyl|5/100\n|-damage|p1a: Dragonite|90/100|[from] item: Life Orb\n|\n|upkeep\n|\n|t:|1788325534\n|switch|p2b: Sneasler|Sneasler, L50, M|1/100\n|turn|6\n|\n|t:|1788325548\n|move|p1a: Dragonite|Protect|p1a: Dragonite\n|-singleturn|p1a: Dragonite|Protect\n|move|p1b: Kingambit|Protect|p1b: Kingambit\n|-singleturn|p1b: Kingambit|Protect\n|move|p2b: Sneasler|Fake Out|p1b: Kingambit\n|-activate|p1b: Kingambit|move: Protect\n|move|p2a: Aerodactyl|Rock Slide|p1b: Kingambit|[spread] \n|-activate|p1a: Dragonite|move: Protect\n|-activate|p1b: Kingambit|move: Protect\n|\n|upkeep\n|turn|7\n|\n|t:|1788325565\n|move|p1b: Kingambit|Sucker Punch|p2b: Sneasler\n|-resisted|p2b: Sneasler|1\n|-damage|p2b: Sneasler|0 fnt\n|faint|p2b: Sneasler\n|move|p2a: Aerodactyl|Rock Slide|p1a: Dragonite|[spread] p1a,p1b\n|-supereffective|p1a: Dragonite|1\n|-resisted|p1b: Kingambit|1\n|-damage|p1a: Dragonite|36/100\n|-damage|p1b: Kingambit|36/100\n|move|p1a: Dragonite|Dragon Claw|p2a: Aerodactyl\n|-damage|p2a: Aerodactyl|0 fnt\n|faint|p2a: Aerodactyl\n|-damage|p1a: Dragonite|26/100|[from] item: Life Orb\n|\n|win|That_Leek\n|raw|That_Leek's rating: 1164 &rarr; <strong>1185</strong><br />(+21 for winning)\n|raw|hamish293's rating: 1103 &rarr; <strong>1082</strong><br />(-21 for losing)\n","uploadtime":1788325570,"views":"0","formatid":"gen9championsvgc2026regmbbo3","rating":1082,"private":0,"password":null}