{"id":"gen9championsvgc2026regmb-2673876284","format":"[Gen 9 Champions] VGC 2026 Reg M-B","players":["yubanmeiqin","pkmzbx"],"log":"|j|☆yubanmeiqin\n|j|☆pkmzbx\n|t:|1788271867\n|gametype|doubles\n|player|p1|yubanmeiqin|lillie-masters2|1624\n|player|p2|pkmzbx|170|1570\n|gen|9\n|tier|[Gen 9 Champions] VGC 2026 Reg M-B\n|rated|\n|rule|Species Clause: Limit one of each Pokémon\n|rule|Item Clause: Limit 1 of each item\n|clearpoke\n|poke|p1|Dragonite, L50, M|\n|poke|p1|Sneasler, L50, M|\n|poke|p1|Basculegion, L50, M|\n|poke|p1|Kingambit, L50, M|\n|poke|p1|Garchomp, L50, M|\n|poke|p1|Floette-Eternal, L50, F|\n|poke|p2|Staraptor, L50, F|\n|poke|p2|Raichu, L50, M|\n|poke|p2|Kingambit, L50, M|\n|poke|p2|Basculegion, L50, M|\n|poke|p2|Sinistcha, L50|\n|poke|p2|Volcarona, L50, F|\n|teampreview|4\n|j| daisabe沼王侠\n|\n|t:|1788271915\n|teamsize|p1|4\n|teamsize|p2|4\n|start\n|switch|p1a: Dragonite|Dragonite, L50, M|100/100\n|switch|p1b: Kingambit|Kingambit, L50, M|100/100\n|switch|p2a: Kingambit|Kingambit, L50, M|100/100\n|switch|p2b: Volcarona|Volcarona, L50, F|100/100\n|turn|1\n|\n|t:|1788271933\n|switch|p1a: Garchomp|Garchomp, L50, M|100/100\n|move|p2a: Kingambit|Protect|p2a: Kingambit\n|-singleturn|p2a: Kingambit|Protect\n|move|p2b: Volcarona|Heat Wave|p1a: Garchomp|[spread] p1a,p1b\n|-resisted|p1a: Garchomp|1\n|-supereffective|p1b: Kingambit|1\n|-damage|p1a: Garchomp|82/100\n|-damage|p1b: Kingambit|50/100g\n|move|p1b: Kingambit|Low Kick|p2a: Kingambit\n|-activate|p2a: Kingambit|move: Protect\n|\n|upkeep\n|turn|2\n|\n|t:|1788271961\n|switch|p1b: Dragonite|Dragonite, L50, M|100/100\n|move|p2a: Kingambit|Sucker Punch||[still]\n|-fail|p2a: Kingambit\n|move|p1a: Garchomp|Earthquake|p2a: Kingambit|[spread] p2a,p2b\n|-immune|p1b: Dragonite\n|-supereffective|p2a: Kingambit|1\n|-damage|p2a: Kingambit|36/100\n|-damage|p2b: Volcarona|60/100\n|move|p2b: Volcarona|Heat Wave|p1a: Garchomp|[spread] p1a,p1b\n|-resisted|p1a: Garchomp|1\n|-resisted|p1b: Dragonite|1\n|-damage|p1a: Garchomp|65/100\n|-damage|p1b: Dragonite|92/100\n|\n|upkeep\n|turn|3\n|\n|t:|1788271980\n|switch|p2a: Staraptor|Staraptor, L50, F|100/100\n|-ability|p2a: Staraptor|Intimidate|boost\n|-unboost|p1a: Garchomp|atk|1\n|-unboost|p1b: Dragonite|atk|1\n|detailschange|p1b: Dragonite|Dragonite-Mega, L50, M\n|-mega|p1b: Dragonite|Dragonite|Dragoninite\n|move|p2b: Volcarona|Protect|p2b: Volcarona\n|-singleturn|p2b: Volcarona|Protect\n|move|p1a: Garchomp|Earthquake|p2b: Volcarona|[spread] \n|-activate|p2b: Volcarona|move: Protect\n|-immune|p1b: Dragonite\n|-immune|p2a: Staraptor\n|move|p1b: Dragonite|Heat Wave|p2b: Volcarona|[spread] p2a\n|-activate|p2b: Volcarona|move: Protect\n|-damage|p2a: Staraptor|52/100\n|\n|upkeep\n|turn|4\n|\n|t:|1788272004\n|switch|p1a: Basculegion|Basculegion, L50, M|100/100\n|detailschange|p2a: Staraptor|Staraptor-Mega, L50, F\n|-mega|p2a: Staraptor|Staraptor|Staraptite\n|move|p2a: Staraptor|Tailwind|p2a: Staraptor\n|-sidestart|p2: pkmzbx|move: Tailwind\n|move|p2b: Volcarona|Struggle Bug|p1a: Basculegion|[spread] p1a,p1b\n|-resisted|p1a: Basculegion|1\n|-resisted|p1b: Dragonite|1\n|-damage|p1a: Basculegion|91/100\n|-damage|p1b: Dragonite|85/100\n|-unboost|p1a: Basculegion|spa|1\n|-unboost|p1b: Dragonite|spa|1\n|move|p1b: Dragonite|Dragon Pulse|p2a: Staraptor\n|-damage|p2a: Staraptor|10/100\n|\n|upkeep\n|turn|5\n|j| ltp156\n|\n|t:|1788272043\n|move|p2a: Staraptor|Protect|p2a: Staraptor\n|-singleturn|p2a: Staraptor|Protect\n|move|p2b: Volcarona|Rage Powder|p2b: Volcarona\n|-singleturn|p2b: Volcarona|move: Rage Powder\n|move|p1a: Basculegion|Aqua Jet|p2b: Volcarona\n|-supereffective|p2b: Volcarona|1\n|-enditem|p2b: Volcarona|Passho Berry|[eat]\n|-enditem|p2b: Volcarona|Passho Berry|[weaken]\n|-damage|p2b: Volcarona|23/100\n|-damage|p1a: Basculegion|82/100|[from] item: Life Orb\n|move|p1b: Dragonite|Dragon Pulse|p2b: Volcarona\n|-damage|p2b: Volcarona|0 fnt\n|faint|p2b: Volcarona\n|\n|upkeep\n|c| ltp156|额啊\n|\n|t:|1788272057\n|switch|p2b: Basculegion|Basculegion, L50, M|100/100\n|turn|6\n|\n|t:|1788272068\n|move|p1a: Basculegion|Aqua Jet|p2a: Staraptor\n|-damage|p2a: Staraptor|0 fnt\n|faint|p2a: Staraptor\n|-damage|p1a: Basculegion|72/100|[from] item: Life Orb\n|move|p2b: Basculegion|Last Respects|p1a: Basculegion\n|-supereffective|p1a: Basculegion|1\n|-damage|p1a: Basculegion|0 fnt\n|faint|p1a: Basculegion\n|move|p1b: Dragonite|Heat Wave|p2b: Basculegion\n|-resisted|p2b: Basculegion|1\n|-damage|p2b: Basculegion|84/100\n|\n|upkeep\n|\n|t:|1788272079\n|switch|p2a: Kingambit|Kingambit, L50, M|36/100\n|switch|p1a: Kingambit|Kingambit, L50, M|50/100g\n|turn|7\n|\n|t:|1788272092\n|move|p2b: Basculegion|Last Respects|p1a: Kingambit\n|-resisted|p1a: Kingambit|1\n|-damage|p1a: Kingambit|15/100\n|move|p1b: Dragonite|Dragon Pulse|p2b: Basculegion\n|-damage|p2b: Basculegion|44/100\n|move|p2a: Kingambit|Kowtow Cleave|p1a: Kingambit\n|-resisted|p1a: Kingambit|1\n|-damage|p1a: Kingambit|0 fnt\n|faint|p1a: Kingambit\n|\n|-sideend|p2: pkmzbx|move: Tailwind\n|upkeep\n|\n|t:|1788272100\n|switch|p1a: Garchomp|Garchomp, L50, M|65/100\n|turn|8\n|\n|t:|1788272113\n|move|p1a: Garchomp|Earthquake|p2b: Basculegion|[spread] p2a,p2b\n|-immune|p1b: Dragonite\n|-supereffective|p2a: Kingambit|1\n|-damage|p2a: Kingambit|0 fnt\n|-damage|p2b: Basculegion|0 fnt\n|faint|p2a: Kingambit\n|faint|p2b: Basculegion\n|\n|win|yubanmeiqin\n|raw|yubanmeiqin's rating: 1624 &rarr; <strong>1641</strong><br />(+17 for winning)\n|raw|pkmzbx's rating: 1570 &rarr; <strong>1553</strong><br />(-17 for losing)\n|l|☆pkmzbx\n|player|p2|\n","uploadtime":1788272122,"views":"11","formatid":"gen9championsvgc2026regmb","rating":1553,"private":0,"password":null}