{"id":"gen9championsvgc2026regmbbo3-2674525671","format":"[Gen 9 Champions] VGC 2026 Reg M-B (Bo3)","players":["steelag0","obscure_demon006"],"log":"|j|☆steelag0\n|j|☆obscure_demon006\n|html|<table width=\"100%\"><tr><td align=\"left\">steelag0</td><td align=\"right\">obscure_demon006</tr><tr><td align=\"left\"><i class=\"fa fa-circle-o\"></i> <i class=\"fa fa-circle-o\"></i> </td><td align=\"right\"><i class=\"fa fa-circle-o\"></i> <i class=\"fa fa-circle\"></i> </tr></table>\n|uhtml|bestof|<h2><strong>Game 2</strong> of <a href=\"/game-bestof3-gen9championsvgc2026regmbbo3-2674523330\">a best-of-3</a></h2>\n|t:|1788370057\n|gametype|doubles\n|player|p1|steelag0|2|\n|player|p2|obscure_demon006|n|\n|gen|9\n|tier|[Gen 9 Champions] VGC 2026 Reg M-B (Bo3)\n|rule|Species Clause: Limit one of each Pokémon\n|rule|Item Clause: Limit 1 of each item\n|clearpoke\n|poke|p1|Whimsicott, L50, M|\n|poke|p1|Floette-Eternal, L50, F|\n|poke|p1|Kingambit, L50, M|\n|poke|p1|Charizard, L50, F|\n|poke|p1|Basculegion, L50, M|\n|poke|p1|Garchomp, L50, F|\n|poke|p2|Staraptor, L50, M, shiny|\n|poke|p2|Whimsicott, L50, F, shiny|\n|poke|p2|Maushold, L50, shiny|\n|poke|p2|Annihilape, L50, M, shiny|\n|poke|p2|Basculegion, L50, M, shiny|\n|poke|p2|Gholdengo, L50, shiny|\n|teampreview|4\n|showteam|p1|Whimsicott||FocusSash|Prankster|Moonblast,Tailwind,Encore,Protect|Timid||M|||50|]Floette-Eternal||Floettite|FlowerVeil|Moonblast,DazzlingGleam,LightofRuin,Protect|Modest||F|||50|]Kingambit||ChopleBerry|Defiant|KowtowCleave,SuckerPunch,IronHead,LowKick|Adamant||M|||50|]Charizard||CharizarditeY|SolarPower|HeatWave,WeatherBall,SolarBeam,Protect|Modest||F|||50|]Basculegion||MysticWater|Adaptability|WaveCrash,LastRespects,AquaJet,Protect|Adamant||M|||50|]Garchomp||LifeOrb|SandVeil|DragonClaw,Earthquake,RockSlide,Protect|Jolly||F|||50|\n|showteam|p2|Staraptor||Staraptite|Intimidate|CloseCombat,BraveBird,Roost,Protect|Careful||M|||50|]Whimsicott||OccaBerry|Prankster|Moonblast,Tailwind,Charm,Encore|Bold||F|||50|]Maushold||WideLens|Technician|PopulationBomb,Bite,FollowMe,Protect|Jolly|||||50|]Annihilape||FocusSash|Defiant|CloseCombat,RageFist,StoneEdge,Taunt|Jolly||M|||50|]Basculegion||ChoiceScarf|Adaptability|LastRespects,WaveCrash,AquaJet,FlipTurn|Jolly||M|||50|]Gholdengo||LifeOrb|GoodasGold|MakeItRain,ShadowBall,Protect,NastyPlot|Timid|||||50|\n|inactive|Battle timer is ON: inactive players will automatically lose when time's up. (requested by obscure_demon006)\n|\n|t:|1788370080\n|teamsize|p1|4\n|teamsize|p2|4\n|start\n|switch|p1a: Whimsicott|Whimsicott, L50, M|100/100\n|switch|p1b: Floette|Floette-Eternal, L50, F|100/100\n|switch|p2a: Whimsicott|Whimsicott, L50, F, shiny|100/100\n|switch|p2b: Maushold|Maushold, L50, shiny|100/100\n|turn|1\n|\n|t:|1788370099\n|detailschange|p1b: Floette|Floette-Mega, L50, F\n|-mega|p1b: Floette|Floette|Floettite\n|-ability|p1b: Floette|Fairy Aura\n|move|p1a: Whimsicott|Tailwind|p1a: Whimsicott\n|-sidestart|p1: steelag0|move: Tailwind\n|move|p2a: Whimsicott|Tailwind|p2a: Whimsicott\n|-sidestart|p2: obscure_demon006|move: Tailwind\n|move|p2b: Maushold|Population Bomb|p1b: Floette\n|-damage|p1b: Floette|86/100\n|-damage|p1b: Floette|74/100\n|-damage|p1b: Floette|61/100\n|-damage|p1b: Floette|48/100\n|-damage|p1b: Floette|35/100\n|-damage|p1b: Floette|22/100\n|-damage|p1b: Floette|8/100\n|-damage|p1b: Floette|0 fnt\n|faint|p1b: Floette\n|-hitcount|p1: Floette|8\n|\n|upkeep\n|\n|t:|1788370117\n|switch|p1b: Kingambit|Kingambit, L50, M|100/100\n|turn|2\n|\n|t:|1788370136\n|move|p1a: Whimsicott|Encore|p2a: Whimsicott\n|-start|p2a: Whimsicott|Encore\n|move|p2a: Whimsicott|Tailwind||[still]\n|-fail|p2a: Whimsicott\n|move|p2b: Maushold|Population Bomb|p1b: Kingambit\n|-resisted|p1b: Kingambit|1\n|-damage|p1b: Kingambit|95/100\n|-resisted|p1b: Kingambit|1\n|-damage|p1b: Kingambit|91/100\n|-resisted|p1b: Kingambit|1\n|-damage|p1b: Kingambit|87/100\n|-resisted|p1b: Kingambit|1\n|-damage|p1b: Kingambit|83/100\n|-resisted|p1b: Kingambit|1\n|-damage|p1b: Kingambit|79/100\n|-resisted|p1b: Kingambit|1\n|-damage|p1b: Kingambit|74/100\n|-resisted|p1b: Kingambit|1\n|-damage|p1b: Kingambit|70/100\n|-resisted|p1b: Kingambit|1\n|-damage|p1b: Kingambit|66/100\n|-resisted|p1b: Kingambit|1\n|-damage|p1b: Kingambit|62/100\n|-resisted|p1b: Kingambit|1\n|-crit|p1b: Kingambit\n|-damage|p1b: Kingambit|56/100\n|-hitcount|p1b: Kingambit|10\n|move|p1b: Kingambit|Kowtow Cleave|p2b: Maushold\n|-damage|p2b: Maushold|32/100\n|\n|upkeep\n|turn|3\n|inactive|steelag0 has 30 seconds left.\n|\n|t:|1788370164\n|move|p2a: Whimsicott|Tailwind||[still]\n|-fail|p2a: Whimsicott\n|move|p1b: Kingambit|Sucker Punch|p2b: Maushold\n|-crit|p2b: Maushold\n|-damage|p2b: Maushold|0 fnt\n|faint|p2b: Maushold\n|move|p1a: Whimsicott|Moonblast|p2a: Whimsicott\n|-damage|p2a: Whimsicott|52/100\n|\n|upkeep\n|\n|t:|1788370174\n|switch|p2b: Staraptor|Staraptor, L50, M, shiny|100/100\n|-ability|p2b: Staraptor|Intimidate|boost\n|-unboost|p1a: Whimsicott|atk|1\n|-unboost|p1b: Kingambit|atk|1\n|-ability|p1b: Kingambit|Defiant|boost\n|-boost|p1b: Kingambit|atk|2\n|turn|4\n|\n|t:|1788370198\n|switch|p1b: Basculegion|Basculegion, L50, M|100/100\n|detailschange|p2b: Staraptor|Staraptor-Mega, L50, M, shiny\n|-mega|p2b: Staraptor|Staraptor|Staraptite\n|move|p2b: Staraptor|Protect|p2b: Staraptor\n|-singleturn|p2b: Staraptor|Protect\n|move|p2a: Whimsicott|Tailwind||[still]\n|-fail|p2a: Whimsicott\n|move|p1a: Whimsicott|Moonblast|p2b: Staraptor\n|-activate|p2b: Staraptor|move: Protect\n|\n|-end|p2a: Whimsicott|Encore\n|-sideend|p1: steelag0|move: Tailwind\n|-sideend|p2: obscure_demon006|move: Tailwind\n|upkeep\n|turn|5\n|\n|t:|1788370220\n|move|p2a: Whimsicott|Charm|p2b: Staraptor\n|-boost|p2b: Staraptor|atk|2\n|move|p1a: Whimsicott|Moonblast|p2b: Staraptor\n|-supereffective|p2b: Staraptor|1\n|-damage|p2b: Staraptor|48/100\n|move|p2b: Staraptor|Brave Bird|p1b: Basculegion\n|-damage|p1b: Basculegion|2/100\n|-damage|p2b: Staraptor|16/100|[from] Recoil\n|move|p1b: Basculegion|Last Respects|p2b: Staraptor\n|-damage|p2b: Staraptor|0 fnt\n|faint|p2b: Staraptor\n|\n|upkeep\n|\n|t:|1788370228\n|switch|p2b: Annihilape|Annihilape, L50, M, shiny|100/100\n|turn|6\n|\n|t:|1788370252\n|move|p2a: Whimsicott|Tailwind|p2a: Whimsicott\n|-sidestart|p2: obscure_demon006|move: Tailwind\n|move|p1b: Basculegion|Aqua Jet|p2b: Annihilape\n|-damage|p2b: Annihilape|64/100\n|move|p2b: Annihilape|Rage Fist|p1b: Basculegion\n|-supereffective|p1b: Basculegion|1\n|-damage|p1b: Basculegion|0 fnt\n|faint|p1b: Basculegion\n|move|p1a: Whimsicott|Moonblast|p2b: Annihilape\n|-supereffective|p2b: Annihilape|1\n|-damage|p2b: Annihilape|0 fnt\n|faint|p2b: Annihilape\n|\n|upkeep\n|\n|t:|1788370264\n|switch|p1b: Kingambit|Kingambit, L50, M|56/100\n|turn|7\n|-message|obscure_demon006 forfeited.\n|\n|win|steelag0\n|l|☆obscure_demon006\n|player|p2|\n","uploadtime":1788370271,"views":"1","formatid":"gen9championsvgc2026regmbbo3","rating":null,"private":0,"password":null}