{"id":"gen9championsvgc2026regmbbo3-2675038705","format":"[Gen 9 Champions] VGC 2026 Reg M-B (Bo3)","players":["aadrisntggggg","Bananin4"],"log":"|j|☆aadrisntggggg\n|j|☆Bananin4\n|html|<table width=\"100%\"><tr><td align=\"left\">aadrisntggggg</td><td align=\"right\">Bananin4</tr><tr><td align=\"left\"><i class=\"fa fa-circle\"></i> <i class=\"fa fa-circle-o\"></i> </td><td align=\"right\"><i class=\"fa fa-circle-o\"></i> <i class=\"fa fa-circle\"></i> </tr></table>\n|uhtml|bestof|<h2><strong>Game 3</strong> of <a href=\"/game-bestof3-gen9championsvgc2026regmbbo3-2675033131\">a best-of-3</a></h2>\n|t:|1788451689\n|gametype|doubles\n|player|p1|aadrisntggggg|iris|1071\n|player|p2|Bananin4|lucas-gen4pt|1187\n|gen|9\n|tier|[Gen 9 Champions] VGC 2026 Reg M-B (Bo3)\n|rated|\n|rule|Species Clause: Limit one of each Pokémon\n|rule|Item Clause: Limit 1 of each item\n|clearpoke\n|poke|p1|Charizard, L50, M|\n|poke|p1|Venusaur, L50, F|\n|poke|p1|Archaludon, L50, F|\n|poke|p1|Pelipper, L50, F|\n|poke|p1|Swampert, L50, F|\n|poke|p1|Grimmsnarl, L50, M|\n|poke|p2|Delphox, L50, F, shiny|\n|poke|p2|Blastoise, L50, M|\n|poke|p2|Sinistcha, L50|\n|poke|p2|Sneasler, L50, F|\n|poke|p2|Incineroar, L50, M, shiny|\n|poke|p2|Kingambit, L50, F|\n|teampreview|4\n|showteam|p1|Charizard||CharizarditeY|Blaze|HeatWave,WeatherBall,AncientPower,Protect|Modest||M|||50|]Venusaur||FocusSash|Chlorophyll|SleepPowder,SludgeBomb,GigaDrain,Protect|Modest||F|||50|]Archaludon||Leftovers|Stamina|DragonPulse,FlashCannon,ElectroShot,Protect|Calm||F|||50|]Pelipper||SitrusBerry|Drizzle|Hurricane,Tailwind,WideGuard,Protect|Modest||F|||50|]Swampert||Swampertite|Torrent|WaveCrash,IcePunch,Earthquake,Protect|Adamant||F|||50|]Grimmsnarl||LightClay|Prankster|SpiritBreak,PartingShot,Reflect,LightScreen|Serious||M|||50|\n|showteam|p2|Delphox||Delphoxite|Blaze|HeatWave,Psychic,NastyPlot,Protect|Timid||F|||50|]Blastoise||Blastoisinite|RainDish|WaterSpout,DarkPulse,ShellSmash,Protect|Modest||M|||50|]Sinistcha||ColburBerry|Hospitality|MatchaGotcha,RagePowder,TrickRoom,Protect|Bold|||||50|]Sneasler||FocusSash|PoisonTouch|FakeOut,PoisonJab,CloseCombat,QuickGuard|Jolly||F|||50|]Incineroar||SitrusBerry|Intimidate|FakeOut,FlareBlitz,ThroatChop,PartingShot|Careful||M|||50|]Kingambit||ChopleBerry|Defiant|KowtowCleave,SuckerPunch,SwordsDance,Protect|Adamant||F|||50|\n|inactive|Battle timer is ON: inactive players will automatically lose when time's up. (requested by Bananin4)\n|\n|t:|1788451725\n|teamsize|p1|4\n|teamsize|p2|4\n|start\n|switch|p1a: Charizard|Charizard, L50, M|100/100\n|switch|p1b: Venusaur|Venusaur, L50, F|100/100\n|switch|p2a: Sneasler|Sneasler, L50, F|100/100\n|switch|p2b: Blastoise|Blastoise, L50, M|100/100\n|turn|1\n|inactive|Bananin4 has 30 seconds left.\n|inactive|Bananin4 has 20 seconds left.\n|\n|t:|1788451761\n|detailschange|p1a: Charizard|Charizard-Mega-Y, L50, M\n|-mega|p1a: Charizard|Charizard|Charizardite Y\n|-weather|SunnyDay|[from] ability: Drought|[of] p1a: Charizard\n|detailschange|p2b: Blastoise|Blastoise-Mega, L50, M\n|-mega|p2b: Blastoise|Blastoise|Blastoisinite\n|move|p1a: Charizard|Protect|p1a: Charizard\n|-singleturn|p1a: Charizard|Protect\n|move|p2a: Sneasler|Fake Out|p1b: Venusaur\n|-damage|p1b: Venusaur|80/100\n|cant|p1b: Venusaur|flinch\n|move|p2b: Blastoise|Shell Smash|p2b: Blastoise\n|-unboost|p2b: Blastoise|def|1\n|-unboost|p2b: Blastoise|spd|1\n|-boost|p2b: Blastoise|atk|2\n|-boost|p2b: Blastoise|spa|2\n|-boost|p2b: Blastoise|spe|2\n|\n|-weather|SunnyDay|[upkeep]\n|upkeep\n|turn|2\n|inactive|Bananin4 has 30 seconds left.\n|\n|t:|1788451791\n|move|p2b: Blastoise|Protect|p2b: Blastoise\n|-singleturn|p2b: Blastoise|Protect\n|move|p1b: Venusaur|Giga Drain|p2b: Blastoise\n|-activate|p2b: Blastoise|move: Protect\n|move|p2a: Sneasler|Poison Jab|p1b: Venusaur\n|-damage|p1b: Venusaur|26/100\n|move|p1a: Charizard|Heat Wave|p2b: Blastoise|[spread] p2a\n|-activate|p2b: Blastoise|move: Protect\n|-damage|p2a: Sneasler|22/100\n|\n|-weather|SunnyDay|[upkeep]\n|upkeep\n|turn|3\n|inactive|Bananin4 has 30 seconds left.\n|\n|t:|1788451822\n|move|p1b: Venusaur|Giga Drain|p2b: Blastoise\n|-supereffective|p2b: Blastoise|1\n|-damage|p2b: Blastoise|6/100\n|-heal|p1b: Venusaur|78/100|[from] drain|[of] p2b: Blastoise\n|move|p2b: Blastoise|Dark Pulse|p1a: Charizard\n|-damage|p1a: Charizard|25/100\n|move|p2a: Sneasler|Poison Jab|p1b: Venusaur\n|-damage|p1b: Venusaur|25/100\n|move|p1a: Charizard|Ancient Power|p2a: Sneasler\n|-resisted|p2a: Sneasler|1\n|-damage|p2a: Sneasler|6/100\n|\n|-weather|SunnyDay|[upkeep]\n|upkeep\n|turn|4\n|inactive|aadrisntggggg has 30 seconds left.\n|inactive|Bananin4 has 30 seconds left.\n|inactive|aadrisntggggg has 20 seconds left.\n|\n|t:|1788451857\n|switch|p2a: Incineroar|Incineroar, L50, M, shiny|100/100\n|-ability|p2a: Incineroar|Intimidate|boost\n|-unboost|p1a: Charizard|atk|1\n|-unboost|p1b: Venusaur|atk|1\n|move|p2b: Blastoise|Protect|p2b: Blastoise\n|-singleturn|p2b: Blastoise|Protect\n|move|p1a: Charizard|Protect|p1a: Charizard\n|-singleturn|p1a: Charizard|Protect\n|move|p1b: Venusaur|Giga Drain|p2a: Incineroar\n|-resisted|p2a: Incineroar|1\n|-damage|p2a: Incineroar|86/100\n|-heal|p1b: Venusaur|34/100|[from] drain|[of] p2a: Incineroar\n|\n|-weather|SunnyDay|[upkeep]\n|upkeep\n|turn|5\n|inactive|aadrisntggggg has 30 seconds left.\n|inactive|Bananin4 has 30 seconds left.\n|inactive|aadrisntggggg has 20 seconds left.\n|inactive|aadrisntggggg has 15 seconds left.\n|inactive|aadrisntggggg has 10 seconds left.\n|inactive|aadrisntggggg has 5 seconds left.\n|\n|t:|1788451911\n|switch|p1b: Archaludon|Archaludon, L50, F|100/100\n|move|p1a: Charizard|Protect|p1a: Charizard\n|-singleturn|p1a: Charizard|Protect\n|move|p2a: Incineroar|Fake Out|p1b: Archaludon\n|-resisted|p1b: Archaludon|1\n|-damage|p1b: Archaludon|96/100\n|-ability|p1b: Archaludon|Stamina|boost\n|-boost|p1b: Archaludon|def|1\n|move|p2b: Blastoise|Dark Pulse|p1a: Charizard\n|-activate|p1a: Charizard|move: Protect\n|\n|-weather|none\n|-heal|p1b: Archaludon|100/100|[from] item: Leftovers\n|upkeep\n|turn|6\n|inactive|Bananin4 has 30 seconds left.\n|\n|t:|1788451942\n|switch|p1a: Grimmsnarl|Grimmsnarl, L50, M|100/100\n|move|p2b: Blastoise|Protect|p2b: Blastoise\n|-singleturn|p2b: Blastoise|Protect\n|move|p1b: Archaludon|Dragon Pulse|p2b: Blastoise\n|-activate|p2b: Blastoise|move: Protect\n|move|p2a: Incineroar|Parting Shot|p1b: Archaludon\n|-unboost|p1b: Archaludon|atk|1\n|-unboost|p1b: Archaludon|spa|1\n|\n|t:|1788451954\n|switch|p2a: Sinistcha|Sinistcha, L50|100/100|[from] Parting Shot\n|-heal|p2b: Blastoise|31/100|[from] ability: Hospitality|[of] p2a: Sinistcha\n|\n|upkeep\n|turn|7\n|inactive|aadrisntggggg has 30 seconds left.\n|inactive|Bananin4 has 30 seconds left.\n|inactive|Bananin4 has 20 seconds left.\n|\n|t:|1788451990\n|move|p2a: Sinistcha|Rage Powder|p2a: Sinistcha\n|-singleturn|p2a: Sinistcha|move: Rage Powder\n|move|p1a: Grimmsnarl|Light Screen|p1a: Grimmsnarl\n|-sidestart|p1: aadrisntggggg|move: Light Screen\n|move|p2b: Blastoise|Shell Smash|p2b: Blastoise\n|-unboost|p2b: Blastoise|def|1\n|-unboost|p2b: Blastoise|spd|1\n|-boost|p2b: Blastoise|atk|2\n|-boost|p2b: Blastoise|spa|2\n|-boost|p2b: Blastoise|spe|2\n|move|p1b: Archaludon|Dragon Pulse|p2a: Sinistcha\n|-damage|p2a: Sinistcha|76/100\n|\n|upkeep\n|turn|8\n|inactive|aadrisntggggg has 30 seconds left.\n|inactive|Bananin4 has 30 seconds left.\n|\n|t:|1788452018\n|switch|p2a: Sneasler|Sneasler, L50, F|6/100\n|move|p2b: Blastoise|Protect|p2b: Blastoise\n|-singleturn|p2b: Blastoise|Protect\n|move|p1b: Archaludon|Dragon Pulse|p2a: Sneasler\n|-damage|p2a: Sneasler|0 fnt\n|faint|p2a: Sneasler\n|move|p1a: Grimmsnarl|Spirit Break|p2b: Blastoise\n|-activate|p2b: Blastoise|move: Protect\n|\n|upkeep\n|\n|t:|1788452028\n|switch|p2a: Sinistcha|Sinistcha, L50|76/100\n|-heal|p2b: Blastoise|56/100|[from] ability: Hospitality|[of] p2a: Sinistcha\n|turn|9\n|\n|t:|1788452046\n|move|p2a: Sinistcha|Rage Powder|p2a: Sinistcha\n|-singleturn|p2a: Sinistcha|move: Rage Powder\n|move|p1a: Grimmsnarl|Parting Shot|p2a: Sinistcha\n|-unboost|p2a: Sinistcha|atk|1\n|-unboost|p2a: Sinistcha|spa|1\n|\n|t:|1788452057\n|switch|p1a: Charizard|Charizard-Mega-Y, L50, M|25/100|[from] Parting Shot\n|-weather|SunnyDay|[from] ability: Drought|[of] p1a: Charizard\n|move|p2b: Blastoise|Shell Smash|p2b: Blastoise\n|-unboost|p2b: Blastoise|def|1\n|-unboost|p2b: Blastoise|spd|1\n|-boost|p2b: Blastoise|atk|2\n|-boost|p2b: Blastoise|spa|2\n|-boost|p2b: Blastoise|spe|2\n|move|p1b: Archaludon|Dragon Pulse|p2a: Sinistcha\n|-damage|p2a: Sinistcha|50/100g\n|\n|-weather|SunnyDay|[upkeep]\n|upkeep\n|turn|10\n|inactive|Bananin4 has 30 seconds left.\n|inactive|Bananin4 has 20 seconds left.\n|\n|t:|1788452096\n|switch|p2a: Incineroar|Incineroar, L50, M, shiny|86/100\n|-ability|p2a: Incineroar|Intimidate|boost\n|-unboost|p1a: Charizard|atk|1\n|-unboost|p1b: Archaludon|atk|1\n|move|p2b: Blastoise|Protect|p2b: Blastoise\n|-singleturn|p2b: Blastoise|Protect\n|move|p1a: Charizard|Heat Wave|p2b: Blastoise|[spread] p2a\n|-activate|p2b: Blastoise|move: Protect\n|-resisted|p2a: Incineroar|1\n|-damage|p2a: Incineroar|61/100\n|move|p1b: Archaludon|Dragon Pulse|p2a: Incineroar\n|-damage|p2a: Incineroar|41/100\n|-enditem|p2a: Incineroar|Sitrus Berry|[eat]\n|-heal|p2a: Incineroar|66/100|[from] item: Sitrus Berry\n|\n|-weather|SunnyDay|[upkeep]\n|upkeep\n|turn|11\n|inactive|Bananin4 has 30 seconds left.\n|inactive|Bananin4 has 20 seconds left.\n|\n|t:|1788452135\n|move|p2a: Incineroar|Fake Out|p1a: Charizard\n|-damage|p1a: Charizard|14/100\n|move|p2b: Blastoise|Dark Pulse|p1b: Archaludon\n|-damage|p1b: Archaludon|0 fnt\n|faint|p1b: Archaludon\n|cant|p1a: Charizard|flinch\n|\n|-weather|SunnyDay|[upkeep]\n|upkeep\n|-message|aadrisntggggg forfeited.\n|\n|win|Bananin4\n|raw|aadrisntggggg's rating: 1071 &rarr; <strong>1057</strong><br />(-14 for losing)\n|raw|Bananin4's rating: 1187 &rarr; <strong>1204</strong><br />(+17 for winning)\n","uploadtime":1788452142,"views":"4","formatid":"gen9championsvgc2026regmbbo3","rating":1057,"private":0,"password":null}