{"id":"gen9championsvgc2026regmb-2674263075","format":"[Gen 9 Champions] VGC 2026 Reg M-B","players":["HospitalityCheck","Thornlace48812"],"log":"|j|☆HospitalityCheck\n|j|☆Thornlace48812\n|t:|1788326244\n|gametype|doubles\n|player|p1|HospitalityCheck|2|1098\n|player|p2|Thornlace48812|1|1072\n|gen|9\n|tier|[Gen 9 Champions] VGC 2026 Reg M-B\n|rated|\n|rule|Species Clause: Limit one of each Pokémon\n|rule|Item Clause: Limit 1 of each item\n|clearpoke\n|poke|p1|Metagross, L50|\n|poke|p1|Incineroar, L50, M|\n|poke|p1|Sinistcha, L50|\n|poke|p1|Whimsicott, L50, F|\n|poke|p1|Garchomp, L50, M|\n|poke|p1|Kingambit, L50, M|\n|poke|p2|Garchomp, L50, M|\n|poke|p2|Charizard, L50, M|\n|poke|p2|Whimsicott, L50, M|\n|poke|p2|Sylveon, L50, F|\n|poke|p2|Kingambit, L50, F|\n|poke|p2|Basculegion, L50, M|\n|teampreview|4\n|inactive|Battle timer is ON: inactive players will automatically lose when time's up. (requested by HospitalityCheck)\n|inactive|Thornlace48812 also wants the timer to be on.\nHospitalityCheck has agreed to open team sheets.\nThornlace48812 rejected open team sheets.\n|\n|t:|1788326247\n|teamsize|p1|4\n|teamsize|p2|4\n|start\n|switch|p1a: Metagross|Metagross, L50|100/100\n|switch|p1b: Incineroar|Incineroar, L50, M|100/100\n|switch|p2a: Charizard|Charizard, L50, M|100/100\n|switch|p2b: Sylveon|Sylveon, L50, F|100/100\n|-ability|p1b: Incineroar|Intimidate|boost\n|-unboost|p2a: Charizard|atk|1\n|-unboost|p2b: Sylveon|atk|1\n|turn|1\n|\n|t:|1788326249\n|detailschange|p2a: Charizard|Charizard-Mega-Y, L50, M\n|-mega|p2a: Charizard|Charizard|Charizardite Y\n|-weather|SunnyDay|[from] ability: Drought|[of] p2a: Charizard\n|detailschange|p1a: Metagross|Metagross-Mega, L50\n|-mega|p1a: Metagross|Metagross|Metagrossite\n|move|p2a: Charizard|Protect|p2a: Charizard\n|-singleturn|p2a: Charizard|Protect\n|move|p1b: Incineroar|Fake Out|p2a: Charizard\n|-activate|p2a: Charizard|move: Protect\n|move|p1a: Metagross|Iron Head|p2b: Sylveon\n|-supereffective|p2b: Sylveon|1\n|-damage|p2b: Sylveon|0 fnt\n|faint|p2b: Sylveon\n|\n|-weather|SunnyDay|[upkeep]\n|upkeep\n|\n|t:|1788326249\n|switch|p2b: Basculegion|Basculegion, L50, M|100/100\n|turn|2\n|\n|t:|1788326250\n|move|p1a: Metagross|Protect|p1a: Metagross\n|-singleturn|p1a: Metagross|Protect\n|move|p2a: Charizard|Heat Wave|p1a: Metagross|[spread] \n|-activate|p1a: Metagross|move: Protect\n|-miss|p2a: Charizard|p1b: Incineroar\n|move|p2b: Basculegion|Last Respects|p1a: Metagross\n|-activate|p1a: Metagross|move: Protect\n|move|p1b: Incineroar|Throat Chop|p2b: Basculegion\n|-supereffective|p2b: Basculegion|1\n|-crit|p2b: Basculegion\n|-damage|p2b: Basculegion|1/100\n|-start|p2b: Basculegion|Throat Chop|[silent]\n|\n|-weather|SunnyDay|[upkeep]\n|upkeep\n|turn|3\n|\n|t:|1788326251\n|switch|p1a: Garchomp|Garchomp, L50, M|100/100\n|move|p2b: Basculegion|Protect|p2b: Basculegion\n|-singleturn|p2b: Basculegion|Protect\n|move|p2a: Charizard|Heat Wave|p1a: Garchomp|[spread] p1a,p1b\n|-resisted|p1a: Garchomp|1\n|-resisted|p1b: Incineroar|1\n|-damage|p1a: Garchomp|63/100\n|-damage|p1b: Incineroar|73/100\n|move|p1b: Incineroar|Flare Blitz|p2b: Basculegion\n|-activate|p2b: Basculegion|move: Protect\n|\n|-weather|SunnyDay|[upkeep]\n|-end|p2b: Basculegion|Throat Chop|[silent]\n|upkeep\n|turn|4\n|\n|t:|1788326252\n|switch|p1b: Metagross|Metagross-Mega, L50|100/100\n|move|p1a: Garchomp|Rock Slide|p2a: Charizard|[spread] p2b\n|-miss|p1a: Garchomp|p2a: Charizard\n|-damage|p2b: Basculegion|0 fnt\n|faint|p2b: Basculegion\n|-damage|p1a: Garchomp|53/100|[from] item: Life Orb\n|move|p2a: Charizard|Heat Wave|p1a: Garchomp|[spread] p1a,p1b\n|-resisted|p1a: Garchomp|1\n|-supereffective|p1b: Metagross|1\n|-damage|p1a: Garchomp|14/100\n|-damage|p1b: Metagross|0 fnt\n|-status|p1a: Garchomp|brn\n|faint|p1b: Metagross\n|\n|-weather|SunnyDay|[upkeep]\n|-damage|p1a: Garchomp|8/100 brn|[from] brn\n|upkeep\n|\n|t:|1788326253\n|switch|p1b: Whimsicott|Whimsicott, L50, F|100/100\n|switch|p2b: Kingambit|Kingambit, L50, F|100/100\n|-activate|p2b: Kingambit|ability: Supreme Overlord\n|-start|p2b: Kingambit|fallen2|[silent]\n|turn|5\n|\n|t:|1788326254\n|switch|p1b: Incineroar|Incineroar, L50, M|73/100\n|-ability|p1b: Incineroar|Intimidate|boost\n|-unboost|p2a: Charizard|atk|1\n|-unboost|p2b: Kingambit|atk|1\n|move|p2a: Charizard|Protect|p2a: Charizard\n|-singleturn|p2a: Charizard|Protect\n|move|p1a: Garchomp|Rock Slide|p2b: Kingambit|[spread] p2b\n|-activate|p2a: Charizard|move: Protect\n|-resisted|p2b: Kingambit|1\n|-damage|p2b: Kingambit|94/100\n|-damage|p1a: Garchomp|0 fnt|[from] item: Life Orb\n|faint|p1a: Garchomp\n|cant|p2b: Kingambit|flinch\n|\n|-weather|none\n|upkeep\n|\n|t:|1788326255\n|switch|p1a: Whimsicott|Whimsicott, L50, F|100/100\n|turn|6\n|\n|t:|1788326256\n|move|p1a: Whimsicott|Encore|p2a: Charizard\n|-start|p2a: Charizard|Encore\n|move|p2a: Charizard|Protect||[still]\n|-fail|p2a: Charizard\n|move|p2b: Kingambit|Low Kick|p1b: Incineroar\n|-supereffective|p1b: Incineroar|1\n|-damage|p1b: Incineroar|30/100\n|-enditem|p1b: Incineroar|Sitrus Berry|[eat]\n|-heal|p1b: Incineroar|54/100|[from] item: Sitrus Berry\n|move|p1b: Incineroar|Flare Blitz|p2b: Kingambit\n|-supereffective|p2b: Kingambit|1\n|-damage|p2b: Kingambit|10/100\n|-damage|p1b: Incineroar|30/100|[from] Recoil\n|\n|upkeep\n|turn|7\n|\n|t:|1788326258\n|move|p2a: Charizard|Protect|p2a: Charizard\n|-singleturn|p2a: Charizard|Protect\n|move|p1a: Whimsicott|Moonblast|p2b: Kingambit\n|-damage|p2b: Kingambit|0 fnt\n|faint|p2b: Kingambit\n|-end|p2b: Kingambit|fallen2|[silent]\n|move|p1b: Incineroar|Throat Chop|p2a: Charizard\n|-activate|p2a: Charizard|move: Protect\n|\n|upkeep\n|turn|8\n|\n|t:|1788326260\n|move|p2a: Charizard|Protect||[still]\n|-fail|p2a: Charizard\n|move|p1a: Whimsicott|Encore||[still]\n|-fail|p1a: Whimsicott\n|move|p1b: Incineroar|Throat Chop|p2a: Charizard\n|-damage|p2a: Charizard|61/100\n|-start|p2a: Charizard|Throat Chop|[silent]\n|\n|-end|p2a: Charizard|Encore\n|upkeep\n|turn|9\n|\n|t:|1788326261\n|move|p1a: Whimsicott|Encore|p2a: Charizard\n|-start|p2a: Charizard|Encore\n|move|p2a: Charizard|Protect|p2a: Charizard\n|-singleturn|p2a: Charizard|Protect\n|move|p1b: Incineroar|Flare Blitz|p2a: Charizard\n|-activate|p2a: Charizard|move: Protect\n|\n|-end|p2a: Charizard|Throat Chop|[silent]\n|upkeep\n|turn|10\n|\n|t:|1788326263\n|move|p2a: Charizard|Protect||[still]\n|-fail|p2a: Charizard\n|move|p1a: Whimsicott|Moonblast|p2a: Charizard\n|-resisted|p2a: Charizard|1\n|-damage|p2a: Charizard|44/100\n|-unboost|p2a: Charizard|spa|1\n|move|p1b: Incineroar|Flare Blitz|p2a: Charizard\n|-resisted|p2a: Charizard|1\n|-damage|p2a: Charizard|17/100\n|-damage|p1b: Incineroar|23/100|[from] Recoil\n|\n|upkeep\n|turn|11\n|\n|t:|1788326263\n|move|p2a: Charizard|Protect|p2a: Charizard\n|-singleturn|p2a: Charizard|Protect\n|move|p1a: Whimsicott|Moonblast|p2a: Charizard\n|-activate|p2a: Charizard|move: Protect\n|move|p1b: Incineroar|Flare Blitz|p2a: Charizard\n|-activate|p2a: Charizard|move: Protect\n|\n|-end|p2a: Charizard|Encore\n|upkeep\n|turn|12\n|\n|t:|1788326264\n|move|p1a: Whimsicott|Encore||[still]\n|-fail|p1a: Whimsicott\n|move|p2a: Charizard|Heat Wave|p1b: Incineroar|[spread] p1a\n|-miss|p2a: Charizard|p1b: Incineroar\n|-supereffective|p1a: Whimsicott|1\n|-damage|p1a: Whimsicott|6/100\n|move|p1b: Incineroar|Flare Blitz|p2a: Charizard\n|-resisted|p2a: Charizard|1\n|-damage|p2a: Charizard|0 fnt\n|faint|p2a: Charizard\n|-damage|p1b: Incineroar|18/100|[from] Recoil\n|\n|win|HospitalityCheck\n|raw|HospitalityCheck's rating: 1098 &rarr; <strong>1120</strong><br />(+22 for winning)\n|raw|Thornlace48812's rating: 1058 &rarr; <strong>1041</strong><br />(-17 for losing)\n|l|☆HospitalityCheck\n|player|p1|\n","uploadtime":1788326265,"views":"0","formatid":"gen9championsvgc2026regmb","rating":1041,"private":0,"password":null}