{"id":"gen9championsvgc2026regmb-2674648356","format":"[Gen 9 Champions] VGC 2026 Reg M-B","players":["Dizzy Kiske","Sethwell"],"log":"|j|☆Dizzy Kiske\n|j|☆Sethwell\n|t:|1788384868\n|gametype|doubles\n|player|p1|Dizzy Kiske|jasmine-masters|1542\n|player|p2|Sethwell|blue|1524\n|gen|9\n|tier|[Gen 9 Champions] VGC 2026 Reg M-B\n|rated|\n|rule|Species Clause: Limit one of each Pokémon\n|rule|Item Clause: Limit 1 of each item\n|clearpoke\n|poke|p1|Metagross, L50, shiny|\n|poke|p1|Kleavor, L50, F|\n|poke|p1|Whimsicott, L50, M, shiny|\n|poke|p1|Kingambit, L50, F|\n|poke|p1|Raichu, L50, F|\n|poke|p1|Basculegion, L50, M|\n|poke|p2|Sneasler, L50, M|\n|poke|p2|Sinistcha, L50|\n|poke|p2|Kingambit, L50, F|\n|poke|p2|Blastoise, L50, M|\n|poke|p2|Delphox, L50, F|\n|poke|p2|Incineroar, L50, M|\n|teampreview|4\n|inactive|Battle timer is ON: inactive players will automatically lose when time's up. (requested by Sethwell)\n|inactive|Dizzy Kiske has 60 seconds left.\n|inactive|Sethwell has 60 seconds left.\n|\n|t:|1788384902\n|teamsize|p1|4\n|teamsize|p2|4\n|start\n|switch|p1a: Raichu|Raichu, L50, F|100/100\n|switch|p1b: Kleavor|Kleavor, L50, F|100/100\n|switch|p2a: Sneasler|Sneasler, L50, M|100/100\n|switch|p2b: Blastoise|Blastoise, L50, M|100/100\n|turn|1\n|\n|t:|1788384920\n|detailschange|p1a: Raichu|Raichu-Mega-Y, L50, F\n|-mega|p1a: Raichu|Raichu|Raichunite Y\n|detailschange|p2b: Blastoise|Blastoise-Mega, L50, M\n|-mega|p2b: Blastoise|Blastoise|Blastoisinite\n|move|p1a: Raichu|Fake Out|p2b: Blastoise\n|-damage|p2b: Blastoise|92/100\n|move|p2a: Sneasler|Fake Out|p1a: Raichu\n|-damage|p1a: Raichu|80/100\n|move|p1b: Kleavor|Stone Axe|p2b: Blastoise\n|-damage|p2b: Blastoise|39/100\n|-sidestart|p2: Sethwell|move: Stealth Rock\n|cant|p2b: Blastoise|flinch\n|\n|upkeep\n|turn|2\n|\n|t:|1788384944\n|move|p2b: Blastoise|Protect|p2b: Blastoise\n|-singleturn|p2b: Blastoise|Protect\n|move|p1a: Raichu|Zap Cannon|p2a: Sneasler\n|-damage|p2a: Sneasler|12/100\n|-status|p2a: Sneasler|par\n|move|p1b: Kleavor|X-Scissor|p2a: Sneasler\n|-resisted|p2a: Sneasler|2\n|-damage|p2a: Sneasler|0 fnt\n|faint|p2a: Sneasler\n|\n|upkeep\n|\n|t:|1788384953\n|switch|p2a: Sinistcha|Sinistcha, L50|100/100\n|-damage|p2a: Sinistcha|87/100|[from] Stealth Rock\n|-heal|p2b: Blastoise|64/100|[from] ability: Hospitality|[of] p2a: Sinistcha\n|turn|3\n|\n|t:|1788384963\n|move|p2a: Sinistcha|Rage Powder|p2a: Sinistcha\n|-singleturn|p2a: Sinistcha|move: Rage Powder\n|move|p1a: Raichu|Zap Cannon|p2a: Sinistcha\n|-resisted|p2a: Sinistcha|1\n|-damage|p2a: Sinistcha|57/100\n|-status|p2a: Sinistcha|par\n|move|p1b: Kleavor|X-Scissor|p2a: Sinistcha\n|-damage|p2a: Sinistcha|1/100 par\n|move|p2b: Blastoise|Shell Smash|p2b: Blastoise\n|-unboost|p2b: Blastoise|def|1\n|-unboost|p2b: Blastoise|spd|1\n|-boost|p2b: Blastoise|atk|2\n|-boost|p2b: Blastoise|spa|2\n|-boost|p2b: Blastoise|spe|2\n|\n|upkeep\n|turn|4\n|\n|t:|1788384983\n|switch|p2a: Kingambit|Kingambit, L50, F|100/100\n|-damage|p2a: Kingambit|94/100|[from] Stealth Rock\n|move|p2b: Blastoise|Protect|p2b: Blastoise\n|-singleturn|p2b: Blastoise|Protect\n|move|p1a: Raichu|Protect|p1a: Raichu\n|-singleturn|p1a: Raichu|Protect\n|move|p1b: Kleavor|X-Scissor|p2b: Blastoise\n|-activate|p2b: Blastoise|move: Protect\n|\n|upkeep\n|turn|5\n|\n|t:|1788384995\n|switch|p1b: Whimsicott|Whimsicott, L50, M, shiny|100/100\n|switch|p2a: Sinistcha|Sinistcha, L50|1/100 par\n|-damage|p2a: Sinistcha|0 fnt|[from] Stealth Rock\n|faint|p2a: Sinistcha\n|move|p2b: Blastoise|Water Spout|p1a: Raichu|[spread] p1a,p1b\n|-resisted|p1b: Whimsicott|1\n|-damage|p1a: Raichu|0 fnt\n|-damage|p1b: Whimsicott|32/100\n|faint|p1a: Raichu\n|\n|upkeep\n|\n|t:|1788385004\n|switch|p1a: Kleavor|Kleavor, L50, F|100/100\n|switch|p2a: Kingambit|Kingambit, L50, F|94/100\n|-damage|p2a: Kingambit|88/100|[from] Stealth Rock\n|turn|6\n|\n|t:|1788385025\n|move|p1b: Whimsicott|Tailwind|p1b: Whimsicott\n|-sidestart|p1: Dizzy Kiske|move: Tailwind\n|move|p1a: Kleavor|X-Scissor|p2b: Blastoise\n|-crit|p2b: Blastoise\n|-damage|p2b: Blastoise|0 fnt\n|faint|p2b: Blastoise\n|move|p2a: Kingambit|Kowtow Cleave|p1b: Whimsicott\n|-resisted|p1b: Whimsicott|1\n|-damage|p1b: Whimsicott|0 fnt\n|faint|p1b: Whimsicott\n|-damage|p2a: Kingambit|78/100|[from] item: Life Orb\n|\n|upkeep\n|\n|t:|1788385029\n|switch|p1b: Basculegion|Basculegion, L50, M|100/100\n|turn|7\n|\n|t:|1788385033\n|move|p1b: Basculegion|Aqua Jet|p2a: Kingambit\n|-damage|p2a: Kingambit|56/100\n|-damage|p1b: Basculegion|90/100|[from] item: Life Orb\n|move|p2a: Kingambit|Sucker Punch||[still]\n|-fail|p2a: Kingambit\n|move|p1a: Kleavor|X-Scissor|p2a: Kingambit\n|-damage|p2a: Kingambit|7/100\n|\n|upkeep\n|turn|8\n|-message|Sethwell forfeited.\n|\n|win|Dizzy Kiske\n|raw|Dizzy Kiske's rating: 1542 &rarr; <strong>1561</strong><br />(+19 for winning)\n|raw|Sethwell's rating: 1524 &rarr; <strong>1505</strong><br />(-19 for losing)\n|l|☆Sethwell\n|player|p2|\n","uploadtime":1788385045,"views":"8","formatid":"gen9championsvgc2026regmb","rating":1505,"private":0,"password":null}