{"id":"gen9championsvgc2026regmb-2674986762","format":"[Gen 9 Champions] VGC 2026 Reg M-B","players":["facu177967","Orizor"],"log":"|j|☆facu177967\n|j|☆Orizor\n|t:|1788445568\n|gametype|doubles\n|player|p1|facu177967|101|1462\n|player|p2|Orizor|hilbert-wonderlauncher|1525\n|gen|9\n|tier|[Gen 9 Champions] VGC 2026 Reg M-B\n|rated|\n|rule|Species Clause: Limit one of each Pokémon\n|rule|Item Clause: Limit 1 of each item\n|clearpoke\n|poke|p1|Kommo-o, L50, F, shiny|\n|poke|p1|Aerodactyl, L50, M, shiny|\n|poke|p1|Basculegion, L50, M|\n|poke|p1|Farigiraf, L50, F|\n|poke|p1|Kingambit, L50, M, shiny|\n|poke|p1|Ninetales-Alola, L50, F, shiny|\n|poke|p2|Charizard, L50, M|\n|poke|p2|Heliolisk, L50, F|\n|poke|p2|Garchomp, L50, M|\n|poke|p2|Kingambit, L50, F|\n|poke|p2|Basculegion, L50, M|\n|poke|p2|Whimsicott, L50, F|\n|teampreview|4\n|inactive|Battle timer is ON: inactive players will automatically lose when time's up. (requested by facu177967)\n|\n|t:|1788445589\n|teamsize|p1|4\n|teamsize|p2|4\n|start\n|switch|p1a: Aerodactyl|Aerodactyl, L50, M, shiny|100/100\n|switch|p1b: Farigiraf|Farigiraf, L50, F|100/100\n|switch|p2a: Charizard|Charizard, L50, M|100/100\n|switch|p2b: Heliolisk|Heliolisk, L50, F|100/100\n|-ability|p1a: Aerodactyl|Unnerve\n|turn|1\n|inactive|Orizor has 30 seconds left.\n|inactive|Orizor has 20 seconds left.\n|\n|t:|1788445626\n|switch|p2a: Basculegion|Basculegion, L50, M|100/100\n|detailschange|p1a: Aerodactyl|Aerodactyl-Mega, L50, M, shiny\n|-mega|p1a: Aerodactyl|Aerodactyl|Aerodactylite\n|move|p2b: Heliolisk|Electroweb|p1a: Aerodactyl|[spread] p1a,p1b\n|-supereffective|p1a: Aerodactyl|1\n|-damage|p1a: Aerodactyl|47/100\n|-damage|p1b: Farigiraf|78/100\n|-unboost|p1a: Aerodactyl|spe|1\n|-unboost|p1b: Farigiraf|spe|1\n|move|p1a: Aerodactyl|Rock Slide|p2b: Heliolisk|[spread] p2a,p2b\n|-damage|p2a: Basculegion|64/100\n|-damage|p2b: Heliolisk|38/100\n|move|p1b: Farigiraf|Twin Beam|p2b: Heliolisk\n|-damage|p2b: Heliolisk|14/100\n|-damage|p2b: Heliolisk|0 fnt\n|faint|p2b: Heliolisk\n|-hitcount|p2: Heliolisk|2\n|\n|upkeep\n|\n|t:|1788445644\n|switch|p2b: Charizard|Charizard, L50, M|100/100\n|turn|2\n|\n|t:|1788445658\n|switch|p1a: Kommo-o|Kommo-o, L50, F, shiny|100/100\n|detailschange|p2b: Charizard|Charizard-Mega-Y, L50, M\n|-mega|p2b: Charizard|Charizard|Charizardite Y\n|-weather|SunnyDay|[from] ability: Drought|[of] p2b: Charizard\n|move|p2b: Charizard|Solar Beam||[still]\n|-prepare|p2b: Charizard|Solar Beam\n|-anim|p2b: Charizard|Solar Beam|p1a: Kommo-o\n|-resisted|p1a: Kommo-o|1\n|-damage|p1a: Kommo-o|76/100\n|move|p2a: Basculegion|Wave Crash|p1b: Farigiraf\n|-damage|p1b: Farigiraf|40/100\n|-damage|p2a: Basculegion|50/100g|[from] Recoil\n|move|p1b: Farigiraf|Thunderbolt|p2b: Charizard\n|-supereffective|p2b: Charizard|1\n|-damage|p2b: Charizard|50/100g\n|\n|-weather|SunnyDay|[upkeep]\n|upkeep\n|turn|3\n|\n|t:|1788445678\n|switch|p1b: Ninetales|Ninetales-Alola, L50, F, shiny|100/100\n|-weather|Snowscape|[from] ability: Snow Warning|[of] p1b: Ninetales\n|move|p2b: Charizard|Heat Wave|p1b: Ninetales|[spread] p1a,p1b\n|-resisted|p1a: Kommo-o|1\n|-supereffective|p1b: Ninetales|1\n|-damage|p1a: Kommo-o|55/100\n|-damage|p1b: Ninetales|5/100\n|-status|p1a: Kommo-o|brn\n|move|p2a: Basculegion|Last Respects|p1a: Kommo-o\n|-damage|p1a: Kommo-o|0 fnt\n|faint|p1a: Kommo-o\n|\n|-weather|Snowscape|[upkeep]\n|upkeep\n|\n|t:|1788445694\n|switch|p1a: Aerodactyl|Aerodactyl-Mega, L50, M, shiny|47/100\n|turn|4\n|\n|t:|1788445703\n|switch|p1a: Farigiraf|Farigiraf, L50, F|40/100\n|switch|p2b: Kingambit|Kingambit, L50, F|100/100\n|move|p1b: Ninetales|Freeze-Dry|p2a: Basculegion\n|-supereffective|p2a: Basculegion|1\n|-damage|p2a: Basculegion|0 fnt\n|faint|p2a: Basculegion\n|\n|-weather|Snowscape|[upkeep]\n|upkeep\n|\n|t:|1788445710\n|switch|p2a: Charizard|Charizard-Mega-Y, L50, M|50/100g\n|-weather|SunnyDay|[from] ability: Drought|[of] p2a: Charizard\n|turn|5\n|\n|t:|1788445731\n|move|p1b: Ninetales|Protect|p1b: Ninetales\n|-singleturn|p1b: Ninetales|Protect\n|move|p2a: Charizard|Heat Wave|p1b: Ninetales|[spread] \n|-activate|p1b: Ninetales|move: Protect\n|-miss|p2a: Charizard|p1a: Farigiraf\n|move|p2b: Kingambit|Kowtow Cleave|p1a: Farigiraf\n|-supereffective|p1a: Farigiraf|1\n|-enditem|p1a: Farigiraf|Colbur Berry|[eat]\n|-enditem|p1a: Farigiraf|Colbur Berry|[weaken]\n|-damage|p1a: Farigiraf|1/100\n|move|p1a: Farigiraf|Thunderbolt|p2b: Kingambit\n|-damage|p2b: Kingambit|70/100\n|\n|-weather|SunnyDay|[upkeep]\n|upkeep\n|turn|6\n|\n|t:|1788445751\n|switch|p1b: Aerodactyl|Aerodactyl-Mega, L50, M, shiny|47/100\n|move|p2a: Charizard|Heat Wave|p1a: Farigiraf|[spread] p1a\n|-miss|p2a: Charizard|p1b: Aerodactyl\n|-damage|p1a: Farigiraf|0 fnt\n|faint|p1a: Farigiraf\n|move|p2b: Kingambit|Kowtow Cleave|p1b: Aerodactyl\n|-damage|p1b: Aerodactyl|0 fnt\n|faint|p1b: Aerodactyl\n|\n|-weather|SunnyDay|[upkeep]\n|upkeep\n|\n|t:|1788445757\n|switch|p1a: Ninetales|Ninetales-Alola, L50, F, shiny|5/100\n|-weather|Snowscape|[from] ability: Snow Warning|[of] p1a: Ninetales\n|turn|7\n|\n|t:|1788445763\n|move|p2b: Kingambit|Sucker Punch|p1a: Ninetales\n|-resisted|p1a: Ninetales|1\n|-damage|p1a: Ninetales|0 fnt\n|faint|p1a: Ninetales\n|\n|win|Orizor\n|raw|facu177967's rating: 1462 &rarr; <strong>1446</strong><br />(-16 for losing)\n|raw|Orizor's rating: 1525 &rarr; <strong>1541</strong><br />(+16 for winning)\n|l|☆facu177967\n|player|p1|\n","uploadtime":1788445766,"views":"4","formatid":"gen9championsvgc2026regmb","rating":1446,"private":0,"password":null}