{"id":"gen9championsvgc2026regmbbo3-2673805181","format":"[Gen 9 Champions] VGC 2026 Reg M-B (Bo3)","players":["Mona Asteria","ElectricBlue26"],"log":"|j|‽Mona Asteria\n|j|☆ElectricBlue26\n|html|<table width=\"100%\"><tr><td align=\"left\">Mona Asteria</td><td align=\"right\">ElectricBlue26</tr><tr><td align=\"left\"><i class=\"fa fa-circle-o\"></i> <i class=\"fa fa-circle-o\"></i> </td><td align=\"right\"><i class=\"fa fa-circle-o\"></i> <i class=\"fa fa-circle-o\"></i> </tr></table>\n|uhtml|bestof|<h2><strong>Game 1</strong> of <a href=\"/game-bestof3-gen9championsvgc2026regmbbo3-2673805180\">a best-of-3</a></h2>\n|t:|1788260500\n|gametype|doubles\n|player|p1|Mona Asteria|cynthia|1331\n|player|p2|ElectricBlue26|2|1332\n|gen|9\n|tier|[Gen 9 Champions] VGC 2026 Reg M-B (Bo3)\n|rated|\n|rule|Species Clause: Limit one of each Pokémon\n|rule|Item Clause: Limit 1 of each item\n|clearpoke\n|poke|p1|Dragonite, L50, F|\n|poke|p1|Floette-Eternal, L50, F|\n|poke|p1|Sneasler, L50, M|\n|poke|p1|Kingambit, L50, F|\n|poke|p1|Basculegion, L50, M|\n|poke|p1|Garchomp, L50, M|\n|poke|p2|Gengar, L50, F|\n|poke|p2|Incineroar, L50, F, shiny|\n|poke|p2|Sneasler, L50, M|\n|poke|p2|Garchomp, L50, M|\n|poke|p2|Charizard, L50, F|\n|poke|p2|Dragonite, L50, M|\n|teampreview|4\n|showteam|p1|Dragonite||Dragoninite|InnerFocus|ExtremeSpeed,HeatWave,DragonPulse,Protect|Modest||F|||50|]Floette-Eternal||Floettite|FlowerVeil|Moonblast,DazzlingGleam,LightofRuin,Protect|Timid||F|||50|]Sneasler||FocusSash|PoisonTouch|FakeOut,DireClaw,CloseCombat,Feint|Jolly||M|||50|]Kingambit||ChopleBerry|Defiant|KowtowCleave,SuckerPunch,LowKick,IronHead|Adamant||F|||50|]Basculegion||LifeOrb|Adaptability|WaveCrash,AquaJet,LastRespects,Protect|Adamant||M|||50|]Garchomp||ChoiceScarf|RoughSkin|Earthquake,DragonClaw,RockSlide,StompingTantrum|Adamant||M|||50|\n|showteam|p2|Gengar||Gengarite|CursedBody|Protect,Substitute,SludgeBomb,ShadowBall|Modest||F|||50|]Incineroar||SitrusBerry|Intimidate|FlareBlitz,ThroatChop,PartingShot,FakeOut|Impish||F|||50|]Sneasler||WhiteHerb|Unburden|CloseCombat,DireClaw,FakeOut,Protect|Adamant||M|||50|]Garchomp||ChoiceScarf|RoughSkin|DragonClaw,Earthquake,RockSlide,StompingTantrum|Adamant||M|||50|]Charizard||CharizarditeY|Blaze|HeatWave,AncientPower,WeatherBall,Protect|Modest||F|||50|]Dragonite||LifeOrb|InnerFocus|Protect,Superpower,DragonClaw,ExtremeSpeed|Adamant||M|||50|\n|inactive|Battle timer is ON: inactive players will automatically lose when time's up. (requested by ElectricBlue26)\n|inactive|Mona Asteria has 60 seconds left.\n|\n|t:|1788260571\n|teamsize|p1|4\n|teamsize|p2|4\n|start\n|switch|p1a: Garchomp|Garchomp, L50, M|100/100\n|switch|p1b: Sneasler|Sneasler, L50, M|100/100\n|switch|p2a: Sneasler|Sneasler, L50, M|100/100\n|switch|p2b: Charizard|Charizard, L50, F|100/100\n|turn|1\n|inactive|ElectricBlue26 has 30 seconds left.\n|inactive|ElectricBlue26 has 20 seconds left.\n|inactive|ElectricBlue26 has 15 seconds left.\n|inactive|ElectricBlue26 has 10 seconds left.\n|\n|t:|1788260621\n|move|p2a: Sneasler|Protect|p2a: Sneasler\n|-singleturn|p2a: Sneasler|Protect\n|move|p2b: Charizard|Protect|p2b: Charizard\n|-singleturn|p2b: Charizard|Protect\n|move|p1b: Sneasler|Fake Out|p2a: Sneasler\n|-activate|p2a: Sneasler|move: Protect\n|move|p1a: Garchomp|Rock Slide|p2a: Sneasler|[spread] \n|-activate|p2a: Sneasler|move: Protect\n|-activate|p2b: Charizard|move: Protect\n|\n|upkeep\n|turn|2\n|inactive|Mona Asteria has 30 seconds left.\n|\n|t:|1788260650\n|switch|p1a: Basculegion|Basculegion, L50, M|100/100\n|switch|p2b: Incineroar|Incineroar, L50, F, shiny|100/100\n|-ability|p2b: Incineroar|Intimidate|boost\n|-unboost|p1a: Basculegion|atk|1\n|-unboost|p1b: Sneasler|atk|1\n|move|p1b: Sneasler|Dire Claw|p2a: Sneasler\n|-resisted|p2a: Sneasler|1\n|-damage|p2a: Sneasler|83/100\n|move|p2a: Sneasler|Close Combat|p1a: Basculegion\n|-immune|p1a: Basculegion\n|\n|upkeep\n|turn|3\n|inactive|ElectricBlue26 has 30 seconds left.\n|inactive|ElectricBlue26 has 20 seconds left.\n|inactive|ElectricBlue26 has 15 seconds left.\n|inactive|ElectricBlue26 has 10 seconds left.\n|\n|t:|1788260696\n|switch|p1b: Garchomp|Garchomp, L50, M|100/100\n|move|p2a: Sneasler|Dire Claw|p1a: Basculegion\n|-resisted|p1a: Basculegion|1\n|-damage|p1a: Basculegion|75/100\n|move|p1a: Basculegion|Wave Crash|p2a: Sneasler\n|-damage|p2a: Sneasler|0 fnt\n|faint|p2a: Sneasler\n|-damage|p1a: Basculegion|53/100|[from] Recoil\n|-damage|p1a: Basculegion|44/100|[from] item: Life Orb\n|move|p2b: Incineroar|Throat Chop|p1a: Basculegion\n|-supereffective|p1a: Basculegion|1\n|-damage|p1a: Basculegion|0 fnt\n|faint|p1a: Basculegion\n|\n|upkeep\n|inactive|Mona Asteria has 30 seconds left.\n|\n|t:|1788260721\n|switch|p2a: Charizard|Charizard, L50, F|100/100\n|switch|p1a: Sneasler|Sneasler, L50, M|100/100\n|turn|4\n|\n|t:|1788260728\n|move|p2a: Charizard|Protect|p2a: Charizard\n|-singleturn|p2a: Charizard|Protect\n|move|p1a: Sneasler|Feint|p2a: Charizard\n|-activate|p2a: Charizard|move: Feint\n|-damage|p2a: Charizard|89/100\n|move|p1b: Garchomp|Rock Slide|p2b: Incineroar|[spread] p2a,p2b\n|-supereffective|p2a: Charizard|2\n|-supereffective|p2b: Incineroar|1\n|-crit|p2b: Incineroar\n|-damage|p2a: Charizard|12/100\n|-damage|p2b: Incineroar|52/100\n|cant|p2b: Incineroar|flinch\n|\n|upkeep\n|turn|5\n|\n|t:|1788260746\n|detailschange|p2a: Charizard|Charizard-Mega-Y, L50, F\n|-mega|p2a: Charizard|Charizard|Charizardite Y\n|-weather|SunnyDay|[from] ability: Drought|[of] p2a: Charizard\n|move|p1b: Garchomp|Rock Slide|p2a: Charizard|[spread] p2a,p2b\n|-supereffective|p2a: Charizard|2\n|-supereffective|p2b: Incineroar|1\n|-damage|p2a: Charizard|0 fnt\n|-damage|p2b: Incineroar|19/100\n|-enditem|p2b: Incineroar|Sitrus Berry|[eat]\n|-heal|p2b: Incineroar|44/100|[from] item: Sitrus Berry\n|faint|p2a: Charizard\n|move|p1a: Sneasler|Close Combat|p2b: Incineroar\n|-supereffective|p2b: Incineroar|1\n|-damage|p2b: Incineroar|0 fnt\n|-unboost|p1a: Sneasler|def|1\n|-unboost|p1a: Sneasler|spd|1\n|faint|p2b: Incineroar\n|\n|-weather|SunnyDay|[upkeep]\n|upkeep\n|\n|t:|1788260769\n|switch|p2b: Garchomp|Garchomp, L50, M|100/100\n|turn|6\n|\n|t:|1788260777\n|switch|p1b: Floette|Floette-Eternal, L50, F|100/100\n|move|p2b: Garchomp|Earthquake|p1a: Sneasler|[spread] p1a,p1b\n|-supereffective|p1a: Sneasler|1\n|-enditem|p1a: Sneasler|Focus Sash\n|-damage|p1a: Sneasler|1/100\n|-damage|p1b: Floette|35/100\n|move|p1a: Sneasler|Close Combat|p2b: Garchomp\n|-damage|p2b: Garchomp|32/100\n|-unboost|p1a: Sneasler|def|1\n|-unboost|p1a: Sneasler|spd|1\n|-damage|p1a: Sneasler|0 fnt|[from] ability: Rough Skin|[of] p2b: Garchomp\n|-status|p2b: Garchomp|psn|[from] ability: Poison Touch|[of] p1a: Sneasler\n|faint|p1a: Sneasler\n|\n|-weather|SunnyDay|[upkeep]\n|-damage|p2b: Garchomp|20/100y psn|[from] psn\n|upkeep\n|\n|t:|1788260784\n|switch|p1a: Garchomp|Garchomp, L50, M|100/100\n|turn|7\n|\n|t:|1788260795\n|detailschange|p1b: Floette|Floette-Mega, L50, F\n|-mega|p1b: Floette|Floette|Floettite\n|-ability|p1b: Floette|Fairy Aura\n|move|p1b: Floette|Protect|p1b: Floette\n|-singleturn|p1b: Floette|Protect\n|move|p2b: Garchomp|Earthquake|p1b: Floette|[spread] p1a\n|-activate|p1b: Floette|move: Protect\n|-damage|p1a: Garchomp|62/100\n|move|p1a: Garchomp|Dragon Claw|p2b: Garchomp\n|-supereffective|p2b: Garchomp|1\n|-crit|p2b: Garchomp\n|-damage|p2b: Garchomp|0 fnt\n|-damage|p1a: Garchomp|50/100g|[from] ability: Rough Skin|[of] p2b: Garchomp\n|faint|p2b: Garchomp\n|\n|win|Mona Asteria\n","uploadtime":1788260798,"views":"1","formatid":"gen9championsvgc2026regmbbo3","rating":null,"private":0,"password":null}